|j|☆AthenaSux
|j|☆mathismathin
|t:|1757899188
|gametype|singles
|player|p1|AthenaSux|265|1581
|player|p2|mathismathin|hilbert|1589
|gen|9
|tier|[Gen 9] OU
|rated|
|rule|HP Percentage Mod: HP is shown in percentages
|rule|Endless Battle Clause: Forcing endless battles is banned
|rule|Species Clause: Limit one of each Pokémon
|rule|OHKO Clause: OHKO moves are banned
|rule|Evasion Items Clause: Evasion items are banned
|rule|Evasion Moves Clause: Evasion moves are banned
|rule|Evasion Abilities Clause: Evasion abilities are banned
|rule|Sleep Moves Clause: Sleep-inducing moves are banned
|clearpoke
|poke|p1|Gholdengo|
|poke|p1|Kingambit, M|
|poke|p1|Raging Bolt|
|poke|p1|Enamorus, F|
|poke|p1|Iron Moth|
|poke|p1|Araquanid, F|
|poke|p2|Kyurem|
|poke|p2|Great Tusk|
|poke|p2|Dragapult, M|
|poke|p2|Dragonite, M|
|poke|p2|Haxorus, F|
|poke|p2|Galvantula, F|
|teampreview
|inactive|Battle timer is ON: inactive players will automatically lose when time's up. (requested by AthenaSux)
|inactive|mathismathin has 120 seconds left.
|
|t:|1757899244
|teamsize|p1|6
|teamsize|p2|6
|start
|switch|p1a: Araquanid|Araquanid, F|100/100
|switch|p2a: Araclash|Galvantula, F|100/100
|turn|1
|
|t:|1757899246
|move|p2a: Araclash|Sticky Web|p1a: Araquanid
|-sidestart|p1: AthenaSux|move: Sticky Web
|move|p1a: Araquanid|Sticky Web|p2a: Araclash
|-sidestart|p2: mathismathin|move: Sticky Web
|
|upkeep
|turn|2
|
|t:|1757899249
|move|p2a: Araclash|Thunder|p1a: Araquanid
|-supereffective|p1a: Araquanid
|-damage|p1a: Araquanid|28/100
|-status|p1a: Araquanid|par
|move|p1a: Araquanid|Surf|p2a: Araclash
|-damage|p2a: Araclash|5/100
|
|upkeep
|turn|3
|
|t:|1757899265
|move|p1a: Araquanid|Endure|p1a: Araquanid
|-singleturn|p1a: Araquanid|move: Endure
|move|p2a: Araclash|Thunder|p1a: Araquanid|[miss]
|-miss|p2a: Araclash|p1a: Araquanid
|
|upkeep
|turn|4
|
|t:|1757899271
|switch|p1a: Raging Bolt|Raging Bolt|100/100
|-activate|p1a: Raging Bolt|move: Sticky Web
|-unboost|p1a: Raging Bolt|spe|1
|-enditem|p1a: Raging Bolt|Booster Energy
|-activate|p1a: Raging Bolt|ability: Protosynthesis|[fromitem]
|-start|p1a: Raging Bolt|protosynthesisspa
|move|p2a: Araclash|Thunder|p1a: Raging Bolt
|-resisted|p1a: Raging Bolt
|-damage|p1a: Raging Bolt|89/100
|
|upkeep
|turn|5
|inactive|mathismathin has 120 seconds left.
|
|t:|1757899312
|move|p2a: Araclash|Thunder|p1a: Raging Bolt|[miss]
|-miss|p2a: Araclash|p1a: Raging Bolt
|move|p1a: Raging Bolt|Calm Mind|p1a: Raging Bolt
|-boost|p1a: Raging Bolt|spa|1
|-boost|p1a: Raging Bolt|spd|1
|
|upkeep
|turn|6
|
|t:|1757899316
|move|p2a: Araclash|Thunder|p1a: Raging Bolt
|-resisted|p1a: Raging Bolt
|-damage|p1a: Raging Bolt|82/100
|move|p1a: Raging Bolt|Calm Mind|p1a: Raging Bolt
|-boost|p1a: Raging Bolt|spa|1
|-boost|p1a: Raging Bolt|spd|1
|
|upkeep
|turn|7
|inactive|mathismathin has 120 seconds left.
|
|t:|1757899333
|move|p2a: Araclash|Thunder|p1a: Raging Bolt
|-resisted|p1a: Raging Bolt
|-crit|p1a: Raging Bolt
|-damage|p1a: Raging Bolt|64/100
|move|p1a: Raging Bolt|Dragon Pulse|p2a: Araclash
|-damage|p2a: Araclash|0 fnt
|faint|p2a: Araclash
|
|upkeep
|
|t:|1757899337
|switch|p2a: Gargantua|Great Tusk|100/100
|-activate|p2a: Gargantua|move: Sticky Web
|-unboost|p2a: Gargantua|spe|1
|-enditem|p2a: Gargantua|Booster Energy
|-activate|p2a: Gargantua|ability: Protosynthesis|[fromitem]
|-start|p2a: Gargantua|protosynthesisatk
|turn|8
|
|t:|1757899343
|-terastallize|p1a: Raging Bolt|Ghost
|move|p2a: Gargantua|Headlong Rush|p1a: Raging Bolt
|-damage|p1a: Raging Bolt|0 fnt
|-unboost|p2a: Gargantua|def|1
|-unboost|p2a: Gargantua|spd|1
|faint|p1a: Raging Bolt
|-end|p1a: Raging Bolt|Protosynthesis|[silent]
|
|upkeep
|
|t:|1757899349
|switch|p1a: Gholdengo|Gholdengo|100/100
|-item|p1a: Gholdengo|Air Balloon
|turn|9
|inactive|mathismathin has 120 seconds left.
|
|t:|1757899388
|-end|p2a: Gargantua|Protosynthesis|[silent]
|switch|p2a: Seraphim|Dragonite, M, shiny|100/100
|move|p1a: Gholdengo|Make It Rain|p2a: Seraphim
|-damage|p2a: Seraphim|66/100
|-unboost|p1a: Gholdengo|spa|1
|
|upkeep
|turn|10
|
|t:|1757899399
|move|p1a: Gholdengo|Nasty Plot|p1a: Gholdengo
|-boost|p1a: Gholdengo|spa|2
|move|p2a: Seraphim|Dragon Dance|p2a: Seraphim
|-boost|p2a: Seraphim|atk|1
|-boost|p2a: Seraphim|spe|1
|
|upkeep
|turn|11
|
|t:|1757899409
|-terastallize|p2a: Seraphim|Fire
|move|p2a: Seraphim|Fire Punch|p1a: Gholdengo
|-supereffective|p1a: Gholdengo
|-damage|p1a: Gholdengo|0 fnt
|-enditem|p1a: Gholdengo|Air Balloon
|faint|p1a: Gholdengo
|
|upkeep
|-message|AthenaSux forfeited.
|
|win|mathismathin
|raw|AthenaSux's rating: 1581 &rarr; <strong>1561</strong><br />(-20 for losing)
|raw|mathismathin's rating: 1573 &rarr; <strong>1593</strong><br />(+20 for winning)
|l|☆AthenaSux
|player|p1|
|l|☆mathismathin
|player|p2|
