|j|☆a hyperpop luver!!
|j|☆Ardorinnn
|t:|1757868229
|gametype|singles
|player|p1|a hyperpop luver!!|roxie|1147
|player|p2|Ardorinnn|roxie|1130
|gen|9
|tier|[Gen 9] OU
|rated|
|rule|HP Percentage Mod: HP is shown in percentages
|rule|Endless Battle Clause: Forcing endless battles is banned
|rule|Species Clause: Limit one of each Pokémon
|rule|OHKO Clause: OHKO moves are banned
|rule|Evasion Items Clause: Evasion items are banned
|rule|Evasion Moves Clause: Evasion moves are banned
|rule|Evasion Abilities Clause: Evasion abilities are banned
|rule|Sleep Moves Clause: Sleep-inducing moves are banned
|clearpoke
|poke|p1|Alomomola, M|
|poke|p1|Hatterene, F|
|poke|p1|Araquanid, M|
|poke|p1|Pelipper, M|
|poke|p1|Barraskewda, F|
|poke|p1|Raging Bolt|
|poke|p2|Grimmsnarl, M|
|poke|p2|Sceptile, M|
|poke|p2|Raikou|
|poke|p2|Scizor, M|
|poke|p2|Ceruledge, M|
|poke|p2|Garchomp, M|
|teampreview
|
|t:|1757868238
|teamsize|p1|6
|teamsize|p2|6
|start
|switch|p1a: Fizzy-Vimto|Alomomola, M, shiny|100/100
|switch|p2a: Sceptile|Sceptile, M, shiny|100/100
|turn|1
|
|t:|1757868247
|move|p2a: Sceptile|Leaf Storm|p1a: Fizzy-Vimto|[miss]
|-miss|p2a: Sceptile|p1a: Fizzy-Vimto
|move|p1a: Fizzy-Vimto|Flip Turn|p2a: Sceptile
|-resisted|p2a: Sceptile
|-damage|p2a: Sceptile|86/100
|
|t:|1757868253
|switch|p1a: Moutain-Dew|Pelipper, M, shiny|100/100|[from] Flip Turn
|-weather|RainDance|[from] ability: Drizzle|[of] p1a: Moutain-Dew
|
|-weather|RainDance|[upkeep]
|upkeep
|turn|2
|
|t:|1757868264
|move|p2a: Sceptile|Giga Drain|p1a: Moutain-Dew
|-damage|p1a: Moutain-Dew|53/100
|-heal|p2a: Sceptile|100/100|[from] drain|[of] p1a: Moutain-Dew
|move|p1a: Moutain-Dew|Tailwind|p1a: Moutain-Dew
|-sidestart|p1: a hyperpop luver!!|move: Tailwind
|
|-weather|RainDance|[upkeep]
|upkeep
|turn|3
|
|t:|1757868271
|move|p2a: Sceptile|Giga Drain|p1a: Moutain-Dew
|-damage|p1a: Moutain-Dew|6/100
|move|p1a: Moutain-Dew|Hurricane|p2a: Sceptile
|-supereffective|p2a: Sceptile
|-damage|p2a: Sceptile|0 fnt
|faint|p2a: Sceptile
|
|-weather|RainDance|[upkeep]
|upkeep
|
|t:|1757868278
|switch|p2a: Scizor|Scizor, M|100/100
|turn|4
|
|t:|1757868294
|switch|p1a: LEAN|Barraskewda, F, shiny|100/100
|move|p2a: Scizor|Knock Off|p1a: LEAN
|-damage|p1a: LEAN|0 fnt
|-enditem|p1a: LEAN|Choice Band|[from] move: Knock Off|[of] p2a: Scizor
|faint|p1a: LEAN
|
|-weather|RainDance|[upkeep]
|upkeep
|
|t:|1757868301
|switch|p1a: Moutain-Dew|Pelipper, M, shiny|6/100
|turn|5
|
|t:|1757868310
|move|p1a: Moutain-Dew|Hurricane|p2a: Scizor
|-damage|p2a: Scizor|38/100
|-start|p2a: Scizor|confusion
|-activate|p2a: Scizor|confusion
|move|p2a: Scizor|Knock Off|p1a: Moutain-Dew
|-damage|p1a: Moutain-Dew|0 fnt
|-enditem|p1a: Moutain-Dew|Damp Rock|[from] move: Knock Off|[of] p2a: Scizor
|faint|p1a: Moutain-Dew
|
|-weather|RainDance|[upkeep]
|-sideend|p1: a hyperpop luver!!|move: Tailwind
|upkeep
|
|t:|1757868320
|switch|p1a: Fanta|Raging Bolt|100/100
|turn|6
|
|t:|1757868328
|move|p1a: Fanta|Thunderclap|p2a: Scizor
|-damage|p2a: Scizor|0 fnt
|faint|p2a: Scizor
|
|-weather|RainDance|[upkeep]
|upkeep
|
|t:|1757868339
|switch|p2a: Grimmsnarl|Grimmsnarl, M|100/100
|turn|7
|
|t:|1757868346
|move|p2a: Grimmsnarl|Light Screen|p2a: Grimmsnarl
|-sidestart|p2: Ardorinnn|move: Light Screen
|move|p1a: Fanta|Thunder|p2a: Grimmsnarl
|-damage|p2a: Grimmsnarl|80/100
|
|-weather|RainDance|[upkeep]
|upkeep
|turn|8
|
|t:|1757868356
|move|p2a: Grimmsnarl|Parting Shot|p1a: Fanta
|-unboost|p1a: Fanta|atk|1
|-unboost|p1a: Fanta|spa|1
|
|t:|1757868362
|switch|p2a: Raikou|Raikou|100/100|[from] Parting Shot
|move|p1a: Fanta|Thunder|p2a: Raikou
|-resisted|p2a: Raikou
|-damage|p2a: Raikou|90/100
|
|-weather|none
|upkeep
|turn|9
|
|t:|1757868376
|-end|p1a: Fanta|Protosynthesis|[silent]
|switch|p1a: Cream-Soda|Hatterene, F, shiny|100/100
|move|p2a: Raikou|Volt Switch|p1a: Cream-Soda
|-damage|p1a: Cream-Soda|74/100
|
|t:|1757868381
|switch|p2a: Garchomp|Garchomp, M|100/100|[from] Volt Switch
|
|upkeep
|turn|10
|
|t:|1757868391
|move|p2a: Garchomp|Swords Dance|p2a: Garchomp
|-boost|p2a: Garchomp|atk|2
|move|p1a: Cream-Soda|Reflect|p1a: Cream-Soda
|-sidestart|p1: a hyperpop luver!!|Reflect
|
|upkeep
|turn|11
|
|t:|1757868402
|move|p2a: Garchomp|Earthquake|p1a: Cream-Soda
|-damage|p1a: Cream-Soda|0 fnt
|faint|p1a: Cream-Soda
|-damage|p2a: Garchomp|91/100|[from] item: Life Orb
|
|upkeep
|
|t:|1757868410
|switch|p1a: Cherry-Pepsi-Max|Araquanid, M, shiny|100/100
|turn|12
|
|t:|1757868416
|move|p2a: Garchomp|Dragon Claw|p1a: Cherry-Pepsi-Max
|-damage|p1a: Cherry-Pepsi-Max|48/100
|-damage|p2a: Garchomp|81/100|[from] item: Life Orb
|move|p1a: Cherry-Pepsi-Max|Sticky Web|p2a: Garchomp
|-sidestart|p2: Ardorinnn|move: Sticky Web
|
|upkeep
|turn|13
|
|t:|1757868424
|move|p1a: Cherry-Pepsi-Max|Endure|p1a: Cherry-Pepsi-Max
|-singleturn|p1a: Cherry-Pepsi-Max|move: Endure
|move|p2a: Garchomp|Dragon Claw|p1a: Cherry-Pepsi-Max
|-activate|p1a: Cherry-Pepsi-Max|move: Endure
|-damage|p1a: Cherry-Pepsi-Max|1/100
|-damage|p2a: Garchomp|71/100|[from] item: Life Orb
|
|upkeep
|turn|14
|-enditem|p1a: Cherry-Pepsi-Max|Custap Berry|[eat]
|-activate|p1a: Cherry-Pepsi-Max|item: Custap Berry|[consumed]
|
|t:|1757868432
|move|p1a: Cherry-Pepsi-Max|Endeavor|p2a: Garchomp
|-damage|p2a: Garchomp|1/100
|-damage|p1a: Cherry-Pepsi-Max|0 fnt|[from] ability: Rough Skin|[of] p2a: Garchomp
|faint|p1a: Cherry-Pepsi-Max
|move|p2a: Garchomp|Dragon Claw|p1: Cherry-Pepsi-Max|[notarget]
|-fail|p2a: Garchomp
|
|-sideend|p2: Ardorinnn|move: Light Screen
|upkeep
|
|t:|1757868446
|switch|p1a: Fizzy-Vimto|Alomomola, M, shiny|100/100
|turn|15
|
|t:|1757868453
|move|p2a: Garchomp|Dragon Claw|p1a: Fizzy-Vimto
|-damage|p1a: Fizzy-Vimto|73/100
|-damage|p2a: Garchomp|0 fnt|[from] item: Life Orb
|faint|p2a: Garchomp
|move|p1a: Fizzy-Vimto|Substitute|p1a: Fizzy-Vimto
|-start|p1a: Fizzy-Vimto|Substitute
|-damage|p1a: Fizzy-Vimto|48/100
|
|upkeep
|
|t:|1757868465
|switch|p2a: Raikou|Raikou|90/100
|turn|16
|
|t:|1757868473
|move|p2a: Raikou|Thunder|p1a: Fizzy-Vimto
|-supereffective|p1a: Fizzy-Vimto
|-end|p1a: Fizzy-Vimto|Substitute
|move|p1a: Fizzy-Vimto|Wish|p1a: Fizzy-Vimto
|
|upkeep
|turn|17
|
|t:|1757868479
|move|p2a: Raikou|Thunder|p1a: Fizzy-Vimto
|-supereffective|p1a: Fizzy-Vimto
|-damage|p1a: Fizzy-Vimto|0 fnt
|faint|p1a: Fizzy-Vimto
|
|-sideend|p1: a hyperpop luver!!|Reflect
|upkeep
|
|t:|1757868482
|switch|p1a: Fanta|Raging Bolt|100/100
|turn|18
|
|t:|1757868491
|move|p2a: Raikou|Scald|p1a: Fanta
|-resisted|p1a: Fanta
|-damage|p1a: Fanta|94/100
|-status|p1a: Fanta|brn
|move|p1a: Fanta|Thunder|p2a: Raikou|[miss]
|-miss|p1a: Fanta|p2a: Raikou
|
|-damage|p1a: Fanta|88/100 brn|[from] brn
|upkeep
|turn|19
|
|t:|1757868500
|move|p2a: Raikou|Shadow Ball|p1a: Fanta
|-damage|p1a: Fanta|72/100 brn
|move|p1a: Fanta|Thunder|p2a: Raikou
|-resisted|p2a: Raikou
|-damage|p2a: Raikou|59/100
|
|-damage|p1a: Fanta|66/100 brn|[from] brn
|upkeep
|turn|20
|
|t:|1757868511
|move|p2a: Raikou|Shadow Ball|p1a: Fanta
|-damage|p1a: Fanta|53/100 brn
|move|p1a: Fanta|Weather Ball|p2a: Raikou
|-damage|p2a: Raikou|39/100
|
|-damage|p1a: Fanta|47/100 brn|[from] brn
|upkeep
|turn|21
|
|t:|1757868518
|move|p2a: Raikou|Shadow Ball|p1a: Fanta
|-damage|p1a: Fanta|34/100 brn
|move|p1a: Fanta|Weather Ball|p2a: Raikou
|-damage|p2a: Raikou|18/100
|
|-damage|p1a: Fanta|27/100 brn|[from] brn
|upkeep
|turn|22
|
|t:|1757868527
|move|p2a: Raikou|Shadow Ball|p1a: Fanta
|-damage|p1a: Fanta|12/100 brn
|move|p1a: Fanta|Weather Ball|p2a: Raikou
|-damage|p2a: Raikou|0 fnt
|faint|p2a: Raikou
|
|-damage|p1a: Fanta|6/100 brn|[from] brn
|upkeep
|
|t:|1757868536
|switch|p2a: Ceruledge|Ceruledge, M, shiny|100/100
|-activate|p2a: Ceruledge|move: Sticky Web
|-unboost|p2a: Ceruledge|spe|1
|turn|23
|
|t:|1757868542
|move|p2a: Ceruledge|Shadow Sneak|p1a: Fanta
|-damage|p1a: Fanta|0 fnt
|faint|p1a: Fanta
|-end|p1a: Fanta|Protosynthesis|[silent]
|-damage|p2a: Ceruledge|91/100|[from] item: Life Orb
|
|win|Ardorinnn
|raw|a hyperpop luver!!'s rating: 1147 &rarr; <strong>1121</strong><br />(-26 for losing)
|raw|Ardorinnn's rating: 1130 &rarr; <strong>1156</strong><br />(+26 for winning)
|l|☆a hyperpop luver!!
|player|p1|
|l|☆Ardorinnn
|player|p2|
