|j|☆200824a
|j|☆JayQualin
|t:|1757790446
|gametype|singles
|player|p1|200824a|265|1280
|player|p2|JayQualin|102|1305
|gen|9
|tier|[Gen 9] OU
|rated|
|rule|HP Percentage Mod: HP is shown in percentages
|rule|Endless Battle Clause: Forcing endless battles is banned
|rule|Species Clause: Limit one of each Pokémon
|rule|OHKO Clause: OHKO moves are banned
|rule|Evasion Items Clause: Evasion items are banned
|rule|Evasion Moves Clause: Evasion moves are banned
|rule|Evasion Abilities Clause: Evasion abilities are banned
|rule|Sleep Moves Clause: Sleep-inducing moves are banned
|clearpoke
|poke|p1|Gallade, M|
|poke|p1|Cinderace, F|
|poke|p1|Moltres-Galar|
|poke|p1|Gliscor, F|
|poke|p1|Dusknoir, M|
|poke|p1|Glastrier|
|poke|p2|Darkrai|
|poke|p2|Tinkaton, F|
|poke|p2|Hoopa-Unbound|
|poke|p2|Alomomola, F|
|poke|p2|Rillaboom, M|
|poke|p2|Slowking-Galar, F|
|teampreview
|inactive|Battle timer is ON: inactive players will automatically lose when time's up. (requested by JayQualin)
|
|t:|1757790459
|teamsize|p1|6
|teamsize|p2|6
|start
|switch|p1a: Dusknoir|Dusknoir, M|100/100
|switch|p2a: Tinkaton|Tinkaton, F|100/100
|-item|p2a: Tinkaton|Air Balloon
|-item|p2a: Tinkaton|Air Balloon|[from] ability: Frisk|[of] p1a: Dusknoir
|turn|1
|
|t:|1757790467
|move|p2a: Tinkaton|Stealth Rock|p1a: Dusknoir
|-sidestart|p1: 200824a|move: Stealth Rock
|move|p1a: Dusknoir|Poltergeist|p2a: Tinkaton
|-activate|p2a: Tinkaton|move: Poltergeist|Air Balloon
|-damage|p2a: Tinkaton|60/100
|-enditem|p2a: Tinkaton|Air Balloon
|
|upkeep
|turn|2
|
|t:|1757790479
|move|p1a: Dusknoir|Shadow Sneak|p2a: Tinkaton
|-damage|p2a: Tinkaton|45/100
|-enditem|p1a: Dusknoir|Custap Berry|[silent]|[from] ability: Pickpocket|[of] p1a: Dusknoir
|-item|p2a: Tinkaton|Custap Berry|[from] ability: Pickpocket|[of] p1a: Dusknoir
|move|p2a: Tinkaton|Thunder Wave|p1a: Dusknoir|[miss]
|-miss|p2a: Tinkaton|p1a: Dusknoir
|
|upkeep
|turn|3
|
|t:|1757790491
|switch|p2a: Darkrai|Darkrai|100/100
|switch|p1a: Cinderace|Cinderace, F|100/100
|-damage|p1a: Cinderace|76/100|[from] Stealth Rock
|
|upkeep
|turn|4
|
|t:|1757790497
|move|p2a: Darkrai|Dark Pulse|p1a: Cinderace
|-damage|p1a: Cinderace|16/100
|cant|p1a: Cinderace|flinch
|
|upkeep
|turn|5
|
|t:|1757790502
|move|p2a: Darkrai|Dark Pulse|p1a: Cinderace
|-damage|p1a: Cinderace|0 fnt
|faint|p1a: Cinderace
|
|upkeep
|
|t:|1757790512
|switch|p1a: Dusknoir|Dusknoir, M|100/100
|-damage|p1a: Dusknoir|88/100|[from] Stealth Rock
|-item|p2a: Darkrai|Expert Belt|[from] ability: Frisk|[of] p1a: Dusknoir
|turn|6
|
|t:|1757790522
|move|p2a: Darkrai|Dark Pulse|p1a: Dusknoir
|-supereffective|p1a: Dusknoir
|-damage|p1a: Dusknoir|14/100
|move|p1a: Dusknoir|Trick Room|p1a: Dusknoir
|-fieldstart|move: Trick Room|[of] p1a: Dusknoir
|
|upkeep
|turn|7
|
|t:|1757790526
|switch|p2a: Tinkaton|Tinkaton, F|45/100
|move|p1a: Dusknoir|Poltergeist|p2a: Tinkaton
|-activate|p2a: Tinkaton|move: Poltergeist|Custap Berry
|-damage|p2a: Tinkaton|4/100
|
|upkeep
|turn|8
|-enditem|p2a: Tinkaton|Custap Berry|[eat]
|-activate|p2a: Tinkaton|item: Custap Berry|[consumed]
|
|t:|1757790531
|move|p2a: Tinkaton|Gigaton Hammer|p1a: Dusknoir
|-damage|p1a: Dusknoir|0 fnt
|faint|p1a: Dusknoir
|
|upkeep
|
|t:|1757790535
|switch|p1a: Glastrier|Glastrier|100/100
|-damage|p1a: Glastrier|75/100|[from] Stealth Rock
|turn|9
|
|t:|1757790542
|move|p1a: Glastrier|High Horsepower|p2a: Tinkaton
|-supereffective|p2a: Tinkaton
|-damage|p2a: Tinkaton|0 fnt
|faint|p2a: Tinkaton
|-ability|p1a: Glastrier|Chilling Neigh|boost
|-boost|p1a: Glastrier|atk|1
|
|upkeep
|
|t:|1757790545
|switch|p2a: Alomomola|Alomomola, F|100/100
|turn|10
|
|t:|1757790551
|move|p1a: Glastrier|Close Combat|p2a: Alomomola
|-damage|p2a: Alomomola|53/100
|-unboost|p1a: Glastrier|def|1
|-unboost|p1a: Glastrier|spd|1
|-enditem|p2a: Alomomola|Red Card|[of] p1a: Glastrier
|drag|p1a: Gliscor|Gliscor, F|100/100
|-damage|p1a: Gliscor|88/100|[from] Stealth Rock
|move|p2a: Alomomola|Scald|p1a: Gliscor
|-supereffective|p1a: Gliscor
|-damage|p1a: Gliscor|60/100
|-status|p1a: Gliscor|brn
|
|-damage|p1a: Gliscor|54/100 brn|[from] brn
|-fieldend|move: Trick Room
|upkeep
|turn|11
|
|t:|1757790564
|move|p1a: Gliscor|U-turn|p2a: Alomomola
|-damage|p2a: Alomomola|48/100
|
|t:|1757790571
|switch|p1a: Gallade|Gallade, M|100/100|[from] U-turn
|-damage|p1a: Gallade|94/100|[from] Stealth Rock
|move|p2a: Alomomola|Wish|p2a: Alomomola
|
|upkeep
|turn|12
|
|t:|1757790577
|move|p1a: Gallade|Agility|p1a: Gallade
|-boost|p1a: Gallade|spe|2
|move|p2a: Alomomola|Flip Turn|p1a: Gallade
|-damage|p1a: Gallade|64/100
|
|t:|1757790581
|switch|p2a: Slowking|Slowking-Galar, F|100/100|[from] Flip Turn
|
|upkeep
|turn|13
|
|t:|1757790585
|move|p1a: Gallade|Night Slash|p2a: Slowking
|-supereffective|p2a: Slowking
|-crit|p2a: Slowking
|-damage|p2a: Slowking|0 fnt
|faint|p2a: Slowking
|-damage|p1a: Gallade|54/100|[from] item: Life Orb
|
|upkeep
|
|t:|1757790588
|switch|p2a: Rillaboom|Rillaboom, M|100/100
|-fieldstart|move: Grassy Terrain|[from] ability: Grassy Surge|[of] p2a: Rillaboom
|turn|14
|
|t:|1757790594
|-terastallize|p2a: Rillaboom|Grass
|move|p2a: Rillaboom|Grassy Glide|p1a: Gallade
|-damage|p1a: Gallade|0 fnt
|faint|p1a: Gallade
|
|upkeep
|
|t:|1757790602
|switch|p1a: Glastrier|Glastrier|75/100
|-damage|p1a: Glastrier|50/100|[from] Stealth Rock
|turn|15
|
|t:|1757790604
|move|p2a: Rillaboom|Grassy Glide|p1a: Glastrier
|-damage|p1a: Glastrier|0 fnt
|faint|p1a: Glastrier
|
|upkeep
|
|t:|1757790608
|switch|p1a: Gliscor|Gliscor, F|54/100 brn
|-damage|p1a: Gliscor|42/100 brn|[from] Stealth Rock
|turn|16
|
|t:|1757790610
|move|p2a: Rillaboom|Grassy Glide|p1a: Gliscor
|-damage|p1a: Gliscor|0 fnt
|faint|p1a: Gliscor
|
|upkeep
|
|t:|1757790613
|switch|p1a: Moltres|Moltres-Galar|100/100
|-damage|p1a: Moltres|76/100|[from] Stealth Rock
|turn|17
|
|t:|1757790619
|move|p2a: Rillaboom|Grassy Glide|p1a: Moltres
|-resisted|p1a: Moltres
|-damage|p1a: Moltres|36/100
|-ability|p1a: Moltres|Berserk|boost
|-boost|p1a: Moltres|spa|1
|move|p1a: Moltres|Air Slash|p2a: Rillaboom|[miss]
|-miss|p1a: Moltres|p2a: Rillaboom
|
|-heal|p1a: Moltres|43/100|[from] item: Leftovers
|upkeep
|turn|18
|
|t:|1757790628
|move|p2a: Rillaboom|Grassy Glide|p1a: Moltres
|-resisted|p1a: Moltres
|-damage|p1a: Moltres|6/100
|move|p1a: Moltres|Air Slash|p2a: Rillaboom
|-supereffective|p2a: Rillaboom
|-damage|p2a: Rillaboom|0 fnt
|faint|p2a: Rillaboom
|
|-heal|p1a: Moltres|12/100|[from] item: Leftovers
|-fieldend|move: Grassy Terrain
|upkeep
|
|t:|1757790634
|switch|p2a: Darkrai|Darkrai|100/100
|turn|19
|
|t:|1757790637
|move|p2a: Darkrai|Ice Beam|p1a: Moltres
|-supereffective|p1a: Moltres
|-damage|p1a: Moltres|0 fnt
|faint|p1a: Moltres
|
|win|JayQualin
|raw|200824a's rating: 1280 &rarr; <strong>1257</strong><br />(-23 for losing)
|raw|JayQualin's rating: 1305 &rarr; <strong>1324</strong><br />(+19 for winning)
|l|☆200824a
|player|p1|
|l|☆JayQualin
|player|p2|
