|j|☆Shyve
|j|☆ayayaphone
|t:|1757955109
|gametype|singles
|player|p1|Shyve|rocketgruntf|1412
|player|p2|ayayaphone|169|1493
|gen|9
|tier|[Gen 9] OU
|rated|
|rule|HP Percentage Mod: HP is shown in percentages
|rule|Endless Battle Clause: Forcing endless battles is banned
|rule|Species Clause: Limit one of each Pokémon
|rule|OHKO Clause: OHKO moves are banned
|rule|Evasion Items Clause: Evasion items are banned
|rule|Evasion Moves Clause: Evasion moves are banned
|rule|Evasion Abilities Clause: Evasion abilities are banned
|rule|Sleep Moves Clause: Sleep-inducing moves are banned
|clearpoke
|poke|p1|Slowking-Galar, F|
|poke|p1|Kyurem|
|poke|p1|Thundurus-Therian, M|
|poke|p1|Alomomola, M|
|poke|p1|Araquanid, M|
|poke|p1|Deoxys-Speed|
|poke|p2|Pelipper, F|
|poke|p2|Raging Bolt|
|poke|p2|Landorus-Therian, M|
|poke|p2|Tentacruel, F|
|poke|p2|Overqwil, M|
|poke|p2|Scizor, F|
|teampreview
|inactive|Battle timer is ON: inactive players will automatically lose when time's up. (requested by ayayaphone)
|inactive|ayayaphone has 120 seconds left.
|
|t:|1757955142
|teamsize|p1|6
|teamsize|p2|6
|start
|switch|p1a: Slowking|Slowking-Galar, F|100/100
|switch|p2a: Tentacruel|Tentacruel, F|100/100
|turn|1
|
|t:|1757955148
|move|p2a: Tentacruel|Flip Turn|p1a: Slowking
|-damage|p1a: Slowking|84/100
|
|t:|1757955159
|switch|p2a: Pelipper|Pelipper, F|100/100|[from] Flip Turn
|-weather|RainDance|[from] ability: Drizzle|[of] p2a: Pelipper
|move|p1a: Slowking|Future Sight|p2a: Pelipper
|-start|p1a: Slowking|move: Future Sight
|
|-weather|RainDance|[upkeep]
|upkeep
|turn|2
|
|t:|1757955163
|move|p2a: Pelipper|U-turn|p1a: Slowking
|-damage|p1a: Slowking|73/100
|
|t:|1757955167
|switch|p2a: Overqwil|Overqwil, M|100/100|[from] U-turn
|-prepare|p1a: Slowking|Chilly Reception|[premajor]
|move|p1a: Slowking|Chilly Reception|p1a: Slowking
|-weather|Snowscape
|
|t:|1757955176
|switch|p1a: Kyurem|Kyurem|100/100|[from] Chilly Reception
|-ability|p1a: Kyurem|Pressure
|
|-weather|Snowscape|[upkeep]
|upkeep
|turn|3
|
|t:|1757955181
|move|p1a: Kyurem|Blizzard|p2a: Overqwil
|-damage|p2a: Overqwil|13/100
|move|p2a: Overqwil|Barb Barrage|p1a: Kyurem
|-damage|p1a: Kyurem|76/100
|-damage|p2a: Overqwil|3/100|[from] item: Life Orb
|
|-weather|Snowscape|[upkeep]
|-end|p2a: Overqwil|move: Future Sight
|-immune|p2a: Overqwil
|-heal|p1a: Kyurem|82/100|[from] item: Leftovers
|upkeep
|turn|4
|
|t:|1757955194
|switch|p2a: Tentacruel|Tentacruel, F|100/100
|move|p1a: Kyurem|Blizzard|p2a: Tentacruel
|-resisted|p2a: Tentacruel
|-damage|p2a: Tentacruel|84/100
|
|-weather|Snowscape|[upkeep]
|-heal|p1a: Kyurem|88/100|[from] item: Leftovers
|-heal|p2a: Tentacruel|90/100|[from] item: Black Sludge
|upkeep
|turn|5
|
|t:|1757955198
|move|p1a: Kyurem|Substitute|p1a: Kyurem
|-start|p1a: Kyurem|Substitute
|-damage|p1a: Kyurem|64/100
|move|p2a: Tentacruel|Mirror Coat||[still]
|-fail|p2a: Tentacruel
|
|-weather|Snowscape|[upkeep]
|-heal|p1a: Kyurem|70/100|[from] item: Leftovers
|-heal|p2a: Tentacruel|96/100|[from] item: Black Sludge
|upkeep
|turn|6
|
|t:|1757955204
|move|p1a: Kyurem|Freeze-Dry|p2a: Tentacruel
|-supereffective|p2a: Tentacruel
|-damage|p2a: Tentacruel|52/100
|move|p2a: Tentacruel|Rapid Spin|p1a: Kyurem
|-activate|p1a: Kyurem|move: Substitute|[damage]
|-boost|p2a: Tentacruel|spe|1
|
|-weather|none
|-heal|p2a: Tentacruel|58/100|[from] item: Black Sludge
|-heal|p1a: Kyurem|76/100|[from] item: Leftovers
|upkeep
|turn|7
|
|t:|1757955215
|move|p2a: Tentacruel|Protect|p2a: Tentacruel
|-singleturn|p2a: Tentacruel|Protect
|move|p1a: Kyurem|Freeze-Dry|p2a: Tentacruel
|-activate|p2a: Tentacruel|move: Protect
|
|-heal|p2a: Tentacruel|64/100|[from] item: Black Sludge
|-heal|p1a: Kyurem|82/100|[from] item: Leftovers
|upkeep
|turn|8
|
|t:|1757955219
|move|p1a: Kyurem|Freeze-Dry|p2a: Tentacruel
|-supereffective|p2a: Tentacruel
|-damage|p2a: Tentacruel|22/100
|move|p2a: Tentacruel|Mirror Coat|p1a: Kyurem
|-end|p1a: Kyurem|Substitute
|
|-heal|p2a: Tentacruel|29/100|[from] item: Black Sludge
|-heal|p1a: Kyurem|88/100|[from] item: Leftovers
|upkeep
|turn|9
|
|t:|1757955230
|move|p2a: Tentacruel|Flip Turn|p1a: Kyurem
|-resisted|p1a: Kyurem
|-damage|p1a: Kyurem|81/100
|
|t:|1757955232
|switch|p2a: Scizor|Scizor, F|100/100|[from] Flip Turn
|move|p1a: Kyurem|Freeze-Dry|p2a: Scizor
|-resisted|p2a: Scizor
|-damage|p2a: Scizor|80/100
|
|-heal|p1a: Kyurem|87/100|[from] item: Leftovers
|-heal|p2a: Scizor|87/100|[from] item: Leftovers
|upkeep
|turn|10
|
|t:|1757955236
|switch|p1a: Alomomola|Alomomola, M|100/100
|move|p2a: Scizor|U-turn|p1a: Alomomola
|-damage|p1a: Alomomola|78/100
|-enditem|p1a: Alomomola|Eject Button
|
|t:|1757955241
|switch|p1a: Thundurus|Thundurus-Therian, M|100/100
|
|-heal|p2a: Scizor|93/100|[from] item: Leftovers
|upkeep
|turn|11
|
|t:|1757955250
|switch|p2a: Raging Bolt|Raging Bolt|100/100
|-terastallize|p1a: Thundurus|Flying
|move|p1a: Thundurus|Tera Blast|p2a: Raging Bolt|[anim] Tera Blast Flying
|-resisted|p2a: Raging Bolt
|-damage|p2a: Raging Bolt|56/100
|
|upkeep
|turn|12
|
|t:|1757955258
|switch|p1a: Slowking|Slowking-Galar, F|100/100
|move|p2a: Raging Bolt|Draco Meteor|p1a: Slowking
|-damage|p1a: Slowking|58/100
|-unboost|p2a: Raging Bolt|spa|2
|
|upkeep
|turn|13
|
|t:|1757955266
|-end|p2a: Raging Bolt|Protosynthesis|[silent]
|switch|p2a: Overqwil|Overqwil, M|3/100
|-prepare|p1a: Slowking|Chilly Reception|[premajor]
|move|p1a: Slowking|Chilly Reception|p1a: Slowking
|-weather|Snowscape
|
|t:|1757955276
|switch|p1a: Kyurem|Kyurem|87/100|[from] Chilly Reception
|-ability|p1a: Kyurem|Pressure
|
|-weather|Snowscape|[upkeep]
|-heal|p1a: Kyurem|93/100|[from] item: Leftovers
|upkeep
|turn|14
|
|t:|1757955282
|move|p1a: Kyurem|Freeze-Dry|p2a: Overqwil
|-damage|p2a: Overqwil|0 fnt
|faint|p2a: Overqwil
|
|-weather|Snowscape|[upkeep]
|-heal|p1a: Kyurem|99/100|[from] item: Leftovers
|upkeep
|
|t:|1757955284
|switch|p2a: Pelipper|Pelipper, F|100/100
|-weather|RainDance|[from] ability: Drizzle|[of] p2a: Pelipper
|turn|15
|
|t:|1757955289
|switch|p2a: Scizor|Scizor, F|93/100
|move|p1a: Kyurem|Substitute|p1a: Kyurem
|-start|p1a: Kyurem|Substitute
|-damage|p1a: Kyurem|75/100
|
|-weather|RainDance|[upkeep]
|-heal|p1a: Kyurem|81/100|[from] item: Leftovers
|-heal|p2a: Scizor|99/100|[from] item: Leftovers
|upkeep
|turn|16
|
|t:|1757955292
|move|p2a: Scizor|Bullet Punch|p1a: Kyurem
|-supereffective|p1a: Kyurem
|-end|p1a: Kyurem|Substitute
|move|p1a: Kyurem|Earth Power|p2a: Scizor
|-damage|p2a: Scizor|62/100
|-unboost|p2a: Scizor|spd|1
|
|-weather|RainDance|[upkeep]
|-heal|p1a: Kyurem|87/100|[from] item: Leftovers
|-heal|p2a: Scizor|68/100|[from] item: Leftovers
|upkeep
|turn|17
|
|t:|1757955301
|switch|p1a: Alomomola|Alomomola, M|100/100
|move|p2a: Scizor|Bullet Punch|p1a: Alomomola
|-resisted|p1a: Alomomola
|-crit|p1a: Alomomola
|-damage|p1a: Alomomola|86/100
|
|-weather|RainDance|[upkeep]
|-heal|p2a: Scizor|74/100|[from] item: Leftovers
|upkeep
|turn|18
|
|t:|1757955305
|move|p2a: Scizor|U-turn|p1a: Alomomola
|-damage|p1a: Alomomola|64/100
|
|t:|1757955308
|switch|p2a: Landorus|Landorus-Therian, M|100/100|[from] U-turn
|-ability|p2a: Landorus|Intimidate|boost
|-unboost|p1a: Alomomola|atk|1
|move|p1a: Alomomola|Flip Turn|p2a: Landorus
|-supereffective|p2a: Landorus
|-damage|p2a: Landorus|64/100
|inactive|Shyve has 120 seconds left.
|
|t:|1757955346
|switch|p1a: Thundurus|Thundurus-Therian, M, tera:Flying|100/100|[from] Flip Turn
|
|-weather|RainDance|[upkeep]
|upkeep
|turn|19
|
|t:|1757955357
|switch|p2a: Tentacruel|Tentacruel, F|29/100
|move|p1a: Thundurus|Tera Blast|p2a: Tentacruel|[anim] Tera Blast Flying
|-damage|p2a: Tentacruel|0 fnt
|faint|p2a: Tentacruel
|
|-weather|RainDance|[upkeep]
|upkeep
|
|t:|1757955363
|switch|p2a: Raging Bolt|Raging Bolt|56/100
|turn|20
|
|t:|1757955367
|switch|p1a: Slowking|Slowking-Galar, F|91/100
|move|p2a: Raging Bolt|Zap Cannon|p1a: Slowking|[miss]
|-miss|p2a: Raging Bolt|p1a: Slowking
|-enditem|p2a: Raging Bolt|Blunder Policy
|-boost|p2a: Raging Bolt|spe|2
|
|-weather|RainDance|[upkeep]
|upkeep
|turn|21
|
|t:|1757955379
|-terastallize|p2a: Raging Bolt|Electric
|move|p2a: Raging Bolt|Thunder|p1a: Slowking
|-damage|p1a: Slowking|43/100
|move|p1a: Slowking|Sludge Bomb|p2a: Raging Bolt
|-damage|p2a: Raging Bolt|28/100
|
|-weather|RainDance|[upkeep]
|upkeep
|turn|22
|
|t:|1757955387
|switch|p1a: Thundurus|Thundurus-Therian, M, tera:Flying|100/100
|move|p2a: Raging Bolt|Thunder|p1a: Thundurus
|-immune|p1a: Thundurus|[from] ability: Volt Absorb
|
|-weather|none
|upkeep
|turn|23
|
|t:|1757955393
|switch|p1a: Slowking|Slowking-Galar, F|76/100
|move|p2a: Raging Bolt|Draco Meteor|p1a: Slowking
|-damage|p1a: Slowking|28/100
|-unboost|p2a: Raging Bolt|spa|2
|
|upkeep
|turn|24
|
|t:|1757955401
|switch|p1a: Thundurus|Thundurus-Therian, M, tera:Flying|100/100
|move|p2a: Raging Bolt|Thunder|p1a: Thundurus
|-immune|p1a: Thundurus|[from] ability: Volt Absorb
|
|upkeep
|turn|25
|-message|ayayaphone forfeited.
|
|win|Shyve
|raw|Shyve's rating: 1412 &rarr; <strong>1437</strong><br />(+25 for winning)
|raw|ayayaphone's rating: 1493 &rarr; <strong>1468</strong><br />(-25 for losing)
|l|☆ayayaphone
|player|p2|
|l|☆Shyve
|player|p1|
