|j|☆Baby Key
|j|☆ezpz0909
|t:|1757912158
|gametype|singles
|player|p1|Baby Key|170|1420
|player|p2|ezpz0909|2|1461
|gen|9
|tier|[Gen 9] OU
|rated|
|rule|HP Percentage Mod: HP is shown in percentages
|rule|Endless Battle Clause: Forcing endless battles is banned
|rule|Species Clause: Limit one of each Pokémon
|rule|OHKO Clause: OHKO moves are banned
|rule|Evasion Items Clause: Evasion items are banned
|rule|Evasion Moves Clause: Evasion moves are banned
|rule|Evasion Abilities Clause: Evasion abilities are banned
|rule|Sleep Moves Clause: Sleep-inducing moves are banned
|clearpoke
|poke|p1|Ceruledge, M|
|poke|p1|Raging Bolt|
|poke|p1|Latias, F|
|poke|p1|Kyurem|
|poke|p1|Ninetales-Alola, F|
|poke|p1|Iron Moth|
|poke|p2|Latios, M|
|poke|p2|Quaquaval, M|
|poke|p2|Pelipper, F|
|poke|p2|Basculegion-F, F|
|poke|p2|Iron Treads|
|poke|p2|Iron Valiant|
|teampreview
|
|t:|1757912188
|teamsize|p1|6
|teamsize|p2|6
|start
|switch|p1a: 50/50|Raging Bolt|100/100
|switch|p2a: Pelipper|Pelipper, F|100/100
|-weather|RainDance|[from] ability: Drizzle|[of] p2a: Pelipper
|-enditem|p1a: 50/50|Booster Energy
|-activate|p1a: 50/50|ability: Protosynthesis|[fromitem]
|-start|p1a: 50/50|protosynthesisspa
|turn|1
|
|t:|1757912220
|switch|p2a: Iron Treads|Iron Treads|100/100
|move|p1a: 50/50|Calm Mind|p1a: 50/50
|-boost|p1a: 50/50|spa|1
|-boost|p1a: 50/50|spd|1
|
|-weather|RainDance|[upkeep]
|upkeep
|turn|2
|
|t:|1757912226
|move|p2a: Iron Treads|Earthquake|p1a: 50/50
|-supereffective|p1a: 50/50
|-damage|p1a: 50/50|28/100
|move|p1a: 50/50|Dragon Pulse|p2a: Iron Treads
|-resisted|p2a: Iron Treads
|-damage|p2a: Iron Treads|33/100
|
|-weather|RainDance|[upkeep]
|-heal|p2a: Iron Treads|39/100|[from] item: Leftovers
|upkeep
|turn|3
|
|t:|1757912265
|-end|p1a: 50/50|Protosynthesis|[silent]
|switch|p1a: realpsyspam|Latias, F|100/100
|move|p2a: Iron Treads|Earthquake|p1a: realpsyspam
|-immune|p1a: realpsyspam|[from] ability: Levitate
|
|-weather|RainDance|[upkeep]
|-heal|p2a: Iron Treads|46/100|[from] item: Leftovers
|upkeep
|turn|4
|
|t:|1757912276
|move|p2a: Iron Treads|Stealth Rock|p1a: realpsyspam
|-sidestart|p1: Baby Key|move: Stealth Rock
|move|p1a: realpsyspam|Agility|p1a: realpsyspam
|-boost|p1a: realpsyspam|spe|2
|
|-weather|RainDance|[upkeep]
|-heal|p2a: Iron Treads|52/100|[from] item: Leftovers
|upkeep
|turn|5
|
|t:|1757912280
|-end|p2a: Iron Treads|Quark Drive|[silent]
|switch|p2a: Iron Valiant|Iron Valiant|100/100
|-enditem|p2a: Iron Valiant|Booster Energy
|-activate|p2a: Iron Valiant|ability: Quark Drive|[fromitem]
|-start|p2a: Iron Valiant|quarkdrivespe
|move|p1a: realpsyspam|Calm Mind|p1a: realpsyspam
|-boost|p1a: realpsyspam|spa|1
|-boost|p1a: realpsyspam|spd|1
|
|-weather|RainDance|[upkeep]
|upkeep
|turn|6
|
|t:|1757912286
|move|p1a: realpsyspam|Stored Power|p2a: Iron Valiant
|-supereffective|p2a: Iron Valiant
|-damage|p2a: Iron Valiant|0 fnt
|faint|p2a: Iron Valiant
|-end|p2a: Iron Valiant|Quark Drive|[silent]
|
|-weather|RainDance|[upkeep]
|upkeep
|
|t:|1757912289
|switch|p2a: Basculegion|Basculegion-F, F|100/100
|turn|7
|
|t:|1757912300
|-terastallize|p1a: realpsyspam|Steel
|move|p1a: realpsyspam|Calm Mind|p1a: realpsyspam
|-boost|p1a: realpsyspam|spa|1
|-boost|p1a: realpsyspam|spd|1
|move|p2a: Basculegion|Shadow Ball|p1a: realpsyspam
|-damage|p1a: realpsyspam|76/100
|
|-weather|RainDance|[upkeep]
|-heal|p1a: realpsyspam|82/100|[from] item: Leftovers
|upkeep
|turn|8
|
|t:|1757912307
|move|p1a: realpsyspam|Stored Power|p2a: Basculegion
|-damage|p2a: Basculegion|0 fnt
|faint|p2a: Basculegion
|
|-weather|none
|-heal|p1a: realpsyspam|88/100|[from] item: Leftovers
|upkeep
|
|t:|1757912312
|switch|p2a: Pelipper|Pelipper, F|100/100
|-weather|RainDance|[from] ability: Drizzle|[of] p2a: Pelipper
|turn|9
|
|t:|1757912314
|move|p1a: realpsyspam|Stored Power|p2a: Pelipper
|-damage|p2a: Pelipper|0 fnt
|faint|p2a: Pelipper
|
|-weather|RainDance|[upkeep]
|-heal|p1a: realpsyspam|94/100|[from] item: Leftovers
|upkeep
|
|t:|1757912320
|switch|p2a: Duck Jin Woo|Quaquaval, M|100/100
|turn|10
|
|t:|1757912323
|-terastallize|p2a: Duck Jin Woo|Water
|move|p1a: realpsyspam|Stored Power|p2a: Duck Jin Woo
|-damage|p2a: Duck Jin Woo|0 fnt
|faint|p2a: Duck Jin Woo
|
|-weather|RainDance|[upkeep]
|-heal|p1a: realpsyspam|99/100|[from] item: Leftovers
|upkeep
|l|☆ezpz0909
|player|p2|
|inactive|Battle timer is ON: inactive players will automatically lose when time's up. (requested by Baby Key)
|inactive|ezpz0909 has 30 seconds to reconnect!
|inactive|ezpz0909 has 20 seconds to reconnect!
|inactive|ezpz0909 has 15 seconds to reconnect!
|inactive|ezpz0909 has 10 seconds to reconnect!
|inactive|ezpz0909 has 5 seconds to reconnect!
|-message|ezpz0909 lost due to inactivity.
|
|win|Baby Key
|raw|Baby Key's rating: 1420 &rarr; <strong>1442</strong><br />(+22 for winning)
|raw|ezpz0909's rating: 1461 &rarr; <strong>1439</strong><br />(-22 for losing)
