|j|☆Albrtix
|j|☆niccommoc
|inactive|Battle timer is ON: inactive players will automatically lose when time's up.
|t:|1757792183
|gametype|singles
|player|p1|Albrtix|acetrainerf-gen4dp|
|player|p2|niccommoc|cyclist|
|gen|9
|tier|[Gen 9] OU
|rated|Tournament battle
|rule|HP Percentage Mod: HP is shown in percentages
|rule|Endless Battle Clause: Forcing endless battles is banned
|rule|Species Clause: Limit one of each Pokémon
|rule|OHKO Clause: OHKO moves are banned
|rule|Evasion Items Clause: Evasion items are banned
|rule|Evasion Moves Clause: Evasion moves are banned
|rule|Evasion Abilities Clause: Evasion abilities are banned
|rule|Sleep Moves Clause: Sleep-inducing moves are banned
|clearpoke
|poke|p1|Kingambit, F|
|poke|p1|Kyurem|
|poke|p1|Tinkaton, F|
|poke|p1|Alomomola, F|
|poke|p1|Landorus-Therian, M|
|poke|p1|Dragapult, F|
|poke|p2|Ninetales-Alola, F|
|poke|p2|Kyurem|
|poke|p2|Gliscor, F|
|poke|p2|Gallade, M|
|poke|p2|Hatterene, F|
|poke|p2|Iron Moth|
|teampreview
|c|☆Albrtix|glhf
|c|☆niccommoc|gl hf
|
|t:|1757792200
|teamsize|p1|6
|teamsize|p2|6
|start
|switch|p1a: Landorus|Landorus-Therian, M|100/100
|switch|p2a: Iron Moth|Iron Moth|100/100
|-ability|p1a: Landorus|Intimidate|boost
|-unboost|p2a: Iron Moth|atk|1
|-enditem|p2a: Iron Moth|Booster Energy
|-activate|p2a: Iron Moth|ability: Quark Drive|[fromitem]
|-start|p2a: Iron Moth|quarkdrivespe
|turn|1
|
|t:|1757792208
|-end|p2a: Iron Moth|Quark Drive|[silent]
|switch|p2a: Gliscor|Gliscor, F|100/100
|move|p1a: Landorus|Earthquake|p2a: Gliscor
|-immune|p2a: Gliscor
|
|-status|p2a: Gliscor|tox|[from] item: Toxic Orb
|upkeep
|turn|2
|
|t:|1757792217
|switch|p1a: Tinkaton|Tinkaton, F|100/100
|-item|p1a: Tinkaton|Air Balloon
|move|p2a: Gliscor|Swords Dance|p2a: Gliscor
|-boost|p2a: Gliscor|atk|2
|
|upkeep
|turn|3
|
|t:|1757792225
|move|p1a: Tinkaton|Encore|p2a: Gliscor
|-start|p2a: Gliscor|Encore
|move|p2a: Gliscor|Swords Dance|p2a: Gliscor
|-boost|p2a: Gliscor|atk|2
|
|upkeep
|turn|4
|
|t:|1757792232
|switch|p2a: Iron Moth|Iron Moth|100/100
|move|p1a: Tinkaton|Gigaton Hammer|p2a: Iron Moth
|-resisted|p2a: Iron Moth
|-damage|p2a: Iron Moth|71/100
|
|upkeep
|turn|5
|
|t:|1757792243
|switch|p1a: Alomomola|Alomomola, F|100/100
|move|p2a: Iron Moth|Fiery Dance|p1a: Alomomola
|-resisted|p1a: Alomomola
|-damage|p1a: Alomomola|81/100
|-boost|p2a: Iron Moth|spa|1
|
|upkeep
|turn|6
|
|t:|1757792247
|-terastallize|p2a: Iron Moth|Grass
|move|p2a: Iron Moth|Substitute|p2a: Iron Moth
|-start|p2a: Iron Moth|Substitute
|-damage|p2a: Iron Moth|46/100
|move|p1a: Alomomola|Scald|p2a: Iron Moth
|-resisted|p2a: Iron Moth
|-activate|p2a: Iron Moth|move: Substitute|[damage]
|
|upkeep
|turn|7
|
|t:|1757792256
|switch|p1a: Dragapult|Dragapult, F|100/100
|move|p2a: Iron Moth|Energy Ball|p1a: Dragapult
|-resisted|p1a: Dragapult
|-crit|p1a: Dragapult
|-damage|p1a: Dragapult|29/100
|-unboost|p1a: Dragapult|spd|1
|
|upkeep
|turn|8
|
|t:|1757792264
|move|p1a: Dragapult|U-turn|p2a: Iron Moth
|-supereffective|p2a: Iron Moth
|-damage|p2a: Iron Moth|0 fnt
|faint|p2a: Iron Moth
|-end|p2a: Iron Moth|Quark Drive|[silent]
|
|t:|1757792274
|switch|p1a: Landorus|Landorus-Therian, M|100/100|[from] U-turn
|
|upkeep
|
|t:|1757792279
|switch|p2a: Ninetales|Ninetales-Alola, F|100/100
|-weather|Snowscape|[from] ability: Snow Warning|[of] p2a: Ninetales
|turn|9
|
|t:|1757792284
|move|p1a: Landorus|Stone Edge|p2a: Ninetales|[miss]
|-miss|p1a: Landorus|p2a: Ninetales
|move|p2a: Ninetales|Aurora Veil|p2a: Ninetales
|-sidestart|p2: niccommoc|move: Aurora Veil
|
|-weather|Snowscape|[upkeep]
|upkeep
|turn|10
|
|t:|1757792296
|move|p1a: Landorus|Stone Edge|p2a: Ninetales
|-supereffective|p2a: Ninetales
|-damage|p2a: Ninetales|69/100
|move|p2a: Ninetales|Freeze-Dry|p1a: Landorus
|-supereffective|p1a: Landorus
|-damage|p1a: Landorus|0 fnt
|faint|p1a: Landorus
|
|-weather|Snowscape|[upkeep]
|upkeep
|
|t:|1757792300
|switch|p1a: Tinkaton|Tinkaton, F|100/100
|-item|p1a: Tinkaton|Air Balloon
|turn|11
|
|t:|1757792305
|switch|p2a: Gliscor|Gliscor, F|100/100 tox
|move|p1a: Tinkaton|Gigaton Hammer|p2a: Gliscor
|-damage|p2a: Gliscor|82/100 tox
|
|-weather|Snowscape|[upkeep]
|-heal|p2a: Gliscor|95/100 tox|[from] ability: Poison Heal
|upkeep
|turn|12
|
|t:|1757792310
|move|p1a: Tinkaton|Encore||[still]
|-fail|p1a: Tinkaton
|move|p2a: Gliscor|Facade|p1a: Tinkaton
|-resisted|p1a: Tinkaton
|-damage|p1a: Tinkaton|79/100
|-enditem|p1a: Tinkaton|Air Balloon
|-enditem|p2a: Gliscor|Toxic Orb|[silent]|[from] ability: Pickpocket|[of] p2a: Gliscor
|-item|p1a: Tinkaton|Toxic Orb|[from] ability: Pickpocket|[of] p2a: Gliscor
|
|-weather|Snowscape|[upkeep]
|-heal|p2a: Gliscor|100/100 tox|[from] ability: Poison Heal
|upkeep
|turn|13
|-message|Albrtix forfeited.
|
|win|niccommoc
|n|☆Albrtix|albrtix
|n|☆niccommoc|niccommoc
