|j|☆poppylikecats
|j|☆hongbong
|t:|1757903238
|gametype|singles
|player|p1|poppylikecats|iris|1411
|player|p2|hongbong|n|1454
|gen|9
|tier|[Gen 9] OU
|rated|
|rule|HP Percentage Mod: HP is shown in percentages
|rule|Endless Battle Clause: Forcing endless battles is banned
|rule|Species Clause: Limit one of each Pokémon
|rule|OHKO Clause: OHKO moves are banned
|rule|Evasion Items Clause: Evasion items are banned
|rule|Evasion Moves Clause: Evasion moves are banned
|rule|Evasion Abilities Clause: Evasion abilities are banned
|rule|Sleep Moves Clause: Sleep-inducing moves are banned
|clearpoke
|poke|p1|Iron Crown|
|poke|p1|Meowscarada, M|
|poke|p1|Great Tusk|
|poke|p1|Pecharunt|
|poke|p1|Ting-Lu|
|poke|p1|Iron Valiant|
|poke|p2|Blaziken, F|
|poke|p2|Tentacruel, F|
|poke|p2|Zoroark-Hisui, M|
|poke|p2|Lycanroc-Dusk, F|
|poke|p2|Ogerpon, F|
|poke|p2|Hoopa-Unbound|
|teampreview
|inactive|Battle timer is ON: inactive players will automatically lose when time's up. (requested by poppylikecats)
|
|t:|1757903258
|teamsize|p1|6
|teamsize|p2|6
|start
|switch|p1a: Ting-Lu|Ting-Lu|100/100
|switch|p2a: Ogerpon|Ogerpon, F|100/100
|-ability|p1a: Ting-Lu|Vessel of Ruin
|turn|1
|
|t:|1757903266
|move|p2a: Ogerpon|U-turn|p1a: Ting-Lu
|-supereffective|p1a: Ting-Lu
|-damage|p1a: Ting-Lu|64/100
|
|t:|1757903276
|switch|p2a: Tentacruel|Tentacruel, F|100/100|[from] U-turn
|move|p1a: Ting-Lu|Stealth Rock|p2a: Tentacruel
|-sidestart|p2: hongbong|move: Stealth Rock
|
|-heal|p1a: Ting-Lu|71/100|[from] item: Leftovers
|upkeep
|turn|2
|
|t:|1757903283
|switch|p1a: Pecharunt|Pecharunt|100/100
|move|p2a: Tentacruel|Flip Turn|p1a: Pecharunt
|-damage|p1a: Pecharunt|93/100
|
|t:|1757903287
|switch|p2a: Lycanroc|Lycanroc-Dusk, F|100/100|[from] Flip Turn
|-damage|p2a: Lycanroc|88/100|[from] Stealth Rock
|
|upkeep
|turn|3
|
|t:|1757903301
|switch|p1a: Meowscarada|Meowscarada, M|100/100
|move|p2a: Lycanroc|Shadow Ball|p1a: Meowscarada
|-resisted|p1a: Meowscarada
|-damage|p1a: Meowscarada|55/100
|-unboost|p1a: Meowscarada|spd|1
|
|upkeep
|turn|4
|
|t:|1757903308
|switch|p2a: Blaziken|Blaziken, F|100/100
|-damage|p2a: Blaziken|88/100|[from] Stealth Rock
|move|p1a: Meowscarada|Knock Off|p2a: Blaziken
|-start|p1a: Meowscarada|typechange|Dark|[from] ability: Protean
|-resisted|p2a: Blaziken
|-damage|p2a: Blaziken|39/100
|-enditem|p2a: Blaziken|Liechi Berry|[from] move: Knock Off|[of] p1a: Meowscarada
|
|upkeep
|turn|5
|
|t:|1757903332
|switch|p1a: Great Tusk|Great Tusk|100/100
|move|p2a: Blaziken|Knock Off|p1a: Great Tusk
|-resisted|p1a: Great Tusk
|-damage|p1a: Great Tusk|89/100
|-enditem|p1a: Great Tusk|Leftovers|[from] move: Knock Off|[of] p2a: Blaziken
|
|-ability|p2a: Blaziken|Speed Boost|boost
|-boost|p2a: Blaziken|spe|1
|upkeep
|turn|6
|
|t:|1757903343
|move|p2a: Blaziken|Endure|p2a: Blaziken
|-singleturn|p2a: Blaziken|move: Endure
|move|p1a: Great Tusk|Headlong Rush|p2a: Blaziken
|-supereffective|p2a: Blaziken
|-activate|p2a: Blaziken|move: Endure
|-damage|p2a: Blaziken|1/100
|-unboost|p1a: Great Tusk|def|1
|-unboost|p1a: Great Tusk|spd|1
|
|-ability|p2a: Blaziken|Speed Boost|boost
|-boost|p2a: Blaziken|spe|1
|upkeep
|turn|7
|
|t:|1757903360
|-end|p1a: Great Tusk|Protosynthesis|[silent]
|switch|p1a: Pecharunt|Pecharunt|93/100
|move|p2a: Blaziken|Reversal|p1a: Pecharunt
|-immune|p1a: Pecharunt
|
|-ability|p2a: Blaziken|Speed Boost|boost
|-boost|p2a: Blaziken|spe|1
|upkeep
|turn|8
|
|t:|1757903365
|move|p2a: Blaziken|Knock Off|p1a: Pecharunt
|-supereffective|p1a: Pecharunt
|-damage|p1a: Pecharunt|59/100
|-enditem|p1a: Pecharunt|Heavy-Duty Boots|[from] move: Knock Off|[of] p2a: Blaziken
|move|p1a: Pecharunt|Malignant Chain|p2a: Blaziken
|-damage|p2a: Blaziken|0 fnt
|faint|p2a: Blaziken
|
|upkeep
|c|☆poppylikecats|where did u get this team
|c|☆poppylikecats|or is it urs
|c|☆hongbong|its mine
|c|☆hongbong|i made stupid sets and am playing it
|c|☆poppylikecats|nah i like it
|c|☆hongbong|you want the paste?
|c|☆poppylikecats|its interesting
|inactive|hongbong has 120 seconds left.
|
|t:|1757903398
|switch|p2a: Hoopa|Hoopa-Unbound|100/100
|-damage|p2a: Hoopa|88/100|[from] Stealth Rock
|turn|9
|c|☆poppylikecats|idk i dont think ill play it im trying to get 1600 :p
|c|☆hongbong|lol you got this
|inactive|poppylikecats has 120 seconds left.
|
|t:|1757903435
|switch|p1a: Iron Crown|Iron Crown|100/100
|move|p2a: Hoopa|Nasty Plot|p2a: Hoopa
|-boost|p2a: Hoopa|spa|2
|
|upkeep
|turn|10
|c|☆hongbong|yea idc abt rating im just messing around
|inactive|poppylikecats has 120 seconds left.
|
|t:|1757903446
|move|p1a: Iron Crown|Volt Switch|p2a: Hoopa
|-damage|p2a: Hoopa|58/100
|
|t:|1757903454
|-end|p1a: Iron Crown|Quark Drive|[silent]
|switch|p1a: Ting-Lu|Ting-Lu|71/100|[from] Volt Switch
|-ability|p1a: Ting-Lu|Vessel of Ruin
|move|p2a: Hoopa|Focus Blast|p1a: Ting-Lu
|-supereffective|p1a: Ting-Lu
|-damage|p1a: Ting-Lu|0 fnt
|faint|p1a: Ting-Lu
|
|upkeep
|
|t:|1757903462
|switch|p1a: Meowscarada|Meowscarada, M|55/100
|turn|11
|
|t:|1757903467
|-terastallize|p2a: Hoopa|Steel
|move|p1a: Meowscarada|U-turn|p2a: Hoopa
|-start|p1a: Meowscarada|typechange|Bug|[from] ability: Protean
|-resisted|p2a: Hoopa
|-damage|p2a: Hoopa|13/100
|inactive|poppylikecats has 120 seconds left.
|
|t:|1757903489
|switch|p1a: Iron Crown|Iron Crown|100/100|[from] U-turn
|move|p2a: Hoopa|Focus Blast|p1a: Iron Crown|[miss]
|-miss|p2a: Hoopa|p1a: Iron Crown
|-enditem|p2a: Hoopa|Blunder Policy
|-boost|p2a: Hoopa|spe|2
|
|upkeep
|turn|12
|
|t:|1757903503
|move|p2a: Hoopa|Dark Pulse|p1a: Iron Crown
|-supereffective|p1a: Iron Crown
|-damage|p1a: Iron Crown|0 fnt
|faint|p1a: Iron Crown
|-end|p1a: Iron Crown|Quark Drive|[silent]
|-item|p2a: Hoopa|Choice Specs|[from] ability: Magician|[of] p1: Iron Crown
|
|upkeep
|
|t:|1757903514
|switch|p1a: Iron Valiant|Iron Valiant|100/100
|-enditem|p1a: Iron Valiant|Booster Energy
|-activate|p1a: Iron Valiant|ability: Quark Drive|[fromitem]
|-start|p1a: Iron Valiant|quarkdrivespe
|turn|13
|c|☆hongbong|damn stealing specs screws me
|
|t:|1757903526
|move|p2a: Hoopa|Psyshock|p1a: Iron Valiant
|-supereffective|p1a: Iron Valiant
|-damage|p1a: Iron Valiant|0 fnt
|faint|p1a: Iron Valiant
|-end|p1a: Iron Valiant|Quark Drive|[silent]
|
|upkeep
|
|t:|1757903550
|switch|p1a: Meowscarada|Meowscarada, M|55/100
|turn|14
|c|☆poppylikecats|i didnt think youd outspeed
|inactive|poppylikecats has 90 seconds left.
|c|☆poppylikecats|i was like 534 speed
|c|☆hongbong|even with +2?
|
|t:|1757903580
|move|p2a: Hoopa|Psyshock|p1a: Meowscarada
|-immune|p1a: Meowscarada
|move|p1a: Meowscarada|Flower Trick|p2a: Hoopa
|-start|p1a: Meowscarada|typechange|Grass|[from] ability: Protean
|-resisted|p2a: Hoopa
|-crit|p2a: Hoopa
|-damage|p2a: Hoopa|0 fnt
|faint|p2a: Hoopa
|
|upkeep
|c|☆hongbong|i have 584
|c|☆hongbong|568*
|
|t:|1757903592
|switch|p2a: Ogerpon|Ogerpon, F|100/100
|-damage|p2a: Ogerpon|88/100|[from] Stealth Rock
|turn|15
|inactive|poppylikecats has 90 seconds left.
|c|☆poppylikecats|is it timid
|c|☆hongbong|yea
|
|t:|1757903613
|switch|p1a: Pecharunt|Pecharunt|59/100
|move|p2a: Ogerpon|U-turn|p1a: Pecharunt
|-resisted|p1a: Pecharunt
|-damage|p1a: Pecharunt|55/100
|c|☆hongbong|too slow without
|c|☆hongbong|specifically bc of valiant
|
|t:|1757903622
|switch|p2a: Lycanroc|Lycanroc-Dusk, F|88/100|[from] U-turn
|-damage|p2a: Lycanroc|76/100|[from] Stealth Rock
|
|upkeep
|turn|16
|c|☆poppylikecats|that kinda fucked me oops
|inactive|poppylikecats has 90 seconds left.
|
|t:|1757903636
|switch|p1a: Great Tusk|Great Tusk|89/100
|move|p2a: Lycanroc|Shadow Ball|p1a: Great Tusk
|-damage|p1a: Great Tusk|4/100
|
|upkeep
|turn|17
|
|t:|1757903638
|move|p2a: Lycanroc|Shadow Ball|p1a: Great Tusk
|-damage|p1a: Great Tusk|0 fnt
|faint|p1a: Great Tusk
|-end|p1a: Great Tusk|Protosynthesis|[silent]
|
|upkeep
|
|t:|1757903642
|switch|p1a: Meowscarada|Meowscarada, M|55/100
|turn|18
|
|t:|1757903656
|switch|p2a: Tentacruel|Tentacruel, F|100/100
|-damage|p2a: Tentacruel|88/100|[from] Stealth Rock
|move|p1a: Meowscarada|Knock Off|p2a: Tentacruel
|-start|p1a: Meowscarada|typechange|Dark|[from] ability: Protean
|-damage|p2a: Tentacruel|19/100
|-enditem|p2a: Tentacruel|Assault Vest|[from] move: Knock Off|[of] p1a: Meowscarada
|
|upkeep
|turn|19
|c|☆hongbong|idk this meow kinda wrecks my whole team
|
|t:|1757903666
|move|p1a: Meowscarada|Knock Off|p2a: Tentacruel
|-damage|p2a: Tentacruel|0 fnt
|faint|p2a: Tentacruel
|
|upkeep
|
|t:|1757903683
|switch|p2a: Lycanroc|Lycanroc-Dusk, F|100/100
|-damage|p2a: Lycanroc|88/100|[from] Stealth Rock
|turn|20
|inactive|poppylikecats has 120 seconds left.
|
|t:|1757903695
|switch|p1a: Pecharunt|Pecharunt|55/100
|move|p2a: Lycanroc|Accelerock|p1a: Pecharunt
|-damage|p1a: Pecharunt|43/100
|
|upkeep
|turn|21
|inactive|poppylikecats has 120 seconds left.
|
|t:|1757903701
|switch|p2a: Ogerpon|Ogerpon, F|76/100
|-damage|p2a: Ogerpon|63/100|[from] Stealth Rock
|move|p1a: Pecharunt|Malignant Chain|p2a: Ogerpon
|-resisted|p2a: Ogerpon
|-damage|p2a: Ogerpon|30/100
|replace|p2a: Zoroark|Zoroark-Hisui, M
|-end|p2a: Zoroark|Illusion
|
|upkeep
|turn|22
|inactive|poppylikecats has 120 seconds left.
|
|t:|1757903721
|switch|p1a: Meowscarada|Meowscarada, M|55/100
|move|p2a: Zoroark|Shadow Ball|p1a: Meowscarada
|-resisted|p1a: Meowscarada
|-damage|p1a: Meowscarada|12/100
|
|upkeep
|turn|23
|
|t:|1757903726
|switch|p2a: Ogerpon|Ogerpon, F|88/100
|-damage|p2a: Ogerpon|76/100|[from] Stealth Rock
|move|p1a: Meowscarada|U-turn|p2a: Ogerpon
|-start|p1a: Meowscarada|typechange|Bug|[from] ability: Protean
|-supereffective|p2a: Ogerpon
|-damage|p2a: Ogerpon|0 fnt
|faint|p2a: Ogerpon
|
|t:|1757903728
|switch|p1a: Pecharunt|Pecharunt|43/100|[from] U-turn
|
|upkeep
|
|t:|1757903730
|switch|p2a: Lycanroc|Lycanroc-Dusk, F|30/100
|-damage|p2a: Lycanroc|18/100|[from] Stealth Rock
|turn|24
|
|t:|1757903740
|-terastallize|p1a: Pecharunt|Fairy
|move|p2a: Lycanroc|Shadow Ball|p1a: Pecharunt
|-damage|p1a: Pecharunt|0 fnt
|faint|p1a: Pecharunt
|
|upkeep
|c|☆hongbong|gg
|c|☆poppylikecats|gg
|c|☆hongbong|unless u have sucker
|
|t:|1757903750
|switch|p1a: Meowscarada|Meowscarada, M|12/100
|turn|25
|c|☆hongbong|on banded
|inactive|poppylikecats has 120 seconds left.
|c|☆poppylikecats|is it modest lycanroc
|c|☆poppylikecats|i really expected to live that
|
|t:|1757903800
|move|p1a: Meowscarada|Flower Trick|p2a: Lycanroc
|-start|p1a: Meowscarada|typechange|Grass|[from] ability: Protean
|-crit|p2a: Lycanroc
|-damage|p2a: Lycanroc|0 fnt
|replace|p2a: Zoroark|Zoroark-Hisui, M
|-end|p2a: Zoroark|Illusion
|faint|p2a: Zoroark
|
|upkeep
|c|☆hongbong|bro
|
|t:|1757903807
|switch|p2a: Lycanroc|Lycanroc-Dusk, F|88/100
|-damage|p2a: Lycanroc|76/100|[from] Stealth Rock
|turn|26
|
|t:|1757903811
|move|p2a: Lycanroc|Accelerock|p1a: Meowscarada
|-damage|p1a: Meowscarada|0 fnt
|faint|p1a: Meowscarada
|
|win|hongbong
|raw|poppylikecats's rating: 1411 &rarr; <strong>1393</strong><br />(-18 for losing)
|raw|hongbong's rating: 1454 &rarr; <strong>1472</strong><br />(+18 for winning)
|c|☆hongbong|it was zoro
|c|☆hongbong|jolly lycanroc
|c|☆hongbong|timid zoro
|c|☆poppylikecats|I THOUGHT ILLUSION WAS BROKEN FOR THE REST OF THE MATCH
|c|☆poppylikecats|lmao
|c|☆hongbong|XD
|c|☆poppylikecats|i dont think i could win anyways
|c|☆hongbong|yea thats not how it works
|c|☆hongbong|i think if you didnt switch to meow
|c|☆poppylikecats|not like meow was taking a shadow ball
|c|☆hongbong|that one turn
|c|☆poppylikecats|i couldve won a lot of ways i just got cooked by the weird sets
|c|☆hongbong|just sack pech and hope you live accelerock
|c|☆poppylikecats|timid hoopa was interesting
|c|☆hongbong|yea lmao
|c|☆poppylikecats|accelerock was gonna ohko
|c|☆hongbong|oh idk my calcs so maybe
|c|☆poppylikecats|fun team :p
|c|☆hongbong|thanks
|c|☆hongbong|blaziken sweeps a lot
|c|☆hongbong|stupid reversal set is so fun
|c|☆poppylikecats|the hoopa got me so bad i really thought val would outspeed i wouldve saved it if i knew
|c|☆hongbong|good luck climbing ladder
|c|☆poppylikecats|bc booster speed clears the whole game
|c|☆poppylikecats|ty
