|j|☆v1rtuegam1ng
|j|☆peptog
|t:|1757831374
|gametype|singles
|player|p1|v1rtuegam1ng|veteran|1119
|player|p2|peptog|266|1137
|gen|9
|tier|[Gen 9] OU
|rated|
|rule|HP Percentage Mod: HP is shown in percentages
|rule|Endless Battle Clause: Forcing endless battles is banned
|rule|Species Clause: Limit one of each Pokémon
|rule|OHKO Clause: OHKO moves are banned
|rule|Evasion Items Clause: Evasion items are banned
|rule|Evasion Moves Clause: Evasion moves are banned
|rule|Evasion Abilities Clause: Evasion abilities are banned
|rule|Sleep Moves Clause: Sleep-inducing moves are banned
|clearpoke
|poke|p1|Leavanny, F|
|poke|p1|Ninetales, F|
|poke|p1|Torkoal, M|
|poke|p1|Walking Wake|
|poke|p1|Araquanid, M|
|poke|p1|Gliscor, M|
|poke|p2|Corviknight, F|
|poke|p2|Scizor, F|
|poke|p2|Gholdengo|
|poke|p2|Iron Treads|
|poke|p2|Heatran, M|
|poke|p2|Revavroom, F|
|teampreview
|
|t:|1757831393
|teamsize|p1|6
|teamsize|p2|6
|start
|switch|p1a: Gliscor|Gliscor, M|100/100
|switch|p2a: Iron Treads|Iron Treads|100/100
|-item|p2a: Iron Treads|Air Balloon
|turn|1
|
|t:|1757831401
|move|p1a: Gliscor|Facade|p2a: Iron Treads
|-resisted|p2a: Iron Treads
|-damage|p2a: Iron Treads|92/100
|-enditem|p2a: Iron Treads|Air Balloon
|move|p2a: Iron Treads|Stealth Rock|p1a: Gliscor
|-sidestart|p1: v1rtuegam1ng|move: Stealth Rock
|
|-status|p1a: Gliscor|tox|[from] item: Toxic Orb
|upkeep
|turn|2
|
|t:|1757831417
|move|p1a: Gliscor|Substitute|p1a: Gliscor
|-start|p1a: Gliscor|Substitute
|-damage|p1a: Gliscor|76/100 tox
|move|p2a: Iron Treads|Ice Spinner|p1a: Gliscor
|-supereffective|p1a: Gliscor
|-end|p1a: Gliscor|Substitute
|
|-heal|p1a: Gliscor|88/100 tox|[from] ability: Poison Heal
|upkeep
|turn|3
|
|t:|1757831425
|move|p1a: Gliscor|Earthquake|p2a: Iron Treads
|-supereffective|p2a: Iron Treads
|-damage|p2a: Iron Treads|19/100
|move|p2a: Iron Treads|Ice Spinner|p1a: Gliscor
|-supereffective|p1a: Gliscor
|-damage|p1a: Gliscor|0 fnt
|faint|p1a: Gliscor
|
|upkeep
|
|t:|1757831433
|switch|p1a: Torkoal|Torkoal, M|100/100
|-damage|p1a: Torkoal|75/100|[from] Stealth Rock
|-weather|SunnyDay|[from] ability: Drought|[of] p1a: Torkoal
|turn|4
|
|t:|1757831439
|move|p2a: Iron Treads|Earthquake|p1a: Torkoal
|-supereffective|p1a: Torkoal
|-damage|p1a: Torkoal|13/100
|move|p1a: Torkoal|Rapid Spin|p2a: Iron Treads
|-resisted|p2a: Iron Treads
|-damage|p2a: Iron Treads|15/100
|-boost|p1a: Torkoal|spe|1
|-sideend|p1: v1rtuegam1ng|Stealth Rock|[from] move: Rapid Spin|[of] p1a: Torkoal
|
|-weather|SunnyDay|[upkeep]
|-heal|p1a: Torkoal|19/100|[from] item: Leftovers
|upkeep
|turn|5
|
|t:|1757831450
|move|p2a: Iron Treads|Stealth Rock|p1a: Torkoal
|-sidestart|p1: v1rtuegam1ng|move: Stealth Rock
|move|p1a: Torkoal|Stealth Rock|p2a: Iron Treads
|-sidestart|p2: peptog|move: Stealth Rock
|
|-weather|SunnyDay|[upkeep]
|-heal|p1a: Torkoal|25/100|[from] item: Leftovers
|upkeep
|turn|6
|
|t:|1757831456
|move|p2a: Iron Treads|Rapid Spin|p1a: Torkoal
|-damage|p1a: Torkoal|14/100
|-boost|p2a: Iron Treads|spe|1
|-sideend|p2: peptog|Stealth Rock|[from] move: Rapid Spin|[of] p2a: Iron Treads
|move|p1a: Torkoal|Rapid Spin|p2a: Iron Treads
|-resisted|p2a: Iron Treads
|-damage|p2a: Iron Treads|10/100
|-boost|p1a: Torkoal|spe|1
|-sideend|p1: v1rtuegam1ng|Stealth Rock|[from] move: Rapid Spin|[of] p1a: Torkoal
|
|-weather|SunnyDay|[upkeep]
|-heal|p1a: Torkoal|21/100|[from] item: Leftovers
|upkeep
|turn|7
|
|t:|1757831464
|move|p2a: Iron Treads|Earthquake|p1a: Torkoal
|-supereffective|p1a: Torkoal
|-damage|p1a: Torkoal|0 fnt
|faint|p1a: Torkoal
|
|-weather|SunnyDay|[upkeep]
|upkeep
|
|t:|1757831469
|switch|p1a: Leavanny|Leavanny, F|100/100
|turn|8
|
|t:|1757831476
|move|p1a: Leavanny|Fell Stinger|p2a: Iron Treads
|-resisted|p2a: Iron Treads
|-damage|p2a: Iron Treads|0 fnt
|faint|p2a: Iron Treads
|-end|p2a: Iron Treads|Quark Drive|[silent]
|-boost|p1a: Leavanny|atk|3
|-damage|p1a: Leavanny|91/100|[from] item: Life Orb
|
|-weather|none
|upkeep
|
|t:|1757831483
|switch|p2a: Gholdengo|Gholdengo|100/100
|turn|9
|
|t:|1757831489
|move|p2a: Gholdengo|Make It Rain|p1a: Leavanny
|-damage|p1a: Leavanny|0 fnt
|-unboost|p2a: Gholdengo|spa|1
|faint|p1a: Leavanny
|
|upkeep
|
|t:|1757831495
|switch|p1a: Ninetales|Ninetales, F|100/100
|-weather|SunnyDay|[from] ability: Drought|[of] p1a: Ninetales
|turn|10
|
|t:|1757831504
|switch|p2a: Heatran|Heatran, M|100/100
|switch|p1a: Araquanid|Araquanid, M|100/100
|
|-weather|SunnyDay|[upkeep]
|upkeep
|turn|11
|
|t:|1757831525
|switch|p2a: Revavroom|Revavroom, F|100/100
|-item|p2a: Revavroom|Air Balloon
|move|p1a: Araquanid|Mirror Coat||[still]
|-fail|p1a: Araquanid
|
|-weather|SunnyDay|[upkeep]
|upkeep
|turn|12
|
|t:|1757831534
|move|p2a: Revavroom|Toxic|p1a: Araquanid
|-status|p1a: Araquanid|tox
|move|p1a: Araquanid|Lunge|p2a: Revavroom
|-resisted|p2a: Revavroom
|-damage|p2a: Revavroom|95/100
|-unboost|p2a: Revavroom|atk|1
|-enditem|p2a: Revavroom|Air Balloon
|
|-weather|SunnyDay|[upkeep]
|-damage|p1a: Araquanid|94/100 tox|[from] psn
|upkeep
|turn|13
|
|t:|1757831548
|move|p2a: Revavroom|Parting Shot|p1a: Araquanid
|-unboost|p1a: Araquanid|atk|1
|-unboost|p1a: Araquanid|spa|1
|
|t:|1757831560
|switch|p2a: Scizor|Scizor, F|100/100|[from] Parting Shot
|move|p1a: Araquanid|Sticky Web|p2a: Scizor
|-sidestart|p2: peptog|move: Sticky Web
|
|-weather|SunnyDay|[upkeep]
|-heal|p1a: Araquanid|100/100 tox|[from] item: Leftovers
|-damage|p1a: Araquanid|88/100 tox|[from] psn
|upkeep
|turn|14
|
|t:|1757831571
|move|p2a: Scizor|Swords Dance|p2a: Scizor
|-boost|p2a: Scizor|atk|2
|move|p1a: Araquanid|Lunge|p2a: Scizor
|-resisted|p2a: Scizor
|-damage|p2a: Scizor|92/100
|-unboost|p2a: Scizor|atk|1
|
|-weather|SunnyDay|[upkeep]
|-heal|p1a: Araquanid|94/100 tox|[from] item: Leftovers
|-damage|p1a: Araquanid|76/100 tox|[from] psn
|upkeep
|turn|15
|
|t:|1757831596
|move|p2a: Scizor|Dual Wingbeat|p1a: Araquanid
|-supereffective|p1a: Araquanid
|-damage|p1a: Araquanid|5/100 tox
|-supereffective|p1a: Araquanid
|-damage|p1a: Araquanid|0 fnt
|faint|p1a: Araquanid
|-hitcount|p1: Araquanid|2
|
|-weather|SunnyDay|[upkeep]
|upkeep
|
|t:|1757831606
|switch|p1a: Walking Wake|Walking Wake|100/100
|-activate|p1a: Walking Wake|ability: Protosynthesis
|-start|p1a: Walking Wake|protosynthesisspe
|turn|16
|
|t:|1757831623
|-terastallize|p1a: Walking Wake|Steel
|-terastallize|p2a: Scizor|Fire
|move|p2a: Scizor|Bullet Punch|p1a: Walking Wake
|-resisted|p1a: Walking Wake
|-damage|p1a: Walking Wake|76/100
|move|p1a: Walking Wake|Hydro Steam|p2a: Scizor
|-supereffective|p2a: Scizor
|-damage|p2a: Scizor|0 fnt
|faint|p2a: Scizor
|
|-weather|SunnyDay|[upkeep]
|upkeep
|
|t:|1757831657
|switch|p2a: Corviknight|Corviknight, F|100/100
|turn|17
|
|t:|1757831663
|move|p1a: Walking Wake|Hydro Steam|p2a: Corviknight
|-damage|p2a: Corviknight|3/100
|move|p2a: Corviknight|Bulk Up|p2a: Corviknight
|-boost|p2a: Corviknight|atk|1
|-boost|p2a: Corviknight|def|1
|
|-weather|none
|-end|p1a: Walking Wake|Protosynthesis
|-heal|p2a: Corviknight|9/100|[from] item: Leftovers
|upkeep
|turn|18
|-message|peptog forfeited.
|
|win|v1rtuegam1ng
|raw|v1rtuegam1ng's rating: 1119 &rarr; <strong>1145</strong><br />(+26 for winning)
|raw|peptog's rating: 1137 &rarr; <strong>1111</strong><br />(-26 for losing)
|l|☆peptog
|player|p2|
|l|☆v1rtuegam1ng
|player|p1|
