|j|☆BozoticMeister
|j|☆locoflames
|t:|1757806795
|gametype|singles
|player|p1|BozoticMeister|hiker-gen4|1068
|player|p2|locoflames|ingo|1046
|gen|9
|tier|[Gen 9] OU
|rated|
|rule|HP Percentage Mod: HP is shown in percentages
|rule|Endless Battle Clause: Forcing endless battles is banned
|rule|Species Clause: Limit one of each Pokémon
|rule|OHKO Clause: OHKO moves are banned
|rule|Evasion Items Clause: Evasion items are banned
|rule|Evasion Moves Clause: Evasion moves are banned
|rule|Evasion Abilities Clause: Evasion abilities are banned
|rule|Sleep Moves Clause: Sleep-inducing moves are banned
|clearpoke
|poke|p1|Greninja-*, M|
|poke|p1|Scizor, M|
|poke|p1|Corviknight, M|
|poke|p1|Slowking-Galar, M|
|poke|p1|Great Tusk|
|poke|p1|Dragapult, F|
|poke|p2|Dragonite, M|
|poke|p2|Gengar, M|
|poke|p2|Lucario, F|
|poke|p2|Ceruledge, F|
|poke|p2|Kingambit, M|
|poke|p2|Gliscor, M|
|teampreview
|
|t:|1757806804
|teamsize|p1|6
|teamsize|p2|6
|start
|switch|p1a: Chipp Zanuff|Greninja, M|100/100
|switch|p2a: Dragonite|Dragonite, M|100/100
|turn|1
|
|t:|1757806825
|move|p1a: Chipp Zanuff|Ice Beam|p2a: Dragonite
|-supereffective|p2a: Dragonite
|-damage|p2a: Dragonite|0 fnt
|faint|p2a: Dragonite
|-ability|p1a: Chipp Zanuff|Battle Bond|boost
|-boost|p1a: Chipp Zanuff|atk|1
|-boost|p1a: Chipp Zanuff|spa|1
|-boost|p1a: Chipp Zanuff|spe|1
|-activate|p1a: Chipp Zanuff|ability: Battle Bond
|
|upkeep
|
|t:|1757806840
|switch|p2a: Lucario|Lucario, F|100/100
|turn|2
|
|t:|1757806851
|-terastallize|p2a: Lucario|Fighting
|move|p1a: Chipp Zanuff|Switcheroo|p2a: Lucario
|-activate|p1a: Chipp Zanuff|move: Trick|[of] p2a: Lucario
|-item|p2a: Lucario|Focus Sash|[from] move: Switcheroo
|-item|p1a: Chipp Zanuff|Choice Specs|[from] move: Switcheroo
|move|p2a: Lucario|Aura Sphere|p1a: Chipp Zanuff
|-supereffective|p1a: Chipp Zanuff
|-damage|p1a: Chipp Zanuff|0 fnt
|faint|p1a: Chipp Zanuff
|
|upkeep
|
|t:|1757806860
|switch|p1a: Getter Hawk|Dragapult, F|100/100
|turn|3
|
|t:|1757806866
|move|p1a: Getter Hawk|Flamethrower|p2a: Lucario
|-damage|p2a: Lucario|34/100
|move|p2a: Lucario|Crunch|p1a: Getter Hawk
|-supereffective|p1a: Getter Hawk
|-damage|p1a: Getter Hawk|46/100
|
|upkeep
|turn|4
|
|t:|1757806875
|switch|p2a: Gliscor|Gliscor, M, shiny|100/100
|move|p1a: Getter Hawk|Flamethrower|p2a: Gliscor
|-damage|p2a: Gliscor|49/100
|
|-status|p2a: Gliscor|tox|[from] item: Toxic Orb
|upkeep
|turn|5
|
|t:|1757806889
|move|p2a: Gliscor|Protect|p2a: Gliscor
|-singleturn|p2a: Gliscor|Protect
|move|p1a: Getter Hawk|Flamethrower|p2a: Gliscor
|-activate|p2a: Gliscor|move: Protect
|
|-heal|p2a: Gliscor|61/100 tox|[from] ability: Poison Heal
|upkeep
|turn|6
|
|t:|1757806903
|switch|p1a: Batman|Corviknight, M|100/100
|move|p2a: Gliscor|Crabhammer|p1a: Batman
|-crit|p1a: Batman
|-damage|p1a: Batman|74/100
|-damage|p2a: Gliscor|45/100 tox|[from] item: Rocky Helmet|[of] p1a: Batman
|
|-heal|p2a: Gliscor|57/100 tox|[from] ability: Poison Heal
|upkeep
|turn|7
|
|t:|1757806918
|move|p2a: Gliscor|Protect|p2a: Gliscor
|-singleturn|p2a: Gliscor|Protect
|move|p1a: Batman|Iron Defense|p1a: Batman
|-boost|p1a: Batman|def|2
|
|-heal|p2a: Gliscor|70/100 tox|[from] ability: Poison Heal
|upkeep
|turn|8
|
|t:|1757806926
|move|p2a: Gliscor|Facade|p1a: Batman
|-resisted|p1a: Batman
|-damage|p1a: Batman|68/100
|-damage|p2a: Gliscor|53/100 tox|[from] item: Rocky Helmet|[of] p1a: Batman
|move|p1a: Batman|Brave Bird|p2a: Gliscor
|-damage|p2a: Gliscor|29/100 tox
|-damage|p1a: Batman|61/100|[from] Recoil
|
|-heal|p2a: Gliscor|42/100 tox|[from] ability: Poison Heal
|upkeep
|turn|9
|
|t:|1757806943
|move|p2a: Gliscor|Crabhammer|p1a: Batman
|-damage|p1a: Batman|52/100
|-damage|p2a: Gliscor|25/100 tox|[from] item: Rocky Helmet|[of] p1a: Batman
|move|p1a: Batman|Brave Bird|p2a: Gliscor
|-damage|p2a: Gliscor|0 fnt
|faint|p2a: Gliscor
|-damage|p1a: Batman|45/100|[from] Recoil
|
|upkeep
|
|t:|1757806958
|switch|p2a: Ceruledge|Ceruledge, F|100/100
|turn|10
|
|t:|1757806964
|-terastallize|p1a: Batman|Water
|move|p2a: Ceruledge|Bitter Blade|p1a: Batman
|-resisted|p1a: Batman
|-damage|p1a: Batman|32/100
|-damage|p2a: Ceruledge|84/100|[from] item: Rocky Helmet|[of] p1a: Batman
|move|p1a: Batman|Roost|p1a: Batman
|-heal|p1a: Batman|82/100
|
|upkeep
|turn|11
|
|t:|1757806975
|switch|p2a: Gengar|Gengar, M|100/100
|move|p1a: Batman|Iron Defense|p1a: Batman
|-boost|p1a: Batman|def|2
|
|upkeep
|turn|12
|
|t:|1757806990
|move|p2a: Gengar|Shadow Ball|p1a: Batman
|-damage|p1a: Batman|17/100
|-ability|p1a: Batman|Mirror Armor
|-unboost|p2a: Gengar|spd|1
|move|p1a: Batman|Brave Bird|p2a: Gengar
|-damage|p2a: Gengar|25/100
|-damage|p1a: Batman|0 fnt|[from] Recoil
|faint|p1a: Batman
|
|upkeep
|
|t:|1757806997
|switch|p1a: Zero (Hair)|Scizor, M|100/100
|turn|13
|
|t:|1757807005
|move|p1a: Zero (Hair)|Bullet Punch|p2a: Gengar
|-damage|p2a: Gengar|0 fnt
|faint|p2a: Gengar
|-damage|p1a: Zero (Hair)|91/100|[from] item: Life Orb
|
|upkeep
|
|t:|1757807015
|switch|p2a: Ceruledge|Ceruledge, F|84/100
|turn|14
|
|t:|1757807036
|move|p2a: Ceruledge|Close Combat|p1a: Zero (Hair)
|-damage|p1a: Zero (Hair)|29/100
|-unboost|p2a: Ceruledge|def|1
|-unboost|p2a: Ceruledge|spd|1
|move|p1a: Zero (Hair)|Swords Dance|p1a: Zero (Hair)
|-boost|p1a: Zero (Hair)|atk|2
|
|upkeep
|turn|15
|
|t:|1757807046
|move|p1a: Zero (Hair)|Bullet Punch|p2a: Ceruledge
|-resisted|p2a: Ceruledge
|-damage|p2a: Ceruledge|0 fnt
|faint|p2a: Ceruledge
|-damage|p1a: Zero (Hair)|19/100|[from] item: Life Orb
|
|upkeep
|
|t:|1757807052
|switch|p2a: Lucario|Lucario, F, tera:Fighting|34/100
|turn|16
|
|t:|1757807058
|move|p2a: Lucario|Bullet Punch|p1a: Zero (Hair)
|-resisted|p1a: Zero (Hair)
|-damage|p1a: Zero (Hair)|11/100
|move|p1a: Zero (Hair)|Bullet Punch|p2a: Lucario
|-damage|p2a: Lucario|0 fnt
|faint|p2a: Lucario
|-damage|p1a: Zero (Hair)|1/100|[from] item: Life Orb
|
|upkeep
|
|t:|1757807066
|switch|p2a: Kingambit|Kingambit, M, shiny|100/100
|-activate|p2a: Kingambit|ability: Supreme Overlord
|-start|p2a: Kingambit|fallen5|[silent]
|turn|17
|
|t:|1757807074
|move|p1a: Zero (Hair)|Knock Off|p2a: Kingambit
|-resisted|p2a: Kingambit
|-damage|p2a: Kingambit|66/100
|-enditem|p2a: Kingambit|Choice Band|[from] move: Knock Off|[of] p1a: Zero (Hair)
|-damage|p1a: Zero (Hair)|0 fnt|[from] item: Life Orb
|faint|p1a: Zero (Hair)
|move|p2a: Kingambit|Iron Defense|p2a: Kingambit
|-boost|p2a: Kingambit|def|2
|
|upkeep
|
|t:|1757807083
|switch|p1a: The Thing|Great Tusk|100/100
|-enditem|p1a: The Thing|Booster Energy
|-activate|p1a: The Thing|ability: Protosynthesis|[fromitem]
|-start|p1a: The Thing|protosynthesisatk
|turn|18
|
|t:|1757807094
|move|p1a: The Thing|Close Combat|p2a: Kingambit
|-supereffective|p2a: Kingambit
|-damage|p2a: Kingambit|0 fnt
|-unboost|p1a: The Thing|def|1
|-unboost|p1a: The Thing|spd|1
|faint|p2a: Kingambit
|-end|p2a: Kingambit|fallen5|[silent]
|
|win|BozoticMeister
|raw|BozoticMeister's rating: 1068 &rarr; <strong>1096</strong><br />(+28 for winning)
|raw|locoflames's rating: 1046 &rarr; <strong>1030</strong><br />(-16 for losing)
|l|☆locoflames
|player|p2|
