|j|☆HANDYARROW22
|j|☆DickbuttWasTaken
|t:|1757912126
|gametype|singles
|player|p1|HANDYARROW22|drayden|1165
|player|p2|DickbuttWasTaken|clown|1151
|gen|9
|tier|[Gen 9] OU
|rated|
|rule|HP Percentage Mod: HP is shown in percentages
|rule|Endless Battle Clause: Forcing endless battles is banned
|rule|Species Clause: Limit one of each Pokémon
|rule|OHKO Clause: OHKO moves are banned
|rule|Evasion Items Clause: Evasion items are banned
|rule|Evasion Moves Clause: Evasion moves are banned
|rule|Evasion Abilities Clause: Evasion abilities are banned
|rule|Sleep Moves Clause: Sleep-inducing moves are banned
|clearpoke
|poke|p1|Arcanine-Hisui, M|
|poke|p1|Scizor, F|
|poke|p1|Maushold-Four|
|poke|p1|Dragapult, F|
|poke|p1|Conkeldurr, M|
|poke|p1|Ting-Lu|
|poke|p2|Blaziken, F|
|poke|p2|Metagross|
|poke|p2|Chesnaught, M|
|poke|p2|Garchomp, F|
|poke|p2|Tentacruel, M|
|poke|p2|Greninja-*, M|
|teampreview
|inactive|Battle timer is ON: inactive players will automatically lose when time's up. (requested by HANDYARROW22)
|
|t:|1757912152
|teamsize|p1|6
|teamsize|p2|6
|start
|switch|p1a: Ting-Lu|Ting-Lu|100/100
|switch|p2a: Greninja|Greninja, M|100/100
|-ability|p1a: Ting-Lu|Vessel of Ruin
|turn|1
|
|t:|1757912165
|move|p2a: Greninja|Hydro Pump|p1a: Ting-Lu
|-supereffective|p1a: Ting-Lu
|-damage|p1a: Ting-Lu|53/100
|move|p1a: Ting-Lu|Body Press|p2a: Greninja
|-supereffective|p2a: Greninja
|-damage|p2a: Greninja|7/100
|
|-heal|p1a: Ting-Lu|59/100|[from] item: Leftovers
|upkeep
|turn|2
|
|t:|1757912175
|move|p2a: Greninja|Toxic Spikes|p1a: Ting-Lu
|-sidestart|p1: HANDYARROW22|move: Toxic Spikes
|move|p1a: Ting-Lu|Stealth Rock|p2a: Greninja
|-sidestart|p2: DickbuttWasTaken|move: Stealth Rock
|
|-heal|p1a: Ting-Lu|65/100|[from] item: Leftovers
|upkeep
|turn|3
|
|t:|1757912185
|move|p2a: Greninja|Toxic Spikes|p1a: Ting-Lu
|-sidestart|p1: HANDYARROW22|move: Toxic Spikes
|move|p1a: Ting-Lu|Spikes|p2a: Greninja
|-sidestart|p2: DickbuttWasTaken|Spikes
|
|-heal|p1a: Ting-Lu|71/100|[from] item: Leftovers
|upkeep
|turn|4
|
|t:|1757912193
|move|p2a: Greninja|Hydro Pump|p1a: Ting-Lu
|-supereffective|p1a: Ting-Lu
|-damage|p1a: Ting-Lu|0 fnt
|faint|p1a: Ting-Lu
|
|upkeep
|
|t:|1757912203
|switch|p1a: Scizor|Scizor, F|100/100
|turn|5
|
|t:|1757912230
|move|p2a: Greninja|Ice Beam|p1a: Scizor
|-resisted|p1a: Scizor
|-damage|p1a: Scizor|79/100
|move|p1a: Scizor|Swords Dance|p1a: Scizor
|-boost|p1a: Scizor|atk|2
|
|upkeep
|turn|6
|
|t:|1757912239
|move|p2a: Greninja|Hydro Pump|p1a: Scizor
|-damage|p1a: Scizor|0 fnt
|faint|p1a: Scizor
|
|upkeep
|
|t:|1757912246
|switch|p1a: Maushold|Maushold-Four|100/100
|-status|p1a: Maushold|tox
|turn|7
|
|t:|1757912261
|move|p2a: Greninja|Water Shuriken|p1a: Maushold
|-damage|p1a: Maushold|84/100 tox
|-crit|p1a: Maushold
|-damage|p1a: Maushold|58/100 tox
|-damage|p1a: Maushold|41/100 tox
|-damage|p1a: Maushold|24/100 tox
|-damage|p1a: Maushold|9/100 tox
|-hitcount|p1a: Maushold|5
|move|p1a: Maushold|Tidy Up|p1a: Maushold
|-sideend|p1: HANDYARROW22|Toxic Spikes
|-sideend|p2: DickbuttWasTaken|Spikes
|-sideend|p2: DickbuttWasTaken|Stealth Rock
|-activate|p1a: Maushold|move: Tidy Up
|-boost|p1a: Maushold|atk|1
|-boost|p1a: Maushold|spe|1
|
|-damage|p1a: Maushold|3/100 tox|[from] psn
|upkeep
|turn|8
|
|t:|1757912276
|move|p2a: Greninja|Water Shuriken|p1a: Maushold
|-damage|p1a: Maushold|0 fnt
|faint|p1a: Maushold
|-hitcount|p1: Maushold|1
|
|upkeep
|
|t:|1757912285
|switch|p1a: Dragapult|Dragapult, F|100/100
|turn|9
|
|t:|1757912297
|-terastallize|p2a: Greninja|Ground
|move|p1a: Dragapult|U-turn|p2a: Greninja
|-damage|p2a: Greninja|0 fnt
|faint|p2a: Greninja
|
|t:|1757912302
|switch|p1a: Arcanine|Arcanine-Hisui, M|100/100|[from] U-turn
|
|upkeep
|
|t:|1757912311
|switch|p2a: Tentacruel|Tentacruel, M|100/100
|turn|10
|
|t:|1757912315
|move|p1a: Arcanine|Wild Charge|p2a: Tentacruel
|-supereffective|p2a: Tentacruel
|-damage|p2a: Tentacruel|30/100
|move|p2a: Tentacruel|Rain Dance|p2a: Tentacruel
|-weather|RainDance
|
|-weather|RainDance|[upkeep]
|-heal|p2a: Tentacruel|36/100|[from] ability: Rain Dish
|-heal|p2a: Tentacruel|42/100|[from] item: Leftovers
|upkeep
|turn|11
|
|t:|1757912330
|move|p2a: Tentacruel|Protect|p2a: Tentacruel
|-singleturn|p2a: Tentacruel|Protect
|move|p1a: Arcanine|Head Smash|p2a: Tentacruel
|-activate|p2a: Tentacruel|move: Protect
|
|-weather|RainDance|[upkeep]
|-heal|p2a: Tentacruel|48/100|[from] ability: Rain Dish
|-heal|p2a: Tentacruel|54/100|[from] item: Leftovers
|upkeep
|turn|12
|
|t:|1757912340
|move|p1a: Arcanine|Wild Charge|p2a: Tentacruel
|-supereffective|p2a: Tentacruel
|-damage|p2a: Tentacruel|0 fnt
|faint|p2a: Tentacruel
|
|-weather|RainDance|[upkeep]
|upkeep
|
|t:|1757912347
|switch|p2a: Garchomp|Garchomp, F|100/100
|turn|13
|
|t:|1757912364
|move|p1a: Arcanine|Extreme Speed|p2a: Garchomp
|-damage|p2a: Garchomp|75/100
|-damage|p1a: Arcanine|88/100|[from] ability: Rough Skin|[of] p2a: Garchomp
|move|p2a: Garchomp|Earthquake|p1a: Arcanine
|-supereffective|p1a: Arcanine
|-damage|p1a: Arcanine|0 fnt
|faint|p1a: Arcanine
|
|-weather|RainDance|[upkeep]
|upkeep
|
|t:|1757912377
|switch|p1a: Dragapult|Dragapult, F|100/100
|turn|14
|
|t:|1757912386
|switch|p2a: Chesnaught|Chesnaught, M|100/100
|move|p1a: Dragapult|Phantom Force||[still]
|-prepare|p1a: Dragapult|Phantom Force
|
|-weather|none
|upkeep
|turn|15
|
|t:|1757912394
|move|p2a: Chesnaught|Spiky Shield|p2a: Chesnaught
|-singleturn|p2a: Chesnaught|move: Protect
|move|p1a: Dragapult|Phantom Force|p2a: Chesnaught|[from] lockedmove
|-activate|p2a: Chesnaught|move: Phantom Force|[broken]
|-damage|p2a: Chesnaught|44/100
|
|upkeep
|turn|16
|
|t:|1757912402
|move|p1a: Dragapult|Phantom Force||[still]
|-prepare|p1a: Dragapult|Phantom Force
|move|p2a: Chesnaught|Leech Seed|p1a: Dragapult|[miss]
|-miss|p2a: Chesnaught|p1a: Dragapult
|
|upkeep
|turn|17
|
|t:|1757912422
|switch|p2a: Garchomp|Garchomp, F|75/100
|move|p1a: Dragapult|Phantom Force|p2a: Garchomp|[from] lockedmove
|-damage|p2a: Garchomp|0 fnt
|-damage|p1a: Dragapult|88/100|[from] ability: Rough Skin|[of] p2a: Garchomp
|faint|p2a: Garchomp
|
|upkeep
|
|t:|1757912434
|switch|p2a: Blaziken|Blaziken, F|100/100
|turn|18
|
|t:|1757912439
|move|p1a: Dragapult|Phantom Force||[still]
|-prepare|p1a: Dragapult|Phantom Force
|move|p2a: Blaziken|Swords Dance|p2a: Blaziken
|-boost|p2a: Blaziken|atk|2
|
|-ability|p2a: Blaziken|Speed Boost|boost
|-boost|p2a: Blaziken|spe|1
|upkeep
|turn|19
|
|t:|1757912451
|move|p2a: Blaziken|Swords Dance|p2a: Blaziken
|-boost|p2a: Blaziken|atk|2
|move|p1a: Dragapult|Phantom Force|p2a: Blaziken|[from] lockedmove
|-damage|p2a: Blaziken|0 fnt
|faint|p2a: Blaziken
|
|upkeep
|
|t:|1757912457
|switch|p2a: Metagross|Metagross, shiny|100/100
|turn|20
|
|t:|1757912463
|move|p2a: Metagross|Bullet Punch|p1a: Dragapult
|-crit|p1a: Dragapult
|-damage|p1a: Dragapult|28/100
|-damage|p2a: Metagross|91/100|[from] item: Life Orb
|move|p1a: Dragapult|Phantom Force||[still]
|-prepare|p1a: Dragapult|Phantom Force
|
|upkeep
|turn|21
|
|t:|1757912470
|move|p1a: Dragapult|Phantom Force|p2a: Metagross|[from] lockedmove
|-supereffective|p2a: Metagross
|-damage|p2a: Metagross|0 fnt
|faint|p2a: Metagross
|
|upkeep
|
|t:|1757912475
|switch|p2a: Chesnaught|Chesnaught, M|44/100
|turn|22
|
|t:|1757912483
|move|p2a: Chesnaught|Spiky Shield|p2a: Chesnaught
|-singleturn|p2a: Chesnaught|move: Protect
|move|p1a: Dragapult|Phantom Force||[still]
|-prepare|p1a: Dragapult|Phantom Force
|
|upkeep
|turn|23
|
|t:|1757912490
|move|p2a: Chesnaught|Spiky Shield|p2a: Chesnaught
|-singleturn|p2a: Chesnaught|move: Protect
|move|p1a: Dragapult|Phantom Force|p2a: Chesnaught|[from] lockedmove
|-activate|p2a: Chesnaught|move: Phantom Force|[broken]
|-damage|p2a: Chesnaught|0 fnt
|faint|p2a: Chesnaught
|
|win|HANDYARROW22
|raw|HANDYARROW22's rating: 1165 &rarr; <strong>1189</strong><br />(+24 for winning)
|raw|DickbuttWasTaken's rating: 1151 &rarr; <strong>1127</strong><br />(-24 for losing)
|l|☆HANDYARROW22
|player|p1|
|l|☆DickbuttWasTaken
|player|p2|
