|j|☆Shimeon91
|j|☆LuisMcSwagg
|t:|1757911114
|gametype|singles
|player|p1|Shimeon91|266|1271
|player|p2|LuisMcSwagg|102|1237
|gen|9
|tier|[Gen 9] OU
|rated|
|rule|HP Percentage Mod: HP is shown in percentages
|rule|Endless Battle Clause: Forcing endless battles is banned
|rule|Species Clause: Limit one of each Pokémon
|rule|OHKO Clause: OHKO moves are banned
|rule|Evasion Items Clause: Evasion items are banned
|rule|Evasion Moves Clause: Evasion moves are banned
|rule|Evasion Abilities Clause: Evasion abilities are banned
|rule|Sleep Moves Clause: Sleep-inducing moves are banned
|clearpoke
|poke|p1|Cetitan, F|
|poke|p1|Infernape, M|
|poke|p1|Pecharunt|
|poke|p1|Toxicroak, M|
|poke|p1|Slowking-Galar, M|
|poke|p1|Glimmora, F|
|poke|p2|Iron Crown|
|poke|p2|Sinistcha|
|poke|p2|Toxapex, F|
|poke|p2|Rillaboom, F|
|poke|p2|Weezing-Galar, M|
|poke|p2|Skeledirge, M|
|teampreview
|inactive|Battle timer is ON: inactive players will automatically lose when time's up. (requested by Shimeon91)
|
|t:|1757911120
|teamsize|p1|6
|teamsize|p2|6
|start
|switch|p1a: Glimmora|Glimmora, F|100/100
|switch|p2a: Iron Crown|Iron Crown|100/100
|turn|1
|
|t:|1757911131
|switch|p1a: Slowking|Slowking-Galar, M|100/100
|move|p2a: Iron Crown|Tachyon Cutter|p1a: Slowking
|-crit|p1a: Slowking
|-damage|p1a: Slowking|80/100
|-damage|p1a: Slowking|65/100
|-hitcount|p1a: Slowking|2
|
|upkeep
|turn|2
|
|t:|1757911141
|-end|p2a: Iron Crown|Quark Drive|[silent]
|switch|p2a: Rillaboom|Rillaboom, F|100/100
|-fieldstart|move: Grassy Terrain|[from] ability: Grassy Surge|[of] p2a: Rillaboom
|move|p1a: Slowking|Thunder Wave|p2a: Rillaboom
|-status|p2a: Rillaboom|par
|
|-heal|p1a: Slowking|71/100|[from] Grassy Terrain
|upkeep
|turn|3
|
|t:|1757911152
|switch|p1a: Pecharunt|Pecharunt|100/100
|move|p2a: Rillaboom|Knock Off|p1a: Pecharunt
|-supereffective|p1a: Pecharunt
|-damage|p1a: Pecharunt|56/100
|-enditem|p1a: Pecharunt|Heavy-Duty Boots|[from] move: Knock Off|[of] p2a: Rillaboom
|-damage|p2a: Rillaboom|91/100 par|[from] item: Life Orb
|
|-heal|p1a: Pecharunt|62/100|[from] Grassy Terrain
|-heal|p2a: Rillaboom|97/100 par|[from] Grassy Terrain
|upkeep
|turn|4
|
|t:|1757911162
|move|p1a: Pecharunt|Recover|p1a: Pecharunt
|-heal|p1a: Pecharunt|100/100
|move|p2a: Rillaboom|Leech Seed|p1a: Pecharunt
|-start|p1a: Pecharunt|move: Leech Seed
|
|-heal|p2a: Rillaboom|100/100 par|[from] Grassy Terrain
|-damage|p1a: Pecharunt|88/100|[from] Leech Seed|[of] p2a: Rillaboom
|upkeep
|turn|5
|
|t:|1757911172
|move|p1a: Pecharunt|Malignant Chain|p2a: Rillaboom
|-supereffective|p2a: Rillaboom
|-damage|p2a: Rillaboom|15/100 par
|move|p2a: Rillaboom|Knock Off|p1a: Pecharunt
|-supereffective|p1a: Pecharunt
|-damage|p1a: Pecharunt|60/100
|-damage|p2a: Rillaboom|5/100 par|[from] item: Life Orb
|
|-heal|p1a: Pecharunt|66/100|[from] Grassy Terrain
|-heal|p2a: Rillaboom|12/100 par|[from] Grassy Terrain
|-damage|p1a: Pecharunt|54/100|[from] Leech Seed|[of] p2a: Rillaboom
|-heal|p2a: Rillaboom|25/100 par|[silent]
|upkeep
|turn|6
|
|t:|1757911184
|switch|p2a: Toxapex|Toxapex, F|100/100
|move|p1a: Pecharunt|Parting Shot|p2a: Toxapex
|-unboost|p2a: Toxapex|atk|1
|-unboost|p2a: Toxapex|spa|1
|
|t:|1757911191
|switch|p1a: Glimmora|Glimmora, F|100/100|[from] Parting Shot
|
|-fieldend|move: Grassy Terrain
|upkeep
|turn|7
|
|t:|1757911199
|move|p1a: Glimmora|Stealth Rock|p2a: Toxapex
|-sidestart|p2: LuisMcSwagg|move: Stealth Rock
|move|p2a: Toxapex|Infestation|p1a: Glimmora
|-resisted|p1a: Glimmora
|-damage|p1a: Glimmora|99/100
|-activate|p1a: Glimmora|move: Infestation|[of] p2a: Toxapex
|
|-damage|p1a: Glimmora|87/100|[from] move: Infestation|[partiallytrapped]
|upkeep
|turn|8
|
|t:|1757911207
|switch|p2a: Weezing|Weezing-Galar, M|100/100
|-ability|p2a: Weezing|Neutralizing Gas
|-damage|p2a: Weezing|88/100|[from] Stealth Rock
|move|p1a: Glimmora|Mortal Spin|p2a: Weezing
|-damage|p2a: Weezing|85/100
|-end|p1a: Glimmora|Infestation|[partiallytrapped]
|
|-heal|p2a: Weezing|91/100|[from] item: Black Sludge
|upkeep
|turn|9
|
|t:|1757911218
|move|p1a: Glimmora|Earth Power|p2a: Weezing
|-supereffective|p2a: Weezing
|-damage|p2a: Weezing|6/100
|move|p2a: Weezing|Defog|p1a: Glimmora
|-unboost|p1a: Glimmora|evasion|1
|-sideend|p2: LuisMcSwagg|Stealth Rock|[from] move: Defog|[of] p2a: Weezing
|
|-heal|p2a: Weezing|12/100|[from] item: Black Sludge
|upkeep
|turn|10
|
|t:|1757911232
|move|p1a: Glimmora|Power Gem|p2a: Weezing
|-damage|p2a: Weezing|0 fnt
|faint|p2a: Weezing
|-end|p2a: Weezing|ability: Neutralizing Gas
|
|upkeep
|
|t:|1757911234
|switch|p2a: Iron Crown|Iron Crown|100/100
|turn|11
|
|t:|1757911242
|switch|p1a: Slowking|Slowking-Galar, M|100/100
|move|p2a: Iron Crown|Tachyon Cutter|p1a: Slowking
|-damage|p1a: Slowking|86/100
|-damage|p1a: Slowking|71/100
|-hitcount|p1a: Slowking|2
|
|upkeep
|turn|12
|
|t:|1757911250
|move|p2a: Iron Crown|Volt Switch|p1a: Slowking
|-damage|p1a: Slowking|57/100
|
|t:|1757911257
|-end|p2a: Iron Crown|Quark Drive|[silent]
|switch|p2a: Rillaboom|Rillaboom, F|25/100 par|[from] Volt Switch
|-fieldstart|move: Grassy Terrain|[from] ability: Grassy Surge|[of] p2a: Rillaboom
|-prepare|p1a: Slowking|Chilly Reception|[premajor]
|move|p1a: Slowking|Chilly Reception|p1a: Slowking
|-weather|Snowscape
|l|☆Shimeon91
|inactive|Shimeon91 disconnected and has a minute to reconnect!
|player|p1|
|j|☆Shimeon91
|inactive|Shimeon91 reconnected and has 120 seconds left.
|player|p1|Shimeon91|266|
|
|t:|1757911293
|switch|p1a: Pecharunt|Pecharunt|54/100|[from] Chilly Reception
|
|-weather|Snowscape|[upkeep]
|-heal|p1a: Pecharunt|60/100|[from] Grassy Terrain
|-heal|p2a: Rillaboom|32/100 par|[from] Grassy Terrain
|upkeep
|turn|13
|
|t:|1757911302
|move|p1a: Pecharunt|Malignant Chain|p2a: Rillaboom
|-supereffective|p2a: Rillaboom
|-crit|p2a: Rillaboom
|-damage|p2a: Rillaboom|0 fnt
|faint|p2a: Rillaboom
|
|-weather|Snowscape|[upkeep]
|-heal|p1a: Pecharunt|66/100|[from] Grassy Terrain
|upkeep
|
|t:|1757911313
|switch|p2a: Sinistcha|Sinistcha|100/100
|-enditem|p2a: Sinistcha|Grassy Seed
|-boost|p2a: Sinistcha|def|1|[from] item: Grassy Seed
|turn|14
|l|☆Shimeon91
|inactive|Shimeon91 disconnected and has a minute to reconnect!
|player|p1|
|j|☆Shimeon91
|inactive|Shimeon91 reconnected and has 120 seconds left.
|player|p1|Shimeon91|266|
|
|t:|1757911346
|-terastallize|p1a: Pecharunt|Dark
|-terastallize|p2a: Sinistcha|Poison
|move|p1a: Pecharunt|Recover|p1a: Pecharunt
|-heal|p1a: Pecharunt|100/100
|move|p2a: Sinistcha|Calm Mind|p2a: Sinistcha
|-boost|p2a: Sinistcha|spa|1
|-boost|p2a: Sinistcha|spd|1
|
|-weather|Snowscape|[upkeep]
|upkeep
|turn|15
|
|t:|1757911357
|move|p1a: Pecharunt|Parting Shot|p2a: Sinistcha
|-unboost|p2a: Sinistcha|atk|1
|-unboost|p2a: Sinistcha|spa|1
|
|t:|1757911371
|switch|p1a: Slowking|Slowking-Galar, M|90/100|[from] Parting Shot
|move|p2a: Sinistcha|Calm Mind|p2a: Sinistcha
|-boost|p2a: Sinistcha|spa|1
|-boost|p2a: Sinistcha|spd|1
|
|-weather|Snowscape|[upkeep]
|-heal|p1a: Slowking|96/100|[from] Grassy Terrain
|upkeep
|turn|16
|
|t:|1757911391
|move|p2a: Sinistcha|Shadow Ball|p1a: Slowking
|-supereffective|p1a: Slowking
|-damage|p1a: Slowking|43/100
|move|p1a: Slowking|Future Sight|p2a: Sinistcha
|-start|p1a: Slowking|move: Future Sight
|
|-weather|none
|-heal|p1a: Slowking|49/100|[from] Grassy Terrain
|-fieldend|move: Grassy Terrain
|upkeep
|turn|17
|l|☆Shimeon91
|inactive|Shimeon91 disconnected and has a minute to reconnect!
|player|p1|
|j|☆Shimeon91
|inactive|Shimeon91 reconnected and has 90 seconds left.
|player|p1|Shimeon91|266|
|
|t:|1757911429
|switch|p1a: Pecharunt|Pecharunt, tera:Dark|100/100
|move|p2a: Sinistcha|Calm Mind|p2a: Sinistcha
|-boost|p2a: Sinistcha|spa|1
|-boost|p2a: Sinistcha|spd|1
|
|upkeep
|turn|18
|inactive|Shimeon91 has 90 seconds left.
|inactive|LuisMcSwagg has 120 seconds left.
|
|t:|1757911481
|move|p1a: Pecharunt|Parting Shot|p2a: Sinistcha
|-unboost|p2a: Sinistcha|atk|1
|-unboost|p2a: Sinistcha|spa|1
|inactive|Shimeon91 has 90 seconds left.
|l|☆Shimeon91
|inactive|Shimeon91 disconnected and has a minute to reconnect!
|player|p1|
|j|☆Shimeon91
|inactive|Shimeon91 reconnected and has 60 seconds left.
|player|p1|Shimeon91|266|
|
|t:|1757911519
|switch|p1a: Slowking|Slowking-Galar, M|82/100|[from] Parting Shot
|move|p2a: Sinistcha|Giga Drain|p1a: Slowking
|-resisted|p1a: Slowking
|-damage|p1a: Slowking|69/100
|
|-end|p2a: Sinistcha|move: Future Sight
|-supereffective|p2a: Sinistcha
|-damage|p2a: Sinistcha|64/100
|upkeep
|turn|19
|inactive|Shimeon91 has 60 seconds left.
|inactive|LuisMcSwagg has 90 seconds left.
|
|t:|1757911547
|move|p2a: Sinistcha|Calm Mind|p2a: Sinistcha
|-boost|p2a: Sinistcha|spa|1
|-boost|p2a: Sinistcha|spd|1
|move|p1a: Slowking|Thunder Wave|p2a: Sinistcha
|-status|p2a: Sinistcha|par
|
|upkeep
|turn|20
|
|t:|1757911553
|-prepare|p1a: Slowking|Chilly Reception|[premajor]
|move|p1a: Slowking|Chilly Reception|p1a: Slowking
|-weather|Snowscape
|
|t:|1757911558
|switch|p1a: Pecharunt|Pecharunt, tera:Dark|100/100|[from] Chilly Reception
|move|p2a: Sinistcha|Shadow Ball|p1a: Pecharunt
|-resisted|p1a: Pecharunt
|-damage|p1a: Pecharunt|67/100
|
|-weather|Snowscape|[upkeep]
|upkeep
|turn|21
|
|t:|1757911567
|move|p1a: Pecharunt|Parting Shot|p2a: Sinistcha
|-unboost|p2a: Sinistcha|atk|1
|-unboost|p2a: Sinistcha|spa|1
|
|t:|1757911571
|switch|p1a: Cetitan|Cetitan, F, shiny|100/100|[from] Parting Shot
|move|p2a: Sinistcha|Shadow Ball|p1a: Cetitan
|-damage|p1a: Cetitan|44/100
|
|-weather|Snowscape|[upkeep]
|upkeep
|turn|22
|
|t:|1757911579
|move|p1a: Cetitan|Ice Spinner|p2a: Sinistcha
|-damage|p2a: Sinistcha|42/100 par
|move|p2a: Sinistcha|Strength Sap|p1a: Cetitan
|-unboost|p1a: Cetitan|atk|1
|-heal|p2a: Sinistcha|100/100 par
|
|-weather|Snowscape|[upkeep]
|upkeep
|turn|23
|inactive|Shimeon91 has 90 seconds left.
|inactive|LuisMcSwagg has 120 seconds left.
|
|t:|1757911589
|switch|p1a: Slowking|Slowking-Galar, M|100/100
|cant|p2a: Sinistcha|par
|
|-weather|Snowscape|[upkeep]
|upkeep
|turn|24
|
|t:|1757911595
|move|p1a: Slowking|Future Sight|p2a: Sinistcha
|-start|p1a: Slowking|move: Future Sight
|move|p2a: Sinistcha|Calm Mind|p2a: Sinistcha
|-boost|p2a: Sinistcha|spa|1
|-boost|p2a: Sinistcha|spd|1
|
|-weather|none
|upkeep
|turn|25
|
|t:|1757911602
|-prepare|p1a: Slowking|Chilly Reception|[premajor]
|move|p1a: Slowking|Chilly Reception|p1a: Slowking
|-weather|Snowscape
|
|t:|1757911608
|switch|p1a: Infernape|Infernape, M|100/100|[from] Chilly Reception
|move|p2a: Sinistcha|Calm Mind|p2a: Sinistcha
|-boost|p2a: Sinistcha|spa|1
|-boost|p2a: Sinistcha|spd|1
|
|-weather|Snowscape|[upkeep]
|upkeep
|turn|26
|
|t:|1757911616
|move|p1a: Infernape|Calm Mind|p1a: Infernape
|-boost|p1a: Infernape|spa|1
|-boost|p1a: Infernape|spd|1
|move|p2a: Sinistcha|Strength Sap|p1a: Infernape
|-unboost|p1a: Infernape|atk|1
|
|-weather|Snowscape|[upkeep]
|-end|p2a: Sinistcha|move: Future Sight
|-supereffective|p2a: Sinistcha
|-damage|p2a: Sinistcha|73/100 par
|upkeep
|turn|27
|
|t:|1757911629
|move|p1a: Infernape|Calm Mind|p1a: Infernape
|-boost|p1a: Infernape|spa|1
|-boost|p1a: Infernape|spd|1
|cant|p2a: Sinistcha|par
|
|-weather|Snowscape|[upkeep]
|upkeep
|turn|28
|
|t:|1757911636
|move|p1a: Infernape|Calm Mind|p1a: Infernape
|-boost|p1a: Infernape|spa|1
|-boost|p1a: Infernape|spd|1
|move|p2a: Sinistcha|Shadow Ball|p1a: Infernape
|-damage|p1a: Infernape|47/100
|
|-weather|Snowscape|[upkeep]
|upkeep
|turn|29
|
|t:|1757911644
|move|p1a: Infernape|Calm Mind|p1a: Infernape
|-boost|p1a: Infernape|spa|1
|-boost|p1a: Infernape|spd|1
|move|p2a: Sinistcha|Shadow Ball|p1a: Infernape
|-damage|p1a: Infernape|2/100
|
|-weather|none
|upkeep
|turn|30
|inactive|Shimeon91 has 120 seconds left.
|
|t:|1757911652
|move|p1a: Infernape|Flamethrower|p2a: Sinistcha
|-damage|p2a: Sinistcha|46/100 par
|move|p2a: Sinistcha|Shadow Ball|p1a: Infernape
|-damage|p1a: Infernape|0 fnt
|faint|p1a: Infernape
|
|upkeep
|inactive|Shimeon91 has 120 seconds left.
|
|t:|1757911661
|switch|p1a: Glimmora|Glimmora, F|87/100
|turn|31
|
|t:|1757911664
|move|p1a: Glimmora|Earth Power|p2a: Sinistcha
|-supereffective|p2a: Sinistcha
|-damage|p2a: Sinistcha|30/100 par
|move|p2a: Sinistcha|Strength Sap|p1a: Glimmora
|-unboost|p1a: Glimmora|atk|1
|-heal|p2a: Sinistcha|68/100 par
|
|upkeep
|turn|32
|
|t:|1757911673
|move|p1a: Glimmora|Earth Power|p2a: Sinistcha
|-supereffective|p2a: Sinistcha
|-damage|p2a: Sinistcha|49/100 par
|cant|p2a: Sinistcha|par
|
|upkeep
|turn|33
|l|☆Shimeon91
|inactive|Shimeon91 disconnected and has a minute to reconnect!
|player|p1|
|j|☆Shimeon91
|inactive|Shimeon91 reconnected and has 110 seconds left.
|player|p1|Shimeon91|266|
|
|t:|1757911714
|move|p1a: Glimmora|Earth Power|p2a: Sinistcha
|-supereffective|p2a: Sinistcha
|-damage|p2a: Sinistcha|29/100 par
|move|p2a: Sinistcha|Giga Drain|p1a: Glimmora
|-damage|p1a: Glimmora|0 fnt
|-heal|p2a: Sinistcha|68/100 par|[from] drain|[of] p1a: Glimmora
|faint|p1a: Glimmora
|
|upkeep
|
|t:|1757911724
|switch|p1a: Cetitan|Cetitan, F, shiny|44/100
|turn|34
|
|t:|1757911727
|move|p1a: Cetitan|Ice Spinner|p2a: Sinistcha
|-damage|p2a: Sinistcha|48/100 par
|cant|p2a: Sinistcha|par
|
|upkeep
|turn|35
|
|t:|1757911732
|move|p1a: Cetitan|Ice Spinner|p2a: Sinistcha
|-damage|p2a: Sinistcha|28/100 par
|cant|p2a: Sinistcha|par
|
|upkeep
|turn|36
|inactive|Shimeon91 has 120 seconds left.
|
|t:|1757911738
|switch|p1a: Slowking|Slowking-Galar, M|100/100
|move|p2a: Sinistcha|Strength Sap|p1a: Slowking
|-unboost|p1a: Slowking|atk|1
|-heal|p2a: Sinistcha|63/100 par
|
|upkeep
|turn|37
|
|t:|1757911746
|move|p1a: Slowking|Future Sight|p2a: Sinistcha
|-start|p1a: Slowking|move: Future Sight
|move|p2a: Sinistcha|Shadow Ball|p1a: Slowking
|-supereffective|p1a: Slowking
|-damage|p1a: Slowking|9/100
|
|upkeep
|turn|38
|
|t:|1757911755
|move|p1a: Slowking|Sludge Bomb|p2a: Sinistcha
|-resisted|p2a: Sinistcha
|-damage|p2a: Sinistcha|58/100 par
|cant|p2a: Sinistcha|par
|
|upkeep
|turn|39
|
|t:|1757911761
|move|p1a: Slowking|Sludge Bomb|p2a: Sinistcha
|-resisted|p2a: Sinistcha
|-damage|p2a: Sinistcha|53/100 par
|cant|p2a: Sinistcha|par
|
|-end|p2a: Sinistcha|move: Future Sight
|-supereffective|p2a: Sinistcha
|-damage|p2a: Sinistcha|27/100 par
|upkeep
|turn|40
|
|t:|1757911774
|move|p1a: Slowking|Future Sight|p2a: Sinistcha
|-start|p1a: Slowking|move: Future Sight
|move|p2a: Sinistcha|Shadow Ball|p1a: Slowking
|-supereffective|p1a: Slowking
|-damage|p1a: Slowking|0 fnt
|faint|p1a: Slowking
|
|upkeep
|
|t:|1757911786
|switch|p1a: Cetitan|Cetitan, F, shiny|44/100
|turn|41
|
|t:|1757911789
|move|p1a: Cetitan|Ice Spinner|p2a: Sinistcha
|-damage|p2a: Sinistcha|8/100 par
|cant|p2a: Sinistcha|par
|
|upkeep
|turn|42
|
|t:|1757911794
|move|p1a: Cetitan|Ice Spinner|p2a: Sinistcha
|-damage|p2a: Sinistcha|0 fnt
|faint|p2a: Sinistcha
|
|-hint|Future Sight did not hit because the target is fainted.
|upkeep
|
|t:|1757911802
|switch|p2a: Iron Crown|Iron Crown|100/100
|turn|43
|l|☆LuisMcSwagg
|inactive|LuisMcSwagg disconnected and has a minute to reconnect!
|player|p2|
|j|☆LuisMcSwagg
|inactive|LuisMcSwagg reconnected and has 135 seconds left.
|player|p2|LuisMcSwagg|102|
|
|t:|1757911820
|move|p2a: Iron Crown|Tachyon Cutter|p1a: Cetitan
|-supereffective|p1a: Cetitan
|-crit|p1a: Cetitan
|-damage|p1a: Cetitan|0 fnt
|faint|p1a: Cetitan
|-hitcount|p1: Cetitan|1
|
|upkeep
|
|t:|1757911846
|switch|p1a: Toxicroak|Toxicroak, M|100/100
|-item|p1a: Toxicroak|Air Balloon
|turn|44
|
|t:|1757911863
|move|p1a: Toxicroak|Sucker Punch|p2a: Iron Crown
|-supereffective|p2a: Iron Crown
|-crit|p2a: Iron Crown
|-damage|p2a: Iron Crown|21/100
|move|p2a: Iron Crown|Volt Switch|p1a: Toxicroak
|-crit|p1a: Toxicroak
|-damage|p1a: Toxicroak|45/100
|-enditem|p1a: Toxicroak|Air Balloon
|
|t:|1757911869
|-end|p2a: Iron Crown|Quark Drive|[silent]
|switch|p2a: Skeledirge|Skeledirge, M|100/100|[from] Volt Switch
|
|upkeep
|turn|45
|
|t:|1757911883
|switch|p1a: Pecharunt|Pecharunt, tera:Dark|67/100
|move|p2a: Skeledirge|Will-O-Wisp|p1a: Pecharunt
|-status|p1a: Pecharunt|brn
|
|-damage|p1a: Pecharunt|60/100 brn|[from] brn
|upkeep
|turn|46
|
|t:|1757911892
|move|p1a: Pecharunt|Malignant Chain|p2a: Skeledirge
|-resisted|p2a: Skeledirge
|-crit|p2a: Skeledirge
|-damage|p2a: Skeledirge|84/100
|-status|p2a: Skeledirge|tox
|-start|p2a: Skeledirge|confusion|[from] ability: Poison Puppeteer|[of] p1a: Pecharunt
|-activate|p2a: Skeledirge|confusion
|-damage|p2a: Skeledirge|78/100 tox|[from] confusion
|
|-damage|p2a: Skeledirge|72/100 tox|[from] psn
|-damage|p1a: Pecharunt|54/100 brn|[from] brn
|upkeep
|turn|47
|
|t:|1757911904
|switch|p2a: Toxapex|Toxapex, F|100/100
|move|p1a: Pecharunt|Recover|p1a: Pecharunt
|-heal|p1a: Pecharunt|100/100 brn
|
|-damage|p1a: Pecharunt|94/100 brn|[from] brn
|upkeep
|turn|48
|
|t:|1757911914
|move|p1a: Pecharunt|Shadow Ball|p2a: Toxapex
|-damage|p2a: Toxapex|79/100
|move|p2a: Toxapex|Infestation|p1a: Pecharunt
|-supereffective|p1a: Pecharunt
|-damage|p1a: Pecharunt|88/100 brn
|-activate|p1a: Pecharunt|move: Infestation|[of] p2a: Toxapex
|
|-heal|p2a: Toxapex|85/100|[from] item: Black Sludge
|-damage|p1a: Pecharunt|82/100 brn|[from] brn
|-damage|p1a: Pecharunt|70/100 brn|[from] move: Infestation|[partiallytrapped]
|upkeep
|turn|49
|
|t:|1757911927
|move|p1a: Pecharunt|Shadow Ball|p2a: Toxapex
|-damage|p2a: Toxapex|63/100
|move|p2a: Toxapex|Toxic||[still]
|-fail|p2a: Toxapex
|
|-heal|p2a: Toxapex|70/100|[from] item: Black Sludge
|-damage|p1a: Pecharunt|64/100 brn|[from] brn
|-damage|p1a: Pecharunt|51/100 brn|[from] move: Infestation|[partiallytrapped]
|upkeep
|turn|50
|
|t:|1757911938
|move|p1a: Pecharunt|Shadow Ball|p2a: Toxapex
|-damage|p2a: Toxapex|50/100
|-unboost|p2a: Toxapex|spd|1
|move|p2a: Toxapex|Toxic||[still]
|-fail|p2a: Toxapex
|
|-heal|p2a: Toxapex|56/100|[from] item: Black Sludge
|-damage|p1a: Pecharunt|45/100 brn|[from] brn
|-damage|p1a: Pecharunt|33/100 brn|[from] move: Infestation|[partiallytrapped]
|upkeep
|turn|51
|
|t:|1757911949
|move|p2a: Toxapex|Baneful Bunker|p2a: Toxapex
|-singleturn|p2a: Toxapex|move: Protect
|move|p1a: Pecharunt|Recover|p1a: Pecharunt
|-heal|p1a: Pecharunt|83/100 brn
|
|-heal|p2a: Toxapex|62/100|[from] item: Black Sludge
|-damage|p1a: Pecharunt|77/100 brn|[from] brn
|-damage|p1a: Pecharunt|64/100 brn|[from] move: Infestation|[partiallytrapped]
|upkeep
|turn|52
|
|t:|1757911961
|move|p1a: Pecharunt|Shadow Ball|p2a: Toxapex
|-damage|p2a: Toxapex|32/100
|move|p2a: Toxapex|Recover|p2a: Toxapex
|-heal|p2a: Toxapex|82/100
|
|-heal|p2a: Toxapex|89/100|[from] item: Black Sludge
|-damage|p1a: Pecharunt|58/100 brn|[from] brn
|-end|p1a: Pecharunt|Infestation|[partiallytrapped]
|upkeep
|turn|53
|
|t:|1757911974
|move|p1a: Pecharunt|Shadow Ball|p2a: Toxapex
|-damage|p2a: Toxapex|57/100
|-unboost|p2a: Toxapex|spd|1
|move|p2a: Toxapex|Infestation|p1a: Pecharunt
|-supereffective|p1a: Pecharunt
|-damage|p1a: Pecharunt|53/100 brn
|-activate|p1a: Pecharunt|move: Infestation|[of] p2a: Toxapex
|
|-heal|p2a: Toxapex|63/100|[from] item: Black Sludge
|-damage|p1a: Pecharunt|47/100 brn|[from] brn
|-damage|p1a: Pecharunt|34/100 brn|[from] move: Infestation|[partiallytrapped]
|upkeep
|turn|54
|
|t:|1757911986
|move|p2a: Toxapex|Baneful Bunker|p2a: Toxapex
|-singleturn|p2a: Toxapex|move: Protect
|move|p1a: Pecharunt|Shadow Ball|p2a: Toxapex
|-activate|p2a: Toxapex|move: Protect
|
|-heal|p2a: Toxapex|70/100|[from] item: Black Sludge
|-damage|p1a: Pecharunt|28/100 brn|[from] brn
|-damage|p1a: Pecharunt|16/100 brn|[from] move: Infestation|[partiallytrapped]
|upkeep
|turn|55
|
|t:|1757911997
|switch|p2a: Iron Crown|Iron Crown|21/100
|move|p1a: Pecharunt|Recover|p1a: Pecharunt
|-heal|p1a: Pecharunt|66/100 brn
|
|-damage|p1a: Pecharunt|60/100 brn|[from] brn
|-end|p1a: Pecharunt|Infestation|[partiallytrapped]|[silent]
|upkeep
|turn|56
|
|t:|1757912006
|move|p2a: Iron Crown|Focus Blast|p1a: Pecharunt
|-supereffective|p1a: Pecharunt
|-damage|p1a: Pecharunt|0 fnt
|faint|p1a: Pecharunt
|
|upkeep
|
|t:|1757912011
|switch|p1a: Toxicroak|Toxicroak, M|45/100
|turn|57
|
|t:|1757912016
|-end|p2a: Iron Crown|Quark Drive|[silent]
|switch|p2a: Toxapex|Toxapex, F|100/100
|move|p1a: Toxicroak|Thunder Punch|p2a: Toxapex
|-supereffective|p2a: Toxapex
|-damage|p2a: Toxapex|72/100
|
|-heal|p2a: Toxapex|78/100|[from] item: Black Sludge
|upkeep
|turn|58
|
|t:|1757912024
|move|p1a: Toxicroak|Thunder Punch|p2a: Toxapex
|-supereffective|p2a: Toxapex
|-damage|p2a: Toxapex|46/100
|-status|p2a: Toxapex|par
|cant|p2a: Toxapex|par
|
|-heal|p2a: Toxapex|52/100 par|[from] item: Black Sludge
|upkeep
|turn|59
|
|t:|1757912033
|switch|p2a: Skeledirge|Skeledirge, M|72/100 tox
|move|p1a: Toxicroak|Thunder Punch|p2a: Skeledirge
|-damage|p2a: Skeledirge|50/100 tox
|
|-damage|p2a: Skeledirge|44/100 tox|[from] psn
|upkeep
|turn|60
|
|t:|1757912044
|move|p1a: Toxicroak|Thunder Punch|p2a: Skeledirge
|-damage|p2a: Skeledirge|24/100 tox
|move|p2a: Skeledirge|Will-O-Wisp|p1a: Toxicroak
|-status|p1a: Toxicroak|brn
|
|-damage|p2a: Skeledirge|12/100 tox|[from] psn
|-damage|p1a: Toxicroak|39/100 brn|[from] brn
|upkeep
|turn|61
|
|t:|1757912054
|move|p1a: Toxicroak|Thunder Punch|p2a: Skeledirge
|-damage|p2a: Skeledirge|1/100 tox
|move|p2a: Skeledirge|Torch Song|p1a: Toxicroak
|-damage|p1a: Toxicroak|0 fnt
|-boost|p2a: Skeledirge|spa|1
|faint|p1a: Toxicroak
|
|win|LuisMcSwagg
|raw|Shimeon91's rating: 1271 &rarr; <strong>1244</strong><br />(-27 for losing)
|raw|LuisMcSwagg's rating: 1237 &rarr; <strong>1264</strong><br />(+27 for winning)
|l|☆Shimeon91
|player|p1|
|l|☆LuisMcSwagg
|player|p2|
