|j|☆Caminou23
|j|☆xSomeday
|t:|1757910782
|gametype|singles
|player|p1|Caminou23|nate|1120
|player|p2|xSomeday|hugh|1179
|gen|9
|tier|[Gen 9] OU
|rated|
|rule|HP Percentage Mod: HP is shown in percentages
|rule|Endless Battle Clause: Forcing endless battles is banned
|rule|Species Clause: Limit one of each Pokémon
|rule|OHKO Clause: OHKO moves are banned
|rule|Evasion Items Clause: Evasion items are banned
|rule|Evasion Moves Clause: Evasion moves are banned
|rule|Evasion Abilities Clause: Evasion abilities are banned
|rule|Sleep Moves Clause: Sleep-inducing moves are banned
|clearpoke
|poke|p1|Kommo-o, M|
|poke|p1|Zoroark-Hisui, F|
|poke|p1|Enamorus, F|
|poke|p1|Samurott-Hisui, F|
|poke|p1|Vikavolt, F|
|poke|p1|Iron Moth|
|poke|p2|Great Tusk|
|poke|p2|Gholdengo|
|poke|p2|Kingambit, M|
|poke|p2|Dragonite, M|
|poke|p2|Iron Valiant|
|poke|p2|Rotom-Wash|
|teampreview
|
|t:|1757910788
|teamsize|p1|6
|teamsize|p2|6
|start
|switch|p1a: Samurott|Samurott-Hisui, F|100/100
|switch|p2a: Rotom|Rotom-Wash|100/100
|turn|1
|
|t:|1757910824
|move|p1a: Samurott|Nasty Plot|p1a: Samurott
|-boost|p1a: Samurott|spa|2
|move|p2a: Rotom|Will-O-Wisp|p1a: Samurott
|-status|p1a: Samurott|brn
|
|-damage|p1a: Samurott|95/100 brn|[from] brn
|upkeep
|turn|2
|
|t:|1757910834
|-terastallize|p1a: Samurott|Fighting
|move|p1a: Samurott|Focus Blast|p2a: Rotom
|-damage|p2a: Rotom|0 fnt
|faint|p2a: Rotom
|
|-damage|p1a: Samurott|89/100 brn|[from] brn
|upkeep
|
|t:|1757910856
|switch|p2a: Iron Valiant|Iron Valiant|100/100
|-enditem|p2a: Iron Valiant|Booster Energy
|-activate|p2a: Iron Valiant|ability: Quark Drive|[fromitem]
|-start|p2a: Iron Valiant|quarkdrivespe
|turn|3
|
|t:|1757910876
|switch|p1a: Enamorus|Enamorus, F|100/100
|move|p2a: Iron Valiant|Moonblast|p1a: Enamorus
|-damage|p1a: Enamorus|22/100
|
|upkeep
|turn|4
|
|t:|1757910885
|move|p2a: Iron Valiant|Moonblast|p1a: Enamorus
|-damage|p1a: Enamorus|0 fnt
|faint|p1a: Enamorus
|
|upkeep
|
|t:|1757910892
|switch|p1a: Kommo-o|Kommo-o, M|100/100
|turn|5
|
|t:|1757910906
|switch|p1a: Iron Moth|Iron Moth, shiny|100/100
|-enditem|p1a: Iron Moth|Booster Energy
|-activate|p1a: Iron Moth|ability: Quark Drive|[fromitem]
|-start|p1a: Iron Moth|quarkdrivespa
|move|p2a: Iron Valiant|Moonblast|p1a: Iron Moth
|-resisted|p1a: Iron Moth
|-damage|p1a: Iron Moth|88/100
|
|upkeep
|turn|6
|
|t:|1757910920
|move|p2a: Iron Valiant|Psyshock|p1a: Iron Moth
|-supereffective|p1a: Iron Moth
|-damage|p1a: Iron Moth|0 fnt
|faint|p1a: Iron Moth
|-end|p1a: Iron Moth|Quark Drive|[silent]
|
|upkeep
|
|t:|1757910924
|switch|p1a: Vikavolt|Vikavolt, F, shiny|100/100
|turn|7
|
|t:|1757910939
|move|p2a: Iron Valiant|Moonblast|p1a: Vikavolt
|-damage|p1a: Vikavolt|45/100
|move|p1a: Vikavolt|Air Slash|p2a: Iron Valiant
|-supereffective|p2a: Iron Valiant
|-damage|p2a: Iron Valiant|0 fnt
|faint|p2a: Iron Valiant
|-end|p2a: Iron Valiant|Quark Drive|[silent]
|
|-heal|p1a: Vikavolt|51/100|[from] item: Leftovers
|upkeep
|
|t:|1757910949
|switch|p2a: Great Tusk|Great Tusk|100/100
|turn|8
|
|t:|1757910952
|move|p2a: Great Tusk|Earthquake|p1a: Vikavolt
|-immune|p1a: Vikavolt|[from] ability: Levitate
|move|p1a: Vikavolt|Air Slash|p2a: Great Tusk
|-supereffective|p2a: Great Tusk
|-damage|p2a: Great Tusk|25/100
|
|-heal|p2a: Great Tusk|31/100|[from] item: Leftovers
|-heal|p1a: Vikavolt|57/100|[from] item: Leftovers
|upkeep
|turn|9
|
|t:|1757910960
|move|p2a: Great Tusk|Ice Spinner|p1a: Vikavolt
|-damage|p1a: Vikavolt|32/100
|move|p1a: Vikavolt|Air Slash|p2a: Great Tusk
|-supereffective|p2a: Great Tusk
|-damage|p2a: Great Tusk|0 fnt
|faint|p2a: Great Tusk
|-end|p2a: Great Tusk|Protosynthesis|[silent]
|
|-heal|p1a: Vikavolt|38/100|[from] item: Leftovers
|upkeep
|
|t:|1757910969
|switch|p2a: Gholdengo|Gholdengo|100/100
|turn|10
|
|t:|1757910974
|move|p2a: Gholdengo|Make It Rain|p1a: Vikavolt
|-resisted|p1a: Vikavolt
|-damage|p1a: Vikavolt|4/100
|-unboost|p2a: Gholdengo|spa|1
|move|p1a: Vikavolt|Volt Switch|p2a: Gholdengo
|-damage|p2a: Gholdengo|69/100
|
|t:|1757910985
|switch|p1a: Samurott|Samurott-Hisui, F, tera:Fighting|89/100 brn|[from] Volt Switch
|
|-damage|p1a: Samurott|83/100 brn|[from] brn
|upkeep
|turn|11
|
|t:|1757911015
|switch|p2a: Dragonite|Dragonite, M|100/100
|move|p1a: Samurott|Shadow Ball|p2a: Dragonite
|-crit|p2a: Dragonite
|-damage|p2a: Dragonite|68/100
|-unboost|p2a: Dragonite|spd|1
|
|-damage|p1a: Samurott|77/100 brn|[from] brn
|upkeep
|turn|12
|
|t:|1757911028
|move|p1a: Samurott|Hyper Voice|p2a: Dragonite
|-damage|p2a: Dragonite|0 fnt
|faint|p2a: Dragonite
|
|-damage|p1a: Samurott|71/100 brn|[from] brn
|upkeep
|
|t:|1757911034
|switch|p2a: Gholdengo|Gholdengo|69/100
|turn|13
|
|t:|1757911036
|move|p1a: Samurott|Shadow Ball|p2a: Gholdengo
|-supereffective|p2a: Gholdengo
|-damage|p2a: Gholdengo|12/100
|move|p2a: Gholdengo|Trick|p1a: Samurott
|-activate|p2a: Gholdengo|move: Trick|[of] p1a: Samurott
|-item|p1a: Samurott|Choice Scarf|[from] move: Trick
|-item|p2a: Gholdengo|Focus Sash|[from] move: Trick
|
|-damage|p1a: Samurott|65/100 brn|[from] brn
|upkeep
|turn|14
|
|t:|1757911046
|move|p1a: Samurott|Shadow Ball|p2a: Gholdengo
|-supereffective|p2a: Gholdengo
|-damage|p2a: Gholdengo|0 fnt
|faint|p2a: Gholdengo
|
|-damage|p1a: Samurott|59/100 brn|[from] brn
|upkeep
|
|t:|1757911052
|switch|p2a: Kingambit|Kingambit, M|100/100
|-activate|p2a: Kingambit|ability: Supreme Overlord
|-start|p2a: Kingambit|fallen5|[silent]
|turn|15
|
|t:|1757911067
|move|p2a: Kingambit|Sucker Punch|p1a: Samurott
|-resisted|p1a: Samurott
|-damage|p1a: Samurott|0 fnt
|replace|p1a: Zoroark|Zoroark-Hisui, F, shiny
|-end|p1a: Zoroark|Illusion
|faint|p1a: Zoroark
|
|upkeep
|
|t:|1757911075
|switch|p1a: Samurott|Samurott-Hisui, F|100/100
|turn|16
|
|t:|1757911095
|move|p1a: Samurott|Sacred Sword|p2a: Kingambit
|-supereffective|p2a: Kingambit
|-damage|p2a: Kingambit|0 fnt
|faint|p2a: Kingambit
|-end|p2a: Kingambit|fallen5|[silent]
|
|win|Caminou23
|raw|Caminou23's rating: 1120 &rarr; <strong>1149</strong><br />(+29 for winning)
|raw|xSomeday's rating: 1179 &rarr; <strong>1150</strong><br />(-29 for losing)
|l|☆xSomeday
|player|p2|
|l|☆Caminou23
|player|p1|
