|j|☆Nanosecond Arrows
|j|‽Praksisan
|t:|1757888168
|gametype|singles
|player|p1|Nanosecond Arrows|red|1130
|player|p2|Praksisan|1|1111
|gen|9
|tier|[Gen 9] OU
|rated|
|rule|HP Percentage Mod: HP is shown in percentages
|rule|Endless Battle Clause: Forcing endless battles is banned
|rule|Species Clause: Limit one of each Pokémon
|rule|OHKO Clause: OHKO moves are banned
|rule|Evasion Items Clause: Evasion items are banned
|rule|Evasion Moves Clause: Evasion moves are banned
|rule|Evasion Abilities Clause: Evasion abilities are banned
|rule|Sleep Moves Clause: Sleep-inducing moves are banned
|clearpoke
|poke|p1|Skeledirge, M|
|poke|p1|Greninja-*, M|
|poke|p1|Corviknight, F|
|poke|p1|Appletun, F|
|poke|p1|Mamoswine, M|
|poke|p1|Tentacruel, F|
|poke|p2|Kingambit, M|
|poke|p2|Ceruledge, M|
|poke|p2|Gliscor, M|
|poke|p2|Dragonite, F|
|poke|p2|Garganacl, F|
|poke|p2|Araquanid, F|
|teampreview
|inactive|Battle timer is ON: inactive players will automatically lose when time's up. (requested by Praksisan)
|
|t:|1757888180
|teamsize|p1|6
|teamsize|p2|6
|start
|switch|p1a: Tentacruel|Tentacruel, F|100/100
|switch|p2a: Araquanid|Araquanid, F|100/100
|turn|1
|
|t:|1757888186
|move|p1a: Tentacruel|Sludge Wave|p2a: Araquanid
|-damage|p2a: Araquanid|78/100
|-status|p2a: Araquanid|psn
|move|p2a: Araquanid|Sticky Web|p1a: Tentacruel
|-sidestart|p1: Nanosecond Arrows|move: Sticky Web
|
|-damage|p2a: Araquanid|66/100 psn|[from] psn
|upkeep
|turn|2
|
|t:|1757888192
|move|p1a: Tentacruel|Rapid Spin|p2a: Araquanid
|-damage|p2a: Araquanid|57/100 psn
|-boost|p1a: Tentacruel|spe|1
|-sideend|p1: Nanosecond Arrows|Sticky Web|[from] move: Rapid Spin|[of] p1a: Tentacruel
|move|p2a: Araquanid|Mirror Coat||[still]
|-fail|p2a: Araquanid
|
|-damage|p2a: Araquanid|44/100 psn|[from] psn
|upkeep
|turn|3
|
|t:|1757888199
|move|p1a: Tentacruel|Rapid Spin|p2a: Araquanid
|-damage|p2a: Araquanid|36/100 psn
|-boost|p1a: Tentacruel|spe|1
|move|p2a: Araquanid|Mirror Coat||[still]
|-fail|p2a: Araquanid
|
|-damage|p2a: Araquanid|24/100 psn|[from] psn
|upkeep
|turn|4
|
|t:|1757888206
|switch|p2a: Ceruledge|Ceruledge, M|100/100
|move|p1a: Tentacruel|Rapid Spin|p2a: Ceruledge
|-immune|p2a: Ceruledge
|
|upkeep
|turn|5
|
|t:|1757888214
|move|p1a: Tentacruel|Surf|p2a: Ceruledge
|-supereffective|p2a: Ceruledge
|-damage|p2a: Ceruledge|38/100
|move|p2a: Ceruledge|Swords Dance|p2a: Ceruledge
|-boost|p2a: Ceruledge|atk|2
|
|upkeep
|turn|6
|
|t:|1757888221
|move|p1a: Tentacruel|Surf|p2a: Ceruledge
|-supereffective|p2a: Ceruledge
|-damage|p2a: Ceruledge|0 fnt
|faint|p2a: Ceruledge
|
|upkeep
|
|t:|1757888225
|switch|p2a: Dragonite|Dragonite, F|100/100
|turn|7
|
|t:|1757888228
|move|p1a: Tentacruel|Flip Turn|p2a: Dragonite
|-resisted|p2a: Dragonite
|-damage|p2a: Dragonite|97/100
|
|t:|1757888232
|switch|p1a: Skeledirge|Skeledirge, M, shiny|100/100|[from] Flip Turn
|move|p2a: Dragonite|Thunder Wave|p1a: Skeledirge
|-status|p1a: Skeledirge|par
|-enditem|p1a: Skeledirge|Lum Berry|[eat]
|-curestatus|p1a: Skeledirge|par|[msg]
|
|-heal|p2a: Dragonite|100/100|[from] item: Leftovers
|upkeep
|turn|8
|
|t:|1757888241
|-terastallize|p1a: Skeledirge|Water
|move|p2a: Dragonite|Dragon Dance|p2a: Dragonite
|-boost|p2a: Dragonite|atk|1
|-boost|p2a: Dragonite|spe|1
|move|p1a: Skeledirge|Flame Charge|p2a: Dragonite
|-resisted|p2a: Dragonite
|-damage|p2a: Dragonite|97/100
|-boost|p1a: Skeledirge|spe|1
|
|-heal|p2a: Dragonite|100/100|[from] item: Leftovers
|upkeep
|turn|9
|
|t:|1757888247
|move|p2a: Dragonite|Dragon Dance|p2a: Dragonite
|-boost|p2a: Dragonite|atk|1
|-boost|p2a: Dragonite|spe|1
|move|p1a: Skeledirge|Torch Song|p2a: Dragonite
|-resisted|p2a: Dragonite
|-damage|p2a: Dragonite|93/100
|-boost|p1a: Skeledirge|spa|1
|
|-heal|p2a: Dragonite|99/100|[from] item: Leftovers
|upkeep
|turn|10
|
|t:|1757888252
|move|p2a: Dragonite|Dragon Dance|p2a: Dragonite
|-boost|p2a: Dragonite|atk|1
|-boost|p2a: Dragonite|spe|1
|move|p1a: Skeledirge|Torch Song|p2a: Dragonite
|-resisted|p2a: Dragonite
|-damage|p2a: Dragonite|74/100
|-boost|p1a: Skeledirge|spa|1
|
|-heal|p2a: Dragonite|80/100|[from] item: Leftovers
|upkeep
|turn|11
|
|t:|1757888258
|move|p2a: Dragonite|Thunder Wave|p1a: Skeledirge|[miss]
|-miss|p2a: Dragonite|p1a: Skeledirge
|move|p1a: Skeledirge|Torch Song|p2a: Dragonite
|-resisted|p2a: Dragonite
|-damage|p2a: Dragonite|49/100
|-boost|p1a: Skeledirge|spa|1
|
|-heal|p2a: Dragonite|55/100|[from] item: Leftovers
|upkeep
|turn|12
|
|t:|1757888266
|move|p2a: Dragonite|Dragon Claw|p1a: Skeledirge
|-damage|p1a: Skeledirge|63/100
|move|p1a: Skeledirge|Shadow Ball|p2a: Dragonite
|-damage|p2a: Dragonite|0 fnt
|faint|p2a: Dragonite
|
|upkeep
|
|t:|1757888271
|switch|p2a: Gliscor|Gliscor, M|100/100
|turn|13
|
|t:|1757888278
|move|p2a: Gliscor|Substitute|p2a: Gliscor
|-start|p2a: Gliscor|Substitute
|-damage|p2a: Gliscor|76/100
|move|p1a: Skeledirge|Flame Charge|p2a: Gliscor
|-activate|p2a: Gliscor|move: Substitute|[damage]
|-boost|p1a: Skeledirge|spe|1
|
|-status|p2a: Gliscor|tox|[from] item: Toxic Orb
|upkeep
|turn|14
|
|t:|1757888289
|move|p1a: Skeledirge|Torch Song|p2a: Gliscor
|-damage|p2a: Gliscor|0 fnt
|-boost|p1a: Skeledirge|spa|1
|faint|p2a: Gliscor
|
|upkeep
|
|t:|1757888295
|switch|p2a: Garganacl|Garganacl, F|100/100
|turn|15
|
|t:|1757888299
|move|p1a: Skeledirge|Shadow Ball|p2a: Garganacl
|-damage|p2a: Garganacl|62/100
|move|p2a: Garganacl|Salt Cure|p1a: Skeledirge
|-damage|p1a: Skeledirge|51/100
|-start|p1a: Skeledirge|Salt Cure
|
|-heal|p2a: Garganacl|68/100|[from] item: Leftovers
|-damage|p1a: Skeledirge|26/100|[from] Salt Cure
|upkeep
|turn|16
|
|t:|1757888306
|move|p1a: Skeledirge|Slack Off|p1a: Skeledirge
|-heal|p1a: Skeledirge|76/100
|move|p2a: Garganacl|Recover|p2a: Garganacl
|-heal|p2a: Garganacl|100/100
|
|-damage|p1a: Skeledirge|51/100|[from] Salt Cure
|upkeep
|turn|17
|
|t:|1757888311
|move|p1a: Skeledirge|Slack Off|p1a: Skeledirge
|-heal|p1a: Skeledirge|100/100
|move|p2a: Garganacl|Curse|p2a: Garganacl
|-unboost|p2a: Garganacl|spe|1
|-boost|p2a: Garganacl|atk|1
|-boost|p2a: Garganacl|def|1
|
|-damage|p1a: Skeledirge|76/100|[from] Salt Cure
|upkeep
|turn|18
|
|t:|1757888319
|move|p1a: Skeledirge|Torch Song|p2a: Garganacl
|-resisted|p2a: Garganacl
|-damage|p2a: Garganacl|58/100
|-boost|p1a: Skeledirge|spa|1
|move|p2a: Garganacl|Curse|p2a: Garganacl
|-unboost|p2a: Garganacl|spe|1
|-boost|p2a: Garganacl|atk|1
|-boost|p2a: Garganacl|def|1
|
|-heal|p2a: Garganacl|64/100|[from] item: Leftovers
|-damage|p1a: Skeledirge|51/100|[from] Salt Cure
|upkeep
|turn|19
|
|t:|1757888330
|move|p1a: Skeledirge|Slack Off|p1a: Skeledirge
|-heal|p1a: Skeledirge|100/100
|move|p2a: Garganacl|Body Press|p1a: Skeledirge
|-damage|p1a: Skeledirge|74/100
|
|-heal|p2a: Garganacl|70/100|[from] item: Leftovers
|-damage|p1a: Skeledirge|49/100|[from] Salt Cure
|upkeep
|turn|20
|
|t:|1757888340
|move|p1a: Skeledirge|Torch Song|p2a: Garganacl
|-resisted|p2a: Garganacl
|-damage|p2a: Garganacl|24/100
|-boost|p1a: Skeledirge|spa|1
|move|p2a: Garganacl|Recover|p2a: Garganacl
|-heal|p2a: Garganacl|74/100
|
|-heal|p2a: Garganacl|80/100|[from] item: Leftovers
|-damage|p1a: Skeledirge|24/100|[from] Salt Cure
|upkeep
|turn|21
|
|t:|1757888349
|-terastallize|p2a: Garganacl|Fighting
|move|p1a: Skeledirge|Slack Off|p1a: Skeledirge
|-heal|p1a: Skeledirge|74/100
|move|p2a: Garganacl|Body Press|p1a: Skeledirge
|-damage|p1a: Skeledirge|37/100
|
|-heal|p2a: Garganacl|87/100|[from] item: Leftovers
|-damage|p1a: Skeledirge|13/100|[from] Salt Cure
|upkeep
|turn|22
|
|t:|1757888357
|move|p1a: Skeledirge|Slack Off|p1a: Skeledirge
|-heal|p1a: Skeledirge|63/100
|move|p2a: Garganacl|Body Press|p1a: Skeledirge
|-damage|p1a: Skeledirge|22/100
|
|-heal|p2a: Garganacl|93/100|[from] item: Leftovers
|-damage|p1a: Skeledirge|0 fnt|[from] Salt Cure
|faint|p1a: Skeledirge
|upkeep
|
|t:|1757888370
|switch|p1a: Appletun|Appletun, F, shiny|100/100
|turn|23
|
|t:|1757888374
|move|p1a: Appletun|Apple Acid|p2a: Garganacl
|-damage|p2a: Garganacl|65/100
|-unboost|p2a: Garganacl|spd|1
|move|p2a: Garganacl|Body Press|p1a: Appletun
|-damage|p1a: Appletun|11/100
|
|-heal|p1a: Appletun|17/100|[from] item: Leftovers
|-heal|p2a: Garganacl|71/100|[from] item: Leftovers
|upkeep
|turn|24
|
|t:|1757888384
|move|p1a: Appletun|Apple Acid|p2a: Garganacl
|-damage|p2a: Garganacl|32/100
|-unboost|p2a: Garganacl|spd|1
|move|p2a: Garganacl|Body Press|p1a: Appletun
|-damage|p1a: Appletun|0 fnt
|faint|p1a: Appletun
|
|-heal|p2a: Garganacl|38/100|[from] item: Leftovers
|upkeep
|
|t:|1757888394
|switch|p1a: Greninja|Greninja, M|100/100
|turn|25
|
|t:|1757888399
|switch|p2a: Araquanid|Araquanid, F|24/100 psn
|move|p1a: Greninja|Surf|p2a: Araquanid
|-resisted|p2a: Araquanid
|-damage|p2a: Araquanid|0 fnt
|faint|p2a: Araquanid
|-ability|p1a: Greninja|Battle Bond|boost
|-boost|p1a: Greninja|atk|1
|-boost|p1a: Greninja|spa|1
|-boost|p1a: Greninja|spe|1
|-activate|p1a: Greninja|ability: Battle Bond
|-damage|p1a: Greninja|91/100|[from] item: Life Orb
|
|upkeep
|
|t:|1757888404
|switch|p2a: Garganacl|Garganacl, F, tera:Fighting|38/100
|turn|26
|
|t:|1757888415
|move|p1a: Greninja|Surf|p2a: Garganacl
|-damage|p2a: Garganacl|0 fnt
|faint|p2a: Garganacl
|-damage|p1a: Greninja|81/100|[from] item: Life Orb
|
|upkeep
|
|t:|1757888417
|switch|p2a: Kingambit|Kingambit, M|100/100
|-activate|p2a: Kingambit|ability: Supreme Overlord
|-start|p2a: Kingambit|fallen5|[silent]
|turn|27
|
|t:|1757888425
|move|p1a: Greninja|Water Shuriken|p2a: Kingambit
|-damage|p2a: Kingambit|87/100
|-damage|p2a: Kingambit|72/100
|-damage|p2a: Kingambit|57/100
|-damage|p2a: Kingambit|42/100
|-hitcount|p2a: Kingambit|4
|-damage|p1a: Greninja|71/100|[from] item: Life Orb
|move|p2a: Kingambit|Swords Dance|p2a: Kingambit
|-boost|p2a: Kingambit|atk|2
|
|upkeep
|turn|28
|
|t:|1757888434
|move|p1a: Greninja|Water Shuriken|p2a: Kingambit
|-damage|p2a: Kingambit|27/100
|-damage|p2a: Kingambit|15/100
|-damage|p2a: Kingambit|1/100
|-hitcount|p2a: Kingambit|3
|-damage|p1a: Greninja|61/100|[from] item: Life Orb
|move|p2a: Kingambit|Sucker Punch||[still]
|-fail|p2a: Kingambit
|
|upkeep
|turn|29
|
|t:|1757888449
|move|p1a: Greninja|Water Shuriken|p2a: Kingambit
|-damage|p2a: Kingambit|0 fnt
|faint|p2a: Kingambit
|-end|p2a: Kingambit|fallen5|[silent]
|-hitcount|p2: Kingambit|1
|-damage|p1a: Greninja|52/100|[from] item: Life Orb
|
|win|Nanosecond Arrows
|raw|Nanosecond Arrows's rating: 1130 &rarr; <strong>1154</strong><br />(+24 for winning)
|raw|Praksisan's rating: 1111 &rarr; <strong>1087</strong><br />(-24 for losing)
|l|‽Praksisan
|player|p2|
