|badge|p1|bronze|gen9ou|100-6
|uhtml|medal-msg|<div class="broadcast-blue">Curious what those medals under the avatar are? PS now has Ladder Seasons! For more information, check out the <a href="https://www.smogon.com/forums/threads/3740067/">thread on Smogon.</a></div>
|badge|p2|bronze|gen9ou|100-6
|uhtml|medal-msg|<div class="broadcast-blue">Curious what those medals under the avatar are? PS now has Ladder Seasons! For more information, check out the <a href="https://www.smogon.com/forums/threads/3740067/">thread on Smogon.</a></div>
|j|☆OnArceus
|j|☆king of shanghai
|t:|1757896162
|gametype|singles
|player|p1|OnArceus|#scl2spartans|1833
|player|p2|king of shanghai|elesa|1851
|gen|9
|tier|[Gen 9] OU
|rated|
|rule|HP Percentage Mod: HP is shown in percentages
|rule|Endless Battle Clause: Forcing endless battles is banned
|rule|Species Clause: Limit one of each Pokémon
|rule|OHKO Clause: OHKO moves are banned
|rule|Evasion Items Clause: Evasion items are banned
|rule|Evasion Moves Clause: Evasion moves are banned
|rule|Evasion Abilities Clause: Evasion abilities are banned
|rule|Sleep Moves Clause: Sleep-inducing moves are banned
|clearpoke
|poke|p1|Ursaluna, M|
|poke|p1|Meowscarada, M|
|poke|p1|Gholdengo|
|poke|p1|Great Tusk|
|poke|p1|Slowking-Galar, M|
|poke|p1|Moltres|
|poke|p2|Indeedee, M|
|poke|p2|Hatterene, F|
|poke|p2|Ursaluna, F|
|poke|p2|Iron Hands|
|poke|p2|Hoopa-Unbound|
|poke|p2|Mimikyu, F|
|teampreview
|
|t:|1757896171
|teamsize|p1|6
|teamsize|p2|6
|start
|switch|p1a: Meowscarada|Meowscarada, M|100/100
|switch|p2a: Indeedee|Indeedee, M, shiny|100/100
|-fieldstart|move: Psychic Terrain|[from] ability: Psychic Surge|[of] p2a: Indeedee
|turn|1
|
|t:|1757896179
|move|p1a: Meowscarada|Knock Off|p2a: Indeedee
|-supereffective|p2a: Indeedee
|-damage|p2a: Indeedee|2/100
|-enditem|p2a: Indeedee|Terrain Extender|[from] move: Knock Off|[of] p1a: Meowscarada
|move|p2a: Indeedee|Trick Room|p2a: Indeedee
|-fieldstart|move: Trick Room|[of] p2a: Indeedee
|
|upkeep
|turn|2
|
|t:|1757896185
|switch|p2a: Iron Hands|Iron Hands, shiny|100/100
|-enditem|p2a: Iron Hands|Booster Energy
|-activate|p2a: Iron Hands|ability: Quark Drive|[fromitem]
|-start|p2a: Iron Hands|quarkdriveatk
|switch|p1a: Ursaluna|Ursaluna, M|100/100
|
|upkeep
|turn|3
|
|t:|1757896196
|-terastallize|p1a: Ursaluna|Fairy
|move|p2a: Iron Hands|Close Combat|p1a: Ursaluna
|-resisted|p1a: Ursaluna
|-damage|p1a: Ursaluna|67/100
|-unboost|p2a: Iron Hands|def|1
|-unboost|p2a: Iron Hands|spd|1
|move|p1a: Ursaluna|Earthquake|p2a: Iron Hands
|-supereffective|p2a: Iron Hands
|-damage|p2a: Iron Hands|6/100
|
|-heal|p1a: Ursaluna|73/100|[from] item: Leftovers
|upkeep
|turn|4
|j| Large_Rodent
|
|t:|1757896205
|move|p1a: Ursaluna|Protect|p1a: Ursaluna
|-singleturn|p1a: Ursaluna|Protect
|move|p2a: Iron Hands|Close Combat|p1a: Ursaluna
|-activate|p1a: Ursaluna|move: Protect
|
|-heal|p1a: Ursaluna|79/100|[from] item: Leftovers
|upkeep
|turn|5
|
|t:|1757896208
|move|p1a: Ursaluna|Bulk Up|p1a: Ursaluna
|-boost|p1a: Ursaluna|atk|1
|-boost|p1a: Ursaluna|def|1
|move|p2a: Iron Hands|Supercell Slam|p1a: Ursaluna
|-damage|p1a: Ursaluna|44/100
|
|-heal|p1a: Ursaluna|50/100|[from] item: Leftovers
|-fieldend|move: Trick Room
|upkeep
|turn|6
|
|t:|1757896214
|move|p1a: Ursaluna|Protect|p1a: Ursaluna
|-singleturn|p1a: Ursaluna|Protect
|move|p2a: Iron Hands|Supercell Slam|p1a: Ursaluna
|-activate|p1a: Ursaluna|move: Protect
|-damage|p2a: Iron Hands|0 fnt|[from] supercellslam
|faint|p2a: Iron Hands
|-end|p2a: Iron Hands|Quark Drive|[silent]
|
|-heal|p1a: Ursaluna|56/100|[from] item: Leftovers
|upkeep
|
|t:|1757896219
|switch|p2a: Hoopa|Hoopa-Unbound|100/100
|-enditem|p2a: Hoopa|Psychic Seed
|-boost|p2a: Hoopa|spd|1|[from] item: Psychic Seed
|turn|7
|
|t:|1757896223
|move|p2a: Hoopa|Expanding Force|p1a: Ursaluna
|-damage|p1a: Ursaluna|0 fnt
|faint|p1a: Ursaluna
|-item|p2a: Hoopa|Leftovers|[from] ability: Magician|[of] p1: Ursaluna
|
|upkeep
|
|t:|1757896226
|switch|p1a: Meowscarada|Meowscarada, M|100/100
|turn|8
|
|t:|1757896241
|switch|p2a: Ursaluna|Ursaluna, F|100/100
|move|p1a: Meowscarada|U-turn|p2a: Ursaluna
|-damage|p2a: Ursaluna|84/100
|
|t:|1757896246
|switch|p1a: Great Tusk|Great Tusk|100/100|[from] U-turn
|
|-fieldend|move: Psychic Terrain
|-status|p2a: Ursaluna|brn|[from] item: Flame Orb
|upkeep
|turn|9
|j| Prof dankness
|
|t:|1757896265
|switch|p2a: Indeedee|Indeedee, M, shiny|2/100
|-fieldstart|move: Psychic Terrain|[from] ability: Psychic Surge|[of] p2a: Indeedee
|move|p1a: Great Tusk|Stealth Rock|p2a: Indeedee
|-sidestart|p2: king of shanghai|move: Stealth Rock
|
|upkeep
|turn|10
|
|t:|1757896271
|-end|p1a: Great Tusk|Protosynthesis|[silent]
|switch|p1a: Gholdengo|Gholdengo|100/100
|move|p2a: Indeedee|Trick Room|p2a: Indeedee
|-fieldstart|move: Trick Room|[of] p2a: Indeedee
|
|upkeep
|turn|11
|
|t:|1757896274
|switch|p1a: Slowking|Slowking-Galar, M|100/100
|move|p2a: Indeedee|Healing Wish|p2a: Indeedee
|faint|p2a: Indeedee
|
|upkeep
|
|t:|1757896286
|switch|p2a: Hoopa|Hoopa-Unbound|100/100
|-damage|p2a: Hoopa|88/100|[from] Stealth Rock
|turn|12
|
|t:|1757896292
|move|p1a: Slowking|Toxic Spikes|p2a: Hoopa
|-sidestart|p2: king of shanghai|move: Toxic Spikes
|move|p2a: Hoopa|Hyperspace Fury|p1a: Slowking
|-supereffective|p1a: Slowking
|-damage|p1a: Slowking|24/100
|-unboost|p2a: Hoopa|def|1
|
|-heal|p2a: Hoopa|94/100|[from] item: Leftovers
|upkeep
|turn|13
|
|t:|1757896295
|move|p1a: Slowking|Sludge Bomb|p2a: Hoopa
|-damage|p2a: Hoopa|68/100
|-status|p2a: Hoopa|psn
|move|p2a: Hoopa|Expanding Force|p1a: Slowking
|-damage|p1a: Slowking|0 fnt
|faint|p1a: Slowking
|
|-heal|p2a: Hoopa|74/100 psn|[from] item: Leftovers
|-damage|p2a: Hoopa|61/100 psn|[from] psn
|-fieldend|move: Psychic Terrain
|upkeep
|
|t:|1757896302
|switch|p1a: Moltres|Moltres|100/100
|turn|14
|
|t:|1757896304
|move|p2a: Hoopa|Focus Blast|p1a: Moltres|[miss]
|-miss|p2a: Hoopa|p1a: Moltres
|move|p1a: Moltres|Roost||[still]
|-fail|p1a: Moltres|heal
|
|-heal|p2a: Hoopa|67/100 psn|[from] item: Leftovers
|-damage|p2a: Hoopa|55/100 psn|[from] psn
|-fieldend|move: Trick Room
|upkeep
|turn|15
|
|t:|1757896309
|move|p1a: Moltres|U-turn|p2a: Hoopa
|-supereffective|p2a: Hoopa
|-damage|p2a: Hoopa|0 fnt
|faint|p2a: Hoopa
|
|t:|1757896316
|switch|p1a: Gholdengo|Gholdengo|100/100|[from] U-turn
|
|upkeep
|
|t:|1757896318
|switch|p2a: Ursaluna|Ursaluna, F|84/100 brn
|-heal|p2a: Ursaluna|100/100|[from] move: Healing Wish
|-damage|p2a: Ursaluna|94/100|[from] Stealth Rock
|-status|p2a: Ursaluna|psn
|turn|16
|j| Jey2
|
|t:|1757896328
|move|p1a: Gholdengo|Make It Rain|p2a: Ursaluna
|-damage|p2a: Ursaluna|35/100 psn
|-unboost|p1a: Gholdengo|spa|1
|move|p2a: Ursaluna|Headlong Rush|p1a: Gholdengo
|-supereffective|p1a: Gholdengo
|-damage|p1a: Gholdengo|0 fnt
|-unboost|p2a: Ursaluna|def|1
|-unboost|p2a: Ursaluna|spd|1
|faint|p1a: Gholdengo
|
|-damage|p2a: Ursaluna|23/100 psn|[from] psn
|upkeep
|
|t:|1757896338
|switch|p1a: Meowscarada|Meowscarada, M|100/100
|turn|17
|
|t:|1757896359
|move|p1a: Meowscarada|Knock Off|p2a: Ursaluna
|-damage|p2a: Ursaluna|0 fnt
|-enditem|p2a: Ursaluna|Flame Orb|[from] move: Knock Off|[of] p1a: Meowscarada
|faint|p2a: Ursaluna
|
|upkeep
|
|t:|1757896373
|switch|p2a: Mimikyu|Mimikyu, F|100/100
|-damage|p2a: Mimikyu|88/100|[from] Stealth Rock
|-status|p2a: Mimikyu|psn
|turn|18
|
|t:|1757896381
|move|p1a: Meowscarada|U-turn|p2a: Mimikyu
|-activate|p2a: Mimikyu|ability: Disguise
|-damage|p2a: Mimikyu|88/100 psn
|detailschange|p2a: Mimikyu|Mimikyu-Busted, F
|-damage|p2a: Mimikyu|76/100 psn|[from] pokemon: Mimikyu-Busted
|-enditem|p2a: Mimikyu|Red Card|[of] p1a: Meowscarada
|drag|p1a: Moltres|Moltres|100/100
|move|p2a: Mimikyu|Trick Room|p2a: Mimikyu
|-fieldstart|move: Trick Room|[of] p2a: Mimikyu
|
|-damage|p2a: Mimikyu|63/100 psn|[from] psn
|upkeep
|turn|19
|
|t:|1757896388
|move|p1a: Moltres|Flamethrower|p2a: Mimikyu
|-damage|p2a: Mimikyu|21/100 psn
|move|p2a: Mimikyu|Curse|p1a: Moltres
|-start|p1a: Moltres|Curse|[of] p2a: Mimikyu
|-damage|p2a: Mimikyu|0 fnt
|faint|p2a: Mimikyu
|
|-damage|p1a: Moltres|76/100|[from] Curse
|upkeep
|
|t:|1757896391
|switch|p2a: Hatterene|Hatterene, F|100/100
|-damage|p2a: Hatterene|88/100|[from] Stealth Rock
|-status|p2a: Hatterene|psn
|turn|20
|
|t:|1757896409
|-terastallize|p2a: Hatterene|Stellar
|move|p2a: Hatterene|Expanding Force|p1a: Moltres
|-damage|p1a: Moltres|0 fnt
|faint|p1a: Moltres
|-damage|p2a: Hatterene|78/100 psn|[from] item: Life Orb
|
|-damage|p2a: Hatterene|66/100 psn|[from] psn
|upkeep
|
|t:|1757896416
|switch|p1a: Great Tusk|Great Tusk|100/100
|turn|21
|
|t:|1757896420
|move|p2a: Hatterene|Draining Kiss|p1a: Great Tusk
|-supereffective|p1a: Great Tusk
|-damage|p1a: Great Tusk|0 fnt
|-heal|p2a: Hatterene|100/100 psn|[from] drain|[of] p1a: Great Tusk
|-damage|p2a: Hatterene|84/100 psn|[from] item: Rocky Helmet|[of] p1a: Great Tusk
|faint|p1a: Great Tusk
|-end|p1a: Great Tusk|Protosynthesis|[silent]
|-damage|p2a: Hatterene|74/100 psn|[from] item: Life Orb
|
|-damage|p2a: Hatterene|62/100 psn|[from] psn
|upkeep
|
|t:|1757896426
|switch|p1a: Meowscarada|Meowscarada, M|100/100
|turn|22
|
|t:|1757896459
|move|p2a: Hatterene|Draining Kiss|p1a: Meowscarada
|-supereffective|p1a: Meowscarada
|-damage|p1a: Meowscarada|0 fnt
|-heal|p2a: Hatterene|100/100 psn|[from] drain|[of] p1a: Meowscarada
|faint|p1a: Meowscarada
|-damage|p2a: Hatterene|91/100 psn|[from] item: Life Orb
|
|win|king of shanghai
|raw|OnArceus's rating: 1833 &rarr; <strong>1814</strong><br />(-19 for losing)
|raw|king of shanghai's rating: 1851 &rarr; <strong>1870</strong><br />(+19 for winning)
|l| Prof dankness
|l|☆OnArceus
|player|p1|
|l| Large_Rodent
|l| Jey2
