|j|☆ddd980
|j|☆kaiogtz
|t:|1757862557
|gametype|singles
|player|p1|ddd980|ghetsis|1457
|player|p2|kaiogtz|101|1473
|gen|9
|tier|[Gen 9] OU
|rated|
|rule|HP Percentage Mod: HP is shown in percentages
|rule|Endless Battle Clause: Forcing endless battles is banned
|rule|Species Clause: Limit one of each Pokémon
|rule|OHKO Clause: OHKO moves are banned
|rule|Evasion Items Clause: Evasion items are banned
|rule|Evasion Moves Clause: Evasion moves are banned
|rule|Evasion Abilities Clause: Evasion abilities are banned
|rule|Sleep Moves Clause: Sleep-inducing moves are banned
|clearpoke
|poke|p1|Zoroark-Hisui, M|
|poke|p1|Ceruledge, F|
|poke|p1|Dragapult, M|
|poke|p1|Sinistcha-Masterpiece|
|poke|p1|Sableye, F|
|poke|p1|Drifblim, M|
|poke|p2|Arcanine-Hisui, F|
|poke|p2|Raging Bolt|
|poke|p2|Ogerpon-Wellspring, F|
|poke|p2|Glimmora, F|
|poke|p2|Iron Valiant|
|poke|p2|Ceruledge, F|
|teampreview
|inactive|Battle timer is ON: inactive players will automatically lose when time's up. (requested by ddd980)
|
|t:|1757862562
|teamsize|p1|6
|teamsize|p2|6
|start
|switch|p1a: Drifblim|Drifblim, M|100/100
|switch|p2a: Glimmora|Glimmora, F|100/100
|turn|1
|
|t:|1757862573
|move|p1a: Drifblim|Psychic|p2a: Glimmora
|-supereffective|p2a: Glimmora
|-enditem|p2a: Glimmora|Focus Sash
|-damage|p2a: Glimmora|1/100
|move|p2a: Glimmora|Stealth Rock|p1a: Drifblim
|-sidestart|p1: ddd980|move: Stealth Rock
|
|upkeep
|turn|2
|
|t:|1757862577
|move|p1a: Drifblim|Psychic|p2a: Glimmora
|-supereffective|p2a: Glimmora
|-damage|p2a: Glimmora|0 fnt
|faint|p2a: Glimmora
|
|upkeep
|
|t:|1757862583
|switch|p2a: Iron Valiant|Iron Valiant|100/100
|-enditem|p2a: Iron Valiant|Booster Energy
|-activate|p2a: Iron Valiant|ability: Quark Drive|[fromitem]
|-start|p2a: Iron Valiant|quarkdrivespe
|turn|3
|
|t:|1757862586
|move|p2a: Iron Valiant|Moonblast|p1a: Drifblim
|-damage|p1a: Drifblim|5/100
|-unboost|p1a: Drifblim|spa|1
|replace|p1a: Zoroark|Zoroark-Hisui, M
|-end|p1a: Zoroark|Illusion
|move|p1a: Zoroark|Psychic|p2a: Iron Valiant
|-supereffective|p2a: Iron Valiant
|-damage|p2a: Iron Valiant|0 fnt
|faint|p2a: Iron Valiant
|-end|p2a: Iron Valiant|Quark Drive|[silent]
|
|upkeep
|
|t:|1757862595
|switch|p2a: Ogerpon|Ogerpon-Wellspring, F|100/100
|turn|4
|
|t:|1757862599
|move|p2a: Ogerpon|Trailblaze|p1a: Zoroark
|-damage|p1a: Zoroark|0 fnt
|-boost|p2a: Ogerpon|spe|1
|faint|p1a: Zoroark
|
|upkeep
|
|t:|1757862602
|switch|p1a: Drifblim|Drifblim, M|100/100
|turn|5
|
|t:|1757862605
|move|p2a: Ogerpon|Swords Dance|p2a: Ogerpon
|-boost|p2a: Ogerpon|atk|2
|move|p1a: Drifblim|Defog|p2a: Ogerpon
|-unboost|p2a: Ogerpon|evasion|1
|-sideend|p1: ddd980|Stealth Rock|[from] move: Defog|[of] p1a: Drifblim
|
|upkeep
|turn|6
|
|t:|1757862608
|move|p2a: Ogerpon|Ivy Cudgel|p1a: Drifblim|[anim] Ivy Cudgel Water
|-damage|p1a: Drifblim|0 fnt
|faint|p1a: Drifblim
|
|upkeep
|
|t:|1757862614
|switch|p1a: Sableye|Sableye, F|100/100
|turn|7
|
|t:|1757862618
|move|p1a: Sableye|Will-O-Wisp|p2a: Ogerpon
|-status|p2a: Ogerpon|brn
|move|p2a: Ogerpon|Ivy Cudgel|p1a: Sableye|[anim] Ivy Cudgel Water
|-damage|p1a: Sableye|47/100
|
|-heal|p1a: Sableye|53/100|[from] item: Leftovers
|-damage|p2a: Ogerpon|95/100 brn|[from] brn
|upkeep
|turn|8
|
|t:|1757862624
|move|p1a: Sableye|Recover|p1a: Sableye
|-heal|p1a: Sableye|100/100
|move|p2a: Ogerpon|Ivy Cudgel|p1a: Sableye|[anim] Ivy Cudgel Water
|-damage|p1a: Sableye|42/100
|
|-heal|p1a: Sableye|48/100|[from] item: Leftovers
|-damage|p2a: Ogerpon|89/100 brn|[from] brn
|upkeep
|turn|9
|
|t:|1757862631
|switch|p1a: Sinistcha|Sinistcha-Masterpiece|100/100
|move|p2a: Ogerpon|Ivy Cudgel|p1a: Sinistcha|[anim] Ivy Cudgel Water
|-resisted|p1a: Sinistcha
|-damage|p1a: Sinistcha|81/100
|
|-damage|p2a: Ogerpon|83/100 brn|[from] brn
|upkeep
|turn|10
|
|t:|1757862633
|move|p2a: Ogerpon|Play Rough|p1a: Sinistcha
|-damage|p1a: Sinistcha|57/100
|move|p1a: Sinistcha|Calm Mind|p1a: Sinistcha
|-boost|p1a: Sinistcha|spa|1
|-boost|p1a: Sinistcha|spd|1
|
|-damage|p2a: Ogerpon|77/100 brn|[from] brn
|upkeep
|turn|11
|
|t:|1757862639
|move|p2a: Ogerpon|Play Rough|p1a: Sinistcha|[miss]
|-miss|p2a: Ogerpon|p1a: Sinistcha
|move|p1a: Sinistcha|Strength Sap|p2a: Ogerpon
|-unboost|p2a: Ogerpon|atk|1
|-heal|p1a: Sinistcha|100/100
|
|-damage|p2a: Ogerpon|71/100 brn|[from] brn
|upkeep
|turn|12
|
|t:|1757862642
|switch|p2a: Arcanine|Arcanine-Hisui, F|100/100
|move|p1a: Sinistcha|Calm Mind|p1a: Sinistcha
|-boost|p1a: Sinistcha|spa|1
|-boost|p1a: Sinistcha|spd|1
|
|upkeep
|turn|13
|
|t:|1757862645
|move|p2a: Arcanine|Flare Blitz|p1a: Sinistcha
|-supereffective|p1a: Sinistcha
|-damage|p1a: Sinistcha|58/100
|move|p1a: Sinistcha|Matcha Gotcha|p2a: Arcanine
|-damage|p2a: Arcanine|20/100
|-heal|p1a: Sinistcha|97/100|[from] drain|[of] p2a: Arcanine
|
|upkeep
|turn|14
|
|t:|1757862650
|move|p2a: Arcanine|Flare Blitz|p1a: Sinistcha
|-supereffective|p1a: Sinistcha
|-damage|p1a: Sinistcha|60/100
|move|p1a: Sinistcha|Strength Sap|p2a: Arcanine
|-unboost|p2a: Arcanine|atk|1
|-heal|p1a: Sinistcha|100/100
|
|upkeep
|turn|15
|
|t:|1757862653
|move|p2a: Arcanine|Flare Blitz|p1a: Sinistcha
|-supereffective|p1a: Sinistcha
|-damage|p1a: Sinistcha|74/100
|move|p1a: Sinistcha|Shadow Ball|p2a: Arcanine
|-damage|p2a: Arcanine|0 fnt
|faint|p2a: Arcanine
|
|upkeep
|
|t:|1757862657
|switch|p2a: Ceruledge|Ceruledge, F|100/100
|turn|16
|
|t:|1757862659
|move|p2a: Ceruledge|Swords Dance|p2a: Ceruledge
|-boost|p2a: Ceruledge|atk|2
|move|p1a: Sinistcha|Strength Sap|p2a: Ceruledge
|-unboost|p2a: Ceruledge|atk|1
|-heal|p1a: Sinistcha|100/100
|
|upkeep
|turn|17
|
|t:|1757862665
|move|p2a: Ceruledge|Poltergeist|p1a: Sinistcha
|-activate|p1a: Sinistcha|move: Poltergeist|Lum Berry
|-supereffective|p1a: Sinistcha
|-damage|p1a: Sinistcha|0 fnt
|faint|p1a: Sinistcha
|
|upkeep
|
|t:|1757862670
|switch|p1a: Ceruledge|Ceruledge, F|100/100
|turn|18
|
|t:|1757862674
|move|p2a: Ceruledge|Bitter Blade|p1a: Ceruledge
|-resisted|p1a: Ceruledge
|-damage|p1a: Ceruledge|50/100
|-ability|p1a: Ceruledge|Weak Armor|boost
|-unboost|p1a: Ceruledge|def|1
|-boost|p1a: Ceruledge|spe|2
|move|p1a: Ceruledge|Swords Dance|p1a: Ceruledge
|-boost|p1a: Ceruledge|atk|2
|
|upkeep
|turn|19
|
|t:|1757862679
|-terastallize|p1a: Ceruledge|Fire
|move|p2a: Ceruledge|Shadow Sneak|p1a: Ceruledge
|-damage|p1a: Ceruledge|0 fnt
|faint|p1a: Ceruledge
|
|upkeep
|
|t:|1757862685
|switch|p1a: Dragapult|Dragapult, M|100/100
|turn|20
|
|t:|1757862689
|move|p1a: Dragapult|Phantom Force||[still]
|-prepare|p1a: Dragapult|Phantom Force
|move|p2a: Ceruledge|Bitter Blade|p1a: Dragapult|[miss]
|-miss|p2a: Ceruledge|p1a: Dragapult
|
|upkeep
|turn|21
|
|t:|1757862693
|move|p1a: Dragapult|Phantom Force|p2a: Ceruledge|[from] lockedmove
|-supereffective|p2a: Ceruledge
|-enditem|p2a: Ceruledge|Focus Sash
|-damage|p2a: Ceruledge|1/100
|-ability|p2a: Ceruledge|Weak Armor|boost
|-unboost|p2a: Ceruledge|def|1
|-boost|p2a: Ceruledge|spe|2
|-damage|p1a: Dragapult|91/100|[from] item: Life Orb
|move|p2a: Ceruledge|Bitter Blade|p1a: Dragapult
|-resisted|p1a: Dragapult
|-damage|p1a: Dragapult|41/100
|-heal|p2a: Ceruledge|28/100|[from] drain|[of] p1a: Dragapult
|
|upkeep
|turn|22
|
|t:|1757862698
|move|p2a: Ceruledge|Shadow Sneak|p1a: Dragapult
|-supereffective|p1a: Dragapult
|-damage|p1a: Dragapult|0 fnt
|faint|p1a: Dragapult
|
|upkeep
|
|t:|1757862700
|switch|p1a: Sableye|Sableye, F|48/100
|turn|23
|
|t:|1757862702
|move|p2a: Ceruledge|Shadow Sneak|p1a: Sableye
|-damage|p1a: Sableye|19/100
|move|p1a: Sableye|Recover|p1a: Sableye
|-heal|p1a: Sableye|69/100
|
|-heal|p1a: Sableye|75/100|[from] item: Leftovers
|upkeep
|turn|24
|
|t:|1757862704
|move|p2a: Ceruledge|Poltergeist|p1a: Sableye
|-activate|p1a: Sableye|move: Poltergeist|Leftovers
|-damage|p1a: Sableye|0 fnt
|faint|p1a: Sableye
|
|win|kaiogtz
|raw|ddd980's rating: 1457 &rarr; <strong>1438</strong><br />(-19 for losing)
|raw|kaiogtz's rating: 1473 &rarr; <strong>1492</strong><br />(+19 for winning)
|l|☆kaiogtz
|player|p2|
|l|☆ddd980
|player|p1|
