|j|☆Palm X
|j|☆jushu
|t:|1757882791
|gametype|singles
|player|p1|Palm X|caitlin|1553
|player|p2|jushu|dawn-gen4pt|1633
|gen|9
|tier|[Gen 9] OU
|rated|
|rule|HP Percentage Mod: HP is shown in percentages
|rule|Endless Battle Clause: Forcing endless battles is banned
|rule|Species Clause: Limit one of each Pokémon
|rule|OHKO Clause: OHKO moves are banned
|rule|Evasion Items Clause: Evasion items are banned
|rule|Evasion Moves Clause: Evasion moves are banned
|rule|Evasion Abilities Clause: Evasion abilities are banned
|rule|Sleep Moves Clause: Sleep-inducing moves are banned
|clearpoke
|poke|p1|Cinderace, F|
|poke|p1|Ting-Lu|
|poke|p1|Alomomola, F|
|poke|p1|Slowking-Galar, F|
|poke|p1|Zamazenta-*|
|poke|p1|Iron Valiant|
|poke|p2|Torkoal, F|
|poke|p2|Hatterene, F|
|poke|p2|Raging Bolt|
|poke|p2|Slither Wing|
|poke|p2|Venusaur, M|
|poke|p2|Walking Wake|
|teampreview
|inactive|Battle timer is ON: inactive players will automatically lose when time's up. (requested by Palm X)
|
|t:|1757882797
|teamsize|p1|6
|teamsize|p2|6
|start
|switch|p1a: Drank Man Please|Slowking-Galar, F|100/100
|switch|p2a: Torkoal|Torkoal, F|100/100
|-weather|SunnyDay|[from] ability: Drought|[of] p2a: Torkoal
|turn|1
|
|t:|1757882815
|move|p2a: Torkoal|Stealth Rock|p1a: Drank Man Please
|-sidestart|p1: Palm X|move: Stealth Rock
|-prepare|p1a: Drank Man Please|Chilly Reception|[premajor]
|move|p1a: Drank Man Please|Chilly Reception|p1a: Drank Man Please
|-weather|Snowscape
|
|t:|1757882820
|switch|p1a: Percules|Cinderace, F|100/100|[from] Chilly Reception
|
|-weather|Snowscape|[upkeep]
|upkeep
|turn|2
|
|t:|1757882822
|move|p1a: Percules|Court Change|p1a: Percules
|-start|p1a: Percules|typechange|Normal|[from] ability: Libero
|-swapsideconditions
|-activate|p1a: Percules|move: Court Change
|move|p2a: Torkoal|Earthquake|p1a: Percules
|-damage|p1a: Percules|73/100
|
|-weather|Snowscape|[upkeep]
|upkeep
|turn|3
|
|t:|1757882830
|move|p1a: Percules|U-turn|p2a: Torkoal
|-resisted|p2a: Torkoal
|-damage|p2a: Torkoal|91/100
|
|t:|1757882833
|switch|p1a: Drank Man Please|Slowking-Galar, F|100/100|[from] U-turn
|move|p2a: Torkoal|Stealth Rock|p1a: Drank Man Please
|-sidestart|p1: Palm X|move: Stealth Rock
|
|-weather|Snowscape|[upkeep]
|upkeep
|turn|4
|
|t:|1757882842
|switch|p2a: Slither Wing|Slither Wing|100/100
|-damage|p2a: Slither Wing|88/100|[from] Stealth Rock
|move|p1a: Drank Man Please|Future Sight|p2a: Slither Wing
|-start|p1a: Drank Man Please|move: Future Sight
|
|-weather|Snowscape|[upkeep]
|upkeep
|turn|5
|
|t:|1757882847
|switch|p1a: What Is An Opp|Alomomola, F|100/100
|-damage|p1a: What Is An Opp|88/100|[from] Stealth Rock
|move|p2a: Slither Wing|Earthquake|p1a: What Is An Opp
|-damage|p1a: What Is An Opp|67/100
|
|-weather|none
|upkeep
|turn|6
|
|t:|1757882851
|move|p2a: Slither Wing|U-turn|p1a: What Is An Opp
|-damage|p1a: What Is An Opp|46/100
|-damage|p2a: Slither Wing|72/100|[from] item: Rocky Helmet|[of] p1a: What Is An Opp
|
|t:|1757882853
|-end|p2a: Slither Wing|Protosynthesis|[silent]
|switch|p2a: Hatterene|Hatterene, F|100/100|[from] U-turn
|-damage|p2a: Hatterene|88/100|[from] Stealth Rock
|-item|p2a: Hatterene|Air Balloon
|move|p1a: What Is An Opp|Flip Turn|p2a: Hatterene
|-damage|p2a: Hatterene|77/100
|-enditem|p2a: Hatterene|Air Balloon
|
|t:|1757882864
|switch|p1a: Percules|Cinderace, F|73/100|[from] Flip Turn
|
|-end|p2a: Hatterene|move: Future Sight
|-resisted|p2a: Hatterene
|-damage|p2a: Hatterene|52/100
|upkeep
|turn|7
|
|t:|1757882869
|move|p1a: Percules|U-turn|p2a: Hatterene
|-start|p1a: Percules|typechange|Bug|[from] ability: Libero
|-crit|p2a: Hatterene
|-damage|p2a: Hatterene|10/100
|
|t:|1757882873
|switch|p1a: LuLu on dat BUTT|Ting-Lu|100/100|[from] U-turn
|-damage|p1a: LuLu on dat BUTT|94/100|[from] Stealth Rock
|-ability|p1a: LuLu on dat BUTT|Vessel of Ruin
|move|p2a: Hatterene|Trick Room|p2a: Hatterene
|-fieldstart|move: Trick Room|[of] p2a: Hatterene
|
|-heal|p1a: LuLu on dat BUTT|100/100|[from] item: Leftovers
|upkeep
|turn|8
|
|t:|1757882876
|move|p2a: Hatterene|Healing Wish|p2a: Hatterene
|faint|p2a: Hatterene
|move|p1a: LuLu on dat BUTT|Earthquake|p2: Hatterene|[notarget]
|-fail|p1a: LuLu on dat BUTT
|
|upkeep
|
|t:|1757882879
|switch|p2a: Venusaur|Venusaur, M|100/100
|-damage|p2a: Venusaur|88/100|[from] Stealth Rock
|turn|9
|
|t:|1757882882
|move|p2a: Venusaur|Growth|p2a: Venusaur
|-boost|p2a: Venusaur|atk|1
|-boost|p2a: Venusaur|spa|1
|move|p1a: LuLu on dat BUTT|Whirlwind|p2a: Venusaur
|drag|p2a: Walking Wake|Walking Wake|100/100
|-damage|p2a: Walking Wake|88/100|[from] Stealth Rock
|
|upkeep
|turn|10
|
|t:|1757882887
|switch|p1a: Drank Man Please|Slowking-Galar, F|100/100
|move|p2a: Walking Wake|Hydro Steam|p1a: Drank Man Please
|-damage|p1a: Drank Man Please|73/100
|
|upkeep
|turn|11
|
|t:|1757882891
|-prepare|p1a: Drank Man Please|Chilly Reception|[premajor]
|move|p1a: Drank Man Please|Chilly Reception|p1a: Drank Man Please
|-weather|Snowscape
|
|t:|1757882894
|switch|p1a: What Is An Opp|Alomomola, F|79/100|[from] Chilly Reception
|-damage|p1a: What Is An Opp|67/100|[from] Stealth Rock
|move|p2a: Walking Wake|Flip Turn|p1a: What Is An Opp
|-resisted|p1a: What Is An Opp
|-damage|p1a: What Is An Opp|62/100
|-damage|p2a: Walking Wake|72/100|[from] item: Rocky Helmet|[of] p1a: What Is An Opp
|
|t:|1757882906
|-end|p2a: Walking Wake|Protosynthesis|[silent]
|switch|p2a: Torkoal|Torkoal, F|91/100|[from] Flip Turn
|-heal|p2a: Torkoal|100/100|[from] move: Healing Wish
|-damage|p2a: Torkoal|76/100|[from] Stealth Rock
|-weather|SunnyDay|[from] ability: Drought|[of] p2a: Torkoal
|
|-weather|SunnyDay|[upkeep]
|-fieldend|move: Trick Room
|upkeep
|turn|12
|
|t:|1757882912
|switch|p2a: Raging Bolt|Raging Bolt|100/100
|-damage|p2a: Raging Bolt|88/100|[from] Stealth Rock
|-activate|p2a: Raging Bolt|ability: Protosynthesis
|-start|p2a: Raging Bolt|protosynthesisspa
|move|p1a: What Is An Opp|Flip Turn|p2a: Raging Bolt
|-resisted|p2a: Raging Bolt
|-damage|p2a: Raging Bolt|85/100
|
|t:|1757882919
|switch|p1a: LuLu on dat BUTT|Ting-Lu|100/100|[from] Flip Turn
|-damage|p1a: LuLu on dat BUTT|94/100|[from] Stealth Rock
|-ability|p1a: LuLu on dat BUTT|Vessel of Ruin
|
|-weather|SunnyDay|[upkeep]
|-heal|p1a: LuLu on dat BUTT|100/100|[from] item: Leftovers
|upkeep
|turn|13
|
|t:|1757882922
|move|p2a: Raging Bolt|Solar Beam||[still]
|-prepare|p2a: Raging Bolt|Solar Beam
|-anim|p2a: Raging Bolt|Solar Beam|p1a: LuLu on dat BUTT
|-supereffective|p1a: LuLu on dat BUTT
|-damage|p1a: LuLu on dat BUTT|37/100
|-damage|p2a: Raging Bolt|75/100|[from] item: Life Orb
|move|p1a: LuLu on dat BUTT|Whirlwind|p2a: Raging Bolt
|-end|p2a: Raging Bolt|Protosynthesis|[silent]
|drag|p2a: Venusaur|Venusaur, M|88/100
|-damage|p2a: Venusaur|76/100|[from] Stealth Rock
|
|-weather|SunnyDay|[upkeep]
|-heal|p1a: LuLu on dat BUTT|43/100|[from] item: Leftovers
|upkeep
|turn|14
|
|t:|1757882926
|move|p2a: Venusaur|Growth|p2a: Venusaur
|-boost|p2a: Venusaur|atk|2
|-boost|p2a: Venusaur|spa|2
|move|p1a: LuLu on dat BUTT|Ruination|p2a: Venusaur
|-damage|p2a: Venusaur|38/100
|
|-weather|SunnyDay|[upkeep]
|-heal|p1a: LuLu on dat BUTT|49/100|[from] item: Leftovers
|upkeep
|turn|15
|
|t:|1757882929
|move|p2a: Venusaur|Giga Drain|p1a: LuLu on dat BUTT
|-supereffective|p1a: LuLu on dat BUTT
|-damage|p1a: LuLu on dat BUTT|0 fnt
|-heal|p2a: Venusaur|79/100|[from] drain|[of] p1a: LuLu on dat BUTT
|faint|p1a: LuLu on dat BUTT
|-damage|p2a: Venusaur|69/100|[from] item: Life Orb
|
|-weather|SunnyDay|[upkeep]
|upkeep
|
|t:|1757882932
|switch|p1a: Drank Man Please|Slowking-Galar, F|100/100
|turn|16
|
|t:|1757882939
|move|p2a: Venusaur|Earthquake|p1a: Drank Man Please
|-supereffective|p1a: Drank Man Please
|-damage|p1a: Drank Man Please|0 fnt
|faint|p1a: Drank Man Please
|-damage|p2a: Venusaur|59/100|[from] item: Life Orb
|
|-weather|SunnyDay|[upkeep]
|upkeep
|
|t:|1757882951
|switch|p1a: BillionsMustIDef|Zamazenta|100/100
|-damage|p1a: BillionsMustIDef|94/100|[from] Stealth Rock
|-ability|p1a: BillionsMustIDef|Dauntless Shield|boost
|-boost|p1a: BillionsMustIDef|def|1
|turn|17
|
|t:|1757882958
|move|p2a: Venusaur|Giga Drain|p1a: BillionsMustIDef
|-damage|p1a: BillionsMustIDef|27/100
|-heal|p2a: Venusaur|100/100|[from] drain|[of] p1a: BillionsMustIDef
|-damage|p2a: Venusaur|91/100|[from] item: Life Orb
|move|p1a: BillionsMustIDef|Stone Edge|p2a: Venusaur|[miss]
|-miss|p1a: BillionsMustIDef|p2a: Venusaur
|
|-weather|SunnyDay|[upkeep]
|-heal|p1a: BillionsMustIDef|33/100|[from] item: Leftovers
|upkeep
|turn|18
|
|t:|1757882964
|move|p2a: Venusaur|Giga Drain|p1a: BillionsMustIDef
|-damage|p1a: BillionsMustIDef|0 fnt
|-heal|p2a: Venusaur|100/100|[from] drain|[of] p1a: BillionsMustIDef
|faint|p1a: BillionsMustIDef
|-damage|p2a: Venusaur|91/100|[from] item: Life Orb
|
|-weather|none
|upkeep
|
|t:|1757882969
|switch|p1a: Percules|Cinderace, F|73/100
|turn|19
|
|t:|1757882976
|switch|p2a: Torkoal|Torkoal, F|76/100
|-damage|p2a: Torkoal|51/100|[from] Stealth Rock
|-weather|SunnyDay|[from] ability: Drought|[of] p2a: Torkoal
|move|p1a: Percules|Pyro Ball|p2a: Torkoal
|-resisted|p2a: Torkoal
|-damage|p2a: Torkoal|15/100
|
|-weather|SunnyDay|[upkeep]
|upkeep
|turn|20
|
|t:|1757882978
|move|p1a: Percules|Pyro Ball|p2a: Torkoal
|-resisted|p2a: Torkoal
|-damage|p2a: Torkoal|0 fnt
|faint|p2a: Torkoal
|
|-weather|SunnyDay|[upkeep]
|upkeep
|
|t:|1757882982
|switch|p2a: Walking Wake|Walking Wake|72/100
|-damage|p2a: Walking Wake|59/100|[from] Stealth Rock
|-activate|p2a: Walking Wake|ability: Protosynthesis
|-start|p2a: Walking Wake|protosynthesisspe
|turn|21
|j| FIRE LORD AESON
|
|t:|1757882991
|switch|p1a: What Is An Opp|Alomomola, F|96/100
|-damage|p1a: What Is An Opp|83/100|[from] Stealth Rock
|move|p2a: Walking Wake|Hydro Steam|p1a: What Is An Opp
|-resisted|p1a: What Is An Opp
|-damage|p1a: What Is An Opp|44/100
|
|-weather|SunnyDay|[upkeep]
|upkeep
|turn|22
|
|t:|1757882996
|move|p2a: Walking Wake|Draco Meteor|p1a: What Is An Opp
|-damage|p1a: What Is An Opp|0 fnt
|-unboost|p2a: Walking Wake|spa|2
|faint|p1a: What Is An Opp
|
|-weather|SunnyDay|[upkeep]
|upkeep
|
|t:|1757882998
|switch|p1a: Cap. Tin America|Iron Valiant|100/100
|-damage|p1a: Cap. Tin America|94/100|[from] Stealth Rock
|turn|23
|
|t:|1757883010
|-terastallize|p1a: Cap. Tin America|Ghost
|move|p2a: Walking Wake|Hydro Steam|p1a: Cap. Tin America
|-damage|p1a: Cap. Tin America|35/100
|move|p1a: Cap. Tin America|Shadow Ball|p2a: Walking Wake
|-damage|p2a: Walking Wake|0 fnt
|faint|p2a: Walking Wake
|-end|p2a: Walking Wake|Protosynthesis|[silent]
|
|-weather|SunnyDay|[upkeep]
|upkeep
|
|t:|1757883014
|switch|p2a: Venusaur|Venusaur, M|91/100
|-damage|p2a: Venusaur|78/100|[from] Stealth Rock
|turn|24
|
|t:|1757883017
|move|p2a: Venusaur|Giga Drain|p1a: Cap. Tin America
|-damage|p1a: Cap. Tin America|0 fnt
|-heal|p2a: Venusaur|95/100|[from] drain|[of] p1a: Cap. Tin America
|faint|p1a: Cap. Tin America
|-end|p1a: Cap. Tin America|Quark Drive|[silent]
|-damage|p2a: Venusaur|85/100|[from] item: Life Orb
|
|-weather|SunnyDay|[upkeep]
|upkeep
|
|t:|1757883020
|switch|p1a: Percules|Cinderace, F|73/100
|turn|25
|
|t:|1757883023
|-terastallize|p2a: Venusaur|Fire
|move|p2a: Venusaur|Growth|p2a: Venusaur
|-boost|p2a: Venusaur|atk|2
|-boost|p2a: Venusaur|spa|2
|move|p1a: Percules|Pyro Ball|p2a: Venusaur
|-resisted|p2a: Venusaur
|-damage|p2a: Venusaur|28/100
|
|-weather|SunnyDay|[upkeep]
|upkeep
|turn|26
|
|t:|1757883027
|move|p2a: Venusaur|Earthquake|p1a: Percules
|-supereffective|p1a: Percules
|-damage|p1a: Percules|0 fnt
|faint|p1a: Percules
|-damage|p2a: Venusaur|18/100|[from] item: Life Orb
|
|win|jushu
|raw|Palm X's rating: 1553 &rarr; <strong>1538</strong><br />(-15 for losing)
|raw|jushu's rating: 1649 &rarr; <strong>1664</strong><br />(+15 for winning)
|l|☆Palm X
|player|p1|
