|j|☆JohtoChimecho
|j|☆DREDENIA
|t:|1757943923
|gametype|singles
|player|p1|JohtoChimecho|lady-gen4|1294
|player|p2|DREDENIA|1|1252
|gen|9
|tier|[Gen 9] OU
|rated|
|rule|HP Percentage Mod: HP is shown in percentages
|rule|Endless Battle Clause: Forcing endless battles is banned
|rule|Species Clause: Limit one of each Pokémon
|rule|OHKO Clause: OHKO moves are banned
|rule|Evasion Items Clause: Evasion items are banned
|rule|Evasion Moves Clause: Evasion moves are banned
|rule|Evasion Abilities Clause: Evasion abilities are banned
|rule|Sleep Moves Clause: Sleep-inducing moves are banned
|clearpoke
|poke|p1|Dragonite, M|
|poke|p1|Samurott-Hisui, M|
|poke|p1|Great Tusk|
|poke|p1|Talonflame, F|
|poke|p1|Hatterene, F|
|poke|p1|Goodra-Hisui, F|
|poke|p2|Gliscor, M|
|poke|p2|Corviknight, M|
|poke|p2|Slowking-Galar, M|
|poke|p2|Clefable, F|
|poke|p2|Kyurem|
|poke|p2|Ogerpon-Wellspring, F|
|teampreview
|inactive|Battle timer is ON: inactive players will automatically lose when time's up. (requested by DREDENIA)
|
|t:|1757943942
|teamsize|p1|6
|teamsize|p2|6
|start
|switch|p1a: Talonflame|Talonflame, F|100/100
|switch|p2a: Clefable|Clefable, F|100/100
|turn|1
|inactive|DREDENIA has 120 seconds left.
|
|t:|1757943982
|switch|p1a: Goodra|Goodra-Hisui, F|100/100
|switch|p2a: Gliscor|Gliscor, M|100/100
|
|-status|p2a: Gliscor|tox|[from] item: Toxic Orb
|upkeep
|turn|2
|
|t:|1757943997
|switch|p1a: Talonflame|Talonflame, F|100/100
|move|p2a: Gliscor|Stealth Rock|p1a: Talonflame
|-sidestart|p1: JohtoChimecho|move: Stealth Rock
|
|upkeep
|turn|3
|inactive|DREDENIA has 120 seconds left.
|
|t:|1757944003
|move|p1a: Talonflame|Defog|p2a: Gliscor
|-unboost|p2a: Gliscor|evasion|1
|-sideend|p1: JohtoChimecho|Stealth Rock|[from] move: Defog|[of] p1a: Talonflame
|move|p2a: Gliscor|Toxic|p1a: Talonflame|[miss]
|-miss|p2a: Gliscor|p1a: Talonflame
|
|upkeep
|turn|4
|
|t:|1757944008
|switch|p1a: Hatterene|Hatterene, F|100/100
|move|p2a: Gliscor|Toxic|p1a: Hatterene
|move|p1a: Hatterene|Toxic|p2a: Gliscor|[from] ability: Magic Bounce
|-fail|p2a: Gliscor|tox
|
|upkeep
|turn|5
|
|t:|1757944019
|switch|p1a: Great Tusk|Great Tusk|100/100
|move|p2a: Gliscor|Earthquake|p1a: Great Tusk
|-damage|p1a: Great Tusk|75/100
|
|upkeep
|turn|6
|
|t:|1757944025
|move|p2a: Gliscor|Protect|p2a: Gliscor
|-singleturn|p2a: Gliscor|Protect
|move|p1a: Great Tusk|Ice Spinner|p2a: Gliscor
|-activate|p2a: Gliscor|move: Protect
|
|upkeep
|turn|7
|
|t:|1757944031
|switch|p2a: Corviknight|Corviknight, M, shiny|100/100
|-ability|p2a: Corviknight|Pressure
|move|p1a: Great Tusk|Stealth Rock|p2a: Corviknight
|-sidestart|p2: DREDENIA|move: Stealth Rock
|
|upkeep
|turn|8
|
|t:|1757944046
|-end|p1a: Great Tusk|Protosynthesis|[silent]
|switch|p1a: Hatterene|Hatterene, F|100/100
|move|p2a: Corviknight|Defog|p1a: Hatterene
|move|p1a: Hatterene|Defog|p2a: Corviknight|[from] ability: Magic Bounce
|-unboost|p2a: Corviknight|evasion|1
|-sideend|p2: DREDENIA|Stealth Rock|[from] move: Defog|[of] p1a: Hatterene
|
|upkeep
|turn|9
|
|t:|1757944056
|switch|p2a: Slowking|Slowking-Galar, M|100/100
|switch|p1a: Samurott|Samurott-Hisui, M|100/100
|
|upkeep
|turn|10
|
|t:|1757944063
|switch|p2a: Clefable|Clefable, F|100/100
|move|p1a: Samurott|Ceaseless Edge|p2a: Clefable
|-resisted|p2a: Clefable
|-damage|p2a: Clefable|82/100
|-sidestart|p2: DREDENIA|Spikes
|
|-heal|p2a: Clefable|89/100|[from] item: Leftovers
|upkeep
|turn|11
|
|t:|1757944069
|switch|p1a: Goodra|Goodra-Hisui, F|100/100
|move|p2a: Clefable|Moonblast|p1a: Goodra
|-damage|p1a: Goodra|86/100
|-unboost|p1a: Goodra|spa|1
|
|-heal|p2a: Clefable|95/100|[from] item: Leftovers
|upkeep
|turn|12
|
|t:|1757944078
|switch|p2a: Slowking|Slowking-Galar, M|100/100
|switch|p1a: Talonflame|Talonflame, F|100/100
|
|upkeep
|turn|13
|
|t:|1757944085
|move|p1a: Talonflame|Will-O-Wisp|p2a: Slowking
|-status|p2a: Slowking|brn
|-prepare|p2a: Slowking|Chilly Reception|[premajor]
|move|p2a: Slowking|Chilly Reception|p2a: Slowking
|-weather|Snowscape
|
|t:|1757944099
|switch|p2a: Kyurem|Kyurem, shiny|100/100|[from] Chilly Reception
|-damage|p2a: Kyurem|88/100|[from] Spikes
|-ability|p2a: Kyurem|Pressure
|
|-weather|Snowscape|[upkeep]
|upkeep
|turn|14
|
|t:|1757944112
|move|p2a: Kyurem|Draco Meteor|p1a: Talonflame
|-damage|p1a: Talonflame|0 fnt
|-unboost|p2a: Kyurem|spa|2
|faint|p1a: Talonflame
|
|-weather|Snowscape|[upkeep]
|upkeep
|
|t:|1757944124
|switch|p1a: Dragonite|Dragonite, M|100/100
|turn|15
|inactive|DREDENIA has 120 seconds left.
|
|t:|1757944174
|switch|p2a: Clefable|Clefable, F|95/100
|-damage|p2a: Clefable|82/100|[from] Spikes
|move|p1a: Dragonite|Dragon Dance|p1a: Dragonite
|-boost|p1a: Dragonite|atk|1
|-boost|p1a: Dragonite|spe|1
|
|-weather|Snowscape|[upkeep]
|-heal|p2a: Clefable|88/100|[from] item: Leftovers
|upkeep
|turn|16
|
|t:|1757944182
|move|p1a: Dragonite|Dragon Dance|p1a: Dragonite
|-boost|p1a: Dragonite|atk|1
|-boost|p1a: Dragonite|spe|1
|move|p2a: Clefable|Moonblast|p1a: Dragonite
|-supereffective|p1a: Dragonite
|-damage|p1a: Dragonite|65/100
|
|-weather|Snowscape|[upkeep]
|-heal|p2a: Clefable|94/100|[from] item: Leftovers
|upkeep
|turn|17
|
|t:|1757944192
|-terastallize|p1a: Dragonite|Fire
|move|p1a: Dragonite|Fire Punch|p2a: Clefable
|-damage|p2a: Clefable|59/100
|move|p2a: Clefable|Cosmic Power|p2a: Clefable
|-boost|p2a: Clefable|def|1
|-boost|p2a: Clefable|spd|1
|
|-weather|none
|-heal|p2a: Clefable|65/100|[from] item: Leftovers
|upkeep
|turn|18
|
|t:|1757944203
|move|p1a: Dragonite|Encore|p2a: Clefable
|-start|p2a: Clefable|Encore
|move|p2a: Clefable|Cosmic Power|p2a: Clefable
|-boost|p2a: Clefable|def|1
|-boost|p2a: Clefable|spd|1
|
|-heal|p2a: Clefable|71/100|[from] item: Leftovers
|upkeep
|turn|19
|
|t:|1757944206
|move|p1a: Dragonite|Dragon Dance|p1a: Dragonite
|-boost|p1a: Dragonite|atk|1
|-boost|p1a: Dragonite|spe|1
|move|p2a: Clefable|Cosmic Power|p2a: Clefable
|-boost|p2a: Clefable|def|1
|-boost|p2a: Clefable|spd|1
|
|-heal|p2a: Clefable|77/100|[from] item: Leftovers
|upkeep
|turn|20
|
|t:|1757944209
|move|p1a: Dragonite|Dragon Dance|p1a: Dragonite
|-boost|p1a: Dragonite|atk|1
|-boost|p1a: Dragonite|spe|1
|move|p2a: Clefable|Cosmic Power|p2a: Clefable
|-boost|p2a: Clefable|def|1
|-boost|p2a: Clefable|spd|1
|
|-heal|p2a: Clefable|83/100|[from] item: Leftovers
|-end|p2a: Clefable|Encore
|upkeep
|turn|21
|
|t:|1757944211
|move|p1a: Dragonite|Encore|p2a: Clefable
|-start|p2a: Clefable|Encore
|move|p2a: Clefable|Cosmic Power|p2a: Clefable
|-boost|p2a: Clefable|def|1
|-boost|p2a: Clefable|spd|1
|
|-heal|p2a: Clefable|90/100|[from] item: Leftovers
|upkeep
|turn|22
|
|t:|1757944213
|move|p1a: Dragonite|Fire Punch|p2a: Clefable
|-damage|p2a: Clefable|80/100
|move|p2a: Clefable|Cosmic Power|p2a: Clefable
|-boost|p2a: Clefable|def|1
|-boost|p2a: Clefable|spd|1
|
|-heal|p2a: Clefable|86/100|[from] item: Leftovers
|upkeep
|turn|23
|
|t:|1757944215
|move|p1a: Dragonite|Fire Punch|p2a: Clefable
|-damage|p2a: Clefable|77/100
|move|p2a: Clefable|Cosmic Power|p2a: Clefable
|-boost|p2a: Clefable|def|0
|-boost|p2a: Clefable|spd|0
|
|-heal|p2a: Clefable|83/100|[from] item: Leftovers
|-end|p2a: Clefable|Encore
|upkeep
|turn|24
|
|t:|1757944219
|move|p1a: Dragonite|Encore|p2a: Clefable
|-start|p2a: Clefable|Encore
|move|p2a: Clefable|Cosmic Power|p2a: Clefable
|-boost|p2a: Clefable|def|0
|-boost|p2a: Clefable|spd|0
|
|-heal|p2a: Clefable|90/100|[from] item: Leftovers
|upkeep
|turn|25
|
|t:|1757944221
|move|p1a: Dragonite|Fire Punch|p2a: Clefable
|-damage|p2a: Clefable|82/100
|move|p2a: Clefable|Cosmic Power|p2a: Clefable
|-boost|p2a: Clefable|def|0
|-boost|p2a: Clefable|spd|0
|
|-heal|p2a: Clefable|88/100|[from] item: Leftovers
|upkeep
|turn|26
|
|t:|1757944223
|move|p1a: Dragonite|Fire Punch|p2a: Clefable
|-crit|p2a: Clefable
|-damage|p2a: Clefable|38/100
|move|p2a: Clefable|Cosmic Power|p2a: Clefable
|-boost|p2a: Clefable|def|0
|-boost|p2a: Clefable|spd|0
|
|-heal|p2a: Clefable|44/100|[from] item: Leftovers
|-end|p2a: Clefable|Encore
|upkeep
|turn|27
|
|t:|1757944227
|move|p1a: Dragonite|Encore|p2a: Clefable
|-start|p2a: Clefable|Encore
|move|p2a: Clefable|Cosmic Power|p2a: Clefable
|-boost|p2a: Clefable|def|0
|-boost|p2a: Clefable|spd|0
|
|-heal|p2a: Clefable|50/100|[from] item: Leftovers
|upkeep
|turn|28
|
|t:|1757944229
|move|p1a: Dragonite|Fire Punch|p2a: Clefable
|-damage|p2a: Clefable|41/100
|move|p2a: Clefable|Cosmic Power|p2a: Clefable
|-boost|p2a: Clefable|def|0
|-boost|p2a: Clefable|spd|0
|
|-heal|p2a: Clefable|47/100|[from] item: Leftovers
|upkeep
|turn|29
|
|t:|1757944232
|move|p1a: Dragonite|Fire Punch|p2a: Clefable
|-damage|p2a: Clefable|39/100
|move|p2a: Clefable|Cosmic Power|p2a: Clefable
|-boost|p2a: Clefable|def|0
|-boost|p2a: Clefable|spd|0
|
|-heal|p2a: Clefable|45/100|[from] item: Leftovers
|-end|p2a: Clefable|Encore
|upkeep
|turn|30
|
|t:|1757944236
|move|p1a: Dragonite|Encore|p2a: Clefable
|-start|p2a: Clefable|Encore
|move|p2a: Clefable|Cosmic Power|p2a: Clefable
|-boost|p2a: Clefable|def|0
|-boost|p2a: Clefable|spd|0
|
|-heal|p2a: Clefable|51/100|[from] item: Leftovers
|upkeep
|turn|31
|
|t:|1757944238
|move|p1a: Dragonite|Fire Punch|p2a: Clefable
|-damage|p2a: Clefable|42/100
|move|p2a: Clefable|Cosmic Power|p2a: Clefable
|-boost|p2a: Clefable|def|0
|-boost|p2a: Clefable|spd|0
|
|-heal|p2a: Clefable|48/100|[from] item: Leftovers
|upkeep
|turn|32
|
|t:|1757944241
|move|p1a: Dragonite|Fire Punch|p2a: Clefable
|-damage|p2a: Clefable|40/100
|move|p2a: Clefable|Cosmic Power|p2a: Clefable
|-boost|p2a: Clefable|def|0
|-boost|p2a: Clefable|spd|0
|
|-heal|p2a: Clefable|46/100|[from] item: Leftovers
|-end|p2a: Clefable|Encore
|upkeep
|turn|33
|
|t:|1757944245
|move|p1a: Dragonite|Encore|p2a: Clefable
|-start|p2a: Clefable|Encore
|move|p2a: Clefable|Cosmic Power|p2a: Clefable
|-boost|p2a: Clefable|def|0
|-boost|p2a: Clefable|spd|0
|
|-heal|p2a: Clefable|52/100|[from] item: Leftovers
|upkeep
|turn|34
|
|t:|1757944247
|move|p1a: Dragonite|Fire Punch|p2a: Clefable
|-crit|p2a: Clefable
|-damage|p2a: Clefable|0 fnt
|faint|p2a: Clefable
|
|upkeep
|
|t:|1757944256
|switch|p2a: Ogerpon|Ogerpon-Wellspring, F|100/100
|-damage|p2a: Ogerpon|88/100|[from] Spikes
|turn|35
|
|t:|1757944263
|-terastallize|p2a: Ogerpon|Water
|detailschange|p2a: Ogerpon|Ogerpon-Wellspring-Tera, F, tera:Water
|-ability|p2a: Ogerpon|Embody Aspect (Wellspring)|boost
|-boost|p2a: Ogerpon|spd|1
|move|p1a: Dragonite|Scale Shot|p2a: Ogerpon
|-damage|p2a: Ogerpon|26/100
|-damage|p2a: Ogerpon|0 fnt
|faint|p2a: Ogerpon
|detailschange|p2: Ogerpon|Ogerpon-Wellspring, F|[silent]
|-hitcount|p2: Ogerpon|2
|-unboost|p1a: Dragonite|def|1
|-boost|p1a: Dragonite|spe|1
|
|upkeep
|
|t:|1757944277
|switch|p2a: Gliscor|Gliscor, M|100/100 tox
|turn|36
|
|t:|1757944282
|move|p1a: Dragonite|Scale Shot|p2a: Gliscor
|-damage|p2a: Gliscor|67/100 tox
|-damage|p2a: Gliscor|32/100 tox
|-damage|p2a: Gliscor|0 fnt
|faint|p2a: Gliscor
|-hitcount|p2: Gliscor|3
|-unboost|p1a: Dragonite|def|1
|-boost|p1a: Dragonite|spe|1
|
|upkeep
|
|t:|1757944303
|switch|p2a: Corviknight|Corviknight, M, shiny|100/100
|-ability|p2a: Corviknight|Pressure
|turn|37
|
|t:|1757944307
|move|p1a: Dragonite|Fire Punch|p2a: Corviknight
|-supereffective|p2a: Corviknight
|-damage|p2a: Corviknight|0 fnt
|faint|p2a: Corviknight
|
|upkeep
|
|t:|1757944311
|switch|p2a: Slowking|Slowking-Galar, M|100/100 brn
|turn|38
|
|t:|1757944315
|move|p1a: Dragonite|Fire Punch|p2a: Slowking
|-damage|p2a: Slowking|0 fnt
|faint|p2a: Slowking
|
|upkeep
|-message|DREDENIA forfeited.
|
|win|JohtoChimecho
|raw|JohtoChimecho's rating: 1294 &rarr; <strong>1316</strong><br />(+22 for winning)
|raw|DREDENIA's rating: 1252 &rarr; <strong>1230</strong><br />(-22 for losing)
|l|☆DREDENIA
|player|p2|
