|j|☆Christopher4113
|j|☆InotspeakEnglish
|t:|1757817608
|gametype|singles
|player|p1|Christopher4113|1|1271
|player|p2|InotspeakEnglish|169|1249
|gen|9
|tier|[Gen 9] OU
|rated|
|rule|HP Percentage Mod: HP is shown in percentages
|rule|Endless Battle Clause: Forcing endless battles is banned
|rule|Species Clause: Limit one of each Pokémon
|rule|OHKO Clause: OHKO moves are banned
|rule|Evasion Items Clause: Evasion items are banned
|rule|Evasion Moves Clause: Evasion moves are banned
|rule|Evasion Abilities Clause: Evasion abilities are banned
|rule|Sleep Moves Clause: Sleep-inducing moves are banned
|clearpoke
|poke|p1|Ogerpon-Wellspring, F|
|poke|p1|Gholdengo|
|poke|p1|Kingambit, F|
|poke|p1|Glimmora, M|
|poke|p1|Iron Moth|
|poke|p1|Iron Valiant|
|poke|p2|Maushold-Four|
|poke|p2|Great Tusk|
|poke|p2|Raging Bolt|
|poke|p2|Grafaiai, F|
|poke|p2|Weavile, F|
|poke|p2|Volcanion|
|teampreview
|inactive|Battle timer is ON: inactive players will automatically lose when time's up. (requested by Christopher4113)
|
|t:|1757817613
|teamsize|p1|6
|teamsize|p2|6
|start
|switch|p1a: Glimmora|Glimmora, M, shiny|100/100
|switch|p2a: Great Tusk|Great Tusk|100/100
|turn|1
|
|t:|1757817622
|move|p2a: Great Tusk|Rapid Spin|p1a: Glimmora
|-resisted|p1a: Glimmora
|-damage|p1a: Glimmora|90/100
|-boost|p2a: Great Tusk|spe|1
|-activate|p1a: Glimmora|ability: Toxic Debris
|-sidestart|p2: InotspeakEnglish|move: Toxic Spikes
|-sideend|p2: InotspeakEnglish|Toxic Spikes|[from] move: Rapid Spin|[of] p2a: Great Tusk
|move|p1a: Glimmora|Energy Ball|p2a: Great Tusk
|-supereffective|p2a: Great Tusk
|-damage|p2a: Great Tusk|7/100
|
|upkeep
|turn|2
|
|t:|1757817635
|switch|p1a: Gholdengo|Gholdengo|100/100
|-item|p1a: Gholdengo|Air Balloon
|move|p2a: Great Tusk|Headlong Rush|p1a: Gholdengo
|-immune|p1a: Gholdengo
|
|upkeep
|turn|3
|
|t:|1757817652
|move|p2a: Great Tusk|Ice Spinner|p1a: Gholdengo
|-resisted|p1a: Gholdengo
|-damage|p1a: Gholdengo|87/100
|-enditem|p1a: Gholdengo|Air Balloon
|move|p1a: Gholdengo|Make It Rain|p2a: Great Tusk
|-damage|p2a: Great Tusk|0 fnt
|-unboost|p1a: Gholdengo|spa|1
|faint|p2a: Great Tusk
|-end|p2a: Great Tusk|Protosynthesis|[silent]
|
|upkeep
|
|t:|1757817660
|switch|p2a: Raging Bolt|Raging Bolt|100/100
|turn|4
|
|t:|1757817670
|move|p1a: Gholdengo|Nasty Plot|p1a: Gholdengo
|-boost|p1a: Gholdengo|spa|2
|move|p2a: Raging Bolt|Volt Switch|p1a: Gholdengo
|-damage|p1a: Gholdengo|46/100
|-damage|p2a: Raging Bolt|90/100|[from] item: Life Orb
|
|t:|1757817675
|-end|p2a: Raging Bolt|Protosynthesis|[silent]
|switch|p2a: Weavile|Weavile, F|100/100|[from] Volt Switch
|-ability|p2a: Weavile|Pressure
|
|upkeep
|turn|5
|
|t:|1757817687
|move|p2a: Weavile|Knock Off|p1a: Gholdengo
|-supereffective|p1a: Gholdengo
|-damage|p1a: Gholdengo|0 fnt
|faint|p1a: Gholdengo
|
|upkeep
|
|t:|1757817693
|switch|p1a: Glimmora|Glimmora, M, shiny|90/100
|turn|6
|
|t:|1757817705
|move|p2a: Weavile|Knock Off|p1a: Glimmora
|-damage|p1a: Glimmora|7/100
|-activate|p1a: Glimmora|ability: Toxic Debris
|-sidestart|p2: InotspeakEnglish|move: Toxic Spikes
|-enditem|p1a: Glimmora|Focus Sash|[from] move: Knock Off|[of] p2a: Weavile
|move|p1a: Glimmora|Stealth Rock|p2a: Weavile
|-sidestart|p2: InotspeakEnglish|move: Stealth Rock
|
|upkeep
|turn|7
|
|t:|1757817711
|move|p2a: Weavile|Knock Off|p1a: Glimmora
|-damage|p1a: Glimmora|0 fnt
|-activate|p1a: Glimmora|ability: Toxic Debris
|-sidestart|p2: InotspeakEnglish|move: Toxic Spikes
|faint|p1a: Glimmora
|
|upkeep
|
|t:|1757817713
|switch|p1a: Iron Moth|Iron Moth|100/100
|-enditem|p1a: Iron Moth|Booster Energy
|-activate|p1a: Iron Moth|ability: Quark Drive|[fromitem]
|-start|p1a: Iron Moth|quarkdrivespe
|turn|8
|
|t:|1757817720
|switch|p2a: Grafaiai|Grafaiai, F|100/100
|-sideend|p2: InotspeakEnglish|move: Toxic Spikes|[of] p2a: Grafaiai
|-damage|p2a: Grafaiai|88/100|[from] Stealth Rock
|move|p1a: Iron Moth|Fiery Dance|p2a: Grafaiai
|-damage|p2a: Grafaiai|34/100
|-boost|p1a: Iron Moth|spa|1
|
|upkeep
|turn|9
|
|t:|1757817731
|move|p2a: Grafaiai|Parting Shot|p1a: Iron Moth
|-unboost|p1a: Iron Moth|atk|1
|-unboost|p1a: Iron Moth|spa|1
|
|t:|1757817735
|switch|p2a: Volcanion|Volcanion|100/100|[from] Parting Shot
|-damage|p2a: Volcanion|75/100|[from] Stealth Rock
|move|p1a: Iron Moth|Fiery Dance|p2a: Volcanion
|-resisted|p2a: Volcanion
|-damage|p2a: Volcanion|70/100
|-boost|p1a: Iron Moth|spa|1
|
|upkeep
|turn|10
|
|t:|1757817756
|move|p1a: Iron Moth|Sludge Wave|p2a: Volcanion
|-damage|p2a: Volcanion|28/100
|move|p2a: Volcanion|Earth Power|p1a: Iron Moth
|-supereffective|p1a: Iron Moth
|-damage|p1a: Iron Moth|0 fnt
|faint|p1a: Iron Moth
|-end|p1a: Iron Moth|Quark Drive|[silent]
|
|upkeep
|
|t:|1757817761
|switch|p1a: Iron Valiant|Iron Valiant, shiny|100/100
|-enditem|p1a: Iron Valiant|Booster Energy
|-activate|p1a: Iron Valiant|ability: Quark Drive|[fromitem]
|-start|p1a: Iron Valiant|quarkdrivespe
|turn|11
|
|t:|1757817766
|move|p1a: Iron Valiant|Thunderbolt|p2a: Volcanion
|-supereffective|p2a: Volcanion
|-damage|p2a: Volcanion|0 fnt
|faint|p2a: Volcanion
|
|upkeep
|
|t:|1757817770
|switch|p2a: Raging Bolt|Raging Bolt|90/100
|-damage|p2a: Raging Bolt|78/100|[from] Stealth Rock
|turn|12
|
|t:|1757817774
|-terastallize|p1a: Iron Valiant|Electric
|move|p1a: Iron Valiant|Moonblast|p2a: Raging Bolt
|-supereffective|p2a: Raging Bolt
|-damage|p2a: Raging Bolt|13/100
|move|p2a: Raging Bolt|Volt Switch|p1a: Iron Valiant
|-resisted|p1a: Iron Valiant
|-damage|p1a: Iron Valiant|57/100
|-damage|p2a: Raging Bolt|3/100|[from] item: Life Orb
|
|t:|1757817783
|-end|p2a: Raging Bolt|Protosynthesis|[silent]
|switch|p2a: Grafaiai|Grafaiai, F|34/100|[from] Volt Switch
|-damage|p2a: Grafaiai|22/100|[from] Stealth Rock
|
|upkeep
|turn|13
|
|t:|1757817794
|move|p2a: Grafaiai|Parting Shot|p1a: Iron Valiant
|-unboost|p1a: Iron Valiant|atk|1
|-unboost|p1a: Iron Valiant|spa|1
|
|t:|1757817798
|switch|p2a: Raging Bolt|Raging Bolt|3/100|[from] Parting Shot
|-damage|p2a: Raging Bolt|0 fnt|[from] Stealth Rock
|faint|p2a: Raging Bolt
|-end|p2a: Raging Bolt|Protosynthesis|[silent]
|move|p1a: Iron Valiant|Aura Sphere|p2: Raging Bolt|[notarget]
|-fail|p1a: Iron Valiant
|
|upkeep
|
|t:|1757817799
|switch|p2a: Maushold|Maushold-Four|100/100
|-damage|p2a: Maushold|88/100|[from] Stealth Rock
|turn|14
|
|t:|1757817810
|-end|p1a: Iron Valiant|Quark Drive|[silent]
|switch|p1a: Kingambit|Kingambit, F, shiny|100/100
|-activate|p1a: Kingambit|ability: Supreme Overlord
|-start|p1a: Kingambit|fallen3|[silent]
|move|p2a: Maushold|Tidy Up|p2a: Maushold
|-sideend|p2: InotspeakEnglish|Stealth Rock
|-activate|p2a: Maushold|move: Tidy Up
|-boost|p2a: Maushold|atk|1
|-boost|p2a: Maushold|spe|1
|
|upkeep
|turn|15
|
|t:|1757817823
|move|p2a: Maushold|Thunder Wave|p1a: Kingambit
|-status|p1a: Kingambit|par
|move|p1a: Kingambit|Kowtow Cleave|p2a: Maushold
|-damage|p2a: Maushold|0 fnt
|faint|p2a: Maushold
|
|upkeep
|
|t:|1757817828
|switch|p2a: Weavile|Weavile, F|100/100
|-ability|p2a: Weavile|Pressure
|turn|16
|
|t:|1757817835
|move|p2a: Weavile|Low Kick|p1a: Kingambit
|-supereffective|p1a: Kingambit
|-damage|p1a: Kingambit|0 fnt
|faint|p1a: Kingambit
|-end|p1a: Kingambit|fallen3|[silent]
|
|upkeep
|
|t:|1757817839
|switch|p1a: Iron Valiant|Iron Valiant, shiny, tera:Electric|57/100
|turn|17
|
|t:|1757817850
|-terastallize|p2a: Weavile|Ghost
|move|p2a: Weavile|Low Kick|p1a: Iron Valiant
|-damage|p1a: Iron Valiant|16/100
|move|p1a: Iron Valiant|Aura Sphere|p2a: Weavile
|-immune|p2a: Weavile
|
|upkeep
|turn|18
|
|t:|1757817858
|move|p2a: Weavile|Low Kick|p1a: Iron Valiant
|-damage|p1a: Iron Valiant|0 fnt
|faint|p1a: Iron Valiant
|-end|p1a: Iron Valiant|Quark Drive|[silent]
|
|upkeep
|
|t:|1757817860
|switch|p1a: Ogerpon|Ogerpon-Wellspring, F|100/100
|turn|19
|
|t:|1757817864
|switch|p2a: Grafaiai|Grafaiai, F|22/100
|move|p1a: Ogerpon|Ivy Cudgel|p2a: Grafaiai|[anim] Ivy Cudgel Water
|-damage|p2a: Grafaiai|0 fnt
|faint|p2a: Grafaiai
|
|upkeep
|
|t:|1757817867
|switch|p2a: Weavile|Weavile, F, tera:Ghost|100/100
|-ability|p2a: Weavile|Pressure
|turn|20
|
|t:|1757817872
|move|p2a: Weavile|Ice Spinner|p1a: Ogerpon
|-crit|p1a: Ogerpon
|-damage|p1a: Ogerpon|0 fnt
|faint|p1a: Ogerpon
|
|win|InotspeakEnglish
|raw|Christopher4113's rating: 1271 &rarr; <strong>1244</strong><br />(-27 for losing)
|raw|InotspeakEnglish's rating: 1249 &rarr; <strong>1276</strong><br />(+27 for winning)
|l|☆InotspeakEnglish
|player|p2|
|l|☆Christopher4113
|player|p1|
