|j|☆ImGoosewastaken
|j|☆Tiuchepz
|t:|1757843659
|gametype|singles
|player|p1|ImGoosewastaken|lucas|1081
|player|p2|Tiuchepz|ghetsis|1085
|gen|9
|tier|[Gen 9] OU
|rated|
|rule|HP Percentage Mod: HP is shown in percentages
|rule|Endless Battle Clause: Forcing endless battles is banned
|rule|Species Clause: Limit one of each Pokémon
|rule|OHKO Clause: OHKO moves are banned
|rule|Evasion Items Clause: Evasion items are banned
|rule|Evasion Moves Clause: Evasion moves are banned
|rule|Evasion Abilities Clause: Evasion abilities are banned
|rule|Sleep Moves Clause: Sleep-inducing moves are banned
|clearpoke
|poke|p1|Indeedee-F, F|
|poke|p1|Ursaluna, M|
|poke|p1|Heatran, M|
|poke|p1|Porygon2|
|poke|p1|Maushold-Four|
|poke|p1|Mimikyu, M|
|poke|p2|Tentacruel, M|
|poke|p2|Comfey, M|
|poke|p2|Bronzong|
|poke|p2|Zangoose, F|
|poke|p2|Espeon, F|
|poke|p2|Corviknight, F|
|teampreview
|j| Sfasofratm
|c|☆ImGoosewastaken|God Bless! Have fun!
|
|t:|1757843673
|teamsize|p1|6
|teamsize|p2|6
|start
|switch|p1a: Indeedee|Indeedee-F, F|100/100
|switch|p2a: Tentacruel|Tentacruel, M, shiny|100/100
|-fieldstart|move: Psychic Terrain|[from] ability: Psychic Surge|[of] p1a: Indeedee
|-enditem|p1a: Indeedee|Psychic Seed
|-boost|p1a: Indeedee|spd|1|[from] item: Psychic Seed
|turn|1
|
|t:|1757843684
|move|p2a: Tentacruel|Toxic Spikes|p1a: Indeedee
|-sidestart|p1: ImGoosewastaken|move: Toxic Spikes
|move|p1a: Indeedee|Trick Room|p1a: Indeedee
|-fieldstart|move: Trick Room|[of] p1a: Indeedee
|
|upkeep
|turn|2
|
|t:|1757843692
|move|p1a: Indeedee|Psychic|p2a: Tentacruel
|-supereffective|p2a: Tentacruel
|-damage|p2a: Tentacruel|26/100
|move|p2a: Tentacruel|Sludge Bomb|p1a: Indeedee
|-damage|p1a: Indeedee|86/100
|-status|p1a: Indeedee|psn
|
|-heal|p2a: Tentacruel|32/100|[from] item: Black Sludge
|-damage|p1a: Indeedee|73/100 psn|[from] psn
|upkeep
|turn|3
|
|t:|1757843707
|switch|p2a: Bronzong|Bronzong, shiny|100/100
|move|p1a: Indeedee|Psychic|p2a: Bronzong
|-resisted|p2a: Bronzong
|-damage|p2a: Bronzong|90/100
|-unboost|p2a: Bronzong|spd|1
|
|-heal|p2a: Bronzong|96/100|[from] item: Leftovers
|-damage|p1a: Indeedee|61/100 psn|[from] psn
|upkeep
|turn|4
|
|t:|1757843723
|switch|p1a: Heatran|Heatran, M|100/100
|move|p2a: Bronzong|Heavy Slam|p1a: Heatran
|-resisted|p1a: Heatran
|-damage|p1a: Heatran|98/100
|
|-heal|p2a: Bronzong|100/100|[from] item: Leftovers
|upkeep
|turn|5
|
|t:|1757843732
|move|p2a: Bronzong|Stealth Rock|p1a: Heatran
|-sidestart|p1: ImGoosewastaken|move: Stealth Rock
|move|p1a: Heatran|Magma Storm|p2a: Bronzong
|-supereffective|p2a: Bronzong
|-damage|p2a: Bronzong|0 fnt
|faint|p2a: Bronzong
|-damage|p1a: Heatran|88/100|[from] item: Life Orb
|
|-fieldend|move: Trick Room
|-fieldend|move: Psychic Terrain
|upkeep
|
|t:|1757843750
|switch|p2a: Zangoose|Zangoose, F, shiny|100/100
|turn|6
|
|t:|1757843759
|move|p2a: Zangoose|Swords Dance|p2a: Zangoose
|-boost|p2a: Zangoose|atk|2
|move|p1a: Heatran|Magma Storm|p2a: Zangoose
|-crit|p2a: Zangoose
|-damage|p2a: Zangoose|0 fnt
|faint|p2a: Zangoose
|-damage|p1a: Heatran|78/100|[from] item: Life Orb
|
|upkeep
|l| Sfasofratm
|
|t:|1757843771
|switch|p2a: Comfey|Comfey, M, shiny|100/100
|turn|7
|
|t:|1757843777
|move|p2a: Comfey|Leech Seed|p1a: Heatran
|-start|p1a: Heatran|move: Leech Seed
|move|p1a: Heatran|Flash Cannon|p2a: Comfey
|-supereffective|p2a: Comfey
|-damage|p2a: Comfey|0 fnt
|faint|p2a: Comfey
|-damage|p1a: Heatran|68/100|[from] item: Life Orb
|
|upkeep
|
|t:|1757843785
|switch|p2a: Corviknight|Corviknight, F, shiny|100/100
|-ability|p2a: Corviknight|Pressure
|turn|8
|-message|Tiuchepz forfeited.
|
|win|ImGoosewastaken
|raw|ImGoosewastaken's rating: 1081 &rarr; <strong>1109</strong><br />(+28 for winning)
|raw|Tiuchepz's rating: 1085 &rarr; <strong>1062</strong><br />(-23 for losing)
|l|☆Tiuchepz
|player|p2|
|c|☆ImGoosewastaken|GG! God Bless!
|l|☆ImGoosewastaken
|player|p1|
