|j|☆fsdgfsdgf
|j|☆jgtyfkyk
|t:|1757817434
|gametype|singles
|player|p1|fsdgfsdgf|169|1141
|player|p2|jgtyfkyk|2|1129
|gen|9
|tier|[Gen 9] OU
|rated|
|rule|HP Percentage Mod: HP is shown in percentages
|rule|Endless Battle Clause: Forcing endless battles is banned
|rule|Species Clause: Limit one of each Pokémon
|rule|OHKO Clause: OHKO moves are banned
|rule|Evasion Items Clause: Evasion items are banned
|rule|Evasion Moves Clause: Evasion moves are banned
|rule|Evasion Abilities Clause: Evasion abilities are banned
|rule|Sleep Moves Clause: Sleep-inducing moves are banned
|clearpoke
|poke|p1|Kyurem|
|poke|p1|Alomomola, F|
|poke|p1|Landorus-Therian, M|
|poke|p1|Kingambit, F|
|poke|p1|Ursaluna, F|
|poke|p1|Corviknight, M|
|poke|p2|Cacturne, F|
|poke|p2|Arbok, F|
|poke|p2|Regice|
|poke|p2|Lucario, M|
|poke|p2|Oricorio-Pom-Pom, M|
|poke|p2|Sableye, F|
|teampreview
|
|t:|1757817482
|teamsize|p1|6
|teamsize|p2|6
|start
|switch|p1a: Alomomola|Alomomola, F|100/100
|switch|p2a: Regice|Regice|100/100
|turn|1
|
|t:|1757817493
|move|p1a: Alomomola|Flip Turn|p2a: Regice
|-damage|p2a: Regice|81/100
|
|t:|1757817500
|switch|p1a: Kingambit|Kingambit, F|100/100|[from] Flip Turn
|move|p2a: Regice|Thunder|p1a: Kingambit|[miss]
|-miss|p2a: Regice|p1a: Kingambit
|
|-heal|p2a: Regice|87/100|[from] item: Leftovers
|upkeep
|turn|2
|
|t:|1757817509
|switch|p2a: Arbok|Arbok, F|100/100
|-ability|p2a: Arbok|Intimidate|boost
|-unboost|p1a: Kingambit|atk|1
|move|p1a: Kingambit|Iron Head|p2a: Arbok
|-damage|p2a: Arbok|56/100
|
|-heal|p2a: Arbok|62/100|[from] item: Black Sludge
|upkeep
|turn|3
|
|t:|1757817519
|-end|p1a: Kingambit|fallenundefined|[silent]
|switch|p1a: Alomomola|Alomomola, F|100/100
|move|p2a: Arbok|Glare|p1a: Alomomola
|-status|p1a: Alomomola|par
|
|-heal|p2a: Arbok|68/100|[from] item: Black Sludge
|upkeep
|turn|4
|
|t:|1757817526
|switch|p2a: Regice|Regice|87/100
|move|p1a: Alomomola|Flip Turn|p2a: Regice
|-damage|p2a: Regice|70/100
|
|t:|1757817539
|switch|p1a: Ursaluna|Ursaluna, F|100/100|[from] Flip Turn
|
|-heal|p2a: Regice|76/100|[from] item: Leftovers
|-status|p1a: Ursaluna|brn|[from] item: Flame Orb
|upkeep
|turn|5
|
|t:|1757817546
|switch|p2a: Sableye|Sableye, F|100/100
|move|p1a: Ursaluna|Headlong Rush|p2a: Sableye
|-damage|p2a: Sableye|0 fnt
|-unboost|p1a: Ursaluna|def|1
|-unboost|p1a: Ursaluna|spd|1
|faint|p2a: Sableye
|
|-damage|p1a: Ursaluna|94/100 brn|[from] brn
|upkeep
|
|t:|1757817549
|switch|p2a: Lucario|Lucario, M|100/100
|turn|6
|
|t:|1757817558
|switch|p1a: Alomomola|Alomomola, F|100/100 par
|move|p2a: Lucario|Swords Dance|p2a: Lucario
|-boost|p2a: Lucario|atk|2
|
|upkeep
|turn|7
|
|t:|1757817563
|move|p2a: Lucario|Close Combat|p1a: Alomomola
|-damage|p1a: Alomomola|25/100 par
|-unboost|p2a: Lucario|def|1
|-unboost|p2a: Lucario|spd|1
|-damage|p2a: Lucario|84/100|[from] item: Rocky Helmet|[of] p1a: Alomomola
|-damage|p2a: Lucario|74/100|[from] item: Life Orb
|move|p1a: Alomomola|Flip Turn|p2a: Lucario
|-damage|p2a: Lucario|31/100
|
|t:|1757817573
|switch|p1a: Landorus|Landorus-Therian, M|100/100|[from] Flip Turn
|-ability|p1a: Landorus|Intimidate|boost
|-unboost|p2a: Lucario|atk|1
|
|upkeep
|turn|8
|
|t:|1757817580
|move|p1a: Landorus|U-turn|p2a: Lucario
|-resisted|p2a: Lucario
|-damage|p2a: Lucario|16/100
|
|t:|1757817583
|switch|p1a: Alomomola|Alomomola, F|58/100 par|[from] U-turn
|move|p2a: Lucario|Close Combat|p1a: Alomomola
|-damage|p1a: Alomomola|4/100 par
|-unboost|p2a: Lucario|def|1
|-unboost|p2a: Lucario|spd|1
|-damage|p2a: Lucario|0 fnt|[from] item: Rocky Helmet|[of] p1a: Alomomola
|faint|p2a: Lucario
|
|upkeep
|
|t:|1757817588
|switch|p2a: Regice|Regice|76/100
|turn|9
|
|t:|1757817609
|switch|p1a: Kingambit|Kingambit, F|100/100
|move|p2a: Regice|Focus Blast|p1a: Kingambit
|-supereffective|p1a: Kingambit
|-damage|p1a: Kingambit|0 fnt
|faint|p1a: Kingambit
|-end|p1a: Kingambit|fallenundefined|[silent]
|
|-heal|p2a: Regice|82/100|[from] item: Leftovers
|upkeep
|
|t:|1757817619
|switch|p1a: Ursaluna|Ursaluna, F|94/100 brn
|turn|10
|
|t:|1757817623
|move|p2a: Regice|Blizzard|p1a: Ursaluna|[miss]
|-miss|p2a: Regice|p1a: Ursaluna
|move|p1a: Ursaluna|Facade|p2a: Regice
|-damage|p2a: Regice|0 fnt
|faint|p2a: Regice
|
|-damage|p1a: Ursaluna|88/100 brn|[from] brn
|upkeep
|
|t:|1757817627
|switch|p2a: Cacturne|Cacturne, F|100/100
|turn|11
|
|t:|1757817636
|switch|p1a: Corviknight|Corviknight, M|100/100
|-ability|p1a: Corviknight|Pressure
|move|p2a: Cacturne|Spiky Shield||[still]
|-fail|p2a: Cacturne
|
|upkeep
|turn|12
|
|t:|1757817643
|switch|p2a: Oricorio|Oricorio-Pom-Pom, M|100/100
|move|p1a: Corviknight|U-turn|p2a: Oricorio
|-resisted|p2a: Oricorio
|-damage|p2a: Oricorio|90/100
|
|t:|1757817648
|switch|p1a: Kyurem|Kyurem|100/100|[from] U-turn
|-ability|p1a: Kyurem|Pressure
|
|upkeep
|turn|13
|
|t:|1757817658
|-terastallize|p2a: Oricorio|Water
|move|p1a: Kyurem|Draco Meteor|p2a: Oricorio
|-damage|p2a: Oricorio|0 fnt
|-unboost|p1a: Kyurem|spa|2
|faint|p2a: Oricorio
|
|upkeep
|-message|jgtyfkyk forfeited.
|
|win|fsdgfsdgf
|raw|fsdgfsdgf's rating: 1141 &rarr; <strong>1165</strong><br />(+24 for winning)
|raw|jgtyfkyk's rating: 1129 &rarr; <strong>1105</strong><br />(-24 for losing)
|l|☆jgtyfkyk
|player|p2|
|l|☆fsdgfsdgf
|player|p1|
