|j|☆NassBug
|j|☆PinkyWinkyt
|t:|1757951602
|gametype|singles
|player|p1|NassBug|oleana|1385
|player|p2|PinkyWinkyt|dawn|1401
|gen|9
|tier|[Gen 9] OU
|rated|
|rule|HP Percentage Mod: HP is shown in percentages
|rule|Endless Battle Clause: Forcing endless battles is banned
|rule|Species Clause: Limit one of each Pokémon
|rule|OHKO Clause: OHKO moves are banned
|rule|Evasion Items Clause: Evasion items are banned
|rule|Evasion Moves Clause: Evasion moves are banned
|rule|Evasion Abilities Clause: Evasion abilities are banned
|rule|Sleep Moves Clause: Sleep-inducing moves are banned
|clearpoke
|poke|p1|Zapdos|
|poke|p1|Rillaboom, M|
|poke|p1|Gholdengo|
|poke|p1|Tyranitar, M|
|poke|p1|Chesnaught, F|
|poke|p1|Garchomp, M|
|poke|p2|Corviknight, M|
|poke|p2|Garganacl, M|
|poke|p2|Skeledirge, M|
|poke|p2|Zamazenta-*|
|poke|p2|Ogerpon-Wellspring, F|
|poke|p2|Raging Bolt|
|teampreview
|inactive|Battle timer is ON: inactive players will automatically lose when time's up. (requested by PinkyWinkyt)
|
|t:|1757951622
|teamsize|p1|6
|teamsize|p2|6
|start
|switch|p1a: ARE YOU READY?|Zapdos, shiny|100/100
|switch|p2a: Zamazenta|Zamazenta|100/100
|-ability|p2a: Zamazenta|Dauntless Shield|boost
|-boost|p2a: Zamazenta|def|1
|turn|1
|
|t:|1757951635
|switch|p2a: Garganacl|Garganacl, M|100/100
|move|p1a: ARE YOU READY?|Volt Switch|p2a: Garganacl
|-damage|p2a: Garganacl|65/100
|
|t:|1757951639
|switch|p1a: MY BEST FRIEND💓|Garchomp, M, shiny|100/100|[from] Volt Switch
|
|-heal|p2a: Garganacl|72/100|[from] item: Leftovers
|upkeep
|turn|2
|
|t:|1757951647
|move|p1a: MY BEST FRIEND💓|Stealth Rock|p2a: Garganacl
|-sidestart|p2: PinkyWinkyt|move: Stealth Rock
|move|p2a: Garganacl|Iron Defense|p2a: Garganacl
|-boost|p2a: Garganacl|def|2
|
|-heal|p2a: Garganacl|78/100|[from] item: Leftovers
|upkeep
|turn|3
|
|t:|1757951649
|move|p1a: MY BEST FRIEND💓|Spikes|p2a: Garganacl
|-sidestart|p2: PinkyWinkyt|Spikes
|move|p2a: Garganacl|Salt Cure|p1a: MY BEST FRIEND💓
|-resisted|p1a: MY BEST FRIEND💓
|-damage|p1a: MY BEST FRIEND💓|96/100
|-start|p1a: MY BEST FRIEND💓|Salt Cure
|
|-heal|p2a: Garganacl|84/100|[from] item: Leftovers
|-damage|p1a: MY BEST FRIEND💓|84/100|[from] Salt Cure
|upkeep
|turn|4
|
|t:|1757951653
|move|p1a: MY BEST FRIEND💓|Spikes|p2a: Garganacl
|-sidestart|p2: PinkyWinkyt|Spikes
|move|p2a: Garganacl|Iron Defense|p2a: Garganacl
|-boost|p2a: Garganacl|def|2
|
|-heal|p2a: Garganacl|90/100|[from] item: Leftovers
|-damage|p1a: MY BEST FRIEND💓|71/100|[from] Salt Cure
|upkeep
|turn|5
|
|t:|1757951656
|move|p1a: MY BEST FRIEND💓|Spikes|p2a: Garganacl
|-sidestart|p2: PinkyWinkyt|Spikes
|move|p2a: Garganacl|Body Press|p1a: MY BEST FRIEND💓
|-damage|p1a: MY BEST FRIEND💓|14/100
|-damage|p2a: Garganacl|78/100|[from] ability: Rough Skin|[of] p1a: MY BEST FRIEND💓
|-damage|p2a: Garganacl|61/100|[from] item: Rocky Helmet|[of] p1a: MY BEST FRIEND💓
|
|-heal|p2a: Garganacl|67/100|[from] item: Leftovers
|-damage|p1a: MY BEST FRIEND💓|2/100|[from] Salt Cure
|upkeep
|turn|6
|
|t:|1757951665
|switch|p1a: I HAXEED U SRRY|Gholdengo, shiny|100/100
|-item|p1a: I HAXEED U SRRY|Air Balloon
|move|p2a: Garganacl|Recover|p2a: Garganacl
|-heal|p2a: Garganacl|100/100
|
|upkeep
|turn|7
|
|t:|1757951668
|move|p1a: I HAXEED U SRRY|Thunder Wave|p2a: Garganacl
|-immune|p2a: Garganacl|[from] ability: Purifying Salt
|move|p2a: Garganacl|Salt Cure|p1a: I HAXEED U SRRY
|-resisted|p1a: I HAXEED U SRRY
|-damage|p1a: I HAXEED U SRRY|96/100
|-start|p1a: I HAXEED U SRRY|Salt Cure
|-enditem|p1a: I HAXEED U SRRY|Air Balloon
|
|-damage|p1a: I HAXEED U SRRY|71/100|[from] Salt Cure
|upkeep
|turn|8
|
|t:|1757951680
|move|p1a: I HAXEED U SRRY|Make It Rain|p2a: Garganacl
|-supereffective|p2a: Garganacl
|-damage|p2a: Garganacl|2/100
|-unboost|p1a: I HAXEED U SRRY|spa|1
|move|p2a: Garganacl|Iron Defense|p2a: Garganacl
|-boost|p2a: Garganacl|def|2
|
|-heal|p2a: Garganacl|8/100|[from] item: Leftovers
|-damage|p1a: I HAXEED U SRRY|46/100|[from] Salt Cure
|upkeep
|turn|9
|
|t:|1757951683
|move|p1a: I HAXEED U SRRY|Make It Rain|p2a: Garganacl
|-supereffective|p2a: Garganacl
|-damage|p2a: Garganacl|0 fnt
|-unboost|p1a: I HAXEED U SRRY|spa|1
|faint|p2a: Garganacl
|
|-damage|p1a: I HAXEED U SRRY|21/100|[from] Salt Cure
|upkeep
|
|t:|1757951686
|switch|p2a: Corviknight|Corviknight, M, shiny|100/100
|-damage|p2a: Corviknight|88/100|[from] Stealth Rock
|turn|10
|
|t:|1757951690
|move|p1a: I HAXEED U SRRY|Recover|p1a: I HAXEED U SRRY
|-heal|p1a: I HAXEED U SRRY|71/100
|move|p2a: Corviknight|Defog|p1a: I HAXEED U SRRY
|-immune|p1a: I HAXEED U SRRY|[from] ability: Good as Gold
|
|-damage|p1a: I HAXEED U SRRY|46/100|[from] Salt Cure
|upkeep
|turn|11
|
|t:|1757951697
|switch|p2a: Skeledirge|Skeledirge, M, shiny|100/100
|move|p1a: I HAXEED U SRRY|Recover|p1a: I HAXEED U SRRY
|-heal|p1a: I HAXEED U SRRY|97/100
|
|-damage|p1a: I HAXEED U SRRY|72/100|[from] Salt Cure
|upkeep
|turn|12
|
|t:|1757951701
|switch|p1a: 😂🫵🏻 UTRYINGWIN|Tyranitar, M, shiny|100/100
|-weather|Sandstorm|[from] ability: Sand Stream|[of] p1a: 😂🫵🏻 UTRYINGWIN
|move|p2a: Skeledirge|Torch Song|p1a: 😂🫵🏻 UTRYINGWIN
|-resisted|p1a: 😂🫵🏻 UTRYINGWIN
|-damage|p1a: 😂🫵🏻 UTRYINGWIN|91/100
|-boost|p2a: Skeledirge|spa|1
|
|-weather|Sandstorm|[upkeep]
|-damage|p2a: Skeledirge|94/100|[from] Sandstorm
|upkeep
|turn|13
|
|t:|1757951708
|switch|p2a: Corviknight|Corviknight, M, shiny|88/100
|-damage|p2a: Corviknight|75/100|[from] Stealth Rock
|move|p1a: 😂🫵🏻 UTRYINGWIN|Knock Off|p2a: Corviknight
|-damage|p2a: Corviknight|33/100
|-damage|p1a: 😂🫵🏻 UTRYINGWIN|75/100|[from] item: Rocky Helmet|[of] p2a: Corviknight
|-enditem|p2a: Corviknight|Rocky Helmet|[from] move: Knock Off|[of] p1a: 😂🫵🏻 UTRYINGWIN
|
|-weather|Sandstorm|[upkeep]
|upkeep
|turn|14
|
|t:|1757951713
|switch|p1a: I HAXEED U SRRY|Gholdengo, shiny|72/100
|move|p2a: Corviknight|Defog|p1a: I HAXEED U SRRY
|-immune|p1a: I HAXEED U SRRY|[from] ability: Good as Gold
|
|-weather|Sandstorm|[upkeep]
|upkeep
|turn|15
|
|t:|1757951717
|move|p1a: I HAXEED U SRRY|Thunder Wave|p2a: Corviknight
|-status|p2a: Corviknight|par
|move|p2a: Corviknight|U-turn|p1a: I HAXEED U SRRY
|-resisted|p1a: I HAXEED U SRRY
|-damage|p1a: I HAXEED U SRRY|69/100
|
|t:|1757951721
|switch|p2a: Skeledirge|Skeledirge, M, shiny|94/100|[from] U-turn
|
|-weather|Sandstorm|[upkeep]
|-damage|p2a: Skeledirge|88/100|[from] Sandstorm
|upkeep
|turn|16
|
|t:|1757951724
|switch|p1a: 😂🫵🏻 UTRYINGWIN|Tyranitar, M, shiny|75/100
|move|p2a: Skeledirge|Will-O-Wisp|p1a: 😂🫵🏻 UTRYINGWIN
|-status|p1a: 😂🫵🏻 UTRYINGWIN|brn
|
|-weather|none
|-damage|p1a: 😂🫵🏻 UTRYINGWIN|69/100 brn|[from] brn
|upkeep
|turn|17
|
|t:|1757951730
|move|p1a: 😂🫵🏻 UTRYINGWIN|Knock Off|p2a: Skeledirge
|-supereffective|p2a: Skeledirge
|-damage|p2a: Skeledirge|60/100
|-enditem|p2a: Skeledirge|Heavy-Duty Boots|[from] move: Knock Off|[of] p1a: 😂🫵🏻 UTRYINGWIN
|move|p2a: Skeledirge|Torch Song|p1a: 😂🫵🏻 UTRYINGWIN
|-resisted|p1a: 😂🫵🏻 UTRYINGWIN
|-damage|p1a: 😂🫵🏻 UTRYINGWIN|53/100 brn
|-boost|p2a: Skeledirge|spa|1
|
|-damage|p1a: 😂🫵🏻 UTRYINGWIN|47/100 brn|[from] brn
|upkeep
|turn|18
|
|t:|1757951733
|move|p1a: 😂🫵🏻 UTRYINGWIN|Stone Edge|p2a: Skeledirge
|-supereffective|p2a: Skeledirge
|-damage|p2a: Skeledirge|31/100
|move|p2a: Skeledirge|Torch Song|p1a: 😂🫵🏻 UTRYINGWIN
|-resisted|p1a: 😂🫵🏻 UTRYINGWIN
|-damage|p1a: 😂🫵🏻 UTRYINGWIN|24/100 brn
|-boost|p2a: Skeledirge|spa|1
|
|-damage|p1a: 😂🫵🏻 UTRYINGWIN|18/100 brn|[from] brn
|upkeep
|turn|19
|
|t:|1757951736
|move|p1a: 😂🫵🏻 UTRYINGWIN|Stone Edge|p2a: Skeledirge
|-supereffective|p2a: Skeledirge
|-damage|p2a: Skeledirge|0 fnt
|faint|p2a: Skeledirge
|
|-damage|p1a: 😂🫵🏻 UTRYINGWIN|11/100 brn|[from] brn
|upkeep
|
|t:|1757951745
|switch|p2a: Ogerpon|Ogerpon-Wellspring, F|100/100
|-damage|p2a: Ogerpon|88/100|[from] Stealth Rock
|-damage|p2a: Ogerpon|63/100|[from] Spikes
|turn|20
|
|t:|1757951755
|move|p2a: Ogerpon|Synthesis|p2a: Ogerpon
|-heal|p2a: Ogerpon|100/100
|move|p1a: 😂🫵🏻 UTRYINGWIN|Ice Punch|p2a: Ogerpon
|-damage|p2a: Ogerpon|82/100
|
|-damage|p1a: 😂🫵🏻 UTRYINGWIN|5/100 brn|[from] brn
|upkeep
|turn|21
|
|t:|1757951761
|move|p2a: Ogerpon|Ivy Cudgel|p1a: 😂🫵🏻 UTRYINGWIN|[anim] Ivy Cudgel Water
|-supereffective|p1a: 😂🫵🏻 UTRYINGWIN
|-damage|p1a: 😂🫵🏻 UTRYINGWIN|0 fnt
|faint|p1a: 😂🫵🏻 UTRYINGWIN
|
|upkeep
|
|t:|1757951767
|switch|p1a: STOP STOP STOP🥵|Rillaboom, M, shiny|100/100
|-fieldstart|move: Grassy Terrain|[from] ability: Grassy Surge|[of] p1a: STOP STOP STOP🥵
|turn|22
|
|t:|1757951774
|move|p2a: Ogerpon|U-turn|p1a: STOP STOP STOP🥵
|-supereffective|p1a: STOP STOP STOP🥵
|-damage|p1a: STOP STOP STOP🥵|38/100
|
|t:|1757951777
|switch|p2a: Zamazenta|Zamazenta|100/100|[from] U-turn
|-damage|p2a: Zamazenta|94/100|[from] Stealth Rock
|-damage|p2a: Zamazenta|69/100|[from] Spikes
|move|p1a: STOP STOP STOP🥵|U-turn|p2a: Zamazenta
|-resisted|p2a: Zamazenta
|-damage|p2a: Zamazenta|59/100
|
|t:|1757951787
|switch|p1a: 우선순위를 정해 가자|Chesnaught, F, shiny|100/100|[from] U-turn
|
|-heal|p2a: Zamazenta|65/100|[from] Grassy Terrain
|-heal|p2a: Zamazenta|71/100|[from] item: Leftovers
|upkeep
|turn|23
|
|t:|1757951790
|move|p2a: Zamazenta|Iron Defense|p2a: Zamazenta
|-boost|p2a: Zamazenta|def|2
|move|p1a: 우선순위를 정해 가자|Belly Drum|p1a: 우선순위를 정해 가자
|-damage|p1a: 우선순위를 정해 가자|50/100
|-setboost|p1a: 우선순위를 정해 가자|atk|6|[from] move: Belly Drum
|-enditem|p1a: 우선순위를 정해 가자|Sitrus Berry|[eat]
|-heal|p1a: 우선순위를 정해 가자|75/100|[from] item: Sitrus Berry
|
|-heal|p2a: Zamazenta|78/100|[from] Grassy Terrain
|-heal|p2a: Zamazenta|84/100|[from] item: Leftovers
|-heal|p1a: 우선순위를 정해 가자|81/100|[from] Grassy Terrain
|upkeep
|turn|24
|
|t:|1757951797
|-terastallize|p1a: 우선순위를 정해 가자|Grass
|move|p1a: 우선순위를 정해 가자|Grassy Glide|p2a: Zamazenta
|-damage|p2a: Zamazenta|2/100
|move|p2a: Zamazenta|Iron Defense|p2a: Zamazenta
|-boost|p2a: Zamazenta|def|2
|
|-heal|p2a: Zamazenta|8/100|[from] Grassy Terrain
|-heal|p2a: Zamazenta|15/100|[from] item: Leftovers
|-heal|p1a: 우선순위를 정해 가자|87/100|[from] Grassy Terrain
|upkeep
|turn|25
|
|t:|1757951802
|move|p1a: 우선순위를 정해 가자|Grassy Glide|p2a: Zamazenta
|-damage|p2a: Zamazenta|0 fnt
|faint|p2a: Zamazenta
|
|-heal|p1a: 우선순위를 정해 가자|93/100|[from] Grassy Terrain
|upkeep
|
|t:|1757951808
|switch|p2a: Corviknight|Corviknight, M, shiny|33/100 par
|-damage|p2a: Corviknight|21/100 par|[from] Stealth Rock
|turn|26
|
|t:|1757951810
|move|p1a: 우선순위를 정해 가자|Grassy Glide|p2a: Corviknight
|-resisted|p2a: Corviknight
|-damage|p2a: Corviknight|0 fnt
|faint|p2a: Corviknight
|
|-heal|p1a: 우선순위를 정해 가자|99/100|[from] Grassy Terrain
|upkeep
|-message|PinkyWinkyt forfeited.
|
|win|NassBug
|raw|NassBug's rating: 1385 &rarr; <strong>1406</strong><br />(+21 for winning)
|raw|PinkyWinkyt's rating: 1401 &rarr; <strong>1380</strong><br />(-21 for losing)
|l|☆PinkyWinkyt
|player|p2|
