|j|☆Palafinnieon
|j|☆milkcoffee21
|t:|1757949418
|gametype|singles
|player|p1|Palafinnieon|grimsley|1579
|player|p2|milkcoffee21|101|1535
|gen|9
|tier|[Gen 9] OU
|rated|
|rule|HP Percentage Mod: HP is shown in percentages
|rule|Endless Battle Clause: Forcing endless battles is banned
|rule|Species Clause: Limit one of each Pokémon
|rule|OHKO Clause: OHKO moves are banned
|rule|Evasion Items Clause: Evasion items are banned
|rule|Evasion Moves Clause: Evasion moves are banned
|rule|Evasion Abilities Clause: Evasion abilities are banned
|rule|Sleep Moves Clause: Sleep-inducing moves are banned
|clearpoke
|poke|p1|Smeargle, M|
|poke|p1|Cinderace, M|
|poke|p1|Zapdos-Galar|
|poke|p1|Gholdengo|
|poke|p1|Polteageist|
|poke|p1|Toxtricity, M|
|poke|p2|Kyurem|
|poke|p2|Iron Moth|
|poke|p2|Kingambit, M|
|poke|p2|Landorus-Therian, M|
|poke|p2|Hatterene, F|
|poke|p2|Zamazenta-*|
|teampreview
|l|☆milkcoffee21
|player|p2|
|j|☆milkcoffee21
|player|p2|milkcoffee21|101|
|inactive|Battle timer is ON: inactive players will automatically lose when time's up. (requested by Palafinnieon)
|
|t:|1757949460
|teamsize|p1|6
|teamsize|p2|6
|start
|switch|p1a: Smeargle|Smeargle, M|100/100
|switch|p2a: Landorus|Landorus-Therian, M|100/100
|-ability|p2a: Landorus|Intimidate|boost
|-fail|p1a: Smeargle|unboost|Attack|[from] ability: Own Tempo|[of] p1a: Smeargle
|turn|1
|
|t:|1757949479
|switch|p2a: Hatterene|Hatterene, F|100/100
|switch|p1a: Zapdos|Zapdos-Galar|100/100
|
|upkeep
|turn|2
|
|t:|1757949489
|switch|p1a: Cinderace|Cinderace, M|100/100
|move|p2a: Hatterene|Nuzzle|p1a: Cinderace
|-damage|p1a: Cinderace|94/100
|-status|p1a: Cinderace|par
|
|upkeep
|turn|3
|
|t:|1757949496
|switch|p2a: Landorus|Landorus-Therian, M|100/100
|-ability|p2a: Landorus|Intimidate|boost
|-unboost|p1a: Cinderace|atk|1
|cant|p1a: Cinderace|par
|
|upkeep
|turn|4
|l|☆milkcoffee21
|inactive|milkcoffee21 disconnected and has a minute to reconnect!
|player|p2|
|j| Zinc copperauuu
|
|t:|1757949519
|move|p2a: Landorus|Stone Edge|p1a: Cinderace|[miss]
|-miss|p2a: Landorus|p1a: Cinderace
|cant|p1a: Cinderace|par
|
|upkeep
|turn|5
|j|☆milkcoffee21
|inactive|milkcoffee21 reconnected and has 140 seconds left.
|player|p2|milkcoffee21|101|
|
|t:|1757949547
|move|p1a: Cinderace|Sucker Punch|p2a: Landorus
|-start|p1a: Cinderace|typechange|Dark|[from] ability: Libero
|-damage|p2a: Landorus|78/100
|-damage|p1a: Cinderace|78/100 par|[from] item: Rocky Helmet|[of] p2a: Landorus
|move|p2a: Landorus|Stone Edge|p1a: Cinderace
|-damage|p1a: Cinderace|29/100 par
|
|upkeep
|turn|6
|
|t:|1757949566
|move|p2a: Landorus|Earthquake|p1a: Cinderace
|-damage|p1a: Cinderace|0 fnt
|faint|p1a: Cinderace
|
|upkeep
|
|t:|1757949570
|switch|p1a: Zapdos|Zapdos-Galar|100/100
|turn|7
|
|t:|1757949573
|move|p1a: Zapdos|Bulk Up|p1a: Zapdos
|-boost|p1a: Zapdos|atk|1
|-boost|p1a: Zapdos|def|1
|move|p2a: Landorus|Stealth Rock|p1a: Zapdos
|-sidestart|p1: Palafinnieon|move: Stealth Rock
|
|upkeep
|turn|8
|
|t:|1757949579
|switch|p2a: Hatterene|Hatterene, F|100/100
|move|p1a: Zapdos|Brave Bird|p2a: Hatterene
|-damage|p2a: Hatterene|31/100
|-damage|p1a: Zapdos|78/100|[from] Recoil
|
|upkeep
|turn|9
|
|t:|1757949588
|switch|p2a: Landorus|Landorus-Therian, M|78/100
|-ability|p2a: Landorus|Intimidate|boost
|-unboost|p1a: Zapdos|atk|1
|-ability|p1a: Zapdos|Defiant|boost
|-boost|p1a: Zapdos|atk|2
|move|p1a: Zapdos|Knock Off|p2a: Landorus
|-crit|p2a: Landorus
|-damage|p2a: Landorus|0 fnt
|-damage|p1a: Zapdos|61/100|[from] item: Rocky Helmet|[of] p2a: Landorus
|-enditem|p2a: Landorus|Rocky Helmet|[from] move: Knock Off|[of] p1a: Zapdos
|faint|p2a: Landorus
|
|upkeep
|j| epicpikachu12
|
|t:|1757949600
|switch|p2a: Iron Moth|Iron Moth|100/100
|-enditem|p2a: Iron Moth|Booster Energy
|-activate|p2a: Iron Moth|ability: Quark Drive|[fromitem]
|-start|p2a: Iron Moth|quarkdrivespe
|turn|10
|
|t:|1757949620
|move|p2a: Iron Moth|Dazzling Gleam|p1a: Zapdos
|-supereffective|p1a: Zapdos
|-damage|p1a: Zapdos|2/100
|move|p1a: Zapdos|Brave Bird|p2a: Iron Moth
|-damage|p2a: Iron Moth|0 fnt
|faint|p2a: Iron Moth
|-end|p2a: Iron Moth|Quark Drive|[silent]
|-damage|p1a: Zapdos|0 fnt|[from] Recoil
|faint|p1a: Zapdos
|
|upkeep
|
|t:|1757949634
|switch|p2a: Kyurem|Kyurem|100/100
|switch|p1a: Smeargle|Smeargle, M|100/100
|-ability|p2a: Kyurem|Pressure
|-damage|p1a: Smeargle|88/100|[from] Stealth Rock
|turn|11
|l| Zinc copperauuu
|
|t:|1757949663
|switch|p2a: Hatterene|Hatterene, F|31/100
|move|p1a: Smeargle|Mortal Spin|p2a: Hatterene
|-supereffective|p2a: Hatterene
|-damage|p2a: Hatterene|26/100
|-status|p2a: Hatterene|psn
|-sideend|p1: Palafinnieon|Stealth Rock|[from] move: Mortal Spin|[of] p1a: Smeargle
|
|-damage|p2a: Hatterene|14/100 psn|[from] psn
|upkeep
|turn|12
|-enditem|p2a: Hatterene|Custap Berry|[eat]
|-activate|p2a: Hatterene|item: Custap Berry|[consumed]
|
|t:|1757949672
|move|p2a: Hatterene|Healing Wish|p2a: Hatterene
|faint|p2a: Hatterene
|move|p1a: Smeargle|Stone Axe|p2: Hatterene|[notarget]
|-fail|p1a: Smeargle
|
|upkeep
|
|t:|1757949680
|switch|p2a: Zamazenta|Zamazenta|100/100
|-ability|p2a: Zamazenta|Dauntless Shield|boost
|-boost|p2a: Zamazenta|def|1
|turn|13
|
|t:|1757949686
|move|p2a: Zamazenta|Substitute|p2a: Zamazenta
|-start|p2a: Zamazenta|Substitute
|-damage|p2a: Zamazenta|76/100
|move|p1a: Smeargle|Nuzzle|p2a: Zamazenta
|-crit|p2a: Zamazenta
|-activate|p2a: Zamazenta|move: Substitute|[damage]
|
|-heal|p2a: Zamazenta|82/100|[from] item: Leftovers
|upkeep
|turn|14
|
|t:|1757949690
|switch|p1a: Toxtricity|Toxtricity, M|100/100
|move|p2a: Zamazenta|Iron Defense|p2a: Zamazenta
|-boost|p2a: Zamazenta|def|2
|
|-heal|p2a: Zamazenta|88/100|[from] item: Leftovers
|upkeep
|turn|15
|
|t:|1757949697
|move|p2a: Zamazenta|Iron Defense|p2a: Zamazenta
|-boost|p2a: Zamazenta|def|2
|move|p1a: Toxtricity|Shift Gear|p1a: Toxtricity
|-boost|p1a: Toxtricity|spe|2
|-boost|p1a: Toxtricity|atk|1
|
|-heal|p2a: Zamazenta|94/100|[from] item: Leftovers
|upkeep
|turn|16
|
|t:|1757949701
|move|p1a: Toxtricity|Boomburst|p2a: Zamazenta
|-damage|p2a: Zamazenta|40/100
|-enditem|p1a: Toxtricity|Throat Spray
|-boost|p1a: Toxtricity|spa|1|[from] item: Throat Spray
|move|p2a: Zamazenta|Body Press|p1a: Toxtricity
|-resisted|p1a: Toxtricity
|-damage|p1a: Toxtricity|6/100
|
|-heal|p2a: Zamazenta|46/100|[from] item: Leftovers
|upkeep
|turn|17
|
|t:|1757949715
|move|p1a: Toxtricity|Overdrive|p2a: Zamazenta
|-damage|p2a: Zamazenta|0 fnt
|faint|p2a: Zamazenta
|
|upkeep
|
|t:|1757949717
|switch|p2a: Kingambit|Kingambit, M|100/100
|-activate|p2a: Kingambit|ability: Supreme Overlord
|-start|p2a: Kingambit|fallen4|[silent]
|turn|18
|
|t:|1757949721
|move|p2a: Kingambit|Sucker Punch|p1a: Toxtricity
|-damage|p1a: Toxtricity|0 fnt
|faint|p1a: Toxtricity
|
|upkeep
|
|t:|1757949726
|switch|p1a: Smeargle|Smeargle, M|88/100
|turn|19
|
|t:|1757949733
|move|p1a: Smeargle|Nuzzle|p2a: Kingambit
|-damage|p2a: Kingambit|99/100
|-status|p2a: Kingambit|par
|move|p2a: Kingambit|Swords Dance|p2a: Kingambit
|-boost|p2a: Kingambit|atk|2
|
|-heal|p2a: Kingambit|100/100 par|[from] item: Leftovers
|upkeep
|turn|20
|
|t:|1757949737
|move|p1a: Smeargle|Sticky Web|p2a: Kingambit
|-sidestart|p2: milkcoffee21|move: Sticky Web
|move|p2a: Kingambit|Iron Head|p1a: Smeargle
|-damage|p1a: Smeargle|0 fnt
|faint|p1a: Smeargle
|
|upkeep
|
|t:|1757949740
|switch|p1a: Gholdengo|Gholdengo|100/100
|-item|p1a: Gholdengo|Air Balloon
|turn|21
|
|t:|1757949746
|move|p2a: Kingambit|Sucker Punch|p1a: Gholdengo
|-supereffective|p1a: Gholdengo
|-damage|p1a: Gholdengo|0 fnt
|-enditem|p1a: Gholdengo|Air Balloon
|faint|p1a: Gholdengo
|
|upkeep
|
|t:|1757949750
|switch|p1a: Polteageist|Polteageist|100/100
|turn|22
|
|t:|1757949754
|-terastallize|p1a: Polteageist|Fighting
|move|p1a: Polteageist|Strength Sap|p2a: Kingambit
|-unboost|p2a: Kingambit|atk|1
|move|p2a: Kingambit|Iron Head|p1a: Polteageist
|-damage|p1a: Polteageist|0 fnt
|-start|p2a: Kingambit|Disable|Iron Head|[from] ability: Cursed Body|[of] p1a: Polteageist
|faint|p1a: Polteageist
|
|win|milkcoffee21
|raw|Palafinnieon's rating: 1579 &rarr; <strong>1556</strong><br />(-23 for losing)
|raw|milkcoffee21's rating: 1535 &rarr; <strong>1558</strong><br />(+23 for winning)
|l|☆Palafinnieon
|player|p1|
|l|☆milkcoffee21
|player|p2|
|l| epicpikachu12
