|j|☆Reptile Intrusion
|j|☆andrewm0n
|t:|1757838922
|gametype|singles
|player|p1|Reptile Intrusion|2|1330
|player|p2|andrewm0n|101|1318
|gen|9
|tier|[Gen 9] OU
|rated|
|rule|HP Percentage Mod: HP is shown in percentages
|rule|Endless Battle Clause: Forcing endless battles is banned
|rule|Species Clause: Limit one of each Pokémon
|rule|OHKO Clause: OHKO moves are banned
|rule|Evasion Items Clause: Evasion items are banned
|rule|Evasion Moves Clause: Evasion moves are banned
|rule|Evasion Abilities Clause: Evasion abilities are banned
|rule|Sleep Moves Clause: Sleep-inducing moves are banned
|clearpoke
|poke|p1|Ludicolo, F|
|poke|p1|Cinderace, M|
|poke|p1|Mandibuzz, F|
|poke|p1|Hydreigon, F|
|poke|p1|Duraludon, M|
|poke|p1|Rotom-Wash|
|poke|p2|Ninetales-Alola, F|
|poke|p2|Rillaboom, M|
|poke|p2|Goodra-Hisui, M|
|poke|p2|Glimmora, F|
|poke|p2|Alomomola, F|
|poke|p2|Ursaluna, M|
|teampreview
|
|t:|1757838933
|teamsize|p1|6
|teamsize|p2|6
|start
|switch|p1a: Cinderace|Cinderace, M, shiny|100/100
|switch|p2a: Rillaboom|Rillaboom, M, shiny|100/100
|-fieldstart|move: Grassy Terrain|[from] ability: Grassy Surge|[of] p2a: Rillaboom
|turn|1
|inactive|Battle timer is ON: inactive players will automatically lose when time's up. (requested by Reptile Intrusion)
|
|t:|1757838941
|switch|p2a: Alomomola|Alomomola, F, shiny|100/100
|move|p1a: Cinderace|Pyro Ball|p2a: Alomomola
|-resisted|p2a: Alomomola
|-damage|p2a: Alomomola|80/100
|
|-heal|p2a: Alomomola|86/100|[from] Grassy Terrain
|upkeep
|turn|2
|
|t:|1757838947
|move|p1a: Cinderace|U-turn|p2a: Alomomola
|-start|p1a: Cinderace|typechange|Bug|[from] ability: Libero
|-damage|p2a: Alomomola|59/100
|
|t:|1757838955
|switch|p1a: Rotom|Rotom-Wash, shiny|100/100|[from] U-turn
|move|p2a: Alomomola|Flip Turn|p1a: Rotom
|-resisted|p1a: Rotom
|-damage|p1a: Rotom|92/100
|
|t:|1757838961
|switch|p2a: Ninetales|Ninetales-Alola, F, shiny|100/100|[from] Flip Turn
|-weather|Snowscape|[from] ability: Snow Warning|[of] p2a: Ninetales
|
|-weather|Snowscape|[upkeep]
|-heal|p1a: Rotom|98/100|[from] item: Leftovers
|upkeep
|turn|3
|
|t:|1757838978
|move|p2a: Ninetales|Freeze-Dry|p1a: Rotom
|-supereffective|p1a: Rotom
|-damage|p1a: Rotom|68/100
|move|p1a: Rotom|Volt Switch|p2a: Ninetales
|-damage|p2a: Ninetales|70/100
|
|t:|1757838988
|switch|p1a: Cinderace|Cinderace, M, shiny|100/100|[from] Volt Switch
|
|-weather|Snowscape|[upkeep]
|-heal|p2a: Ninetales|76/100|[from] Grassy Terrain
|upkeep
|turn|4
|
|t:|1757838998
|switch|p2a: Alomomola|Alomomola, F, shiny|92/100
|move|p1a: Cinderace|High Jump Kick|p2a: Alomomola
|-start|p1a: Cinderace|typechange|Fighting|[from] ability: Libero
|-damage|p2a: Alomomola|45/100
|
|-weather|Snowscape|[upkeep]
|-heal|p2a: Alomomola|51/100|[from] Grassy Terrain
|upkeep
|turn|5
|
|t:|1757839005
|move|p2a: Alomomola|Protect|p2a: Alomomola
|-singleturn|p2a: Alomomola|Protect
|move|p1a: Cinderace|U-turn|p2a: Alomomola
|-activate|p2a: Alomomola|move: Protect
|
|-weather|Snowscape|[upkeep]
|-heal|p2a: Alomomola|57/100|[from] Grassy Terrain
|-fieldend|move: Grassy Terrain
|upkeep
|turn|6
|
|t:|1757839011
|move|p1a: Cinderace|High Jump Kick|p2a: Alomomola
|-damage|p2a: Alomomola|15/100
|move|p2a: Alomomola|Wish|p2a: Alomomola
|
|-weather|none
|upkeep
|turn|7
|
|t:|1757839022
|switch|p1a: Hydreigon|Hydreigon, F, shiny|100/100
|move|p2a: Alomomola|Protect||[still]
|-fail|p2a: Alomomola
|
|-heal|p2a: Alomomola|65/100|[from] move: Wish|[wisher] Alomomola
|upkeep
|turn|8
|
|t:|1757839026
|move|p2a: Alomomola|Protect|p2a: Alomomola
|-singleturn|p2a: Alomomola|Protect
|move|p1a: Hydreigon|Dragon Dance|p1a: Hydreigon
|-boost|p1a: Hydreigon|atk|1
|-boost|p1a: Hydreigon|spe|1
|
|upkeep
|turn|9
|
|t:|1757839031
|move|p1a: Hydreigon|Crunch|p2a: Alomomola
|-damage|p2a: Alomomola|17/100
|-damage|p1a: Hydreigon|91/100|[from] item: Life Orb
|move|p2a: Alomomola|Flip Turn|p1a: Hydreigon
|-resisted|p1a: Hydreigon
|-damage|p1a: Hydreigon|82/100
|
|t:|1757839036
|switch|p2a: Ursaluna|Ursaluna, M|100/100|[from] Flip Turn
|
|-status|p2a: Ursaluna|brn|[from] item: Flame Orb
|upkeep
|turn|10
|
|t:|1757839043
|move|p1a: Hydreigon|Crunch|p2a: Ursaluna
|-damage|p2a: Ursaluna|40/100 brn
|-unboost|p2a: Ursaluna|def|1
|-damage|p1a: Hydreigon|72/100|[from] item: Life Orb
|move|p2a: Ursaluna|Facade|p1a: Hydreigon
|-damage|p1a: Hydreigon|0 fnt
|faint|p1a: Hydreigon
|
|-damage|p2a: Ursaluna|34/100 brn|[from] brn
|upkeep
|
|t:|1757839056
|switch|p1a: Cinderace|Cinderace, M, shiny|100/100
|turn|11
|inactive|andrewm0n has 120 seconds left.
|
|t:|1757839108
|switch|p2a: Alomomola|Alomomola, F, shiny|50/100
|move|p1a: Cinderace|U-turn|p2a: Alomomola
|-start|p1a: Cinderace|typechange|Bug|[from] ability: Libero
|-damage|p2a: Alomomola|26/100
|
|t:|1757839125
|switch|p1a: Ludicolo|Ludicolo, F, shiny|100/100|[from] U-turn
|
|upkeep
|turn|12
|
|t:|1757839131
|switch|p2a: Goodra|Goodra-Hisui, M, shiny|100/100
|move|p1a: Ludicolo|Fake Out|p2a: Goodra
|-resisted|p2a: Goodra
|-damage|p2a: Goodra|97/100
|
|upkeep
|turn|13
|
|t:|1757839150
|move|p2a: Goodra|Thunderbolt|p1a: Ludicolo
|-damage|p1a: Ludicolo|85/100
|move|p1a: Ludicolo|Knock Off|p2a: Goodra
|-damage|p2a: Goodra|82/100
|-enditem|p2a: Goodra|Assault Vest|[from] move: Knock Off|[of] p1a: Ludicolo
|
|upkeep
|turn|14
|inactive|andrewm0n has 120 seconds left.
|
|t:|1757839164
|switch|p1a: Rotom|Rotom-Wash, shiny|68/100
|move|p2a: Goodra|Ice Beam|p1a: Rotom
|-resisted|p1a: Rotom
|-damage|p1a: Rotom|58/100
|
|-heal|p1a: Rotom|64/100|[from] item: Leftovers
|upkeep
|turn|15
|inactive|andrewm0n has 120 seconds left.
|
|t:|1757839173
|move|p1a: Rotom|Thunder Wave|p2a: Goodra
|-status|p2a: Goodra|par
|cant|p2a: Goodra|par
|
|-heal|p1a: Rotom|70/100|[from] item: Leftovers
|upkeep
|turn|16
|
|t:|1757839191
|move|p1a: Rotom|Volt Switch|p2a: Goodra
|-resisted|p2a: Goodra
|-damage|p2a: Goodra|73/100 par
|
|t:|1757839195
|switch|p1a: Cinderace|Cinderace, M, shiny|100/100|[from] Volt Switch
|move|p2a: Goodra|Thunderbolt|p1a: Cinderace
|-damage|p1a: Cinderace|63/100
|
|-heal|p1a: Cinderace|69/100|[from] item: Leftovers
|upkeep
|turn|17
|
|t:|1757839214
|switch|p2a: Glimmora|Glimmora, F, shiny|100/100
|move|p1a: Cinderace|High Jump Kick|p2a: Glimmora
|-start|p1a: Cinderace|typechange|Fighting|[from] ability: Libero
|-damage|p2a: Glimmora|24/100
|-activate|p2a: Glimmora|ability: Toxic Debris
|-sidestart|p1: Reptile Intrusion|move: Toxic Spikes
|
|-heal|p1a: Cinderace|75/100|[from] item: Leftovers
|upkeep
|turn|18
|
|t:|1757839233
|move|p1a: Cinderace|Pyro Ball|p2a: Glimmora
|-resisted|p2a: Glimmora
|-damage|p2a: Glimmora|0 fnt
|-activate|p2a: Glimmora|ability: Toxic Debris
|-sidestart|p1: Reptile Intrusion|move: Toxic Spikes
|faint|p2a: Glimmora
|
|-heal|p1a: Cinderace|81/100|[from] item: Leftovers
|upkeep
|
|t:|1757839239
|switch|p2a: Rillaboom|Rillaboom, M, shiny|100/100
|-fieldstart|move: Grassy Terrain|[from] ability: Grassy Surge|[of] p2a: Rillaboom
|turn|19
|
|t:|1757839250
|-terastallize|p2a: Rillaboom|Grass
|move|p2a: Rillaboom|Grassy Glide|p1a: Cinderace
|-damage|p1a: Cinderace|0 fnt
|faint|p1a: Cinderace
|-damage|p2a: Rillaboom|91/100|[from] item: Life Orb
|
|-heal|p2a: Rillaboom|97/100|[from] Grassy Terrain
|upkeep
|
|t:|1757839257
|switch|p1a: Mandibuzz|Mandibuzz, F, shiny|100/100
|turn|20
|
|t:|1757839266
|move|p2a: Rillaboom|U-turn|p1a: Mandibuzz
|-damage|p1a: Mandibuzz|80/100
|-damage|p2a: Rillaboom|87/100|[from] item: Life Orb
|
|t:|1757839269
|switch|p2a: Ninetales|Ninetales-Alola, F, shiny|76/100|[from] U-turn
|-weather|Snowscape|[from] ability: Snow Warning|[of] p2a: Ninetales
|move|p1a: Mandibuzz|Toxic|p2a: Ninetales
|-status|p2a: Ninetales|tox
|
|-weather|Snowscape|[upkeep]
|-heal|p2a: Ninetales|82/100 tox|[from] Grassy Terrain
|-heal|p1a: Mandibuzz|86/100|[from] item: Leftovers
|-damage|p2a: Ninetales|76/100 tox|[from] psn
|upkeep
|turn|21
|
|t:|1757839292
|-terastallize|p1a: Mandibuzz|Fairy
|move|p2a: Ninetales|Encore|p1a: Mandibuzz
|-start|p1a: Mandibuzz|Encore
|move|p1a: Mandibuzz|Toxic|p2a: Ninetales
|-fail|p2a: Ninetales|tox
|
|-weather|Snowscape|[upkeep]
|-heal|p2a: Ninetales|82/100 tox|[from] Grassy Terrain
|-heal|p1a: Mandibuzz|92/100|[from] Grassy Terrain
|-heal|p1a: Mandibuzz|99/100|[from] item: Leftovers
|-damage|p2a: Ninetales|70/100 tox|[from] psn
|upkeep
|turn|22
|
|t:|1757839312
|switch|p2a: Ursaluna|Ursaluna, M|34/100 brn
|switch|p1a: Rotom|Rotom-Wash, shiny|70/100
|
|-weather|Snowscape|[upkeep]
|-heal|p1a: Rotom|76/100|[from] item: Leftovers
|-heal|p2a: Ursaluna|40/100 brn|[from] Grassy Terrain
|-damage|p2a: Ursaluna|34/100 brn|[from] brn
|upkeep
|turn|23
|
|t:|1757839323
|switch|p1a: Ludicolo|Ludicolo, F, shiny|85/100
|-status|p1a: Ludicolo|tox
|move|p2a: Ursaluna|Trailblaze|p1a: Ludicolo
|-damage|p1a: Ludicolo|55/100 tox
|-boost|p2a: Ursaluna|spe|1
|
|-weather|Snowscape|[upkeep]
|-heal|p2a: Ursaluna|40/100 brn|[from] Grassy Terrain
|-heal|p1a: Ludicolo|61/100 tox|[from] Grassy Terrain
|-damage|p1a: Ludicolo|55/100 tox|[from] psn
|-damage|p2a: Ursaluna|34/100 brn|[from] brn
|-fieldend|move: Grassy Terrain
|upkeep
|turn|24
|
|t:|1757839346
|move|p2a: Ursaluna|Facade|p1a: Ludicolo
|-damage|p1a: Ludicolo|0 fnt
|faint|p1a: Ludicolo
|
|-weather|none
|-damage|p2a: Ursaluna|27/100 brn|[from] brn
|upkeep
|inactive|Reptile Intrusion has 120 seconds left.
|
|t:|1757839382
|switch|p1a: Mandibuzz|Mandibuzz, F, shiny, tera:Fairy|99/100
|-status|p1a: Mandibuzz|tox
|turn|25
|
|t:|1757839389
|switch|p2a: Alomomola|Alomomola, F, shiny|59/100
|move|p1a: Mandibuzz|U-turn|p2a: Alomomola
|-damage|p2a: Alomomola|50/100
|
|t:|1757839399
|switch|p1a: Duraludon|Duraludon, M, shiny|100/100|[from] U-turn
|
|upkeep
|turn|26
|
|t:|1757839405
|move|p1a: Duraludon|Iron Defense|p1a: Duraludon
|-boost|p1a: Duraludon|def|2
|move|p2a: Alomomola|Wish|p2a: Alomomola
|
|upkeep
|turn|27
|
|t:|1757839410
|move|p2a: Alomomola|Protect|p2a: Alomomola
|-singleturn|p2a: Alomomola|Protect
|move|p1a: Duraludon|Iron Defense|p1a: Duraludon
|-boost|p1a: Duraludon|def|2
|
|-heal|p2a: Alomomola|99/100|[from] move: Wish|[wisher] Alomomola
|upkeep
|turn|28
|
|t:|1757839414
|move|p1a: Duraludon|Iron Defense|p1a: Duraludon
|-boost|p1a: Duraludon|def|2
|move|p2a: Alomomola|Flip Turn|p1a: Duraludon
|-resisted|p1a: Duraludon
|-damage|p1a: Duraludon|99/100
|
|t:|1757839415
|switch|p2a: Ninetales|Ninetales-Alola, F, shiny|70/100 tox|[from] Flip Turn
|-weather|Snowscape|[from] ability: Snow Warning|[of] p2a: Ninetales
|
|-weather|Snowscape|[upkeep]
|-damage|p2a: Ninetales|64/100 tox|[from] psn
|upkeep
|turn|29
|
|t:|1757839418
|move|p2a: Ninetales|Encore|p1a: Duraludon
|-start|p1a: Duraludon|Encore
|move|p1a: Duraludon|Iron Defense|p1a: Duraludon
|-boost|p1a: Duraludon|def|0
|
|-weather|Snowscape|[upkeep]
|-damage|p2a: Ninetales|51/100 tox|[from] psn
|upkeep
|turn|30
|
|t:|1757839422
|switch|p1a: Rotom|Rotom-Wash, shiny|76/100
|move|p2a: Ninetales|Roar|p1a: Rotom
|drag|p1a: Mandibuzz|Mandibuzz, F, shiny, tera:Fairy|99/100 tox
|
|-weather|Snowscape|[upkeep]
|-heal|p1a: Mandibuzz|100/100 tox|[from] item: Leftovers
|-damage|p2a: Ninetales|33/100 tox|[from] psn
|-damage|p1a: Mandibuzz|94/100 tox|[from] psn
|upkeep
|turn|31
|
|t:|1757839426
|move|p2a: Ninetales|Aurora Veil|p2a: Ninetales
|-sidestart|p2: andrewm0n|move: Aurora Veil
|move|p1a: Mandibuzz|U-turn|p2a: Ninetales
|-resisted|p2a: Ninetales
|-damage|p2a: Ninetales|30/100 tox
|
|t:|1757839452
|switch|p1a: Rotom|Rotom-Wash, shiny|76/100|[from] U-turn
|
|-weather|Snowscape|[upkeep]
|-heal|p1a: Rotom|83/100|[from] item: Leftovers
|-damage|p2a: Ninetales|5/100 tox|[from] psn
|upkeep
|turn|32
|
|t:|1757839463
|switch|p2a: Rillaboom|Rillaboom, M, shiny, tera:Grass|87/100
|-fieldstart|move: Grassy Terrain|[from] ability: Grassy Surge|[of] p2a: Rillaboom
|switch|p1a: Mandibuzz|Mandibuzz, F, shiny, tera:Fairy|94/100 tox
|
|-weather|none
|-heal|p2a: Rillaboom|93/100|[from] Grassy Terrain
|-heal|p1a: Mandibuzz|100/100 tox|[from] Grassy Terrain
|-damage|p1a: Mandibuzz|94/100 tox|[from] psn
|upkeep
|turn|33
|
|t:|1757839468
|move|p2a: Rillaboom|Knock Off|p1a: Mandibuzz
|-resisted|p1a: Mandibuzz
|-damage|p1a: Mandibuzz|81/100 tox
|-enditem|p1a: Mandibuzz|Leftovers|[from] move: Knock Off|[of] p2a: Rillaboom
|-damage|p2a: Rillaboom|83/100|[from] item: Life Orb
|move|p1a: Mandibuzz|Foul Play|p2a: Rillaboom
|-damage|p2a: Rillaboom|58/100
|
|-heal|p2a: Rillaboom|64/100|[from] Grassy Terrain
|-heal|p1a: Mandibuzz|87/100 tox|[from] Grassy Terrain
|-damage|p1a: Mandibuzz|75/100 tox|[from] psn
|upkeep
|turn|34
|
|t:|1757839477
|move|p2a: Rillaboom|U-turn|p1a: Mandibuzz
|-resisted|p1a: Mandibuzz
|-damage|p1a: Mandibuzz|65/100 tox
|-damage|p2a: Rillaboom|54/100|[from] item: Life Orb
|
|t:|1757839479
|switch|p2a: Alomomola|Alomomola, F, shiny|100/100|[from] U-turn
|move|p1a: Mandibuzz|U-turn|p2a: Alomomola
|-damage|p2a: Alomomola|96/100
|
|t:|1757839483
|switch|p1a: Duraludon|Duraludon, M, shiny|99/100|[from] U-turn
|
|-heal|p1a: Duraludon|100/100|[from] Grassy Terrain
|-heal|p2a: Alomomola|100/100|[from] Grassy Terrain
|upkeep
|turn|35
|
|t:|1757839486
|move|p1a: Duraludon|Iron Defense|p1a: Duraludon
|-boost|p1a: Duraludon|def|2
|move|p2a: Alomomola|Flip Turn|p1a: Duraludon
|-resisted|p1a: Duraludon
|-damage|p1a: Duraludon|98/100
|
|t:|1757839488
|switch|p2a: Ninetales|Ninetales-Alola, F, shiny|5/100 tox|[from] Flip Turn
|-weather|Snowscape|[from] ability: Snow Warning|[of] p2a: Ninetales
|
|-weather|Snowscape|[upkeep]
|-heal|p2a: Ninetales|12/100 tox|[from] Grassy Terrain
|-heal|p1a: Duraludon|100/100|[from] Grassy Terrain
|-damage|p2a: Ninetales|5/100 tox|[from] psn
|upkeep
|turn|36
|
|t:|1757839493
|move|p2a: Ninetales|Encore|p1a: Duraludon
|-start|p1a: Duraludon|Encore
|move|p1a: Duraludon|Iron Defense|p1a: Duraludon
|-boost|p1a: Duraludon|def|2
|
|-weather|Snowscape|[upkeep]
|-heal|p2a: Ninetales|12/100 tox|[from] Grassy Terrain
|-damage|p2a: Ninetales|0 fnt|[from] psn
|faint|p2a: Ninetales
|-fieldend|move: Grassy Terrain
|upkeep
|
|t:|1757839496
|switch|p2a: Goodra|Goodra-Hisui, M, shiny|73/100 par
|turn|37
|
|t:|1757839498
|move|p1a: Duraludon|Iron Defense|p1a: Duraludon
|-boost|p1a: Duraludon|def|2
|move|p2a: Goodra|Ice Beam|p1a: Duraludon
|-damage|p1a: Duraludon|68/100
|-status|p1a: Duraludon|frz
|
|-weather|Snowscape|[upkeep]
|upkeep
|turn|38
|
|t:|1757839500
|cant|p1a: Duraludon|frz
|move|p2a: Goodra|Ice Beam|p1a: Duraludon
|-damage|p1a: Duraludon|35/100 frz
|
|-weather|Snowscape|[upkeep]
|-end|p1a: Duraludon|Encore
|-sideend|p2: andrewm0n|move: Aurora Veil
|upkeep
|turn|39
|
|t:|1757839503
|cant|p1a: Duraludon|frz
|move|p2a: Goodra|Ice Beam|p1a: Duraludon
|-damage|p1a: Duraludon|6/100 frz
|
|-weather|none
|upkeep
|turn|40
|
|t:|1757839505
|cant|p1a: Duraludon|frz
|move|p2a: Goodra|Ice Beam|p1a: Duraludon
|-damage|p1a: Duraludon|0 fnt
|faint|p1a: Duraludon
|
|upkeep
|-message|Reptile Intrusion forfeited.
|
|win|andrewm0n
|raw|Reptile Intrusion's rating: 1311 &rarr; <strong>1291</strong><br />(-20 for losing)
|raw|andrewm0n's rating: 1318 &rarr; <strong>1338</strong><br />(+20 for winning)
|l|☆Reptile Intrusion
|player|p1|
|l|☆andrewm0n
|player|p2|
