|j|☆yfoyflxitgcxkucjn
|j|☆M.C.9
|t:|1757942781
|gametype|singles
|player|p1|yfoyflxitgcxkucjn|elesa|1257
|player|p2|M.C.9|n|1205
|gen|9
|tier|[Gen 9] OU
|rated|
|rule|HP Percentage Mod: HP is shown in percentages
|rule|Endless Battle Clause: Forcing endless battles is banned
|rule|Species Clause: Limit one of each Pokémon
|rule|OHKO Clause: OHKO moves are banned
|rule|Evasion Items Clause: Evasion items are banned
|rule|Evasion Moves Clause: Evasion moves are banned
|rule|Evasion Abilities Clause: Evasion abilities are banned
|rule|Sleep Moves Clause: Sleep-inducing moves are banned
|clearpoke
|poke|p1|Tornadus-Therian, M|
|poke|p1|Hatterene, F|
|poke|p1|Clodsire, M|
|poke|p1|Skeledirge, F|
|poke|p1|Great Tusk|
|poke|p1|Meowscarada, M|
|poke|p2|Ogerpon-Wellspring, F|
|poke|p2|Meowscarada, F|
|poke|p2|Hydrapple, M|
|poke|p2|Amoonguss, M|
|poke|p2|Rillaboom, F|
|poke|p2|Iron Leaves|
|teampreview
|inactive|Battle timer is ON: inactive players will automatically lose when time's up. (requested by M.C.9)
|
|t:|1757942796
|teamsize|p1|6
|teamsize|p2|6
|start
|switch|p1a: Clodsire|Clodsire, M|100/100
|switch|p2a: Meowscarada|Meowscarada, F|100/100
|turn|1
|
|t:|1757942805
|move|p2a: Meowscarada|Triple Axel|p1a: Clodsire|[miss]
|-start|p2a: Meowscarada|typechange|Ice|[from] ability: Protean
|-miss|p2a: Meowscarada|p1a: Clodsire
|move|p1a: Clodsire|Toxic|p2a: Meowscarada
|-status|p2a: Meowscarada|tox
|
|-damage|p2a: Meowscarada|94/100 tox|[from] psn
|upkeep
|turn|2
|
|t:|1757942814
|switch|p1a: Skeledirge|Skeledirge, F|100/100
|move|p2a: Meowscarada|Triple Axel|p1a: Skeledirge|[miss]
|-miss|p2a: Meowscarada|p1a: Skeledirge
|
|-damage|p2a: Meowscarada|82/100 tox|[from] psn
|upkeep
|turn|3
|
|t:|1757942822
|move|p2a: Meowscarada|Knock Off|p1a: Skeledirge
|-supereffective|p1a: Skeledirge
|-damage|p1a: Skeledirge|47/100
|-enditem|p1a: Skeledirge|Heavy-Duty Boots|[from] move: Knock Off|[of] p2a: Meowscarada
|move|p1a: Skeledirge|Torch Song|p2a: Meowscarada
|-supereffective|p2a: Meowscarada
|-damage|p2a: Meowscarada|0 fnt
|-boost|p1a: Skeledirge|spa|1
|faint|p2a: Meowscarada
|
|upkeep
|inactive|M.C.9 has 120 seconds left.
|
|t:|1757942881
|switch|p2a: Ogerpon|Ogerpon-Wellspring, F|100/100
|turn|4
|
|t:|1757942886
|switch|p1a: Clodsire|Clodsire, M|100/100
|move|p2a: Ogerpon|Ivy Cudgel|p1a: Clodsire|[anim] Ivy Cudgel Water
|-immune|p1a: Clodsire|[from] ability: Water Absorb
|
|upkeep
|turn|5
|
|t:|1757942899
|move|p2a: Ogerpon|Power Whip|p1a: Clodsire
|-damage|p1a: Clodsire|20/100
|move|p1a: Clodsire|Toxic|p2a: Ogerpon
|-status|p2a: Ogerpon|tox
|
|-heal|p1a: Clodsire|26/100|[from] item: Black Sludge
|-damage|p2a: Ogerpon|95/100 tox|[from] psn
|upkeep
|turn|6
|
|t:|1757942908
|switch|p1a: Tornadus|Tornadus-Therian, M|100/100
|move|p2a: Ogerpon|Power Whip|p1a: Tornadus
|-resisted|p1a: Tornadus
|-damage|p1a: Tornadus|48/100
|
|-damage|p2a: Ogerpon|83/100 tox|[from] psn
|upkeep
|turn|7
|
|t:|1757942929
|move|p1a: Tornadus|Protect|p1a: Tornadus
|-singleturn|p1a: Tornadus|Protect
|move|p2a: Ogerpon|Power Whip|p1a: Tornadus
|-activate|p1a: Tornadus|move: Protect
|
|-damage|p2a: Ogerpon|65/100 tox|[from] psn
|upkeep
|turn|8
|
|t:|1757942936
|move|p1a: Tornadus|U-turn|p2a: Ogerpon
|-supereffective|p2a: Ogerpon
|-damage|p2a: Ogerpon|25/100 tox
|
|t:|1757942940
|switch|p1a: Meowscarada|Meowscarada, M|100/100|[from] U-turn
|move|p2a: Ogerpon|Power Whip|p1a: Meowscarada
|-resisted|p1a: Meowscarada
|-damage|p1a: Meowscarada|46/100
|
|-damage|p2a: Ogerpon|1/100 tox|[from] psn
|upkeep
|turn|9
|
|t:|1757942949
|move|p1a: Meowscarada|U-turn|p2a: Ogerpon
|-start|p1a: Meowscarada|typechange|Bug|[from] ability: Protean
|-supereffective|p2a: Ogerpon
|-damage|p2a: Ogerpon|0 fnt
|faint|p2a: Ogerpon
|
|t:|1757942952
|switch|p1a: Clodsire|Clodsire, M|26/100|[from] U-turn
|
|-heal|p1a: Clodsire|32/100|[from] item: Black Sludge
|upkeep
|inactive|M.C.9 has 120 seconds left.
|
|t:|1757942967
|switch|p2a: Rillaboom|Rillaboom, F|100/100
|-fieldstart|move: Grassy Terrain|[from] ability: Grassy Surge|[of] p2a: Rillaboom
|turn|10
|inactive|M.C.9 has 120 seconds left.
|
|t:|1757942972
|move|p2a: Rillaboom|Wood Hammer|p1a: Clodsire
|-damage|p1a: Clodsire|0 fnt
|faint|p1a: Clodsire
|-damage|p2a: Rillaboom|86/100|[from] Recoil
|
|-heal|p2a: Rillaboom|92/100|[from] Grassy Terrain
|upkeep
|
|t:|1757942980
|switch|p1a: Skeledirge|Skeledirge, F|47/100
|turn|11
|
|t:|1757942987
|move|p2a: Rillaboom|Wood Hammer|p1a: Skeledirge
|-resisted|p1a: Skeledirge
|-damage|p1a: Skeledirge|0 fnt
|faint|p1a: Skeledirge
|-damage|p2a: Rillaboom|74/100|[from] Recoil
|
|-heal|p2a: Rillaboom|80/100|[from] Grassy Terrain
|upkeep
|
|t:|1757942995
|switch|p1a: Tornadus|Tornadus-Therian, M|81/100
|turn|12
|
|t:|1757942999
|move|p1a: Tornadus|Bleakwind Storm|p2a: Rillaboom
|-supereffective|p2a: Rillaboom
|-damage|p2a: Rillaboom|0 fnt
|faint|p2a: Rillaboom
|
|upkeep
|
|t:|1757943015
|switch|p2a: Amoonguss|Amoonguss, M|100/100
|turn|13
|
|t:|1757943024
|move|p1a: Tornadus|U-turn|p2a: Amoonguss
|-damage|p2a: Amoonguss|89/100
|-damage|p1a: Tornadus|64/100|[from] item: Rocky Helmet|[of] p2a: Amoonguss
|
|t:|1757943028
|switch|p1a: Great Tusk|Great Tusk|100/100|[from] U-turn
|-enditem|p1a: Great Tusk|Booster Energy
|-activate|p1a: Great Tusk|ability: Protosynthesis|[fromitem]
|-start|p1a: Great Tusk|protosynthesisatk
|move|p2a: Amoonguss|Toxic|p1a: Great Tusk
|-status|p1a: Great Tusk|tox
|
|-heal|p2a: Amoonguss|95/100|[from] Grassy Terrain
|-damage|p1a: Great Tusk|94/100 tox|[from] psn
|upkeep
|turn|14
|inactive|M.C.9 has 120 seconds left.
|
|t:|1757943065
|move|p1a: Great Tusk|Ice Spinner|p2a: Amoonguss
|-supereffective|p2a: Amoonguss
|-damage|p2a: Amoonguss|42/100
|-damage|p1a: Great Tusk|78/100 tox|[from] item: Rocky Helmet|[of] p2a: Amoonguss
|-fieldend|move: Grassy Terrain
|move|p2a: Amoonguss|Clear Smog|p1a: Great Tusk
|-resisted|p1a: Great Tusk
|-damage|p1a: Great Tusk|67/100 tox
|-clearboost|p1a: Great Tusk
|
|-damage|p1a: Great Tusk|55/100 tox|[from] psn
|upkeep
|turn|15
|inactive|M.C.9 has 120 seconds left.
|
|t:|1757943083
|-terastallize|p2a: Amoonguss|Steel
|move|p1a: Great Tusk|Rapid Spin|p2a: Amoonguss
|-resisted|p2a: Amoonguss
|-damage|p2a: Amoonguss|34/100
|-boost|p1a: Great Tusk|spe|1
|-damage|p1a: Great Tusk|38/100 tox|[from] item: Rocky Helmet|[of] p2a: Amoonguss
|move|p2a: Amoonguss|Synthesis|p2a: Amoonguss
|-heal|p2a: Amoonguss|84/100
|
|-damage|p1a: Great Tusk|20/100 tox|[from] psn
|upkeep
|turn|16
|
|t:|1757943096
|move|p1a: Great Tusk|Close Combat|p2a: Amoonguss
|-supereffective|p2a: Amoonguss
|-damage|p2a: Amoonguss|0 fnt
|-unboost|p1a: Great Tusk|def|1
|-unboost|p1a: Great Tusk|spd|1
|-damage|p1a: Great Tusk|3/100 tox|[from] item: Rocky Helmet|[of] p2a: Amoonguss
|faint|p2a: Amoonguss
|
|-damage|p1a: Great Tusk|0 fnt|[from] psn
|faint|p1a: Great Tusk
|-end|p1a: Great Tusk|Protosynthesis|[silent]
|upkeep
|inactive|M.C.9 has 90 seconds left.
|
|t:|1757943121
|switch|p1a: Hatterene|Hatterene, F|100/100
|switch|p2a: Hydrapple|Hydrapple, M|100/100
|turn|17
|
|t:|1757943130
|move|p2a: Hydrapple|Nasty Plot|p2a: Hydrapple
|-boost|p2a: Hydrapple|spa|2
|move|p1a: Hatterene|Calm Mind|p1a: Hatterene
|-boost|p1a: Hatterene|spa|1
|-boost|p1a: Hatterene|spd|1
|
|upkeep
|turn|18
|
|t:|1757943143
|move|p2a: Hydrapple|Giga Drain|p1a: Hatterene
|-damage|p1a: Hatterene|56/100
|move|p1a: Hatterene|Draining Kiss|p2a: Hydrapple
|-supereffective|p2a: Hydrapple
|-damage|p2a: Hydrapple|15/100
|-heal|p1a: Hatterene|100/100|[from] drain|[of] p2a: Hydrapple
|
|upkeep
|turn|19
|
|t:|1757943151
|move|p2a: Hydrapple|Giga Drain|p1a: Hatterene
|-damage|p1a: Hatterene|61/100
|-heal|p2a: Hydrapple|30/100|[from] drain|[of] p1a: Hatterene
|move|p1a: Hatterene|Draining Kiss|p2a: Hydrapple
|-supereffective|p2a: Hydrapple
|-damage|p2a: Hydrapple|0 fnt
|-heal|p1a: Hatterene|90/100|[from] drain|[of] p2a: Hydrapple
|faint|p2a: Hydrapple
|
|-heal|p1a: Hatterene|96/100|[from] item: Leftovers
|upkeep
|
|t:|1757943161
|switch|p2a: Iron Leaves|Iron Leaves|100/100
|-enditem|p2a: Iron Leaves|Booster Energy
|-activate|p2a: Iron Leaves|ability: Quark Drive|[fromitem]
|-start|p2a: Iron Leaves|quarkdrivespe
|turn|20
|
|t:|1757943172
|move|p2a: Iron Leaves|Swords Dance|p2a: Iron Leaves
|-boost|p2a: Iron Leaves|atk|2
|move|p1a: Hatterene|Draining Kiss|p2a: Iron Leaves
|-damage|p2a: Iron Leaves|59/100
|-heal|p1a: Hatterene|100/100|[from] drain|[of] p2a: Iron Leaves
|
|upkeep
|turn|21
|
|t:|1757943179
|move|p2a: Iron Leaves|Leaf Blade|p1a: Hatterene
|-damage|p1a: Hatterene|1/100
|move|p1a: Hatterene|Draining Kiss|p2a: Iron Leaves
|-damage|p2a: Iron Leaves|16/100
|-heal|p1a: Hatterene|36/100|[from] drain|[of] p2a: Iron Leaves
|
|-heal|p1a: Hatterene|42/100|[from] item: Leftovers
|upkeep
|turn|22
|
|t:|1757943189
|move|p2a: Iron Leaves|Leaf Blade|p1a: Hatterene
|-crit|p1a: Hatterene
|-damage|p1a: Hatterene|0 fnt
|faint|p1a: Hatterene
|
|upkeep
|
|t:|1757943192
|switch|p1a: Tornadus|Tornadus-Therian, M|97/100
|turn|23
|
|t:|1757943197
|move|p2a: Iron Leaves|Psyblade|p1a: Tornadus
|-damage|p1a: Tornadus|0 fnt
|faint|p1a: Tornadus
|
|upkeep
|
|t:|1757943200
|switch|p1a: Meowscarada|Meowscarada, M|46/100
|turn|24
|
|t:|1757943215
|-terastallize|p1a: Meowscarada|Grass
|move|p2a: Iron Leaves|Close Combat|p1a: Meowscarada
|-damage|p1a: Meowscarada|0 fnt
|-unboost|p2a: Iron Leaves|def|1
|-unboost|p2a: Iron Leaves|spd|1
|faint|p1a: Meowscarada
|
|win|M.C.9
|raw|yfoyflxitgcxkucjn's rating: 1257 &rarr; <strong>1228</strong><br />(-29 for losing)
|raw|M.C.9's rating: 1205 &rarr; <strong>1234</strong><br />(+29 for winning)
|l|☆yfoyflxitgcxkucjn
|player|p1|
