|j|☆rfb02
|j|☆imprisonpaulgeorge
|t:|1757961381
|gametype|singles
|player|p1|rfb02|ghetsis|1496
|player|p2|imprisonpaulgeorge|102|1538
|gen|9
|tier|[Gen 9] OU
|rated|
|rule|HP Percentage Mod: HP is shown in percentages
|rule|Endless Battle Clause: Forcing endless battles is banned
|rule|Species Clause: Limit one of each Pokémon
|rule|OHKO Clause: OHKO moves are banned
|rule|Evasion Items Clause: Evasion items are banned
|rule|Evasion Moves Clause: Evasion moves are banned
|rule|Evasion Abilities Clause: Evasion abilities are banned
|rule|Sleep Moves Clause: Sleep-inducing moves are banned
|clearpoke
|poke|p1|Maushold-Four|
|poke|p1|Comfey, F|
|poke|p1|Skeledirge, M|
|poke|p1|Lokix, M|
|poke|p1|Ogerpon-Wellspring, F|
|poke|p1|Kingambit, F|
|poke|p2|Ting-Lu|
|poke|p2|Gliscor, M|
|poke|p2|Sinistcha-Masterpiece|
|poke|p2|Keldeo|
|poke|p2|Tinkaton, F|
|poke|p2|Dragonite, M|
|teampreview
|inactive|Battle timer is ON: inactive players will automatically lose when time's up. (requested by imprisonpaulgeorge)
|
|t:|1757961390
|teamsize|p1|6
|teamsize|p2|6
|start
|switch|p1a: Lokix|Lokix, M, shiny|100/100
|switch|p2a: Tinkki Minaj|Tinkaton, F|100/100
|-ability|p2a: Tinkki Minaj|Mold Breaker
|-item|p2a: Tinkki Minaj|Air Balloon
|turn|1
|
|t:|1757961406
|move|p2a: Tinkki Minaj|Stealth Rock|p1a: Lokix
|-sidestart|p1: rfb02|move: Stealth Rock
|move|p1a: Lokix|Knock Off|p2a: Tinkki Minaj
|-resisted|p2a: Tinkki Minaj
|-damage|p2a: Tinkki Minaj|33/100
|-enditem|p2a: Tinkki Minaj|Air Balloon
|-damage|p1a: Lokix|91/100|[from] item: Life Orb
|
|upkeep
|turn|2
|
|t:|1757961411
|move|p2a: Tinkki Minaj|Gigaton Hammer|p1a: Lokix
|-damage|p1a: Lokix|21/100
|move|p1a: Lokix|U-turn|p2a: Tinkki Minaj
|-resisted|p2a: Tinkki Minaj
|-damage|p2a: Tinkki Minaj|11/100
|-damage|p1a: Lokix|11/100|[from] item: Life Orb
|
|t:|1757961421
|switch|p1a: Maushold|Maushold-Four, shiny|100/100|[from] U-turn
|-damage|p1a: Maushold|88/100|[from] Stealth Rock
|
|upkeep
|turn|3
|
|t:|1757961433
|switch|p2a: Tchavis Scott|Sinistcha-Masterpiece|100/100
|move|p1a: Maushold|Beat Up|p2a: Tchavis Scott
|-supereffective|p2a: Tchavis Scott
|-damage|p2a: Tchavis Scott|93/100
|-supereffective|p2a: Tchavis Scott
|-damage|p2a: Tchavis Scott|87/100
|-supereffective|p2a: Tchavis Scott
|-damage|p2a: Tchavis Scott|80/100
|-supereffective|p2a: Tchavis Scott
|-damage|p2a: Tchavis Scott|72/100
|-supereffective|p2a: Tchavis Scott
|-crit|p2a: Tchavis Scott
|-damage|p2a: Tchavis Scott|59/100
|-supereffective|p2a: Tchavis Scott
|-damage|p2a: Tchavis Scott|49/100
|-hitcount|p2a: Tchavis Scott|6
|
|upkeep
|turn|4
|c|☆rfb02|huge
|
|t:|1757961452
|switch|p2a: My Little Pwny|Keldeo|100/100
|move|p1a: Maushold|Tidy Up|p1a: Maushold
|-sideend|p1: rfb02|Stealth Rock
|-activate|p1a: Maushold|move: Tidy Up
|-boost|p1a: Maushold|atk|1
|-boost|p1a: Maushold|spe|1
|
|upkeep
|turn|5
|
|t:|1757961462
|-terastallize|p1a: Maushold|Ghost
|move|p2a: My Little Pwny|Vacuum Wave|p1a: Maushold
|-immune|p1a: Maushold
|move|p1a: Maushold|Population Bomb|p2a: My Little Pwny
|-damage|p2a: My Little Pwny|81/100
|-damage|p2a: My Little Pwny|63/100
|-damage|p2a: My Little Pwny|44/100
|-damage|p2a: My Little Pwny|25/100
|-damage|p2a: My Little Pwny|7/100
|-damage|p2a: My Little Pwny|0 fnt
|faint|p2a: My Little Pwny
|-hitcount|p2: My Little Pwny|6
|
|upkeep
|
|t:|1757961472
|switch|p2a: Secret Service|Dragonite, M|100/100
|turn|6
|
|t:|1757961475
|move|p1a: Maushold|Population Bomb|p2a: Secret Service
|-damage|p2a: Secret Service|93/100
|-damage|p2a: Secret Service|78/100
|-damage|p2a: Secret Service|62/100
|-damage|p2a: Secret Service|47/100
|-damage|p2a: Secret Service|32/100
|-damage|p2a: Secret Service|17/100
|-damage|p2a: Secret Service|3/100
|-damage|p2a: Secret Service|0 fnt
|faint|p2a: Secret Service
|-hitcount|p2: Secret Service|8
|
|upkeep
|-message|imprisonpaulgeorge forfeited.
|
|win|rfb02
|raw|rfb02's rating: 1496 &rarr; <strong>1518</strong><br />(+22 for winning)
|raw|imprisonpaulgeorge's rating: 1538 &rarr; <strong>1516</strong><br />(-22 for losing)
|l|☆imprisonpaulgeorge
|player|p2|
