|j|☆owl_with_scarf
|j|‽tasty sardine 408
|t:|1757904523
|gametype|singles
|player|p1|owl_with_scarf|#owlwithscarf|1553
|player|p2|tasty sardine 408|harlequin|1591
|gen|9
|tier|[Gen 9] OU
|rated|
|rule|HP Percentage Mod: HP is shown in percentages
|rule|Endless Battle Clause: Forcing endless battles is banned
|rule|Species Clause: Limit one of each Pokémon
|rule|OHKO Clause: OHKO moves are banned
|rule|Evasion Items Clause: Evasion items are banned
|rule|Evasion Moves Clause: Evasion moves are banned
|rule|Evasion Abilities Clause: Evasion abilities are banned
|rule|Sleep Moves Clause: Sleep-inducing moves are banned
|clearpoke
|poke|p1|Slowking, F|
|poke|p1|Hatterene, F|
|poke|p1|Raging Bolt|
|poke|p1|Comfey, F|
|poke|p1|Kingambit, M|
|poke|p1|Hydrapple, M|
|poke|p2|Umbreon, M|
|poke|p2|Serperior, M|
|poke|p2|Cresselia, F|
|poke|p2|Revavroom, F|
|poke|p2|Skeledirge, F|
|poke|p2|Manaphy|
|teampreview
|inactive|Battle timer is ON: inactive players will automatically lose when time's up. (requested by owl_with_scarf)
|
|t:|1757904533
|teamsize|p1|6
|teamsize|p2|6
|start
|switch|p1a: Hydrapple|Hydrapple, M, shiny|100/100
|switch|p2a: Serperior|Serperior, M, shiny|100/100
|turn|1
|
|t:|1757904541
|move|p2a: Serperior|Glare|p1a: Hydrapple
|-status|p1a: Hydrapple|par
|move|p1a: Hydrapple|Nasty Plot|p1a: Hydrapple
|-boost|p1a: Hydrapple|spa|2
|
|upkeep
|turn|2
|
|t:|1757904544
|switch|p2a: Skeledirge|Skeledirge, F, shiny|100/100
|move|p1a: Hydrapple|Fickle Beam|p2a: Skeledirge
|-damage|p2a: Skeledirge|68/100
|
|upkeep
|turn|3
|
|t:|1757904550
|move|p2a: Skeledirge|Torch Song|p1a: Hydrapple
|-damage|p1a: Hydrapple|73/100 par
|-boost|p2a: Skeledirge|spa|1
|move|p1a: Hydrapple|Earth Power|p2a: Skeledirge
|-supereffective|p2a: Skeledirge
|-damage|p2a: Skeledirge|22/100
|
|upkeep
|turn|4
|
|t:|1757904555
|move|p2a: Skeledirge|Slack Off|p2a: Skeledirge
|-heal|p2a: Skeledirge|72/100
|move|p1a: Hydrapple|Earth Power|p2a: Skeledirge
|-supereffective|p2a: Skeledirge
|-damage|p2a: Skeledirge|18/100
|
|upkeep
|turn|5
|
|t:|1757904561
|move|p2a: Skeledirge|Slack Off|p2a: Skeledirge
|-heal|p2a: Skeledirge|68/100
|cant|p1a: Hydrapple|par
|
|upkeep
|turn|6
|
|t:|1757904564
|move|p2a: Skeledirge|Hex|p1a: Hydrapple
|-damage|p1a: Hydrapple|3/100 par
|move|p1a: Hydrapple|Earth Power|p2a: Skeledirge
|-supereffective|p2a: Skeledirge
|-damage|p2a: Skeledirge|22/100
|
|upkeep
|turn|7
|
|t:|1757904569
|switch|p1a: Kingambit|Kingambit, M|100/100
|move|p2a: Skeledirge|Slack Off|p2a: Skeledirge
|-heal|p2a: Skeledirge|72/100
|
|upkeep
|turn|8
|
|t:|1757904573
|move|p1a: Kingambit|Kowtow Cleave|p2a: Skeledirge
|-supereffective|p2a: Skeledirge
|-damage|p2a: Skeledirge|0 fnt
|faint|p2a: Skeledirge
|
|upkeep
|
|t:|1757904577
|switch|p2a: Manaphy|Manaphy, shiny|100/100
|turn|9
|
|t:|1757904582
|-end|p1a: Kingambit|fallenundefined|[silent]
|switch|p1a: Raging Bolt|Raging Bolt|100/100
|-enditem|p1a: Raging Bolt|Booster Energy
|-activate|p1a: Raging Bolt|ability: Protosynthesis|[fromitem]
|-start|p1a: Raging Bolt|protosynthesisspa
|move|p2a: Manaphy|Acid Armor|p2a: Manaphy
|-boost|p2a: Manaphy|def|2
|
|upkeep
|turn|10
|
|t:|1757904586
|-terastallize|p2a: Manaphy|Dragon
|move|p2a: Manaphy|Take Heart|p2a: Manaphy
|-boost|p2a: Manaphy|spa|1
|-boost|p2a: Manaphy|spd|1
|move|p1a: Raging Bolt|Thunderbolt|p2a: Manaphy
|-resisted|p2a: Manaphy
|-damage|p2a: Manaphy|82/100
|
|-heal|p2a: Manaphy|88/100|[from] item: Leftovers
|upkeep
|turn|11
|
|t:|1757904587
|move|p2a: Manaphy|Take Heart|p2a: Manaphy
|-boost|p2a: Manaphy|spa|1
|-boost|p2a: Manaphy|spd|1
|move|p1a: Raging Bolt|Dragon Pulse|p2a: Manaphy
|-supereffective|p2a: Manaphy
|-damage|p2a: Manaphy|28/100
|
|-heal|p2a: Manaphy|35/100|[from] item: Leftovers
|upkeep
|turn|12
|
|t:|1757904590
|move|p2a: Manaphy|Stored Power|p1a: Raging Bolt
|-crit|p1a: Raging Bolt
|-damage|p1a: Raging Bolt|28/100
|move|p1a: Raging Bolt|Dragon Pulse|p2a: Manaphy
|-supereffective|p2a: Manaphy
|-damage|p2a: Manaphy|0 fnt
|faint|p2a: Manaphy
|
|upkeep
|
|t:|1757904594
|switch|p2a: Revavroom|Revavroom, F, shiny|100/100
|-item|p2a: Revavroom|Air Balloon
|turn|13
|
|t:|1757904601
|move|p2a: Revavroom|Shift Gear|p2a: Revavroom
|-boost|p2a: Revavroom|spe|2
|-boost|p2a: Revavroom|atk|1
|move|p1a: Raging Bolt|Thunderbolt|p2a: Revavroom
|-damage|p2a: Revavroom|21/100
|-enditem|p2a: Revavroom|Air Balloon
|
|upkeep
|turn|14
|
|t:|1757904606
|move|p1a: Raging Bolt|Thunderclap|p2a: Revavroom
|-damage|p2a: Revavroom|0 fnt
|faint|p2a: Revavroom
|
|upkeep
|
|t:|1757904610
|switch|p2a: Cresselia|Cresselia, F, shiny|100/100
|turn|15
|
|t:|1757904615
|move|p2a: Cresselia|Calm Mind|p2a: Cresselia
|-boost|p2a: Cresselia|spa|1
|-boost|p2a: Cresselia|spd|1
|move|p1a: Raging Bolt|Calm Mind|p1a: Raging Bolt
|-boost|p1a: Raging Bolt|spa|1
|-boost|p1a: Raging Bolt|spd|1
|
|upkeep
|turn|16
|
|t:|1757904618
|-end|p1a: Raging Bolt|Protosynthesis|[silent]
|switch|p1a: Kingambit|Kingambit, M|100/100
|move|p2a: Cresselia|Calm Mind|p2a: Cresselia
|-boost|p2a: Cresselia|spa|1
|-boost|p2a: Cresselia|spd|1
|
|upkeep
|turn|17
|
|t:|1757904624
|move|p2a: Cresselia|Moonblast|p1a: Kingambit
|-damage|p1a: Kingambit|58/100
|move|p1a: Kingambit|Swords Dance|p1a: Kingambit
|-boost|p1a: Kingambit|atk|2
|
|upkeep
|turn|18
|
|t:|1757904630
|switch|p2a: Umbreon|Umbreon, M, shiny|100/100
|move|p1a: Kingambit|Kowtow Cleave|p2a: Umbreon
|-resisted|p2a: Umbreon
|-damage|p2a: Umbreon|65/100
|
|-heal|p2a: Umbreon|71/100|[from] item: Leftovers
|upkeep
|turn|19
|
|t:|1757904634
|move|p1a: Kingambit|Iron Head|p2a: Umbreon
|-damage|p2a: Umbreon|2/100
|move|p2a: Umbreon|Foul Play|p1a: Kingambit
|-resisted|p1a: Kingambit
|-damage|p1a: Kingambit|13/100
|
|-heal|p2a: Umbreon|8/100|[from] item: Leftovers
|upkeep
|turn|20
|
|t:|1757904639
|move|p1a: Kingambit|Iron Head|p2a: Umbreon
|-damage|p2a: Umbreon|0 fnt
|faint|p2a: Umbreon
|
|upkeep
|
|t:|1757904641
|switch|p2a: Serperior|Serperior, M, shiny|100/100
|turn|21
|
|t:|1757904643
|move|p2a: Serperior|Glare|p1a: Kingambit
|-status|p1a: Kingambit|par
|-enditem|p1a: Kingambit|Lum Berry|[eat]
|-curestatus|p1a: Kingambit|par|[msg]
|move|p1a: Kingambit|Kowtow Cleave|p2a: Serperior
|-damage|p2a: Serperior|0 fnt
|faint|p2a: Serperior
|
|upkeep
|
|t:|1757904645
|switch|p2a: Cresselia|Cresselia, F, shiny|100/100
|turn|22
|
|t:|1757904648
|move|p1a: Kingambit|Sucker Punch|p2a: Cresselia
|-supereffective|p2a: Cresselia
|-damage|p2a: Cresselia|19/100
|move|p2a: Cresselia|Moonblast|p1a: Kingambit
|-damage|p1a: Kingambit|0 fnt
|faint|p1a: Kingambit
|-end|p1a: Kingambit|fallenundefined|[silent]
|
|-heal|p2a: Cresselia|25/100|[from] item: Leftovers
|upkeep
|
|t:|1757904655
|switch|p1a: Comfey|Comfey, F|100/100
|turn|23
|c|☆owl_with_scarf|Gg
|
|t:|1757904663
|move|p1a: Comfey|Encore|p2a: Cresselia
|-start|p2a: Cresselia|Encore
|move|p2a: Cresselia|Moonblast|p1a: Comfey
|-damage|p1a: Comfey|83/100
|-unboost|p1a: Comfey|spa|1
|
|-heal|p1a: Comfey|89/100|[from] item: Leftovers
|-heal|p2a: Cresselia|31/100|[from] item: Leftovers
|upkeep
|turn|24
|
|t:|1757904666
|move|p1a: Comfey|Calm Mind|p1a: Comfey
|-boost|p1a: Comfey|spa|1
|-boost|p1a: Comfey|spd|1
|move|p2a: Cresselia|Moonblast|p1a: Comfey
|-damage|p1a: Comfey|78/100
|
|-heal|p1a: Comfey|84/100|[from] item: Leftovers
|-heal|p2a: Cresselia|37/100|[from] item: Leftovers
|upkeep
|turn|25
|
|t:|1757904668
|move|p1a: Comfey|Calm Mind|p1a: Comfey
|-boost|p1a: Comfey|spa|1
|-boost|p1a: Comfey|spd|1
|move|p2a: Cresselia|Moonblast|p1a: Comfey
|-damage|p1a: Comfey|75/100
|
|-heal|p1a: Comfey|81/100|[from] item: Leftovers
|-heal|p2a: Cresselia|43/100|[from] item: Leftovers
|-end|p2a: Cresselia|Encore
|upkeep
|turn|26
|
|t:|1757904672
|move|p1a: Comfey|Calm Mind|p1a: Comfey
|-boost|p1a: Comfey|spa|1
|-boost|p1a: Comfey|spd|1
|move|p2a: Cresselia|Moonlight|p2a: Cresselia
|-heal|p2a: Cresselia|93/100
|
|-heal|p1a: Comfey|87/100|[from] item: Leftovers
|-heal|p2a: Cresselia|99/100|[from] item: Leftovers
|upkeep
|turn|27
|
|t:|1757904674
|move|p1a: Comfey|Encore|p2a: Cresselia
|-start|p2a: Cresselia|Encore
|move|p2a: Cresselia|Moonlight|p2a: Cresselia
|-heal|p2a: Cresselia|100/100
|
|-heal|p1a: Comfey|94/100|[from] item: Leftovers
|upkeep
|turn|28
|
|t:|1757904676
|move|p1a: Comfey|Calm Mind|p1a: Comfey
|-boost|p1a: Comfey|spa|1
|-boost|p1a: Comfey|spd|1
|move|p2a: Cresselia|Moonlight|p2a: Cresselia
|-fail|p2a: Cresselia|heal
|
|-heal|p1a: Comfey|99/100|[from] item: Leftovers
|upkeep
|turn|29
|
|t:|1757904678
|move|p1a: Comfey|Calm Mind|p1a: Comfey
|-boost|p1a: Comfey|spa|1
|-boost|p1a: Comfey|spd|1
|move|p2a: Cresselia|Moonlight|p2a: Cresselia
|-fail|p2a: Cresselia|heal
|
|-heal|p1a: Comfey|100/100|[from] item: Leftovers
|-end|p2a: Cresselia|Encore
|upkeep
|turn|30
|
|t:|1757904679
|move|p1a: Comfey|Calm Mind|p1a: Comfey
|-boost|p1a: Comfey|spa|1
|-boost|p1a: Comfey|spd|1
|move|p2a: Cresselia|Calm Mind|p2a: Cresselia
|-boost|p2a: Cresselia|spa|1
|-boost|p2a: Cresselia|spd|1
|
|upkeep
|turn|31
|
|t:|1757904681
|move|p1a: Comfey|Encore|p2a: Cresselia
|-start|p2a: Cresselia|Encore
|move|p2a: Cresselia|Calm Mind|p2a: Cresselia
|-boost|p2a: Cresselia|spa|1
|-boost|p2a: Cresselia|spd|1
|
|upkeep
|turn|32
|
|t:|1757904686
|move|p1a: Comfey|Draining Kiss|p2a: Cresselia
|-damage|p2a: Cresselia|78/100
|move|p2a: Cresselia|Calm Mind|p2a: Cresselia
|-boost|p2a: Cresselia|spa|1
|-boost|p2a: Cresselia|spd|1
|
|-heal|p2a: Cresselia|84/100|[from] item: Leftovers
|upkeep
|turn|33
|
|t:|1757904696
|move|p1a: Comfey|Draining Kiss|p2a: Cresselia
|-damage|p2a: Cresselia|66/100
|move|p2a: Cresselia|Calm Mind|p2a: Cresselia
|-boost|p2a: Cresselia|spa|1
|-boost|p2a: Cresselia|spd|1
|
|-heal|p2a: Cresselia|73/100|[from] item: Leftovers
|-end|p2a: Cresselia|Encore
|upkeep
|turn|34
|
|t:|1757904699
|move|p1a: Comfey|Draining Kiss|p2a: Cresselia
|-damage|p2a: Cresselia|57/100
|move|p2a: Cresselia|Calm Mind|p2a: Cresselia
|-boost|p2a: Cresselia|spa|1
|-boost|p2a: Cresselia|spd|1
|
|-heal|p2a: Cresselia|64/100|[from] item: Leftovers
|upkeep
|turn|35
|
|t:|1757904702
|move|p1a: Comfey|Draining Kiss|p2a: Cresselia
|-damage|p2a: Cresselia|52/100
|move|p2a: Cresselia|Stored Power|p1a: Comfey
|-crit|p1a: Comfey
|-damage|p1a: Comfey|0 fnt
|faint|p1a: Comfey
|
|-heal|p2a: Cresselia|58/100|[from] item: Leftovers
|upkeep
|
|t:|1757904707
|switch|p1a: Slowking|Slowking, F|100/100
|turn|36
|
|t:|1757904716
|move|p2a: Cresselia|Moonlight|p2a: Cresselia
|-heal|p2a: Cresselia|100/100
|move|p1a: Slowking|Psyshock|p2a: Cresselia
|-resisted|p2a: Cresselia
|-damage|p2a: Cresselia|91/100
|
|-heal|p2a: Cresselia|98/100|[from] item: Leftovers
|upkeep
|turn|37
|-message|owl_with_scarf forfeited.
|
|win|tasty sardine 408
|raw|owl_with_scarf's rating: 1570 &rarr; <strong>1551</strong><br />(-19 for losing)
|raw|tasty sardine 408's rating: 1591 &rarr; <strong>1610</strong><br />(+19 for winning)
|l|☆owl_with_scarf
|player|p1|
|l|‽tasty sardine 408
|player|p2|
