|j|☆dg du grau
|j|☆Balllentus
|t:|1757807253
|gametype|singles
|player|p1|dg du grau|170|1000
|player|p2|Balllentus|preschooler|1044
|gen|9
|tier|[Gen 9] OU
|rated|
|rule|HP Percentage Mod: HP is shown in percentages
|rule|Endless Battle Clause: Forcing endless battles is banned
|rule|Species Clause: Limit one of each Pokémon
|rule|OHKO Clause: OHKO moves are banned
|rule|Evasion Items Clause: Evasion items are banned
|rule|Evasion Moves Clause: Evasion moves are banned
|rule|Evasion Abilities Clause: Evasion abilities are banned
|rule|Sleep Moves Clause: Sleep-inducing moves are banned
|clearpoke
|poke|p1|Mew|
|poke|p2|Kyurem|
|poke|p2|Tyranitar, M|
|poke|p2|Blaziken, M|
|poke|p2|Zapdos|
|poke|p2|Corviknight, M|
|poke|p2|Samurott-Hisui, M|
|teampreview
|c|☆Balllentus|hi
|
|t:|1757807259
|teamsize|p1|1
|teamsize|p2|6
|start
|switch|p1a: Mew|Mew|100/100
|switch|p2a: Cracker|Tyranitar, M|100/100
|-weather|Sandstorm|[from] ability: Sand Stream|[of] p2a: Cracker
|turn|1
|c|☆Balllentus|you sure ur gonna pick one pokemon?
|
|t:|1757807281
|move|p2a: Cracker|Stone Edge|p1a: Mew|[miss]
|-miss|p2a: Cracker|p1a: Mew
|move|p1a: Mew|Substitute|p1a: Mew
|-start|p1a: Mew|Substitute
|-damage|p1a: Mew|76/100
|
|-weather|Sandstorm|[upkeep]
|-damage|p1a: Mew|69/100|[from] Sandstorm
|-heal|p1a: Mew|76/100|[from] item: Leftovers
|upkeep
|turn|2
|
|t:|1757807291
|switch|p2a: Microwave|Blaziken, M|100/100
|move|p1a: Mew|Swords Dance|p1a: Mew
|-boost|p1a: Mew|atk|2
|
|-weather|Sandstorm|[upkeep]
|-damage|p1a: Mew|69/100|[from] Sandstorm
|-damage|p2a: Microwave|95/100|[from] Sandstorm
|-heal|p1a: Mew|76/100|[from] item: Leftovers
|-heal|p2a: Microwave|100/100|[from] item: Leftovers
|upkeep
|turn|3
|
|t:|1757807300
|move|p1a: Mew|Swords Dance|p1a: Mew
|-boost|p1a: Mew|atk|2
|move|p2a: Microwave|Swords Dance|p2a: Microwave
|-boost|p2a: Microwave|atk|2
|
|-weather|Sandstorm|[upkeep]
|-damage|p1a: Mew|69/100|[from] Sandstorm
|-damage|p2a: Microwave|95/100|[from] Sandstorm
|-heal|p1a: Mew|76/100|[from] item: Leftovers
|-heal|p2a: Microwave|100/100|[from] item: Leftovers
|upkeep
|turn|4
|
|t:|1757807309
|move|p1a: Mew|Swords Dance|p1a: Mew
|-boost|p1a: Mew|atk|2
|move|p2a: Microwave|Swords Dance|p2a: Microwave
|-boost|p2a: Microwave|atk|2
|
|-weather|Sandstorm|[upkeep]
|-damage|p1a: Mew|69/100|[from] Sandstorm
|-damage|p2a: Microwave|95/100|[from] Sandstorm
|-heal|p1a: Mew|76/100|[from] item: Leftovers
|-heal|p2a: Microwave|100/100|[from] item: Leftovers
|upkeep
|turn|5
|
|t:|1757807322
|-singleturn|p1a: Mew|move: Focus Punch
|move|p2a: Microwave|Protect|p2a: Microwave
|-singleturn|p2a: Microwave|Protect
|move|p1a: Mew|Focus Punch|p2a: Microwave
|-activate|p2a: Microwave|move: Protect
|
|-weather|none
|-heal|p1a: Mew|82/100|[from] item: Leftovers
|upkeep
|turn|6
|
|t:|1757807331
|-singleturn|p1a: Mew|move: Focus Punch
|move|p2a: Microwave|Swords Dance|p2a: Microwave
|-boost|p2a: Microwave|atk|2
|move|p1a: Mew|Focus Punch|p2a: Microwave
|-damage|p2a: Microwave|0 fnt
|faint|p2a: Microwave
|
|-heal|p1a: Mew|88/100|[from] item: Leftovers
|upkeep
|
|t:|1757807342
|switch|p2a: Uber eats delivery|Corviknight, M, shiny|100/100
|-ability|p2a: Uber eats delivery|Pressure
|turn|7
|
|t:|1757807352
|-singleturn|p1a: Mew|move: Focus Punch
|move|p2a: Uber eats delivery|Taunt|p1a: Mew
|-start|p1a: Mew|move: Taunt
|move|p1a: Mew|Focus Punch|p2a: Uber eats delivery
|-damage|p2a: Uber eats delivery|20/100
|-damage|p1a: Mew|71/100|[from] item: Rocky Helmet|[of] p2a: Uber eats delivery
|
|-heal|p1a: Mew|78/100|[from] item: Leftovers
|upkeep
|turn|8
|
|t:|1757807365
|-singleturn|p1a: Mew|move: Focus Punch
|move|p2a: Uber eats delivery|Brave Bird|p1a: Mew
|-end|p1a: Mew|Substitute
|-damage|p2a: Uber eats delivery|13/100|[from] Recoil|[of] p1a: Mew
|move|p1a: Mew|Focus Punch|p2a: Uber eats delivery
|-damage|p2a: Uber eats delivery|0 fnt
|-damage|p1a: Mew|61/100|[from] item: Rocky Helmet|[of] p2a: Uber eats delivery
|faint|p2a: Uber eats delivery
|
|-heal|p1a: Mew|67/100|[from] item: Leftovers
|upkeep
|
|t:|1757807376
|switch|p2a: Refrigarator|Kyurem|100/100
|-ability|p2a: Refrigarator|Pressure
|turn|9
|
|t:|1757807392
|move|p2a: Refrigarator|Icicle Spear|p1a: Mew
|-damage|p1a: Mew|53/100
|-damage|p1a: Mew|41/100
|-damage|p1a: Mew|27/100
|-damage|p1a: Mew|15/100
|-damage|p1a: Mew|2/100
|-hitcount|p1a: Mew|5
|move|p1a: Mew|Giga Drain|p2a: Refrigarator
|-resisted|p2a: Refrigarator
|-damage|p2a: Refrigarator|90/100
|-heal|p1a: Mew|8/100|[from] drain|[of] p2a: Refrigarator
|
|-heal|p1a: Mew|14/100|[from] item: Leftovers
|-end|p1a: Mew|move: Taunt
|upkeep
|turn|10
|
|t:|1757807407
|-terastallize|p2a: Refrigarator|Dragon
|move|p2a: Refrigarator|Dragon Claw|p1a: Mew
|-damage|p1a: Mew|0 fnt
|faint|p1a: Mew
|
|win|Balllentus
|raw|dg du grau's rating: 1000 &rarr; <strong>1000</strong><br />(+0 for losing)
|raw|Balllentus's rating: 1044 &rarr; <strong>1073</strong><br />(+29 for winning)
|c|☆Balllentus|gg
|l|☆dg du grau
|player|p1|
