|j|☆iguana_droga
|j|☆dvdegvedgebed
|t:|1757902918
|gametype|singles
|player|p1|iguana_droga|101|1104
|player|p2|dvdegvedgebed|170|1147
|gen|9
|tier|[Gen 9] OU
|rated|
|rule|HP Percentage Mod: HP is shown in percentages
|rule|Endless Battle Clause: Forcing endless battles is banned
|rule|Species Clause: Limit one of each Pokémon
|rule|OHKO Clause: OHKO moves are banned
|rule|Evasion Items Clause: Evasion items are banned
|rule|Evasion Moves Clause: Evasion moves are banned
|rule|Evasion Abilities Clause: Evasion abilities are banned
|rule|Sleep Moves Clause: Sleep-inducing moves are banned
|clearpoke
|poke|p1|Great Tusk|
|poke|p1|Bisharp, M|
|poke|p1|Pelipper, M|
|poke|p1|Crawdaunt, F|
|poke|p1|Rotom-Wash|
|poke|p1|Ribombee, M|
|poke|p2|Cacturne, M|
|poke|p2|Arbok, F|
|poke|p2|Regice|
|poke|p2|Lucario, M|
|poke|p2|Oricorio-Pom-Pom, F|
|poke|p2|Sableye, F|
|teampreview
|
|t:|1757902945
|teamsize|p1|6
|teamsize|p2|6
|start
|switch|p1a: Ribombee|Ribombee, M|100/100
|switch|p2a: Arbok|Arbok, F|100/100
|-ability|p2a: Arbok|Intimidate|boost
|-unboost|p1a: Ribombee|atk|1
|turn|1
|
|t:|1757902953
|move|p1a: Ribombee|Sticky Web|p2a: Arbok
|-sidestart|p2: dvdegvedgebed|move: Sticky Web
|move|p2a: Arbok|Gunk Shot|p1a: Ribombee
|-supereffective|p1a: Ribombee
|-enditem|p1a: Ribombee|Focus Sash
|-damage|p1a: Ribombee|1/100
|
|upkeep
|turn|2
|
|t:|1757902961
|move|p1a: Ribombee|U-turn|p2a: Arbok
|-resisted|p2a: Arbok
|-damage|p2a: Arbok|94/100
|
|t:|1757902964
|switch|p1a: Bisharp|Bisharp, M|100/100|[from] U-turn
|move|p2a: Arbok|Toxic|p1a: Bisharp
|-immune|p1a: Bisharp
|
|-heal|p2a: Arbok|99/100|[from] item: Black Sludge
|upkeep
|turn|3
|
|t:|1757902976
|move|p2a: Arbok|Glare|p1a: Bisharp
|-status|p1a: Bisharp|par
|cant|p1a: Bisharp|par
|
|-heal|p2a: Arbok|100/100|[from] item: Black Sludge
|upkeep
|turn|4
|
|t:|1757902985
|switch|p2a: Lucario|Lucario, M|100/100
|-activate|p2a: Lucario|move: Sticky Web
|-unboost|p2a: Lucario|spe|1
|move|p1a: Bisharp|Thunder Wave|p2a: Lucario
|-status|p2a: Lucario|par
|
|upkeep
|turn|5
|
|t:|1757902992
|switch|p1a: Pelipper|Pelipper, M|100/100
|-weather|RainDance|[from] ability: Drizzle|[of] p1a: Pelipper
|move|p2a: Lucario|Close Combat|p1a: Pelipper
|-resisted|p1a: Pelipper
|-damage|p1a: Pelipper|63/100
|-unboost|p2a: Lucario|def|1
|-unboost|p2a: Lucario|spd|1
|-damage|p2a: Lucario|91/100 par|[from] item: Life Orb
|
|-weather|RainDance|[upkeep]
|upkeep
|turn|6
|
|t:|1757903004
|switch|p2a: Regice|Regice|100/100
|-activate|p2a: Regice|move: Sticky Web
|-fail|p2a: Regice|unboost|[from] ability: Clear Body|[of] p2a: Regice
|move|p1a: Pelipper|Hurricane|p2a: Regice
|-damage|p2a: Regice|80/100
|-start|p2a: Regice|confusion
|
|-weather|RainDance|[upkeep]
|-heal|p2a: Regice|86/100|[from] item: Leftovers
|upkeep
|turn|7
|
|t:|1757903016
|move|p1a: Pelipper|U-turn|p2a: Regice
|-crit|p2a: Regice
|-damage|p2a: Regice|72/100
|
|t:|1757903028
|switch|p1a: Crawdaunt|Crawdaunt, F|100/100|[from] U-turn
|-activate|p2a: Regice|confusion
|move|p2a: Regice|Thunder|p1a: Crawdaunt
|-supereffective|p1a: Crawdaunt
|-crit|p1a: Crawdaunt
|-damage|p1a: Crawdaunt|0 fnt
|faint|p1a: Crawdaunt
|
|-weather|RainDance|[upkeep]
|-heal|p2a: Regice|78/100|[from] item: Leftovers
|upkeep
|
|t:|1757903040
|switch|p1a: Great Tusk|Great Tusk|100/100
|turn|8
|
|t:|1757903048
|switch|p2a: Oricorio|Oricorio-Pom-Pom, F|100/100
|move|p1a: Great Tusk|Close Combat|p2a: Oricorio
|-resisted|p2a: Oricorio
|-damage|p2a: Oricorio|52/100
|-unboost|p1a: Great Tusk|def|1
|-unboost|p1a: Great Tusk|spd|1
|
|-weather|RainDance|[upkeep]
|upkeep
|turn|9
|
|t:|1757903059
|-end|p1a: Great Tusk|Protosynthesis|[silent]
|switch|p1a: Rotom|Rotom-Wash|100/100
|move|p2a: Oricorio|Icy Wind|p1a: Rotom
|-resisted|p1a: Rotom
|-damage|p1a: Rotom|91/100
|-unboost|p1a: Rotom|spe|1
|
|-weather|RainDance|[upkeep]
|upkeep
|turn|10
|
|t:|1757903071
|switch|p2a: Regice|Regice|78/100
|-activate|p2a: Regice|move: Sticky Web
|-fail|p2a: Regice|unboost|[from] ability: Clear Body|[of] p2a: Regice
|move|p1a: Rotom|Volt Switch|p2a: Regice
|-damage|p2a: Regice|52/100
|
|t:|1757903079
|switch|p1a: Great Tusk|Great Tusk|100/100|[from] Volt Switch
|
|-weather|RainDance|[upkeep]
|-heal|p2a: Regice|58/100|[from] item: Leftovers
|upkeep
|turn|11
|
|t:|1757903087
|move|p1a: Great Tusk|Close Combat|p2a: Regice
|-supereffective|p2a: Regice
|-damage|p2a: Regice|0 fnt
|-unboost|p1a: Great Tusk|def|1
|-unboost|p1a: Great Tusk|spd|1
|faint|p2a: Regice
|
|-weather|RainDance|[upkeep]
|upkeep
|
|t:|1757903092
|switch|p2a: Sableye|Sableye, F|100/100
|-activate|p2a: Sableye|move: Sticky Web
|-unboost|p2a: Sableye|spe|1
|turn|12
|
|t:|1757903107
|-end|p1a: Great Tusk|Protosynthesis|[silent]
|switch|p1a: Bisharp|Bisharp, M|100/100 par
|move|p2a: Sableye|Night Shade|p1a: Bisharp
|-damage|p1a: Bisharp|65/100 par
|
|-weather|none
|upkeep
|turn|13
|
|t:|1757903118
|switch|p2a: Cacturne|Cacturne, M|100/100
|-activate|p2a: Cacturne|move: Sticky Web
|-unboost|p2a: Cacturne|spe|1
|move|p1a: Bisharp|Iron Head|p2a: Cacturne
|-damage|p2a: Cacturne|43/100
|
|upkeep
|turn|14
|
|t:|1757903130
|move|p1a: Bisharp|Brick Break|p2a: Cacturne
|-supereffective|p2a: Cacturne
|-damage|p2a: Cacturne|0 fnt
|faint|p2a: Cacturne
|
|upkeep
|-message|dvdegvedgebed forfeited.
|
|win|iguana_droga
|raw|iguana_droga's rating: 1104 &rarr; <strong>1132</strong><br />(+28 for winning)
|raw|dvdegvedgebed's rating: 1147 &rarr; <strong>1119</strong><br />(-28 for losing)
|l|☆dvdegvedgebed
|player|p2|
|l|☆iguana_droga
|player|p1|
