|j|☆DragoDar
|j|☆boobookookoo
|t:|1757957794
|gametype|singles
|player|p1|DragoDar|drayden|1312
|player|p2|boobookookoo|170|1261
|gen|9
|tier|[Gen 9] OU
|rated|
|rule|HP Percentage Mod: HP is shown in percentages
|rule|Endless Battle Clause: Forcing endless battles is banned
|rule|Species Clause: Limit one of each Pokémon
|rule|OHKO Clause: OHKO moves are banned
|rule|Evasion Items Clause: Evasion items are banned
|rule|Evasion Moves Clause: Evasion moves are banned
|rule|Evasion Abilities Clause: Evasion abilities are banned
|rule|Sleep Moves Clause: Sleep-inducing moves are banned
|clearpoke
|poke|p1|Muk-Alola, F|
|poke|p1|Ting-Lu|
|poke|p1|Darkrai|
|poke|p1|Moltres|
|poke|p1|Clefable, F|
|poke|p1|Dragonite, F|
|poke|p2|Empoleon, M|
|poke|p2|Iron Valiant|
|poke|p2|Hydrapple, M|
|poke|p2|Garchomp, F|
|poke|p2|Ceruledge, M|
|poke|p2|Zoroark-Hisui, F|
|teampreview
|inactive|Battle timer is ON: inactive players will automatically lose when time's up. (requested by DragoDar)
|
|t:|1757957817
|teamsize|p1|6
|teamsize|p2|6
|start
|switch|p1a: Muk|Muk-Alola, F|100/100
|switch|p2a: Iron Valiant|Iron Valiant, shiny|100/100
|turn|1
|
|t:|1757957822
|move|p2a: Iron Valiant|Trick|p1a: Muk
|-activate|p2a: Iron Valiant|move: Trick|[of] p1a: Muk
|-item|p1a: Muk|Choice Scarf|[from] move: Trick
|-item|p2a: Iron Valiant|Assault Vest|[from] move: Trick
|move|p1a: Muk|Knock Off|p2a: Iron Valiant
|-supereffective|p2a: Iron Valiant
|-damage|p2a: Iron Valiant|0 fnt
|replace|p2a: Zoroark|Zoroark-Hisui, F, shiny
|-end|p2a: Zoroark|Illusion
|-enditem|p2a: Zoroark|Assault Vest|[from] move: Knock Off|[of] p1a: Muk
|faint|p2a: Zoroark
|
|upkeep
|
|t:|1757957829
|switch|p2a: Iron Valiant|Iron Valiant, shiny|100/100
|-enditem|p2a: Iron Valiant|Booster Energy
|-activate|p2a: Iron Valiant|ability: Quark Drive|[fromitem]
|-start|p2a: Iron Valiant|quarkdrivespe
|turn|2
|
|t:|1757957834
|switch|p1a: Moltres|Moltres|100/100
|move|p2a: Iron Valiant|Knock Off|p1a: Moltres
|-damage|p1a: Moltres|73/100
|-enditem|p1a: Moltres|Heavy-Duty Boots|[from] move: Knock Off|[of] p2a: Iron Valiant
|
|upkeep
|turn|3
|
|t:|1757957843
|-end|p2a: Iron Valiant|Quark Drive|[silent]
|switch|p2a: Ceruledge|Ceruledge, M|100/100
|move|p1a: Moltres|Flamethrower|p2a: Ceruledge
|-resisted|p2a: Ceruledge
|-damage|p2a: Ceruledge|82/100
|
|upkeep
|turn|4
|
|t:|1757957849
|move|p2a: Ceruledge|Will-O-Wisp|p1a: Moltres
|-immune|p1a: Moltres
|move|p1a: Moltres|Roar|p2a: Ceruledge
|drag|p2a: Garchomp|Garchomp, F|100/100
|
|upkeep
|turn|5
|
|t:|1757957854
|move|p2a: Garchomp|Stealth Rock|p1a: Moltres
|-sidestart|p1: DragoDar|move: Stealth Rock
|move|p1a: Moltres|U-turn|p2a: Garchomp
|-damage|p2a: Garchomp|87/100
|-damage|p1a: Moltres|61/100|[from] ability: Rough Skin|[of] p2a: Garchomp
|
|t:|1757957857
|switch|p1a: Darkrai|Darkrai|100/100|[from] U-turn
|-damage|p1a: Darkrai|88/100|[from] Stealth Rock
|
|upkeep
|turn|6
|
|t:|1757957865
|switch|p2a: Empoleon|Empoleon, M|100/100
|move|p1a: Darkrai|Trick|p2a: Empoleon
|-activate|p1a: Darkrai|move: Trick|[of] p2a: Empoleon
|-item|p2a: Empoleon|Choice Specs|[from] move: Trick
|-item|p1a: Darkrai|Shuca Berry|[from] move: Trick
|
|upkeep
|turn|7
|
|t:|1757957880
|switch|p1a: Muk|Muk-Alola, F|100/100
|-damage|p1a: Muk|88/100|[from] Stealth Rock
|move|p2a: Empoleon|Surf|p1a: Muk
|-damage|p1a: Muk|52/100
|
|upkeep
|turn|8
|
|t:|1757957887
|switch|p2a: Garchomp|Garchomp, F|87/100
|move|p1a: Muk|Drain Punch|p2a: Garchomp
|-damage|p2a: Garchomp|65/100
|-heal|p1a: Muk|62/100|[from] drain|[of] p2a: Garchomp
|-damage|p1a: Muk|50/100|[from] ability: Rough Skin|[of] p2a: Garchomp
|-status|p2a: Garchomp|psn|[from] ability: Poison Touch|[of] p1a: Muk
|
|-damage|p2a: Garchomp|53/100 psn|[from] psn
|upkeep
|turn|9
|
|t:|1757957896
|switch|p1a: Moltres|Moltres|61/100
|-damage|p1a: Moltres|11/100|[from] Stealth Rock
|move|p2a: Garchomp|Earthquake|p1a: Moltres
|-immune|p1a: Moltres
|
|-damage|p2a: Garchomp|41/100 psn|[from] psn
|upkeep
|turn|10
|
|t:|1757957904
|switch|p2a: Ceruledge|Ceruledge, M|82/100
|move|p1a: Moltres|Roost|p1a: Moltres
|-heal|p1a: Moltres|61/100
|-singleturn|p1a: Moltres|move: Roost
|
|upkeep
|turn|11
|
|t:|1757957910
|move|p2a: Ceruledge|Shadow Sneak|p1a: Moltres
|-damage|p1a: Moltres|48/100
|move|p1a: Moltres|Roost|p1a: Moltres
|-heal|p1a: Moltres|98/100
|-singleturn|p1a: Moltres|move: Roost
|
|upkeep
|turn|12
|
|t:|1757957915
|move|p2a: Ceruledge|Bitter Blade|p1a: Moltres
|-resisted|p1a: Moltres
|-damage|p1a: Moltres|83/100
|-heal|p2a: Ceruledge|91/100|[from] drain|[of] p1a: Moltres
|move|p1a: Moltres|Roar|p2a: Ceruledge
|drag|p2a: Empoleon|Empoleon, M|100/100
|
|upkeep
|turn|13
|
|t:|1757957921
|switch|p1a: Muk|Muk-Alola, F|50/100
|-damage|p1a: Muk|37/100|[from] Stealth Rock
|move|p2a: Empoleon|Surf|p1a: Muk
|-damage|p1a: Muk|2/100
|
|upkeep
|turn|14
|
|t:|1757957927
|switch|p2a: Garchomp|Garchomp, F|41/100 psn
|move|p1a: Muk|Knock Off|p2a: Garchomp
|-damage|p2a: Garchomp|4/100 psn
|-damage|p1a: Muk|0 fnt|[from] ability: Rough Skin|[of] p2a: Garchomp
|faint|p1a: Muk
|
|-damage|p2a: Garchomp|0 fnt|[from] psn
|faint|p2a: Garchomp
|upkeep
|
|t:|1757957953
|switch|p2a: Ceruledge|Ceruledge, M|91/100
|switch|p1a: Darkrai|Darkrai|88/100
|-damage|p1a: Darkrai|76/100|[from] Stealth Rock
|turn|15
|
|t:|1757957961
|move|p1a: Darkrai|Dark Pulse|p2a: Ceruledge
|-supereffective|p2a: Ceruledge
|-damage|p2a: Ceruledge|16/100
|-enditem|p2a: Ceruledge|Weakness Policy
|-boost|p2a: Ceruledge|atk|2|[from] item: Weakness Policy
|-boost|p2a: Ceruledge|spa|2|[from] item: Weakness Policy
|move|p2a: Ceruledge|Bitter Blade|p1a: Darkrai
|-damage|p1a: Darkrai|0 fnt
|-heal|p2a: Ceruledge|52/100|[from] drain|[of] p1a: Darkrai
|faint|p1a: Darkrai
|
|upkeep
|
|t:|1757957971
|switch|p1a: Dragonite|Dragonite, F|100/100
|turn|16
|
|t:|1757957976
|move|p1a: Dragonite|Dragon Dance|p1a: Dragonite
|-boost|p1a: Dragonite|atk|1
|-boost|p1a: Dragonite|spe|1
|move|p2a: Ceruledge|Will-O-Wisp|p1a: Dragonite
|-status|p1a: Dragonite|brn
|
|-damage|p1a: Dragonite|94/100 brn|[from] brn
|upkeep
|turn|17
|
|t:|1757957981
|move|p1a: Dragonite|Dragon Dance|p1a: Dragonite
|-boost|p1a: Dragonite|atk|1
|-boost|p1a: Dragonite|spe|1
|move|p2a: Ceruledge|Poltergeist|p1a: Dragonite|[miss]
|-miss|p2a: Ceruledge|p1a: Dragonite
|
|-damage|p1a: Dragonite|88/100 brn|[from] brn
|upkeep
|turn|18
|
|t:|1757957987
|move|p1a: Dragonite|Earthquake|p2a: Ceruledge
|-supereffective|p2a: Ceruledge
|-damage|p2a: Ceruledge|0 fnt
|faint|p2a: Ceruledge
|
|-damage|p1a: Dragonite|82/100 brn|[from] brn
|upkeep
|
|t:|1757957989
|switch|p2a: Hydrapple|Hydrapple, M, shiny|100/100
|turn|19
|
|t:|1757957994
|-terastallize|p1a: Dragonite|Fairy
|move|p1a: Dragonite|Tera Blast|p2a: Hydrapple|[anim] Tera Blast Fairy
|-supereffective|p2a: Hydrapple
|-damage|p2a: Hydrapple|48/100
|move|p2a: Hydrapple|Fickle Beam|p1a: Dragonite
|-immune|p1a: Dragonite
|
|-damage|p1a: Dragonite|76/100 brn|[from] brn
|upkeep
|turn|20
|
|t:|1757958002
|switch|p2a: Empoleon|Empoleon, M|100/100
|move|p1a: Dragonite|Tera Blast|p2a: Empoleon|[anim] Tera Blast Fairy
|-resisted|p2a: Empoleon
|-damage|p2a: Empoleon|81/100
|
|-damage|p1a: Dragonite|70/100 brn|[from] brn
|upkeep
|turn|21
|
|t:|1757958007
|move|p1a: Dragonite|Earthquake|p2a: Empoleon
|-supereffective|p2a: Empoleon
|-damage|p2a: Empoleon|12/100
|move|p2a: Empoleon|Flash Cannon|p1a: Dragonite
|-supereffective|p1a: Dragonite
|-crit|p1a: Dragonite
|-damage|p1a: Dragonite|0 fnt
|faint|p1a: Dragonite
|
|upkeep
|
|t:|1757958015
|switch|p1a: Moltres|Moltres|83/100
|-damage|p1a: Moltres|33/100|[from] Stealth Rock
|turn|22
|
|t:|1757958022
|switch|p2a: Hydrapple|Hydrapple, M, shiny|82/100
|move|p1a: Moltres|Roost|p1a: Moltres
|-heal|p1a: Moltres|83/100
|-singleturn|p1a: Moltres|move: Roost
|
|upkeep
|turn|23
|
|t:|1757958027
|move|p1a: Moltres|Flamethrower|p2a: Hydrapple
|-damage|p2a: Hydrapple|53/100
|move|p2a: Hydrapple|Hydro Pump|p1a: Moltres
|-supereffective|p1a: Moltres
|-damage|p1a: Moltres|4/100
|
|upkeep
|turn|24
|
|t:|1757958033
|move|p1a: Moltres|U-turn|p2a: Hydrapple
|-supereffective|p2a: Hydrapple
|-damage|p2a: Hydrapple|33/100
|
|t:|1757958038
|switch|p1a: Ting-Lu|Ting-Lu|100/100|[from] U-turn
|-damage|p1a: Ting-Lu|94/100|[from] Stealth Rock
|-ability|p1a: Ting-Lu|Vessel of Ruin
|move|p2a: Hydrapple|Fickle Beam|p1a: Ting-Lu
|-damage|p1a: Ting-Lu|74/100
|
|-heal|p1a: Ting-Lu|80/100|[from] item: Leftovers
|upkeep
|turn|25
|
|t:|1757958051
|move|p1a: Ting-Lu|Ruination|p2a: Hydrapple
|-damage|p2a: Hydrapple|17/100
|move|p2a: Hydrapple|Leaf Storm|p1a: Ting-Lu|[miss]
|-miss|p2a: Hydrapple|p1a: Ting-Lu
|
|-heal|p1a: Ting-Lu|86/100|[from] item: Leftovers
|upkeep
|turn|26
|
|t:|1757958058
|move|p1a: Ting-Lu|Earthquake|p2a: Hydrapple
|-resisted|p2a: Hydrapple
|-damage|p2a: Hydrapple|5/100
|move|p2a: Hydrapple|Leaf Storm|p1a: Ting-Lu|[miss]
|-miss|p2a: Hydrapple|p1a: Ting-Lu
|
|-heal|p1a: Ting-Lu|93/100|[from] item: Leftovers
|upkeep
|turn|27
|
|t:|1757958069
|move|p1a: Ting-Lu|Earthquake|p2a: Hydrapple
|-resisted|p2a: Hydrapple
|-damage|p2a: Hydrapple|0 fnt
|faint|p2a: Hydrapple
|
|-heal|p1a: Ting-Lu|99/100|[from] item: Leftovers
|upkeep
|
|t:|1757958070
|switch|p2a: Iron Valiant|Iron Valiant, shiny|100/100
|turn|28
|
|t:|1757958076
|move|p2a: Iron Valiant|Moonblast|p1a: Ting-Lu
|-supereffective|p1a: Ting-Lu
|-damage|p1a: Ting-Lu|60/100
|move|p1a: Ting-Lu|Ruination|p2a: Iron Valiant|[miss]
|-miss|p1a: Ting-Lu|p2a: Iron Valiant
|
|-heal|p1a: Ting-Lu|66/100|[from] item: Leftovers
|upkeep
|turn|29
|
|t:|1757958083
|move|p2a: Iron Valiant|Moonblast|p1a: Ting-Lu
|-supereffective|p1a: Ting-Lu
|-crit|p1a: Ting-Lu
|-damage|p1a: Ting-Lu|5/100
|move|p1a: Ting-Lu|Ruination|p2a: Iron Valiant
|-damage|p2a: Iron Valiant|51/100
|
|-heal|p1a: Ting-Lu|11/100|[from] item: Leftovers
|upkeep
|turn|30
|
|t:|1757958086
|move|p2a: Iron Valiant|Moonblast|p1a: Ting-Lu
|-supereffective|p1a: Ting-Lu
|-damage|p1a: Ting-Lu|0 fnt
|faint|p1a: Ting-Lu
|
|upkeep
|
|t:|1757958089
|switch|p1a: Clefable|Clefable, F|100/100
|turn|31
|
|t:|1757958098
|-terastallize|p2a: Iron Valiant|Stellar
|move|p2a: Iron Valiant|Moonblast|p1a: Clefable
|-damage|p1a: Clefable|48/100
|-unboost|p1a: Clefable|spa|1
|move|p1a: Clefable|Calm Mind|p1a: Clefable
|-boost|p1a: Clefable|spa|1
|-boost|p1a: Clefable|spd|1
|
|-heal|p1a: Clefable|54/100|[from] item: Leftovers
|upkeep
|turn|32
|
|t:|1757958112
|-end|p2a: Iron Valiant|Quark Drive|[silent]
|switch|p2a: Empoleon|Empoleon, M|12/100
|move|p1a: Clefable|Moonlight|p1a: Clefable
|-heal|p1a: Clefable|100/100
|
|upkeep
|turn|33
|
|t:|1757958123
|move|p2a: Empoleon|Flash Cannon|p1a: Clefable
|-supereffective|p1a: Clefable
|-damage|p1a: Clefable|45/100
|move|p1a: Clefable|Moonblast|p2a: Empoleon
|-resisted|p2a: Empoleon
|-damage|p2a: Empoleon|2/100
|
|-heal|p1a: Clefable|51/100|[from] item: Leftovers
|upkeep
|turn|34
|
|t:|1757958128
|move|p2a: Empoleon|Flash Cannon|p1a: Clefable
|-supereffective|p1a: Clefable
|-damage|p1a: Clefable|0 fnt
|faint|p1a: Clefable
|
|upkeep
|
|t:|1757958131
|switch|p1a: Moltres|Moltres|4/100
|-damage|p1a: Moltres|0 fnt|[from] Stealth Rock
|faint|p1a: Moltres
|
|win|boobookookoo
|raw|DragoDar's rating: 1312 &rarr; <strong>1289</strong><br />(-23 for losing)
|raw|boobookookoo's rating: 1261 &rarr; <strong>1290</strong><br />(+29 for winning)
|l|☆DragoDar
|player|p1|
