|j|☆AZ's Return
|j|☆will-i-am2
|t:|1757786588
|gametype|singles
|player|p1|AZ's Return|101|1326
|player|p2|will-i-am2|169|1400
|gen|9
|tier|[Gen 9] OU
|rated|
|rule|HP Percentage Mod: HP is shown in percentages
|rule|Endless Battle Clause: Forcing endless battles is banned
|rule|Species Clause: Limit one of each Pokémon
|rule|OHKO Clause: OHKO moves are banned
|rule|Evasion Items Clause: Evasion items are banned
|rule|Evasion Moves Clause: Evasion moves are banned
|rule|Evasion Abilities Clause: Evasion abilities are banned
|rule|Sleep Moves Clause: Sleep-inducing moves are banned
|clearpoke
|poke|p1|Deoxys-Speed|
|poke|p1|Iron Valiant|
|poke|p1|Glimmora, F|
|poke|p1|Kingambit, F|
|poke|p1|Great Tusk|
|poke|p1|Dragonite, F|
|poke|p2|Registeel|
|poke|p2|Mamoswine, F|
|poke|p2|Eelektross, F|
|poke|p2|Hydreigon, M|
|poke|p2|Slowbro, M|
|poke|p2|Mandibuzz, F|
|teampreview
|inactive|Battle timer is ON: inactive players will automatically lose when time's up. (requested by will-i-am2)
|
|t:|1757786603
|teamsize|p1|6
|teamsize|p2|6
|start
|switch|p1a: Deoxys|Deoxys-Speed|100/100
|switch|p2a: Slowbro|Slowbro, M|100/100
|-ability|p1a: Deoxys|Pressure
|turn|1
|
|t:|1757786608
|move|p1a: Deoxys|Light Screen|p1a: Deoxys
|-sidestart|p1: AZ's Return|move: Light Screen
|move|p2a: Slowbro|Scald|p1a: Deoxys
|-damage|p1a: Deoxys|77/100
|-status|p1a: Deoxys|brn
|
|-damage|p1a: Deoxys|71/100 brn|[from] brn
|upkeep
|turn|2
|
|t:|1757786614
|move|p1a: Deoxys|Reflect|p1a: Deoxys
|-sidestart|p1: AZ's Return|Reflect
|move|p2a: Slowbro|Scald|p1a: Deoxys
|-damage|p1a: Deoxys|47/100 brn
|
|-damage|p1a: Deoxys|41/100 brn|[from] brn
|upkeep
|turn|3
|
|t:|1757786620
|switch|p1a: Iron Valiant|Iron Valiant|100/100
|-enditem|p1a: Iron Valiant|Booster Energy
|-activate|p1a: Iron Valiant|ability: Quark Drive|[fromitem]
|-start|p1a: Iron Valiant|quarkdrivespe
|switch|p2a: Mandibuzz|Mandibuzz, F|100/100
|
|upkeep
|turn|4
|
|t:|1757786627
|switch|p2a: Slowbro|Slowbro, M|100/100
|move|p1a: Iron Valiant|Moonblast|p2a: Slowbro
|-damage|p2a: Slowbro|62/100
|-unboost|p2a: Slowbro|spa|1
|
|-heal|p2a: Slowbro|68/100|[from] item: Leftovers
|upkeep
|turn|5
|
|t:|1757786633
|switch|p2a: Registeel|Registeel|100/100
|move|p1a: Iron Valiant|Knock Off|p2a: Registeel
|-damage|p2a: Registeel|80/100
|-enditem|p2a: Registeel|Leftovers|[from] move: Knock Off|[of] p1a: Iron Valiant
|
|upkeep
|turn|6
|
|t:|1757786637
|switch|p2a: Slowbro|Slowbro, M|100/100
|move|p1a: Iron Valiant|Close Combat|p2a: Slowbro
|-resisted|p2a: Slowbro
|-damage|p2a: Slowbro|77/100
|-unboost|p1a: Iron Valiant|def|1
|-unboost|p1a: Iron Valiant|spd|1
|
|-heal|p2a: Slowbro|83/100|[from] item: Leftovers
|upkeep
|turn|7
|
|t:|1757786643
|move|p1a: Iron Valiant|Knock Off|p2a: Slowbro
|-supereffective|p2a: Slowbro
|-damage|p2a: Slowbro|32/100
|-enditem|p2a: Slowbro|Leftovers|[from] move: Knock Off|[of] p1a: Iron Valiant
|move|p2a: Slowbro|Scald|p1a: Iron Valiant
|-damage|p1a: Iron Valiant|47/100
|-status|p1a: Iron Valiant|brn
|
|-damage|p1a: Iron Valiant|41/100 brn|[from] brn
|upkeep
|turn|8
|
|t:|1757786652
|switch|p2a: Registeel|Registeel|80/100
|move|p1a: Iron Valiant|Knock Off|p2a: Registeel
|-damage|p2a: Registeel|73/100
|
|-damage|p1a: Iron Valiant|34/100 brn|[from] brn
|-sideend|p1: AZ's Return|move: Light Screen
|upkeep
|turn|9
|
|t:|1757786656
|switch|p2a: Slowbro|Slowbro, M|65/100
|move|p1a: Iron Valiant|Destiny Bond|p1a: Iron Valiant
|-singlemove|p1a: Iron Valiant|Destiny Bond
|
|-damage|p1a: Iron Valiant|28/100 brn|[from] brn
|-sideend|p1: AZ's Return|Reflect
|upkeep
|turn|10
|
|t:|1757786665
|move|p1a: Iron Valiant|Knock Off|p2a: Slowbro
|-supereffective|p2a: Slowbro
|-damage|p2a: Slowbro|48/100
|move|p2a: Slowbro|Trick Room|p2a: Slowbro
|-fieldstart|move: Trick Room|[of] p2a: Slowbro
|
|-damage|p1a: Iron Valiant|22/100 brn|[from] brn
|upkeep
|turn|11
|
|t:|1757786671
|move|p2a: Slowbro|Scald|p1a: Iron Valiant
|-damage|p1a: Iron Valiant|0 fnt
|faint|p1a: Iron Valiant
|-end|p1a: Iron Valiant|Quark Drive|[silent]
|
|upkeep
|
|t:|1757786677
|switch|p1a: Deoxys|Deoxys-Speed|41/100 brn
|-ability|p1a: Deoxys|Pressure
|turn|12
|
|t:|1757786679
|move|p2a: Slowbro|Scald|p1a: Deoxys
|-damage|p1a: Deoxys|0 fnt
|faint|p1a: Deoxys
|
|upkeep
|
|t:|1757786688
|switch|p1a: Kingambit|Kingambit, F|100/100
|-activate|p1a: Kingambit|ability: Supreme Overlord
|-start|p1a: Kingambit|fallen2|[silent]
|turn|13
|
|t:|1757786701
|switch|p2a: Mandibuzz|Mandibuzz, F|100/100
|move|p1a: Kingambit|Swords Dance|p1a: Kingambit
|-boost|p1a: Kingambit|atk|2
|
|upkeep
|turn|14
|
|t:|1757786706
|move|p2a: Mandibuzz|Foul Play|p1a: Kingambit
|-resisted|p1a: Kingambit
|-damage|p1a: Kingambit|61/100
|move|p1a: Kingambit|Iron Head|p2a: Mandibuzz
|-damage|p2a: Mandibuzz|42/100
|-damage|p1a: Kingambit|44/100|[from] item: Rocky Helmet|[of] p2a: Mandibuzz
|
|-fieldend|move: Trick Room
|upkeep
|turn|15
|
|t:|1757786713
|move|p1a: Kingambit|Iron Head|p2a: Mandibuzz
|-damage|p2a: Mandibuzz|0 fnt
|-damage|p1a: Kingambit|28/100|[from] item: Rocky Helmet|[of] p2a: Mandibuzz
|faint|p2a: Mandibuzz
|
|upkeep
|
|t:|1757786715
|switch|p2a: Hydreigon|Hydreigon, M|100/100
|turn|16
|
|t:|1757786718
|-end|p1a: Kingambit|fallen2|[silent]
|switch|p1a: Glimmora|Glimmora, F|100/100
|move|p2a: Hydreigon|Dark Pulse|p1a: Glimmora
|-damage|p1a: Glimmora|44/100
|
|upkeep
|turn|17
|
|t:|1757786743
|switch|p1a: Great Tusk|Great Tusk|100/100
|-enditem|p1a: Great Tusk|Booster Energy
|-activate|p1a: Great Tusk|ability: Protosynthesis|[fromitem]
|-start|p1a: Great Tusk|protosynthesisspe
|move|p2a: Hydreigon|Dark Pulse|p1a: Great Tusk
|-resisted|p1a: Great Tusk
|-damage|p1a: Great Tusk|72/100
|
|upkeep
|turn|18
|
|t:|1757786752
|switch|p2a: Slowbro|Slowbro, M|81/100
|move|p1a: Great Tusk|Head Smash|p2a: Slowbro|[miss]
|-miss|p1a: Great Tusk|p2a: Slowbro
|
|upkeep
|turn|19
|
|t:|1757786756
|move|p1a: Great Tusk|Bulk Up|p1a: Great Tusk
|-boost|p1a: Great Tusk|atk|1
|-boost|p1a: Great Tusk|def|1
|move|p2a: Slowbro|Scald|p1a: Great Tusk
|-supereffective|p1a: Great Tusk
|-damage|p1a: Great Tusk|0 fnt
|faint|p1a: Great Tusk
|-end|p1a: Great Tusk|Protosynthesis|[silent]
|
|upkeep
|
|t:|1757786762
|switch|p1a: Glimmora|Glimmora, F|44/100
|turn|20
|
|t:|1757786773
|move|p1a: Glimmora|Mortal Spin|p2a: Slowbro
|-damage|p2a: Slowbro|76/100
|-status|p2a: Slowbro|psn
|move|p2a: Slowbro|Scald|p1a: Glimmora
|-supereffective|p1a: Glimmora
|-damage|p1a: Glimmora|0 fnt
|faint|p1a: Glimmora
|
|-damage|p2a: Slowbro|64/100 psn|[from] psn
|upkeep
|
|t:|1757786776
|switch|p1a: Kingambit|Kingambit, F|28/100
|-activate|p1a: Kingambit|ability: Supreme Overlord
|-start|p1a: Kingambit|fallen4|[silent]
|turn|21
|
|t:|1757786780
|move|p1a: Kingambit|Swords Dance|p1a: Kingambit
|-boost|p1a: Kingambit|atk|2
|move|p2a: Slowbro|Scald|p1a: Kingambit
|-damage|p1a: Kingambit|0 fnt
|faint|p1a: Kingambit
|-end|p1a: Kingambit|fallen4|[silent]
|
|-damage|p2a: Slowbro|51/100 psn|[from] psn
|upkeep
|
|t:|1757786781
|switch|p1a: Dragonite|Dragonite, F|100/100
|turn|22
|
|t:|1757786784
|move|p1a: Dragonite|Substitute|p1a: Dragonite
|-start|p1a: Dragonite|Substitute
|-damage|p1a: Dragonite|76/100
|move|p2a: Slowbro|Psychic|p1a: Dragonite
|-end|p1a: Dragonite|Substitute
|
|-heal|p1a: Dragonite|82/100|[from] item: Leftovers
|-damage|p2a: Slowbro|39/100 psn|[from] psn
|upkeep
|turn|23
|
|t:|1757786790
|move|p1a: Dragonite|Dragon Dance|p1a: Dragonite
|-boost|p1a: Dragonite|atk|1
|-boost|p1a: Dragonite|spe|1
|move|p2a: Slowbro|Psychic|p1a: Dragonite
|-damage|p1a: Dragonite|37/100
|
|-heal|p1a: Dragonite|43/100|[from] item: Leftovers
|-damage|p2a: Slowbro|26/100 psn|[from] psn
|upkeep
|turn|24
|
|t:|1757786801
|-terastallize|p1a: Dragonite|Flying
|move|p1a: Dragonite|Dragon Dance|p1a: Dragonite
|-boost|p1a: Dragonite|atk|1
|-boost|p1a: Dragonite|spe|1
|move|p2a: Slowbro|Psychic|p1a: Dragonite
|-damage|p1a: Dragonite|0 fnt
|faint|p1a: Dragonite
|
|win|will-i-am2
|raw|AZ&apos;s Return's rating: 1326 &rarr; <strong>1310</strong><br />(-16 for losing)
|raw|will-i-am2's rating: 1400 &rarr; <strong>1416</strong><br />(+16 for winning)
|l|☆AZ's Return
|player|p1|
|l|☆will-i-am2
|player|p2|
