|j|☆BeachLeak
|j|☆sminey
|t:|1757822538
|gametype|singles
|player|p1|BeachLeak|archer|1592
|player|p2|sminey|170|1580
|gen|9
|tier|[Gen 9] OU
|rated|
|rule|HP Percentage Mod: HP is shown in percentages
|rule|Endless Battle Clause: Forcing endless battles is banned
|rule|Species Clause: Limit one of each Pokémon
|rule|OHKO Clause: OHKO moves are banned
|rule|Evasion Items Clause: Evasion items are banned
|rule|Evasion Moves Clause: Evasion moves are banned
|rule|Evasion Abilities Clause: Evasion abilities are banned
|rule|Sleep Moves Clause: Sleep-inducing moves are banned
|clearpoke
|poke|p1|Salamence, M|
|poke|p1|Tyranitar, M|
|poke|p1|Excadrill, F|
|poke|p1|Iron Crown|
|poke|p1|Azumarill, F|
|poke|p1|Zamazenta-*|
|poke|p2|Latios, M|
|poke|p2|Cinderace, F|
|poke|p2|Weavile, M|
|poke|p2|Zapdos|
|poke|p2|Clefable, M|
|poke|p2|Slowking-Galar, M|
|teampreview
|
|t:|1757822548
|teamsize|p1|6
|teamsize|p2|6
|start
|switch|p1a: Iron Crown|Iron Crown|100/100
|switch|p2a: Cinderace|Cinderace, F|100/100
|turn|1
|
|t:|1757822553
|move|p1a: Iron Crown|Volt Switch|p2a: Cinderace
|-damage|p2a: Cinderace|65/100
|
|t:|1757822556
|-end|p1a: Iron Crown|Quark Drive|[silent]
|switch|p1a: Sherbet|Salamence, M, shiny|100/100|[from] Volt Switch
|-ability|p1a: Sherbet|Intimidate|boost
|-unboost|p2a: Cinderace|atk|1
|move|p2a: Cinderace|U-turn|p1a: Sherbet
|-start|p2a: Cinderace|typechange|Bug|[from] ability: Libero
|-resisted|p1a: Sherbet
|-crit|p1a: Sherbet
|-damage|p1a: Sherbet|71/100
|inactive|Battle timer is ON: inactive players will automatically lose when time's up. (requested by BeachLeak)
|
|t:|1757822569
|switch|p2a: Latios|Latios, M|100/100|[from] U-turn
|
|upkeep
|turn|2
|
|t:|1757822574
|move|p2a: Latios|Draco Meteor|p1a: Sherbet
|-supereffective|p1a: Sherbet
|-damage|p1a: Sherbet|0 fnt
|-unboost|p2a: Latios|spa|2
|faint|p1a: Sherbet
|
|upkeep
|
|t:|1757822580
|switch|p1a: Tyranitar|Tyranitar, M, shiny|100/100
|-weather|Sandstorm|[from] ability: Sand Stream|[of] p1a: Tyranitar
|turn|3
|
|t:|1757822587
|switch|p2a: Clefable|Clefable, M|100/100
|move|p1a: Tyranitar|Stone Edge|p2a: Clefable
|-damage|p2a: Clefable|39/100
|
|-weather|Sandstorm|[upkeep]
|-damage|p2a: Clefable|33/100|[from] Sandstorm
|upkeep
|turn|4
|
|t:|1757822594
|move|p1a: Tyranitar|Stone Edge|p2a: Clefable|[miss]
|-miss|p1a: Tyranitar|p2a: Clefable
|move|p2a: Clefable|Knock Off|p1a: Tyranitar
|-resisted|p1a: Tyranitar
|-damage|p1a: Tyranitar|94/100
|-enditem|p1a: Tyranitar|Choice Band|[from] move: Knock Off|[of] p2a: Clefable
|
|-weather|Sandstorm|[upkeep]
|-damage|p2a: Clefable|27/100|[from] Sandstorm
|upkeep
|turn|5
|
|t:|1757822616
|move|p1a: Tyranitar|Stone Edge|p2a: Clefable
|-damage|p2a: Clefable|0 fnt
|faint|p2a: Clefable
|
|-weather|Sandstorm|[upkeep]
|upkeep
|
|t:|1757822619
|switch|p2a: Cinderace|Cinderace, F|65/100
|turn|6
|
|t:|1757822634
|move|p2a: Cinderace|U-turn|p1a: Tyranitar
|-start|p2a: Cinderace|typechange|Bug|[from] ability: Libero
|-supereffective|p1a: Tyranitar
|-damage|p1a: Tyranitar|30/100
|
|t:|1757822645
|switch|p2a: Zapdos|Zapdos|100/100|[from] U-turn
|move|p1a: Tyranitar|Stone Edge|p2a: Zapdos|[miss]
|-miss|p1a: Tyranitar|p2a: Zapdos
|
|-weather|Sandstorm|[upkeep]
|-damage|p2a: Zapdos|94/100|[from] Sandstorm
|upkeep
|turn|7
|
|t:|1757822651
|move|p2a: Zapdos|Volt Switch|p1a: Tyranitar
|-damage|p1a: Tyranitar|9/100
|
|t:|1757822657
|switch|p2a: Slowking|Slowking-Galar, M|100/100|[from] Volt Switch
|move|p1a: Tyranitar|Stone Edge|p2a: Slowking
|-damage|p2a: Slowking|43/100
|
|-weather|none
|upkeep
|turn|8
|
|t:|1757822671
|move|p1a: Tyranitar|Knock Off|p2a: Slowking
|-supereffective|p2a: Slowking
|-damage|p2a: Slowking|0 fnt
|-enditem|p2a: Slowking|Assault Vest|[from] move: Knock Off|[of] p1a: Tyranitar
|faint|p2a: Slowking
|
|upkeep
|
|t:|1757822686
|switch|p2a: Cinderace|Cinderace, F|65/100
|turn|9
|
|t:|1757822692
|switch|p1a: Zamazenta|Zamazenta|100/100
|-ability|p1a: Zamazenta|Dauntless Shield|boost
|-boost|p1a: Zamazenta|def|1
|move|p2a: Cinderace|Pyro Ball|p1a: Zamazenta|[miss]
|-miss|p2a: Cinderace|p1a: Zamazenta
|
|upkeep
|turn|10
|
|t:|1757822699
|switch|p2a: Zapdos|Zapdos|94/100
|move|p1a: Zamazenta|Stone Edge|p2a: Zapdos
|-supereffective|p2a: Zapdos
|-damage|p2a: Zapdos|35/100
|-damage|p1a: Zamazenta|91/100|[from] item: Life Orb
|
|upkeep
|turn|11
|
|t:|1757822703
|switch|p2a: Latios|Latios, M|100/100
|move|p1a: Zamazenta|Stone Edge|p2a: Latios|[miss]
|-miss|p1a: Zamazenta|p2a: Latios
|
|upkeep
|turn|12
|j| LuLuNaNaRaRa
|
|t:|1757822715
|switch|p1a: Tyranitar|Tyranitar, M, shiny|9/100
|-weather|Sandstorm|[from] ability: Sand Stream|[of] p1a: Tyranitar
|move|p2a: Latios|Luster Purge|p1a: Tyranitar
|-immune|p1a: Tyranitar
|
|-weather|Sandstorm|[upkeep]
|-damage|p2a: Latios|95/100|[from] Sandstorm
|upkeep
|turn|13
|
|t:|1757822723
|switch|p2a: Zapdos|Zapdos|35/100
|move|p1a: Tyranitar|Stone Edge|p2a: Zapdos
|-supereffective|p2a: Zapdos
|-damage|p2a: Zapdos|0 fnt
|faint|p2a: Zapdos
|
|-weather|Sandstorm|[upkeep]
|upkeep
|
|t:|1757822725
|switch|p2a: Cinderace|Cinderace, F|65/100
|turn|14
|
|t:|1757822728
|switch|p1a: Zamazenta|Zamazenta|91/100
|move|p2a: Cinderace|Pyro Ball|p1a: Zamazenta
|-damage|p1a: Zamazenta|41/100
|
|-weather|Sandstorm|[upkeep]
|-damage|p1a: Zamazenta|35/100|[from] Sandstorm
|-damage|p2a: Cinderace|59/100|[from] Sandstorm
|upkeep
|turn|15
|
|t:|1757822739
|switch|p2a: Latios|Latios, M|95/100
|move|p1a: Zamazenta|Close Combat|p2a: Latios
|-resisted|p2a: Latios
|-damage|p2a: Latios|39/100
|-unboost|p1a: Zamazenta|def|1
|-unboost|p1a: Zamazenta|spd|1
|-damage|p1a: Zamazenta|25/100|[from] item: Life Orb
|
|-weather|Sandstorm|[upkeep]
|-damage|p2a: Latios|33/100|[from] Sandstorm
|-damage|p1a: Zamazenta|19/100|[from] Sandstorm
|upkeep
|turn|16
|
|t:|1757822745
|move|p2a: Latios|Flip Turn|p1a: Zamazenta
|-damage|p1a: Zamazenta|4/100
|
|t:|1757822748
|switch|p2a: Weavile|Weavile, M|100/100|[from] Flip Turn
|-ability|p2a: Weavile|Pressure
|move|p1a: Zamazenta|Close Combat|p2a: Weavile
|-supereffective|p2a: Weavile
|-damage|p2a: Weavile|0 fnt
|-unboost|p1a: Zamazenta|def|1
|-unboost|p1a: Zamazenta|spd|1
|faint|p2a: Weavile
|-damage|p1a: Zamazenta|0 fnt|[from] item: Life Orb
|faint|p1a: Zamazenta
|
|-weather|none
|upkeep
|
|t:|1757822758
|switch|p1a: Tyranitar|Tyranitar, M, shiny|9/100
|switch|p2a: Cinderace|Cinderace, F|59/100
|-weather|Sandstorm|[from] ability: Sand Stream|[of] p1a: Tyranitar
|turn|17
|
|t:|1757822763
|move|p2a: Cinderace|Pyro Ball|p1a: Tyranitar
|-resisted|p1a: Tyranitar
|-crit|p1a: Tyranitar
|-damage|p1a: Tyranitar|0 fnt
|faint|p1a: Tyranitar
|
|-weather|Sandstorm|[upkeep]
|-damage|p2a: Cinderace|53/100|[from] Sandstorm
|upkeep
|
|t:|1757822765
|switch|p1a: Excadrill|Excadrill, F|100/100
|-item|p1a: Excadrill|Air Balloon
|turn|18
|
|t:|1757822775
|move|p2a: Cinderace|Sucker Punch|p1a: Excadrill
|-start|p2a: Cinderace|typechange|Dark|[from] ability: Libero
|-damage|p1a: Excadrill|53/100
|-enditem|p1a: Excadrill|Air Balloon
|move|p1a: Excadrill|Earthquake|p2a: Cinderace
|-damage|p2a: Cinderace|0 fnt
|faint|p2a: Cinderace
|
|-weather|Sandstorm|[upkeep]
|upkeep
|
|t:|1757822782
|switch|p2a: Latios|Latios, M|33/100
|turn|19
|
|t:|1757822786
|-terastallize|p2a: Latios|Steel
|move|p1a: Excadrill|Iron Head|p2a: Latios
|-resisted|p2a: Latios
|-damage|p2a: Latios|4/100
|move|p2a: Latios|Trick|p1a: Excadrill
|-activate|p2a: Latios|move: Trick|[of] p1a: Excadrill
|-item|p1a: Excadrill|Choice Scarf|[from] move: Trick
|-enditem|p2a: Latios|Choice Scarf|[silent]|[from] move: Trick
|
|-weather|Sandstorm|[upkeep]
|upkeep
|turn|20
|
|t:|1757822794
|move|p1a: Excadrill|Iron Head|p2a: Latios
|-resisted|p2a: Latios
|-damage|p2a: Latios|0 fnt
|faint|p2a: Latios
|
|win|BeachLeak
|raw|BeachLeak's rating: 1592 &rarr; <strong>1611</strong><br />(+19 for winning)
|raw|sminey's rating: 1580 &rarr; <strong>1561</strong><br />(-19 for losing)
|l|☆sminey
|player|p2|
|l|☆BeachLeak
|player|p1|
