|j|☆Ostenberg
|j|☆y TX ya en el
|t:|1757827675
|gametype|singles
|player|p1|Ostenberg|265|1102
|player|p2|y TX ya en el|hiker-gen4|1077
|gen|9
|tier|[Gen 9] OU
|rated|
|rule|HP Percentage Mod: HP is shown in percentages
|rule|Endless Battle Clause: Forcing endless battles is banned
|rule|Species Clause: Limit one of each Pokémon
|rule|OHKO Clause: OHKO moves are banned
|rule|Evasion Items Clause: Evasion items are banned
|rule|Evasion Moves Clause: Evasion moves are banned
|rule|Evasion Abilities Clause: Evasion abilities are banned
|rule|Sleep Moves Clause: Sleep-inducing moves are banned
|clearpoke
|poke|p1|Serperior, M|
|poke|p1|Darkrai|
|poke|p1|Metagross|
|poke|p1|Gyarados, F|
|poke|p1|Blaziken, F|
|poke|p1|Scizor, M|
|poke|p2|Meowscarada, F|
|poke|p2|Tsareena, F|
|poke|p2|Gardevoir, F|
|poke|p2|Hatterene, F|
|poke|p2|Salazzle, F|
|poke|p2|Tinkaton, F|
|teampreview
|
|t:|1757827690
|teamsize|p1|6
|teamsize|p2|6
|start
|switch|p1a: Metagross|Metagross|100/100
|switch|p2a: Gardevoir|Gardevoir, F, shiny|100/100
|-ability|p2a: Gardevoir|Clear Body|Trace|[from] ability: Trace|[of] p1a: Metagross
|turn|1
|
|t:|1757827711
|switch|p2a: Salazzle|Salazzle, F, shiny|100/100
|move|p1a: Metagross|Heavy Slam|p2a: Salazzle
|-resisted|p2a: Salazzle
|-damage|p2a: Salazzle|37/100
|
|upkeep
|turn|2
|
|t:|1757827729
|move|p1a: Metagross|Bullet Punch|p2a: Salazzle
|-resisted|p2a: Salazzle
|-damage|p2a: Salazzle|13/100
|move|p2a: Salazzle|Fire Blast|p1a: Metagross
|-supereffective|p1a: Metagross
|-damage|p1a: Metagross|0 fnt
|faint|p1a: Metagross
|
|upkeep
|
|t:|1757827748
|switch|p1a: Scizor|Scizor, M|100/100
|turn|3
|
|t:|1757827763
|switch|p2a: Tsareena|Tsareena, F, shiny|100/100
|move|p1a: Scizor|Swords Dance|p1a: Scizor
|-boost|p1a: Scizor|atk|2
|
|upkeep
|turn|4
|
|t:|1757827775
|-terastallize|p2a: Tsareena|Steel
|move|p2a: Tsareena|High Jump Kick|p1a: Scizor|[miss]
|-miss|p2a: Tsareena|p1a: Scizor
|-damage|p2a: Tsareena|50/100|[from] highjumpkick
|move|p1a: Scizor|Dual Wingbeat|p2a: Tsareena
|-resisted|p2a: Tsareena
|-damage|p2a: Tsareena|27/100
|-resisted|p2a: Tsareena
|-damage|p2a: Tsareena|3/100
|-hitcount|p2a: Tsareena|2
|
|upkeep
|turn|5
|
|t:|1757827787
|move|p1a: Scizor|Bullet Punch||[still]
|cant|p2a: Tsareena|ability: Queenly Majesty|Bullet Punch|[of] p1a: Scizor
|move|p2a: Tsareena|High Jump Kick|p1a: Scizor
|-damage|p1a: Scizor|53/100
|-damage|p2a: Tsareena|0 fnt|[from] item: Rocky Helmet|[of] p1a: Scizor
|faint|p2a: Tsareena
|
|upkeep
|-message|y TX ya en el forfeited.
|
|win|Ostenberg
|raw|Ostenberg's rating: 1102 &rarr; <strong>1125</strong><br />(+23 for winning)
|raw|y TX ya en el's rating: 1077 &rarr; <strong>1057</strong><br />(-20 for losing)
|l|☆y TX ya en el
|player|p2|
|l|☆Ostenberg
|player|p1|
