|j|☆P38
|j|☆scaming4life
|t:|1757818471
|gametype|singles
|player|p1|P38|101|1481
|player|p2|scaming4life|169|1457
|gen|9
|tier|[Gen 9] OU
|rated|
|rule|HP Percentage Mod: HP is shown in percentages
|rule|Endless Battle Clause: Forcing endless battles is banned
|rule|Species Clause: Limit one of each Pokémon
|rule|OHKO Clause: OHKO moves are banned
|rule|Evasion Items Clause: Evasion items are banned
|rule|Evasion Moves Clause: Evasion moves are banned
|rule|Evasion Abilities Clause: Evasion abilities are banned
|rule|Sleep Moves Clause: Sleep-inducing moves are banned
|clearpoke
|poke|p1|Alomomola, M|
|poke|p1|Dragalge, F|
|poke|p1|Lokix, F|
|poke|p1|Great Tusk|
|poke|p1|Gholdengo|
|poke|p1|Moltres|
|poke|p2|Magnezone|
|poke|p2|Polteageist|
|poke|p2|Kommo-o, F|
|poke|p2|Moltres-Galar|
|poke|p2|Azelf|
|poke|p2|Ninetales-Alola, M|
|teampreview
|inactive|Battle timer is ON: inactive players will automatically lose when time's up. (requested by scaming4life)
|inactive|scaming4life has 120 seconds left.
|
|t:|1757818515
|teamsize|p1|6
|teamsize|p2|6
|start
|switch|p1a: Dragalge|Dragalge, F|100/100
|switch|p2a: Azelf|Azelf|100/100
|turn|1
|inactive|scaming4life has 120 seconds left.
|inactive|scaming4life has 90 seconds left.
|inactive|scaming4life has 60 seconds left.
|
|t:|1757818616
|switch|p1a: Gholdengo|Gholdengo|100/100
|move|p2a: Azelf|Stealth Rock|p1a: Gholdengo
|-sidestart|p1: P38|move: Stealth Rock
|
|upkeep
|turn|2
|
|t:|1757818627
|switch|p2a: Magnezone|Magnezone|100/100
|move|p1a: Gholdengo|Shadow Ball|p2a: Magnezone
|-damage|p2a: Magnezone|52/100
|
|upkeep
|turn|3
|
|t:|1757818633
|move|p1a: Gholdengo|Shadow Ball|p2a: Magnezone
|-damage|p2a: Magnezone|5/100
|move|p2a: Magnezone|Steel Beam|p1a: Gholdengo
|-resisted|p1a: Gholdengo
|-damage|p1a: Gholdengo|2/100
|-damage|p2a: Magnezone|0 fnt|[from] steelbeam
|faint|p2a: Magnezone
|
|upkeep
|
|t:|1757818646
|switch|p2a: Moltres|Moltres-Galar, shiny|100/100
|turn|4
|
|t:|1757818649
|move|p1a: Gholdengo|Shadow Ball|p2a: Moltres
|-resisted|p2a: Moltres
|-damage|p2a: Moltres|81/100
|move|p2a: Moltres|Agility|p2a: Moltres
|-boost|p2a: Moltres|spe|2
|
|upkeep
|turn|5
|
|t:|1757818655
|move|p2a: Moltres|Nasty Plot|p2a: Moltres
|-boost|p2a: Moltres|spa|2
|move|p1a: Gholdengo|Shadow Ball|p2a: Moltres
|-resisted|p2a: Moltres
|-damage|p2a: Moltres|62/100
|
|upkeep
|turn|6
|
|t:|1757818664
|move|p2a: Moltres|Fiery Wrath|p1a: Gholdengo
|-supereffective|p1a: Gholdengo
|-damage|p1a: Gholdengo|0 fnt
|faint|p1a: Gholdengo
|
|upkeep
|
|t:|1757818668
|switch|p1a: Lokix|Lokix, F|100/100
|-damage|p1a: Lokix|76/100|[from] Stealth Rock
|turn|7
|
|t:|1757818674
|move|p1a: Lokix|First Impression|p2a: Moltres
|-damage|p2a: Moltres|0 fnt
|faint|p2a: Moltres
|
|upkeep
|
|t:|1757818677
|switch|p2a: Azelf|Azelf|100/100
|turn|8
|inactive|scaming4life has 90 seconds left.
|
|t:|1757818685
|switch|p1a: Alomomola|Alomomola, M|100/100
|-damage|p1a: Alomomola|88/100|[from] Stealth Rock
|move|p2a: Azelf|Explosion|p1a: Alomomola
|-damage|p1a: Alomomola|28/100
|faint|p2a: Azelf
|
|upkeep
|inactive|scaming4life has 90 seconds left.
|
|t:|1757818691
|switch|p2a: Ninetales|Ninetales-Alola, M|100/100
|-weather|Snowscape|[from] ability: Snow Warning|[of] p2a: Ninetales
|turn|9
|
|t:|1757818697
|move|p2a: Ninetales|Aurora Veil|p2a: Ninetales
|-sidestart|p2: scaming4life|move: Aurora Veil
|move|p1a: Alomomola|Flip Turn|p2a: Ninetales
|-damage|p2a: Ninetales|92/100
|-enditem|p2a: Ninetales|Eject Button
|
|t:|1757818704
|switch|p2a: Kommo-o|Kommo-o, F|100/100
|
|-weather|Snowscape|[upkeep]
|upkeep
|turn|10
|
|t:|1757818708
|move|p2a: Kommo-o|Clangorous Soul|p2a: Kommo-o
|-boost|p2a: Kommo-o|atk|1
|-boost|p2a: Kommo-o|def|1
|-boost|p2a: Kommo-o|spa|1
|-boost|p2a: Kommo-o|spd|1
|-boost|p2a: Kommo-o|spe|1
|-damage|p2a: Kommo-o|68/100
|-enditem|p2a: Kommo-o|Throat Spray
|-boost|p2a: Kommo-o|spa|1|[from] item: Throat Spray
|move|p1a: Alomomola|Scald|p2a: Kommo-o
|-resisted|p2a: Kommo-o
|-damage|p2a: Kommo-o|65/100
|
|-weather|Snowscape|[upkeep]
|upkeep
|turn|11
|
|t:|1757818718
|move|p2a: Kommo-o|Boomburst|p1a: Alomomola
|-damage|p1a: Alomomola|0 fnt
|faint|p1a: Alomomola
|
|-weather|Snowscape|[upkeep]
|upkeep
|
|t:|1757818725
|switch|p1a: Dragalge|Dragalge, F|100/100
|-damage|p1a: Dragalge|88/100|[from] Stealth Rock
|turn|12
|
|t:|1757818732
|move|p2a: Kommo-o|Clanging Scales|p1a: Dragalge
|-supereffective|p1a: Dragalge
|-damage|p1a: Dragalge|0 fnt
|faint|p1a: Dragalge
|-unboost|p2a: Kommo-o|def|1
|
|-weather|Snowscape|[upkeep]
|upkeep
|
|t:|1757818737
|switch|p1a: Moltres|Moltres|100/100
|turn|13
|
|t:|1757818743
|move|p2a: Kommo-o|Clanging Scales|p1a: Moltres
|-damage|p1a: Moltres|30/100
|-unboost|p2a: Kommo-o|def|1
|move|p1a: Moltres|Roar|p2a: Kommo-o
|-immune|p2a: Kommo-o|[from] ability: Soundproof
|
|-weather|none
|-sideend|p2: scaming4life|move: Aurora Veil
|upkeep
|turn|14
|
|t:|1757818750
|-terastallize|p1a: Moltres|Fairy
|move|p2a: Kommo-o|Boomburst|p1a: Moltres
|-damage|p1a: Moltres|0 fnt
|faint|p1a: Moltres
|
|upkeep
|-message|P38 forfeited.
|
|win|scaming4life
|raw|P38's rating: 1481 &rarr; <strong>1460</strong><br />(-21 for losing)
|raw|scaming4life's rating: 1457 &rarr; <strong>1478</strong><br />(+21 for winning)
|l|☆P38
|player|p1|
|l|☆scaming4life
|player|p2|
