|j|☆henry151th
|j|☆Obito 2001
|t:|1757927244
|gametype|singles
|player|p1|henry151th|wallace|1548
|player|p2|Obito 2001|blue-gen3two|1564
|gen|9
|tier|[Gen 9] OU
|rated|
|rule|HP Percentage Mod: HP is shown in percentages
|rule|Endless Battle Clause: Forcing endless battles is banned
|rule|Species Clause: Limit one of each Pokémon
|rule|OHKO Clause: OHKO moves are banned
|rule|Evasion Items Clause: Evasion items are banned
|rule|Evasion Moves Clause: Evasion moves are banned
|rule|Evasion Abilities Clause: Evasion abilities are banned
|rule|Sleep Moves Clause: Sleep-inducing moves are banned
|clearpoke
|poke|p1|Raging Bolt|
|poke|p1|Iron Treads|
|poke|p1|Ting-Lu|
|poke|p1|Gholdengo|
|poke|p1|Zamazenta-*|
|poke|p1|Tornadus-Therian, M|
|poke|p2|Dragapult, F|
|poke|p2|Muk-Alola, F|
|poke|p2|Enamorus, F|
|poke|p2|Samurott-Hisui, F|
|poke|p2|Cinderace, F|
|poke|p2|Iron Treads|
|teampreview
|inactive|Battle timer is ON: inactive players will automatically lose when time's up. (requested by Obito 2001)
|inactive|henry151th has 120 seconds left.
|inactive|henry151th has 90 seconds left.
|j| cris peacock
|
|t:|1757927333
|teamsize|p1|6
|teamsize|p2|6
|start
|switch|p1a: Ting-Lu|Ting-Lu|100/100
|switch|p2a: BunnyGirlSenpai|Cinderace, F|100/100
|-ability|p1a: Ting-Lu|Vessel of Ruin
|turn|1
|
|t:|1757927337
|move|p2a: BunnyGirlSenpai|U-turn|p1a: Ting-Lu
|-start|p2a: BunnyGirlSenpai|typechange|Bug|[from] ability: Libero
|-supereffective|p1a: Ting-Lu
|-damage|p1a: Ting-Lu|51/100
|-enditem|p1a: Ting-Lu|Weakness Policy
|-boost|p1a: Ting-Lu|atk|2|[from] item: Weakness Policy
|-boost|p1a: Ting-Lu|spa|2|[from] item: Weakness Policy
|
|t:|1757927341
|switch|p2a: Enamorus|Enamorus, F|100/100|[from] U-turn
|move|p1a: Ting-Lu|Earthquake|p2a: Enamorus
|-immune|p2a: Enamorus
|
|upkeep
|turn|2
|
|t:|1757927350
|move|p2a: Enamorus|Moonblast|p1a: Ting-Lu
|-supereffective|p1a: Ting-Lu
|-damage|p1a: Ting-Lu|0 fnt
|faint|p1a: Ting-Lu
|
|upkeep
|
|t:|1757927352
|switch|p1a: Iron Treads|Iron Treads|100/100
|-enditem|p1a: Iron Treads|Booster Energy
|-activate|p1a: Iron Treads|ability: Quark Drive|[fromitem]
|-start|p1a: Iron Treads|quarkdrivespe
|turn|3
|
|t:|1757927363
|move|p1a: Iron Treads|Earthquake|p2a: Enamorus
|-immune|p2a: Enamorus
|move|p2a: Enamorus|Moonblast|p1a: Iron Treads
|-resisted|p1a: Iron Treads
|-damage|p1a: Iron Treads|50/100
|
|upkeep
|turn|4
|
|t:|1757927370
|move|p1a: Iron Treads|Ice Spinner|p2a: Enamorus
|-supereffective|p2a: Enamorus
|-damage|p2a: Enamorus|19/100
|move|p2a: Enamorus|Moonblast|p1a: Iron Treads
|-resisted|p1a: Iron Treads
|-damage|p1a: Iron Treads|0 fnt
|faint|p1a: Iron Treads
|-end|p1a: Iron Treads|Quark Drive|[silent]
|
|upkeep
|
|t:|1757927374
|switch|p1a: Tornadus|Tornadus-Therian, M|100/100
|turn|5
|
|t:|1757927379
|switch|p2a: Mecha Donphan|Iron Treads|100/100
|move|p1a: Tornadus|Bleakwind Storm|p2a: Mecha Donphan|[miss]
|-miss|p1a: Tornadus|p2a: Mecha Donphan
|
|upkeep
|turn|6
|
|t:|1757927383
|move|p1a: Tornadus|Focus Blast|p2a: Mecha Donphan
|-supereffective|p2a: Mecha Donphan
|-damage|p2a: Mecha Donphan|0 fnt
|faint|p2a: Mecha Donphan
|-end|p2a: Mecha Donphan|Quark Drive|[silent]
|-damage|p1a: Tornadus|91/100|[from] item: Life Orb
|
|upkeep
|
|t:|1757927388
|switch|p2a: DraGhost|Dragapult, F|100/100
|turn|7
|
|t:|1757927392
|move|p2a: DraGhost|Draco Meteor|p1a: Tornadus
|-damage|p1a: Tornadus|0 fnt
|-unboost|p2a: DraGhost|spa|2
|faint|p1a: Tornadus
|
|upkeep
|
|t:|1757927396
|switch|p1a: Gholdengo|Gholdengo|100/100
|-item|p1a: Gholdengo|Air Balloon
|turn|8
|
|t:|1757927399
|switch|p2a: Muk|Muk-Alola, F, shiny|100/100
|move|p1a: Gholdengo|Nasty Plot|p1a: Gholdengo
|-boost|p1a: Gholdengo|spa|2
|
|upkeep
|turn|9
|
|t:|1757927402
|move|p1a: Gholdengo|Make It Rain|p2a: Muk
|-damage|p2a: Muk|31/100
|-unboost|p1a: Gholdengo|spa|1
|move|p2a: Muk|Knock Off|p1a: Gholdengo
|-supereffective|p1a: Gholdengo
|-damage|p1a: Gholdengo|28/100
|-enditem|p1a: Gholdengo|Air Balloon
|
|upkeep
|turn|10
|
|t:|1757927407
|move|p1a: Gholdengo|Make It Rain|p2a: Muk
|-damage|p2a: Muk|0 fnt
|-unboost|p1a: Gholdengo|spa|1
|faint|p2a: Muk
|
|upkeep
|
|t:|1757927413
|switch|p2a: DraGhost|Dragapult, F|100/100
|turn|11
|
|t:|1757927415
|move|p2a: DraGhost|Shadow Ball|p1a: Gholdengo
|-supereffective|p1a: Gholdengo
|-damage|p1a: Gholdengo|0 fnt
|faint|p1a: Gholdengo
|
|upkeep
|
|t:|1757927418
|switch|p1a: Raging Bolt|Raging Bolt|100/100
|-enditem|p1a: Raging Bolt|Booster Energy
|-activate|p1a: Raging Bolt|ability: Protosynthesis|[fromitem]
|-start|p1a: Raging Bolt|protosynthesisspa
|turn|12
|
|t:|1757927420
|switch|p2a: Enamorus|Enamorus, F|19/100
|move|p1a: Raging Bolt|Calm Mind|p1a: Raging Bolt
|-boost|p1a: Raging Bolt|spa|1
|-boost|p1a: Raging Bolt|spd|1
|
|upkeep
|turn|13
|
|t:|1757927433
|move|p1a: Raging Bolt|Thunderclap|p2a: Enamorus
|-supereffective|p2a: Enamorus
|-damage|p2a: Enamorus|0 fnt
|faint|p2a: Enamorus
|
|upkeep
|
|t:|1757927436
|switch|p2a: BunnyGirlSenpai|Cinderace, F|100/100
|turn|14
|
|t:|1757927439
|move|p1a: Raging Bolt|Thunderclap|p2a: BunnyGirlSenpai
|-damage|p2a: BunnyGirlSenpai|0 fnt
|faint|p2a: BunnyGirlSenpai
|
|upkeep
|
|t:|1757927448
|switch|p2a: DraGhost|Dragapult, F|100/100
|turn|15
|
|t:|1757927451
|-terastallize|p1a: Raging Bolt|Fairy
|move|p2a: DraGhost|Draco Meteor|p1a: Raging Bolt
|-immune|p1a: Raging Bolt
|move|p1a: Raging Bolt|Dragon Pulse|p2a: DraGhost
|-supereffective|p2a: DraGhost
|-damage|p2a: DraGhost|0 fnt
|faint|p2a: DraGhost
|
|upkeep
|-message|Obito 2001 forfeited.
|
|win|henry151th
|raw|henry151th's rating: 1548 &rarr; <strong>1569</strong><br />(+21 for winning)
|raw|Obito 2001's rating: 1564 &rarr; <strong>1543</strong><br />(-21 for losing)
|l|☆Obito 2001
|player|p2|
|l|☆henry151th
|player|p1|
|l| cris peacock
