|j|☆Voldemort8
|j|☆Dracorex_Craneus
|t:|1757909577
|gametype|singles
|player|p1|Voldemort8|102|1350
|player|p2|Dracorex_Craneus|clay|1288
|gen|9
|tier|[Gen 9] OU
|rated|
|rule|HP Percentage Mod: HP is shown in percentages
|rule|Endless Battle Clause: Forcing endless battles is banned
|rule|Species Clause: Limit one of each Pokémon
|rule|OHKO Clause: OHKO moves are banned
|rule|Evasion Items Clause: Evasion items are banned
|rule|Evasion Moves Clause: Evasion moves are banned
|rule|Evasion Abilities Clause: Evasion abilities are banned
|rule|Sleep Moves Clause: Sleep-inducing moves are banned
|clearpoke
|poke|p1|Goodra-Hisui, F|
|poke|p1|Corviknight, M|
|poke|p1|Zapdos|
|poke|p1|Landorus-Therian, M|
|poke|p1|Ogerpon-Wellspring, F|
|poke|p1|Weavile, F|
|poke|p2|Araquanid, M|
|poke|p2|Scizor, M|
|poke|p2|Yanmega, M|
|poke|p2|Slither Wing|
|poke|p2|Galvantula, M|
|poke|p2|Lokix, M|
|teampreview
|inactive|Battle timer is ON: inactive players will automatically lose when time's up. (requested by Dracorex_Craneus)
|
|t:|1757909603
|teamsize|p1|6
|teamsize|p2|6
|start
|switch|p1a: Zapdos|Zapdos, shiny|100/100
|switch|p2a: Galvantula|Galvantula, M|100/100
|turn|1
|c|☆Voldemort8|bug team
|
|t:|1757909630
|move|p2a: Galvantula|Sticky Web|p1a: Zapdos
|-sidestart|p1: Voldemort8|move: Sticky Web
|move|p1a: Zapdos|Heat Wave|p2a: Galvantula
|-supereffective|p2a: Galvantula
|-enditem|p2a: Galvantula|Focus Sash
|-damage|p2a: Galvantula|1/100
|
|upkeep
|turn|2
|
|t:|1757909635
|move|p2a: Galvantula|Thunder|p1a: Zapdos
|-damage|p1a: Zapdos|69/100
|move|p1a: Zapdos|Volt Switch|p2a: Galvantula
|-resisted|p2a: Galvantula
|-damage|p2a: Galvantula|0 fnt
|faint|p2a: Galvantula
|
|t:|1757909640
|switch|p1a: Corviknight|Corviknight, M, shiny|100/100|[from] Volt Switch
|
|upkeep
|inactive|Dracorex_Craneus has 120 seconds left.
|
|t:|1757909666
|switch|p2a: Slither Wing|Slither Wing|100/100
|-enditem|p2a: Slither Wing|Booster Energy
|-activate|p2a: Slither Wing|ability: Protosynthesis|[fromitem]
|-start|p2a: Slither Wing|protosynthesisatk
|turn|3
|
|t:|1757909672
|move|p2a: Slither Wing|Bulk Up|p2a: Slither Wing
|-boost|p2a: Slither Wing|atk|1
|-boost|p2a: Slither Wing|def|1
|move|p1a: Corviknight|Brave Bird|p2a: Slither Wing
|-supereffective|p2a: Slither Wing
|-damage|p2a: Slither Wing|0 fnt
|faint|p2a: Slither Wing
|-end|p2a: Slither Wing|Protosynthesis|[silent]
|-damage|p1a: Corviknight|75/100|[from] Recoil
|
|upkeep
|inactive|Dracorex_Craneus has 120 seconds left.
|
|t:|1757909689
|switch|p2a: Scizor|Scizor, M|100/100
|turn|4
|
|t:|1757909693
|move|p2a: Scizor|Swords Dance|p2a: Scizor
|-boost|p2a: Scizor|atk|2
|move|p1a: Corviknight|U-turn|p2a: Scizor
|-resisted|p2a: Scizor
|-damage|p2a: Scizor|92/100
|
|t:|1757909700
|switch|p1a: Zapdos|Zapdos, shiny|69/100|[from] U-turn
|
|upkeep
|turn|5
|
|t:|1757909709
|move|p1a: Zapdos|Heat Wave|p2a: Scizor
|-supereffective|p2a: Scizor
|-damage|p2a: Scizor|0 fnt
|faint|p2a: Scizor
|
|upkeep
|
|t:|1757909713
|switch|p2a: Yanmega|Yanmega, M|100/100
|turn|6
|
|t:|1757909717
|-terastallize|p2a: Yanmega|Ground
|move|p2a: Yanmega|Bug Buzz|p1a: Zapdos
|-resisted|p1a: Zapdos
|-crit|p1a: Zapdos
|-damage|p1a: Zapdos|45/100
|-enditem|p2a: Yanmega|Throat Spray
|-boost|p2a: Yanmega|spa|1|[from] item: Throat Spray
|move|p1a: Zapdos|Heat Wave|p2a: Yanmega
|-damage|p2a: Yanmega|50/100
|
|-ability|p2a: Yanmega|Speed Boost|boost
|-boost|p2a: Yanmega|spe|1
|upkeep
|turn|7
|
|t:|1757909726
|move|p2a: Yanmega|Air Slash|p1a: Zapdos
|-resisted|p1a: Zapdos
|-damage|p1a: Zapdos|27/100
|cant|p1a: Zapdos|flinch
|
|-ability|p2a: Yanmega|Speed Boost|boost
|-boost|p2a: Yanmega|spe|1
|upkeep
|turn|8
|
|t:|1757909729
|move|p2a: Yanmega|Air Slash|p1a: Zapdos
|-resisted|p1a: Zapdos
|-damage|p1a: Zapdos|8/100
|move|p1a: Zapdos|Roost|p1a: Zapdos
|-heal|p1a: Zapdos|58/100
|-singleturn|p1a: Zapdos|move: Roost
|
|-ability|p2a: Yanmega|Speed Boost|boost
|-boost|p2a: Yanmega|spe|1
|upkeep
|turn|9
|
|t:|1757909732
|move|p2a: Yanmega|Air Slash|p1a: Zapdos
|-resisted|p1a: Zapdos
|-damage|p1a: Zapdos|39/100
|move|p1a: Zapdos|Heat Wave|p2a: Yanmega
|-damage|p2a: Yanmega|5/100
|
|-ability|p2a: Yanmega|Speed Boost|boost
|-boost|p2a: Yanmega|spe|1
|upkeep
|turn|10
|
|t:|1757909734
|move|p2a: Yanmega|Air Slash|p1a: Zapdos
|-resisted|p1a: Zapdos
|-damage|p1a: Zapdos|20/100
|move|p1a: Zapdos|Roost|p1a: Zapdos
|-heal|p1a: Zapdos|70/100
|-singleturn|p1a: Zapdos|move: Roost
|
|-ability|p2a: Yanmega|Speed Boost|boost
|-boost|p2a: Yanmega|spe|1
|upkeep
|turn|11
|
|t:|1757909737
|move|p2a: Yanmega|Air Slash|p1a: Zapdos
|-resisted|p1a: Zapdos
|-damage|p1a: Zapdos|51/100
|move|p1a: Zapdos|Roost|p1a: Zapdos
|-heal|p1a: Zapdos|100/100
|-singleturn|p1a: Zapdos|move: Roost
|
|-ability|p2a: Yanmega|Speed Boost|boost
|-boost|p2a: Yanmega|spe|1
|upkeep
|turn|12
|
|t:|1757909741
|move|p2a: Yanmega|Air Slash|p1a: Zapdos
|-resisted|p1a: Zapdos
|-damage|p1a: Zapdos|80/100
|cant|p1a: Zapdos|flinch
|
|upkeep
|turn|13
|
|t:|1757909744
|move|p2a: Yanmega|Bug Buzz|p1a: Zapdos
|-resisted|p1a: Zapdos
|-damage|p1a: Zapdos|58/100
|move|p1a: Zapdos|Heat Wave|p2a: Yanmega
|-damage|p2a: Yanmega|0 fnt
|faint|p2a: Yanmega
|
|upkeep
|
|t:|1757909749
|switch|p2a: Araquanid|Araquanid, M|100/100
|turn|14
|
|t:|1757909752
|move|p1a: Zapdos|Thunder Wave|p2a: Araquanid|[miss]
|-miss|p1a: Zapdos|p2a: Araquanid
|move|p2a: Araquanid|Liquidation|p1a: Zapdos
|-damage|p1a: Zapdos|17/100
|
|upkeep
|turn|15
|
|t:|1757909760
|move|p1a: Zapdos|Volt Switch|p2a: Araquanid
|-supereffective|p2a: Araquanid
|-damage|p2a: Araquanid|63/100
|
|t:|1757909764
|switch|p1a: Corviknight|Corviknight, M, shiny|75/100|[from] Volt Switch
|move|p2a: Araquanid|Liquidation|p1a: Corviknight
|-damage|p1a: Corviknight|48/100
|-damage|p2a: Araquanid|46/100|[from] item: Rocky Helmet|[of] p1a: Corviknight
|
|upkeep
|turn|16
|
|t:|1757909781
|move|p2a: Araquanid|Endure|p2a: Araquanid
|-singleturn|p2a: Araquanid|move: Endure
|move|p1a: Corviknight|Roost|p1a: Corviknight
|-heal|p1a: Corviknight|98/100
|-singleturn|p1a: Corviknight|move: Roost
|
|upkeep
|turn|17
|
|t:|1757909786
|move|p1a: Corviknight|Brave Bird|p2a: Araquanid
|-supereffective|p2a: Araquanid
|-damage|p2a: Araquanid|0 fnt
|faint|p2a: Araquanid
|-damage|p1a: Corviknight|86/100|[from] Recoil
|
|upkeep
|
|t:|1757909791
|switch|p2a: Lokix|Lokix, M|100/100
|turn|18
|c|☆Voldemort8|carried by two birds
|c|☆Voldemort8|hahaha
|
|t:|1757909803
|move|p2a: Lokix|Knock Off|p1a: Corviknight
|-damage|p1a: Corviknight|62/100
|-damage|p2a: Lokix|84/100|[from] item: Rocky Helmet|[of] p1a: Corviknight
|-enditem|p1a: Corviknight|Rocky Helmet|[from] move: Knock Off|[of] p2a: Lokix
|move|p1a: Corviknight|Brave Bird|p2a: Lokix
|-supereffective|p2a: Lokix
|-damage|p2a: Lokix|0 fnt
|faint|p2a: Lokix
|-damage|p1a: Corviknight|43/100|[from] Recoil
|
|win|Voldemort8
|raw|Voldemort8's rating: 1350 &rarr; <strong>1368</strong><br />(+18 for winning)
|raw|Dracorex_Craneus's rating: 1315 &rarr; <strong>1297</strong><br />(-18 for losing)
|c|☆Voldemort8|gg
|l|☆Dracorex_Craneus
|player|p2|
|l|☆Voldemort8
|player|p1|
