|j|☆S85
|j|☆M.C.9
|t:|1757892644
|gametype|singles
|player|p1|S85|170|1260
|player|p2|M.C.9|n|1226
|gen|9
|tier|[Gen 9] OU
|rated|
|rule|HP Percentage Mod: HP is shown in percentages
|rule|Endless Battle Clause: Forcing endless battles is banned
|rule|Species Clause: Limit one of each Pokémon
|rule|OHKO Clause: OHKO moves are banned
|rule|Evasion Items Clause: Evasion items are banned
|rule|Evasion Moves Clause: Evasion moves are banned
|rule|Evasion Abilities Clause: Evasion abilities are banned
|rule|Sleep Moves Clause: Sleep-inducing moves are banned
|clearpoke
|poke|p1|Metagross|
|poke|p1|Skeledirge, F|
|poke|p1|Garchomp, F|
|poke|p1|Gastrodon, M|
|poke|p1|Kingambit, M|
|poke|p1|Iron Valiant|
|poke|p2|Ogerpon-Wellspring, F|
|poke|p2|Meowscarada, F|
|poke|p2|Sinistcha|
|poke|p2|Amoonguss, F|
|poke|p2|Rillaboom, M|
|poke|p2|Iron Leaves|
|teampreview
|inactive|Battle timer is ON: inactive players will automatically lose when time's up. (requested by M.C.9)
|
|t:|1757892673
|teamsize|p1|6
|teamsize|p2|6
|start
|switch|p1a: Skeledirge|Skeledirge, F|100/100
|switch|p2a: Meowscarada|Meowscarada, F|100/100
|turn|1
|
|t:|1757892686
|-terastallize|p2a: Meowscarada|Dark
|-terastallize|p1a: Skeledirge|Fire
|move|p2a: Meowscarada|Knock Off|p1a: Skeledirge
|-damage|p1a: Skeledirge|51/100
|-enditem|p1a: Skeledirge|Assault Vest|[from] move: Knock Off|[of] p2a: Meowscarada
|move|p1a: Skeledirge|Torch Song|p2a: Meowscarada
|-damage|p2a: Meowscarada|23/100
|-boost|p1a: Skeledirge|spa|1
|
|upkeep
|turn|2
|
|t:|1757892706
|move|p2a: Meowscarada|Knock Off|p1a: Skeledirge
|-damage|p1a: Skeledirge|17/100
|move|p1a: Skeledirge|Torch Song|p2a: Meowscarada
|-damage|p2a: Meowscarada|0 fnt
|-boost|p1a: Skeledirge|spa|1
|faint|p2a: Meowscarada
|
|upkeep
|inactive|M.C.9 has 120 seconds left.
|
|t:|1757892735
|switch|p2a: Iron Leaves|Iron Leaves|100/100
|-enditem|p2a: Iron Leaves|Booster Energy
|-activate|p2a: Iron Leaves|ability: Quark Drive|[fromitem]
|-start|p2a: Iron Leaves|quarkdrivespe
|turn|3
|inactive|M.C.9 has 120 seconds left.
|
|t:|1757892750
|move|p2a: Iron Leaves|Psyblade|p1a: Skeledirge
|-damage|p1a: Skeledirge|0 fnt
|faint|p1a: Skeledirge
|
|upkeep
|
|t:|1757892760
|switch|p1a: Kingambit|Kingambit, M|100/100
|-activate|p1a: Kingambit|ability: Supreme Overlord
|-start|p1a: Kingambit|fallen1|[silent]
|turn|4
|inactive|M.C.9 has 120 seconds left.
|
|t:|1757892767
|move|p2a: Iron Leaves|Close Combat|p1a: Kingambit
|-supereffective|p1a: Kingambit
|-enditem|p1a: Kingambit|Focus Sash
|-damage|p1a: Kingambit|1/100
|-unboost|p2a: Iron Leaves|def|1
|-unboost|p2a: Iron Leaves|spd|1
|move|p1a: Kingambit|Swords Dance|p1a: Kingambit
|-boost|p1a: Kingambit|atk|2
|
|upkeep
|turn|5
|inactive|M.C.9 has 120 seconds left.
|
|t:|1757892781
|move|p1a: Kingambit|Sucker Punch|p2a: Iron Leaves
|-supereffective|p2a: Iron Leaves
|-damage|p2a: Iron Leaves|0 fnt
|faint|p2a: Iron Leaves
|-end|p2a: Iron Leaves|Quark Drive|[silent]
|
|upkeep
|inactive|M.C.9 has 120 seconds left.
|inactive|M.C.9 has 90 seconds left.
|
|t:|1757892819
|switch|p2a: Amoonguss|Amoonguss, F|100/100
|turn|6
|
|t:|1757892824
|move|p1a: Kingambit|Sucker Punch|p2a: Amoonguss
|-damage|p2a: Amoonguss|39/100
|move|p2a: Amoonguss|Foul Play|p1a: Kingambit
|-resisted|p1a: Kingambit
|-damage|p1a: Kingambit|0 fnt
|faint|p1a: Kingambit
|-end|p1a: Kingambit|fallen1|[silent]
|
|upkeep
|
|t:|1757892836
|switch|p1a: Metagross|Metagross|100/100
|turn|7
|
|t:|1757892854
|move|p1a: Metagross|Meteor Mash|p2a: Amoonguss|[miss]
|-miss|p1a: Metagross|p2a: Amoonguss
|move|p2a: Amoonguss|Foul Play|p1a: Metagross
|-supereffective|p1a: Metagross
|-damage|p1a: Metagross|40/100
|-enditem|p1a: Metagross|Weakness Policy
|-boost|p1a: Metagross|atk|2|[from] item: Weakness Policy
|-boost|p1a: Metagross|spa|2|[from] item: Weakness Policy
|
|upkeep
|turn|8
|
|t:|1757892867
|move|p1a: Metagross|Bullet Punch|p2a: Amoonguss
|-damage|p2a: Amoonguss|4/100
|move|p2a: Amoonguss|Foul Play|p1a: Metagross
|-supereffective|p1a: Metagross
|-damage|p1a: Metagross|0 fnt
|faint|p1a: Metagross
|
|upkeep
|
|t:|1757892878
|switch|p1a: Garchomp|Garchomp, F|100/100
|turn|9
|
|t:|1757892889
|move|p1a: Garchomp|Dragon Claw|p2a: Amoonguss
|-damage|p2a: Amoonguss|0 fnt
|faint|p2a: Amoonguss
|-damage|p1a: Garchomp|91/100|[from] item: Life Orb
|
|upkeep
|inactive|M.C.9 has 90 seconds left.
|
|t:|1757892913
|switch|p2a: Rillaboom|Rillaboom, M|100/100
|-fieldstart|move: Grassy Terrain|[from] ability: Grassy Surge|[of] p2a: Rillaboom
|turn|10
|
|t:|1757892922
|switch|p1a: Iron Valiant|Iron Valiant|100/100
|-enditem|p1a: Iron Valiant|Booster Energy
|-activate|p1a: Iron Valiant|ability: Quark Drive|[fromitem]
|-start|p1a: Iron Valiant|quarkdrivespe
|move|p2a: Rillaboom|Wood Hammer|p1a: Iron Valiant
|-damage|p1a: Iron Valiant|0 fnt
|faint|p1a: Iron Valiant
|-end|p1a: Iron Valiant|Quark Drive|[silent]
|-damage|p2a: Rillaboom|73/100|[from] Recoil
|
|-heal|p2a: Rillaboom|79/100|[from] Grassy Terrain
|upkeep
|
|t:|1757892933
|switch|p1a: Garchomp|Garchomp, F|91/100
|turn|11
|
|t:|1757892939
|move|p1a: Garchomp|Dragon Claw|p2a: Rillaboom
|-damage|p2a: Rillaboom|19/100
|-damage|p1a: Garchomp|81/100|[from] item: Life Orb
|move|p2a: Rillaboom|Wood Hammer|p1a: Garchomp
|-damage|p1a: Garchomp|0 fnt
|-damage|p2a: Rillaboom|7/100|[from] ability: Rough Skin|[of] p1a: Garchomp
|faint|p1a: Garchomp
|-damage|p2a: Rillaboom|0 fnt|[from] Recoil
|faint|p2a: Rillaboom
|
|upkeep
|
|t:|1757892953
|switch|p1a: Gastrodon|Gastrodon, M|100/100
|switch|p2a: Ogerpon|Ogerpon-Wellspring, F|100/100
|turn|12
|
|t:|1757892962
|move|p2a: Ogerpon|Power Whip|p1a: Gastrodon
|-supereffective|p1a: Gastrodon
|-damage|p1a: Gastrodon|0 fnt
|faint|p1a: Gastrodon
|
|win|M.C.9
|raw|S85's rating: 1260 &rarr; <strong>1233</strong><br />(-27 for losing)
|raw|M.C.9's rating: 1226 &rarr; <strong>1253</strong><br />(+27 for winning)
