|j|☆coolerns
|j|☆AndreRWright
|t:|1757849131
|gametype|singles
|player|p1|coolerns|ingo|1244
|player|p2|AndreRWright|giovanni|1276
|gen|9
|tier|[Gen 9] OU
|rated|
|rule|HP Percentage Mod: HP is shown in percentages
|rule|Endless Battle Clause: Forcing endless battles is banned
|rule|Species Clause: Limit one of each Pokémon
|rule|OHKO Clause: OHKO moves are banned
|rule|Evasion Items Clause: Evasion items are banned
|rule|Evasion Moves Clause: Evasion moves are banned
|rule|Evasion Abilities Clause: Evasion abilities are banned
|rule|Sleep Moves Clause: Sleep-inducing moves are banned
|clearpoke
|poke|p1|Glimmora, M|
|poke|p1|Dondozo, M|
|poke|p1|Scizor, M|
|poke|p1|Iron Moth|
|poke|p1|Garchomp, F|
|poke|p1|Moltres-Galar|
|poke|p2|Rillaboom, F|
|poke|p2|Chesnaught, M|
|poke|p2|Raikou|
|poke|p2|Muk-Alola, F|
|poke|p2|Comfey, M|
|poke|p2|Bruxish, M|
|teampreview
|
|t:|1757849145
|teamsize|p1|6
|teamsize|p2|6
|start
|switch|p1a: Glimmora|Glimmora, M, shiny|100/100
|switch|p2a: Bruxish|Bruxish, M|100/100
|turn|1
|
|t:|1757849157
|move|p2a: Bruxish|Flip Turn|p1a: Glimmora
|-supereffective|p1a: Glimmora
|-crit|p1a: Glimmora
|-damage|p1a: Glimmora|16/100
|-activate|p1a: Glimmora|ability: Toxic Debris
|-sidestart|p2: AndreRWright|move: Toxic Spikes
|
|t:|1757849161
|switch|p2a: Muk|Muk-Alola, F|100/100|[from] Flip Turn
|-sideend|p2: AndreRWright|move: Toxic Spikes|[of] p2a: Muk
|move|p1a: Glimmora|Stealth Rock|p2a: Muk
|-sidestart|p2: AndreRWright|move: Stealth Rock
|
|upkeep
|turn|2
|
|t:|1757849174
|switch|p2a: Bruxish|Bruxish, M|100/100
|-damage|p2a: Bruxish|88/100|[from] Stealth Rock
|move|p1a: Glimmora|Memento|p2a: Bruxish
|-unboost|p2a: Bruxish|atk|2
|-unboost|p2a: Bruxish|spa|2
|faint|p1a: Glimmora
|
|upkeep
|
|t:|1757849189
|switch|p1a: Moltres|Moltres-Galar, shiny|100/100
|turn|3
|
|t:|1757849198
|move|p2a: Bruxish|Flip Turn|p1a: Moltres
|-damage|p1a: Moltres|83/100
|
|t:|1757849201
|switch|p2a: Muk|Muk-Alola, F|100/100|[from] Flip Turn
|-damage|p2a: Muk|88/100|[from] Stealth Rock
|move|p1a: Moltres|Nasty Plot|p1a: Moltres
|-boost|p1a: Moltres|spa|2
|
|-heal|p2a: Muk|94/100|[from] item: Black Sludge
|upkeep
|turn|4
|
|t:|1757849213
|move|p1a: Moltres|Agility|p1a: Moltres
|-boost|p1a: Moltres|spe|2
|move|p2a: Muk|Poison Fang|p1a: Moltres
|-damage|p1a: Moltres|62/100
|
|-heal|p2a: Muk|99/100|[from] item: Black Sludge
|upkeep
|turn|5
|
|t:|1757849223
|move|p1a: Moltres|Hurricane|p2a: Muk
|-crit|p2a: Muk
|-damage|p2a: Muk|1/100
|move|p2a: Muk|Poison Fang|p1a: Moltres
|-damage|p1a: Moltres|38/100
|-status|p1a: Moltres|tox
|-ability|p1a: Moltres|Berserk|boost
|-boost|p1a: Moltres|spa|1
|-enditem|p1a: Moltres|Sitrus Berry|[eat]
|-heal|p1a: Moltres|63/100 tox|[from] item: Sitrus Berry
|
|-heal|p2a: Muk|7/100|[from] item: Black Sludge
|-damage|p1a: Moltres|57/100 tox|[from] psn
|upkeep
|turn|6
|
|t:|1757849237
|move|p2a: Muk|Protect|p2a: Muk
|-singleturn|p2a: Muk|Protect
|move|p1a: Moltres|Fiery Wrath|p2a: Muk
|-activate|p2a: Muk|move: Protect
|
|-heal|p2a: Muk|13/100|[from] item: Black Sludge
|-damage|p1a: Moltres|44/100 tox|[from] psn
|upkeep
|turn|7
|
|t:|1757849255
|move|p2a: Muk|Protect||[still]
|-fail|p2a: Muk
|move|p1a: Moltres|Fiery Wrath|p2a: Muk
|-resisted|p2a: Muk
|-damage|p2a: Muk|0 fnt
|faint|p2a: Muk
|
|-damage|p1a: Moltres|25/100 tox|[from] psn
|upkeep
|
|t:|1757849262
|switch|p2a: Comfey|Comfey, M|100/100
|-damage|p2a: Comfey|88/100|[from] Stealth Rock
|turn|8
|
|t:|1757849267
|move|p2a: Comfey|Draining Kiss|p1a: Moltres
|-supereffective|p1a: Moltres
|-damage|p1a: Moltres|0 fnt
|-heal|p2a: Comfey|100/100|[from] drain|[of] p1a: Moltres
|faint|p1a: Moltres
|
|upkeep
|
|t:|1757849274
|switch|p1a: Iron Moth|Iron Moth|100/100
|-enditem|p1a: Iron Moth|Booster Energy
|-activate|p1a: Iron Moth|ability: Quark Drive|[fromitem]
|-start|p1a: Iron Moth|quarkdrivespe
|turn|9
|
|t:|1757849293
|switch|p2a: Bruxish|Bruxish, M|88/100
|-damage|p2a: Bruxish|76/100|[from] Stealth Rock
|move|p1a: Iron Moth|Sludge Wave|p2a: Bruxish
|-damage|p2a: Bruxish|0 fnt
|faint|p2a: Bruxish
|
|upkeep
|
|t:|1757849298
|switch|p2a: Raikou|Raikou|100/100
|-damage|p2a: Raikou|88/100|[from] Stealth Rock
|-ability|p2a: Raikou|Pressure
|turn|10
|
|t:|1757849307
|move|p1a: Iron Moth|Fiery Dance|p2a: Raikou
|-damage|p2a: Raikou|44/100
|-boost|p1a: Iron Moth|spa|1
|move|p2a: Raikou|Mud-Slap|p1a: Iron Moth
|-supereffective|p1a: Iron Moth
|-damage|p1a: Iron Moth|75/100
|-unboost|p1a: Iron Moth|accuracy|1
|
|-heal|p2a: Raikou|50/100|[from] item: Leftovers
|upkeep
|turn|11
|
|t:|1757849320
|move|p2a: Raikou|Protect|p2a: Raikou
|-singleturn|p2a: Raikou|Protect
|move|p1a: Iron Moth|Fiery Dance|p2a: Raikou
|-activate|p2a: Raikou|move: Protect
|
|-heal|p2a: Raikou|56/100|[from] item: Leftovers
|upkeep
|turn|12
|
|t:|1757849330
|-terastallize|p2a: Raikou|Water
|move|p1a: Iron Moth|Fiery Dance|p2a: Raikou
|-resisted|p2a: Raikou
|-damage|p2a: Raikou|26/100
|-boost|p1a: Iron Moth|spa|1
|move|p2a: Raikou|Mud-Slap|p1a: Iron Moth
|-supereffective|p1a: Iron Moth
|-damage|p1a: Iron Moth|50/100
|-unboost|p1a: Iron Moth|accuracy|1
|
|-heal|p2a: Raikou|32/100|[from] item: Leftovers
|upkeep
|turn|13
|
|t:|1757849344
|move|p2a: Raikou|Protect|p2a: Raikou
|-singleturn|p2a: Raikou|Protect
|move|p1a: Iron Moth|Energy Ball|p2a: Raikou
|-activate|p2a: Raikou|move: Protect
|
|-heal|p2a: Raikou|39/100|[from] item: Leftovers
|upkeep
|turn|14
|
|t:|1757849352
|move|p1a: Iron Moth|Sludge Wave|p2a: Raikou
|-damage|p2a: Raikou|0 fnt
|faint|p2a: Raikou
|
|upkeep
|
|t:|1757849357
|switch|p2a: Rillaboom|Rillaboom, F|100/100
|-damage|p2a: Rillaboom|88/100|[from] Stealth Rock
|-fieldstart|move: Grassy Terrain|[from] ability: Grassy Surge|[of] p2a: Rillaboom
|turn|15
|
|t:|1757849363
|move|p1a: Iron Moth|Sludge Wave|p2a: Rillaboom
|-supereffective|p2a: Rillaboom
|-damage|p2a: Rillaboom|0 fnt
|faint|p2a: Rillaboom
|
|-heal|p1a: Iron Moth|56/100|[from] Grassy Terrain
|upkeep
|
|t:|1757849369
|switch|p2a: Chesnaught|Chesnaught, M|100/100
|-damage|p2a: Chesnaught|95/100|[from] Stealth Rock
|-enditem|p2a: Chesnaught|Grassy Seed
|-boost|p2a: Chesnaught|def|1|[from] item: Grassy Seed
|turn|16
|
|t:|1757849376
|move|p1a: Iron Moth|Fiery Dance|p2a: Chesnaught
|-supereffective|p2a: Chesnaught
|-damage|p2a: Chesnaught|0 fnt
|-boost|p1a: Iron Moth|spa|1
|faint|p2a: Chesnaught
|
|-heal|p1a: Iron Moth|62/100|[from] Grassy Terrain
|upkeep
|-message|AndreRWright forfeited.
|
|win|coolerns
|raw|coolerns's rating: 1244 &rarr; <strong>1271</strong><br />(+27 for winning)
|raw|AndreRWright's rating: 1276 &rarr; <strong>1249</strong><br />(-27 for losing)
|l|☆AndreRWright
|player|p2|
|l|☆coolerns
|player|p1|
