|j|☆OliveGardn
|j|☆wexleratlaw
|t:|1757899556
|gametype|singles
|player|p1|OliveGardn|pokemonranger-gen4|1424
|player|p2|wexleratlaw|rika|1459
|gen|9
|tier|[Gen 9] OU
|rated|
|rule|HP Percentage Mod: HP is shown in percentages
|rule|Endless Battle Clause: Forcing endless battles is banned
|rule|Species Clause: Limit one of each Pokémon
|rule|OHKO Clause: OHKO moves are banned
|rule|Evasion Items Clause: Evasion items are banned
|rule|Evasion Moves Clause: Evasion moves are banned
|rule|Evasion Abilities Clause: Evasion abilities are banned
|rule|Sleep Moves Clause: Sleep-inducing moves are banned
|clearpoke
|poke|p1|Araquanid, F|
|poke|p1|Dragapult, F|
|poke|p1|Breloom, F|
|poke|p1|Iron Treads|
|poke|p1|Dragonite, M|
|poke|p1|Zapdos|
|poke|p2|Pelipper, M|
|poke|p2|Barraskewda, M|
|poke|p2|Basculegion-F, F|
|poke|p2|Raging Bolt|
|poke|p2|Zapdos|
|poke|p2|Iron Treads|
|teampreview
|inactive|Battle timer is ON: inactive players will automatically lose when time's up. (requested by OliveGardn)
|
|t:|1757899574
|teamsize|p1|6
|teamsize|p2|6
|start
|switch|p1a: Araquanid|Araquanid, F|100/100
|switch|p2a: Pelipper|Pelipper, M|100/100
|-weather|RainDance|[from] ability: Drizzle|[of] p2a: Pelipper
|turn|1
|
|t:|1757899590
|move|p2a: Pelipper|Hurricane|p1a: Araquanid
|-supereffective|p1a: Araquanid
|-damage|p1a: Araquanid|47/100
|move|p1a: Araquanid|Sticky Web|p2a: Pelipper
|-sidestart|p2: wexleratlaw|move: Sticky Web
|
|-weather|RainDance|[upkeep]
|upkeep
|turn|2
|
|t:|1757899606
|switch|p1a: Zapdos|Zapdos|100/100
|move|p2a: Pelipper|Hurricane|p1a: Zapdos
|-resisted|p1a: Zapdos
|-damage|p1a: Zapdos|81/100
|
|-weather|RainDance|[upkeep]
|upkeep
|turn|3
|
|t:|1757899624
|switch|p2a: Iron Treads|Iron Treads|100/100
|-activate|p2a: Iron Treads|move: Sticky Web
|-unboost|p2a: Iron Treads|spe|1
|-enditem|p2a: Iron Treads|Booster Energy
|-activate|p2a: Iron Treads|ability: Quark Drive|[fromitem]
|-start|p2a: Iron Treads|quarkdriveatk
|move|p1a: Zapdos|Hurricane|p2a: Iron Treads
|-resisted|p2a: Iron Treads
|-damage|p2a: Iron Treads|68/100
|
|-weather|RainDance|[upkeep]
|upkeep
|turn|4
|inactive|wexleratlaw has 120 seconds left.
|
|t:|1757899644
|move|p1a: Zapdos|Heat Wave|p2a: Iron Treads
|-supereffective|p2a: Iron Treads
|-damage|p2a: Iron Treads|32/100
|move|p2a: Iron Treads|Rapid Spin|p1a: Zapdos
|-damage|p1a: Zapdos|67/100
|-boost|p2a: Iron Treads|spe|1
|-status|p2a: Iron Treads|par|[from] ability: Static|[of] p1a: Zapdos
|-sideend|p2: wexleratlaw|Sticky Web|[from] move: Rapid Spin|[of] p2a: Iron Treads
|
|-weather|RainDance|[upkeep]
|upkeep
|turn|5
|inactive|wexleratlaw has 120 seconds left.
|
|t:|1757899667
|-end|p2a: Iron Treads|Quark Drive|[silent]
|switch|p2a: Zapdos|Zapdos|100/100
|move|p1a: Zapdos|Hurricane|p2a: Zapdos
|-resisted|p2a: Zapdos
|-damage|p2a: Zapdos|76/100
|-start|p2a: Zapdos|confusion
|
|-weather|RainDance|[upkeep]
|upkeep
|turn|6
|
|t:|1757899685
|-activate|p2a: Zapdos|confusion
|move|p2a: Zapdos|Volt Switch|p1a: Zapdos
|-crit|p1a: Zapdos
|-damage|p1a: Zapdos|12/100
|
|t:|1757899691
|switch|p2a: Iron Treads|Iron Treads|32/100 par|[from] Volt Switch
|move|p1a: Zapdos|Volt Switch|p2a: Iron Treads
|-immune|p2a: Iron Treads
|
|-weather|RainDance|[upkeep]
|upkeep
|turn|7
|
|t:|1757899708
|-end|p2a: Iron Treads|Quark Drive|[silent]
|switch|p2a: Zapdos|Zapdos|76/100
|move|p1a: Zapdos|Heat Wave|p2a: Zapdos
|-damage|p2a: Zapdos|61/100
|
|-weather|RainDance|[upkeep]
|upkeep
|turn|8
|
|t:|1757899724
|switch|p1a: Iron Treads|Iron Treads|100/100
|-item|p1a: Iron Treads|Air Balloon
|move|p2a: Zapdos|Weather Ball|p1a: Iron Treads
|-supereffective|p1a: Iron Treads
|-damage|p1a: Iron Treads|0 fnt
|-enditem|p1a: Iron Treads|Air Balloon
|faint|p1a: Iron Treads
|-end|p1a: Iron Treads|Quark Drive|[silent]
|
|-weather|none
|upkeep
|
|t:|1757899731
|switch|p1a: Breloom|Breloom, F|100/100
|turn|9
|
|t:|1757899744
|switch|p1a: Zapdos|Zapdos|12/100
|move|p2a: Zapdos|Hurricane|p1a: Zapdos
|-resisted|p1a: Zapdos
|-crit|p1a: Zapdos
|-damage|p1a: Zapdos|0 fnt
|faint|p1a: Zapdos
|
|upkeep
|
|t:|1757899754
|switch|p1a: Dragapult|Dragapult, F|100/100
|turn|10
|
|t:|1757899770
|move|p1a: Dragapult|Draco Meteor|p2a: Zapdos
|-damage|p2a: Zapdos|0 fnt
|-unboost|p1a: Dragapult|spa|2
|faint|p2a: Zapdos
|
|upkeep
|
|t:|1757899773
|switch|p2a: Pelipper|Pelipper, M|100/100
|-weather|RainDance|[from] ability: Drizzle|[of] p2a: Pelipper
|turn|11
|
|t:|1757899786
|move|p1a: Dragapult|Draco Meteor|p2a: Pelipper
|-damage|p2a: Pelipper|45/100
|-unboost|p1a: Dragapult|spa|2
|move|p2a: Pelipper|U-turn|p1a: Dragapult
|-resisted|p1a: Dragapult
|-damage|p1a: Dragapult|94/100
|
|t:|1757899794
|switch|p2a: Barraskewda|Barraskewda, M, shiny|100/100|[from] U-turn
|
|-weather|RainDance|[upkeep]
|upkeep
|turn|12
|
|t:|1757899809
|switch|p1a: Araquanid|Araquanid, F|47/100
|move|p2a: Barraskewda|Flip Turn|p1a: Araquanid
|-resisted|p1a: Araquanid
|-damage|p1a: Araquanid|8/100
|
|t:|1757899817
|switch|p2a: Iron Treads|Iron Treads|32/100 par|[from] Flip Turn
|
|-weather|RainDance|[upkeep]
|upkeep
|turn|13
|
|t:|1757899832
|switch|p1a: Breloom|Breloom, F|100/100
|move|p2a: Iron Treads|Rapid Spin|p1a: Breloom
|-damage|p1a: Breloom|76/100
|-boost|p2a: Iron Treads|spe|1
|
|-weather|RainDance|[upkeep]
|upkeep
|turn|14
|
|t:|1757899848
|-end|p2a: Iron Treads|Quark Drive|[silent]
|switch|p2a: Basculegion|Basculegion-F, F, shiny|100/100
|move|p1a: Breloom|Mach Punch|p2a: Basculegion
|-immune|p2a: Basculegion
|
|-weather|RainDance|[upkeep]
|upkeep
|turn|15
|
|t:|1757899863
|move|p2a: Basculegion|Ice Beam|p1a: Breloom
|-supereffective|p1a: Breloom
|-damage|p1a: Breloom|0 fnt
|faint|p1a: Breloom
|
|-weather|RainDance|[upkeep]
|upkeep
|
|t:|1757899872
|switch|p1a: Araquanid|Araquanid, F|8/100
|turn|16
|-enditem|p1a: Araquanid|Custap Berry|[eat]
|-activate|p1a: Araquanid|item: Custap Berry|[consumed]
|
|t:|1757899883
|move|p1a: Araquanid|Sticky Web|p2a: Basculegion
|-sidestart|p2: wexleratlaw|move: Sticky Web
|move|p2a: Basculegion|Ice Beam|p1a: Araquanid
|-resisted|p1a: Araquanid
|-damage|p1a: Araquanid|0 fnt
|faint|p1a: Araquanid
|
|-weather|RainDance|[upkeep]
|upkeep
|
|t:|1757899890
|switch|p1a: Dragonite|Dragonite, M|100/100
|turn|17
|
|t:|1757899902
|-terastallize|p1a: Dragonite|Normal
|move|p2a: Basculegion|Ice Beam|p1a: Dragonite
|-damage|p1a: Dragonite|79/100
|move|p1a: Dragonite|Earthquake|p2a: Basculegion
|-damage|p2a: Basculegion|55/100
|
|-weather|RainDance|[upkeep]
|upkeep
|turn|18
|
|t:|1757899919
|move|p2a: Basculegion|Ice Beam|p1a: Dragonite
|-damage|p1a: Dragonite|30/100
|move|p1a: Dragonite|Dragon Dance|p1a: Dragonite
|-boost|p1a: Dragonite|atk|1
|-boost|p1a: Dragonite|spe|1
|
|-weather|none
|upkeep
|turn|19
|
|t:|1757899934
|move|p1a: Dragonite|Earthquake|p2a: Basculegion
|-damage|p2a: Basculegion|0 fnt
|faint|p2a: Basculegion
|
|upkeep
|
|t:|1757899937
|switch|p2a: Pelipper|Pelipper, M|45/100
|-weather|RainDance|[from] ability: Drizzle|[of] p2a: Pelipper
|turn|20
|
|t:|1757899950
|move|p1a: Dragonite|Extreme Speed|p2a: Pelipper
|-damage|p2a: Pelipper|0 fnt
|faint|p2a: Pelipper
|
|-weather|RainDance|[upkeep]
|upkeep
|
|t:|1757899954
|switch|p2a: Raging Bolt|Raging Bolt|100/100
|-activate|p2a: Raging Bolt|move: Sticky Web
|-unboost|p2a: Raging Bolt|spe|1
|-enditem|p2a: Raging Bolt|Booster Energy
|-activate|p2a: Raging Bolt|ability: Protosynthesis|[fromitem]
|-start|p2a: Raging Bolt|protosynthesisspa
|turn|21
|inactive|wexleratlaw has 120 seconds left.
|
|t:|1757899972
|-terastallize|p2a: Raging Bolt|Fairy
|move|p1a: Dragonite|Extreme Speed|p2a: Raging Bolt
|-damage|p2a: Raging Bolt|33/100
|move|p2a: Raging Bolt|Weather Ball|p1a: Dragonite
|-damage|p1a: Dragonite|0 fnt
|faint|p1a: Dragonite
|
|-weather|RainDance|[upkeep]
|upkeep
|
|t:|1757899979
|switch|p1a: Dragapult|Dragapult, F|94/100
|turn|22
|inactive|wexleratlaw has 120 seconds left.
|
|t:|1757899991
|move|p2a: Raging Bolt|Thunderclap|p1a: Dragapult
|-resisted|p1a: Dragapult
|-damage|p1a: Dragapult|59/100
|move|p1a: Dragapult|Shadow Ball|p2a: Raging Bolt
|-damage|p2a: Raging Bolt|0 fnt
|faint|p2a: Raging Bolt
|-end|p2a: Raging Bolt|Protosynthesis|[silent]
|
|-weather|RainDance|[upkeep]
|upkeep
|
|t:|1757899999
|switch|p2a: Barraskewda|Barraskewda, M, shiny|100/100
|-activate|p2a: Barraskewda|move: Sticky Web
|-unboost|p2a: Barraskewda|spe|1
|turn|23
|inactive|wexleratlaw has 120 seconds left.
|
|t:|1757900013
|move|p2a: Barraskewda|Liquidation|p1a: Dragapult
|-resisted|p1a: Dragapult
|-damage|p1a: Dragapult|0 fnt
|faint|p1a: Dragapult
|
|win|wexleratlaw
|raw|OliveGardn's rating: 1424 &rarr; <strong>1406</strong><br />(-18 for losing)
|raw|wexleratlaw's rating: 1459 &rarr; <strong>1477</strong><br />(+18 for winning)
|l|☆OliveGardn
|player|p1|
|c|☆wexleratlaw|gg
|l|☆wexleratlaw
|player|p2|
