|j|☆luketheidiot
|j|☆nsoqokaksjd
|t:|1757942534
|gametype|singles
|player|p1|luketheidiot|iris-gen5bw2|1059
|player|p2|nsoqokaksjd|170|1072
|gen|9
|tier|[Gen 9] OU
|rated|
|rule|HP Percentage Mod: HP is shown in percentages
|rule|Endless Battle Clause: Forcing endless battles is banned
|rule|Species Clause: Limit one of each Pokémon
|rule|OHKO Clause: OHKO moves are banned
|rule|Evasion Items Clause: Evasion items are banned
|rule|Evasion Moves Clause: Evasion moves are banned
|rule|Evasion Abilities Clause: Evasion abilities are banned
|rule|Sleep Moves Clause: Sleep-inducing moves are banned
|clearpoke
|poke|p1|Cloyster, M|
|poke|p1|Polteageist-Antique|
|poke|p1|Minior-Blue|
|poke|p1|Blastoise, F|
|poke|p1|Blaziken, M|
|poke|p1|Donphan, F|
|poke|p2|Skarmory, F|
|poke|p2|Gengar, M|
|poke|p2|Snorlax, M|
|poke|p2|Dunsparce, F|
|poke|p2|Pelipper, F|
|poke|p2|Sunkern, M|
|teampreview
|inactive|Battle timer is ON: inactive players will automatically lose when time's up. (requested by luketheidiot)
|
|t:|1757942559
|teamsize|p1|6
|teamsize|p2|6
|start
|switch|p1a: Cloyster|Cloyster, M|100/100
|switch|p2a: Pelipper|Pelipper, F|100/100
|-weather|RainDance|[from] ability: Drizzle|[of] p2a: Pelipper
|turn|1
|
|t:|1757942569
|move|p1a: Cloyster|Shell Smash|p1a: Cloyster
|-unboost|p1a: Cloyster|def|1
|-unboost|p1a: Cloyster|spd|1
|-boost|p1a: Cloyster|atk|2
|-boost|p1a: Cloyster|spa|2
|-boost|p1a: Cloyster|spe|2
|move|p2a: Pelipper|Hurricane|p1a: Cloyster
|-enditem|p1a: Cloyster|Focus Sash
|-damage|p1a: Cloyster|1/100
|
|-weather|RainDance|[upkeep]
|upkeep
|turn|2
|
|t:|1757942590
|move|p1a: Cloyster|Icicle Spear|p2a: Pelipper
|-damage|p2a: Pelipper|72/100
|-damage|p2a: Pelipper|40/100
|-damage|p2a: Pelipper|10/100
|-damage|p2a: Pelipper|0 fnt
|faint|p2a: Pelipper
|-hitcount|p2: Pelipper|4
|
|-weather|RainDance|[upkeep]
|upkeep
|inactive|nsoqokaksjd has 120 seconds left.
|
|t:|1757942608
|switch|p2a: Snorlax|Snorlax, M|100/100
|turn|3
|
|t:|1757942616
|-terastallize|p2a: Snorlax|Normal
|move|p1a: Cloyster|Icicle Spear|p2a: Snorlax
|-damage|p2a: Snorlax|89/100
|-damage|p2a: Snorlax|76/100
|-damage|p2a: Snorlax|64/100
|-damage|p2a: Snorlax|51/100
|-damage|p2a: Snorlax|40/100
|-hitcount|p2a: Snorlax|5
|move|p2a: Snorlax|Double-Edge|p1a: Cloyster
|-damage|p1a: Cloyster|0 fnt
|faint|p1a: Cloyster
|-damage|p2a: Snorlax|39/100|[from] Recoil
|
|-weather|RainDance|[upkeep]
|upkeep
|
|t:|1757942630
|switch|p1a: Blastoise|Blastoise, F|100/100
|turn|4
|
|t:|1757942635
|move|p1a: Blastoise|Shell Smash|p1a: Blastoise
|-unboost|p1a: Blastoise|def|1
|-unboost|p1a: Blastoise|spd|1
|-boost|p1a: Blastoise|atk|2
|-boost|p1a: Blastoise|spa|2
|-boost|p1a: Blastoise|spe|2
|move|p2a: Snorlax|Double-Edge|p1a: Blastoise
|-enditem|p1a: Blastoise|Focus Sash
|-damage|p1a: Blastoise|1/100
|-damage|p2a: Snorlax|18/100|[from] Recoil
|
|-weather|RainDance|[upkeep]
|upkeep
|turn|5
|
|t:|1757942658
|switch|p2a: Dunsparce|Dunsparce, F|100/100
|move|p1a: Blastoise|Liquidation|p2a: Dunsparce
|-damage|p2a: Dunsparce|0 fnt
|faint|p2a: Dunsparce
|
|-weather|none
|upkeep
|inactive|nsoqokaksjd has 120 seconds left.
|
|t:|1757942669
|switch|p2a: Sunkern|Sunkern, M|100/100
|turn|6
|
|t:|1757942690
|move|p1a: Blastoise|Liquidation|p2a: Sunkern
|-resisted|p2a: Sunkern
|-enditem|p2a: Sunkern|Focus Sash
|-damage|p2a: Sunkern|1/100
|-unboost|p2a: Sunkern|def|1
|move|p2a: Sunkern|Endeavor|p1a: Blastoise
|-immune|p1a: Blastoise
|
|upkeep
|turn|7
|inactive|nsoqokaksjd has 120 seconds left.
|inactive|nsoqokaksjd has 90 seconds left.
|inactive|nsoqokaksjd has 60 seconds left.
|inactive|nsoqokaksjd has 30 seconds left.
|inactive|nsoqokaksjd has 20 seconds left.
|inactive|nsoqokaksjd has 15 seconds left.
|inactive|nsoqokaksjd has 10 seconds left.
|inactive|nsoqokaksjd has 5 seconds left.
|-message|nsoqokaksjd lost due to inactivity.
|
|win|luketheidiot
|raw|luketheidiot's rating: 1059 &rarr; <strong>1089</strong><br />(+30 for winning)
|raw|nsoqokaksjd's rating: 1051 &rarr; <strong>1034</strong><br />(-17 for losing)
|l|☆luketheidiot
|player|p1|
