|j|☆poopuii88
|j|☆i<3Gen3
|t:|1757814933
|gametype|singles
|player|p1|poopuii88|lyra|1000
|player|p2|i<3Gen3|1|1000
|gen|9
|tier|[Gen 9] OU
|rated|
|rule|HP Percentage Mod: HP is shown in percentages
|rule|Endless Battle Clause: Forcing endless battles is banned
|rule|Species Clause: Limit one of each Pokémon
|rule|OHKO Clause: OHKO moves are banned
|rule|Evasion Items Clause: Evasion items are banned
|rule|Evasion Moves Clause: Evasion moves are banned
|rule|Evasion Abilities Clause: Evasion abilities are banned
|rule|Sleep Moves Clause: Sleep-inducing moves are banned
|clearpoke
|poke|p1|Meowscarada, F|
|poke|p1|Gengar, M|
|poke|p1|Rotom-Heat|
|poke|p1|Great Tusk|
|poke|p1|Walking Wake|
|poke|p1|Iron Valiant|
|poke|p2|Pelipper, F|
|poke|p2|Milotic, F|
|poke|p2|Kingdra, M|
|poke|p2|Ludicolo, F|
|poke|p2|Salamence, F|
|poke|p2|Swampert, F|
|teampreview
|inactive|Battle timer is ON: inactive players will automatically lose when time's up. (requested by poopuii88)
|
|t:|1757814938
|teamsize|p1|6
|teamsize|p2|6
|start
|switch|p1a: Rotom|Rotom-Heat|100/100
|switch|p2a: Pelipper|Pelipper, F|100/100
|-weather|RainDance|[from] ability: Drizzle|[of] p2a: Pelipper
|turn|1
|
|t:|1757814948
|switch|p1a: Gengar|Gengar, M, shiny|100/100
|switch|p2a: Swampert|Swampert, F|100/100
|
|-weather|RainDance|[upkeep]
|upkeep
|turn|2
|
|t:|1757814960
|-terastallize|p1a: Gengar|Flying
|move|p1a: Gengar|Mean Look|p2a: Swampert
|-activate|p2a: Swampert|trapped
|move|p2a: Swampert|Earthquake|p1a: Gengar
|-immune|p1a: Gengar
|
|-weather|RainDance|[upkeep]
|upkeep
|turn|3
|
|t:|1757814972
|move|p1a: Gengar|Encore|p2a: Swampert
|-start|p2a: Swampert|Encore
|move|p2a: Swampert|Earthquake|p1a: Gengar
|-immune|p1a: Gengar
|
|-weather|RainDance|[upkeep]
|upkeep
|turn|4
|
|t:|1757814986
|move|p1a: Gengar|Nasty Plot|p1a: Gengar
|-boost|p1a: Gengar|spa|2
|move|p2a: Swampert|Earthquake|p1a: Gengar
|-immune|p1a: Gengar
|
|-weather|RainDance|[upkeep]
|upkeep
|turn|5
|
|t:|1757814994
|move|p1a: Gengar|Nasty Plot|p1a: Gengar
|-boost|p1a: Gengar|spa|2
|move|p2a: Swampert|Earthquake|p1a: Gengar
|-immune|p1a: Gengar
|
|-weather|RainDance|[upkeep]
|-end|p2a: Swampert|Encore
|upkeep
|turn|6
|
|t:|1757815001
|move|p2a: Swampert|Endure|p2a: Swampert
|-singleturn|p2a: Swampert|move: Endure
|move|p1a: Gengar|Encore|p2a: Swampert
|-start|p2a: Swampert|Encore
|
|-weather|RainDance|[upkeep]
|upkeep
|turn|7
|
|t:|1757815007
|move|p2a: Swampert|Endure||[still]
|-fail|p2a: Swampert
|move|p1a: Gengar|Nasty Plot|p1a: Gengar
|-boost|p1a: Gengar|spa|2
|
|-weather|RainDance|[upkeep]
|upkeep
|turn|8
|
|t:|1757815013
|move|p2a: Swampert|Endure|p2a: Swampert
|-singleturn|p2a: Swampert|move: Endure
|move|p1a: Gengar|Tera Blast|p2a: Swampert|[anim] Tera Blast Flying
|-activate|p2a: Swampert|move: Endure
|-damage|p2a: Swampert|1/100
|-enditem|p2a: Swampert|Salac Berry|[eat]
|-boost|p2a: Swampert|spe|1|[from] item: Salac Berry
|
|-weather|none
|upkeep
|turn|9
|
|t:|1757815021
|move|p2a: Swampert|Endure||[still]
|-fail|p2a: Swampert
|move|p1a: Gengar|Tera Blast|p2a: Swampert|[anim] Tera Blast Flying
|-damage|p2a: Swampert|0 fnt
|faint|p2a: Swampert
|
|upkeep
|
|t:|1757815039
|switch|p2a: Milotic|Milotic, F, shiny|100/100
|turn|10
|
|t:|1757815045
|move|p1a: Gengar|Tera Blast|p2a: Milotic|[anim] Tera Blast Flying
|-damage|p2a: Milotic|0 fnt
|faint|p2a: Milotic
|
|upkeep
|
|t:|1757815050
|switch|p2a: Pelipper|Pelipper, F|100/100
|-weather|RainDance|[from] ability: Drizzle|[of] p2a: Pelipper
|turn|11
|
|t:|1757815055
|move|p1a: Gengar|Tera Blast|p2a: Pelipper|[anim] Tera Blast Flying
|-damage|p2a: Pelipper|0 fnt
|faint|p2a: Pelipper
|
|-weather|RainDance|[upkeep]
|upkeep
|
|t:|1757815060
|switch|p2a: Kingdra|Kingdra, M|100/100
|turn|12
|
|t:|1757815066
|move|p2a: Kingdra|Outrage|p1a: Gengar
|-enditem|p1a: Gengar|Focus Sash
|-damage|p1a: Gengar|1/100
|move|p1a: Gengar|Tera Blast|p2a: Kingdra|[anim] Tera Blast Flying
|-enditem|p2a: Kingdra|Focus Sash
|-damage|p2a: Kingdra|1/100
|
|-weather|RainDance|[upkeep]
|upkeep
|turn|13
|
|t:|1757815076
|switch|p1a: Iron Valiant|Iron Valiant|100/100
|move|p2a: Kingdra|Outrage|p1a: Iron Valiant|[from] lockedmove
|-immune|p1a: Iron Valiant
|
|-weather|RainDance|[upkeep]
|upkeep
|turn|14
|
|t:|1757815084
|move|p2a: Kingdra|Dragon Dance|p2a: Kingdra
|-boost|p2a: Kingdra|atk|1
|-boost|p2a: Kingdra|spe|1
|move|p1a: Iron Valiant|Poison Jab|p2a: Kingdra
|-damage|p2a: Kingdra|0 fnt
|faint|p2a: Kingdra
|-damage|p1a: Iron Valiant|91/100|[from] item: Life Orb
|
|-weather|RainDance|[upkeep]
|upkeep
|
|t:|1757815095
|switch|p2a: Ludicolo|Ludicolo, F|100/100
|turn|15
|
|t:|1757815107
|move|p2a: Ludicolo|Energy Ball|p1a: Iron Valiant
|-damage|p1a: Iron Valiant|0 fnt
|faint|p1a: Iron Valiant
|-end|p1a: Iron Valiant|Quark Drive|[silent]
|-damage|p2a: Ludicolo|91/100|[from] item: Life Orb
|
|-weather|RainDance|[upkeep]
|upkeep
|
|t:|1757815119
|switch|p1a: Walking Wake|Walking Wake|100/100
|turn|16
|
|t:|1757815125
|move|p2a: Ludicolo|Energy Ball|p1a: Walking Wake
|-damage|p1a: Walking Wake|40/100
|-damage|p2a: Ludicolo|81/100|[from] item: Life Orb
|move|p1a: Walking Wake|Draco Meteor|p2a: Ludicolo|[miss]
|-miss|p1a: Walking Wake|p2a: Ludicolo
|
|-weather|RainDance|[upkeep]
|upkeep
|turn|17
|
|t:|1757815133
|move|p2a: Ludicolo|Energy Ball|p1a: Walking Wake
|-damage|p1a: Walking Wake|0 fnt
|faint|p1a: Walking Wake
|-end|p1a: Walking Wake|Protosynthesis|[silent]
|-damage|p2a: Ludicolo|71/100|[from] item: Life Orb
|
|-weather|RainDance|[upkeep]
|upkeep
|
|t:|1757815143
|switch|p1a: Rotom|Rotom-Heat|100/100
|turn|18
|
|t:|1757815146
|switch|p1a: Gengar|Gengar, M, shiny, tera:Flying|1/100
|move|p2a: Ludicolo|Surf|p1a: Gengar
|-crit|p1a: Gengar
|-damage|p1a: Gengar|0 fnt
|faint|p1a: Gengar
|-damage|p2a: Ludicolo|61/100|[from] item: Life Orb
|
|-weather|none
|upkeep
|
|t:|1757815156
|switch|p1a: Meowscarada|Meowscarada, F|100/100
|turn|19
|
|t:|1757815160
|move|p1a: Meowscarada|U-turn|p2a: Ludicolo
|-start|p1a: Meowscarada|typechange|Bug|[from] ability: Protean
|-supereffective|p2a: Ludicolo
|-damage|p2a: Ludicolo|0 fnt
|faint|p2a: Ludicolo
|
|t:|1757815166
|switch|p1a: Rotom|Rotom-Heat|100/100|[from] U-turn
|
|upkeep
|
|t:|1757815169
|switch|p2a: Salamence|Salamence, F|100/100
|-ability|p2a: Salamence|Intimidate|boost
|-unboost|p1a: Rotom|atk|1
|turn|20
|
|t:|1757815178
|move|p1a: Rotom|Trick|p2a: Salamence
|-activate|p1a: Rotom|move: Trick|[of] p2a: Salamence
|-item|p2a: Salamence|Choice Scarf|[from] move: Trick
|-item|p1a: Rotom|Yache Berry|[from] move: Trick
|move|p2a: Salamence|Substitute|p2a: Salamence
|-start|p2a: Salamence|Substitute
|-damage|p2a: Salamence|76/100
|
|upkeep
|turn|21
|
|t:|1757815187
|-terastallize|p2a: Salamence|Dragon
|move|p2a: Salamence|Substitute|p2a: Salamence
|-fail|p2a: Salamence|move: Substitute
|move|p1a: Rotom|Volt Switch|p2a: Salamence
|-resisted|p2a: Salamence
|-activate|p2a: Salamence|move: Substitute|[damage]
|l|☆i<3Gen3
|inactive|i<3Gen3 disconnected and has a minute to reconnect!
|player|p2|
|
|t:|1757815195
|switch|p1a: Great Tusk|Great Tusk|100/100|[from] Volt Switch
|
|upkeep
|turn|22
|inactive|i<3Gen3 has 30 seconds to reconnect!
|inactive|i<3Gen3 has 20 seconds to reconnect!
|inactive|i<3Gen3 has 15 seconds to reconnect!
|inactive|i<3Gen3 has 10 seconds to reconnect!
|inactive|i<3Gen3 has 5 seconds to reconnect!
|-message|i<3Gen3 lost due to inactivity.
|
|win|poopuii88
|raw|poopuii88's rating: 1000 &rarr; <strong>1040</strong><br />(+40 for winning)
|raw|i&lt;3Gen3's rating: 1000 &rarr; <strong>1000</strong><br />(+0 for losing)
