|j|☆trrzno2
|j|☆I will eat another
|t:|1757843205
|gametype|singles
|player|p1|trrzno2|artist|1313
|player|p2|I will eat another|plasmagrunt|1302
|gen|9
|tier|[Gen 9] OU
|rated|
|rule|HP Percentage Mod: HP is shown in percentages
|rule|Endless Battle Clause: Forcing endless battles is banned
|rule|Species Clause: Limit one of each Pokémon
|rule|OHKO Clause: OHKO moves are banned
|rule|Evasion Items Clause: Evasion items are banned
|rule|Evasion Moves Clause: Evasion moves are banned
|rule|Evasion Abilities Clause: Evasion abilities are banned
|rule|Sleep Moves Clause: Sleep-inducing moves are banned
|clearpoke
|poke|p1|Scizor, M|
|poke|p1|Ogerpon-Wellspring, F|
|poke|p1|Garganacl, M|
|poke|p1|Darkrai|
|poke|p1|Zapdos|
|poke|p1|Cinderace, F|
|poke|p2|Breloom, F|
|poke|p2|Swinub, M|
|poke|p2|Iron Crown|
|poke|p2|Glimmora, F|
|poke|p2|Talonflame, F|
|poke|p2|Greninja-*, M|
|teampreview
|inactive|Battle timer is ON: inactive players will automatically lose when time's up. (requested by I will eat another)
|l|☆trrzno2
|inactive|trrzno2 disconnected and has a minute to reconnect!
|player|p1|
|j|☆trrzno2
|inactive|trrzno2 reconnected and has 130 seconds left.
|player|p1|trrzno2|artist|
|
|t:|1757843235
|teamsize|p1|6
|teamsize|p2|6
|start
|switch|p1a: Darkrai|Darkrai|100/100
|switch|p2a: Quajutsu|Greninja, M|100/100
|turn|1
|
|t:|1757843251
|switch|p1a: Garganacl|Garganacl, M|100/100
|switch|p2a: Quiekel|Swinub, M|100/100
|
|upkeep
|turn|2
|
|t:|1757843257
|move|p1a: Garganacl|Salt Cure|p2a: Quiekel
|-damage|p2a: Quiekel|61/100
|-start|p2a: Quiekel|Salt Cure
|move|p2a: Quiekel|Roar|p1a: Garganacl
|drag|p1a: Ogerpon|Ogerpon-Wellspring, F|100/100
|
|-damage|p2a: Quiekel|49/100|[from] Salt Cure
|upkeep
|turn|3
|
|t:|1757843265
|move|p1a: Ogerpon|Ivy Cudgel|p2a: Quiekel|[anim] Ivy Cudgel Water
|-supereffective|p2a: Quiekel
|-damage|p2a: Quiekel|0 fnt
|faint|p2a: Quiekel
|
|upkeep
|
|t:|1757843273
|switch|p2a: Quajutsu|Greninja, M|100/100
|turn|4
|
|t:|1757843292
|switch|p1a: Garganacl|Garganacl, M|100/100
|move|p2a: Quajutsu|Sludge Wave|p1a: Garganacl
|-start|p2a: Quajutsu|typechange|Poison|[from] ability: Protean
|-resisted|p1a: Garganacl
|-damage|p1a: Garganacl|80/100
|
|-heal|p1a: Garganacl|86/100|[from] item: Leftovers
|upkeep
|turn|5
|
|t:|1757843301
|switch|p2a: Eisenkrone|Iron Crown|100/100
|-enditem|p2a: Eisenkrone|Booster Energy
|-activate|p2a: Eisenkrone|ability: Quark Drive|[fromitem]
|-start|p2a: Eisenkrone|quarkdrivespe
|switch|p1a: Zapdos|Zapdos|100/100
|
|upkeep
|turn|6
|
|t:|1757843309
|move|p2a: Eisenkrone|Calm Mind|p2a: Eisenkrone
|-boost|p2a: Eisenkrone|spa|1
|-boost|p2a: Eisenkrone|spd|1
|move|p1a: Zapdos|Thunder Wave|p2a: Eisenkrone
|-status|p2a: Eisenkrone|par
|
|upkeep
|turn|7
|
|t:|1757843314
|move|p2a: Eisenkrone|Calm Mind|p2a: Eisenkrone
|-boost|p2a: Eisenkrone|spa|1
|-boost|p2a: Eisenkrone|spd|1
|move|p1a: Zapdos|Volt Switch|p2a: Eisenkrone
|-damage|p2a: Eisenkrone|87/100 par
|
|t:|1757843327
|switch|p1a: Cinderace|Cinderace, F|100/100|[from] Volt Switch
|
|upkeep
|turn|8
|
|t:|1757843332
|-terastallize|p2a: Eisenkrone|Fighting
|move|p1a: Cinderace|Pyro Ball|p2a: Eisenkrone
|-damage|p2a: Eisenkrone|34/100 par
|move|p2a: Eisenkrone|Psyshock|p1a: Cinderace
|-damage|p1a: Cinderace|0 fnt
|faint|p1a: Cinderace
|
|upkeep
|
|t:|1757843347
|switch|p1a: Ogerpon|Ogerpon-Wellspring, F|100/100
|turn|9
|
|t:|1757843353
|move|p1a: Ogerpon|Ivy Cudgel|p2a: Eisenkrone|[anim] Ivy Cudgel Water
|-damage|p2a: Eisenkrone|0 fnt
|faint|p2a: Eisenkrone
|-end|p2a: Eisenkrone|Quark Drive|[silent]
|
|upkeep
|
|t:|1757843358
|switch|p2a: Quajutsu|Greninja, M|100/100
|turn|10
|
|t:|1757843364
|-terastallize|p1a: Ogerpon|Water
|detailschange|p1a: Ogerpon|Ogerpon-Wellspring-Tera, F, tera:Water
|-ability|p1a: Ogerpon|Embody Aspect (Wellspring)|boost
|-boost|p1a: Ogerpon|spd|1
|move|p2a: Quajutsu|Ice Beam|p1a: Ogerpon
|-start|p2a: Quajutsu|typechange|Ice|[from] ability: Protean
|-resisted|p1a: Ogerpon
|-damage|p1a: Ogerpon|79/100
|move|p1a: Ogerpon|Ivy Cudgel|p2a: Quajutsu|[anim] Ivy Cudgel Water
|-damage|p2a: Quajutsu|0 fnt
|faint|p2a: Quajutsu
|
|upkeep
|
|t:|1757843377
|switch|p2a: Kapilz|Breloom, F|100/100
|turn|11
|
|t:|1757843386
|switch|p1a: Zapdos|Zapdos|100/100
|move|p2a: Kapilz|Bullet Seed|p1a: Zapdos
|-resisted|p1a: Zapdos
|-damage|p1a: Zapdos|92/100
|-resisted|p1a: Zapdos
|-damage|p1a: Zapdos|84/100
|-hitcount|p1a: Zapdos|2
|-damage|p2a: Kapilz|91/100|[from] item: Life Orb
|
|upkeep
|turn|12
|
|t:|1757843394
|move|p2a: Kapilz|Rock Tomb|p1a: Zapdos
|-supereffective|p1a: Zapdos
|-damage|p1a: Zapdos|28/100
|-unboost|p1a: Zapdos|spe|1
|-damage|p2a: Kapilz|81/100|[from] item: Life Orb
|move|p1a: Zapdos|Thunder Wave|p2a: Kapilz
|-status|p2a: Kapilz|par
|
|upkeep
|turn|13
|
|t:|1757843405
|move|p1a: Zapdos|Hurricane|p2a: Kapilz|[miss]
|-miss|p1a: Zapdos|p2a: Kapilz
|move|p2a: Kapilz|Rock Tomb|p1a: Zapdos
|-supereffective|p1a: Zapdos
|-damage|p1a: Zapdos|0 fnt
|faint|p1a: Zapdos
|-damage|p2a: Kapilz|71/100 par|[from] item: Life Orb
|
|upkeep
|
|t:|1757843418
|switch|p1a: Darkrai|Darkrai|100/100
|turn|14
|
|t:|1757843422
|move|p2a: Kapilz|Mach Punch|p1a: Darkrai
|-supereffective|p1a: Darkrai
|-damage|p1a: Darkrai|0 fnt
|faint|p1a: Darkrai
|-damage|p2a: Kapilz|61/100 par|[from] item: Life Orb
|
|upkeep
|
|t:|1757843426
|switch|p1a: Ogerpon|Ogerpon-Wellspring-Tera, F, tera:Water|79/100
|-ability|p1a: Ogerpon|Embody Aspect (Wellspring)|boost
|-boost|p1a: Ogerpon|spd|1
|turn|15
|
|t:|1757843432
|switch|p2a: Lumiflora|Glimmora, F|100/100
|move|p1a: Ogerpon|U-turn|p2a: Lumiflora
|-resisted|p2a: Lumiflora
|-damage|p2a: Lumiflora|84/100
|-activate|p2a: Lumiflora|ability: Toxic Debris
|-sidestart|p1: trrzno2|move: Toxic Spikes
|
|t:|1757843435
|switch|p1a: Scizor|Scizor, M|100/100|[from] U-turn
|
|upkeep
|turn|16
|
|t:|1757843443
|switch|p2a: Fiaro|Talonflame, F|100/100
|move|p1a: Scizor|Swords Dance|p1a: Scizor
|-boost|p1a: Scizor|atk|2
|
|upkeep
|turn|17
|
|t:|1757843448
|move|p1a: Scizor|Bullet Punch|p2a: Fiaro
|-resisted|p2a: Fiaro
|-damage|p2a: Fiaro|63/100
|-status|p1a: Scizor|brn|[from] ability: Flame Body|[of] p2a: Fiaro
|-damage|p1a: Scizor|91/100 brn|[from] item: Life Orb
|move|p2a: Fiaro|Flamethrower|p1a: Scizor
|-supereffective|p1a: Scizor
|-damage|p1a: Scizor|0 fnt
|faint|p1a: Scizor
|
|upkeep
|
|t:|1757843452
|switch|p1a: Ogerpon|Ogerpon-Wellspring-Tera, F, tera:Water|79/100
|-status|p1a: Ogerpon|psn
|-ability|p1a: Ogerpon|Embody Aspect (Wellspring)|boost
|-boost|p1a: Ogerpon|spd|1
|turn|18
|
|t:|1757843464
|switch|p2a: Lumiflora|Glimmora, F|84/100
|move|p1a: Ogerpon|Ivy Cudgel|p2a: Lumiflora|[anim] Ivy Cudgel Water
|-supereffective|p2a: Lumiflora
|-damage|p2a: Lumiflora|0 fnt
|-activate|p2a: Lumiflora|ability: Toxic Debris
|-sidestart|p1: trrzno2|move: Toxic Spikes
|faint|p2a: Lumiflora
|
|-damage|p1a: Ogerpon|67/100 psn|[from] psn
|upkeep
|
|t:|1757843474
|switch|p2a: Kapilz|Breloom, F|61/100 par
|turn|19
|
|t:|1757843477
|cant|p2a: Kapilz|par
|move|p1a: Ogerpon|U-turn|p2a: Kapilz
|-damage|p2a: Kapilz|17/100 par
|
|t:|1757843479
|switch|p1a: Garganacl|Garganacl, M|86/100|[from] U-turn
|
|-heal|p1a: Garganacl|92/100|[from] item: Leftovers
|upkeep
|turn|20
|
|t:|1757843491
|move|p2a: Kapilz|Bullet Seed|p1a: Garganacl
|-supereffective|p1a: Garganacl
|-damage|p1a: Garganacl|57/100
|-supereffective|p1a: Garganacl
|-damage|p1a: Garganacl|26/100
|-supereffective|p1a: Garganacl
|-damage|p1a: Garganacl|0 fnt
|faint|p1a: Garganacl
|-hitcount|p1: Garganacl|3
|-damage|p2a: Kapilz|7/100 par|[from] item: Life Orb
|
|upkeep
|
|t:|1757843494
|switch|p1a: Ogerpon|Ogerpon-Wellspring-Tera, F, tera:Water|67/100 psn
|-ability|p1a: Ogerpon|Embody Aspect (Wellspring)|boost
|-boost|p1a: Ogerpon|spd|1
|turn|21
|
|t:|1757843502
|move|p2a: Kapilz|Mach Punch|p1a: Ogerpon
|-damage|p1a: Ogerpon|20/100 psn
|-damage|p2a: Kapilz|0 fnt|[from] item: Life Orb
|faint|p2a: Kapilz
|move|p1a: Ogerpon|Horn Leech|p2: Kapilz|[notarget]
|-fail|p1a: Ogerpon
|
|-damage|p1a: Ogerpon|8/100 psn|[from] psn
|upkeep
|
|t:|1757843510
|switch|p2a: Fiaro|Talonflame, F|63/100
|turn|22
|
|t:|1757843513
|move|p1a: Ogerpon|Ivy Cudgel|p2a: Fiaro|[anim] Ivy Cudgel Water
|-supereffective|p2a: Fiaro
|-damage|p2a: Fiaro|0 fnt
|faint|p2a: Fiaro
|
|win|trrzno2
|raw|trrzno2's rating: 1313 &rarr; <strong>1332</strong><br />(+19 for winning)
|raw|I will eat another's rating: 1302 &rarr; <strong>1283</strong><br />(-19 for losing)
|l|☆I will eat another
|player|p2|
|l|☆trrzno2
|player|p1|
