|j|☆ProfSheen
|j|☆SittinGamer
|t:|1757912653
|gametype|singles
|player|p1|ProfSheen|169|1498
|player|p2|SittinGamer|dawn-gen4pt|1453
|gen|9
|tier|[Gen 9] OU
|rated|
|rule|HP Percentage Mod: HP is shown in percentages
|rule|Endless Battle Clause: Forcing endless battles is banned
|rule|Species Clause: Limit one of each Pokémon
|rule|OHKO Clause: OHKO moves are banned
|rule|Evasion Items Clause: Evasion items are banned
|rule|Evasion Moves Clause: Evasion moves are banned
|rule|Evasion Abilities Clause: Evasion abilities are banned
|rule|Sleep Moves Clause: Sleep-inducing moves are banned
|clearpoke
|poke|p1|Ursaluna, M|
|poke|p1|Cresselia, F|
|poke|p1|Grimmsnarl, M|
|poke|p1|Zamazenta-*|
|poke|p1|Sinistcha-Masterpiece|
|poke|p1|Tentacruel, M|
|poke|p2|Infernape, M|
|poke|p2|Samurott-Hisui, M|
|poke|p2|Gholdengo|
|poke|p2|Hatterene, F|
|poke|p2|Great Tusk|
|poke|p2|Zamazenta-*|
|teampreview
|
|t:|1757912676
|teamsize|p1|6
|teamsize|p2|6
|start
|switch|p1a: Grimmsnarl|Grimmsnarl, M, shiny|100/100
|switch|p2a: Infernape|Infernape, M|100/100
|turn|1
|
|t:|1757912695
|move|p1a: Grimmsnarl|Parting Shot|p2a: Infernape
|-unboost|p2a: Infernape|atk|1
|-unboost|p2a: Infernape|spa|1
|
|t:|1757912698
|switch|p1a: Tentacruel|Tentacruel, M|100/100|[from] Parting Shot
|move|p2a: Infernape|Stealth Rock|p1a: Tentacruel
|-sidestart|p1: ProfSheen|move: Stealth Rock
|
|upkeep
|turn|2
|
|t:|1757912705
|switch|p2a: Samurott|Samurott-Hisui, M|100/100
|move|p1a: Tentacruel|Rapid Spin|p2a: Samurott
|-damage|p2a: Samurott|93/100
|-boost|p1a: Tentacruel|spe|1
|-sideend|p1: ProfSheen|Stealth Rock|[from] move: Rapid Spin|[of] p1a: Tentacruel
|
|upkeep
|turn|3
|
|t:|1757912711
|move|p1a: Tentacruel|Flip Turn|p2a: Samurott
|-resisted|p2a: Samurott
|-damage|p2a: Samurott|86/100
|
|t:|1757912719
|switch|p1a: Zamazenta|Zamazenta, shiny|100/100|[from] Flip Turn
|-ability|p1a: Zamazenta|Dauntless Shield|boost
|-boost|p1a: Zamazenta|def|1
|move|p2a: Samurott|Ceaseless Edge|p1a: Zamazenta
|-resisted|p1a: Zamazenta
|-damage|p1a: Zamazenta|89/100
|-sidestart|p1: ProfSheen|Spikes
|
|-heal|p1a: Zamazenta|95/100|[from] item: Leftovers
|upkeep
|turn|4
|
|t:|1757912728
|move|p1a: Zamazenta|Iron Defense|p1a: Zamazenta
|-boost|p1a: Zamazenta|def|2
|move|p2a: Samurott|Knock Off|p1a: Zamazenta
|-resisted|p1a: Zamazenta
|-damage|p1a: Zamazenta|89/100
|-enditem|p1a: Zamazenta|Leftovers|[from] move: Knock Off|[of] p2a: Samurott
|
|upkeep
|turn|5
|
|t:|1757912734
|switch|p2a: Gholdengo|Gholdengo|100/100
|move|p1a: Zamazenta|Iron Defense|p1a: Zamazenta
|-boost|p1a: Zamazenta|def|2
|
|upkeep
|turn|6
|
|t:|1757912744
|-terastallize|p1a: Zamazenta|Steel
|move|p2a: Gholdengo|Make It Rain|p1a: Zamazenta
|-resisted|p1a: Zamazenta
|-damage|p1a: Zamazenta|65/100
|-unboost|p2a: Gholdengo|spa|1
|move|p1a: Zamazenta|Crunch|p2a: Gholdengo
|-supereffective|p2a: Gholdengo
|-damage|p2a: Gholdengo|55/100
|
|upkeep
|turn|7
|
|t:|1757912754
|switch|p2a: Zamazenta|Zamazenta|100/100
|-ability|p2a: Zamazenta|Dauntless Shield|boost
|-boost|p2a: Zamazenta|def|1
|move|p1a: Zamazenta|Body Press|p2a: Zamazenta
|-damage|p2a: Zamazenta|47/100
|
|-heal|p2a: Zamazenta|53/100|[from] item: Leftovers
|upkeep
|turn|8
|
|t:|1757912758
|move|p1a: Zamazenta|Body Press|p2a: Zamazenta
|-damage|p2a: Zamazenta|0 fnt
|faint|p2a: Zamazenta
|
|upkeep
|
|t:|1757912761
|switch|p2a: Gholdengo|Gholdengo|55/100
|turn|9
|
|t:|1757912767
|move|p2a: Gholdengo|Focus Blast|p1a: Zamazenta
|-supereffective|p1a: Zamazenta
|-damage|p1a: Zamazenta|0 fnt
|faint|p1a: Zamazenta
|
|upkeep
|
|t:|1757912772
|switch|p1a: Grimmsnarl|Grimmsnarl, M, shiny|100/100
|-damage|p1a: Grimmsnarl|88/100|[from] Spikes
|turn|10
|
|t:|1757912778
|switch|p2a: Samurott|Samurott-Hisui, M|86/100
|move|p1a: Grimmsnarl|Sucker Punch||[still]
|-fail|p1a: Grimmsnarl
|
|upkeep
|turn|11
|
|t:|1757912782
|move|p2a: Samurott|Ceaseless Edge|p1a: Grimmsnarl
|-resisted|p1a: Grimmsnarl
|-damage|p1a: Grimmsnarl|76/100
|-sidestart|p1: ProfSheen|Spikes
|move|p1a: Grimmsnarl|Play Rough|p2a: Samurott
|-supereffective|p2a: Samurott
|-damage|p2a: Samurott|0 fnt
|faint|p2a: Samurott
|
|upkeep
|
|t:|1757912794
|switch|p2a: Infernape|Infernape, M|100/100
|turn|12
|
|t:|1757912807
|move|p1a: Grimmsnarl|Parting Shot|p2a: Infernape
|-unboost|p2a: Infernape|atk|1
|-unboost|p2a: Infernape|spa|1
|
|t:|1757912808
|switch|p1a: Tentacruel|Tentacruel, M|100/100|[from] Parting Shot
|-damage|p1a: Tentacruel|84/100|[from] Spikes
|move|p2a: Infernape|Stealth Rock|p1a: Tentacruel
|-sidestart|p1: ProfSheen|move: Stealth Rock
|
|upkeep
|turn|13
|
|t:|1757912812
|switch|p2a: Gholdengo|Gholdengo|55/100
|move|p1a: Tentacruel|Rapid Spin|p2a: Gholdengo
|-immune|p2a: Gholdengo
|
|upkeep
|turn|14
|
|t:|1757912816
|move|p2a: Gholdengo|Shadow Ball|p1a: Tentacruel
|-damage|p1a: Tentacruel|63/100
|-unboost|p1a: Tentacruel|spd|1
|move|p1a: Tentacruel|Hydro Pump|p2a: Gholdengo|[miss]
|-miss|p1a: Tentacruel|p2a: Gholdengo
|
|upkeep
|turn|15
|
|t:|1757912821
|move|p2a: Gholdengo|Shadow Ball|p1a: Tentacruel
|-damage|p1a: Tentacruel|27/100
|-unboost|p1a: Tentacruel|spd|1
|move|p1a: Tentacruel|Hydro Pump|p2a: Gholdengo
|-damage|p2a: Gholdengo|17/100
|
|upkeep
|turn|16
|
|t:|1757912825
|move|p2a: Gholdengo|Shadow Ball|p1a: Tentacruel
|-damage|p1a: Tentacruel|0 fnt
|faint|p1a: Tentacruel
|
|upkeep
|
|t:|1757912829
|switch|p1a: Grimmsnarl|Grimmsnarl, M, shiny|76/100
|-damage|p1a: Grimmsnarl|59/100|[from] Spikes
|-damage|p1a: Grimmsnarl|47/100|[from] Stealth Rock
|turn|17
|
|t:|1757912836
|switch|p2a: Hatterene|Hatterene, F|100/100
|move|p1a: Grimmsnarl|Sucker Punch||[still]
|-fail|p1a: Grimmsnarl
|
|upkeep
|turn|18
|
|t:|1757912844
|move|p1a: Grimmsnarl|Parting Shot|p2a: Hatterene
|move|p2a: Hatterene|Parting Shot|p1a: Grimmsnarl|[from] ability: Magic Bounce
|-unboost|p1a: Grimmsnarl|atk|1
|-unboost|p1a: Grimmsnarl|spa|1
|
|t:|1757912853
|switch|p2a: Gholdengo|Gholdengo|17/100|[from] Parting Shot
|
|upkeep
|turn|19
|
|t:|1757912857
|move|p1a: Grimmsnarl|Sucker Punch|p2a: Gholdengo
|-supereffective|p2a: Gholdengo
|-damage|p2a: Gholdengo|0 fnt
|faint|p2a: Gholdengo
|
|upkeep
|
|t:|1757912863
|switch|p2a: Hatterene|Hatterene, F|100/100
|turn|20
|
|t:|1757912865
|move|p1a: Grimmsnarl|Parting Shot|p2a: Hatterene
|move|p2a: Hatterene|Parting Shot|p1a: Grimmsnarl|[from] ability: Magic Bounce
|-unboost|p1a: Grimmsnarl|atk|1
|-unboost|p1a: Grimmsnarl|spa|1
|
|t:|1757912867
|switch|p2a: Great Tusk|Great Tusk|100/100|[from] Parting Shot
|-enditem|p2a: Great Tusk|Booster Energy
|-activate|p2a: Great Tusk|ability: Protosynthesis|[fromitem]
|-start|p2a: Great Tusk|protosynthesisatk
|
|upkeep
|turn|21
|
|t:|1757912873
|move|p1a: Grimmsnarl|Trick|p2a: Great Tusk
|-activate|p1a: Grimmsnarl|move: Trick|[of] p2a: Great Tusk
|-item|p2a: Great Tusk|Lagging Tail|[from] move: Trick
|-enditem|p1a: Grimmsnarl|Lagging Tail|[silent]|[from] move: Trick
|move|p2a: Great Tusk|Knock Off|p1a: Grimmsnarl
|-resisted|p1a: Grimmsnarl
|-damage|p1a: Grimmsnarl|39/100
|
|upkeep
|turn|22
|
|t:|1757912878
|move|p1a: Grimmsnarl|Play Rough|p2a: Great Tusk
|-supereffective|p2a: Great Tusk
|-damage|p2a: Great Tusk|66/100
|move|p2a: Great Tusk|Rapid Spin|p1a: Grimmsnarl
|-damage|p1a: Grimmsnarl|15/100
|-boost|p2a: Great Tusk|spe|1
|
|upkeep
|turn|23
|
|t:|1757912884
|move|p1a: Grimmsnarl|Play Rough|p2a: Great Tusk
|-supereffective|p2a: Great Tusk
|-damage|p2a: Great Tusk|36/100
|move|p2a: Great Tusk|Ice Spinner|p1a: Grimmsnarl
|-damage|p1a: Grimmsnarl|0 fnt
|faint|p1a: Grimmsnarl
|
|upkeep
|
|t:|1757912889
|switch|p1a: Sinistcha|Sinistcha-Masterpiece, shiny|100/100
|turn|24
|
|t:|1757912893
|-terastallize|p2a: Great Tusk|Steel
|move|p1a: Sinistcha|Matcha Gotcha|p2a: Great Tusk
|-resisted|p2a: Great Tusk
|-damage|p2a: Great Tusk|13/100
|-status|p2a: Great Tusk|brn
|move|p2a: Great Tusk|Knock Off|p1a: Sinistcha
|-supereffective|p1a: Sinistcha
|-damage|p1a: Sinistcha|69/100
|-enditem|p1a: Sinistcha|Heavy-Duty Boots|[from] move: Knock Off|[of] p2a: Great Tusk
|
|-damage|p2a: Great Tusk|6/100 brn|[from] brn
|upkeep
|turn|25
|
|t:|1757912903
|move|p1a: Sinistcha|Iron Defense|p1a: Sinistcha
|-boost|p1a: Sinistcha|def|2
|move|p2a: Great Tusk|Ice Spinner|p1a: Sinistcha
|-supereffective|p1a: Sinistcha
|-damage|p1a: Sinistcha|56/100
|
|-damage|p2a: Great Tusk|0 fnt|[from] brn
|faint|p2a: Great Tusk
|-end|p2a: Great Tusk|Protosynthesis|[silent]
|upkeep
|
|t:|1757912906
|switch|p2a: Infernape|Infernape, M|100/100
|turn|26
|
|t:|1757912909
|move|p2a: Infernape|Overheat|p1a: Sinistcha
|-supereffective|p1a: Sinistcha
|-damage|p1a: Sinistcha|0 fnt
|-unboost|p2a: Infernape|spa|2
|faint|p1a: Sinistcha
|
|upkeep
|
|t:|1757912913
|switch|p1a: Ursaluna|Ursaluna, M, shiny|100/100
|-damage|p1a: Ursaluna|84/100|[from] Spikes
|-damage|p1a: Ursaluna|78/100|[from] Stealth Rock
|turn|27
|
|t:|1757912920
|move|p2a: Infernape|Knock Off|p1a: Ursaluna
|-damage|p1a: Ursaluna|62/100
|-enditem|p1a: Ursaluna|Flame Orb|[from] move: Knock Off|[of] p2a: Infernape
|move|p1a: Ursaluna|Facade|p2a: Infernape
|-damage|p2a: Infernape|33/100
|
|upkeep
|turn|28
|
|t:|1757912934
|move|p2a: Infernape|Overheat|p1a: Ursaluna
|-damage|p1a: Ursaluna|20/100
|-unboost|p2a: Infernape|spa|2
|move|p1a: Ursaluna|Facade|p2a: Infernape
|-damage|p2a: Infernape|0 fnt
|faint|p2a: Infernape
|
|upkeep
|
|t:|1757912937
|switch|p2a: Hatterene|Hatterene, F|100/100
|turn|29
|
|t:|1757912941
|switch|p1a: Cresselia|Cresselia, F|100/100
|-damage|p1a: Cresselia|88/100|[from] Stealth Rock
|move|p2a: Hatterene|Draining Kiss|p1a: Cresselia
|-damage|p1a: Cresselia|71/100
|
|upkeep
|turn|30
|
|t:|1757912946
|move|p1a: Cresselia|Thunder Wave|p2a: Hatterene
|move|p2a: Hatterene|Thunder Wave|p1a: Cresselia|[from] ability: Magic Bounce
|-status|p1a: Cresselia|par
|move|p2a: Hatterene|Psychic Noise|p1a: Cresselia
|-resisted|p1a: Cresselia
|-damage|p1a: Cresselia|56/100 par
|-start|p1a: Cresselia|move: Heal Block
|
|upkeep
|turn|31
|
|t:|1757912954
|move|p1a: Cresselia|Moonblast|p2a: Hatterene
|-damage|p2a: Hatterene|89/100
|-unboost|p2a: Hatterene|spa|1
|move|p2a: Hatterene|Mystical Fire|p1a: Cresselia
|-damage|p1a: Cresselia|44/100 par
|-unboost|p1a: Cresselia|spa|1
|
|-end|p1a: Cresselia|move: Heal Block
|upkeep
|turn|32
|
|t:|1757912960
|move|p1a: Cresselia|Lunar Dance|p1a: Cresselia
|faint|p1a: Cresselia
|move|p2a: Hatterene|Psychic Noise|p1: Cresselia|[notarget]
|-fail|p2a: Hatterene
|
|upkeep
|
|t:|1757912962
|switch|p1a: Ursaluna|Ursaluna, M, shiny|20/100
|-heal|p1a: Ursaluna|100/100|[from] move: Lunar Dance
|-damage|p1a: Ursaluna|84/100|[from] Spikes
|-damage|p1a: Ursaluna|78/100|[from] Stealth Rock
|turn|33
|
|t:|1757912978
|move|p1a: Ursaluna|Headlong Rush|p2a: Hatterene
|-damage|p2a: Hatterene|7/100
|-unboost|p1a: Ursaluna|def|1
|-unboost|p1a: Ursaluna|spd|1
|move|p2a: Hatterene|Draining Kiss|p1a: Ursaluna
|-damage|p1a: Ursaluna|54/100
|-heal|p2a: Hatterene|34/100|[from] drain|[of] p1a: Ursaluna
|
|upkeep
|turn|34
|
|t:|1757912984
|move|p1a: Ursaluna|Headlong Rush|p2a: Hatterene
|-damage|p2a: Hatterene|0 fnt
|-unboost|p1a: Ursaluna|def|1
|-unboost|p1a: Ursaluna|spd|1
|faint|p2a: Hatterene
|
|win|ProfSheen
|raw|ProfSheen's rating: 1498 &rarr; <strong>1515</strong><br />(+17 for winning)
|raw|SittinGamer's rating: 1453 &rarr; <strong>1436</strong><br />(-17 for losing)
|l|☆SittinGamer
|player|p2|
|l|☆ProfSheen
|player|p1|
