|j|☆StarPollution
|j|☆yin_open
|t:|1757955194
|gametype|singles
|player|p1|StarPollution|cheryl|1071
|player|p2|yin_open|juan|1148
|gen|9
|tier|[Gen 9] OU
|rated|
|rule|HP Percentage Mod: HP is shown in percentages
|rule|Endless Battle Clause: Forcing endless battles is banned
|rule|Species Clause: Limit one of each Pokémon
|rule|OHKO Clause: OHKO moves are banned
|rule|Evasion Items Clause: Evasion items are banned
|rule|Evasion Moves Clause: Evasion moves are banned
|rule|Evasion Abilities Clause: Evasion abilities are banned
|rule|Sleep Moves Clause: Sleep-inducing moves are banned
|clearpoke
|poke|p1|Glimmora, F|
|poke|p1|Hatterene, F|
|poke|p1|Espeon, M|
|poke|p1|Kingambit, F|
|poke|p1|Umbreon, F|
|poke|p1|Dondozo, M|
|poke|p2|Rillaboom, M|
|poke|p2|Infernape, M|
|poke|p2|Zarude-Dada|
|poke|p2|Okidogi, M|
|poke|p2|Munkidori, M|
|poke|p2|Slaking, F|
|teampreview
|
|t:|1757955217
|teamsize|p1|6
|teamsize|p2|6
|start
|switch|p1a: Glimmora|Glimmora, F|100/100
|switch|p2a: Vinikiba|Munkidori, M|100/100
|-item|p1a: Glimmora|Air Balloon
|turn|1
|
|t:|1757955223
|move|p2a: Vinikiba|Trick|p1a: Glimmora
|-activate|p2a: Vinikiba|move: Trick|[of] p1a: Glimmora
|-item|p1a: Glimmora|Choice Scarf|[from] move: Trick
|-item|p2a: Vinikiba|Air Balloon
|-item|p2a: Vinikiba|Air Balloon|[from] move: Trick
|move|p1a: Glimmora|Toxic|p2a: Vinikiba
|-status|p2a: Vinikiba|tox
|
|-damage|p2a: Vinikiba|95/100 tox|[from] psn
|upkeep
|turn|2
|
|t:|1757955250
|switch|p2a: Bate na parede|Okidogi, M|100/100
|move|p1a: Glimmora|Toxic|p2a: Bate na parede
|-status|p2a: Bate na parede|tox
|
|-damage|p2a: Bate na parede|94/100 tox|[from] psn
|upkeep
|turn|3
|
|t:|1757955263
|move|p1a: Glimmora|Toxic|p2a: Bate na parede
|-fail|p2a: Bate na parede|tox
|move|p2a: Bate na parede|Psychic Fangs|p1a: Glimmora
|-supereffective|p1a: Glimmora
|-damage|p1a: Glimmora|38/100
|
|-damage|p2a: Bate na parede|82/100 tox|[from] psn
|upkeep
|turn|4
|
|t:|1757955273
|switch|p1a: Umbreon|Umbreon, F|100/100
|move|p2a: Bate na parede|Psychic Fangs|p1a: Umbreon
|-immune|p1a: Umbreon
|
|-damage|p2a: Bate na parede|64/100 tox|[from] psn
|upkeep
|turn|5
|
|t:|1757955287
|move|p1a: Umbreon|Protect|p1a: Umbreon
|-singleturn|p1a: Umbreon|Protect
|move|p2a: Bate na parede|Drain Punch|p1a: Umbreon
|-activate|p1a: Umbreon|move: Protect
|
|-damage|p2a: Bate na parede|40/100 tox|[from] psn
|upkeep
|turn|6
|
|t:|1757955295
|switch|p2a: Vinikiba|Munkidori, M|95/100 tox
|-item|p2a: Vinikiba|Air Balloon
|-terastallize|p1a: Umbreon|Poison
|move|p1a: Umbreon|Moonlight|p1a: Umbreon
|-fail|p1a: Umbreon|heal
|
|-damage|p2a: Vinikiba|89/100 tox|[from] psn
|upkeep
|turn|7
|
|t:|1757955311
|move|p2a: Vinikiba|Psychic|p1a: Umbreon
|-supereffective|p1a: Umbreon
|-damage|p1a: Umbreon|50/100
|move|p1a: Umbreon|Foul Play|p2a: Vinikiba
|-supereffective|p2a: Vinikiba
|-damage|p2a: Vinikiba|35/100 tox
|-enditem|p2a: Vinikiba|Air Balloon
|
|-heal|p1a: Umbreon|56/100|[from] item: Leftovers
|-damage|p2a: Vinikiba|23/100 tox|[from] psn
|upkeep
|turn|8
|
|t:|1757955321
|move|p1a: Umbreon|Protect|p1a: Umbreon
|-singleturn|p1a: Umbreon|Protect
|move|p2a: Vinikiba|Trick|p1a: Umbreon
|-activate|p1a: Umbreon|move: Protect
|
|-heal|p1a: Umbreon|62/100|[from] item: Leftovers
|-damage|p2a: Vinikiba|5/100 tox|[from] psn
|upkeep
|turn|9
|
|t:|1757955334
|switch|p1a: Glimmora|Glimmora, F|38/100
|move|p2a: Vinikiba|Psychic|p1a: Glimmora
|-supereffective|p1a: Glimmora
|-damage|p1a: Glimmora|0 fnt
|faint|p1a: Glimmora
|
|-damage|p2a: Vinikiba|0 fnt|[from] psn
|faint|p2a: Vinikiba
|upkeep
|
|t:|1757955343
|switch|p2a: Baiano|Slaking, F|100/100
|switch|p1a: Umbreon|Umbreon, F, tera:Poison|62/100
|turn|10
|
|t:|1757955351
|switch|p2a: Bate na parede|Okidogi, M|40/100 tox
|move|p1a: Umbreon|Protect||[still]
|-fail|p1a: Umbreon
|
|-heal|p1a: Umbreon|68/100|[from] item: Leftovers
|-damage|p2a: Bate na parede|34/100 tox|[from] psn
|upkeep
|turn|11
|
|t:|1757955356
|move|p2a: Bate na parede|Psychic Fangs|p1a: Umbreon
|-supereffective|p1a: Umbreon
|-damage|p1a: Umbreon|17/100
|move|p1a: Umbreon|Moonlight|p1a: Umbreon
|-heal|p1a: Umbreon|67/100
|
|-heal|p1a: Umbreon|73/100|[from] item: Leftovers
|-damage|p2a: Bate na parede|22/100 tox|[from] psn
|upkeep
|turn|12
|
|t:|1757955366
|move|p1a: Umbreon|Protect|p1a: Umbreon
|-singleturn|p1a: Umbreon|Protect
|move|p2a: Bate na parede|Drain Punch|p1a: Umbreon
|-activate|p1a: Umbreon|move: Protect
|
|-heal|p1a: Umbreon|79/100|[from] item: Leftovers
|-damage|p2a: Bate na parede|4/100 tox|[from] psn
|upkeep
|turn|13
|
|t:|1757955379
|switch|p1a: Hatterene|Hatterene, F|100/100
|move|p2a: Bate na parede|Drain Punch|p1a: Hatterene
|-resisted|p1a: Hatterene
|-damage|p1a: Hatterene|89/100
|-heal|p2a: Bate na parede|9/100 tox|[from] drain|[of] p1a: Hatterene
|
|-heal|p1a: Hatterene|95/100|[from] item: Leftovers
|-damage|p2a: Bate na parede|0 fnt|[from] psn
|faint|p2a: Bate na parede
|upkeep
|
|t:|1757955394
|switch|p2a: Baiano|Slaking, F|100/100
|turn|14
|
|t:|1757955399
|move|p2a: Baiano|Giga Impact|p1a: Hatterene
|-damage|p1a: Hatterene|0 fnt
|-mustrecharge|p2a: Baiano
|faint|p1a: Hatterene
|
|upkeep
|
|t:|1757955404
|switch|p1a: Umbreon|Umbreon, F, tera:Poison|79/100
|turn|15
|
|t:|1757955409
|cant|p2a: Baiano|recharge
|move|p1a: Umbreon|Toxic|p2a: Baiano
|-status|p2a: Baiano|tox
|
|-heal|p1a: Umbreon|85/100|[from] item: Leftovers
|-damage|p2a: Baiano|94/100 tox|[from] psn
|upkeep
|turn|16
|
|t:|1757955416
|switch|p2a: Gohan|Infernape, M|100/100
|move|p1a: Umbreon|Protect||[still]
|-fail|p1a: Umbreon
|
|-heal|p1a: Umbreon|91/100|[from] item: Leftovers
|upkeep
|turn|17
|
|t:|1757955422
|move|p2a: Gohan|Encore|p1a: Umbreon
|-start|p1a: Umbreon|Encore
|move|p1a: Umbreon|Protect||[still]
|-fail|p1a: Umbreon
|
|-heal|p1a: Umbreon|97/100|[from] item: Leftovers
|upkeep
|turn|18
|
|t:|1757955428
|switch|p2a: Italo santos|Zarude-Dada|100/100
|switch|p1a: Kingambit|Kingambit, F|100/100
|-activate|p1a: Kingambit|ability: Supreme Overlord
|-start|p1a: Kingambit|fallen2|[silent]
|
|upkeep
|turn|19
|
|t:|1757955437
|move|p2a: Italo santos|Drain Punch|p1a: Kingambit
|-supereffective|p1a: Kingambit
|-damage|p1a: Kingambit|28/100
|move|p1a: Kingambit|X-Scissor|p2a: Italo santos
|-supereffective|p2a: Italo santos
|-damage|p2a: Italo santos|0 fnt
|faint|p2a: Italo santos
|
|upkeep
|
|t:|1757955441
|switch|p2a: Gohan|Infernape, M|100/100
|turn|20
|
|t:|1757955448
|move|p1a: Kingambit|Sucker Punch|p2a: Gohan
|-resisted|p2a: Gohan
|-crit|p2a: Gohan
|-damage|p2a: Gohan|44/100
|move|p2a: Gohan|Fire Blast|p1a: Kingambit
|-supereffective|p1a: Kingambit
|-damage|p1a: Kingambit|0 fnt
|faint|p1a: Kingambit
|-end|p1a: Kingambit|fallen2|[silent]
|
|upkeep
|
|t:|1757955460
|switch|p1a: Espeon|Espeon, M|100/100
|turn|21
|
|t:|1757955466
|move|p2a: Gohan|Vacuum Wave|p1a: Espeon
|-resisted|p1a: Espeon
|-damage|p1a: Espeon|89/100
|move|p1a: Espeon|Psyshock|p2a: Gohan
|-supereffective|p2a: Gohan
|-damage|p2a: Gohan|0 fnt
|faint|p2a: Gohan
|
|upkeep
|
|t:|1757955470
|switch|p2a: Baiano|Slaking, F|94/100 tox
|turn|22
|
|t:|1757955477
|move|p2a: Baiano|Giga Impact|p1a: Espeon
|-damage|p1a: Espeon|0 fnt
|-mustrecharge|p2a: Baiano
|faint|p1a: Espeon
|
|-damage|p2a: Baiano|88/100 tox|[from] psn
|upkeep
|
|t:|1757955492
|switch|p1a: Dondozo|Dondozo, M|100/100
|turn|23
|
|t:|1757955495
|cant|p2a: Baiano|recharge
|move|p1a: Dondozo|Avalanche|p2a: Baiano
|-crit|p2a: Baiano
|-damage|p2a: Baiano|64/100 tox
|
|-damage|p2a: Baiano|52/100 tox|[from] psn
|upkeep
|turn|24
|
|t:|1757955502
|switch|p2a: Mc gorila|Rillaboom, M|100/100
|-fieldstart|move: Grassy Terrain|[from] ability: Grassy Surge|[of] p2a: Mc gorila
|move|p1a: Dondozo|Protect||[still]
|-fail|p1a: Dondozo
|
|upkeep
|turn|25
|
|t:|1757955508
|move|p2a: Mc gorila|Grassy Glide|p1a: Dondozo
|-supereffective|p1a: Dondozo
|-damage|p1a: Dondozo|47/100
|-damage|p2a: Mc gorila|91/100|[from] item: Life Orb
|move|p1a: Dondozo|Avalanche|p2a: Mc gorila
|-supereffective|p2a: Mc gorila
|-damage|p2a: Mc gorila|3/100
|
|-heal|p2a: Mc gorila|9/100|[from] Grassy Terrain
|-heal|p1a: Dondozo|53/100|[from] Grassy Terrain
|-heal|p1a: Dondozo|60/100|[from] item: Leftovers
|upkeep
|turn|26
|
|t:|1757955525
|switch|p1a: Umbreon|Umbreon, F, tera:Poison|97/100
|move|p2a: Mc gorila|Swords Dance|p2a: Mc gorila
|-boost|p2a: Mc gorila|atk|2
|
|-heal|p2a: Mc gorila|15/100|[from] Grassy Terrain
|-heal|p1a: Umbreon|100/100|[from] Grassy Terrain
|upkeep
|turn|27
|
|t:|1757955534
|move|p2a: Mc gorila|Grassy Glide|p1a: Umbreon
|-resisted|p1a: Umbreon
|-damage|p1a: Umbreon|64/100
|-damage|p2a: Mc gorila|5/100|[from] item: Life Orb
|move|p1a: Umbreon|Toxic|p2a: Mc gorila
|-status|p2a: Mc gorila|tox
|
|-heal|p2a: Mc gorila|11/100 tox|[from] Grassy Terrain
|-heal|p1a: Umbreon|70/100|[from] Grassy Terrain
|-heal|p1a: Umbreon|76/100|[from] item: Leftovers
|-damage|p2a: Mc gorila|5/100 tox|[from] psn
|upkeep
|turn|28
|
|t:|1757955547
|switch|p2a: Baiano|Slaking, F|52/100 tox
|move|p1a: Umbreon|Moonlight|p1a: Umbreon
|-heal|p1a: Umbreon|100/100
|
|-heal|p2a: Baiano|58/100 tox|[from] Grassy Terrain
|-damage|p2a: Baiano|52/100 tox|[from] psn
|-fieldend|move: Grassy Terrain
|upkeep
|turn|29
|
|t:|1757955556
|move|p1a: Umbreon|Protect|p1a: Umbreon
|-singleturn|p1a: Umbreon|Protect
|move|p2a: Baiano|Earthquake|p1a: Umbreon
|-activate|p1a: Umbreon|move: Protect
|
|-damage|p2a: Baiano|40/100 tox|[from] psn
|upkeep
|turn|30
|
|t:|1757955569
|switch|p1a: Dondozo|Dondozo, M|60/100
|cant|p2a: Baiano|ability: Truant
|
|-heal|p1a: Dondozo|66/100|[from] item: Leftovers
|-damage|p2a: Baiano|22/100 tox|[from] psn
|upkeep
|turn|31
|
|t:|1757955578
|-terastallize|p2a: Baiano|Normal
|move|p1a: Dondozo|Protect|p1a: Dondozo
|-singleturn|p1a: Dondozo|Protect
|move|p2a: Baiano|Earthquake|p1a: Dondozo
|-activate|p1a: Dondozo|move: Protect
|
|-heal|p1a: Dondozo|72/100|[from] item: Leftovers
|-damage|p2a: Baiano|0 fnt|[from] psn
|faint|p2a: Baiano
|upkeep
|
|t:|1757955580
|switch|p2a: Mc gorila|Rillaboom, M|5/100 tox
|-fieldstart|move: Grassy Terrain|[from] ability: Grassy Surge|[of] p2a: Mc gorila
|turn|32
|c|☆StarPollution|Lolz
|
|t:|1757955595
|move|p1a: Dondozo|Protect|p1a: Dondozo
|-singleturn|p1a: Dondozo|Protect
|move|p2a: Mc gorila|Drain Punch|p1a: Dondozo
|-activate|p1a: Dondozo|move: Protect
|
|-heal|p2a: Mc gorila|11/100 tox|[from] Grassy Terrain
|-heal|p1a: Dondozo|78/100|[from] Grassy Terrain
|-heal|p1a: Dondozo|84/100|[from] item: Leftovers
|-damage|p2a: Mc gorila|5/100 tox|[from] psn
|upkeep
|turn|33
|c|☆StarPollution|Get mogged
|
|t:|1757955608
|move|p2a: Mc gorila|Grassy Glide|p1a: Dondozo
|-supereffective|p1a: Dondozo
|-damage|p1a: Dondozo|22/100
|-damage|p2a: Mc gorila|0 fnt|[from] item: Life Orb
|faint|p2a: Mc gorila
|
|win|StarPollution
|raw|StarPollution's rating: 1071 &rarr; <strong>1108</strong><br />(+37 for winning)
|raw|yin_open's rating: 1170 &rarr; <strong>1138</strong><br />(-32 for losing)
|l|☆yin_open
|player|p2|
