|j|☆mathismathin
|j|☆Nikator98
|t:|1757883330
|gametype|singles
|player|p1|mathismathin|hilbert|1678
|player|p2|Nikator98|giovanni|1707
|gen|9
|tier|[Gen 9] OU
|rated|
|rule|HP Percentage Mod: HP is shown in percentages
|rule|Endless Battle Clause: Forcing endless battles is banned
|rule|Species Clause: Limit one of each Pokémon
|rule|OHKO Clause: OHKO moves are banned
|rule|Evasion Items Clause: Evasion items are banned
|rule|Evasion Moves Clause: Evasion moves are banned
|rule|Evasion Abilities Clause: Evasion abilities are banned
|rule|Sleep Moves Clause: Sleep-inducing moves are banned
|clearpoke
|poke|p1|Alomomola, F|
|poke|p1|Rillaboom, F|
|poke|p1|Great Tusk|
|poke|p1|Iron Crown|
|poke|p1|Moltres|
|poke|p1|Ting-Lu|
|poke|p2|Metagross|
|poke|p2|Great Tusk|
|poke|p2|Haxorus, M|
|poke|p2|Iron Moth|
|poke|p2|Zoroark-Hisui, M|
|poke|p2|Ninetales-Alola, F|
|teampreview
|inactive|Battle timer is ON: inactive players will automatically lose when time's up. (requested by Nikator98)
|
|t:|1757883358
|teamsize|p1|6
|teamsize|p2|6
|start
|switch|p1a: Iron Crown|Iron Crown|100/100
|switch|p2a: Arquillian Sentry|Metagross|100/100
|turn|1
|
|t:|1757883364
|move|p2a: Arquillian Sentry|Bitter Malice|p1a: Iron Crown
|-supereffective|p1a: Iron Crown
|-damage|p1a: Iron Crown|31/100
|-unboost|p1a: Iron Crown|atk|1
|move|p1a: Iron Crown|Volt Switch|p2a: Arquillian Sentry
|-damage|p2a: Arquillian Sentry|50/100
|replace|p2a: Van Helsing|Zoroark-Hisui, M, shiny
|-end|p2a: Van Helsing|Illusion
|
|t:|1757883389
|-end|p1a: Iron Crown|Quark Drive|[silent]
|switch|p1a: Ting-Lu|Ting-Lu|100/100|[from] Volt Switch
|-ability|p1a: Ting-Lu|Vessel of Ruin
|
|upkeep
|turn|2
|j| pallettownnoob
|
|t:|1757883397
|switch|p2a: Kumaryia|Great Tusk, shiny|100/100
|move|p1a: Ting-Lu|Spikes|p2a: Kumaryia
|-sidestart|p2: Nikator98|Spikes
|
|upkeep
|turn|3
|
|t:|1757883418
|move|p2a: Kumaryia|Rapid Spin|p1a: Ting-Lu
|-crit|p1a: Ting-Lu
|-damage|p1a: Ting-Lu|86/100
|-boost|p2a: Kumaryia|spe|1
|-sideend|p2: Nikator98|Spikes|[from] move: Rapid Spin|[of] p2a: Kumaryia
|move|p1a: Ting-Lu|Ruination|p2a: Kumaryia
|-damage|p2a: Kumaryia|51/100
|
|-heal|p1a: Ting-Lu|93/100|[from] item: Leftovers
|upkeep
|turn|4
|
|t:|1757883437
|switch|p1a: Moltres|Moltres|100/100
|move|p2a: Kumaryia|Knock Off|p1a: Moltres
|-damage|p1a: Moltres|77/100
|-enditem|p1a: Moltres|Heavy-Duty Boots|[from] move: Knock Off|[of] p2a: Kumaryia
|
|upkeep
|turn|5
|
|t:|1757883450
|-end|p2a: Kumaryia|Protosynthesis|[silent]
|switch|p2a: Gothmog|Iron Moth|100/100
|-enditem|p2a: Gothmog|Booster Energy
|-activate|p2a: Gothmog|ability: Quark Drive|[fromitem]
|-start|p2a: Gothmog|quarkdrivespe
|move|p1a: Moltres|Flamethrower|p2a: Gothmog
|-resisted|p2a: Gothmog
|-damage|p2a: Gothmog|80/100
|
|upkeep
|turn|6
|inactive|mathismathin has 120 seconds left.
|j| larp legion
|c| larp legion|lock in
|
|t:|1757883503
|switch|p1a: Ting-Lu|Ting-Lu|93/100
|-ability|p1a: Ting-Lu|Vessel of Ruin
|move|p2a: Gothmog|Sludge Wave|p1a: Ting-Lu
|-resisted|p1a: Ting-Lu
|-damage|p1a: Ting-Lu|82/100
|
|-heal|p1a: Ting-Lu|88/100|[from] item: Leftovers
|upkeep
|turn|7
|
|t:|1757883520
|-end|p2a: Gothmog|Quark Drive|[silent]
|switch|p2a: Asfaloth|Ninetales-Alola, F, shiny|100/100
|-weather|Snowscape|[from] ability: Snow Warning|[of] p2a: Asfaloth
|move|p1a: Ting-Lu|Earthquake|p2a: Asfaloth
|-damage|p2a: Asfaloth|69/100
|
|-weather|Snowscape|[upkeep]
|-heal|p1a: Ting-Lu|94/100|[from] item: Leftovers
|upkeep
|turn|8
|
|t:|1757883534
|move|p2a: Asfaloth|Aurora Veil|p2a: Asfaloth
|-sidestart|p2: Nikator98|move: Aurora Veil
|move|p1a: Ting-Lu|Spikes|p2a: Asfaloth
|-sidestart|p2: Nikator98|Spikes
|
|-weather|Snowscape|[upkeep]
|-heal|p1a: Ting-Lu|100/100|[from] item: Leftovers
|upkeep
|turn|9
|
|t:|1757883539
|switch|p2a: Kumaryia|Great Tusk, shiny|51/100
|switch|p1a: Iron Crown|Iron Crown|31/100
|
|-weather|Snowscape|[upkeep]
|upkeep
|turn|10
|inactive|mathismathin has 120 seconds left.
|c| larp legion|that tales was a zoroark btw
|
|t:|1757883569
|-end|p2a: Kumaryia|Protosynthesis|[silent]
|switch|p2a: Arquillian Sentry|Metagross|100/100
|-damage|p2a: Arquillian Sentry|88/100|[from] Spikes
|move|p1a: Iron Crown|Psychic Noise|p2a: Arquillian Sentry
|-resisted|p2a: Arquillian Sentry
|-damage|p2a: Arquillian Sentry|83/100
|-start|p2a: Arquillian Sentry|move: Heal Block
|
|-weather|Snowscape|[upkeep]
|upkeep
|turn|11
|
|t:|1757883580
|move|p1a: Iron Crown|Volt Switch|p2a: Arquillian Sentry
|-damage|p2a: Arquillian Sentry|71/100
|inactive|mathismathin has 90 seconds left.
|
|t:|1757883610
|-end|p1a: Iron Crown|Quark Drive|[silent]
|switch|p1a: Moltres|Moltres|77/100|[from] Volt Switch
|move|p2a: Arquillian Sentry|Stealth Rock|p1a: Moltres
|-sidestart|p1: mathismathin|move: Stealth Rock
|
|-weather|none
|-end|p2a: Arquillian Sentry|move: Heal Block
|upkeep
|turn|12
|
|t:|1757883624
|switch|p2a: Kumaryia|Great Tusk, shiny|50/100
|-damage|p2a: Kumaryia|37/100|[from] Spikes
|move|p1a: Moltres|U-turn|p2a: Kumaryia
|-resisted|p2a: Kumaryia
|-damage|p2a: Kumaryia|30/100
|replace|p2a: Van Helsing|Zoroark-Hisui, M, shiny
|-end|p2a: Van Helsing|Illusion
|
|t:|1757883637
|switch|p1a: Rillaboom|Rillaboom, F|100/100|[from] U-turn
|-damage|p1a: Rillaboom|88/100|[from] Stealth Rock
|-fieldstart|move: Grassy Terrain|[from] ability: Grassy Surge|[of] p1a: Rillaboom
|
|-heal|p2a: Van Helsing|36/100|[from] Grassy Terrain
|-heal|p1a: Rillaboom|94/100|[from] Grassy Terrain
|upkeep
|turn|13
|
|t:|1757883648
|move|p1a: Rillaboom|Grassy Glide|p2a: Van Helsing
|-crit|p2a: Van Helsing
|-damage|p2a: Van Helsing|0 fnt
|faint|p2a: Van Helsing
|
|-heal|p1a: Rillaboom|100/100|[from] Grassy Terrain
|upkeep
|
|t:|1757883660
|switch|p2a: Gothmog|Iron Moth|80/100
|-damage|p2a: Gothmog|68/100|[from] Spikes
|turn|14
|
|t:|1757883664
|switch|p1a: Ting-Lu|Ting-Lu|100/100
|-damage|p1a: Ting-Lu|94/100|[from] Stealth Rock
|-ability|p1a: Ting-Lu|Vessel of Ruin
|move|p2a: Gothmog|Fiery Dance|p1a: Ting-Lu
|-damage|p1a: Ting-Lu|78/100
|-boost|p2a: Gothmog|spa|1
|
|-heal|p2a: Gothmog|74/100|[from] Grassy Terrain
|-heal|p1a: Ting-Lu|84/100|[from] Grassy Terrain
|-heal|p1a: Ting-Lu|90/100|[from] item: Leftovers
|upkeep
|turn|15
|
|t:|1757883677
|-terastallize|p2a: Gothmog|Grass
|move|p2a: Gothmog|Energy Ball|p1a: Ting-Lu
|-supereffective|p1a: Ting-Lu
|-damage|p1a: Ting-Lu|22/100
|-unboost|p1a: Ting-Lu|spd|1
|move|p1a: Ting-Lu|Whirlwind|p2a: Gothmog
|-end|p2a: Gothmog|Quark Drive|[silent]
|drag|p2a: Lacelle|Haxorus, M|100/100
|-damage|p2a: Lacelle|88/100|[from] Spikes
|-ability|p2a: Lacelle|Mold Breaker
|
|-heal|p2a: Lacelle|94/100|[from] Grassy Terrain
|-heal|p1a: Ting-Lu|29/100|[from] Grassy Terrain
|-heal|p1a: Ting-Lu|35/100|[from] item: Leftovers
|-sideend|p2: Nikator98|move: Aurora Veil
|upkeep
|turn|16
|
|t:|1757883691
|switch|p1a: Great Tusk|Great Tusk|100/100
|move|p2a: Lacelle|Scale Shot|p1a: Great Tusk
|-damage|p1a: Great Tusk|89/100
|-damage|p1a: Great Tusk|79/100
|-damage|p1a: Great Tusk|69/100
|-crit|p1a: Great Tusk
|-damage|p1a: Great Tusk|54/100
|-hitcount|p1a: Great Tusk|4
|-unboost|p2a: Lacelle|def|1
|-boost|p2a: Lacelle|spe|1
|
|-heal|p2a: Lacelle|100/100|[from] Grassy Terrain
|-heal|p1a: Great Tusk|60/100|[from] Grassy Terrain
|-fieldend|move: Grassy Terrain
|upkeep
|turn|17
|inactive|Nikator98 has 120 seconds left.
|
|t:|1757883731
|move|p2a: Lacelle|Swords Dance|p2a: Lacelle
|-boost|p2a: Lacelle|atk|2
|move|p1a: Great Tusk|Headlong Rush|p2a: Lacelle
|-damage|p2a: Lacelle|0 fnt
|-unboost|p1a: Great Tusk|def|1
|-unboost|p1a: Great Tusk|spd|1
|faint|p2a: Lacelle
|
|upkeep
|
|t:|1757883745
|switch|p2a: Asfaloth|Ninetales-Alola, F, shiny|69/100
|-damage|p2a: Asfaloth|57/100|[from] Spikes
|-weather|Snowscape|[from] ability: Snow Warning|[of] p2a: Asfaloth
|turn|18
|
|t:|1757883751
|-end|p1a: Great Tusk|Protosynthesis|[silent]
|switch|p1a: Iron Crown|Iron Crown|31/100
|-damage|p1a: Iron Crown|25/100|[from] Stealth Rock
|move|p2a: Asfaloth|Moonblast|p1a: Iron Crown
|-resisted|p1a: Iron Crown
|-damage|p1a: Iron Crown|14/100
|
|-weather|Snowscape|[upkeep]
|upkeep
|turn|19
|inactive|Nikator98 has 120 seconds left.
|
|t:|1757883767
|move|p2a: Asfaloth|Aurora Veil|p2a: Asfaloth
|-sidestart|p2: Nikator98|move: Aurora Veil
|move|p1a: Iron Crown|Tachyon Cutter|p2a: Asfaloth
|-supereffective|p2a: Asfaloth
|-damage|p2a: Asfaloth|0 fnt
|faint|p2a: Asfaloth
|-hitcount|p2: Asfaloth|1
|
|-weather|Snowscape|[upkeep]
|upkeep
|
|t:|1757883773
|switch|p2a: Gothmog|Iron Moth, tera:Grass|74/100
|-damage|p2a: Gothmog|62/100|[from] Spikes
|turn|20
|
|t:|1757883786
|move|p2a: Gothmog|Fiery Dance|p1a: Iron Crown
|-supereffective|p1a: Iron Crown
|-damage|p1a: Iron Crown|0 fnt
|faint|p1a: Iron Crown
|-end|p1a: Iron Crown|Quark Drive|[silent]
|
|-weather|Snowscape|[upkeep]
|upkeep
|
|t:|1757883807
|switch|p1a: Great Tusk|Great Tusk|60/100
|turn|21
|
|t:|1757883820
|-terastallize|p1a: Great Tusk|Steel
|move|p2a: Gothmog|Substitute|p2a: Gothmog
|-start|p2a: Gothmog|Substitute
|-damage|p2a: Gothmog|37/100
|move|p1a: Great Tusk|Rapid Spin|p2a: Gothmog
|-activate|p2a: Gothmog|move: Substitute|[damage]
|-sideend|p1: mathismathin|Stealth Rock|[from] move: Rapid Spin|[of] p1a: Great Tusk
|-boost|p1a: Great Tusk|spe|1
|
|-weather|Snowscape|[upkeep]
|upkeep
|turn|22
|inactive|mathismathin has 120 seconds left.
|
|t:|1757883835
|move|p1a: Great Tusk|Ice Spinner|p2a: Gothmog
|-supereffective|p2a: Gothmog
|-crit|p2a: Gothmog
|-end|p2a: Gothmog|Substitute
|move|p2a: Gothmog|Fiery Dance|p1a: Great Tusk
|-supereffective|p1a: Great Tusk
|-damage|p1a: Great Tusk|0 fnt
|faint|p1a: Great Tusk
|-end|p1a: Great Tusk|Protosynthesis|[silent]
|
|-weather|none
|upkeep
|
|t:|1757883837
|switch|p1a: Moltres|Moltres|77/100
|turn|23
|
|t:|1757883856
|move|p2a: Gothmog|Sludge Wave|p1a: Moltres
|-damage|p1a: Moltres|29/100
|move|p1a: Moltres|Flamethrower|p2a: Gothmog
|-supereffective|p2a: Gothmog
|-damage|p2a: Gothmog|2/100
|
|upkeep
|turn|24
|inactive|mathismathin has 120 seconds left.
|
|t:|1757883889
|move|p2a: Gothmog|Sludge Wave|p1a: Moltres
|-damage|p1a: Moltres|0 fnt
|faint|p1a: Moltres
|
|upkeep
|
|t:|1757883892
|switch|p1a: Rillaboom|Rillaboom, F|100/100
|-fieldstart|move: Grassy Terrain|[from] ability: Grassy Surge|[of] p1a: Rillaboom
|turn|25
|
|t:|1757883897
|-end|p2a: Gothmog|Quark Drive|[silent]
|switch|p2a: Arquillian Sentry|Metagross|71/100
|-damage|p2a: Arquillian Sentry|59/100|[from] Spikes
|move|p1a: Rillaboom|Grassy Glide|p2a: Arquillian Sentry
|-resisted|p2a: Arquillian Sentry
|-damage|p2a: Arquillian Sentry|47/100
|
|-heal|p2a: Arquillian Sentry|53/100|[from] Grassy Terrain
|upkeep
|turn|26
|
|t:|1757883911
|switch|p1a: Alomomola|Alomomola, F|100/100
|move|p2a: Arquillian Sentry|Meteor Mash|p1a: Alomomola
|-resisted|p1a: Alomomola
|-damage|p1a: Alomomola|80/100
|
|-heal|p2a: Arquillian Sentry|59/100|[from] Grassy Terrain
|-heal|p1a: Alomomola|86/100|[from] Grassy Terrain
|-heal|p1a: Alomomola|92/100|[from] item: Leftovers
|-sideend|p2: Nikator98|move: Aurora Veil
|upkeep
|turn|27
|
|t:|1757883920
|move|p2a: Arquillian Sentry|Stealth Rock|p1a: Alomomola
|-sidestart|p1: mathismathin|move: Stealth Rock
|move|p1a: Alomomola|Scald|p2a: Arquillian Sentry
|-damage|p2a: Arquillian Sentry|37/100
|
|-heal|p2a: Arquillian Sentry|43/100|[from] Grassy Terrain
|-heal|p1a: Alomomola|99/100|[from] Grassy Terrain
|-heal|p1a: Alomomola|100/100|[from] item: Leftovers
|upkeep
|turn|28
|
|t:|1757883935
|move|p2a: Arquillian Sentry|Psychic Fangs|p1a: Alomomola
|-damage|p1a: Alomomola|62/100
|move|p1a: Alomomola|Scald|p2a: Arquillian Sentry
|-damage|p2a: Arquillian Sentry|19/100
|-status|p2a: Arquillian Sentry|brn
|
|-heal|p2a: Arquillian Sentry|25/100 brn|[from] Grassy Terrain
|-heal|p1a: Alomomola|68/100|[from] Grassy Terrain
|-heal|p1a: Alomomola|74/100|[from] item: Leftovers
|-damage|p2a: Arquillian Sentry|19/100 brn|[from] brn
|upkeep
|turn|29
|c| larp legion|yk what time it is
|j| argotheleaf
|inactive|mathismathin has 120 seconds left.
|-enditem|p2a: Arquillian Sentry|Custap Berry|[eat]
|-activate|p2a: Arquillian Sentry|item: Custap Berry|[consumed]
|
|t:|1757883965
|move|p2a: Arquillian Sentry|Explosion|p1a: Alomomola
|-damage|p1a: Alomomola|38/100
|faint|p2a: Arquillian Sentry
|move|p1a: Alomomola|Substitute|p1a: Alomomola
|-start|p1a: Alomomola|Substitute
|-damage|p1a: Alomomola|13/100
|
|-heal|p1a: Alomomola|20/100|[from] Grassy Terrain
|-heal|p1a: Alomomola|26/100|[from] item: Leftovers
|-fieldend|move: Grassy Terrain
|upkeep
|
|t:|1757883976
|switch|p2a: Kumaryia|Great Tusk, shiny|51/100
|turn|30
|c| argotheleaf|:O
|
|t:|1757883980
|move|p2a: Kumaryia|Rapid Spin|p1a: Alomomola
|-activate|p1a: Alomomola|move: Substitute|[damage]
|-sideend|p2: Nikator98|Spikes|[from] move: Rapid Spin|[of] p2a: Kumaryia
|-boost|p2a: Kumaryia|spe|1
|move|p1a: Alomomola|Scald|p2a: Kumaryia
|-supereffective|p2a: Kumaryia
|-damage|p2a: Kumaryia|0 fnt
|faint|p2a: Kumaryia
|-end|p2a: Kumaryia|Protosynthesis|[silent]
|
|-heal|p1a: Alomomola|32/100|[from] item: Leftovers
|upkeep
|c|☆mathismathin|gg
|-message|Nikator98 forfeited.
|
|win|mathismathin
|raw|mathismathin's rating: 1657 &rarr; <strong>1680</strong><br />(+23 for winning)
|raw|Nikator98's rating: 1707 &rarr; <strong>1684</strong><br />(-23 for losing)
|l|☆Nikator98
|player|p2|
|l| argotheleaf
|l| pallettownnoob
