|j|☆13089565007Y
|j|☆loneslopeman
|t:|1757916478
|gametype|singles
|player|p1|13089565007Y|acetrainer|1292
|player|p2|loneslopeman|1|1239
|gen|9
|tier|[Gen 9] OU
|rated|
|rule|HP Percentage Mod: HP is shown in percentages
|rule|Endless Battle Clause: Forcing endless battles is banned
|rule|Species Clause: Limit one of each Pokémon
|rule|OHKO Clause: OHKO moves are banned
|rule|Evasion Items Clause: Evasion items are banned
|rule|Evasion Moves Clause: Evasion moves are banned
|rule|Evasion Abilities Clause: Evasion abilities are banned
|rule|Sleep Moves Clause: Sleep-inducing moves are banned
|clearpoke
|poke|p1|Ogerpon, F|
|poke|p1|Rillaboom, M|
|poke|p1|Great Tusk|
|poke|p1|Gholdengo|
|poke|p1|Moltres|
|poke|p1|Samurott-Hisui, F|
|poke|p2|Zarude-Dada|
|poke|p2|Torkoal, F|
|poke|p2|Scream Tail|
|poke|p2|Great Tusk|
|poke|p2|Zamazenta-*|
|poke|p2|Walking Wake|
|teampreview
|
|t:|1757916501
|teamsize|p1|6
|teamsize|p2|6
|start
|switch|p1a: Samurott|Samurott-Hisui, F|100/100
|switch|p2a: Torkoal|Torkoal, F|100/100
|-weather|SunnyDay|[from] ability: Drought|[of] p2a: Torkoal
|turn|1
|
|t:|1757916508
|move|p1a: Samurott|Ceaseless Edge|p2a: Torkoal|[miss]
|-miss|p1a: Samurott|p2a: Torkoal
|move|p2a: Torkoal|Stealth Rock|p1a: Samurott
|-sidestart|p1: 13089565007Y|move: Stealth Rock
|
|-weather|SunnyDay|[upkeep]
|upkeep
|turn|2
|inactive|Battle timer is ON: inactive players will automatically lose when time's up. (requested by 13089565007Y)
|
|t:|1757916517
|switch|p2a: Great Tusk|Great Tusk|100/100
|-activate|p2a: Great Tusk|ability: Protosynthesis
|-start|p2a: Great Tusk|protosynthesisatk
|move|p1a: Samurott|Ceaseless Edge|p2a: Great Tusk
|-resisted|p2a: Great Tusk
|-damage|p2a: Great Tusk|88/100
|-sidestart|p2: loneslopeman|Spikes
|
|-weather|SunnyDay|[upkeep]
|upkeep
|turn|3
|
|t:|1757916526
|move|p1a: Samurott|Razor Shell|p2a: Great Tusk
|-supereffective|p2a: Great Tusk
|-damage|p2a: Great Tusk|58/100
|-unboost|p2a: Great Tusk|def|1
|move|p2a: Great Tusk|Earthquake|p1a: Samurott
|-damage|p1a: Samurott|20/100
|
|-weather|SunnyDay|[upkeep]
|upkeep
|turn|4
|
|t:|1757916537
|switch|p1a: Great Tusk|Great Tusk|100/100
|-activate|p1a: Great Tusk|ability: Protosynthesis
|-start|p1a: Great Tusk|protosynthesisatk
|move|p2a: Great Tusk|Rapid Spin|p1a: Great Tusk
|-damage|p1a: Great Tusk|81/100
|-boost|p2a: Great Tusk|spe|1
|-sideend|p2: loneslopeman|Spikes|[from] move: Rapid Spin|[of] p2a: Great Tusk
|
|-weather|SunnyDay|[upkeep]
|upkeep
|turn|5
|
|t:|1757916550
|move|p2a: Great Tusk|Ice Spinner|p1a: Great Tusk
|-supereffective|p1a: Great Tusk
|-damage|p1a: Great Tusk|20/100
|move|p1a: Great Tusk|Rapid Spin|p2a: Great Tusk
|-damage|p2a: Great Tusk|37/100
|-boost|p1a: Great Tusk|spe|1
|-sideend|p1: 13089565007Y|Stealth Rock|[from] move: Rapid Spin|[of] p1a: Great Tusk
|
|-weather|SunnyDay|[upkeep]
|upkeep
|turn|6
|
|t:|1757916576
|move|p1a: Great Tusk|Headlong Rush|p2a: Great Tusk
|-damage|p2a: Great Tusk|0 fnt
|-unboost|p1a: Great Tusk|def|1
|-unboost|p1a: Great Tusk|spd|1
|faint|p2a: Great Tusk
|-end|p2a: Great Tusk|Protosynthesis|[silent]
|
|-weather|SunnyDay|[upkeep]
|upkeep
|
|t:|1757916582
|switch|p2a: Walking Wake|Walking Wake|100/100
|-activate|p2a: Walking Wake|ability: Protosynthesis
|-start|p2a: Walking Wake|protosynthesisspe
|turn|7
|
|t:|1757916593
|-end|p1a: Great Tusk|Protosynthesis|[silent]
|switch|p1a: Rillaboom|Rillaboom, M|100/100
|-fieldstart|move: Grassy Terrain|[from] ability: Grassy Surge|[of] p1a: Rillaboom
|move|p2a: Walking Wake|Flamethrower|p1a: Rillaboom
|-supereffective|p1a: Rillaboom
|-damage|p1a: Rillaboom|0 fnt
|faint|p1a: Rillaboom
|-damage|p2a: Walking Wake|91/100|[from] item: Life Orb
|
|-weather|SunnyDay|[upkeep]
|-heal|p2a: Walking Wake|97/100|[from] Grassy Terrain
|upkeep
|
|t:|1757916608
|switch|p1a: Ogerpon|Ogerpon, F|100/100
|turn|8
|
|t:|1757916615
|-terastallize|p1a: Ogerpon|Grass
|detailschange|p1a: Ogerpon|Ogerpon-Teal-Tera, F, tera:Grass
|-ability|p1a: Ogerpon|Embody Aspect (Teal)|boost
|-boost|p1a: Ogerpon|spe|1
|move|p1a: Ogerpon|Ivy Cudgel|p2a: Walking Wake
|-damage|p2a: Walking Wake|0 fnt
|faint|p2a: Walking Wake
|-end|p2a: Walking Wake|Protosynthesis|[silent]
|
|-weather|none
|upkeep
|
|t:|1757916628
|switch|p2a: Torkoal|Torkoal, F|100/100
|-weather|SunnyDay|[from] ability: Drought|[of] p2a: Torkoal
|turn|9
|
|t:|1757916634
|switch|p1a: Moltres|Moltres|100/100
|move|p2a: Torkoal|Stealth Rock|p1a: Moltres
|-sidestart|p1: 13089565007Y|move: Stealth Rock
|
|-weather|SunnyDay|[upkeep]
|upkeep
|turn|10
|
|t:|1757916640
|switch|p2a: Scream Tail|Scream Tail|100/100
|-activate|p2a: Scream Tail|ability: Protosynthesis
|-start|p2a: Scream Tail|protosynthesisspd
|move|p1a: Moltres|Flamethrower|p2a: Scream Tail
|-damage|p2a: Scream Tail|75/100
|
|-weather|SunnyDay|[upkeep]
|-heal|p2a: Scream Tail|81/100|[from] Grassy Terrain
|upkeep
|turn|11
|
|t:|1757916660
|switch|p1a: Gholdengo|Gholdengo|100/100
|-damage|p1a: Gholdengo|94/100|[from] Stealth Rock
|-item|p1a: Gholdengo|Air Balloon
|move|p2a: Scream Tail|Reflect|p2a: Scream Tail
|-sidestart|p2: loneslopeman|Reflect
|
|-weather|SunnyDay|[upkeep]
|-heal|p2a: Scream Tail|87/100|[from] Grassy Terrain
|upkeep
|turn|12
|
|t:|1757916679
|-end|p2a: Scream Tail|Protosynthesis|[silent]
|switch|p2a: Zarude|Zarude-Dada|100/100
|move|p1a: Gholdengo|Nasty Plot|p1a: Gholdengo
|-boost|p1a: Gholdengo|spa|2
|
|-weather|SunnyDay|[upkeep]
|upkeep
|turn|13
|
|t:|1757916687
|switch|p1a: Samurott|Samurott-Hisui, F|20/100
|-damage|p1a: Samurott|7/100|[from] Stealth Rock
|move|p2a: Zarude|Knock Off|p1a: Samurott
|-resisted|p1a: Samurott
|-damage|p1a: Samurott|0 fnt
|-enditem|p1a: Samurott|Assault Vest|[from] move: Knock Off|[of] p2a: Zarude
|faint|p1a: Samurott
|
|-weather|SunnyDay|[upkeep]
|upkeep
|
|t:|1757916693
|switch|p1a: Ogerpon|Ogerpon-Teal-Tera, F, tera:Grass|100/100
|-damage|p1a: Ogerpon|88/100|[from] Stealth Rock
|-ability|p1a: Ogerpon|Embody Aspect (Teal)|boost
|-boost|p1a: Ogerpon|spe|1
|turn|14
|
|t:|1757916708
|move|p1a: Ogerpon|U-turn|p2a: Zarude
|-supereffective|p2a: Zarude
|-damage|p2a: Zarude|35/100
|
|t:|1757916712
|switch|p1a: Moltres|Moltres|100/100|[from] U-turn
|move|p2a: Zarude|Bulk Up|p2a: Zarude
|-boost|p2a: Zarude|atk|1
|-boost|p2a: Zarude|def|1
|
|-weather|SunnyDay|[upkeep]
|-heal|p2a: Zarude|41/100|[from] Grassy Terrain
|-heal|p2a: Zarude|47/100|[from] item: Leftovers
|-fieldend|move: Grassy Terrain
|upkeep
|turn|15
|
|t:|1757916723
|move|p2a: Zarude|Knock Off|p1a: Moltres
|-damage|p1a: Moltres|58/100
|-enditem|p1a: Moltres|Heavy-Duty Boots|[from] move: Knock Off|[of] p2a: Zarude
|move|p1a: Moltres|Flamethrower|p2a: Zarude
|-supereffective|p2a: Zarude
|-damage|p2a: Zarude|0 fnt
|faint|p2a: Zarude
|
|-weather|SunnyDay|[upkeep]
|upkeep
|
|t:|1757916736
|switch|p2a: Scream Tail|Scream Tail|87/100
|-activate|p2a: Scream Tail|ability: Protosynthesis
|-start|p2a: Scream Tail|protosynthesisspd
|turn|16
|inactive|loneslopeman has 120 seconds left.
|inactive|loneslopeman has 90 seconds left.
|inactive|loneslopeman has 60 seconds left.
|
|t:|1757916848
|move|p2a: Scream Tail|Psychic Noise|p1a: Moltres
|-damage|p1a: Moltres|40/100
|-start|p1a: Moltres|move: Heal Block
|move|p1a: Moltres|Will-O-Wisp|p2a: Scream Tail
|-status|p2a: Scream Tail|brn
|
|-weather|none
|-end|p2a: Scream Tail|Protosynthesis
|-damage|p2a: Scream Tail|81/100 brn|[from] brn
|upkeep
|turn|17
|inactive|loneslopeman has 30 seconds left.
|inactive|13089565007Y has 120 seconds left.
|
|t:|1757916902
|switch|p1a: Gholdengo|Gholdengo|94/100
|-damage|p1a: Gholdengo|88/100|[from] Stealth Rock
|-item|p1a: Gholdengo|Air Balloon
|move|p2a: Scream Tail|Psychic Noise|p1a: Gholdengo
|-resisted|p1a: Gholdengo
|-damage|p1a: Gholdengo|78/100
|-start|p1a: Gholdengo|move: Heal Block
|-enditem|p1a: Gholdengo|Air Balloon
|
|-damage|p2a: Scream Tail|75/100 brn|[from] brn
|upkeep
|turn|18
|inactive|loneslopeman has 30 seconds left.
|
|t:|1757916914
|move|p1a: Gholdengo|Shadow Ball|p2a: Scream Tail
|-supereffective|p2a: Scream Tail
|-damage|p2a: Scream Tail|24/100 brn
|-unboost|p2a: Scream Tail|spd|1
|move|p2a: Scream Tail|Light Screen|p2a: Scream Tail
|-sidestart|p2: loneslopeman|move: Light Screen
|
|-damage|p2a: Scream Tail|18/100 brn|[from] brn
|-end|p1a: Gholdengo|move: Heal Block
|-sideend|p2: loneslopeman|Reflect
|upkeep
|turn|19
|inactive|loneslopeman has 30 seconds left.
|
|t:|1757916926
|-end|p2a: Scream Tail|Protosynthesis|[silent]
|switch|p2a: Zamazenta|Zamazenta|100/100
|-ability|p2a: Zamazenta|Dauntless Shield|boost
|-boost|p2a: Zamazenta|def|1
|move|p1a: Gholdengo|Shadow Ball|p2a: Zamazenta
|-damage|p2a: Zamazenta|85/100
|
|-heal|p2a: Zamazenta|91/100|[from] item: Leftovers
|upkeep
|turn|20
|inactive|loneslopeman has 30 seconds left.
|
|t:|1757916946
|-terastallize|p2a: Zamazenta|Dark
|move|p2a: Zamazenta|Crunch|p1a: Gholdengo
|-supereffective|p1a: Gholdengo
|-damage|p1a: Gholdengo|0 fnt
|faint|p1a: Gholdengo
|
|-heal|p2a: Zamazenta|97/100|[from] item: Leftovers
|upkeep
|
|t:|1757916961
|switch|p1a: Ogerpon|Ogerpon-Teal-Tera, F, tera:Grass|88/100
|-damage|p1a: Ogerpon|76/100|[from] Stealth Rock
|-ability|p1a: Ogerpon|Embody Aspect (Teal)|boost
|-boost|p1a: Ogerpon|spe|1
|turn|21
|inactive|loneslopeman has 30 seconds left.
|inactive|loneslopeman has 20 seconds left.
|inactive|loneslopeman has 15 seconds left.
|inactive|loneslopeman has 10 seconds left.
|inactive|loneslopeman has 5 seconds left.
|
|t:|1757917001
|move|p1a: Ogerpon|Rock Tomb|p2a: Zamazenta
|-damage|p2a: Zamazenta|85/100
|-unboost|p2a: Zamazenta|spe|1
|move|p2a: Zamazenta|Body Press|p1a: Ogerpon
|-damage|p1a: Ogerpon|0 fnt
|faint|p1a: Ogerpon
|detailschange|p1: Ogerpon|Ogerpon, F|[silent]
|
|-heal|p2a: Zamazenta|91/100|[from] item: Leftovers
|upkeep
|
|t:|1757917024
|switch|p1a: Moltres|Moltres|40/100
|-damage|p1a: Moltres|0 fnt|[from] Stealth Rock
|faint|p1a: Moltres
|
|t:|1757917029
|switch|p1a: Great Tusk|Great Tusk|20/100
|turn|22
|inactive|loneslopeman has 25 seconds left this turn.
|-message|13089565007Y forfeited.
|
|win|loneslopeman
|raw|13089565007Y's rating: 1292 &rarr; <strong>1263</strong><br />(-29 for losing)
|raw|loneslopeman's rating: 1239 &rarr; <strong>1268</strong><br />(+29 for winning)
|l|☆13089565007Y
|player|p1|
|l|☆loneslopeman
|player|p2|
