|j|☆Overnight cbrn by
|j|☆hsysbsbs
|t:|1757874849
|gametype|singles
|player|p1|Overnight cbrn by|youngcouple|1182
|player|p2|hsysbsbs|266|1140
|gen|9
|tier|[Gen 9] OU
|rated|
|rule|HP Percentage Mod: HP is shown in percentages
|rule|Endless Battle Clause: Forcing endless battles is banned
|rule|Species Clause: Limit one of each Pokémon
|rule|OHKO Clause: OHKO moves are banned
|rule|Evasion Items Clause: Evasion items are banned
|rule|Evasion Moves Clause: Evasion moves are banned
|rule|Evasion Abilities Clause: Evasion abilities are banned
|rule|Sleep Moves Clause: Sleep-inducing moves are banned
|clearpoke
|poke|p1|Hawlucha, M|
|poke|p1|Kyurem|
|poke|p1|Iron Treads|
|poke|p1|Iron Moth|
|poke|p1|Rillaboom, F|
|poke|p1|Clodsire, M|
|poke|p2|Goodra-Hisui, F|
|poke|p2|Arcanine-Hisui, F|
|poke|p2|Comfey, F|
|poke|p2|Cinderace, F|
|poke|p2|Araquanid, F|
|poke|p2|Lurantis, M|
|teampreview
|inactive|Battle timer is ON: inactive players will automatically lose when time's up. (requested by Overnight cbrn by)
|
|t:|1757874856
|teamsize|p1|6
|teamsize|p2|6
|start
|switch|p1a: Rillaboom|Rillaboom, F|100/100
|switch|p2a: Araquanid|Araquanid, F|100/100
|-fieldstart|move: Grassy Terrain|[from] ability: Grassy Surge|[of] p1a: Rillaboom
|turn|1
|
|t:|1757874863
|move|p1a: Rillaboom|Wood Hammer|p2a: Araquanid
|-damage|p2a: Araquanid|0 fnt
|faint|p2a: Araquanid
|-damage|p1a: Rillaboom|68/100|[from] Recoil
|
|-heal|p1a: Rillaboom|74/100|[from] Grassy Terrain
|upkeep
|
|t:|1757874876
|switch|p2a: Cinderace|Cinderace, F|100/100
|turn|2
|
|t:|1757874884
|switch|p1a: Clodsire|Clodsire, M|100/100
|move|p2a: Cinderace|Pyro Ball|p1a: Clodsire
|-damage|p1a: Clodsire|49/100
|
|-heal|p1a: Clodsire|55/100|[from] Grassy Terrain
|upkeep
|turn|3
|
|t:|1757874896
|move|p2a: Cinderace|Pyro Ball|p1a: Clodsire
|-damage|p1a: Clodsire|10/100
|move|p1a: Clodsire|Recover|p1a: Clodsire
|-heal|p1a: Clodsire|60/100
|
|-heal|p1a: Clodsire|66/100|[from] Grassy Terrain
|upkeep
|turn|4
|
|t:|1757874904
|move|p2a: Cinderace|Pyro Ball|p1a: Clodsire
|-damage|p1a: Clodsire|15/100
|move|p1a: Clodsire|Recover|p1a: Clodsire
|-heal|p1a: Clodsire|65/100
|
|-heal|p1a: Clodsire|72/100|[from] Grassy Terrain
|upkeep
|turn|5
|
|t:|1757874912
|move|p2a: Cinderace|Pyro Ball|p1a: Clodsire
|-damage|p1a: Clodsire|26/100
|move|p1a: Clodsire|Recover|p1a: Clodsire
|-heal|p1a: Clodsire|76/100
|
|-heal|p1a: Clodsire|82/100|[from] Grassy Terrain
|-fieldend|move: Grassy Terrain
|upkeep
|turn|6
|
|t:|1757874922
|move|p2a: Cinderace|Pyro Ball|p1a: Clodsire
|-damage|p1a: Clodsire|37/100
|move|p1a: Clodsire|Recover|p1a: Clodsire
|-heal|p1a: Clodsire|87/100
|
|upkeep
|turn|7
|
|t:|1757874928
|move|p2a: Cinderace|Pyro Ball|p1a: Clodsire
|-damage|p1a: Clodsire|39/100
|move|p1a: Clodsire|Recover|p1a: Clodsire
|-heal|p1a: Clodsire|89/100
|
|upkeep
|turn|8
|
|t:|1757874936
|switch|p2a: Goodra|Goodra-Hisui, F|100/100
|move|p1a: Clodsire|Recover|p1a: Clodsire
|-heal|p1a: Clodsire|100/100
|
|upkeep
|turn|9
|
|t:|1757874947
|switch|p1a: Iron Treads|Iron Treads|100/100
|-enditem|p1a: Iron Treads|Booster Energy
|-activate|p1a: Iron Treads|ability: Quark Drive|[fromitem]
|-start|p1a: Iron Treads|quarkdrivespe
|move|p2a: Goodra|Curse|p2a: Goodra
|-unboost|p2a: Goodra|spe|1
|-boost|p2a: Goodra|atk|1
|-boost|p2a: Goodra|def|1
|
|upkeep
|turn|10
|
|t:|1757874965
|-terastallize|p2a: Goodra|Flying
|move|p1a: Iron Treads|Stealth Rock|p2a: Goodra
|-sidestart|p2: hsysbsbs|move: Stealth Rock
|move|p2a: Goodra|Curse|p2a: Goodra
|-unboost|p2a: Goodra|spe|1
|-boost|p2a: Goodra|atk|1
|-boost|p2a: Goodra|def|1
|
|upkeep
|turn|11
|
|t:|1757874975
|move|p1a: Iron Treads|Knock Off|p2a: Goodra
|-damage|p2a: Goodra|86/100
|-enditem|p2a: Goodra|Sitrus Berry|[from] move: Knock Off|[of] p1a: Iron Treads
|move|p2a: Goodra|Earthquake|p1a: Iron Treads
|-supereffective|p1a: Iron Treads
|-damage|p1a: Iron Treads|11/100
|
|upkeep
|turn|12
|
|t:|1757874983
|-end|p1a: Iron Treads|Quark Drive|[silent]
|switch|p1a: Clodsire|Clodsire, M|100/100
|move|p2a: Goodra|Curse|p2a: Goodra
|-unboost|p2a: Goodra|spe|1
|-boost|p2a: Goodra|atk|1
|-boost|p2a: Goodra|def|1
|
|upkeep
|turn|13
|
|t:|1757874991
|move|p1a: Clodsire|Poison Jab|p2a: Goodra
|-damage|p2a: Goodra|67/100
|move|p2a: Goodra|Earthquake|p1a: Clodsire
|-supereffective|p1a: Clodsire
|-damage|p1a: Clodsire|61/100
|
|upkeep
|turn|14
|
|t:|1757874998
|move|p1a: Clodsire|Poison Jab|p2a: Goodra
|-damage|p2a: Goodra|44/100
|-status|p2a: Goodra|psn
|move|p2a: Goodra|Knock Off|p1a: Clodsire
|-crit|p1a: Clodsire
|-damage|p1a: Clodsire|35/100
|-enditem|p1a: Clodsire|Ability Shield|[from] move: Knock Off|[of] p2a: Goodra
|
|-damage|p2a: Goodra|32/100 psn|[from] psn
|upkeep
|turn|15
|
|t:|1757875009
|move|p1a: Clodsire|Recover|p1a: Clodsire
|-heal|p1a: Clodsire|85/100
|move|p2a: Goodra|Earthquake|p1a: Clodsire
|-supereffective|p1a: Clodsire
|-damage|p1a: Clodsire|48/100
|
|-damage|p2a: Goodra|19/100 psn|[from] psn
|upkeep
|turn|16
|
|t:|1757875017
|move|p1a: Clodsire|Poison Jab|p2a: Goodra
|-damage|p2a: Goodra|0 fnt
|faint|p2a: Goodra
|
|upkeep
|
|t:|1757875026
|switch|p2a: Cinderace|Cinderace, F|100/100
|turn|17
|
|t:|1757875029
|move|p2a: Cinderace|Pyro Ball|p1a: Clodsire
|-crit|p1a: Clodsire
|-damage|p1a: Clodsire|0 fnt
|faint|p1a: Clodsire
|
|upkeep
|
|t:|1757875032
|switch|p1a: Iron Moth|Iron Moth|100/100
|-enditem|p1a: Iron Moth|Booster Energy
|-activate|p1a: Iron Moth|ability: Quark Drive|[fromitem]
|-start|p1a: Iron Moth|quarkdrivespa
|turn|18
|
|t:|1757875038
|move|p2a: Cinderace|Court Change|p2a: Cinderace
|-start|p2a: Cinderace|typechange|Normal|[from] ability: Libero
|-swapsideconditions
|-activate|p2a: Cinderace|move: Court Change
|move|p1a: Iron Moth|Agility|p1a: Iron Moth
|-boost|p1a: Iron Moth|spe|2
|
|upkeep
|turn|19
|
|t:|1757875046
|move|p2a: Cinderace|Sucker Punch|p1a: Iron Moth
|-damage|p1a: Iron Moth|62/100
|move|p1a: Iron Moth|Fiery Dance|p2a: Cinderace
|-damage|p2a: Cinderace|10/100
|-boost|p1a: Iron Moth|spa|1
|
|upkeep
|turn|20
|
|t:|1757875054
|move|p2a: Cinderace|Sucker Punch|p1a: Iron Moth
|-damage|p1a: Iron Moth|21/100
|move|p1a: Iron Moth|Fiery Dance|p2a: Cinderace
|-damage|p2a: Cinderace|0 fnt
|-boost|p1a: Iron Moth|spa|1
|faint|p2a: Cinderace
|
|upkeep
|
|t:|1757875063
|switch|p2a: Arcanine|Arcanine-Hisui, F|100/100
|-ability|p2a: Arcanine|Intimidate|boost
|-unboost|p1a: Iron Moth|atk|1
|turn|21
|
|t:|1757875068
|move|p2a: Arcanine|Extreme Speed|p1a: Iron Moth
|-damage|p1a: Iron Moth|0 fnt
|faint|p1a: Iron Moth
|-end|p1a: Iron Moth|Quark Drive|[silent]
|
|upkeep
|
|t:|1757875070
|switch|p1a: Hawlucha|Hawlucha, M|100/100
|-damage|p1a: Hawlucha|88/100|[from] Stealth Rock
|turn|22
|
|t:|1757875078
|move|p1a: Hawlucha|Endure|p1a: Hawlucha
|-singleturn|p1a: Hawlucha|move: Endure
|move|p2a: Arcanine|Flare Blitz|p1a: Hawlucha
|-activate|p1a: Hawlucha|move: Endure
|-damage|p1a: Hawlucha|1/100
|-enditem|p1a: Hawlucha|Liechi Berry|[eat]
|-boost|p1a: Hawlucha|atk|1|[from] item: Liechi Berry
|-damage|p2a: Arcanine|75/100|[from] Recoil
|
|-heal|p2a: Arcanine|81/100|[from] item: Leftovers
|upkeep
|turn|23
|
|t:|1757875098
|move|p1a: Hawlucha|Upper Hand|p2a: Arcanine
|-supereffective|p2a: Arcanine
|-crit|p2a: Arcanine
|-damage|p2a: Arcanine|0 fnt
|faint|p2a: Arcanine
|
|upkeep
|
|t:|1757875107
|switch|p2a: Comfey|Comfey, F|100/100
|turn|24
|
|t:|1757875114
|move|p1a: Hawlucha|Upper Hand||[still]
|-fail|p1a: Hawlucha
|move|p2a: Comfey|Calm Mind|p2a: Comfey
|-boost|p2a: Comfey|spa|1
|-boost|p2a: Comfey|spd|1
|
|upkeep
|turn|25
|
|t:|1757875122
|move|p1a: Hawlucha|Upper Hand||[still]
|-fail|p1a: Hawlucha
|move|p2a: Comfey|Calm Mind|p2a: Comfey
|-boost|p2a: Comfey|spa|1
|-boost|p2a: Comfey|spd|1
|
|upkeep
|turn|26
|
|t:|1757875134
|move|p1a: Hawlucha|Acrobatics|p2a: Comfey
|-damage|p2a: Comfey|5/100
|move|p2a: Comfey|Calm Mind|p2a: Comfey
|-boost|p2a: Comfey|spa|1
|-boost|p2a: Comfey|spd|1
|
|-heal|p2a: Comfey|11/100|[from] item: Leftovers
|upkeep
|turn|27
|
|t:|1757875143
|move|p1a: Hawlucha|Upper Hand|p2a: Comfey
|-resisted|p2a: Comfey
|-damage|p2a: Comfey|0 fnt
|faint|p2a: Comfey
|
|upkeep
|
|t:|1757875148
|switch|p2a: Lurantis|Lurantis, M|100/100
|turn|28
|
|t:|1757875151
|move|p1a: Hawlucha|Acrobatics|p2a: Lurantis
|-supereffective|p2a: Lurantis
|-damage|p2a: Lurantis|0 fnt
|faint|p2a: Lurantis
|
|win|Overnight cbrn by
|raw|Overnight cbrn by's rating: 1182 &rarr; <strong>1204</strong><br />(+22 for winning)
|raw|hsysbsbs's rating: 1140 &rarr; <strong>1118</strong><br />(-22 for losing)
|l|☆hsysbsbs
|player|p2|
|l|☆Overnight cbrn by
|player|p1|
