|j|☆Sulley365
|j|‽huzkage
|t:|1757825400
|gametype|singles
|player|p1|Sulley365|giovanni|1207
|player|p2|huzkage|silver|1252
|gen|9
|tier|[Gen 9] OU
|rated|
|rule|HP Percentage Mod: HP is shown in percentages
|rule|Endless Battle Clause: Forcing endless battles is banned
|rule|Species Clause: Limit one of each Pokémon
|rule|OHKO Clause: OHKO moves are banned
|rule|Evasion Items Clause: Evasion items are banned
|rule|Evasion Moves Clause: Evasion moves are banned
|rule|Evasion Abilities Clause: Evasion abilities are banned
|rule|Sleep Moves Clause: Sleep-inducing moves are banned
|clearpoke
|poke|p1|Cinccino, M|
|poke|p1|Corviknight, M|
|poke|p1|Ceruledge, F|
|poke|p1|Cinderace, F|
|poke|p1|Ting-Lu|
|poke|p1|Thundurus-Therian, M|
|poke|p2|Araquanid, F|
|poke|p2|Gholdengo|
|poke|p2|Kingambit, F|
|poke|p2|Raging Bolt|
|poke|p2|Enamorus, F|
|poke|p2|Iron Moth|
|teampreview
|inactive|Battle timer is ON: inactive players will automatically lose when time's up. (requested by Sulley365)
|inactive|huzkage has 120 seconds left.
|
|t:|1757825440
|teamsize|p1|6
|teamsize|p2|6
|start
|switch|p1a: Cinccino|Cinccino, M|100/100
|switch|p2a: Gholdengo|Gholdengo|100/100
|-item|p2a: Gholdengo|Air Balloon
|turn|1
|
|t:|1757825458
|switch|p1a: Ting-Lu|Ting-Lu|100/100
|-ability|p1a: Ting-Lu|Vessel of Ruin
|move|p2a: Gholdengo|Psyshock|p1a: Ting-Lu
|-immune|p1a: Ting-Lu
|
|upkeep
|turn|2
|
|t:|1757825464
|switch|p2a: Araquanid|Araquanid, F, shiny|100/100
|move|p1a: Ting-Lu|Ruination|p2a: Araquanid|[miss]
|-miss|p1a: Ting-Lu|p2a: Araquanid
|
|upkeep
|turn|3
|
|t:|1757825472
|switch|p1a: Cinccino|Cinccino, M|100/100
|move|p2a: Araquanid|Sticky Web|p1a: Cinccino
|-sidestart|p1: Sulley365|move: Sticky Web
|
|upkeep
|turn|4
|
|t:|1757825480
|move|p1a: Cinccino|Tidy Up|p1a: Cinccino
|-sideend|p1: Sulley365|Sticky Web
|-activate|p1a: Cinccino|move: Tidy Up
|-boost|p1a: Cinccino|atk|1
|-boost|p1a: Cinccino|spe|1
|move|p2a: Araquanid|Surf|p1a: Cinccino
|-crit|p1a: Cinccino
|-damage|p1a: Cinccino|0 fnt
|faint|p1a: Cinccino
|
|upkeep
|
|t:|1757825491
|switch|p1a: Thundurus|Thundurus-Therian, M|100/100
|turn|5
|
|t:|1757825496
|move|p2a: Araquanid|Endure|p2a: Araquanid
|-singleturn|p2a: Araquanid|move: Endure
|move|p1a: Thundurus|Volt Switch|p2a: Araquanid
|-supereffective|p2a: Araquanid
|-activate|p2a: Araquanid|move: Endure
|-damage|p2a: Araquanid|1/100
|
|t:|1757825503
|switch|p1a: Ceruledge|Ceruledge, F|100/100|[from] Volt Switch
|
|upkeep
|turn|6
|
|t:|1757825514
|switch|p2a: Kingambit|Kingambit, F, shiny|100/100
|move|p1a: Ceruledge|Shadow Sneak|p2a: Kingambit
|-resisted|p2a: Kingambit
|-damage|p2a: Kingambit|91/100
|
|upkeep
|turn|7
|
|t:|1757825524
|-terastallize|p2a: Kingambit|Dark
|move|p1a: Ceruledge|Close Combat|p2a: Kingambit
|-supereffective|p2a: Kingambit
|-damage|p2a: Kingambit|18/100
|-unboost|p1a: Ceruledge|def|1
|-unboost|p1a: Ceruledge|spd|1
|move|p2a: Kingambit|Swords Dance|p2a: Kingambit
|-boost|p2a: Kingambit|atk|2
|
|upkeep
|turn|8
|
|t:|1757825532
|move|p2a: Kingambit|Sucker Punch|p1a: Ceruledge
|-supereffective|p1a: Ceruledge
|-enditem|p1a: Ceruledge|Focus Sash
|-damage|p1a: Ceruledge|1/100
|-ability|p1a: Ceruledge|Weak Armor|boost
|-unboost|p1a: Ceruledge|def|1
|-boost|p1a: Ceruledge|spe|2
|move|p1a: Ceruledge|Close Combat|p2a: Kingambit
|-supereffective|p2a: Kingambit
|-damage|p2a: Kingambit|0 fnt
|-unboost|p1a: Ceruledge|def|1
|-unboost|p1a: Ceruledge|spd|1
|faint|p2a: Kingambit
|-end|p2a: Kingambit|fallenundefined|[silent]
|
|upkeep
|
|t:|1757825556
|switch|p2a: Raging Bolt|Raging Bolt|100/100
|-enditem|p2a: Raging Bolt|Booster Energy
|-activate|p2a: Raging Bolt|ability: Protosynthesis|[fromitem]
|-start|p2a: Raging Bolt|protosynthesisspa
|turn|9
|
|t:|1757825559
|switch|p1a: Ting-Lu|Ting-Lu|100/100
|-ability|p1a: Ting-Lu|Vessel of Ruin
|move|p2a: Raging Bolt|Dragon Pulse|p1a: Ting-Lu
|-damage|p1a: Ting-Lu|67/100
|
|upkeep
|turn|10
|
|t:|1757825566
|-end|p2a: Raging Bolt|Protosynthesis|[silent]
|switch|p2a: Gholdengo|Gholdengo|100/100
|-item|p2a: Gholdengo|Air Balloon
|move|p1a: Ting-Lu|Ruination|p2a: Gholdengo
|-damage|p2a: Gholdengo|51/100
|-enditem|p2a: Gholdengo|Air Balloon
|-damage|p1a: Ting-Lu|57/100|[from] item: Life Orb
|
|upkeep
|turn|11
|
|t:|1757825580
|move|p2a: Gholdengo|Make It Rain|p1a: Ting-Lu
|-damage|p1a: Ting-Lu|17/100
|-unboost|p2a: Gholdengo|spa|1
|move|p1a: Ting-Lu|Earthquake|p2a: Gholdengo
|-supereffective|p2a: Gholdengo
|-damage|p2a: Gholdengo|0 fnt
|faint|p2a: Gholdengo
|-damage|p1a: Ting-Lu|7/100|[from] item: Life Orb
|
|upkeep
|
|t:|1757825587
|switch|p2a: Iron Moth|Iron Moth, shiny|100/100
|-enditem|p2a: Iron Moth|Booster Energy
|-activate|p2a: Iron Moth|ability: Quark Drive|[fromitem]
|-start|p2a: Iron Moth|quarkdrivespa
|turn|12
|
|t:|1757825593
|move|p2a: Iron Moth|Fiery Dance|p1a: Ting-Lu
|-damage|p1a: Ting-Lu|0 fnt
|faint|p1a: Ting-Lu
|
|upkeep
|inactive|Sulley365 has 120 seconds left.
|
|t:|1757825627
|switch|p1a: Cinderace|Cinderace, F|100/100
|turn|13
|
|t:|1757825639
|move|p2a: Iron Moth|Sludge Wave|p1a: Cinderace
|-damage|p1a: Cinderace|10/100
|move|p1a: Cinderace|Pyro Ball|p2a: Iron Moth
|-resisted|p2a: Iron Moth
|-damage|p2a: Iron Moth|51/100
|
|upkeep
|turn|14
|
|t:|1757825646
|move|p1a: Cinderace|Sucker Punch|p2a: Iron Moth
|-start|p1a: Cinderace|typechange|Dark|[from] ability: Libero
|-damage|p2a: Iron Moth|0 fnt
|faint|p2a: Iron Moth
|-end|p2a: Iron Moth|Quark Drive|[silent]
|
|upkeep
|
|t:|1757825657
|switch|p2a: Araquanid|Araquanid, F, shiny|1/100
|turn|15
|-enditem|p2a: Araquanid|Custap Berry|[eat]
|-activate|p2a: Araquanid|item: Custap Berry|[consumed]
|
|t:|1757825669
|move|p2a: Araquanid|Surf|p1a: Cinderace
|-damage|p1a: Cinderace|0 fnt
|faint|p1a: Cinderace
|
|upkeep
|
|t:|1757825681
|switch|p1a: Ceruledge|Ceruledge, F|1/100
|turn|16
|
|t:|1757825687
|move|p1a: Ceruledge|Bitter Blade|p2a: Araquanid
|-crit|p2a: Araquanid
|-damage|p2a: Araquanid|0 fnt
|-heal|p1a: Ceruledge|1/100|[from] drain|[of] p2a: Araquanid
|faint|p2a: Araquanid
|
|upkeep
|
|t:|1757825702
|switch|p2a: Enamorus|Enamorus, F|100/100
|turn|17
|
|t:|1757825712
|move|p1a: Ceruledge|Shadow Sneak|p2a: Enamorus
|-damage|p2a: Enamorus|65/100
|move|p2a: Enamorus|Mystical Fire|p1a: Ceruledge
|-resisted|p1a: Ceruledge
|-damage|p1a: Ceruledge|0 fnt
|faint|p1a: Ceruledge
|
|upkeep
|
|t:|1757825724
|switch|p1a: Thundurus|Thundurus-Therian, M|100/100
|turn|18
|
|t:|1757825736
|move|p1a: Thundurus|Thunderbolt|p2a: Enamorus
|-supereffective|p2a: Enamorus
|-damage|p2a: Enamorus|0 fnt
|faint|p2a: Enamorus
|
|upkeep
|
|t:|1757825739
|switch|p2a: Raging Bolt|Raging Bolt|100/100
|turn|19
|
|t:|1757825742
|switch|p1a: Corviknight|Corviknight, M, shiny|100/100
|move|p2a: Raging Bolt|Calm Mind|p2a: Raging Bolt
|-boost|p2a: Raging Bolt|spa|1
|-boost|p2a: Raging Bolt|spd|1
|
|upkeep
|turn|20
|
|t:|1757825753
|move|p2a: Raging Bolt|Thunderbolt|p1a: Corviknight
|-supereffective|p1a: Corviknight
|-damage|p1a: Corviknight|0 fnt
|faint|p1a: Corviknight
|
|upkeep
|
|t:|1757825755
|switch|p1a: Thundurus|Thundurus-Therian, M|100/100
|turn|21
|
|t:|1757825761
|-terastallize|p1a: Thundurus|Fairy
|move|p1a: Thundurus|Tera Blast|p2a: Raging Bolt|[anim] Tera Blast Fairy
|-supereffective|p2a: Raging Bolt
|-damage|p2a: Raging Bolt|16/100
|move|p2a: Raging Bolt|Dragon Pulse|p1a: Thundurus
|-immune|p1a: Thundurus
|
|upkeep
|turn|22
|
|t:|1757825770
|move|p2a: Raging Bolt|Thunderclap|p1a: Thundurus
|-immune|p1a: Thundurus|[from] ability: Volt Absorb
|move|p1a: Thundurus|Tera Blast|p2a: Raging Bolt|[anim] Tera Blast Fairy
|-supereffective|p2a: Raging Bolt
|-damage|p2a: Raging Bolt|0 fnt
|faint|p2a: Raging Bolt
|-end|p2a: Raging Bolt|Protosynthesis|[silent]
|
|win|Sulley365
|raw|Sulley365's rating: 1207 &rarr; <strong>1235</strong><br />(+28 for winning)
|raw|huzkage's rating: 1252 &rarr; <strong>1224</strong><br />(-28 for losing)
|l|☆Sulley365
|player|p1|
|l|‽huzkage
|player|p2|
