|j|☆zhuangmou
|j|☆chaheed
|t:|1757917583
|gametype|singles
|player|p1|zhuangmou|red|1752
|player|p2|chaheed|ninjaboy|1765
|gen|9
|tier|[Gen 9] OU
|rated|
|rule|HP Percentage Mod: HP is shown in percentages
|rule|Endless Battle Clause: Forcing endless battles is banned
|rule|Species Clause: Limit one of each Pokémon
|rule|OHKO Clause: OHKO moves are banned
|rule|Evasion Items Clause: Evasion items are banned
|rule|Evasion Moves Clause: Evasion moves are banned
|rule|Evasion Abilities Clause: Evasion abilities are banned
|rule|Sleep Moves Clause: Sleep-inducing moves are banned
|clearpoke
|poke|p1|Darkrai|
|poke|p1|Great Tusk|
|poke|p1|Landorus-Therian, M|
|poke|p1|Dragapult, F|
|poke|p1|Heatran, M|
|poke|p1|Primarina, F|
|poke|p2|Dragonite, M|
|poke|p2|Dragapult, M|
|poke|p2|Iron Moth|
|poke|p2|Greninja-*, M|
|poke|p2|Serperior, M|
|poke|p2|Iron Treads|
|teampreview
|inactive|Battle timer is ON: inactive players will automatically lose when time's up. (requested by zhuangmou)
|
|t:|1757917599
|teamsize|p1|6
|teamsize|p2|6
|start
|switch|p1a: Dragapult|Dragapult, F|100/100
|switch|p2a: Dragapult|Dragapult, M|100/100
|turn|1
|
|t:|1757917608
|move|p1a: Dragapult|Sucker Punch|p2a: Dragapult
|-supereffective|p2a: Dragapult
|-damage|p2a: Dragapult|4/100
|move|p2a: Dragapult|Dragon Darts|p1a: Dragapult
|-supereffective|p1a: Dragapult
|-damage|p1a: Dragapult|39/100
|-anim|p2a: Dragapult|Dragon Darts|p1a: Dragapult
|-supereffective|p1a: Dragapult
|-damage|p1a: Dragapult|0 fnt
|faint|p1a: Dragapult
|
|upkeep
|inactive|zhuangmou has 120 seconds left.
|
|t:|1757917639
|switch|p1a: Primarina|Primarina, F, shiny|100/100
|turn|2
|j| keepthatchinup
|inactive|zhuangmou has 120 seconds left.
|
|t:|1757917651
|move|p2a: Dragapult|Hex|p1a: Primarina
|-damage|p1a: Primarina|87/100
|move|p1a: Primarina|Flip Turn|p2a: Dragapult
|-resisted|p2a: Dragapult
|-damage|p2a: Dragapult|0 fnt
|faint|p2a: Dragapult
|inactive|zhuangmou has 120 seconds left.
|
|t:|1757917664
|switch|p1a: Darkrai|Darkrai|100/100|[from] Flip Turn
|
|upkeep
|
|t:|1757917679
|switch|p2a: Serperior|Serperior, M|100/100
|turn|3
|inactive|zhuangmou has 120 seconds left.
|j| ibibi
|j| wgw2333
|j| blahpy
|l| blahpy
|inactive|zhuangmou has 90 seconds left.
|
|t:|1757917722
|switch|p1a: Heatran|Heatran, M|100/100
|move|p2a: Serperior|Leaf Storm|p1a: Heatran
|-resisted|p1a: Heatran
|-damage|p1a: Heatran|93/100
|-boost|p2a: Serperior|spa|2
|
|-heal|p1a: Heatran|99/100|[from] item: Leftovers
|upkeep
|turn|4
|
|t:|1757917731
|-terastallize|p2a: Serperior|Ground
|move|p1a: Heatran|Protect|p1a: Heatran
|-singleturn|p1a: Heatran|Protect
|move|p2a: Serperior|Tera Blast|p1a: Heatran|[anim] Tera Blast Ground
|-activate|p1a: Heatran|move: Protect
|
|-heal|p1a: Heatran|100/100|[from] item: Leftovers
|upkeep
|turn|5
|
|t:|1757917743
|-terastallize|p1a: Heatran|Grass
|move|p2a: Serperior|Leaf Storm|p1a: Heatran
|-resisted|p1a: Heatran
|-damage|p1a: Heatran|66/100
|-boost|p2a: Serperior|spa|2
|move|p1a: Heatran|Magma Storm|p2a: Serperior|[miss]
|-miss|p1a: Heatran|p2a: Serperior
|
|-heal|p1a: Heatran|72/100|[from] item: Leftovers
|upkeep
|turn|6
|inactive|zhuangmou has 90 seconds left.
|
|t:|1757917763
|move|p1a: Heatran|Protect|p1a: Heatran
|-singleturn|p1a: Heatran|Protect
|move|p2a: Serperior|Leaf Storm|p1a: Heatran
|-activate|p1a: Heatran|move: Protect
|
|-heal|p1a: Heatran|78/100|[from] item: Leftovers
|upkeep
|turn|7
|
|t:|1757917772
|move|p2a: Serperior|Leaf Storm|p1a: Heatran
|-resisted|p1a: Heatran
|-damage|p1a: Heatran|29/100
|-boost|p2a: Serperior|spa|2
|move|p1a: Heatran|Magma Storm|p2a: Serperior
|-damage|p2a: Serperior|41/100
|-activate|p2a: Serperior|move: Magma Storm|[of] p1a: Heatran
|
|-heal|p1a: Heatran|35/100|[from] item: Leftovers
|-damage|p2a: Serperior|29/100|[from] move: Magma Storm|[partiallytrapped]
|upkeep
|turn|8
|inactive|zhuangmou has 90 seconds left.
|
|t:|1757917787
|move|p1a: Heatran|Protect|p1a: Heatran
|-singleturn|p1a: Heatran|Protect
|move|p2a: Serperior|Leaf Storm|p1a: Heatran
|-activate|p1a: Heatran|move: Protect
|
|-heal|p1a: Heatran|41/100|[from] item: Leftovers
|-damage|p2a: Serperior|17/100|[from] move: Magma Storm|[partiallytrapped]
|upkeep
|turn|9
|inactive|zhuangmou has 90 seconds left.
|-enditem|p2a: Serperior|Custap Berry|[eat]
|-activate|p2a: Serperior|item: Custap Berry|[consumed]
|
|t:|1757917799
|move|p2a: Serperior|Leaf Storm|p1a: Heatran|[miss]
|-miss|p2a: Serperior|p1a: Heatran
|move|p1a: Heatran|Stealth Rock|p2a: Serperior
|-sidestart|p2: chaheed|move: Stealth Rock
|
|-heal|p1a: Heatran|47/100|[from] item: Leftovers
|-damage|p2a: Serperior|4/100|[from] move: Magma Storm|[partiallytrapped]
|upkeep
|turn|10
|inactive|zhuangmou has 90 seconds left.
|
|t:|1757917810
|move|p1a: Heatran|Protect|p1a: Heatran
|-singleturn|p1a: Heatran|Protect
|move|p2a: Serperior|Leaf Storm|p1a: Heatran
|-activate|p1a: Heatran|move: Protect
|
|-heal|p1a: Heatran|54/100|[from] item: Leftovers
|-damage|p2a: Serperior|0 fnt|[from] move: Magma Storm|[partiallytrapped]
|faint|p2a: Serperior
|upkeep
|
|t:|1757917818
|switch|p2a: Greninja|Greninja, M|100/100
|-damage|p2a: Greninja|88/100|[from] Stealth Rock
|turn|11
|
|t:|1757917823
|switch|p1a: Primarina|Primarina, F, shiny|87/100
|move|p2a: Greninja|Ice Beam|p1a: Primarina
|-resisted|p1a: Primarina
|-damage|p1a: Primarina|79/100
|-damage|p2a: Greninja|78/100|[from] item: Life Orb
|
|upkeep
|turn|12
|l| ibibi
|inactive|zhuangmou has 90 seconds left.
|j| ibibi
|
|t:|1757917859
|move|p2a: Greninja|Dark Pulse|p1a: Primarina
|-resisted|p1a: Primarina
|-damage|p1a: Primarina|68/100
|-damage|p2a: Greninja|69/100|[from] item: Life Orb
|cant|p1a: Primarina|flinch
|
|upkeep
|turn|13
|
|t:|1757917867
|switch|p1a: Darkrai|Darkrai|100/100
|move|p2a: Greninja|Dark Pulse|p1a: Darkrai
|-resisted|p1a: Darkrai
|-damage|p1a: Darkrai|69/100
|-damage|p2a: Greninja|59/100|[from] item: Life Orb
|
|upkeep
|turn|14
|
|t:|1757917875
|switch|p1a: Primarina|Primarina, F, shiny|68/100
|move|p2a: Greninja|Water Shuriken|p1a: Primarina
|-resisted|p1a: Primarina
|-damage|p1a: Primarina|65/100
|-resisted|p1a: Primarina
|-damage|p1a: Primarina|63/100
|-resisted|p1a: Primarina
|-damage|p1a: Primarina|61/100
|-hitcount|p1a: Primarina|3
|-damage|p2a: Greninja|49/100|[from] item: Life Orb
|
|upkeep
|turn|15
|inactive|zhuangmou has 90 seconds left.
|
|t:|1757917885
|move|p2a: Greninja|Dark Pulse|p1a: Primarina
|-resisted|p1a: Primarina
|-damage|p1a: Primarina|50/100
|-damage|p2a: Greninja|39/100|[from] item: Life Orb
|cant|p1a: Primarina|flinch
|
|upkeep
|turn|16
|inactive|zhuangmou has 90 seconds left.
|
|t:|1757917905
|move|p2a: Greninja|Dark Pulse|p1a: Primarina
|-resisted|p1a: Primarina
|-damage|p1a: Primarina|38/100
|-damage|p2a: Greninja|30/100|[from] item: Life Orb
|cant|p1a: Primarina|flinch
|
|upkeep
|turn|17
|inactive|zhuangmou has 90 seconds left.
|c|☆zhuangmou|？
|
|t:|1757917917
|move|p2a: Greninja|Dark Pulse|p1a: Primarina
|-resisted|p1a: Primarina
|-damage|p1a: Primarina|28/100
|-damage|p2a: Greninja|20/100|[from] item: Life Orb
|move|p1a: Primarina|Moonblast|p2a: Greninja
|-supereffective|p2a: Greninja
|-damage|p2a: Greninja|0 fnt
|faint|p2a: Greninja
|
|upkeep
|c|☆chaheed|sry
|
|t:|1757917929
|switch|p2a: Iron Treads|Iron Treads|100/100
|-damage|p2a: Iron Treads|97/100|[from] Stealth Rock
|-enditem|p2a: Iron Treads|Booster Energy
|-activate|p2a: Iron Treads|ability: Quark Drive|[fromitem]
|-start|p2a: Iron Treads|quarkdrivespe
|turn|18
|
|t:|1757917934
|move|p2a: Iron Treads|Earthquake|p1a: Primarina
|-crit|p1a: Primarina
|-damage|p1a: Primarina|0 fnt
|faint|p1a: Primarina
|
|upkeep
|
|t:|1757917943
|switch|p1a: Great Tusk|Great Tusk, shiny|100/100
|turn|19
|
|t:|1757917948
|move|p2a: Iron Treads|Rapid Spin|p1a: Great Tusk
|-damage|p1a: Great Tusk|89/100
|-boost|p2a: Iron Treads|spe|1
|-sideend|p2: chaheed|Stealth Rock|[from] move: Rapid Spin|[of] p2a: Iron Treads
|move|p1a: Great Tusk|Rapid Spin|p2a: Iron Treads
|-resisted|p2a: Iron Treads
|-damage|p2a: Iron Treads|90/100
|-boost|p1a: Great Tusk|spe|1
|
|upkeep
|turn|20
|
|t:|1757917955
|move|p2a: Iron Treads|Ice Spinner|p1a: Great Tusk
|-supereffective|p1a: Great Tusk
|-damage|p1a: Great Tusk|56/100
|move|p1a: Great Tusk|Rapid Spin|p2a: Iron Treads
|-resisted|p2a: Iron Treads
|-damage|p2a: Iron Treads|82/100
|-boost|p1a: Great Tusk|spe|1
|
|upkeep
|turn|21
|
|t:|1757917963
|move|p2a: Iron Treads|Ice Spinner|p1a: Great Tusk
|-supereffective|p1a: Great Tusk
|-damage|p1a: Great Tusk|21/100
|move|p1a: Great Tusk|Headlong Rush|p2a: Iron Treads
|-supereffective|p2a: Iron Treads
|-damage|p2a: Iron Treads|0 fnt
|-unboost|p1a: Great Tusk|def|1
|-unboost|p1a: Great Tusk|spd|1
|faint|p2a: Iron Treads
|-end|p2a: Iron Treads|Quark Drive|[silent]
|
|upkeep
|
|t:|1757917971
|switch|p2a: Dragonite|Dragonite, M|100/100
|turn|22
|
|t:|1757917979
|-end|p1a: Great Tusk|Protosynthesis|[silent]
|switch|p1a: Landorus|Landorus-Therian, M|100/100
|-ability|p1a: Landorus|Intimidate|boost
|-unboost|p2a: Dragonite|atk|1
|move|p2a: Dragonite|Scale Shot|p1a: Landorus
|-damage|p1a: Landorus|94/100
|-damage|p1a: Landorus|87/100
|-damage|p1a: Landorus|79/100
|-damage|p1a: Landorus|73/100
|-hitcount|p1a: Landorus|4
|-unboost|p2a: Dragonite|def|1
|-boost|p2a: Dragonite|spe|1
|
|upkeep
|turn|23
|
|t:|1757917997
|move|p2a: Dragonite|Dragon Dance|p2a: Dragonite
|-boost|p2a: Dragonite|atk|1
|-boost|p2a: Dragonite|spe|1
|move|p1a: Landorus|U-turn|p2a: Dragonite
|-resisted|p2a: Dragonite
|-damage|p2a: Dragonite|92/100
|
|t:|1757918004
|switch|p1a: Great Tusk|Great Tusk, shiny|21/100|[from] U-turn
|
|upkeep
|turn|24
|
|t:|1757918010
|move|p2a: Dragonite|Scale Shot|p1a: Great Tusk
|-damage|p1a: Great Tusk|12/100
|-crit|p1a: Great Tusk
|-damage|p1a: Great Tusk|0 fnt
|faint|p1a: Great Tusk
|-end|p1a: Great Tusk|Protosynthesis|[silent]
|-hitcount|p1: Great Tusk|2
|-unboost|p2a: Dragonite|def|1
|-boost|p2a: Dragonite|spe|1
|
|upkeep
|
|t:|1757918015
|switch|p1a: Landorus|Landorus-Therian, M|73/100
|-ability|p1a: Landorus|Intimidate|boost
|-unboost|p2a: Dragonite|atk|1
|turn|25
|
|t:|1757918023
|move|p2a: Dragonite|Scale Shot|p1a: Landorus
|-damage|p1a: Landorus|66/100
|-damage|p1a: Landorus|58/100
|-damage|p1a: Landorus|51/100
|-damage|p1a: Landorus|44/100
|-hitcount|p1a: Landorus|4
|-unboost|p2a: Dragonite|def|1
|-boost|p2a: Dragonite|spe|1
|move|p1a: Landorus|Stone Edge|p2a: Dragonite
|-supereffective|p2a: Dragonite
|-damage|p2a: Dragonite|0 fnt
|faint|p2a: Dragonite
|
|upkeep
|
|t:|1757918035
|switch|p2a: Iron Moth|Iron Moth|100/100
|-enditem|p2a: Iron Moth|Booster Energy
|-activate|p2a: Iron Moth|ability: Quark Drive|[fromitem]
|-start|p2a: Iron Moth|quarkdrivespe
|turn|26
|
|t:|1757918040
|move|p2a: Iron Moth|Fiery Dance|p1a: Landorus
|-damage|p1a: Landorus|3/100
|move|p1a: Landorus|Earthquake|p2a: Iron Moth
|-supereffective|p2a: Iron Moth
|-damage|p2a: Iron Moth|0 fnt
|faint|p2a: Iron Moth
|-end|p2a: Iron Moth|Quark Drive|[silent]
|
|win|zhuangmou
|raw|zhuangmou's rating: 1752 &rarr; <strong>1773</strong><br />(+21 for winning)
|raw|chaheed's rating: 1765 &rarr; <strong>1744</strong><br />(-21 for losing)
|l|☆chaheed
|player|p2|
|l| keepthatchinup
|l| ibibi
|l|☆zhuangmou
|player|p1|
