|j|☆SebiWr333
|j|☆Fachemaispasfacho
|t:|1757927892
|gametype|singles
|player|p1|SebiWr333|2|1256
|player|p2|Fachemaispasfacho|backpacker|1307
|gen|9
|tier|[Gen 9] OU
|rated|
|rule|HP Percentage Mod: HP is shown in percentages
|rule|Endless Battle Clause: Forcing endless battles is banned
|rule|Species Clause: Limit one of each Pokémon
|rule|OHKO Clause: OHKO moves are banned
|rule|Evasion Items Clause: Evasion items are banned
|rule|Evasion Moves Clause: Evasion moves are banned
|rule|Evasion Abilities Clause: Evasion abilities are banned
|rule|Sleep Moves Clause: Sleep-inducing moves are banned
|clearpoke
|poke|p1|Metagross|
|poke|p1|Zapdos|
|poke|p1|Great Tusk|
|poke|p1|Dragapult, M|
|poke|p1|Araquanid, F|
|poke|p1|Iron Valiant|
|poke|p2|Basculegion, M|
|poke|p2|Kyurem|
|poke|p2|Zapdos|
|poke|p2|Pelipper, M|
|poke|p2|Iron Treads|
|poke|p2|Samurott-Hisui, M|
|teampreview
|inactive|Battle timer is ON: inactive players will automatically lose when time's up. (requested by Fachemaispasfacho)
|
|t:|1757927917
|teamsize|p1|6
|teamsize|p2|6
|start
|switch|p1a: Zapdos|Zapdos|100/100
|switch|p2a: WingedRat|Pelipper, M|100/100
|-weather|RainDance|[from] ability: Drizzle|[of] p2a: WingedRat
|turn|1
|
|t:|1757927928
|switch|p2a: Droideka|Iron Treads|100/100
|move|p1a: Zapdos|U-turn|p2a: Droideka
|-resisted|p2a: Droideka
|-damage|p2a: Droideka|95/100
|
|t:|1757927955
|switch|p1a: Great Tusk|Great Tusk|100/100|[from] U-turn
|-enditem|p1a: Great Tusk|Booster Energy
|-activate|p1a: Great Tusk|ability: Protosynthesis|[fromitem]
|-start|p1a: Great Tusk|protosynthesisatk
|
|-weather|RainDance|[upkeep]
|-heal|p2a: Droideka|100/100|[from] item: Leftovers
|upkeep
|turn|2
|
|t:|1757927970
|-end|p2a: Droideka|Quark Drive|[silent]
|switch|p2a: BigBird|Zapdos|100/100
|move|p1a: Great Tusk|Knock Off|p2a: BigBird
|-damage|p2a: BigBird|67/100
|-enditem|p2a: BigBird|Heavy-Duty Boots|[from] move: Knock Off|[of] p1a: Great Tusk
|
|-weather|RainDance|[upkeep]
|upkeep
|turn|3
|inactive|SebiWr333 has 120 seconds left.
|
|t:|1757928004
|-end|p1a: Great Tusk|Protosynthesis|[silent]
|switch|p1a: Zapdos|Zapdos|100/100
|move|p2a: BigBird|Hurricane|p1a: Zapdos
|-resisted|p1a: Zapdos
|-damage|p1a: Zapdos|78/100
|
|-weather|RainDance|[upkeep]
|upkeep
|turn|4
|
|t:|1757928019
|move|p1a: Zapdos|Thunderbolt|p2a: BigBird
|-damage|p2a: BigBird|27/100
|move|p2a: BigBird|Thunder|p1a: Zapdos
|-damage|p1a: Zapdos|29/100
|
|-weather|RainDance|[upkeep]
|upkeep
|turn|5
|
|t:|1757928026
|switch|p2a: Droideka|Iron Treads|100/100
|move|p1a: Zapdos|Roost|p1a: Zapdos
|-heal|p1a: Zapdos|80/100
|-singleturn|p1a: Zapdos|move: Roost
|
|-weather|RainDance|[upkeep]
|upkeep
|turn|6
|
|t:|1757928042
|move|p1a: Zapdos|U-turn|p2a: Droideka
|-resisted|p2a: Droideka
|-damage|p2a: Droideka|95/100
|
|t:|1757928055
|switch|p1a: Great Tusk|Great Tusk|100/100|[from] U-turn
|move|p2a: Droideka|Stealth Rock|p1a: Great Tusk
|-sidestart|p1: SebiWr333|move: Stealth Rock
|
|-weather|RainDance|[upkeep]
|-heal|p2a: Droideka|100/100|[from] item: Leftovers
|upkeep
|turn|7
|inactive|Fachemaispasfacho has 120 seconds left.
|
|t:|1757928089
|-end|p2a: Droideka|Quark Drive|[silent]
|switch|p2a: Dauntless|Samurott-Hisui, M|100/100
|move|p1a: Great Tusk|Rapid Spin|p2a: Dauntless
|-crit|p2a: Dauntless
|-damage|p2a: Dauntless|69/100
|-boost|p1a: Great Tusk|spe|1
|-sideend|p1: SebiWr333|Stealth Rock|[from] move: Rapid Spin|[of] p1a: Great Tusk
|
|-weather|RainDance|[upkeep]
|upkeep
|turn|8
|inactive|SebiWr333 has 90 seconds left.
|
|t:|1757928116
|move|p2a: Dauntless|Aqua Jet|p1a: Great Tusk
|-supereffective|p1a: Great Tusk
|-damage|p1a: Great Tusk|37/100
|move|p1a: Great Tusk|Close Combat|p2a: Dauntless
|-supereffective|p2a: Dauntless
|-damage|p2a: Dauntless|0 fnt
|-unboost|p1a: Great Tusk|def|1
|-unboost|p1a: Great Tusk|spd|1
|faint|p2a: Dauntless
|
|-weather|none
|upkeep
|inactive|Fachemaispasfacho has 120 seconds left.
|
|t:|1757928133
|switch|p2a: WingedRat|Pelipper, M|100/100
|-weather|RainDance|[from] ability: Drizzle|[of] p2a: WingedRat
|turn|9
|
|t:|1757928141
|-end|p1a: Great Tusk|Protosynthesis|[silent]
|switch|p1a: Araquanid|Araquanid, F|100/100
|switch|p2a: BigBird|Zapdos|27/100
|
|-weather|RainDance|[upkeep]
|upkeep
|turn|10
|
|t:|1757928148
|move|p2a: BigBird|Thunder|p1a: Araquanid
|-supereffective|p1a: Araquanid
|-crit|p1a: Araquanid
|-damage|p1a: Araquanid|12/100
|move|p1a: Araquanid|Liquidation|p2a: BigBird
|-damage|p2a: BigBird|0 fnt
|faint|p2a: BigBird
|
|-weather|RainDance|[upkeep]
|-heal|p1a: Araquanid|18/100|[from] item: Leftovers
|upkeep
|
|t:|1757928152
|switch|p2a: Shimo|Kyurem|100/100
|-ability|p2a: Shimo|Pressure
|turn|11
|
|t:|1757928163
|move|p2a: Shimo|Dragon Dance|p2a: Shimo
|-boost|p2a: Shimo|atk|1
|-boost|p2a: Shimo|spe|1
|move|p1a: Araquanid|Sticky Web|p2a: Shimo
|-sidestart|p2: Fachemaispasfacho|move: Sticky Web
|
|-weather|RainDance|[upkeep]
|-heal|p1a: Araquanid|24/100|[from] item: Leftovers
|upkeep
|turn|12
|
|t:|1757928168
|move|p2a: Shimo|Freeze-Dry|p1a: Araquanid
|-supereffective|p1a: Araquanid
|-damage|p1a: Araquanid|0 fnt
|faint|p1a: Araquanid
|
|-weather|RainDance|[upkeep]
|upkeep
|inactive|SebiWr333 has 120 seconds left.
|
|t:|1757928178
|switch|p1a: Metagross|Metagross|100/100
|turn|13
|
|t:|1757928182
|-terastallize|p2a: Shimo|Ground
|move|p1a: Metagross|Bullet Punch|p2a: Shimo
|-damage|p2a: Shimo|78/100
|move|p2a: Shimo|Earth Power|p1a: Metagross
|-supereffective|p1a: Metagross
|-enditem|p1a: Metagross|Shuca Berry|[eat]
|-enditem|p1a: Metagross|Shuca Berry|[weaken]
|-damage|p1a: Metagross|54/100
|
|-weather|RainDance|[upkeep]
|upkeep
|turn|14
|
|t:|1757928195
|move|p1a: Metagross|Bullet Punch|p2a: Shimo
|-damage|p2a: Shimo|53/100
|move|p2a: Shimo|Earth Power|p1a: Metagross
|-supereffective|p1a: Metagross
|-damage|p1a: Metagross|0 fnt
|faint|p1a: Metagross
|
|-weather|RainDance|[upkeep]
|upkeep
|inactive|SebiWr333 has 120 seconds left.
|
|t:|1757928229
|switch|p1a: Zapdos|Zapdos|80/100
|turn|15
|
|t:|1757928236
|-terastallize|p1a: Zapdos|Ice
|move|p2a: Shimo|Icicle Spear|p1a: Zapdos
|-resisted|p1a: Zapdos
|-damage|p1a: Zapdos|73/100
|-resisted|p1a: Zapdos
|-damage|p1a: Zapdos|67/100
|-resisted|p1a: Zapdos
|-damage|p1a: Zapdos|62/100
|-resisted|p1a: Zapdos
|-damage|p1a: Zapdos|55/100
|-hitcount|p1a: Zapdos|4
|move|p1a: Zapdos|Tera Blast|p2a: Shimo|[anim] Tera Blast Ice
|-supereffective|p2a: Shimo
|-damage|p2a: Shimo|0 fnt
|faint|p2a: Shimo
|
|-weather|RainDance|[upkeep]
|upkeep
|
|t:|1757928242
|switch|p2a: Droideka|Iron Treads|100/100
|-activate|p2a: Droideka|move: Sticky Web
|-unboost|p2a: Droideka|spe|1
|turn|16
|inactive|SebiWr333 has 120 seconds left.
|
|t:|1757928252
|move|p1a: Zapdos|Roost|p1a: Zapdos
|-heal|p1a: Zapdos|100/100
|move|p2a: Droideka|Rapid Spin|p1a: Zapdos
|-damage|p1a: Zapdos|92/100
|-boost|p2a: Droideka|spe|1
|-sideend|p2: Fachemaispasfacho|Sticky Web|[from] move: Rapid Spin|[of] p2a: Droideka
|
|-weather|none
|upkeep
|turn|17
|
|t:|1757928262
|switch|p1a: Great Tusk|Great Tusk|37/100
|move|p2a: Droideka|Stealth Rock|p1a: Great Tusk
|-sidestart|p1: SebiWr333|move: Stealth Rock
|
|upkeep
|turn|18
|
|t:|1757928273
|move|p1a: Great Tusk|Close Combat|p2a: Droideka
|-supereffective|p2a: Droideka
|-damage|p2a: Droideka|11/100
|-unboost|p1a: Great Tusk|def|1
|-unboost|p1a: Great Tusk|spd|1
|move|p2a: Droideka|Earthquake|p1a: Great Tusk
|-damage|p1a: Great Tusk|0 fnt
|faint|p1a: Great Tusk
|-end|p1a: Great Tusk|Protosynthesis|[silent]
|
|-heal|p2a: Droideka|17/100|[from] item: Leftovers
|upkeep
|inactive|SebiWr333 has 120 seconds left.
|
|t:|1757928296
|switch|p1a: Zapdos|Zapdos, tera:Ice|92/100
|turn|19
|
|t:|1757928305
|move|p1a: Zapdos|Tera Blast|p2a: Droideka|[anim] Tera Blast Ice
|-damage|p2a: Droideka|0 fnt
|faint|p2a: Droideka
|-end|p2a: Droideka|Quark Drive|[silent]
|
|upkeep
|
|t:|1757928307
|switch|p2a: WingedRat|Pelipper, M|100/100
|-weather|RainDance|[from] ability: Drizzle|[of] p2a: WingedRat
|turn|20
|
|t:|1757928311
|move|p1a: Zapdos|Thunderbolt|p2a: WingedRat
|-supereffective|p2a: WingedRat
|-damage|p2a: WingedRat|0 fnt
|faint|p2a: WingedRat
|
|-weather|RainDance|[upkeep]
|upkeep
|
|t:|1757928313
|switch|p2a: Scarface|Basculegion, M|100/100
|turn|21
|
|t:|1757928323
|move|p2a: Scarface|Wave Crash|p1a: Zapdos
|-damage|p1a: Zapdos|0 fnt
|faint|p1a: Zapdos
|-damage|p2a: Scarface|70/100|[from] Recoil
|
|-weather|RainDance|[upkeep]
|upkeep
|
|t:|1757928327
|switch|p1a: Iron Valiant|Iron Valiant|100/100
|-damage|p1a: Iron Valiant|94/100|[from] Stealth Rock
|-enditem|p1a: Iron Valiant|Booster Energy
|-activate|p1a: Iron Valiant|ability: Quark Drive|[fromitem]
|-start|p1a: Iron Valiant|quarkdrivespa
|turn|22
|
|t:|1757928340
|move|p2a: Scarface|Wave Crash|p1a: Iron Valiant
|-damage|p1a: Iron Valiant|0 fnt
|faint|p1a: Iron Valiant
|-end|p1a: Iron Valiant|Quark Drive|[silent]
|-damage|p2a: Scarface|47/100|[from] Recoil
|
|-weather|RainDance|[upkeep]
|upkeep
|
|t:|1757928343
|switch|p1a: Dragapult|Dragapult, M|100/100
|-damage|p1a: Dragapult|88/100|[from] Stealth Rock
|turn|23
|
|t:|1757928348
|move|p2a: Scarface|Wave Crash|p1a: Dragapult
|-resisted|p1a: Dragapult
|-damage|p1a: Dragapult|2/100
|-damage|p2a: Scarface|23/100|[from] Recoil
|move|p1a: Dragapult|Dragon Darts|p2a: Scarface
|-damage|p2a: Scarface|0 fnt
|faint|p2a: Scarface
|
|win|SebiWr333
|raw|SebiWr333's rating: 1256 &rarr; <strong>1285</strong><br />(+29 for winning)
|raw|Fachemaispasfacho's rating: 1307 &rarr; <strong>1284</strong><br />(-23 for losing)
|l|☆Fachemaispasfacho
|player|p2|
|c|☆SebiWr333|gg
|l|☆SebiWr333
|player|p1|
