|j|☆Passerby bye
|j|☆electr0lytes
|t:|1757822559
|gametype|singles
|player|p1|Passerby bye|cyclist|1393
|player|p2|electr0lytes|pokemaniac|1309
|gen|9
|tier|[Gen 9] OU
|rated|
|rule|HP Percentage Mod: HP is shown in percentages
|rule|Endless Battle Clause: Forcing endless battles is banned
|rule|Species Clause: Limit one of each Pokémon
|rule|OHKO Clause: OHKO moves are banned
|rule|Evasion Items Clause: Evasion items are banned
|rule|Evasion Moves Clause: Evasion moves are banned
|rule|Evasion Abilities Clause: Evasion abilities are banned
|rule|Sleep Moves Clause: Sleep-inducing moves are banned
|clearpoke
|poke|p1|Magnezone|
|poke|p1|Vileplume, F|
|poke|p1|Gyarados, F|
|poke|p1|Houndoom, M|
|poke|p1|Mamoswine, M|
|poke|p1|Azumarill, F|
|poke|p2|Hawlucha, F|
|poke|p2|Dragonite, F|
|poke|p2|Rillaboom, M|
|poke|p2|Hatterene, F|
|poke|p2|Gholdengo|
|poke|p2|Dondozo, F|
|teampreview
|
|t:|1757822574
|teamsize|p1|6
|teamsize|p2|6
|start
|switch|p1a: Legend Pkmn sucks|Magnezone|100/100
|switch|p2a: Rillaboom|Rillaboom, M|100/100
|-fieldstart|move: Grassy Terrain|[from] ability: Grassy Surge|[of] p2a: Rillaboom
|turn|1
|
|t:|1757822582
|move|p2a: Rillaboom|Drain Punch|p1a: Legend Pkmn sucks
|-supereffective|p1a: Legend Pkmn sucks
|-damage|p1a: Legend Pkmn sucks|50/100
|move|p1a: Legend Pkmn sucks|Flash Cannon|p2a: Rillaboom
|-damage|p2a: Rillaboom|36/100
|
|-heal|p2a: Rillaboom|42/100|[from] Grassy Terrain
|-heal|p1a: Legend Pkmn sucks|57/100|[from] Grassy Terrain
|upkeep
|turn|2
|j| cvgtf
|
|t:|1757822593
|switch|p1a: Ordinary Pkmn only|Vileplume, F|100/100
|move|p2a: Rillaboom|U-turn|p1a: Ordinary Pkmn only
|-damage|p1a: Ordinary Pkmn only|81/100
|-damage|p2a: Rillaboom|25/100|[from] item: Rocky Helmet|[of] p1a: Ordinary Pkmn only
|
|t:|1757822597
|switch|p2a: Hawlucha|Hawlucha, F|100/100|[from] U-turn
|-enditem|p2a: Hawlucha|Grassy Seed
|-boost|p2a: Hawlucha|def|1|[from] item: Grassy Seed
|
|-heal|p1a: Ordinary Pkmn only|87/100|[from] Grassy Terrain
|upkeep
|turn|3
|
|t:|1757822602
|move|p2a: Hawlucha|Acrobatics|p1a: Ordinary Pkmn only
|-supereffective|p1a: Ordinary Pkmn only
|-damage|p1a: Ordinary Pkmn only|12/100
|-damage|p2a: Hawlucha|84/100|[from] item: Rocky Helmet|[of] p1a: Ordinary Pkmn only
|move|p1a: Ordinary Pkmn only|Strength Sap|p2a: Hawlucha
|-unboost|p2a: Hawlucha|atk|1
|-heal|p1a: Ordinary Pkmn only|99/100
|
|-heal|p1a: Ordinary Pkmn only|100/100|[from] Grassy Terrain
|upkeep
|turn|4
|
|t:|1757822612
|move|p2a: Hawlucha|Swords Dance|p2a: Hawlucha
|-boost|p2a: Hawlucha|atk|2
|move|p1a: Ordinary Pkmn only|Strength Sap|p2a: Hawlucha
|-unboost|p2a: Hawlucha|atk|1
|
|upkeep
|turn|5
|
|t:|1757822619
|move|p2a: Hawlucha|Swords Dance|p2a: Hawlucha
|-boost|p2a: Hawlucha|atk|2
|move|p1a: Ordinary Pkmn only|Sludge Wave|p2a: Hawlucha
|-damage|p2a: Hawlucha|26/100
|-status|p2a: Hawlucha|psn
|
|-damage|p2a: Hawlucha|14/100 psn|[from] psn
|-fieldend|move: Grassy Terrain
|upkeep
|turn|6
|
|t:|1757822628
|switch|p1a: Legend Pkmn sucks|Magnezone|57/100
|move|p2a: Hawlucha|Acrobatics|p1a: Legend Pkmn sucks
|-resisted|p1a: Legend Pkmn sucks
|-damage|p1a: Legend Pkmn sucks|36/100
|
|-damage|p2a: Hawlucha|2/100 psn|[from] psn
|upkeep
|turn|7
|
|t:|1757822638
|switch|p1a: Ordinary Pkmn only|Vileplume, F|100/100
|move|p2a: Hawlucha|Close Combat|p1a: Ordinary Pkmn only
|-resisted|p1a: Ordinary Pkmn only
|-damage|p1a: Ordinary Pkmn only|58/100
|-unboost|p2a: Hawlucha|def|1
|-unboost|p2a: Hawlucha|spd|1
|-damage|p2a: Hawlucha|0 fnt|[from] item: Rocky Helmet|[of] p1a: Ordinary Pkmn only
|faint|p2a: Hawlucha
|
|upkeep
|
|t:|1757822645
|switch|p2a: Dragonite|Dragonite, F|100/100
|turn|8
|
|t:|1757822653
|move|p2a: Dragonite|Extreme Speed|p1a: Ordinary Pkmn only
|-damage|p1a: Ordinary Pkmn only|32/100
|-damage|p2a: Dragonite|84/100|[from] item: Rocky Helmet|[of] p1a: Ordinary Pkmn only
|move|p1a: Ordinary Pkmn only|Strength Sap|p2a: Dragonite
|-unboost|p2a: Dragonite|atk|1
|-heal|p1a: Ordinary Pkmn only|100/100
|
|upkeep
|turn|9
|
|t:|1757822657
|switch|p2a: Hatterene|Hatterene, F|100/100
|move|p1a: Ordinary Pkmn only|Leech Seed|p2a: Hatterene
|move|p2a: Hatterene|Leech Seed|p1a: Ordinary Pkmn only|[from] ability: Magic Bounce
|-immune|p1a: Ordinary Pkmn only
|
|upkeep
|turn|10
|
|t:|1757822664
|switch|p1a: Legend Pkmn sucks|Magnezone|36/100
|-terastallize|p2a: Hatterene|Steel
|move|p2a: Hatterene|Mystical Fire|p1a: Legend Pkmn sucks
|-supereffective|p1a: Legend Pkmn sucks
|-damage|p1a: Legend Pkmn sucks|0 fnt
|faint|p1a: Legend Pkmn sucks
|
|upkeep
|
|t:|1757822675
|switch|p1a: Weather Team sucks|Houndoom, M|100/100
|turn|11
|
|t:|1757822691
|switch|p2a: Dondozo|Dondozo, F|100/100
|move|p1a: Weather Team sucks|Fire Blast|p2a: Dondozo
|-resisted|p2a: Dondozo
|-damage|p2a: Dondozo|77/100
|
|-heal|p2a: Dondozo|83/100|[from] item: Leftovers
|upkeep
|turn|12
|
|t:|1757822702
|switch|p1a: Ordinary Pkmn only|Vileplume, F|100/100
|move|p2a: Dondozo|Body Press|p1a: Ordinary Pkmn only
|-resisted|p1a: Ordinary Pkmn only
|-damage|p1a: Ordinary Pkmn only|89/100
|-damage|p2a: Dondozo|66/100|[from] item: Rocky Helmet|[of] p1a: Ordinary Pkmn only
|
|-heal|p2a: Dondozo|73/100|[from] item: Leftovers
|upkeep
|turn|13
|
|t:|1757822713
|move|p1a: Ordinary Pkmn only|Leech Seed|p2a: Dondozo
|-start|p2a: Dondozo|move: Leech Seed
|move|p2a: Dondozo|Avalanche|p1a: Ordinary Pkmn only
|-supereffective|p1a: Ordinary Pkmn only
|-damage|p1a: Ordinary Pkmn only|67/100
|-damage|p2a: Dondozo|56/100|[from] item: Rocky Helmet|[of] p1a: Ordinary Pkmn only
|
|-heal|p2a: Dondozo|62/100|[from] item: Leftovers
|-damage|p2a: Dondozo|50/100|[from] Leech Seed|[of] p1a: Ordinary Pkmn only
|-heal|p1a: Ordinary Pkmn only|85/100|[silent]
|upkeep
|turn|14
|
|t:|1757822721
|switch|p2a: Dragonite|Dragonite, F|84/100
|move|p1a: Ordinary Pkmn only|Giga Drain|p2a: Dragonite
|-resisted|p2a: Dragonite
|-damage|p2a: Dragonite|78/100
|-heal|p1a: Ordinary Pkmn only|88/100|[from] drain|[of] p2a: Dragonite
|
|upkeep
|turn|15
|
|t:|1757822726
|move|p2a: Dragonite|Dragon Dance|p2a: Dragonite
|-boost|p2a: Dragonite|atk|1
|-boost|p2a: Dragonite|spe|1
|move|p1a: Ordinary Pkmn only|Strength Sap|p2a: Dragonite
|-unboost|p2a: Dragonite|atk|1
|-heal|p1a: Ordinary Pkmn only|100/100
|
|upkeep
|turn|16
|
|t:|1757822728
|move|p2a: Dragonite|Dragon Dance|p2a: Dragonite
|-boost|p2a: Dragonite|atk|1
|-boost|p2a: Dragonite|spe|1
|move|p1a: Ordinary Pkmn only|Leech Seed|p2a: Dragonite
|-start|p2a: Dragonite|move: Leech Seed
|
|-damage|p2a: Dragonite|66/100|[from] Leech Seed|[of] p1a: Ordinary Pkmn only
|upkeep
|turn|17
|
|t:|1757822736
|move|p2a: Dragonite|Ice Spinner|p1a: Ordinary Pkmn only
|-supereffective|p1a: Ordinary Pkmn only
|-damage|p1a: Ordinary Pkmn only|24/100
|-damage|p2a: Dragonite|49/100|[from] item: Rocky Helmet|[of] p1a: Ordinary Pkmn only
|move|p1a: Ordinary Pkmn only|Strength Sap|p2a: Dragonite
|-unboost|p2a: Dragonite|atk|1
|-heal|p1a: Ordinary Pkmn only|100/100
|
|-damage|p2a: Dragonite|37/100|[from] Leech Seed|[of] p1a: Ordinary Pkmn only
|upkeep
|turn|18
|
|t:|1757822744
|switch|p2a: Hatterene|Hatterene, F, tera:Steel|100/100
|move|p1a: Ordinary Pkmn only|Strength Sap|p2a: Hatterene
|move|p2a: Hatterene|Strength Sap|p1a: Ordinary Pkmn only|[from] ability: Magic Bounce
|-unboost|p1a: Ordinary Pkmn only|atk|1
|
|upkeep
|turn|19
|
|t:|1757822755
|switch|p1a: Weather Team sucks|Houndoom, M|100/100
|move|p2a: Hatterene|Calm Mind|p2a: Hatterene
|-boost|p2a: Hatterene|spa|1
|-boost|p2a: Hatterene|spd|1
|
|upkeep
|turn|20
|
|t:|1757822767
|switch|p2a: Dondozo|Dondozo, F|50/100
|move|p1a: Weather Team sucks|Nasty Plot|p1a: Weather Team sucks
|-boost|p1a: Weather Team sucks|spa|2
|
|-heal|p2a: Dondozo|56/100|[from] item: Leftovers
|upkeep
|turn|21
|
|t:|1757822772
|move|p1a: Weather Team sucks|Dark Pulse|p2a: Dondozo
|-damage|p2a: Dondozo|22/100
|move|p2a: Dondozo|Body Press|p1a: Weather Team sucks
|-supereffective|p1a: Weather Team sucks
|-damage|p1a: Weather Team sucks|0 fnt
|faint|p1a: Weather Team sucks
|
|-heal|p2a: Dondozo|28/100|[from] item: Leftovers
|upkeep
|
|t:|1757822783
|switch|p1a: Ordinary Pkmn only|Vileplume, F|100/100
|turn|22
|
|t:|1757822788
|move|p1a: Ordinary Pkmn only|Giga Drain|p2a: Dondozo
|-supereffective|p2a: Dondozo
|-damage|p2a: Dondozo|0 fnt
|faint|p2a: Dondozo
|
|upkeep
|
|t:|1757822791
|switch|p2a: Hatterene|Hatterene, F, tera:Steel|100/100
|turn|23
|
|t:|1757822799
|switch|p1a: BST＞540 Pkmn sucks|Gyarados, F, shiny|100/100
|-ability|p1a: BST＞540 Pkmn sucks|Intimidate|boost
|-unboost|p2a: Hatterene|atk|1
|move|p2a: Hatterene|Future Sight|p1a: BST＞540 Pkmn sucks
|-start|p2a: Hatterene|move: Future Sight
|
|upkeep
|turn|24
|
|t:|1757822811
|move|p1a: BST＞540 Pkmn sucks|Earthquake|p2a: Hatterene
|-supereffective|p2a: Hatterene
|-damage|p2a: Hatterene|24/100
|move|p2a: Hatterene|Nuzzle|p1a: BST＞540 Pkmn sucks
|-supereffective|p1a: BST＞540 Pkmn sucks
|-damage|p1a: BST＞540 Pkmn sucks|87/100
|-status|p1a: BST＞540 Pkmn sucks|par
|
|-heal|p2a: Hatterene|30/100|[from] item: Leftovers
|upkeep
|turn|25
|
|t:|1757822819
|switch|p2a: Gholdengo|Gholdengo|100/100
|-item|p2a: Gholdengo|Air Balloon
|move|p1a: BST＞540 Pkmn sucks|Earthquake|p2a: Gholdengo
|-immune|p2a: Gholdengo
|
|-end|p1a: BST＞540 Pkmn sucks|move: Future Sight
|-damage|p1a: BST＞540 Pkmn sucks|19/100 par
|upkeep
|turn|26
|
|t:|1757822828
|move|p2a: Gholdengo|Shadow Ball|p1a: BST＞540 Pkmn sucks
|-damage|p1a: BST＞540 Pkmn sucks|0 fnt
|faint|p1a: BST＞540 Pkmn sucks
|
|upkeep
|
|t:|1757822832
|switch|p1a: Sample Team sucks|Azumarill, F|100/100
|turn|27
|
|t:|1757822838
|move|p2a: Gholdengo|Thunderbolt|p1a: Sample Team sucks
|-supereffective|p1a: Sample Team sucks
|-damage|p1a: Sample Team sucks|59/100
|move|p1a: Sample Team sucks|Knock Off|p2a: Gholdengo
|-supereffective|p2a: Gholdengo
|-damage|p2a: Gholdengo|11/100
|-enditem|p2a: Gholdengo|Air Balloon
|
|upkeep
|turn|28
|
|t:|1757822844
|move|p1a: Sample Team sucks|Aqua Jet|p2a: Gholdengo
|-damage|p2a: Gholdengo|0 fnt
|faint|p2a: Gholdengo
|
|upkeep
|
|t:|1757822847
|switch|p2a: Rillaboom|Rillaboom, M|25/100
|-fieldstart|move: Grassy Terrain|[from] ability: Grassy Surge|[of] p2a: Rillaboom
|turn|29
|
|t:|1757822851
|switch|p1a: Ordinary Pkmn only|Vileplume, F|100/100
|move|p2a: Rillaboom|Grassy Glide|p1a: Ordinary Pkmn only
|-resisted|p1a: Ordinary Pkmn only
|-damage|p1a: Ordinary Pkmn only|93/100
|-damage|p2a: Rillaboom|9/100|[from] item: Rocky Helmet|[of] p1a: Ordinary Pkmn only
|
|-heal|p2a: Rillaboom|15/100|[from] Grassy Terrain
|-heal|p1a: Ordinary Pkmn only|99/100|[from] Grassy Terrain
|upkeep
|turn|30
|
|t:|1757822861
|move|p2a: Rillaboom|U-turn|p1a: Ordinary Pkmn only
|-damage|p1a: Ordinary Pkmn only|80/100
|-damage|p2a: Rillaboom|0 fnt|[from] item: Rocky Helmet|[of] p1a: Ordinary Pkmn only
|faint|p2a: Rillaboom
|move|p1a: Ordinary Pkmn only|Sludge Wave|p2: Rillaboom|[notarget]
|-fail|p1a: Ordinary Pkmn only
|
|-heal|p1a: Ordinary Pkmn only|86/100|[from] Grassy Terrain
|upkeep
|
|t:|1757822866
|switch|p2a: Hatterene|Hatterene, F, tera:Steel|30/100
|turn|31
|
|t:|1757822878
|switch|p1a: Sample Team sucks|Azumarill, F|59/100
|move|p2a: Hatterene|Future Sight|p1a: Sample Team sucks
|-start|p2a: Hatterene|move: Future Sight
|
|-heal|p1a: Sample Team sucks|66/100|[from] Grassy Terrain
|-heal|p2a: Hatterene|36/100|[from] Grassy Terrain
|-heal|p2a: Hatterene|42/100|[from] item: Leftovers
|upkeep
|turn|32
|
|t:|1757822884
|switch|p2a: Dragonite|Dragonite, F|37/100
|move|p1a: Sample Team sucks|Liquidation|p2a: Dragonite
|-resisted|p2a: Dragonite
|-damage|p2a: Dragonite|12/100
|
|-heal|p1a: Sample Team sucks|72/100|[from] Grassy Terrain
|upkeep
|turn|33
|
|t:|1757822890
|move|p2a: Dragonite|Extreme Speed|p1a: Sample Team sucks
|-damage|p1a: Sample Team sucks|38/100
|move|p1a: Sample Team sucks|Aqua Jet|p2a: Dragonite
|-resisted|p2a: Dragonite
|-damage|p2a: Dragonite|1/100
|
|-end|p1a: Sample Team sucks|move: Future Sight
|-damage|p1a: Sample Team sucks|0 fnt
|faint|p1a: Sample Team sucks
|-fieldend|move: Grassy Terrain
|upkeep
|
|t:|1757822894
|switch|p1a: Terrain Team sucks|Mamoswine, M|100/100
|turn|34
|
|t:|1757822899
|move|p2a: Dragonite|Extreme Speed|p1a: Terrain Team sucks
|-damage|p1a: Terrain Team sucks|70/100
|move|p1a: Terrain Team sucks|Ice Shard|p2a: Dragonite
|-supereffective|p2a: Dragonite
|-damage|p2a: Dragonite|0 fnt
|faint|p2a: Dragonite
|
|upkeep
|
|t:|1757822902
|switch|p2a: Hatterene|Hatterene, F, tera:Steel|42/100
|turn|35
|
|t:|1757822905
|move|p1a: Terrain Team sucks|High Horsepower|p2a: Hatterene
|-supereffective|p2a: Hatterene
|-damage|p2a: Hatterene|0 fnt
|faint|p2a: Hatterene
|
|win|Passerby bye
|raw|Passerby bye's rating: 1393 &rarr; <strong>1408</strong><br />(+15 for winning)
|raw|electr0lytes's rating: 1309 &rarr; <strong>1294</strong><br />(-15 for losing)
|l|☆electr0lytes
|player|p2|
|l| cvgtf
|l|☆Passerby bye
|player|p1|
