|j|☆imnewstupidmeta
|j|☆RoodRoo
|t:|1757925749
|gametype|singles
|player|p1|imnewstupidmeta|roxie|1303
|player|p2|RoodRoo|169|1263
|gen|9
|tier|[Gen 9] OU
|rated|
|rule|HP Percentage Mod: HP is shown in percentages
|rule|Endless Battle Clause: Forcing endless battles is banned
|rule|Species Clause: Limit one of each Pokémon
|rule|OHKO Clause: OHKO moves are banned
|rule|Evasion Items Clause: Evasion items are banned
|rule|Evasion Moves Clause: Evasion moves are banned
|rule|Evasion Abilities Clause: Evasion abilities are banned
|rule|Sleep Moves Clause: Sleep-inducing moves are banned
|clearpoke
|poke|p1|Corviknight, F|
|poke|p1|Gliscor, F|
|poke|p1|Slowking-Galar, F|
|poke|p1|Clodsire, M|
|poke|p1|Skeledirge, F|
|poke|p1|Vaporeon, F|
|poke|p2|Ogerpon-Wellspring, F|
|poke|p2|Iron Treads|
|poke|p2|Iron Valiant|
|poke|p2|Dragapult, F|
|poke|p2|Iron Moth|
|poke|p2|Enamorus, F|
|teampreview
|inactive|Battle timer is ON: inactive players will automatically lose when time's up. (requested by RoodRoo)
|
|t:|1757925776
|teamsize|p1|6
|teamsize|p2|6
|start
|switch|p1a: Clodsire|Clodsire, M|100/100
|switch|p2a: Iron Treads|Iron Treads|100/100
|-enditem|p2a: Iron Treads|Booster Energy
|-activate|p2a: Iron Treads|ability: Quark Drive|[fromitem]
|-start|p2a: Iron Treads|quarkdrivespe
|turn|1
|
|t:|1757925788
|switch|p1a: Corviknight|Corviknight, F, shiny|100/100
|-ability|p1a: Corviknight|Pressure
|move|p2a: Iron Treads|Earthquake|p1a: Corviknight
|-immune|p1a: Corviknight
|
|upkeep
|turn|2
|
|t:|1757925802
|move|p1a: Corviknight|Protect|p1a: Corviknight
|-singleturn|p1a: Corviknight|Protect
|move|p2a: Iron Treads|Ice Spinner|p1a: Corviknight
|-activate|p1a: Corviknight|move: Protect
|
|upkeep
|turn|3
|
|t:|1757925810
|move|p2a: Iron Treads|Ice Spinner|p1a: Corviknight
|-damage|p1a: Corviknight|84/100
|move|p1a: Corviknight|U-turn|p2a: Iron Treads
|-resisted|p2a: Iron Treads
|-damage|p2a: Iron Treads|94/100
|
|t:|1757925819
|switch|p1a: Vaporeon|Vaporeon, F, shiny|100/100|[from] U-turn
|
|upkeep
|turn|4
|
|t:|1757925828
|-end|p2a: Iron Treads|Quark Drive|[silent]
|switch|p2a: Ogerpon|Ogerpon-Wellspring, F|100/100
|move|p1a: Vaporeon|Scald|p2a: Ogerpon
|-immune|p2a: Ogerpon|[from] ability: Water Absorb
|
|upkeep
|turn|5
|
|t:|1757925843
|switch|p1a: Skeledirge|Skeledirge, F, shiny|100/100
|move|p2a: Ogerpon|Trailblaze|p1a: Skeledirge
|-resisted|p1a: Skeledirge
|-damage|p1a: Skeledirge|89/100
|-boost|p2a: Ogerpon|spe|1
|
|upkeep
|turn|6
|
|t:|1757925853
|-terastallize|p2a: Ogerpon|Water
|detailschange|p2a: Ogerpon|Ogerpon-Wellspring-Tera, F, tera:Water
|-ability|p2a: Ogerpon|Embody Aspect (Wellspring)|boost
|-boost|p2a: Ogerpon|spd|1
|move|p1a: Skeledirge|Protect|p1a: Skeledirge
|-singleturn|p1a: Skeledirge|Protect
|move|p2a: Ogerpon|Swords Dance|p2a: Ogerpon
|-boost|p2a: Ogerpon|atk|2
|
|upkeep
|turn|7
|
|t:|1757925864
|-terastallize|p1a: Skeledirge|Water
|move|p2a: Ogerpon|Ivy Cudgel|p1a: Skeledirge|[anim] Ivy Cudgel Water
|-resisted|p1a: Skeledirge
|-damage|p1a: Skeledirge|56/100
|move|p1a: Skeledirge|Will-O-Wisp|p2a: Ogerpon
|-status|p2a: Ogerpon|brn
|
|-damage|p2a: Ogerpon|95/100 brn|[from] brn
|upkeep
|turn|8
|
|t:|1757925879
|move|p2a: Ogerpon|Swords Dance|p2a: Ogerpon
|-boost|p2a: Ogerpon|atk|2
|move|p1a: Skeledirge|Slack Off|p1a: Skeledirge
|-heal|p1a: Skeledirge|100/100
|
|-damage|p2a: Ogerpon|89/100 brn|[from] brn
|upkeep
|turn|9
|
|t:|1757925886
|move|p2a: Ogerpon|Swords Dance|p2a: Ogerpon
|-boost|p2a: Ogerpon|atk|2
|move|p1a: Skeledirge|Torch Song|p2a: Ogerpon
|-resisted|p2a: Ogerpon
|-damage|p2a: Ogerpon|70/100 brn
|-boost|p1a: Skeledirge|spa|1
|
|-damage|p2a: Ogerpon|64/100 brn|[from] brn
|upkeep
|turn|10
|
|t:|1757925891
|move|p2a: Ogerpon|Trailblaze|p1a: Skeledirge
|-supereffective|p1a: Skeledirge
|-damage|p1a: Skeledirge|74/100
|-boost|p2a: Ogerpon|spe|1
|move|p1a: Skeledirge|Torch Song|p2a: Ogerpon
|-resisted|p2a: Ogerpon
|-damage|p2a: Ogerpon|38/100 brn
|-boost|p1a: Skeledirge|spa|1
|
|-damage|p2a: Ogerpon|32/100 brn|[from] brn
|upkeep
|turn|11
|
|t:|1757925899
|move|p2a: Ogerpon|Trailblaze|p1a: Skeledirge
|-supereffective|p1a: Skeledirge
|-crit|p1a: Skeledirge
|-damage|p1a: Skeledirge|39/100
|-boost|p2a: Ogerpon|spe|1
|move|p1a: Skeledirge|Torch Song|p2a: Ogerpon
|-resisted|p2a: Ogerpon
|-damage|p2a: Ogerpon|0 fnt
|-boost|p1a: Skeledirge|spa|1
|faint|p2a: Ogerpon
|detailschange|p2: Ogerpon|Ogerpon-Wellspring, F|[silent]
|
|upkeep
|
|t:|1757925918
|switch|p2a: Iron Valiant|Iron Valiant|100/100
|-enditem|p2a: Iron Valiant|Booster Energy
|-activate|p2a: Iron Valiant|ability: Quark Drive|[fromitem]
|-start|p2a: Iron Valiant|quarkdrivespa
|turn|12
|
|t:|1757925927
|move|p1a: Skeledirge|Protect|p1a: Skeledirge
|-singleturn|p1a: Skeledirge|Protect
|move|p2a: Iron Valiant|Moonblast|p1a: Skeledirge
|-activate|p1a: Skeledirge|move: Protect
|
|upkeep
|turn|13
|
|t:|1757925934
|move|p2a: Iron Valiant|Calm Mind|p2a: Iron Valiant
|-boost|p2a: Iron Valiant|spa|1
|-boost|p2a: Iron Valiant|spd|1
|move|p1a: Skeledirge|Slack Off|p1a: Skeledirge
|-heal|p1a: Skeledirge|89/100
|
|upkeep
|turn|14
|
|t:|1757925945
|move|p2a: Iron Valiant|Agility|p2a: Iron Valiant
|-boost|p2a: Iron Valiant|spe|2
|move|p1a: Skeledirge|Torch Song|p2a: Iron Valiant
|-crit|p2a: Iron Valiant
|-damage|p2a: Iron Valiant|0 fnt
|-boost|p1a: Skeledirge|spa|1
|faint|p2a: Iron Valiant
|-end|p2a: Iron Valiant|Quark Drive|[silent]
|
|upkeep
|-message|RoodRoo forfeited.
|
|win|imnewstupidmeta
|raw|imnewstupidmeta's rating: 1303 &rarr; <strong>1321</strong><br />(+18 for winning)
|raw|RoodRoo's rating: 1263 &rarr; <strong>1241</strong><br />(-22 for losing)
|l|☆RoodRoo
|player|p2|
|l|☆imnewstupidmeta
|player|p1|
|j|☆imnewstupidmeta
|player|p1|imnewstupidmeta|roxie|
|l|☆imnewstupidmeta
|player|p1|
