|j|☆enzodfernandesb
|j|☆megamindddd
|t:|1757891831
|gametype|singles
|player|p1|enzodfernandesb|265|1109
|player|p2|megamindddd|colress|1170
|gen|9
|tier|[Gen 9] OU
|rated|
|rule|HP Percentage Mod: HP is shown in percentages
|rule|Endless Battle Clause: Forcing endless battles is banned
|rule|Species Clause: Limit one of each Pokémon
|rule|OHKO Clause: OHKO moves are banned
|rule|Evasion Items Clause: Evasion items are banned
|rule|Evasion Moves Clause: Evasion moves are banned
|rule|Evasion Abilities Clause: Evasion abilities are banned
|rule|Sleep Moves Clause: Sleep-inducing moves are banned
|clearpoke
|poke|p1|Arboliva, M|
|poke|p1|Heatran, M|
|poke|p1|Comfey, M|
|poke|p1|Serperior, M|
|poke|p1|Mimikyu, F|
|poke|p1|Pecharunt|
|poke|p2|Dragapult, F|
|poke|p2|Zamazenta-*|
|poke|p2|Raging Bolt|
|poke|p2|Greninja-*, M|
|poke|p2|Gliscor, F|
|poke|p2|Cinderace, F|
|teampreview
|inactive|Battle timer is ON: inactive players will automatically lose when time's up. (requested by megamindddd)
|inactive|enzodfernandesb has 120 seconds left.
|inactive|enzodfernandesb has 90 seconds left.
|
|t:|1757891893
|teamsize|p1|6
|teamsize|p2|6
|start
|switch|p1a: Pecharunt|Pecharunt|100/100
|switch|p2a: Drago III|Dragapult, F|100/100
|turn|1
|
|t:|1757891903
|move|p2a: Drago III|Draco Meteor|p1a: Pecharunt
|-damage|p1a: Pecharunt|30/100
|-unboost|p2a: Drago III|spa|2
|-damage|p2a: Drago III|91/100|[from] item: Life Orb
|move|p1a: Pecharunt|Shadow Ball|p2a: Drago III
|-supereffective|p2a: Drago III
|-damage|p2a: Drago III|0 fnt
|faint|p2a: Drago III
|
|-heal|p1a: Pecharunt|37/100|[from] item: Black Sludge
|upkeep
|
|t:|1757891912
|switch|p2a: Gekkouga|Greninja, M, shiny|100/100
|turn|2
|inactive|enzodfernandesb has 120 seconds left.
|
|t:|1757891960
|switch|p1a: Arboliva|Arboliva, M, shiny|100/100
|move|p2a: Gekkouga|Surf|p1a: Arboliva
|-start|p2a: Gekkouga|typechange|Water|[from] ability: Protean
|-resisted|p1a: Arboliva
|-damage|p1a: Arboliva|84/100
|-fieldstart|move: Grassy Terrain|[from] ability: Seed Sower|[of] p1a: Arboliva
|
|-heal|p1a: Arboliva|90/100|[from] Grassy Terrain
|-heal|p1a: Arboliva|96/100|[from] item: Leftovers
|upkeep
|turn|3
|
|t:|1757891965
|move|p2a: Gekkouga|U-turn|p1a: Arboliva
|-supereffective|p1a: Arboliva
|-damage|p1a: Arboliva|70/100
|
|t:|1757891969
|switch|p2a: Blitz|Cinderace, F|100/100|[from] U-turn
|move|p1a: Arboliva|Giga Drain|p2a: Blitz
|-resisted|p2a: Blitz
|-damage|p2a: Blitz|70/100
|-heal|p1a: Arboliva|83/100|[from] drain|[of] p2a: Blitz
|
|-heal|p2a: Blitz|76/100|[from] Grassy Terrain
|-heal|p1a: Arboliva|89/100|[from] Grassy Terrain
|-heal|p1a: Arboliva|95/100|[from] item: Leftovers
|upkeep
|turn|4
|inactive|enzodfernandesb has 120 seconds left.
|
|t:|1757891999
|move|p2a: Blitz|Zen Headbutt|p1a: Arboliva
|-start|p2a: Blitz|typechange|Psychic|[from] ability: Libero
|-damage|p1a: Arboliva|69/100
|move|p1a: Arboliva|Reflect|p1a: Arboliva
|-sidestart|p1: enzodfernandesb|Reflect
|
|-heal|p2a: Blitz|82/100|[from] Grassy Terrain
|-heal|p1a: Arboliva|75/100|[from] Grassy Terrain
|-heal|p1a: Arboliva|81/100|[from] item: Leftovers
|upkeep
|turn|5
|
|t:|1757892004
|move|p2a: Blitz|Pyro Ball|p1a: Arboliva|[miss]
|-miss|p2a: Blitz|p1a: Arboliva
|move|p1a: Arboliva|Leech Seed|p2a: Blitz
|-start|p2a: Blitz|move: Leech Seed
|
|-heal|p2a: Blitz|88/100|[from] Grassy Terrain
|-heal|p1a: Arboliva|87/100|[from] Grassy Terrain
|-heal|p1a: Arboliva|94/100|[from] item: Leftovers
|-damage|p2a: Blitz|76/100|[from] Leech Seed|[of] p1a: Arboliva
|-heal|p1a: Arboliva|100/100|[silent]
|upkeep
|turn|6
|
|t:|1757892009
|move|p2a: Blitz|Pyro Ball|p1a: Arboliva
|-supereffective|p1a: Arboliva
|-damage|p1a: Arboliva|70/100
|move|p1a: Arboliva|Strength Sap|p2a: Blitz
|-unboost|p2a: Blitz|atk|1
|-heal|p1a: Arboliva|100/100
|
|-heal|p2a: Blitz|82/100|[from] Grassy Terrain
|-damage|p2a: Blitz|69/100|[from] Leech Seed|[of] p1a: Arboliva
|-fieldend|move: Grassy Terrain
|upkeep
|turn|7
|
|t:|1757892014
|switch|p1a: Heatran|Heatran, M|100/100
|move|p2a: Blitz|Pyro Ball|p1a: Heatran
|-start|p1a: Heatran|ability: Flash Fire
|
|-damage|p2a: Blitz|57/100|[from] Leech Seed|[of] p1a: Heatran
|upkeep
|turn|8
|
|t:|1757892026
|move|p2a: Blitz|U-turn|p1a: Heatran
|-resisted|p1a: Heatran
|-damage|p1a: Heatran|99/100
|
|t:|1757892029
|switch|p2a: Gekkouga|Greninja, M, shiny|100/100|[from] U-turn
|move|p1a: Heatran|Magma Storm|p2a: Gekkouga
|-resisted|p2a: Gekkouga
|-damage|p2a: Gekkouga|42/100
|-activate|p2a: Gekkouga|move: Magma Storm|[of] p1a: Heatran
|
|-damage|p2a: Gekkouga|30/100|[from] move: Magma Storm|[partiallytrapped]
|-sideend|p1: enzodfernandesb|Reflect
|upkeep
|turn|9
|inactive|enzodfernandesb has 120 seconds left.
|
|t:|1757892083
|-end|p1a: Heatran|ability: Flash Fire|[silent]
|switch|p1a: Arboliva|Arboliva, M, shiny|100/100
|move|p2a: Gekkouga|Surf|p1a: Arboliva
|-start|p2a: Gekkouga|typechange|Water|[from] ability: Protean
|-resisted|p1a: Arboliva
|-crit|p1a: Arboliva
|-damage|p1a: Arboliva|76/100
|-fieldstart|move: Grassy Terrain|[from] ability: Seed Sower|[of] p1a: Arboliva
|
|-heal|p2a: Gekkouga|36/100|[from] Grassy Terrain
|-heal|p1a: Arboliva|82/100|[from] Grassy Terrain
|-heal|p1a: Arboliva|89/100|[from] item: Leftovers
|-end|p2a: Gekkouga|Magma Storm|[partiallytrapped]|[silent]
|upkeep
|turn|10
|
|t:|1757892091
|move|p2a: Gekkouga|Ice Beam|p1a: Arboliva
|-supereffective|p1a: Arboliva
|-damage|p1a: Arboliva|30/100
|move|p1a: Arboliva|Giga Drain|p2a: Gekkouga
|-supereffective|p2a: Gekkouga
|-damage|p2a: Gekkouga|0 fnt
|-heal|p1a: Arboliva|44/100|[from] drain|[of] p2a: Gekkouga
|faint|p2a: Gekkouga
|
|-heal|p1a: Arboliva|50/100|[from] Grassy Terrain
|-heal|p1a: Arboliva|56/100|[from] item: Leftovers
|upkeep
|
|t:|1757892095
|switch|p2a: Blitz|Cinderace, F|57/100
|turn|11
|
|t:|1757892098
|move|p2a: Blitz|Pyro Ball|p1a: Arboliva
|-supereffective|p1a: Arboliva
|-damage|p1a: Arboliva|0 fnt
|faint|p1a: Arboliva
|
|-heal|p2a: Blitz|63/100|[from] Grassy Terrain
|upkeep
|
|t:|1757892101
|switch|p1a: Serperior|Serperior, M|100/100
|turn|12
|
|t:|1757892105
|-terastallize|p1a: Serperior|Grass
|move|p2a: Blitz|Pyro Ball|p1a: Serperior
|-supereffective|p1a: Serperior
|-damage|p1a: Serperior|0 fnt
|faint|p1a: Serperior
|
|-heal|p2a: Blitz|69/100|[from] Grassy Terrain
|upkeep
|
|t:|1757892119
|switch|p1a: Mimikyu|Mimikyu, F|100/100
|turn|13
|
|t:|1757892124
|move|p2a: Blitz|Pyro Ball|p1a: Mimikyu|[miss]
|-miss|p2a: Blitz|p1a: Mimikyu
|move|p1a: Mimikyu|Shadow Claw|p2a: Blitz
|-damage|p2a: Blitz|17/100
|-damage|p1a: Mimikyu|91/100|[from] item: Life Orb
|
|-heal|p2a: Blitz|23/100|[from] Grassy Terrain
|-heal|p1a: Mimikyu|97/100|[from] Grassy Terrain
|-fieldend|move: Grassy Terrain
|upkeep
|turn|14
|
|t:|1757892126
|move|p1a: Mimikyu|Shadow Sneak|p2a: Blitz
|-damage|p2a: Blitz|0 fnt
|faint|p2a: Blitz
|-damage|p1a: Mimikyu|87/100|[from] item: Life Orb
|
|upkeep
|
|t:|1757892132
|switch|p2a: Gargoyle|Gliscor, F|100/100
|turn|15
|
|t:|1757892138
|move|p1a: Mimikyu|Swords Dance|p1a: Mimikyu
|-boost|p1a: Mimikyu|atk|2
|move|p2a: Gargoyle|Knock Off|p1a: Mimikyu
|-activate|p1a: Mimikyu|ability: Disguise
|-damage|p1a: Mimikyu|87/100
|-enditem|p1a: Mimikyu|Life Orb|[from] move: Knock Off|[of] p2a: Gargoyle
|detailschange|p1a: Mimikyu|Mimikyu-Busted, F
|-damage|p1a: Mimikyu|74/100|[from] pokemon: Mimikyu-Busted
|
|-status|p2a: Gargoyle|tox|[from] item: Toxic Orb
|upkeep
|turn|16
|
|t:|1757892148
|move|p1a: Mimikyu|Swords Dance|p1a: Mimikyu
|-boost|p1a: Mimikyu|atk|2
|move|p2a: Gargoyle|Toxic|p1a: Mimikyu
|-status|p1a: Mimikyu|tox
|
|-damage|p1a: Mimikyu|68/100 tox|[from] psn
|upkeep
|turn|17
|
|t:|1757892153
|move|p2a: Gargoyle|Protect|p2a: Gargoyle
|-singleturn|p2a: Gargoyle|Protect
|move|p1a: Mimikyu|Shadow Claw|p2a: Gargoyle
|-activate|p2a: Gargoyle|move: Protect
|
|-damage|p1a: Mimikyu|56/100 tox|[from] psn
|upkeep
|turn|18
|
|t:|1757892157
|move|p1a: Mimikyu|Shadow Claw|p2a: Gargoyle
|-crit|p2a: Gargoyle
|-damage|p2a: Gargoyle|0 fnt
|faint|p2a: Gargoyle
|
|-damage|p1a: Mimikyu|38/100 tox|[from] psn
|upkeep
|
|t:|1757892160
|switch|p2a: Giraffon|Raging Bolt|100/100
|-enditem|p2a: Giraffon|Booster Energy
|-activate|p2a: Giraffon|ability: Protosynthesis|[fromitem]
|-start|p2a: Giraffon|protosynthesisspa
|turn|19
|
|t:|1757892163
|move|p1a: Mimikyu|Shadow Sneak|p2a: Giraffon
|-damage|p2a: Giraffon|59/100
|move|p2a: Giraffon|Thunderclap||[still]
|-fail|p2a: Giraffon
|
|-damage|p1a: Mimikyu|14/100 tox|[from] psn
|upkeep
|turn|20
|
|t:|1757892167
|move|p1a: Mimikyu|Shadow Sneak|p2a: Giraffon
|-damage|p2a: Giraffon|22/100
|move|p2a: Giraffon|Thunderclap||[still]
|-fail|p2a: Giraffon
|
|-damage|p1a: Mimikyu|0 fnt|[from] psn
|faint|p1a: Mimikyu
|upkeep
|
|t:|1757892170
|switch|p1a: Comfey|Comfey, M|100/100
|turn|21
|
|t:|1757892182
|move|p1a: Comfey|Draining Kiss|p2a: Giraffon
|-supereffective|p2a: Giraffon
|-damage|p2a: Giraffon|0 fnt
|faint|p2a: Giraffon
|-end|p2a: Giraffon|Protosynthesis|[silent]
|-damage|p1a: Comfey|90/100|[from] item: Life Orb
|
|upkeep
|
|t:|1757892185
|switch|p2a: Alpha|Zamazenta|100/100
|-ability|p2a: Alpha|Dauntless Shield|boost
|-boost|p2a: Alpha|def|1
|turn|22
|
|t:|1757892203
|-terastallize|p2a: Alpha|Fire
|move|p1a: Comfey|Draining Kiss|p2a: Alpha
|-resisted|p2a: Alpha
|-damage|p2a: Alpha|89/100
|-heal|p1a: Comfey|100/100|[from] drain|[of] p2a: Alpha
|-damage|p1a: Comfey|90/100|[from] item: Life Orb
|move|p2a: Alpha|Iron Defense|p2a: Alpha
|-boost|p2a: Alpha|def|2
|
|-heal|p2a: Alpha|96/100|[from] item: Leftovers
|upkeep
|turn|23
|
|t:|1757892209
|switch|p1a: Pecharunt|Pecharunt|37/100
|move|p2a: Alpha|Iron Head|p1a: Pecharunt
|-crit|p1a: Pecharunt
|-damage|p1a: Pecharunt|18/100
|
|-heal|p2a: Alpha|100/100|[from] item: Leftovers
|-heal|p1a: Pecharunt|24/100|[from] item: Black Sludge
|upkeep
|turn|24
|
|t:|1757892220
|move|p2a: Alpha|Ice Fang|p1a: Pecharunt
|-damage|p1a: Pecharunt|13/100
|move|p1a: Pecharunt|Malignant Chain|p2a: Alpha
|-damage|p2a: Alpha|71/100
|
|-heal|p2a: Alpha|77/100|[from] item: Leftovers
|-heal|p1a: Pecharunt|19/100|[from] item: Black Sludge
|upkeep
|turn|25
|
|t:|1757892233
|move|p2a: Alpha|Iron Head|p1a: Pecharunt
|-damage|p1a: Pecharunt|5/100
|move|p1a: Pecharunt|Parting Shot|p2a: Alpha
|-unboost|p2a: Alpha|atk|1
|-unboost|p2a: Alpha|spa|1
|
|t:|1757892243
|switch|p1a: Heatran|Heatran, M|99/100|[from] Parting Shot
|
|-heal|p2a: Alpha|83/100|[from] item: Leftovers
|upkeep
|turn|26
|
|t:|1757892250
|move|p2a: Alpha|Body Press|p1a: Heatran
|-supereffective|p1a: Heatran
|-damage|p1a: Heatran|0 fnt
|faint|p1a: Heatran
|
|-heal|p2a: Alpha|90/100|[from] item: Leftovers
|upkeep
|
|t:|1757892269
|switch|p1a: Pecharunt|Pecharunt|5/100
|turn|27
|
|t:|1757892273
|move|p2a: Alpha|Iron Head|p1a: Pecharunt
|-damage|p1a: Pecharunt|0 fnt
|faint|p1a: Pecharunt
|
|-heal|p2a: Alpha|96/100|[from] item: Leftovers
|upkeep
|
|t:|1757892275
|switch|p1a: Comfey|Comfey, M|90/100
|turn|28
|
|t:|1757892280
|move|p1a: Comfey|Draining Kiss|p2a: Alpha
|-resisted|p2a: Alpha
|-damage|p2a: Alpha|86/100
|-heal|p1a: Comfey|100/100|[from] drain|[of] p2a: Alpha
|-damage|p1a: Comfey|90/100|[from] item: Life Orb
|move|p2a: Alpha|Iron Head|p1a: Comfey
|-supereffective|p1a: Comfey
|-damage|p1a: Comfey|46/100
|
|-heal|p2a: Alpha|92/100|[from] item: Leftovers
|upkeep
|turn|29
|
|t:|1757892282
|move|p1a: Comfey|Draining Kiss|p2a: Alpha
|-resisted|p2a: Alpha
|-damage|p2a: Alpha|81/100
|-heal|p1a: Comfey|57/100|[from] drain|[of] p2a: Alpha
|-damage|p1a: Comfey|47/100|[from] item: Life Orb
|move|p2a: Alpha|Iron Head|p1a: Comfey
|-supereffective|p1a: Comfey
|-damage|p1a: Comfey|0 fnt
|faint|p1a: Comfey
|
|win|megamindddd
|raw|enzodfernandesb's rating: 1109 &rarr; <strong>1088</strong><br />(-21 for losing)
|raw|megamindddd's rating: 1170 &rarr; <strong>1191</strong><br />(+21 for winning)
|l|☆enzodfernandesb
|player|p1|
