|j|☆CKalt ♪ ♪
|j|☆mathismathin
|t:|1757896916
|gametype|singles
|player|p1|CKalt ♪ ♪|aromalady|1452
|player|p2|mathismathin|hilbert|1570
|gen|9
|tier|[Gen 9] OU
|rated|
|rule|HP Percentage Mod: HP is shown in percentages
|rule|Endless Battle Clause: Forcing endless battles is banned
|rule|Species Clause: Limit one of each Pokémon
|rule|OHKO Clause: OHKO moves are banned
|rule|Evasion Items Clause: Evasion items are banned
|rule|Evasion Moves Clause: Evasion moves are banned
|rule|Evasion Abilities Clause: Evasion abilities are banned
|rule|Sleep Moves Clause: Sleep-inducing moves are banned
|clearpoke
|poke|p1|Moltres|
|poke|p1|Zamazenta-*|
|poke|p1|Darkrai|
|poke|p1|Hydrapple, M|
|poke|p1|Ting-Lu|
|poke|p1|Tinkaton, F|
|poke|p2|Walking Wake|
|poke|p2|Sinistcha|
|poke|p2|Volcanion|
|poke|p2|Slowbro, F|
|poke|p2|Coalossal, F|
|poke|p2|Emboar, M|
|teampreview
|
|t:|1757896923
|teamsize|p1|6
|teamsize|p2|6
|start
|switch|p1a: Ting-Lu|Ting-Lu|100/100
|switch|p2a: Volcanion|Volcanion|100/100
|-ability|p1a: Ting-Lu|Vessel of Ruin
|turn|1
|
|t:|1757896945
|move|p2a: Volcanion|Steam Eruption|p1a: Ting-Lu
|-supereffective|p1a: Ting-Lu
|-damage|p1a: Ting-Lu|52/100
|-status|p1a: Ting-Lu|brn
|move|p1a: Ting-Lu|Earthquake|p2a: Volcanion
|-supereffective|p2a: Volcanion
|-damage|p2a: Volcanion|68/100
|
|-heal|p1a: Ting-Lu|58/100 brn|[from] item: Leftovers
|-damage|p1a: Ting-Lu|52/100 brn|[from] brn
|upkeep
|turn|2
|
|t:|1757896961
|switch|p1a: Hydrapple|Hydrapple, M|100/100
|move|p2a: Volcanion|Steam Eruption|p1a: Hydrapple
|-resisted|p1a: Hydrapple
|-damage|p1a: Hydrapple|85/100
|
|upkeep
|turn|3
|
|t:|1757896970
|move|p2a: Volcanion|Sludge Bomb|p1a: Hydrapple
|-supereffective|p1a: Hydrapple
|-damage|p1a: Hydrapple|11/100
|-status|p1a: Hydrapple|psn
|move|p1a: Hydrapple|Fickle Beam|p2a: Volcanion|[anim] Fickle Beam All Out
|-activate|p1a: Hydrapple|move: Fickle Beam
|-damage|p2a: Volcanion|14/100
|
|-damage|p1a: Hydrapple|0 fnt|[from] psn
|faint|p1a: Hydrapple
|upkeep
|
|t:|1757896976
|switch|p1a: Darkrai|Darkrai, shiny|100/100
|turn|4
|
|t:|1757897002
|switch|p2a: Emboar|Emboar, M|100/100
|move|p1a: Darkrai|Dark Pulse|p2a: Emboar
|-resisted|p2a: Emboar
|-damage|p2a: Emboar|87/100
|
|upkeep
|turn|5
|
|t:|1757897011
|switch|p1a: Zamazenta|Zamazenta|100/100
|-ability|p1a: Zamazenta|Dauntless Shield|boost
|-boost|p1a: Zamazenta|def|1
|move|p2a: Emboar|Scald|p1a: Zamazenta
|-damage|p1a: Zamazenta|84/100
|
|upkeep
|turn|6
|
|t:|1757897015
|switch|p2a: Slowbro|Slowbro, F|100/100
|move|p1a: Zamazenta|Stone Edge|p2a: Slowbro|[miss]
|-miss|p1a: Zamazenta|p2a: Slowbro
|
|upkeep
|turn|7
|
|t:|1757897020
|move|p1a: Zamazenta|Crunch|p2a: Slowbro
|-supereffective|p2a: Slowbro
|-damage|p2a: Slowbro|69/100
|-unboost|p2a: Slowbro|def|1
|-damage|p1a: Zamazenta|68/100|[from] item: Rocky Helmet|[of] p2a: Slowbro
|move|p2a: Slowbro|Scald|p1a: Zamazenta
|-damage|p1a: Zamazenta|41/100
|
|upkeep
|turn|8
|
|t:|1757897028
|switch|p1a: Darkrai|Darkrai, shiny|100/100
|move|p2a: Slowbro|Slack Off|p2a: Slowbro
|-heal|p2a: Slowbro|100/100
|
|upkeep
|turn|9
|
|t:|1757897034
|switch|p2a: Emboar|Emboar, M|87/100
|move|p1a: Darkrai|Sludge Bomb|p2a: Emboar
|-damage|p2a: Emboar|65/100
|-status|p2a: Emboar|psn
|
|-damage|p2a: Emboar|53/100 psn|[from] psn
|upkeep
|turn|10
|
|t:|1757897060
|-terastallize|p1a: Darkrai|Poison
|move|p1a: Darkrai|Sludge Bomb|p2a: Emboar
|-damage|p2a: Emboar|21/100 psn
|move|p2a: Emboar|Close Combat|p1a: Darkrai
|-resisted|p1a: Darkrai
|-damage|p1a: Darkrai|58/100
|-unboost|p2a: Emboar|def|1
|-unboost|p2a: Emboar|spd|1
|
|-damage|p2a: Emboar|9/100 psn|[from] psn
|upkeep
|turn|11
|
|t:|1757897079
|move|p1a: Darkrai|Dark Pulse|p2a: Emboar
|-resisted|p2a: Emboar
|-damage|p2a: Emboar|0 fnt
|faint|p2a: Emboar
|
|upkeep
|
|t:|1757897084
|switch|p2a: Walking Wake|Walking Wake|100/100
|turn|12
|
|t:|1757897096
|switch|p1a: Zamazenta|Zamazenta|41/100
|move|p2a: Walking Wake|Scald|p1a: Zamazenta
|-crit|p1a: Zamazenta
|-damage|p1a: Zamazenta|0 fnt
|faint|p1a: Zamazenta
|
|upkeep
|
|t:|1757897097
|switch|p1a: Tinkaton|Tinkaton, F|100/100
|-ability|p1a: Tinkaton|Mold Breaker
|-item|p1a: Tinkaton|Air Balloon
|turn|13
|
|t:|1757897122
|-end|p2a: Walking Wake|Protosynthesis|[silent]
|switch|p2a: Slowbro|Slowbro, F|100/100
|move|p1a: Tinkaton|Stealth Rock|p2a: Slowbro
|-sidestart|p2: mathismathin|move: Stealth Rock
|
|upkeep
|turn|14
|
|t:|1757897128
|switch|p1a: Ting-Lu|Ting-Lu|52/100 brn
|-ability|p1a: Ting-Lu|Vessel of Ruin
|move|p2a: Slowbro|Scald|p1a: Ting-Lu
|-supereffective|p1a: Ting-Lu
|-damage|p1a: Ting-Lu|28/100 brn
|
|-heal|p1a: Ting-Lu|34/100 brn|[from] item: Leftovers
|-damage|p1a: Ting-Lu|28/100 brn|[from] brn
|upkeep
|turn|15
|
|t:|1757897148
|move|p1a: Ting-Lu|Spikes|p2a: Slowbro
|-sidestart|p2: mathismathin|Spikes
|move|p2a: Slowbro|Body Press|p1a: Ting-Lu
|-supereffective|p1a: Ting-Lu
|-damage|p1a: Ting-Lu|0 fnt
|faint|p1a: Ting-Lu
|
|upkeep
|
|t:|1757897156
|switch|p1a: Darkrai|Darkrai, shiny, tera:Poison|58/100
|turn|16
|
|t:|1757897163
|switch|p2a: Volcanion|Volcanion|14/100
|-damage|p2a: Volcanion|0 fnt|[from] Stealth Rock
|faint|p2a: Volcanion
|move|p1a: Darkrai|Dark Pulse|p2: Volcanion|[notarget]
|-fail|p1a: Darkrai
|
|upkeep
|
|t:|1757897164
|switch|p2a: Coalossal|Coalossal, F|100/100
|turn|17
|
|t:|1757897171
|switch|p1a: Moltres|Moltres|100/100
|move|p2a: Coalossal|Rapid Spin|p1a: Moltres
|-damage|p1a: Moltres|94/100
|-boost|p2a: Coalossal|spe|1
|-sideend|p2: mathismathin|Spikes|[from] move: Rapid Spin|[of] p2a: Coalossal
|-sideend|p2: mathismathin|Stealth Rock|[from] move: Rapid Spin|[of] p2a: Coalossal
|
|upkeep
|turn|18
|
|t:|1757897180
|move|p1a: Moltres|U-turn|p2a: Coalossal
|-resisted|p2a: Coalossal
|-damage|p2a: Coalossal|97/100
|
|t:|1757897181
|switch|p1a: Tinkaton|Tinkaton, F|100/100|[from] U-turn
|-ability|p1a: Tinkaton|Mold Breaker
|-item|p1a: Tinkaton|Air Balloon
|move|p2a: Coalossal|Stealth Rock|p1a: Tinkaton
|-sidestart|p1: CKalt ♪ ♪|move: Stealth Rock
|
|upkeep
|turn|19
|
|t:|1757897186
|switch|p2a: Slowbro|Slowbro, F|100/100
|move|p1a: Tinkaton|Gigaton Hammer|p2a: Slowbro
|-resisted|p2a: Slowbro
|-damage|p2a: Slowbro|86/100
|
|upkeep
|turn|20
|
|t:|1757897187
|move|p1a: Tinkaton|Stealth Rock|p2a: Slowbro
|-sidestart|p2: mathismathin|move: Stealth Rock
|move|p2a: Slowbro|Scald|p1a: Tinkaton
|-damage|p1a: Tinkaton|75/100
|-status|p1a: Tinkaton|brn
|-enditem|p1a: Tinkaton|Air Balloon
|
|-damage|p1a: Tinkaton|69/100 brn|[from] brn
|upkeep
|turn|21
|
|t:|1757897193
|switch|p1a: Moltres|Moltres|94/100
|move|p2a: Slowbro|Scald|p1a: Moltres
|-supereffective|p1a: Moltres
|-damage|p1a: Moltres|42/100
|
|upkeep
|turn|22
|
|t:|1757897202
|move|p1a: Moltres|Flamethrower|p2a: Slowbro
|-resisted|p2a: Slowbro
|-crit|p2a: Slowbro
|-damage|p2a: Slowbro|61/100
|-status|p2a: Slowbro|brn
|move|p2a: Slowbro|Scald|p1a: Moltres
|-supereffective|p1a: Moltres
|-damage|p1a: Moltres|0 fnt
|faint|p1a: Moltres
|
|-damage|p2a: Slowbro|55/100 brn|[from] brn
|upkeep
|
|t:|1757897205
|switch|p1a: Darkrai|Darkrai, shiny, tera:Poison|58/100
|turn|23
|
|t:|1757897218
|move|p1a: Darkrai|Dark Pulse|p2a: Slowbro
|-supereffective|p2a: Slowbro
|-damage|p2a: Slowbro|0 fnt
|faint|p2a: Slowbro
|
|upkeep
|
|t:|1757897219
|switch|p2a: Walking Wake|Walking Wake|100/100
|-damage|p2a: Walking Wake|88/100|[from] Stealth Rock
|turn|24
|
|t:|1757897227
|move|p2a: Walking Wake|Scald|p1a: Darkrai
|-damage|p1a: Darkrai|0 fnt
|faint|p1a: Darkrai
|
|upkeep
|
|t:|1757897229
|switch|p1a: Tinkaton|Tinkaton, F|69/100 brn
|-damage|p1a: Tinkaton|63/100 brn|[from] Stealth Rock
|-ability|p1a: Tinkaton|Mold Breaker
|turn|25
|-message|CKalt ♪ ♪ forfeited.
|
|win|mathismathin
|raw|CKalt ♪ ♪'s rating: 1452 &rarr; <strong>1437</strong><br />(-15 for losing)
|raw|mathismathin's rating: 1547 &rarr; <strong>1562</strong><br />(+15 for winning)
|l|☆CKalt ♪ ♪
|player|p1|
