|j|☆Chorley Cakes
|j|☆rookie22
|t:|1757855328
|gametype|singles
|player|p1|Chorley Cakes|waiter-gen4|1711
|player|p2|rookie22|iris-gen5bw2|1644
|gen|9
|tier|[Gen 9] OU
|rated|
|rule|HP Percentage Mod: HP is shown in percentages
|rule|Endless Battle Clause: Forcing endless battles is banned
|rule|Species Clause: Limit one of each Pokémon
|rule|OHKO Clause: OHKO moves are banned
|rule|Evasion Items Clause: Evasion items are banned
|rule|Evasion Moves Clause: Evasion moves are banned
|rule|Evasion Abilities Clause: Evasion abilities are banned
|rule|Sleep Moves Clause: Sleep-inducing moves are banned
|clearpoke
|poke|p1|Rillaboom, F|
|poke|p1|Kyurem|
|poke|p1|Cinderace, F|
|poke|p1|Gholdengo|
|poke|p1|Garganacl, F|
|poke|p1|Darkrai|
|poke|p2|Dragonite, M|
|poke|p2|Meowscarada, F|
|poke|p2|Keldeo|
|poke|p2|Iron Crown|
|poke|p2|Raging Bolt|
|poke|p2|Great Tusk|
|teampreview
|inactive|Battle timer is ON: inactive players will automatically lose when time's up. (requested by rookie22)
|c|☆Chorley Cakes|hf
|c|☆rookie22|You too
|inactive|Chorley Cakes has 120 seconds left.
|
|t:|1757855368
|teamsize|p1|6
|teamsize|p2|6
|start
|switch|p1a: Kyurem|Kyurem|100/100
|switch|p2a: Lisan Al Gaib|Keldeo|100/100
|-ability|p1a: Kyurem|Pressure
|turn|1
|
|t:|1757855377
|switch|p2a: Bene Gesserit|Iron Crown|100/100
|move|p1a: Kyurem|Protect||[still]
|-fail|p1a: Kyurem
|
|upkeep
|turn|2
|
|t:|1757855382
|move|p1a: Kyurem|Protect|p1a: Kyurem
|-singleturn|p1a: Kyurem|Protect
|move|p2a: Bene Gesserit|Tachyon Cutter|p1a: Kyurem
|-activate|p1a: Kyurem|move: Protect
|
|upkeep
|turn|3
|
|t:|1757855405
|switch|p1a: Rillaboom|Rillaboom, F|100/100
|-fieldstart|move: Grassy Terrain|[from] ability: Grassy Surge|[of] p1a: Rillaboom
|move|p2a: Bene Gesserit|Tachyon Cutter|p1a: Rillaboom
|-damage|p1a: Rillaboom|75/100
|-damage|p1a: Rillaboom|45/100
|-hitcount|p1a: Rillaboom|2
|
|-heal|p1a: Rillaboom|51/100|[from] Grassy Terrain
|upkeep
|turn|4
|
|t:|1757855420
|move|p2a: Bene Gesserit|Tachyon Cutter|p1a: Rillaboom
|-damage|p1a: Rillaboom|23/100
|-damage|p1a: Rillaboom|0 fnt
|faint|p1a: Rillaboom
|-hitcount|p1: Rillaboom|2
|
|upkeep
|
|t:|1757855428
|switch|p1a: Darkrai|Darkrai|100/100
|turn|5
|
|t:|1757855435
|-end|p2a: Bene Gesserit|Quark Drive|[silent]
|switch|p2a: Lisan Al Gaib|Keldeo|100/100
|move|p1a: Darkrai|Knock Off|p2a: Lisan Al Gaib
|-resisted|p2a: Lisan Al Gaib
|-damage|p2a: Lisan Al Gaib|84/100
|-ability|p2a: Lisan Al Gaib|Justified|boost
|-boost|p2a: Lisan Al Gaib|atk|1
|-enditem|p2a: Lisan Al Gaib|Choice Specs|[from] move: Knock Off|[of] p1a: Darkrai
|
|-heal|p2a: Lisan Al Gaib|90/100|[from] Grassy Terrain
|upkeep
|turn|6
|inactive|Chorley Cakes has 120 seconds left.
|
|t:|1757855477
|switch|p1a: Gholdengo|Gholdengo|100/100
|-item|p1a: Gholdengo|Air Balloon
|move|p2a: Lisan Al Gaib|Surf|p1a: Gholdengo
|-damage|p1a: Gholdengo|47/100
|-enditem|p1a: Gholdengo|Air Balloon
|
|-heal|p2a: Lisan Al Gaib|96/100|[from] Grassy Terrain
|-heal|p1a: Gholdengo|53/100|[from] Grassy Terrain
|upkeep
|turn|7
|
|t:|1757855501
|move|p2a: Lisan Al Gaib|Surf|p1a: Gholdengo
|-damage|p1a: Gholdengo|0 fnt
|faint|p1a: Gholdengo
|
|-heal|p2a: Lisan Al Gaib|100/100|[from] Grassy Terrain
|upkeep
|c|☆Chorley Cakes|g
|-message|Chorley Cakes forfeited.
|
|win|rookie22
|raw|Chorley Cakes's rating: 1711 &rarr; <strong>1687</strong><br />(-24 for losing)
|raw|rookie22's rating: 1644 &rarr; <strong>1668</strong><br />(+24 for winning)
|l|☆Chorley Cakes
|player|p1|
|l|☆rookie22
|player|p2|
