|j|☆saxman17
|j|☆Flemperboi
|t:|1757893236
|gametype|singles
|player|p1|saxman17|170|1289
|player|p2|Flemperboi|1|1233
|gen|9
|tier|[Gen 9] OU
|rated|
|rule|HP Percentage Mod: HP is shown in percentages
|rule|Endless Battle Clause: Forcing endless battles is banned
|rule|Species Clause: Limit one of each Pokémon
|rule|OHKO Clause: OHKO moves are banned
|rule|Evasion Items Clause: Evasion items are banned
|rule|Evasion Moves Clause: Evasion moves are banned
|rule|Evasion Abilities Clause: Evasion abilities are banned
|rule|Sleep Moves Clause: Sleep-inducing moves are banned
|clearpoke
|poke|p1|Dragonite, F|
|poke|p1|Ogerpon-Wellspring, F|
|poke|p1|Darkrai|
|poke|p1|Scizor, M|
|poke|p1|Weezing-Galar, F|
|poke|p1|Gliscor, F|
|poke|p2|Landorus-Therian, M|
|poke|p2|Kingambit, F|
|poke|p2|Azumarill, F|
|poke|p2|Flygon, F|
|poke|p2|Gengar, M|
|poke|p2|Blastoise, F|
|teampreview
|inactive|Battle timer is ON: inactive players will automatically lose when time's up. (requested by saxman17)
|
|t:|1757893246
|teamsize|p1|6
|teamsize|p2|6
|start
|switch|p1a: Ogerpon|Ogerpon-Wellspring, F|100/100
|switch|p2a: Gengar|Gengar, M|100/100
|turn|1
|
|t:|1757893258
|switch|p1a: Gliscor|Gliscor, F|100/100
|move|p2a: Gengar|Toxic Spikes|p1a: Gliscor
|-sidestart|p1: saxman17|move: Toxic Spikes
|
|-status|p1a: Gliscor|tox|[from] item: Toxic Orb
|upkeep
|turn|2
|
|t:|1757893264
|move|p2a: Gengar|Taunt|p1a: Gliscor
|-start|p1a: Gliscor|move: Taunt
|move|p1a: Gliscor|Knock Off|p2a: Gengar
|-supereffective|p2a: Gengar
|-enditem|p2a: Gengar|Focus Sash
|-damage|p2a: Gengar|1/100
|-start|p1a: Gliscor|Disable|Knock Off|[from] ability: Cursed Body|[of] p2a: Gengar
|
|upkeep
|turn|3
|
|t:|1757893270
|move|p2a: Gengar|Destiny Bond|p2a: Gengar
|-singlemove|p2a: Gengar|Destiny Bond
|move|p1a: Gliscor|Earthquake|p2a: Gengar
|-supereffective|p2a: Gengar
|-damage|p2a: Gengar|0 fnt
|faint|p2a: Gengar
|-activate|p2a: Gengar|move: Destiny Bond
|faint|p1a: Gliscor
|
|upkeep
|
|t:|1757893276
|switch|p2a: Landorus|Landorus-Therian, M|100/100
|switch|p1a: Weezing|Weezing-Galar, F|100/100
|-ability|p1a: Weezing|Neutralizing Gas
|-sideend|p1: saxman17|move: Toxic Spikes|[of] p1a: Weezing
|turn|4
|
|t:|1757893284
|move|p2a: Landorus|Stone Edge|p1a: Weezing
|-damage|p1a: Weezing|77/100
|move|p1a: Weezing|Will-O-Wisp|p2a: Landorus
|-status|p2a: Landorus|brn
|
|-damage|p2a: Landorus|95/100 brn|[from] brn
|upkeep
|turn|5
|
|t:|1757893294
|switch|p2a: Flygon|Flygon, F|100/100
|-end|p1a: Weezing|ability: Neutralizing Gas
|switch|p1a: Ogerpon|Ogerpon-Wellspring, F|100/100
|
|upkeep
|turn|6
|
|t:|1757893307
|switch|p2a: Landorus|Landorus-Therian, M|95/100 brn
|-ability|p2a: Landorus|Intimidate|boost
|-unboost|p1a: Ogerpon|atk|1
|move|p1a: Ogerpon|Knock Off|p2a: Landorus
|-damage|p2a: Landorus|65/100 brn
|-enditem|p2a: Landorus|Choice Scarf|[from] move: Knock Off|[of] p1a: Ogerpon
|
|-damage|p2a: Landorus|59/100 brn|[from] brn
|upkeep
|turn|7
|
|t:|1757893315
|move|p1a: Ogerpon|Ivy Cudgel|p2a: Landorus|[anim] Ivy Cudgel Water
|-supereffective|p2a: Landorus
|-crit|p2a: Landorus
|-damage|p2a: Landorus|0 fnt
|faint|p2a: Landorus
|
|upkeep
|
|t:|1757893323
|switch|p2a: Kingambit|Kingambit, F|100/100
|-activate|p2a: Kingambit|ability: Supreme Overlord
|-start|p2a: Kingambit|fallen2|[silent]
|turn|8
|
|t:|1757893335
|switch|p1a: Weezing|Weezing-Galar, F|77/100
|-ability|p1a: Weezing|Neutralizing Gas
|move|p2a: Kingambit|Swords Dance|p2a: Kingambit
|-boost|p2a: Kingambit|atk|2
|
|upkeep
|turn|9
|
|t:|1757893339
|move|p2a: Kingambit|Iron Head|p1a: Weezing
|-supereffective|p1a: Weezing
|-damage|p1a: Weezing|0 fnt
|faint|p1a: Weezing
|-end|p1a: Weezing|ability: Neutralizing Gas
|-activate|p2a: Kingambit|ability: Supreme Overlord
|-start|p2a: Kingambit|fallen2|[silent]
|
|upkeep
|
|t:|1757893342
|switch|p1a: Dragonite|Dragonite, F|100/100
|turn|10
|
|t:|1757893346
|move|p1a: Dragonite|Dragon Dance|p1a: Dragonite
|-boost|p1a: Dragonite|atk|1
|-boost|p1a: Dragonite|spe|1
|move|p2a: Kingambit|Kowtow Cleave|p1a: Dragonite
|-damage|p1a: Dragonite|36/100
|
|-heal|p1a: Dragonite|42/100|[from] item: Leftovers
|upkeep
|turn|11
|
|t:|1757893353
|move|p1a: Dragonite|Dragon Dance|p1a: Dragonite
|-boost|p1a: Dragonite|atk|1
|-boost|p1a: Dragonite|spe|1
|move|p2a: Kingambit|Kowtow Cleave|p1a: Dragonite
|-damage|p1a: Dragonite|0 fnt
|faint|p1a: Dragonite
|
|upkeep
|
|t:|1757893357
|switch|p1a: Ogerpon|Ogerpon-Wellspring, F|100/100
|turn|12
|
|t:|1757893361
|move|p2a: Kingambit|Sucker Punch|p1a: Ogerpon
|-damage|p1a: Ogerpon|0 fnt
|faint|p1a: Ogerpon
|
|upkeep
|
|t:|1757893364
|switch|p1a: Darkrai|Darkrai|100/100
|turn|13
|
|t:|1757893369
|-terastallize|p1a: Darkrai|Poison
|move|p1a: Darkrai|Will-O-Wisp|p2a: Kingambit
|-status|p2a: Kingambit|brn
|move|p2a: Kingambit|Iron Head|p1a: Darkrai
|-damage|p1a: Darkrai|29/100
|
|-heal|p1a: Darkrai|35/100|[from] item: Leftovers
|-damage|p2a: Kingambit|94/100 brn|[from] brn
|upkeep
|turn|14
|
|t:|1757893389
|switch|p1a: Scizor|Scizor, M|100/100
|move|p2a: Kingambit|Sucker Punch||[still]
|-fail|p2a: Kingambit
|
|-heal|p2a: Kingambit|100/100 brn|[from] item: Leftovers
|-damage|p2a: Kingambit|94/100 brn|[from] brn
|upkeep
|turn|15
|
|t:|1757893395
|move|p1a: Scizor|Close Combat|p2a: Kingambit
|-supereffective|p2a: Kingambit
|-damage|p2a: Kingambit|0 fnt
|-unboost|p1a: Scizor|def|1
|-unboost|p1a: Scizor|spd|1
|faint|p2a: Kingambit
|-end|p2a: Kingambit|fallen2|[silent]
|
|upkeep
|
|t:|1757893401
|switch|p2a: Flygon|Flygon, F|100/100
|turn|16
|
|t:|1757893405
|switch|p1a: Darkrai|Darkrai, tera:Poison|35/100
|move|p2a: Flygon|Draco Meteor|p1a: Darkrai
|-damage|p1a: Darkrai|0 fnt
|-unboost|p2a: Flygon|spa|2
|faint|p1a: Darkrai
|
|upkeep
|
|t:|1757893410
|switch|p1a: Scizor|Scizor, M|100/100
|turn|17
|
|t:|1757893425
|switch|p2a: Blastoise|Blastoise, F|100/100
|move|p1a: Scizor|U-turn|p2a: Blastoise
|-damage|p2a: Blastoise|29/100
|
|upkeep
|turn|18
|
|t:|1757893430
|move|p2a: Blastoise|Wave Crash|p1a: Scizor
|-damage|p1a: Scizor|11/100
|-damage|p2a: Blastoise|0 fnt|[from] Recoil
|faint|p2a: Blastoise
|move|p1a: Scizor|U-turn|p2: Blastoise|[notarget]
|-fail|p1a: Scizor
|
|upkeep
|
|t:|1757893433
|switch|p2a: Azumarill|Azumarill, F|100/100
|turn|19
|-message|saxman17 forfeited.
|
|win|Flemperboi
|raw|saxman17's rating: 1289 &rarr; <strong>1260</strong><br />(-29 for losing)
|raw|Flemperboi's rating: 1233 &rarr; <strong>1262</strong><br />(+29 for winning)
|l|☆saxman17
|player|p1|
