|j|☆splogop
|j|☆Shaymas
|t:|1757842027
|gametype|singles
|player|p1|splogop|101|1570
|player|p2|Shaymas|169|1601
|gen|9
|tier|[Gen 9] OU
|rated|
|rule|HP Percentage Mod: HP is shown in percentages
|rule|Endless Battle Clause: Forcing endless battles is banned
|rule|Species Clause: Limit one of each Pokémon
|rule|OHKO Clause: OHKO moves are banned
|rule|Evasion Items Clause: Evasion items are banned
|rule|Evasion Moves Clause: Evasion moves are banned
|rule|Evasion Abilities Clause: Evasion abilities are banned
|rule|Sleep Moves Clause: Sleep-inducing moves are banned
|clearpoke
|poke|p1|Tyranitar, F|
|poke|p1|Alomomola, M|
|poke|p1|Clodsire, M|
|poke|p1|Pecharunt|
|poke|p1|Iron Treads|
|poke|p1|Garganacl, M|
|poke|p2|Infernape, F|
|poke|p2|Samurott-Hisui, F|
|poke|p2|Gholdengo|
|poke|p2|Iron Valiant|
|poke|p2|Great Tusk|
|poke|p2|Zamazenta-*|
|teampreview
|inactive|Battle timer is ON: inactive players will automatically lose when time's up. (requested by Shaymas)
|
|t:|1757842043
|teamsize|p1|6
|teamsize|p2|6
|start
|switch|p1a: Clodsire|Clodsire, M|100/100
|switch|p2a: Samurott|Samurott-Hisui, F|100/100
|turn|1
|
|t:|1757842049
|move|p2a: Samurott|Knock Off|p1a: Clodsire
|-damage|p1a: Clodsire|69/100
|-enditem|p1a: Clodsire|Heavy-Duty Boots|[from] move: Knock Off|[of] p2a: Samurott
|move|p1a: Clodsire|Toxic Spikes|p2a: Samurott
|-sidestart|p2: Shaymas|move: Toxic Spikes
|
|upkeep
|turn|2
|
|t:|1757842065
|move|p2a: Samurott|Ceaseless Edge|p1a: Clodsire
|-damage|p1a: Clodsire|36/100
|-sidestart|p1: splogop|Spikes
|move|p1a: Clodsire|Earthquake|p2a: Samurott
|-damage|p2a: Samurott|72/100
|
|upkeep
|turn|3
|
|t:|1757842069
|move|p2a: Samurott|Ceaseless Edge|p1a: Clodsire
|-damage|p1a: Clodsire|3/100
|-sidestart|p1: splogop|Spikes
|move|p1a: Clodsire|Recover|p1a: Clodsire
|-heal|p1a: Clodsire|53/100
|
|upkeep
|turn|4
|
|t:|1757842073
|move|p2a: Samurott|Ceaseless Edge|p1a: Clodsire
|-damage|p1a: Clodsire|23/100
|-sidestart|p1: splogop|Spikes
|move|p1a: Clodsire|Recover|p1a: Clodsire
|-heal|p1a: Clodsire|73/100
|
|upkeep
|turn|5
|
|t:|1757842091
|switch|p2a: Great Tusk|Great Tusk|100/100
|-status|p2a: Great Tusk|psn
|-enditem|p2a: Great Tusk|Booster Energy
|-activate|p2a: Great Tusk|ability: Protosynthesis|[fromitem]
|-start|p2a: Great Tusk|protosynthesisspe
|move|p1a: Clodsire|Spikes|p2a: Great Tusk
|-sidestart|p2: Shaymas|Spikes
|
|-damage|p2a: Great Tusk|88/100 psn|[from] psn
|upkeep
|turn|6
|
|t:|1757842102
|switch|p1a: Alomomola|Alomomola, M|100/100
|move|p2a: Great Tusk|Bulk Up|p2a: Great Tusk
|-boost|p2a: Great Tusk|atk|1
|-boost|p2a: Great Tusk|def|1
|
|-damage|p2a: Great Tusk|76/100 psn|[from] psn
|upkeep
|turn|7
|
|t:|1757842118
|-terastallize|p1a: Alomomola|Ghost
|move|p2a: Great Tusk|Rapid Spin|p1a: Alomomola
|-immune|p1a: Alomomola
|move|p1a: Alomomola|Scald|p2a: Great Tusk
|-supereffective|p2a: Great Tusk
|-damage|p2a: Great Tusk|39/100 psn
|
|-damage|p2a: Great Tusk|27/100 psn|[from] psn
|upkeep
|turn|8
|
|t:|1757842124
|move|p2a: Great Tusk|Headlong Rush|p1a: Alomomola
|-damage|p1a: Alomomola|58/100
|-unboost|p2a: Great Tusk|def|1
|-unboost|p2a: Great Tusk|spd|1
|move|p1a: Alomomola|Wish|p1a: Alomomola
|
|-damage|p2a: Great Tusk|14/100 psn|[from] psn
|upkeep
|turn|9
|
|t:|1757842149
|move|p1a: Alomomola|Protect|p1a: Alomomola
|-singleturn|p1a: Alomomola|Protect
|move|p2a: Great Tusk|Bulk Up|p2a: Great Tusk
|-boost|p2a: Great Tusk|atk|1
|-boost|p2a: Great Tusk|def|1
|
|-heal|p1a: Alomomola|100/100|[from] move: Wish|[wisher] Alomomola
|-damage|p2a: Great Tusk|2/100 psn|[from] psn
|upkeep
|turn|10
|
|t:|1757842153
|move|p2a: Great Tusk|Headlong Rush|p1a: Alomomola
|-damage|p1a: Alomomola|48/100
|-unboost|p2a: Great Tusk|def|1
|-unboost|p2a: Great Tusk|spd|1
|move|p1a: Alomomola|Wish|p1a: Alomomola
|
|-damage|p2a: Great Tusk|0 fnt|[from] psn
|faint|p2a: Great Tusk
|-end|p2a: Great Tusk|Protosynthesis|[silent]
|upkeep
|
|t:|1757842170
|switch|p2a: Iron Valiant|Iron Valiant|100/100
|-status|p2a: Iron Valiant|psn
|-damage|p2a: Iron Valiant|88/100 psn|[from] Spikes
|-enditem|p2a: Iron Valiant|Booster Energy
|-activate|p2a: Iron Valiant|ability: Quark Drive|[fromitem]
|-start|p2a: Iron Valiant|quarkdrivespe
|turn|11
|
|t:|1757842180
|move|p1a: Alomomola|Protect|p1a: Alomomola
|-singleturn|p1a: Alomomola|Protect
|move|p2a: Iron Valiant|Calm Mind|p2a: Iron Valiant
|-boost|p2a: Iron Valiant|spa|1
|-boost|p2a: Iron Valiant|spd|1
|
|-heal|p1a: Alomomola|98/100|[from] move: Wish|[wisher] Alomomola
|-damage|p2a: Iron Valiant|76/100 psn|[from] psn
|upkeep
|turn|12
|
|t:|1757842191
|switch|p1a: Tyranitar|Tyranitar, F|100/100
|-damage|p1a: Tyranitar|76/100|[from] Spikes
|-weather|Sandstorm|[from] ability: Sand Stream|[of] p1a: Tyranitar
|move|p2a: Iron Valiant|Thunderbolt|p1a: Tyranitar
|-damage|p1a: Tyranitar|45/100
|
|-weather|Sandstorm|[upkeep]
|-damage|p2a: Iron Valiant|69/100 psn|[from] Sandstorm
|-damage|p2a: Iron Valiant|57/100 psn|[from] psn
|upkeep
|turn|13
|
|t:|1757842203
|switch|p1a: Garganacl|Garganacl, M|100/100
|-damage|p1a: Garganacl|75/100|[from] Spikes
|move|p2a: Iron Valiant|Moonblast|p1a: Garganacl
|-damage|p1a: Garganacl|42/100
|
|-weather|Sandstorm|[upkeep]
|-damage|p2a: Iron Valiant|51/100 psn|[from] Sandstorm
|-heal|p1a: Garganacl|48/100|[from] item: Leftovers
|-damage|p2a: Iron Valiant|38/100 psn|[from] psn
|upkeep
|turn|14
|
|t:|1757842217
|move|p2a: Iron Valiant|Close Combat|p1a: Garganacl
|-supereffective|p1a: Garganacl
|-damage|p1a: Garganacl|0 fnt
|-unboost|p2a: Iron Valiant|def|1
|-unboost|p2a: Iron Valiant|spd|1
|faint|p1a: Garganacl
|
|-weather|Sandstorm|[upkeep]
|-damage|p2a: Iron Valiant|32/100 psn|[from] Sandstorm
|-damage|p2a: Iron Valiant|20/100 psn|[from] psn
|upkeep
|
|t:|1757842222
|switch|p1a: Pecharunt|Pecharunt|100/100
|turn|15
|
|t:|1757842236
|move|p2a: Iron Valiant|Thunderbolt|p1a: Pecharunt
|-damage|p1a: Pecharunt|54/100
|move|p1a: Pecharunt|Shadow Ball|p2a: Iron Valiant
|-damage|p2a: Iron Valiant|0 fnt
|faint|p2a: Iron Valiant
|-end|p2a: Iron Valiant|Quark Drive|[silent]
|
|-weather|Sandstorm|[upkeep]
|-damage|p1a: Pecharunt|48/100|[from] Sandstorm
|upkeep
|j| Ctannn
|
|t:|1757842254
|switch|p2a: Infernape|Infernape, F|100/100
|-status|p2a: Infernape|psn
|-damage|p2a: Infernape|88/100 psn|[from] Spikes
|turn|16
|
|t:|1757842260
|move|p2a: Infernape|Stealth Rock|p1a: Pecharunt
|-sidestart|p1: splogop|move: Stealth Rock
|move|p1a: Pecharunt|Recover|p1a: Pecharunt
|-heal|p1a: Pecharunt|98/100
|
|-weather|none
|-damage|p2a: Infernape|76/100 psn|[from] psn
|upkeep
|turn|17
|
|t:|1757842267
|move|p2a: Infernape|Will-O-Wisp|p1a: Pecharunt
|-status|p1a: Pecharunt|brn
|move|p1a: Pecharunt|Malignant Chain|p2a: Infernape
|-damage|p2a: Infernape|31/100 psn
|
|-damage|p2a: Infernape|18/100 psn|[from] psn
|-damage|p1a: Pecharunt|92/100 brn|[from] brn
|upkeep
|turn|18
|
|t:|1757842275
|move|p2a: Infernape|Overheat|p1a: Pecharunt
|-damage|p1a: Pecharunt|0 fnt
|-unboost|p2a: Infernape|spa|2
|faint|p1a: Pecharunt
|
|-damage|p2a: Infernape|6/100 psn|[from] psn
|upkeep
|
|t:|1757842285
|switch|p1a: Alomomola|Alomomola, M, tera:Ghost|100/100
|turn|19
|
|t:|1757842295
|move|p2a: Infernape|Overheat|p1a: Alomomola
|-damage|p1a: Alomomola|41/100
|-unboost|p2a: Infernape|spa|2
|move|p1a: Alomomola|Wish|p1a: Alomomola
|
|-damage|p2a: Infernape|0 fnt|[from] psn
|faint|p2a: Infernape
|upkeep
|
|t:|1757842311
|switch|p2a: Gholdengo|Gholdengo|100/100
|-item|p2a: Gholdengo|Air Balloon
|turn|20
|
|t:|1757842340
|switch|p1a: Tyranitar|Tyranitar, F|45/100
|-damage|p1a: Tyranitar|20/100|[from] Spikes
|-damage|p1a: Tyranitar|8/100|[from] Stealth Rock
|-weather|Sandstorm|[from] ability: Sand Stream|[of] p1a: Tyranitar
|move|p2a: Gholdengo|Shadow Ball|p1a: Tyranitar
|-resisted|p1a: Tyranitar
|-damage|p1a: Tyranitar|0 fnt
|faint|p1a: Tyranitar
|
|-weather|Sandstorm|[upkeep]
|upkeep
|inactive|splogop has 120 seconds left.
|
|t:|1757842353
|switch|p1a: Iron Treads|Iron Treads|100/100
|-damage|p1a: Iron Treads|76/100|[from] Spikes
|-damage|p1a: Iron Treads|72/100|[from] Stealth Rock
|turn|21
|
|t:|1757842364
|move|p1a: Iron Treads|Knock Off|p2a: Gholdengo
|-supereffective|p2a: Gholdengo
|-damage|p2a: Gholdengo|61/100
|-enditem|p2a: Gholdengo|Air Balloon
|move|p2a: Gholdengo|Shadow Ball|p1a: Iron Treads
|-damage|p1a: Iron Treads|21/100
|
|-weather|Sandstorm|[upkeep]
|-heal|p1a: Iron Treads|27/100|[from] item: Leftovers
|upkeep
|turn|22
|
|t:|1757842372
|move|p1a: Iron Treads|Earthquake|p2a: Gholdengo
|-supereffective|p2a: Gholdengo
|-damage|p2a: Gholdengo|0 fnt
|faint|p2a: Gholdengo
|
|-weather|Sandstorm|[upkeep]
|-heal|p1a: Iron Treads|34/100|[from] item: Leftovers
|upkeep
|
|t:|1757842387
|switch|p2a: Zamazenta|Zamazenta|100/100
|-status|p2a: Zamazenta|psn
|-damage|p2a: Zamazenta|88/100 psn|[from] Spikes
|-ability|p2a: Zamazenta|Dauntless Shield|boost
|-boost|p2a: Zamazenta|def|1
|turn|23
|
|t:|1757842394
|-end|p1a: Iron Treads|Quark Drive|[silent]
|switch|p1a: Clodsire|Clodsire, M|73/100
|-damage|p1a: Clodsire|48/100|[from] Spikes
|-damage|p1a: Clodsire|42/100|[from] Stealth Rock
|move|p2a: Zamazenta|Body Press|p1a: Clodsire
|-resisted|p1a: Clodsire
|-damage|p1a: Clodsire|23/100
|
|-weather|Sandstorm|[upkeep]
|-damage|p2a: Zamazenta|82/100 psn|[from] Sandstorm
|-heal|p2a: Zamazenta|88/100 psn|[from] item: Leftovers
|-damage|p2a: Zamazenta|76/100 psn|[from] psn
|upkeep
|turn|24
|
|t:|1757842399
|move|p2a: Zamazenta|Crunch|p1a: Clodsire
|-damage|p1a: Clodsire|6/100
|move|p1a: Clodsire|Recover|p1a: Clodsire
|-heal|p1a: Clodsire|56/100
|
|-weather|none
|-heal|p2a: Zamazenta|82/100 psn|[from] item: Leftovers
|-damage|p2a: Zamazenta|70/100 psn|[from] psn
|upkeep
|turn|25
|
|t:|1757842406
|move|p1a: Clodsire|Recover|p1a: Clodsire
|-heal|p1a: Clodsire|100/100
|move|p2a: Zamazenta|Roar|p1a: Clodsire
|drag|p1a: Alomomola|Alomomola, M, tera:Ghost|75/100
|
|-heal|p2a: Zamazenta|76/100 psn|[from] item: Leftovers
|-damage|p2a: Zamazenta|63/100 psn|[from] psn
|upkeep
|turn|26
|
|t:|1757842413
|move|p1a: Alomomola|Wish|p1a: Alomomola
|move|p2a: Zamazenta|Roar|p1a: Alomomola
|drag|p1a: Iron Treads|Iron Treads|34/100
|-damage|p1a: Iron Treads|9/100|[from] Spikes
|-damage|p1a: Iron Treads|5/100|[from] Stealth Rock
|
|-heal|p2a: Zamazenta|70/100 psn|[from] item: Leftovers
|-heal|p1a: Iron Treads|12/100|[from] item: Leftovers
|-damage|p2a: Zamazenta|57/100 psn|[from] psn
|upkeep
|turn|27
|
|t:|1757842424
|move|p2a: Zamazenta|Body Press|p1a: Iron Treads
|-supereffective|p1a: Iron Treads
|-damage|p1a: Iron Treads|0 fnt
|faint|p1a: Iron Treads
|-end|p1a: Iron Treads|Quark Drive|[silent]
|
|-heal|p2a: Zamazenta|63/100 psn|[from] item: Leftovers
|-damage|p2a: Zamazenta|51/100 psn|[from] psn
|upkeep
|
|t:|1757842433
|switch|p1a: Alomomola|Alomomola, M, tera:Ghost|100/100
|turn|28
|
|t:|1757842440
|move|p1a: Alomomola|Scald|p2a: Zamazenta
|-damage|p2a: Zamazenta|40/100 psn
|move|p2a: Zamazenta|Roar|p1a: Alomomola
|drag|p1a: Clodsire|Clodsire, M|100/100
|-damage|p1a: Clodsire|76/100|[from] Spikes
|-damage|p1a: Clodsire|70/100|[from] Stealth Rock
|
|-heal|p2a: Zamazenta|46/100 psn|[from] item: Leftovers
|-damage|p2a: Zamazenta|34/100 psn|[from] psn
|upkeep
|turn|29
|
|t:|1757842447
|move|p2a: Zamazenta|Iron Defense|p2a: Zamazenta
|-boost|p2a: Zamazenta|def|2
|move|p1a: Clodsire|Spikes|p2a: Zamazenta
|-sidestart|p2: Shaymas|Spikes
|
|-heal|p2a: Zamazenta|40/100 psn|[from] item: Leftovers
|-damage|p2a: Zamazenta|28/100 psn|[from] psn
|upkeep
|turn|30
|
|t:|1757842451
|move|p2a: Zamazenta|Body Press|p1a: Clodsire
|-resisted|p1a: Clodsire
|-damage|p1a: Clodsire|38/100
|move|p1a: Clodsire|Spikes|p2a: Zamazenta
|-sidestart|p2: Shaymas|Spikes
|
|-heal|p2a: Zamazenta|34/100 psn|[from] item: Leftovers
|-damage|p2a: Zamazenta|22/100 psn|[from] psn
|upkeep
|turn|31
|j| babyshark974
|
|t:|1757842456
|move|p2a: Zamazenta|Crunch|p1a: Clodsire
|-damage|p1a: Clodsire|22/100
|move|p1a: Clodsire|Recover|p1a: Clodsire
|-heal|p1a: Clodsire|72/100
|
|-heal|p2a: Zamazenta|28/100 psn|[from] item: Leftovers
|-damage|p2a: Zamazenta|15/100 psn|[from] psn
|upkeep
|turn|32
|
|t:|1757842463
|move|p2a: Zamazenta|Body Press|p1a: Clodsire
|-resisted|p1a: Clodsire
|-damage|p1a: Clodsire|43/100
|move|p1a: Clodsire|Recover|p1a: Clodsire
|-heal|p1a: Clodsire|93/100
|
|-heal|p2a: Zamazenta|22/100 psn|[from] item: Leftovers
|-damage|p2a: Zamazenta|9/100 psn|[from] psn
|upkeep
|turn|33
|
|t:|1757842466
|move|p2a: Zamazenta|Body Press|p1a: Clodsire
|-resisted|p1a: Clodsire
|-damage|p1a: Clodsire|61/100
|move|p1a: Clodsire|Recover|p1a: Clodsire
|-heal|p1a: Clodsire|100/100
|
|-heal|p2a: Zamazenta|15/100 psn|[from] item: Leftovers
|-damage|p2a: Zamazenta|3/100 psn|[from] psn
|upkeep
|turn|34
|
|t:|1757842471
|move|p2a: Zamazenta|Body Press|p1a: Clodsire
|-resisted|p1a: Clodsire
|-damage|p1a: Clodsire|69/100
|move|p1a: Clodsire|Recover|p1a: Clodsire
|-heal|p1a: Clodsire|100/100
|
|-heal|p2a: Zamazenta|9/100 psn|[from] item: Leftovers
|-damage|p2a: Zamazenta|0 fnt|[from] psn
|faint|p2a: Zamazenta
|upkeep
|
|t:|1757842473
|switch|p2a: Samurott|Samurott-Hisui, F|72/100
|-status|p2a: Samurott|psn
|-damage|p2a: Samurott|47/100 psn|[from] Spikes
|turn|35
|
|t:|1757842479
|move|p2a: Samurott|Razor Shell|p1a: Clodsire
|-immune|p1a: Clodsire|[from] ability: Water Absorb
|move|p1a: Clodsire|Earthquake|p2a: Samurott
|-damage|p2a: Samurott|15/100 psn
|
|-damage|p2a: Samurott|3/100 psn|[from] psn
|upkeep
|turn|36
|
|t:|1757842482
|move|p2a: Samurott|Ceaseless Edge|p1a: Clodsire
|-damage|p1a: Clodsire|68/100
|move|p1a: Clodsire|Earthquake|p2a: Samurott
|-damage|p2a: Samurott|0 fnt
|faint|p2a: Samurott
|
|win|splogop
|raw|splogop's rating: 1570 &rarr; <strong>1592</strong><br />(+22 for winning)
|raw|Shaymas's rating: 1601 &rarr; <strong>1579</strong><br />(-22 for losing)
|l|☆Shaymas
|player|p2|
|l|☆splogop
|player|p1|
|l| babyshark974
