|j|☆romandlui
|j|☆y8po
|t:|1757904163
|gametype|singles
|player|p1|romandlui|266|1483
|player|p2|y8po|lucas-gen4pt|1497
|gen|9
|tier|[Gen 9] OU
|rated|
|rule|HP Percentage Mod: HP is shown in percentages
|rule|Endless Battle Clause: Forcing endless battles is banned
|rule|Species Clause: Limit one of each Pokémon
|rule|OHKO Clause: OHKO moves are banned
|rule|Evasion Items Clause: Evasion items are banned
|rule|Evasion Moves Clause: Evasion moves are banned
|rule|Evasion Abilities Clause: Evasion abilities are banned
|rule|Sleep Moves Clause: Sleep-inducing moves are banned
|clearpoke
|poke|p1|Toucannon, F|
|poke|p1|Dragonite, F|
|poke|p1|Zamazenta-*|
|poke|p1|Iron Treads|
|poke|p1|Zapdos|
|poke|p1|Primarina, F|
|poke|p2|Kingambit, F|
|poke|p2|Slowking-Galar, F|
|poke|p2|Ogerpon-Wellspring, F|
|poke|p2|Corviknight, M|
|poke|p2|Kyurem|
|poke|p2|Landorus-Therian, M|
|teampreview
|inactive|Battle timer is ON: inactive players will automatically lose when time's up. (requested by y8po)
|
|t:|1757904187
|teamsize|p1|6
|teamsize|p2|6
|start
|switch|p1a: Shanks|Zamazenta|100/100
|switch|p2a: Landorus|Landorus-Therian, M|100/100
|-ability|p1a: Shanks|Dauntless Shield|boost
|-boost|p1a: Shanks|def|1
|-ability|p2a: Landorus|Intimidate|boost
|-unboost|p1a: Shanks|atk|1
|turn|1
|
|t:|1757904202
|move|p1a: Shanks|Ice Fang|p2a: Landorus
|-supereffective|p2a: Landorus
|-damage|p2a: Landorus|3/100
|-status|p2a: Landorus|frz
|-damage|p1a: Shanks|84/100|[from] item: Rocky Helmet|[of] p2a: Landorus
|cant|p2a: Landorus|frz
|
|upkeep
|turn|2
|
|t:|1757904214
|switch|p1a: Enel|Zapdos|100/100
|switch|p2a: Ogerpon|Ogerpon-Wellspring, F|100/100
|
|upkeep
|turn|3
|
|t:|1757904218
|move|p2a: Ogerpon|Knock Off|p1a: Enel
|-damage|p1a: Enel|50/100
|-enditem|p1a: Enel|Choice Specs|[from] move: Knock Off|[of] p2a: Ogerpon
|move|p1a: Enel|Hurricane|p2a: Ogerpon
|-supereffective|p2a: Ogerpon
|-damage|p2a: Ogerpon|0 fnt
|faint|p2a: Ogerpon
|
|upkeep
|
|t:|1757904225
|switch|p2a: Kyurem|Kyurem|100/100
|-ability|p2a: Kyurem|Pressure
|turn|4
|
|t:|1757904235
|move|p1a: Enel|Volt Switch|p2a: Kyurem
|-resisted|p2a: Kyurem
|-damage|p2a: Kyurem|84/100
|inactive|romandlui has 120 seconds left.
|
|t:|1757904266
|switch|p1a: Shanks|Zamazenta|84/100|[from] Volt Switch
|move|p2a: Kyurem|Ice Beam|p1a: Shanks
|-damage|p1a: Shanks|20/100
|
|upkeep
|turn|5
|
|t:|1757904278
|switch|p2a: Landorus|Landorus-Therian, M|3/100 frz
|-ability|p2a: Landorus|Intimidate|boost
|-unboost|p1a: Shanks|atk|1
|move|p1a: Shanks|Stone Edge|p2a: Landorus|[miss]
|-miss|p1a: Shanks|p2a: Landorus
|
|upkeep
|turn|6
|
|t:|1757904282
|move|p1a: Shanks|Stone Edge|p2a: Landorus
|-damage|p2a: Landorus|0 fnt
|faint|p2a: Landorus
|
|upkeep
|
|t:|1757904285
|switch|p2a: Queengambit|Kingambit, F|100/100
|-activate|p2a: Queengambit|ability: Supreme Overlord
|-start|p2a: Queengambit|fallen2|[silent]
|turn|7
|
|t:|1757904289
|switch|p1a: Franky|Toucannon, F|100/100
|move|p2a: Queengambit|Sucker Punch||[still]
|-fail|p2a: Queengambit
|
|upkeep
|turn|8
|
|t:|1757904292
|move|p1a: Franky|Brick Break|p2a: Queengambit
|-supereffective|p2a: Queengambit
|-damage|p2a: Queengambit|19/100
|move|p2a: Queengambit|Kowtow Cleave|p1a: Franky
|-damage|p1a: Franky|21/100
|
|upkeep
|turn|9
|
|t:|1757904298
|-singleturn|p1a: Franky|move: Beak Blast
|move|p2a: Queengambit|Sucker Punch|p1a: Franky
|-damage|p1a: Franky|0 fnt
|-status|p2a: Queengambit|brn
|faint|p1a: Franky
|
|-damage|p2a: Queengambit|13/100 brn|[from] brn
|upkeep
|
|t:|1757904305
|switch|p1a: Eustass Kid|Iron Treads|100/100
|-item|p1a: Eustass Kid|Air Balloon
|turn|10
|
|t:|1757904310
|move|p1a: Eustass Kid|Knock Off|p2a: Queengambit
|-resisted|p2a: Queengambit
|-damage|p2a: Queengambit|2/100 brn
|-enditem|p2a: Queengambit|Black Glasses|[from] move: Knock Off|[of] p1a: Eustass Kid
|move|p2a: Queengambit|Kowtow Cleave|p1a: Eustass Kid
|-damage|p1a: Eustass Kid|73/100
|-enditem|p1a: Eustass Kid|Air Balloon
|
|-damage|p2a: Queengambit|0 fnt|[from] brn
|faint|p2a: Queengambit
|-end|p2a: Queengambit|fallen2|[silent]
|upkeep
|
|t:|1757904321
|switch|p2a: Kyurem|Kyurem|84/100
|-ability|p2a: Kyurem|Pressure
|turn|11
|
|t:|1757904328
|-terastallize|p2a: Kyurem|Ground
|move|p1a: Eustass Kid|Knock Off|p2a: Kyurem
|-damage|p2a: Kyurem|58/100
|-enditem|p2a: Kyurem|Choice Specs|[from] move: Knock Off|[of] p1a: Eustass Kid
|move|p2a: Kyurem|Freeze-Dry|p1a: Eustass Kid
|-damage|p1a: Eustass Kid|26/100
|
|upkeep
|turn|12
|
|t:|1757904335
|switch|p2a: Corviknight|Corviknight, M|100/100
|move|p1a: Eustass Kid|Ice Spinner|p2a: Corviknight
|-damage|p2a: Corviknight|86/100
|
|upkeep
|turn|13
|
|t:|1757904338
|move|p1a: Eustass Kid|Knock Off|p2a: Corviknight
|-damage|p2a: Corviknight|68/100
|-enditem|p2a: Corviknight|Heavy-Duty Boots|[from] move: Knock Off|[of] p1a: Eustass Kid
|move|p2a: Corviknight|Brave Bird|p1a: Eustass Kid
|-resisted|p1a: Eustass Kid
|-damage|p1a: Eustass Kid|11/100
|-damage|p2a: Corviknight|64/100|[from] Recoil
|
|upkeep
|turn|14
|
|t:|1757904342
|move|p1a: Eustass Kid|Knock Off|p2a: Corviknight
|-damage|p2a: Corviknight|52/100
|move|p2a: Corviknight|Brave Bird|p1a: Eustass Kid
|-resisted|p1a: Eustass Kid
|-damage|p1a: Eustass Kid|0 fnt
|faint|p1a: Eustass Kid
|-end|p1a: Eustass Kid|Quark Drive|[silent]
|-damage|p2a: Corviknight|49/100|[from] Recoil
|
|upkeep
|
|t:|1757904343
|switch|p1a: Enel|Zapdos|50/100
|turn|15
|
|t:|1757904349
|switch|p2a: Slowking|Slowking-Galar, F|100/100
|move|p1a: Enel|Volt Switch|p2a: Slowking
|-crit|p2a: Slowking
|-damage|p2a: Slowking|67/100
|
|t:|1757904355
|switch|p1a: Monkey D. nite|Dragonite, F|100/100|[from] Volt Switch
|
|upkeep
|turn|16
|
|t:|1757904359
|move|p1a: Monkey D. nite|Dragon Dance|p1a: Monkey D. nite
|-boost|p1a: Monkey D. nite|atk|1
|-boost|p1a: Monkey D. nite|spe|1
|move|p2a: Slowking|Thunder Wave|p1a: Monkey D. nite
|-status|p1a: Monkey D. nite|par
|
|upkeep
|turn|17
|
|t:|1757904362
|move|p1a: Monkey D. nite|Scale Shot|p2a: Slowking|[miss]
|-miss|p1a: Monkey D. nite|p2a: Slowking
|-prepare|p2a: Slowking|Chilly Reception|[premajor]
|move|p2a: Slowking|Chilly Reception|p2a: Slowking
|-weather|Snowscape
|
|t:|1757904364
|switch|p2a: Kyurem|Kyurem, tera:Ground|58/100|[from] Chilly Reception
|-ability|p2a: Kyurem|Pressure
|
|-weather|Snowscape|[upkeep]
|upkeep
|turn|18
|inactive|y8po has 120 seconds left.
|
|t:|1757904396
|-terastallize|p1a: Monkey D. nite|Fire
|move|p2a: Kyurem|Ice Beam|p1a: Monkey D. nite
|-resisted|p1a: Monkey D. nite
|-damage|p1a: Monkey D. nite|89/100 par
|cant|p1a: Monkey D. nite|par
|
|-weather|Snowscape|[upkeep]
|upkeep
|turn|19
|inactive|y8po has 120 seconds left.
|
|t:|1757904419
|move|p2a: Kyurem|Earth Power|p1a: Monkey D. nite
|-supereffective|p1a: Monkey D. nite
|-damage|p1a: Monkey D. nite|0 fnt
|faint|p1a: Monkey D. nite
|
|-weather|Snowscape|[upkeep]
|upkeep
|
|t:|1757904422
|switch|p1a: Shirahoshi|Primarina, F|100/100
|turn|20
|
|t:|1757904427
|switch|p2a: Slowking|Slowking-Galar, F|99/100
|move|p1a: Shirahoshi|Psychic Noise|p2a: Slowking
|-damage|p2a: Slowking|75/100
|-start|p2a: Slowking|move: Heal Block
|
|-weather|Snowscape|[upkeep]
|upkeep
|turn|21
|
|t:|1757904431
|move|p1a: Shirahoshi|Shadow Ball|p2a: Slowking
|-supereffective|p2a: Slowking
|-damage|p2a: Slowking|38/100
|move|p2a: Slowking|Sludge Bomb|p1a: Shirahoshi
|-supereffective|p1a: Shirahoshi
|-damage|p1a: Shirahoshi|61/100
|
|-weather|none
|-end|p2a: Slowking|move: Heal Block
|upkeep
|turn|22
|
|t:|1757904436
|move|p1a: Shirahoshi|Flip Turn|p2a: Slowking
|-damage|p2a: Slowking|22/100
|
|t:|1757904444
|switch|p1a: Enel|Zapdos|50/100|[from] Flip Turn
|-prepare|p2a: Slowking|Chilly Reception|[premajor]
|move|p2a: Slowking|Chilly Reception|p2a: Slowking
|-weather|Snowscape
|
|t:|1757904447
|switch|p2a: Kyurem|Kyurem, tera:Ground|58/100|[from] Chilly Reception
|-ability|p2a: Kyurem|Pressure
|
|-weather|Snowscape|[upkeep]
|upkeep
|turn|23
|
|t:|1757904453
|move|p1a: Enel|Hurricane|p2a: Kyurem
|-damage|p2a: Kyurem|7/100
|move|p2a: Kyurem|Ice Beam|p1a: Enel
|-supereffective|p1a: Enel
|-damage|p1a: Enel|0 fnt
|faint|p1a: Enel
|
|-weather|Snowscape|[upkeep]
|upkeep
|
|t:|1757904456
|switch|p1a: Shanks|Zamazenta|20/100
|turn|24
|
|t:|1757904460
|switch|p2a: Corviknight|Corviknight, M|49/100
|move|p1a: Shanks|Crunch|p2a: Corviknight
|-damage|p2a: Corviknight|27/100
|-ability|p2a: Corviknight|Mirror Armor
|-unboost|p1a: Shanks|def|1
|
|-weather|Snowscape|[upkeep]
|upkeep
|turn|25
|
|t:|1757904465
|switch|p1a: Shirahoshi|Primarina, F|61/100
|move|p2a: Corviknight|Roost|p2a: Corviknight
|-heal|p2a: Corviknight|77/100
|-singleturn|p2a: Corviknight|move: Roost
|
|-weather|Snowscape|[upkeep]
|upkeep
|turn|26
|
|t:|1757904468
|move|p1a: Shirahoshi|Psychic Noise|p2a: Corviknight
|-damage|p2a: Corviknight|37/100
|-start|p2a: Corviknight|move: Heal Block
|move|p2a: Corviknight|U-turn|p1a: Shirahoshi
|-resisted|p1a: Shirahoshi
|-damage|p1a: Shirahoshi|52/100
|
|t:|1757904471
|switch|p2a: Kyurem|Kyurem, tera:Ground|7/100|[from] U-turn
|-ability|p2a: Kyurem|Pressure
|
|-weather|none
|upkeep
|turn|27
|
|t:|1757904478
|move|p2a: Kyurem|Ice Beam|p1a: Shirahoshi
|-resisted|p1a: Shirahoshi
|-damage|p1a: Shirahoshi|40/100
|move|p1a: Shirahoshi|Flip Turn|p2a: Kyurem
|-supereffective|p2a: Kyurem
|-damage|p2a: Kyurem|0 fnt
|faint|p2a: Kyurem
|
|t:|1757904480
|switch|p1a: Shanks|Zamazenta|20/100|[from] Flip Turn
|
|upkeep
|
|t:|1757904483
|switch|p2a: Corviknight|Corviknight, M|37/100
|turn|28
|
|t:|1757904488
|move|p1a: Shanks|Close Combat|p2a: Corviknight
|-damage|p2a: Corviknight|0 fnt
|-unboost|p1a: Shanks|def|1
|-unboost|p1a: Shanks|spd|1
|faint|p2a: Corviknight
|
|upkeep
|
|t:|1757904491
|switch|p2a: Slowking|Slowking-Galar, F|55/100
|turn|29
|
|t:|1757904494
|switch|p1a: Shirahoshi|Primarina, F|40/100
|move|p2a: Slowking|Future Sight|p1a: Shirahoshi
|-start|p2a: Slowking|move: Future Sight
|
|upkeep
|turn|30
|
|t:|1757904498
|move|p1a: Shirahoshi|Shadow Ball|p2a: Slowking
|-supereffective|p2a: Slowking
|-damage|p2a: Slowking|18/100
|-unboost|p2a: Slowking|spd|1
|move|p2a: Slowking|Sludge Bomb|p1a: Shirahoshi
|-supereffective|p1a: Shirahoshi
|-damage|p1a: Shirahoshi|2/100
|
|upkeep
|turn|31
|
|t:|1757904502
|move|p1a: Shirahoshi|Shadow Ball|p2a: Slowking
|-supereffective|p2a: Slowking
|-damage|p2a: Slowking|0 fnt
|faint|p2a: Slowking
|
|win|romandlui
|raw|romandlui's rating: 1483 &rarr; <strong>1504</strong><br />(+21 for winning)
|raw|y8po's rating: 1497 &rarr; <strong>1476</strong><br />(-21 for losing)
|c|☆romandlui|gg
|l|☆romandlui
|player|p1|
|c|☆y8po|gg
|l|☆y8po
|player|p2|
