|j|☆BeachLeak
|j|☆Gulptubus
|t:|1757908958
|gametype|singles
|player|p1|BeachLeak|archer|1499
|player|p2|Gulptubus|pokemonranger-gen4|1503
|gen|9
|tier|[Gen 9] OU
|rated|
|rule|HP Percentage Mod: HP is shown in percentages
|rule|Endless Battle Clause: Forcing endless battles is banned
|rule|Species Clause: Limit one of each Pokémon
|rule|OHKO Clause: OHKO moves are banned
|rule|Evasion Items Clause: Evasion items are banned
|rule|Evasion Moves Clause: Evasion moves are banned
|rule|Evasion Abilities Clause: Evasion abilities are banned
|rule|Sleep Moves Clause: Sleep-inducing moves are banned
|clearpoke
|poke|p1|Salamence, M|
|poke|p1|Tyranitar, M|
|poke|p1|Excadrill, M|
|poke|p1|Iron Crown|
|poke|p1|Azumarill, F|
|poke|p1|Zamazenta-*|
|poke|p2|Latios, M|
|poke|p2|Toxapex, F|
|poke|p2|Darkrai|
|poke|p2|Corviknight, F|
|poke|p2|Iron Treads|
|poke|p2|Gliscor, M|
|teampreview
|inactive|Battle timer is ON: inactive players will automatically lose when time's up. (requested by BeachLeak)
|
|t:|1757908993
|teamsize|p1|6
|teamsize|p2|6
|start
|switch|p1a: Zamazenta|Zamazenta|100/100
|switch|p2a: Gliscor|Gliscor, M|100/100
|-ability|p1a: Zamazenta|Dauntless Shield|boost
|-boost|p1a: Zamazenta|def|1
|turn|1
|
|t:|1757909010
|switch|p1a: Sherbet|Salamence, M, shiny|100/100
|-ability|p1a: Sherbet|Intimidate|boost
|-unboost|p2a: Gliscor|atk|1
|move|p2a: Gliscor|Knock Off|p1a: Sherbet
|-damage|p1a: Sherbet|84/100
|-enditem|p1a: Sherbet|Choice Specs|[from] move: Knock Off|[of] p2a: Gliscor
|
|-status|p2a: Gliscor|tox|[from] item: Toxic Orb
|upkeep
|turn|2
|
|t:|1757909021
|move|p2a: Gliscor|Protect|p2a: Gliscor
|-singleturn|p2a: Gliscor|Protect
|move|p1a: Sherbet|Hydro Pump|p2a: Gliscor
|-activate|p2a: Gliscor|move: Protect
|
|upkeep
|turn|3
|
|t:|1757909032
|switch|p2a: Toxapex|Toxapex, F|100/100
|move|p1a: Sherbet|Hydro Pump|p2a: Toxapex
|-resisted|p2a: Toxapex
|-damage|p2a: Toxapex|89/100
|
|-heal|p2a: Toxapex|96/100|[from] item: Leftovers
|upkeep
|turn|4
|
|t:|1757909038
|switch|p1a: Excadrill|Excadrill, M|100/100
|-item|p1a: Excadrill|Air Balloon
|switch|p2a: Latios|Latios, M|100/100
|
|upkeep
|turn|5
|
|t:|1757909043
|move|p2a: Latios|Substitute|p2a: Latios
|-start|p2a: Latios|Substitute
|-damage|p2a: Latios|76/100
|move|p1a: Excadrill|Iron Head|p2a: Latios
|-end|p2a: Latios|Substitute
|
|-heal|p2a: Latios|82/100|[from] item: Leftovers
|upkeep
|turn|6
|
|t:|1757909056
|switch|p2a: Gliscor|Gliscor, M|100/100 tox
|move|p1a: Excadrill|Rapid Spin|p2a: Gliscor
|-damage|p2a: Gliscor|90/100 tox
|-boost|p1a: Excadrill|spe|1
|
|-heal|p2a: Gliscor|100/100 tox|[from] ability: Poison Heal
|upkeep
|turn|7
|
|t:|1757909062
|move|p1a: Excadrill|Swords Dance|p1a: Excadrill
|-boost|p1a: Excadrill|atk|2
|move|p2a: Gliscor|Knock Off|p1a: Excadrill
|-damage|p1a: Excadrill|67/100
|-enditem|p1a: Excadrill|Air Balloon
|
|upkeep
|turn|8
|
|t:|1757909066
|move|p1a: Excadrill|Iron Head|p2a: Gliscor
|-damage|p2a: Gliscor|46/100 tox
|move|p2a: Gliscor|Earthquake|p1a: Excadrill
|-supereffective|p1a: Excadrill
|-damage|p1a: Excadrill|0 fnt
|faint|p1a: Excadrill
|
|-heal|p2a: Gliscor|58/100 tox|[from] ability: Poison Heal
|upkeep
|
|t:|1757909073
|switch|p1a: Azumarill|Azumarill, F, shiny|100/100
|turn|9
|
|t:|1757909076
|move|p2a: Gliscor|Protect|p2a: Gliscor
|-singleturn|p2a: Gliscor|Protect
|move|p1a: Azumarill|Belly Drum|p1a: Azumarill
|-damage|p1a: Azumarill|50/100
|-setboost|p1a: Azumarill|atk|6|[from] move: Belly Drum
|-enditem|p1a: Azumarill|Sitrus Berry|[eat]
|-heal|p1a: Azumarill|75/100|[from] item: Sitrus Berry
|
|-heal|p2a: Gliscor|71/100 tox|[from] ability: Poison Heal
|upkeep
|turn|10
|
|t:|1757909084
|move|p1a: Azumarill|Aqua Jet|p2a: Gliscor
|-supereffective|p2a: Gliscor
|-damage|p2a: Gliscor|0 fnt
|faint|p2a: Gliscor
|
|upkeep
|
|t:|1757909096
|switch|p2a: Toxapex|Toxapex, F|100/100
|turn|11
|
|t:|1757909101
|-terastallize|p1a: Azumarill|Water
|move|p1a: Azumarill|Liquidation|p2a: Toxapex
|-resisted|p2a: Toxapex
|-damage|p2a: Toxapex|0 fnt
|faint|p2a: Toxapex
|
|upkeep
|
|t:|1757909109
|switch|p2a: Corviknight|Corviknight, F|100/100
|-ability|p2a: Corviknight|Pressure
|turn|12
|
|t:|1757909112
|-terastallize|p2a: Corviknight|Dragon
|move|p1a: Azumarill|Liquidation|p2a: Corviknight
|-resisted|p2a: Corviknight
|-damage|p2a: Corviknight|17/100
|move|p2a: Corviknight|Iron Defense|p2a: Corviknight
|-boost|p2a: Corviknight|def|2
|
|-heal|p2a: Corviknight|23/100|[from] item: Leftovers
|upkeep
|turn|13
|
|t:|1757909119
|move|p1a: Azumarill|Liquidation|p2a: Corviknight
|-resisted|p2a: Corviknight
|-damage|p2a: Corviknight|0 fnt
|faint|p2a: Corviknight
|
|upkeep
|
|t:|1757909126
|switch|p2a: Latios|Latios, M|82/100
|turn|14
|
|t:|1757909128
|move|p1a: Azumarill|Aqua Jet|p2a: Latios
|-resisted|p2a: Latios
|-damage|p2a: Latios|0 fnt
|faint|p2a: Latios
|
|upkeep
|-message|Gulptubus forfeited.
|
|win|BeachLeak
|raw|BeachLeak's rating: 1499 &rarr; <strong>1519</strong><br />(+20 for winning)
|raw|Gulptubus's rating: 1503 &rarr; <strong>1483</strong><br />(-20 for losing)
|l|☆Gulptubus
|player|p2|
|l|☆BeachLeak
|player|p1|
