|j|☆Luncia666
|j|☆GussyHam
|t:|1757961815
|gametype|singles
|player|p1|Luncia666|bellelba|1057
|player|p2|GussyHam|2|1002
|gen|9
|tier|[Gen 9] OU
|rated|
|rule|HP Percentage Mod: HP is shown in percentages
|rule|Endless Battle Clause: Forcing endless battles is banned
|rule|Species Clause: Limit one of each Pokémon
|rule|OHKO Clause: OHKO moves are banned
|rule|Evasion Items Clause: Evasion items are banned
|rule|Evasion Moves Clause: Evasion moves are banned
|rule|Evasion Abilities Clause: Evasion abilities are banned
|rule|Sleep Moves Clause: Sleep-inducing moves are banned
|clearpoke
|poke|p1|Galvantula, F|
|poke|p1|Garchomp, M|
|poke|p1|Oricorio-Sensu, F|
|poke|p1|Corviknight, F|
|poke|p1|Slither Wing|
|poke|p1|Landorus-Therian, M|
|poke|p2|Minior-Blue|
|poke|p2|Venusaur, F|
|poke|p2|Snorlax, M|
|poke|p2|Haxorus, M|
|poke|p2|Vaporeon, M|
|poke|p2|Dragonite, F|
|teampreview
|
|t:|1757961820
|teamsize|p1|6
|teamsize|p2|6
|start
|switch|p1a: Galvantula|Galvantula, F|100/100
|switch|p2a: Minior|Minior-Blue|100/100
|-formechange|p2a: Minior|Minior-Meteor||[from] ability: Shields Down
|turn|1
|
|t:|1757961826
|move|p1a: Galvantula|Sticky Web|p2a: Minior
|-sidestart|p2: GussyHam|move: Sticky Web
|move|p2a: Minior|Shell Smash|p2a: Minior
|-unboost|p2a: Minior|def|1
|-unboost|p2a: Minior|spd|1
|-boost|p2a: Minior|atk|2
|-boost|p2a: Minior|spa|2
|-boost|p2a: Minior|spe|2
|-enditem|p2a: Minior|White Herb
|-clearnegativeboost|p2a: Minior|[silent]
|
|upkeep
|turn|2
|
|t:|1757961845
|-terastallize|p2a: Minior|Ground
|move|p2a: Minior|Stealth Rock|p1a: Galvantula
|-sidestart|p1: Luncia666|move: Stealth Rock
|move|p1a: Galvantula|Thunder Wave|p2a: Minior
|-immune|p2a: Minior
|
|upkeep
|turn|3
|
|t:|1757961861
|switch|p1a: Slither Wing|Slither Wing|100/100
|-damage|p1a: Slither Wing|88/100|[from] Stealth Rock
|-enditem|p1a: Slither Wing|Booster Energy
|-activate|p1a: Slither Wing|ability: Protosynthesis|[fromitem]
|-start|p1a: Slither Wing|protosynthesisatk
|move|p2a: Minior|Rock Slide|p1a: Slither Wing
|-damage|p1a: Slither Wing|20/100
|
|upkeep
|turn|4
|
|t:|1757961873
|move|p1a: Slither Wing|First Impression|p2a: Minior
|-damage|p2a: Minior|13/100
|move|p2a: Minior|Acrobatics|p1a: Slither Wing
|-supereffective|p1a: Slither Wing
|-damage|p1a: Slither Wing|0 fnt
|faint|p1a: Slither Wing
|-end|p1a: Slither Wing|Protosynthesis|[silent]
|
|-formechange|p2a: Minior|Minior-Blue||[from] ability: Shields Down
|upkeep
|
|t:|1757961878
|switch|p1a: Landorus|Landorus-Therian, M|100/100
|-damage|p1a: Landorus|88/100|[from] Stealth Rock
|-ability|p1a: Landorus|Intimidate|boost
|-unboost|p2a: Minior|atk|1
|turn|5
|
|t:|1757961889
|move|p2a: Minior|Rock Slide|p1a: Landorus
|-crit|p1a: Landorus
|-damage|p1a: Landorus|6/100
|cant|p1a: Landorus|flinch
|
|upkeep
|turn|6
|
|t:|1757961896
|move|p2a: Minior|Acrobatics|p1a: Landorus
|-damage|p1a: Landorus|0 fnt
|faint|p1a: Landorus
|
|upkeep
|
|t:|1757961898
|switch|p1a: Corviknight|Corviknight, F|100/100
|-damage|p1a: Corviknight|88/100|[from] Stealth Rock
|-ability|p1a: Corviknight|Pressure
|turn|7
|
|t:|1757961908
|move|p2a: Minior|Rock Slide|p1a: Corviknight
|-damage|p1a: Corviknight|59/100
|cant|p1a: Corviknight|flinch
|
|-heal|p1a: Corviknight|66/100|[from] item: Leftovers
|upkeep
|turn|8
|
|t:|1757961914
|move|p2a: Minior|Rock Slide|p1a: Corviknight
|-damage|p1a: Corviknight|35/100
|move|p1a: Corviknight|Iron Defense|p1a: Corviknight
|-boost|p1a: Corviknight|def|2
|
|-heal|p1a: Corviknight|41/100|[from] item: Leftovers
|upkeep
|turn|9
|
|t:|1757961921
|move|p2a: Minior|Rock Slide|p1a: Corviknight
|-damage|p1a: Corviknight|26/100
|move|p1a: Corviknight|Roost|p1a: Corviknight
|-heal|p1a: Corviknight|76/100
|-singleturn|p1a: Corviknight|move: Roost
|
|-heal|p1a: Corviknight|82/100|[from] item: Leftovers
|upkeep
|turn|10
|
|t:|1757961928
|move|p2a: Minior|Rock Slide|p1a: Corviknight
|-damage|p1a: Corviknight|67/100
|move|p1a: Corviknight|Iron Defense|p1a: Corviknight
|-boost|p1a: Corviknight|def|2
|
|-heal|p1a: Corviknight|74/100|[from] item: Leftovers
|upkeep
|turn|11
|
|t:|1757961937
|move|p2a: Minior|Rock Slide|p1a: Corviknight
|-damage|p1a: Corviknight|64/100
|move|p1a: Corviknight|Iron Defense|p1a: Corviknight
|-boost|p1a: Corviknight|def|2
|
|-heal|p1a: Corviknight|70/100|[from] item: Leftovers
|upkeep
|turn|12
|
|t:|1757961943
|move|p2a: Minior|Rock Slide|p1a: Corviknight
|-damage|p1a: Corviknight|63/100
|cant|p1a: Corviknight|flinch
|
|-heal|p1a: Corviknight|69/100|[from] item: Leftovers
|upkeep
|turn|13
|
|t:|1757961951
|move|p2a: Minior|Rock Slide|p1a: Corviknight
|-damage|p1a: Corviknight|61/100
|move|p1a: Corviknight|Roost|p1a: Corviknight
|-heal|p1a: Corviknight|100/100
|-singleturn|p1a: Corviknight|move: Roost
|
|upkeep
|turn|14
|
|t:|1757961961
|-terastallize|p1a: Corviknight|Fighting
|move|p2a: Minior|Shell Smash|p2a: Minior
|-unboost|p2a: Minior|def|1
|-unboost|p2a: Minior|spd|1
|-boost|p2a: Minior|atk|2
|-boost|p2a: Minior|spa|2
|-boost|p2a: Minior|spe|2
|move|p1a: Corviknight|Body Press|p2a: Minior
|-damage|p2a: Minior|0 fnt
|faint|p2a: Minior
|
|upkeep
|
|t:|1757961995
|switch|p2a: Venusaur|Venusaur, F|100/100
|-activate|p2a: Venusaur|move: Sticky Web
|-unboost|p2a: Venusaur|spe|1
|turn|15
|
|t:|1757961999
|move|p1a: Corviknight|Brave Bird|p2a: Venusaur
|-supereffective|p2a: Venusaur
|-crit|p2a: Venusaur
|-damage|p2a: Venusaur|0 fnt
|faint|p2a: Venusaur
|-damage|p1a: Corviknight|70/100|[from] Recoil
|
|-heal|p1a: Corviknight|77/100|[from] item: Leftovers
|upkeep
|
|t:|1757962008
|switch|p2a: Vaporeon|Vaporeon, M|100/100
|-activate|p2a: Vaporeon|move: Sticky Web
|-unboost|p2a: Vaporeon|spe|1
|turn|16
|
|t:|1757962014
|move|p2a: Vaporeon|Protect|p2a: Vaporeon
|-singleturn|p2a: Vaporeon|Protect
|move|p1a: Corviknight|Roost|p1a: Corviknight
|-heal|p1a: Corviknight|100/100
|
|upkeep
|turn|17
|
|t:|1757962020
|move|p1a: Corviknight|Body Press|p2a: Vaporeon
|-damage|p2a: Vaporeon|0 fnt
|faint|p2a: Vaporeon
|
|upkeep
|
|t:|1757962024
|switch|p2a: Dragonite|Dragonite, F|100/100
|turn|18
|
|t:|1757962031
|move|p2a: Dragonite|Thunder Punch|p1a: Corviknight
|-damage|p1a: Corviknight|96/100
|move|p1a: Corviknight|Body Press|p2a: Dragonite
|-resisted|p2a: Dragonite
|-damage|p2a: Dragonite|63/100
|
|-heal|p1a: Corviknight|100/100|[from] item: Leftovers
|upkeep
|turn|19
|
|t:|1757962042
|move|p2a: Dragonite|Roost|p2a: Dragonite
|-heal|p2a: Dragonite|100/100
|-singleturn|p2a: Dragonite|move: Roost
|move|p1a: Corviknight|Body Press|p2a: Dragonite
|-damage|p2a: Dragonite|13/100
|
|upkeep
|turn|20
|
|t:|1757962050
|move|p2a: Dragonite|Outrage|p1a: Corviknight
|-damage|p1a: Corviknight|91/100
|move|p1a: Corviknight|Body Press|p2a: Dragonite
|-resisted|p2a: Dragonite
|-damage|p2a: Dragonite|0 fnt
|faint|p2a: Dragonite
|
|-heal|p1a: Corviknight|97/100|[from] item: Leftovers
|upkeep
|
|t:|1757962062
|switch|p2a: Snorlax|Snorlax, M|100/100
|-activate|p2a: Snorlax|move: Sticky Web
|-unboost|p2a: Snorlax|spe|1
|turn|21
|
|t:|1757962067
|move|p1a: Corviknight|Body Press|p2a: Snorlax
|-supereffective|p2a: Snorlax
|-damage|p2a: Snorlax|0 fnt
|faint|p2a: Snorlax
|
|-heal|p1a: Corviknight|100/100|[from] item: Leftovers
|upkeep
|-message|GussyHam forfeited.
|
|win|Luncia666
|raw|Luncia666's rating: 1057 &rarr; <strong>1084</strong><br />(+27 for winning)
|raw|GussyHam's rating: 1002 &rarr; <strong>1000</strong><br />(-2 for losing)
|l|☆GussyHam
|player|p2|
