|j|☆TAT_Yangyu
|j|☆Church of Booty
|t:|1757908002
|gametype|singles
|player|p1|TAT_Yangyu|plasmagrunt-gen5bw|1163
|player|p2|Church of Booty|cynthia-gen4|1127
|gen|9
|tier|[Gen 9] OU
|rated|
|rule|HP Percentage Mod: HP is shown in percentages
|rule|Endless Battle Clause: Forcing endless battles is banned
|rule|Species Clause: Limit one of each Pokémon
|rule|OHKO Clause: OHKO moves are banned
|rule|Evasion Items Clause: Evasion items are banned
|rule|Evasion Moves Clause: Evasion moves are banned
|rule|Evasion Abilities Clause: Evasion abilities are banned
|rule|Sleep Moves Clause: Sleep-inducing moves are banned
|clearpoke
|poke|p1|Samurott-Hisui, M|
|poke|p1|Kingambit, M|
|poke|p1|Mimikyu, M|
|poke|p1|Dragapult, F|
|poke|p1|Gliscor, M|
|poke|p1|Incineroar, M|
|poke|p2|Rhydon, M|
|poke|p2|Greninja-*, M|
|poke|p2|Torterra, M|
|poke|p2|Corviknight, M|
|poke|p2|Hatterene, F|
|poke|p2|Rotom-Wash|
|teampreview
|inactive|Battle timer is ON: inactive players will automatically lose when time's up. (requested by Church of Booty)
|
|t:|1757908018
|teamsize|p1|6
|teamsize|p2|6
|start
|switch|p1a: Samurott|Samurott-Hisui, M|100/100
|switch|p2a: Hatterene|Hatterene, F|100/100
|turn|1
|
|t:|1757908042
|-terastallize|p1a: Samurott|Poison
|move|p1a: Samurott|Ceaseless Edge|p2a: Hatterene
|-damage|p2a: Hatterene|50/100
|-sidestart|p2: Church of Booty|Spikes
|-damage|p1a: Samurott|91/100|[from] item: Life Orb
|move|p2a: Hatterene|Draining Kiss|p1a: Samurott
|-resisted|p1a: Samurott
|-damage|p1a: Samurott|73/100
|-heal|p2a: Hatterene|63/100|[from] drain|[of] p1a: Samurott
|
|-heal|p2a: Hatterene|69/100|[from] item: Leftovers
|upkeep
|turn|2
|
|t:|1757908056
|move|p1a: Samurott|Razor Shell|p2a: Hatterene
|-damage|p2a: Hatterene|17/100
|-damage|p1a: Samurott|63/100|[from] item: Life Orb
|move|p2a: Hatterene|Psychic Noise|p1a: Samurott
|-supereffective|p1a: Samurott
|-damage|p1a: Samurott|0 fnt
|faint|p1a: Samurott
|
|-heal|p2a: Hatterene|23/100|[from] item: Leftovers
|upkeep
|
|t:|1757908068
|switch|p1a: Gliscor|Gliscor, M|100/100
|turn|3
|
|t:|1757908076
|switch|p2a: Rotom|Rotom-Wash|100/100
|move|p1a: Gliscor|Knock Off|p2a: Rotom
|-damage|p2a: Rotom|74/100
|-enditem|p2a: Rotom|Leftovers|[from] move: Knock Off|[of] p1a: Gliscor
|
|-status|p1a: Gliscor|tox|[from] item: Toxic Orb
|upkeep
|turn|4
|
|t:|1757908086
|move|p1a: Gliscor|Toxic|p2a: Rotom
|-status|p2a: Rotom|tox
|move|p2a: Rotom|Hydro Pump|p1a: Gliscor
|-supereffective|p1a: Gliscor
|-damage|p1a: Gliscor|0 fnt
|faint|p1a: Gliscor
|
|-damage|p2a: Rotom|68/100 tox|[from] psn
|upkeep
|
|t:|1757908095
|switch|p1a: Mimikyu|Mimikyu, M|100/100
|turn|5
|
|t:|1757908102
|move|p1a: Mimikyu|Substitute|p1a: Mimikyu
|-start|p1a: Mimikyu|Substitute
|-damage|p1a: Mimikyu|76/100
|move|p2a: Rotom|Will-O-Wisp||[still]
|-fail|p2a: Rotom
|
|-heal|p1a: Mimikyu|82/100|[from] item: Leftovers
|-damage|p2a: Rotom|56/100 tox|[from] psn
|upkeep
|turn|6
|
|t:|1757908111
|move|p1a: Mimikyu|Curse|p2a: Rotom
|-start|p2a: Rotom|Curse|[of] p1a: Mimikyu
|-damage|p1a: Mimikyu|32/100
|move|p2a: Rotom|Thunderbolt|p1a: Mimikyu
|-end|p1a: Mimikyu|Substitute
|
|-heal|p1a: Mimikyu|38/100|[from] item: Leftovers
|-damage|p2a: Rotom|37/100 tox|[from] psn
|-damage|p2a: Rotom|12/100 tox|[from] Curse
|upkeep
|turn|7
|
|t:|1757908127
|move|p1a: Mimikyu|Shadow Sneak|p2a: Rotom
|-damage|p2a: Rotom|0 fnt
|faint|p2a: Rotom
|
|-heal|p1a: Mimikyu|44/100|[from] item: Leftovers
|upkeep
|
|t:|1757908138
|switch|p2a: Greninja|Greninja, M|100/100
|-damage|p2a: Greninja|88/100|[from] Spikes
|turn|8
|
|t:|1757908143
|move|p2a: Greninja|Water Shuriken|p1a: Mimikyu
|-activate|p1a: Mimikyu|ability: Disguise
|-damage|p1a: Mimikyu|44/100
|detailschange|p1a: Mimikyu|Mimikyu-Busted, M
|-damage|p1a: Mimikyu|31/100|[from] pokemon: Mimikyu-Busted
|-damage|p1a: Mimikyu|25/100
|-damage|p1a: Mimikyu|18/100
|-damage|p1a: Mimikyu|11/100
|-damage|p1a: Mimikyu|4/100
|-hitcount|p1a: Mimikyu|5
|move|p1a: Mimikyu|Pain Split|p2a: Greninja
|-sethp|p2a: Greninja|46/100|[from] move: Pain Split|[silent]
|-sethp|p1a: Mimikyu|42/100|[from] move: Pain Split
|
|-heal|p1a: Mimikyu|48/100|[from] item: Leftovers
|upkeep
|turn|9
|
|t:|1757908164
|move|p1a: Mimikyu|Shadow Sneak|p2a: Greninja
|-resisted|p2a: Greninja
|-damage|p2a: Greninja|35/100
|move|p2a: Greninja|Dark Pulse|p1a: Mimikyu
|-damage|p1a: Mimikyu|14/100
|
|-heal|p1a: Mimikyu|20/100|[from] item: Leftovers
|upkeep
|turn|10
|
|t:|1757908173
|move|p2a: Greninja|Water Shuriken|p1a: Mimikyu
|-damage|p1a: Mimikyu|12/100
|-damage|p1a: Mimikyu|5/100
|-damage|p1a: Mimikyu|0 fnt
|faint|p1a: Mimikyu
|-ability|p2a: Greninja|Battle Bond|boost
|-boost|p2a: Greninja|atk|1
|-boost|p2a: Greninja|spa|1
|-boost|p2a: Greninja|spe|1
|-activate|p2a: Greninja|ability: Battle Bond
|-hitcount|p1: Mimikyu|3
|
|upkeep
|
|t:|1757908187
|switch|p1a: Dragapult|Dragapult, F|100/100
|turn|11
|
|t:|1757908194
|move|p1a: Dragapult|Shadow Ball|p2a: Greninja
|-resisted|p2a: Greninja
|-damage|p2a: Greninja|6/100
|-unboost|p2a: Greninja|spd|1
|move|p2a: Greninja|Dark Pulse|p1a: Dragapult
|-supereffective|p1a: Dragapult
|-damage|p1a: Dragapult|0 fnt
|faint|p1a: Dragapult
|
|upkeep
|
|t:|1757908203
|switch|p1a: Kingambit|Kingambit, M|100/100
|-activate|p1a: Kingambit|ability: Supreme Overlord
|-start|p1a: Kingambit|fallen4|[silent]
|turn|12
|
|t:|1757908209
|move|p2a: Greninja|Water Shuriken|p1a: Kingambit
|-damage|p1a: Kingambit|91/100
|-damage|p1a: Kingambit|82/100
|-damage|p1a: Kingambit|73/100
|-damage|p1a: Kingambit|62/100
|-hitcount|p1a: Kingambit|4
|move|p1a: Kingambit|Sucker Punch||[still]
|-fail|p1a: Kingambit
|
|upkeep
|turn|13
|
|t:|1757908221
|move|p2a: Greninja|Water Shuriken|p1a: Kingambit
|-crit|p1a: Kingambit
|-damage|p1a: Kingambit|47/100
|-damage|p1a: Kingambit|38/100
|-damage|p1a: Kingambit|27/100
|-damage|p1a: Kingambit|18/100
|-damage|p1a: Kingambit|9/100
|-hitcount|p1a: Kingambit|5
|move|p1a: Kingambit|Kowtow Cleave|p2a: Greninja
|-resisted|p2a: Greninja
|-damage|p2a: Greninja|0 fnt
|faint|p2a: Greninja
|
|upkeep
|
|t:|1757908234
|switch|p2a: Corviknight|Corviknight, M|100/100
|turn|14
|
|t:|1757908260
|move|p2a: Corviknight|U-turn|p1a: Kingambit
|-damage|p1a: Kingambit|0 fnt
|faint|p1a: Kingambit
|-end|p1a: Kingambit|fallen4|[silent]
|
|t:|1757908271
|switch|p2a: Rhydon|Rhydon, M|100/100|[from] U-turn
|-damage|p2a: Rhydon|88/100|[from] Spikes
|
|upkeep
|
|t:|1757908274
|switch|p1a: Incineroar|Incineroar, M|100/100
|-ability|p1a: Incineroar|Intimidate|boost
|-unboost|p2a: Rhydon|atk|1
|turn|15
|
|t:|1757908286
|move|p1a: Incineroar|Close Combat|p2a: Rhydon
|-supereffective|p2a: Rhydon
|-damage|p2a: Rhydon|48/100
|-unboost|p1a: Incineroar|def|1
|-unboost|p1a: Incineroar|spd|1
|move|p2a: Rhydon|Swords Dance|p2a: Rhydon
|-boost|p2a: Rhydon|atk|2
|
|upkeep
|turn|16
|
|t:|1757908296
|-terastallize|p2a: Rhydon|Electric
|move|p1a: Incineroar|Close Combat|p2a: Rhydon
|-damage|p2a: Rhydon|30/100
|-unboost|p1a: Incineroar|def|1
|-unboost|p1a: Incineroar|spd|1
|move|p2a: Rhydon|Earthquake|p1a: Incineroar
|-supereffective|p1a: Incineroar
|-damage|p1a: Incineroar|0 fnt
|faint|p1a: Incineroar
|
|win|Church of Booty
|raw|TAT_Yangyu's rating: 1163 &rarr; <strong>1135</strong><br />(-28 for losing)
|raw|Church of Booty's rating: 1127 &rarr; <strong>1155</strong><br />(+28 for winning)
|l|☆TAT_Yangyu
|player|p1|
|c|☆Church of Booty|GG
