|j|☆Denvertzzz
|j|☆muru drinker
|t:|1757824939
|gametype|singles
|player|p1|Denvertzzz|266|1165
|player|p2|muru drinker|linebacker|1223
|gen|9
|tier|[Gen 9] OU
|rated|
|rule|HP Percentage Mod: HP is shown in percentages
|rule|Endless Battle Clause: Forcing endless battles is banned
|rule|Species Clause: Limit one of each Pokémon
|rule|OHKO Clause: OHKO moves are banned
|rule|Evasion Items Clause: Evasion items are banned
|rule|Evasion Moves Clause: Evasion moves are banned
|rule|Evasion Abilities Clause: Evasion abilities are banned
|rule|Sleep Moves Clause: Sleep-inducing moves are banned
|clearpoke
|poke|p1|Grimmsnarl, M|
|poke|p1|Pincurchin, M|
|poke|p1|Raichu-Alola, M|
|poke|p1|Drifblim, M|
|poke|p1|Corviknight, M|
|poke|p1|Rhyperior, M|
|poke|p2|Corviknight, F|
|poke|p2|Alomomola, M|
|poke|p2|Rillaboom, F|
|poke|p2|Slowking-Galar, F|
|poke|p2|Heatran, F|
|poke|p2|Darkrai|
|teampreview
|
|t:|1757824948
|teamsize|p1|6
|teamsize|p2|6
|start
|switch|p1a: Coolie|Rhyperior, M, shiny|100/100
|switch|p2a: Slowking|Slowking-Galar, F|100/100
|turn|1
|
|t:|1757824958
|switch|p2a: Alomomola|Alomomola, M|100/100
|move|p1a: Coolie|Rock Polish|p1a: Coolie
|-boost|p1a: Coolie|spe|2
|
|upkeep
|turn|2
|
|t:|1757824966
|move|p1a: Coolie|Thunder Punch|p2a: Alomomola
|-supereffective|p2a: Alomomola
|-crit|p2a: Alomomola
|-damage|p2a: Alomomola|55/100
|move|p2a: Alomomola|Scald|p1a: Coolie
|-supereffective|p1a: Coolie
|-damage|p1a: Coolie|37/100
|-status|p1a: Coolie|brn
|-enditem|p1a: Coolie|Weakness Policy
|-boost|p1a: Coolie|atk|2|[from] item: Weakness Policy
|-boost|p1a: Coolie|spa|2|[from] item: Weakness Policy
|
|-heal|p2a: Alomomola|61/100|[from] item: Leftovers
|-damage|p1a: Coolie|30/100 brn|[from] brn
|upkeep
|turn|3
|
|t:|1757824986
|move|p1a: Coolie|Earthquake|p2a: Alomomola
|-damage|p2a: Alomomola|30/100
|move|p2a: Alomomola|Scald|p1a: Coolie
|-supereffective|p1a: Coolie
|-damage|p1a: Coolie|0 fnt
|faint|p1a: Coolie
|
|-heal|p2a: Alomomola|36/100|[from] item: Leftovers
|upkeep
|
|t:|1757825004
|switch|p1a: Fuzzie|Pincurchin, M, shiny|100/100
|-fieldstart|move: Electric Terrain|[from] ability: Electric Surge|[of] p1a: Fuzzie
|turn|4
|
|t:|1757825020
|switch|p2a: Heatran|Heatran, F|100/100
|move|p1a: Fuzzie|Zing Zap|p2a: Heatran
|-damage|p2a: Heatran|59/100
|
|-heal|p2a: Heatran|66/100|[from] item: Leftovers
|upkeep
|turn|5
|
|t:|1757825030
|move|p2a: Heatran|Protect|p2a: Heatran
|-singleturn|p2a: Heatran|Protect
|move|p1a: Fuzzie|Liquidation|p2a: Heatran
|-activate|p2a: Heatran|move: Protect
|
|-heal|p2a: Heatran|72/100|[from] item: Leftovers
|upkeep
|turn|6
|
|t:|1757825042
|switch|p1a: Brownie|Raichu-Alola, M, shiny|100/100
|-terastallize|p2a: Heatran|Grass
|move|p2a: Heatran|Magma Storm|p1a: Brownie|[miss]
|-miss|p2a: Heatran|p1a: Brownie
|
|-heal|p2a: Heatran|78/100|[from] item: Leftovers
|upkeep
|turn|7
|
|t:|1757825064
|move|p2a: Heatran|Protect|p2a: Heatran
|-singleturn|p2a: Heatran|Protect
|move|p1a: Brownie|Nasty Plot|p1a: Brownie
|-boost|p1a: Brownie|spa|2
|
|-heal|p2a: Heatran|84/100|[from] item: Leftovers
|upkeep
|turn|8
|
|t:|1757825075
|move|p1a: Brownie|Psychic|p2a: Heatran
|-damage|p2a: Heatran|37/100
|move|p2a: Heatran|Magma Storm|p1a: Brownie
|-damage|p1a: Brownie|41/100
|-activate|p1a: Brownie|move: Magma Storm|[of] p2a: Heatran
|
|-heal|p2a: Heatran|43/100|[from] item: Leftovers
|-damage|p1a: Brownie|29/100|[from] move: Magma Storm|[partiallytrapped]
|upkeep
|turn|9
|
|t:|1757825086
|move|p2a: Heatran|Protect|p2a: Heatran
|-singleturn|p2a: Heatran|Protect
|move|p1a: Brownie|Nasty Plot|p1a: Brownie
|-boost|p1a: Brownie|spa|2
|
|-heal|p2a: Heatran|49/100|[from] item: Leftovers
|-damage|p1a: Brownie|17/100|[from] move: Magma Storm|[partiallytrapped]
|upkeep
|turn|10
|
|t:|1757825105
|move|p2a: Heatran|Protect||[still]
|-fail|p2a: Heatran
|move|p1a: Brownie|Thunderbolt|p2a: Heatran
|-resisted|p2a: Heatran
|-damage|p2a: Heatran|0 fnt
|faint|p2a: Heatran
|
|-end|p1a: Brownie|Magma Storm|[partiallytrapped]|[silent]
|upkeep
|
|t:|1757825114
|switch|p2a: Darkrai|Darkrai|100/100
|turn|11
|
|t:|1757825125
|move|p1a: Brownie|Thunderbolt|p2a: Darkrai
|-damage|p2a: Darkrai|0 fnt
|faint|p2a: Darkrai
|
|-fieldend|move: Electric Terrain
|upkeep
|-message|muru drinker forfeited.
|
|win|Denvertzzz
|raw|Denvertzzz's rating: 1165 &rarr; <strong>1194</strong><br />(+29 for winning)
|raw|muru drinker's rating: 1223 &rarr; <strong>1194</strong><br />(-29 for losing)
|l|☆muru drinker
|player|p2|
|l|☆Denvertzzz
|player|p1|
