|j|☆HatedWitch
|j|☆IDWTLA
|t:|1757887612
|gametype|singles
|player|p1|HatedWitch|lass|1256
|player|p2|IDWTLA|scientist-gen4dp|1302
|gen|9
|tier|[Gen 9] OU
|rated|
|rule|HP Percentage Mod: HP is shown in percentages
|rule|Endless Battle Clause: Forcing endless battles is banned
|rule|Species Clause: Limit one of each Pokémon
|rule|OHKO Clause: OHKO moves are banned
|rule|Evasion Items Clause: Evasion items are banned
|rule|Evasion Moves Clause: Evasion moves are banned
|rule|Evasion Abilities Clause: Evasion abilities are banned
|rule|Sleep Moves Clause: Sleep-inducing moves are banned
|clearpoke
|poke|p1|Hydrapple, M|
|poke|p1|Alomomola, M|
|poke|p1|Tinkaton, F|
|poke|p1|Sandy Shocks|
|poke|p1|Zamazenta-*|
|poke|p1|Slither Wing|
|poke|p2|Zapdos-Galar|
|poke|p2|Landorus-Therian, M|
|poke|p2|Dragapult, F|
|poke|p2|Slowking-Galar, M|
|poke|p2|Great Tusk|
|poke|p2|Alomomola, F|
|teampreview
|
|t:|1757887618
|teamsize|p1|6
|teamsize|p2|6
|start
|switch|p1a: Slither Wing|Slither Wing|100/100
|switch|p2a: Zapdos|Zapdos-Galar|100/100
|turn|1
|inactive|Battle timer is ON: inactive players will automatically lose when time's up. (requested by HatedWitch)
|
|t:|1757887635
|switch|p2a: Landorus|Landorus-Therian, M|100/100
|-ability|p2a: Landorus|Intimidate|boost
|-unboost|p1a: Slither Wing|atk|1
|-end|p1a: Slither Wing|Protosynthesis|[silent]
|switch|p1a: Sandy Shocks|Sandy Shocks, shiny|100/100
|
|upkeep
|turn|2
|
|t:|1757887643
|switch|p2a: Slowking|Slowking-Galar, M|100/100
|-terastallize|p1a: Sandy Shocks|Ice
|move|p1a: Sandy Shocks|Tera Blast|p2a: Slowking|[anim] Tera Blast Ice
|-damage|p2a: Slowking|78/100
|
|upkeep
|turn|3
|
|t:|1757887653
|move|p1a: Sandy Shocks|Spikes|p2a: Slowking
|-sidestart|p2: IDWTLA|Spikes
|-prepare|p2a: Slowking|Chilly Reception|[premajor]
|move|p2a: Slowking|Chilly Reception|p2a: Slowking
|-weather|Snowscape
|
|t:|1757887659
|switch|p2a: Dragapult|Dragapult, F|100/100|[from] Chilly Reception
|-damage|p2a: Dragapult|88/100|[from] Spikes
|
|-weather|Snowscape|[upkeep]
|upkeep
|turn|4
|
|t:|1757887665
|move|p2a: Dragapult|Flamethrower|p1a: Sandy Shocks
|-supereffective|p1a: Sandy Shocks
|-damage|p1a: Sandy Shocks|0 fnt
|faint|p1a: Sandy Shocks
|-end|p1a: Sandy Shocks|Protosynthesis|[silent]
|
|-weather|Snowscape|[upkeep]
|upkeep
|
|t:|1757887675
|switch|p1a: Alomomola|Alomomola, M|100/100
|turn|5
|
|t:|1757887680
|switch|p2a: Slowking|Slowking-Galar, M|100/100
|move|p1a: Alomomola|Scald|p2a: Slowking
|-damage|p2a: Slowking|92/100
|
|-weather|Snowscape|[upkeep]
|upkeep
|turn|6
|
|t:|1757887694
|move|p1a: Alomomola|Flip Turn|p2a: Slowking
|-damage|p2a: Slowking|74/100
|inactive|HatedWitch has 120 seconds left.
|
|t:|1757887746
|switch|p1a: Tinkaton|Tinkaton, F, shiny|100/100|[from] Flip Turn
|-ability|p1a: Tinkaton|Mold Breaker
|-item|p1a: Tinkaton|Air Balloon
|move|p2a: Slowking|Toxic|p1a: Tinkaton
|-immune|p1a: Tinkaton
|
|-weather|Snowscape|[upkeep]
|upkeep
|turn|7
|
|t:|1757887758
|switch|p2a: Great Tusk|Great Tusk|100/100
|move|p1a: Tinkaton|Encore||[still]
|-fail|p1a: Tinkaton
|
|-weather|none
|upkeep
|turn|8
|inactive|HatedWitch has 120 seconds left.
|
|t:|1757887765
|switch|p1a: Slither Wing|Slither Wing|100/100
|move|p2a: Great Tusk|Rapid Spin|p1a: Slither Wing
|-damage|p1a: Slither Wing|86/100
|-boost|p2a: Great Tusk|spe|1
|-sideend|p2: IDWTLA|Spikes|[from] move: Rapid Spin|[of] p2a: Great Tusk
|
|upkeep
|turn|9
|
|t:|1757887774
|-end|p2a: Great Tusk|Protosynthesis|[silent]
|switch|p2a: Landorus|Landorus-Therian, M|100/100
|-ability|p2a: Landorus|Intimidate|boost
|-unboost|p1a: Slither Wing|atk|1
|move|p1a: Slither Wing|Will-O-Wisp|p2a: Landorus
|-status|p2a: Landorus|brn
|
|-damage|p2a: Landorus|94/100 brn|[from] brn
|upkeep
|turn|10
|
|t:|1757887786
|-end|p1a: Slither Wing|Protosynthesis|[silent]
|switch|p1a: Tinkaton|Tinkaton, F, shiny|100/100
|-ability|p1a: Tinkaton|Mold Breaker
|-item|p1a: Tinkaton|Air Balloon
|move|p2a: Landorus|Stealth Rock|p1a: Tinkaton
|-sidestart|p1: HatedWitch|move: Stealth Rock
|
|-damage|p2a: Landorus|88/100 brn|[from] brn
|upkeep
|turn|11
|
|t:|1757887796
|switch|p2a: Great Tusk|Great Tusk|100/100
|move|p1a: Tinkaton|Encore||[still]
|-fail|p1a: Tinkaton
|
|upkeep
|turn|12
|
|t:|1757887803
|switch|p1a: Slither Wing|Slither Wing|86/100
|move|p2a: Great Tusk|Rapid Spin|p1a: Slither Wing
|-damage|p1a: Slither Wing|72/100
|-boost|p2a: Great Tusk|spe|1
|
|upkeep
|turn|13
|
|t:|1757887813
|-end|p2a: Great Tusk|Protosynthesis|[silent]
|switch|p2a: Landorus|Landorus-Therian, M|88/100 brn
|-ability|p2a: Landorus|Intimidate|boost
|-unboost|p1a: Slither Wing|atk|1
|move|p1a: Slither Wing|Will-O-Wisp|p2a: Landorus
|-fail|p2a: Landorus|brn
|
|-damage|p2a: Landorus|82/100 brn|[from] brn
|upkeep
|turn|14
|-message|HatedWitch forfeited.
|
|win|IDWTLA
|raw|HatedWitch's rating: 1256 &rarr; <strong>1236</strong><br />(-20 for losing)
|raw|IDWTLA's rating: 1323 &rarr; <strong>1339</strong><br />(+16 for winning)
|l|☆HatedWitch
|player|p1|
