|j|☆leosyspu
|j|☆dunkeykim
|t:|1757943626
|gametype|singles
|player|p1|leosyspu|cynthia|1458
|player|p2|dunkeykim|cynthia|1391
|gen|9
|tier|[Gen 9] OU
|rated|
|rule|HP Percentage Mod: HP is shown in percentages
|rule|Endless Battle Clause: Forcing endless battles is banned
|rule|Species Clause: Limit one of each Pokémon
|rule|OHKO Clause: OHKO moves are banned
|rule|Evasion Items Clause: Evasion items are banned
|rule|Evasion Moves Clause: Evasion moves are banned
|rule|Evasion Abilities Clause: Evasion abilities are banned
|rule|Sleep Moves Clause: Sleep-inducing moves are banned
|clearpoke
|poke|p1|Heracross, M|
|poke|p1|Pelipper, M|
|poke|p1|Gholdengo|
|poke|p1|Gliscor, F|
|poke|p1|Dragonite, F|
|poke|p1|Kingdra, F|
|poke|p2|Dragapult, F|
|poke|p2|Kingambit, M|
|poke|p2|Raging Bolt|
|poke|p2|Heatran, F|
|poke|p2|Ogerpon-Wellspring, F|
|poke|p2|Garchomp, F|
|teampreview
|inactive|Battle timer is ON: inactive players will automatically lose when time's up. (requested by leosyspu)
|
|t:|1757943640
|teamsize|p1|6
|teamsize|p2|6
|start
|switch|p1a: 易拉罐超人o|Gholdengo|100/100
|switch|p2a: Dragapult|Dragapult, F|100/100
|turn|1
|
|t:|1757943648
|move|p2a: Dragapult|U-turn|p1a: 易拉罐超人o
|-resisted|p1a: 易拉罐超人o
|-damage|p1a: 易拉罐超人o|97/100
|
|t:|1757943650
|switch|p2a: Heatran|Heatran, F|100/100|[from] U-turn
|move|p1a: 易拉罐超人o|Shadow Ball|p2a: Heatran
|-damage|p2a: Heatran|78/100
|
|-heal|p2a: Heatran|84/100|[from] item: Leftovers
|upkeep
|turn|2
|
|t:|1757943660
|switch|p1a: 剧毒老是空废物|Gliscor, F|100/100
|move|p2a: Heatran|Magma Storm|p1a: 剧毒老是空废物|[miss]
|-miss|p2a: Heatran|p1a: 剧毒老是空废物
|
|-heal|p2a: Heatran|90/100|[from] item: Leftovers
|-status|p1a: 剧毒老是空废物|tox|[from] item: Toxic Orb
|upkeep
|turn|3
|
|t:|1757943671
|switch|p2a: Garchomp|Garchomp, F|100/100
|move|p1a: 剧毒老是空废物|U-turn|p2a: Garchomp
|-damage|p2a: Garchomp|90/100
|-damage|p1a: 剧毒老是空废物|88/100 tox|[from] ability: Rough Skin|[of] p2a: Garchomp
|-damage|p1a: 剧毒老是空废物|71/100 tox|[from] item: Rocky Helmet|[of] p2a: Garchomp
|
|t:|1757943685
|switch|p1a: 最快最强技最多|Pelipper, M|100/100|[from] U-turn
|-weather|RainDance|[from] ability: Drizzle|[of] p1a: 最快最强技最多
|
|-weather|RainDance|[upkeep]
|upkeep
|turn|4
|
|t:|1757943708
|switch|p2a: Raging Bolt|Raging Bolt|100/100
|-enditem|p2a: Raging Bolt|Booster Energy
|-activate|p2a: Raging Bolt|ability: Protosynthesis|[fromitem]
|-start|p2a: Raging Bolt|protosynthesisspa
|switch|p1a: 东海水泡王|Kingdra, F|100/100
|
|-weather|RainDance|[upkeep]
|upkeep
|turn|5
|
|t:|1757943717
|move|p1a: 东海水泡王|Draco Meteor|p2a: Raging Bolt
|-supereffective|p2a: Raging Bolt
|-damage|p2a: Raging Bolt|0 fnt
|-unboost|p1a: 东海水泡王|spa|2
|faint|p2a: Raging Bolt
|-end|p2a: Raging Bolt|Protosynthesis|[silent]
|
|-weather|RainDance|[upkeep]
|upkeep
|
|t:|1757943721
|switch|p2a: Ogerpon|Ogerpon-Wellspring, F|100/100
|turn|6
|
|t:|1757943747
|switch|p1a: 强力高速炮|Dragonite, F|100/100
|move|p2a: Ogerpon|Swords Dance|p2a: Ogerpon
|-boost|p2a: Ogerpon|atk|2
|
|-weather|RainDance|[upkeep]
|upkeep
|turn|7
|inactive|leosyspu has 120 seconds left.
|
|t:|1757943778
|move|p2a: Ogerpon|Ivy Cudgel|p1a: 强力高速炮|[anim] Ivy Cudgel Water
|-resisted|p1a: 强力高速炮
|-damage|p1a: 强力高速炮|62/100
|move|p1a: 强力高速炮|Scale Shot|p2a: Ogerpon
|-damage|p2a: Ogerpon|81/100
|-damage|p2a: Ogerpon|62/100
|-damage|p2a: Ogerpon|41/100
|-damage|p2a: Ogerpon|21/100
|-hitcount|p2a: Ogerpon|4
|-unboost|p1a: 强力高速炮|def|1
|-boost|p1a: 强力高速炮|spe|1
|
|-weather|RainDance|[upkeep]
|-heal|p1a: 强力高速炮|68/100|[from] item: Leftovers
|upkeep
|turn|8
|
|t:|1757943792
|move|p1a: 强力高速炮|Extreme Speed|p2a: Ogerpon
|-damage|p2a: Ogerpon|0 fnt
|faint|p2a: Ogerpon
|
|-weather|RainDance|[upkeep]
|-heal|p1a: 强力高速炮|75/100|[from] item: Leftovers
|upkeep
|
|t:|1757943799
|switch|p2a: Kingambit|Kingambit, M|100/100
|-activate|p2a: Kingambit|ability: Supreme Overlord
|-start|p2a: Kingambit|fallen2|[silent]
|turn|9
|
|t:|1757943804
|move|p1a: 强力高速炮|Earthquake|p2a: Kingambit
|-supereffective|p2a: Kingambit
|-damage|p2a: Kingambit|49/100
|move|p2a: Kingambit|Kowtow Cleave|p1a: 强力高速炮
|-damage|p1a: 强力高速炮|0 fnt
|faint|p1a: 强力高速炮
|
|-weather|RainDance|[upkeep]
|-heal|p2a: Kingambit|55/100|[from] item: Leftovers
|upkeep
|inactive|leosyspu has 120 seconds left.
|
|t:|1757943815
|switch|p1a: 东海水泡王|Kingdra, F|100/100
|turn|10
|
|t:|1757943824
|-end|p2a: Kingambit|fallen2|[silent]
|switch|p2a: Dragapult|Dragapult, F|100/100
|move|p1a: 东海水泡王|Weather Ball|p2a: Dragapult
|-resisted|p2a: Dragapult
|-damage|p2a: Dragapult|40/100
|
|-weather|none
|-heal|p2a: Dragapult|47/100|[from] item: Leftovers
|upkeep
|turn|11
|
|t:|1757943839
|switch|p1a: 最快最强技最多|Pelipper, M|100/100
|-weather|RainDance|[from] ability: Drizzle|[of] p1a: 最快最强技最多
|move|p2a: Dragapult|U-turn|p1a: 最快最强技最多
|-resisted|p1a: 最快最强技最多
|-damage|p1a: 最快最强技最多|94/100
|
|t:|1757943843
|switch|p2a: Garchomp|Garchomp, F|90/100|[from] U-turn
|
|-weather|RainDance|[upkeep]
|upkeep
|turn|12
|
|t:|1757943850
|move|p2a: Garchomp|Stealth Rock|p1a: 最快最强技最多
|-sidestart|p1: leosyspu|move: Stealth Rock
|move|p1a: 最快最强技最多|Surf|p2a: Garchomp
|-damage|p2a: Garchomp|48/100
|
|-weather|RainDance|[upkeep]
|upkeep
|turn|13
|
|t:|1757943857
|move|p2a: Garchomp|Spikes|p1a: 最快最强技最多
|-sidestart|p1: leosyspu|Spikes
|move|p1a: 最快最强技最多|Surf|p2a: Garchomp
|-damage|p2a: Garchomp|4/100
|
|-weather|RainDance|[upkeep]
|upkeep
|turn|14
|
|t:|1757943865
|switch|p1a: 东海水泡王|Kingdra, F|100/100
|-damage|p1a: 东海水泡王|88/100|[from] Stealth Rock
|-damage|p1a: 东海水泡王|76/100|[from] Spikes
|move|p2a: Garchomp|Spikes|p1a: 东海水泡王
|-sidestart|p1: leosyspu|Spikes
|
|-weather|RainDance|[upkeep]
|upkeep
|turn|15
|
|t:|1757943873
|move|p1a: 东海水泡王|Weather Ball|p2a: Garchomp
|-damage|p2a: Garchomp|0 fnt
|faint|p2a: Garchomp
|
|-weather|RainDance|[upkeep]
|upkeep
|
|t:|1757943884
|switch|p2a: Heatran|Heatran, F|90/100
|turn|16
|
|t:|1757943887
|move|p2a: Heatran|Protect|p2a: Heatran
|-singleturn|p2a: Heatran|Protect
|move|p1a: 东海水泡王|Weather Ball|p2a: Heatran
|-activate|p2a: Heatran|move: Protect
|
|-weather|RainDance|[upkeep]
|-heal|p2a: Heatran|96/100|[from] item: Leftovers
|upkeep
|turn|17
|
|t:|1757943901
|switch|p2a: Dragapult|Dragapult, F|47/100
|move|p1a: 东海水泡王|Weather Ball|p2a: Dragapult
|-resisted|p2a: Dragapult
|-damage|p2a: Dragapult|0 fnt
|faint|p2a: Dragapult
|
|-weather|RainDance|[upkeep]
|upkeep
|
|t:|1757943903
|switch|p2a: Heatran|Heatran, F|96/100
|turn|18
|
|t:|1757943913
|move|p2a: Heatran|Protect|p2a: Heatran
|-singleturn|p2a: Heatran|Protect
|move|p1a: 东海水泡王|Weather Ball|p2a: Heatran
|-activate|p2a: Heatran|move: Protect
|
|-weather|none
|-heal|p2a: Heatran|100/100|[from] item: Leftovers
|upkeep
|turn|19
|
|t:|1757943925
|switch|p1a: 易拉罐超人o|Gholdengo|97/100
|-damage|p1a: 易拉罐超人o|90/100|[from] Stealth Rock
|-damage|p1a: 易拉罐超人o|74/100|[from] Spikes
|move|p2a: Heatran|Magma Storm|p1a: 易拉罐超人o
|-supereffective|p1a: 易拉罐超人o
|-damage|p1a: 易拉罐超人o|5/100
|-activate|p1a: 易拉罐超人o|move: Magma Storm|[of] p2a: Heatran
|
|-damage|p1a: 易拉罐超人o|0 fnt|[from] move: Magma Storm|[partiallytrapped]
|faint|p1a: 易拉罐超人o
|upkeep
|
|t:|1757943936
|switch|p1a: 最快最强技最多|Pelipper, M|94/100
|-damage|p1a: 最快最强技最多|69/100|[from] Stealth Rock
|-weather|RainDance|[from] ability: Drizzle|[of] p1a: 最快最强技最多
|turn|20
|
|t:|1757943942
|move|p2a: Heatran|Magma Storm|p1a: 最快最强技最多|[miss]
|-miss|p2a: Heatran|p1a: 最快最强技最多
|move|p1a: 最快最强技最多|Surf|p2a: Heatran
|-supereffective|p2a: Heatran
|-damage|p2a: Heatran|46/100
|
|-weather|RainDance|[upkeep]
|-heal|p2a: Heatran|52/100|[from] item: Leftovers
|upkeep
|turn|21
|
|t:|1757943958
|move|p2a: Heatran|Protect|p2a: Heatran
|-singleturn|p2a: Heatran|Protect
|move|p1a: 最快最强技最多|Roost|p1a: 最快最强技最多
|-heal|p1a: 最快最强技最多|100/100
|-singleturn|p1a: 最快最强技最多|move: Roost
|
|-weather|RainDance|[upkeep]
|-heal|p2a: Heatran|59/100|[from] item: Leftovers
|upkeep
|turn|22
|
|t:|1757943967
|move|p2a: Heatran|Magma Storm|p1a: 最快最强技最多
|-resisted|p1a: 最快最强技最多
|-damage|p1a: 最快最强技最多|86/100
|-activate|p1a: 最快最强技最多|move: Magma Storm|[of] p2a: Heatran
|move|p1a: 最快最强技最多|Surf|p2a: Heatran
|-supereffective|p2a: Heatran
|-damage|p2a: Heatran|7/100
|
|-weather|RainDance|[upkeep]
|-heal|p2a: Heatran|13/100|[from] item: Leftovers
|-damage|p1a: 最快最强技最多|73/100|[from] move: Magma Storm|[partiallytrapped]
|upkeep
|turn|23
|
|t:|1757943978
|move|p2a: Heatran|Protect|p2a: Heatran
|-singleturn|p2a: Heatran|Protect
|move|p1a: 最快最强技最多|Roost|p1a: 最快最强技最多
|-heal|p1a: 最快最强技最多|100/100
|-singleturn|p1a: 最快最强技最多|move: Roost
|
|-weather|RainDance|[upkeep]
|-heal|p2a: Heatran|20/100|[from] item: Leftovers
|-damage|p1a: 最快最强技最多|88/100|[from] move: Magma Storm|[partiallytrapped]
|upkeep
|turn|24
|inactive|dunkeykim has 120 seconds left.
|
|t:|1757944010
|move|p2a: Heatran|Protect||[still]
|-fail|p2a: Heatran
|move|p1a: 最快最强技最多|Surf|p2a: Heatran
|-supereffective|p2a: Heatran
|-damage|p2a: Heatran|0 fnt
|faint|p2a: Heatran
|
|-weather|RainDance|[upkeep]
|-end|p1a: 最快最强技最多|Magma Storm|[partiallytrapped]|[silent]
|upkeep
|
|t:|1757944012
|switch|p2a: Kingambit|Kingambit, M|55/100
|-activate|p2a: Kingambit|ability: Supreme Overlord
|-start|p2a: Kingambit|fallen5|[silent]
|turn|25
|
|t:|1757944022
|move|p1a: 最快最强技最多|Surf|p2a: Kingambit
|-damage|p2a: Kingambit|8/100
|move|p2a: Kingambit|Swords Dance|p2a: Kingambit
|-boost|p2a: Kingambit|atk|2
|
|-weather|RainDance|[upkeep]
|-heal|p2a: Kingambit|14/100|[from] item: Leftovers
|upkeep
|turn|26
|
|t:|1757944030
|move|p2a: Kingambit|Sucker Punch|p1a: 最快最强技最多
|-damage|p1a: 最快最强技最多|0 fnt
|faint|p1a: 最快最强技最多
|
|-weather|RainDance|[upkeep]
|-heal|p2a: Kingambit|20/100|[from] item: Leftovers
|upkeep
|
|t:|1757944037
|switch|p1a: 剧毒老是空废物|Gliscor, F|71/100 tox
|-damage|p1a: 剧毒老是空废物|59/100 tox|[from] Stealth Rock
|turn|27
|
|t:|1757944049
|move|p2a: Kingambit|Sucker Punch|p1a: 剧毒老是空废物
|-damage|p1a: 剧毒老是空废物|0 fnt
|faint|p1a: 剧毒老是空废物
|
|-weather|none
|-heal|p2a: Kingambit|26/100|[from] item: Leftovers
|upkeep
|
|t:|1757944057
|switch|p1a: 东海水泡王|Kingdra, F|76/100
|-damage|p1a: 东海水泡王|63/100|[from] Stealth Rock
|-damage|p1a: 东海水泡王|47/100|[from] Spikes
|turn|28
|
|t:|1757944064
|move|p2a: Kingambit|Sucker Punch|p1a: 东海水泡王
|-damage|p1a: 东海水泡王|0 fnt
|faint|p1a: 东海水泡王
|
|-heal|p2a: Kingambit|32/100|[from] item: Leftovers
|upkeep
|
|t:|1757944071
|switch|p1a: 铁甲卡布达|Heracross, M|100/100
|-damage|p1a: 铁甲卡布达|88/100|[from] Stealth Rock
|-damage|p1a: 铁甲卡布达|72/100|[from] Spikes
|turn|29
|
|t:|1757944076
|-terastallize|p2a: Kingambit|Fairy
|move|p1a: 铁甲卡布达|Close Combat|p2a: Kingambit
|-resisted|p2a: Kingambit
|-damage|p2a: Kingambit|10/100
|-unboost|p1a: 铁甲卡布达|def|1
|-unboost|p1a: 铁甲卡布达|spd|1
|move|p2a: Kingambit|Iron Head|p1a: 铁甲卡布达
|-damage|p1a: 铁甲卡布达|0 fnt
|faint|p1a: 铁甲卡布达
|
|win|dunkeykim
|raw|leosyspu's rating: 1458 &rarr; <strong>1434</strong><br />(-24 for losing)
|raw|dunkeykim's rating: 1391 &rarr; <strong>1415</strong><br />(+24 for winning)
|l|☆dunkeykim
|player|p2|
|l|☆leosyspu
|player|p1|
