|j|☆DDNPoke
|j|☆Obito 2001
|t:|1757932483
|gametype|singles
|player|p1|DDNPoke|lucas|1477
|player|p2|Obito 2001|blue-gen3two|1487
|gen|9
|tier|[Gen 9] OU
|rated|
|rule|HP Percentage Mod: HP is shown in percentages
|rule|Endless Battle Clause: Forcing endless battles is banned
|rule|Species Clause: Limit one of each Pokémon
|rule|OHKO Clause: OHKO moves are banned
|rule|Evasion Items Clause: Evasion items are banned
|rule|Evasion Moves Clause: Evasion moves are banned
|rule|Evasion Abilities Clause: Evasion abilities are banned
|rule|Sleep Moves Clause: Sleep-inducing moves are banned
|clearpoke
|poke|p1|Grimmsnarl, M|
|poke|p1|Blastoise, M|
|poke|p1|Dragonite, M|
|poke|p1|Blaziken, M|
|poke|p1|Ursaluna, M|
|poke|p1|Gholdengo|
|poke|p2|Hoopa-Unbound|
|poke|p2|Masquerain, F|
|poke|p2|Great Tusk|
|poke|p2|Corviknight, M|
|poke|p2|Slither Wing|
|poke|p2|Slowking-Galar, M|
|teampreview
|inactive|Battle timer is ON: inactive players will automatically lose when time's up. (requested by DDNPoke)
|inactive|Obito 2001 also wants the timer to be on.
|
|t:|1757932494
|teamsize|p1|6
|teamsize|p2|6
|start
|switch|p1a: Blastoise|Blastoise, M|100/100
|switch|p2a: Real G|Masquerain, F|100/100
|-ability|p2a: Real G|Intimidate|boost
|-unboost|p1a: Blastoise|atk|1
|-enditem|p1a: Blastoise|White Herb
|-clearnegativeboost|p1a: Blastoise|[silent]
|turn|1
|
|t:|1757932503
|move|p2a: Real G|Stun Spore|p1a: Blastoise|[miss]
|-miss|p2a: Real G|p1a: Blastoise
|move|p1a: Blastoise|Ice Beam|p2a: Real G
|-supereffective|p2a: Real G
|-damage|p2a: Real G|25/100
|
|upkeep
|turn|2
|
|t:|1757932511
|move|p2a: Real G|Sticky Web|p1a: Blastoise
|-sidestart|p1: DDNPoke|move: Sticky Web
|move|p1a: Blastoise|Shell Smash|p1a: Blastoise
|-unboost|p1a: Blastoise|def|1
|-unboost|p1a: Blastoise|spd|1
|-boost|p1a: Blastoise|atk|2
|-boost|p1a: Blastoise|spa|2
|-boost|p1a: Blastoise|spe|2
|
|upkeep
|turn|3
|
|t:|1757932519
|move|p1a: Blastoise|Ice Beam|p2a: Real G
|-supereffective|p2a: Real G
|-damage|p2a: Real G|0 fnt
|faint|p2a: Real G
|
|upkeep
|
|t:|1757932522
|switch|p2a: Ban Zamazenta|Slowking-Galar, M|100/100
|turn|4
|
|t:|1757932527
|move|p1a: Blastoise|Surf|p2a: Ban Zamazenta
|-damage|p2a: Ban Zamazenta|56/100
|move|p2a: Ban Zamazenta|Thunder Wave|p1a: Blastoise
|-status|p1a: Blastoise|par
|
|upkeep
|turn|5
|
|t:|1757932536
|cant|p1a: Blastoise|par
|-prepare|p2a: Ban Zamazenta|Chilly Reception|[premajor]
|move|p2a: Ban Zamazenta|Chilly Reception|p2a: Ban Zamazenta
|-weather|Snowscape
|
|t:|1757932537
|switch|p2a: Djin of death|Hoopa-Unbound|100/100|[from] Chilly Reception
|
|-weather|Snowscape|[upkeep]
|upkeep
|turn|6
|
|t:|1757932546
|move|p2a: Djin of death|Thunderbolt|p1a: Blastoise
|-supereffective|p1a: Blastoise
|-damage|p1a: Blastoise|0 fnt
|faint|p1a: Blastoise
|
|-weather|Snowscape|[upkeep]
|upkeep
|
|t:|1757932553
|switch|p1a: Grimmsnarl|Grimmsnarl, M|100/100
|-activate|p1a: Grimmsnarl|move: Sticky Web
|-unboost|p1a: Grimmsnarl|spe|1
|turn|7
|
|t:|1757932562
|switch|p2a: Mega Donphan|Great Tusk|100/100
|move|p1a: Grimmsnarl|Light Screen|p1a: Grimmsnarl
|-sidestart|p1: DDNPoke|move: Light Screen
|
|-weather|Snowscape|[upkeep]
|upkeep
|turn|8
|
|t:|1757932569
|move|p1a: Grimmsnarl|Taunt|p2a: Mega Donphan
|-start|p2a: Mega Donphan|move: Taunt
|cant|p2a: Mega Donphan|move: Taunt|Stealth Rock
|
|-weather|Snowscape|[upkeep]
|upkeep
|turn|9
|
|t:|1757932576
|-end|p2a: Mega Donphan|Protosynthesis|[silent]
|switch|p2a: Ban Zamazenta|Slowking-Galar, M|90/100
|move|p1a: Grimmsnarl|Reflect|p1a: Grimmsnarl
|-sidestart|p1: DDNPoke|Reflect
|
|-weather|none
|upkeep
|turn|10
|
|t:|1757932583
|move|p1a: Grimmsnarl|Parting Shot|p2a: Ban Zamazenta
|-unboost|p2a: Ban Zamazenta|atk|1
|-unboost|p2a: Ban Zamazenta|spa|1
|
|t:|1757932586
|switch|p1a: Dragonite|Dragonite, M|100/100|[from] Parting Shot
|move|p2a: Ban Zamazenta|Future Sight|p1a: Dragonite
|-start|p2a: Ban Zamazenta|move: Future Sight
|
|upkeep
|turn|11
|
|t:|1757932592
|move|p1a: Dragonite|Dragon Dance|p1a: Dragonite
|-boost|p1a: Dragonite|atk|1
|-boost|p1a: Dragonite|spe|1
|move|p2a: Ban Zamazenta|Thunder Wave|p1a: Dragonite
|-status|p1a: Dragonite|par
|
|upkeep
|turn|12
|
|t:|1757932601
|switch|p2a: Ban Gliscor|Corviknight, M|100/100
|-ability|p2a: Ban Gliscor|Pressure
|move|p1a: Dragonite|Dragon Dance|p1a: Dragonite
|-boost|p1a: Dragonite|atk|1
|-boost|p1a: Dragonite|spe|1
|
|-end|p1a: Dragonite|move: Future Sight
|-damage|p1a: Dragonite|90/100 par
|upkeep
|turn|13
|
|t:|1757932614
|move|p1a: Dragonite|Dragon Claw|p2a: Ban Gliscor
|-resisted|p2a: Ban Gliscor
|-damage|p2a: Ban Gliscor|73/100
|-damage|p1a: Dragonite|73/100 par|[from] item: Rocky Helmet|[of] p2a: Ban Gliscor
|move|p2a: Ban Gliscor|U-turn|p1a: Dragonite
|-resisted|p1a: Dragonite
|-damage|p1a: Dragonite|69/100 par
|-damage|p2a: Ban Gliscor|56/100|[from] item: Rocky Helmet|[of] p1a: Dragonite
|
|t:|1757932617
|switch|p2a: Mega Donphan|Great Tusk|100/100|[from] U-turn
|
|upkeep
|turn|14
|
|t:|1757932628
|move|p2a: Mega Donphan|Stealth Rock|p1a: Dragonite
|-sidestart|p1: DDNPoke|move: Stealth Rock
|move|p1a: Dragonite|Dragon Claw|p2a: Mega Donphan
|-damage|p2a: Mega Donphan|39/100
|-damage|p1a: Dragonite|53/100 par|[from] item: Rocky Helmet|[of] p2a: Mega Donphan
|
|-sideend|p1: DDNPoke|move: Light Screen
|upkeep
|turn|15
|
|t:|1757932636
|-end|p2a: Mega Donphan|Protosynthesis|[silent]
|switch|p2a: Ban Gliscor|Corviknight, M|56/100
|-ability|p2a: Ban Gliscor|Pressure
|move|p1a: Dragonite|Dragon Claw|p2a: Ban Gliscor
|-resisted|p2a: Ban Gliscor
|-damage|p2a: Ban Gliscor|29/100
|-damage|p1a: Dragonite|36/100 par|[from] item: Rocky Helmet|[of] p2a: Ban Gliscor
|
|upkeep
|turn|16
|
|t:|1757932648
|move|p1a: Dragonite|Dragon Claw|p2a: Ban Gliscor
|-resisted|p2a: Ban Gliscor
|-damage|p2a: Ban Gliscor|1/100
|-damage|p1a: Dragonite|20/100 par|[from] item: Rocky Helmet|[of] p2a: Ban Gliscor
|move|p2a: Ban Gliscor|Roost|p2a: Ban Gliscor
|-heal|p2a: Ban Gliscor|51/100
|-singleturn|p2a: Ban Gliscor|move: Roost
|
|-sideend|p1: DDNPoke|Reflect
|upkeep
|turn|17
|-message|DDNPoke forfeited.
|
|win|Obito 2001
|raw|DDNPoke's rating: 1477 &rarr; <strong>1458</strong><br />(-19 for losing)
|raw|Obito 2001's rating: 1487 &rarr; <strong>1506</strong><br />(+19 for winning)
|l|☆DDNPoke
|player|p1|
|l|☆Obito 2001
|player|p2|
