|j|☆potayo
|j|☆pastagirl !!
|t:|1757901232
|gametype|singles
|player|p1|potayo|1|1679
|player|p2|pastagirl !!|elesa|1667
|gen|9
|tier|[Gen 9] OU
|rated|
|rule|HP Percentage Mod: HP is shown in percentages
|rule|Endless Battle Clause: Forcing endless battles is banned
|rule|Species Clause: Limit one of each Pokémon
|rule|OHKO Clause: OHKO moves are banned
|rule|Evasion Items Clause: Evasion items are banned
|rule|Evasion Moves Clause: Evasion moves are banned
|rule|Evasion Abilities Clause: Evasion abilities are banned
|rule|Sleep Moves Clause: Sleep-inducing moves are banned
|clearpoke
|poke|p1|Hatterene, F|
|poke|p1|Cresselia, F|
|poke|p1|Hoopa-Unbound|
|poke|p1|Rabsca, F|
|poke|p1|Mimikyu, M|
|poke|p1|Kingambit, F|
|poke|p2|Cresselia, F|
|poke|p2|Hatterene, F|
|poke|p2|Porygon2|
|poke|p2|Ursaluna, M|
|poke|p2|Iron Hands|
|poke|p2|Torkoal, M|
|teampreview
|inactive|Battle timer is ON: inactive players will automatically lose when time's up. (requested by potayo)
|
|t:|1757901282
|teamsize|p1|6
|teamsize|p2|6
|start
|switch|p1a: Kingambit|Kingambit, F|100/100
|switch|p2a: WILD AT HEART|Cresselia, F|100/100
|turn|1
|
|t:|1757901289
|switch|p2a: THE ELEPHANT MAN|Iron Hands|100/100
|move|p1a: Kingambit|Kowtow Cleave|p2a: THE ELEPHANT MAN
|-resisted|p2a: THE ELEPHANT MAN
|-damage|p2a: THE ELEPHANT MAN|79/100
|
|upkeep
|turn|2
|
|t:|1757901298
|-end|p1a: Kingambit|fallenundefined|[silent]
|switch|p1a: Hatterene|Hatterene, F|100/100
|move|p2a: THE ELEPHANT MAN|Supercell Slam|p1a: Hatterene
|-damage|p1a: Hatterene|36/100
|-damage|p2a: THE ELEPHANT MAN|62/100|[from] item: Rocky Helmet|[of] p1a: Hatterene
|-damage|p2a: THE ELEPHANT MAN|52/100|[from] item: Life Orb
|
|upkeep
|turn|3
|
|t:|1757901309
|move|p2a: THE ELEPHANT MAN|Supercell Slam|p1a: Hatterene
|-damage|p1a: Hatterene|0 fnt
|-damage|p2a: THE ELEPHANT MAN|36/100|[from] item: Rocky Helmet|[of] p1a: Hatterene
|faint|p1a: Hatterene
|-damage|p2a: THE ELEPHANT MAN|26/100|[from] item: Life Orb
|
|upkeep
|
|t:|1757901314
|switch|p1a: Hoopa|Hoopa-Unbound|100/100
|turn|4
|
|t:|1757901333
|-end|p2a: THE ELEPHANT MAN|Quark Drive|[silent]
|switch|p2a: ERASERHEAD|Porygon2|100/100
|-ability|p2a: ERASERHEAD|Download|boost
|-boost|p2a: ERASERHEAD|atk|1
|move|p1a: Hoopa|Psychic Noise|p2a: ERASERHEAD
|-crit|p2a: ERASERHEAD
|-damage|p2a: ERASERHEAD|60/100
|-start|p2a: ERASERHEAD|move: Heal Block
|
|upkeep
|turn|5
|inactive|potayo has 120 seconds left.
|
|t:|1757901370
|move|p1a: Hoopa|Hyperspace Fury|p2a: ERASERHEAD
|-damage|p2a: ERASERHEAD|26/100
|-unboost|p1a: Hoopa|def|1
|move|p2a: ERASERHEAD|Trick Room|p2a: ERASERHEAD
|-fieldstart|move: Trick Room|[of] p2a: ERASERHEAD
|
|-end|p2a: ERASERHEAD|move: Heal Block
|upkeep
|turn|6
|inactive|potayo has 120 seconds left.
|
|t:|1757901386
|switch|p2a: LOST HIGHWAY|Ursaluna, M|100/100
|move|p1a: Hoopa|Psychic Noise|p2a: LOST HIGHWAY
|-damage|p2a: LOST HIGHWAY|62/100
|-start|p2a: LOST HIGHWAY|move: Heal Block
|
|-status|p2a: LOST HIGHWAY|brn|[from] item: Flame Orb
|upkeep
|turn|7
|
|t:|1757901400
|switch|p1a: Cresselia|Cresselia, F|100/100
|move|p2a: LOST HIGHWAY|Headlong Rush|p1a: Cresselia
|-immune|p1a: Cresselia|[from] ability: Levitate
|
|-damage|p2a: LOST HIGHWAY|56/100 brn|[from] brn
|-end|p2a: LOST HIGHWAY|move: Heal Block
|upkeep
|turn|8
|
|t:|1757901408
|switch|p1a: Mimikyu|Mimikyu, M|100/100
|move|p2a: LOST HIGHWAY|Headlong Rush|p1a: Mimikyu
|-activate|p1a: Mimikyu|ability: Disguise
|-damage|p1a: Mimikyu|100/100
|-unboost|p2a: LOST HIGHWAY|def|1
|-unboost|p2a: LOST HIGHWAY|spd|1
|detailschange|p1a: Mimikyu|Mimikyu-Busted, M
|-damage|p1a: Mimikyu|88/100|[from] pokemon: Mimikyu-Busted
|-enditem|p1a: Mimikyu|Red Card|[of] p2a: LOST HIGHWAY
|drag|p2a: WILD AT HEART|Cresselia, F|100/100
|
|upkeep
|turn|9
|
|t:|1757901423
|switch|p2a: ERASERHEAD|Porygon2|26/100
|-ability|p2a: ERASERHEAD|Download|boost
|-boost|p2a: ERASERHEAD|spa|1
|switch|p1a: Kingambit|Kingambit, F|100/100
|-activate|p1a: Kingambit|ability: Supreme Overlord
|-start|p1a: Kingambit|fallen1|[silent]
|
|-fieldend|move: Trick Room
|upkeep
|turn|10
|
|t:|1757901436
|-terastallize|p2a: ERASERHEAD|Ground
|move|p1a: Kingambit|Kowtow Cleave|p2a: ERASERHEAD
|-damage|p2a: ERASERHEAD|0 fnt
|faint|p2a: ERASERHEAD
|
|upkeep
|c|☆pastagirl !!|wow he's fast
|
|t:|1757901450
|switch|p2a: FIRE WALK WITH ME|Torkoal, M|100/100
|-weather|SunnyDay|[from] ability: Drought|[of] p2a: FIRE WALK WITH ME
|turn|11
|c|☆potayo|yeah
|
|t:|1757901462
|move|p1a: Kingambit|Kowtow Cleave|p2a: FIRE WALK WITH ME
|-damage|p2a: FIRE WALK WITH ME|37/100
|move|p2a: FIRE WALK WITH ME|Weather Ball|p1a: Kingambit
|-supereffective|p1a: Kingambit
|-damage|p1a: Kingambit|0 fnt
|faint|p1a: Kingambit
|-end|p1a: Kingambit|fallen1|[silent]
|
|-weather|SunnyDay|[upkeep]
|upkeep
|
|t:|1757901470
|switch|p1a: Hoopa|Hoopa-Unbound|100/100
|turn|12
|
|t:|1757901479
|switch|p2a: THE ELEPHANT MAN|Iron Hands|26/100
|move|p1a: Hoopa|Hyperspace Fury|p2a: THE ELEPHANT MAN
|-resisted|p2a: THE ELEPHANT MAN
|-damage|p2a: THE ELEPHANT MAN|10/100
|-unboost|p1a: Hoopa|def|1
|
|-weather|SunnyDay|[upkeep]
|upkeep
|turn|13
|
|t:|1757901497
|move|p1a: Hoopa|Hyperspace Fury|p2a: THE ELEPHANT MAN
|-resisted|p2a: THE ELEPHANT MAN
|-damage|p2a: THE ELEPHANT MAN|0 fnt
|-unboost|p1a: Hoopa|def|1
|faint|p2a: THE ELEPHANT MAN
|-end|p2a: THE ELEPHANT MAN|Quark Drive|[silent]
|
|-weather|SunnyDay|[upkeep]
|upkeep
|
|t:|1757901504
|switch|p2a: BLUE VELVET|Hatterene, F|100/100
|turn|14
|
|t:|1757901521
|move|p1a: Hoopa|Psychic Noise|p2a: BLUE VELVET
|-resisted|p2a: BLUE VELVET
|-damage|p2a: BLUE VELVET|80/100
|-start|p2a: BLUE VELVET|move: Heal Block
|move|p2a: BLUE VELVET|Trick Room|p2a: BLUE VELVET
|-fieldstart|move: Trick Room|[of] p2a: BLUE VELVET
|
|-weather|SunnyDay|[upkeep]
|upkeep
|turn|15
|
|t:|1757901532
|-terastallize|p1a: Hoopa|Dark
|move|p2a: BLUE VELVET|Mystical Fire|p1a: Hoopa
|-damage|p1a: Hoopa|82/100
|-unboost|p1a: Hoopa|spa|1
|move|p1a: Hoopa|Hyperspace Fury|p2a: BLUE VELVET
|-damage|p2a: BLUE VELVET|27/100
|-unboost|p1a: Hoopa|def|1
|
|-weather|none
|-end|p2a: BLUE VELVET|move: Heal Block
|upkeep
|turn|16
|
|t:|1757901544
|move|p2a: BLUE VELVET|Healing Wish|p2a: BLUE VELVET
|faint|p2a: BLUE VELVET
|move|p1a: Hoopa|Trick Room|p1a: Hoopa
|-fieldend|move: Trick Room
|
|upkeep
|
|t:|1757901553
|switch|p2a: LOST HIGHWAY|Ursaluna, M|56/100 brn
|-heal|p2a: LOST HIGHWAY|100/100|[from] move: Healing Wish
|turn|17
|
|t:|1757901565
|move|p1a: Hoopa|Destiny Bond|p1a: Hoopa
|-singlemove|p1a: Hoopa|Destiny Bond
|move|p2a: LOST HIGHWAY|Facade|p1a: Hoopa
|-damage|p1a: Hoopa|0 fnt
|faint|p1a: Hoopa
|-activate|p1a: Hoopa|move: Destiny Bond
|faint|p2a: LOST HIGHWAY
|
|upkeep
|
|t:|1757901574
|switch|p1a: Mimikyu|Mimikyu-Busted, M|88/100
|switch|p2a: WILD AT HEART|Cresselia, F|100/100
|turn|18
|
|t:|1757901584
|move|p1a: Mimikyu|Curse|p2a: WILD AT HEART
|-start|p2a: WILD AT HEART|Curse|[of] p1a: Mimikyu
|-damage|p1a: Mimikyu|38/100
|move|p2a: WILD AT HEART|Trick Room|p2a: WILD AT HEART
|-fieldstart|move: Trick Room|[of] p2a: WILD AT HEART
|
|-damage|p2a: WILD AT HEART|75/100|[from] Curse
|upkeep
|turn|19
|
|t:|1757901597
|move|p2a: WILD AT HEART|Lunar Dance|p2a: WILD AT HEART
|faint|p2a: WILD AT HEART
|move|p1a: Mimikyu|Trick Room|p1a: Mimikyu
|-fieldend|move: Trick Room
|
|upkeep
|c|☆pastagirl !!|gg
|c|☆potayo|gg
|-message|pastagirl !! forfeited.
|
|win|potayo
|raw|potayo's rating: 1679 &rarr; <strong>1698</strong><br />(+19 for winning)
|raw|pastagirl !!'s rating: 1667 &rarr; <strong>1648</strong><br />(-19 for losing)
|l|☆potayo
|player|p1|
|l|☆pastagirl !!
|player|p2|
