|j|☆Boulesinus15
|j|☆sanmedina
|t:|1757796752
|gametype|singles
|player|p1|Boulesinus15|1|1314
|player|p2|sanmedina|ethan|1312
|gen|9
|tier|[Gen 9] OU
|rated|
|rule|HP Percentage Mod: HP is shown in percentages
|rule|Endless Battle Clause: Forcing endless battles is banned
|rule|Species Clause: Limit one of each Pokémon
|rule|OHKO Clause: OHKO moves are banned
|rule|Evasion Items Clause: Evasion items are banned
|rule|Evasion Moves Clause: Evasion moves are banned
|rule|Evasion Abilities Clause: Evasion abilities are banned
|rule|Sleep Moves Clause: Sleep-inducing moves are banned
|clearpoke
|poke|p1|Skeledirge, M|
|poke|p1|Iron Treads|
|poke|p1|Rillaboom, F|
|poke|p1|Darkrai|
|poke|p1|Garganacl, M|
|poke|p1|Alomomola, F|
|poke|p2|Primarina, M|
|poke|p2|Dragapult, F|
|poke|p2|Kingambit, M|
|poke|p2|Quagsire, M|
|poke|p2|Iron Moth|
|poke|p2|Gholdengo|
|teampreview
|
|t:|1757796764
|teamsize|p1|6
|teamsize|p2|6
|start
|switch|p1a: Darkrai|Darkrai|100/100
|switch|p2a: Gholdengo|Gholdengo|100/100
|turn|1
|
|t:|1757796768
|move|p2a: Gholdengo|Focus Blast|p1a: Darkrai
|-supereffective|p1a: Darkrai
|-damage|p1a: Darkrai|0 fnt
|faint|p1a: Darkrai
|
|upkeep
|c|☆sanmedina|i have to run focus blast because of this bullshit ass piece of shit uber mon that smogon set loose in ou
|
|t:|1757796788
|switch|p1a: Rillaboom|Rillaboom, F|100/100
|-fieldstart|move: Grassy Terrain|[from] ability: Grassy Surge|[of] p1a: Rillaboom
|turn|2
|c|☆sanmedina|so now you understand my suffering
|
|t:|1757796798
|switch|p2a: Iron Moth|Iron Moth|100/100
|-enditem|p2a: Iron Moth|Booster Energy
|-activate|p2a: Iron Moth|ability: Quark Drive|[fromitem]
|-start|p2a: Iron Moth|quarkdrivespa
|move|p1a: Rillaboom|Wood Hammer|p2a: Iron Moth
|-resisted|p2a: Iron Moth
|-crit|p2a: Iron Moth
|-damage|p2a: Iron Moth|19/100
|-damage|p1a: Rillaboom|77/100|[from] Recoil
|
|-heal|p2a: Iron Moth|25/100|[from] Grassy Terrain
|-heal|p1a: Rillaboom|83/100|[from] Grassy Terrain
|upkeep
|turn|3
|inactive|Battle timer is ON: inactive players will automatically lose when time's up. (requested by sanmedina)
|
|t:|1757796813
|switch|p1a: Alomomola|Alomomola, F|100/100
|move|p2a: Iron Moth|Fiery Dance|p1a: Alomomola
|-resisted|p1a: Alomomola
|-damage|p1a: Alomomola|74/100
|
|-heal|p2a: Iron Moth|31/100|[from] Grassy Terrain
|-heal|p1a: Alomomola|81/100|[from] Grassy Terrain
|upkeep
|turn|4
|
|t:|1757796824
|move|p2a: Iron Moth|Energy Ball|p1a: Alomomola
|-supereffective|p1a: Alomomola
|-damage|p1a: Alomomola|0 fnt
|faint|p1a: Alomomola
|
|-heal|p2a: Iron Moth|37/100|[from] Grassy Terrain
|upkeep
|
|t:|1757796833
|switch|p1a: Rillaboom|Rillaboom, F|83/100
|turn|5
|
|t:|1757796837
|move|p1a: Rillaboom|Grassy Glide|p2a: Iron Moth
|-resisted|p2a: Iron Moth
|-damage|p2a: Iron Moth|13/100
|move|p2a: Iron Moth|Fiery Dance|p1a: Rillaboom
|-supereffective|p1a: Rillaboom
|-damage|p1a: Rillaboom|0 fnt
|-boost|p2a: Iron Moth|spa|1
|faint|p1a: Rillaboom
|
|-heal|p2a: Iron Moth|19/100|[from] Grassy Terrain
|upkeep
|-message|Boulesinus15 forfeited.
|
|win|sanmedina
