|j|☆Dizzydwarf99
|j|☆Baby Key
|t:|1757953881
|gametype|singles
|player|p1|Dizzydwarf99|cheryl|1484
|player|p2|Baby Key|1|1548
|gen|9
|tier|[Gen 9] OU
|rated|
|rule|HP Percentage Mod: HP is shown in percentages
|rule|Endless Battle Clause: Forcing endless battles is banned
|rule|Species Clause: Limit one of each Pokémon
|rule|OHKO Clause: OHKO moves are banned
|rule|Evasion Items Clause: Evasion items are banned
|rule|Evasion Moves Clause: Evasion moves are banned
|rule|Evasion Abilities Clause: Evasion abilities are banned
|rule|Sleep Moves Clause: Sleep-inducing moves are banned
|clearpoke
|poke|p1|Volcanion|
|poke|p1|Chesnaught, M|
|poke|p1|Scream Tail|
|poke|p1|Great Tusk|
|poke|p1|Tornadus-Therian, M|
|poke|p1|Toxtricity, F|
|poke|p2|Ceruledge, M|
|poke|p2|Raging Bolt|
|poke|p2|Latias, F|
|poke|p2|Kyurem|
|poke|p2|Ninetales-Alola, F|
|poke|p2|Iron Moth|
|teampreview
|inactive|Battle timer is ON: inactive players will automatically lose when time's up. (requested by Dizzydwarf99)
|
|t:|1757953905
|teamsize|p1|6
|teamsize|p2|6
|start
|switch|p1a: Tornadus|Tornadus-Therian, M|100/100
|switch|p2a: snow bunny|Ninetales-Alola, F|100/100
|-weather|Snowscape|[from] ability: Snow Warning|[of] p2a: snow bunny
|turn|1
|
|t:|1757953911
|move|p1a: Tornadus|Knock Off|p2a: snow bunny
|-resisted|p2a: snow bunny
|-damage|p2a: snow bunny|91/100
|-enditem|p2a: snow bunny|Light Clay|[from] move: Knock Off|[of] p1a: Tornadus
|move|p2a: snow bunny|Freeze-Dry|p1a: Tornadus
|-supereffective|p1a: Tornadus
|-damage|p1a: Tornadus|34/100
|
|-weather|Snowscape|[upkeep]
|upkeep
|turn|2
|
|t:|1757953922
|move|p1a: Tornadus|U-turn|p2a: snow bunny
|-resisted|p2a: snow bunny
|-damage|p2a: snow bunny|84/100
|
|t:|1757953924
|switch|p1a: Toxtricity|Toxtricity, F|100/100|[from] U-turn
|move|p2a: snow bunny|Aurora Veil|p2a: snow bunny
|-sidestart|p2: Baby Key|move: Aurora Veil
|
|-weather|Snowscape|[upkeep]
|upkeep
|turn|3
|
|t:|1757953939
|switch|p2a: 50/50|Raging Bolt|100/100
|-enditem|p2a: 50/50|Booster Energy
|-activate|p2a: 50/50|ability: Protosynthesis|[fromitem]
|-start|p2a: 50/50|protosynthesisspa
|move|p1a: Toxtricity|Boomburst|p2a: 50/50
|-damage|p2a: 50/50|62/100
|
|-weather|Snowscape|[upkeep]
|upkeep
|turn|4
|
|t:|1757953956
|switch|p1a: Scream Tail|Scream Tail|100/100
|move|p2a: 50/50|Calm Mind|p2a: 50/50
|-boost|p2a: 50/50|spa|1
|-boost|p2a: 50/50|spd|1
|
|-weather|Snowscape|[upkeep]
|upkeep
|turn|5
|inactive|Baby Key has 120 seconds left.
|
|t:|1757953997
|-end|p2a: 50/50|Protosynthesis|[silent]
|switch|p2a: bury the light|Ceruledge, M|100/100
|move|p1a: Scream Tail|Encore||[still]
|-fail|p1a: Scream Tail
|
|-weather|none
|upkeep
|turn|6
|
|t:|1757954004
|-end|p1a: Scream Tail|Protosynthesis|[silent]
|switch|p1a: Great Tusk|Great Tusk|100/100
|move|p2a: bury the light|Poltergeist|p1a: Great Tusk
|-activate|p1a: Great Tusk|move: Poltergeist|Heavy-Duty Boots
|-damage|p1a: Great Tusk|59/100
|
|-sideend|p2: Baby Key|move: Aurora Veil
|upkeep
|turn|7
|
|t:|1757954012
|move|p1a: Great Tusk|Stealth Rock|p2a: bury the light
|-sidestart|p2: Baby Key|move: Stealth Rock
|move|p2a: bury the light|Swords Dance|p2a: bury the light
|-boost|p2a: bury the light|atk|2
|
|upkeep
|turn|8
|
|t:|1757954024
|move|p1a: Great Tusk|Headlong Rush|p2a: bury the light
|-supereffective|p2a: bury the light
|-enditem|p2a: bury the light|Focus Sash
|-damage|p2a: bury the light|1/100
|-unboost|p1a: Great Tusk|def|1
|-unboost|p1a: Great Tusk|spd|1
|-ability|p2a: bury the light|Weak Armor|boost
|-unboost|p2a: bury the light|def|1
|-boost|p2a: bury the light|spe|2
|move|p2a: bury the light|Bitter Blade|p1a: Great Tusk
|-damage|p1a: Great Tusk|0 fnt
|-heal|p2a: bury the light|38/100|[from] drain|[of] p1a: Great Tusk
|faint|p1a: Great Tusk
|-end|p1a: Great Tusk|Protosynthesis|[silent]
|
|upkeep
|
|t:|1757954041
|switch|p1a: Volcanion|Volcanion|100/100
|turn|9
|inactive|Baby Key has 120 seconds left.
|
|t:|1757954049
|move|p2a: bury the light|Poltergeist|p1a: Volcanion
|-activate|p1a: Volcanion|move: Poltergeist|Assault Vest
|-damage|p1a: Volcanion|15/100
|move|p1a: Volcanion|Steam Eruption|p2a: bury the light
|-supereffective|p2a: bury the light
|-damage|p2a: bury the light|0 fnt
|faint|p2a: bury the light
|
|upkeep
|inactive|Baby Key has 120 seconds left.
|
|t:|1757954065
|switch|p2a: snow bunny|Ninetales-Alola, F|84/100
|-damage|p2a: snow bunny|60/100|[from] Stealth Rock
|-weather|Snowscape|[from] ability: Snow Warning|[of] p2a: snow bunny
|turn|10
|
|t:|1757954080
|switch|p1a: Scream Tail|Scream Tail|100/100
|move|p2a: snow bunny|Aurora Veil|p2a: snow bunny
|-sidestart|p2: Baby Key|move: Aurora Veil
|
|-weather|Snowscape|[upkeep]
|upkeep
|turn|11
|
|t:|1757954092
|switch|p2a: 50/50|Raging Bolt|62/100
|-damage|p2a: 50/50|49/100|[from] Stealth Rock
|move|p1a: Scream Tail|Wish|p1a: Scream Tail
|
|-weather|Snowscape|[upkeep]
|upkeep
|turn|12
|
|t:|1757954099
|move|p1a: Scream Tail|Dazzling Gleam|p2a: 50/50
|-supereffective|p2a: 50/50
|-damage|p2a: 50/50|33/100
|move|p2a: 50/50|Thunderbolt|p1a: Scream Tail
|-damage|p1a: Scream Tail|68/100
|
|-weather|Snowscape|[upkeep]
|-heal|p1a: Scream Tail|100/100|[from] move: Wish|[wisher] Scream Tail
|upkeep
|turn|13
|
|t:|1757954109
|move|p1a: Scream Tail|Wish|p1a: Scream Tail
|move|p2a: 50/50|Thunderbolt|p1a: Scream Tail
|-damage|p1a: Scream Tail|69/100
|-status|p1a: Scream Tail|par
|
|-weather|Snowscape|[upkeep]
|-heal|p1a: Scream Tail|75/100 par|[from] item: Leftovers
|upkeep
|turn|14
|
|t:|1757954126
|move|p2a: 50/50|Thunderbolt|p1a: Scream Tail
|-damage|p1a: Scream Tail|43/100 par
|move|p1a: Scream Tail|Dazzling Gleam|p2a: 50/50
|-supereffective|p2a: 50/50
|-damage|p2a: 50/50|18/100
|
|-weather|none
|-heal|p1a: Scream Tail|93/100 par|[from] move: Wish|[wisher] Scream Tail
|-heal|p1a: Scream Tail|99/100 par|[from] item: Leftovers
|-sideend|p2: Baby Key|move: Aurora Veil
|upkeep
|turn|15
|
|t:|1757954135
|move|p2a: 50/50|Thunderbolt|p1a: Scream Tail
|-damage|p1a: Scream Tail|63/100 par
|move|p1a: Scream Tail|Dazzling Gleam|p2a: 50/50
|-supereffective|p2a: 50/50
|-damage|p2a: 50/50|0 fnt
|faint|p2a: 50/50
|-end|p2a: 50/50|Protosynthesis|[silent]
|
|-heal|p1a: Scream Tail|69/100 par|[from] item: Leftovers
|upkeep
|
|t:|1757954152
|switch|p2a: snow bunny|Ninetales-Alola, F|60/100
|-damage|p2a: snow bunny|35/100|[from] Stealth Rock
|-weather|Snowscape|[from] ability: Snow Warning|[of] p2a: snow bunny
|turn|16
|
|t:|1757954156
|move|p2a: snow bunny|Aurora Veil|p2a: snow bunny
|-sidestart|p2: Baby Key|move: Aurora Veil
|move|p1a: Scream Tail|Wish|p1a: Scream Tail
|
|-weather|Snowscape|[upkeep]
|-heal|p1a: Scream Tail|75/100 par|[from] item: Leftovers
|upkeep
|turn|17
|
|t:|1757954159
|-end|p1a: Scream Tail|Protosynthesis|[silent]
|switch|p1a: Volcanion|Volcanion|15/100
|move|p2a: snow bunny|Encore||[still]
|-fail|p2a: snow bunny
|
|-weather|Snowscape|[upkeep]
|-heal|p1a: Volcanion|75/100|[from] move: Wish|[wisher] Scream Tail
|upkeep
|turn|18
|
|t:|1757954167
|switch|p1a: Toxtricity|Toxtricity, F|100/100
|move|p2a: snow bunny|Freeze-Dry|p1a: Toxtricity
|-damage|p1a: Toxtricity|65/100
|
|-weather|Snowscape|[upkeep]
|upkeep
|turn|19
|
|t:|1757954173
|move|p2a: snow bunny|Freeze-Dry|p1a: Toxtricity
|-damage|p1a: Toxtricity|25/100
|move|p1a: Toxtricity|Boomburst|p2a: snow bunny
|-damage|p2a: snow bunny|0 fnt
|faint|p2a: snow bunny
|
|-weather|Snowscape|[upkeep]
|upkeep
|
|t:|1757954190
|switch|p2a: realpsyspam|Latias, F|100/100
|-damage|p2a: realpsyspam|88/100|[from] Stealth Rock
|turn|20
|
|t:|1757954199
|move|p2a: realpsyspam|Calm Mind|p2a: realpsyspam
|-boost|p2a: realpsyspam|spa|1
|-boost|p2a: realpsyspam|spd|1
|move|p1a: Toxtricity|Boomburst|p2a: realpsyspam
|-damage|p2a: realpsyspam|58/100
|
|-weather|none
|-heal|p2a: realpsyspam|64/100|[from] item: Leftovers
|-sideend|p2: Baby Key|move: Aurora Veil
|upkeep
|turn|21
|
|t:|1757954215
|-terastallize|p2a: realpsyspam|Steel
|move|p2a: realpsyspam|Agility|p2a: realpsyspam
|-boost|p2a: realpsyspam|spe|2
|move|p1a: Toxtricity|Boomburst|p2a: realpsyspam
|-resisted|p2a: realpsyspam
|-damage|p2a: realpsyspam|34/100
|
|-heal|p2a: realpsyspam|40/100|[from] item: Leftovers
|upkeep
|turn|22
|
|t:|1757954222
|move|p2a: realpsyspam|Stored Power|p1a: Toxtricity
|-supereffective|p1a: Toxtricity
|-damage|p1a: Toxtricity|0 fnt
|faint|p1a: Toxtricity
|
|-heal|p2a: realpsyspam|46/100|[from] item: Leftovers
|upkeep
|
|t:|1757954225
|switch|p1a: Chesnaught|Chesnaught, M, shiny|100/100
|turn|23
|
|t:|1757954233
|-terastallize|p1a: Chesnaught|Steel
|move|p2a: realpsyspam|Stored Power|p1a: Chesnaught
|-resisted|p1a: Chesnaught
|-damage|p1a: Chesnaught|60/100
|move|p1a: Chesnaught|Body Press|p2a: realpsyspam
|-supereffective|p2a: realpsyspam
|-damage|p2a: realpsyspam|0 fnt
|faint|p2a: realpsyspam
|
|upkeep
|
|t:|1757954244
|switch|p2a: MoveMerchant|Iron Moth|100/100
|-damage|p2a: MoveMerchant|76/100|[from] Stealth Rock
|-enditem|p2a: MoveMerchant|Booster Energy
|-activate|p2a: MoveMerchant|ability: Quark Drive|[fromitem]
|-start|p2a: MoveMerchant|quarkdrivespe
|turn|24
|
|t:|1757954248
|switch|p1a: Volcanion|Volcanion|75/100
|move|p2a: MoveMerchant|Fiery Dance|p1a: Volcanion
|-resisted|p1a: Volcanion
|-damage|p1a: Volcanion|69/100
|
|upkeep
|turn|25
|
|t:|1757954261
|move|p2a: MoveMerchant|Sludge Wave|p1a: Volcanion
|-damage|p1a: Volcanion|40/100
|-status|p1a: Volcanion|psn
|move|p1a: Volcanion|Earth Power|p2a: MoveMerchant
|-supereffective|p2a: MoveMerchant
|-damage|p2a: MoveMerchant|0 fnt
|faint|p2a: MoveMerchant
|-end|p2a: MoveMerchant|Quark Drive|[silent]
|
|-damage|p1a: Volcanion|27/100 psn|[from] psn
|upkeep
|
|t:|1757954265
|switch|p2a: rng my ahh|Kyurem|100/100
|-damage|p2a: rng my ahh|76/100|[from] Stealth Rock
|-ability|p2a: rng my ahh|Pressure
|turn|26
|
|t:|1757954274
|move|p2a: rng my ahh|Dragon Dance|p2a: rng my ahh
|-boost|p2a: rng my ahh|atk|1
|-boost|p2a: rng my ahh|spe|1
|move|p1a: Volcanion|Steam Eruption|p2a: rng my ahh
|-resisted|p2a: rng my ahh
|-damage|p2a: rng my ahh|48/100
|-status|p2a: rng my ahh|brn
|
|-damage|p1a: Volcanion|15/100 psn|[from] psn
|-damage|p2a: rng my ahh|42/100 brn|[from] brn
|upkeep
|turn|27
|
|t:|1757954284
|move|p2a: rng my ahh|Icicle Spear|p1a: Volcanion
|-resisted|p1a: Volcanion
|-damage|p1a: Volcanion|13/100 psn
|-resisted|p1a: Volcanion
|-damage|p1a: Volcanion|11/100 psn
|-resisted|p1a: Volcanion
|-crit|p1a: Volcanion
|-damage|p1a: Volcanion|7/100 psn
|-resisted|p1a: Volcanion
|-damage|p1a: Volcanion|5/100 psn
|-resisted|p1a: Volcanion
|-damage|p1a: Volcanion|3/100 psn
|-hitcount|p1a: Volcanion|5
|move|p1a: Volcanion|Flamethrower|p2a: rng my ahh
|-damage|p2a: rng my ahh|0 fnt
|faint|p2a: rng my ahh
|
|win|Dizzydwarf99
|raw|Dizzydwarf99's rating: 1484 &rarr; <strong>1508</strong><br />(+24 for winning)
|raw|Baby Key's rating: 1548 &rarr; <strong>1524</strong><br />(-24 for losing)
|l|☆Baby Key
|player|p2|
|l|☆Dizzydwarf99
|player|p1|
