|j|☆Jajouj
|j|☆Jinghan Yu
|t:|1757846526
|gametype|singles
|player|p1|Jajouj|ghetsis|1215
|player|p2|Jinghan Yu|nate|1239
|gen|9
|tier|[Gen 9] OU
|rated|
|rule|HP Percentage Mod: HP is shown in percentages
|rule|Endless Battle Clause: Forcing endless battles is banned
|rule|Species Clause: Limit one of each Pokémon
|rule|OHKO Clause: OHKO moves are banned
|rule|Evasion Items Clause: Evasion items are banned
|rule|Evasion Moves Clause: Evasion moves are banned
|rule|Evasion Abilities Clause: Evasion abilities are banned
|rule|Sleep Moves Clause: Sleep-inducing moves are banned
|clearpoke
|poke|p1|Staraptor, F|
|poke|p1|Hydreigon, F|
|poke|p1|Ribombee, F|
|poke|p1|Excadrill, M|
|poke|p1|Rotom-Wash|
|poke|p1|Enamorus, F|
|poke|p2|Scizor, M|
|poke|p2|Tyranitar, M|
|poke|p2|Garchomp, M|
|poke|p2|Gyarados, M|
|poke|p2|Gengar, M|
|poke|p2|Excadrill, M|
|teampreview
|inactive|Battle timer is ON: inactive players will automatically lose when time's up. (requested by Jinghan Yu)
|
|t:|1757846579
|teamsize|p1|6
|teamsize|p2|6
|start
|switch|p1a: Staraptor|Staraptor, F|100/100
|switch|p2a: Boden|Scizor, M, shiny|100/100
|-ability|p1a: Staraptor|Intimidate|boost
|-unboost|p2a: Boden|atk|1
|turn|1
|
|t:|1757846585
|move|p1a: Staraptor|Final Gambit|p2a: Boden
|-damage|p2a: Boden|0 fnt
|faint|p1a: Staraptor
|faint|p2a: Boden
|
|upkeep
|
|t:|1757846594
|switch|p1a: Ribombee|Ribombee, F|100/100
|switch|p2a: Timothy|Tyranitar, M|100/100
|-weather|Sandstorm|[from] ability: Sand Stream|[of] p2a: Timothy
|turn|2
|
|t:|1757846600
|move|p1a: Ribombee|Sticky Web|p2a: Timothy
|-sidestart|p2: Jinghan Yu|move: Sticky Web
|move|p2a: Timothy|Rock Slide|p1a: Ribombee
|-supereffective|p1a: Ribombee
|-enditem|p1a: Ribombee|Focus Sash
|-damage|p1a: Ribombee|1/100
|
|-weather|Sandstorm|[upkeep]
|-damage|p1a: Ribombee|0 fnt|[from] Sandstorm
|faint|p1a: Ribombee
|upkeep
|
|t:|1757846609
|switch|p1a: Excadrill|Excadrill, M|100/100
|-ability|p1a: Excadrill|Mold Breaker
|-item|p1a: Excadrill|Air Balloon
|turn|3
|
|t:|1757846614
|switch|p2a: Osten|Gyarados, M, shiny|100/100
|-ability|p2a: Osten|Intimidate|boost
|-unboost|p1a: Excadrill|atk|1
|move|p1a: Excadrill|Swords Dance|p1a: Excadrill
|-boost|p1a: Excadrill|atk|2
|
|-weather|Sandstorm|[upkeep]
|-damage|p2a: Osten|94/100|[from] Sandstorm
|-heal|p2a: Osten|100/100|[from] item: Leftovers
|upkeep
|turn|4
|
|t:|1757846623
|move|p1a: Excadrill|Rapid Spin|p2a: Osten
|-damage|p2a: Osten|65/100
|-boost|p1a: Excadrill|spe|1
|move|p2a: Osten|Waterfall|p1a: Excadrill
|-supereffective|p1a: Excadrill
|-damage|p1a: Excadrill|0 fnt
|-enditem|p1a: Excadrill|Air Balloon
|faint|p1a: Excadrill
|
|-weather|Sandstorm|[upkeep]
|-damage|p2a: Osten|59/100|[from] Sandstorm
|-heal|p2a: Osten|65/100|[from] item: Leftovers
|upkeep
|
|t:|1757846636
|switch|p1a: Rotom|Rotom-Wash|100/100
|turn|5
|
|t:|1757846646
|switch|p2a: Mangus|Garchomp, M, shiny|100/100
|-activate|p2a: Mangus|move: Sticky Web
|-unboost|p2a: Mangus|spe|1
|move|p1a: Rotom|Hydro Pump|p2a: Mangus
|-damage|p2a: Mangus|40/100
|
|-weather|Sandstorm|[upkeep]
|-damage|p1a: Rotom|95/100|[from] Sandstorm
|upkeep
|turn|6
|
|t:|1757846655
|move|p1a: Rotom|Hydro Pump|p2a: Mangus
|-damage|p2a: Mangus|0 fnt
|faint|p2a: Mangus
|
|-weather|Sandstorm|[upkeep]
|-damage|p1a: Rotom|89/100|[from] Sandstorm
|upkeep
|
|t:|1757846665
|switch|p2a: Osten|Gyarados, M, shiny|65/100
|-ability|p2a: Osten|Intimidate|boost
|-unboost|p1a: Rotom|atk|1
|turn|7
|
|t:|1757846670
|-terastallize|p2a: Osten|Flying
|move|p2a: Osten|Dragon Dance|p2a: Osten
|-boost|p2a: Osten|atk|1
|-boost|p2a: Osten|spe|1
|move|p1a: Rotom|Volt Switch|p2a: Osten
|-supereffective|p2a: Osten
|-damage|p2a: Osten|0 fnt
|faint|p2a: Osten
|
|t:|1757846681
|switch|p1a: Hydreigon|Hydreigon, F|100/100|[from] Volt Switch
|
|-weather|Sandstorm|[upkeep]
|-damage|p1a: Hydreigon|94/100|[from] Sandstorm
|upkeep
|
|t:|1757846688
|switch|p2a: Emmett|Excadrill, M|100/100
|-item|p2a: Emmett|Air Balloon
|turn|8
|
|t:|1757846695
|-terastallize|p1a: Hydreigon|Fire
|move|p2a: Emmett|Swords Dance|p2a: Emmett
|-boost|p2a: Emmett|atk|2
|move|p1a: Hydreigon|Flamethrower|p2a: Emmett
|-supereffective|p2a: Emmett
|-damage|p2a: Emmett|0 fnt
|-enditem|p2a: Emmett|Air Balloon
|faint|p2a: Emmett
|
|-weather|Sandstorm|[upkeep]
|-damage|p1a: Hydreigon|88/100|[from] Sandstorm
|upkeep
|
|t:|1757846703
|switch|p2a: Timothy|Tyranitar, M|100/100
|-activate|p2a: Timothy|move: Sticky Web
|-unboost|p2a: Timothy|spe|1
|turn|9
|
|t:|1757846709
|switch|p1a: Rotom|Rotom-Wash|89/100
|move|p2a: Timothy|Rock Slide|p1a: Rotom
|-damage|p1a: Rotom|40/100
|
|-weather|none
|upkeep
|turn|10
|
|t:|1757846716
|move|p1a: Rotom|Pain Split|p2a: Timothy
|-sethp|p2a: Timothy|67/100|[from] move: Pain Split|[silent]
|-sethp|p1a: Rotom|78/100|[from] move: Pain Split
|move|p2a: Timothy|Rock Slide|p1a: Rotom
|-damage|p1a: Rotom|33/100
|
|upkeep
|turn|11
|
|t:|1757846723
|move|p1a: Rotom|Pain Split|p2a: Timothy
|-sethp|p2a: Timothy|48/100|[from] move: Pain Split|[silent]
|-sethp|p1a: Rotom|56/100|[from] move: Pain Split
|move|p2a: Timothy|Rock Slide|p1a: Rotom
|-damage|p1a: Rotom|12/100
|
|upkeep
|turn|12
|
|t:|1757846742
|move|p1a: Rotom|Hydro Pump|p2a: Timothy
|-supereffective|p2a: Timothy
|-damage|p2a: Timothy|0 fnt
|faint|p2a: Timothy
|
|upkeep
|
|t:|1757846744
|switch|p2a: Nasim|Gengar, M|100/100
|-activate|p2a: Nasim|move: Sticky Web
|-unboost|p2a: Nasim|spe|1
|turn|13
|
|t:|1757846750
|move|p2a: Nasim|Nasty Plot|p2a: Nasim
|-boost|p2a: Nasim|spa|2
|move|p1a: Rotom|Pain Split|p2a: Nasim
|-sethp|p2a: Nasim|57/100|[from] move: Pain Split|[silent]
|-sethp|p1a: Rotom|49/100|[from] move: Pain Split
|
|upkeep
|turn|14
|
|t:|1757846757
|move|p2a: Nasim|Endure|p2a: Nasim
|-singleturn|p2a: Nasim|move: Endure
|move|p1a: Rotom|Volt Switch|p2a: Nasim
|-activate|p2a: Nasim|move: Endure
|-damage|p2a: Nasim|1/100
|-start|p1a: Rotom|Disable|Volt Switch|[from] ability: Cursed Body|[of] p2a: Nasim
|-enditem|p2a: Nasim|Salac Berry|[eat]
|-boost|p2a: Nasim|spe|1|[from] item: Salac Berry
|
|t:|1757846770
|switch|p1a: Hydreigon|Hydreigon, F, tera:Fire|88/100|[from] Volt Switch
|
|upkeep
|turn|15
|
|t:|1757846774
|move|p2a: Nasim|Hex|p1a: Hydreigon
|-damage|p1a: Hydreigon|9/100
|move|p1a: Hydreigon|Dark Pulse|p2a: Nasim
|-supereffective|p2a: Nasim
|-damage|p2a: Nasim|0 fnt
|faint|p2a: Nasim
|
|win|Jajouj
|raw|Jajouj's rating: 1215 &rarr; <strong>1243</strong><br />(+28 for winning)
|raw|Jinghan Yu's rating: 1263 &rarr; <strong>1235</strong><br />(-28 for losing)
|l|☆Jinghan Yu
|player|p2|
|l|☆Jajouj
|player|p1|
