|j|☆ashpig
|j|☆SomethingAnt
|t:|1757934092
|gametype|singles
|player|p1|ashpig|scientist-gen4|1351
|player|p2|SomethingAnt|n|1298
|gen|9
|tier|[Gen 9] OU
|rated|
|rule|HP Percentage Mod: HP is shown in percentages
|rule|Endless Battle Clause: Forcing endless battles is banned
|rule|Species Clause: Limit one of each Pokémon
|rule|OHKO Clause: OHKO moves are banned
|rule|Evasion Items Clause: Evasion items are banned
|rule|Evasion Moves Clause: Evasion moves are banned
|rule|Evasion Abilities Clause: Evasion abilities are banned
|rule|Sleep Moves Clause: Sleep-inducing moves are banned
|clearpoke
|poke|p1|Masquerain, F|
|poke|p1|Ceruledge, F|
|poke|p1|Garganacl, M|
|poke|p1|Mamoswine, M|
|poke|p1|Glimmora, F|
|poke|p1|Raging Bolt|
|poke|p2|Slaking, M|
|poke|p2|Medicham, F|
|poke|p2|Tinkaton, F|
|poke|p2|Zapdos|
|poke|p2|Exeggutor-Alola, F|
|poke|p2|Muk-Alola, M|
|teampreview
|
|t:|1757934111
|teamsize|p1|6
|teamsize|p2|6
|start
|switch|p1a: 虫飞大酱雨翅蛾|Masquerain, F, shiny|100/100
|switch|p2a: MC|Tinkaton, F, shiny|100/100
|-ability|p2a: MC|Mold Breaker
|-ability|p1a: 虫飞大酱雨翅蛾|Intimidate|boost
|-unboost|p2a: MC|atk|1
|turn|1
|
|t:|1757934118
|move|p2a: MC|Encore||[still]
|-fail|p2a: MC
|move|p1a: 虫飞大酱雨翅蛾|Sticky Web|p2a: MC
|-sidestart|p2: SomethingAnt|move: Sticky Web
|
|upkeep
|turn|2
|
|t:|1757934144
|switch|p1a: 咸湿大汉堡|Garganacl, M, shiny|100/100
|move|p2a: MC|Stealth Rock|p1a: 咸湿大汉堡
|-sidestart|p1: ashpig|move: Stealth Rock
|
|upkeep
|turn|3
|
|t:|1757934158
|move|p2a: MC|Knock Off|p1a: 咸湿大汉堡
|-damage|p1a: 咸湿大汉堡|93/100
|-enditem|p1a: 咸湿大汉堡|Leftovers|[from] move: Knock Off|[of] p2a: MC
|move|p1a: 咸湿大汉堡|Salt Cure|p2a: MC
|-resisted|p2a: MC
|-damage|p2a: MC|94/100
|-start|p2a: MC|Salt Cure
|
|-heal|p2a: MC|99/100|[from] item: Leftovers
|-damage|p2a: MC|75/100|[from] Salt Cure
|upkeep
|turn|4
|
|t:|1757934164
|move|p2a: MC|Gigaton Hammer|p1a: 咸湿大汉堡
|-supereffective|p1a: 咸湿大汉堡
|-damage|p1a: 咸湿大汉堡|60/100
|move|p1a: 咸湿大汉堡|Stealth Rock|p2a: MC
|-sidestart|p2: SomethingAnt|move: Stealth Rock
|
|-heal|p2a: MC|82/100|[from] item: Leftovers
|-damage|p2a: MC|57/100|[from] Salt Cure
|upkeep
|turn|5
|
|t:|1757934179
|switch|p2a: FacePlant|Exeggutor-Alola, F|100/100
|-activate|p2a: FacePlant|move: Sticky Web
|-unboost|p2a: FacePlant|spe|1
|-damage|p2a: FacePlant|88/100|[from] Stealth Rock
|-enditem|p2a: FacePlant|Eject Pack
|
|t:|1757934190
|switch|p2a: MC|Tinkaton, F, shiny|57/100
|-activate|p2a: MC|move: Sticky Web
|-unboost|p2a: MC|spe|1
|-damage|p2a: MC|50/100|[from] Stealth Rock
|-ability|p2a: MC|Mold Breaker
|move|p1a: 咸湿大汉堡|Curse|p1a: 咸湿大汉堡
|-unboost|p1a: 咸湿大汉堡|spe|1
|-boost|p1a: 咸湿大汉堡|atk|1
|-boost|p1a: 咸湿大汉堡|def|1
|
|-heal|p2a: MC|57/100|[from] item: Leftovers
|upkeep
|turn|6
|
|t:|1757934202
|move|p2a: MC|Encore|p1a: 咸湿大汉堡
|-start|p1a: 咸湿大汉堡|Encore
|move|p1a: 咸湿大汉堡|Curse|p1a: 咸湿大汉堡
|-unboost|p1a: 咸湿大汉堡|spe|1
|-boost|p1a: 咸湿大汉堡|atk|1
|-boost|p1a: 咸湿大汉堡|def|1
|
|-heal|p2a: MC|63/100|[from] item: Leftovers
|upkeep
|turn|7
|
|t:|1757934225
|switch|p2a: Shlup|Muk-Alola, M|100/100
|-activate|p2a: Shlup|move: Sticky Web
|-unboost|p2a: Shlup|spe|1
|-damage|p2a: Shlup|88/100|[from] Stealth Rock
|switch|p1a: 真的很暴力|Glimmora, F, shiny|100/100
|-damage|p1a: 真的很暴力|88/100|[from] Stealth Rock
|
|-heal|p2a: Shlup|94/100|[from] item: Leftovers
|upkeep
|turn|8
|l|☆ashpig
|player|p1|
|inactive|Battle timer is ON: inactive players will automatically lose when time's up. (requested by SomethingAnt)
|inactive|ashpig has 30 seconds to reconnect!
|j|☆ashpig
|inactive|ashpig reconnected and has 115 seconds left.
|player|p1|ashpig|scientist-gen4|
|
|t:|1757934303
|move|p1a: 真的很暴力|Mortal Spin|p2a: Shlup
|-resisted|p2a: Shlup
|-damage|p2a: Shlup|92/100
|-sideend|p1: ashpig|Stealth Rock|[from] move: Mortal Spin|[of] p1a: 真的很暴力
|move|p2a: Shlup|Curse|p2a: Shlup
|-unboost|p2a: Shlup|spe|1
|-boost|p2a: Shlup|atk|1
|-boost|p2a: Shlup|def|1
|
|-heal|p2a: Shlup|98/100|[from] item: Leftovers
|upkeep
|turn|9
|
|t:|1757934317
|move|p1a: 真的很暴力|Earth Power|p2a: Shlup
|-supereffective|p2a: Shlup
|-damage|p2a: Shlup|45/100
|move|p2a: Shlup|Curse|p2a: Shlup
|-unboost|p2a: Shlup|spe|1
|-boost|p2a: Shlup|atk|1
|-boost|p2a: Shlup|def|1
|
|-heal|p2a: Shlup|51/100|[from] item: Leftovers
|upkeep
|turn|10
|
|t:|1757934331
|-terastallize|p2a: Shlup|Flying
|move|p1a: 真的很暴力|Earth Power|p2a: Shlup
|-immune|p2a: Shlup
|move|p2a: Shlup|Curse|p2a: Shlup
|-unboost|p2a: Shlup|spe|1
|-boost|p2a: Shlup|atk|1
|-boost|p2a: Shlup|def|1
|
|-heal|p2a: Shlup|57/100|[from] item: Leftovers
|upkeep
|turn|11
|
|t:|1757934341
|move|p2a: Shlup|Shadow Sneak|p1a: 真的很暴力
|-damage|p1a: 真的很暴力|48/100
|-activate|p1a: 真的很暴力|ability: Toxic Debris
|-sidestart|p2: SomethingAnt|move: Toxic Spikes
|move|p1a: 真的很暴力|Dazzling Gleam|p2a: Shlup
|-damage|p2a: Shlup|36/100
|
|-heal|p2a: Shlup|42/100|[from] item: Leftovers
|upkeep
|turn|12
|
|t:|1757934353
|move|p1a: 真的很暴力|Mortal Spin|p2a: Shlup
|-damage|p2a: Shlup|40/100
|-status|p2a: Shlup|psn
|move|p2a: Shlup|Knock Off|p1a: 真的很暴力
|-damage|p1a: 真的很暴力|0 fnt
|-activate|p1a: 真的很暴力|ability: Toxic Debris
|-sidestart|p2: SomethingAnt|move: Toxic Spikes
|-enditem|p1a: 真的很暴力|Focus Sash|[from] move: Knock Off|[of] p2a: Shlup
|faint|p1a: 真的很暴力
|
|-heal|p2a: Shlup|46/100 psn|[from] item: Leftovers
|-damage|p2a: Shlup|33/100 psn|[from] psn
|upkeep
|
|t:|1757934365
|switch|p1a: 我亲自上场|Mamoswine, M|100/100
|turn|13
|
|t:|1757934371
|move|p1a: 我亲自上场|Ice Shard|p2a: Shlup
|-supereffective|p2a: Shlup
|-damage|p2a: Shlup|15/100 psn
|move|p2a: Shlup|Shadow Sneak|p1a: 我亲自上场
|-damage|p1a: 我亲自上场|60/100
|-status|p1a: 我亲自上场|psn|[from] ability: Poison Touch|[of] p2a: Shlup
|
|-heal|p2a: Shlup|22/100 psn|[from] item: Leftovers
|-damage|p1a: 我亲自上场|48/100 psn|[from] psn
|-damage|p2a: Shlup|9/100 psn|[from] psn
|upkeep
|turn|14
|
|t:|1757934379
|move|p1a: 我亲自上场|Ice Shard|p2a: Shlup
|-supereffective|p2a: Shlup
|-damage|p2a: Shlup|0 fnt
|faint|p2a: Shlup
|
|-damage|p1a: 我亲自上场|35/100 psn|[from] psn
|upkeep
|
|t:|1757934391
|switch|p2a: FacePlant|Exeggutor-Alola, F|88/100
|-activate|p2a: FacePlant|move: Sticky Web
|-unboost|p2a: FacePlant|spe|1
|-damage|p2a: FacePlant|76/100|[from] Stealth Rock
|-status|p2a: FacePlant|tox
|-item|p1a: 我亲自上场|Loaded Dice|[from] ability: Frisk|[of] p2a: FacePlant
|turn|15
|
|t:|1757934406
|switch|p2a: MC|Tinkaton, F, shiny|63/100
|-activate|p2a: MC|move: Sticky Web
|-unboost|p2a: MC|spe|1
|-damage|p2a: MC|57/100|[from] Stealth Rock
|-ability|p2a: MC|Mold Breaker
|move|p1a: 我亲自上场|Icicle Spear|p2a: MC
|-resisted|p2a: MC
|-damage|p2a: MC|50/100
|-resisted|p2a: MC
|-damage|p2a: MC|44/100
|-resisted|p2a: MC
|-damage|p2a: MC|38/100
|-resisted|p2a: MC
|-damage|p2a: MC|32/100
|-resisted|p2a: MC
|-damage|p2a: MC|26/100
|-hitcount|p2a: MC|5
|
|-heal|p2a: MC|33/100|[from] item: Leftovers
|-damage|p1a: 我亲自上场|23/100 psn|[from] psn
|upkeep
|turn|16
|
|t:|1757934420
|move|p1a: 我亲自上场|Icicle Spear|p2a: MC
|-resisted|p2a: MC
|-damage|p2a: MC|26/100
|-resisted|p2a: MC
|-damage|p2a: MC|21/100
|-resisted|p2a: MC
|-damage|p2a: MC|15/100
|-resisted|p2a: MC
|-damage|p2a: MC|10/100
|-resisted|p2a: MC
|-damage|p2a: MC|4/100
|-hitcount|p2a: MC|5
|move|p2a: MC|Knock Off|p1a: 我亲自上场
|-damage|p1a: 我亲自上场|1/100 psn
|-enditem|p1a: 我亲自上场|Loaded Dice|[from] move: Knock Off|[of] p2a: MC
|
|-heal|p2a: MC|10/100|[from] item: Leftovers
|-damage|p1a: 我亲自上场|0 fnt|[from] psn
|faint|p1a: 我亲自上场
|upkeep
|
|t:|1757934427
|switch|p1a: 未必不是鬼剑|Ceruledge, F, shiny|100/100
|turn|17
|
|t:|1757934438
|move|p1a: 未必不是鬼剑|Bitter Blade|p2a: MC
|-supereffective|p2a: MC
|-damage|p2a: MC|0 fnt
|faint|p2a: MC
|
|upkeep
|inactive|SomethingAnt has 120 seconds left.
|
|t:|1757934463
|switch|p2a: N!ppleKnee|Medicham, F, shiny|100/100
|-activate|p2a: N!ppleKnee|move: Sticky Web
|-unboost|p2a: N!ppleKnee|spe|1
|-damage|p2a: N!ppleKnee|94/100|[from] Stealth Rock
|-status|p2a: N!ppleKnee|tox
|turn|18
|inactive|SomethingAnt has 120 seconds left.
|
|t:|1757934482
|switch|p2a: Bread|Slaking, M|100/100
|-activate|p2a: Bread|move: Sticky Web
|-unboost|p2a: Bread|spe|1
|-damage|p2a: Bread|88/100|[from] Stealth Rock
|-status|p2a: Bread|tox
|move|p1a: 未必不是鬼剑|Swords Dance|p1a: 未必不是鬼剑
|-boost|p1a: 未必不是鬼剑|atk|2
|
|-damage|p2a: Bread|82/100 tox|[from] psn
|upkeep
|turn|19
|inactive|SomethingAnt has 120 seconds left.
|
|t:|1757934495
|move|p1a: 未必不是鬼剑|Swords Dance|p1a: 未必不是鬼剑
|-boost|p1a: 未必不是鬼剑|atk|2
|move|p2a: Bread|Knock Off|p1a: 未必不是鬼剑
|-supereffective|p1a: 未必不是鬼剑
|-enditem|p1a: 未必不是鬼剑|Focus Sash
|-damage|p1a: 未必不是鬼剑|1/100
|-ability|p1a: 未必不是鬼剑|Weak Armor|boost
|-unboost|p1a: 未必不是鬼剑|def|1
|-boost|p1a: 未必不是鬼剑|spe|2
|
|-damage|p2a: Bread|70/100 tox|[from] psn
|upkeep
|turn|20
|inactive|SomethingAnt has 120 seconds left.
|
|t:|1757934510
|move|p1a: 未必不是鬼剑|Bitter Blade|p2a: Bread
|-damage|p2a: Bread|0 fnt
|-heal|p1a: 未必不是鬼剑|53/100|[from] drain|[of] p2a: Bread
|faint|p2a: Bread
|
|upkeep
|
|t:|1757934521
|switch|p2a: N!ppleKnee|Medicham, F, shiny|94/100 tox
|-activate|p2a: N!ppleKnee|move: Sticky Web
|-unboost|p2a: N!ppleKnee|spe|1
|-damage|p2a: N!ppleKnee|88/100 tox|[from] Stealth Rock
|turn|21
|
|t:|1757934531
|move|p1a: 未必不是鬼剑|Bitter Blade|p2a: N!ppleKnee
|-damage|p2a: N!ppleKnee|0 fnt
|-heal|p1a: 未必不是鬼剑|93/100|[from] drain|[of] p2a: N!ppleKnee
|faint|p2a: N!ppleKnee
|
|upkeep
|
|t:|1757934535
|switch|p2a: AA-j|Zapdos|100/100
|turn|22
|
|t:|1757934539
|move|p1a: 未必不是鬼剑|Bitter Blade|p2a: AA-j
|-damage|p2a: AA-j|9/100
|-heal|p1a: 未必不是鬼剑|100/100|[from] drain|[of] p2a: AA-j
|move|p2a: AA-j|Volt Switch|p1a: 未必不是鬼剑
|-damage|p1a: 未必不是鬼剑|69/100
|
|t:|1757934545
|switch|p2a: FacePlant|Exeggutor-Alola, F|76/100 tox|[from] Volt Switch
|-activate|p2a: FacePlant|move: Sticky Web
|-unboost|p2a: FacePlant|spe|1
|-damage|p2a: FacePlant|63/100 tox|[from] Stealth Rock
|
|-damage|p2a: FacePlant|57/100 tox|[from] psn
|upkeep
|turn|23
|
|t:|1757934548
|move|p1a: 未必不是鬼剑|Bitter Blade|p2a: FacePlant
|-damage|p2a: FacePlant|0 fnt
|-heal|p1a: 未必不是鬼剑|100/100|[from] drain|[of] p2a: FacePlant
|faint|p2a: FacePlant
|
|upkeep
|-message|SomethingAnt forfeited.
|
|win|ashpig
|raw|ashpig's rating: 1351 &rarr; <strong>1368</strong><br />(+17 for winning)
|raw|SomethingAnt's rating: 1298 &rarr; <strong>1277</strong><br />(-21 for losing)
|l|☆SomethingAnt
|player|p2|
|l|☆ashpig
|player|p1|
