|j|☆sakuya 2hu
|j|☆delaynomorehiih666
|t:|1757860035
|gametype|singles
|player|p1|sakuya 2hu|sailor-gen1|1034
|player|p2|delaynomorehiih666|gentleman-gen4|1086
|gen|9
|tier|[Gen 9] OU
|rated|
|rule|HP Percentage Mod: HP is shown in percentages
|rule|Endless Battle Clause: Forcing endless battles is banned
|rule|Species Clause: Limit one of each Pokémon
|rule|OHKO Clause: OHKO moves are banned
|rule|Evasion Items Clause: Evasion items are banned
|rule|Evasion Moves Clause: Evasion moves are banned
|rule|Evasion Abilities Clause: Evasion abilities are banned
|rule|Sleep Moves Clause: Sleep-inducing moves are banned
|clearpoke
|poke|p1|Latios, M|
|poke|p1|Electrode|
|poke|p1|Tyranitar, M|
|poke|p1|Glimmet, M|
|poke|p1|Drilbur, M|
|poke|p1|Blastoise, F|
|poke|p2|Snorlax, M|
|poke|p2|Talonflame, M|
|poke|p2|Ninetales-Alola, F|
|poke|p2|Spiritomb, M|
|poke|p2|Gastrodon, F|
|poke|p2|Scyther, M|
|teampreview
|c|☆sakuya 2hu|yo fire team
|
|t:|1757860062
|teamsize|p1|6
|teamsize|p2|6
|start
|switch|p1a: coochie|Glimmet, M|100/100
|switch|p2a: Ninetales|Ninetales-Alola, F|100/100
|-weather|Snowscape|[from] ability: Snow Warning|[of] p2a: Ninetales
|turn|1
|
|t:|1757860110
|move|p2a: Ninetales|Aurora Veil|p2a: Ninetales
|-sidestart|p2: delaynomorehiih666|move: Aurora Veil
|move|p1a: coochie|Stealth Rock|p2a: Ninetales
|-sidestart|p2: delaynomorehiih666|move: Stealth Rock
|
|-weather|Snowscape|[upkeep]
|upkeep
|turn|2
|
|t:|1757860115
|move|p2a: Ninetales|Encore|p1a: coochie
|-start|p1a: coochie|Encore
|move|p1a: coochie|Stealth Rock||[still]
|-fail|p1a: coochie
|
|-weather|Snowscape|[upkeep]
|upkeep
|turn|3
|
|t:|1757860126
|switch|p2a: Talonflame|Talonflame, M|100/100
|switch|p1a: they wont know|Tyranitar, M|100/100
|-weather|Sandstorm|[from] ability: Sand Stream|[of] p1a: they wont know
|
|-weather|Sandstorm|[upkeep]
|-damage|p2a: Talonflame|94/100|[from] Sandstorm
|upkeep
|turn|4
|
|t:|1757860137
|move|p2a: Talonflame|Defog|p1a: they wont know
|-unboost|p1a: they wont know|evasion|1
|-sideend|p2: delaynomorehiih666|Stealth Rock|[from] move: Defog|[of] p2a: Talonflame
|move|p1a: they wont know|Power Gem|p2a: Talonflame
|-supereffective|p2a: Talonflame
|-damage|p2a: Talonflame|9/100
|
|-weather|Sandstorm|[upkeep]
|-damage|p2a: Talonflame|3/100|[from] Sandstorm
|upkeep
|turn|5
|
|t:|1757860147
|switch|p1a: mayano top gun|Latios, M|100/100
|move|p2a: Talonflame|Will-O-Wisp|p1a: mayano top gun
|-status|p1a: mayano top gun|brn
|
|-weather|Sandstorm|[upkeep]
|-damage|p1a: mayano top gun|95/100 brn|[from] Sandstorm
|-damage|p2a: Talonflame|0 fnt|[from] Sandstorm
|faint|p2a: Talonflame
|-damage|p1a: mayano top gun|89/100 brn|[from] brn
|upkeep
|
|t:|1757860164
|switch|p2a: Scyther|Scyther, M|100/100
|turn|6
|
|t:|1757860167
|move|p1a: mayano top gun|Flip Turn|p2a: Scyther
|-damage|p2a: Scyther|98/100
|
|t:|1757860173
|switch|p1a: coochie|Glimmet, M|100/100|[from] Flip Turn
|move|p2a: Scyther|Swords Dance|p2a: Scyther
|-boost|p2a: Scyther|atk|2
|
|-weather|Sandstorm|[upkeep]
|-damage|p2a: Scyther|92/100|[from] Sandstorm
|upkeep
|turn|7
|
|t:|1757860188
|-terastallize|p2a: Scyther|Rock
|move|p2a: Scyther|Swords Dance|p2a: Scyther
|-boost|p2a: Scyther|atk|2
|move|p1a: coochie|Toxic|p2a: Scyther
|-status|p2a: Scyther|tox
|
|-weather|none
|-damage|p2a: Scyther|86/100 tox|[from] psn
|upkeep
|turn|8
|
|t:|1757860199
|move|p2a: Scyther|Trailblaze|p1a: coochie
|-enditem|p1a: coochie|Focus Sash
|-damage|p1a: coochie|1/100
|-boost|p2a: Scyther|spe|1
|-activate|p1a: coochie|ability: Toxic Debris
|-sidestart|p2: delaynomorehiih666|move: Toxic Spikes
|move|p1a: coochie|Stealth Rock|p2a: Scyther
|-sidestart|p2: delaynomorehiih666|move: Stealth Rock
|
|-damage|p2a: Scyther|73/100 tox|[from] psn
|-sideend|p2: delaynomorehiih666|move: Aurora Veil
|upkeep
|turn|9
|
|t:|1757860213
|move|p2a: Scyther|Trailblaze|p1a: coochie
|-damage|p1a: coochie|0 fnt
|-boost|p2a: Scyther|spe|1
|-activate|p1a: coochie|ability: Toxic Debris
|-sidestart|p2: delaynomorehiih666|move: Toxic Spikes
|faint|p1a: coochie
|
|-damage|p2a: Scyther|55/100 tox|[from] psn
|upkeep
|
|t:|1757860226
|switch|p1a: mayano top gun|Latios, M|89/100 brn
|turn|10
|
|t:|1757860232
|move|p2a: Scyther|Tera Blast|p1a: mayano top gun|[anim] Tera Blast Rock
|-damage|p1a: mayano top gun|0 fnt
|faint|p1a: mayano top gun
|
|-damage|p2a: Scyther|31/100 tox|[from] psn
|upkeep
|
|t:|1757860238
|switch|p1a: they wont know|Tyranitar, M|100/100
|-weather|Sandstorm|[from] ability: Sand Stream|[of] p1a: they wont know
|turn|11
|
|t:|1757860243
|move|p2a: Scyther|Trailblaze|p1a: they wont know
|-supereffective|p1a: they wont know
|-damage|p1a: they wont know|0 fnt
|-boost|p2a: Scyther|spe|1
|faint|p1a: they wont know
|
|-weather|Sandstorm|[upkeep]
|-damage|p2a: Scyther|1/100 tox|[from] psn
|upkeep
|
|t:|1757860253
|switch|p1a: left testicle|Electrode|100/100
|turn|12
|
|t:|1757860257
|move|p2a: Scyther|Tera Blast|p1a: left testicle|[anim] Tera Blast Rock
|-damage|p1a: left testicle|0 fnt
|faint|p1a: left testicle
|
|-weather|Sandstorm|[upkeep]
|-damage|p2a: Scyther|0 fnt|[from] psn
|faint|p2a: Scyther
|upkeep
|
|t:|1757860264
|switch|p1a: bowserfart.gif|Blastoise, F|100/100
|switch|p2a: Ninetales|Ninetales-Alola, F|100/100
|-status|p2a: Ninetales|tox
|-damage|p2a: Ninetales|76/100 tox|[from] Stealth Rock
|-weather|Snowscape|[from] ability: Snow Warning|[of] p2a: Ninetales
|turn|13
|
|t:|1757860275
|move|p2a: Ninetales|Encore||[still]
|-fail|p2a: Ninetales
|move|p1a: bowserfart.gif|Water Spout|p2a: Ninetales
|-crit|p2a: Ninetales
|-damage|p2a: Ninetales|0 fnt
|faint|p2a: Ninetales
|
|-weather|Snowscape|[upkeep]
|upkeep
|
|t:|1757860283
|switch|p2a: Snorlax|Snorlax, M|100/100
|-status|p2a: Snorlax|tox
|-damage|p2a: Snorlax|88/100 tox|[from] Stealth Rock
|turn|14
|
|t:|1757860288
|switch|p2a: Gastrodon|Gastrodon, F|100/100
|-status|p2a: Gastrodon|tox
|-damage|p2a: Gastrodon|94/100 tox|[from] Stealth Rock
|move|p1a: bowserfart.gif|Shell Smash|p1a: bowserfart.gif
|-unboost|p1a: bowserfart.gif|def|1
|-unboost|p1a: bowserfart.gif|spd|1
|-boost|p1a: bowserfart.gif|atk|2
|-boost|p1a: bowserfart.gif|spa|2
|-boost|p1a: bowserfart.gif|spe|2
|
|-weather|Snowscape|[upkeep]
|-heal|p2a: Gastrodon|100/100 tox|[from] item: Leftovers
|-damage|p2a: Gastrodon|94/100 tox|[from] psn
|upkeep
|turn|15
|
|t:|1757860305
|move|p1a: bowserfart.gif|Shell Smash|p1a: bowserfart.gif
|-unboost|p1a: bowserfart.gif|def|1
|-unboost|p1a: bowserfart.gif|spd|1
|-boost|p1a: bowserfart.gif|atk|2
|-boost|p1a: bowserfart.gif|spa|2
|-boost|p1a: bowserfart.gif|spe|2
|move|p2a: Gastrodon|Mud-Slap|p1a: bowserfart.gif
|-damage|p1a: bowserfart.gif|86/100
|-unboost|p1a: bowserfart.gif|accuracy|1
|
|-weather|Snowscape|[upkeep]
|-heal|p2a: Gastrodon|100/100 tox|[from] item: Leftovers
|-damage|p2a: Gastrodon|88/100 tox|[from] psn
|upkeep
|turn|16
|c|☆sakuya 2hu|based
|
|t:|1757860318
|-terastallize|p1a: bowserfart.gif|Ground
|move|p1a: bowserfart.gif|Tera Blast|p2a: Gastrodon|[anim] Tera Blast Ground
|-damage|p2a: Gastrodon|2/100 tox
|move|p2a: Gastrodon|Mud-Slap|p1a: bowserfart.gif
|-damage|p1a: bowserfart.gif|72/100
|-unboost|p1a: bowserfart.gif|accuracy|1
|
|-weather|Snowscape|[upkeep]
|-heal|p2a: Gastrodon|8/100 tox|[from] item: Leftovers
|-damage|p2a: Gastrodon|0 fnt|[from] psn
|faint|p2a: Gastrodon
|upkeep
|
|t:|1757860329
|switch|p2a: Snorlax|Snorlax, M|88/100 tox
|-damage|p2a: Snorlax|76/100 tox|[from] Stealth Rock
|turn|17
|
|t:|1757860349
|move|p1a: bowserfart.gif|Water Spout|p2a: Snorlax
|-damage|p2a: Snorlax|0 fnt
|faint|p2a: Snorlax
|
|-weather|none
|upkeep
|
|t:|1757860354
|switch|p2a: Spiritomb|Spiritomb, M|100/100
|-status|p2a: Spiritomb|tox
|-damage|p2a: Spiritomb|88/100 tox|[from] Stealth Rock
|turn|18
|
|t:|1757860359
|move|p2a: Spiritomb|Sucker Punch|p1a: bowserfart.gif
|-damage|p1a: bowserfart.gif|0 fnt
|faint|p1a: bowserfart.gif
|
|-heal|p2a: Spiritomb|94/100 tox|[from] item: Leftovers
|-damage|p2a: Spiritomb|88/100 tox|[from] psn
|upkeep
|
|t:|1757860365
|switch|p1a: The king|Drilbur, M, shiny|100/100
|turn|19
|
|t:|1757860371
|move|p1a: The king|Earthquake|p2a: Spiritomb
|-damage|p2a: Spiritomb|20/100 tox
|move|p2a: Spiritomb|Will-O-Wisp|p1a: The king|[miss]
|-miss|p2a: Spiritomb|p1a: The king
|
|-heal|p2a: Spiritomb|26/100 tox|[from] item: Leftovers
|-damage|p2a: Spiritomb|13/100 tox|[from] psn
|upkeep
|turn|20
|
|t:|1757860379
|move|p2a: Spiritomb|Sucker Punch|p1a: The king
|-damage|p1a: The king|15/100
|move|p1a: The king|Earthquake|p2a: Spiritomb
|-damage|p2a: Spiritomb|0 fnt
|faint|p2a: Spiritomb
|
|win|sakuya 2hu
|raw|sakuya 2hu's rating: 1034 &rarr; <strong>1074</strong><br />(+40 for winning)
|raw|delaynomorehiih666's rating: 1086 &rarr; <strong>1060</strong><br />(-26 for losing)
|l|☆delaynomorehiih666
|player|p2|
