|j|☆caijin
|j|☆jogyog29
|t:|1757818173
|gametype|singles
|player|p1|caijin|bianca|1097
|player|p2|jogyog29|ninjaboy|1051
|gen|9
|tier|[Gen 9] OU
|rated|
|rule|HP Percentage Mod: HP is shown in percentages
|rule|Endless Battle Clause: Forcing endless battles is banned
|rule|Species Clause: Limit one of each Pokémon
|rule|OHKO Clause: OHKO moves are banned
|rule|Evasion Items Clause: Evasion items are banned
|rule|Evasion Moves Clause: Evasion moves are banned
|rule|Evasion Abilities Clause: Evasion abilities are banned
|rule|Sleep Moves Clause: Sleep-inducing moves are banned
|clearpoke
|poke|p1|Serperior, F|
|poke|p1|Meowstic, M|
|poke|p1|Chandelure, M|
|poke|p1|Pawmot, F|
|poke|p1|Noivern, M|
|poke|p1|Florges-Blue, F|
|poke|p2|Quagsire, F|
|poke|p2|Vileplume, M|
|poke|p2|Bellibolt, F|
|poke|p2|Frosmoth, F|
|poke|p2|Toucannon, M|
|poke|p2|Porygon-Z|
|teampreview
|inactive|Battle timer is ON: inactive players will automatically lose when time's up. (requested by caijin)
|
|t:|1757818181
|teamsize|p1|6
|teamsize|p2|6
|start
|switch|p1a: Mirror|Meowstic, M|100/100
|switch|p2a: Quagmire|Quagsire, F|100/100
|turn|1
|
|t:|1757818189
|move|p1a: Mirror|Reflect|p1a: Mirror
|-sidestart|p1: caijin|Reflect
|move|p2a: Quagmire|Toxic|p1a: Mirror
|-status|p1a: Mirror|tox
|
|-damage|p1a: Mirror|94/100 tox|[from] psn
|upkeep
|turn|2
|
|t:|1757818196
|switch|p1a: Lisianthus|Florges-Blue, F|100/100
|move|p2a: Quagmire|Waterfall|p1a: Lisianthus
|-damage|p1a: Lisianthus|81/100
|
|upkeep
|turn|3
|
|t:|1757818203
|move|p1a: Lisianthus|Chilling Water|p2a: Quagmire
|-damage|p2a: Quagmire|83/100
|-unboost|p2a: Quagmire|atk|1
|move|p2a: Quagmire|Waterfall|p1a: Lisianthus
|-damage|p1a: Lisianthus|68/100
|
|-heal|p2a: Quagmire|89/100|[from] item: Leftovers
|upkeep
|turn|4
|
|t:|1757818214
|move|p1a: Lisianthus|Calm Mind|p1a: Lisianthus
|-boost|p1a: Lisianthus|spa|1
|-boost|p1a: Lisianthus|spd|1
|move|p2a: Quagmire|Waterfall|p1a: Lisianthus
|-damage|p1a: Lisianthus|55/100
|
|-heal|p2a: Quagmire|95/100|[from] item: Leftovers
|upkeep
|turn|5
|
|t:|1757818222
|switch|p2a: Toucannon|Toucannon, M|100/100
|move|p1a: Lisianthus|Calm Mind|p1a: Lisianthus
|-boost|p1a: Lisianthus|spa|1
|-boost|p1a: Lisianthus|spd|1
|
|upkeep
|turn|6
|
|t:|1757818230
|move|p1a: Lisianthus|Giga Drain|p2a: Toucannon
|-resisted|p2a: Toucannon
|-damage|p2a: Toucannon|80/100
|-heal|p1a: Lisianthus|65/100|[from] drain|[of] p2a: Toucannon
|move|p2a: Toucannon|Knock Off|p1a: Lisianthus
|-resisted|p1a: Lisianthus
|-damage|p1a: Lisianthus|55/100
|-enditem|p1a: Lisianthus|Lum Berry|[from] move: Knock Off|[of] p2a: Toucannon
|
|upkeep
|turn|7
|
|t:|1757818240
|-singleturn|p2a: Toucannon|move: Beak Blast
|move|p1a: Lisianthus|Chilling Water|p2a: Toucannon
|-damage|p2a: Toucannon|55/100
|-unboost|p2a: Toucannon|atk|1
|move|p2a: Toucannon|Beak Blast|p1a: Lisianthus
|-damage|p1a: Lisianthus|34/100
|
|upkeep
|turn|8
|
|t:|1757818250
|move|p1a: Lisianthus|Chilling Water|p2a: Toucannon
|-damage|p2a: Toucannon|25/100
|-unboost|p2a: Toucannon|atk|1
|move|p2a: Toucannon|Brick Break|p1a: Lisianthus
|-sideend|p1: caijin|Reflect
|-resisted|p1a: Lisianthus
|-crit|p1a: Lisianthus
|-damage|p1a: Lisianthus|8/100
|
|upkeep
|turn|9
|
|t:|1757818258
|move|p1a: Lisianthus|Giga Drain|p2a: Toucannon
|-resisted|p2a: Toucannon
|-damage|p2a: Toucannon|3/100
|-heal|p1a: Lisianthus|19/100|[from] drain|[of] p2a: Toucannon
|move|p2a: Toucannon|Brick Break|p1a: Lisianthus
|-resisted|p1a: Lisianthus
|-damage|p1a: Lisianthus|12/100
|
|upkeep
|turn|10
|
|t:|1757818267
|switch|p2a: Porygon-Z|Porygon-Z|100/100
|move|p1a: Lisianthus|Giga Drain|p2a: Porygon-Z
|-damage|p2a: Porygon-Z|21/100
|-heal|p1a: Lisianthus|46/100|[from] drain|[of] p2a: Porygon-Z
|
|upkeep
|turn|11
|
|t:|1757818275
|move|p2a: Porygon-Z|Psychic|p1a: Lisianthus
|-damage|p1a: Lisianthus|31/100
|move|p1a: Lisianthus|Giga Drain|p2a: Porygon-Z
|-damage|p2a: Porygon-Z|0 fnt
|-heal|p1a: Lisianthus|40/100|[from] drain|[of] p2a: Porygon-Z
|faint|p2a: Porygon-Z
|
|upkeep
|-message|jogyog29 forfeited.
|
|win|caijin
|raw|caijin's rating: 1097 &rarr; <strong>1119</strong><br />(+22 for winning)
|raw|jogyog29's rating: 1051 &rarr; <strong>1036</strong><br />(-15 for losing)
|l|☆jogyog29
|player|p2|
|l|☆caijin
|player|p1|
