|j|☆krabby.pabby
|j|☆mach95a113
|t:|1757822393
|gametype|singles
|player|p1|krabby.pabby|102|1076
|player|p2|mach95a113|gardenia|1007
|gen|9
|tier|[Gen 9] OU
|rated|
|rule|HP Percentage Mod: HP is shown in percentages
|rule|Endless Battle Clause: Forcing endless battles is banned
|rule|Species Clause: Limit one of each Pokémon
|rule|OHKO Clause: OHKO moves are banned
|rule|Evasion Items Clause: Evasion items are banned
|rule|Evasion Moves Clause: Evasion moves are banned
|rule|Evasion Abilities Clause: Evasion abilities are banned
|rule|Sleep Moves Clause: Sleep-inducing moves are banned
|clearpoke
|poke|p1|Rhyperior, M|
|poke|p1|Gyarados, F|
|poke|p1|Scizor, F|
|poke|p1|Kommo-o, F|
|poke|p1|Kingambit, F|
|poke|p1|Breloom, M|
|poke|p2|Ninetales-Alola, F|
|poke|p2|Slowking-Galar, F|
|poke|p2|Primarina, F|
|poke|p2|Kyurem|
|poke|p2|Cryogonal|
|poke|p2|Dragonite, M|
|teampreview
|c|☆mach95a113|Good luck!
|
|t:|1757822417
|teamsize|p1|6
|teamsize|p2|6
|start
|switch|p1a: Gyarados|Gyarados, F, shiny|100/100
|switch|p2a: Slowking|Slowking-Galar, F|100/100
|-ability|p1a: Gyarados|Intimidate|boost
|-unboost|p2a: Slowking|atk|1
|turn|1
|
|t:|1757822428
|move|p1a: Gyarados|Earthquake|p2a: Slowking
|-supereffective|p2a: Slowking
|-damage|p2a: Slowking|5/100
|-damage|p1a: Gyarados|91/100|[from] item: Life Orb
|-prepare|p2a: Slowking|Chilly Reception|[premajor]
|move|p2a: Slowking|Chilly Reception|p2a: Slowking
|-weather|Snowscape
|
|t:|1757822443
|switch|p2a: Cryogonal|Cryogonal|100/100|[from] Chilly Reception
|
|-weather|Snowscape|[upkeep]
|upkeep
|turn|2
|
|t:|1757822448
|move|p2a: Cryogonal|Blizzard|p1a: Gyarados
|-damage|p1a: Gyarados|59/100
|move|p1a: Gyarados|Earthquake|p2a: Cryogonal
|-immune|p2a: Cryogonal|[from] ability: Levitate
|
|-weather|Snowscape|[upkeep]
|upkeep
|turn|3
|
|t:|1757822463
|move|p2a: Cryogonal|Blizzard|p1a: Gyarados
|-damage|p1a: Gyarados|27/100
|move|p1a: Gyarados|Outrage|p2a: Cryogonal
|-damage|p2a: Cryogonal|43/100
|-damage|p1a: Gyarados|17/100|[from] item: Life Orb
|
|-weather|Snowscape|[upkeep]
|upkeep
|turn|4
|
|t:|1757822475
|move|p2a: Cryogonal|Recover|p2a: Cryogonal
|-heal|p2a: Cryogonal|93/100
|move|p1a: Gyarados|Outrage|p2a: Cryogonal|[from] lockedmove
|-damage|p2a: Cryogonal|40/100
|-damage|p1a: Gyarados|7/100|[from] item: Life Orb
|-start|p1a: Gyarados|confusion|[fatigue]
|
|-weather|Snowscape|[upkeep]
|upkeep
|turn|5
|
|t:|1757822488
|switch|p1a: Kingambit|Kingambit, F|100/100
|move|p2a: Cryogonal|Rapid Spin|p1a: Kingambit
|-resisted|p1a: Kingambit
|-damage|p1a: Kingambit|98/100
|-boost|p2a: Cryogonal|spe|1
|
|-weather|none
|upkeep
|turn|6
|
|t:|1757822496
|move|p2a: Cryogonal|Recover|p2a: Cryogonal
|-heal|p2a: Cryogonal|90/100
|move|p1a: Kingambit|Iron Head|p2a: Cryogonal
|-supereffective|p2a: Cryogonal
|-damage|p2a: Cryogonal|0 fnt
|faint|p2a: Cryogonal
|
|upkeep
|
|t:|1757822511
|switch|p2a: Dragonite|Dragonite, M|100/100
|turn|7
|
|t:|1757822525
|move|p2a: Dragonite|Thunder Wave|p1a: Kingambit|[miss]
|-miss|p2a: Dragonite|p1a: Kingambit
|move|p1a: Kingambit|Iron Head|p2a: Dragonite
|-damage|p2a: Dragonite|80/100
|
|upkeep
|turn|8
|
|t:|1757822532
|switch|p1a: Rhyperior|Rhyperior, M|100/100
|move|p2a: Dragonite|Thunder Wave|p1a: Rhyperior
|-immune|p1a: Rhyperior
|
|upkeep
|turn|9
|
|t:|1757822540
|switch|p2a: Ninetales|Ninetales-Alola, F|100/100
|-weather|Snowscape|[from] ability: Snow Warning|[of] p2a: Ninetales
|move|p1a: Rhyperior|Ice Punch|p2a: Ninetales
|-resisted|p2a: Ninetales
|-damage|p2a: Ninetales|89/100
|
|-weather|Snowscape|[upkeep]
|upkeep
|turn|10
|
|t:|1757822552
|move|p2a: Ninetales|Encore|p1a: Rhyperior
|-start|p1a: Rhyperior|Encore
|move|p1a: Rhyperior|Ice Punch|p2a: Ninetales
|-resisted|p2a: Ninetales
|-damage|p2a: Ninetales|78/100
|
|-weather|Snowscape|[upkeep]
|upkeep
|turn|11
|
|t:|1757822562
|switch|p1a: Kingambit|Kingambit, F|98/100
|move|p2a: Ninetales|Aurora Veil|p2a: Ninetales
|-sidestart|p2: mach95a113|move: Aurora Veil
|
|-weather|Snowscape|[upkeep]
|upkeep
|turn|12
|
|t:|1757822570
|switch|p2a: Primarina|Primarina, F|100/100
|move|p1a: Kingambit|Iron Head|p2a: Primarina
|-damage|p2a: Primarina|64/100
|
|-weather|Snowscape|[upkeep]
|upkeep
|turn|13
|
|t:|1757822582
|move|p1a: Kingambit|Protect|p1a: Kingambit
|-singleturn|p1a: Kingambit|Protect
|move|p2a: Primarina|Moonblast|p1a: Kingambit
|-activate|p1a: Kingambit|move: Protect
|
|-weather|Snowscape|[upkeep]
|upkeep
|turn|14
|
|t:|1757822588
|-terastallize|p2a: Primarina|Water
|move|p2a: Primarina|Psychic Noise|p1a: Kingambit
|-damage|p1a: Kingambit|36/100
|-start|p1a: Kingambit|move: Heal Block
|-enditem|p1a: Kingambit|Mental Herb
|-end|p1a: Kingambit|move: Heal Block
|move|p1a: Kingambit|Iron Head|p2a: Primarina
|-resisted|p2a: Primarina
|-damage|p2a: Primarina|46/100
|
|-weather|Snowscape|[upkeep]
|upkeep
|turn|15
|
|t:|1757822614
|switch|p1a: Scizor|Scizor, F|100/100
|move|p2a: Primarina|Psychic Noise|p1a: Scizor
|-damage|p1a: Scizor|27/100
|-start|p1a: Scizor|move: Heal Block
|
|-weather|Snowscape|[upkeep]
|-sideend|p2: mach95a113|move: Aurora Veil
|upkeep
|turn|16
|
|t:|1757822633
|move|p2a: Primarina|Blizzard|p1a: Scizor
|-resisted|p1a: Scizor
|-damage|p1a: Scizor|0 fnt
|faint|p1a: Scizor
|
|-weather|none
|upkeep
|
|t:|1757822641
|switch|p1a: Breloom|Breloom, M|100/100
|turn|17
|
|t:|1757822649
|switch|p2a: Dragonite|Dragonite, M|80/100
|move|p1a: Breloom|Seed Bomb|p2a: Dragonite
|-resisted|p2a: Dragonite
|-damage|p2a: Dragonite|69/100
|
|-status|p1a: Breloom|tox|[from] item: Toxic Orb
|upkeep
|turn|18
|
|t:|1757822667
|switch|p2a: Ninetales|Ninetales-Alola, F|78/100
|-weather|Snowscape|[from] ability: Snow Warning|[of] p2a: Ninetales
|-terastallize|p1a: Breloom|Electric
|move|p1a: Breloom|Facade|p2a: Ninetales
|-damage|p2a: Ninetales|32/100
|
|-weather|Snowscape|[upkeep]
|upkeep
|turn|19
|
|t:|1757822694
|move|p1a: Breloom|Mach Punch|p2a: Ninetales
|-damage|p2a: Ninetales|11/100
|move|p2a: Ninetales|Aurora Veil|p2a: Ninetales
|-sidestart|p2: mach95a113|move: Aurora Veil
|
|-weather|Snowscape|[upkeep]
|upkeep
|turn|20
|
|t:|1757822702
|move|p2a: Ninetales|Blizzard|p1a: Breloom
|-damage|p1a: Breloom|38/100 tox
|move|p1a: Breloom|Facade|p2a: Ninetales
|-damage|p2a: Ninetales|0 fnt
|faint|p2a: Ninetales
|
|-weather|Snowscape|[upkeep]
|-heal|p1a: Breloom|51/100 tox|[from] ability: Poison Heal
|upkeep
|
|t:|1757822720
|switch|p2a: Kyurem|Kyurem|100/100
|-ability|p2a: Kyurem|Pressure
|turn|21
|
|t:|1757822729
|move|p2a: Kyurem|Blizzard|p1a: Breloom
|-damage|p1a: Breloom|0 fnt
|faint|p1a: Breloom
|
|-weather|Snowscape|[upkeep]
|upkeep
|
|t:|1757822738
|switch|p1a: Rhyperior|Rhyperior, M|100/100
|turn|22
|
|t:|1757822741
|move|p2a: Kyurem|Blizzard|p1a: Rhyperior
|-supereffective|p1a: Rhyperior
|-damage|p1a: Rhyperior|38/100
|move|p1a: Rhyperior|Rock Wrecker|p2a: Kyurem
|-supereffective|p2a: Kyurem
|-damage|p2a: Kyurem|54/100
|-mustrecharge|p1a: Rhyperior
|
|-weather|Snowscape|[upkeep]
|upkeep
|turn|23
|
|t:|1757822753
|move|p2a: Kyurem|Blizzard|p1a: Rhyperior
|-supereffective|p1a: Rhyperior
|-damage|p1a: Rhyperior|0 fnt
|faint|p1a: Rhyperior
|
|-weather|Snowscape|[upkeep]
|-sideend|p2: mach95a113|move: Aurora Veil
|upkeep
|
|t:|1757822764
|switch|p1a: Kingambit|Kingambit, F|36/100
|turn|24
|
|t:|1757822781
|move|p2a: Kyurem|Blizzard|p1a: Kingambit
|-resisted|p1a: Kingambit
|-damage|p1a: Kingambit|1/100
|move|p1a: Kingambit|Iron Head|p2a: Kyurem
|-supereffective|p2a: Kyurem
|-damage|p2a: Kyurem|0 fnt
|faint|p2a: Kyurem
|
|-weather|Snowscape|[upkeep]
|upkeep
|
|t:|1757822789
|switch|p2a: Dragonite|Dragonite, M|69/100
|turn|25
|
|t:|1757822805
|move|p2a: Dragonite|Extreme Speed|p1a: Kingambit
|-resisted|p1a: Kingambit
|-damage|p1a: Kingambit|0 fnt
|faint|p1a: Kingambit
|
|-weather|none
|upkeep
|
|t:|1757822812
|switch|p1a: Kommo-o|Kommo-o, F|100/100
|turn|26
|
|t:|1757822828
|move|p1a: Kommo-o|Clanging Scales|p2a: Dragonite
|-supereffective|p2a: Dragonite
|-damage|p2a: Dragonite|0 fnt
|faint|p2a: Dragonite
|-unboost|p1a: Kommo-o|def|1
|
|upkeep
|
|t:|1757822839
|switch|p2a: Slowking|Slowking-Galar, F|38/100
|turn|27
|
|t:|1757822859
|move|p1a: Kommo-o|Clanging Scales|p2a: Slowking
|-damage|p2a: Slowking|5/100
|-unboost|p1a: Kommo-o|def|1
|-prepare|p2a: Slowking|Chilly Reception|[premajor]
|move|p2a: Slowking|Chilly Reception|p2a: Slowking
|-weather|Snowscape
|
|t:|1757822866
|switch|p2a: Primarina|Primarina, F, tera:Water|46/100|[from] Chilly Reception
|
|-weather|Snowscape|[upkeep]
|upkeep
|turn|28
|
|t:|1757822886
|move|p1a: Kommo-o|Clanging Scales|p2a: Primarina
|-damage|p2a: Primarina|6/100
|-unboost|p1a: Kommo-o|def|1
|move|p2a: Primarina|Blizzard|p1a: Kommo-o
|-supereffective|p1a: Kommo-o
|-damage|p1a: Kommo-o|7/100
|
|-weather|Snowscape|[upkeep]
|upkeep
|turn|29
|
|t:|1757822902
|move|p1a: Kommo-o|Clanging Scales|p2a: Primarina
|-damage|p2a: Primarina|0 fnt
|faint|p2a: Primarina
|-unboost|p1a: Kommo-o|def|1
|
|-weather|Snowscape|[upkeep]
|upkeep
|
|t:|1757822905
|switch|p2a: Slowking|Slowking-Galar, F|38/100
|turn|30
|
|t:|1757822912
|move|p1a: Kommo-o|Clanging Scales|p2a: Slowking
|-damage|p2a: Slowking|4/100
|-unboost|p1a: Kommo-o|def|1
|move|p2a: Slowking|Blizzard|p1a: Kommo-o
|-supereffective|p1a: Kommo-o
|-damage|p1a: Kommo-o|0 fnt
|faint|p1a: Kommo-o
|
|-weather|Snowscape|[upkeep]
|upkeep
|
|t:|1757822921
|switch|p1a: Gyarados|Gyarados, F, shiny|7/100
|-ability|p1a: Gyarados|Intimidate|boost
|-unboost|p2a: Slowking|atk|1
|turn|31
|
|t:|1757822933
|move|p1a: Gyarados|Earthquake|p2a: Slowking
|-supereffective|p2a: Slowking
|-damage|p2a: Slowking|0 fnt
|faint|p2a: Slowking
|-damage|p1a: Gyarados|0 fnt|[from] item: Life Orb
|faint|p1a: Gyarados
|
|win|krabby.pabby
|raw|krabby.pabby's rating: 1076 &rarr; <strong>1099</strong><br />(+23 for winning)
|raw|mach95a113's rating: 1007 &rarr; <strong>1000</strong><br />(-7 for losing)
|c|☆mach95a113|Gg
|c|☆krabby.pabby|gg
|c|☆krabby.pabby|did you use a tera?
|c|☆mach95a113|Yeah
|c|☆mach95a113|(Primarina was Tera Water)
|c|☆krabby.pabby|oh wait yeah I forgot
|c|☆krabby.pabby|that was fun thx!!
|c|☆mach95a113|Np
|l|☆krabby.pabby
|player|p1|
