|j|☆Loxxx777
|j|☆FL27
|t:|1757818044
|gametype|singles
|player|p1|Loxxx777|265|1058
|player|p2|FL27|266|1051
|gen|9
|tier|[Gen 9] OU
|rated|
|rule|HP Percentage Mod: HP is shown in percentages
|rule|Endless Battle Clause: Forcing endless battles is banned
|rule|Species Clause: Limit one of each Pokémon
|rule|OHKO Clause: OHKO moves are banned
|rule|Evasion Items Clause: Evasion items are banned
|rule|Evasion Moves Clause: Evasion moves are banned
|rule|Evasion Abilities Clause: Evasion abilities are banned
|rule|Sleep Moves Clause: Sleep-inducing moves are banned
|clearpoke
|poke|p1|Gengar, M|
|poke|p1|Raichu, F|
|poke|p1|Meganium, F|
|poke|p1|Lokix, F|
|poke|p1|Ninetales-Alola, M|
|poke|p1|Poliwrath, F|
|poke|p2|Muk, M|
|poke|p2|Cloyster, M|
|poke|p2|Gengar, M|
|poke|p2|Hypno, M|
|poke|p2|Electrode|
|poke|p2|Exeggutor, M|
|teampreview
|inactive|Battle timer is ON: inactive players will automatically lose when time's up. (requested by Loxxx777)
|
|t:|1757818067
|teamsize|p1|6
|teamsize|p2|6
|start
|switch|p1a: Ninetales|Ninetales-Alola, M|100/100
|switch|p2a: Muk|Muk, M|100/100
|-weather|Snowscape|[from] ability: Snow Warning|[of] p1a: Ninetales
|-item|p2a: Muk|Air Balloon
|turn|1
|
|t:|1757818080
|move|p1a: Ninetales|Aurora Veil|p1a: Ninetales
|-sidestart|p1: Loxxx777|move: Aurora Veil
|move|p2a: Muk|Toxic Spikes|p1a: Ninetales
|-sidestart|p1: Loxxx777|move: Toxic Spikes
|
|-weather|Snowscape|[upkeep]
|upkeep
|turn|2
|
|t:|1757818088
|move|p1a: Ninetales|Encore|p2a: Muk
|-start|p2a: Muk|Encore
|move|p2a: Muk|Toxic Spikes|p1a: Ninetales
|-sidestart|p1: Loxxx777|move: Toxic Spikes
|
|-weather|Snowscape|[upkeep]
|upkeep
|turn|3
|
|t:|1757818102
|switch|p2a: Cloyster|Cloyster, M|100/100
|move|p1a: Ninetales|Freeze-Dry|p2a: Cloyster
|-damage|p2a: Cloyster|73/100
|
|-weather|Snowscape|[upkeep]
|upkeep
|turn|4
|
|t:|1757818112
|move|p1a: Ninetales|Freeze-Dry|p2a: Cloyster
|-damage|p2a: Cloyster|43/100
|move|p2a: Cloyster|Rock Blast|p1a: Ninetales|[miss]
|-miss|p2a: Cloyster|p1a: Ninetales
|
|-weather|Snowscape|[upkeep]
|upkeep
|turn|5
|
|t:|1757818121
|move|p1a: Ninetales|Freeze-Dry|p2a: Cloyster
|-damage|p2a: Cloyster|15/100
|move|p2a: Cloyster|Rock Blast|p1a: Ninetales
|-supereffective|p1a: Ninetales
|-damage|p1a: Ninetales|94/100
|-supereffective|p1a: Ninetales
|-damage|p1a: Ninetales|86/100
|-supereffective|p1a: Ninetales
|-damage|p1a: Ninetales|80/100
|-supereffective|p1a: Ninetales
|-damage|p1a: Ninetales|73/100
|-supereffective|p1a: Ninetales
|-damage|p1a: Ninetales|67/100
|-hitcount|p1a: Ninetales|5
|
|-weather|none
|upkeep
|turn|6
|
|t:|1757818138
|move|p2a: Cloyster|Ice Shard|p1a: Ninetales
|-resisted|p1a: Ninetales
|-damage|p1a: Ninetales|61/100
|move|p1a: Ninetales|Freeze-Dry|p2a: Cloyster
|-damage|p2a: Cloyster|0 fnt
|faint|p2a: Cloyster
|
|upkeep
|inactive|FL27 has 120 seconds left.
|
|t:|1757818160
|switch|p2a: Muk|Muk, M|100/100
|-item|p2a: Muk|Air Balloon
|turn|7
|
|t:|1757818168
|move|p1a: Ninetales|Freeze-Dry|p2a: Muk
|-crit|p2a: Muk
|-damage|p2a: Muk|76/100
|-enditem|p2a: Muk|Air Balloon
|move|p2a: Muk|Gunk Shot|p1a: Ninetales|[miss]
|-miss|p2a: Muk|p1a: Ninetales
|
|upkeep
|turn|8
|
|t:|1757818177
|move|p1a: Ninetales|Freeze-Dry|p2a: Muk
|-damage|p2a: Muk|59/100
|-status|p2a: Muk|frz
|cant|p2a: Muk|frz
|
|-sideend|p1: Loxxx777|move: Aurora Veil
|upkeep
|turn|9
|
|t:|1757818193
|move|p1a: Ninetales|Aurora Veil||[still]
|-fail|p1a: Ninetales
|cant|p2a: Muk|frz
|
|upkeep
|turn|10
|
|t:|1757818200
|switch|p1a: Gengar|Gengar, M|100/100
|-sideend|p1: Loxxx777|move: Toxic Spikes|[of] p1a: Gengar
|cant|p2a: Muk|frz
|
|upkeep
|turn|11
|
|t:|1757818209
|move|p1a: Gengar|Trick|p2a: Muk
|-activate|p1a: Gengar|move: Trick|[of] p2a: Muk
|-item|p2a: Muk|Choice Scarf|[from] move: Trick
|-enditem|p1a: Gengar|Choice Scarf|[silent]|[from] move: Trick
|cant|p2a: Muk|frz
|
|upkeep
|turn|12
|
|t:|1757818220
|move|p1a: Gengar|Shadow Ball|p2a: Muk
|-damage|p2a: Muk|23/100 frz
|cant|p2a: Muk|frz
|
|upkeep
|turn|13
|
|t:|1757818228
|move|p1a: Gengar|Shadow Ball|p2a: Muk
|-damage|p2a: Muk|0 fnt
|faint|p2a: Muk
|
|upkeep
|
|t:|1757818237
|switch|p2a: Electrode|Electrode|100/100
|turn|14
|
|t:|1757818246
|-terastallize|p2a: Electrode|Ground
|move|p2a: Electrode|Tera Blast|p1a: Gengar|[anim] Tera Blast Ground
|-supereffective|p1a: Gengar
|-damage|p1a: Gengar|0 fnt
|faint|p1a: Gengar
|
|upkeep
|
|t:|1757818253
|switch|p1a: Poliwrath|Poliwrath, F|100/100
|turn|15
|
|t:|1757818262
|move|p2a: Electrode|Thunder Wave|p1a: Poliwrath
|-status|p1a: Poliwrath|par
|cant|p1a: Poliwrath|par
|
|upkeep
|turn|16
|
|t:|1757818275
|move|p2a: Electrode|Volt Switch|p1a: Poliwrath
|-supereffective|p1a: Poliwrath
|-damage|p1a: Poliwrath|27/100 par
|
|t:|1757818279
|switch|p2a: Exeggutor|Exeggutor, M|100/100|[from] Volt Switch
|move|p1a: Poliwrath|Chilling Water|p2a: Exeggutor
|-resisted|p2a: Exeggutor
|-damage|p2a: Exeggutor|94/100
|-unboost|p2a: Exeggutor|atk|1
|
|-heal|p1a: Poliwrath|33/100 par|[from] item: Leftovers
|upkeep
|turn|17
|
|t:|1757818295
|switch|p1a: Ninetales|Ninetales-Alola, M|61/100
|-weather|Snowscape|[from] ability: Snow Warning|[of] p1a: Ninetales
|move|p2a: Exeggutor|Energy Ball|p1a: Ninetales
|-damage|p1a: Ninetales|14/100
|
|-weather|Snowscape|[upkeep]
|upkeep
|turn|18
|
|t:|1757818309
|move|p1a: Ninetales|Aurora Veil|p1a: Ninetales
|-sidestart|p1: Loxxx777|move: Aurora Veil
|move|p2a: Exeggutor|Ancient Power|p1a: Ninetales
|-supereffective|p1a: Ninetales
|-damage|p1a: Ninetales|0 fnt
|-boost|p2a: Exeggutor|atk|1
|-boost|p2a: Exeggutor|def|1
|-boost|p2a: Exeggutor|spa|1
|-boost|p2a: Exeggutor|spd|1
|-boost|p2a: Exeggutor|spe|1
|faint|p1a: Ninetales
|
|-weather|Snowscape|[upkeep]
|upkeep
|
|t:|1757818320
|switch|p1a: Poliwrath|Poliwrath, F|33/100 par
|turn|19
|
|t:|1757818327
|move|p2a: Exeggutor|Energy Ball|p1a: Poliwrath
|-supereffective|p1a: Poliwrath
|-damage|p1a: Poliwrath|0 fnt
|faint|p1a: Poliwrath
|
|-weather|Snowscape|[upkeep]
|upkeep
|
|t:|1757818334
|switch|p1a: Meganium|Meganium, F|100/100
|turn|20
|
|t:|1757818342
|move|p2a: Exeggutor|Psychic|p1a: Meganium
|-damage|p1a: Meganium|73/100
|move|p1a: Meganium|Leech Seed|p2a: Exeggutor
|-immune|p2a: Exeggutor
|
|-weather|Snowscape|[upkeep]
|-heal|p1a: Meganium|79/100|[from] item: Leftovers
|upkeep
|turn|21
|
|t:|1757818351
|switch|p1a: Lokix|Lokix, F|100/100
|move|p2a: Exeggutor|Future Sight|p1a: Lokix
|-start|p2a: Exeggutor|move: Future Sight
|
|-weather|none
|upkeep
|turn|22
|
|t:|1757818359
|move|p1a: Lokix|First Impression|p2a: Exeggutor
|-supereffective|p2a: Exeggutor
|-damage|p2a: Exeggutor|0 fnt
|faint|p2a: Exeggutor
|
|upkeep
|
|t:|1757818386
|switch|p2a: Electrode|Electrode, tera:Ground|100/100
|turn|23
|
|t:|1757818395
|move|p2a: Electrode|Thunder Wave|p1a: Lokix
|-status|p1a: Lokix|par
|move|p1a: Lokix|U-turn|p2a: Electrode
|-damage|p2a: Electrode|44/100
|
|t:|1757818402
|switch|p1a: Meganium|Meganium, F|79/100|[from] U-turn
|
|-end|p1a: Meganium|move: Future Sight
|-damage|p1a: Meganium|52/100
|-heal|p1a: Meganium|58/100|[from] item: Leftovers
|upkeep
|turn|24
|
|t:|1757818415
|move|p2a: Electrode|Thunder Wave|p1a: Meganium
|-status|p1a: Meganium|par
|move|p1a: Meganium|Leech Seed|p2a: Electrode
|-start|p2a: Electrode|move: Leech Seed
|
|-heal|p1a: Meganium|65/100 par|[from] item: Leftovers
|-damage|p2a: Electrode|32/100|[from] Leech Seed|[of] p1a: Meganium
|-heal|p1a: Meganium|73/100 par|[silent]
|upkeep
|turn|25
|
|t:|1757818427
|move|p2a: Electrode|Volt Switch|p1a: Meganium
|-resisted|p1a: Meganium
|-damage|p1a: Meganium|68/100 par
|
|t:|1757818433
|switch|p2a: Gengar|Gengar, M|100/100|[from] Volt Switch
|move|p1a: Meganium|Giga Drain|p2a: Gengar
|-resisted|p2a: Gengar
|-damage|p2a: Gengar|83/100
|-heal|p1a: Meganium|75/100 par|[from] drain|[of] p2a: Gengar
|-start|p1a: Meganium|Disable|Giga Drain|[from] ability: Cursed Body|[of] p2a: Gengar
|
|-heal|p1a: Meganium|81/100 par|[from] item: Leftovers
|-sideend|p1: Loxxx777|move: Aurora Veil
|upkeep
|turn|26
|
|t:|1757818448
|-terastallize|p1a: Meganium|Water
|move|p2a: Gengar|Sludge Wave|p1a: Meganium
|-damage|p1a: Meganium|16/100 par
|move|p1a: Meganium|Earthquake|p2a: Gengar
|-supereffective|p2a: Gengar
|-damage|p2a: Gengar|17/100
|
|-heal|p1a: Meganium|22/100 par|[from] item: Leftovers
|upkeep
|turn|27
|
|t:|1757818459
|move|p2a: Gengar|Sludge Wave|p1a: Meganium
|-damage|p1a: Meganium|0 fnt
|faint|p1a: Meganium
|
|upkeep
|
|t:|1757818464
|switch|p1a: Lokix|Lokix, F|100/100 par
|turn|28
|
|t:|1757818473
|switch|p2a: Electrode|Electrode, tera:Ground|32/100
|move|p1a: Lokix|First Impression|p2a: Electrode
|-damage|p2a: Electrode|0 fnt
|faint|p2a: Electrode
|
|upkeep
|
|t:|1757818486
|switch|p2a: Gengar|Gengar, M|17/100
|turn|29
|
|t:|1757818493
|switch|p1a: Raichu|Raichu, F|100/100
|move|p2a: Gengar|Focus Blast|p1a: Raichu
|-damage|p1a: Raichu|0 fnt
|faint|p1a: Raichu
|
|upkeep
|
|t:|1757818501
|switch|p1a: Lokix|Lokix, F|100/100 par
|turn|30
|
|t:|1757818505
|cant|p1a: Lokix|par
|move|p2a: Gengar|Focus Blast|p1a: Lokix
|-damage|p1a: Lokix|0 fnt
|faint|p1a: Lokix
|
|win|FL27
|raw|Loxxx777's rating: 1058 &rarr; <strong>1039</strong><br />(-19 for losing)
|raw|FL27's rating: 1051 &rarr; <strong>1084</strong><br />(+33 for winning)
|l|☆FL27
|player|p2|
|l|☆Loxxx777
|player|p1|
