|j|☆Dgnerado
|j|☆M0nk3MAN
|t:|1757824849
|gametype|singles
|player|p1|Dgnerado|265|1102
|player|p2|M0nk3MAN|clair|1126
|gen|9
|tier|[Gen 9] OU
|rated|
|rule|HP Percentage Mod: HP is shown in percentages
|rule|Endless Battle Clause: Forcing endless battles is banned
|rule|Species Clause: Limit one of each Pokémon
|rule|OHKO Clause: OHKO moves are banned
|rule|Evasion Items Clause: Evasion items are banned
|rule|Evasion Moves Clause: Evasion moves are banned
|rule|Evasion Abilities Clause: Evasion abilities are banned
|rule|Sleep Moves Clause: Sleep-inducing moves are banned
|clearpoke
|poke|p1|Metagross|
|poke|p1|Gholdengo|
|poke|p1|Great Tusk|
|poke|p1|Dragapult, M|
|poke|p1|Volcanion|
|poke|p1|Whimsicott, F|
|poke|p2|Landorus-Therian, M|
|poke|p2|Samurott-Hisui, M|
|poke|p2|Gholdengo|
|poke|p2|Thundurus-Therian, M|
|poke|p2|Scizor, M|
|poke|p2|Zamazenta-*|
|teampreview
|
|t:|1757824863
|teamsize|p1|6
|teamsize|p2|6
|start
|switch|p1a: Whimsicott|Whimsicott, F|100/100
|switch|p2a: Samurott|Samurott-Hisui, M|100/100
|turn|1
|
|t:|1757824875
|switch|p2a: Gholdengo|Gholdengo|100/100
|move|p1a: Whimsicott|Leech Seed|p2a: Gholdengo
|-immune|p2a: Gholdengo|[from] ability: Good as Gold
|
|upkeep
|turn|2
|
|t:|1757824889
|switch|p1a: Volcanion|Volcanion|100/100
|move|p2a: Gholdengo|Shadow Ball|p1a: Volcanion
|-damage|p1a: Volcanion|54/100
|
|upkeep
|turn|3
|
|t:|1757824898
|switch|p2a: Samurott|Samurott-Hisui, M|100/100
|move|p1a: Volcanion|Flamethrower|p2a: Samurott
|-resisted|p2a: Samurott
|-damage|p2a: Samurott|65/100
|
|upkeep
|turn|4
|
|t:|1757824920
|switch|p1a: Metagross|Metagross|100/100
|move|p2a: Samurott|Ceaseless Edge|p1a: Metagross
|-supereffective|p1a: Metagross
|-damage|p1a: Metagross|31/100
|-enditem|p1a: Metagross|Weakness Policy
|-boost|p1a: Metagross|atk|2|[from] item: Weakness Policy
|-boost|p1a: Metagross|spa|2|[from] item: Weakness Policy
|-sidestart|p1: Dgnerado|Spikes
|
|upkeep
|turn|5
|
|t:|1757824932
|move|p2a: Samurott|Sucker Punch|p1a: Metagross
|-supereffective|p1a: Metagross
|-damage|p1a: Metagross|0 fnt
|faint|p1a: Metagross
|
|upkeep
|inactive|Battle timer is ON: inactive players will automatically lose when time's up. (requested by Dgnerado)
|
|t:|1757824941
|switch|p1a: Dragapult|Dragapult, M|100/100
|-damage|p1a: Dragapult|88/100|[from] Spikes
|turn|6
|
|t:|1757824947
|move|p1a: Dragapult|Shadow Ball|p2a: Samurott
|-resisted|p2a: Samurott
|-damage|p2a: Samurott|25/100
|-unboost|p2a: Samurott|spd|1
|move|p2a: Samurott|Ceaseless Edge|p1a: Dragapult
|-supereffective|p1a: Dragapult
|-damage|p1a: Dragapult|0 fnt
|-sidestart|p1: Dgnerado|Spikes
|faint|p1a: Dragapult
|
|upkeep
|
|t:|1757824956
|switch|p1a: Great Tusk|Great Tusk|100/100
|-damage|p1a: Great Tusk|84/100|[from] Spikes
|-enditem|p1a: Great Tusk|Booster Energy
|-activate|p1a: Great Tusk|ability: Protosynthesis|[fromitem]
|-start|p1a: Great Tusk|protosynthesisatk
|turn|7
|
|t:|1757824964
|switch|p2a: Landorus|Landorus-Therian, M|100/100
|-ability|p2a: Landorus|Intimidate|boost
|-unboost|p1a: Great Tusk|atk|1
|move|p1a: Great Tusk|Rapid Spin|p2a: Landorus
|-damage|p2a: Landorus|85/100
|-boost|p1a: Great Tusk|spe|1
|-damage|p1a: Great Tusk|68/100|[from] item: Rocky Helmet|[of] p2a: Landorus
|-sideend|p1: Dgnerado|Spikes|[from] move: Rapid Spin|[of] p1a: Great Tusk
|
|upkeep
|turn|8
|
|t:|1757824977
|move|p1a: Great Tusk|Ice Spinner|p2a: Landorus
|-supereffective|p2a: Landorus
|-damage|p2a: Landorus|0 fnt
|-damage|p1a: Great Tusk|51/100|[from] item: Rocky Helmet|[of] p2a: Landorus
|faint|p2a: Landorus
|
|upkeep
|
|t:|1757824985
|switch|p2a: Gholdengo|Gholdengo|100/100
|turn|9
|
|t:|1757824997
|move|p1a: Great Tusk|Headlong Rush|p2a: Gholdengo
|-supereffective|p2a: Gholdengo
|-damage|p2a: Gholdengo|0 fnt
|-unboost|p1a: Great Tusk|def|1
|-unboost|p1a: Great Tusk|spd|1
|faint|p2a: Gholdengo
|
|upkeep
|
|t:|1757825005
|switch|p2a: Scizor|Scizor, M|100/100
|turn|10
|
|t:|1757825011
|-end|p1a: Great Tusk|Protosynthesis|[silent]
|switch|p1a: Volcanion|Volcanion|54/100
|move|p2a: Scizor|Swords Dance|p2a: Scizor
|-boost|p2a: Scizor|atk|2
|
|upkeep
|turn|11
|
|t:|1757825019
|move|p2a: Scizor|Bullet Punch|p1a: Volcanion
|-resisted|p1a: Volcanion
|-damage|p1a: Volcanion|40/100
|move|p1a: Volcanion|Flamethrower|p2a: Scizor
|-supereffective|p2a: Scizor
|-damage|p2a: Scizor|0 fnt
|faint|p2a: Scizor
|
|upkeep
|
|t:|1757825023
|switch|p2a: Thundurus|Thundurus-Therian, M|100/100
|turn|12
|
|t:|1757825034
|-terastallize|p2a: Thundurus|Ice
|move|p2a: Thundurus|Tera Blast|p1a: Volcanion|[anim] Tera Blast Ice
|-resisted|p1a: Volcanion
|-damage|p1a: Volcanion|29/100
|move|p1a: Volcanion|Steam Eruption|p2a: Thundurus
|-damage|p2a: Thundurus|19/100
|
|upkeep
|turn|13
|
|t:|1757825051
|move|p2a: Thundurus|Knock Off|p1a: Volcanion
|-damage|p1a: Volcanion|10/100
|-enditem|p1a: Volcanion|Heavy-Duty Boots|[from] move: Knock Off|[of] p2a: Thundurus
|move|p1a: Volcanion|Flamethrower|p2a: Thundurus
|-supereffective|p2a: Thundurus
|-damage|p2a: Thundurus|0 fnt
|faint|p2a: Thundurus
|
|upkeep
|-message|M0nk3MAN forfeited.
|
|win|Dgnerado
|raw|Dgnerado's rating: 1102 &rarr; <strong>1129</strong><br />(+27 for winning)
|raw|M0nk3MAN's rating: 1126 &rarr; <strong>1099</strong><br />(-27 for losing)
|l|☆M0nk3MAN
|player|p2|
|l|☆Dgnerado
|player|p1|
