|j|☆blisteringbigfoot
|j|☆OUOG Aelleden
|t:|1757896957
|gametype|singles
|player|p1|blisteringbigfoot|roxie-masters|1419
|player|p2|OUOG Aelleden|winona|1444
|gen|9
|tier|[Gen 9] OU
|rated|
|rule|HP Percentage Mod: HP is shown in percentages
|rule|Endless Battle Clause: Forcing endless battles is banned
|rule|Species Clause: Limit one of each Pokémon
|rule|OHKO Clause: OHKO moves are banned
|rule|Evasion Items Clause: Evasion items are banned
|rule|Evasion Moves Clause: Evasion moves are banned
|rule|Evasion Abilities Clause: Evasion abilities are banned
|rule|Sleep Moves Clause: Sleep-inducing moves are banned
|clearpoke
|poke|p1|Cloyster, M|
|poke|p1|Raging Bolt|
|poke|p1|Primarina, M|
|poke|p1|Iron Treads|
|poke|p1|Ogerpon-Wellspring, F|
|poke|p1|Dragapult, M|
|poke|p2|Pecharunt|
|poke|p2|Latios, M|
|poke|p2|Landorus-Therian, M|
|poke|p2|Great Tusk|
|poke|p2|Samurott-Hisui, M|
|poke|p2|Magnezone|
|teampreview
|inactive|Battle timer is ON: inactive players will automatically lose when time's up. (requested by blisteringbigfoot)
|
|t:|1757896976
|teamsize|p1|6
|teamsize|p2|6
|start
|switch|p1a: Ogerpon|Ogerpon-Wellspring, F|100/100
|switch|p2a: Landorus|Landorus-Therian, M|100/100
|-ability|p2a: Landorus|Intimidate|boost
|-unboost|p1a: Ogerpon|atk|1
|turn|1
|
|t:|1757896985
|switch|p1a: Iron Treads|Iron Treads|100/100
|-enditem|p1a: Iron Treads|Booster Energy
|-activate|p1a: Iron Treads|ability: Quark Drive|[fromitem]
|-start|p1a: Iron Treads|quarkdrivespe
|move|p2a: Landorus|U-turn|p1a: Iron Treads
|-resisted|p1a: Iron Treads
|-damage|p1a: Iron Treads|88/100
|
|t:|1757897004
|switch|p2a: Great Tusk|Great Tusk|100/100|[from] U-turn
|
|upkeep
|turn|2
|
|t:|1757897010
|move|p1a: Iron Treads|Earth Power|p2a: Great Tusk
|-damage|p2a: Great Tusk|56/100
|move|p2a: Great Tusk|Headlong Rush|p1a: Iron Treads
|-supereffective|p1a: Iron Treads
|-damage|p1a: Iron Treads|0 fnt
|-unboost|p2a: Great Tusk|def|1
|-unboost|p2a: Great Tusk|spd|1
|faint|p1a: Iron Treads
|-end|p1a: Iron Treads|Quark Drive|[silent]
|
|upkeep
|
|t:|1757897023
|switch|p1a: Dragapult|Dragapult, M|100/100
|turn|3
|
|t:|1757897025
|-end|p2a: Great Tusk|Protosynthesis|[silent]
|switch|p2a: Samurott|Samurott-Hisui, M|100/100
|move|p1a: Dragapult|Dragon Darts|p2a: Samurott
|-damage|p2a: Samurott|59/100
|-anim|p1a: Dragapult|Dragon Darts|p2a: Samurott
|-damage|p2a: Samurott|16/100
|
|upkeep
|turn|4
|c|☆OUOG Aelleden|oof
|inactive|blisteringbigfoot has 120 seconds left.
|
|t:|1757897062
|switch|p1a: Cloyster|Cloyster, M, shiny|100/100
|move|p2a: Samurott|Sucker Punch||[still]
|-fail|p2a: Samurott
|
|upkeep
|turn|5
|
|t:|1757897076
|move|p1a: Cloyster|Shell Smash|p1a: Cloyster
|-unboost|p1a: Cloyster|def|1
|-unboost|p1a: Cloyster|spd|1
|-boost|p1a: Cloyster|atk|2
|-boost|p1a: Cloyster|spa|2
|-boost|p1a: Cloyster|spe|2
|move|p2a: Samurott|Knock Off|p1a: Cloyster
|-damage|p1a: Cloyster|51/100
|-enditem|p1a: Cloyster|Never-Melt Ice|[from] move: Knock Off|[of] p2a: Samurott
|
|upkeep
|turn|6
|
|t:|1757897092
|move|p1a: Cloyster|Ice Shard|p2a: Samurott
|-resisted|p2a: Samurott
|-damage|p2a: Samurott|0 fnt
|faint|p2a: Samurott
|
|upkeep
|
|t:|1757897097
|switch|p2a: Pecharunt|Pecharunt|100/100
|turn|7
|
|t:|1757897101
|move|p1a: Cloyster|Icicle Spear|p2a: Pecharunt
|-damage|p2a: Pecharunt|89/100
|-damage|p2a: Pecharunt|79/100
|-damage|p2a: Pecharunt|67/100
|-damage|p2a: Pecharunt|55/100
|-damage|p2a: Pecharunt|44/100
|-hitcount|p2a: Pecharunt|5
|move|p2a: Pecharunt|Hex|p1a: Cloyster
|-damage|p1a: Cloyster|0 fnt
|faint|p1a: Cloyster
|
|upkeep
|
|t:|1757897115
|switch|p1a: Dragapult|Dragapult, M|100/100
|turn|8
|
|t:|1757897125
|-terastallize|p1a: Dragapult|Ghost
|move|p1a: Dragapult|Tera Blast|p2a: Pecharunt|[anim] Tera Blast Ghost
|-supereffective|p2a: Pecharunt
|-damage|p2a: Pecharunt|0 fnt
|faint|p2a: Pecharunt
|
|upkeep
|inactive|OUOG Aelleden has 120 seconds left.
|
|t:|1757897160
|switch|p2a: Great Tusk|Great Tusk|56/100
|turn|9
|inactive|OUOG Aelleden has 120 seconds left.
|inactive|blisteringbigfoot has 120 seconds left.
|
|t:|1757897197
|move|p1a: Dragapult|Tera Blast|p2a: Great Tusk|[anim] Tera Blast Ghost
|-crit|p2a: Great Tusk
|-damage|p2a: Great Tusk|0 fnt
|faint|p2a: Great Tusk
|-end|p2a: Great Tusk|Protosynthesis|[silent]
|
|upkeep
|c|☆OUOG Aelleden|BRUH
|inactive|OUOG Aelleden has 120 seconds left.
|c|☆OUOG Aelleden|THE CRIT
|c|☆OUOG Aelleden|YOU DON'T KILL
|c|☆OUOG Aelleden|WITHOUT IT
|c|☆OUOG Aelleden|ffs
|c|☆OUOG Aelleden|this game
|
|t:|1757897219
|switch|p2a: Landorus|Landorus-Therian, M|100/100
|-ability|p2a: Landorus|Intimidate|boost
|-fail|p1a: Dragapult|unboost|[from] ability: Clear Body|[of] p1a: Dragapult
|turn|10
|c|☆blisteringbigfoot|252 Atk Choice Band Tera Ghost Dragapult Tera Blast (80 BP) vs. 0 HP / 4 Def Great Tusk: 196-232 (52.8 - 62.5%) -- guaranteed 2HKO
|inactive|blisteringbigfoot has 120 seconds left.
|c|☆OUOG Aelleden|I'm full HP
|c|☆OUOG Aelleden|You never kill
|c|☆OUOG Aelleden|you did 53% max
|inactive|OUOG Aelleden has 90 seconds left.
|c|☆OUOG Aelleden|I had 55%
|
|t:|1757897257
|move|p2a: Landorus|Earthquake|p1a: Dragapult
|-damage|p1a: Dragapult|30/100
|move|p1a: Dragapult|Tera Blast|p2a: Landorus|[anim] Tera Blast Ghost
|-damage|p2a: Landorus|1/100
|
|upkeep
|turn|11
|inactive|blisteringbigfoot has 90 seconds left.
|c|☆blisteringbigfoot|thats not how u read a damage calc but ok
|
|t:|1757897290
|switch|p1a: Ogerpon|Ogerpon-Wellspring, F|100/100
|move|p2a: Landorus|Earthquake|p1a: Ogerpon
|-resisted|p1a: Ogerpon
|-damage|p1a: Ogerpon|65/100
|
|upkeep
|turn|12
|inactive|OUOG Aelleden has 90 seconds left.
|c|☆OUOG Aelleden|https://i.imgur.com/jeUnQFs.png
|
|t:|1757897320
|switch|p2a: Latios|Latios, M|100/100
|move|p1a: Ogerpon|U-turn|p2a: Latios
|-supereffective|p2a: Latios
|-damage|p2a: Latios|19/100
|
|t:|1757897347
|switch|p1a: Primarina|Primarina, M, shiny|100/100|[from] U-turn
|
|upkeep
|turn|13
|
|t:|1757897355
|move|p2a: Latios|Luster Purge|p1a: Primarina
|-damage|p1a: Primarina|31/100
|move|p1a: Primarina|Moonblast|p2a: Latios
|-supereffective|p2a: Latios
|-damage|p2a: Latios|0 fnt
|faint|p2a: Latios
|
|-heal|p1a: Primarina|37/100|[from] item: Leftovers
|upkeep
|
|t:|1757897362
|switch|p2a: Magnezone|Magnezone|100/100
|turn|14
|
|t:|1757897366
|move|p2a: Magnezone|Volt Switch|p1a: Primarina
|-supereffective|p1a: Primarina
|-damage|p1a: Primarina|0 fnt
|faint|p1a: Primarina
|
|t:|1757897370
|switch|p2a: Landorus|Landorus-Therian, M|1/100|[from] Volt Switch
|
|upkeep
|
|t:|1757897377
|switch|p1a: Ogerpon|Ogerpon-Wellspring, F|65/100
|turn|15
|
|t:|1757897380
|switch|p1a: Raging Bolt|Raging Bolt|100/100
|-enditem|p1a: Raging Bolt|Booster Energy
|-activate|p1a: Raging Bolt|ability: Protosynthesis|[fromitem]
|-start|p1a: Raging Bolt|protosynthesisspa
|move|p2a: Landorus|U-turn|p1a: Raging Bolt
|-damage|p1a: Raging Bolt|75/100
|
|t:|1757897386
|switch|p2a: Magnezone|Magnezone|100/100|[from] U-turn
|
|upkeep
|turn|16
|
|t:|1757897403
|move|p1a: Raging Bolt|Dragon Pulse|p2a: Magnezone
|-resisted|p2a: Magnezone
|-damage|p2a: Magnezone|55/100
|move|p2a: Magnezone|Tera Blast|p1a: Raging Bolt
|-damage|p1a: Raging Bolt|28/100
|
|upkeep
|turn|17
|
|t:|1757897412
|move|p1a: Raging Bolt|Dragon Pulse|p2a: Magnezone
|-resisted|p2a: Magnezone
|-damage|p2a: Magnezone|11/100
|move|p2a: Magnezone|Tera Blast|p1a: Raging Bolt
|-damage|p1a: Raging Bolt|0 fnt
|faint|p1a: Raging Bolt
|-end|p1a: Raging Bolt|Protosynthesis|[silent]
|
|upkeep
|
|t:|1757897420
|switch|p1a: Ogerpon|Ogerpon-Wellspring, F|65/100
|turn|18
|
|t:|1757897426
|move|p1a: Ogerpon|Ivy Cudgel|p2a: Magnezone|[anim] Ivy Cudgel Water
|-damage|p2a: Magnezone|0 fnt
|faint|p2a: Magnezone
|
|upkeep
|
|t:|1757897430
|switch|p2a: Landorus|Landorus-Therian, M|1/100
|-ability|p2a: Landorus|Intimidate|boost
|-unboost|p1a: Ogerpon|atk|1
|turn|19
|inactive|OUOG Aelleden has 120 seconds left.
|c|☆OUOG Aelleden|Well
|c|☆OUOG Aelleden|this is gonna depend on a roll
|
|t:|1757897467
|-terastallize|p2a: Landorus|Fairy
|move|p2a: Landorus|Tera Blast|p1a: Ogerpon|[anim] Tera Blast Fairy
|-damage|p1a: Ogerpon|1/100
|move|p1a: Ogerpon|Ivy Cudgel|p2a: Landorus|[anim] Ivy Cudgel Water
|-damage|p2a: Landorus|0 fnt
|faint|p2a: Landorus
|
|win|blisteringbigfoot
|raw|blisteringbigfoot's rating: 1419 &rarr; <strong>1440</strong><br />(+21 for winning)
|raw|OUOG Aelleden's rating: 1444 &rarr; <strong>1423</strong><br />(-21 for losing)
|c|☆OUOG Aelleden|ffs
|c|☆blisteringbigfoot|gg
|c|☆OUOG Aelleden|gg
|c|☆blisteringbigfoot|u were gonna lose to dragapult anyway
|c|☆blisteringbigfoot|252 Atk Landorus-Therian U-turn vs. 0 HP / 4 Def Tera Ghost Dragapult: 52-62 (16.4 - 19.5%) -- possible 6HKO
|c|☆OUOG Aelleden|you were banded
|c|☆OUOG Aelleden|not scarf
|c|☆OUOG Aelleden|unless you had sucker I had the win
|c|☆OUOG Aelleden|Tera Fairy KOed Pult
|c|☆blisteringbigfoot|well i assumed u were gonna u turn one shot the oger
|c|☆OUOG Aelleden|I just needed the roll to kill ogerpon
|c|☆blisteringbigfoot|but i suppose that woulda worked too
|c|☆blisteringbigfoot|welp
|c|☆blisteringbigfoot|gg
|c|☆OUOG Aelleden|Yeah yeah no I can't kill pult otherwise
|c|☆OUOG Aelleden|gg
|l|☆blisteringbigfoot
|player|p1|
|c|☆OUOG Aelleden|wanna rematch?
|l|☆OUOG Aelleden
|player|p2|
