|j|‽LT91BB incelman
|j|☆spoon91
|t:|1757823667
|gametype|singles
|player|p1|LT91BB incelman|miku-ice|1508
|player|p2|spoon91|cynthia|1454
|gen|9
|tier|[Gen 9] OU
|rated|
|rule|HP Percentage Mod: HP is shown in percentages
|rule|Endless Battle Clause: Forcing endless battles is banned
|rule|Species Clause: Limit one of each Pokémon
|rule|OHKO Clause: OHKO moves are banned
|rule|Evasion Items Clause: Evasion items are banned
|rule|Evasion Moves Clause: Evasion moves are banned
|rule|Evasion Abilities Clause: Evasion abilities are banned
|rule|Sleep Moves Clause: Sleep-inducing moves are banned
|clearpoke
|poke|p1|Blaziken, M|
|poke|p1|Sinistcha|
|poke|p1|Excadrill, M|
|poke|p1|Tyranitar, M|
|poke|p1|Iron Valiant|
|poke|p1|Rotom-Wash|
|poke|p2|Dragapult, F|
|poke|p2|Glimmora, F|
|poke|p2|Iron Crown|
|poke|p2|Dragonite, M|
|poke|p2|Great Tusk|
|poke|p2|Ogerpon-Wellspring, F|
|teampreview
|inactive|Battle timer is ON: inactive players will automatically lose when time's up. (requested by LT91BB incelman)
|
|t:|1757823686
|teamsize|p1|6
|teamsize|p2|6
|start
|switch|p1a: Blaziken|Blaziken, M|100/100
|switch|p2a: Glimmora|Glimmora, F, shiny|100/100
|turn|1
|
|t:|1757823693
|move|p1a: Blaziken|Earthquake|p2a: Glimmora
|-supereffective|p2a: Glimmora
|-enditem|p2a: Glimmora|Focus Sash
|-damage|p2a: Glimmora|1/100
|-activate|p2a: Glimmora|ability: Toxic Debris
|-sidestart|p1: LT91BB incelman|move: Toxic Spikes
|-damage|p1a: Blaziken|91/100|[from] item: Life Orb
|move|p2a: Glimmora|Power Gem|p1a: Blaziken
|-damage|p1a: Blaziken|16/100
|
|-ability|p1a: Blaziken|Speed Boost|boost
|-boost|p1a: Blaziken|spe|1
|upkeep
|turn|2
|
|t:|1757823715
|move|p1a: Blaziken|Earthquake|p2a: Glimmora
|-supereffective|p2a: Glimmora
|-damage|p2a: Glimmora|0 fnt
|-activate|p2a: Glimmora|ability: Toxic Debris
|-sidestart|p1: LT91BB incelman|move: Toxic Spikes
|faint|p2a: Glimmora
|-damage|p1a: Blaziken|6/100|[from] item: Life Orb
|
|-ability|p1a: Blaziken|Speed Boost|boost
|-boost|p1a: Blaziken|spe|1
|upkeep
|
|t:|1757823734
|switch|p2a: Great Tusk|Great Tusk, shiny|100/100
|turn|3
|
|t:|1757823750
|move|p1a: Blaziken|Fire Blast|p2a: Great Tusk
|-damage|p2a: Great Tusk|45/100
|-damage|p1a: Blaziken|0 fnt|[from] item: Life Orb
|faint|p1a: Blaziken
|move|p2a: Great Tusk|Rapid Spin|p1: Blaziken|[notarget]
|-fail|p2a: Great Tusk
|
|upkeep
|
|t:|1757823758
|switch|p1a: Rotom|Rotom-Wash|100/100
|turn|4
|
|t:|1757823764
|-end|p2a: Great Tusk|Protosynthesis|[silent]
|switch|p2a: Ogerpon|Ogerpon-Wellspring, F|100/100
|move|p1a: Rotom|Will-O-Wisp|p2a: Ogerpon
|-status|p2a: Ogerpon|brn
|
|-damage|p2a: Ogerpon|95/100 brn|[from] brn
|upkeep
|turn|5
|inactive|LT91BB incelman has 120 seconds left.
|
|t:|1757823803
|move|p2a: Ogerpon|Swords Dance|p2a: Ogerpon
|-boost|p2a: Ogerpon|atk|2
|move|p1a: Rotom|Volt Switch|p2a: Ogerpon
|-damage|p2a: Ogerpon|63/100 brn
|
|t:|1757823808
|switch|p1a: Sinistcha|Sinistcha|100/100|[from] Volt Switch
|
|-damage|p2a: Ogerpon|57/100 brn|[from] brn
|upkeep
|turn|6
|
|t:|1757823817
|move|p2a: Ogerpon|U-turn|p1a: Sinistcha
|-damage|p1a: Sinistcha|83/100
|
|t:|1757823840
|switch|p2a: Great Tusk|Great Tusk, shiny|45/100|[from] U-turn
|move|p1a: Sinistcha|Strength Sap|p2a: Great Tusk
|-unboost|p2a: Great Tusk|atk|1
|-heal|p1a: Sinistcha|100/100
|
|upkeep
|turn|7
|
|t:|1757823851
|-end|p2a: Great Tusk|Protosynthesis|[silent]
|switch|p2a: Iron Crown|Iron Crown|100/100
|-enditem|p2a: Iron Crown|Booster Energy
|-activate|p2a: Iron Crown|ability: Quark Drive|[fromitem]
|-start|p2a: Iron Crown|quarkdrivespe
|move|p1a: Sinistcha|Matcha Gotcha|p2a: Iron Crown
|-resisted|p2a: Iron Crown
|-damage|p2a: Iron Crown|86/100
|
|upkeep
|turn|8
|
|t:|1757823866
|switch|p1a: Excadrill|Excadrill, M|100/100
|-terastallize|p2a: Iron Crown|Dragon
|move|p2a: Iron Crown|Calm Mind|p2a: Iron Crown
|-boost|p2a: Iron Crown|spa|1
|-boost|p2a: Iron Crown|spd|1
|
|upkeep
|turn|9
|inactive|LT91BB incelman has 120 seconds left.
|
|t:|1757823898
|move|p2a: Iron Crown|Focus Blast|p1a: Excadrill|[miss]
|-miss|p2a: Iron Crown|p1a: Excadrill
|move|p1a: Excadrill|Earthquake|p2a: Iron Crown
|-damage|p2a: Iron Crown|32/100
|
|upkeep
|turn|10
|
|t:|1757823904
|switch|p1a: Sinistcha|Sinistcha|100/100
|move|p2a: Iron Crown|Focus Blast|p1a: Sinistcha
|-immune|p1a: Sinistcha
|
|upkeep
|turn|11
|
|t:|1757823910
|move|p2a: Iron Crown|Tachyon Cutter|p1a: Sinistcha
|-damage|p1a: Sinistcha|56/100
|-damage|p1a: Sinistcha|15/100
|-hitcount|p1a: Sinistcha|2
|move|p1a: Sinistcha|Matcha Gotcha|p2a: Iron Crown
|-resisted|p2a: Iron Crown
|-damage|p2a: Iron Crown|22/100
|-heal|p1a: Sinistcha|20/100|[from] drain|[of] p2a: Iron Crown
|-status|p2a: Iron Crown|brn
|
|-damage|p2a: Iron Crown|16/100 brn|[from] brn
|upkeep
|turn|12
|
|t:|1757823918
|move|p2a: Iron Crown|Tachyon Cutter|p1a: Sinistcha
|-damage|p1a: Sinistcha|0 fnt
|faint|p1a: Sinistcha
|-hitcount|p1: Sinistcha|1
|
|-damage|p2a: Iron Crown|10/100 brn|[from] brn
|upkeep
|
|t:|1757823921
|switch|p1a: Rotom|Rotom-Wash|100/100
|turn|13
|
|t:|1757823924
|move|p2a: Iron Crown|Psychic|p1a: Rotom
|-damage|p1a: Rotom|52/100
|move|p1a: Rotom|Volt Switch|p2a: Iron Crown
|-resisted|p2a: Iron Crown
|-damage|p2a: Iron Crown|1/100 brn
|
|t:|1757823929
|switch|p1a: Excadrill|Excadrill, M|100/100|[from] Volt Switch
|
|-damage|p2a: Iron Crown|0 fnt|[from] brn
|faint|p2a: Iron Crown
|-end|p2a: Iron Crown|Quark Drive|[silent]
|upkeep
|
|t:|1757823938
|switch|p2a: Ogerpon|Ogerpon-Wellspring, F|57/100 brn
|turn|14
|
|t:|1757823942
|-terastallize|p1a: Excadrill|Ice
|move|p2a: Ogerpon|Horn Leech|p1a: Excadrill
|-damage|p1a: Excadrill|65/100
|-heal|p2a: Ogerpon|79/100 brn|[from] drain|[of] p1a: Excadrill
|move|p1a: Excadrill|Rapid Spin|p2a: Ogerpon
|-damage|p2a: Ogerpon|53/100 brn
|-boost|p1a: Excadrill|spe|1
|-sideend|p1: LT91BB incelman|Toxic Spikes|[from] move: Rapid Spin|[of] p1a: Excadrill
|
|-heal|p1a: Excadrill|71/100|[from] item: Leftovers
|-damage|p2a: Ogerpon|47/100 brn|[from] brn
|upkeep
|turn|15
|
|t:|1757823960
|move|p1a: Excadrill|Tera Blast|p2a: Ogerpon|[anim] Tera Blast Ice
|-damage|p2a: Ogerpon|0 fnt
|faint|p2a: Ogerpon
|
|-heal|p1a: Excadrill|77/100|[from] item: Leftovers
|upkeep
|
|t:|1757823970
|switch|p2a: Dragonite|Dragonite, M, shiny|100/100
|turn|16
|
|t:|1757823973
|move|p1a: Excadrill|Tera Blast|p2a: Dragonite|[anim] Tera Blast Ice
|-supereffective|p2a: Dragonite
|-damage|p2a: Dragonite|12/100
|move|p2a: Dragonite|Dragon Dance|p2a: Dragonite
|-boost|p2a: Dragonite|atk|1
|-boost|p2a: Dragonite|spe|1
|
|-heal|p1a: Excadrill|83/100|[from] item: Leftovers
|upkeep
|turn|17
|
|t:|1757823978
|move|p2a: Dragonite|Extreme Speed|p1a: Excadrill
|-damage|p1a: Excadrill|8/100
|move|p1a: Excadrill|Rapid Spin|p2a: Dragonite
|-damage|p2a: Dragonite|0 fnt
|-boost|p1a: Excadrill|spe|1
|faint|p2a: Dragonite
|
|-heal|p1a: Excadrill|14/100|[from] item: Leftovers
|upkeep
|-message|spoon91 forfeited.
|
|win|LT91BB incelman
|raw|LT91BB incelman's rating: 1487 &rarr; <strong>1505</strong><br />(+18 for winning)
|raw|spoon91's rating: 1454 &rarr; <strong>1436</strong><br />(-18 for losing)
|l|☆spoon91
|player|p2|
|l|‽LT91BB incelman
|player|p1|
