|j|☆Liker of Mudkips
|j|☆xXb1llyXx
|t:|1757909654
|gametype|singles
|player|p1|Liker of Mudkips|acetrainerf|1615
|player|p2|xXb1llyXx|backpackerf|1640
|gen|9
|tier|[Gen 9] OU
|rated|
|rule|HP Percentage Mod: HP is shown in percentages
|rule|Endless Battle Clause: Forcing endless battles is banned
|rule|Species Clause: Limit one of each Pokémon
|rule|OHKO Clause: OHKO moves are banned
|rule|Evasion Items Clause: Evasion items are banned
|rule|Evasion Moves Clause: Evasion moves are banned
|rule|Evasion Abilities Clause: Evasion abilities are banned
|rule|Sleep Moves Clause: Sleep-inducing moves are banned
|clearpoke
|poke|p1|Dragapult, F|
|poke|p1|Ogerpon-Wellspring, F|
|poke|p1|Slowking-Galar, M|
|poke|p1|Great Tusk|
|poke|p1|Zapdos|
|poke|p1|Kingambit, M|
|poke|p2|Raging Bolt|
|poke|p2|Zamazenta-*|
|poke|p2|Ting-Lu|
|poke|p2|Tornadus-Therian, M|
|poke|p2|Gholdengo|
|poke|p2|Iron Treads|
|teampreview
|inactive|Battle timer is ON: inactive players will automatically lose when time's up. (requested by Liker of Mudkips)
|
|t:|1757909690
|teamsize|p1|6
|teamsize|p2|6
|start
|switch|p1a: Suika|Ogerpon-Wellspring, F|100/100
|switch|p2a: Ting-Lu|Ting-Lu|100/100
|-ability|p2a: Ting-Lu|Vessel of Ruin
|turn|1
|
|t:|1757909696
|move|p1a: Suika|Taunt|p2a: Ting-Lu
|-start|p2a: Ting-Lu|move: Taunt
|move|p2a: Ting-Lu|Throat Chop|p1a: Suika
|-damage|p1a: Suika|50/100
|-start|p1a: Suika|Throat Chop|[silent]
|
|upkeep
|turn|2
|
|t:|1757909705
|move|p1a: Suika|U-turn|p2a: Ting-Lu
|-supereffective|p2a: Ting-Lu
|-damage|p2a: Ting-Lu|72/100
|-enditem|p2a: Ting-Lu|Weakness Policy
|-boost|p2a: Ting-Lu|atk|2|[from] item: Weakness Policy
|-boost|p2a: Ting-Lu|spa|2|[from] item: Weakness Policy
|
|t:|1757909711
|switch|p1a: Baku|Great Tusk|100/100|[from] U-turn
|move|p2a: Ting-Lu|Throat Chop|p1a: Baku
|-resisted|p1a: Baku
|-damage|p1a: Baku|71/100
|-start|p1a: Baku|Throat Chop|[silent]
|-damage|p2a: Ting-Lu|56/100|[from] item: Rocky Helmet|[of] p1a: Baku
|
|upkeep
|turn|3
|
|t:|1757909721
|move|p1a: Baku|Ice Spinner|p2a: Ting-Lu
|-supereffective|p2a: Ting-Lu
|-damage|p2a: Ting-Lu|24/100
|move|p2a: Ting-Lu|Earthquake|p1a: Baku
|-damage|p1a: Baku|0 fnt
|faint|p1a: Baku
|-end|p1a: Baku|Protosynthesis|[silent]
|
|-end|p2a: Ting-Lu|move: Taunt
|upkeep
|j| wgw2333
|
|t:|1757909733
|switch|p1a: Suika|Ogerpon-Wellspring, F|50/100
|turn|4
|
|t:|1757909738
|move|p1a: Suika|U-turn|p2a: Ting-Lu
|-supereffective|p2a: Ting-Lu
|-damage|p2a: Ting-Lu|0 fnt
|faint|p2a: Ting-Lu
|
|t:|1757909746
|switch|p1a: Kos|Dragapult, F|100/100|[from] U-turn
|
|upkeep
|
|t:|1757909752
|switch|p2a: Iron Treads|Iron Treads|100/100
|-enditem|p2a: Iron Treads|Booster Energy
|-activate|p2a: Iron Treads|ability: Quark Drive|[fromitem]
|-start|p2a: Iron Treads|quarkdrivespe
|turn|5
|
|t:|1757909759
|move|p2a: Iron Treads|Knock Off|p1a: Kos
|-supereffective|p1a: Kos
|-damage|p1a: Kos|16/100
|-enditem|p1a: Kos|Choice Specs|[from] move: Knock Off|[of] p2a: Iron Treads
|move|p1a: Kos|Flamethrower|p2a: Iron Treads
|-supereffective|p2a: Iron Treads
|-damage|p2a: Iron Treads|24/100
|
|upkeep
|turn|6
|
|t:|1757909767
|switch|p1a: Larxene|Zapdos|100/100
|move|p2a: Iron Treads|Knock Off|p1a: Larxene
|-damage|p1a: Larxene|62/100
|-enditem|p1a: Larxene|Heavy-Duty Boots|[from] move: Knock Off|[of] p2a: Iron Treads
|
|upkeep
|turn|7
|
|t:|1757909776
|move|p2a: Iron Treads|Ice Spinner|p1a: Larxene
|-supereffective|p1a: Larxene
|-damage|p1a: Larxene|0 fnt
|faint|p1a: Larxene
|
|upkeep
|
|t:|1757909781
|switch|p1a: Nobunaga|Kingambit, M|100/100
|-activate|p1a: Nobunaga|ability: Supreme Overlord
|-start|p1a: Nobunaga|fallen2|[silent]
|-item|p1a: Nobunaga|Air Balloon
|turn|8
|
|t:|1757909802
|move|p2a: Iron Treads|Knock Off|p1a: Nobunaga
|-resisted|p1a: Nobunaga
|-damage|p1a: Nobunaga|89/100
|-enditem|p1a: Nobunaga|Air Balloon
|move|p1a: Nobunaga|Swords Dance|p1a: Nobunaga
|-boost|p1a: Nobunaga|atk|2
|
|upkeep
|turn|9
|
|t:|1757909809
|move|p1a: Nobunaga|Sucker Punch|p2a: Iron Treads
|-damage|p2a: Iron Treads|0 fnt
|faint|p2a: Iron Treads
|-end|p2a: Iron Treads|Quark Drive|[silent]
|
|upkeep
|
|t:|1757909812
|switch|p2a: Zamazenta|Zamazenta|100/100
|-ability|p2a: Zamazenta|Dauntless Shield|boost
|-boost|p2a: Zamazenta|def|1
|turn|10
|
|t:|1757909817
|-terastallize|p1a: Nobunaga|Fairy
|move|p2a: Zamazenta|Iron Defense|p2a: Zamazenta
|-boost|p2a: Zamazenta|def|2
|move|p1a: Nobunaga|Tera Blast|p2a: Zamazenta|[anim] Tera Blast Fairy
|-supereffective|p2a: Zamazenta
|-damage|p2a: Zamazenta|38/100
|
|-heal|p2a: Zamazenta|44/100|[from] item: Leftovers
|upkeep
|turn|11
|
|t:|1757909829
|move|p2a: Zamazenta|Heavy Slam|p1a: Nobunaga
|-supereffective|p1a: Nobunaga
|-damage|p1a: Nobunaga|73/100
|move|p1a: Nobunaga|Tera Blast|p2a: Zamazenta|[anim] Tera Blast Fairy
|-supereffective|p2a: Zamazenta
|-damage|p2a: Zamazenta|0 fnt
|faint|p2a: Zamazenta
|
|upkeep
|
|t:|1757909833
|switch|p2a: Gholdengo|Gholdengo|100/100
|-item|p2a: Gholdengo|Air Balloon
|turn|12
|
|t:|1757909840
|-terastallize|p2a: Gholdengo|Fighting
|move|p1a: Nobunaga|Sucker Punch|p2a: Gholdengo
|-resisted|p2a: Gholdengo
|-damage|p2a: Gholdengo|46/100
|-enditem|p2a: Gholdengo|Air Balloon
|move|p2a: Gholdengo|Make It Rain|p1a: Nobunaga
|-supereffective|p1a: Nobunaga
|-damage|p1a: Nobunaga|0 fnt
|-unboost|p2a: Gholdengo|spa|1
|faint|p1a: Nobunaga
|-end|p1a: Nobunaga|fallen2|[silent]
|
|upkeep
|
|t:|1757909858
|switch|p1a: Kos|Dragapult, F|16/100
|turn|13
|
|t:|1757909864
|move|p1a: Kos|Draco Meteor|p2a: Gholdengo
|-damage|p2a: Gholdengo|0 fnt
|-unboost|p1a: Kos|spa|2
|faint|p2a: Gholdengo
|
|upkeep
|
|t:|1757909867
|switch|p2a: Tornadus|Tornadus-Therian, M|100/100
|turn|14
|
|t:|1757909872
|move|p1a: Kos|U-turn|p2a: Tornadus
|-resisted|p2a: Tornadus
|-damage|p2a: Tornadus|88/100
|
|t:|1757909877
|switch|p1a: Suika|Ogerpon-Wellspring, F|50/100|[from] U-turn
|move|p2a: Tornadus|Nasty Plot|p2a: Tornadus
|-boost|p2a: Tornadus|spa|2
|
|upkeep
|turn|15
|
|t:|1757909884
|move|p2a: Tornadus|Dark Pulse|p1a: Suika
|-damage|p1a: Suika|0 fnt
|faint|p1a: Suika
|-damage|p2a: Tornadus|78/100|[from] item: Life Orb
|
|upkeep
|
|t:|1757909889
|switch|p1a: Pants|Slowking-Galar, M|100/100
|turn|16
|
|t:|1757909893
|move|p2a: Tornadus|Dark Pulse|p1a: Pants
|-supereffective|p1a: Pants
|-damage|p1a: Pants|44/100
|-damage|p2a: Tornadus|69/100|[from] item: Life Orb
|move|p1a: Pants|Ice Beam|p2a: Tornadus
|-supereffective|p2a: Tornadus
|-damage|p2a: Tornadus|13/100
|-status|p2a: Tornadus|frz
|
|upkeep
|turn|17
|
|t:|1757909905
|cant|p2a: Tornadus|frz
|move|p1a: Pants|Ice Beam|p2a: Tornadus
|-supereffective|p2a: Tornadus
|-damage|p2a: Tornadus|0 fnt
|faint|p2a: Tornadus
|
|upkeep
|
|t:|1757909908
|switch|p2a: Raging Bolt|Raging Bolt|100/100
|-enditem|p2a: Raging Bolt|Booster Energy
|-activate|p2a: Raging Bolt|ability: Protosynthesis|[fromitem]
|-start|p2a: Raging Bolt|protosynthesisspa
|turn|18
|j| Dionysos
|l| Dionysos
|c|☆Liker of Mudkips|RNG is a cruel and fickle mistress
|c|☆xXb1llyXx|yup
|c|☆xXb1llyXx|its a monster
|c|☆xXb1llyXx|a pocket monster
|
|t:|1757909935
|switch|p1a: Kos|Dragapult, F|16/100
|move|p2a: Raging Bolt|Calm Mind|p2a: Raging Bolt
|-boost|p2a: Raging Bolt|spa|1
|-boost|p2a: Raging Bolt|spd|1
|
|upkeep
|turn|19
|
|t:|1757909941
|move|p2a: Raging Bolt|Thunderclap|p1a: Kos
|-resisted|p1a: Kos
|-damage|p1a: Kos|0 fnt
|faint|p1a: Kos
|
|upkeep
|
|t:|1757909946
|switch|p1a: Pants|Slowking-Galar, M|78/100
|turn|20
|
|t:|1757909949
|move|p2a: Raging Bolt|Thunderbolt|p1a: Pants
|-crit|p1a: Pants
|-damage|p1a: Pants|11/100
|move|p1a: Pants|Ice Beam|p2a: Raging Bolt
|-supereffective|p2a: Raging Bolt
|-damage|p2a: Raging Bolt|75/100
|
|upkeep
|turn|21
|c|☆Liker of Mudkips|gg
|c|☆xXb1llyXx|gg
|c|☆Liker of Mudkips|even a crit wasn't saving me there
|
|t:|1757909964
|move|p2a: Raging Bolt|Thunderbolt|p1a: Pants
|-damage|p1a: Pants|0 fnt
|faint|p1a: Pants
|
|win|xXb1llyXx
|raw|Liker of Mudkips's rating: 1615 &rarr; <strong>1596</strong><br />(-19 for losing)
|raw|xXb1llyXx's rating: 1640 &rarr; <strong>1659</strong><br />(+19 for winning)
|l|☆Liker of Mudkips
|player|p1|
|c|☆xXb1llyXx|2 freezes???
