|j|☆go b3yond
|j|☆spidermathou
|t:|1757843886
|gametype|singles
|player|p1|go b3yond|bruno|1469
|player|p2|spidermathou|harlequin|1531
|gen|9
|tier|[Gen 9] OU
|rated|
|rule|HP Percentage Mod: HP is shown in percentages
|rule|Endless Battle Clause: Forcing endless battles is banned
|rule|Species Clause: Limit one of each Pokémon
|rule|OHKO Clause: OHKO moves are banned
|rule|Evasion Items Clause: Evasion items are banned
|rule|Evasion Moves Clause: Evasion moves are banned
|rule|Evasion Abilities Clause: Evasion abilities are banned
|rule|Sleep Moves Clause: Sleep-inducing moves are banned
|clearpoke
|poke|p1|Torkoal, M|
|poke|p1|Brute Bonnet|
|poke|p1|Hatterene, F|
|poke|p1|Walking Wake|
|poke|p1|Thundurus-Therian, M|
|poke|p1|Ceruledge, M|
|poke|p2|Chesnaught, M|
|poke|p2|Weezing-Galar, F|
|poke|p2|Ting-Lu|
|poke|p2|Corviknight, M|
|poke|p2|Skeledirge, M|
|poke|p2|Primarina, F|
|teampreview
|inactive|Battle timer is ON: inactive players will automatically lose when time's up. (requested by spidermathou)
|
|t:|1757843893
|teamsize|p1|6
|teamsize|p2|6
|start
|switch|p1a: GREAT Bait|Torkoal, M, shiny|100/100
|switch|p2a: Primarina|Primarina, F|100/100
|-weather|SunnyDay|[from] ability: Drought|[of] p1a: GREAT Bait
|turn|1
|
|t:|1757843897
|switch|p1a: Hatterene|Hatterene, F|100/100
|move|p2a: Primarina|Substitute|p2a: Primarina
|-start|p2a: Primarina|Substitute
|-damage|p2a: Primarina|76/100
|
|-weather|SunnyDay|[upkeep]
|-heal|p2a: Primarina|82/100|[from] item: Leftovers
|upkeep
|turn|2
|
|t:|1757843900
|move|p2a: Primarina|Calm Mind|p2a: Primarina
|-boost|p2a: Primarina|spa|1
|-boost|p2a: Primarina|spd|1
|move|p1a: Hatterene|Dazzling Gleam|p2a: Primarina
|-activate|p2a: Primarina|move: Substitute|[damage]
|
|-weather|SunnyDay|[upkeep]
|-heal|p2a: Primarina|88/100|[from] item: Leftovers
|upkeep
|turn|3
|
|t:|1757843904
|move|p2a: Primarina|Calm Mind|p2a: Primarina
|-boost|p2a: Primarina|spa|1
|-boost|p2a: Primarina|spd|1
|move|p1a: Hatterene|Dazzling Gleam|p2a: Primarina
|-end|p2a: Primarina|Substitute
|
|-weather|SunnyDay|[upkeep]
|-heal|p2a: Primarina|94/100|[from] item: Leftovers
|upkeep
|turn|4
|
|t:|1757843909
|switch|p1a: Brute Bonnet|Brute Bonnet|100/100
|-activate|p1a: Brute Bonnet|ability: Protosynthesis
|-start|p1a: Brute Bonnet|protosynthesisatk
|move|p2a: Primarina|Substitute|p2a: Primarina
|-start|p2a: Primarina|Substitute
|-damage|p2a: Primarina|69/100
|
|-weather|SunnyDay|[upkeep]
|-heal|p2a: Primarina|75/100|[from] item: Leftovers
|upkeep
|turn|5
|
|t:|1757843912
|move|p1a: Brute Bonnet|Bullet Seed|p2a: Primarina
|-supereffective|p2a: Primarina
|-end|p2a: Primarina|Substitute
|-supereffective|p2a: Primarina
|-damage|p2a: Primarina|44/100
|-supereffective|p2a: Primarina
|-damage|p2a: Primarina|14/100
|-supereffective|p2a: Primarina
|-damage|p2a: Primarina|0 fnt
|faint|p2a: Primarina
|-hitcount|p2: Primarina|4
|
|-weather|SunnyDay|[upkeep]
|upkeep
|
|t:|1757843919
|switch|p2a: Chesnaught|Chesnaught, M|100/100
|turn|6
|
|t:|1757843926
|-terastallize|p1a: Brute Bonnet|Fire
|move|p1a: Brute Bonnet|Growth|p1a: Brute Bonnet
|-boost|p1a: Brute Bonnet|atk|2
|-boost|p1a: Brute Bonnet|spa|2
|move|p2a: Chesnaught|Knock Off|p1a: Brute Bonnet
|-damage|p1a: Brute Bonnet|80/100
|-enditem|p1a: Brute Bonnet|Loaded Dice|[from] move: Knock Off|[of] p2a: Chesnaught
|
|-weather|SunnyDay|[upkeep]
|upkeep
|turn|7
|
|t:|1757843932
|move|p1a: Brute Bonnet|Tera Blast|p2a: Chesnaught|[anim] Tera Blast Fire
|-supereffective|p2a: Chesnaught
|-damage|p2a: Chesnaught|0 fnt
|faint|p2a: Chesnaught
|
|-weather|SunnyDay|[upkeep]
|upkeep
|
|t:|1757843934
|switch|p2a: Skeledirge|Skeledirge, M|100/100
|-item|p2a: Skeledirge|Air Balloon
|turn|8
|
|t:|1757843938
|move|p1a: Brute Bonnet|Sucker Punch|p2a: Skeledirge
|-supereffective|p2a: Skeledirge
|-damage|p2a: Skeledirge|44/100
|-enditem|p2a: Skeledirge|Air Balloon
|move|p2a: Skeledirge|Torch Song|p1a: Brute Bonnet
|-resisted|p1a: Brute Bonnet
|-damage|p1a: Brute Bonnet|60/100
|-boost|p2a: Skeledirge|spa|1
|
|-weather|none
|-end|p1a: Brute Bonnet|Protosynthesis
|upkeep
|turn|9
|
|t:|1757843945
|move|p1a: Brute Bonnet|Tera Blast|p2a: Skeledirge|[anim] Tera Blast Fire
|-resisted|p2a: Skeledirge
|-damage|p2a: Skeledirge|31/100
|move|p2a: Skeledirge|Slack Off|p2a: Skeledirge
|-heal|p2a: Skeledirge|81/100
|
|upkeep
|turn|10
|
|t:|1757843950
|-end|p1a: Brute Bonnet|Protosynthesis|[silent]
|switch|p1a: GREAT Bait|Torkoal, M, shiny|100/100
|-weather|SunnyDay|[from] ability: Drought|[of] p1a: GREAT Bait
|move|p2a: Skeledirge|Torch Song|p1a: GREAT Bait
|-resisted|p1a: GREAT Bait
|-damage|p1a: GREAT Bait|57/100
|-boost|p2a: Skeledirge|spa|1
|
|-weather|SunnyDay|[upkeep]
|upkeep
|turn|11
|
|t:|1757843955
|switch|p1a: Hatterene|Hatterene, F|100/100
|move|p2a: Skeledirge|Earth Power|p1a: Hatterene
|-damage|p1a: Hatterene|51/100
|-enditem|p1a: Hatterene|Eject Button
|
|t:|1757843961
|switch|p1a: Walking Wake|Walking Wake|100/100
|-activate|p1a: Walking Wake|ability: Protosynthesis
|-start|p1a: Walking Wake|protosynthesisspe
|
|-weather|SunnyDay|[upkeep]
|upkeep
|turn|12
|
|t:|1757843970
|switch|p2a: Weezing|Weezing-Galar, F|100/100
|-ability|p2a: Weezing|Neutralizing Gas
|move|p1a: Walking Wake|Hydro Steam|p2a: Weezing
|-damage|p2a: Weezing|18/100
|
|-weather|SunnyDay|[upkeep]
|upkeep
|turn|13
|l|☆spidermathou
|inactive|spidermathou disconnected and has a minute to reconnect!
|player|p2|
|j|☆spidermathou
|inactive|spidermathou reconnected and has 145 seconds left.
|player|p2|spidermathou|harlequin|
|
|t:|1757843983
|move|p1a: Walking Wake|Hydro Steam|p2a: Weezing
|-damage|p2a: Weezing|0 fnt
|faint|p2a: Weezing
|-end|p2a: Weezing|ability: Neutralizing Gas
|
|-weather|SunnyDay|[upkeep]
|upkeep
|-message|spidermathou forfeited.
|
|win|go b3yond
|raw|go b3yond's rating: 1469 &rarr; <strong>1493</strong><br />(+24 for winning)
|raw|spidermathou's rating: 1531 &rarr; <strong>1507</strong><br />(-24 for losing)
|l|☆spidermathou
|player|p2|
|l|☆go b3yond
|player|p1|
