|j|☆SamiFawad
|j|☆will-i-am2
|t:|1757786990
|gametype|singles
|player|p1|SamiFawad|101|1404
|player|p2|will-i-am2|169|1452
|gen|9
|tier|[Gen 9] OU
|rated|
|rule|HP Percentage Mod: HP is shown in percentages
|rule|Endless Battle Clause: Forcing endless battles is banned
|rule|Species Clause: Limit one of each Pokémon
|rule|OHKO Clause: OHKO moves are banned
|rule|Evasion Items Clause: Evasion items are banned
|rule|Evasion Moves Clause: Evasion moves are banned
|rule|Evasion Abilities Clause: Evasion abilities are banned
|rule|Sleep Moves Clause: Sleep-inducing moves are banned
|clearpoke
|poke|p1|Slowking-Galar, M|
|poke|p1|Chesnaught, F|
|poke|p1|Ogerpon-Cornerstone, F|
|poke|p1|Samurott-Hisui, F|
|poke|p1|Thundurus-Therian, M|
|poke|p1|Great Tusk|
|poke|p2|Registeel|
|poke|p2|Mamoswine, F|
|poke|p2|Eelektross, M|
|poke|p2|Hydreigon, M|
|poke|p2|Slowbro, F|
|poke|p2|Mandibuzz, F|
|teampreview
|inactive|Battle timer is ON: inactive players will automatically lose when time's up. (requested by will-i-am2)
|
|t:|1757787000
|teamsize|p1|6
|teamsize|p2|6
|start
|switch|p1a: Chesnaught|Chesnaught, F|100/100
|switch|p2a: Mamoswine|Mamoswine, F|100/100
|turn|1
|
|t:|1757787003
|move|p2a: Mamoswine|Icicle Crash|p1a: Chesnaught
|-supereffective|p1a: Chesnaught
|-damage|p1a: Chesnaught|14/100
|move|p1a: Chesnaught|Leech Seed|p2a: Mamoswine
|-start|p2a: Mamoswine|move: Leech Seed
|
|-damage|p2a: Mamoswine|88/100|[from] Leech Seed|[of] p1a: Chesnaught
|-heal|p1a: Chesnaught|25/100|[silent]
|upkeep
|turn|2
|
|t:|1757787008
|switch|p2a: Hydreigon|Hydreigon, M|100/100
|move|p1a: Chesnaught|Spiky Shield||[still]
|-fail|p1a: Chesnaught
|
|upkeep
|turn|3
|
|t:|1757787015
|move|p2a: Hydreigon|Dark Pulse|p1a: Chesnaught
|-resisted|p1a: Chesnaught
|-crit|p1a: Chesnaught
|-damage|p1a: Chesnaught|0 fnt
|faint|p1a: Chesnaught
|
|upkeep
|
|t:|1757787018
|switch|p1a: Samurott|Samurott-Hisui, F|100/100
|turn|4
|
|t:|1757787021
|switch|p2a: Mandibuzz|Mandibuzz, F|100/100
|move|p1a: Samurott|Ceaseless Edge|p2a: Mandibuzz
|-resisted|p2a: Mandibuzz
|-damage|p2a: Mandibuzz|89/100
|-damage|p1a: Samurott|84/100|[from] item: Rocky Helmet|[of] p2a: Mandibuzz
|-sidestart|p2: will-i-am2|Spikes
|
|upkeep
|turn|5
|
|t:|1757787024
|move|p1a: Samurott|Flip Turn|p2a: Mandibuzz
|-damage|p2a: Mandibuzz|73/100
|-damage|p1a: Samurott|67/100|[from] item: Rocky Helmet|[of] p2a: Mandibuzz
|
|t:|1757787030
|switch|p1a: Ogerpon|Ogerpon-Cornerstone, F|100/100|[from] Flip Turn
|move|p2a: Mandibuzz|Defog|p1a: Ogerpon
|-unboost|p1a: Ogerpon|evasion|1
|-sideend|p2: will-i-am2|Spikes|[from] move: Defog|[of] p2a: Mandibuzz
|
|upkeep
|turn|6
|
|t:|1757787034
|switch|p2a: Registeel|Registeel|100/100
|move|p1a: Ogerpon|Ivy Cudgel|p2a: Registeel|[anim] Ivy Cudgel Rock
|-resisted|p2a: Registeel
|-damage|p2a: Registeel|84/100
|
|-heal|p2a: Registeel|90/100|[from] item: Leftovers
|upkeep
|turn|7
|
|t:|1757787039
|move|p1a: Ogerpon|Swords Dance|p1a: Ogerpon
|-boost|p1a: Ogerpon|atk|2
|move|p2a: Registeel|Stealth Rock|p1a: Ogerpon
|-sidestart|p1: SamiFawad|move: Stealth Rock
|
|-heal|p2a: Registeel|96/100|[from] item: Leftovers
|upkeep
|turn|8
|
|t:|1757787042
|move|p1a: Ogerpon|Low Kick|p2a: Registeel
|-supereffective|p2a: Registeel
|-damage|p2a: Registeel|0 fnt
|faint|p2a: Registeel
|
|upkeep
|
|t:|1757787056
|switch|p2a: Mamoswine|Mamoswine, F|88/100
|turn|9
|
|t:|1757787058
|-terastallize|p2a: Mamoswine|Ice
|move|p2a: Mamoswine|Ice Shard|p1a: Ogerpon
|-supereffective|p1a: Ogerpon
|-ability|p1a: Ogerpon|Sturdy
|-damage|p1a: Ogerpon|1/100
|move|p1a: Ogerpon|Horn Leech|p2a: Mamoswine
|-damage|p2a: Mamoswine|0 fnt
|-heal|p1a: Ogerpon|53/100|[from] drain|[of] p2a: Mamoswine
|faint|p2a: Mamoswine
|
|upkeep
|
|t:|1757787074
|switch|p2a: Eelektross|Eelektross, M|100/100
|turn|10
|
|t:|1757787078
|move|p1a: Ogerpon|Horn Leech|p2a: Eelektross
|-damage|p2a: Eelektross|5/100
|-heal|p1a: Ogerpon|100/100|[from] drain|[of] p2a: Eelektross
|move|p2a: Eelektross|Drain Punch|p1a: Ogerpon
|-supereffective|p1a: Ogerpon
|-damage|p1a: Ogerpon|16/100
|-heal|p2a: Eelektross|41/100|[from] drain|[of] p1a: Ogerpon
|-damage|p2a: Eelektross|31/100|[from] item: Life Orb
|
|upkeep
|turn|11
|
|t:|1757787087
|switch|p2a: Mandibuzz|Mandibuzz, F|73/100
|move|p1a: Ogerpon|Horn Leech|p2a: Mandibuzz
|-resisted|p2a: Mandibuzz
|-damage|p2a: Mandibuzz|47/100
|-heal|p1a: Ogerpon|34/100|[from] drain|[of] p2a: Mandibuzz
|-damage|p1a: Ogerpon|17/100|[from] item: Rocky Helmet|[of] p2a: Mandibuzz
|
|upkeep
|turn|12
|
|t:|1757787095
|move|p1a: Ogerpon|Ivy Cudgel|p2a: Mandibuzz|[anim] Ivy Cudgel Rock
|-supereffective|p2a: Mandibuzz
|-damage|p2a: Mandibuzz|0 fnt
|faint|p2a: Mandibuzz
|
|upkeep
|
|t:|1757787099
|switch|p2a: Hydreigon|Hydreigon, M|100/100
|turn|13
|l|☆SamiFawad
|inactive|SamiFawad disconnected and has a minute to reconnect!
|player|p1|
|inactive|SamiFawad has 30 seconds to reconnect!
|inactive|SamiFawad has 20 seconds to reconnect!
|inactive|SamiFawad has 15 seconds to reconnect!
|inactive|SamiFawad has 10 seconds to reconnect!
|inactive|SamiFawad has 5 seconds to reconnect!
|-message|SamiFawad lost due to inactivity.
|
|win|will-i-am2
|raw|SamiFawad's rating: 1404 &rarr; <strong>1387</strong><br />(-17 for losing)
|raw|will-i-am2's rating: 1452 &rarr; <strong>1469</strong><br />(+17 for winning)
|l|☆will-i-am2
|player|p2|
|j|☆SamiFawad
|player|p1|SamiFawad|101|
|l|☆SamiFawad
|player|p1|
