|j|☆lolcano46
|j|☆bellaisbad
|t:|1757897792
|gametype|singles
|player|p1|lolcano46|fisherman-gen4|1647
|player|p2|bellaisbad|miku-fairy|1701
|gen|9
|tier|[Gen 9] OU
|rated|
|rule|HP Percentage Mod: HP is shown in percentages
|rule|Endless Battle Clause: Forcing endless battles is banned
|rule|Species Clause: Limit one of each Pokémon
|rule|OHKO Clause: OHKO moves are banned
|rule|Evasion Items Clause: Evasion items are banned
|rule|Evasion Moves Clause: Evasion moves are banned
|rule|Evasion Abilities Clause: Evasion abilities are banned
|rule|Sleep Moves Clause: Sleep-inducing moves are banned
|clearpoke
|poke|p1|Azelf|
|poke|p1|Ogerpon-Wellspring, F|
|poke|p1|Scizor, F|
|poke|p1|Gengar, M|
|poke|p1|Raging Bolt|
|poke|p1|Cinderace, M|
|poke|p2|Gholdengo|
|poke|p2|Zamazenta-*|
|poke|p2|Ting-Lu|
|poke|p2|Clefable, F|
|poke|p2|Dragonite, M|
|poke|p2|Deoxys-Speed|
|teampreview
|inactive|Battle timer is ON: inactive players will automatically lose when time's up. (requested by lolcano46)
|
|t:|1757897812
|teamsize|p1|6
|teamsize|p2|6
|start
|switch|p1a: Gengar|Gengar, M|100/100
|switch|p2a: Ting-Lu|Ting-Lu|100/100
|-ability|p2a: Ting-Lu|Vessel of Ruin
|turn|1
|
|t:|1757897819
|switch|p1a: Ogerpon|Ogerpon-Wellspring, F|100/100
|move|p2a: Ting-Lu|Spikes|p1a: Ogerpon
|-sidestart|p1: lolcano46|Spikes
|
|upkeep
|turn|2
|
|t:|1757897824
|switch|p2a: Dragonite|Dragonite, M|100/100
|move|p1a: Ogerpon|Swords Dance|p1a: Ogerpon
|-boost|p1a: Ogerpon|atk|2
|
|upkeep
|turn|3
|
|t:|1757897827
|move|p1a: Ogerpon|Play Rough|p2a: Dragonite
|-supereffective|p2a: Dragonite
|-damage|p2a: Dragonite|40/100
|move|p2a: Dragonite|Dragon Tail|p1a: Ogerpon
|-damage|p1a: Ogerpon|54/100
|drag|p1a: Azelf|Azelf|100/100
|
|upkeep
|turn|4
|
|t:|1757897839
|switch|p2a: Gholdengo|Gholdengo|100/100
|move|p1a: Azelf|Dazzling Gleam|p2a: Gholdengo
|-resisted|p2a: Gholdengo
|-damage|p2a: Gholdengo|89/100
|
|upkeep
|turn|5
|
|t:|1757897847
|move|p1a: Azelf|Flamethrower|p2a: Gholdengo
|-supereffective|p2a: Gholdengo
|-damage|p2a: Gholdengo|24/100
|move|p2a: Gholdengo|Shadow Ball|p1a: Azelf
|-supereffective|p1a: Azelf
|-damage|p1a: Azelf|0 fnt
|faint|p1a: Azelf
|
|upkeep
|
|t:|1757897859
|switch|p1a: Cinderace|Cinderace, M|100/100
|turn|6
|
|t:|1757897867
|switch|p2a: Dragonite|Dragonite, M|40/100
|move|p1a: Cinderace|Pyro Ball|p2a: Dragonite|[miss]
|-miss|p1a: Cinderace|p2a: Dragonite
|
|upkeep
|turn|7
|
|t:|1757897871
|move|p1a: Cinderace|Will-O-Wisp|p2a: Dragonite
|-status|p2a: Dragonite|brn
|move|p2a: Dragonite|Roost|p2a: Dragonite
|-heal|p2a: Dragonite|90/100 brn
|-singleturn|p2a: Dragonite|move: Roost
|
|-damage|p2a: Dragonite|84/100 brn|[from] brn
|upkeep
|turn|8
|
|t:|1757897880
|switch|p2a: Clefable|Clefable, F|100/100
|move|p1a: Cinderace|Pyro Ball|p2a: Clefable
|-damage|p2a: Clefable|55/100
|
|upkeep
|turn|9
|
|t:|1757897886
|move|p1a: Cinderace|Pyro Ball|p2a: Clefable
|-damage|p2a: Clefable|10/100
|move|p2a: Clefable|Moonlight|p2a: Clefable
|-heal|p2a: Clefable|60/100
|
|upkeep
|turn|10
|
|t:|1757897891
|switch|p1a: Ogerpon|Ogerpon-Wellspring, F|54/100
|-damage|p1a: Ogerpon|41/100|[from] Spikes
|move|p2a: Clefable|Moonlight|p2a: Clefable
|-heal|p2a: Clefable|100/100
|
|upkeep
|turn|11
|
|t:|1757897897
|switch|p2a: Dragonite|Dragonite, M|84/100 brn
|move|p1a: Ogerpon|Horn Leech|p2a: Dragonite
|-resisted|p2a: Dragonite
|-damage|p2a: Dragonite|73/100 brn
|-heal|p1a: Ogerpon|48/100|[from] drain|[of] p2a: Dragonite
|
|-damage|p2a: Dragonite|67/100 brn|[from] brn
|upkeep
|turn|12
|
|t:|1757897901
|move|p1a: Ogerpon|Play Rough|p2a: Dragonite
|-supereffective|p2a: Dragonite
|-damage|p2a: Dragonite|1/100 brn
|move|p2a: Dragonite|Dragon Tail|p1a: Ogerpon
|-damage|p1a: Ogerpon|25/100
|drag|p1a: Cinderace|Cinderace, M|100/100
|
|-damage|p2a: Dragonite|0 fnt|[from] brn
|faint|p2a: Dragonite
|upkeep
|
|t:|1757897906
|switch|p2a: Deoxys|Deoxys-Speed|100/100
|-ability|p2a: Deoxys|Pressure
|turn|13
|
|t:|1757897913
|move|p2a: Deoxys|Psycho Boost|p1a: Cinderace
|-damage|p1a: Cinderace|8/100
|-unboost|p2a: Deoxys|spa|2
|move|p1a: Cinderace|Will-O-Wisp|p2a: Deoxys
|-status|p2a: Deoxys|brn
|
|-damage|p2a: Deoxys|94/100 brn|[from] brn
|upkeep
|turn|14
|
|t:|1757897918
|move|p1a: Cinderace|Sucker Punch|p2a: Deoxys
|-start|p1a: Cinderace|typechange|Dark|[from] ability: Libero
|-supereffective|p2a: Deoxys
|-damage|p2a: Deoxys|0 fnt
|faint|p2a: Deoxys
|
|upkeep
|
|t:|1757897920
|switch|p2a: Zamazenta|Zamazenta|100/100
|-ability|p2a: Zamazenta|Dauntless Shield|boost
|-boost|p2a: Zamazenta|def|1
|turn|15
|
|t:|1757897926
|move|p2a: Zamazenta|Crunch|p1a: Cinderace
|-resisted|p1a: Cinderace
|-damage|p1a: Cinderace|0 fnt
|faint|p1a: Cinderace
|
|upkeep
|
|t:|1757897928
|switch|p1a: Raging Bolt|Raging Bolt|100/100
|-damage|p1a: Raging Bolt|88/100|[from] Spikes
|-enditem|p1a: Raging Bolt|Booster Energy
|-activate|p1a: Raging Bolt|ability: Protosynthesis|[fromitem]
|-start|p1a: Raging Bolt|protosynthesisspa
|turn|16
|
|t:|1757897932
|switch|p2a: Ting-Lu|Ting-Lu|100/100
|-ability|p2a: Ting-Lu|Vessel of Ruin
|move|p1a: Raging Bolt|Dragon Pulse|p2a: Ting-Lu
|-damage|p2a: Ting-Lu|71/100
|
|-heal|p2a: Ting-Lu|78/100|[from] item: Leftovers
|upkeep
|turn|17
|
|t:|1757897945
|move|p1a: Raging Bolt|Dragon Pulse|p2a: Ting-Lu
|-damage|p2a: Ting-Lu|49/100
|move|p2a: Ting-Lu|Whirlwind|p1a: Raging Bolt
|-end|p1a: Raging Bolt|Protosynthesis|[silent]
|drag|p1a: Gengar|Gengar, M|100/100
|-damage|p1a: Gengar|88/100|[from] Spikes
|
|-heal|p2a: Ting-Lu|56/100|[from] item: Leftovers
|upkeep
|turn|18
|
|t:|1757897952
|move|p1a: Gengar|Trick|p2a: Ting-Lu
|-activate|p1a: Gengar|move: Trick|[of] p2a: Ting-Lu
|-item|p2a: Ting-Lu|Choice Scarf|[from] move: Trick
|-item|p1a: Gengar|Leftovers|[from] move: Trick
|move|p2a: Ting-Lu|Spikes|p1a: Gengar
|-sidestart|p1: lolcano46|Spikes
|
|-heal|p1a: Gengar|94/100|[from] item: Leftovers
|upkeep
|turn|19
|
|t:|1757897961
|move|p1a: Gengar|Thunder Wave|p2a: Ting-Lu
|-immune|p2a: Ting-Lu
|move|p2a: Ting-Lu|Spikes|p1a: Gengar
|-sidestart|p1: lolcano46|Spikes
|
|-heal|p1a: Gengar|100/100|[from] item: Leftovers
|upkeep
|turn|20
|
|t:|1757897968
|move|p1a: Gengar|Shadow Ball|p2a: Ting-Lu
|-resisted|p2a: Ting-Lu
|-damage|p2a: Ting-Lu|47/100
|move|p2a: Ting-Lu|Spikes||[still]
|-fail|p2a: Ting-Lu
|
|upkeep
|turn|21
|
|t:|1757897974
|move|p1a: Gengar|Sludge Bomb|p2a: Ting-Lu
|-resisted|p2a: Ting-Lu
|-damage|p2a: Ting-Lu|37/100
|-status|p2a: Ting-Lu|psn
|move|p2a: Ting-Lu|Spikes||[still]
|-fail|p2a: Ting-Lu
|
|-damage|p2a: Ting-Lu|25/100 psn|[from] psn
|upkeep
|turn|22
|
|t:|1757897982
|switch|p1a: Scizor|Scizor, F|100/100
|-damage|p1a: Scizor|76/100|[from] Spikes
|move|p2a: Ting-Lu|Spikes||[still]
|-fail|p2a: Ting-Lu
|
|-damage|p2a: Ting-Lu|12/100 psn|[from] psn
|upkeep
|turn|23
|
|t:|1757897985
|move|p1a: Scizor|Swords Dance|p1a: Scizor
|-boost|p1a: Scizor|atk|2
|move|p2a: Ting-Lu|Spikes||[still]
|-fail|p2a: Ting-Lu
|
|-damage|p2a: Ting-Lu|0 fnt|[from] psn
|faint|p2a: Ting-Lu
|upkeep
|
|t:|1757897987
|switch|p2a: Zamazenta|Zamazenta|100/100
|turn|24
|
|t:|1757897993
|-terastallize|p2a: Zamazenta|Fire
|move|p1a: Scizor|Bullet Punch|p2a: Zamazenta
|-resisted|p2a: Zamazenta
|-damage|p2a: Zamazenta|65/100
|move|p2a: Zamazenta|Stone Edge|p1a: Scizor
|-damage|p1a: Scizor|40/100
|
|upkeep
|turn|25
|
|t:|1757898001
|move|p2a: Zamazenta|Close Combat|p1a: Scizor
|-crit|p1a: Scizor
|-damage|p1a: Scizor|0 fnt
|-unboost|p2a: Zamazenta|def|1
|-unboost|p2a: Zamazenta|spd|1
|faint|p1a: Scizor
|
|upkeep
|
|t:|1757898004
|switch|p1a: Raging Bolt|Raging Bolt|88/100
|-damage|p1a: Raging Bolt|63/100|[from] Spikes
|turn|26
|
|t:|1757898016
|switch|p2a: Gholdengo|Gholdengo|24/100
|-terastallize|p1a: Raging Bolt|Fairy
|move|p1a: Raging Bolt|Calm Mind|p1a: Raging Bolt
|-boost|p1a: Raging Bolt|spa|1
|-boost|p1a: Raging Bolt|spd|1
|
|upkeep
|turn|27
|
|t:|1757898027
|move|p1a: Raging Bolt|Thunderbolt|p2a: Gholdengo
|-damage|p2a: Gholdengo|0 fnt
|faint|p2a: Gholdengo
|
|upkeep
|
|t:|1757898034
|switch|p2a: Clefable|Clefable, F|100/100
|turn|28
|
|t:|1757898039
|move|p1a: Raging Bolt|Thunderbolt|p2a: Clefable
|-damage|p2a: Clefable|27/100
|move|p2a: Clefable|Moonblast|p1a: Raging Bolt
|-damage|p1a: Raging Bolt|42/100
|
|upkeep
|turn|29
|
|t:|1757898045
|move|p1a: Raging Bolt|Thunderbolt|p2a: Clefable
|-damage|p2a: Clefable|0 fnt
|faint|p2a: Clefable
|
|upkeep
|
|t:|1757898046
|switch|p2a: Zamazenta|Zamazenta, tera:Fire|65/100
|turn|30
|
|t:|1757898052
|move|p1a: Raging Bolt|Thunderclap|p2a: Zamazenta
|-damage|p2a: Zamazenta|12/100
|move|p2a: Zamazenta|Stone Edge|p1a: Raging Bolt
|-damage|p1a: Raging Bolt|12/100
|
|upkeep
|turn|31
|-message|bellaisbad forfeited.
|
|win|lolcano46
|raw|lolcano46's rating: 1647 &rarr; <strong>1670</strong><br />(+23 for winning)
|raw|bellaisbad's rating: 1701 &rarr; <strong>1678</strong><br />(-23 for losing)
|l|☆bellaisbad
|player|p2|
|l|☆lolcano46
|player|p1|
