|j|☆jacksonjsr
|j|☆looklookneed
|t:|1757823383
|gametype|singles
|player|p1|jacksonjsr|170|1172
|player|p2|looklookneed|102|1233
|gen|9
|tier|[Gen 9] OU
|rated|
|rule|HP Percentage Mod: HP is shown in percentages
|rule|Endless Battle Clause: Forcing endless battles is banned
|rule|Species Clause: Limit one of each Pokémon
|rule|OHKO Clause: OHKO moves are banned
|rule|Evasion Items Clause: Evasion items are banned
|rule|Evasion Moves Clause: Evasion moves are banned
|rule|Evasion Abilities Clause: Evasion abilities are banned
|rule|Sleep Moves Clause: Sleep-inducing moves are banned
|clearpoke
|poke|p1|Garchomp, F|
|poke|p1|Ninetales-Alola, F|
|poke|p1|Volcanion|
|poke|p1|Corviknight, M|
|poke|p1|Iron Hands|
|poke|p1|Mimikyu, F|
|poke|p2|Lilligant, F|
|poke|p2|Raging Bolt|
|poke|p2|Walking Wake|
|poke|p2|Torkoal, M|
|poke|p2|Gliscor, F|
|poke|p2|Scizor, F|
|teampreview
|
|t:|1757823398
|teamsize|p1|6
|teamsize|p2|6
|start
|switch|p1a: Ninetales|Ninetales-Alola, F|100/100
|switch|p2a: Gliscor|Gliscor, F|100/100
|-weather|Snowscape|[from] ability: Snow Warning|[of] p1a: Ninetales
|turn|1
|
|t:|1757823407
|switch|p2a: Torkoal|Torkoal, M|100/100
|-weather|SunnyDay|[from] ability: Drought|[of] p2a: Torkoal
|move|p1a: Ninetales|Aurora Veil||[still]
|-fail|p1a: Ninetales
|
|-weather|SunnyDay|[upkeep]
|upkeep
|turn|2
|
|t:|1757823430
|switch|p1a: Volcanion|Volcanion|100/100
|switch|p2a: Walking Wake|Walking Wake|100/100
|-activate|p2a: Walking Wake|ability: Protosynthesis
|-start|p2a: Walking Wake|protosynthesisspe
|
|-weather|SunnyDay|[upkeep]
|upkeep
|turn|3
|
|t:|1757823456
|switch|p1a: Ninetales|Ninetales-Alola, F|100/100
|-weather|Snowscape|[from] ability: Snow Warning|[of] p1a: Ninetales
|-end|p2a: Walking Wake|Protosynthesis
|move|p2a: Walking Wake|Draco Meteor|p1a: Ninetales
|-immune|p1a: Ninetales
|
|-weather|Snowscape|[upkeep]
|upkeep
|turn|4
|
|t:|1757823469
|-end|p2a: Walking Wake|Protosynthesis|[silent]
|switch|p2a: Torkoal|Torkoal, M|100/100
|-weather|SunnyDay|[from] ability: Drought|[of] p2a: Torkoal
|move|p1a: Ninetales|Aurora Veil||[still]
|-fail|p1a: Ninetales
|
|-weather|SunnyDay|[upkeep]
|upkeep
|turn|5
|
|t:|1757823499
|switch|p1a: Iron Hands|Iron Hands|100/100
|-enditem|p1a: Iron Hands|Booster Energy
|-activate|p1a: Iron Hands|ability: Quark Drive|[fromitem]
|-start|p1a: Iron Hands|quarkdriveatk
|switch|p2a: Scizor|Scizor, F|100/100
|
|-weather|SunnyDay|[upkeep]
|upkeep
|turn|6
|
|t:|1757823516
|move|p2a: Scizor|U-turn|p1a: Iron Hands
|-resisted|p1a: Iron Hands
|-damage|p1a: Iron Hands|88/100
|
|t:|1757823521
|switch|p2a: Raging Bolt|Raging Bolt|100/100|[from] U-turn
|-activate|p2a: Raging Bolt|ability: Protosynthesis
|-start|p2a: Raging Bolt|protosynthesisspa
|move|p1a: Iron Hands|Close Combat|p2a: Raging Bolt
|-crit|p2a: Raging Bolt
|-damage|p2a: Raging Bolt|0 fnt
|-unboost|p1a: Iron Hands|def|1
|-unboost|p1a: Iron Hands|spd|1
|faint|p2a: Raging Bolt
|-end|p2a: Raging Bolt|Protosynthesis|[silent]
|
|-weather|SunnyDay|[upkeep]
|upkeep
|
|t:|1757823535
|switch|p2a: Lilligant|Lilligant, F|100/100
|turn|7
|
|t:|1757823539
|move|p2a: Lilligant|Weather Ball|p1a: Iron Hands
|-damage|p1a: Iron Hands|21/100
|move|p1a: Iron Hands|Swords Dance|p1a: Iron Hands
|-boost|p1a: Iron Hands|atk|2
|
|-weather|SunnyDay|[upkeep]
|upkeep
|turn|8
|
|t:|1757823563
|move|p2a: Lilligant|Alluring Voice|p1a: Iron Hands
|-supereffective|p1a: Iron Hands
|-damage|p1a: Iron Hands|0 fnt
|faint|p1a: Iron Hands
|-end|p1a: Iron Hands|Quark Drive|[silent]
|
|-weather|SunnyDay|[upkeep]
|upkeep
|
|t:|1757823570
|switch|p1a: Volcanion|Volcanion|100/100
|turn|9
|
|t:|1757823576
|-terastallize|p2a: Lilligant|Ground
|move|p2a: Lilligant|Tera Blast|p1a: Volcanion|[anim] Tera Blast Ground
|-supereffective|p1a: Volcanion
|-damage|p1a: Volcanion|18/100
|move|p1a: Volcanion|Will-O-Wisp|p2a: Lilligant
|-status|p2a: Lilligant|brn
|
|-weather|SunnyDay|[upkeep]
|-heal|p1a: Volcanion|24/100|[from] item: Leftovers
|-damage|p2a: Lilligant|94/100 brn|[from] brn
|upkeep
|turn|10
|
|t:|1757823597
|switch|p1a: Ninetales|Ninetales-Alola, F|100/100
|-weather|Snowscape|[from] ability: Snow Warning|[of] p1a: Ninetales
|move|p2a: Lilligant|Alluring Voice|p1a: Ninetales
|-damage|p1a: Ninetales|74/100
|
|-weather|Snowscape|[upkeep]
|-damage|p2a: Lilligant|88/100 brn|[from] brn
|upkeep
|turn|11
|
|t:|1757823607
|switch|p1a: Garchomp|Garchomp, F|100/100
|switch|p2a: Torkoal|Torkoal, M|100/100
|-weather|SunnyDay|[from] ability: Drought|[of] p2a: Torkoal
|
|-weather|SunnyDay|[upkeep]
|upkeep
|turn|12
|
|t:|1757823623
|switch|p2a: Scizor|Scizor, F|100/100
|move|p1a: Garchomp|Dragon Tail|p2a: Scizor
|-resisted|p2a: Scizor
|-damage|p2a: Scizor|87/100
|drag|p2a: Gliscor|Gliscor, F|100/100
|
|-weather|SunnyDay|[upkeep]
|-status|p2a: Gliscor|tox|[from] item: Toxic Orb
|upkeep
|turn|13
|
|t:|1757823635
|move|p2a: Gliscor|Stealth Rock|p1a: Garchomp
|-sidestart|p1: jacksonjsr|move: Stealth Rock
|move|p1a: Garchomp|Dragon Tail|p2a: Gliscor
|-crit|p2a: Gliscor
|-damage|p2a: Gliscor|76/100 tox
|drag|p2a: Lilligant|Lilligant, F, tera:Ground|88/100 brn
|
|-weather|SunnyDay|[upkeep]
|-damage|p2a: Lilligant|82/100 brn|[from] brn
|upkeep
|turn|14
|
|t:|1757823646
|move|p2a: Lilligant|Alluring Voice|p1a: Garchomp
|-supereffective|p1a: Garchomp
|-damage|p1a: Garchomp|47/100
|move|p1a: Garchomp|Dragon Tail|p2a: Lilligant
|-damage|p2a: Lilligant|49/100 brn
|drag|p2a: Walking Wake|Walking Wake|100/100
|-activate|p2a: Walking Wake|ability: Protosynthesis
|-start|p2a: Walking Wake|protosynthesisspe
|
|-weather|SunnyDay|[upkeep]
|upkeep
|turn|15
|
|t:|1757823657
|-terastallize|p1a: Garchomp|Fairy
|move|p2a: Walking Wake|Draco Meteor|p1a: Garchomp
|-immune|p1a: Garchomp
|move|p1a: Garchomp|Dragon Tail|p2a: Walking Wake
|-supereffective|p2a: Walking Wake
|-damage|p2a: Walking Wake|47/100
|-end|p2a: Walking Wake|Protosynthesis|[silent]
|drag|p2a: Gliscor|Gliscor, F|76/100 tox
|
|-weather|SunnyDay|[upkeep]
|-heal|p2a: Gliscor|89/100 tox|[from] ability: Poison Heal
|upkeep
|turn|16
|
|t:|1757823680
|switch|p1a: Volcanion|Volcanion|24/100
|-damage|p1a: Volcanion|0 fnt|[from] Stealth Rock
|faint|p1a: Volcanion
|move|p2a: Gliscor|Knock Off|p1: Volcanion|[notarget]
|-fail|p2a: Gliscor
|
|-weather|SunnyDay|[upkeep]
|-heal|p2a: Gliscor|100/100 tox|[from] ability: Poison Heal
|upkeep
|
|t:|1757823690
|switch|p1a: Mimikyu|Mimikyu, F|100/100
|-damage|p1a: Mimikyu|88/100|[from] Stealth Rock
|turn|17
|
|t:|1757823697
|move|p1a: Mimikyu|Swords Dance|p1a: Mimikyu
|-boost|p1a: Mimikyu|atk|2
|move|p2a: Gliscor|Knock Off|p1a: Mimikyu
|-activate|p1a: Mimikyu|ability: Disguise
|-damage|p1a: Mimikyu|88/100
|-enditem|p1a: Mimikyu|Life Orb|[from] move: Knock Off|[of] p2a: Gliscor
|detailschange|p1a: Mimikyu|Mimikyu-Busted, F
|-damage|p1a: Mimikyu|76/100|[from] pokemon: Mimikyu-Busted
|
|-weather|SunnyDay|[upkeep]
|upkeep
|turn|18
|
|t:|1757823716
|move|p1a: Mimikyu|Play Rough|p2a: Gliscor
|-damage|p2a: Gliscor|49/100 tox
|move|p2a: Gliscor|Earthquake|p1a: Mimikyu
|-damage|p1a: Mimikyu|27/100
|
|-weather|none
|-heal|p2a: Gliscor|61/100 tox|[from] ability: Poison Heal
|upkeep
|turn|19
|
|t:|1757823729
|move|p1a: Mimikyu|Shadow Sneak|p2a: Gliscor
|-damage|p2a: Gliscor|37/100 tox
|move|p2a: Gliscor|Earthquake|p1a: Mimikyu
|-damage|p1a: Mimikyu|0 fnt
|faint|p1a: Mimikyu
|
|-heal|p2a: Gliscor|50/100 tox|[from] ability: Poison Heal
|upkeep
|
|t:|1757823738
|switch|p1a: Corviknight|Corviknight, M, shiny|100/100
|-damage|p1a: Corviknight|88/100|[from] Stealth Rock
|turn|20
|
|t:|1757823746
|switch|p2a: Torkoal|Torkoal, M|100/100
|-weather|SunnyDay|[from] ability: Drought|[of] p2a: Torkoal
|move|p1a: Corviknight|Iron Defense|p1a: Corviknight
|-boost|p1a: Corviknight|def|2
|
|-weather|SunnyDay|[upkeep]
|-heal|p1a: Corviknight|94/100|[from] item: Leftovers
|upkeep
|turn|21
|
|t:|1757823757
|switch|p1a: Garchomp|Garchomp, F, tera:Fairy|47/100
|-damage|p1a: Garchomp|34/100|[from] Stealth Rock
|move|p2a: Torkoal|Overheat|p1a: Garchomp
|-damage|p1a: Garchomp|0 fnt
|-unboost|p2a: Torkoal|spa|2
|faint|p1a: Garchomp
|
|-weather|SunnyDay|[upkeep]
|upkeep
|-message|jacksonjsr forfeited.
|
|win|looklookneed
|raw|jacksonjsr's rating: 1172 &rarr; <strong>1151</strong><br />(-21 for losing)
|raw|looklookneed's rating: 1233 &rarr; <strong>1254</strong><br />(+21 for winning)
|l|☆jacksonjsr
|player|p1|
