|j|☆suprya
|j|☆Ominous vibes
|t:|1757954884
|gametype|singles
|player|p1|suprya|preschooler|1696
|player|p2|Ominous vibes|101|1758
|gen|9
|tier|[Gen 9] OU
|rated|
|rule|HP Percentage Mod: HP is shown in percentages
|rule|Endless Battle Clause: Forcing endless battles is banned
|rule|Species Clause: Limit one of each Pokémon
|rule|OHKO Clause: OHKO moves are banned
|rule|Evasion Items Clause: Evasion items are banned
|rule|Evasion Moves Clause: Evasion moves are banned
|rule|Evasion Abilities Clause: Evasion abilities are banned
|rule|Sleep Moves Clause: Sleep-inducing moves are banned
|clearpoke
|poke|p1|Samurott-Hisui, M|
|poke|p1|Fezandipiti, M|
|poke|p1|Zamazenta-*|
|poke|p1|Weavile, M|
|poke|p1|Corviknight, M|
|poke|p1|Palossand, F|
|poke|p2|Zamazenta-*|
|poke|p2|Alomomola, F|
|poke|p2|Clodsire, M|
|poke|p2|Enamorus, F|
|poke|p2|Kingambit, F|
|poke|p2|Great Tusk|
|teampreview
|inactive|Battle timer is ON: inactive players will automatically lose when time's up. (requested by suprya)
|
|t:|1757954905
|teamsize|p1|6
|teamsize|p2|6
|start
|switch|p1a: Samurott|Samurott-Hisui, M|100/100
|switch|p2a: Alomomola|Alomomola, F|100/100
|turn|1
|
|t:|1757954927
|move|p1a: Samurott|Ceaseless Edge|p2a: Alomomola|[miss]
|-miss|p1a: Samurott|p2a: Alomomola
|move|p2a: Alomomola|Flip Turn|p1a: Samurott
|-resisted|p1a: Samurott
|-crit|p1a: Samurott
|-damage|p1a: Samurott|86/100
|
|t:|1757954931
|switch|p2a: Zamazenta|Zamazenta|100/100|[from] Flip Turn
|-ability|p2a: Zamazenta|Dauntless Shield|boost
|-boost|p2a: Zamazenta|def|1
|
|upkeep
|turn|2
|
|t:|1757954943
|switch|p2a: Enamorus|Enamorus, F|100/100
|switch|p1a: Palossand|Palossand, F|100/100
|
|upkeep
|turn|3
|
|t:|1757954946
|switch|p1a: Fezandipiti|Fezandipiti, M|100/100
|move|p2a: Enamorus|Substitute|p2a: Enamorus
|-start|p2a: Enamorus|Substitute
|-damage|p2a: Enamorus|76/100
|
|-heal|p2a: Enamorus|82/100|[from] item: Leftovers
|upkeep
|turn|4
|
|t:|1757954950
|move|p2a: Enamorus|Earth Power|p1a: Fezandipiti
|-supereffective|p1a: Fezandipiti
|-damage|p1a: Fezandipiti|42/100
|move|p1a: Fezandipiti|Moonblast|p2a: Enamorus
|-end|p2a: Enamorus|Substitute
|
|-heal|p2a: Enamorus|88/100|[from] item: Leftovers
|-heal|p1a: Fezandipiti|48/100|[from] item: Leftovers
|upkeep
|turn|5
|
|t:|1757954956
|switch|p1a: Corviknight|Corviknight, M|100/100
|-ability|p1a: Corviknight|Pressure
|move|p2a: Enamorus|Substitute|p2a: Enamorus
|-start|p2a: Enamorus|Substitute
|-damage|p2a: Enamorus|63/100
|
|-heal|p2a: Enamorus|69/100|[from] item: Leftovers
|upkeep
|turn|6
|
|t:|1757954962
|move|p2a: Enamorus|Superpower|p1a: Corviknight
|-damage|p1a: Corviknight|78/100
|-boost|p2a: Enamorus|atk|1
|-boost|p2a: Enamorus|def|1
|-damage|p2a: Enamorus|53/100|[from] item: Rocky Helmet|[of] p1a: Corviknight
|move|p1a: Corviknight|Brave Bird|p2a: Enamorus
|-end|p2a: Enamorus|Substitute
|-damage|p1a: Corviknight|72/100|[from] Recoil|[of] p2a: Enamorus
|
|-heal|p2a: Enamorus|59/100|[from] item: Leftovers
|upkeep
|turn|7
|
|t:|1757954969
|move|p2a: Enamorus|Substitute|p2a: Enamorus
|-start|p2a: Enamorus|Substitute
|-damage|p2a: Enamorus|34/100
|move|p1a: Corviknight|Brave Bird|p2a: Enamorus
|-end|p2a: Enamorus|Substitute
|-damage|p1a: Corviknight|66/100|[from] Recoil|[of] p2a: Enamorus
|
|-heal|p2a: Enamorus|40/100|[from] item: Leftovers
|upkeep
|turn|8
|
|t:|1757954981
|move|p2a: Enamorus|Substitute|p2a: Enamorus
|-start|p2a: Enamorus|Substitute
|-damage|p2a: Enamorus|15/100
|move|p1a: Corviknight|Brave Bird|p2a: Enamorus
|-end|p2a: Enamorus|Substitute
|-damage|p1a: Corviknight|60/100|[from] Recoil|[of] p2a: Enamorus
|
|-heal|p2a: Enamorus|22/100|[from] item: Leftovers
|upkeep
|turn|9
|
|t:|1757954986
|switch|p2a: Alomomola|Alomomola, F|100/100
|move|p1a: Corviknight|Roost|p1a: Corviknight
|-heal|p1a: Corviknight|100/100
|-singleturn|p1a: Corviknight|move: Roost
|
|upkeep
|turn|10
|
|t:|1757954989
|move|p1a: Corviknight|U-turn|p2a: Alomomola
|-damage|p2a: Alomomola|90/100
|
|t:|1757954995
|switch|p1a: Samurott|Samurott-Hisui, M|86/100|[from] U-turn
|move|p2a: Alomomola|Flip Turn|p1a: Samurott
|-resisted|p1a: Samurott
|-damage|p1a: Samurott|76/100
|
|t:|1757955000
|switch|p2a: Zamazenta|Zamazenta|100/100|[from] Flip Turn
|
|upkeep
|turn|11
|
|t:|1757955007
|switch|p1a: Palossand|Palossand, F|100/100
|move|p2a: Zamazenta|Close Combat|p1a: Palossand
|-immune|p1a: Palossand
|
|upkeep
|turn|12
|
|t:|1757955012
|switch|p2a: Clodsire|Clodsire, M|100/100
|move|p1a: Palossand|Stealth Rock|p2a: Clodsire
|-sidestart|p2: Ominous vibes|move: Stealth Rock
|
|upkeep
|turn|13
|
|t:|1757955015
|switch|p1a: Samurott|Samurott-Hisui, M|76/100
|move|p2a: Clodsire|Spikes|p1a: Samurott
|-sidestart|p1: suprya|Spikes
|
|upkeep
|turn|14
|
|t:|1757955031
|switch|p2a: Zamazenta|Zamazenta|100/100
|-damage|p2a: Zamazenta|94/100|[from] Stealth Rock
|move|p1a: Samurott|Ceaseless Edge|p2a: Zamazenta
|-resisted|p2a: Zamazenta
|-damage|p2a: Zamazenta|72/100
|-sidestart|p2: Ominous vibes|Spikes
|
|upkeep
|turn|15
|
|t:|1757955041
|switch|p1a: Corviknight|Corviknight, M|100/100
|-ability|p1a: Corviknight|Pressure
|move|p2a: Zamazenta|Ice Fang|p1a: Corviknight
|-damage|p1a: Corviknight|84/100
|-damage|p2a: Zamazenta|56/100|[from] item: Rocky Helmet|[of] p1a: Corviknight
|
|upkeep
|turn|16
|
|t:|1757955045
|switch|p2a: Alomomola|Alomomola, F|100/100
|move|p1a: Corviknight|U-turn|p2a: Alomomola
|-damage|p2a: Alomomola|90/100
|
|t:|1757955049
|switch|p1a: Fezandipiti|Fezandipiti, M|48/100|[from] U-turn
|-damage|p1a: Fezandipiti|36/100|[from] Spikes
|
|-heal|p1a: Fezandipiti|42/100|[from] item: Leftovers
|upkeep
|turn|17
|
|t:|1757955054
|switch|p2a: Clodsire|Clodsire, M|100/100
|-damage|p2a: Clodsire|94/100|[from] Stealth Rock
|-damage|p2a: Clodsire|82/100|[from] Spikes
|move|p1a: Fezandipiti|Roost|p1a: Fezandipiti
|-heal|p1a: Fezandipiti|92/100
|-singleturn|p1a: Fezandipiti|move: Roost
|
|-heal|p1a: Fezandipiti|98/100|[from] item: Leftovers
|-heal|p2a: Clodsire|88/100|[from] item: Leftovers
|upkeep
|turn|18
|
|t:|1757955058
|switch|p1a: Samurott|Samurott-Hisui, M|76/100
|move|p2a: Clodsire|Spikes|p1a: Samurott
|-sidestart|p1: suprya|Spikes
|
|-heal|p2a: Clodsire|94/100|[from] item: Leftovers
|upkeep
|turn|19
|
|t:|1757955062
|move|p1a: Samurott|Ceaseless Edge|p2a: Clodsire
|-damage|p2a: Clodsire|40/100
|-sidestart|p2: Ominous vibes|Spikes
|move|p2a: Clodsire|Toxic|p1a: Samurott
|-status|p1a: Samurott|tox
|
|-heal|p2a: Clodsire|47/100|[from] item: Leftovers
|-damage|p1a: Samurott|70/100 tox|[from] psn
|upkeep
|turn|20
|
|t:|1757955070
|switch|p2a: Alomomola|Alomomola, F|100/100
|move|p1a: Samurott|Ceaseless Edge|p2a: Alomomola
|-damage|p2a: Alomomola|68/100
|-sidestart|p2: Ominous vibes|Spikes
|
|-damage|p1a: Samurott|57/100 tox|[from] psn
|upkeep
|turn|21
|
|t:|1757955074
|move|p1a: Samurott|Ceaseless Edge|p2a: Alomomola
|-damage|p2a: Alomomola|31/100
|move|p2a: Alomomola|Wish|p2a: Alomomola
|
|-damage|p1a: Samurott|39/100 tox|[from] psn
|upkeep
|turn|22
|
|t:|1757955079
|switch|p1a: Fezandipiti|Fezandipiti, M|98/100
|-damage|p1a: Fezandipiti|82/100|[from] Spikes
|move|p2a: Alomomola|Protect||[still]
|-fail|p2a: Alomomola
|
|-heal|p2a: Alomomola|81/100|[from] move: Wish|[wisher] Alomomola
|-heal|p1a: Fezandipiti|88/100|[from] item: Leftovers
|upkeep
|turn|23
|
|t:|1757955083
|move|p1a: Fezandipiti|Nasty Plot|p1a: Fezandipiti
|-boost|p1a: Fezandipiti|spa|2
|move|p2a: Alomomola|Wish|p2a: Alomomola
|
|-heal|p1a: Fezandipiti|94/100|[from] item: Leftovers
|upkeep
|turn|24
|
|t:|1757955089
|move|p1a: Fezandipiti|Moonblast|p2a: Alomomola
|-damage|p2a: Alomomola|33/100
|-unboost|p2a: Alomomola|spa|1
|move|p2a: Alomomola|Flip Turn|p1a: Fezandipiti
|-damage|p1a: Fezandipiti|74/100
|
|t:|1757955104
|switch|p2a: Clodsire|Clodsire, M|47/100|[from] Flip Turn
|-damage|p2a: Clodsire|40/100|[from] Stealth Rock
|-damage|p2a: Clodsire|15/100|[from] Spikes
|
|-heal|p2a: Clodsire|71/100|[from] move: Wish|[wisher] Alomomola
|-heal|p1a: Fezandipiti|80/100|[from] item: Leftovers
|-heal|p2a: Clodsire|78/100|[from] item: Leftovers
|upkeep
|turn|25
|
|t:|1757955109
|switch|p1a: Corviknight|Corviknight, M|84/100
|-ability|p1a: Corviknight|Pressure
|move|p2a: Clodsire|Spikes|p1a: Corviknight
|-sidestart|p1: suprya|Spikes
|
|-heal|p2a: Clodsire|84/100|[from] item: Leftovers
|upkeep
|turn|26
|
|t:|1757955112
|switch|p2a: Alomomola|Alomomola, F|66/100
|move|p1a: Corviknight|Brave Bird|p2a: Alomomola
|-damage|p2a: Alomomola|40/100
|-damage|p1a: Corviknight|73/100|[from] Recoil
|
|upkeep
|turn|27
|
|t:|1757955116
|move|p1a: Corviknight|Brave Bird|p2a: Alomomola
|-damage|p2a: Alomomola|13/100
|-damage|p1a: Corviknight|61/100|[from] Recoil
|move|p2a: Alomomola|Wish|p2a: Alomomola
|
|upkeep
|turn|28
|
|t:|1757955124
|switch|p1a: Weavile|Weavile, M|100/100
|-ability|p1a: Weavile|Pressure
|move|p2a: Alomomola|Protect||[still]
|-fail|p2a: Alomomola
|
|-heal|p2a: Alomomola|63/100|[from] move: Wish|[wisher] Alomomola
|upkeep
|turn|29
|
|t:|1757955129
|move|p1a: Weavile|Knock Off|p2a: Alomomola
|-damage|p2a: Alomomola|30/100
|-enditem|p2a: Alomomola|Heavy-Duty Boots|[from] move: Knock Off|[of] p1a: Weavile
|move|p2a: Alomomola|Flip Turn|p1a: Weavile
|-damage|p1a: Weavile|70/100
|
|t:|1757955143
|switch|p2a: Great Tusk|Great Tusk|100/100|[from] Flip Turn
|
|upkeep
|turn|30
|
|t:|1757955151
|switch|p1a: Palossand|Palossand, F|100/100
|-damage|p1a: Palossand|76/100|[from] Spikes
|move|p2a: Great Tusk|Knock Off|p1a: Palossand
|-supereffective|p1a: Palossand
|-damage|p1a: Palossand|37/100
|-damage|p2a: Great Tusk|84/100|[from] item: Rocky Helmet|[of] p1a: Palossand
|-enditem|p1a: Palossand|Rocky Helmet|[from] move: Knock Off|[of] p2a: Great Tusk
|
|upkeep
|turn|31
|
|t:|1757955165
|move|p2a: Great Tusk|Ice Spinner|p1a: Palossand
|-supereffective|p1a: Palossand
|-damage|p1a: Palossand|0 fnt
|faint|p1a: Palossand
|
|upkeep
|
|t:|1757955170
|switch|p1a: Fezandipiti|Fezandipiti, M|80/100
|-damage|p1a: Fezandipiti|55/100|[from] Spikes
|turn|32
|
|t:|1757955173
|move|p1a: Fezandipiti|Moonblast|p2a: Great Tusk
|-supereffective|p2a: Great Tusk
|-damage|p2a: Great Tusk|0 fnt
|faint|p2a: Great Tusk
|-end|p2a: Great Tusk|Protosynthesis|[silent]
|
|-heal|p1a: Fezandipiti|61/100|[from] item: Leftovers
|upkeep
|
|t:|1757955181
|switch|p2a: Kingambit|Kingambit, F|100/100
|-damage|p2a: Kingambit|94/100|[from] Stealth Rock
|-activate|p2a: Kingambit|ability: Supreme Overlord
|-start|p2a: Kingambit|fallen1|[silent]
|-item|p2a: Kingambit|Air Balloon
|turn|33
|
|t:|1757955188
|switch|p1a: Samurott|Samurott-Hisui, M|39/100 tox
|move|p2a: Kingambit|Swords Dance|p2a: Kingambit
|-boost|p2a: Kingambit|atk|2
|
|-damage|p1a: Samurott|33/100 tox|[from] psn
|upkeep
|turn|34
|
|t:|1757955193
|move|p2a: Kingambit|Sucker Punch||[still]
|-fail|p2a: Kingambit
|move|p1a: Samurott|Encore|p2a: Kingambit
|-start|p2a: Kingambit|Encore
|
|-damage|p1a: Samurott|20/100 tox|[from] psn
|upkeep
|turn|35
|
|t:|1757955196
|switch|p1a: Zamazenta|Zamazenta|100/100
|-damage|p1a: Zamazenta|76/100|[from] Spikes
|-ability|p1a: Zamazenta|Dauntless Shield|boost
|-boost|p1a: Zamazenta|def|1
|move|p2a: Kingambit|Sucker Punch||[still]
|-fail|p2a: Kingambit
|
|-heal|p1a: Zamazenta|82/100|[from] item: Leftovers
|upkeep
|turn|36
|
|t:|1757955204
|-end|p2a: Kingambit|fallen1|[silent]
|switch|p2a: Clodsire|Clodsire, M|84/100
|-damage|p2a: Clodsire|78/100|[from] Stealth Rock
|-damage|p2a: Clodsire|53/100|[from] Spikes
|move|p1a: Zamazenta|Body Press|p2a: Clodsire
|-resisted|p2a: Clodsire
|-damage|p2a: Clodsire|25/100
|
|-heal|p1a: Zamazenta|88/100|[from] item: Leftovers
|-heal|p2a: Clodsire|31/100|[from] item: Leftovers
|upkeep
|turn|37
|
|t:|1757955211
|switch|p1a: Samurott|Samurott-Hisui, M|20/100 tox
|move|p2a: Clodsire|Recover|p2a: Clodsire
|-heal|p2a: Clodsire|81/100
|
|-heal|p2a: Clodsire|88/100|[from] item: Leftovers
|-damage|p1a: Samurott|14/100 tox|[from] psn
|upkeep
|turn|38
|
|t:|1757955227
|switch|p2a: Enamorus|Enamorus, F|22/100
|-damage|p2a: Enamorus|0 fnt|[from] Stealth Rock
|faint|p2a: Enamorus
|move|p1a: Samurott|Ceaseless Edge|p2: Enamorus|[notarget]
|-fail|p1a: Samurott
|
|-damage|p1a: Samurott|2/100 tox|[from] psn
|upkeep
|
|t:|1757955234
|switch|p2a: Alomomola|Alomomola, F|63/100
|-damage|p2a: Alomomola|50/100|[from] Stealth Rock
|-damage|p2a: Alomomola|25/100|[from] Spikes
|turn|39
|
|t:|1757955244
|switch|p1a: Corviknight|Corviknight, M|61/100
|-ability|p1a: Corviknight|Pressure
|move|p2a: Alomomola|Protect||[still]
|-fail|p2a: Alomomola
|
|upkeep
|turn|40
|
|t:|1757955252
|move|p1a: Corviknight|Roost|p1a: Corviknight
|-heal|p1a: Corviknight|100/100
|-singleturn|p1a: Corviknight|move: Roost
|move|p2a: Alomomola|Wish|p2a: Alomomola
|
|upkeep
|turn|41
|
|t:|1757955261
|move|p2a: Alomomola|Protect|p2a: Alomomola
|-singleturn|p2a: Alomomola|Protect
|move|p1a: Corviknight|U-turn|p2a: Alomomola
|-activate|p2a: Alomomola|move: Protect
|
|-heal|p2a: Alomomola|75/100|[from] move: Wish|[wisher] Alomomola
|upkeep
|turn|42
|
|t:|1757955263
|move|p1a: Corviknight|Brave Bird|p2a: Alomomola
|-damage|p2a: Alomomola|47/100
|-damage|p1a: Corviknight|88/100|[from] Recoil
|move|p2a: Alomomola|Wish|p2a: Alomomola
|
|upkeep
|turn|43
|
|t:|1757955271
|move|p1a: Corviknight|U-turn|p2a: Alomomola
|-damage|p2a: Alomomola|36/100
|
|t:|1757955273
|switch|p1a: Samurott|Samurott-Hisui, M|2/100 tox|[from] U-turn
|move|p2a: Alomomola|Tickle|p1a: Samurott
|-unboost|p1a: Samurott|atk|1
|-unboost|p1a: Samurott|def|1
|
|-heal|p2a: Alomomola|86/100|[from] move: Wish|[wisher] Alomomola
|-damage|p1a: Samurott|0 fnt|[from] psn
|faint|p1a: Samurott
|upkeep
|
|t:|1757955276
|switch|p1a: Fezandipiti|Fezandipiti, M|61/100
|-damage|p1a: Fezandipiti|36/100|[from] Spikes
|turn|44
|
|t:|1757955279
|move|p1a: Fezandipiti|Roost|p1a: Fezandipiti
|-heal|p1a: Fezandipiti|86/100
|-singleturn|p1a: Fezandipiti|move: Roost
|move|p2a: Alomomola|Tickle|p1a: Fezandipiti
|-unboost|p1a: Fezandipiti|atk|1
|-unboost|p1a: Fezandipiti|def|1
|
|-heal|p1a: Fezandipiti|92/100|[from] item: Leftovers
|upkeep
|turn|45
|
|t:|1757955289
|switch|p1a: Corviknight|Corviknight, M|88/100
|-ability|p1a: Corviknight|Pressure
|move|p2a: Alomomola|Wish|p2a: Alomomola
|
|upkeep
|turn|46
|c|☆Ominous vibes|Cool fez set btw
|
|t:|1757955299
|move|p1a: Corviknight|Brave Bird|p2a: Alomomola
|-damage|p2a: Alomomola|59/100
|-damage|p1a: Corviknight|76/100|[from] Recoil
|move|p2a: Alomomola|Flip Turn|p1a: Corviknight
|-damage|p1a: Corviknight|65/100
|-damage|p2a: Alomomola|43/100|[from] item: Rocky Helmet|[of] p1a: Corviknight
|
|t:|1757955302
|switch|p2a: Zamazenta|Zamazenta|56/100|[from] Flip Turn
|-damage|p2a: Zamazenta|50/100|[from] Stealth Rock
|-damage|p2a: Zamazenta|25/100|[from] Spikes
|
|-heal|p2a: Zamazenta|99/100|[from] move: Wish|[wisher] Alomomola
|upkeep
|turn|47
|
|t:|1757955308
|switch|p2a: Alomomola|Alomomola, F|76/100
|-damage|p2a: Alomomola|63/100|[from] Stealth Rock
|-damage|p2a: Alomomola|38/100|[from] Spikes
|move|p1a: Corviknight|Brave Bird|p2a: Alomomola
|-damage|p2a: Alomomola|13/100
|-damage|p1a: Corviknight|55/100|[from] Recoil
|
|upkeep
|turn|48
|
|t:|1757955314
|move|p1a: Corviknight|Brave Bird|p2a: Alomomola
|-damage|p2a: Alomomola|0 fnt
|faint|p2a: Alomomola
|-damage|p1a: Corviknight|49/100|[from] Recoil
|
|upkeep
|
|t:|1757955318
|switch|p2a: Kingambit|Kingambit, F|94/100
|-damage|p2a: Kingambit|88/100|[from] Stealth Rock
|-activate|p2a: Kingambit|ability: Supreme Overlord
|-start|p2a: Kingambit|fallen3|[silent]
|-item|p2a: Kingambit|Air Balloon
|turn|49
|
|t:|1757955322
|move|p2a: Kingambit|Swords Dance|p2a: Kingambit
|-boost|p2a: Kingambit|atk|2
|move|p1a: Corviknight|U-turn|p2a: Kingambit
|-damage|p2a: Kingambit|76/100
|-enditem|p2a: Kingambit|Air Balloon
|
|t:|1757955325
|switch|p1a: Zamazenta|Zamazenta|88/100|[from] U-turn
|-damage|p1a: Zamazenta|63/100|[from] Spikes
|
|-heal|p1a: Zamazenta|69/100|[from] item: Leftovers
|upkeep
|turn|50
|
|t:|1757955329
|-terastallize|p2a: Kingambit|Flying
|move|p1a: Zamazenta|Iron Defense|p1a: Zamazenta
|-boost|p1a: Zamazenta|def|2
|move|p2a: Kingambit|Tera Blast|p1a: Zamazenta|[anim] Tera Blast Flying
|-supereffective|p1a: Zamazenta
|-damage|p1a: Zamazenta|0 fnt
|faint|p1a: Zamazenta
|
|upkeep
|
|t:|1757955341
|switch|p1a: Weavile|Weavile, M|70/100
|-ability|p1a: Weavile|Pressure
|turn|51
|j| wgw2333
|
|t:|1757955351
|-end|p2a: Kingambit|fallen3|[silent]
|switch|p2a: Zamazenta|Zamazenta|99/100
|-damage|p2a: Zamazenta|93/100|[from] Stealth Rock
|-damage|p2a: Zamazenta|68/100|[from] Spikes
|move|p1a: Weavile|Icicle Crash|p2a: Zamazenta
|-damage|p2a: Zamazenta|30/100
|
|upkeep
|turn|52
|
|t:|1757955359
|switch|p1a: Corviknight|Corviknight, M|49/100
|-ability|p1a: Corviknight|Pressure
|move|p2a: Zamazenta|Close Combat|p1a: Corviknight
|-damage|p1a: Corviknight|6/100
|-unboost|p2a: Zamazenta|def|1
|-unboost|p2a: Zamazenta|spd|1
|-damage|p2a: Zamazenta|14/100|[from] item: Rocky Helmet|[of] p1a: Corviknight
|
|upkeep
|turn|53
|
|t:|1757955369
|switch|p2a: Clodsire|Clodsire, M|88/100
|-damage|p2a: Clodsire|81/100|[from] Stealth Rock
|-damage|p2a: Clodsire|56/100|[from] Spikes
|move|p1a: Corviknight|U-turn|p2a: Clodsire
|-resisted|p2a: Clodsire
|-damage|p2a: Clodsire|49/100
|
|t:|1757955373
|switch|p1a: Weavile|Weavile, M|70/100|[from] U-turn
|-ability|p1a: Weavile|Pressure
|
|-heal|p2a: Clodsire|55/100|[from] item: Leftovers
|upkeep
|turn|54
|
|t:|1757955379
|move|p1a: Weavile|Icicle Crash|p2a: Clodsire
|-supereffective|p2a: Clodsire
|-damage|p2a: Clodsire|0 fnt
|faint|p2a: Clodsire
|
|upkeep
|
|t:|1757955381
|switch|p2a: Kingambit|Kingambit, F, tera:Flying|76/100
|-damage|p2a: Kingambit|51/100|[from] Stealth Rock
|-activate|p2a: Kingambit|ability: Supreme Overlord
|-start|p2a: Kingambit|fallen4|[silent]
|turn|55
|
|t:|1757955387
|move|p1a: Weavile|Icicle Crash|p2a: Kingambit
|-supereffective|p2a: Kingambit
|-damage|p2a: Kingambit|0 fnt
|faint|p2a: Kingambit
|-end|p2a: Kingambit|fallen4|[silent]
|
|upkeep
|-message|Ominous vibes forfeited.
|
|win|suprya
|raw|suprya's rating: 1678 &rarr; <strong>1703</strong><br />(+25 for winning)
|raw|Ominous vibes's rating: 1758 &rarr; <strong>1733</strong><br />(-25 for losing)
|l|☆Ominous vibes
|player|p2|
|l|☆suprya
|player|p1|
