|j|☆meowshott
|j|☆lasg95
|t:|1757825320
|gametype|singles
|player|p1|meowshott|1|1219
|player|p2|lasg95|102|1192
|gen|9
|tier|[Gen 9] OU
|rated|
|rule|HP Percentage Mod: HP is shown in percentages
|rule|Endless Battle Clause: Forcing endless battles is banned
|rule|Species Clause: Limit one of each Pokémon
|rule|OHKO Clause: OHKO moves are banned
|rule|Evasion Items Clause: Evasion items are banned
|rule|Evasion Moves Clause: Evasion moves are banned
|rule|Evasion Abilities Clause: Evasion abilities are banned
|rule|Sleep Moves Clause: Sleep-inducing moves are banned
|clearpoke
|poke|p1|Blaziken, M|
|poke|p1|Walking Wake|
|poke|p1|Torkoal, M|
|poke|p1|Vileplume, F|
|poke|p1|Raging Bolt|
|poke|p1|Sableye, M|
|poke|p2|Lapras, M|
|poke|p2|Charizard, M|
|poke|p2|Dragonite, F|
|poke|p2|Venusaur, F|
|poke|p2|Gengar, M|
|poke|p2|Espeon, F|
|teampreview
|inactive|Battle timer is ON: inactive players will automatically lose when time's up. (requested by meowshott)
|
|t:|1757825348
|teamsize|p1|6
|teamsize|p2|6
|start
|switch|p1a: Torkoal|Torkoal, M|100/100
|switch|p2a: Venusaur|Venusaur, F|100/100
|-weather|SunnyDay|[from] ability: Drought|[of] p1a: Torkoal
|turn|1
|
|t:|1757825360
|-terastallize|p2a: Venusaur|Fire
|move|p2a: Venusaur|Earth Power|p1a: Torkoal
|-supereffective|p1a: Torkoal
|-damage|p1a: Torkoal|45/100
|move|p1a: Torkoal|Stealth Rock|p2a: Venusaur
|-sidestart|p2: lasg95|move: Stealth Rock
|
|-weather|SunnyDay|[upkeep]
|upkeep
|turn|2
|
|t:|1757825371
|move|p2a: Venusaur|Earth Power|p1a: Torkoal
|-supereffective|p1a: Torkoal
|-damage|p1a: Torkoal|0 fnt
|faint|p1a: Torkoal
|
|-weather|SunnyDay|[upkeep]
|upkeep
|
|t:|1757825374
|switch|p1a: Walking Wake|Walking Wake|100/100
|-activate|p1a: Walking Wake|ability: Protosynthesis
|-start|p1a: Walking Wake|protosynthesisspa
|turn|3
|
|t:|1757825382
|move|p2a: Venusaur|Leech Seed|p1a: Walking Wake
|-start|p1a: Walking Wake|move: Leech Seed
|move|p1a: Walking Wake|Draco Meteor|p2a: Venusaur
|-damage|p2a: Venusaur|0 fnt
|-unboost|p1a: Walking Wake|spa|2
|faint|p2a: Venusaur
|-damage|p1a: Walking Wake|91/100|[from] item: Life Orb
|
|-weather|SunnyDay|[upkeep]
|upkeep
|
|t:|1757825392
|switch|p2a: Dragonite|Dragonite, F|100/100
|turn|4
|
|t:|1757825401
|-end|p1a: Walking Wake|Protosynthesis|[silent]
|switch|p1a: Sableye|Sableye, M|100/100
|move|p2a: Dragonite|Dragon Dance|p2a: Dragonite
|-boost|p2a: Dragonite|atk|1
|-boost|p2a: Dragonite|spe|1
|
|-weather|SunnyDay|[upkeep]
|upkeep
|turn|5
|inactive|lasg95 has 120 seconds left.
|
|t:|1757825441
|move|p2a: Dragonite|Outrage|p1a: Sableye
|-damage|p1a: Sableye|0 fnt
|faint|p1a: Sableye
|
|-weather|SunnyDay|[upkeep]
|upkeep
|
|t:|1757825454
|switch|p1a: Nuptup|Vileplume, F|100/100
|turn|6
|inactive|lasg95 has 120 seconds left.
|
|t:|1757825469
|move|p1a: Nuptup|Strength Sap|p2a: Dragonite
|-unboost|p2a: Dragonite|atk|1
|move|p2a: Dragonite|Outrage|p1a: Nuptup|[from] lockedmove
|-damage|p1a: Nuptup|9/100
|
|-weather|SunnyDay|[upkeep]
|upkeep
|turn|7
|
|t:|1757825476
|move|p1a: Nuptup|Strength Sap|p2a: Dragonite
|-unboost|p2a: Dragonite|atk|1
|-heal|p1a: Nuptup|100/100
|move|p2a: Dragonite|Outrage|p1a: Nuptup|[from] lockedmove
|-damage|p1a: Nuptup|36/100
|-start|p2a: Dragonite|confusion|[fatigue]
|
|-weather|SunnyDay|[upkeep]
|upkeep
|turn|8
|inactive|lasg95 has 120 seconds left.
|
|t:|1757825502
|move|p1a: Nuptup|Sludge Bomb|p2a: Dragonite
|-damage|p2a: Dragonite|69/100
|-damage|p1a: Nuptup|26/100|[from] item: Life Orb
|-activate|p2a: Dragonite|confusion
|-damage|p2a: Dragonite|57/100|[from] confusion
|
|-weather|none
|upkeep
|turn|9
|
|t:|1757825513
|-activate|p2a: Dragonite|confusion
|move|p2a: Dragonite|Outrage|p1a: Nuptup
|-damage|p1a: Nuptup|0 fnt
|faint|p1a: Nuptup
|
|upkeep
|
|t:|1757825517
|switch|p1a: Blaziken|Blaziken, M, shiny|100/100
|turn|10
|
|t:|1757825521
|move|p1a: Blaziken|Protect|p1a: Blaziken
|-singleturn|p1a: Blaziken|Protect
|-activate|p2a: Dragonite|confusion
|-damage|p2a: Dragonite|46/100|[from] confusion
|
|-ability|p1a: Blaziken|Speed Boost|boost
|-boost|p1a: Blaziken|spe|1
|upkeep
|turn|11
|inactive|lasg95 has 120 seconds left.
|
|t:|1757825527
|move|p1a: Blaziken|Swords Dance|p1a: Blaziken
|-boost|p1a: Blaziken|atk|2
|-activate|p2a: Dragonite|confusion
|move|p2a: Dragonite|Outrage|p1a: Blaziken
|-damage|p1a: Blaziken|30/100
|
|-ability|p1a: Blaziken|Speed Boost|boost
|-boost|p1a: Blaziken|spe|1
|upkeep
|turn|12
|
|t:|1757825535
|move|p1a: Blaziken|Protect|p1a: Blaziken
|-singleturn|p1a: Blaziken|Protect
|-end|p2a: Dragonite|confusion
|move|p2a: Dragonite|Outrage|p1a: Blaziken|[from] lockedmove
|-activate|p1a: Blaziken|move: Protect
|-start|p2a: Dragonite|confusion|[fatigue]
|
|-ability|p1a: Blaziken|Speed Boost|boost
|-boost|p1a: Blaziken|spe|1
|upkeep
|turn|13
|
|t:|1757825540
|-activate|p2a: Dragonite|confusion
|-damage|p2a: Dragonite|35/100|[from] confusion
|move|p1a: Blaziken|Close Combat|p2a: Dragonite
|-resisted|p2a: Dragonite
|-damage|p2a: Dragonite|0 fnt
|-unboost|p1a: Blaziken|def|1
|-unboost|p1a: Blaziken|spd|1
|faint|p2a: Dragonite
|
|-ability|p1a: Blaziken|Speed Boost|boost
|-boost|p1a: Blaziken|spe|1
|upkeep
|
|t:|1757825549
|switch|p2a: Lapras|Lapras, M|100/100
|-damage|p2a: Lapras|75/100|[from] Stealth Rock
|turn|14
|
|t:|1757825553
|move|p1a: Blaziken|Close Combat|p2a: Lapras
|-supereffective|p2a: Lapras
|-crit|p2a: Lapras
|-damage|p2a: Lapras|0 fnt
|-unboost|p1a: Blaziken|def|1
|-unboost|p1a: Blaziken|spd|1
|faint|p2a: Lapras
|
|-ability|p1a: Blaziken|Speed Boost|boost
|-boost|p1a: Blaziken|spe|1
|upkeep
|
|t:|1757825557
|switch|p2a: Charizard|Charizard, M|100/100
|turn|15
|
|t:|1757825561
|-terastallize|p1a: Blaziken|Fighting
|move|p1a: Blaziken|Close Combat|p2a: Charizard
|-resisted|p2a: Charizard
|-damage|p2a: Charizard|0 fnt
|-unboost|p1a: Blaziken|def|1
|-unboost|p1a: Blaziken|spd|1
|faint|p2a: Charizard
|
|-ability|p1a: Blaziken|Speed Boost|boost
|-boost|p1a: Blaziken|spe|1
|upkeep
|
|t:|1757825578
|switch|p2a: Gengar|Gengar, M|100/100
|-damage|p2a: Gengar|88/100|[from] Stealth Rock
|turn|16
|
|t:|1757825581
|move|p1a: Blaziken|Flare Blitz|p2a: Gengar
|-damage|p2a: Gengar|0 fnt
|faint|p2a: Gengar
|-damage|p1a: Blaziken|5/100|[from] Recoil
|
|upkeep
|
|t:|1757825584
|switch|p2a: Espeon|Espeon, F|100/100
|-damage|p2a: Espeon|88/100|[from] Stealth Rock
|turn|17
|
|t:|1757825591
|move|p1a: Blaziken|Close Combat|p2a: Espeon
|-resisted|p2a: Espeon
|-damage|p2a: Espeon|0 fnt
|-unboost|p1a: Blaziken|def|1
|-unboost|p1a: Blaziken|spd|1
|faint|p2a: Espeon
|
|win|meowshott
|raw|meowshott's rating: 1219 &rarr; <strong>1242</strong><br />(+23 for winning)
|raw|lasg95's rating: 1192 &rarr; <strong>1169</strong><br />(-23 for losing)
|l|☆meowshott
|player|p1|
|l|☆lasg95
|player|p2|
