|j|☆RugzV
|j|☆xcPurple
|t:|1757833658
|gametype|singles
|player|p1|RugzV|gentleman-gen4|1256
|player|p2|xcPurple|rosa|1319
|gen|9
|tier|[Gen 9] OU
|rated|
|rule|HP Percentage Mod: HP is shown in percentages
|rule|Endless Battle Clause: Forcing endless battles is banned
|rule|Species Clause: Limit one of each Pokémon
|rule|OHKO Clause: OHKO moves are banned
|rule|Evasion Items Clause: Evasion items are banned
|rule|Evasion Moves Clause: Evasion moves are banned
|rule|Evasion Abilities Clause: Evasion abilities are banned
|rule|Sleep Moves Clause: Sleep-inducing moves are banned
|clearpoke
|poke|p1|Clodsire, F|
|poke|p1|Meowscarada, M|
|poke|p1|Alomomola, F|
|poke|p1|Enamorus-Therian, F|
|poke|p1|Ceruledge, M|
|poke|p1|Reuniclus, F|
|poke|p2|Galvantula, M|
|poke|p2|Gholdengo|
|poke|p2|Scizor, F|
|poke|p2|Ting-Lu|
|poke|p2|Great Tusk|
|poke|p2|Dragapult, F|
|teampreview
|inactive|Battle timer is ON: inactive players will automatically lose when time's up. (requested by xcPurple)
|
|t:|1757833664
|teamsize|p1|6
|teamsize|p2|6
|start
|switch|p1a: Purrfecto|Meowscarada, M|100/100
|switch|p2a: Galvantula|Galvantula, M|100/100
|turn|1
|
|t:|1757833675
|switch|p2a: Scizor|Scizor, F|100/100
|move|p1a: Purrfecto|U-turn|p2a: Scizor
|-start|p1a: Purrfecto|typechange|Bug|[from] ability: Protean
|-resisted|p2a: Scizor
|-damage|p2a: Scizor|84/100
|
|t:|1757833684
|switch|p1a: Spookilla|Ceruledge, M|100/100|[from] U-turn
|
|upkeep
|turn|2
|
|t:|1757833694
|switch|p2a: Ting-Lu|Ting-Lu|100/100
|-ability|p2a: Ting-Lu|Vessel of Ruin
|move|p1a: Spookilla|Bitter Blade|p2a: Ting-Lu
|-damage|p2a: Ting-Lu|77/100
|
|-heal|p2a: Ting-Lu|83/100|[from] item: Leftovers
|upkeep
|turn|3
|
|t:|1757833709
|switch|p1a: Bigfish|Alomomola, F|100/100
|move|p2a: Ting-Lu|Stealth Rock|p1a: Bigfish
|-sidestart|p1: RugzV|move: Stealth Rock
|
|-heal|p2a: Ting-Lu|90/100|[from] item: Leftovers
|upkeep
|turn|4
|
|t:|1757833719
|move|p1a: Bigfish|Flip Turn|p2a: Ting-Lu
|-supereffective|p2a: Ting-Lu
|-damage|p2a: Ting-Lu|74/100
|
|t:|1757833723
|switch|p1a: Embybro|Reuniclus, F|100/100|[from] Flip Turn
|move|p2a: Ting-Lu|Spikes|p1a: Embybro
|-sidestart|p1: RugzV|Spikes
|
|-heal|p2a: Ting-Lu|80/100|[from] item: Leftovers
|upkeep
|turn|5
|
|t:|1757833744
|switch|p2a: Dragapult|Dragapult, F, shiny|100/100
|-terastallize|p1a: Embybro|Fighting
|move|p1a: Embybro|Focus Blast|p2a: Dragapult
|-immune|p2a: Dragapult
|
|upkeep
|turn|6
|
|t:|1757833753
|move|p2a: Dragapult|Light Screen|p2a: Dragapult
|-sidestart|p2: xcPurple|move: Light Screen
|move|p1a: Embybro|Knock Off|p2a: Dragapult
|-supereffective|p2a: Dragapult
|-damage|p2a: Dragapult|56/100
|-enditem|p2a: Dragapult|Light Clay|[from] move: Knock Off|[of] p1a: Embybro
|
|upkeep
|turn|7
|
|t:|1757833772
|switch|p2a: Galvantula|Galvantula, M|100/100
|move|p1a: Embybro|Psychic Noise|p2a: Galvantula
|-damage|p2a: Galvantula|58/100
|-start|p2a: Galvantula|move: Heal Block
|
|upkeep
|turn|8
|
|t:|1757833783
|move|p2a: Galvantula|Sticky Web|p1a: Embybro
|-sidestart|p1: RugzV|move: Sticky Web
|move|p1a: Embybro|Knock Off|p2a: Galvantula
|-damage|p2a: Galvantula|21/100
|-enditem|p2a: Galvantula|Focus Sash|[from] move: Knock Off|[of] p1a: Embybro
|
|-end|p2a: Galvantula|move: Heal Block
|upkeep
|turn|9
|
|t:|1757833793
|switch|p1a: Clodders|Clodsire, F|100/100
|-damage|p1a: Clodders|94/100|[from] Stealth Rock
|-damage|p1a: Clodders|82/100|[from] Spikes
|-activate|p1a: Clodders|move: Sticky Web
|-unboost|p1a: Clodders|spe|1
|move|p2a: Galvantula|Thunder|p1a: Clodders
|-immune|p1a: Clodders
|
|-heal|p1a: Clodders|88/100|[from] item: Leftovers
|upkeep
|turn|10
|
|t:|1757833810
|switch|p2a: Gholdengo|Gholdengo, shiny|100/100
|-item|p2a: Gholdengo|Air Balloon
|move|p1a: Clodders|Stealth Rock|p2a: Gholdengo
|-sidestart|p2: xcPurple|move: Stealth Rock
|
|-heal|p1a: Clodders|94/100|[from] item: Leftovers
|upkeep
|turn|11
|
|t:|1757833827
|switch|p1a: Bigfish|Alomomola, F|100/100
|-damage|p1a: Bigfish|88/100|[from] Stealth Rock
|-damage|p1a: Bigfish|76/100|[from] Spikes
|-activate|p1a: Bigfish|move: Sticky Web
|-unboost|p1a: Bigfish|spe|1
|move|p2a: Gholdengo|Nasty Plot|p2a: Gholdengo
|-boost|p2a: Gholdengo|spa|2
|
|upkeep
|turn|12
|
|t:|1757833843
|move|p2a: Gholdengo|Nasty Plot|p2a: Gholdengo
|-boost|p2a: Gholdengo|spa|2
|move|p1a: Bigfish|Flip Turn|p2a: Gholdengo
|-damage|p2a: Gholdengo|84/100
|-enditem|p2a: Gholdengo|Air Balloon
|inactive|RugzV has 120 seconds left.
|
|t:|1757833856
|switch|p1a: Clodders|Clodsire, F|94/100|[from] Flip Turn
|-damage|p1a: Clodders|88/100|[from] Stealth Rock
|-damage|p1a: Clodders|76/100|[from] Spikes
|-activate|p1a: Clodders|move: Sticky Web
|-unboost|p1a: Clodders|spe|1
|
|-heal|p1a: Clodders|82/100|[from] item: Leftovers
|upkeep
|turn|13
|inactive|RugzV has 120 seconds left.
|
|t:|1757833866
|move|p2a: Gholdengo|Make It Rain|p1a: Clodders
|-damage|p1a: Clodders|0 fnt
|-unboost|p2a: Gholdengo|spa|1
|faint|p1a: Clodders
|
|-sideend|p2: xcPurple|move: Light Screen
|upkeep
|inactive|RugzV has 120 seconds left.
|
|t:|1757833874
|switch|p1a: Notatortoise|Enamorus-Therian, F|100/100
|-damage|p1a: Notatortoise|76/100|[from] Stealth Rock
|turn|14
|inactive|xcPurple has 120 seconds left.
|inactive|xcPurple has 90 seconds left.
|
|t:|1757833946
|move|p2a: Gholdengo|Shadow Ball|p1a: Notatortoise
|-damage|p1a: Notatortoise|0 fnt
|faint|p1a: Notatortoise
|
|upkeep
|inactive|RugzV has 120 seconds left.
|
|t:|1757833963
|switch|p1a: Spookilla|Ceruledge, M|100/100
|-damage|p1a: Spookilla|76/100|[from] Stealth Rock
|-damage|p1a: Spookilla|63/100|[from] Spikes
|-activate|p1a: Spookilla|move: Sticky Web
|-unboost|p1a: Spookilla|spe|1
|turn|15
|inactive|RugzV has 120 seconds left.
|
|t:|1757833971
|move|p1a: Spookilla|Shadow Sneak|p2a: Gholdengo
|-supereffective|p2a: Gholdengo
|-damage|p2a: Gholdengo|41/100
|move|p2a: Gholdengo|Shadow Ball|p1a: Spookilla
|-supereffective|p1a: Spookilla
|-damage|p1a: Spookilla|0 fnt
|faint|p1a: Spookilla
|
|upkeep
|inactive|RugzV has 120 seconds left.
|
|t:|1757833980
|switch|p1a: Purrfecto|Meowscarada, M|100/100
|-damage|p1a: Purrfecto|88/100|[from] Stealth Rock
|-damage|p1a: Purrfecto|76/100|[from] Spikes
|-activate|p1a: Purrfecto|move: Sticky Web
|-unboost|p1a: Purrfecto|spe|1
|turn|16
|
|t:|1757833988
|-terastallize|p2a: Gholdengo|Flying
|move|p1a: Purrfecto|Knock Off|p2a: Gholdengo
|-start|p1a: Purrfecto|typechange|Dark|[from] ability: Protean
|-damage|p2a: Gholdengo|11/100
|move|p2a: Gholdengo|Make It Rain|p1a: Purrfecto
|-damage|p1a: Purrfecto|0 fnt
|-unboost|p2a: Gholdengo|spa|1
|faint|p1a: Purrfecto
|
|upkeep
|inactive|RugzV has 120 seconds left.
|
|t:|1757834002
|switch|p1a: Bigfish|Alomomola, F|100/100
|-damage|p1a: Bigfish|88/100|[from] Stealth Rock
|-damage|p1a: Bigfish|76/100|[from] Spikes
|-activate|p1a: Bigfish|move: Sticky Web
|-unboost|p1a: Bigfish|spe|1
|turn|17
|
|t:|1757834010
|move|p2a: Gholdengo|Recover|p2a: Gholdengo
|-heal|p2a: Gholdengo|61/100
|move|p1a: Bigfish|Flip Turn|p2a: Gholdengo
|-damage|p2a: Gholdengo|45/100
|-message|RugzV forfeited.
|
|win|xcPurple
|raw|RugzV's rating: 1256 &rarr; <strong>1235</strong><br />(-21 for losing)
|raw|xcPurple's rating: 1319 &rarr; <strong>1335</strong><br />(+16 for winning)
|l|☆RugzV
|player|p1|
|l|☆xcPurple
|player|p2|
