|j|☆Jon Mateo
|j|☆Stoner007
|t:|1757939908
|gametype|singles
|player|p1|Jon Mateo|266|1290
|player|p2|Stoner007|lance|1272
|gen|9
|tier|[Gen 9] OU
|rated|
|rule|HP Percentage Mod: HP is shown in percentages
|rule|Endless Battle Clause: Forcing endless battles is banned
|rule|Species Clause: Limit one of each Pokémon
|rule|OHKO Clause: OHKO moves are banned
|rule|Evasion Items Clause: Evasion items are banned
|rule|Evasion Moves Clause: Evasion moves are banned
|rule|Evasion Abilities Clause: Evasion abilities are banned
|rule|Sleep Moves Clause: Sleep-inducing moves are banned
|clearpoke
|poke|p1|Ceruledge, M|
|poke|p1|Lokix, F|
|poke|p1|Ampharos, M|
|poke|p1|Quaquaval, M|
|poke|p1|Gardevoir, M|
|poke|p1|Garchomp, M|
|poke|p2|Pecharunt|
|poke|p2|Dragonite, M|
|poke|p2|Landorus-Therian, M|
|poke|p2|Deoxys-Speed|
|poke|p2|Meowscarada, F|
|poke|p2|Gholdengo|
|teampreview
|inactive|Battle timer is ON: inactive players will automatically lose when time's up. (requested by Stoner007)
|
|t:|1757939930
|teamsize|p1|6
|teamsize|p2|6
|start
|switch|p1a: Lokix|Lokix, F|100/100
|switch|p2a: Pecharunt|Pecharunt|100/100
|turn|1
|
|t:|1757939944
|move|p1a: Lokix|U-turn|p2a: Pecharunt
|-resisted|p2a: Pecharunt
|-damage|p2a: Pecharunt|94/100
|
|t:|1757939959
|switch|p1a: Garchomp|Garchomp, M|100/100|[from] U-turn
|move|p2a: Pecharunt|Malignant Chain|p1a: Garchomp
|-resisted|p1a: Garchomp
|-damage|p1a: Garchomp|87/100
|
|-heal|p2a: Pecharunt|99/100|[from] item: Black Sludge
|upkeep
|turn|2
|
|t:|1757939969
|move|p1a: Garchomp|Swords Dance|p1a: Garchomp
|-boost|p1a: Garchomp|atk|2
|move|p2a: Pecharunt|Parting Shot|p1a: Garchomp
|-unboost|p1a: Garchomp|atk|1
|-unboost|p1a: Garchomp|spa|1
|
|t:|1757939973
|switch|p2a: Landorus|Landorus-Therian, M|100/100|[from] Parting Shot
|-ability|p2a: Landorus|Intimidate|boost
|-unboost|p1a: Garchomp|atk|1
|
|upkeep
|turn|3
|
|t:|1757939992
|move|p1a: Garchomp|Swords Dance|p1a: Garchomp
|-boost|p1a: Garchomp|atk|2
|move|p2a: Landorus|Stealth Rock|p1a: Garchomp
|-sidestart|p1: Jon Mateo|move: Stealth Rock
|
|upkeep
|turn|4
|
|t:|1757939997
|move|p1a: Garchomp|Scale Shot|p2a: Landorus
|-crit|p2a: Landorus
|-damage|p2a: Landorus|71/100
|-damage|p2a: Landorus|50/100
|-damage|p2a: Landorus|29/100
|-damage|p2a: Landorus|7/100
|-hitcount|p2a: Landorus|4
|-unboost|p1a: Garchomp|def|1
|-boost|p1a: Garchomp|spe|1
|move|p2a: Landorus|Earthquake|p1a: Garchomp
|-damage|p1a: Garchomp|22/100
|
|upkeep
|turn|5
|
|t:|1757940020
|move|p1a: Garchomp|Iron Head|p2a: Landorus
|-damage|p2a: Landorus|0 fnt
|faint|p2a: Landorus
|
|upkeep
|
|t:|1757940028
|switch|p2a: Deoxys|Deoxys-Speed|100/100
|-ability|p2a: Deoxys|Pressure
|turn|6
|
|t:|1757940033
|move|p2a: Deoxys|Knock Off|p1a: Garchomp
|-damage|p1a: Garchomp|0 fnt
|-damage|p2a: Deoxys|88/100|[from] ability: Rough Skin|[of] p1a: Garchomp
|-enditem|p1a: Garchomp|Loaded Dice|[from] move: Knock Off|[of] p2a: Deoxys
|faint|p1a: Garchomp
|
|-heal|p2a: Deoxys|94/100|[from] item: Leftovers
|upkeep
|
|t:|1757940048
|switch|p1a: Lokix|Lokix, F|100/100
|-damage|p1a: Lokix|76/100|[from] Stealth Rock
|turn|7
|
|t:|1757940065
|switch|p2a: Pecharunt|Pecharunt|99/100
|move|p1a: Lokix|U-turn|p2a: Pecharunt
|-resisted|p2a: Pecharunt
|-damage|p2a: Pecharunt|92/100
|
|t:|1757940073
|switch|p1a: Ampharos|Ampharos, M|100/100|[from] U-turn
|-damage|p1a: Ampharos|88/100|[from] Stealth Rock
|
|-heal|p2a: Pecharunt|98/100|[from] item: Black Sludge
|upkeep
|turn|8
|
|t:|1757940087
|move|p2a: Pecharunt|Malignant Chain|p1a: Ampharos
|-damage|p1a: Ampharos|59/100
|move|p1a: Ampharos|Thunder Wave|p2a: Pecharunt
|-status|p2a: Pecharunt|par
|
|-heal|p2a: Pecharunt|100/100 par|[from] item: Black Sludge
|upkeep
|turn|9
|
|t:|1757940094
|move|p1a: Ampharos|Thunderbolt|p2a: Pecharunt
|-damage|p2a: Pecharunt|56/100 par
|cant|p2a: Pecharunt|par
|
|-heal|p2a: Pecharunt|62/100 par|[from] item: Black Sludge
|upkeep
|turn|10
|
|t:|1757940098
|move|p1a: Ampharos|Thunderbolt|p2a: Pecharunt
|-damage|p2a: Pecharunt|19/100 par
|move|p2a: Pecharunt|Parting Shot|p1a: Ampharos
|-unboost|p1a: Ampharos|atk|1
|-unboost|p1a: Ampharos|spa|1
|
|t:|1757940107
|switch|p2a: Gholdengo|Gholdengo|100/100|[from] Parting Shot
|
|upkeep
|turn|11
|
|t:|1757940129
|move|p2a: Gholdengo|Make It Rain|p1a: Ampharos
|-resisted|p1a: Ampharos
|-damage|p1a: Ampharos|24/100
|-unboost|p2a: Gholdengo|spa|1
|-enditem|p1a: Ampharos|Sitrus Berry|[eat]
|-heal|p1a: Ampharos|49/100|[from] item: Sitrus Berry
|move|p1a: Ampharos|Volt Switch|p2a: Gholdengo
|-damage|p2a: Gholdengo|86/100
|
|t:|1757940141
|switch|p1a: Gardevoir|Gardevoir, M|100/100|[from] Volt Switch
|-damage|p1a: Gardevoir|88/100|[from] Stealth Rock
|
|upkeep
|turn|12
|
|t:|1757940164
|move|p1a: Gardevoir|Mystical Fire|p2a: Gholdengo
|-supereffective|p2a: Gholdengo
|-damage|p2a: Gholdengo|50/100
|-unboost|p2a: Gholdengo|spa|1
|move|p2a: Gholdengo|Make It Rain|p1a: Gardevoir
|-supereffective|p1a: Gardevoir
|-damage|p1a: Gardevoir|17/100
|-unboost|p2a: Gholdengo|spa|1
|
|upkeep
|turn|13
|
|t:|1757940173
|switch|p2a: Pecharunt|Pecharunt|19/100 par
|move|p1a: Gardevoir|Mystical Fire|p2a: Pecharunt
|-damage|p2a: Pecharunt|0 fnt
|faint|p2a: Pecharunt
|
|upkeep
|
|t:|1757940184
|switch|p2a: Deoxys|Deoxys-Speed|94/100
|-ability|p2a: Deoxys|Pressure
|turn|14
|inactive|Stoner007 has 120 seconds left.
|
|t:|1757940213
|move|p2a: Deoxys|Knock Off|p1a: Gardevoir
|-damage|p1a: Gardevoir|0 fnt
|-enditem|p1a: Gardevoir|Choice Scarf|[from] move: Knock Off|[of] p2a: Deoxys
|faint|p1a: Gardevoir
|
|-heal|p2a: Deoxys|100/100|[from] item: Leftovers
|upkeep
|
|t:|1757940226
|switch|p1a: Lokix|Lokix, F|76/100
|-damage|p1a: Lokix|51/100|[from] Stealth Rock
|turn|15
|inactive|Stoner007 has 120 seconds left.
|
|t:|1757940248
|switch|p2a: Dragonite|Dragonite, M|100/100
|move|p1a: Lokix|U-turn|p2a: Dragonite
|-resisted|p2a: Dragonite
|-damage|p2a: Dragonite|82/100
|
|t:|1757940258
|switch|p1a: Ampharos|Ampharos, M|49/100|[from] U-turn
|-damage|p1a: Ampharos|37/100|[from] Stealth Rock
|
|upkeep
|turn|16
|inactive|Stoner007 has 120 seconds left.
|
|t:|1757940274
|move|p2a: Dragonite|Earthquake|p1a: Ampharos
|-supereffective|p1a: Ampharos
|-damage|p1a: Ampharos|0 fnt
|faint|p1a: Ampharos
|
|upkeep
|
|t:|1757940279
|switch|p1a: Quaquaval|Quaquaval, M|100/100
|-damage|p1a: Quaquaval|94/100|[from] Stealth Rock
|turn|17
|inactive|Stoner007 has 120 seconds left.
|
|t:|1757940301
|switch|p2a: Gholdengo|Gholdengo|50/100
|move|p1a: Quaquaval|Aqua Step|p2a: Gholdengo
|-damage|p2a: Gholdengo|0 fnt
|-boost|p1a: Quaquaval|spe|1
|faint|p2a: Gholdengo
|-ability|p1a: Quaquaval|Moxie|boost
|-boost|p1a: Quaquaval|atk|1
|
|upkeep
|
|t:|1757940304
|switch|p2a: Deoxys|Deoxys-Speed|100/100
|-ability|p2a: Deoxys|Pressure
|turn|18
|
|t:|1757940325
|move|p2a: Deoxys|Spikes|p1a: Quaquaval
|-sidestart|p1: Jon Mateo|Spikes
|move|p1a: Quaquaval|Aqua Step|p2a: Deoxys
|-damage|p2a: Deoxys|0 fnt
|-boost|p1a: Quaquaval|spe|1
|faint|p2a: Deoxys
|-ability|p1a: Quaquaval|Moxie|boost
|-boost|p1a: Quaquaval|atk|1
|
|upkeep
|
|t:|1757940334
|switch|p2a: Dragonite|Dragonite, M|82/100
|turn|19
|
|t:|1757940341
|-terastallize|p2a: Dragonite|Normal
|move|p2a: Dragonite|Extreme Speed|p1a: Quaquaval
|-damage|p1a: Quaquaval|40/100
|move|p1a: Quaquaval|Aqua Step|p2a: Dragonite
|-damage|p2a: Dragonite|0 fnt
|-boost|p1a: Quaquaval|spe|1
|faint|p2a: Dragonite
|-ability|p1a: Quaquaval|Moxie|boost
|-boost|p1a: Quaquaval|atk|1
|
|upkeep
|
|t:|1757940346
|switch|p2a: Meowscarada|Meowscarada, F|100/100
|turn|20
|
|t:|1757940358
|move|p1a: Quaquaval|Aqua Step|p2a: Meowscarada
|-resisted|p2a: Meowscarada
|-damage|p2a: Meowscarada|0 fnt
|-boost|p1a: Quaquaval|spe|1
|faint|p2a: Meowscarada
|
|win|Jon Mateo
|raw|Jon Mateo's rating: 1290 &rarr; <strong>1314</strong><br />(+24 for winning)
|raw|Stoner007's rating: 1272 &rarr; <strong>1248</strong><br />(-24 for losing)
|l|☆Stoner007
|player|p2|
|l|☆Jon Mateo
|player|p1|
