|j|☆Bark4Me~
|j|☆enrique2503
|t:|1757797075
|gametype|singles
|player|p1|Bark4Me~|psychicf-gen4|1027
|player|p2|enrique2503|ghetsis|1078
|gen|9
|tier|[Gen 9] OU
|rated|
|rule|HP Percentage Mod: HP is shown in percentages
|rule|Endless Battle Clause: Forcing endless battles is banned
|rule|Species Clause: Limit one of each Pokémon
|rule|OHKO Clause: OHKO moves are banned
|rule|Evasion Items Clause: Evasion items are banned
|rule|Evasion Moves Clause: Evasion moves are banned
|rule|Evasion Abilities Clause: Evasion abilities are banned
|rule|Sleep Moves Clause: Sleep-inducing moves are banned
|clearpoke
|poke|p1|Indeedee, M|
|poke|p1|Hatterene, F|
|poke|p1|Ursaluna, F|
|poke|p1|Iron Hands|
|poke|p1|Hoopa-Unbound|
|poke|p1|Mimikyu, F|
|poke|p2|Darkrai|
|poke|p2|Dragonite, M|
|poke|p2|Kyurem|
|poke|p2|Ceruledge, F|
|poke|p2|Kingambit, M|
|poke|p2|Great Tusk|
|teampreview
|
|t:|1757797099
|teamsize|p1|6
|teamsize|p2|6
|start
|switch|p1a: Orion|Indeedee, M, shiny|100/100
|switch|p2a: Darkrai|Darkrai|100/100
|-fieldstart|move: Psychic Terrain|[from] ability: Psychic Surge|[of] p1a: Orion
|turn|1
|
|t:|1757797117
|-terastallize|p2a: Darkrai|Dark
|move|p2a: Darkrai|Sucker Punch||[still]
|-fail|p2a: Darkrai
|move|p1a: Orion|Trick Room|p1a: Orion
|-fieldstart|move: Trick Room|[of] p1a: Orion
|
|upkeep
|turn|2
|
|t:|1757797125
|move|p1a: Orion|Encore|p2a: Darkrai
|-start|p2a: Darkrai|Encore
|move|p2a: Darkrai|Sucker Punch||[still]
|-fail|p2a: Darkrai
|
|upkeep
|turn|3
|
|t:|1757797151
|switch|p1a: Luna|Ursaluna, F, shiny|100/100
|move|p2a: Darkrai|Sucker Punch||[still]
|-fail|p2a: Darkrai
|
|-status|p1a: Luna|brn|[from] item: Flame Orb
|upkeep
|turn|4
|
|t:|1757797178
|switch|p2a: Great Tusk|Great Tusk|100/100
|-enditem|p2a: Great Tusk|Booster Energy
|-activate|p2a: Great Tusk|ability: Protosynthesis|[fromitem]
|-start|p2a: Great Tusk|protosynthesisspe
|move|p1a: Luna|Headlong Rush|p2a: Great Tusk
|-damage|p2a: Great Tusk|36/100
|-unboost|p1a: Luna|def|1
|-unboost|p1a: Luna|spd|1
|
|-damage|p1a: Luna|94/100 brn|[from] brn
|upkeep
|turn|5
|
|t:|1757797193
|move|p1a: Luna|Ice Punch|p2a: Great Tusk
|-supereffective|p2a: Great Tusk
|-damage|p2a: Great Tusk|0 fnt
|faint|p2a: Great Tusk
|-end|p2a: Great Tusk|Protosynthesis|[silent]
|
|-damage|p1a: Luna|88/100 brn|[from] brn
|-fieldend|move: Trick Room
|upkeep
|
|t:|1757797202
|switch|p2a: Darkrai|Darkrai, tera:Dark|100/100
|turn|6
|
|t:|1757797215
|switch|p1a: Mimi|Mimikyu, F, shiny|100/100
|move|p2a: Darkrai|Knock Off|p1a: Mimi
|-activate|p1a: Mimi|ability: Disguise
|-damage|p1a: Mimi|100/100
|-enditem|p1a: Mimi|Red Card|[from] move: Knock Off|[of] p2a: Darkrai
|detailschange|p1a: Mimi|Mimikyu-Busted, F, shiny
|-damage|p1a: Mimi|88/100|[from] pokemon: Mimikyu-Busted
|
|upkeep
|turn|7
|
|t:|1757797230
|move|p2a: Darkrai|Swords Dance|p2a: Darkrai
|-boost|p2a: Darkrai|atk|2
|move|p1a: Mimi|Trick Room|p1a: Mimi
|-fieldstart|move: Trick Room|[of] p1a: Mimi
|
|upkeep
|turn|8
|
|t:|1757797236
|move|p1a: Mimi|Play Rough|p2a: Darkrai
|-supereffective|p2a: Darkrai
|-damage|p2a: Darkrai|19/100
|move|p2a: Darkrai|Knock Off|p1a: Mimi
|-damage|p1a: Mimi|22/100
|
|-heal|p2a: Darkrai|25/100|[from] item: Leftovers
|-fieldend|move: Psychic Terrain
|upkeep
|turn|9
|
|t:|1757797254
|move|p2a: Darkrai|Sucker Punch||[still]
|-fail|p2a: Darkrai
|move|p1a: Mimi|Curse|p2a: Darkrai
|-start|p2a: Darkrai|Curse|[of] p1a: Mimi
|-damage|p1a: Mimi|0 fnt
|faint|p1a: Mimi
|
|-heal|p2a: Darkrai|31/100|[from] item: Leftovers
|-damage|p2a: Darkrai|6/100|[from] Curse
|upkeep
|c|☆enrique2503|ur using the famouse team
|c|☆Bark4Me~|im trying at least
|c|☆Bark4Me~|ts is hard
|c|☆enrique2503|lol
|c|☆enrique2503|no offense but ur not the best pilot
|
|t:|1757797314
|switch|p1a: Hayaki|Iron Hands, shiny|100/100
|-enditem|p1a: Hayaki|Booster Energy
|-activate|p1a: Hayaki|ability: Quark Drive|[fromitem]
|-start|p1a: Hayaki|quarkdriveatk
|turn|10
|c|☆enrique2503|at least not w ts
|c|☆Bark4Me~|i play like exclusively stall
|c|☆enrique2503|lol
|c|☆enrique2503|i thnik thisis breaking stall
|
|t:|1757797358
|move|p2a: Darkrai|Sucker Punch|p1a: Hayaki
|-resisted|p1a: Hayaki
|-damage|p1a: Hayaki|74/100
|move|p1a: Hayaki|Ice Punch|p2a: Darkrai
|-damage|p2a: Darkrai|0 fnt
|faint|p2a: Darkrai
|
|upkeep
|
|t:|1757797366
|switch|p2a: Ceruledge|Ceruledge, F|100/100
|turn|11
|
|t:|1757797386
|move|p1a: Hayaki|Supercell Slam|p2a: Ceruledge
|-enditem|p2a: Ceruledge|Focus Sash
|-damage|p2a: Ceruledge|1/100
|-ability|p2a: Ceruledge|Weak Armor|boost
|-unboost|p2a: Ceruledge|def|1
|-boost|p2a: Ceruledge|spe|2
|move|p2a: Ceruledge|Swords Dance|p2a: Ceruledge
|-boost|p2a: Ceruledge|atk|2
|
|-fieldend|move: Trick Room
|upkeep
|turn|12
|
|t:|1757797404
|move|p2a: Ceruledge|Bitter Blade|p1a: Hayaki
|-damage|p1a: Hayaki|14/100
|-heal|p2a: Ceruledge|48/100|[from] drain|[of] p1a: Hayaki
|move|p1a: Hayaki|Supercell Slam|p2a: Ceruledge
|-damage|p2a: Ceruledge|0 fnt
|faint|p2a: Ceruledge
|
|upkeep
|
|t:|1757797412
|switch|p2a: Dragonite|Dragonite, M|100/100
|turn|13
|
|t:|1757797426
|move|p2a: Dragonite|Extreme Speed|p1a: Hayaki
|-damage|p1a: Hayaki|0 fnt
|faint|p1a: Hayaki
|-end|p1a: Hayaki|Quark Drive|[silent]
|
|upkeep
|
|t:|1757797435
|switch|p1a: Orion|Indeedee, M, shiny|100/100
|-fieldstart|move: Psychic Terrain|[from] ability: Psychic Surge|[of] p1a: Orion
|turn|14
|
|t:|1757797444
|move|p2a: Dragonite|Dragon Dance|p2a: Dragonite
|-boost|p2a: Dragonite|atk|1
|-boost|p2a: Dragonite|spe|1
|move|p1a: Orion|Trick Room|p1a: Orion
|-fieldstart|move: Trick Room|[of] p1a: Orion
|
|upkeep
|turn|15
|
|t:|1757797453
|move|p1a: Orion|Encore|p2a: Dragonite
|-start|p2a: Dragonite|Encore
|move|p2a: Dragonite|Dragon Dance|p2a: Dragonite
|-boost|p2a: Dragonite|atk|1
|-boost|p2a: Dragonite|spe|1
|
|upkeep
|turn|16
|c|☆enrique2503|stawp
|
|t:|1757797464
|switch|p1a: Luna|Ursaluna, F, shiny|88/100 brn
|switch|p2a: Kyurem|Kyurem|100/100
|-ability|p2a: Kyurem|Pressure
|
|-damage|p1a: Luna|82/100 brn|[from] brn
|upkeep
|turn|17
|c|☆enrique2503|oh shit that was gay af
|
|t:|1757797485
|-terastallize|p1a: Luna|Normal
|move|p1a: Luna|Facade|p2a: Kyurem
|-damage|p2a: Kyurem|0 fnt
|faint|p2a: Kyurem
|
|-damage|p1a: Luna|76/100 brn|[from] brn
|upkeep
|
|t:|1757797493
|switch|p2a: Dragonite|Dragonite, M|100/100
|turn|18
|
|t:|1757797501
|move|p1a: Luna|Ice Punch|p2a: Dragonite
|-supereffective|p2a: Dragonite
|-damage|p2a: Dragonite|0 fnt
|faint|p2a: Dragonite
|
|-damage|p1a: Luna|70/100 brn|[from] brn
|-fieldend|move: Trick Room
|upkeep
|
|t:|1757797507
|switch|p2a: Kingambit|Kingambit, M|100/100
|-activate|p2a: Kingambit|ability: Supreme Overlord
|-start|p2a: Kingambit|fallen5|[silent]
|turn|19
|
|t:|1757797516
|move|p2a: Kingambit|Swords Dance|p2a: Kingambit
|-boost|p2a: Kingambit|atk|2
|move|p1a: Luna|Headlong Rush|p2a: Kingambit
|-supereffective|p2a: Kingambit
|-damage|p2a: Kingambit|0 fnt
|-unboost|p1a: Luna|def|1
|-unboost|p1a: Luna|spd|1
|faint|p2a: Kingambit
|-end|p2a: Kingambit|fallen5|[silent]
|
|win|Bark4Me~
