|j|☆seethemalldie
|j|☆sammyj0703
|t:|1757943134
|gametype|singles
|player|p1|seethemalldie|unknown|1285
|player|p2|sammyj0703|ethan|1324
|gen|9
|tier|[Gen 9] OU
|rated|
|rule|HP Percentage Mod: HP is shown in percentages
|rule|Endless Battle Clause: Forcing endless battles is banned
|rule|Species Clause: Limit one of each Pokémon
|rule|OHKO Clause: OHKO moves are banned
|rule|Evasion Items Clause: Evasion items are banned
|rule|Evasion Moves Clause: Evasion moves are banned
|rule|Evasion Abilities Clause: Evasion abilities are banned
|rule|Sleep Moves Clause: Sleep-inducing moves are banned
|clearpoke
|poke|p1|Scizor, F|
|poke|p1|Toxtricity-Low-Key, F|
|poke|p1|Hydreigon, M|
|poke|p1|Iron Valiant|
|poke|p1|Ogerpon-Wellspring, F|
|poke|p1|Arcanine-Hisui, M|
|poke|p2|Samurott-Hisui, F|
|poke|p2|Iron Valiant|
|poke|p2|Iron Treads|
|poke|p2|Ceruledge, F|
|poke|p2|Tornadus-Therian, M|
|poke|p2|Hydrapple, M|
|teampreview
|inactive|Battle timer is ON: inactive players will automatically lose when time's up. (requested by seethemalldie)
|inactive|seethemalldie has 120 seconds left.
|
|t:|1757943168
|teamsize|p1|6
|teamsize|p2|6
|start
|switch|p1a: Trip|Hydreigon, M, shiny|100/100
|switch|p2a: Tornadus|Tornadus-Therian, M|100/100
|turn|1
|
|t:|1757943176
|move|p2a: Tornadus|U-turn|p1a: Trip
|-supereffective|p1a: Trip
|-damage|p1a: Trip|66/100
|
|t:|1757943186
|switch|p2a: Iron Valiant|Iron Valiant|100/100|[from] U-turn
|move|p1a: Trip|Tailwind|p1a: Trip
|-sidestart|p1: seethemalldie|move: Tailwind
|
|upkeep
|turn|2
|
|t:|1757943201
|move|p1a: Trip|Earth Power|p2a: Iron Valiant
|-damage|p2a: Iron Valiant|48/100
|move|p2a: Iron Valiant|Moonblast|p1a: Trip
|-supereffective|p1a: Trip
|-damage|p1a: Trip|0 fnt
|faint|p1a: Trip
|
|upkeep
|
|t:|1757943217
|switch|p1a: Chili|Toxtricity-Low-Key, F|100/100
|turn|3
|
|t:|1757943230
|-end|p2a: Iron Valiant|Quark Drive|[silent]
|switch|p2a: Iron Treads|Iron Treads|100/100
|move|p1a: Chili|Boomburst|p2a: Iron Treads
|-resisted|p2a: Iron Treads
|-damage|p2a: Iron Treads|44/100
|
|upkeep
|turn|4
|
|t:|1757943245
|-end|p2a: Iron Treads|Quark Drive|[silent]
|switch|p2a: Tornadus|Tornadus-Therian, M|100/100
|move|p1a: Chili|Boomburst|p2a: Tornadus
|-damage|p2a: Tornadus|1/100
|
|-sideend|p1: seethemalldie|move: Tailwind
|upkeep
|turn|5
|
|t:|1757943253
|switch|p1a: Solid|Scizor, F|100/100
|move|p2a: Tornadus|U-turn|p1a: Solid
|-resisted|p1a: Solid
|-damage|p1a: Solid|94/100
|
|t:|1757943265
|switch|p2a: Ceruledge|Ceruledge, F|100/100|[from] U-turn
|
|upkeep
|turn|6
|
|t:|1757943284
|-terastallize|p1a: Solid|Water
|move|p2a: Ceruledge|Swords Dance|p2a: Ceruledge
|-boost|p2a: Ceruledge|atk|2
|move|p1a: Solid|Knock Off|p2a: Ceruledge
|-supereffective|p2a: Ceruledge
|-damage|p2a: Ceruledge|17/100
|-ability|p2a: Ceruledge|Weak Armor|boost
|-unboost|p2a: Ceruledge|def|1
|-boost|p2a: Ceruledge|spe|2
|-enditem|p2a: Ceruledge|Focus Sash|[from] move: Knock Off|[of] p1a: Solid
|
|upkeep
|turn|7
|
|t:|1757943297
|move|p1a: Solid|Bullet Punch|p2a: Ceruledge
|-resisted|p2a: Ceruledge
|-damage|p2a: Ceruledge|0 fnt
|faint|p2a: Ceruledge
|
|upkeep
|
|t:|1757943316
|switch|p2a: Samurott|Samurott-Hisui, F|100/100
|turn|8
|
|t:|1757943324
|move|p2a: Samurott|Ceaseless Edge|p1a: Solid
|-damage|p1a: Solid|52/100
|-sidestart|p1: seethemalldie|Spikes
|move|p1a: Solid|Swords Dance|p1a: Solid
|-boost|p1a: Solid|atk|2
|
|upkeep
|turn|9
|
|t:|1757943331
|move|p2a: Samurott|Ceaseless Edge|p1a: Solid
|-damage|p1a: Solid|15/100
|-sidestart|p1: seethemalldie|Spikes
|move|p1a: Solid|U-turn|p2a: Samurott
|-supereffective|p2a: Samurott
|-damage|p2a: Samurott|0 fnt
|faint|p2a: Samurott
|inactive|seethemalldie has 120 seconds left.
|
|t:|1757943371
|switch|p1a: Chili|Toxtricity-Low-Key, F|100/100|[from] U-turn
|-damage|p1a: Chili|84/100|[from] Spikes
|
|upkeep
|
|t:|1757943383
|switch|p2a: Iron Treads|Iron Treads|44/100
|turn|10
|inactive|seethemalldie has 120 seconds left.
|
|t:|1757943388
|switch|p1a: Solid|Scizor, F, tera:Water|15/100
|-damage|p1a: Solid|0 fnt|[from] Spikes
|faint|p1a: Solid
|move|p2a: Iron Treads|Earthquake|p1: Solid|[notarget]
|-fail|p2a: Iron Treads
|
|upkeep
|inactive|seethemalldie has 120 seconds left.
|
|t:|1757943419
|switch|p1a: Berry|Ogerpon-Wellspring, F|100/100
|-damage|p1a: Berry|84/100|[from] Spikes
|turn|11
|inactive|seethemalldie has 90 seconds left.
|
|t:|1757943440
|-end|p2a: Iron Treads|Quark Drive|[silent]
|switch|p2a: Hydrapple|Hydrapple, M|100/100
|move|p1a: Berry|Ivy Cudgel|p2a: Hydrapple|[anim] Ivy Cudgel Water
|-resisted|p2a: Hydrapple
|-damage|p2a: Hydrapple|93/100
|
|upkeep
|turn|12
|inactive|seethemalldie has 90 seconds left.
|
|t:|1757943467
|move|p1a: Berry|Swords Dance|p1a: Berry
|-boost|p1a: Berry|atk|2
|move|p2a: Hydrapple|Fickle Beam|p1a: Berry
|-damage|p1a: Berry|47/100
|
|upkeep
|turn|13
|inactive|seethemalldie has 90 seconds left.
|inactive|sammyj0703 has 120 seconds left.
|
|t:|1757943492
|switch|p2a: Iron Treads|Iron Treads|44/100
|move|p1a: Berry|Play Rough|p2a: Iron Treads
|-resisted|p2a: Iron Treads
|-damage|p2a: Iron Treads|18/100
|-unboost|p2a: Iron Treads|atk|1
|
|upkeep
|turn|14
|inactive|seethemalldie has 90 seconds left.
|
|t:|1757943506
|move|p1a: Berry|Knock Off|p2a: Iron Treads
|-damage|p2a: Iron Treads|0 fnt
|-enditem|p2a: Iron Treads|Heavy-Duty Boots|[from] move: Knock Off|[of] p1a: Berry
|faint|p2a: Iron Treads
|-end|p2a: Iron Treads|Quark Drive|[silent]
|
|upkeep
|
|t:|1757943519
|switch|p2a: Tornadus|Tornadus-Therian, M|34/100
|turn|15
|inactive|seethemalldie has 90 seconds left.
|
|t:|1757943536
|move|p2a: Tornadus|Bleakwind Storm|p1a: Berry
|-supereffective|p1a: Berry
|-damage|p1a: Berry|0 fnt
|faint|p1a: Berry
|
|upkeep
|inactive|seethemalldie has 90 seconds left.
|
|t:|1757943556
|switch|p1a: Archie|Arcanine-Hisui, M|100/100
|-damage|p1a: Archie|84/100|[from] Spikes
|turn|16
|inactive|sammyj0703 has 120 seconds left.
|inactive|sammyj0703 has 90 seconds left.
|
|t:|1757943604
|move|p2a: Tornadus|Bleakwind Storm|p1a: Archie
|-resisted|p1a: Archie
|-damage|p1a: Archie|61/100
|move|p1a: Archie|Flare Blitz|p2a: Tornadus
|-damage|p2a: Tornadus|0 fnt
|faint|p2a: Tornadus
|
|upkeep
|
|t:|1757943613
|switch|p2a: Iron Valiant|Iron Valiant|48/100
|turn|17
|inactive|seethemalldie has 90 seconds left.
|
|t:|1757943631
|switch|p1a: Chili|Toxtricity-Low-Key, F|84/100
|-damage|p1a: Chili|68/100|[from] Spikes
|move|p2a: Iron Valiant|Aura Sphere|p1a: Chili
|-resisted|p1a: Chili
|-damage|p1a: Chili|37/100
|
|upkeep
|turn|18
|inactive|seethemalldie has 90 seconds left.
|
|t:|1757943654
|move|p2a: Iron Valiant|Aura Sphere|p1a: Chili
|-resisted|p1a: Chili
|-damage|p1a: Chili|8/100
|move|p1a: Chili|Sludge Wave|p2a: Iron Valiant
|-supereffective|p2a: Iron Valiant
|-damage|p2a: Iron Valiant|0 fnt
|faint|p2a: Iron Valiant
|-end|p2a: Iron Valiant|Quark Drive|[silent]
|
|upkeep
|
|t:|1757943659
|switch|p2a: Hydrapple|Hydrapple, M|100/100
|turn|19
|
|t:|1757943664
|move|p1a: Chili|Sludge Wave|p2a: Hydrapple
|-supereffective|p2a: Hydrapple
|-damage|p2a: Hydrapple|0 fnt
|faint|p2a: Hydrapple
|
|win|seethemalldie
|raw|seethemalldie's rating: 1285 &rarr; <strong>1313</strong><br />(+28 for winning)
|raw|sammyj0703's rating: 1324 &rarr; <strong>1302</strong><br />(-22 for losing)
|l|☆sammyj0703
|player|p2|
