|j|☆SSStyl1sh
|j|☆sanmedina
|t:|1757963723
|gametype|singles
|player|p1|SSStyl1sh|giovanni|1270
|player|p2|sanmedina|ltsurge-gen2|1252
|gen|9
|tier|[Gen 9] OU
|rated|
|rule|HP Percentage Mod: HP is shown in percentages
|rule|Endless Battle Clause: Forcing endless battles is banned
|rule|Species Clause: Limit one of each Pokémon
|rule|OHKO Clause: OHKO moves are banned
|rule|Evasion Items Clause: Evasion items are banned
|rule|Evasion Moves Clause: Evasion moves are banned
|rule|Evasion Abilities Clause: Evasion abilities are banned
|rule|Sleep Moves Clause: Sleep-inducing moves are banned
|clearpoke
|poke|p1|Araquanid, F|
|poke|p1|Crawdaunt, F|
|poke|p1|Tornadus-Therian, M|
|poke|p1|Ting-Lu|
|poke|p1|Gholdengo|
|poke|p1|Great Tusk|
|poke|p2|Torkoal, M|
|poke|p2|Hatterene, F|
|poke|p2|Raging Bolt|
|poke|p2|Blissey, F|
|poke|p2|Venusaur, F|
|poke|p2|Walking Wake|
|teampreview
|inactive|Battle timer is ON: inactive players will automatically lose when time's up. (requested by sanmedina)
|
|t:|1757963735
|teamsize|p1|6
|teamsize|p2|6
|start
|switch|p1a: Araquanid|Araquanid, F|100/100
|switch|p2a: Torkoal|Torkoal, M|100/100
|-weather|SunnyDay|[from] ability: Drought|[of] p2a: Torkoal
|turn|1
|
|t:|1757963750
|switch|p2a: Hatterene|Hatterene, F|100/100
|-item|p2a: Hatterene|Air Balloon
|move|p1a: Araquanid|Surf|p2a: Hatterene
|-damage|p2a: Hatterene|73/100
|-enditem|p2a: Hatterene|Air Balloon
|
|-weather|SunnyDay|[upkeep]
|upkeep
|turn|2
|
|t:|1757963758
|move|p1a: Araquanid|Surf|p2a: Hatterene
|-damage|p2a: Hatterene|47/100
|move|p2a: Hatterene|Psychic Noise|p1a: Araquanid
|-damage|p1a: Araquanid|74/100
|-start|p1a: Araquanid|move: Heal Block
|
|-weather|SunnyDay|[upkeep]
|upkeep
|turn|3
|
|t:|1757963778
|move|p1a: Araquanid|Surf|p2a: Hatterene
|-damage|p2a: Hatterene|19/100
|move|p2a: Hatterene|Trick Room|p2a: Hatterene
|-fieldstart|move: Trick Room|[of] p2a: Hatterene
|
|-weather|SunnyDay|[upkeep]
|-end|p1a: Araquanid|move: Heal Block
|upkeep
|turn|4
|
|t:|1757963788
|move|p2a: Hatterene|Psychic Noise|p1a: Araquanid
|-damage|p1a: Araquanid|46/100
|-start|p1a: Araquanid|move: Heal Block
|move|p1a: Araquanid|Surf|p2a: Hatterene
|-damage|p2a: Hatterene|0 fnt
|faint|p2a: Hatterene
|
|-weather|SunnyDay|[upkeep]
|upkeep
|inactive|sanmedina has 120 seconds left.
|
|t:|1757963816
|switch|p2a: Torkoal|Torkoal, M|100/100
|turn|5
|
|t:|1757963821
|move|p1a: Araquanid|Endure|p1a: Araquanid
|-singleturn|p1a: Araquanid|move: Endure
|move|p2a: Torkoal|Eruption|p1a: Araquanid
|-damage|p1a: Araquanid|9/100
|
|-weather|SunnyDay|[upkeep]
|-end|p1a: Araquanid|move: Heal Block
|upkeep
|turn|6
|-enditem|p1a: Araquanid|Custap Berry|[eat]
|-activate|p1a: Araquanid|item: Custap Berry|[consumed]
|
|t:|1757963828
|move|p1a: Araquanid|Endeavor|p2a: Torkoal
|-damage|p2a: Torkoal|10/100
|move|p2a: Torkoal|Eruption|p1a: Araquanid
|-damage|p1a: Araquanid|5/100
|
|-weather|SunnyDay|[upkeep]
|upkeep
|turn|7
|
|t:|1757963838
|move|p2a: Torkoal|Overheat|p1a: Araquanid
|-damage|p1a: Araquanid|0 fnt
|-unboost|p2a: Torkoal|spa|2
|faint|p1a: Araquanid
|
|-weather|SunnyDay|[upkeep]
|-fieldend|move: Trick Room
|upkeep
|
|t:|1757963852
|switch|p1a: Crawdaunt|Crawdaunt, F|100/100
|turn|8
|
|t:|1757963859
|switch|p2a: Raging Bolt|Raging Bolt|100/100
|-activate|p2a: Raging Bolt|ability: Protosynthesis
|-start|p2a: Raging Bolt|protosynthesisspa
|move|p1a: Crawdaunt|Knock Off|p2a: Raging Bolt
|-damage|p2a: Raging Bolt|0 fnt
|-enditem|p2a: Raging Bolt|Life Orb|[from] move: Knock Off|[of] p1a: Crawdaunt
|faint|p2a: Raging Bolt
|-end|p2a: Raging Bolt|Protosynthesis|[silent]
|
|-weather|none
|upkeep
|c|☆SSStyl1sh|the goat
|
|t:|1757963878
|switch|p2a: Blissey|Blissey, F|100/100
|turn|9
|
|t:|1757963881
|move|p1a: Crawdaunt|Knock Off|p2a: Blissey
|-damage|p2a: Blissey|39/100
|move|p2a: Blissey|Sunny Day|p2a: Blissey
|-weather|SunnyDay
|
|-weather|SunnyDay|[upkeep]
|upkeep
|turn|10
|
|t:|1757963892
|move|p1a: Crawdaunt|Knock Off|p2a: Blissey
|-crit|p2a: Blissey
|-damage|p2a: Blissey|0 fnt
|faint|p2a: Blissey
|
|-weather|SunnyDay|[upkeep]
|upkeep
|
|t:|1757963900
|switch|p2a: Venusaur|Venusaur, F|100/100
|turn|11
|
|t:|1757963913
|switch|p1a: Ting-Lu|Ting-Lu|100/100
|-ability|p1a: Ting-Lu|Vessel of Ruin
|move|p2a: Venusaur|Giga Drain|p1a: Ting-Lu
|-supereffective|p1a: Ting-Lu
|-damage|p1a: Ting-Lu|65/100
|-damage|p2a: Venusaur|91/100|[from] item: Life Orb
|
|-weather|SunnyDay|[upkeep]
|-heal|p1a: Ting-Lu|71/100|[from] item: Leftovers
|upkeep
|turn|12
|c|☆sanmedina|only in this elo you can find choice band crawdaunt
|c|☆SSStyl1sh|you don't believe in big craw bro
|
|t:|1757963935
|move|p2a: Venusaur|Giga Drain|p1a: Ting-Lu
|-supereffective|p1a: Ting-Lu
|-damage|p1a: Ting-Lu|34/100
|-heal|p2a: Venusaur|100/100|[from] drain|[of] p1a: Ting-Lu
|-damage|p2a: Venusaur|91/100|[from] item: Life Orb
|move|p1a: Ting-Lu|Stealth Rock|p2a: Venusaur
|-sidestart|p2: sanmedina|move: Stealth Rock
|
|-weather|SunnyDay|[upkeep]
|-heal|p1a: Ting-Lu|41/100|[from] item: Leftovers
|upkeep
|turn|13
|
|t:|1757963946
|move|p2a: Venusaur|Giga Drain|p1a: Ting-Lu
|-supereffective|p1a: Ting-Lu
|-damage|p1a: Ting-Lu|4/100
|-heal|p2a: Venusaur|100/100|[from] drain|[of] p1a: Ting-Lu
|-damage|p2a: Venusaur|91/100|[from] item: Life Orb
|move|p1a: Ting-Lu|Ruination|p2a: Venusaur
|-damage|p2a: Venusaur|46/100
|
|-weather|none
|-heal|p1a: Ting-Lu|10/100|[from] item: Leftovers
|upkeep
|turn|14
|
|t:|1757963961
|move|p2a: Venusaur|Giga Drain|p1a: Ting-Lu
|-supereffective|p1a: Ting-Lu
|-damage|p1a: Ting-Lu|0 fnt
|-heal|p2a: Venusaur|54/100|[from] drain|[of] p1a: Ting-Lu
|faint|p1a: Ting-Lu
|-damage|p2a: Venusaur|44/100|[from] item: Life Orb
|
|upkeep
|-message|sanmedina forfeited.
|
|win|SSStyl1sh
|raw|SSStyl1sh's rating: 1270 &rarr; <strong>1294</strong><br />(+24 for winning)
|raw|sanmedina's rating: 1252 &rarr; <strong>1228</strong><br />(-24 for losing)
|l|☆sanmedina
|player|p2|
|c|☆SSStyl1sh|lmao
