|j|☆henry151th
|j|☆ollybomb
|t:|1757825941
|gametype|singles
|player|p1|henry151th|wallace|1585
|player|p2|ollybomb|cress|1649
|gen|9
|tier|[Gen 9] OU
|rated|
|rule|HP Percentage Mod: HP is shown in percentages
|rule|Endless Battle Clause: Forcing endless battles is banned
|rule|Species Clause: Limit one of each Pokémon
|rule|OHKO Clause: OHKO moves are banned
|rule|Evasion Items Clause: Evasion items are banned
|rule|Evasion Moves Clause: Evasion moves are banned
|rule|Evasion Abilities Clause: Evasion abilities are banned
|rule|Sleep Moves Clause: Sleep-inducing moves are banned
|clearpoke
|poke|p1|Dragapult, M|
|poke|p1|Glimmora, M|
|poke|p1|Comfey, M|
|poke|p1|Kingambit, M|
|poke|p1|Ogerpon-Wellspring, F|
|poke|p1|Blaziken, M|
|poke|p2|Ribombee, M|
|poke|p2|Gholdengo|
|poke|p2|Landorus-Therian, M|
|poke|p2|Manaphy|
|poke|p2|Iron Valiant|
|poke|p2|Iron Moth|
|teampreview
|
|t:|1757825961
|teamsize|p1|6
|teamsize|p2|6
|start
|switch|p1a: Glimmora|Glimmora, M, shiny|100/100
|switch|p2a: Ribombee|Ribombee, M|100/100
|turn|1
|
|t:|1757825965
|move|p2a: Ribombee|Psychic Noise|p1a: Glimmora
|-supereffective|p1a: Glimmora
|-damage|p1a: Glimmora|54/100
|-start|p1a: Glimmora|move: Heal Block
|-enditem|p1a: Glimmora|Red Card|[of] p2a: Ribombee
|drag|p2a: Landorus|Landorus-Therian, M|100/100
|-ability|p2a: Landorus|Intimidate|boost
|-unboost|p1a: Glimmora|atk|1
|move|p1a: Glimmora|Power Gem|p2a: Landorus
|-crit|p2a: Landorus
|-damage|p2a: Landorus|37/100
|
|upkeep
|turn|2
|
|t:|1757825973
|switch|p1a: Ogerpon|Ogerpon-Wellspring, F|100/100
|move|p2a: Landorus|Earthquake|p1a: Ogerpon
|-resisted|p1a: Ogerpon
|-damage|p1a: Ogerpon|58/100
|
|upkeep
|turn|3
|
|t:|1757825993
|move|p1a: Ogerpon|Taunt|p2a: Landorus
|-start|p2a: Landorus|move: Taunt
|cant|p2a: Landorus|move: Taunt|Stealth Rock
|
|upkeep
|turn|4
|
|t:|1757825997
|move|p1a: Ogerpon|Ivy Cudgel|p2a: Landorus|[anim] Ivy Cudgel Water
|-supereffective|p2a: Landorus
|-damage|p2a: Landorus|0 fnt
|faint|p2a: Landorus
|
|upkeep
|
|t:|1757825999
|switch|p2a: Ribombee|Ribombee, M|100/100
|turn|5
|
|t:|1757826002
|move|p2a: Ribombee|Sticky Web|p1a: Ogerpon
|-sidestart|p1: henry151th|move: Sticky Web
|move|p1a: Ogerpon|Spikes|p2a: Ribombee
|-sidestart|p2: ollybomb|Spikes
|
|upkeep
|turn|6
|
|t:|1757826008
|move|p2a: Ribombee|Moonblast|p1a: Ogerpon
|-damage|p1a: Ogerpon|9/100
|-unboost|p1a: Ogerpon|spa|1
|move|p1a: Ogerpon|Ivy Cudgel|p2a: Ribombee|[anim] Ivy Cudgel Water
|-crit|p2a: Ribombee
|-enditem|p2a: Ribombee|Focus Sash
|-damage|p2a: Ribombee|1/100
|
|upkeep
|turn|7
|j| firemaniac
|
|t:|1757826016
|move|p2a: Ribombee|Moonblast|p1a: Ogerpon
|-damage|p1a: Ogerpon|0 fnt
|faint|p1a: Ogerpon
|
|upkeep
|
|t:|1757826018
|switch|p1a: Glimmora|Glimmora, M, shiny|54/100
|-activate|p1a: Glimmora|move: Sticky Web
|-unboost|p1a: Glimmora|spe|1
|turn|8
|
|t:|1757826021
|move|p2a: Ribombee|Psychic Noise|p1a: Glimmora
|-supereffective|p1a: Glimmora
|-damage|p1a: Glimmora|8/100
|-start|p1a: Glimmora|move: Heal Block
|move|p1a: Glimmora|Power Gem|p2a: Ribombee
|-supereffective|p2a: Ribombee
|-damage|p2a: Ribombee|0 fnt
|faint|p2a: Ribombee
|
|upkeep
|
|t:|1757826042
|switch|p2a: Manaphy|Manaphy|100/100
|-damage|p2a: Manaphy|88/100|[from] Spikes
|turn|9
|
|t:|1757826045
|move|p2a: Manaphy|Surf|p1a: Glimmora
|-supereffective|p1a: Glimmora
|-damage|p1a: Glimmora|0 fnt
|faint|p1a: Glimmora
|
|-heal|p2a: Manaphy|94/100|[from] item: Leftovers
|upkeep
|
|t:|1757826049
|switch|p1a: Blaziken|Blaziken, M, shiny|100/100
|-activate|p1a: Blaziken|move: Sticky Web
|-unboost|p1a: Blaziken|spe|1
|turn|10
|
|t:|1757826068
|switch|p2a: Iron Moth|Iron Moth|100/100
|-damage|p2a: Iron Moth|88/100|[from] Spikes
|-enditem|p2a: Iron Moth|Booster Energy
|-activate|p2a: Iron Moth|ability: Quark Drive|[fromitem]
|-start|p2a: Iron Moth|quarkdrivespa
|move|p1a: Blaziken|Knock Off|p2a: Iron Moth
|-damage|p2a: Iron Moth|39/100
|-damage|p1a: Blaziken|91/100|[from] item: Life Orb
|
|-ability|p1a: Blaziken|Speed Boost|boost
|-boost|p1a: Blaziken|spe|1
|upkeep
|turn|11
|
|t:|1757826072
|move|p1a: Blaziken|Protect|p1a: Blaziken
|-singleturn|p1a: Blaziken|Protect
|move|p2a: Iron Moth|Sludge Wave|p1a: Blaziken
|-activate|p1a: Blaziken|move: Protect
|
|-ability|p1a: Blaziken|Speed Boost|boost
|-boost|p1a: Blaziken|spe|1
|upkeep
|turn|12
|
|t:|1757826076
|move|p1a: Blaziken|Close Combat|p2a: Iron Moth
|-resisted|p2a: Iron Moth
|-damage|p2a: Iron Moth|0 fnt
|-unboost|p1a: Blaziken|def|1
|-unboost|p1a: Blaziken|spd|1
|faint|p2a: Iron Moth
|-end|p2a: Iron Moth|Quark Drive|[silent]
|-damage|p1a: Blaziken|81/100|[from] item: Life Orb
|
|-ability|p1a: Blaziken|Speed Boost|boost
|-boost|p1a: Blaziken|spe|1
|upkeep
|
|t:|1757826081
|switch|p2a: Iron Valiant|Iron Valiant|100/100
|-damage|p2a: Iron Valiant|88/100|[from] Spikes
|-enditem|p2a: Iron Valiant|Booster Energy
|-activate|p2a: Iron Valiant|ability: Quark Drive|[fromitem]
|-start|p2a: Iron Valiant|quarkdrivespa
|turn|13
|
|t:|1757826083
|move|p2a: Iron Valiant|Vacuum Wave|p1a: Blaziken
|-damage|p1a: Blaziken|17/100
|move|p1a: Blaziken|Flare Blitz|p2a: Iron Valiant
|-damage|p2a: Iron Valiant|0 fnt
|faint|p2a: Iron Valiant
|-end|p2a: Iron Valiant|Quark Drive|[silent]
|-damage|p1a: Blaziken|0 fnt|[from] Recoil
|faint|p1a: Blaziken
|
|upkeep
|
|t:|1757826091
|switch|p2a: Manaphy|Manaphy|94/100
|switch|p1a: Kingambit|Kingambit, M, shiny|100/100
|-damage|p2a: Manaphy|82/100|[from] Spikes
|-activate|p1a: Kingambit|move: Sticky Web
|-unboost|p1a: Kingambit|spe|1
|-activate|p1a: Kingambit|ability: Supreme Overlord
|-start|p1a: Kingambit|fallen3|[silent]
|turn|14
|
|t:|1757826105
|-terastallize|p2a: Manaphy|Fairy
|move|p2a: Manaphy|Tail Glow|p2a: Manaphy
|-boost|p2a: Manaphy|spa|3
|move|p1a: Kingambit|Kowtow Cleave|p2a: Manaphy
|-resisted|p2a: Manaphy
|-damage|p2a: Manaphy|47/100
|
|-heal|p2a: Manaphy|53/100|[from] item: Leftovers
|upkeep
|turn|15
|
|t:|1757826110
|move|p2a: Manaphy|Surf|p1a: Kingambit
|-damage|p1a: Kingambit|1/100
|move|p1a: Kingambit|Iron Head|p2a: Manaphy
|-supereffective|p2a: Manaphy
|-damage|p2a: Manaphy|0 fnt
|faint|p2a: Manaphy
|
|-heal|p1a: Kingambit|7/100|[from] item: Leftovers
|upkeep
|
|t:|1757826117
|switch|p2a: Gholdengo|Gholdengo|100/100
|-item|p2a: Gholdengo|Air Balloon
|turn|16
|
|t:|1757826121
|move|p1a: Kingambit|Sucker Punch|p2a: Gholdengo
|-supereffective|p2a: Gholdengo
|-damage|p2a: Gholdengo|0 fnt
|-enditem|p2a: Gholdengo|Air Balloon
|faint|p2a: Gholdengo
|
|win|henry151th
|raw|henry151th's rating: 1585 &rarr; <strong>1609</strong><br />(+24 for winning)
|raw|ollybomb's rating: 1649 &rarr; <strong>1625</strong><br />(-24 for losing)
|l|☆henry151th
|player|p1|
|l|☆ollybomb
|player|p2|
|l| firemaniac
