|j|☆yeunybvcl
|j|‽AttackonAsh
|t:|1757942908
|gametype|singles
|player|p1|yeunybvcl|clair|1148
|player|p2|AttackonAsh|169|1183
|gen|9
|tier|[Gen 9] OU
|rated|
|rule|HP Percentage Mod: HP is shown in percentages
|rule|Endless Battle Clause: Forcing endless battles is banned
|rule|Species Clause: Limit one of each Pokémon
|rule|OHKO Clause: OHKO moves are banned
|rule|Evasion Items Clause: Evasion items are banned
|rule|Evasion Moves Clause: Evasion moves are banned
|rule|Evasion Abilities Clause: Evasion abilities are banned
|rule|Sleep Moves Clause: Sleep-inducing moves are banned
|clearpoke
|poke|p1|Araquanid, F|
|poke|p1|Munkidori, M|
|poke|p1|Kingambit, M|
|poke|p1|Raging Bolt|
|poke|p1|Great Tusk|
|poke|p1|Skeledirge, F|
|poke|p2|Quaquaval, F|
|poke|p2|Dragonite, M|
|poke|p2|Talonflame, M|
|poke|p2|Ceruledge, F|
|poke|p2|Galvantula, F|
|poke|p2|Goodra, M|
|teampreview
|inactive|Battle timer is ON: inactive players will automatically lose when time's up. (requested by yeunybvcl)
|inactive|AttackonAsh has 120 seconds left.
|
|t:|1757942947
|teamsize|p1|6
|teamsize|p2|6
|start
|switch|p1a: Great Tusk|Great Tusk|100/100
|switch|p2a: Galvantula|Galvantula, F|100/100
|-enditem|p1a: Great Tusk|Booster Energy
|-activate|p1a: Great Tusk|ability: Protosynthesis|[fromitem]
|-start|p1a: Great Tusk|protosynthesisatk
|turn|1
|
|t:|1757942959
|-terastallize|p2a: Galvantula|Grass
|move|p2a: Galvantula|Energy Ball|p1a: Great Tusk
|-supereffective|p1a: Great Tusk
|-damage|p1a: Great Tusk|0 fnt
|faint|p1a: Great Tusk
|-end|p1a: Great Tusk|Protosynthesis|[silent]
|
|upkeep
|
|t:|1757942965
|switch|p1a: Skeledirge|Skeledirge, F|100/100
|turn|2
|
|t:|1757942971
|switch|p2a: Goodra|Goodra, M|100/100
|move|p1a: Skeledirge|Torch Song|p2a: Goodra
|-resisted|p2a: Goodra
|-damage|p2a: Goodra|92/100
|-boost|p1a: Skeledirge|spa|1
|
|upkeep
|turn|3
|
|t:|1757942985
|move|p2a: Goodra|Dragon Pulse|p1a: Skeledirge
|-damage|p1a: Skeledirge|55/100
|move|p1a: Skeledirge|Will-O-Wisp|p2a: Goodra
|-status|p2a: Goodra|brn
|
|-heal|p1a: Skeledirge|61/100|[from] item: Leftovers
|-damage|p2a: Goodra|86/100 brn|[from] brn
|upkeep
|turn|4
|
|t:|1757942994
|move|p2a: Goodra|Dragon Pulse|p1a: Skeledirge
|-damage|p1a: Skeledirge|13/100
|move|p1a: Skeledirge|Slack Off|p1a: Skeledirge
|-heal|p1a: Skeledirge|63/100
|
|-heal|p1a: Skeledirge|69/100|[from] item: Leftovers
|-damage|p2a: Goodra|80/100 brn|[from] brn
|upkeep
|turn|5
|
|t:|1757943008
|move|p2a: Goodra|Dragon Pulse|p1a: Skeledirge
|-damage|p1a: Skeledirge|21/100
|move|p1a: Skeledirge|Slack Off|p1a: Skeledirge
|-heal|p1a: Skeledirge|71/100
|
|-heal|p1a: Skeledirge|77/100|[from] item: Leftovers
|-damage|p2a: Goodra|73/100 brn|[from] brn
|upkeep
|turn|6
|
|t:|1757943012
|move|p2a: Goodra|Dragon Pulse|p1a: Skeledirge
|-damage|p1a: Skeledirge|30/100
|move|p1a: Skeledirge|Slack Off|p1a: Skeledirge
|-heal|p1a: Skeledirge|80/100
|
|-heal|p1a: Skeledirge|86/100|[from] item: Leftovers
|-damage|p2a: Goodra|67/100 brn|[from] brn
|upkeep
|turn|7
|
|t:|1757943025
|move|p2a: Goodra|Dragon Pulse|p1a: Skeledirge
|-damage|p1a: Skeledirge|40/100
|move|p1a: Skeledirge|Torch Song|p2a: Goodra
|-resisted|p2a: Goodra
|-damage|p2a: Goodra|55/100 brn
|-boost|p1a: Skeledirge|spa|1
|
|-heal|p1a: Skeledirge|46/100|[from] item: Leftovers
|-damage|p2a: Goodra|49/100 brn|[from] brn
|upkeep
|turn|8
|inactive|AttackonAsh has 120 seconds left.
|
|t:|1757943062
|-terastallize|p1a: Skeledirge|Fairy
|move|p2a: Goodra|Dragon Pulse|p1a: Skeledirge
|-immune|p1a: Skeledirge
|move|p1a: Skeledirge|Slack Off|p1a: Skeledirge
|-heal|p1a: Skeledirge|96/100
|
|-heal|p1a: Skeledirge|100/100|[from] item: Leftovers
|-damage|p2a: Goodra|43/100 brn|[from] brn
|upkeep
|turn|9
|
|t:|1757943068
|move|p2a: Goodra|Sludge Wave|p1a: Skeledirge
|-supereffective|p1a: Skeledirge
|-damage|p1a: Skeledirge|28/100
|move|p1a: Skeledirge|Hex|p2a: Goodra
|-damage|p2a: Goodra|0 fnt
|faint|p2a: Goodra
|
|-heal|p1a: Skeledirge|34/100|[from] item: Leftovers
|upkeep
|
|t:|1757943075
|switch|p2a: Dragonite|Dragonite, M|100/100
|turn|10
|
|t:|1757943082
|move|p2a: Dragonite|Iron Head|p1a: Skeledirge
|-supereffective|p1a: Skeledirge
|-damage|p1a: Skeledirge|0 fnt
|faint|p1a: Skeledirge
|
|upkeep
|
|t:|1757943091
|switch|p1a: Raging Bolt|Raging Bolt|100/100
|-enditem|p1a: Raging Bolt|Booster Energy
|-activate|p1a: Raging Bolt|ability: Protosynthesis|[fromitem]
|-start|p1a: Raging Bolt|protosynthesisspa
|turn|11
|inactive|AttackonAsh has 120 seconds left.
|inactive|AttackonAsh has 90 seconds left.
|inactive|AttackonAsh has 60 seconds left.
|c|☆yeunybvcl|!weaK dragonite
|c| yeunybvcl|/raw <div class="infobox">Dragonite (ignoring abilities):<br /><span class="message-effect-weak">Weaknesses</span>: Dragon, Fairy, <b>Ice</b>, Rock<br /><span class="message-effect-resist">Resistances</span>: Bug, Fighting, Fire, <b>Grass</b>, Water<br /><span class="message-effect-immune">Immunities</span>: Ground</div>
|inactive|AttackonAsh has 30 seconds left.
|
|t:|1757943215
|move|p2a: Dragonite|Dragon Dance|p2a: Dragonite
|-boost|p2a: Dragonite|atk|1
|-boost|p2a: Dragonite|spe|1
|move|p1a: Raging Bolt|Dragon Pulse|p2a: Dragonite
|-supereffective|p2a: Dragonite
|-crit|p2a: Dragonite
|-damage|p2a: Dragonite|15/100
|-enditem|p2a: Dragonite|Weakness Policy
|-boost|p2a: Dragonite|atk|2|[from] item: Weakness Policy
|-boost|p2a: Dragonite|spa|2|[from] item: Weakness Policy
|
|upkeep
|turn|12
|
|t:|1757943225
|move|p2a: Dragonite|Extreme Speed|p1a: Raging Bolt
|-damage|p1a: Raging Bolt|42/100
|move|p1a: Raging Bolt|Thunderclap||[still]
|-fail|p1a: Raging Bolt
|
|upkeep
|turn|13
|
|t:|1757943236
|-end|p1a: Raging Bolt|Protosynthesis|[silent]
|switch|p1a: Munkidori|Munkidori, M|100/100
|move|p2a: Dragonite|Extreme Speed|p1a: Munkidori
|-damage|p1a: Munkidori|0 fnt
|faint|p1a: Munkidori
|
|upkeep
|
|t:|1757943242
|switch|p1a: Kingambit|Kingambit, M|100/100
|-activate|p1a: Kingambit|ability: Supreme Overlord
|-start|p1a: Kingambit|fallen3|[silent]
|turn|14
|
|t:|1757943244
|move|p2a: Dragonite|Extreme Speed|p1a: Kingambit
|-resisted|p1a: Kingambit
|-damage|p1a: Kingambit|77/100
|move|p1a: Kingambit|Iron Head|p2a: Dragonite
|-damage|p2a: Dragonite|0 fnt
|faint|p2a: Dragonite
|-damage|p1a: Kingambit|67/100|[from] item: Life Orb
|
|upkeep
|
|t:|1757943249
|switch|p2a: Quaquaval|Quaquaval, F|100/100
|turn|15
|
|t:|1757943257
|-end|p1a: Kingambit|fallen3|[silent]
|switch|p1a: Raging Bolt|Raging Bolt|42/100
|move|p2a: Quaquaval|Aqua Step|p1a: Raging Bolt
|-resisted|p1a: Raging Bolt
|-damage|p1a: Raging Bolt|17/100
|-boost|p2a: Quaquaval|spe|1
|
|upkeep
|turn|16
|
|t:|1757943268
|switch|p2a: Galvantula|Galvantula, F, tera:Grass|100/100
|move|p1a: Raging Bolt|Thunderclap||[still]
|-fail|p1a: Raging Bolt
|
|upkeep
|turn|17
|
|t:|1757943273
|-end|p1a: Raging Bolt|Protosynthesis|[silent]
|switch|p1a: Araquanid|Araquanid, F|100/100
|move|p2a: Galvantula|Energy Ball|p1a: Araquanid
|-damage|p1a: Araquanid|68/100
|
|upkeep
|turn|18
|
|t:|1757943283
|move|p2a: Galvantula|Thunder|p1a: Araquanid
|-supereffective|p1a: Araquanid
|-damage|p1a: Araquanid|0 fnt
|faint|p1a: Araquanid
|
|upkeep
|
|t:|1757943287
|switch|p1a: Kingambit|Kingambit, M|67/100
|-activate|p1a: Kingambit|ability: Supreme Overlord
|-start|p1a: Kingambit|fallen4|[silent]
|turn|19
|inactive|AttackonAsh has 90 seconds left.
|
|t:|1757943298
|move|p2a: Galvantula|Thunder|p1a: Kingambit
|-damage|p1a: Kingambit|17/100
|move|p1a: Kingambit|Kowtow Cleave|p2a: Galvantula
|-enditem|p2a: Galvantula|Focus Sash
|-damage|p2a: Galvantula|1/100
|-damage|p1a: Kingambit|7/100|[from] item: Life Orb
|
|upkeep
|turn|20
|
|t:|1757943305
|switch|p2a: Talonflame|Talonflame, M|100/100
|move|p1a: Kingambit|Sucker Punch||[still]
|-fail|p1a: Kingambit
|
|upkeep
|turn|21
|-message|yeunybvcl forfeited.
|
|win|AttackonAsh
|raw|yeunybvcl's rating: 1148 &rarr; <strong>1126</strong><br />(-22 for losing)
|raw|AttackonAsh's rating: 1183 &rarr; <strong>1205</strong><br />(+22 for winning)
|l|☆yeunybvcl
|player|p1|
|l|‽AttackonAsh
|player|p2|
