|j|☆PISSjumper
|j|☆TREMBLEB4BAST
|t:|1757829247
|gametype|singles
|player|p1|PISSjumper|gentleman-gen4|1139
|player|p2|TREMBLEB4BAST|geeta|1190
|gen|9
|tier|[Gen 9] OU
|rated|
|rule|HP Percentage Mod: HP is shown in percentages
|rule|Endless Battle Clause: Forcing endless battles is banned
|rule|Species Clause: Limit one of each Pokémon
|rule|OHKO Clause: OHKO moves are banned
|rule|Evasion Items Clause: Evasion items are banned
|rule|Evasion Moves Clause: Evasion moves are banned
|rule|Evasion Abilities Clause: Evasion abilities are banned
|rule|Sleep Moves Clause: Sleep-inducing moves are banned
|clearpoke
|poke|p1|Venusaur, M|
|poke|p1|Ninetales, F|
|poke|p1|Kyurem|
|poke|p1|Minior-Indigo|
|poke|p1|Zapdos|
|poke|p1|Gengar, F|
|poke|p2|Deoxys-Speed|
|poke|p2|Indeedee, M|
|poke|p2|Meowscarada, M|
|poke|p2|Araquanid, F|
|poke|p2|Hitmonlee, M|
|poke|p2|Scream Tail|
|teampreview
|inactive|Battle timer is ON: inactive players will automatically lose when time's up. (requested by PISSjumper)
|
|t:|1757829273
|teamsize|p1|6
|teamsize|p2|6
|start
|switch|p1a: Fox News|Minior-Indigo, shiny|100/100
|switch|p2a: Mob 100|Indeedee, M|100/100
|-fieldstart|move: Psychic Terrain|[from] ability: Psychic Surge|[of] p2a: Mob 100
|-formechange|p1a: Fox News|Minior-Meteor||[from] ability: Shields Down
|turn|1
|c|☆TREMBLEB4BAST|!data shields down
|raw|<ul class="utilichart"><li class="result"><span class="col namecol"><a href="https://dex.pokemonshowdown.com/abilities/shieldsdown">Shields Down</a></span> <span class="col abilitydesccol">If Minior, switch-in/end of turn it changes to Core at 1/2 max HP or less, else Meteor.</span> </li><li style="clear:both"></li></ul>

|
|t:|1757829297
|move|p2a: Mob 100|Expanding Force|p1a: Fox News
|-damage|p1a: Fox News|9/100
|move|p1a: Fox News|Shell Smash|p1a: Fox News
|-unboost|p1a: Fox News|def|1
|-unboost|p1a: Fox News|spd|1
|-boost|p1a: Fox News|atk|2
|-boost|p1a: Fox News|spa|2
|-boost|p1a: Fox News|spe|2
|-enditem|p1a: Fox News|White Herb
|-clearnegativeboost|p1a: Fox News|[silent]
|
|-formechange|p1a: Fox News|Minior-Indigo||[from] ability: Shields Down
|upkeep
|turn|2
|
|t:|1757829313
|move|p1a: Fox News|Acrobatics|p2a: Mob 100
|-damage|p2a: Mob 100|0 fnt
|faint|p2a: Mob 100
|
|upkeep
|
|t:|1757829316
|switch|p2a: Hitmon Ali|Hitmonlee, M|100/100
|-enditem|p2a: Hitmon Ali|Psychic Seed
|-boost|p2a: Hitmon Ali|spd|1|[from] item: Psychic Seed
|turn|3
|
|t:|1757829326
|move|p1a: Fox News|Acrobatics|p2a: Hitmon Ali
|-supereffective|p2a: Hitmon Ali
|-damage|p2a: Hitmon Ali|0 fnt
|faint|p2a: Hitmon Ali
|
|upkeep
|
|t:|1757829329
|switch|p2a: Golliad|Scream Tail, shiny|100/100
|-enditem|p2a: Golliad|Booster Energy
|-activate|p2a: Golliad|ability: Protosynthesis|[fromitem]
|-start|p2a: Golliad|protosynthesisspe
|turn|4
|
|t:|1757829341
|move|p1a: Fox News|Acrobatics|p2a: Golliad
|-damage|p2a: Golliad|3/100
|move|p2a: Golliad|Boomburst|p1a: Fox News
|-resisted|p1a: Fox News
|-damage|p1a: Fox News|0 fnt
|faint|p1a: Fox News
|
|upkeep
|
|t:|1757829350
|switch|p1a: Melania|Ninetales, F, shiny|100/100
|-weather|SunnyDay|[from] ability: Drought|[of] p1a: Melania
|turn|5
|
|t:|1757829356
|move|p2a: Golliad|Boomburst|p1a: Melania
|-damage|p1a: Melania|69/100
|move|p1a: Melania|Will-O-Wisp|p2a: Golliad
|-status|p2a: Golliad|brn
|
|-weather|SunnyDay|[upkeep]
|-damage|p2a: Golliad|0 fnt|[from] brn
|faint|p2a: Golliad
|-end|p2a: Golliad|Protosynthesis|[silent]
|-fieldend|move: Psychic Terrain
|upkeep
|
|t:|1757829366
|switch|p2a: Alakadam|Deoxys-Speed, shiny|100/100
|-ability|p2a: Alakadam|Pressure
|turn|6
|
|t:|1757829376
|move|p2a: Alakadam|Expanding Force|p1a: Melania
|-damage|p1a: Melania|19/100
|move|p1a: Melania|Flamethrower|p2a: Alakadam
|-damage|p2a: Alakadam|31/100
|
|-weather|SunnyDay|[upkeep]
|upkeep
|turn|7
|
|t:|1757829391
|move|p2a: Alakadam|Expanding Force|p1a: Melania
|-damage|p1a: Melania|0 fnt
|faint|p1a: Melania
|
|-weather|SunnyDay|[upkeep]
|upkeep
|
|t:|1757829402
|switch|p1a: Donald Trump|Venusaur, M|100/100
|turn|8
|
|t:|1757829414
|-terastallize|p1a: Donald Trump|Fire
|move|p1a: Donald Trump|Weather Ball|p2a: Alakadam
|-damage|p2a: Alakadam|0 fnt
|faint|p2a: Alakadam
|-damage|p1a: Donald Trump|91/100|[from] item: Life Orb
|
|-weather|SunnyDay|[upkeep]
|upkeep
|
|t:|1757829418
|switch|p2a: Bubble07|Araquanid, F, shiny|100/100
|turn|9
|
|t:|1757829434
|move|p1a: Donald Trump|Giga Drain|p2a: Bubble07
|-damage|p2a: Bubble07|65/100
|-heal|p1a: Donald Trump|100/100|[from] drain|[of] p2a: Bubble07
|-damage|p1a: Donald Trump|91/100|[from] item: Life Orb
|move|p2a: Bubble07|Liquidation|p1a: Donald Trump
|-supereffective|p1a: Donald Trump
|-damage|p1a: Donald Trump|12/100
|
|-weather|SunnyDay|[upkeep]
|upkeep
|turn|10
|
|t:|1757829443
|switch|p1a: Phallus|Kyurem|100/100
|-ability|p1a: Phallus|Pressure
|move|p2a: Bubble07|Liquidation|p1a: Phallus
|-resisted|p1a: Phallus
|-damage|p1a: Phallus|85/100
|-unboost|p1a: Phallus|def|1
|
|-weather|SunnyDay|[upkeep]
|upkeep
|turn|11
|
|t:|1757829471
|move|p1a: Phallus|Ice Beam|p2a: Bubble07
|-resisted|p2a: Bubble07
|-damage|p2a: Bubble07|43/100
|-damage|p1a: Phallus|75/100|[from] item: Life Orb
|move|p2a: Bubble07|Leech Life|p1a: Phallus
|-damage|p1a: Phallus|30/100
|-heal|p2a: Bubble07|69/100|[from] drain|[of] p1a: Phallus
|
|-weather|SunnyDay|[upkeep]
|upkeep
|turn|12
|inactive|TREMBLEB4BAST has 120 seconds left.
|c|☆PISSjumper|hurry
|
|t:|1757829506
|move|p1a: Phallus|Draco Meteor|p2a: Bubble07
|-damage|p2a: Bubble07|3/100
|-unboost|p1a: Phallus|spa|2
|-damage|p1a: Phallus|20/100|[from] item: Life Orb
|move|p2a: Bubble07|Leech Life|p1a: Phallus
|-damage|p1a: Phallus|0 fnt
|-heal|p2a: Bubble07|14/100|[from] drain|[of] p1a: Phallus
|faint|p1a: Phallus
|
|-weather|none
|upkeep
|
|t:|1757829517
|switch|p1a: Donald Trump|Venusaur, M, tera:Fire|12/100
|turn|13
|
|t:|1757829523
|move|p1a: Donald Trump|Giga Drain|p2a: Bubble07
|-damage|p2a: Bubble07|0 fnt
|-heal|p1a: Donald Trump|20/100|[from] drain|[of] p2a: Bubble07
|faint|p2a: Bubble07
|-damage|p1a: Donald Trump|10/100|[from] item: Life Orb
|
|upkeep
|
|t:|1757829524
|switch|p2a: Puss in Boots|Meowscarada, M|100/100
|turn|14
|c|☆TREMBLEB4BAST|Scared of sash gengar
|
|t:|1757829536
|move|p2a: Puss in Boots|Knock Off|p1a: Donald Trump
|-start|p2a: Puss in Boots|typechange|Dark|[from] ability: Protean
|-damage|p1a: Donald Trump|0 fnt
|-enditem|p1a: Donald Trump|Life Orb|[from] move: Knock Off|[of] p2a: Puss in Boots
|faint|p1a: Donald Trump
|
|upkeep
|
|t:|1757829547
|switch|p1a: JD Vance|Zapdos, shiny|100/100
|turn|15
|c|☆PISSjumper|lol
|
|t:|1757829572
|move|p2a: Puss in Boots|Triple Axel|p1a: JD Vance
|-supereffective|p1a: JD Vance
|-damage|p1a: JD Vance|87/100
|-hitcount|p1a: JD Vance|1
|move|p1a: JD Vance|Thunderbolt|p2a: Puss in Boots
|-damage|p2a: Puss in Boots|25/100
|-status|p2a: Puss in Boots|par
|
|-heal|p1a: JD Vance|94/100|[from] item: Leftovers
|upkeep
|turn|16
|c|☆TREMBLEB4BAST|Wow
|c|☆TREMBLEB4BAST|Gg
|inactive|PISSjumper has 120 seconds left.
|
|t:|1757829587
|move|p1a: JD Vance|Thunderbolt|p2a: Puss in Boots
|-damage|p2a: Puss in Boots|0 fnt
|faint|p2a: Puss in Boots
|
|win|PISSjumper
|raw|PISSjumper's rating: 1139 &rarr; <strong>1168</strong><br />(+29 for winning)
|raw|TREMBLEB4BAST's rating: 1190 &rarr; <strong>1161</strong><br />(-29 for losing)
|c|☆PISSjumper|gg
|l|☆TREMBLEB4BAST
|player|p2|
|c|☆PISSjumper|gengar had an orb
|l|☆PISSjumper
|player|p1|
