|j|☆swagzan10
|j|‽Praksisan
|t:|1757944722
|gametype|singles
|player|p1|swagzan10|2|1119
|player|p2|Praksisan|2|1171
|gen|9
|tier|[Gen 9] OU
|rated|
|rule|HP Percentage Mod: HP is shown in percentages
|rule|Endless Battle Clause: Forcing endless battles is banned
|rule|Species Clause: Limit one of each Pokémon
|rule|OHKO Clause: OHKO moves are banned
|rule|Evasion Items Clause: Evasion items are banned
|rule|Evasion Moves Clause: Evasion moves are banned
|rule|Evasion Abilities Clause: Evasion abilities are banned
|rule|Sleep Moves Clause: Sleep-inducing moves are banned
|clearpoke
|poke|p1|Hitmonchan, M|
|poke|p1|Sylveon, F|
|poke|p1|Blaziken, M|
|poke|p1|Cinccino, F|
|poke|p1|Malamar, F|
|poke|p1|Tentacruel, F|
|poke|p2|Kingambit, M|
|poke|p2|Ceruledge, M|
|poke|p2|Gliscor, M|
|poke|p2|Dragonite, F|
|poke|p2|Garganacl, M|
|poke|p2|Araquanid, F|
|teampreview
|inactive|Battle timer is ON: inactive players will automatically lose when time's up. (requested by Praksisan)
|
|t:|1757944730
|teamsize|p1|6
|teamsize|p2|6
|start
|switch|p1a: Cinccino|Cinccino, F|100/100
|switch|p2a: Araquanid|Araquanid, F|100/100
|turn|1
|
|t:|1757944737
|move|p1a: Cinccino|Tidy Up|p1a: Cinccino
|-boost|p1a: Cinccino|atk|1
|-boost|p1a: Cinccino|spe|1
|move|p2a: Araquanid|Liquidation|p1a: Cinccino
|-crit|p1a: Cinccino
|-damage|p1a: Cinccino|0 fnt
|faint|p1a: Cinccino
|
|upkeep
|
|t:|1757944743
|switch|p1a: Hitmonchan|Hitmonchan, M, shiny|100/100
|turn|2
|
|t:|1757944746
|move|p1a: Hitmonchan|Swords Dance|p1a: Hitmonchan
|-boost|p1a: Hitmonchan|atk|2
|move|p2a: Araquanid|Sticky Web|p1a: Hitmonchan
|-sidestart|p1: swagzan10|move: Sticky Web
|
|upkeep
|turn|3
|
|t:|1757944752
|move|p1a: Hitmonchan|Drain Punch|p2a: Araquanid
|-resisted|p2a: Araquanid
|-damage|p2a: Araquanid|59/100
|move|p2a: Araquanid|Liquidation|p1a: Hitmonchan
|-crit|p1a: Hitmonchan
|-damage|p1a: Hitmonchan|0 fnt
|faint|p1a: Hitmonchan
|
|upkeep
|
|t:|1757944762
|switch|p1a: Tentacruel|Tentacruel, F|100/100
|-activate|p1a: Tentacruel|move: Sticky Web
|-fail|p1a: Tentacruel|unboost|[from] ability: Clear Body|[of] p1a: Tentacruel
|turn|4
|
|t:|1757944765
|move|p1a: Tentacruel|Rapid Spin|p2a: Araquanid
|-damage|p2a: Araquanid|50/100
|-boost|p1a: Tentacruel|spe|1
|-sideend|p1: swagzan10|Sticky Web|[from] move: Rapid Spin|[of] p1a: Tentacruel
|move|p2a: Araquanid|Mirror Coat||[still]
|-fail|p2a: Araquanid
|
|upkeep
|turn|5
|
|t:|1757944768
|move|p1a: Tentacruel|Toxic Spikes|p2a: Araquanid
|-sidestart|p2: Praksisan|move: Toxic Spikes
|move|p2a: Araquanid|Mirror Coat||[still]
|-fail|p2a: Araquanid
|
|upkeep
|turn|6
|
|t:|1757944775
|switch|p2a: Dragonite|Dragonite, F|100/100
|move|p1a: Tentacruel|Toxic Spikes|p2a: Dragonite
|-sidestart|p2: Praksisan|move: Toxic Spikes
|
|upkeep
|turn|7
|
|t:|1757944781
|move|p1a: Tentacruel|Chilling Water|p2a: Dragonite
|-resisted|p2a: Dragonite
|-damage|p2a: Dragonite|96/100
|-unboost|p2a: Dragonite|atk|1
|move|p2a: Dragonite|Thunder Wave|p1a: Tentacruel
|-status|p1a: Tentacruel|par
|
|-heal|p2a: Dragonite|100/100|[from] item: Leftovers
|upkeep
|turn|8
|
|t:|1757944787
|move|p2a: Dragonite|Dragon Dance|p2a: Dragonite
|-boost|p2a: Dragonite|atk|1
|-boost|p2a: Dragonite|spe|1
|cant|p1a: Tentacruel|par
|
|upkeep
|turn|9
|
|t:|1757944792
|move|p2a: Dragonite|Dragon Dance|p2a: Dragonite
|-boost|p2a: Dragonite|atk|1
|-boost|p2a: Dragonite|spe|1
|move|p1a: Tentacruel|Chilling Water|p2a: Dragonite
|-resisted|p2a: Dragonite
|-damage|p2a: Dragonite|96/100
|-unboost|p2a: Dragonite|atk|1
|
|-heal|p2a: Dragonite|100/100|[from] item: Leftovers
|upkeep
|turn|10
|
|t:|1757944796
|move|p2a: Dragonite|Dragon Dance|p2a: Dragonite
|-boost|p2a: Dragonite|atk|1
|-boost|p2a: Dragonite|spe|1
|move|p1a: Tentacruel|Chilling Water|p2a: Dragonite
|-resisted|p2a: Dragonite
|-damage|p2a: Dragonite|96/100
|-unboost|p2a: Dragonite|atk|1
|
|-heal|p2a: Dragonite|100/100|[from] item: Leftovers
|upkeep
|turn|11
|
|t:|1757944799
|move|p2a: Dragonite|Dragon Claw|p1a: Tentacruel
|-damage|p1a: Tentacruel|40/100 par
|move|p1a: Tentacruel|Toxic|p2a: Dragonite
|-status|p2a: Dragonite|tox
|
|-heal|p1a: Tentacruel|46/100 par|[from] item: Black Sludge
|-damage|p2a: Dragonite|94/100 tox|[from] psn
|upkeep
|turn|12
|
|t:|1757944805
|move|p2a: Dragonite|Dragon Claw|p1a: Tentacruel
|-damage|p1a: Tentacruel|0 fnt
|faint|p1a: Tentacruel
|
|-heal|p2a: Dragonite|100/100 tox|[from] item: Leftovers
|-damage|p2a: Dragonite|88/100 tox|[from] psn
|upkeep
|
|t:|1757944808
|switch|p1a: Sylveon|Sylveon, F|100/100
|turn|13
|
|t:|1757944815
|move|p2a: Dragonite|Thunder Wave|p1a: Sylveon
|-status|p1a: Sylveon|par
|move|p1a: Sylveon|Hyper Voice|p2a: Dragonite
|-supereffective|p2a: Dragonite
|-damage|p2a: Dragonite|0 fnt
|faint|p2a: Dragonite
|
|upkeep
|
|t:|1757944820
|switch|p2a: Ceruledge|Ceruledge, M|100/100
|turn|14
|
|t:|1757944824
|move|p2a: Ceruledge|Swords Dance|p2a: Ceruledge
|-boost|p2a: Ceruledge|atk|2
|move|p1a: Sylveon|Hyper Voice|p2a: Ceruledge
|-resisted|p2a: Ceruledge
|-damage|p2a: Ceruledge|69/100
|
|upkeep
|turn|15
|
|t:|1757944829
|move|p2a: Ceruledge|Bitter Blade|p1a: Sylveon
|-damage|p1a: Sylveon|0 fnt
|-heal|p2a: Ceruledge|100/100|[from] drain|[of] p1a: Sylveon
|faint|p1a: Sylveon
|
|upkeep
|
|t:|1757944832
|switch|p1a: Blaziken|Blaziken, M|100/100
|turn|16
|
|t:|1757944838
|move|p2a: Ceruledge|Poltergeist|p1a: Blaziken
|-activate|p1a: Blaziken|move: Poltergeist|Focus Sash
|-enditem|p1a: Blaziken|Focus Sash
|-damage|p1a: Blaziken|1/100
|move|p1a: Blaziken|Earthquake|p2a: Ceruledge
|-supereffective|p2a: Ceruledge
|-damage|p2a: Ceruledge|0 fnt
|faint|p2a: Ceruledge
|
|-ability|p1a: Blaziken|Speed Boost|boost
|-boost|p1a: Blaziken|spe|1
|upkeep
|
|t:|1757944846
|switch|p2a: Kingambit|Kingambit, M|100/100
|-activate|p2a: Kingambit|ability: Supreme Overlord
|-start|p2a: Kingambit|fallen2|[silent]
|turn|17
|
|t:|1757944849
|move|p2a: Kingambit|Sucker Punch||[still]
|-fail|p2a: Kingambit
|move|p1a: Blaziken|Swords Dance|p1a: Blaziken
|-boost|p1a: Blaziken|atk|2
|
|-ability|p1a: Blaziken|Speed Boost|boost
|-boost|p1a: Blaziken|spe|1
|upkeep
|turn|18
|
|t:|1757944853
|move|p2a: Kingambit|Sucker Punch||[still]
|-fail|p2a: Kingambit
|move|p1a: Blaziken|Swords Dance|p1a: Blaziken
|-boost|p1a: Blaziken|atk|2
|
|-ability|p1a: Blaziken|Speed Boost|boost
|-boost|p1a: Blaziken|spe|1
|upkeep
|turn|19
|
|t:|1757944857
|move|p2a: Kingambit|Sucker Punch|p1a: Blaziken
|-resisted|p1a: Blaziken
|-damage|p1a: Blaziken|0 fnt
|faint|p1a: Blaziken
|
|upkeep
|
|t:|1757944859
|switch|p1a: Malamar|Malamar, F|100/100
|turn|20
|
|t:|1757944866
|-end|p2a: Kingambit|fallen2|[silent]
|switch|p2a: Gliscor|Gliscor, M|100/100
|-terastallize|p1a: Malamar|Dark
|move|p1a: Malamar|Superpower|p2a: Gliscor
|-resisted|p2a: Gliscor
|-damage|p2a: Gliscor|79/100
|-boost|p1a: Malamar|atk|1
|-boost|p1a: Malamar|def|1
|-damage|p1a: Malamar|91/100|[from] item: Life Orb
|
|-status|p2a: Gliscor|tox|[from] item: Toxic Orb
|upkeep
|turn|21
|
|t:|1757944874
|move|p2a: Gliscor|Substitute|p2a: Gliscor
|-start|p2a: Gliscor|Substitute
|-damage|p2a: Gliscor|54/100 tox
|move|p1a: Malamar|Knock Off|p2a: Gliscor
|-crit|p2a: Gliscor
|-end|p2a: Gliscor|Substitute
|-damage|p1a: Malamar|81/100|[from] item: Life Orb
|
|-heal|p2a: Gliscor|67/100 tox|[from] ability: Poison Heal
|upkeep
|turn|22
|
|t:|1757944880
|move|p2a: Gliscor|Protect|p2a: Gliscor
|-singleturn|p2a: Gliscor|Protect
|move|p1a: Malamar|Knock Off|p2a: Gliscor
|-activate|p2a: Gliscor|move: Protect
|
|-heal|p2a: Gliscor|79/100 tox|[from] ability: Poison Heal
|upkeep
|turn|23
|
|t:|1757944885
|move|p2a: Gliscor|Earthquake|p1a: Malamar
|-damage|p1a: Malamar|47/100
|move|p1a: Malamar|Knock Off|p2a: Gliscor
|-damage|p2a: Gliscor|0 fnt
|-enditem|p2a: Gliscor|Toxic Orb|[from] move: Knock Off|[of] p1a: Malamar
|faint|p2a: Gliscor
|-damage|p1a: Malamar|37/100|[from] item: Life Orb
|
|upkeep
|
|t:|1757944891
|switch|p2a: Araquanid|Araquanid, F|50/100
|-status|p2a: Araquanid|tox
|turn|24
|
|t:|1757944894
|move|p1a: Malamar|Psycho Cut|p2a: Araquanid
|-damage|p2a: Araquanid|0 fnt
|faint|p2a: Araquanid
|-damage|p1a: Malamar|28/100|[from] item: Life Orb
|
|upkeep
|
|t:|1757944896
|switch|p2a: Garganacl|Garganacl, M|100/100
|turn|25
|
|t:|1757944902
|move|p1a: Malamar|Knock Off|p2a: Garganacl
|-damage|p2a: Garganacl|51/100
|-enditem|p2a: Garganacl|Leftovers|[from] move: Knock Off|[of] p1a: Malamar
|-damage|p1a: Malamar|18/100|[from] item: Life Orb
|move|p2a: Garganacl|Body Press|p1a: Malamar
|-supereffective|p1a: Malamar
|-damage|p1a: Malamar|0 fnt
|faint|p1a: Malamar
|
|win|Praksisan
|raw|swagzan10's rating: 1119 &rarr; <strong>1098</strong><br />(-21 for losing)
|raw|Praksisan's rating: 1171 &rarr; <strong>1192</strong><br />(+21 for winning)
|l|☆swagzan10
|player|p1|
|l|‽Praksisan
|player|p2|
