|j|☆fadingstrawberry
|j|☆mega gender
|t:|1757871897
|gametype|singles
|player|p1|fadingstrawberry|swimmerf-gen4|1491
|player|p2|mega gender|depotagent|1527
|gen|9
|tier|[Gen 9] OU
|rated|
|rule|HP Percentage Mod: HP is shown in percentages
|rule|Endless Battle Clause: Forcing endless battles is banned
|rule|Species Clause: Limit one of each Pokémon
|rule|OHKO Clause: OHKO moves are banned
|rule|Evasion Items Clause: Evasion items are banned
|rule|Evasion Moves Clause: Evasion moves are banned
|rule|Evasion Abilities Clause: Evasion abilities are banned
|rule|Sleep Moves Clause: Sleep-inducing moves are banned
|clearpoke
|poke|p1|Torkoal, F|
|poke|p1|Great Tusk|
|poke|p1|Hatterene, F|
|poke|p1|Walking Wake|
|poke|p1|Slither Wing|
|poke|p1|Weavile, F|
|poke|p2|Blissey, F|
|poke|p2|Amoonguss, F|
|poke|p2|Gliscor, M|
|poke|p2|Dondozo, F|
|poke|p2|Alomomola, F|
|poke|p2|Bronzong|
|teampreview
|
|t:|1757871922
|teamsize|p1|6
|teamsize|p2|6
|start
|switch|p1a: Torkoal|Torkoal, F|100/100
|switch|p2a: Gliscor|Gliscor, M|100/100
|-weather|SunnyDay|[from] ability: Drought|[of] p1a: Torkoal
|turn|1
|inactive|Battle timer is ON: inactive players will automatically lose when time's up. (requested by mega gender)
|
|t:|1757871928
|move|p2a: Gliscor|Protect|p2a: Gliscor
|-singleturn|p2a: Gliscor|Protect
|move|p1a: Torkoal|Will-O-Wisp|p2a: Gliscor
|-activate|p2a: Gliscor|move: Protect
|
|-weather|SunnyDay|[upkeep]
|-status|p2a: Gliscor|tox|[from] item: Toxic Orb
|upkeep
|turn|2
|
|t:|1757871937
|switch|p1a: Hatterene|Hatterene, F|100/100
|move|p2a: Gliscor|Earthquake|p1a: Hatterene
|-damage|p1a: Hatterene|74/100
|
|-weather|SunnyDay|[upkeep]
|-heal|p1a: Hatterene|80/100|[from] item: Leftovers
|upkeep
|turn|3
|
|t:|1757871950
|move|p2a: Gliscor|Knock Off|p1a: Hatterene
|-damage|p1a: Hatterene|63/100
|-enditem|p1a: Hatterene|Leftovers|[from] move: Knock Off|[of] p2a: Gliscor
|move|p1a: Hatterene|Calm Mind|p1a: Hatterene
|-boost|p1a: Hatterene|spa|1
|-boost|p1a: Hatterene|spd|1
|
|-weather|SunnyDay|[upkeep]
|upkeep
|turn|4
|
|t:|1757871957
|switch|p2a: Blissey|Blissey, F|100/100
|move|p1a: Hatterene|Calm Mind|p1a: Hatterene
|-boost|p1a: Hatterene|spa|1
|-boost|p1a: Hatterene|spd|1
|
|-weather|SunnyDay|[upkeep]
|upkeep
|turn|5
|
|t:|1757871963
|move|p2a: Blissey|Calm Mind|p2a: Blissey
|-boost|p2a: Blissey|spa|1
|-boost|p2a: Blissey|spd|1
|move|p1a: Hatterene|Calm Mind|p1a: Hatterene
|-boost|p1a: Hatterene|spa|1
|-boost|p1a: Hatterene|spd|1
|
|-weather|SunnyDay|[upkeep]
|upkeep
|turn|6
|
|t:|1757871971
|-terastallize|p2a: Blissey|Dark
|move|p2a: Blissey|Calm Mind|p2a: Blissey
|-boost|p2a: Blissey|spa|1
|-boost|p2a: Blissey|spd|1
|move|p1a: Hatterene|Psyshock|p2a: Blissey
|-immune|p2a: Blissey
|
|-weather|SunnyDay|[upkeep]
|upkeep
|turn|7
|
|t:|1757871976
|move|p2a: Blissey|Seismic Toss|p1a: Hatterene
|-damage|p1a: Hatterene|32/100
|move|p1a: Hatterene|Nuzzle|p2a: Blissey
|-damage|p2a: Blissey|96/100
|-status|p2a: Blissey|par
|
|-weather|SunnyDay|[upkeep]
|upkeep
|turn|8
|
|t:|1757871983
|move|p1a: Hatterene|Draining Kiss|p2a: Blissey
|-supereffective|p2a: Blissey
|-damage|p2a: Blissey|80/100 par
|-heal|p1a: Hatterene|56/100|[from] drain|[of] p2a: Blissey
|cant|p2a: Blissey|par
|
|-weather|none
|upkeep
|turn|9
|
|t:|1757871987
|move|p1a: Hatterene|Draining Kiss|p2a: Blissey
|-supereffective|p2a: Blissey
|-damage|p2a: Blissey|65/100 par
|-heal|p1a: Hatterene|80/100|[from] drain|[of] p2a: Blissey
|cant|p2a: Blissey|par
|
|upkeep
|turn|10
|
|t:|1757871991
|move|p1a: Hatterene|Calm Mind|p1a: Hatterene
|-boost|p1a: Hatterene|spa|1
|-boost|p1a: Hatterene|spd|1
|move|p2a: Blissey|Calm Mind|p2a: Blissey
|-boost|p2a: Blissey|spa|1
|-boost|p2a: Blissey|spd|1
|
|upkeep
|turn|11
|
|t:|1757871993
|move|p1a: Hatterene|Calm Mind|p1a: Hatterene
|-boost|p1a: Hatterene|spa|1
|-boost|p1a: Hatterene|spd|1
|move|p2a: Blissey|Calm Mind|p2a: Blissey
|-boost|p2a: Blissey|spa|1
|-boost|p2a: Blissey|spd|1
|
|upkeep
|turn|12
|
|t:|1757871995
|move|p1a: Hatterene|Calm Mind|p1a: Hatterene
|-boost|p1a: Hatterene|spa|1
|-boost|p1a: Hatterene|spd|1
|cant|p2a: Blissey|par
|
|upkeep
|turn|13
|
|t:|1757871996
|move|p1a: Hatterene|Draining Kiss|p2a: Blissey
|-supereffective|p2a: Blissey
|-damage|p2a: Blissey|46/100 par
|-heal|p1a: Hatterene|100/100|[from] drain|[of] p2a: Blissey
|move|p2a: Blissey|Calm Mind|p2a: Blissey
|-boost|p2a: Blissey|spa|1
|-boost|p2a: Blissey|spd|1
|
|upkeep
|turn|14
|
|t:|1757871999
|move|p1a: Hatterene|Draining Kiss|p2a: Blissey
|-supereffective|p2a: Blissey
|-damage|p2a: Blissey|31/100 par
|move|p2a: Blissey|Soft-Boiled|p2a: Blissey
|-heal|p2a: Blissey|81/100 par
|
|upkeep
|turn|15
|
|t:|1757872001
|move|p1a: Hatterene|Draining Kiss|p2a: Blissey
|-supereffective|p2a: Blissey
|-damage|p2a: Blissey|64/100 par
|move|p2a: Blissey|Calm Mind|p2a: Blissey
|-boost|p2a: Blissey|spa|1
|-boost|p2a: Blissey|spd|1
|
|upkeep
|turn|16
|
|t:|1757872003
|move|p1a: Hatterene|Draining Kiss|p2a: Blissey
|-supereffective|p2a: Blissey
|-damage|p2a: Blissey|50/100 par
|move|p2a: Blissey|Flamethrower|p1a: Hatterene
|-damage|p1a: Hatterene|83/100
|
|upkeep
|turn|17
|
|t:|1757872007
|move|p1a: Hatterene|Draining Kiss|p2a: Blissey
|-supereffective|p2a: Blissey
|-damage|p2a: Blissey|36/100 par
|-heal|p1a: Hatterene|100/100|[from] drain|[of] p2a: Blissey
|move|p2a: Blissey|Soft-Boiled|p2a: Blissey
|-heal|p2a: Blissey|86/100 par
|
|upkeep
|turn|18
|
|t:|1757872011
|move|p1a: Hatterene|Draining Kiss|p2a: Blissey
|-supereffective|p2a: Blissey
|-damage|p2a: Blissey|71/100 par
|move|p2a: Blissey|Flamethrower|p1a: Hatterene
|-damage|p1a: Hatterene|84/100
|
|upkeep
|turn|19
|
|t:|1757872016
|switch|p1a: Weavile|Weavile, F|100/100
|-ability|p1a: Weavile|Pressure
|move|p2a: Blissey|Flamethrower|p1a: Weavile
|-supereffective|p1a: Weavile
|-damage|p1a: Weavile|0 fnt
|faint|p1a: Weavile
|
|upkeep
|
|t:|1757872021
|switch|p1a: Great Tusk|Great Tusk|100/100
|turn|20
|
|t:|1757872028
|-curestatus|p2a: Blissey|par|[from] ability: Natural Cure
|switch|p2a: Bronzong|Bronzong|100/100
|move|p1a: Great Tusk|Body Press|p2a: Bronzong
|-damage|p2a: Bronzong|60/100
|
|-heal|p2a: Bronzong|66/100|[from] item: Leftovers
|upkeep
|turn|21
|
|t:|1757872032
|move|p2a: Bronzong|Protect|p2a: Bronzong
|-singleturn|p2a: Bronzong|Protect
|move|p1a: Great Tusk|Knock Off|p2a: Bronzong
|-activate|p2a: Bronzong|move: Protect
|
|-heal|p2a: Bronzong|72/100|[from] item: Leftovers
|upkeep
|turn|22
|
|t:|1757872036
|switch|p2a: Gliscor|Gliscor, M|100/100 tox
|move|p1a: Great Tusk|Knock Off|p2a: Gliscor
|-damage|p2a: Gliscor|78/100 tox
|-enditem|p2a: Gliscor|Toxic Orb|[from] move: Knock Off|[of] p1a: Great Tusk
|
|-heal|p2a: Gliscor|91/100 tox|[from] ability: Poison Heal
|upkeep
|turn|23
|
|t:|1757872041
|-end|p1a: Great Tusk|Protosynthesis|[silent]
|switch|p1a: Walking Wake|Walking Wake|100/100
|move|p2a: Gliscor|Knock Off|p1a: Walking Wake
|-damage|p1a: Walking Wake|79/100
|-enditem|p1a: Walking Wake|Choice Specs|[from] move: Knock Off|[of] p2a: Gliscor
|
|-heal|p2a: Gliscor|100/100 tox|[from] ability: Poison Heal
|upkeep
|turn|24
|
|t:|1757872047
|switch|p2a: Alomomola|Alomomola, F|100/100
|move|p1a: Walking Wake|Draco Meteor|p2a: Alomomola
|-damage|p2a: Alomomola|43/100
|-unboost|p1a: Walking Wake|spa|2
|
|upkeep
|turn|25
|
|t:|1757872051
|move|p1a: Walking Wake|Draco Meteor|p2a: Alomomola
|-damage|p2a: Alomomola|15/100
|-unboost|p1a: Walking Wake|spa|2
|move|p2a: Alomomola|Flip Turn|p1a: Walking Wake
|-resisted|p1a: Walking Wake
|-damage|p1a: Walking Wake|74/100
|
|t:|1757872056
|switch|p2a: Amoonguss|Amoonguss, F|100/100|[from] Flip Turn
|
|upkeep
|turn|26
|
|t:|1757872064
|-end|p1a: Walking Wake|Protosynthesis|[silent]
|switch|p1a: Torkoal|Torkoal, F|100/100
|-weather|SunnyDay|[from] ability: Drought|[of] p1a: Torkoal
|move|p2a: Amoonguss|Toxic|p1a: Torkoal
|-status|p1a: Torkoal|tox
|
|-weather|SunnyDay|[upkeep]
|-damage|p1a: Torkoal|94/100 tox|[from] psn
|upkeep
|turn|27
|
|t:|1757872068
|switch|p2a: Alomomola|Alomomola, F|48/100
|move|p1a: Torkoal|Stealth Rock|p2a: Alomomola
|-sidestart|p2: mega gender|move: Stealth Rock
|
|-weather|SunnyDay|[upkeep]
|-damage|p1a: Torkoal|82/100 tox|[from] psn
|upkeep
|turn|28
|
|t:|1757872071
|switch|p1a: Walking Wake|Walking Wake|74/100
|-activate|p1a: Walking Wake|ability: Protosynthesis
|-start|p1a: Walking Wake|protosynthesisspe
|move|p2a: Alomomola|Wish|p2a: Alomomola
|
|-weather|SunnyDay|[upkeep]
|upkeep
|turn|29
|
|t:|1757872075
|move|p2a: Alomomola|Protect|p2a: Alomomola
|-singleturn|p2a: Alomomola|Protect
|move|p1a: Walking Wake|Draco Meteor|p2a: Alomomola
|-activate|p2a: Alomomola|move: Protect
|
|-weather|SunnyDay|[upkeep]
|-heal|p2a: Alomomola|98/100|[from] move: Wish|[wisher] Alomomola
|upkeep
|turn|30
|
|t:|1757872084
|move|p1a: Walking Wake|Dragon Pulse|p2a: Alomomola
|-damage|p2a: Alomomola|61/100
|move|p2a: Alomomola|Wish|p2a: Alomomola
|
|-weather|SunnyDay|[upkeep]
|upkeep
|turn|31
|
|t:|1757872090
|move|p1a: Walking Wake|Dragon Pulse|p2a: Alomomola
|-damage|p2a: Alomomola|22/100
|move|p2a: Alomomola|Scald|p1a: Walking Wake
|-resisted|p1a: Walking Wake
|-damage|p1a: Walking Wake|72/100
|-status|p1a: Walking Wake|brn
|
|-weather|SunnyDay|[upkeep]
|-heal|p2a: Alomomola|72/100|[from] move: Wish|[wisher] Alomomola
|-damage|p1a: Walking Wake|66/100 brn|[from] brn
|upkeep
|turn|32
|
|t:|1757872093
|move|p2a: Alomomola|Protect|p2a: Alomomola
|-singleturn|p2a: Alomomola|Protect
|move|p1a: Walking Wake|Draco Meteor|p2a: Alomomola
|-activate|p2a: Alomomola|move: Protect
|
|-weather|SunnyDay|[upkeep]
|-damage|p1a: Walking Wake|60/100 brn|[from] brn
|upkeep
|turn|33
|
|t:|1757872095
|move|p1a: Walking Wake|Draco Meteor|p2a: Alomomola
|-damage|p2a: Alomomola|14/100
|-unboost|p1a: Walking Wake|spa|2
|move|p2a: Alomomola|Wish|p2a: Alomomola
|
|-weather|none
|-end|p1a: Walking Wake|Protosynthesis
|-damage|p1a: Walking Wake|54/100 brn|[from] brn
|upkeep
|turn|34
|
|t:|1757872102
|-end|p1a: Walking Wake|Protosynthesis|[silent]
|switch|p1a: Torkoal|Torkoal, F|82/100 tox
|-weather|SunnyDay|[from] ability: Drought|[of] p1a: Torkoal
|move|p2a: Alomomola|Protect||[still]
|-fail|p2a: Alomomola
|
|-weather|SunnyDay|[upkeep]
|-heal|p2a: Alomomola|64/100|[from] move: Wish|[wisher] Alomomola
|-damage|p1a: Torkoal|76/100 tox|[from] psn
|upkeep
|turn|35
|
|t:|1757872107
|move|p2a: Alomomola|Flip Turn|p1a: Torkoal
|-supereffective|p1a: Torkoal
|-damage|p1a: Torkoal|67/100 tox
|
|t:|1757872109
|switch|p2a: Gliscor|Gliscor, M|100/100 tox|[from] Flip Turn
|-damage|p2a: Gliscor|88/100 tox|[from] Stealth Rock
|move|p1a: Torkoal|Will-O-Wisp||[still]
|-fail|p1a: Torkoal
|
|-weather|SunnyDay|[upkeep]
|-heal|p2a: Gliscor|100/100 tox|[from] ability: Poison Heal
|-damage|p1a: Torkoal|54/100 tox|[from] psn
|upkeep
|turn|36
|
|t:|1757872115
|switch|p1a: Hatterene|Hatterene, F|84/100
|move|p2a: Gliscor|Earthquake|p1a: Hatterene
|-damage|p1a: Hatterene|59/100
|
|-weather|SunnyDay|[upkeep]
|upkeep
|turn|37
|
|t:|1757872117
|move|p2a: Gliscor|Earthquake|p1a: Hatterene
|-damage|p1a: Hatterene|34/100
|move|p1a: Hatterene|Calm Mind|p1a: Hatterene
|-boost|p1a: Hatterene|spa|1
|-boost|p1a: Hatterene|spd|1
|
|-weather|SunnyDay|[upkeep]
|upkeep
|turn|38
|
|t:|1757872120
|move|p2a: Gliscor|Earthquake|p1a: Hatterene
|-damage|p1a: Hatterene|10/100
|move|p1a: Hatterene|Draining Kiss|p2a: Gliscor
|-crit|p2a: Gliscor
|-damage|p2a: Gliscor|58/100 tox
|-heal|p1a: Hatterene|45/100|[from] drain|[of] p2a: Gliscor
|
|-weather|SunnyDay|[upkeep]
|-heal|p2a: Gliscor|70/100 tox|[from] ability: Poison Heal
|upkeep
|turn|39
|
|t:|1757872127
|move|p2a: Gliscor|Protect|p2a: Gliscor
|-singleturn|p2a: Gliscor|Protect
|move|p1a: Hatterene|Draining Kiss|p2a: Gliscor
|-activate|p2a: Gliscor|move: Protect
|
|-weather|SunnyDay|[upkeep]
|-heal|p2a: Gliscor|83/100 tox|[from] ability: Poison Heal
|upkeep
|turn|40
|
|t:|1757872130
|move|p2a: Gliscor|Earthquake|p1a: Hatterene
|-damage|p1a: Hatterene|17/100
|move|p1a: Hatterene|Calm Mind|p1a: Hatterene
|-boost|p1a: Hatterene|spa|1
|-boost|p1a: Hatterene|spd|1
|
|-weather|SunnyDay|[upkeep]
|-heal|p2a: Gliscor|95/100 tox|[from] ability: Poison Heal
|upkeep
|turn|41
|
|t:|1757872133
|switch|p1a: Slither Wing|Slither Wing|100/100
|-activate|p1a: Slither Wing|ability: Protosynthesis
|-start|p1a: Slither Wing|protosynthesisatk
|move|p2a: Gliscor|Earthquake|p1a: Slither Wing
|-resisted|p1a: Slither Wing
|-damage|p1a: Slither Wing|83/100
|
|-weather|none
|-end|p1a: Slither Wing|Protosynthesis
|-heal|p2a: Gliscor|100/100 tox|[from] ability: Poison Heal
|upkeep
|turn|42
|
|t:|1757872137
|move|p2a: Gliscor|Knock Off|p1a: Slither Wing
|-resisted|p1a: Slither Wing
|-damage|p1a: Slither Wing|72/100
|-enditem|p1a: Slither Wing|Assault Vest|[from] move: Knock Off|[of] p2a: Gliscor
|move|p1a: Slither Wing|U-turn|p2a: Gliscor
|-resisted|p2a: Gliscor
|-damage|p2a: Gliscor|83/100 tox
|
|t:|1757872141
|-end|p1a: Slither Wing|Protosynthesis|[silent]
|switch|p1a: Walking Wake|Walking Wake|54/100 brn|[from] U-turn
|
|-heal|p2a: Gliscor|95/100 tox|[from] ability: Poison Heal
|-damage|p1a: Walking Wake|48/100 brn|[from] brn
|upkeep
|turn|43
|
|t:|1757872146
|-end|p1a: Walking Wake|Protosynthesis|[silent]
|switch|p1a: Great Tusk|Great Tusk|100/100
|switch|p2a: Alomomola|Alomomola, F|97/100
|
|upkeep
|turn|44
|
|t:|1757872149
|switch|p2a: Gliscor|Gliscor, M|95/100 tox
|-damage|p2a: Gliscor|83/100 tox|[from] Stealth Rock
|move|p1a: Great Tusk|Body Press|p2a: Gliscor
|-resisted|p2a: Gliscor
|-damage|p2a: Gliscor|63/100 tox
|
|-heal|p2a: Gliscor|76/100 tox|[from] ability: Poison Heal
|upkeep
|turn|45
|
|t:|1757872153
|-end|p1a: Great Tusk|Protosynthesis|[silent]
|switch|p1a: Torkoal|Torkoal, F|54/100 tox
|-weather|SunnyDay|[from] ability: Drought|[of] p1a: Torkoal
|move|p2a: Gliscor|Knock Off|p1a: Torkoal
|-damage|p1a: Torkoal|42/100 tox
|-enditem|p1a: Torkoal|Heat Rock|[from] move: Knock Off|[of] p2a: Gliscor
|
|-weather|SunnyDay|[upkeep]
|-heal|p2a: Gliscor|88/100 tox|[from] ability: Poison Heal
|-damage|p1a: Torkoal|35/100 tox|[from] psn
|upkeep
|turn|46
|
|t:|1757872160
|switch|p1a: Great Tusk|Great Tusk|100/100
|-activate|p1a: Great Tusk|ability: Protosynthesis
|-start|p1a: Great Tusk|protosynthesisdef
|move|p2a: Gliscor|Earthquake|p1a: Great Tusk
|-damage|p1a: Great Tusk|88/100
|
|-weather|SunnyDay|[upkeep]
|-heal|p2a: Gliscor|100/100 tox|[from] ability: Poison Heal
|upkeep
|turn|47
|
|t:|1757872167
|move|p2a: Gliscor|Knock Off|p1a: Great Tusk
|-resisted|p1a: Great Tusk
|-damage|p1a: Great Tusk|85/100
|-damage|p2a: Gliscor|84/100 tox|[from] item: Rocky Helmet|[of] p1a: Great Tusk
|-enditem|p1a: Great Tusk|Rocky Helmet|[from] move: Knock Off|[of] p2a: Gliscor
|move|p1a: Great Tusk|Knock Off|p2a: Gliscor
|-damage|p2a: Gliscor|68/100 tox
|
|-weather|SunnyDay|[upkeep]
|-heal|p2a: Gliscor|80/100 tox|[from] ability: Poison Heal
|upkeep
|turn|48
|
|t:|1757872171
|move|p2a: Gliscor|Spikes|p1a: Great Tusk
|-sidestart|p1: fadingstrawberry|Spikes
|move|p1a: Great Tusk|Rapid Spin|p2a: Gliscor
|-damage|p2a: Gliscor|68/100 tox
|-boost|p1a: Great Tusk|spe|1
|-sideend|p1: fadingstrawberry|Spikes|[from] move: Rapid Spin|[of] p1a: Great Tusk
|
|-weather|SunnyDay|[upkeep]
|-heal|p2a: Gliscor|80/100 tox|[from] ability: Poison Heal
|upkeep
|turn|49
|
|t:|1757872179
|move|p1a: Great Tusk|Body Press|p2a: Gliscor
|-resisted|p2a: Gliscor
|-damage|p2a: Gliscor|62/100 tox
|move|p2a: Gliscor|Spikes|p1a: Great Tusk
|-sidestart|p1: fadingstrawberry|Spikes
|
|-weather|SunnyDay|[upkeep]
|-heal|p2a: Gliscor|74/100 tox|[from] ability: Poison Heal
|upkeep
|turn|50
|
|t:|1757872182
|move|p2a: Gliscor|Protect|p2a: Gliscor
|-singleturn|p2a: Gliscor|Protect
|move|p1a: Great Tusk|Rapid Spin|p2a: Gliscor
|-activate|p2a: Gliscor|move: Protect
|
|-weather|SunnyDay|[upkeep]
|-heal|p2a: Gliscor|87/100 tox|[from] ability: Poison Heal
|upkeep
|turn|51
|
|t:|1757872188
|move|p1a: Great Tusk|Rapid Spin|p2a: Gliscor
|-damage|p2a: Gliscor|75/100 tox
|-boost|p1a: Great Tusk|spe|1
|-sideend|p1: fadingstrawberry|Spikes|[from] move: Rapid Spin|[of] p1a: Great Tusk
|move|p2a: Gliscor|Earthquake|p1a: Great Tusk
|-damage|p1a: Great Tusk|72/100
|
|-weather|SunnyDay|[upkeep]
|-heal|p2a: Gliscor|87/100 tox|[from] ability: Poison Heal
|upkeep
|turn|52
|
|t:|1757872194
|move|p2a: Gliscor|Protect|p2a: Gliscor
|-singleturn|p2a: Gliscor|Protect
|move|p1a: Great Tusk|Rapid Spin|p2a: Gliscor
|-activate|p2a: Gliscor|move: Protect
|
|-weather|none
|-end|p1a: Great Tusk|Protosynthesis
|-heal|p2a: Gliscor|99/100 tox|[from] ability: Poison Heal
|upkeep
|turn|53
|
|t:|1757872197
|move|p1a: Great Tusk|Rapid Spin|p2a: Gliscor
|-crit|p2a: Gliscor
|-damage|p2a: Gliscor|81/100 tox
|-boost|p1a: Great Tusk|spe|1
|move|p2a: Gliscor|Knock Off|p1a: Great Tusk
|-resisted|p1a: Great Tusk
|-damage|p1a: Great Tusk|69/100
|
|-heal|p2a: Gliscor|94/100 tox|[from] ability: Poison Heal
|upkeep
|turn|54
|
|t:|1757872199
|move|p1a: Great Tusk|Rapid Spin|p2a: Gliscor
|-damage|p2a: Gliscor|81/100 tox
|-boost|p1a: Great Tusk|spe|1
|move|p2a: Gliscor|Knock Off|p1a: Great Tusk
|-resisted|p1a: Great Tusk
|-damage|p1a: Great Tusk|65/100
|
|-heal|p2a: Gliscor|93/100 tox|[from] ability: Poison Heal
|upkeep
|turn|55
|
|t:|1757872200
|move|p1a: Great Tusk|Rapid Spin|p2a: Gliscor
|-damage|p2a: Gliscor|83/100 tox
|-boost|p1a: Great Tusk|spe|1
|move|p2a: Gliscor|Knock Off|p1a: Great Tusk
|-resisted|p1a: Great Tusk
|-crit|p1a: Great Tusk
|-damage|p1a: Great Tusk|60/100
|
|-heal|p2a: Gliscor|95/100 tox|[from] ability: Poison Heal
|upkeep
|turn|56
|
|t:|1757872206
|move|p1a: Great Tusk|Rapid Spin|p2a: Gliscor
|-damage|p2a: Gliscor|83/100 tox
|-boost|p1a: Great Tusk|spe|1
|move|p2a: Gliscor|Knock Off|p1a: Great Tusk
|-resisted|p1a: Great Tusk
|-damage|p1a: Great Tusk|56/100
|
|-heal|p2a: Gliscor|96/100 tox|[from] ability: Poison Heal
|upkeep
|turn|57
|
|t:|1757872207
|move|p1a: Great Tusk|Rapid Spin|p2a: Gliscor
|-damage|p2a: Gliscor|85/100 tox
|move|p2a: Gliscor|Earthquake|p1a: Great Tusk
|-damage|p1a: Great Tusk|41/100
|
|-heal|p2a: Gliscor|97/100 tox|[from] ability: Poison Heal
|upkeep
|turn|58
|
|t:|1757872209
|move|p1a: Great Tusk|Rapid Spin|p2a: Gliscor
|-damage|p2a: Gliscor|85/100 tox
|move|p2a: Gliscor|Knock Off|p1a: Great Tusk
|-resisted|p1a: Great Tusk
|-damage|p1a: Great Tusk|38/100
|
|-heal|p2a: Gliscor|97/100 tox|[from] ability: Poison Heal
|upkeep
|turn|59
|
|t:|1757872211
|move|p1a: Great Tusk|Rapid Spin|p2a: Gliscor
|-damage|p2a: Gliscor|86/100 tox
|move|p2a: Gliscor|Knock Off|p1a: Great Tusk
|-resisted|p1a: Great Tusk
|-damage|p1a: Great Tusk|34/100
|
|-heal|p2a: Gliscor|99/100 tox|[from] ability: Poison Heal
|upkeep
|turn|60
|
|t:|1757872214
|move|p1a: Great Tusk|Rapid Spin|p2a: Gliscor
|-damage|p2a: Gliscor|87/100 tox
|move|p2a: Gliscor|Knock Off|p1a: Great Tusk
|-resisted|p1a: Great Tusk
|-damage|p1a: Great Tusk|31/100
|
|-heal|p2a: Gliscor|99/100 tox|[from] ability: Poison Heal
|upkeep
|turn|61
|
|t:|1757872216
|move|p1a: Great Tusk|Rapid Spin|p2a: Gliscor
|-damage|p2a: Gliscor|87/100 tox
|move|p2a: Gliscor|Knock Off|p1a: Great Tusk
|-resisted|p1a: Great Tusk
|-damage|p1a: Great Tusk|28/100
|
|-heal|p2a: Gliscor|99/100 tox|[from] ability: Poison Heal
|upkeep
|turn|62
|-message|fadingstrawberry forfeited.
|
|win|mega gender
|raw|fadingstrawberry's rating: 1491 &rarr; <strong>1473</strong><br />(-18 for losing)
|raw|mega gender's rating: 1527 &rarr; <strong>1545</strong><br />(+18 for winning)
|l|☆fadingstrawberry
|player|p1|
|l|☆mega gender
|player|p2|
