|j|☆98k40a
|j|☆JGOED
|t:|1757817610
|gametype|singles
|player|p1|98k40a|lucas|1172
|player|p2|JGOED|102|1153
|gen|9
|tier|[Gen 9] OU
|rated|
|rule|HP Percentage Mod: HP is shown in percentages
|rule|Endless Battle Clause: Forcing endless battles is banned
|rule|Species Clause: Limit one of each Pokémon
|rule|OHKO Clause: OHKO moves are banned
|rule|Evasion Items Clause: Evasion items are banned
|rule|Evasion Moves Clause: Evasion moves are banned
|rule|Evasion Abilities Clause: Evasion abilities are banned
|rule|Sleep Moves Clause: Sleep-inducing moves are banned
|clearpoke
|poke|p1|Araquanid, F|
|poke|p1|Gholdengo|
|poke|p1|Iron Moth|
|poke|p1|Iron Valiant|
|poke|p1|Raging Bolt|
|poke|p1|Kingambit, F|
|poke|p2|Regidrago|
|poke|p2|Ogerpon-Cornerstone, F|
|poke|p2|Tornadus-Therian, M|
|poke|p2|Araquanid, F|
|poke|p2|Great Tusk|
|poke|p2|Hoopa|
|teampreview
|inactive|Battle timer is ON: inactive players will automatically lose when time's up. (requested by JGOED)
|inactive|JGOED has 120 seconds left.
|
|t:|1757817687
|teamsize|p1|6
|teamsize|p2|6
|start
|switch|p1a: DELI|Raging Bolt|100/100
|switch|p2a: Tornadus|Tornadus-Therian, M|100/100
|-enditem|p1a: DELI|Booster Energy
|-activate|p1a: DELI|ability: Protosynthesis|[fromitem]
|-start|p1a: DELI|protosynthesisspa
|turn|1
|
|t:|1757817703
|-terastallize|p2a: Tornadus|Dragon
|move|p2a: Tornadus|Tailwind|p2a: Tornadus
|-sidestart|p2: JGOED|move: Tailwind
|move|p1a: DELI|Dragon Pulse|p2a: Tornadus
|-supereffective|p2a: Tornadus
|-damage|p2a: Tornadus|0 fnt
|faint|p2a: Tornadus
|
|upkeep
|inactive|JGOED has 120 seconds left.
|
|t:|1757817723
|switch|p2a: Hoopa|Hoopa|100/100
|turn|2
|
|t:|1757817738
|-end|p1a: DELI|Protosynthesis|[silent]
|switch|p1a: QUIL|Araquanid, F|100/100
|move|p2a: Hoopa|Shadow Ball|p1a: QUIL
|-damage|p1a: QUIL|46/100
|
|upkeep
|turn|3
|
|t:|1757817746
|move|p2a: Hoopa|Shadow Ball|p1a: QUIL
|-damage|p1a: QUIL|0 fnt
|faint|p1a: QUIL
|
|upkeep
|
|t:|1757817771
|switch|p1a: DELI|Raging Bolt|100/100
|turn|4
|
|t:|1757817781
|move|p2a: Hoopa|Shadow Ball|p1a: DELI
|-damage|p1a: DELI|25/100
|move|p1a: DELI|Calm Mind|p1a: DELI
|-boost|p1a: DELI|spa|1
|-boost|p1a: DELI|spd|1
|
|-sideend|p2: JGOED|move: Tailwind
|upkeep
|turn|5
|
|t:|1757817787
|move|p1a: DELI|Thunderclap|p2a: Hoopa
|-damage|p2a: Hoopa|45/100
|move|p2a: Hoopa|Shadow Ball|p1a: DELI
|-damage|p1a: DELI|0 fnt
|faint|p1a: DELI
|-end|p1a: DELI|Protosynthesis|[silent]
|
|upkeep
|inactive|98k40a has 120 seconds left.
|
|t:|1757817832
|switch|p1a: QUZZ|Iron Valiant|100/100
|-enditem|p1a: QUZZ|Booster Energy
|-activate|p1a: QUZZ|ability: Quark Drive|[fromitem]
|-start|p1a: QUZZ|quarkdrivespa
|turn|6
|
|t:|1757817851
|switch|p2a: Araquanid|Araquanid, F|100/100
|move|p1a: QUZZ|Moonblast|p2a: Araquanid
|-damage|p2a: Araquanid|49/100
|-unboost|p2a: Araquanid|spa|1
|
|upkeep
|turn|7
|inactive|JGOED has 120 seconds left.
|
|t:|1757817883
|move|p1a: QUZZ|Moonblast|p2a: Araquanid
|-damage|p2a: Araquanid|0 fnt
|faint|p2a: Araquanid
|
|upkeep
|
|t:|1757817891
|switch|p2a: Ogerpon|Ogerpon-Cornerstone, F|100/100
|turn|8
|inactive|JGOED has 120 seconds left.
|
|t:|1757817904
|move|p2a: Ogerpon|Ivy Cudgel|p1a: QUZZ|[anim] Ivy Cudgel Rock
|-resisted|p1a: QUZZ
|-damage|p1a: QUZZ|65/100
|move|p1a: QUZZ|Moonblast|p2a: Ogerpon
|-damage|p2a: Ogerpon|15/100
|
|upkeep
|turn|9
|
|t:|1757817912
|move|p1a: QUZZ|Vacuum Wave|p2a: Ogerpon
|-supereffective|p2a: Ogerpon
|-damage|p2a: Ogerpon|0 fnt
|faint|p2a: Ogerpon
|
|upkeep
|-message|JGOED forfeited.
|
|win|98k40a
|raw|98k40a's rating: 1172 &rarr; <strong>1196</strong><br />(+24 for winning)
|raw|JGOED's rating: 1153 &rarr; <strong>1129</strong><br />(-24 for losing)
|l|☆JGOED
|player|p2|
