|j|☆LastGREATEST
|j|☆NathanZhao
|t:|1757910239
|gametype|singles
|player|p1|LastGREATEST|265|1307
|player|p2|NathanZhao|266|1337
|gen|9
|tier|[Gen 9] OU
|rated|
|rule|HP Percentage Mod: HP is shown in percentages
|rule|Endless Battle Clause: Forcing endless battles is banned
|rule|Species Clause: Limit one of each Pokémon
|rule|OHKO Clause: OHKO moves are banned
|rule|Evasion Items Clause: Evasion items are banned
|rule|Evasion Moves Clause: Evasion moves are banned
|rule|Evasion Abilities Clause: Evasion abilities are banned
|rule|Sleep Moves Clause: Sleep-inducing moves are banned
|clearpoke
|poke|p1|Ambipom, F|
|poke|p1|Porygon-Z|
|poke|p1|Komala, F|
|poke|p1|Zoroark-Hisui, M|
|poke|p1|Tauros, M|
|poke|p1|Blissey, F|
|poke|p2|Dragapult, F|
|poke|p2|Walking Wake|
|poke|p2|Alomomola, F|
|poke|p2|Corviknight, F|
|poke|p2|Slowking-Galar, F|
|poke|p2|Kingambit, M|
|teampreview
|
|t:|1757910259
|teamsize|p1|6
|teamsize|p2|6
|start
|switch|p1a: Ambipom|Ambipom, F|100/100
|switch|p2a: Dragapult|Dragapult, F|100/100
|turn|1
|c|☆NathanZhao|Glhf
|
|t:|1757910267
|switch|p1a: Blissey|Blissey, F|100/100
|-terastallize|p2a: Dragapult|Dragon
|move|p2a: Dragapult|Dragon Darts|p1a: Blissey
|-damage|p1a: Blissey|54/100
|-anim|p2a: Dragapult|Dragon Darts|p1a: Blissey
|-damage|p1a: Blissey|9/100
|
|-heal|p1a: Blissey|15/100|[from] item: Leftovers
|upkeep
|turn|2
|
|t:|1757910282
|move|p2a: Dragapult|Dragon Darts|p1a: Blissey
|-damage|p1a: Blissey|0 fnt
|faint|p1a: Blissey
|
|upkeep
|
|t:|1757910295
|switch|p1a: Porygon-Z|Porygon-Z|100/100
|turn|3
|
|t:|1757910300
|switch|p2a: Slowking|Slowking-Galar, F|100/100
|move|p1a: Porygon-Z|Shadow Ball|p2a: Slowking
|-supereffective|p2a: Slowking
|-damage|p2a: Slowking|41/100
|-unboost|p2a: Slowking|spd|1
|
|upkeep
|turn|4
|
|t:|1757910310
|switch|p1a: Ambipom|Ambipom, F|100/100
|switch|p2a: Kingambit|Kingambit, M|100/100
|
|upkeep
|turn|5
|
|t:|1757910332
|move|p1a: Ambipom|Fake Out|p2a: Kingambit
|-resisted|p2a: Kingambit
|-damage|p2a: Kingambit|90/100
|cant|p2a: Kingambit|flinch
|
|-heal|p2a: Kingambit|96/100|[from] item: Leftovers
|upkeep
|turn|6
|
|t:|1757910336
|move|p2a: Kingambit|Sucker Punch|p1a: Ambipom
|-damage|p1a: Ambipom|30/100
|move|p1a: Ambipom|U-turn|p2a: Kingambit
|-damage|p2a: Kingambit|80/100
|
|t:|1757910348
|switch|p1a: Porygon-Z|Porygon-Z|100/100|[from] U-turn
|
|-heal|p2a: Kingambit|86/100|[from] item: Leftovers
|upkeep
|turn|7
|
|t:|1757910355
|-end|p2a: Kingambit|fallenundefined|[silent]
|switch|p2a: Slowking|Slowking-Galar, F|74/100
|move|p1a: Porygon-Z|Flamethrower|p2a: Slowking
|-damage|p2a: Slowking|52/100
|
|upkeep
|turn|8
|
|t:|1757910361
|switch|p1a: Komala|Komala, F|100/100
|-ability|p1a: Komala|Comatose
|move|p2a: Slowking|Sludge Bomb|p1a: Komala
|-damage|p1a: Komala|70/100
|
|-heal|p1a: Komala|76/100|[from] item: Leftovers
|upkeep
|turn|9
|
|t:|1757910368
|move|p1a: Komala|Wish|p1a: Komala
|move|p2a: Slowking|Focus Blast|p1a: Komala
|-supereffective|p1a: Komala
|-damage|p1a: Komala|20/100
|
|-heal|p1a: Komala|26/100|[from] item: Leftovers
|upkeep
|turn|10
|
|t:|1757910392
|move|p1a: Komala|U-turn|p2a: Slowking
|-damage|p2a: Slowking|33/100
|
|t:|1757910395
|switch|p1a: Ambipom|Ambipom, F|30/100|[from] U-turn
|move|p2a: Slowking|Sludge Bomb|p1a: Ambipom
|-damage|p1a: Ambipom|0 fnt
|faint|p1a: Ambipom
|
|upkeep
|
|t:|1757910401
|switch|p1a: Tauros|Tauros, M|100/100
|turn|11
|
|t:|1757910407
|switch|p2a: Alomomola|Alomomola, F|100/100
|move|p1a: Tauros|Swagger|p2a: Alomomola
|-boost|p2a: Alomomola|atk|2
|-start|p2a: Alomomola|confusion
|-enditem|p1a: Tauros|Mirror Herb
|-boost|p1a: Tauros|atk|2|[from] item: Mirror Herb
|
|upkeep
|turn|12
|
|t:|1757910419
|move|p1a: Tauros|Body Slam|p2a: Alomomola
|-crit|p2a: Alomomola
|-damage|p2a: Alomomola|17/100
|-activate|p2a: Alomomola|confusion
|move|p2a: Alomomola|Flip Turn|p1a: Tauros
|-damage|p1a: Tauros|61/100
|
|t:|1757910426
|switch|p2a: Dragapult|Dragapult, F, tera:Dragon|100/100|[from] Flip Turn
|
|upkeep
|turn|13
|
|t:|1757910441
|move|p2a: Dragapult|Dragon Darts|p1a: Tauros
|-damage|p1a: Tauros|1/100
|-anim|p2a: Dragapult|Dragon Darts|p1a: Tauros
|-damage|p1a: Tauros|0 fnt
|faint|p1a: Tauros
|
|upkeep
|
|t:|1757910446
|switch|p1a: Porygon-Z|Porygon-Z|100/100
|turn|14
|
|t:|1757910450
|switch|p2a: Kingambit|Kingambit, M|86/100
|move|p1a: Porygon-Z|Shadow Ball|p2a: Kingambit
|-resisted|p2a: Kingambit
|-damage|p2a: Kingambit|53/100
|
|-heal|p2a: Kingambit|59/100|[from] item: Leftovers
|upkeep
|turn|15
|-message|LastGREATEST forfeited.
|
|win|NathanZhao
|raw|LastGREATEST's rating: 1307 &rarr; <strong>1289</strong><br />(-18 for losing)
|raw|NathanZhao's rating: 1337 &rarr; <strong>1355</strong><br />(+18 for winning)
|l|☆LastGREATEST
|player|p1|
|c|☆NathanZhao|gg
|l|☆NathanZhao
|player|p2|
