|j|☆smurtgurt
|j|☆Enchidio
|t:|1757834525
|gametype|singles
|player|p1|smurtgurt|unknown|1232
|player|p2|Enchidio|gambler|1371
|gen|9
|tier|[Gen 9] OU
|rated|
|rule|HP Percentage Mod: HP is shown in percentages
|rule|Endless Battle Clause: Forcing endless battles is banned
|rule|Species Clause: Limit one of each Pokémon
|rule|OHKO Clause: OHKO moves are banned
|rule|Evasion Items Clause: Evasion items are banned
|rule|Evasion Moves Clause: Evasion moves are banned
|rule|Evasion Abilities Clause: Evasion abilities are banned
|rule|Sleep Moves Clause: Sleep-inducing moves are banned
|clearpoke
|poke|p1|Tyranitar, F|
|poke|p1|Vikavolt, M|
|poke|p1|Diancie|
|poke|p1|Clodsire, M|
|poke|p1|Mew|
|poke|p1|Glimmora, M|
|poke|p2|Gliscor, F|
|poke|p2|Weezing-Galar, M|
|poke|p2|Corviknight, F|
|poke|p2|Ting-Lu|
|poke|p2|Alomomola, F|
|poke|p2|Kyurem|
|teampreview
|inactive|Battle timer is ON: inactive players will automatically lose when time's up. (requested by smurtgurt)
|c|☆Enchidio|glhf
|
|t:|1757834562
|teamsize|p1|6
|teamsize|p2|6
|start
|switch|p1a: Tyranitar|Tyranitar, F|100/100
|switch|p2a: Baki from Baki|Ting-Lu|100/100
|-weather|Sandstorm|[from] ability: Sand Stream|[of] p1a: Tyranitar
|-ability|p2a: Baki from Baki|Vessel of Ruin
|turn|1
|
|t:|1757834570
|move|p1a: Tyranitar|Stealth Rock|p2a: Baki from Baki
|-sidestart|p2: Enchidio|move: Stealth Rock
|move|p2a: Baki from Baki|Stealth Rock|p1a: Tyranitar
|-sidestart|p1: smurtgurt|move: Stealth Rock
|
|-weather|Sandstorm|[upkeep]
|upkeep
|turn|2
|
|t:|1757834574
|move|p1a: Tyranitar|Knock Off|p2a: Baki from Baki
|-resisted|p2a: Baki from Baki
|-damage|p2a: Baki from Baki|89/100
|-enditem|p2a: Baki from Baki|Leftovers|[from] move: Knock Off|[of] p1a: Tyranitar
|move|p2a: Baki from Baki|Earthquake|p1a: Tyranitar
|-supereffective|p1a: Tyranitar
|-damage|p1a: Tyranitar|57/100
|
|-weather|Sandstorm|[upkeep]
|-heal|p1a: Tyranitar|64/100|[from] item: Leftovers
|upkeep
|turn|3
|
|t:|1757834581
|switch|p1a: Vikavolt|Vikavolt, M|100/100
|-damage|p1a: Vikavolt|76/100|[from] Stealth Rock
|move|p2a: Baki from Baki|Whirlwind|p1a: Vikavolt
|drag|p1a: Glimmora|Glimmora, M|100/100
|-damage|p1a: Glimmora|88/100|[from] Stealth Rock
|
|-weather|Sandstorm|[upkeep]
|-heal|p1a: Glimmora|94/100|[from] item: Leftovers
|upkeep
|turn|4
|
|t:|1757834592
|move|p1a: Glimmora|Mortal Spin|p2a: Baki from Baki
|-resisted|p2a: Baki from Baki
|-damage|p2a: Baki from Baki|87/100
|-status|p2a: Baki from Baki|psn
|-sideend|p1: smurtgurt|Stealth Rock|[from] move: Mortal Spin|[of] p1a: Glimmora
|move|p2a: Baki from Baki|Earthquake|p1a: Glimmora
|-supereffective|p1a: Glimmora
|-damage|p1a: Glimmora|0 fnt
|faint|p1a: Glimmora
|
|-weather|Sandstorm|[upkeep]
|-damage|p2a: Baki from Baki|75/100 psn|[from] psn
|upkeep
|
|t:|1757834600
|switch|p1a: Vikavolt|Vikavolt, M|76/100
|turn|5
|
|t:|1757834605
|switch|p2a: shwt like a melody|Gliscor, F|100/100
|-damage|p2a: shwt like a melody|88/100|[from] Stealth Rock
|move|p1a: Vikavolt|Bug Buzz|p2a: shwt like a melody
|-resisted|p2a: shwt like a melody
|-damage|p2a: shwt like a melody|64/100
|
|-weather|none
|-status|p2a: shwt like a melody|tox|[from] item: Toxic Orb
|upkeep
|turn|6
|
|t:|1757834616
|switch|p1a: Diancie|Diancie|100/100
|move|p2a: shwt like a melody|Spikes|p1a: Diancie
|-sidestart|p1: smurtgurt|Spikes
|
|-heal|p2a: shwt like a melody|76/100 tox|[from] ability: Poison Heal
|upkeep
|turn|7
|
|t:|1757834620
|move|p2a: shwt like a melody|Toxic|p1a: Diancie|[miss]
|-miss|p2a: shwt like a melody|p1a: Diancie
|move|p1a: Diancie|Trick Room|p1a: Diancie
|-fieldstart|move: Trick Room|[of] p1a: Diancie
|
|-heal|p2a: shwt like a melody|89/100 tox|[from] ability: Poison Heal
|upkeep
|turn|8
|
|t:|1757834624
|move|p1a: Diancie|Meteor Beam||[still]
|-prepare|p1a: Diancie|Meteor Beam
|-boost|p1a: Diancie|spa|1
|-enditem|p1a: Diancie|Power Herb
|-anim|p1a: Diancie|Meteor Beam|p2a: shwt like a melody
|-damage|p2a: shwt like a melody|11/100 tox
|move|p2a: shwt like a melody|Toxic|p1a: Diancie
|-status|p1a: Diancie|tox
|
|-damage|p1a: Diancie|94/100 tox|[from] psn
|-heal|p2a: shwt like a melody|24/100 tox|[from] ability: Poison Heal
|upkeep
|turn|9
|
|t:|1757834631
|move|p2a: shwt like a melody|Protect|p2a: shwt like a melody
|-singleturn|p2a: shwt like a melody|Protect
|move|p1a: Diancie|Draining Kiss|p2a: shwt like a melody
|-activate|p2a: shwt like a melody|move: Protect
|
|-damage|p1a: Diancie|82/100 tox|[from] psn
|-heal|p2a: shwt like a melody|36/100 tox|[from] ability: Poison Heal
|upkeep
|turn|10
|
|t:|1757834634
|switch|p2a: hey now...|Corviknight, F|100/100
|-damage|p2a: hey now...|88/100|[from] Stealth Rock
|-ability|p2a: hey now...|Pressure
|move|p1a: Diancie|Draining Kiss|p2a: hey now...
|-resisted|p2a: hey now...
|-damage|p2a: hey now...|70/100
|-heal|p1a: Diancie|100/100 tox|[from] drain|[of] p2a: hey now...
|-damage|p1a: Diancie|84/100 tox|[from] item: Rocky Helmet|[of] p2a: hey now...
|
|-damage|p1a: Diancie|65/100 tox|[from] psn
|upkeep
|turn|11
|
|t:|1757834639
|move|p1a: Diancie|Meteor Beam||[still]
|-prepare|p1a: Diancie|Meteor Beam
|-boost|p1a: Diancie|spa|1
|move|p2a: hey now...|Body Press|p1a: Diancie
|-damage|p1a: Diancie|42/100 tox
|
|-damage|p1a: Diancie|18/100 tox|[from] psn
|-fieldend|move: Trick Room
|upkeep
|turn|12
|
|t:|1757834644
|switch|p2a: Baki from Baki|Ting-Lu|75/100 psn
|-damage|p2a: Baki from Baki|68/100 psn|[from] Stealth Rock
|-ability|p2a: Baki from Baki|Vessel of Ruin
|move|p1a: Diancie|Meteor Beam|p2a: Baki from Baki|[from] lockedmove
|-resisted|p2a: Baki from Baki
|-damage|p2a: Baki from Baki|45/100 psn
|
|-damage|p2a: Baki from Baki|32/100 psn|[from] psn
|-damage|p1a: Diancie|0 fnt|[from] psn
|faint|p1a: Diancie
|upkeep
|
|t:|1757834655
|switch|p1a: Vikavolt|Vikavolt, M|76/100
|turn|13
|
|t:|1757834668
|switch|p2a: lebron james|Kyurem|100/100
|-ability|p2a: lebron james|Pressure
|move|p1a: Vikavolt|Bug Buzz|p2a: lebron james
|-damage|p2a: lebron james|44/100
|
|upkeep
|turn|14
|
|t:|1757834676
|move|p2a: lebron james|Draco Meteor|p1a: Vikavolt
|-damage|p1a: Vikavolt|0 fnt
|-unboost|p2a: lebron james|spa|2
|faint|p1a: Vikavolt
|
|upkeep
|
|t:|1757834681
|switch|p1a: Mew|Mew|100/100
|-damage|p1a: Mew|88/100|[from] Spikes
|turn|15
|
|t:|1757834686
|switch|p2a: Baki from Baki|Ting-Lu|32/100 psn
|-damage|p2a: Baki from Baki|26/100 psn|[from] Stealth Rock
|-ability|p2a: Baki from Baki|Vessel of Ruin
|move|p1a: Mew|Transform|p2a: Baki from Baki
|-transform|p1a: Mew|p2a: Baki from Baki
|-ability|p1a: Mew|Vessel of Ruin
|
|-heal|p1a: Mew|94/100|[from] item: Leftovers
|-damage|p2a: Baki from Baki|14/100 psn|[from] psn
|upkeep
|turn|16
|
|t:|1757834692
|move|p2a: Baki from Baki|Ruination|p1a: Mew
|-damage|p1a: Mew|48/100
|move|p1a: Mew|Whirlwind|p2a: Baki from Baki
|drag|p2a: hey now...|Corviknight, F|70/100
|-damage|p2a: hey now...|57/100|[from] Stealth Rock
|-ability|p2a: hey now...|Pressure
|
|-heal|p1a: Mew|54/100|[from] item: Leftovers
|upkeep
|turn|17
|
|t:|1757834702
|move|p2a: hey now...|U-turn|p1a: Mew
|-supereffective|p1a: Mew
|-damage|p1a: Mew|33/100
|
|t:|1757834703
|switch|p2a: laufey|Alomomola, F|100/100|[from] U-turn
|move|p1a: Mew|Ruination|p2a: laufey
|-damage|p2a: laufey|50/100
|
|-heal|p1a: Mew|40/100|[from] item: Leftovers
|upkeep
|turn|18
|-message|smurtgurt forfeited.
|
|win|Enchidio
|raw|smurtgurt's rating: 1232 &rarr; <strong>1217</strong><br />(-15 for losing)
|raw|Enchidio's rating: 1371 &rarr; <strong>1383</strong><br />(+12 for winning)
|l|☆smurtgurt
|player|p1|
