|j|☆Beauty Nova
|j|‽Queso3600
|t:|1757871716
|gametype|singles
|player|p1|Beauty Nova|beauty-gen6xy|1148
|player|p2|Queso3600|266|1080
|gen|9
|tier|[Gen 9] OU
|rated|
|rule|HP Percentage Mod: HP is shown in percentages
|rule|Endless Battle Clause: Forcing endless battles is banned
|rule|Species Clause: Limit one of each Pokémon
|rule|OHKO Clause: OHKO moves are banned
|rule|Evasion Items Clause: Evasion items are banned
|rule|Evasion Moves Clause: Evasion moves are banned
|rule|Evasion Abilities Clause: Evasion abilities are banned
|rule|Sleep Moves Clause: Sleep-inducing moves are banned
|clearpoke
|poke|p1|Indeedee, M|
|poke|p1|Hatterene, F|
|poke|p1|Ursaluna, F|
|poke|p1|Mimikyu, F|
|poke|p1|Hoopa-Unbound|
|poke|p1|Iron Hands|
|poke|p2|Weavile, F|
|poke|p2|Staraptor, M|
|poke|p2|Empoleon, M|
|poke|p2|Gengar, M|
|poke|p2|Skeledirge, F|
|poke|p2|Rillaboom, M|
|teampreview
|inactive|Battle timer is ON: inactive players will automatically lose when time's up. (requested by Queso3600)
|
|t:|1757871724
|teamsize|p1|6
|teamsize|p2|6
|start
|switch|p1a: Mimikyu|Mimikyu, F, shiny|100/100
|switch|p2a: Staraptor|Staraptor, M|100/100
|turn|1
|
|t:|1757871731
|move|p2a: Staraptor|U-turn|p1a: Mimikyu
|-activate|p1a: Mimikyu|ability: Disguise
|-damage|p1a: Mimikyu|100/100
|detailschange|p1a: Mimikyu|Mimikyu-Busted, F, shiny
|-damage|p1a: Mimikyu|88/100|[from] pokemon: Mimikyu-Busted
|-enditem|p1a: Mimikyu|Red Card|[of] p2a: Staraptor
|drag|p2a: Empoleon|Empoleon, M|100/100
|move|p1a: Mimikyu|Trick Room|p1a: Mimikyu
|-fieldstart|move: Trick Room|[of] p1a: Mimikyu
|
|upkeep
|turn|2
|
|t:|1757871741
|move|p2a: Empoleon|Flash Cannon|p1a: Mimikyu
|-supereffective|p1a: Mimikyu
|-damage|p1a: Mimikyu|2/100
|move|p1a: Mimikyu|Curse|p2a: Empoleon
|-start|p2a: Empoleon|Curse|[of] p1a: Mimikyu
|-damage|p1a: Mimikyu|0 fnt
|faint|p1a: Mimikyu
|
|-damage|p2a: Empoleon|75/100|[from] Curse
|upkeep
|
|t:|1757871760
|switch|p1a: Hatterene|Hatterene, F, shiny|100/100
|turn|3
|
|t:|1757871767
|move|p1a: Hatterene|Mystical Fire|p2a: Empoleon
|-damage|p2a: Empoleon|54/100
|-unboost|p2a: Empoleon|spa|1
|-ability|p2a: Empoleon|Competitive|boost
|-boost|p2a: Empoleon|spa|2
|-damage|p1a: Hatterene|91/100|[from] item: Life Orb
|move|p2a: Empoleon|Flash Cannon|p1a: Hatterene
|-supereffective|p1a: Hatterene
|-damage|p1a: Hatterene|0 fnt
|faint|p1a: Hatterene
|
|-damage|p2a: Empoleon|29/100|[from] Curse
|upkeep
|
|t:|1757871775
|switch|p1a: Ursaluna|Ursaluna, F, shiny|100/100
|turn|4
|
|t:|1757871782
|-terastallize|p1a: Ursaluna|Normal
|move|p1a: Ursaluna|Headlong Rush|p2a: Empoleon
|-supereffective|p2a: Empoleon
|-damage|p2a: Empoleon|0 fnt
|-unboost|p1a: Ursaluna|def|1
|-unboost|p1a: Ursaluna|spd|1
|faint|p2a: Empoleon
|
|-status|p1a: Ursaluna|brn|[from] item: Flame Orb
|upkeep
|
|t:|1757871796
|switch|p2a: Skeledirge|Skeledirge, F|100/100
|turn|5
|
|t:|1757871802
|move|p1a: Ursaluna|Headlong Rush|p2a: Skeledirge
|-supereffective|p2a: Skeledirge
|-damage|p2a: Skeledirge|0 fnt
|-unboost|p1a: Ursaluna|def|1
|-unboost|p1a: Ursaluna|spd|1
|faint|p2a: Skeledirge
|
|-damage|p1a: Ursaluna|94/100 brn|[from] brn
|-fieldend|move: Trick Room
|upkeep
|
|t:|1757871808
|switch|p2a: Weavile|Weavile, F|100/100
|-ability|p2a: Weavile|Pressure
|turn|6
|
|t:|1757871816
|switch|p1a: Indeedee|Indeedee, M, shiny|100/100
|-fieldstart|move: Psychic Terrain|[from] ability: Psychic Surge|[of] p1a: Indeedee
|move|p2a: Weavile|Low Kick|p1a: Indeedee
|-crit|p1a: Indeedee
|-damage|p1a: Indeedee|69/100
|
|upkeep
|turn|7
|
|t:|1757871827
|move|p2a: Weavile|Knock Off|p1a: Indeedee
|-supereffective|p1a: Indeedee
|-damage|p1a: Indeedee|0 fnt
|-enditem|p1a: Indeedee|Terrain Extender|[from] move: Knock Off|[of] p2a: Weavile
|faint|p1a: Indeedee
|
|upkeep
|
|t:|1757871831
|switch|p1a: Iron Hands|Iron Hands|100/100
|-enditem|p1a: Iron Hands|Booster Energy
|-activate|p1a: Iron Hands|ability: Quark Drive|[fromitem]
|-start|p1a: Iron Hands|quarkdriveatk
|turn|8
|
|t:|1757871855
|move|p2a: Weavile|Icicle Spear|p1a: Iron Hands
|-damage|p1a: Iron Hands|92/100
|-damage|p1a: Iron Hands|83/100
|-damage|p1a: Iron Hands|74/100
|-damage|p1a: Iron Hands|65/100
|-hitcount|p1a: Iron Hands|4
|move|p1a: Iron Hands|Supercell Slam|p2a: Weavile
|-damage|p2a: Weavile|0 fnt
|faint|p2a: Weavile
|
|upkeep
|inactive|Queso3600 has 120 seconds left.
|
|t:|1757871876
|switch|p2a: Rillaboom|Rillaboom, M|100/100
|-fieldstart|move: Grassy Terrain|[from] ability: Grassy Surge|[of] p2a: Rillaboom
|turn|9
|inactive|Queso3600 has 120 seconds left.
|
|t:|1757871882
|move|p2a: Rillaboom|Grassy Glide|p1a: Iron Hands
|-damage|p1a: Iron Hands|40/100
|move|p1a: Iron Hands|Ice Punch|p2a: Rillaboom
|-supereffective|p2a: Rillaboom
|-damage|p2a: Rillaboom|30/100
|-damage|p1a: Iron Hands|24/100|[from] item: Rocky Helmet|[of] p2a: Rillaboom
|
|-heal|p2a: Rillaboom|37/100|[from] Grassy Terrain
|-heal|p1a: Iron Hands|30/100|[from] Grassy Terrain
|upkeep
|turn|10
|inactive|Queso3600 has 120 seconds left.
|
|t:|1757871893
|move|p2a: Rillaboom|Wood Hammer|p1a: Iron Hands
|-damage|p1a: Iron Hands|0 fnt
|faint|p1a: Iron Hands
|-end|p1a: Iron Hands|Quark Drive|[silent]
|-damage|p2a: Rillaboom|24/100|[from] Recoil
|
|-heal|p2a: Rillaboom|30/100|[from] Grassy Terrain
|upkeep
|
|t:|1757871898
|switch|p1a: Hoopa|Hoopa-Unbound|100/100
|turn|11
|
|t:|1757871904
|move|p2a: Rillaboom|Grassy Glide|p1a: Hoopa
|-damage|p1a: Hoopa|57/100
|move|p1a: Hoopa|Trick Room|p1a: Hoopa
|-fieldstart|move: Trick Room|[of] p1a: Hoopa
|
|-heal|p1a: Hoopa|63/100|[from] Grassy Terrain
|-heal|p2a: Rillaboom|37/100|[from] Grassy Terrain
|upkeep
|turn|12
|
|t:|1757871914
|switch|p1a: Ursaluna|Ursaluna, F, shiny, tera:Normal|94/100 brn
|move|p2a: Rillaboom|Grassy Glide|p1a: Ursaluna
|-damage|p1a: Ursaluna|70/100 brn
|
|-heal|p1a: Ursaluna|76/100 brn|[from] Grassy Terrain
|-heal|p2a: Rillaboom|43/100|[from] Grassy Terrain
|-damage|p1a: Ursaluna|70/100 brn|[from] brn
|upkeep
|turn|13
|
|t:|1757871921
|move|p1a: Ursaluna|Ice Punch|p2a: Rillaboom
|-supereffective|p2a: Rillaboom
|-damage|p2a: Rillaboom|0 fnt
|-damage|p1a: Ursaluna|53/100 brn|[from] item: Rocky Helmet|[of] p2a: Rillaboom
|faint|p2a: Rillaboom
|
|-heal|p1a: Ursaluna|59/100 brn|[from] Grassy Terrain
|-damage|p1a: Ursaluna|53/100 brn|[from] brn
|-fieldend|move: Grassy Terrain
|upkeep
|
|t:|1757871930
|switch|p2a: Staraptor|Staraptor, M|100/100
|turn|14
|
|t:|1757871935
|move|p1a: Ursaluna|Supercell Slam|p2a: Staraptor
|-supereffective|p2a: Staraptor
|-damage|p2a: Staraptor|0 fnt
|faint|p2a: Staraptor
|
|-damage|p1a: Ursaluna|47/100 brn|[from] brn
|upkeep
|
|t:|1757871938
|switch|p2a: Gengar|Gengar, M|100/100
|turn|15
|
|t:|1757871949
|-terastallize|p2a: Gengar|Fighting
|move|p1a: Ursaluna|Headlong Rush|p2a: Gengar
|-damage|p2a: Gengar|0 fnt
|-unboost|p1a: Ursaluna|def|1
|-unboost|p1a: Ursaluna|spd|1
|faint|p2a: Gengar
|
|win|Beauty Nova
|raw|Beauty Nova's rating: 1148 &rarr; <strong>1168</strong><br />(+20 for winning)
|raw|Queso3600's rating: 1080 &rarr; <strong>1062</strong><br />(-18 for losing)
