|j|☆freakoffweeb
|j|☆frankjob
|t:|1757794891
|gametype|singles
|player|p1|freakoffweeb|265|1432
|player|p2|frankjob|cheren|1408
|gen|9
|tier|[Gen 9] OU
|rated|
|rule|HP Percentage Mod: HP is shown in percentages
|rule|Endless Battle Clause: Forcing endless battles is banned
|rule|Species Clause: Limit one of each Pokémon
|rule|OHKO Clause: OHKO moves are banned
|rule|Evasion Items Clause: Evasion items are banned
|rule|Evasion Moves Clause: Evasion moves are banned
|rule|Evasion Abilities Clause: Evasion abilities are banned
|rule|Sleep Moves Clause: Sleep-inducing moves are banned
|clearpoke
|poke|p1|Ogerpon-Wellspring, F|
|poke|p1|Dragapult, F|
|poke|p1|Scizor, F|
|poke|p1|Great Tusk|
|poke|p1|Moltres|
|poke|p1|Ting-Lu|
|poke|p2|Ursaluna, M|
|poke|p2|Carbink|
|poke|p2|Cresselia, F|
|poke|p2|Kingambit, F|
|poke|p2|Hatterene, F|
|poke|p2|Raging Bolt|
|teampreview
|inactive|Battle timer is ON: inactive players will automatically lose when time's up. (requested by freakoffweeb)
|
|t:|1757794917
|teamsize|p1|6
|teamsize|p2|6
|start
|switch|p1a: Scizor|Scizor, F, shiny|100/100
|switch|p2a: Carbink|Carbink|100/100
|turn|1
|
|t:|1757794925
|move|p1a: Scizor|U-turn|p2a: Carbink
|-resisted|p2a: Carbink
|-damage|p2a: Carbink|82/100
|-damage|p1a: Scizor|84/100|[from] item: Rocky Helmet|[of] p2a: Carbink
|
|t:|1757794927
|switch|p1a: Ting-Lu|Ting-Lu|100/100|[from] U-turn
|-ability|p1a: Ting-Lu|Vessel of Ruin
|move|p2a: Carbink|Trick Room|p2a: Carbink
|-fieldstart|move: Trick Room|[of] p2a: Carbink
|
|upkeep
|turn|2
|
|t:|1757794934
|move|p2a: Carbink|Stealth Rock|p1a: Ting-Lu
|-sidestart|p1: freakoffweeb|move: Stealth Rock
|move|p1a: Ting-Lu|Ruination|p2a: Carbink
|-damage|p2a: Carbink|41/100
|
|upkeep
|turn|3
|
|t:|1757794941
|move|p2a: Carbink|Misty Explosion|p1a: Ting-Lu
|-supereffective|p1a: Ting-Lu
|-damage|p1a: Ting-Lu|84/100
|faint|p2a: Carbink
|move|p1a: Ting-Lu|Earthquake|p2: Carbink|[notarget]
|-fail|p1a: Ting-Lu
|
|-heal|p1a: Ting-Lu|90/100|[from] item: Leftovers
|upkeep
|
|t:|1757794968
|switch|p2a: Hatterene|Hatterene, F|100/100
|turn|4
|
|t:|1757794973
|switch|p1a: Moltres|Moltres|100/100
|move|p2a: Hatterene|Dazzling Gleam|p1a: Moltres
|-resisted|p1a: Moltres
|-damage|p1a: Moltres|78/100
|
|upkeep
|turn|5
|
|t:|1757794980
|move|p2a: Hatterene|Psyshock|p1a: Moltres
|-damage|p1a: Moltres|42/100
|move|p1a: Moltres|Brave Bird|p2a: Hatterene
|-damage|p2a: Hatterene|51/100
|-damage|p1a: Moltres|29/100|[from] Recoil
|
|-fieldend|move: Trick Room
|upkeep
|turn|6
|
|t:|1757794989
|move|p1a: Moltres|Brave Bird|p2a: Hatterene
|-damage|p2a: Hatterene|0 fnt
|faint|p2a: Hatterene
|-damage|p1a: Moltres|15/100|[from] Recoil
|
|upkeep
|
|t:|1757795001
|switch|p2a: Raging Bolt|Raging Bolt|100/100
|-enditem|p2a: Raging Bolt|Booster Energy
|-activate|p2a: Raging Bolt|ability: Protosynthesis|[fromitem]
|-start|p2a: Raging Bolt|protosynthesisspa
|turn|7
|l|☆freakoffweeb
|inactive|freakoffweeb disconnected and has a minute to reconnect!
|player|p1|
|j|☆freakoffweeb
|inactive|freakoffweeb reconnected and has 130 seconds left.
|player|p1|freakoffweeb|265|
|
|t:|1757795026
|move|p1a: Moltres|Will-O-Wisp|p2a: Raging Bolt
|-status|p2a: Raging Bolt|brn
|move|p2a: Raging Bolt|Dragon Pulse|p1a: Moltres
|-damage|p1a: Moltres|0 fnt
|faint|p1a: Moltres
|
|-damage|p2a: Raging Bolt|94/100 brn|[from] brn
|upkeep
|
|t:|1757795029
|switch|p1a: Ting-Lu|Ting-Lu|90/100
|-damage|p1a: Ting-Lu|84/100|[from] Stealth Rock
|-ability|p1a: Ting-Lu|Vessel of Ruin
|turn|8
|
|t:|1757795041
|-end|p2a: Raging Bolt|Protosynthesis|[silent]
|switch|p2a: Cresselia|Cresselia, F|100/100
|move|p1a: Ting-Lu|Earthquake|p2a: Cresselia
|-immune|p2a: Cresselia|[from] ability: Levitate
|
|-heal|p1a: Ting-Lu|90/100|[from] item: Leftovers
|upkeep
|turn|9
|inactive|freakoffweeb has 120 seconds left.
|inactive|freakoffweeb has 90 seconds left.
|
|t:|1757795110
|move|p1a: Ting-Lu|Stealth Rock|p2a: Cresselia
|-sidestart|p2: frankjob|move: Stealth Rock
|move|p2a: Cresselia|Trick Room|p2a: Cresselia
|-fieldstart|move: Trick Room|[of] p2a: Cresselia
|
|-heal|p1a: Ting-Lu|96/100|[from] item: Leftovers
|upkeep
|turn|10
|
|t:|1757795115
|switch|p1a: Scizor|Scizor, F, shiny|84/100
|-damage|p1a: Scizor|72/100|[from] Stealth Rock
|move|p2a: Cresselia|Ice Beam|p1a: Scizor
|-resisted|p1a: Scizor
|-damage|p1a: Scizor|61/100
|
|upkeep
|turn|11
|inactive|freakoffweeb has 90 seconds left.
|
|t:|1757795149
|switch|p2a: Raging Bolt|Raging Bolt|94/100 brn
|-damage|p2a: Raging Bolt|82/100 brn|[from] Stealth Rock
|move|p1a: Scizor|Knock Off|p2a: Raging Bolt
|-damage|p2a: Raging Bolt|53/100 brn
|
|-damage|p2a: Raging Bolt|47/100 brn|[from] brn
|upkeep
|turn|12
|
|t:|1757795175
|switch|p1a: Ting-Lu|Ting-Lu|96/100
|-damage|p1a: Ting-Lu|90/100|[from] Stealth Rock
|-ability|p1a: Ting-Lu|Vessel of Ruin
|move|p2a: Raging Bolt|Dragon Pulse|p1a: Ting-Lu
|-damage|p1a: Ting-Lu|69/100
|
|-heal|p1a: Ting-Lu|75/100|[from] item: Leftovers
|-damage|p2a: Raging Bolt|41/100 brn|[from] brn
|upkeep
|turn|13
|
|t:|1757795188
|-end|p2a: Raging Bolt|Protosynthesis|[silent]
|switch|p2a: Cresselia|Cresselia, F|100/100
|-damage|p2a: Cresselia|88/100|[from] Stealth Rock
|move|p1a: Ting-Lu|Earthquake|p2a: Cresselia
|-immune|p2a: Cresselia|[from] ability: Levitate
|
|-heal|p1a: Ting-Lu|81/100|[from] item: Leftovers
|-fieldend|move: Trick Room
|upkeep
|turn|14
|inactive|freakoffweeb has 60 seconds left.
|
|t:|1757795228
|move|p1a: Ting-Lu|Whirlwind|p2a: Cresselia
|drag|p2a: Ursaluna|Ursaluna, M|100/100
|-damage|p2a: Ursaluna|94/100|[from] Stealth Rock
|
|-heal|p1a: Ting-Lu|88/100|[from] item: Leftovers
|-status|p2a: Ursaluna|brn|[from] item: Flame Orb
|upkeep
|turn|15
|
|t:|1757795250
|move|p1a: Ting-Lu|Earthquake|p2a: Ursaluna
|-damage|p2a: Ursaluna|68/100 brn
|move|p2a: Ursaluna|Facade|p1a: Ting-Lu
|-damage|p1a: Ting-Lu|16/100
|
|-heal|p1a: Ting-Lu|23/100|[from] item: Leftovers
|-damage|p2a: Ursaluna|61/100 brn|[from] brn
|upkeep
|turn|16
|
|t:|1757795258
|move|p1a: Ting-Lu|Earthquake|p2a: Ursaluna
|-damage|p2a: Ursaluna|36/100 brn
|move|p2a: Ursaluna|Headlong Rush|p1a: Ting-Lu
|-damage|p1a: Ting-Lu|0 fnt
|-unboost|p2a: Ursaluna|def|1
|-unboost|p2a: Ursaluna|spd|1
|faint|p1a: Ting-Lu
|
|-damage|p2a: Ursaluna|30/100 brn|[from] brn
|upkeep
|
|t:|1757795263
|switch|p1a: Ogerpon|Ogerpon-Wellspring, F|100/100
|-damage|p1a: Ogerpon|88/100|[from] Stealth Rock
|turn|17
|
|t:|1757795272
|switch|p2a: Raging Bolt|Raging Bolt|41/100 brn
|-damage|p2a: Raging Bolt|28/100 brn|[from] Stealth Rock
|move|p1a: Ogerpon|Ivy Cudgel|p2a: Raging Bolt|[anim] Ivy Cudgel Water
|-resisted|p2a: Raging Bolt
|-damage|p2a: Raging Bolt|3/100 brn
|
|-damage|p2a: Raging Bolt|0 fnt|[from] brn
|faint|p2a: Raging Bolt
|-end|p2a: Raging Bolt|Protosynthesis|[silent]
|upkeep
|
|t:|1757795292
|switch|p2a: Kingambit|Kingambit, F|100/100
|-damage|p2a: Kingambit|94/100|[from] Stealth Rock
|-activate|p2a: Kingambit|ability: Supreme Overlord
|-start|p2a: Kingambit|fallen3|[silent]
|turn|18
|inactive|freakoffweeb has 90 seconds left.
|inactive|frankjob has 120 seconds left.
|
|t:|1757795320
|move|p1a: Ogerpon|U-turn|p2a: Kingambit
|-damage|p2a: Kingambit|75/100
|
|t:|1757795327
|switch|p1a: Great Tusk|Great Tusk|100/100|[from] U-turn
|move|p2a: Kingambit|Kowtow Cleave|p1a: Great Tusk
|-resisted|p1a: Great Tusk
|-damage|p1a: Great Tusk|72/100
|
|upkeep
|turn|19
|
|t:|1757795334
|-end|p1a: Great Tusk|Protosynthesis|[silent]
|switch|p1a: Scizor|Scizor, F, shiny|61/100
|-damage|p1a: Scizor|49/100|[from] Stealth Rock
|-end|p2a: Kingambit|fallen3|[silent]
|switch|p2a: Cresselia|Cresselia, F|88/100
|-damage|p2a: Cresselia|76/100|[from] Stealth Rock
|
|upkeep
|turn|20
|
|t:|1757795343
|move|p1a: Scizor|U-turn|p2a: Cresselia
|-supereffective|p2a: Cresselia
|-damage|p2a: Cresselia|9/100
|
|t:|1757795347
|switch|p1a: Ogerpon|Ogerpon-Wellspring, F|88/100|[from] U-turn
|-damage|p1a: Ogerpon|76/100|[from] Stealth Rock
|move|p2a: Cresselia|Trick Room|p2a: Cresselia
|-fieldstart|move: Trick Room|[of] p2a: Cresselia
|
|upkeep
|turn|21
|inactive|frankjob has 120 seconds left.
|
|t:|1757795378
|move|p2a: Cresselia|Lunar Dance|p2a: Cresselia
|faint|p2a: Cresselia
|move|p1a: Ogerpon|Ivy Cudgel|p2: Cresselia|[notarget]
|-fail|p1a: Ogerpon
|
|upkeep
|
|t:|1757795390
|switch|p2a: Ursaluna|Ursaluna, M|30/100 brn
|-heal|p2a: Ursaluna|100/100|[from] move: Lunar Dance
|-damage|p2a: Ursaluna|94/100|[from] Stealth Rock
|turn|22
|inactive|freakoffweeb has 120 seconds left.
|
|t:|1757795403
|switch|p2a: Kingambit|Kingambit, F|75/100
|-damage|p2a: Kingambit|69/100|[from] Stealth Rock
|-activate|p2a: Kingambit|ability: Supreme Overlord
|-start|p2a: Kingambit|fallen4|[silent]
|move|p1a: Ogerpon|Ivy Cudgel|p2a: Kingambit|[anim] Ivy Cudgel Water
|-damage|p2a: Kingambit|27/100
|
|upkeep
|turn|23
|inactive|frankjob has 120 seconds left.
|
|t:|1757795415
|move|p2a: Kingambit|Iron Head|p1a: Ogerpon
|-resisted|p1a: Ogerpon
|-damage|p1a: Ogerpon|36/100
|move|p1a: Ogerpon|Ivy Cudgel|p2a: Kingambit|[anim] Ivy Cudgel Water
|-damage|p2a: Kingambit|0 fnt
|faint|p2a: Kingambit
|-end|p2a: Kingambit|fallen4|[silent]
|
|upkeep
|
|t:|1757795422
|switch|p2a: Ursaluna|Ursaluna, M|94/100
|-damage|p2a: Ursaluna|88/100|[from] Stealth Rock
|turn|24
|inactive|frankjob has 120 seconds left.
|
|t:|1757795434
|move|p2a: Ursaluna|Ice Punch|p1a: Ogerpon
|-damage|p1a: Ogerpon|0 fnt
|faint|p1a: Ogerpon
|
|-fieldend|move: Trick Room
|-status|p2a: Ursaluna|brn|[from] item: Flame Orb
|upkeep
|
|t:|1757795437
|switch|p1a: Great Tusk|Great Tusk|72/100
|turn|25
|
|t:|1757795442
|-terastallize|p2a: Ursaluna|Normal
|move|p1a: Great Tusk|Close Combat|p2a: Ursaluna
|-supereffective|p2a: Ursaluna
|-damage|p2a: Ursaluna|8/100 brn
|-unboost|p1a: Great Tusk|def|1
|-unboost|p1a: Great Tusk|spd|1
|move|p2a: Ursaluna|Facade|p1a: Great Tusk
|-damage|p1a: Great Tusk|0 fnt
|faint|p1a: Great Tusk
|-end|p1a: Great Tusk|Protosynthesis|[silent]
|
|-damage|p2a: Ursaluna|2/100 brn|[from] brn
|upkeep
|inactive|freakoffweeb has 120 seconds left.
|
|t:|1757795487
|switch|p1a: Scizor|Scizor, F, shiny|49/100
|-damage|p1a: Scizor|37/100|[from] Stealth Rock
|turn|26
|
|t:|1757795492
|move|p1a: Scizor|Bullet Punch|p2a: Ursaluna
|-damage|p2a: Ursaluna|0 fnt
|faint|p2a: Ursaluna
|
|win|freakoffweeb
|raw|freakoffweeb's rating: 1407 &rarr; <strong>1427</strong><br />(+20 for winning)
|raw|frankjob's rating: 1408 &rarr; <strong>1388</strong><br />(-20 for losing)
|l|☆frankjob
|player|p2|
|l|☆freakoffweeb
|player|p1|
