|badge|p2|bronze|gen9ou|100-6
|uhtml|medal-msg|<div class="broadcast-blue">Curious what those medals under the avatar are? PS now has Ladder Seasons! For more information, check out the <a href="https://www.smogon.com/forums/threads/3740067/">thread on Smogon.</a></div>
|j|☆Parker757
|j|☆Obito 2001
|t:|1757807182
|gametype|singles
|player|p1|Parker757|pokemonranger-gen4|1587
|player|p2|Obito 2001|blue-gen3two|1696
|gen|9
|tier|[Gen 9] OU
|rated|
|rule|HP Percentage Mod: HP is shown in percentages
|rule|Endless Battle Clause: Forcing endless battles is banned
|rule|Species Clause: Limit one of each Pokémon
|rule|OHKO Clause: OHKO moves are banned
|rule|Evasion Items Clause: Evasion items are banned
|rule|Evasion Moves Clause: Evasion moves are banned
|rule|Evasion Abilities Clause: Evasion abilities are banned
|rule|Sleep Moves Clause: Sleep-inducing moves are banned
|clearpoke
|poke|p1|Hoopa-Unbound|
|poke|p1|Corviknight, F|
|poke|p1|Dragapult, M|
|poke|p1|Slowking-Galar, M|
|poke|p1|Landorus-Therian, M|
|poke|p1|Zamazenta-*|
|poke|p2|Kingambit, F|
|poke|p2|Landorus-Therian, M|
|poke|p2|Grimmsnarl, M|
|poke|p2|Empoleon, F|
|poke|p2|Weezing-Galar, M|
|poke|p2|Polteageist|
|teampreview
|inactive|Battle timer is ON: inactive players will automatically lose when time's up. (requested by Obito 2001)
|inactive|Parker757 also wants the timer to be on.
|
|t:|1757807193
|teamsize|p1|6
|teamsize|p2|6
|start
|switch|p1a: Slowking|Slowking-Galar, M|100/100
|switch|p2a: Always Relevant|Landorus-Therian, M|100/100
|-ability|p2a: Always Relevant|Intimidate|boost
|-unboost|p1a: Slowking|atk|1
|turn|1
|inactive|Obito 2001 has 120 seconds left.
|inactive|Obito 2001 has 90 seconds left.
|
|t:|1757807277
|switch|p1a: Landorus|Landorus-Therian, M|100/100
|-ability|p1a: Landorus|Intimidate|boost
|-unboost|p2a: Always Relevant|atk|1
|move|p2a: Always Relevant|Earthquake|p1a: Landorus
|-immune|p1a: Landorus
|
|upkeep
|turn|2
|
|t:|1757807284
|switch|p2a: Fk hazard noobs|Weezing-Galar, M|100/100
|-ability|p2a: Fk hazard noobs|Neutralizing Gas
|move|p1a: Landorus|Stealth Rock|p2a: Fk hazard noobs
|-sidestart|p2: Obito 2001|move: Stealth Rock
|
|upkeep
|turn|3
|
|t:|1757807296
|-end|p2a: Fk hazard noobs|ability: Neutralizing Gas
|-ability|p1a: Landorus|Intimidate|boost
|-unboost|p2a: Fk hazard noobs|atk|1
|switch|p2a: Always Relevant|Landorus-Therian, M|100/100
|-damage|p2a: Always Relevant|88/100|[from] Stealth Rock
|-ability|p2a: Always Relevant|Intimidate|boost
|-unboost|p1a: Landorus|atk|1
|move|p1a: Landorus|U-turn|p2a: Always Relevant
|-resisted|p2a: Always Relevant
|-crit|p2a: Always Relevant
|-damage|p2a: Always Relevant|66/100
|
|t:|1757807303
|switch|p1a: Dragapult|Dragapult, M|100/100|[from] U-turn
|
|upkeep
|turn|4
|
|t:|1757807306
|switch|p2a: Fk hazard noobs|Weezing-Galar, M|100/100
|-ability|p2a: Fk hazard noobs|Neutralizing Gas
|move|p1a: Dragapult|Will-O-Wisp|p2a: Fk hazard noobs|[miss]
|-miss|p1a: Dragapult|p2a: Fk hazard noobs
|
|upkeep
|turn|5
|
|t:|1757807311
|move|p1a: Dragapult|Will-O-Wisp|p2a: Fk hazard noobs
|-status|p2a: Fk hazard noobs|brn
|move|p2a: Fk hazard noobs|Defog|p1a: Dragapult
|-unboost|p1a: Dragapult|evasion|1
|-sideend|p2: Obito 2001|Stealth Rock|[from] move: Defog|[of] p2a: Fk hazard noobs
|
|-damage|p2a: Fk hazard noobs|95/100 brn|[from] brn
|upkeep
|turn|6
|
|t:|1757807315
|-end|p2a: Fk hazard noobs|ability: Neutralizing Gas
|switch|p2a: Screen Goblin|Grimmsnarl, M|100/100
|move|p1a: Dragapult|Hex|p2a: Screen Goblin
|-resisted|p2a: Screen Goblin
|-damage|p2a: Screen Goblin|85/100
|
|upkeep
|turn|7
|
|t:|1757807320
|move|p1a: Dragapult|U-turn|p2a: Screen Goblin
|-damage|p2a: Screen Goblin|71/100
|
|t:|1757807346
|switch|p1a: Slowking|Slowking-Galar, M|100/100|[from] U-turn
|move|p2a: Screen Goblin|Spirit Break|p1a: Slowking
|-resisted|p1a: Slowking
|-damage|p1a: Slowking|84/100
|-unboost|p1a: Slowking|spa|1
|
|upkeep
|turn|8
|inactive|Obito 2001 has 120 seconds left.
|
|t:|1757807387
|switch|p2a: Kinguin|Empoleon, F|100/100
|-item|p2a: Kinguin|Air Balloon
|move|p1a: Slowking|Sludge Bomb|p2a: Kinguin
|-immune|p2a: Kinguin
|
|upkeep
|turn|9
|
|t:|1757807390
|move|p2a: Kinguin|Stealth Rock|p1a: Slowking
|-sidestart|p1: Parker757|move: Stealth Rock
|-prepare|p1a: Slowking|Chilly Reception|[premajor]
|move|p1a: Slowking|Chilly Reception|p1a: Slowking
|-weather|Snowscape
|
|t:|1757807391
|switch|p1a: Landorus|Landorus-Therian, M|100/100|[from] Chilly Reception
|-damage|p1a: Landorus|88/100|[from] Stealth Rock
|-ability|p1a: Landorus|Intimidate|boost
|-unboost|p2a: Kinguin|atk|1
|-ability|p2a: Kinguin|Competitive|boost
|-boost|p2a: Kinguin|spa|2
|
|-weather|Snowscape|[upkeep]
|upkeep
|turn|10
|
|t:|1757807396
|move|p1a: Landorus|U-turn|p2a: Kinguin
|-resisted|p2a: Kinguin
|-damage|p2a: Kinguin|88/100
|-enditem|p2a: Kinguin|Air Balloon
|
|t:|1757807398
|switch|p1a: Slowking|Slowking-Galar, M|100/100|[from] U-turn
|move|p2a: Kinguin|Surf|p1a: Slowking
|-damage|p1a: Slowking|63/100
|
|-weather|Snowscape|[upkeep]
|upkeep
|turn|11
|
|t:|1757807401
|move|p2a: Kinguin|Surf|p1a: Slowking
|-damage|p1a: Slowking|22/100
|-prepare|p1a: Slowking|Chilly Reception|[premajor]
|move|p1a: Slowking|Chilly Reception|p1a: Slowking
|
|t:|1757807405
|switch|p1a: Landorus|Landorus-Therian, M|88/100|[from] Chilly Reception
|-damage|p1a: Landorus|76/100|[from] Stealth Rock
|-ability|p1a: Landorus|Intimidate|boost
|-unboost|p2a: Kinguin|atk|1
|-ability|p2a: Kinguin|Competitive|boost
|-boost|p2a: Kinguin|spa|2
|
|-weather|Snowscape|[upkeep]
|upkeep
|turn|12
|
|t:|1757807408
|-terastallize|p2a: Kinguin|Flying
|move|p1a: Landorus|Earthquake|p2a: Kinguin
|-immune|p2a: Kinguin
|move|p2a: Kinguin|Surf|p1a: Landorus
|-supereffective|p1a: Landorus
|-damage|p1a: Landorus|0 fnt
|faint|p1a: Landorus
|
|-weather|Snowscape|[upkeep]
|upkeep
|
|t:|1757807422
|switch|p1a: Zamazenta|Zamazenta|100/100
|-ability|p1a: Zamazenta|Dauntless Shield|boost
|-boost|p1a: Zamazenta|def|1
|turn|13
|
|t:|1757807424
|move|p1a: Zamazenta|Stone Edge|p2a: Kinguin
|-supereffective|p2a: Kinguin
|-damage|p2a: Kinguin|16/100
|move|p2a: Kinguin|Surf|p1a: Zamazenta
|-damage|p1a: Zamazenta|0 fnt
|faint|p1a: Zamazenta
|
|-weather|none
|upkeep
|
|t:|1757807427
|switch|p1a: Dragapult|Dragapult, M|100/100
|turn|14
|
|t:|1757807433
|switch|p2a: Screen Goblin|Grimmsnarl, M|71/100
|move|p1a: Dragapult|Hex|p2a: Screen Goblin
|-resisted|p2a: Screen Goblin
|-damage|p2a: Screen Goblin|57/100
|
|upkeep
|turn|15
|
|t:|1757807440
|move|p2a: Screen Goblin|Light Screen|p2a: Screen Goblin
|-sidestart|p2: Obito 2001|move: Light Screen
|move|p1a: Dragapult|U-turn|p2a: Screen Goblin
|-damage|p2a: Screen Goblin|42/100
|
|t:|1757807442
|switch|p1a: Slowking|Slowking-Galar, M|55/100|[from] U-turn
|
|upkeep
|turn|16
|
|t:|1757807445
|move|p2a: Screen Goblin|Parting Shot|p1a: Slowking
|-unboost|p1a: Slowking|atk|1
|-unboost|p1a: Slowking|spa|1
|
|t:|1757807450
|switch|p2a: Aizen|Kingambit, F, shiny|100/100|[from] Parting Shot
|-prepare|p1a: Slowking|Chilly Reception|[premajor]
|move|p1a: Slowking|Chilly Reception|p1a: Slowking
|-weather|Snowscape
|
|t:|1757807453
|switch|p1a: Hoopa|Hoopa-Unbound|100/100|[from] Chilly Reception
|-damage|p1a: Hoopa|88/100|[from] Stealth Rock
|
|-weather|Snowscape|[upkeep]
|upkeep
|turn|17
|
|t:|1757807460
|-end|p2a: Aizen|fallenundefined|[silent]
|switch|p2a: Always Relevant|Landorus-Therian, M|66/100
|-ability|p2a: Always Relevant|Intimidate|boost
|-unboost|p1a: Hoopa|atk|1
|move|p1a: Hoopa|Drain Punch|p2a: Always Relevant
|-resisted|p2a: Always Relevant
|-damage|p2a: Always Relevant|55/100
|-heal|p1a: Hoopa|93/100|[from] drain|[of] p2a: Always Relevant
|
|-weather|Snowscape|[upkeep]
|upkeep
|turn|18
|
|t:|1757807463
|switch|p1a: Corviknight|Corviknight, F|100/100
|-damage|p1a: Corviknight|88/100|[from] Stealth Rock
|-ability|p1a: Corviknight|Pressure
|move|p2a: Always Relevant|U-turn|p1a: Corviknight
|-resisted|p1a: Corviknight
|-damage|p1a: Corviknight|82/100
|-damage|p2a: Always Relevant|38/100|[from] item: Rocky Helmet|[of] p1a: Corviknight
|
|t:|1757807465
|switch|p2a: Kinguin|Empoleon, F, tera:Flying|16/100|[from] U-turn
|
|-weather|Snowscape|[upkeep]
|upkeep
|turn|19
|
|t:|1757807469
|switch|p1a: Slowking|Slowking-Galar, M|88/100
|move|p2a: Kinguin|Roost|p2a: Kinguin
|-heal|p2a: Kinguin|66/100
|-hint|If a Terastallized Pokemon uses Roost, it remains Flying-type.
|
|-weather|Snowscape|[upkeep]
|upkeep
|turn|20
|
|t:|1757807473
|move|p2a: Kinguin|Flip Turn|p1a: Slowking
|-damage|p1a: Slowking|70/100
|
|t:|1757807476
|switch|p2a: Aizen|Kingambit, F, shiny|100/100|[from] Flip Turn
|move|p1a: Slowking|Sludge Bomb|p2a: Aizen
|-immune|p2a: Aizen
|
|-weather|none
|upkeep
|turn|21
|
|t:|1757807481
|switch|p1a: Corviknight|Corviknight, F|82/100
|-damage|p1a: Corviknight|70/100|[from] Stealth Rock
|-ability|p1a: Corviknight|Pressure
|move|p2a: Aizen|Swords Dance|p2a: Aizen
|-boost|p2a: Aizen|atk|2
|
|upkeep
|turn|22
|
|t:|1757807485
|move|p2a: Aizen|Low Kick|p1a: Corviknight
|-damage|p1a: Corviknight|36/100
|-damage|p2a: Aizen|84/100|[from] item: Rocky Helmet|[of] p1a: Corviknight
|move|p1a: Corviknight|Defog|p2a: Aizen
|-unboost|p2a: Aizen|evasion|1
|-sideend|p2: Obito 2001|move: Light Screen
|-sideend|p1: Parker757|Stealth Rock|[from] move: Defog|[of] p1a: Corviknight
|
|upkeep
|turn|23
|
|t:|1757807496
|-end|p2a: Aizen|fallenundefined|[silent]
|switch|p2a: Kinguin|Empoleon, F, tera:Flying|66/100
|move|p1a: Corviknight|Roost|p1a: Corviknight
|-heal|p1a: Corviknight|86/100
|-singleturn|p1a: Corviknight|move: Roost
|
|upkeep
|turn|24
|
|t:|1757807500
|move|p1a: Corviknight|U-turn|p2a: Kinguin
|-resisted|p2a: Kinguin
|-damage|p2a: Kinguin|59/100
|
|t:|1757807502
|switch|p1a: Slowking|Slowking-Galar, M|100/100|[from] U-turn
|move|p2a: Kinguin|Stealth Rock|p1a: Slowking
|-sidestart|p1: Parker757|move: Stealth Rock
|
|upkeep
|turn|25
|
|t:|1757807506
|move|p2a: Kinguin|Flip Turn|p1a: Slowking
|-damage|p1a: Slowking|83/100
|
|t:|1757807508
|switch|p2a: Aizen|Kingambit, F, shiny|84/100|[from] Flip Turn
|-prepare|p1a: Slowking|Chilly Reception|[premajor]
|move|p1a: Slowking|Chilly Reception|p1a: Slowking
|-weather|Snowscape
|
|t:|1757807512
|switch|p1a: Dragapult|Dragapult, M|100/100|[from] Chilly Reception
|
|-weather|Snowscape|[upkeep]
|upkeep
|turn|26
|
|t:|1757807518
|-end|p2a: Aizen|fallenundefined|[silent]
|switch|p2a: Fk hazard noobs|Weezing-Galar, M|95/100 brn
|-ability|p2a: Fk hazard noobs|Neutralizing Gas
|-terastallize|p1a: Dragapult|Fairy
|move|p1a: Dragapult|Will-O-Wisp|p2a: Fk hazard noobs
|-fail|p2a: Fk hazard noobs|brn
|
|-weather|Snowscape|[upkeep]
|-damage|p2a: Fk hazard noobs|89/100 brn|[from] brn
|upkeep
|turn|27
|j| tabata toxapex
|
|t:|1757807521
|-end|p2a: Fk hazard noobs|ability: Neutralizing Gas
|switch|p2a: Screen Goblin|Grimmsnarl, M|42/100
|move|p1a: Dragapult|Hex|p2a: Screen Goblin
|-resisted|p2a: Screen Goblin
|-damage|p2a: Screen Goblin|28/100
|
|-weather|Snowscape|[upkeep]
|upkeep
|turn|28
|
|t:|1757807531
|move|p2a: Screen Goblin|Parting Shot|p1a: Dragapult
|-unboost|p1a: Dragapult|atk|1
|-unboost|p1a: Dragapult|spa|1
|
|t:|1757807532
|switch|p2a: Fk hazard noobs|Weezing-Galar, M|89/100 brn|[from] Parting Shot
|-ability|p2a: Fk hazard noobs|Neutralizing Gas
|move|p1a: Dragapult|U-turn|p2a: Fk hazard noobs
|-resisted|p2a: Fk hazard noobs
|-damage|p2a: Fk hazard noobs|87/100 brn
|
|t:|1757807535
|switch|p1a: Slowking|Slowking-Galar, M|100/100|[from] U-turn
|
|-weather|Snowscape|[upkeep]
|-damage|p2a: Fk hazard noobs|81/100 brn|[from] brn
|upkeep
|turn|29
|
|t:|1757807543
|-end|p2a: Fk hazard noobs|ability: Neutralizing Gas
|switch|p2a: Aizen|Kingambit, F, shiny|84/100
|-prepare|p1a: Slowking|Chilly Reception|[premajor]
|move|p1a: Slowking|Chilly Reception|p1a: Slowking
|
|t:|1757807547
|switch|p1a: Hoopa|Hoopa-Unbound|93/100|[from] Chilly Reception
|-damage|p1a: Hoopa|81/100|[from] Stealth Rock
|
|-weather|none
|upkeep
|turn|30
|
|t:|1757807556
|-end|p2a: Aizen|fallenundefined|[silent]
|switch|p2a: Always Relevant|Landorus-Therian, M|38/100
|-ability|p2a: Always Relevant|Intimidate|boost
|-unboost|p1a: Hoopa|atk|1
|move|p1a: Hoopa|Drain Punch|p2a: Always Relevant
|-resisted|p2a: Always Relevant
|-damage|p2a: Always Relevant|29/100
|-heal|p1a: Hoopa|85/100|[from] drain|[of] p2a: Always Relevant
|
|upkeep
|turn|31
|
|t:|1757807561
|switch|p2a: Kinguin|Empoleon, F, tera:Flying|59/100
|switch|p1a: Corviknight|Corviknight, F|86/100
|-damage|p1a: Corviknight|74/100|[from] Stealth Rock
|-ability|p1a: Corviknight|Pressure
|
|upkeep
|turn|32
|
|t:|1757807565
|move|p1a: Corviknight|U-turn|p2a: Kinguin
|-resisted|p2a: Kinguin
|-damage|p2a: Kinguin|52/100
|
|t:|1757807567
|switch|p1a: Slowking|Slowking-Galar, M|100/100|[from] U-turn
|move|p2a: Kinguin|Roost|p2a: Kinguin
|-heal|p2a: Kinguin|100/100
|-hint|If a Terastallized Pokemon uses Roost, it remains Flying-type.
|
|upkeep
|turn|33
|
|t:|1757807570
|move|p2a: Kinguin|Flip Turn|p1a: Slowking
|-damage|p1a: Slowking|81/100
|
|t:|1757807574
|switch|p2a: Aizen|Kingambit, F, shiny|84/100|[from] Flip Turn
|-prepare|p1a: Slowking|Chilly Reception|[premajor]
|move|p1a: Slowking|Chilly Reception|p1a: Slowking
|-weather|Snowscape
|
|t:|1757807577
|switch|p1a: Dragapult|Dragapult, M, tera:Fairy|100/100|[from] Chilly Reception
|
|-weather|Snowscape|[upkeep]
|upkeep
|turn|34
|
|t:|1757807580
|move|p1a: Dragapult|Will-O-Wisp|p2a: Aizen
|-status|p2a: Aizen|brn
|-enditem|p2a: Aizen|Lum Berry|[eat]
|-curestatus|p2a: Aizen|brn|[msg]
|move|p2a: Aizen|Iron Head|p1a: Dragapult
|-supereffective|p1a: Dragapult
|-damage|p1a: Dragapult|0 fnt
|faint|p1a: Dragapult
|
|-weather|Snowscape|[upkeep]
|upkeep
|
|t:|1757807584
|switch|p1a: Hoopa|Hoopa-Unbound|85/100
|-damage|p1a: Hoopa|72/100|[from] Stealth Rock
|turn|35
|
|t:|1757807590
|-end|p2a: Aizen|fallenundefined|[silent]
|switch|p2a: Screen Goblin|Grimmsnarl, M|28/100
|move|p1a: Hoopa|Psychic Noise|p2a: Screen Goblin
|-immune|p2a: Screen Goblin
|
|-weather|Snowscape|[upkeep]
|upkeep
|turn|36
|
|t:|1757807596
|move|p2a: Screen Goblin|Reflect|p2a: Screen Goblin
|-sidestart|p2: Obito 2001|Reflect
|move|p1a: Hoopa|Drain Punch|p2a: Screen Goblin
|-damage|p2a: Screen Goblin|18/100
|-heal|p1a: Hoopa|78/100|[from] drain|[of] p2a: Screen Goblin
|
|-weather|Snowscape|[upkeep]
|upkeep
|turn|37
|
|t:|1757807600
|move|p1a: Hoopa|Drain Punch|p2a: Screen Goblin
|-damage|p2a: Screen Goblin|6/100
|-heal|p1a: Hoopa|85/100|[from] drain|[of] p2a: Screen Goblin
|move|p2a: Screen Goblin|Spirit Break|p1a: Hoopa
|-supereffective|p1a: Hoopa
|-damage|p1a: Hoopa|11/100
|-unboost|p1a: Hoopa|spa|1
|
|-weather|none
|upkeep
|turn|38
|
|t:|1757807603
|move|p2a: Screen Goblin|Light Screen|p2a: Screen Goblin
|-sidestart|p2: Obito 2001|move: Light Screen
|move|p1a: Hoopa|Drain Punch|p2a: Screen Goblin
|-damage|p2a: Screen Goblin|0 fnt
|-heal|p1a: Hoopa|15/100|[from] drain|[of] p2a: Screen Goblin
|faint|p2a: Screen Goblin
|
|upkeep
|
|t:|1757807609
|switch|p2a: Yuna|Polteageist|100/100
|turn|39
|
|t:|1757807611
|move|p2a: Yuna|Shell Smash|p2a: Yuna
|-unboost|p2a: Yuna|def|1
|-unboost|p2a: Yuna|spd|1
|-boost|p2a: Yuna|atk|2
|-boost|p2a: Yuna|spa|2
|-boost|p2a: Yuna|spe|2
|-enditem|p2a: Yuna|White Herb
|-clearnegativeboost|p2a: Yuna|[silent]
|move|p1a: Hoopa|Knock Off|p2a: Yuna
|-supereffective|p2a: Yuna
|-damage|p2a: Yuna|63/100
|
|upkeep
|turn|40
|
|t:|1757807614
|move|p2a: Yuna|Shadow Ball|p1a: Hoopa
|-damage|p1a: Hoopa|0 fnt
|faint|p1a: Hoopa
|
|upkeep
|-message|Parker757 forfeited.
|
|win|Obito 2001
|raw|Parker757's rating: 1587 &rarr; <strong>1573</strong><br />(-14 for losing)
|raw|Obito 2001's rating: 1696 &rarr; <strong>1710</strong><br />(+14 for winning)
|l|☆Parker757
|player|p1|
