|j|☆Gym Leader Gorvas
|j|☆bl0o_dd
|t:|1757886009
|gametype|singles
|player|p1|Gym Leader Gorvas|blackbelt-gen4dp|1040
|player|p2|bl0o_dd|benga|1044
|gen|9
|tier|[Gen 9] OU
|rated|
|rule|HP Percentage Mod: HP is shown in percentages
|rule|Endless Battle Clause: Forcing endless battles is banned
|rule|Species Clause: Limit one of each Pokémon
|rule|OHKO Clause: OHKO moves are banned
|rule|Evasion Items Clause: Evasion items are banned
|rule|Evasion Moves Clause: Evasion moves are banned
|rule|Evasion Abilities Clause: Evasion abilities are banned
|rule|Sleep Moves Clause: Sleep-inducing moves are banned
|clearpoke
|poke|p1|Conkeldurr, M|
|poke|p1|Pawmot, M|
|poke|p1|Chesnaught, F|
|poke|p1|Kingambit, F|
|poke|p1|Falinks|
|poke|p2|Ninetales-Alola, F|
|poke|p2|Garchomp, F|
|poke|p2|Umbreon, M|
|poke|p2|Charizard, M|
|poke|p2|Metagross|
|poke|p2|Inteleon, M|
|teampreview
|
|t:|1757886016
|teamsize|p1|5
|teamsize|p2|6
|start
|switch|p1a: Falinks|Falinks|100/100
|switch|p2a: Rukia|Ninetales-Alola, F|100/100
|-weather|Snowscape|[from] ability: Snow Warning|[of] p2a: Rukia
|turn|1
|
|t:|1757886025
|move|p1a: Falinks|First Impression|p2a: Rukia
|-resisted|p2a: Rukia
|-damage|p2a: Rukia|85/100
|move|p2a: Rukia|Aurora Veil|p2a: Rukia
|-sidestart|p2: bl0o_dd|move: Aurora Veil
|
|-weather|Snowscape|[upkeep]
|-heal|p2a: Rukia|91/100|[from] item: Leftovers
|upkeep
|turn|2
|
|t:|1757886036
|move|p2a: Rukia|Nasty Plot|p2a: Rukia
|-boost|p2a: Rukia|spa|2
|move|p1a: Falinks|High Horsepower|p2a: Rukia
|-damage|p2a: Rukia|77/100
|
|-weather|Snowscape|[upkeep]
|-heal|p2a: Rukia|83/100|[from] item: Leftovers
|upkeep
|turn|3
|
|t:|1757886046
|move|p2a: Rukia|Nasty Plot|p2a: Rukia
|-boost|p2a: Rukia|spa|2
|move|p1a: Falinks|Lunge|p2a: Rukia
|-resisted|p2a: Rukia
|-damage|p2a: Rukia|75/100
|-unboost|p2a: Rukia|atk|1
|
|-weather|Snowscape|[upkeep]
|-heal|p2a: Rukia|82/100|[from] item: Leftovers
|upkeep
|turn|4
|
|t:|1757886057
|move|p2a: Rukia|Moonblast|p1a: Falinks
|-supereffective|p1a: Falinks
|-damage|p1a: Falinks|0 fnt
|faint|p1a: Falinks
|
|-weather|Snowscape|[upkeep]
|-heal|p2a: Rukia|88/100|[from] item: Leftovers
|upkeep
|
|t:|1757886064
|switch|p1a: Pawmot|Pawmot, M|100/100
|turn|5
|
|t:|1757886071
|move|p2a: Rukia|Moonblast|p1a: Pawmot
|-supereffective|p1a: Pawmot
|-damage|p1a: Pawmot|0 fnt
|faint|p1a: Pawmot
|
|-weather|none
|-heal|p2a: Rukia|94/100|[from] item: Leftovers
|-sideend|p2: bl0o_dd|move: Aurora Veil
|upkeep
|
|t:|1757886078
|switch|p1a: Conkeldurr|Conkeldurr, M|100/100
|turn|6
|
|t:|1757886082
|move|p1a: Conkeldurr|Mach Punch|p2a: Rukia
|-damage|p2a: Rukia|43/100
|move|p2a: Rukia|Moonblast|p1a: Conkeldurr
|-supereffective|p1a: Conkeldurr
|-damage|p1a: Conkeldurr|0 fnt
|faint|p1a: Conkeldurr
|
|-heal|p2a: Rukia|49/100|[from] item: Leftovers
|upkeep
|
|t:|1757886090
|switch|p1a: Chesnaught|Chesnaught, F, shiny|100/100
|turn|7
|
|t:|1757886096
|move|p2a: Rukia|Moonblast|p1a: Chesnaught
|-supereffective|p1a: Chesnaught
|-damage|p1a: Chesnaught|0 fnt
|faint|p1a: Chesnaught
|
|-heal|p2a: Rukia|56/100|[from] item: Leftovers
|upkeep
|
|t:|1757886101
|switch|p1a: Kingambit|Kingambit, F|100/100
|-activate|p1a: Kingambit|ability: Supreme Overlord
|-start|p1a: Kingambit|fallen4|[silent]
|turn|8
|
|t:|1757886107
|-terastallize|p1a: Kingambit|Fighting
|move|p2a: Rukia|Moonblast|p1a: Kingambit
|-supereffective|p1a: Kingambit
|-damage|p1a: Kingambit|0 fnt
|faint|p1a: Kingambit
|-end|p1a: Kingambit|fallen4|[silent]
|
|win|bl0o_dd
|raw|Gym Leader Gorvas's rating: 1040 &rarr; <strong>1024</strong><br />(-16 for losing)
|raw|bl0o_dd's rating: 1044 &rarr; <strong>1077</strong><br />(+33 for winning)
|c|☆Gym Leader Gorvas|welp
|c|☆Gym Leader Gorvas|I got nothin
|l|☆Gym Leader Gorvas
|player|p1|
