|j|☆pepepoopoop
|j|☆dackit
|t:|1757910839
|gametype|singles
|player|p1|pepepoopoop|1|1343
|player|p2|dackit|169|1366
|gen|9
|tier|[Gen 9] OU
|rated|
|rule|HP Percentage Mod: HP is shown in percentages
|rule|Endless Battle Clause: Forcing endless battles is banned
|rule|Species Clause: Limit one of each Pokémon
|rule|OHKO Clause: OHKO moves are banned
|rule|Evasion Items Clause: Evasion items are banned
|rule|Evasion Moves Clause: Evasion moves are banned
|rule|Evasion Abilities Clause: Evasion abilities are banned
|rule|Sleep Moves Clause: Sleep-inducing moves are banned
|clearpoke
|poke|p1|Jolteon, M|
|poke|p1|Slowking-Galar, M|
|poke|p1|Great Tusk|
|poke|p1|Hydrapple, F|
|poke|p1|Kingambit, M|
|poke|p1|Moltres|
|poke|p2|Zamazenta-*|
|poke|p2|Alomomola, M|
|poke|p2|Rillaboom, M|
|poke|p2|Iron Crown|
|poke|p2|Moltres|
|poke|p2|Great Tusk|
|teampreview
|inactive|Battle timer is ON: inactive players will automatically lose when time's up. (requested by pepepoopoop)
|
|t:|1757910848
|teamsize|p1|6
|teamsize|p2|6
|start
|switch|p1a: Great Tusk|Great Tusk|100/100
|switch|p2a: Rillaboom|Rillaboom, M|100/100
|-fieldstart|move: Grassy Terrain|[from] ability: Grassy Surge|[of] p2a: Rillaboom
|turn|1
|
|t:|1757910853
|move|p2a: Rillaboom|Knock Off|p1a: Great Tusk
|-resisted|p1a: Great Tusk
|-damage|p1a: Great Tusk|89/100
|-damage|p2a: Rillaboom|84/100|[from] item: Rocky Helmet|[of] p1a: Great Tusk
|-enditem|p1a: Great Tusk|Rocky Helmet|[from] move: Knock Off|[of] p2a: Rillaboom
|move|p1a: Great Tusk|Stealth Rock|p2a: Rillaboom
|-sidestart|p2: dackit|move: Stealth Rock
|
|-heal|p2a: Rillaboom|90/100|[from] Grassy Terrain
|-heal|p1a: Great Tusk|95/100|[from] Grassy Terrain
|upkeep
|turn|2
|inactive|pepepoopoop has 120 seconds left.
|
|t:|1757910901
|switch|p2a: Alomomola|Alomomola, M|100/100
|move|p1a: Great Tusk|Ice Spinner|p2a: Alomomola
|-resisted|p2a: Alomomola
|-damage|p2a: Alomomola|95/100
|-fieldend|move: Grassy Terrain
|
|upkeep
|turn|3
|
|t:|1757910914
|-end|p1a: Great Tusk|Protosynthesis|[silent]
|switch|p1a: Hydrapple|Hydrapple, F|100/100
|move|p2a: Alomomola|Scald|p1a: Hydrapple
|-resisted|p1a: Hydrapple
|-damage|p1a: Hydrapple|97/100
|-status|p1a: Hydrapple|brn
|
|-damage|p1a: Hydrapple|91/100 brn|[from] brn
|upkeep
|turn|4
|
|t:|1757910922
|switch|p2a: Iron Crown|Iron Crown|100/100
|-damage|p2a: Iron Crown|94/100|[from] Stealth Rock
|move|p1a: Hydrapple|Fickle Beam|p2a: Iron Crown
|-resisted|p2a: Iron Crown
|-damage|p2a: Iron Crown|85/100
|
|-damage|p1a: Hydrapple|85/100 brn|[from] brn
|upkeep
|turn|5
|
|t:|1757910930
|switch|p1a: Slowking|Slowking-Galar, M|100/100
|move|p2a: Iron Crown|Psychic Noise|p1a: Slowking
|-damage|p1a: Slowking|81/100
|-start|p1a: Slowking|move: Heal Block
|
|upkeep
|turn|6
|inactive|pepepoopoop has 120 seconds left.
|
|t:|1757910938
|move|p2a: Iron Crown|Tachyon Cutter|p1a: Slowking
|-damage|p1a: Slowking|68/100
|-damage|p1a: Slowking|54/100
|-hitcount|p1a: Slowking|2
|move|p1a: Slowking|Flamethrower|p2a: Iron Crown
|-supereffective|p2a: Iron Crown
|-damage|p2a: Iron Crown|58/100
|
|-end|p1a: Slowking|move: Heal Block
|upkeep
|turn|7
|inactive|pepepoopoop has 120 seconds left.
|
|t:|1757910949
|switch|p1a: Kingambit|Kingambit, M, shiny|100/100
|move|p2a: Iron Crown|Psychic Noise|p1a: Kingambit
|-immune|p1a: Kingambit
|
|upkeep
|turn|8
|inactive|pepepoopoop has 120 seconds left.
|
|t:|1757910959
|-end|p2a: Iron Crown|Quark Drive|[silent]
|switch|p2a: Great Tusk|Great Tusk|100/100
|-end|p1a: Kingambit|fallenundefined|[silent]
|switch|p1a: Hydrapple|Hydrapple, F|100/100 brn
|
|-damage|p1a: Hydrapple|94/100 brn|[from] brn
|upkeep
|turn|9
|
|t:|1757910962
|move|p2a: Great Tusk|Ice Spinner|p1a: Hydrapple
|-supereffective|p1a: Hydrapple
|-damage|p1a: Hydrapple|45/100 brn
|move|p1a: Hydrapple|Nasty Plot|p1a: Hydrapple
|-boost|p1a: Hydrapple|spa|2
|
|-damage|p1a: Hydrapple|39/100 brn|[from] brn
|upkeep
|turn|10
|
|t:|1757910971
|switch|p1a: Moltres|Moltres|100/100
|move|p2a: Great Tusk|Headlong Rush|p1a: Moltres
|-immune|p1a: Moltres
|
|upkeep
|turn|11
|
|t:|1757910989
|-end|p2a: Great Tusk|Protosynthesis|[silent]
|switch|p2a: Alomomola|Alomomola, M|100/100
|move|p1a: Moltres|Flamethrower|p2a: Alomomola
|-resisted|p2a: Alomomola
|-damage|p2a: Alomomola|80/100
|
|upkeep
|turn|12
|
|t:|1757910998
|move|p1a: Moltres|Scorching Sands|p2a: Alomomola
|-damage|p2a: Alomomola|56/100
|-status|p2a: Alomomola|brn
|move|p2a: Alomomola|Flip Turn|p1a: Moltres
|-supereffective|p1a: Moltres
|-damage|p1a: Moltres|87/100
|
|t:|1757911004
|switch|p2a: Zamazenta|Zamazenta|100/100|[from] Flip Turn
|-damage|p2a: Zamazenta|94/100|[from] Stealth Rock
|-ability|p2a: Zamazenta|Dauntless Shield|boost
|-boost|p2a: Zamazenta|def|1
|
|-heal|p2a: Zamazenta|100/100|[from] item: Leftovers
|upkeep
|turn|13
|
|t:|1757911013
|move|p2a: Zamazenta|Substitute|p2a: Zamazenta
|-start|p2a: Zamazenta|Substitute
|-damage|p2a: Zamazenta|75/100
|move|p1a: Moltres|Flamethrower|p2a: Zamazenta
|-end|p2a: Zamazenta|Substitute
|
|-heal|p2a: Zamazenta|82/100|[from] item: Leftovers
|upkeep
|turn|14
|
|t:|1757911041
|switch|p2a: Moltres|Moltres|100/100
|move|p1a: Moltres|Flamethrower|p2a: Moltres
|-resisted|p2a: Moltres
|-damage|p2a: Moltres|87/100
|
|upkeep
|turn|15
|
|t:|1757911049
|move|p1a: Moltres|Flamethrower|p2a: Moltres
|-resisted|p2a: Moltres
|-damage|p2a: Moltres|74/100
|move|p2a: Moltres|U-turn|p1a: Moltres
|-resisted|p1a: Moltres
|-damage|p1a: Moltres|84/100
|
|t:|1757911054
|switch|p2a: Alomomola|Alomomola, M|89/100 brn|[from] U-turn
|
|-damage|p2a: Alomomola|83/100 brn|[from] brn
|upkeep
|turn|16
|
|t:|1757911068
|move|p1a: Moltres|Scorching Sands|p2a: Alomomola
|-damage|p2a: Alomomola|61/100 brn
|move|p2a: Alomomola|Wish|p2a: Alomomola
|
|-damage|p2a: Alomomola|54/100 brn|[from] brn
|upkeep
|turn|17
|
|t:|1757911079
|move|p1a: Moltres|Flamethrower|p2a: Alomomola
|-resisted|p2a: Alomomola
|-damage|p2a: Alomomola|32/100 brn
|move|p2a: Alomomola|Flip Turn|p1a: Moltres
|-supereffective|p1a: Moltres
|-damage|p1a: Moltres|71/100
|
|t:|1757911082
|switch|p2a: Iron Crown|Iron Crown|58/100|[from] Flip Turn
|-damage|p2a: Iron Crown|51/100|[from] Stealth Rock
|
|-heal|p2a: Iron Crown|100/100|[from] move: Wish|[wisher] Alomomola
|upkeep
|turn|18
|
|t:|1757911089
|switch|p1a: Kingambit|Kingambit, M, shiny|100/100
|move|p2a: Iron Crown|Psychic Noise|p1a: Kingambit
|-immune|p1a: Kingambit
|
|upkeep
|turn|19
|
|t:|1757911096
|-end|p2a: Iron Crown|Quark Drive|[silent]
|switch|p2a: Great Tusk|Great Tusk|100/100
|move|p1a: Kingambit|Swords Dance|p1a: Kingambit
|-boost|p1a: Kingambit|atk|2
|
|upkeep
|turn|20
|
|t:|1757911109
|-end|p1a: Kingambit|fallenundefined|[silent]
|switch|p1a: Moltres|Moltres|71/100
|move|p2a: Great Tusk|Stealth Rock|p1a: Moltres
|-sidestart|p1: pepepoopoop|move: Stealth Rock
|
|upkeep
|turn|21
|
|t:|1757911113
|-end|p2a: Great Tusk|Protosynthesis|[silent]
|switch|p2a: Alomomola|Alomomola, M|65/100 brn
|move|p1a: Moltres|Will-O-Wisp|p2a: Alomomola
|-fail|p2a: Alomomola|brn
|
|-damage|p2a: Alomomola|59/100 brn|[from] brn
|upkeep
|turn|22
|
|t:|1757911119
|move|p1a: Moltres|Scorching Sands|p2a: Alomomola
|-crit|p2a: Alomomola
|-damage|p2a: Alomomola|25/100 brn
|move|p2a: Alomomola|Flip Turn|p1a: Moltres
|-supereffective|p1a: Moltres
|-damage|p1a: Moltres|58/100
|
|t:|1757911121
|switch|p2a: Iron Crown|Iron Crown|100/100|[from] Flip Turn
|-damage|p2a: Iron Crown|94/100|[from] Stealth Rock
|
|upkeep
|turn|23
|
|t:|1757911130
|move|p2a: Iron Crown|Volt Switch|p1a: Moltres
|-supereffective|p1a: Moltres
|-damage|p1a: Moltres|19/100
|
|t:|1757911133
|-end|p2a: Iron Crown|Quark Drive|[silent]
|switch|p2a: Alomomola|Alomomola, M|59/100 brn|[from] Volt Switch
|move|p1a: Moltres|Roost|p1a: Moltres
|-heal|p1a: Moltres|69/100
|-singleturn|p1a: Moltres|move: Roost
|
|-damage|p2a: Alomomola|53/100 brn|[from] brn
|upkeep
|turn|24
|
|t:|1757911143
|move|p1a: Moltres|Scorching Sands|p2a: Alomomola
|-damage|p2a: Alomomola|28/100 brn
|move|p2a: Alomomola|Flip Turn|p1a: Moltres
|-supereffective|p1a: Moltres
|-damage|p1a: Moltres|55/100
|
|t:|1757911147
|switch|p2a: Iron Crown|Iron Crown|94/100|[from] Flip Turn
|-damage|p2a: Iron Crown|88/100|[from] Stealth Rock
|
|upkeep
|turn|25
|
|t:|1757911153
|move|p2a: Iron Crown|Volt Switch|p1a: Moltres
|-supereffective|p1a: Moltres
|-damage|p1a: Moltres|15/100
|
|t:|1757911155
|-end|p2a: Iron Crown|Quark Drive|[silent]
|switch|p2a: Alomomola|Alomomola, M|62/100 brn|[from] Volt Switch
|move|p1a: Moltres|Roost|p1a: Moltres
|-heal|p1a: Moltres|65/100
|-singleturn|p1a: Moltres|move: Roost
|
|-damage|p2a: Alomomola|56/100 brn|[from] brn
|upkeep
|turn|26
|
|t:|1757911164
|switch|p1a: Great Tusk|Great Tusk|95/100
|-damage|p1a: Great Tusk|92/100|[from] Stealth Rock
|move|p2a: Alomomola|Flip Turn|p1a: Great Tusk
|-supereffective|p1a: Great Tusk
|-damage|p1a: Great Tusk|83/100
|
|t:|1757911170
|switch|p2a: Rillaboom|Rillaboom, M|90/100|[from] Flip Turn
|-damage|p2a: Rillaboom|78/100|[from] Stealth Rock
|-fieldstart|move: Grassy Terrain|[from] ability: Grassy Surge|[of] p2a: Rillaboom
|
|-heal|p2a: Rillaboom|84/100|[from] Grassy Terrain
|-heal|p1a: Great Tusk|90/100|[from] Grassy Terrain
|upkeep
|turn|27
|
|t:|1757911191
|-end|p1a: Great Tusk|Protosynthesis|[silent]
|switch|p1a: Moltres|Moltres|65/100
|move|p2a: Rillaboom|Wood Hammer|p1a: Moltres
|-resisted|p1a: Moltres
|-damage|p1a: Moltres|38/100
|-damage|p2a: Rillaboom|74/100|[from] Recoil
|
|-heal|p2a: Rillaboom|81/100|[from] Grassy Terrain
|upkeep
|turn|28
|
|t:|1757911196
|switch|p2a: Alomomola|Alomomola, M|89/100 brn
|move|p1a: Moltres|Roost|p1a: Moltres
|-heal|p1a: Moltres|88/100
|-singleturn|p1a: Moltres|move: Roost
|
|-heal|p1a: Moltres|95/100|[from] Grassy Terrain
|-heal|p2a: Alomomola|95/100 brn|[from] Grassy Terrain
|-damage|p2a: Alomomola|89/100 brn|[from] brn
|upkeep
|turn|29
|
|t:|1757911207
|switch|p1a: Jolteon|Jolteon, M|100/100
|move|p2a: Alomomola|Flip Turn|p1a: Jolteon
|-damage|p1a: Jolteon|85/100
|
|t:|1757911212
|switch|p2a: Rillaboom|Rillaboom, M|81/100|[from] Flip Turn
|-damage|p2a: Rillaboom|68/100|[from] Stealth Rock
|
|-heal|p1a: Jolteon|91/100|[from] Grassy Terrain
|-heal|p2a: Rillaboom|74/100|[from] Grassy Terrain
|upkeep
|turn|30
|
|t:|1757911216
|switch|p1a: Moltres|Moltres|95/100
|move|p2a: Rillaboom|Knock Off|p1a: Moltres
|-damage|p1a: Moltres|50/100
|-enditem|p1a: Moltres|Heavy-Duty Boots|[from] move: Knock Off|[of] p2a: Rillaboom
|
|-heal|p2a: Rillaboom|81/100|[from] Grassy Terrain
|-fieldend|move: Grassy Terrain
|upkeep
|turn|31
|
|t:|1757911224
|switch|p2a: Alomomola|Alomomola, M|100/100 brn
|move|p1a: Moltres|Roost|p1a: Moltres
|-heal|p1a: Moltres|99/100
|-singleturn|p1a: Moltres|move: Roost
|
|-damage|p2a: Alomomola|94/100 brn|[from] brn
|upkeep
|turn|32
|
|t:|1757911240
|switch|p1a: Slowking|Slowking-Galar, M|88/100
|-damage|p1a: Slowking|75/100|[from] Stealth Rock
|move|p2a: Alomomola|Flip Turn|p1a: Slowking
|-crit|p1a: Slowking
|-damage|p1a: Slowking|66/100
|
|t:|1757911244
|switch|p2a: Iron Crown|Iron Crown|88/100|[from] Flip Turn
|-damage|p2a: Iron Crown|82/100|[from] Stealth Rock
|
|upkeep
|turn|33
|
|t:|1757911253
|move|p2a: Iron Crown|Volt Switch|p1a: Slowking
|-damage|p1a: Slowking|54/100
|
|t:|1757911259
|-end|p2a: Iron Crown|Quark Drive|[silent]
|switch|p2a: Great Tusk|Great Tusk|100/100|[from] Volt Switch
|move|p1a: Slowking|Flamethrower|p2a: Great Tusk
|-damage|p2a: Great Tusk|70/100
|
|upkeep
|turn|34
|
|t:|1757911267
|switch|p1a: Great Tusk|Great Tusk|90/100
|-damage|p1a: Great Tusk|87/100|[from] Stealth Rock
|move|p2a: Great Tusk|Rapid Spin|p1a: Great Tusk
|-damage|p1a: Great Tusk|80/100
|-boost|p2a: Great Tusk|spe|1
|-sideend|p2: dackit|Stealth Rock|[from] move: Rapid Spin|[of] p2a: Great Tusk
|
|upkeep
|turn|35
|
|t:|1757911273
|-end|p2a: Great Tusk|Protosynthesis|[silent]
|switch|p2a: Rillaboom|Rillaboom, M|81/100
|-fieldstart|move: Grassy Terrain|[from] ability: Grassy Surge|[of] p2a: Rillaboom
|move|p1a: Great Tusk|Rapid Spin|p2a: Rillaboom
|-crit|p2a: Rillaboom
|-damage|p2a: Rillaboom|57/100
|-boost|p1a: Great Tusk|spe|1
|-sideend|p1: pepepoopoop|Stealth Rock|[from] move: Rapid Spin|[of] p1a: Great Tusk
|
|-heal|p1a: Great Tusk|86/100|[from] Grassy Terrain
|-heal|p2a: Rillaboom|64/100|[from] Grassy Terrain
|upkeep
|turn|36
|
|t:|1757911278
|-end|p1a: Great Tusk|Protosynthesis|[silent]
|switch|p1a: Moltres|Moltres|99/100
|move|p2a: Rillaboom|U-turn|p1a: Moltres
|-resisted|p1a: Moltres
|-damage|p1a: Moltres|92/100
|-status|p2a: Rillaboom|brn|[from] ability: Flame Body|[of] p1a: Moltres
|
|t:|1757911282
|switch|p2a: Iron Crown|Iron Crown|82/100|[from] U-turn
|
|-heal|p2a: Iron Crown|88/100|[from] Grassy Terrain
|upkeep
|turn|37
|
|t:|1757911285
|switch|p1a: Jolteon|Jolteon, M|91/100
|move|p2a: Iron Crown|Volt Switch|p1a: Jolteon
|-heal|p1a: Jolteon|100/100|[from] ability: Volt Absorb|[of] p2a: Iron Crown
|
|-heal|p2a: Iron Crown|94/100|[from] Grassy Terrain
|upkeep
|turn|38
|
|t:|1757911288
|move|p1a: Jolteon|Calm Mind|p1a: Jolteon
|-boost|p1a: Jolteon|spa|1
|-boost|p1a: Jolteon|spd|1
|move|p2a: Iron Crown|Psychic Noise|p1a: Jolteon
|-damage|p1a: Jolteon|68/100
|-start|p1a: Jolteon|move: Heal Block
|
|-heal|p2a: Iron Crown|100/100|[from] Grassy Terrain
|upkeep
|turn|39
|
|t:|1757911295
|move|p1a: Jolteon|Thunderbolt|p2a: Iron Crown
|-damage|p2a: Iron Crown|62/100
|move|p2a: Iron Crown|Psychic Noise|p1a: Jolteon
|-damage|p1a: Jolteon|33/100
|
|-heal|p2a: Iron Crown|68/100|[from] Grassy Terrain
|-end|p1a: Jolteon|move: Heal Block
|-fieldend|move: Grassy Terrain
|upkeep
|turn|40
|
|t:|1757911306
|-end|p2a: Iron Crown|Quark Drive|[silent]
|switch|p2a: Rillaboom|Rillaboom, M|64/100 brn
|-fieldstart|move: Grassy Terrain|[from] ability: Grassy Surge|[of] p2a: Rillaboom
|move|p1a: Jolteon|Volt Switch|p2a: Rillaboom
|-resisted|p2a: Rillaboom
|-damage|p2a: Rillaboom|30/100 brn
|
|t:|1757911318
|switch|p1a: Hydrapple|Hydrapple, F|72/100 brn|[from] Volt Switch
|
|-heal|p2a: Rillaboom|36/100 brn|[from] Grassy Terrain
|-heal|p1a: Hydrapple|78/100 brn|[from] Grassy Terrain
|-damage|p2a: Rillaboom|30/100 brn|[from] brn
|-damage|p1a: Hydrapple|72/100 brn|[from] brn
|upkeep
|turn|41
|
|t:|1757911326
|switch|p1a: Moltres|Moltres|92/100
|move|p2a: Rillaboom|U-turn|p1a: Moltres
|-resisted|p1a: Moltres
|-damage|p1a: Moltres|88/100
|
|t:|1757911329
|switch|p2a: Iron Crown|Iron Crown|68/100|[from] U-turn
|
|-heal|p2a: Iron Crown|75/100|[from] Grassy Terrain
|upkeep
|turn|42
|
|t:|1757911341
|move|p2a: Iron Crown|Psychic Noise|p1a: Moltres
|-damage|p1a: Moltres|56/100
|-start|p1a: Moltres|move: Heal Block
|move|p1a: Moltres|Flamethrower|p2a: Iron Crown
|-supereffective|p2a: Iron Crown
|-damage|p2a: Iron Crown|26/100
|
|-heal|p2a: Iron Crown|32/100|[from] Grassy Terrain
|upkeep
|turn|43
|
|t:|1757911356
|-end|p2a: Iron Crown|Quark Drive|[silent]
|switch|p2a: Alomomola|Alomomola, M|100/100 brn
|switch|p1a: Slowking|Slowking-Galar, M|88/100
|
|-heal|p1a: Slowking|94/100|[from] Grassy Terrain
|-damage|p2a: Alomomola|94/100 brn|[from] brn
|upkeep
|turn|44
|
|t:|1757911362
|move|p2a: Alomomola|Wish|p2a: Alomomola
|move|p1a: Slowking|Sludge Bomb|p2a: Alomomola
|-damage|p2a: Alomomola|54/100 brn
|
|-heal|p2a: Alomomola|60/100 brn|[from] Grassy Terrain
|-heal|p1a: Slowking|99/100|[from] Grassy Terrain
|-damage|p2a: Alomomola|54/100 brn|[from] brn
|-fieldend|move: Grassy Terrain
|upkeep
|turn|45
|
|t:|1757911370
|move|p2a: Alomomola|Flip Turn|p1a: Slowking
|-damage|p1a: Slowking|94/100
|
|t:|1757911373
|switch|p2a: Iron Crown|Iron Crown|32/100|[from] Flip Turn
|move|p1a: Slowking|Flamethrower|p2a: Iron Crown
|-supereffective|p2a: Iron Crown
|-damage|p2a: Iron Crown|0 fnt
|faint|p2a: Iron Crown
|-end|p2a: Iron Crown|Quark Drive|[silent]
|
|upkeep
|
|t:|1757911376
|switch|p2a: Great Tusk|Great Tusk|70/100
|turn|46
|
|t:|1757911381
|switch|p1a: Moltres|Moltres|56/100
|move|p2a: Great Tusk|Stealth Rock|p1a: Moltres
|-sidestart|p1: pepepoopoop|move: Stealth Rock
|
|upkeep
|turn|47
|
|t:|1757911390
|-end|p2a: Great Tusk|Protosynthesis|[silent]
|switch|p2a: Alomomola|Alomomola, M|87/100 brn
|move|p1a: Moltres|Roost|p1a: Moltres
|-heal|p1a: Moltres|100/100
|-singleturn|p1a: Moltres|move: Roost
|
|-damage|p2a: Alomomola|81/100 brn|[from] brn
|upkeep
|turn|48
|
|t:|1757911395
|switch|p1a: Hydrapple|Hydrapple, F|100/100 brn
|move|p2a: Alomomola|Wish|p2a: Alomomola
|
|-damage|p1a: Hydrapple|94/100 brn|[from] brn
|-damage|p2a: Alomomola|75/100 brn|[from] brn
|upkeep
|turn|49
|
|t:|1757911404
|switch|p2a: Zamazenta|Zamazenta|82/100
|move|p1a: Hydrapple|Fickle Beam|p2a: Zamazenta|[anim] Fickle Beam All Out
|-activate|p1a: Hydrapple|move: Fickle Beam
|-damage|p2a: Zamazenta|37/100
|
|-heal|p2a: Zamazenta|100/100|[from] move: Wish|[wisher] Alomomola
|-damage|p1a: Hydrapple|88/100 brn|[from] brn
|upkeep
|turn|50
|
|t:|1757911416
|switch|p1a: Moltres|Moltres|100/100
|-damage|p1a: Moltres|50/100|[from] Stealth Rock
|move|p2a: Zamazenta|Iron Defense|p2a: Zamazenta
|-boost|p2a: Zamazenta|def|2
|
|upkeep
|turn|51
|
|t:|1757911421
|-terastallize|p2a: Zamazenta|Fire
|move|p2a: Zamazenta|Body Press|p1a: Moltres
|-resisted|p1a: Moltres
|-damage|p1a: Moltres|25/100
|move|p1a: Moltres|Roost|p1a: Moltres
|-heal|p1a: Moltres|75/100
|-singleturn|p1a: Moltres|move: Roost
|
|upkeep
|turn|52
|
|t:|1757911445
|switch|p1a: Great Tusk|Great Tusk|86/100
|-damage|p1a: Great Tusk|83/100|[from] Stealth Rock
|move|p2a: Zamazenta|Body Press|p1a: Great Tusk
|-damage|p1a: Great Tusk|50/100
|
|upkeep
|turn|53
|
|t:|1757911451
|move|p2a: Zamazenta|Iron Defense|p2a: Zamazenta
|-boost|p2a: Zamazenta|def|2
|move|p1a: Great Tusk|Rapid Spin|p2a: Zamazenta
|-damage|p2a: Zamazenta|97/100
|-boost|p1a: Great Tusk|spe|1
|-sideend|p1: pepepoopoop|Stealth Rock|[from] move: Rapid Spin|[of] p1a: Great Tusk
|
|-heal|p2a: Zamazenta|100/100|[from] item: Leftovers
|upkeep
|turn|54
|
|t:|1757911455
|move|p2a: Zamazenta|Body Press|p1a: Great Tusk
|-damage|p1a: Great Tusk|9/100
|move|p1a: Great Tusk|Body Press|p2a: Zamazenta
|-damage|p2a: Zamazenta|88/100
|
|-heal|p2a: Zamazenta|94/100|[from] item: Leftovers
|upkeep
|turn|55
|
|t:|1757911464
|move|p2a: Zamazenta|Iron Defense|p2a: Zamazenta
|-boost|p2a: Zamazenta|def|2
|move|p1a: Great Tusk|Body Press|p2a: Zamazenta
|-damage|p2a: Zamazenta|86/100
|
|-heal|p2a: Zamazenta|92/100|[from] item: Leftovers
|upkeep
|turn|56
|
|t:|1757911480
|move|p2a: Zamazenta|Body Press|p1a: Great Tusk
|-damage|p1a: Great Tusk|0 fnt
|faint|p1a: Great Tusk
|-end|p1a: Great Tusk|Protosynthesis|[silent]
|
|-heal|p2a: Zamazenta|98/100|[from] item: Leftovers
|upkeep
|
|t:|1757911485
|switch|p1a: Hydrapple|Hydrapple, F|100/100 brn
|turn|57
|
|t:|1757911488
|move|p2a: Zamazenta|Body Press|p1a: Hydrapple
|-damage|p1a: Hydrapple|25/100 brn
|move|p1a: Hydrapple|Nasty Plot|p1a: Hydrapple
|-boost|p1a: Hydrapple|spa|2
|
|-heal|p2a: Zamazenta|100/100|[from] item: Leftovers
|-damage|p1a: Hydrapple|19/100 brn|[from] brn
|upkeep
|turn|58
|c|☆pepepoopoop|I messed jup
|
|t:|1757911502
|switch|p1a: Slowking|Slowking-Galar, M|100/100
|move|p2a: Zamazenta|Body Press|p1a: Slowking
|-resisted|p1a: Slowking
|-damage|p1a: Slowking|78/100
|
|upkeep
|turn|59
|
|t:|1757911516
|move|p2a: Zamazenta|Crunch|p1a: Slowking
|-supereffective|p1a: Slowking
|-damage|p1a: Slowking|46/100
|move|p1a: Slowking|Sludge Bomb|p2a: Zamazenta
|-damage|p2a: Zamazenta|75/100
|
|-heal|p2a: Zamazenta|81/100|[from] item: Leftovers
|upkeep
|turn|60
|
|t:|1757911525
|move|p2a: Zamazenta|Crunch|p1a: Slowking
|-supereffective|p1a: Slowking
|-damage|p1a: Slowking|13/100
|move|p1a: Slowking|Sludge Bomb|p2a: Zamazenta
|-damage|p2a: Zamazenta|56/100
|
|-heal|p2a: Zamazenta|62/100|[from] item: Leftovers
|upkeep
|turn|61
|inactive|pepepoopoop has 120 seconds left.
|
|t:|1757911565
|switch|p1a: Kingambit|Kingambit, M, shiny|100/100
|-activate|p1a: Kingambit|ability: Supreme Overlord
|-start|p1a: Kingambit|fallen1|[silent]
|move|p2a: Zamazenta|Body Press|p1a: Kingambit
|-supereffective|p1a: Kingambit
|-damage|p1a: Kingambit|0 fnt
|faint|p1a: Kingambit
|-end|p1a: Kingambit|fallen1|[silent]
|
|-heal|p2a: Zamazenta|69/100|[from] item: Leftovers
|upkeep
|
|t:|1757911584
|switch|p1a: Slowking|Slowking-Galar, M|47/100
|turn|62
|
|t:|1757911592
|move|p2a: Zamazenta|Crunch|p1a: Slowking
|-supereffective|p1a: Slowking
|-damage|p1a: Slowking|14/100
|-unboost|p1a: Slowking|def|1
|move|p1a: Slowking|Sludge Bomb|p2a: Zamazenta
|-damage|p2a: Zamazenta|45/100
|-status|p2a: Zamazenta|psn
|
|-heal|p2a: Zamazenta|52/100 psn|[from] item: Leftovers
|-damage|p2a: Zamazenta|39/100 psn|[from] psn
|upkeep
|turn|63
|
|t:|1757911599
|switch|p1a: Hydrapple|Hydrapple, F|52/100 brn
|move|p2a: Zamazenta|Body Press|p1a: Hydrapple
|-damage|p1a: Hydrapple|0 fnt
|faint|p1a: Hydrapple
|
|-heal|p2a: Zamazenta|45/100 psn|[from] item: Leftovers
|-damage|p2a: Zamazenta|33/100 psn|[from] psn
|upkeep
|
|t:|1757911614
|switch|p1a: Slowking|Slowking-Galar, M|47/100
|turn|64
|
|t:|1757911619
|switch|p2a: Alomomola|Alomomola, M|100/100 brn
|move|p1a: Slowking|Sludge Bomb|p2a: Alomomola
|-damage|p2a: Alomomola|57/100 brn
|
|-damage|p2a: Alomomola|51/100 brn|[from] brn
|upkeep
|turn|65
|
|t:|1757911624
|switch|p1a: Jolteon|Jolteon, M|33/100
|move|p2a: Alomomola|Wish|p2a: Alomomola
|
|-damage|p2a: Alomomola|45/100 brn|[from] brn
|upkeep
|turn|66
|
|t:|1757911630
|switch|p2a: Rillaboom|Rillaboom, M|30/100 brn
|-fieldstart|move: Grassy Terrain|[from] ability: Grassy Surge|[of] p2a: Rillaboom
|move|p1a: Jolteon|Thunderbolt|p2a: Rillaboom
|-resisted|p2a: Rillaboom
|-damage|p2a: Rillaboom|0 fnt
|faint|p2a: Rillaboom
|
|-heal|p1a: Jolteon|39/100|[from] Grassy Terrain
|upkeep
|
|t:|1757911634
|switch|p2a: Great Tusk|Great Tusk|70/100
|turn|67
|
|t:|1757911654
|switch|p1a: Moltres|Moltres|75/100
|move|p2a: Great Tusk|Stealth Rock|p1a: Moltres
|-sidestart|p1: pepepoopoop|move: Stealth Rock
|
|-heal|p2a: Great Tusk|77/100|[from] Grassy Terrain
|upkeep
|turn|68
|
|t:|1757911663
|-end|p2a: Great Tusk|Protosynthesis|[silent]
|switch|p2a: Alomomola|Alomomola, M|78/100 brn
|move|p1a: Moltres|Flamethrower|p2a: Alomomola
|-resisted|p2a: Alomomola
|-damage|p2a: Alomomola|57/100 brn
|
|-heal|p2a: Alomomola|63/100 brn|[from] Grassy Terrain
|-damage|p2a: Alomomola|57/100 brn|[from] brn
|upkeep
|turn|69
|
|t:|1757911667
|switch|p1a: Jolteon|Jolteon, M|39/100
|move|p2a: Alomomola|Wish|p2a: Alomomola
|
|-heal|p1a: Jolteon|45/100|[from] Grassy Terrain
|-heal|p2a: Alomomola|63/100 brn|[from] Grassy Terrain
|-damage|p2a: Alomomola|57/100 brn|[from] brn
|upkeep
|turn|70
|
|t:|1757911671
|switch|p2a: Great Tusk|Great Tusk|77/100
|move|p1a: Jolteon|Thunderbolt|p2a: Great Tusk
|-immune|p2a: Great Tusk
|
|-heal|p2a: Great Tusk|100/100|[from] move: Wish|[wisher] Alomomola
|-heal|p1a: Jolteon|51/100|[from] Grassy Terrain
|-fieldend|move: Grassy Terrain
|upkeep
|turn|71
|
|t:|1757911684
|-terastallize|p1a: Jolteon|Fairy
|move|p1a: Jolteon|Alluring Voice|p2a: Great Tusk
|-supereffective|p2a: Great Tusk
|-damage|p2a: Great Tusk|2/100
|move|p2a: Great Tusk|Rapid Spin|p1a: Jolteon
|-damage|p1a: Jolteon|21/100
|-boost|p2a: Great Tusk|spe|1
|
|upkeep
|turn|72
|
|t:|1757911698
|switch|p1a: Moltres|Moltres|75/100
|-damage|p1a: Moltres|25/100|[from] Stealth Rock
|move|p2a: Great Tusk|Ice Spinner|p1a: Moltres
|-damage|p1a: Moltres|6/100
|-status|p2a: Great Tusk|brn|[from] ability: Flame Body|[of] p1a: Moltres
|
|-damage|p2a: Great Tusk|0 fnt|[from] brn
|faint|p2a: Great Tusk
|-end|p2a: Great Tusk|Protosynthesis|[silent]
|upkeep
|c|☆pepepoopoop|woooooooooo
|
|t:|1757911707
|switch|p2a: Moltres|Moltres|74/100
|turn|73
|
|t:|1757911710
|move|p1a: Moltres|Roost|p1a: Moltres
|-heal|p1a: Moltres|56/100
|-singleturn|p1a: Moltres|move: Roost
|move|p2a: Moltres|Flamethrower|p1a: Moltres
|-resisted|p1a: Moltres
|-damage|p1a: Moltres|40/100
|
|upkeep
|turn|74
|
|t:|1757911716
|move|p1a: Moltres|Roost|p1a: Moltres
|-heal|p1a: Moltres|90/100
|-singleturn|p1a: Moltres|move: Roost
|move|p2a: Moltres|Roost|p2a: Moltres
|-heal|p2a: Moltres|100/100
|-singleturn|p2a: Moltres|move: Roost
|
|upkeep
|turn|75
|
|t:|1757911726
|switch|p1a: Slowking|Slowking-Galar, M|80/100
|-damage|p1a: Slowking|68/100|[from] Stealth Rock
|move|p2a: Moltres|U-turn|p1a: Slowking
|-damage|p1a: Slowking|57/100
|
|t:|1757911730
|switch|p2a: Alomomola|Alomomola, M|90/100 brn|[from] U-turn
|
|-damage|p2a: Alomomola|84/100 brn|[from] brn
|upkeep
|turn|76
|
|t:|1757911736
|move|p2a: Alomomola|Wish|p2a: Alomomola
|move|p1a: Slowking|Sludge Bomb|p2a: Alomomola
|-damage|p2a: Alomomola|43/100 brn
|
|-damage|p2a: Alomomola|37/100 brn|[from] brn
|upkeep
|turn|77
|-message|dackit forfeited.
|
|win|pepepoopoop
|raw|pepepoopoop's rating: 1343 &rarr; <strong>1364</strong><br />(+21 for winning)
|raw|dackit's rating: 1366 &rarr; <strong>1345</strong><br />(-21 for losing)
|l|☆dackit
|player|p2|
|c|☆pepepoopoop|wooooo
