|j|☆LVL62Monoco
|j|☆sminey
|t:|1757787192
|gametype|singles
|player|p1|LVL62Monoco|265|1467
|player|p2|sminey|102|1510
|gen|9
|tier|[Gen 9] OU
|rated|
|rule|HP Percentage Mod: HP is shown in percentages
|rule|Endless Battle Clause: Forcing endless battles is banned
|rule|Species Clause: Limit one of each Pokémon
|rule|OHKO Clause: OHKO moves are banned
|rule|Evasion Items Clause: Evasion items are banned
|rule|Evasion Moves Clause: Evasion moves are banned
|rule|Evasion Abilities Clause: Evasion abilities are banned
|rule|Sleep Moves Clause: Sleep-inducing moves are banned
|clearpoke
|poke|p1|Grimmsnarl, M|
|poke|p1|Ursaluna, F|
|poke|p1|Slowbro-Galar, M|
|poke|p1|Iron Hands|
|poke|p1|Kingambit, M|
|poke|p1|Enamorus-Therian, F|
|poke|p2|Latios, M|
|poke|p2|Cinderace, M|
|poke|p2|Weavile, F|
|poke|p2|Zapdos|
|poke|p2|Clefable, M|
|poke|p2|Slowking-Galar, M|
|teampreview
|inactive|Battle timer is ON: inactive players will automatically lose when time's up. (requested by sminey)
|
|t:|1757787232
|teamsize|p1|6
|teamsize|p2|6
|start
|switch|p1a: Grimmsnarl|Grimmsnarl, M|100/100
|switch|p2a: Weavile|Weavile, F|100/100
|-ability|p2a: Weavile|Pressure
|turn|1
|
|t:|1757787244
|move|p1a: Grimmsnarl|Reflect|p1a: Grimmsnarl
|-sidestart|p1: LVL62Monoco|Reflect
|move|p2a: Weavile|Swords Dance|p2a: Weavile
|-boost|p2a: Weavile|atk|2
|
|upkeep
|turn|2
|inactive|LVL62Monoco has 120 seconds left.
|
|t:|1757787277
|move|p2a: Weavile|Swords Dance|p2a: Weavile
|-boost|p2a: Weavile|atk|2
|move|p1a: Grimmsnarl|Spirit Break|p2a: Weavile
|-supereffective|p2a: Weavile
|-damage|p2a: Weavile|0 fnt
|faint|p2a: Weavile
|
|upkeep
|
|t:|1757787286
|switch|p2a: Cinderace|Cinderace, M|100/100
|turn|3
|
|t:|1757787291
|move|p1a: Grimmsnarl|Parting Shot|p2a: Cinderace
|-unboost|p2a: Cinderace|atk|1
|-unboost|p2a: Cinderace|spa|1
|
|t:|1757787299
|switch|p1a: Ursaluna|Ursaluna, F|100/100|[from] Parting Shot
|move|p2a: Cinderace|Pyro Ball|p1a: Ursaluna
|-damage|p1a: Ursaluna|86/100
|
|upkeep
|turn|4
|c|☆sminey|wow really thought you wouldn't have spirit break on a trick room team
|
|t:|1757787308
|move|p2a: Cinderace|U-turn|p1a: Ursaluna
|-start|p2a: Cinderace|typechange|Bug|[from] ability: Libero
|-damage|p1a: Ursaluna|79/100
|c|☆LVL62Monoco|who said it was trick room
|c|☆sminey|unless its not trick room
|
|t:|1757787327
|switch|p2a: Clefable|Clefable, M|100/100|[from] U-turn
|move|p1a: Ursaluna|Swords Dance|p1a: Ursaluna
|-boost|p1a: Ursaluna|atk|2
|
|upkeep
|turn|5
|
|t:|1757787337
|-terastallize|p1a: Ursaluna|Normal
|move|p2a: Clefable|Moonblast|p1a: Ursaluna
|-damage|p1a: Ursaluna|51/100
|move|p1a: Ursaluna|Headlong Rush|p2a: Clefable
|-damage|p2a: Clefable|46/100
|-unboost|p1a: Ursaluna|def|1
|-unboost|p1a: Ursaluna|spd|1
|
|upkeep
|turn|6
|
|t:|1757787349
|move|p2a: Clefable|Moonlight|p2a: Clefable
|-heal|p2a: Clefable|96/100
|move|p1a: Ursaluna|Headlong Rush|p2a: Clefable
|-damage|p2a: Clefable|44/100
|-unboost|p1a: Ursaluna|def|1
|-unboost|p1a: Ursaluna|spd|1
|
|upkeep
|turn|7
|
|t:|1757787357
|move|p2a: Clefable|Moonlight|p2a: Clefable
|-heal|p2a: Clefable|94/100
|move|p1a: Ursaluna|Headlong Rush|p2a: Clefable
|-damage|p2a: Clefable|35/100
|-unboost|p1a: Ursaluna|def|1
|-unboost|p1a: Ursaluna|spd|1
|
|upkeep
|turn|8
|
|t:|1757787364
|move|p2a: Clefable|Moonlight|p2a: Clefable
|-heal|p2a: Clefable|85/100
|move|p1a: Ursaluna|Headlong Rush|p2a: Clefable
|-damage|p2a: Clefable|31/100
|-unboost|p1a: Ursaluna|def|1
|-unboost|p1a: Ursaluna|spd|1
|
|-sideend|p1: LVL62Monoco|Reflect
|upkeep
|turn|9
|-activate|p1a: Ursaluna|item: Quick Claw
|
|t:|1757787372
|switch|p2a: Zapdos|Zapdos|100/100
|move|p1a: Ursaluna|Facade|p2a: Zapdos
|-damage|p2a: Zapdos|14/100
|
|upkeep
|turn|10
|
|t:|1757787384
|switch|p1a: Grimmsnarl|Grimmsnarl, M|100/100
|move|p2a: Zapdos|Hurricane|p1a: Grimmsnarl
|-damage|p1a: Grimmsnarl|52/100
|
|upkeep
|turn|11
|
|t:|1757787391
|move|p1a: Grimmsnarl|Light Screen|p1a: Grimmsnarl
|-sidestart|p1: LVL62Monoco|move: Light Screen
|move|p2a: Zapdos|Roost|p2a: Zapdos
|-heal|p2a: Zapdos|64/100
|-singleturn|p2a: Zapdos|move: Roost
|
|upkeep
|turn|12
|
|t:|1757787397
|move|p1a: Grimmsnarl|Reflect|p1a: Grimmsnarl
|-sidestart|p1: LVL62Monoco|Reflect
|move|p2a: Zapdos|Roost|p2a: Zapdos
|-heal|p2a: Zapdos|100/100
|-singleturn|p2a: Zapdos|move: Roost
|
|upkeep
|turn|13
|
|t:|1757787403
|move|p1a: Grimmsnarl|Parting Shot|p2a: Zapdos
|-unboost|p2a: Zapdos|atk|1
|-unboost|p2a: Zapdos|spa|1
|
|t:|1757787406
|switch|p1a: Ursaluna|Ursaluna, F, tera:Normal|51/100|[from] Parting Shot
|move|p2a: Zapdos|Thunder Wave|p1a: Ursaluna
|-status|p1a: Ursaluna|par
|
|upkeep
|turn|14
|-activate|p1a: Ursaluna|item: Quick Claw
|
|t:|1757787413
|cant|p1a: Ursaluna|par
|move|p2a: Zapdos|Hurricane|p1a: Ursaluna
|-damage|p1a: Ursaluna|39/100 par
|-start|p1a: Ursaluna|confusion
|
|upkeep
|turn|15
|-activate|p1a: Ursaluna|item: Quick Claw
|
|t:|1757787419
|-activate|p1a: Ursaluna|confusion
|-damage|p1a: Ursaluna|28/100 par|[from] confusion
|move|p2a: Zapdos|Hurricane|p1a: Ursaluna
|-damage|p1a: Ursaluna|13/100 par
|
|upkeep
|turn|16
|c|☆LVL62Monoco|fuck
|
|t:|1757787427
|move|p2a: Zapdos|Hurricane|p1a: Ursaluna
|-damage|p1a: Ursaluna|0 fnt
|faint|p1a: Ursaluna
|
|upkeep
|
|t:|1757787440
|switch|p1a: Iron Hands|Iron Hands|100/100
|turn|17
|
|t:|1757787443
|move|p2a: Zapdos|Volt Switch|p1a: Iron Hands
|-resisted|p1a: Iron Hands
|-damage|p1a: Iron Hands|96/100
|
|t:|1757787449
|switch|p2a: Clefable|Clefable, M|31/100|[from] Volt Switch
|move|p1a: Iron Hands|Swords Dance|p1a: Iron Hands
|-boost|p1a: Iron Hands|atk|2
|
|upkeep
|turn|18
|
|t:|1757787456
|move|p2a: Clefable|Moonlight|p2a: Clefable
|-heal|p2a: Clefable|81/100
|move|p1a: Iron Hands|Wild Charge|p2a: Clefable
|-damage|p2a: Clefable|42/100
|-damage|p1a: Iron Hands|88/100|[from] Recoil
|
|-sideend|p1: LVL62Monoco|move: Light Screen
|upkeep
|turn|19
|
|t:|1757787466
|-end|p1a: Iron Hands|Quark Drive|[silent]
|switch|p1a: Slowbro|Slowbro-Galar, M|100/100
|move|p2a: Clefable|Moonlight|p2a: Clefable
|-heal|p2a: Clefable|92/100
|
|-sideend|p1: LVL62Monoco|Reflect
|upkeep
|turn|20
|-activate|p1a: Slowbro|ability: Quick Draw
|
|t:|1757787474
|switch|p2a: Slowking|Slowking-Galar, M|100/100
|move|p1a: Slowbro|Sludge Bomb|p2a: Slowking
|-resisted|p2a: Slowking
|-damage|p2a: Slowking|92/100
|
|upkeep
|turn|21
|
|t:|1757787483
|move|p2a: Slowking|Flamethrower|p1a: Slowbro
|-damage|p1a: Slowbro|72/100
|-status|p1a: Slowbro|brn
|move|p1a: Slowbro|Psyshock|p2a: Slowking
|-damage|p2a: Slowking|50/100
|
|-damage|p1a: Slowbro|65/100 brn|[from] brn
|upkeep
|turn|22
|-activate|p1a: Slowbro|item: Quick Claw
|
|t:|1757787497
|switch|p2a: Zapdos|Zapdos|100/100
|move|p1a: Slowbro|Psyshock|p2a: Zapdos
|-damage|p2a: Zapdos|74/100
|
|-damage|p1a: Slowbro|59/100 brn|[from] brn
|upkeep
|turn|23
|
|t:|1757787507
|move|p2a: Zapdos|Volt Switch|p1a: Slowbro
|-damage|p1a: Slowbro|25/100 brn
|
|t:|1757787511
|switch|p2a: Slowking|Slowking-Galar, M|83/100|[from] Volt Switch
|move|p1a: Slowbro|Ice Beam|p2a: Slowking
|-damage|p2a: Slowking|72/100
|
|-damage|p1a: Slowbro|19/100 brn|[from] brn
|upkeep
|turn|24
|
|t:|1757787523
|switch|p2a: Zapdos|Zapdos|74/100
|switch|p1a: Grimmsnarl|Grimmsnarl, M|52/100
|
|upkeep
|turn|25
|
|t:|1757787529
|move|p1a: Grimmsnarl|Light Screen|p1a: Grimmsnarl
|-sidestart|p1: LVL62Monoco|move: Light Screen
|move|p2a: Zapdos|Thunder Wave|p1a: Grimmsnarl
|-status|p1a: Grimmsnarl|par
|
|upkeep
|turn|26
|
|t:|1757787534
|move|p1a: Grimmsnarl|Parting Shot|p2a: Zapdos
|-unboost|p2a: Zapdos|atk|1
|-unboost|p2a: Zapdos|spa|1
|
|t:|1757787538
|switch|p1a: Iron Hands|Iron Hands|88/100|[from] Parting Shot
|move|p2a: Zapdos|Hurricane|p1a: Iron Hands
|-damage|p1a: Iron Hands|75/100
|
|upkeep
|turn|27
|
|t:|1757787545
|move|p2a: Zapdos|Volt Switch|p1a: Iron Hands
|-resisted|p1a: Iron Hands
|-damage|p1a: Iron Hands|71/100
|
|t:|1757787548
|switch|p2a: Clefable|Clefable, M|92/100|[from] Volt Switch
|move|p1a: Iron Hands|Wild Charge|p2a: Clefable
|-damage|p2a: Clefable|50/100
|-damage|p1a: Iron Hands|63/100|[from] Recoil
|
|upkeep
|turn|28
|
|t:|1757787555
|move|p2a: Clefable|Moonlight|p2a: Clefable
|-heal|p2a: Clefable|100/100
|move|p1a: Iron Hands|Wild Charge|p2a: Clefable
|-damage|p2a: Clefable|60/100
|-damage|p1a: Iron Hands|55/100|[from] Recoil
|
|upkeep
|turn|29
|
|t:|1757787563
|-end|p1a: Iron Hands|Quark Drive|[silent]
|switch|p1a: Kingambit|Kingambit, M|100/100
|-activate|p1a: Kingambit|ability: Supreme Overlord
|-start|p1a: Kingambit|fallen1|[silent]
|move|p2a: Clefable|Moonblast|p1a: Kingambit
|-crit|p1a: Kingambit
|-damage|p1a: Kingambit|56/100
|
|upkeep
|turn|30
|
|t:|1757787578
|switch|p2a: Cinderace|Cinderace, M|100/100
|move|p1a: Kingambit|Swords Dance|p1a: Kingambit
|-boost|p1a: Kingambit|atk|2
|
|upkeep
|turn|31
|-activate|p1a: Kingambit|item: Quick Claw
|
|t:|1757787586
|move|p2a: Cinderace|Sucker Punch|p1a: Kingambit
|-start|p2a: Cinderace|typechange|Dark|[from] ability: Libero
|-resisted|p1a: Kingambit
|-damage|p1a: Kingambit|44/100
|move|p1a: Kingambit|Kowtow Cleave|p2a: Cinderace
|-resisted|p2a: Cinderace
|-damage|p2a: Cinderace|18/100
|
|upkeep
|turn|32
|
|t:|1757787598
|move|p2a: Cinderace|Pyro Ball|p1a: Kingambit
|-supereffective|p1a: Kingambit
|-damage|p1a: Kingambit|0 fnt
|faint|p1a: Kingambit
|-end|p1a: Kingambit|fallen1|[silent]
|
|-sideend|p1: LVL62Monoco|move: Light Screen
|upkeep
|
|t:|1757787603
|switch|p1a: Grimmsnarl|Grimmsnarl, M|52/100 par
|turn|33
|
|t:|1757787613
|cant|p1a: Grimmsnarl|par
|move|p2a: Cinderace|U-turn|p1a: Grimmsnarl
|-damage|p1a: Grimmsnarl|35/100 par
|c|☆LVL62Monoco|p sure you won
|
|t:|1757787625
|switch|p2a: Slowking|Slowking-Galar, M|100/100|[from] U-turn
|
|upkeep
|turn|34
|
|t:|1757787629
|move|p1a: Grimmsnarl|Light Screen|p1a: Grimmsnarl
|-sidestart|p1: LVL62Monoco|move: Light Screen
|move|p2a: Slowking|Sludge Bomb|p1a: Grimmsnarl
|-supereffective|p1a: Grimmsnarl
|-damage|p1a: Grimmsnarl|0 fnt
|faint|p1a: Grimmsnarl
|
|upkeep
|
|t:|1757787636
|switch|p1a: Enamorus|Enamorus-Therian, F|100/100
|turn|35
|
|t:|1757787641
|move|p1a: Enamorus|Calm Mind|p1a: Enamorus
|-boost|p1a: Enamorus|spa|1
|-boost|p1a: Enamorus|spd|1
|move|p2a: Slowking|Sludge Bomb|p1a: Enamorus
|-supereffective|p1a: Enamorus
|-damage|p1a: Enamorus|79/100
|
|upkeep
|turn|36
|-activate|p1a: Enamorus|item: Quick Claw
|
|t:|1757787648
|switch|p2a: Clefable|Clefable, M|60/100
|move|p1a: Enamorus|Calm Mind|p1a: Enamorus
|-boost|p1a: Enamorus|spa|1
|-boost|p1a: Enamorus|spd|1
|
|upkeep
|turn|37
|
|t:|1757787655
|move|p2a: Clefable|Calm Mind|p2a: Clefable
|-boost|p2a: Clefable|spa|1
|-boost|p2a: Clefable|spd|1
|move|p1a: Enamorus|Mystical Fire|p2a: Clefable
|-damage|p2a: Clefable|43/100
|-unboost|p2a: Clefable|spa|1
|
|upkeep
|turn|38
|
|t:|1757787663
|move|p2a: Clefable|Moonlight|p2a: Clefable
|-heal|p2a: Clefable|93/100
|move|p1a: Enamorus|Mystical Fire|p2a: Clefable
|-damage|p2a: Clefable|76/100
|-unboost|p2a: Clefable|spa|1
|
|upkeep
|turn|39
|-activate|p1a: Enamorus|item: Quick Claw
|
|t:|1757787670
|move|p1a: Enamorus|Mystical Fire|p2a: Clefable
|-damage|p2a: Clefable|56/100
|-unboost|p2a: Clefable|spa|1
|move|p2a: Clefable|Calm Mind|p2a: Clefable
|-boost|p2a: Clefable|spa|1
|-boost|p2a: Clefable|spd|1
|
|upkeep
|turn|40
|
|t:|1757787678
|move|p2a: Clefable|Calm Mind|p2a: Clefable
|-boost|p2a: Clefable|spa|1
|-boost|p2a: Clefable|spd|1
|move|p1a: Enamorus|Moonblast|p2a: Clefable
|-damage|p2a: Clefable|34/100
|
|upkeep
|turn|41
|-activate|p1a: Enamorus|item: Quick Claw
|
|t:|1757787688
|move|p1a: Enamorus|Moonblast|p2a: Clefable
|-damage|p2a: Clefable|14/100
|-unboost|p2a: Clefable|spa|1
|move|p2a: Clefable|Moonlight|p2a: Clefable
|-heal|p2a: Clefable|64/100
|
|-sideend|p1: LVL62Monoco|move: Light Screen
|upkeep
|turn|42
|
|t:|1757787699
|move|p2a: Clefable|Moonblast|p1a: Enamorus
|-damage|p1a: Enamorus|60/100
|move|p1a: Enamorus|Mystical Fire|p2a: Clefable
|-damage|p2a: Clefable|53/100
|-unboost|p2a: Clefable|spa|1
|
|upkeep
|turn|43
|
|t:|1757787708
|move|p2a: Clefable|Knock Off|p1a: Enamorus
|-resisted|p1a: Enamorus
|-damage|p1a: Enamorus|53/100
|-enditem|p1a: Enamorus|Quick Claw|[from] move: Knock Off|[of] p2a: Clefable
|move|p1a: Enamorus|Mystical Fire|p2a: Clefable
|-damage|p2a: Clefable|41/100
|-unboost|p2a: Clefable|spa|1
|
|upkeep
|turn|44
|
|t:|1757787716
|move|p2a: Clefable|Moonblast|p1a: Enamorus
|-damage|p1a: Enamorus|40/100
|move|p1a: Enamorus|Mystical Fire|p2a: Clefable
|-damage|p2a: Clefable|30/100
|-unboost|p2a: Clefable|spa|1
|
|upkeep
|turn|45
|
|t:|1757787727
|move|p2a: Clefable|Moonblast|p1a: Enamorus
|-damage|p1a: Enamorus|31/100
|-unboost|p1a: Enamorus|spa|1
|move|p1a: Enamorus|Moonblast|p2a: Clefable
|-damage|p2a: Clefable|9/100
|
|upkeep
|turn|46
|
|t:|1757787736
|switch|p1a: Iron Hands|Iron Hands|55/100
|move|p2a: Clefable|Moonblast|p1a: Iron Hands
|-supereffective|p1a: Iron Hands
|-damage|p1a: Iron Hands|35/100
|
|upkeep
|turn|47
|
|t:|1757787743
|move|p2a: Clefable|Moonblast|p1a: Iron Hands
|-supereffective|p1a: Iron Hands
|-damage|p1a: Iron Hands|16/100
|move|p1a: Iron Hands|Wild Charge|p2a: Clefable
|-damage|p2a: Clefable|0 fnt
|faint|p2a: Clefable
|-damage|p1a: Iron Hands|14/100|[from] Recoil
|
|upkeep
|
|t:|1757787750
|switch|p2a: Latios|Latios, M|100/100
|turn|48
|
|t:|1757787753
|move|p2a: Latios|Luster Purge|p1a: Iron Hands
|-supereffective|p1a: Iron Hands
|-damage|p1a: Iron Hands|0 fnt
|faint|p1a: Iron Hands
|-end|p1a: Iron Hands|Quark Drive|[silent]
|
|upkeep
|
|t:|1757787759
|switch|p1a: Slowbro|Slowbro-Galar, M|19/100 brn
|turn|49
|
|t:|1757787762
|switch|p1a: Enamorus|Enamorus-Therian, F|31/100
|-terastallize|p2a: Latios|Steel
|move|p2a: Latios|Luster Purge|p1a: Enamorus
|-damage|p1a: Enamorus|0 fnt
|faint|p1a: Enamorus
|
|upkeep
|c|☆LVL62Monoco|gg
|c|☆sminey|gg
|-message|LVL62Monoco forfeited.
|
|win|sminey
|raw|LVL62Monoco's rating: 1467 &rarr; <strong>1449</strong><br />(-18 for losing)
|raw|sminey's rating: 1510 &rarr; <strong>1528</strong><br />(+18 for winning)
|l|☆LVL62Monoco
|player|p1|
|l|☆sminey
|player|p2|
