|j|☆TestAccount619
|j|☆zticma
|t:|1757912911
|gametype|singles
|player|p1|TestAccount619|170|1215
|player|p2|zticma|101|1234
|gen|9
|tier|[Gen 9] OU
|rated|
|rule|HP Percentage Mod: HP is shown in percentages
|rule|Endless Battle Clause: Forcing endless battles is banned
|rule|Species Clause: Limit one of each Pokémon
|rule|OHKO Clause: OHKO moves are banned
|rule|Evasion Items Clause: Evasion items are banned
|rule|Evasion Moves Clause: Evasion moves are banned
|rule|Evasion Abilities Clause: Evasion abilities are banned
|rule|Sleep Moves Clause: Sleep-inducing moves are banned
|clearpoke
|poke|p1|Fezandipiti, M|
|poke|p1|Magnezone|
|poke|p1|Zapdos|
|poke|p1|Dragapult, M|
|poke|p1|Cinderace, M|
|poke|p1|Iron Valiant|
|poke|p2|Slowking, M|
|poke|p2|Great Tusk|
|poke|p2|Raging Bolt|
|poke|p2|Rillaboom, F|
|poke|p2|Enamorus, F|
|poke|p2|Pecharunt|
|teampreview
|inactive|Battle timer is ON: inactive players will automatically lose when time's up. (requested by zticma)
|
|t:|1757912922
|teamsize|p1|6
|teamsize|p2|6
|start
|switch|p1a: Zapdos|Zapdos, shiny|100/100
|switch|p2a: Slowking|Slowking, M, shiny|100/100
|turn|1
|
|t:|1757912928
|move|p1a: Zapdos|Discharge|p2a: Slowking
|-supereffective|p2a: Slowking
|-damage|p2a: Slowking|64/100
|-status|p2a: Slowking|par
|move|p2a: Slowking|Future Sight|p1a: Zapdos
|-start|p2a: Slowking|move: Future Sight
|
|upkeep
|turn|2
|
|t:|1757912937
|move|p1a: Zapdos|Volt Switch|p2a: Slowking
|-supereffective|p2a: Slowking
|-damage|p2a: Slowking|31/100 par
|
|t:|1757912943
|switch|p1a: Fezandipiti|Fezandipiti, M|100/100|[from] Volt Switch
|-prepare|p2a: Slowking|Chilly Reception|[premajor]
|move|p2a: Slowking|Chilly Reception|p2a: Slowking
|-weather|Snowscape
|
|t:|1757912952
|switch|p2a: Pecharunt|Pecharunt|100/100|[from] Chilly Reception
|
|-weather|Snowscape|[upkeep]
|upkeep
|turn|3
|
|t:|1757912960
|-terastallize|p1a: Fezandipiti|Dark
|move|p1a: Fezandipiti|Beat Up|p2a: Pecharunt
|-supereffective|p2a: Pecharunt
|-damage|p2a: Pecharunt|95/100
|-supereffective|p2a: Pecharunt
|-damage|p2a: Pecharunt|90/100
|-supereffective|p2a: Pecharunt
|-damage|p2a: Pecharunt|84/100
|-supereffective|p2a: Pecharunt
|-damage|p2a: Pecharunt|79/100
|-supereffective|p2a: Pecharunt
|-crit|p2a: Pecharunt
|-damage|p2a: Pecharunt|68/100
|-supereffective|p2a: Pecharunt
|-damage|p2a: Pecharunt|61/100
|-hitcount|p2a: Pecharunt|6
|move|p2a: Pecharunt|Parting Shot|p1a: Fezandipiti
|-unboost|p1a: Fezandipiti|atk|1
|-unboost|p1a: Fezandipiti|spa|1
|
|t:|1757912975
|switch|p2a: Enamorus|Enamorus, F|100/100|[from] Parting Shot
|
|-weather|Snowscape|[upkeep]
|-end|p1a: Fezandipiti|move: Future Sight
|-immune|p1a: Fezandipiti
|upkeep
|turn|4
|
|t:|1757912990
|switch|p1a: Dragapult|Dragapult, M|100/100
|move|p2a: Enamorus|Moonblast|p1a: Dragapult
|-supereffective|p1a: Dragapult
|-damage|p1a: Dragapult|0 fnt
|faint|p1a: Dragapult
|
|-weather|Snowscape|[upkeep]
|upkeep
|
|t:|1757912995
|switch|p1a: Magnezone|Magnezone|100/100
|turn|5
|
|t:|1757912998
|switch|p2a: Great Tusk|Great Tusk|100/100
|move|p1a: Magnezone|Thunderbolt|p2a: Great Tusk
|-immune|p2a: Great Tusk
|
|-weather|Snowscape|[upkeep]
|upkeep
|turn|6
|
|t:|1757913005
|switch|p1a: Zapdos|Zapdos, shiny|100/100
|move|p2a: Great Tusk|Stealth Rock|p1a: Zapdos
|-sidestart|p1: TestAccount619|move: Stealth Rock
|
|-weather|none
|upkeep
|turn|7
|
|t:|1757913011
|-end|p2a: Great Tusk|Protosynthesis|[silent]
|switch|p2a: Rillaboom|Rillaboom, F|100/100
|-fieldstart|move: Grassy Terrain|[from] ability: Grassy Surge|[of] p2a: Rillaboom
|move|p1a: Zapdos|Heat Wave|p2a: Rillaboom
|-supereffective|p2a: Rillaboom
|-damage|p2a: Rillaboom|32/100
|
|-heal|p2a: Rillaboom|38/100|[from] Grassy Terrain
|upkeep
|turn|8
|
|t:|1757913018
|switch|p2a: Raging Bolt|Raging Bolt|100/100
|move|p1a: Zapdos|Heat Wave|p2a: Raging Bolt
|-resisted|p2a: Raging Bolt
|-damage|p2a: Raging Bolt|89/100
|
|-heal|p2a: Raging Bolt|95/100|[from] Grassy Terrain
|upkeep
|turn|9
|
|t:|1757913028
|switch|p1a: Magnezone|Magnezone|100/100
|-damage|p1a: Magnezone|94/100|[from] Stealth Rock
|move|p2a: Raging Bolt|Volt Switch|p1a: Magnezone
|-resisted|p1a: Magnezone
|-damage|p1a: Magnezone|70/100
|
|t:|1757913035
|-end|p2a: Raging Bolt|Protosynthesis|[silent]
|switch|p2a: Enamorus|Enamorus, F|100/100|[from] Volt Switch
|
|-heal|p1a: Magnezone|76/100|[from] Grassy Terrain
|upkeep
|turn|10
|
|t:|1757913042
|move|p2a: Enamorus|Earth Power|p1a: Magnezone
|-supereffective|p1a: Magnezone
|-crit|p1a: Magnezone
|-damage|p1a: Magnezone|0 fnt
|faint|p1a: Magnezone
|
|upkeep
|
|t:|1757913051
|switch|p1a: Fezandipiti|Fezandipiti, M, tera:Dark|100/100
|turn|11
|
|t:|1757913057
|switch|p2a: Pecharunt|Pecharunt|61/100
|move|p1a: Fezandipiti|Play Rough|p2a: Pecharunt
|-resisted|p2a: Pecharunt
|-damage|p2a: Pecharunt|53/100
|-damage|p1a: Fezandipiti|84/100|[from] item: Rocky Helmet|[of] p2a: Pecharunt
|
|-heal|p1a: Fezandipiti|90/100|[from] Grassy Terrain
|-heal|p2a: Pecharunt|59/100|[from] Grassy Terrain
|-fieldend|move: Grassy Terrain
|upkeep
|turn|12
|
|t:|1757913074
|switch|p1a: Cinderace|Cinderace, M|100/100
|move|p2a: Pecharunt|Recover|p2a: Pecharunt
|-heal|p2a: Pecharunt|100/100
|
|upkeep
|turn|13
|
|t:|1757913080
|move|p1a: Cinderace|Sucker Punch|p2a: Pecharunt
|-start|p1a: Cinderace|typechange|Dark|[from] ability: Libero
|-supereffective|p2a: Pecharunt
|-damage|p2a: Pecharunt|62/100
|-damage|p1a: Cinderace|84/100|[from] item: Rocky Helmet|[of] p2a: Pecharunt
|move|p2a: Pecharunt|Malignant Chain|p1a: Cinderace
|-damage|p1a: Cinderace|36/100
|-status|p1a: Cinderace|tox
|-start|p1a: Cinderace|confusion|[from] ability: Poison Puppeteer|[of] p2a: Pecharunt
|
|-damage|p1a: Cinderace|30/100 tox|[from] psn
|upkeep
|turn|14
|-message|TestAccount619 forfeited.
|
|win|zticma
|raw|TestAccount619's rating: 1215 &rarr; <strong>1191</strong><br />(-24 for losing)
|raw|zticma's rating: 1234 &rarr; <strong>1258</strong><br />(+24 for winning)
|l|☆TestAccount619
|player|p1|
|l|☆zticma
|player|p2|
