|j|☆SirToppinIIEsquire
|j|☆matougris
|t:|1757927526
|gametype|singles
|player|p1|SirToppinIIEsquire|101|1438
|player|p2|matougris|cameraman|1446
|gen|9
|tier|[Gen 9] OU
|rated|
|rule|HP Percentage Mod: HP is shown in percentages
|rule|Endless Battle Clause: Forcing endless battles is banned
|rule|Species Clause: Limit one of each Pokémon
|rule|OHKO Clause: OHKO moves are banned
|rule|Evasion Items Clause: Evasion items are banned
|rule|Evasion Moves Clause: Evasion moves are banned
|rule|Evasion Abilities Clause: Evasion abilities are banned
|rule|Sleep Moves Clause: Sleep-inducing moves are banned
|clearpoke
|poke|p1|Heatran, F|
|poke|p1|Slither Wing|
|poke|p1|Moltres-Galar|
|poke|p1|Iron Treads|
|poke|p1|Slowking, M|
|poke|p1|Ogerpon, F|
|poke|p2|Torkoal, M|
|poke|p2|Walking Wake|
|poke|p2|Iron Moth|
|poke|p2|Kingambit, F|
|poke|p2|Lilligant-Hisui, F|
|poke|p2|Great Tusk|
|teampreview
|inactive|Battle timer is ON: inactive players will automatically lose when time's up. (requested by SirToppinIIEsquire)
|
|t:|1757927549
|teamsize|p1|6
|teamsize|p2|6
|start
|switch|p1a: Slowking|Slowking, M|100/100
|switch|p2a: tapfort 1|Great Tusk, shiny|100/100
|turn|1
|
|t:|1757927559
|-end|p2a: tapfort 1|Protosynthesis|[silent]
|switch|p2a: frapfort 2|Kingambit, F, shiny|100/100
|move|p1a: Slowking|Scald|p2a: frapfort 2
|-damage|p2a: frapfort 2|73/100
|
|-heal|p2a: frapfort 2|79/100|[from] item: Leftovers
|upkeep
|turn|2
|
|t:|1757927567
|switch|p1a: Slither Wing|Slither Wing|100/100
|move|p2a: frapfort 2|Sucker Punch||[still]
|-fail|p2a: frapfort 2
|
|-heal|p2a: frapfort 2|85/100|[from] item: Leftovers
|upkeep
|turn|3
|
|t:|1757927577
|-end|p2a: frapfort 2|fallenundefined|[silent]
|switch|p2a: here comes the|Torkoal, M, shiny|100/100
|-weather|SunnyDay|[from] ability: Drought|[of] p2a: here comes the
|-activate|p1a: Slither Wing|ability: Protosynthesis
|-start|p1a: Slither Wing|protosynthesisatk
|move|p1a: Slither Wing|U-turn|p2a: here comes the
|-resisted|p2a: here comes the
|-damage|p2a: here comes the|85/100
|
|t:|1757927584
|-end|p1a: Slither Wing|Protosynthesis|[silent]
|switch|p1a: Heatran|Heatran, F|100/100|[from] U-turn
|
|-weather|SunnyDay|[upkeep]
|upkeep
|turn|4
|
|t:|1757927597
|switch|p2a: long queue|Walking Wake|100/100
|-activate|p2a: long queue|ability: Protosynthesis
|-start|p2a: long queue|protosynthesisspe
|move|p1a: Heatran|Magma Storm|p2a: long queue
|-resisted|p2a: long queue
|-damage|p2a: long queue|77/100
|-activate|p2a: long queue|move: Magma Storm|[of] p1a: Heatran
|
|-weather|SunnyDay|[upkeep]
|-damage|p2a: long queue|64/100|[from] move: Magma Storm|[partiallytrapped]
|upkeep
|turn|5
|
|t:|1757927612
|switch|p1a: Slowking|Slowking, M|100/100
|move|p2a: long queue|Hydro Steam|p1a: Slowking
|-resisted|p1a: Slowking
|-damage|p1a: Slowking|78/100
|-damage|p2a: long queue|54/100|[from] item: Life Orb
|
|-weather|SunnyDay|[upkeep]
|-end|p2a: long queue|Magma Storm|[partiallytrapped]|[silent]
|upkeep
|turn|6
|
|t:|1757927623
|move|p2a: long queue|Dragon Pulse|p1a: Slowking
|-damage|p1a: Slowking|47/100
|-damage|p2a: long queue|45/100|[from] item: Life Orb
|-prepare|p1a: Slowking|Chilly Reception|[premajor]
|move|p1a: Slowking|Chilly Reception|p1a: Slowking
|-weather|Snowscape
|-end|p2a: long queue|Protosynthesis
|
|t:|1757927629
|switch|p1a: Ogerpon|Ogerpon, F|100/100|[from] Chilly Reception
|
|-weather|Snowscape|[upkeep]
|upkeep
|turn|7
|
|t:|1757927649
|-end|p2a: long queue|Protosynthesis|[silent]
|switch|p2a: streapteaseuse|Lilligant-Hisui, F, shiny|100/100
|move|p1a: Ogerpon|Knock Off|p2a: streapteaseuse
|-resisted|p2a: streapteaseuse
|-damage|p2a: streapteaseuse|66/100
|-enditem|p2a: streapteaseuse|Life Orb|[from] move: Knock Off|[of] p1a: Ogerpon
|
|-weather|Snowscape|[upkeep]
|upkeep
|turn|8
|
|t:|1757927657
|switch|p1a: Slither Wing|Slither Wing|100/100
|move|p2a: streapteaseuse|Ice Spinner|p1a: Slither Wing
|-damage|p1a: Slither Wing|81/100
|
|-weather|Snowscape|[upkeep]
|upkeep
|turn|9
|
|t:|1757927664
|switch|p2a: frapfort 2|Kingambit, F, shiny|85/100
|move|p1a: Slither Wing|U-turn|p2a: frapfort 2
|-damage|p2a: frapfort 2|61/100
|
|t:|1757927674
|-end|p1a: Slither Wing|Protosynthesis|[silent]
|switch|p1a: Ogerpon|Ogerpon, F|100/100|[from] U-turn
|
|-weather|Snowscape|[upkeep]
|-heal|p2a: frapfort 2|67/100|[from] item: Leftovers
|upkeep
|turn|10
|
|t:|1757927696
|move|p1a: Ogerpon|Low Kick|p2a: frapfort 2
|-supereffective|p2a: frapfort 2
|-damage|p2a: frapfort 2|0 fnt
|faint|p2a: frapfort 2
|-end|p2a: frapfort 2|fallenundefined|[silent]
|
|-weather|none
|upkeep
|
|t:|1757927699
|switch|p2a: here comes the|Torkoal, M, shiny|85/100
|-weather|SunnyDay|[from] ability: Drought|[of] p2a: here comes the
|turn|11
|
|t:|1757927707
|switch|p1a: Slowking|Slowking, M|80/100
|switch|p2a: streapteaseuse|Lilligant-Hisui, F, shiny|66/100
|
|-weather|SunnyDay|[upkeep]
|upkeep
|turn|12
|
|t:|1757927714
|switch|p1a: Slither Wing|Slither Wing|81/100
|-activate|p1a: Slither Wing|ability: Protosynthesis
|-start|p1a: Slither Wing|protosynthesisatk
|move|p2a: streapteaseuse|Solar Blade||[still]
|-prepare|p2a: streapteaseuse|Solar Blade
|-anim|p2a: streapteaseuse|Solar Blade|p1a: Slither Wing
|-resisted|p1a: Slither Wing
|-damage|p1a: Slither Wing|57/100
|
|-weather|SunnyDay|[upkeep]
|upkeep
|turn|13
|
|t:|1757927733
|-terastallize|p2a: streapteaseuse|Grass
|move|p1a: Slither Wing|First Impression|p2a: streapteaseuse
|-supereffective|p2a: streapteaseuse
|-damage|p2a: streapteaseuse|0 fnt
|faint|p2a: streapteaseuse
|
|-weather|SunnyDay|[upkeep]
|upkeep
|
|t:|1757927740
|switch|p2a: long queue|Walking Wake|45/100
|-activate|p2a: long queue|ability: Protosynthesis
|-start|p2a: long queue|protosynthesisspe
|turn|14
|
|t:|1757927745
|-end|p1a: Slither Wing|Protosynthesis|[silent]
|switch|p1a: Slowking|Slowking, M|100/100
|move|p2a: long queue|Dragon Pulse|p1a: Slowking
|-damage|p1a: Slowking|66/100
|-damage|p2a: long queue|35/100|[from] item: Life Orb
|
|-weather|SunnyDay|[upkeep]
|upkeep
|turn|15
|
|t:|1757927748
|move|p2a: long queue|Draco Meteor|p1a: Slowking
|-damage|p1a: Slowking|18/100
|-unboost|p2a: long queue|spa|2
|-damage|p2a: long queue|25/100|[from] item: Life Orb
|-prepare|p1a: Slowking|Chilly Reception|[premajor]
|move|p1a: Slowking|Chilly Reception|p1a: Slowking
|-weather|Snowscape
|-end|p2a: long queue|Protosynthesis
|
|t:|1757927751
|switch|p1a: Ogerpon|Ogerpon, F|100/100|[from] Chilly Reception
|
|-weather|Snowscape|[upkeep]
|upkeep
|turn|16
|
|t:|1757927755
|move|p1a: Ogerpon|U-turn|p2a: long queue
|-damage|p2a: long queue|0 fnt
|faint|p2a: long queue
|-end|p2a: long queue|Protosynthesis|[silent]
|
|t:|1757927757
|switch|p1a: Slowking|Slowking, M|51/100|[from] U-turn
|
|-weather|Snowscape|[upkeep]
|upkeep
|
|t:|1757927764
|switch|p2a: tapfort 1|Great Tusk, shiny|100/100
|turn|17
|
|t:|1757927779
|switch|p1a: Slither Wing|Slither Wing|57/100
|move|p2a: tapfort 1|Rapid Spin|p1a: Slither Wing
|-damage|p1a: Slither Wing|38/100
|-boost|p2a: tapfort 1|spe|1
|-damage|p2a: tapfort 1|91/100|[from] item: Life Orb
|
|-weather|Snowscape|[upkeep]
|upkeep
|turn|18
|
|t:|1757927786
|move|p2a: tapfort 1|Close Combat|p1a: Slither Wing
|-resisted|p1a: Slither Wing
|-damage|p1a: Slither Wing|0 fnt
|-unboost|p2a: tapfort 1|def|1
|-unboost|p2a: tapfort 1|spd|1
|faint|p1a: Slither Wing
|-end|p1a: Slither Wing|Protosynthesis|[silent]
|-damage|p2a: tapfort 1|81/100|[from] item: Life Orb
|
|-weather|Snowscape|[upkeep]
|upkeep
|
|t:|1757927803
|switch|p1a: Ogerpon|Ogerpon, F|100/100
|turn|19
|
|t:|1757927810
|-terastallize|p1a: Ogerpon|Grass
|detailschange|p1a: Ogerpon|Ogerpon-Teal-Tera, F, tera:Grass
|-ability|p1a: Ogerpon|Embody Aspect (Teal)|boost
|-boost|p1a: Ogerpon|spe|1
|move|p1a: Ogerpon|Ivy Cudgel|p2a: tapfort 1
|-supereffective|p2a: tapfort 1
|-damage|p2a: tapfort 1|0 fnt
|faint|p2a: tapfort 1
|-end|p2a: tapfort 1|Protosynthesis|[silent]
|
|-weather|none
|upkeep
|
|t:|1757927817
|switch|p2a: here comes the|Torkoal, M, shiny|85/100
|-weather|SunnyDay|[from] ability: Drought|[of] p2a: here comes the
|turn|20
|
|t:|1757927822
|switch|p1a: Slowking|Slowking, M|84/100
|switch|p2a: la mite|Iron Moth|100/100
|-enditem|p2a: la mite|Booster Energy
|-activate|p2a: la mite|ability: Quark Drive|[fromitem]
|-start|p2a: la mite|quarkdrivespe
|
|-weather|SunnyDay|[upkeep]
|upkeep
|turn|21
|
|t:|1757927837
|move|p2a: la mite|Fiery Dance|p1a: Slowking
|-resisted|p1a: Slowking
|-damage|p1a: Slowking|66/100
|-prepare|p1a: Slowking|Chilly Reception|[premajor]
|move|p1a: Slowking|Chilly Reception|p1a: Slowking
|-weather|Snowscape
|
|t:|1757927841
|switch|p1a: Moltres|Moltres-Galar|100/100|[from] Chilly Reception
|
|-weather|Snowscape|[upkeep]
|upkeep
|turn|22
|-message|matougris forfeited.
|
|win|SirToppinIIEsquire
|raw|SirToppinIIEsquire's rating: 1438 &rarr; <strong>1458</strong><br />(+20 for winning)
|raw|matougris's rating: 1446 &rarr; <strong>1426</strong><br />(-20 for losing)
|l|☆matougris
|player|p2|
|l|☆SirToppinIIEsquire
|player|p1|
