|j|☆Gregor Gysi
|j|☆zhuangmou
|t:|1757930570
|gametype|singles
|player|p1|Gregor Gysi|gentleman-gen4dp|1774
|player|p2|zhuangmou|red|1789
|gen|9
|tier|[Gen 9] OU
|rated|
|rule|HP Percentage Mod: HP is shown in percentages
|rule|Endless Battle Clause: Forcing endless battles is banned
|rule|Species Clause: Limit one of each Pokémon
|rule|OHKO Clause: OHKO moves are banned
|rule|Evasion Items Clause: Evasion items are banned
|rule|Evasion Moves Clause: Evasion moves are banned
|rule|Evasion Abilities Clause: Evasion abilities are banned
|rule|Sleep Moves Clause: Sleep-inducing moves are banned
|clearpoke
|poke|p1|Ogerpon-Wellspring, F|
|poke|p1|Kingambit, M|
|poke|p1|Landorus-Therian, M|
|poke|p1|Glimmora, F|
|poke|p1|Dragapult, F|
|poke|p1|Iron Valiant|
|poke|p2|Darkrai|
|poke|p2|Great Tusk|
|poke|p2|Landorus-Therian, M|
|poke|p2|Dragapult, F|
|poke|p2|Heatran, F|
|poke|p2|Primarina, F|
|teampreview
|inactive|Battle timer is ON: inactive players will automatically lose when time's up. (requested by zhuangmou)
|inactive|zhuangmou has 120 seconds left.
|j| heatraniac
|
|t:|1757930625
|teamsize|p1|6
|teamsize|p2|6
|start
|switch|p1a: Glimmora|Glimmora, F|100/100
|switch|p2a: Darkrai|Darkrai|100/100
|turn|1
|
|t:|1757930629
|move|p2a: Darkrai|Dark Pulse|p1a: Glimmora
|-damage|p1a: Glimmora|28/100
|-damage|p2a: Darkrai|91/100|[from] item: Life Orb
|move|p1a: Glimmora|Meteor Beam||[still]
|-prepare|p1a: Glimmora|Meteor Beam
|-boost|p1a: Glimmora|spa|1
|-enditem|p1a: Glimmora|Power Herb
|-anim|p1a: Glimmora|Meteor Beam|p2a: Darkrai
|-damage|p2a: Darkrai|0 fnt
|faint|p2a: Darkrai
|
|upkeep
|inactive|zhuangmou has 120 seconds left.
|j| Disscratch
|inactive|zhuangmou has 90 seconds left.
|
|t:|1757930712
|switch|p2a: Dragapult|Dragapult, F|100/100
|turn|2
|
|t:|1757930723
|switch|p1a: Kingambit|Kingambit, M|100/100
|move|p2a: Dragapult|Dragon Darts|p1a: Kingambit
|-resisted|p1a: Kingambit
|-damage|p1a: Kingambit|87/100
|-anim|p2a: Dragapult|Dragon Darts|p1a: Kingambit
|-resisted|p1a: Kingambit
|-damage|p1a: Kingambit|73/100
|
|-heal|p1a: Kingambit|79/100|[from] item: Leftovers
|upkeep
|turn|3
|inactive|zhuangmou has 90 seconds left.
|l| heatraniac
|
|t:|1757930746
|switch|p2a: Landorus|Landorus-Therian, M|100/100
|-ability|p2a: Landorus|Intimidate|boost
|-unboost|p1a: Kingambit|atk|1
|-end|p1a: Kingambit|fallenundefined|[silent]
|switch|p1a: Dragapult|Dragapult, F|100/100
|
|upkeep
|turn|4
|j| qiji1
|
|t:|1757930761
|move|p1a: Dragapult|Shadow Ball|p2a: Landorus
|-damage|p2a: Landorus|46/100
|move|p2a: Landorus|Psychic|p1a: Dragapult
|-damage|p1a: Dragapult|73/100
|
|upkeep
|turn|5
|
|t:|1757930768
|switch|p2a: Primarina|Primarina, F, shiny|100/100
|move|p1a: Dragapult|Shadow Ball|p2a: Primarina
|-damage|p2a: Primarina|77/100
|
|upkeep
|turn|6
|
|t:|1757930779
|switch|p1a: Glimmora|Glimmora, F|28/100
|move|p2a: Primarina|Moonblast|p1a: Glimmora
|-resisted|p1a: Glimmora
|-damage|p1a: Glimmora|0 fnt
|faint|p1a: Glimmora
|
|upkeep
|
|t:|1757930783
|switch|p1a: Ogerpon|Ogerpon-Wellspring, F|100/100
|turn|7
|j| dadadadaxiji
|inactive|zhuangmou has 90 seconds left.
|
|t:|1757930797
|switch|p2a: Landorus|Landorus-Therian, M|46/100
|-ability|p2a: Landorus|Intimidate|boost
|-unboost|p1a: Ogerpon|atk|1
|move|p1a: Ogerpon|Play Rough|p2a: Landorus
|-damage|p2a: Landorus|29/100
|-damage|p1a: Ogerpon|84/100|[from] item: Rocky Helmet|[of] p2a: Landorus
|
|upkeep
|turn|8
|inactive|zhuangmou has 90 seconds left.
|
|t:|1757930824
|move|p1a: Ogerpon|Ivy Cudgel|p2a: Landorus|[anim] Ivy Cudgel Water
|-supereffective|p2a: Landorus
|-damage|p2a: Landorus|0 fnt
|faint|p2a: Landorus
|
|upkeep
|
|t:|1757930837
|switch|p2a: Dragapult|Dragapult, F|100/100
|turn|9
|
|t:|1757930845
|switch|p1a: Landorus|Landorus-Therian, M|100/100
|-ability|p1a: Landorus|Intimidate|boost
|-fail|p2a: Dragapult|unboost|[from] ability: Clear Body|[of] p2a: Dragapult
|move|p2a: Dragapult|U-turn|p1a: Landorus
|-resisted|p1a: Landorus
|-damage|p1a: Landorus|84/100
|-damage|p2a: Dragapult|84/100|[from] item: Rocky Helmet|[of] p1a: Landorus
|
|t:|1757930858
|switch|p2a: Great Tusk|Great Tusk, shiny|100/100|[from] U-turn
|
|upkeep
|turn|10
|
|t:|1757930868
|move|p1a: Landorus|U-turn|p2a: Great Tusk
|-resisted|p2a: Great Tusk
|-damage|p2a: Great Tusk|93/100
|
|t:|1757930870
|switch|p1a: Ogerpon|Ogerpon-Wellspring, F|84/100|[from] U-turn
|move|p2a: Great Tusk|Rapid Spin|p1a: Ogerpon
|-damage|p1a: Ogerpon|62/100
|-boost|p2a: Great Tusk|spe|1
|
|upkeep
|turn|11
|inactive|zhuangmou has 60 seconds left.
|l| qiji1
|inactive|zhuangmou has 30 seconds left.
|
|t:|1757930923
|-terastallize|p2a: Great Tusk|Steel
|move|p2a: Great Tusk|Rapid Spin|p1a: Ogerpon
|-damage|p1a: Ogerpon|38/100
|-boost|p2a: Great Tusk|spe|1
|move|p1a: Ogerpon|Horn Leech|p2a: Great Tusk
|-resisted|p2a: Great Tusk
|-damage|p2a: Great Tusk|77/100
|-heal|p1a: Ogerpon|48/100|[from] drain|[of] p2a: Great Tusk
|
|upkeep
|turn|12
|j| argotheleaf
|inactive|zhuangmou has 30 seconds left.
|
|t:|1757930934
|move|p2a: Great Tusk|Ice Spinner|p1a: Ogerpon
|-damage|p1a: Ogerpon|8/100
|move|p1a: Ogerpon|Ivy Cudgel|p2a: Great Tusk|[anim] Ivy Cudgel Water
|-damage|p2a: Great Tusk|37/100
|
|upkeep
|turn|13
|
|t:|1757930946
|switch|p1a: Landorus|Landorus-Therian, M|84/100
|-ability|p1a: Landorus|Intimidate|boost
|-unboost|p2a: Great Tusk|atk|1
|move|p2a: Great Tusk|Ice Spinner|p1a: Landorus
|-supereffective|p1a: Landorus
|-damage|p1a: Landorus|7/100
|-damage|p2a: Great Tusk|20/100|[from] item: Rocky Helmet|[of] p1a: Landorus
|
|upkeep
|turn|14
|c| argotheleaf|hi
|l| dadadadaxiji
|inactive|zhuangmou has 30 seconds left.
|
|t:|1757930967
|move|p2a: Great Tusk|Knock Off|p1a: Landorus
|-damage|p1a: Landorus|0 fnt
|-damage|p2a: Great Tusk|3/100|[from] item: Rocky Helmet|[of] p1a: Landorus
|-enditem|p1a: Landorus|Rocky Helmet|[from] move: Knock Off|[of] p2a: Great Tusk
|faint|p1a: Landorus
|
|upkeep
|c|☆zhuangmou|你好
|c| argotheleaf|O_O
|
|t:|1757930994
|switch|p1a: Iron Valiant|Iron Valiant|100/100
|-enditem|p1a: Iron Valiant|Booster Energy
|-activate|p1a: Iron Valiant|ability: Quark Drive|[fromitem]
|-start|p1a: Iron Valiant|quarkdrivespe
|turn|15
|inactive|zhuangmou has 30 seconds left.
|j| LaoVANSDOOR
|
|t:|1757931014
|move|p2a: Great Tusk|Headlong Rush|p1a: Iron Valiant
|-damage|p1a: Iron Valiant|51/100
|-unboost|p2a: Great Tusk|def|1
|-unboost|p2a: Great Tusk|spd|1
|move|p1a: Iron Valiant|Knock Off|p2a: Great Tusk
|-damage|p2a: Great Tusk|0 fnt
|-enditem|p2a: Great Tusk|Heavy-Duty Boots|[from] move: Knock Off|[of] p1a: Iron Valiant
|faint|p2a: Great Tusk
|-end|p2a: Great Tusk|Protosynthesis|[silent]
|
|upkeep
|inactive|zhuangmou has 30 seconds left this turn.
|inactive|zhuangmou has 20 seconds left.
|
|t:|1757931026
|switch|p2a: Primarina|Primarina, F, shiny|77/100
|turn|16
|inactive|zhuangmou has 30 seconds left this turn.
|
|t:|1757931033
|move|p1a: Iron Valiant|Spirit Break|p2a: Primarina
|-damage|p2a: Primarina|28/100
|-unboost|p2a: Primarina|spa|1
|move|p2a: Primarina|Moonblast|p1a: Iron Valiant
|-supereffective|p1a: Iron Valiant
|-damage|p1a: Iron Valiant|0 fnt
|faint|p1a: Iron Valiant
|-end|p1a: Iron Valiant|Quark Drive|[silent]
|
|upkeep
|j| Forever1507
|
|t:|1757931044
|switch|p1a: Ogerpon|Ogerpon-Wellspring, F|8/100
|turn|17
|inactive|zhuangmou has 30 seconds left.
|j| heatraniac
|l| heatraniac
|inactive|zhuangmou has 20 seconds left.
|inactive|zhuangmou has 15 seconds left.
|
|t:|1757931075
|move|p1a: Ogerpon|Ivy Cudgel|p2a: Primarina|[anim] Ivy Cudgel Water
|-resisted|p2a: Primarina
|-damage|p2a: Primarina|0 fnt
|faint|p2a: Primarina
|
|upkeep
|inactive|zhuangmou has 20 seconds left this turn.
|
|t:|1757931079
|switch|p2a: Dragapult|Dragapult, F|84/100
|turn|18
|inactive|zhuangmou has 30 seconds left this turn.
|j| dadadadaxiji
|
|t:|1757931093
|switch|p1a: Kingambit|Kingambit, M|79/100
|-activate|p1a: Kingambit|ability: Supreme Overlord
|-start|p1a: Kingambit|fallen3|[silent]
|move|p2a: Dragapult|U-turn|p1a: Kingambit
|-damage|p1a: Kingambit|54/100
|j| wgw2333
|
|t:|1757931098
|switch|p2a: Heatran|Heatran, F|100/100|[from] U-turn
|
|-heal|p1a: Kingambit|60/100|[from] item: Leftovers
|upkeep
|turn|19
|c| argotheleaf|nb
|inactive|zhuangmou has 30 seconds left.
|j| jsjdjdjdjdj
|c|☆zhuangmou|看羁绊了
|l|☆Gregor Gysi
|inactive|Gregor Gysi disconnected and has a minute to reconnect!
|player|p1|
|j| cris peacock
|j| Jey2
|j|☆Gregor Gysi
|inactive|Gregor Gysi reconnected and has 110 seconds left.
|player|p1|Gregor Gysi|gentleman-gen4dp|
|
|t:|1757931143
|-terastallize|p1a: Kingambit|Ghost
|move|p2a: Heatran|Magma Storm|p1a: Kingambit
|-damage|p1a: Kingambit|11/100
|-activate|p1a: Kingambit|move: Magma Storm|[of] p2a: Heatran
|move|p1a: Kingambit|Kowtow Cleave|p2a: Heatran
|-damage|p2a: Heatran|42/100
|
|-heal|p2a: Heatran|49/100|[from] item: Leftovers
|-heal|p1a: Kingambit|17/100|[from] item: Leftovers
|-damage|p1a: Kingambit|5/100|[from] move: Magma Storm|[partiallytrapped]
|upkeep
|turn|20
|inactive|zhuangmou has 30 seconds left.
|inactive|zhuangmou has 20 seconds left.
|inactive|zhuangmou has 15 seconds left.
|
|t:|1757931168
|move|p2a: Heatran|Protect|p2a: Heatran
|-singleturn|p2a: Heatran|Protect
|move|p1a: Kingambit|Kowtow Cleave|p2a: Heatran
|-activate|p2a: Heatran|move: Protect
|
|-heal|p2a: Heatran|55/100|[from] item: Leftovers
|-heal|p1a: Kingambit|11/100|[from] item: Leftovers
|-damage|p1a: Kingambit|0 fnt|[from] move: Magma Storm|[partiallytrapped]
|faint|p1a: Kingambit
|-end|p1a: Kingambit|fallen3|[silent]
|upkeep
|
|t:|1757931178
|switch|p1a: Ogerpon|Ogerpon-Wellspring, F|8/100
|turn|21
|inactive|zhuangmou has 30 seconds left this turn.
|j| Arkaris
|inactive|zhuangmou has 20 seconds left.
|inactive|zhuangmou has 15 seconds left.
|l| dadadadaxiji
|inactive|zhuangmou has 10 seconds left.
|
|t:|1757931201
|move|p1a: Ogerpon|Ivy Cudgel|p2a: Heatran|[anim] Ivy Cudgel Water
|-supereffective|p2a: Heatran
|-damage|p2a: Heatran|0 fnt
|faint|p2a: Heatran
|
|upkeep
|inactive|zhuangmou has 15 seconds left this turn.
|
|t:|1757931204
|switch|p2a: Dragapult|Dragapult, F|84/100
|turn|22
|inactive|zhuangmou has 25 seconds left this turn.
|inactive|zhuangmou has 20 seconds left.
|inactive|zhuangmou has 15 seconds left.
|inactive|zhuangmou has 10 seconds left.
|
|t:|1757931219
|move|p2a: Dragapult|Sucker Punch|p1a: Ogerpon
|-damage|p1a: Ogerpon|0 fnt
|faint|p1a: Ogerpon
|
|upkeep
|c| argotheleaf|NINE PEOPLE WATCHING
|
|t:|1757931222
|switch|p1a: Dragapult|Dragapult, F|73/100
|turn|23
|inactive|zhuangmou has 25 seconds left this turn.
|c| argotheleaf|lol
|
|t:|1757931225
|move|p2a: Dragapult|Sucker Punch|p1a: Dragapult
|-supereffective|p1a: Dragapult
|-damage|p1a: Dragapult|0 fnt
|faint|p1a: Dragapult
|
|win|zhuangmou
|raw|Gregor Gysi's rating: 1774 &rarr; <strong>1755</strong><br />(-19 for losing)
|raw|zhuangmou's rating: 1789 &rarr; <strong>1808</strong><br />(+19 for winning)
|l|☆Gregor Gysi
|player|p1|
|c| argotheleaf|wow
|c| argotheleaf|gg
|l| Forever1507
|l| LaoVANSDOOR
|c|☆zhuangmou|承让
|c| argotheleaf|nb
|c| argotheleaf|nbbbbbb
|c|☆zhuangmou|祝你好运
|l| Disscratch
|c| argotheleaf|u 2
|l| argotheleaf
|l| Jey2
|l| Arkaris
|l|☆zhuangmou
|player|p2|
