|j|☆zelda003
|j|☆Lych0966
|t:|1757919226
|gametype|singles
|player|p1|zelda003|nate|1325
|player|p2|Lych0966|giovanni|1323
|gen|9
|tier|[Gen 9] OU
|rated|
|rule|HP Percentage Mod: HP is shown in percentages
|rule|Endless Battle Clause: Forcing endless battles is banned
|rule|Species Clause: Limit one of each Pokémon
|rule|OHKO Clause: OHKO moves are banned
|rule|Evasion Items Clause: Evasion items are banned
|rule|Evasion Moves Clause: Evasion moves are banned
|rule|Evasion Abilities Clause: Evasion abilities are banned
|rule|Sleep Moves Clause: Sleep-inducing moves are banned
|clearpoke
|poke|p1|Dragapult, M|
|poke|p1|Rillaboom, M|
|poke|p1|Maushold-Four|
|poke|p1|Hawlucha, M|
|poke|p1|Garganacl, M|
|poke|p1|Empoleon, M|
|poke|p2|Landorus-Therian, M|
|poke|p2|Greninja-*, M|
|poke|p2|Dragonite, M|
|poke|p2|Meowscarada, M|
|poke|p2|Iron Valiant|
|poke|p2|Cinderace, F|
|teampreview
|inactive|Battle timer is ON: inactive players will automatically lose when time's up. (requested by zelda003)
|
|t:|1757919251
|teamsize|p1|6
|teamsize|p2|6
|start
|switch|p1a: Empoleon|Empoleon, M|100/100
|switch|p2a: TRAVELO|Meowscarada, M|100/100
|turn|1
|
|t:|1757919258
|move|p1a: Empoleon|Vacuum Wave|p2a: TRAVELO
|-supereffective|p2a: TRAVELO
|-damage|p2a: TRAVELO|55/100
|move|p2a: TRAVELO|U-turn|p1a: Empoleon
|-start|p2a: TRAVELO|typechange|Bug|[from] ability: Protean
|-resisted|p1a: Empoleon
|-damage|p1a: Empoleon|68/100
|inactive|Lych0966 has 120 seconds left.
|
|t:|1757919289
|switch|p2a: FERNANDO|Landorus-Therian, M|100/100|[from] U-turn
|-ability|p2a: FERNANDO|Intimidate|boost
|-unboost|p1a: Empoleon|atk|1
|-ability|p1a: Empoleon|Competitive|boost
|-boost|p1a: Empoleon|spa|2
|
|upkeep
|turn|2
|inactive|Lych0966 has 120 seconds left.
|
|t:|1757919301
|-terastallize|p1a: Empoleon|Grass
|move|p2a: FERNANDO|Earthquake|p1a: Empoleon
|-resisted|p1a: Empoleon
|-damage|p1a: Empoleon|30/100
|move|p1a: Empoleon|Ice Beam|p2a: FERNANDO
|-supereffective|p2a: FERNANDO
|-damage|p2a: FERNANDO|0 fnt
|faint|p2a: FERNANDO
|
|upkeep
|inactive|Lych0966 has 120 seconds left.
|
|t:|1757919313
|switch|p2a: CARTMAN|Dragonite, M|100/100
|turn|3
|inactive|Lych0966 has 120 seconds left.
|
|t:|1757919321
|move|p2a: CARTMAN|Extreme Speed|p1a: Empoleon
|-damage|p1a: Empoleon|0 fnt
|faint|p1a: Empoleon
|
|upkeep
|
|t:|1757919330
|switch|p1a: Garganacl|Garganacl, M|100/100
|turn|4
|
|t:|1757919334
|switch|p2a: Chef.CRETIN|Cinderace, F|100/100
|move|p1a: Garganacl|Salt Cure|p2a: Chef.CRETIN
|-supereffective|p2a: Chef.CRETIN
|-damage|p2a: Chef.CRETIN|64/100
|-start|p2a: Chef.CRETIN|Salt Cure
|
|-damage|p2a: Chef.CRETIN|52/100|[from] Salt Cure
|upkeep
|turn|5
|
|t:|1757919339
|move|p1a: Garganacl|Protect|p1a: Garganacl
|-singleturn|p1a: Garganacl|Protect
|move|p2a: Chef.CRETIN|High Jump Kick|p1a: Garganacl
|-start|p2a: Chef.CRETIN|typechange|Fighting|[from] ability: Libero
|-activate|p1a: Garganacl|move: Protect
|-damage|p2a: Chef.CRETIN|2/100|[from] highjumpkick
|
|-damage|p2a: Chef.CRETIN|0 fnt|[from] Salt Cure
|faint|p2a: Chef.CRETIN
|upkeep
|
|t:|1757919349
|switch|p2a: TRAVELO|Meowscarada, M|55/100
|turn|6
|
|t:|1757919366
|move|p2a: TRAVELO|Flower Trick|p1a: Garganacl
|-start|p2a: TRAVELO|typechange|Grass|[from] ability: Protean
|-supereffective|p1a: Garganacl
|-crit|p1a: Garganacl
|-damage|p1a: Garganacl|12/100
|move|p1a: Garganacl|Salt Cure|p2a: TRAVELO
|-damage|p2a: TRAVELO|35/100
|-start|p2a: TRAVELO|Salt Cure
|
|-heal|p1a: Garganacl|18/100|[from] item: Leftovers
|-damage|p2a: TRAVELO|23/100|[from] Salt Cure
|upkeep
|turn|7
|
|t:|1757919389
|switch|p2a: EAUMOPHOBE|Greninja, M|100/100
|move|p1a: Garganacl|Protect||[still]
|-fail|p1a: Garganacl
|
|-heal|p1a: Garganacl|24/100|[from] item: Leftovers
|upkeep
|turn|8
|
|t:|1757919401
|move|p1a: Garganacl|Protect|p1a: Garganacl
|-singleturn|p1a: Garganacl|Protect
|move|p2a: EAUMOPHOBE|Water Shuriken|p1a: Garganacl
|-activate|p1a: Garganacl|move: Protect
|
|-heal|p1a: Garganacl|31/100|[from] item: Leftovers
|upkeep
|turn|9
|
|t:|1757919424
|switch|p1a: Rillaboom|Rillaboom, M|100/100
|-fieldstart|move: Grassy Terrain|[from] ability: Grassy Surge|[of] p1a: Rillaboom
|move|p2a: EAUMOPHOBE|Ice Beam|p1a: Rillaboom
|-supereffective|p1a: Rillaboom
|-damage|p1a: Rillaboom|34/100
|-damage|p2a: EAUMOPHOBE|91/100|[from] item: Life Orb
|
|-heal|p2a: EAUMOPHOBE|97/100|[from] Grassy Terrain
|-heal|p1a: Rillaboom|40/100|[from] Grassy Terrain
|upkeep
|turn|10
|
|t:|1757919431
|switch|p2a: CARTMAN|Dragonite, M|100/100
|move|p1a: Rillaboom|Grassy Glide|p2a: CARTMAN
|-resisted|p2a: CARTMAN
|-damage|p2a: CARTMAN|96/100
|
|-heal|p1a: Rillaboom|47/100|[from] Grassy Terrain
|upkeep
|turn|11
|
|t:|1757919439
|switch|p1a: Garganacl|Garganacl, M|31/100
|move|p2a: CARTMAN|Dragon Dance|p2a: CARTMAN
|-boost|p2a: CARTMAN|atk|1
|-boost|p2a: CARTMAN|spe|1
|
|-heal|p1a: Garganacl|37/100|[from] Grassy Terrain
|-heal|p1a: Garganacl|43/100|[from] item: Leftovers
|upkeep
|turn|12
|
|t:|1757919451
|move|p2a: CARTMAN|Earthquake|p1a: Garganacl
|-supereffective|p1a: Garganacl
|-damage|p1a: Garganacl|5/100
|move|p1a: Garganacl|Salt Cure|p2a: CARTMAN
|-supereffective|p2a: CARTMAN
|-damage|p2a: CARTMAN|65/100
|-start|p2a: CARTMAN|Salt Cure
|
|-heal|p1a: Garganacl|11/100|[from] Grassy Terrain
|-heal|p1a: Garganacl|17/100|[from] item: Leftovers
|-damage|p2a: CARTMAN|52/100|[from] Salt Cure
|upkeep
|turn|13
|
|t:|1757919457
|move|p1a: Garganacl|Protect|p1a: Garganacl
|-singleturn|p1a: Garganacl|Protect
|move|p2a: CARTMAN|Dragon Dance|p2a: CARTMAN
|-boost|p2a: CARTMAN|atk|1
|-boost|p2a: CARTMAN|spe|1
|
|-heal|p1a: Garganacl|23/100|[from] Grassy Terrain
|-heal|p1a: Garganacl|29/100|[from] item: Leftovers
|-damage|p2a: CARTMAN|40/100|[from] Salt Cure
|-fieldend|move: Grassy Terrain
|upkeep
|turn|14
|
|t:|1757919472
|switch|p1a: Rillaboom|Rillaboom, M|47/100
|-fieldstart|move: Grassy Terrain|[from] ability: Grassy Surge|[of] p1a: Rillaboom
|move|p2a: CARTMAN|Dragon Claw|p1a: Rillaboom
|-damage|p1a: Rillaboom|0 fnt
|faint|p1a: Rillaboom
|
|-damage|p2a: CARTMAN|28/100|[from] Salt Cure
|upkeep
|
|t:|1757919479
|switch|p1a: Garganacl|Garganacl, M|29/100
|turn|15
|
|t:|1757919488
|-terastallize|p2a: CARTMAN|Normal
|move|p2a: CARTMAN|Extreme Speed|p1a: Garganacl
|-resisted|p1a: Garganacl
|-damage|p1a: Garganacl|0 fnt
|faint|p1a: Garganacl
|
|-heal|p2a: CARTMAN|34/100|[from] Grassy Terrain
|-damage|p2a: CARTMAN|21/100|[from] Salt Cure
|upkeep
|
|t:|1757919495
|switch|p1a: Hawlucha|Hawlucha, M|100/100
|-enditem|p1a: Hawlucha|Grassy Seed
|-boost|p1a: Hawlucha|def|1|[from] item: Grassy Seed
|turn|16
|
|t:|1757919498
|move|p2a: CARTMAN|Extreme Speed|p1a: Hawlucha
|-damage|p1a: Hawlucha|16/100
|move|p1a: Hawlucha|Drain Punch|p2a: CARTMAN
|-supereffective|p2a: CARTMAN
|-damage|p2a: CARTMAN|0 fnt
|-heal|p1a: Hawlucha|28/100|[from] drain|[of] p2a: CARTMAN
|faint|p2a: CARTMAN
|
|upkeep
|
|t:|1757919509
|switch|p2a: EAUMOPHOBE|Greninja, M|97/100
|turn|17
|
|t:|1757919516
|move|p2a: EAUMOPHOBE|Water Shuriken|p1a: Hawlucha
|-damage|p1a: Hawlucha|14/100
|-damage|p1a: Hawlucha|0 fnt
|faint|p1a: Hawlucha
|-ability|p2a: EAUMOPHOBE|Battle Bond|boost
|-boost|p2a: EAUMOPHOBE|atk|1
|-boost|p2a: EAUMOPHOBE|spa|1
|-boost|p2a: EAUMOPHOBE|spe|1
|-activate|p2a: EAUMOPHOBE|ability: Battle Bond
|-hitcount|p1: Hawlucha|2
|-damage|p2a: EAUMOPHOBE|87/100|[from] item: Life Orb
|
|-heal|p2a: EAUMOPHOBE|93/100|[from] Grassy Terrain
|upkeep
|
|t:|1757919537
|switch|p1a: Maushold|Maushold-Four|100/100
|turn|18
|
|t:|1757919543
|move|p2a: EAUMOPHOBE|Hydro Pump|p1a: Maushold
|-damage|p1a: Maushold|0 fnt
|faint|p1a: Maushold
|-damage|p2a: EAUMOPHOBE|83/100|[from] item: Life Orb
|
|-heal|p2a: EAUMOPHOBE|89/100|[from] Grassy Terrain
|-fieldend|move: Grassy Terrain
|upkeep
|
|t:|1757919552
|switch|p1a: Dragapult|Dragapult, M|100/100
|turn|19
|
|t:|1757919555
|move|p2a: EAUMOPHOBE|Dark Pulse|p1a: Dragapult
|-supereffective|p1a: Dragapult
|-damage|p1a: Dragapult|0 fnt
|faint|p1a: Dragapult
|-damage|p2a: EAUMOPHOBE|79/100|[from] item: Life Orb
|
|win|Lych0966
|raw|zelda003's rating: 1325 &rarr; <strong>1305</strong><br />(-20 for losing)
|raw|Lych0966's rating: 1323 &rarr; <strong>1343</strong><br />(+20 for winning)
|l|☆zelda003
|player|p1|
|l|☆Lych0966
|player|p2|
