|j|☆owl_with_scarf
|j|☆lupiit
|t:|1757905478
|gametype|singles
|player|p1|owl_with_scarf|#owlwithscarf|1499
|player|p2|lupiit|dragontamer|1525
|gen|9
|tier|[Gen 9] OU
|rated|
|rule|HP Percentage Mod: HP is shown in percentages
|rule|Endless Battle Clause: Forcing endless battles is banned
|rule|Species Clause: Limit one of each Pokémon
|rule|OHKO Clause: OHKO moves are banned
|rule|Evasion Items Clause: Evasion items are banned
|rule|Evasion Moves Clause: Evasion moves are banned
|rule|Evasion Abilities Clause: Evasion abilities are banned
|rule|Sleep Moves Clause: Sleep-inducing moves are banned
|clearpoke
|poke|p1|Ninetales-Alola, M|
|poke|p1|Cetitan, F|
|poke|p1|Kyurem|
|poke|p1|Sandslash-Alola, M|
|poke|p1|Moltres|
|poke|p1|Zamazenta-*|
|poke|p2|Mew|
|poke|p2|Kyurem|
|poke|p2|Garganacl, M|
|poke|p2|Rillaboom, M|
|poke|p2|Cinderace, F|
|poke|p2|Skeledirge, M|
|teampreview
|inactive|Battle timer is ON: inactive players will automatically lose when time's up. (requested by owl_with_scarf)
|
|t:|1757905486
|teamsize|p1|6
|teamsize|p2|6
|start
|switch|p1a: Ninetales|Ninetales-Alola, M|100/100
|switch|p2a: Mew|Mew|100/100
|-weather|Snowscape|[from] ability: Snow Warning|[of] p1a: Ninetales
|turn|1
|
|t:|1757905492
|move|p1a: Ninetales|Blizzard|p2a: Mew
|-damage|p2a: Mew|68/100
|move|p2a: Mew|Spikes|p1a: Ninetales
|-sidestart|p1: owl_with_scarf|Spikes
|
|-weather|Snowscape|[upkeep]
|upkeep
|turn|2
|
|t:|1757905504
|move|p1a: Ninetales|Encore|p2a: Mew
|-start|p2a: Mew|Encore
|move|p2a: Mew|Spikes|p1a: Ninetales
|-sidestart|p1: owl_with_scarf|Spikes
|
|-weather|Snowscape|[upkeep]
|upkeep
|turn|3
|
|t:|1757905507
|switch|p2a: Garganacl|Garganacl, M|100/100
|move|p1a: Ninetales|Blizzard|p2a: Garganacl
|-damage|p2a: Garganacl|67/100
|
|-weather|Snowscape|[upkeep]
|-heal|p2a: Garganacl|73/100|[from] item: Leftovers
|upkeep
|turn|4
|c|☆lupiit|?
|
|t:|1757905510
|move|p1a: Ninetales|Blizzard|p2a: Garganacl
|-damage|p2a: Garganacl|40/100
|move|p2a: Garganacl|Salt Cure|p1a: Ninetales
|-supereffective|p1a: Ninetales
|-damage|p1a: Ninetales|71/100
|-start|p1a: Ninetales|Salt Cure
|
|-weather|Snowscape|[upkeep]
|-heal|p2a: Garganacl|46/100|[from] item: Leftovers
|-damage|p1a: Ninetales|59/100|[from] Salt Cure
|upkeep
|turn|5
|c|☆lupiit|ok then
|
|t:|1757905515
|switch|p1a: Kyurem|Kyurem|100/100
|-damage|p1a: Kyurem|84/100|[from] Spikes
|-ability|p1a: Kyurem|Pressure
|move|p2a: Garganacl|Salt Cure|p1a: Kyurem
|-supereffective|p1a: Kyurem
|-damage|p1a: Kyurem|67/100
|-start|p1a: Kyurem|Salt Cure
|
|-weather|Snowscape|[upkeep]
|-heal|p2a: Garganacl|52/100|[from] item: Leftovers
|-damage|p1a: Kyurem|55/100|[from] Salt Cure
|upkeep
|turn|6
|
|t:|1757905527
|move|p2a: Garganacl|Protect|p2a: Garganacl
|-singleturn|p2a: Garganacl|Protect
|move|p1a: Kyurem|Blizzard|p2a: Garganacl
|-activate|p2a: Garganacl|move: Protect
|
|-weather|Snowscape|[upkeep]
|-heal|p2a: Garganacl|58/100|[from] item: Leftovers
|-damage|p1a: Kyurem|42/100|[from] Salt Cure
|upkeep
|turn|7
|
|t:|1757905535
|switch|p1a: Sandslash|Sandslash-Alola, M|100/100
|switch|p2a: Mew|Mew|68/100
|
|-weather|Snowscape|[upkeep]
|upkeep
|turn|8
|
|t:|1757905540
|move|p1a: Sandslash|Knock Off|p2a: Mew
|-supereffective|p2a: Mew
|-damage|p2a: Mew|8/100
|-enditem|p2a: Mew|Light Clay|[from] move: Knock Off|[of] p1a: Sandslash
|move|p2a: Mew|Reflect|p2a: Mew
|-sidestart|p2: lupiit|Reflect
|
|-weather|none
|upkeep
|turn|9
|
|t:|1757905548
|move|p2a: Mew|Light Screen|p2a: Mew
|-sidestart|p2: lupiit|move: Light Screen
|move|p1a: Sandslash|Rapid Spin|p2a: Mew
|-damage|p2a: Mew|0 fnt
|-boost|p1a: Sandslash|spe|1
|-sideend|p1: owl_with_scarf|Spikes|[from] move: Rapid Spin|[of] p1a: Sandslash
|faint|p2a: Mew
|
|upkeep
|
|t:|1757905551
|switch|p2a: Skeledirge|Skeledirge, M, shiny|100/100
|turn|10
|c|☆lupiit|gg
|
|t:|1757905553
|move|p1a: Sandslash|Knock Off|p2a: Skeledirge
|-supereffective|p2a: Skeledirge
|-damage|p2a: Skeledirge|74/100
|-enditem|p2a: Skeledirge|Choice Specs|[from] move: Knock Off|[of] p1a: Sandslash
|move|p2a: Skeledirge|Torch Song|p1a: Sandslash
|-supereffective|p1a: Sandslash
|-damage|p1a: Sandslash|0 fnt
|-boost|p2a: Skeledirge|spa|1
|faint|p1a: Sandslash
|
|upkeep
|
|t:|1757905558
|switch|p1a: Kyurem|Kyurem|42/100
|-ability|p1a: Kyurem|Pressure
|turn|11
|
|t:|1757905564
|switch|p2a: Rillaboom|Rillaboom, M|100/100
|-fieldstart|move: Grassy Terrain|[from] ability: Grassy Surge|[of] p2a: Rillaboom
|move|p1a: Kyurem|Earth Power|p2a: Rillaboom
|-resisted|p2a: Rillaboom
|-damage|p2a: Rillaboom|93/100
|
|-heal|p1a: Kyurem|49/100|[from] Grassy Terrain
|-heal|p2a: Rillaboom|99/100|[from] Grassy Terrain
|upkeep
|turn|12
|
|t:|1757905571
|switch|p1a: Moltres|Moltres|100/100
|switch|p2a: Skeledirge|Skeledirge, M, shiny|74/100
|
|-heal|p2a: Skeledirge|80/100|[from] Grassy Terrain
|-sideend|p2: lupiit|Reflect
|upkeep
|turn|13
|
|t:|1757905573
|move|p1a: Moltres|Hurricane|p2a: Skeledirge
|-damage|p2a: Skeledirge|47/100
|-start|p2a: Skeledirge|confusion
|-activate|p2a: Skeledirge|confusion
|move|p2a: Skeledirge|Torch Song|p1a: Moltres
|-resisted|p1a: Moltres
|-damage|p1a: Moltres|77/100
|-boost|p2a: Skeledirge|spa|1
|
|-heal|p2a: Skeledirge|53/100|[from] Grassy Terrain
|-sideend|p2: lupiit|move: Light Screen
|upkeep
|turn|14
|
|t:|1757905575
|move|p1a: Moltres|Hurricane|p2a: Skeledirge
|-damage|p2a: Skeledirge|0 fnt
|faint|p2a: Skeledirge
|
|upkeep
|
|t:|1757905577
|switch|p2a: Kyurem|Kyurem|100/100
|-ability|p2a: Kyurem|Pressure
|turn|15
|
|t:|1757905590
|move|p2a: Kyurem|Ice Beam|p1a: Moltres
|-damage|p1a: Moltres|0 fnt
|faint|p1a: Moltres
|
|-fieldend|move: Grassy Terrain
|upkeep
|
|t:|1757905594
|switch|p1a: Zamazenta|Zamazenta|100/100
|-ability|p1a: Zamazenta|Dauntless Shield|boost
|-boost|p1a: Zamazenta|def|1
|turn|16
|
|t:|1757905599
|switch|p2a: Rillaboom|Rillaboom, M|99/100
|-fieldstart|move: Grassy Terrain|[from] ability: Grassy Surge|[of] p2a: Rillaboom
|move|p1a: Zamazenta|Iron Defense|p1a: Zamazenta
|-boost|p1a: Zamazenta|def|2
|
|-heal|p2a: Rillaboom|100/100|[from] Grassy Terrain
|upkeep
|turn|17
|
|t:|1757905607
|move|p1a: Zamazenta|Iron Defense|p1a: Zamazenta
|-boost|p1a: Zamazenta|def|2
|move|p2a: Rillaboom|Wood Hammer|p1a: Zamazenta
|-damage|p1a: Zamazenta|82/100
|-damage|p2a: Rillaboom|94/100|[from] Recoil
|
|-heal|p1a: Zamazenta|89/100|[from] Grassy Terrain
|-heal|p1a: Zamazenta|95/100|[from] item: Leftovers
|-heal|p2a: Rillaboom|99/100|[from] Grassy Terrain
|upkeep
|turn|18
|-message|lupiit forfeited.
|
|win|owl_with_scarf
|raw|owl_with_scarf's rating: 1499 &rarr; <strong>1520</strong><br />(+21 for winning)
|raw|lupiit's rating: 1525 &rarr; <strong>1504</strong><br />(-21 for losing)
|l|☆lupiit
|player|p2|
|l|☆owl_with_scarf
|player|p1|
