|j|☆XYnotfound
|j|☆xyj7777
|t:|1757916301
|gametype|singles
|player|p1|XYnotfound|170|1154
|player|p2|xyj7777|lucas|1150
|gen|9
|tier|[Gen 9] OU
|rated|
|rule|HP Percentage Mod: HP is shown in percentages
|rule|Endless Battle Clause: Forcing endless battles is banned
|rule|Species Clause: Limit one of each Pokémon
|rule|OHKO Clause: OHKO moves are banned
|rule|Evasion Items Clause: Evasion items are banned
|rule|Evasion Moves Clause: Evasion moves are banned
|rule|Evasion Abilities Clause: Evasion abilities are banned
|rule|Sleep Moves Clause: Sleep-inducing moves are banned
|clearpoke
|poke|p1|Mienshao, F|
|poke|p1|Zamazenta-*|
|poke|p1|Iron Valiant|
|poke|p1|Iron Hands|
|poke|p1|Infernape, M|
|poke|p1|Keldeo-Resolute|
|poke|p2|Cinderace, F|
|poke|p2|Dragonite, M|
|poke|p2|Corviknight, F|
|poke|p2|Landorus-Therian, M|
|poke|p2|Walking Wake|
|poke|p2|Pecharunt|
|teampreview
|
|t:|1757916310
|teamsize|p1|6
|teamsize|p2|6
|start
|switch|p1a: Infernape|Infernape, M|100/100
|switch|p2a: Pecharunt|Pecharunt|100/100
|turn|1
|inactive|Battle timer is ON: inactive players will automatically lose when time's up. (requested by XYnotfound)
|
|t:|1757916318
|move|p1a: Infernape|Stealth Rock|p2a: Pecharunt
|-sidestart|p2: xyj7777|move: Stealth Rock
|move|p2a: Pecharunt|Malignant Chain|p1a: Infernape
|-damage|p1a: Infernape|34/100
|
|upkeep
|turn|2
|
|t:|1757916326
|move|p1a: Infernape|Overheat|p2a: Pecharunt
|-damage|p2a: Pecharunt|12/100
|-unboost|p1a: Infernape|spa|2
|move|p2a: Pecharunt|Malignant Chain|p1a: Infernape
|-damage|p1a: Infernape|0 fnt
|faint|p1a: Infernape
|
|-heal|p2a: Pecharunt|18/100|[from] item: Leftovers
|upkeep
|
|t:|1757916336
|switch|p1a: Mienshao|Mienshao, F|100/100
|turn|3
|
|t:|1757916340
|switch|p2a: Corviknight|Corviknight, F|100/100
|-damage|p2a: Corviknight|88/100|[from] Stealth Rock
|move|p1a: Mienshao|Knock Off|p2a: Corviknight
|-damage|p2a: Corviknight|63/100
|-damage|p1a: Mienshao|84/100|[from] item: Rocky Helmet|[of] p2a: Corviknight
|-enditem|p2a: Corviknight|Rocky Helmet|[from] move: Knock Off|[of] p1a: Mienshao
|
|upkeep
|turn|4
|
|t:|1757916351
|switch|p1a: Iron Hands|Iron Hands|100/100
|move|p2a: Corviknight|Defog|p1a: Iron Hands
|-unboost|p1a: Iron Hands|evasion|1
|-sideend|p2: xyj7777|Stealth Rock|[from] move: Defog|[of] p2a: Corviknight
|
|upkeep
|turn|5
|
|t:|1757916361
|switch|p2a: Landorus|Landorus-Therian, M|100/100
|-ability|p2a: Landorus|Intimidate|boost
|-unboost|p1a: Iron Hands|atk|1
|move|p1a: Iron Hands|Ice Punch|p2a: Landorus
|-supereffective|p2a: Landorus
|-damage|p2a: Landorus|6/100
|
|-heal|p2a: Landorus|12/100|[from] item: Leftovers
|upkeep
|turn|6
|
|t:|1757916372
|move|p2a: Landorus|U-turn|p1a: Iron Hands
|-resisted|p1a: Iron Hands
|-damage|p1a: Iron Hands|91/100
|
|t:|1757916397
|switch|p2a: Corviknight|Corviknight, F|63/100|[from] U-turn
|move|p1a: Iron Hands|Ice Punch|p2a: Corviknight
|-damage|p2a: Corviknight|49/100
|-status|p2a: Corviknight|frz
|
|upkeep
|turn|7
|
|t:|1757916405
|cant|p2a: Corviknight|frz
|move|p1a: Iron Hands|Supercell Slam|p2a: Corviknight
|-supereffective|p2a: Corviknight
|-damage|p2a: Corviknight|0 fnt
|faint|p2a: Corviknight
|
|upkeep
|-message|xyj7777 forfeited.
|
|win|XYnotfound
|raw|XYnotfound's rating: 1154 &rarr; <strong>1179</strong><br />(+25 for winning)
|raw|xyj7777's rating: 1150 &rarr; <strong>1125</strong><br />(-25 for losing)
|l|☆xyj7777
|player|p2|
|l|☆XYnotfound
|player|p1|
