|j|☆kaneliii
|j|☆poussinot
|t:|1757841230
|gametype|singles
|player|p1|kaneliii|2|1138
|player|p2|poussinot|n|1147
|gen|9
|tier|[Gen 9] OU
|rated|
|rule|HP Percentage Mod: HP is shown in percentages
|rule|Endless Battle Clause: Forcing endless battles is banned
|rule|Species Clause: Limit one of each Pokémon
|rule|OHKO Clause: OHKO moves are banned
|rule|Evasion Items Clause: Evasion items are banned
|rule|Evasion Moves Clause: Evasion moves are banned
|rule|Evasion Abilities Clause: Evasion abilities are banned
|rule|Sleep Moves Clause: Sleep-inducing moves are banned
|clearpoke
|poke|p1|Milotic, F|
|poke|p1|Iron Treads|
|poke|p1|Vileplume, M|
|poke|p1|Latias, F|
|poke|p1|Ampharos, M|
|poke|p1|Heracross, F|
|poke|p2|Zamazenta-*|
|poke|p2|Ninetales-Alola, F|
|poke|p2|Darkrai|
|poke|p2|Ceruledge, F|
|poke|p2|Gliscor, M|
|poke|p2|Hatterene, F|
|teampreview
|
|t:|1757841246
|teamsize|p1|6
|teamsize|p2|6
|start
|switch|p1a: Vileplume|Vileplume, M|100/100
|switch|p2a: whatdoesthefoxsay|Ninetales-Alola, F|100/100
|-weather|Snowscape|[from] ability: Snow Warning|[of] p2a: whatdoesthefoxsay
|turn|1
|
|t:|1757841256
|move|p2a: whatdoesthefoxsay|Freeze-Dry|p1a: Vileplume
|-supereffective|p1a: Vileplume
|-damage|p1a: Vileplume|61/100
|move|p1a: Vileplume|Sludge Bomb|p2a: whatdoesthefoxsay
|-supereffective|p2a: whatdoesthefoxsay
|-damage|p2a: whatdoesthefoxsay|40/100
|-status|p2a: whatdoesthefoxsay|psn
|
|-weather|Snowscape|[upkeep]
|-damage|p2a: whatdoesthefoxsay|27/100 psn|[from] psn
|upkeep
|turn|2
|
|t:|1757841265
|switch|p1a: Ampharos|Ampharos, M|100/100
|move|p2a: whatdoesthefoxsay|Aurora Veil|p2a: whatdoesthefoxsay
|-sidestart|p2: poussinot|move: Aurora Veil
|
|-weather|Snowscape|[upkeep]
|-damage|p2a: whatdoesthefoxsay|15/100 psn|[from] psn
|upkeep
|turn|3
|
|t:|1757841273
|switch|p2a: wouhouu|Hatterene, F|100/100
|move|p1a: Ampharos|Discharge|p2a: wouhouu
|-damage|p2a: wouhouu|80/100
|
|-weather|Snowscape|[upkeep]
|-heal|p2a: wouhouu|86/100|[from] item: Leftovers
|upkeep
|turn|4
|
|t:|1757841282
|move|p1a: Ampharos|Volt Switch|p2a: wouhouu
|-damage|p2a: wouhouu|68/100
|
|t:|1757841286
|switch|p1a: Iron Treads|Iron Treads|100/100|[from] Volt Switch
|-enditem|p1a: Iron Treads|Booster Energy
|-activate|p1a: Iron Treads|ability: Quark Drive|[fromitem]
|-start|p1a: Iron Treads|quarkdriveatk
|move|p2a: wouhouu|Calm Mind|p2a: wouhouu
|-boost|p2a: wouhouu|spa|1
|-boost|p2a: wouhouu|spd|1
|
|-weather|Snowscape|[upkeep]
|-heal|p2a: wouhouu|74/100|[from] item: Leftovers
|upkeep
|turn|5
|
|t:|1757841306
|move|p1a: Iron Treads|Iron Head|p2a: wouhouu
|-supereffective|p2a: wouhouu
|-damage|p2a: wouhouu|35/100
|move|p2a: wouhouu|Mystical Fire|p1a: Iron Treads
|-supereffective|p1a: Iron Treads
|-damage|p1a: Iron Treads|11/100
|-unboost|p1a: Iron Treads|spa|1
|
|-weather|none
|-heal|p2a: wouhouu|41/100|[from] item: Leftovers
|upkeep
|turn|6
|
|t:|1757841315
|-terastallize|p2a: wouhouu|Water
|move|p1a: Iron Treads|Iron Head|p2a: wouhouu
|-resisted|p2a: wouhouu
|-damage|p2a: wouhouu|31/100
|cant|p2a: wouhouu|flinch
|
|-heal|p2a: wouhouu|37/100|[from] item: Leftovers
|upkeep
|turn|7
|
|t:|1757841321
|move|p1a: Iron Treads|Earthquake|p2a: wouhouu
|-damage|p2a: wouhouu|12/100
|move|p2a: wouhouu|Draining Kiss|p1a: Iron Treads
|-resisted|p1a: Iron Treads
|-damage|p1a: Iron Treads|0 fnt
|-heal|p2a: wouhouu|20/100|[from] drain|[of] p1a: Iron Treads
|faint|p1a: Iron Treads
|-end|p1a: Iron Treads|Quark Drive|[silent]
|
|-heal|p2a: wouhouu|26/100|[from] item: Leftovers
|upkeep
|
|t:|1757841334
|switch|p1a: Ampharos|Ampharos, M|100/100
|turn|8
|
|t:|1757841344
|switch|p2a: acab|Gliscor, M|100/100
|move|p1a: Ampharos|Discharge|p2a: acab
|-immune|p2a: acab
|
|-status|p2a: acab|tox|[from] item: Toxic Orb
|upkeep
|turn|9
|
|t:|1757841351
|switch|p1a: Milotic|Milotic, F|100/100
|move|p2a: acab|Swords Dance|p2a: acab
|-boost|p2a: acab|atk|2
|
|-sideend|p2: poussinot|move: Aurora Veil
|upkeep
|turn|10
|
|t:|1757841360
|move|p2a: acab|Facade|p1a: Milotic
|-damage|p1a: Milotic|51/100
|move|p1a: Milotic|Ice Beam|p2a: acab
|-supereffective|p2a: acab
|-damage|p2a: acab|7/100 tox
|
|-heal|p1a: Milotic|57/100|[from] item: Leftovers
|-heal|p2a: acab|20/100 tox|[from] ability: Poison Heal
|upkeep
|turn|11
|
|t:|1757841373
|switch|p2a: dark cacke|Ceruledge, F|100/100
|move|p1a: Milotic|Recover|p1a: Milotic
|-heal|p1a: Milotic|100/100
|
|upkeep
|turn|12
|
|t:|1757841378
|move|p2a: dark cacke|Bulk Up|p2a: dark cacke
|-boost|p2a: dark cacke|atk|1
|-boost|p2a: dark cacke|def|1
|move|p1a: Milotic|Scald|p2a: dark cacke
|-supereffective|p2a: dark cacke
|-damage|p2a: dark cacke|59/100
|
|upkeep
|turn|13
|
|t:|1757841387
|move|p2a: dark cacke|Bitter Blade|p1a: Milotic
|-resisted|p1a: Milotic
|-damage|p1a: Milotic|81/100
|-heal|p2a: dark cacke|70/100|[from] drain|[of] p1a: Milotic
|move|p1a: Milotic|Scald|p2a: dark cacke
|-supereffective|p2a: dark cacke
|-damage|p2a: dark cacke|28/100
|
|-heal|p1a: Milotic|87/100|[from] item: Leftovers
|upkeep
|turn|14
|
|t:|1757841396
|move|p2a: dark cacke|Shadow Sneak|p1a: Milotic
|-damage|p1a: Milotic|69/100
|move|p1a: Milotic|Scald|p2a: dark cacke
|-supereffective|p2a: dark cacke
|-damage|p2a: dark cacke|0 fnt
|faint|p2a: dark cacke
|
|-heal|p1a: Milotic|75/100|[from] item: Leftovers
|upkeep
|
|t:|1757841399
|switch|p2a: ahouuuu|Zamazenta|100/100
|-ability|p2a: ahouuuu|Dauntless Shield|boost
|-boost|p2a: ahouuuu|def|1
|turn|15
|
|t:|1757841407
|move|p2a: ahouuuu|Crunch|p1a: Milotic
|-damage|p1a: Milotic|58/100
|move|p1a: Milotic|Flip Turn|p2a: ahouuuu
|-damage|p2a: ahouuuu|93/100
|
|t:|1757841410
|switch|p1a: Ampharos|Ampharos, M|100/100|[from] Flip Turn
|
|upkeep
|turn|16
|
|t:|1757841415
|move|p2a: ahouuuu|Body Press|p1a: Ampharos
|-damage|p1a: Ampharos|52/100
|move|p1a: Ampharos|Discharge|p2a: ahouuuu
|-damage|p2a: ahouuuu|60/100
|
|upkeep
|turn|17
|
|t:|1757841421
|move|p2a: ahouuuu|Body Press|p1a: Ampharos
|-damage|p1a: Ampharos|5/100
|-status|p2a: ahouuuu|par|[from] ability: Static|[of] p1a: Ampharos
|move|p1a: Ampharos|Discharge|p2a: ahouuuu
|-damage|p2a: ahouuuu|23/100 par
|
|upkeep
|turn|18
|
|t:|1757841429
|cant|p2a: ahouuuu|par
|move|p1a: Ampharos|Discharge|p2a: ahouuuu
|-damage|p2a: ahouuuu|0 fnt
|faint|p2a: ahouuuu
|
|upkeep
|
|t:|1757841435
|switch|p2a: cacke|Darkrai|100/100
|turn|19
|
|t:|1757841440
|move|p2a: cacke|Nasty Plot|p2a: cacke
|-boost|p2a: cacke|spa|2
|move|p1a: Ampharos|Focus Blast|p2a: cacke|[miss]
|-miss|p1a: Ampharos|p2a: cacke
|
|upkeep
|turn|20
|
|t:|1757841445
|move|p2a: cacke|Dark Pulse|p1a: Ampharos
|-damage|p1a: Ampharos|0 fnt
|faint|p1a: Ampharos
|
|upkeep
|
|t:|1757841449
|switch|p1a: Heracross|Heracross, F|100/100
|turn|21
|
|t:|1757841455
|move|p1a: Heracross|Close Combat|p2a: cacke
|-supereffective|p2a: cacke
|-damage|p2a: cacke|0 fnt
|-unboost|p1a: Heracross|def|1
|-unboost|p1a: Heracross|spd|1
|faint|p2a: cacke
|-ability|p1a: Heracross|Moxie|boost
|-boost|p1a: Heracross|atk|1
|
|upkeep
|
|t:|1757841468
|switch|p2a: acab|Gliscor, M|20/100 tox
|turn|22
|
|t:|1757841474
|move|p1a: Heracross|Close Combat|p2a: acab
|-resisted|p2a: acab
|-damage|p2a: acab|0 fnt
|-unboost|p1a: Heracross|def|1
|-unboost|p1a: Heracross|spd|1
|faint|p2a: acab
|-ability|p1a: Heracross|Moxie|boost
|-boost|p1a: Heracross|atk|1
|
|upkeep
|
|t:|1757841478
|switch|p2a: wouhouu|Hatterene, F, tera:Water|26/100
|turn|23
|
|t:|1757841481
|move|p1a: Heracross|Close Combat|p2a: wouhouu
|-damage|p2a: wouhouu|0 fnt
|-unboost|p1a: Heracross|def|1
|-unboost|p1a: Heracross|spd|1
|faint|p2a: wouhouu
|-ability|p1a: Heracross|Moxie|boost
|-boost|p1a: Heracross|atk|1
|
|upkeep
|
|t:|1757841486
|switch|p2a: whatdoesthefoxsay|Ninetales-Alola, F|15/100 psn
|-weather|Snowscape|[from] ability: Snow Warning|[of] p2a: whatdoesthefoxsay
|turn|24
|c|☆poussinot|gg
|
|t:|1757841492
|move|p1a: Heracross|Close Combat|p2a: whatdoesthefoxsay
|-damage|p2a: whatdoesthefoxsay|0 fnt
|-unboost|p1a: Heracross|def|1
|-unboost|p1a: Heracross|spd|1
|faint|p2a: whatdoesthefoxsay
|
|win|kaneliii
|raw|kaneliii's rating: 1138 &rarr; <strong>1164</strong><br />(+26 for winning)
|raw|poussinot's rating: 1147 &rarr; <strong>1121</strong><br />(-26 for losing)
|c|☆kaneliii|gg
|l|☆kaneliii
|player|p1|
|l|☆poussinot
|player|p2|
