|j|☆wafuuuer
|j|☆PikachuStupid90
|t:|1757909097
|gametype|singles
|player|p1|wafuuuer|266|1293
|player|p2|PikachuStupid90|miku-ground|1319
|gen|9
|tier|[Gen 9] OU
|rated|
|rule|HP Percentage Mod: HP is shown in percentages
|rule|Endless Battle Clause: Forcing endless battles is banned
|rule|Species Clause: Limit one of each Pokémon
|rule|OHKO Clause: OHKO moves are banned
|rule|Evasion Items Clause: Evasion items are banned
|rule|Evasion Moves Clause: Evasion moves are banned
|rule|Evasion Abilities Clause: Evasion abilities are banned
|rule|Sleep Moves Clause: Sleep-inducing moves are banned
|clearpoke
|poke|p1|Ting-Lu|
|poke|p1|Darkrai|
|poke|p1|Corviknight, M|
|poke|p1|Fezandipiti, M|
|poke|p1|Pecharunt|
|poke|p1|Latios, M|
|poke|p2|Pelipper, F|
|poke|p2|Rillaboom, F|
|poke|p2|Ogerpon-Wellspring, F|
|poke|p2|Heatran, F|
|poke|p2|Landorus-Therian, M|
|poke|p2|Dragapult, M|
|teampreview
|inactive|Battle timer is ON: inactive players will automatically lose when time's up. (requested by wafuuuer)
|
|t:|1757909113
|teamsize|p1|6
|teamsize|p2|6
|start
|switch|p1a: Yagami|Darkrai, shiny|100/100
|switch|p2a: Dragapult|Dragapult, M|100/100
|turn|1
|
|t:|1757909120
|move|p2a: Dragapult|U-turn|p1a: Yagami
|-supereffective|p1a: Yagami
|-damage|p1a: Yagami|56/100
|
|t:|1757909133
|switch|p2a: Heatran|Heatran, F|100/100|[from] U-turn
|move|p1a: Yagami|Knock Off|p2a: Heatran
|-crit|p2a: Heatran
|-damage|p2a: Heatran|61/100
|-enditem|p2a: Heatran|Leftovers|[from] move: Knock Off|[of] p1a: Yagami
|
|upkeep
|turn|2
|
|t:|1757909145
|move|p1a: Yagami|Dark Pulse|p2a: Heatran
|-damage|p2a: Heatran|33/100
|cant|p2a: Heatran|flinch
|
|upkeep
|turn|3
|
|t:|1757909151
|switch|p1a: Goliath|Ting-Lu|100/100
|-ability|p1a: Goliath|Vessel of Ruin
|move|p2a: Heatran|Magma Storm|p1a: Goliath
|-damage|p1a: Goliath|84/100
|-activate|p1a: Goliath|move: Magma Storm|[of] p2a: Heatran
|
|-heal|p1a: Goliath|90/100|[from] item: Leftovers
|-damage|p1a: Goliath|78/100|[from] move: Magma Storm|[partiallytrapped]
|upkeep
|turn|4
|
|t:|1757909159
|move|p2a: Heatran|Taunt|p1a: Goliath
|-start|p1a: Goliath|move: Taunt
|cant|p1a: Goliath|move: Taunt|Stealth Rock
|
|-heal|p1a: Goliath|84/100|[from] item: Leftovers
|-damage|p1a: Goliath|71/100|[from] move: Magma Storm|[partiallytrapped]
|upkeep
|turn|5
|
|t:|1757909165
|switch|p2a: Pelipper|Pelipper, F|100/100
|-weather|RainDance|[from] ability: Drizzle|[of] p2a: Pelipper
|move|p1a: Goliath|Earthquake|p2a: Pelipper
|-immune|p2a: Pelipper
|
|-weather|RainDance|[upkeep]
|-heal|p1a: Goliath|78/100|[from] item: Leftovers
|-end|p1a: Goliath|Magma Storm|[partiallytrapped]|[silent]
|upkeep
|turn|6
|
|t:|1757909181
|move|p2a: Pelipper|U-turn|p1a: Goliath
|-supereffective|p1a: Goliath
|-damage|p1a: Goliath|67/100
|l|☆wafuuuer
|inactive|wafuuuer disconnected and has a minute to reconnect!
|player|p1|
|
|t:|1757909188
|switch|p2a: Ogerpon|Ogerpon-Wellspring, F|100/100|[from] U-turn
|move|p1a: Goliath|Ruination|p2a: Ogerpon
|-damage|p2a: Ogerpon|51/100
|
|-weather|RainDance|[upkeep]
|-heal|p1a: Goliath|73/100|[from] item: Leftovers
|-end|p1a: Goliath|move: Taunt
|upkeep
|turn|7
|j|☆wafuuuer
|inactive|wafuuuer reconnected and has 140 seconds left.
|player|p1|wafuuuer|266|
|
|t:|1757909211
|switch|p1a: Yami|Corviknight, M, shiny|100/100
|-ability|p1a: Yami|Pressure
|move|p2a: Ogerpon|Ivy Cudgel|p1a: Yami|[anim] Ivy Cudgel Water
|-damage|p1a: Yami|47/100
|
|-weather|RainDance|[upkeep]
|upkeep
|turn|8
|
|t:|1757909224
|move|p2a: Ogerpon|Ivy Cudgel|p1a: Yami|[anim] Ivy Cudgel Water
|-damage|p1a: Yami|0 fnt
|faint|p1a: Yami
|
|-weather|RainDance|[upkeep]
|upkeep
|
|t:|1757909227
|switch|p1a: Overseer|Pecharunt|100/100
|turn|9
|
|t:|1757909235
|move|p2a: Ogerpon|U-turn|p1a: Overseer
|-resisted|p1a: Overseer
|-damage|p1a: Overseer|97/100
|
|t:|1757909240
|switch|p2a: Heatran|Heatran, F|33/100|[from] U-turn
|move|p1a: Overseer|Malignant Chain|p2a: Heatran
|-immune|p2a: Heatran
|
|-weather|none
|upkeep
|turn|10
|
|t:|1757909251
|move|p1a: Overseer|Parting Shot|p2a: Heatran
|-unboost|p2a: Heatran|atk|1
|-unboost|p2a: Heatran|spa|1
|
|t:|1757909254
|switch|p1a: Goliath|Ting-Lu|73/100|[from] Parting Shot
|-ability|p1a: Goliath|Vessel of Ruin
|move|p2a: Heatran|Taunt|p1a: Goliath
|-start|p1a: Goliath|move: Taunt
|
|-heal|p1a: Goliath|79/100|[from] item: Leftovers
|upkeep
|turn|11
|
|t:|1757909266
|move|p2a: Heatran|Stealth Rock|p1a: Goliath
|-sidestart|p1: wafuuuer|move: Stealth Rock
|move|p1a: Goliath|Ruination|p2a: Heatran|[miss]
|-miss|p1a: Goliath|p2a: Heatran
|
|-heal|p1a: Goliath|85/100|[from] item: Leftovers
|upkeep
|turn|12
|
|t:|1757909272
|switch|p2a: Pelipper|Pelipper, F|100/100
|-weather|RainDance|[from] ability: Drizzle|[of] p2a: Pelipper
|move|p1a: Goliath|Earthquake|p2a: Pelipper
|-immune|p2a: Pelipper
|
|-weather|RainDance|[upkeep]
|-heal|p1a: Goliath|92/100|[from] item: Leftovers
|-end|p1a: Goliath|move: Taunt
|upkeep
|turn|13
|
|t:|1757909282
|move|p2a: Pelipper|U-turn|p1a: Goliath
|-supereffective|p1a: Goliath
|-damage|p1a: Goliath|82/100
|
|t:|1757909285
|switch|p2a: Ogerpon|Ogerpon-Wellspring, F|51/100|[from] U-turn
|move|p1a: Goliath|Stealth Rock|p2a: Ogerpon
|-sidestart|p2: PikachuStupid90|move: Stealth Rock
|
|-weather|RainDance|[upkeep]
|-heal|p1a: Goliath|88/100|[from] item: Leftovers
|upkeep
|turn|14
|
|t:|1757909294
|switch|p1a: Overseer|Pecharunt|97/100
|move|p2a: Ogerpon|Encore||[still]
|-fail|p2a: Ogerpon
|
|-weather|RainDance|[upkeep]
|upkeep
|turn|15
|
|t:|1757909301
|-terastallize|p2a: Ogerpon|Water
|detailschange|p2a: Ogerpon|Ogerpon-Wellspring-Tera, F, tera:Water
|-ability|p2a: Ogerpon|Embody Aspect (Wellspring)|boost
|-boost|p2a: Ogerpon|spd|1
|move|p2a: Ogerpon|Ivy Cudgel|p1a: Overseer|[anim] Ivy Cudgel Water
|-damage|p1a: Overseer|41/100
|move|p1a: Overseer|Foul Play|p2a: Ogerpon
|-damage|p2a: Ogerpon|8/100
|
|-weather|RainDance|[upkeep]
|upkeep
|turn|16
|
|t:|1757909321
|move|p2a: Ogerpon|Ivy Cudgel|p1a: Overseer|[anim] Ivy Cudgel Water
|-damage|p1a: Overseer|0 fnt
|faint|p1a: Overseer
|
|-weather|none
|upkeep
|
|t:|1757909323
|switch|p1a: Yagami|Darkrai, shiny|56/100
|turn|17
|
|t:|1757909330
|move|p1a: Yagami|Knock Off|p2a: Ogerpon
|-damage|p2a: Ogerpon|0 fnt
|faint|p2a: Ogerpon
|detailschange|p2: Ogerpon|Ogerpon-Wellspring, F|[silent]
|
|upkeep
|
|t:|1757909345
|switch|p2a: Landorus|Landorus-Therian, M|100/100
|-damage|p2a: Landorus|88/100|[from] Stealth Rock
|-ability|p2a: Landorus|Intimidate|boost
|-unboost|p1a: Yagami|atk|1
|turn|18
|
|t:|1757909350
|move|p2a: Landorus|U-turn|p1a: Yagami
|-supereffective|p1a: Yagami
|-damage|p1a: Yagami|0 fnt
|faint|p1a: Yagami
|
|t:|1757909362
|switch|p2a: Heatran|Heatran, F|33/100|[from] U-turn
|-damage|p2a: Heatran|20/100|[from] Stealth Rock
|
|upkeep
|
|t:|1757909366
|switch|p1a: Avalon|Latios, M, shiny|100/100
|-damage|p1a: Avalon|88/100|[from] Stealth Rock
|turn|19
|
|t:|1757909373
|move|p1a: Avalon|Aura Sphere|p2a: Heatran
|-supereffective|p2a: Heatran
|-damage|p2a: Heatran|0 fnt
|faint|p2a: Heatran
|
|upkeep
|
|t:|1757909395
|switch|p2a: Landorus|Landorus-Therian, M|88/100
|-damage|p2a: Landorus|76/100|[from] Stealth Rock
|-ability|p2a: Landorus|Intimidate|boost
|-unboost|p1a: Avalon|atk|1
|turn|20
|
|t:|1757909406
|-terastallize|p1a: Avalon|Steel
|move|p2a: Landorus|U-turn|p1a: Avalon
|-resisted|p1a: Avalon
|-crit|p1a: Avalon
|-damage|p1a: Avalon|60/100
|
|t:|1757909418
|switch|p2a: Pelipper|Pelipper, F|100/100|[from] U-turn
|-weather|RainDance|[from] ability: Drizzle|[of] p2a: Pelipper
|move|p1a: Avalon|Psychic Noise|p2a: Pelipper
|-damage|p2a: Pelipper|40/100
|-start|p2a: Pelipper|move: Heal Block
|
|-weather|RainDance|[upkeep]
|upkeep
|turn|21
|
|t:|1757909434
|switch|p2a: Dragapult|Dragapult, M|100/100
|-damage|p2a: Dragapult|88/100|[from] Stealth Rock
|move|p1a: Avalon|Psychic Noise|p2a: Dragapult
|-damage|p2a: Dragapult|37/100
|-start|p2a: Dragapult|move: Heal Block
|
|-weather|RainDance|[upkeep]
|upkeep
|turn|22
|
|t:|1757909445
|switch|p1a: Goliath|Ting-Lu|88/100
|-damage|p1a: Goliath|82/100|[from] Stealth Rock
|-ability|p1a: Goliath|Vessel of Ruin
|move|p2a: Dragapult|Hydro Pump|p1a: Goliath
|-supereffective|p1a: Goliath
|-damage|p1a: Goliath|22/100
|
|-weather|RainDance|[upkeep]
|-heal|p1a: Goliath|29/100|[from] item: Leftovers
|-end|p2a: Dragapult|move: Heal Block
|upkeep
|turn|23
|
|t:|1757909456
|move|p2a: Dragapult|Hydro Pump|p1a: Goliath
|-supereffective|p1a: Goliath
|-damage|p1a: Goliath|0 fnt
|faint|p1a: Goliath
|
|-weather|RainDance|[upkeep]
|upkeep
|
|t:|1757909458
|switch|p1a: Cosmic Owl|Fezandipiti, M|100/100
|turn|24
|
|t:|1757909482
|switch|p2a: Landorus|Landorus-Therian, M|76/100
|-damage|p2a: Landorus|64/100|[from] Stealth Rock
|-ability|p2a: Landorus|Intimidate|boost
|-unboost|p1a: Cosmic Owl|atk|1
|move|p1a: Cosmic Owl|Sludge Bomb|p2a: Landorus
|-resisted|p2a: Landorus
|-damage|p2a: Landorus|47/100
|
|-weather|none
|upkeep
|turn|25
|
|t:|1757909493
|switch|p1a: Avalon|Latios, M, shiny, tera:Steel|60/100
|-damage|p1a: Avalon|54/100|[from] Stealth Rock
|move|p2a: Landorus|Bulldoze|p1a: Avalon
|-immune|p1a: Avalon|[from] ability: Levitate
|
|upkeep
|turn|26
|
|t:|1757909498
|switch|p2a: Pelipper|Pelipper, F|40/100
|-weather|RainDance|[from] ability: Drizzle|[of] p2a: Pelipper
|move|p1a: Avalon|Recover|p1a: Avalon
|-heal|p1a: Avalon|100/100
|
|-weather|RainDance|[upkeep]
|upkeep
|turn|27
|
|t:|1757909506
|move|p1a: Avalon|Psychic Noise|p2a: Pelipper
|-damage|p2a: Pelipper|0 fnt
|faint|p2a: Pelipper
|
|-weather|RainDance|[upkeep]
|upkeep
|
|t:|1757909510
|switch|p2a: Dragapult|Dragapult, M|37/100
|-damage|p2a: Dragapult|24/100|[from] Stealth Rock
|turn|28
|
|t:|1757909519
|switch|p1a: Cosmic Owl|Fezandipiti, M|100/100
|move|p2a: Dragapult|Hydro Pump|p1a: Cosmic Owl
|-damage|p1a: Cosmic Owl|56/100
|
|-weather|RainDance|[upkeep]
|upkeep
|turn|29
|
|t:|1757909531
|move|p2a: Dragapult|Hydro Pump|p1a: Cosmic Owl
|-damage|p1a: Cosmic Owl|16/100
|move|p1a: Cosmic Owl|Roost|p1a: Cosmic Owl
|-heal|p1a: Cosmic Owl|66/100
|-singleturn|p1a: Cosmic Owl|move: Roost
|
|-weather|RainDance|[upkeep]
|upkeep
|turn|30
|
|t:|1757909542
|switch|p2a: Rillaboom|Rillaboom, F|100/100
|-damage|p2a: Rillaboom|88/100|[from] Stealth Rock
|-fieldstart|move: Grassy Terrain|[from] ability: Grassy Surge|[of] p2a: Rillaboom
|move|p1a: Cosmic Owl|Roost|p1a: Cosmic Owl
|-heal|p1a: Cosmic Owl|100/100
|-singleturn|p1a: Cosmic Owl|move: Roost
|
|-weather|none
|-heal|p2a: Rillaboom|94/100|[from] Grassy Terrain
|upkeep
|turn|31
|
|t:|1757909552
|move|p2a: Rillaboom|Wood Hammer|p1a: Cosmic Owl
|-resisted|p1a: Cosmic Owl
|-damage|p1a: Cosmic Owl|35/100
|-damage|p2a: Rillaboom|70/100|[from] Recoil
|move|p1a: Cosmic Owl|Sludge Bomb|p2a: Rillaboom
|-supereffective|p2a: Rillaboom
|-damage|p2a: Rillaboom|5/100
|
|-heal|p2a: Rillaboom|11/100|[from] Grassy Terrain
|-heal|p1a: Cosmic Owl|41/100|[from] Grassy Terrain
|upkeep
|turn|32
|
|t:|1757909563
|move|p2a: Rillaboom|Wood Hammer|p1a: Cosmic Owl
|-resisted|p1a: Cosmic Owl
|-crit|p1a: Cosmic Owl
|-damage|p1a: Cosmic Owl|0 fnt
|faint|p1a: Cosmic Owl
|-damage|p2a: Rillaboom|0 fnt|[from] Recoil
|faint|p2a: Rillaboom
|
|upkeep
|
|t:|1757909575
|switch|p2a: Dragapult|Dragapult, M|24/100
|switch|p1a: Avalon|Latios, M, shiny, tera:Steel|100/100
|-damage|p2a: Dragapult|12/100|[from] Stealth Rock
|-damage|p1a: Avalon|95/100|[from] Stealth Rock
|turn|33
|
|t:|1757909584
|move|p2a: Dragapult|Shadow Ball|p1a: Avalon
|-damage|p1a: Avalon|35/100
|move|p1a: Avalon|Psychic Noise|p2a: Dragapult
|-damage|p2a: Dragapult|0 fnt
|faint|p2a: Dragapult
|
|upkeep
|
|t:|1757909592
|switch|p2a: Landorus|Landorus-Therian, M|47/100
|-damage|p2a: Landorus|35/100|[from] Stealth Rock
|-ability|p2a: Landorus|Intimidate|boost
|-unboost|p1a: Avalon|atk|1
|turn|34
|
|t:|1757909600
|move|p2a: Landorus|Stone Edge|p1a: Avalon
|-resisted|p1a: Avalon
|-crit|p1a: Avalon
|-damage|p1a: Avalon|0 fnt
|faint|p1a: Avalon
|
|win|PikachuStupid90
|raw|wafuuuer's rating: 1293 &rarr; <strong>1270</strong><br />(-23 for losing)
|raw|PikachuStupid90's rating: 1319 &rarr; <strong>1338</strong><br />(+19 for winning)
|l|☆wafuuuer
|player|p1|
|l|☆PikachuStupid90
|player|p2|
