|j|☆NewPaimon
|j|☆aehro7_
|t:|1757964672
|gametype|singles
|player|p1|NewPaimon|youngster-gen4dp|1137
|player|p2|aehro7_|266|1087
|gen|9
|tier|[Gen 9] OU
|rated|
|rule|HP Percentage Mod: HP is shown in percentages
|rule|Endless Battle Clause: Forcing endless battles is banned
|rule|Species Clause: Limit one of each Pokémon
|rule|OHKO Clause: OHKO moves are banned
|rule|Evasion Items Clause: Evasion items are banned
|rule|Evasion Moves Clause: Evasion moves are banned
|rule|Evasion Abilities Clause: Evasion abilities are banned
|rule|Sleep Moves Clause: Sleep-inducing moves are banned
|clearpoke
|poke|p1|Araquanid, M|
|poke|p1|Scizor, M|
|poke|p1|Corviknight, M|
|poke|p1|Arboliva, M|
|poke|p1|Pelipper, M|
|poke|p1|Vaporeon, M|
|poke|p2|Gengar, M|
|poke|p2|Samurott-Hisui, F|
|poke|p2|Dragapult, F|
|poke|p2|Great Tusk|
|poke|p2|Heracross, F|
|poke|p2|Cinderace, M|
|teampreview
|
|t:|1757964686
|teamsize|p1|6
|teamsize|p2|6
|start
|switch|p1a: Bad Bug|Araquanid, M, shiny|100/100
|switch|p2a: The answer|Gengar, M, shiny|100/100
|turn|1
|c|☆NewPaimon|Glhf
|
|t:|1757964698
|move|p2a: The answer|Energy Ball|p1a: Bad Bug
|-damage|p1a: Bad Bug|75/100
|move|p1a: Bad Bug|Liquidation|p2a: The answer
|-enditem|p2a: The answer|Focus Sash
|-damage|p2a: The answer|1/100
|-damage|p1a: Bad Bug|65/100|[from] item: Life Orb
|
|upkeep
|turn|2
|
|t:|1757964703
|move|p2a: The answer|Sludge Wave|p1a: Bad Bug
|-damage|p1a: Bad Bug|29/100
|move|p1a: Bad Bug|Sticky Web|p2a: The answer
|-sidestart|p2: aehro7_|move: Sticky Web
|
|upkeep
|turn|3
|
|t:|1757964708
|switch|p1a: Jollibee|Corviknight, M|100/100
|move|p2a: The answer|Sludge Wave|p1a: Jollibee
|-immune|p1a: Jollibee
|
|upkeep
|turn|4
|
|t:|1757964715
|move|p2a: The answer|Shadow Ball|p1a: Jollibee
|-damage|p1a: Jollibee|63/100
|-ability|p1a: Jollibee|Mirror Armor
|-unboost|p2a: The answer|spd|1
|move|p1a: Jollibee|Iron Head|p2a: The answer
|-damage|p2a: The answer|0 fnt
|-start|p1a: Jollibee|Disable|Iron Head|[from] ability: Cursed Body|[of] p2a: The answer
|faint|p2a: The answer
|
|-heal|p1a: Jollibee|69/100|[from] item: Leftovers
|upkeep
|
|t:|1757964729
|switch|p2a: The Process|Dragapult, F, shiny|100/100
|-activate|p2a: The Process|move: Sticky Web
|-unboost|p2a: The Process|spe|1
|turn|5
|
|t:|1757964734
|switch|p2a: 777+|Great Tusk|100/100
|-activate|p2a: 777+|move: Sticky Web
|-unboost|p2a: 777+|spe|1
|switch|p1a: Brine|Pelipper, M, shiny|100/100
|-weather|RainDance|[from] ability: Drizzle|[of] p1a: Brine
|
|-weather|RainDance|[upkeep]
|upkeep
|turn|6
|
|t:|1757964743
|move|p2a: 777+|Rapid Spin|p1a: Brine
|-damage|p1a: Brine|83/100
|-boost|p2a: 777+|spe|1
|-sideend|p2: aehro7_|Sticky Web|[from] move: Rapid Spin|[of] p2a: 777+
|move|p1a: Brine|Weather Ball|p2a: 777+
|-supereffective|p2a: 777+
|-damage|p2a: 777+|0 fnt
|faint|p2a: 777+
|-end|p2a: 777+|Protosynthesis|[silent]
|
|-weather|RainDance|[upkeep]
|upkeep
|
|t:|1757964752
|switch|p2a: JUICE|Samurott-Hisui, F|100/100
|turn|7
|
|t:|1757964756
|move|p2a: JUICE|Ceaseless Edge|p1a: Brine|[miss]
|-miss|p2a: JUICE|p1a: Brine
|move|p1a: Brine|U-turn|p2a: JUICE
|-supereffective|p2a: JUICE
|-damage|p2a: JUICE|79/100
|
|t:|1757964763
|switch|p1a: Bad Bug|Araquanid, M, shiny|29/100|[from] U-turn
|
|-weather|RainDance|[upkeep]
|upkeep
|turn|8
|
|t:|1757964767
|-terastallize|p1a: Bad Bug|Steel
|move|p2a: JUICE|Ceaseless Edge|p1a: Bad Bug
|-damage|p1a: Bad Bug|0 fnt
|-sidestart|p1: NewPaimon|Spikes
|faint|p1a: Bad Bug
|
|-weather|RainDance|[upkeep]
|upkeep
|
|t:|1757964776
|switch|p1a: Shimpaku|Arboliva, M|100/100
|turn|9
|
|t:|1757964779
|move|p1a: Shimpaku|Strength Sap|p2a: JUICE
|-unboost|p2a: JUICE|atk|1
|move|p2a: JUICE|Avalanche|p1a: Shimpaku
|-supereffective|p1a: Shimpaku
|-damage|p1a: Shimpaku|78/100
|-fieldstart|move: Grassy Terrain|[from] ability: Seed Sower|[of] p1a: Shimpaku
|
|-weather|none
|-heal|p2a: JUICE|86/100|[from] Grassy Terrain
|-heal|p1a: Shimpaku|84/100|[from] Grassy Terrain
|upkeep
|turn|10
|
|t:|1757964787
|move|p2a: JUICE|Ceaseless Edge|p1a: Shimpaku
|-damage|p1a: Shimpaku|57/100
|-sidestart|p1: NewPaimon|Spikes
|move|p1a: Shimpaku|Giga Drain|p2a: JUICE
|-supereffective|p2a: JUICE
|-crit|p2a: JUICE
|-damage|p2a: JUICE|0 fnt
|-heal|p1a: Shimpaku|95/100|[from] drain|[of] p2a: JUICE
|faint|p2a: JUICE
|
|-heal|p1a: Shimpaku|100/100|[from] Grassy Terrain
|upkeep
|
|t:|1757964794
|switch|p2a: STEELO🗣|Heracross, F|100/100
|turn|11
|
|t:|1757964804
|move|p2a: STEELO🗣|Megahorn|p1a: Shimpaku
|-supereffective|p1a: Shimpaku
|-damage|p1a: Shimpaku|0 fnt
|faint|p1a: Shimpaku
|-ability|p2a: STEELO🗣|Moxie|boost
|-boost|p2a: STEELO🗣|atk|1
|-damage|p2a: STEELO🗣|91/100|[from] item: Life Orb
|
|-heal|p2a: STEELO🗣|97/100|[from] Grassy Terrain
|upkeep
|
|t:|1757964810
|switch|p1a: Brine|Pelipper, M, shiny|83/100
|-weather|RainDance|[from] ability: Drizzle|[of] p1a: Brine
|turn|12
|
|t:|1757964815
|move|p2a: STEELO🗣|Rock Slide|p1a: Brine
|-supereffective|p1a: Brine
|-damage|p1a: Brine|0 fnt
|faint|p1a: Brine
|-ability|p2a: STEELO🗣|Moxie|boost
|-boost|p2a: STEELO🗣|atk|1
|-damage|p2a: STEELO🗣|87/100|[from] item: Life Orb
|
|-weather|RainDance|[upkeep]
|-heal|p2a: STEELO🗣|93/100|[from] Grassy Terrain
|upkeep
|
|t:|1757964819
|switch|p1a: Vaporeon|Vaporeon, M, shiny|100/100
|-damage|p1a: Vaporeon|84/100|[from] Spikes
|turn|13
|
|t:|1757964825
|move|p2a: STEELO🗣|Knock Off|p1a: Vaporeon
|-damage|p1a: Vaporeon|0 fnt
|-enditem|p1a: Vaporeon|Leftovers|[from] move: Knock Off|[of] p2a: STEELO🗣
|faint|p1a: Vaporeon
|-ability|p2a: STEELO🗣|Moxie|boost
|-boost|p2a: STEELO🗣|atk|1
|-damage|p2a: STEELO🗣|83/100|[from] item: Life Orb
|
|-weather|RainDance|[upkeep]
|-heal|p2a: STEELO🗣|89/100|[from] Grassy Terrain
|-fieldend|move: Grassy Terrain
|upkeep
|
|t:|1757964829
|switch|p1a: Monte|Scizor, M, shiny|100/100
|-damage|p1a: Monte|84/100|[from] Spikes
|turn|14
|
|t:|1757964836
|move|p2a: STEELO🗣|Brick Break|p1a: Monte
|-damage|p1a: Monte|0 fnt
|faint|p1a: Monte
|-ability|p2a: STEELO🗣|Moxie|boost
|-boost|p2a: STEELO🗣|atk|1
|-damage|p2a: STEELO🗣|79/100|[from] item: Life Orb
|
|-weather|RainDance|[upkeep]
|upkeep
|-message|NewPaimon forfeited.
|
|win|aehro7_
|raw|NewPaimon's rating: 1137 &rarr; <strong>1108</strong><br />(-29 for losing)
|raw|aehro7_'s rating: 1087 &rarr; <strong>1118</strong><br />(+31 for winning)
|l|☆NewPaimon
|player|p1|
