|j|☆kikito2009
|j|☆Chuck2025
|t:|1757835262
|gametype|singles
|player|p1|kikito2009|pokemaniac|1179
|player|p2|Chuck2025|dawn|1177
|gen|9
|tier|[Gen 9] OU
|rated|
|rule|HP Percentage Mod: HP is shown in percentages
|rule|Endless Battle Clause: Forcing endless battles is banned
|rule|Species Clause: Limit one of each Pokémon
|rule|OHKO Clause: OHKO moves are banned
|rule|Evasion Items Clause: Evasion items are banned
|rule|Evasion Moves Clause: Evasion moves are banned
|rule|Evasion Abilities Clause: Evasion abilities are banned
|rule|Sleep Moves Clause: Sleep-inducing moves are banned
|clearpoke
|poke|p1|Ogerpon-Wellspring, F|
|poke|p1|Goodra-Hisui, M|
|poke|p1|Coalossal, M|
|poke|p1|Thundurus-Therian, M|
|poke|p1|Orthworm, F|
|poke|p1|Zoroark-Hisui, F|
|poke|p2|Dragonite, F|
|poke|p2|Swampert, F|
|poke|p2|Snorlax, F|
|poke|p2|Iron Hands|
|poke|p2|Zamazenta-*|
|poke|p2|Gliscor, M|
|teampreview
|inactive|Battle timer is ON: inactive players will automatically lose when time's up. (requested by kikito2009)
|inactive|Chuck2025 also wants the timer to be on.
|
|t:|1757835271
|teamsize|p1|6
|teamsize|p2|6
|start
|switch|p1a: Orthworm|Orthworm, F|100/100
|switch|p2a: Gliscor|Gliscor, M|100/100
|turn|1
|
|t:|1757835285
|move|p2a: Gliscor|Earthquake|p1a: Orthworm
|-immune|p1a: Orthworm|[from] ability: Earth Eater
|move|p1a: Orthworm|Stealth Rock|p2a: Gliscor
|-sidestart|p2: Chuck2025|move: Stealth Rock
|
|-status|p2a: Gliscor|tox|[from] item: Toxic Orb
|upkeep
|turn|2
|
|t:|1757835295
|move|p2a: Gliscor|Fire Fang|p1a: Orthworm
|-supereffective|p1a: Orthworm
|-damage|p1a: Orthworm|80/100
|move|p1a: Orthworm|Iron Defense|p1a: Orthworm
|-boost|p1a: Orthworm|def|2
|
|-heal|p1a: Orthworm|86/100|[from] item: Leftovers
|upkeep
|turn|3
|
|t:|1757835303
|move|p2a: Gliscor|Toxic|p1a: Orthworm
|-immune|p1a: Orthworm
|move|p1a: Orthworm|Body Press|p2a: Gliscor
|-resisted|p2a: Gliscor
|-damage|p2a: Gliscor|71/100 tox
|
|-heal|p1a: Orthworm|92/100|[from] item: Leftovers
|-heal|p2a: Gliscor|83/100 tox|[from] ability: Poison Heal
|upkeep
|turn|4
|
|t:|1757835314
|switch|p2a: Iron Hands|Iron Hands, shiny|100/100
|-damage|p2a: Iron Hands|94/100|[from] Stealth Rock
|move|p1a: Orthworm|Iron Defense|p1a: Orthworm
|-boost|p1a: Orthworm|def|2
|
|-heal|p1a: Orthworm|98/100|[from] item: Leftovers
|upkeep
|turn|5
|
|t:|1757835323
|move|p1a: Orthworm|Body Press|p2a: Iron Hands
|-damage|p2a: Iron Hands|29/100
|-damage|p1a: Orthworm|81/100|[from] item: Rocky Helmet|[of] p2a: Iron Hands
|move|p2a: Iron Hands|Drain Punch|p1a: Orthworm
|-supereffective|p1a: Orthworm
|-damage|p1a: Orthworm|65/100
|-heal|p2a: Iron Hands|35/100|[from] drain|[of] p1a: Orthworm
|
|-heal|p1a: Orthworm|71/100|[from] item: Leftovers
|upkeep
|turn|6
|-message|Chuck2025 forfeited.
|
|win|kikito2009
|raw|kikito2009's rating: 1179 &rarr; <strong>1204</strong><br />(+25 for winning)
|raw|Chuck2025's rating: 1177 &rarr; <strong>1152</strong><br />(-25 for losing)
|l|☆Chuck2025
|player|p2|
|l|☆kikito2009
|player|p1|
