|j|☆cravinq
|j|☆osodelclima
|t:|1757797726
|gametype|singles
|player|p1|cravinq|shadowtriad|1264
|player|p2|osodelclima|169|1295
|gen|9
|tier|[Gen 9] OU
|rated|
|rule|HP Percentage Mod: HP is shown in percentages
|rule|Endless Battle Clause: Forcing endless battles is banned
|rule|Species Clause: Limit one of each Pokémon
|rule|OHKO Clause: OHKO moves are banned
|rule|Evasion Items Clause: Evasion items are banned
|rule|Evasion Moves Clause: Evasion moves are banned
|rule|Evasion Abilities Clause: Evasion abilities are banned
|rule|Sleep Moves Clause: Sleep-inducing moves are banned
|clearpoke
|poke|p1|Mamoswine, M|
|poke|p1|Glimmora, M|
|poke|p1|Iron Crown|
|poke|p1|Zamazenta-*|
|poke|p1|Sinistcha|
|poke|p1|Samurott-Hisui, M|
|poke|p2|Lucario, M|
|poke|p2|Tatsugiri, M|
|poke|p2|Kommo-o, M|
|poke|p2|Kyurem|
|poke|p2|Ceruledge, M|
|poke|p2|Quaquaval, F|
|teampreview
|inactive|Battle timer is ON: inactive players will automatically lose when time's up. (requested by osodelclima)
|
|t:|1757797741
|teamsize|p1|6
|teamsize|p2|6
|start
|switch|p1a: Braveheart|Iron Crown|100/100
|switch|p2a: Tatsugiri|Tatsugiri, M|100/100
|turn|1
|
|t:|1757797748
|move|p1a: Braveheart|Psychic Noise|p2a: Tatsugiri
|-damage|p2a: Tatsugiri|24/100
|-start|p2a: Tatsugiri|move: Heal Block
|move|p2a: Tatsugiri|Rapid Spin|p1a: Braveheart
|-resisted|p1a: Braveheart
|-damage|p1a: Braveheart|97/100
|-boost|p2a: Tatsugiri|spe|1
|
|upkeep
|turn|2
|
|t:|1757797760
|move|p2a: Tatsugiri|Surf|p1a: Braveheart
|-damage|p1a: Braveheart|57/100
|move|p1a: Braveheart|Psychic Noise|p2a: Tatsugiri
|-damage|p2a: Tatsugiri|0 fnt
|faint|p2a: Tatsugiri
|
|upkeep
|
|t:|1757797769
|switch|p2a: Ceruledge|Ceruledge, M|100/100
|turn|3
|
|t:|1757797774
|move|p1a: Braveheart|Psychic Noise|p2a: Ceruledge
|-damage|p2a: Ceruledge|32/100
|-start|p2a: Ceruledge|move: Heal Block
|move|p2a: Ceruledge|Poltergeist|p1a: Braveheart
|-activate|p1a: Braveheart|move: Poltergeist|Choice Specs
|-supereffective|p1a: Braveheart
|-damage|p1a: Braveheart|0 fnt
|faint|p1a: Braveheart
|-end|p1a: Braveheart|Quark Drive|[silent]
|
|upkeep
|
|t:|1757797780
|switch|p1a: Jack Sparrow|Samurott-Hisui, M, shiny|100/100
|turn|4
|
|t:|1757797791
|switch|p2a: Quaquaval|Quaquaval, F|100/100
|move|p1a: Jack Sparrow|Ceaseless Edge|p2a: Quaquaval
|-resisted|p2a: Quaquaval
|-damage|p2a: Quaquaval|62/100
|-sidestart|p2: osodelclima|Spikes
|
|-heal|p2a: Quaquaval|68/100|[from] item: Leftovers
|upkeep
|turn|5
|
|t:|1757797802
|switch|p1a: Sagittarius|Sinistcha, shiny|100/100
|move|p2a: Quaquaval|Close Combat|p1a: Sagittarius
|-immune|p1a: Sagittarius
|
|-heal|p2a: Quaquaval|74/100|[from] item: Leftovers
|upkeep
|turn|6
|
|t:|1757797809
|switch|p2a: Ceruledge|Ceruledge, M|32/100
|-damage|p2a: Ceruledge|20/100|[from] Spikes
|move|p1a: Sagittarius|Strength Sap|p2a: Ceruledge
|-unboost|p2a: Ceruledge|atk|1
|
|upkeep
|turn|7
|
|t:|1757797824
|switch|p1a: Bullet|Glimmora, M, shiny|100/100
|move|p2a: Ceruledge|Bitter Blade|p1a: Bullet
|-resisted|p1a: Bullet
|-damage|p1a: Bullet|87/100
|-heal|p2a: Ceruledge|28/100|[from] drain|[of] p1a: Bullet
|-activate|p1a: Bullet|ability: Toxic Debris
|-sidestart|p2: osodelclima|move: Toxic Spikes
|-enditem|p1a: Bullet|Red Card|[of] p2a: Ceruledge
|drag|p2a: Quaquaval|Quaquaval, F|74/100
|-damage|p2a: Quaquaval|62/100|[from] Spikes
|-status|p2a: Quaquaval|psn
|
|-heal|p2a: Quaquaval|68/100 psn|[from] item: Leftovers
|-damage|p2a: Quaquaval|55/100 psn|[from] psn
|upkeep
|turn|8
|
|t:|1757797841
|switch|p1a: Sagittarius|Sinistcha, shiny|100/100
|move|p2a: Quaquaval|Aqua Step|p1a: Sagittarius
|-resisted|p1a: Sagittarius
|-damage|p1a: Sagittarius|87/100
|-boost|p2a: Quaquaval|spe|1
|
|-heal|p2a: Quaquaval|62/100 psn|[from] item: Leftovers
|-damage|p2a: Quaquaval|49/100 psn|[from] psn
|upkeep
|turn|9
|
|t:|1757797848
|switch|p2a: Ceruledge|Ceruledge, M|28/100
|-damage|p2a: Ceruledge|16/100|[from] Spikes
|-status|p2a: Ceruledge|psn
|move|p1a: Sagittarius|Matcha Gotcha|p2a: Ceruledge
|-resisted|p2a: Ceruledge
|-damage|p2a: Ceruledge|0 fnt
|-heal|p1a: Sagittarius|94/100|[from] drain|[of] p2a: Ceruledge
|faint|p2a: Ceruledge
|
|upkeep
|
|t:|1757797861
|switch|p2a: Lucario|Lucario, M|100/100
|-damage|p2a: Lucario|88/100|[from] Spikes
|turn|10
|
|t:|1757797866
|move|p2a: Lucario|Nasty Plot|p2a: Lucario
|-boost|p2a: Lucario|spa|2
|move|p1a: Sagittarius|Shadow Ball|p2a: Lucario
|-damage|p2a: Lucario|32/100
|
|-heal|p2a: Lucario|38/100|[from] item: Leftovers
|upkeep
|turn|11
|
|t:|1757797876
|move|p2a: Lucario|Shadow Ball|p1a: Sagittarius
|-supereffective|p1a: Sagittarius
|-damage|p1a: Sagittarius|0 fnt
|faint|p1a: Sagittarius
|
|-heal|p2a: Lucario|44/100|[from] item: Leftovers
|upkeep
|
|t:|1757797879
|switch|p1a: Trojan|Zamazenta, shiny|100/100
|-ability|p1a: Trojan|Dauntless Shield|boost
|-boost|p1a: Trojan|def|1
|turn|12
|
|t:|1757797889
|-terastallize|p2a: Lucario|Ghost
|move|p1a: Trojan|Close Combat|p2a: Lucario
|-immune|p2a: Lucario
|move|p2a: Lucario|Shadow Ball|p1a: Trojan
|-damage|p1a: Trojan|34/100
|
|-heal|p2a: Lucario|50/100|[from] item: Leftovers
|upkeep
|turn|13
|
|t:|1757797910
|switch|p1a: Bullet|Glimmora, M, shiny|87/100
|move|p2a: Lucario|Vacuum Wave|p1a: Bullet
|-crit|p1a: Bullet
|-damage|p1a: Bullet|36/100
|
|-heal|p2a: Lucario|56/100|[from] item: Leftovers
|upkeep
|turn|14
|
|t:|1757797922
|move|p2a: Lucario|Vacuum Wave|p1a: Bullet
|-damage|p1a: Bullet|3/100
|move|p1a: Bullet|Earth Power|p2a: Lucario
|-damage|p2a: Lucario|17/100
|
|-heal|p2a: Lucario|23/100|[from] item: Leftovers
|upkeep
|turn|15
|
|t:|1757797931
|move|p2a: Lucario|Vacuum Wave|p1a: Bullet
|-damage|p1a: Bullet|0 fnt
|faint|p1a: Bullet
|
|-heal|p2a: Lucario|29/100|[from] item: Leftovers
|upkeep
|inactive|cravinq has 120 seconds left.
|
|t:|1757797964
|switch|p1a: Behemoth|Mamoswine, M, shiny|100/100
|turn|16
|
|t:|1757797971
|-terastallize|p1a: Behemoth|Fairy
|move|p2a: Lucario|Vacuum Wave|p1a: Behemoth
|-resisted|p1a: Behemoth
|-damage|p1a: Behemoth|74/100
|move|p1a: Behemoth|Tera Blast|p2a: Lucario|[anim] Tera Blast Fairy
|-damage|p2a: Lucario|0 fnt
|faint|p2a: Lucario
|
|upkeep
|
|t:|1757797982
|switch|p2a: Kyurem|Kyurem|100/100
|-damage|p2a: Kyurem|88/100|[from] Spikes
|-status|p2a: Kyurem|psn
|-ability|p2a: Kyurem|Pressure
|turn|17
|
|t:|1757797993
|move|p2a: Kyurem|Icicle Spear|p1a: Behemoth
|-crit|p1a: Behemoth
|-damage|p1a: Behemoth|61/100
|-damage|p1a: Behemoth|53/100
|-damage|p1a: Behemoth|44/100
|-damage|p1a: Behemoth|36/100
|-hitcount|p1a: Behemoth|4
|move|p1a: Behemoth|Tera Blast|p2a: Kyurem|[anim] Tera Blast Fairy
|-supereffective|p2a: Kyurem
|-damage|p2a: Kyurem|0 fnt
|faint|p2a: Kyurem
|
|upkeep
|-message|osodelclima forfeited.
|
|win|cravinq
|raw|cravinq's rating: 1264 &rarr; <strong>1291</strong><br />(+27 for winning)
|raw|osodelclima's rating: 1295 &rarr; <strong>1268</strong><br />(-27 for losing)
|l|☆osodelclima
|player|p2|
|l|☆cravinq
|player|p1|
