|badge|p2|bronze|gen9ou|100-6
|uhtml|medal-msg|<div class="broadcast-blue">Curious what those medals under the avatar are? PS now has Ladder Seasons! For more information, check out the <a href="https://www.smogon.com/forums/threads/3740067/">thread on Smogon.</a></div>
|j|☆Mr Tpen
|j|☆peewee mcgee xxx
|t:|1757854521
|gametype|singles
|player|p1|Mr Tpen|2|1770
|player|p2|peewee mcgee xxx|102|1851
|gen|9
|tier|[Gen 9] OU
|rated|
|rule|HP Percentage Mod: HP is shown in percentages
|rule|Endless Battle Clause: Forcing endless battles is banned
|rule|Species Clause: Limit one of each Pokémon
|rule|OHKO Clause: OHKO moves are banned
|rule|Evasion Items Clause: Evasion items are banned
|rule|Evasion Moves Clause: Evasion moves are banned
|rule|Evasion Abilities Clause: Evasion abilities are banned
|rule|Sleep Moves Clause: Sleep-inducing moves are banned
|clearpoke
|poke|p1|Enamorus, F|
|poke|p1|Kyurem|
|poke|p1|Landorus-Therian, M|
|poke|p1|Kingambit, F|
|poke|p1|Ogerpon-Wellspring, F|
|poke|p1|Glimmora, F|
|poke|p2|Alomomola, F|
|poke|p2|Sinistcha-Masterpiece|
|poke|p2|Scizor, M|
|poke|p2|Cinderace, F|
|poke|p2|Zamazenta-*|
|poke|p2|Kyurem|
|teampreview
|j| Nikator98
|inactive|Battle timer is ON: inactive players will automatically lose when time's up. (requested by peewee mcgee xxx)
|
|t:|1757854540
|teamsize|p1|6
|teamsize|p2|6
|start
|switch|p1a: Ogerpon|Ogerpon-Wellspring, F|100/100
|switch|p2a: Scizor|Scizor, M|100/100
|turn|1
|l| Nikator98
|
|t:|1757854550
|move|p2a: Scizor|Bullet Punch|p1a: Ogerpon
|-resisted|p1a: Ogerpon
|-damage|p1a: Ogerpon|66/100
|move|p1a: Ogerpon|U-turn|p2a: Scizor
|-resisted|p2a: Scizor
|-damage|p2a: Scizor|87/100
|
|t:|1757854553
|switch|p1a: Landorus|Landorus-Therian, M|100/100|[from] U-turn
|-ability|p1a: Landorus|Intimidate|boost
|-unboost|p2a: Scizor|atk|1
|
|upkeep
|turn|2
|
|t:|1757854557
|switch|p2a: Sinistcha|Sinistcha-Masterpiece|100/100
|move|p1a: Landorus|Stealth Rock|p2a: Sinistcha
|-sidestart|p2: peewee mcgee xxx|move: Stealth Rock
|
|upkeep
|turn|3
|
|t:|1757854562
|switch|p1a: Kyurem|Kyurem|100/100
|-ability|p1a: Kyurem|Pressure
|move|p2a: Sinistcha|Matcha Gotcha|p1a: Kyurem
|-resisted|p1a: Kyurem
|-damage|p1a: Kyurem|85/100
|
|upkeep
|turn|4
|
|t:|1757854569
|switch|p2a: Alomomola|Alomomola, F|100/100
|-damage|p2a: Alomomola|88/100|[from] Stealth Rock
|move|p1a: Kyurem|Ice Beam|p2a: Alomomola
|-resisted|p2a: Alomomola
|-damage|p2a: Alomomola|76/100
|
|upkeep
|turn|5
|
|t:|1757854576
|switch|p1a: Ogerpon|Ogerpon-Wellspring, F|66/100
|switch|p2a: Cinderace|Cinderace, F|100/100
|
|upkeep
|turn|6
|
|t:|1757854584
|switch|p1a: Glimmora|Glimmora, F|100/100
|move|p2a: Cinderace|Pyro Ball|p1a: Glimmora
|-resisted|p1a: Glimmora
|-damage|p1a: Glimmora|81/100
|-status|p1a: Glimmora|brn
|-activate|p1a: Glimmora|ability: Toxic Debris
|-sidestart|p2: peewee mcgee xxx|move: Toxic Spikes
|-enditem|p1a: Glimmora|Red Card|[of] p2a: Cinderace
|drag|p2a: Zamazenta|Zamazenta|100/100
|-damage|p2a: Zamazenta|94/100|[from] Stealth Rock
|-status|p2a: Zamazenta|psn
|-ability|p2a: Zamazenta|Dauntless Shield|boost
|-boost|p2a: Zamazenta|def|1
|
|-heal|p2a: Zamazenta|100/100 psn|[from] item: Leftovers
|-damage|p2a: Zamazenta|88/100 psn|[from] psn
|-damage|p1a: Glimmora|74/100 brn|[from] brn
|upkeep
|turn|7
|
|t:|1757854593
|switch|p1a: Enamorus|Enamorus, F|100/100
|move|p2a: Zamazenta|Body Press|p1a: Enamorus
|-resisted|p1a: Enamorus
|-damage|p1a: Enamorus|84/100
|
|-heal|p2a: Zamazenta|94/100 psn|[from] item: Leftovers
|-damage|p2a: Zamazenta|82/100 psn|[from] psn
|upkeep
|turn|8
|
|t:|1757854600
|switch|p2a: Alomomola|Alomomola, F|100/100
|-damage|p2a: Alomomola|88/100|[from] Stealth Rock
|-status|p2a: Alomomola|psn
|move|p1a: Enamorus|Superpower|p2a: Alomomola
|-damage|p2a: Alomomola|63/100 psn
|-boost|p1a: Enamorus|atk|1
|-boost|p1a: Enamorus|def|1
|
|-damage|p2a: Alomomola|51/100 psn|[from] psn
|upkeep
|turn|9
|
|t:|1757854605
|move|p1a: Enamorus|Superpower|p2a: Alomomola
|-damage|p2a: Alomomola|12/100 psn
|-boost|p1a: Enamorus|atk|1
|-boost|p1a: Enamorus|def|1
|move|p2a: Alomomola|Flip Turn|p1a: Enamorus
|-damage|p1a: Enamorus|71/100
|
|t:|1757854611
|switch|p2a: Scizor|Scizor, M|87/100|[from] Flip Turn
|-damage|p2a: Scizor|74/100|[from] Stealth Rock
|
|upkeep
|turn|10
|
|t:|1757854614
|switch|p1a: Landorus|Landorus-Therian, M|100/100
|-ability|p1a: Landorus|Intimidate|boost
|-unboost|p2a: Scizor|atk|1
|move|p2a: Scizor|Bullet Punch|p1a: Landorus
|-damage|p1a: Landorus|69/100
|-damage|p2a: Scizor|58/100|[from] item: Rocky Helmet|[of] p1a: Landorus
|
|upkeep
|turn|11
|
|t:|1757854622
|switch|p1a: Ogerpon|Ogerpon-Wellspring, F|66/100
|move|p2a: Scizor|Bullet Punch|p1a: Ogerpon
|-resisted|p1a: Ogerpon
|-damage|p1a: Ogerpon|41/100
|
|upkeep
|turn|12
|
|t:|1757854628
|switch|p2a: Alomomola|Alomomola, F|45/100 psn
|-damage|p2a: Alomomola|33/100 psn|[from] Stealth Rock
|move|p1a: Ogerpon|Knock Off|p2a: Alomomola
|-damage|p2a: Alomomola|4/100 psn
|-enditem|p2a: Alomomola|Assault Vest|[from] move: Knock Off|[of] p1a: Ogerpon
|
|-damage|p2a: Alomomola|0 fnt|[from] psn
|faint|p2a: Alomomola
|upkeep
|
|t:|1757854631
|switch|p2a: Cinderace|Cinderace, F|100/100
|turn|13
|
|t:|1757854635
|switch|p1a: Landorus|Landorus-Therian, M|69/100
|-ability|p1a: Landorus|Intimidate|boost
|-unboost|p2a: Cinderace|atk|1
|move|p2a: Cinderace|Pyro Ball|p1a: Landorus|[miss]
|-miss|p2a: Cinderace|p1a: Landorus
|
|upkeep
|turn|14
|
|t:|1757854643
|switch|p2a: Sinistcha|Sinistcha-Masterpiece|100/100
|-damage|p2a: Sinistcha|88/100|[from] Stealth Rock
|-status|p2a: Sinistcha|psn
|switch|p1a: Glimmora|Glimmora, F|74/100 brn
|
|-heal|p2a: Sinistcha|94/100 psn|[from] item: Leftovers
|-damage|p2a: Sinistcha|82/100 psn|[from] psn
|-damage|p1a: Glimmora|68/100 brn|[from] brn
|upkeep
|turn|15
|
|t:|1757854652
|switch|p1a: Ogerpon|Ogerpon-Wellspring, F|41/100
|move|p2a: Sinistcha|Matcha Gotcha|p1a: Ogerpon
|-damage|p1a: Ogerpon|0 fnt
|-heal|p2a: Sinistcha|99/100 psn|[from] drain|[of] p1a: Ogerpon
|faint|p1a: Ogerpon
|
|-heal|p2a: Sinistcha|100/100 psn|[from] item: Leftovers
|-damage|p2a: Sinistcha|88/100 psn|[from] psn
|upkeep
|
|t:|1757854655
|switch|p1a: Kyurem|Kyurem|85/100
|-ability|p1a: Kyurem|Pressure
|turn|16
|j| wgw2333
|
|t:|1757854660
|move|p1a: Kyurem|Ice Beam|p2a: Sinistcha
|-supereffective|p2a: Sinistcha
|-damage|p2a: Sinistcha|0 fnt
|faint|p2a: Sinistcha
|
|upkeep
|
|t:|1757854662
|switch|p2a: Cinderace|Cinderace, F|100/100
|turn|17
|
|t:|1757854673
|switch|p1a: Glimmora|Glimmora, F|68/100 brn
|move|p2a: Cinderace|Pyro Ball|p1a: Glimmora
|-resisted|p1a: Glimmora
|-damage|p1a: Glimmora|46/100 brn
|-activate|p1a: Glimmora|ability: Toxic Debris
|-sidestart|p2: peewee mcgee xxx|move: Toxic Spikes
|
|-damage|p1a: Glimmora|40/100 brn|[from] brn
|upkeep
|turn|18
|
|t:|1757854681
|switch|p1a: Landorus|Landorus-Therian, M|69/100
|-ability|p1a: Landorus|Intimidate|boost
|-unboost|p2a: Cinderace|atk|1
|move|p2a: Cinderace|U-turn|p1a: Landorus
|-start|p2a: Cinderace|typechange|Bug|[from] ability: Libero
|-resisted|p1a: Landorus
|-damage|p1a: Landorus|58/100
|-damage|p2a: Cinderace|84/100|[from] item: Rocky Helmet|[of] p1a: Landorus
|
|t:|1757854687
|switch|p2a: Scizor|Scizor, M|58/100|[from] U-turn
|-damage|p2a: Scizor|45/100|[from] Stealth Rock
|
|upkeep
|turn|19
|
|t:|1757854701
|-terastallize|p2a: Scizor|Steel
|move|p2a: Scizor|Bullet Punch|p1a: Landorus
|-damage|p1a: Landorus|0 fnt
|-damage|p2a: Scizor|29/100|[from] item: Rocky Helmet|[of] p1a: Landorus
|faint|p1a: Landorus
|
|upkeep
|
|t:|1757854708
|switch|p1a: Kingambit|Kingambit, F|100/100
|-activate|p1a: Kingambit|ability: Supreme Overlord
|-start|p1a: Kingambit|fallen2|[silent]
|-item|p1a: Kingambit|Air Balloon
|turn|20
|
|t:|1757854714
|switch|p2a: Zamazenta|Zamazenta|82/100 psn
|-damage|p2a: Zamazenta|76/100 psn|[from] Stealth Rock
|move|p1a: Kingambit|Low Kick|p2a: Zamazenta
|-damage|p2a: Zamazenta|34/100 psn
|
|-heal|p2a: Zamazenta|41/100 psn|[from] item: Leftovers
|-damage|p2a: Zamazenta|28/100 psn|[from] psn
|upkeep
|turn|21
|
|t:|1757854719
|-end|p1a: Kingambit|fallen2|[silent]
|switch|p1a: Enamorus|Enamorus, F|71/100
|move|p2a: Zamazenta|Body Press|p1a: Enamorus
|-resisted|p1a: Enamorus
|-damage|p1a: Enamorus|60/100
|
|-heal|p2a: Zamazenta|34/100 psn|[from] item: Leftovers
|-damage|p2a: Zamazenta|22/100 psn|[from] psn
|upkeep
|turn|22
|
|t:|1757854722
|move|p2a: Zamazenta|Body Press|p1a: Enamorus
|-resisted|p1a: Enamorus
|-damage|p1a: Enamorus|49/100
|move|p1a: Enamorus|Superpower|p2a: Zamazenta
|-damage|p2a: Zamazenta|0 fnt
|-boost|p1a: Enamorus|atk|1
|-boost|p1a: Enamorus|def|1
|faint|p2a: Zamazenta
|
|upkeep
|j| AmGodzchild
|
|t:|1757854729
|switch|p2a: Scizor|Scizor, M, tera:Steel|29/100
|-damage|p2a: Scizor|23/100|[from] Stealth Rock
|turn|23
|
|t:|1757854734
|move|p2a: Scizor|Bullet Punch|p1a: Enamorus
|-supereffective|p1a: Enamorus
|-damage|p1a: Enamorus|0 fnt
|faint|p1a: Enamorus
|
|upkeep
|
|t:|1757854736
|switch|p1a: Kingambit|Kingambit, F|100/100
|-activate|p1a: Kingambit|ability: Supreme Overlord
|-start|p1a: Kingambit|fallen3|[silent]
|-item|p1a: Kingambit|Air Balloon
|turn|24
|
|t:|1757854744
|move|p2a: Scizor|Bullet Punch|p1a: Kingambit
|-resisted|p1a: Kingambit
|-damage|p1a: Kingambit|70/100
|-enditem|p1a: Kingambit|Air Balloon
|move|p1a: Kingambit|Low Kick|p2a: Scizor
|-supereffective|p2a: Scizor
|-damage|p2a: Scizor|0 fnt
|faint|p2a: Scizor
|
|upkeep
|
|t:|1757854747
|switch|p2a: Cinderace|Cinderace, F|84/100
|turn|25
|
|t:|1757854750
|-end|p1a: Kingambit|fallen3|[silent]
|switch|p1a: Glimmora|Glimmora, F|40/100 brn
|move|p2a: Cinderace|Court Change|p2a: Cinderace
|-start|p2a: Cinderace|typechange|Normal|[from] ability: Libero
|-swapsideconditions
|-activate|p2a: Cinderace|move: Court Change
|
|-damage|p1a: Glimmora|33/100 brn|[from] brn
|upkeep
|turn|26
|
|t:|1757854753
|switch|p2a: Kyurem|Kyurem|100/100
|-ability|p2a: Kyurem|Pressure
|move|p1a: Glimmora|Mortal Spin|p2a: Kyurem
|-damage|p2a: Kyurem|98/100
|-status|p2a: Kyurem|psn
|-sideend|p1: Mr Tpen|Toxic Spikes|[from] move: Mortal Spin|[of] p1a: Glimmora
|-sideend|p1: Mr Tpen|Stealth Rock|[from] move: Mortal Spin|[of] p1a: Glimmora
|
|-damage|p2a: Kyurem|85/100 psn|[from] psn
|-damage|p1a: Glimmora|27/100 brn|[from] brn
|upkeep
|turn|27
|
|t:|1757854758
|move|p2a: Kyurem|Earth Power|p1a: Glimmora
|-supereffective|p1a: Glimmora
|-damage|p1a: Glimmora|0 fnt
|faint|p1a: Glimmora
|
|-damage|p2a: Kyurem|73/100 psn|[from] psn
|upkeep
|
|t:|1757854760
|switch|p1a: Kyurem|Kyurem|85/100
|-ability|p1a: Kyurem|Pressure
|turn|28
|
|t:|1757854763
|move|p1a: Kyurem|Draco Meteor|p2a: Kyurem
|-supereffective|p2a: Kyurem
|-damage|p2a: Kyurem|0 fnt
|-unboost|p1a: Kyurem|spa|2
|faint|p2a: Kyurem
|
|upkeep
|
|t:|1757854765
|switch|p2a: Cinderace|Cinderace, F|84/100
|turn|29
|
|t:|1757854767
|switch|p1a: Kingambit|Kingambit, F|70/100
|-activate|p1a: Kingambit|ability: Supreme Overlord
|-start|p1a: Kingambit|fallen4|[silent]
|move|p2a: Cinderace|Pyro Ball|p1a: Kingambit
|-supereffective|p1a: Kingambit
|-damage|p1a: Kingambit|0 fnt
|faint|p1a: Kingambit
|-end|p1a: Kingambit|fallen4|[silent]
|
|upkeep
|
|t:|1757854769
|switch|p1a: Kyurem|Kyurem|85/100
|-ability|p1a: Kyurem|Pressure
|turn|30
|
|t:|1757854771
|move|p1a: Kyurem|Earth Power|p2a: Cinderace
|-supereffective|p2a: Cinderace
|-damage|p2a: Cinderace|0 fnt
|faint|p2a: Cinderace
|
|win|Mr Tpen
|raw|Mr Tpen's rating: 1770 &rarr; <strong>1795</strong><br />(+25 for winning)
|raw|peewee mcgee xxx's rating: 1851 &rarr; <strong>1826</strong><br />(-25 for losing)
|l|☆peewee mcgee xxx
|player|p2|
|l|☆Mr Tpen
|player|p1|
|l| wgw2333
