|j|☆xiaoshenyoukaigual
|j|☆Jirachi75
|t:|1757935825
|gametype|singles
|player|p1|xiaoshenyoukaigual|hilbert|1328
|player|p2|Jirachi75|169|1401
|gen|9
|tier|[Gen 9] OU
|rated|
|rule|HP Percentage Mod: HP is shown in percentages
|rule|Endless Battle Clause: Forcing endless battles is banned
|rule|Species Clause: Limit one of each Pokémon
|rule|OHKO Clause: OHKO moves are banned
|rule|Evasion Items Clause: Evasion items are banned
|rule|Evasion Moves Clause: Evasion moves are banned
|rule|Evasion Abilities Clause: Evasion abilities are banned
|rule|Sleep Moves Clause: Sleep-inducing moves are banned
|clearpoke
|poke|p1|Garganacl, M|
|poke|p1|Clodsire, M|
|poke|p1|Corviknight, F|
|poke|p1|Alomomola, F|
|poke|p1|Skeledirge, F|
|poke|p1|Ogerpon-Wellspring, F|
|poke|p2|Whimsicott, F|
|poke|p2|Alomomola, M|
|poke|p2|Volcanion|
|poke|p2|Great Tusk|
|poke|p2|Slowking-Galar, F|
|poke|p2|Arcanine-Hisui, M|
|teampreview
|inactive|Battle timer is ON: inactive players will automatically lose when time's up. (requested by xiaoshenyoukaigual)
|
|t:|1757935863
|teamsize|p1|6
|teamsize|p2|6
|start
|switch|p1a: Garganacl|Garganacl, M|100/100
|switch|p2a: Volcanion|Volcanion|100/100
|turn|1
|
|t:|1757935870
|move|p2a: Volcanion|Steam Eruption|p1a: Garganacl
|-supereffective|p1a: Garganacl
|-damage|p1a: Garganacl|10/100
|move|p1a: Garganacl|Salt Cure|p2a: Volcanion
|-supereffective|p2a: Volcanion
|-crit|p2a: Volcanion
|-damage|p2a: Volcanion|60/100
|-start|p2a: Volcanion|Salt Cure
|
|-heal|p1a: Garganacl|16/100|[from] item: Leftovers
|-damage|p2a: Volcanion|35/100|[from] Salt Cure
|upkeep
|turn|2
|
|t:|1757935884
|switch|p2a: Great Tusk|Great Tusk|100/100
|move|p1a: Garganacl|Protect||[still]
|-fail|p1a: Garganacl
|
|-heal|p1a: Garganacl|22/100|[from] item: Leftovers
|upkeep
|turn|3
|
|t:|1757935896
|switch|p1a: Alomomola|Alomomola, F|100/100
|move|p2a: Great Tusk|Earthquake|p1a: Alomomola
|-damage|p1a: Alomomola|76/100
|
|-heal|p1a: Alomomola|83/100|[from] item: Leftovers
|upkeep
|turn|4
|
|t:|1757935902
|move|p2a: Great Tusk|Knock Off|p1a: Alomomola
|-crit|p1a: Alomomola
|-damage|p1a: Alomomola|59/100
|-enditem|p1a: Alomomola|Leftovers|[from] move: Knock Off|[of] p2a: Great Tusk
|move|p1a: Alomomola|Wish|p1a: Alomomola
|
|upkeep
|turn|5
|
|t:|1757935913
|-end|p2a: Great Tusk|Protosynthesis|[silent]
|switch|p2a: Volcanion|Volcanion|35/100
|move|p1a: Alomomola|Flip Turn|p2a: Volcanion
|-heal|p2a: Volcanion|60/100|[from] ability: Water Absorb|[of] p1a: Alomomola
|
|-heal|p1a: Alomomola|100/100|[from] move: Wish|[wisher] Alomomola
|upkeep
|turn|6
|
|t:|1757935926
|move|p2a: Volcanion|Will-O-Wisp|p1a: Alomomola
|-status|p1a: Alomomola|brn
|move|p1a: Alomomola|Wish|p1a: Alomomola
|
|-damage|p1a: Alomomola|94/100 brn|[from] brn
|upkeep
|turn|7
|
|t:|1757935936
|switch|p1a: Ogerpon|Ogerpon-Wellspring, F|100/100
|move|p2a: Volcanion|Steam Eruption|p1a: Ogerpon
|-immune|p1a: Ogerpon|[from] ability: Water Absorb
|
|upkeep
|turn|8
|
|t:|1757935954
|switch|p2a: Slowking|Slowking-Galar, F|100/100
|move|p1a: Ogerpon|Horn Leech|p2a: Slowking
|-resisted|p2a: Slowking
|-damage|p2a: Slowking|79/100
|
|upkeep
|turn|9
|
|t:|1757935962
|switch|p1a: Alomomola|Alomomola, F|100/100 brn
|-prepare|p2a: Slowking|Chilly Reception|[premajor]
|move|p2a: Slowking|Chilly Reception|p2a: Slowking
|-weather|Snowscape
|
|t:|1757935968
|switch|p2a: Volcanion|Volcanion|60/100|[from] Chilly Reception
|
|-weather|Snowscape|[upkeep]
|-damage|p1a: Alomomola|94/100 brn|[from] brn
|upkeep
|turn|10
|
|t:|1757935978
|move|p2a: Volcanion|Earth Power|p1a: Alomomola
|-damage|p1a: Alomomola|64/100 brn
|move|p1a: Alomomola|Wish|p1a: Alomomola
|
|-weather|Snowscape|[upkeep]
|-damage|p1a: Alomomola|57/100 brn|[from] brn
|upkeep
|turn|11
|
|t:|1757935989
|switch|p1a: Ogerpon|Ogerpon-Wellspring, F|100/100
|move|p2a: Volcanion|Earth Power|p1a: Ogerpon
|-resisted|p1a: Ogerpon
|-damage|p1a: Ogerpon|84/100
|
|-weather|Snowscape|[upkeep]
|-heal|p1a: Ogerpon|100/100|[from] move: Wish|[wisher] Alomomola
|upkeep
|turn|12
|
|t:|1757935997
|move|p1a: Ogerpon|Swords Dance|p1a: Ogerpon
|-boost|p1a: Ogerpon|atk|2
|move|p2a: Volcanion|Will-O-Wisp|p1a: Ogerpon
|-status|p1a: Ogerpon|brn
|
|-weather|Snowscape|[upkeep]
|-damage|p1a: Ogerpon|95/100 brn|[from] brn
|upkeep
|turn|13
|
|t:|1757936007
|switch|p2a: Farfi|Whimsicott, F|100/100
|move|p1a: Ogerpon|Horn Leech|p2a: Farfi
|-resisted|p2a: Farfi
|-damage|p2a: Farfi|65/100
|-heal|p1a: Ogerpon|100/100 brn|[from] drain|[of] p2a: Farfi
|
|-weather|none
|-damage|p1a: Ogerpon|95/100 brn|[from] brn
|upkeep
|turn|14
|
|t:|1757936019
|move|p2a: Farfi|Moonblast|p1a: Ogerpon
|-damage|p1a: Ogerpon|54/100 brn
|move|p1a: Ogerpon|U-turn|p2a: Farfi
|-damage|p2a: Farfi|27/100
|
|t:|1757936023
|switch|p1a: Skeledirge|Skeledirge, F|100/100|[from] U-turn
|
|upkeep
|turn|15
|
|t:|1757936032
|move|p2a: Farfi|U-turn|p1a: Skeledirge
|-resisted|p1a: Skeledirge
|-damage|p1a: Skeledirge|99/100
|
|t:|1757936035
|switch|p2a: Arcanine|Arcanine-Hisui, M|100/100|[from] U-turn
|move|p1a: Skeledirge|Torch Song|p2a: Arcanine
|-resisted|p2a: Arcanine
|-damage|p2a: Arcanine|91/100
|-boost|p1a: Skeledirge|spa|1
|
|-heal|p1a: Skeledirge|100/100|[from] item: Leftovers
|upkeep
|turn|16
|
|t:|1757936044
|move|p2a: Arcanine|Head Smash|p1a: Skeledirge
|-supereffective|p1a: Skeledirge
|-damage|p1a: Skeledirge|0 fnt
|faint|p1a: Skeledirge
|
|upkeep
|
|t:|1757936049
|switch|p1a: Ogerpon|Ogerpon-Wellspring, F|54/100 brn
|turn|17
|
|t:|1757936060
|switch|p2a: Slowking|Slowking-Galar, F|100/100
|move|p1a: Ogerpon|Horn Leech|p2a: Slowking
|-resisted|p2a: Slowking
|-damage|p2a: Slowking|89/100
|-heal|p1a: Ogerpon|62/100 brn|[from] drain|[of] p2a: Slowking
|
|-damage|p1a: Ogerpon|56/100 brn|[from] brn
|upkeep
|turn|18
|
|t:|1757936069
|move|p1a: Ogerpon|U-turn|p2a: Slowking
|-damage|p2a: Slowking|76/100
|
|t:|1757936072
|switch|p1a: Corviknight|Corviknight, F|100/100|[from] U-turn
|-ability|p1a: Corviknight|Unnerve
|-prepare|p2a: Slowking|Chilly Reception|[premajor]
|move|p2a: Slowking|Chilly Reception|p2a: Slowking
|-weather|Snowscape
|-message|xiaoshenyoukaigual forfeited.
|
|win|Jirachi75
|raw|xiaoshenyoukaigual's rating: 1328 &rarr; <strong>1312</strong><br />(-16 for losing)
|raw|Jirachi75's rating: 1401 &rarr; <strong>1417</strong><br />(+16 for winning)
|l|☆xiaoshenyoukaigual
|player|p1|
