|j|☆ABraviousTinkaton
|j|☆Obito 2001
|t:|1757843280
|gametype|singles
|player|p1|ABraviousTinkaton|miku-ice|1643
|player|p2|Obito 2001|blue-gen3two|1692
|gen|9
|tier|[Gen 9] OU
|rated|
|rule|HP Percentage Mod: HP is shown in percentages
|rule|Endless Battle Clause: Forcing endless battles is banned
|rule|Species Clause: Limit one of each Pokémon
|rule|OHKO Clause: OHKO moves are banned
|rule|Evasion Items Clause: Evasion items are banned
|rule|Evasion Moves Clause: Evasion moves are banned
|rule|Evasion Abilities Clause: Evasion abilities are banned
|rule|Sleep Moves Clause: Sleep-inducing moves are banned
|clearpoke
|poke|p1|Iron Moth|
|poke|p1|Ting-Lu|
|poke|p1|Torkoal, M|
|poke|p1|Walking Wake|
|poke|p1|Great Tusk|
|poke|p1|Slither Wing|
|poke|p2|Ogerpon-Wellspring, F|
|poke|p2|Dragonite, M|
|poke|p2|Landorus-Therian, M|
|poke|p2|Weezing-Galar, M|
|poke|p2|Glimmora, F|
|poke|p2|Gholdengo|
|teampreview
|inactive|Battle timer is ON: inactive players will automatically lose when time's up. (requested by Obito 2001)
|
|t:|1757843293
|teamsize|p1|6
|teamsize|p2|6
|start
|switch|p1a: Torkoal|Torkoal, M|100/100
|switch|p2a: Ban me asap|Dragonite, M|100/100
|-weather|SunnyDay|[from] ability: Drought|[of] p1a: Torkoal
|turn|1
|
|t:|1757843307
|switch|p2a: Ban my ability|Glimmora, F|100/100
|move|p1a: Torkoal|Will-O-Wisp|p2a: Ban my ability
|-status|p2a: Ban my ability|brn
|
|-weather|SunnyDay|[upkeep]
|-damage|p2a: Ban my ability|94/100 brn|[from] brn
|upkeep
|turn|2
|
|t:|1757843314
|switch|p1a: Iron Moth|Iron Moth|100/100
|move|p2a: Ban my ability|Stealth Rock|p1a: Iron Moth
|-sidestart|p1: ABraviousTinkaton|move: Stealth Rock
|
|-weather|SunnyDay|[upkeep]
|-damage|p2a: Ban my ability|88/100 brn|[from] brn
|upkeep
|turn|3
|
|t:|1757843318
|move|p1a: Iron Moth|Psychic|p2a: Ban my ability
|-supereffective|p2a: Ban my ability
|-damage|p2a: Ban my ability|8/100 brn
|-enditem|p2a: Ban my ability|Red Card|[of] p1a: Iron Moth
|-end|p1a: Iron Moth|Quark Drive|[silent]
|drag|p1a: Great Tusk|Great Tusk|100/100
|-activate|p1a: Great Tusk|ability: Protosynthesis
|-start|p1a: Great Tusk|protosynthesisspe
|move|p2a: Ban my ability|Earth Power|p1a: Great Tusk
|-crit|p1a: Great Tusk
|-damage|p1a: Great Tusk|47/100
|
|-weather|SunnyDay|[upkeep]
|-damage|p2a: Ban my ability|2/100 brn|[from] brn
|upkeep
|turn|4
|
|t:|1757843326
|switch|p2a: Here for Corv|Gholdengo|100/100
|-item|p2a: Here for Corv|Air Balloon
|move|p1a: Great Tusk|Ice Spinner|p2a: Here for Corv
|-resisted|p2a: Here for Corv
|-damage|p2a: Here for Corv|92/100
|-enditem|p2a: Here for Corv|Air Balloon
|
|-weather|SunnyDay|[upkeep]
|upkeep
|turn|5
|
|t:|1757843328
|switch|p2a: Ban my ability|Glimmora, F|2/100 brn
|move|p1a: Great Tusk|Headlong Rush|p2a: Ban my ability
|-supereffective|p2a: Ban my ability
|-damage|p2a: Ban my ability|0 fnt
|-unboost|p1a: Great Tusk|def|1
|-unboost|p1a: Great Tusk|spd|1
|-activate|p2a: Ban my ability|ability: Toxic Debris
|-sidestart|p1: ABraviousTinkaton|move: Toxic Spikes
|faint|p2a: Ban my ability
|
|-weather|SunnyDay|[upkeep]
|upkeep
|
|t:|1757843334
|switch|p2a: Legit forever|Landorus-Therian, M|100/100
|-ability|p2a: Legit forever|Intimidate|boost
|-unboost|p1a: Great Tusk|atk|1
|turn|6
|
|t:|1757843336
|move|p2a: Legit forever|Earthquake|p1a: Great Tusk
|-damage|p1a: Great Tusk|0 fnt
|faint|p1a: Great Tusk
|-end|p1a: Great Tusk|Protosynthesis|[silent]
|
|-weather|SunnyDay|[upkeep]
|upkeep
|
|t:|1757843345
|switch|p1a: Slither Wing|Slither Wing|100/100
|-damage|p1a: Slither Wing|88/100|[from] Stealth Rock
|-status|p1a: Slither Wing|psn
|-activate|p1a: Slither Wing|ability: Protosynthesis
|-start|p1a: Slither Wing|protosynthesisatk
|turn|7
|
|t:|1757843348
|switch|p2a: Ban Zamazenta|Weezing-Galar, M|100/100
|-ability|p2a: Ban Zamazenta|Neutralizing Gas
|move|p1a: Slither Wing|U-turn|p2a: Ban Zamazenta
|-resisted|p2a: Ban Zamazenta
|-damage|p2a: Ban Zamazenta|91/100
|
|t:|1757843351
|-end|p1a: Slither Wing|Protosynthesis|[silent]
|switch|p1a: Iron Moth|Iron Moth|100/100|[from] U-turn
|-damage|p1a: Iron Moth|76/100|[from] Stealth Rock
|-sideend|p1: ABraviousTinkaton|move: Toxic Spikes|[of] p1a: Iron Moth
|
|-weather|SunnyDay|[upkeep]
|upkeep
|turn|8
|
|t:|1757843359
|-end|p2a: Ban Zamazenta|ability: Neutralizing Gas
|switch|p2a: Ban me asap|Dragonite, M|100/100
|move|p1a: Iron Moth|Fiery Dance|p2a: Ban me asap
|-resisted|p2a: Ban me asap
|-damage|p2a: Ban me asap|49/100
|-boost|p1a: Iron Moth|spa|1
|
|-weather|none
|upkeep
|turn|9
|j| Ctannn
|
|t:|1757843365
|-terastallize|p2a: Ban me asap|Normal
|move|p2a: Ban me asap|Extreme Speed|p1a: Iron Moth
|-damage|p1a: Iron Moth|0 fnt
|faint|p1a: Iron Moth
|-end|p1a: Iron Moth|Quark Drive|[silent]
|
|upkeep
|
|t:|1757843369
|switch|p1a: Slither Wing|Slither Wing|88/100 psn
|-damage|p1a: Slither Wing|76/100 psn|[from] Stealth Rock
|turn|10
|
|t:|1757843373
|switch|p2a: Legit forever|Landorus-Therian, M|100/100
|-ability|p2a: Legit forever|Intimidate|boost
|-unboost|p1a: Slither Wing|atk|1
|move|p1a: Slither Wing|Flare Blitz|p2a: Legit forever
|-crit|p2a: Legit forever
|-damage|p2a: Legit forever|0 fnt
|faint|p2a: Legit forever
|-damage|p1a: Slither Wing|43/100 psn|[from] Recoil
|
|-damage|p1a: Slither Wing|30/100 psn|[from] psn
|upkeep
|
|t:|1757843379
|switch|p2a: Ban me|Ogerpon-Wellspring, F|100/100
|turn|11
|
|t:|1757843383
|move|p2a: Ban me|Knock Off|p1a: Slither Wing
|-resisted|p1a: Slither Wing
|-damage|p1a: Slither Wing|6/100 psn
|-enditem|p1a: Slither Wing|Choice Band|[from] move: Knock Off|[of] p2a: Ban me
|move|p1a: Slither Wing|Flare Blitz|p2a: Ban me
|-damage|p2a: Ban me|62/100
|-damage|p1a: Slither Wing|0 fnt|[from] Recoil
|faint|p1a: Slither Wing
|-end|p1a: Slither Wing|Protosynthesis|[silent]
|
|upkeep
|
|t:|1757843390
|switch|p1a: Walking Wake|Walking Wake|100/100
|-damage|p1a: Walking Wake|88/100|[from] Stealth Rock
|turn|12
|
|t:|1757843396
|-end|p1a: Walking Wake|Protosynthesis|[silent]
|switch|p1a: Torkoal|Torkoal, M|100/100
|-damage|p1a: Torkoal|76/100|[from] Stealth Rock
|-weather|SunnyDay|[from] ability: Drought|[of] p1a: Torkoal
|move|p2a: Ban me|Knock Off|p1a: Torkoal
|-damage|p1a: Torkoal|53/100
|-enditem|p1a: Torkoal|Heat Rock|[from] move: Knock Off|[of] p2a: Ban me
|
|-weather|SunnyDay|[upkeep]
|upkeep
|turn|13
|
|t:|1757843400
|switch|p1a: Walking Wake|Walking Wake|88/100
|-damage|p1a: Walking Wake|76/100|[from] Stealth Rock
|-activate|p1a: Walking Wake|ability: Protosynthesis
|-start|p1a: Walking Wake|protosynthesisspe
|move|p2a: Ban me|Ivy Cudgel|p1a: Walking Wake|[anim] Ivy Cudgel Water
|-resisted|p1a: Walking Wake
|-damage|p1a: Walking Wake|69/100
|
|-weather|SunnyDay|[upkeep]
|upkeep
|turn|14
|
|t:|1757843404
|switch|p2a: Ban Zamazenta|Weezing-Galar, M|91/100
|-ability|p2a: Ban Zamazenta|Neutralizing Gas
|move|p1a: Walking Wake|Flamethrower|p2a: Ban Zamazenta
|-damage|p2a: Ban Zamazenta|0 fnt
|faint|p2a: Ban Zamazenta
|-end|p2a: Ban Zamazenta|ability: Neutralizing Gas
|
|-weather|SunnyDay|[upkeep]
|upkeep
|
|t:|1757843406
|switch|p2a: Ban me asap|Dragonite, M, tera:Normal|49/100
|turn|15
|
|t:|1757843409
|-end|p1a: Walking Wake|Protosynthesis|[silent]
|switch|p1a: Ting-Lu|Ting-Lu|100/100
|-damage|p1a: Ting-Lu|94/100|[from] Stealth Rock
|-ability|p1a: Ting-Lu|Vessel of Ruin
|move|p2a: Ban me asap|Extreme Speed|p1a: Ting-Lu
|-damage|p1a: Ting-Lu|53/100
|-damage|p2a: Ban me asap|33/100|[from] item: Rocky Helmet|[of] p1a: Ting-Lu
|
|-weather|SunnyDay|[upkeep]
|upkeep
|turn|16
|
|t:|1757843416
|switch|p2a: Ban me|Ogerpon-Wellspring, F|62/100
|move|p1a: Ting-Lu|Spikes|p2a: Ban me
|-sidestart|p2: Obito 2001|Spikes
|
|-weather|SunnyDay|[upkeep]
|upkeep
|turn|17
|
|t:|1757843423
|move|p2a: Ban me|Knock Off|p1a: Ting-Lu
|-resisted|p1a: Ting-Lu
|-damage|p1a: Ting-Lu|43/100
|-damage|p2a: Ban me|45/100|[from] item: Rocky Helmet|[of] p1a: Ting-Lu
|-enditem|p1a: Ting-Lu|Rocky Helmet|[from] move: Knock Off|[of] p2a: Ban me
|move|p1a: Ting-Lu|Spikes|p2a: Ban me
|-sidestart|p2: Obito 2001|Spikes
|
|-weather|SunnyDay|[upkeep]
|upkeep
|turn|18
|l| Ctannn
|
|t:|1757843433
|move|p2a: Ban me|Ivy Cudgel|p1a: Ting-Lu|[anim] Ivy Cudgel Water
|-supereffective|p1a: Ting-Lu
|-damage|p1a: Ting-Lu|10/100
|move|p1a: Ting-Lu|Spikes|p2a: Ban me
|-sidestart|p2: Obito 2001|Spikes
|
|-weather|SunnyDay|[upkeep]
|upkeep
|turn|19
|
|t:|1757843448
|switch|p1a: Walking Wake|Walking Wake|69/100
|-damage|p1a: Walking Wake|56/100|[from] Stealth Rock
|-activate|p1a: Walking Wake|ability: Protosynthesis
|-start|p1a: Walking Wake|protosynthesisspe
|move|p2a: Ban me|Ivy Cudgel|p1a: Walking Wake|[anim] Ivy Cudgel Water
|-resisted|p1a: Walking Wake
|-damage|p1a: Walking Wake|48/100
|
|-weather|none
|-end|p1a: Walking Wake|Protosynthesis
|upkeep
|turn|20
|
|t:|1757843457
|-end|p1a: Walking Wake|Protosynthesis|[silent]
|switch|p1a: Torkoal|Torkoal, M|53/100
|-damage|p1a: Torkoal|28/100|[from] Stealth Rock
|-weather|SunnyDay|[from] ability: Drought|[of] p1a: Torkoal
|move|p2a: Ban me|Knock Off|p1a: Torkoal
|-damage|p1a: Torkoal|13/100
|
|-weather|SunnyDay|[upkeep]
|upkeep
|turn|21
|
|t:|1757843462
|move|p2a: Ban me|Knock Off|p1a: Torkoal
|-damage|p1a: Torkoal|0 fnt
|faint|p1a: Torkoal
|
|-weather|SunnyDay|[upkeep]
|upkeep
|
|t:|1757843464
|switch|p1a: Walking Wake|Walking Wake|48/100
|-damage|p1a: Walking Wake|36/100|[from] Stealth Rock
|-activate|p1a: Walking Wake|ability: Protosynthesis
|-start|p1a: Walking Wake|protosynthesisspe
|turn|22
|j| just-jaype
|
|t:|1757843470
|move|p1a: Walking Wake|Flamethrower|p2a: Ban me
|-damage|p2a: Ban me|0 fnt
|faint|p2a: Ban me
|
|-weather|SunnyDay|[upkeep]
|upkeep
|
|t:|1757843472
|switch|p2a: Ban me asap|Dragonite, M, tera:Normal|33/100
|-damage|p2a: Ban me asap|8/100|[from] Spikes
|turn|23
|
|t:|1757843475
|-end|p1a: Walking Wake|Protosynthesis|[silent]
|switch|p1a: Ting-Lu|Ting-Lu|10/100
|-damage|p1a: Ting-Lu|4/100|[from] Stealth Rock
|-ability|p1a: Ting-Lu|Vessel of Ruin
|move|p2a: Ban me asap|Extreme Speed|p1a: Ting-Lu
|-damage|p1a: Ting-Lu|0 fnt
|faint|p1a: Ting-Lu
|
|-weather|SunnyDay|[upkeep]
|upkeep
|-message|ABraviousTinkaton forfeited.
|
|win|Obito 2001
|raw|ABraviousTinkaton's rating: 1643 &rarr; <strong>1626</strong><br />(-17 for losing)
|raw|Obito 2001's rating: 1692 &rarr; <strong>1709</strong><br />(+17 for winning)
|l|☆ABraviousTinkaton
|player|p1|
|l|☆Obito 2001
|player|p2|
|l| just-jaype
