|j|☆mach95a113
|j|☆ZA114514
|t:|1757825202
|gametype|singles
|player|p1|mach95a113|gardenia|1084
|player|p2|ZA114514|169|1091
|gen|9
|tier|[Gen 9] OU
|rated|
|rule|HP Percentage Mod: HP is shown in percentages
|rule|Endless Battle Clause: Forcing endless battles is banned
|rule|Species Clause: Limit one of each Pokémon
|rule|OHKO Clause: OHKO moves are banned
|rule|Evasion Items Clause: Evasion items are banned
|rule|Evasion Moves Clause: Evasion moves are banned
|rule|Evasion Abilities Clause: Evasion abilities are banned
|rule|Sleep Moves Clause: Sleep-inducing moves are banned
|clearpoke
|poke|p1|Cinderace, F|
|poke|p1|Dragapult, M|
|poke|p1|Zapdos|
|poke|p1|Landorus-Therian, M|
|poke|p1|Samurott-Hisui, F|
|poke|p1|Pecharunt|
|poke|p2|Pelipper, M|
|poke|p2|Walking Wake|
|poke|p2|Ogerpon-Wellspring, F|
|poke|p2|Magnezone|
|poke|p2|Umbreon, F|
|poke|p2|Glimmora, M|
|teampreview
|c|☆mach95a113|Good luck!
|
|t:|1757825219
|teamsize|p1|6
|teamsize|p2|6
|start
|switch|p1a: The Electric Duo|Zapdos, shiny|100/100
|switch|p2a: Glimmora|Glimmora, M|100/100
|-item|p2a: Glimmora|Air Balloon
|turn|1
|
|t:|1757825231
|move|p1a: The Electric Duo|Volt Switch|p2a: Glimmora
|-damage|p2a: Glimmora|43/100
|-enditem|p2a: Glimmora|Air Balloon
|
|t:|1757825236
|switch|p1a: Weretiger|Landorus-Therian, M|100/100|[from] Volt Switch
|-ability|p1a: Weretiger|Intimidate|boost
|-unboost|p2a: Glimmora|atk|1
|move|p2a: Glimmora|Stealth Rock|p1a: Weretiger
|-sidestart|p1: mach95a113|move: Stealth Rock
|
|upkeep
|turn|2
|
|t:|1757825255
|switch|p2a: Pelipper|Pelipper, M|100/100
|-weather|RainDance|[from] ability: Drizzle|[of] p2a: Pelipper
|move|p1a: Weretiger|Stealth Rock|p2a: Pelipper
|-sidestart|p2: ZA114514|move: Stealth Rock
|
|-weather|RainDance|[upkeep]
|upkeep
|turn|3
|
|t:|1757825269
|move|p1a: Weretiger|U-turn|p2a: Pelipper
|-resisted|p2a: Pelipper
|-damage|p2a: Pelipper|88/100
|
|t:|1757825277
|switch|p1a: The Electric Duo|Zapdos, shiny|100/100|[from] U-turn
|-damage|p1a: The Electric Duo|76/100|[from] Stealth Rock
|move|p2a: Pelipper|Ice Beam|p1a: The Electric Duo
|-supereffective|p1a: The Electric Duo
|-damage|p1a: The Electric Duo|21/100
|
|-weather|RainDance|[upkeep]
|upkeep
|turn|4
|
|t:|1757825294
|switch|p2a: Magnezone|Magnezone|100/100
|-damage|p2a: Magnezone|94/100|[from] Stealth Rock
|move|p1a: The Electric Duo|Thunderbolt|p2a: Magnezone
|-resisted|p2a: Magnezone
|-damage|p2a: Magnezone|70/100
|
|-weather|RainDance|[upkeep]
|upkeep
|turn|5
|
|t:|1757825313
|move|p1a: The Electric Duo|Thunderbolt|p2a: Magnezone
|-resisted|p2a: Magnezone
|-damage|p2a: Magnezone|42/100
|move|p2a: Magnezone|Iron Defense|p2a: Magnezone
|-boost|p2a: Magnezone|def|2
|
|-weather|RainDance|[upkeep]
|upkeep
|turn|6
|
|t:|1757825324
|move|p1a: The Electric Duo|Thunderbolt|p2a: Magnezone
|-resisted|p2a: Magnezone
|-damage|p2a: Magnezone|18/100
|move|p2a: Magnezone|Discharge|p1a: The Electric Duo
|-damage|p1a: The Electric Duo|0 fnt
|faint|p1a: The Electric Duo
|
|-weather|RainDance|[upkeep]
|upkeep
|
|t:|1757825344
|switch|p1a: Samiroth|Samurott-Hisui, F, shiny|100/100
|-damage|p1a: Samiroth|88/100|[from] Stealth Rock
|turn|7
|
|t:|1757825358
|move|p1a: Samiroth|Flip Turn|p2a: Magnezone
|-damage|p2a: Magnezone|0 fnt
|-damage|p1a: Samiroth|72/100|[from] item: Rocky Helmet|[of] p2a: Magnezone
|faint|p2a: Magnezone
|
|t:|1757825379
|switch|p1a: Soul of Cinder|Cinderace, F|100/100|[from] Flip Turn
|
|-weather|RainDance|[upkeep]
|upkeep
|
|t:|1757825392
|switch|p2a: Ogerpon|Ogerpon-Wellspring, F|100/100
|-damage|p2a: Ogerpon|88/100|[from] Stealth Rock
|turn|8
|
|t:|1757825409
|move|p1a: Soul of Cinder|U-turn|p2a: Ogerpon
|-start|p1a: Soul of Cinder|typechange|Bug|[from] ability: Libero
|-supereffective|p2a: Ogerpon
|-damage|p2a: Ogerpon|0 fnt
|faint|p2a: Ogerpon
|
|t:|1757825424
|switch|p1a: Samiroth|Samurott-Hisui, F, shiny|72/100|[from] U-turn
|-damage|p1a: Samiroth|59/100|[from] Stealth Rock
|
|-weather|RainDance|[upkeep]
|upkeep
|
|t:|1757825442
|switch|p2a: Umbreon|Umbreon, F|100/100
|-damage|p2a: Umbreon|88/100|[from] Stealth Rock
|turn|9
|
|t:|1757825453
|move|p1a: Samiroth|Knock Off|p2a: Umbreon
|-resisted|p2a: Umbreon
|-damage|p2a: Umbreon|74/100
|-enditem|p2a: Umbreon|Leftovers|[from] move: Knock Off|[of] p1a: Samiroth
|move|p2a: Umbreon|Roar|p1a: Samiroth
|drag|p1a: Omega|Dragapult, M|100/100
|
|-weather|none
|upkeep
|turn|10
|
|t:|1757825473
|move|p1a: Omega|U-turn|p2a: Umbreon
|-supereffective|p2a: Umbreon
|-damage|p2a: Umbreon|42/100
|
|t:|1757825477
|switch|p1a: Samiroth|Samurott-Hisui, F, shiny|59/100|[from] U-turn
|-damage|p1a: Samiroth|47/100|[from] Stealth Rock
|move|p2a: Umbreon|Foul Play|p1a: Samiroth
|-resisted|p1a: Samiroth
|-damage|p1a: Samiroth|19/100
|
|upkeep
|turn|11
|
|t:|1757825491
|move|p1a: Samiroth|Ceaseless Edge|p2a: Umbreon|[miss]
|-miss|p1a: Samiroth|p2a: Umbreon
|move|p2a: Umbreon|Wish|p2a: Umbreon
|
|upkeep
|turn|12
|
|t:|1757825498
|move|p2a: Umbreon|Protect|p2a: Umbreon
|-singleturn|p2a: Umbreon|Protect
|move|p1a: Samiroth|Ceaseless Edge|p2a: Umbreon
|-activate|p2a: Umbreon|move: Protect
|
|-heal|p2a: Umbreon|92/100|[from] move: Wish|[wisher] Umbreon
|upkeep
|turn|13
|
|t:|1757825507
|move|p1a: Samiroth|Ceaseless Edge|p2a: Umbreon
|-resisted|p2a: Umbreon
|-damage|p2a: Umbreon|78/100
|-sidestart|p2: ZA114514|Spikes
|move|p2a: Umbreon|Foul Play|p1a: Samiroth
|-resisted|p1a: Samiroth
|-damage|p1a: Samiroth|0 fnt
|faint|p1a: Samiroth
|
|upkeep
|
|t:|1757825528
|switch|p1a: Soul of Cinder|Cinderace, F|100/100
|turn|14
|
|t:|1757825533
|switch|p2a: Glimmora|Glimmora, M|43/100
|-damage|p2a: Glimmora|31/100|[from] Stealth Rock
|-damage|p2a: Glimmora|19/100|[from] Spikes
|move|p1a: Soul of Cinder|U-turn|p2a: Glimmora
|-start|p1a: Soul of Cinder|typechange|Bug|[from] ability: Libero
|-resisted|p2a: Glimmora
|-damage|p2a: Glimmora|1/100
|-activate|p2a: Glimmora|ability: Toxic Debris
|-sidestart|p1: mach95a113|move: Toxic Spikes
|
|t:|1757825543
|switch|p1a: Omega|Dragapult, M|100/100|[from] U-turn
|
|upkeep
|turn|15
|
|t:|1757825561
|switch|p2a: Umbreon|Umbreon, F|78/100
|-damage|p2a: Umbreon|65/100|[from] Stealth Rock
|-damage|p2a: Umbreon|53/100|[from] Spikes
|move|p1a: Omega|U-turn|p2a: Umbreon
|-supereffective|p2a: Umbreon
|-damage|p2a: Umbreon|20/100
|
|t:|1757825568
|switch|p1a: Soul of Cinder|Cinderace, F|100/100|[from] U-turn
|
|upkeep
|turn|16
|
|t:|1757825581
|move|p1a: Soul of Cinder|U-turn|p2a: Umbreon
|-start|p1a: Soul of Cinder|typechange|Bug|[from] ability: Libero
|-supereffective|p2a: Umbreon
|-damage|p2a: Umbreon|0 fnt
|faint|p2a: Umbreon
|
|t:|1757825598
|switch|p1a: The Wingsmould|Pecharunt|100/100|[from] U-turn
|-damage|p1a: The Wingsmould|88/100|[from] Stealth Rock
|-item|p1a: The Wingsmould|Air Balloon
|
|upkeep
|
|t:|1757825606
|switch|p2a: Pelipper|Pelipper, M|88/100
|-damage|p2a: Pelipper|63/100|[from] Stealth Rock
|-weather|RainDance|[from] ability: Drizzle|[of] p2a: Pelipper
|turn|17
|
|t:|1757825618
|move|p1a: The Wingsmould|Malignant Chain|p2a: Pelipper
|-damage|p2a: Pelipper|33/100
|-status|p2a: Pelipper|tox
|-start|p2a: Pelipper|confusion|[from] ability: Poison Puppeteer|[of] p1a: The Wingsmould
|-activate|p2a: Pelipper|confusion
|-damage|p2a: Pelipper|28/100 tox|[from] confusion
|
|-weather|RainDance|[upkeep]
|-damage|p2a: Pelipper|21/100 tox|[from] psn
|upkeep
|turn|18
|
|t:|1757825632
|move|p1a: The Wingsmould|Malignant Chain|p2a: Pelipper
|-damage|p2a: Pelipper|0 fnt
|faint|p2a: Pelipper
|
|-weather|RainDance|[upkeep]
|upkeep
|
|t:|1757825639
|switch|p2a: Walking Wake|Walking Wake|100/100
|-damage|p2a: Walking Wake|88/100|[from] Stealth Rock
|-damage|p2a: Walking Wake|76/100|[from] Spikes
|turn|19
|
|t:|1757825668
|-terastallize|p1a: The Wingsmould|Fairy
|move|p2a: Walking Wake|Weather Ball|p1a: The Wingsmould
|-damage|p1a: The Wingsmould|0 fnt
|-enditem|p1a: The Wingsmould|Air Balloon
|faint|p1a: The Wingsmould
|
|-weather|RainDance|[upkeep]
|upkeep
|
|t:|1757825677
|switch|p1a: Omega|Dragapult, M|100/100
|turn|20
|
|t:|1757825682
|-end|p2a: Walking Wake|Protosynthesis|[silent]
|switch|p2a: Glimmora|Glimmora, M|1/100
|-damage|p2a: Glimmora|0 fnt|[from] Stealth Rock
|faint|p2a: Glimmora
|move|p1a: Omega|U-turn|p2: Glimmora|[notarget]
|-fail|p1a: Omega
|
|-weather|RainDance|[upkeep]
|upkeep
|
|t:|1757825690
|switch|p2a: Walking Wake|Walking Wake|76/100
|-damage|p2a: Walking Wake|63/100|[from] Stealth Rock
|-damage|p2a: Walking Wake|51/100|[from] Spikes
|turn|21
|
|t:|1757825699
|switch|p1a: Weretiger|Landorus-Therian, M|100/100
|-damage|p1a: Weretiger|88/100|[from] Stealth Rock
|-ability|p1a: Weretiger|Intimidate|boost
|-unboost|p2a: Walking Wake|atk|1
|move|p2a: Walking Wake|Hurricane|p1a: Weretiger
|-damage|p1a: Weretiger|32/100
|
|-weather|RainDance|[upkeep]
|upkeep
|turn|22
|
|t:|1757825711
|move|p2a: Walking Wake|Hurricane|p1a: Weretiger
|-damage|p1a: Weretiger|0 fnt
|faint|p1a: Weretiger
|
|-weather|RainDance|[upkeep]
|upkeep
|
|t:|1757825728
|switch|p1a: Omega|Dragapult, M|100/100
|turn|23
|
|t:|1757825731
|-terastallize|p2a: Walking Wake|Water
|move|p1a: Omega|Phantom Force||[still]
|-prepare|p1a: Omega|Phantom Force
|move|p2a: Walking Wake|Hurricane|p1a: Omega|[miss]
|-miss|p2a: Walking Wake|p1a: Omega
|
|-weather|RainDance|[upkeep]
|upkeep
|turn|24
|
|t:|1757825740
|move|p1a: Omega|Phantom Force|p2a: Walking Wake|[from] lockedmove
|-damage|p2a: Walking Wake|0 fnt
|faint|p2a: Walking Wake
|-end|p2a: Walking Wake|Protosynthesis|[silent]
|
|win|mach95a113
|raw|mach95a113's rating: 1084 &rarr; <strong>1112</strong><br />(+28 for winning)
|raw|ZA114514's rating: 1091 &rarr; <strong>1067</strong><br />(-24 for losing)
|c|☆mach95a113|Gg
|l|☆ZA114514
|player|p2|
