|j|☆clail
|j|☆gamebattle$
|t:|1757827440
|gametype|singles
|player|p1|clail|265|1613
|player|p2|gamebattle$|shadowtriad|1686
|gen|9
|tier|[Gen 9] OU
|rated|
|rule|HP Percentage Mod: HP is shown in percentages
|rule|Endless Battle Clause: Forcing endless battles is banned
|rule|Species Clause: Limit one of each Pokémon
|rule|OHKO Clause: OHKO moves are banned
|rule|Evasion Items Clause: Evasion items are banned
|rule|Evasion Moves Clause: Evasion moves are banned
|rule|Evasion Abilities Clause: Evasion abilities are banned
|rule|Sleep Moves Clause: Sleep-inducing moves are banned
|clearpoke
|poke|p1|Ribombee, F|
|poke|p1|Ogerpon-Wellspring, F|
|poke|p1|Great Tusk|
|poke|p1|Gholdengo|
|poke|p1|Ceruledge, M|
|poke|p1|Glimmora, M|
|poke|p2|Clefable, F|
|poke|p2|Heatran, M|
|poke|p2|Rillaboom, M|
|poke|p2|Ogerpon-Wellspring, F|
|poke|p2|Zapdos|
|poke|p2|Great Tusk|
|teampreview
|l|☆clail
|player|p1|
|inactive|Battle timer is ON: inactive players will automatically lose when time's up. (requested by gamebattle$)
|inactive|clail has 30 seconds to reconnect!
|inactive|clail has 20 seconds to reconnect!
|j|☆clail
|inactive|clail reconnected and has 110 seconds left.
|player|p1|clail|265|
|
|t:|1757827505
|teamsize|p1|6
|teamsize|p2|6
|start
|switch|p1a: Glimmora|Glimmora, M|100/100
|switch|p2a: Ogerpon|Ogerpon-Wellspring, F|100/100
|turn|1
|
|t:|1757827510
|switch|p1a: Ogerpon|Ogerpon-Wellspring, F|100/100
|move|p2a: Ogerpon|Ivy Cudgel|p1a: Ogerpon|[anim] Ivy Cudgel Water
|-immune|p1a: Ogerpon|[from] ability: Water Absorb
|
|upkeep
|turn|2
|
|t:|1757827523
|switch|p2a: Rillaboom|Rillaboom, M|100/100
|-fieldstart|move: Grassy Terrain|[from] ability: Grassy Surge|[of] p2a: Rillaboom
|move|p1a: Ogerpon|U-turn|p2a: Rillaboom
|-supereffective|p2a: Rillaboom
|-damage|p2a: Rillaboom|44/100
|
|t:|1757827529
|switch|p1a: Glimmora|Glimmora, M|100/100|[from] U-turn
|
|-heal|p2a: Rillaboom|50/100|[from] Grassy Terrain
|upkeep
|turn|3
|
|t:|1757827536
|move|p1a: Glimmora|Meteor Beam||[still]
|-prepare|p1a: Glimmora|Meteor Beam
|-boost|p1a: Glimmora|spa|1
|-enditem|p1a: Glimmora|Power Herb
|-anim|p1a: Glimmora|Meteor Beam|p2a: Rillaboom
|-damage|p2a: Rillaboom|0 fnt
|faint|p2a: Rillaboom
|
|upkeep
|
|t:|1757827539
|switch|p2a: Ogerpon|Ogerpon-Wellspring, F|100/100
|turn|4
|
|t:|1757827542
|move|p2a: Ogerpon|Ivy Cudgel|p1a: Glimmora|[anim] Ivy Cudgel Water
|-supereffective|p1a: Glimmora
|-damage|p1a: Glimmora|0 fnt
|-activate|p1a: Glimmora|ability: Toxic Debris
|-sidestart|p2: gamebattle$|move: Toxic Spikes
|faint|p1a: Glimmora
|
|upkeep
|
|t:|1757827545
|switch|p1a: Ogerpon|Ogerpon-Wellspring, F|100/100
|turn|5
|
|t:|1757827551
|switch|p2a: Zapdos|Zapdos, shiny|100/100
|move|p1a: Ogerpon|Power Whip|p2a: Zapdos|[miss]
|-miss|p1a: Ogerpon|p2a: Zapdos
|
|upkeep
|turn|6
|
|t:|1757827556
|switch|p1a: Ribombee|Ribombee, F|100/100
|move|p2a: Zapdos|Hurricane|p1a: Ribombee
|-supereffective|p1a: Ribombee
|-enditem|p1a: Ribombee|Focus Sash
|-damage|p1a: Ribombee|1/100
|
|-heal|p1a: Ribombee|7/100|[from] Grassy Terrain
|-fieldend|move: Grassy Terrain
|upkeep
|turn|7
|
|t:|1757827561
|move|p1a: Ribombee|Sticky Web|p2a: Zapdos
|-sidestart|p2: gamebattle$|move: Sticky Web
|move|p2a: Zapdos|Discharge|p1a: Ribombee
|-damage|p1a: Ribombee|0 fnt
|faint|p1a: Ribombee
|
|upkeep
|
|t:|1757827564
|switch|p1a: Ceruledge|Ceruledge, M|100/100
|turn|8
|
|t:|1757827567
|move|p2a: Zapdos|Discharge|p1a: Ceruledge
|-damage|p1a: Ceruledge|60/100
|move|p1a: Ceruledge|Poltergeist|p2a: Zapdos
|-activate|p2a: Zapdos|move: Poltergeist|Heavy-Duty Boots
|-damage|p2a: Zapdos|47/100
|
|upkeep
|turn|9
|
|t:|1757827575
|move|p2a: Zapdos|Hurricane|p1a: Ceruledge
|-damage|p1a: Ceruledge|4/100
|move|p1a: Ceruledge|Poltergeist|p2a: Zapdos
|-activate|p2a: Zapdos|move: Poltergeist|Heavy-Duty Boots
|-damage|p2a: Zapdos|0 fnt
|faint|p2a: Zapdos
|
|upkeep
|
|t:|1757827590
|switch|p2a: Great Tusk|Great Tusk|100/100
|-status|p2a: Great Tusk|psn
|-activate|p2a: Great Tusk|move: Sticky Web
|-unboost|p2a: Great Tusk|spe|1
|turn|10
|
|t:|1757827592
|move|p1a: Ceruledge|Poltergeist|p2a: Great Tusk
|-activate|p2a: Great Tusk|move: Poltergeist|Rocky Helmet
|-damage|p2a: Great Tusk|69/100 psn
|move|p2a: Great Tusk|Stealth Rock|p1a: Ceruledge
|-sidestart|p1: clail|move: Stealth Rock
|
|-damage|p2a: Great Tusk|57/100 psn|[from] psn
|upkeep
|turn|11
|
|t:|1757827594
|move|p1a: Ceruledge|Poltergeist|p2a: Great Tusk
|-activate|p2a: Great Tusk|move: Poltergeist|Rocky Helmet
|-damage|p2a: Great Tusk|26/100 psn
|move|p2a: Great Tusk|Rapid Spin|p1a: Ceruledge
|-immune|p1a: Ceruledge
|
|-damage|p2a: Great Tusk|14/100 psn|[from] psn
|upkeep
|turn|12
|
|t:|1757827599
|move|p1a: Ceruledge|Poltergeist|p2a: Great Tusk
|-activate|p2a: Great Tusk|move: Poltergeist|Rocky Helmet
|-damage|p2a: Great Tusk|0 fnt
|faint|p2a: Great Tusk
|-end|p2a: Great Tusk|Protosynthesis|[silent]
|
|upkeep
|j| Ctannn
|
|t:|1757827608
|switch|p2a: Heatran|Heatran, M, shiny|100/100
|-activate|p2a: Heatran|move: Sticky Web
|-unboost|p2a: Heatran|spe|1
|turn|13
|
|t:|1757827610
|move|p1a: Ceruledge|Poltergeist|p2a: Heatran
|-activate|p2a: Heatran|move: Poltergeist|Leftovers
|-damage|p2a: Heatran|57/100
|move|p2a: Heatran|Earth Power|p1a: Ceruledge
|-supereffective|p1a: Ceruledge
|-damage|p1a: Ceruledge|0 fnt
|faint|p1a: Ceruledge
|
|-heal|p2a: Heatran|63/100|[from] item: Leftovers
|upkeep
|j| wgw2333
|
|t:|1757827615
|switch|p1a: Ogerpon|Ogerpon-Wellspring, F|100/100
|-damage|p1a: Ogerpon|88/100|[from] Stealth Rock
|turn|14
|
|t:|1757827623
|move|p2a: Heatran|Protect|p2a: Heatran
|-singleturn|p2a: Heatran|Protect
|move|p1a: Ogerpon|Encore|p2a: Heatran
|-activate|p2a: Heatran|move: Protect
|
|-heal|p2a: Heatran|69/100|[from] item: Leftovers
|upkeep
|turn|15
|j| firemaniac
|
|t:|1757827632
|switch|p2a: Clefable|Clefable, F|100/100
|-status|p2a: Clefable|psn
|-activate|p2a: Clefable|move: Sticky Web
|-unboost|p2a: Clefable|spe|1
|move|p1a: Ogerpon|Ivy Cudgel|p2a: Clefable|[anim] Ivy Cudgel Water
|-damage|p2a: Clefable|58/100 psn
|
|-heal|p2a: Clefable|64/100 psn|[from] item: Leftovers
|upkeep
|turn|16
|
|t:|1757827640
|move|p1a: Ogerpon|Ivy Cudgel|p2a: Clefable|[anim] Ivy Cudgel Water
|-crit|p2a: Clefable
|-damage|p2a: Clefable|0 fnt
|faint|p2a: Clefable
|
|upkeep
|
|t:|1757827648
|switch|p2a: Heatran|Heatran, M, shiny|69/100
|-activate|p2a: Heatran|move: Sticky Web
|-unboost|p2a: Heatran|spe|1
|turn|17
|
|t:|1757827653
|-terastallize|p2a: Heatran|Ghost
|move|p1a: Ogerpon|Ivy Cudgel|p2a: Heatran|[anim] Ivy Cudgel Water
|-damage|p2a: Heatran|20/100
|move|p2a: Heatran|Will-O-Wisp|p1a: Ogerpon
|-status|p1a: Ogerpon|brn
|
|-heal|p2a: Heatran|26/100|[from] item: Leftovers
|-damage|p1a: Ogerpon|82/100 brn|[from] brn
|upkeep
|turn|18
|
|t:|1757827659
|move|p2a: Heatran|Protect|p2a: Heatran
|-singleturn|p2a: Heatran|Protect
|move|p1a: Ogerpon|Encore|p2a: Heatran
|-activate|p2a: Heatran|move: Protect
|
|-heal|p2a: Heatran|32/100|[from] item: Leftovers
|-damage|p1a: Ogerpon|76/100 brn|[from] brn
|upkeep
|turn|19
|
|t:|1757827663
|switch|p2a: Ogerpon|Ogerpon-Wellspring, F|100/100
|-status|p2a: Ogerpon|psn
|-activate|p2a: Ogerpon|move: Sticky Web
|-unboost|p2a: Ogerpon|spe|1
|move|p1a: Ogerpon|Encore||[still]
|-fail|p1a: Ogerpon
|
|-damage|p2a: Ogerpon|88/100 psn|[from] psn
|-damage|p1a: Ogerpon|70/100 brn|[from] brn
|upkeep
|turn|20
|
|t:|1757827672
|move|p1a: Ogerpon|U-turn|p2a: Ogerpon
|-supereffective|p2a: Ogerpon
|-damage|p2a: Ogerpon|52/100 psn
|
|t:|1757827674
|switch|p1a: Great Tusk|Great Tusk|100/100|[from] U-turn
|-damage|p1a: Great Tusk|98/100|[from] Stealth Rock
|move|p2a: Ogerpon|Horn Leech|p1a: Great Tusk
|-supereffective|p1a: Great Tusk
|-damage|p1a: Great Tusk|29/100
|-heal|p2a: Ogerpon|95/100 psn|[from] drain|[of] p1a: Great Tusk
|
|-damage|p2a: Ogerpon|82/100 psn|[from] psn
|upkeep
|turn|21
|
|t:|1757827677
|move|p1a: Great Tusk|Close Combat|p2a: Ogerpon
|-damage|p2a: Ogerpon|0 fnt
|-unboost|p1a: Great Tusk|def|1
|-unboost|p1a: Great Tusk|spd|1
|faint|p2a: Ogerpon
|
|upkeep
|
|t:|1757827679
|switch|p2a: Heatran|Heatran, M, shiny, tera:Ghost|32/100
|-status|p2a: Heatran|psn
|-activate|p2a: Heatran|move: Sticky Web
|-unboost|p2a: Heatran|spe|1
|turn|22
|
|t:|1757827681
|-end|p1a: Great Tusk|Protosynthesis|[silent]
|switch|p1a: Ogerpon|Ogerpon-Wellspring, F|70/100 brn
|-damage|p1a: Ogerpon|58/100 brn|[from] Stealth Rock
|move|p2a: Heatran|Protect||[still]
|-fail|p2a: Heatran
|
|-heal|p2a: Heatran|39/100 psn|[from] item: Leftovers
|-damage|p2a: Heatran|26/100 psn|[from] psn
|-damage|p1a: Ogerpon|52/100 brn|[from] brn
|upkeep
|turn|23
|
|t:|1757827683
|move|p2a: Heatran|Protect|p2a: Heatran
|-singleturn|p2a: Heatran|Protect
|move|p1a: Ogerpon|Encore|p2a: Heatran
|-activate|p2a: Heatran|move: Protect
|
|-heal|p2a: Heatran|32/100 psn|[from] item: Leftovers
|-damage|p2a: Heatran|20/100 psn|[from] psn
|-damage|p1a: Ogerpon|46/100 brn|[from] brn
|upkeep
|turn|24
|
|t:|1757827684
|move|p2a: Heatran|Protect||[still]
|-fail|p2a: Heatran
|move|p1a: Ogerpon|Encore|p2a: Heatran
|-start|p2a: Heatran|Encore
|
|-heal|p2a: Heatran|26/100 psn|[from] item: Leftovers
|-damage|p2a: Heatran|14/100 psn|[from] psn
|-damage|p1a: Ogerpon|40/100 brn|[from] brn
|upkeep
|turn|25
|-message|gamebattle$ forfeited.
|
|win|clail
|raw|clail's rating: 1613 &rarr; <strong>1637</strong><br />(+24 for winning)
|raw|gamebattle$'s rating: 1686 &rarr; <strong>1662</strong><br />(-24 for losing)
|l|☆gamebattle$
|player|p2|
|l|☆clail
|player|p1|
|l| Ctannn
