|j|☆lotus5ive
|j|☆preppy dude
|t:|1757838666
|gametype|singles
|player|p1|lotus5ive|169|1202
|player|p2|preppy dude|102|1205
|gen|9
|tier|[Gen 9] OU
|rated|
|rule|HP Percentage Mod: HP is shown in percentages
|rule|Endless Battle Clause: Forcing endless battles is banned
|rule|Species Clause: Limit one of each Pokémon
|rule|OHKO Clause: OHKO moves are banned
|rule|Evasion Items Clause: Evasion items are banned
|rule|Evasion Moves Clause: Evasion moves are banned
|rule|Evasion Abilities Clause: Evasion abilities are banned
|rule|Sleep Moves Clause: Sleep-inducing moves are banned
|clearpoke
|poke|p1|Pecharunt|
|poke|p1|Great Tusk|
|poke|p1|Ogerpon-Wellspring, F|
|poke|p1|Iron Crown|
|poke|p1|Landorus-Therian, M|
|poke|p1|Samurott-Hisui, M|
|poke|p2|Zapdos|
|poke|p2|Golem, F|
|poke|p2|Arbok, F|
|poke|p2|Rhydon, M|
|poke|p2|Magneton|
|poke|p2|Dodrio, F|
|teampreview
|
|t:|1757838701
|teamsize|p1|6
|teamsize|p2|6
|start
|switch|p1a: Samurott|Samurott-Hisui, M|100/100
|switch|p2a: Golem|Golem, F|100/100
|turn|1
|
|t:|1757838711
|move|p1a: Samurott|Razor Shell|p2a: Golem
|-supereffective|p2a: Golem
|-ability|p2a: Golem|Sturdy
|-damage|p2a: Golem|1/100
|move|p2a: Golem|Rock Blast|p1a: Samurott
|-damage|p1a: Samurott|83/100
|-damage|p1a: Samurott|67/100
|-damage|p1a: Samurott|49/100
|-hitcount|p1a: Samurott|3
|
|upkeep
|turn|2
|-enditem|p2a: Golem|Custap Berry|[eat]
|-activate|p2a: Golem|item: Custap Berry|[consumed]
|
|t:|1757838725
|move|p2a: Golem|Stealth Rock|p1a: Samurott
|-sidestart|p1: lotus5ive|move: Stealth Rock
|move|p1a: Samurott|Ceaseless Edge|p2a: Golem
|-damage|p2a: Golem|0 fnt
|-sidestart|p2: preppy dude|Spikes
|faint|p2a: Golem
|
|upkeep
|
|t:|1757838734
|switch|p2a: Magneton|Magneton|100/100
|-damage|p2a: Magneton|88/100|[from] Spikes
|turn|3
|
|t:|1757838739
|switch|p1a: Great Tusk|Great Tusk|100/100
|-damage|p1a: Great Tusk|98/100|[from] Stealth Rock
|-enditem|p1a: Great Tusk|Booster Energy
|-activate|p1a: Great Tusk|ability: Protosynthesis|[fromitem]
|-start|p1a: Great Tusk|protosynthesisspe
|move|p2a: Magneton|Discharge|p1a: Great Tusk
|-immune|p1a: Great Tusk
|
|upkeep
|turn|4
|
|t:|1757838752
|switch|p2a: Zapdos|Zapdos|100/100
|move|p1a: Great Tusk|Rapid Spin|p2a: Zapdos
|-damage|p2a: Zapdos|88/100
|-boost|p1a: Great Tusk|spe|1
|-status|p1a: Great Tusk|par|[from] ability: Static|[of] p2a: Zapdos
|-sideend|p1: lotus5ive|Stealth Rock|[from] move: Rapid Spin|[of] p1a: Great Tusk
|
|-heal|p2a: Zapdos|94/100|[from] item: Leftovers
|upkeep
|turn|5
|
|t:|1757838763
|move|p1a: Great Tusk|Stealth Rock|p2a: Zapdos
|-sidestart|p2: preppy dude|move: Stealth Rock
|move|p2a: Zapdos|Air Cutter|p1a: Great Tusk
|-supereffective|p1a: Great Tusk
|-crit|p1a: Great Tusk
|-damage|p1a: Great Tusk|7/100 par
|
|-heal|p2a: Zapdos|100/100|[from] item: Leftovers
|upkeep
|turn|6
|
|t:|1757838771
|move|p1a: Great Tusk|Knock Off|p2a: Zapdos
|-damage|p2a: Zapdos|77/100
|-enditem|p2a: Zapdos|Leftovers|[from] move: Knock Off|[of] p1a: Great Tusk
|move|p2a: Zapdos|Air Cutter|p1a: Great Tusk
|-supereffective|p1a: Great Tusk
|-damage|p1a: Great Tusk|0 fnt
|faint|p1a: Great Tusk
|-end|p1a: Great Tusk|Protosynthesis|[silent]
|
|upkeep
|
|t:|1757838780
|switch|p1a: Landorus|Landorus-Therian, M|100/100
|-ability|p1a: Landorus|Intimidate|boost
|-unboost|p2a: Zapdos|atk|1
|turn|7
|
|t:|1757838784
|move|p2a: Zapdos|Protect|p2a: Zapdos
|-singleturn|p2a: Zapdos|Protect
|move|p1a: Landorus|Stone Edge|p2a: Zapdos
|-activate|p2a: Zapdos|move: Protect
|
|upkeep
|turn|8
|
|t:|1757838794
|switch|p1a: Samurott|Samurott-Hisui, M|49/100
|switch|p2a: Arbok|Arbok, F|100/100
|-damage|p2a: Arbok|88/100|[from] Spikes
|-damage|p2a: Arbok|76/100|[from] Stealth Rock
|-ability|p2a: Arbok|Intimidate|boost
|-unboost|p1a: Samurott|atk|1
|
|upkeep
|turn|9
|
|t:|1757838809
|switch|p1a: Pecharunt|Pecharunt|100/100
|move|p2a: Arbok|Poison Fang|p1a: Pecharunt
|-resisted|p1a: Pecharunt
|-damage|p1a: Pecharunt|99/100
|-damage|p2a: Arbok|59/100|[from] item: Rocky Helmet|[of] p1a: Pecharunt
|
|upkeep
|turn|10
|
|t:|1757838817
|switch|p2a: Magneton|Magneton|88/100
|-damage|p2a: Magneton|76/100|[from] Spikes
|-damage|p2a: Magneton|69/100|[from] Stealth Rock
|move|p1a: Pecharunt|Parting Shot|p2a: Magneton
|-unboost|p2a: Magneton|atk|1
|-unboost|p2a: Magneton|spa|1
|
|t:|1757838826
|switch|p1a: Landorus|Landorus-Therian, M|100/100|[from] Parting Shot
|-ability|p1a: Landorus|Intimidate|boost
|-unboost|p2a: Magneton|atk|1
|
|upkeep
|turn|11
|
|t:|1757838833
|move|p1a: Landorus|U-turn|p2a: Magneton
|-resisted|p2a: Magneton
|-damage|p2a: Magneton|48/100
|
|t:|1757838842
|switch|p1a: Samurott|Samurott-Hisui, M|49/100|[from] U-turn
|move|p2a: Magneton|Steel Beam|p1a: Samurott
|-resisted|p1a: Samurott
|-damage|p1a: Samurott|29/100
|-damage|p2a: Magneton|0 fnt|[from] steelbeam
|faint|p2a: Magneton
|
|upkeep
|
|t:|1757838852
|switch|p2a: Dodrio|Dodrio, F|100/100
|-damage|p2a: Dodrio|76/100|[from] Stealth Rock
|turn|12
|
|t:|1757838859
|switch|p1a: Landorus|Landorus-Therian, M|100/100
|-ability|p1a: Landorus|Intimidate|boost
|-unboost|p2a: Dodrio|atk|1
|move|p2a: Dodrio|Brave Bird|p1a: Landorus
|-damage|p1a: Landorus|50/100
|-damage|p2a: Dodrio|55/100|[from] Recoil
|
|upkeep
|turn|13
|
|t:|1757838868
|move|p2a: Dodrio|Brave Bird|p1a: Landorus
|-damage|p1a: Landorus|0 fnt
|faint|p1a: Landorus
|-damage|p2a: Dodrio|35/100|[from] Recoil
|
|upkeep
|
|t:|1757838888
|switch|p1a: Iron Crown|Iron Crown|100/100
|turn|14
|
|t:|1757838893
|move|p2a: Dodrio|Brave Bird|p1a: Iron Crown
|-resisted|p1a: Iron Crown
|-damage|p1a: Iron Crown|80/100
|-damage|p2a: Dodrio|27/100|[from] Recoil
|move|p1a: Iron Crown|Tachyon Cutter|p2a: Dodrio
|-damage|p2a: Dodrio|0 fnt
|faint|p2a: Dodrio
|-hitcount|p2: Dodrio|1
|
|upkeep
|
|t:|1757838904
|switch|p2a: Zapdos|Zapdos|77/100
|-damage|p2a: Zapdos|52/100|[from] Stealth Rock
|turn|15
|
|t:|1757838915
|move|p1a: Iron Crown|Tachyon Cutter|p2a: Zapdos
|-resisted|p2a: Zapdos
|-damage|p2a: Zapdos|38/100
|-resisted|p2a: Zapdos
|-damage|p2a: Zapdos|24/100
|-hitcount|p2a: Zapdos|2
|move|p2a: Zapdos|Roost|p2a: Zapdos
|-heal|p2a: Zapdos|74/100
|-singleturn|p2a: Zapdos|move: Roost
|
|upkeep
|turn|16
|
|t:|1757838925
|-end|p1a: Iron Crown|Quark Drive|[silent]
|switch|p1a: Pecharunt|Pecharunt|99/100
|move|p2a: Zapdos|Roost|p2a: Zapdos
|-heal|p2a: Zapdos|100/100
|-singleturn|p2a: Zapdos|move: Roost
|
|upkeep
|turn|17
|
|t:|1757838933
|switch|p2a: Arbok|Arbok, F|59/100
|-damage|p2a: Arbok|47/100|[from] Spikes
|-damage|p2a: Arbok|34/100|[from] Stealth Rock
|-ability|p2a: Arbok|Intimidate|boost
|-unboost|p1a: Pecharunt|atk|1
|move|p1a: Pecharunt|Malignant Chain|p2a: Arbok
|-resisted|p2a: Arbok
|-damage|p2a: Arbok|13/100
|
|upkeep
|turn|18
|
|t:|1757838950
|switch|p1a: Iron Crown|Iron Crown|80/100
|move|p2a: Arbok|Pain Split|p1a: Iron Crown
|-sethp|p1a: Iron Crown|46/100|[from] move: Pain Split|[silent]
|-sethp|p2a: Arbok|46/100|[from] move: Pain Split
|
|upkeep
|turn|19
|
|t:|1757838957
|move|p2a: Arbok|Pain Split|p1a: Iron Crown
|-sethp|p1a: Iron Crown|46/100|[from] move: Pain Split|[silent]
|-sethp|p2a: Arbok|46/100|[from] move: Pain Split
|move|p1a: Iron Crown|Psychic Noise|p2a: Arbok
|-supereffective|p2a: Arbok
|-damage|p2a: Arbok|0 fnt
|faint|p2a: Arbok
|
|upkeep
|
|t:|1757838967
|switch|p2a: Zapdos|Zapdos|100/100
|-damage|p2a: Zapdos|75/100|[from] Stealth Rock
|turn|20
|
|t:|1757838981
|move|p1a: Iron Crown|Psychic Noise|p2a: Zapdos
|-damage|p2a: Zapdos|27/100
|-start|p2a: Zapdos|move: Heal Block
|move|p2a: Zapdos|Discharge|p1a: Iron Crown
|-damage|p1a: Iron Crown|15/100
|
|upkeep
|turn|21
|
|t:|1757838990
|move|p2a: Zapdos|Protect|p2a: Zapdos
|-singleturn|p2a: Zapdos|Protect
|move|p1a: Iron Crown|Psychic Noise|p2a: Zapdos
|-activate|p2a: Zapdos|move: Protect
|
|-end|p2a: Zapdos|move: Heal Block
|upkeep
|turn|22
|
|t:|1757838999
|move|p1a: Iron Crown|Psychic Noise|p2a: Zapdos
|-damage|p2a: Zapdos|0 fnt
|faint|p2a: Zapdos
|
|upkeep
|
|t:|1757839004
|switch|p2a: Rhydon|Rhydon, M|100/100
|-damage|p2a: Rhydon|88/100|[from] Spikes
|-damage|p2a: Rhydon|82/100|[from] Stealth Rock
|turn|23
|
|t:|1757839010
|-terastallize|p2a: Rhydon|Ghost
|move|p1a: Iron Crown|Psychic Noise|p2a: Rhydon
|-damage|p2a: Rhydon|24/100
|-start|p2a: Rhydon|move: Heal Block
|move|p2a: Rhydon|Earthquake|p1a: Iron Crown
|-supereffective|p1a: Iron Crown
|-damage|p1a: Iron Crown|0 fnt
|faint|p1a: Iron Crown
|-end|p1a: Iron Crown|Quark Drive|[silent]
|
|upkeep
|
|t:|1757839027
|switch|p1a: Samurott|Samurott-Hisui, M|29/100
|turn|24
|
|t:|1757839033
|move|p1a: Samurott|Ceaseless Edge|p2a: Rhydon
|-supereffective|p2a: Rhydon
|-damage|p2a: Rhydon|0 fnt
|-sidestart|p2: preppy dude|Spikes
|faint|p2a: Rhydon
|
|win|lotus5ive
|raw|lotus5ive's rating: 1202 &rarr; <strong>1227</strong><br />(+25 for winning)
|raw|preppy dude's rating: 1205 &rarr; <strong>1180</strong><br />(-25 for losing)
|l|☆preppy dude
|player|p2|
|l|☆lotus5ive
|player|p1|
