|j|☆Hunter_of_Keys
|j|☆hungrymane
|t:|1757825758
|gametype|singles
|player|p1|Hunter_of_Keys|veteran|1536
|player|p2|hungrymane|1|1778
|gen|9
|tier|[Gen 9] OU
|rated|
|rule|HP Percentage Mod: HP is shown in percentages
|rule|Endless Battle Clause: Forcing endless battles is banned
|rule|Species Clause: Limit one of each Pokémon
|rule|OHKO Clause: OHKO moves are banned
|rule|Evasion Items Clause: Evasion items are banned
|rule|Evasion Moves Clause: Evasion moves are banned
|rule|Evasion Abilities Clause: Evasion abilities are banned
|rule|Sleep Moves Clause: Sleep-inducing moves are banned
|clearpoke
|poke|p1|Indeedee, M|
|poke|p1|Espeon, M|
|poke|p1|Armarouge, F|
|poke|p1|Gallade, M|
|poke|p1|Cresselia, F|
|poke|p1|Iron Boulder|
|poke|p2|Mesprit|
|poke|p2|Zoroark-Hisui, M|
|poke|p2|Thundurus, M|
|poke|p2|Okidogi, M|
|poke|p2|Goodra-Hisui, F|
|poke|p2|Alomomola, F|
|teampreview
|inactive|Battle timer is ON: inactive players will automatically lose when time's up. (requested by Hunter_of_Keys)
|j| wgw2333
|
|t:|1757825777
|teamsize|p1|6
|teamsize|p2|6
|start
|switch|p1a: Indeedee|Indeedee, M|100/100
|switch|p2a: Big bad wolf.|Goodra-Hisui, F|100/100
|-fieldstart|move: Psychic Terrain|[from] ability: Psychic Surge|[of] p1a: Indeedee
|turn|1
|
|t:|1757825787
|switch|p1a: Espeon|Espeon, M|100/100
|move|p2a: Big bad wolf.|Sludge Bomb|p1a: Espeon
|-damage|p1a: Espeon|73/100
|
|upkeep
|turn|2
|
|t:|1757825792
|move|p1a: Espeon|Thunder Wave|p2a: Big bad wolf.
|-status|p2a: Big bad wolf.|par
|cant|p2a: Big bad wolf.|par
|
|upkeep
|turn|3
|l| wgw2333
|
|t:|1757825800
|move|p1a: Espeon|Expanding Force|p2a: Big bad wolf.
|-resisted|p2a: Big bad wolf.
|-damage|p2a: Big bad wolf.|79/100 par
|move|p2a: Big bad wolf.|Sludge Bomb|p1a: Espeon
|-damage|p1a: Espeon|45/100
|
|upkeep
|turn|4
|
|t:|1757825806
|switch|p1a: Gallade|Gallade, M|100/100
|cant|p2a: Big bad wolf.|par
|
|upkeep
|turn|5
|
|t:|1757825816
|switch|p2a: Whos afraid of the|Mesprit|100/100
|move|p1a: Gallade|Sacred Sword|p2a: Whos afraid of the
|-resisted|p2a: Whos afraid of the
|-damage|p2a: Whos afraid of the|77/100
|
|upkeep
|turn|6
|
|t:|1757825822
|-terastallize|p1a: Gallade|Dark
|move|p1a: Gallade|Night Slash|p2a: Whos afraid of the
|-supereffective|p2a: Whos afraid of the
|-damage|p2a: Whos afraid of the|3/100
|move|p2a: Whos afraid of the|U-turn|p1a: Gallade
|-supereffective|p1a: Gallade
|-damage|p1a: Gallade|51/100
|
|t:|1757825824
|switch|p2a: Big bad wolf?|Thundurus, M|100/100|[from] U-turn
|
|upkeep
|turn|7
|
|t:|1757825833
|move|p2a: Big bad wolf?|U-turn|p1a: Gallade
|-supereffective|p1a: Gallade
|-damage|p1a: Gallade|0 fnt
|faint|p1a: Gallade
|
|t:|1757825837
|switch|p2a: Tuteetudleetutu|Alomomola, F|100/100|[from] U-turn
|
|upkeep
|
|t:|1757825844
|switch|p1a: Espeon|Espeon, M|45/100
|turn|8
|j| wgw2333
|
|t:|1757825849
|switch|p2a: Big bad wolf.|Goodra-Hisui, F|79/100 par
|move|p1a: Espeon|Expanding Force|p2a: Big bad wolf.
|-resisted|p2a: Big bad wolf.
|-damage|p2a: Big bad wolf.|55/100 par
|
|-fieldend|move: Psychic Terrain
|upkeep
|turn|9
|j| GoldmanNumber2
|
|t:|1757825856
|move|p1a: Espeon|Alluring Voice|p2a: Big bad wolf.
|-damage|p2a: Big bad wolf.|39/100 par
|cant|p2a: Big bad wolf.|par
|
|upkeep
|turn|10
|j| Golem Rising
|
|t:|1757825860
|move|p1a: Espeon|Psyshock|p2a: Big bad wolf.
|-resisted|p2a: Big bad wolf.
|-damage|p2a: Big bad wolf.|25/100 par
|move|p2a: Big bad wolf.|Knock Off|p1a: Espeon
|-supereffective|p1a: Espeon
|-damage|p1a: Espeon|1/100
|-enditem|p1a: Espeon|Ability Shield|[from] move: Knock Off|[of] p2a: Big bad wolf.
|
|upkeep
|turn|11
|
|t:|1757825871
|switch|p2a: Big bad wolf?|Thundurus, M|100/100
|move|p1a: Espeon|Psyshock|p2a: Big bad wolf?
|-damage|p2a: Big bad wolf?|58/100
|
|upkeep
|turn|12
|
|t:|1757825876
|move|p2a: Big bad wolf?|Volt Switch|p1a: Espeon
|-damage|p1a: Espeon|0 fnt
|faint|p1a: Espeon
|
|t:|1757825877
|switch|p2a: Tuteetudleetutu|Alomomola, F|100/100|[from] Volt Switch
|
|upkeep
|
|t:|1757825879
|switch|p1a: Indeedee|Indeedee, M|100/100
|-fieldstart|move: Psychic Terrain|[from] ability: Psychic Surge|[of] p1a: Indeedee
|turn|13
|
|t:|1757825882
|move|p1a: Indeedee|Expanding Force|p2a: Tuteetudleetutu
|-damage|p2a: Tuteetudleetutu|43/100
|move|p2a: Tuteetudleetutu|Wish|p2a: Tuteetudleetutu
|
|upkeep
|turn|14
|
|t:|1757825893
|switch|p1a: Armarouge|Armarouge, F|100/100
|move|p2a: Tuteetudleetutu|Protect||[still]
|-fail|p2a: Tuteetudleetutu
|
|-heal|p2a: Tuteetudleetutu|93/100|[from] move: Wish|[wisher] Tuteetudleetutu
|upkeep
|turn|15
|
|t:|1757825898
|move|p2a: Tuteetudleetutu|Protect|p2a: Tuteetudleetutu
|-singleturn|p2a: Tuteetudleetutu|Protect
|move|p1a: Armarouge|Expanding Force|p2a: Tuteetudleetutu
|-activate|p2a: Tuteetudleetutu|move: Protect
|
|upkeep
|turn|16
|
|t:|1757825901
|move|p1a: Armarouge|Expanding Force|p2a: Tuteetudleetutu
|-damage|p2a: Tuteetudleetutu|20/100
|move|p2a: Tuteetudleetutu|Wish|p2a: Tuteetudleetutu
|
|upkeep
|turn|17
|
|t:|1757825905
|move|p2a: Tuteetudleetutu|Protect|p2a: Tuteetudleetutu
|-singleturn|p2a: Tuteetudleetutu|Protect
|move|p1a: Armarouge|Expanding Force|p2a: Tuteetudleetutu
|-activate|p2a: Tuteetudleetutu|move: Protect
|
|-heal|p2a: Tuteetudleetutu|70/100|[from] move: Wish|[wisher] Tuteetudleetutu
|upkeep
|turn|18
|
|t:|1757825915
|switch|p2a: Big bad wolf.|Goodra-Hisui, F|25/100 par
|move|p1a: Armarouge|Expanding Force|p2a: Big bad wolf.
|-resisted|p2a: Big bad wolf.
|-crit|p2a: Big bad wolf.
|-damage|p2a: Big bad wolf.|0 fnt
|faint|p2a: Big bad wolf.
|
|upkeep
|
|t:|1757825923
|switch|p2a: Tuteetudleetutu|Alomomola, F|100/100
|turn|19
|
|t:|1757825929
|switch|p1a: Cresselia|Cresselia, F|100/100
|move|p2a: Tuteetudleetutu|Protect||[still]
|-fail|p2a: Tuteetudleetutu
|
|upkeep
|turn|20
|j| sidechicked
|
|t:|1757825934
|move|p2a: Tuteetudleetutu|Protect|p2a: Tuteetudleetutu
|-singleturn|p2a: Tuteetudleetutu|Protect
|move|p1a: Cresselia|Thunder Wave|p2a: Tuteetudleetutu
|-activate|p2a: Tuteetudleetutu|move: Protect
|
|-fieldend|move: Psychic Terrain
|upkeep
|turn|21
|
|t:|1757825938
|move|p1a: Cresselia|Thunder Wave|p2a: Tuteetudleetutu
|-status|p2a: Tuteetudleetutu|par
|move|p2a: Tuteetudleetutu|Wish|p2a: Tuteetudleetutu
|
|upkeep
|turn|22
|
|t:|1757825946
|switch|p1a: Indeedee|Indeedee, M|100/100
|-fieldstart|move: Psychic Terrain|[from] ability: Psychic Surge|[of] p1a: Indeedee
|move|p2a: Tuteetudleetutu|Flip Turn|p1a: Indeedee
|-damage|p1a: Indeedee|68/100
|
|t:|1757825948
|switch|p2a: Whos afraid of the|Mesprit|3/100|[from] Flip Turn
|
|-heal|p2a: Whos afraid of the|76/100|[from] move: Wish|[wisher] Tuteetudleetutu
|upkeep
|turn|23
|
|t:|1757825955
|switch|p1a: Armarouge|Armarouge, F|100/100
|move|p2a: Whos afraid of the|Stealth Rock|p1a: Armarouge
|-sidestart|p1: Hunter_of_Keys|move: Stealth Rock
|
|upkeep
|turn|24
|
|t:|1757825962
|move|p1a: Armarouge|Expanding Force|p2a: Whos afraid of the
|-resisted|p2a: Whos afraid of the
|-damage|p2a: Whos afraid of the|39/100
|move|p2a: Whos afraid of the|Psychic Noise|p1a: Armarouge
|-resisted|p1a: Armarouge
|-damage|p1a: Armarouge|82/100
|-start|p1a: Armarouge|move: Heal Block
|
|upkeep
|turn|25
|
|t:|1757825979
|move|p1a: Armarouge|Expanding Force|p2a: Whos afraid of the
|-resisted|p2a: Whos afraid of the
|-damage|p2a: Whos afraid of the|2/100
|move|p2a: Whos afraid of the|Psychic Noise|p1a: Armarouge
|-resisted|p1a: Armarouge
|-damage|p1a: Armarouge|64/100
|
|-end|p1a: Armarouge|move: Heal Block
|upkeep
|turn|26
|
|t:|1757825983
|move|p1a: Armarouge|Expanding Force|p2a: Whos afraid of the
|-resisted|p2a: Whos afraid of the
|-damage|p2a: Whos afraid of the|0 fnt
|faint|p2a: Whos afraid of the
|
|upkeep
|
|t:|1757825985
|switch|p2a: Big bad wolf?|Thundurus, M|100/100
|turn|27
|
|t:|1757825994
|switch|p1a: Cresselia|Cresselia, F|100/100
|-damage|p1a: Cresselia|88/100|[from] Stealth Rock
|move|p2a: Big bad wolf?|Hex|p1a: Cresselia
|-supereffective|p1a: Cresselia
|-damage|p1a: Cresselia|50/100
|
|upkeep
|turn|28
|
|t:|1757826004
|switch|p2a: Tuteetudleetutu|Alomomola, F|100/100 par
|move|p1a: Cresselia|Thunder Wave|p2a: Tuteetudleetutu
|-fail|p2a: Tuteetudleetutu|par
|
|upkeep
|turn|29
|
|t:|1757826023
|move|p1a: Cresselia|Moonblast|p2a: Tuteetudleetutu
|-damage|p2a: Tuteetudleetutu|86/100 par
|move|p2a: Tuteetudleetutu|Flip Turn|p1a: Cresselia
|-damage|p1a: Cresselia|41/100
|-damage|p2a: Tuteetudleetutu|69/100 par|[from] item: Rocky Helmet|[of] p1a: Cresselia
|
|t:|1757826030
|switch|p2a: Big bad wolf?|Thundurus, M|100/100|[from] Flip Turn
|
|-fieldend|move: Psychic Terrain
|upkeep
|turn|30
|
|t:|1757826043
|move|p2a: Big bad wolf?|Hex|p1a: Cresselia
|-supereffective|p1a: Cresselia
|-damage|p1a: Cresselia|6/100
|move|p1a: Cresselia|Lunar Dance|p1a: Cresselia
|faint|p1a: Cresselia
|
|upkeep
|
|t:|1757826049
|switch|p1a: Indeedee|Indeedee, M|68/100
|-heal|p1a: Indeedee|100/100|[from] move: Lunar Dance
|-damage|p1a: Indeedee|88/100|[from] Stealth Rock
|-fieldstart|move: Psychic Terrain|[from] ability: Psychic Surge|[of] p1a: Indeedee
|turn|31
|
|t:|1757826057
|switch|p2a: Tuteetudleetutu|Alomomola, F|100/100 par
|move|p1a: Indeedee|Expanding Force|p2a: Tuteetudleetutu
|-damage|p2a: Tuteetudleetutu|41/100 par
|
|upkeep
|turn|32
|
|t:|1757826067
|cant|p2a: Tuteetudleetutu|par
|move|p1a: Indeedee|Expanding Force|p2a: Tuteetudleetutu
|-damage|p2a: Tuteetudleetutu|0 fnt
|faint|p2a: Tuteetudleetutu
|
|upkeep
|
|t:|1757826071
|switch|p2a: Big bad wolf?|Thundurus, M|58/100
|turn|33
|
|t:|1757826074
|move|p2a: Big bad wolf?|U-turn|p1a: Indeedee
|-supereffective|p1a: Indeedee
|-damage|p1a: Indeedee|16/100
|l| sidechicked
|
|t:|1757826088
|switch|p2a: I aint afraid of a|Okidogi, M|100/100|[from] U-turn
|move|p1a: Indeedee|Expanding Force|p2a: I aint afraid of a
|-damage|p2a: I aint afraid of a|0 fnt
|replace|p2a: The big bad wolf?|Zoroark-Hisui, M
|-end|p2a: The big bad wolf?|Illusion
|faint|p2a: The big bad wolf?
|
|upkeep
|
|t:|1757826090
|switch|p2a: Big bad wolf?|Thundurus, M|58/100
|turn|34
|
|t:|1757826095
|switch|p1a: Armarouge|Armarouge, F|64/100
|-damage|p1a: Armarouge|39/100|[from] Stealth Rock
|move|p2a: Big bad wolf?|Volt Switch|p1a: Armarouge
|-damage|p1a: Armarouge|2/100
|
|t:|1757826101
|switch|p2a: I aint afraid of a|Okidogi, M|100/100|[from] Volt Switch
|
|upkeep
|turn|35
|
|t:|1757826105
|move|p1a: Armarouge|Endure|p1a: Armarouge
|-singleturn|p1a: Armarouge|move: Endure
|move|p2a: I aint afraid of a|Poison Fang|p1a: Armarouge
|-activate|p1a: Armarouge|move: Endure
|-damage|p1a: Armarouge|1/100
|-ability|p1a: Armarouge|Weak Armor|boost
|-unboost|p1a: Armarouge|def|1
|-boost|p1a: Armarouge|spe|2
|
|upkeep
|turn|36
|
|t:|1757826124
|-terastallize|p2a: I aint afraid of a|Ground
|move|p1a: Armarouge|Armor Cannon|p2a: I aint afraid of a
|-damage|p2a: I aint afraid of a|34/100
|-unboost|p1a: Armarouge|def|1
|-unboost|p1a: Armarouge|spd|1
|move|p2a: I aint afraid of a|Poison Fang|p1a: Armarouge
|-damage|p1a: Armarouge|0 fnt
|faint|p1a: Armarouge
|
|upkeep
|
|t:|1757826135
|switch|p1a: Indeedee|Indeedee, M|16/100
|-damage|p1a: Indeedee|4/100|[from] Stealth Rock
|turn|37
|
|t:|1757826138
|move|p1a: Indeedee|Expanding Force|p2a: I aint afraid of a
|-damage|p2a: I aint afraid of a|0 fnt
|faint|p2a: I aint afraid of a
|
|upkeep
|
|t:|1757826140
|switch|p2a: Big bad wolf?|Thundurus, M|58/100
|turn|38
|
|t:|1757826143
|move|p2a: Big bad wolf?|U-turn|p1a: Indeedee
|-supereffective|p1a: Indeedee
|-damage|p1a: Indeedee|0 fnt
|faint|p1a: Indeedee
|
|-fieldend|move: Psychic Terrain
|upkeep
|
|t:|1757826145
|switch|p1a: Iron Boulder|Iron Boulder|100/100
|-damage|p1a: Iron Boulder|88/100|[from] Stealth Rock
|-enditem|p1a: Iron Boulder|Booster Energy
|-activate|p1a: Iron Boulder|ability: Quark Drive|[fromitem]
|-start|p1a: Iron Boulder|quarkdrivespe
|turn|39
|j| sidechicked
|
|t:|1757826148
|move|p2a: Big bad wolf?|Thunder Wave|p1a: Iron Boulder
|-status|p1a: Iron Boulder|par
|move|p1a: Iron Boulder|Swords Dance|p1a: Iron Boulder
|-boost|p1a: Iron Boulder|atk|2
|
|upkeep
|turn|40
|
|t:|1757826153
|move|p2a: Big bad wolf?|U-turn|p1a: Iron Boulder
|-supereffective|p1a: Iron Boulder
|-damage|p1a: Iron Boulder|53/100 par
|cant|p1a: Iron Boulder|par
|
|upkeep
|turn|41
|
|t:|1757826156
|move|p2a: Big bad wolf?|U-turn|p1a: Iron Boulder
|-supereffective|p1a: Iron Boulder
|-damage|p1a: Iron Boulder|16/100 par
|move|p1a: Iron Boulder|Mighty Cleave|p2a: Big bad wolf?
|-supereffective|p2a: Big bad wolf?
|-damage|p2a: Big bad wolf?|0 fnt
|faint|p2a: Big bad wolf?
|
|win|Hunter_of_Keys
|raw|Hunter_of_Keys's rating: 1536 &rarr; <strong>1568</strong><br />(+32 for winning)
|raw|hungrymane's rating: 1778 &rarr; <strong>1746</strong><br />(-32 for losing)
|l|☆Hunter_of_Keys
|player|p1|
|c|☆hungrymane|You got so lucky
|l|☆hungrymane
|player|p2|
|l| GoldmanNumber2
|l| Golem Rising
|l| sidechicked
