|j|☆spoon91
|j|☆Fhantazy
|t:|1757840191
|gametype|singles
|player|p1|spoon91|elesa|1419
|player|p2|Fhantazy|morty-masters|1433
|gen|9
|tier|[Gen 9] OU
|rated|
|rule|HP Percentage Mod: HP is shown in percentages
|rule|Endless Battle Clause: Forcing endless battles is banned
|rule|Species Clause: Limit one of each Pokémon
|rule|OHKO Clause: OHKO moves are banned
|rule|Evasion Items Clause: Evasion items are banned
|rule|Evasion Moves Clause: Evasion moves are banned
|rule|Evasion Abilities Clause: Evasion abilities are banned
|rule|Sleep Moves Clause: Sleep-inducing moves are banned
|clearpoke
|poke|p1|Dragapult, F|
|poke|p1|Glimmora, M|
|poke|p1|Iron Crown|
|poke|p1|Dragonite, M|
|poke|p1|Great Tusk|
|poke|p1|Ogerpon-Wellspring, F|
|poke|p2|Ursaring, M|
|poke|p2|Corviknight, F|
|poke|p2|Pecharunt|
|poke|p2|Araquanid, F|
|poke|p2|Darkrai|
|poke|p2|Raging Bolt|
|teampreview
|inactive|Battle timer is ON: inactive players will automatically lose when time's up. (requested by spoon91)
|
|t:|1757840200
|teamsize|p1|6
|teamsize|p2|6
|start
|switch|p1a: Glimmora|Glimmora, M, shiny|100/100
|switch|p2a: Araquanid|Araquanid, F|100/100
|turn|1
|
|t:|1757840207
|move|p1a: Glimmora|Stealth Rock|p2a: Araquanid
|-sidestart|p2: Fhantazy|move: Stealth Rock
|move|p2a: Araquanid|Liquidation|p1a: Glimmora
|-supereffective|p1a: Glimmora
|-enditem|p1a: Glimmora|Focus Sash
|-damage|p1a: Glimmora|1/100
|-unboost|p1a: Glimmora|def|1
|-activate|p1a: Glimmora|ability: Toxic Debris
|-sidestart|p2: Fhantazy|move: Toxic Spikes
|
|upkeep
|turn|2
|
|t:|1757840210
|move|p1a: Glimmora|Power Gem|p2a: Araquanid
|-supereffective|p2a: Araquanid
|-damage|p2a: Araquanid|28/100
|move|p2a: Araquanid|Liquidation|p1a: Glimmora
|-supereffective|p1a: Glimmora
|-damage|p1a: Glimmora|0 fnt
|-activate|p1a: Glimmora|ability: Toxic Debris
|-sidestart|p2: Fhantazy|move: Toxic Spikes
|faint|p1a: Glimmora
|
|upkeep
|
|t:|1757840214
|switch|p1a: Dragapult|Dragapult, F, shiny|100/100
|turn|3
|
|t:|1757840217
|move|p1a: Dragapult|Dragon Darts|p2a: Araquanid
|-damage|p2a: Araquanid|0 fnt
|faint|p2a: Araquanid
|
|upkeep
|
|t:|1757840220
|switch|p2a: Pecharunt|Pecharunt|100/100
|-damage|p2a: Pecharunt|88/100|[from] Stealth Rock
|-sideend|p2: Fhantazy|move: Toxic Spikes|[of] p2a: Pecharunt
|turn|4
|
|t:|1757840224
|move|p1a: Dragapult|U-turn|p2a: Pecharunt
|-resisted|p2a: Pecharunt
|-damage|p2a: Pecharunt|84/100
|
|t:|1757840230
|switch|p1a: Great Tusk|Great Tusk, shiny|100/100|[from] U-turn
|move|p2a: Pecharunt|Parting Shot|p1a: Great Tusk
|-unboost|p1a: Great Tusk|atk|1
|-unboost|p1a: Great Tusk|spa|1
|
|t:|1757840233
|switch|p2a: Corviknight|Corviknight, F|100/100|[from] Parting Shot
|-damage|p2a: Corviknight|88/100|[from] Stealth Rock
|-ability|p2a: Corviknight|Pressure
|
|upkeep
|turn|5
|
|t:|1757840240
|-end|p1a: Great Tusk|Protosynthesis|[silent]
|switch|p1a: Ogerpon|Ogerpon-Wellspring, F|100/100
|move|p2a: Corviknight|Defog|p1a: Ogerpon
|-unboost|p1a: Ogerpon|evasion|1
|-sideend|p2: Fhantazy|Stealth Rock|[from] move: Defog|[of] p2a: Corviknight
|
|upkeep
|turn|6
|
|t:|1757840248
|move|p1a: Ogerpon|U-turn|p2a: Corviknight
|-resisted|p2a: Corviknight
|-crit|p2a: Corviknight
|-damage|p2a: Corviknight|82/100
|-damage|p1a: Ogerpon|84/100|[from] item: Rocky Helmet|[of] p2a: Corviknight
|
|t:|1757840261
|switch|p1a: Dragonite|Dragonite, M, shiny|100/100|[from] U-turn
|move|p2a: Corviknight|U-turn|p1a: Dragonite
|-resisted|p1a: Dragonite
|-damage|p1a: Dragonite|97/100
|
|t:|1757840268
|switch|p2a: Pecharunt|Pecharunt|84/100|[from] U-turn
|
|-heal|p2a: Pecharunt|90/100|[from] item: Leftovers
|upkeep
|turn|7
|
|t:|1757840274
|move|p2a: Pecharunt|Shadow Ball|p1a: Dragonite
|-damage|p1a: Dragonite|74/100
|move|p1a: Dragonite|Dragon Dance|p1a: Dragonite
|-boost|p1a: Dragonite|atk|1
|-boost|p1a: Dragonite|spe|1
|
|-heal|p2a: Pecharunt|97/100|[from] item: Leftovers
|upkeep
|turn|8
|
|t:|1757840277
|move|p2a: Pecharunt|Malignant Chain|p1a: Dragonite
|-damage|p1a: Dragonite|44/100
|move|p1a: Dragonite|Dragon Dance|p1a: Dragonite
|-boost|p1a: Dragonite|atk|1
|-boost|p1a: Dragonite|spe|1
|
|-heal|p2a: Pecharunt|100/100|[from] item: Leftovers
|upkeep
|turn|9
|
|t:|1757840283
|switch|p2a: Corviknight|Corviknight, F|82/100
|-ability|p2a: Corviknight|Pressure
|move|p1a: Dragonite|Earthquake|p2a: Corviknight
|-immune|p2a: Corviknight
|
|upkeep
|turn|10
|
|t:|1757840290
|move|p1a: Dragonite|Outrage|p2a: Corviknight
|-resisted|p2a: Corviknight
|-damage|p2a: Corviknight|41/100
|-damage|p1a: Dragonite|27/100|[from] item: Rocky Helmet|[of] p2a: Corviknight
|move|p2a: Corviknight|Brave Bird|p1a: Dragonite
|-damage|p1a: Dragonite|0 fnt
|faint|p1a: Dragonite
|-damage|p2a: Corviknight|33/100|[from] Recoil
|
|upkeep
|
|t:|1757840297
|switch|p1a: Ogerpon|Ogerpon-Wellspring, F|84/100
|turn|11
|
|t:|1757840303
|switch|p2a: Pecharunt|Pecharunt|100/100
|move|p1a: Ogerpon|Ivy Cudgel|p2a: Pecharunt|[anim] Ivy Cudgel Water
|-damage|p2a: Pecharunt|66/100
|
|-heal|p2a: Pecharunt|73/100|[from] item: Leftovers
|upkeep
|turn|12
|
|t:|1757840308
|-terastallize|p1a: Ogerpon|Water
|detailschange|p1a: Ogerpon|Ogerpon-Wellspring-Tera, F, tera:Water
|-ability|p1a: Ogerpon|Embody Aspect (Wellspring)|boost
|-boost|p1a: Ogerpon|spd|1
|move|p1a: Ogerpon|Swords Dance|p1a: Ogerpon
|-boost|p1a: Ogerpon|atk|2
|move|p2a: Pecharunt|Parting Shot|p1a: Ogerpon
|-unboost|p1a: Ogerpon|atk|1
|-unboost|p1a: Ogerpon|spa|1
|
|t:|1757840317
|switch|p2a: Ursaring|Ursaring, M|100/100|[from] Parting Shot
|
|upkeep
|turn|13
|
|t:|1757840321
|move|p1a: Ogerpon|Horn Leech|p2a: Ursaring
|-damage|p2a: Ursaring|50/100
|-heal|p1a: Ogerpon|100/100|[from] drain|[of] p2a: Ursaring
|move|p2a: Ursaring|Body Slam|p1a: Ogerpon
|-damage|p1a: Ogerpon|34/100
|
|upkeep
|turn|14
|
|t:|1757840329
|switch|p2a: Corviknight|Corviknight, F|33/100
|-ability|p2a: Corviknight|Pressure
|move|p1a: Ogerpon|Horn Leech|p2a: Corviknight
|-resisted|p2a: Corviknight
|-damage|p2a: Corviknight|23/100
|-heal|p1a: Ogerpon|40/100|[from] drain|[of] p2a: Corviknight
|-damage|p1a: Ogerpon|24/100|[from] item: Rocky Helmet|[of] p2a: Corviknight
|
|upkeep
|turn|15
|
|t:|1757840339
|move|p1a: Ogerpon|Ivy Cudgel|p2a: Corviknight|[anim] Ivy Cudgel Water
|-damage|p2a: Corviknight|0 fnt
|faint|p2a: Corviknight
|
|upkeep
|
|t:|1757840342
|switch|p2a: Darkrai|Darkrai|100/100
|turn|16
|
|t:|1757840354
|move|p2a: Darkrai|Dark Pulse|p1a: Ogerpon
|-damage|p1a: Ogerpon|0 fnt
|faint|p1a: Ogerpon
|detailschange|p1: Ogerpon|Ogerpon-Wellspring, F|[silent]
|
|upkeep
|
|t:|1757840368
|switch|p1a: Great Tusk|Great Tusk, shiny|100/100
|turn|17
|
|t:|1757840376
|switch|p2a: Ursaring|Ursaring, M|50/100
|move|p1a: Great Tusk|Close Combat|p2a: Ursaring
|-supereffective|p2a: Ursaring
|-damage|p2a: Ursaring|0 fnt
|-unboost|p1a: Great Tusk|def|1
|-unboost|p1a: Great Tusk|spd|1
|faint|p2a: Ursaring
|
|upkeep
|
|t:|1757840388
|switch|p2a: Pecharunt|Pecharunt|73/100
|turn|18
|
|t:|1757840393
|move|p2a: Pecharunt|Shadow Ball|p1a: Great Tusk
|-damage|p1a: Great Tusk|58/100
|move|p1a: Great Tusk|Headlong Rush|p2a: Pecharunt
|-supereffective|p2a: Pecharunt
|-damage|p2a: Pecharunt|0 fnt
|-unboost|p1a: Great Tusk|def|1
|-unboost|p1a: Great Tusk|spd|1
|faint|p2a: Pecharunt
|
|upkeep
|
|t:|1757840399
|switch|p2a: Darkrai|Darkrai|100/100
|turn|19
|
|t:|1757840408
|-end|p1a: Great Tusk|Protosynthesis|[silent]
|switch|p1a: Dragapult|Dragapult, F, shiny|100/100
|-terastallize|p2a: Darkrai|Poison
|move|p2a: Darkrai|Sludge Bomb|p1a: Dragapult
|-resisted|p1a: Dragapult
|-damage|p1a: Dragapult|70/100
|-status|p1a: Dragapult|psn
|
|-damage|p1a: Dragapult|58/100 psn|[from] psn
|upkeep
|turn|20
|
|t:|1757840416
|move|p2a: Darkrai|Sludge Bomb|p1a: Dragapult
|-resisted|p1a: Dragapult
|-damage|p1a: Dragapult|24/100 psn
|move|p1a: Dragapult|Dragon Darts|p2a: Darkrai
|-damage|p2a: Darkrai|63/100
|-anim|p1a: Dragapult|Dragon Darts|p2a: Darkrai
|-damage|p2a: Darkrai|26/100
|
|-damage|p1a: Dragapult|12/100 psn|[from] psn
|upkeep
|turn|21
|
|t:|1757840424
|move|p2a: Darkrai|Sludge Bomb|p1a: Dragapult
|-resisted|p1a: Dragapult
|-damage|p1a: Dragapult|0 fnt
|faint|p1a: Dragapult
|
|upkeep
|
|t:|1757840426
|switch|p1a: Iron Crown|Iron Crown|100/100
|-enditem|p1a: Iron Crown|Booster Energy
|-activate|p1a: Iron Crown|ability: Quark Drive|[fromitem]
|-start|p1a: Iron Crown|quarkdrivespe
|turn|22
|
|t:|1757840429
|switch|p2a: Raging Bolt|Raging Bolt|100/100
|move|p1a: Iron Crown|Calm Mind|p1a: Iron Crown
|-boost|p1a: Iron Crown|spa|1
|-boost|p1a: Iron Crown|spd|1
|
|upkeep
|turn|23
|
|t:|1757840434
|move|p1a: Iron Crown|Calm Mind|p1a: Iron Crown
|-boost|p1a: Iron Crown|spa|1
|-boost|p1a: Iron Crown|spd|1
|move|p2a: Raging Bolt|Calm Mind|p2a: Raging Bolt
|-boost|p2a: Raging Bolt|spa|1
|-boost|p2a: Raging Bolt|spd|1
|
|upkeep
|turn|24
|
|t:|1757840436
|move|p1a: Iron Crown|Psychic|p2a: Raging Bolt
|-damage|p2a: Raging Bolt|51/100
|move|p2a: Raging Bolt|Thunderbolt|p1a: Iron Crown
|-damage|p1a: Iron Crown|63/100
|
|-heal|p2a: Raging Bolt|57/100|[from] item: Leftovers
|upkeep
|turn|25
|
|t:|1757840442
|move|p1a: Iron Crown|Psychic|p2a: Raging Bolt
|-damage|p2a: Raging Bolt|6/100
|-unboost|p2a: Raging Bolt|spd|1
|move|p2a: Raging Bolt|Thunderbolt|p1a: Iron Crown
|-damage|p1a: Iron Crown|26/100
|
|-heal|p2a: Raging Bolt|13/100|[from] item: Leftovers
|upkeep
|turn|26
|
|t:|1757840448
|move|p2a: Raging Bolt|Thunderclap|p1a: Iron Crown
|-damage|p1a: Iron Crown|0 fnt
|faint|p1a: Iron Crown
|-end|p1a: Iron Crown|Quark Drive|[silent]
|
|-heal|p2a: Raging Bolt|19/100|[from] item: Leftovers
|upkeep
|
|t:|1757840453
|switch|p1a: Great Tusk|Great Tusk, shiny|58/100
|turn|27
|
|t:|1757840461
|move|p1a: Great Tusk|Ice Spinner|p2a: Raging Bolt
|-supereffective|p2a: Raging Bolt
|-damage|p2a: Raging Bolt|0 fnt
|faint|p2a: Raging Bolt
|-end|p2a: Raging Bolt|Protosynthesis|[silent]
|
|upkeep
|
|t:|1757840462
|switch|p2a: Darkrai|Darkrai, tera:Poison|26/100
|turn|28
|
|t:|1757840465
|move|p2a: Darkrai|Ice Beam|p1a: Great Tusk
|-supereffective|p1a: Great Tusk
|-damage|p1a: Great Tusk|0 fnt
|faint|p1a: Great Tusk
|-end|p1a: Great Tusk|Protosynthesis|[silent]
|
|win|Fhantazy
|raw|spoon91's rating: 1419 &rarr; <strong>1400</strong><br />(-19 for losing)
|raw|Fhantazy's rating: 1433 &rarr; <strong>1452</strong><br />(+19 for winning)
|l|☆Fhantazy
|player|p2|
|l|☆spoon91
|player|p1|
