|j|☆disco 2003
|j|☆GODKUD
|t:|1757818567
|gametype|singles
|player|p1|disco 2003|policeman-gen4|1624
|player|p2|GODKUD|ghetsis|1626
|gen|9
|tier|[Gen 9] OU
|rated|
|rule|HP Percentage Mod: HP is shown in percentages
|rule|Endless Battle Clause: Forcing endless battles is banned
|rule|Species Clause: Limit one of each Pokémon
|rule|OHKO Clause: OHKO moves are banned
|rule|Evasion Items Clause: Evasion items are banned
|rule|Evasion Moves Clause: Evasion moves are banned
|rule|Evasion Abilities Clause: Evasion abilities are banned
|rule|Sleep Moves Clause: Sleep-inducing moves are banned
|clearpoke
|poke|p1|Zamazenta-*|
|poke|p1|Ninetales-Alola, M|
|poke|p1|Darkrai|
|poke|p1|Ceruledge, M|
|poke|p1|Gliscor, M|
|poke|p1|Hatterene, F|
|poke|p2|Araquanid, M|
|poke|p2|Great Tusk|
|poke|p2|Slowking-Galar, F|
|poke|p2|Ceruledge, F|
|poke|p2|Corviknight, M|
|poke|p2|Hydreigon, M|
|teampreview
|inactive|Battle timer is ON: inactive players will automatically lose when time's up. (requested by GODKUD)
|
|t:|1757818593
|teamsize|p1|6
|teamsize|p2|6
|start
|switch|p1a: Ninetales|Ninetales-Alola, M|100/100
|switch|p2a: Araquanid|Araquanid, M|100/100
|-weather|Snowscape|[from] ability: Snow Warning|[of] p1a: Ninetales
|turn|1
|
|t:|1757818596
|move|p1a: Ninetales|Aurora Veil|p1a: Ninetales
|-sidestart|p1: disco 2003|move: Aurora Veil
|move|p2a: Araquanid|Surf|p1a: Ninetales
|-damage|p1a: Ninetales|74/100
|
|-weather|Snowscape|[upkeep]
|upkeep
|turn|2
|
|t:|1757818600
|switch|p1a: Hatterene|Hatterene, F|100/100
|move|p2a: Araquanid|Sticky Web|p1a: Hatterene
|move|p1a: Hatterene|Sticky Web|p2a: Araquanid|[from] ability: Magic Bounce
|-sidestart|p2: GODKUD|move: Sticky Web
|
|-weather|Snowscape|[upkeep]
|upkeep
|turn|3
|j| FaronAan
|l| FaronAan
|
|t:|1757818608
|switch|p2a: Slowking|Slowking-Galar, F|100/100
|switch|p1a: Ceruledge|Ceruledge, M|100/100
|
|-weather|Snowscape|[upkeep]
|upkeep
|turn|4
|
|t:|1757818620
|move|p1a: Ceruledge|Taunt|p2a: Slowking
|-start|p2a: Slowking|move: Taunt
|cant|p2a: Slowking|move: Taunt|Thunder Wave
|
|-weather|Snowscape|[upkeep]
|upkeep
|turn|5
|
|t:|1757818628
|switch|p2a: Great Tusk|Great Tusk|100/100
|move|p1a: Ceruledge|Bulk Up|p1a: Ceruledge
|-boost|p1a: Ceruledge|atk|1
|-boost|p1a: Ceruledge|def|1
|
|-weather|none
|upkeep
|turn|6
|
|t:|1757818633
|move|p2a: Great Tusk|Knock Off|p1a: Ceruledge
|-supereffective|p1a: Ceruledge
|-damage|p1a: Ceruledge|74/100
|-enditem|p1a: Ceruledge|Covert Cloak|[from] move: Knock Off|[of] p2a: Great Tusk
|move|p1a: Ceruledge|Bulk Up|p1a: Ceruledge
|-boost|p1a: Ceruledge|atk|1
|-boost|p1a: Ceruledge|def|1
|
|upkeep
|turn|7
|
|t:|1757818638
|move|p2a: Great Tusk|Stealth Rock|p1a: Ceruledge
|-sidestart|p1: disco 2003|move: Stealth Rock
|move|p1a: Ceruledge|Bitter Blade|p2a: Great Tusk
|-damage|p2a: Great Tusk|42/100
|-heal|p1a: Ceruledge|100/100|[from] drain|[of] p2a: Great Tusk
|
|upkeep
|turn|8
|
|t:|1757818645
|move|p2a: Great Tusk|Headlong Rush|p1a: Ceruledge
|-supereffective|p1a: Ceruledge
|-damage|p1a: Ceruledge|66/100
|-unboost|p2a: Great Tusk|def|1
|-unboost|p2a: Great Tusk|spd|1
|move|p1a: Ceruledge|Bitter Blade|p2a: Great Tusk
|-damage|p2a: Great Tusk|0 fnt
|-heal|p1a: Ceruledge|88/100|[from] drain|[of] p2a: Great Tusk
|faint|p2a: Great Tusk
|-end|p2a: Great Tusk|Protosynthesis|[silent]
|
|-sideend|p1: disco 2003|move: Aurora Veil
|upkeep
|
|t:|1757818650
|switch|p2a: Araquanid|Araquanid, M|100/100
|-activate|p2a: Araquanid|move: Sticky Web
|-unboost|p2a: Araquanid|spe|1
|turn|9
|
|t:|1757818654
|-terastallize|p1a: Ceruledge|Bug
|move|p1a: Ceruledge|Taunt|p2a: Araquanid
|-start|p2a: Araquanid|move: Taunt
|move|p2a: Araquanid|Surf|p1a: Ceruledge
|-damage|p1a: Ceruledge|48/100
|
|upkeep
|turn|10
|
|t:|1757818661
|move|p1a: Ceruledge|Bitter Blade|p2a: Araquanid
|-damage|p2a: Araquanid|63/100
|-heal|p1a: Ceruledge|67/100|[from] drain|[of] p2a: Araquanid
|move|p2a: Araquanid|Surf|p1a: Ceruledge
|-damage|p1a: Ceruledge|27/100
|
|upkeep
|turn|11
|
|t:|1757818671
|move|p1a: Ceruledge|Bitter Blade|p2a: Araquanid
|-damage|p2a: Araquanid|22/100
|-heal|p1a: Ceruledge|47/100|[from] drain|[of] p2a: Araquanid
|move|p2a: Araquanid|Surf|p1a: Ceruledge
|-damage|p1a: Ceruledge|8/100
|
|-end|p2a: Araquanid|move: Taunt
|upkeep
|turn|12
|-enditem|p2a: Araquanid|Custap Berry|[eat]
|-activate|p2a: Araquanid|item: Custap Berry|[consumed]
|
|t:|1757818682
|move|p1a: Ceruledge|Shadow Sneak|p2a: Araquanid
|-crit|p2a: Araquanid
|-damage|p2a: Araquanid|0 fnt
|faint|p2a: Araquanid
|
|upkeep
|
|t:|1757818687
|switch|p2a: Hydreigon|Hydreigon, M|100/100
|turn|13
|
|t:|1757818693
|move|p1a: Ceruledge|Shadow Sneak|p2a: Hydreigon
|-resisted|p2a: Hydreigon
|-damage|p2a: Hydreigon|82/100
|move|p2a: Hydreigon|Dark Pulse|p1a: Ceruledge
|-damage|p1a: Ceruledge|0 fnt
|faint|p1a: Ceruledge
|
|-heal|p2a: Hydreigon|88/100|[from] item: Leftovers
|upkeep
|
|t:|1757818697
|switch|p1a: Ninetales|Ninetales-Alola, M|74/100
|-damage|p1a: Ninetales|49/100|[from] Stealth Rock
|-weather|Snowscape|[from] ability: Snow Warning|[of] p1a: Ninetales
|turn|14
|
|t:|1757818701
|switch|p2a: Slowking|Slowking-Galar, F|100/100
|move|p1a: Ninetales|Aurora Veil|p1a: Ninetales
|-sidestart|p1: disco 2003|move: Aurora Veil
|
|-weather|Snowscape|[upkeep]
|upkeep
|turn|15
|
|t:|1757818705
|switch|p1a: Gliscor|Gliscor, M|100/100
|-damage|p1a: Gliscor|88/100|[from] Stealth Rock
|move|p2a: Slowking|Future Sight|p1a: Gliscor
|-start|p2a: Slowking|move: Future Sight
|
|-weather|Snowscape|[upkeep]
|-status|p1a: Gliscor|tox|[from] item: Toxic Orb
|upkeep
|turn|16
|
|t:|1757818711
|switch|p2a: Corviknight|Corviknight, M|100/100
|-ability|p2a: Corviknight|Pressure
|move|p1a: Gliscor|Swords Dance|p1a: Gliscor
|-boost|p1a: Gliscor|atk|2
|
|-weather|Snowscape|[upkeep]
|-heal|p1a: Gliscor|100/100 tox|[from] ability: Poison Heal
|upkeep
|turn|17
|
|t:|1757818718
|move|p1a: Gliscor|Swords Dance|p1a: Gliscor
|-boost|p1a: Gliscor|atk|2
|move|p2a: Corviknight|Brave Bird|p1a: Gliscor
|-damage|p1a: Gliscor|86/100 tox
|-damage|p2a: Corviknight|96/100|[from] Recoil
|
|-weather|Snowscape|[upkeep]
|-end|p1a: Gliscor|move: Future Sight
|-damage|p1a: Gliscor|64/100 tox
|-heal|p1a: Gliscor|77/100 tox|[from] ability: Poison Heal
|upkeep
|turn|18
|
|t:|1757818729
|move|p1a: Gliscor|Agility|p1a: Gliscor
|-boost|p1a: Gliscor|spe|2
|move|p2a: Corviknight|Brave Bird|p1a: Gliscor
|-damage|p1a: Gliscor|64/100 tox
|-damage|p2a: Corviknight|92/100|[from] Recoil
|
|-weather|none
|-heal|p1a: Gliscor|76/100 tox|[from] ability: Poison Heal
|upkeep
|turn|19
|j| Perola Z
|
|t:|1757818735
|move|p1a: Gliscor|Facade|p2a: Corviknight
|-resisted|p2a: Corviknight
|-damage|p2a: Corviknight|65/100
|-damage|p1a: Gliscor|60/100 tox|[from] item: Rocky Helmet|[of] p2a: Corviknight
|move|p2a: Corviknight|Brave Bird|p1a: Gliscor
|-damage|p1a: Gliscor|44/100 tox
|-damage|p2a: Corviknight|60/100|[from] Recoil
|
|-heal|p1a: Gliscor|57/100 tox|[from] ability: Poison Heal
|upkeep
|turn|20
|
|t:|1757818742
|move|p1a: Gliscor|Swords Dance|p1a: Gliscor
|-boost|p1a: Gliscor|atk|2
|move|p2a: Corviknight|Roost|p2a: Corviknight
|-heal|p2a: Corviknight|100/100
|-singleturn|p2a: Corviknight|move: Roost
|
|-heal|p1a: Gliscor|69/100 tox|[from] ability: Poison Heal
|upkeep
|turn|21
|
|t:|1757818754
|move|p1a: Gliscor|Agility|p1a: Gliscor
|-boost|p1a: Gliscor|spe|2
|move|p2a: Corviknight|Brave Bird|p1a: Gliscor
|-damage|p1a: Gliscor|56/100 tox
|-damage|p2a: Corviknight|96/100|[from] Recoil
|
|-heal|p1a: Gliscor|68/100 tox|[from] ability: Poison Heal
|-sideend|p1: disco 2003|move: Aurora Veil
|upkeep
|turn|22
|
|t:|1757818763
|move|p1a: Gliscor|Facade|p2a: Corviknight
|-resisted|p2a: Corviknight
|-damage|p2a: Corviknight|57/100
|-damage|p1a: Gliscor|52/100 tox|[from] item: Rocky Helmet|[of] p2a: Corviknight
|move|p2a: Corviknight|Brave Bird|p1a: Gliscor
|-damage|p1a: Gliscor|22/100 tox
|-damage|p2a: Corviknight|49/100|[from] Recoil
|
|-heal|p1a: Gliscor|35/100 tox|[from] ability: Poison Heal
|upkeep
|turn|23
|
|t:|1757818772
|move|p1a: Gliscor|Facade|p2a: Corviknight
|-resisted|p2a: Corviknight
|-damage|p2a: Corviknight|15/100
|-damage|p1a: Gliscor|18/100 tox|[from] item: Rocky Helmet|[of] p2a: Corviknight
|move|p2a: Corviknight|Brave Bird|p1a: Gliscor
|-crit|p1a: Gliscor
|-damage|p1a: Gliscor|0 fnt
|faint|p1a: Gliscor
|-damage|p2a: Corviknight|10/100|[from] Recoil
|
|upkeep
|
|t:|1757818782
|switch|p1a: Ninetales|Ninetales-Alola, M|49/100
|-damage|p1a: Ninetales|24/100|[from] Stealth Rock
|-weather|Snowscape|[from] ability: Snow Warning|[of] p1a: Ninetales
|turn|24
|
|t:|1757818786
|switch|p2a: Slowking|Slowking-Galar, F|100/100
|move|p1a: Ninetales|Freeze-Dry|p2a: Slowking
|-damage|p2a: Slowking|90/100
|
|-weather|Snowscape|[upkeep]
|upkeep
|turn|25
|
|t:|1757818790
|move|p1a: Ninetales|Aurora Veil|p1a: Ninetales
|-sidestart|p1: disco 2003|move: Aurora Veil
|move|p2a: Slowking|Thunder Wave|p1a: Ninetales
|-status|p1a: Ninetales|par
|
|-weather|Snowscape|[upkeep]
|upkeep
|turn|26
|
|t:|1757818795
|cant|p1a: Ninetales|par
|move|p2a: Slowking|Future Sight|p1a: Ninetales
|-start|p2a: Slowking|move: Future Sight
|
|-weather|Snowscape|[upkeep]
|upkeep
|turn|27
|
|t:|1757818798
|move|p1a: Ninetales|Encore|p2a: Slowking
|-start|p2a: Slowking|Encore
|move|p2a: Slowking|Future Sight||[still]
|-fail|p2a: Slowking
|
|-weather|Snowscape|[upkeep]
|upkeep
|turn|28
|
|t:|1757818804
|switch|p2a: Corviknight|Corviknight, M|10/100
|-ability|p2a: Corviknight|Pressure
|move|p1a: Ninetales|Roar|p2a: Corviknight
|drag|p2a: Ceruledge|Ceruledge, F|100/100
|-activate|p2a: Ceruledge|move: Sticky Web
|-unboost|p2a: Ceruledge|spe|1
|
|-weather|none
|-end|p1a: Ninetales|move: Future Sight
|-damage|p1a: Ninetales|1/100 par
|upkeep
|turn|29
|
|t:|1757818813
|switch|p2a: Slowking|Slowking-Galar, F|100/100
|move|p1a: Ninetales|Encore||[still]
|-fail|p1a: Ninetales
|
|upkeep
|turn|30
|
|t:|1757818818
|move|p1a: Ninetales|Freeze-Dry|p2a: Slowking
|-damage|p2a: Slowking|89/100
|move|p2a: Slowking|Future Sight|p1a: Ninetales
|-start|p2a: Slowking|move: Future Sight
|
|upkeep
|turn|31
|
|t:|1757818822
|-prepare|p2a: Slowking|Chilly Reception|[premajor]
|move|p2a: Slowking|Chilly Reception|p2a: Slowking
|-weather|Snowscape
|l| Perola Z
|
|t:|1757818826
|switch|p2a: Corviknight|Corviknight, M|10/100|[from] Chilly Reception
|-ability|p2a: Corviknight|Pressure
|move|p1a: Ninetales|Roar|p2a: Corviknight
|drag|p2a: Hydreigon|Hydreigon, M|88/100
|
|-weather|Snowscape|[upkeep]
|-heal|p2a: Hydreigon|94/100|[from] item: Leftovers
|upkeep
|turn|32
|
|t:|1757818836
|move|p2a: Hydreigon|Substitute|p2a: Hydreigon
|-start|p2a: Hydreigon|Substitute
|-damage|p2a: Hydreigon|69/100
|move|p1a: Ninetales|Freeze-Dry|p2a: Hydreigon
|-supereffective|p2a: Hydreigon
|-end|p2a: Hydreigon|Substitute
|
|-weather|Snowscape|[upkeep]
|-end|p1a: Ninetales|move: Future Sight
|-damage|p1a: Ninetales|0 fnt
|faint|p1a: Ninetales
|-heal|p2a: Hydreigon|76/100|[from] item: Leftovers
|-sideend|p1: disco 2003|move: Aurora Veil
|upkeep
|
|t:|1757818846
|switch|p1a: Hatterene|Hatterene, F|100/100
|-damage|p1a: Hatterene|88/100|[from] Stealth Rock
|turn|33
|
|t:|1757818851
|switch|p2a: Slowking|Slowking-Galar, F|100/100
|move|p1a: Hatterene|Calm Mind|p1a: Hatterene
|-boost|p1a: Hatterene|spa|1
|-boost|p1a: Hatterene|spd|1
|
|-weather|Snowscape|[upkeep]
|-heal|p1a: Hatterene|94/100|[from] item: Leftovers
|upkeep
|turn|34
|
|t:|1757818856
|move|p1a: Hatterene|Calm Mind|p1a: Hatterene
|-boost|p1a: Hatterene|spa|1
|-boost|p1a: Hatterene|spd|1
|move|p2a: Slowking|Future Sight|p1a: Hatterene
|-start|p2a: Slowking|move: Future Sight
|
|-weather|Snowscape|[upkeep]
|-heal|p1a: Hatterene|99/100|[from] item: Leftovers
|upkeep
|turn|35
|
|t:|1757818861
|move|p1a: Hatterene|Psyshock|p2a: Slowking
|-damage|p2a: Slowking|21/100
|-prepare|p2a: Slowking|Chilly Reception|[premajor]
|move|p2a: Slowking|Chilly Reception|p2a: Slowking
|
|t:|1757818864
|switch|p2a: Ceruledge|Ceruledge, F|100/100|[from] Chilly Reception
|-activate|p2a: Ceruledge|move: Sticky Web
|-unboost|p2a: Ceruledge|spe|1
|
|-weather|none
|-heal|p1a: Hatterene|100/100|[from] item: Leftovers
|upkeep
|turn|36
|
|t:|1757818873
|move|p2a: Ceruledge|Poltergeist|p1a: Hatterene
|-activate|p1a: Hatterene|move: Poltergeist|Leftovers
|-supereffective|p1a: Hatterene
|-damage|p1a: Hatterene|8/100
|move|p1a: Hatterene|Psyshock|p2a: Ceruledge
|-enditem|p2a: Ceruledge|Focus Sash
|-damage|p2a: Ceruledge|1/100
|
|-end|p1a: Hatterene|move: Future Sight
|-resisted|p1a: Hatterene
|-damage|p1a: Hatterene|0 fnt
|faint|p1a: Hatterene
|upkeep
|
|t:|1757818886
|switch|p1a: Darkrai|Darkrai|100/100
|-damage|p1a: Darkrai|88/100|[from] Stealth Rock
|turn|37
|
|t:|1757818890
|move|p2a: Ceruledge|Shadow Sneak|p1a: Darkrai
|-resisted|p1a: Darkrai
|-damage|p1a: Darkrai|75/100
|move|p1a: Darkrai|Dark Pulse|p2a: Ceruledge
|-supereffective|p2a: Ceruledge
|-damage|p2a: Ceruledge|0 fnt
|faint|p2a: Ceruledge
|
|-heal|p1a: Darkrai|81/100|[from] item: Leftovers
|upkeep
|
|t:|1757818897
|switch|p2a: Hydreigon|Hydreigon, M|76/100
|turn|38
|
|t:|1757818901
|-terastallize|p2a: Hydreigon|Fire
|move|p1a: Darkrai|Focus Blast|p2a: Hydreigon|[miss]
|-miss|p1a: Darkrai|p2a: Hydreigon
|move|p2a: Hydreigon|Flamethrower|p1a: Darkrai
|-damage|p1a: Darkrai|25/100
|
|-heal|p1a: Darkrai|31/100|[from] item: Leftovers
|-heal|p2a: Hydreigon|82/100|[from] item: Leftovers
|upkeep
|turn|39
|
|t:|1757818909
|move|p1a: Darkrai|Dark Pulse|p2a: Hydreigon
|-damage|p2a: Hydreigon|32/100
|move|p2a: Hydreigon|Flamethrower|p1a: Darkrai
|-damage|p1a: Darkrai|0 fnt
|faint|p1a: Darkrai
|
|-heal|p2a: Hydreigon|38/100|[from] item: Leftovers
|upkeep
|
|t:|1757818913
|switch|p1a: Zamazenta|Zamazenta|100/100
|-damage|p1a: Zamazenta|94/100|[from] Stealth Rock
|-ability|p1a: Zamazenta|Dauntless Shield|boost
|-boost|p1a: Zamazenta|def|1
|turn|40
|
|t:|1757818919
|move|p1a: Zamazenta|Body Press|p2a: Hydreigon
|-damage|p2a: Hydreigon|0 fnt
|faint|p2a: Hydreigon
|
|upkeep
|
|t:|1757818922
|switch|p2a: Slowking|Slowking-Galar, F|55/100
|turn|41
|
|t:|1757818925
|move|p1a: Zamazenta|Iron Defense|p1a: Zamazenta
|-boost|p1a: Zamazenta|def|2
|move|p2a: Slowking|Future Sight|p1a: Zamazenta
|-start|p2a: Slowking|move: Future Sight
|
|upkeep
|turn|42
|
|t:|1757818929
|move|p1a: Zamazenta|Crunch|p2a: Slowking
|-supereffective|p2a: Slowking
|-damage|p2a: Slowking|10/100
|move|p2a: Slowking|Thunder Wave|p1a: Zamazenta
|-status|p1a: Zamazenta|par
|
|upkeep
|turn|43
|
|t:|1757818936
|move|p1a: Zamazenta|Crunch|p2a: Slowking
|-supereffective|p2a: Slowking
|-damage|p2a: Slowking|0 fnt
|faint|p2a: Slowking
|
|-end|p1a: Zamazenta|move: Future Sight
|-supereffective|p1a: Zamazenta
|-damage|p1a: Zamazenta|7/100 par
|upkeep
|
|t:|1757818939
|switch|p2a: Corviknight|Corviknight, M|10/100
|-ability|p2a: Corviknight|Pressure
|turn|44
|
|t:|1757818942
|move|p1a: Zamazenta|Rest|p1a: Zamazenta
|-status|p1a: Zamazenta|slp|[from] move: Rest
|-heal|p1a: Zamazenta|100/100 slp|[silent]
|-enditem|p1a: Zamazenta|Chesto Berry|[eat]
|-curestatus|p1a: Zamazenta|slp|[msg]
|move|p2a: Corviknight|Brave Bird|p1a: Zamazenta
|-supereffective|p1a: Zamazenta
|-damage|p1a: Zamazenta|76/100
|-damage|p2a: Corviknight|3/100|[from] Recoil
|
|upkeep
|turn|45
|
|t:|1757818949
|move|p1a: Zamazenta|Body Press|p2a: Corviknight
|-damage|p2a: Corviknight|0 fnt
|-damage|p1a: Zamazenta|59/100|[from] item: Rocky Helmet|[of] p2a: Corviknight
|faint|p2a: Corviknight
|
|win|disco 2003
|raw|disco 2003's rating: 1624 &rarr; <strong>1644</strong><br />(+20 for winning)
|raw|GODKUD's rating: 1626 &rarr; <strong>1606</strong><br />(-20 for losing)
|l|☆GODKUD
|player|p2|
|l|☆disco 2003
|player|p1|
|j| Perola Z
