|j|☆zast3133
|j|☆fenderspace
|t:|1757941468
|gametype|singles
|player|p1|zast3133|nate|1349
|player|p2|fenderspace|102|1391
|gen|9
|tier|[Gen 9] OU
|rated|
|rule|HP Percentage Mod: HP is shown in percentages
|rule|Endless Battle Clause: Forcing endless battles is banned
|rule|Species Clause: Limit one of each Pokémon
|rule|OHKO Clause: OHKO moves are banned
|rule|Evasion Items Clause: Evasion items are banned
|rule|Evasion Moves Clause: Evasion moves are banned
|rule|Evasion Abilities Clause: Evasion abilities are banned
|rule|Sleep Moves Clause: Sleep-inducing moves are banned
|clearpoke
|poke|p1|Raging Bolt|
|poke|p1|Dondozo, M|
|poke|p1|Scizor, M|
|poke|p1|Iron Crown|
|poke|p1|Clefable, F|
|poke|p1|Primeape, M|
|poke|p2|Cinderace, F|
|poke|p2|Gliscor, M|
|poke|p2|Dragonite, F|
|poke|p2|Slowking-Galar, F|
|poke|p2|Kingambit, M|
|poke|p2|Ninetales-Alola, F|
|teampreview
|inactive|Battle timer is ON: inactive players will automatically lose when time's up. (requested by zast3133)
|
|t:|1757941484
|teamsize|p1|6
|teamsize|p2|6
|start
|switch|p1a: Clefable|Clefable, F, shiny|100/100
|switch|p2a: Gliscor|Gliscor, M|100/100
|turn|1
|
|t:|1757941492
|move|p2a: Gliscor|Toxic|p1a: Clefable
|-status|p1a: Clefable|tox
|move|p1a: Clefable|Stealth Rock|p2a: Gliscor
|-sidestart|p2: fenderspace|move: Stealth Rock
|
|-damage|p1a: Clefable|94/100 tox|[from] psn
|-status|p2a: Gliscor|tox|[from] item: Toxic Orb
|upkeep
|turn|2
|
|t:|1757941502
|switch|p1a: Primeape|Primeape, M, shiny|100/100
|move|p2a: Gliscor|U-turn|p1a: Primeape
|-resisted|p1a: Primeape
|-damage|p1a: Primeape|93/100
|
|t:|1757941508
|switch|p2a: Cinderace|Cinderace, F|100/100|[from] U-turn
|
|upkeep
|turn|3
|
|t:|1757941514
|move|p2a: Cinderace|Court Change|p2a: Cinderace
|-start|p2a: Cinderace|typechange|Normal|[from] ability: Libero
|-swapsideconditions
|-activate|p2a: Cinderace|move: Court Change
|move|p1a: Primeape|Taunt|p2a: Cinderace
|-start|p2a: Cinderace|move: Taunt
|
|upkeep
|turn|4
|
|t:|1757941521
|switch|p2a: Gliscor|Gliscor, M|100/100 tox
|move|p1a: Primeape|Bulk Up|p1a: Primeape
|-boost|p1a: Primeape|atk|1
|-boost|p1a: Primeape|def|1
|
|upkeep
|turn|5
|
|t:|1757941529
|move|p1a: Primeape|Taunt|p2a: Gliscor
|-start|p2a: Gliscor|move: Taunt
|cant|p2a: Gliscor|move: Taunt|Toxic
|
|upkeep
|turn|6
|
|t:|1757941537
|switch|p2a: Ninetales|Ninetales-Alola, F|100/100
|-weather|Snowscape|[from] ability: Snow Warning|[of] p2a: Ninetales
|move|p1a: Primeape|Bulk Up|p1a: Primeape
|-boost|p1a: Primeape|atk|1
|-boost|p1a: Primeape|def|1
|
|-weather|Snowscape|[upkeep]
|upkeep
|turn|7
|
|t:|1757941556
|move|p2a: Ninetales|Encore|p1a: Primeape
|-start|p1a: Primeape|Encore
|move|p1a: Primeape|Bulk Up|p1a: Primeape
|-boost|p1a: Primeape|atk|1
|-boost|p1a: Primeape|def|1
|
|-weather|Snowscape|[upkeep]
|upkeep
|turn|8
|
|t:|1757941567
|-terastallize|p1a: Primeape|Electric
|move|p2a: Ninetales|Aurora Veil|p2a: Ninetales
|-sidestart|p2: fenderspace|move: Aurora Veil
|move|p1a: Primeape|Bulk Up|p1a: Primeape
|-boost|p1a: Primeape|atk|1
|-boost|p1a: Primeape|def|1
|
|-weather|Snowscape|[upkeep]
|upkeep
|turn|9
|
|t:|1757941576
|move|p2a: Ninetales|Blizzard|p1a: Primeape
|-damage|p1a: Primeape|73/100
|move|p1a: Primeape|Bulk Up|p1a: Primeape
|-boost|p1a: Primeape|atk|1
|-boost|p1a: Primeape|def|1
|
|-weather|Snowscape|[upkeep]
|-end|p1a: Primeape|Encore
|upkeep
|turn|10
|
|t:|1757941586
|move|p2a: Ninetales|Encore|p1a: Primeape
|-start|p1a: Primeape|Encore
|move|p1a: Primeape|Bulk Up|p1a: Primeape
|-boost|p1a: Primeape|atk|1
|-boost|p1a: Primeape|def|1
|
|-weather|Snowscape|[upkeep]
|upkeep
|turn|11
|
|t:|1757941594
|move|p2a: Ninetales|Blizzard|p1a: Primeape
|-damage|p1a: Primeape|53/100
|move|p1a: Primeape|Bulk Up|p1a: Primeape
|-boost|p1a: Primeape|atk|0
|-boost|p1a: Primeape|def|0
|
|-weather|Snowscape|[upkeep]
|upkeep
|turn|12
|
|t:|1757941603
|move|p2a: Ninetales|Blizzard|p1a: Primeape
|-damage|p1a: Primeape|34/100
|move|p1a: Primeape|Bulk Up|p1a: Primeape
|-boost|p1a: Primeape|atk|0
|-boost|p1a: Primeape|def|0
|
|-weather|Snowscape|[upkeep]
|-end|p1a: Primeape|Encore
|-sideend|p2: fenderspace|move: Aurora Veil
|upkeep
|turn|13
|
|t:|1757941614
|move|p2a: Ninetales|Encore|p1a: Primeape
|-start|p1a: Primeape|Encore
|move|p1a: Primeape|Bulk Up|p1a: Primeape
|-boost|p1a: Primeape|atk|0
|-boost|p1a: Primeape|def|0
|
|-weather|none
|upkeep
|turn|14
|
|t:|1757941623
|switch|p1a: Iron Crown|Iron Crown|100/100
|-damage|p1a: Iron Crown|94/100|[from] Stealth Rock
|-item|p1a: Iron Crown|Air Balloon
|move|p2a: Ninetales|Moonblast|p1a: Iron Crown
|-resisted|p1a: Iron Crown
|-damage|p1a: Iron Crown|82/100
|-enditem|p1a: Iron Crown|Air Balloon
|
|upkeep
|turn|15
|
|t:|1757941643
|switch|p2a: Slowking|Slowking-Galar, F|100/100
|move|p1a: Iron Crown|Tachyon Cutter|p2a: Slowking
|-damage|p2a: Slowking|85/100
|-damage|p2a: Slowking|69/100
|-hitcount|p2a: Slowking|2
|
|-heal|p2a: Slowking|75/100|[from] item: Black Sludge
|upkeep
|turn|16
|
|t:|1757941653
|move|p1a: Iron Crown|Psyshock|p2a: Slowking
|-damage|p2a: Slowking|36/100
|move|p2a: Slowking|Thunder Wave|p1a: Iron Crown
|-status|p1a: Iron Crown|par
|
|-heal|p2a: Slowking|42/100|[from] item: Black Sludge
|upkeep
|turn|17
|
|t:|1757941663
|switch|p2a: Gliscor|Gliscor, M|100/100 tox
|move|p1a: Iron Crown|Psyshock|p2a: Gliscor
|-damage|p2a: Gliscor|78/100 tox
|
|-heal|p2a: Gliscor|91/100 tox|[from] ability: Poison Heal
|upkeep
|turn|18
|
|t:|1757941674
|move|p2a: Gliscor|U-turn|p1a: Iron Crown
|-damage|p1a: Iron Crown|65/100 par
|
|t:|1757941678
|switch|p2a: Slowking|Slowking-Galar, F|75/100|[from] U-turn
|move|p1a: Iron Crown|Tachyon Cutter|p2a: Slowking
|-damage|p2a: Slowking|60/100
|-damage|p2a: Slowking|45/100
|-hitcount|p2a: Slowking|2
|
|-heal|p2a: Slowking|51/100|[from] item: Black Sludge
|upkeep
|turn|19
|
|t:|1757941688
|switch|p2a: Gliscor|Gliscor, M|91/100 tox
|move|p1a: Iron Crown|Calm Mind|p1a: Iron Crown
|-boost|p1a: Iron Crown|spa|1
|-boost|p1a: Iron Crown|spd|1
|
|-heal|p2a: Gliscor|100/100 tox|[from] ability: Poison Heal
|upkeep
|turn|20
|
|t:|1757941698
|-end|p1a: Iron Crown|Quark Drive|[silent]
|switch|p1a: Primeape|Primeape, M, shiny, tera:Electric|34/100
|-damage|p1a: Primeape|22/100|[from] Stealth Rock
|move|p2a: Gliscor|Earthquake|p1a: Primeape
|-supereffective|p1a: Primeape
|-damage|p1a: Primeape|0 fnt
|faint|p1a: Primeape
|
|upkeep
|
|t:|1757941707
|switch|p1a: Raging Bolt|Raging Bolt|100/100
|-damage|p1a: Raging Bolt|88/100|[from] Stealth Rock
|-enditem|p1a: Raging Bolt|Booster Energy
|-activate|p1a: Raging Bolt|ability: Protosynthesis|[fromitem]
|-start|p1a: Raging Bolt|protosynthesisspa
|turn|21
|
|t:|1757941722
|switch|p2a: Slowking|Slowking-Galar, F|84/100
|move|p1a: Raging Bolt|Dragon Pulse|p2a: Slowking
|-damage|p2a: Slowking|47/100
|
|-heal|p2a: Slowking|53/100|[from] item: Black Sludge
|upkeep
|turn|22
|
|t:|1757941737
|move|p1a: Raging Bolt|Thunderbolt|p2a: Slowking
|-damage|p2a: Slowking|11/100
|move|p2a: Slowking|Sludge Bomb|p1a: Raging Bolt
|-damage|p1a: Raging Bolt|58/100
|
|-heal|p2a: Slowking|18/100|[from] item: Black Sludge
|upkeep
|turn|23
|
|t:|1757941746
|switch|p2a: Gliscor|Gliscor, M|100/100 tox
|move|p1a: Raging Bolt|Dragon Pulse|p2a: Gliscor
|-damage|p2a: Gliscor|22/100 tox
|
|-heal|p2a: Gliscor|34/100 tox|[from] ability: Poison Heal
|upkeep
|turn|24
|
|t:|1757941754
|move|p2a: Gliscor|Protect|p2a: Gliscor
|-singleturn|p2a: Gliscor|Protect
|move|p1a: Raging Bolt|Dragon Pulse|p2a: Gliscor
|-activate|p2a: Gliscor|move: Protect
|
|-heal|p2a: Gliscor|47/100 tox|[from] ability: Poison Heal
|upkeep
|turn|25
|
|t:|1757941763
|switch|p2a: Ninetales|Ninetales-Alola, F|100/100
|-weather|Snowscape|[from] ability: Snow Warning|[of] p2a: Ninetales
|move|p1a: Raging Bolt|Thunderbolt|p2a: Ninetales
|-damage|p2a: Ninetales|37/100
|
|-weather|Snowscape|[upkeep]
|upkeep
|turn|26
|
|t:|1757941776
|move|p2a: Ninetales|Aurora Veil|p2a: Ninetales
|-sidestart|p2: fenderspace|move: Aurora Veil
|move|p1a: Raging Bolt|Thunderbolt|p2a: Ninetales
|-damage|p2a: Ninetales|5/100
|
|-weather|Snowscape|[upkeep]
|upkeep
|turn|27
|
|t:|1757941783
|move|p1a: Raging Bolt|Thunderclap|p2a: Ninetales
|-damage|p2a: Ninetales|0 fnt
|faint|p2a: Ninetales
|
|-weather|Snowscape|[upkeep]
|upkeep
|
|t:|1757941793
|switch|p2a: Slowking|Slowking-Galar, F|51/100
|turn|28
|
|t:|1757941799
|-end|p1a: Raging Bolt|Protosynthesis|[silent]
|switch|p1a: Iron Crown|Iron Crown|65/100 par
|-damage|p1a: Iron Crown|59/100 par|[from] Stealth Rock
|move|p2a: Slowking|Sludge Bomb|p1a: Iron Crown
|-immune|p1a: Iron Crown
|
|-weather|Snowscape|[upkeep]
|-heal|p2a: Slowking|57/100|[from] item: Black Sludge
|upkeep
|turn|29
|
|t:|1757941810
|switch|p2a: Gliscor|Gliscor, M|47/100 tox
|move|p1a: Iron Crown|Psyshock|p2a: Gliscor
|-damage|p2a: Gliscor|36/100 tox
|
|-weather|Snowscape|[upkeep]
|-heal|p2a: Gliscor|48/100 tox|[from] ability: Poison Heal
|upkeep
|turn|30
|
|t:|1757941821
|move|p2a: Gliscor|Earthquake|p1a: Iron Crown
|-supereffective|p1a: Iron Crown
|-damage|p1a: Iron Crown|0 fnt
|faint|p1a: Iron Crown
|-end|p1a: Iron Crown|Quark Drive|[silent]
|
|-weather|Snowscape|[upkeep]
|-heal|p2a: Gliscor|60/100 tox|[from] ability: Poison Heal
|-sideend|p2: fenderspace|move: Aurora Veil
|upkeep
|
|t:|1757941830
|switch|p1a: Clefable|Clefable, F, shiny|94/100 tox
|-damage|p1a: Clefable|82/100 tox|[from] Stealth Rock
|turn|31
|
|t:|1757941837
|switch|p2a: Kingambit|Kingambit, M|100/100
|-activate|p2a: Kingambit|ability: Supreme Overlord
|-start|p2a: Kingambit|fallen1|[silent]
|move|p1a: Clefable|Stealth Rock|p2a: Kingambit
|-sidestart|p2: fenderspace|move: Stealth Rock
|
|-weather|Snowscape|[upkeep]
|-heal|p1a: Clefable|88/100 tox|[from] item: Leftovers
|-damage|p1a: Clefable|82/100 tox|[from] psn
|upkeep
|turn|32
|
|t:|1757941847
|move|p1a: Clefable|Thunder Wave|p2a: Kingambit
|-status|p2a: Kingambit|par
|move|p2a: Kingambit|Swords Dance|p2a: Kingambit
|-boost|p2a: Kingambit|atk|2
|
|-weather|none
|-heal|p1a: Clefable|88/100 tox|[from] item: Leftovers
|-damage|p1a: Clefable|76/100 tox|[from] psn
|upkeep
|turn|33
|
|t:|1757941857
|switch|p1a: Dondozo|Dondozo, M, shiny|100/100
|-damage|p1a: Dondozo|88/100|[from] Stealth Rock
|move|p2a: Kingambit|Iron Head|p1a: Dondozo
|-resisted|p1a: Dondozo
|-damage|p1a: Dondozo|76/100
|
|-heal|p1a: Dondozo|82/100|[from] item: Leftovers
|upkeep
|turn|34
|
|t:|1757941870
|-end|p2a: Kingambit|fallen1|[silent]
|switch|p2a: Gliscor|Gliscor, M|60/100 tox
|-damage|p2a: Gliscor|48/100 tox|[from] Stealth Rock
|move|p1a: Dondozo|Curse|p1a: Dondozo
|-unboost|p1a: Dondozo|spe|1
|-boost|p1a: Dondozo|atk|1
|-boost|p1a: Dondozo|def|1
|
|-heal|p1a: Dondozo|89/100|[from] item: Leftovers
|-heal|p2a: Gliscor|60/100 tox|[from] ability: Poison Heal
|upkeep
|turn|35
|
|t:|1757941882
|move|p2a: Gliscor|Toxic|p1a: Dondozo
|-status|p1a: Dondozo|tox
|move|p1a: Dondozo|Curse|p1a: Dondozo
|-unboost|p1a: Dondozo|spe|1
|-boost|p1a: Dondozo|atk|1
|-boost|p1a: Dondozo|def|1
|
|-heal|p1a: Dondozo|95/100 tox|[from] item: Leftovers
|-heal|p2a: Gliscor|73/100 tox|[from] ability: Poison Heal
|-damage|p1a: Dondozo|89/100 tox|[from] psn
|upkeep
|turn|36
|
|t:|1757941895
|switch|p2a: Dragonite|Dragonite, F|100/100
|move|p1a: Dondozo|Waterfall|p2a: Dragonite
|-resisted|p2a: Dragonite
|-damage|p2a: Dragonite|85/100
|
|-heal|p1a: Dondozo|95/100 tox|[from] item: Leftovers
|-damage|p1a: Dondozo|82/100 tox|[from] psn
|upkeep
|turn|37
|
|t:|1757941905
|move|p2a: Dragonite|Dragon Dance|p2a: Dragonite
|-boost|p2a: Dragonite|atk|1
|-boost|p2a: Dragonite|spe|1
|move|p1a: Dondozo|Avalanche|p2a: Dragonite
|-supereffective|p2a: Dragonite
|-damage|p2a: Dragonite|0 fnt
|faint|p2a: Dragonite
|
|-heal|p1a: Dondozo|89/100 tox|[from] item: Leftovers
|-damage|p1a: Dondozo|70/100 tox|[from] psn
|upkeep
|
|t:|1757941923
|switch|p2a: Slowking|Slowking-Galar, F|90/100
|-damage|p2a: Slowking|78/100|[from] Stealth Rock
|turn|38
|
|t:|1757941930
|move|p2a: Slowking|Future Sight|p1a: Dondozo
|-start|p2a: Slowking|move: Future Sight
|move|p1a: Dondozo|Waterfall|p2a: Slowking
|-damage|p2a: Slowking|24/100
|
|-heal|p2a: Slowking|30/100|[from] item: Black Sludge
|-heal|p1a: Dondozo|76/100 tox|[from] item: Leftovers
|-damage|p1a: Dondozo|52/100 tox|[from] psn
|upkeep
|turn|39
|
|t:|1757941940
|switch|p2a: Gliscor|Gliscor, M|73/100 tox
|-damage|p2a: Gliscor|60/100 tox|[from] Stealth Rock
|move|p1a: Dondozo|Rest|p1a: Dondozo
|-status|p1a: Dondozo|slp|[from] move: Rest
|-heal|p1a: Dondozo|100/100 slp|[silent]
|
|-heal|p2a: Gliscor|73/100 tox|[from] ability: Poison Heal
|upkeep
|turn|40
|
|t:|1757941953
|move|p2a: Gliscor|Earthquake|p1a: Dondozo
|-damage|p1a: Dondozo|93/100 slp
|cant|p1a: Dondozo|slp
|
|-end|p1a: Dondozo|move: Future Sight
|-damage|p1a: Dondozo|49/100 slp
|-heal|p1a: Dondozo|55/100 slp|[from] item: Leftovers
|-heal|p2a: Gliscor|85/100 tox|[from] ability: Poison Heal
|upkeep
|turn|41
|
|t:|1757941964
|move|p2a: Gliscor|Earthquake|p1a: Dondozo
|-damage|p1a: Dondozo|48/100 slp
|cant|p1a: Dondozo|slp
|
|-heal|p1a: Dondozo|54/100 slp|[from] item: Leftovers
|-heal|p2a: Gliscor|98/100 tox|[from] ability: Poison Heal
|upkeep
|turn|42
|
|t:|1757941973
|switch|p2a: Slowking|Slowking-Galar, F|63/100
|-damage|p2a: Slowking|50/100|[from] Stealth Rock
|-curestatus|p1a: Dondozo|slp|[msg]
|move|p1a: Dondozo|Waterfall|p2a: Slowking
|-damage|p2a: Slowking|0 fnt
|faint|p2a: Slowking
|
|-heal|p1a: Dondozo|61/100|[from] item: Leftovers
|upkeep
|
|t:|1757941976
|switch|p2a: Kingambit|Kingambit, M|100/100 par
|-damage|p2a: Kingambit|94/100 par|[from] Stealth Rock
|-activate|p2a: Kingambit|ability: Supreme Overlord
|-start|p2a: Kingambit|fallen3|[silent]
|turn|43
|
|t:|1757941989
|move|p2a: Kingambit|Swords Dance|p2a: Kingambit
|-boost|p2a: Kingambit|atk|2
|move|p1a: Dondozo|Waterfall|p2a: Kingambit
|-damage|p2a: Kingambit|53/100 par
|
|-heal|p2a: Kingambit|59/100 par|[from] item: Leftovers
|-heal|p1a: Dondozo|67/100|[from] item: Leftovers
|upkeep
|turn|44
|
|t:|1757941998
|move|p2a: Kingambit|Swords Dance|p2a: Kingambit
|-boost|p2a: Kingambit|atk|2
|move|p1a: Dondozo|Waterfall|p2a: Kingambit
|-damage|p2a: Kingambit|17/100 par
|
|-heal|p2a: Kingambit|23/100 par|[from] item: Leftovers
|-heal|p1a: Dondozo|73/100|[from] item: Leftovers
|upkeep
|turn|45
|
|t:|1757942007
|move|p2a: Kingambit|Kowtow Cleave|p1a: Dondozo
|-damage|p1a: Dondozo|58/100
|move|p1a: Dondozo|Waterfall|p2a: Kingambit
|-damage|p2a: Kingambit|0 fnt
|faint|p2a: Kingambit
|-end|p2a: Kingambit|fallen3|[silent]
|
|-heal|p1a: Dondozo|64/100|[from] item: Leftovers
|upkeep
|-message|fenderspace forfeited.
|
|win|zast3133
|raw|zast3133's rating: 1349 &rarr; <strong>1371</strong><br />(+22 for winning)
|raw|fenderspace's rating: 1391 &rarr; <strong>1369</strong><br />(-22 for losing)
|l|☆fenderspace
|player|p2|
|l|☆zast3133
|player|p1|
