|j|☆TangoBM
|j|☆muru drinker
|t:|1757825152
|gametype|singles
|player|p1|TangoBM|101|1144
|player|p2|muru drinker|linebacker|1194
|gen|9
|tier|[Gen 9] OU
|rated|
|rule|HP Percentage Mod: HP is shown in percentages
|rule|Endless Battle Clause: Forcing endless battles is banned
|rule|Species Clause: Limit one of each Pokémon
|rule|OHKO Clause: OHKO moves are banned
|rule|Evasion Items Clause: Evasion items are banned
|rule|Evasion Moves Clause: Evasion moves are banned
|rule|Evasion Abilities Clause: Evasion abilities are banned
|rule|Sleep Moves Clause: Sleep-inducing moves are banned
|clearpoke
|poke|p1|Meowscarada, F|
|poke|p1|Iron Moth|
|poke|p1|Great Tusk|
|poke|p1|Ninetales, F|
|poke|p1|Walking Wake|
|poke|p1|Garganacl, M|
|poke|p2|Corviknight, F|
|poke|p2|Alomomola, F|
|poke|p2|Rillaboom, M|
|poke|p2|Slowking-Galar, M|
|poke|p2|Heatran, F|
|poke|p2|Darkrai|
|teampreview
|inactive|Battle timer is ON: inactive players will automatically lose when time's up. (requested by TangoBM)
|
|t:|1757825173
|teamsize|p1|6
|teamsize|p2|6
|start
|switch|p1a: Garganacl|Garganacl, M|100/100
|switch|p2a: Slowking|Slowking-Galar, M|100/100
|turn|1
|
|t:|1757825180
|move|p1a: Garganacl|Salt Cure|p2a: Slowking
|-damage|p2a: Slowking|87/100
|-start|p2a: Slowking|Salt Cure
|move|p2a: Slowking|Future Sight|p1a: Garganacl
|-start|p2a: Slowking|move: Future Sight
|
|-damage|p2a: Slowking|75/100|[from] Salt Cure
|upkeep
|turn|2
|
|t:|1757825184
|move|p1a: Garganacl|Stealth Rock|p2a: Slowking
|-sidestart|p2: muru drinker|move: Stealth Rock
|-prepare|p2a: Slowking|Chilly Reception|[premajor]
|move|p2a: Slowking|Chilly Reception|p2a: Slowking
|-weather|Snowscape
|
|t:|1757825192
|switch|p2a: Darkrai|Darkrai|100/100|[from] Chilly Reception
|-damage|p2a: Darkrai|88/100|[from] Stealth Rock
|
|-weather|Snowscape|[upkeep]
|upkeep
|turn|3
|
|t:|1757825197
|move|p2a: Darkrai|Dark Pulse|p1a: Garganacl
|-damage|p1a: Garganacl|62/100
|move|p1a: Garganacl|Iron Defense|p1a: Garganacl
|-boost|p1a: Garganacl|def|2
|
|-weather|Snowscape|[upkeep]
|-end|p1a: Garganacl|move: Future Sight
|-damage|p1a: Garganacl|34/100
|-heal|p1a: Garganacl|40/100|[from] item: Leftovers
|upkeep
|turn|4
|
|t:|1757825200
|move|p2a: Darkrai|Dark Pulse|p1a: Garganacl
|-damage|p1a: Garganacl|0 fnt
|faint|p1a: Garganacl
|
|-weather|Snowscape|[upkeep]
|upkeep
|
|t:|1757825206
|switch|p1a: Ninetales|Ninetales, F|100/100
|-weather|SunnyDay|[from] ability: Drought|[of] p1a: Ninetales
|turn|5
|
|t:|1757825211
|switch|p2a: Slowking|Slowking-Galar, M|100/100
|move|p1a: Ninetales|Overheat|p2a: Slowking
|-damage|p2a: Slowking|54/100
|-unboost|p1a: Ninetales|spa|2
|
|-weather|SunnyDay|[upkeep]
|upkeep
|turn|6
|
|t:|1757825222
|switch|p1a: Great Tusk|Great Tusk|100/100
|-activate|p1a: Great Tusk|ability: Protosynthesis
|-start|p1a: Great Tusk|protosynthesisatk
|-prepare|p2a: Slowking|Chilly Reception|[premajor]
|move|p2a: Slowking|Chilly Reception|p2a: Slowking
|-weather|Snowscape
|-end|p1a: Great Tusk|Protosynthesis
|
|t:|1757825228
|switch|p2a: Corviknight|Corviknight, F|100/100|[from] Chilly Reception
|-damage|p2a: Corviknight|88/100|[from] Stealth Rock
|
|-weather|Snowscape|[upkeep]
|upkeep
|turn|7
|
|t:|1757825234
|move|p1a: Great Tusk|Ice Spinner|p2a: Corviknight
|-damage|p2a: Corviknight|69/100
|-damage|p1a: Great Tusk|84/100|[from] item: Rocky Helmet|[of] p2a: Corviknight
|move|p2a: Corviknight|Defog|p1a: Great Tusk
|-unboost|p1a: Great Tusk|evasion|1
|-sideend|p2: muru drinker|Stealth Rock|[from] move: Defog|[of] p2a: Corviknight
|
|-weather|Snowscape|[upkeep]
|upkeep
|turn|8
|
|t:|1757825241
|-end|p1a: Great Tusk|Protosynthesis|[silent]
|switch|p1a: Ninetales|Ninetales, F|100/100
|-weather|SunnyDay|[from] ability: Drought|[of] p1a: Ninetales
|move|p2a: Corviknight|Roost|p2a: Corviknight
|-heal|p2a: Corviknight|100/100
|-singleturn|p2a: Corviknight|move: Roost
|
|-weather|SunnyDay|[upkeep]
|upkeep
|turn|9
|
|t:|1757825248
|switch|p2a: Heatran|Heatran, F|100/100
|move|p1a: Ninetales|Overheat|p2a: Heatran
|-start|p2a: Heatran|ability: Flash Fire
|
|-weather|SunnyDay|[upkeep]
|upkeep
|turn|10
|
|t:|1757825253
|switch|p1a: Walking Wake|Walking Wake|100/100
|-activate|p1a: Walking Wake|ability: Protosynthesis
|-start|p1a: Walking Wake|protosynthesisspa
|move|p2a: Heatran|Magma Storm|p1a: Walking Wake
|-resisted|p1a: Walking Wake
|-damage|p1a: Walking Wake|73/100
|-activate|p1a: Walking Wake|move: Magma Storm|[of] p2a: Heatran
|
|-weather|SunnyDay|[upkeep]
|-damage|p1a: Walking Wake|60/100|[from] move: Magma Storm|[partiallytrapped]
|upkeep
|turn|11
|
|t:|1757825262
|move|p2a: Heatran|Protect|p2a: Heatran
|-singleturn|p2a: Heatran|Protect
|move|p1a: Walking Wake|Hydro Steam|p2a: Heatran
|-activate|p2a: Heatran|move: Protect
|
|-weather|SunnyDay|[upkeep]
|-damage|p1a: Walking Wake|48/100|[from] move: Magma Storm|[partiallytrapped]
|upkeep
|turn|12
|
|t:|1757825267
|-terastallize|p2a: Heatran|Grass
|move|p1a: Walking Wake|Hydro Steam|p2a: Heatran
|-resisted|p2a: Heatran
|-damage|p2a: Heatran|64/100
|-damage|p1a: Walking Wake|38/100|[from] item: Life Orb
|move|p2a: Heatran|Will-O-Wisp|p1a: Walking Wake
|-status|p1a: Walking Wake|brn
|
|-weather|none
|-end|p1a: Walking Wake|Protosynthesis
|-heal|p2a: Heatran|70/100|[from] item: Leftovers
|-damage|p1a: Walking Wake|32/100 brn|[from] brn
|-damage|p1a: Walking Wake|20/100 brn|[from] move: Magma Storm|[partiallytrapped]
|upkeep
|turn|13
|
|t:|1757825276
|move|p2a: Heatran|Protect|p2a: Heatran
|-singleturn|p2a: Heatran|Protect
|move|p1a: Walking Wake|Flamethrower|p2a: Heatran
|-activate|p2a: Heatran|move: Protect
|
|-heal|p2a: Heatran|77/100|[from] item: Leftovers
|-damage|p1a: Walking Wake|13/100 brn|[from] brn
|-damage|p1a: Walking Wake|1/100 brn|[from] move: Magma Storm|[partiallytrapped]
|upkeep
|turn|14
|-message|TangoBM forfeited.
|
|win|muru drinker
|raw|TangoBM's rating: 1144 &rarr; <strong>1123</strong><br />(-21 for losing)
|raw|muru drinker's rating: 1194 &rarr; <strong>1215</strong><br />(+21 for winning)
|l|☆TangoBM
|player|p1|
|l|☆muru drinker
|player|p2|
