|j|☆newguy1310
|j|☆lzc123456
|t:|1757917514
|gametype|singles
|player|p1|newguy1310|gentleman-lgpe|1530
|player|p2|lzc123456|cynthia-gen4|1731
|gen|9
|tier|[Gen 9] OU
|rated|
|rule|HP Percentage Mod: HP is shown in percentages
|rule|Endless Battle Clause: Forcing endless battles is banned
|rule|Species Clause: Limit one of each Pokémon
|rule|OHKO Clause: OHKO moves are banned
|rule|Evasion Items Clause: Evasion items are banned
|rule|Evasion Moves Clause: Evasion moves are banned
|rule|Evasion Abilities Clause: Evasion abilities are banned
|rule|Sleep Moves Clause: Sleep-inducing moves are banned
|clearpoke
|poke|p1|Darkrai|
|poke|p1|Garchomp, M|
|poke|p1|Weezing-Galar, M|
|poke|p1|Corviknight, M|
|poke|p1|Ogerpon, F|
|poke|p1|Alomomola, F|
|poke|p2|Alomomola, F|
|poke|p2|Serperior, F|
|poke|p2|Garchomp, M|
|poke|p2|Iron Treads|
|poke|p2|Pelipper, M|
|poke|p2|Zamazenta-*|
|teampreview
|inactive|Battle timer is ON: inactive players will automatically lose when time's up. (requested by lzc123456)
|
|t:|1757917526
|teamsize|p1|6
|teamsize|p2|6
|start
|switch|p1a: Darkrai|Darkrai|100/100
|switch|p2a: 盖鸥卡|Pelipper, M, shiny|100/100
|-weather|RainDance|[from] ability: Drizzle|[of] p2a: 盖鸥卡
|turn|1
|
|t:|1757917533
|-terastallize|p1a: Darkrai|Dark
|move|p1a: Darkrai|Dark Pulse|p2a: 盖鸥卡
|-damage|p2a: 盖鸥卡|0 fnt
|faint|p2a: 盖鸥卡
|
|-weather|RainDance|[upkeep]
|upkeep
|
|t:|1757917540
|switch|p2a: 盾盾小狗|Zamazenta|100/100
|-ability|p2a: 盾盾小狗|Dauntless Shield|boost
|-boost|p2a: 盾盾小狗|def|1
|turn|2
|
|t:|1757917548
|switch|p1a: Alomomola|Alomomola, F|100/100
|move|p2a: 盾盾小狗|Heavy Slam|p1a: Alomomola
|-resisted|p1a: Alomomola
|-damage|p1a: Alomomola|80/100
|
|-weather|RainDance|[upkeep]
|upkeep
|turn|3
|
|t:|1757917558
|switch|p2a: 蛇姐|Serperior, F, shiny|100/100
|move|p1a: Alomomola|Flip Turn|p2a: 蛇姐
|-resisted|p2a: 蛇姐
|-damage|p2a: 蛇姐|86/100
|
|t:|1757917563
|switch|p1a: Darkrai|Darkrai, tera:Dark|100/100|[from] Flip Turn
|
|-weather|RainDance|[upkeep]
|-heal|p2a: 蛇姐|93/100|[from] item: Leftovers
|upkeep
|turn|4
|
|t:|1757917569
|switch|p2a: 小铁|Iron Treads|100/100
|move|p1a: Darkrai|Ice Beam|p2a: 小铁
|-damage|p2a: 小铁|72/100
|
|-weather|RainDance|[upkeep]
|upkeep
|turn|5
|
|t:|1757917584
|switch|p1a: Corviknight|Corviknight, M|100/100
|-ability|p1a: Corviknight|Pressure
|move|p2a: 小铁|Knock Off|p1a: Corviknight
|-damage|p1a: Corviknight|81/100
|-enditem|p1a: Corviknight|Leftovers|[from] move: Knock Off|[of] p2a: 小铁
|
|-weather|none
|upkeep
|turn|6
|
|t:|1757917587
|move|p2a: 小铁|Volt Switch|p1a: Corviknight
|-supereffective|p1a: Corviknight
|-damage|p1a: Corviknight|66/100
|
|t:|1757917589
|-end|p2a: 小铁|Quark Drive|[silent]
|switch|p2a: 减10大王|Garchomp, M, shiny|100/100|[from] Volt Switch
|move|p1a: Corviknight|U-turn|p2a: 减10大王
|-damage|p2a: 减10大王|91/100
|-damage|p1a: Corviknight|54/100|[from] ability: Rough Skin|[of] p2a: 减10大王
|-damage|p1a: Corviknight|37/100|[from] item: Rocky Helmet|[of] p2a: 减10大王
|
|t:|1757917593
|switch|p1a: Darkrai|Darkrai, tera:Dark|100/100|[from] U-turn
|
|upkeep
|turn|7
|
|t:|1757917596
|switch|p2a: 脏活累活|Alomomola, F|100/100
|move|p1a: Darkrai|Ice Beam|p2a: 脏活累活
|-resisted|p2a: 脏活累活
|-damage|p2a: 脏活累活|88/100
|
|upkeep
|turn|8
|
|t:|1757917599
|switch|p1a: Garchomp|Garchomp, M|100/100
|move|p2a: 脏活累活|Flip Turn|p1a: Garchomp
|-damage|p1a: Garchomp|90/100
|-damage|p2a: 脏活累活|75/100|[from] ability: Rough Skin|[of] p1a: Garchomp
|-damage|p2a: 脏活累活|59/100|[from] item: Rocky Helmet|[of] p1a: Garchomp
|
|t:|1757917603
|switch|p2a: 蛇姐|Serperior, F, shiny|93/100|[from] Flip Turn
|
|-heal|p2a: 蛇姐|99/100|[from] item: Leftovers
|upkeep
|turn|9
|
|t:|1757917606
|move|p2a: 蛇姐|Glare|p1a: Garchomp
|-status|p1a: Garchomp|par
|cant|p1a: Garchomp|par
|
|-heal|p2a: 蛇姐|100/100|[from] item: Leftovers
|upkeep
|turn|10
|
|t:|1757917611
|move|p2a: 蛇姐|Substitute|p2a: 蛇姐
|-start|p2a: 蛇姐|Substitute
|-damage|p2a: 蛇姐|76/100
|move|p1a: Garchomp|Dragon Tail|p2a: 蛇姐
|-end|p2a: 蛇姐|Substitute
|
|-heal|p2a: 蛇姐|82/100|[from] item: Leftovers
|upkeep
|turn|11
|
|t:|1757917619
|move|p2a: 蛇姐|Substitute|p2a: 蛇姐
|-start|p2a: 蛇姐|Substitute
|-damage|p2a: 蛇姐|57/100
|move|p1a: Garchomp|Dragon Tail|p2a: 蛇姐
|-end|p2a: 蛇姐|Substitute
|
|-heal|p2a: 蛇姐|63/100|[from] item: Leftovers
|upkeep
|turn|12
|
|t:|1757917622
|move|p2a: 蛇姐|Substitute|p2a: 蛇姐
|-start|p2a: 蛇姐|Substitute
|-damage|p2a: 蛇姐|38/100
|move|p1a: Garchomp|Dragon Tail|p2a: 蛇姐
|-end|p2a: 蛇姐|Substitute
|
|-heal|p2a: 蛇姐|44/100|[from] item: Leftovers
|upkeep
|turn|13
|
|t:|1757917632
|move|p2a: 蛇姐|Leech Seed|p1a: Garchomp
|-start|p1a: Garchomp|move: Leech Seed
|move|p1a: Garchomp|Dragon Tail|p2a: 蛇姐|[miss]
|-miss|p1a: Garchomp|p2a: 蛇姐
|
|-heal|p2a: 蛇姐|51/100|[from] item: Leftovers
|-damage|p1a: Garchomp|78/100 par|[from] Leech Seed|[of] p2a: 蛇姐
|-heal|p2a: 蛇姐|67/100|[silent]
|upkeep
|turn|14
|
|t:|1757917640
|switch|p1a: Corviknight|Corviknight, M|37/100
|-ability|p1a: Corviknight|Pressure
|move|p2a: 蛇姐|Substitute|p2a: 蛇姐
|-start|p2a: 蛇姐|Substitute
|-damage|p2a: 蛇姐|42/100
|
|-heal|p2a: 蛇姐|48/100|[from] item: Leftovers
|upkeep
|turn|15
|
|t:|1757917644
|move|p2a: 蛇姐|Glare|p1a: Corviknight
|-status|p1a: Corviknight|par
|move|p1a: Corviknight|Roost|p1a: Corviknight
|-heal|p1a: Corviknight|87/100 par
|-singleturn|p1a: Corviknight|move: Roost
|
|-heal|p2a: 蛇姐|54/100|[from] item: Leftovers
|upkeep
|turn|16
|
|t:|1757917647
|move|p2a: 蛇姐|Leech Seed|p1a: Corviknight
|-start|p1a: Corviknight|move: Leech Seed
|move|p1a: Corviknight|U-turn|p2a: 蛇姐
|-supereffective|p2a: 蛇姐
|-end|p2a: 蛇姐|Substitute
|
|t:|1757917651
|switch|p1a: Darkrai|Darkrai, tera:Dark|100/100|[from] U-turn
|
|-heal|p2a: 蛇姐|61/100|[from] item: Leftovers
|upkeep
|turn|17
|
|t:|1757917655
|switch|p2a: 脏活累活|Alomomola, F|92/100
|move|p1a: Darkrai|Dark Pulse|p2a: 脏活累活
|-damage|p2a: 脏活累活|42/100
|
|upkeep
|turn|18
|
|t:|1757917658
|switch|p2a: 小铁|Iron Treads|72/100
|move|p1a: Darkrai|Dark Pulse|p2a: 小铁
|-damage|p2a: 小铁|24/100
|
|upkeep
|turn|19
|
|t:|1757917661
|move|p1a: Darkrai|Dark Pulse|p2a: 小铁
|-damage|p2a: 小铁|0 fnt
|faint|p2a: 小铁
|-end|p2a: 小铁|Quark Drive|[silent]
|
|upkeep
|
|t:|1757917663
|switch|p2a: 盾盾小狗|Zamazenta|100/100
|turn|20
|
|t:|1757917668
|switch|p1a: Garchomp|Garchomp, M|78/100 par
|move|p2a: 盾盾小狗|Close Combat|p1a: Garchomp
|-damage|p1a: Garchomp|27/100 par
|-unboost|p2a: 盾盾小狗|def|1
|-unboost|p2a: 盾盾小狗|spd|1
|-damage|p2a: 盾盾小狗|88/100|[from] ability: Rough Skin|[of] p1a: Garchomp
|-damage|p2a: 盾盾小狗|72/100|[from] item: Rocky Helmet|[of] p1a: Garchomp
|
|upkeep
|turn|21
|
|t:|1757917674
|move|p2a: 盾盾小狗|Close Combat|p1a: Garchomp
|-damage|p1a: Garchomp|0 fnt
|-unboost|p2a: 盾盾小狗|def|1
|-unboost|p2a: 盾盾小狗|spd|1
|-damage|p2a: 盾盾小狗|59/100|[from] ability: Rough Skin|[of] p1a: Garchomp
|-damage|p2a: 盾盾小狗|43/100|[from] item: Rocky Helmet|[of] p1a: Garchomp
|faint|p1a: Garchomp
|
|upkeep
|
|t:|1757917676
|switch|p1a: Weezing|Weezing-Galar, M|100/100
|-ability|p1a: Weezing|Neutralizing Gas
|turn|22
|
|t:|1757917680
|switch|p2a: 脏活累活|Alomomola, F|75/100
|move|p1a: Weezing|Will-O-Wisp|p2a: 脏活累活
|-status|p2a: 脏活累活|brn
|
|-damage|p2a: 脏活累活|69/100 brn|[from] brn
|upkeep
|turn|23
|
|t:|1757917682
|move|p1a: Weezing|Sludge Bomb|p2a: 脏活累活
|-damage|p2a: 脏活累活|55/100 brn
|move|p2a: 脏活累活|Flip Turn|p1a: Weezing
|-damage|p1a: Weezing|95/100
|
|t:|1757917685
|switch|p2a: 减10大王|Garchomp, M, shiny|91/100|[from] Flip Turn
|
|upkeep
|turn|24
|
|t:|1757917687
|move|p2a: 减10大王|Earthquake|p1a: Weezing
|-supereffective|p1a: Weezing
|-damage|p1a: Weezing|38/100
|move|p1a: Weezing|Will-O-Wisp|p2a: 减10大王
|-status|p2a: 减10大王|brn
|
|-damage|p2a: 减10大王|85/100 brn|[from] brn
|upkeep
|turn|25
|
|t:|1757917693
|move|p2a: 减10大王|Earthquake|p1a: Weezing
|-supereffective|p1a: Weezing
|-damage|p1a: Weezing|13/100
|move|p1a: Weezing|Pain Split|p2a: 减10大王
|-sethp|p2a: 减10大王|48/100 brn|[from] move: Pain Split|[silent]
|-sethp|p1a: Weezing|59/100|[from] move: Pain Split
|
|-damage|p2a: 减10大王|41/100 brn|[from] brn
|upkeep
|turn|26
|
|t:|1757917697
|-end|p1a: Weezing|ability: Neutralizing Gas
|switch|p1a: Ogerpon|Ogerpon, F|100/100
|move|p2a: 减10大王|Earthquake|p1a: Ogerpon
|-resisted|p1a: Ogerpon
|-damage|p1a: Ogerpon|88/100
|
|-damage|p2a: 减10大王|35/100 brn|[from] brn
|upkeep
|turn|27
|
|t:|1757917699
|move|p1a: Ogerpon|Ivy Cudgel|p2a: 减10大王
|-crit|p2a: 减10大王
|-damage|p2a: 减10大王|0 fnt
|faint|p2a: 减10大王
|
|upkeep
|
|t:|1757917702
|switch|p2a: 盾盾小狗|Zamazenta|43/100
|turn|28
|
|t:|1757917708
|switch|p1a: Weezing|Weezing-Galar, M|59/100
|-ability|p1a: Weezing|Neutralizing Gas
|-terastallize|p2a: 盾盾小狗|Fighting
|move|p2a: 盾盾小狗|Close Combat|p1a: Weezing
|-resisted|p1a: Weezing
|-damage|p1a: Weezing|42/100
|-unboost|p2a: 盾盾小狗|def|1
|-unboost|p2a: 盾盾小狗|spd|1
|
|upkeep
|turn|29
|
|t:|1757917712
|switch|p2a: 脏活累活|Alomomola, F|55/100 brn
|move|p1a: Weezing|Pain Split|p2a: 脏活累活
|-sethp|p2a: 脏活累活|42/100 brn|[from] move: Pain Split|[silent]
|-sethp|p1a: Weezing|60/100|[from] move: Pain Split
|
|-damage|p2a: 脏活累活|36/100 brn|[from] brn
|upkeep
|turn|30
|
|t:|1757917714
|move|p1a: Weezing|Sludge Bomb|p2a: 脏活累活
|-damage|p2a: 脏活累活|22/100 brn
|move|p2a: 脏活累活|Flip Turn|p1a: Weezing
|-damage|p1a: Weezing|55/100
|
|t:|1757917716
|switch|p2a: 盾盾小狗|Zamazenta, tera:Fighting|43/100|[from] Flip Turn
|
|upkeep
|turn|31
|
|t:|1757917739
|-end|p1a: Weezing|ability: Neutralizing Gas
|switch|p1a: Alomomola|Alomomola, F|100/100
|move|p2a: 盾盾小狗|Close Combat|p1a: Alomomola
|-damage|p1a: Alomomola|15/100
|-unboost|p2a: 盾盾小狗|def|1
|-unboost|p2a: 盾盾小狗|spd|1
|
|upkeep
|turn|32
|
|t:|1757917746
|switch|p2a: 蛇姐|Serperior, F, shiny|61/100
|move|p1a: Alomomola|Flip Turn|p2a: 蛇姐
|-resisted|p2a: 蛇姐
|-damage|p2a: 蛇姐|51/100
|
|t:|1757917749
|switch|p1a: Darkrai|Darkrai, tera:Dark|100/100|[from] Flip Turn
|
|-heal|p2a: 蛇姐|58/100|[from] item: Leftovers
|upkeep
|turn|33
|
|t:|1757917752
|switch|p2a: 脏活累活|Alomomola, F|22/100 brn
|move|p1a: Darkrai|Dark Pulse|p2a: 脏活累活
|-damage|p2a: 脏活累活|0 fnt
|faint|p2a: 脏活累活
|
|upkeep
|
|t:|1757917754
|switch|p2a: 盾盾小狗|Zamazenta, tera:Fighting|43/100
|turn|34
|
|t:|1757917757
|switch|p1a: Alomomola|Alomomola, F|48/100
|move|p2a: 盾盾小狗|Heavy Slam|p1a: Alomomola
|-resisted|p1a: Alomomola
|-damage|p1a: Alomomola|26/100
|
|upkeep
|turn|35
|
|t:|1757917762
|move|p2a: 盾盾小狗|Heavy Slam|p1a: Alomomola
|-resisted|p1a: Alomomola
|-damage|p1a: Alomomola|4/100
|move|p1a: Alomomola|Flip Turn|p2a: 盾盾小狗
|-damage|p2a: 盾盾小狗|28/100
|-message|lzc123456 forfeited.
|
|win|newguy1310
|raw|newguy1310's rating: 1530 &rarr; <strong>1560</strong><br />(+30 for winning)
|raw|lzc123456's rating: 1731 &rarr; <strong>1701</strong><br />(-30 for losing)
|l|☆lzc123456
|player|p2|
|l|☆newguy1310
|player|p1|
|j|☆newguy1310
|player|p1|newguy1310|gentleman-lgpe|
|l|☆newguy1310
|player|p1|
