|j|☆Enderian67
|j|☆KevinHolz
|t:|1757924637
|gametype|singles
|player|p1|Enderian67|cynthia|1216
|player|p2|KevinHolz|alder|1312
|gen|9
|tier|[Gen 9] OU
|rated|
|rule|HP Percentage Mod: HP is shown in percentages
|rule|Endless Battle Clause: Forcing endless battles is banned
|rule|Species Clause: Limit one of each Pokémon
|rule|OHKO Clause: OHKO moves are banned
|rule|Evasion Items Clause: Evasion items are banned
|rule|Evasion Moves Clause: Evasion moves are banned
|rule|Evasion Abilities Clause: Evasion abilities are banned
|rule|Sleep Moves Clause: Sleep-inducing moves are banned
|clearpoke
|poke|p1|Lycanroc, F|
|poke|p1|Pawmot, F|
|poke|p1|Greninja-*, M|
|poke|p1|Infernape, M|
|poke|p1|Meowscarada, F|
|poke|p1|Dusknoir, M|
|poke|p2|Garganacl, M|
|poke|p2|Great Tusk|
|poke|p2|Muk-Alola, M|
|poke|p2|Gholdengo|
|poke|p2|Zamazenta-*|
|poke|p2|Primarina, M|
|teampreview
|
|t:|1757924656
|teamsize|p1|6
|teamsize|p2|6
|start
|switch|p1a: Lycanroc|Lycanroc, F|100/100
|switch|p2a: Jabba|Muk-Alola, M, shiny|100/100
|turn|1
|
|t:|1757924666
|move|p1a: Lycanroc|Stealth Rock|p2a: Jabba
|-sidestart|p2: KevinHolz|move: Stealth Rock
|move|p2a: Jabba|Knock Off|p1a: Lycanroc
|-damage|p1a: Lycanroc|25/100
|-enditem|p1a: Lycanroc|Focus Sash|[from] move: Knock Off|[of] p2a: Jabba
|
|upkeep
|turn|2
|
|t:|1757924672
|move|p1a: Lycanroc|Close Combat|p2a: Jabba
|-damage|p2a: Jabba|58/100
|-unboost|p1a: Lycanroc|def|1
|-unboost|p1a: Lycanroc|spd|1
|move|p2a: Jabba|Ice Punch|p1a: Lycanroc
|-damage|p1a: Lycanroc|0 fnt
|faint|p1a: Lycanroc
|
|-heal|p2a: Jabba|64/100|[from] item: Leftovers
|upkeep
|
|t:|1757924678
|switch|p1a: Infernape|Infernape, M|100/100
|turn|3
|
|t:|1757924682
|move|p2a: Jabba|Protect|p2a: Jabba
|-singleturn|p2a: Jabba|Protect
|move|p1a: Infernape|Fake Out|p2a: Jabba
|-activate|p2a: Jabba|move: Protect
|
|-heal|p2a: Jabba|70/100|[from] item: Leftovers
|upkeep
|turn|4
|
|t:|1757924689
|move|p1a: Infernape|Earthquake|p2a: Jabba
|-supereffective|p2a: Jabba
|-damage|p2a: Jabba|11/100
|move|p2a: Jabba|Poison Jab|p1a: Infernape
|-damage|p1a: Infernape|45/100
|-status|p1a: Infernape|psn
|
|-heal|p2a: Jabba|17/100|[from] item: Leftovers
|-damage|p1a: Infernape|33/100 psn|[from] psn
|upkeep
|turn|5
|
|t:|1757924705
|move|p2a: Jabba|Protect|p2a: Jabba
|-singleturn|p2a: Jabba|Protect
|move|p1a: Infernape|Drain Punch|p2a: Jabba
|-activate|p2a: Jabba|move: Protect
|
|-heal|p2a: Jabba|24/100|[from] item: Leftovers
|-damage|p1a: Infernape|20/100 psn|[from] psn
|upkeep
|turn|6
|
|t:|1757924717
|switch|p2a: Spirit Rush|Gholdengo, shiny|100/100
|-damage|p2a: Spirit Rush|94/100|[from] Stealth Rock
|move|p1a: Infernape|Drain Punch|p2a: Spirit Rush
|-immune|p2a: Spirit Rush
|
|-damage|p1a: Infernape|8/100 psn|[from] psn
|upkeep
|turn|7
|
|t:|1757924722
|switch|p2a: Jabba|Muk-Alola, M, shiny|24/100
|-damage|p2a: Jabba|11/100|[from] Stealth Rock
|move|p1a: Infernape|Earthquake|p2a: Jabba
|-supereffective|p2a: Jabba
|-damage|p2a: Jabba|0 fnt
|faint|p2a: Jabba
|
|-damage|p1a: Infernape|0 fnt|[from] psn
|faint|p1a: Infernape
|upkeep
|
|t:|1757924761
|switch|p1a: Greninja|Greninja, M|100/100
|switch|p2a: Behemoth|Great Tusk, shiny|100/100
|turn|8
|
|t:|1757924769
|-end|p2a: Behemoth|Protosynthesis|[silent]
|switch|p2a: Celestine|Primarina, M, shiny|100/100
|-damage|p2a: Celestine|88/100|[from] Stealth Rock
|move|p1a: Greninja|Grass Knot|p2a: Celestine
|-supereffective|p2a: Celestine
|-damage|p2a: Celestine|62/100
|-damage|p1a: Greninja|91/100|[from] item: Life Orb
|
|upkeep
|turn|9
|
|t:|1757924783
|move|p1a: Greninja|U-turn|p2a: Celestine
|-resisted|p2a: Celestine
|-damage|p2a: Celestine|51/100
|-damage|p1a: Greninja|81/100|[from] item: Life Orb
|
|t:|1757924786
|switch|p1a: Dusknoir|Dusknoir, M|100/100|[from] U-turn
|-item|p2a: Celestine|Assault Vest|[from] ability: Frisk|[of] p1a: Dusknoir
|move|p2a: Celestine|Moonblast|p1a: Dusknoir
|-damage|p1a: Dusknoir|66/100
|
|-heal|p1a: Dusknoir|73/100|[from] item: Leftovers
|upkeep
|turn|10
|
|t:|1757924796
|move|p2a: Celestine|Flip Turn|p1a: Dusknoir
|-damage|p1a: Dusknoir|58/100
|
|t:|1757924800
|switch|p2a: Spirit Rush|Gholdengo, shiny|94/100|[from] Flip Turn
|-damage|p2a: Spirit Rush|88/100|[from] Stealth Rock
|move|p1a: Dusknoir|Poltergeist|p2a: Spirit Rush
|-activate|p2a: Spirit Rush|move: Poltergeist|Covert Cloak
|-supereffective|p2a: Spirit Rush
|-damage|p2a: Spirit Rush|40/100
|
|-heal|p1a: Dusknoir|64/100|[from] item: Leftovers
|upkeep
|turn|11
|
|t:|1757924807
|move|p2a: Spirit Rush|Recover|p2a: Spirit Rush
|-heal|p2a: Spirit Rush|90/100
|move|p1a: Dusknoir|Poltergeist|p2a: Spirit Rush|[miss]
|-miss|p1a: Dusknoir|p2a: Spirit Rush
|
|-heal|p1a: Dusknoir|71/100|[from] item: Leftovers
|upkeep
|turn|12
|
|t:|1757924813
|move|p2a: Spirit Rush|Nasty Plot|p2a: Spirit Rush
|-boost|p2a: Spirit Rush|spa|2
|move|p1a: Dusknoir|Poltergeist|p2a: Spirit Rush
|-activate|p2a: Spirit Rush|move: Poltergeist|Covert Cloak
|-supereffective|p2a: Spirit Rush
|-damage|p2a: Spirit Rush|38/100
|
|-heal|p1a: Dusknoir|77/100|[from] item: Leftovers
|upkeep
|turn|13
|
|t:|1757924818
|move|p2a: Spirit Rush|Recover|p2a: Spirit Rush
|-heal|p2a: Spirit Rush|88/100
|move|p1a: Dusknoir|Poltergeist|p2a: Spirit Rush
|-activate|p2a: Spirit Rush|move: Poltergeist|Covert Cloak
|-supereffective|p2a: Spirit Rush
|-damage|p2a: Spirit Rush|35/100
|
|-heal|p1a: Dusknoir|83/100|[from] item: Leftovers
|upkeep
|turn|14
|
|t:|1757924820
|move|p2a: Spirit Rush|Recover|p2a: Spirit Rush
|-heal|p2a: Spirit Rush|85/100
|move|p1a: Dusknoir|Poltergeist|p2a: Spirit Rush|[miss]
|-miss|p1a: Dusknoir|p2a: Spirit Rush
|
|-heal|p1a: Dusknoir|89/100|[from] item: Leftovers
|upkeep
|turn|15
|
|t:|1757924824
|move|p2a: Spirit Rush|Shadow Ball|p1a: Dusknoir
|-supereffective|p1a: Dusknoir
|-damage|p1a: Dusknoir|0 fnt
|faint|p1a: Dusknoir
|
|upkeep
|
|t:|1757924826
|switch|p1a: Meowscarada|Meowscarada, F|100/100
|turn|16
|
|t:|1757924831
|-terastallize|p2a: Spirit Rush|Water
|move|p1a: Meowscarada|Sucker Punch|p2a: Spirit Rush
|-start|p1a: Meowscarada|typechange|Dark|[from] ability: Protean
|-damage|p2a: Spirit Rush|54/100
|move|p2a: Spirit Rush|Make It Rain|p1a: Meowscarada
|-damage|p1a: Meowscarada|0 fnt
|-unboost|p2a: Spirit Rush|spa|1
|faint|p1a: Meowscarada
|
|upkeep
|
|t:|1757924834
|switch|p1a: Pawmot|Pawmot, F|100/100
|turn|17
|
|t:|1757924843
|move|p1a: Pawmot|Revival Blessing|p1a: Pawmot
|-enditem|p1a: Pawmot|Leppa Berry|[eat]
|-activate|p1a: Pawmot|item: Leppa Berry|Revival Blessing|[consumed]
|
|t:|1757924847
|-heal|p1: Meowscarada|50/100|[from] move: Revival Blessing
|move|p2a: Spirit Rush|Shadow Ball|p1a: Pawmot
|-damage|p1a: Pawmot|5/100
|
|upkeep
|turn|18
|
|t:|1757924852
|move|p1a: Pawmot|Thunder Punch|p2a: Spirit Rush
|-supereffective|p2a: Spirit Rush
|-damage|p2a: Spirit Rush|0 fnt
|faint|p2a: Spirit Rush
|
|upkeep
|
|t:|1757924859
|switch|p2a: Trojan|Zamazenta, shiny|100/100
|-damage|p2a: Trojan|94/100|[from] Stealth Rock
|-ability|p2a: Trojan|Dauntless Shield|boost
|-boost|p2a: Trojan|def|1
|turn|19
|
|t:|1757924867
|move|p2a: Trojan|Close Combat|p1a: Pawmot
|-damage|p1a: Pawmot|0 fnt
|-unboost|p2a: Trojan|def|1
|-unboost|p2a: Trojan|spd|1
|faint|p1a: Pawmot
|
|upkeep
|
|t:|1757924874
|switch|p1a: Meowscarada|Meowscarada, F|50/100
|turn|20
|
|t:|1757924876
|move|p2a: Trojan|Close Combat|p1a: Meowscarada
|-supereffective|p1a: Meowscarada
|-damage|p1a: Meowscarada|0 fnt
|-unboost|p2a: Trojan|def|1
|-unboost|p2a: Trojan|spd|1
|faint|p1a: Meowscarada
|
|upkeep
|
|t:|1757924878
|switch|p1a: Greninja|Greninja, M|81/100
|turn|21
|
|t:|1757924881
|-terastallize|p1a: Greninja|Water
|move|p1a: Greninja|Water Shuriken|p2a: Trojan
|-damage|p2a: Trojan|72/100
|-damage|p2a: Trojan|51/100
|-hitcount|p2a: Trojan|2
|-damage|p1a: Greninja|71/100|[from] item: Life Orb
|move|p2a: Trojan|Close Combat|p1a: Greninja
|-damage|p1a: Greninja|0 fnt
|-unboost|p2a: Trojan|def|1
|-unboost|p2a: Trojan|spd|1
|faint|p1a: Greninja
|
|win|KevinHolz
|raw|Enderian67's rating: 1216 &rarr; <strong>1198</strong><br />(-18 for losing)
|raw|KevinHolz's rating: 1312 &rarr; <strong>1327</strong><br />(+15 for winning)
|c|☆Enderian67|ggs
|c|☆KevinHolz|gg
|l|☆KevinHolz
|player|p2|
|l|☆Enderian67
|player|p1|
