|j|☆sebastian.gough
|j|☆quartzion
|t:|1757900120
|gametype|singles
|player|p1|sebastian.gough|rocketgrunt|1076
|player|p2|quartzion|170|1089
|gen|9
|tier|[Gen 9] OU
|rated|
|rule|HP Percentage Mod: HP is shown in percentages
|rule|Endless Battle Clause: Forcing endless battles is banned
|rule|Species Clause: Limit one of each Pokémon
|rule|OHKO Clause: OHKO moves are banned
|rule|Evasion Items Clause: Evasion items are banned
|rule|Evasion Moves Clause: Evasion moves are banned
|rule|Evasion Abilities Clause: Evasion abilities are banned
|rule|Sleep Moves Clause: Sleep-inducing moves are banned
|clearpoke
|poke|p1|Krookodile, F|
|poke|p1|Charizard, F|
|poke|p1|Noctowl, M|
|poke|p1|Greninja-*, M|
|poke|p1|Pikachu-World, M|
|poke|p1|Sceptile, F|
|poke|p2|Cinccino, F|
|poke|p2|Serperior, F|
|poke|p2|Skeledirge, M|
|poke|p2|Quaquaval, F|
|poke|p2|Toxapex, F|
|poke|p2|Oricorio-Pom-Pom, F|
|teampreview
|inactive|Battle timer is ON: inactive players will automatically lose when time's up. (requested by quartzion)
|
|t:|1757900128
|teamsize|p1|6
|teamsize|p2|6
|start
|switch|p1a: Krookodile|Krookodile, F|100/100
|switch|p2a: Oricorio|Oricorio-Pom-Pom, F|100/100
|turn|1
|
|t:|1757900142
|move|p1a: Krookodile|Stealth Rock|p2a: Oricorio
|-sidestart|p2: quartzion|move: Stealth Rock
|move|p2a: Oricorio|Quiver Dance|p2a: Oricorio
|-boost|p2a: Oricorio|spa|1
|-boost|p2a: Oricorio|spd|1
|-boost|p2a: Oricorio|spe|1
|
|upkeep
|turn|2
|
|t:|1757900146
|move|p2a: Oricorio|Quiver Dance|p2a: Oricorio
|-boost|p2a: Oricorio|spa|1
|-boost|p2a: Oricorio|spd|1
|-boost|p2a: Oricorio|spe|1
|move|p1a: Krookodile|Crunch|p2a: Oricorio
|-damage|p2a: Oricorio|34/100
|
|-heal|p2a: Oricorio|40/100|[from] item: Leftovers
|upkeep
|turn|3
|
|t:|1757900149
|move|p2a: Oricorio|Icy Wind|p1a: Krookodile
|-supereffective|p1a: Krookodile
|-damage|p1a: Krookodile|11/100
|-unboost|p1a: Krookodile|spe|1
|move|p1a: Krookodile|Crunch|p2a: Oricorio
|-damage|p2a: Oricorio|0 fnt
|faint|p2a: Oricorio
|-ability|p1a: Krookodile|Moxie|boost
|-boost|p1a: Krookodile|atk|1
|
|upkeep
|
|t:|1757900153
|switch|p2a: Quaquaval|Quaquaval, F|100/100
|-damage|p2a: Quaquaval|94/100|[from] Stealth Rock
|turn|4
|
|t:|1757900157
|move|p2a: Quaquaval|Aqua Step|p1a: Krookodile
|-supereffective|p1a: Krookodile
|-damage|p1a: Krookodile|0 fnt
|-boost|p2a: Quaquaval|spe|1
|faint|p1a: Krookodile
|-ability|p2a: Quaquaval|Moxie|boost
|-boost|p2a: Quaquaval|atk|1
|
|upkeep
|
|t:|1757900166
|switch|p1a: Sceptile|Sceptile, F|100/100
|turn|5
|
|t:|1757900175
|move|p2a: Quaquaval|Ice Spinner|p1a: Sceptile
|-supereffective|p1a: Sceptile
|-damage|p1a: Sceptile|0 fnt
|faint|p1a: Sceptile
|-ability|p2a: Quaquaval|Moxie|boost
|-boost|p2a: Quaquaval|atk|1
|
|upkeep
|
|t:|1757900183
|switch|p1a: Pikachu|Pikachu-World, M|100/100
|turn|6
|
|t:|1757900191
|move|p2a: Quaquaval|Close Combat|p1a: Pikachu
|-damage|p1a: Pikachu|0 fnt
|-unboost|p2a: Quaquaval|def|1
|-unboost|p2a: Quaquaval|spd|1
|faint|p1a: Pikachu
|-ability|p2a: Quaquaval|Moxie|boost
|-boost|p2a: Quaquaval|atk|1
|-enditem|p2a: Quaquaval|White Herb
|-clearnegativeboost|p2a: Quaquaval|[silent]
|
|upkeep
|
|t:|1757900194
|switch|p1a: Charizard|Charizard, F|100/100
|turn|7
|
|t:|1757900207
|move|p2a: Quaquaval|Aqua Step|p1a: Charizard
|-supereffective|p1a: Charizard
|-damage|p1a: Charizard|0 fnt
|-boost|p2a: Quaquaval|spe|1
|faint|p1a: Charizard
|-ability|p2a: Quaquaval|Moxie|boost
|-boost|p2a: Quaquaval|atk|1
|
|upkeep
|
|t:|1757900210
|switch|p1a: Greninja|Greninja, M|100/100
|turn|8
|
|t:|1757900213
|-terastallize|p1a: Greninja|Poison
|move|p2a: Quaquaval|Acrobatics|p1a: Greninja
|-damage|p1a: Greninja|0 fnt
|faint|p1a: Greninja
|-ability|p2a: Quaquaval|Moxie|boost
|-boost|p2a: Quaquaval|atk|1
|
|upkeep
|-message|sebastian.gough forfeited.
|
|win|quartzion
|raw|sebastian.gough's rating: 1076 &rarr; <strong>1055</strong><br />(-21 for losing)
|raw|quartzion's rating: 1089 &rarr; <strong>1115</strong><br />(+26 for winning)
|l|☆sebastian.gough
|player|p1|
|l|☆quartzion
|player|p2|
