|j|☆FireWolf89
|j|☆rraindancerr
|t:|1757910945
|gametype|singles
|player|p1|FireWolf89|psychic-gen4|1331
|player|p2|rraindancerr|wallace|1334
|gen|9
|tier|[Gen 9] OU
|rated|
|rule|HP Percentage Mod: HP is shown in percentages
|rule|Endless Battle Clause: Forcing endless battles is banned
|rule|Species Clause: Limit one of each Pokémon
|rule|OHKO Clause: OHKO moves are banned
|rule|Evasion Items Clause: Evasion items are banned
|rule|Evasion Moves Clause: Evasion moves are banned
|rule|Evasion Abilities Clause: Evasion abilities are banned
|rule|Sleep Moves Clause: Sleep-inducing moves are banned
|clearpoke
|poke|p1|Iron Valiant|
|poke|p1|Slowking-Galar, L99, F|
|poke|p1|Samurott-Hisui, F|
|poke|p1|Gliscor, F|
|poke|p1|Dragapult, F|
|poke|p1|Clefable, M|
|poke|p2|Pelipper, M|
|poke|p2|Barraskewda, M|
|poke|p2|Zapdos|
|poke|p2|Ogerpon-Cornerstone, F|
|poke|p2|Iron Treads|
|poke|p2|Hatterene, F|
|teampreview
|inactive|Battle timer is ON: inactive players will automatically lose when time's up. (requested by rraindancerr)
|inactive|FireWolf89 also wants the timer to be on.
|
|t:|1757910959
|teamsize|p1|6
|teamsize|p2|6
|start
|switch|p1a: Swing|Slowking-Galar, L99, F|100/100
|switch|p2a: Pelipper|Pelipper, M, shiny|100/100
|-weather|RainDance|[from] ability: Drizzle|[of] p2a: Pelipper
|turn|1
|
|t:|1757910969
|move|p2a: Pelipper|U-turn|p1a: Swing
|-crit|p1a: Swing
|-damage|p1a: Swing|87/100
|
|t:|1757910972
|switch|p2a: Zapdos|Zapdos, shiny|100/100|[from] U-turn
|-prepare|p1a: Swing|Chilly Reception|[premajor]
|move|p1a: Swing|Chilly Reception|p1a: Swing
|-weather|Snowscape
|
|t:|1757910977
|switch|p1a: Rifle|Gliscor, F|100/100|[from] Chilly Reception
|
|-weather|Snowscape|[upkeep]
|-status|p1a: Rifle|tox|[from] item: Toxic Orb
|upkeep
|turn|2
|
|t:|1757910982
|move|p2a: Zapdos|Weather Ball|p1a: Rifle
|-supereffective|p1a: Rifle
|-damage|p1a: Rifle|0 fnt
|faint|p1a: Rifle
|
|-weather|Snowscape|[upkeep]
|upkeep
|
|t:|1757910988
|switch|p1a: Swing|Slowking-Galar, L99, F|100/100
|turn|3
|
|t:|1757910994
|move|p2a: Zapdos|Volt Switch|p1a: Swing
|-damage|p1a: Swing|77/100
|
|t:|1757910997
|switch|p2a: Iron Treads|Iron Treads|100/100|[from] Volt Switch
|-item|p2a: Iron Treads|Air Balloon
|-prepare|p1a: Swing|Chilly Reception|[premajor]
|move|p1a: Swing|Chilly Reception|p1a: Swing
|
|t:|1757911012
|switch|p1a: Airblade|Samurott-Hisui, F|100/100|[from] Chilly Reception
|
|-weather|Snowscape|[upkeep]
|upkeep
|turn|4
|
|t:|1757911021
|-end|p2a: Iron Treads|Quark Drive|[silent]
|switch|p2a: Pelipper|Pelipper, M, shiny|100/100
|-weather|RainDance|[from] ability: Drizzle|[of] p2a: Pelipper
|move|p1a: Airblade|Ceaseless Edge|p2a: Pelipper
|-damage|p2a: Pelipper|69/100
|-sidestart|p2: rraindancerr|Spikes
|
|-weather|RainDance|[upkeep]
|upkeep
|turn|5
|
|t:|1757911025
|move|p1a: Airblade|Knock Off|p2a: Pelipper
|-damage|p2a: Pelipper|35/100
|-enditem|p2a: Pelipper|Damp Rock|[from] move: Knock Off|[of] p1a: Airblade
|move|p2a: Pelipper|U-turn|p1a: Airblade
|-supereffective|p1a: Airblade
|-crit|p1a: Airblade
|-damage|p1a: Airblade|70/100
|
|t:|1757911027
|switch|p2a: Barraskewda|Barraskewda, M|100/100|[from] U-turn
|-damage|p2a: Barraskewda|88/100|[from] Spikes
|
|-weather|RainDance|[upkeep]
|upkeep
|turn|6
|
|t:|1757911033
|switch|p1a: Swing|Slowking-Galar, L99, F|100/100
|move|p2a: Barraskewda|Liquidation|p1a: Swing
|-damage|p1a: Swing|9/100
|
|-weather|RainDance|[upkeep]
|upkeep
|turn|7
|
|t:|1757911039
|move|p2a: Barraskewda|Liquidation|p1a: Swing
|-damage|p1a: Swing|0 fnt
|faint|p1a: Swing
|
|-weather|RainDance|[upkeep]
|upkeep
|
|t:|1757911042
|switch|p1a: Airblade|Samurott-Hisui, F|70/100
|turn|8
|
|t:|1757911044
|move|p1a: Airblade|Sucker Punch|p2a: Barraskewda
|-damage|p2a: Barraskewda|34/100
|move|p2a: Barraskewda|Liquidation|p1a: Airblade
|-resisted|p1a: Airblade
|-damage|p1a: Airblade|28/100
|-unboost|p1a: Airblade|def|1
|
|-weather|RainDance|[upkeep]
|upkeep
|turn|9
|
|t:|1757911047
|move|p2a: Barraskewda|Aqua Jet|p1a: Airblade
|-resisted|p1a: Airblade
|-damage|p1a: Airblade|0 fnt
|faint|p1a: Airblade
|
|-weather|RainDance|[upkeep]
|upkeep
|-message|FireWolf89 forfeited.
|
|win|rraindancerr
|raw|FireWolf89's rating: 1331 &rarr; <strong>1311</strong><br />(-20 for losing)
|raw|rraindancerr's rating: 1334 &rarr; <strong>1354</strong><br />(+20 for winning)
|l|☆FireWolf89
|player|p1|
|l|☆rraindancerr
|player|p2|
