|j|☆SparkyGoupil
|j|☆13089565007Y
|t:|1757932545
|gametype|singles
|player|p1|SparkyGoupil|backersf|1174
|player|p2|13089565007Y|acetrainer|1167
|gen|9
|tier|[Gen 9] OU
|rated|
|rule|HP Percentage Mod: HP is shown in percentages
|rule|Endless Battle Clause: Forcing endless battles is banned
|rule|Species Clause: Limit one of each Pokémon
|rule|OHKO Clause: OHKO moves are banned
|rule|Evasion Items Clause: Evasion items are banned
|rule|Evasion Moves Clause: Evasion moves are banned
|rule|Evasion Abilities Clause: Evasion abilities are banned
|rule|Sleep Moves Clause: Sleep-inducing moves are banned
|clearpoke
|poke|p1|Ninetales-Alola, F|
|poke|p1|Gholdengo|
|poke|p1|Hatterene, F|
|poke|p1|Jirachi|
|poke|p1|Blaziken, F|
|poke|p1|Ogerpon-Wellspring, F|
|poke|p2|Hoopa-Unbound|
|poke|p2|Indeedee, M|
|poke|p2|Hatterene, F|
|poke|p2|Azumarill, M|
|poke|p2|Mimikyu, F|
|poke|p2|Ursaluna, M|
|teampreview
|inactive|Battle timer is ON: inactive players will automatically lose when time's up. (requested by SparkyGoupil)
|
|t:|1757932578
|teamsize|p1|6
|teamsize|p2|6
|start
|switch|p1a: Aurora veil|Ninetales-Alola, F, shiny|100/100
|switch|p2a: Indeedee|Indeedee, M|100/100
|-weather|Snowscape|[from] ability: Snow Warning|[of] p1a: Aurora veil
|-fieldstart|move: Psychic Terrain|[from] ability: Psychic Surge|[of] p2a: Indeedee
|turn|1
|
|t:|1757932588
|move|p1a: Aurora veil|Aurora Veil|p1a: Aurora veil
|-sidestart|p1: SparkyGoupil|move: Aurora Veil
|move|p2a: Indeedee|Trick Room|p2a: Indeedee
|-fieldstart|move: Trick Room|[of] p2a: Indeedee
|
|-weather|Snowscape|[upkeep]
|upkeep
|turn|2
|
|t:|1757932599
|switch|p2a: Hoopa|Hoopa-Unbound|100/100
|-enditem|p2a: Hoopa|Psychic Seed
|-boost|p2a: Hoopa|spd|1|[from] item: Psychic Seed
|move|p1a: Aurora veil|Freeze-Dry|p2a: Hoopa
|-damage|p2a: Hoopa|90/100
|
|-weather|Snowscape|[upkeep]
|upkeep
|turn|3
|
|t:|1757932606
|-terastallize|p2a: Hoopa|Psychic
|move|p2a: Hoopa|Expanding Force|p1a: Aurora veil
|-damage|p1a: Aurora veil|38/100
|-item|p2a: Hoopa|Light Clay|[from] ability: Magician|[of] p1a: Aurora veil
|move|p1a: Aurora veil|Moonblast|p2a: Hoopa
|-damage|p2a: Hoopa|75/100
|-unboost|p2a: Hoopa|spa|1
|
|-weather|Snowscape|[upkeep]
|upkeep
|turn|4
|
|t:|1757932628
|switch|p1a: Biere pong|Ogerpon-Wellspring, F|100/100
|move|p2a: Hoopa|Expanding Force|p1a: Biere pong
|-damage|p1a: Biere pong|44/100
|
|-weather|Snowscape|[upkeep]
|upkeep
|turn|5
|
|t:|1757932636
|move|p2a: Hoopa|Hyperspace Fury|p1a: Biere pong
|-damage|p1a: Biere pong|11/100
|-unboost|p2a: Hoopa|def|1
|move|p1a: Biere pong|Ivy Cudgel|p2a: Hoopa|[anim] Ivy Cudgel Water
|-damage|p2a: Hoopa|0 fnt
|faint|p2a: Hoopa
|
|-weather|none
|-fieldend|move: Trick Room
|upkeep
|
|t:|1757932641
|switch|p2a: Hatterene|Hatterene, F|100/100
|turn|6
|
|t:|1757932646
|move|p1a: Biere pong|Ivy Cudgel|p2a: Hatterene|[anim] Ivy Cudgel Water
|-damage|p2a: Hatterene|32/100
|move|p2a: Hatterene|Trick Room|p2a: Hatterene
|-fieldstart|move: Trick Room|[of] p2a: Hatterene
|
|upkeep
|turn|7
|
|t:|1757932661
|move|p2a: Hatterene|Draining Kiss|p1a: Biere pong
|-damage|p1a: Biere pong|0 fnt
|-heal|p2a: Hatterene|40/100|[from] drain|[of] p1a: Biere pong
|faint|p1a: Biere pong
|
|upkeep
|
|t:|1757932674
|switch|p1a: Tenders|Blaziken, F|100/100
|turn|8
|
|t:|1757932679
|move|p2a: Hatterene|Expanding Force|p1a: Tenders
|-supereffective|p1a: Tenders
|-damage|p1a: Tenders|0 fnt
|faint|p1a: Tenders
|
|-sideend|p1: SparkyGoupil|move: Aurora Veil
|-fieldend|move: Psychic Terrain
|upkeep
|
|t:|1757932690
|switch|p1a: Mégot|Gholdengo|100/100
|-item|p1a: Mégot|Air Balloon
|turn|9
|
|t:|1757932698
|move|p2a: Hatterene|Mystical Fire|p1a: Mégot
|-supereffective|p1a: Mégot
|-damage|p1a: Mégot|32/100
|-unboost|p1a: Mégot|spa|1
|-enditem|p1a: Mégot|Air Balloon
|move|p1a: Mégot|Shadow Ball|p2a: Hatterene
|-supereffective|p2a: Hatterene
|-damage|p2a: Hatterene|0 fnt
|faint|p2a: Hatterene
|
|upkeep
|
|t:|1757932707
|switch|p2a: Indeedee|Indeedee, M|100/100
|-fieldstart|move: Psychic Terrain|[from] ability: Psychic Surge|[of] p2a: Indeedee
|turn|10
|
|t:|1757932723
|switch|p2a: Mimikyu|Mimikyu, F|100/100
|move|p1a: Mégot|Make It Rain|p2a: Mimikyu
|-activate|p2a: Mimikyu|ability: Disguise
|-damage|p2a: Mimikyu|100/100
|-unboost|p1a: Mégot|spa|1
|detailschange|p2a: Mimikyu|Mimikyu-Busted, F
|-damage|p2a: Mimikyu|88/100|[from] pokemon: Mimikyu-Busted
|-enditem|p2a: Mimikyu|Red Card|[of] p1a: Mégot
|drag|p1a: Tépapré|Jirachi, shiny|100/100
|
|-fieldend|move: Trick Room
|upkeep
|turn|11
|
|t:|1757932739
|move|p1a: Tépapré|Wish|p1a: Tépapré
|move|p2a: Mimikyu|Trick Room|p2a: Mimikyu
|-fieldstart|move: Trick Room|[of] p2a: Mimikyu
|
|upkeep
|turn|12
|
|t:|1757932746
|move|p2a: Mimikyu|Destiny Bond|p2a: Mimikyu
|-singlemove|p2a: Mimikyu|Destiny Bond
|move|p1a: Tépapré|Cosmic Power|p1a: Tépapré
|-boost|p1a: Tépapré|def|1
|-boost|p1a: Tépapré|spd|1
|
|upkeep
|turn|13
|
|t:|1757932756
|move|p2a: Mimikyu|Curse|p1a: Tépapré
|-start|p1a: Tépapré|Curse|[of] p2a: Mimikyu
|-damage|p2a: Mimikyu|38/100
|move|p1a: Tépapré|Cosmic Power|p1a: Tépapré
|-boost|p1a: Tépapré|def|1
|-boost|p1a: Tépapré|spd|1
|
|-damage|p1a: Tépapré|75/100|[from] Curse
|upkeep
|turn|14
|
|t:|1757932766
|switch|p2a: Ursaluna|Ursaluna, M|100/100
|move|p1a: Tépapré|Stored Power|p2a: Ursaluna
|-damage|p2a: Ursaluna|64/100
|
|-damage|p1a: Tépapré|50/100|[from] Curse
|-status|p2a: Ursaluna|brn|[from] item: Flame Orb
|upkeep
|turn|15
|
|t:|1757932778
|move|p2a: Ursaluna|Headlong Rush|p1a: Tépapré
|-supereffective|p1a: Tépapré
|-damage|p1a: Tépapré|0 fnt
|-unboost|p2a: Ursaluna|def|1
|-unboost|p2a: Ursaluna|spd|1
|faint|p1a: Tépapré
|
|-damage|p2a: Ursaluna|58/100 brn|[from] brn
|-fieldend|move: Trick Room
|upkeep
|
|t:|1757932792
|switch|p1a: Mégot|Gholdengo|32/100
|turn|16
|
|t:|1757932797
|switch|p2a: Mimikyu|Mimikyu-Busted, F|38/100
|move|p1a: Mégot|Make It Rain|p2a: Mimikyu
|-supereffective|p2a: Mimikyu
|-damage|p2a: Mimikyu|0 fnt
|-unboost|p1a: Mégot|spa|1
|faint|p2a: Mimikyu
|
|upkeep
|
|t:|1757932800
|switch|p2a: Indeedee|Indeedee, M|100/100
|turn|17
|
|t:|1757932810
|move|p1a: Mégot|Make It Rain|p2a: Indeedee
|-damage|p2a: Indeedee|48/100
|-unboost|p1a: Mégot|spa|1
|move|p2a: Indeedee|Trick Room|p2a: Indeedee
|-fieldstart|move: Trick Room|[of] p2a: Indeedee
|
|-fieldend|move: Psychic Terrain
|upkeep
|turn|18
|
|t:|1757932817
|move|p2a: Indeedee|Healing Wish|p2a: Indeedee
|faint|p2a: Indeedee
|move|p1a: Mégot|Make It Rain|p2: Indeedee|[notarget]
|-fail|p1a: Mégot
|
|upkeep
|
|t:|1757932822
|switch|p2a: Ursaluna|Ursaluna, M|58/100 brn
|-heal|p2a: Ursaluna|100/100|[from] move: Healing Wish
|turn|19
|
|t:|1757932830
|move|p2a: Ursaluna|Headlong Rush|p1a: Mégot
|-supereffective|p1a: Mégot
|-damage|p1a: Mégot|0 fnt
|-unboost|p2a: Ursaluna|def|1
|-unboost|p2a: Ursaluna|spd|1
|faint|p1a: Mégot
|
|-status|p2a: Ursaluna|brn|[from] item: Flame Orb
|upkeep
|
|t:|1757932839
|switch|p1a: Aurora veil|Ninetales-Alola, F, shiny|38/100
|-weather|Snowscape|[from] ability: Snow Warning|[of] p1a: Aurora veil
|turn|20
|
|t:|1757932845
|move|p2a: Ursaluna|Facade|p1a: Aurora veil
|-damage|p1a: Aurora veil|0 fnt
|faint|p1a: Aurora veil
|
|-weather|Snowscape|[upkeep]
|-damage|p2a: Ursaluna|94/100 brn|[from] brn
|upkeep
|
|t:|1757932851
|switch|p1a: Ma femme|Hatterene, F|100/100
|turn|21
|
|t:|1757932857
|move|p1a: Ma femme|Nuzzle|p2a: Ursaluna
|-immune|p2a: Ursaluna
|move|p2a: Ursaluna|Facade|p1a: Ma femme
|-damage|p1a: Ma femme|6/100
|
|-weather|Snowscape|[upkeep]
|-heal|p1a: Ma femme|12/100|[from] item: Leftovers
|-damage|p2a: Ursaluna|88/100 brn|[from] brn
|-fieldend|move: Trick Room
|upkeep
|turn|22
|
|t:|1757932871
|move|p2a: Ursaluna|Facade|p1a: Ma femme
|-damage|p1a: Ma femme|0 fnt
|faint|p1a: Ma femme
|
|win|13089565007Y
|raw|SparkyGoupil's rating: 1174 &rarr; <strong>1148</strong><br />(-26 for losing)
|raw|13089565007Y's rating: 1167 &rarr; <strong>1193</strong><br />(+26 for winning)
|l|☆SparkyGoupil
|player|p1|
|l|☆13089565007Y
|player|p2|
