|j|☆duggy09
|j|‽23barnecales
|t:|1757902611
|gametype|singles
|player|p1|duggy09|swimmerf-gen4dp|1148
|player|p2|23barnecales|102|1198
|gen|9
|tier|[Gen 9] OU
|rated|
|rule|HP Percentage Mod: HP is shown in percentages
|rule|Endless Battle Clause: Forcing endless battles is banned
|rule|Species Clause: Limit one of each Pokémon
|rule|OHKO Clause: OHKO moves are banned
|rule|Evasion Items Clause: Evasion items are banned
|rule|Evasion Moves Clause: Evasion moves are banned
|rule|Evasion Abilities Clause: Evasion abilities are banned
|rule|Sleep Moves Clause: Sleep-inducing moves are banned
|clearpoke
|poke|p1|Pecharunt|
|poke|p1|Darkrai|
|poke|p1|Samurott-Hisui, M|
|poke|p1|Landorus-Therian, M|
|poke|p1|Iron Valiant|
|poke|p1|Raging Bolt|
|poke|p2|Landorus-Therian, M|
|poke|p2|Samurott-Hisui, M|
|poke|p2|Pecharunt|
|poke|p2|Scizor, M|
|poke|p2|Latios, M|
|poke|p2|Zamazenta-*|
|teampreview
|
|t:|1757902650
|teamsize|p1|6
|teamsize|p2|6
|start
|switch|p1a: kami|Iron Valiant|100/100
|switch|p2a: Samurott|Samurott-Hisui, M|100/100
|-enditem|p1a: kami|Booster Energy
|-activate|p1a: kami|ability: Quark Drive|[fromitem]
|-start|p1a: kami|quarkdrivespe
|turn|1
|
|t:|1757902671
|-terastallize|p2a: Samurott|Ground
|move|p1a: kami|Moonblast|p2a: Samurott
|-damage|p2a: Samurott|57/100
|move|p2a: Samurott|Razor Shell|p1a: kami
|-damage|p1a: kami|32/100
|
|upkeep
|turn|2
|
|t:|1757902682
|move|p1a: kami|Close Combat|p2a: Samurott
|-damage|p2a: Samurott|0 fnt
|-unboost|p1a: kami|def|1
|-unboost|p1a: kami|spd|1
|faint|p2a: Samurott
|
|upkeep
|
|t:|1757902690
|switch|p2a: Landorus|Landorus-Therian, M|100/100
|-ability|p2a: Landorus|Intimidate|boost
|-unboost|p1a: kami|atk|1
|turn|3
|
|t:|1757902698
|move|p1a: kami|Destiny Bond|p1a: kami
|-singlemove|p1a: kami|Destiny Bond
|move|p2a: Landorus|Stealth Rock|p1a: kami
|-sidestart|p1: duggy09|move: Stealth Rock
|
|upkeep
|turn|4
|
|t:|1757902702
|move|p1a: kami|Encore|p2a: Landorus
|-start|p2a: Landorus|Encore
|move|p2a: Landorus|Stealth Rock||[still]
|-fail|p2a: Landorus
|
|upkeep
|turn|5
|
|t:|1757902709
|switch|p2a: Scizor|Scizor, M|100/100
|move|p1a: kami|Moonblast|p2a: Scizor
|-resisted|p2a: Scizor
|-damage|p2a: Scizor|69/100
|
|upkeep
|turn|6
|
|t:|1757902724
|-end|p1a: kami|Quark Drive|[silent]
|switch|p1a: trump|Landorus-Therian, M|100/100
|-damage|p1a: trump|88/100|[from] Stealth Rock
|-ability|p1a: trump|Intimidate|boost
|-unboost|p2a: Scizor|atk|1
|move|p2a: Scizor|Knock Off|p1a: trump
|-damage|p1a: trump|65/100
|-damage|p2a: Scizor|52/100|[from] item: Rocky Helmet|[of] p1a: trump
|-enditem|p1a: trump|Rocky Helmet|[from] move: Knock Off|[of] p2a: Scizor
|
|upkeep
|turn|7
|
|t:|1757902742
|switch|p2a: Latios|Latios, M|100/100
|move|p1a: trump|Stealth Rock|p2a: Latios
|-sidestart|p2: 23barnecales|move: Stealth Rock
|
|upkeep
|turn|8
|
|t:|1757902760
|switch|p1a: lol|Samurott-Hisui, M|100/100
|-damage|p1a: lol|88/100|[from] Stealth Rock
|move|p2a: Latios|Psychic Noise|p1a: lol
|-immune|p1a: lol
|
|upkeep
|turn|9
|
|t:|1757902772
|switch|p2a: Zamazenta|Zamazenta|100/100
|-damage|p2a: Zamazenta|94/100|[from] Stealth Rock
|-ability|p2a: Zamazenta|Dauntless Shield|boost
|-boost|p2a: Zamazenta|def|1
|move|p1a: lol|Ceaseless Edge|p2a: Zamazenta
|-resisted|p2a: Zamazenta
|-damage|p2a: Zamazenta|83/100
|-sidestart|p2: 23barnecales|Spikes
|
|-heal|p2a: Zamazenta|89/100|[from] item: Leftovers
|upkeep
|turn|10
|
|t:|1757902792
|switch|p1a: perc|Pecharunt|100/100
|move|p2a: Zamazenta|Crunch|p1a: perc
|-supereffective|p1a: perc
|-damage|p1a: perc|80/100
|-unboost|p1a: perc|def|1
|
|-heal|p2a: Zamazenta|96/100|[from] item: Leftovers
|upkeep
|turn|11
|
|t:|1757902812
|move|p2a: Zamazenta|Crunch|p1a: perc
|-supereffective|p1a: perc
|-damage|p1a: perc|53/100
|move|p1a: perc|Malignant Chain|p2a: Zamazenta
|-damage|p2a: Zamazenta|67/100
|-status|p2a: Zamazenta|tox
|-start|p2a: Zamazenta|confusion|[from] ability: Poison Puppeteer|[of] p1a: perc
|
|-heal|p2a: Zamazenta|73/100 tox|[from] item: Leftovers
|-damage|p2a: Zamazenta|67/100 tox|[from] psn
|upkeep
|turn|12
|
|t:|1757902825
|switch|p2a: Pecharunt|Pecharunt|100/100
|switch|p1a: kami|Iron Valiant|32/100
|-damage|p1a: kami|25/100|[from] Stealth Rock
|
|upkeep
|turn|13
|
|t:|1757902836
|move|p1a: kami|Destiny Bond|p1a: kami
|-singlemove|p1a: kami|Destiny Bond
|move|p2a: Pecharunt|Parting Shot|p1a: kami
|-unboost|p1a: kami|atk|1
|-unboost|p1a: kami|spa|1
|
|t:|1757902847
|switch|p2a: Scizor|Scizor, M|52/100|[from] Parting Shot
|
|upkeep
|turn|14
|
|t:|1757902879
|move|p1a: kami|Close Combat|p2a: Scizor
|-damage|p2a: Scizor|10/100
|-unboost|p1a: kami|def|1
|-unboost|p1a: kami|spd|1
|move|p2a: Scizor|Swords Dance|p2a: Scizor
|-boost|p2a: Scizor|atk|2
|
|upkeep
|turn|15
|
|t:|1757902890
|move|p1a: kami|Destiny Bond|p1a: kami
|-singlemove|p1a: kami|Destiny Bond
|move|p2a: Scizor|Swords Dance|p2a: Scizor
|-boost|p2a: Scizor|atk|2
|
|upkeep
|turn|16
|
|t:|1757902901
|move|p2a: Scizor|Bullet Punch|p1a: kami
|-supereffective|p1a: kami
|-damage|p1a: kami|0 fnt
|faint|p1a: kami
|-activate|p1a: kami|move: Destiny Bond
|-end|p1a: kami|Quark Drive|[silent]
|faint|p2a: Scizor
|
|upkeep
|
|t:|1757902931
|switch|p1a: trump|Landorus-Therian, M|65/100
|switch|p2a: Landorus|Landorus-Therian, M|100/100
|-damage|p2a: Landorus|88/100|[from] Stealth Rock
|-ability|p2a: Landorus|Intimidate|boost
|-unboost|p1a: trump|atk|1
|-damage|p1a: trump|53/100|[from] Stealth Rock
|-ability|p1a: trump|Intimidate|boost
|-unboost|p2a: Landorus|atk|1
|turn|17
|
|t:|1757902941
|move|p1a: trump|U-turn|p2a: Landorus
|-resisted|p2a: Landorus
|-damage|p2a: Landorus|82/100
|-damage|p1a: trump|37/100|[from] item: Rocky Helmet|[of] p2a: Landorus
|
|t:|1757902950
|switch|p1a: lol|Samurott-Hisui, M|88/100|[from] U-turn
|-damage|p1a: lol|76/100|[from] Stealth Rock
|move|p2a: Landorus|Smack Down|p1a: lol
|-damage|p1a: lol|62/100
|
|upkeep
|turn|18
|
|t:|1757902959
|move|p2a: Landorus|U-turn|p1a: lol
|-supereffective|p1a: lol
|-damage|p1a: lol|23/100
|
|t:|1757902965
|switch|p2a: Zamazenta|Zamazenta|67/100 tox|[from] U-turn
|-damage|p2a: Zamazenta|61/100 tox|[from] Stealth Rock
|-damage|p2a: Zamazenta|48/100 tox|[from] Spikes
|move|p1a: lol|Ceaseless Edge|p2a: Zamazenta
|-resisted|p2a: Zamazenta
|-damage|p2a: Zamazenta|32/100 tox
|-sidestart|p2: 23barnecales|Spikes
|
|-heal|p2a: Zamazenta|39/100 tox|[from] item: Leftovers
|-damage|p2a: Zamazenta|32/100 tox|[from] psn
|upkeep
|turn|19
|
|t:|1757902979
|move|p2a: Zamazenta|Body Press|p1a: lol
|-supereffective|p1a: lol
|-damage|p1a: lol|0 fnt
|faint|p1a: lol
|
|-heal|p2a: Zamazenta|39/100 tox|[from] item: Leftovers
|-damage|p2a: Zamazenta|26/100 tox|[from] psn
|upkeep
|
|t:|1757902991
|switch|p1a: Raging Bone|Raging Bolt|100/100
|turn|20
|
|t:|1757903007
|move|p1a: Raging Bone|Thunderclap|p2a: Zamazenta
|-damage|p2a: Zamazenta|0 fnt
|faint|p2a: Zamazenta
|
|upkeep
|
|t:|1757903017
|switch|p2a: Latios|Latios, M|100/100
|-damage|p2a: Latios|88/100|[from] Stealth Rock
|turn|21
|
|t:|1757903031
|-terastallize|p1a: Raging Bone|Fairy
|move|p2a: Latios|Calm Mind|p2a: Latios
|-boost|p2a: Latios|spa|1
|-boost|p2a: Latios|spd|1
|move|p1a: Raging Bone|Dragon Pulse|p2a: Latios
|-supereffective|p2a: Latios
|-damage|p2a: Latios|14/100
|
|upkeep
|turn|22
|
|t:|1757903042
|move|p2a: Latios|Recover|p2a: Latios
|-heal|p2a: Latios|65/100
|move|p1a: Raging Bone|Volt Switch|p2a: Latios
|-resisted|p2a: Latios
|-damage|p2a: Latios|51/100
|
|t:|1757903057
|-end|p1a: Raging Bone|Protosynthesis|[silent]
|switch|p1a: nameless|Darkrai|100/100|[from] Volt Switch
|-damage|p1a: nameless|88/100|[from] Stealth Rock
|
|-heal|p1a: nameless|94/100|[from] item: Leftovers
|upkeep
|turn|23
|
|t:|1757903071
|move|p1a: nameless|Dark Pulse|p2a: Latios
|-supereffective|p2a: Latios
|-damage|p2a: Latios|0 fnt
|faint|p2a: Latios
|
|-heal|p1a: nameless|99/100|[from] item: Leftovers
|upkeep
|
|t:|1757903075
|switch|p2a: Landorus|Landorus-Therian, M|82/100
|-damage|p2a: Landorus|69/100|[from] Stealth Rock
|-ability|p2a: Landorus|Intimidate|boost
|-unboost|p1a: nameless|atk|1
|turn|24
|
|t:|1757903088
|move|p1a: nameless|Nasty Plot|p1a: nameless
|-boost|p1a: nameless|spa|2
|move|p2a: Landorus|U-turn|p1a: nameless
|-supereffective|p1a: nameless
|-damage|p1a: nameless|43/100
|
|t:|1757903093
|switch|p2a: Pecharunt|Pecharunt|100/100|[from] U-turn
|
|-heal|p1a: nameless|49/100|[from] item: Leftovers
|upkeep
|turn|25
|
|t:|1757903096
|move|p1a: nameless|Dark Pulse|p2a: Pecharunt
|-supereffective|p2a: Pecharunt
|-damage|p2a: Pecharunt|0 fnt
|faint|p2a: Pecharunt
|
|-heal|p1a: nameless|55/100|[from] item: Leftovers
|upkeep
|
|t:|1757903101
|switch|p2a: Landorus|Landorus-Therian, M|69/100
|-damage|p2a: Landorus|57/100|[from] Stealth Rock
|-ability|p2a: Landorus|Intimidate|boost
|-unboost|p1a: nameless|atk|1
|turn|26
|
|t:|1757903104
|move|p1a: nameless|Dark Pulse|p2a: Landorus
|-damage|p2a: Landorus|0 fnt
|faint|p2a: Landorus
|
|win|duggy09
|raw|duggy09's rating: 1148 &rarr; <strong>1177</strong><br />(+29 for winning)
|raw|23barnecales's rating: 1198 &rarr; <strong>1169</strong><br />(-29 for losing)
|c|☆duggy09|gg
