|j|‽Actually_Apollo
|j|☆ToucanSlam99
|t:|1757875154
|gametype|singles
|player|p1|Actually_Apollo|morty|1168
|player|p2|ToucanSlam99|blackbelt-gen4dp|1141
|gen|9
|tier|[Gen 9] OU
|rated|
|rule|HP Percentage Mod: HP is shown in percentages
|rule|Endless Battle Clause: Forcing endless battles is banned
|rule|Species Clause: Limit one of each Pokémon
|rule|OHKO Clause: OHKO moves are banned
|rule|Evasion Items Clause: Evasion items are banned
|rule|Evasion Moves Clause: Evasion moves are banned
|rule|Evasion Abilities Clause: Evasion abilities are banned
|rule|Sleep Moves Clause: Sleep-inducing moves are banned
|clearpoke
|poke|p1|Floatzel, F|
|poke|p1|Barraskewda, F|
|poke|p1|Shroodle, M|
|poke|p1|Glimmora, M|
|poke|p1|Kingambit, M|
|poke|p1|Pelipper, F|
|poke|p2|Garganacl, F|
|poke|p2|Gliscor, F|
|poke|p2|Ceruledge, F|
|poke|p2|Primarina, M|
|poke|p2|Scizor, F|
|poke|p2|Kommo-o, M|
|teampreview
|inactive|Battle timer is ON: inactive players will automatically lose when time's up. (requested by Actually_Apollo)
|
|t:|1757875170
|teamsize|p1|6
|teamsize|p2|6
|start
|switch|p1a: Shroodle|Shroodle, M|100/100
|switch|p2a: Gliscor|Gliscor, F|100/100
|turn|1
|
|t:|1757875183
|move|p1a: Shroodle|Taunt|p2a: Gliscor
|-start|p2a: Gliscor|move: Taunt
|move|p2a: Gliscor|Earthquake|p1a: Shroodle
|-supereffective|p1a: Shroodle
|-enditem|p1a: Shroodle|Focus Sash
|-damage|p1a: Shroodle|1/100
|
|-status|p2a: Gliscor|tox|[from] item: Toxic Orb
|upkeep
|turn|2
|
|t:|1757875196
|move|p2a: Gliscor|Knock Off|p1a: Shroodle
|-damage|p1a: Shroodle|0 fnt
|faint|p1a: Shroodle
|
|upkeep
|
|t:|1757875199
|switch|p1a: Pelipper|Pelipper, F|100/100
|-weather|RainDance|[from] ability: Drizzle|[of] p1a: Pelipper
|turn|3
|
|t:|1757875205
|move|p2a: Gliscor|Knock Off|p1a: Pelipper
|-damage|p1a: Pelipper|83/100
|-enditem|p1a: Pelipper|Damp Rock|[from] move: Knock Off|[of] p2a: Gliscor
|move|p1a: Pelipper|U-turn|p2a: Gliscor
|-resisted|p2a: Gliscor
|-damage|p2a: Gliscor|98/100 tox
|
|t:|1757875209
|switch|p1a: Floatzel|Floatzel, F|100/100|[from] U-turn
|
|-weather|RainDance|[upkeep]
|-heal|p2a: Gliscor|100/100 tox|[from] ability: Poison Heal
|-end|p2a: Gliscor|move: Taunt
|upkeep
|turn|4
|
|t:|1757875219
|move|p1a: Floatzel|Flip Turn|p2a: Gliscor
|-supereffective|p2a: Gliscor
|-damage|p2a: Gliscor|23/100 tox
|
|t:|1757875222
|switch|p1a: Pelipper|Pelipper, F|83/100|[from] Flip Turn
|move|p2a: Gliscor|Toxic|p1a: Pelipper
|-status|p1a: Pelipper|tox
|
|-weather|RainDance|[upkeep]
|-heal|p2a: Gliscor|35/100 tox|[from] ability: Poison Heal
|-damage|p1a: Pelipper|76/100 tox|[from] psn
|upkeep
|turn|5
|
|t:|1757875234
|move|p2a: Gliscor|Protect|p2a: Gliscor
|-singleturn|p2a: Gliscor|Protect
|move|p1a: Pelipper|Surf|p2a: Gliscor
|-activate|p2a: Gliscor|move: Protect
|
|-weather|RainDance|[upkeep]
|-heal|p2a: Gliscor|47/100 tox|[from] ability: Poison Heal
|-damage|p1a: Pelipper|64/100 tox|[from] psn
|upkeep
|turn|6
|
|t:|1757875245
|move|p2a: Gliscor|Knock Off|p1a: Pelipper
|-damage|p1a: Pelipper|54/100 tox
|move|p1a: Pelipper|Surf|p2a: Gliscor
|-supereffective|p2a: Gliscor
|-damage|p2a: Gliscor|0 fnt
|faint|p2a: Gliscor
|
|-weather|RainDance|[upkeep]
|-damage|p1a: Pelipper|35/100 tox|[from] psn
|upkeep
|
|t:|1757875269
|switch|p2a: Scizor|Scizor, F, shiny|100/100
|turn|7
|
|t:|1757875282
|move|p2a: Scizor|Swords Dance|p2a: Scizor
|-boost|p2a: Scizor|atk|2
|move|p1a: Pelipper|Roost|p1a: Pelipper
|-heal|p1a: Pelipper|85/100 tox
|-singleturn|p1a: Pelipper|move: Roost
|
|-weather|RainDance|[upkeep]
|-damage|p1a: Pelipper|61/100 tox|[from] psn
|upkeep
|turn|8
|
|t:|1757875298
|switch|p1a: Glimmora|Glimmora, M|100/100
|move|p2a: Scizor|Bullet Punch|p1a: Glimmora
|-supereffective|p1a: Glimmora
|-damage|p1a: Glimmora|0 fnt
|-damage|p2a: Scizor|84/100|[from] item: Rocky Helmet|[of] p1a: Glimmora
|-activate|p1a: Glimmora|ability: Toxic Debris
|-sidestart|p2: ToucanSlam99|move: Toxic Spikes
|faint|p1a: Glimmora
|
|-weather|RainDance|[upkeep]
|upkeep
|
|t:|1757875317
|switch|p1a: Barraskewda|Barraskewda, F|100/100
|turn|9
|
|t:|1757875324
|move|p1a: Barraskewda|Liquidation|p2a: Scizor
|-damage|p2a: Scizor|0 fnt
|faint|p2a: Scizor
|
|-weather|RainDance|[upkeep]
|upkeep
|
|t:|1757875334
|switch|p2a: Kommo-o|Kommo-o, M|100/100
|-status|p2a: Kommo-o|psn
|turn|10
|
|t:|1757875344
|move|p1a: Barraskewda|Liquidation|p2a: Kommo-o
|-resisted|p2a: Kommo-o
|-damage|p2a: Kommo-o|47/100 psn
|-unboost|p2a: Kommo-o|def|1
|move|p2a: Kommo-o|Clangorous Soul|p2a: Kommo-o
|-boost|p2a: Kommo-o|atk|1
|-boost|p2a: Kommo-o|def|1
|-boost|p2a: Kommo-o|spa|1
|-boost|p2a: Kommo-o|spd|1
|-boost|p2a: Kommo-o|spe|1
|-damage|p2a: Kommo-o|14/100 psn
|-enditem|p2a: Kommo-o|Throat Spray
|-boost|p2a: Kommo-o|spa|1|[from] item: Throat Spray
|
|-weather|none
|-damage|p2a: Kommo-o|2/100 psn|[from] psn
|upkeep
|turn|11
|
|t:|1757875359
|switch|p1a: Pelipper|Pelipper, F|61/100 tox
|-weather|RainDance|[from] ability: Drizzle|[of] p1a: Pelipper
|move|p2a: Kommo-o|Clanging Scales|p1a: Pelipper
|-damage|p1a: Pelipper|0 fnt
|faint|p1a: Pelipper
|-unboost|p2a: Kommo-o|def|1
|
|-weather|RainDance|[upkeep]
|-damage|p2a: Kommo-o|0 fnt|[from] psn
|faint|p2a: Kommo-o
|upkeep
|
|t:|1757875376
|switch|p2a: Primarina|Primarina, M|100/100
|switch|p1a: Floatzel|Floatzel, F|100/100
|-status|p2a: Primarina|psn
|turn|12
|
|t:|1757875384
|-terastallize|p1a: Floatzel|Water
|move|p1a: Floatzel|Wave Crash|p2a: Primarina
|-resisted|p2a: Primarina
|-damage|p2a: Primarina|2/100 psn
|-damage|p1a: Floatzel|63/100|[from] Recoil
|move|p2a: Primarina|Energy Ball|p1a: Floatzel
|-supereffective|p1a: Floatzel
|-damage|p1a: Floatzel|0 fnt
|faint|p1a: Floatzel
|
|-weather|RainDance|[upkeep]
|-damage|p2a: Primarina|0 fnt|[from] psn
|faint|p2a: Primarina
|upkeep
|inactive|ToucanSlam99 has 120 seconds left.
|
|t:|1757875408
|switch|p1a: Kingambit|Kingambit, M|100/100
|switch|p2a: Garganacl|Garganacl, F|100/100
|-activate|p1a: Kingambit|ability: Supreme Overlord
|-start|p1a: Kingambit|fallen4|[silent]
|turn|13
|inactive|ToucanSlam99 has 120 seconds left.
|
|t:|1757875416
|move|p1a: Kingambit|Iron Head|p2a: Garganacl
|-supereffective|p2a: Garganacl
|-damage|p2a: Garganacl|26/100
|move|p2a: Garganacl|Salt Cure|p1a: Kingambit
|-resisted|p1a: Kingambit
|-damage|p1a: Kingambit|95/100
|-start|p1a: Kingambit|Salt Cure
|
|-weather|RainDance|[upkeep]
|-heal|p2a: Garganacl|32/100|[from] item: Leftovers
|-damage|p1a: Kingambit|70/100|[from] Salt Cure
|upkeep
|turn|14
|inactive|ToucanSlam99 has 120 seconds left.
|
|t:|1757875429
|move|p1a: Kingambit|Kowtow Cleave|p2a: Garganacl
|-damage|p2a: Garganacl|0 fnt
|faint|p2a: Garganacl
|
|-weather|RainDance|[upkeep]
|-damage|p1a: Kingambit|45/100|[from] Salt Cure
|upkeep
|inactive|ToucanSlam99 has 120 seconds left.
|
|t:|1757875437
|switch|p2a: Ceruledge|Ceruledge, F|100/100
|-status|p2a: Ceruledge|psn
|turn|15
|
|t:|1757875446
|-end|p1a: Kingambit|fallen4|[silent]
|switch|p1a: Barraskewda|Barraskewda, F|100/100
|move|p2a: Ceruledge|Swords Dance|p2a: Ceruledge
|-boost|p2a: Ceruledge|atk|2
|
|-weather|none
|-damage|p2a: Ceruledge|88/100 psn|[from] psn
|upkeep
|turn|16
|
|t:|1757875460
|move|p2a: Ceruledge|Shadow Sneak|p1a: Barraskewda
|-damage|p1a: Barraskewda|18/100
|move|p1a: Barraskewda|Liquidation|p2a: Ceruledge
|-supereffective|p2a: Ceruledge
|-damage|p2a: Ceruledge|0 fnt
|faint|p2a: Ceruledge
|
|win|Actually_Apollo
|raw|Actually_Apollo's rating: 1168 &rarr; <strong>1191</strong><br />(+23 for winning)
|raw|ToucanSlam99's rating: 1141 &rarr; <strong>1118</strong><br />(-23 for losing)
|l|‽Actually_Apollo
|player|p1|
|l|☆ToucanSlam99
|player|p2|
