|j|☆koruja
|j|☆SickBRE12
|t:|1757954494
|gametype|singles
|player|p1|koruja|ethan|1141
|player|p2|SickBRE12|dragontamer|1089
|gen|9
|tier|[Gen 9] OU
|rated|
|rule|HP Percentage Mod: HP is shown in percentages
|rule|Endless Battle Clause: Forcing endless battles is banned
|rule|Species Clause: Limit one of each Pokémon
|rule|OHKO Clause: OHKO moves are banned
|rule|Evasion Items Clause: Evasion items are banned
|rule|Evasion Moves Clause: Evasion moves are banned
|rule|Evasion Abilities Clause: Evasion abilities are banned
|rule|Sleep Moves Clause: Sleep-inducing moves are banned
|clearpoke
|poke|p1|Infernape, M|
|poke|p1|Lucario, M|
|poke|p1|Electivire, M|
|poke|p1|Abomasnow, M|
|poke|p1|Garchomp, M|
|poke|p1|Gliscor, M|
|poke|p2|Glimmora, M|
|poke|p2|Grimmsnarl, M|
|poke|p2|Kingambit, F|
|poke|p2|Dunsparce, M|
|poke|p2|Jolteon, M|
|poke|p2|Sudowoodo, L1, M|
|teampreview
|inactive|Battle timer is ON: inactive players will automatically lose when time's up. (requested by SickBRE12)
|inactive|koruja has 120 seconds left.
|
|t:|1757954547
|teamsize|p1|6
|teamsize|p2|6
|start
|switch|p1a: Gliscor|Gliscor, M|100/100
|switch|p2a: Sudowoodo|Sudowoodo, L1, M|100/100
|turn|1
|
|t:|1757954554
|move|p1a: Gliscor|Swords Dance|p1a: Gliscor
|-boost|p1a: Gliscor|atk|2
|move|p2a: Sudowoodo|Sandstorm|p2a: Sudowoodo
|-weather|Sandstorm
|
|-weather|Sandstorm|[upkeep]
|-status|p1a: Gliscor|tox|[from] item: Toxic Orb
|upkeep
|turn|2
|
|t:|1757954564
|move|p1a: Gliscor|Swords Dance|p1a: Gliscor
|-boost|p1a: Gliscor|atk|2
|move|p2a: Sudowoodo|Counter||[still]
|-fail|p2a: Sudowoodo
|
|-weather|Sandstorm|[upkeep]
|upkeep
|turn|3
|
|t:|1757954572
|move|p1a: Gliscor|Swords Dance|p1a: Gliscor
|-boost|p1a: Gliscor|atk|2
|move|p2a: Sudowoodo|Endeavor|p1a: Gliscor
|-damage|p1a: Gliscor|4/100 tox
|
|-weather|Sandstorm|[upkeep]
|-heal|p1a: Gliscor|16/100 tox|[from] ability: Poison Heal
|upkeep
|turn|4
|
|t:|1757954582
|move|p1a: Gliscor|Protect|p1a: Gliscor
|-singleturn|p1a: Gliscor|Protect
|move|p2a: Sudowoodo|Counter||[still]
|-fail|p2a: Sudowoodo
|
|-weather|Sandstorm|[upkeep]
|-heal|p1a: Gliscor|29/100 tox|[from] ability: Poison Heal
|upkeep
|turn|5
|
|t:|1757954592
|move|p1a: Gliscor|Knock Off|p2a: Sudowoodo
|-ability|p2a: Sudowoodo|Sturdy
|-damage|p2a: Sudowoodo|9/100
|-enditem|p2a: Sudowoodo|Shell Bell|[from] move: Knock Off|[of] p1a: Gliscor
|move|p2a: Sudowoodo|Counter|p1a: Gliscor
|-damage|p1a: Gliscor|23/100 tox
|
|-weather|none
|-heal|p1a: Gliscor|35/100 tox|[from] ability: Poison Heal
|upkeep
|turn|6
|
|t:|1757954621
|move|p1a: Gliscor|Protect|p1a: Gliscor
|-singleturn|p1a: Gliscor|Protect
|move|p2a: Sudowoodo|Endeavor|p1a: Gliscor
|-activate|p1a: Gliscor|move: Protect
|
|-heal|p1a: Gliscor|48/100 tox|[from] ability: Poison Heal
|upkeep
|turn|7
|-message|SickBRE12 forfeited.
|
|win|koruja
|raw|koruja's rating: 1141 &rarr; <strong>1162</strong><br />(+21 for winning)
|raw|SickBRE12's rating: 1089 &rarr; <strong>1069</strong><br />(-20 for losing)
|l|☆SickBRE12
|player|p2|
