|j|☆Diaaaaaablooooo
|j|☆Air_Emicon
|t:|1757866941
|gametype|singles
|player|p1|Diaaaaaablooooo|lyra|1196
|player|p2|Air_Emicon|cynthia|1214
|gen|9
|tier|[Gen 9] OU
|rated|
|rule|HP Percentage Mod: HP is shown in percentages
|rule|Endless Battle Clause: Forcing endless battles is banned
|rule|Species Clause: Limit one of each Pokémon
|rule|OHKO Clause: OHKO moves are banned
|rule|Evasion Items Clause: Evasion items are banned
|rule|Evasion Moves Clause: Evasion moves are banned
|rule|Evasion Abilities Clause: Evasion abilities are banned
|rule|Sleep Moves Clause: Sleep-inducing moves are banned
|clearpoke
|poke|p1|Great Tusk|
|poke|p1|Slowking-Galar, M|
|poke|p1|Alomomola, M|
|poke|p1|Kingambit, M|
|poke|p1|Dragapult, F|
|poke|p1|Toucannon, F|
|poke|p2|Haunter, F|
|poke|p2|Mismagius, F|
|poke|p2|Iron Valiant|
|poke|p2|Gengar, F|
|poke|p2|Froslass, F|
|poke|p2|Kingambit, M|
|teampreview
|inactive|Battle timer is ON: inactive players will automatically lose when time's up. (requested by Air_Emicon)
|
|t:|1757866954
|teamsize|p1|6
|teamsize|p2|6
|start
|switch|p1a: Toucannon|Toucannon, F|100/100
|switch|p2a: Froslass|Froslass, F|100/100
|turn|1
|
|t:|1757866970
|-terastallize|p1a: Toucannon|Fire
|move|p2a: Froslass|Switcheroo|p1a: Toucannon
|-activate|p2a: Froslass|move: Trick|[of] p1a: Toucannon
|-item|p1a: Toucannon|Choice Scarf|[from] move: Switcheroo
|-item|p2a: Froslass|Choice Band|[from] move: Switcheroo
|move|p1a: Toucannon|Rock Blast|p2a: Froslass
|-supereffective|p2a: Froslass
|-damage|p2a: Froslass|67/100
|-start|p1a: Toucannon|Disable|Rock Blast|[from] ability: Cursed Body|[of] p2a: Froslass
|-supereffective|p2a: Froslass
|-damage|p2a: Froslass|29/100
|-supereffective|p2a: Froslass
|-damage|p2a: Froslass|0 fnt
|faint|p2a: Froslass
|-hitcount|p2: Froslass|3
|
|upkeep
|
|t:|1757866990
|switch|p2a: Mismagius|Mismagius, F|100/100
|turn|2
|
|t:|1757866998
|switch|p1a: Kingambit|Kingambit, M|100/100
|move|p2a: Mismagius|Will-O-Wisp|p1a: Kingambit
|-status|p1a: Kingambit|brn
|
|-damage|p1a: Kingambit|94/100 brn|[from] brn
|upkeep
|turn|3
|
|t:|1757867008
|switch|p2a: Gengar|Gengar, F|100/100
|move|p1a: Kingambit|Kowtow Cleave|p2a: Gengar
|-supereffective|p2a: Gengar
|-damage|p2a: Gengar|0 fnt
|faint|p2a: Gengar
|
|-heal|p1a: Kingambit|100/100 brn|[from] item: Leftovers
|-damage|p1a: Kingambit|94/100 brn|[from] brn
|upkeep
|
|t:|1757867012
|switch|p2a: Haunter|Haunter, F|100/100
|turn|4
|
|t:|1757867018
|move|p2a: Haunter|Destiny Bond|p2a: Haunter
|-singlemove|p2a: Haunter|Destiny Bond
|move|p1a: Kingambit|Kowtow Cleave|p2a: Haunter
|-supereffective|p2a: Haunter
|-damage|p2a: Haunter|0 fnt
|faint|p2a: Haunter
|-activate|p2a: Haunter|move: Destiny Bond
|faint|p1a: Kingambit
|-end|p1a: Kingambit|fallenundefined|[silent]
|
|upkeep
|
|t:|1757867028
|switch|p2a: Mismagius|Mismagius, F|100/100
|switch|p1a: Toucannon|Toucannon, F, tera:Fire|100/100
|turn|5
|
|t:|1757867051
|move|p2a: Mismagius|Destiny Bond|p2a: Mismagius
|-singlemove|p2a: Mismagius|Destiny Bond
|move|p1a: Toucannon|Brave Bird|p2a: Mismagius
|-damage|p2a: Mismagius|0 fnt
|faint|p2a: Mismagius
|-activate|p2a: Mismagius|move: Destiny Bond
|faint|p1a: Toucannon
|
|upkeep
|
|t:|1757867063
|switch|p2a: Iron Valiant|Iron Valiant|100/100
|switch|p1a: Alomomola|Alomomola, M|100/100
|-enditem|p2a: Iron Valiant|Booster Energy
|-activate|p2a: Iron Valiant|ability: Quark Drive|[fromitem]
|-start|p2a: Iron Valiant|quarkdrivespe
|turn|6
|
|t:|1757867072
|move|p2a: Iron Valiant|Thunder Wave|p1a: Alomomola
|-status|p1a: Alomomola|par
|move|p1a: Alomomola|Scald|p2a: Iron Valiant
|-damage|p2a: Iron Valiant|74/100
|
|upkeep
|turn|7
|
|t:|1757867078
|move|p2a: Iron Valiant|Hex|p1a: Alomomola
|-damage|p1a: Alomomola|50/100 par
|cant|p1a: Alomomola|par
|
|upkeep
|turn|8
|
|t:|1757867083
|switch|p1a: Slowking|Slowking-Galar, M|100/100
|move|p2a: Iron Valiant|Hex|p1a: Slowking
|-supereffective|p1a: Slowking
|-damage|p1a: Slowking|77/100
|
|upkeep
|turn|9
|
|t:|1757867095
|move|p2a: Iron Valiant|Psychic|p1a: Slowking
|-damage|p1a: Slowking|59/100
|move|p1a: Slowking|Sludge Bomb|p2a: Iron Valiant
|-supereffective|p2a: Iron Valiant
|-damage|p2a: Iron Valiant|0 fnt
|faint|p2a: Iron Valiant
|-end|p2a: Iron Valiant|Quark Drive|[silent]
|
|upkeep
|
|t:|1757867098
|switch|p2a: Kingambit|Kingambit, M, shiny|100/100
|-activate|p2a: Kingambit|ability: Supreme Overlord
|-start|p2a: Kingambit|fallen5|[silent]
|turn|10
|
|t:|1757867106
|move|p2a: Kingambit|Swords Dance|p2a: Kingambit
|-boost|p2a: Kingambit|atk|2
|-prepare|p1a: Slowking|Chilly Reception|[premajor]
|move|p1a: Slowking|Chilly Reception|p1a: Slowking
|-weather|Snowscape
|
|t:|1757867112
|switch|p1a: Great Tusk|Great Tusk|100/100|[from] Chilly Reception
|
|-weather|Snowscape|[upkeep]
|upkeep
|turn|11
|
|t:|1757867117
|move|p2a: Kingambit|Sucker Punch|p1a: Great Tusk
|-resisted|p1a: Great Tusk
|-damage|p1a: Great Tusk|62/100
|-damage|p2a: Kingambit|84/100|[from] item: Rocky Helmet|[of] p1a: Great Tusk
|move|p1a: Great Tusk|Headlong Rush|p2a: Kingambit
|-supereffective|p2a: Kingambit
|-damage|p2a: Kingambit|11/100
|-unboost|p1a: Great Tusk|def|1
|-unboost|p1a: Great Tusk|spd|1
|
|-weather|Snowscape|[upkeep]
|-heal|p2a: Kingambit|17/100|[from] item: Leftovers
|upkeep
|turn|12
|
|t:|1757867132
|-terastallize|p2a: Kingambit|Dark
|move|p2a: Kingambit|Sucker Punch|p1a: Great Tusk
|-resisted|p1a: Great Tusk
|-damage|p1a: Great Tusk|0 fnt
|-damage|p2a: Kingambit|0 fnt|[from] item: Rocky Helmet|[of] p1a: Great Tusk
|faint|p1a: Great Tusk
|-end|p1a: Great Tusk|Protosynthesis|[silent]
|faint|p2a: Kingambit
|-end|p2a: Kingambit|fallen5|[silent]
|
|win|Diaaaaaablooooo
|raw|Diaaaaaablooooo's rating: 1196 &rarr; <strong>1222</strong><br />(+26 for winning)
|raw|Air_Emicon's rating: 1214 &rarr; <strong>1188</strong><br />(-26 for losing)
|l|☆Air_Emicon
|player|p2|
|l|☆Diaaaaaablooooo
|player|p1|
