|j|☆fenderspace
|j|☆Yajityyy
|t:|1757940748
|gametype|singles
|player|p1|fenderspace|102|1393
|player|p2|Yajityyy|burglar|1412
|gen|9
|tier|[Gen 9] OU
|rated|
|rule|HP Percentage Mod: HP is shown in percentages
|rule|Endless Battle Clause: Forcing endless battles is banned
|rule|Species Clause: Limit one of each Pokémon
|rule|OHKO Clause: OHKO moves are banned
|rule|Evasion Items Clause: Evasion items are banned
|rule|Evasion Moves Clause: Evasion moves are banned
|rule|Evasion Abilities Clause: Evasion abilities are banned
|rule|Sleep Moves Clause: Sleep-inducing moves are banned
|clearpoke
|poke|p1|Cinderace, M|
|poke|p1|Gliscor, M|
|poke|p1|Dragonite, M|
|poke|p1|Slowking-Galar, M|
|poke|p1|Kingambit, M|
|poke|p1|Ninetales-Alola, M|
|poke|p2|Glimmora, F|
|poke|p2|Ogerpon-Wellspring, F|
|poke|p2|Hatterene, F|
|poke|p2|Iron Moth|
|poke|p2|Dragonite, F|
|poke|p2|Kingambit, F|
|teampreview
|c|☆Yajityyy|Gl
|inactive|Battle timer is ON: inactive players will automatically lose when time's up. (requested by Yajityyy)
|
|t:|1757940768
|teamsize|p1|6
|teamsize|p2|6
|start
|switch|p1a: Cinderace|Cinderace, M|100/100
|switch|p2a: The Advocate|Glimmora, F|100/100
|turn|1
|
|t:|1757940779
|move|p1a: Cinderace|High Jump Kick|p2a: The Advocate
|-start|p1a: Cinderace|typechange|Fighting|[from] ability: Libero
|-damage|p2a: The Advocate|36/100
|-activate|p2a: The Advocate|ability: Toxic Debris
|-sidestart|p1: fenderspace|move: Toxic Spikes
|move|p2a: The Advocate|Stealth Rock|p1a: Cinderace
|-sidestart|p1: fenderspace|move: Stealth Rock
|
|upkeep
|turn|2
|
|t:|1757940789
|switch|p2a: Satan|Dragonite, F|100/100
|move|p1a: Cinderace|High Jump Kick|p2a: Satan
|-resisted|p2a: Satan
|-damage|p2a: Satan|86/100
|
|upkeep
|turn|3
|
|t:|1757940798
|move|p1a: Cinderace|Court Change|p1a: Cinderace
|-swapsideconditions
|-activate|p1a: Cinderace|move: Court Change
|move|p2a: Satan|Dragon Dance|p2a: Satan
|-boost|p2a: Satan|atk|1
|-boost|p2a: Satan|spe|1
|
|upkeep
|turn|4
|
|t:|1757940805
|switch|p1a: Gliscor|Gliscor, M|100/100
|move|p2a: Satan|Dragon Dance|p2a: Satan
|-boost|p2a: Satan|atk|1
|-boost|p2a: Satan|spe|1
|
|-status|p1a: Gliscor|tox|[from] item: Toxic Orb
|upkeep
|turn|5
|
|t:|1757940813
|move|p2a: Satan|Ice Spinner|p1a: Gliscor
|-supereffective|p1a: Gliscor
|-damage|p1a: Gliscor|0 fnt
|faint|p1a: Gliscor
|
|upkeep
|
|t:|1757940818
|switch|p1a: Ninetales|Ninetales-Alola, M|100/100
|-weather|Snowscape|[from] ability: Snow Warning|[of] p1a: Ninetales
|turn|6
|
|t:|1757940831
|-terastallize|p2a: Satan|Ghost
|move|p2a: Satan|Earthquake|p1a: Ninetales
|-damage|p1a: Ninetales|35/100
|move|p1a: Ninetales|Blizzard|p2a: Satan
|-damage|p2a: Satan|54/100
|
|-weather|Snowscape|[upkeep]
|upkeep
|turn|7
|
|t:|1757940860
|switch|p1a: Dragonite|Dragonite, M|100/100
|move|p2a: Satan|Earthquake|p1a: Dragonite
|-immune|p1a: Dragonite
|
|-weather|Snowscape|[upkeep]
|upkeep
|turn|8
|inactive|fenderspace has 120 seconds left.
|
|t:|1757940883
|switch|p1a: Ninetales|Ninetales-Alola, M|35/100
|move|p2a: Satan|Ice Spinner|p1a: Ninetales
|-resisted|p1a: Ninetales
|-damage|p1a: Ninetales|9/100
|
|-weather|Snowscape|[upkeep]
|upkeep
|turn|9
|inactive|fenderspace has 120 seconds left.
|
|t:|1757940890
|move|p2a: Satan|Ice Spinner|p1a: Ninetales
|-resisted|p1a: Ninetales
|-damage|p1a: Ninetales|0 fnt
|faint|p1a: Ninetales
|
|-weather|Snowscape|[upkeep]
|upkeep
|
|t:|1757940893
|switch|p1a: Kingambit|Kingambit, M|100/100
|-activate|p1a: Kingambit|ability: Supreme Overlord
|-start|p1a: Kingambit|fallen2|[silent]
|turn|10
|
|t:|1757940900
|move|p1a: Kingambit|Sucker Punch||[still]
|-fail|p1a: Kingambit
|move|p2a: Satan|Dragon Dance|p2a: Satan
|-boost|p2a: Satan|atk|1
|-boost|p2a: Satan|spe|1
|
|-weather|Snowscape|[upkeep]
|upkeep
|turn|11
|
|t:|1757940906
|move|p1a: Kingambit|Sucker Punch||[still]
|-fail|p1a: Kingambit
|move|p2a: Satan|Encore|p1a: Kingambit
|-start|p1a: Kingambit|Encore
|
|-weather|Snowscape|[upkeep]
|upkeep
|turn|12
|
|t:|1757940912
|move|p1a: Kingambit|Sucker Punch||[still]
|-fail|p1a: Kingambit
|move|p2a: Satan|Dragon Dance|p2a: Satan
|-boost|p2a: Satan|atk|1
|-boost|p2a: Satan|spe|1
|
|-weather|Snowscape|[upkeep]
|upkeep
|turn|13
|
|t:|1757940917
|move|p1a: Kingambit|Sucker Punch||[still]
|-fail|p1a: Kingambit
|move|p2a: Satan|Dragon Dance|p2a: Satan
|-boost|p2a: Satan|atk|1
|-boost|p2a: Satan|spe|1
|
|-weather|none
|upkeep
|turn|14
|
|t:|1757940923
|move|p1a: Kingambit|Sucker Punch||[still]
|-fail|p1a: Kingambit
|move|p2a: Satan|Dragon Dance|p2a: Satan
|-boost|p2a: Satan|atk|1
|-boost|p2a: Satan|spe|1
|
|-end|p1a: Kingambit|Encore
|upkeep
|turn|15
|
|t:|1757940929
|move|p1a: Kingambit|Sucker Punch||[still]
|-fail|p1a: Kingambit
|move|p2a: Satan|Encore|p1a: Kingambit
|-start|p1a: Kingambit|Encore
|
|upkeep
|turn|16
|
|t:|1757940935
|move|p1a: Kingambit|Sucker Punch||[still]
|-fail|p1a: Kingambit
|move|p2a: Satan|Dragon Dance|p2a: Satan
|-boost|p2a: Satan|atk|0
|-boost|p2a: Satan|spe|0
|
|upkeep
|turn|17
|
|t:|1757940939
|move|p1a: Kingambit|Sucker Punch||[still]
|-fail|p1a: Kingambit
|move|p2a: Satan|Dragon Dance|p2a: Satan
|-boost|p2a: Satan|atk|0
|-boost|p2a: Satan|spe|0
|
|-end|p1a: Kingambit|Encore
|upkeep
|turn|18
|
|t:|1757940947
|-terastallize|p1a: Kingambit|Ghost
|move|p2a: Satan|Earthquake|p1a: Kingambit
|-crit|p1a: Kingambit
|-damage|p1a: Kingambit|0 fnt
|faint|p1a: Kingambit
|-end|p1a: Kingambit|fallen2|[silent]
|
|upkeep
|
|t:|1757940955
|switch|p1a: Dragonite|Dragonite, M|100/100
|turn|19
|-message|fenderspace forfeited.
|
|win|Yajityyy
|raw|fenderspace's rating: 1393 &rarr; <strong>1374</strong><br />(-19 for losing)
|raw|Yajityyy's rating: 1412 &rarr; <strong>1431</strong><br />(+19 for winning)
|l|☆fenderspace
|player|p1|
