|j|☆litlenova
|j|☆poiscailleuwu
|t:|1757869540
|gametype|singles
|player|p1|litlenova|hugh|1196
|player|p2|poiscailleuwu|willow|1192
|gen|9
|tier|[Gen 9] OU
|rated|
|rule|HP Percentage Mod: HP is shown in percentages
|rule|Endless Battle Clause: Forcing endless battles is banned
|rule|Species Clause: Limit one of each Pokémon
|rule|OHKO Clause: OHKO moves are banned
|rule|Evasion Items Clause: Evasion items are banned
|rule|Evasion Moves Clause: Evasion moves are banned
|rule|Evasion Abilities Clause: Evasion abilities are banned
|rule|Sleep Moves Clause: Sleep-inducing moves are banned
|clearpoke
|poke|p1|Blissey, F|
|poke|p1|Dondozo, F|
|poke|p1|Gliscor, M|
|poke|p1|Toxapex, M|
|poke|p1|Clefable, M|
|poke|p1|Clodsire, M|
|poke|p2|Ogerpon-Wellspring, F|
|poke|p2|Gengar, F|
|poke|p2|Raging Bolt|
|poke|p2|Rillaboom, F|
|poke|p2|Heatran, M|
|poke|p2|Iron Valiant|
|teampreview
|inactive|Battle timer is ON: inactive players will automatically lose when time's up. (requested by poiscailleuwu)
|
|t:|1757869548
|teamsize|p1|6
|teamsize|p2|6
|start
|switch|p1a: Toxapex|Toxapex, M|100/100
|switch|p2a: Iron Valiant|Iron Valiant|100/100
|turn|1
|
|t:|1757869562
|-end|p2a: Iron Valiant|Quark Drive|[silent]
|switch|p2a: Heatran|Heatran, M|100/100
|move|p1a: Toxapex|Toxic|p2a: Heatran
|-immune|p2a: Heatran
|
|upkeep
|turn|2
|
|t:|1757869571
|switch|p1a: Dondozo|Dondozo, F|100/100
|move|p2a: Heatran|Taunt|p1a: Dondozo
|-start|p1a: Dondozo|move: Taunt
|
|upkeep
|turn|3
|
|t:|1757869577
|switch|p2a: Rillaboom|Rillaboom, F|100/100
|-fieldstart|move: Grassy Terrain|[from] ability: Grassy Surge|[of] p2a: Rillaboom
|move|p1a: Dondozo|Waterfall|p2a: Rillaboom
|-resisted|p2a: Rillaboom
|-damage|p2a: Rillaboom|86/100
|
|-heal|p2a: Rillaboom|92/100|[from] Grassy Terrain
|upkeep
|turn|4
|
|t:|1757869589
|switch|p1a: Gliscor|Gliscor, M|100/100
|move|p2a: Rillaboom|Knock Off|p1a: Gliscor
|-damage|p1a: Gliscor|80/100
|-enditem|p1a: Gliscor|Toxic Orb|[from] move: Knock Off|[of] p2a: Rillaboom
|
|-heal|p2a: Rillaboom|98/100|[from] Grassy Terrain
|upkeep
|turn|5
|
|t:|1757869600
|move|p2a: Rillaboom|Swords Dance|p2a: Rillaboom
|-boost|p2a: Rillaboom|atk|2
|move|p1a: Gliscor|Earthquake|p2a: Rillaboom
|-resisted|p2a: Rillaboom
|-damage|p2a: Rillaboom|90/100
|
|-heal|p2a: Rillaboom|96/100|[from] Grassy Terrain
|upkeep
|turn|6
|
|t:|1757869611
|switch|p1a: Toxapex|Toxapex, M|100/100
|move|p2a: Rillaboom|Grassy Glide|p1a: Toxapex
|-damage|p1a: Toxapex|50/100
|
|-heal|p2a: Rillaboom|100/100|[from] Grassy Terrain
|-heal|p1a: Toxapex|56/100|[from] Grassy Terrain
|upkeep
|turn|7
|
|t:|1757869620
|-terastallize|p2a: Rillaboom|Poison
|move|p2a: Rillaboom|Grassy Glide|p1a: Toxapex
|-damage|p1a: Toxapex|9/100
|move|p1a: Toxapex|Poison Jab|p2a: Rillaboom
|-resisted|p2a: Rillaboom
|-damage|p2a: Rillaboom|91/100
|
|-heal|p2a: Rillaboom|97/100|[from] Grassy Terrain
|-heal|p1a: Toxapex|15/100|[from] Grassy Terrain
|-fieldend|move: Grassy Terrain
|upkeep
|turn|8
|
|t:|1757869641
|switch|p1a: Blissey|Blissey, F|100/100
|move|p2a: Rillaboom|Knock Off|p1a: Blissey
|-damage|p1a: Blissey|24/100
|-enditem|p1a: Blissey|Heavy-Duty Boots|[from] move: Knock Off|[of] p2a: Rillaboom
|
|upkeep
|turn|9
|
|t:|1757869651
|switch|p1a: Clefable|Clefable, M|100/100
|move|p2a: Rillaboom|Knock Off|p1a: Clefable
|-resisted|p1a: Clefable
|-damage|p1a: Clefable|75/100
|-enditem|p1a: Clefable|Sticky Barb|[from] move: Knock Off|[of] p2a: Rillaboom
|
|upkeep
|turn|10
|
|t:|1757869663
|switch|p2a: Raging Bolt|Raging Bolt|100/100
|move|p1a: Clefable|Moonblast|p2a: Raging Bolt
|-supereffective|p2a: Raging Bolt
|-damage|p2a: Raging Bolt|51/100
|
|upkeep
|turn|11
|
|t:|1757869670
|move|p2a: Raging Bolt|Thunderbolt|p1a: Clefable
|-damage|p1a: Clefable|23/100
|move|p1a: Clefable|Moonblast|p2a: Raging Bolt
|-supereffective|p2a: Raging Bolt
|-damage|p2a: Raging Bolt|3/100
|
|upkeep
|turn|12
|
|t:|1757869681
|switch|p1a: Clodsire|Clodsire, M|100/100
|move|p2a: Raging Bolt|Tera Blast|p1a: Clodsire
|-damage|p1a: Clodsire|82/100
|
|upkeep
|turn|13
|
|t:|1757869688
|move|p2a: Raging Bolt|Dragon Pulse|p1a: Clodsire
|-damage|p1a: Clodsire|55/100
|move|p1a: Clodsire|Spikes|p2a: Raging Bolt
|-sidestart|p2: poiscailleuwu|Spikes
|
|upkeep
|turn|14
|
|t:|1757869695
|move|p2a: Raging Bolt|Dragon Pulse|p1a: Clodsire
|-damage|p1a: Clodsire|28/100
|move|p1a: Clodsire|Poison Jab|p2a: Raging Bolt
|-damage|p2a: Raging Bolt|0 fnt
|faint|p2a: Raging Bolt
|-end|p2a: Raging Bolt|Protosynthesis|[silent]
|
|upkeep
|
|t:|1757869700
|switch|p2a: Rillaboom|Rillaboom, F, tera:Poison|97/100
|-fieldstart|move: Grassy Terrain|[from] ability: Grassy Surge|[of] p2a: Rillaboom
|turn|15
|
|t:|1757869707
|move|p2a: Rillaboom|Swords Dance|p2a: Rillaboom
|-boost|p2a: Rillaboom|atk|2
|move|p1a: Clodsire|Recover|p1a: Clodsire
|-heal|p1a: Clodsire|78/100
|
|-heal|p2a: Rillaboom|100/100|[from] Grassy Terrain
|-heal|p1a: Clodsire|84/100|[from] Grassy Terrain
|upkeep
|turn|16
|c|☆poiscailleuwu|forgot unaware
|inactive|litlenova has 120 seconds left.
|
|t:|1757869751
|switch|p1a: Toxapex|Toxapex, M|49/100
|move|p2a: Rillaboom|Knock Off|p1a: Toxapex
|-damage|p1a: Toxapex|3/100
|-enditem|p1a: Toxapex|Heavy-Duty Boots|[from] move: Knock Off|[of] p2a: Rillaboom
|
|-heal|p1a: Toxapex|9/100|[from] Grassy Terrain
|upkeep
|turn|17
|
|t:|1757869760
|move|p1a: Toxapex|Baneful Bunker|p1a: Toxapex
|-singleturn|p1a: Toxapex|move: Protect
|move|p2a: Rillaboom|Grassy Glide|p1a: Toxapex
|-activate|p1a: Toxapex|move: Protect
|
|-heal|p1a: Toxapex|15/100|[from] Grassy Terrain
|upkeep
|turn|18
|inactive|litlenova has 120 seconds left.
|
|t:|1757869770
|switch|p1a: Clodsire|Clodsire, M|84/100
|move|p2a: Rillaboom|Swords Dance|p2a: Rillaboom
|-boost|p2a: Rillaboom|atk|2
|
|-heal|p1a: Clodsire|90/100|[from] Grassy Terrain
|upkeep
|turn|19
|inactive|litlenova has 120 seconds left.
|
|t:|1757869780
|move|p2a: Rillaboom|Grassy Glide|p1a: Clodsire
|-crit|p1a: Clodsire
|-damage|p1a: Clodsire|24/100
|move|p1a: Clodsire|Poison Jab|p2a: Rillaboom
|-resisted|p2a: Rillaboom
|-damage|p2a: Rillaboom|90/100
|
|-heal|p2a: Rillaboom|96/100|[from] Grassy Terrain
|-heal|p1a: Clodsire|30/100|[from] Grassy Terrain
|-fieldend|move: Grassy Terrain
|upkeep
|turn|20
|inactive|litlenova has 120 seconds left.
|
|t:|1757869796
|switch|p1a: Blissey|Blissey, F|24/100
|move|p2a: Rillaboom|Knock Off|p1a: Blissey
|-damage|p1a: Blissey|0 fnt
|faint|p1a: Blissey
|
|upkeep
|
|t:|1757869804
|switch|p1a: Clefable|Clefable, M|23/100
|turn|21
|
|t:|1757869808
|move|p2a: Rillaboom|Grassy Glide|p1a: Clefable
|-damage|p1a: Clefable|0 fnt
|faint|p1a: Clefable
|
|upkeep
|inactive|litlenova has 120 seconds left.
|
|t:|1757869814
|switch|p1a: Toxapex|Toxapex, M|49/100
|turn|22
|
|t:|1757869836
|switch|p1a: Clodsire|Clodsire, M|30/100
|move|p2a: Rillaboom|Swords Dance|p2a: Rillaboom
|-boost|p2a: Rillaboom|atk|2
|
|upkeep
|turn|23
|
|t:|1757869843
|move|p2a: Rillaboom|Knock Off|p1a: Clodsire
|-damage|p1a: Clodsire|0 fnt
|-enditem|p1a: Clodsire|Heavy-Duty Boots|[from] move: Knock Off|[of] p2a: Rillaboom
|faint|p1a: Clodsire
|
|upkeep
|
|t:|1757869850
|switch|p1a: Toxapex|Toxapex, M|82/100
|turn|24
|
|t:|1757869853
|switch|p1a: Gliscor|Gliscor, M|80/100
|move|p2a: Rillaboom|Grassy Glide|p1a: Gliscor
|-damage|p1a: Gliscor|12/100
|
|upkeep
|turn|25
|
|t:|1757869861
|move|p1a: Gliscor|Protect|p1a: Gliscor
|-singleturn|p1a: Gliscor|Protect
|move|p2a: Rillaboom|Grassy Glide|p1a: Gliscor
|-activate|p1a: Gliscor|move: Protect
|
|upkeep
|turn|26
|
|t:|1757869871
|move|p2a: Rillaboom|Knock Off|p1a: Gliscor
|-damage|p1a: Gliscor|0 fnt
|faint|p1a: Gliscor
|
|upkeep
|
|t:|1757869896
|switch|p1a: Dondozo|Dondozo, F|100/100
|turn|27
|
|t:|1757869899
|move|p2a: Rillaboom|Grassy Glide|p1a: Dondozo
|-supereffective|p1a: Dondozo
|-damage|p1a: Dondozo|74/100
|move|p1a: Dondozo|Waterfall|p2a: Rillaboom
|-damage|p2a: Rillaboom|68/100
|
|upkeep
|turn|28
|
|t:|1757869907
|move|p2a: Rillaboom|Knock Off|p1a: Dondozo
|-crit|p1a: Dondozo
|-damage|p1a: Dondozo|50/100
|-enditem|p1a: Dondozo|Heavy-Duty Boots|[from] move: Knock Off|[of] p2a: Rillaboom
|move|p1a: Dondozo|Curse|p1a: Dondozo
|-unboost|p1a: Dondozo|spe|1
|-boost|p1a: Dondozo|atk|1
|-boost|p1a: Dondozo|def|1
|
|upkeep
|turn|29
|
|t:|1757869916
|move|p2a: Rillaboom|Drain Punch|p1a: Dondozo
|-damage|p1a: Dondozo|42/100
|-heal|p2a: Rillaboom|74/100|[from] drain|[of] p1a: Dondozo
|move|p1a: Dondozo|Waterfall|p2a: Rillaboom
|-damage|p2a: Rillaboom|34/100
|
|upkeep
|turn|30
|
|t:|1757869924
|move|p2a: Rillaboom|Grassy Glide|p1a: Dondozo
|-supereffective|p1a: Dondozo
|-damage|p1a: Dondozo|23/100
|move|p1a: Dondozo|Waterfall|p2a: Rillaboom
|-damage|p2a: Rillaboom|0 fnt
|faint|p2a: Rillaboom
|
|upkeep
|
|t:|1757869927
|switch|p2a: Gengar|Gengar, F|100/100
|-damage|p2a: Gengar|88/100|[from] Spikes
|turn|31
|
|t:|1757869936
|move|p2a: Gengar|Trick|p1a: Dondozo
|-activate|p2a: Gengar|move: Trick|[of] p1a: Dondozo
|-item|p1a: Dondozo|Choice Scarf|[from] move: Trick
|-enditem|p2a: Gengar|Choice Scarf|[silent]|[from] move: Trick
|move|p1a: Dondozo|Rest|p1a: Dondozo
|-status|p1a: Dondozo|slp|[from] move: Rest
|-heal|p1a: Dondozo|100/100 slp|[silent]
|
|upkeep
|turn|32
|
|t:|1757869944
|switch|p1a: Toxapex|Toxapex, M|100/100
|move|p2a: Gengar|Nasty Plot|p2a: Gengar
|-boost|p2a: Gengar|spa|2
|
|upkeep
|turn|33
|
|t:|1757869952
|move|p2a: Gengar|Nasty Plot|p2a: Gengar
|-boost|p2a: Gengar|spa|2
|move|p1a: Toxapex|Toxic|p2a: Gengar
|-immune|p2a: Gengar
|
|upkeep
|turn|34
|
|t:|1757869960
|switch|p1a: Dondozo|Dondozo, F|100/100 slp
|move|p2a: Gengar|Nasty Plot|p2a: Gengar
|-boost|p2a: Gengar|spa|2
|
|upkeep
|turn|35
|
|t:|1757869966
|move|p2a: Gengar|Sludge Wave|p1a: Dondozo
|-damage|p1a: Dondozo|55/100 slp
|cant|p1a: Dondozo|slp
|move|p1a: Dondozo|Sleep Talk|p1a: Dondozo
|move|p1a: Dondozo|Waterfall|p2a: Gengar|[from] move: Sleep Talk
|-damage|p2a: Gengar|36/100
|
|upkeep
|turn|36
|
|t:|1757869976
|move|p2a: Gengar|Sludge Wave|p1a: Dondozo
|-damage|p1a: Dondozo|11/100 slp
|cant|p1a: Dondozo|slp
|move|p1a: Dondozo|Sleep Talk|p1a: Dondozo
|move|p1a: Dondozo|Waterfall|p2a: Gengar|[from] move: Sleep Talk
|-damage|p2a: Gengar|0 fnt
|faint|p2a: Gengar
|
|upkeep
|
|t:|1757869978
|switch|p2a: Ogerpon|Ogerpon-Wellspring, F|100/100
|-damage|p2a: Ogerpon|88/100|[from] Spikes
|turn|37
|
|t:|1757869991
|switch|p1a: Toxapex|Toxapex, M|100/100
|move|p2a: Ogerpon|Horn Leech|p1a: Toxapex
|-damage|p1a: Toxapex|76/100
|-heal|p2a: Ogerpon|100/100|[from] drain|[of] p1a: Toxapex
|
|upkeep
|turn|38
|
|t:|1757869998
|switch|p2a: Heatran|Heatran, M|100/100
|-damage|p2a: Heatran|88/100|[from] Spikes
|move|p1a: Toxapex|Toxic|p2a: Heatran
|-immune|p2a: Heatran
|
|-heal|p2a: Heatran|94/100|[from] item: Leftovers
|upkeep
|turn|39
|
|t:|1757870007
|move|p2a: Heatran|Earth Power|p1a: Toxapex
|-supereffective|p1a: Toxapex
|-damage|p1a: Toxapex|35/100
|move|p1a: Toxapex|Toxic Spikes|p2a: Heatran
|-sidestart|p2: poiscailleuwu|move: Toxic Spikes
|
|-heal|p2a: Heatran|100/100|[from] item: Leftovers
|upkeep
|turn|40
|
|t:|1757870017
|switch|p1a: Dondozo|Dondozo, F|11/100 slp
|move|p2a: Heatran|Taunt|p1a: Dondozo
|-start|p1a: Dondozo|move: Taunt
|
|upkeep
|turn|41
|
|t:|1757870024
|move|p2a: Heatran|Earth Power|p1a: Dondozo
|-damage|p1a: Dondozo|0 fnt
|faint|p1a: Dondozo
|
|upkeep
|
|t:|1757870029
|switch|p1a: Toxapex|Toxapex, M|69/100
|turn|42
|
|t:|1757870033
|move|p2a: Heatran|Taunt|p1a: Toxapex
|-start|p1a: Toxapex|move: Taunt
|move|p1a: Toxapex|Poison Jab|p2a: Heatran
|-immune|p2a: Heatran
|
|upkeep
|turn|43
|
|t:|1757870041
|-terastallize|p1a: Toxapex|Steel
|move|p2a: Heatran|Earth Power|p1a: Toxapex
|-supereffective|p1a: Toxapex
|-damage|p1a: Toxapex|23/100
|move|p1a: Toxapex|Poison Jab|p2a: Heatran
|-immune|p2a: Heatran
|
|upkeep
|turn|44
|
|t:|1757870052
|move|p2a: Heatran|Lava Plume|p1a: Toxapex
|-supereffective|p1a: Toxapex
|-damage|p1a: Toxapex|0 fnt
|faint|p1a: Toxapex
|
|win|poiscailleuwu
|raw|litlenova's rating: 1196 &rarr; <strong>1171</strong><br />(-25 for losing)
|raw|poiscailleuwu's rating: 1192 &rarr; <strong>1217</strong><br />(+25 for winning)
