|j|☆WYH666
|j|☆monstermixmuffin
|t:|1757833664
|gametype|singles
|player|p1|WYH666|fisherman-gen4|1385
|player|p2|monstermixmuffin|hanbei-conquest|1354
|gen|9
|tier|[Gen 9] OU
|rated|
|rule|HP Percentage Mod: HP is shown in percentages
|rule|Endless Battle Clause: Forcing endless battles is banned
|rule|Species Clause: Limit one of each Pokémon
|rule|OHKO Clause: OHKO moves are banned
|rule|Evasion Items Clause: Evasion items are banned
|rule|Evasion Moves Clause: Evasion moves are banned
|rule|Evasion Abilities Clause: Evasion abilities are banned
|rule|Sleep Moves Clause: Sleep-inducing moves are banned
|clearpoke
|poke|p1|Great Tusk|
|poke|p1|Heatran, M|
|poke|p1|Weavile, M|
|poke|p1|Primarina, M|
|poke|p1|Ogerpon, F|
|poke|p1|Pecharunt|
|poke|p2|Walking Wake|
|poke|p2|Meowscarada, F|
|poke|p2|Samurott-Hisui, M|
|poke|p2|Great Tusk|
|poke|p2|Torkoal, M|
|poke|p2|Camerupt, M|
|teampreview
|
|t:|1757833676
|teamsize|p1|6
|teamsize|p2|6
|start
|switch|p1a: Chaos|Heatran, M, shiny|100/100
|switch|p2a: Shelly|Meowscarada, F|100/100
|-item|p1a: Chaos|Air Balloon
|turn|1
|
|t:|1757833684
|move|p2a: Shelly|U-turn|p1a: Chaos
|-start|p2a: Shelly|typechange|Bug|[from] ability: Protean
|-resisted|p1a: Chaos
|-damage|p1a: Chaos|92/100
|-enditem|p1a: Chaos|Air Balloon
|
|t:|1757833686
|switch|p2a: Maxie|Camerupt, M, shiny|100/100|[from] U-turn
|move|p1a: Chaos|Stealth Rock|p2a: Maxie
|-sidestart|p2: monstermixmuffin|move: Stealth Rock
|
|upkeep
|turn|2
|
|t:|1757833695
|switch|p1a: Celestine|Primarina, M, shiny|100/100
|move|p2a: Maxie|Earthquake|p1a: Celestine
|-damage|p1a: Celestine|46/100
|
|upkeep
|turn|3
|
|t:|1757833707
|switch|p2a: Archie|Samurott-Hisui, M|100/100
|-damage|p2a: Archie|88/100|[from] Stealth Rock
|move|p1a: Celestine|Whirlpool|p2a: Archie
|-resisted|p2a: Archie
|-damage|p2a: Archie|73/100
|-activate|p2a: Archie|move: Whirlpool|[of] p1a: Celestine
|
|-damage|p2a: Archie|61/100|[from] move: Whirlpool|[partiallytrapped]
|upkeep
|turn|4
|
|t:|1757833715
|move|p2a: Archie|Ceaseless Edge|p1a: Celestine
|-resisted|p1a: Celestine
|-damage|p1a: Celestine|21/100
|-sidestart|p1: WYH666|Spikes
|move|p1a: Celestine|Moonblast|p2a: Archie
|-supereffective|p2a: Archie
|-damage|p2a: Archie|0 fnt
|faint|p2a: Archie
|
|upkeep
|
|t:|1757833719
|switch|p2a: Courtney|Great Tusk|100/100
|turn|5
|
|t:|1757833730
|move|p2a: Courtney|Headlong Rush|p1a: Celestine
|-damage|p1a: Celestine|0 fnt
|-unboost|p2a: Courtney|def|1
|-unboost|p2a: Courtney|spd|1
|faint|p1a: Celestine
|
|upkeep
|
|t:|1757833737
|switch|p1a: Bandit|Weavile, M, shiny|100/100
|-damage|p1a: Bandit|88/100|[from] Spikes
|-ability|p1a: Bandit|Pressure
|turn|6
|
|t:|1757833744
|-end|p2a: Courtney|Protosynthesis|[silent]
|switch|p2a: Tabitha|Torkoal, M|100/100
|-damage|p2a: Tabitha|76/100|[from] Stealth Rock
|-weather|SunnyDay|[from] ability: Drought|[of] p2a: Tabitha
|move|p1a: Bandit|Triple Axel|p2a: Tabitha
|-resisted|p2a: Tabitha
|-damage|p2a: Tabitha|72/100
|-resisted|p2a: Tabitha
|-damage|p2a: Tabitha|63/100
|-resisted|p2a: Tabitha
|-damage|p2a: Tabitha|52/100
|-hitcount|p2a: Tabitha|3
|
|-weather|SunnyDay|[upkeep]
|upkeep
|turn|7
|
|t:|1757833761
|switch|p1a: Chaos|Heatran, M, shiny|92/100
|-damage|p1a: Chaos|80/100|[from] Spikes
|move|p2a: Tabitha|Stealth Rock|p1a: Chaos
|-sidestart|p1: WYH666|move: Stealth Rock
|
|-weather|SunnyDay|[upkeep]
|upkeep
|turn|8
|
|t:|1757833780
|switch|p2a: Maxie|Camerupt, M, shiny|100/100
|-damage|p2a: Maxie|88/100|[from] Stealth Rock
|move|p1a: Chaos|Earth Power|p2a: Maxie
|-supereffective|p2a: Maxie
|-damage|p2a: Maxie|52/100
|
|-weather|SunnyDay|[upkeep]
|upkeep
|turn|9
|
|t:|1757833797
|switch|p1a: Behemoth|Great Tusk, shiny|100/100
|-activate|p1a: Behemoth|ability: Protosynthesis
|-start|p1a: Behemoth|protosynthesisatk
|move|p2a: Maxie|Earthquake|p1a: Behemoth
|-damage|p1a: Behemoth|67/100
|
|-weather|SunnyDay|[upkeep]
|upkeep
|turn|10
|
|t:|1757833806
|move|p1a: Behemoth|Rapid Spin|p2a: Maxie
|-damage|p2a: Maxie|21/100
|-boost|p1a: Behemoth|spe|1
|-sideend|p1: WYH666|Spikes|[from] move: Rapid Spin|[of] p1a: Behemoth
|-sideend|p1: WYH666|Stealth Rock|[from] move: Rapid Spin|[of] p1a: Behemoth
|move|p2a: Maxie|Flare Blitz|p1a: Behemoth
|-damage|p1a: Behemoth|4/100
|-status|p1a: Behemoth|brn
|-damage|p2a: Maxie|0 fnt|[from] Recoil
|faint|p2a: Maxie
|
|-weather|SunnyDay|[upkeep]
|-damage|p1a: Behemoth|0 fnt|[from] brn
|faint|p1a: Behemoth
|-end|p1a: Behemoth|Protosynthesis|[silent]
|upkeep
|
|t:|1757833825
|switch|p1a: Anonymous|Ogerpon, F|100/100
|switch|p2a: Courtney|Great Tusk|100/100
|-activate|p2a: Courtney|ability: Protosynthesis
|-start|p2a: Courtney|protosynthesisatk
|turn|11
|
|t:|1757833832
|-terastallize|p2a: Courtney|Steel
|move|p1a: Anonymous|Ivy Cudgel|p2a: Courtney
|-resisted|p2a: Courtney
|-damage|p2a: Courtney|76/100
|move|p2a: Courtney|Rapid Spin|p1a: Anonymous
|-damage|p1a: Anonymous|71/100
|-boost|p2a: Courtney|spe|1
|-sideend|p2: monstermixmuffin|Stealth Rock|[from] move: Rapid Spin|[of] p2a: Courtney
|
|-weather|SunnyDay|[upkeep]
|upkeep
|turn|12
|
|t:|1757833841
|switch|p1a: Overseer|Pecharunt|100/100
|move|p2a: Courtney|Ice Spinner|p1a: Overseer
|-damage|p1a: Overseer|83/100
|-damage|p2a: Courtney|59/100|[from] item: Rocky Helmet|[of] p1a: Overseer
|
|-weather|SunnyDay|[upkeep]
|upkeep
|turn|13
|
|t:|1757833850
|-terastallize|p1a: Overseer|Ghost
|move|p2a: Courtney|Headlong Rush|p1a: Overseer
|-damage|p1a: Overseer|46/100
|-unboost|p2a: Courtney|def|1
|-unboost|p2a: Courtney|spd|1
|-damage|p2a: Courtney|43/100|[from] item: Rocky Helmet|[of] p1a: Overseer
|move|p1a: Overseer|Malignant Chain|p2a: Courtney
|-immune|p2a: Courtney
|
|-weather|none
|-end|p2a: Courtney|Protosynthesis
|upkeep
|turn|14
|
|t:|1757833861
|move|p2a: Courtney|Headlong Rush|p1a: Overseer
|-damage|p1a: Overseer|16/100
|-unboost|p2a: Courtney|def|1
|-unboost|p2a: Courtney|spd|1
|-damage|p2a: Courtney|26/100|[from] item: Rocky Helmet|[of] p1a: Overseer
|move|p1a: Overseer|Recover|p1a: Overseer
|-heal|p1a: Overseer|66/100
|
|upkeep
|turn|15
|
|t:|1757833871
|-end|p2a: Courtney|Protosynthesis|[silent]
|switch|p2a: Shelly|Meowscarada, F|100/100
|move|p1a: Overseer|Recover|p1a: Overseer
|-heal|p1a: Overseer|100/100
|
|upkeep
|turn|16
|
|t:|1757833877
|switch|p1a: Bandit|Weavile, M, shiny|88/100
|-ability|p1a: Bandit|Pressure
|move|p2a: Shelly|Knock Off|p1a: Bandit
|-start|p2a: Shelly|typechange|Dark|[from] ability: Protean
|-resisted|p1a: Bandit
|-damage|p1a: Bandit|50/100
|-enditem|p1a: Bandit|Choice Band|[from] move: Knock Off|[of] p2a: Shelly
|
|upkeep
|turn|17
|
|t:|1757833888
|switch|p2a: Tabitha|Torkoal, M|52/100
|-weather|SunnyDay|[from] ability: Drought|[of] p2a: Tabitha
|move|p1a: Bandit|Triple Axel|p2a: Tabitha
|-resisted|p2a: Tabitha
|-damage|p2a: Tabitha|48/100
|-resisted|p2a: Tabitha
|-damage|p2a: Tabitha|43/100
|-resisted|p2a: Tabitha
|-damage|p2a: Tabitha|34/100
|-hitcount|p2a: Tabitha|3
|
|-weather|SunnyDay|[upkeep]
|upkeep
|turn|18
|
|t:|1757833901
|move|p1a: Bandit|Knock Off|p2a: Tabitha
|-damage|p2a: Tabitha|8/100
|-enditem|p2a: Tabitha|Heat Rock|[from] move: Knock Off|[of] p1a: Bandit
|move|p2a: Tabitha|Body Press|p1a: Bandit
|-supereffective|p1a: Bandit
|-damage|p1a: Bandit|0 fnt
|faint|p1a: Bandit
|
|-weather|SunnyDay|[upkeep]
|upkeep
|
|t:|1757833911
|switch|p1a: Anonymous|Ogerpon, F|71/100
|turn|19
|
|t:|1757833918
|move|p1a: Anonymous|Ivy Cudgel|p2a: Tabitha
|-resisted|p2a: Tabitha
|-damage|p2a: Tabitha|0 fnt
|faint|p2a: Tabitha
|
|-weather|SunnyDay|[upkeep]
|upkeep
|
|t:|1757833931
|switch|p2a: Shelly|Meowscarada, F|100/100
|turn|20
|
|t:|1757833937
|switch|p1a: Overseer|Pecharunt, tera:Ghost|100/100
|move|p2a: Shelly|U-turn|p1a: Overseer
|-start|p2a: Shelly|typechange|Bug|[from] ability: Protean
|-resisted|p1a: Overseer
|-damage|p1a: Overseer|93/100
|-damage|p2a: Shelly|84/100|[from] item: Rocky Helmet|[of] p1a: Overseer
|
|t:|1757833940
|switch|p2a: Matt|Walking Wake|100/100|[from] U-turn
|-activate|p2a: Matt|ability: Protosynthesis
|-start|p2a: Matt|protosynthesisspe
|
|-weather|SunnyDay|[upkeep]
|upkeep
|turn|21
|
|t:|1757833950
|move|p2a: Matt|Hydro Steam|p1a: Overseer
|-damage|p1a: Overseer|0 fnt
|faint|p1a: Overseer
|
|-weather|SunnyDay|[upkeep]
|upkeep
|
|t:|1757833956
|switch|p1a: Anonymous|Ogerpon, F|71/100
|turn|22
|
|t:|1757833959
|move|p2a: Matt|Hydro Steam|p1a: Anonymous
|-resisted|p1a: Anonymous
|-damage|p1a: Anonymous|17/100
|move|p1a: Anonymous|Ivy Cudgel|p2a: Matt
|-damage|p2a: Matt|24/100
|
|-weather|SunnyDay|[upkeep]
|upkeep
|turn|23
|
|t:|1757833967
|move|p2a: Matt|Hydro Steam|p1a: Anonymous
|-resisted|p1a: Anonymous
|-damage|p1a: Anonymous|0 fnt
|faint|p1a: Anonymous
|
|-weather|SunnyDay|[upkeep]
|upkeep
|c|☆monstermixmuffin|gg
|
|t:|1757833972
|switch|p1a: Chaos|Heatran, M, shiny|80/100
|turn|24
|
|t:|1757833976
|move|p2a: Matt|Hydro Steam|p1a: Chaos
|-supereffective|p1a: Chaos
|-damage|p1a: Chaos|0 fnt
|faint|p1a: Chaos
|
|win|monstermixmuffin
|raw|WYH666's rating: 1385 &rarr; <strong>1363</strong><br />(-22 for losing)
|raw|monstermixmuffin's rating: 1354 &rarr; <strong>1376</strong><br />(+22 for winning)
|l|☆monstermixmuffin
|player|p2|
|l|☆WYH666
|player|p1|
