|j|☆pastagirl !!
|j|☆bellaisbad
|t:|1757925504
|gametype|singles
|player|p1|pastagirl !!|elesa|1677
|player|p2|bellaisbad|miku-fairy|1723
|gen|9
|tier|[Gen 9] OU
|rated|
|rule|HP Percentage Mod: HP is shown in percentages
|rule|Endless Battle Clause: Forcing endless battles is banned
|rule|Species Clause: Limit one of each Pokémon
|rule|OHKO Clause: OHKO moves are banned
|rule|Evasion Items Clause: Evasion items are banned
|rule|Evasion Moves Clause: Evasion moves are banned
|rule|Evasion Abilities Clause: Evasion abilities are banned
|rule|Sleep Moves Clause: Sleep-inducing moves are banned
|clearpoke
|poke|p1|Cresselia, F|
|poke|p1|Hatterene, F|
|poke|p1|Porygon2|
|poke|p1|Ursaluna, F|
|poke|p1|Iron Hands|
|poke|p1|Torkoal, M|
|poke|p2|Kyurem|
|poke|p2|Corviknight, M|
|poke|p2|Ting-Lu|
|poke|p2|Suicune|
|poke|p2|Slowking-Galar, M|
|poke|p2|Cinderace, M|
|teampreview
|c|☆bellaisbad|glhf
|c|☆pastagirl !!|no u
|c|☆bellaisbad|bwaa ty
|j| nuzlockingpikachu
|
|t:|1757925561
|teamsize|p1|6
|teamsize|p2|6
|start
|switch|p1a: BLUE VELVET|Hatterene, F|100/100
|switch|p2a: Suicune|Suicune|100/100
|-ability|p2a: Suicune|Pressure
|turn|1
|
|t:|1757925572
|move|p2a: Suicune|Substitute|p2a: Suicune
|-start|p2a: Suicune|Substitute
|-damage|p2a: Suicune|75/100
|move|p1a: BLUE VELVET|Trick Room|p1a: BLUE VELVET
|-fieldstart|move: Trick Room|[of] p1a: BLUE VELVET
|
|-heal|p2a: Suicune|82/100|[from] item: Leftovers
|upkeep
|turn|2
|
|t:|1757925575
|move|p2a: Suicune|Protect|p2a: Suicune
|-singleturn|p2a: Suicune|Protect
|move|p1a: BLUE VELVET|Psychic Noise|p2a: Suicune
|-activate|p2a: Suicune|move: Protect
|
|-heal|p2a: Suicune|88/100|[from] item: Leftovers
|upkeep
|turn|3
|
|t:|1757925585
|switch|p2a: Slowking|Slowking-Galar, M|100/100
|move|p1a: BLUE VELVET|Psychic Noise|p2a: Slowking
|-damage|p2a: Slowking|81/100
|-start|p2a: Slowking|move: Heal Block
|
|upkeep
|turn|4
|
|t:|1757925588
|switch|p1a: LOST HIGHWAY|Ursaluna, F|100/100
|-prepare|p2a: Slowking|Chilly Reception|[premajor]
|move|p2a: Slowking|Chilly Reception|p2a: Slowking
|-weather|Snowscape
|
|t:|1757925595
|switch|p2a: Kyurem|Kyurem|100/100|[from] Chilly Reception
|-ability|p2a: Kyurem|Pressure
|
|-weather|Snowscape|[upkeep]
|-status|p1a: LOST HIGHWAY|brn|[from] item: Flame Orb
|upkeep
|turn|5
|
|t:|1757925601
|move|p2a: Kyurem|Protect|p2a: Kyurem
|-singleturn|p2a: Kyurem|Protect
|move|p1a: LOST HIGHWAY|Facade|p2a: Kyurem
|-activate|p2a: Kyurem|move: Protect
|
|-weather|Snowscape|[upkeep]
|-damage|p1a: LOST HIGHWAY|94/100 brn|[from] brn
|-fieldend|move: Trick Room
|upkeep
|turn|6
|
|t:|1757925617
|switch|p1a: BLUE VELVET|Hatterene, F|100/100
|move|p2a: Kyurem|Freeze-Dry|p1a: BLUE VELVET
|-damage|p1a: BLUE VELVET|62/100
|
|-weather|Snowscape|[upkeep]
|upkeep
|turn|7
|
|t:|1757925630
|move|p2a: Kyurem|Substitute|p2a: Kyurem
|-start|p2a: Kyurem|Substitute
|-damage|p2a: Kyurem|75/100
|move|p1a: BLUE VELVET|Mystical Fire|p2a: Kyurem
|-crit|p2a: Kyurem
|-end|p2a: Kyurem|Substitute
|
|-weather|Snowscape|[upkeep]
|-heal|p2a: Kyurem|82/100|[from] item: Leftovers
|upkeep
|turn|8
|
|t:|1757925639
|move|p2a: Kyurem|Freeze-Dry|p1a: BLUE VELVET
|-damage|p1a: BLUE VELVET|25/100
|move|p1a: BLUE VELVET|Trick Room|p1a: BLUE VELVET
|-fieldstart|move: Trick Room|[of] p1a: BLUE VELVET
|
|-weather|none
|-heal|p2a: Kyurem|88/100|[from] item: Leftovers
|upkeep
|turn|9
|
|t:|1757925645
|move|p1a: BLUE VELVET|Healing Wish|p1a: BLUE VELVET
|faint|p1a: BLUE VELVET
|move|p2a: Kyurem|Substitute|p2a: Kyurem
|-start|p2a: Kyurem|Substitute
|-damage|p2a: Kyurem|63/100
|
|-heal|p2a: Kyurem|69/100|[from] item: Leftovers
|upkeep
|j| cris peacock
|
|t:|1757925650
|switch|p1a: WILD AT HEART|Cresselia, F|100/100
|turn|10
|
|t:|1757925653
|-terastallize|p1a: WILD AT HEART|Steel
|move|p2a: Kyurem|Protect|p2a: Kyurem
|-singleturn|p2a: Kyurem|Protect
|move|p1a: WILD AT HEART|Calm Mind|p1a: WILD AT HEART
|-boost|p1a: WILD AT HEART|spa|1
|-boost|p1a: WILD AT HEART|spd|1
|
|-heal|p2a: Kyurem|75/100|[from] item: Leftovers
|upkeep
|turn|11
|
|t:|1757925665
|switch|p2a: Corviknight|Corviknight, M|100/100
|-ability|p2a: Corviknight|Pressure
|move|p1a: WILD AT HEART|Calm Mind|p1a: WILD AT HEART
|-boost|p1a: WILD AT HEART|spa|1
|-boost|p1a: WILD AT HEART|spd|1
|
|upkeep
|turn|12
|
|t:|1757925668
|move|p2a: Corviknight|Iron Defense|p2a: Corviknight
|-boost|p2a: Corviknight|def|2
|move|p1a: WILD AT HEART|Calm Mind|p1a: WILD AT HEART
|-boost|p1a: WILD AT HEART|spa|1
|-boost|p1a: WILD AT HEART|spd|1
|
|-fieldend|move: Trick Room
|upkeep
|turn|13
|
|t:|1757925671
|move|p1a: WILD AT HEART|Calm Mind|p1a: WILD AT HEART
|-boost|p1a: WILD AT HEART|spa|1
|-boost|p1a: WILD AT HEART|spd|1
|move|p2a: Corviknight|Iron Defense|p2a: Corviknight
|-boost|p2a: Corviknight|def|2
|
|upkeep
|turn|14
|
|t:|1757925673
|move|p1a: WILD AT HEART|Calm Mind|p1a: WILD AT HEART
|-boost|p1a: WILD AT HEART|spa|1
|-boost|p1a: WILD AT HEART|spd|1
|move|p2a: Corviknight|Body Press|p1a: WILD AT HEART
|-supereffective|p1a: WILD AT HEART
|-damage|p1a: WILD AT HEART|21/100
|
|-heal|p1a: WILD AT HEART|27/100|[from] item: Leftovers
|upkeep
|turn|15
|c|☆pastagirl !!|yea i can never beat this team lol
|j| inspector bush
|c|☆pastagirl !!|gg
|c|☆bellaisbad|ggs wp
|
|t:|1757925693
|move|p1a: WILD AT HEART|Moonblast|p2a: Corviknight
|-resisted|p2a: Corviknight
|-damage|p2a: Corviknight|70/100
|-unboost|p2a: Corviknight|spa|1
|move|p2a: Corviknight|Body Press|p1a: WILD AT HEART
|-supereffective|p1a: WILD AT HEART
|-damage|p1a: WILD AT HEART|0 fnt
|faint|p1a: WILD AT HEART
|
|upkeep
|c|☆bellaisbad|i literally
|c|☆bellaisbad|just got clapped by blim before this XD
|c|☆pastagirl !!|lmfao
|c|☆bellaisbad|i used a random variant with a hoopa tho
|-message|pastagirl !! forfeited.
|
|win|bellaisbad
|raw|pastagirl !!'s rating: 1677 &rarr; <strong>1660</strong><br />(-17 for losing)
|raw|bellaisbad's rating: 1723 &rarr; <strong>1740</strong><br />(+17 for winning)
|c|☆bellaisbad|oshoot ggs
|c|☆bellaisbad|ima try to build trick room again
|l| inspector bush
|c|☆bellaisbad|gl cheers
|l|☆bellaisbad
|player|p2|
