|j|☆d00d guy
|j|☆Spacecowboy98
|t:|1757954306
|gametype|singles
|player|p1|d00d guy|brock|1335
|player|p2|Spacecowboy98|riley|1388
|gen|9
|tier|[Gen 9] OU
|rated|
|rule|HP Percentage Mod: HP is shown in percentages
|rule|Endless Battle Clause: Forcing endless battles is banned
|rule|Species Clause: Limit one of each Pokémon
|rule|OHKO Clause: OHKO moves are banned
|rule|Evasion Items Clause: Evasion items are banned
|rule|Evasion Moves Clause: Evasion moves are banned
|rule|Evasion Abilities Clause: Evasion abilities are banned
|rule|Sleep Moves Clause: Sleep-inducing moves are banned
|clearpoke
|poke|p1|Tornadus, M|
|poke|p1|Toxtricity, M|
|poke|p1|Iron Valiant|
|poke|p1|Arcanine-Hisui, M|
|poke|p1|Brambleghast, M|
|poke|p1|Hydreigon, M|
|poke|p2|Heatran, F|
|poke|p2|Araquanid, F|
|poke|p2|Kyurem|
|poke|p2|Alomomola, M|
|poke|p2|Great Tusk|
|poke|p2|Dudunsparce-*, F|
|teampreview
|c|☆Spacecowboy98|Nice team
|
|t:|1757954321
|teamsize|p1|6
|teamsize|p2|6
|start
|switch|p1a: Tornadus|Tornadus, M, shiny|100/100
|switch|p2a: Heatran|Heatran, F|100/100
|turn|1
|inactive|Battle timer is ON: inactive players will automatically lose when time's up. (requested by Spacecowboy98)
|c|☆d00d guy|thanxs
|
|t:|1757954333
|move|p1a: Tornadus|Tailwind|p1a: Tornadus
|-sidestart|p1: d00d guy|move: Tailwind
|move|p2a: Heatran|Magma Storm|p1a: Tornadus
|-damage|p1a: Tornadus|0 fnt
|faint|p1a: Tornadus
|
|upkeep
|
|t:|1757954348
|switch|p1a: Toxtricity|Toxtricity, M, shiny|100/100
|turn|2
|
|t:|1757954352
|move|p1a: Toxtricity|Volt Switch|p2a: Heatran
|-damage|p2a: Heatran|45/100
|
|t:|1757954358
|switch|p1a: Hydreigon|Hydreigon, M, shiny|100/100|[from] Volt Switch
|move|p2a: Heatran|Magma Storm|p1a: Hydreigon
|-resisted|p1a: Hydreigon
|-damage|p1a: Hydreigon|57/100
|-activate|p1a: Hydreigon|move: Magma Storm|[of] p2a: Heatran
|
|-damage|p1a: Hydreigon|45/100|[from] move: Magma Storm|[partiallytrapped]
|upkeep
|turn|3
|
|t:|1757954367
|switch|p2a: Great Tusk|Great Tusk|100/100
|move|p1a: Hydreigon|Stealth Rock|p2a: Great Tusk
|-sidestart|p2: Spacecowboy98|move: Stealth Rock
|
|-end|p1a: Hydreigon|Magma Storm|[partiallytrapped]|[silent]
|upkeep
|turn|4
|
|t:|1757954373
|switch|p1a: Brambleghast|Brambleghast, M, shiny|100/100
|-ability|p1a: Brambleghast|Wind Rider|boost
|-boost|p1a: Brambleghast|atk|1
|move|p2a: Great Tusk|Close Combat|p1a: Brambleghast
|-immune|p1a: Brambleghast
|
|-sideend|p1: d00d guy|move: Tailwind
|upkeep
|turn|5
|inactive|Spacecowboy98 has 120 seconds left.
|
|t:|1757954409
|-end|p2a: Great Tusk|Protosynthesis|[silent]
|switch|p2a: Kyurem|Kyurem|100/100
|-damage|p2a: Kyurem|76/100|[from] Stealth Rock
|-ability|p2a: Kyurem|Pressure
|move|p1a: Brambleghast|Rapid Spin|p2a: Kyurem
|-damage|p2a: Kyurem|41/100
|-boost|p1a: Brambleghast|spe|1
|-damage|p1a: Brambleghast|91/100|[from] item: Life Orb
|
|upkeep
|turn|6
|inactive|Spacecowboy98 has 120 seconds left.
|
|t:|1757954437
|switch|p2a: Heatran|Heatran, F|45/100
|-damage|p2a: Heatran|32/100|[from] Stealth Rock
|move|p1a: Brambleghast|Poltergeist|p2a: Heatran|[miss]
|-miss|p1a: Brambleghast|p2a: Heatran
|
|upkeep
|turn|7
|inactive|d00d guy has 120 seconds left.
|inactive|d00d guy has 90 seconds left.
|
|t:|1757954501
|move|p1a: Brambleghast|Poltergeist|p2a: Heatran
|-activate|p2a: Heatran|move: Poltergeist|Choice Specs
|-damage|p2a: Heatran|0 fnt
|faint|p2a: Heatran
|-damage|p1a: Brambleghast|81/100|[from] item: Life Orb
|
|upkeep
|
|t:|1757954506
|switch|p2a: Kyurem|Kyurem|41/100
|-damage|p2a: Kyurem|16/100|[from] Stealth Rock
|-ability|p2a: Kyurem|Pressure
|turn|8
|inactive|d00d guy has 90 seconds left.
|inactive|d00d guy has 60 seconds left.
|inactive|Spacecowboy98 has 120 seconds left.
|-enditem|p2a: Kyurem|Custap Berry|[eat]
|-activate|p2a: Kyurem|item: Custap Berry|[consumed]
|
|t:|1757954574
|move|p2a: Kyurem|Freeze-Dry|p1a: Brambleghast
|-supereffective|p1a: Brambleghast
|-damage|p1a: Brambleghast|0 fnt
|faint|p1a: Brambleghast
|
|upkeep
|inactive|d00d guy has 30 seconds left.
|
|t:|1757954586
|switch|p1a: Arcanine|Arcanine-Hisui, M, shiny|100/100
|turn|9
|
|t:|1757954593
|move|p1a: Arcanine|Extreme Speed|p2a: Kyurem
|-damage|p2a: Kyurem|0 fnt
|faint|p2a: Kyurem
|
|upkeep
|
|t:|1757954596
|switch|p2a: Araquanid|Araquanid, F|100/100
|-damage|p2a: Araquanid|76/100|[from] Stealth Rock
|turn|10
|
|t:|1757954621
|switch|p1a: Hydreigon|Hydreigon, M, shiny|45/100
|-terastallize|p2a: Araquanid|Ground
|move|p2a: Araquanid|Liquidation|p1a: Hydreigon
|-resisted|p1a: Hydreigon
|-damage|p1a: Hydreigon|0 fnt
|faint|p1a: Hydreigon
|
|upkeep
|
|t:|1757954628
|switch|p1a: Iron Valiant|Iron Valiant, shiny|100/100
|turn|11
|
|t:|1757954631
|move|p1a: Iron Valiant|Moonblast|p2a: Araquanid
|-damage|p2a: Araquanid|18/100
|move|p2a: Araquanid|Liquidation|p1a: Iron Valiant
|-damage|p1a: Iron Valiant|0 fnt
|faint|p1a: Iron Valiant
|-end|p1a: Iron Valiant|Quark Drive|[silent]
|
|upkeep
|
|t:|1757954636
|switch|p1a: Arcanine|Arcanine-Hisui, M, shiny|100/100
|turn|12
|
|t:|1757954641
|switch|p2a: Alomomola|Alomomola, M|100/100
|-damage|p2a: Alomomola|88/100|[from] Stealth Rock
|move|p1a: Arcanine|Extreme Speed|p2a: Alomomola
|-damage|p2a: Alomomola|68/100
|-damage|p1a: Arcanine|84/100|[from] item: Rocky Helmet|[of] p2a: Alomomola
|
|upkeep
|turn|13
|
|t:|1757954644
|switch|p1a: Toxtricity|Toxtricity, M, shiny|100/100
|move|p2a: Alomomola|Wish|p2a: Alomomola
|
|upkeep
|turn|14
|
|t:|1757954652
|switch|p2a: Great Tusk|Great Tusk|100/100
|-damage|p2a: Great Tusk|98/100|[from] Stealth Rock
|move|p1a: Toxtricity|Boomburst|p2a: Great Tusk
|-damage|p2a: Great Tusk|24/100
|
|-heal|p2a: Great Tusk|86/100|[from] move: Wish|[wisher] Alomomola
|upkeep
|turn|15
|
|t:|1757954661
|-terastallize|p1a: Toxtricity|Normal
|move|p1a: Toxtricity|Boomburst|p2a: Great Tusk
|-damage|p2a: Great Tusk|0 fnt
|faint|p2a: Great Tusk
|-end|p2a: Great Tusk|Protosynthesis|[silent]
|
|upkeep
|
|t:|1757954666
|switch|p2a: Dudunsparce|Dudunsparce, F|100/100
|-damage|p2a: Dudunsparce|88/100|[from] Stealth Rock
|turn|16
|
|t:|1757954678
|move|p1a: Toxtricity|Boomburst|p2a: Dudunsparce
|-damage|p2a: Dudunsparce|0 fnt
|faint|p2a: Dudunsparce
|
|upkeep
|-message|Spacecowboy98 forfeited.
|
|win|d00d guy
|raw|d00d guy's rating: 1335 &rarr; <strong>1358</strong><br />(+23 for winning)
|raw|Spacecowboy98's rating: 1388 &rarr; <strong>1365</strong><br />(-23 for losing)
|l|☆Spacecowboy98
|player|p2|
|l|☆d00d guy
|player|p1|
