|j|☆yeluolin
|j|☆Whatsapp Liligant
|t:|1757847215
|gametype|singles
|player|p1|yeluolin|101|1293
|player|p2|Whatsapp Liligant|cheryl|1254
|gen|9
|tier|[Gen 9] OU
|rated|
|rule|HP Percentage Mod: HP is shown in percentages
|rule|Endless Battle Clause: Forcing endless battles is banned
|rule|Species Clause: Limit one of each Pokémon
|rule|OHKO Clause: OHKO moves are banned
|rule|Evasion Items Clause: Evasion items are banned
|rule|Evasion Moves Clause: Evasion moves are banned
|rule|Evasion Abilities Clause: Evasion abilities are banned
|rule|Sleep Moves Clause: Sleep-inducing moves are banned
|clearpoke
|poke|p1|Iron Moth|
|poke|p1|Great Tusk|
|poke|p1|Slowking-Galar, M|
|poke|p1|Kyurem|
|poke|p1|Alomomola, F|
|poke|p1|Deoxys-Speed|
|poke|p2|Gumshoos, M|
|poke|p2|Probopass, F|
|poke|p2|Scrafty, F|
|poke|p2|Dragapult, F|
|poke|p2|Iron Hands|
|poke|p2|Inteleon, M|
|teampreview
|inactive|Battle timer is ON: inactive players will automatically lose when time's up. (requested by yeluolin)
|
|t:|1757847246
|teamsize|p1|6
|teamsize|p2|6
|start
|switch|p1a: Slowking|Slowking-Galar, M|100/100
|switch|p2a: B-2 Stealth Bomber|Dragapult, F|100/100
|turn|1
|
|t:|1757847257
|move|p2a: B-2 Stealth Bomber|Shadow Ball|p1a: Slowking
|-supereffective|p1a: Slowking
|-damage|p1a: Slowking|42/100
|move|p1a: Slowking|Thunder Wave|p2a: B-2 Stealth Bomber
|-status|p2a: B-2 Stealth Bomber|par
|
|-heal|p1a: Slowking|49/100|[from] item: Leftovers
|upkeep
|turn|2
|
|t:|1757847271
|switch|p1a: Alomomola|Alomomola, F, shiny|100/100
|move|p2a: B-2 Stealth Bomber|Light Screen|p2a: B-2 Stealth Bomber
|-sidestart|p2: Whatsapp Liligant|move: Light Screen
|
|upkeep
|turn|3
|
|t:|1757847282
|move|p2a: B-2 Stealth Bomber|Reflect|p2a: B-2 Stealth Bomber
|-sidestart|p2: Whatsapp Liligant|Reflect
|move|p1a: Alomomola|Wish|p1a: Alomomola
|
|upkeep
|turn|4
|
|t:|1757847285
|move|p2a: B-2 Stealth Bomber|Thunder Wave|p1a: Alomomola
|-status|p1a: Alomomola|par
|move|p1a: Alomomola|Alluring Voice|p2a: B-2 Stealth Bomber
|-supereffective|p2a: B-2 Stealth Bomber
|-damage|p2a: B-2 Stealth Bomber|89/100 par
|
|upkeep
|turn|5
|
|t:|1757847304
|switch|p2a: Charlie Kirk|Inteleon, M|100/100
|move|p1a: Alomomola|Flip Turn|p2a: Charlie Kirk
|-resisted|p2a: Charlie Kirk
|-damage|p2a: Charlie Kirk|95/100
|
|t:|1757847312
|switch|p1a: Slowking|Slowking-Galar, M|82/100|[from] Flip Turn
|
|-heal|p1a: Slowking|88/100|[from] item: Leftovers
|upkeep
|turn|6
|
|t:|1757847321
|move|p2a: Charlie Kirk|Snipe Shot|p1a: Slowking
|-crit|p1a: Slowking
|-damage|p1a: Slowking|2/100
|move|p1a: Slowking|Future Sight|p2a: Charlie Kirk
|-start|p1a: Slowking|move: Future Sight
|
|-heal|p1a: Slowking|8/100|[from] item: Leftovers
|upkeep
|turn|7
|
|t:|1757847337
|switch|p1a: Kyurem|Kyurem|100/100
|-ability|p1a: Kyurem|Pressure
|move|p2a: Charlie Kirk|Air Cutter|p1a: Kyurem
|-damage|p1a: Kyurem|83/100
|
|upkeep
|turn|8
|
|t:|1757847347
|move|p1a: Kyurem|Protect|p1a: Kyurem
|-singleturn|p1a: Kyurem|Protect
|move|p2a: Charlie Kirk|Air Cutter|p1a: Kyurem
|-activate|p1a: Kyurem|move: Protect
|
|-end|p2a: Charlie Kirk|move: Future Sight
|-damage|p2a: Charlie Kirk|63/100
|upkeep
|turn|9
|
|t:|1757847362
|move|p1a: Kyurem|Dragon Dance|p1a: Kyurem
|-boost|p1a: Kyurem|atk|1
|-boost|p1a: Kyurem|spe|1
|move|p2a: Charlie Kirk|Air Cutter|p1a: Kyurem
|-crit|p1a: Kyurem
|-damage|p1a: Kyurem|37/100
|
|-sideend|p2: Whatsapp Liligant|move: Light Screen
|upkeep
|turn|10
|
|t:|1757847371
|move|p1a: Kyurem|Protect|p1a: Kyurem
|-singleturn|p1a: Kyurem|Protect
|move|p2a: Charlie Kirk|Agility|p2a: Charlie Kirk
|-boost|p2a: Charlie Kirk|spe|2
|
|-sideend|p2: Whatsapp Liligant|Reflect
|upkeep
|turn|11
|
|t:|1757847381
|switch|p1a: Alomomola|Alomomola, F, shiny|100/100 par
|move|p2a: Charlie Kirk|Air Cutter|p1a: Alomomola
|-damage|p1a: Alomomola|77/100 par
|
|-heal|p1a: Alomomola|83/100 par|[from] item: Leftovers
|upkeep
|turn|12
|
|t:|1757847394
|move|p2a: Charlie Kirk|Air Cutter|p1a: Alomomola
|-crit|p1a: Alomomola
|-damage|p1a: Alomomola|31/100 par
|move|p1a: Alomomola|Wish|p1a: Alomomola
|
|-heal|p1a: Alomomola|37/100 par|[from] item: Leftovers
|upkeep
|turn|13
|
|t:|1757847411
|switch|p1a: Iron Moth|Iron Moth|100/100
|move|p2a: Charlie Kirk|Snipe Shot|p1a: Iron Moth
|-supereffective|p1a: Iron Moth
|-crit|p1a: Iron Moth
|-damage|p1a: Iron Moth|0 fnt
|faint|p1a: Iron Moth
|-end|p1a: Iron Moth|Quark Drive|[silent]
|
|upkeep
|
|t:|1757847420
|switch|p1a: Deoxys|Deoxys-Speed|100/100
|-ability|p1a: Deoxys|Pressure
|turn|14
|
|t:|1757847427
|-terastallize|p1a: Deoxys|Stellar
|move|p2a: Charlie Kirk|Snipe Shot|p1a: Deoxys
|-crit|p1a: Deoxys
|-damage|p1a: Deoxys|0 fnt
|faint|p1a: Deoxys
|
|upkeep
|
|t:|1757847436
|switch|p1a: Alomomola|Alomomola, F, shiny|70/100 par
|turn|15
|
|t:|1757847440
|move|p2a: Charlie Kirk|Air Cutter|p1a: Alomomola
|-crit|p1a: Alomomola
|-damage|p1a: Alomomola|14/100 par
|move|p1a: Alomomola|Wish|p1a: Alomomola
|
|-heal|p1a: Alomomola|20/100 par|[from] item: Leftovers
|upkeep
|turn|16
|
|t:|1757847451
|switch|p1a: Slowking|Slowking-Galar, M|41/100
|move|p2a: Charlie Kirk|Snipe Shot|p1a: Slowking
|-damage|p1a: Slowking|4/100
|
|-heal|p1a: Slowking|72/100|[from] move: Wish|[wisher] Alomomola
|-heal|p1a: Slowking|78/100|[from] item: Leftovers
|upkeep
|turn|17
|
|t:|1757847462
|move|p2a: Charlie Kirk|Snipe Shot|p1a: Slowking
|-damage|p1a: Slowking|42/100
|move|p1a: Slowking|Thunder Wave|p2a: Charlie Kirk
|-status|p2a: Charlie Kirk|par
|
|-heal|p1a: Slowking|48/100|[from] item: Leftovers
|upkeep
|turn|18
|
|t:|1757847474
|switch|p1a: Alomomola|Alomomola, F, shiny|54/100 par
|move|p2a: Charlie Kirk|Snipe Shot|p1a: Alomomola
|-resisted|p1a: Alomomola
|-crit|p1a: Alomomola
|-damage|p1a: Alomomola|2/100 par
|
|-heal|p1a: Alomomola|9/100 par|[from] item: Leftovers
|upkeep
|turn|19
|
|t:|1757847487
|switch|p1a: Slowking|Slowking-Galar, M|82/100
|cant|p2a: Charlie Kirk|par
|
|-heal|p1a: Slowking|88/100|[from] item: Leftovers
|upkeep
|turn|20
|
|t:|1757847498
|cant|p2a: Charlie Kirk|par
|move|p1a: Slowking|Future Sight|p2a: Charlie Kirk
|-start|p1a: Slowking|move: Future Sight
|
|-heal|p1a: Slowking|94/100|[from] item: Leftovers
|upkeep
|turn|21
|
|t:|1757847510
|cant|p2a: Charlie Kirk|par
|move|p1a: Slowking|Sludge Bomb|p2a: Charlie Kirk
|-damage|p2a: Charlie Kirk|14/100 par
|
|-heal|p1a: Slowking|99/100|[from] item: Leftovers
|upkeep
|turn|22
|
|t:|1757847519
|move|p2a: Charlie Kirk|Snipe Shot|p1a: Slowking
|-damage|p1a: Slowking|67/100
|move|p1a: Slowking|Sludge Bomb|p2a: Charlie Kirk
|-damage|p2a: Charlie Kirk|0 fnt
|faint|p2a: Charlie Kirk
|
|-hint|Future Sight did not hit because the target is fainted.
|-heal|p1a: Slowking|73/100|[from] item: Leftovers
|upkeep
|
|t:|1757847526
|switch|p2a: Trump|Gumshoos, M|100/100
|turn|23
|
|t:|1757847545
|-terastallize|p2a: Trump|Normal
|move|p2a: Trump|Double-Edge|p1a: Slowking
|-damage|p1a: Slowking|9/100
|-damage|p2a: Trump|74/100|[from] Recoil
|move|p1a: Slowking|Thunder Wave|p2a: Trump
|-status|p2a: Trump|par
|
|-heal|p1a: Slowking|16/100|[from] item: Leftovers
|upkeep
|turn|24
|
|t:|1757847562
|switch|p1a: Great Tusk|Great Tusk|100/100
|-enditem|p1a: Great Tusk|Booster Energy
|-activate|p1a: Great Tusk|ability: Protosynthesis|[fromitem]
|-start|p1a: Great Tusk|protosynthesisatk
|move|p2a: Trump|Double-Edge|p1a: Great Tusk
|-damage|p1a: Great Tusk|36/100
|-damage|p2a: Trump|49/100 par|[from] Recoil
|
|upkeep
|turn|25
|inactive|yeluolin has 120 seconds left.
|
|t:|1757847594
|move|p1a: Great Tusk|Ice Spinner|p2a: Trump
|-damage|p2a: Trump|0 fnt
|faint|p2a: Trump
|
|upkeep
|
|t:|1757847615
|switch|p2a: B-2 Stealth Bomber|Dragapult, F|89/100 par
|turn|26
|inactive|yeluolin has 120 seconds left.
|
|t:|1757847628
|move|p1a: Great Tusk|Ice Spinner|p2a: B-2 Stealth Bomber
|-supereffective|p2a: B-2 Stealth Bomber
|-damage|p2a: B-2 Stealth Bomber|0 fnt
|faint|p2a: B-2 Stealth Bomber
|
|upkeep
|
|t:|1757847637
|switch|p2a: McDonalds|Iron Hands|100/100
|-enditem|p2a: McDonalds|Booster Energy
|-activate|p2a: McDonalds|ability: Quark Drive|[fromitem]
|-start|p2a: McDonalds|quarkdriveatk
|turn|27
|inactive|yeluolin has 120 seconds left.
|
|t:|1757847658
|move|p1a: Great Tusk|Close Combat|p2a: McDonalds
|-damage|p2a: McDonalds|44/100
|-unboost|p1a: Great Tusk|def|1
|-unboost|p1a: Great Tusk|spd|1
|move|p2a: McDonalds|Ice Punch|p1a: Great Tusk
|-supereffective|p1a: Great Tusk
|-damage|p1a: Great Tusk|0 fnt
|faint|p1a: Great Tusk
|-end|p1a: Great Tusk|Protosynthesis|[silent]
|
|upkeep
|
|t:|1757847677
|switch|p1a: Slowking|Slowking-Galar, M|49/100
|turn|28
|
|t:|1757847686
|move|p2a: McDonalds|Thunder Punch|p1a: Slowking
|-damage|p1a: Slowking|2/100
|move|p1a: Slowking|Future Sight|p2a: McDonalds
|-start|p1a: Slowking|move: Future Sight
|
|-heal|p1a: Slowking|8/100|[from] item: Leftovers
|upkeep
|turn|29
|
|t:|1757847703
|move|p2a: McDonalds|Thunder Punch|p1a: Slowking
|-damage|p1a: Slowking|0 fnt
|faint|p1a: Slowking
|
|upkeep
|
|t:|1757847709
|switch|p1a: Kyurem|Kyurem|37/100
|-ability|p1a: Kyurem|Pressure
|turn|30
|
|t:|1757847716
|move|p1a: Kyurem|Protect|p1a: Kyurem
|-singleturn|p1a: Kyurem|Protect
|move|p2a: McDonalds|Drain Punch|p1a: Kyurem
|-activate|p1a: Kyurem|move: Protect
|
|-end|p2a: McDonalds|move: Future Sight
|-supereffective|p2a: McDonalds
|-damage|p2a: McDonalds|0 fnt
|faint|p2a: McDonalds
|-end|p2a: McDonalds|Quark Drive|[silent]
|upkeep
|
|t:|1757847724
|switch|p2a: Oi vey|Probopass, F|100/100
|turn|31
|inactive|yeluolin has 120 seconds left.
|
|t:|1757847735
|switch|p1a: Alomomola|Alomomola, F, shiny|42/100 par
|move|p2a: Oi vey|Body Press|p1a: Alomomola
|-crit|p1a: Alomomola
|-damage|p1a: Alomomola|15/100 par
|
|-heal|p1a: Alomomola|21/100 par|[from] item: Leftovers
|upkeep
|turn|32
|inactive|yeluolin has 120 seconds left.
|
|t:|1757847757
|switch|p1a: Kyurem|Kyurem|37/100
|-ability|p1a: Kyurem|Pressure
|move|p2a: Oi vey|Earth Power|p1a: Kyurem
|-damage|p1a: Kyurem|23/100
|
|upkeep
|turn|33
|
|t:|1757847769
|move|p1a: Kyurem|Protect|p1a: Kyurem
|-singleturn|p1a: Kyurem|Protect
|move|p2a: Oi vey|Body Press|p1a: Kyurem
|-activate|p1a: Kyurem|move: Protect
|
|upkeep
|turn|34
|
|t:|1757847777
|switch|p1a: Alomomola|Alomomola, F, shiny|54/100 par
|move|p2a: Oi vey|Body Press|p1a: Alomomola
|-damage|p1a: Alomomola|35/100 par
|
|-heal|p1a: Alomomola|41/100 par|[from] item: Leftovers
|upkeep
|turn|35
|
|t:|1757847788
|move|p2a: Oi vey|Body Press|p1a: Alomomola
|-damage|p1a: Alomomola|21/100 par
|move|p1a: Alomomola|Wish|p1a: Alomomola
|
|-heal|p1a: Alomomola|27/100 par|[from] item: Leftovers
|upkeep
|turn|36
|
|t:|1757847796
|move|p1a: Alomomola|Protect|p1a: Alomomola
|-singleturn|p1a: Alomomola|Protect
|move|p2a: Oi vey|Body Press|p1a: Alomomola
|-activate|p1a: Alomomola|move: Protect
|
|-heal|p1a: Alomomola|77/100 par|[from] move: Wish|[wisher] Alomomola
|-heal|p1a: Alomomola|83/100 par|[from] item: Leftovers
|upkeep
|turn|37
|inactive|yeluolin has 120 seconds left.
|
|t:|1757847812
|move|p2a: Oi vey|Earth Power|p1a: Alomomola
|-damage|p1a: Alomomola|67/100 par
|cant|p1a: Alomomola|par
|
|-heal|p1a: Alomomola|73/100 par|[from] item: Leftovers
|upkeep
|turn|38
|inactive|yeluolin has 120 seconds left.
|
|t:|1757847822
|move|p2a: Oi vey|Earth Power|p1a: Alomomola
|-damage|p1a: Alomomola|55/100 par
|move|p1a: Alomomola|Wish|p1a: Alomomola
|
|-heal|p1a: Alomomola|62/100 par|[from] item: Leftovers
|upkeep
|turn|39
|inactive|yeluolin has 120 seconds left.
|
|t:|1757847832
|move|p2a: Oi vey|Stealth Rock|p1a: Alomomola
|-sidestart|p1: yeluolin|move: Stealth Rock
|move|p1a: Alomomola|Flip Turn|p2a: Oi vey
|-supereffective|p2a: Oi vey
|-damage|p2a: Oi vey|81/100
|-damage|p1a: Alomomola|45/100 par|[from] item: Rocky Helmet|[of] p2a: Oi vey
|inactive|yeluolin has 120 seconds left.
|
|t:|1757847842
|switch|p1a: Kyurem|Kyurem|23/100|[from] Flip Turn
|-damage|p1a: Kyurem|0 fnt|[from] Stealth Rock
|faint|p1a: Kyurem
|
|upkeep
|
|t:|1757847849
|switch|p1a: Alomomola|Alomomola, F, shiny|78/100 par
|-damage|p1a: Alomomola|66/100 par|[from] Stealth Rock
|turn|40
|inactive|yeluolin has 120 seconds left.
|
|t:|1757847856
|move|p2a: Oi vey|Earth Power|p1a: Alomomola
|-damage|p1a: Alomomola|49/100 par
|move|p1a: Alomomola|Wish|p1a: Alomomola
|
|-heal|p1a: Alomomola|56/100 par|[from] item: Leftovers
|upkeep
|turn|41
|
|t:|1757847864
|switch|p2a: Hoodlum|Scrafty, F|100/100
|move|p1a: Alomomola|Flip Turn|p2a: Hoodlum
|-damage|p2a: Hoodlum|84/100
|
|-heal|p1a: Alomomola|100/100 par|[from] move: Wish|[wisher] Alomomola
|-heal|p2a: Hoodlum|90/100|[from] item: Leftovers
|upkeep
|turn|42
|
|t:|1757847875
|move|p2a: Hoodlum|Bulk Up|p2a: Hoodlum
|-boost|p2a: Hoodlum|atk|1
|-boost|p2a: Hoodlum|def|1
|move|p1a: Alomomola|Alluring Voice|p2a: Hoodlum
|-supereffective|p2a: Hoodlum
|-damage|p2a: Hoodlum|68/100
|-start|p2a: Hoodlum|confusion
|
|-heal|p2a: Hoodlum|74/100|[from] item: Leftovers
|upkeep
|turn|43
|
|t:|1757847886
|move|p1a: Alomomola|Protect|p1a: Alomomola
|-singleturn|p1a: Alomomola|Protect
|-activate|p2a: Hoodlum|confusion
|-damage|p2a: Hoodlum|66/100|[from] confusion
|
|-heal|p2a: Hoodlum|72/100|[from] item: Leftovers
|upkeep
|turn|44
|
|t:|1757847896
|-activate|p2a: Hoodlum|confusion
|-damage|p2a: Hoodlum|65/100|[from] confusion
|move|p1a: Alomomola|Alluring Voice|p2a: Hoodlum
|-supereffective|p2a: Hoodlum
|-damage|p2a: Hoodlum|43/100
|
|-heal|p2a: Hoodlum|49/100|[from] item: Leftovers
|upkeep
|turn|45
|
|t:|1757847905
|-activate|p2a: Hoodlum|confusion
|move|p2a: Hoodlum|Rest|p2a: Hoodlum
|-status|p2a: Hoodlum|slp|[from] move: Rest
|-heal|p2a: Hoodlum|100/100 slp|[silent]
|move|p1a: Alomomola|Alluring Voice|p2a: Hoodlum
|-supereffective|p2a: Hoodlum
|-damage|p2a: Hoodlum|78/100 slp
|
|-activate|p2a: Hoodlum|ability: Shed Skin
|-curestatus|p2a: Hoodlum|slp|[msg]
|-heal|p2a: Hoodlum|84/100|[from] item: Leftovers
|upkeep
|turn|46
|
|t:|1757847918
|-activate|p2a: Hoodlum|confusion
|move|p2a: Hoodlum|Knock Off|p1a: Alomomola
|-damage|p1a: Alomomola|75/100 par
|-enditem|p1a: Alomomola|Leftovers|[from] move: Knock Off|[of] p2a: Hoodlum
|move|p1a: Alomomola|Alluring Voice|p2a: Hoodlum
|-supereffective|p2a: Hoodlum
|-damage|p2a: Hoodlum|59/100
|
|-heal|p2a: Hoodlum|65/100|[from] item: Leftovers
|upkeep
|turn|47
|
|t:|1757847929
|-end|p2a: Hoodlum|confusion
|move|p2a: Hoodlum|Drain Punch|p1a: Alomomola
|-damage|p1a: Alomomola|57/100 par
|-heal|p2a: Hoodlum|80/100|[from] drain|[of] p1a: Alomomola
|move|p1a: Alomomola|Alluring Voice|p2a: Hoodlum
|-supereffective|p2a: Hoodlum
|-damage|p2a: Hoodlum|54/100
|
|-heal|p2a: Hoodlum|60/100|[from] item: Leftovers
|upkeep
|turn|48
|
|t:|1757847942
|move|p2a: Hoodlum|Drain Punch|p1a: Alomomola
|-damage|p1a: Alomomola|35/100 par
|-heal|p2a: Hoodlum|78/100|[from] drain|[of] p1a: Alomomola
|move|p1a: Alomomola|Wish|p1a: Alomomola
|
|-heal|p2a: Hoodlum|84/100|[from] item: Leftovers
|upkeep
|turn|49
|
|t:|1757847952
|move|p2a: Hoodlum|Bulk Up|p2a: Hoodlum
|-boost|p2a: Hoodlum|atk|1
|-boost|p2a: Hoodlum|def|1
|move|p1a: Alomomola|Alluring Voice|p2a: Hoodlum
|-supereffective|p2a: Hoodlum
|-damage|p2a: Hoodlum|59/100
|-start|p2a: Hoodlum|confusion
|
|-heal|p1a: Alomomola|85/100 par|[from] move: Wish|[wisher] Alomomola
|-heal|p2a: Hoodlum|65/100|[from] item: Leftovers
|upkeep
|turn|50
|
|t:|1757847964
|-activate|p2a: Hoodlum|confusion
|-damage|p2a: Hoodlum|57/100|[from] confusion
|move|p1a: Alomomola|Alluring Voice|p2a: Hoodlum
|-supereffective|p2a: Hoodlum
|-damage|p2a: Hoodlum|33/100
|
|-heal|p2a: Hoodlum|39/100|[from] item: Leftovers
|upkeep
|turn|51
|
|t:|1757847973
|-activate|p2a: Hoodlum|confusion
|-damage|p2a: Hoodlum|31/100|[from] confusion
|move|p1a: Alomomola|Alluring Voice|p2a: Hoodlum
|-supereffective|p2a: Hoodlum
|-damage|p2a: Hoodlum|9/100
|
|-heal|p2a: Hoodlum|15/100|[from] item: Leftovers
|upkeep
|turn|52
|
|t:|1757847983
|-end|p2a: Hoodlum|confusion
|move|p2a: Hoodlum|Rest|p2a: Hoodlum
|-status|p2a: Hoodlum|slp|[from] move: Rest
|-heal|p2a: Hoodlum|100/100 slp|[silent]
|move|p1a: Alomomola|Alluring Voice|p2a: Hoodlum
|-supereffective|p2a: Hoodlum
|-damage|p2a: Hoodlum|75/100 slp
|
|-activate|p2a: Hoodlum|ability: Shed Skin
|-curestatus|p2a: Hoodlum|slp|[msg]
|-heal|p2a: Hoodlum|81/100|[from] item: Leftovers
|upkeep
|turn|53
|
|t:|1757847998
|move|p2a: Hoodlum|Drain Punch|p1a: Alomomola
|-damage|p1a: Alomomola|57/100 par
|-heal|p2a: Hoodlum|100/100|[from] drain|[of] p1a: Alomomola
|move|p1a: Alomomola|Alluring Voice|p2a: Hoodlum
|-supereffective|p2a: Hoodlum
|-damage|p2a: Hoodlum|77/100
|
|-heal|p2a: Hoodlum|83/100|[from] item: Leftovers
|upkeep
|turn|54
|
|t:|1757848009
|move|p2a: Hoodlum|Drain Punch|p1a: Alomomola
|-damage|p1a: Alomomola|29/100 par
|-heal|p2a: Hoodlum|100/100|[from] drain|[of] p1a: Alomomola
|move|p1a: Alomomola|Wish|p1a: Alomomola
|
|upkeep
|turn|55
|
|t:|1757848017
|move|p1a: Alomomola|Protect|p1a: Alomomola
|-singleturn|p1a: Alomomola|Protect
|move|p2a: Hoodlum|Drain Punch|p1a: Alomomola
|-activate|p1a: Alomomola|move: Protect
|
|-heal|p1a: Alomomola|79/100 par|[from] move: Wish|[wisher] Alomomola
|upkeep
|turn|56
|-message|yeluolin forfeited.
|
|win|Whatsapp Liligant
|raw|yeluolin's rating: 1293 &rarr; <strong>1265</strong><br />(-28 for losing)
|raw|Whatsapp Liligant's rating: 1254 &rarr; <strong>1282</strong><br />(+28 for winning)
|l|☆yeluolin
|player|p1|
|l|☆Whatsapp Liligant
|player|p2|
