|j|☆Swolecandy
|j|☆DrMira
|t:|1757897390
|gametype|singles
|player|p1|Swolecandy|265|1147
|player|p2|DrMira|1|1188
|gen|9
|tier|[Gen 9] OU
|rated|
|rule|HP Percentage Mod: HP is shown in percentages
|rule|Endless Battle Clause: Forcing endless battles is banned
|rule|Species Clause: Limit one of each Pokémon
|rule|OHKO Clause: OHKO moves are banned
|rule|Evasion Items Clause: Evasion items are banned
|rule|Evasion Moves Clause: Evasion moves are banned
|rule|Evasion Abilities Clause: Evasion abilities are banned
|rule|Sleep Moves Clause: Sleep-inducing moves are banned
|clearpoke
|poke|p1|Coalossal, F|
|poke|p1|Hatterene, F|
|poke|p1|Ursaluna, M|
|poke|p1|Trevenant, F|
|poke|p1|Armarouge, M|
|poke|p1|Hoopa-Unbound|
|poke|p2|Chesnaught, M|
|poke|p2|Tyranitar, M|
|poke|p2|Pyroar, M|
|poke|p2|Articuno|
|poke|p2|Latios, M|
|poke|p2|Great Tusk|
|teampreview
|inactive|Battle timer is ON: inactive players will automatically lose when time's up. (requested by Swolecandy)
|
|t:|1757897430
|teamsize|p1|6
|teamsize|p2|6
|start
|switch|p1a: Fire Giant|Coalossal, F|100/100
|switch|p2a: Pyroar|Pyroar, M|100/100
|-ability|p2a: Pyroar|Unnerve
|turn|1
|
|t:|1757897446
|switch|p2a: Great Tusk|Great Tusk|100/100
|-enditem|p2a: Great Tusk|Booster Energy
|-activate|p2a: Great Tusk|ability: Protosynthesis|[fromitem]
|-start|p2a: Great Tusk|protosynthesisdef
|move|p1a: Fire Giant|Stealth Rock|p2a: Great Tusk
|-sidestart|p2: DrMira|move: Stealth Rock
|
|upkeep
|turn|2
|
|t:|1757897471
|move|p2a: Great Tusk|Body Press|p1a: Fire Giant
|-supereffective|p1a: Fire Giant
|-damage|p1a: Fire Giant|39/100
|move|p1a: Fire Giant|Explosion|p2a: Great Tusk
|-damage|p2a: Great Tusk|76/100
|faint|p1a: Fire Giant
|
|upkeep
|inactive|Swolecandy has 120 seconds left.
|
|t:|1757897488
|switch|p1a: Ranni|Hatterene, F|100/100
|turn|3
|
|t:|1757897492
|-terastallize|p1a: Ranni|Fairy
|move|p2a: Great Tusk|Rapid Spin|p1a: Ranni
|-damage|p1a: Ranni|84/100
|-boost|p2a: Great Tusk|spe|1
|-sideend|p2: DrMira|Stealth Rock|[from] move: Rapid Spin|[of] p2a: Great Tusk
|move|p1a: Ranni|Trick Room|p1a: Ranni
|-fieldstart|move: Trick Room|[of] p1a: Ranni
|
|upkeep
|turn|4
|
|t:|1757897502
|move|p1a: Ranni|Dazzling Gleam|p2a: Great Tusk
|-supereffective|p2a: Great Tusk
|-damage|p2a: Great Tusk|0 fnt
|faint|p2a: Great Tusk
|-end|p2a: Great Tusk|Protosynthesis|[silent]
|
|upkeep
|
|t:|1757897521
|switch|p2a: Tyranitar|Tyranitar, M|100/100
|-weather|Sandstorm|[from] ability: Sand Stream|[of] p2a: Tyranitar
|turn|5
|
|t:|1757897535
|-terastallize|p2a: Tyranitar|Fairy
|move|p1a: Ranni|Dazzling Gleam|p2a: Tyranitar
|-damage|p2a: Tyranitar|34/100
|move|p2a: Tyranitar|Dragon Dance|p2a: Tyranitar
|-boost|p2a: Tyranitar|atk|1
|-boost|p2a: Tyranitar|spe|1
|
|-weather|Sandstorm|[upkeep]
|-damage|p1a: Ranni|78/100|[from] Sandstorm
|-damage|p2a: Tyranitar|28/100|[from] Sandstorm
|-heal|p2a: Tyranitar|34/100|[from] item: Leftovers
|upkeep
|turn|6
|
|t:|1757897550
|move|p1a: Ranni|Dazzling Gleam|p2a: Tyranitar
|-crit|p2a: Tyranitar
|-damage|p2a: Tyranitar|0 fnt
|faint|p2a: Tyranitar
|
|-weather|Sandstorm|[upkeep]
|-damage|p1a: Ranni|73/100|[from] Sandstorm
|upkeep
|
|t:|1757897557
|switch|p2a: Articuno|Articuno|100/100
|-ability|p2a: Articuno|Pressure
|turn|7
|
|t:|1757897572
|switch|p1a: Armarouge|Armarouge, M|100/100
|move|p2a: Articuno|Hurricane|p1a: Armarouge|[miss]
|-miss|p2a: Articuno|p1a: Armarouge
|
|-weather|Sandstorm|[upkeep]
|-damage|p1a: Armarouge|94/100|[from] Sandstorm
|-damage|p2a: Articuno|94/100|[from] Sandstorm
|-heal|p2a: Articuno|100/100|[from] item: Leftovers
|-fieldend|move: Trick Room
|upkeep
|turn|8
|
|t:|1757897591
|move|p2a: Articuno|Hurricane|p1a: Armarouge
|-damage|p1a: Armarouge|47/100
|-start|p1a: Armarouge|confusion
|-activate|p1a: Armarouge|confusion
|-damage|p1a: Armarouge|41/100|[from] confusion
|
|-weather|Sandstorm|[upkeep]
|-damage|p2a: Articuno|94/100|[from] Sandstorm
|-damage|p1a: Armarouge|35/100|[from] Sandstorm
|-heal|p2a: Articuno|100/100|[from] item: Leftovers
|upkeep
|turn|9
|
|t:|1757897603
|switch|p1a: Godrick|Hoopa-Unbound|100/100
|move|p2a: Articuno|Hurricane|p1a: Godrick|[miss]
|-miss|p2a: Articuno|p1a: Godrick
|
|-weather|none
|upkeep
|turn|10
|
|t:|1757897625
|move|p2a: Articuno|Hurricane|p1a: Godrick
|-damage|p1a: Godrick|68/100
|move|p1a: Godrick|Trick Room|p1a: Godrick
|-fieldstart|move: Trick Room|[of] p1a: Godrick
|
|upkeep
|turn|11
|
|t:|1757897641
|move|p1a: Godrick|Gunk Shot|p2a: Articuno
|-damage|p2a: Articuno|34/100
|-damage|p1a: Godrick|58/100|[from] item: Life Orb
|move|p2a: Articuno|Hurricane|p1a: Godrick
|-damage|p1a: Godrick|27/100
|-start|p1a: Godrick|confusion
|
|-heal|p2a: Articuno|40/100|[from] item: Leftovers
|upkeep
|turn|12
|
|t:|1757897654
|-activate|p1a: Godrick|confusion
|-damage|p1a: Godrick|1/100|[from] confusion
|move|p2a: Articuno|Hurricane|p1a: Godrick|[miss]
|-miss|p2a: Articuno|p1a: Godrick
|
|-heal|p2a: Articuno|46/100|[from] item: Leftovers
|upkeep
|turn|13
|
|t:|1757897662
|-activate|p1a: Godrick|confusion
|move|p1a: Godrick|Hyperspace Fury|p2a: Articuno
|-damage|p2a: Articuno|0 fnt
|-unboost|p1a: Godrick|def|1
|faint|p2a: Articuno
|-damage|p1a: Godrick|0 fnt|[from] item: Life Orb
|faint|p1a: Godrick
|
|upkeep
|
|t:|1757897686
|switch|p1a: Erdtree Avatar|Trevenant, F|100/100
|switch|p2a: Chesnaught|Chesnaught, M|100/100
|turn|14
|
|t:|1757897700
|move|p1a: Erdtree Avatar|Shadow Claw|p2a: Chesnaught
|-damage|p2a: Chesnaught|73/100
|move|p2a: Chesnaught|Bulk Up|p2a: Chesnaught
|-boost|p2a: Chesnaught|atk|1
|-boost|p2a: Chesnaught|def|1
|
|-heal|p2a: Chesnaught|79/100|[from] item: Leftovers
|-fieldend|move: Trick Room
|upkeep
|turn|15
|
|t:|1757897709
|move|p2a: Chesnaught|Bulk Up|p2a: Chesnaught
|-boost|p2a: Chesnaught|atk|1
|-boost|p2a: Chesnaught|def|1
|move|p1a: Erdtree Avatar|Trick Room|p1a: Erdtree Avatar
|-fieldstart|move: Trick Room|[of] p1a: Erdtree Avatar
|
|-heal|p2a: Chesnaught|85/100|[from] item: Leftovers
|upkeep
|turn|16
|
|t:|1757897721
|switch|p1a: Ranni|Hatterene, F, tera:Fairy|73/100
|move|p2a: Chesnaught|Bulk Up|p2a: Chesnaught
|-boost|p2a: Chesnaught|atk|1
|-boost|p2a: Chesnaught|def|1
|
|-heal|p2a: Chesnaught|92/100|[from] item: Leftovers
|upkeep
|turn|17
|
|t:|1757897729
|move|p1a: Ranni|Mystical Fire|p2a: Chesnaught
|-supereffective|p2a: Chesnaught
|-damage|p2a: Chesnaught|22/100
|-unboost|p2a: Chesnaught|spa|1
|move|p2a: Chesnaught|Wood Hammer|p1a: Ranni
|-damage|p1a: Ranni|0 fnt
|faint|p1a: Ranni
|-damage|p2a: Chesnaught|2/100|[from] Recoil
|
|-heal|p2a: Chesnaught|8/100|[from] item: Leftovers
|upkeep
|
|t:|1757897742
|switch|p1a: Armarouge|Armarouge, M|35/100
|turn|18
|
|t:|1757897756
|switch|p2a: Pyroar|Pyroar, M|100/100
|-ability|p2a: Pyroar|Unnerve
|move|p1a: Armarouge|Armor Cannon|p2a: Pyroar
|-resisted|p2a: Pyroar
|-damage|p2a: Pyroar|37/100
|-unboost|p1a: Armarouge|def|1
|-unboost|p1a: Armarouge|spd|1
|-damage|p1a: Armarouge|25/100|[from] item: Life Orb
|
|upkeep
|turn|19
|
|t:|1757897774
|move|p1a: Armarouge|Armor Cannon|p2a: Pyroar
|-resisted|p2a: Pyroar
|-crit|p2a: Pyroar
|-damage|p2a: Pyroar|0 fnt
|-unboost|p1a: Armarouge|def|1
|-unboost|p1a: Armarouge|spd|1
|faint|p2a: Pyroar
|-damage|p1a: Armarouge|15/100|[from] item: Life Orb
|
|-fieldend|move: Trick Room
|upkeep
|
|t:|1757897777
|switch|p2a: Latios|Latios, M|100/100
|turn|20
|
|t:|1757897793
|switch|p1a: Erdtree Avatar|Trevenant, F|100/100
|move|p2a: Latios|Luster Purge|p1a: Erdtree Avatar
|-damage|p1a: Erdtree Avatar|27/100
|-enditem|p1a: Erdtree Avatar|Sitrus Berry|[eat]
|-heal|p1a: Erdtree Avatar|52/100|[from] item: Sitrus Berry
|
|upkeep
|turn|21
|inactive|Swolecandy has 120 seconds left.
|
|t:|1757897825
|move|p2a: Latios|Luster Purge|p1a: Erdtree Avatar
|-damage|p1a: Erdtree Avatar|0 fnt
|faint|p1a: Erdtree Avatar
|
|upkeep
|inactive|Swolecandy has 120 seconds left.
|
|t:|1757897831
|switch|p1a: Rune Bear|Ursaluna, M|100/100
|turn|22
|
|t:|1757897837
|move|p1a: Rune Bear|Protect|p1a: Rune Bear
|-singleturn|p1a: Rune Bear|Protect
|move|p2a: Latios|Luster Purge|p1a: Rune Bear
|-activate|p1a: Rune Bear|move: Protect
|
|-status|p1a: Rune Bear|brn|[from] item: Flame Orb
|upkeep
|turn|23
|
|t:|1757897856
|move|p2a: Latios|Luster Purge|p1a: Rune Bear
|-damage|p1a: Rune Bear|45/100 brn
|-unboost|p1a: Rune Bear|spd|1
|move|p1a: Rune Bear|Crunch|p2a: Latios
|-supereffective|p2a: Latios
|-damage|p2a: Latios|0 fnt
|faint|p2a: Latios
|
|-damage|p1a: Rune Bear|38/100 brn|[from] brn
|upkeep
|
|t:|1757897862
|switch|p2a: Chesnaught|Chesnaught, M|8/100
|turn|24
|
|t:|1757897873
|move|p2a: Chesnaught|Drain Punch|p1a: Rune Bear
|-supereffective|p1a: Rune Bear
|-damage|p1a: Rune Bear|0 fnt
|-heal|p2a: Chesnaught|31/100|[from] drain|[of] p1a: Rune Bear
|faint|p1a: Rune Bear
|
|-heal|p2a: Chesnaught|37/100|[from] item: Leftovers
|upkeep
|
|t:|1757897881
|switch|p1a: Armarouge|Armarouge, M|15/100
|turn|25
|
|t:|1757897887
|move|p2a: Chesnaught|Drain Punch|p1a: Armarouge
|-resisted|p1a: Armarouge
|-damage|p1a: Armarouge|0 fnt
|-heal|p2a: Chesnaught|44/100|[from] drain|[of] p1a: Armarouge
|faint|p1a: Armarouge
|
|win|DrMira
|raw|Swolecandy's rating: 1147 &rarr; <strong>1125</strong><br />(-22 for losing)
|raw|DrMira's rating: 1188 &rarr; <strong>1210</strong><br />(+22 for winning)
|c|☆Swolecandy|Gg
|l|☆DrMira
|player|p2|
|l|☆Swolecandy
|player|p1|
