|j|‽1shy9
|j|☆Thibault56
|t:|1757866001
|gametype|singles
|player|p1|1shy9|acetrainerf-gen4|1669
|player|p2|Thibault56|acetrainer|1735
|gen|9
|tier|[Gen 9] OU
|rated|
|rule|HP Percentage Mod: HP is shown in percentages
|rule|Endless Battle Clause: Forcing endless battles is banned
|rule|Species Clause: Limit one of each Pokémon
|rule|OHKO Clause: OHKO moves are banned
|rule|Evasion Items Clause: Evasion items are banned
|rule|Evasion Moves Clause: Evasion moves are banned
|rule|Evasion Abilities Clause: Evasion abilities are banned
|rule|Sleep Moves Clause: Sleep-inducing moves are banned
|clearpoke
|poke|p1|Iron Moth|
|poke|p1|Gholdengo|
|poke|p1|Great Tusk|
|poke|p1|Kyurem|
|poke|p1|Zamazenta-*|
|poke|p1|Dragonite, F|
|poke|p2|Clodsire, F|
|poke|p2|Pelipper, M|
|poke|p2|Barraskewda, M|
|poke|p2|Zapdos|
|poke|p2|Corviknight, M|
|poke|p2|Incineroar, M|
|teampreview
|inactive|Battle timer is ON: inactive players will automatically lose when time's up. (requested by 1shy9)
|inactive|Thibault56 also wants the timer to be on.
|
|t:|1757866024
|teamsize|p1|6
|teamsize|p2|6
|start
|switch|p1a: Great Tusk|Great Tusk|100/100
|switch|p2a: Barraskewda|Barraskewda, M|100/100
|turn|1
|
|t:|1757866036
|move|p2a: Barraskewda|Flip Turn|p1a: Great Tusk
|-supereffective|p1a: Great Tusk
|-damage|p1a: Great Tusk|33/100
|
|t:|1757866041
|switch|p2a: Pelipper|Pelipper, M|100/100|[from] Flip Turn
|-weather|RainDance|[from] ability: Drizzle|[of] p2a: Pelipper
|move|p1a: Great Tusk|Stealth Rock|p2a: Pelipper
|-sidestart|p2: Thibault56|move: Stealth Rock
|
|-weather|RainDance|[upkeep]
|upkeep
|turn|2
|
|t:|1757866047
|-end|p1a: Great Tusk|Protosynthesis|[silent]
|switch|p1a: Kyurem|Kyurem|100/100
|-ability|p1a: Kyurem|Pressure
|move|p2a: Pelipper|Hurricane|p1a: Kyurem
|-damage|p1a: Kyurem|45/100
|-start|p1a: Kyurem|confusion
|
|-weather|RainDance|[upkeep]
|upkeep
|turn|3
|
|t:|1757866053
|switch|p2a: Incineroar|Incineroar, M|100/100
|-ability|p2a: Incineroar|Intimidate|boost
|-unboost|p1a: Kyurem|atk|1
|-activate|p1a: Kyurem|confusion
|move|p1a: Kyurem|Freeze-Dry|p2a: Incineroar
|-resisted|p2a: Incineroar
|-damage|p2a: Incineroar|91/100
|
|-weather|RainDance|[upkeep]
|upkeep
|turn|4
|
|t:|1757866061
|switch|p1a: Great Tusk|Great Tusk|33/100
|move|p2a: Incineroar|Parting Shot|p1a: Great Tusk
|-unboost|p1a: Great Tusk|atk|1
|-unboost|p1a: Great Tusk|spa|1
|
|t:|1757866063
|switch|p2a: Zapdos|Zapdos|100/100|[from] Parting Shot
|
|-weather|RainDance|[upkeep]
|upkeep
|turn|5
|
|t:|1757866068
|move|p2a: Zapdos|Hurricane|p1a: Great Tusk
|-supereffective|p1a: Great Tusk
|-damage|p1a: Great Tusk|0 fnt
|faint|p1a: Great Tusk
|-end|p1a: Great Tusk|Protosynthesis|[silent]
|
|-weather|RainDance|[upkeep]
|upkeep
|
|t:|1757866079
|switch|p1a: Dragonite|Dragonite, F|100/100
|turn|6
|
|t:|1757866083
|move|p2a: Zapdos|Thunder|p1a: Dragonite
|-damage|p1a: Dragonite|71/100
|move|p1a: Dragonite|Dragon Dance|p1a: Dragonite
|-boost|p1a: Dragonite|atk|1
|-boost|p1a: Dragonite|spe|1
|
|-weather|RainDance|[upkeep]
|upkeep
|turn|7
|
|t:|1757866092
|move|p1a: Dragonite|Roost|p1a: Dragonite
|-heal|p1a: Dragonite|100/100
|-singleturn|p1a: Dragonite|move: Roost
|move|p2a: Zapdos|Thunder|p1a: Dragonite
|-resisted|p1a: Dragonite
|-damage|p1a: Dragonite|85/100
|
|-weather|RainDance|[upkeep]
|upkeep
|turn|8
|
|t:|1757866104
|move|p1a: Dragonite|Dragon Dance|p1a: Dragonite
|-boost|p1a: Dragonite|atk|1
|-boost|p1a: Dragonite|spe|1
|move|p2a: Zapdos|Thunder|p1a: Dragonite
|-damage|p1a: Dragonite|22/100
|
|-weather|none
|upkeep
|turn|9
|j| Noob 0_o
|
|t:|1757866116
|move|p1a: Dragonite|Roost|p1a: Dragonite
|-heal|p1a: Dragonite|72/100
|-singleturn|p1a: Dragonite|move: Roost
|move|p2a: Zapdos|Volt Switch|p1a: Dragonite
|-resisted|p1a: Dragonite
|-damage|p1a: Dragonite|54/100
|
|t:|1757866119
|switch|p2a: Pelipper|Pelipper, M|100/100|[from] Volt Switch
|-damage|p2a: Pelipper|75/100|[from] Stealth Rock
|-weather|RainDance|[from] ability: Drizzle|[of] p2a: Pelipper
|
|-weather|RainDance|[upkeep]
|upkeep
|turn|10
|
|t:|1757866130
|move|p1a: Dragonite|Roost|p1a: Dragonite
|-heal|p1a: Dragonite|100/100
|-singleturn|p1a: Dragonite|move: Roost
|move|p2a: Pelipper|Hurricane|p1a: Dragonite
|-damage|p1a: Dragonite|72/100
|
|-weather|RainDance|[upkeep]
|upkeep
|turn|11
|
|t:|1757866142
|-terastallize|p1a: Dragonite|Flying
|move|p1a: Dragonite|Tera Blast|p2a: Pelipper|[anim] Tera Blast Flying
|-damage|p2a: Pelipper|0 fnt
|faint|p2a: Pelipper
|
|-weather|RainDance|[upkeep]
|upkeep
|j| wgw2333
|
|t:|1757866155
|switch|p2a: Barraskewda|Barraskewda, M|100/100
|-damage|p2a: Barraskewda|88/100|[from] Stealth Rock
|turn|12
|l| wgw2333
|
|t:|1757866164
|switch|p1a: Kyurem|Kyurem|45/100
|-ability|p1a: Kyurem|Pressure
|move|p2a: Barraskewda|Flip Turn|p1a: Kyurem
|-resisted|p1a: Kyurem
|-damage|p1a: Kyurem|7/100
|
|t:|1757866168
|switch|p2a: Zapdos|Zapdos|100/100|[from] Flip Turn
|
|-weather|RainDance|[upkeep]
|upkeep
|turn|13
|
|t:|1757866170
|move|p2a: Zapdos|Hurricane|p1a: Kyurem
|-damage|p1a: Kyurem|0 fnt
|faint|p1a: Kyurem
|
|-weather|RainDance|[upkeep]
|upkeep
|
|t:|1757866185
|switch|p1a: Gholdengo|Gholdengo|100/100
|-item|p1a: Gholdengo|Air Balloon
|turn|14
|
|t:|1757866189
|move|p2a: Zapdos|Thunder|p1a: Gholdengo
|-damage|p1a: Gholdengo|34/100
|-enditem|p1a: Gholdengo|Air Balloon
|move|p1a: Gholdengo|Shadow Ball|p2a: Zapdos
|-damage|p2a: Zapdos|43/100
|
|-weather|RainDance|[upkeep]
|upkeep
|turn|15
|
|t:|1757866196
|move|p2a: Zapdos|Thunder|p1a: Gholdengo
|-damage|p1a: Gholdengo|0 fnt
|faint|p1a: Gholdengo
|
|-weather|RainDance|[upkeep]
|upkeep
|
|t:|1757866206
|switch|p1a: Iron Moth|Iron Moth|100/100
|-enditem|p1a: Iron Moth|Booster Energy
|-activate|p1a: Iron Moth|ability: Quark Drive|[fromitem]
|-start|p1a: Iron Moth|quarkdrivespe
|turn|16
|
|t:|1757866211
|switch|p2a: Clodsire|Clodsire, F|100/100
|-damage|p2a: Clodsire|94/100|[from] Stealth Rock
|move|p1a: Iron Moth|Sludge Wave|p2a: Clodsire
|-resisted|p2a: Clodsire
|-damage|p2a: Clodsire|88/100
|
|-weather|none
|-heal|p2a: Clodsire|94/100|[from] item: Leftovers
|upkeep
|turn|17
|j| wgw2333
|
|t:|1757866218
|-end|p1a: Iron Moth|Quark Drive|[silent]
|switch|p1a: Dragonite|Dragonite, F, tera:Flying|72/100
|move|p2a: Clodsire|Earthquake|p1a: Dragonite
|-immune|p1a: Dragonite
|
|-heal|p2a: Clodsire|99/100|[from] item: Leftovers
|upkeep
|turn|18
|
|t:|1757866229
|move|p1a: Dragonite|Dragon Dance|p1a: Dragonite
|-boost|p1a: Dragonite|atk|1
|-boost|p1a: Dragonite|spe|1
|move|p2a: Clodsire|Toxic|p1a: Dragonite
|-status|p1a: Dragonite|tox
|
|-heal|p2a: Clodsire|100/100|[from] item: Leftovers
|-damage|p1a: Dragonite|66/100 tox|[from] psn
|upkeep
|turn|19
|
|t:|1757866236
|switch|p2a: Corviknight|Corviknight, M|100/100
|-damage|p2a: Corviknight|88/100|[from] Stealth Rock
|-ability|p2a: Corviknight|Pressure
|move|p1a: Dragonite|Tera Blast|p2a: Corviknight|[anim] Tera Blast Flying
|-resisted|p2a: Corviknight
|-damage|p2a: Corviknight|62/100
|
|-damage|p1a: Dragonite|54/100 tox|[from] psn
|upkeep
|turn|20
|
|t:|1757866243
|switch|p1a: Iron Moth|Iron Moth|100/100
|move|p2a: Corviknight|Roost|p2a: Corviknight
|-heal|p2a: Corviknight|100/100
|-singleturn|p2a: Corviknight|move: Roost
|
|upkeep
|turn|21
|
|t:|1757866246
|switch|p2a: Clodsire|Clodsire, F|100/100
|-damage|p2a: Clodsire|94/100|[from] Stealth Rock
|move|p1a: Iron Moth|Fiery Dance|p2a: Clodsire
|-damage|p2a: Clodsire|74/100
|-boost|p1a: Iron Moth|spa|1
|
|-heal|p2a: Clodsire|80/100|[from] item: Leftovers
|upkeep
|turn|22
|
|t:|1757866250
|move|p1a: Iron Moth|Psychic|p2a: Clodsire
|-supereffective|p2a: Clodsire
|-damage|p2a: Clodsire|32/100
|-unboost|p2a: Clodsire|spd|1
|move|p2a: Clodsire|Earthquake|p1a: Iron Moth
|-supereffective|p1a: Iron Moth
|-damage|p1a: Iron Moth|0 fnt
|faint|p1a: Iron Moth
|-end|p1a: Iron Moth|Quark Drive|[silent]
|
|-heal|p2a: Clodsire|38/100|[from] item: Leftovers
|upkeep
|
|t:|1757866258
|switch|p1a: Dragonite|Dragonite, F, tera:Flying|54/100 tox
|turn|23
|
|t:|1757866261
|switch|p2a: Corviknight|Corviknight, M|100/100
|-damage|p2a: Corviknight|88/100|[from] Stealth Rock
|-ability|p2a: Corviknight|Pressure
|move|p1a: Dragonite|Tera Blast|p2a: Corviknight|[anim] Tera Blast Flying
|-resisted|p2a: Corviknight
|-damage|p2a: Corviknight|70/100
|
|-damage|p1a: Dragonite|48/100 tox|[from] psn
|upkeep
|turn|24
|
|t:|1757866268
|switch|p1a: Zamazenta|Zamazenta|100/100
|-ability|p1a: Zamazenta|Dauntless Shield|boost
|-boost|p1a: Zamazenta|def|1
|move|p2a: Corviknight|Defog|p1a: Zamazenta
|-unboost|p1a: Zamazenta|evasion|1
|-sideend|p2: Thibault56|Stealth Rock|[from] move: Defog|[of] p2a: Corviknight
|
|upkeep
|turn|25
|
|t:|1757866271
|move|p1a: Zamazenta|Iron Defense|p1a: Zamazenta
|-boost|p1a: Zamazenta|def|2
|move|p2a: Corviknight|U-turn|p1a: Zamazenta
|-resisted|p1a: Zamazenta
|-damage|p1a: Zamazenta|98/100
|
|t:|1757866273
|switch|p2a: Incineroar|Incineroar, M|91/100|[from] U-turn
|-ability|p2a: Incineroar|Intimidate|boost
|-unboost|p1a: Zamazenta|atk|1
|
|-heal|p1a: Zamazenta|100/100|[from] item: Leftovers
|upkeep
|turn|26
|
|t:|1757866278
|-terastallize|p2a: Incineroar|Fairy
|move|p1a: Zamazenta|Body Press|p2a: Incineroar
|-resisted|p2a: Incineroar
|-damage|p2a: Incineroar|50/100
|move|p2a: Incineroar|Will-O-Wisp|p1a: Zamazenta
|-status|p1a: Zamazenta|brn
|
|-damage|p1a: Zamazenta|94/100 brn|[from] brn
|upkeep
|turn|27
|
|t:|1757866288
|move|p1a: Zamazenta|Iron Defense|p1a: Zamazenta
|-boost|p1a: Zamazenta|def|2
|move|p2a: Incineroar|Knock Off|p1a: Zamazenta
|-resisted|p1a: Zamazenta
|-damage|p1a: Zamazenta|90/100 brn
|-enditem|p1a: Zamazenta|Leftovers|[from] move: Knock Off|[of] p2a: Incineroar
|
|-damage|p1a: Zamazenta|84/100 brn|[from] brn
|upkeep
|turn|28
|
|t:|1757866291
|move|p1a: Zamazenta|Iron Defense|p1a: Zamazenta
|-boost|p1a: Zamazenta|def|1
|move|p2a: Incineroar|Parting Shot|p1a: Zamazenta
|-unboost|p1a: Zamazenta|atk|1
|-unboost|p1a: Zamazenta|spa|1
|
|t:|1757866300
|switch|p2a: Clodsire|Clodsire, F|38/100|[from] Parting Shot
|
|-heal|p2a: Clodsire|44/100|[from] item: Leftovers
|-damage|p1a: Zamazenta|77/100 brn|[from] brn
|upkeep
|turn|29
|
|t:|1757866305
|move|p1a: Zamazenta|Body Press|p2a: Clodsire
|-resisted|p2a: Clodsire
|-damage|p2a: Clodsire|4/100
|move|p2a: Clodsire|Recover|p2a: Clodsire
|-heal|p2a: Clodsire|54/100
|
|-heal|p2a: Clodsire|60/100|[from] item: Leftovers
|-damage|p1a: Zamazenta|71/100 brn|[from] brn
|upkeep
|turn|30
|
|t:|1757866308
|move|p1a: Zamazenta|Body Press|p2a: Clodsire
|-resisted|p2a: Clodsire
|-damage|p2a: Clodsire|21/100
|move|p2a: Clodsire|Recover|p2a: Clodsire
|-heal|p2a: Clodsire|71/100
|
|-heal|p2a: Clodsire|77/100|[from] item: Leftovers
|-damage|p1a: Zamazenta|65/100 brn|[from] brn
|upkeep
|turn|31
|
|t:|1757866311
|move|p1a: Zamazenta|Body Press|p2a: Clodsire
|-resisted|p2a: Clodsire
|-damage|p2a: Clodsire|38/100
|move|p2a: Clodsire|Recover|p2a: Clodsire
|-heal|p2a: Clodsire|88/100
|
|-heal|p2a: Clodsire|94/100|[from] item: Leftovers
|-damage|p1a: Zamazenta|59/100 brn|[from] brn
|upkeep
|turn|32
|
|t:|1757866319
|move|p1a: Zamazenta|Body Press|p2a: Clodsire
|-resisted|p2a: Clodsire
|-damage|p2a: Clodsire|55/100
|move|p2a: Clodsire|Recover|p2a: Clodsire
|-heal|p2a: Clodsire|100/100
|
|-damage|p1a: Zamazenta|53/100 brn|[from] brn
|upkeep
|turn|33
|
|t:|1757866326
|move|p1a: Zamazenta|Body Press|p2a: Clodsire
|-resisted|p2a: Clodsire
|-damage|p2a: Clodsire|63/100
|move|p2a: Clodsire|Earthquake|p1a: Zamazenta
|-crit|p1a: Zamazenta
|-damage|p1a: Zamazenta|17/100 brn
|
|-heal|p2a: Clodsire|69/100|[from] item: Leftovers
|-damage|p1a: Zamazenta|11/100 brn|[from] brn
|upkeep
|turn|34
|
|t:|1757866329
|move|p1a: Zamazenta|Body Press|p2a: Clodsire
|-resisted|p2a: Clodsire
|-damage|p2a: Clodsire|34/100
|move|p2a: Clodsire|Recover|p2a: Clodsire
|-heal|p2a: Clodsire|84/100
|
|-heal|p2a: Clodsire|90/100|[from] item: Leftovers
|-damage|p1a: Zamazenta|4/100 brn|[from] brn
|upkeep
|turn|35
|
|t:|1757866331
|move|p1a: Zamazenta|Body Press|p2a: Clodsire
|-resisted|p2a: Clodsire
|-damage|p2a: Clodsire|51/100
|move|p2a: Clodsire|Recover|p2a: Clodsire
|-heal|p2a: Clodsire|100/100
|
|-damage|p1a: Zamazenta|0 fnt|[from] brn
|faint|p1a: Zamazenta
|upkeep
|
|t:|1757866333
|switch|p1a: Dragonite|Dragonite, F, tera:Flying|48/100 tox
|turn|36
|
|t:|1757866337
|move|p1a: Dragonite|Dragon Dance|p1a: Dragonite
|-boost|p1a: Dragonite|atk|1
|-boost|p1a: Dragonite|spe|1
|move|p2a: Clodsire|Gunk Shot|p1a: Dragonite
|-damage|p1a: Dragonite|10/100 tox
|
|-damage|p1a: Dragonite|4/100 tox|[from] psn
|upkeep
|turn|37
|
|t:|1757866342
|move|p1a: Dragonite|Roost|p1a: Dragonite
|-heal|p1a: Dragonite|54/100 tox
|-hint|If a Terastallized Pokemon uses Roost, it remains Flying-type.
|move|p2a: Clodsire|Recover||[still]
|-fail|p2a: Clodsire|heal
|
|-damage|p1a: Dragonite|42/100 tox|[from] psn
|upkeep
|turn|38
|
|t:|1757866345
|switch|p2a: Corviknight|Corviknight, M|70/100
|-ability|p2a: Corviknight|Pressure
|move|p1a: Dragonite|Earthquake|p2a: Corviknight
|-immune|p2a: Corviknight
|
|-damage|p1a: Dragonite|23/100 tox|[from] psn
|upkeep
|turn|39
|-message|1shy9 forfeited.
|
|win|Thibault56
|raw|1shy9's rating: 1669 &rarr; <strong>1653</strong><br />(-16 for losing)
|raw|Thibault56's rating: 1735 &rarr; <strong>1751</strong><br />(+16 for winning)
|l|‽1shy9
|player|p1|
|l|☆Thibault56
|player|p2|
|l| wgw2333
