|j|☆fregene97
|j|☆Leader Alastor
|t:|1757848535
|gametype|singles
|player|p1|fregene97|tuber|1183
|player|p2|Leader Alastor|blue|1234
|gen|9
|tier|[Gen 9] OU
|rated|
|rule|HP Percentage Mod: HP is shown in percentages
|rule|Endless Battle Clause: Forcing endless battles is banned
|rule|Species Clause: Limit one of each Pokémon
|rule|OHKO Clause: OHKO moves are banned
|rule|Evasion Items Clause: Evasion items are banned
|rule|Evasion Moves Clause: Evasion moves are banned
|rule|Evasion Abilities Clause: Evasion abilities are banned
|rule|Sleep Moves Clause: Sleep-inducing moves are banned
|clearpoke
|poke|p1|Thwackey, F|
|poke|p1|Hawlucha, M|
|poke|p1|Latios, M|
|poke|p1|Heatran, F|
|poke|p1|Manaphy|
|poke|p1|Comfey, F|
|poke|p2|Ceruledge, F|
|poke|p2|Iron Valiant|
|poke|p2|Lilligant, F|
|poke|p2|Cloyster, M|
|poke|p2|Noivern, M|
|poke|p2|Malamar, F|
|teampreview
|inactive|Battle timer is ON: inactive players will automatically lose when time's up. (requested by fregene97)
|inactive|Leader Alastor also wants the timer to be on.
|
|t:|1757848550
|teamsize|p1|6
|teamsize|p2|6
|start
|switch|p1a: Heatran|Heatran, F|100/100
|switch|p2a: Trident|Cloyster, M|100/100
|turn|1
|
|t:|1757848558
|move|p2a: Trident|Shell Smash|p2a: Trident
|-unboost|p2a: Trident|def|1
|-unboost|p2a: Trident|spd|1
|-boost|p2a: Trident|atk|2
|-boost|p2a: Trident|spa|2
|-boost|p2a: Trident|spe|2
|move|p1a: Heatran|Magma Storm|p2a: Trident|[miss]
|-miss|p1a: Heatran|p2a: Trident
|
|upkeep
|turn|2
|
|t:|1757848566
|-terastallize|p1a: Heatran|Grass
|move|p2a: Trident|Waterfall|p1a: Heatran
|-resisted|p1a: Heatran
|-damage|p1a: Heatran|71/100
|move|p1a: Heatran|Earth Power|p2a: Trident
|-enditem|p2a: Trident|Focus Sash
|-damage|p2a: Trident|1/100
|
|-heal|p1a: Heatran|77/100|[from] item: Leftovers
|upkeep
|turn|3
|
|t:|1757848575
|move|p2a: Trident|Icicle Spear|p1a: Heatran
|-supereffective|p1a: Heatran
|-damage|p1a: Heatran|39/100
|-supereffective|p1a: Heatran
|-damage|p1a: Heatran|0 fnt
|faint|p1a: Heatran
|-hitcount|p1: Heatran|2
|
|upkeep
|
|t:|1757848578
|switch|p1a: Comfey|Comfey, F|100/100
|turn|4
|
|t:|1757848589
|move|p1a: Comfey|Draining Kiss|p2a: Trident
|-damage|p2a: Trident|0 fnt
|faint|p2a: Trident
|
|upkeep
|
|t:|1757848593
|switch|p2a: Flamberge|Ceruledge, F|100/100
|turn|5
|
|t:|1757848609
|move|p2a: Flamberge|Bulk Up|p2a: Flamberge
|-boost|p2a: Flamberge|atk|1
|-boost|p2a: Flamberge|def|1
|move|p1a: Comfey|Taunt|p2a: Flamberge
|-start|p2a: Flamberge|move: Taunt
|
|upkeep
|turn|6
|
|t:|1757848614
|move|p2a: Flamberge|Bitter Blade|p1a: Comfey
|-damage|p1a: Comfey|11/100
|move|p1a: Comfey|Calm Mind|p1a: Comfey
|-boost|p1a: Comfey|spa|1
|-boost|p1a: Comfey|spd|1
|
|upkeep
|turn|7
|
|t:|1757848618
|move|p1a: Comfey|Draining Kiss|p2a: Flamberge
|-resisted|p2a: Flamberge
|-damage|p2a: Flamberge|81/100
|-heal|p1a: Comfey|25/100|[from] drain|[of] p2a: Flamberge
|move|p2a: Flamberge|Bitter Blade|p1a: Comfey
|-damage|p1a: Comfey|0 fnt
|-heal|p2a: Flamberge|94/100|[from] drain|[of] p1a: Comfey
|faint|p1a: Comfey
|
|upkeep
|
|t:|1757848626
|switch|p1a: Manaphy|Manaphy|100/100
|turn|8
|inactive|Leader Alastor has 120 seconds left.
|
|t:|1757848658
|switch|p2a: Scimitar|Noivern, M|100/100
|move|p1a: Manaphy|Surf|p2a: Scimitar
|-resisted|p2a: Scimitar
|-damage|p2a: Scimitar|76/100
|
|upkeep
|turn|9
|
|t:|1757848666
|move|p2a: Scimitar|Boomburst|p1a: Manaphy
|-damage|p1a: Manaphy|60/100
|-enditem|p2a: Scimitar|Throat Spray
|-boost|p2a: Scimitar|spa|1|[from] item: Throat Spray
|move|p1a: Manaphy|Ice Beam|p2a: Scimitar
|-supereffective|p2a: Scimitar
|-damage|p2a: Scimitar|0 fnt
|faint|p2a: Scimitar
|
|-heal|p1a: Manaphy|66/100|[from] item: Leftovers
|upkeep
|inactive|Leader Alastor has 120 seconds left.
|inactive|Leader Alastor has 90 seconds left.
|
|t:|1757848722
|switch|p2a: Partisan|Malamar, F|100/100
|turn|10
|-activate|p2a: Partisan|item: Quick Claw
|
|t:|1757848728
|move|p2a: Partisan|Superpower|p1a: Manaphy
|-damage|p1a: Manaphy|32/100
|-boost|p2a: Partisan|atk|1
|-boost|p2a: Partisan|def|1
|move|p1a: Manaphy|Tail Glow|p1a: Manaphy
|-boost|p1a: Manaphy|spa|3
|
|-heal|p1a: Manaphy|39/100|[from] item: Leftovers
|upkeep
|turn|11
|inactive|Leader Alastor has 90 seconds left.
|
|t:|1757848735
|move|p1a: Manaphy|Surf|p2a: Partisan
|-damage|p2a: Partisan|0 fnt
|faint|p2a: Partisan
|
|-heal|p1a: Manaphy|45/100|[from] item: Leftovers
|upkeep
|
|t:|1757848738
|switch|p2a: Glaive|Iron Valiant|100/100
|-enditem|p2a: Glaive|Booster Energy
|-activate|p2a: Glaive|ability: Quark Drive|[fromitem]
|-start|p2a: Glaive|quarkdrivespe
|turn|12
|
|t:|1757848743
|move|p2a: Glaive|Spirit Break|p1a: Manaphy
|-damage|p1a: Manaphy|6/100
|-unboost|p1a: Manaphy|spa|1
|move|p1a: Manaphy|Ice Beam|p2a: Glaive
|-damage|p2a: Glaive|16/100
|
|-heal|p1a: Manaphy|12/100|[from] item: Leftovers
|upkeep
|turn|13
|
|t:|1757848747
|move|p2a: Glaive|Drain Punch|p1a: Manaphy
|-damage|p1a: Manaphy|0 fnt
|-heal|p2a: Glaive|23/100|[from] drain|[of] p1a: Manaphy
|faint|p1a: Manaphy
|
|upkeep
|
|t:|1757848751
|switch|p1a: Hawlucha|Hawlucha, M|100/100
|turn|14
|
|t:|1757848759
|switch|p1a: Thwackey|Thwackey, F|100/100
|-fieldstart|move: Grassy Terrain|[from] ability: Grassy Surge|[of] p1a: Thwackey
|move|p2a: Glaive|Spirit Break|p1a: Thwackey
|-damage|p1a: Thwackey|67/100
|-unboost|p1a: Thwackey|spa|1
|
|-heal|p2a: Glaive|29/100|[from] Grassy Terrain
|-heal|p1a: Thwackey|73/100|[from] Grassy Terrain
|upkeep
|turn|15
|
|t:|1757848772
|-terastallize|p2a: Glaive|Steel
|move|p1a: Thwackey|Grassy Glide|p2a: Glaive
|-resisted|p2a: Glaive
|-damage|p2a: Glaive|14/100
|move|p2a: Glaive|Swords Dance|p2a: Glaive
|-boost|p2a: Glaive|atk|2
|
|-heal|p2a: Glaive|20/100|[from] Grassy Terrain
|-heal|p1a: Thwackey|79/100|[from] Grassy Terrain
|upkeep
|turn|16
|
|t:|1757848780
|move|p2a: Glaive|Drain Punch|p1a: Thwackey
|-damage|p1a: Thwackey|10/100
|-heal|p2a: Glaive|62/100|[from] drain|[of] p1a: Thwackey
|move|p1a: Thwackey|Knock Off|p2a: Glaive
|-damage|p2a: Glaive|44/100
|
|-heal|p2a: Glaive|50/100|[from] Grassy Terrain
|-heal|p1a: Thwackey|16/100|[from] Grassy Terrain
|upkeep
|turn|17
|
|t:|1757848785
|move|p2a: Glaive|Drain Punch|p1a: Thwackey
|-damage|p1a: Thwackey|0 fnt
|-heal|p2a: Glaive|59/100|[from] drain|[of] p1a: Thwackey
|faint|p1a: Thwackey
|
|-heal|p2a: Glaive|65/100|[from] Grassy Terrain
|upkeep
|
|t:|1757848789
|switch|p1a: Hawlucha|Hawlucha, M|100/100
|-enditem|p1a: Hawlucha|Grassy Seed
|-boost|p1a: Hawlucha|def|1|[from] item: Grassy Seed
|turn|18
|
|t:|1757848795
|move|p1a: Hawlucha|Close Combat|p2a: Glaive
|-supereffective|p2a: Glaive
|-damage|p2a: Glaive|0 fnt
|-unboost|p1a: Hawlucha|def|1
|-unboost|p1a: Hawlucha|spd|1
|faint|p2a: Glaive
|-end|p2a: Glaive|Quark Drive|[silent]
|
|upkeep
|
|t:|1757848798
|switch|p2a: Flamberge|Ceruledge, F|94/100
|turn|19
|
|t:|1757848803
|move|p1a: Hawlucha|Acrobatics|p2a: Flamberge
|-damage|p2a: Flamberge|28/100
|-ability|p2a: Flamberge|Weak Armor|boost
|-unboost|p2a: Flamberge|def|1
|-boost|p2a: Flamberge|spe|2
|move|p2a: Flamberge|Bitter Blade|p1a: Hawlucha
|-damage|p1a: Hawlucha|37/100
|-heal|p2a: Flamberge|64/100|[from] drain|[of] p1a: Hawlucha
|
|-heal|p2a: Flamberge|71/100|[from] Grassy Terrain
|upkeep
|turn|20
|
|t:|1757848811
|move|p1a: Hawlucha|Acrobatics|p2a: Flamberge
|-damage|p2a: Flamberge|0 fnt
|faint|p2a: Flamberge
|
|upkeep
|-message|Leader Alastor forfeited.
|
|win|fregene97
|raw|fregene97's rating: 1183 &rarr; <strong>1212</strong><br />(+29 for winning)
|raw|Leader Alastor's rating: 1234 &rarr; <strong>1205</strong><br />(-29 for losing)
|l|☆Leader Alastor
|player|p2|
|l|☆fregene97
|player|p1|
