|j|‽DiceyRice
|j|☆Tigerballs
|t:|1757833567
|gametype|singles
|player|p1|DiceyRice|hilda-wonderlauncher|1704
|player|p2|Tigerballs|swimmer-gen4dp|1726
|gen|9
|tier|[Gen 9] OU
|rated|
|rule|HP Percentage Mod: HP is shown in percentages
|rule|Endless Battle Clause: Forcing endless battles is banned
|rule|Species Clause: Limit one of each Pokémon
|rule|OHKO Clause: OHKO moves are banned
|rule|Evasion Items Clause: Evasion items are banned
|rule|Evasion Moves Clause: Evasion moves are banned
|rule|Evasion Abilities Clause: Evasion abilities are banned
|rule|Sleep Moves Clause: Sleep-inducing moves are banned
|clearpoke
|poke|p1|Indeedee, M|
|poke|p1|Hatterene, F|
|poke|p1|Armarouge, M|
|poke|p1|Cinderace, F|
|poke|p1|Ursaluna, F|
|poke|p1|Porygon2|
|poke|p2|Ninetales-Alola, M|
|poke|p2|Skeledirge, F|
|poke|p2|Okidogi, M|
|poke|p2|Vaporeon, F|
|poke|p2|Cresselia, F|
|poke|p2|Darkrai|
|teampreview
|
|t:|1757833591
|teamsize|p1|6
|teamsize|p2|6
|start
|switch|p1a: Cinderace|Cinderace, F|100/100
|switch|p2a: Skeledirge|Skeledirge, F|100/100
|turn|1
|inactive|Battle timer is ON: inactive players will automatically lose when time's up. (requested by Tigerballs)
|
|t:|1757833620
|move|p1a: Cinderace|U-turn|p2a: Skeledirge
|-start|p1a: Cinderace|typechange|Bug|[from] ability: Libero
|-resisted|p2a: Skeledirge
|-damage|p2a: Skeledirge|96/100
|
|t:|1757833623
|switch|p1a: Ursaluna|Ursaluna, F|100/100|[from] U-turn
|move|p2a: Skeledirge|Torch Song|p1a: Ursaluna
|-damage|p1a: Ursaluna|75/100
|-boost|p2a: Skeledirge|spa|1
|
|-heal|p2a: Skeledirge|100/100|[from] item: Leftovers
|-status|p1a: Ursaluna|brn|[from] item: Flame Orb
|upkeep
|turn|2
|j| Rizzofreko
|inactive|Tigerballs has 120 seconds left.
|
|t:|1757833657
|switch|p2a: Cresselia|Cresselia, F|100/100
|move|p1a: Ursaluna|Headlong Rush|p2a: Cresselia
|-immune|p2a: Cresselia|[from] ability: Levitate
|
|-damage|p1a: Ursaluna|69/100 brn|[from] brn
|upkeep
|turn|3
|inactive|Tigerballs has 120 seconds left.
|
|t:|1757833668
|switch|p1a: Cinderace|Cinderace, F|100/100
|move|p2a: Cresselia|Psychic|p1a: Cinderace
|-damage|p1a: Cinderace|51/100
|
|upkeep
|turn|4
|
|t:|1757833675
|move|p1a: Cinderace|U-turn|p2a: Cresselia
|-start|p1a: Cinderace|typechange|Bug|[from] ability: Libero
|-supereffective|p2a: Cresselia
|-damage|p2a: Cresselia|48/100
|
|t:|1757833678
|switch|p1a: Armarouge|Armarouge, M|100/100|[from] U-turn
|move|p2a: Cresselia|Psychic|p1a: Armarouge
|-resisted|p1a: Armarouge
|-damage|p1a: Armarouge|80/100
|
|upkeep
|turn|5
|l| Rizzofreko
|
|t:|1757833689
|switch|p2a: Darkrai|Darkrai|100/100
|switch|p1a: Porygon2|Porygon2|100/100
|-ability|p1a: Porygon2|Download|boost
|-boost|p1a: Porygon2|spa|1
|
|upkeep
|turn|6
|
|t:|1757833696
|move|p2a: Darkrai|Focus Blast|p1a: Porygon2
|-supereffective|p1a: Porygon2
|-damage|p1a: Porygon2|20/100
|move|p1a: Porygon2|Trick Room|p1a: Porygon2
|-fieldstart|move: Trick Room|[of] p1a: Porygon2
|
|upkeep
|turn|7
|
|t:|1757833704
|switch|p1a: Hatterene|Hatterene, F|100/100
|move|p2a: Darkrai|Focus Blast|p1a: Hatterene
|-resisted|p1a: Hatterene
|-damage|p1a: Hatterene|83/100
|
|upkeep
|turn|8
|j| heatraniac
|
|t:|1757833712
|switch|p2a: Mermaid cat|Vaporeon, F|100/100
|move|p1a: Hatterene|Psychic Noise|p2a: Mermaid cat
|-damage|p2a: Mermaid cat|80/100
|-start|p2a: Mermaid cat|move: Heal Block
|
|upkeep
|turn|9
|l| heatraniac
|
|t:|1757833724
|move|p1a: Hatterene|Psychic Noise|p2a: Mermaid cat
|-damage|p2a: Mermaid cat|62/100
|move|p2a: Mermaid cat|Scald|p1a: Hatterene
|-damage|p1a: Hatterene|51/100
|
|-end|p2a: Mermaid cat|move: Heal Block
|upkeep
|turn|10
|
|t:|1757833733
|move|p1a: Hatterene|Psychic Noise|p2a: Mermaid cat
|-damage|p2a: Mermaid cat|45/100
|-start|p2a: Mermaid cat|move: Heal Block
|move|p2a: Mermaid cat|Scald|p1a: Hatterene
|-damage|p1a: Hatterene|18/100
|-status|p1a: Hatterene|brn
|
|-damage|p1a: Hatterene|12/100 brn|[from] brn
|-fieldend|move: Trick Room
|upkeep
|turn|11
|
|t:|1757833745
|move|p2a: Mermaid cat|Scald|p1a: Hatterene
|-damage|p1a: Hatterene|0 fnt
|faint|p1a: Hatterene
|
|-end|p2a: Mermaid cat|move: Heal Block
|upkeep
|
|t:|1757833748
|switch|p1a: Cinderace|Cinderace, F|51/100
|turn|12
|
|t:|1757833755
|switch|p2a: Skeledirge|Skeledirge, F|100/100
|move|p1a: Cinderace|High Jump Kick|p2a: Skeledirge
|-start|p1a: Cinderace|typechange|Fighting|[from] ability: Libero
|-immune|p2a: Skeledirge
|-damage|p1a: Cinderace|1/100|[from] highjumpkick
|
|upkeep
|turn|13
|
|t:|1757833768
|switch|p1a: Indeedee|Indeedee, M|100/100
|-fieldstart|move: Psychic Terrain|[from] ability: Psychic Surge|[of] p1a: Indeedee
|move|p2a: Skeledirge|Torch Song|p1a: Indeedee
|-damage|p1a: Indeedee|63/100
|-boost|p2a: Skeledirge|spa|1
|
|upkeep
|turn|14
|
|t:|1757833778
|move|p1a: Indeedee|Healing Wish|p1a: Indeedee
|faint|p1a: Indeedee
|move|p2a: Skeledirge|Torch Song|p1: Indeedee|[notarget]
|-fail|p2a: Skeledirge
|
|upkeep
|
|t:|1757833779
|switch|p1a: Porygon2|Porygon2|20/100
|-heal|p1a: Porygon2|100/100|[from] move: Healing Wish
|-ability|p1a: Porygon2|Download|boost
|-boost|p1a: Porygon2|spa|1
|turn|15
|
|t:|1757833798
|switch|p2a: Cresselia|Cresselia, F|48/100
|move|p1a: Porygon2|Trick Room|p1a: Porygon2
|-fieldstart|move: Trick Room|[of] p1a: Porygon2
|
|upkeep
|turn|16
|
|t:|1757833806
|move|p1a: Porygon2|Tera Blast|p2a: Cresselia
|-damage|p2a: Cresselia|11/100
|move|p2a: Cresselia|Trick|p1a: Porygon2
|-activate|p2a: Cresselia|move: Trick|[of] p1a: Porygon2
|-item|p1a: Porygon2|Choice Scarf|[from] move: Trick
|-item|p2a: Cresselia|Eviolite|[from] move: Trick
|
|upkeep
|turn|17
|
|t:|1757833817
|switch|p2a: Skeledirge|Skeledirge, F|100/100
|move|p1a: Porygon2|Tera Blast|p2a: Skeledirge
|-immune|p2a: Skeledirge
|
|upkeep
|turn|18
|
|t:|1757833824
|switch|p2a: Cresselia|Cresselia, F|11/100
|move|p1a: Porygon2|Tera Blast|p2a: Cresselia
|-damage|p2a: Cresselia|0 fnt
|faint|p2a: Cresselia
|
|upkeep
|
|t:|1757833851
|switch|p2a: Skeledirge|Skeledirge, F|100/100
|turn|19
|
|t:|1757833857
|switch|p2a: Ninetales|Ninetales-Alola, M, shiny|100/100
|-weather|Snowscape|[from] ability: Snow Warning|[of] p2a: Ninetales
|-terastallize|p1a: Porygon2|Ground
|move|p1a: Porygon2|Tera Blast|p2a: Ninetales|[anim] Tera Blast Ground
|-damage|p2a: Ninetales|34/100
|
|-weather|Snowscape|[upkeep]
|-fieldend|move: Trick Room
|upkeep
|turn|20
|
|t:|1757833868
|switch|p1a: Ursaluna|Ursaluna, F|69/100 brn
|move|p2a: Ninetales|Blizzard|p1a: Ursaluna
|-supereffective|p1a: Ursaluna
|-damage|p1a: Ursaluna|0 fnt
|faint|p1a: Ursaluna
|
|-weather|Snowscape|[upkeep]
|-fieldend|move: Psychic Terrain
|upkeep
|
|t:|1757833869
|switch|p1a: Armarouge|Armarouge, M|80/100
|turn|21
|j| wgw2333
|
|t:|1757833885
|switch|p2a: Skeledirge|Skeledirge, F|100/100
|move|p1a: Armarouge|Expanding Force|p2a: Skeledirge
|-damage|p2a: Skeledirge|55/100
|
|-weather|Snowscape|[upkeep]
|-heal|p2a: Skeledirge|61/100|[from] item: Leftovers
|upkeep
|turn|22
|j| Rainbow Chrome
|
|t:|1757833896
|switch|p2a: Darkrai|Darkrai|100/100
|move|p1a: Armarouge|Expanding Force|p2a: Darkrai
|-immune|p2a: Darkrai
|
|-weather|Snowscape|[upkeep]
|upkeep
|turn|23
|
|t:|1757833904
|switch|p1a: Porygon2|Porygon2, tera:Ground|100/100
|-ability|p1a: Porygon2|Download|boost
|-boost|p1a: Porygon2|spa|1
|move|p2a: Darkrai|Dark Pulse|p1a: Porygon2
|-damage|p1a: Porygon2|34/100
|
|-weather|none
|upkeep
|turn|24
|
|t:|1757833913
|move|p2a: Darkrai|Dark Pulse|p1a: Porygon2
|-damage|p1a: Porygon2|0 fnt
|faint|p1a: Porygon2
|
|upkeep
|
|t:|1757833914
|switch|p1a: Cinderace|Cinderace, F|1/100
|turn|25
|
|t:|1757833921
|switch|p2a: Skeledirge|Skeledirge, F|61/100
|move|p1a: Cinderace|High Jump Kick|p2a: Skeledirge
|-start|p1a: Cinderace|typechange|Fighting|[from] ability: Libero
|-immune|p2a: Skeledirge
|-damage|p1a: Cinderace|0 fnt|[from] highjumpkick
|faint|p1a: Cinderace
|
|-heal|p2a: Skeledirge|67/100|[from] item: Leftovers
|upkeep
|
|t:|1757833922
|switch|p1a: Armarouge|Armarouge, M|80/100
|turn|26
|l| Rainbow Chrome
|
|t:|1757833935
|move|p1a: Armarouge|Armor Cannon|p2a: Skeledirge
|-resisted|p2a: Skeledirge
|-damage|p2a: Skeledirge|30/100
|-unboost|p1a: Armarouge|def|1
|-unboost|p1a: Armarouge|spd|1
|move|p2a: Skeledirge|Slack Off|p2a: Skeledirge
|-heal|p2a: Skeledirge|80/100
|
|-heal|p2a: Skeledirge|86/100|[from] item: Leftovers
|upkeep
|turn|27
|
|t:|1757833945
|move|p1a: Armarouge|Expanding Force|p2a: Skeledirge
|-damage|p2a: Skeledirge|36/100
|move|p2a: Skeledirge|Hex|p1a: Armarouge
|-supereffective|p1a: Armarouge
|-damage|p1a: Armarouge|20/100
|-enditem|p1a: Armarouge|Weakness Policy
|-boost|p1a: Armarouge|atk|2|[from] item: Weakness Policy
|-boost|p1a: Armarouge|spa|2|[from] item: Weakness Policy
|
|-heal|p2a: Skeledirge|42/100|[from] item: Leftovers
|upkeep
|turn|28
|-message|DiceyRice forfeited.
|
|win|Tigerballs
|raw|DiceyRice's rating: 1704 &rarr; <strong>1685</strong><br />(-19 for losing)
|raw|Tigerballs's rating: 1726 &rarr; <strong>1745</strong><br />(+19 for winning)
|c|☆Tigerballs|Gg
|l|☆Tigerballs
|player|p2|
|j|☆Tigerballs
|player|p2|Tigerballs|swimmer-gen4dp|
|l|☆Tigerballs
|player|p2|
