|j|☆S11xSummarized
|j|☆kudohoang
|t:|1757941813
|gametype|singles
|player|p1|S11xSummarized|rosa|1149
|player|p2|kudohoang|265|1140
|gen|9
|tier|[Gen 9] OU
|rated|
|rule|HP Percentage Mod: HP is shown in percentages
|rule|Endless Battle Clause: Forcing endless battles is banned
|rule|Species Clause: Limit one of each Pokémon
|rule|OHKO Clause: OHKO moves are banned
|rule|Evasion Items Clause: Evasion items are banned
|rule|Evasion Moves Clause: Evasion moves are banned
|rule|Evasion Abilities Clause: Evasion abilities are banned
|rule|Sleep Moves Clause: Sleep-inducing moves are banned
|clearpoke
|poke|p1|Indeedee-F, F|
|poke|p1|Armarouge, M|
|poke|p1|Polteageist-Antique|
|poke|p1|Hatterene, F|
|poke|p1|Great Tusk|
|poke|p1|Serperior, F|
|poke|p2|Talonflame, M|
|poke|p2|Jolteon, M|
|poke|p2|Gengar, F|
|poke|p2|Garganacl, F|
|poke|p2|Clefable, F|
|poke|p2|Milotic, F|
|teampreview
|
|t:|1757941819
|teamsize|p1|6
|teamsize|p2|6
|start
|switch|p1a: Indeedee|Indeedee-F, F|100/100
|switch|p2a: Talonflame|Talonflame, M|100/100
|-fieldstart|move: Psychic Terrain|[from] ability: Psychic Surge|[of] p1a: Indeedee
|turn|1
|
|t:|1757941835
|switch|p1a: Hatterene|Hatterene, F|100/100
|move|p2a: Talonflame|Taunt|p1a: Hatterene
|move|p1a: Hatterene|Taunt|p2a: Talonflame|[from] ability: Magic Bounce
|-start|p2a: Talonflame|move: Taunt
|
|upkeep
|turn|2
|
|t:|1757941859
|switch|p2a: Garganacl|Garganacl, F|100/100
|move|p1a: Hatterene|Draining Kiss|p2a: Garganacl
|-damage|p2a: Garganacl|79/100
|
|-heal|p2a: Garganacl|85/100|[from] item: Leftovers
|upkeep
|turn|3
|
|t:|1757941870
|move|p2a: Garganacl|Salt Cure|p1a: Hatterene
|-damage|p1a: Hatterene|85/100
|-start|p1a: Hatterene|Salt Cure
|move|p1a: Hatterene|Calm Mind|p1a: Hatterene
|-boost|p1a: Hatterene|spa|1
|-boost|p1a: Hatterene|spd|1
|
|-heal|p2a: Garganacl|91/100|[from] item: Leftovers
|-heal|p1a: Hatterene|91/100|[from] item: Leftovers
|-damage|p1a: Hatterene|79/100|[from] Salt Cure
|upkeep
|turn|4
|
|t:|1757941880
|move|p2a: Garganacl|Earthquake|p1a: Hatterene
|-damage|p1a: Hatterene|51/100
|move|p1a: Hatterene|Draining Kiss|p2a: Garganacl
|-damage|p2a: Garganacl|59/100
|-heal|p1a: Hatterene|82/100|[from] drain|[of] p2a: Garganacl
|
|-heal|p2a: Garganacl|65/100|[from] item: Leftovers
|-heal|p1a: Hatterene|88/100|[from] item: Leftovers
|-damage|p1a: Hatterene|75/100|[from] Salt Cure
|upkeep
|turn|5
|
|t:|1757941896
|switch|p2a: Milotic|Milotic, F|100/100
|move|p1a: Hatterene|Draining Kiss|p2a: Milotic
|-crit|p2a: Milotic
|-damage|p2a: Milotic|67/100
|-heal|p1a: Hatterene|100/100|[from] drain|[of] p2a: Milotic
|
|-damage|p1a: Hatterene|88/100|[from] Salt Cure
|-status|p2a: Milotic|brn|[from] item: Flame Orb
|upkeep
|turn|6
|
|t:|1757941914
|move|p2a: Milotic|Scald|p1a: Hatterene
|-damage|p1a: Hatterene|68/100
|-status|p1a: Hatterene|brn
|move|p1a: Hatterene|Psyshock|p2a: Milotic
|-damage|p2a: Milotic|31/100 brn
|
|-heal|p1a: Hatterene|74/100 brn|[from] item: Leftovers
|-damage|p2a: Milotic|25/100 brn|[from] brn
|-damage|p1a: Hatterene|68/100 brn|[from] brn
|-damage|p1a: Hatterene|56/100 brn|[from] Salt Cure
|upkeep
|turn|7
|
|t:|1757941928
|move|p2a: Milotic|Recover|p2a: Milotic
|-heal|p2a: Milotic|75/100 brn
|move|p1a: Hatterene|Draining Kiss|p2a: Milotic
|-damage|p2a: Milotic|55/100 brn
|-heal|p1a: Hatterene|75/100 brn|[from] drain|[of] p2a: Milotic
|
|-heal|p1a: Hatterene|81/100 brn|[from] item: Leftovers
|-damage|p2a: Milotic|48/100 brn|[from] brn
|-damage|p1a: Hatterene|75/100 brn|[from] brn
|-damage|p1a: Hatterene|63/100 brn|[from] Salt Cure
|upkeep
|turn|8
|
|t:|1757941943
|move|p2a: Milotic|Scald|p1a: Hatterene
|-damage|p1a: Hatterene|45/100 brn
|move|p1a: Hatterene|Draining Kiss|p2a: Milotic
|-damage|p2a: Milotic|28/100 brn
|-heal|p1a: Hatterene|63/100 brn|[from] drain|[of] p2a: Milotic
|
|-heal|p1a: Hatterene|69/100 brn|[from] item: Leftovers
|-damage|p2a: Milotic|22/100 brn|[from] brn
|-damage|p1a: Hatterene|63/100 brn|[from] brn
|-damage|p1a: Hatterene|51/100 brn|[from] Salt Cure
|-fieldend|move: Psychic Terrain
|upkeep
|turn|9
|
|t:|1757941956
|move|p2a: Milotic|Recover|p2a: Milotic
|-heal|p2a: Milotic|72/100 brn
|move|p1a: Hatterene|Draining Kiss|p2a: Milotic
|-damage|p2a: Milotic|50/100 brn
|-heal|p1a: Hatterene|72/100 brn|[from] drain|[of] p2a: Milotic
|
|-heal|p1a: Hatterene|78/100 brn|[from] item: Leftovers
|-damage|p2a: Milotic|44/100 brn|[from] brn
|-damage|p1a: Hatterene|72/100 brn|[from] brn
|-damage|p1a: Hatterene|60/100 brn|[from] Salt Cure
|upkeep
|turn|10
|
|t:|1757941969
|switch|p2a: Clefable|Clefable, F|100/100
|move|p1a: Hatterene|Draining Kiss|p2a: Clefable
|-damage|p2a: Clefable|78/100
|-heal|p1a: Hatterene|81/100 brn|[from] drain|[of] p2a: Clefable
|
|-heal|p1a: Hatterene|87/100 brn|[from] item: Leftovers
|-damage|p1a: Hatterene|81/100 brn|[from] brn
|-damage|p1a: Hatterene|69/100 brn|[from] Salt Cure
|upkeep
|turn|11
|
|t:|1757941998
|switch|p1a: Indeedee|Indeedee-F, F|100/100
|-fieldstart|move: Psychic Terrain|[from] ability: Psychic Surge|[of] p1a: Indeedee
|move|p2a: Clefable|Calm Mind|p2a: Clefable
|-boost|p2a: Clefable|spa|1
|-boost|p2a: Clefable|spd|1
|
|upkeep
|turn|12
|
|t:|1757942008
|switch|p1a: Armarouge|Armarouge, M|100/100
|move|p2a: Clefable|Draining Kiss|p1a: Armarouge
|-resisted|p1a: Armarouge
|-damage|p1a: Armarouge|81/100
|-heal|p2a: Clefable|92/100|[from] drain|[of] p1a: Armarouge
|
|upkeep
|turn|13
|
|t:|1757942019
|move|p1a: Armarouge|Expanding Force|p2a: Clefable
|-damage|p2a: Clefable|35/100
|move|p2a: Clefable|Wish|p2a: Clefable
|
|upkeep
|turn|14
|
|t:|1757942025
|move|p2a: Clefable|Protect|p2a: Clefable
|-singleturn|p2a: Clefable|Protect
|move|p1a: Armarouge|Expanding Force|p2a: Clefable
|-activate|p2a: Clefable|move: Protect
|
|-heal|p2a: Clefable|85/100|[from] move: Wish|[wisher] Clefable
|upkeep
|turn|15
|
|t:|1757942035
|move|p1a: Armarouge|Expanding Force|p2a: Clefable
|-damage|p2a: Clefable|32/100
|move|p2a: Clefable|Wish|p2a: Clefable
|
|upkeep
|turn|16
|
|t:|1757942041
|move|p2a: Clefable|Protect|p2a: Clefable
|-singleturn|p2a: Clefable|Protect
|move|p1a: Armarouge|Calm Mind|p1a: Armarouge
|-boost|p1a: Armarouge|spa|1
|-boost|p1a: Armarouge|spd|1
|
|-heal|p2a: Clefable|82/100|[from] move: Wish|[wisher] Clefable
|upkeep
|turn|17
|
|t:|1757942051
|move|p1a: Armarouge|Expanding Force|p2a: Clefable
|-damage|p2a: Clefable|24/100
|move|p2a: Clefable|Wish|p2a: Clefable
|
|upkeep
|turn|18
|
|t:|1757942058
|move|p2a: Clefable|Protect|p2a: Clefable
|-singleturn|p2a: Clefable|Protect
|move|p1a: Armarouge|Calm Mind|p1a: Armarouge
|-boost|p1a: Armarouge|spa|1
|-boost|p1a: Armarouge|spd|1
|
|-heal|p2a: Clefable|74/100|[from] move: Wish|[wisher] Clefable
|-fieldend|move: Psychic Terrain
|upkeep
|turn|19
|
|t:|1757942069
|move|p1a: Armarouge|Expanding Force|p2a: Clefable
|-damage|p2a: Clefable|44/100
|move|p2a: Clefable|Wish|p2a: Clefable
|
|upkeep
|turn|20
|
|t:|1757942079
|switch|p2a: Milotic|Milotic, F|44/100 brn
|move|p1a: Armarouge|Energy Ball|p2a: Milotic
|-supereffective|p2a: Milotic
|-damage|p2a: Milotic|0 fnt
|faint|p2a: Milotic
|
|upkeep
|
|t:|1757942090
|switch|p2a: Garganacl|Garganacl, F|65/100
|turn|21
|
|t:|1757942094
|move|p1a: Armarouge|Energy Ball|p2a: Garganacl
|-supereffective|p2a: Garganacl
|-damage|p2a: Garganacl|0 fnt
|faint|p2a: Garganacl
|
|upkeep
|
|t:|1757942101
|switch|p2a: Jolteon|Jolteon, M|100/100
|turn|22
|
|t:|1757942125
|-terastallize|p2a: Jolteon|Electric
|move|p2a: Jolteon|Discharge|p1a: Armarouge
|-damage|p1a: Armarouge|61/100
|move|p1a: Armarouge|Energy Ball|p2a: Jolteon
|-damage|p2a: Jolteon|20/100
|
|-status|p2a: Jolteon|brn|[from] item: Flame Orb
|upkeep
|turn|23
|
|t:|1757942136
|move|p2a: Jolteon|Discharge|p1a: Armarouge
|-damage|p1a: Armarouge|37/100
|-status|p1a: Armarouge|par
|cant|p1a: Armarouge|par
|
|-damage|p2a: Jolteon|14/100 brn|[from] brn
|upkeep
|turn|24
|
|t:|1757942168
|move|p2a: Jolteon|Facade|p1a: Armarouge
|-damage|p1a: Armarouge|9/100 par
|-ability|p1a: Armarouge|Weak Armor|boost
|-unboost|p1a: Armarouge|def|1
|-boost|p1a: Armarouge|spe|2
|move|p1a: Armarouge|Energy Ball|p2a: Jolteon
|-damage|p2a: Jolteon|0 fnt
|faint|p2a: Jolteon
|
|upkeep
|
|t:|1757942182
|switch|p2a: Talonflame|Talonflame, M|100/100
|turn|25
|
|t:|1757942190
|switch|p1a: Indeedee|Indeedee-F, F|100/100
|-fieldstart|move: Psychic Terrain|[from] ability: Psychic Surge|[of] p1a: Indeedee
|move|p2a: Talonflame|Flamethrower|p1a: Indeedee
|-damage|p1a: Indeedee|71/100
|
|upkeep
|turn|26
|
|t:|1757942204
|move|p2a: Talonflame|Flamethrower|p1a: Indeedee
|-damage|p1a: Indeedee|43/100
|move|p1a: Indeedee|Healing Wish|p1a: Indeedee
|faint|p1a: Indeedee
|
|upkeep
|
|t:|1757942211
|switch|p1a: Armarouge|Armarouge, M|9/100 par
|-heal|p1a: Armarouge|100/100|[from] move: Healing Wish
|turn|27
|
|t:|1757942217
|move|p2a: Talonflame|Taunt|p1a: Armarouge
|-start|p1a: Armarouge|move: Taunt
|move|p1a: Armarouge|Expanding Force|p2a: Talonflame
|-damage|p2a: Talonflame|0 fnt
|faint|p2a: Talonflame
|
|upkeep
|
|t:|1757942227
|switch|p2a: Clefable|Clefable, F|44/100
|turn|28
|
|t:|1757942234
|move|p1a: Armarouge|Expanding Force|p2a: Clefable
|-damage|p2a: Clefable|0 fnt
|faint|p2a: Clefable
|
|upkeep
|-message|kudohoang forfeited.
|
|win|S11xSummarized
|raw|S11xSummarized's rating: 1149 &rarr; <strong>1173</strong><br />(+24 for winning)
|raw|kudohoang's rating: 1140 &rarr; <strong>1116</strong><br />(-24 for losing)
|l|☆kudohoang
|player|p2|
|l|☆S11xSummarized
|player|p1|
