|j|☆thefunbegins
|j|☆201254u
|t:|1757839028
|gametype|singles
|player|p1|thefunbegins|gentleman-gen4|1122
|player|p2|201254u|2|1155
|gen|9
|tier|[Gen 9] OU
|rated|
|rule|HP Percentage Mod: HP is shown in percentages
|rule|Endless Battle Clause: Forcing endless battles is banned
|rule|Species Clause: Limit one of each Pokémon
|rule|OHKO Clause: OHKO moves are banned
|rule|Evasion Items Clause: Evasion items are banned
|rule|Evasion Moves Clause: Evasion moves are banned
|rule|Evasion Abilities Clause: Evasion abilities are banned
|rule|Sleep Moves Clause: Sleep-inducing moves are banned
|clearpoke
|poke|p1|Deoxys-Speed|
|poke|p1|Hoopa-Unbound|
|poke|p1|Grafaiai, M|
|poke|p1|Garchomp, M|
|poke|p1|Komala, F|
|poke|p1|Flygon, M|
|poke|p2|Bellibolt, F|
|poke|p2|Porygon-Z|
|poke|p2|Oricorio-Sensu, F|
|poke|p2|Flygon, F|
|poke|p2|Tentacruel, M|
|poke|p2|Lucario, F|
|teampreview
|
|t:|1757839043
|teamsize|p1|6
|teamsize|p2|6
|start
|switch|p1a: Deoxys|Deoxys-Speed|100/100
|switch|p2a: Bellibolt|Bellibolt, F, shiny|100/100
|-ability|p1a: Deoxys|Pressure
|turn|1
|inactive|Battle timer is ON: inactive players will automatically lose when time's up. (requested by 201254u)
|
|t:|1757839052
|move|p1a: Deoxys|Stealth Rock|p2a: Bellibolt
|-sidestart|p2: 201254u|move: Stealth Rock
|move|p2a: Bellibolt|Charge Beam|p1a: Deoxys
|-damage|p1a: Deoxys|67/100
|
|upkeep
|turn|2
|
|t:|1757839058
|move|p1a: Deoxys|Psycho Boost|p2a: Bellibolt
|-damage|p2a: Bellibolt|64/100
|-unboost|p1a: Deoxys|spa|2
|-start|p2a: Bellibolt|Charge|Psycho Boost|[from] ability: Electromorphosis
|-enditem|p1a: Deoxys|Eject Pack
|
|t:|1757839064
|switch|p1a: Flygon|Flygon, M|100/100
|move|p2a: Bellibolt|Charge Beam|p1a: Flygon
|-immune|p1a: Flygon
|-end|p2a: Bellibolt|Charge|[silent]
|
|upkeep
|turn|3
|
|t:|1757839077
|-terastallize|p1a: Flygon|Normal
|move|p1a: Flygon|Boomburst|p2a: Bellibolt
|-damage|p2a: Bellibolt|35/100
|-start|p2a: Bellibolt|Charge|Boomburst|[from] ability: Electromorphosis
|-enditem|p1a: Flygon|Throat Spray
|-boost|p1a: Flygon|spa|1|[from] item: Throat Spray
|move|p2a: Bellibolt|Muddy Water|p1a: Flygon
|-damage|p1a: Flygon|64/100
|
|upkeep
|turn|4
|
|t:|1757839090
|move|p1a: Flygon|Earth Power|p2a: Bellibolt
|-supereffective|p2a: Bellibolt
|-damage|p2a: Bellibolt|0 fnt
|faint|p2a: Bellibolt
|
|upkeep
|
|t:|1757839097
|switch|p2a: Oricorio|Oricorio-Sensu, F, shiny|100/100
|-damage|p2a: Oricorio|76/100|[from] Stealth Rock
|turn|5
|
|t:|1757839102
|move|p1a: Flygon|Dragon Pulse|p2a: Oricorio
|-damage|p2a: Oricorio|17/100
|move|p2a: Oricorio|Quiver Dance|p2a: Oricorio
|-boost|p2a: Oricorio|spa|1
|-boost|p2a: Oricorio|spd|1
|-boost|p2a: Oricorio|spe|1
|
|upkeep
|turn|6
|
|t:|1757839110
|move|p2a: Oricorio|Roost|p2a: Oricorio
|-heal|p2a: Oricorio|67/100
|-singleturn|p2a: Oricorio|move: Roost
|move|p1a: Flygon|Dragon Pulse|p2a: Oricorio
|-damage|p2a: Oricorio|26/100
|
|upkeep
|turn|7
|
|t:|1757839115
|move|p2a: Oricorio|Roost|p2a: Oricorio
|-heal|p2a: Oricorio|76/100
|-singleturn|p2a: Oricorio|move: Roost
|move|p1a: Flygon|Dragon Pulse|p2a: Oricorio
|-crit|p2a: Oricorio
|-damage|p2a: Oricorio|0 fnt
|faint|p2a: Oricorio
|
|upkeep
|
|t:|1757839120
|switch|p2a: Lucario|Lucario, F|100/100
|-damage|p2a: Lucario|98/100|[from] Stealth Rock
|turn|8
|
|t:|1757839128
|move|p1a: Flygon|Earth Power|p2a: Lucario
|-supereffective|p2a: Lucario
|-damage|p2a: Lucario|0 fnt
|faint|p2a: Lucario
|
|upkeep
|
|t:|1757839131
|switch|p2a: Porygon-Z|Porygon-Z, shiny|100/100
|-damage|p2a: Porygon-Z|88/100|[from] Stealth Rock
|turn|9
|
|t:|1757839136
|move|p1a: Flygon|Boomburst|p2a: Porygon-Z
|-damage|p2a: Porygon-Z|0 fnt
|faint|p2a: Porygon-Z
|
|upkeep
|
|t:|1757839138
|switch|p2a: Tentacruel|Tentacruel, M, shiny|100/100
|-damage|p2a: Tentacruel|88/100|[from] Stealth Rock
|turn|10
|-message|201254u forfeited.
|
|win|thefunbegins
|raw|thefunbegins's rating: 1122 &rarr; <strong>1149</strong><br />(+27 for winning)
|raw|201254u's rating: 1155 &rarr; <strong>1128</strong><br />(-27 for losing)
|l|☆201254u
|player|p2|
