|j|☆sdjhasjkldasd
|j|☆Carno00
|t:|1757814759
|gametype|singles
|player|p1|sdjhasjkldasd|102|1101
|player|p2|Carno00|lyra|1140
|gen|9
|tier|[Gen 9] OU
|rated|
|rule|HP Percentage Mod: HP is shown in percentages
|rule|Endless Battle Clause: Forcing endless battles is banned
|rule|Species Clause: Limit one of each Pokémon
|rule|OHKO Clause: OHKO moves are banned
|rule|Evasion Items Clause: Evasion items are banned
|rule|Evasion Moves Clause: Evasion moves are banned
|rule|Evasion Abilities Clause: Evasion abilities are banned
|rule|Sleep Moves Clause: Sleep-inducing moves are banned
|clearpoke
|poke|p1|Great Tusk|
|poke|p1|Grimmsnarl, M|
|poke|p1|Enamorus, F|
|poke|p1|Iron Moth|
|poke|p1|Ogerpon-Wellspring, F|
|poke|p1|Smeargle, F|
|poke|p2|Gliscor, M|
|poke|p2|Haxorus, M|
|poke|p2|Comfey, F|
|poke|p2|Forretress, F|
|poke|p2|Infernape, M|
|poke|p2|Galvantula, F|
|teampreview
|
|t:|1757814775
|teamsize|p1|6
|teamsize|p2|6
|start
|switch|p1a: Grimmsnarl|Grimmsnarl, M, shiny|100/100
|switch|p2a: Infernape|Infernape, M, shiny|100/100
|turn|1
|
|t:|1757814781
|move|p1a: Grimmsnarl|Thunder Wave|p2a: Infernape
|-status|p2a: Infernape|par
|move|p2a: Infernape|U-turn|p1a: Grimmsnarl
|-damage|p1a: Grimmsnarl|76/100
|
|t:|1757814788
|switch|p2a: Comfey|Comfey, F|100/100|[from] U-turn
|
|upkeep
|turn|2
|inactive|Battle timer is ON: inactive players will automatically lose when time's up. (requested by Carno00)
|inactiveoff|Battle timer is now OFF.
|
|t:|1757814853
|move|p1a: Grimmsnarl|Thunder Wave|p2a: Comfey
|-status|p2a: Comfey|par
|move|p2a: Comfey|Calm Mind|p2a: Comfey
|-boost|p2a: Comfey|spa|1
|-boost|p2a: Comfey|spd|1
|
|upkeep
|turn|3
|
|t:|1757814858
|switch|p1a: Smeargle|Smeargle, F, shiny|100/100
|cant|p2a: Comfey|par
|
|upkeep
|turn|4
|
|t:|1757814866
|move|p1a: Smeargle|Encore|p2a: Comfey
|-start|p2a: Comfey|Encore
|cant|p2a: Comfey|par
|
|upkeep
|turn|5
|
|t:|1757814874
|switch|p1a: Ogerpon|Ogerpon-Wellspring, F|100/100
|move|p2a: Comfey|Calm Mind|p2a: Comfey
|-boost|p2a: Comfey|spa|1
|-boost|p2a: Comfey|spd|1
|
|upkeep
|turn|6
|inactive|Battle timer is ON: inactive players will automatically lose when time's up. (requested by Carno00)
|
|t:|1757814880
|move|p1a: Ogerpon|Ivy Cudgel|p2a: Comfey|[anim] Ivy Cudgel Water
|-damage|p2a: Comfey|15/100 par
|move|p2a: Comfey|Calm Mind|p2a: Comfey
|-boost|p2a: Comfey|spa|1
|-boost|p2a: Comfey|spd|1
|
|-end|p2a: Comfey|Encore
|upkeep
|turn|7
|inactive|sdjhasjkldasd has 120 seconds left.
|inactive|sdjhasjkldasd has 90 seconds left.
|
|t:|1757814957
|-terastallize|p2a: Comfey|Fairy
|move|p2a: Comfey|Draining Kiss|p1a: Ogerpon
|-damage|p1a: Ogerpon|0 fnt
|-heal|p2a: Comfey|100/100 par|[from] drain|[of] p1a: Ogerpon
|faint|p1a: Ogerpon
|-damage|p2a: Comfey|91/100 par|[from] item: Life Orb
|
|upkeep
|
|t:|1757814962
|switch|p1a: Smeargle|Smeargle, F, shiny|100/100
|turn|8
|
|t:|1757814966
|move|p2a: Comfey|Draining Kiss|p1a: Smeargle
|-damage|p1a: Smeargle|0 fnt
|-heal|p2a: Comfey|100/100 par|[from] drain|[of] p1a: Smeargle
|faint|p1a: Smeargle
|-damage|p2a: Comfey|91/100 par|[from] item: Life Orb
|
|upkeep
|inactive|sdjhasjkldasd has 90 seconds left.
|
|t:|1757814976
|switch|p1a: Iron Moth|Iron Moth, shiny|100/100
|turn|9
|
|t:|1757814992
|switch|p2a: Forretress|Forretress, F, shiny|100/100
|move|p1a: Iron Moth|Sludge Wave|p2a: Forretress
|-immune|p2a: Forretress
|
|upkeep
|turn|10
|inactive|sdjhasjkldasd has 90 seconds left.
|inactive|sdjhasjkldasd has 60 seconds left.
|
|t:|1757815048
|move|p1a: Iron Moth|Fiery Dance|p2a: Forretress
|-supereffective|p2a: Forretress
|-ability|p2a: Forretress|Sturdy
|-damage|p2a: Forretress|1/100
|move|p2a: Forretress|Stealth Rock|p1a: Iron Moth
|-sidestart|p1: sdjhasjkldasd|move: Stealth Rock
|
|-heal|p2a: Forretress|7/100|[from] item: Leftovers
|upkeep
|turn|11
|
|t:|1757815056
|move|p1a: Iron Moth|Fiery Dance|p2a: Forretress
|-supereffective|p2a: Forretress
|-damage|p2a: Forretress|0 fnt
|-boost|p1a: Iron Moth|spa|1
|faint|p2a: Forretress
|
|upkeep
|
|t:|1757815063
|switch|p2a: Gliscor|Gliscor, M|100/100
|turn|12
|inactive|sdjhasjkldasd has 60 seconds left.
|
|t:|1757815102
|-terastallize|p1a: Iron Moth|Fairy
|move|p1a: Iron Moth|Dazzling Gleam|p2a: Gliscor
|-damage|p2a: Gliscor|16/100
|move|p2a: Gliscor|Earthquake|p1a: Iron Moth
|-damage|p1a: Iron Moth|56/100
|
|-status|p2a: Gliscor|tox|[from] item: Toxic Orb
|upkeep
|turn|13
|
|t:|1757815115
|move|p1a: Iron Moth|Dazzling Gleam|p2a: Gliscor
|-damage|p2a: Gliscor|0 fnt
|faint|p2a: Gliscor
|
|upkeep
|
|t:|1757815117
|switch|p2a: Haxorus|Haxorus, M, shiny|100/100
|-ability|p2a: Haxorus|Mold Breaker
|turn|14
|
|t:|1757815123
|move|p2a: Haxorus|Iron Head|p1a: Iron Moth
|-supereffective|p1a: Iron Moth
|-damage|p1a: Iron Moth|0 fnt
|faint|p1a: Iron Moth
|-end|p1a: Iron Moth|Quark Drive|[silent]
|
|upkeep
|
|t:|1757815129
|switch|p1a: Great Tusk|Great Tusk|100/100
|-damage|p1a: Great Tusk|98/100|[from] Stealth Rock
|turn|15
|
|t:|1757815135
|move|p1a: Great Tusk|Ice Spinner|p2a: Haxorus
|-supereffective|p2a: Haxorus
|-damage|p2a: Haxorus|35/100
|-damage|p1a: Great Tusk|81/100|[from] item: Rocky Helmet|[of] p2a: Haxorus
|move|p2a: Haxorus|Dragon Dance|p2a: Haxorus
|-boost|p2a: Haxorus|atk|1
|-boost|p2a: Haxorus|spe|1
|
|upkeep
|turn|16
|inactive|sdjhasjkldasd has 60 seconds left.
|
|t:|1757815194
|move|p2a: Haxorus|Dragon Claw|p1a: Great Tusk
|-damage|p1a: Great Tusk|24/100
|move|p1a: Great Tusk|Ice Spinner|p2a: Haxorus
|-supereffective|p2a: Haxorus
|-damage|p2a: Haxorus|0 fnt
|-damage|p1a: Great Tusk|7/100|[from] item: Rocky Helmet|[of] p2a: Haxorus
|faint|p2a: Haxorus
|
|upkeep
|
|t:|1757815213
|switch|p2a: Galvantula|Galvantula, F|100/100
|turn|17
|
|t:|1757815229
|move|p1a: Great Tusk|Ice Spinner|p2a: Galvantula
|-damage|p2a: Galvantula|48/100
|move|p2a: Galvantula|Bug Buzz|p1a: Great Tusk
|-resisted|p1a: Great Tusk
|-damage|p1a: Great Tusk|0 fnt
|faint|p1a: Great Tusk
|-end|p1a: Great Tusk|Protosynthesis|[silent]
|
|upkeep
|inactive|sdjhasjkldasd has 30 seconds left.
|inactive|sdjhasjkldasd has 20 seconds left.
|
|t:|1757815254
|switch|p1a: Enamorus|Enamorus, F, shiny|100/100
|-damage|p1a: Enamorus|76/100|[from] Stealth Rock
|turn|18
|inactive|sdjhasjkldasd has 30 seconds left this turn.
|
|t:|1757815259
|move|p2a: Galvantula|Volt Switch|p1a: Enamorus
|-supereffective|p1a: Enamorus
|-damage|p1a: Enamorus|0 fnt
|faint|p1a: Enamorus
|
|t:|1757815263
|switch|p2a: Infernape|Infernape, M, shiny|100/100 par|[from] Volt Switch
|
|upkeep
|inactive|sdjhasjkldasd has 30 seconds left.
|inactive|sdjhasjkldasd has 20 seconds left.
|inactive|sdjhasjkldasd has 15 seconds left.
|inactive|sdjhasjkldasd has 10 seconds left.
|inactive|sdjhasjkldasd has 5 seconds left.
|-message|sdjhasjkldasd lost due to inactivity.
|
|win|Carno00
|raw|sdjhasjkldasd's rating: 1101 &rarr; <strong>1079</strong><br />(-22 for losing)
|raw|Carno00's rating: 1140 &rarr; <strong>1162</strong><br />(+22 for winning)
