|j|☆ay cheu
|j|☆The Sword of Ruin
|t:|1757941338
|gametype|singles
|player|p1|ay cheu|riley|1466
|player|p2|The Sword of Ruin|allister|1518
|gen|9
|tier|[Gen 9] OU
|rated|
|rule|HP Percentage Mod: HP is shown in percentages
|rule|Endless Battle Clause: Forcing endless battles is banned
|rule|Species Clause: Limit one of each Pokémon
|rule|OHKO Clause: OHKO moves are banned
|rule|Evasion Items Clause: Evasion items are banned
|rule|Evasion Moves Clause: Evasion moves are banned
|rule|Evasion Abilities Clause: Evasion abilities are banned
|rule|Sleep Moves Clause: Sleep-inducing moves are banned
|clearpoke
|poke|p1|Arcanine-Hisui, M|
|poke|p1|Snorlax, M|
|poke|p1|Zoroark, M|
|poke|p1|Chesnaught, M|
|poke|p1|Gliscor, M|
|poke|p1|Fezandipiti, M|
|poke|p2|Ogerpon-Wellspring, F|
|poke|p2|Kingambit, F|
|poke|p2|Moltres|
|poke|p2|Great Tusk|
|poke|p2|Slowking-Galar, M|
|poke|p2|Landorus-Therian, M|
|teampreview
|inactive|Battle timer is ON: inactive players will automatically lose when time's up. (requested by ay cheu)
|
|t:|1757941349
|teamsize|p1|6
|teamsize|p2|6
|start
|switch|p1a: 阿黄|Arcanine-Hisui, M|100/100
|switch|p2a: Great Tusk|Great Tusk|100/100
|turn|1
|
|t:|1757941352
|move|p1a: 阿黄|Grass Knot|p2a: Great Tusk
|-supereffective|p2a: Great Tusk
|-damage|p2a: Great Tusk|0 fnt
|-damage|p1a: 阿黄|84/100|[from] item: Rocky Helmet|[of] p2a: Great Tusk
|faint|p2a: Great Tusk
|-end|p2a: Great Tusk|Protosynthesis|[silent]
|
|upkeep
|c|☆The Sword of Ruin|fuck
|
|t:|1757941363
|switch|p2a: Ogerpon|Ogerpon-Wellspring, F|100/100
|turn|2
|
|t:|1757941366
|switch|p1a: Chesnaught|Chesnaught, M|100/100
|move|p2a: Ogerpon|Knock Off|p1a: Chesnaught
|-resisted|p1a: Chesnaught
|-damage|p1a: Chesnaught|89/100
|-damage|p2a: Ogerpon|84/100|[from] item: Rocky Helmet|[of] p1a: Chesnaught
|-enditem|p1a: Chesnaught|Rocky Helmet|[from] move: Knock Off|[of] p2a: Ogerpon
|
|upkeep
|turn|3
|
|t:|1757941370
|move|p2a: Ogerpon|U-turn|p1a: Chesnaught
|-damage|p1a: Chesnaught|72/100
|
|t:|1757941373
|switch|p2a: Moltres|Moltres, shiny|100/100|[from] U-turn
|move|p1a: Chesnaught|Spikes|p2a: Moltres
|-sidestart|p2: The Sword of Ruin|Spikes
|
|upkeep
|turn|4
|
|t:|1757941378
|switch|p1a: 阿黄|Arcanine-Hisui, M|100/100
|move|p2a: Moltres|Will-O-Wisp|p1a: 阿黄
|-immune|p1a: 阿黄
|
|upkeep
|turn|5
|
|t:|1757941384
|switch|p2a: Landorus|Landorus-Therian, M|100/100
|-ability|p2a: Landorus|Intimidate|boost
|-unboost|p1a: 阿黄|atk|1
|-terastallize|p1a: 阿黄|Rock
|move|p1a: 阿黄|Head Smash|p2a: Landorus|[miss]
|-miss|p1a: 阿黄|p2a: Landorus
|
|upkeep
|turn|6
|
|t:|1757941393
|switch|p1a: Gliscor|Gliscor, M|100/100
|move|p2a: Landorus|U-turn|p1a: Gliscor
|-resisted|p1a: Gliscor
|-damage|p1a: Gliscor|88/100
|
|t:|1757941401
|switch|p2a: Ogerpon|Ogerpon-Wellspring, F|84/100|[from] U-turn
|-damage|p2a: Ogerpon|72/100|[from] Spikes
|
|-status|p1a: Gliscor|tox|[from] item: Toxic Orb
|upkeep
|turn|7
|
|t:|1757941404
|switch|p1a: Chesnaught|Chesnaught, M|72/100
|move|p2a: Ogerpon|Ivy Cudgel|p1a: Chesnaught|[anim] Ivy Cudgel Water
|-resisted|p1a: Chesnaught
|-damage|p1a: Chesnaught|57/100
|
|upkeep
|turn|8
|
|t:|1757941409
|move|p2a: Ogerpon|Ivy Cudgel|p1a: Chesnaught|[anim] Ivy Cudgel Water
|-resisted|p1a: Chesnaught
|-crit|p1a: Chesnaught
|-damage|p1a: Chesnaught|33/100
|move|p1a: Chesnaught|Synthesis|p1a: Chesnaught
|-heal|p1a: Chesnaught|83/100
|
|upkeep
|turn|9
|
|t:|1757941413
|switch|p1a: Gliscor|Gliscor, M|88/100 tox
|move|p2a: Ogerpon|Encore||[still]
|-fail|p2a: Ogerpon
|
|-heal|p1a: Gliscor|99/100 tox|[from] ability: Poison Heal
|upkeep
|turn|10
|
|t:|1757941419
|switch|p1a: Chesnaught|Chesnaught, M|83/100
|move|p2a: Ogerpon|U-turn|p1a: Chesnaught
|-damage|p1a: Chesnaught|66/100
|
|t:|1757941421
|switch|p2a: Slowking|Slowking-Galar, M|100/100|[from] U-turn
|
|upkeep
|turn|11
|
|t:|1757941428
|switch|p1a: 阿黄|Arcanine-Hisui, M, tera:Rock|100/100
|move|p2a: Slowking|Psychic Noise|p1a: 阿黄
|-damage|p1a: 阿黄|68/100
|-start|p1a: 阿黄|move: Heal Block
|
|upkeep
|turn|12
|
|t:|1757941432
|switch|p2a: Kingambit|Kingambit, F, shiny|100/100
|-damage|p2a: Kingambit|88/100|[from] Spikes
|-activate|p2a: Kingambit|ability: Supreme Overlord
|-start|p2a: Kingambit|fallen1|[silent]
|move|p1a: 阿黄|Head Smash|p2a: Kingambit
|-resisted|p2a: Kingambit
|-damage|p2a: Kingambit|34/100
|
|-heal|p2a: Kingambit|40/100|[from] item: Leftovers
|-end|p1a: 阿黄|move: Heal Block
|upkeep
|turn|13
|
|t:|1757941436
|switch|p1a: Chesnaught|Chesnaught, M|66/100
|move|p2a: Kingambit|Sucker Punch||[still]
|-fail|p2a: Kingambit
|
|-heal|p2a: Kingambit|46/100|[from] item: Leftovers
|upkeep
|turn|14
|
|t:|1757941440
|move|p1a: Chesnaught|Spikes|p2a: Kingambit
|-sidestart|p2: The Sword of Ruin|Spikes
|move|p2a: Kingambit|Low Kick|p1a: Chesnaught
|-damage|p1a: Chesnaught|45/100
|
|-heal|p2a: Kingambit|52/100|[from] item: Leftovers
|upkeep
|turn|15
|
|t:|1757941445
|-end|p2a: Kingambit|fallen1|[silent]
|switch|p2a: Slowking|Slowking-Galar, M|100/100
|move|p1a: Chesnaught|Synthesis|p1a: Chesnaught
|-heal|p1a: Chesnaught|95/100
|
|upkeep
|turn|16
|
|t:|1757941450
|switch|p1a: Gliscor|Gliscor, M|99/100 tox
|move|p2a: Slowking|Psychic Noise|p1a: Gliscor
|-damage|p1a: Gliscor|62/100 tox
|-start|p1a: Gliscor|move: Heal Block
|
|upkeep
|turn|17
|
|t:|1757941454
|move|p1a: Gliscor|Swords Dance|p1a: Gliscor
|-boost|p1a: Gliscor|atk|2
|move|p2a: Slowking|Ice Beam|p1a: Gliscor
|-supereffective|p1a: Gliscor
|-damage|p1a: Gliscor|0 fnt
|faint|p1a: Gliscor
|
|upkeep
|
|t:|1757941458
|switch|p1a: 阿黄|Arcanine-Hisui, M, tera:Rock|68/100
|turn|18
|
|t:|1757941468
|switch|p2a: Landorus|Landorus-Therian, M|100/100
|-ability|p2a: Landorus|Intimidate|boost
|-unboost|p1a: 阿黄|atk|1
|move|p1a: 阿黄|Head Smash|p2a: Landorus|[miss]
|-miss|p1a: 阿黄|p2a: Landorus
|
|upkeep
|turn|19
|c|☆The Sword of Ruin|peak
|
|t:|1757941476
|move|p2a: Landorus|U-turn|p1a: 阿黄
|-damage|p1a: 阿黄|38/100
|
|t:|1757941479
|switch|p2a: Kingambit|Kingambit, F, shiny|52/100|[from] U-turn
|-damage|p2a: Kingambit|35/100|[from] Spikes
|-activate|p2a: Kingambit|ability: Supreme Overlord
|-start|p2a: Kingambit|fallen1|[silent]
|move|p1a: 阿黄|Head Smash|p2a: Kingambit
|-resisted|p2a: Kingambit
|-damage|p2a: Kingambit|0 fnt
|faint|p2a: Kingambit
|-end|p2a: Kingambit|fallen1|[silent]
|
|upkeep
|
|t:|1757941485
|switch|p2a: Ogerpon|Ogerpon-Wellspring, F|72/100
|-damage|p2a: Ogerpon|55/100|[from] Spikes
|turn|20
|
|t:|1757941488
|switch|p1a: Chesnaught|Chesnaught, M|95/100
|move|p2a: Ogerpon|Ivy Cudgel|p1a: Chesnaught|[anim] Ivy Cudgel Water
|-resisted|p1a: Chesnaught
|-crit|p1a: Chesnaught
|-damage|p1a: Chesnaught|70/100
|
|upkeep
|turn|21
|
|t:|1757941497
|switch|p2a: Moltres|Moltres, shiny|100/100
|move|p1a: Chesnaught|Spikes|p2a: Moltres
|-sidestart|p2: The Sword of Ruin|Spikes
|
|upkeep
|turn|22
|
|t:|1757941501
|switch|p1a: 阿肥|Snorlax, M|100/100
|move|p2a: Moltres|Will-O-Wisp|p1a: 阿肥
|-status|p1a: 阿肥|brn
|
|-damage|p1a: 阿肥|94/100 brn|[from] brn
|upkeep
|turn|23
|
|t:|1757941504
|switch|p1a: 阿黄|Arcanine-Hisui, M, tera:Rock|38/100
|move|p2a: Moltres|U-turn|p1a: 阿黄
|-damage|p1a: 阿黄|20/100
|
|t:|1757941523
|switch|p2a: Ogerpon|Ogerpon-Wellspring, F|55/100|[from] U-turn
|-damage|p2a: Ogerpon|30/100|[from] Spikes
|
|upkeep
|turn|24
|
|t:|1757941527
|move|p1a: 阿黄|Extreme Speed|p2a: Ogerpon
|-damage|p2a: Ogerpon|0 fnt
|faint|p2a: Ogerpon
|
|upkeep
|
|t:|1757941530
|switch|p2a: Landorus|Landorus-Therian, M|100/100
|-ability|p2a: Landorus|Intimidate|boost
|-unboost|p1a: 阿黄|atk|1
|turn|25
|
|t:|1757941533
|switch|p1a: Chesnaught|Chesnaught, M|70/100
|move|p2a: Landorus|Earthquake|p1a: Chesnaught
|-resisted|p1a: Chesnaught
|-damage|p1a: Chesnaught|54/100
|
|upkeep
|turn|26
|
|t:|1757941537
|switch|p2a: Slowking|Slowking-Galar, M|100/100
|move|p1a: Chesnaught|Synthesis|p1a: Chesnaught
|-heal|p1a: Chesnaught|100/100
|
|upkeep
|turn|27
|
|t:|1757941554
|switch|p1a: 阿肥|Snorlax, M|94/100 brn
|move|p2a: Slowking|Sludge Bomb|p1a: 阿肥
|-damage|p1a: 阿肥|81/100 brn
|
|-damage|p1a: 阿肥|75/100 brn|[from] brn
|upkeep
|turn|28
|
|t:|1757941558
|move|p2a: Slowking|Psychic Noise|p1a: 阿肥
|-damage|p1a: 阿肥|65/100 brn
|-start|p1a: 阿肥|move: Heal Block
|move|p1a: 阿肥|Body Slam|p2a: Slowking
|-damage|p2a: Slowking|83/100
|
|-damage|p1a: 阿肥|59/100 brn|[from] brn
|upkeep
|turn|29
|
|t:|1757941565
|move|p2a: Slowking|Psychic Noise|p1a: 阿肥
|-damage|p1a: 阿肥|49/100 brn
|move|p1a: 阿肥|Body Slam|p2a: Slowking
|-damage|p2a: Slowking|68/100
|
|-damage|p1a: 阿肥|43/100 brn|[from] brn
|-end|p1a: 阿肥|move: Heal Block
|upkeep
|turn|30
|
|t:|1757941568
|move|p1a: 阿肥|Body Slam|p2a: Slowking
|-damage|p2a: Slowking|52/100
|-status|p2a: Slowking|par
|move|p2a: Slowking|Psychic Noise|p1a: 阿肥
|-damage|p1a: 阿肥|33/100 brn
|-start|p1a: 阿肥|move: Heal Block
|
|-damage|p1a: 阿肥|27/100 brn|[from] brn
|upkeep
|turn|31
|
|t:|1757941574
|switch|p2a: Moltres|Moltres, shiny|100/100
|move|p1a: 阿肥|Earthquake|p2a: Moltres
|-immune|p2a: Moltres
|
|-damage|p1a: 阿肥|21/100 brn|[from] brn
|-end|p1a: 阿肥|move: Heal Block
|upkeep
|turn|32
|
|t:|1757941577
|move|p2a: Moltres|U-turn|p1a: 阿肥
|-damage|p1a: 阿肥|11/100 brn
|
|t:|1757941578
|switch|p2a: Landorus|Landorus-Therian, M|100/100|[from] U-turn
|-ability|p2a: Landorus|Intimidate|boost
|-unboost|p1a: 阿肥|atk|1
|move|p1a: 阿肥|Body Slam|p2a: Landorus
|-damage|p2a: Landorus|87/100
|
|-damage|p1a: 阿肥|5/100 brn|[from] brn
|upkeep
|turn|33
|
|t:|1757941587
|move|p2a: Landorus|U-turn|p1a: 阿肥
|-damage|p1a: 阿肥|0 fnt
|faint|p1a: 阿肥
|
|t:|1757941589
|switch|p2a: Moltres|Moltres, shiny|100/100|[from] U-turn
|
|upkeep
|
|t:|1757941591
|switch|p1a: 阿黄|Arcanine-Hisui, M, tera:Rock|20/100
|turn|34
|
|t:|1757941595
|-terastallize|p2a: Moltres|Grass
|move|p1a: 阿黄|Head Smash|p2a: Moltres
|-damage|p2a: Moltres|0 fnt
|faint|p2a: Moltres
|
|upkeep
|c|☆The Sword of Ruin|;;;
|
|t:|1757941605
|switch|p2a: Landorus|Landorus-Therian, M|87/100
|-ability|p2a: Landorus|Intimidate|boost
|-unboost|p1a: 阿黄|atk|1
|turn|35
|
|t:|1757941608
|switch|p1a: Chesnaught|Chesnaught, M|100/100
|move|p2a: Landorus|U-turn|p1a: Chesnaught
|-damage|p1a: Chesnaught|86/100
|
|t:|1757941609
|switch|p2a: Slowking|Slowking-Galar, M|85/100 par|[from] U-turn
|
|upkeep
|turn|36
|
|t:|1757941614
|switch|p1a: 阿黄|Arcanine-Hisui, M|84/100
|move|p2a: Slowking|Sludge Bomb|p1a: 阿黄
|-damage|p1a: 阿黄|14/100
|replace|p1a: Zoroark|Zoroark, M
|-end|p1a: Zoroark|Illusion
|
|upkeep
|turn|37
|
|t:|1757941619
|switch|p2a: Landorus|Landorus-Therian, M|87/100
|-ability|p2a: Landorus|Intimidate|boost
|-unboost|p1a: Zoroark|atk|1
|move|p1a: Zoroark|Trick|p2a: Landorus
|-activate|p1a: Zoroark|move: Trick|[of] p2a: Landorus
|-item|p2a: Landorus|Choice Scarf|[from] move: Trick
|-item|p1a: Zoroark|Choice Scarf|[from] move: Trick
|
|upkeep
|turn|38
|
|t:|1757941624
|move|p1a: Zoroark|U-turn|p2a: Landorus
|-resisted|p2a: Landorus
|-damage|p2a: Landorus|81/100
|
|t:|1757941627
|switch|p1a: Chesnaught|Chesnaught, M|86/100|[from] U-turn
|move|p2a: Landorus|U-turn|p1a: Chesnaught
|-damage|p1a: Chesnaught|70/100
|
|t:|1757941629
|switch|p2a: Slowking|Slowking-Galar, M|100/100 par|[from] U-turn
|
|upkeep
|turn|39
|
|t:|1757941632
|switch|p1a: Fezandipiti|Fezandipiti, M|100/100
|move|p2a: Slowking|Sludge Bomb|p1a: Fezandipiti
|-damage|p1a: Fezandipiti|76/100
|
|-heal|p1a: Fezandipiti|82/100|[from] item: Leftovers
|upkeep
|turn|40
|
|t:|1757941635
|move|p1a: Fezandipiti|Calm Mind|p1a: Fezandipiti
|-boost|p1a: Fezandipiti|spa|1
|-boost|p1a: Fezandipiti|spd|1
|move|p2a: Slowking|Psychic Noise|p1a: Fezandipiti
|-supereffective|p1a: Fezandipiti
|-damage|p1a: Fezandipiti|53/100
|-start|p1a: Fezandipiti|move: Heal Block
|
|upkeep
|turn|41
|
|t:|1757941640
|move|p1a: Fezandipiti|Heat Wave|p2a: Slowking
|-damage|p2a: Slowking|85/100 par
|move|p2a: Slowking|Psychic Noise|p1a: Fezandipiti
|-supereffective|p1a: Fezandipiti
|-damage|p1a: Fezandipiti|24/100
|
|-end|p1a: Fezandipiti|move: Heal Block
|upkeep
|turn|42
|
|t:|1757941648
|switch|p2a: Landorus|Landorus-Therian, M|81/100
|-ability|p2a: Landorus|Intimidate|boost
|-unboost|p1a: Fezandipiti|atk|1
|move|p1a: Fezandipiti|Roost|p1a: Fezandipiti
|-heal|p1a: Fezandipiti|74/100
|-singleturn|p1a: Fezandipiti|move: Roost
|
|-heal|p1a: Fezandipiti|80/100|[from] item: Leftovers
|upkeep
|turn|43
|
|t:|1757941654
|move|p2a: Landorus|Earthquake|p1a: Fezandipiti
|-supereffective|p1a: Fezandipiti
|-damage|p1a: Fezandipiti|0 fnt
|faint|p1a: Fezandipiti
|
|upkeep
|
|t:|1757941656
|switch|p1a: 阿黄|Arcanine-Hisui, M, tera:Rock|20/100
|turn|44
|
|t:|1757941659
|switch|p1a: Chesnaught|Chesnaught, M|70/100
|move|p2a: Landorus|Earthquake|p1a: Chesnaught
|-resisted|p1a: Chesnaught
|-damage|p1a: Chesnaught|55/100
|
|upkeep
|turn|45
|
|t:|1757941661
|switch|p1a: 阿黄|Arcanine-Hisui, M, tera:Rock|20/100
|move|p2a: Landorus|Earthquake|p1a: 阿黄
|-supereffective|p1a: 阿黄
|-damage|p1a: 阿黄|0 fnt
|faint|p1a: 阿黄
|
|upkeep
|
|t:|1757941664
|switch|p1a: Chesnaught|Chesnaught, M|14/100
|turn|46
|
|t:|1757941667
|move|p1a: Chesnaught|Dark Pulse|p2a: Landorus
|-damage|p2a: Landorus|30/100
|move|p2a: Landorus|Earthquake|p1a: Chesnaught
|-damage|p1a: Chesnaught|0 fnt
|replace|p1a: Zoroark|Zoroark, M
|-end|p1a: Zoroark|Illusion
|faint|p1a: Zoroark
|
|upkeep
|
|t:|1757941673
|switch|p1a: Chesnaught|Chesnaught, M|55/100
|turn|47
|c|☆The Sword of Ruin|IM LUCKY AS FUCK
|c|☆The Sword of Ruin|YES
|
|t:|1757941683
|move|p2a: Landorus|Earthquake|p1a: Chesnaught
|-resisted|p1a: Chesnaught
|-damage|p1a: Chesnaught|39/100
|move|p1a: Chesnaught|Iron Defense|p1a: Chesnaught
|-boost|p1a: Chesnaught|def|2
|
|upkeep
|turn|48
|
|t:|1757941686
|switch|p2a: Slowking|Slowking-Galar, M|100/100 par
|move|p1a: Chesnaught|Iron Defense|p1a: Chesnaught
|-boost|p1a: Chesnaught|def|2
|
|upkeep
|turn|49
|
|t:|1757941689
|move|p1a: Chesnaught|Synthesis|p1a: Chesnaught
|-heal|p1a: Chesnaught|89/100
|move|p2a: Slowking|Sludge Bomb|p1a: Chesnaught
|-immune|p1a: Chesnaught|[from] ability: Bulletproof
|
|upkeep
|turn|50
|
|t:|1757941692
|move|p1a: Chesnaught|Body Press|p2a: Slowking
|-resisted|p2a: Slowking
|-crit|p2a: Slowking
|-damage|p2a: Slowking|48/100 par
|move|p2a: Slowking|Psychic Noise|p1a: Chesnaught
|-supereffective|p1a: Chesnaught
|-damage|p1a: Chesnaught|31/100
|-start|p1a: Chesnaught|move: Heal Block
|
|upkeep
|turn|51
|
|t:|1757941697
|switch|p2a: Landorus|Landorus-Therian, M|30/100
|-ability|p2a: Landorus|Intimidate|boost
|-unboost|p1a: Chesnaught|atk|1
|move|p1a: Chesnaught|Body Press|p2a: Landorus
|-resisted|p2a: Landorus
|-damage|p2a: Landorus|0 fnt
|faint|p2a: Landorus
|
|-end|p1a: Chesnaught|move: Heal Block
|upkeep
|
|t:|1757941699
|switch|p2a: Slowking|Slowking-Galar, M|81/100 par
|turn|52
|
|t:|1757941701
|move|p1a: Chesnaught|Synthesis|p1a: Chesnaught
|-heal|p1a: Chesnaught|81/100
|move|p2a: Slowking|Psychic Noise|p1a: Chesnaught
|-supereffective|p1a: Chesnaught
|-damage|p1a: Chesnaught|13/100
|-start|p1a: Chesnaught|move: Heal Block
|
|upkeep
|turn|53
|
|t:|1757941704
|move|p1a: Chesnaught|Body Press|p2a: Slowking
|-resisted|p2a: Slowking
|-damage|p2a: Slowking|47/100 par
|cant|p2a: Slowking|par
|
|-end|p1a: Chesnaught|move: Heal Block
|upkeep
|turn|54
|
|t:|1757941708
|move|p1a: Chesnaught|Body Press|p2a: Slowking
|-resisted|p2a: Slowking
|-damage|p2a: Slowking|15/100 par
|cant|p2a: Slowking|par
|
|upkeep
|turn|55
|c|☆The Sword of Ruin|nvm
|
|t:|1757941715
|move|p1a: Chesnaught|Body Press|p2a: Slowking
|-resisted|p2a: Slowking
|-damage|p2a: Slowking|0 fnt
|faint|p2a: Slowking
|
|win|ay cheu
|raw|ay cheu's rating: 1466 &rarr; <strong>1489</strong><br />(+23 for winning)
|raw|The Sword of Ruin's rating: 1518 &rarr; <strong>1495</strong><br />(-23 for losing)
|c|☆The Sword of Ruin|gg
|l|☆ay cheu
|player|p1|
|l|☆The Sword of Ruin
|player|p2|
