|j|☆Black Man Lover
|j|☆3idk
|t:|1757912688
|gametype|singles
|player|p1|Black Man Lover|emmet|1630
|player|p2|3idk|lusamine-masters|1617
|gen|9
|tier|[Gen 9] OU
|rated|
|rule|HP Percentage Mod: HP is shown in percentages
|rule|Endless Battle Clause: Forcing endless battles is banned
|rule|Species Clause: Limit one of each Pokémon
|rule|OHKO Clause: OHKO moves are banned
|rule|Evasion Items Clause: Evasion items are banned
|rule|Evasion Moves Clause: Evasion moves are banned
|rule|Evasion Abilities Clause: Evasion abilities are banned
|rule|Sleep Moves Clause: Sleep-inducing moves are banned
|clearpoke
|poke|p1|Darkrai|
|poke|p1|Iron Jugulis|
|poke|p1|Iron Treads|
|poke|p1|Primarina, M|
|poke|p1|Cinderace, M|
|poke|p1|Raging Bolt|
|poke|p2|Tyranitar, F|
|poke|p2|Excadrill, M|
|poke|p2|Keldeo-Resolute|
|poke|p2|Tornadus-Therian, M|
|poke|p2|Heatran, M|
|poke|p2|Hydrapple, M|
|teampreview
|inactive|Battle timer is ON: inactive players will automatically lose when time's up. (requested by 3idk)
|j| Shucklepilled
|
|t:|1757912711
|teamsize|p1|6
|teamsize|p2|6
|start
|switch|p1a: Cinderace|Cinderace, M|100/100
|switch|p2a: Tornadus|Tornadus-Therian, M|100/100
|turn|1
|
|t:|1757912726
|switch|p1a: Primarina|Primarina, M|100/100
|move|p2a: Tornadus|U-turn|p1a: Primarina
|-resisted|p1a: Primarina
|-damage|p1a: Primarina|90/100
|inactive|3idk has 120 seconds left.
|inactive|3idk has 90 seconds left.
|
|t:|1757912794
|switch|p2a: Tyranitar|Tyranitar, F|100/100|[from] U-turn
|-weather|Sandstorm|[from] ability: Sand Stream|[of] p2a: Tyranitar
|
|-weather|Sandstorm|[upkeep]
|-damage|p1a: Primarina|84/100|[from] Sandstorm
|upkeep
|turn|2
|
|t:|1757912800
|move|p2a: Tyranitar|Stone Edge|p1a: Primarina|[miss]
|-miss|p2a: Tyranitar|p1a: Primarina
|move|p1a: Primarina|Flip Turn|p2a: Tyranitar
|-supereffective|p2a: Tyranitar
|-damage|p2a: Tyranitar|75/100
|j| Lotus1089
|
|t:|1757912812
|switch|p1a: Cinderace|Cinderace, M|100/100|[from] Flip Turn
|
|-weather|Sandstorm|[upkeep]
|-damage|p1a: Cinderace|94/100|[from] Sandstorm
|upkeep
|turn|3
|
|t:|1757912824
|move|p1a: Cinderace|U-turn|p2a: Tyranitar
|-start|p1a: Cinderace|typechange|Bug|[from] ability: Libero
|-supereffective|p2a: Tyranitar
|-damage|p2a: Tyranitar|20/100
|
|t:|1757912831
|switch|p1a: Iron Treads|Iron Treads|100/100|[from] U-turn
|-item|p1a: Iron Treads|Air Balloon
|move|p2a: Tyranitar|Stone Edge|p1a: Iron Treads|[miss]
|-miss|p2a: Tyranitar|p1a: Iron Treads
|
|-weather|Sandstorm|[upkeep]
|upkeep
|turn|4
|inactive|3idk has 90 seconds left.
|inactive|3idk has 60 seconds left.
|inactive|3idk has 30 seconds left.
|
|t:|1757912930
|switch|p2a: Tornadus|Tornadus-Therian, M|100/100
|move|p1a: Iron Treads|Stealth Rock|p2a: Tornadus
|-sidestart|p2: 3idk|move: Stealth Rock
|
|-weather|Sandstorm|[upkeep]
|-damage|p2a: Tornadus|94/100|[from] Sandstorm
|upkeep
|turn|5
|
|t:|1757912938
|move|p2a: Tornadus|U-turn|p1a: Iron Treads
|-resisted|p1a: Iron Treads
|-damage|p1a: Iron Treads|94/100
|-enditem|p1a: Iron Treads|Air Balloon
|inactive|3idk has 30 seconds left.
|
|t:|1757912958
|switch|p2a: Heatran|Heatran, M|100/100|[from] U-turn
|-damage|p2a: Heatran|88/100|[from] Stealth Rock
|move|p1a: Iron Treads|Knock Off|p2a: Heatran
|-damage|p2a: Heatran|62/100
|-enditem|p2a: Heatran|Leftovers|[from] move: Knock Off|[of] p1a: Iron Treads
|
|-weather|none
|upkeep
|turn|6
|inactive|3idk has 30 seconds left.
|inactive|3idk has 20 seconds left.
|
|t:|1757912973
|switch|p2a: Tornadus|Tornadus-Therian, M|100/100
|move|p1a: Iron Treads|Earthquake|p2a: Tornadus
|-immune|p2a: Tornadus
|
|upkeep
|turn|7
|inactive|3idk has 30 seconds left this turn.
|
|t:|1757912982
|move|p2a: Tornadus|Heat Wave|p1a: Iron Treads
|-supereffective|p1a: Iron Treads
|-damage|p1a: Iron Treads|27/100
|move|p1a: Iron Treads|Knock Off|p2a: Tornadus
|-damage|p2a: Tornadus|68/100
|-enditem|p2a: Tornadus|Heavy-Duty Boots|[from] move: Knock Off|[of] p1a: Iron Treads
|
|upkeep
|turn|8
|inactive|3idk has 30 seconds left.
|inactive|3idk has 20 seconds left.
|
|t:|1757913001
|move|p2a: Tornadus|Heat Wave|p1a: Iron Treads
|-supereffective|p1a: Iron Treads
|-damage|p1a: Iron Treads|0 fnt
|faint|p1a: Iron Treads
|-end|p1a: Iron Treads|Quark Drive|[silent]
|
|upkeep
|
|t:|1757913021
|switch|p1a: Iron Jugulis|Iron Jugulis|100/100
|-enditem|p1a: Iron Jugulis|Booster Energy
|-activate|p1a: Iron Jugulis|ability: Quark Drive|[fromitem]
|-start|p1a: Iron Jugulis|quarkdrivespe
|turn|9
|inactive|3idk has 30 seconds left.
|inactive|3idk has 20 seconds left.
|inactive|3idk has 15 seconds left.
|
|t:|1757913044
|switch|p2a: Heatran|Heatran, M|62/100
|-damage|p2a: Heatran|50/100|[from] Stealth Rock
|move|p1a: Iron Jugulis|Dark Pulse|p2a: Heatran
|-damage|p2a: Heatran|26/100
|
|upkeep
|turn|10
|inactive|3idk has 25 seconds left this turn.
|inactive|3idk has 20 seconds left.
|
|t:|1757913052
|move|p1a: Iron Jugulis|Earth Power|p2a: Heatran
|-supereffective|p2a: Heatran
|-damage|p2a: Heatran|0 fnt
|faint|p2a: Heatran
|
|upkeep
|inactive|3idk has 25 seconds left this turn.
|inactive|3idk has 20 seconds left.
|
|t:|1757913058
|switch|p2a: Tyranitar|Tyranitar, F|20/100
|-damage|p2a: Tyranitar|8/100|[from] Stealth Rock
|-weather|Sandstorm|[from] ability: Sand Stream|[of] p2a: Tyranitar
|turn|11
|inactive|3idk has 30 seconds left this turn.
|
|t:|1757913067
|move|p1a: Iron Jugulis|Earth Power|p2a: Tyranitar
|-supereffective|p2a: Tyranitar
|-damage|p2a: Tyranitar|0 fnt
|faint|p2a: Tyranitar
|
|-weather|Sandstorm|[upkeep]
|-damage|p1a: Iron Jugulis|94/100|[from] Sandstorm
|upkeep
|
|t:|1757913071
|switch|p2a: Excadrill|Excadrill, M|100/100
|-damage|p2a: Excadrill|97/100|[from] Stealth Rock
|-item|p2a: Excadrill|Air Balloon
|turn|12
|
|t:|1757913084
|move|p2a: Excadrill|Swords Dance|p2a: Excadrill
|-boost|p2a: Excadrill|atk|2
|move|p1a: Iron Jugulis|Dark Pulse|p2a: Excadrill
|-damage|p2a: Excadrill|47/100
|-enditem|p2a: Excadrill|Air Balloon
|
|-weather|Sandstorm|[upkeep]
|-damage|p1a: Iron Jugulis|88/100|[from] Sandstorm
|upkeep
|turn|13
|inactive|3idk has 30 seconds left.
|
|t:|1757913113
|move|p2a: Excadrill|Iron Head|p1a: Iron Jugulis
|-damage|p1a: Iron Jugulis|0 fnt
|faint|p1a: Iron Jugulis
|-end|p1a: Iron Jugulis|Quark Drive|[silent]
|
|-weather|Sandstorm|[upkeep]
|upkeep
|inactive|Black Man Lover has 120 seconds left.
|
|t:|1757913144
|switch|p1a: Raging Bolt|Raging Bolt|100/100
|-enditem|p1a: Raging Bolt|Booster Energy
|-activate|p1a: Raging Bolt|ability: Protosynthesis|[fromitem]
|-start|p1a: Raging Bolt|protosynthesisspa
|turn|14
|inactive|3idk has 30 seconds left.
|inactive|3idk has 20 seconds left.
|inactive|3idk has 15 seconds left.
|inactive|3idk has 10 seconds left.
|
|t:|1757913181
|-terastallize|p1a: Raging Bolt|Flying
|move|p2a: Excadrill|Earthquake|p1a: Raging Bolt
|-immune|p1a: Raging Bolt
|move|p1a: Raging Bolt|Dragon Pulse|p2a: Excadrill
|-resisted|p2a: Excadrill
|-damage|p2a: Excadrill|7/100
|
|-weather|Sandstorm|[upkeep]
|-damage|p1a: Raging Bolt|94/100|[from] Sandstorm
|upkeep
|turn|15
|inactive|3idk has 20 seconds left this turn.
|inactive|Black Man Lover has 120 seconds left.
|inactive|Black Man Lover has 90 seconds left.
|j| wgw2333
|
|t:|1757913223
|move|p2a: Excadrill|Iron Head|p1a: Raging Bolt
|-damage|p1a: Raging Bolt|8/100
|move|p1a: Raging Bolt|Dragon Pulse|p2a: Excadrill
|-resisted|p2a: Excadrill
|-damage|p2a: Excadrill|0 fnt
|faint|p2a: Excadrill
|
|-weather|none
|upkeep
|inactive|3idk has 25 seconds left this turn.
|inactive|3idk has 20 seconds left.
|
|t:|1757913231
|switch|p2a: Keldeo|Keldeo-Resolute|100/100
|-damage|p2a: Keldeo|94/100|[from] Stealth Rock
|turn|16
|inactive|3idk has 30 seconds left this turn.
|
|t:|1757913237
|move|p2a: Keldeo|Flip Turn|p1a: Raging Bolt
|-damage|p1a: Raging Bolt|0 fnt
|faint|p1a: Raging Bolt
|-end|p1a: Raging Bolt|Protosynthesis|[silent]
|inactive|3idk has 30 seconds left.
|
|t:|1757913247
|switch|p2a: Tornadus|Tornadus-Therian, M|100/100|[from] Flip Turn
|-damage|p2a: Tornadus|76/100|[from] Stealth Rock
|
|upkeep
|
|t:|1757913252
|switch|p1a: Darkrai|Darkrai|100/100
|turn|17
|
|t:|1757913259
|move|p1a: Darkrai|Dark Pulse|p2a: Tornadus
|-damage|p2a: Tornadus|4/100
|move|p2a: Tornadus|U-turn|p1a: Darkrai
|-supereffective|p1a: Darkrai
|-damage|p1a: Darkrai|60/100
|
|t:|1757913266
|switch|p2a: Keldeo|Keldeo-Resolute|94/100|[from] U-turn
|-damage|p2a: Keldeo|88/100|[from] Stealth Rock
|
|upkeep
|turn|18
|
|t:|1757913269
|switch|p1a: Primarina|Primarina, M|84/100
|move|p2a: Keldeo|Flip Turn|p1a: Primarina
|-resisted|p1a: Primarina
|-damage|p1a: Primarina|75/100
|
|t:|1757913272
|switch|p2a: Tornadus|Tornadus-Therian, M|37/100|[from] Flip Turn
|-damage|p2a: Tornadus|12/100|[from] Stealth Rock
|
|upkeep
|turn|19
|
|t:|1757913275
|move|p2a: Tornadus|Bleakwind Storm|p1a: Primarina
|-damage|p1a: Primarina|50/100
|move|p1a: Primarina|Moonblast|p2a: Tornadus
|-damage|p2a: Tornadus|0 fnt
|faint|p2a: Tornadus
|
|upkeep
|
|t:|1757913284
|switch|p2a: Hydrapple|Hydrapple, M|100/100
|-damage|p2a: Hydrapple|88/100|[from] Stealth Rock
|turn|20
|
|t:|1757913299
|move|p1a: Primarina|Moonblast|p2a: Hydrapple
|-supereffective|p2a: Hydrapple
|-damage|p2a: Hydrapple|0 fnt
|faint|p2a: Hydrapple
|
|upkeep
|-message|3idk forfeited.
|
|win|Black Man Lover
|raw|Black Man Lover's rating: 1630 &rarr; <strong>1649</strong><br />(+19 for winning)
|raw|3idk's rating: 1605 &rarr; <strong>1586</strong><br />(-19 for losing)
|l|☆3idk
|player|p2|
|l| Lotus1089
|l|☆Black Man Lover
|player|p1|
