|j|☆xXb1llyXx
|j|☆TroubleFindsMe
|t:|1757900724
|gametype|singles
|player|p1|xXb1llyXx|backpackerf|1646
|player|p2|TroubleFindsMe|rika|1603
|gen|9
|tier|[Gen 9] OU
|rated|
|rule|HP Percentage Mod: HP is shown in percentages
|rule|Endless Battle Clause: Forcing endless battles is banned
|rule|Species Clause: Limit one of each Pokémon
|rule|OHKO Clause: OHKO moves are banned
|rule|Evasion Items Clause: Evasion items are banned
|rule|Evasion Moves Clause: Evasion moves are banned
|rule|Evasion Abilities Clause: Evasion abilities are banned
|rule|Sleep Moves Clause: Sleep-inducing moves are banned
|clearpoke
|poke|p1|Raging Bolt|
|poke|p1|Zamazenta-*|
|poke|p1|Ting-Lu|
|poke|p1|Tornadus-Therian, M|
|poke|p1|Gholdengo|
|poke|p1|Iron Treads|
|poke|p2|Cloyster, F|
|poke|p2|Iron Valiant|
|poke|p2|Moltres|
|poke|p2|Dragonite, F|
|poke|p2|Zamazenta-*|
|poke|p2|Ogerpon-Cornerstone, F|
|teampreview
|inactive|Battle timer is ON: inactive players will automatically lose when time's up. (requested by TroubleFindsMe)
|
|t:|1757900736
|teamsize|p1|6
|teamsize|p2|6
|start
|switch|p1a: Tornadus|Tornadus-Therian, M|100/100
|switch|p2a: o_o|Cloyster, F|100/100
|turn|1
|
|t:|1757900741
|move|p1a: Tornadus|Bleakwind Storm|p2a: o_o
|-enditem|p2a: o_o|Focus Sash
|-damage|p2a: o_o|1/100
|-damage|p1a: Tornadus|91/100|[from] item: Life Orb
|move|p2a: o_o|Shell Smash|p2a: o_o
|-unboost|p2a: o_o|def|1
|-unboost|p2a: o_o|spd|1
|-boost|p2a: o_o|atk|2
|-boost|p2a: o_o|spa|2
|-boost|p2a: o_o|spe|2
|
|upkeep
|turn|2
|
|t:|1757900753
|move|p2a: o_o|Icicle Spear|p1a: Tornadus
|-supereffective|p1a: Tornadus
|-damage|p1a: Tornadus|25/100
|-supereffective|p1a: Tornadus
|-damage|p1a: Tornadus|0 fnt
|faint|p1a: Tornadus
|-hitcount|p1: Tornadus|2
|
|upkeep
|
|t:|1757900756
|switch|p1a: Iron Treads|Iron Treads|100/100
|-enditem|p1a: Iron Treads|Booster Energy
|-activate|p1a: Iron Treads|ability: Quark Drive|[fromitem]
|-start|p1a: Iron Treads|quarkdrivespe
|turn|3
|
|t:|1757900761
|move|p1a: Iron Treads|Rapid Spin|p2a: o_o
|-damage|p2a: o_o|0 fnt
|-boost|p1a: Iron Treads|spe|1
|faint|p2a: o_o
|
|upkeep
|
|t:|1757900764
|switch|p2a: AHHHH IM ON FIRE|Moltres|100/100
|turn|4
|
|t:|1757900771
|-end|p1a: Iron Treads|Quark Drive|[silent]
|switch|p1a: Ting-Lu|Ting-Lu|100/100
|-ability|p1a: Ting-Lu|Vessel of Ruin
|move|p2a: AHHHH IM ON FIRE|Flamethrower|p1a: Ting-Lu
|-damage|p1a: Ting-Lu|71/100
|
|upkeep
|turn|5
|
|t:|1757900775
|move|p2a: AHHHH IM ON FIRE|Hurricane|p1a: Ting-Lu
|-damage|p1a: Ting-Lu|40/100
|move|p1a: Ting-Lu|Ruination|p2a: AHHHH IM ON FIRE
|-damage|p2a: AHHHH IM ON FIRE|51/100
|
|upkeep
|turn|6
|
|t:|1757900781
|move|p2a: AHHHH IM ON FIRE|Hurricane|p1a: Ting-Lu
|-damage|p1a: Ting-Lu|5/100
|move|p1a: Ting-Lu|Stealth Rock|p2a: AHHHH IM ON FIRE
|-sidestart|p2: TroubleFindsMe|move: Stealth Rock
|
|upkeep
|turn|7
|
|t:|1757900786
|move|p2a: AHHHH IM ON FIRE|Flamethrower|p1a: Ting-Lu
|-damage|p1a: Ting-Lu|0 fnt
|faint|p1a: Ting-Lu
|
|upkeep
|
|t:|1757900791
|switch|p1a: Raging Bolt|Raging Bolt|100/100
|-enditem|p1a: Raging Bolt|Booster Energy
|-activate|p1a: Raging Bolt|ability: Protosynthesis|[fromitem]
|-start|p1a: Raging Bolt|protosynthesisspa
|turn|8
|
|t:|1757900798
|move|p2a: AHHHH IM ON FIRE|Scorching Sands|p1a: Raging Bolt
|-supereffective|p1a: Raging Bolt
|-damage|p1a: Raging Bolt|64/100
|move|p1a: Raging Bolt|Calm Mind|p1a: Raging Bolt
|-boost|p1a: Raging Bolt|spa|1
|-boost|p1a: Raging Bolt|spd|1
|
|upkeep
|turn|9
|
|t:|1757900812
|switch|p2a: dogecoin !|Zamazenta|100/100
|-damage|p2a: dogecoin !|94/100|[from] Stealth Rock
|-ability|p2a: dogecoin !|Dauntless Shield|boost
|-boost|p2a: dogecoin !|def|1
|move|p1a: Raging Bolt|Thunderbolt|p2a: dogecoin !
|-damage|p2a: dogecoin !|0 fnt
|faint|p2a: dogecoin !
|
|upkeep
|
|t:|1757900833
|switch|p2a: #Girl|Ogerpon-Cornerstone, F|100/100
|-damage|p2a: #Girl|88/100|[from] Stealth Rock
|turn|10
|
|t:|1757900838
|-terastallize|p2a: #Girl|Rock
|detailschange|p2a: #Girl|Ogerpon-Cornerstone-Tera, F, tera:Rock
|-ability|p2a: #Girl|Embody Aspect (Cornerstone)|boost
|-boost|p2a: #Girl|def|1
|move|p2a: #Girl|Ivy Cudgel|p1a: Raging Bolt|[anim] Ivy Cudgel Rock
|-damage|p1a: Raging Bolt|0 fnt
|faint|p1a: Raging Bolt
|-end|p1a: Raging Bolt|Protosynthesis|[silent]
|
|upkeep
|
|t:|1757900846
|switch|p1a: Iron Treads|Iron Treads|100/100
|turn|11
|
|t:|1757900849
|move|p2a: #Girl|Swords Dance|p2a: #Girl
|-boost|p2a: #Girl|atk|2
|move|p1a: Iron Treads|Earthquake|p2a: #Girl
|-supereffective|p2a: #Girl
|-damage|p2a: #Girl|12/100
|
|upkeep
|turn|12
|
|t:|1757900853
|move|p2a: #Girl|Horn Leech|p1a: Iron Treads
|-damage|p1a: Iron Treads|15/100
|-heal|p2a: #Girl|57/100|[from] drain|[of] p1a: Iron Treads
|move|p1a: Iron Treads|Earthquake|p2a: #Girl
|-supereffective|p2a: #Girl
|-damage|p2a: #Girl|0 fnt
|faint|p2a: #Girl
|detailschange|p2: #Girl|Ogerpon-Cornerstone, F|[silent]
|
|upkeep
|
|t:|1757900859
|switch|p2a: AHHHH IM ON FIRE|Moltres|51/100
|turn|13
|
|t:|1757900862
|move|p1a: Iron Treads|Knock Off|p2a: AHHHH IM ON FIRE
|-damage|p2a: AHHHH IM ON FIRE|15/100
|-enditem|p2a: AHHHH IM ON FIRE|Heavy-Duty Boots|[from] move: Knock Off|[of] p1a: Iron Treads
|move|p2a: AHHHH IM ON FIRE|Flamethrower|p1a: Iron Treads
|-supereffective|p1a: Iron Treads
|-damage|p1a: Iron Treads|0 fnt
|faint|p1a: Iron Treads
|-end|p1a: Iron Treads|Quark Drive|[silent]
|
|upkeep
|
|t:|1757900875
|switch|p1a: Zamazenta|Zamazenta|100/100
|-ability|p1a: Zamazenta|Dauntless Shield|boost
|-boost|p1a: Zamazenta|def|1
|turn|14
|
|t:|1757900884
|move|p1a: Zamazenta|Body Press|p2a: AHHHH IM ON FIRE
|-resisted|p2a: AHHHH IM ON FIRE
|-damage|p2a: AHHHH IM ON FIRE|0 fnt
|faint|p2a: AHHHH IM ON FIRE
|
|upkeep
|
|t:|1757900887
|switch|p2a: Wokeness Unleashed|Iron Valiant|100/100
|-damage|p2a: Wokeness Unleashed|94/100|[from] Stealth Rock
|-enditem|p2a: Wokeness Unleashed|Booster Energy
|-activate|p2a: Wokeness Unleashed|ability: Quark Drive|[fromitem]
|-start|p2a: Wokeness Unleashed|quarkdrivespe
|turn|15
|
|t:|1757900890
|-terastallize|p1a: Zamazenta|Fire
|move|p2a: Wokeness Unleashed|Moonblast|p1a: Zamazenta
|-resisted|p1a: Zamazenta
|-damage|p1a: Zamazenta|81/100
|move|p1a: Zamazenta|Heavy Slam|p2a: Wokeness Unleashed
|-supereffective|p2a: Wokeness Unleashed
|-damage|p2a: Wokeness Unleashed|7/100
|
|-heal|p1a: Zamazenta|87/100|[from] item: Leftovers
|upkeep
|turn|16
|
|t:|1757900901
|move|p2a: Wokeness Unleashed|Aura Sphere|p1a: Zamazenta
|-damage|p1a: Zamazenta|56/100
|move|p1a: Zamazenta|Heavy Slam|p2a: Wokeness Unleashed
|-supereffective|p2a: Wokeness Unleashed
|-damage|p2a: Wokeness Unleashed|0 fnt
|faint|p2a: Wokeness Unleashed
|-end|p2a: Wokeness Unleashed|Quark Drive|[silent]
|
|-heal|p1a: Zamazenta|62/100|[from] item: Leftovers
|upkeep
|
|t:|1757900903
|switch|p2a: BarneyFromDinosaur|Dragonite, F|100/100
|turn|17
|
|t:|1757900908
|move|p1a: Zamazenta|Iron Defense|p1a: Zamazenta
|-boost|p1a: Zamazenta|def|2
|move|p2a: BarneyFromDinosaur|Dragon Dance|p2a: BarneyFromDinosaur
|-boost|p2a: BarneyFromDinosaur|atk|1
|-boost|p2a: BarneyFromDinosaur|spe|1
|
|-heal|p1a: Zamazenta|69/100|[from] item: Leftovers
|upkeep
|turn|18
|
|t:|1757900912
|move|p1a: Zamazenta|Body Press|p2a: BarneyFromDinosaur
|-resisted|p2a: BarneyFromDinosaur
|-damage|p2a: BarneyFromDinosaur|79/100
|move|p2a: BarneyFromDinosaur|Dragon Dance|p2a: BarneyFromDinosaur
|-boost|p2a: BarneyFromDinosaur|atk|1
|-boost|p2a: BarneyFromDinosaur|spe|1
|
|-heal|p1a: Zamazenta|75/100|[from] item: Leftovers
|upkeep
|turn|19
|
|t:|1757900917
|move|p2a: BarneyFromDinosaur|Earthquake|p1a: Zamazenta
|-supereffective|p1a: Zamazenta
|-damage|p1a: Zamazenta|29/100
|move|p1a: Zamazenta|Iron Defense|p1a: Zamazenta
|-boost|p1a: Zamazenta|def|2
|
|-heal|p1a: Zamazenta|35/100|[from] item: Leftovers
|upkeep
|turn|20
|
|t:|1757900920
|move|p2a: BarneyFromDinosaur|Earthquake|p1a: Zamazenta
|-supereffective|p1a: Zamazenta
|-damage|p1a: Zamazenta|0 fnt
|faint|p1a: Zamazenta
|
|upkeep
|
|t:|1757900923
|switch|p1a: Gholdengo|Gholdengo|100/100
|-item|p1a: Gholdengo|Air Balloon
|turn|21
|
|t:|1757900927
|move|p2a: BarneyFromDinosaur|Fire Punch|p1a: Gholdengo
|-supereffective|p1a: Gholdengo
|-damage|p1a: Gholdengo|0 fnt
|-enditem|p1a: Gholdengo|Air Balloon
|faint|p1a: Gholdengo
|
|win|TroubleFindsMe
|raw|xXb1llyXx's rating: 1646 &rarr; <strong>1624</strong><br />(-22 for losing)
|raw|TroubleFindsMe's rating: 1603 &rarr; <strong>1625</strong><br />(+22 for winning)
|l|☆TroubleFindsMe
|player|p2|
|l|☆xXb1llyXx
|player|p1|
