|j|☆zskuxxz
|j|☆redfeatherz
|t:|1757873444
|gametype|singles
|player|p1|zskuxxz|169|1394
|player|p2|redfeatherz|2|1368
|gen|9
|tier|[Gen 9] OU
|rated|
|rule|HP Percentage Mod: HP is shown in percentages
|rule|Endless Battle Clause: Forcing endless battles is banned
|rule|Species Clause: Limit one of each Pokémon
|rule|OHKO Clause: OHKO moves are banned
|rule|Evasion Items Clause: Evasion items are banned
|rule|Evasion Moves Clause: Evasion moves are banned
|rule|Evasion Abilities Clause: Evasion abilities are banned
|rule|Sleep Moves Clause: Sleep-inducing moves are banned
|clearpoke
|poke|p1|Dragonite, F|
|poke|p1|Zamazenta-*|
|poke|p1|Landorus-Therian, M|
|poke|p1|Gholdengo|
|poke|p1|Darkrai|
|poke|p1|Hatterene, F|
|poke|p2|Bombirdier, M|
|poke|p2|Fezandipiti, M|
|poke|p2|Magnezone|
|poke|p2|Toedscruel, F|
|poke|p2|Infernape, M|
|poke|p2|Latios, M|
|teampreview
|
|t:|1757873470
|teamsize|p1|6
|teamsize|p2|6
|start
|switch|p1a: Landorus|Landorus-Therian, M|100/100
|switch|p2a: Bombirdier|Bombirdier, M|100/100
|-ability|p1a: Landorus|Intimidate|boost
|-unboost|p2a: Bombirdier|atk|1
|turn|1
|
|t:|1757873497
|move|p2a: Bombirdier|Parting Shot|p1a: Landorus
|-unboost|p1a: Landorus|atk|1
|-unboost|p1a: Landorus|spa|1
|
|t:|1757873507
|switch|p2a: Toedscruel|Toedscruel, F|100/100|[from] Parting Shot
|move|p1a: Landorus|Taunt|p2a: Toedscruel
|-start|p2a: Toedscruel|move: Taunt
|
|upkeep
|turn|2
|
|t:|1757873514
|move|p2a: Toedscruel|Leaf Storm|p1a: Landorus
|-damage|p1a: Landorus|60/100
|-unboost|p2a: Toedscruel|spa|2
|move|p1a: Landorus|U-turn|p2a: Toedscruel
|-supereffective|p2a: Toedscruel
|-damage|p2a: Toedscruel|54/100
|
|t:|1757873521
|switch|p1a: Dragonite|Dragonite, F|100/100|[from] U-turn
|
|-heal|p2a: Toedscruel|60/100|[from] item: Leftovers
|upkeep
|turn|3
|
|t:|1757873534
|switch|p2a: Latios|Latios, M|100/100
|move|p1a: Dragonite|Dragon Dance|p1a: Dragonite
|-boost|p1a: Dragonite|atk|1
|-boost|p1a: Dragonite|spe|1
|
|upkeep
|turn|4
|
|t:|1757873547
|-terastallize|p1a: Dragonite|Flying
|-terastallize|p2a: Latios|Steel
|move|p1a: Dragonite|Tera Blast|p2a: Latios|[anim] Tera Blast Flying
|-resisted|p2a: Latios
|-damage|p2a: Latios|46/100
|move|p2a: Latios|Luster Purge|p1a: Dragonite
|-damage|p1a: Dragonite|66/100
|-unboost|p1a: Dragonite|spd|1
|
|upkeep
|turn|5
|
|t:|1757873571
|move|p1a: Dragonite|Tera Blast|p2a: Latios|[anim] Tera Blast Flying
|-resisted|p2a: Latios
|-damage|p2a: Latios|0 fnt
|faint|p2a: Latios
|
|upkeep
|
|t:|1757873591
|switch|p2a: Bombirdier|Bombirdier, M|100/100
|turn|6
|
|t:|1757873598
|move|p2a: Bombirdier|Brave Bird|p1a: Dragonite
|-damage|p1a: Dragonite|8/100
|-damage|p2a: Bombirdier|78/100|[from] Recoil
|move|p1a: Dragonite|Tera Blast|p2a: Bombirdier|[anim] Tera Blast Flying
|-damage|p2a: Bombirdier|0 fnt
|faint|p2a: Bombirdier
|
|upkeep
|
|t:|1757873603
|switch|p2a: Infernape|Infernape, M|100/100
|turn|7
|
|t:|1757873606
|move|p1a: Dragonite|Extreme Speed|p2a: Infernape
|-damage|p2a: Infernape|34/100
|move|p2a: Infernape|Mach Punch|p1a: Dragonite
|-resisted|p1a: Dragonite
|-damage|p1a: Dragonite|0 fnt
|faint|p1a: Dragonite
|-damage|p2a: Infernape|24/100|[from] item: Life Orb
|
|upkeep
|
|t:|1757873612
|switch|p1a: Landorus|Landorus-Therian, M|60/100
|-ability|p1a: Landorus|Intimidate|boost
|-unboost|p2a: Infernape|atk|1
|turn|8
|
|t:|1757873654
|switch|p1a: Hatterene|Hatterene, F|100/100
|move|p2a: Infernape|Flare Blitz|p1a: Hatterene
|-damage|p1a: Hatterene|17/100
|-damage|p2a: Infernape|0 fnt|[from] Recoil
|faint|p2a: Infernape
|
|upkeep
|
|t:|1757873670
|switch|p2a: Fezandipiti|Fezandipiti, M|100/100
|turn|9
|
|t:|1757873678
|move|p2a: Fezandipiti|Poison Jab|p1a: Hatterene
|-supereffective|p1a: Hatterene
|-damage|p1a: Hatterene|0 fnt
|faint|p1a: Hatterene
|
|upkeep
|
|t:|1757873685
|switch|p1a: Gholdengo|Gholdengo|100/100
|turn|10
|
|t:|1757873689
|switch|p1a: Landorus|Landorus-Therian, M|60/100
|-ability|p1a: Landorus|Intimidate|boost
|-unboost|p2a: Fezandipiti|atk|1
|move|p2a: Fezandipiti|U-turn|p1a: Landorus
|-resisted|p1a: Landorus
|-crit|p1a: Landorus
|-damage|p1a: Landorus|50/100
|-damage|p2a: Fezandipiti|84/100|[from] item: Rocky Helmet|[of] p1a: Landorus
|
|t:|1757873694
|switch|p2a: Toedscruel|Toedscruel, F|60/100|[from] U-turn
|
|-heal|p2a: Toedscruel|66/100|[from] item: Leftovers
|upkeep
|turn|11
|
|t:|1757873703
|move|p2a: Toedscruel|Leaf Storm|p1a: Landorus
|-damage|p1a: Landorus|8/100
|-unboost|p2a: Toedscruel|spa|2
|move|p1a: Landorus|U-turn|p2a: Toedscruel
|-supereffective|p2a: Toedscruel
|-damage|p2a: Toedscruel|0 fnt
|faint|p2a: Toedscruel
|
|t:|1757873712
|switch|p1a: Darkrai|Darkrai|100/100|[from] U-turn
|
|upkeep
|
|t:|1757873733
|switch|p2a: Fezandipiti|Fezandipiti, M|84/100
|turn|12
|
|t:|1757873742
|move|p1a: Darkrai|Taunt|p2a: Fezandipiti
|-start|p2a: Fezandipiti|move: Taunt
|move|p2a: Fezandipiti|Moonblast|p1a: Darkrai
|-supereffective|p1a: Darkrai
|-damage|p1a: Darkrai|46/100
|-status|p1a: Darkrai|tox|[from] ability: Toxic Chain|[of] p2a: Fezandipiti
|
|-damage|p1a: Darkrai|40/100 tox|[from] psn
|upkeep
|turn|13
|
|t:|1757873749
|move|p1a: Darkrai|Will-O-Wisp|p2a: Fezandipiti
|-status|p2a: Fezandipiti|brn
|move|p2a: Fezandipiti|Moonblast|p1a: Darkrai
|-supereffective|p1a: Darkrai
|-damage|p1a: Darkrai|0 fnt
|faint|p1a: Darkrai
|
|-damage|p2a: Fezandipiti|78/100 brn|[from] brn
|upkeep
|
|t:|1757873767
|switch|p1a: Landorus|Landorus-Therian, M|8/100
|-ability|p1a: Landorus|Intimidate|boost
|-unboost|p2a: Fezandipiti|atk|1
|turn|14
|
|t:|1757873773
|move|p2a: Fezandipiti|Moonblast|p1a: Landorus
|-damage|p1a: Landorus|0 fnt
|faint|p1a: Landorus
|
|-damage|p2a: Fezandipiti|72/100 brn|[from] brn
|-end|p2a: Fezandipiti|move: Taunt
|upkeep
|
|t:|1757873781
|switch|p1a: Gholdengo|Gholdengo|100/100
|turn|15
|
|t:|1757873785
|move|p2a: Fezandipiti|U-turn|p1a: Gholdengo
|-resisted|p1a: Gholdengo
|-damage|p1a: Gholdengo|99/100
|
|t:|1757873786
|switch|p2a: Magnezone|Magnezone|100/100|[from] U-turn
|move|p1a: Gholdengo|Make It Rain|p2a: Magnezone
|-resisted|p2a: Magnezone
|-damage|p2a: Magnezone|85/100
|-unboost|p1a: Gholdengo|spa|1
|
|upkeep
|turn|16
|
|t:|1757873792
|switch|p1a: Zamazenta|Zamazenta|100/100
|-ability|p1a: Zamazenta|Dauntless Shield|boost
|-boost|p1a: Zamazenta|def|1
|move|p2a: Magnezone|Discharge|p1a: Zamazenta
|-damage|p1a: Zamazenta|55/100
|
|-heal|p1a: Zamazenta|62/100|[from] item: Leftovers
|upkeep
|turn|17
|
|t:|1757873805
|switch|p2a: Fezandipiti|Fezandipiti, M|72/100 brn
|move|p1a: Zamazenta|Body Press|p2a: Fezandipiti
|-resisted|p2a: Fezandipiti
|-damage|p2a: Fezandipiti|54/100 brn
|
|-heal|p1a: Zamazenta|68/100|[from] item: Leftovers
|-damage|p2a: Fezandipiti|48/100 brn|[from] brn
|upkeep
|turn|18
|
|t:|1757873814
|switch|p1a: Gholdengo|Gholdengo|99/100
|move|p2a: Fezandipiti|U-turn|p1a: Gholdengo
|-resisted|p1a: Gholdengo
|-damage|p1a: Gholdengo|98/100
|
|t:|1757873816
|switch|p2a: Magnezone|Magnezone|85/100|[from] U-turn
|
|upkeep
|turn|19
|
|t:|1757873831
|move|p1a: Gholdengo|Nasty Plot|p1a: Gholdengo
|-boost|p1a: Gholdengo|spa|2
|move|p2a: Magnezone|Discharge|p1a: Gholdengo
|-damage|p1a: Gholdengo|52/100
|
|upkeep
|turn|20
|
|t:|1757873855
|move|p1a: Gholdengo|Thunderbolt|p2a: Magnezone
|-resisted|p2a: Magnezone
|-damage|p2a: Magnezone|60/100
|move|p2a: Magnezone|Discharge|p1a: Gholdengo
|-damage|p1a: Gholdengo|5/100
|
|upkeep
|turn|21
|
|t:|1757873862
|move|p1a: Gholdengo|Recover|p1a: Gholdengo
|-heal|p1a: Gholdengo|55/100
|move|p2a: Magnezone|Discharge|p1a: Gholdengo
|-damage|p1a: Gholdengo|11/100
|
|upkeep
|turn|22
|
|t:|1757873864
|move|p1a: Gholdengo|Recover|p1a: Gholdengo
|-heal|p1a: Gholdengo|61/100
|move|p2a: Magnezone|Discharge|p1a: Gholdengo
|-damage|p1a: Gholdengo|14/100
|
|upkeep
|turn|23
|
|t:|1757873869
|move|p1a: Gholdengo|Recover|p1a: Gholdengo
|-heal|p1a: Gholdengo|64/100
|move|p2a: Magnezone|Discharge|p1a: Gholdengo
|-damage|p1a: Gholdengo|12/100
|-status|p1a: Gholdengo|par
|
|upkeep
|turn|24
|
|t:|1757873874
|move|p2a: Magnezone|Discharge|p1a: Gholdengo
|-damage|p1a: Gholdengo|0 fnt
|faint|p1a: Gholdengo
|
|upkeep
|
|t:|1757873876
|switch|p1a: Zamazenta|Zamazenta|68/100
|turn|25
|
|t:|1757873882
|move|p1a: Zamazenta|Iron Defense|p1a: Zamazenta
|-boost|p1a: Zamazenta|def|2
|move|p2a: Magnezone|Steel Beam|p1a: Zamazenta
|-damage|p1a: Zamazenta|0 fnt
|-damage|p2a: Magnezone|10/100|[from] steelbeam
|faint|p1a: Zamazenta
|
|win|redfeatherz
|raw|zskuxxz's rating: 1394 &rarr; <strong>1373</strong><br />(-21 for losing)
|raw|redfeatherz's rating: 1368 &rarr; <strong>1389</strong><br />(+21 for winning)
|l|☆zskuxxz
|player|p1|
|l|☆redfeatherz
|player|p2|
