|j|☆syk1307
|j|‽cohorspraetoria
|t:|1757797841
|gametype|singles
|player|p1|syk1307|giovanni|1514
|player|p2|cohorspraetoria|265|1527
|gen|9
|tier|[Gen 9] OU
|rated|
|rule|HP Percentage Mod: HP is shown in percentages
|rule|Endless Battle Clause: Forcing endless battles is banned
|rule|Species Clause: Limit one of each Pokémon
|rule|OHKO Clause: OHKO moves are banned
|rule|Evasion Items Clause: Evasion items are banned
|rule|Evasion Moves Clause: Evasion moves are banned
|rule|Evasion Abilities Clause: Evasion abilities are banned
|rule|Sleep Moves Clause: Sleep-inducing moves are banned
|clearpoke
|poke|p1|Jolteon, M|
|poke|p1|Samurott-Hisui, M|
|poke|p1|Arcanine, M|
|poke|p1|Scizor, M|
|poke|p1|Corviknight, M|
|poke|p1|Mew|
|poke|p2|Great Tusk|
|poke|p2|Slowking-Galar, M|
|poke|p2|Alomomola, F|
|poke|p2|Kingambit, M|
|poke|p2|Dragapult, M|
|poke|p2|Landorus-Therian, M|
|teampreview
|inactive|Battle timer is ON: inactive players will automatically lose when time's up. (requested by cohorspraetoria)
|
|t:|1757797857
|teamsize|p1|6
|teamsize|p2|6
|start
|switch|p1a: Samurott|Samurott-Hisui, M|100/100
|switch|p2a: Alomomola|Alomomola, F|100/100
|turn|1
|
|t:|1757797865
|move|p1a: Samurott|Ceaseless Edge|p2a: Alomomola
|-damage|p2a: Alomomola|56/100
|-sidestart|p2: cohorspraetoria|Spikes
|move|p2a: Alomomola|Scald|p1a: Samurott
|-resisted|p1a: Samurott
|-damage|p1a: Samurott|91/100
|-status|p1a: Samurott|brn
|
|-damage|p1a: Samurott|84/100 brn|[from] brn
|upkeep
|turn|2
|
|t:|1757797875
|switch|p2a: Great Tusk|Great Tusk|100/100
|-damage|p2a: Great Tusk|88/100|[from] Spikes
|move|p1a: Samurott|Ceaseless Edge|p2a: Great Tusk
|-resisted|p2a: Great Tusk
|-damage|p2a: Great Tusk|77/100
|-damage|p1a: Samurott|68/100 brn|[from] item: Rocky Helmet|[of] p2a: Great Tusk
|-sidestart|p2: cohorspraetoria|Spikes
|
|-damage|p1a: Samurott|62/100 brn|[from] brn
|upkeep
|turn|3
|
|t:|1757797885
|switch|p1a: Corviknight|Corviknight, M|100/100
|move|p2a: Great Tusk|Rapid Spin|p1a: Corviknight
|-resisted|p1a: Corviknight
|-damage|p1a: Corviknight|96/100
|-boost|p2a: Great Tusk|spe|1
|-damage|p2a: Great Tusk|60/100|[from] item: Rocky Helmet|[of] p1a: Corviknight
|-sideend|p2: cohorspraetoria|Spikes|[from] move: Rapid Spin|[of] p2a: Great Tusk
|
|upkeep
|turn|4
|
|t:|1757797893
|move|p2a: Great Tusk|Stealth Rock|p1a: Corviknight
|-sidestart|p1: syk1307|move: Stealth Rock
|move|p1a: Corviknight|U-turn|p2a: Great Tusk
|-resisted|p2a: Great Tusk
|-damage|p2a: Great Tusk|56/100
|-damage|p1a: Corviknight|80/100|[from] item: Rocky Helmet|[of] p2a: Great Tusk
|
|t:|1757797900
|switch|p1a: Scizor|Scizor, M|100/100|[from] U-turn
|-damage|p1a: Scizor|88/100|[from] Stealth Rock
|
|upkeep
|turn|5
|
|t:|1757797904
|-end|p2a: Great Tusk|Protosynthesis|[silent]
|switch|p2a: Alomomola|Alomomola, F|89/100
|switch|p1a: Corviknight|Corviknight, M|80/100
|-damage|p1a: Corviknight|68/100|[from] Stealth Rock
|
|upkeep
|turn|6
|
|t:|1757797911
|move|p1a: Corviknight|Defog|p2a: Alomomola
|-unboost|p2a: Alomomola|evasion|1
|-sideend|p1: syk1307|Stealth Rock|[from] move: Defog|[of] p1a: Corviknight
|move|p2a: Alomomola|Scald|p1a: Corviknight
|-damage|p1a: Corviknight|54/100
|
|upkeep
|turn|7
|
|t:|1757797921
|move|p1a: Corviknight|Roost|p1a: Corviknight
|-heal|p1a: Corviknight|100/100
|-singleturn|p1a: Corviknight|move: Roost
|move|p2a: Alomomola|Flip Turn|p1a: Corviknight
|-damage|p1a: Corviknight|91/100
|-damage|p2a: Alomomola|72/100|[from] item: Rocky Helmet|[of] p1a: Corviknight
|
|t:|1757797929
|switch|p2a: Landorus|Landorus-Therian, M|100/100|[from] Flip Turn
|-ability|p2a: Landorus|Intimidate|boost
|-ability|p1a: Corviknight|Mirror Armor
|-unboost|p2a: Landorus|atk|1
|
|upkeep
|turn|8
|
|t:|1757797936
|move|p2a: Landorus|Swords Dance|p2a: Landorus
|-boost|p2a: Landorus|atk|2
|move|p1a: Corviknight|U-turn|p2a: Landorus
|-resisted|p2a: Landorus
|-damage|p2a: Landorus|91/100
|inactive|syk1307 has 120 seconds left.
|
|t:|1757797970
|switch|p1a: Jolteon|Jolteon, M|100/100|[from] U-turn
|
|-heal|p2a: Landorus|97/100|[from] item: Leftovers
|upkeep
|turn|9
|
|t:|1757797976
|switch|p1a: Corviknight|Corviknight, M|91/100
|-terastallize|p2a: Landorus|Water
|move|p2a: Landorus|Earthquake|p1a: Corviknight
|-immune|p1a: Corviknight
|
|-heal|p2a: Landorus|100/100|[from] item: Leftovers
|upkeep
|turn|10
|inactive|syk1307 has 120 seconds left.
|
|t:|1757798001
|move|p2a: Landorus|Smack Down|p1a: Corviknight
|-damage|p1a: Corviknight|75/100
|-start|p1a: Corviknight|Smack Down
|move|p1a: Corviknight|U-turn|p2a: Landorus
|-damage|p2a: Landorus|82/100
|
|t:|1757798006
|switch|p1a: Jolteon|Jolteon, M|100/100|[from] U-turn
|
|-heal|p2a: Landorus|88/100|[from] item: Leftovers
|upkeep
|turn|11
|inactive|syk1307 has 120 seconds left.
|
|t:|1757798021
|switch|p2a: Great Tusk|Great Tusk|56/100
|move|p1a: Jolteon|Volt Switch|p2a: Great Tusk
|-immune|p2a: Great Tusk
|
|upkeep
|turn|12
|inactive|syk1307 has 120 seconds left.
|
|t:|1757798028
|switch|p1a: Corviknight|Corviknight, M|75/100
|move|p2a: Great Tusk|Stealth Rock|p1a: Corviknight
|-sidestart|p1: syk1307|move: Stealth Rock
|
|upkeep
|turn|13
|
|t:|1757798039
|-end|p2a: Great Tusk|Protosynthesis|[silent]
|switch|p2a: Slowking|Slowking-Galar, M|100/100
|move|p1a: Corviknight|Defog|p2a: Slowking
|-unboost|p2a: Slowking|evasion|1
|-sideend|p1: syk1307|Stealth Rock|[from] move: Defog|[of] p1a: Corviknight
|
|upkeep
|turn|14
|
|t:|1757798046
|move|p1a: Corviknight|U-turn|p2a: Slowking
|-damage|p2a: Slowking|86/100
|
|t:|1757798050
|switch|p1a: Jolteon|Jolteon, M|100/100|[from] U-turn
|move|p2a: Slowking|Thunder Wave|p1a: Jolteon
|-immune|p1a: Jolteon|[from] ability: Volt Absorb
|
|upkeep
|turn|15
|
|t:|1757798058
|move|p1a: Jolteon|Shadow Ball|p2a: Slowking
|-supereffective|p2a: Slowking
|-damage|p2a: Slowking|44/100
|-prepare|p2a: Slowking|Chilly Reception|[premajor]
|move|p2a: Slowking|Chilly Reception|p2a: Slowking
|-weather|Snowscape
|
|t:|1757798064
|switch|p2a: Kingambit|Kingambit, M|100/100|[from] Chilly Reception
|
|-weather|Snowscape|[upkeep]
|upkeep
|turn|16
|
|t:|1757798069
|switch|p1a: Corviknight|Corviknight, M|75/100
|move|p2a: Kingambit|Kowtow Cleave|p1a: Corviknight
|-damage|p1a: Corviknight|46/100
|-damage|p2a: Kingambit|84/100|[from] item: Rocky Helmet|[of] p1a: Corviknight
|
|-weather|Snowscape|[upkeep]
|-heal|p2a: Kingambit|90/100|[from] item: Leftovers
|upkeep
|turn|17
|
|t:|1757798081
|-end|p2a: Kingambit|fallenundefined|[silent]
|switch|p2a: Slowking|Slowking-Galar, M|77/100
|move|p1a: Corviknight|Roost|p1a: Corviknight
|-heal|p1a: Corviknight|96/100
|-singleturn|p1a: Corviknight|move: Roost
|
|-weather|Snowscape|[upkeep]
|upkeep
|turn|18
|
|t:|1757798088
|move|p1a: Corviknight|U-turn|p2a: Slowking
|-damage|p2a: Slowking|61/100
|
|t:|1757798091
|switch|p1a: Jolteon|Jolteon, M|100/100|[from] U-turn
|-prepare|p2a: Slowking|Chilly Reception|[premajor]
|move|p2a: Slowking|Chilly Reception|p2a: Slowking
|
|t:|1757798104
|switch|p2a: Kingambit|Kingambit, M|90/100|[from] Chilly Reception
|
|-weather|Snowscape|[upkeep]
|-heal|p2a: Kingambit|96/100|[from] item: Leftovers
|upkeep
|turn|19
|
|t:|1757798111
|switch|p1a: Corviknight|Corviknight, M|96/100
|move|p2a: Kingambit|Swords Dance|p2a: Kingambit
|-boost|p2a: Kingambit|atk|2
|
|-weather|none
|-heal|p2a: Kingambit|100/100|[from] item: Leftovers
|upkeep
|turn|20
|
|t:|1757798118
|move|p2a: Kingambit|Swords Dance|p2a: Kingambit
|-boost|p2a: Kingambit|atk|2
|move|p1a: Corviknight|Body Press|p2a: Kingambit
|-supereffective|p2a: Kingambit
|-damage|p2a: Kingambit|9/100
|
|-heal|p2a: Kingambit|15/100|[from] item: Leftovers
|upkeep
|turn|21
|
|t:|1757798126
|move|p2a: Kingambit|Kowtow Cleave|p1a: Corviknight
|-damage|p1a: Corviknight|22/100
|-damage|p2a: Kingambit|0 fnt|[from] item: Rocky Helmet|[of] p1a: Corviknight
|faint|p2a: Kingambit
|-end|p2a: Kingambit|fallenundefined|[silent]
|move|p1a: Corviknight|U-turn|p2: Kingambit|[notarget]
|-fail|p1a: Corviknight
|
|upkeep
|
|t:|1757798137
|switch|p2a: Dragapult|Dragapult, M|100/100
|turn|22
|inactive|syk1307 has 120 seconds left.
|
|t:|1757798197
|switch|p1a: Scizor|Scizor, M|88/100
|move|p2a: Dragapult|Hex|p1a: Scizor
|-damage|p1a: Scizor|58/100
|
|upkeep
|turn|23
|
|t:|1757798206
|move|p1a: Scizor|Bullet Punch|p2a: Dragapult
|-damage|p2a: Dragapult|28/100
|move|p2a: Dragapult|Will-O-Wisp|p1a: Scizor
|-status|p1a: Scizor|brn
|
|-damage|p1a: Scizor|52/100 brn|[from] brn
|upkeep
|turn|24
|
|t:|1757798223
|switch|p2a: Alomomola|Alomomola, F|100/100
|switch|p1a: Jolteon|Jolteon, M|100/100
|
|upkeep
|turn|25
|
|t:|1757798229
|move|p2a: Alomomola|Protect|p2a: Alomomola
|-singleturn|p2a: Alomomola|Protect
|move|p1a: Jolteon|Volt Switch|p2a: Alomomola
|-activate|p2a: Alomomola|move: Protect
|
|upkeep
|turn|26
|
|t:|1757798239
|switch|p2a: Great Tusk|Great Tusk|56/100
|move|p1a: Jolteon|Volt Switch|p2a: Great Tusk
|-immune|p2a: Great Tusk
|
|upkeep
|turn|27
|
|t:|1757798255
|switch|p1a: Corviknight|Corviknight, M|22/100
|move|p2a: Great Tusk|Ice Spinner|p1a: Corviknight
|-damage|p1a: Corviknight|8/100
|-damage|p2a: Great Tusk|40/100|[from] item: Rocky Helmet|[of] p1a: Corviknight
|
|upkeep
|turn|28
|
|t:|1757798262
|move|p2a: Great Tusk|Ice Spinner|p1a: Corviknight
|-damage|p1a: Corviknight|0 fnt
|-damage|p2a: Great Tusk|23/100|[from] item: Rocky Helmet|[of] p1a: Corviknight
|faint|p1a: Corviknight
|
|upkeep
|
|t:|1757798274
|switch|p1a: Jolteon|Jolteon, M|100/100
|turn|29
|
|t:|1757798279
|-end|p2a: Great Tusk|Protosynthesis|[silent]
|switch|p2a: Slowking|Slowking-Galar, M|94/100
|move|p1a: Jolteon|Shadow Ball|p2a: Slowking
|-supereffective|p2a: Slowking
|-damage|p2a: Slowking|51/100
|-unboost|p2a: Slowking|spd|1
|
|upkeep
|turn|30
|
|t:|1757798286
|switch|p2a: Alomomola|Alomomola, F|100/100
|move|p1a: Jolteon|Shadow Ball|p2a: Alomomola
|-damage|p2a: Alomomola|65/100
|
|upkeep
|turn|31
|
|t:|1757798292
|move|p1a: Jolteon|Shadow Ball|p2a: Alomomola
|-crit|p2a: Alomomola
|-damage|p2a: Alomomola|11/100
|move|p2a: Alomomola|Wish|p2a: Alomomola
|
|upkeep
|turn|32
|
|t:|1757798298
|switch|p1a: Samurott|Samurott-Hisui, M|62/100 brn
|move|p2a: Alomomola|Protect||[still]
|-fail|p2a: Alomomola
|
|-heal|p2a: Alomomola|61/100|[from] move: Wish|[wisher] Alomomola
|-damage|p1a: Samurott|55/100 brn|[from] brn
|upkeep
|turn|33
|inactive|syk1307 has 120 seconds left.
|
|t:|1757798306
|move|p1a: Samurott|Ceaseless Edge|p2a: Alomomola
|-damage|p2a: Alomomola|41/100
|-sidestart|p2: cohorspraetoria|Spikes
|move|p2a: Alomomola|Wish|p2a: Alomomola
|
|-damage|p1a: Samurott|49/100 brn|[from] brn
|upkeep
|turn|34
|
|t:|1757798312
|move|p1a: Samurott|Ceaseless Edge|p2a: Alomomola
|-damage|p2a: Alomomola|20/100
|-sidestart|p2: cohorspraetoria|Spikes
|move|p2a: Alomomola|Flip Turn|p1a: Samurott
|-resisted|p1a: Samurott
|-damage|p1a: Samurott|38/100 brn
|
|t:|1757798320
|switch|p2a: Great Tusk|Great Tusk|23/100|[from] Flip Turn
|-damage|p2a: Great Tusk|6/100|[from] Spikes
|
|-heal|p2a: Great Tusk|63/100|[from] move: Wish|[wisher] Alomomola
|-damage|p1a: Samurott|32/100 brn|[from] brn
|upkeep
|turn|35
|inactive|syk1307 has 120 seconds left.
|
|t:|1757798341
|switch|p1a: Jolteon|Jolteon, M|100/100
|move|p2a: Great Tusk|Rapid Spin|p1a: Jolteon
|-damage|p1a: Jolteon|72/100
|-boost|p2a: Great Tusk|spe|1
|-sideend|p2: cohorspraetoria|Spikes|[from] move: Rapid Spin|[of] p2a: Great Tusk
|
|upkeep
|turn|36
|
|t:|1757798349
|switch|p1a: Samurott|Samurott-Hisui, M|32/100 brn
|move|p2a: Great Tusk|Headlong Rush|p1a: Samurott
|-damage|p1a: Samurott|0 fnt
|-unboost|p2a: Great Tusk|def|1
|-unboost|p2a: Great Tusk|spd|1
|faint|p1a: Samurott
|
|upkeep
|inactive|syk1307 has 120 seconds left.
|
|t:|1757798360
|switch|p1a: Mew|Mew, shiny|100/100
|turn|37
|
|t:|1757798364
|move|p2a: Great Tusk|Stealth Rock|p1a: Mew
|-sidestart|p1: syk1307|move: Stealth Rock
|move|p1a: Mew|Nasty Plot|p1a: Mew
|-boost|p1a: Mew|spa|2
|
|upkeep
|turn|38
|
|t:|1757798378
|move|p2a: Great Tusk|Headlong Rush|p1a: Mew
|-damage|p1a: Mew|53/100
|-unboost|p2a: Great Tusk|def|1
|-unboost|p2a: Great Tusk|spd|1
|move|p1a: Mew|Draining Kiss|p2a: Great Tusk
|-supereffective|p2a: Great Tusk
|-damage|p2a: Great Tusk|0 fnt
|-heal|p1a: Mew|100/100|[from] drain|[of] p2a: Great Tusk
|-damage|p1a: Mew|84/100|[from] item: Rocky Helmet|[of] p2a: Great Tusk
|faint|p2a: Great Tusk
|-end|p2a: Great Tusk|Protosynthesis|[silent]
|
|upkeep
|
|t:|1757798393
|switch|p2a: Slowking|Slowking-Galar, M|85/100
|turn|39
|
|t:|1757798399
|move|p1a: Mew|Earth Power|p2a: Slowking
|-supereffective|p2a: Slowking
|-damage|p2a: Slowking|15/100
|move|p2a: Slowking|Thunder Wave|p1a: Mew|[miss]
|-miss|p2a: Slowking|p1a: Mew
|
|upkeep
|turn|40
|
|t:|1757798408
|move|p1a: Mew|Psyshock|p2a: Slowking
|-damage|p2a: Slowking|0 fnt
|faint|p2a: Slowking
|
|upkeep
|
|t:|1757798412
|switch|p2a: Landorus|Landorus-Therian, M, tera:Water|88/100
|-ability|p2a: Landorus|Intimidate|boost
|-unboost|p1a: Mew|atk|1
|turn|41
|inactive|syk1307 has 120 seconds left.
|
|t:|1757798457
|move|p2a: Landorus|Earthquake|p1a: Mew
|-damage|p1a: Mew|32/100
|-enditem|p1a: Mew|Sitrus Berry|[eat]
|-heal|p1a: Mew|57/100|[from] item: Sitrus Berry
|move|p1a: Mew|Draining Kiss|p2a: Landorus
|-damage|p2a: Landorus|47/100
|-heal|p1a: Mew|86/100|[from] drain|[of] p2a: Landorus
|
|-heal|p2a: Landorus|53/100|[from] item: Leftovers
|upkeep
|turn|42
|
|t:|1757798477
|-terastallize|p1a: Mew|Fairy
|move|p2a: Landorus|Earthquake|p1a: Mew
|-damage|p1a: Mew|39/100
|move|p1a: Mew|Draining Kiss|p2a: Landorus
|-damage|p2a: Landorus|0 fnt
|-heal|p1a: Mew|76/100|[from] drain|[of] p2a: Landorus
|faint|p2a: Landorus
|
|upkeep
|-message|cohorspraetoria forfeited.
|
|win|syk1307
|raw|syk1307's rating: 1514 &rarr; <strong>1535</strong><br />(+21 for winning)
|raw|cohorspraetoria's rating: 1527 &rarr; <strong>1506</strong><br />(-21 for losing)
|l|‽cohorspraetoria
|player|p2|
|l|☆syk1307
|player|p1|
