|j|☆dragonfandan
|j|☆dlrow olleh
|t:|1757909217
|gametype|singles
|player|p1|dragonfandan|lance|1243
|player|p2|dlrow olleh|hilda-wonderlauncher|1237
|gen|9
|tier|[Gen 9] OU
|rated|
|rule|HP Percentage Mod: HP is shown in percentages
|rule|Endless Battle Clause: Forcing endless battles is banned
|rule|Species Clause: Limit one of each Pokémon
|rule|OHKO Clause: OHKO moves are banned
|rule|Evasion Items Clause: Evasion items are banned
|rule|Evasion Moves Clause: Evasion moves are banned
|rule|Evasion Abilities Clause: Evasion abilities are banned
|rule|Sleep Moves Clause: Sleep-inducing moves are banned
|clearpoke
|poke|p1|Slowking-Galar, L99, M|
|poke|p1|Zamazenta-*|
|poke|p1|Darkrai|
|poke|p1|Moltres|
|poke|p1|Raging Bolt|
|poke|p1|Tinkaton, F|
|poke|p2|Gholdengo|
|poke|p2|Zamazenta-*|
|poke|p2|Ting-Lu|
|poke|p2|Clefable, F|
|poke|p2|Dragonite, M|
|poke|p2|Deoxys-Speed|
|teampreview
|inactive|Battle timer is ON: inactive players will automatically lose when time's up. (requested by dragonfandan)
|
|t:|1757909232
|teamsize|p1|6
|teamsize|p2|6
|start
|switch|p1a: Slowking|Slowking-Galar, L99, M|100/100
|switch|p2a: Up Bowl On Em|Ting-Lu|100/100
|-ability|p2a: Up Bowl On Em|Vessel of Ruin
|turn|1
|
|t:|1757909241
|move|p2a: Up Bowl On Em|Spikes|p1a: Slowking
|-sidestart|p1: dragonfandan|Spikes
|-prepare|p1a: Slowking|Chilly Reception|[premajor]
|move|p1a: Slowking|Chilly Reception|p1a: Slowking
|-weather|Snowscape
|
|t:|1757909248
|switch|p1a: Zamazenta|Zamazenta|100/100|[from] Chilly Reception
|-damage|p1a: Zamazenta|88/100|[from] Spikes
|-ability|p1a: Zamazenta|Dauntless Shield|boost
|-boost|p1a: Zamazenta|def|1
|
|-weather|Snowscape|[upkeep]
|upkeep
|turn|2
|
|t:|1757909258
|move|p1a: Zamazenta|Close Combat|p2a: Up Bowl On Em
|-supereffective|p2a: Up Bowl On Em
|-damage|p2a: Up Bowl On Em|22/100
|-unboost|p1a: Zamazenta|def|1
|-unboost|p1a: Zamazenta|spd|1
|move|p2a: Up Bowl On Em|Spikes|p1a: Zamazenta
|-sidestart|p1: dragonfandan|Spikes
|
|-weather|Snowscape|[upkeep]
|-heal|p2a: Up Bowl On Em|28/100|[from] item: Leftovers
|upkeep
|turn|3
|
|t:|1757909268
|move|p1a: Zamazenta|Ice Fang|p2a: Up Bowl On Em
|-supereffective|p2a: Up Bowl On Em
|-damage|p2a: Up Bowl On Em|0 fnt
|faint|p2a: Up Bowl On Em
|
|-weather|Snowscape|[upkeep]
|upkeep
|
|t:|1757909278
|switch|p2a: Dude Nasty Asf|Deoxys-Speed|100/100
|-ability|p2a: Dude Nasty Asf|Pressure
|turn|4
|
|t:|1757909289
|switch|p1a: Tinkaton|Tinkaton, F|100/100
|-ability|p1a: Tinkaton|Mold Breaker
|-item|p1a: Tinkaton|Air Balloon
|move|p2a: Dude Nasty Asf|Psycho Boost|p1a: Tinkaton
|-resisted|p1a: Tinkaton
|-damage|p1a: Tinkaton|72/100
|-unboost|p2a: Dude Nasty Asf|spa|2
|-enditem|p1a: Tinkaton|Air Balloon
|
|-weather|Snowscape|[upkeep]
|upkeep
|turn|5
|
|t:|1757909307
|switch|p2a: CClifford|Zamazenta|100/100
|-ability|p2a: CClifford|Dauntless Shield|boost
|-boost|p2a: CClifford|def|1
|move|p1a: Tinkaton|Knock Off|p2a: CClifford
|-resisted|p2a: CClifford
|-damage|p2a: CClifford|96/100
|-enditem|p2a: CClifford|Heavy-Duty Boots|[from] move: Knock Off|[of] p1a: Tinkaton
|
|-weather|none
|upkeep
|turn|6
|
|t:|1757909318
|move|p2a: CClifford|Close Combat|p1a: Tinkaton
|-damage|p1a: Tinkaton|8/100
|-unboost|p2a: CClifford|def|1
|-unboost|p2a: CClifford|spd|1
|move|p1a: Tinkaton|Thunder Wave|p2a: CClifford|[miss]
|-miss|p1a: Tinkaton|p2a: CClifford
|
|upkeep
|turn|7
|
|t:|1757909329
|move|p2a: CClifford|Ice Fang|p1a: Tinkaton
|-resisted|p1a: Tinkaton
|-damage|p1a: Tinkaton|0 fnt
|faint|p1a: Tinkaton
|
|upkeep
|
|t:|1757909338
|switch|p1a: Moltres|Moltres|100/100
|turn|8
|
|t:|1757909345
|move|p2a: CClifford|Stone Edge|p1a: Moltres
|-supereffective|p1a: Moltres
|-damage|p1a: Moltres|0 fnt
|faint|p1a: Moltres
|
|upkeep
|
|t:|1757909352
|switch|p1a: Raging Bolt|Raging Bolt|100/100
|-damage|p1a: Raging Bolt|84/100|[from] Spikes
|turn|9
|
|t:|1757909360
|-terastallize|p1a: Raging Bolt|Fairy
|move|p2a: CClifford|Close Combat|p1a: Raging Bolt
|-resisted|p1a: Raging Bolt
|-damage|p1a: Raging Bolt|57/100
|-unboost|p2a: CClifford|def|1
|-unboost|p2a: CClifford|spd|1
|move|p1a: Raging Bolt|Tera Blast|p2a: CClifford|[anim] Tera Blast Fairy
|-supereffective|p2a: CClifford
|-damage|p2a: CClifford|0 fnt
|faint|p2a: CClifford
|
|upkeep
|
|t:|1757909386
|switch|p2a: Djengo Unrained|Gholdengo|100/100
|turn|10
|
|t:|1757909393
|-end|p1a: Raging Bolt|Protosynthesis|[silent]
|switch|p1a: Slowking|Slowking-Galar, L99, M|100/100
|-damage|p1a: Slowking|84/100|[from] Spikes
|move|p2a: Djengo Unrained|Nasty Plot|p2a: Djengo Unrained
|-boost|p2a: Djengo Unrained|spa|2
|
|-heal|p1a: Slowking|90/100|[from] item: Leftovers
|upkeep
|turn|11
|
|t:|1757909403
|move|p2a: Djengo Unrained|Shadow Ball|p1a: Slowking
|-supereffective|p1a: Slowking
|-damage|p1a: Slowking|11/100
|-prepare|p1a: Slowking|Chilly Reception|[premajor]
|move|p1a: Slowking|Chilly Reception|p1a: Slowking
|-weather|Snowscape
|
|t:|1757909409
|switch|p1a: Raging Bolt|Raging Bolt, tera:Fairy|57/100|[from] Chilly Reception
|-damage|p1a: Raging Bolt|41/100|[from] Spikes
|
|-weather|Snowscape|[upkeep]
|upkeep
|turn|12
|
|t:|1757909423
|move|p1a: Raging Bolt|Volt Switch|p2a: Djengo Unrained
|-damage|p2a: Djengo Unrained|61/100
|
|t:|1757909429
|-end|p1a: Raging Bolt|Protosynthesis|[silent]
|switch|p1a: Slowking|Slowking-Galar, L99, M|44/100|[from] Volt Switch
|-damage|p1a: Slowking|28/100|[from] Spikes
|move|p2a: Djengo Unrained|Nasty Plot|p2a: Djengo Unrained
|-boost|p2a: Djengo Unrained|spa|2
|
|-weather|Snowscape|[upkeep]
|-heal|p1a: Slowking|34/100|[from] item: Leftovers
|upkeep
|turn|13
|
|t:|1757909440
|move|p1a: Slowking|Protect|p1a: Slowking
|-singleturn|p1a: Slowking|Protect
|move|p2a: Djengo Unrained|Shadow Ball|p1a: Slowking
|-activate|p1a: Slowking|move: Protect
|
|-weather|Snowscape|[upkeep]
|-heal|p1a: Slowking|40/100|[from] item: Leftovers
|upkeep
|turn|14
|
|t:|1757909451
|move|p2a: Djengo Unrained|Recover|p2a: Djengo Unrained
|-heal|p2a: Djengo Unrained|100/100
|-prepare|p1a: Slowking|Chilly Reception|[premajor]
|move|p1a: Slowking|Chilly Reception|p1a: Slowking
|
|t:|1757909457
|switch|p1a: Darkrai|Darkrai|100/100|[from] Chilly Reception
|
|-weather|Snowscape|[upkeep]
|upkeep
|turn|15
|
|t:|1757909463
|move|p1a: Darkrai|Dark Pulse|p2a: Djengo Unrained
|-supereffective|p2a: Djengo Unrained
|-damage|p2a: Djengo Unrained|27/100
|move|p2a: Djengo Unrained|Make It Rain|p1a: Darkrai
|-damage|p1a: Darkrai|0 fnt
|-unboost|p2a: Djengo Unrained|spa|1
|faint|p1a: Darkrai
|
|-weather|none
|upkeep
|
|t:|1757909474
|switch|p1a: Raging Bolt|Raging Bolt, tera:Fairy|41/100
|-damage|p1a: Raging Bolt|24/100|[from] Spikes
|turn|16
|
|t:|1757909482
|move|p1a: Raging Bolt|Volt Switch|p2a: Djengo Unrained
|-damage|p2a: Djengo Unrained|0 fnt
|faint|p2a: Djengo Unrained
|
|t:|1757909487
|-end|p1a: Raging Bolt|Protosynthesis|[silent]
|switch|p1a: Slowking|Slowking-Galar, L99, M|73/100|[from] Volt Switch
|-damage|p1a: Slowking|57/100|[from] Spikes
|
|-heal|p1a: Slowking|63/100|[from] item: Leftovers
|upkeep
|
|t:|1757909494
|switch|p2a: Dude Nasty Asf|Deoxys-Speed|100/100
|-ability|p2a: Dude Nasty Asf|Pressure
|turn|17
|
|t:|1757909508
|move|p2a: Dude Nasty Asf|Psycho Boost|p1a: Slowking|[miss]
|-miss|p2a: Dude Nasty Asf|p1a: Slowking
|move|p1a: Slowking|Toxic|p2a: Dude Nasty Asf
|-status|p2a: Dude Nasty Asf|tox
|
|-heal|p1a: Slowking|69/100|[from] item: Leftovers
|-damage|p2a: Dude Nasty Asf|94/100 tox|[from] psn
|upkeep
|turn|18
|
|t:|1757909519
|move|p1a: Slowking|Protect|p1a: Slowking
|-singleturn|p1a: Slowking|Protect
|move|p2a: Dude Nasty Asf|Psycho Boost|p1a: Slowking
|-activate|p1a: Slowking|move: Protect
|
|-heal|p1a: Slowking|75/100|[from] item: Leftovers
|-damage|p2a: Dude Nasty Asf|82/100 tox|[from] psn
|upkeep
|turn|19
|
|t:|1757909537
|move|p2a: Dude Nasty Asf|Psycho Boost|p1a: Slowking
|-damage|p1a: Slowking|37/100
|-unboost|p2a: Dude Nasty Asf|spa|2
|move|p1a: Slowking|Psychic Noise|p2a: Dude Nasty Asf
|-resisted|p2a: Dude Nasty Asf
|-damage|p2a: Dude Nasty Asf|63/100 tox
|-start|p2a: Dude Nasty Asf|move: Heal Block
|
|-heal|p1a: Slowking|43/100|[from] item: Leftovers
|-damage|p2a: Dude Nasty Asf|44/100 tox|[from] psn
|upkeep
|turn|20
|
|t:|1757909552
|move|p2a: Dude Nasty Asf|Psycho Boost|p1a: Slowking
|-damage|p1a: Slowking|25/100
|-unboost|p2a: Dude Nasty Asf|spa|2
|move|p1a: Slowking|Toxic|p2a: Dude Nasty Asf
|-fail|p2a: Dude Nasty Asf|tox
|
|-heal|p1a: Slowking|31/100|[from] item: Leftovers
|-damage|p2a: Dude Nasty Asf|20/100 tox|[from] psn
|-end|p2a: Dude Nasty Asf|move: Heal Block
|upkeep
|turn|21
|
|t:|1757909565
|move|p2a: Dude Nasty Asf|Psycho Boost|p1a: Slowking
|-damage|p1a: Slowking|17/100
|-unboost|p2a: Dude Nasty Asf|spa|2
|move|p1a: Slowking|Toxic|p2a: Dude Nasty Asf
|-fail|p2a: Dude Nasty Asf|tox
|
|-heal|p1a: Slowking|23/100|[from] item: Leftovers
|-damage|p2a: Dude Nasty Asf|0 fnt|[from] psn
|faint|p2a: Dude Nasty Asf
|upkeep
|inactive|dlrow olleh has 120 seconds left.
|
|t:|1757909582
|switch|p2a: Secret Service|Dragonite, M|100/100
|turn|22
|
|t:|1757909586
|move|p2a: Secret Service|Extreme Speed|p1a: Slowking
|-damage|p1a: Slowking|0 fnt
|faint|p1a: Slowking
|
|upkeep
|
|t:|1757909592
|switch|p1a: Zamazenta|Zamazenta|88/100
|-damage|p1a: Zamazenta|72/100|[from] Spikes
|turn|23
|
|t:|1757909599
|move|p1a: Zamazenta|Ice Fang|p2a: Secret Service
|-supereffective|p2a: Secret Service
|-damage|p2a: Secret Service|55/100
|move|p2a: Secret Service|Earthquake|p1a: Zamazenta
|-damage|p1a: Zamazenta|38/100
|
|upkeep
|turn|24
|
|t:|1757909609
|move|p1a: Zamazenta|Ice Fang|p2a: Secret Service
|-supereffective|p2a: Secret Service
|-damage|p2a: Secret Service|0 fnt
|faint|p2a: Secret Service
|
|upkeep
|
|t:|1757909614
|switch|p2a: Moonrock 350|Clefable, F|100/100
|turn|25
|
|t:|1757909620
|move|p1a: Zamazenta|Close Combat|p2a: Moonrock 350
|-resisted|p2a: Moonrock 350
|-damage|p2a: Moonrock 350|78/100
|-unboost|p1a: Zamazenta|def|1
|-unboost|p1a: Zamazenta|spd|1
|-damage|p1a: Zamazenta|21/100|[from] item: Rocky Helmet|[of] p2a: Moonrock 350
|move|p2a: Moonrock 350|Moonblast|p1a: Zamazenta
|-supereffective|p1a: Zamazenta
|-damage|p1a: Zamazenta|0 fnt
|faint|p1a: Zamazenta
|
|upkeep
|
|t:|1757909631
|switch|p1a: Raging Bolt|Raging Bolt, tera:Fairy|24/100
|-damage|p1a: Raging Bolt|7/100|[from] Spikes
|turn|26
|
|t:|1757909638
|move|p1a: Raging Bolt|Tera Blast|p2a: Moonrock 350|[anim] Tera Blast Fairy
|-damage|p2a: Moonrock 350|37/100
|move|p2a: Moonrock 350|Moonblast|p1a: Raging Bolt
|-damage|p1a: Raging Bolt|0 fnt
|faint|p1a: Raging Bolt
|-end|p1a: Raging Bolt|Protosynthesis|[silent]
|
|win|dlrow olleh
|raw|dragonfandan's rating: 1243 &rarr; <strong>1218</strong><br />(-25 for losing)
|raw|dlrow olleh's rating: 1237 &rarr; <strong>1262</strong><br />(+25 for winning)
|l|☆dragonfandan
|player|p1|
