|j|☆drenom
|j|☆lzc123456
|t:|1757843745
|gametype|singles
|player|p1|drenom|102|1588
|player|p2|lzc123456|cynthia-gen4|1621
|gen|9
|tier|[Gen 9] OU
|rated|
|rule|HP Percentage Mod: HP is shown in percentages
|rule|Endless Battle Clause: Forcing endless battles is banned
|rule|Species Clause: Limit one of each Pokémon
|rule|OHKO Clause: OHKO moves are banned
|rule|Evasion Items Clause: Evasion items are banned
|rule|Evasion Moves Clause: Evasion moves are banned
|rule|Evasion Abilities Clause: Evasion abilities are banned
|rule|Sleep Moves Clause: Sleep-inducing moves are banned
|clearpoke
|poke|p1|Corviknight, F|
|poke|p1|Sinistcha|
|poke|p1|Muk-Alola, F|
|poke|p1|Kyurem|
|poke|p1|Dondozo, M|
|poke|p1|Clodsire, M|
|poke|p2|Alomomola, F|
|poke|p2|Serperior, F|
|poke|p2|Garchomp, M|
|poke|p2|Iron Treads|
|poke|p2|Pelipper, M|
|poke|p2|Zamazenta-*|
|teampreview
|inactive|Battle timer is ON: inactive players will automatically lose when time's up. (requested by lzc123456)
|
|t:|1757843759
|teamsize|p1|6
|teamsize|p2|6
|start
|switch|p1a: Muk|Muk-Alola, F|100/100
|switch|p2a: 盾盾小狗|Zamazenta|100/100
|-ability|p2a: 盾盾小狗|Dauntless Shield|boost
|-boost|p2a: 盾盾小狗|def|1
|turn|1
|
|t:|1757843766
|switch|p2a: 小铁|Iron Treads|100/100
|switch|p1a: Clodsire|Clodsire, M|100/100
|
|upkeep
|turn|2
|
|t:|1757843769
|move|p2a: 小铁|Knock Off|p1a: Clodsire
|-damage|p1a: Clodsire|73/100
|-enditem|p1a: Clodsire|Black Sludge|[from] move: Knock Off|[of] p2a: 小铁
|move|p1a: Clodsire|Stealth Rock|p2a: 小铁
|-sidestart|p2: lzc123456|move: Stealth Rock
|
|upkeep
|turn|3
|
|t:|1757843774
|move|p2a: 小铁|Earthquake|p1a: Clodsire
|-supereffective|p1a: Clodsire
|-damage|p1a: Clodsire|0 fnt
|faint|p1a: Clodsire
|
|upkeep
|
|t:|1757843784
|switch|p1a: Sinistcha|Sinistcha|100/100
|turn|4
|
|t:|1757843786
|move|p2a: 小铁|Knock Off|p1a: Sinistcha
|-supereffective|p1a: Sinistcha
|-damage|p1a: Sinistcha|66/100
|-enditem|p1a: Sinistcha|Weakness Policy
|-boost|p1a: Sinistcha|atk|2|[from] item: Weakness Policy
|-boost|p1a: Sinistcha|spa|2|[from] item: Weakness Policy
|move|p1a: Sinistcha|Calm Mind|p1a: Sinistcha
|-boost|p1a: Sinistcha|spa|1
|-boost|p1a: Sinistcha|spd|1
|
|upkeep
|turn|5
|
|t:|1757843803
|-end|p2a: 小铁|Quark Drive|[silent]
|switch|p2a: 减10大王|Garchomp, M, shiny|100/100
|-damage|p2a: 减10大王|94/100|[from] Stealth Rock
|move|p1a: Sinistcha|Strength Sap|p2a: 减10大王
|-unboost|p2a: 减10大王|atk|1
|-heal|p1a: Sinistcha|100/100
|
|upkeep
|turn|6
|
|t:|1757843832
|move|p1a: Sinistcha|Matcha Gotcha|p2a: 减10大王
|-damage|p2a: 减10大王|18/100
|move|p2a: 减10大王|Dragon Tail|p1a: Sinistcha
|-damage|p1a: Sinistcha|87/100
|drag|p1a: Corviknight|Corviknight, F|100/100
|-ability|p1a: Corviknight|Pressure
|
|upkeep
|turn|7
|
|t:|1757843842
|move|p2a: 减10大王|Stealth Rock|p1a: Corviknight
|-sidestart|p1: drenom|move: Stealth Rock
|move|p1a: Corviknight|Iron Head|p2a: 减10大王
|-damage|p2a: 减10大王|1/100
|-damage|p1a: Corviknight|88/100|[from] ability: Rough Skin|[of] p2a: 减10大王
|-damage|p1a: Corviknight|71/100|[from] item: Rocky Helmet|[of] p2a: 减10大王
|
|upkeep
|turn|8
|
|t:|1757843852
|move|p2a: 减10大王|Spikes|p1a: Corviknight
|-sidestart|p1: drenom|Spikes
|move|p1a: Corviknight|Defog|p2a: 减10大王
|-unboost|p2a: 减10大王|evasion|1
|-sideend|p2: lzc123456|Stealth Rock|[from] move: Defog|[of] p1a: Corviknight
|-sideend|p1: drenom|Spikes|[from] move: Defog|[of] p1a: Corviknight
|-sideend|p1: drenom|Stealth Rock|[from] move: Defog|[of] p1a: Corviknight
|
|upkeep
|turn|9
|
|t:|1757843859
|move|p2a: 减10大王|Stealth Rock|p1a: Corviknight
|-sidestart|p1: drenom|move: Stealth Rock
|move|p1a: Corviknight|Defog|p2a: 减10大王
|-unboost|p2a: 减10大王|evasion|1
|-sideend|p1: drenom|Stealth Rock|[from] move: Defog|[of] p1a: Corviknight
|
|upkeep
|turn|10
|
|t:|1757843864
|move|p2a: 减10大王|Stealth Rock|p1a: Corviknight
|-sidestart|p1: drenom|move: Stealth Rock
|move|p1a: Corviknight|Defog|p2a: 减10大王
|-unboost|p2a: 减10大王|evasion|1
|-sideend|p1: drenom|Stealth Rock|[from] move: Defog|[of] p1a: Corviknight
|
|upkeep
|turn|11
|
|t:|1757843866
|move|p2a: 减10大王|Stealth Rock|p1a: Corviknight
|-sidestart|p1: drenom|move: Stealth Rock
|move|p1a: Corviknight|Defog|p2a: 减10大王
|-unboost|p2a: 减10大王|evasion|1
|-sideend|p1: drenom|Stealth Rock|[from] move: Defog|[of] p1a: Corviknight
|
|upkeep
|turn|12
|
|t:|1757843872
|move|p2a: 减10大王|Stealth Rock|p1a: Corviknight
|-sidestart|p1: drenom|move: Stealth Rock
|move|p1a: Corviknight|Defog|p2a: 减10大王
|-unboost|p2a: 减10大王|evasion|1
|-sideend|p1: drenom|Stealth Rock|[from] move: Defog|[of] p1a: Corviknight
|
|upkeep
|turn|13
|
|t:|1757843879
|switch|p2a: 蛇姐|Serperior, F, shiny|100/100
|move|p1a: Corviknight|Defog|p2a: 蛇姐
|-boost|p2a: 蛇姐|evasion|1
|
|upkeep
|turn|14
|
|t:|1757843885
|move|p2a: 蛇姐|Glare|p1a: Corviknight
|-status|p1a: Corviknight|par
|move|p1a: Corviknight|U-turn|p2a: 蛇姐
|-supereffective|p2a: 蛇姐
|-damage|p2a: 蛇姐|70/100
|
|t:|1757843895
|switch|p1a: Muk|Muk-Alola, F|100/100|[from] U-turn
|
|-heal|p2a: 蛇姐|76/100|[from] item: Leftovers
|upkeep
|turn|15
|
|t:|1757843905
|switch|p2a: 小铁|Iron Treads|100/100
|move|p1a: Muk|Poison Jab|p2a: 小铁
|-immune|p2a: 小铁
|
|upkeep
|turn|16
|
|t:|1757843913
|switch|p1a: Sinistcha|Sinistcha|87/100
|move|p2a: 小铁|Volt Switch|p1a: Sinistcha
|-resisted|p1a: Sinistcha
|-damage|p1a: Sinistcha|81/100
|
|t:|1757843916
|-end|p2a: 小铁|Quark Drive|[silent]
|switch|p2a: 盖鸥卡|Pelipper, M, shiny|100/100|[from] Volt Switch
|-weather|RainDance|[from] ability: Drizzle|[of] p2a: 盖鸥卡
|
|-weather|RainDance|[upkeep]
|upkeep
|turn|17
|
|t:|1757843926
|switch|p1a: Muk|Muk-Alola, F|100/100
|move|p2a: 盖鸥卡|Hurricane|p1a: Muk
|-damage|p1a: Muk|72/100
|
|-weather|RainDance|[upkeep]
|upkeep
|turn|18
|
|t:|1757843933
|switch|p2a: 小铁|Iron Treads|100/100
|move|p1a: Muk|Knock Off|p2a: 小铁
|-damage|p2a: 小铁|74/100
|-enditem|p2a: 小铁|Assault Vest|[from] move: Knock Off|[of] p1a: Muk
|
|-weather|RainDance|[upkeep]
|upkeep
|turn|19
|
|t:|1757843939
|move|p2a: 小铁|Volt Switch|p1a: Muk
|-damage|p1a: Muk|67/100
|
|t:|1757843943
|-end|p2a: 小铁|Quark Drive|[silent]
|switch|p2a: 减10大王|Garchomp, M, shiny|1/100|[from] Volt Switch
|move|p1a: Muk|Drain Punch|p2a: 减10大王
|-damage|p2a: 减10大王|0 fnt
|-heal|p1a: Muk|67/100|[from] drain|[of] p2a: 减10大王
|-damage|p1a: Muk|55/100|[from] ability: Rough Skin|[of] p2a: 减10大王
|-damage|p1a: Muk|38/100|[from] item: Rocky Helmet|[of] p2a: 减10大王
|faint|p2a: 减10大王
|
|-weather|RainDance|[upkeep]
|upkeep
|
|t:|1757843953
|switch|p2a: 小铁|Iron Treads|74/100
|turn|20
|
|t:|1757843957
|switch|p1a: Sinistcha|Sinistcha|81/100
|move|p2a: 小铁|Earthquake|p1a: Sinistcha
|-resisted|p1a: Sinistcha
|-damage|p1a: Sinistcha|68/100
|
|-weather|none
|upkeep
|turn|21
|
|t:|1757843964
|-end|p2a: 小铁|Quark Drive|[silent]
|switch|p2a: 蛇姐|Serperior, F, shiny|76/100
|move|p1a: Sinistcha|Calm Mind|p1a: Sinistcha
|-boost|p1a: Sinistcha|spa|1
|-boost|p1a: Sinistcha|spd|1
|
|-heal|p2a: 蛇姐|82/100|[from] item: Leftovers
|upkeep
|turn|22
|
|t:|1757843970
|move|p2a: 蛇姐|Glare|p1a: Sinistcha
|-status|p1a: Sinistcha|par
|move|p1a: Sinistcha|Shadow Ball|p2a: 蛇姐
|-damage|p2a: 蛇姐|31/100
|
|-heal|p2a: 蛇姐|37/100|[from] item: Leftovers
|upkeep
|turn|23
|
|t:|1757843977
|switch|p2a: 脏活累活|Alomomola, F|100/100
|move|p1a: Sinistcha|Shadow Ball|p2a: 脏活累活
|-damage|p2a: 脏活累活|75/100
|
|upkeep
|turn|24
|
|t:|1757843986
|move|p2a: 脏活累活|Flip Turn|p1a: Sinistcha
|-resisted|p1a: Sinistcha
|-damage|p1a: Sinistcha|62/100 par
|
|t:|1757843991
|switch|p2a: 盖鸥卡|Pelipper, M, shiny|100/100|[from] Flip Turn
|-weather|RainDance|[from] ability: Drizzle|[of] p2a: 盖鸥卡
|move|p1a: Sinistcha|Calm Mind|p1a: Sinistcha
|-boost|p1a: Sinistcha|spa|1
|-boost|p1a: Sinistcha|spd|1
|
|-weather|RainDance|[upkeep]
|upkeep
|turn|25
|
|t:|1757844003
|-terastallize|p1a: Sinistcha|Poison
|move|p2a: 盖鸥卡|Hurricane|p1a: Sinistcha
|-damage|p1a: Sinistcha|18/100 par
|-start|p1a: Sinistcha|confusion
|-activate|p1a: Sinistcha|confusion
|move|p1a: Sinistcha|Matcha Gotcha|p2a: 盖鸥卡|[miss]
|-miss|p1a: Sinistcha|p2a: 盖鸥卡
|
|-weather|RainDance|[upkeep]
|upkeep
|turn|26
|
|t:|1757844014
|move|p2a: 盖鸥卡|Hurricane|p1a: Sinistcha
|-damage|p1a: Sinistcha|0 fnt
|faint|p1a: Sinistcha
|
|-weather|RainDance|[upkeep]
|upkeep
|
|t:|1757844026
|switch|p1a: Kyurem|Kyurem|100/100
|-ability|p1a: Kyurem|Pressure
|turn|27
|
|t:|1757844031
|switch|p2a: 蛇姐|Serperior, F, shiny|37/100
|move|p1a: Kyurem|Substitute|p1a: Kyurem
|-start|p1a: Kyurem|Substitute
|-damage|p1a: Kyurem|76/100
|
|-weather|RainDance|[upkeep]
|-heal|p2a: 蛇姐|43/100|[from] item: Leftovers
|-heal|p1a: Kyurem|82/100|[from] item: Leftovers
|upkeep
|turn|28
|
|t:|1757844040
|move|p2a: 蛇姐|Substitute|p2a: 蛇姐
|-start|p2a: 蛇姐|Substitute
|-damage|p2a: 蛇姐|18/100
|move|p1a: Kyurem|Freeze-Dry|p2a: 蛇姐
|-supereffective|p2a: 蛇姐
|-end|p2a: 蛇姐|Substitute
|
|-weather|none
|-heal|p2a: 蛇姐|24/100|[from] item: Leftovers
|-heal|p1a: Kyurem|88/100|[from] item: Leftovers
|upkeep
|turn|29
|
|t:|1757844047
|move|p2a: 蛇姐|Leaf Storm|p1a: Kyurem
|-resisted|p1a: Kyurem
|-activate|p1a: Kyurem|move: Substitute|[damage]
|-boost|p2a: 蛇姐|spa|2
|move|p1a: Kyurem|Freeze-Dry|p2a: 蛇姐
|-supereffective|p2a: 蛇姐
|-damage|p2a: 蛇姐|0 fnt
|faint|p2a: 蛇姐
|
|-heal|p1a: Kyurem|94/100|[from] item: Leftovers
|upkeep
|
|t:|1757844053
|switch|p2a: 小铁|Iron Treads|74/100
|turn|30
|
|t:|1757844062
|move|p1a: Kyurem|Freeze-Dry|p2a: 小铁
|-damage|p2a: 小铁|47/100
|move|p2a: 小铁|Earthquake|p1a: Kyurem
|-end|p1a: Kyurem|Substitute
|
|-heal|p1a: Kyurem|99/100|[from] item: Leftovers
|upkeep
|turn|31
|
|t:|1757844075
|move|p1a: Kyurem|Body Press|p2a: 小铁
|-supereffective|p2a: 小铁
|-damage|p2a: 小铁|14/100
|move|p2a: 小铁|Volt Switch|p1a: Kyurem
|-resisted|p1a: Kyurem
|-damage|p1a: Kyurem|95/100
|
|t:|1757844078
|-end|p2a: 小铁|Quark Drive|[silent]
|switch|p2a: 盾盾小狗|Zamazenta|100/100|[from] Volt Switch
|
|-heal|p1a: Kyurem|100/100|[from] item: Leftovers
|upkeep
|turn|32
|
|t:|1757844085
|switch|p1a: Dondozo|Dondozo, M|100/100
|move|p2a: 盾盾小狗|Close Combat|p1a: Dondozo
|-damage|p1a: Dondozo|51/100
|-unboost|p2a: 盾盾小狗|def|1
|-unboost|p2a: 盾盾小狗|spd|1
|
|-heal|p1a: Dondozo|58/100|[from] item: Leftovers
|upkeep
|turn|33
|
|t:|1757844103
|-terastallize|p2a: 盾盾小狗|Fighting
|move|p2a: 盾盾小狗|Close Combat|p1a: Dondozo
|-damage|p1a: Dondozo|0 fnt
|-unboost|p2a: 盾盾小狗|def|1
|-unboost|p2a: 盾盾小狗|spd|1
|faint|p1a: Dondozo
|
|upkeep
|
|t:|1757844114
|switch|p1a: Muk|Muk-Alola, F|38/100
|turn|34
|
|t:|1757844119
|move|p1a: Muk|Shadow Sneak|p2a: 盾盾小狗
|-damage|p2a: 盾盾小狗|81/100
|move|p2a: 盾盾小狗|Close Combat|p1a: Muk
|-damage|p1a: Muk|0 fnt
|-unboost|p2a: 盾盾小狗|def|1
|-unboost|p2a: 盾盾小狗|spd|1
|faint|p1a: Muk
|
|upkeep
|
|t:|1757844127
|switch|p1a: Corviknight|Corviknight, F|71/100 par
|-ability|p1a: Corviknight|Pressure
|turn|35
|
|t:|1757844129
|move|p2a: 盾盾小狗|Close Combat|p1a: Corviknight
|-damage|p1a: Corviknight|0 fnt
|-unboost|p2a: 盾盾小狗|def|1
|-unboost|p2a: 盾盾小狗|spd|1
|-damage|p2a: 盾盾小狗|64/100|[from] item: Rocky Helmet|[of] p1a: Corviknight
|faint|p1a: Corviknight
|
|upkeep
|-message|drenom forfeited.
|
|win|lzc123456
|raw|drenom's rating: 1588 &rarr; <strong>1570</strong><br />(-18 for losing)
|raw|lzc123456's rating: 1621 &rarr; <strong>1639</strong><br />(+18 for winning)
|l|☆drenom
|player|p1|
|l|☆lzc123456
|player|p2|
