|j|☆ayushfcb
|j|☆Guerrero105
|t:|1757946571
|gametype|singles
|player|p1|ayushfcb|red-masters|1346
|player|p2|Guerrero105|lucas-gen4pt|1357
|gen|9
|tier|[Gen 9] OU
|rated|
|rule|HP Percentage Mod: HP is shown in percentages
|rule|Endless Battle Clause: Forcing endless battles is banned
|rule|Species Clause: Limit one of each Pokémon
|rule|OHKO Clause: OHKO moves are banned
|rule|Evasion Items Clause: Evasion items are banned
|rule|Evasion Moves Clause: Evasion moves are banned
|rule|Evasion Abilities Clause: Evasion abilities are banned
|rule|Sleep Moves Clause: Sleep-inducing moves are banned
|clearpoke
|poke|p1|Hydrapple, F|
|poke|p1|Samurott-Hisui, M|
|poke|p1|Kyurem|
|poke|p1|Slowking-Galar, M|
|poke|p1|Iron Valiant|
|poke|p1|Corviknight, M|
|poke|p2|Garchomp, M|
|poke|p2|Corviknight, M|
|poke|p2|Clefable, F|
|poke|p2|Galvantula, M|
|poke|p2|Incineroar, M|
|poke|p2|Serperior, M|
|teampreview
|inactive|Battle timer is ON: inactive players will automatically lose when time's up. (requested by Guerrero105)
|
|t:|1757946577
|teamsize|p1|6
|teamsize|p2|6
|start
|switch|p1a: Samurott|Samurott-Hisui, M, shiny|100/100
|switch|p2a: Galvantula|Galvantula, M|100/100
|turn|1
|
|t:|1757946583
|move|p1a: Samurott|Ceaseless Edge|p2a: Galvantula
|-damage|p2a: Galvantula|12/100
|-sidestart|p2: Guerrero105|Spikes
|move|p2a: Galvantula|Thunder|p1a: Samurott
|-supereffective|p1a: Samurott
|-damage|p1a: Samurott|0 fnt
|faint|p1a: Samurott
|
|upkeep
|
|t:|1757946590
|switch|p1a: Kyurem|Kyurem, shiny|100/100
|-ability|p1a: Kyurem|Pressure
|turn|2
|
|t:|1757946597
|move|p2a: Galvantula|Sticky Web|p1a: Kyurem
|-sidestart|p1: ayushfcb|move: Sticky Web
|move|p1a: Kyurem|Dragon Dance|p1a: Kyurem
|-boost|p1a: Kyurem|atk|1
|-boost|p1a: Kyurem|spe|1
|
|upkeep
|turn|3
|
|t:|1757946606
|switch|p2a: Incineroar|Incineroar, M|100/100
|-damage|p2a: Incineroar|88/100|[from] Spikes
|-ability|p2a: Incineroar|Intimidate|boost
|-unboost|p1a: Kyurem|atk|1
|move|p1a: Kyurem|Dragon Dance|p1a: Kyurem
|-boost|p1a: Kyurem|atk|1
|-boost|p1a: Kyurem|spe|1
|
|-heal|p2a: Incineroar|94/100|[from] item: Leftovers
|upkeep
|turn|4
|
|t:|1757946627
|move|p1a: Kyurem|Outrage|p2a: Incineroar
|-damage|p2a: Incineroar|7/100
|move|p2a: Incineroar|Will-O-Wisp|p1a: Kyurem
|-status|p1a: Kyurem|brn
|
|-heal|p2a: Incineroar|13/100|[from] item: Leftovers
|-damage|p1a: Kyurem|94/100 brn|[from] brn
|upkeep
|turn|5
|
|t:|1757946633
|switch|p2a: Clefable|Clefable, F|100/100
|-damage|p2a: Clefable|88/100|[from] Spikes
|move|p1a: Kyurem|Outrage|p2a: Clefable|[from] lockedmove
|-immune|p2a: Clefable
|
|-heal|p2a: Clefable|94/100|[from] item: Leftovers
|-damage|p1a: Kyurem|88/100 brn|[from] brn
|upkeep
|turn|6
|
|t:|1757946639
|-terastallize|p1a: Kyurem|Fire
|move|p1a: Kyurem|Icicle Spear|p2a: Clefable
|-damage|p2a: Clefable|85/100
|-damage|p2a: Clefable|76/100
|-damage|p2a: Clefable|68/100
|-damage|p2a: Clefable|59/100
|-hitcount|p2a: Clefable|4
|move|p2a: Clefable|Stealth Rock|p1a: Kyurem
|-sidestart|p1: ayushfcb|move: Stealth Rock
|
|-heal|p2a: Clefable|65/100|[from] item: Leftovers
|-damage|p1a: Kyurem|82/100 brn|[from] brn
|upkeep
|turn|7
|
|t:|1757946647
|switch|p1a: Corviknight|Corviknight, M|100/100
|-damage|p1a: Corviknight|88/100|[from] Stealth Rock
|move|p2a: Clefable|Moonblast|p1a: Corviknight
|-resisted|p1a: Corviknight
|-damage|p1a: Corviknight|72/100
|-ability|p1a: Corviknight|Mirror Armor
|-unboost|p2a: Clefable|spa|1
|
|-heal|p2a: Clefable|71/100|[from] item: Leftovers
|upkeep
|turn|8
|
|t:|1757946659
|move|p1a: Corviknight|Defog|p2a: Clefable
|-unboost|p2a: Clefable|evasion|1
|-sideend|p2: Guerrero105|Spikes|[from] move: Defog|[of] p1a: Corviknight
|-sideend|p1: ayushfcb|Stealth Rock|[from] move: Defog|[of] p1a: Corviknight
|-sideend|p1: ayushfcb|Sticky Web|[from] move: Defog|[of] p1a: Corviknight
|move|p2a: Clefable|Thunder Wave|p1a: Corviknight
|-status|p1a: Corviknight|par
|
|-heal|p2a: Clefable|77/100|[from] item: Leftovers
|upkeep
|turn|9
|
|t:|1757946671
|switch|p1a: Slowking|Slowking-Galar, M|100/100
|move|p2a: Clefable|Stealth Rock|p1a: Slowking
|-sidestart|p1: ayushfcb|move: Stealth Rock
|
|-heal|p2a: Clefable|83/100|[from] item: Leftovers
|upkeep
|turn|10
|
|t:|1757946676
|switch|p2a: Corviknight|Corviknight, M|100/100
|-ability|p2a: Corviknight|Pressure
|-prepare|p1a: Slowking|Chilly Reception|[premajor]
|move|p1a: Slowking|Chilly Reception|p1a: Slowking
|-weather|Snowscape
|
|t:|1757946679
|switch|p1a: Corviknight|Corviknight, M|72/100 par|[from] Chilly Reception
|-damage|p1a: Corviknight|59/100 par|[from] Stealth Rock
|
|-weather|Snowscape|[upkeep]
|upkeep
|turn|11
|
|t:|1757946690
|switch|p2a: Galvantula|Galvantula, M|12/100
|move|p1a: Corviknight|Roost|p1a: Corviknight
|-heal|p1a: Corviknight|100/100 par
|-singleturn|p1a: Corviknight|move: Roost
|
|-weather|Snowscape|[upkeep]
|upkeep
|turn|12
|
|t:|1757946694
|switch|p1a: Hydrapple|Hydrapple, F, shiny|100/100
|-damage|p1a: Hydrapple|88/100|[from] Stealth Rock
|move|p2a: Galvantula|Thunder|p1a: Hydrapple
|-resisted|p1a: Hydrapple
|-damage|p1a: Hydrapple|80/100
|
|-weather|Snowscape|[upkeep]
|upkeep
|turn|13
|
|t:|1757946706
|switch|p2a: Clefable|Clefable, F|83/100
|switch|p1a: Corviknight|Corviknight, M|100/100 par
|-damage|p1a: Corviknight|88/100 par|[from] Stealth Rock
|
|-weather|Snowscape|[upkeep]
|-heal|p2a: Clefable|89/100|[from] item: Leftovers
|upkeep
|turn|14
|
|t:|1757946716
|switch|p2a: Galvantula|Galvantula, M|12/100
|move|p1a: Corviknight|Defog|p2a: Galvantula
|-unboost|p2a: Galvantula|evasion|1
|-sideend|p1: ayushfcb|Stealth Rock|[from] move: Defog|[of] p1a: Corviknight
|
|-weather|none
|upkeep
|turn|15
|
|t:|1757946722
|move|p2a: Galvantula|Thunder|p1a: Corviknight
|-supereffective|p1a: Corviknight
|-damage|p1a: Corviknight|1/100 par
|move|p1a: Corviknight|U-turn|p2a: Galvantula
|-damage|p2a: Galvantula|0 fnt
|faint|p2a: Galvantula
|
|t:|1757946737
|switch|p1a: Iron Valiant|Iron Valiant|100/100|[from] U-turn
|
|upkeep
|
|t:|1757946742
|switch|p2a: Clefable|Clefable, F|89/100
|turn|16
|
|t:|1757946745
|move|p1a: Iron Valiant|Moonblast|p2a: Clefable
|-damage|p2a: Clefable|37/100
|move|p2a: Clefable|Thunder Wave|p1a: Iron Valiant
|-status|p1a: Iron Valiant|par
|
|-heal|p2a: Clefable|43/100|[from] item: Leftovers
|upkeep
|turn|17
|
|t:|1757946751
|switch|p2a: Corviknight|Corviknight, M|100/100
|-ability|p2a: Corviknight|Pressure
|move|p1a: Iron Valiant|Moonblast|p2a: Corviknight
|-resisted|p2a: Corviknight
|-damage|p2a: Corviknight|59/100
|
|upkeep
|turn|18
|
|t:|1757946758
|move|p2a: Corviknight|Roost|p2a: Corviknight
|-heal|p2a: Corviknight|100/100
|-singleturn|p2a: Corviknight|move: Roost
|move|p1a: Iron Valiant|Moonblast|p2a: Corviknight
|-resisted|p2a: Corviknight
|-damage|p2a: Corviknight|59/100
|
|upkeep
|turn|19
|
|t:|1757946765
|-end|p1a: Iron Valiant|Quark Drive|[silent]
|switch|p1a: Slowking|Slowking-Galar, M|100/100
|move|p2a: Corviknight|Roost|p2a: Corviknight
|-heal|p2a: Corviknight|100/100
|-singleturn|p2a: Corviknight|move: Roost
|
|upkeep
|turn|20
|
|t:|1757946771
|switch|p2a: Incineroar|Incineroar, M|13/100
|-ability|p2a: Incineroar|Intimidate|boost
|-unboost|p1a: Slowking|atk|1
|move|p1a: Slowking|Future Sight|p2a: Incineroar
|-start|p1a: Slowking|move: Future Sight
|
|-heal|p2a: Incineroar|20/100|[from] item: Leftovers
|upkeep
|turn|21
|
|t:|1757946777
|switch|p1a: Corviknight|Corviknight, M|1/100 par
|move|p2a: Incineroar|Knock Off|p1a: Corviknight
|-damage|p1a: Corviknight|0 fnt
|-damage|p2a: Incineroar|3/100|[from] item: Rocky Helmet|[of] p1a: Corviknight
|-enditem|p1a: Corviknight|Rocky Helmet|[from] move: Knock Off|[of] p2a: Incineroar
|faint|p1a: Corviknight
|
|-heal|p2a: Incineroar|9/100|[from] item: Leftovers
|upkeep
|
|t:|1757946783
|switch|p1a: Kyurem|Kyurem, shiny, tera:Fire|82/100 brn
|-ability|p1a: Kyurem|Pressure
|turn|22
|
|t:|1757946785
|move|p1a: Kyurem|Icicle Spear|p2a: Incineroar
|-resisted|p2a: Incineroar
|-damage|p2a: Incineroar|6/100
|-resisted|p2a: Incineroar
|-damage|p2a: Incineroar|3/100
|-resisted|p2a: Incineroar
|-damage|p2a: Incineroar|1/100
|-resisted|p2a: Incineroar
|-damage|p2a: Incineroar|0 fnt
|faint|p2a: Incineroar
|-hitcount|p2: Incineroar|4
|
|-hint|Future Sight did not hit because the target is fainted.
|-damage|p1a: Kyurem|76/100 brn|[from] brn
|upkeep
|
|t:|1757946797
|switch|p2a: Clefable|Clefable, F|43/100
|turn|23
|
|t:|1757946800
|switch|p1a: Slowking|Slowking-Galar, M|100/100
|move|p2a: Clefable|Moonlight|p2a: Clefable
|-heal|p2a: Clefable|93/100
|
|-heal|p2a: Clefable|99/100|[from] item: Leftovers
|upkeep
|turn|24
|
|t:|1757946803
|move|p2a: Clefable|Stealth Rock|p1a: Slowking
|-sidestart|p1: ayushfcb|move: Stealth Rock
|move|p1a: Slowking|Future Sight|p2a: Clefable
|-start|p1a: Slowking|move: Future Sight
|
|-heal|p2a: Clefable|100/100|[from] item: Leftovers
|upkeep
|turn|25
|
|t:|1757946812
|switch|p2a: Corviknight|Corviknight, M|100/100
|-ability|p2a: Corviknight|Pressure
|switch|p1a: Kyurem|Kyurem, shiny, tera:Fire|76/100 brn
|-damage|p1a: Kyurem|51/100 brn|[from] Stealth Rock
|-ability|p1a: Kyurem|Pressure
|
|-damage|p1a: Kyurem|45/100 brn|[from] brn
|upkeep
|turn|26
|
|t:|1757946819
|move|p1a: Kyurem|Tera Blast|p2a: Corviknight|[anim] Tera Blast Fire
|-supereffective|p2a: Corviknight
|-damage|p2a: Corviknight|70/100
|move|p2a: Corviknight|Iron Defense|p2a: Corviknight
|-boost|p2a: Corviknight|def|2
|
|-end|p2a: Corviknight|move: Future Sight
|-resisted|p2a: Corviknight
|-damage|p2a: Corviknight|45/100
|-damage|p1a: Kyurem|39/100 brn|[from] brn
|upkeep
|turn|27
|
|t:|1757946825
|switch|p1a: Iron Valiant|Iron Valiant|100/100 par
|-damage|p1a: Iron Valiant|94/100 par|[from] Stealth Rock
|move|p2a: Corviknight|Roost|p2a: Corviknight
|-heal|p2a: Corviknight|95/100
|-singleturn|p2a: Corviknight|move: Roost
|
|upkeep
|turn|28
|
|t:|1757946830
|switch|p2a: Clefable|Clefable, F|100/100
|move|p1a: Iron Valiant|Thunderbolt|p2a: Clefable
|-damage|p2a: Clefable|67/100
|
|-heal|p2a: Clefable|73/100|[from] item: Leftovers
|upkeep
|turn|29
|
|t:|1757946836
|-end|p1a: Iron Valiant|Quark Drive|[silent]
|switch|p1a: Slowking|Slowking-Galar, M|100/100
|move|p2a: Clefable|Thunder Wave|p1a: Slowking
|-status|p1a: Slowking|par
|
|-heal|p2a: Clefable|79/100|[from] item: Leftovers
|upkeep
|turn|30
|
|t:|1757946841
|switch|p2a: Corviknight|Corviknight, M|95/100
|-ability|p2a: Corviknight|Pressure
|move|p1a: Slowking|Sludge Bomb|p2a: Corviknight
|-immune|p2a: Corviknight
|
|upkeep
|turn|31
|-message|ayushfcb forfeited.
|
|win|Guerrero105
|raw|ayushfcb's rating: 1346 &rarr; <strong>1327</strong><br />(-19 for losing)
|raw|Guerrero105's rating: 1357 &rarr; <strong>1376</strong><br />(+19 for winning)
|l|☆ayushfcb
|player|p1|
|l|☆Guerrero105
|player|p2|
