|j|☆hindu's curry
|j|☆PikachuStupid90
|t:|1757958282
|gametype|singles
|player|p1|hindu's curry|hiker-gen4|1338
|player|p2|PikachuStupid90|miku-ground|1307
|gen|9
|tier|[Gen 9] OU
|rated|
|rule|HP Percentage Mod: HP is shown in percentages
|rule|Endless Battle Clause: Forcing endless battles is banned
|rule|Species Clause: Limit one of each Pokémon
|rule|OHKO Clause: OHKO moves are banned
|rule|Evasion Items Clause: Evasion items are banned
|rule|Evasion Moves Clause: Evasion moves are banned
|rule|Evasion Abilities Clause: Evasion abilities are banned
|rule|Sleep Moves Clause: Sleep-inducing moves are banned
|clearpoke
|poke|p1|Heatran, M|
|poke|p1|Gliscor, F|
|poke|p1|Kyurem|
|poke|p1|Hatterene, F|
|poke|p1|Zamazenta-*|
|poke|p1|Tornadus-Therian, M|
|poke|p2|Rillaboom, M|
|poke|p2|Ogerpon-Wellspring, F|
|poke|p2|Araquanid, F|
|poke|p2|Gholdengo|
|poke|p2|Garchomp, M|
|poke|p2|Great Tusk|
|teampreview
|
|t:|1757958299
|teamsize|p1|6
|teamsize|p2|6
|start
|switch|p1a: Tornadus|Tornadus-Therian, M|100/100
|switch|p2a: Gholdengo|Gholdengo|100/100
|turn|1
|
|t:|1757958305
|move|p2a: Gholdengo|Power Gem|p1a: Tornadus
|-supereffective|p1a: Tornadus
|-damage|p1a: Tornadus|61/100
|move|p1a: Tornadus|Knock Off|p2a: Gholdengo
|-supereffective|p2a: Gholdengo
|-damage|p2a: Gholdengo|52/100
|-enditem|p2a: Gholdengo|Choice Scarf|[from] move: Knock Off|[of] p1a: Tornadus
|
|upkeep
|turn|2
|inactive|Battle timer is ON: inactive players will automatically lose when time's up. (requested by PikachuStupid90)
|inactive|PikachuStupid90 has 120 seconds left.
|
|t:|1757958336
|move|p1a: Tornadus|Heat Wave|p2a: Gholdengo
|-supereffective|p2a: Gholdengo
|-damage|p2a: Gholdengo|1/100
|move|p2a: Gholdengo|Power Gem|p1a: Tornadus
|-supereffective|p1a: Tornadus
|-damage|p1a: Tornadus|23/100
|
|upkeep
|turn|3
|
|t:|1757958343
|switch|p2a: Garchomp|Garchomp, M|100/100
|move|p1a: Tornadus|U-turn|p2a: Garchomp
|-damage|p2a: Garchomp|89/100
|-damage|p1a: Tornadus|11/100|[from] ability: Rough Skin|[of] p2a: Garchomp
|
|t:|1757958346
|switch|p1a: Gliscor|Gliscor, F|100/100|[from] U-turn
|
|-status|p1a: Gliscor|tox|[from] item: Toxic Orb
|upkeep
|turn|4
|
|t:|1757958359
|switch|p2a: Gholdengo|Gholdengo|1/100
|switch|p1a: Hatterene|Hatterene, F|100/100
|
|upkeep
|turn|5
|
|t:|1757958376
|switch|p1a: Heatran|Heatran, M|100/100
|move|p2a: Gholdengo|Shadow Ball|p1a: Heatran
|-damage|p1a: Heatran|58/100
|
|-heal|p1a: Heatran|65/100|[from] item: Leftovers
|upkeep
|turn|6
|
|t:|1757958390
|switch|p2a: Araquanid|Araquanid, F|100/100
|move|p1a: Heatran|Lava Plume|p2a: Araquanid
|-damage|p2a: Araquanid|83/100
|
|-heal|p1a: Heatran|71/100|[from] item: Leftovers
|upkeep
|turn|7
|
|t:|1757958400
|switch|p1a: Hatterene|Hatterene, F|100/100
|move|p2a: Araquanid|Sticky Web|p1a: Hatterene
|move|p1a: Hatterene|Sticky Web|p2a: Araquanid|[from] ability: Magic Bounce
|-sidestart|p2: PikachuStupid90|move: Sticky Web
|
|upkeep
|turn|8
|
|t:|1757958409
|move|p2a: Araquanid|Surf|p1a: Hatterene
|-damage|p1a: Hatterene|38/100
|move|p1a: Hatterene|Nuzzle|p2a: Araquanid
|-supereffective|p2a: Araquanid
|-damage|p2a: Araquanid|75/100
|-status|p2a: Araquanid|par
|
|upkeep
|turn|9
|
|t:|1757958425
|move|p1a: Hatterene|Psychic Noise|p2a: Araquanid
|-damage|p2a: Araquanid|50/100 par
|-start|p2a: Araquanid|move: Heal Block
|move|p2a: Araquanid|Sticky Web|p1a: Hatterene
|move|p1a: Hatterene|Sticky Web||[from] ability: Magic Bounce|[still]
|-fail|p1a: Hatterene
|
|upkeep
|turn|10
|
|t:|1757958432
|switch|p1a: Kyurem|Kyurem|100/100
|-ability|p1a: Kyurem|Pressure
|move|p2a: Araquanid|Surf|p1a: Kyurem
|-resisted|p1a: Kyurem
|-damage|p1a: Kyurem|75/100
|
|-heal|p1a: Kyurem|81/100|[from] item: Leftovers
|-end|p2a: Araquanid|move: Heal Block
|upkeep
|turn|11
|
|t:|1757958444
|move|p2a: Araquanid|Endure|p2a: Araquanid
|-singleturn|p2a: Araquanid|move: Endure
|move|p1a: Kyurem|Freeze-Dry|p2a: Araquanid
|-supereffective|p2a: Araquanid
|-activate|p2a: Araquanid|move: Endure
|-damage|p2a: Araquanid|1/100 par
|
|-heal|p1a: Kyurem|87/100|[from] item: Leftovers
|upkeep
|turn|12
|-enditem|p2a: Araquanid|Custap Berry|[eat]
|-activate|p2a: Araquanid|item: Custap Berry|[consumed]
|
|t:|1757958453
|cant|p2a: Araquanid|par
|move|p1a: Kyurem|Substitute|p1a: Kyurem
|-start|p1a: Kyurem|Substitute
|-damage|p1a: Kyurem|62/100
|
|-heal|p1a: Kyurem|68/100|[from] item: Leftovers
|upkeep
|turn|13
|
|t:|1757958459
|move|p1a: Kyurem|Freeze-Dry|p2a: Araquanid
|-supereffective|p2a: Araquanid
|-damage|p2a: Araquanid|0 fnt
|faint|p2a: Araquanid
|
|-heal|p1a: Kyurem|74/100|[from] item: Leftovers
|upkeep
|
|t:|1757958472
|switch|p2a: Garchomp|Garchomp, M|89/100
|-activate|p2a: Garchomp|move: Sticky Web
|-unboost|p2a: Garchomp|spe|1
|turn|14
|
|t:|1757958480
|-terastallize|p2a: Garchomp|Steel
|move|p1a: Kyurem|Protect|p1a: Kyurem
|-singleturn|p1a: Kyurem|Protect
|move|p2a: Garchomp|Iron Head|p1a: Kyurem
|-activate|p1a: Kyurem|move: Protect
|
|-heal|p1a: Kyurem|80/100|[from] item: Leftovers
|upkeep
|turn|15
|
|t:|1757958489
|-terastallize|p1a: Kyurem|Ground
|move|p1a: Kyurem|Earth Power|p2a: Garchomp
|-supereffective|p2a: Garchomp
|-damage|p2a: Garchomp|27/100
|move|p2a: Garchomp|Iron Head|p1a: Kyurem
|-end|p1a: Kyurem|Substitute
|
|-heal|p1a: Kyurem|87/100|[from] item: Leftovers
|upkeep
|turn|16
|
|t:|1757958500
|switch|p2a: Gholdengo|Gholdengo|1/100
|-activate|p2a: Gholdengo|move: Sticky Web
|-unboost|p2a: Gholdengo|spe|1
|move|p1a: Kyurem|Earth Power|p2a: Gholdengo
|-supereffective|p2a: Gholdengo
|-damage|p2a: Gholdengo|0 fnt
|faint|p2a: Gholdengo
|
|-heal|p1a: Kyurem|93/100|[from] item: Leftovers
|upkeep
|
|t:|1757958506
|switch|p2a: Rillaboom|Rillaboom, M|100/100
|-activate|p2a: Rillaboom|move: Sticky Web
|-unboost|p2a: Rillaboom|spe|1
|-fieldstart|move: Grassy Terrain|[from] ability: Grassy Surge|[of] p2a: Rillaboom
|turn|17
|inactive|hindu's curry has 120 seconds left.
|
|t:|1757958564
|switch|p1a: Heatran|Heatran, M|71/100
|move|p2a: Rillaboom|Wood Hammer|p1a: Heatran
|-resisted|p1a: Heatran
|-damage|p1a: Heatran|39/100
|-damage|p2a: Rillaboom|91/100|[from] Recoil
|
|-heal|p1a: Heatran|45/100|[from] Grassy Terrain
|-heal|p1a: Heatran|51/100|[from] item: Leftovers
|-heal|p2a: Rillaboom|97/100|[from] Grassy Terrain
|upkeep
|turn|18
|
|t:|1757958573
|switch|p1a: Kyurem|Kyurem, tera:Ground|93/100
|-ability|p1a: Kyurem|Pressure
|switch|p2a: Great Tusk|Great Tusk|100/100
|
|-heal|p1a: Kyurem|99/100|[from] Grassy Terrain
|-heal|p1a: Kyurem|100/100|[from] item: Leftovers
|upkeep
|turn|19
|
|t:|1757958588
|move|p1a: Kyurem|Freeze-Dry|p2a: Great Tusk
|-supereffective|p2a: Great Tusk
|-damage|p2a: Great Tusk|1/100
|-status|p2a: Great Tusk|frz
|-curestatus|p2a: Great Tusk|frz|[msg]
|move|p2a: Great Tusk|Ice Spinner|p1a: Kyurem
|-supereffective|p1a: Kyurem
|-damage|p1a: Kyurem|46/100
|-fieldend|move: Grassy Terrain
|
|-heal|p1a: Kyurem|52/100|[from] item: Leftovers
|upkeep
|turn|20
|-message|PikachuStupid90 forfeited.
|
|win|hindu's curry
|raw|hindu&apos;s curry's rating: 1338 &rarr; <strong>1356</strong><br />(+18 for winning)
|raw|PikachuStupid90's rating: 1307 &rarr; <strong>1289</strong><br />(-18 for losing)
|l|☆PikachuStupid90
|player|p2|
