|j|‽Axj5869
|j|☆yaboiAshK.
|t:|1757816304
|gametype|singles
|player|p1|Axj5869|170|1351
|player|p2|yaboiAshK.|ash-alola|1367
|gen|9
|tier|[Gen 9] OU
|rated|
|rule|HP Percentage Mod: HP is shown in percentages
|rule|Endless Battle Clause: Forcing endless battles is banned
|rule|Species Clause: Limit one of each Pokémon
|rule|OHKO Clause: OHKO moves are banned
|rule|Evasion Items Clause: Evasion items are banned
|rule|Evasion Moves Clause: Evasion moves are banned
|rule|Evasion Abilities Clause: Evasion abilities are banned
|rule|Sleep Moves Clause: Sleep-inducing moves are banned
|clearpoke
|poke|p1|Ogerpon-Wellspring, F|
|poke|p1|Corviknight, M|
|poke|p1|Ninetales-Alola, F|
|poke|p1|Iron Hands|
|poke|p1|Scizor, M|
|poke|p1|Darkrai|
|poke|p2|Great Tusk|
|poke|p2|Scizor, F|
|poke|p2|Alomomola, M|
|poke|p2|Weavile, M|
|poke|p2|Raging Bolt|
|poke|p2|Moltres|
|teampreview
|inactive|Battle timer is ON: inactive players will automatically lose when time's up. (requested by yaboiAshK.)
|
|t:|1757816322
|teamsize|p1|6
|teamsize|p2|6
|start
|switch|p1a: Ninetales|Ninetales-Alola, F|100/100
|switch|p2a: Scizor|Scizor, F|100/100
|-weather|Snowscape|[from] ability: Snow Warning|[of] p1a: Ninetales
|turn|1
|
|t:|1757816339
|switch|p1a: Ogerpon|Ogerpon-Wellspring, F|100/100
|move|p2a: Scizor|Bullet Punch|p1a: Ogerpon
|-resisted|p1a: Ogerpon
|-damage|p1a: Ogerpon|65/100
|
|-weather|Snowscape|[upkeep]
|upkeep
|turn|2
|
|t:|1757816349
|switch|p2a: Raging Bolt|Raging Bolt|100/100
|move|p1a: Ogerpon|Ivy Cudgel|p2a: Raging Bolt|[anim] Ivy Cudgel Water
|-resisted|p2a: Raging Bolt
|-damage|p2a: Raging Bolt|71/100
|
|-weather|Snowscape|[upkeep]
|upkeep
|turn|3
|
|t:|1757816356
|move|p1a: Ogerpon|U-turn|p2a: Raging Bolt
|-damage|p2a: Raging Bolt|44/100
|
|t:|1757816361
|switch|p1a: Ninetales|Ninetales-Alola, F|100/100|[from] U-turn
|move|p2a: Raging Bolt|Volt Switch|p1a: Ninetales
|-damage|p1a: Ninetales|50/100
|
|t:|1757816369
|-end|p2a: Raging Bolt|Protosynthesis|[silent]
|switch|p2a: Scizor|Scizor, F|100/100|[from] Volt Switch
|
|-weather|Snowscape|[upkeep]
|upkeep
|turn|4
|
|t:|1757816373
|switch|p1a: Corviknight|Corviknight, M|100/100
|move|p2a: Scizor|U-turn|p1a: Corviknight
|-resisted|p1a: Corviknight
|-damage|p1a: Corviknight|89/100
|-damage|p2a: Scizor|84/100|[from] item: Rocky Helmet|[of] p1a: Corviknight
|
|t:|1757816380
|switch|p2a: Raging Bolt|Raging Bolt|44/100|[from] U-turn
|
|-weather|Snowscape|[upkeep]
|upkeep
|turn|5
|
|t:|1757816387
|switch|p1a: Ogerpon|Ogerpon-Wellspring, F|65/100
|move|p2a: Raging Bolt|Thunderbolt|p1a: Ogerpon
|-damage|p1a: Ogerpon|0 fnt
|faint|p1a: Ogerpon
|
|-weather|none
|upkeep
|
|t:|1757816390
|switch|p1a: Darkrai|Darkrai|100/100
|turn|6
|
|t:|1757816398
|move|p2a: Raging Bolt|Thunderclap|p1a: Darkrai
|-damage|p1a: Darkrai|42/100
|move|p1a: Darkrai|Ice Beam|p2a: Raging Bolt
|-supereffective|p2a: Raging Bolt
|-damage|p2a: Raging Bolt|0 fnt
|faint|p2a: Raging Bolt
|-end|p2a: Raging Bolt|Protosynthesis|[silent]
|
|upkeep
|
|t:|1757816408
|switch|p2a: Scizor|Scizor, F|84/100
|turn|7
|
|t:|1757816421
|switch|p1a: Corviknight|Corviknight, M|89/100
|move|p2a: Scizor|Knock Off|p1a: Corviknight
|-damage|p1a: Corviknight|40/100
|-damage|p2a: Scizor|68/100|[from] item: Rocky Helmet|[of] p1a: Corviknight
|-enditem|p1a: Corviknight|Rocky Helmet|[from] move: Knock Off|[of] p2a: Scizor
|
|upkeep
|turn|8
|
|t:|1757816434
|switch|p2a: Alomomola|Alomomola, M|100/100
|move|p1a: Corviknight|Roost|p1a: Corviknight
|-heal|p1a: Corviknight|90/100
|-singleturn|p1a: Corviknight|move: Roost
|
|upkeep
|turn|9
|
|t:|1757816443
|move|p1a: Corviknight|Bulk Up|p1a: Corviknight
|-boost|p1a: Corviknight|atk|1
|-boost|p1a: Corviknight|def|1
|move|p2a: Alomomola|Scald|p1a: Corviknight
|-damage|p1a: Corviknight|80/100
|
|upkeep
|turn|10
|
|t:|1757816465
|move|p1a: Corviknight|Bulk Up|p1a: Corviknight
|-boost|p1a: Corviknight|atk|1
|-boost|p1a: Corviknight|def|1
|move|p2a: Alomomola|Scald|p1a: Corviknight
|-damage|p1a: Corviknight|71/100
|-status|p1a: Corviknight|brn
|
|-damage|p1a: Corviknight|65/100 brn|[from] brn
|upkeep
|turn|11
|
|t:|1757816479
|move|p1a: Corviknight|Roost|p1a: Corviknight
|-heal|p1a: Corviknight|100/100 brn
|-singleturn|p1a: Corviknight|move: Roost
|move|p2a: Alomomola|Wish|p2a: Alomomola
|
|-damage|p1a: Corviknight|94/100 brn|[from] brn
|upkeep
|turn|12
|
|t:|1757816486
|switch|p1a: Ninetales|Ninetales-Alola, F|50/100
|-weather|Snowscape|[from] ability: Snow Warning|[of] p1a: Ninetales
|move|p2a: Alomomola|Flip Turn|p1a: Ninetales
|-damage|p1a: Ninetales|32/100
|
|t:|1757816497
|switch|p2a: Scizor|Scizor, F|68/100|[from] Flip Turn
|
|-weather|Snowscape|[upkeep]
|-heal|p2a: Scizor|100/100|[from] move: Wish|[wisher] Alomomola
|upkeep
|turn|13
|
|t:|1757816503
|switch|p1a: Corviknight|Corviknight, M|94/100 brn
|move|p2a: Scizor|Bullet Punch|p1a: Corviknight
|-resisted|p1a: Corviknight
|-damage|p1a: Corviknight|75/100 brn
|
|-weather|Snowscape|[upkeep]
|-damage|p1a: Corviknight|69/100 brn|[from] brn
|upkeep
|turn|14
|
|t:|1757816513
|switch|p2a: Great Tusk|Great Tusk|100/100
|move|p1a: Corviknight|Roost|p1a: Corviknight
|-heal|p1a: Corviknight|100/100 brn
|-singleturn|p1a: Corviknight|move: Roost
|
|-weather|Snowscape|[upkeep]
|-damage|p1a: Corviknight|94/100 brn|[from] brn
|upkeep
|turn|15
|
|t:|1757816521
|switch|p1a: Darkrai|Darkrai|42/100
|move|p2a: Great Tusk|Stealth Rock|p1a: Darkrai
|-sidestart|p1: Axj5869|move: Stealth Rock
|
|-weather|Snowscape|[upkeep]
|upkeep
|turn|16
|
|t:|1757816525
|-end|p2a: Great Tusk|Protosynthesis|[silent]
|switch|p2a: Alomomola|Alomomola, M|100/100
|move|p1a: Darkrai|Ice Beam|p2a: Alomomola
|-resisted|p2a: Alomomola
|-damage|p2a: Alomomola|83/100
|-status|p2a: Alomomola|frz
|
|-weather|none
|upkeep
|turn|17
|
|t:|1757816530
|move|p1a: Darkrai|Dark Pulse|p2a: Alomomola
|-damage|p2a: Alomomola|32/100 frz
|cant|p2a: Alomomola|flinch
|
|upkeep
|turn|18
|
|t:|1757816537
|switch|p2a: Weavile|Weavile, M|100/100
|-ability|p2a: Weavile|Pressure
|move|p1a: Darkrai|Dark Pulse|p2a: Weavile
|-resisted|p2a: Weavile
|-damage|p2a: Weavile|70/100
|
|upkeep
|turn|19
|
|t:|1757816545
|move|p1a: Darkrai|Sludge Bomb|p2a: Weavile
|-damage|p2a: Weavile|26/100
|-status|p2a: Weavile|psn
|move|p2a: Weavile|Triple Axel|p1a: Darkrai
|-damage|p1a: Darkrai|26/100
|-damage|p1a: Darkrai|0 fnt
|faint|p1a: Darkrai
|-hitcount|p1: Darkrai|2
|
|-damage|p2a: Weavile|14/100 psn|[from] psn
|upkeep
|
|t:|1757816557
|switch|p1a: Scizor|Scizor, M|100/100
|-damage|p1a: Scizor|88/100|[from] Stealth Rock
|turn|20
|
|t:|1757816562
|switch|p2a: Moltres|Moltres|100/100
|move|p1a: Scizor|U-turn|p2a: Moltres
|-resisted|p2a: Moltres
|-damage|p2a: Moltres|94/100
|
|t:|1757816568
|switch|p1a: Ninetales|Ninetales-Alola, F|32/100|[from] U-turn
|-damage|p1a: Ninetales|7/100|[from] Stealth Rock
|-weather|Snowscape|[from] ability: Snow Warning|[of] p1a: Ninetales
|
|-weather|Snowscape|[upkeep]
|upkeep
|turn|21
|
|t:|1757816578
|switch|p2a: Alomomola|Alomomola, M|65/100 frz
|move|p1a: Ninetales|Aurora Veil|p1a: Ninetales
|-sidestart|p1: Axj5869|move: Aurora Veil
|
|-weather|Snowscape|[upkeep]
|upkeep
|turn|22
|
|t:|1757816582
|move|p1a: Ninetales|Freeze-Dry|p2a: Alomomola
|-supereffective|p2a: Alomomola
|-damage|p2a: Alomomola|0 fnt
|faint|p2a: Alomomola
|
|-weather|Snowscape|[upkeep]
|upkeep
|
|t:|1757816595
|switch|p2a: Scizor|Scizor, F|100/100
|turn|23
|
|t:|1757816599
|move|p1a: Ninetales|Freeze-Dry|p2a: Scizor
|-resisted|p2a: Scizor
|-damage|p2a: Scizor|84/100
|move|p2a: Scizor|U-turn|p1a: Ninetales
|-resisted|p1a: Ninetales
|-damage|p1a: Ninetales|0 fnt
|faint|p1a: Ninetales
|
|t:|1757816607
|switch|p2a: Moltres|Moltres|94/100|[from] U-turn
|
|-weather|Snowscape|[upkeep]
|upkeep
|
|t:|1757816613
|switch|p1a: Iron Hands|Iron Hands|100/100
|-damage|p1a: Iron Hands|94/100|[from] Stealth Rock
|turn|24
|
|t:|1757816618
|move|p1a: Iron Hands|Swords Dance|p1a: Iron Hands
|-boost|p1a: Iron Hands|atk|2
|move|p2a: Moltres|Roar|p1a: Iron Hands
|-end|p1a: Iron Hands|Quark Drive|[silent]
|drag|p1a: Scizor|Scizor, M|88/100
|-damage|p1a: Scizor|76/100|[from] Stealth Rock
|
|-weather|none
|upkeep
|turn|25
|
|t:|1757816625
|move|p1a: Scizor|U-turn|p2a: Moltres
|-resisted|p2a: Moltres
|-damage|p2a: Moltres|87/100
|-status|p1a: Scizor|brn|[from] ability: Flame Body|[of] p2a: Moltres
|
|t:|1757816629
|switch|p1a: Iron Hands|Iron Hands|94/100|[from] U-turn
|-damage|p1a: Iron Hands|88/100|[from] Stealth Rock
|move|p2a: Moltres|Roar|p1a: Iron Hands
|-end|p1a: Iron Hands|Quark Drive|[silent]
|drag|p1a: Scizor|Scizor, M|76/100 brn
|-damage|p1a: Scizor|64/100 brn|[from] Stealth Rock
|
|-damage|p1a: Scizor|58/100 brn|[from] brn
|upkeep
|turn|26
|
|t:|1757816643
|move|p1a: Scizor|Swords Dance|p1a: Scizor
|-boost|p1a: Scizor|atk|2
|move|p2a: Moltres|Roar|p1a: Scizor
|drag|p1a: Iron Hands|Iron Hands|88/100
|-damage|p1a: Iron Hands|82/100|[from] Stealth Rock
|
|upkeep
|turn|27
|
|t:|1757816650
|switch|p2a: Great Tusk|Great Tusk|100/100
|move|p1a: Iron Hands|Thunder Punch|p2a: Great Tusk
|-immune|p2a: Great Tusk
|
|upkeep
|turn|28
|
|t:|1757816656
|-terastallize|p1a: Iron Hands|Flying
|move|p2a: Great Tusk|Rapid Spin|p1a: Iron Hands
|-damage|p1a: Iron Hands|78/100
|-boost|p2a: Great Tusk|spe|1
|move|p1a: Iron Hands|Swords Dance|p1a: Iron Hands
|-boost|p1a: Iron Hands|atk|2
|
|-sideend|p1: Axj5869|move: Aurora Veil
|upkeep
|turn|29
|
|t:|1757816663
|move|p2a: Great Tusk|Ice Spinner|p1a: Iron Hands
|-supereffective|p1a: Iron Hands
|-damage|p1a: Iron Hands|52/100
|move|p1a: Iron Hands|Ice Punch|p2a: Great Tusk
|-supereffective|p2a: Great Tusk
|-crit|p2a: Great Tusk
|-damage|p2a: Great Tusk|0 fnt
|faint|p2a: Great Tusk
|-end|p2a: Great Tusk|Protosynthesis|[silent]
|
|upkeep
|
|t:|1757816670
|switch|p2a: Weavile|Weavile, M|14/100 psn
|-ability|p2a: Weavile|Pressure
|turn|30
|
|t:|1757816675
|move|p2a: Weavile|Triple Axel|p1a: Iron Hands
|-supereffective|p1a: Iron Hands
|-damage|p1a: Iron Hands|40/100
|-supereffective|p1a: Iron Hands
|-crit|p1a: Iron Hands
|-damage|p1a: Iron Hands|2/100
|-supereffective|p1a: Iron Hands
|-damage|p1a: Iron Hands|0 fnt
|faint|p1a: Iron Hands
|-end|p1a: Iron Hands|Quark Drive|[silent]
|-hitcount|p1: Iron Hands|3
|
|-damage|p2a: Weavile|2/100 psn|[from] psn
|upkeep
|-message|Axj5869 forfeited.
|
|win|yaboiAshK.
|raw|Axj5869's rating: 1351 &rarr; <strong>1332</strong><br />(-19 for losing)
|raw|yaboiAshK.'s rating: 1367 &rarr; <strong>1386</strong><br />(+19 for winning)
|l|‽Axj5869
|player|p1|
