|j|‽oehtwashere
|j|☆Lolproplayer
|t:|1757846438
|gametype|singles
|player|p1|oehtwashere|supernerd|1643
|player|p2|Lolproplayer|170|1644
|gen|9
|tier|[Gen 9] OU
|rated|
|rule|HP Percentage Mod: HP is shown in percentages
|rule|Endless Battle Clause: Forcing endless battles is banned
|rule|Species Clause: Limit one of each Pokémon
|rule|OHKO Clause: OHKO moves are banned
|rule|Evasion Items Clause: Evasion items are banned
|rule|Evasion Moves Clause: Evasion moves are banned
|rule|Evasion Abilities Clause: Evasion abilities are banned
|rule|Sleep Moves Clause: Sleep-inducing moves are banned
|clearpoke
|poke|p1|Raikou|
|poke|p1|Samurott-Hisui, M|
|poke|p1|Ting-Lu|
|poke|p1|Sinistcha|
|poke|p1|Zamazenta-*|
|poke|p1|Scizor, M|
|poke|p2|Ursaluna, M|
|poke|p2|Cresselia, F|
|poke|p2|Kingambit, M|
|poke|p2|Volcanion|
|poke|p2|Hatterene, F|
|poke|p2|Porygon2|
|teampreview
|inactive|Battle timer is ON: inactive players will automatically lose when time's up. (requested by Lolproplayer)
|inactive|oehtwashere also wants the timer to be on.
|
|t:|1757846462
|teamsize|p1|6
|teamsize|p2|6
|start
|switch|p1a: Scizor|Scizor, M|100/100
|switch|p2a: Neckless|Porygon2|100/100
|-ability|p2a: Neckless|Download|boost
|-boost|p2a: Neckless|spa|1
|turn|1
|
|t:|1757846476
|move|p1a: Scizor|Knock Off|p2a: Neckless
|-damage|p2a: Neckless|74/100
|-enditem|p2a: Neckless|Eviolite|[from] move: Knock Off|[of] p1a: Scizor
|move|p2a: Neckless|Trick Room|p2a: Neckless
|-fieldstart|move: Trick Room|[of] p2a: Neckless
|
|upkeep
|turn|2
|
|t:|1757846485
|switch|p2a: Molester|Volcanion|100/100
|move|p1a: Scizor|Close Combat|p2a: Molester
|-damage|p2a: Molester|62/100
|-unboost|p1a: Scizor|def|1
|-unboost|p1a: Scizor|spd|1
|
|upkeep
|turn|3
|
|t:|1757846495
|switch|p1a: Ting-Lu|Ting-Lu|100/100
|-ability|p1a: Ting-Lu|Vessel of Ruin
|move|p2a: Molester|Steam Eruption|p1a: Ting-Lu
|-supereffective|p1a: Ting-Lu
|-damage|p1a: Ting-Lu|20/100
|
|-heal|p1a: Ting-Lu|26/100|[from] item: Leftovers
|upkeep
|turn|4
|
|t:|1757846505
|move|p1a: Ting-Lu|Stealth Rock|p2a: Molester
|-sidestart|p2: Lolproplayer|move: Stealth Rock
|move|p2a: Molester|Steam Eruption|p1a: Ting-Lu
|-supereffective|p1a: Ting-Lu
|-damage|p1a: Ting-Lu|0 fnt
|faint|p1a: Ting-Lu
|
|upkeep
|
|t:|1757846515
|switch|p1a: Samurott|Samurott-Hisui, M|100/100
|turn|5
|
|t:|1757846520
|move|p2a: Molester|Steam Eruption|p1a: Samurott
|-resisted|p1a: Samurott
|-damage|p1a: Samurott|27/100
|move|p1a: Samurott|Ceaseless Edge|p2a: Molester
|-damage|p2a: Molester|29/100
|-sidestart|p2: Lolproplayer|Spikes
|
|-fieldend|move: Trick Room
|upkeep
|turn|6
|
|t:|1757846537
|move|p1a: Samurott|Ceaseless Edge|p2a: Molester
|-damage|p2a: Molester|0 fnt
|-sidestart|p2: Lolproplayer|Spikes
|faint|p2a: Molester
|
|upkeep
|
|t:|1757846542
|switch|p2a: Kingambit|Kingambit, M|100/100
|-damage|p2a: Kingambit|94/100|[from] Stealth Rock
|-damage|p2a: Kingambit|78/100|[from] Spikes
|-activate|p2a: Kingambit|ability: Supreme Overlord
|-start|p2a: Kingambit|fallen1|[silent]
|turn|7
|
|t:|1757846550
|switch|p1a: Zamazenta|Zamazenta|100/100
|-ability|p1a: Zamazenta|Dauntless Shield|boost
|-boost|p1a: Zamazenta|def|1
|move|p2a: Kingambit|Sucker Punch||[still]
|-fail|p2a: Kingambit
|
|upkeep
|turn|8
|
|t:|1757846559
|switch|p1a: Scizor|Scizor, M|100/100
|-end|p2a: Kingambit|fallen1|[silent]
|switch|p2a: Moonboy|Cresselia, F, shiny|100/100
|-damage|p2a: Moonboy|88/100|[from] Stealth Rock
|
|upkeep
|turn|9
|
|t:|1757846570
|move|p1a: Scizor|U-turn|p2a: Moonboy
|-supereffective|p2a: Moonboy
|-damage|p2a: Moonboy|42/100
|
|t:|1757846578
|switch|p1a: Raikou|Raikou|100/100|[from] U-turn
|-ability|p1a: Raikou|Pressure
|move|p2a: Moonboy|Trick Room|p2a: Moonboy
|-fieldstart|move: Trick Room|[of] p2a: Moonboy
|
|upkeep
|turn|10
|
|t:|1757846595
|switch|p1a: Sinistcha|Sinistcha|100/100
|move|p2a: Moonboy|Lunar Dance|p2a: Moonboy
|faint|p2a: Moonboy
|
|upkeep
|
|t:|1757846602
|switch|p2a: Kingambit|Kingambit, M|78/100
|-heal|p2a: Kingambit|100/100|[from] move: Lunar Dance
|-damage|p2a: Kingambit|94/100|[from] Stealth Rock
|-damage|p2a: Kingambit|78/100|[from] Spikes
|-activate|p2a: Kingambit|ability: Supreme Overlord
|-start|p2a: Kingambit|fallen2|[silent]
|turn|11
|
|t:|1757846613
|switch|p1a: Zamazenta|Zamazenta|100/100
|move|p2a: Kingambit|Swords Dance|p2a: Kingambit
|-boost|p2a: Kingambit|atk|2
|
|upkeep
|turn|12
|
|t:|1757846621
|switch|p1a: Raikou|Raikou|100/100
|-ability|p1a: Raikou|Pressure
|move|p2a: Kingambit|Iron Head|p1a: Raikou
|-resisted|p1a: Raikou
|-damage|p1a: Raikou|4/100
|-damage|p2a: Kingambit|68/100|[from] item: Life Orb
|
|upkeep
|turn|13
|
|t:|1757846630
|move|p2a: Kingambit|Iron Head|p1a: Raikou
|-resisted|p1a: Raikou
|-damage|p1a: Raikou|0 fnt
|faint|p1a: Raikou
|-damage|p2a: Kingambit|58/100|[from] item: Life Orb
|
|-fieldend|move: Trick Room
|upkeep
|
|t:|1757846638
|switch|p1a: Zamazenta|Zamazenta|100/100
|turn|14
|
|t:|1757846649
|-end|p2a: Kingambit|fallen2|[silent]
|switch|p2a: queer|Hatterene, F|100/100
|-damage|p2a: queer|88/100|[from] Stealth Rock
|-damage|p2a: queer|72/100|[from] Spikes
|-terastallize|p1a: Zamazenta|Fire
|move|p1a: Zamazenta|Close Combat|p2a: queer
|-resisted|p2a: queer
|-damage|p2a: queer|56/100
|-unboost|p1a: Zamazenta|def|1
|-unboost|p1a: Zamazenta|spd|1
|
|upkeep
|turn|15
|
|t:|1757846663
|switch|p1a: Scizor|Scizor, M|100/100
|move|p2a: queer|Trick Room|p2a: queer
|-fieldstart|move: Trick Room|[of] p2a: queer
|
|upkeep
|turn|16
|
|t:|1757846669
|switch|p2a: AssFrasser|Ursaluna, M|100/100
|-damage|p2a: AssFrasser|94/100|[from] Stealth Rock
|-damage|p2a: AssFrasser|78/100|[from] Spikes
|move|p1a: Scizor|Bullet Punch|p2a: AssFrasser
|-damage|p2a: AssFrasser|54/100
|
|-status|p2a: AssFrasser|brn|[from] item: Flame Orb
|upkeep
|turn|17
|
|t:|1757846683
|switch|p1a: Samurott|Samurott-Hisui, M|27/100
|move|p2a: AssFrasser|Headlong Rush|p1a: Samurott
|-damage|p1a: Samurott|0 fnt
|-unboost|p2a: AssFrasser|def|1
|-unboost|p2a: AssFrasser|spd|1
|faint|p1a: Samurott
|
|-damage|p2a: AssFrasser|48/100 brn|[from] brn
|upkeep
|
|t:|1757846685
|switch|p1a: Sinistcha|Sinistcha|100/100
|turn|18
|
|t:|1757846701
|move|p2a: AssFrasser|Fire Punch|p1a: Sinistcha
|-supereffective|p1a: Sinistcha
|-damage|p1a: Sinistcha|68/100
|move|p1a: Sinistcha|Strength Sap|p2a: AssFrasser
|-unboost|p2a: AssFrasser|atk|1
|-heal|p1a: Sinistcha|100/100
|
|-damage|p2a: AssFrasser|42/100 brn|[from] brn
|upkeep
|turn|19
|
|t:|1757846717
|switch|p2a: Neckless|Porygon2|74/100
|-damage|p2a: Neckless|62/100|[from] Stealth Rock
|-damage|p2a: Neckless|45/100|[from] Spikes
|-ability|p2a: Neckless|Download|boost
|-boost|p2a: Neckless|spa|1
|move|p1a: Sinistcha|Calm Mind|p1a: Sinistcha
|-boost|p1a: Sinistcha|spa|1
|-boost|p1a: Sinistcha|spd|1
|
|-fieldend|move: Trick Room
|upkeep
|turn|20
|
|t:|1757846730
|move|p1a: Sinistcha|Matcha Gotcha|p2a: Neckless
|-crit|p2a: Neckless
|-damage|p2a: Neckless|0 fnt
|faint|p2a: Neckless
|
|upkeep
|
|t:|1757846739
|switch|p2a: Kingambit|Kingambit, M|58/100
|-damage|p2a: Kingambit|52/100|[from] Stealth Rock
|-damage|p2a: Kingambit|35/100|[from] Spikes
|-activate|p2a: Kingambit|ability: Supreme Overlord
|-start|p2a: Kingambit|fallen3|[silent]
|turn|21
|
|t:|1757846752
|move|p1a: Sinistcha|Strength Sap|p2a: Kingambit
|-unboost|p2a: Kingambit|atk|1
|move|p2a: Kingambit|Kowtow Cleave|p1a: Sinistcha
|-supereffective|p1a: Sinistcha
|-damage|p1a: Sinistcha|18/100
|-damage|p2a: Kingambit|25/100|[from] item: Life Orb
|
|upkeep
|turn|22
|
|t:|1757846762
|move|p2a: Kingambit|Sucker Punch|p1a: Sinistcha
|-supereffective|p1a: Sinistcha
|-damage|p1a: Sinistcha|0 fnt
|faint|p1a: Sinistcha
|-damage|p2a: Kingambit|15/100|[from] item: Life Orb
|
|upkeep
|
|t:|1757846771
|switch|p1a: Zamazenta|Zamazenta, tera:Fire|100/100
|turn|23
|
|t:|1757846781
|move|p2a: Kingambit|Sucker Punch|p1a: Zamazenta
|-damage|p1a: Zamazenta|56/100
|-damage|p2a: Kingambit|5/100|[from] item: Life Orb
|move|p1a: Zamazenta|Crunch|p2a: Kingambit
|-resisted|p2a: Kingambit
|-damage|p2a: Kingambit|0 fnt
|faint|p2a: Kingambit
|-end|p2a: Kingambit|fallen3|[silent]
|
|upkeep
|
|t:|1757846789
|switch|p2a: queer|Hatterene, F|56/100
|-damage|p2a: queer|44/100|[from] Stealth Rock
|-damage|p2a: queer|27/100|[from] Spikes
|turn|24
|
|t:|1757846798
|move|p1a: Zamazenta|Crunch|p2a: queer
|-damage|p2a: queer|0 fnt
|faint|p2a: queer
|
|upkeep
|-message|Lolproplayer forfeited.
|
|win|oehtwashere
|raw|oehtwashere's rating: 1643 &rarr; <strong>1663</strong><br />(+20 for winning)
|raw|Lolproplayer's rating: 1644 &rarr; <strong>1624</strong><br />(-20 for losing)
|l|☆Lolproplayer
|player|p2|
|l|‽oehtwashere
|player|p1|
