|j|‽loaded fries
|j|☆nangu
|t:|1757921059
|gametype|singles
|player|p1|loaded fries|palmer|1290
|player|p2|nangu|serena-masters3|1261
|gen|9
|tier|[Gen 9] OU
|rated|
|rule|HP Percentage Mod: HP is shown in percentages
|rule|Endless Battle Clause: Forcing endless battles is banned
|rule|Species Clause: Limit one of each Pokémon
|rule|OHKO Clause: OHKO moves are banned
|rule|Evasion Items Clause: Evasion items are banned
|rule|Evasion Moves Clause: Evasion moves are banned
|rule|Evasion Abilities Clause: Evasion abilities are banned
|rule|Sleep Moves Clause: Sleep-inducing moves are banned
|clearpoke
|poke|p1|Araquanid, F|
|poke|p1|Gholdengo|
|poke|p1|Kingambit, F|
|poke|p1|Raging Bolt|
|poke|p1|Enamorus, F|
|poke|p1|Iron Moth|
|poke|p2|Greninja-*, M|
|poke|p2|Pikachu, M|
|poke|p2|Hawlucha, M|
|poke|p2|Talonflame, M|
|poke|p2|Noivern, M|
|poke|p2|Goodra, F|
|teampreview
|inactive|Battle timer is ON: inactive players will automatically lose when time's up. (requested by nangu)
|
|t:|1757921067
|teamsize|p1|6
|teamsize|p2|6
|start
|switch|p1a: Araquanid|Araquanid, F|100/100
|switch|p2a: Pikachu|Pikachu, M|100/100
|turn|1
|
|t:|1757921076
|move|p2a: Pikachu|Thunderbolt|p1a: Araquanid
|-supereffective|p1a: Araquanid
|-damage|p1a: Araquanid|39/100
|move|p1a: Araquanid|Sticky Web|p2a: Pikachu
|-sidestart|p2: nangu|move: Sticky Web
|
|upkeep
|turn|2
|
|t:|1757921084
|move|p1a: Araquanid|Endure|p1a: Araquanid
|-singleturn|p1a: Araquanid|move: Endure
|move|p2a: Pikachu|Thunderbolt|p1a: Araquanid
|-supereffective|p1a: Araquanid
|-activate|p1a: Araquanid|move: Endure
|-damage|p1a: Araquanid|1/100
|
|upkeep
|turn|3
|-enditem|p1a: Araquanid|Custap Berry|[eat]
|-activate|p1a: Araquanid|item: Custap Berry|[consumed]
|
|t:|1757921089
|move|p2a: Pikachu|Quick Attack|p1a: Araquanid
|-damage|p1a: Araquanid|0 fnt
|faint|p1a: Araquanid
|
|upkeep
|
|t:|1757921115
|switch|p1a: Kingambit|Kingambit, F|100/100
|-activate|p1a: Kingambit|ability: Supreme Overlord
|-start|p1a: Kingambit|fallen1|[silent]
|turn|4
|
|t:|1757921121
|move|p1a: Kingambit|Sucker Punch|p2a: Pikachu
|-damage|p2a: Pikachu|0 fnt
|faint|p2a: Pikachu
|
|upkeep
|
|t:|1757921133
|switch|p2a: Hawlucha|Hawlucha, M|100/100
|-ability|p2a: Hawlucha|Mold Breaker
|turn|5
|
|t:|1757921141
|-end|p1a: Kingambit|fallen1|[silent]
|switch|p1a: Raging Bolt|Raging Bolt|100/100
|-enditem|p1a: Raging Bolt|Booster Energy
|-activate|p1a: Raging Bolt|ability: Protosynthesis|[fromitem]
|-start|p1a: Raging Bolt|protosynthesisspa
|move|p2a: Hawlucha|Close Combat|p1a: Raging Bolt
|-damage|p1a: Raging Bolt|51/100
|-unboost|p2a: Hawlucha|def|1
|-unboost|p2a: Hawlucha|spd|1
|
|upkeep
|turn|6
|
|t:|1757921154
|switch|p2a: Goodra|Goodra, F|100/100
|-activate|p2a: Goodra|move: Sticky Web
|-unboost|p2a: Goodra|spe|1
|move|p1a: Raging Bolt|Thunderclap||[still]
|-fail|p1a: Raging Bolt
|
|upkeep
|turn|7
|
|t:|1757921162
|move|p1a: Raging Bolt|Dragon Pulse|p2a: Goodra
|-supereffective|p2a: Goodra
|-damage|p2a: Goodra|51/100
|move|p2a: Goodra|Draco Meteor|p1a: Raging Bolt
|-supereffective|p1a: Raging Bolt
|-damage|p1a: Raging Bolt|0 fnt
|-unboost|p2a: Goodra|spa|2
|faint|p1a: Raging Bolt
|-end|p1a: Raging Bolt|Protosynthesis|[silent]
|
|upkeep
|
|t:|1757921167
|switch|p1a: Enamorus|Enamorus, F|100/100
|turn|8
|inactive|loaded fries has 120 seconds left.
|inactive|loaded fries has 90 seconds left.
|inactive|loaded fries has 60 seconds left.
|inactive|loaded fries has 30 seconds left.
|inactive|loaded fries has 20 seconds left.
|inactive|loaded fries has 15 seconds left.
|
|t:|1757921305
|switch|p2a: Talonflame|Talonflame, M|100/100
|move|p1a: Enamorus|Moonblast|p2a: Talonflame
|-resisted|p2a: Talonflame
|-damage|p2a: Talonflame|46/100
|
|upkeep
|turn|9
|inactive|loaded fries has 25 seconds left this turn.
|
|t:|1757921313
|move|p1a: Enamorus|Moonblast|p2a: Talonflame
|-resisted|p2a: Talonflame
|-damage|p2a: Talonflame|0 fnt
|faint|p2a: Talonflame
|
|upkeep
|
|t:|1757921325
|switch|p2a: Greninja|Greninja, M|100/100
|-activate|p2a: Greninja|move: Sticky Web
|-unboost|p2a: Greninja|spe|1
|turn|10
|
|t:|1757921333
|-terastallize|p2a: Greninja|Water
|move|p1a: Enamorus|Moonblast|p2a: Greninja
|-damage|p2a: Greninja|0 fnt
|faint|p2a: Greninja
|
|upkeep
|
|t:|1757921345
|switch|p2a: Goodra|Goodra, F|51/100
|-activate|p2a: Goodra|move: Sticky Web
|-unboost|p2a: Goodra|spe|1
|turn|11
|
|t:|1757921348
|move|p1a: Enamorus|Moonblast|p2a: Goodra
|-supereffective|p2a: Goodra
|-damage|p2a: Goodra|0 fnt
|faint|p2a: Goodra
|
|upkeep
|-message|nangu forfeited.
|
|win|loaded fries
|raw|loaded fries's rating: 1290 &rarr; <strong>1313</strong><br />(+23 for winning)
|raw|nangu's rating: 1261 &rarr; <strong>1238</strong><br />(-23 for losing)
|l|☆nangu
|player|p2|
|l|‽loaded fries
|player|p1|
