|j|☆StarPollution
|j|☆kalit123
|t:|1757950955
|gametype|singles
|player|p1|StarPollution|cheryl|1126
|player|p2|kalit123|giovanni|1161
|gen|9
|tier|[Gen 9] OU
|rated|
|rule|HP Percentage Mod: HP is shown in percentages
|rule|Endless Battle Clause: Forcing endless battles is banned
|rule|Species Clause: Limit one of each Pokémon
|rule|OHKO Clause: OHKO moves are banned
|rule|Evasion Items Clause: Evasion items are banned
|rule|Evasion Moves Clause: Evasion moves are banned
|rule|Evasion Abilities Clause: Evasion abilities are banned
|rule|Sleep Moves Clause: Sleep-inducing moves are banned
|clearpoke
|poke|p1|Glimmora, F|
|poke|p1|Hatterene, F|
|poke|p1|Espeon, M|
|poke|p1|Kingambit, F|
|poke|p1|Umbreon, F|
|poke|p1|Dondozo, M|
|poke|p2|Toxapex, M|
|poke|p2|Dragapult, M|
|poke|p2|Garganacl, F|
|poke|p2|Kingambit, F|
|poke|p2|Deoxys-Speed|
|poke|p2|Raging Bolt|
|teampreview
|
|t:|1757950969
|teamsize|p1|6
|teamsize|p2|6
|start
|switch|p1a: Glimmora|Glimmora, F|100/100
|switch|p2a: Toxapex|Toxapex, M|100/100
|-item|p1a: Glimmora|Air Balloon
|turn|1
|
|t:|1757950980
|move|p1a: Glimmora|Toxic|p2a: Toxapex
|-status|p2a: Toxapex|tox
|move|p2a: Toxapex|Surf|p1a: Glimmora
|-supereffective|p1a: Glimmora
|-damage|p1a: Glimmora|56/100
|-enditem|p1a: Glimmora|Air Balloon
|
|-damage|p2a: Toxapex|94/100 tox|[from] psn
|upkeep
|turn|2
|
|t:|1757950990
|switch|p1a: Espeon|Espeon, M|100/100
|move|p2a: Toxapex|Surf|p1a: Espeon
|-damage|p1a: Espeon|77/100
|
|-damage|p2a: Toxapex|82/100 tox|[from] psn
|upkeep
|turn|3
|
|t:|1757951004
|move|p1a: Espeon|Psyshock|p2a: Toxapex
|-supereffective|p2a: Toxapex
|-damage|p2a: Toxapex|22/100 tox
|move|p2a: Toxapex|Toxic Spikes|p1a: Espeon
|move|p1a: Espeon|Toxic Spikes|p2a: Toxapex|[from] ability: Magic Bounce
|-sidestart|p2: kalit123|move: Toxic Spikes
|
|-damage|p2a: Toxapex|3/100 tox|[from] psn
|upkeep
|turn|4
|
|t:|1757951021
|switch|p1a: Hatterene|Hatterene, F|100/100
|switch|p2a: Deoxys|Deoxys-Speed|100/100
|-status|p2a: Deoxys|psn
|-ability|p2a: Deoxys|Pressure
|
|-damage|p2a: Deoxys|88/100 psn|[from] psn
|upkeep
|turn|5
|
|t:|1757951035
|-terastallize|p1a: Hatterene|Steel
|move|p2a: Deoxys|Focus Blast|p1a: Hatterene
|-supereffective|p1a: Hatterene
|-damage|p1a: Hatterene|9/100
|-damage|p2a: Deoxys|78/100 psn|[from] item: Life Orb
|move|p1a: Hatterene|Calm Mind|p1a: Hatterene
|-boost|p1a: Hatterene|spa|1
|-boost|p1a: Hatterene|spd|1
|
|-heal|p1a: Hatterene|15/100|[from] item: Leftovers
|-damage|p2a: Deoxys|66/100 psn|[from] psn
|upkeep
|turn|6
|
|t:|1757951053
|switch|p1a: Espeon|Espeon, M|77/100
|move|p2a: Deoxys|Shadow Ball|p1a: Espeon
|-supereffective|p1a: Espeon
|-damage|p1a: Espeon|4/100
|-damage|p2a: Deoxys|56/100 psn|[from] item: Life Orb
|
|-damage|p2a: Deoxys|43/100 psn|[from] psn
|upkeep
|turn|7
|
|t:|1757951066
|switch|p1a: Umbreon|Umbreon, F|100/100
|move|p2a: Deoxys|Shadow Ball|p1a: Umbreon
|-resisted|p1a: Umbreon
|-damage|p1a: Umbreon|93/100
|-damage|p2a: Deoxys|34/100 psn|[from] item: Life Orb
|
|-heal|p1a: Umbreon|99/100|[from] item: Leftovers
|-damage|p2a: Deoxys|21/100 psn|[from] psn
|upkeep
|turn|8
|
|t:|1757951077
|move|p1a: Umbreon|Protect|p1a: Umbreon
|-singleturn|p1a: Umbreon|Protect
|move|p2a: Deoxys|Psycho Boost|p1a: Umbreon
|-activate|p1a: Umbreon|move: Protect
|
|-heal|p1a: Umbreon|100/100|[from] item: Leftovers
|-damage|p2a: Deoxys|9/100 psn|[from] psn
|upkeep
|turn|9
|
|t:|1757951087
|move|p2a: Deoxys|Psycho Boost|p1a: Umbreon
|-immune|p1a: Umbreon
|move|p1a: Umbreon|Foul Play|p2a: Deoxys
|-supereffective|p2a: Deoxys
|-damage|p2a: Deoxys|0 fnt
|faint|p2a: Deoxys
|
|upkeep
|
|t:|1757951114
|switch|p2a: Garganacl|Garganacl, F|100/100
|-status|p2a: Garganacl|psn
|turn|10
|
|t:|1757951132
|move|p1a: Umbreon|Protect|p1a: Umbreon
|-singleturn|p1a: Umbreon|Protect
|move|p2a: Garganacl|Salt Cure|p1a: Umbreon
|-activate|p1a: Umbreon|move: Protect
|
|-damage|p2a: Garganacl|88/100 psn|[from] psn
|upkeep
|turn|11
|
|t:|1757951141
|switch|p1a: Espeon|Espeon, M|4/100
|move|p2a: Garganacl|Salt Cure|p1a: Espeon
|-damage|p1a: Espeon|0 fnt
|faint|p1a: Espeon
|
|-heal|p2a: Garganacl|94/100 psn|[from] item: Leftovers
|-damage|p2a: Garganacl|82/100 psn|[from] psn
|upkeep
|
|t:|1757951150
|switch|p1a: Kingambit|Kingambit, F|100/100
|-activate|p1a: Kingambit|ability: Supreme Overlord
|-start|p1a: Kingambit|fallen1|[silent]
|turn|12
|
|t:|1757951154
|move|p1a: Kingambit|Sucker Punch|p2a: Garganacl
|-damage|p2a: Garganacl|50/100 psn
|move|p2a: Garganacl|Salt Cure|p1a: Kingambit
|-resisted|p1a: Kingambit
|-damage|p1a: Kingambit|95/100
|-start|p1a: Kingambit|Salt Cure
|
|-heal|p2a: Garganacl|56/100 psn|[from] item: Leftovers
|-damage|p2a: Garganacl|44/100 psn|[from] psn
|-damage|p1a: Kingambit|70/100|[from] Salt Cure
|upkeep
|turn|13
|
|t:|1757951168
|move|p2a: Garganacl|Earthquake|p1a: Kingambit
|-supereffective|p1a: Kingambit
|-damage|p1a: Kingambit|40/100
|move|p1a: Kingambit|Iron Head|p2a: Garganacl
|-supereffective|p2a: Garganacl
|-damage|p2a: Garganacl|0 fnt
|faint|p2a: Garganacl
|
|-damage|p1a: Kingambit|15/100|[from] Salt Cure
|upkeep
|
|t:|1757951181
|switch|p2a: Toxapex|Toxapex, M|36/100 tox
|-sideend|p2: kalit123|move: Toxic Spikes|[of] p2a: Toxapex
|turn|14
|
|t:|1757951187
|-end|p1a: Kingambit|fallen1|[silent]
|switch|p1a: Hatterene|Hatterene, F, tera:Steel|15/100
|move|p2a: Toxapex|Recover|p2a: Toxapex
|-heal|p2a: Toxapex|86/100 tox
|
|-heal|p1a: Hatterene|21/100|[from] item: Leftovers
|-damage|p2a: Toxapex|80/100 tox|[from] psn
|upkeep
|turn|15
|
|t:|1757951195
|move|p2a: Toxapex|Surf|p1a: Hatterene
|-damage|p1a: Hatterene|1/100
|move|p1a: Hatterene|Trick Room|p1a: Hatterene
|-fieldstart|move: Trick Room|[of] p1a: Hatterene
|
|-heal|p1a: Hatterene|7/100|[from] item: Leftovers
|-damage|p2a: Toxapex|68/100 tox|[from] psn
|upkeep
|turn|16
|
|t:|1757951203
|move|p1a: Hatterene|Draining Kiss|p2a: Toxapex
|-resisted|p2a: Toxapex
|-damage|p2a: Toxapex|57/100 tox
|-heal|p1a: Hatterene|14/100|[from] drain|[of] p2a: Toxapex
|move|p2a: Toxapex|Surf|p1a: Hatterene
|-damage|p1a: Hatterene|0 fnt
|faint|p1a: Hatterene
|
|-damage|p2a: Toxapex|39/100 tox|[from] psn
|upkeep
|
|t:|1757951223
|switch|p1a: Umbreon|Umbreon, F|100/100
|turn|17
|
|t:|1757951227
|move|p2a: Toxapex|Toxic Spikes|p1a: Umbreon
|-sidestart|p1: StarPollution|move: Toxic Spikes
|move|p1a: Umbreon|Foul Play|p2a: Toxapex
|-damage|p2a: Toxapex|24/100 tox
|
|-damage|p2a: Toxapex|0 fnt|[from] psn
|faint|p2a: Toxapex
|upkeep
|
|t:|1757951238
|switch|p2a: Raging Bolt|Raging Bolt|100/100
|-enditem|p2a: Raging Bolt|Booster Energy
|-activate|p2a: Raging Bolt|ability: Protosynthesis|[fromitem]
|-start|p2a: Raging Bolt|protosynthesisspa
|turn|18
|
|t:|1757951247
|move|p1a: Umbreon|Toxic|p2a: Raging Bolt
|-status|p2a: Raging Bolt|tox
|move|p2a: Raging Bolt|Calm Mind|p2a: Raging Bolt
|-boost|p2a: Raging Bolt|spa|1
|-boost|p2a: Raging Bolt|spd|1
|
|-damage|p2a: Raging Bolt|94/100 tox|[from] psn
|upkeep
|turn|19
|
|t:|1757951270
|move|p1a: Umbreon|Foul Play|p2a: Raging Bolt
|-damage|p2a: Raging Bolt|77/100 tox
|move|p2a: Raging Bolt|Dragon Pulse|p1a: Umbreon
|-damage|p1a: Umbreon|47/100
|
|-heal|p1a: Umbreon|53/100|[from] item: Leftovers
|-damage|p2a: Raging Bolt|65/100 tox|[from] psn
|-fieldend|move: Trick Room
|upkeep
|turn|20
|
|t:|1757951278
|move|p1a: Umbreon|Protect|p1a: Umbreon
|-singleturn|p1a: Umbreon|Protect
|move|p2a: Raging Bolt|Dragon Pulse|p1a: Umbreon
|-activate|p1a: Umbreon|move: Protect
|
|-heal|p1a: Umbreon|59/100|[from] item: Leftovers
|-damage|p2a: Raging Bolt|46/100 tox|[from] psn
|upkeep
|turn|21
|
|t:|1757951286
|move|p2a: Raging Bolt|Dragon Pulse|p1a: Umbreon
|-damage|p1a: Umbreon|8/100
|move|p1a: Umbreon|Moonlight|p1a: Umbreon
|-heal|p1a: Umbreon|58/100
|
|-heal|p1a: Umbreon|64/100|[from] item: Leftovers
|-damage|p2a: Raging Bolt|21/100 tox|[from] psn
|upkeep
|turn|22
|
|t:|1757951294
|move|p2a: Raging Bolt|Dragon Pulse|p1a: Umbreon
|-damage|p1a: Umbreon|10/100
|move|p1a: Umbreon|Moonlight|p1a: Umbreon
|-heal|p1a: Umbreon|60/100
|
|-heal|p1a: Umbreon|66/100|[from] item: Leftovers
|-damage|p2a: Raging Bolt|0 fnt|[from] psn
|faint|p2a: Raging Bolt
|-end|p2a: Raging Bolt|Protosynthesis|[silent]
|upkeep
|
|t:|1757951305
|switch|p2a: Dragapult|Dragapult, M|100/100
|turn|23
|
|t:|1757951313
|move|p1a: Umbreon|Protect|p1a: Umbreon
|-singleturn|p1a: Umbreon|Protect
|move|p2a: Dragapult|Thunder Wave|p1a: Umbreon
|-activate|p1a: Umbreon|move: Protect
|
|-heal|p1a: Umbreon|72/100|[from] item: Leftovers
|upkeep
|turn|24
|
|t:|1757951326
|move|p2a: Dragapult|Thunder Wave|p1a: Umbreon
|-status|p1a: Umbreon|par
|move|p1a: Umbreon|Toxic|p2a: Dragapult
|-status|p2a: Dragapult|tox
|
|-heal|p1a: Umbreon|78/100 par|[from] item: Leftovers
|-damage|p2a: Dragapult|95/100 tox|[from] psn
|upkeep
|turn|25
|
|t:|1757951334
|move|p1a: Umbreon|Protect|p1a: Umbreon
|-singleturn|p1a: Umbreon|Protect
|move|p2a: Dragapult|Hex|p1a: Umbreon
|-activate|p1a: Umbreon|move: Protect
|
|-heal|p1a: Umbreon|84/100 par|[from] item: Leftovers
|-damage|p2a: Dragapult|83/100 tox|[from] psn
|upkeep
|turn|26
|
|t:|1757951344
|switch|p1a: Kingambit|Kingambit, F|15/100
|-activate|p1a: Kingambit|ability: Supreme Overlord
|-start|p1a: Kingambit|fallen2|[silent]
|move|p2a: Dragapult|Hex|p1a: Kingambit
|-resisted|p1a: Kingambit
|-damage|p1a: Kingambit|5/100
|
|-damage|p2a: Dragapult|65/100 tox|[from] psn
|upkeep
|turn|27
|
|t:|1757951353
|move|p1a: Kingambit|Sucker Punch|p2a: Dragapult
|-supereffective|p2a: Dragapult
|-damage|p2a: Dragapult|0 fnt
|faint|p2a: Dragapult
|
|upkeep
|
|t:|1757951357
|switch|p2a: Kingambit|Kingambit, F|100/100
|-activate|p2a: Kingambit|ability: Supreme Overlord
|-start|p2a: Kingambit|fallen5|[silent]
|turn|28
|
|t:|1757951369
|-terastallize|p2a: Kingambit|Flying
|move|p1a: Kingambit|Sucker Punch||[still]
|-fail|p1a: Kingambit
|move|p2a: Kingambit|Swords Dance|p2a: Kingambit
|-boost|p2a: Kingambit|atk|2
|
|upkeep
|turn|29
|
|t:|1757951376
|move|p2a: Kingambit|Sucker Punch|p1a: Kingambit
|-resisted|p1a: Kingambit
|-damage|p1a: Kingambit|0 fnt
|faint|p1a: Kingambit
|-end|p1a: Kingambit|fallen2|[silent]
|
|upkeep
|
|t:|1757951392
|switch|p1a: Glimmora|Glimmora, F|56/100
|-sideend|p1: StarPollution|move: Toxic Spikes|[of] p1a: Glimmora
|turn|30
|
|t:|1757951398
|move|p2a: Kingambit|Sucker Punch||[still]
|-fail|p2a: Kingambit
|move|p1a: Glimmora|Toxic|p2a: Kingambit
|-status|p2a: Kingambit|tox
|
|-damage|p2a: Kingambit|94/100 tox|[from] psn
|upkeep
|turn|31
|
|t:|1757951406
|move|p1a: Glimmora|Protect|p1a: Glimmora
|-singleturn|p1a: Glimmora|Protect
|move|p2a: Kingambit|Kowtow Cleave|p1a: Glimmora
|-activate|p1a: Glimmora|move: Protect
|
|-heal|p2a: Kingambit|100/100 tox|[from] item: Leftovers
|-damage|p2a: Kingambit|88/100 tox|[from] psn
|upkeep
|turn|32
|
|t:|1757951415
|move|p1a: Glimmora|Rest|p1a: Glimmora
|-status|p1a: Glimmora|slp|[from] move: Rest
|-heal|p1a: Glimmora|100/100 slp|[silent]
|move|p2a: Kingambit|Kowtow Cleave|p1a: Glimmora
|-damage|p1a: Glimmora|0 fnt
|faint|p1a: Glimmora
|
|-heal|p2a: Kingambit|94/100 tox|[from] item: Leftovers
|-damage|p2a: Kingambit|76/100 tox|[from] psn
|upkeep
|
|t:|1757951443
|switch|p1a: Dondozo|Dondozo, M|100/100
|turn|33
|
|t:|1757951468
|move|p2a: Kingambit|Kowtow Cleave|p1a: Dondozo
|-damage|p1a: Dondozo|58/100
|move|p1a: Dondozo|Avalanche|p2a: Kingambit
|-supereffective|p2a: Kingambit
|-damage|p2a: Kingambit|24/100 tox
|
|-heal|p2a: Kingambit|30/100 tox|[from] item: Leftovers
|-heal|p1a: Dondozo|64/100|[from] item: Leftovers
|-damage|p2a: Kingambit|5/100 tox|[from] psn
|upkeep
|turn|34
|
|t:|1757951477
|move|p1a: Dondozo|Protect|p1a: Dondozo
|-singleturn|p1a: Dondozo|Protect
|move|p2a: Kingambit|Iron Head|p1a: Dondozo
|-activate|p1a: Dondozo|move: Protect
|
|-heal|p2a: Kingambit|11/100 tox|[from] item: Leftovers
|-heal|p1a: Dondozo|70/100|[from] item: Leftovers
|-damage|p2a: Kingambit|0 fnt|[from] psn
|faint|p2a: Kingambit
|-end|p2a: Kingambit|fallen5|[silent]
|
|win|StarPollution
|raw|StarPollution's rating: 1126 &rarr; <strong>1154</strong><br />(+28 for winning)
|raw|kalit123's rating: 1161 &rarr; <strong>1133</strong><br />(-28 for losing)
|l|☆kalit123
|player|p2|
|c|☆StarPollution|LELELELELELE
