|j|☆i love mr craw
|j|☆magical leaves
|t:|1757822969
|gametype|singles
|player|p1|i love mr craw|crasherwake|1353
|player|p2|magical leaves|aromalady|1322
|gen|9
|tier|[Gen 9] OU
|rated|
|rule|HP Percentage Mod: HP is shown in percentages
|rule|Endless Battle Clause: Forcing endless battles is banned
|rule|Species Clause: Limit one of each Pokémon
|rule|OHKO Clause: OHKO moves are banned
|rule|Evasion Items Clause: Evasion items are banned
|rule|Evasion Moves Clause: Evasion moves are banned
|rule|Evasion Abilities Clause: Evasion abilities are banned
|rule|Sleep Moves Clause: Sleep-inducing moves are banned
|clearpoke
|poke|p1|Cinderace, F|
|poke|p1|Great Tusk|
|poke|p1|Slowking-Galar, F|
|poke|p1|Corviknight, F|
|poke|p1|Raging Bolt|
|poke|p1|Meowscarada, M|
|poke|p2|Iron Crown|
|poke|p2|Grimmsnarl, M|
|poke|p2|Kyurem|
|poke|p2|Great Tusk|
|poke|p2|Serperior, F|
|poke|p2|Primeape, M|
|teampreview
|inactive|Battle timer is ON: inactive players will automatically lose when time's up. (requested by magical leaves)
|
|t:|1757823005
|teamsize|p1|6
|teamsize|p2|6
|start
|switch|p1a: Raging Bolt|Raging Bolt|100/100
|switch|p2a: hambo|Grimmsnarl, M, shiny|100/100
|turn|1
|
|t:|1757823011
|move|p2a: hambo|Light Screen|p2a: hambo
|-sidestart|p2: magical leaves|move: Light Screen
|move|p1a: Raging Bolt|Volt Switch|p2a: hambo
|-damage|p2a: hambo|66/100
|
|t:|1757823024
|-end|p1a: Raging Bolt|Protosynthesis|[silent]
|switch|p1a: Meowscarada|Meowscarada, M|100/100|[from] Volt Switch
|
|upkeep
|turn|2
|
|t:|1757823029
|move|p1a: Meowscarada|Trick|p2a: hambo
|-start|p1a: Meowscarada|typechange|Psychic|[from] ability: Protean
|-activate|p1a: Meowscarada|move: Trick|[of] p2a: hambo
|-item|p2a: hambo|Choice Scarf|[from] move: Trick
|-item|p1a: Meowscarada|Light Clay|[from] move: Trick
|move|p2a: hambo|Spirit Break|p1a: Meowscarada
|-damage|p1a: Meowscarada|53/100
|-unboost|p1a: Meowscarada|spa|1
|
|upkeep
|turn|3
|
|t:|1757823053
|switch|p1a: Corviknight|Corviknight, F|100/100
|-ability|p1a: Corviknight|Pressure
|switch|p2a: diet coke|Primeape, M|100/100
|
|upkeep
|turn|4
|
|t:|1757823063
|switch|p2a: MCQUEEN|Iron Crown|100/100
|move|p1a: Corviknight|Iron Defense|p1a: Corviknight
|-boost|p1a: Corviknight|def|2
|
|upkeep
|turn|5
|
|t:|1757823072
|move|p2a: MCQUEEN|Agility|p2a: MCQUEEN
|-boost|p2a: MCQUEEN|spe|2
|move|p1a: Corviknight|Body Press|p2a: MCQUEEN
|-damage|p2a: MCQUEEN|50/100
|
|upkeep
|turn|6
|
|t:|1757823086
|move|p2a: MCQUEEN|Stored Power|p1a: Corviknight
|-resisted|p1a: Corviknight
|-damage|p1a: Corviknight|86/100
|move|p1a: Corviknight|Body Press|p2a: MCQUEEN
|-damage|p2a: MCQUEEN|3/100
|
|upkeep
|turn|7
|
|t:|1757823095
|move|p2a: MCQUEEN|Stored Power|p1a: Corviknight
|-resisted|p1a: Corviknight
|-damage|p1a: Corviknight|71/100
|move|p1a: Corviknight|Body Press|p2a: MCQUEEN
|-damage|p2a: MCQUEEN|0 fnt
|faint|p2a: MCQUEEN
|-end|p2a: MCQUEEN|Quark Drive|[silent]
|
|upkeep
|
|t:|1757823109
|switch|p2a: crush|Great Tusk|100/100
|turn|8
|
|t:|1757823114
|move|p2a: crush|Knock Off|p1a: Corviknight
|-damage|p1a: Corviknight|58/100
|-damage|p2a: crush|84/100|[from] item: Rocky Helmet|[of] p1a: Corviknight
|-enditem|p1a: Corviknight|Rocky Helmet|[from] move: Knock Off|[of] p2a: crush
|move|p1a: Corviknight|Roost|p1a: Corviknight
|-heal|p1a: Corviknight|100/100
|-singleturn|p1a: Corviknight|move: Roost
|
|-sideend|p2: magical leaves|move: Light Screen
|upkeep
|turn|9
|
|t:|1757823131
|move|p2a: crush|Ice Spinner|p1a: Corviknight
|-damage|p1a: Corviknight|90/100
|move|p1a: Corviknight|Iron Defense|p1a: Corviknight
|-boost|p1a: Corviknight|def|2
|
|upkeep
|turn|10
|
|t:|1757823144
|-end|p2a: crush|Protosynthesis|[silent]
|switch|p2a: twister|Serperior, F|100/100
|move|p1a: Corviknight|Iron Defense|p1a: Corviknight
|-boost|p1a: Corviknight|def|2
|
|upkeep
|turn|11
|
|t:|1757823152
|move|p2a: twister|Glare|p1a: Corviknight
|-status|p1a: Corviknight|par
|move|p1a: Corviknight|Body Press|p2a: twister
|-damage|p2a: twister|0 fnt
|faint|p2a: twister
|
|upkeep
|
|t:|1757823172
|switch|p2a: diet coke|Primeape, M|100/100
|turn|12
|
|t:|1757823194
|move|p2a: diet coke|Bulk Up|p2a: diet coke
|-boost|p2a: diet coke|atk|1
|-boost|p2a: diet coke|def|1
|cant|p1a: Corviknight|par
|
|upkeep
|turn|13
|
|t:|1757823201
|move|p2a: diet coke|Bulk Up|p2a: diet coke
|-boost|p2a: diet coke|atk|1
|-boost|p2a: diet coke|def|1
|move|p1a: Corviknight|Body Press|p2a: diet coke
|-damage|p2a: diet coke|54/100
|
|upkeep
|turn|14
|
|t:|1757823208
|move|p2a: diet coke|Drain Punch|p1a: Corviknight
|-damage|p1a: Corviknight|82/100 par
|-heal|p2a: diet coke|59/100|[from] drain|[of] p1a: Corviknight
|move|p1a: Corviknight|Body Press|p2a: diet coke
|-crit|p2a: diet coke
|-damage|p2a: diet coke|0 fnt
|faint|p2a: diet coke
|
|upkeep
|-message|magical leaves forfeited.
|
|win|i love mr craw
|raw|i love mr craw's rating: 1353 &rarr; <strong>1371</strong><br />(+18 for winning)
|raw|magical leaves's rating: 1322 &rarr; <strong>1304</strong><br />(-18 for losing)
|l|☆magical leaves
|player|p2|
|l|☆i love mr craw
|player|p1|
