|j|☆Montagesq
|j|☆gugch
|t:|1757862614
|gametype|singles
|player|p1|Montagesq|102|1134
|player|p2|gugch|falkner|1139
|gen|9
|tier|[Gen 9] OU
|rated|
|rule|HP Percentage Mod: HP is shown in percentages
|rule|Endless Battle Clause: Forcing endless battles is banned
|rule|Species Clause: Limit one of each Pokémon
|rule|OHKO Clause: OHKO moves are banned
|rule|Evasion Items Clause: Evasion items are banned
|rule|Evasion Moves Clause: Evasion moves are banned
|rule|Evasion Abilities Clause: Evasion abilities are banned
|rule|Sleep Moves Clause: Sleep-inducing moves are banned
|clearpoke
|poke|p1|Alomomola, F|
|poke|p1|Landorus-Therian, M|
|poke|p1|Gholdengo|
|poke|p1|Ting-Lu|
|poke|p1|Cinderace, F|
|poke|p1|Bellossom, F|
|poke|p2|Corviknight, M|
|poke|p2|Dragonite, M|
|poke|p2|Pelipper, F|
|poke|p2|Gliscor, M|
|poke|p2|Braviary-Hisui, M|
|poke|p2|Kilowattrel, M|
|teampreview
|inactive|Battle timer is ON: inactive players will automatically lose when time's up. (requested by gugch)
|
|t:|1757862625
|teamsize|p1|6
|teamsize|p2|6
|start
|switch|p1a: Gholdengo|Gholdengo|100/100
|switch|p2a: Pelipper|Pelipper, F|100/100
|-weather|RainDance|[from] ability: Drizzle|[of] p2a: Pelipper
|turn|1
|
|t:|1757862636
|move|p1a: Gholdengo|Trick|p2a: Pelipper
|-activate|p1a: Gholdengo|move: Trick|[of] p2a: Pelipper
|-item|p2a: Pelipper|Choice Scarf|[from] move: Trick
|-item|p1a: Gholdengo|Choice Specs|[from] move: Trick
|move|p2a: Pelipper|Hurricane|p1a: Gholdengo
|-resisted|p1a: Gholdengo
|-damage|p1a: Gholdengo|75/100
|-start|p1a: Gholdengo|confusion
|
|-weather|RainDance|[upkeep]
|upkeep
|turn|2
|
|t:|1757862650
|switch|p1a: Ting-Lu|Ting-Lu|100/100
|-ability|p1a: Ting-Lu|Vessel of Ruin
|move|p2a: Pelipper|Hurricane|p1a: Ting-Lu
|-damage|p1a: Ting-Lu|79/100
|
|-weather|RainDance|[upkeep]
|upkeep
|turn|3
|
|t:|1757862658
|switch|p2a: Kilowattrel|Kilowattrel, M, shiny|100/100
|move|p1a: Ting-Lu|Snarl|p2a: Kilowattrel
|-damage|p2a: Kilowattrel|80/100
|-unboost|p2a: Kilowattrel|spa|1
|
|-weather|RainDance|[upkeep]
|-heal|p2a: Kilowattrel|86/100|[from] item: Leftovers
|upkeep
|turn|4
|
|t:|1757862664
|move|p2a: Kilowattrel|Weather Ball|p1a: Ting-Lu
|-supereffective|p1a: Ting-Lu
|-damage|p1a: Ting-Lu|54/100
|move|p1a: Ting-Lu|Snarl|p2a: Kilowattrel
|-damage|p2a: Kilowattrel|66/100
|-unboost|p2a: Kilowattrel|spa|1
|
|-weather|RainDance|[upkeep]
|-heal|p2a: Kilowattrel|72/100|[from] item: Leftovers
|upkeep
|turn|5
|
|t:|1757862675
|switch|p2a: Pelipper|Pelipper, F|100/100
|move|p1a: Ting-Lu|Snarl|p2a: Pelipper
|-damage|p2a: Pelipper|84/100
|-unboost|p2a: Pelipper|spa|1
|
|-weather|none
|upkeep
|turn|6
|
|t:|1757862684
|switch|p2a: Dragonite|Dragonite, M|100/100
|move|p1a: Ting-Lu|Snarl|p2a: Dragonite
|-damage|p2a: Dragonite|94/100
|-unboost|p2a: Dragonite|spa|1
|
|upkeep
|turn|7
|
|t:|1757862688
|switch|p1a: Landorus|Landorus-Therian, M|100/100
|-ability|p1a: Landorus|Intimidate|boost
|-unboost|p2a: Dragonite|atk|1
|move|p2a: Dragonite|Dragon Dance|p2a: Dragonite
|-boost|p2a: Dragonite|atk|1
|-boost|p2a: Dragonite|spe|1
|
|upkeep
|turn|8
|
|t:|1757862697
|move|p2a: Dragonite|Dragon Dance|p2a: Dragonite
|-boost|p2a: Dragonite|atk|1
|-boost|p2a: Dragonite|spe|1
|move|p1a: Landorus|Stealth Rock|p2a: Dragonite
|-sidestart|p2: gugch|move: Stealth Rock
|
|upkeep
|turn|9
|
|t:|1757862706
|switch|p1a: Alomomola|Alomomola, F|100/100
|move|p2a: Dragonite|Dragon Dance|p2a: Dragonite
|-boost|p2a: Dragonite|atk|1
|-boost|p2a: Dragonite|spe|1
|
|upkeep
|turn|10
|
|t:|1757862711
|move|p2a: Dragonite|Dragon Dance|p2a: Dragonite
|-boost|p2a: Dragonite|atk|1
|-boost|p2a: Dragonite|spe|1
|move|p1a: Alomomola|Flip Turn|p2a: Dragonite
|-resisted|p2a: Dragonite
|-damage|p2a: Dragonite|85/100
|
|t:|1757862714
|switch|p1a: Landorus|Landorus-Therian, M|100/100|[from] Flip Turn
|-ability|p1a: Landorus|Intimidate|boost
|-unboost|p2a: Dragonite|atk|1
|
|upkeep
|turn|11
|
|t:|1757862719
|switch|p1a: Alomomola|Alomomola, F|100/100
|move|p2a: Dragonite|Dragon Dance|p2a: Dragonite
|-boost|p2a: Dragonite|atk|1
|-boost|p2a: Dragonite|spe|1
|
|upkeep
|turn|12
|
|t:|1757862727
|move|p2a: Dragonite|Dragon Dance|p2a: Dragonite
|-boost|p2a: Dragonite|atk|1
|-boost|p2a: Dragonite|spe|1
|move|p1a: Alomomola|Flip Turn|p2a: Dragonite
|-resisted|p2a: Dragonite
|-damage|p2a: Dragonite|75/100
|
|t:|1757862730
|switch|p1a: Landorus|Landorus-Therian, M|100/100|[from] Flip Turn
|-ability|p1a: Landorus|Intimidate|boost
|-unboost|p2a: Dragonite|atk|1
|
|upkeep
|turn|13
|
|t:|1757862735
|move|p2a: Dragonite|Extreme Speed|p1a: Landorus
|-damage|p1a: Landorus|9/100
|-damage|p2a: Dragonite|65/100|[from] item: Life Orb
|move|p1a: Landorus|U-turn|p2a: Dragonite
|-resisted|p2a: Dragonite
|-damage|p2a: Dragonite|52/100
|
|t:|1757862739
|switch|p1a: Alomomola|Alomomola, F|100/100|[from] U-turn
|
|upkeep
|turn|14
|
|t:|1757862746
|move|p2a: Dragonite|Roost|p2a: Dragonite
|-heal|p2a: Dragonite|100/100
|-singleturn|p2a: Dragonite|move: Roost
|move|p1a: Alomomola|Flip Turn|p2a: Dragonite
|-resisted|p2a: Dragonite
|-damage|p2a: Dragonite|96/100
|
|t:|1757862749
|switch|p1a: Landorus|Landorus-Therian, M|9/100|[from] Flip Turn
|-ability|p1a: Landorus|Intimidate|boost
|-unboost|p2a: Dragonite|atk|1
|
|-heal|p1a: Landorus|15/100|[from] item: Leftovers
|upkeep
|turn|15
|
|t:|1757862755
|switch|p1a: Alomomola|Alomomola, F|100/100
|move|p2a: Dragonite|Dragon Dance|p2a: Dragonite
|-boost|p2a: Dragonite|atk|1
|-boost|p2a: Dragonite|spe|0
|
|upkeep
|turn|16
|
|t:|1757862762
|move|p2a: Dragonite|Dragon Dance|p2a: Dragonite
|-boost|p2a: Dragonite|atk|1
|-boost|p2a: Dragonite|spe|0
|move|p1a: Alomomola|Icy Wind|p2a: Dragonite|[miss]
|-miss|p1a: Alomomola|p2a: Dragonite
|
|upkeep
|turn|17
|
|t:|1757862772
|move|p2a: Dragonite|Extreme Speed|p1a: Alomomola
|-damage|p1a: Alomomola|41/100
|-damage|p2a: Dragonite|80/100|[from] item: Rocky Helmet|[of] p1a: Alomomola
|-damage|p2a: Dragonite|70/100|[from] item: Life Orb
|move|p1a: Alomomola|Flip Turn|p2a: Dragonite
|-resisted|p2a: Dragonite
|-damage|p2a: Dragonite|61/100
|
|t:|1757862778
|switch|p1a: Landorus|Landorus-Therian, M|15/100|[from] Flip Turn
|-ability|p1a: Landorus|Intimidate|boost
|-unboost|p2a: Dragonite|atk|1
|
|-heal|p1a: Landorus|21/100|[from] item: Leftovers
|upkeep
|turn|18
|
|t:|1757862782
|switch|p1a: Alomomola|Alomomola, F|74/100
|move|p2a: Dragonite|Dragon Dance|p2a: Dragonite
|-boost|p2a: Dragonite|atk|1
|-boost|p2a: Dragonite|spe|0
|
|upkeep
|turn|19
|
|t:|1757862787
|move|p2a: Dragonite|Dragon Dance|p2a: Dragonite
|-boost|p2a: Dragonite|atk|1
|-boost|p2a: Dragonite|spe|0
|move|p1a: Alomomola|Flip Turn|p2a: Dragonite
|-resisted|p2a: Dragonite
|-damage|p2a: Dragonite|53/100
|
|t:|1757862789
|switch|p1a: Landorus|Landorus-Therian, M|21/100|[from] Flip Turn
|-ability|p1a: Landorus|Intimidate|boost
|-unboost|p2a: Dragonite|atk|1
|
|-heal|p1a: Landorus|27/100|[from] item: Leftovers
|upkeep
|turn|20
|
|t:|1757862794
|switch|p1a: Alomomola|Alomomola, F|100/100
|move|p2a: Dragonite|Earthquake|p1a: Alomomola
|-damage|p1a: Alomomola|17/100
|-damage|p2a: Dragonite|43/100|[from] item: Life Orb
|
|upkeep
|turn|21
|
|t:|1757862811
|switch|p1a: Gholdengo|Gholdengo|75/100
|move|p2a: Dragonite|Extreme Speed|p1a: Gholdengo
|-immune|p1a: Gholdengo
|
|upkeep
|turn|22
|
|t:|1757862821
|switch|p1a: Landorus|Landorus-Therian, M|27/100
|-ability|p1a: Landorus|Intimidate|boost
|-unboost|p2a: Dragonite|atk|1
|move|p2a: Dragonite|Earthquake|p1a: Landorus
|-immune|p1a: Landorus
|
|-heal|p1a: Landorus|33/100|[from] item: Leftovers
|upkeep
|turn|23
|
|t:|1757862832
|switch|p1a: Alomomola|Alomomola, F|50/100
|move|p2a: Dragonite|Roost|p2a: Dragonite
|-heal|p2a: Dragonite|93/100
|-singleturn|p2a: Dragonite|move: Roost
|
|upkeep
|turn|24
|
|t:|1757862841
|switch|p1a: Landorus|Landorus-Therian, M|33/100
|-ability|p1a: Landorus|Intimidate|boost
|-unboost|p2a: Dragonite|atk|1
|move|p2a: Dragonite|Dragon Dance|p2a: Dragonite
|-boost|p2a: Dragonite|atk|1
|-boost|p2a: Dragonite|spe|0
|
|-heal|p1a: Landorus|39/100|[from] item: Leftovers
|upkeep
|turn|25
|
|t:|1757862848
|switch|p1a: Alomomola|Alomomola, F|83/100
|move|p2a: Dragonite|Extreme Speed|p1a: Alomomola
|-damage|p1a: Alomomola|26/100
|-damage|p2a: Dragonite|77/100|[from] item: Rocky Helmet|[of] p1a: Alomomola
|-damage|p2a: Dragonite|67/100|[from] item: Life Orb
|
|upkeep
|turn|26
|
|t:|1757862857
|switch|p1a: Landorus|Landorus-Therian, M|39/100
|-ability|p1a: Landorus|Intimidate|boost
|-unboost|p2a: Dragonite|atk|1
|move|p2a: Dragonite|Dragon Dance|p2a: Dragonite
|-boost|p2a: Dragonite|atk|1
|-boost|p2a: Dragonite|spe|0
|
|-heal|p1a: Landorus|45/100|[from] item: Leftovers
|upkeep
|turn|27
|
|t:|1757862865
|switch|p1a: Gholdengo|Gholdengo|75/100
|move|p2a: Dragonite|Earthquake|p1a: Gholdengo
|-supereffective|p1a: Gholdengo
|-damage|p1a: Gholdengo|0 fnt
|faint|p1a: Gholdengo
|-damage|p2a: Dragonite|57/100|[from] item: Life Orb
|
|upkeep
|
|t:|1757862870
|switch|p1a: Landorus|Landorus-Therian, M|45/100
|-ability|p1a: Landorus|Intimidate|boost
|-unboost|p2a: Dragonite|atk|1
|turn|28
|
|t:|1757862878
|move|p2a: Dragonite|Roost|p2a: Dragonite
|-heal|p2a: Dragonite|100/100
|-singleturn|p2a: Dragonite|move: Roost
|move|p1a: Landorus|U-turn|p2a: Dragonite
|-damage|p2a: Dragonite|89/100
|
|t:|1757862881
|switch|p1a: Alomomola|Alomomola, F|60/100|[from] U-turn
|
|upkeep
|turn|29
|
|t:|1757862889
|switch|p1a: Bellossom|Bellossom, F|100/100
|move|p2a: Dragonite|Dragon Dance|p2a: Dragonite
|-boost|p2a: Dragonite|atk|1
|-boost|p2a: Dragonite|spe|0
|
|upkeep
|turn|30
|
|t:|1757862896
|move|p2a: Dragonite|Extreme Speed|p1a: Bellossom
|-damage|p1a: Bellossom|27/100
|-damage|p2a: Dragonite|79/100|[from] item: Life Orb
|move|p1a: Bellossom|Strength Sap|p2a: Dragonite
|-unboost|p2a: Dragonite|atk|1
|-heal|p1a: Bellossom|100/100
|
|upkeep
|turn|31
|
|t:|1757862904
|move|p2a: Dragonite|Dragon Dance|p2a: Dragonite
|-boost|p2a: Dragonite|atk|1
|-boost|p2a: Dragonite|spe|0
|move|p1a: Bellossom|Strength Sap|p2a: Dragonite
|-unboost|p2a: Dragonite|atk|1
|
|upkeep
|turn|32
|
|t:|1757862907
|move|p2a: Dragonite|Dragon Dance|p2a: Dragonite
|-boost|p2a: Dragonite|atk|1
|-boost|p2a: Dragonite|spe|0
|move|p1a: Bellossom|Strength Sap|p2a: Dragonite
|-unboost|p2a: Dragonite|atk|1
|
|upkeep
|turn|33
|
|t:|1757862921
|move|p2a: Dragonite|Earthquake|p1a: Bellossom
|-resisted|p1a: Bellossom
|-damage|p1a: Bellossom|64/100
|-damage|p2a: Dragonite|69/100|[from] item: Life Orb
|move|p1a: Bellossom|Strength Sap|p2a: Dragonite
|-unboost|p2a: Dragonite|atk|1
|-heal|p1a: Bellossom|100/100
|
|upkeep
|turn|34
|
|t:|1757862934
|switch|p2a: Corviknight|Corviknight, M, shiny|100/100
|-damage|p2a: Corviknight|88/100|[from] Stealth Rock
|move|p1a: Bellossom|Quiver Dance|p1a: Bellossom
|-boost|p1a: Bellossom|spa|1
|-boost|p1a: Bellossom|spd|1
|-boost|p1a: Bellossom|spe|1
|
|upkeep
|turn|35
|
|t:|1757862940
|move|p1a: Bellossom|Quiver Dance|p1a: Bellossom
|-boost|p1a: Bellossom|spa|1
|-boost|p1a: Bellossom|spd|1
|-boost|p1a: Bellossom|spe|1
|move|p2a: Corviknight|Iron Defense|p2a: Corviknight
|-boost|p2a: Corviknight|def|2
|
|upkeep
|turn|36
|
|t:|1757862948
|move|p1a: Bellossom|Quiver Dance|p1a: Bellossom
|-boost|p1a: Bellossom|spa|1
|-boost|p1a: Bellossom|spd|1
|-boost|p1a: Bellossom|spe|1
|move|p2a: Corviknight|Brave Bird|p1a: Bellossom
|-supereffective|p1a: Bellossom
|-damage|p1a: Bellossom|50/100
|-damage|p2a: Corviknight|73/100|[from] Recoil
|
|upkeep
|turn|37
|
|t:|1757862958
|-terastallize|p1a: Bellossom|Fire
|move|p1a: Bellossom|Tera Blast|p2a: Corviknight|[anim] Tera Blast Fire
|-supereffective|p2a: Corviknight
|-damage|p2a: Corviknight|0 fnt
|faint|p2a: Corviknight
|
|upkeep
|
|t:|1757862964
|switch|p2a: Pelipper|Pelipper, F|84/100
|-damage|p2a: Pelipper|59/100|[from] Stealth Rock
|-weather|RainDance|[from] ability: Drizzle|[of] p2a: Pelipper
|turn|38
|
|t:|1757862968
|move|p1a: Bellossom|Giga Drain|p2a: Pelipper
|-damage|p2a: Pelipper|0 fnt
|-heal|p1a: Bellossom|76/100|[from] drain|[of] p2a: Pelipper
|faint|p2a: Pelipper
|
|-weather|RainDance|[upkeep]
|upkeep
|
|t:|1757862978
|switch|p2a: Kilowattrel|Kilowattrel, M, shiny|72/100
|-damage|p2a: Kilowattrel|47/100|[from] Stealth Rock
|turn|39
|
|t:|1757862985
|move|p2a: Kilowattrel|Weather Ball|p1a: Bellossom
|-supereffective|p1a: Bellossom
|-damage|p1a: Bellossom|41/100
|move|p1a: Bellossom|Giga Drain|p2a: Kilowattrel
|-resisted|p2a: Kilowattrel
|-damage|p2a: Kilowattrel|0 fnt
|-heal|p1a: Bellossom|60/100|[from] drain|[of] p2a: Kilowattrel
|faint|p2a: Kilowattrel
|
|-weather|RainDance|[upkeep]
|upkeep
|
|t:|1757862995
|switch|p2a: Dragonite|Dragonite, M|69/100
|-damage|p2a: Dragonite|44/100|[from] Stealth Rock
|turn|40
|
|t:|1757863003
|move|p1a: Bellossom|Strength Sap|p2a: Dragonite
|-unboost|p2a: Dragonite|atk|1
|-heal|p1a: Bellossom|100/100
|move|p2a: Dragonite|Roost|p2a: Dragonite
|-heal|p2a: Dragonite|94/100
|-singleturn|p2a: Dragonite|move: Roost
|
|-weather|RainDance|[upkeep]
|upkeep
|turn|41
|
|t:|1757863009
|switch|p2a: Braviary|Braviary-Hisui, M, shiny|100/100
|-damage|p2a: Braviary|76/100|[from] Stealth Rock
|move|p1a: Bellossom|Quiver Dance|p1a: Bellossom
|-boost|p1a: Bellossom|spa|1
|-boost|p1a: Bellossom|spd|1
|-boost|p1a: Bellossom|spe|1
|
|-weather|RainDance|[upkeep]
|upkeep
|turn|42
|
|t:|1757863017
|move|p1a: Bellossom|Giga Drain|p2a: Braviary
|-resisted|p2a: Braviary
|-damage|p2a: Braviary|41/100
|move|p2a: Braviary|Hurricane|p1a: Bellossom
|-damage|p1a: Bellossom|70/100
|
|-weather|none
|upkeep
|turn|43
|-message|gugch forfeited.
|
|win|Montagesq
|raw|Montagesq's rating: 1134 &rarr; <strong>1159</strong><br />(+25 for winning)
|raw|gugch's rating: 1139 &rarr; <strong>1114</strong><br />(-25 for losing)
|l|☆gugch
|player|p2|
|l|☆Montagesq
|player|p1|
