|j|☆Methridium ❀@!
|j|☆mikhaelsunworth
|t:|1757847531
|gametype|singles
|player|p1|Methridium ❀|shauntal|1422
|player|p2|mikhaelsunworth|bruno|1417
|gen|9
|tier|[Gen 9] OU
|rated|
|rule|HP Percentage Mod: HP is shown in percentages
|rule|Endless Battle Clause: Forcing endless battles is banned
|rule|Species Clause: Limit one of each Pokémon
|rule|OHKO Clause: OHKO moves are banned
|rule|Evasion Items Clause: Evasion items are banned
|rule|Evasion Moves Clause: Evasion moves are banned
|rule|Evasion Abilities Clause: Evasion abilities are banned
|rule|Sleep Moves Clause: Sleep-inducing moves are banned
|clearpoke
|poke|p1|Magnezone|
|poke|p1|Slowking-Galar, F|
|poke|p1|Dragonite, F|
|poke|p1|Enamorus, F|
|poke|p1|Great Tusk|
|poke|p1|Samurott-Hisui, M|
|poke|p2|Pecharunt|
|poke|p2|Great Tusk|
|poke|p2|Iron Crown|
|poke|p2|Landorus-Therian, M|
|poke|p2|Samurott-Hisui, F|
|poke|p2|Ting-Lu|
|teampreview
|inactive|Battle timer is ON: inactive players will automatically lose when time's up. (requested by mikhaelsunworth)
|
|t:|1757847542
|teamsize|p1|6
|teamsize|p2|6
|start
|switch|p1a: Samurott|Samurott-Hisui, M|100/100
|switch|p2a: The Choosen One|Landorus-Therian, M|100/100
|-ability|p2a: The Choosen One|Intimidate|boost
|-unboost|p1a: Samurott|atk|1
|turn|1
|
|t:|1757847549
|move|p2a: The Choosen One|U-turn|p1a: Samurott
|-supereffective|p1a: Samurott
|-damage|p1a: Samurott|36/100
|
|t:|1757847560
|switch|p2a: The Bulldozer|Great Tusk|100/100|[from] U-turn
|move|p1a: Samurott|Razor Shell|p2a: The Bulldozer
|-supereffective|p2a: The Bulldozer
|-damage|p2a: The Bulldozer|53/100
|-unboost|p2a: The Bulldozer|def|1
|
|-heal|p2a: The Bulldozer|59/100|[from] item: Leftovers
|upkeep
|turn|2
|
|t:|1757847574
|switch|p1a: Enamorus|Enamorus, F|100/100
|move|p2a: The Bulldozer|Headlong Rush|p1a: Enamorus
|-immune|p1a: Enamorus
|
|-heal|p2a: The Bulldozer|65/100|[from] item: Leftovers
|upkeep
|turn|3
|
|t:|1757847582
|-end|p2a: The Bulldozer|Protosynthesis|[silent]
|switch|p2a: The Wall|Ting-Lu|100/100
|-ability|p2a: The Wall|Vessel of Ruin
|move|p1a: Enamorus|Moonblast|p2a: The Wall
|-supereffective|p2a: The Wall
|-damage|p2a: The Wall|50/100
|
|-heal|p2a: The Wall|57/100|[from] item: Leftovers
|upkeep
|turn|4
|
|t:|1757847593
|-terastallize|p2a: The Wall|Water
|move|p1a: Enamorus|Moonblast|p2a: The Wall
|-damage|p2a: The Wall|35/100
|move|p2a: The Wall|Stealth Rock|p1a: Enamorus
|-sidestart|p1: Methridium ❀|move: Stealth Rock
|
|-heal|p2a: The Wall|42/100|[from] item: Leftovers
|upkeep
|turn|5
|
|t:|1757847602
|switch|p1a: Magnezone|Magnezone|100/100
|-damage|p1a: Magnezone|95/100|[from] Stealth Rock
|move|p2a: The Wall|Ruination|p1a: Magnezone
|-damage|p1a: Magnezone|48/100
|
|-heal|p2a: The Wall|48/100|[from] item: Leftovers
|upkeep
|turn|6
|
|t:|1757847624
|switch|p2a: The Choosen One|Landorus-Therian, M|100/100
|-ability|p2a: The Choosen One|Intimidate|boost
|-unboost|p1a: Magnezone|atk|1
|move|p1a: Magnezone|Flash Cannon|p2a: The Choosen One
|-damage|p2a: The Choosen One|11/100
|
|upkeep
|turn|7
|
|t:|1757847632
|switch|p1a: Enamorus|Enamorus, F|100/100
|-damage|p1a: Enamorus|76/100|[from] Stealth Rock
|move|p2a: The Choosen One|U-turn|p1a: Enamorus
|-resisted|p1a: Enamorus
|-damage|p1a: Enamorus|65/100
|
|t:|1757847642
|switch|p2a: The Wall|Ting-Lu, tera:Water|48/100|[from] U-turn
|-ability|p2a: The Wall|Vessel of Ruin
|
|-heal|p2a: The Wall|54/100|[from] item: Leftovers
|upkeep
|turn|8
|
|t:|1757847648
|switch|p1a: Samurott|Samurott-Hisui, M|36/100
|-damage|p1a: Samurott|24/100|[from] Stealth Rock
|move|p2a: The Wall|Whirlwind|p1a: Samurott
|drag|p1a: Enamorus|Enamorus, F|65/100
|-damage|p1a: Enamorus|40/100|[from] Stealth Rock
|
|-heal|p2a: The Wall|60/100|[from] item: Leftovers
|upkeep
|turn|9
|
|t:|1757847658
|switch|p1a: Slowking|Slowking-Galar, F|100/100
|-damage|p1a: Slowking|88/100|[from] Stealth Rock
|move|p2a: The Wall|Whirlwind|p1a: Slowking
|drag|p1a: Samurott|Samurott-Hisui, M|24/100
|-damage|p1a: Samurott|11/100|[from] Stealth Rock
|
|-heal|p2a: The Wall|66/100|[from] item: Leftovers
|upkeep
|turn|10
|
|t:|1757847671
|switch|p2a: The Strategist|Pecharunt|100/100
|move|p1a: Samurott|Ceaseless Edge|p2a: The Strategist
|-supereffective|p2a: The Strategist
|-damage|p2a: The Strategist|51/100
|-damage|p1a: Samurott|0 fnt|[from] item: Rocky Helmet|[of] p2a: The Strategist
|faint|p1a: Samurott
|
|upkeep
|
|t:|1757847685
|switch|p1a: Great Tusk|Great Tusk|100/100
|turn|11
|
|t:|1757847693
|switch|p2a: The Choosen One|Landorus-Therian, M|11/100
|-ability|p2a: The Choosen One|Intimidate|boost
|-unboost|p1a: Great Tusk|atk|1
|move|p1a: Great Tusk|Headlong Rush|p2a: The Choosen One
|-immune|p2a: The Choosen One
|
|upkeep
|turn|12
|
|t:|1757847701
|move|p2a: The Choosen One|U-turn|p1a: Great Tusk
|-resisted|p1a: Great Tusk
|-damage|p1a: Great Tusk|90/100
|
|t:|1757847709
|switch|p2a: The Strategist|Pecharunt|51/100|[from] U-turn
|move|p1a: Great Tusk|Rapid Spin|p2a: The Strategist
|-immune|p2a: The Strategist
|
|upkeep
|turn|13
|
|t:|1757847714
|move|p1a: Great Tusk|Headlong Rush|p2a: The Strategist
|-supereffective|p2a: The Strategist
|-damage|p2a: The Strategist|10/100
|-unboost|p1a: Great Tusk|def|1
|-unboost|p1a: Great Tusk|spd|1
|-damage|p1a: Great Tusk|73/100|[from] item: Rocky Helmet|[of] p2a: The Strategist
|move|p2a: The Strategist|Recover|p2a: The Strategist
|-heal|p2a: The Strategist|60/100
|
|upkeep
|turn|14
|
|t:|1757847724
|-end|p1a: Great Tusk|Protosynthesis|[silent]
|switch|p1a: Slowking|Slowking-Galar, F|100/100
|-damage|p1a: Slowking|88/100|[from] Stealth Rock
|move|p2a: The Strategist|Recover|p2a: The Strategist
|-heal|p2a: The Strategist|100/100
|
|upkeep
|turn|15
|
|t:|1757847733
|move|p2a: The Strategist|Parting Shot|p1a: Slowking
|-unboost|p1a: Slowking|atk|1
|-unboost|p1a: Slowking|spa|1
|
|t:|1757847738
|switch|p2a: The Shotgun|Iron Crown|100/100|[from] Parting Shot
|-prepare|p1a: Slowking|Chilly Reception|[premajor]
|move|p1a: Slowking|Chilly Reception|p1a: Slowking
|-weather|Snowscape
|
|t:|1757847748
|switch|p1a: Magnezone|Magnezone|48/100|[from] Chilly Reception
|-damage|p1a: Magnezone|42/100|[from] Stealth Rock
|
|-weather|Snowscape|[upkeep]
|upkeep
|turn|16
|
|t:|1757847763
|move|p2a: The Shotgun|Volt Switch|p1a: Magnezone
|-resisted|p1a: Magnezone
|-damage|p1a: Magnezone|21/100
|
|t:|1757847771
|-end|p2a: The Shotgun|Quark Drive|[silent]
|switch|p2a: The Choosen One|Landorus-Therian, M|11/100|[from] Volt Switch
|-ability|p2a: The Choosen One|Intimidate|boost
|-unboost|p1a: Magnezone|atk|1
|move|p1a: Magnezone|Thunderbolt|p2a: The Choosen One
|-immune|p2a: The Choosen One
|
|-weather|Snowscape|[upkeep]
|upkeep
|turn|17
|
|t:|1757847782
|switch|p1a: Great Tusk|Great Tusk|73/100
|move|p2a: The Choosen One|Stone Edge|p1a: Great Tusk
|-resisted|p1a: Great Tusk
|-damage|p1a: Great Tusk|65/100
|
|-weather|Snowscape|[upkeep]
|upkeep
|turn|18
|
|t:|1757847790
|switch|p2a: The Strategist|Pecharunt|100/100
|move|p1a: Great Tusk|Headlong Rush|p2a: The Strategist
|-supereffective|p2a: The Strategist
|-damage|p2a: The Strategist|38/100
|-unboost|p1a: Great Tusk|def|1
|-unboost|p1a: Great Tusk|spd|1
|-damage|p1a: Great Tusk|49/100|[from] item: Rocky Helmet|[of] p2a: The Strategist
|
|-weather|Snowscape|[upkeep]
|upkeep
|turn|19
|
|t:|1757847794
|switch|p2a: The Choosen One|Landorus-Therian, M|11/100
|-ability|p2a: The Choosen One|Intimidate|boost
|-unboost|p1a: Great Tusk|atk|1
|move|p1a: Great Tusk|Rapid Spin|p2a: The Choosen One
|-damage|p2a: The Choosen One|0 fnt
|-boost|p1a: Great Tusk|spe|1
|-sideend|p1: Methridium ❀|Stealth Rock|[from] move: Rapid Spin|[of] p1a: Great Tusk
|faint|p2a: The Choosen One
|
|-weather|none
|upkeep
|
|t:|1757847805
|switch|p2a: The Bulldozer|Great Tusk|65/100
|turn|20
|
|t:|1757847812
|-end|p1a: Great Tusk|Protosynthesis|[silent]
|switch|p1a: Magnezone|Magnezone|21/100
|move|p2a: The Bulldozer|Rapid Spin|p1a: Magnezone
|-resisted|p1a: Magnezone
|-damage|p1a: Magnezone|14/100
|-boost|p2a: The Bulldozer|spe|1
|
|-heal|p2a: The Bulldozer|72/100|[from] item: Leftovers
|upkeep
|turn|21
|
|t:|1757847822
|move|p2a: The Bulldozer|Headlong Rush|p1a: Magnezone
|-supereffective|p1a: Magnezone
|-damage|p1a: Magnezone|0 fnt
|-unboost|p2a: The Bulldozer|def|1
|-unboost|p2a: The Bulldozer|spd|1
|faint|p1a: Magnezone
|
|-heal|p2a: The Bulldozer|78/100|[from] item: Leftovers
|upkeep
|
|t:|1757847824
|switch|p1a: Enamorus|Enamorus, F|40/100
|turn|22
|inactive|Methridium ❀ has 120 seconds left.
|
|t:|1757847858
|-end|p2a: The Bulldozer|Protosynthesis|[silent]
|switch|p2a: The Wall|Ting-Lu, tera:Water|66/100
|-ability|p2a: The Wall|Vessel of Ruin
|-terastallize|p1a: Enamorus|Stellar
|move|p1a: Enamorus|Tera Blast|p2a: The Wall|[anim] Tera Blast Stellar
|-supereffective|p2a: The Wall
|-damage|p2a: The Wall|24/100
|-boost|p1a: Enamorus|atk|1
|-boost|p1a: Enamorus|spa|1
|
|-heal|p2a: The Wall|30/100|[from] item: Leftovers
|upkeep
|turn|23
|
|t:|1757847869
|move|p1a: Enamorus|Tera Blast|p2a: The Wall|[anim] Tera Blast Stellar
|-supereffective|p2a: The Wall
|-damage|p2a: The Wall|0 fnt
|-boost|p1a: Enamorus|atk|1
|-boost|p1a: Enamorus|spa|1
|faint|p2a: The Wall
|
|upkeep
|
|t:|1757847872
|switch|p2a: The Shotgun|Iron Crown|100/100
|turn|24
|
|t:|1757847876
|move|p1a: Enamorus|Tera Blast|p2a: The Shotgun|[anim] Tera Blast Stellar
|-damage|p2a: The Shotgun|18/100
|-boost|p1a: Enamorus|atk|1
|-boost|p1a: Enamorus|spa|1
|move|p2a: The Shotgun|Tachyon Cutter|p1a: Enamorus
|-supereffective|p1a: Enamorus
|-damage|p1a: Enamorus|0 fnt
|faint|p1a: Enamorus
|-hitcount|p1: Enamorus|1
|
|upkeep
|
|t:|1757847893
|switch|p1a: Slowking|Slowking-Galar, F|100/100
|turn|25
|
|t:|1757847899
|-end|p2a: The Shotgun|Quark Drive|[silent]
|switch|p2a: The Samurai|Samurott-Hisui, F|100/100
|-prepare|p1a: Slowking|Chilly Reception|[premajor]
|move|p1a: Slowking|Chilly Reception|p1a: Slowking
|-weather|Snowscape
|
|t:|1757847906
|switch|p1a: Great Tusk|Great Tusk|49/100|[from] Chilly Reception
|
|-weather|Snowscape|[upkeep]
|upkeep
|turn|26
|
|t:|1757847918
|move|p1a: Great Tusk|Headlong Rush|p2a: The Samurai
|-damage|p2a: The Samurai|26/100
|-unboost|p1a: Great Tusk|def|1
|-unboost|p1a: Great Tusk|spd|1
|move|p2a: The Samurai|Flip Turn|p1a: Great Tusk
|-supereffective|p1a: Great Tusk
|-damage|p1a: Great Tusk|0 fnt
|faint|p1a: Great Tusk
|-end|p1a: Great Tusk|Protosynthesis|[silent]
|
|t:|1757847926
|switch|p2a: The Strategist|Pecharunt|38/100|[from] Flip Turn
|
|-weather|Snowscape|[upkeep]
|upkeep
|
|t:|1757847935
|switch|p1a: Dragonite|Dragonite, F|100/100
|turn|27
|
|t:|1757847952
|move|p1a: Dragonite|Dragon Dance|p1a: Dragonite
|-boost|p1a: Dragonite|atk|1
|-boost|p1a: Dragonite|spe|1
|move|p2a: The Strategist|Parting Shot|p1a: Dragonite
|-unboost|p1a: Dragonite|atk|1
|-unboost|p1a: Dragonite|spa|1
|
|t:|1757847960
|switch|p2a: The Bulldozer|Great Tusk|78/100|[from] Parting Shot
|
|-weather|Snowscape|[upkeep]
|-heal|p2a: The Bulldozer|84/100|[from] item: Leftovers
|upkeep
|turn|28
|inactive|Methridium ❀ has 120 seconds left.
|
|t:|1757847996
|move|p1a: Dragonite|Dragon Dance|p1a: Dragonite
|-boost|p1a: Dragonite|atk|1
|-boost|p1a: Dragonite|spe|1
|move|p2a: The Bulldozer|Ice Spinner|p1a: Dragonite
|-supereffective|p1a: Dragonite
|-damage|p1a: Dragonite|47/100
|
|-weather|Snowscape|[upkeep]
|-heal|p2a: The Bulldozer|90/100|[from] item: Leftovers
|upkeep
|turn|29
|inactive|Methridium ❀ has 120 seconds left.
|
|t:|1757848012
|move|p1a: Dragonite|Roost|p1a: Dragonite
|-heal|p1a: Dragonite|97/100
|-singleturn|p1a: Dragonite|move: Roost
|move|p2a: The Bulldozer|Ice Spinner|p1a: Dragonite
|-supereffective|p1a: Dragonite
|-damage|p1a: Dragonite|49/100
|
|-weather|none
|-heal|p2a: The Bulldozer|97/100|[from] item: Leftovers
|upkeep
|turn|30
|
|t:|1757848024
|move|p1a: Dragonite|Roost|p1a: Dragonite
|-heal|p1a: Dragonite|99/100
|-singleturn|p1a: Dragonite|move: Roost
|move|p2a: The Bulldozer|Ice Spinner|p1a: Dragonite
|-supereffective|p1a: Dragonite
|-damage|p1a: Dragonite|44/100
|
|-heal|p2a: The Bulldozer|100/100|[from] item: Leftovers
|upkeep
|turn|31
|
|t:|1757848035
|move|p1a: Dragonite|Roost|p1a: Dragonite
|-heal|p1a: Dragonite|94/100
|-singleturn|p1a: Dragonite|move: Roost
|move|p2a: The Bulldozer|Ice Spinner|p1a: Dragonite
|-supereffective|p1a: Dragonite
|-damage|p1a: Dragonite|46/100
|
|upkeep
|turn|32
|
|t:|1757848038
|move|p1a: Dragonite|Roost|p1a: Dragonite
|-heal|p1a: Dragonite|96/100
|-singleturn|p1a: Dragonite|move: Roost
|move|p2a: The Bulldozer|Ice Spinner|p1a: Dragonite
|-supereffective|p1a: Dragonite
|-damage|p1a: Dragonite|44/100
|
|upkeep
|turn|33
|
|t:|1757848040
|move|p1a: Dragonite|Roost|p1a: Dragonite
|-heal|p1a: Dragonite|94/100
|-singleturn|p1a: Dragonite|move: Roost
|move|p2a: The Bulldozer|Ice Spinner|p1a: Dragonite
|-supereffective|p1a: Dragonite
|-crit|p1a: Dragonite
|-damage|p1a: Dragonite|19/100
|
|upkeep
|turn|34
|
|t:|1757848043
|move|p1a: Dragonite|Extreme Speed|p2a: The Bulldozer
|-damage|p2a: The Bulldozer|70/100
|move|p2a: The Bulldozer|Ice Spinner|p1a: Dragonite
|-supereffective|p1a: Dragonite
|-damage|p1a: Dragonite|0 fnt
|faint|p1a: Dragonite
|
|-heal|p2a: The Bulldozer|76/100|[from] item: Leftovers
|upkeep
|-message|Methridium ❀ forfeited.
|
|win|mikhaelsunworth
|raw|Methridium ❀'s rating: 1422 &rarr; <strong>1402</strong><br />(-20 for losing)
|raw|mikhaelsunworth's rating: 1417 &rarr; <strong>1437</strong><br />(+20 for winning)
|l|☆Methridium ❀
|player|p1|
|l|☆mikhaelsunworth
|player|p2|
