|j|☆niccommoc
|j|☆A1Randy
|t:|1757896863
|gametype|singles
|player|p1|niccommoc|cyclist|1518
|player|p2|A1Randy|burglar|1567
|gen|9
|tier|[Gen 9] OU
|rated|
|rule|HP Percentage Mod: HP is shown in percentages
|rule|Endless Battle Clause: Forcing endless battles is banned
|rule|Species Clause: Limit one of each Pokémon
|rule|OHKO Clause: OHKO moves are banned
|rule|Evasion Items Clause: Evasion items are banned
|rule|Evasion Moves Clause: Evasion moves are banned
|rule|Evasion Abilities Clause: Evasion abilities are banned
|rule|Sleep Moves Clause: Sleep-inducing moves are banned
|clearpoke
|poke|p1|Avalugg, M|
|poke|p1|Slowking-Galar, F|
|poke|p1|Iron Treads|
|poke|p1|Kyurem|
|poke|p1|Enamorus, F|
|poke|p1|Iron Moth|
|poke|p2|Iron Crown|
|poke|p2|Kyurem|
|poke|p2|Dragonite, F|
|poke|p2|Kingambit, F|
|poke|p2|Iron Valiant|
|poke|p2|Hoopa-Unbound|
|teampreview
|inactive|Battle timer is ON: inactive players will automatically lose when time's up. (requested by A1Randy)
|
|t:|1757896889
|teamsize|p1|6
|teamsize|p2|6
|start
|switch|p1a: Iron Moth|Iron Moth|100/100
|switch|p2a: Dragonite|Dragonite, F|100/100
|-enditem|p1a: Iron Moth|Booster Energy
|-activate|p1a: Iron Moth|ability: Quark Drive|[fromitem]
|-start|p1a: Iron Moth|quarkdrivespe
|turn|1
|
|t:|1757896900
|-end|p1a: Iron Moth|Quark Drive|[silent]
|switch|p1a: Enamorus|Enamorus, F|100/100
|move|p2a: Dragonite|Scale Shot|p1a: Enamorus
|-immune|p1a: Enamorus
|
|upkeep
|turn|2
|
|t:|1757896912
|-terastallize|p2a: Dragonite|Normal
|move|p2a: Dragonite|Extreme Speed|p1a: Enamorus
|-damage|p1a: Enamorus|32/100
|move|p1a: Enamorus|Moonblast|p2a: Dragonite
|-damage|p2a: Dragonite|69/100
|-unboost|p2a: Dragonite|spa|1
|
|upkeep
|turn|3
|
|t:|1757896931
|switch|p1a: AvaBUM|Avalugg, M, shiny|100/100
|move|p2a: Dragonite|Extreme Speed|p1a: AvaBUM
|-damage|p1a: AvaBUM|79/100
|
|upkeep
|turn|4
|
|t:|1757896943
|switch|p2a: Iron Crown|Iron Crown|100/100
|move|p1a: AvaBUM|Earthquake|p2a: Iron Crown
|-supereffective|p2a: Iron Crown
|-damage|p2a: Iron Crown|23/100
|
|upkeep
|turn|5
|
|t:|1757896951
|switch|p1a: Slowking|Slowking-Galar, F|100/100
|move|p2a: Iron Crown|Tachyon Cutter|p1a: Slowking
|-damage|p1a: Slowking|83/100
|-damage|p1a: Slowking|68/100
|-hitcount|p1a: Slowking|2
|
|upkeep
|turn|6
|
|t:|1757896957
|move|p2a: Iron Crown|Tachyon Cutter|p1a: Slowking
|-damage|p1a: Slowking|52/100
|-damage|p1a: Slowking|38/100
|-hitcount|p1a: Slowking|2
|move|p1a: Slowking|Thunder Wave|p2a: Iron Crown
|-status|p2a: Iron Crown|par
|
|upkeep
|turn|7
|
|t:|1757896960
|move|p2a: Iron Crown|Tachyon Cutter|p1a: Slowking
|-damage|p1a: Slowking|21/100
|-damage|p1a: Slowking|5/100
|-hitcount|p1a: Slowking|2
|move|p1a: Slowking|Slack Off|p1a: Slowking
|-heal|p1a: Slowking|55/100
|
|upkeep
|turn|8
|
|t:|1757896963
|move|p2a: Iron Crown|Tachyon Cutter|p1a: Slowking
|-damage|p1a: Slowking|40/100
|-damage|p1a: Slowking|25/100
|-hitcount|p1a: Slowking|2
|move|p1a: Slowking|Slack Off|p1a: Slowking
|-heal|p1a: Slowking|76/100
|
|upkeep
|turn|9
|
|t:|1757896967
|-end|p2a: Iron Crown|Quark Drive|[silent]
|switch|p2a: Hoopa|Hoopa-Unbound|100/100
|move|p1a: Slowking|Slack Off|p1a: Slowking
|-heal|p1a: Slowking|100/100
|
|upkeep
|turn|10
|
|t:|1757896978
|move|p2a: Hoopa|Dark Pulse|p1a: Slowking
|-supereffective|p1a: Slowking
|-damage|p1a: Slowking|45/100
|move|p1a: Slowking|Thunder Wave|p2a: Hoopa
|-status|p2a: Hoopa|par
|
|upkeep
|turn|11
|
|t:|1757897007
|-terastallize|p1a: Slowking|Water
|move|p2a: Hoopa|Dark Pulse|p1a: Slowking
|-damage|p1a: Slowking|14/100
|move|p1a: Slowking|Slack Off|p1a: Slowking
|-heal|p1a: Slowking|64/100
|
|upkeep
|turn|12
|
|t:|1757897014
|move|p2a: Hoopa|Dark Pulse|p1a: Slowking
|-damage|p1a: Slowking|35/100
|-prepare|p1a: Slowking|Chilly Reception|[premajor]
|move|p1a: Slowking|Chilly Reception|p1a: Slowking
|-weather|Snowscape
|
|t:|1757897022
|switch|p1a: Iron Treads|Iron Treads|100/100|[from] Chilly Reception
|-enditem|p1a: Iron Treads|Booster Energy
|-activate|p1a: Iron Treads|ability: Quark Drive|[fromitem]
|-start|p1a: Iron Treads|quarkdriveatk
|
|-weather|Snowscape|[upkeep]
|upkeep
|turn|13
|
|t:|1757897034
|move|p1a: Iron Treads|Earthquake|p2a: Hoopa
|-damage|p2a: Hoopa|0 fnt
|faint|p2a: Hoopa
|
|-weather|Snowscape|[upkeep]
|upkeep
|
|t:|1757897040
|switch|p2a: Iron Valiant|Iron Valiant, shiny|100/100
|turn|14
|
|t:|1757897043
|-end|p1a: Iron Treads|Quark Drive|[silent]
|switch|p1a: Slowking|Slowking-Galar, F, tera:Water|68/100
|move|p2a: Iron Valiant|Vacuum Wave|p1a: Slowking
|-damage|p1a: Slowking|50/100
|-damage|p2a: Iron Valiant|91/100|[from] item: Life Orb
|
|-weather|Snowscape|[upkeep]
|upkeep
|turn|15
|
|t:|1757897051
|move|p2a: Iron Valiant|Thunderbolt|p1a: Slowking
|-supereffective|p1a: Slowking
|-damage|p1a: Slowking|4/100
|-damage|p2a: Iron Valiant|81/100|[from] item: Life Orb
|move|p1a: Slowking|Slack Off|p1a: Slowking
|-heal|p1a: Slowking|54/100
|
|-weather|Snowscape|[upkeep]
|upkeep
|turn|16
|
|t:|1757897058
|move|p2a: Iron Valiant|Knock Off|p1a: Slowking
|-crit|p1a: Slowking
|-damage|p1a: Slowking|0 fnt
|-enditem|p1a: Slowking|Icy Rock|[from] move: Knock Off|[of] p2a: Iron Valiant
|faint|p1a: Slowking
|-damage|p2a: Iron Valiant|71/100|[from] item: Life Orb
|
|-weather|Snowscape|[upkeep]
|upkeep
|
|t:|1757897068
|switch|p1a: Enamorus|Enamorus, F|32/100
|turn|17
|
|t:|1757897077
|-end|p2a: Iron Valiant|Quark Drive|[silent]
|switch|p2a: Iron Crown|Iron Crown|23/100 par
|move|p1a: Enamorus|Moonblast|p2a: Iron Crown
|-resisted|p2a: Iron Crown
|-damage|p2a: Iron Crown|0 fnt
|faint|p2a: Iron Crown
|-end|p2a: Iron Crown|Quark Drive|[silent]
|
|-weather|Snowscape|[upkeep]
|upkeep
|
|t:|1757897078
|switch|p2a: Dragonite|Dragonite, F, tera:Normal|69/100
|turn|18
|
|t:|1757897081
|switch|p1a: AvaBUM|Avalugg, M, shiny|79/100
|move|p2a: Dragonite|Extreme Speed|p1a: AvaBUM
|-damage|p1a: AvaBUM|62/100
|
|-weather|Snowscape|[upkeep]
|-heal|p1a: AvaBUM|68/100|[from] ability: Ice Body
|upkeep
|turn|19
|
|t:|1757897089
|switch|p2a: Iron Valiant|Iron Valiant, shiny|71/100
|move|p1a: AvaBUM|Earthquake|p2a: Iron Valiant
|-damage|p2a: Iron Valiant|28/100
|
|-weather|none
|upkeep
|turn|20
|
|t:|1757897111
|switch|p1a: Enamorus|Enamorus, F|32/100
|move|p2a: Iron Valiant|Moonblast|p1a: Enamorus
|-damage|p1a: Enamorus|0 fnt
|faint|p1a: Enamorus
|-damage|p2a: Iron Valiant|18/100|[from] item: Life Orb
|
|upkeep
|
|t:|1757897119
|switch|p1a: Iron Moth|Iron Moth|100/100
|turn|21
|
|t:|1757897124
|move|p1a: Iron Moth|Fiery Dance|p2a: Iron Valiant
|-damage|p2a: Iron Valiant|0 fnt
|-boost|p1a: Iron Moth|spa|1
|faint|p2a: Iron Valiant
|-end|p2a: Iron Valiant|Quark Drive|[silent]
|
|upkeep
|
|t:|1757897127
|switch|p2a: Dragonite|Dragonite, F, tera:Normal|69/100
|turn|22
|
|t:|1757897135
|move|p1a: Iron Moth|Fiery Dance|p2a: Dragonite
|-damage|p2a: Dragonite|0 fnt
|faint|p2a: Dragonite
|
|upkeep
|
|t:|1757897139
|switch|p2a: Kyurem|Kyurem|100/100
|-ability|p2a: Kyurem|Pressure
|turn|23
|
|t:|1757897142
|move|p1a: Iron Moth|Fiery Dance|p2a: Kyurem
|-damage|p2a: Kyurem|41/100
|-boost|p1a: Iron Moth|spa|1
|move|p2a: Kyurem|Dragon Dance|p2a: Kyurem
|-boost|p2a: Kyurem|atk|1
|-boost|p2a: Kyurem|spe|1
|
|upkeep
|turn|24
|
|t:|1757897146
|move|p2a: Kyurem|Scale Shot|p1a: Iron Moth
|-damage|p1a: Iron Moth|67/100
|-damage|p1a: Iron Moth|34/100
|-damage|p1a: Iron Moth|2/100
|-damage|p1a: Iron Moth|0 fnt
|faint|p1a: Iron Moth
|-end|p1a: Iron Moth|Quark Drive|[silent]
|-hitcount|p1: Iron Moth|4
|-unboost|p2a: Kyurem|def|1
|-boost|p2a: Kyurem|spe|1
|
|upkeep
|
|t:|1757897156
|switch|p1a: AvaBUM|Avalugg, M, shiny|68/100
|turn|25
|
|t:|1757897170
|move|p2a: Kyurem|Scale Shot|p1a: AvaBUM
|-damage|p1a: AvaBUM|56/100
|-damage|p1a: AvaBUM|45/100
|-damage|p1a: AvaBUM|33/100
|-damage|p1a: AvaBUM|22/100
|-damage|p1a: AvaBUM|12/100
|-hitcount|p1a: AvaBUM|5
|-unboost|p2a: Kyurem|def|1
|-boost|p2a: Kyurem|spe|1
|move|p1a: AvaBUM|Icicle Crash|p2a: Kyurem
|-damage|p2a: Kyurem|0 fnt
|faint|p2a: Kyurem
|
|upkeep
|
|t:|1757897177
|switch|p2a: Kingambit|Kingambit, F|100/100
|-activate|p2a: Kingambit|ability: Supreme Overlord
|-start|p2a: Kingambit|fallen5|[silent]
|turn|26
|
|t:|1757897180
|move|p2a: Kingambit|Kowtow Cleave|p1a: AvaBUM
|-damage|p1a: AvaBUM|0 fnt
|faint|p1a: AvaBUM
|
|upkeep
|
|t:|1757897188
|switch|p1a: Kyurem|Kyurem|100/100
|-ability|p1a: Kyurem|Pressure
|turn|27
|
|t:|1757897192
|move|p1a: Kyurem|Earth Power|p2a: Kingambit
|-supereffective|p2a: Kingambit
|-crit|p2a: Kingambit
|-damage|p2a: Kingambit|0 fnt
|faint|p2a: Kingambit
|-end|p2a: Kingambit|fallen5|[silent]
|
|win|niccommoc
|raw|niccommoc's rating: 1518 &rarr; <strong>1541</strong><br />(+23 for winning)
|raw|A1Randy's rating: 1567 &rarr; <strong>1544</strong><br />(-23 for losing)
|l|☆A1Randy
|player|p2|
|l|☆niccommoc
|player|p1|
