|badge|p1|bronze|gen9ru|100-6
|uhtml|medal-msg|<div class="broadcast-blue">Curious what those medals under the avatar are? PS now has Ladder Seasons! For more information, check out the <a href="https://www.smogon.com/forums/threads/3740067/">thread on Smogon.</a></div>
|j|‽malk tyme
|j|☆afdtv
|t:|1757938734
|gametype|singles
|player|p1|malk tyme|265|1519
|player|p2|afdtv|hilbert|1464
|gen|9
|tier|[Gen 9] OU
|rated|
|rule|HP Percentage Mod: HP is shown in percentages
|rule|Endless Battle Clause: Forcing endless battles is banned
|rule|Species Clause: Limit one of each Pokémon
|rule|OHKO Clause: OHKO moves are banned
|rule|Evasion Items Clause: Evasion items are banned
|rule|Evasion Moves Clause: Evasion moves are banned
|rule|Evasion Abilities Clause: Evasion abilities are banned
|rule|Sleep Moves Clause: Sleep-inducing moves are banned
|clearpoke
|poke|p1|Blaziken, M|
|poke|p1|Salamence, F|
|poke|p1|Dondozo, M|
|poke|p1|Meloetta|
|poke|p1|Iron Treads|
|poke|p1|Veluza, M|
|poke|p2|Great Tusk|
|poke|p2|Heatran, M|
|poke|p2|Weavile, M|
|poke|p2|Primarina, M|
|poke|p2|Ogerpon, F|
|poke|p2|Pecharunt|
|teampreview
|
|t:|1757938752
|teamsize|p1|6
|teamsize|p2|6
|start
|switch|p1a: Veluza|Veluza, M|100/100
|switch|p2a: Chaos|Heatran, M, shiny|100/100
|-item|p2a: Chaos|Air Balloon
|turn|1
|
|t:|1757938759
|switch|p2a: Overseer|Pecharunt|100/100
|move|p1a: Veluza|Aqua Cutter|p2a: Overseer
|-damage|p2a: Overseer|83/100
|
|upkeep
|turn|2
|
|t:|1757938767
|switch|p1a: Iron Treads|Iron Treads|100/100
|move|p2a: Overseer|Shadow Ball|p1a: Iron Treads
|-damage|p1a: Iron Treads|73/100
|-unboost|p1a: Iron Treads|spd|1
|
|upkeep
|turn|3
|
|t:|1757938775
|move|p1a: Iron Treads|Knock Off|p2a: Overseer
|-supereffective|p2a: Overseer
|-damage|p2a: Overseer|58/100
|-damage|p1a: Iron Treads|56/100|[from] item: Rocky Helmet|[of] p2a: Overseer
|-enditem|p2a: Overseer|Rocky Helmet|[from] move: Knock Off|[of] p1a: Iron Treads
|move|p2a: Overseer|Parting Shot|p1a: Iron Treads
|-unboost|p1a: Iron Treads|atk|1
|-unboost|p1a: Iron Treads|spa|1
|
|t:|1757938801
|switch|p2a: Chaos|Heatran, M, shiny|100/100|[from] Parting Shot
|-item|p2a: Chaos|Air Balloon
|
|upkeep
|turn|4
|
|t:|1757938862
|move|p1a: Iron Treads|Knock Off|p2a: Chaos
|-damage|p2a: Chaos|84/100
|-enditem|p2a: Chaos|Air Balloon
|move|p2a: Chaos|Earth Power|p1a: Iron Treads
|-supereffective|p1a: Iron Treads
|-damage|p1a: Iron Treads|0 fnt
|faint|p1a: Iron Treads
|-end|p1a: Iron Treads|Quark Drive|[silent]
|
|upkeep
|
|t:|1757938866
|switch|p1a: Blaziken|Blaziken, M|100/100
|turn|5
|
|t:|1757938873
|switch|p2a: Overseer|Pecharunt|58/100
|move|p1a: Blaziken|Swords Dance|p1a: Blaziken
|-boost|p1a: Blaziken|atk|2
|
|-ability|p1a: Blaziken|Speed Boost|boost
|-boost|p1a: Blaziken|spe|1
|upkeep
|turn|6
|
|t:|1757938882
|move|p1a: Blaziken|Blaze Kick|p2a: Overseer
|-damage|p2a: Overseer|4/100
|-damage|p1a: Blaziken|91/100|[from] item: Life Orb
|move|p2a: Overseer|Parting Shot|p1a: Blaziken
|-unboost|p1a: Blaziken|atk|1
|-unboost|p1a: Blaziken|spa|1
|
|t:|1757938884
|switch|p2a: Behemoth|Great Tusk, shiny|100/100|[from] Parting Shot
|
|-ability|p1a: Blaziken|Speed Boost|boost
|-boost|p1a: Blaziken|spe|1
|upkeep
|turn|7
|
|t:|1757938894
|-terastallize|p1a: Blaziken|Ice
|-terastallize|p2a: Behemoth|Ground
|move|p1a: Blaziken|Tera Blast|p2a: Behemoth|[anim] Tera Blast Ice
|-supereffective|p2a: Behemoth
|-damage|p2a: Behemoth|0 fnt
|faint|p2a: Behemoth
|-end|p2a: Behemoth|Protosynthesis|[silent]
|-damage|p1a: Blaziken|81/100|[from] item: Life Orb
|
|-ability|p1a: Blaziken|Speed Boost|boost
|-boost|p1a: Blaziken|spe|1
|upkeep
|
|t:|1757938927
|switch|p2a: Celestine|Primarina, M, shiny|100/100
|turn|8
|
|t:|1757938935
|move|p1a: Blaziken|Swords Dance|p1a: Blaziken
|-boost|p1a: Blaziken|atk|2
|move|p2a: Celestine|Moonblast|p1a: Blaziken
|-crit|p1a: Blaziken
|-damage|p1a: Blaziken|0 fnt
|faint|p1a: Blaziken
|
|upkeep
|
|t:|1757938951
|switch|p1a: Veluza|Veluza, M|100/100
|turn|9
|
|t:|1757938955
|move|p1a: Veluza|Final Gambit|p2a: Celestine
|-damage|p2a: Celestine|0 fnt
|faint|p1a: Veluza
|faint|p2a: Celestine
|
|upkeep
|
|t:|1757938963
|switch|p1a: Salamence|Salamence, F|100/100
|switch|p2a: Overseer|Pecharunt|4/100
|turn|10
|
|t:|1757938974
|move|p1a: Salamence|Earthquake|p2a: Overseer
|-supereffective|p2a: Overseer
|-damage|p2a: Overseer|0 fnt
|faint|p2a: Overseer
|-ability|p1a: Salamence|Moxie|boost
|-boost|p1a: Salamence|atk|1
|
|upkeep
|
|t:|1757938976
|switch|p2a: Bandit|Weavile, M, shiny|100/100
|-ability|p2a: Bandit|Pressure
|turn|11
|
|t:|1757938991
|switch|p1a: Dondozo|Dondozo, M|100/100
|move|p2a: Bandit|Triple Axel|p1a: Dondozo|[miss]
|-miss|p2a: Bandit|p1a: Dondozo
|
|upkeep
|turn|12
|
|t:|1757939001
|switch|p2a: Anonymous|Ogerpon, F|100/100
|move|p1a: Dondozo|Wave Crash|p2a: Anonymous
|-resisted|p2a: Anonymous
|-damage|p2a: Anonymous|74/100
|-damage|p1a: Dondozo|95/100|[from] Recoil
|
|-heal|p1a: Dondozo|100/100|[from] item: Leftovers
|upkeep
|turn|13
|inactive|Battle timer is ON: inactive players will automatically lose when time's up. (requested by afdtv)
|
|t:|1757939008
|switch|p1a: Salamence|Salamence, F|100/100
|move|p2a: Anonymous|U-turn|p1a: Salamence
|-resisted|p1a: Salamence
|-damage|p1a: Salamence|75/100
|inactive|afdtv has 120 seconds left.
|
|t:|1757939052
|switch|p2a: Bandit|Weavile, M, shiny|100/100|[from] U-turn
|-ability|p2a: Bandit|Pressure
|
|upkeep
|turn|14
|
|t:|1757939059
|move|p1a: Salamence|Outrage|p2a: Bandit
|-damage|p2a: Bandit|0 fnt
|faint|p2a: Bandit
|-ability|p1a: Salamence|Moxie|boost
|-boost|p1a: Salamence|atk|1
|
|upkeep
|
|t:|1757939076
|switch|p2a: Chaos|Heatran, M, shiny|84/100
|turn|15
|
|t:|1757939080
|move|p1a: Salamence|Outrage|p2a: Chaos|[from] lockedmove
|-resisted|p2a: Chaos
|-damage|p2a: Chaos|37/100
|-start|p1a: Salamence|confusion|[fatigue]
|move|p2a: Chaos|Magma Storm|p1a: Salamence|[miss]
|-miss|p2a: Chaos|p1a: Salamence
|
|upkeep
|turn|16
|
|t:|1757939088
|switch|p1a: Dondozo|Dondozo, M|100/100
|move|p2a: Chaos|Magma Storm|p1a: Dondozo
|-resisted|p1a: Dondozo
|-damage|p1a: Dondozo|84/100
|-activate|p1a: Dondozo|move: Magma Storm|[of] p2a: Chaos
|
|-heal|p1a: Dondozo|91/100|[from] item: Leftovers
|-damage|p1a: Dondozo|78/100|[from] move: Magma Storm|[partiallytrapped]
|upkeep
|turn|17
|
|t:|1757939091
|switch|p2a: Anonymous|Ogerpon, F|74/100
|move|p1a: Dondozo|Wave Crash|p2a: Anonymous
|-resisted|p2a: Anonymous
|-damage|p2a: Anonymous|45/100
|-damage|p1a: Dondozo|73/100|[from] Recoil
|
|-heal|p1a: Dondozo|79/100|[from] item: Leftovers
|-end|p1a: Dondozo|Magma Storm|[partiallytrapped]|[silent]
|upkeep
|turn|18
|
|t:|1757939096
|move|p2a: Anonymous|Knock Off|p1a: Dondozo
|-damage|p1a: Dondozo|48/100
|-enditem|p1a: Dondozo|Leftovers|[from] move: Knock Off|[of] p2a: Anonymous
|move|p1a: Dondozo|Wave Crash|p2a: Anonymous
|-resisted|p2a: Anonymous
|-damage|p2a: Anonymous|19/100
|-damage|p1a: Dondozo|43/100|[from] Recoil
|
|upkeep
|turn|19
|
|t:|1757939099
|move|p2a: Anonymous|Knock Off|p1a: Dondozo
|-damage|p1a: Dondozo|23/100
|move|p1a: Dondozo|Wave Crash|p2a: Anonymous
|-resisted|p2a: Anonymous
|-damage|p2a: Anonymous|0 fnt
|faint|p2a: Anonymous
|-damage|p1a: Dondozo|19/100|[from] Recoil
|
|upkeep
|-message|afdtv forfeited.
|
|win|malk tyme
|raw|malk tyme's rating: 1519 &rarr; <strong>1536</strong><br />(+17 for winning)
|raw|afdtv's rating: 1464 &rarr; <strong>1447</strong><br />(-17 for losing)
|l|☆afdtv
|player|p2|
|l|‽malk tyme
|player|p1|
