|j|☆brandy/69
|j|☆HuevozRancheroz
|t:|1757830582
|gametype|singles
|player|p1|brandy/69|cynthia-gen4|1338
|player|p2|HuevozRancheroz|rosa|1260
|gen|9
|tier|[Gen 9] OU
|rated|
|rule|HP Percentage Mod: HP is shown in percentages
|rule|Endless Battle Clause: Forcing endless battles is banned
|rule|Species Clause: Limit one of each Pokémon
|rule|OHKO Clause: OHKO moves are banned
|rule|Evasion Items Clause: Evasion items are banned
|rule|Evasion Moves Clause: Evasion moves are banned
|rule|Evasion Abilities Clause: Evasion abilities are banned
|rule|Sleep Moves Clause: Sleep-inducing moves are banned
|clearpoke
|poke|p1|Torkoal, M|
|poke|p1|Indeedee, M|
|poke|p1|Hawlucha, M|
|poke|p1|Lilligant-Hisui, F|
|poke|p1|Zapdos|
|poke|p1|Walking Wake|
|poke|p2|Pincurchin, M|
|poke|p2|Iron Moth|
|poke|p2|Iron Leaves|
|poke|p2|Weezing-Galar, F|
|poke|p2|Alomomola, F|
|poke|p2|Primarina, F|
|teampreview
|inactive|Battle timer is ON: inactive players will automatically lose when time's up. (requested by HuevozRancheroz)
|
|t:|1757830588
|teamsize|p1|6
|teamsize|p2|6
|start
|switch|p1a: Indeedee|Indeedee, M, shiny|100/100
|switch|p2a: Primarina|Primarina, F|100/100
|-fieldstart|move: Psychic Terrain|[from] ability: Psychic Surge|[of] p1a: Indeedee
|turn|1
|
|t:|1757830594
|move|p1a: Indeedee|Expanding Force|p2a: Primarina
|-damage|p2a: Primarina|50/100
|-damage|p1a: Indeedee|91/100|[from] item: Life Orb
|move|p2a: Primarina|Psychic|p1a: Indeedee
|-resisted|p1a: Indeedee
|-damage|p1a: Indeedee|59/100
|
|upkeep
|turn|2
|
|t:|1757830602
|move|p1a: Indeedee|Expanding Force|p2a: Primarina
|-damage|p2a: Primarina|0 fnt
|faint|p2a: Primarina
|-damage|p1a: Indeedee|49/100|[from] item: Life Orb
|
|upkeep
|
|t:|1757830608
|switch|p2a: Pincurchin|Pincurchin, M|100/100
|-fieldstart|move: Electric Terrain|[from] ability: Electric Surge|[of] p2a: Pincurchin
|turn|3
|
|t:|1757830616
|switch|p1a: Torkoal|Torkoal, M, shiny|100/100
|-weather|SunnyDay|[from] ability: Drought|[of] p1a: Torkoal
|switch|p2a: Iron Leaves|Iron Leaves|100/100
|-activate|p2a: Iron Leaves|ability: Quark Drive
|-start|p2a: Iron Leaves|quarkdrivespe
|
|-weather|SunnyDay|[upkeep]
|upkeep
|turn|4
|
|t:|1757830631
|-terastallize|p2a: Iron Leaves|Psychic
|move|p2a: Iron Leaves|Swords Dance|p2a: Iron Leaves
|-boost|p2a: Iron Leaves|atk|2
|move|p1a: Torkoal|Weather Ball|p2a: Iron Leaves
|-damage|p2a: Iron Leaves|54/100
|
|-weather|SunnyDay|[upkeep]
|upkeep
|turn|5
|
|t:|1757830641
|move|p2a: Iron Leaves|Psyblade|p1a: Torkoal
|-damage|p1a: Torkoal|20/100
|-heal|p2a: Iron Leaves|64/100|[from] item: Shell Bell|[of] p1a: Torkoal
|move|p1a: Torkoal|Will-O-Wisp|p2a: Iron Leaves
|-status|p2a: Iron Leaves|brn
|
|-weather|SunnyDay|[upkeep]
|-damage|p2a: Iron Leaves|58/100 brn|[from] brn
|upkeep
|turn|6
|
|t:|1757830659
|switch|p1a: Lilligant|Lilligant-Hisui, F, shiny|100/100
|move|p2a: Iron Leaves|Psyblade|p1a: Lilligant
|-supereffective|p1a: Lilligant
|-damage|p1a: Lilligant|0 fnt
|faint|p1a: Lilligant
|-heal|p2a: Iron Leaves|68/100 brn|[from] item: Shell Bell|[of] p1: Lilligant
|
|-weather|SunnyDay|[upkeep]
|-damage|p2a: Iron Leaves|62/100 brn|[from] brn
|upkeep
|
|t:|1757830665
|switch|p1a: Walking Wake|Walking Wake|100/100
|-activate|p1a: Walking Wake|ability: Protosynthesis
|-start|p1a: Walking Wake|protosynthesisspe
|turn|7
|
|t:|1757830682
|-end|p2a: Iron Leaves|Quark Drive|[silent]
|switch|p2a: Alomomola|Alomomola, F|100/100
|move|p1a: Walking Wake|Hydro Steam|p2a: Alomomola
|-resisted|p2a: Alomomola
|-damage|p2a: Alomomola|63/100
|-damage|p1a: Walking Wake|91/100|[from] item: Life Orb
|
|-weather|none
|-end|p1a: Walking Wake|Protosynthesis
|upkeep
|turn|8
|
|t:|1757830691
|move|p1a: Walking Wake|Draco Meteor|p2a: Alomomola
|-crit|p2a: Alomomola
|-damage|p2a: Alomomola|0 fnt
|-unboost|p1a: Walking Wake|spa|2
|faint|p2a: Alomomola
|-damage|p1a: Walking Wake|81/100|[from] item: Life Orb
|
|upkeep
|
|t:|1757830697
|switch|p2a: Iron Moth|Iron Moth|100/100
|-item|p2a: Iron Moth|Air Balloon
|-activate|p2a: Iron Moth|ability: Quark Drive
|-start|p2a: Iron Moth|quarkdrivespe
|turn|9
|
|t:|1757830700
|-end|p1a: Walking Wake|Protosynthesis|[silent]
|switch|p1a: Indeedee|Indeedee, M, shiny|49/100
|-fieldstart|move: Psychic Terrain|[from] ability: Psychic Surge|[of] p1a: Indeedee
|-end|p2a: Iron Moth|Quark Drive
|move|p2a: Iron Moth|Dazzling Gleam|p1a: Indeedee
|-damage|p1a: Indeedee|10/100
|
|upkeep
|turn|10
|
|t:|1757830711
|move|p2a: Iron Moth|Fiery Dance|p1a: Indeedee
|-damage|p1a: Indeedee|0 fnt
|-boost|p2a: Iron Moth|spa|1
|faint|p1a: Indeedee
|
|upkeep
|
|t:|1757830713
|switch|p1a: Hawlucha|Hawlucha, M|100/100
|-enditem|p1a: Hawlucha|Psychic Seed
|-boost|p1a: Hawlucha|spd|1|[from] item: Psychic Seed
|turn|11
|
|t:|1757830721
|move|p1a: Hawlucha|Swords Dance|p1a: Hawlucha
|-boost|p1a: Hawlucha|atk|2
|move|p2a: Iron Moth|Psychic|p1a: Hawlucha
|-supereffective|p1a: Hawlucha
|-damage|p1a: Hawlucha|0 fnt
|faint|p1a: Hawlucha
|
|upkeep
|
|t:|1757830736
|switch|p1a: Torkoal|Torkoal, M, shiny|20/100
|-weather|SunnyDay|[from] ability: Drought|[of] p1a: Torkoal
|turn|12
|
|t:|1757830747
|move|p2a: Iron Moth|Fiery Dance|p1a: Torkoal
|-resisted|p1a: Torkoal
|-damage|p1a: Torkoal|0 fnt
|faint|p1a: Torkoal
|
|-weather|SunnyDay|[upkeep]
|upkeep
|
|t:|1757830750
|switch|p1a: Walking Wake|Walking Wake|81/100
|-activate|p1a: Walking Wake|ability: Protosynthesis
|-start|p1a: Walking Wake|protosynthesisspe
|turn|13
|
|t:|1757830757
|move|p1a: Walking Wake|Hydro Steam|p2a: Iron Moth
|-supereffective|p2a: Iron Moth
|-damage|p2a: Iron Moth|0 fnt
|-enditem|p2a: Iron Moth|Air Balloon
|faint|p2a: Iron Moth
|-end|p2a: Iron Moth|Quark Drive|[silent]
|-damage|p1a: Walking Wake|71/100|[from] item: Life Orb
|
|-weather|SunnyDay|[upkeep]
|-fieldend|move: Psychic Terrain
|upkeep
|
|t:|1757830763
|switch|p2a: Pincurchin|Pincurchin, M|100/100
|-fieldstart|move: Electric Terrain|[from] ability: Electric Surge|[of] p2a: Pincurchin
|turn|14
|
|t:|1757830779
|-terastallize|p1a: Walking Wake|Water
|move|p1a: Walking Wake|Hydro Steam|p2a: Pincurchin
|-damage|p2a: Pincurchin|0 fnt
|faint|p2a: Pincurchin
|-damage|p1a: Walking Wake|61/100|[from] item: Life Orb
|
|-weather|SunnyDay|[upkeep]
|upkeep
|
|t:|1757830787
|switch|p2a: Iron Leaves|Iron Leaves, tera:Psychic|62/100 brn
|-activate|p2a: Iron Leaves|ability: Quark Drive
|-start|p2a: Iron Leaves|quarkdrivespe
|turn|15
|
|t:|1757830794
|move|p1a: Walking Wake|Hydro Steam|p2a: Iron Leaves
|-damage|p2a: Iron Leaves|0 fnt
|faint|p2a: Iron Leaves
|-end|p2a: Iron Leaves|Quark Drive|[silent]
|-damage|p1a: Walking Wake|51/100|[from] item: Life Orb
|
|-weather|SunnyDay|[upkeep]
|upkeep
|
|t:|1757830796
|switch|p2a: Weezing|Weezing-Galar, F|100/100
|turn|16
|
|t:|1757830806
|move|p1a: Walking Wake|Hydro Steam|p2a: Weezing
|-damage|p2a: Weezing|0 fnt
|faint|p2a: Weezing
|-damage|p1a: Walking Wake|41/100|[from] item: Life Orb
|
|win|brandy/69
|raw|brandy&#x2f;69's rating: 1338 &rarr; <strong>1354</strong><br />(+16 for winning)
|raw|HuevozRancheroz's rating: 1260 &rarr; <strong>1241</strong><br />(-19 for losing)
|l|☆HuevozRancheroz
|player|p2|
|l|☆brandy/69
|player|p1|
