|j|☆homeblander_ass
|j|☆kpo2022
|t:|1757912851
|gametype|singles
|player|p1|homeblander_ass|170|1113
|player|p2|kpo2022|265|1111
|gen|9
|tier|[Gen 9] OU
|rated|
|rule|HP Percentage Mod: HP is shown in percentages
|rule|Endless Battle Clause: Forcing endless battles is banned
|rule|Species Clause: Limit one of each Pokémon
|rule|OHKO Clause: OHKO moves are banned
|rule|Evasion Items Clause: Evasion items are banned
|rule|Evasion Moves Clause: Evasion moves are banned
|rule|Evasion Abilities Clause: Evasion abilities are banned
|rule|Sleep Moves Clause: Sleep-inducing moves are banned
|clearpoke
|poke|p1|Scizor, F|
|poke|p1|Dragonite, F|
|poke|p1|Kyurem|
|poke|p1|Weavile, M|
|poke|p1|Cinderace, F|
|poke|p1|Glimmora, M|
|poke|p2|Pelipper, F|
|poke|p2|Overqwil, F|
|poke|p2|Azumarill, M|
|poke|p2|Basculegion, M|
|poke|p2|Greninja-*, M|
|poke|p2|Landorus-Therian, M|
|teampreview
|inactive|Battle timer is ON: inactive players will automatically lose when time's up. (requested by kpo2022)
|
|t:|1757912856
|teamsize|p1|6
|teamsize|p2|6
|start
|switch|p1a: Glimmora|Glimmora, M|100/100
|switch|p2a: Pelipper|Pelipper, F|100/100
|-item|p1a: Glimmora|Air Balloon
|-weather|RainDance|[from] ability: Drizzle|[of] p2a: Pelipper
|turn|1
|
|t:|1757912866
|move|p1a: Glimmora|Stealth Rock|p2a: Pelipper
|-sidestart|p2: kpo2022|move: Stealth Rock
|move|p2a: Pelipper|Weather Ball|p1a: Glimmora
|-supereffective|p1a: Glimmora
|-damage|p1a: Glimmora|0 fnt
|-enditem|p1a: Glimmora|Air Balloon
|faint|p1a: Glimmora
|
|-weather|RainDance|[upkeep]
|upkeep
|
|t:|1757912874
|switch|p1a: Kyurem|Kyurem|100/100
|-ability|p1a: Kyurem|Pressure
|turn|2
|
|t:|1757912879
|switch|p2a: Azumarill|Azumarill, M|100/100
|-damage|p2a: Azumarill|88/100|[from] Stealth Rock
|move|p1a: Kyurem|Freeze-Dry|p2a: Azumarill
|-supereffective|p2a: Azumarill
|-damage|p2a: Azumarill|15/100
|
|-weather|RainDance|[upkeep]
|upkeep
|turn|3
|inactive|homeblander_ass has 120 seconds left.
|
|t:|1757912911
|move|p1a: Kyurem|Freeze-Dry|p2a: Azumarill
|-supereffective|p2a: Azumarill
|-damage|p2a: Azumarill|0 fnt
|faint|p2a: Azumarill
|
|-weather|RainDance|[upkeep]
|upkeep
|
|t:|1757912923
|switch|p2a: Basculegion|Basculegion, M|100/100
|-damage|p2a: Basculegion|88/100|[from] Stealth Rock
|turn|4
|
|t:|1757912934
|move|p1a: Kyurem|Freeze-Dry|p2a: Basculegion
|-supereffective|p2a: Basculegion
|-damage|p2a: Basculegion|23/100
|move|p2a: Basculegion|Wave Crash|p1a: Kyurem
|-resisted|p1a: Kyurem
|-damage|p1a: Kyurem|15/100
|-damage|p2a: Basculegion|0 fnt|[from] Recoil
|faint|p2a: Basculegion
|
|-weather|RainDance|[upkeep]
|upkeep
|
|t:|1757912946
|switch|p2a: Greninja|Greninja, M|100/100
|-damage|p2a: Greninja|88/100|[from] Stealth Rock
|turn|5
|
|t:|1757912955
|-terastallize|p2a: Greninja|Water
|move|p2a: Greninja|Dark Pulse|p1a: Kyurem
|-damage|p1a: Kyurem|0 fnt
|faint|p1a: Kyurem
|-ability|p2a: Greninja|Battle Bond|boost
|-boost|p2a: Greninja|atk|1
|-boost|p2a: Greninja|spa|1
|-boost|p2a: Greninja|spe|1
|-activate|p2a: Greninja|ability: Battle Bond
|-damage|p2a: Greninja|78/100|[from] item: Life Orb
|
|-weather|RainDance|[upkeep]
|upkeep
|inactive|homeblander_ass has 120 seconds left.
|c|☆homeblander_ass|புரிந்து கொண்டேன்
|
|t:|1757913002
|switch|p1a: Weavile|Weavile, M|100/100
|turn|6
|
|t:|1757913029
|move|p2a: Greninja|Water Shuriken|p1a: Weavile
|-crit|p1a: Weavile
|-damage|p1a: Weavile|46/100
|-damage|p1a: Weavile|7/100
|-damage|p1a: Weavile|0 fnt
|faint|p1a: Weavile
|-hitcount|p1: Weavile|3
|-damage|p2a: Greninja|69/100|[from] item: Life Orb
|
|-weather|RainDance|[upkeep]
|upkeep
|
|t:|1757913045
|switch|p1a: Scizor|Scizor, F|100/100
|turn|7
|
|t:|1757913055
|move|p2a: Greninja|Water Shuriken|p1a: Scizor
|-damage|p1a: Scizor|63/100
|-damage|p1a: Scizor|25/100
|-hitcount|p1a: Scizor|2
|-damage|p2a: Greninja|59/100|[from] item: Life Orb
|move|p1a: Scizor|Trailblaze|p2a: Greninja
|-supereffective|p2a: Greninja
|-damage|p2a: Greninja|0 fnt
|-boost|p1a: Scizor|spe|1
|faint|p2a: Greninja
|-damage|p1a: Scizor|15/100|[from] item: Life Orb
|
|-weather|RainDance|[upkeep]
|upkeep
|inactive|kpo2022 has 120 seconds left.
|
|t:|1757913081
|switch|p2a: Overqwil|Overqwil, F|100/100
|-damage|p2a: Overqwil|88/100|[from] Stealth Rock
|turn|8
|
|t:|1757913105
|move|p1a: Scizor|Bullet Punch|p2a: Overqwil
|-damage|p2a: Overqwil|43/100
|-damage|p1a: Scizor|5/100|[from] item: Life Orb
|move|p2a: Overqwil|Waterfall|p1a: Scizor
|-damage|p1a: Scizor|0 fnt
|faint|p1a: Scizor
|
|-weather|none
|upkeep
|inactive|homeblander_ass has 90 seconds left.
|
|t:|1757913116
|switch|p1a: Cinderace|Cinderace, F|100/100
|turn|9
|
|t:|1757913122
|move|p1a: Cinderace|High Jump Kick|p2a: Overqwil
|-start|p1a: Cinderace|typechange|Fighting|[from] ability: Libero
|-damage|p2a: Overqwil|0 fnt
|faint|p2a: Overqwil
|
|upkeep
|
|t:|1757913127
|switch|p2a: Pelipper|Pelipper, F|100/100
|-damage|p2a: Pelipper|75/100|[from] Stealth Rock
|-weather|RainDance|[from] ability: Drizzle|[of] p2a: Pelipper
|turn|10
|inactive|homeblander_ass has 90 seconds left.
|
|t:|1757913151
|move|p1a: Cinderace|Gunk Shot|p2a: Pelipper
|-damage|p2a: Pelipper|33/100
|-status|p2a: Pelipper|psn
|move|p2a: Pelipper|Ice Beam|p1a: Cinderace
|-damage|p1a: Cinderace|61/100
|
|-weather|RainDance|[upkeep]
|-damage|p2a: Pelipper|21/100 psn|[from] psn
|upkeep
|turn|11
|
|t:|1757913161
|switch|p2a: Landorus|Landorus-Therian, M|100/100
|-damage|p2a: Landorus|88/100|[from] Stealth Rock
|-ability|p2a: Landorus|Intimidate|boost
|-unboost|p1a: Cinderace|atk|1
|move|p1a: Cinderace|Gunk Shot|p2a: Landorus
|-resisted|p2a: Landorus
|-damage|p2a: Landorus|79/100
|
|-weather|RainDance|[upkeep]
|upkeep
|turn|12
|
|t:|1757913173
|move|p1a: Cinderace|Pyro Ball|p2a: Landorus
|-damage|p2a: Landorus|71/100
|move|p2a: Landorus|U-turn|p1a: Cinderace
|-resisted|p1a: Cinderace
|-damage|p1a: Cinderace|46/100
|
|t:|1757913179
|switch|p2a: Pelipper|Pelipper, F|21/100 psn|[from] U-turn
|-damage|p2a: Pelipper|0 fnt|[from] Stealth Rock
|faint|p2a: Pelipper
|
|-weather|RainDance|[upkeep]
|upkeep
|
|t:|1757913181
|switch|p2a: Landorus|Landorus-Therian, M|71/100
|-damage|p2a: Landorus|58/100|[from] Stealth Rock
|-ability|p2a: Landorus|Intimidate|boost
|-unboost|p1a: Cinderace|atk|1
|turn|13
|
|t:|1757913200
|move|p1a: Cinderace|Sucker Punch|p2a: Landorus
|-damage|p2a: Landorus|51/100
|-damage|p1a: Cinderace|29/100|[from] item: Rocky Helmet|[of] p2a: Landorus
|move|p2a: Landorus|Earthquake|p1a: Cinderace
|-damage|p1a: Cinderace|0 fnt
|faint|p1a: Cinderace
|
|-weather|RainDance|[upkeep]
|upkeep
|
|t:|1757913208
|switch|p1a: Dragonite|Dragonite, F|100/100
|turn|14
|
|t:|1757913219
|move|p2a: Landorus|U-turn|p1a: Dragonite
|-resisted|p1a: Dragonite
|-damage|p1a: Dragonite|96/100
|move|p1a: Dragonite|Ice Spinner|p2a: Landorus
|-supereffective|p2a: Landorus
|-damage|p2a: Landorus|0 fnt
|-damage|p1a: Dragonite|80/100|[from] item: Rocky Helmet|[of] p2a: Landorus
|faint|p2a: Landorus
|
|win|homeblander_ass
|raw|homeblander_ass's rating: 1113 &rarr; <strong>1138</strong><br />(+25 for winning)
|raw|kpo2022's rating: 1111 &rarr; <strong>1086</strong><br />(-25 for losing)
|l|☆kpo2022
|player|p2|
|l|☆homeblander_ass
|player|p1|
