|j|☆SapphireRedux
|j|☆RainingFlamigos
|t:|1757816860
|gametype|singles
|player|p1|SapphireRedux|lacey|1525
|player|p2|RainingFlamigos|blue|1500
|gen|9
|tier|[Gen 9] OU
|rated|
|rule|HP Percentage Mod: HP is shown in percentages
|rule|Endless Battle Clause: Forcing endless battles is banned
|rule|Species Clause: Limit one of each Pokémon
|rule|OHKO Clause: OHKO moves are banned
|rule|Evasion Items Clause: Evasion items are banned
|rule|Evasion Moves Clause: Evasion moves are banned
|rule|Evasion Abilities Clause: Evasion abilities are banned
|rule|Sleep Moves Clause: Sleep-inducing moves are banned
|clearpoke
|poke|p1|Zamazenta-*|
|poke|p1|Ninetales-Alola, F|
|poke|p1|Darkrai|
|poke|p1|Ceruledge, M|
|poke|p1|Empoleon, F|
|poke|p1|Hatterene, F|
|poke|p2|Flamigo, M|
|poke|p2|Garganacl, F|
|poke|p2|Slowking-Galar, M|
|poke|p2|Great Tusk|
|poke|p2|Zapdos|
|poke|p2|Kingambit, M|
|teampreview
|inactive|Battle timer is ON: inactive players will automatically lose when time's up. (requested by RainingFlamigos)
|inactive|SapphireRedux also wants the timer to be on.
|c|☆RainingFlamigos|Hf
|c|☆SapphireRedux|u2
|inactive|SapphireRedux has 120 seconds left.
|
|t:|1757816895
|teamsize|p1|6
|teamsize|p2|6
|start
|switch|p1a: Ninetales|Ninetales-Alola, F|100/100
|switch|p2a: Slowking|Slowking-Galar, M|100/100
|-weather|Snowscape|[from] ability: Snow Warning|[of] p1a: Ninetales
|turn|1
|
|t:|1757816902
|move|p1a: Ninetales|Aurora Veil|p1a: Ninetales
|-sidestart|p1: SapphireRedux|move: Aurora Veil
|move|p2a: Slowking|Toxic|p1a: Ninetales
|-status|p1a: Ninetales|tox
|
|-weather|Snowscape|[upkeep]
|-damage|p1a: Ninetales|94/100 tox|[from] psn
|upkeep
|turn|2
|
|t:|1757816907
|switch|p2a: Garganacl|Garganacl, F|100/100
|move|p1a: Ninetales|Encore||[still]
|-fail|p1a: Ninetales
|
|-weather|Snowscape|[upkeep]
|-damage|p1a: Ninetales|82/100 tox|[from] psn
|upkeep
|turn|3
|
|t:|1757816912
|switch|p1a: Ceruledge|Ceruledge, M|100/100
|move|p2a: Garganacl|Stealth Rock|p1a: Ceruledge
|-sidestart|p1: SapphireRedux|move: Stealth Rock
|
|-weather|Snowscape|[upkeep]
|upkeep
|turn|4
|
|t:|1757816914
|move|p1a: Ceruledge|Taunt|p2a: Garganacl
|-start|p2a: Garganacl|move: Taunt
|move|p2a: Garganacl|Salt Cure|p1a: Ceruledge
|-supereffective|p1a: Ceruledge
|-damage|p1a: Ceruledge|84/100
|
|-weather|Snowscape|[upkeep]
|upkeep
|turn|5
|
|t:|1757816925
|switch|p2a: Zapdos|Zapdos|100/100
|move|p1a: Ceruledge|Bulk Up|p1a: Ceruledge
|-boost|p1a: Ceruledge|atk|1
|-boost|p1a: Ceruledge|def|1
|
|-weather|none
|upkeep
|turn|6
|
|t:|1757816939
|move|p2a: Zapdos|Discharge|p1a: Ceruledge
|-damage|p1a: Ceruledge|70/100
|move|p1a: Ceruledge|Bulk Up|p1a: Ceruledge
|-boost|p1a: Ceruledge|atk|1
|-boost|p1a: Ceruledge|def|1
|
|upkeep
|turn|7
|
|t:|1757816943
|move|p2a: Zapdos|Discharge|p1a: Ceruledge
|-damage|p1a: Ceruledge|57/100
|move|p1a: Ceruledge|Bitter Blade|p2a: Zapdos
|-damage|p2a: Zapdos|49/100
|-heal|p1a: Ceruledge|85/100|[from] drain|[of] p2a: Zapdos
|-status|p1a: Ceruledge|par|[from] ability: Static|[of] p2a: Zapdos
|
|upkeep
|turn|8
|
|t:|1757816951
|move|p2a: Zapdos|Hurricane|p1a: Ceruledge
|-damage|p1a: Ceruledge|68/100 par
|move|p1a: Ceruledge|Bitter Blade|p2a: Zapdos
|-crit|p2a: Zapdos
|-damage|p2a: Zapdos|0 fnt
|-heal|p1a: Ceruledge|95/100 par|[from] drain|[of] p2a: Zapdos
|faint|p2a: Zapdos
|
|-sideend|p1: SapphireRedux|move: Aurora Veil
|upkeep
|
|t:|1757816959
|switch|p2a: Great Tusk|Great Tusk|100/100
|turn|9
|
|t:|1757816964
|move|p2a: Great Tusk|Knock Off|p1a: Ceruledge
|-supereffective|p1a: Ceruledge
|-damage|p1a: Ceruledge|61/100 par
|-enditem|p1a: Ceruledge|Covert Cloak|[from] move: Knock Off|[of] p2a: Great Tusk
|move|p1a: Ceruledge|Bitter Blade|p2a: Great Tusk
|-damage|p2a: Great Tusk|48/100
|-heal|p1a: Ceruledge|88/100 par|[from] drain|[of] p2a: Great Tusk
|
|upkeep
|turn|10
|
|t:|1757816969
|-end|p2a: Great Tusk|Protosynthesis|[silent]
|switch|p2a: Garganacl|Garganacl, F|100/100
|cant|p1a: Ceruledge|par
|
|upkeep
|turn|11
|
|t:|1757816976
|move|p1a: Ceruledge|Taunt|p2a: Garganacl
|-start|p2a: Garganacl|move: Taunt
|move|p2a: Garganacl|Salt Cure|p1a: Ceruledge
|-supereffective|p1a: Ceruledge
|-damage|p1a: Ceruledge|73/100 par
|-start|p1a: Ceruledge|Salt Cure
|
|-damage|p1a: Ceruledge|60/100 par|[from] Salt Cure
|upkeep
|turn|12
|
|t:|1757816981
|move|p1a: Ceruledge|Bulk Up|p1a: Ceruledge
|-boost|p1a: Ceruledge|atk|1
|-boost|p1a: Ceruledge|def|1
|move|p2a: Garganacl|Salt Cure|p1a: Ceruledge
|-supereffective|p1a: Ceruledge
|-damage|p1a: Ceruledge|48/100 par
|
|-damage|p1a: Ceruledge|36/100 par|[from] Salt Cure
|upkeep
|turn|13
|
|t:|1757816984
|cant|p1a: Ceruledge|par
|move|p2a: Garganacl|Salt Cure|p1a: Ceruledge
|-supereffective|p1a: Ceruledge
|-damage|p1a: Ceruledge|24/100 par
|
|-damage|p1a: Ceruledge|12/100 par|[from] Salt Cure
|-end|p2a: Garganacl|move: Taunt
|upkeep
|turn|14
|
|t:|1757816987
|move|p2a: Garganacl|Protect|p2a: Garganacl
|-singleturn|p2a: Garganacl|Protect
|cant|p1a: Ceruledge|par
|
|-damage|p1a: Ceruledge|0 fnt|[from] Salt Cure
|faint|p1a: Ceruledge
|upkeep
|
|t:|1757816994
|switch|p1a: Ninetales|Ninetales-Alola, F|82/100 tox
|-damage|p1a: Ninetales|58/100 tox|[from] Stealth Rock
|-weather|Snowscape|[from] ability: Snow Warning|[of] p1a: Ninetales
|turn|15
|
|t:|1757816999
|move|p1a: Ninetales|Encore|p2a: Garganacl
|-start|p2a: Garganacl|Encore
|move|p2a: Garganacl|Protect||[still]
|-fail|p2a: Garganacl
|
|-weather|Snowscape|[upkeep]
|-damage|p1a: Ninetales|52/100 tox|[from] psn
|upkeep
|turn|16
|
|t:|1757817003
|switch|p2a: Slowking|Slowking-Galar, M|100/100
|move|p1a: Ninetales|Aurora Veil|p1a: Ninetales
|-sidestart|p1: SapphireRedux|move: Aurora Veil
|
|-weather|Snowscape|[upkeep]
|-damage|p1a: Ninetales|39/100 tox|[from] psn
|upkeep
|turn|17
|
|t:|1757817008
|switch|p1a: Hatterene|Hatterene, F|100/100
|-damage|p1a: Hatterene|88/100|[from] Stealth Rock
|move|p2a: Slowking|Future Sight|p1a: Hatterene
|-start|p2a: Slowking|move: Future Sight
|
|-weather|Snowscape|[upkeep]
|-heal|p1a: Hatterene|94/100|[from] item: Leftovers
|upkeep
|turn|18
|
|t:|1757817013
|move|p1a: Hatterene|Calm Mind|p1a: Hatterene
|-boost|p1a: Hatterene|spa|1
|-boost|p1a: Hatterene|spd|1
|-prepare|p2a: Slowking|Chilly Reception|[premajor]
|move|p2a: Slowking|Chilly Reception|p2a: Slowking
|
|t:|1757817015
|switch|p2a: Kingambit|Kingambit, M|100/100|[from] Chilly Reception
|-activate|p2a: Kingambit|ability: Supreme Overlord
|-start|p2a: Kingambit|fallen1|[silent]
|
|-weather|Snowscape|[upkeep]
|-heal|p1a: Hatterene|99/100|[from] item: Leftovers
|upkeep
|turn|19
|
|t:|1757817019
|move|p2a: Kingambit|Iron Head|p1a: Hatterene
|-supereffective|p1a: Hatterene
|-damage|p1a: Hatterene|56/100
|cant|p1a: Hatterene|flinch
|
|-weather|none
|-end|p1a: Hatterene|move: Future Sight
|-resisted|p1a: Hatterene
|-damage|p1a: Hatterene|48/100
|-heal|p1a: Hatterene|54/100|[from] item: Leftovers
|upkeep
|turn|20
|
|t:|1757817031
|move|p2a: Kingambit|Iron Head|p1a: Hatterene
|-supereffective|p1a: Hatterene
|-damage|p1a: Hatterene|8/100
|move|p1a: Hatterene|Mystical Fire|p2a: Kingambit
|-supereffective|p2a: Kingambit
|-damage|p2a: Kingambit|26/100
|-unboost|p2a: Kingambit|spa|1
|
|-heal|p2a: Kingambit|32/100|[from] item: Leftovers
|-heal|p1a: Hatterene|14/100|[from] item: Leftovers
|upkeep
|turn|21
|
|t:|1757817038
|move|p2a: Kingambit|Iron Head|p1a: Hatterene
|-supereffective|p1a: Hatterene
|-damage|p1a: Hatterene|0 fnt
|faint|p1a: Hatterene
|
|-heal|p2a: Kingambit|38/100|[from] item: Leftovers
|upkeep
|
|t:|1757817042
|switch|p1a: Empoleon|Empoleon, F|100/100
|-damage|p1a: Empoleon|94/100|[from] Stealth Rock
|turn|22
|
|t:|1757817051
|move|p1a: Empoleon|Agility|p1a: Empoleon
|-boost|p1a: Empoleon|spe|2
|move|p2a: Kingambit|Kowtow Cleave|p1a: Empoleon
|-damage|p1a: Empoleon|62/100
|
|-heal|p2a: Kingambit|44/100|[from] item: Leftovers
|upkeep
|turn|23
|
|t:|1757817054
|move|p1a: Empoleon|Swords Dance|p1a: Empoleon
|-boost|p1a: Empoleon|atk|2
|move|p2a: Kingambit|Kowtow Cleave|p1a: Empoleon
|-damage|p1a: Empoleon|27/100
|
|-heal|p2a: Kingambit|50/100|[from] item: Leftovers
|-sideend|p1: SapphireRedux|move: Aurora Veil
|upkeep
|turn|24
|
|t:|1757817062
|move|p2a: Kingambit|Sucker Punch|p1a: Empoleon
|-damage|p1a: Empoleon|0 fnt
|faint|p1a: Empoleon
|
|-heal|p2a: Kingambit|56/100|[from] item: Leftovers
|upkeep
|
|t:|1757817064
|switch|p1a: Ninetales|Ninetales-Alola, F|39/100 tox
|-damage|p1a: Ninetales|15/100 tox|[from] Stealth Rock
|-weather|Snowscape|[from] ability: Snow Warning|[of] p1a: Ninetales
|turn|25
|
|t:|1757817073
|move|p1a: Ninetales|Encore|p2a: Kingambit
|-start|p2a: Kingambit|Encore
|move|p2a: Kingambit|Sucker Punch||[still]
|-fail|p2a: Kingambit
|
|-weather|Snowscape|[upkeep]
|-heal|p2a: Kingambit|62/100|[from] item: Leftovers
|-damage|p1a: Ninetales|9/100 tox|[from] psn
|upkeep
|turn|26
|
|t:|1757817090
|-end|p2a: Kingambit|fallen1|[silent]
|switch|p2a: Slowking|Slowking-Galar, M|100/100
|move|p1a: Ninetales|Aurora Veil|p1a: Ninetales
|-sidestart|p1: SapphireRedux|move: Aurora Veil
|
|-weather|Snowscape|[upkeep]
|-damage|p1a: Ninetales|0 fnt|[from] psn
|faint|p1a: Ninetales
|upkeep
|
|t:|1757817096
|switch|p1a: Darkrai|Darkrai|100/100
|-damage|p1a: Darkrai|88/100|[from] Stealth Rock
|turn|27
|
|t:|1757817102
|move|p1a: Darkrai|Nasty Plot|p1a: Darkrai
|-boost|p1a: Darkrai|spa|2
|move|p2a: Slowking|Toxic|p1a: Darkrai
|-status|p1a: Darkrai|tox
|
|-weather|Snowscape|[upkeep]
|-heal|p1a: Darkrai|94/100 tox|[from] item: Leftovers
|-damage|p1a: Darkrai|88/100 tox|[from] psn
|upkeep
|turn|28
|
|t:|1757817108
|switch|p2a: Great Tusk|Great Tusk|48/100
|move|p1a: Darkrai|Dark Pulse|p2a: Great Tusk
|-resisted|p2a: Great Tusk
|-damage|p2a: Great Tusk|0 fnt
|faint|p2a: Great Tusk
|-end|p2a: Great Tusk|Protosynthesis|[silent]
|
|-weather|Snowscape|[upkeep]
|-heal|p1a: Darkrai|94/100 tox|[from] item: Leftovers
|-damage|p1a: Darkrai|82/100 tox|[from] psn
|upkeep
|
|t:|1757817121
|switch|p2a: Garganacl|Garganacl, F|100/100
|turn|29
|
|t:|1757817127
|move|p2a: Garganacl|Protect|p2a: Garganacl
|-singleturn|p2a: Garganacl|Protect
|move|p1a: Darkrai|Focus Blast|p2a: Garganacl
|-activate|p2a: Garganacl|move: Protect
|
|-weather|none
|-heal|p1a: Darkrai|88/100 tox|[from] item: Leftovers
|-damage|p1a: Darkrai|70/100 tox|[from] psn
|upkeep
|turn|30
|
|t:|1757817132
|move|p1a: Darkrai|Dark Pulse|p2a: Garganacl
|-damage|p2a: Garganacl|41/100
|move|p2a: Garganacl|Salt Cure|p1a: Darkrai
|-damage|p1a: Darkrai|60/100 tox
|-start|p1a: Darkrai|Salt Cure
|
|-heal|p1a: Darkrai|66/100 tox|[from] item: Leftovers
|-heal|p2a: Garganacl|47/100|[from] item: Leftovers
|-damage|p1a: Darkrai|42/100 tox|[from] psn
|-damage|p1a: Darkrai|29/100 tox|[from] Salt Cure
|upkeep
|turn|31
|
|t:|1757817144
|move|p1a: Darkrai|Dark Pulse|p2a: Garganacl
|-crit|p2a: Garganacl
|-damage|p2a: Garganacl|0 fnt
|faint|p2a: Garganacl
|
|-heal|p1a: Darkrai|35/100 tox|[from] item: Leftovers
|-damage|p1a: Darkrai|5/100 tox|[from] psn
|-damage|p1a: Darkrai|0 fnt|[from] Salt Cure
|faint|p1a: Darkrai
|upkeep
|
|t:|1757817151
|switch|p1a: Zamazenta|Zamazenta|100/100
|switch|p2a: Slowking|Slowking-Galar, M|100/100
|-damage|p1a: Zamazenta|94/100|[from] Stealth Rock
|-ability|p1a: Zamazenta|Dauntless Shield|boost
|-boost|p1a: Zamazenta|def|1
|turn|32
|
|t:|1757817158
|move|p1a: Zamazenta|Iron Defense|p1a: Zamazenta
|-boost|p1a: Zamazenta|def|2
|move|p2a: Slowking|Future Sight|p1a: Zamazenta
|-start|p2a: Slowking|move: Future Sight
|
|upkeep
|turn|33
|
|t:|1757817164
|move|p1a: Zamazenta|Iron Defense|p1a: Zamazenta
|-boost|p1a: Zamazenta|def|2
|move|p2a: Slowking|Toxic|p1a: Zamazenta
|-status|p1a: Zamazenta|tox
|
|-damage|p1a: Zamazenta|88/100 tox|[from] psn
|-sideend|p1: SapphireRedux|move: Aurora Veil
|upkeep
|turn|34
|
|t:|1757817175
|-terastallize|p1a: Zamazenta|Fire
|move|p1a: Zamazenta|Crunch|p2a: Slowking
|-supereffective|p2a: Slowking
|-damage|p2a: Slowking|52/100
|-prepare|p2a: Slowking|Chilly Reception|[premajor]
|move|p2a: Slowking|Chilly Reception|p2a: Slowking
|-weather|Snowscape
|
|t:|1757817180
|switch|p2a: Kingambit|Kingambit, M|62/100|[from] Chilly Reception
|-activate|p2a: Kingambit|ability: Supreme Overlord
|-start|p2a: Kingambit|fallen3|[silent]
|
|-weather|Snowscape|[upkeep]
|-end|p1a: Zamazenta|move: Future Sight
|-damage|p1a: Zamazenta|47/100 tox
|-heal|p2a: Kingambit|68/100|[from] item: Leftovers
|-damage|p1a: Zamazenta|35/100 tox|[from] psn
|upkeep
|turn|35
|
|t:|1757817183
|move|p2a: Kingambit|Sucker Punch||[still]
|-fail|p2a: Kingambit
|move|p1a: Zamazenta|Rest|p1a: Zamazenta
|-status|p1a: Zamazenta|slp|[from] move: Rest
|-heal|p1a: Zamazenta|100/100 slp|[silent]
|-enditem|p1a: Zamazenta|Chesto Berry|[eat]
|-curestatus|p1a: Zamazenta|slp|[msg]
|
|-weather|Snowscape|[upkeep]
|-heal|p2a: Kingambit|74/100|[from] item: Leftovers
|upkeep
|turn|36
|
|t:|1757817190
|-terastallize|p2a: Kingambit|Flying
|move|p1a: Zamazenta|Iron Defense|p1a: Zamazenta
|-boost|p1a: Zamazenta|def|1
|move|p2a: Kingambit|Swords Dance|p2a: Kingambit
|-boost|p2a: Kingambit|atk|2
|
|-weather|Snowscape|[upkeep]
|-heal|p2a: Kingambit|80/100|[from] item: Leftovers
|upkeep
|turn|37
|
|t:|1757817196
|move|p1a: Zamazenta|Body Press|p2a: Kingambit
|-resisted|p2a: Kingambit
|-damage|p2a: Kingambit|27/100
|move|p2a: Kingambit|Kowtow Cleave|p1a: Zamazenta
|-damage|p1a: Zamazenta|75/100
|
|-weather|Snowscape|[upkeep]
|-heal|p2a: Kingambit|33/100|[from] item: Leftovers
|upkeep
|turn|38
|
|t:|1757817199
|move|p2a: Kingambit|Sucker Punch|p1a: Zamazenta
|-damage|p1a: Zamazenta|54/100
|move|p1a: Zamazenta|Body Press|p2a: Kingambit
|-resisted|p2a: Kingambit
|-damage|p2a: Kingambit|0 fnt
|faint|p2a: Kingambit
|-end|p2a: Kingambit|fallen3|[silent]
|
|-weather|none
|upkeep
|
|t:|1757817202
|switch|p2a: Slowking|Slowking-Galar, M|85/100
|turn|39
|
|t:|1757817206
|move|p1a: Zamazenta|Crunch|p2a: Slowking
|-supereffective|p2a: Slowking
|-damage|p2a: Slowking|40/100
|move|p2a: Slowking|Toxic|p1a: Zamazenta
|-status|p1a: Zamazenta|tox
|
|-damage|p1a: Zamazenta|48/100 tox|[from] psn
|upkeep
|turn|40
|
|t:|1757817214
|move|p1a: Zamazenta|Crunch|p2a: Slowking
|-supereffective|p2a: Slowking
|-damage|p2a: Slowking|0 fnt
|faint|p2a: Slowking
|
|-damage|p1a: Zamazenta|36/100 tox|[from] psn
|upkeep
|
|t:|1757817216
|switch|p2a: Mi Amigo <3|Flamigo, M, shiny|100/100
|turn|41
|inactive|RainingFlamigos has 120 seconds left.
|
|t:|1757817256
|move|p2a: Mi Amigo <3|Brave Bird|p1a: Zamazenta
|-damage|p1a: Zamazenta|24/100 tox
|-damage|p2a: Mi Amigo <3|97/100|[from] Recoil
|move|p1a: Zamazenta|Rest|p1a: Zamazenta
|-status|p1a: Zamazenta|slp|[from] move: Rest
|-heal|p1a: Zamazenta|100/100 slp|[silent]
|
|upkeep
|turn|42
|
|t:|1757817260
|move|p2a: Mi Amigo <3|Brave Bird|p1a: Zamazenta
|-damage|p1a: Zamazenta|88/100 slp
|-damage|p2a: Mi Amigo <3|92/100|[from] Recoil
|cant|p1a: Zamazenta|slp
|
|upkeep
|turn|43
|
|t:|1757817262
|move|p2a: Mi Amigo <3|Brave Bird|p1a: Zamazenta
|-damage|p1a: Zamazenta|76/100 slp
|-damage|p2a: Mi Amigo <3|88/100|[from] Recoil
|cant|p1a: Zamazenta|slp
|
|upkeep
|turn|44
|
|t:|1757817264
|move|p2a: Mi Amigo <3|Brave Bird|p1a: Zamazenta
|-damage|p1a: Zamazenta|64/100 slp
|-damage|p2a: Mi Amigo <3|84/100|[from] Recoil
|-curestatus|p1a: Zamazenta|slp|[msg]
|move|p1a: Zamazenta|Body Press|p2a: Mi Amigo <3
|-resisted|p2a: Mi Amigo <3
|-damage|p2a: Mi Amigo <3|0 fnt
|faint|p2a: Mi Amigo <3
|
|win|SapphireRedux
|raw|SapphireRedux's rating: 1525 &rarr; <strong>1544</strong><br />(+19 for winning)
|raw|RainingFlamigos's rating: 1500 &rarr; <strong>1481</strong><br />(-19 for losing)
|c|☆RainingFlamigos|Gg
|l|☆RainingFlamigos
|player|p2|
|l|☆SapphireRedux
|player|p1|
