|j|☆7g7g6d5gu
|j|☆kgoski tavares
|t:|1757906013
|gametype|singles
|player|p1|7g7g6d5gu|170|1083
|player|p2|kgoski tavares|unknown|1129
|gen|9
|tier|[Gen 9] OU
|rated|
|rule|HP Percentage Mod: HP is shown in percentages
|rule|Endless Battle Clause: Forcing endless battles is banned
|rule|Species Clause: Limit one of each Pokémon
|rule|OHKO Clause: OHKO moves are banned
|rule|Evasion Items Clause: Evasion items are banned
|rule|Evasion Moves Clause: Evasion moves are banned
|rule|Evasion Abilities Clause: Evasion abilities are banned
|rule|Sleep Moves Clause: Sleep-inducing moves are banned
|clearpoke
|poke|p1|Charizard, F|
|poke|p1|Ninetales, F|
|poke|p1|Talonflame, M|
|poke|p1|Tyranitar, M|
|poke|p1|Galvantula, F|
|poke|p1|Bastiodon, M|
|poke|p2|Squawkabilly-Blue, F|
|poke|p2|Corviknight, M|
|poke|p2|Gholdengo|
|poke|p2|Gliscor, F|
|poke|p2|Slowking-Galar, M|
|poke|p2|Iron Valiant|
|teampreview
|inactive|Battle timer is ON: inactive players will automatically lose when time's up. (requested by kgoski tavares)
|
|t:|1757906024
|teamsize|p1|6
|teamsize|p2|6
|start
|switch|p1a: Bastiodon|Bastiodon, M|100/100
|switch|p2a: Squawkabilly|Squawkabilly-Blue, F|100/100
|turn|1
|
|t:|1757906032
|move|p1a: Bastiodon|Protect|p1a: Bastiodon
|-singleturn|p1a: Bastiodon|Protect
|move|p2a: Squawkabilly|U-turn|p1a: Bastiodon
|-activate|p1a: Bastiodon|move: Protect
|
|upkeep
|turn|2
|
|t:|1757906038
|move|p2a: Squawkabilly|U-turn|p1a: Bastiodon
|-resisted|p1a: Bastiodon
|-damage|p1a: Bastiodon|89/100
|
|t:|1757906044
|switch|p2a: Gliscor|Gliscor, F|100/100|[from] U-turn
|move|p1a: Bastiodon|Stealth Rock|p2a: Gliscor
|-sidestart|p2: kgoski tavares|move: Stealth Rock
|
|-heal|p1a: Bastiodon|95/100|[from] item: Leftovers
|-status|p2a: Gliscor|tox|[from] item: Toxic Orb
|upkeep
|turn|3
|
|t:|1757906056
|move|p1a: Bastiodon|Protect|p1a: Bastiodon
|-singleturn|p1a: Bastiodon|Protect
|move|p2a: Gliscor|Earthquake|p1a: Bastiodon
|-activate|p1a: Bastiodon|move: Protect
|
|-heal|p1a: Bastiodon|100/100|[from] item: Leftovers
|upkeep
|turn|4
|
|t:|1757906065
|move|p2a: Gliscor|Stealth Rock|p1a: Bastiodon
|-sidestart|p1: 7g7g6d5gu|move: Stealth Rock
|move|p1a: Bastiodon|Metal Burst||[still]
|-fail|p1a: Bastiodon
|
|upkeep
|turn|5
|
|t:|1757906075
|move|p2a: Gliscor|U-turn|p1a: Bastiodon
|-resisted|p1a: Bastiodon
|-damage|p1a: Bastiodon|96/100
|
|t:|1757906078
|switch|p2a: Corviknight|Corviknight, M|100/100|[from] U-turn
|-damage|p2a: Corviknight|88/100|[from] Stealth Rock
|-ability|p2a: Corviknight|Pressure
|move|p1a: Bastiodon|Metal Burst|p2a: Corviknight
|-damage|p2a: Corviknight|83/100
|
|-heal|p1a: Bastiodon|100/100|[from] item: Leftovers
|upkeep
|turn|6
|
|t:|1757906085
|move|p1a: Bastiodon|Protect|p1a: Bastiodon
|-singleturn|p1a: Bastiodon|Protect
|move|p2a: Corviknight|Defog|p1a: Bastiodon
|-activate|p1a: Bastiodon|move: Protect
|
|upkeep
|turn|7
|
|t:|1757906093
|move|p2a: Corviknight|Defog|p1a: Bastiodon
|-unboost|p1a: Bastiodon|evasion|1
|-sideend|p1: 7g7g6d5gu|Stealth Rock|[from] move: Defog|[of] p2a: Corviknight
|-sideend|p2: kgoski tavares|Stealth Rock|[from] move: Defog|[of] p2a: Corviknight
|move|p1a: Bastiodon|Body Press|p2a: Corviknight
|-damage|p2a: Corviknight|59/100
|-damage|p1a: Bastiodon|84/100|[from] item: Rocky Helmet|[of] p2a: Corviknight
|
|-heal|p1a: Bastiodon|90/100|[from] item: Leftovers
|upkeep
|turn|8
|
|t:|1757906104
|move|p2a: Corviknight|U-turn|p1a: Bastiodon
|-resisted|p1a: Bastiodon
|-crit|p1a: Bastiodon
|-damage|p1a: Bastiodon|84/100
|
|t:|1757906107
|switch|p2a: Iron Valiant|Iron Valiant, shiny|100/100|[from] U-turn
|move|p1a: Bastiodon|Stealth Rock|p2a: Iron Valiant
|-sidestart|p2: kgoski tavares|move: Stealth Rock
|
|-heal|p1a: Bastiodon|91/100|[from] item: Leftovers
|upkeep
|turn|9
|
|t:|1757906116
|move|p1a: Bastiodon|Protect|p1a: Bastiodon
|-singleturn|p1a: Bastiodon|Protect
|move|p2a: Iron Valiant|Substitute|p2a: Iron Valiant
|-start|p2a: Iron Valiant|Substitute
|-damage|p2a: Iron Valiant|76/100
|
|-heal|p2a: Iron Valiant|82/100|[from] item: Leftovers
|-heal|p1a: Bastiodon|97/100|[from] item: Leftovers
|upkeep
|turn|10
|
|t:|1757906127
|switch|p1a: Ninetales|Ninetales, F|100/100
|-weather|SunnyDay|[from] ability: Drought|[of] p1a: Ninetales
|move|p2a: Iron Valiant|Aura Sphere|p1a: Ninetales
|-damage|p1a: Ninetales|62/100
|-enditem|p1a: Ninetales|Eject Button
|
|t:|1757906135
|switch|p1a: Talonflame|Talonflame, M|100/100
|
|-weather|SunnyDay|[upkeep]
|-heal|p2a: Iron Valiant|88/100|[from] item: Leftovers
|upkeep
|turn|11
|
|t:|1757906145
|move|p1a: Talonflame|Dual Wingbeat|p2a: Iron Valiant
|-supereffective|p2a: Iron Valiant
|-end|p2a: Iron Valiant|Substitute
|-supereffective|p2a: Iron Valiant
|-damage|p2a: Iron Valiant|22/100
|-hitcount|p2a: Iron Valiant|2
|move|p2a: Iron Valiant|Moonblast|p1a: Talonflame
|-resisted|p1a: Talonflame
|-damage|p1a: Talonflame|66/100
|
|-weather|SunnyDay|[upkeep]
|-heal|p2a: Iron Valiant|28/100|[from] item: Leftovers
|upkeep
|turn|12
|
|t:|1757906153
|-end|p2a: Iron Valiant|Quark Drive|[silent]
|switch|p2a: Corviknight|Corviknight, M|59/100
|-damage|p2a: Corviknight|47/100|[from] Stealth Rock
|-ability|p2a: Corviknight|Pressure
|move|p1a: Talonflame|Dual Wingbeat|p2a: Corviknight
|-resisted|p2a: Corviknight
|-damage|p2a: Corviknight|38/100
|-damage|p1a: Talonflame|49/100|[from] item: Rocky Helmet|[of] p2a: Corviknight
|-resisted|p2a: Corviknight
|-damage|p2a: Corviknight|29/100
|-damage|p1a: Talonflame|33/100|[from] item: Rocky Helmet|[of] p2a: Corviknight
|-hitcount|p2a: Corviknight|2
|
|-weather|SunnyDay|[upkeep]
|upkeep
|turn|13
|
|t:|1757906174
|switch|p1a: Bastiodon|Bastiodon, M|97/100
|-terastallize|p2a: Corviknight|Water
|move|p2a: Corviknight|Roost|p2a: Corviknight
|-heal|p2a: Corviknight|79/100
|
|-weather|SunnyDay|[upkeep]
|-heal|p1a: Bastiodon|100/100|[from] item: Leftovers
|upkeep
|turn|14
|
|t:|1757906185
|move|p2a: Corviknight|Defog|p1a: Bastiodon
|-unboost|p1a: Bastiodon|evasion|1
|-sideend|p2: kgoski tavares|Stealth Rock|[from] move: Defog|[of] p2a: Corviknight
|move|p1a: Bastiodon|Metal Burst||[still]
|-fail|p1a: Bastiodon
|
|-weather|none
|upkeep
|turn|15
|
|t:|1757906189
|move|p2a: Corviknight|U-turn|p1a: Bastiodon
|-resisted|p1a: Bastiodon
|-damage|p1a: Bastiodon|97/100
|
|t:|1757906193
|switch|p2a: Gliscor|Gliscor, F|100/100 tox|[from] U-turn
|move|p1a: Bastiodon|Metal Burst|p2a: Gliscor
|-damage|p2a: Gliscor|95/100 tox
|
|-heal|p1a: Bastiodon|100/100|[from] item: Leftovers
|-heal|p2a: Gliscor|100/100 tox|[from] ability: Poison Heal
|upkeep
|turn|16
|
|t:|1757906201
|move|p2a: Gliscor|U-turn|p1a: Bastiodon
|-resisted|p1a: Bastiodon
|-damage|p1a: Bastiodon|97/100
|
|t:|1757906208
|switch|p2a: Gholdengo|Gholdengo|100/100|[from] U-turn
|move|p1a: Bastiodon|Metal Burst|p2a: Gholdengo
|-damage|p2a: Gholdengo|95/100
|
|-heal|p1a: Bastiodon|100/100|[from] item: Leftovers
|upkeep
|turn|17
|
|t:|1757906217
|move|p2a: Gholdengo|Trick|p1a: Bastiodon
|-activate|p2a: Gholdengo|move: Trick|[of] p1a: Bastiodon
|-item|p1a: Bastiodon|Choice Scarf|[from] move: Trick
|-item|p2a: Gholdengo|Leftovers|[from] move: Trick
|move|p1a: Bastiodon|Stealth Rock|p2a: Gholdengo
|-sidestart|p2: kgoski tavares|move: Stealth Rock
|
|-heal|p2a: Gholdengo|100/100|[from] item: Leftovers
|upkeep
|turn|18
|
|t:|1757906226
|switch|p2a: Corviknight|Corviknight, M, tera:Water|79/100
|-damage|p2a: Corviknight|67/100|[from] Stealth Rock
|-ability|p2a: Corviknight|Pressure
|switch|p1a: Ninetales|Ninetales, F|62/100
|-weather|SunnyDay|[from] ability: Drought|[of] p1a: Ninetales
|
|-weather|SunnyDay|[upkeep]
|upkeep
|turn|19
|
|t:|1757906236
|move|p1a: Ninetales|Weather Ball|p2a: Corviknight
|-resisted|p2a: Corviknight
|-damage|p2a: Corviknight|49/100
|move|p2a: Corviknight|Defog|p1a: Ninetales
|-unboost|p1a: Ninetales|evasion|1
|-sideend|p2: kgoski tavares|Stealth Rock|[from] move: Defog|[of] p2a: Corviknight
|
|-weather|SunnyDay|[upkeep]
|upkeep
|turn|20
|
|t:|1757906242
|move|p1a: Ninetales|Solar Beam||[still]
|-prepare|p1a: Ninetales|Solar Beam
|-anim|p1a: Ninetales|Solar Beam|p2a: Corviknight
|-supereffective|p2a: Corviknight
|-damage|p2a: Corviknight|8/100
|move|p2a: Corviknight|Roost|p2a: Corviknight
|-heal|p2a: Corviknight|58/100
|
|-weather|SunnyDay|[upkeep]
|upkeep
|turn|21
|
|t:|1757906252
|switch|p2a: Gliscor|Gliscor, F|100/100 tox
|move|p1a: Ninetales|Solar Beam||[still]
|-prepare|p1a: Ninetales|Solar Beam
|-anim|p1a: Ninetales|Solar Beam|p2a: Gliscor
|-damage|p2a: Gliscor|77/100 tox
|
|-weather|SunnyDay|[upkeep]
|-heal|p2a: Gliscor|89/100 tox|[from] ability: Poison Heal
|upkeep
|turn|22
|
|t:|1757906262
|switch|p1a: Tyranitar|Tyranitar, M|100/100
|-weather|Sandstorm|[from] ability: Sand Stream|[of] p1a: Tyranitar
|move|p2a: Gliscor|Earthquake|p1a: Tyranitar
|-supereffective|p1a: Tyranitar
|-damage|p1a: Tyranitar|62/100
|-enditem|p1a: Tyranitar|Weakness Policy
|-boost|p1a: Tyranitar|atk|2|[from] item: Weakness Policy
|-boost|p1a: Tyranitar|spa|2|[from] item: Weakness Policy
|
|-weather|Sandstorm|[upkeep]
|-heal|p2a: Gliscor|100/100 tox|[from] ability: Poison Heal
|upkeep
|turn|23
|
|t:|1757906269
|move|p2a: Gliscor|Earthquake|p1a: Tyranitar
|-supereffective|p1a: Tyranitar
|-damage|p1a: Tyranitar|20/100
|move|p1a: Tyranitar|Ice Beam|p2a: Gliscor
|-supereffective|p2a: Gliscor
|-damage|p2a: Gliscor|0 fnt
|faint|p2a: Gliscor
|
|-weather|Sandstorm|[upkeep]
|upkeep
|
|t:|1757906273
|switch|p2a: Iron Valiant|Iron Valiant, shiny|28/100
|turn|24
|
|t:|1757906289
|move|p2a: Iron Valiant|Moonblast|p1a: Tyranitar
|-supereffective|p1a: Tyranitar
|-damage|p1a: Tyranitar|0 fnt
|faint|p1a: Tyranitar
|
|-weather|Sandstorm|[upkeep]
|-damage|p2a: Iron Valiant|22/100|[from] Sandstorm
|-heal|p2a: Iron Valiant|28/100|[from] item: Leftovers
|upkeep
|
|t:|1757906295
|switch|p1a: Talonflame|Talonflame, M|33/100
|turn|25
|
|t:|1757906299
|-end|p2a: Iron Valiant|Quark Drive|[silent]
|switch|p2a: Corviknight|Corviknight, M, tera:Water|58/100
|-ability|p2a: Corviknight|Pressure
|move|p1a: Talonflame|Dual Wingbeat|p2a: Corviknight
|-damage|p2a: Corviknight|42/100
|-damage|p1a: Talonflame|17/100|[from] item: Rocky Helmet|[of] p2a: Corviknight
|-damage|p2a: Corviknight|27/100
|-damage|p1a: Talonflame|0 fnt|[from] item: Rocky Helmet|[of] p2a: Corviknight
|faint|p1a: Talonflame
|-hitcount|p2a: Corviknight|2
|
|-weather|Sandstorm|[upkeep]
|-damage|p2a: Corviknight|21/100|[from] Sandstorm
|upkeep
|
|t:|1757906306
|switch|p1a: Galvantula|Galvantula, F|100/100
|turn|26
|
|t:|1757906317
|switch|p2a: Slowking|Slowking-Galar, M|100/100
|-terastallize|p1a: Galvantula|Electric
|move|p1a: Galvantula|Thunder|p2a: Slowking
|-damage|p2a: Slowking|41/100
|-status|p2a: Slowking|par
|
|-weather|none
|upkeep
|turn|27
|
|t:|1757906326
|move|p1a: Galvantula|Thunder|p2a: Slowking
|-damage|p2a: Slowking|0 fnt
|faint|p2a: Slowking
|
|upkeep
|
|t:|1757906336
|switch|p2a: Gholdengo|Gholdengo|100/100
|turn|28
|
|t:|1757906339
|move|p1a: Galvantula|Thunder|p2a: Gholdengo
|-damage|p2a: Gholdengo|0 fnt
|faint|p2a: Gholdengo
|
|upkeep
|
|t:|1757906343
|switch|p2a: Squawkabilly|Squawkabilly-Blue, F|100/100
|turn|29
|
|t:|1757906346
|move|p2a: Squawkabilly|Quick Attack|p1a: Galvantula
|-damage|p1a: Galvantula|26/100
|move|p1a: Galvantula|Thunder|p2a: Squawkabilly|[miss]
|-miss|p1a: Galvantula|p2a: Squawkabilly
|
|upkeep
|turn|30
|
|t:|1757906354
|switch|p1a: Bastiodon|Bastiodon, M|100/100
|move|p2a: Squawkabilly|Quick Attack|p1a: Bastiodon
|-resisted|p1a: Bastiodon
|-damage|p1a: Bastiodon|96/100
|
|upkeep
|turn|31
|
|t:|1757906361
|switch|p2a: Iron Valiant|Iron Valiant, shiny|28/100
|move|p1a: Bastiodon|Stealth Rock|p2a: Iron Valiant
|-sidestart|p2: kgoski tavares|move: Stealth Rock
|
|-heal|p2a: Iron Valiant|34/100|[from] item: Leftovers
|upkeep
|turn|32
|
|t:|1757906371
|switch|p1a: Ninetales|Ninetales, F|62/100
|-weather|SunnyDay|[from] ability: Drought|[of] p1a: Ninetales
|move|p2a: Iron Valiant|Substitute|p2a: Iron Valiant
|-start|p2a: Iron Valiant|Substitute
|-damage|p2a: Iron Valiant|9/100
|
|-weather|SunnyDay|[upkeep]
|-heal|p2a: Iron Valiant|15/100|[from] item: Leftovers
|upkeep
|turn|33
|
|t:|1757906381
|move|p2a: Iron Valiant|Calm Mind|p2a: Iron Valiant
|-boost|p2a: Iron Valiant|spa|1
|-boost|p2a: Iron Valiant|spd|1
|move|p1a: Ninetales|Weather Ball|p2a: Iron Valiant
|-end|p2a: Iron Valiant|Substitute
|
|-weather|SunnyDay|[upkeep]
|-heal|p2a: Iron Valiant|22/100|[from] item: Leftovers
|upkeep
|turn|34
|
|t:|1757906391
|move|p2a: Iron Valiant|Aura Sphere|p1a: Ninetales
|-damage|p1a: Ninetales|4/100
|move|p1a: Ninetales|Weather Ball|p2a: Iron Valiant
|-damage|p2a: Iron Valiant|0 fnt
|faint|p2a: Iron Valiant
|-end|p2a: Iron Valiant|Quark Drive|[silent]
|
|-weather|SunnyDay|[upkeep]
|upkeep
|
|t:|1757906395
|switch|p2a: Squawkabilly|Squawkabilly-Blue, F|100/100
|-damage|p2a: Squawkabilly|76/100|[from] Stealth Rock
|turn|35
|
|t:|1757906405
|move|p2a: Squawkabilly|U-turn|p1a: Ninetales
|-resisted|p1a: Ninetales
|-damage|p1a: Ninetales|0 fnt
|faint|p1a: Ninetales
|
|t:|1757906408
|switch|p2a: Corviknight|Corviknight, M, tera:Water|21/100|[from] U-turn
|-damage|p2a: Corviknight|8/100|[from] Stealth Rock
|-ability|p2a: Corviknight|Pressure
|
|-weather|SunnyDay|[upkeep]
|upkeep
|
|t:|1757906417
|switch|p1a: Galvantula|Galvantula, F, tera:Electric|26/100
|turn|36
|
|t:|1757906421
|move|p1a: Galvantula|Volt Switch|p2a: Corviknight
|-supereffective|p2a: Corviknight
|-damage|p2a: Corviknight|0 fnt
|faint|p2a: Corviknight
|-message|kgoski tavares forfeited.
|
|win|7g7g6d5gu
|raw|7g7g6d5gu's rating: 1113 &rarr; <strong>1139</strong><br />(+26 for winning)
|raw|kgoski tavares's rating: 1129 &rarr; <strong>1103</strong><br />(-26 for losing)
|l|☆kgoski tavares
|player|p2|
|l|☆7g7g6d5gu
|player|p1|
