|j|☆kargreyy
|j|☆YeatLover267
|t:|1757868059
|gametype|singles
|player|p1|kargreyy|101|1427
|player|p2|YeatLover267|266|1377
|gen|9
|tier|[Gen 9] OU
|rated|
|rule|HP Percentage Mod: HP is shown in percentages
|rule|Endless Battle Clause: Forcing endless battles is banned
|rule|Species Clause: Limit one of each Pokémon
|rule|OHKO Clause: OHKO moves are banned
|rule|Evasion Items Clause: Evasion items are banned
|rule|Evasion Moves Clause: Evasion moves are banned
|rule|Evasion Abilities Clause: Evasion abilities are banned
|rule|Sleep Moves Clause: Sleep-inducing moves are banned
|clearpoke
|poke|p1|Keldeo-Resolute|
|poke|p1|Ting-Lu|
|poke|p1|Alomomola, M|
|poke|p1|Cinderace, M|
|poke|p1|Raging Bolt|
|poke|p1|Pecharunt|
|poke|p2|Lycanroc-Dusk, M|
|poke|p2|Great Tusk|
|poke|p2|Darkrai|
|poke|p2|Rotom-Wash|
|poke|p2|Blissey, F|
|poke|p2|Ceruledge, F|
|teampreview
|inactive|Battle timer is ON: inactive players will automatically lose when time's up. (requested by YeatLover267)
|
|t:|1757868072
|teamsize|p1|6
|teamsize|p2|6
|start
|switch|p1a: Cinderace|Cinderace, M|100/100
|switch|p2a: Rotom|Rotom-Wash|100/100
|turn|1
|
|t:|1757868077
|switch|p1a: Pecharunt|Pecharunt|100/100
|move|p2a: Rotom|Hydro Pump|p1a: Pecharunt
|-damage|p1a: Pecharunt|42/100
|
|upkeep
|turn|2
|
|t:|1757868082
|switch|p1a: Raging Bolt|Raging Bolt|100/100
|move|p2a: Rotom|Hydro Pump|p1a: Raging Bolt|[miss]
|-miss|p2a: Rotom|p1a: Raging Bolt
|
|upkeep
|turn|3
|
|t:|1757868087
|switch|p2a: Blissey|Blissey, F|100/100
|move|p1a: Raging Bolt|Draco Meteor|p2a: Blissey
|-damage|p2a: Blissey|74/100
|-unboost|p1a: Raging Bolt|spa|2
|
|upkeep
|turn|4
|
|t:|1757868101
|-end|p1a: Raging Bolt|Protosynthesis|[silent]
|switch|p1a: Alomomola|Alomomola, M|100/100
|move|p2a: Blissey|Thunderbolt|p1a: Alomomola
|-supereffective|p1a: Alomomola
|-damage|p1a: Alomomola|59/100
|
|upkeep
|turn|5
|
|t:|1757868109
|move|p2a: Blissey|Thunderbolt|p1a: Alomomola
|-supereffective|p1a: Alomomola
|-damage|p1a: Alomomola|22/100
|move|p1a: Alomomola|Mirror Coat|p2a: Blissey
|-damage|p2a: Blissey|18/100
|
|upkeep
|turn|6
|
|t:|1757868116
|switch|p1a: Ting-Lu|Ting-Lu|100/100
|-ability|p1a: Ting-Lu|Vessel of Ruin
|move|p2a: Blissey|Soft-Boiled|p2a: Blissey
|-heal|p2a: Blissey|68/100
|
|upkeep
|turn|7
|
|t:|1757868125
|switch|p2a: Great Tusk|Great Tusk|100/100
|move|p1a: Ting-Lu|Taunt|p2a: Great Tusk
|-start|p2a: Great Tusk|move: Taunt
|
|upkeep
|turn|8
|
|t:|1757868133
|move|p2a: Great Tusk|Earthquake|p1a: Ting-Lu
|-damage|p1a: Ting-Lu|81/100
|move|p1a: Ting-Lu|Stealth Rock|p2a: Great Tusk
|-sidestart|p2: YeatLover267|move: Stealth Rock
|
|-heal|p1a: Ting-Lu|87/100|[from] item: Leftovers
|upkeep
|turn|9
|
|t:|1757868142
|move|p2a: Great Tusk|Rapid Spin|p1a: Ting-Lu
|-damage|p1a: Ting-Lu|80/100
|-boost|p2a: Great Tusk|spe|1
|-sideend|p2: YeatLover267|Stealth Rock|[from] move: Rapid Spin|[of] p2a: Great Tusk
|move|p1a: Ting-Lu|Spikes|p2a: Great Tusk
|-sidestart|p2: YeatLover267|Spikes
|
|-heal|p1a: Ting-Lu|86/100|[from] item: Leftovers
|-end|p2a: Great Tusk|move: Taunt
|upkeep
|turn|10
|
|t:|1757868153
|-terastallize|p1a: Ting-Lu|Ghost
|move|p2a: Great Tusk|Body Press|p1a: Ting-Lu
|-immune|p1a: Ting-Lu
|move|p1a: Ting-Lu|Spikes|p2a: Great Tusk
|-sidestart|p2: YeatLover267|Spikes
|
|-heal|p1a: Ting-Lu|92/100|[from] item: Leftovers
|upkeep
|turn|11
|
|t:|1757868160
|move|p2a: Great Tusk|Stealth Rock|p1a: Ting-Lu
|-sidestart|p1: kargreyy|move: Stealth Rock
|move|p1a: Ting-Lu|Stealth Rock|p2a: Great Tusk
|-sidestart|p2: YeatLover267|move: Stealth Rock
|
|-heal|p1a: Ting-Lu|99/100|[from] item: Leftovers
|upkeep
|turn|12
|
|t:|1757868172
|move|p2a: Great Tusk|Earthquake|p1a: Ting-Lu
|-damage|p1a: Ting-Lu|80/100
|move|p1a: Ting-Lu|Spikes|p2a: Great Tusk
|-sidestart|p2: YeatLover267|Spikes
|
|-heal|p1a: Ting-Lu|87/100|[from] item: Leftovers
|upkeep
|turn|13
|
|t:|1757868178
|move|p2a: Great Tusk|Earthquake|p1a: Ting-Lu
|-damage|p1a: Ting-Lu|65/100
|move|p1a: Ting-Lu|Whirlwind|p2a: Great Tusk
|-end|p2a: Great Tusk|Protosynthesis|[silent]
|drag|p2a: Darkrai|Darkrai|100/100
|-damage|p2a: Darkrai|76/100|[from] Spikes
|-damage|p2a: Darkrai|63/100|[from] Stealth Rock
|
|-heal|p1a: Ting-Lu|71/100|[from] item: Leftovers
|upkeep
|turn|14
|
|t:|1757868191
|switch|p1a: Raging Bolt|Raging Bolt|100/100
|-damage|p1a: Raging Bolt|88/100|[from] Stealth Rock
|-terastallize|p2a: Darkrai|Dark
|move|p2a: Darkrai|Dark Pulse|p1a: Raging Bolt
|-damage|p1a: Raging Bolt|43/100
|
|upkeep
|turn|15
|
|t:|1757868201
|move|p1a: Raging Bolt|Thunderclap|p2a: Darkrai
|-damage|p2a: Darkrai|6/100
|move|p2a: Darkrai|Dark Pulse|p1a: Raging Bolt
|-damage|p1a: Raging Bolt|0 fnt
|faint|p1a: Raging Bolt
|-end|p1a: Raging Bolt|Protosynthesis|[silent]
|
|upkeep
|
|t:|1757868212
|switch|p1a: Cinderace|Cinderace, M|100/100
|-damage|p1a: Cinderace|76/100|[from] Stealth Rock
|turn|16
|
|t:|1757868217
|switch|p2a: Great Tusk|Great Tusk|100/100
|-damage|p2a: Great Tusk|76/100|[from] Spikes
|-damage|p2a: Great Tusk|73/100|[from] Stealth Rock
|move|p1a: Cinderace|Sucker Punch||[still]
|-fail|p1a: Cinderace
|
|-heal|p2a: Great Tusk|79/100|[from] item: Leftovers
|upkeep
|turn|17
|
|t:|1757868224
|switch|p1a: Ting-Lu|Ting-Lu, tera:Ghost|71/100
|-damage|p1a: Ting-Lu|59/100|[from] Stealth Rock
|-ability|p1a: Ting-Lu|Vessel of Ruin
|move|p2a: Great Tusk|Earthquake|p1a: Ting-Lu
|-damage|p1a: Ting-Lu|39/100
|
|-heal|p2a: Great Tusk|85/100|[from] item: Leftovers
|-heal|p1a: Ting-Lu|45/100|[from] item: Leftovers
|upkeep
|turn|18
|
|t:|1757868230
|move|p2a: Great Tusk|Earthquake|p1a: Ting-Lu
|-damage|p1a: Ting-Lu|25/100
|move|p1a: Ting-Lu|Whirlwind|p2a: Great Tusk
|-end|p2a: Great Tusk|Protosynthesis|[silent]
|drag|p2a: Darkrai|Darkrai, tera:Dark|6/100
|-damage|p2a: Darkrai|0 fnt|[from] Spikes
|faint|p2a: Darkrai
|
|-heal|p1a: Ting-Lu|32/100|[from] item: Leftovers
|upkeep
|
|t:|1757868238
|switch|p2a: Lycanroc|Lycanroc-Dusk, M|100/100
|-damage|p2a: Lycanroc|76/100|[from] Spikes
|-damage|p2a: Lycanroc|63/100|[from] Stealth Rock
|turn|19
|
|t:|1757868243
|switch|p1a: Alomomola|Alomomola, M|56/100
|-damage|p1a: Alomomola|43/100|[from] Stealth Rock
|move|p2a: Lycanroc|Crunch|p1a: Alomomola
|-damage|p1a: Alomomola|16/100
|-damage|p2a: Lycanroc|47/100|[from] item: Rocky Helmet|[of] p1a: Alomomola
|-damage|p2a: Lycanroc|37/100|[from] item: Life Orb
|
|upkeep
|turn|20
|
|t:|1757868251
|switch|p1a: Ting-Lu|Ting-Lu, tera:Ghost|32/100
|-damage|p1a: Ting-Lu|19/100|[from] Stealth Rock
|-ability|p1a: Ting-Lu|Vessel of Ruin
|move|p2a: Lycanroc|Play Rough|p1a: Ting-Lu
|-damage|p1a: Ting-Lu|0 fnt
|faint|p1a: Ting-Lu
|-damage|p2a: Lycanroc|27/100|[from] item: Life Orb
|
|upkeep
|
|t:|1757868272
|switch|p1a: Keldeo|Keldeo-Resolute|100/100
|-damage|p1a: Keldeo|94/100|[from] Stealth Rock
|turn|21
|
|t:|1757868288
|switch|p1a: Alomomola|Alomomola, M|50/100
|-damage|p1a: Alomomola|37/100|[from] Stealth Rock
|move|p2a: Lycanroc|Accelerock|p1a: Alomomola
|-damage|p1a: Alomomola|19/100
|-damage|p2a: Lycanroc|10/100|[from] item: Rocky Helmet|[of] p1a: Alomomola
|-damage|p2a: Lycanroc|0 fnt|[from] item: Life Orb
|faint|p2a: Lycanroc
|
|upkeep
|
|t:|1757868296
|switch|p2a: Rotom|Rotom-Wash|100/100
|-damage|p2a: Rotom|88/100|[from] Stealth Rock
|turn|22
|
|t:|1757868310
|switch|p1a: Pecharunt|Pecharunt|42/100
|-damage|p1a: Pecharunt|29/100|[from] Stealth Rock
|move|p2a: Rotom|Nasty Plot|p2a: Rotom
|-boost|p2a: Rotom|spa|2
|
|upkeep
|turn|23
|
|t:|1757868314
|move|p1a: Pecharunt|Malignant Chain|p2a: Rotom
|-damage|p2a: Rotom|57/100
|-status|p2a: Rotom|tox
|-start|p2a: Rotom|confusion|[from] ability: Poison Puppeteer|[of] p1a: Pecharunt
|-activate|p2a: Rotom|confusion
|move|p2a: Rotom|Hydro Pump|p1a: Pecharunt
|-damage|p1a: Pecharunt|0 fnt
|faint|p1a: Pecharunt
|
|-damage|p2a: Rotom|51/100 tox|[from] psn
|upkeep
|
|t:|1757868330
|switch|p1a: Cinderace|Cinderace, M|76/100
|-damage|p1a: Cinderace|51/100|[from] Stealth Rock
|turn|24
|
|t:|1757868337
|move|p1a: Cinderace|High Jump Kick|p2a: Rotom
|-start|p1a: Cinderace|typechange|Fighting|[from] ability: Libero
|-damage|p2a: Rotom|0 fnt
|faint|p2a: Rotom
|
|upkeep
|
|t:|1757868343
|switch|p2a: Great Tusk|Great Tusk|85/100
|-damage|p2a: Great Tusk|60/100|[from] Spikes
|-damage|p2a: Great Tusk|57/100|[from] Stealth Rock
|turn|25
|
|t:|1757868354
|move|p1a: Cinderace|High Jump Kick|p2a: Great Tusk
|-damage|p2a: Great Tusk|11/100
|move|p2a: Great Tusk|Rapid Spin|p1a: Cinderace
|-damage|p1a: Cinderace|31/100
|-boost|p2a: Great Tusk|spe|1
|-sideend|p2: YeatLover267|Spikes|[from] move: Rapid Spin|[of] p2a: Great Tusk
|-sideend|p2: YeatLover267|Stealth Rock|[from] move: Rapid Spin|[of] p2a: Great Tusk
|
|-heal|p2a: Great Tusk|17/100|[from] item: Leftovers
|upkeep
|turn|26
|
|t:|1757868359
|-end|p2a: Great Tusk|Protosynthesis|[silent]
|switch|p2a: Ceruledge|Ceruledge, F|100/100
|move|p1a: Cinderace|High Jump Kick|p2a: Ceruledge
|-immune|p2a: Ceruledge
|-damage|p1a: Cinderace|0 fnt|[from] highjumpkick
|faint|p1a: Cinderace
|
|upkeep
|
|t:|1757868362
|switch|p1a: Keldeo|Keldeo-Resolute|94/100
|-damage|p1a: Keldeo|88/100|[from] Stealth Rock
|turn|27
|
|t:|1757868370
|move|p1a: Keldeo|Substitute|p1a: Keldeo
|-start|p1a: Keldeo|Substitute
|-damage|p1a: Keldeo|63/100
|move|p2a: Ceruledge|Poltergeist|p1a: Keldeo
|-activate|p1a: Keldeo|move: Poltergeist|Leftovers
|-end|p1a: Keldeo|Substitute
|
|-heal|p1a: Keldeo|70/100|[from] item: Leftovers
|upkeep
|turn|28
|
|t:|1757868375
|move|p1a: Keldeo|Hydro Pump|p2a: Ceruledge
|-supereffective|p2a: Ceruledge
|-enditem|p2a: Ceruledge|Focus Sash
|-damage|p2a: Ceruledge|1/100
|move|p2a: Ceruledge|Close Combat|p1a: Keldeo
|-damage|p1a: Keldeo|22/100
|-unboost|p2a: Ceruledge|def|1
|-unboost|p2a: Ceruledge|spd|1
|
|-heal|p1a: Keldeo|29/100|[from] item: Leftovers
|upkeep
|turn|29
|
|t:|1757868381
|move|p1a: Keldeo|Hydro Pump|p2a: Ceruledge
|-supereffective|p2a: Ceruledge
|-damage|p2a: Ceruledge|0 fnt
|faint|p2a: Ceruledge
|
|-heal|p1a: Keldeo|35/100|[from] item: Leftovers
|upkeep
|
|t:|1757868383
|switch|p2a: Blissey|Blissey, F|68/100
|turn|30
|
|t:|1757868390
|move|p1a: Keldeo|Secret Sword|p2a: Blissey
|-supereffective|p2a: Blissey
|-damage|p2a: Blissey|0 fnt
|faint|p2a: Blissey
|
|-heal|p1a: Keldeo|41/100|[from] item: Leftovers
|upkeep
|
|t:|1757868394
|switch|p2a: Great Tusk|Great Tusk|17/100
|turn|31
|
|t:|1757868397
|move|p1a: Keldeo|Secret Sword|p2a: Great Tusk
|-damage|p2a: Great Tusk|0 fnt
|faint|p2a: Great Tusk
|-end|p2a: Great Tusk|Protosynthesis|[silent]
|
|win|kargreyy
|raw|kargreyy's rating: 1427 &rarr; <strong>1444</strong><br />(+17 for winning)
|raw|YeatLover267's rating: 1377 &rarr; <strong>1360</strong><br />(-17 for losing)
|l|☆kargreyy
|player|p1|
|l|☆YeatLover267
|player|p2|
