|j|☆Jus4funsies
|j|☆Charle_phate
|t:|1757817675
|gametype|singles
|player|p1|Jus4funsies|teamrocket|1398
|player|p2|Charle_phate|blue|1502
|gen|9
|tier|[Gen 9] OU
|rated|
|rule|HP Percentage Mod: HP is shown in percentages
|rule|Endless Battle Clause: Forcing endless battles is banned
|rule|Species Clause: Limit one of each Pokémon
|rule|OHKO Clause: OHKO moves are banned
|rule|Evasion Items Clause: Evasion items are banned
|rule|Evasion Moves Clause: Evasion moves are banned
|rule|Evasion Abilities Clause: Evasion abilities are banned
|rule|Sleep Moves Clause: Sleep-inducing moves are banned
|clearpoke
|poke|p1|Samurott-Hisui, F|
|poke|p1|Gholdengo|
|poke|p1|Great Tusk|
|poke|p1|Raging Bolt|
|poke|p1|Dragonite, F|
|poke|p1|Kingambit, M|
|poke|p2|Serperior, F|
|poke|p2|Rotom-Wash|
|poke|p2|Zapdos|
|poke|p2|Heatran, F|
|poke|p2|Clefable, M|
|poke|p2|Landorus-Therian, M|
|teampreview
|
|t:|1757817678
|teamsize|p1|6
|teamsize|p2|6
|start
|switch|p1a: Samurott|Samurott-Hisui, F|100/100
|switch|p2a: Rotom|Rotom-Wash|100/100
|turn|1
|inactive|Battle timer is ON: inactive players will automatically lose when time's up. (requested by Charle_phate)
|
|t:|1757817681
|move|p1a: Samurott|Ceaseless Edge|p2a: Rotom
|-damage|p2a: Rotom|49/100
|-sidestart|p2: Charle_phate|Spikes
|move|p2a: Rotom|Thunder Wave|p1a: Samurott|[miss]
|-miss|p2a: Rotom|p1a: Samurott
|
|-heal|p2a: Rotom|56/100|[from] item: Leftovers
|upkeep
|turn|2
|
|t:|1757817686
|move|p1a: Samurott|Ceaseless Edge|p2a: Rotom|[miss]
|-miss|p1a: Samurott|p2a: Rotom
|move|p2a: Rotom|Thunder Wave|p1a: Samurott
|-status|p1a: Samurott|par
|
|-heal|p2a: Rotom|62/100|[from] item: Leftovers
|upkeep
|turn|3
|
|t:|1757817690
|move|p2a: Rotom|Charge Beam|p1a: Samurott
|-supereffective|p1a: Samurott
|-damage|p1a: Samurott|44/100 par
|move|p1a: Samurott|Ceaseless Edge|p2a: Rotom
|-damage|p2a: Rotom|13/100
|-sidestart|p2: Charle_phate|Spikes
|
|-heal|p2a: Rotom|19/100|[from] item: Leftovers
|upkeep
|turn|4
|
|t:|1757817696
|move|p1a: Samurott|Sucker Punch||[still]
|-fail|p1a: Samurott
|move|p2a: Rotom|Pain Split|p1a: Samurott
|-sethp|p1a: Samurott|29/100 par|[from] move: Pain Split|[silent]
|-sethp|p2a: Rotom|39/100|[from] move: Pain Split
|
|-heal|p2a: Rotom|45/100|[from] item: Leftovers
|upkeep
|turn|5
|
|t:|1757817704
|switch|p2a: Zapdos|Zapdos|100/100
|move|p1a: Samurott|Sucker Punch||[still]
|-fail|p1a: Samurott
|
|upkeep
|turn|6
|
|t:|1757817710
|move|p1a: Samurott|Sucker Punch|p2a: Zapdos
|-damage|p2a: Zapdos|70/100
|move|p2a: Zapdos|Ancient Power|p1a: Samurott
|-crit|p1a: Samurott
|-damage|p1a: Samurott|0 fnt
|faint|p1a: Samurott
|
|-heal|p2a: Zapdos|77/100|[from] item: Leftovers
|upkeep
|
|t:|1757817722
|switch|p1a: Raging Bolt|Raging Bolt|100/100
|-enditem|p1a: Raging Bolt|Booster Energy
|-activate|p1a: Raging Bolt|ability: Protosynthesis|[fromitem]
|-start|p1a: Raging Bolt|protosynthesisspa
|turn|7
|
|t:|1757817735
|switch|p2a: Landorus|Landorus-Therian, M|100/100
|-ability|p2a: Landorus|Intimidate|boost
|-unboost|p1a: Raging Bolt|atk|1
|move|p1a: Raging Bolt|Calm Mind|p1a: Raging Bolt
|-boost|p1a: Raging Bolt|spa|1
|-boost|p1a: Raging Bolt|spd|1
|
|upkeep
|turn|8
|
|t:|1757817751
|-terastallize|p1a: Raging Bolt|Fairy
|move|p2a: Landorus|Outrage|p1a: Raging Bolt
|-immune|p1a: Raging Bolt
|move|p1a: Raging Bolt|Dragon Pulse|p2a: Landorus
|-damage|p2a: Landorus|0 fnt
|faint|p2a: Landorus
|
|upkeep
|
|t:|1757817756
|switch|p2a: Heatran|Heatran, F|100/100
|-damage|p2a: Heatran|84/100|[from] Spikes
|turn|9
|
|t:|1757817764
|move|p1a: Raging Bolt|Thunderbolt|p2a: Heatran
|-damage|p2a: Heatran|16/100
|move|p2a: Heatran|Magma Storm|p1a: Raging Bolt|[miss]
|-miss|p2a: Heatran|p1a: Raging Bolt
|
|-heal|p2a: Heatran|23/100|[from] item: Leftovers
|upkeep
|turn|10
|
|t:|1757817768
|move|p1a: Raging Bolt|Thunderbolt|p2a: Heatran
|-damage|p2a: Heatran|0 fnt
|faint|p2a: Heatran
|
|upkeep
|
|t:|1757817773
|switch|p2a: Serperior|Serperior, F|100/100
|-damage|p2a: Serperior|84/100|[from] Spikes
|turn|11
|
|t:|1757817778
|move|p2a: Serperior|Glare|p1a: Raging Bolt
|-status|p1a: Raging Bolt|par
|move|p1a: Raging Bolt|Dragon Pulse|p2a: Serperior
|-damage|p2a: Serperior|0 fnt
|faint|p2a: Serperior
|
|upkeep
|
|t:|1757817782
|switch|p2a: Zapdos|Zapdos|77/100
|turn|12
|
|t:|1757817786
|move|p2a: Zapdos|Ancient Power|p1a: Raging Bolt
|-damage|p1a: Raging Bolt|89/100 par
|move|p1a: Raging Bolt|Thunderbolt|p2a: Zapdos
|-damage|p2a: Zapdos|0 fnt
|faint|p2a: Zapdos
|
|upkeep
|
|t:|1757817793
|switch|p2a: Clefable|Clefable, M|100/100
|turn|13
|
|t:|1757817796
|move|p2a: Clefable|Cosmic Power|p2a: Clefable
|-boost|p2a: Clefable|def|1
|-boost|p2a: Clefable|spd|1
|cant|p1a: Raging Bolt|par
|
|upkeep
|turn|14
|
|t:|1757817799
|move|p2a: Clefable|Cosmic Power|p2a: Clefable
|-boost|p2a: Clefable|def|1
|-boost|p2a: Clefable|spd|1
|move|p1a: Raging Bolt|Thunderbolt|p2a: Clefable
|-damage|p2a: Clefable|58/100
|
|-heal|p2a: Clefable|64/100|[from] item: Leftovers
|upkeep
|turn|15
|
|t:|1757817807
|move|p2a: Clefable|Cosmic Power|p2a: Clefable
|-boost|p2a: Clefable|def|1
|-boost|p2a: Clefable|spd|1
|move|p1a: Raging Bolt|Thunderbolt|p2a: Clefable
|-damage|p2a: Clefable|27/100
|
|-heal|p2a: Clefable|33/100|[from] item: Leftovers
|upkeep
|turn|16
|
|t:|1757817814
|move|p2a: Clefable|Cosmic Power|p2a: Clefable
|-boost|p2a: Clefable|def|1
|-boost|p2a: Clefable|spd|1
|move|p1a: Raging Bolt|Thunderbolt|p2a: Clefable
|-damage|p2a: Clefable|3/100
|
|-heal|p2a: Clefable|9/100|[from] item: Leftovers
|upkeep
|turn|17
|
|t:|1757817821
|move|p2a: Clefable|Charge Beam|p1a: Raging Bolt
|-damage|p1a: Raging Bolt|82/100 par
|-boost|p2a: Clefable|spa|1
|move|p1a: Raging Bolt|Calm Mind|p1a: Raging Bolt
|-boost|p1a: Raging Bolt|spa|1
|-boost|p1a: Raging Bolt|spd|1
|
|-heal|p2a: Clefable|15/100|[from] item: Leftovers
|upkeep
|turn|18
|
|t:|1757817827
|move|p2a: Clefable|Draining Kiss|p1a: Raging Bolt
|-damage|p1a: Raging Bolt|69/100 par
|-heal|p2a: Clefable|26/100|[from] drain|[of] p1a: Raging Bolt
|cant|p1a: Raging Bolt|par
|
|-heal|p2a: Clefable|32/100|[from] item: Leftovers
|upkeep
|turn|19
|
|t:|1757817833
|cant|p1a: Raging Bolt|par
|move|p2a: Clefable|Cosmic Power|p2a: Clefable
|-boost|p2a: Clefable|def|1
|-boost|p2a: Clefable|spd|1
|
|-heal|p2a: Clefable|38/100|[from] item: Leftovers
|upkeep
|turn|20
|
|t:|1757817837
|move|p2a: Clefable|Cosmic Power|p2a: Clefable
|-boost|p2a: Clefable|def|1
|-boost|p2a: Clefable|spd|1
|move|p1a: Raging Bolt|Thunderbolt|p2a: Clefable
|-damage|p2a: Clefable|7/100
|
|-heal|p2a: Clefable|13/100|[from] item: Leftovers
|upkeep
|turn|21
|
|t:|1757817841
|cant|p1a: Raging Bolt|par
|move|p2a: Clefable|Draining Kiss|p1a: Raging Bolt
|-damage|p1a: Raging Bolt|57/100 par
|-heal|p2a: Clefable|23/100|[from] drain|[of] p1a: Raging Bolt
|
|-heal|p2a: Clefable|30/100|[from] item: Leftovers
|upkeep
|turn|22
|
|t:|1757817851
|move|p2a: Clefable|Stored Power|p1a: Raging Bolt
|-damage|p1a: Raging Bolt|12/100 par
|move|p1a: Raging Bolt|Thunderbolt|p2a: Clefable
|-damage|p2a: Clefable|0 fnt
|faint|p2a: Clefable
|
|upkeep
|
|t:|1757817855
|switch|p2a: Rotom|Rotom-Wash|45/100
|turn|23
|
|t:|1757817858
|move|p1a: Raging Bolt|Thunderclap|p2a: Rotom
|-crit|p2a: Rotom
|-damage|p2a: Rotom|0 fnt
|faint|p2a: Rotom
|
|win|Jus4funsies
|raw|Jus4funsies's rating: 1398 &rarr; <strong>1424</strong><br />(+26 for winning)
|raw|Charle_phate's rating: 1502 &rarr; <strong>1476</strong><br />(-26 for losing)
|l|☆Charle_phate
|player|p2|
