|j|☆Eniycc
|j|☆the_real_janine_17
|t:|1757824716
|gametype|singles
|player|p1|Eniycc|n|1312
|player|p2|the_real_janine_17|janine|1305
|gen|9
|tier|[Gen 9] OU
|rated|
|rule|HP Percentage Mod: HP is shown in percentages
|rule|Endless Battle Clause: Forcing endless battles is banned
|rule|Species Clause: Limit one of each Pokémon
|rule|OHKO Clause: OHKO moves are banned
|rule|Evasion Items Clause: Evasion items are banned
|rule|Evasion Moves Clause: Evasion moves are banned
|rule|Evasion Abilities Clause: Evasion abilities are banned
|rule|Sleep Moves Clause: Sleep-inducing moves are banned
|clearpoke
|poke|p1|Dragonite, F|
|poke|p1|Zamazenta-*|
|poke|p1|Iron Crown|
|poke|p1|Ogerpon-Wellspring, F|
|poke|p1|Weezing-Galar, F|
|poke|p1|Samurott-Hisui, M|
|poke|p2|Keldeo-Resolute|
|poke|p2|Ogerpon-Wellspring, F|
|poke|p2|Enamorus, F|
|poke|p2|Iron Moth|
|poke|p2|Dragapult, F|
|poke|p2|Iron Treads|
|teampreview
|inactive|Battle timer is ON: inactive players will automatically lose when time's up. (requested by Eniycc)
|
|t:|1757824737
|teamsize|p1|6
|teamsize|p2|6
|start
|switch|p1a: Dauntless|Samurott-Hisui, M|100/100
|switch|p2a: Keldeo|Keldeo-Resolute|100/100
|turn|1
|
|t:|1757824754
|switch|p1a: Ogerpon|Ogerpon-Wellspring, F|100/100
|move|p2a: Keldeo|Secret Sword|p1a: Ogerpon
|-damage|p1a: Ogerpon|11/100
|
|upkeep
|turn|2
|
|t:|1757824764
|switch|p2a: Dragapult|Dragapult, F|100/100
|move|p1a: Ogerpon|Horn Leech|p2a: Dragapult
|-resisted|p2a: Dragapult
|-damage|p2a: Dragapult|71/100
|-heal|p1a: Ogerpon|27/100|[from] drain|[of] p2a: Dragapult
|
|upkeep
|turn|3
|
|t:|1757824775
|switch|p1a: Weezing|Weezing-Galar, F|100/100
|-ability|p1a: Weezing|Neutralizing Gas
|move|p2a: Dragapult|Shadow Ball|p1a: Weezing
|-damage|p1a: Weezing|26/100
|
|-heal|p1a: Weezing|32/100|[from] item: Leftovers
|upkeep
|turn|4
|
|t:|1757824789
|move|p2a: Dragapult|Shadow Ball|p1a: Weezing
|-damage|p1a: Weezing|0 fnt
|faint|p1a: Weezing
|-end|p1a: Weezing|ability: Neutralizing Gas
|
|upkeep
|
|t:|1757824796
|switch|p1a: Zamazenta|Zamazenta|100/100
|-ability|p1a: Zamazenta|Dauntless Shield|boost
|-boost|p1a: Zamazenta|def|1
|turn|5
|
|t:|1757824807
|switch|p2a: Enamorus|Enamorus, F|100/100
|move|p1a: Zamazenta|Crunch|p2a: Enamorus
|-resisted|p2a: Enamorus
|-damage|p2a: Enamorus|83/100
|-boost|p2a: Enamorus|def|1
|
|upkeep
|turn|6
|
|t:|1757824820
|switch|p1a: Iron Crown|Iron Crown|100/100
|move|p2a: Enamorus|Moonblast|p1a: Iron Crown
|-resisted|p1a: Iron Crown
|-damage|p1a: Iron Crown|77/100
|
|upkeep
|turn|7
|
|t:|1757824828
|switch|p2a: Keldeo|Keldeo-Resolute|100/100
|-terastallize|p1a: Iron Crown|Steel
|move|p1a: Iron Crown|Tachyon Cutter|p2a: Keldeo
|-resisted|p2a: Keldeo
|-damage|p2a: Keldeo|72/100
|-resisted|p2a: Keldeo
|-damage|p2a: Keldeo|43/100
|-hitcount|p2a: Keldeo|2
|
|upkeep
|turn|8
|
|t:|1757824837
|move|p2a: Keldeo|Secret Sword|p1a: Iron Crown
|-supereffective|p1a: Iron Crown
|-damage|p1a: Iron Crown|0 fnt
|faint|p1a: Iron Crown
|-end|p1a: Iron Crown|Quark Drive|[silent]
|
|upkeep
|
|t:|1757824843
|switch|p1a: Dragonite|Dragonite, F|100/100
|turn|9
|
|t:|1757824847
|switch|p2a: Iron Treads|Iron Treads|100/100
|move|p1a: Dragonite|Dragon Dance|p1a: Dragonite
|-boost|p1a: Dragonite|atk|1
|-boost|p1a: Dragonite|spe|1
|
|upkeep
|turn|10
|
|t:|1757824852
|-terastallize|p2a: Iron Treads|Grass
|move|p1a: Dragonite|Earthquake|p2a: Iron Treads
|-resisted|p2a: Iron Treads
|-crit|p2a: Iron Treads
|-damage|p2a: Iron Treads|67/100
|move|p2a: Iron Treads|Rapid Spin|p1a: Dragonite
|-damage|p1a: Dragonite|92/100
|-boost|p2a: Iron Treads|spe|1
|
|upkeep
|turn|11
|
|t:|1757824861
|move|p2a: Iron Treads|Ice Spinner|p1a: Dragonite
|-supereffective|p1a: Dragonite
|-damage|p1a: Dragonite|0 fnt
|faint|p1a: Dragonite
|
|upkeep
|
|t:|1757824867
|switch|p1a: Dauntless|Samurott-Hisui, M|100/100
|turn|12
|-message|Eniycc forfeited.
|
|win|the_real_janine_17
|raw|Eniycc's rating: 1312 &rarr; <strong>1292</strong><br />(-20 for losing)
|raw|the_real_janine_17's rating: 1305 &rarr; <strong>1325</strong><br />(+20 for winning)
|l|☆the_real_janine_17
|player|p2|
|l|☆Eniycc
|player|p1|
