|j|☆Koku drip
|j|☆pikaragedd
|t:|1757795854
|gametype|singles
|player|p1|Koku drip|guzma|1343
|player|p2|pikaragedd|lucas|1319
|gen|9
|tier|[Gen 9] OU
|rated|
|rule|HP Percentage Mod: HP is shown in percentages
|rule|Endless Battle Clause: Forcing endless battles is banned
|rule|Species Clause: Limit one of each Pokémon
|rule|OHKO Clause: OHKO moves are banned
|rule|Evasion Items Clause: Evasion items are banned
|rule|Evasion Moves Clause: Evasion moves are banned
|rule|Evasion Abilities Clause: Evasion abilities are banned
|rule|Sleep Moves Clause: Sleep-inducing moves are banned
|clearpoke
|poke|p1|Quaquaval, F|
|poke|p1|Ting-Lu|
|poke|p1|Hatterene, F|
|poke|p1|Dragonite, M|
|poke|p1|Scizor, M|
|poke|p1|Kyurem|
|poke|p2|Swampert, M|
|poke|p2|Toxtricity, M|
|poke|p2|Mabosstiff, F|
|poke|p2|Galvantula, F|
|poke|p2|Chandelure, M|
|poke|p2|Tentacruel, M|
|teampreview
|inactive|Battle timer is ON: inactive players will automatically lose when time's up. (requested by pikaragedd)
|
|t:|1757795883
|teamsize|p1|6
|teamsize|p2|6
|start
|switch|p1a: big man|Kyurem|100/100
|switch|p2a: Swampert|Swampert, M|100/100
|-ability|p1a: big man|Pressure
|turn|1
|
|t:|1757795894
|switch|p2a: Chandelure|Chandelure, M|100/100
|move|p1a: big man|Freeze-Dry|p2a: Chandelure
|-resisted|p2a: Chandelure
|-damage|p2a: Chandelure|74/100
|
|upkeep
|turn|2
|
|t:|1757795909
|switch|p2a: Tentacruel|Tentacruel, M|100/100
|move|p1a: big man|Freeze-Dry|p2a: Tentacruel
|-supereffective|p2a: Tentacruel
|-damage|p2a: Tentacruel|60/100
|
|upkeep
|turn|3
|
|t:|1757795917
|move|p1a: big man|Freeze-Dry|p2a: Tentacruel
|-supereffective|p2a: Tentacruel
|-damage|p2a: Tentacruel|14/100
|move|p2a: Tentacruel|Mirror Coat|p1a: big man
|-damage|p1a: big man|15/100
|
|upkeep
|turn|4
|
|t:|1757795928
|switch|p2a: Chandelure|Chandelure, M|74/100
|move|p1a: big man|Freeze-Dry|p2a: Chandelure
|-resisted|p2a: Chandelure
|-damage|p2a: Chandelure|47/100
|
|upkeep
|turn|5
|
|t:|1757795940
|switch|p1a: poquito dragonito|Dragonite, M, shiny|100/100
|move|p2a: Chandelure|Flamethrower|p1a: poquito dragonito
|-resisted|p1a: poquito dragonito
|-damage|p1a: poquito dragonito|86/100
|
|upkeep
|turn|6
|
|t:|1757795961
|switch|p2a: Mabosstiff|Mabosstiff, F|100/100
|move|p1a: poquito dragonito|Dragon Dance|p1a: poquito dragonito
|-boost|p1a: poquito dragonito|atk|1
|-boost|p1a: poquito dragonito|spe|1
|
|upkeep
|turn|7
|
|t:|1757795974
|-terastallize|p2a: Mabosstiff|Fairy
|move|p1a: poquito dragonito|Scale Shot|p2a: Mabosstiff
|-immune|p2a: Mabosstiff
|move|p2a: Mabosstiff|Play Rough|p1a: poquito dragonito
|-supereffective|p1a: poquito dragonito
|-damage|p1a: poquito dragonito|0 fnt
|faint|p1a: poquito dragonito
|
|upkeep
|
|t:|1757795978
|switch|p1a: los pollos|Scizor, M|100/100
|turn|8
|
|t:|1757795990
|switch|p2a: Swampert|Swampert, M|100/100
|move|p1a: los pollos|U-turn|p2a: Swampert
|-damage|p2a: Swampert|48/100
|
|t:|1757795993
|switch|p1a: idiota 2|Ting-Lu|100/100|[from] U-turn
|-ability|p1a: idiota 2|Vessel of Ruin
|
|-heal|p2a: Swampert|54/100|[from] item: Leftovers
|upkeep
|turn|9
|
|t:|1757796002
|switch|p1a: la bomba de agua|Hatterene, F|100/100
|move|p2a: Swampert|Knock Off|p1a: la bomba de agua
|-damage|p1a: la bomba de agua|70/100
|-damage|p2a: Swampert|37/100|[from] item: Rocky Helmet|[of] p1a: la bomba de agua
|-enditem|p1a: la bomba de agua|Rocky Helmet|[from] move: Knock Off|[of] p2a: Swampert
|
|-heal|p2a: Swampert|43/100|[from] item: Leftovers
|upkeep
|turn|10
|
|t:|1757796015
|move|p2a: Swampert|Flip Turn|p1a: la bomba de agua
|-damage|p1a: la bomba de agua|45/100
|
|t:|1757796028
|switch|p2a: Mabosstiff|Mabosstiff, F, tera:Fairy|100/100|[from] Flip Turn
|move|p1a: la bomba de agua|Psychic Noise|p2a: Mabosstiff
|-damage|p2a: Mabosstiff|48/100
|-start|p2a: Mabosstiff|move: Heal Block
|
|upkeep
|turn|11
|
|t:|1757796041
|move|p2a: Mabosstiff|Crunch|p1a: la bomba de agua
|-damage|p1a: la bomba de agua|0 fnt
|faint|p1a: la bomba de agua
|
|-end|p2a: Mabosstiff|move: Heal Block
|upkeep
|
|t:|1757796050
|switch|p1a: big man|Kyurem|15/100
|-ability|p1a: big man|Pressure
|turn|12
|inactive|Koku drip has 120 seconds left.
|
|t:|1757796087
|switch|p2a: Tentacruel|Tentacruel, M|14/100
|move|p1a: big man|Freeze-Dry|p2a: Tentacruel
|-supereffective|p2a: Tentacruel
|-damage|p2a: Tentacruel|0 fnt
|faint|p2a: Tentacruel
|
|upkeep
|
|t:|1757796098
|switch|p2a: Galvantula|Galvantula, F|100/100
|turn|13
|
|t:|1757796110
|switch|p1a: idiota 2|Ting-Lu|100/100
|-ability|p1a: idiota 2|Vessel of Ruin
|move|p2a: Galvantula|Sticky Web|p1a: idiota 2
|-sidestart|p1: Koku drip|move: Sticky Web
|
|upkeep
|turn|14
|
|t:|1757796122
|switch|p2a: Mabosstiff|Mabosstiff, F, tera:Fairy|48/100
|move|p1a: idiota 2|Stealth Rock|p2a: Mabosstiff
|-sidestart|p2: pikaragedd|move: Stealth Rock
|
|upkeep
|turn|15
|
|t:|1757796131
|switch|p1a: los pollos|Scizor, M|100/100
|-activate|p1a: los pollos|move: Sticky Web
|-unboost|p1a: los pollos|spe|1
|move|p2a: Mabosstiff|Crunch|p1a: los pollos
|-damage|p1a: los pollos|0 fnt
|faint|p1a: los pollos
|
|upkeep
|
|t:|1757796140
|switch|p1a: idiota|Quaquaval, F|100/100
|-activate|p1a: idiota|move: Sticky Web
|-unboost|p1a: idiota|spe|1
|turn|16
|
|t:|1757796154
|switch|p2a: Swampert|Swampert, M|43/100
|-damage|p2a: Swampert|37/100|[from] Stealth Rock
|move|p1a: idiota|Swords Dance|p1a: idiota
|-boost|p1a: idiota|atk|2
|
|-heal|p2a: Swampert|43/100|[from] item: Leftovers
|upkeep
|turn|17
|
|t:|1757796165
|move|p1a: idiota|Aqua Step|p2a: Swampert
|-damage|p2a: Swampert|0 fnt
|-boost|p1a: idiota|spe|1
|faint|p2a: Swampert
|-ability|p1a: idiota|Moxie|boost
|-boost|p1a: idiota|atk|1
|
|upkeep
|
|t:|1757796173
|switch|p2a: Chandelure|Chandelure, M|47/100
|-damage|p2a: Chandelure|22/100|[from] Stealth Rock
|turn|18
|
|t:|1757796179
|move|p2a: Chandelure|Energy Ball|p1a: idiota
|-supereffective|p1a: idiota
|-damage|p1a: idiota|0 fnt
|faint|p1a: idiota
|
|upkeep
|
|t:|1757796187
|switch|p1a: idiota 2|Ting-Lu|100/100
|-activate|p1a: idiota 2|move: Sticky Web
|-unboost|p1a: idiota 2|spe|1
|-ability|p1a: idiota 2|Vessel of Ruin
|turn|19
|
|t:|1757796193
|-terastallize|p1a: idiota 2|Dark
|move|p2a: Chandelure|Energy Ball|p1a: idiota 2
|-damage|p1a: idiota 2|79/100
|move|p1a: idiota 2|Earthquake|p2a: Chandelure
|-supereffective|p2a: Chandelure
|-damage|p2a: Chandelure|0 fnt
|faint|p2a: Chandelure
|
|upkeep
|
|t:|1757796214
|switch|p2a: Toxtricity|Toxtricity, M|100/100
|-damage|p2a: Toxtricity|88/100|[from] Stealth Rock
|turn|20
|
|t:|1757796228
|move|p2a: Toxtricity|Overdrive|p1a: idiota 2
|-damage|p1a: idiota 2|36/100
|-damage|p2a: Toxtricity|78/100|[from] item: Life Orb
|move|p1a: idiota 2|Earthquake|p2a: Toxtricity
|-supereffective|p2a: Toxtricity
|-damage|p2a: Toxtricity|0 fnt
|faint|p2a: Toxtricity
|
|upkeep
|
|t:|1757796241
|switch|p2a: Galvantula|Galvantula, F|100/100
|-damage|p2a: Galvantula|76/100|[from] Stealth Rock
|turn|21
|
|t:|1757796248
|move|p2a: Galvantula|Bug Buzz|p1a: idiota 2
|-supereffective|p1a: idiota 2
|-damage|p1a: idiota 2|0 fnt
|faint|p1a: idiota 2
|
|upkeep
|
|t:|1757796250
|switch|p1a: big man|Kyurem|15/100
|-activate|p1a: big man|move: Sticky Web
|-unboost|p1a: big man|spe|1
|-ability|p1a: big man|Pressure
|turn|22
|
|t:|1757796256
|move|p2a: Galvantula|Bug Buzz|p1a: big man
|-damage|p1a: big man|0 fnt
|faint|p1a: big man
|
|win|pikaragedd
|raw|Koku drip's rating: 1343 &rarr; <strong>1322</strong><br />(-21 for losing)
|raw|pikaragedd's rating: 1319 &rarr; <strong>1340</strong><br />(+21 for winning)
|c|☆Koku drip|ggs
|c|☆pikaragedd|gg
