|j|☆INGIOZU
|j|☆iamclouds
|t:|1757948008
|gametype|singles
|player|p1|INGIOZU|265|1065
|player|p2|iamclouds|pokemaniac|1115
|gen|9
|tier|[Gen 9] OU
|rated|
|rule|HP Percentage Mod: HP is shown in percentages
|rule|Endless Battle Clause: Forcing endless battles is banned
|rule|Species Clause: Limit one of each Pokémon
|rule|OHKO Clause: OHKO moves are banned
|rule|Evasion Items Clause: Evasion items are banned
|rule|Evasion Moves Clause: Evasion moves are banned
|rule|Evasion Abilities Clause: Evasion abilities are banned
|rule|Sleep Moves Clause: Sleep-inducing moves are banned
|clearpoke
|poke|p1|Sudowoodo, L1, M|
|poke|p1|Wooper, F|
|poke|p1|Dragonite, F|
|poke|p1|Donphan, L1, F|
|poke|p1|Carbink, L1|
|poke|p1|Pikachu, L1, M|
|poke|p2|Hatterene, F|
|poke|p2|Diancie|
|poke|p2|Kingambit, F|
|poke|p2|Raging Bolt|
|poke|p2|Armarouge, M|
|poke|p2|Garchomp, F|
|teampreview
|
|t:|1757948019
|teamsize|p1|6
|teamsize|p2|6
|start
|switch|p1a: Pikachu|Pikachu, L1, M|100/100
|switch|p2a: slow down|Hatterene, F|100/100
|turn|1
|
|t:|1757948025
|move|p1a: Pikachu|Endeavor|p2a: slow down
|-damage|p2a: slow down|4/100
|move|p2a: slow down|Trick Room|p2a: slow down
|-fieldstart|move: Trick Room|[of] p2a: slow down
|
|upkeep
|turn|2
|
|t:|1757948033
|move|p1a: Pikachu|Endeavor|p2a: slow down
|-immune|p2a: slow down
|move|p2a: slow down|Draining Kiss|p1a: Pikachu
|-enditem|p1a: Pikachu|Focus Sash
|-damage|p1a: Pikachu|9/100
|-heal|p2a: slow down|7/100|[from] drain|[of] p1a: Pikachu
|-status|p2a: slow down|par|[from] ability: Static|[of] p1a: Pikachu
|
|upkeep
|turn|3
|
|t:|1757948045
|move|p1a: Pikachu|Quick Attack|p2a: slow down
|-damage|p2a: slow down|6/100 par
|move|p2a: slow down|Draining Kiss|p1a: Pikachu
|-damage|p1a: Pikachu|0 fnt
|-heal|p2a: slow down|6/100 par|[from] drain|[of] p1a: Pikachu
|faint|p1a: Pikachu
|
|upkeep
|
|t:|1757948050
|switch|p1a: Dragonite|Dragonite, F|100/100
|turn|4
|
|t:|1757948061
|-terastallize|p1a: Dragonite|Normal
|move|p1a: Dragonite|Extreme Speed|p2a: slow down
|-crit|p2a: slow down
|-damage|p2a: slow down|0 fnt
|faint|p2a: slow down
|
|upkeep
|
|t:|1757948072
|switch|p2a: Garchomp|Garchomp, F|100/100
|turn|5
|
|t:|1757948084
|-terastallize|p2a: Garchomp|Poison
|move|p1a: Dragonite|Extreme Speed|p2a: Garchomp
|-crit|p2a: Garchomp
|-damage|p2a: Garchomp|5/100
|-damage|p1a: Dragonite|88/100|[from] ability: Rough Skin|[of] p2a: Garchomp
|-damage|p1a: Dragonite|72/100|[from] item: Rocky Helmet|[of] p2a: Garchomp
|move|p2a: Garchomp|Stealth Rock|p1a: Dragonite
|-sidestart|p1: INGIOZU|move: Stealth Rock
|
|-fieldend|move: Trick Room
|upkeep
|turn|6
|
|t:|1757948096
|move|p1a: Dragonite|Extreme Speed|p2a: Garchomp
|-damage|p2a: Garchomp|0 fnt
|-damage|p1a: Dragonite|59/100|[from] ability: Rough Skin|[of] p2a: Garchomp
|-damage|p1a: Dragonite|43/100|[from] item: Rocky Helmet|[of] p2a: Garchomp
|faint|p2a: Garchomp
|
|upkeep
|
|t:|1757948105
|switch|p2a: bye bye :3|Kingambit, F|100/100
|-activate|p2a: bye bye :3|ability: Supreme Overlord
|-start|p2a: bye bye :3|fallen2|[silent]
|turn|7
|
|t:|1757948110
|move|p1a: Dragonite|Extreme Speed|p2a: bye bye :3
|-resisted|p2a: bye bye :3
|-crit|p2a: bye bye :3
|-damage|p2a: bye bye :3|65/100
|move|p2a: bye bye :3|Sucker Punch||[still]
|-fail|p2a: bye bye :3
|
|upkeep
|turn|8
|
|t:|1757948117
|move|p1a: Dragonite|Extreme Speed|p2a: bye bye :3
|-resisted|p2a: bye bye :3
|-damage|p2a: bye bye :3|44/100
|move|p2a: bye bye :3|Kowtow Cleave|p1a: Dragonite
|-damage|p1a: Dragonite|0 fnt
|faint|p1a: Dragonite
|
|upkeep
|
|t:|1757948125
|switch|p1a: Donphan|Donphan, L1, F|100/100
|-damage|p1a: Donphan|93/100|[from] Stealth Rock
|turn|9
|
|t:|1757948135
|-end|p2a: bye bye :3|fallen2|[silent]
|switch|p2a: trixie mattel|Diancie|100/100
|-item|p2a: trixie mattel|Air Balloon
|move|p1a: Donphan|Endeavor|p2a: trixie mattel
|-damage|p2a: trixie mattel|4/100
|-enditem|p2a: trixie mattel|Air Balloon
|-heal|p1a: Donphan|100/100|[from] item: Shell Bell|[of] p2a: trixie mattel
|
|upkeep
|turn|10
|
|t:|1757948148
|move|p1a: Donphan|Ice Shard|p2a: trixie mattel
|-damage|p2a: trixie mattel|4/100
|move|p2a: trixie mattel|Moonblast|p1a: Donphan
|-ability|p1a: Donphan|Sturdy
|-damage|p1a: Donphan|8/100
|
|upkeep
|turn|11
|
|t:|1757948156
|move|p2a: trixie mattel|Moonblast|p1a: Donphan
|-damage|p1a: Donphan|0 fnt
|faint|p1a: Donphan
|
|upkeep
|
|t:|1757948161
|switch|p1a: Wooper|Wooper, F|100/100
|-damage|p1a: Wooper|94/100|[from] Stealth Rock
|turn|12
|
|t:|1757948171
|move|p2a: trixie mattel|Moonblast|p1a: Wooper
|-damage|p1a: Wooper|0 fnt
|faint|p1a: Wooper
|
|upkeep
|-message|INGIOZU forfeited.
|
|win|iamclouds
|raw|INGIOZU's rating: 1065 &rarr; <strong>1048</strong><br />(-17 for losing)
|raw|iamclouds's rating: 1115 &rarr; <strong>1136</strong><br />(+21 for winning)
|l|☆INGIOZU
|player|p1|
|l|☆iamclouds
|player|p2|
