|j|☆matougris
|j|☆assssh
|t:|1757931618
|gametype|singles
|player|p1|matougris|cameraman|1472
|player|p2|assssh|102|1423
|gen|9
|tier|[Gen 9] OU
|rated|
|rule|HP Percentage Mod: HP is shown in percentages
|rule|Endless Battle Clause: Forcing endless battles is banned
|rule|Species Clause: Limit one of each Pokémon
|rule|OHKO Clause: OHKO moves are banned
|rule|Evasion Items Clause: Evasion items are banned
|rule|Evasion Moves Clause: Evasion moves are banned
|rule|Evasion Abilities Clause: Evasion abilities are banned
|rule|Sleep Moves Clause: Sleep-inducing moves are banned
|clearpoke
|poke|p1|Torkoal, F|
|poke|p1|Walking Wake|
|poke|p1|Iron Moth|
|poke|p1|Kingambit, M|
|poke|p1|Lilligant-Hisui, F|
|poke|p1|Great Tusk|
|poke|p2|Dragonite, F|
|poke|p2|Great Tusk|
|poke|p2|Gholdengo|
|poke|p2|Zapdos|
|poke|p2|Garganacl, F|
|poke|p2|Kleavor, F|
|teampreview
|
|t:|1757931628
|teamsize|p1|6
|teamsize|p2|6
|start
|switch|p1a: tapfort 1|Great Tusk, shiny|100/100
|switch|p2a: Kleavor|Kleavor, F|100/100
|turn|1
|
|t:|1757931638
|move|p1a: tapfort 1|Rapid Spin|p2a: Kleavor
|-resisted|p2a: Kleavor
|-damage|p2a: Kleavor|85/100
|-boost|p1a: tapfort 1|spe|1
|-damage|p1a: tapfort 1|91/100|[from] item: Life Orb
|move|p2a: Kleavor|Counter|p1a: tapfort 1
|-damage|p1a: tapfort 1|67/100
|
|upkeep
|turn|2
|
|t:|1757931643
|move|p1a: tapfort 1|Close Combat|p2a: Kleavor
|-damage|p2a: Kleavor|0 fnt
|-unboost|p1a: tapfort 1|def|1
|-unboost|p1a: tapfort 1|spd|1
|faint|p2a: Kleavor
|-damage|p1a: tapfort 1|57/100|[from] item: Life Orb
|
|upkeep
|
|t:|1757931648
|switch|p2a: Great Tusk|Great Tusk|100/100
|-enditem|p2a: Great Tusk|Booster Energy
|-activate|p2a: Great Tusk|ability: Protosynthesis|[fromitem]
|-start|p2a: Great Tusk|protosynthesisatk
|turn|3
|
|t:|1757931654
|move|p1a: tapfort 1|Ice Spinner|p2a: Great Tusk
|-supereffective|p2a: Great Tusk
|-damage|p2a: Great Tusk|45/100
|-damage|p1a: tapfort 1|47/100|[from] item: Life Orb
|move|p2a: Great Tusk|Rapid Spin|p1a: tapfort 1
|-damage|p1a: tapfort 1|21/100
|-boost|p2a: Great Tusk|spe|1
|
|upkeep
|turn|4
|
|t:|1757931658
|move|p2a: Great Tusk|Ice Spinner|p1a: tapfort 1
|-supereffective|p1a: tapfort 1
|-crit|p1a: tapfort 1
|-damage|p1a: tapfort 1|0 fnt
|faint|p1a: tapfort 1
|-end|p1a: tapfort 1|Protosynthesis|[silent]
|
|upkeep
|
|t:|1757931676
|switch|p1a: la mite|Iron Moth|100/100
|-enditem|p1a: la mite|Booster Energy
|-activate|p1a: la mite|ability: Quark Drive|[fromitem]
|-start|p1a: la mite|quarkdrivespe
|turn|5
|
|t:|1757931681
|move|p1a: la mite|Psychic|p2a: Great Tusk
|-supereffective|p2a: Great Tusk
|-damage|p2a: Great Tusk|0 fnt
|faint|p2a: Great Tusk
|-end|p2a: Great Tusk|Protosynthesis|[silent]
|
|upkeep
|
|t:|1757931682
|switch|p2a: Garganacl|Garganacl, F|100/100
|turn|6
|
|t:|1757931686
|-end|p1a: la mite|Quark Drive|[silent]
|switch|p1a: here comes the|Torkoal, F, shiny|100/100
|-weather|SunnyDay|[from] ability: Drought|[of] p1a: here comes the
|-terastallize|p2a: Garganacl|Fairy
|move|p2a: Garganacl|Salt Cure|p1a: here comes the
|-supereffective|p1a: here comes the
|-damage|p1a: here comes the|81/100
|-start|p1a: here comes the|Salt Cure
|
|-weather|SunnyDay|[upkeep]
|-damage|p1a: here comes the|68/100|[from] Salt Cure
|upkeep
|turn|7
|
|t:|1757931689
|switch|p1a: frapfort 2|Kingambit, M, shiny|100/100
|-activate|p1a: frapfort 2|ability: Supreme Overlord
|-start|p1a: frapfort 2|fallen1|[silent]
|move|p2a: Garganacl|Iron Defense|p2a: Garganacl
|-boost|p2a: Garganacl|def|2
|
|-weather|SunnyDay|[upkeep]
|upkeep
|turn|8
|
|t:|1757931707
|-end|p1a: frapfort 2|fallen1|[silent]
|switch|p1a: la mite|Iron Moth|100/100
|move|p2a: Garganacl|Body Press|p1a: la mite
|-resisted|p1a: la mite
|-crit|p1a: la mite
|-damage|p1a: la mite|48/100
|
|-weather|SunnyDay|[upkeep]
|upkeep
|turn|9
|
|t:|1757931713
|switch|p2a: Gholdengo|Gholdengo|100/100
|move|p1a: la mite|Sludge Wave|p2a: Gholdengo
|-immune|p2a: Gholdengo
|
|-weather|SunnyDay|[upkeep]
|upkeep
|turn|10
|
|t:|1757931717
|move|p2a: Gholdengo|Shadow Ball|p1a: la mite
|-damage|p1a: la mite|3/100
|move|p1a: la mite|Fiery Dance|p2a: Gholdengo
|-supereffective|p2a: Gholdengo
|-damage|p2a: Gholdengo|0 fnt
|-boost|p1a: la mite|spa|1
|faint|p2a: Gholdengo
|
|-weather|SunnyDay|[upkeep]
|upkeep
|
|t:|1757931722
|switch|p2a: Dragonite|Dragonite, F|100/100
|turn|11
|inactive|Battle timer is ON: inactive players will automatically lose when time's up. (requested by assssh)
|
|t:|1757931741
|-end|p1a: la mite|Quark Drive|[silent]
|switch|p1a: streapteaseuse|Lilligant-Hisui, F, shiny|100/100
|move|p2a: Dragonite|Dragon Dance|p2a: Dragonite
|-boost|p2a: Dragonite|atk|1
|-boost|p2a: Dragonite|spe|1
|
|-weather|SunnyDay|[upkeep]
|upkeep
|turn|12
|
|t:|1757931752
|move|p1a: streapteaseuse|Ice Spinner|p2a: Dragonite
|-supereffective|p2a: Dragonite
|-damage|p2a: Dragonite|27/100
|-damage|p1a: streapteaseuse|91/100|[from] item: Life Orb
|move|p2a: Dragonite|Ice Spinner|p1a: streapteaseuse
|-supereffective|p1a: streapteaseuse
|-damage|p1a: streapteaseuse|0 fnt
|faint|p1a: streapteaseuse
|
|-weather|SunnyDay|[upkeep]
|upkeep
|l|☆assssh
|inactive|assssh disconnected and has a minute to reconnect!
|player|p2|
|
|t:|1757931756
|switch|p1a: long queue|Walking Wake|100/100
|-activate|p1a: long queue|ability: Protosynthesis
|-start|p1a: long queue|protosynthesisspe
|turn|13
|j|☆assssh
|inactive|assssh reconnected and has 145 seconds left.
|player|p2|assssh|102|
|
|t:|1757931768
|move|p2a: Dragonite|Extreme Speed|p1a: long queue
|-damage|p1a: long queue|55/100
|move|p1a: long queue|Dragon Pulse|p2a: Dragonite
|-supereffective|p2a: Dragonite
|-damage|p2a: Dragonite|0 fnt
|faint|p2a: Dragonite
|-damage|p1a: long queue|46/100|[from] item: Life Orb
|
|-weather|none
|-end|p1a: long queue|Protosynthesis
|upkeep
|
|t:|1757931773
|switch|p2a: Zapdos|Zapdos|100/100
|turn|14
|
|t:|1757931781
|move|p1a: long queue|Hydro Steam|p2a: Zapdos
|-damage|p2a: Zapdos|50/100
|-damage|p1a: long queue|36/100|[from] item: Life Orb
|move|p2a: Zapdos|U-turn|p1a: long queue
|-damage|p1a: long queue|22/100
|
|t:|1757931784
|switch|p2a: Garganacl|Garganacl, F, tera:Fairy|100/100|[from] U-turn
|
|upkeep
|turn|15
|
|t:|1757931789
|-end|p1a: long queue|Protosynthesis|[silent]
|switch|p1a: here comes the|Torkoal, F, shiny|68/100
|-weather|SunnyDay|[from] ability: Drought|[of] p1a: here comes the
|move|p2a: Garganacl|Iron Defense|p2a: Garganacl
|-boost|p2a: Garganacl|def|2
|
|-weather|SunnyDay|[upkeep]
|upkeep
|turn|16
|
|t:|1757931791
|move|p2a: Garganacl|Salt Cure|p1a: here comes the
|-supereffective|p1a: here comes the
|-damage|p1a: here comes the|47/100
|-start|p1a: here comes the|Salt Cure
|move|p1a: here comes the|Lava Plume|p2a: Garganacl
|-damage|p2a: Garganacl|77/100
|
|-weather|SunnyDay|[upkeep]
|-heal|p2a: Garganacl|83/100|[from] item: Leftovers
|-damage|p1a: here comes the|35/100|[from] Salt Cure
|upkeep
|turn|17
|
|t:|1757931801
|move|p2a: Garganacl|Iron Defense|p2a: Garganacl
|-boost|p2a: Garganacl|def|2
|move|p1a: here comes the|Lava Plume|p2a: Garganacl
|-damage|p2a: Garganacl|60/100
|
|-weather|SunnyDay|[upkeep]
|-heal|p2a: Garganacl|66/100|[from] item: Leftovers
|-damage|p1a: here comes the|22/100|[from] Salt Cure
|upkeep
|turn|18
|
|t:|1757931804
|move|p2a: Garganacl|Recover|p2a: Garganacl
|-heal|p2a: Garganacl|100/100
|move|p1a: here comes the|Lava Plume|p2a: Garganacl
|-damage|p2a: Garganacl|76/100
|
|-weather|SunnyDay|[upkeep]
|-heal|p2a: Garganacl|83/100|[from] item: Leftovers
|-damage|p1a: here comes the|10/100|[from] Salt Cure
|upkeep
|turn|19
|
|t:|1757931809
|move|p2a: Garganacl|Salt Cure|p1a: here comes the
|-supereffective|p1a: here comes the
|-damage|p1a: here comes the|0 fnt
|faint|p1a: here comes the
|
|-weather|SunnyDay|[upkeep]
|-heal|p2a: Garganacl|89/100|[from] item: Leftovers
|upkeep
|inactive|matougris has 120 seconds left.
|
|t:|1757931851
|switch|p1a: frapfort 2|Kingambit, M, shiny|100/100
|-activate|p1a: frapfort 2|ability: Supreme Overlord
|-start|p1a: frapfort 2|fallen3|[silent]
|turn|20
|
|t:|1757931866
|-terastallize|p1a: frapfort 2|Fairy
|move|p1a: frapfort 2|Swords Dance|p1a: frapfort 2
|-boost|p1a: frapfort 2|atk|2
|move|p2a: Garganacl|Body Press|p1a: frapfort 2
|-resisted|p1a: frapfort 2
|-damage|p1a: frapfort 2|77/100
|
|-weather|SunnyDay|[upkeep]
|-heal|p1a: frapfort 2|83/100|[from] item: Leftovers
|-heal|p2a: Garganacl|95/100|[from] item: Leftovers
|upkeep
|turn|21
|inactive|matougris has 120 seconds left.
|
|t:|1757931892
|move|p1a: frapfort 2|Swords Dance|p1a: frapfort 2
|-boost|p1a: frapfort 2|atk|2
|move|p2a: Garganacl|Salt Cure|p1a: frapfort 2
|-damage|p1a: frapfort 2|73/100
|-start|p1a: frapfort 2|Salt Cure
|
|-weather|SunnyDay|[upkeep]
|-heal|p1a: frapfort 2|79/100|[from] item: Leftovers
|-heal|p2a: Garganacl|100/100|[from] item: Leftovers
|-damage|p1a: frapfort 2|67/100|[from] Salt Cure
|upkeep
|turn|22
|
|t:|1757931918
|switch|p2a: Zapdos|Zapdos|50/100
|move|p1a: frapfort 2|Iron Head|p2a: Zapdos
|-resisted|p2a: Zapdos
|-damage|p2a: Zapdos|0 fnt
|faint|p2a: Zapdos
|
|-weather|none
|-heal|p1a: frapfort 2|73/100|[from] item: Leftovers
|-damage|p1a: frapfort 2|60/100|[from] Salt Cure
|upkeep
|-message|assssh forfeited.
|
|win|matougris
|raw|matougris's rating: 1472 &rarr; <strong>1489</strong><br />(+17 for winning)
|raw|assssh's rating: 1423 &rarr; <strong>1406</strong><br />(-17 for losing)
|l|☆assssh
|player|p2|
|l|☆matougris
|player|p1|
