|j|☆Reaver64
|j|☆asdfa9
|t:|1757856058
|gametype|singles
|player|p1|Reaver64|unknown|1078
|player|p2|asdfa9|169|1089
|gen|9
|tier|[Gen 9] OU
|rated|
|rule|HP Percentage Mod: HP is shown in percentages
|rule|Endless Battle Clause: Forcing endless battles is banned
|rule|Species Clause: Limit one of each Pokémon
|rule|OHKO Clause: OHKO moves are banned
|rule|Evasion Items Clause: Evasion items are banned
|rule|Evasion Moves Clause: Evasion moves are banned
|rule|Evasion Abilities Clause: Evasion abilities are banned
|rule|Sleep Moves Clause: Sleep-inducing moves are banned
|clearpoke
|poke|p1|Corviknight, M|
|poke|p1|Lucario, M|
|poke|p1|Jolteon, F|
|poke|p1|Garchomp, M|
|poke|p1|Weavile, M|
|poke|p1|Glimmora, M|
|poke|p2|Darkrai|
|poke|p2|Iron Valiant|
|poke|p2|Cobalion|
|poke|p2|Gliscor, F|
|poke|p2|Gholdengo|
|poke|p2|Ogerpon-Wellspring, F|
|teampreview
|inactive|Battle timer is ON: inactive players will automatically lose when time's up. (requested by Reaver64)
|
|t:|1757856109
|teamsize|p1|6
|teamsize|p2|6
|start
|switch|p1a: Glimmora|Glimmora, M, shiny|100/100
|switch|p2a: Cobalion|Cobalion|100/100
|turn|1
|
|t:|1757856114
|move|p2a: Cobalion|Iron Defense|p2a: Cobalion
|-boost|p2a: Cobalion|def|2
|move|p1a: Glimmora|Spikes|p2a: Cobalion
|-sidestart|p2: asdfa9|Spikes
|
|upkeep
|turn|2
|
|t:|1757856120
|move|p2a: Cobalion|Iron Defense|p2a: Cobalion
|-boost|p2a: Cobalion|def|2
|move|p1a: Glimmora|Spikes|p2a: Cobalion
|-sidestart|p2: asdfa9|Spikes
|
|upkeep
|turn|3
|
|t:|1757856129
|move|p1a: Glimmora|Protect|p1a: Glimmora
|-singleturn|p1a: Glimmora|Protect
|move|p2a: Cobalion|Iron Defense|p2a: Cobalion
|-boost|p2a: Cobalion|def|2
|
|upkeep
|turn|4
|
|t:|1757856136
|move|p2a: Cobalion|Body Press|p1a: Glimmora
|-damage|p1a: Glimmora|0 fnt
|-activate|p1a: Glimmora|ability: Toxic Debris
|-sidestart|p2: asdfa9|move: Toxic Spikes
|faint|p1a: Glimmora
|
|upkeep
|
|t:|1757856143
|switch|p1a: Corviknight|Corviknight, M, shiny|100/100
|-ability|p1a: Corviknight|Unnerve
|turn|5
|
|t:|1757856149
|move|p2a: Cobalion|Body Press|p1a: Corviknight
|-damage|p1a: Corviknight|0 fnt
|faint|p1a: Corviknight
|
|upkeep
|
|t:|1757856156
|switch|p1a: Weavile|Weavile, M|100/100
|turn|6
|
|t:|1757856171
|move|p1a: Weavile|Shadow Claw|p2a: Cobalion
|-damage|p2a: Cobalion|96/100
|move|p2a: Cobalion|Body Press|p1a: Weavile
|-supereffective|p1a: Weavile
|-damage|p1a: Weavile|0 fnt
|faint|p1a: Weavile
|
|upkeep
|c|☆Reaver64|I hate you :(
|
|t:|1757856187
|switch|p1a: Garchomp|Garchomp, M|100/100
|turn|7
|
|t:|1757856195
|-terastallize|p1a: Garchomp|Grass
|move|p1a: Garchomp|Earthquake|p2a: Cobalion
|-supereffective|p2a: Cobalion
|-damage|p2a: Cobalion|78/100
|move|p2a: Cobalion|Body Press|p1a: Garchomp
|-damage|p1a: Garchomp|0 fnt
|-damage|p2a: Cobalion|65/100|[from] ability: Rough Skin|[of] p1a: Garchomp
|faint|p1a: Garchomp
|
|upkeep
|
|t:|1757856205
|switch|p1a: Lucario|Lucario, M|100/100
|turn|8
|
|t:|1757856212
|move|p2a: Cobalion|Body Press|p1a: Lucario
|-supereffective|p1a: Lucario
|-damage|p1a: Lucario|0 fnt
|faint|p1a: Lucario
|
|upkeep
|
|t:|1757856214
|switch|p1a: Jolteon|Jolteon, F|100/100
|turn|9
|c|☆Reaver64|Gg
|inactiveoff|Battle timer is now OFF.
|inactive|Battle timer is ON: inactive players will automatically lose when time's up. (requested by asdfa9)
|
|t:|1757856245
|move|p1a: Jolteon|Shadow Ball|p2a: Cobalion
|-damage|p2a: Cobalion|30/100
|move|p2a: Cobalion|Body Press|p1a: Jolteon
|-damage|p1a: Jolteon|0 fnt
|faint|p1a: Jolteon
|
|win|asdfa9
|raw|Reaver64's rating: 1078 &rarr; <strong>1057</strong><br />(-21 for losing)
|raw|asdfa9's rating: 1089 &rarr; <strong>1115</strong><br />(+26 for winning)
|l|☆Reaver64
|player|p1|
|l|☆asdfa9
|player|p2|
