|j|☆disco 2003
|j|☆omari p
|t:|1757810305
|gametype|singles
|player|p1|disco 2003|policeman-gen4|1643
|player|p2|omari p|pokemonrangerf|1663
|gen|9
|tier|[Gen 9] OU
|rated|
|rule|HP Percentage Mod: HP is shown in percentages
|rule|Endless Battle Clause: Forcing endless battles is banned
|rule|Species Clause: Limit one of each Pokémon
|rule|OHKO Clause: OHKO moves are banned
|rule|Evasion Items Clause: Evasion items are banned
|rule|Evasion Moves Clause: Evasion moves are banned
|rule|Evasion Abilities Clause: Evasion abilities are banned
|rule|Sleep Moves Clause: Sleep-inducing moves are banned
|clearpoke
|poke|p1|Dragonite, F|
|poke|p1|Zamazenta-*|
|poke|p1|Landorus-Therian, M|
|poke|p1|Gholdengo|
|poke|p1|Darkrai|
|poke|p1|Hatterene, F|
|poke|p2|Ting-Lu|
|poke|p2|Glastrier|
|poke|p2|Thundurus-Therian, M|
|poke|p2|Cinderace, M|
|poke|p2|Latios, M|
|poke|p2|Corviknight, M|
|teampreview
|inactive|Battle timer is ON: inactive players will automatically lose when time's up. (requested by disco 2003)
|
|t:|1757810322
|teamsize|p1|6
|teamsize|p2|6
|start
|switch|p1a: Darkrai|Darkrai|100/100
|switch|p2a: Latios|Latios, M|100/100
|turn|1
|
|t:|1757810344
|switch|p2a: Ting-Lu|Ting-Lu|100/100
|-ability|p2a: Ting-Lu|Vessel of Ruin
|switch|p1a: Hatterene|Hatterene, F|100/100
|
|upkeep
|turn|2
|
|t:|1757810352
|move|p2a: Ting-Lu|Heavy Slam|p1a: Hatterene
|-supereffective|p1a: Hatterene
|-damage|p1a: Hatterene|11/100
|move|p1a: Hatterene|Draining Kiss|p2a: Ting-Lu
|-supereffective|p2a: Ting-Lu
|-damage|p2a: Ting-Lu|69/100
|-heal|p1a: Hatterene|47/100|[from] drain|[of] p2a: Ting-Lu
|-enditem|p2a: Ting-Lu|Weakness Policy
|-boost|p2a: Ting-Lu|atk|2|[from] item: Weakness Policy
|-boost|p2a: Ting-Lu|spa|2|[from] item: Weakness Policy
|
|upkeep
|turn|3
|j| i know charmander
|
|t:|1757810370
|switch|p1a: Landorus|Landorus-Therian, M|100/100
|-ability|p1a: Landorus|Intimidate|boost
|-unboost|p2a: Ting-Lu|atk|1
|move|p2a: Ting-Lu|Heavy Slam|p1a: Landorus
|-damage|p1a: Landorus|49/100
|-damage|p2a: Ting-Lu|53/100|[from] item: Rocky Helmet|[of] p1a: Landorus
|
|upkeep
|turn|4
|
|t:|1757810376
|move|p1a: Landorus|U-turn|p2a: Ting-Lu
|-supereffective|p2a: Ting-Lu
|-damage|p2a: Ting-Lu|28/100
|
|t:|1757810385
|switch|p1a: Gholdengo|Gholdengo|100/100|[from] U-turn
|move|p2a: Ting-Lu|Heavy Slam|p1a: Gholdengo
|-resisted|p1a: Gholdengo
|-damage|p1a: Gholdengo|69/100
|
|upkeep
|turn|5
|
|t:|1757810391
|move|p1a: Gholdengo|Make It Rain|p2a: Ting-Lu
|-damage|p2a: Ting-Lu|0 fnt
|-unboost|p1a: Gholdengo|spa|1
|faint|p2a: Ting-Lu
|
|upkeep
|
|t:|1757810394
|switch|p2a: Cinderace|Cinderace, M|100/100
|turn|6
|j| 54 Insane Rats
|
|t:|1757810401
|switch|p1a: Landorus|Landorus-Therian, M|49/100
|-ability|p1a: Landorus|Intimidate|boost
|-unboost|p2a: Cinderace|atk|1
|move|p2a: Cinderace|Pyro Ball|p1a: Landorus
|-damage|p1a: Landorus|3/100
|
|upkeep
|turn|7
|
|t:|1757810418
|move|p2a: Cinderace|Pyro Ball|p1a: Landorus
|-damage|p1a: Landorus|0 fnt
|faint|p1a: Landorus
|
|upkeep
|
|t:|1757810421
|switch|p1a: Dragonite|Dragonite, F|100/100
|turn|8
|
|t:|1757810441
|switch|p2a: Corviknight|Corviknight, M|100/100
|-ability|p2a: Corviknight|Pressure
|switch|p1a: Gholdengo|Gholdengo|69/100
|
|upkeep
|turn|9
|
|t:|1757810447
|switch|p2a: Cinderace|Cinderace, M|100/100
|move|p1a: Gholdengo|Thunderbolt|p2a: Cinderace
|-damage|p2a: Cinderace|50/100
|
|upkeep
|turn|10
|
|t:|1757810458
|switch|p1a: Hatterene|Hatterene, F|47/100
|move|p2a: Cinderace|Pyro Ball|p1a: Hatterene
|-damage|p1a: Hatterene|0 fnt
|faint|p1a: Hatterene
|
|upkeep
|
|t:|1757810473
|switch|p1a: Darkrai|Darkrai|100/100
|turn|11
|inactive|omari p has 120 seconds left.
|
|t:|1757810511
|move|p1a: Darkrai|Dark Pulse|p2a: Cinderace
|-damage|p2a: Cinderace|0 fnt
|faint|p2a: Cinderace
|
|upkeep
|
|t:|1757810513
|switch|p2a: Glastrier|Glastrier|100/100
|turn|12
|inactive|disco 2003 has 120 seconds left.
|
|t:|1757810565
|move|p1a: Darkrai|Will-O-Wisp|p2a: Glastrier
|-status|p2a: Glastrier|brn
|move|p2a: Glastrier|Swords Dance|p2a: Glastrier
|-boost|p2a: Glastrier|atk|2
|
|-damage|p2a: Glastrier|94/100 brn|[from] brn
|upkeep
|turn|13
|
|t:|1757810577
|switch|p1a: Gholdengo|Gholdengo|69/100
|move|p2a: Glastrier|Close Combat|p1a: Gholdengo
|-immune|p1a: Gholdengo
|
|-heal|p2a: Glastrier|100/100 brn|[from] item: Leftovers
|-damage|p2a: Glastrier|94/100 brn|[from] brn
|upkeep
|turn|14
|
|t:|1757810591
|switch|p1a: Darkrai|Darkrai|100/100
|move|p2a: Glastrier|High Horsepower|p1a: Darkrai
|-damage|p1a: Darkrai|60/100
|
|-heal|p2a: Glastrier|100/100 brn|[from] item: Leftovers
|-damage|p2a: Glastrier|94/100 brn|[from] brn
|upkeep
|turn|15
|
|t:|1757810602
|move|p1a: Darkrai|Dark Pulse|p2a: Glastrier
|-damage|p2a: Glastrier|66/100 brn
|move|p2a: Glastrier|High Horsepower|p1a: Darkrai
|-damage|p1a: Darkrai|17/100
|
|-heal|p2a: Glastrier|73/100 brn|[from] item: Leftovers
|-damage|p2a: Glastrier|66/100 brn|[from] brn
|upkeep
|turn|16
|
|t:|1757810609
|move|p1a: Darkrai|Dark Pulse|p2a: Glastrier
|-damage|p2a: Glastrier|39/100 brn
|cant|p2a: Glastrier|flinch
|
|-heal|p2a: Glastrier|45/100 brn|[from] item: Leftovers
|-damage|p2a: Glastrier|39/100 brn|[from] brn
|upkeep
|turn|17
|
|t:|1757810613
|move|p1a: Darkrai|Dark Pulse|p2a: Glastrier
|-damage|p2a: Glastrier|13/100 brn
|move|p2a: Glastrier|High Horsepower|p1a: Darkrai
|-damage|p1a: Darkrai|0 fnt
|faint|p1a: Darkrai
|-ability|p2a: Glastrier|Chilling Neigh|boost
|-boost|p2a: Glastrier|atk|1
|
|-heal|p2a: Glastrier|20/100 brn|[from] item: Leftovers
|-damage|p2a: Glastrier|13/100 brn|[from] brn
|upkeep
|
|t:|1757810622
|switch|p1a: Gholdengo|Gholdengo|69/100
|turn|18
|
|t:|1757810638
|move|p1a: Gholdengo|Thunderbolt|p2a: Glastrier
|-damage|p2a: Glastrier|0 fnt
|faint|p2a: Glastrier
|
|upkeep
|
|t:|1757810639
|switch|p2a: Thundurus|Thundurus-Therian, M|100/100
|turn|19
|
|t:|1757810645
|move|p2a: Thundurus|Nasty Plot|p2a: Thundurus
|-boost|p2a: Thundurus|spa|2
|move|p1a: Gholdengo|Recover|p1a: Gholdengo
|-heal|p1a: Gholdengo|100/100
|
|upkeep
|turn|20
|
|t:|1757810648
|move|p2a: Thundurus|Thunderbolt|p1a: Gholdengo
|-damage|p1a: Gholdengo|0 fnt
|faint|p1a: Gholdengo
|
|upkeep
|
|t:|1757810650
|switch|p1a: Dragonite|Dragonite, F|100/100
|turn|21
|
|t:|1757810656
|move|p2a: Thundurus|Thunderbolt|p1a: Dragonite
|-damage|p1a: Dragonite|45/100
|move|p1a: Dragonite|Dragon Dance|p1a: Dragonite
|-boost|p1a: Dragonite|atk|1
|-boost|p1a: Dragonite|spe|1
|
|upkeep
|turn|22
|
|t:|1757810664
|move|p1a: Dragonite|Dragon Dance|p1a: Dragonite
|-boost|p1a: Dragonite|atk|1
|-boost|p1a: Dragonite|spe|1
|move|p2a: Thundurus|Thunderbolt|p1a: Dragonite
|-damage|p1a: Dragonite|0 fnt
|faint|p1a: Dragonite
|
|upkeep
|
|t:|1757810666
|switch|p1a: Zamazenta|Zamazenta|100/100
|-ability|p1a: Zamazenta|Dauntless Shield|boost
|-boost|p1a: Zamazenta|def|1
|turn|23
|c|☆omari p|?
|c|☆disco 2003|didn't have a move to hit it anyways
|c|☆disco 2003|gg
|
|t:|1757810681
|move|p1a: Zamazenta|Body Press|p2a: Thundurus
|-resisted|p2a: Thundurus
|-damage|p2a: Thundurus|58/100
|move|p2a: Thundurus|Thunderbolt|p1a: Zamazenta
|-damage|p1a: Zamazenta|2/100
|-status|p1a: Zamazenta|par
|
|-heal|p2a: Thundurus|65/100|[from] item: Leftovers
|-heal|p1a: Zamazenta|8/100 par|[from] item: Leftovers
|upkeep
|turn|24
|
|t:|1757810686
|move|p2a: Thundurus|Thunderbolt|p1a: Zamazenta
|-damage|p1a: Zamazenta|0 fnt
|faint|p1a: Zamazenta
|
|win|omari p
|raw|disco 2003's rating: 1643 &rarr; <strong>1624</strong><br />(-19 for losing)
|raw|omari p's rating: 1663 &rarr; <strong>1682</strong><br />(+19 for winning)
|c|☆omari p|gg
|l|☆disco 2003
|player|p1|
