|j|☆Mysterion-911
|j|‽XIXINANA
|t:|1757901178
|gametype|singles
|player|p1|Mysterion-911|lucas|1340
|player|p2|XIXINANA|nate|1332
|gen|9
|tier|[Gen 9] OU
|rated|
|rule|HP Percentage Mod: HP is shown in percentages
|rule|Endless Battle Clause: Forcing endless battles is banned
|rule|Species Clause: Limit one of each Pokémon
|rule|OHKO Clause: OHKO moves are banned
|rule|Evasion Items Clause: Evasion items are banned
|rule|Evasion Moves Clause: Evasion moves are banned
|rule|Evasion Abilities Clause: Evasion abilities are banned
|rule|Sleep Moves Clause: Sleep-inducing moves are banned
|clearpoke
|poke|p1|Glimmora, F|
|poke|p1|Necrozma|
|poke|p1|Zamazenta-*|
|poke|p1|Dragonite, M|
|poke|p1|Primarina, F|
|poke|p1|Kingambit, M|
|poke|p2|Dusknoir, F|
|poke|p2|Lycanroc-Midnight, F|
|poke|p2|Sinistcha-Masterpiece|
|poke|p2|Polteageist-Antique|
|poke|p2|Typhlosion-Hisui, M|
|poke|p2|Regidrago|
|teampreview
|inactive|Battle timer is ON: inactive players will automatically lose when time's up. (requested by Mysterion-911)
|
|t:|1757901187
|teamsize|p1|6
|teamsize|p2|6
|start
|switch|p1a: Glimmora|Glimmora, F|100/100
|switch|p2a: Typhlosion|Typhlosion-Hisui, M|100/100
|-item|p1a: Glimmora|Focus Sash|[from] ability: Frisk|[of] p2a: Typhlosion
|turn|1
|
|t:|1757901198
|move|p2a: Typhlosion|Shadow Ball|p1a: Glimmora
|-damage|p1a: Glimmora|49/100
|move|p1a: Glimmora|Power Gem|p2a: Typhlosion
|-supereffective|p2a: Typhlosion
|-damage|p2a: Typhlosion|0 fnt
|faint|p2a: Typhlosion
|
|upkeep
|
|t:|1757901214
|switch|p2a: Regidrago|Regidrago|100/100
|turn|2
|
|t:|1757901220
|move|p2a: Regidrago|Earth Power|p1a: Glimmora
|-supereffective|p1a: Glimmora
|-damage|p1a: Glimmora|0 fnt
|faint|p1a: Glimmora
|
|upkeep
|
|t:|1757901225
|switch|p1a: Primarina|Primarina, F|100/100
|turn|3
|
|t:|1757901232
|switch|p2a: Sinistcha|Sinistcha-Masterpiece|100/100
|move|p1a: Primarina|Moonblast|p2a: Sinistcha
|-damage|p2a: Sinistcha|37/100
|
|-heal|p2a: Sinistcha|43/100|[from] item: Leftovers
|upkeep
|turn|4
|
|t:|1757901246
|-terastallize|p1a: Primarina|Steel
|move|p2a: Sinistcha|Strength Sap|p1a: Primarina
|-unboost|p1a: Primarina|atk|1
|-heal|p2a: Sinistcha|83/100
|move|p1a: Primarina|Moonblast|p2a: Sinistcha
|-crit|p2a: Sinistcha
|-damage|p2a: Sinistcha|0 fnt
|faint|p2a: Sinistcha
|
|upkeep
|inactive|XIXINANA has 120 seconds left.
|
|t:|1757901281
|switch|p2a: Lycanroc|Lycanroc-Midnight, F|100/100
|turn|5
|
|t:|1757901285
|move|p2a: Lycanroc|Close Combat|p1a: Primarina
|-supereffective|p1a: Primarina
|-damage|p1a: Primarina|0 fnt
|-unboost|p2a: Lycanroc|def|1
|-unboost|p2a: Lycanroc|spd|1
|faint|p1a: Primarina
|-damage|p2a: Lycanroc|91/100|[from] item: Life Orb
|
|upkeep
|
|t:|1757901293
|switch|p1a: Zamazenta|Zamazenta|100/100
|-ability|p1a: Zamazenta|Dauntless Shield|boost
|-boost|p1a: Zamazenta|def|1
|turn|6
|
|t:|1757901303
|switch|p2a: Dusknoir|Dusknoir, F|100/100
|-item|p1a: Zamazenta|Leftovers|[from] ability: Frisk|[of] p2a: Dusknoir
|move|p1a: Zamazenta|Iron Defense|p1a: Zamazenta
|-boost|p1a: Zamazenta|def|2
|
|upkeep
|turn|7
|
|t:|1757901313
|move|p1a: Zamazenta|Substitute|p1a: Zamazenta
|-start|p1a: Zamazenta|Substitute
|-damage|p1a: Zamazenta|76/100
|move|p2a: Dusknoir|Trick||[still]
|-fail|p2a: Dusknoir
|
|-heal|p1a: Zamazenta|82/100|[from] item: Leftovers
|upkeep
|turn|8
|
|t:|1757901321
|switch|p2a: Regidrago|Regidrago|100/100
|move|p1a: Zamazenta|Crunch|p2a: Regidrago
|-damage|p2a: Regidrago|76/100
|
|-heal|p1a: Zamazenta|88/100|[from] item: Leftovers
|upkeep
|turn|9
|
|t:|1757901332
|move|p1a: Zamazenta|Body Press|p2a: Regidrago
|-damage|p2a: Regidrago|0 fnt
|faint|p2a: Regidrago
|
|-heal|p1a: Zamazenta|94/100|[from] item: Leftovers
|upkeep
|
|t:|1757901341
|switch|p2a: Dusknoir|Dusknoir, F|100/100
|-item|p1a: Zamazenta|Leftovers|[from] ability: Frisk|[of] p2a: Dusknoir
|turn|10
|-message|XIXINANA forfeited.
|
|win|Mysterion-911
|raw|Mysterion-911's rating: 1340 &rarr; <strong>1360</strong><br />(+20 for winning)
|raw|XIXINANA's rating: 1332 &rarr; <strong>1312</strong><br />(-20 for losing)
|l|‽XIXINANA
|player|p2|
|l|☆Mysterion-911
|player|p1|
