|j|☆Church of Booty
|j|☆kk jb8ruw
|t:|1757873867
|gametype|singles
|player|p1|Church of Booty|cynthia-gen4|1039
|player|p2|kk jb8ruw|266|1029
|gen|9
|tier|[Gen 9] OU
|rated|
|rule|HP Percentage Mod: HP is shown in percentages
|rule|Endless Battle Clause: Forcing endless battles is banned
|rule|Species Clause: Limit one of each Pokémon
|rule|OHKO Clause: OHKO moves are banned
|rule|Evasion Items Clause: Evasion items are banned
|rule|Evasion Moves Clause: Evasion moves are banned
|rule|Evasion Abilities Clause: Evasion abilities are banned
|rule|Sleep Moves Clause: Sleep-inducing moves are banned
|clearpoke
|poke|p1|Chesnaught, M|
|poke|p1|Rillaboom, M|
|poke|p1|Corviknight, M|
|poke|p1|Garchomp, M|
|poke|p1|Sylveon, F|
|poke|p1|Greninja-*, M|
|poke|p2|Meowscarada, M|
|poke|p2|Mimikyu, M|
|poke|p2|Skeledirge, M|
|poke|p2|Ceruledge, M|
|poke|p2|Ribombee, M|
|poke|p2|Corviknight, M|
|teampreview
|inactive|Battle timer is ON: inactive players will automatically lose when time's up. (requested by Church of Booty)
|
|t:|1757873882
|teamsize|p1|6
|teamsize|p2|6
|start
|switch|p1a: Greninja|Greninja, M|100/100
|switch|p2a: Meowscarada|Meowscarada, M, shiny|100/100
|turn|1
|
|t:|1757873898
|switch|p1a: Rillaboom|Rillaboom, M|100/100
|-fieldstart|move: Grassy Terrain|[from] ability: Grassy Surge|[of] p1a: Rillaboom
|move|p2a: Meowscarada|Flower Trick|p1a: Rillaboom
|-start|p2a: Meowscarada|typechange|Grass|[from] ability: Protean
|-resisted|p1a: Rillaboom
|-crit|p1a: Rillaboom
|-damage|p1a: Rillaboom|53/100
|-damage|p2a: Meowscarada|91/100|[from] item: Life Orb
|
|-heal|p2a: Meowscarada|97/100|[from] Grassy Terrain
|-heal|p1a: Rillaboom|59/100|[from] Grassy Terrain
|upkeep
|turn|2
|
|t:|1757873913
|move|p2a: Meowscarada|Acrobatics|p1a: Rillaboom
|-supereffective|p1a: Rillaboom
|-damage|p1a: Rillaboom|11/100
|-damage|p2a: Meowscarada|87/100|[from] item: Life Orb
|move|p1a: Rillaboom|U-turn|p2a: Meowscarada
|-supereffective|p2a: Meowscarada
|-damage|p2a: Meowscarada|10/100
|
|t:|1757873920
|switch|p1a: Chesnaught|Chesnaught, M|100/100|[from] U-turn
|
|-heal|p2a: Meowscarada|17/100|[from] Grassy Terrain
|upkeep
|turn|3
|
|t:|1757873932
|move|p1a: Chesnaught|Grassy Glide|p2a: Meowscarada
|-resisted|p2a: Meowscarada
|-damage|p2a: Meowscarada|0 fnt
|faint|p2a: Meowscarada
|
|upkeep
|
|t:|1757873950
|switch|p2a: Ribombee|Ribombee, M, shiny|100/100
|turn|4
|
|t:|1757873964
|move|p2a: Ribombee|Moonblast|p1a: Chesnaught
|-supereffective|p1a: Chesnaught
|-damage|p1a: Chesnaught|32/100
|-enditem|p1a: Chesnaught|Sitrus Berry|[eat]
|-heal|p1a: Chesnaught|57/100|[from] item: Sitrus Berry
|move|p1a: Chesnaught|Belly Drum|p1a: Chesnaught
|-damage|p1a: Chesnaught|7/100
|-setboost|p1a: Chesnaught|atk|6|[from] move: Belly Drum
|
|-heal|p1a: Chesnaught|13/100|[from] Grassy Terrain
|upkeep
|turn|5
|
|t:|1757873976
|move|p1a: Chesnaught|Grassy Glide|p2a: Ribombee
|-resisted|p2a: Ribombee
|-enditem|p2a: Ribombee|Focus Sash
|-damage|p2a: Ribombee|1/100
|move|p2a: Ribombee|Acrobatics|p1a: Chesnaught
|-supereffective|p1a: Chesnaught
|-damage|p1a: Chesnaught|0 fnt
|faint|p1a: Chesnaught
|
|-heal|p2a: Ribombee|7/100|[from] Grassy Terrain
|upkeep
|
|t:|1757873990
|switch|p1a: Greninja|Greninja, M|100/100
|turn|6
|
|t:|1757873997
|move|p1a: Greninja|Water Shuriken|p2a: Ribombee
|-damage|p2a: Ribombee|0 fnt
|faint|p2a: Ribombee
|-ability|p1a: Greninja|Battle Bond|boost
|-boost|p1a: Greninja|atk|1
|-boost|p1a: Greninja|spa|1
|-boost|p1a: Greninja|spe|1
|-activate|p1a: Greninja|ability: Battle Bond
|-hitcount|p2: Ribombee|1
|
|upkeep
|
|t:|1757874027
|switch|p2a: Mimikyu|Mimikyu, M, shiny|100/100
|turn|7
|
|t:|1757874045
|-terastallize|p1a: Greninja|Water
|move|p1a: Greninja|Dark Pulse|p2a: Mimikyu
|-activate|p2a: Mimikyu|ability: Disguise
|-damage|p2a: Mimikyu|100/100
|detailschange|p2a: Mimikyu|Mimikyu-Busted, M, shiny
|-damage|p2a: Mimikyu|88/100|[from] pokemon: Mimikyu-Busted
|move|p2a: Mimikyu|Swords Dance|p2a: Mimikyu
|-boost|p2a: Mimikyu|atk|2
|
|-heal|p2a: Mimikyu|94/100|[from] Grassy Terrain
|-heal|p2a: Mimikyu|99/100|[from] item: Leftovers
|upkeep
|turn|8
|
|t:|1757874058
|-terastallize|p2a: Mimikyu|Ghost
|move|p1a: Greninja|Water Shuriken|p2a: Mimikyu
|-damage|p2a: Mimikyu|83/100
|-damage|p2a: Mimikyu|66/100
|-damage|p2a: Mimikyu|48/100
|-damage|p2a: Mimikyu|30/100
|-hitcount|p2a: Mimikyu|4
|move|p2a: Mimikyu|Shadow Sneak|p1a: Greninja
|-damage|p1a: Greninja|32/100
|
|-heal|p1a: Greninja|38/100|[from] Grassy Terrain
|-heal|p2a: Mimikyu|36/100|[from] Grassy Terrain
|-heal|p2a: Mimikyu|42/100|[from] item: Leftovers
|-fieldend|move: Grassy Terrain
|upkeep
|turn|9
|
|t:|1757874073
|move|p1a: Greninja|Water Shuriken|p2a: Mimikyu
|-damage|p2a: Mimikyu|24/100
|-damage|p2a: Mimikyu|7/100
|-damage|p2a: Mimikyu|0 fnt
|faint|p2a: Mimikyu
|-hitcount|p2: Mimikyu|3
|
|upkeep
|
|t:|1757874082
|switch|p2a: Corviknight|Corviknight, M, shiny|100/100
|-ability|p2a: Corviknight|Pressure
|turn|10
|
|t:|1757874091
|move|p1a: Greninja|Dark Pulse|p2a: Corviknight
|-damage|p2a: Corviknight|50/100
|move|p2a: Corviknight|Tailwind|p2a: Corviknight
|-sidestart|p2: kk jb8ruw|move: Tailwind
|
|-heal|p2a: Corviknight|56/100|[from] item: Leftovers
|upkeep
|turn|11
|
|t:|1757874099
|move|p1a: Greninja|Water Shuriken|p2a: Corviknight
|-damage|p2a: Corviknight|43/100
|-damage|p2a: Corviknight|30/100
|-damage|p2a: Corviknight|17/100
|-damage|p2a: Corviknight|3/100
|-damage|p2a: Corviknight|0 fnt
|faint|p2a: Corviknight
|-hitcount|p2: Corviknight|5
|
|upkeep
|
|t:|1757874110
|switch|p2a: Ceruledge|Ceruledge, M|100/100
|turn|12
|
|t:|1757874113
|move|p1a: Greninja|Water Shuriken|p2a: Ceruledge
|-supereffective|p2a: Ceruledge
|-damage|p2a: Ceruledge|69/100
|-supereffective|p2a: Ceruledge
|-damage|p2a: Ceruledge|35/100
|-supereffective|p2a: Ceruledge
|-damage|p2a: Ceruledge|2/100
|-supereffective|p2a: Ceruledge
|-damage|p2a: Ceruledge|0 fnt
|faint|p2a: Ceruledge
|-hitcount|p2: Ceruledge|4
|
|upkeep
|
|t:|1757874121
|switch|p2a: Skeledirge|Skeledirge, M, shiny|100/100
|turn|13
|
|t:|1757874131
|move|p1a: Greninja|Water Shuriken|p2a: Skeledirge
|-supereffective|p2a: Skeledirge
|-damage|p2a: Skeledirge|71/100
|-supereffective|p2a: Skeledirge
|-damage|p2a: Skeledirge|40/100
|-supereffective|p2a: Skeledirge
|-damage|p2a: Skeledirge|13/100
|-supereffective|p2a: Skeledirge
|-damage|p2a: Skeledirge|0 fnt
|faint|p2a: Skeledirge
|-hitcount|p2: Skeledirge|4
|
|win|Church of Booty
|raw|Church of Booty's rating: 1039 &rarr; <strong>1072</strong><br />(+33 for winning)
|raw|kk jb8ruw's rating: 1029 &rarr; <strong>1015</strong><br />(-14 for losing)
|l|☆kk jb8ruw
|player|p2|
|c|☆Church of Booty|gg
