|j|☆romerux
|j|☆ALEXXX100407
|t:|1757915635
|gametype|singles
|player|p1|romerux|266|1070
|player|p2|ALEXXX100407|hugh|1075
|gen|9
|tier|[Gen 9] OU
|rated|
|rule|HP Percentage Mod: HP is shown in percentages
|rule|Endless Battle Clause: Forcing endless battles is banned
|rule|Species Clause: Limit one of each Pokémon
|rule|OHKO Clause: OHKO moves are banned
|rule|Evasion Items Clause: Evasion items are banned
|rule|Evasion Moves Clause: Evasion moves are banned
|rule|Evasion Abilities Clause: Evasion abilities are banned
|rule|Sleep Moves Clause: Sleep-inducing moves are banned
|clearpoke
|poke|p1|Ting-Lu|
|poke|p1|Great Tusk|
|poke|p1|Gholdengo|
|poke|p1|Dragonite, M|
|poke|p1|Iron Valiant|
|poke|p1|Heatran, M|
|poke|p2|Ambipom, F|
|poke|p2|Comfey, F|
|poke|p2|Kingambit, M|
|poke|p2|Gliscor, M|
|poke|p2|Eelektross, M|
|poke|p2|Dragonite, F|
|teampreview
|inactive|Battle timer is ON: inactive players will automatically lose when time's up. (requested by ALEXXX100407)
|
|t:|1757915646
|teamsize|p1|6
|teamsize|p2|6
|start
|switch|p1a: Ting-Lu|Ting-Lu|100/100
|switch|p2a: Ambipom|Ambipom, F, shiny|100/100
|-ability|p1a: Ting-Lu|Vessel of Ruin
|turn|1
|
|t:|1757915654
|switch|p1a: Gholdengo|Gholdengo|100/100
|move|p2a: Ambipom|Fake Out|p1a: Gholdengo
|-immune|p1a: Gholdengo
|
|upkeep
|turn|2
|
|t:|1757915663
|move|p2a: Ambipom|Knock Off|p1a: Gholdengo
|-supereffective|p1a: Gholdengo
|-damage|p1a: Gholdengo|18/100
|-enditem|p1a: Gholdengo|Leftovers|[from] move: Knock Off|[of] p2a: Ambipom
|-damage|p2a: Ambipom|91/100|[from] item: Life Orb
|move|p1a: Gholdengo|Nasty Plot|p1a: Gholdengo
|-boost|p1a: Gholdengo|spa|2
|
|upkeep
|turn|3
|
|t:|1757915673
|move|p2a: Ambipom|Gunk Shot|p1a: Gholdengo
|-immune|p1a: Gholdengo
|move|p1a: Gholdengo|Make It Rain|p2a: Ambipom
|-damage|p2a: Ambipom|0 fnt
|-unboost|p1a: Gholdengo|spa|1
|faint|p2a: Ambipom
|
|upkeep
|
|t:|1757915690
|switch|p2a: Comfey|Comfey, F, shiny|100/100
|turn|4
|
|t:|1757915696
|move|p2a: Comfey|Draining Kiss|p1a: Gholdengo
|-resisted|p1a: Gholdengo
|-damage|p1a: Gholdengo|11/100
|move|p1a: Gholdengo|Make It Rain|p2a: Comfey
|-supereffective|p2a: Comfey
|-damage|p2a: Comfey|0 fnt
|-unboost|p1a: Gholdengo|spa|1
|faint|p2a: Comfey
|
|upkeep
|
|t:|1757915702
|switch|p2a: Dragonite|Dragonite, F|100/100
|turn|5
|
|t:|1757915713
|move|p2a: Dragonite|Dragon Dance|p2a: Dragonite
|-boost|p2a: Dragonite|atk|1
|-boost|p2a: Dragonite|spe|1
|move|p1a: Gholdengo|Make It Rain|p2a: Dragonite
|-damage|p2a: Dragonite|70/100
|-unboost|p1a: Gholdengo|spa|1
|
|upkeep
|turn|6
|
|t:|1757915725
|switch|p1a: Iron Valiant|Iron Valiant|100/100
|move|p2a: Dragonite|Dragon Dance|p2a: Dragonite
|-boost|p2a: Dragonite|atk|1
|-boost|p2a: Dragonite|spe|1
|
|upkeep
|turn|7
|
|t:|1757915737
|-terastallize|p2a: Dragonite|Ground
|move|p1a: Iron Valiant|Spirit Break|p2a: Dragonite
|-damage|p2a: Dragonite|25/100
|-unboost|p2a: Dragonite|spa|1
|move|p2a: Dragonite|Earthquake|p1a: Iron Valiant
|-damage|p1a: Iron Valiant|0 fnt
|faint|p1a: Iron Valiant
|-end|p1a: Iron Valiant|Quark Drive|[silent]
|
|upkeep
|
|t:|1757915748
|switch|p1a: Dragonite|Dragonite, M|100/100
|turn|8
|
|t:|1757915757
|move|p1a: Dragonite|Extreme Speed|p2a: Dragonite
|-crit|p2a: Dragonite
|-damage|p2a: Dragonite|0 fnt
|faint|p2a: Dragonite
|
|upkeep
|
|t:|1757915762
|switch|p2a: Gliscor|Gliscor, M|100/100
|turn|9
|
|t:|1757915770
|move|p2a: Gliscor|Protect|p2a: Gliscor
|-singleturn|p2a: Gliscor|Protect
|move|p1a: Dragonite|Dragon Dance|p1a: Dragonite
|-boost|p1a: Dragonite|atk|1
|-boost|p1a: Dragonite|spe|1
|
|-status|p2a: Gliscor|tox|[from] item: Toxic Orb
|upkeep
|turn|10
|
|t:|1757915780
|move|p1a: Dragonite|Ice Spinner|p2a: Gliscor
|-supereffective|p2a: Gliscor
|-damage|p2a: Gliscor|0 fnt
|faint|p2a: Gliscor
|
|upkeep
|
|t:|1757915784
|switch|p2a: Eelektross|Eelektross, M|100/100
|turn|11
|
|t:|1757915793
|move|p1a: Dragonite|Extreme Speed|p2a: Eelektross
|-damage|p2a: Eelektross|43/100
|move|p2a: Eelektross|Dragon Tail|p1a: Dragonite
|-supereffective|p1a: Dragonite
|-damage|p1a: Dragonite|79/100
|drag|p1a: Gholdengo|Gholdengo|11/100
|
|-heal|p2a: Eelektross|49/100|[from] item: Leftovers
|upkeep
|turn|12
|
|t:|1757915805
|move|p1a: Gholdengo|Make It Rain|p2a: Eelektross
|-resisted|p2a: Eelektross
|-damage|p2a: Eelektross|19/100
|-unboost|p1a: Gholdengo|spa|1
|move|p2a: Eelektross|Supercell Slam|p1a: Gholdengo
|-damage|p1a: Gholdengo|0 fnt
|faint|p1a: Gholdengo
|
|-heal|p2a: Eelektross|25/100|[from] item: Leftovers
|upkeep
|
|t:|1757915820
|switch|p1a: Dragonite|Dragonite, M|79/100
|turn|13
|
|t:|1757915830
|move|p1a: Dragonite|Extreme Speed|p2a: Eelektross
|-damage|p2a: Eelektross|0 fnt
|faint|p2a: Eelektross
|
|upkeep
|
|t:|1757915833
|switch|p2a: Kingambit|Kingambit, M|100/100
|-activate|p2a: Kingambit|ability: Supreme Overlord
|-start|p2a: Kingambit|fallen5|[silent]
|turn|14
|
|t:|1757915839
|move|p1a: Dragonite|Dragon Dance|p1a: Dragonite
|-boost|p1a: Dragonite|atk|1
|-boost|p1a: Dragonite|spe|1
|move|p2a: Kingambit|Swords Dance|p2a: Kingambit
|-boost|p2a: Kingambit|atk|2
|
|upkeep
|turn|15
|
|t:|1757915852
|move|p1a: Dragonite|Earthquake|p2a: Kingambit
|-supereffective|p2a: Kingambit
|-damage|p2a: Kingambit|1/100
|move|p2a: Kingambit|Swords Dance|p2a: Kingambit
|-boost|p2a: Kingambit|atk|2
|
|upkeep
|turn|16
|
|t:|1757915859
|move|p1a: Dragonite|Extreme Speed|p2a: Kingambit
|-resisted|p2a: Kingambit
|-damage|p2a: Kingambit|0 fnt
|faint|p2a: Kingambit
|-end|p2a: Kingambit|fallen5|[silent]
|
|win|romerux
|raw|romerux's rating: 1070 &rarr; <strong>1100</strong><br />(+30 for winning)
|raw|ALEXXX100407's rating: 1075 &rarr; <strong>1053</strong><br />(-22 for losing)
|l|☆romerux
|player|p1|
|l|☆ALEXXX100407
|player|p2|
