|j|☆Leroswend
|j|☆ImageryBless
|t:|1757910909
|gametype|singles
|player|p1|Leroswend|cynthia-gen4|1371
|player|p2|ImageryBless|170|1412
|gen|9
|tier|[Gen 9] OU
|rated|
|rule|HP Percentage Mod: HP is shown in percentages
|rule|Endless Battle Clause: Forcing endless battles is banned
|rule|Species Clause: Limit one of each Pokémon
|rule|OHKO Clause: OHKO moves are banned
|rule|Evasion Items Clause: Evasion items are banned
|rule|Evasion Moves Clause: Evasion moves are banned
|rule|Evasion Abilities Clause: Evasion abilities are banned
|rule|Sleep Moves Clause: Sleep-inducing moves are banned
|clearpoke
|poke|p1|Scizor, F|
|poke|p1|Primarina, F|
|poke|p1|Great Tusk|
|poke|p1|Tyranitar, M|
|poke|p1|Iron Moth|
|poke|p1|Enamorus, F|
|poke|p2|Iron Moth|
|poke|p2|Ting-Lu|
|poke|p2|Torkoal, M|
|poke|p2|Walking Wake|
|poke|p2|Great Tusk|
|poke|p2|Slither Wing|
|teampreview
|inactive|Battle timer is ON: inactive players will automatically lose when time's up. (requested by Leroswend)
|
|t:|1757910934
|teamsize|p1|6
|teamsize|p2|6
|start
|switch|p1a: Tyranitar|Tyranitar, M|100/100
|switch|p2a: Iron Moth|Iron Moth|100/100
|-weather|Sandstorm|[from] ability: Sand Stream|[of] p1a: Tyranitar
|turn|1
|
|t:|1757910944
|-end|p2a: Iron Moth|Quark Drive|[silent]
|switch|p2a: Torkoal|Torkoal, M|100/100
|-weather|SunnyDay|[from] ability: Drought|[of] p2a: Torkoal
|move|p1a: Tyranitar|Dragon Dance|p1a: Tyranitar
|-boost|p1a: Tyranitar|atk|1
|-boost|p1a: Tyranitar|spe|1
|
|-weather|SunnyDay|[upkeep]
|upkeep
|turn|2
|
|t:|1757910963
|switch|p2a: Great Tusk|Great Tusk|100/100
|-activate|p2a: Great Tusk|ability: Protosynthesis
|-start|p2a: Great Tusk|protosynthesisspe
|-terastallize|p1a: Tyranitar|Fire
|move|p1a: Tyranitar|Dragon Dance|p1a: Tyranitar
|-boost|p1a: Tyranitar|atk|1
|-boost|p1a: Tyranitar|spe|1
|
|-weather|SunnyDay|[upkeep]
|upkeep
|turn|3
|
|t:|1757910978
|move|p2a: Great Tusk|Headlong Rush|p1a: Tyranitar
|-supereffective|p1a: Tyranitar
|-crit|p1a: Tyranitar
|-damage|p1a: Tyranitar|0 fnt
|-unboost|p2a: Great Tusk|def|1
|-unboost|p2a: Great Tusk|spd|1
|faint|p1a: Tyranitar
|
|-weather|SunnyDay|[upkeep]
|upkeep
|
|t:|1757910993
|switch|p1a: Enamorus|Enamorus, F|100/100
|turn|4
|
|t:|1757911001
|-end|p2a: Great Tusk|Protosynthesis|[silent]
|switch|p2a: Iron Moth|Iron Moth|100/100
|move|p1a: Enamorus|Earth Power|p2a: Iron Moth
|-supereffective|p2a: Iron Moth
|-damage|p2a: Iron Moth|0 fnt
|faint|p2a: Iron Moth
|-end|p2a: Iron Moth|Quark Drive|[silent]
|
|-weather|SunnyDay|[upkeep]
|upkeep
|
|t:|1757911006
|switch|p2a: Walking Wake|Walking Wake|100/100
|-activate|p2a: Walking Wake|ability: Protosynthesis
|-start|p2a: Walking Wake|protosynthesisspe
|turn|5
|
|t:|1757911015
|switch|p1a: Primarina|Primarina, F|100/100
|move|p2a: Walking Wake|Hydro Steam|p1a: Primarina
|-resisted|p1a: Primarina
|-damage|p1a: Primarina|72/100
|
|-weather|SunnyDay|[upkeep]
|upkeep
|turn|6
|
|t:|1757911025
|-end|p2a: Walking Wake|Protosynthesis|[silent]
|switch|p2a: Ting-Lu|Ting-Lu|100/100
|-ability|p2a: Ting-Lu|Vessel of Ruin
|move|p1a: Primarina|Moonblast|p2a: Ting-Lu
|-supereffective|p2a: Ting-Lu
|-damage|p2a: Ting-Lu|59/100
|-unboost|p2a: Ting-Lu|spa|1
|
|-weather|SunnyDay|[upkeep]
|upkeep
|turn|7
|
|t:|1757911034
|move|p1a: Primarina|Moonblast|p2a: Ting-Lu
|-supereffective|p2a: Ting-Lu
|-damage|p2a: Ting-Lu|14/100
|move|p2a: Ting-Lu|Ruination|p1a: Primarina
|-damage|p1a: Primarina|36/100
|
|-weather|SunnyDay|[upkeep]
|upkeep
|turn|8
|
|t:|1757911044
|move|p1a: Primarina|Surf|p2a: Ting-Lu
|-supereffective|p2a: Ting-Lu
|-damage|p2a: Ting-Lu|0 fnt
|faint|p2a: Ting-Lu
|
|-weather|none
|upkeep
|
|t:|1757911047
|switch|p2a: Slither Wing|Slither Wing|100/100
|turn|9
|
|t:|1757911051
|switch|p1a: Great Tusk|Great Tusk|100/100
|move|p2a: Slither Wing|U-turn|p1a: Great Tusk
|-resisted|p1a: Great Tusk
|-damage|p1a: Great Tusk|83/100
|
|t:|1757911053
|-end|p2a: Slither Wing|Protosynthesis|[silent]
|switch|p2a: Walking Wake|Walking Wake|100/100|[from] U-turn
|
|-heal|p1a: Great Tusk|89/100|[from] item: Leftovers
|upkeep
|turn|10
|
|t:|1757911061
|-end|p1a: Great Tusk|Protosynthesis|[silent]
|switch|p1a: Primarina|Primarina, F|36/100
|move|p2a: Walking Wake|Hydro Steam|p1a: Primarina
|-resisted|p1a: Primarina
|-damage|p1a: Primarina|19/100
|
|upkeep
|turn|11
|
|t:|1757911071
|-end|p2a: Walking Wake|Protosynthesis|[silent]
|switch|p2a: Torkoal|Torkoal, M|100/100
|-weather|SunnyDay|[from] ability: Drought|[of] p2a: Torkoal
|move|p1a: Primarina|Moonblast|p2a: Torkoal
|-resisted|p2a: Torkoal
|-damage|p2a: Torkoal|67/100
|-unboost|p2a: Torkoal|spa|1
|
|-weather|SunnyDay|[upkeep]
|upkeep
|turn|12
|
|t:|1757911079
|move|p1a: Primarina|Surf|p2a: Torkoal
|-supereffective|p2a: Torkoal
|-damage|p2a: Torkoal|0 fnt
|faint|p2a: Torkoal
|
|-weather|SunnyDay|[upkeep]
|upkeep
|
|t:|1757911082
|switch|p2a: Walking Wake|Walking Wake|100/100
|-activate|p2a: Walking Wake|ability: Protosynthesis
|-start|p2a: Walking Wake|protosynthesisspe
|turn|13
|
|t:|1757911089
|move|p2a: Walking Wake|Hydro Steam|p1a: Primarina
|-resisted|p1a: Primarina
|-damage|p1a: Primarina|0 fnt
|faint|p1a: Primarina
|
|-weather|SunnyDay|[upkeep]
|upkeep
|
|t:|1757911097
|switch|p1a: Iron Moth|Iron Moth|100/100
|-enditem|p1a: Iron Moth|Booster Energy
|-activate|p1a: Iron Moth|ability: Quark Drive|[fromitem]
|-start|p1a: Iron Moth|quarkdrivespe
|turn|14
|
|t:|1757911104
|move|p1a: Iron Moth|Dazzling Gleam|p2a: Walking Wake
|-supereffective|p2a: Walking Wake
|-damage|p2a: Walking Wake|42/100
|move|p2a: Walking Wake|Hydro Steam|p1a: Iron Moth
|-supereffective|p1a: Iron Moth
|-damage|p1a: Iron Moth|0 fnt
|faint|p1a: Iron Moth
|-end|p1a: Iron Moth|Quark Drive|[silent]
|
|-weather|SunnyDay|[upkeep]
|upkeep
|
|t:|1757911119
|switch|p1a: Scizor|Scizor, F|100/100
|turn|15
|
|t:|1757911121
|move|p1a: Scizor|Bullet Punch|p2a: Walking Wake
|-resisted|p2a: Walking Wake
|-damage|p2a: Walking Wake|14/100
|move|p2a: Walking Wake|Hydro Steam|p1a: Scizor
|-crit|p1a: Scizor
|-damage|p1a: Scizor|0 fnt
|faint|p1a: Scizor
|
|-weather|SunnyDay|[upkeep]
|upkeep
|
|t:|1757911129
|switch|p1a: Enamorus|Enamorus, F|100/100
|turn|16
|
|t:|1757911135
|move|p2a: Walking Wake|Hydro Steam|p1a: Enamorus
|-damage|p1a: Enamorus|0 fnt
|faint|p1a: Enamorus
|
|-weather|SunnyDay|[upkeep]
|upkeep
|
|t:|1757911140
|switch|p1a: Great Tusk|Great Tusk|89/100
|-activate|p1a: Great Tusk|ability: Protosynthesis
|-start|p1a: Great Tusk|protosynthesisspe
|turn|17
|
|t:|1757911147
|move|p2a: Walking Wake|Hydro Steam|p1a: Great Tusk
|-supereffective|p1a: Great Tusk
|-damage|p1a: Great Tusk|0 fnt
|faint|p1a: Great Tusk
|-end|p1a: Great Tusk|Protosynthesis|[silent]
|
|win|ImageryBless
|raw|Leroswend's rating: 1371 &rarr; <strong>1353</strong><br />(-18 for losing)
|raw|ImageryBless's rating: 1412 &rarr; <strong>1430</strong><br />(+18 for winning)
|l|☆Leroswend
|player|p1|
|l|☆ImageryBless
|player|p2|
