|j|☆IDWTLA
|j|☆daviesC
|t:|1757889261
|gametype|singles
|player|p1|IDWTLA|scientist-gen4dp|1307
|player|p2|daviesC|swimmer-gen4dp|1290
|gen|9
|tier|[Gen 9] OU
|rated|
|rule|HP Percentage Mod: HP is shown in percentages
|rule|Endless Battle Clause: Forcing endless battles is banned
|rule|Species Clause: Limit one of each Pokémon
|rule|OHKO Clause: OHKO moves are banned
|rule|Evasion Items Clause: Evasion items are banned
|rule|Evasion Moves Clause: Evasion moves are banned
|rule|Evasion Abilities Clause: Evasion abilities are banned
|rule|Sleep Moves Clause: Sleep-inducing moves are banned
|clearpoke
|poke|p1|Zapdos-Galar|
|poke|p1|Landorus-Therian, M|
|poke|p1|Dragapult, F|
|poke|p1|Slowking-Galar, M|
|poke|p1|Great Tusk|
|poke|p1|Alomomola, F|
|poke|p2|Iron Jugulis|
|poke|p2|Ogerpon-Wellspring, F|
|poke|p2|Tinkaton, F|
|poke|p2|Iron Moth|
|poke|p2|Great Tusk|
|poke|p2|Dragapult, F|
|teampreview
|inactive|Battle timer is ON: inactive players will automatically lose when time's up. (requested by IDWTLA)
|
|t:|1757889271
|teamsize|p1|6
|teamsize|p2|6
|start
|switch|p1a: Landorus|Landorus-Therian, M|100/100
|switch|p2a: Ogerpon|Ogerpon-Wellspring, F|100/100
|-ability|p1a: Landorus|Intimidate|boost
|-unboost|p2a: Ogerpon|atk|1
|turn|1
|
|t:|1757889281
|move|p2a: Ogerpon|U-turn|p1a: Landorus
|-resisted|p1a: Landorus
|-damage|p1a: Landorus|94/100
|-damage|p2a: Ogerpon|84/100|[from] item: Rocky Helmet|[of] p1a: Landorus
|
|t:|1757889285
|switch|p2a: Tinkaton|Tinkaton, F|100/100|[from] U-turn
|-item|p2a: Tinkaton|Air Balloon
|move|p1a: Landorus|U-turn|p2a: Tinkaton
|-resisted|p2a: Tinkaton
|-damage|p2a: Tinkaton|94/100
|-enditem|p2a: Tinkaton|Air Balloon
|-enditem|p1a: Landorus|Rocky Helmet|[silent]|[from] ability: Pickpocket|[of] p1a: Landorus
|-item|p2a: Tinkaton|Rocky Helmet|[from] ability: Pickpocket|[of] p1a: Landorus
|
|t:|1757889296
|switch|p1a: Great Tusk|Great Tusk|100/100|[from] U-turn
|
|upkeep
|turn|2
|
|t:|1757889308
|-terastallize|p2a: Tinkaton|Water
|move|p2a: Tinkaton|Knock Off|p1a: Great Tusk
|-resisted|p1a: Great Tusk
|-damage|p1a: Great Tusk|94/100
|-enditem|p1a: Great Tusk|Heavy-Duty Boots|[from] move: Knock Off|[of] p2a: Tinkaton
|move|p1a: Great Tusk|Headlong Rush|p2a: Tinkaton
|-damage|p2a: Tinkaton|28/100
|-unboost|p1a: Great Tusk|def|1
|-unboost|p1a: Great Tusk|spd|1
|-damage|p1a: Great Tusk|77/100|[from] item: Rocky Helmet|[of] p2a: Tinkaton
|
|upkeep
|turn|3
|
|t:|1757889320
|move|p2a: Tinkaton|Stealth Rock|p1a: Great Tusk
|-sidestart|p1: IDWTLA|move: Stealth Rock
|move|p1a: Great Tusk|Rapid Spin|p2a: Tinkaton
|-damage|p2a: Tinkaton|9/100
|-boost|p1a: Great Tusk|spe|1
|-damage|p1a: Great Tusk|61/100|[from] item: Rocky Helmet|[of] p2a: Tinkaton
|-sideend|p1: IDWTLA|Stealth Rock|[from] move: Rapid Spin|[of] p1a: Great Tusk
|
|upkeep
|turn|4
|
|t:|1757889331
|switch|p2a: Iron Jugulis|Iron Jugulis|100/100
|-enditem|p2a: Iron Jugulis|Booster Energy
|-activate|p2a: Iron Jugulis|ability: Quark Drive|[fromitem]
|-start|p2a: Iron Jugulis|quarkdrivespe
|move|p1a: Great Tusk|Rapid Spin|p2a: Iron Jugulis
|-damage|p2a: Iron Jugulis|79/100
|-boost|p1a: Great Tusk|spe|1
|
|upkeep
|turn|5
|
|t:|1757889342
|move|p1a: Great Tusk|Head Smash|p2a: Iron Jugulis
|-supereffective|p2a: Iron Jugulis
|-damage|p2a: Iron Jugulis|0 fnt
|faint|p2a: Iron Jugulis
|-end|p2a: Iron Jugulis|Quark Drive|[silent]
|-damage|p1a: Great Tusk|26/100|[from] Recoil
|
|upkeep
|
|t:|1757889349
|switch|p2a: Tinkaton|Tinkaton, F, tera:Water|9/100
|turn|6
|
|t:|1757889358
|move|p1a: Great Tusk|Ice Spinner|p2a: Tinkaton
|-resisted|p2a: Tinkaton
|-damage|p2a: Tinkaton|0 fnt
|-damage|p1a: Great Tusk|10/100|[from] item: Rocky Helmet|[of] p2a: Tinkaton
|faint|p2a: Tinkaton
|
|upkeep
|
|t:|1757889369
|switch|p2a: Great Tusk|Great Tusk|100/100
|-enditem|p2a: Great Tusk|Booster Energy
|-activate|p2a: Great Tusk|ability: Protosynthesis|[fromitem]
|-start|p2a: Great Tusk|protosynthesisspe
|turn|7
|
|t:|1757889378
|-end|p1a: Great Tusk|Protosynthesis|[silent]
|switch|p1a: Alomomola|Alomomola, F|100/100
|move|p2a: Great Tusk|Bulk Up|p2a: Great Tusk
|-boost|p2a: Great Tusk|atk|1
|-boost|p2a: Great Tusk|def|1
|
|upkeep
|turn|8
|
|t:|1757889387
|move|p2a: Great Tusk|Bulk Up|p2a: Great Tusk
|-boost|p2a: Great Tusk|atk|1
|-boost|p2a: Great Tusk|def|1
|move|p1a: Alomomola|Scald|p2a: Great Tusk
|-supereffective|p2a: Great Tusk
|-damage|p2a: Great Tusk|67/100
|
|upkeep
|turn|9
|
|t:|1757889413
|move|p2a: Great Tusk|Bulk Up|p2a: Great Tusk
|-boost|p2a: Great Tusk|atk|1
|-boost|p2a: Great Tusk|def|1
|move|p1a: Alomomola|Scald|p2a: Great Tusk
|-supereffective|p2a: Great Tusk
|-damage|p2a: Great Tusk|33/100
|-status|p2a: Great Tusk|brn
|
|-damage|p2a: Great Tusk|27/100 brn|[from] brn
|upkeep
|turn|10
|-message|daviesC forfeited.
|
|win|IDWTLA
|raw|IDWTLA's rating: 1307 &rarr; <strong>1326</strong><br />(+19 for winning)
|raw|daviesC's rating: 1290 &rarr; <strong>1266</strong><br />(-24 for losing)
|l|☆daviesC
|player|p2|
