|j|☆LovingsApprentice
|j|☆navaja73
|t:|1757803957
|gametype|singles
|player|p1|LovingsApprentice|170|1114
|player|p2|navaja73|dancer|1079
|gen|9
|tier|[Gen 9] OU
|rated|
|rule|HP Percentage Mod: HP is shown in percentages
|rule|Endless Battle Clause: Forcing endless battles is banned
|rule|Species Clause: Limit one of each Pokémon
|rule|OHKO Clause: OHKO moves are banned
|rule|Evasion Items Clause: Evasion items are banned
|rule|Evasion Moves Clause: Evasion moves are banned
|rule|Evasion Abilities Clause: Evasion abilities are banned
|rule|Sleep Moves Clause: Sleep-inducing moves are banned
|clearpoke
|poke|p1|Great Tusk|
|poke|p1|Cinderace, F|
|poke|p1|Alomomola, F|
|poke|p1|Zapdos|
|poke|p1|Slowking-Galar, F|
|poke|p1|Iron Valiant|
|poke|p2|Glimmora, F|
|poke|p2|Greninja-*, M|
|poke|p2|Metagross|
|poke|p2|Venusaur, M|
|poke|p2|Dusclops, M|
|poke|p2|Conkeldurr, F|
|teampreview
|inactive|Battle timer is ON: inactive players will automatically lose when time's up. (requested by LovingsApprentice)
|
|t:|1757803963
|teamsize|p1|6
|teamsize|p2|6
|start
|switch|p1a: Great Tusk|Great Tusk|100/100
|switch|p2a: Glimmora|Glimmora, F|100/100
|turn|1
|
|t:|1757803977
|move|p1a: Great Tusk|Knock Off|p2a: Glimmora
|-damage|p2a: Glimmora|64/100
|-activate|p2a: Glimmora|ability: Toxic Debris
|-sidestart|p1: LovingsApprentice|move: Toxic Spikes
|-enditem|p2a: Glimmora|Expert Belt|[from] move: Knock Off|[of] p1a: Great Tusk
|move|p2a: Glimmora|Toxic Spikes|p1a: Great Tusk
|-sidestart|p1: LovingsApprentice|move: Toxic Spikes
|
|upkeep
|turn|2
|
|t:|1757803986
|move|p1a: Great Tusk|Knock Off|p2a: Glimmora
|-damage|p2a: Glimmora|41/100
|move|p2a: Glimmora|Toxic Spikes||[still]
|-fail|p2a: Glimmora
|
|upkeep
|turn|3
|
|t:|1757803991
|move|p1a: Great Tusk|Knock Off|p2a: Glimmora
|-damage|p2a: Glimmora|19/100
|move|p2a: Glimmora|Stealth Rock|p1a: Great Tusk
|-sidestart|p1: LovingsApprentice|move: Stealth Rock
|
|upkeep
|turn|4
|
|t:|1757804000
|move|p1a: Great Tusk|Knock Off|p2a: Glimmora
|-damage|p2a: Glimmora|0 fnt
|faint|p2a: Glimmora
|
|upkeep
|
|t:|1757804011
|switch|p2a: Greninja|Greninja, M|100/100
|turn|5
|
|t:|1757804018
|move|p1a: Great Tusk|Knock Off|p2a: Greninja
|-resisted|p2a: Greninja
|-damage|p2a: Greninja|78/100
|-enditem|p2a: Greninja|Life Orb|[from] move: Knock Off|[of] p1a: Great Tusk
|move|p2a: Greninja|Surf|p1a: Great Tusk
|-supereffective|p1a: Great Tusk
|-damage|p1a: Great Tusk|0 fnt
|faint|p1a: Great Tusk
|-end|p1a: Great Tusk|Protosynthesis|[silent]
|
|upkeep
|
|t:|1757804039
|switch|p1a: Zapdos|Zapdos|100/100
|-damage|p1a: Zapdos|75/100|[from] Stealth Rock
|turn|6
|
|t:|1757804055
|-terastallize|p1a: Zapdos|Electric
|move|p2a: Greninja|Rock Tomb|p1a: Zapdos
|-damage|p1a: Zapdos|65/100
|-unboost|p1a: Zapdos|spe|1
|move|p1a: Zapdos|Volt Switch|p2a: Greninja
|-supereffective|p2a: Greninja
|-damage|p2a: Greninja|0 fnt
|faint|p2a: Greninja
|
|t:|1757804064
|switch|p1a: Cinderace|Cinderace, F|100/100|[from] Volt Switch
|
|upkeep
|
|t:|1757804074
|switch|p2a: Conkeldurr|Conkeldurr, F|100/100
|turn|7
|
|t:|1757804081
|move|p1a: Cinderace|Court Change|p1a: Cinderace
|-swapsideconditions
|-activate|p1a: Cinderace|move: Court Change
|move|p2a: Conkeldurr|Stone Edge|p1a: Cinderace
|-supereffective|p1a: Cinderace
|-damage|p1a: Cinderace|24/100
|
|upkeep
|turn|8
|
|t:|1757804089
|move|p2a: Conkeldurr|Mach Punch|p1a: Cinderace
|-damage|p1a: Cinderace|0 fnt
|faint|p1a: Cinderace
|
|upkeep
|
|t:|1757804094
|switch|p1a: Iron Valiant|Iron Valiant|100/100
|turn|9
|
|t:|1757804115
|move|p1a: Iron Valiant|Spirit Break|p2a: Conkeldurr
|-supereffective|p2a: Conkeldurr
|-damage|p2a: Conkeldurr|0 fnt
|-damage|p1a: Iron Valiant|84/100|[from] item: Rocky Helmet|[of] p2a: Conkeldurr
|faint|p2a: Conkeldurr
|
|upkeep
|inactive|navaja73 has 120 seconds left.
|
|t:|1757804136
|switch|p2a: Dusclops|Dusclops, M|100/100
|-status|p2a: Dusclops|tox
|-damage|p2a: Dusclops|88/100 tox|[from] Stealth Rock
|-ability|p2a: Dusclops|Pressure
|turn|10
|inactive|navaja73 has 120 seconds left.
|
|t:|1757804154
|-end|p1a: Iron Valiant|Quark Drive|[silent]
|switch|p1a: Alomomola|Alomomola, F|100/100
|move|p2a: Dusclops|Will-O-Wisp|p1a: Alomomola
|-status|p1a: Alomomola|brn
|
|-damage|p2a: Dusclops|82/100 tox|[from] psn
|-damage|p1a: Alomomola|94/100 brn|[from] brn
|upkeep
|turn|11
|inactive|navaja73 has 120 seconds left.
|
|t:|1757804173
|move|p2a: Dusclops|Protect|p2a: Dusclops
|-singleturn|p2a: Dusclops|Protect
|move|p1a: Alomomola|Flip Turn|p2a: Dusclops
|-activate|p2a: Dusclops|move: Protect
|
|-damage|p2a: Dusclops|70/100 tox|[from] psn
|-damage|p1a: Alomomola|88/100 brn|[from] brn
|upkeep
|turn|12
|inactive|navaja73 has 120 seconds left.
|
|t:|1757804191
|move|p1a: Alomomola|Flip Turn|p2a: Dusclops
|-damage|p2a: Dusclops|64/100 tox
|
|t:|1757804201
|switch|p1a: Slowking|Slowking-Galar, F|100/100|[from] Flip Turn
|move|p2a: Dusclops|Calm Mind|p2a: Dusclops
|-boost|p2a: Dusclops|spa|1
|-boost|p2a: Dusclops|spd|1
|
|-damage|p2a: Dusclops|45/100 tox|[from] psn
|upkeep
|turn|13
|inactive|navaja73 has 120 seconds left.
|
|t:|1757804212
|move|p2a: Dusclops|Will-O-Wisp|p1a: Slowking|[miss]
|-miss|p2a: Dusclops|p1a: Slowking
|move|p1a: Slowking|Future Sight|p2a: Dusclops
|-start|p1a: Slowking|move: Future Sight
|
|-damage|p2a: Dusclops|21/100 tox|[from] psn
|upkeep
|turn|14
|inactive|navaja73 has 120 seconds left.
|
|t:|1757804220
|move|p2a: Dusclops|Will-O-Wisp|p1a: Slowking|[miss]
|-miss|p2a: Dusclops|p1a: Slowking
|move|p1a: Slowking|Sludge Bomb|p2a: Dusclops
|-resisted|p2a: Dusclops
|-damage|p2a: Dusclops|12/100 tox
|
|-damage|p2a: Dusclops|0 fnt|[from] psn
|faint|p2a: Dusclops
|upkeep
|inactive|navaja73 has 120 seconds left.
|
|t:|1757804229
|switch|p2a: Metagross|Metagross|100/100
|-damage|p2a: Metagross|94/100|[from] Stealth Rock
|turn|15
|inactive|navaja73 has 120 seconds left.
|
|t:|1757804241
|move|p2a: Metagross|Meteor Mash|p1a: Slowking|[miss]
|-miss|p2a: Metagross|p1a: Slowking
|-prepare|p1a: Slowking|Chilly Reception|[premajor]
|move|p1a: Slowking|Chilly Reception|p1a: Slowking
|-weather|Snowscape
|inactive|LovingsApprentice has 120 seconds left.
|
|t:|1757804291
|switch|p1a: Iron Valiant|Iron Valiant|84/100|[from] Chilly Reception
|
|-weather|Snowscape|[upkeep]
|-end|p2a: Metagross|move: Future Sight
|-resisted|p2a: Metagross
|-damage|p2a: Metagross|82/100
|-heal|p2a: Metagross|88/100|[from] item: Leftovers
|upkeep
|turn|16
|inactive|LovingsApprentice has 90 seconds left.
|
|t:|1757804317
|-end|p1a: Iron Valiant|Quark Drive|[silent]
|switch|p1a: Alomomola|Alomomola, F|100/100 brn
|move|p2a: Metagross|Meteor Mash|p1a: Alomomola
|-resisted|p1a: Alomomola
|-damage|p1a: Alomomola|83/100 brn
|
|-weather|Snowscape|[upkeep]
|-heal|p2a: Metagross|95/100|[from] item: Leftovers
|-damage|p1a: Alomomola|77/100 brn|[from] brn
|upkeep
|turn|17
|inactive|LovingsApprentice has 90 seconds left.
|
|t:|1757804329
|switch|p2a: Venusaur|Venusaur, M|100/100
|-sideend|p2: navaja73|move: Toxic Spikes|[of] p2a: Venusaur
|-damage|p2a: Venusaur|88/100|[from] Stealth Rock
|move|p1a: Alomomola|Body Slam|p2a: Venusaur
|-damage|p2a: Venusaur|80/100
|
|-weather|Snowscape|[upkeep]
|-heal|p2a: Venusaur|86/100|[from] item: Black Sludge
|-damage|p1a: Alomomola|71/100 brn|[from] brn
|upkeep
|turn|18
|inactive|LovingsApprentice has 90 seconds left.
|inactive|navaja73 has 120 seconds left.
|
|t:|1757804349
|move|p2a: Venusaur|Earthquake|p1a: Alomomola
|-damage|p1a: Alomomola|54/100 brn
|move|p1a: Alomomola|Flip Turn|p2a: Venusaur
|-resisted|p2a: Venusaur
|-crit|p2a: Venusaur
|-damage|p2a: Venusaur|79/100
|
|t:|1757804366
|switch|p1a: Zapdos|Zapdos, tera:Electric|65/100|[from] Flip Turn
|
|-weather|Snowscape|[upkeep]
|-heal|p2a: Venusaur|85/100|[from] item: Black Sludge
|upkeep
|turn|19
|
|t:|1757804378
|move|p1a: Zapdos|Roost|p1a: Zapdos
|-heal|p1a: Zapdos|100/100
|move|p2a: Venusaur|Toxic|p1a: Zapdos
|-status|p1a: Zapdos|tox
|
|-weather|none
|-heal|p2a: Venusaur|91/100|[from] item: Black Sludge
|-damage|p1a: Zapdos|94/100 tox|[from] psn
|upkeep
|turn|20
|
|t:|1757804395
|move|p1a: Zapdos|Hurricane|p2a: Venusaur
|-supereffective|p2a: Venusaur
|-damage|p2a: Venusaur|0 fnt
|faint|p2a: Venusaur
|
|-damage|p1a: Zapdos|82/100 tox|[from] psn
|upkeep
|
|t:|1757804403
|switch|p2a: Metagross|Metagross|95/100
|-damage|p2a: Metagross|88/100|[from] Stealth Rock
|turn|21
|inactive|LovingsApprentice has 90 seconds left.
|
|t:|1757804412
|move|p1a: Zapdos|Discharge|p2a: Metagross
|-damage|p2a: Metagross|39/100
|move|p2a: Metagross|Knock Off|p1a: Zapdos
|-damage|p1a: Zapdos|61/100 tox
|-damage|p2a: Metagross|23/100|[from] item: Rocky Helmet|[of] p1a: Zapdos
|-enditem|p1a: Zapdos|Rocky Helmet|[from] move: Knock Off|[of] p2a: Metagross
|
|-heal|p2a: Metagross|29/100|[from] item: Leftovers
|-damage|p1a: Zapdos|42/100 tox|[from] psn
|upkeep
|turn|22
|
|t:|1757804426
|move|p2a: Metagross|Bullet Punch|p1a: Zapdos
|-resisted|p1a: Zapdos
|-damage|p1a: Zapdos|35/100 tox
|move|p1a: Zapdos|Discharge|p2a: Metagross
|-damage|p2a: Metagross|0 fnt
|faint|p2a: Metagross
|
|win|LovingsApprentice
|raw|LovingsApprentice's rating: 1114 &rarr; <strong>1136</strong><br />(+22 for winning)
|raw|navaja73's rating: 1079 &rarr; <strong>1059</strong><br />(-20 for losing)
|l|☆navaja73
|player|p2|
