|j|☆ay cheu
|j|☆i have no id
|t:|1757847483
|gametype|singles
|player|p1|ay cheu|riley|1485
|player|p2|i have no id|cynthia-gen4|1492
|gen|9
|tier|[Gen 9] OU
|rated|
|rule|HP Percentage Mod: HP is shown in percentages
|rule|Endless Battle Clause: Forcing endless battles is banned
|rule|Species Clause: Limit one of each Pokémon
|rule|OHKO Clause: OHKO moves are banned
|rule|Evasion Items Clause: Evasion items are banned
|rule|Evasion Moves Clause: Evasion moves are banned
|rule|Evasion Abilities Clause: Evasion abilities are banned
|rule|Sleep Moves Clause: Sleep-inducing moves are banned
|clearpoke
|poke|p1|Gallade, M|
|poke|p1|Araquanid, M|
|poke|p1|Gholdengo|
|poke|p1|Muk-Alola, M|
|poke|p1|Talonflame, M|
|poke|p1|Garchomp, M|
|poke|p2|Primarina, F|
|poke|p2|Iron Treads|
|poke|p2|Dragapult, F|
|poke|p2|Corviknight, F|
|poke|p2|Raging Bolt|
|poke|p2|Meowscarada, M|
|teampreview
|inactive|Battle timer is ON: inactive players will automatically lose when time's up. (requested by ay cheu)
|
|t:|1757847493
|teamsize|p1|6
|teamsize|p2|6
|start
|switch|p1a: Gholdengo|Gholdengo|100/100
|switch|p2a: Raging Bolt|Raging Bolt|100/100
|-enditem|p2a: Raging Bolt|Booster Energy
|-activate|p2a: Raging Bolt|ability: Protosynthesis|[fromitem]
|-start|p2a: Raging Bolt|protosynthesisspa
|turn|1
|
|t:|1757847499
|switch|p1a: Garchomp|Garchomp, M|100/100
|move|p2a: Raging Bolt|Thunderbolt|p1a: Garchomp
|-immune|p1a: Garchomp
|
|upkeep
|turn|2
|
|t:|1757847504
|-terastallize|p2a: Raging Bolt|Fairy
|move|p1a: Garchomp|Earthquake|p2a: Raging Bolt
|-damage|p2a: Raging Bolt|25/100
|move|p2a: Raging Bolt|Dragon Pulse|p1a: Garchomp
|-supereffective|p1a: Garchomp
|-damage|p1a: Garchomp|0 fnt
|faint|p1a: Garchomp
|
|upkeep
|
|t:|1757847515
|switch|p1a: Muk|Muk-Alola, M|100/100
|turn|3
|
|t:|1757847519
|-end|p2a: Raging Bolt|Protosynthesis|[silent]
|switch|p2a: Iron Treads|Iron Treads|100/100
|-item|p2a: Iron Treads|Air Balloon
|move|p1a: Muk|Gunk Shot|p2a: Iron Treads
|-immune|p2a: Iron Treads
|
|upkeep
|turn|4
|
|t:|1757847534
|switch|p1a: Araquanid|Araquanid, M|100/100
|move|p2a: Iron Treads|Stealth Rock|p1a: Araquanid
|-sidestart|p1: ay cheu|move: Stealth Rock
|
|upkeep
|turn|5
|
|t:|1757847545
|-end|p2a: Iron Treads|Quark Drive|[silent]
|switch|p2a: Corviknight|Corviknight, F|100/100
|-ability|p2a: Corviknight|Pressure
|move|p1a: Araquanid|Sticky Web|p2a: Corviknight
|-sidestart|p2: i have no id|move: Sticky Web
|
|upkeep
|turn|6
|
|t:|1757847548
|move|p2a: Corviknight|Defog|p1a: Araquanid
|-unboost|p1a: Araquanid|evasion|1
|-sideend|p1: ay cheu|Stealth Rock|[from] move: Defog|[of] p2a: Corviknight
|-sideend|p2: i have no id|Sticky Web|[from] move: Defog|[of] p2a: Corviknight
|move|p1a: Araquanid|Surf|p2a: Corviknight
|-damage|p2a: Corviknight|58/100
|
|-heal|p2a: Corviknight|64/100|[from] item: Leftovers
|upkeep
|turn|7
|
|t:|1757847553
|move|p2a: Corviknight|Roost|p2a: Corviknight
|-heal|p2a: Corviknight|100/100
|-singleturn|p2a: Corviknight|move: Roost
|move|p1a: Araquanid|Sticky Web|p2a: Corviknight
|-sidestart|p2: i have no id|move: Sticky Web
|
|upkeep
|turn|8
|
|t:|1757847556
|switch|p1a: Gholdengo|Gholdengo|100/100
|move|p2a: Corviknight|Defog|p1a: Gholdengo
|-immune|p1a: Gholdengo|[from] ability: Good as Gold
|
|upkeep
|turn|9
|
|t:|1757847558
|move|p1a: Gholdengo|Shadow Ball|p2a: Corviknight
|-damage|p2a: Corviknight|62/100
|move|p2a: Corviknight|U-turn|p1a: Gholdengo
|-resisted|p1a: Gholdengo
|-damage|p1a: Gholdengo|97/100
|
|t:|1757847562
|switch|p2a: Iron Treads|Iron Treads|100/100|[from] U-turn
|-item|p2a: Iron Treads|Air Balloon
|
|upkeep
|turn|10
|
|t:|1757847568
|switch|p1a: Talonflame|Talonflame, M|100/100
|move|p2a: Iron Treads|Rapid Spin|p1a: Talonflame
|-damage|p1a: Talonflame|79/100
|-boost|p2a: Iron Treads|spe|1
|-sideend|p2: i have no id|Sticky Web|[from] move: Rapid Spin|[of] p2a: Iron Treads
|
|upkeep
|turn|11
|
|t:|1757847573
|move|p2a: Iron Treads|Stealth Rock|p1a: Talonflame
|-sidestart|p1: ay cheu|move: Stealth Rock
|move|p1a: Talonflame|Flamethrower|p2a: Iron Treads
|-supereffective|p2a: Iron Treads
|-damage|p2a: Iron Treads|29/100
|-status|p2a: Iron Treads|brn
|-enditem|p2a: Iron Treads|Air Balloon
|
|-damage|p2a: Iron Treads|23/100 brn|[from] brn
|upkeep
|turn|12
|
|t:|1757847578
|move|p2a: Iron Treads|Knock Off|p1a: Talonflame
|-damage|p1a: Talonflame|60/100
|-enditem|p1a: Talonflame|Heavy-Duty Boots|[from] move: Knock Off|[of] p2a: Iron Treads
|move|p1a: Talonflame|Defog|p2a: Iron Treads
|-unboost|p2a: Iron Treads|evasion|1
|-sideend|p1: ay cheu|Stealth Rock|[from] move: Defog|[of] p1a: Talonflame
|
|-damage|p2a: Iron Treads|17/100 brn|[from] brn
|upkeep
|turn|13
|
|t:|1757847583
|move|p2a: Iron Treads|Stealth Rock|p1a: Talonflame
|-sidestart|p1: ay cheu|move: Stealth Rock
|move|p1a: Talonflame|Roost|p1a: Talonflame
|-heal|p1a: Talonflame|100/100
|-singleturn|p1a: Talonflame|move: Roost
|
|-damage|p2a: Iron Treads|11/100 brn|[from] brn
|upkeep
|turn|14
|
|t:|1757847593
|-end|p2a: Iron Treads|Quark Drive|[silent]
|switch|p2a: Dragapult|Dragapult, F|100/100
|move|p1a: Talonflame|Defog|p2a: Dragapult
|-unboost|p2a: Dragapult|evasion|1
|-sideend|p1: ay cheu|Stealth Rock|[from] move: Defog|[of] p1a: Talonflame
|
|upkeep
|turn|15
|
|t:|1757847597
|switch|p1a: Muk|Muk-Alola, M|100/100
|move|p2a: Dragapult|Draco Meteor|p1a: Muk
|-damage|p1a: Muk|46/100
|-unboost|p2a: Dragapult|spa|2
|
|-heal|p1a: Muk|52/100|[from] item: Leftovers
|upkeep
|turn|16
|
|t:|1757847608
|switch|p2a: Iron Treads|Iron Treads|11/100 brn
|move|p1a: Muk|Knock Off|p2a: Iron Treads
|-damage|p2a: Iron Treads|0 fnt
|faint|p2a: Iron Treads
|-end|p2a: Iron Treads|Quark Drive|[silent]
|
|-heal|p1a: Muk|58/100|[from] item: Leftovers
|upkeep
|
|t:|1757847624
|switch|p2a: Raging Bolt|Raging Bolt, tera:Fairy|25/100
|turn|17
|
|t:|1757847628
|move|p2a: Raging Bolt|Thunderbolt|p1a: Muk
|-damage|p1a: Muk|24/100
|-status|p1a: Muk|par
|move|p1a: Muk|Gunk Shot|p2a: Raging Bolt
|-supereffective|p2a: Raging Bolt
|-damage|p2a: Raging Bolt|0 fnt
|faint|p2a: Raging Bolt
|-end|p2a: Raging Bolt|Protosynthesis|[silent]
|
|-heal|p1a: Muk|30/100 par|[from] item: Leftovers
|upkeep
|
|t:|1757847640
|switch|p2a: Dragapult|Dragapult, F|100/100
|turn|18
|
|t:|1757847645
|move|p2a: Dragapult|Draco Meteor|p1a: Muk
|-damage|p1a: Muk|0 fnt
|-unboost|p2a: Dragapult|spa|2
|faint|p1a: Muk
|
|upkeep
|
|t:|1757847649
|switch|p1a: Araquanid|Araquanid, M|100/100
|turn|19
|
|t:|1757847652
|switch|p2a: Corviknight|Corviknight, F|62/100
|-ability|p2a: Corviknight|Pressure
|move|p1a: Araquanid|Sticky Web|p2a: Corviknight
|-sidestart|p2: i have no id|move: Sticky Web
|
|-heal|p2a: Corviknight|68/100|[from] item: Leftovers
|upkeep
|turn|20
|
|t:|1757847658
|switch|p1a: Gholdengo|Gholdengo|97/100
|move|p2a: Corviknight|U-turn|p1a: Gholdengo
|-resisted|p1a: Gholdengo
|-damage|p1a: Gholdengo|93/100
|
|t:|1757847660
|switch|p2a: Primarina|Primarina, F|100/100|[from] U-turn
|-activate|p2a: Primarina|move: Sticky Web
|-unboost|p2a: Primarina|spe|1
|
|upkeep
|turn|21
|
|t:|1757847666
|move|p1a: Gholdengo|Trick|p2a: Primarina
|-activate|p1a: Gholdengo|move: Trick|[of] p2a: Primarina
|-item|p2a: Primarina|Choice Scarf|[from] move: Trick
|-item|p1a: Gholdengo|Assault Vest|[from] move: Trick
|move|p2a: Primarina|Surf|p1a: Gholdengo
|-damage|p1a: Gholdengo|50/100
|
|upkeep
|turn|22
|
|t:|1757847672
|switch|p1a: Araquanid|Araquanid, M|100/100
|move|p2a: Primarina|Surf|p1a: Araquanid
|-resisted|p1a: Araquanid
|-damage|p1a: Araquanid|81/100
|
|upkeep
|turn|23
|
|t:|1757847675
|switch|p2a: Corviknight|Corviknight, F|68/100
|-ability|p2a: Corviknight|Pressure
|move|p1a: Araquanid|Surf|p2a: Corviknight
|-damage|p2a: Corviknight|25/100
|
|-heal|p2a: Corviknight|31/100|[from] item: Leftovers
|upkeep
|turn|24
|
|t:|1757847681
|switch|p1a: Gholdengo|Gholdengo|50/100
|move|p2a: Corviknight|Roost|p2a: Corviknight
|-heal|p2a: Corviknight|81/100
|-singleturn|p2a: Corviknight|move: Roost
|
|-heal|p2a: Corviknight|87/100|[from] item: Leftovers
|upkeep
|turn|25
|
|t:|1757847690
|switch|p2a: Primarina|Primarina, F|100/100
|-activate|p2a: Primarina|move: Sticky Web
|-unboost|p2a: Primarina|spe|1
|move|p1a: Gholdengo|Shadow Ball|p2a: Primarina
|-damage|p2a: Primarina|63/100
|
|upkeep
|turn|26
|
|t:|1757847698
|-terastallize|p1a: Gholdengo|Steel
|move|p1a: Gholdengo|Make It Rain|p2a: Primarina
|-damage|p2a: Primarina|0 fnt
|-unboost|p1a: Gholdengo|spa|1
|faint|p2a: Primarina
|
|upkeep
|
|t:|1757847710
|switch|p2a: Meowscarada|Meowscarada, M|100/100
|-activate|p2a: Meowscarada|move: Sticky Web
|-unboost|p2a: Meowscarada|spe|1
|turn|27
|
|t:|1757847716
|switch|p1a: Talonflame|Talonflame, M|100/100
|move|p2a: Meowscarada|Knock Off|p1a: Talonflame
|-start|p2a: Meowscarada|typechange|Dark|[from] ability: Protean
|-damage|p1a: Talonflame|65/100
|
|upkeep
|turn|28
|
|t:|1757847723
|move|p1a: Talonflame|Roost|p1a: Talonflame
|-heal|p1a: Talonflame|100/100
|-singleturn|p1a: Talonflame|move: Roost
|move|p2a: Meowscarada|Knock Off|p1a: Talonflame
|-damage|p1a: Talonflame|63/100
|
|upkeep
|turn|29
|
|t:|1757847727
|move|p1a: Talonflame|Roost|p1a: Talonflame
|-heal|p1a: Talonflame|100/100
|-singleturn|p1a: Talonflame|move: Roost
|move|p2a: Meowscarada|Knock Off|p1a: Talonflame
|-damage|p1a: Talonflame|62/100
|-status|p2a: Meowscarada|brn|[from] ability: Flame Body|[of] p1a: Talonflame
|
|-damage|p2a: Meowscarada|94/100 brn|[from] brn
|upkeep
|turn|30
|-message|i have no id forfeited.
|
|win|ay cheu
|raw|ay cheu's rating: 1485 &rarr; <strong>1505</strong><br />(+20 for winning)
|raw|i have no id's rating: 1492 &rarr; <strong>1472</strong><br />(-20 for losing)
|l|☆i have no id
|player|p2|
