|j|☆LVL62Monoco
|j|☆Plooka
|t:|1757793873
|gametype|singles
|player|p1|LVL62Monoco|265|1460
|player|p2|Plooka|lana|1482
|gen|9
|tier|[Gen 9] OU
|rated|
|rule|HP Percentage Mod: HP is shown in percentages
|rule|Endless Battle Clause: Forcing endless battles is banned
|rule|Species Clause: Limit one of each Pokémon
|rule|OHKO Clause: OHKO moves are banned
|rule|Evasion Items Clause: Evasion items are banned
|rule|Evasion Moves Clause: Evasion moves are banned
|rule|Evasion Abilities Clause: Evasion abilities are banned
|rule|Sleep Moves Clause: Sleep-inducing moves are banned
|clearpoke
|poke|p1|Grimmsnarl, M|
|poke|p1|Ursaluna, M|
|poke|p1|Slowbro-Galar, M|
|poke|p1|Iron Hands|
|poke|p1|Kingambit, M|
|poke|p1|Enamorus-Therian, F|
|poke|p2|Primarina, F|
|poke|p2|Great Tusk|
|poke|p2|Darkrai|
|poke|p2|Dragonite, F|
|poke|p2|Moltres|
|poke|p2|Dragapult, F|
|teampreview
|
|t:|1757793896
|teamsize|p1|6
|teamsize|p2|6
|start
|switch|p1a: Grimmsnarl|Grimmsnarl, M|100/100
|switch|p2a: Primarina|Primarina, F|100/100
|turn|1
|
|t:|1757793902
|move|p1a: Grimmsnarl|Light Screen|p1a: Grimmsnarl
|-sidestart|p1: LVL62Monoco|move: Light Screen
|move|p2a: Primarina|Moonblast|p1a: Grimmsnarl
|-supereffective|p1a: Grimmsnarl
|-damage|p1a: Grimmsnarl|47/100
|
|upkeep
|turn|2
|
|t:|1757793907
|move|p1a: Grimmsnarl|Parting Shot|p2a: Primarina
|-unboost|p2a: Primarina|atk|1
|-unboost|p2a: Primarina|spa|1
|
|t:|1757793918
|switch|p1a: Ursaluna|Ursaluna, M|100/100|[from] Parting Shot
|move|p2a: Primarina|Moonblast|p1a: Ursaluna
|-damage|p1a: Ursaluna|86/100
|-unboost|p1a: Ursaluna|spa|1
|
|upkeep
|turn|3
|
|t:|1757793928
|move|p2a: Primarina|Flip Turn|p1a: Ursaluna
|-supereffective|p1a: Ursaluna
|-damage|p1a: Ursaluna|72/100
|
|t:|1757793931
|switch|p2a: Dragapult|Dragapult, F|100/100|[from] Flip Turn
|move|p1a: Ursaluna|Swords Dance|p1a: Ursaluna
|-boost|p1a: Ursaluna|atk|2
|
|upkeep
|turn|4
|-activate|p1a: Ursaluna|item: Quick Claw
|
|t:|1757793940
|move|p1a: Ursaluna|Crunch|p2a: Dragapult
|-supereffective|p2a: Dragapult
|-damage|p2a: Dragapult|0 fnt
|faint|p2a: Dragapult
|
|upkeep
|
|t:|1757793951
|switch|p2a: Great Tusk|Great Tusk|100/100
|turn|5
|
|t:|1757793958
|switch|p1a: Enamorus|Enamorus-Therian, F|100/100
|move|p2a: Great Tusk|Close Combat|p1a: Enamorus
|-resisted|p1a: Enamorus
|-damage|p1a: Enamorus|87/100
|-unboost|p2a: Great Tusk|def|1
|-unboost|p2a: Great Tusk|spd|1
|
|upkeep
|turn|6
|
|t:|1757793968
|-end|p2a: Great Tusk|Protosynthesis|[silent]
|switch|p2a: Primarina|Primarina, F|100/100
|move|p1a: Enamorus|Calm Mind|p1a: Enamorus
|-boost|p1a: Enamorus|spa|1
|-boost|p1a: Enamorus|spd|1
|
|upkeep
|turn|7
|
|t:|1757793975
|move|p2a: Primarina|Flip Turn|p1a: Enamorus
|-damage|p1a: Enamorus|73/100
|
|t:|1757793977
|switch|p2a: Dragonite|Dragonite, F|100/100|[from] Flip Turn
|move|p1a: Enamorus|Calm Mind|p1a: Enamorus
|-boost|p1a: Enamorus|spa|1
|-boost|p1a: Enamorus|spd|1
|
|upkeep
|turn|8
|-activate|p1a: Enamorus|item: Quick Claw
|
|t:|1757793984
|move|p1a: Enamorus|Moonblast|p2a: Dragonite
|-supereffective|p2a: Dragonite
|-damage|p2a: Dragonite|0 fnt
|faint|p2a: Dragonite
|
|-sideend|p1: LVL62Monoco|move: Light Screen
|upkeep
|
|t:|1757793993
|switch|p2a: Great Tusk|Great Tusk|100/100
|turn|9
|-activate|p1a: Enamorus|item: Quick Claw
|
|t:|1757794006
|move|p1a: Enamorus|Earth Power|p2a: Great Tusk
|-damage|p2a: Great Tusk|0 fnt
|faint|p2a: Great Tusk
|-end|p2a: Great Tusk|Protosynthesis|[silent]
|
|upkeep
|c|☆Plooka|!data quick claw
|raw|<ul class="utilichart"><li class="result"><span class="col itemiconcol"><psicon item="quickclaw"></span> <span class="col namecol"><a href="https://dex.pokemonshowdown.com/items/quickclaw">Quick Claw</a></span> <span class="col itemdesccol">Each turn, holder has a 20% chance to move first in its priority bracket.</span> </li><li style="clear:both"></li></ul>

|-message|Plooka forfeited.
|
|win|LVL62Monoco
|raw|LVL62Monoco's rating: 1460 &rarr; <strong>1481</strong><br />(+21 for winning)
|raw|Plooka's rating: 1482 &rarr; <strong>1461</strong><br />(-21 for losing)
|l|☆Plooka
|player|p2|
|c|☆LVL62Monoco|lol
|l|☆LVL62Monoco
|player|p1|
