|j|☆Envy cat
|j|☆MoncefTheW
|t:|1757787683
|gametype|singles
|player|p1|Envy cat|roughneck-gen4|1169
|player|p2|MoncefTheW|dawn|1133
|gen|9
|tier|[Gen 9] OU
|rated|
|rule|HP Percentage Mod: HP is shown in percentages
|rule|Endless Battle Clause: Forcing endless battles is banned
|rule|Species Clause: Limit one of each Pokémon
|rule|OHKO Clause: OHKO moves are banned
|rule|Evasion Items Clause: Evasion items are banned
|rule|Evasion Moves Clause: Evasion moves are banned
|rule|Evasion Abilities Clause: Evasion abilities are banned
|rule|Sleep Moves Clause: Sleep-inducing moves are banned
|clearpoke
|poke|p1|Zoroark-Hisui, M|
|poke|p1|Sandslash-Alola, F|
|poke|p1|Kyurem|
|poke|p1|Lanturn, F|
|poke|p1|Landorus-Therian, M|
|poke|p1|Scrafty, M|
|poke|p2|Kommo-o, M|
|poke|p2|Iron Hands|
|poke|p2|Gyarados, M|
|poke|p2|Meowscarada, M|
|poke|p2|Chandelure, M|
|poke|p2|Maushold-Four|
|teampreview
|inactive|Battle timer is ON: inactive players will automatically lose when time's up. (requested by MoncefTheW)
|
|t:|1757787688
|teamsize|p1|6
|teamsize|p2|6
|start
|switch|p1a: Não pode ser|Landorus-Therian, M|100/100
|switch|p2a: Best Tiger|Meowscarada, M, shiny|100/100
|-ability|p1a: Não pode ser|Intimidate|boost
|-unboost|p2a: Best Tiger|atk|1
|turn|1
|
|t:|1757787694
|move|p2a: Best Tiger|Triple Axel|p1a: Não pode ser
|-start|p2a: Best Tiger|typechange|Ice|[from] ability: Protean
|-supereffective|p1a: Não pode ser
|-damage|p1a: Não pode ser|69/100
|-hitcount|p1a: Não pode ser|1
|move|p1a: Não pode ser|U-turn|p2a: Best Tiger
|-damage|p2a: Best Tiger|68/100
|
|t:|1757787701
|switch|p1a: Olha a cobra!!|Scrafty, M|100/100|[from] U-turn
|
|upkeep
|turn|2
|
|t:|1757787708
|move|p2a: Best Tiger|U-turn|p1a: Olha a cobra!!
|-resisted|p1a: Olha a cobra!!
|-damage|p1a: Olha a cobra!!|85/100
|replace|p1a: É mentira!!!|Zoroark-Hisui, M, shiny
|-end|p1a: É mentira!!!|Illusion
|
|t:|1757787720
|switch|p2a: Robot|Iron Hands, shiny|100/100|[from] U-turn
|-enditem|p2a: Robot|Booster Energy
|-activate|p2a: Robot|ability: Quark Drive|[fromitem]
|-start|p2a: Robot|quarkdriveatk
|move|p1a: É mentira!!!|Snowscape|p1a: É mentira!!!
|-weather|Snowscape
|
|-weather|Snowscape|[upkeep]
|upkeep
|turn|3
|
|t:|1757787727
|move|p1a: É mentira!!!|U-turn|p2a: Robot
|-resisted|p2a: Robot
|-damage|p2a: Robot|96/100
|
|t:|1757787731
|switch|p1a: Mas tem que ser|Lanturn, F|100/100|[from] U-turn
|move|p2a: Robot|Swords Dance|p2a: Robot
|-boost|p2a: Robot|atk|2
|
|-weather|Snowscape|[upkeep]
|upkeep
|turn|4
|
|t:|1757787739
|move|p1a: Mas tem que ser|Scald|p2a: Robot
|-damage|p2a: Robot|72/100
|-status|p2a: Robot|brn
|move|p2a: Robot|Drain Punch|p1a: Mas tem que ser
|-damage|p1a: Mas tem que ser|43/100
|-heal|p2a: Robot|100/100 brn|[from] drain|[of] p1a: Mas tem que ser
|
|-weather|Snowscape|[upkeep]
|-damage|p2a: Robot|94/100 brn|[from] brn
|upkeep
|turn|5
|
|t:|1757787749
|move|p1a: Mas tem que ser|Flip Turn|p2a: Robot
|-damage|p2a: Robot|86/100 brn
|
|t:|1757787753
|switch|p1a: Olha a cobra!!|Scrafty, M|85/100|[from] Flip Turn
|move|p2a: Robot|Fire Punch|p1a: Olha a cobra!!
|-damage|p1a: Olha a cobra!!|16/100
|replace|p1a: É mentira!!!|Zoroark-Hisui, M, shiny
|-end|p1a: É mentira!!!|Illusion
|
|-weather|Snowscape|[upkeep]
|-damage|p2a: Robot|80/100 brn|[from] brn
|upkeep
|turn|6
|
|t:|1757787758
|move|p1a: É mentira!!!|Shadow Ball|p2a: Robot
|-damage|p2a: Robot|50/100 brn
|move|p2a: Robot|Fire Punch|p1a: É mentira!!!
|-damage|p1a: É mentira!!!|0 fnt
|faint|p1a: É mentira!!!
|
|-weather|Snowscape|[upkeep]
|-damage|p2a: Robot|43/100 brn|[from] brn
|upkeep
|
|t:|1757787771
|switch|p1a: PARABÉNS MEU AMOR|Sandslash-Alola, F|100/100
|turn|7
|
|t:|1757787774
|move|p1a: PARABÉNS MEU AMOR|Earthquake|p2a: Robot
|-supereffective|p2a: Robot
|-damage|p2a: Robot|0 fnt
|faint|p2a: Robot
|-end|p2a: Robot|Quark Drive|[silent]
|
|-weather|Snowscape|[upkeep]
|upkeep
|
|t:|1757787784
|switch|p2a: Rexplode|Chandelure, M, shiny|100/100
|turn|8
|
|t:|1757787788
|move|p1a: PARABÉNS MEU AMOR|Earthquake|p2a: Rexplode
|-supereffective|p2a: Rexplode
|-damage|p2a: Rexplode|0 fnt
|faint|p2a: Rexplode
|
|-weather|Snowscape|[upkeep]
|upkeep
|
|t:|1757787794
|switch|p2a: Mister Liu|Gyarados, M, shiny|100/100
|turn|9
|
|t:|1757787798
|-terastallize|p1a: PARABÉNS MEU AMOR|Electric
|move|p1a: PARABÉNS MEU AMOR|Tera Blast|p2a: Mister Liu|[anim] Tera Blast Electric
|-supereffective|p2a: Mister Liu
|-damage|p2a: Mister Liu|0 fnt
|faint|p2a: Mister Liu
|
|-weather|none
|upkeep
|
|t:|1757787805
|switch|p2a: Dinosaurus|Kommo-o, M|100/100
|turn|10
|
|t:|1757787814
|-terastallize|p2a: Dinosaurus|Fairy
|move|p2a: Dinosaurus|Clangorous Soul|p2a: Dinosaurus
|-boost|p2a: Dinosaurus|atk|1
|-boost|p2a: Dinosaurus|def|1
|-boost|p2a: Dinosaurus|spa|1
|-boost|p2a: Dinosaurus|spd|1
|-boost|p2a: Dinosaurus|spe|1
|-damage|p2a: Dinosaurus|68/100
|move|p1a: PARABÉNS MEU AMOR|Ice Spinner|p2a: Dinosaurus
|-damage|p2a: Dinosaurus|43/100
|
|-heal|p2a: Dinosaurus|50/100|[from] item: Leftovers
|upkeep
|turn|11
|
|t:|1757787826
|move|p2a: Dinosaurus|Drain Punch|p1a: PARABÉNS MEU AMOR
|-damage|p1a: PARABÉNS MEU AMOR|48/100
|-heal|p2a: Dinosaurus|76/100|[from] drain|[of] p1a: PARABÉNS MEU AMOR
|move|p1a: PARABÉNS MEU AMOR|Tera Blast|p2a: Dinosaurus|[anim] Tera Blast Electric
|-damage|p2a: Dinosaurus|52/100
|
|-heal|p2a: Dinosaurus|59/100|[from] item: Leftovers
|upkeep
|turn|12
|
|t:|1757787834
|move|p2a: Dinosaurus|Drain Punch|p1a: PARABÉNS MEU AMOR
|-damage|p1a: PARABÉNS MEU AMOR|0 fnt
|-heal|p2a: Dinosaurus|82/100|[from] drain|[of] p1a: PARABÉNS MEU AMOR
|faint|p1a: PARABÉNS MEU AMOR
|
|-heal|p2a: Dinosaurus|88/100|[from] item: Leftovers
|upkeep
|
|t:|1757787840
|switch|p1a: Mas tem que ser|Lanturn, F|43/100
|turn|13
|
|t:|1757787844
|move|p2a: Dinosaurus|Drain Punch|p1a: Mas tem que ser
|-damage|p1a: Mas tem que ser|0 fnt
|-heal|p2a: Dinosaurus|100/100|[from] drain|[of] p1a: Mas tem que ser
|faint|p1a: Mas tem que ser
|
|upkeep
|
|t:|1757787858
|switch|p1a: PFVR MEU AMOR|Kyurem, shiny|100/100
|-ability|p1a: PFVR MEU AMOR|Pressure
|turn|14
|
|t:|1757787864
|move|p2a: Dinosaurus|Drain Punch|p1a: PFVR MEU AMOR
|-supereffective|p1a: PFVR MEU AMOR
|-damage|p1a: PFVR MEU AMOR|0 fnt
|faint|p1a: PFVR MEU AMOR
|
|upkeep
|
|t:|1757787876
|switch|p1a: Não pode ser|Landorus-Therian, M|69/100
|-ability|p1a: Não pode ser|Intimidate|boost
|-unboost|p2a: Dinosaurus|atk|1
|turn|15
|
|t:|1757787881
|move|p2a: Dinosaurus|Ice Punch|p1a: Não pode ser
|-supereffective|p1a: Não pode ser
|-crit|p1a: Não pode ser
|-damage|p1a: Não pode ser|0 fnt
|faint|p1a: Não pode ser
|
|upkeep
|
|t:|1757787888
|switch|p1a: Olha a cobra!!|Scrafty, M|100/100
|-ability|p1a: Olha a cobra!!|Intimidate|boost
|-unboost|p2a: Dinosaurus|atk|1
|turn|16
|
|t:|1757787892
|move|p2a: Dinosaurus|Clangorous Soul|p2a: Dinosaurus
|-boost|p2a: Dinosaurus|atk|1
|-boost|p2a: Dinosaurus|def|1
|-boost|p2a: Dinosaurus|spa|1
|-boost|p2a: Dinosaurus|spd|1
|-boost|p2a: Dinosaurus|spe|1
|-damage|p2a: Dinosaurus|68/100
|move|p1a: Olha a cobra!!|Dragon Dance|p1a: Olha a cobra!!
|-boost|p1a: Olha a cobra!!|atk|1
|-boost|p1a: Olha a cobra!!|spe|1
|
|-heal|p2a: Dinosaurus|74/100|[from] item: Leftovers
|upkeep
|turn|17
|
|t:|1757787905
|move|p2a: Dinosaurus|Drain Punch|p1a: Olha a cobra!!
|-supereffective|p1a: Olha a cobra!!
|-damage|p1a: Olha a cobra!!|16/100
|-heal|p2a: Dinosaurus|100/100|[from] drain|[of] p1a: Olha a cobra!!
|move|p1a: Olha a cobra!!|Dragon Dance|p1a: Olha a cobra!!
|-boost|p1a: Olha a cobra!!|atk|1
|-boost|p1a: Olha a cobra!!|spe|1
|
|upkeep
|turn|18
|
|t:|1757787911
|move|p2a: Dinosaurus|Drain Punch|p1a: Olha a cobra!!
|-supereffective|p1a: Olha a cobra!!
|-damage|p1a: Olha a cobra!!|0 fnt
|faint|p1a: Olha a cobra!!
|
|win|MoncefTheW
|raw|Envy cat's rating: 1169 &rarr; <strong>1141</strong><br />(-28 for losing)
|raw|MoncefTheW's rating: 1133 &rarr; <strong>1161</strong><br />(+28 for winning)
|l|☆Envy cat
|player|p1|
