|j|☆pinchurchingoat
|j|☆peleg_r
|t:|1757936690
|gametype|singles
|player|p1|pinchurchingoat|gentleman-gen4|1086
|player|p2|peleg_r|harlequin|1087
|gen|9
|tier|[Gen 9] OU
|rated|
|rule|HP Percentage Mod: HP is shown in percentages
|rule|Endless Battle Clause: Forcing endless battles is banned
|rule|Species Clause: Limit one of each Pokémon
|rule|OHKO Clause: OHKO moves are banned
|rule|Evasion Items Clause: Evasion items are banned
|rule|Evasion Moves Clause: Evasion moves are banned
|rule|Evasion Abilities Clause: Evasion abilities are banned
|rule|Sleep Moves Clause: Sleep-inducing moves are banned
|clearpoke
|poke|p1|Moltres-Galar|
|poke|p1|Hawlucha, F|
|poke|p1|Pelipper, F|
|poke|p1|Quaquaval, F|
|poke|p1|Thundurus-Therian, M|
|poke|p1|Drednaw, M|
|poke|p2|Ting-Lu|
|poke|p2|Enamorus, F|
|poke|p2|Slowking-Galar, M|
|poke|p2|Iron Moth|
|poke|p2|Ogerpon-Wellspring, F|
|poke|p2|Raging Bolt|
|teampreview
|
|t:|1757936699
|teamsize|p1|6
|teamsize|p2|6
|start
|switch|p1a: Moltres|Moltres-Galar|100/100
|switch|p2a: Enamorus|Enamorus, F, shiny|100/100
|turn|1
|
|t:|1757936709
|-terastallize|p2a: Enamorus|Stellar
|move|p2a: Enamorus|Tera Blast|p1a: Moltres|[anim] Tera Blast Stellar
|-damage|p1a: Moltres|61/100
|-boost|p2a: Enamorus|atk|1
|-boost|p2a: Enamorus|spa|1
|move|p1a: Moltres|Nasty Plot|p1a: Moltres
|-boost|p1a: Moltres|spa|2
|
|upkeep
|turn|2
|
|t:|1757936719
|move|p2a: Enamorus|Tera Blast|p1a: Moltres|[anim] Tera Blast Stellar
|-damage|p1a: Moltres|12/100
|-boost|p2a: Enamorus|atk|1
|-boost|p2a: Enamorus|spa|1
|-ability|p1a: Moltres|Berserk|boost
|-boost|p1a: Moltres|spa|1
|move|p1a: Moltres|Nasty Plot|p1a: Moltres
|-boost|p1a: Moltres|spa|2
|
|upkeep
|turn|3
|
|t:|1757936729
|move|p2a: Enamorus|Tera Blast|p1a: Moltres|[anim] Tera Blast Stellar
|-damage|p1a: Moltres|0 fnt
|-boost|p2a: Enamorus|atk|1
|-boost|p2a: Enamorus|spa|1
|faint|p1a: Moltres
|
|upkeep
|
|t:|1757936732
|switch|p1a: Hawlucha|Hawlucha, F|100/100
|turn|4
|
|t:|1757936739
|move|p1a: Hawlucha|Endure|p1a: Hawlucha
|-singleturn|p1a: Hawlucha|move: Endure
|move|p2a: Enamorus|Tera Blast|p1a: Hawlucha|[anim] Tera Blast Stellar
|-activate|p1a: Hawlucha|move: Endure
|-damage|p1a: Hawlucha|1/100
|-boost|p2a: Enamorus|atk|1
|-boost|p2a: Enamorus|spa|1
|-enditem|p1a: Hawlucha|Liechi Berry|[eat]
|-boost|p1a: Hawlucha|atk|1|[from] item: Liechi Berry
|
|upkeep
|turn|5
|
|t:|1757936757
|move|p1a: Hawlucha|Close Combat|p2a: Enamorus
|-resisted|p2a: Enamorus
|-damage|p2a: Enamorus|72/100
|-unboost|p1a: Hawlucha|def|1
|-unboost|p1a: Hawlucha|spd|1
|move|p2a: Enamorus|Tera Blast|p1a: Hawlucha|[anim] Tera Blast Stellar
|-damage|p1a: Hawlucha|0 fnt
|-boost|p2a: Enamorus|atk|1
|-boost|p2a: Enamorus|spa|1
|faint|p1a: Hawlucha
|
|-heal|p2a: Enamorus|78/100|[from] item: Leftovers
|upkeep
|
|t:|1757936771
|switch|p1a: Pelipper|Pelipper, F|100/100
|-weather|RainDance|[from] ability: Drizzle|[of] p1a: Pelipper
|turn|6
|
|t:|1757936780
|move|p2a: Enamorus|Tera Blast|p1a: Pelipper|[anim] Tera Blast Stellar
|-damage|p1a: Pelipper|0 fnt
|-boost|p2a: Enamorus|atk|1
|-boost|p2a: Enamorus|spa|1
|faint|p1a: Pelipper
|
|-weather|RainDance|[upkeep]
|-heal|p2a: Enamorus|84/100|[from] item: Leftovers
|upkeep
|
|t:|1757936793
|switch|p1a: Quaquaval|Quaquaval, F|100/100
|turn|7
|
|t:|1757936802
|move|p2a: Enamorus|Tera Blast|p1a: Quaquaval|[anim] Tera Blast Stellar
|-enditem|p1a: Quaquaval|Focus Sash
|-damage|p1a: Quaquaval|1/100
|move|p1a: Quaquaval|Aqua Step|p2a: Enamorus
|-damage|p2a: Enamorus|0 fnt
|-boost|p1a: Quaquaval|spe|1
|faint|p2a: Enamorus
|-ability|p1a: Quaquaval|Moxie|boost
|-boost|p1a: Quaquaval|atk|1
|
|-weather|RainDance|[upkeep]
|upkeep
|
|t:|1757936813
|switch|p2a: Iron Moth|Iron Moth, shiny|100/100
|-enditem|p2a: Iron Moth|Booster Energy
|-activate|p2a: Iron Moth|ability: Quark Drive|[fromitem]
|-start|p2a: Iron Moth|quarkdrivespe
|turn|8
|
|t:|1757936828
|move|p1a: Quaquaval|Aqua Jet|p2a: Iron Moth
|-supereffective|p2a: Iron Moth
|-damage|p2a: Iron Moth|0 fnt
|faint|p2a: Iron Moth
|-end|p2a: Iron Moth|Quark Drive|[silent]
|-ability|p1a: Quaquaval|Moxie|boost
|-boost|p1a: Quaquaval|atk|1
|
|-weather|RainDance|[upkeep]
|upkeep
|
|t:|1757936839
|switch|p2a: Slowking|Slowking-Galar, M, shiny|100/100
|turn|9
|
|t:|1757936852
|move|p1a: Quaquaval|Aqua Step|p2a: Slowking
|-damage|p2a: Slowking|0 fnt
|-boost|p1a: Quaquaval|spe|1
|faint|p2a: Slowking
|-ability|p1a: Quaquaval|Moxie|boost
|-boost|p1a: Quaquaval|atk|1
|
|-weather|RainDance|[upkeep]
|upkeep
|
|t:|1757936859
|switch|p2a: Ogerpon|Ogerpon-Wellspring, F|100/100
|turn|10
|
|t:|1757936872
|move|p1a: Quaquaval|Close Combat|p2a: Ogerpon
|-damage|p2a: Ogerpon|0 fnt
|-unboost|p1a: Quaquaval|def|1
|-unboost|p1a: Quaquaval|spd|1
|faint|p2a: Ogerpon
|-ability|p1a: Quaquaval|Moxie|boost
|-boost|p1a: Quaquaval|atk|1
|
|-weather|RainDance|[upkeep]
|upkeep
|
|t:|1757936874
|switch|p2a: Ting-Lu|Ting-Lu|100/100
|-ability|p2a: Ting-Lu|Vessel of Ruin
|turn|11
|
|t:|1757936884
|move|p1a: Quaquaval|Aqua Step|p2a: Ting-Lu
|-supereffective|p2a: Ting-Lu
|-damage|p2a: Ting-Lu|0 fnt
|-boost|p1a: Quaquaval|spe|1
|faint|p2a: Ting-Lu
|-ability|p1a: Quaquaval|Moxie|boost
|-boost|p1a: Quaquaval|atk|1
|
|-weather|RainDance|[upkeep]
|upkeep
|
|t:|1757936891
|switch|p2a: Raging Bolt|Raging Bolt|100/100
|-enditem|p2a: Raging Bolt|Booster Energy
|-activate|p2a: Raging Bolt|ability: Protosynthesis|[fromitem]
|-start|p2a: Raging Bolt|protosynthesisspa
|turn|12
|
|t:|1757936907
|move|p2a: Raging Bolt|Thunderclap|p1a: Quaquaval
|-supereffective|p1a: Quaquaval
|-damage|p1a: Quaquaval|0 fnt
|faint|p1a: Quaquaval
|
|-weather|RainDance|[upkeep]
|upkeep
|
|t:|1757936919
|switch|p1a: Thundurus|Thundurus-Therian, M|100/100
|turn|13
|
|t:|1757936938
|move|p1a: Thundurus|Weather Ball|p2a: Raging Bolt
|-resisted|p2a: Raging Bolt
|-damage|p2a: Raging Bolt|63/100
|move|p2a: Raging Bolt|Thunderbolt|p1a: Thundurus
|-immune|p1a: Thundurus|[from] ability: Volt Absorb
|
|-weather|none
|upkeep
|turn|14
|
|t:|1757936954
|switch|p1a: Drednaw|Drednaw, M|100/100
|move|p2a: Raging Bolt|Dragon Pulse|p1a: Drednaw
|-damage|p1a: Drednaw|11/100
|
|upkeep
|turn|15
|
|t:|1757936968
|move|p2a: Raging Bolt|Dragon Pulse|p1a: Drednaw
|-damage|p1a: Drednaw|0 fnt
|faint|p1a: Drednaw
|
|upkeep
|
|t:|1757936974
|switch|p1a: Thundurus|Thundurus-Therian, M|100/100
|turn|16
|
|t:|1757936979
|move|p1a: Thundurus|Thunderbolt|p2a: Raging Bolt
|-resisted|p2a: Raging Bolt
|-damage|p2a: Raging Bolt|44/100
|move|p2a: Raging Bolt|Dragon Pulse|p1a: Thundurus
|-damage|p1a: Thundurus|13/100
|
|upkeep
|turn|17
|
|t:|1757936985
|move|p1a: Thundurus|Thunderbolt|p2a: Raging Bolt
|-resisted|p2a: Raging Bolt
|-damage|p2a: Raging Bolt|25/100
|move|p2a: Raging Bolt|Dragon Pulse|p1a: Thundurus
|-damage|p1a: Thundurus|0 fnt
|faint|p1a: Thundurus
|
|win|peleg_r
|raw|pinchurchingoat's rating: 1086 &rarr; <strong>1063</strong><br />(-23 for losing)
|raw|peleg_r's rating: 1087 &rarr; <strong>1114</strong><br />(+27 for winning)
|l|☆pinchurchingoat
|player|p1|
