|j|☆Saim77
|j|☆frodriguez128
|t:|1757945522
|gametype|singles
|player|p1|Saim77|266|1475
|player|p2|frodriguez128|rosa|1475
|gen|9
|tier|[Gen 9] OU
|rated|
|rule|HP Percentage Mod: HP is shown in percentages
|rule|Endless Battle Clause: Forcing endless battles is banned
|rule|Species Clause: Limit one of each Pokémon
|rule|OHKO Clause: OHKO moves are banned
|rule|Evasion Items Clause: Evasion items are banned
|rule|Evasion Moves Clause: Evasion moves are banned
|rule|Evasion Abilities Clause: Evasion abilities are banned
|rule|Sleep Moves Clause: Sleep-inducing moves are banned
|clearpoke
|poke|p1|Iron Crown|
|poke|p1|Meowscarada, F|
|poke|p1|Great Tusk|
|poke|p1|Pecharunt|
|poke|p1|Ting-Lu|
|poke|p1|Iron Valiant|
|poke|p2|Pelipper, F|
|poke|p2|Kingdra, F|
|poke|p2|Barraskewda, F|
|poke|p2|Dragonite, M|
|poke|p2|Raging Bolt|
|poke|p2|Iron Treads|
|teampreview
|inactive|Battle timer is ON: inactive players will automatically lose when time's up. (requested by Saim77)
|
|t:|1757945532
|teamsize|p1|6
|teamsize|p2|6
|start
|switch|p1a: Iron Crown|Iron Crown|100/100
|switch|p2a: Pelipper|Pelipper, F|100/100
|-weather|RainDance|[from] ability: Drizzle|[of] p2a: Pelipper
|turn|1
|
|t:|1757945540
|switch|p2a: Iron Treads|Iron Treads|100/100
|-enditem|p2a: Iron Treads|Booster Energy
|-activate|p2a: Iron Treads|ability: Quark Drive|[fromitem]
|-start|p2a: Iron Treads|quarkdrivespe
|move|p1a: Iron Crown|Focus Blast|p2a: Iron Treads|[miss]
|-miss|p1a: Iron Crown|p2a: Iron Treads
|
|-weather|RainDance|[upkeep]
|upkeep
|turn|2
|
|t:|1757945551
|-end|p1a: Iron Crown|Quark Drive|[silent]
|switch|p1a: Pecharunt|Pecharunt|100/100
|move|p2a: Iron Treads|Stealth Rock|p1a: Pecharunt
|-sidestart|p1: Saim77|move: Stealth Rock
|
|-weather|RainDance|[upkeep]
|upkeep
|turn|3
|
|t:|1757945558
|move|p2a: Iron Treads|Earth Power|p1a: Pecharunt
|-supereffective|p1a: Pecharunt
|-damage|p1a: Pecharunt|31/100
|move|p1a: Pecharunt|Parting Shot|p2a: Iron Treads
|-unboost|p2a: Iron Treads|atk|1
|-unboost|p2a: Iron Treads|spa|1
|
|t:|1757945564
|switch|p1a: Ting-Lu|Ting-Lu|100/100|[from] Parting Shot
|-damage|p1a: Ting-Lu|94/100|[from] Stealth Rock
|-ability|p1a: Ting-Lu|Vessel of Ruin
|
|-weather|RainDance|[upkeep]
|-heal|p1a: Ting-Lu|100/100|[from] item: Leftovers
|upkeep
|turn|4
|
|t:|1757945573
|-end|p2a: Iron Treads|Quark Drive|[silent]
|switch|p2a: Barraskewda|Barraskewda, F|100/100
|move|p1a: Ting-Lu|Ruination|p2a: Barraskewda|[miss]
|-miss|p1a: Ting-Lu|p2a: Barraskewda
|
|-weather|RainDance|[upkeep]
|upkeep
|turn|5
|
|t:|1757945584
|switch|p1a: Pecharunt|Pecharunt|31/100
|move|p2a: Barraskewda|Liquidation|p1a: Pecharunt
|-damage|p1a: Pecharunt|0 fnt
|faint|p1a: Pecharunt
|-damage|p2a: Barraskewda|91/100|[from] item: Life Orb
|
|-weather|RainDance|[upkeep]
|upkeep
|
|t:|1757945598
|switch|p1a: Ting-Lu|Ting-Lu|100/100
|-damage|p1a: Ting-Lu|94/100|[from] Stealth Rock
|-ability|p1a: Ting-Lu|Vessel of Ruin
|turn|6
|
|t:|1757945603
|-terastallize|p1a: Ting-Lu|Water
|move|p2a: Barraskewda|Liquidation|p1a: Ting-Lu
|-resisted|p1a: Ting-Lu
|-damage|p1a: Ting-Lu|68/100
|-damage|p2a: Barraskewda|81/100|[from] item: Life Orb
|move|p1a: Ting-Lu|Earthquake|p2a: Barraskewda
|-damage|p2a: Barraskewda|5/100
|
|-weather|RainDance|[upkeep]
|-heal|p1a: Ting-Lu|74/100|[from] item: Leftovers
|upkeep
|turn|7
|
|t:|1757945621
|switch|p2a: Pelipper|Pelipper, F|100/100
|move|p1a: Ting-Lu|Stealth Rock|p2a: Pelipper
|-sidestart|p2: frodriguez128|move: Stealth Rock
|
|-weather|RainDance|[upkeep]
|-heal|p1a: Ting-Lu|80/100|[from] item: Leftovers
|upkeep
|turn|8
|
|t:|1757945630
|move|p2a: Pelipper|Knock Off|p1a: Ting-Lu
|-damage|p1a: Ting-Lu|74/100
|-enditem|p1a: Ting-Lu|Leftovers|[from] move: Knock Off|[of] p2a: Pelipper
|move|p1a: Ting-Lu|Ruination|p2a: Pelipper
|-damage|p2a: Pelipper|51/100
|
|-weather|none
|upkeep
|turn|9
|
|t:|1757945638
|move|p2a: Pelipper|U-turn|p1a: Ting-Lu
|-damage|p1a: Ting-Lu|68/100
|
|t:|1757945643
|switch|p2a: Iron Treads|Iron Treads|100/100|[from] U-turn
|-damage|p2a: Iron Treads|97/100|[from] Stealth Rock
|move|p1a: Ting-Lu|Whirlwind|p2a: Iron Treads
|-end|p2a: Iron Treads|Quark Drive|[silent]
|drag|p2a: Pelipper|Pelipper, F|51/100
|-damage|p2a: Pelipper|26/100|[from] Stealth Rock
|-weather|RainDance|[from] ability: Drizzle|[of] p2a: Pelipper
|
|-weather|RainDance|[upkeep]
|upkeep
|turn|10
|
|t:|1757945655
|switch|p2a: Raging Bolt|Raging Bolt|100/100
|-damage|p2a: Raging Bolt|88/100|[from] Stealth Rock
|-enditem|p2a: Raging Bolt|Booster Energy
|-activate|p2a: Raging Bolt|ability: Protosynthesis|[fromitem]
|-start|p2a: Raging Bolt|protosynthesisspa
|move|p1a: Ting-Lu|Whirlwind|p2a: Raging Bolt
|-end|p2a: Raging Bolt|Protosynthesis|[silent]
|drag|p2a: Pelipper|Pelipper, F|26/100
|-damage|p2a: Pelipper|1/100|[from] Stealth Rock
|
|-weather|RainDance|[upkeep]
|upkeep
|turn|11
|
|t:|1757945668
|switch|p2a: Iron Treads|Iron Treads|97/100
|-damage|p2a: Iron Treads|94/100|[from] Stealth Rock
|move|p1a: Ting-Lu|Whirlwind|p2a: Iron Treads
|-end|p2a: Iron Treads|Quark Drive|[silent]
|drag|p2a: Barraskewda|Barraskewda, F|5/100
|-damage|p2a: Barraskewda|0 fnt|[from] Stealth Rock
|faint|p2a: Barraskewda
|
|-weather|RainDance|[upkeep]
|upkeep
|
|t:|1757945679
|switch|p2a: Raging Bolt|Raging Bolt|88/100
|-damage|p2a: Raging Bolt|76/100|[from] Stealth Rock
|turn|12
|
|t:|1757945685
|move|p2a: Raging Bolt|Weather Ball|p1a: Ting-Lu
|-resisted|p1a: Ting-Lu
|-damage|p1a: Ting-Lu|56/100
|move|p1a: Ting-Lu|Earthquake|p2a: Raging Bolt
|-supereffective|p2a: Raging Bolt
|-damage|p2a: Raging Bolt|3/100
|
|-weather|RainDance|[upkeep]
|upkeep
|turn|13
|
|t:|1757945694
|move|p2a: Raging Bolt|Weather Ball|p1a: Ting-Lu
|-resisted|p1a: Ting-Lu
|-damage|p1a: Ting-Lu|43/100
|move|p1a: Ting-Lu|Earthquake|p2a: Raging Bolt
|-supereffective|p2a: Raging Bolt
|-crit|p2a: Raging Bolt
|-damage|p2a: Raging Bolt|0 fnt
|faint|p2a: Raging Bolt
|-end|p2a: Raging Bolt|Protosynthesis|[silent]
|
|-weather|RainDance|[upkeep]
|upkeep
|
|t:|1757945707
|switch|p2a: Kingdra|Kingdra, F|100/100
|-damage|p2a: Kingdra|88/100|[from] Stealth Rock
|turn|14
|
|t:|1757945714
|move|p2a: Kingdra|Draco Meteor|p1a: Ting-Lu
|-damage|p1a: Ting-Lu|9/100
|-unboost|p2a: Kingdra|spa|2
|move|p1a: Ting-Lu|Whirlwind|p2a: Kingdra
|drag|p2a: Pelipper|Pelipper, F|1/100
|-damage|p2a: Pelipper|0 fnt|[from] Stealth Rock
|faint|p2a: Pelipper
|
|-weather|RainDance|[upkeep]
|upkeep
|
|t:|1757945725
|switch|p2a: Kingdra|Kingdra, F|88/100
|-damage|p2a: Kingdra|76/100|[from] Stealth Rock
|turn|15
|
|t:|1757945731
|move|p2a: Kingdra|Hydro Pump|p1a: Ting-Lu
|-resisted|p1a: Ting-Lu
|-damage|p1a: Ting-Lu|0 fnt
|faint|p1a: Ting-Lu
|
|-weather|RainDance|[upkeep]
|upkeep
|
|t:|1757945734
|switch|p1a: Meowscarada|Meowscarada, F|100/100
|-damage|p1a: Meowscarada|88/100|[from] Stealth Rock
|turn|16
|
|t:|1757945742
|move|p2a: Kingdra|Hydro Pump|p1a: Meowscarada
|-resisted|p1a: Meowscarada
|-damage|p1a: Meowscarada|2/100
|move|p1a: Meowscarada|Flower Trick|p2a: Kingdra
|-start|p1a: Meowscarada|typechange|Grass|[from] ability: Protean
|-crit|p2a: Kingdra
|-damage|p2a: Kingdra|0 fnt
|faint|p2a: Kingdra
|
|-weather|none
|upkeep
|l|☆Saim77
|inactive|Saim77 disconnected and has a minute to reconnect!
|player|p1|
|
|t:|1757945758
|switch|p2a: Dragonite|Dragonite, M|100/100
|turn|17
|j|☆Saim77
|inactive|Saim77 reconnected and has 145 seconds left.
|player|p1|Saim77|266|
|
|t:|1757945766
|switch|p1a: Iron Crown|Iron Crown|100/100
|-damage|p1a: Iron Crown|94/100|[from] Stealth Rock
|-terastallize|p2a: Dragonite|Ghost
|move|p2a: Dragonite|Dragon Dance|p2a: Dragonite
|-boost|p2a: Dragonite|atk|1
|-boost|p2a: Dragonite|spe|1
|
|upkeep
|turn|18
|
|t:|1757945776
|move|p2a: Dragonite|Tera Blast|p1a: Iron Crown|[anim] Tera Blast Ghost
|-supereffective|p1a: Iron Crown
|-damage|p1a: Iron Crown|0 fnt
|faint|p1a: Iron Crown
|-end|p1a: Iron Crown|Quark Drive|[silent]
|
|upkeep
|
|t:|1757945785
|switch|p1a: Great Tusk|Great Tusk|100/100
|-damage|p1a: Great Tusk|98/100|[from] Stealth Rock
|turn|19
|
|t:|1757945790
|move|p2a: Dragonite|Dragon Dance|p2a: Dragonite
|-boost|p2a: Dragonite|atk|1
|-boost|p2a: Dragonite|spe|1
|move|p1a: Great Tusk|Bulk Up|p1a: Great Tusk
|-boost|p1a: Great Tusk|atk|1
|-boost|p1a: Great Tusk|def|1
|
|-heal|p1a: Great Tusk|100/100|[from] item: Leftovers
|upkeep
|turn|20
|
|t:|1757945799
|move|p2a: Dragonite|Encore|p1a: Great Tusk
|-start|p1a: Great Tusk|Encore
|move|p1a: Great Tusk|Bulk Up|p1a: Great Tusk
|-boost|p1a: Great Tusk|atk|1
|-boost|p1a: Great Tusk|def|1
|
|upkeep
|turn|21
|
|t:|1757945806
|move|p2a: Dragonite|Dragon Dance|p2a: Dragonite
|-boost|p2a: Dragonite|atk|1
|-boost|p2a: Dragonite|spe|1
|move|p1a: Great Tusk|Bulk Up|p1a: Great Tusk
|-boost|p1a: Great Tusk|atk|1
|-boost|p1a: Great Tusk|def|1
|
|upkeep
|turn|22
|
|t:|1757945814
|move|p2a: Dragonite|Dragon Dance|p2a: Dragonite
|-boost|p2a: Dragonite|atk|1
|-boost|p2a: Dragonite|spe|1
|move|p1a: Great Tusk|Bulk Up|p1a: Great Tusk
|-boost|p1a: Great Tusk|atk|1
|-boost|p1a: Great Tusk|def|1
|
|-end|p1a: Great Tusk|Encore
|upkeep
|turn|23
|
|t:|1757945824
|move|p2a: Dragonite|Encore|p1a: Great Tusk
|-start|p1a: Great Tusk|Encore
|move|p1a: Great Tusk|Bulk Up|p1a: Great Tusk
|-boost|p1a: Great Tusk|atk|1
|-boost|p1a: Great Tusk|def|1
|
|upkeep
|turn|24
|
|t:|1757945831
|move|p2a: Dragonite|Dragon Dance|p2a: Dragonite
|-boost|p2a: Dragonite|atk|1
|-boost|p2a: Dragonite|spe|1
|move|p1a: Great Tusk|Bulk Up|p1a: Great Tusk
|-boost|p1a: Great Tusk|atk|1
|-boost|p1a: Great Tusk|def|1
|
|upkeep
|turn|25
|
|t:|1757945838
|move|p2a: Dragonite|Dragon Dance|p2a: Dragonite
|-boost|p2a: Dragonite|atk|1
|-boost|p2a: Dragonite|spe|1
|move|p1a: Great Tusk|Bulk Up|p1a: Great Tusk
|-boost|p1a: Great Tusk|atk|0
|-boost|p1a: Great Tusk|def|0
|
|-end|p1a: Great Tusk|Encore
|upkeep
|turn|26
|
|t:|1757945848
|move|p2a: Dragonite|Encore|p1a: Great Tusk
|-start|p1a: Great Tusk|Encore
|move|p1a: Great Tusk|Bulk Up|p1a: Great Tusk
|-boost|p1a: Great Tusk|atk|0
|-boost|p1a: Great Tusk|def|0
|
|upkeep
|turn|27
|
|t:|1757945855
|move|p2a: Dragonite|Tera Blast|p1a: Great Tusk|[anim] Tera Blast Ghost
|-damage|p1a: Great Tusk|72/100
|move|p1a: Great Tusk|Bulk Up|p1a: Great Tusk
|-boost|p1a: Great Tusk|atk|0
|-boost|p1a: Great Tusk|def|0
|
|-heal|p1a: Great Tusk|78/100|[from] item: Leftovers
|upkeep
|turn|28
|
|t:|1757945865
|move|p2a: Dragonite|Tera Blast|p1a: Great Tusk|[anim] Tera Blast Ghost
|-damage|p1a: Great Tusk|50/100
|move|p1a: Great Tusk|Bulk Up|p1a: Great Tusk
|-boost|p1a: Great Tusk|atk|0
|-boost|p1a: Great Tusk|def|0
|
|-heal|p1a: Great Tusk|56/100|[from] item: Leftovers
|-end|p1a: Great Tusk|Encore
|upkeep
|turn|29
|
|t:|1757945875
|move|p2a: Dragonite|Encore|p1a: Great Tusk
|-start|p1a: Great Tusk|Encore
|move|p1a: Great Tusk|Bulk Up|p1a: Great Tusk
|-boost|p1a: Great Tusk|atk|0
|-boost|p1a: Great Tusk|def|0
|
|-heal|p1a: Great Tusk|62/100|[from] item: Leftovers
|upkeep
|turn|30
|-message|Saim77 forfeited.
|
|win|frodriguez128
|raw|Saim77's rating: 1475 &rarr; <strong>1455</strong><br />(-20 for losing)
|raw|frodriguez128's rating: 1475 &rarr; <strong>1495</strong><br />(+20 for winning)
|l|☆Saim77
|player|p1|
|l|☆frodriguez128
|player|p2|
