|j|☆R687
|j|☆ct096
|t:|1757953743
|gametype|singles
|player|p1|R687|unknown|1117
|player|p2|ct096|169|1114
|gen|9
|tier|[Gen 9] OU
|rated|
|rule|HP Percentage Mod: HP is shown in percentages
|rule|Endless Battle Clause: Forcing endless battles is banned
|rule|Species Clause: Limit one of each Pokémon
|rule|OHKO Clause: OHKO moves are banned
|rule|Evasion Items Clause: Evasion items are banned
|rule|Evasion Moves Clause: Evasion moves are banned
|rule|Evasion Abilities Clause: Evasion abilities are banned
|rule|Sleep Moves Clause: Sleep-inducing moves are banned
|clearpoke
|poke|p1|Mudsdale, M|
|poke|p1|Espeon, F|
|poke|p1|Tentacruel, F|
|poke|p1|Thundurus-Therian, M|
|poke|p1|Klawf, M|
|poke|p1|Ceruledge, F|
|poke|p2|Glimmora, F|
|poke|p2|Gliscor, F|
|poke|p2|Pecharunt|
|poke|p2|Salazzle, F|
|poke|p2|Garganacl, F|
|poke|p2|Dondozo, M|
|teampreview
|inactive|Battle timer is ON: inactive players will automatically lose when time's up. (requested by ct096)
|
|t:|1757953762
|teamsize|p1|6
|teamsize|p2|6
|start
|switch|p1a: No|Espeon, F|100/100
|switch|p2a: Glimmora|Glimmora, F|100/100
|turn|1
|
|t:|1757953775
|move|p1a: No|Reflect|p1a: No
|-sidestart|p1: R687|Reflect
|move|p2a: Glimmora|Toxic Spikes|p1a: No
|move|p1a: No|Toxic Spikes|p2a: Glimmora|[from] ability: Magic Bounce
|-sidestart|p2: ct096|move: Toxic Spikes
|
|upkeep
|turn|2
|
|t:|1757953793
|switch|p2a: Pecharunt|Pecharunt|100/100
|-sideend|p2: ct096|move: Toxic Spikes|[of] p2a: Pecharunt
|move|p1a: No|Light Screen|p1a: No
|-sidestart|p1: R687|move: Light Screen
|
|upkeep
|turn|3
|
|t:|1757953800
|move|p1a: No|Psychic|p2a: Pecharunt
|-supereffective|p2a: Pecharunt
|-damage|p2a: Pecharunt|8/100
|move|p2a: Pecharunt|Malignant Chain|p1a: No
|-damage|p1a: No|79/100
|
|-heal|p2a: Pecharunt|14/100|[from] item: Leftovers
|upkeep
|turn|4
|
|t:|1757953814
|switch|p2a: Gliscor|Gliscor, F, shiny|100/100
|move|p1a: No|Shadow Ball|p2a: Gliscor
|-damage|p2a: Gliscor|68/100
|-unboost|p2a: Gliscor|spd|1
|
|-status|p2a: Gliscor|tox|[from] item: Toxic Orb
|upkeep
|turn|5
|
|t:|1757953825
|move|p1a: No|Psychic|p2a: Gliscor
|-damage|p2a: Gliscor|0 fnt
|faint|p2a: Gliscor
|
|upkeep
|
|t:|1757953836
|switch|p2a: Dondozo|Dondozo, M|100/100
|turn|6
|
|t:|1757953849
|move|p1a: No|Psychic|p2a: Dondozo
|-damage|p2a: Dondozo|70/100
|move|p2a: Dondozo|Earthquake|p1a: No
|-damage|p1a: No|48/100
|
|upkeep
|turn|7
|
|t:|1757953857
|move|p1a: No|Psychic|p2a: Dondozo
|-damage|p2a: Dondozo|40/100
|move|p2a: Dondozo|Waterfall|p1a: No
|-damage|p1a: No|9/100
|
|upkeep
|turn|8
|
|t:|1757953864
|move|p1a: No|Psychic|p2a: Dondozo
|-damage|p2a: Dondozo|7/100
|move|p2a: Dondozo|Waterfall|p1a: No
|-damage|p1a: No|0 fnt
|faint|p1a: No
|
|-sideend|p1: R687|Reflect
|upkeep
|
|t:|1757953877
|switch|p1a: No 2|Tentacruel, F|100/100
|turn|9
|
|t:|1757953889
|move|p1a: No 2|Sludge Wave|p2a: Dondozo
|-damage|p2a: Dondozo|0 fnt
|faint|p2a: Dondozo
|
|-sideend|p1: R687|move: Light Screen
|upkeep
|
|t:|1757953898
|switch|p2a: Salazzle|Salazzle, F, shiny|100/100
|turn|10
|
|t:|1757953913
|move|p2a: Salazzle|Toxic|p1a: No 2
|-status|p1a: No 2|tox
|move|p1a: No 2|Surf|p2a: Salazzle
|-supereffective|p2a: Salazzle
|-damage|p2a: Salazzle|3/100
|
|-heal|p2a: Salazzle|9/100|[from] item: Leftovers
|-damage|p1a: No 2|95/100 tox|[from] psn
|upkeep
|turn|11
|
|t:|1757953930
|move|p2a: Salazzle|Protect|p2a: Salazzle
|-singleturn|p2a: Salazzle|Protect
|move|p1a: No 2|Surf|p2a: Salazzle
|-activate|p2a: Salazzle|move: Protect
|
|-heal|p2a: Salazzle|15/100|[from] item: Leftovers
|-damage|p1a: No 2|83/100 tox|[from] psn
|upkeep
|turn|12
|
|t:|1757953947
|move|p2a: Salazzle|Fire Blast|p1a: No 2|[miss]
|-miss|p2a: Salazzle|p1a: No 2
|move|p1a: No 2|Surf|p2a: Salazzle
|-supereffective|p2a: Salazzle
|-damage|p2a: Salazzle|0 fnt
|faint|p2a: Salazzle
|
|-damage|p1a: No 2|65/100 tox|[from] psn
|upkeep
|
|t:|1757953959
|switch|p2a: Garganacl|Garganacl, F, shiny|100/100
|turn|13
|
|t:|1757953965
|move|p1a: No 2|Surf|p2a: Garganacl
|-supereffective|p2a: Garganacl
|-damage|p2a: Garganacl|40/100
|move|p2a: Garganacl|Salt Cure|p1a: No 2
|-damage|p1a: No 2|44/100 tox
|-start|p1a: No 2|Salt Cure
|
|-heal|p2a: Garganacl|46/100|[from] item: Leftovers
|-damage|p1a: No 2|20/100 tox|[from] psn
|-damage|p1a: No 2|0 fnt|[from] Salt Cure
|faint|p1a: No 2
|upkeep
|
|t:|1757953982
|switch|p1a: The DALE|Mudsdale, M|100/100
|turn|14
|
|t:|1757953998
|move|p1a: The DALE|Iron Defense|p1a: The DALE
|-boost|p1a: The DALE|def|2
|move|p2a: Garganacl|Salt Cure|p1a: The DALE
|-resisted|p1a: The DALE
|-damage|p1a: The DALE|98/100
|-start|p1a: The DALE|Salt Cure
|-ability|p1a: The DALE|Stamina|boost
|-boost|p1a: The DALE|def|1
|
|-heal|p2a: Garganacl|52/100|[from] item: Leftovers
|-heal|p1a: The DALE|100/100|[from] item: Leftovers
|-damage|p1a: The DALE|88/100|[from] Salt Cure
|upkeep
|turn|15
|
|t:|1757954014
|move|p2a: Garganacl|Protect|p2a: Garganacl
|-singleturn|p2a: Garganacl|Protect
|move|p1a: The DALE|Body Press|p2a: Garganacl
|-activate|p2a: Garganacl|move: Protect
|
|-heal|p2a: Garganacl|58/100|[from] item: Leftovers
|-heal|p1a: The DALE|94/100|[from] item: Leftovers
|-damage|p1a: The DALE|82/100|[from] Salt Cure
|upkeep
|turn|16
|
|t:|1757954030
|move|p2a: Garganacl|Body Press|p1a: The DALE
|-damage|p1a: The DALE|73/100
|-ability|p1a: The DALE|Stamina|boost
|-boost|p1a: The DALE|def|1
|move|p1a: The DALE|Body Press|p2a: Garganacl
|-supereffective|p2a: Garganacl
|-damage|p2a: Garganacl|0 fnt
|faint|p2a: Garganacl
|
|-heal|p1a: The DALE|79/100|[from] item: Leftovers
|-damage|p1a: The DALE|66/100|[from] Salt Cure
|upkeep
|inactive|ct096 has 120 seconds left.
|
|t:|1757954045
|switch|p2a: Glimmora|Glimmora, F|100/100
|turn|17
|inactive|ct096 has 120 seconds left.
|
|t:|1757954060
|move|p2a: Glimmora|Spikes|p1a: The DALE
|-sidestart|p1: R687|Spikes
|move|p1a: The DALE|Earthquake|p2a: Glimmora
|-supereffective|p2a: Glimmora
|-enditem|p2a: Glimmora|Focus Sash
|-damage|p2a: Glimmora|1/100
|-activate|p2a: Glimmora|ability: Toxic Debris
|-sidestart|p1: R687|move: Toxic Spikes
|
|-heal|p1a: The DALE|73/100|[from] item: Leftovers
|-damage|p1a: The DALE|60/100|[from] Salt Cure
|upkeep
|turn|18
|inactive|ct096 has 120 seconds left.
|
|t:|1757954077
|move|p2a: Glimmora|Stealth Rock|p1a: The DALE
|-sidestart|p1: R687|move: Stealth Rock
|move|p1a: The DALE|Iron Head|p2a: Glimmora
|-supereffective|p2a: Glimmora
|-damage|p2a: Glimmora|0 fnt
|-activate|p2a: Glimmora|ability: Toxic Debris
|-sidestart|p1: R687|move: Toxic Spikes
|faint|p2a: Glimmora
|
|-heal|p1a: The DALE|66/100|[from] item: Leftovers
|-damage|p1a: The DALE|54/100|[from] Salt Cure
|upkeep
|inactive|ct096 has 120 seconds left.
|
|t:|1757954090
|switch|p2a: Pecharunt|Pecharunt|14/100
|turn|19
|inactive|ct096 has 120 seconds left.
|
|t:|1757954100
|move|p2a: Pecharunt|Protect|p2a: Pecharunt
|-singleturn|p2a: Pecharunt|Protect
|move|p1a: The DALE|Earthquake|p2a: Pecharunt
|-activate|p2a: Pecharunt|move: Protect
|
|-heal|p2a: Pecharunt|20/100|[from] item: Leftovers
|-heal|p1a: The DALE|60/100|[from] item: Leftovers
|-damage|p1a: The DALE|48/100|[from] Salt Cure
|upkeep
|turn|20
|inactive|ct096 has 120 seconds left.
|
|t:|1757954113
|move|p2a: Pecharunt|Toxic|p1a: The DALE
|-status|p1a: The DALE|tox
|-start|p1a: The DALE|confusion|[from] ability: Poison Puppeteer|[of] p2a: Pecharunt
|-activate|p1a: The DALE|confusion
|move|p1a: The DALE|Body Press|p2a: Pecharunt
|-immune|p2a: Pecharunt
|
|-heal|p2a: Pecharunt|27/100|[from] item: Leftovers
|-heal|p1a: The DALE|54/100 tox|[from] item: Leftovers
|-damage|p1a: The DALE|48/100 tox|[from] psn
|-damage|p1a: The DALE|36/100 tox|[from] Salt Cure
|upkeep
|turn|21
|inactive|ct096 has 120 seconds left.
|
|t:|1757954130
|move|p2a: Pecharunt|Protect|p2a: Pecharunt
|-singleturn|p2a: Pecharunt|Protect
|-activate|p1a: The DALE|confusion
|move|p1a: The DALE|Earthquake|p2a: Pecharunt
|-activate|p2a: Pecharunt|move: Protect
|
|-heal|p2a: Pecharunt|33/100|[from] item: Leftovers
|-heal|p1a: The DALE|42/100 tox|[from] item: Leftovers
|-damage|p1a: The DALE|30/100 tox|[from] psn
|-damage|p1a: The DALE|17/100 tox|[from] Salt Cure
|upkeep
|turn|22
|inactive|ct096 has 120 seconds left.
|
|t:|1757954150
|move|p2a: Pecharunt|Malignant Chain|p1a: The DALE
|-resisted|p1a: The DALE
|-damage|p1a: The DALE|0 fnt
|faint|p1a: The DALE
|
|-heal|p2a: Pecharunt|39/100|[from] item: Leftovers
|upkeep
|
|t:|1757954158
|switch|p1a: Thundurus|Thundurus-Therian, M|100/100
|-damage|p1a: Thundurus|75/100|[from] Stealth Rock
|turn|23
|inactive|ct096 has 120 seconds left.
|
|t:|1757954170
|move|p1a: Thundurus|Thunderbolt|p2a: Pecharunt
|-damage|p2a: Pecharunt|0 fnt
|faint|p2a: Pecharunt
|
|win|R687
|raw|R687's rating: 1117 &rarr; <strong>1142</strong><br />(+25 for winning)
|raw|ct096's rating: 1114 &rarr; <strong>1089</strong><br />(-25 for losing)
|l|☆R687
|player|p1|
|l|☆ct096
|player|p2|
