|j|☆sir_miestro
|j|☆noaheatsbeans
|t:|1757944634
|gametype|singles
|player|p1|sir_miestro|blackbelt-gen4dp|1178
|player|p2|noaheatsbeans|266|1256
|gen|9
|tier|[Gen 9] OU
|rated|
|rule|HP Percentage Mod: HP is shown in percentages
|rule|Endless Battle Clause: Forcing endless battles is banned
|rule|Species Clause: Limit one of each Pokémon
|rule|OHKO Clause: OHKO moves are banned
|rule|Evasion Items Clause: Evasion items are banned
|rule|Evasion Moves Clause: Evasion moves are banned
|rule|Evasion Abilities Clause: Evasion abilities are banned
|rule|Sleep Moves Clause: Sleep-inducing moves are banned
|clearpoke
|poke|p1|Regice|
|poke|p1|Regigigas|
|poke|p1|Regirock|
|poke|p1|Registeel|
|poke|p1|Regidrago|
|poke|p1|Corviknight, M|
|poke|p2|Moltres|
|poke|p2|Zamazenta-*|
|poke|p2|Darkrai|
|poke|p2|Hydrapple, M|
|poke|p2|Ting-Lu|
|poke|p2|Tinkaton, F|
|teampreview
|inactive|Battle timer is ON: inactive players will automatically lose when time's up. (requested by sir_miestro)
|
|t:|1757944640
|teamsize|p1|6
|teamsize|p2|6
|start
|switch|p1a: Registeel|Registeel|100/100
|switch|p2a: Moltres|Moltres|100/100
|turn|1
|
|t:|1757944645
|move|p2a: Moltres|Flamethrower|p1a: Registeel
|-supereffective|p1a: Registeel
|-damage|p1a: Registeel|62/100
|move|p1a: Registeel|Thunder Wave|p2a: Moltres
|-status|p2a: Moltres|par
|
|-heal|p1a: Registeel|68/100|[from] item: Leftovers
|upkeep
|turn|2
|
|t:|1757944649
|move|p1a: Registeel|Stealth Rock|p2a: Moltres
|-sidestart|p2: noaheatsbeans|move: Stealth Rock
|move|p2a: Moltres|Flamethrower|p1a: Registeel
|-supereffective|p1a: Registeel
|-damage|p1a: Registeel|28/100
|-status|p1a: Registeel|brn
|
|-heal|p1a: Registeel|34/100 brn|[from] item: Leftovers
|-damage|p1a: Registeel|28/100 brn|[from] brn
|upkeep
|turn|3
|
|t:|1757944656
|switch|p1a: Regirock|Regirock|100/100
|move|p2a: Moltres|Flamethrower|p1a: Regirock
|-resisted|p1a: Regirock
|-damage|p1a: Regirock|81/100
|-status|p1a: Regirock|brn
|
|-damage|p1a: Regirock|75/100 brn|[from] brn
|upkeep
|turn|4
|
|t:|1757944662
|switch|p2a: Ting-Lu|Ting-Lu|100/100
|-damage|p2a: Ting-Lu|94/100|[from] Stealth Rock
|-ability|p2a: Ting-Lu|Vessel of Ruin
|move|p1a: Regirock|Stone Edge|p2a: Ting-Lu
|-resisted|p2a: Ting-Lu
|-crit|p2a: Ting-Lu
|-damage|p2a: Ting-Lu|87/100
|
|-heal|p2a: Ting-Lu|93/100|[from] item: Leftovers
|-damage|p1a: Regirock|69/100 brn|[from] brn
|upkeep
|turn|5
|
|t:|1757944666
|move|p1a: Regirock|Rest|p1a: Regirock
|-status|p1a: Regirock|slp|[from] move: Rest
|-heal|p1a: Regirock|100/100 slp|[silent]
|move|p2a: Ting-Lu|Spikes|p1a: Regirock
|-sidestart|p1: sir_miestro|Spikes
|
|-heal|p2a: Ting-Lu|99/100|[from] item: Leftovers
|upkeep
|turn|6
|
|t:|1757944672
|switch|p1a: Regigigas|Regigigas|100/100
|-damage|p1a: Regigigas|88/100|[from] Spikes
|-start|p1a: Regigigas|ability: Slow Start
|move|p2a: Ting-Lu|Ruination|p1a: Regigigas
|-damage|p1a: Regigigas|44/100
|
|-heal|p2a: Ting-Lu|100/100|[from] item: Leftovers
|-heal|p1a: Regigigas|51/100|[from] item: Leftovers
|upkeep
|turn|7
|inactive|noaheatsbeans has 120 seconds left.
|
|t:|1757944703
|move|p1a: Regigigas|Knock Off|p2a: Ting-Lu
|-resisted|p2a: Ting-Lu
|-damage|p2a: Ting-Lu|94/100
|-enditem|p2a: Ting-Lu|Leftovers|[from] move: Knock Off|[of] p1a: Regigigas
|move|p2a: Ting-Lu|Whirlwind|p1a: Regigigas
|drag|p1a: Regice|Regice|100/100
|-damage|p1a: Regice|88/100|[from] Spikes
|
|upkeep
|turn|8
|
|t:|1757944713
|move|p1a: Regice|Ice Beam|p2a: Ting-Lu
|-supereffective|p2a: Ting-Lu
|-crit|p2a: Ting-Lu
|-damage|p2a: Ting-Lu|45/100
|move|p2a: Ting-Lu|Spikes|p1a: Regice
|-sidestart|p1: sir_miestro|Spikes
|
|upkeep
|turn|9
|
|t:|1757944716
|move|p1a: Regice|Ice Beam|p2a: Ting-Lu
|-supereffective|p2a: Ting-Lu
|-damage|p2a: Ting-Lu|6/100
|move|p2a: Ting-Lu|Ruination|p1a: Regice
|-damage|p1a: Regice|44/100
|
|upkeep
|turn|10
|
|t:|1757944721
|move|p1a: Regice|Ice Beam|p2a: Ting-Lu
|-supereffective|p2a: Ting-Lu
|-damage|p2a: Ting-Lu|0 fnt
|faint|p2a: Ting-Lu
|
|upkeep
|
|t:|1757944739
|switch|p2a: Tinkaton|Tinkaton, F|100/100
|-damage|p2a: Tinkaton|94/100|[from] Stealth Rock
|-ability|p2a: Tinkaton|Mold Breaker
|-item|p2a: Tinkaton|Air Balloon
|turn|11
|
|t:|1757944745
|move|p2a: Tinkaton|Gigaton Hammer|p1a: Regice
|-supereffective|p1a: Regice
|-damage|p1a: Regice|0 fnt
|faint|p1a: Regice
|
|upkeep
|
|t:|1757944747
|switch|p1a: Corviknight|Corviknight, M|100/100
|-ability|p1a: Corviknight|Pressure
|turn|12
|
|t:|1757944750
|move|p2a: Tinkaton|Thunder Wave|p1a: Corviknight
|-status|p1a: Corviknight|par
|move|p1a: Corviknight|Defog|p2a: Tinkaton
|-unboost|p2a: Tinkaton|evasion|1
|-sideend|p2: noaheatsbeans|Stealth Rock|[from] move: Defog|[of] p1a: Corviknight
|-sideend|p1: sir_miestro|Spikes|[from] move: Defog|[of] p1a: Corviknight
|
|upkeep
|turn|13
|
|t:|1757944755
|move|p2a: Tinkaton|Encore|p1a: Corviknight
|-start|p1a: Corviknight|Encore
|move|p1a: Corviknight|Defog|p2a: Tinkaton
|-unboost|p2a: Tinkaton|evasion|1
|
|upkeep
|turn|14
|
|t:|1757944761
|switch|p1a: Registeel|Registeel|28/100 brn
|move|p2a: Tinkaton|Gigaton Hammer|p1a: Registeel
|-resisted|p1a: Registeel
|-damage|p1a: Registeel|13/100 brn
|
|-heal|p1a: Registeel|19/100 brn|[from] item: Leftovers
|-damage|p1a: Registeel|13/100 brn|[from] brn
|upkeep
|turn|15
|
|t:|1757944765
|move|p2a: Tinkaton|Stealth Rock|p1a: Registeel
|-sidestart|p1: sir_miestro|move: Stealth Rock
|move|p1a: Registeel|Stealth Rock|p2a: Tinkaton
|-sidestart|p2: noaheatsbeans|move: Stealth Rock
|
|-heal|p1a: Registeel|19/100 brn|[from] item: Leftovers
|-damage|p1a: Registeel|13/100 brn|[from] brn
|upkeep
|turn|16
|
|t:|1757944771
|move|p2a: Tinkaton|Gigaton Hammer|p1a: Registeel
|-resisted|p1a: Registeel
|-damage|p1a: Registeel|0 fnt
|faint|p1a: Registeel
|
|upkeep
|
|t:|1757944777
|switch|p1a: Regirock|Regirock|100/100 slp
|-damage|p1a: Regirock|88/100 slp|[from] Stealth Rock
|turn|17
|
|t:|1757944786
|move|p2a: Tinkaton|Thunder Wave||[still]
|-fail|p2a: Tinkaton
|cant|p1a: Regirock|slp
|
|upkeep
|turn|18
|
|t:|1757944789
|move|p2a: Tinkaton|Gigaton Hammer|p1a: Regirock
|-supereffective|p1a: Regirock
|-damage|p1a: Regirock|53/100 slp
|cant|p1a: Regirock|slp
|
|upkeep
|turn|19
|
|t:|1757944802
|move|p2a: Tinkaton|Thunder Wave||[still]
|-fail|p2a: Tinkaton
|-curestatus|p1a: Regirock|slp|[msg]
|move|p1a: Regirock|Thunder Wave|p2a: Tinkaton
|-status|p2a: Tinkaton|par
|
|upkeep
|turn|20
|
|t:|1757944807
|move|p2a: Tinkaton|Encore|p1a: Regirock
|-start|p1a: Regirock|Encore
|move|p1a: Regirock|Thunder Wave|p2a: Tinkaton
|-fail|p2a: Tinkaton|par
|
|upkeep
|turn|21
|
|t:|1757944812
|cant|p2a: Tinkaton|par
|move|p1a: Regirock|Thunder Wave|p2a: Tinkaton
|-fail|p2a: Tinkaton|par
|
|upkeep
|turn|22
|
|t:|1757944822
|move|p2a: Tinkaton|Gigaton Hammer|p1a: Regirock
|-supereffective|p1a: Regirock
|-damage|p1a: Regirock|17/100
|move|p1a: Regirock|Thunder Wave|p2a: Tinkaton
|-fail|p2a: Tinkaton|par
|
|-end|p1a: Regirock|Encore
|upkeep
|turn|23
|
|t:|1757944836
|move|p2a: Tinkaton|Encore|p1a: Regirock
|-start|p1a: Regirock|Encore
|move|p1a: Regirock|Thunder Wave|p2a: Tinkaton
|-fail|p2a: Tinkaton|par
|
|upkeep
|turn|24
|
|t:|1757944841
|move|p2a: Tinkaton|Gigaton Hammer|p1a: Regirock
|-supereffective|p1a: Regirock
|-damage|p1a: Regirock|0 fnt
|faint|p1a: Regirock
|
|upkeep
|
|t:|1757944848
|switch|p1a: Corviknight|Corviknight, M|100/100 par
|-damage|p1a: Corviknight|88/100 par|[from] Stealth Rock
|-ability|p1a: Corviknight|Pressure
|turn|25
|
|t:|1757944856
|move|p2a: Tinkaton|Stealth Rock||[still]
|-fail|p2a: Tinkaton
|move|p1a: Corviknight|Defog|p2a: Tinkaton
|-unboost|p2a: Tinkaton|evasion|1
|-sideend|p2: noaheatsbeans|Stealth Rock|[from] move: Defog|[of] p1a: Corviknight
|-sideend|p1: sir_miestro|Stealth Rock|[from] move: Defog|[of] p1a: Corviknight
|
|upkeep
|turn|26
|
|t:|1757944861
|switch|p1a: Regigigas|Regigigas|51/100
|-start|p1a: Regigigas|ability: Slow Start
|move|p2a: Tinkaton|Encore||[still]
|-fail|p2a: Tinkaton
|
|-heal|p1a: Regigigas|57/100|[from] item: Leftovers
|upkeep
|turn|27
|
|t:|1757944867
|switch|p1a: Corviknight|Corviknight, M|88/100 par
|-ability|p1a: Corviknight|Pressure
|cant|p2a: Tinkaton|par
|
|upkeep
|turn|28
|
|t:|1757944871
|move|p2a: Tinkaton|Stealth Rock|p1a: Corviknight
|-sidestart|p1: sir_miestro|move: Stealth Rock
|move|p1a: Corviknight|Brave Bird|p2a: Tinkaton
|-resisted|p2a: Tinkaton
|-damage|p2a: Tinkaton|75/100 par
|-enditem|p2a: Tinkaton|Air Balloon
|-damage|p1a: Corviknight|82/100 par|[from] Recoil
|
|upkeep
|turn|29
|
|t:|1757944875
|switch|p2a: Moltres|Moltres|100/100 par
|move|p1a: Corviknight|Defog|p2a: Moltres
|-unboost|p2a: Moltres|evasion|1
|-sideend|p1: sir_miestro|Stealth Rock|[from] move: Defog|[of] p1a: Corviknight
|
|upkeep
|turn|30
|
|t:|1757944880
|move|p2a: Moltres|Flamethrower|p1a: Corviknight
|-supereffective|p1a: Corviknight
|-damage|p1a: Corviknight|13/100 par
|move|p1a: Corviknight|U-turn|p2a: Moltres
|-resisted|p2a: Moltres
|-damage|p2a: Moltres|98/100 par
|
|t:|1757944884
|switch|p1a: Regidrago|Regidrago|100/100|[from] U-turn
|
|upkeep
|turn|31
|
|t:|1757944888
|move|p1a: Regidrago|Earth Power|p2a: Moltres
|-immune|p2a: Moltres
|move|p2a: Moltres|Roar|p1a: Regidrago
|drag|p1a: Corviknight|Corviknight, M|13/100 par
|-ability|p1a: Corviknight|Pressure
|
|upkeep
|turn|32
|
|t:|1757944893
|move|p2a: Moltres|Flamethrower|p1a: Corviknight
|-supereffective|p1a: Corviknight
|-damage|p1a: Corviknight|0 fnt
|faint|p1a: Corviknight
|
|upkeep
|
|t:|1757944895
|switch|p1a: Regidrago|Regidrago|100/100
|turn|33
|
|t:|1757944898
|move|p1a: Regidrago|Dragon Energy|p2a: Moltres
|-damage|p2a: Moltres|0 fnt
|faint|p2a: Moltres
|
|upkeep
|
|t:|1757944901
|switch|p2a: Tinkaton|Tinkaton, F|75/100 par
|-ability|p2a: Tinkaton|Mold Breaker
|turn|34
|
|t:|1757944904
|switch|p1a: Regigigas|Regigigas|57/100
|-start|p1a: Regigigas|ability: Slow Start
|cant|p2a: Tinkaton|par
|
|-heal|p1a: Regigigas|63/100|[from] item: Leftovers
|upkeep
|turn|35
|
|t:|1757944909
|move|p1a: Regigigas|Protect|p1a: Regigigas
|-singleturn|p1a: Regigigas|Protect
|move|p2a: Tinkaton|Thunder Wave|p1a: Regigigas
|-activate|p1a: Regigigas|move: Protect
|
|-heal|p1a: Regigigas|69/100|[from] item: Leftovers
|upkeep
|turn|36
|
|t:|1757944916
|switch|p2a: Zamazenta|Zamazenta|100/100
|-ability|p2a: Zamazenta|Dauntless Shield|boost
|-boost|p2a: Zamazenta|def|1
|move|p1a: Regigigas|Body Slam|p2a: Zamazenta
|-damage|p2a: Zamazenta|81/100
|
|-heal|p1a: Regigigas|75/100|[from] item: Leftovers
|upkeep
|turn|37
|
|t:|1757944923
|move|p1a: Regigigas|Protect|p1a: Regigigas
|-singleturn|p1a: Regigigas|Protect
|move|p2a: Zamazenta|Close Combat|p1a: Regigigas
|-activate|p1a: Regigigas|move: Protect
|
|-heal|p1a: Regigigas|81/100|[from] item: Leftovers
|upkeep
|turn|38
|
|t:|1757944926
|-terastallize|p1a: Regigigas|Poison
|move|p2a: Zamazenta|Close Combat|p1a: Regigigas
|-resisted|p1a: Regigigas
|-damage|p1a: Regigigas|61/100
|-unboost|p2a: Zamazenta|def|1
|-unboost|p2a: Zamazenta|spd|1
|move|p1a: Regigigas|Thunder Wave|p2a: Zamazenta
|-status|p2a: Zamazenta|par
|
|-heal|p1a: Regigigas|67/100|[from] item: Leftovers
|upkeep
|turn|39
|
|t:|1757944934
|cant|p2a: Zamazenta|par
|move|p1a: Regigigas|Knock Off|p2a: Zamazenta
|-resisted|p2a: Zamazenta
|-damage|p2a: Zamazenta|71/100 par
|-enditem|p2a: Zamazenta|Heavy-Duty Boots|[from] move: Knock Off|[of] p1a: Regigigas
|
|-heal|p1a: Regigigas|73/100|[from] item: Leftovers
|-end|p1a: Regigigas|Slow Start
|upkeep
|turn|40
|
|t:|1757944937
|move|p1a: Regigigas|Body Slam|p2a: Zamazenta
|-damage|p2a: Zamazenta|16/100 par
|move|p2a: Zamazenta|Stone Edge|p1a: Regigigas|[miss]
|-miss|p2a: Zamazenta|p1a: Regigigas
|
|-heal|p1a: Regigigas|79/100|[from] item: Leftovers
|upkeep
|turn|41
|
|t:|1757944941
|move|p1a: Regigigas|Body Slam|p2a: Zamazenta
|-damage|p2a: Zamazenta|0 fnt
|faint|p2a: Zamazenta
|
|-heal|p1a: Regigigas|85/100|[from] item: Leftovers
|upkeep
|
|t:|1757944952
|switch|p2a: Darkrai|Darkrai, shiny|100/100
|turn|42
|
|t:|1757944954
|move|p2a: Darkrai|Knock Off|p1a: Regigigas
|-damage|p1a: Regigigas|64/100
|-enditem|p1a: Regigigas|Leftovers|[from] move: Knock Off|[of] p2a: Darkrai
|move|p1a: Regigigas|Body Slam|p2a: Darkrai
|-damage|p2a: Darkrai|28/100
|
|upkeep
|turn|43
|
|t:|1757944959
|move|p2a: Darkrai|Dark Pulse|p1a: Regigigas
|-crit|p1a: Regigigas
|-damage|p1a: Regigigas|20/100
|move|p1a: Regigigas|Body Slam|p2a: Darkrai
|-damage|p2a: Darkrai|0 fnt
|faint|p2a: Darkrai
|
|upkeep
|
|t:|1757944961
|switch|p2a: Tinkaton|Tinkaton, F|75/100 par
|-ability|p2a: Tinkaton|Mold Breaker
|turn|44
|
|t:|1757944964
|move|p1a: Regigigas|Body Slam|p2a: Tinkaton
|-resisted|p2a: Tinkaton
|-damage|p2a: Tinkaton|40/100 par
|move|p2a: Tinkaton|Thunder Wave|p1a: Regigigas
|-status|p1a: Regigigas|par
|
|upkeep
|turn|45
|
|t:|1757944972
|move|p2a: Tinkaton|Stealth Rock|p1a: Regigigas
|-sidestart|p1: sir_miestro|move: Stealth Rock
|move|p1a: Regigigas|Body Slam|p2a: Tinkaton
|-resisted|p2a: Tinkaton
|-damage|p2a: Tinkaton|6/100 par
|
|upkeep
|turn|46
|
|t:|1757944987
|move|p2a: Tinkaton|Encore|p1a: Regigigas
|-start|p1a: Regigigas|Encore
|move|p1a: Regigigas|Body Slam|p2a: Tinkaton
|-resisted|p2a: Tinkaton
|-damage|p2a: Tinkaton|0 fnt
|faint|p2a: Tinkaton
|
|upkeep
|
|t:|1757944990
|switch|p2a: Hydrapple|Hydrapple, M|100/100
|turn|47
|
|t:|1757944998
|-terastallize|p2a: Hydrapple|Poison
|move|p2a: Hydrapple|Nasty Plot|p2a: Hydrapple
|-boost|p2a: Hydrapple|spa|2
|move|p1a: Regigigas|Body Slam|p2a: Hydrapple
|-damage|p2a: Hydrapple|66/100
|
|upkeep
|turn|48
|
|t:|1757945014
|move|p2a: Hydrapple|Giga Drain|p1a: Regigigas
|-resisted|p1a: Regigigas
|-damage|p1a: Regigigas|0 fnt
|-heal|p2a: Hydrapple|76/100|[from] drain|[of] p1a: Regigigas
|faint|p1a: Regigigas
|
|upkeep
|
|t:|1757945017
|switch|p1a: Regidrago|Regidrago|100/100
|-damage|p1a: Regidrago|88/100|[from] Stealth Rock
|turn|49
|
|t:|1757945021
|move|p1a: Regidrago|Dragon Energy|p2a: Hydrapple
|-damage|p2a: Hydrapple|0 fnt
|faint|p2a: Hydrapple
|
|win|sir_miestro
|raw|sir_miestro's rating: 1178 &rarr; <strong>1209</strong><br />(+31 for winning)
|raw|noaheatsbeans's rating: 1256 &rarr; <strong>1225</strong><br />(-31 for losing)
|l|☆sir_miestro
|player|p1|
|l|☆noaheatsbeans
|player|p2|
