|j|☆halaman95
|j|☆gamebattle$
|t:|1757824756
|gametype|singles
|player|p1|halaman95|266|1551
|player|p2|gamebattle$|shadowtriad|1631
|gen|9
|tier|[Gen 9] OU
|rated|
|rule|HP Percentage Mod: HP is shown in percentages
|rule|Endless Battle Clause: Forcing endless battles is banned
|rule|Species Clause: Limit one of each Pokémon
|rule|OHKO Clause: OHKO moves are banned
|rule|Evasion Items Clause: Evasion items are banned
|rule|Evasion Moves Clause: Evasion moves are banned
|rule|Evasion Abilities Clause: Evasion abilities are banned
|rule|Sleep Moves Clause: Sleep-inducing moves are banned
|clearpoke
|poke|p1|Dragapult, M|
|poke|p1|Glimmora, M|
|poke|p1|Comfey, M|
|poke|p1|Kingambit, M|
|poke|p1|Ogerpon-Wellspring, F|
|poke|p1|Blaziken, M|
|poke|p2|Clefable, F|
|poke|p2|Heatran, M|
|poke|p2|Rillaboom, M|
|poke|p2|Ogerpon-Wellspring, F|
|poke|p2|Zapdos|
|poke|p2|Great Tusk|
|teampreview
|inactive|Battle timer is ON: inactive players will automatically lose when time's up. (requested by halaman95)
|
|t:|1757824778
|teamsize|p1|6
|teamsize|p2|6
|start
|switch|p1a: Ogerpon|Ogerpon-Wellspring, F|100/100
|switch|p2a: Zapdos|Zapdos, shiny|100/100
|turn|1
|
|t:|1757824788
|move|p1a: Ogerpon|Spikes|p2a: Zapdos
|-sidestart|p2: gamebattle$|Spikes
|move|p2a: Zapdos|Discharge|p1a: Ogerpon
|-damage|p1a: Ogerpon|60/100
|
|upkeep
|turn|2
|
|t:|1757824800
|move|p1a: Ogerpon|Ivy Cudgel|p2a: Zapdos|[anim] Ivy Cudgel Water
|-damage|p2a: Zapdos|44/100
|move|p2a: Zapdos|Discharge|p1a: Ogerpon
|-damage|p1a: Ogerpon|22/100
|
|upkeep
|turn|3
|
|t:|1757824809
|move|p1a: Ogerpon|Ivy Cudgel|p2a: Zapdos|[anim] Ivy Cudgel Water
|-damage|p2a: Zapdos|0 fnt
|faint|p2a: Zapdos
|
|upkeep
|
|t:|1757824816
|switch|p2a: Rillaboom|Rillaboom, M|100/100
|-damage|p2a: Rillaboom|88/100|[from] Spikes
|-fieldstart|move: Grassy Terrain|[from] ability: Grassy Surge|[of] p2a: Rillaboom
|turn|4
|
|t:|1757824822
|move|p1a: Ogerpon|U-turn|p2a: Rillaboom
|-supereffective|p2a: Rillaboom
|-damage|p2a: Rillaboom|29/100
|
|t:|1757824843
|switch|p1a: Blaziken|Blaziken, M, shiny|100/100|[from] U-turn
|move|p2a: Rillaboom|Wood Hammer|p1a: Blaziken
|-resisted|p1a: Blaziken
|-damage|p1a: Blaziken|7/100
|-damage|p2a: Rillaboom|4/100|[from] Recoil
|
|-heal|p1a: Blaziken|13/100|[from] Grassy Terrain
|-heal|p2a: Rillaboom|10/100|[from] Grassy Terrain
|upkeep
|turn|5
|
|t:|1757824854
|switch|p2a: Great Tusk|Great Tusk|100/100
|-damage|p2a: Great Tusk|88/100|[from] Spikes
|move|p1a: Blaziken|Protect||[still]
|-fail|p1a: Blaziken
|
|-heal|p1a: Blaziken|19/100|[from] Grassy Terrain
|-heal|p2a: Great Tusk|94/100|[from] Grassy Terrain
|-ability|p1a: Blaziken|Speed Boost|boost
|-boost|p1a: Blaziken|spe|1
|upkeep
|turn|6
|
|t:|1757824862
|move|p1a: Blaziken|Flare Blitz|p2a: Great Tusk
|-damage|p2a: Great Tusk|46/100
|-damage|p1a: Blaziken|3/100|[from] item: Rocky Helmet|[of] p2a: Great Tusk
|-damage|p1a: Blaziken|0 fnt|[from] Recoil
|faint|p1a: Blaziken
|move|p2a: Great Tusk|Rapid Spin|p1: Blaziken|[notarget]
|-fail|p2a: Great Tusk
|
|-heal|p2a: Great Tusk|52/100|[from] Grassy Terrain
|upkeep
|
|t:|1757824873
|switch|p1a: Dragapult|Dragapult, M, shiny|100/100
|turn|7
|
|t:|1757824881
|-end|p2a: Great Tusk|Protosynthesis|[silent]
|switch|p2a: Heatran|Heatran, M, shiny|100/100
|-damage|p2a: Heatran|88/100|[from] Spikes
|move|p1a: Dragapult|Shadow Ball|p2a: Heatran
|-damage|p2a: Heatran|58/100
|-damage|p1a: Dragapult|91/100|[from] item: Life Orb
|
|-heal|p1a: Dragapult|97/100|[from] Grassy Terrain
|-heal|p2a: Heatran|64/100|[from] Grassy Terrain
|-heal|p2a: Heatran|70/100|[from] item: Leftovers
|upkeep
|turn|8
|
|t:|1757824891
|switch|p1a: Ogerpon|Ogerpon-Wellspring, F|22/100
|move|p2a: Heatran|Earth Power|p1a: Ogerpon
|-resisted|p1a: Ogerpon
|-damage|p1a: Ogerpon|6/100
|
|-heal|p1a: Ogerpon|12/100|[from] Grassy Terrain
|-heal|p2a: Heatran|76/100|[from] Grassy Terrain
|-heal|p2a: Heatran|83/100|[from] item: Leftovers
|-fieldend|move: Grassy Terrain
|upkeep
|turn|9
|
|t:|1757824911
|switch|p2a: Rillaboom|Rillaboom, M|10/100
|-damage|p2a: Rillaboom|0 fnt|[from] Spikes
|faint|p2a: Rillaboom
|move|p1a: Ogerpon|Spikes|p2: Rillaboom
|-sidestart|p2: gamebattle$|Spikes
|
|upkeep
|
|t:|1757824918
|switch|p2a: Clefable|Clefable, F|100/100
|turn|10
|
|t:|1757824924
|move|p1a: Ogerpon|Ivy Cudgel|p2a: Clefable|[anim] Ivy Cudgel Water
|-damage|p2a: Clefable|55/100
|move|p2a: Clefable|Moonblast|p1a: Ogerpon
|-damage|p1a: Ogerpon|0 fnt
|faint|p1a: Ogerpon
|
|-heal|p2a: Clefable|61/100|[from] item: Leftovers
|upkeep
|
|t:|1757824939
|switch|p1a: Glimmora|Glimmora, M, shiny|100/100
|turn|11
|
|t:|1757824951
|move|p1a: Glimmora|Stealth Rock|p2a: Clefable
|-sidestart|p2: gamebattle$|move: Stealth Rock
|move|p2a: Clefable|Calm Mind|p2a: Clefable
|-boost|p2a: Clefable|spa|1
|-boost|p2a: Clefable|spd|1
|
|-heal|p2a: Clefable|67/100|[from] item: Leftovers
|upkeep
|turn|12
|
|t:|1757824957
|switch|p1a: Kingambit|Kingambit, M, shiny|100/100
|-activate|p1a: Kingambit|ability: Supreme Overlord
|-start|p1a: Kingambit|fallen2|[silent]
|move|p2a: Clefable|Calm Mind|p2a: Clefable
|-boost|p2a: Clefable|spa|1
|-boost|p2a: Clefable|spd|1
|
|-heal|p2a: Clefable|73/100|[from] item: Leftovers
|upkeep
|turn|13
|
|t:|1757824963
|-terastallize|p2a: Clefable|Fire
|move|p2a: Clefable|Flamethrower|p1a: Kingambit
|-supereffective|p1a: Kingambit
|-damage|p1a: Kingambit|0 fnt
|faint|p1a: Kingambit
|-end|p1a: Kingambit|fallen2|[silent]
|
|-heal|p2a: Clefable|79/100|[from] item: Leftovers
|upkeep
|
|t:|1757824976
|switch|p1a: Glimmora|Glimmora, M, shiny|100/100
|turn|14
|
|t:|1757824981
|move|p1a: Glimmora|Power Gem|p2a: Clefable
|-supereffective|p2a: Clefable
|-damage|p2a: Clefable|47/100
|move|p2a: Clefable|Calm Mind|p2a: Clefable
|-boost|p2a: Clefable|spa|1
|-boost|p2a: Clefable|spd|1
|
|-heal|p2a: Clefable|53/100|[from] item: Leftovers
|upkeep
|turn|15
|
|t:|1757824986
|move|p1a: Glimmora|Power Gem|p2a: Clefable
|-supereffective|p2a: Clefable
|-damage|p2a: Clefable|26/100
|move|p2a: Clefable|Moonlight|p2a: Clefable
|-heal|p2a: Clefable|76/100
|
|-heal|p2a: Clefable|82/100|[from] item: Leftovers
|upkeep
|turn|16
|
|t:|1757824990
|move|p1a: Glimmora|Power Gem|p2a: Clefable
|-supereffective|p2a: Clefable
|-damage|p2a: Clefable|55/100
|move|p2a: Clefable|Moonlight|p2a: Clefable
|-heal|p2a: Clefable|100/100
|
|upkeep
|turn|17
|
|t:|1757824995
|move|p1a: Glimmora|Power Gem|p2a: Clefable
|-supereffective|p2a: Clefable
|-damage|p2a: Clefable|76/100
|move|p2a: Clefable|Calm Mind|p2a: Clefable
|-boost|p2a: Clefable|spa|1
|-boost|p2a: Clefable|spd|1
|
|-heal|p2a: Clefable|82/100|[from] item: Leftovers
|upkeep
|turn|18
|
|t:|1757825000
|move|p1a: Glimmora|Power Gem|p2a: Clefable
|-supereffective|p2a: Clefable
|-damage|p2a: Clefable|60/100
|move|p2a: Clefable|Calm Mind|p2a: Clefable
|-boost|p2a: Clefable|spa|1
|-boost|p2a: Clefable|spd|1
|
|-heal|p2a: Clefable|66/100|[from] item: Leftovers
|upkeep
|turn|19
|
|t:|1757825005
|move|p1a: Glimmora|Power Gem|p2a: Clefable
|-supereffective|p2a: Clefable
|-damage|p2a: Clefable|47/100
|move|p2a: Clefable|Moonlight|p2a: Clefable
|-heal|p2a: Clefable|97/100
|
|-heal|p2a: Clefable|100/100|[from] item: Leftovers
|upkeep
|turn|20
|
|t:|1757825009
|move|p1a: Glimmora|Power Gem|p2a: Clefable
|-supereffective|p2a: Clefable
|-damage|p2a: Clefable|82/100
|move|p2a: Clefable|Moonblast|p1a: Glimmora
|-resisted|p1a: Glimmora
|-damage|p1a: Glimmora|45/100
|-enditem|p1a: Glimmora|Red Card|[of] p2a: Clefable
|drag|p2a: Great Tusk|Great Tusk|52/100
|-damage|p2a: Great Tusk|36/100|[from] Spikes
|-damage|p2a: Great Tusk|33/100|[from] Stealth Rock
|
|upkeep
|turn|21
|
|t:|1757825021
|switch|p1a: Dragapult|Dragapult, M, shiny|97/100
|move|p2a: Great Tusk|Rapid Spin|p1a: Dragapult
|-immune|p1a: Dragapult
|
|upkeep
|turn|22
|
|t:|1757825034
|move|p1a: Dragapult|Shadow Ball|p2a: Great Tusk
|-damage|p2a: Great Tusk|0 fnt
|faint|p2a: Great Tusk
|-end|p2a: Great Tusk|Protosynthesis|[silent]
|-damage|p1a: Dragapult|87/100|[from] item: Life Orb
|
|upkeep
|
|t:|1757825045
|switch|p2a: Clefable|Clefable, F, tera:Fire|82/100
|turn|23
|
|t:|1757825059
|move|p1a: Dragapult|Dragon Darts|p2a: Clefable
|-damage|p2a: Clefable|59/100
|-anim|p1a: Dragapult|Dragon Darts|p2a: Clefable
|-damage|p2a: Clefable|40/100
|-damage|p1a: Dragapult|77/100|[from] item: Life Orb
|move|p2a: Clefable|Moonblast|p1a: Dragapult
|-supereffective|p1a: Dragapult
|-damage|p1a: Dragapult|0 fnt
|faint|p1a: Dragapult
|
|-heal|p2a: Clefable|46/100|[from] item: Leftovers
|upkeep
|
|t:|1757825071
|switch|p1a: Glimmora|Glimmora, M, shiny|45/100
|turn|24
|
|t:|1757825083
|move|p1a: Glimmora|Power Gem|p2a: Clefable
|-supereffective|p2a: Clefable
|-damage|p2a: Clefable|0 fnt
|faint|p2a: Clefable
|
|upkeep
|
|t:|1757825085
|switch|p2a: Ogerpon|Ogerpon-Wellspring, F|100/100
|-damage|p2a: Ogerpon|84/100|[from] Spikes
|-damage|p2a: Ogerpon|72/100|[from] Stealth Rock
|turn|25
|
|t:|1757825092
|move|p2a: Ogerpon|Ivy Cudgel|p1a: Glimmora|[anim] Ivy Cudgel Water
|-supereffective|p1a: Glimmora
|-damage|p1a: Glimmora|0 fnt
|-activate|p1a: Glimmora|ability: Toxic Debris
|-sidestart|p2: gamebattle$|move: Toxic Spikes
|faint|p1a: Glimmora
|
|upkeep
|
|t:|1757825095
|switch|p1a: Comfey|Comfey, M, shiny|100/100
|turn|26
|
|t:|1757825101
|move|p2a: Ogerpon|Swords Dance|p2a: Ogerpon
|-boost|p2a: Ogerpon|atk|2
|move|p1a: Comfey|Calm Mind|p1a: Comfey
|-boost|p1a: Comfey|spa|1
|-boost|p1a: Comfey|spd|1
|
|upkeep
|turn|27
|
|t:|1757825108
|move|p2a: Ogerpon|Ivy Cudgel|p1a: Comfey|[anim] Ivy Cudgel Water
|-damage|p1a: Comfey|0 fnt
|faint|p1a: Comfey
|
|win|gamebattle$
|raw|halaman95's rating: 1551 &rarr; <strong>1536</strong><br />(-15 for losing)
|raw|gamebattle$'s rating: 1631 &rarr; <strong>1646</strong><br />(+15 for winning)
|l|☆halaman95
|player|p1|
|l|☆gamebattle$
|player|p2|
