|j|☆xjwdsg
|j|☆w1ldf1st
|t:|1757926940
|gametype|singles
|player|p1|xjwdsg|170|1186
|player|p2|w1ldf1st|lucas|1154
|gen|9
|tier|[Gen 9] OU
|rated|
|rule|HP Percentage Mod: HP is shown in percentages
|rule|Endless Battle Clause: Forcing endless battles is banned
|rule|Species Clause: Limit one of each Pokémon
|rule|OHKO Clause: OHKO moves are banned
|rule|Evasion Items Clause: Evasion items are banned
|rule|Evasion Moves Clause: Evasion moves are banned
|rule|Evasion Abilities Clause: Evasion abilities are banned
|rule|Sleep Moves Clause: Sleep-inducing moves are banned
|clearpoke
|poke|p1|Torkoal, F|
|poke|p1|Hatterene, F|
|poke|p1|Raging Bolt|
|poke|p1|Slither Wing|
|poke|p1|Venusaur, M|
|poke|p1|Walking Wake|
|poke|p2|Blaziken, M|
|poke|p2|Grimmsnarl, M|
|poke|p2|Gliscor, M|
|poke|p2|Ogerpon-Wellspring, F|
|poke|p2|Scizor, M|
|poke|p2|Iron Valiant|
|teampreview
|inactive|Battle timer is ON: inactive players will automatically lose when time's up. (requested by xjwdsg)
|
|t:|1757926946
|teamsize|p1|6
|teamsize|p2|6
|start
|switch|p1a: Torkoal|Torkoal, F|100/100
|switch|p2a: Even Yeagar|Grimmsnarl, M|100/100
|-weather|SunnyDay|[from] ability: Drought|[of] p1a: Torkoal
|turn|1
|
|t:|1757926958
|switch|p1a: Hatterene|Hatterene, F|100/100
|-item|p1a: Hatterene|Air Balloon
|move|p2a: Even Yeagar|Light Screen|p2a: Even Yeagar
|-sidestart|p2: w1ldf1st|move: Light Screen
|
|-weather|SunnyDay|[upkeep]
|upkeep
|turn|2
|
|t:|1757926968
|move|p2a: Even Yeagar|Reflect|p2a: Even Yeagar
|-sidestart|p2: w1ldf1st|Reflect
|move|p1a: Hatterene|Psychic Noise|p2a: Even Yeagar
|-immune|p2a: Even Yeagar
|
|-weather|SunnyDay|[upkeep]
|upkeep
|turn|3
|
|t:|1757926981
|switch|p2a: Ilia Topuira|Scizor, M|100/100
|move|p1a: Hatterene|Dazzling Gleam|p2a: Ilia Topuira
|-resisted|p2a: Ilia Topuira
|-damage|p2a: Ilia Topuira|90/100
|
|-weather|SunnyDay|[upkeep]
|upkeep
|turn|4
|
|t:|1757926991
|switch|p1a: Slither Wing|Slither Wing|100/100
|-activate|p1a: Slither Wing|ability: Protosynthesis
|-start|p1a: Slither Wing|protosynthesisatk
|move|p2a: Ilia Topuira|Swords Dance|p2a: Ilia Topuira
|-boost|p2a: Ilia Topuira|atk|2
|
|-weather|SunnyDay|[upkeep]
|upkeep
|turn|5
|
|t:|1757927002
|-terastallize|p2a: Ilia Topuira|Water
|move|p1a: Slither Wing|Temper Flare|p2a: Ilia Topuira
|-resisted|p2a: Ilia Topuira
|-damage|p2a: Ilia Topuira|75/100
|move|p2a: Ilia Topuira|Swords Dance|p2a: Ilia Topuira
|-boost|p2a: Ilia Topuira|atk|2
|
|-weather|SunnyDay|[upkeep]
|upkeep
|turn|6
|
|t:|1757927028
|move|p2a: Ilia Topuira|Bullet Punch|p1a: Slither Wing
|-damage|p1a: Slither Wing|0 fnt
|faint|p1a: Slither Wing
|-end|p1a: Slither Wing|Protosynthesis|[silent]
|-damage|p2a: Ilia Topuira|65/100|[from] item: Life Orb
|
|-weather|SunnyDay|[upkeep]
|upkeep
|
|t:|1757927031
|switch|p1a: Raging Bolt|Raging Bolt|100/100
|-activate|p1a: Raging Bolt|ability: Protosynthesis
|-start|p1a: Raging Bolt|protosynthesisspa
|turn|7
|
|t:|1757927042
|move|p1a: Raging Bolt|Thunderclap||[still]
|-fail|p1a: Raging Bolt
|move|p2a: Ilia Topuira|Swords Dance|p2a: Ilia Topuira
|-boost|p2a: Ilia Topuira|atk|2
|
|-weather|SunnyDay|[upkeep]
|upkeep
|turn|8
|
|t:|1757927054
|move|p1a: Raging Bolt|Thunderclap|p2a: Ilia Topuira
|-supereffective|p2a: Ilia Topuira
|-damage|p2a: Ilia Topuira|0 fnt
|faint|p2a: Ilia Topuira
|-damage|p1a: Raging Bolt|91/100|[from] item: Life Orb
|
|-weather|none
|-end|p1a: Raging Bolt|Protosynthesis
|-sideend|p2: w1ldf1st|move: Light Screen
|upkeep
|
|t:|1757927068
|switch|p2a: Batman|Gliscor, M|100/100
|turn|9
|
|t:|1757927084
|-end|p1a: Raging Bolt|Protosynthesis|[silent]
|switch|p1a: Torkoal|Torkoal, F|100/100
|-weather|SunnyDay|[from] ability: Drought|[of] p1a: Torkoal
|move|p2a: Batman|Toxic|p1a: Torkoal
|-status|p1a: Torkoal|tox
|
|-weather|SunnyDay|[upkeep]
|-damage|p1a: Torkoal|94/100 tox|[from] psn
|-sideend|p2: w1ldf1st|Reflect
|-status|p2a: Batman|tox|[from] item: Toxic Orb
|upkeep
|turn|10
|
|t:|1757927099
|switch|p1a: Venusaur|Venusaur, M|100/100
|move|p2a: Batman|Knock Off|p1a: Venusaur
|-damage|p1a: Venusaur|74/100
|-enditem|p1a: Venusaur|Life Orb|[from] move: Knock Off|[of] p2a: Batman
|
|-weather|SunnyDay|[upkeep]
|upkeep
|turn|11
|
|t:|1757927117
|move|p1a: Venusaur|Growth|p1a: Venusaur
|-boost|p1a: Venusaur|atk|2
|-boost|p1a: Venusaur|spa|2
|move|p2a: Batman|Earthquake|p1a: Venusaur
|-damage|p1a: Venusaur|30/100
|
|-weather|SunnyDay|[upkeep]
|upkeep
|turn|12
|
|t:|1757927134
|move|p1a: Venusaur|Giga Drain|p2a: Batman
|-damage|p2a: Batman|18/100 tox
|-heal|p1a: Venusaur|79/100|[from] drain|[of] p2a: Batman
|move|p2a: Batman|Earthquake|p1a: Venusaur
|-damage|p1a: Venusaur|37/100
|
|-weather|SunnyDay|[upkeep]
|-heal|p2a: Batman|30/100 tox|[from] ability: Poison Heal
|upkeep
|turn|13
|
|t:|1757927145
|move|p2a: Batman|Protect|p2a: Batman
|-singleturn|p2a: Batman|Protect
|move|p1a: Venusaur|Giga Drain|p2a: Batman
|-activate|p2a: Batman|move: Protect
|
|-weather|SunnyDay|[upkeep]
|-heal|p2a: Batman|43/100 tox|[from] ability: Poison Heal
|upkeep
|turn|14
|
|t:|1757927155
|move|p1a: Venusaur|Giga Drain|p2a: Batman
|-damage|p2a: Batman|0 fnt
|-heal|p1a: Venusaur|62/100|[from] drain|[of] p2a: Batman
|faint|p2a: Batman
|
|-weather|SunnyDay|[upkeep]
|upkeep
|
|t:|1757927164
|switch|p2a: Even Yeagar|Grimmsnarl, M|100/100
|turn|15
|
|t:|1757927169
|-terastallize|p1a: Venusaur|Fire
|move|p2a: Even Yeagar|Light Screen|p2a: Even Yeagar
|-sidestart|p2: w1ldf1st|move: Light Screen
|move|p1a: Venusaur|Weather Ball|p2a: Even Yeagar
|-damage|p2a: Even Yeagar|55/100
|
|-weather|SunnyDay|[upkeep]
|upkeep
|turn|16
|
|t:|1757927180
|move|p2a: Even Yeagar|Reflect|p2a: Even Yeagar
|-sidestart|p2: w1ldf1st|Reflect
|move|p1a: Venusaur|Earthquake|p2a: Even Yeagar
|-damage|p2a: Even Yeagar|31/100
|
|-weather|none
|upkeep
|turn|17
|
|t:|1757927187
|move|p1a: Venusaur|Earthquake|p2a: Even Yeagar
|-damage|p2a: Even Yeagar|6/100
|move|p2a: Even Yeagar|Spirit Break|p1a: Venusaur
|-resisted|p1a: Venusaur
|-damage|p1a: Venusaur|43/100
|-unboost|p1a: Venusaur|spa|1
|
|upkeep
|turn|18
|
|t:|1757927197
|move|p2a: Even Yeagar|Taunt|p1a: Venusaur
|-start|p1a: Venusaur|move: Taunt
|move|p1a: Venusaur|Earthquake|p2a: Even Yeagar
|-damage|p2a: Even Yeagar|0 fnt
|faint|p2a: Even Yeagar
|
|upkeep
|
|t:|1757927206
|switch|p2a: Sanji|Blaziken, M|100/100
|turn|19
|
|t:|1757927213
|move|p2a: Sanji|Protect|p2a: Sanji
|-singleturn|p2a: Sanji|Protect
|move|p1a: Venusaur|Earthquake|p2a: Sanji
|-activate|p2a: Sanji|move: Protect
|
|-ability|p2a: Sanji|Speed Boost|boost
|-boost|p2a: Sanji|spe|1
|upkeep
|turn|20
|
|t:|1757927225
|move|p2a: Sanji|Overheat|p1a: Venusaur
|-resisted|p1a: Venusaur
|-damage|p1a: Venusaur|8/100
|-unboost|p2a: Sanji|spa|2
|move|p1a: Venusaur|Earthquake|p2a: Sanji
|-supereffective|p2a: Sanji
|-damage|p2a: Sanji|40/100
|
|-end|p1a: Venusaur|move: Taunt
|-ability|p2a: Sanji|Speed Boost|boost
|-boost|p2a: Sanji|spe|1
|upkeep
|turn|21
|inactive|xjwdsg has 120 seconds left.
|
|t:|1757927262
|move|p2a: Sanji|Close Combat|p1a: Venusaur
|-damage|p1a: Venusaur|0 fnt
|-unboost|p2a: Sanji|def|1
|-unboost|p2a: Sanji|spd|1
|faint|p1a: Venusaur
|
|-ability|p2a: Sanji|Speed Boost|boost
|-boost|p2a: Sanji|spe|1
|upkeep
|
|t:|1757927266
|switch|p1a: Torkoal|Torkoal, F|94/100 tox
|-weather|SunnyDay|[from] ability: Drought|[of] p1a: Torkoal
|turn|22
|
|t:|1757927276
|move|p2a: Sanji|Focus Energy|p2a: Sanji
|-start|p2a: Sanji|move: Focus Energy
|move|p1a: Torkoal|Earthquake|p2a: Sanji
|-supereffective|p2a: Sanji
|-damage|p2a: Sanji|0 fnt
|faint|p2a: Sanji
|
|-weather|SunnyDay|[upkeep]
|-damage|p1a: Torkoal|88/100 tox|[from] psn
|-sideend|p2: w1ldf1st|move: Light Screen
|upkeep
|
|t:|1757927289
|switch|p2a: Yamato|Ogerpon-Wellspring, F|100/100
|turn|23
|
|t:|1757927296
|move|p2a: Yamato|Swords Dance|p2a: Yamato
|-boost|p2a: Yamato|atk|2
|move|p1a: Torkoal|Overheat|p2a: Yamato|[miss]
|-miss|p1a: Torkoal|p2a: Yamato
|
|-weather|SunnyDay|[upkeep]
|-damage|p1a: Torkoal|76/100 tox|[from] psn
|-sideend|p2: w1ldf1st|Reflect
|upkeep
|turn|24
|
|t:|1757927307
|move|p2a: Yamato|Ivy Cudgel|p1a: Torkoal|[anim] Ivy Cudgel Water
|-supereffective|p1a: Torkoal
|-damage|p1a: Torkoal|0 fnt
|faint|p1a: Torkoal
|
|-weather|SunnyDay|[upkeep]
|upkeep
|
|t:|1757927326
|switch|p1a: Walking Wake|Walking Wake|100/100
|-activate|p1a: Walking Wake|ability: Protosynthesis
|-start|p1a: Walking Wake|protosynthesisspe
|turn|25
|
|t:|1757927332
|move|p1a: Walking Wake|Weather Ball|p2a: Yamato
|-damage|p2a: Yamato|31/100
|move|p2a: Yamato|Horn Leech|p1a: Walking Wake
|-damage|p1a: Walking Wake|7/100
|-heal|p2a: Yamato|85/100|[from] drain|[of] p1a: Walking Wake
|
|-weather|SunnyDay|[upkeep]
|upkeep
|turn|26
|
|t:|1757927342
|move|p1a: Walking Wake|Weather Ball|p2a: Yamato
|-damage|p2a: Yamato|22/100
|move|p2a: Yamato|Horn Leech|p1a: Walking Wake
|-damage|p1a: Walking Wake|0 fnt
|-heal|p2a: Yamato|26/100|[from] drain|[of] p1a: Walking Wake
|faint|p1a: Walking Wake
|-end|p1a: Walking Wake|Protosynthesis|[silent]
|
|-weather|SunnyDay|[upkeep]
|upkeep
|
|t:|1757927361
|switch|p1a: Raging Bolt|Raging Bolt|91/100
|-activate|p1a: Raging Bolt|ability: Protosynthesis
|-start|p1a: Raging Bolt|protosynthesisspa
|turn|27
|inactive|xjwdsg has 120 seconds left.
|
|t:|1757927387
|move|p1a: Raging Bolt|Thunderclap||[still]
|-fail|p1a: Raging Bolt
|move|p2a: Yamato|Swords Dance|p2a: Yamato
|-boost|p2a: Yamato|atk|2
|
|-weather|SunnyDay|[upkeep]
|upkeep
|turn|28
|
|t:|1757927395
|move|p1a: Raging Bolt|Thunderclap|p2a: Yamato
|-damage|p2a: Yamato|0 fnt
|faint|p2a: Yamato
|-damage|p1a: Raging Bolt|81/100|[from] item: Life Orb
|
|-weather|SunnyDay|[upkeep]
|upkeep
|
|t:|1757927402
|switch|p2a: Roronoa Zoro|Iron Valiant|100/100
|-enditem|p2a: Roronoa Zoro|Booster Energy
|-activate|p2a: Roronoa Zoro|ability: Quark Drive|[fromitem]
|-start|p2a: Roronoa Zoro|quarkdrivespe
|turn|29
|
|t:|1757927413
|move|p2a: Roronoa Zoro|Calm Mind|p2a: Roronoa Zoro
|-boost|p2a: Roronoa Zoro|spa|1
|-boost|p2a: Roronoa Zoro|spd|1
|move|p1a: Raging Bolt|Weather Ball|p2a: Roronoa Zoro
|-damage|p2a: Roronoa Zoro|0 fnt
|faint|p2a: Roronoa Zoro
|-end|p2a: Roronoa Zoro|Quark Drive|[silent]
|-damage|p1a: Raging Bolt|71/100|[from] item: Life Orb
|
|win|xjwdsg
|raw|xjwdsg's rating: 1132 &rarr; <strong>1159</strong><br />(+27 for winning)
|raw|w1ldf1st's rating: 1154 &rarr; <strong>1127</strong><br />(-27 for losing)
|l|☆xjwdsg
|player|p1|
