|inactive|Battle timer is ON: inactive players will automatically lose when time's up.
|t:|1757879051
|gametype|singles
|player|p1|Javi|#wcop2023spain|
|player|p2|v3ti|dawn|
|gen|9
|tier|[Gen 9] OU
|rule|HP Percentage Mod: HP is shown in percentages
|rule|Endless Battle Clause: Forcing endless battles is banned
|rule|Species Clause: Limit one of each Pokémon
|rule|OHKO Clause: OHKO moves are banned
|rule|Evasion Items Clause: Evasion items are banned
|rule|Evasion Moves Clause: Evasion moves are banned
|rule|Evasion Abilities Clause: Evasion abilities are banned
|rule|Sleep Moves Clause: Sleep-inducing moves are banned
|clearpoke
|poke|p1|Dragapult, M|
|poke|p1|Corviknight, F|
|poke|p1|Ogerpon-Wellspring, F|
|poke|p1|Great Tusk|
|poke|p1|Slowking-Galar, M|
|poke|p1|Ting-Lu|
|poke|p2|Heatran, F|
|poke|p2|Zapdos|
|poke|p2|Rillaboom, F|
|poke|p2|Zamazenta-*|
|poke|p2|Gliscor, F|
|poke|p2|Kingambit, F|
|teampreview
|c|☆v3ti|hf
|inactive|Javi has 270 seconds left.
|inactive|v3ti has 270 seconds left.
|
|t:|1757879109
|teamsize|p1|6
|teamsize|p2|6
|start
|switch|p1a: Dragapult|Dragapult, M|100/100
|switch|p2a: Rillaboom|Rillaboom, F|100/100
|-fieldstart|move: Grassy Terrain|[from] ability: Grassy Surge|[of] p2a: Rillaboom
|turn|1
|
|t:|1757879114
|switch|p2a: Heatran|Heatran, F|100/100
|move|p1a: Dragapult|U-turn|p2a: Heatran
|-resisted|p2a: Heatran
|-damage|p2a: Heatran|97/100
|
|t:|1757879118
|switch|p1a: Ting-Lu|Ting-Lu|100/100|[from] U-turn
|-ability|p1a: Ting-Lu|Vessel of Ruin
|
|-heal|p2a: Heatran|100/100|[from] Grassy Terrain
|upkeep
|turn|2
|
|t:|1757879122
|move|p2a: Heatran|Will-O-Wisp|p1a: Ting-Lu|[miss]
|-miss|p2a: Heatran|p1a: Ting-Lu
|move|p1a: Ting-Lu|Stealth Rock|p2a: Heatran
|-sidestart|p2: v3ti|move: Stealth Rock
|
|upkeep
|turn|3
|
|t:|1757879127
|switch|p2a: Gliscor|Gliscor, F|100/100
|-damage|p2a: Gliscor|88/100|[from] Stealth Rock
|move|p1a: Ting-Lu|Ruination|p2a: Gliscor
|-damage|p2a: Gliscor|44/100
|
|-status|p2a: Gliscor|tox|[from] item: Toxic Orb
|upkeep
|turn|4
|
|t:|1757879132
|switch|p1a: Great Tusk|Great Tusk|100/100
|move|p2a: Gliscor|Spikes|p1a: Great Tusk
|-sidestart|p1: Javi|Spikes
|
|-heal|p2a: Gliscor|57/100 tox|[from] ability: Poison Heal
|upkeep
|turn|5
|
|t:|1757879139
|move|p2a: Gliscor|Protect|p2a: Gliscor
|-singleturn|p2a: Gliscor|Protect
|move|p1a: Great Tusk|Knock Off|p2a: Gliscor
|-activate|p2a: Gliscor|move: Protect
|
|-heal|p2a: Gliscor|69/100 tox|[from] ability: Poison Heal
|-fieldend|move: Grassy Terrain
|upkeep
|turn|6
|
|t:|1757879145
|switch|p2a: Zapdos|Zapdos|100/100
|move|p1a: Great Tusk|Rapid Spin|p2a: Zapdos
|-damage|p2a: Zapdos|81/100
|-boost|p1a: Great Tusk|spe|1
|-sideend|p1: Javi|Spikes|[from] move: Rapid Spin|[of] p1a: Great Tusk
|
|upkeep
|turn|7
|
|t:|1757879153
|-end|p1a: Great Tusk|Protosynthesis|[silent]
|switch|p1a: Dragapult|Dragapult, M|100/100
|move|p2a: Zapdos|Volt Switch|p1a: Dragapult
|-resisted|p1a: Dragapult
|-damage|p1a: Dragapult|78/100
|
|t:|1757879158
|switch|p2a: Heatran|Heatran, F|100/100|[from] Volt Switch
|-damage|p2a: Heatran|88/100|[from] Stealth Rock
|
|-heal|p2a: Heatran|94/100|[from] item: Leftovers
|upkeep
|turn|8
|
|t:|1757879164
|move|p1a: Dragapult|U-turn|p2a: Heatran
|-resisted|p2a: Heatran
|-damage|p2a: Heatran|91/100
|
|t:|1757879166
|switch|p1a: Ting-Lu|Ting-Lu|100/100|[from] U-turn
|-ability|p1a: Ting-Lu|Vessel of Ruin
|move|p2a: Heatran|Will-O-Wisp|p1a: Ting-Lu
|-status|p1a: Ting-Lu|brn
|
|-heal|p2a: Heatran|97/100|[from] item: Leftovers
|-damage|p1a: Ting-Lu|94/100 brn|[from] brn
|upkeep
|turn|9
|
|t:|1757879182
|switch|p2a: Gliscor|Gliscor, F|69/100 tox
|-damage|p2a: Gliscor|57/100 tox|[from] Stealth Rock
|switch|p1a: Ogerpon|Ogerpon-Wellspring, F|100/100
|
|-heal|p2a: Gliscor|69/100 tox|[from] ability: Poison Heal
|upkeep
|turn|10
|inactive|v3ti has 270 seconds left.
|
|t:|1757879216
|switch|p2a: Rillaboom|Rillaboom, F|100/100
|-damage|p2a: Rillaboom|88/100|[from] Stealth Rock
|-fieldstart|move: Grassy Terrain|[from] ability: Grassy Surge|[of] p2a: Rillaboom
|move|p1a: Ogerpon|Swords Dance|p1a: Ogerpon
|-boost|p1a: Ogerpon|atk|2
|
|-heal|p2a: Rillaboom|94/100|[from] Grassy Terrain
|upkeep
|turn|11
|inactive|v3ti has 270 seconds left.
|
|t:|1757879241
|switch|p1a: SameCtySameFriends|Corviknight, F|100/100
|-ability|p1a: SameCtySameFriends|Pressure
|move|p2a: Rillaboom|Wood Hammer|p1a: SameCtySameFriends
|-resisted|p1a: SameCtySameFriends
|-damage|p1a: SameCtySameFriends|84/100
|-damage|p2a: Rillaboom|88/100|[from] Recoil
|-damage|p2a: Rillaboom|78/100|[from] item: Life Orb
|
|-heal|p2a: Rillaboom|84/100|[from] Grassy Terrain
|-heal|p1a: SameCtySameFriends|91/100|[from] item: Leftovers
|upkeep
|turn|12
|
|t:|1757879258
|switch|p2a: Zapdos|Zapdos|81/100
|move|p1a: SameCtySameFriends|Body Press|p2a: Zapdos
|-resisted|p2a: Zapdos
|-damage|p2a: Zapdos|65/100
|-status|p1a: SameCtySameFriends|par|[from] ability: Static|[of] p2a: Zapdos
|
|-heal|p1a: SameCtySameFriends|97/100 par|[from] item: Leftovers
|upkeep
|turn|13
|
|t:|1757879266
|switch|p1a: Ting-Lu|Ting-Lu|94/100 brn
|-ability|p1a: Ting-Lu|Vessel of Ruin
|move|p2a: Zapdos|Roost|p2a: Zapdos
|-heal|p2a: Zapdos|100/100
|-singleturn|p2a: Zapdos|move: Roost
|
|-heal|p1a: Ting-Lu|100/100 brn|[from] Grassy Terrain
|-damage|p1a: Ting-Lu|94/100 brn|[from] brn
|upkeep
|turn|14
|
|t:|1757879281
|switch|p2a: Gliscor|Gliscor, F|69/100 tox
|-damage|p2a: Gliscor|57/100 tox|[from] Stealth Rock
|move|p1a: Ting-Lu|Ruination|p2a: Gliscor
|-damage|p2a: Gliscor|29/100 tox
|
|-heal|p1a: Ting-Lu|100/100 brn|[from] Grassy Terrain
|-heal|p2a: Gliscor|41/100 tox|[from] ability: Poison Heal
|-damage|p1a: Ting-Lu|94/100 brn|[from] brn
|-fieldend|move: Grassy Terrain
|upkeep
|turn|15
|
|t:|1757879287
|switch|p1a: Ogerpon|Ogerpon-Wellspring, F|100/100
|move|p2a: Gliscor|Toxic|p1a: Ogerpon
|-status|p1a: Ogerpon|tox
|
|-damage|p1a: Ogerpon|95/100 tox|[from] psn
|-heal|p2a: Gliscor|54/100 tox|[from] ability: Poison Heal
|upkeep
|turn|16
|inactive|v3ti has 270 seconds left.
|
|t:|1757879305
|switch|p2a: Zapdos|Zapdos|100/100
|move|p1a: Ogerpon|Knock Off|p2a: Zapdos
|-damage|p2a: Zapdos|53/100
|-enditem|p2a: Zapdos|Heavy-Duty Boots|[from] move: Knock Off|[of] p1a: Ogerpon
|
|-damage|p1a: Ogerpon|83/100 tox|[from] psn
|upkeep
|turn|17
|
|t:|1757879334
|switch|p2a: Zamazenta|Zamazenta|100/100
|-damage|p2a: Zamazenta|94/100|[from] Stealth Rock
|-ability|p2a: Zamazenta|Dauntless Shield|boost
|-boost|p2a: Zamazenta|def|1
|move|p1a: Ogerpon|Ivy Cudgel|p2a: Zamazenta|[anim] Ivy Cudgel Water
|-crit|p2a: Zamazenta
|-damage|p2a: Zamazenta|19/100
|
|-heal|p2a: Zamazenta|25/100|[from] item: Leftovers
|-damage|p1a: Ogerpon|65/100 tox|[from] psn
|upkeep
|turn|18
|
|t:|1757879343
|switch|p1a: Great Tusk|Great Tusk|100/100
|move|p2a: Zamazenta|Iron Defense|p2a: Zamazenta
|-boost|p2a: Zamazenta|def|2
|
|-heal|p2a: Zamazenta|32/100|[from] item: Leftovers
|upkeep
|turn|19
|
|t:|1757879352
|move|p2a: Zamazenta|Body Press|p1a: Great Tusk
|-crit|p1a: Great Tusk
|-damage|p1a: Great Tusk|0 fnt
|faint|p1a: Great Tusk
|-end|p1a: Great Tusk|Protosynthesis|[silent]
|
|-heal|p2a: Zamazenta|38/100|[from] item: Leftovers
|upkeep
|
|t:|1757879355
|switch|p1a: Slowking|Slowking-Galar, M|100/100
|turn|20
|inactive|v3ti has 270 seconds left.
|
|t:|1757879368
|switch|p2a: Heatran|Heatran, F|97/100
|-damage|p2a: Heatran|85/100|[from] Stealth Rock
|-prepare|p1a: Slowking|Chilly Reception|[premajor]
|move|p1a: Slowking|Chilly Reception|p1a: Slowking
|-weather|Snowscape
|
|t:|1757879371
|switch|p1a: Ogerpon|Ogerpon-Wellspring, F|65/100 tox|[from] Chilly Reception
|
|-weather|Snowscape|[upkeep]
|-heal|p2a: Heatran|91/100|[from] item: Leftovers
|-damage|p1a: Ogerpon|59/100 tox|[from] psn
|upkeep
|turn|21
|inactive|v3ti has 270 seconds left.
|
|t:|1757879392
|switch|p2a: Zamazenta|Zamazenta|38/100
|-damage|p2a: Zamazenta|32/100|[from] Stealth Rock
|move|p1a: Ogerpon|Knock Off|p2a: Zamazenta
|-resisted|p2a: Zamazenta
|-damage|p2a: Zamazenta|17/100
|-enditem|p2a: Zamazenta|Leftovers|[from] move: Knock Off|[of] p1a: Ogerpon
|
|-weather|Snowscape|[upkeep]
|-damage|p1a: Ogerpon|47/100 tox|[from] psn
|upkeep
|turn|22
|
|t:|1757879397
|switch|p1a: Slowking|Slowking-Galar, M|100/100
|move|p2a: Zamazenta|Crunch|p1a: Slowking
|-supereffective|p1a: Slowking
|-damage|p1a: Slowking|57/100
|
|-weather|Snowscape|[upkeep]
|upkeep
|turn|23
|
|t:|1757879403
|move|p2a: Zamazenta|Iron Defense|p2a: Zamazenta
|-boost|p2a: Zamazenta|def|2
|-prepare|p1a: Slowking|Chilly Reception|[premajor]
|move|p1a: Slowking|Chilly Reception|p1a: Slowking
|
|t:|1757879405
|switch|p1a: Dragapult|Dragapult, M|78/100|[from] Chilly Reception
|
|-weather|Snowscape|[upkeep]
|upkeep
|turn|24
|
|t:|1757879411
|move|p1a: Dragapult|Hex|p2a: Zamazenta
|-damage|p2a: Zamazenta|0 fnt
|faint|p2a: Zamazenta
|
|-weather|none
|upkeep
|
|t:|1757879415
|switch|p2a: Heatran|Heatran, F|91/100
|-damage|p2a: Heatran|79/100|[from] Stealth Rock
|turn|25
|
|t:|1757879419
|switch|p1a: Ting-Lu|Ting-Lu|94/100 brn
|-ability|p1a: Ting-Lu|Vessel of Ruin
|move|p2a: Heatran|Stealth Rock|p1a: Ting-Lu
|-sidestart|p1: Javi|move: Stealth Rock
|
|-heal|p2a: Heatran|85/100|[from] item: Leftovers
|-heal|p1a: Ting-Lu|100/100 brn|[from] item: Leftovers
|-damage|p1a: Ting-Lu|94/100 brn|[from] brn
|upkeep
|turn|26
|
|t:|1757879432
|switch|p2a: Gliscor|Gliscor, F|54/100 tox
|-damage|p2a: Gliscor|41/100 tox|[from] Stealth Rock
|move|p1a: Ting-Lu|Earthquake|p2a: Gliscor
|-immune|p2a: Gliscor
|
|-heal|p1a: Ting-Lu|100/100 brn|[from] item: Leftovers
|-heal|p2a: Gliscor|54/100 tox|[from] ability: Poison Heal
|-damage|p1a: Ting-Lu|94/100 brn|[from] brn
|upkeep
|turn|27
|
|t:|1757879445
|switch|p1a: Dragapult|Dragapult, M|78/100
|move|p2a: Gliscor|Earthquake|p1a: Dragapult
|-damage|p1a: Dragapult|33/100
|
|-heal|p2a: Gliscor|66/100 tox|[from] ability: Poison Heal
|upkeep
|turn|28
|
|t:|1757879456
|move|p1a: Dragapult|Hex|p2a: Gliscor
|-damage|p2a: Gliscor|16/100 tox
|move|p2a: Gliscor|Earthquake|p1a: Dragapult
|-damage|p1a: Dragapult|0 fnt
|faint|p1a: Dragapult
|
|-heal|p2a: Gliscor|29/100 tox|[from] ability: Poison Heal
|upkeep
|
|t:|1757879462
|switch|p1a: SameCtySameFriends|Corviknight, F|97/100 par
|-damage|p1a: SameCtySameFriends|84/100 par|[from] Stealth Rock
|-ability|p1a: SameCtySameFriends|Pressure
|turn|29
|
|t:|1757879470
|switch|p2a: Heatran|Heatran, F|85/100
|-damage|p2a: Heatran|72/100|[from] Stealth Rock
|move|p1a: SameCtySameFriends|Iron Defense|p1a: SameCtySameFriends
|-boost|p1a: SameCtySameFriends|def|2
|
|-heal|p2a: Heatran|79/100|[from] item: Leftovers
|-heal|p1a: SameCtySameFriends|91/100 par|[from] item: Leftovers
|upkeep
|turn|30
|
|t:|1757879474
|-terastallize|p1a: SameCtySameFriends|Dragon
|move|p2a: Heatran|Lava Plume|p1a: SameCtySameFriends
|-resisted|p1a: SameCtySameFriends
|-damage|p1a: SameCtySameFriends|74/100 par
|move|p1a: SameCtySameFriends|Body Press|p2a: Heatran
|-supereffective|p2a: Heatran
|-damage|p2a: Heatran|0 fnt
|faint|p2a: Heatran
|
|-heal|p1a: SameCtySameFriends|80/100 par|[from] item: Leftovers
|upkeep
|
|t:|1757879487
|switch|p2a: Kingambit|Kingambit, F|100/100
|-damage|p2a: Kingambit|94/100|[from] Stealth Rock
|-activate|p2a: Kingambit|ability: Supreme Overlord
|-start|p2a: Kingambit|fallen2|[silent]
|turn|31
|
|t:|1757879491
|-terastallize|p2a: Kingambit|Fairy
|move|p2a: Kingambit|Swords Dance|p2a: Kingambit
|-boost|p2a: Kingambit|atk|2
|move|p1a: SameCtySameFriends|Iron Defense|p1a: SameCtySameFriends
|-boost|p1a: SameCtySameFriends|def|2
|
|-heal|p2a: Kingambit|100/100|[from] item: Leftovers
|-heal|p1a: SameCtySameFriends|87/100 par|[from] item: Leftovers
|upkeep
|turn|32
|
|t:|1757879499
|move|p2a: Kingambit|Tera Blast|p1a: SameCtySameFriends|[anim] Tera Blast Fairy
|-supereffective|p1a: SameCtySameFriends
|-damage|p1a: SameCtySameFriends|44/100 par
|move|p1a: SameCtySameFriends|Iron Defense|p1a: SameCtySameFriends
|-boost|p1a: SameCtySameFriends|def|2
|
|-heal|p1a: SameCtySameFriends|50/100 par|[from] item: Leftovers
|upkeep
|turn|33
|
|t:|1757879505
|move|p2a: Kingambit|Swords Dance|p2a: Kingambit
|-boost|p2a: Kingambit|atk|2
|move|p1a: SameCtySameFriends|Roost|p1a: SameCtySameFriends
|-heal|p1a: SameCtySameFriends|100/100 par
|
|upkeep
|turn|34
|
|t:|1757879510
|move|p2a: Kingambit|Tera Blast|p1a: SameCtySameFriends|[anim] Tera Blast Fairy
|-supereffective|p1a: SameCtySameFriends
|-damage|p1a: SameCtySameFriends|52/100 par
|move|p1a: SameCtySameFriends|Body Press|p2a: Kingambit
|-resisted|p2a: Kingambit
|-damage|p2a: Kingambit|65/100
|
|-heal|p2a: Kingambit|71/100|[from] item: Leftovers
|-heal|p1a: SameCtySameFriends|58/100 par|[from] item: Leftovers
|upkeep
|turn|35
|
|t:|1757879516
|move|p2a: Kingambit|Tera Blast|p1a: SameCtySameFriends|[anim] Tera Blast Fairy
|-supereffective|p1a: SameCtySameFriends
|-damage|p1a: SameCtySameFriends|10/100 par
|move|p1a: SameCtySameFriends|Body Press|p2a: Kingambit
|-resisted|p2a: Kingambit
|-damage|p2a: Kingambit|33/100
|
|-heal|p2a: Kingambit|39/100|[from] item: Leftovers
|-heal|p1a: SameCtySameFriends|16/100 par|[from] item: Leftovers
|upkeep
|turn|36
|c|☆Javi|ggs
|-message|Javi forfeited.
|
|win|v3ti
|c|☆v3ti|ggs
|player|p1|
