|j|☆Arloisthebest
|j|☆Voltaris33
|t:|1757816021
|gametype|singles
|player|p1|Arloisthebest|266|1282
|player|p2|Voltaris33|unknown|1331
|gen|9
|tier|[Gen 9] OU
|rated|
|rule|HP Percentage Mod: HP is shown in percentages
|rule|Endless Battle Clause: Forcing endless battles is banned
|rule|Species Clause: Limit one of each Pokémon
|rule|OHKO Clause: OHKO moves are banned
|rule|Evasion Items Clause: Evasion items are banned
|rule|Evasion Moves Clause: Evasion moves are banned
|rule|Evasion Abilities Clause: Evasion abilities are banned
|rule|Sleep Moves Clause: Sleep-inducing moves are banned
|clearpoke
|poke|p1|Goodra, M|
|poke|p1|Leafeon, F|
|poke|p1|Donphan, M|
|poke|p1|Manaphy|
|poke|p1|Samurott-Hisui, M|
|poke|p1|Perrserker, M|
|poke|p2|Garchomp, M|
|poke|p2|Moltres-Galar|
|poke|p2|Tyranitar, M|
|poke|p2|Noivern, M|
|poke|p2|Ceruledge, F|
|poke|p2|Zapdos|
|teampreview
|inactive|Battle timer is ON: inactive players will automatically lose when time's up. (requested by Voltaris33)
|
|t:|1757816042
|teamsize|p1|6
|teamsize|p2|6
|start
|switch|p1a: Perrserker|Perrserker, M|100/100
|switch|p2a: Zapdos|Zapdos|100/100
|turn|1
|
|t:|1757816047
|move|p2a: Zapdos|Thunder Wave|p1a: Perrserker
|-status|p1a: Perrserker|par
|cant|p1a: Perrserker|par
|
|upkeep
|turn|2
|
|t:|1757816066
|move|p2a: Zapdos|Volt Switch|p1a: Perrserker
|-damage|p1a: Perrserker|27/100 par
|
|t:|1757816067
|switch|p2a: Ceruledge|Ceruledge, F|100/100|[from] Volt Switch
|cant|p1a: Perrserker|par
|
|-heal|p1a: Perrserker|33/100 par|[from] item: Leftovers
|upkeep
|turn|3
|
|t:|1757816075
|move|p2a: Ceruledge|Bitter Blade|p1a: Perrserker
|-supereffective|p1a: Perrserker
|-damage|p1a: Perrserker|0 fnt
|faint|p1a: Perrserker
|
|upkeep
|
|t:|1757816081
|switch|p1a: Samurott|Samurott-Hisui, M|100/100
|turn|4
|
|t:|1757816085
|switch|p2a: Zapdos|Zapdos|100/100
|move|p1a: Samurott|Ceaseless Edge|p2a: Zapdos
|-damage|p2a: Zapdos|50/100
|-sidestart|p2: Voltaris33|Spikes
|
|upkeep
|turn|5
|
|t:|1757816094
|move|p2a: Zapdos|Volt Switch|p1a: Samurott
|-supereffective|p1a: Samurott
|-enditem|p1a: Samurott|Focus Sash
|-damage|p1a: Samurott|1/100
|
|t:|1757816099
|switch|p2a: Garchomp|Garchomp, M|100/100|[from] Volt Switch
|-damage|p2a: Garchomp|88/100|[from] Spikes
|move|p1a: Samurott|Knock Off|p2a: Garchomp
|-crit|p2a: Garchomp
|-damage|p2a: Garchomp|23/100
|-damage|p1a: Samurott|0 fnt|[from] ability: Rough Skin|[of] p2a: Garchomp
|faint|p1a: Samurott
|
|upkeep
|
|t:|1757816118
|switch|p1a: Manaphy|Manaphy|100/100
|turn|6
|
|t:|1757816121
|move|p2a: Garchomp|Scale Shot|p1a: Manaphy
|-damage|p1a: Manaphy|87/100
|-damage|p1a: Manaphy|73/100
|-crit|p1a: Manaphy
|-damage|p1a: Manaphy|54/100
|-damage|p1a: Manaphy|41/100
|-hitcount|p1a: Manaphy|4
|-unboost|p2a: Garchomp|def|1
|-boost|p2a: Garchomp|spe|1
|move|p1a: Manaphy|Surf|p2a: Garchomp
|-damage|p2a: Garchomp|0 fnt
|faint|p2a: Garchomp
|
|-heal|p1a: Manaphy|47/100|[from] item: Leftovers
|upkeep
|
|t:|1757816125
|switch|p2a: Noivern|Noivern, M|100/100
|turn|7
|
|t:|1757816128
|move|p2a: Noivern|Draco Meteor|p1a: Manaphy
|-damage|p1a: Manaphy|0 fnt
|-unboost|p2a: Noivern|spa|2
|faint|p1a: Manaphy
|
|upkeep
|
|t:|1757816140
|switch|p1a: Donphan|Donphan, M|100/100
|turn|8
|
|t:|1757816145
|move|p2a: Noivern|Defog|p1a: Donphan
|-unboost|p1a: Donphan|evasion|1
|-sideend|p2: Voltaris33|Spikes|[from] move: Defog|[of] p2a: Noivern
|move|p1a: Donphan|Ice Spinner|p2a: Noivern
|-supereffective|p2a: Noivern
|-crit|p2a: Noivern
|-damage|p2a: Noivern|0 fnt
|faint|p2a: Noivern
|
|upkeep
|
|t:|1757816149
|switch|p2a: Moltres|Moltres-Galar|100/100
|turn|9
|
|t:|1757816160
|move|p2a: Moltres|Nasty Plot|p2a: Moltres
|-boost|p2a: Moltres|spa|2
|move|p1a: Donphan|Ice Spinner|p2a: Moltres
|-supereffective|p2a: Moltres
|-damage|p2a: Moltres|39/100
|-enditem|p2a: Moltres|Weakness Policy
|-boost|p2a: Moltres|atk|2|[from] item: Weakness Policy
|-boost|p2a: Moltres|spa|2|[from] item: Weakness Policy
|-ability|p2a: Moltres|Berserk|boost
|-boost|p2a: Moltres|spa|1
|
|upkeep
|turn|10
|
|t:|1757816164
|move|p2a: Moltres|Fiery Wrath|p1a: Donphan
|-ability|p1a: Donphan|Sturdy
|-damage|p1a: Donphan|1/100
|move|p1a: Donphan|Ice Spinner|p2a: Moltres
|-supereffective|p2a: Moltres
|-damage|p2a: Moltres|0 fnt
|faint|p2a: Moltres
|
|-heal|p1a: Donphan|7/100|[from] item: Leftovers
|upkeep
|
|t:|1757816167
|switch|p2a: Ceruledge|Ceruledge, F|100/100
|turn|11
|
|t:|1757816170
|move|p2a: Ceruledge|Swords Dance|p2a: Ceruledge
|-boost|p2a: Ceruledge|atk|2
|move|p1a: Donphan|Earthquake|p2a: Ceruledge
|-supereffective|p2a: Ceruledge
|-enditem|p2a: Ceruledge|Focus Sash
|-damage|p2a: Ceruledge|1/100
|-ability|p2a: Ceruledge|Weak Armor|boost
|-unboost|p2a: Ceruledge|def|1
|-boost|p2a: Ceruledge|spe|2
|
|-heal|p1a: Donphan|13/100|[from] item: Leftovers
|upkeep
|turn|12
|
|t:|1757816174
|move|p2a: Ceruledge|Bitter Blade|p1a: Donphan
|-crit|p1a: Donphan
|-damage|p1a: Donphan|0 fnt
|-heal|p2a: Ceruledge|9/100|[from] drain|[of] p1a: Donphan
|faint|p1a: Donphan
|
|upkeep
|
|t:|1757816185
|switch|p1a: Leafeon|Leafeon, F|100/100
|turn|13
|
|t:|1757816190
|-terastallize|p1a: Leafeon|Water
|move|p2a: Ceruledge|Bitter Blade|p1a: Leafeon
|-resisted|p1a: Leafeon
|-damage|p1a: Leafeon|72/100
|-heal|p2a: Ceruledge|25/100|[from] drain|[of] p1a: Leafeon
|move|p1a: Leafeon|X-Scissor|p2a: Ceruledge
|-resisted|p2a: Ceruledge
|-damage|p2a: Ceruledge|15/100
|-ability|p2a: Ceruledge|Weak Armor|boost
|-unboost|p2a: Ceruledge|def|1
|-boost|p2a: Ceruledge|spe|2
|
|upkeep
|turn|14
|
|t:|1757816204
|move|p2a: Ceruledge|Dragon Claw|p1a: Leafeon
|-damage|p1a: Leafeon|41/100
|move|p1a: Leafeon|Leaf Blade|p2a: Ceruledge
|-resisted|p2a: Ceruledge
|-damage|p2a: Ceruledge|0 fnt
|faint|p2a: Ceruledge
|
|upkeep
|
|t:|1757816211
|switch|p2a: Zapdos|Zapdos|50/100
|turn|15
|
|t:|1757816214
|switch|p1a: Goodra|Goodra, M|100/100
|move|p2a: Zapdos|Volt Switch|p1a: Goodra
|-resisted|p1a: Goodra
|-damage|p1a: Goodra|93/100
|
|t:|1757816216
|switch|p2a: Tyranitar|Tyranitar, M|100/100|[from] Volt Switch
|-weather|Sandstorm|[from] ability: Sand Stream|[of] p2a: Tyranitar
|
|-weather|Sandstorm|[upkeep]
|-damage|p1a: Goodra|87/100|[from] Sandstorm
|upkeep
|turn|16
|
|t:|1757816234
|move|p2a: Tyranitar|Dragon Dance|p2a: Tyranitar
|-boost|p2a: Tyranitar|atk|1
|-boost|p2a: Tyranitar|spe|1
|move|p1a: Goodra|Draco Meteor|p2a: Tyranitar
|-damage|p2a: Tyranitar|69/100
|-unboost|p1a: Goodra|spa|2
|
|-weather|Sandstorm|[upkeep]
|-damage|p1a: Goodra|81/100|[from] Sandstorm
|upkeep
|turn|17
|
|t:|1757816240
|switch|p1a: Leafeon|Leafeon, F, tera:Water|41/100
|move|p2a: Tyranitar|Dragon Dance|p2a: Tyranitar
|-boost|p2a: Tyranitar|atk|1
|-boost|p2a: Tyranitar|spe|1
|
|-weather|Sandstorm|[upkeep]
|-damage|p1a: Leafeon|35/100|[from] Sandstorm
|upkeep
|turn|18
|
|t:|1757816243
|move|p2a: Tyranitar|Knock Off|p1a: Leafeon
|-damage|p1a: Leafeon|0 fnt
|-enditem|p1a: Leafeon|Heavy-Duty Boots|[from] move: Knock Off|[of] p2a: Tyranitar
|faint|p1a: Leafeon
|-damage|p2a: Tyranitar|59/100|[from] item: Life Orb
|
|-weather|Sandstorm|[upkeep]
|upkeep
|
|t:|1757816246
|switch|p1a: Goodra|Goodra, M|81/100
|turn|19
|
|t:|1757816251
|move|p2a: Tyranitar|Ice Punch|p1a: Goodra
|-supereffective|p1a: Goodra
|-damage|p1a: Goodra|0 fnt
|-ability|p1a: Goodra|Gooey
|-unboost|p2a: Tyranitar|spe|1
|faint|p1a: Goodra
|-damage|p2a: Tyranitar|49/100|[from] item: Life Orb
|
|win|Voltaris33
|raw|Arloisthebest's rating: 1282 &rarr; <strong>1261</strong><br />(-21 for losing)
|raw|Voltaris33's rating: 1331 &rarr; <strong>1348</strong><br />(+17 for winning)
|l|☆Arloisthebest
|player|p1|
|l|☆Voltaris33
|player|p2|
