|j|☆Gym Leader Bert
|j|☆10086qaz
|t:|1757829351
|gametype|singles
|player|p1|Gym Leader Bert|gentleman-gen4|1230
|player|p2|10086qaz|dawn-gen4pt|1251
|gen|9
|tier|[Gen 9] OU
|rated|
|rule|HP Percentage Mod: HP is shown in percentages
|rule|Endless Battle Clause: Forcing endless battles is banned
|rule|Species Clause: Limit one of each Pokémon
|rule|OHKO Clause: OHKO moves are banned
|rule|Evasion Items Clause: Evasion items are banned
|rule|Evasion Moves Clause: Evasion moves are banned
|rule|Evasion Abilities Clause: Evasion abilities are banned
|rule|Sleep Moves Clause: Sleep-inducing moves are banned
|clearpoke
|poke|p1|Torkoal, F|
|poke|p1|Hatterene, F|
|poke|p1|Walking Wake|
|poke|p1|Dragapult, M|
|poke|p1|Cloyster, F|
|poke|p1|Corviknight, F|
|poke|p2|Scizor, M|
|poke|p2|Landorus-Therian, M|
|poke|p2|Raging Bolt|
|poke|p2|Ogerpon-Wellspring, F|
|poke|p2|Gholdengo|
|poke|p2|Cinderace, F|
|teampreview
|inactive|Battle timer is ON: inactive players will automatically lose when time's up. (requested by 10086qaz)
|
|t:|1757829360
|teamsize|p1|6
|teamsize|p2|6
|start
|switch|p1a: Cloyster|Cloyster, F|100/100
|switch|p2a: Landorus|Landorus-Therian, M|100/100
|-ability|p2a: Landorus|Intimidate|boost
|-unboost|p1a: Cloyster|atk|1
|turn|1
|
|t:|1757829366
|move|p2a: Landorus|Stone Edge|p1a: Cloyster
|-supereffective|p1a: Cloyster
|-damage|p1a: Cloyster|34/100
|move|p1a: Cloyster|Icicle Spear|p2a: Landorus
|-supereffective|p2a: Landorus
|-damage|p2a: Landorus|65/100
|-supereffective|p2a: Landorus
|-damage|p2a: Landorus|34/100
|-supereffective|p2a: Landorus
|-damage|p2a: Landorus|0 fnt
|faint|p2a: Landorus
|-hitcount|p2: Landorus|3
|
|upkeep
|
|t:|1757829378
|switch|p2a: Cinderace|Cinderace, F|100/100
|turn|2
|
|t:|1757829383
|switch|p1a: Walking Wake|Walking Wake|100/100
|move|p2a: Cinderace|Pyro Ball|p1a: Walking Wake
|-resisted|p1a: Walking Wake
|-damage|p1a: Walking Wake|86/100
|
|upkeep
|turn|3
|
|t:|1757829388
|move|p2a: Cinderace|High Jump Kick|p1a: Walking Wake
|-start|p2a: Cinderace|typechange|Fighting|[from] ability: Libero
|-damage|p1a: Walking Wake|24/100
|move|p1a: Walking Wake|Hydro Steam|p2a: Cinderace
|-damage|p2a: Cinderace|17/100
|
|upkeep
|turn|4
|
|t:|1757829395
|-end|p1a: Walking Wake|Protosynthesis|[silent]
|switch|p1a: Sun God Koal|Torkoal, F|100/100
|-weather|SunnyDay|[from] ability: Drought|[of] p1a: Sun God Koal
|move|p2a: Cinderace|U-turn|p1a: Sun God Koal
|-resisted|p1a: Sun God Koal
|-damage|p1a: Sun God Koal|93/100
|
|t:|1757829402
|switch|p2a: Raging Bolt|Raging Bolt|100/100|[from] U-turn
|-activate|p2a: Raging Bolt|ability: Protosynthesis
|-start|p2a: Raging Bolt|protosynthesisspa
|
|-weather|SunnyDay|[upkeep]
|upkeep
|turn|5
|
|t:|1757829405
|move|p2a: Raging Bolt|Calm Mind|p2a: Raging Bolt
|-boost|p2a: Raging Bolt|spa|1
|-boost|p2a: Raging Bolt|spd|1
|move|p1a: Sun God Koal|Stealth Rock|p2a: Raging Bolt
|-sidestart|p2: 10086qaz|move: Stealth Rock
|
|-weather|SunnyDay|[upkeep]
|upkeep
|turn|6
|
|t:|1757829413
|-terastallize|p1a: Sun God Koal|Ground
|move|p2a: Raging Bolt|Thunderbolt|p1a: Sun God Koal
|-immune|p1a: Sun God Koal
|move|p1a: Sun God Koal|Will-O-Wisp|p2a: Raging Bolt
|-status|p2a: Raging Bolt|brn
|
|-weather|SunnyDay|[upkeep]
|-damage|p2a: Raging Bolt|94/100 brn|[from] brn
|upkeep
|turn|7
|
|t:|1757829419
|switch|p1a: Hatterene|Hatterene, F|100/100
|move|p2a: Raging Bolt|Dragon Pulse|p1a: Hatterene
|-immune|p1a: Hatterene
|
|-weather|SunnyDay|[upkeep]
|-damage|p2a: Raging Bolt|88/100 brn|[from] brn
|upkeep
|turn|8
|
|t:|1757829430
|-terastallize|p2a: Raging Bolt|Fairy
|move|p2a: Raging Bolt|Thunderbolt|p1a: Hatterene
|-enditem|p1a: Hatterene|Focus Sash
|-damage|p1a: Hatterene|1/100
|move|p1a: Hatterene|Trick Room|p1a: Hatterene
|-fieldstart|move: Trick Room|[of] p1a: Hatterene
|
|-weather|none
|-end|p2a: Raging Bolt|Protosynthesis
|-damage|p2a: Raging Bolt|82/100 brn|[from] brn
|upkeep
|-enditem|p2a: Raging Bolt|Booster Energy
|-activate|p2a: Raging Bolt|ability: Protosynthesis|[fromitem]
|-start|p2a: Raging Bolt|protosynthesisspa
|turn|9
|
|t:|1757829447
|switch|p1a: Sun God Koal|Torkoal, F, tera:Ground|93/100
|-weather|SunnyDay|[from] ability: Drought|[of] p1a: Sun God Koal
|move|p2a: Raging Bolt|Thunderclap||[still]
|-fail|p2a: Raging Bolt
|
|-weather|SunnyDay|[upkeep]
|-damage|p2a: Raging Bolt|76/100 brn|[from] brn
|upkeep
|turn|10
|
|t:|1757829454
|move|p1a: Sun God Koal|Overheat|p2a: Raging Bolt
|-damage|p2a: Raging Bolt|34/100 brn
|-unboost|p1a: Sun God Koal|spa|2
|-enditem|p1a: Sun God Koal|Eject Pack
|
|t:|1757829458
|switch|p1a: Hatterene|Hatterene, F|1/100
|move|p2a: Raging Bolt|Dragon Pulse|p1a: Hatterene
|-immune|p1a: Hatterene
|
|-weather|SunnyDay|[upkeep]
|-damage|p2a: Raging Bolt|28/100 brn|[from] brn
|upkeep
|turn|11
|
|t:|1757829463
|move|p2a: Raging Bolt|Thunderclap|p1a: Hatterene
|-damage|p1a: Hatterene|0 fnt
|faint|p1a: Hatterene
|
|-weather|SunnyDay|[upkeep]
|-damage|p2a: Raging Bolt|22/100 brn|[from] brn
|upkeep
|
|t:|1757829465
|switch|p1a: Sun God Koal|Torkoal, F, tera:Ground|93/100
|turn|12
|
|t:|1757829469
|move|p1a: Sun God Koal|Solar Beam||[still]
|-prepare|p1a: Sun God Koal|Solar Beam
|-anim|p1a: Sun God Koal|Solar Beam|p2a: Raging Bolt
|-damage|p2a: Raging Bolt|5/100 brn
|move|p2a: Raging Bolt|Dragon Pulse|p1a: Sun God Koal
|-damage|p1a: Sun God Koal|0 fnt
|faint|p1a: Sun God Koal
|
|-weather|SunnyDay|[upkeep]
|-damage|p2a: Raging Bolt|0 fnt|[from] brn
|faint|p2a: Raging Bolt
|-end|p2a: Raging Bolt|Protosynthesis|[silent]
|-fieldend|move: Trick Room
|upkeep
|
|t:|1757829476
|switch|p2a: Cinderace|Cinderace, F|17/100
|switch|p1a: Walking Wake|Walking Wake|24/100
|-activate|p1a: Walking Wake|ability: Protosynthesis
|-start|p1a: Walking Wake|protosynthesisspe
|turn|13
|
|t:|1757829480
|switch|p2a: Ogerpon|Ogerpon-Wellspring, F|100/100
|-damage|p2a: Ogerpon|88/100|[from] Stealth Rock
|move|p1a: Walking Wake|Flamethrower|p2a: Ogerpon
|-damage|p2a: Ogerpon|5/100
|
|-weather|none
|-end|p1a: Walking Wake|Protosynthesis
|upkeep
|turn|14
|
|t:|1757829488
|-end|p1a: Walking Wake|Protosynthesis|[silent]
|switch|p1a: Corviknight|Corviknight, F|100/100
|move|p2a: Ogerpon|Horn Leech|p1a: Corviknight
|-resisted|p1a: Corviknight
|-damage|p1a: Corviknight|91/100
|-heal|p2a: Ogerpon|10/100|[from] drain|[of] p1a: Corviknight
|
|-heal|p1a: Corviknight|98/100|[from] item: Leftovers
|upkeep
|turn|15
|
|t:|1757829494
|move|p2a: Ogerpon|Ivy Cudgel|p1a: Corviknight|[anim] Ivy Cudgel Water
|-crit|p1a: Corviknight
|-damage|p1a: Corviknight|30/100
|move|p1a: Corviknight|Brave Bird|p2a: Ogerpon
|-supereffective|p2a: Ogerpon
|-damage|p2a: Ogerpon|0 fnt
|faint|p2a: Ogerpon
|-damage|p1a: Corviknight|28/100|[from] Recoil
|
|-heal|p1a: Corviknight|34/100|[from] item: Leftovers
|upkeep
|
|t:|1757829498
|switch|p2a: Cinderace|Cinderace, F|17/100
|turn|16
|
|t:|1757829502
|move|p2a: Cinderace|Court Change|p2a: Cinderace
|-start|p2a: Cinderace|typechange|Normal|[from] ability: Libero
|-swapsideconditions
|-activate|p2a: Cinderace|move: Court Change
|move|p1a: Corviknight|Brave Bird|p2a: Cinderace
|-damage|p2a: Cinderace|0 fnt
|faint|p2a: Cinderace
|-damage|p1a: Corviknight|29/100|[from] Recoil
|
|-heal|p1a: Corviknight|35/100|[from] item: Leftovers
|upkeep
|
|t:|1757829512
|switch|p2a: Scizor|Scizor, M|100/100
|turn|17
|
|t:|1757829514
|move|p1a: Corviknight|Defog|p2a: Scizor
|-unboost|p2a: Scizor|evasion|1
|-sideend|p1: Gym Leader Bert|Stealth Rock|[from] move: Defog|[of] p1a: Corviknight
|move|p2a: Scizor|Knock Off|p1a: Corviknight
|-damage|p1a: Corviknight|0 fnt
|-enditem|p1a: Corviknight|Leftovers|[from] move: Knock Off|[of] p2a: Scizor
|faint|p1a: Corviknight
|
|upkeep
|
|t:|1757829517
|switch|p1a: Walking Wake|Walking Wake|24/100
|turn|18
|
|t:|1757829521
|move|p1a: Walking Wake|Flamethrower|p2a: Scizor
|-supereffective|p2a: Scizor
|-damage|p2a: Scizor|0 fnt
|faint|p2a: Scizor
|
|upkeep
|
|t:|1757829524
|switch|p2a: Gholdengo|Gholdengo|100/100
|-item|p2a: Gholdengo|Air Balloon
|turn|19
|-message|10086qaz forfeited.
|
|win|Gym Leader Bert
|raw|Gym Leader Bert's rating: 1230 &rarr; <strong>1257</strong><br />(+27 for winning)
|raw|10086qaz's rating: 1251 &rarr; <strong>1224</strong><br />(-27 for losing)
|l|☆10086qaz
|player|p2|
|l|☆Gym Leader Bert
|player|p1|
