|j|☆Alethino
|j|☆wexleratlaw
|t:|1757900050
|gametype|singles
|player|p1|Alethino|1|1564
|player|p2|wexleratlaw|rika|1477
|gen|9
|tier|[Gen 9] OU
|rated|
|rule|HP Percentage Mod: HP is shown in percentages
|rule|Endless Battle Clause: Forcing endless battles is banned
|rule|Species Clause: Limit one of each Pokémon
|rule|OHKO Clause: OHKO moves are banned
|rule|Evasion Items Clause: Evasion items are banned
|rule|Evasion Moves Clause: Evasion moves are banned
|rule|Evasion Abilities Clause: Evasion abilities are banned
|rule|Sleep Moves Clause: Sleep-inducing moves are banned
|clearpoke
|poke|p1|Serperior, F|
|poke|p1|Primarina, M|
|poke|p1|Iron Treads|
|poke|p1|Scizor, F|
|poke|p1|Zamazenta-*|
|poke|p1|Tornadus-Therian, M|
|poke|p2|Pelipper, M|
|poke|p2|Barraskewda, F|
|poke|p2|Basculegion-F, F|
|poke|p2|Raging Bolt|
|poke|p2|Zapdos|
|poke|p2|Iron Treads|
|teampreview
|inactive|Battle timer is ON: inactive players will automatically lose when time's up. (requested by Alethino)
|inactive|Alethino has 120 seconds left.
|
|t:|1757900099
|teamsize|p1|6
|teamsize|p2|6
|start
|switch|p1a: Primarina|Primarina, M|100/100
|switch|p2a: Barraskewda|Barraskewda, F, shiny|100/100
|turn|1
|
|t:|1757900113
|move|p2a: Barraskewda|Poison Jab|p1a: Primarina
|-supereffective|p1a: Primarina
|-damage|p1a: Primarina|0 fnt
|faint|p1a: Primarina
|
|upkeep
|
|t:|1757900118
|switch|p1a: Scizor|Scizor, F|100/100
|turn|2
|
|t:|1757900130
|switch|p2a: Pelipper|Pelipper, M|100/100
|-weather|RainDance|[from] ability: Drizzle|[of] p2a: Pelipper
|move|p1a: Scizor|Knock Off|p2a: Pelipper
|-damage|p2a: Pelipper|60/100
|-enditem|p2a: Pelipper|Damp Rock|[from] move: Knock Off|[of] p1a: Scizor
|
|-weather|RainDance|[upkeep]
|upkeep
|turn|3
|
|t:|1757900148
|switch|p1a: Serperior|Serperior, F|100/100
|move|p2a: Pelipper|Weather Ball|p1a: Serperior
|-resisted|p1a: Serperior
|-damage|p1a: Serperior|70/100
|
|-weather|RainDance|[upkeep]
|upkeep
|turn|4
|
|t:|1757900164
|move|p1a: Serperior|Leaf Storm|p2a: Pelipper
|-damage|p2a: Pelipper|0 fnt
|-boost|p1a: Serperior|spa|2
|faint|p2a: Pelipper
|
|-weather|RainDance|[upkeep]
|upkeep
|
|t:|1757900179
|switch|p2a: Barraskewda|Barraskewda, F, shiny|100/100
|turn|5
|
|t:|1757900190
|-terastallize|p1a: Serperior|Water
|move|p2a: Barraskewda|Flip Turn|p1a: Serperior
|-resisted|p1a: Serperior
|-damage|p1a: Serperior|27/100
|inactive|wexleratlaw has 120 seconds left.
|
|t:|1757900201
|switch|p2a: Zapdos|Zapdos|100/100|[from] Flip Turn
|move|p1a: Serperior|Leaf Storm|p2a: Zapdos
|-resisted|p2a: Zapdos
|-damage|p2a: Zapdos|22/100
|-boost|p1a: Serperior|spa|2
|
|-weather|RainDance|[upkeep]
|upkeep
|turn|6
|inactive|wexleratlaw has 120 seconds left.
|
|t:|1757900219
|move|p1a: Serperior|Leaf Storm|p2a: Zapdos
|-resisted|p2a: Zapdos
|-damage|p2a: Zapdos|0 fnt
|-boost|p1a: Serperior|spa|2
|faint|p2a: Zapdos
|
|-weather|RainDance|[upkeep]
|upkeep
|
|t:|1757900223
|switch|p2a: Barraskewda|Barraskewda, F, shiny|100/100
|turn|7
|inactive|wexleratlaw has 120 seconds left.
|
|t:|1757900235
|switch|p1a: Scizor|Scizor, F|100/100
|move|p2a: Barraskewda|Flip Turn|p1a: Scizor
|-damage|p1a: Scizor|17/100
|inactive|wexleratlaw has 120 seconds left.
|
|t:|1757900240
|switch|p2a: Basculegion|Basculegion-F, F, shiny|100/100|[from] Flip Turn
|
|-weather|RainDance|[upkeep]
|upkeep
|turn|8
|inactive|wexleratlaw has 120 seconds left.
|
|t:|1757900254
|move|p1a: Scizor|Bullet Punch|p2a: Basculegion
|-resisted|p2a: Basculegion
|-damage|p2a: Basculegion|67/100
|move|p2a: Basculegion|Surf|p1a: Scizor
|-damage|p1a: Scizor|0 fnt
|faint|p1a: Scizor
|
|-weather|RainDance|[upkeep]
|upkeep
|
|t:|1757900262
|switch|p1a: Tornadus|Tornadus-Therian, M|100/100
|turn|9
|
|t:|1757900274
|move|p2a: Basculegion|Surf|p1a: Tornadus
|-damage|p1a: Tornadus|0 fnt
|faint|p1a: Tornadus
|
|-weather|none
|upkeep
|
|t:|1757900278
|switch|p1a: Serperior|Serperior, F, tera:Water|27/100
|turn|10
|
|t:|1757900290
|move|p1a: Serperior|Leaf Storm|p2a: Basculegion
|-supereffective|p2a: Basculegion
|-damage|p2a: Basculegion|0 fnt
|-boost|p1a: Serperior|spa|2
|faint|p2a: Basculegion
|
|upkeep
|
|t:|1757900297
|switch|p2a: Iron Treads|Iron Treads|100/100
|-enditem|p2a: Iron Treads|Booster Energy
|-activate|p2a: Iron Treads|ability: Quark Drive|[fromitem]
|-start|p2a: Iron Treads|quarkdrivespe
|turn|11
|
|t:|1757900311
|move|p2a: Iron Treads|Earthquake|p1a: Serperior
|-damage|p1a: Serperior|0 fnt
|faint|p1a: Serperior
|
|upkeep
|
|t:|1757900318
|switch|p1a: Zamazenta|Zamazenta|100/100
|-ability|p1a: Zamazenta|Dauntless Shield|boost
|-boost|p1a: Zamazenta|def|1
|turn|12
|
|t:|1757900331
|-end|p2a: Iron Treads|Quark Drive|[silent]
|switch|p2a: Barraskewda|Barraskewda, F, shiny|100/100
|move|p1a: Zamazenta|Iron Defense|p1a: Zamazenta
|-boost|p1a: Zamazenta|def|2
|
|upkeep
|turn|13
|
|t:|1757900352
|move|p1a: Zamazenta|Iron Defense|p1a: Zamazenta
|-boost|p1a: Zamazenta|def|2
|move|p2a: Barraskewda|Flip Turn|p1a: Zamazenta
|-damage|p1a: Zamazenta|90/100
|
|t:|1757900355
|switch|p2a: Raging Bolt|Raging Bolt|100/100|[from] Flip Turn
|-enditem|p2a: Raging Bolt|Booster Energy
|-activate|p2a: Raging Bolt|ability: Protosynthesis|[fromitem]
|-start|p2a: Raging Bolt|protosynthesisspa
|
|-heal|p1a: Zamazenta|96/100|[from] item: Leftovers
|upkeep
|turn|14
|inactive|wexleratlaw has 120 seconds left.
|
|t:|1757900382
|-terastallize|p2a: Raging Bolt|Fairy
|move|p1a: Zamazenta|Body Press|p2a: Raging Bolt
|-resisted|p2a: Raging Bolt
|-damage|p2a: Raging Bolt|44/100
|move|p2a: Raging Bolt|Dragon Pulse|p1a: Zamazenta
|-damage|p1a: Zamazenta|47/100
|
|-heal|p1a: Zamazenta|54/100|[from] item: Leftovers
|upkeep
|turn|15
|inactive|wexleratlaw has 120 seconds left.
|
|t:|1757900400
|move|p2a: Raging Bolt|Thunderclap|p1a: Zamazenta
|-damage|p1a: Zamazenta|8/100
|move|p1a: Zamazenta|Body Press|p2a: Raging Bolt
|-resisted|p2a: Raging Bolt
|-damage|p2a: Raging Bolt|0 fnt
|faint|p2a: Raging Bolt
|-end|p2a: Raging Bolt|Protosynthesis|[silent]
|
|-heal|p1a: Zamazenta|15/100|[from] item: Leftovers
|upkeep
|
|t:|1757900407
|switch|p2a: Barraskewda|Barraskewda, F, shiny|100/100
|turn|16
|
|t:|1757900418
|move|p1a: Zamazenta|Body Press|p2a: Barraskewda
|-damage|p2a: Barraskewda|0 fnt
|faint|p2a: Barraskewda
|
|-heal|p1a: Zamazenta|21/100|[from] item: Leftovers
|upkeep
|
|t:|1757900422
|switch|p2a: Iron Treads|Iron Treads|100/100
|turn|17
|c|☆wexleratlaw|gg
|inactive|wexleratlaw has 120 seconds left.
|
|t:|1757900434
|move|p1a: Zamazenta|Body Press|p2a: Iron Treads
|-supereffective|p2a: Iron Treads
|-damage|p2a: Iron Treads|0 fnt
|faint|p2a: Iron Treads
|-end|p2a: Iron Treads|Quark Drive|[silent]
|
|win|Alethino
|raw|Alethino's rating: 1564 &rarr; <strong>1579</strong><br />(+15 for winning)
|raw|wexleratlaw's rating: 1477 &rarr; <strong>1462</strong><br />(-15 for losing)
|l|☆wexleratlaw
|player|p2|
|c|☆Alethino|Gg
|l|☆Alethino
|player|p1|
