|j|☆Red Icigool
|j|☆Charle_phate
|t:|1757829195
|gametype|singles
|player|p1|Red Icigool|swimmerf-gen4|1330
|player|p2|Charle_phate|blue|1333
|gen|9
|tier|[Gen 9] OU
|rated|
|rule|HP Percentage Mod: HP is shown in percentages
|rule|Endless Battle Clause: Forcing endless battles is banned
|rule|Species Clause: Limit one of each Pokémon
|rule|OHKO Clause: OHKO moves are banned
|rule|Evasion Items Clause: Evasion items are banned
|rule|Evasion Moves Clause: Evasion moves are banned
|rule|Evasion Abilities Clause: Evasion abilities are banned
|rule|Sleep Moves Clause: Sleep-inducing moves are banned
|clearpoke
|poke|p1|Maushold-Four|
|poke|p1|Iron Moth|
|poke|p1|Scizor, F|
|poke|p1|Lokix, F|
|poke|p1|Primarina, F|
|poke|p1|Alomomola, M|
|poke|p2|Serperior, F|
|poke|p2|Rotom-Wash|
|poke|p2|Zapdos|
|poke|p2|Heatran, M|
|poke|p2|Clefable, F|
|poke|p2|Landorus-Therian, M|
|teampreview
|inactive|Battle timer is ON: inactive players will automatically lose when time's up. (requested by Charle_phate)
|
|t:|1757829216
|teamsize|p1|6
|teamsize|p2|6
|start
|switch|p1a: HHA|Iron Moth, shiny|100/100
|switch|p2a: Rotom|Rotom-Wash|100/100
|-enditem|p1a: HHA|Booster Energy
|-activate|p1a: HHA|ability: Quark Drive|[fromitem]
|-start|p1a: HHA|quarkdrivespe
|turn|1
|
|t:|1757829223
|move|p1a: HHA|Sludge Wave|p2a: Rotom
|-damage|p2a: Rotom|38/100
|move|p2a: Rotom|Thunder Wave|p1a: HHA
|-status|p1a: HHA|par
|
|-heal|p2a: Rotom|44/100|[from] item: Leftovers
|upkeep
|turn|2
|
|t:|1757829229
|cant|p1a: HHA|par
|move|p2a: Rotom|Pain Split|p1a: HHA
|-sethp|p1a: HHA|66/100 par|[from] move: Pain Split|[silent]
|-sethp|p2a: Rotom|91/100|[from] move: Pain Split
|
|-heal|p2a: Rotom|97/100|[from] item: Leftovers
|upkeep
|turn|3
|c|☆Red Icigool|this miss cliclll
|
|t:|1757829240
|move|p1a: HHA|Dazzling Gleam|p2a: Rotom
|-damage|p2a: Rotom|62/100
|move|p2a: Rotom|Hydro Pump|p1a: HHA
|-supereffective|p1a: HHA
|-damage|p1a: HHA|0 fnt
|faint|p1a: HHA
|-end|p1a: HHA|Quark Drive|[silent]
|
|-heal|p2a: Rotom|69/100|[from] item: Leftovers
|upkeep
|
|t:|1757829248
|switch|p1a: Delta|Lokix, F, shiny|100/100
|turn|4
|
|t:|1757829257
|switch|p2a: Heatran|Heatran, M|100/100
|-terastallize|p1a: Delta|Bug
|move|p1a: Delta|First Impression|p2a: Heatran
|-resisted|p2a: Heatran
|-damage|p2a: Heatran|68/100
|
|-heal|p2a: Heatran|74/100|[from] item: Leftovers
|upkeep
|turn|5
|
|t:|1757829280
|switch|p1a: Draco|Alomomola, M|100/100
|move|p2a: Heatran|Substitute|p2a: Heatran
|-start|p2a: Heatran|Substitute
|-damage|p2a: Heatran|49/100
|
|-heal|p2a: Heatran|55/100|[from] item: Leftovers
|upkeep
|turn|6
|
|t:|1757829285
|move|p2a: Heatran|Ancient Power|p1a: Draco
|-damage|p1a: Draco|79/100
|move|p1a: Draco|Wish|p1a: Draco
|
|-heal|p2a: Heatran|62/100|[from] item: Leftovers
|-heal|p1a: Draco|85/100|[from] item: Leftovers
|upkeep
|turn|7
|
|t:|1757829290
|move|p2a: Heatran|Ancient Power|p1a: Draco
|-damage|p1a: Draco|65/100
|move|p1a: Draco|Flip Turn|p2a: Heatran
|-supereffective|p2a: Heatran
|-end|p2a: Heatran|Substitute
|
|t:|1757829300
|switch|p1a: Salah|Maushold-Four, shiny|100/100|[from] Flip Turn
|
|-heal|p2a: Heatran|68/100|[from] item: Leftovers
|upkeep
|turn|8
|
|t:|1757829307
|move|p1a: Salah|Tidy Up|p1a: Salah
|-boost|p1a: Salah|atk|1
|-boost|p1a: Salah|spe|1
|move|p2a: Heatran|Lava Plume|p1a: Salah
|-damage|p1a: Salah|49/100
|
|-heal|p2a: Heatran|74/100|[from] item: Leftovers
|upkeep
|turn|9
|
|t:|1757829313
|move|p1a: Salah|Population Bomb|p2a: Heatran|[miss]
|-miss|p1a: Salah|p2a: Heatran
|move|p2a: Heatran|Ancient Power|p1a: Salah
|-damage|p1a: Salah|21/100
|
|-heal|p2a: Heatran|80/100|[from] item: Leftovers
|upkeep
|turn|10
|
|t:|1757829321
|move|p1a: Salah|Encore|p2a: Heatran
|-start|p2a: Heatran|Encore
|move|p2a: Heatran|Ancient Power|p1a: Salah
|-damage|p1a: Salah|0 fnt
|faint|p1a: Salah
|
|-heal|p2a: Heatran|87/100|[from] item: Leftovers
|upkeep
|
|t:|1757829324
|switch|p1a: Kita|Scizor, F, shiny|100/100
|turn|11
|
|t:|1757829326
|move|p2a: Heatran|Ancient Power|p1a: Kita
|-damage|p1a: Kita|79/100
|move|p1a: Kita|Close Combat|p2a: Heatran
|-supereffective|p2a: Heatran
|-damage|p2a: Heatran|7/100
|-unboost|p1a: Kita|def|1
|-unboost|p1a: Kita|spd|1
|
|-heal|p2a: Heatran|13/100|[from] item: Leftovers
|-heal|p1a: Kita|85/100|[from] item: Leftovers
|upkeep
|turn|12
|
|t:|1757829332
|switch|p2a: Zapdos|Zapdos|100/100
|move|p1a: Kita|Bullet Punch|p2a: Zapdos
|-resisted|p2a: Zapdos
|-damage|p2a: Zapdos|85/100
|
|-heal|p2a: Zapdos|91/100|[from] item: Leftovers
|-heal|p1a: Kita|91/100|[from] item: Leftovers
|upkeep
|turn|13
|
|t:|1757829345
|switch|p1a: Delta|Lokix, F, shiny, tera:Bug|100/100
|move|p2a: Zapdos|Discharge|p1a: Delta
|-damage|p1a: Delta|31/100
|
|-heal|p2a: Zapdos|98/100|[from] item: Leftovers
|upkeep
|turn|14
|
|t:|1757829353
|move|p1a: Delta|Knock Off|p2a: Zapdos
|-damage|p2a: Zapdos|39/100
|-enditem|p2a: Zapdos|Leftovers|[from] move: Knock Off|[of] p1a: Delta
|move|p2a: Zapdos|Ancient Power|p1a: Delta
|-supereffective|p1a: Delta
|-crit|p1a: Delta
|-damage|p1a: Delta|0 fnt
|faint|p1a: Delta
|
|upkeep
|
|t:|1757829359
|switch|p1a: Kita|Scizor, F, shiny|91/100
|turn|15
|inactive|Charle_phate has 120 seconds left.
|
|t:|1757829395
|move|p2a: Zapdos|Roost|p2a: Zapdos
|-heal|p2a: Zapdos|89/100
|-singleturn|p2a: Zapdos|move: Roost
|move|p1a: Kita|Swords Dance|p1a: Kita
|-boost|p1a: Kita|atk|2
|
|-heal|p1a: Kita|97/100|[from] item: Leftovers
|upkeep
|turn|16
|
|t:|1757829416
|move|p2a: Zapdos|Heat Wave|p1a: Kita
|-supereffective|p1a: Kita
|-crit|p1a: Kita
|-damage|p1a: Kita|0 fnt
|faint|p1a: Kita
|
|upkeep
|
|t:|1757829420
|switch|p1a: Chara|Primarina, F, shiny|100/100
|turn|17
|c|☆Red Icigool|gg
|
|t:|1757829425
|move|p2a: Zapdos|Discharge|p1a: Chara
|-supereffective|p1a: Chara
|-crit|p1a: Chara
|-damage|p1a: Chara|34/100
|move|p1a: Chara|Surf|p2a: Zapdos
|-damage|p2a: Zapdos|36/100
|
|upkeep
|turn|18
|-message|Red Icigool forfeited.
|
|win|Charle_phate
|raw|Red Icigool's rating: 1330 &rarr; <strong>1311</strong><br />(-19 for losing)
|raw|Charle_phate's rating: 1350 &rarr; <strong>1369</strong><br />(+19 for winning)
|l|☆Red Icigool
|player|p1|
|l|☆Charle_phate
|player|p2|
