|j|☆Aimsss
|j|☆Kayanne97
|t:|1757925738
|gametype|singles
|player|p1|Aimsss|policeman-gen4|1418
|player|p2|Kayanne97|rosa|1509
|gen|9
|tier|[Gen 9] OU
|rated|
|rule|HP Percentage Mod: HP is shown in percentages
|rule|Endless Battle Clause: Forcing endless battles is banned
|rule|Species Clause: Limit one of each Pokémon
|rule|OHKO Clause: OHKO moves are banned
|rule|Evasion Items Clause: Evasion items are banned
|rule|Evasion Moves Clause: Evasion moves are banned
|rule|Evasion Abilities Clause: Evasion abilities are banned
|rule|Sleep Moves Clause: Sleep-inducing moves are banned
|clearpoke
|poke|p1|Dragapult, M|
|poke|p1|Kingambit, F|
|poke|p1|Hawlucha, M|
|poke|p1|Glimmora, F|
|poke|p1|Chesnaught, F|
|poke|p1|Gallade, M|
|poke|p2|Deoxys-Speed|
|poke|p2|Araquanid, M|
|poke|p2|Great Tusk|
|poke|p2|Gholdengo|
|poke|p2|Enamorus, F|
|poke|p2|Iron Moth|
|teampreview
|inactive|Battle timer is ON: inactive players will automatically lose when time's up. (requested by Kayanne97)
|
|t:|1757925742
|teamsize|p1|6
|teamsize|p2|6
|start
|switch|p1a: Chesnaught|Chesnaught, F|100/100
|switch|p2a: Chemin d'or|Araquanid, M|100/100
|turn|1
|
|t:|1757925748
|move|p1a: Chesnaught|Belly Drum|p1a: Chesnaught
|-damage|p1a: Chesnaught|50/100
|-setboost|p1a: Chesnaught|atk|6|[from] move: Belly Drum
|-enditem|p1a: Chesnaught|Sitrus Berry|[eat]
|-heal|p1a: Chesnaught|75/100|[from] item: Sitrus Berry
|move|p2a: Chemin d'or|Sticky Web|p1a: Chesnaught
|-sidestart|p1: Aimsss|move: Sticky Web
|
|upkeep
|turn|2
|
|t:|1757925758
|move|p1a: Chesnaught|Drain Punch|p2a: Chemin d'or
|-resisted|p2a: Chemin d'or
|-damage|p2a: Chemin d'or|48/100
|-heal|p1a: Chesnaught|99/100|[from] drain|[of] p2a: Chemin d'or
|-enditem|p2a: Chemin d'or|Red Card|[of] p1a: Chesnaught
|drag|p1a: Glimmora|Glimmora, F|100/100
|-item|p1a: Glimmora|Air Balloon
|move|p2a: Chemin d'or|Bug Buzz|p1a: Glimmora
|-resisted|p1a: Glimmora
|-damage|p1a: Glimmora|89/100
|-enditem|p1a: Glimmora|Air Balloon
|
|upkeep
|turn|3
|
|t:|1757925771
|move|p1a: Glimmora|Stealth Rock|p2a: Chemin d'or
|-sidestart|p2: Kayanne97|move: Stealth Rock
|move|p2a: Chemin d'or|Surf|p1a: Glimmora
|-supereffective|p1a: Glimmora
|-damage|p1a: Glimmora|0 fnt
|faint|p1a: Glimmora
|
|upkeep
|
|t:|1757925779
|switch|p1a: Kingambit|Kingambit, F|100/100
|-activate|p1a: Kingambit|move: Sticky Web
|-unboost|p1a: Kingambit|spe|1
|-ability|p1a: Kingambit|Defiant|boost
|-boost|p1a: Kingambit|atk|2
|turn|4
|
|t:|1757925788
|move|p2a: Chemin d'or|Surf|p1a: Kingambit
|-damage|p1a: Kingambit|50/100
|move|p1a: Kingambit|Iron Head|p2a: Chemin d'or
|-resisted|p2a: Chemin d'or
|-damage|p2a: Chemin d'or|3/100
|
|upkeep
|turn|5
|
|t:|1757925795
|move|p1a: Kingambit|Sucker Punch||[still]
|-fail|p1a: Kingambit
|move|p2a: Chemin d'or|Scary Face|p1a: Kingambit
|-unboost|p1a: Kingambit|spe|2
|-ability|p1a: Kingambit|Defiant|boost
|-boost|p1a: Kingambit|atk|2
|
|upkeep
|turn|6
|
|t:|1757925804
|move|p2a: Chemin d'or|Surf|p1a: Kingambit
|-damage|p1a: Kingambit|4/100
|move|p1a: Kingambit|Substitute|p1a: Kingambit
|-fail|p1a: Kingambit|move: Substitute|[weak]
|
|upkeep
|turn|7
|
|t:|1757925810
|move|p1a: Kingambit|Sucker Punch||[still]
|-fail|p1a: Kingambit
|move|p2a: Chemin d'or|Sticky Web||[still]
|-fail|p2a: Chemin d'or
|
|upkeep
|turn|8
|
|t:|1757925818
|move|p1a: Kingambit|Sucker Punch||[still]
|-fail|p1a: Kingambit
|move|p2a: Chemin d'or|Sticky Web||[still]
|-fail|p2a: Chemin d'or
|
|upkeep
|turn|9
|
|t:|1757925826
|move|p2a: Chemin d'or|Sticky Web||[still]
|-fail|p2a: Chemin d'or
|move|p1a: Kingambit|Iron Head|p2a: Chemin d'or
|-resisted|p2a: Chemin d'or
|-damage|p2a: Chemin d'or|0 fnt
|faint|p2a: Chemin d'or
|
|upkeep
|
|t:|1757925847
|switch|p2a: Rude Boy|Great Tusk|100/100
|-damage|p2a: Rude Boy|97/100|[from] Stealth Rock
|-enditem|p2a: Rude Boy|Booster Energy
|-activate|p2a: Rude Boy|ability: Protosynthesis|[fromitem]
|-start|p2a: Rude Boy|protosynthesisatk
|turn|10
|
|t:|1757925853
|move|p2a: Rude Boy|Rapid Spin|p1a: Kingambit
|-resisted|p1a: Kingambit
|-crit|p1a: Kingambit
|-damage|p1a: Kingambit|0 fnt
|-boost|p2a: Rude Boy|spe|1
|-sideend|p2: Kayanne97|Stealth Rock|[from] move: Rapid Spin|[of] p2a: Rude Boy
|faint|p1a: Kingambit
|
|upkeep
|
|t:|1757925861
|switch|p1a: Chesnaught|Chesnaught, F|99/100
|-activate|p1a: Chesnaught|move: Sticky Web
|-unboost|p1a: Chesnaught|spe|1
|turn|11
|
|t:|1757925867
|move|p2a: Rude Boy|Ice Spinner|p1a: Chesnaught
|-supereffective|p1a: Chesnaught
|-damage|p1a: Chesnaught|49/100
|move|p1a: Chesnaught|Leech Seed|p2a: Rude Boy
|-start|p2a: Rude Boy|move: Leech Seed
|
|-damage|p2a: Rude Boy|85/100|[from] Leech Seed|[of] p1a: Chesnaught
|-heal|p1a: Chesnaught|62/100|[silent]
|upkeep
|turn|12
|
|t:|1757925876
|move|p2a: Rude Boy|Ice Spinner|p1a: Chesnaught
|-supereffective|p1a: Chesnaught
|-damage|p1a: Chesnaught|13/100
|move|p1a: Chesnaught|Drain Punch|p2a: Rude Boy
|-damage|p2a: Rude Boy|65/100
|-heal|p1a: Chesnaught|23/100|[from] drain|[of] p2a: Rude Boy
|
|-damage|p2a: Rude Boy|53/100|[from] Leech Seed|[of] p1a: Chesnaught
|-heal|p1a: Chesnaught|36/100|[silent]
|upkeep
|turn|13
|
|t:|1757925886
|move|p2a: Rude Boy|Ice Spinner|p1a: Chesnaught
|-supereffective|p1a: Chesnaught
|-damage|p1a: Chesnaught|0 fnt
|faint|p1a: Chesnaught
|
|upkeep
|
|t:|1757925892
|switch|p1a: Dragapult|Dragapult, M|100/100
|turn|14
|
|t:|1757925896
|move|p2a: Rude Boy|Ice Spinner|p1a: Dragapult
|-supereffective|p1a: Dragapult
|-damage|p1a: Dragapult|0 fnt
|faint|p1a: Dragapult
|
|upkeep
|
|t:|1757925904
|switch|p1a: Gallade|Gallade, M, shiny|100/100
|-activate|p1a: Gallade|move: Sticky Web
|-unboost|p1a: Gallade|spe|1
|turn|15
|
|t:|1757925911
|move|p2a: Rude Boy|Headlong Rush|p1a: Gallade
|-damage|p1a: Gallade|0 fnt
|-unboost|p2a: Rude Boy|def|1
|-unboost|p2a: Rude Boy|spd|1
|faint|p1a: Gallade
|
|upkeep
|
|t:|1757925917
|switch|p1a: Hawlucha|Hawlucha, M|100/100
|turn|16
|
|t:|1757925921
|-terastallize|p1a: Hawlucha|Steel
|move|p2a: Rude Boy|Ice Spinner|p1a: Hawlucha
|-resisted|p1a: Hawlucha
|-damage|p1a: Hawlucha|76/100
|-enditem|p1a: Hawlucha|Red Card|[of] p2a: Rude Boy
|-end|p2a: Rude Boy|Protosynthesis|[silent]
|drag|p2a: Laboratoire|Deoxys-Speed|100/100
|-ability|p2a: Laboratoire|Pressure
|move|p1a: Hawlucha|Swords Dance|p1a: Hawlucha
|-boost|p1a: Hawlucha|atk|2
|
|upkeep
|turn|17
|
|t:|1757925934
|move|p1a: Hawlucha|Acrobatics|p2a: Laboratoire
|-damage|p2a: Laboratoire|0 fnt
|faint|p2a: Laboratoire
|
|upkeep
|
|t:|1757925945
|switch|p2a: Ciao|Iron Moth|100/100
|-enditem|p2a: Ciao|Booster Energy
|-activate|p2a: Ciao|ability: Quark Drive|[fromitem]
|-start|p2a: Ciao|quarkdrivespa
|turn|18
|
|t:|1757925951
|move|p1a: Hawlucha|Acrobatics|p2a: Ciao
|-damage|p2a: Ciao|0 fnt
|faint|p2a: Ciao
|-end|p2a: Ciao|Quark Drive|[silent]
|
|upkeep
|
|t:|1757925959
|switch|p2a: Millionaire|Gholdengo|100/100
|-item|p2a: Millionaire|Air Balloon
|turn|19
|
|t:|1757925966
|move|p1a: Hawlucha|Acrobatics|p2a: Millionaire
|-resisted|p2a: Millionaire
|-damage|p2a: Millionaire|43/100
|-enditem|p2a: Millionaire|Air Balloon
|move|p2a: Millionaire|Focus Blast|p1a: Hawlucha
|-supereffective|p1a: Hawlucha
|-damage|p1a: Hawlucha|0 fnt
|faint|p1a: Hawlucha
|
|win|Kayanne97
|raw|Aimsss's rating: 1418 &rarr; <strong>1403</strong><br />(-15 for losing)
|raw|Kayanne97's rating: 1509 &rarr; <strong>1524</strong><br />(+15 for winning)
|l|☆Aimsss
|player|p1|
|l|☆Kayanne97
|player|p2|
