|j|☆aiden022688
|j|☆frogeh
|inactive|Battle timer is ON: inactive players will automatically lose when time's up.
|t:|1757794599
|gametype|singles
|player|p1|aiden022688|101|
|player|p2|frogeh|red|
|gen|9
|tier|[Gen 9] OU
|rated|Tournament battle
|rule|HP Percentage Mod: HP is shown in percentages
|rule|Endless Battle Clause: Forcing endless battles is banned
|rule|Species Clause: Limit one of each Pokémon
|rule|OHKO Clause: OHKO moves are banned
|rule|Evasion Items Clause: Evasion items are banned
|rule|Evasion Moves Clause: Evasion moves are banned
|rule|Evasion Abilities Clause: Evasion abilities are banned
|rule|Sleep Moves Clause: Sleep-inducing moves are banned
|raw|<div class="infobox"><details class="readmore" open><summary><strong>1 custom rule:</strong></summary> -wobbuffet</details></div>
|clearpoke
|poke|p1|Torterra, M|
|poke|p1|Empoleon, M|
|poke|p1|Gligar, M|
|poke|p2|Leavanny, F|
|poke|p2|Dragapult, M|
|poke|p2|Slugma, M|
|teampreview
|j|*Lady Monita ☀
|inactive|aiden022688 also wants the timer to be on.
|j| domad4444
|l| domad4444
|
|t:|1757794612
|teamsize|p1|3
|teamsize|p2|3
|start
|switch|p1a: Big guy|Torterra, M|100/100
|switch|p2a: Slugma|Slugma, M|100/100
|turn|1
|
|t:|1757794617
|move|p1a: Big guy|Shell Smash|p1a: Big guy
|-unboost|p1a: Big guy|def|1
|-unboost|p1a: Big guy|spd|1
|-boost|p1a: Big guy|atk|2
|-boost|p1a: Big guy|spa|2
|-boost|p1a: Big guy|spe|2
|move|p2a: Slugma|Lava Plume|p1a: Big guy
|-supereffective|p1a: Big guy
|-enditem|p1a: Big guy|Focus Sash
|-damage|p1a: Big guy|1/100
|
|upkeep
|turn|2
|
|t:|1757794629
|move|p1a: Big guy|Headlong Rush|p2a: Slugma
|-supereffective|p2a: Slugma
|-damage|p2a: Slugma|0 fnt
|-unboost|p1a: Big guy|def|1
|-unboost|p1a: Big guy|spd|1
|-status|p1a: Big guy|brn|[from] ability: Flame Body|[of] p2a: Slugma
|faint|p2a: Slugma
|
|-damage|p1a: Big guy|0 fnt|[from] brn
|faint|p1a: Big guy
|upkeep
|
|t:|1757794639
|switch|p1a: Glider|Gligar, M|100/100
|switch|p2a: Leavanny|Leavanny, F|100/100
|turn|3
|
|t:|1757794645
|move|p2a: Leavanny|Knock Off|p1a: Glider
|-damage|p1a: Glider|87/100
|-enditem|p1a: Glider|Eviolite|[from] move: Knock Off|[of] p2a: Leavanny
|move|p1a: Glider|Dual Wingbeat|p2a: Leavanny
|-supereffective|p2a: Leavanny
|-damage|p2a: Leavanny|35/100
|-supereffective|p2a: Leavanny
|-damage|p2a: Leavanny|0 fnt
|faint|p2a: Leavanny
|-hitcount|p2: Leavanny|2
|
|upkeep
|
|t:|1757794650
|switch|p2a: Dragapult|Dragapult, M|100/100
|turn|4
|
|t:|1757794653
|-terastallize|p2a: Dragapult|Ghost
|move|p2a: Dragapult|Tera Blast|p1a: Glider|[anim] Tera Blast Ghost
|-damage|p1a: Glider|27/100
|move|p1a: Glider|Toxic|p2a: Dragapult
|-status|p2a: Dragapult|tox
|
|-damage|p2a: Dragapult|95/100 tox|[from] psn
|upkeep
|turn|5
|
|t:|1757794661
|move|p2a: Dragapult|Tera Blast|p1a: Glider|[anim] Tera Blast Ghost
|-damage|p1a: Glider|0 fnt
|faint|p1a: Glider
|
|-damage|p2a: Dragapult|83/100 tox|[from] psn
|upkeep
|
|t:|1757794664
|switch|p1a: Poseiden|Empoleon, M|100/100
|turn|6
|
|t:|1757794670
|-terastallize|p1a: Poseiden|Flying
|move|p2a: Dragapult|Tera Blast|p1a: Poseiden|[anim] Tera Blast Ghost
|-damage|p1a: Poseiden|25/100
|move|p1a: Poseiden|Flash Cannon|p2a: Dragapult
|-damage|p2a: Dragapult|0 fnt
|faint|p2a: Dragapult
|
|win|aiden022688
|n|☆aiden022688|aiden022688
|n|☆frogeh|frogeh
|n|*Lady Monita ☀|ladymonita
