|j|☆lailah.207
|j|☆Neothedark09
|t:|1757927607
|gametype|singles
|player|p1|lailah.207|101|1084
|player|p2|Neothedark09|bellelba|1078
|gen|9
|tier|[Gen 9] OU
|rated|
|rule|HP Percentage Mod: HP is shown in percentages
|rule|Endless Battle Clause: Forcing endless battles is banned
|rule|Species Clause: Limit one of each Pokémon
|rule|OHKO Clause: OHKO moves are banned
|rule|Evasion Items Clause: Evasion items are banned
|rule|Evasion Moves Clause: Evasion moves are banned
|rule|Evasion Abilities Clause: Evasion abilities are banned
|rule|Sleep Moves Clause: Sleep-inducing moves are banned
|clearpoke
|poke|p1|Torkoal, F|
|poke|p1|Leafeon, F|
|poke|p1|Umbreon, F|
|poke|p1|Skeledirge, F|
|poke|p1|Kingambit, M|
|poke|p1|Scizor, M|
|poke|p2|Duraludon, M|
|poke|p2|Iron Crown|
|poke|p2|Cloyster, F|
|poke|p2|Braviary-Hisui, M|
|poke|p2|Scizor, F|
|poke|p2|Dragapult, F|
|teampreview
|j| hei_mao666
|
|t:|1757927612
|teamsize|p1|6
|teamsize|p2|6
|start
|switch|p1a: Skeledirge|Skeledirge, F|100/100
|switch|p2a: Iron Crown|Iron Crown|100/100
|-enditem|p2a: Iron Crown|Booster Energy
|-activate|p2a: Iron Crown|ability: Quark Drive|[fromitem]
|-start|p2a: Iron Crown|quarkdrivespa
|turn|1
|
|t:|1757927621
|move|p2a: Iron Crown|Tachyon Cutter|p1a: Skeledirge
|-resisted|p1a: Skeledirge
|-damage|p1a: Skeledirge|80/100
|-resisted|p1a: Skeledirge
|-damage|p1a: Skeledirge|59/100
|-hitcount|p1a: Skeledirge|2
|move|p1a: Skeledirge|Torch Song|p2a: Iron Crown
|-supereffective|p2a: Iron Crown
|-damage|p2a: Iron Crown|16/100
|-boost|p1a: Skeledirge|spa|1
|
|-heal|p1a: Skeledirge|65/100|[from] item: Leftovers
|upkeep
|turn|2
|
|t:|1757927632
|move|p2a: Iron Crown|Psychic|p1a: Skeledirge
|-damage|p1a: Skeledirge|0 fnt
|faint|p1a: Skeledirge
|
|upkeep
|
|t:|1757927639
|switch|p1a: Scizor|Scizor, M|100/100
|turn|3
|
|t:|1757927645
|move|p1a: Scizor|Bullet Punch|p2a: Iron Crown
|-resisted|p2a: Iron Crown
|-damage|p2a: Iron Crown|0 fnt
|faint|p2a: Iron Crown
|-end|p2a: Iron Crown|Quark Drive|[silent]
|
|upkeep
|
|t:|1757927662
|switch|p2a: Dragapult|Dragapult, F|100/100
|turn|4
|inactive|Battle timer is ON: inactive players will automatically lose when time's up. (requested by Neothedark09)
|
|t:|1757927682
|switch|p1a: Torkoal|Torkoal, F|100/100
|-weather|SunnyDay|[from] ability: Drought|[of] p1a: Torkoal
|-terastallize|p2a: Dragapult|Dragon
|move|p2a: Dragapult|Dragon Darts|p1a: Torkoal
|-damage|p1a: Torkoal|74/100
|-anim|p2a: Dragapult|Dragon Darts|p1a: Torkoal
|-damage|p1a: Torkoal|49/100
|-damage|p2a: Dragapult|91/100|[from] item: Life Orb
|
|-weather|SunnyDay|[upkeep]
|upkeep
|turn|5
|
|t:|1757927695
|move|p2a: Dragapult|Dragon Darts|p1a: Torkoal
|-damage|p1a: Torkoal|23/100
|-anim|p2a: Dragapult|Dragon Darts|p1a: Torkoal
|-damage|p1a: Torkoal|0 fnt
|faint|p1a: Torkoal
|-damage|p2a: Dragapult|81/100|[from] item: Life Orb
|
|-weather|SunnyDay|[upkeep]
|upkeep
|
|t:|1757927699
|switch|p1a: Leafeon|Leafeon, F|100/100
|turn|6
|
|t:|1757927705
|move|p1a: Leafeon|Swords Dance|p1a: Leafeon
|-boost|p1a: Leafeon|atk|2
|move|p2a: Dragapult|Dragon Claw|p1a: Leafeon
|-damage|p1a: Leafeon|31/100
|-damage|p2a: Dragapult|71/100|[from] item: Life Orb
|
|-weather|SunnyDay|[upkeep]
|upkeep
|turn|7
|
|t:|1757927713
|move|p1a: Leafeon|Knock Off|p2a: Dragapult
|-damage|p2a: Dragapult|0 fnt
|-enditem|p2a: Dragapult|Life Orb|[from] move: Knock Off|[of] p1a: Leafeon
|faint|p2a: Dragapult
|
|-weather|SunnyDay|[upkeep]
|upkeep
|
|t:|1757927719
|switch|p2a: Scizor|Scizor, F|100/100
|turn|8
|
|t:|1757927730
|-terastallize|p1a: Leafeon|Fire
|move|p1a: Leafeon|Tera Blast|p2a: Scizor|[anim] Tera Blast Fire
|-supereffective|p2a: Scizor
|-damage|p2a: Scizor|0 fnt
|faint|p2a: Scizor
|
|-weather|SunnyDay|[upkeep]
|upkeep
|-message|Neothedark09 forfeited.
|
|win|lailah.207
|raw|lailah.207's rating: 1084 &rarr; <strong>1111</strong><br />(+27 for winning)
|raw|Neothedark09's rating: 1078 &rarr; <strong>1057</strong><br />(-21 for losing)
|l|☆Neothedark09
|player|p2|
|l| hei_mao666
