|j|☆justliam
|j|☆Lord Spink
|t:|1757899758
|gametype|singles
|player|p1|justliam|rocketgrunt|1465
|player|p2|Lord Spink|169|1383
|gen|9
|tier|[Gen 9] OU
|rated|
|rule|HP Percentage Mod: HP is shown in percentages
|rule|Endless Battle Clause: Forcing endless battles is banned
|rule|Species Clause: Limit one of each Pokémon
|rule|OHKO Clause: OHKO moves are banned
|rule|Evasion Items Clause: Evasion items are banned
|rule|Evasion Moves Clause: Evasion moves are banned
|rule|Evasion Abilities Clause: Evasion abilities are banned
|rule|Sleep Moves Clause: Sleep-inducing moves are banned
|clearpoke
|poke|p1|Landorus-Therian, M|
|poke|p1|Corviknight, F|
|poke|p1|Samurott-Hisui, F|
|poke|p1|Hatterene, F|
|poke|p1|Dragapult, F|
|poke|p1|Gholdengo|
|poke|p2|Vikavolt, F|
|poke|p2|Arcanine, M|
|poke|p2|Glimmora, F|
|poke|p2|Garchomp, F|
|poke|p2|Quaquaval, F|
|poke|p2|Wo-Chien|
|teampreview
|inactive|Battle timer is ON: inactive players will automatically lose when time's up. (requested by Lord Spink)
|
|t:|1757899774
|teamsize|p1|6
|teamsize|p2|6
|start
|switch|p1a: Landorus|Landorus-Therian, M|100/100
|switch|p2a: Quaquaval|Quaquaval, F|100/100
|-ability|p1a: Landorus|Intimidate|boost
|-unboost|p2a: Quaquaval|atk|1
|turn|1
|
|t:|1757899782
|switch|p1a: Corviknight|Corviknight, F|100/100
|-ability|p1a: Corviknight|Pressure
|move|p2a: Quaquaval|U-turn|p1a: Corviknight
|-resisted|p1a: Corviknight
|-damage|p1a: Corviknight|98/100
|-damage|p2a: Quaquaval|84/100|[from] item: Rocky Helmet|[of] p1a: Corviknight
|
|t:|1757899793
|switch|p2a: Glimmora|Glimmora, F|100/100|[from] U-turn
|
|upkeep
|turn|2
|
|t:|1757899807
|move|p2a: Glimmora|Power Gem|p1a: Corviknight
|-damage|p1a: Corviknight|35/100
|move|p1a: Corviknight|Body Press|p2a: Glimmora
|-damage|p2a: Glimmora|67/100
|-activate|p2a: Glimmora|ability: Toxic Debris
|-sidestart|p1: justliam|move: Toxic Spikes
|
|upkeep
|turn|3
|
|t:|1757899821
|switch|p1a: Landorus|Landorus-Therian, M|100/100
|-ability|p1a: Landorus|Intimidate|boost
|-unboost|p2a: Glimmora|atk|1
|move|p2a: Glimmora|Power Gem|p1a: Landorus
|-damage|p1a: Landorus|37/100
|
|-heal|p1a: Landorus|43/100|[from] item: Leftovers
|upkeep
|turn|4
|
|t:|1757899837
|switch|p2a: Garchomp|Garchomp, F|100/100
|move|p1a: Landorus|Stealth Rock|p2a: Garchomp
|-sidestart|p2: Lord Spink|move: Stealth Rock
|
|-heal|p1a: Landorus|49/100|[from] item: Leftovers
|upkeep
|turn|5
|
|t:|1757899847
|move|p1a: Landorus|Earthquake|p2a: Garchomp
|-damage|p2a: Garchomp|73/100
|move|p2a: Garchomp|Earthquake|p1a: Landorus
|-immune|p1a: Landorus
|
|-heal|p1a: Landorus|55/100|[from] item: Leftovers
|upkeep
|turn|6
|
|t:|1757899855
|move|p1a: Landorus|Taunt|p2a: Garchomp
|-start|p2a: Garchomp|move: Taunt
|cant|p2a: Garchomp|move: Taunt|Stealth Rock
|
|-heal|p1a: Landorus|61/100|[from] item: Leftovers
|upkeep
|turn|7
|
|t:|1757899874
|move|p1a: Landorus|Earthquake|p2a: Garchomp
|-damage|p2a: Garchomp|46/100
|move|p2a: Garchomp|Draco Meteor|p1a: Landorus
|-damage|p1a: Landorus|19/100
|-unboost|p2a: Garchomp|spa|2
|
|-heal|p1a: Landorus|25/100|[from] item: Leftovers
|upkeep
|turn|8
|
|t:|1757899884
|switch|p1a: Corviknight|Corviknight, F|35/100
|-ability|p1a: Corviknight|Pressure
|switch|p2a: Vikavolt|Vikavolt, F|100/100
|-damage|p2a: Vikavolt|76/100|[from] Stealth Rock
|
|upkeep
|turn|9
|
|t:|1757899901
|move|p1a: Corviknight|Defog|p2a: Vikavolt
|-unboost|p2a: Vikavolt|evasion|1
|-sideend|p2: Lord Spink|Stealth Rock|[from] move: Defog|[of] p1a: Corviknight
|-sideend|p1: justliam|Toxic Spikes|[from] move: Defog|[of] p1a: Corviknight
|move|p2a: Vikavolt|Energy Ball|p1a: Corviknight
|-resisted|p1a: Corviknight
|-damage|p1a: Corviknight|26/100
|
|upkeep
|turn|10
|
|t:|1757899909
|move|p1a: Corviknight|Roost|p1a: Corviknight
|-heal|p1a: Corviknight|76/100
|-singleturn|p1a: Corviknight|move: Roost
|move|p2a: Vikavolt|Volt Switch|p1a: Corviknight
|-damage|p1a: Corviknight|36/100
|
|t:|1757899916
|switch|p2a: Quaquaval|Quaquaval, F|84/100|[from] Volt Switch
|
|upkeep
|turn|11
|
|t:|1757899931
|move|p2a: Quaquaval|Aqua Step|p1a: Corviknight
|-damage|p1a: Corviknight|13/100
|-boost|p2a: Quaquaval|spe|1
|-damage|p2a: Quaquaval|68/100|[from] item: Rocky Helmet|[of] p1a: Corviknight
|move|p1a: Corviknight|U-turn|p2a: Quaquaval
|-resisted|p2a: Quaquaval
|-damage|p2a: Quaquaval|58/100
|
|t:|1757899936
|switch|p1a: Hatterene|Hatterene, F|100/100|[from] U-turn
|
|upkeep
|turn|12
|
|t:|1757899946
|move|p2a: Quaquaval|U-turn|p1a: Hatterene
|-damage|p1a: Hatterene|80/100
|
|t:|1757899949
|switch|p2a: Glimmora|Glimmora, F|67/100|[from] U-turn
|move|p1a: Hatterene|Calm Mind|p1a: Hatterene
|-boost|p1a: Hatterene|spa|1
|-boost|p1a: Hatterene|spd|1
|
|-heal|p1a: Hatterene|87/100|[from] item: Leftovers
|upkeep
|turn|13
|
|t:|1757899957
|-terastallize|p1a: Hatterene|Water
|move|p2a: Glimmora|Sludge Wave|p1a: Hatterene
|-damage|p1a: Hatterene|31/100
|move|p1a: Hatterene|Psyshock|p2a: Glimmora
|-supereffective|p2a: Glimmora
|-damage|p2a: Glimmora|0 fnt
|faint|p2a: Glimmora
|
|-heal|p1a: Hatterene|37/100|[from] item: Leftovers
|upkeep
|
|t:|1757899967
|switch|p2a: Garchomp|Garchomp, F|46/100
|turn|14
|
|t:|1757899976
|switch|p1a: Landorus|Landorus-Therian, M|25/100
|-ability|p1a: Landorus|Intimidate|boost
|-unboost|p2a: Garchomp|atk|1
|move|p2a: Garchomp|Earthquake|p1a: Landorus
|-immune|p1a: Landorus
|
|-heal|p1a: Landorus|31/100|[from] item: Leftovers
|upkeep
|turn|15
|
|t:|1757899984
|switch|p1a: Hatterene|Hatterene, F, tera:Water|37/100
|move|p2a: Garchomp|Draco Meteor|p1a: Hatterene
|-crit|p1a: Hatterene
|-damage|p1a: Hatterene|0 fnt
|-unboost|p2a: Garchomp|spa|2
|faint|p1a: Hatterene
|
|upkeep
|
|t:|1757899991
|switch|p1a: Dragapult|Dragapult, F|100/100
|turn|16
|
|t:|1757899998
|move|p1a: Dragapult|Dragon Darts|p2a: Garchomp
|-supereffective|p2a: Garchomp
|-damage|p2a: Garchomp|14/100
|-anim|p1a: Dragapult|Dragon Darts|p2a: Garchomp
|-supereffective|p2a: Garchomp
|-damage|p2a: Garchomp|0 fnt
|faint|p2a: Garchomp
|-damage|p1a: Dragapult|91/100|[from] item: Life Orb
|
|upkeep
|
|t:|1757900006
|switch|p2a: Vikavolt|Vikavolt, F|76/100
|turn|17
|
|t:|1757900012
|-terastallize|p2a: Vikavolt|Fairy
|move|p1a: Dragapult|Draco Meteor|p2a: Vikavolt
|-immune|p2a: Vikavolt
|move|p2a: Vikavolt|Tera Blast|p1a: Dragapult|[anim] Tera Blast Fairy
|-supereffective|p1a: Dragapult
|-damage|p1a: Dragapult|0 fnt
|faint|p1a: Dragapult
|
|upkeep
|
|t:|1757900018
|switch|p1a: Gholdengo|Gholdengo|100/100
|turn|18
|
|t:|1757900024
|switch|p2a: Wo-Chien|Wo-Chien|100/100
|-ability|p2a: Wo-Chien|Tablets of Ruin
|move|p1a: Gholdengo|Trick|p2a: Wo-Chien
|-activate|p1a: Gholdengo|move: Trick|[of] p2a: Wo-Chien
|-item|p2a: Wo-Chien|Choice Scarf|[from] move: Trick
|-item|p1a: Gholdengo|Leftovers|[from] move: Trick
|
|upkeep
|turn|19
|
|t:|1757900033
|move|p1a: Gholdengo|Focus Blast|p2a: Wo-Chien
|-supereffective|p2a: Wo-Chien
|-damage|p2a: Wo-Chien|58/100
|move|p2a: Wo-Chien|Knock Off|p1a: Gholdengo
|-supereffective|p1a: Gholdengo
|-damage|p1a: Gholdengo|38/100
|-enditem|p1a: Gholdengo|Leftovers|[from] move: Knock Off|[of] p2a: Wo-Chien
|
|upkeep
|turn|20
|
|t:|1757900041
|switch|p1a: Landorus|Landorus-Therian, M|31/100
|-ability|p1a: Landorus|Intimidate|boost
|-unboost|p2a: Wo-Chien|atk|1
|move|p2a: Wo-Chien|Knock Off|p1a: Landorus
|-damage|p1a: Landorus|12/100
|-enditem|p1a: Landorus|Leftovers|[from] move: Knock Off|[of] p2a: Wo-Chien
|
|upkeep
|turn|21
|
|t:|1757900048
|move|p1a: Landorus|U-turn|p2a: Wo-Chien
|-supereffective|p2a: Wo-Chien
|-damage|p2a: Wo-Chien|1/100
|
|t:|1757900052
|switch|p1a: Corviknight|Corviknight, F|13/100|[from] U-turn
|-ability|p1a: Corviknight|Pressure
|move|p2a: Wo-Chien|Knock Off|p1a: Corviknight
|-damage|p1a: Corviknight|0 fnt
|-damage|p2a: Wo-Chien|0 fnt|[from] item: Rocky Helmet|[of] p1a: Corviknight
|faint|p1a: Corviknight
|faint|p2a: Wo-Chien
|
|upkeep
|
|t:|1757900066
|switch|p1a: Landorus|Landorus-Therian, M|12/100
|switch|p2a: Quaquaval|Quaquaval, F|58/100
|-ability|p1a: Landorus|Intimidate|boost
|-unboost|p2a: Quaquaval|atk|1
|turn|22
|
|t:|1757900073
|switch|p1a: Samurott|Samurott-Hisui, F|100/100
|move|p2a: Quaquaval|Aqua Step|p1a: Samurott
|-resisted|p1a: Samurott
|-damage|p1a: Samurott|86/100
|-boost|p2a: Quaquaval|spe|1
|
|upkeep
|turn|23
|
|t:|1757900080
|switch|p1a: Landorus|Landorus-Therian, M|12/100
|-ability|p1a: Landorus|Intimidate|boost
|-unboost|p2a: Quaquaval|atk|1
|move|p2a: Quaquaval|Close Combat|p1a: Landorus
|-resisted|p1a: Landorus
|-damage|p1a: Landorus|0 fnt
|-unboost|p2a: Quaquaval|def|1
|-unboost|p2a: Quaquaval|spd|1
|faint|p1a: Landorus
|-ability|p2a: Quaquaval|Moxie|boost
|-boost|p2a: Quaquaval|atk|1
|
|upkeep
|
|t:|1757900092
|switch|p1a: Gholdengo|Gholdengo|38/100
|turn|24
|
|t:|1757900098
|move|p2a: Quaquaval|Aqua Step|p1a: Gholdengo
|-damage|p1a: Gholdengo|6/100
|-boost|p2a: Quaquaval|spe|1
|move|p1a: Gholdengo|Shadow Ball|p2a: Quaquaval
|-damage|p2a: Quaquaval|0 fnt
|faint|p2a: Quaquaval
|
|upkeep
|
|t:|1757900107
|switch|p2a: Arcanine|Arcanine, M|100/100
|-ability|p2a: Arcanine|Intimidate|boost
|-unboost|p1a: Gholdengo|atk|1
|turn|25
|
|t:|1757900113
|switch|p1a: Samurott|Samurott-Hisui, F|86/100
|move|p2a: Arcanine|Flare Blitz|p1a: Samurott
|-resisted|p1a: Samurott
|-damage|p1a: Samurott|36/100
|-damage|p2a: Arcanine|85/100|[from] Recoil
|
|upkeep
|turn|26
|
|t:|1757900121
|switch|p2a: Vikavolt|Vikavolt, F, tera:Fairy|76/100
|move|p1a: Samurott|Aqua Cutter|p2a: Vikavolt
|-damage|p2a: Vikavolt|19/100
|
|upkeep
|turn|27
|
|t:|1757900146
|move|p1a: Samurott|Ceaseless Edge|p2a: Vikavolt
|-resisted|p2a: Vikavolt
|-damage|p2a: Vikavolt|0 fnt
|-sidestart|p2: Lord Spink|Spikes
|faint|p2a: Vikavolt
|
|upkeep
|
|t:|1757900151
|switch|p2a: Arcanine|Arcanine, M|85/100
|-damage|p2a: Arcanine|72/100|[from] Spikes
|-ability|p2a: Arcanine|Intimidate|boost
|-unboost|p1a: Samurott|atk|1
|turn|28
|
|t:|1757900158
|move|p1a: Samurott|Sucker Punch|p2a: Arcanine
|-damage|p2a: Arcanine|46/100
|move|p2a: Arcanine|Flare Blitz|p1a: Samurott
|-resisted|p1a: Samurott
|-damage|p1a: Samurott|0 fnt
|faint|p1a: Samurott
|-damage|p2a: Arcanine|34/100|[from] Recoil
|
|upkeep
|
|t:|1757900163
|switch|p1a: Gholdengo|Gholdengo|6/100
|turn|29
|
|t:|1757900167
|move|p1a: Gholdengo|Shadow Ball|p2a: Arcanine
|-damage|p2a: Arcanine|0 fnt
|faint|p2a: Arcanine
|
|win|justliam
|raw|justliam's rating: 1465 &rarr; <strong>1480</strong><br />(+15 for winning)
|raw|Lord Spink's rating: 1383 &rarr; <strong>1368</strong><br />(-15 for losing)
|l|☆Lord Spink
|player|p2|
|l|☆justliam
|player|p1|
