|j|☆Pigorilla
|j|☆Obito 2001
|t:|1757844257
|gametype|singles
|player|p1|Pigorilla|marlon|1540
|player|p2|Obito 2001|blue-gen3two|1719
|gen|9
|tier|[Gen 9] OU
|rated|
|rule|HP Percentage Mod: HP is shown in percentages
|rule|Endless Battle Clause: Forcing endless battles is banned
|rule|Species Clause: Limit one of each Pokémon
|rule|OHKO Clause: OHKO moves are banned
|rule|Evasion Items Clause: Evasion items are banned
|rule|Evasion Moves Clause: Evasion moves are banned
|rule|Evasion Abilities Clause: Evasion abilities are banned
|rule|Sleep Moves Clause: Sleep-inducing moves are banned
|clearpoke
|poke|p1|Primarina, F|
|poke|p1|Kingambit, F|
|poke|p1|Dragapult, F|
|poke|p1|Great Tusk|
|poke|p1|Glimmora, F|
|poke|p1|Enamorus, F|
|poke|p2|Garchomp, F|
|poke|p2|Gyarados, M|
|poke|p2|Ogerpon-Wellspring, F|
|poke|p2|Glimmora, M|
|poke|p2|Dragapult, M|
|poke|p2|Gholdengo|
|teampreview
|inactive|Battle timer is ON: inactive players will automatically lose when time's up. (requested by Obito 2001)
|j| rivalenceki
|
|t:|1757844271
|teamsize|p1|6
|teamsize|p2|6
|start
|switch|p1a: Primarina|Primarina, F, shiny|100/100
|switch|p2a: Ban me|Ogerpon-Wellspring, F|100/100
|turn|1
|
|t:|1757844279
|switch|p1a: Glimmora|Glimmora, F, shiny|100/100
|move|p2a: Ban me|Play Rough|p1a: Glimmora
|-resisted|p1a: Glimmora
|-damage|p1a: Glimmora|85/100
|-activate|p1a: Glimmora|ability: Toxic Debris
|-sidestart|p2: Obito 2001|move: Toxic Spikes
|-enditem|p1a: Glimmora|Red Card|[of] p2a: Ban me
|drag|p2a: Real G|Gyarados, M, shiny|100/100
|
|upkeep
|turn|2
|
|t:|1757844296
|switch|p1a: Primarina|Primarina, F, shiny|100/100
|move|p2a: Real G|Earthquake|p1a: Primarina
|-damage|p1a: Primarina|55/100
|
|upkeep
|turn|3
|
|t:|1757844304
|switch|p2a: Toxica|Glimmora, M|100/100
|-sideend|p2: Obito 2001|move: Toxic Spikes|[of] p2a: Toxica
|move|p1a: Primarina|Moonblast|p2a: Toxica
|-resisted|p2a: Toxica
|-damage|p2a: Toxica|79/100
|-enditem|p2a: Toxica|Red Card|[of] p1a: Primarina
|drag|p1a: Enamorus|Enamorus, F|100/100
|
|upkeep
|turn|4
|
|t:|1757844314
|switch|p1a: Primarina|Primarina, F, shiny|55/100
|switch|p2a: Ban me|Ogerpon-Wellspring, F|100/100
|
|upkeep
|turn|5
|
|t:|1757844334
|move|p2a: Ban me|Ivy Cudgel|p1a: Primarina|[anim] Ivy Cudgel Water
|-resisted|p1a: Primarina
|-damage|p1a: Primarina|13/100
|move|p1a: Primarina|Moonblast|p2a: Ban me
|-damage|p2a: Ban me|35/100
|-unboost|p2a: Ban me|spa|1
|
|upkeep
|turn|6
|
|t:|1757844339
|move|p2a: Ban me|Ivy Cudgel|p1a: Primarina|[anim] Ivy Cudgel Water
|-resisted|p1a: Primarina
|-damage|p1a: Primarina|0 fnt
|faint|p1a: Primarina
|
|upkeep
|
|t:|1757844343
|switch|p1a: Enamorus|Enamorus, F|100/100
|turn|7
|
|t:|1757844348
|switch|p2a: Toxica|Glimmora, M|79/100
|move|p1a: Enamorus|Moonblast|p2a: Toxica
|-resisted|p2a: Toxica
|-damage|p2a: Toxica|52/100
|
|upkeep
|turn|8
|
|t:|1757844357
|switch|p1a: Great Tusk|Great Tusk|100/100
|-enditem|p1a: Great Tusk|Booster Energy
|-activate|p1a: Great Tusk|ability: Protosynthesis|[fromitem]
|-start|p1a: Great Tusk|protosynthesisspe
|move|p2a: Toxica|Earth Power|p1a: Great Tusk
|-damage|p1a: Great Tusk|69/100
|
|upkeep
|turn|9
|
|t:|1757844366
|switch|p2a: Here for Corv|Gholdengo|100/100
|-item|p2a: Here for Corv|Air Balloon
|move|p1a: Great Tusk|Bulk Up|p1a: Great Tusk
|-boost|p1a: Great Tusk|atk|1
|-boost|p1a: Great Tusk|def|1
|
|upkeep
|turn|10
|
|t:|1757844369
|move|p1a: Great Tusk|Ice Spinner|p2a: Here for Corv
|-resisted|p2a: Here for Corv
|-damage|p2a: Here for Corv|88/100
|-enditem|p2a: Here for Corv|Air Balloon
|move|p2a: Here for Corv|Make It Rain|p1a: Great Tusk
|-damage|p1a: Great Tusk|0 fnt
|-unboost|p2a: Here for Corv|spa|1
|faint|p1a: Great Tusk
|-end|p1a: Great Tusk|Protosynthesis|[silent]
|
|upkeep
|
|t:|1757844379
|switch|p1a: Dragapult|Dragapult, F|100/100
|turn|11
|
|t:|1757844387
|switch|p2a: Toxica|Glimmora, M|52/100
|move|p1a: Dragapult|Shadow Ball|p2a: Toxica
|-damage|p2a: Toxica|6/100
|
|upkeep
|turn|12
|j| just-jaype
|
|t:|1757844392
|move|p1a: Dragapult|Shadow Ball|p2a: Toxica
|-damage|p2a: Toxica|0 fnt
|faint|p2a: Toxica
|
|upkeep
|
|t:|1757844400
|switch|p2a: Sharkrash|Garchomp, F, shiny|100/100
|turn|13
|
|t:|1757844406
|switch|p1a: Glimmora|Glimmora, F, shiny|85/100
|move|p2a: Sharkrash|Stealth Rock|p1a: Glimmora
|-sidestart|p1: Pigorilla|move: Stealth Rock
|
|upkeep
|turn|14
|
|t:|1757844412
|switch|p2a: Here for Corv|Gholdengo|88/100
|move|p1a: Glimmora|Stealth Rock|p2a: Here for Corv
|-sidestart|p2: Obito 2001|move: Stealth Rock
|
|upkeep
|turn|15
|
|t:|1757844421
|switch|p1a: Kingambit|Kingambit, F|100/100
|-damage|p1a: Kingambit|94/100|[from] Stealth Rock
|-activate|p1a: Kingambit|ability: Supreme Overlord
|-start|p1a: Kingambit|fallen2|[silent]
|move|p2a: Here for Corv|Make It Rain|p1a: Kingambit
|-resisted|p1a: Kingambit
|-damage|p1a: Kingambit|67/100
|-unboost|p2a: Here for Corv|spa|1
|
|-heal|p1a: Kingambit|73/100|[from] item: Leftovers
|upkeep
|turn|16
|
|t:|1757844425
|switch|p2a: Sharkrash|Garchomp, F, shiny|100/100
|-damage|p2a: Sharkrash|94/100|[from] Stealth Rock
|move|p1a: Kingambit|Kowtow Cleave|p2a: Sharkrash
|-damage|p2a: Sharkrash|59/100
|-damage|p1a: Kingambit|61/100|[from] ability: Rough Skin|[of] p2a: Sharkrash
|-damage|p1a: Kingambit|44/100|[from] item: Rocky Helmet|[of] p2a: Sharkrash
|
|-heal|p1a: Kingambit|51/100|[from] item: Leftovers
|upkeep
|turn|17
|
|t:|1757844427
|-end|p1a: Kingambit|fallen2|[silent]
|switch|p1a: Enamorus|Enamorus, F|100/100
|-damage|p1a: Enamorus|76/100|[from] Stealth Rock
|move|p2a: Sharkrash|Spikes|p1a: Enamorus
|-sidestart|p1: Pigorilla|Spikes
|
|upkeep
|turn|18
|
|t:|1757844436
|switch|p2a: Here for Corv|Gholdengo|88/100
|-damage|p2a: Here for Corv|82/100|[from] Stealth Rock
|move|p1a: Enamorus|Moonblast|p2a: Here for Corv
|-resisted|p2a: Here for Corv
|-damage|p2a: Here for Corv|55/100
|-unboost|p2a: Here for Corv|spa|1
|
|upkeep
|turn|19
|
|t:|1757844441
|switch|p1a: Kingambit|Kingambit, F|51/100
|-damage|p1a: Kingambit|44/100|[from] Stealth Rock
|-damage|p1a: Kingambit|32/100|[from] Spikes
|-activate|p1a: Kingambit|ability: Supreme Overlord
|-start|p1a: Kingambit|fallen2|[silent]
|move|p2a: Here for Corv|Recover|p2a: Here for Corv
|-heal|p2a: Here for Corv|100/100
|
|-heal|p1a: Kingambit|38/100|[from] item: Leftovers
|upkeep
|turn|20
|
|t:|1757844444
|switch|p2a: Sharkrash|Garchomp, F, shiny|59/100
|-damage|p2a: Sharkrash|53/100|[from] Stealth Rock
|move|p1a: Kingambit|Kowtow Cleave|p2a: Sharkrash
|-damage|p2a: Sharkrash|18/100
|-damage|p1a: Kingambit|26/100|[from] ability: Rough Skin|[of] p2a: Sharkrash
|-damage|p1a: Kingambit|9/100|[from] item: Rocky Helmet|[of] p2a: Sharkrash
|
|-heal|p1a: Kingambit|15/100|[from] item: Leftovers
|upkeep
|turn|21
|
|t:|1757844448
|-end|p1a: Kingambit|fallen2|[silent]
|switch|p1a: Enamorus|Enamorus, F|76/100
|-damage|p1a: Enamorus|51/100|[from] Stealth Rock
|move|p2a: Sharkrash|Spikes|p1a: Enamorus
|-sidestart|p1: Pigorilla|Spikes
|
|upkeep
|turn|22
|
|t:|1757844455
|move|p1a: Enamorus|Moonblast|p2a: Sharkrash
|-supereffective|p2a: Sharkrash
|-damage|p2a: Sharkrash|0 fnt
|faint|p2a: Sharkrash
|
|upkeep
|
|t:|1757844460
|switch|p2a: Here for Corv|Gholdengo|100/100
|-damage|p2a: Here for Corv|94/100|[from] Stealth Rock
|turn|23
|l| just-jaype
|
|t:|1757844469
|switch|p1a: Glimmora|Glimmora, F, shiny|85/100
|-damage|p1a: Glimmora|73/100|[from] Stealth Rock
|-damage|p1a: Glimmora|56/100|[from] Spikes
|move|p2a: Here for Corv|Nasty Plot|p2a: Here for Corv
|-boost|p2a: Here for Corv|spa|2
|
|upkeep
|turn|24
|
|t:|1757844473
|move|p2a: Here for Corv|Shadow Ball|p1a: Glimmora
|-damage|p1a: Glimmora|0 fnt
|faint|p1a: Glimmora
|
|upkeep
|
|t:|1757844484
|switch|p1a: Enamorus|Enamorus, F|51/100
|-damage|p1a: Enamorus|26/100|[from] Stealth Rock
|turn|25
|
|t:|1757844489
|switch|p2a: Ban me|Ogerpon-Wellspring, F|35/100
|-damage|p2a: Ban me|23/100|[from] Stealth Rock
|move|p1a: Enamorus|Healing Wish|p1a: Enamorus
|faint|p1a: Enamorus
|
|upkeep
|
|t:|1757844496
|switch|p1a: Kingambit|Kingambit, F|15/100
|-heal|p1a: Kingambit|100/100|[from] move: Healing Wish
|-damage|p1a: Kingambit|94/100|[from] Stealth Rock
|-damage|p1a: Kingambit|78/100|[from] Spikes
|-activate|p1a: Kingambit|ability: Supreme Overlord
|-start|p1a: Kingambit|fallen4|[silent]
|turn|26
|
|t:|1757844506
|move|p2a: Ban me|Ivy Cudgel|p1a: Kingambit|[anim] Ivy Cudgel Water
|-damage|p1a: Kingambit|36/100
|move|p1a: Kingambit|Kowtow Cleave|p2a: Ban me
|-damage|p2a: Ban me|0 fnt
|faint|p2a: Ban me
|
|-heal|p1a: Kingambit|43/100|[from] item: Leftovers
|upkeep
|
|t:|1757844510
|switch|p2a: DraGhost|Dragapult, M|100/100
|-damage|p2a: DraGhost|88/100|[from] Stealth Rock
|turn|27
|
|t:|1757844516
|move|p2a: DraGhost|Will-O-Wisp|p1a: Kingambit|[miss]
|-miss|p2a: DraGhost|p1a: Kingambit
|move|p1a: Kingambit|Kowtow Cleave|p2a: DraGhost
|-supereffective|p2a: DraGhost
|-damage|p2a: DraGhost|0 fnt
|faint|p2a: DraGhost
|
|-heal|p1a: Kingambit|49/100|[from] item: Leftovers
|upkeep
|
|t:|1757844521
|switch|p2a: Real G|Gyarados, M, shiny|100/100
|-damage|p2a: Real G|75/100|[from] Stealth Rock
|turn|28
|
|t:|1757844533
|-terastallize|p1a: Kingambit|Ghost
|move|p2a: Real G|Earthquake|p1a: Kingambit
|-damage|p1a: Kingambit|26/100
|move|p1a: Kingambit|Kowtow Cleave|p2a: Real G
|-damage|p2a: Real G|0 fnt
|faint|p2a: Real G
|
|-heal|p1a: Kingambit|32/100|[from] item: Leftovers
|upkeep
|
|t:|1757844535
|switch|p2a: Here for Corv|Gholdengo|94/100
|-damage|p2a: Here for Corv|88/100|[from] Stealth Rock
|turn|29
|
|t:|1757844543
|-terastallize|p2a: Here for Corv|Fairy
|move|p1a: Kingambit|Sucker Punch|p2a: Here for Corv
|-resisted|p2a: Here for Corv
|-damage|p2a: Here for Corv|69/100
|move|p2a: Here for Corv|Shadow Ball|p1a: Kingambit
|-supereffective|p1a: Kingambit
|-damage|p1a: Kingambit|0 fnt
|faint|p1a: Kingambit
|-end|p1a: Kingambit|fallen4|[silent]
|
|upkeep
|l| rivalenceki
|
|t:|1757844546
|switch|p1a: Dragapult|Dragapult, F|100/100
|-damage|p1a: Dragapult|88/100|[from] Stealth Rock
|-damage|p1a: Dragapult|72/100|[from] Spikes
|turn|30
|
|t:|1757844550
|move|p1a: Dragapult|Shadow Ball|p2a: Here for Corv
|-damage|p2a: Here for Corv|22/100
|move|p2a: Here for Corv|Shadow Ball|p1a: Dragapult
|-supereffective|p1a: Dragapult
|-damage|p1a: Dragapult|0 fnt
|faint|p1a: Dragapult
|
|win|Obito 2001
|raw|Pigorilla's rating: 1540 &rarr; <strong>1529</strong><br />(-11 for losing)
|raw|Obito 2001's rating: 1719 &rarr; <strong>1730</strong><br />(+11 for winning)
