|j|☆redcolorcap
|j|☆xw haha
|t:|1757833969
|gametype|singles
|player|p1|redcolorcap|gentleman|1320
|player|p2|xw haha|volkner|1279
|gen|9
|tier|[Gen 9] OU
|rated|
|rule|HP Percentage Mod: HP is shown in percentages
|rule|Endless Battle Clause: Forcing endless battles is banned
|rule|Species Clause: Limit one of each Pokémon
|rule|OHKO Clause: OHKO moves are banned
|rule|Evasion Items Clause: Evasion items are banned
|rule|Evasion Moves Clause: Evasion moves are banned
|rule|Evasion Abilities Clause: Evasion abilities are banned
|rule|Sleep Moves Clause: Sleep-inducing moves are banned
|clearpoke
|poke|p1|Gengar, M|
|poke|p1|Dondozo, M|
|poke|p1|Cinderace, F|
|poke|p1|Umbreon, F|
|poke|p1|Corviknight, M|
|poke|p1|Latias, F|
|poke|p2|Hatterene, F|
|poke|p2|Farigiraf, F|
|poke|p2|Meowscarada, M|
|poke|p2|Great Tusk|
|poke|p2|Toxapex, F|
|poke|p2|Raging Bolt|
|teampreview
|inactive|Battle timer is ON: inactive players will automatically lose when time's up. (requested by redcolorcap)
|
|t:|1757833987
|teamsize|p1|6
|teamsize|p2|6
|start
|switch|p1a: Cinderace|Cinderace, F, shiny|100/100
|switch|p2a: Meowscarada|Meowscarada, M|100/100
|turn|1
|
|t:|1757833997
|move|p2a: Meowscarada|U-turn|p1a: Cinderace
|-start|p2a: Meowscarada|typechange|Bug|[from] ability: Protean
|-resisted|p1a: Cinderace
|-damage|p1a: Cinderace|65/100
|
|t:|1757834006
|switch|p2a: Raging Bolt|Raging Bolt|100/100|[from] U-turn
|move|p1a: Cinderace|U-turn|p2a: Raging Bolt
|-start|p1a: Cinderace|typechange|Bug|[from] ability: Libero
|-damage|p2a: Raging Bolt|71/100
|
|t:|1757834018
|switch|p1a: Umbreon|Umbreon, F|100/100|[from] U-turn
|
|-heal|p2a: Raging Bolt|77/100|[from] item: Leftovers
|upkeep
|turn|2
|
|t:|1757834025
|-end|p2a: Raging Bolt|Protosynthesis|[silent]
|switch|p2a: Toxapex|Toxapex, F|100/100
|move|p1a: Umbreon|Toxic|p2a: Toxapex
|-immune|p2a: Toxapex
|
|upkeep
|turn|3
|
|t:|1757834036
|move|p1a: Umbreon|Protect|p1a: Umbreon
|-singleturn|p1a: Umbreon|Protect
|move|p2a: Toxapex|Toxic|p1a: Umbreon
|-activate|p1a: Umbreon|move: Protect
|
|upkeep
|turn|4
|
|t:|1757834044
|switch|p1a: Corviknight|Corviknight, M|100/100
|move|p2a: Toxapex|Surf|p1a: Corviknight
|-damage|p1a: Corviknight|82/100
|
|-heal|p1a: Corviknight|88/100|[from] item: Leftovers
|upkeep
|turn|5
|inactive|redcolorcap has 120 seconds left.
|
|t:|1757834092
|switch|p2a: Farigiraf|Farigiraf, F|100/100
|move|p1a: Corviknight|Roost|p1a: Corviknight
|-heal|p1a: Corviknight|100/100
|-singleturn|p1a: Corviknight|move: Roost
|
|upkeep
|turn|6
|
|t:|1757834102
|move|p1a: Corviknight|U-turn|p2a: Farigiraf
|-supereffective|p2a: Farigiraf
|-damage|p2a: Farigiraf|82/100
|-damage|p1a: Corviknight|84/100|[from] item: Rocky Helmet|[of] p2a: Farigiraf
|
|t:|1757834105
|switch|p1a: Umbreon|Umbreon, F|100/100|[from] U-turn
|move|p2a: Farigiraf|Trick Room|p2a: Farigiraf
|-fieldstart|move: Trick Room|[of] p2a: Farigiraf
|
|upkeep
|turn|7
|inactive|redcolorcap has 120 seconds left.
|inactive|xw haha has 120 seconds left.
|
|t:|1757834145
|switch|p2a: Great Tusk|Great Tusk|100/100
|move|p1a: Umbreon|Wish|p1a: Umbreon
|
|upkeep
|turn|8
|inactive|redcolorcap has 120 seconds left.
|
|t:|1757834157
|switch|p1a: Corviknight|Corviknight, M|84/100
|move|p2a: Great Tusk|Close Combat|p1a: Corviknight
|-damage|p1a: Corviknight|40/100
|-unboost|p2a: Great Tusk|def|1
|-unboost|p2a: Great Tusk|spd|1
|
|-heal|p1a: Corviknight|89/100|[from] move: Wish|[wisher] Umbreon
|-heal|p1a: Corviknight|95/100|[from] item: Leftovers
|upkeep
|turn|9
|inactive|redcolorcap has 120 seconds left.
|
|t:|1757834173
|-end|p2a: Great Tusk|Protosynthesis|[silent]
|switch|p2a: Farigiraf|Farigiraf, F|82/100
|move|p1a: Corviknight|Brave Bird|p2a: Farigiraf
|-damage|p2a: Farigiraf|57/100
|-damage|p1a: Corviknight|78/100|[from] item: Rocky Helmet|[of] p2a: Farigiraf
|-damage|p1a: Corviknight|69/100|[from] Recoil
|
|-heal|p1a: Corviknight|75/100|[from] item: Leftovers
|upkeep
|turn|10
|
|t:|1757834185
|switch|p1a: Umbreon|Umbreon, F|100/100
|move|p2a: Farigiraf|Shadow Ball|p1a: Umbreon
|-resisted|p1a: Umbreon
|-damage|p1a: Umbreon|95/100
|
|-heal|p1a: Umbreon|100/100|[from] item: Leftovers
|-fieldend|move: Trick Room
|upkeep
|turn|11
|
|t:|1757834200
|move|p1a: Umbreon|Foul Play|p2a: Farigiraf
|-supereffective|p2a: Farigiraf
|-damage|p2a: Farigiraf|27/100
|-damage|p1a: Umbreon|84/100|[from] item: Rocky Helmet|[of] p2a: Farigiraf
|move|p2a: Farigiraf|Trick Room|p2a: Farigiraf
|-fieldstart|move: Trick Room|[of] p2a: Farigiraf
|
|-heal|p1a: Umbreon|90/100|[from] item: Leftovers
|upkeep
|turn|12
|
|t:|1757834209
|move|p2a: Farigiraf|Endeavor|p1a: Umbreon
|-damage|p1a: Umbreon|30/100
|move|p1a: Umbreon|Wish|p1a: Umbreon
|
|-heal|p1a: Umbreon|36/100|[from] item: Leftovers
|upkeep
|turn|13
|
|t:|1757834217
|move|p2a: Farigiraf|Endeavor|p1a: Umbreon
|-damage|p1a: Umbreon|30/100
|move|p1a: Umbreon|Toxic|p2a: Farigiraf
|-status|p2a: Farigiraf|tox
|
|-heal|p1a: Umbreon|80/100|[from] move: Wish|[wisher] Umbreon
|-heal|p1a: Umbreon|86/100|[from] item: Leftovers
|-damage|p2a: Farigiraf|21/100 tox|[from] psn
|upkeep
|turn|14
|inactive|xw haha has 120 seconds left.
|
|t:|1757834229
|move|p1a: Umbreon|Protect|p1a: Umbreon
|-singleturn|p1a: Umbreon|Protect
|move|p2a: Farigiraf|Endeavor|p1a: Umbreon
|-activate|p1a: Umbreon|move: Protect
|
|-heal|p1a: Umbreon|92/100|[from] item: Leftovers
|-damage|p2a: Farigiraf|9/100 tox|[from] psn
|upkeep
|turn|15
|inactive|xw haha has 120 seconds left.
|
|t:|1757834238
|move|p2a: Farigiraf|Endeavor|p1a: Umbreon
|-damage|p1a: Umbreon|10/100
|move|p1a: Umbreon|Wish|p1a: Umbreon
|
|-heal|p1a: Umbreon|16/100|[from] item: Leftovers
|-damage|p2a: Farigiraf|0 fnt|[from] psn
|faint|p2a: Farigiraf
|-fieldend|move: Trick Room
|upkeep
|inactive|xw haha has 120 seconds left.
|
|t:|1757834252
|switch|p2a: Meowscarada|Meowscarada, M|100/100
|turn|16
|inactive|xw haha has 120 seconds left.
|
|t:|1757834267
|move|p1a: Umbreon|Protect|p1a: Umbreon
|-singleturn|p1a: Umbreon|Protect
|move|p2a: Meowscarada|U-turn|p1a: Umbreon
|-start|p2a: Meowscarada|typechange|Bug|[from] ability: Protean
|-activate|p1a: Umbreon|move: Protect
|
|-heal|p1a: Umbreon|66/100|[from] move: Wish|[wisher] Umbreon
|-heal|p1a: Umbreon|72/100|[from] item: Leftovers
|upkeep
|turn|17
|inactive|xw haha has 120 seconds left.
|
|t:|1757834283
|switch|p1a: Corviknight|Corviknight, M|75/100
|move|p2a: Meowscarada|U-turn|p1a: Corviknight
|-resisted|p1a: Corviknight
|-damage|p1a: Corviknight|68/100
|inactive|xw haha has 90 seconds left.
|
|t:|1757834336
|switch|p2a: Raging Bolt|Raging Bolt|77/100|[from] U-turn
|
|-heal|p2a: Raging Bolt|83/100|[from] item: Leftovers
|-heal|p1a: Corviknight|74/100|[from] item: Leftovers
|upkeep
|turn|18
|
|t:|1757834352
|switch|p1a: Umbreon|Umbreon, F|72/100
|move|p2a: Raging Bolt|Volt Switch|p1a: Umbreon
|-damage|p1a: Umbreon|49/100
|
|t:|1757834363
|-end|p2a: Raging Bolt|Protosynthesis|[silent]
|switch|p2a: Meowscarada|Meowscarada, M|100/100|[from] Volt Switch
|
|-heal|p1a: Umbreon|55/100|[from] item: Leftovers
|upkeep
|turn|19
|
|t:|1757834388
|move|p1a: Umbreon|Protect|p1a: Umbreon
|-singleturn|p1a: Umbreon|Protect
|move|p2a: Meowscarada|U-turn|p1a: Umbreon
|-start|p2a: Meowscarada|typechange|Bug|[from] ability: Protean
|-activate|p1a: Umbreon|move: Protect
|
|-heal|p1a: Umbreon|61/100|[from] item: Leftovers
|upkeep
|turn|20
|inactive|redcolorcap has 120 seconds left.
|
|t:|1757834422
|switch|p1a: Dondozo|Dondozo, M|100/100
|move|p2a: Meowscarada|U-turn|p1a: Dondozo
|-damage|p1a: Dondozo|78/100
|
|t:|1757834433
|switch|p2a: Raging Bolt|Raging Bolt|83/100|[from] U-turn
|
|-heal|p2a: Raging Bolt|89/100|[from] item: Leftovers
|-heal|p1a: Dondozo|85/100|[from] item: Leftovers
|upkeep
|turn|21
|
|t:|1757834442
|switch|p1a: Umbreon|Umbreon, F|61/100
|move|p2a: Raging Bolt|Volt Switch|p1a: Umbreon
|-damage|p1a: Umbreon|37/100
|
|t:|1757834449
|-end|p2a: Raging Bolt|Protosynthesis|[silent]
|switch|p2a: Meowscarada|Meowscarada, M|100/100|[from] Volt Switch
|
|-heal|p1a: Umbreon|43/100|[from] item: Leftovers
|upkeep
|turn|22
|
|t:|1757834460
|move|p1a: Umbreon|Protect|p1a: Umbreon
|-singleturn|p1a: Umbreon|Protect
|move|p2a: Meowscarada|U-turn|p1a: Umbreon
|-start|p2a: Meowscarada|typechange|Bug|[from] ability: Protean
|-activate|p1a: Umbreon|move: Protect
|
|-heal|p1a: Umbreon|49/100|[from] item: Leftovers
|upkeep
|turn|23
|inactive|redcolorcap has 120 seconds left.
|
|t:|1757834476
|switch|p1a: Corviknight|Corviknight, M|74/100
|move|p2a: Meowscarada|U-turn|p1a: Corviknight
|-resisted|p1a: Corviknight
|-damage|p1a: Corviknight|67/100
|
|t:|1757834482
|switch|p2a: Raging Bolt|Raging Bolt|89/100|[from] U-turn
|
|-heal|p2a: Raging Bolt|95/100|[from] item: Leftovers
|-heal|p1a: Corviknight|73/100|[from] item: Leftovers
|upkeep
|turn|24
|
|t:|1757834496
|switch|p1a: Latias|Latias, F|100/100
|move|p2a: Raging Bolt|Volt Switch|p1a: Latias
|-resisted|p1a: Latias
|-crit|p1a: Latias
|-damage|p1a: Latias|78/100
|
|t:|1757834511
|-end|p2a: Raging Bolt|Protosynthesis|[silent]
|switch|p2a: Hatterene|Hatterene, F|100/100|[from] Volt Switch
|
|-heal|p1a: Latias|84/100|[from] item: Leftovers
|upkeep
|turn|25
|
|t:|1757834523
|-terastallize|p1a: Latias|Steel
|move|p1a: Latias|Calm Mind|p1a: Latias
|-boost|p1a: Latias|spa|1
|-boost|p1a: Latias|spd|1
|move|p2a: Hatterene|Trick Room|p2a: Hatterene
|-fieldstart|move: Trick Room|[of] p2a: Hatterene
|
|-heal|p1a: Latias|90/100|[from] item: Leftovers
|upkeep
|turn|26
|
|t:|1757834533
|move|p2a: Hatterene|Mystical Fire|p1a: Latias
|-supereffective|p1a: Latias
|-damage|p1a: Latias|58/100
|-unboost|p1a: Latias|spa|1
|move|p1a: Latias|Calm Mind|p1a: Latias
|-boost|p1a: Latias|spa|1
|-boost|p1a: Latias|spd|1
|
|-heal|p1a: Latias|65/100|[from] item: Leftovers
|upkeep
|turn|27
|inactive|xw haha has 90 seconds left.
|
|t:|1757834543
|move|p2a: Hatterene|Mystical Fire|p1a: Latias
|-supereffective|p1a: Latias
|-damage|p1a: Latias|41/100
|-unboost|p1a: Latias|spa|1
|move|p1a: Latias|Calm Mind|p1a: Latias
|-boost|p1a: Latias|spa|1
|-boost|p1a: Latias|spd|1
|
|-heal|p1a: Latias|47/100|[from] item: Leftovers
|upkeep
|turn|28
|inactive|xw haha has 90 seconds left.
|
|t:|1757834558
|move|p2a: Hatterene|Mystical Fire|p1a: Latias
|-supereffective|p1a: Latias
|-damage|p1a: Latias|28/100
|-unboost|p1a: Latias|spa|1
|move|p1a: Latias|Draining Kiss|p2a: Hatterene
|-damage|p2a: Hatterene|88/100
|-heal|p1a: Latias|37/100|[from] drain|[of] p2a: Hatterene
|
|-heal|p1a: Latias|43/100|[from] item: Leftovers
|upkeep
|turn|29
|inactive|xw haha has 90 seconds left.
|inactive|redcolorcap has 120 seconds left.
|
|t:|1757834586
|switch|p1a: Umbreon|Umbreon, F|49/100
|move|p2a: Hatterene|Mystical Fire|p1a: Umbreon
|-damage|p1a: Umbreon|34/100
|-unboost|p1a: Umbreon|spa|1
|
|-heal|p1a: Umbreon|40/100|[from] item: Leftovers
|-fieldend|move: Trick Room
|upkeep
|turn|30
|inactive|xw haha has 90 seconds left.
|
|t:|1757834601
|move|p1a: Umbreon|Wish|p1a: Umbreon
|move|p2a: Hatterene|Dazzling Gleam|p1a: Umbreon
|-supereffective|p1a: Umbreon
|-damage|p1a: Umbreon|0 fnt
|faint|p1a: Umbreon
|
|upkeep
|
|t:|1757834615
|switch|p1a: Gengar|Gengar, M, shiny|100/100
|turn|31
|inactive|xw haha has 90 seconds left.
|
|t:|1757834627
|move|p1a: Gengar|Sludge Bomb|p2a: Hatterene
|-supereffective|p2a: Hatterene
|-damage|p2a: Hatterene|0 fnt
|faint|p2a: Hatterene
|
|upkeep
|inactive|xw haha has 90 seconds left.
|
|t:|1757834647
|switch|p2a: Great Tusk|Great Tusk|100/100
|turn|32
|
|t:|1757834657
|switch|p1a: Corviknight|Corviknight, M|73/100
|move|p2a: Great Tusk|Headlong Rush|p1a: Corviknight
|-immune|p1a: Corviknight
|
|-heal|p1a: Corviknight|79/100|[from] item: Leftovers
|upkeep
|turn|33
|inactive|xw haha has 90 seconds left.
|
|t:|1757834671
|-end|p2a: Great Tusk|Protosynthesis|[silent]
|switch|p2a: Raging Bolt|Raging Bolt|95/100
|move|p1a: Corviknight|U-turn|p2a: Raging Bolt
|-damage|p2a: Raging Bolt|82/100
|
|t:|1757834699
|switch|p1a: Cinderace|Cinderace, F, shiny|65/100|[from] U-turn
|
|-heal|p2a: Raging Bolt|88/100|[from] item: Leftovers
|upkeep
|turn|34
|
|t:|1757834708
|-end|p2a: Raging Bolt|Protosynthesis|[silent]
|switch|p2a: Toxapex|Toxapex, F|100/100
|move|p1a: Cinderace|High Jump Kick|p2a: Toxapex
|-start|p1a: Cinderace|typechange|Fighting|[from] ability: Libero
|-resisted|p2a: Toxapex
|-damage|p2a: Toxapex|78/100
|
|-heal|p2a: Toxapex|84/100|[from] item: Black Sludge
|upkeep
|turn|35
|
|t:|1757834722
|switch|p1a: Corviknight|Corviknight, M|79/100
|switch|p2a: Raging Bolt|Raging Bolt|88/100
|
|-heal|p2a: Raging Bolt|94/100|[from] item: Leftovers
|-heal|p1a: Corviknight|85/100|[from] item: Leftovers
|upkeep
|turn|36
|
|t:|1757834736
|switch|p1a: Latias|Latias, F, tera:Steel|43/100
|move|p2a: Raging Bolt|Volt Switch|p1a: Latias
|-damage|p1a: Latias|10/100
|
|t:|1757834743
|-end|p2a: Raging Bolt|Protosynthesis|[silent]
|switch|p2a: Meowscarada|Meowscarada, M|100/100|[from] Volt Switch
|
|-heal|p1a: Latias|16/100|[from] item: Leftovers
|upkeep
|turn|37
|
|t:|1757834754
|move|p2a: Meowscarada|Knock Off|p1a: Latias
|-start|p2a: Meowscarada|typechange|Dark|[from] ability: Protean
|-damage|p1a: Latias|0 fnt
|-enditem|p1a: Latias|Leftovers|[from] move: Knock Off|[of] p2a: Meowscarada
|faint|p1a: Latias
|
|upkeep
|
|t:|1757834765
|switch|p1a: Gengar|Gengar, M, shiny|100/100
|turn|38
|
|t:|1757834772
|move|p1a: Gengar|Focus Blast|p2a: Meowscarada
|-supereffective|p2a: Meowscarada
|-crit|p2a: Meowscarada
|-damage|p2a: Meowscarada|0 fnt
|faint|p2a: Meowscarada
|
|upkeep
|
|t:|1757834781
|switch|p2a: Great Tusk|Great Tusk|100/100
|turn|39
|
|t:|1757834791
|move|p1a: Gengar|Focus Blast|p2a: Great Tusk
|-damage|p2a: Great Tusk|48/100
|move|p2a: Great Tusk|Close Combat|p1a: Gengar
|-immune|p1a: Gengar
|
|upkeep
|turn|40
|inactive|xw haha has 120 seconds left.
|
|t:|1757834803
|-end|p2a: Great Tusk|Protosynthesis|[silent]
|switch|p2a: Toxapex|Toxapex, F|100/100
|move|p1a: Gengar|Focus Blast|p2a: Toxapex|[miss]
|-miss|p1a: Gengar|p2a: Toxapex
|
|upkeep
|turn|41
|inactive|xw haha has 120 seconds left.
|
|t:|1757834816
|switch|p1a: Corviknight|Corviknight, M|85/100
|move|p2a: Toxapex|Surf|p1a: Corviknight
|-damage|p1a: Corviknight|67/100
|
|-heal|p1a: Corviknight|73/100|[from] item: Leftovers
|upkeep
|turn|42
|
|t:|1757834829
|move|p1a: Corviknight|U-turn|p2a: Toxapex
|-resisted|p2a: Toxapex
|-damage|p2a: Toxapex|94/100
|
|t:|1757834831
|switch|p1a: Dondozo|Dondozo, M|85/100|[from] U-turn
|move|p2a: Toxapex|Surf|p1a: Dondozo
|-resisted|p1a: Dondozo
|-damage|p1a: Dondozo|76/100
|
|-heal|p2a: Toxapex|100/100|[from] item: Black Sludge
|-heal|p1a: Dondozo|82/100|[from] item: Leftovers
|upkeep
|turn|43
|
|t:|1757834842
|move|p2a: Toxapex|Toxic|p1a: Dondozo
|-status|p1a: Dondozo|tox
|move|p1a: Dondozo|Body Slam|p2a: Toxapex
|-damage|p2a: Toxapex|86/100
|-status|p2a: Toxapex|par
|
|-heal|p1a: Dondozo|89/100 tox|[from] item: Leftovers
|-heal|p2a: Toxapex|92/100 par|[from] item: Black Sludge
|-damage|p1a: Dondozo|82/100 tox|[from] psn
|upkeep
|turn|44
|
|t:|1757834854
|move|p1a: Dondozo|Earthquake|p2a: Toxapex
|-supereffective|p2a: Toxapex
|-damage|p2a: Toxapex|58/100 par
|move|p2a: Toxapex|Surf|p1a: Dondozo
|-resisted|p1a: Dondozo
|-damage|p1a: Dondozo|74/100 tox
|
|-heal|p1a: Dondozo|80/100 tox|[from] item: Leftovers
|-heal|p2a: Toxapex|64/100 par|[from] item: Black Sludge
|-damage|p1a: Dondozo|68/100 tox|[from] psn
|upkeep
|turn|45
|
|t:|1757834872
|move|p1a: Dondozo|Earthquake|p2a: Toxapex
|-supereffective|p2a: Toxapex
|-damage|p2a: Toxapex|27/100 par
|cant|p2a: Toxapex|par
|
|-heal|p1a: Dondozo|74/100 tox|[from] item: Leftovers
|-heal|p2a: Toxapex|33/100 par|[from] item: Black Sludge
|-damage|p1a: Dondozo|56/100 tox|[from] psn
|upkeep
|turn|46
|
|t:|1757834883
|move|p1a: Dondozo|Earthquake|p2a: Toxapex
|-supereffective|p2a: Toxapex
|-damage|p2a: Toxapex|0 fnt
|faint|p2a: Toxapex
|
|-heal|p1a: Dondozo|62/100 tox|[from] item: Leftovers
|-damage|p1a: Dondozo|37/100 tox|[from] psn
|upkeep
|
|t:|1757834892
|switch|p2a: Raging Bolt|Raging Bolt|94/100
|turn|47
|
|t:|1757834902
|move|p2a: Raging Bolt|Volt Switch|p1a: Dondozo
|-supereffective|p1a: Dondozo
|-damage|p1a: Dondozo|0 fnt
|faint|p1a: Dondozo
|
|t:|1757834907
|-end|p2a: Raging Bolt|Protosynthesis|[silent]
|switch|p2a: Great Tusk|Great Tusk|48/100|[from] Volt Switch
|
|upkeep
|
|t:|1757834925
|switch|p1a: Gengar|Gengar, M, shiny|100/100
|turn|48
|
|t:|1757834931
|-terastallize|p2a: Great Tusk|Ice
|move|p1a: Gengar|Shadow Ball|p2a: Great Tusk
|-damage|p2a: Great Tusk|0 fnt
|faint|p2a: Great Tusk
|-end|p2a: Great Tusk|Protosynthesis|[silent]
|
|upkeep
|-message|xw haha forfeited.
|
|win|redcolorcap
|raw|redcolorcap's rating: 1320 &rarr; <strong>1338</strong><br />(+18 for winning)
|raw|xw haha's rating: 1279 &rarr; <strong>1257</strong><br />(-22 for losing)
|l|☆xw haha
|player|p2|
|l|☆redcolorcap
|player|p1|
