|j|☆supraxd
|j|☆ghost92i
|t:|1757835135
|gametype|singles
|player|p1|supraxd|steven|1174
|player|p2|ghost92i|clerk-boss|1102
|gen|9
|tier|[Gen 9] OU
|rated|
|rule|HP Percentage Mod: HP is shown in percentages
|rule|Endless Battle Clause: Forcing endless battles is banned
|rule|Species Clause: Limit one of each Pokémon
|rule|OHKO Clause: OHKO moves are banned
|rule|Evasion Items Clause: Evasion items are banned
|rule|Evasion Moves Clause: Evasion moves are banned
|rule|Evasion Abilities Clause: Evasion abilities are banned
|rule|Sleep Moves Clause: Sleep-inducing moves are banned
|clearpoke
|poke|p1|Bastiodon, M|
|poke|p1|Dragapult, M|
|poke|p1|Jolteon, M|
|poke|p1|Gliscor, F|
|poke|p1|Hitmontop, M|
|poke|p1|Moltres|
|poke|p2|Great Tusk|
|poke|p2|Slowking-Galar, F|
|poke|p2|Alomomola, M|
|poke|p2|Kingambit, M|
|poke|p2|Dragapult, M|
|poke|p2|Toucannon, F|
|teampreview
|
|t:|1757835145
|teamsize|p1|6
|teamsize|p2|6
|start
|switch|p1a: Shield|Bastiodon, M|100/100
|switch|p2a: Dragapult|Dragapult, M|100/100
|turn|1
|
|t:|1757835159
|move|p2a: Dragapult|Flamethrower|p1a: Shield
|-damage|p1a: Shield|67/100
|move|p1a: Shield|Ice Beam|p2a: Dragapult
|-supereffective|p2a: Dragapult
|-damage|p2a: Dragapult|44/100
|
|upkeep
|turn|2
|
|t:|1757835171
|switch|p2a: Alomomola|Alomomola, M, shiny|100/100
|switch|p1a: Moltres|Moltres|100/100
|
|upkeep
|turn|3
|
|t:|1757835184
|move|p1a: Moltres|U-turn|p2a: Alomomola
|-damage|p2a: Alomomola|93/100
|
|t:|1757835187
|switch|p1a: Squanchy|Jolteon, M|100/100|[from] U-turn
|move|p2a: Alomomola|Scald|p1a: Squanchy
|-damage|p1a: Squanchy|85/100
|
|-status|p1a: Squanchy|brn|[from] item: Flame Orb
|upkeep
|turn|4
|
|t:|1757835201
|switch|p2a: Great Tusk|Great Tusk|100/100
|move|p1a: Squanchy|Calm Mind|p1a: Squanchy
|-boost|p1a: Squanchy|spa|1
|-boost|p1a: Squanchy|spd|1
|
|-damage|p1a: Squanchy|79/100 brn|[from] brn
|upkeep
|turn|5
|
|t:|1757835213
|move|p1a: Squanchy|Alluring Voice|p2a: Great Tusk
|-supereffective|p2a: Great Tusk
|-damage|p2a: Great Tusk|0 fnt
|faint|p2a: Great Tusk
|-end|p2a: Great Tusk|Protosynthesis|[silent]
|
|-damage|p1a: Squanchy|73/100 brn|[from] brn
|upkeep
|
|t:|1757835226
|switch|p2a: Kingambit|Kingambit, M, shiny|100/100
|-activate|p2a: Kingambit|ability: Supreme Overlord
|-start|p2a: Kingambit|fallen1|[silent]
|turn|6
|
|t:|1757835234
|switch|p1a: Moltres|Moltres|100/100
|move|p2a: Kingambit|Swords Dance|p2a: Kingambit
|-boost|p2a: Kingambit|atk|2
|
|upkeep
|turn|7
|
|t:|1757835243
|move|p1a: Moltres|Will-O-Wisp|p2a: Kingambit
|-status|p2a: Kingambit|brn
|move|p2a: Kingambit|Low Kick|p1a: Moltres
|-resisted|p1a: Moltres
|-damage|p1a: Moltres|88/100
|
|-damage|p2a: Kingambit|94/100 brn|[from] brn
|upkeep
|turn|8
|
|t:|1757835255
|move|p1a: Moltres|Flamethrower|p2a: Kingambit
|-supereffective|p2a: Kingambit
|-damage|p2a: Kingambit|13/100 brn
|move|p2a: Kingambit|Kowtow Cleave|p1a: Moltres
|-damage|p1a: Moltres|48/100
|
|-heal|p2a: Kingambit|19/100 brn|[from] item: Leftovers
|-damage|p2a: Kingambit|13/100 brn|[from] brn
|upkeep
|turn|9
|
|t:|1757835265
|move|p1a: Moltres|Roost|p1a: Moltres
|-heal|p1a: Moltres|98/100
|-singleturn|p1a: Moltres|move: Roost
|move|p2a: Kingambit|Kowtow Cleave|p1a: Moltres
|-damage|p1a: Moltres|63/100
|
|-heal|p2a: Kingambit|19/100 brn|[from] item: Leftovers
|-damage|p2a: Kingambit|13/100 brn|[from] brn
|upkeep
|turn|10
|
|t:|1757835278
|move|p1a: Moltres|Roost|p1a: Moltres
|-heal|p1a: Moltres|100/100
|-singleturn|p1a: Moltres|move: Roost
|move|p2a: Kingambit|Kowtow Cleave|p1a: Moltres
|-damage|p1a: Moltres|60/100
|
|-heal|p2a: Kingambit|19/100 brn|[from] item: Leftovers
|-damage|p2a: Kingambit|13/100 brn|[from] brn
|upkeep
|turn|11
|-message|ghost92i forfeited.
|
|win|supraxd
|raw|supraxd's rating: 1174 &rarr; <strong>1194</strong><br />(+20 for winning)
|raw|ghost92i's rating: 1102 &rarr; <strong>1082</strong><br />(-20 for losing)
|l|☆ghost92i
|player|p2|
|l|☆supraxd
|player|p1|
