|j|☆ClearBolt
|j|☆Uuds
|t:|1757832247
|gametype|singles
|player|p1|ClearBolt|266|1355
|player|p2|Uuds|102|1402
|gen|9
|tier|[Gen 9] OU
|rated|
|rule|HP Percentage Mod: HP is shown in percentages
|rule|Endless Battle Clause: Forcing endless battles is banned
|rule|Species Clause: Limit one of each Pokémon
|rule|OHKO Clause: OHKO moves are banned
|rule|Evasion Items Clause: Evasion items are banned
|rule|Evasion Moves Clause: Evasion moves are banned
|rule|Evasion Abilities Clause: Evasion abilities are banned
|rule|Sleep Moves Clause: Sleep-inducing moves are banned
|clearpoke
|poke|p1|Ninetales-Alola, F|
|poke|p1|Glastrier|
|poke|p1|Enamorus, F|
|poke|p1|Pawmot, F|
|poke|p1|Darkrai|
|poke|p1|Kyurem|
|poke|p2|Dragapult, M|
|poke|p2|Yanmega, M|
|poke|p2|Landorus-Therian, M|
|poke|p2|Rillaboom, M|
|poke|p2|Cinderace, F|
|poke|p2|Hoopa-Unbound|
|teampreview
|inactive|Battle timer is ON: inactive players will automatically lose when time's up. (requested by ClearBolt)
|
|t:|1757832273
|teamsize|p1|6
|teamsize|p2|6
|start
|switch|p1a: Pawmot|Pawmot, F|100/100
|switch|p2a: Cinderace|Cinderace, F|100/100
|turn|1
|
|t:|1757832279
|switch|p2a: Landorus|Landorus-Therian, M|100/100
|-ability|p2a: Landorus|Intimidate|boost
|-unboost|p1a: Pawmot|atk|1
|move|p1a: Pawmot|Fake Out|p2a: Landorus
|-damage|p2a: Landorus|90/100
|
|upkeep
|turn|2
|
|t:|1757832286
|switch|p1a: Enamorus|Enamorus, F|100/100
|move|p2a: Landorus|Stealth Rock|p1a: Enamorus
|-sidestart|p1: ClearBolt|move: Stealth Rock
|
|upkeep
|turn|3
|
|t:|1757832296
|switch|p2a: Cinderace|Cinderace, F|100/100
|move|p1a: Enamorus|Moonblast|p2a: Cinderace
|-resisted|p2a: Cinderace
|-damage|p2a: Cinderace|50/100
|
|upkeep
|turn|4
|
|t:|1757832301
|move|p2a: Cinderace|Flare Blitz|p1a: Enamorus
|-damage|p1a: Enamorus|15/100
|-damage|p2a: Cinderace|23/100|[from] Recoil
|move|p1a: Enamorus|Moonblast|p2a: Cinderace
|-resisted|p2a: Cinderace
|-damage|p2a: Cinderace|0 fnt
|faint|p2a: Cinderace
|
|upkeep
|
|t:|1757832309
|switch|p2a: Landorus|Landorus-Therian, M|90/100
|-ability|p2a: Landorus|Intimidate|boost
|-unboost|p1a: Enamorus|atk|1
|turn|5
|
|t:|1757832314
|move|p2a: Landorus|U-turn|p1a: Enamorus
|-resisted|p1a: Enamorus
|-damage|p1a: Enamorus|4/100
|
|t:|1757832319
|switch|p2a: Hoopa|Hoopa-Unbound|100/100|[from] U-turn
|move|p1a: Enamorus|Moonblast|p2a: Hoopa
|-supereffective|p2a: Hoopa
|-damage|p2a: Hoopa|0 fnt
|faint|p2a: Hoopa
|
|upkeep
|
|t:|1757832321
|switch|p2a: Dragapult|Dragapult, M|100/100
|turn|6
|
|t:|1757832326
|move|p2a: Dragapult|U-turn|p1a: Enamorus
|-resisted|p1a: Enamorus
|-damage|p1a: Enamorus|0 fnt
|-start|p2a: Dragapult|Attract|[from] ability: Cute Charm|[of] p1a: Enamorus
|faint|p1a: Enamorus
|-end|p2a: Dragapult|Attract|[silent]
|
|t:|1757832332
|switch|p2a: Landorus|Landorus-Therian, M|90/100|[from] U-turn
|
|upkeep
|
|t:|1757832340
|switch|p1a: Ninetales|Ninetales-Alola, F|100/100
|-damage|p1a: Ninetales|76/100|[from] Stealth Rock
|-weather|Snowscape|[from] ability: Snow Warning|[of] p1a: Ninetales
|turn|7
|
|t:|1757832345
|move|p2a: Landorus|Stone Edge|p1a: Ninetales
|-supereffective|p1a: Ninetales
|-damage|p1a: Ninetales|0 fnt
|faint|p1a: Ninetales
|
|-weather|Snowscape|[upkeep]
|upkeep
|
|t:|1757832357
|switch|p1a: Glastrier|Glastrier|100/100
|-damage|p1a: Glastrier|76/100|[from] Stealth Rock
|turn|8
|
|t:|1757832372
|move|p2a: Landorus|Stone Edge|p1a: Glastrier
|-supereffective|p1a: Glastrier
|-damage|p1a: Glastrier|39/100
|move|p1a: Glastrier|Icicle Crash|p2a: Landorus
|-supereffective|p2a: Landorus
|-damage|p2a: Landorus|0 fnt
|faint|p2a: Landorus
|-ability|p1a: Glastrier|Chilling Neigh|boost
|-boost|p1a: Glastrier|atk|1
|
|-weather|Snowscape|[upkeep]
|upkeep
|
|t:|1757832381
|switch|p2a: Dragapult|Dragapult, M|100/100
|turn|9
|
|t:|1757832390
|-terastallize|p2a: Dragapult|Dragon
|move|p2a: Dragapult|Dragon Darts|p1a: Glastrier
|-damage|p1a: Glastrier|13/100
|-anim|p2a: Dragapult|Dragon Darts|p1a: Glastrier
|-damage|p1a: Glastrier|0 fnt
|faint|p1a: Glastrier
|
|-weather|Snowscape|[upkeep]
|upkeep
|
|t:|1757832398
|switch|p1a: Kyurem|Kyurem|100/100
|-damage|p1a: Kyurem|76/100|[from] Stealth Rock
|-ability|p1a: Kyurem|Pressure
|turn|10
|
|t:|1757832402
|move|p1a: Kyurem|Ice Beam|p2a: Dragapult
|-supereffective|p2a: Dragapult
|-damage|p2a: Dragapult|0 fnt
|faint|p2a: Dragapult
|
|-weather|Snowscape|[upkeep]
|upkeep
|-message|Uuds forfeited.
|
|win|ClearBolt
|raw|ClearBolt's rating: 1355 &rarr; <strong>1378</strong><br />(+23 for winning)
|raw|Uuds's rating: 1402 &rarr; <strong>1379</strong><br />(-23 for losing)
|l|☆Uuds
|player|p2|
|l|☆ClearBolt
|player|p1|
