|inactive|Battle timer is ON: inactive players will automatically lose when time's up.
|badge|p2|bronze|gen9randombattle|100-6
|uhtml|medal-msg|<div class="broadcast-blue">Curious what those medals under the avatar are? PS now has Ladder Seasons! For more information, check out the <a href="https://www.smogon.com/forums/threads/3740067/">thread on Smogon.</a></div>
|t:|1757873293
|gametype|singles
|player|p1|Bloody alfa|unknown|
|player|p2|dorapult|dawn|
|gen|9
|tier|[Gen 9] OU
|rule|HP Percentage Mod: HP is shown in percentages
|rule|Endless Battle Clause: Forcing endless battles is banned
|rule|Species Clause: Limit one of each Pokémon
|rule|OHKO Clause: OHKO moves are banned
|rule|Evasion Items Clause: Evasion items are banned
|rule|Evasion Moves Clause: Evasion moves are banned
|rule|Evasion Abilities Clause: Evasion abilities are banned
|rule|Sleep Moves Clause: Sleep-inducing moves are banned
|clearpoke
|poke|p1|Kyurem|
|poke|p1|Cinderace, F|
|poke|p1|Landorus-Therian, M|
|poke|p1|Darkrai|
|poke|p1|Alomomola, F|
|poke|p1|Pecharunt|
|poke|p2|Rillaboom, M|
|poke|p2|Garganacl, F|
|poke|p2|Great Tusk|
|poke|p2|Kyurem|
|poke|p2|Moltres|
|poke|p2|Gholdengo|
|teampreview
|inactive|Bloody alfa also wants the timer to be on.
|c|☆Bloody alfa|hf
|c|☆dorapult|u2
|inactive|Bloody alfa has 270 seconds left.
|inactive|dorapult has 270 seconds left.
|inactive|Bloody alfa has 240 seconds left.
|
|t:|1757873370
|teamsize|p1|6
|teamsize|p2|6
|start
|switch|p1a: Darkrai|Darkrai|100/100
|switch|p2a: Rillaboom|Rillaboom, M|100/100
|-fieldstart|move: Grassy Terrain|[from] ability: Grassy Surge|[of] p2a: Rillaboom
|turn|1
|
|t:|1757873389
|move|p2a: Rillaboom|Wood Hammer|p1a: Darkrai
|-damage|p1a: Darkrai|0 fnt
|faint|p1a: Darkrai
|-damage|p2a: Rillaboom|73/100|[from] Recoil
|
|-heal|p2a: Rillaboom|79/100|[from] Grassy Terrain
|upkeep
|
|t:|1757873396
|switch|p1a: Cinderace|Cinderace, F|100/100
|turn|2
|inactive|dorapult has 270 seconds left.
|
|t:|1757873430
|switch|p2a: Garganacl|Garganacl, F|100/100
|switch|p1a: Kyurem|Kyurem|100/100
|-ability|p1a: Kyurem|Pressure
|
|upkeep
|turn|3
|inactive|dorapult has 270 seconds left.
|
|t:|1757873459
|move|p1a: Kyurem|Substitute|p1a: Kyurem
|-start|p1a: Kyurem|Substitute
|-damage|p1a: Kyurem|75/100
|move|p2a: Garganacl|Stealth Rock|p1a: Kyurem
|-sidestart|p1: Bloody alfa|move: Stealth Rock
|
|-heal|p1a: Kyurem|82/100|[from] Grassy Terrain
|-heal|p1a: Kyurem|88/100|[from] item: Leftovers
|upkeep
|turn|4
|
|t:|1757873475
|move|p1a: Kyurem|Freeze-Dry|p2a: Garganacl
|-damage|p2a: Garganacl|77/100
|move|p2a: Garganacl|Salt Cure|p1a: Kyurem
|-supereffective|p1a: Kyurem
|-activate|p1a: Kyurem|move: Substitute|[damage]
|
|-heal|p1a: Kyurem|94/100|[from] Grassy Terrain
|-heal|p1a: Kyurem|99/100|[from] item: Leftovers
|-heal|p2a: Garganacl|83/100|[from] Grassy Terrain
|-heal|p2a: Garganacl|89/100|[from] item: Leftovers
|upkeep
|turn|5
|
|t:|1757873493
|switch|p2a: Moltres|Moltres|100/100
|move|p1a: Kyurem|Earth Power|p2a: Moltres
|-immune|p2a: Moltres
|
|-heal|p1a: Kyurem|100/100|[from] Grassy Terrain
|-fieldend|move: Grassy Terrain
|upkeep
|turn|6
|
|t:|1757873500
|move|p1a: Kyurem|Freeze-Dry|p2a: Moltres
|-damage|p2a: Moltres|74/100
|move|p2a: Moltres|Roar|p1a: Kyurem
|drag|p1a: Cinderace|Cinderace, F|100/100
|
|upkeep
|turn|7
|
|t:|1757873510
|move|p1a: Cinderace|Gunk Shot|p2a: Moltres
|-start|p1a: Cinderace|typechange|Poison|[from] ability: Libero
|-damage|p2a: Moltres|17/100
|move|p2a: Moltres|U-turn|p1a: Cinderace
|-resisted|p1a: Cinderace
|-damage|p1a: Cinderace|91/100
|
|t:|1757873526
|switch|p2a: Garganacl|Garganacl, F|89/100|[from] U-turn
|
|-heal|p2a: Garganacl|95/100|[from] item: Leftovers
|upkeep
|turn|8
|inactive|Bloody alfa has 270 seconds left.
|
|t:|1757873568
|move|p1a: Cinderace|Court Change|p1a: Cinderace
|-swapsideconditions
|-activate|p1a: Cinderace|move: Court Change
|move|p2a: Garganacl|Salt Cure|p1a: Cinderace
|-damage|p1a: Cinderace|71/100
|-start|p1a: Cinderace|Salt Cure
|
|-heal|p2a: Garganacl|100/100|[from] item: Leftovers
|-damage|p1a: Cinderace|59/100|[from] Salt Cure
|upkeep
|turn|9
|inactive|dorapult has 270 seconds left.
|
|t:|1757873575
|switch|p1a: Kyurem|Kyurem|100/100
|-ability|p1a: Kyurem|Pressure
|move|p2a: Garganacl|Salt Cure|p1a: Kyurem
|-supereffective|p1a: Kyurem
|-crit|p1a: Kyurem
|-damage|p1a: Kyurem|63/100
|-start|p1a: Kyurem|Salt Cure
|
|-heal|p1a: Kyurem|69/100|[from] item: Leftovers
|-damage|p1a: Kyurem|57/100|[from] Salt Cure
|upkeep
|turn|10
|inactive|Bloody alfa has 270 seconds left.
|inactive|dorapult has 270 seconds left.
|
|t:|1757873594
|-terastallize|p1a: Kyurem|Ground
|move|p1a: Kyurem|Earth Power|p2a: Garganacl
|-supereffective|p2a: Garganacl
|-damage|p2a: Garganacl|34/100
|move|p2a: Garganacl|Stealth Rock|p1a: Kyurem
|-sidestart|p1: Bloody alfa|move: Stealth Rock
|
|-heal|p1a: Kyurem|63/100|[from] item: Leftovers
|-heal|p2a: Garganacl|40/100|[from] item: Leftovers
|-damage|p1a: Kyurem|50/100|[from] Salt Cure
|upkeep
|turn|11
|inactive|Bloody alfa has 270 seconds left.
|inactive|dorapult has 270 seconds left.
|
|t:|1757873614
|move|p2a: Garganacl|Protect|p2a: Garganacl
|-singleturn|p2a: Garganacl|Protect
|move|p1a: Kyurem|Earth Power|p2a: Garganacl
|-activate|p2a: Garganacl|move: Protect
|
|-heal|p1a: Kyurem|57/100|[from] item: Leftovers
|-heal|p2a: Garganacl|46/100|[from] item: Leftovers
|-damage|p1a: Kyurem|44/100|[from] Salt Cure
|upkeep
|turn|12
|
|t:|1757873633
|switch|p2a: Rillaboom|Rillaboom, M|79/100
|-damage|p2a: Rillaboom|67/100|[from] Stealth Rock
|-fieldstart|move: Grassy Terrain|[from] ability: Grassy Surge|[of] p2a: Rillaboom
|move|p1a: Kyurem|Earth Power|p2a: Rillaboom
|-resisted|p2a: Rillaboom
|-damage|p2a: Rillaboom|34/100
|
|-heal|p2a: Rillaboom|40/100|[from] Grassy Terrain
|-heal|p1a: Kyurem|50/100|[from] Grassy Terrain
|-heal|p1a: Kyurem|57/100|[from] item: Leftovers
|-damage|p1a: Kyurem|44/100|[from] Salt Cure
|upkeep
|turn|13
|
|t:|1757873652
|switch|p1a: Pecharunt|Pecharunt|100/100
|move|p2a: Rillaboom|Knock Off|p1a: Pecharunt
|-supereffective|p1a: Pecharunt
|-damage|p1a: Pecharunt|67/100
|-enditem|p1a: Pecharunt|Heavy-Duty Boots|[from] move: Knock Off|[of] p2a: Rillaboom
|
|-heal|p2a: Rillaboom|47/100|[from] Grassy Terrain
|-heal|p1a: Pecharunt|73/100|[from] Grassy Terrain
|upkeep
|turn|14
|
|t:|1757873664
|move|p2a: Rillaboom|Knock Off|p1a: Pecharunt
|-supereffective|p1a: Pecharunt
|-damage|p1a: Pecharunt|53/100
|move|p1a: Pecharunt|Malignant Chain|p2a: Rillaboom
|-supereffective|p2a: Rillaboom
|-damage|p2a: Rillaboom|0 fnt
|faint|p2a: Rillaboom
|
|-heal|p1a: Pecharunt|59/100|[from] Grassy Terrain
|upkeep
|inactive|dorapult has 240 seconds left.
|
|t:|1757873685
|switch|p2a: Kyurem|Kyurem|100/100
|-damage|p2a: Kyurem|76/100|[from] Stealth Rock
|-ability|p2a: Kyurem|Pressure
|turn|15
|inactive|dorapult has 240 seconds left.
|
|t:|1757873706
|switch|p1a: Cinderace|Cinderace, F|59/100
|move|p2a: Kyurem|Earth Power|p1a: Cinderace
|-supereffective|p1a: Cinderace
|-damage|p1a: Cinderace|0 fnt
|faint|p1a: Cinderace
|
|-heal|p2a: Kyurem|82/100|[from] Grassy Terrain
|-heal|p2a: Kyurem|88/100|[from] item: Leftovers
|upkeep
|
|t:|1757873712
|switch|p1a: Alomomola|Alomomola, F|100/100
|-damage|p1a: Alomomola|88/100|[from] Stealth Rock
|turn|16
|inactive|dorapult has 240 seconds left.
|
|t:|1757873722
|move|p2a: Kyurem|Substitute|p2a: Kyurem
|-start|p2a: Kyurem|Substitute
|-damage|p2a: Kyurem|63/100
|move|p1a: Alomomola|Body Slam|p2a: Kyurem
|-activate|p2a: Kyurem|move: Substitute|[damage]
|
|-heal|p2a: Kyurem|69/100|[from] Grassy Terrain
|-heal|p2a: Kyurem|75/100|[from] item: Leftovers
|-heal|p1a: Alomomola|94/100|[from] Grassy Terrain
|-fieldend|move: Grassy Terrain
|upkeep
|turn|17
|inactive|dorapult has 240 seconds left.
|
|t:|1757873733
|move|p2a: Kyurem|Freeze-Dry|p1a: Alomomola
|-supereffective|p1a: Alomomola
|-damage|p1a: Alomomola|52/100
|move|p1a: Alomomola|Flip Turn|p2a: Kyurem
|-resisted|p2a: Kyurem
|-activate|p2a: Kyurem|move: Substitute|[damage]
|
|t:|1757873736
|switch|p1a: Landorus|Landorus-Therian, M|100/100|[from] Flip Turn
|-damage|p1a: Landorus|88/100|[from] Stealth Rock
|-ability|p1a: Landorus|Intimidate|boost
|-immune|p2a: Kyurem
|
|-heal|p2a: Kyurem|82/100|[from] item: Leftovers
|upkeep
|turn|18
|
|t:|1757873746
|move|p1a: Landorus|U-turn|p2a: Kyurem
|-end|p2a: Kyurem|Substitute
|
|t:|1757873748
|switch|p1a: Alomomola|Alomomola, F|85/100|[from] U-turn
|-damage|p1a: Alomomola|73/100|[from] Stealth Rock
|move|p2a: Kyurem|Freeze-Dry|p1a: Alomomola
|-supereffective|p1a: Alomomola
|-damage|p1a: Alomomola|32/100
|-status|p1a: Alomomola|frz
|
|-heal|p2a: Kyurem|88/100|[from] item: Leftovers
|upkeep
|turn|19
|
|t:|1757873757
|switch|p1a: Landorus|Landorus-Therian, M|88/100
|-damage|p1a: Landorus|75/100|[from] Stealth Rock
|-ability|p1a: Landorus|Intimidate|boost
|-unboost|p2a: Kyurem|atk|1
|move|p2a: Kyurem|Substitute|p2a: Kyurem
|-start|p2a: Kyurem|Substitute
|-damage|p2a: Kyurem|63/100
|
|-heal|p2a: Kyurem|69/100|[from] item: Leftovers
|upkeep
|turn|20
|
|t:|1757873764
|move|p1a: Landorus|Earthquake|p2a: Kyurem
|-end|p2a: Kyurem|Substitute
|move|p2a: Kyurem|Freeze-Dry|p1a: Landorus
|-supereffective|p1a: Landorus
|-damage|p1a: Landorus|0 fnt
|faint|p1a: Landorus
|
|-heal|p2a: Kyurem|75/100|[from] item: Leftovers
|upkeep
|
|t:|1757873766
|switch|p1a: Pecharunt|Pecharunt|59/100
|-damage|p1a: Pecharunt|47/100|[from] Stealth Rock
|turn|21
|
|t:|1757873773
|move|p2a: Kyurem|Earth Power|p1a: Pecharunt
|-supereffective|p1a: Pecharunt
|-damage|p1a: Pecharunt|0 fnt
|faint|p1a: Pecharunt
|
|-heal|p2a: Kyurem|81/100|[from] item: Leftovers
|upkeep
|c|☆Bloody alfa|gg
|c|☆dorapult|ggs
|-message|Bloody alfa forfeited.
|
|win|dorapult
|player|p1|
