|j|☆JacezZ
|j|☆poketrep
|t:|1757952600
|gametype|singles
|player|p1|JacezZ|blackbelt-gen4dp|1423
|player|p2|poketrep|swimmerf|1410
|gen|9
|tier|[Gen 9] OU
|rated|
|rule|HP Percentage Mod: HP is shown in percentages
|rule|Endless Battle Clause: Forcing endless battles is banned
|rule|Species Clause: Limit one of each Pokémon
|rule|OHKO Clause: OHKO moves are banned
|rule|Evasion Items Clause: Evasion items are banned
|rule|Evasion Moves Clause: Evasion moves are banned
|rule|Evasion Abilities Clause: Evasion abilities are banned
|rule|Sleep Moves Clause: Sleep-inducing moves are banned
|clearpoke
|poke|p1|Swampert, F|
|poke|p1|Slowking-Galar, F|
|poke|p1|Thundurus-Therian, M|
|poke|p1|Ogerpon-Cornerstone, F|
|poke|p1|Gholdengo|
|poke|p1|Great Tusk|
|poke|p2|Rabsca, M|
|poke|p2|Slowking-Galar, F|
|poke|p2|Ursaluna, F|
|poke|p2|Azumarill, F|
|poke|p2|Mimikyu, F|
|poke|p2|Kingambit, F|
|teampreview
|
|t:|1757952608
|teamsize|p1|6
|teamsize|p2|6
|start
|switch|p1a: Ogerpon|Ogerpon-Cornerstone, F|100/100
|switch|p2a: Chad|Azumarill, F|100/100
|turn|1
|
|t:|1757952612
|switch|p2a: Shogun|Kingambit, F|100/100
|move|p1a: Ogerpon|Power Whip|p2a: Shogun
|-resisted|p2a: Shogun
|-damage|p2a: Shogun|73/100
|
|upkeep
|turn|2
|
|t:|1757952617
|switch|p1a: Great Tusk|Great Tusk|100/100
|move|p2a: Shogun|Sucker Punch||[still]
|-fail|p2a: Shogun
|
|upkeep
|turn|3
|
|t:|1757952622
|-end|p2a: Shogun|fallenundefined|[silent]
|switch|p2a: Atonement|Rabsca, M|100/100
|move|p1a: Great Tusk|Headlong Rush|p2a: Atonement
|-resisted|p2a: Atonement
|-damage|p2a: Atonement|82/100
|-unboost|p1a: Great Tusk|def|1
|-unboost|p1a: Great Tusk|spd|1
|
|upkeep
|turn|4
|
|t:|1757952626
|move|p1a: Great Tusk|Knock Off|p2a: Atonement
|-supereffective|p2a: Atonement
|-damage|p2a: Atonement|39/100
|-enditem|p2a: Atonement|Heavy-Duty Boots|[from] move: Knock Off|[of] p1a: Great Tusk
|move|p2a: Atonement|Future Sight|p1a: Great Tusk
|-start|p2a: Atonement|move: Future Sight
|
|upkeep
|turn|5
|
|t:|1757952633
|move|p1a: Great Tusk|Knock Off|p2a: Atonement
|-supereffective|p2a: Atonement
|-damage|p2a: Atonement|12/100
|move|p2a: Atonement|Trick Room|p2a: Atonement
|-fieldstart|move: Trick Room|[of] p2a: Atonement
|
|upkeep
|turn|6
|
|t:|1757952639
|switch|p2a: Village Crusher|Ursaluna, F|100/100
|-end|p1a: Great Tusk|Protosynthesis|[silent]
|switch|p1a: Slowking|Slowking-Galar, F|100/100
|
|-end|p1a: Slowking|move: Future Sight
|-damage|p1a: Slowking|72/100
|-status|p2a: Village Crusher|brn|[from] item: Flame Orb
|upkeep
|turn|7
|
|t:|1757952643
|-prepare|p1a: Slowking|Chilly Reception|[premajor]
|move|p1a: Slowking|Chilly Reception|p1a: Slowking
|-weather|Snowscape
|
|t:|1757952667
|switch|p1a: Swampert|Swampert, F|100/100|[from] Chilly Reception
|move|p2a: Village Crusher|Crunch|p1a: Swampert
|-damage|p1a: Swampert|69/100
|
|-weather|Snowscape|[upkeep]
|-damage|p2a: Village Crusher|94/100 brn|[from] brn
|upkeep
|turn|8
|
|t:|1757952677
|move|p2a: Village Crusher|Headlong Rush|p1a: Swampert
|-damage|p1a: Swampert|0 fnt
|-unboost|p2a: Village Crusher|def|1
|-unboost|p2a: Village Crusher|spd|1
|faint|p1a: Swampert
|
|-weather|Snowscape|[upkeep]
|-damage|p2a: Village Crusher|88/100 brn|[from] brn
|upkeep
|
|t:|1757952689
|switch|p1a: Great Tusk|Great Tusk|100/100
|turn|9
|
|t:|1757952696
|move|p2a: Village Crusher|Facade|p1a: Great Tusk
|-damage|p1a: Great Tusk|18/100
|-damage|p2a: Village Crusher|72/100 brn|[from] item: Rocky Helmet|[of] p1a: Great Tusk
|move|p1a: Great Tusk|Ice Spinner|p2a: Village Crusher
|-supereffective|p2a: Village Crusher
|-damage|p2a: Village Crusher|22/100 brn
|
|-weather|Snowscape|[upkeep]
|-damage|p2a: Village Crusher|16/100 brn|[from] brn
|-fieldend|move: Trick Room
|upkeep
|turn|10
|
|t:|1757952701
|switch|p2a: Atonement|Rabsca, M|12/100
|move|p1a: Great Tusk|Headlong Rush|p2a: Atonement
|-resisted|p2a: Atonement
|-damage|p2a: Atonement|0 fnt
|-unboost|p1a: Great Tusk|def|1
|-unboost|p1a: Great Tusk|spd|1
|faint|p2a: Atonement
|
|-weather|Snowscape|[upkeep]
|upkeep
|
|t:|1757952705
|switch|p2a: Chad|Azumarill, F|100/100
|turn|11
|
|t:|1757952709
|-end|p1a: Great Tusk|Protosynthesis|[silent]
|switch|p1a: Slowking|Slowking-Galar, F|100/100
|move|p2a: Chad|Aqua Jet|p1a: Slowking
|-damage|p1a: Slowking|76/100
|
|-weather|none
|upkeep
|turn|12
|
|t:|1757952712
|move|p2a: Chad|Knock Off|p1a: Slowking
|-supereffective|p1a: Slowking
|-damage|p1a: Slowking|0 fnt
|-enditem|p1a: Slowking|Shuca Berry|[from] move: Knock Off|[of] p2a: Chad
|faint|p1a: Slowking
|
|upkeep
|
|t:|1757952717
|switch|p1a: Ogerpon|Ogerpon-Cornerstone, F|100/100
|turn|13
|
|t:|1757952722
|switch|p2a: Decoy|Mimikyu, F|100/100
|move|p1a: Ogerpon|Power Whip|p2a: Decoy
|-activate|p2a: Decoy|ability: Disguise
|-damage|p2a: Decoy|100/100
|detailschange|p2a: Decoy|Mimikyu-Busted, F
|-damage|p2a: Decoy|88/100|[from] pokemon: Mimikyu-Busted
|
|upkeep
|turn|14
|
|t:|1757952726
|move|p1a: Ogerpon|Ivy Cudgel|p2a: Decoy|[anim] Ivy Cudgel Rock
|-damage|p2a: Decoy|18/100
|move|p2a: Decoy|Trick Room|p2a: Decoy
|-fieldstart|move: Trick Room|[of] p2a: Decoy
|
|upkeep
|turn|15
|
|t:|1757952731
|switch|p1a: Great Tusk|Great Tusk|18/100
|move|p2a: Decoy|Curse|p1a: Great Tusk
|-start|p1a: Great Tusk|Curse|[of] p2a: Decoy
|-damage|p2a: Decoy|0 fnt
|faint|p2a: Decoy
|
|-damage|p1a: Great Tusk|0 fnt|[from] Curse
|faint|p1a: Great Tusk
|-end|p1a: Great Tusk|Protosynthesis|[silent]
|upkeep
|
|t:|1757952737
|switch|p2a: Shogun|Kingambit, F|73/100
|switch|p1a: Thundurus|Thundurus-Therian, M|100/100
|-activate|p2a: Shogun|ability: Supreme Overlord
|-start|p2a: Shogun|fallen2|[silent]
|turn|16
|
|t:|1757952740
|move|p2a: Shogun|Kowtow Cleave|p1a: Thundurus
|-damage|p1a: Thundurus|0 fnt
|faint|p1a: Thundurus
|
|upkeep
|
|t:|1757952744
|switch|p1a: Gholdengo|Gholdengo|100/100
|turn|17
|
|t:|1757952752
|-terastallize|p1a: Gholdengo|Fighting
|move|p2a: Shogun|Iron Head|p1a: Gholdengo
|-damage|p1a: Gholdengo|41/100
|move|p1a: Gholdengo|Focus Blast|p2a: Shogun|[miss]
|-miss|p1a: Gholdengo|p2a: Shogun
|
|upkeep
|turn|18
|
|t:|1757952760
|switch|p1a: Ogerpon|Ogerpon-Cornerstone, F|100/100
|move|p2a: Shogun|Iron Head|p1a: Ogerpon
|-supereffective|p1a: Ogerpon
|-crit|p1a: Ogerpon
|-ability|p1a: Ogerpon|Sturdy
|-damage|p1a: Ogerpon|1/100
|
|-fieldend|move: Trick Room
|upkeep
|turn|19
|
|t:|1757952765
|move|p2a: Shogun|Sucker Punch||[still]
|-fail|p2a: Shogun
|move|p1a: Ogerpon|Spikes|p2a: Shogun
|-sidestart|p2: poketrep|Spikes
|
|upkeep
|turn|20
|
|t:|1757952769
|move|p1a: Ogerpon|Spikes|p2a: Shogun
|-sidestart|p2: poketrep|Spikes
|move|p2a: Shogun|Iron Head|p1a: Ogerpon
|-supereffective|p1a: Ogerpon
|-damage|p1a: Ogerpon|0 fnt
|faint|p1a: Ogerpon
|
|upkeep
|
|t:|1757952771
|switch|p1a: Gholdengo|Gholdengo, tera:Fighting|41/100
|turn|21
|
|t:|1757952775
|move|p1a: Gholdengo|Trick|p2a: Shogun
|-activate|p1a: Gholdengo|move: Trick|[of] p2a: Shogun
|-item|p2a: Shogun|Choice Scarf|[from] move: Trick
|-item|p1a: Gholdengo|Black Glasses|[from] move: Trick
|move|p2a: Shogun|Iron Head|p1a: Gholdengo
|-damage|p1a: Gholdengo|0 fnt
|faint|p1a: Gholdengo
|
|win|poketrep
|raw|JacezZ's rating: 1423 &rarr; <strong>1402</strong><br />(-21 for losing)
|raw|poketrep's rating: 1410 &rarr; <strong>1431</strong><br />(+21 for winning)
|l|☆JacezZ
|player|p1|
|l|☆poketrep
|player|p2|
