|j|☆emeralde-ex✧
|j|☆StarPollution
|t:|1757954589
|gametype|singles
|player|p1|emeralde-ex✧|miku-ice|1045
|player|p2|StarPollution|cheryl|1036
|gen|9
|tier|[Gen 9] OU
|rated|
|rule|HP Percentage Mod: HP is shown in percentages
|rule|Endless Battle Clause: Forcing endless battles is banned
|rule|Species Clause: Limit one of each Pokémon
|rule|OHKO Clause: OHKO moves are banned
|rule|Evasion Items Clause: Evasion items are banned
|rule|Evasion Moves Clause: Evasion moves are banned
|rule|Evasion Abilities Clause: Evasion abilities are banned
|rule|Sleep Moves Clause: Sleep-inducing moves are banned
|clearpoke
|poke|p1|Dragapult, M|
|poke|p1|Kyurem|
|poke|p1|Cinderace, M|
|poke|p1|Rillaboom, F|
|poke|p1|Iron Moth|
|poke|p1|Kingambit, M|
|poke|p2|Glimmora, F|
|poke|p2|Hatterene, F|
|poke|p2|Espeon, M|
|poke|p2|Kingambit, F|
|poke|p2|Umbreon, F|
|poke|p2|Dondozo, M|
|teampreview
|
|t:|1757954623
|teamsize|p1|6
|teamsize|p2|6
|start
|switch|p1a: Hyōrinmaru|Kyurem, shiny|100/100
|switch|p2a: Glimmora|Glimmora, F|100/100
|-item|p2a: Glimmora|Air Balloon
|-ability|p1a: Hyōrinmaru|Pressure
|turn|1
|
|t:|1757954639
|move|p2a: Glimmora|Toxic|p1a: Hyōrinmaru
|-status|p1a: Hyōrinmaru|tox
|move|p1a: Hyōrinmaru|Draco Meteor|p2a: Glimmora|[miss]
|-miss|p1a: Hyōrinmaru|p2a: Glimmora
|
|-damage|p1a: Hyōrinmaru|94/100 tox|[from] psn
|upkeep
|turn|2
|
|t:|1757954652
|switch|p2a: Hatterene|Hatterene, F|100/100
|switch|p1a: Aprila|Rillaboom, F, shiny|100/100
|-fieldstart|move: Grassy Terrain|[from] ability: Grassy Surge|[of] p1a: Aprila
|
|upkeep
|turn|3
|
|t:|1757954665
|move|p1a: Aprila|Wood Hammer|p2a: Hatterene
|-damage|p2a: Hatterene|0 fnt
|faint|p2a: Hatterene
|-damage|p1a: Aprila|70/100|[from] Recoil
|
|-heal|p1a: Aprila|76/100|[from] Grassy Terrain
|upkeep
|
|t:|1757954680
|switch|p2a: Umbreon|Umbreon, F|100/100
|turn|4
|
|t:|1757954685
|-terastallize|p2a: Umbreon|Poison
|move|p1a: Aprila|Wood Hammer|p2a: Umbreon
|-resisted|p2a: Umbreon
|-damage|p2a: Umbreon|47/100
|-damage|p1a: Aprila|55/100|[from] Recoil
|move|p2a: Umbreon|Toxic|p1a: Aprila
|-status|p1a: Aprila|tox
|
|-heal|p1a: Aprila|61/100 tox|[from] Grassy Terrain
|-heal|p2a: Umbreon|53/100|[from] Grassy Terrain
|-heal|p2a: Umbreon|59/100|[from] item: Leftovers
|-damage|p1a: Aprila|55/100 tox|[from] psn
|upkeep
|turn|5
|
|t:|1757954710
|move|p2a: Umbreon|Protect|p2a: Umbreon
|-singleturn|p2a: Umbreon|Protect
|move|p1a: Aprila|Wood Hammer|p2a: Umbreon
|-activate|p2a: Umbreon|move: Protect
|
|-heal|p1a: Aprila|61/100 tox|[from] Grassy Terrain
|-heal|p2a: Umbreon|65/100|[from] Grassy Terrain
|-heal|p2a: Umbreon|71/100|[from] item: Leftovers
|-damage|p1a: Aprila|49/100 tox|[from] psn
|upkeep
|turn|6
|
|t:|1757954722
|move|p1a: Aprila|Wood Hammer|p2a: Umbreon
|-resisted|p2a: Umbreon
|-damage|p2a: Umbreon|20/100
|-damage|p1a: Aprila|30/100 tox|[from] Recoil
|move|p2a: Umbreon|Moonlight|p2a: Umbreon
|-heal|p2a: Umbreon|70/100
|
|-heal|p1a: Aprila|36/100 tox|[from] Grassy Terrain
|-heal|p2a: Umbreon|76/100|[from] Grassy Terrain
|-heal|p2a: Umbreon|82/100|[from] item: Leftovers
|-damage|p1a: Aprila|17/100 tox|[from] psn
|-fieldend|move: Grassy Terrain
|upkeep
|turn|7
|
|t:|1757954741
|move|p2a: Umbreon|Protect|p2a: Umbreon
|-singleturn|p2a: Umbreon|Protect
|move|p1a: Aprila|Wood Hammer|p2a: Umbreon
|-activate|p2a: Umbreon|move: Protect
|
|-heal|p2a: Umbreon|88/100|[from] item: Leftovers
|-damage|p1a: Aprila|0 fnt|[from] psn
|faint|p1a: Aprila
|upkeep
|
|t:|1757954760
|switch|p1a: Checkmate|Kingambit, M|100/100
|-activate|p1a: Checkmate|ability: Supreme Overlord
|-start|p1a: Checkmate|fallen1|[silent]
|turn|8
|
|t:|1757954772
|switch|p2a: Dondozo|Dondozo, M|100/100
|move|p1a: Checkmate|Swords Dance|p1a: Checkmate
|-boost|p1a: Checkmate|atk|2
|
|upkeep
|turn|9
|
|t:|1757954789
|-end|p1a: Checkmate|fallen1|[silent]
|switch|p1a: Hyōrinmaru|Kyurem, shiny|94/100 tox
|-ability|p1a: Hyōrinmaru|Pressure
|move|p2a: Dondozo|Earthquake|p1a: Hyōrinmaru
|-damage|p1a: Hyōrinmaru|63/100 tox
|
|-damage|p1a: Hyōrinmaru|57/100 tox|[from] psn
|upkeep
|turn|10
|
|t:|1757954803
|move|p2a: Dondozo|Protect|p2a: Dondozo
|-singleturn|p2a: Dondozo|Protect
|move|p1a: Hyōrinmaru|Freeze-Dry|p2a: Dondozo
|-activate|p2a: Dondozo|move: Protect
|
|-damage|p1a: Hyōrinmaru|45/100 tox|[from] psn
|upkeep
|turn|11
|
|t:|1757954820
|switch|p2a: Glimmora|Glimmora, F|100/100
|-item|p2a: Glimmora|Air Balloon
|move|p1a: Hyōrinmaru|Freeze-Dry|p2a: Glimmora
|-damage|p2a: Glimmora|57/100
|-enditem|p2a: Glimmora|Air Balloon
|
|-damage|p1a: Hyōrinmaru|26/100 tox|[from] psn
|upkeep
|turn|12
|
|t:|1757954843
|switch|p1a: Checkmate|Kingambit, M|100/100
|-activate|p1a: Checkmate|ability: Supreme Overlord
|-start|p1a: Checkmate|fallen1|[silent]
|move|p2a: Glimmora|Protect||[still]
|-fail|p2a: Glimmora
|
|upkeep
|turn|13
|
|t:|1757954849
|move|p1a: Checkmate|Sucker Punch||[still]
|-fail|p1a: Checkmate
|move|p2a: Glimmora|Toxic|p1a: Checkmate
|-status|p1a: Checkmate|tox
|
|-damage|p1a: Checkmate|94/100 tox|[from] psn
|upkeep
|turn|14
|
|t:|1757954859
|move|p2a: Glimmora|Protect|p2a: Glimmora
|-singleturn|p2a: Glimmora|Protect
|move|p1a: Checkmate|Kowtow Cleave|p2a: Glimmora
|-activate|p2a: Glimmora|move: Protect
|
|-damage|p1a: Checkmate|82/100 tox|[from] psn
|upkeep
|turn|15
|
|t:|1757954874
|switch|p2a: Kingambit|Kingambit, F|100/100
|-activate|p2a: Kingambit|ability: Supreme Overlord
|-start|p2a: Kingambit|fallen1|[silent]
|move|p1a: Checkmate|Swords Dance|p1a: Checkmate
|-boost|p1a: Checkmate|atk|2
|
|-damage|p1a: Checkmate|63/100 tox|[from] psn
|upkeep
|turn|16
|
|t:|1757954884
|move|p1a: Checkmate|Kowtow Cleave|p2a: Kingambit
|-resisted|p2a: Kingambit
|-damage|p2a: Kingambit|51/100
|move|p2a: Kingambit|Iron Head|p1a: Checkmate
|-resisted|p1a: Checkmate
|-damage|p1a: Checkmate|45/100 tox
|
|-damage|p1a: Checkmate|20/100 tox|[from] psn
|upkeep
|turn|17
|
|t:|1757954898
|move|p1a: Checkmate|Sucker Punch|p2a: Kingambit
|-resisted|p2a: Kingambit
|-damage|p2a: Kingambit|16/100
|move|p2a: Kingambit|Sucker Punch||[still]
|-fail|p2a: Kingambit
|
|-damage|p1a: Checkmate|0 fnt|[from] psn
|faint|p1a: Checkmate
|-end|p1a: Checkmate|fallen1|[silent]
|upkeep
|
|t:|1757954932
|switch|p1a: D4C|Iron Moth, shiny|100/100
|-enditem|p1a: D4C|Booster Energy
|-activate|p1a: D4C|ability: Quark Drive|[fromitem]
|-start|p1a: D4C|quarkdrivespa
|turn|18
|
|t:|1757954941
|move|p1a: D4C|Agility|p1a: D4C
|-boost|p1a: D4C|spe|2
|move|p2a: Kingambit|Zen Headbutt|p1a: D4C
|-supereffective|p1a: D4C
|-damage|p1a: D4C|0 fnt
|faint|p1a: D4C
|-end|p1a: D4C|Quark Drive|[silent]
|
|upkeep
|
|t:|1757954953
|switch|p1a: Ghost Rider|Dragapult, M|100/100
|turn|19
|
|t:|1757954958
|move|p2a: Kingambit|Sucker Punch||[still]
|-fail|p2a: Kingambit
|move|p1a: Ghost Rider|Will-O-Wisp|p2a: Kingambit
|-status|p2a: Kingambit|brn
|
|-damage|p2a: Kingambit|9/100 brn|[from] brn
|upkeep
|turn|20
|
|t:|1757954975
|switch|p1a: Hyōrinmaru|Kyurem, shiny|26/100 tox
|-ability|p1a: Hyōrinmaru|Pressure
|move|p2a: Kingambit|Sucker Punch||[still]
|-fail|p2a: Kingambit
|
|-damage|p1a: Hyōrinmaru|20/100 tox|[from] psn
|-damage|p2a: Kingambit|3/100 brn|[from] brn
|upkeep
|turn|21
|
|t:|1757954992
|switch|p1a: Blitzfeuer|Cinderace, M, shiny|100/100
|move|p2a: Kingambit|Iron Head|p1a: Blitzfeuer
|-resisted|p1a: Blitzfeuer
|-damage|p1a: Blitzfeuer|82/100
|
|-damage|p2a: Kingambit|0 fnt|[from] brn
|faint|p2a: Kingambit
|-end|p2a: Kingambit|fallen1|[silent]
|upkeep
|
|t:|1757955005
|switch|p2a: Umbreon|Umbreon, F, tera:Poison|88/100
|turn|22
|
|t:|1757955036
|move|p1a: Blitzfeuer|Pyro Ball|p2a: Umbreon
|-damage|p2a: Umbreon|38/100
|move|p2a: Umbreon|Toxic|p1a: Blitzfeuer
|-status|p1a: Blitzfeuer|tox
|
|-heal|p2a: Umbreon|44/100|[from] item: Leftovers
|-damage|p1a: Blitzfeuer|76/100 tox|[from] psn
|upkeep
|turn|23
|
|t:|1757955053
|move|p2a: Umbreon|Protect|p2a: Umbreon
|-singleturn|p2a: Umbreon|Protect
|move|p1a: Blitzfeuer|Pyro Ball|p2a: Umbreon
|-activate|p2a: Umbreon|move: Protect
|
|-heal|p2a: Umbreon|50/100|[from] item: Leftovers
|-damage|p1a: Blitzfeuer|64/100 tox|[from] psn
|upkeep
|turn|24
|
|t:|1757955066
|switch|p2a: Espeon|Espeon, M|100/100
|move|p1a: Blitzfeuer|Pyro Ball|p2a: Espeon|[miss]
|-miss|p1a: Blitzfeuer|p2a: Espeon
|
|-damage|p1a: Blitzfeuer|46/100 tox|[from] psn
|upkeep
|turn|25
|
|t:|1757955078
|move|p1a: Blitzfeuer|U-turn|p2a: Espeon
|-start|p1a: Blitzfeuer|typechange|Bug|[from] ability: Libero
|-supereffective|p2a: Espeon
|-enditem|p2a: Espeon|Focus Sash
|-damage|p2a: Espeon|1/100
|
|t:|1757955085
|switch|p1a: Hyōrinmaru|Kyurem, shiny|20/100 tox|[from] U-turn
|-ability|p1a: Hyōrinmaru|Pressure
|move|p2a: Espeon|Power Gem|p1a: Hyōrinmaru
|-supereffective|p1a: Hyōrinmaru
|-damage|p1a: Hyōrinmaru|0 fnt
|faint|p1a: Hyōrinmaru
|
|upkeep
|
|t:|1757955099
|switch|p1a: Ghost Rider|Dragapult, M|100/100
|turn|26
|
|t:|1757955103
|move|p1a: Ghost Rider|U-turn|p2a: Espeon
|-supereffective|p2a: Espeon
|-damage|p2a: Espeon|0 fnt
|faint|p2a: Espeon
|
|t:|1757955106
|switch|p1a: Blitzfeuer|Cinderace, M, shiny|46/100 tox|[from] U-turn
|
|-damage|p1a: Blitzfeuer|40/100 tox|[from] psn
|upkeep
|
|t:|1757955111
|switch|p2a: Dondozo|Dondozo, M|100/100
|turn|27
|
|t:|1757955136
|move|p1a: Blitzfeuer|U-turn|p2a: Dondozo
|-start|p1a: Blitzfeuer|typechange|Bug|[from] ability: Libero
|-damage|p2a: Dondozo|80/100
|
|t:|1757955140
|switch|p1a: Ghost Rider|Dragapult, M|100/100|[from] U-turn
|move|p2a: Dondozo|Wave Crash|p1a: Ghost Rider
|-resisted|p1a: Ghost Rider
|-damage|p1a: Ghost Rider|63/100
|-damage|p2a: Dondozo|72/100|[from] Recoil
|
|-heal|p2a: Dondozo|78/100|[from] item: Leftovers
|upkeep
|turn|28
|
|t:|1757955149
|move|p1a: Ghost Rider|Will-O-Wisp|p2a: Dondozo|[miss]
|-miss|p1a: Ghost Rider|p2a: Dondozo
|move|p2a: Dondozo|Avalanche|p1a: Ghost Rider
|-supereffective|p1a: Ghost Rider
|-damage|p1a: Ghost Rider|9/100
|
|-heal|p2a: Dondozo|85/100|[from] item: Leftovers
|upkeep
|turn|29
|
|t:|1757955159
|move|p1a: Ghost Rider|Draco Meteor|p2a: Dondozo
|-damage|p2a: Dondozo|35/100
|-unboost|p1a: Ghost Rider|spa|2
|move|p2a: Dondozo|Earthquake|p1a: Ghost Rider
|-damage|p1a: Ghost Rider|0 fnt
|faint|p1a: Ghost Rider
|
|-heal|p2a: Dondozo|41/100|[from] item: Leftovers
|upkeep
|
|t:|1757955167
|switch|p1a: Blitzfeuer|Cinderace, M, shiny|40/100 tox
|turn|30
|
|t:|1757955176
|move|p2a: Dondozo|Protect|p2a: Dondozo
|-singleturn|p2a: Dondozo|Protect
|move|p1a: Blitzfeuer|High Jump Kick|p2a: Dondozo
|-start|p1a: Blitzfeuer|typechange|Fighting|[from] ability: Libero
|-activate|p2a: Dondozo|move: Protect
|-damage|p1a: Blitzfeuer|0 fnt|[from] highjumpkick
|faint|p1a: Blitzfeuer
|
|win|StarPollution
|raw|emeralde-ex✧'s rating: 1045 &rarr; <strong>1028</strong><br />(-17 for losing)
|raw|StarPollution's rating: 1036 &rarr; <strong>1071</strong><br />(+35 for winning)
|l|☆emeralde-ex✧
|player|p1|
