|j|☆OminousGengar
|j|☆susumu808
|t:|1757918161
|gametype|singles
|player|p1|OminousGengar|eusine|1303
|player|p2|susumu808|cyrus|1369
|gen|9
|tier|[Gen 9] OU
|rated|
|rule|HP Percentage Mod: HP is shown in percentages
|rule|Endless Battle Clause: Forcing endless battles is banned
|rule|Species Clause: Limit one of each Pokémon
|rule|OHKO Clause: OHKO moves are banned
|rule|Evasion Items Clause: Evasion items are banned
|rule|Evasion Moves Clause: Evasion moves are banned
|rule|Evasion Abilities Clause: Evasion abilities are banned
|rule|Sleep Moves Clause: Sleep-inducing moves are banned
|clearpoke
|poke|p1|Talonflame, M|
|poke|p1|Pelipper, M|
|poke|p1|Barraskewda, F|
|poke|p1|Toxicroak, F|
|poke|p1|Hatterene, F|
|poke|p1|Iron Treads|
|poke|p2|Blaziken, M|
|poke|p2|Serperior, M|
|poke|p2|Gyarados, M|
|poke|p2|Kommo-o, M|
|poke|p2|Dragonite, M|
|poke|p2|Deoxys-Defense|
|teampreview
|inactive|Battle timer is ON: inactive players will automatically lose when time's up. (requested by susumu808)
|
|t:|1757918172
|teamsize|p1|6
|teamsize|p2|6
|start
|switch|p1a: Barraskewda|Barraskewda, F|100/100
|switch|p2a: Deoxys|Deoxys-Defense|100/100
|-ability|p2a: Deoxys|Pressure
|turn|1
|
|t:|1757918175
|move|p1a: Barraskewda|Flip Turn|p2a: Deoxys
|-damage|p2a: Deoxys|70/100
|
|t:|1757918178
|switch|p1a: Hatterene|Hatterene, F|100/100|[from] Flip Turn
|move|p2a: Deoxys|Cosmic Power|p2a: Deoxys
|-boost|p2a: Deoxys|def|1
|-boost|p2a: Deoxys|spd|1
|
|-heal|p2a: Deoxys|76/100|[from] item: Leftovers
|upkeep
|turn|2
|
|t:|1757918183
|move|p2a: Deoxys|Cosmic Power|p2a: Deoxys
|-boost|p2a: Deoxys|def|1
|-boost|p2a: Deoxys|spd|1
|move|p1a: Hatterene|Nuzzle|p2a: Deoxys
|-damage|p2a: Deoxys|74/100
|-status|p2a: Deoxys|par
|
|-heal|p2a: Deoxys|80/100 par|[from] item: Leftovers
|upkeep
|turn|3
|
|t:|1757918190
|switch|p1a: Pelipper|Pelipper, M|100/100
|-weather|RainDance|[from] ability: Drizzle|[of] p1a: Pelipper
|move|p2a: Deoxys|Cosmic Power|p2a: Deoxys
|-boost|p2a: Deoxys|def|1
|-boost|p2a: Deoxys|spd|1
|
|-weather|RainDance|[upkeep]
|-heal|p2a: Deoxys|87/100 par|[from] item: Leftovers
|upkeep
|turn|4
|
|t:|1757918197
|move|p1a: Pelipper|Hurricane|p2a: Deoxys
|-damage|p2a: Deoxys|77/100 par
|cant|p2a: Deoxys|par
|
|-weather|RainDance|[upkeep]
|-heal|p2a: Deoxys|83/100 par|[from] item: Leftovers
|upkeep
|turn|5
|
|t:|1757918201
|move|p1a: Pelipper|Hurricane|p2a: Deoxys
|-damage|p2a: Deoxys|73/100 par
|-start|p2a: Deoxys|confusion
|-activate|p2a: Deoxys|confusion
|cant|p2a: Deoxys|par
|
|-weather|RainDance|[upkeep]
|-heal|p2a: Deoxys|79/100 par|[from] item: Leftovers
|upkeep
|turn|6
|
|t:|1757918208
|move|p1a: Pelipper|U-turn|p2a: Deoxys
|-supereffective|p2a: Deoxys
|-damage|p2a: Deoxys|74/100 par
|
|t:|1757918212
|switch|p1a: Toxicroak|Toxicroak, F|100/100|[from] U-turn
|-end|p2a: Deoxys|confusion
|move|p2a: Deoxys|Cosmic Power|p2a: Deoxys
|-boost|p2a: Deoxys|def|1
|-boost|p2a: Deoxys|spd|1
|
|-weather|RainDance|[upkeep]
|-heal|p2a: Deoxys|80/100 par|[from] item: Leftovers
|upkeep
|turn|7
|
|t:|1757918217
|-terastallize|p2a: Deoxys|Poison
|move|p1a: Toxicroak|Encore|p2a: Deoxys
|-start|p2a: Deoxys|Encore
|cant|p2a: Deoxys|par
|
|-weather|RainDance|[upkeep]
|-heal|p2a: Deoxys|87/100 par|[from] item: Leftovers
|upkeep
|turn|8
|
|t:|1757918222
|move|p1a: Toxicroak|Knock Off|p2a: Deoxys
|-damage|p2a: Deoxys|81/100 par
|-enditem|p2a: Deoxys|Leftovers|[from] move: Knock Off|[of] p1a: Toxicroak
|move|p2a: Deoxys|Cosmic Power|p2a: Deoxys
|-boost|p2a: Deoxys|def|1
|-boost|p2a: Deoxys|spd|1
|
|-weather|RainDance|[upkeep]
|upkeep
|turn|9
|
|t:|1757918228
|move|p1a: Toxicroak|Drain Punch|p2a: Deoxys
|-resisted|p2a: Deoxys
|-damage|p2a: Deoxys|78/100 par
|cant|p2a: Deoxys|par
|
|-weather|RainDance|[upkeep]
|-end|p2a: Deoxys|Encore
|upkeep
|turn|10
|
|t:|1757918232
|move|p1a: Toxicroak|Encore|p2a: Deoxys
|-start|p2a: Deoxys|Encore
|move|p2a: Deoxys|Cosmic Power|p2a: Deoxys
|-boost|p2a: Deoxys|def|1
|-boost|p2a: Deoxys|spd|1
|
|-weather|none
|upkeep
|turn|11
|
|t:|1757918236
|move|p1a: Toxicroak|Knock Off|p2a: Deoxys
|-damage|p2a: Deoxys|75/100 par
|cant|p2a: Deoxys|par
|
|upkeep
|turn|12
|
|t:|1757918240
|move|p1a: Toxicroak|Knock Off|p2a: Deoxys
|-crit|p2a: Deoxys
|-damage|p2a: Deoxys|59/100 par
|cant|p2a: Deoxys|par
|
|-end|p2a: Deoxys|Encore
|upkeep
|turn|13
|
|t:|1757918244
|move|p1a: Toxicroak|Encore|p2a: Deoxys
|-start|p2a: Deoxys|Encore
|cant|p2a: Deoxys|par
|
|upkeep
|turn|14
|
|t:|1757918246
|move|p1a: Toxicroak|Knock Off|p2a: Deoxys
|-damage|p2a: Deoxys|56/100 par
|cant|p2a: Deoxys|par
|
|upkeep
|turn|15
|
|t:|1757918248
|move|p1a: Toxicroak|Knock Off|p2a: Deoxys
|-damage|p2a: Deoxys|53/100 par
|cant|p2a: Deoxys|par
|
|-end|p2a: Deoxys|Encore
|upkeep
|turn|16
|
|t:|1757918251
|move|p1a: Toxicroak|Encore|p2a: Deoxys
|-start|p2a: Deoxys|Encore
|move|p2a: Deoxys|Cosmic Power|p2a: Deoxys
|-boost|p2a: Deoxys|def|0
|-boost|p2a: Deoxys|spd|0
|
|upkeep
|turn|17
|
|t:|1757918252
|move|p1a: Toxicroak|Knock Off|p2a: Deoxys
|-damage|p2a: Deoxys|50/100 par
|move|p2a: Deoxys|Cosmic Power|p2a: Deoxys
|-boost|p2a: Deoxys|def|0
|-boost|p2a: Deoxys|spd|0
|
|upkeep
|turn|18
|
|t:|1757918259
|move|p1a: Toxicroak|Knock Off|p2a: Deoxys
|-damage|p2a: Deoxys|47/100 par
|move|p2a: Deoxys|Cosmic Power|p2a: Deoxys
|-boost|p2a: Deoxys|def|0
|-boost|p2a: Deoxys|spd|0
|
|-end|p2a: Deoxys|Encore
|upkeep
|turn|19
|
|t:|1757918265
|switch|p1a: Hatterene|Hatterene, F|100/100
|move|p2a: Deoxys|Recover|p2a: Deoxys
|-heal|p2a: Deoxys|97/100 par
|
|upkeep
|turn|20
|
|t:|1757918274
|move|p2a: Deoxys|Stored Power|p1a: Hatterene
|-resisted|p1a: Hatterene
|-damage|p1a: Hatterene|66/100
|-enditem|p1a: Hatterene|Eject Button
|
|t:|1757918278
|switch|p1a: Pelipper|Pelipper, M|100/100
|-weather|RainDance|[from] ability: Drizzle|[of] p1a: Pelipper
|
|-weather|RainDance|[upkeep]
|upkeep
|turn|21
|
|t:|1757918286
|move|p1a: Pelipper|U-turn|p2a: Deoxys
|-resisted|p2a: Deoxys
|-damage|p2a: Deoxys|97/100 par
|
|t:|1757918290
|switch|p1a: Hatterene|Hatterene, F|66/100|[from] U-turn
|move|p2a: Deoxys|Stored Power|p1a: Hatterene
|-resisted|p1a: Hatterene
|-damage|p1a: Hatterene|28/100
|
|-weather|RainDance|[upkeep]
|upkeep
|turn|22
|
|t:|1757918296
|move|p2a: Deoxys|Stored Power|p1a: Hatterene
|-resisted|p1a: Hatterene
|-damage|p1a: Hatterene|0 fnt
|faint|p1a: Hatterene
|
|-weather|RainDance|[upkeep]
|upkeep
|
|t:|1757918304
|switch|p1a: Barraskewda|Barraskewda, F|100/100
|turn|23
|
|t:|1757918306
|-terastallize|p1a: Barraskewda|Water
|move|p1a: Barraskewda|Waterfall|p2a: Deoxys
|-damage|p2a: Deoxys|72/100 par
|cant|p2a: Deoxys|par
|
|-weather|RainDance|[upkeep]
|upkeep
|turn|24
|
|t:|1757918312
|move|p1a: Barraskewda|Waterfall|p2a: Deoxys
|-damage|p2a: Deoxys|50/100 par
|cant|p2a: Deoxys|flinch
|
|-weather|RainDance|[upkeep]
|upkeep
|turn|25
|
|t:|1757918316
|move|p1a: Barraskewda|Waterfall|p2a: Deoxys
|-damage|p2a: Deoxys|28/100 par
|move|p2a: Deoxys|Recover|p2a: Deoxys
|-heal|p2a: Deoxys|78/100 par
|
|-weather|RainDance|[upkeep]
|upkeep
|turn|26
|
|t:|1757918323
|move|p1a: Barraskewda|Waterfall|p2a: Deoxys
|-crit|p2a: Deoxys
|-damage|p2a: Deoxys|0 fnt
|faint|p2a: Deoxys
|
|-weather|RainDance|[upkeep]
|upkeep
|
|t:|1757918326
|switch|p2a: Serperior|Serperior, M|100/100
|turn|27
|
|t:|1757918330
|switch|p1a: Toxicroak|Toxicroak, F|100/100
|move|p2a: Serperior|Leaf Storm|p1a: Toxicroak
|-resisted|p1a: Toxicroak
|-damage|p1a: Toxicroak|80/100
|-boost|p2a: Serperior|spa|2
|
|-weather|none
|upkeep
|turn|28
|
|t:|1757918334
|move|p2a: Serperior|Leaf Storm|p1a: Toxicroak
|-resisted|p1a: Toxicroak
|-damage|p1a: Toxicroak|38/100
|-boost|p2a: Serperior|spa|2
|move|p1a: Toxicroak|Toxic|p2a: Serperior
|-status|p2a: Serperior|tox
|
|-damage|p2a: Serperior|94/100 tox|[from] psn
|upkeep
|turn|29
|
|t:|1757918339
|move|p2a: Serperior|Leaf Storm|p1a: Toxicroak
|-resisted|p1a: Toxicroak
|-damage|p1a: Toxicroak|0 fnt
|-boost|p2a: Serperior|spa|2
|faint|p1a: Toxicroak
|
|-damage|p2a: Serperior|82/100 tox|[from] psn
|upkeep
|
|t:|1757918341
|switch|p1a: Pelipper|Pelipper, M|100/100
|-weather|RainDance|[from] ability: Drizzle|[of] p1a: Pelipper
|turn|30
|
|t:|1757918345
|move|p2a: Serperior|Leaf Storm|p1a: Pelipper
|-damage|p1a: Pelipper|0 fnt
|faint|p1a: Pelipper
|
|-weather|RainDance|[upkeep]
|-damage|p2a: Serperior|64/100 tox|[from] psn
|upkeep
|
|t:|1757918348
|switch|p1a: Talonflame|Talonflame, M|100/100
|turn|31
|
|t:|1757918350
|move|p1a: Talonflame|Hurricane|p2a: Serperior
|-supereffective|p2a: Serperior
|-damage|p2a: Serperior|0 fnt
|faint|p2a: Serperior
|
|-weather|RainDance|[upkeep]
|upkeep
|
|t:|1757918353
|switch|p2a: Dragonite|Dragonite, M, shiny|100/100
|turn|32
|
|t:|1757918355
|move|p2a: Dragonite|Extreme Speed|p1a: Talonflame
|-damage|p1a: Talonflame|59/100
|move|p1a: Talonflame|Hurricane|p2a: Dragonite
|-damage|p2a: Dragonite|68/100
|
|-weather|RainDance|[upkeep]
|-heal|p2a: Dragonite|74/100|[from] item: Leftovers
|upkeep
|turn|33
|
|t:|1757918359
|move|p2a: Dragonite|Extreme Speed|p1a: Talonflame
|-damage|p1a: Talonflame|13/100
|move|p1a: Talonflame|Hurricane|p2a: Dragonite
|-damage|p2a: Dragonite|1/100
|
|-weather|RainDance|[upkeep]
|-heal|p2a: Dragonite|7/100|[from] item: Leftovers
|upkeep
|turn|34
|
|t:|1757918361
|move|p2a: Dragonite|Extreme Speed|p1a: Talonflame
|-damage|p1a: Talonflame|0 fnt
|faint|p1a: Talonflame
|
|-weather|RainDance|[upkeep]
|-heal|p2a: Dragonite|13/100|[from] item: Leftovers
|upkeep
|
|t:|1757918364
|switch|p1a: Barraskewda|Barraskewda, F, tera:Water|100/100
|turn|35
|
|t:|1757918365
|move|p2a: Dragonite|Extreme Speed|p1a: Barraskewda
|-damage|p1a: Barraskewda|40/100
|move|p1a: Barraskewda|Aqua Jet|p2a: Dragonite
|-resisted|p2a: Dragonite
|-damage|p2a: Dragonite|0 fnt
|faint|p2a: Dragonite
|
|-weather|RainDance|[upkeep]
|upkeep
|
|t:|1757918368
|switch|p2a: Gyarados|Gyarados, M|100/100
|turn|36
|
|t:|1757918373
|switch|p1a: Iron Treads|Iron Treads|100/100
|move|p2a: Gyarados|Waterfall|p1a: Iron Treads
|-supereffective|p1a: Iron Treads
|-damage|p1a: Iron Treads|0 fnt
|faint|p1a: Iron Treads
|-end|p1a: Iron Treads|Quark Drive|[silent]
|-ability|p2a: Gyarados|Moxie|boost
|-boost|p2a: Gyarados|atk|1
|
|-weather|RainDance|[upkeep]
|upkeep
|
|t:|1757918375
|switch|p1a: Barraskewda|Barraskewda, F, tera:Water|40/100
|turn|37
|
|t:|1757918379
|move|p1a: Barraskewda|Waterfall|p2a: Gyarados
|-resisted|p2a: Gyarados
|-damage|p2a: Gyarados|16/100
|move|p2a: Gyarados|Waterfall|p1a: Barraskewda
|-resisted|p1a: Barraskewda
|-damage|p1a: Barraskewda|0 fnt
|faint|p1a: Barraskewda
|
|win|susumu808
|raw|OminousGengar's rating: 1303 &rarr; <strong>1287</strong><br />(-16 for losing)
|raw|susumu808's rating: 1369 &rarr; <strong>1385</strong><br />(+16 for winning)
|l|☆OminousGengar
|player|p1|
|l|☆susumu808
|player|p2|
