|j|☆Dominator296
|j|☆spreadcrosser
|t:|1757902021
|gametype|singles
|player|p1|Dominator296|steven|1445
|player|p2|spreadcrosser|266|1417
|gen|9
|tier|[Gen 9] OU
|rated|
|rule|HP Percentage Mod: HP is shown in percentages
|rule|Endless Battle Clause: Forcing endless battles is banned
|rule|Species Clause: Limit one of each Pokémon
|rule|OHKO Clause: OHKO moves are banned
|rule|Evasion Items Clause: Evasion items are banned
|rule|Evasion Moves Clause: Evasion moves are banned
|rule|Evasion Abilities Clause: Evasion abilities are banned
|rule|Sleep Moves Clause: Sleep-inducing moves are banned
|clearpoke
|poke|p1|Moltres|
|poke|p1|Iron Hands|
|poke|p1|Tyranitar, M|
|poke|p1|Cinderace, M|
|poke|p1|Raging Bolt|
|poke|p1|Kingambit, M|
|poke|p2|Serperior, M|
|poke|p2|Kingambit, M|
|poke|p2|Excadrill, F|
|poke|p2|Iron Hands|
|poke|p2|Ceruledge, F|
|poke|p2|Raging Bolt|
|teampreview
|inactive|Battle timer is ON: inactive players will automatically lose when time's up. (requested by spreadcrosser)
|
|t:|1757902053
|teamsize|p1|6
|teamsize|p2|6
|start
|switch|p1a: Moltres|Moltres|100/100
|switch|p2a: Iron Hands|Iron Hands|100/100
|-enditem|p2a: Iron Hands|Booster Energy
|-activate|p2a: Iron Hands|ability: Quark Drive|[fromitem]
|-start|p2a: Iron Hands|quarkdriveatk
|turn|1
|
|t:|1757902060
|move|p1a: Moltres|Fire Blast|p2a: Iron Hands|[miss]
|-miss|p1a: Moltres|p2a: Iron Hands
|move|p2a: Iron Hands|Swords Dance|p2a: Iron Hands
|-boost|p2a: Iron Hands|atk|2
|
|upkeep
|turn|2
|
|t:|1757902065
|move|p1a: Moltres|Fire Blast|p2a: Iron Hands|[miss]
|-miss|p1a: Moltres|p2a: Iron Hands
|move|p2a: Iron Hands|Supercell Slam|p1a: Moltres
|-supereffective|p1a: Moltres
|-damage|p1a: Moltres|0 fnt
|faint|p1a: Moltres
|
|upkeep
|
|t:|1757902083
|switch|p1a: Raging Bolt|Raging Bolt|100/100
|-enditem|p1a: Raging Bolt|Booster Energy
|-activate|p1a: Raging Bolt|ability: Protosynthesis|[fromitem]
|-start|p1a: Raging Bolt|protosynthesisspa
|turn|3
|
|t:|1757902089
|move|p2a: Iron Hands|Earthquake|p1a: Raging Bolt
|-supereffective|p1a: Raging Bolt
|-damage|p1a: Raging Bolt|0 fnt
|faint|p1a: Raging Bolt
|-end|p1a: Raging Bolt|Protosynthesis|[silent]
|
|upkeep
|
|t:|1757902095
|switch|p1a: Iron Hands|Iron Hands|100/100
|turn|4
|
|t:|1757902107
|-terastallize|p2a: Iron Hands|Flying
|-terastallize|p1a: Iron Hands|Fighting
|move|p2a: Iron Hands|Supercell Slam|p1a: Iron Hands
|-damage|p1a: Iron Hands|4/100
|move|p1a: Iron Hands|Drain Punch|p2a: Iron Hands
|-resisted|p2a: Iron Hands
|-damage|p2a: Iron Hands|80/100
|-heal|p1a: Iron Hands|14/100|[from] drain|[of] p2a: Iron Hands
|
|-heal|p1a: Iron Hands|20/100|[from] item: Leftovers
|upkeep
|turn|5
|
|t:|1757902124
|move|p2a: Iron Hands|Earthquake|p1a: Iron Hands
|-damage|p1a: Iron Hands|0 fnt
|faint|p1a: Iron Hands
|-end|p1a: Iron Hands|Quark Drive|[silent]
|
|upkeep
|
|t:|1757902132
|switch|p1a: Tyranitar|Tyranitar, M|100/100
|-weather|Sandstorm|[from] ability: Sand Stream|[of] p1a: Tyranitar
|turn|6
|
|t:|1757902136
|move|p1a: Tyranitar|Rock Slide|p2a: Iron Hands
|-supereffective|p2a: Iron Hands
|-damage|p2a: Iron Hands|28/100
|cant|p2a: Iron Hands|flinch
|
|-weather|Sandstorm|[upkeep]
|-damage|p2a: Iron Hands|21/100|[from] Sandstorm
|upkeep
|turn|7
|
|t:|1757902142
|-end|p2a: Iron Hands|Quark Drive|[silent]
|switch|p2a: Kingambit|Kingambit, M|100/100
|-item|p2a: Kingambit|Air Balloon
|move|p1a: Tyranitar|Rock Slide|p2a: Kingambit
|-resisted|p2a: Kingambit
|-damage|p2a: Kingambit|88/100
|-enditem|p2a: Kingambit|Air Balloon
|
|-weather|Sandstorm|[upkeep]
|upkeep
|turn|8
|
|t:|1757902153
|switch|p2a: Serperior|Serperior, M|100/100
|move|p1a: Tyranitar|Earthquake|p2a: Serperior
|-resisted|p2a: Serperior
|-damage|p2a: Serperior|82/100
|
|-weather|Sandstorm|[upkeep]
|-damage|p2a: Serperior|76/100|[from] Sandstorm
|upkeep
|turn|9
|
|t:|1757902160
|move|p2a: Serperior|Leaf Storm|p1a: Tyranitar
|-supereffective|p1a: Tyranitar
|-damage|p1a: Tyranitar|15/100
|-boost|p2a: Serperior|spa|2
|-enditem|p1a: Tyranitar|Weakness Policy
|-boost|p1a: Tyranitar|atk|2|[from] item: Weakness Policy
|-boost|p1a: Tyranitar|spa|2|[from] item: Weakness Policy
|-damage|p2a: Serperior|66/100|[from] item: Life Orb
|move|p1a: Tyranitar|Ice Beam|p2a: Serperior
|-supereffective|p2a: Serperior
|-damage|p2a: Serperior|0 fnt
|faint|p2a: Serperior
|
|-weather|Sandstorm|[upkeep]
|upkeep
|c|☆spreadcrosser|lol
|c|☆spreadcrosser|dragon dance? nice
|
|t:|1757902187
|switch|p2a: Excadrill|Excadrill, F|100/100
|-ability|p2a: Excadrill|Mold Breaker
|turn|10
|
|t:|1757902193
|move|p2a: Excadrill|Earthquake|p1a: Tyranitar
|-supereffective|p1a: Tyranitar
|-damage|p1a: Tyranitar|0 fnt
|faint|p1a: Tyranitar
|
|-weather|none
|upkeep
|
|t:|1757902196
|switch|p1a: Cinderace|Cinderace, M|100/100
|turn|11
|
|t:|1757902206
|switch|p1a: Kingambit|Kingambit, M|100/100
|-activate|p1a: Kingambit|ability: Supreme Overlord
|-start|p1a: Kingambit|fallen4|[silent]
|-item|p1a: Kingambit|Air Balloon
|move|p2a: Excadrill|Earthquake|p1a: Kingambit
|-immune|p1a: Kingambit
|
|upkeep
|turn|12
|
|t:|1757902213
|move|p2a: Excadrill|Rock Tomb|p1a: Kingambit
|-resisted|p1a: Kingambit
|-damage|p1a: Kingambit|93/100
|-unboost|p1a: Kingambit|spe|1
|-enditem|p1a: Kingambit|Air Balloon
|move|p1a: Kingambit|Swords Dance|p1a: Kingambit
|-boost|p1a: Kingambit|atk|2
|
|upkeep
|turn|13
|
|t:|1757902219
|move|p1a: Kingambit|Sucker Punch|p2a: Excadrill
|-enditem|p2a: Excadrill|Focus Sash
|-damage|p2a: Excadrill|1/100
|move|p2a: Excadrill|Earthquake|p1a: Kingambit
|-supereffective|p1a: Kingambit
|-damage|p1a: Kingambit|20/100
|
|upkeep
|turn|14
|
|t:|1757902224
|move|p1a: Kingambit|Sucker Punch||[still]
|-fail|p1a: Kingambit
|move|p2a: Excadrill|Stealth Rock|p1a: Kingambit
|-sidestart|p1: Dominator296|move: Stealth Rock
|
|upkeep
|turn|15
|
|t:|1757902231
|move|p1a: Kingambit|Sucker Punch||[still]
|-fail|p1a: Kingambit
|move|p2a: Excadrill|Stealth Rock||[still]
|-fail|p2a: Excadrill
|
|upkeep
|turn|16
|
|t:|1757902236
|move|p1a: Kingambit|Sucker Punch||[still]
|-fail|p1a: Kingambit
|move|p2a: Excadrill|Stealth Rock||[still]
|-fail|p2a: Excadrill
|
|upkeep
|turn|17
|
|t:|1757902238
|move|p2a: Excadrill|Earthquake|p1a: Kingambit
|-supereffective|p1a: Kingambit
|-damage|p1a: Kingambit|0 fnt
|faint|p1a: Kingambit
|-end|p1a: Kingambit|fallen4|[silent]
|
|upkeep
|
|t:|1757902242
|switch|p1a: Cinderace|Cinderace, M|100/100
|-damage|p1a: Cinderace|76/100|[from] Stealth Rock
|turn|18
|
|t:|1757902249
|move|p1a: Cinderace|Pyro Ball|p2a: Excadrill
|-supereffective|p2a: Excadrill
|-damage|p2a: Excadrill|0 fnt
|faint|p2a: Excadrill
|
|upkeep
|
|t:|1757902252
|switch|p2a: Ceruledge|Ceruledge, F|100/100
|turn|19
|
|t:|1757902258
|move|p1a: Cinderace|Pyro Ball|p2a: Ceruledge
|-resisted|p2a: Ceruledge
|-damage|p2a: Ceruledge|37/100
|-ability|p2a: Ceruledge|Weak Armor|boost
|-unboost|p2a: Ceruledge|def|1
|-boost|p2a: Ceruledge|spe|2
|move|p2a: Ceruledge|Swords Dance|p2a: Ceruledge
|-boost|p2a: Ceruledge|atk|2
|
|upkeep
|turn|20
|
|t:|1757902265
|move|p2a: Ceruledge|Bitter Blade|p1a: Cinderace
|-resisted|p1a: Cinderace
|-damage|p1a: Cinderace|10/100
|-heal|p2a: Ceruledge|71/100|[from] drain|[of] p1a: Cinderace
|move|p1a: Cinderace|Pyro Ball|p2a: Ceruledge
|-resisted|p2a: Ceruledge
|-damage|p2a: Ceruledge|0 fnt
|faint|p2a: Ceruledge
|
|upkeep
|
|t:|1757902275
|switch|p2a: Kingambit|Kingambit, M|88/100
|turn|21
|
|t:|1757902278
|move|p2a: Kingambit|Sucker Punch|p1a: Cinderace
|-damage|p1a: Cinderace|0 fnt
|faint|p1a: Cinderace
|
|win|spreadcrosser
|raw|Dominator296's rating: 1445 &rarr; <strong>1423</strong><br />(-22 for losing)
|raw|spreadcrosser's rating: 1417 &rarr; <strong>1439</strong><br />(+22 for winning)
|l|☆Dominator296
|player|p1|
