|j|‽jalenmasbad
|j|☆Dager1790
|t:|1757827255
|gametype|singles
|player|p1|jalenmasbad|265|1137
|player|p2|Dager1790|170|1134
|gen|9
|tier|[Gen 9] OU
|rated|
|rule|HP Percentage Mod: HP is shown in percentages
|rule|Endless Battle Clause: Forcing endless battles is banned
|rule|Species Clause: Limit one of each Pokémon
|rule|OHKO Clause: OHKO moves are banned
|rule|Evasion Items Clause: Evasion items are banned
|rule|Evasion Moves Clause: Evasion moves are banned
|rule|Evasion Abilities Clause: Evasion abilities are banned
|rule|Sleep Moves Clause: Sleep-inducing moves are banned
|clearpoke
|poke|p1|Great Tusk|
|poke|p1|Corviknight, F|
|poke|p1|Gholdengo|
|poke|p1|Iron Valiant|
|poke|p1|Kingambit, F|
|poke|p1|Dragapult, M|
|poke|p2|Drakloak, M|
|poke|p2|Blissey, F|
|poke|p2|Dondozo, M|
|poke|p2|Meowscarada, F|
|poke|p2|Klefki, M|
|poke|p2|Salazzle, F|
|teampreview
|
|t:|1757827262
|teamsize|p1|6
|teamsize|p2|6
|start
|switch|p1a: Great Tusk|Great Tusk|100/100
|switch|p2a: Meowscarada|Meowscarada, F|100/100
|turn|1
|
|t:|1757827274
|switch|p2a: Drakloak|Drakloak, M|100/100
|-end|p1a: Great Tusk|Protosynthesis|[silent]
|switch|p1a: Iron Valiant|Iron Valiant|100/100
|-enditem|p1a: Iron Valiant|Booster Energy
|-activate|p1a: Iron Valiant|ability: Quark Drive|[fromitem]
|-start|p1a: Iron Valiant|quarkdrivespe
|
|upkeep
|turn|2
|
|t:|1757827288
|switch|p2a: Dondozo|Dondozo, M|100/100
|move|p1a: Iron Valiant|Moonblast|p2a: Dondozo
|-damage|p2a: Dondozo|66/100
|-unboost|p2a: Dondozo|spa|1
|
|upkeep
|turn|3
|
|t:|1757827295
|switch|p2a: Blissey|Blissey, F|100/100
|move|p1a: Iron Valiant|Thunderbolt|p2a: Blissey
|-crit|p2a: Blissey
|-damage|p2a: Blissey|89/100
|
|upkeep
|turn|4
|
|t:|1757827301
|move|p1a: Iron Valiant|Close Combat|p2a: Blissey
|-supereffective|p2a: Blissey
|-damage|p2a: Blissey|0 fnt
|-unboost|p1a: Iron Valiant|def|1
|-unboost|p1a: Iron Valiant|spd|1
|faint|p2a: Blissey
|
|upkeep
|
|t:|1757827308
|switch|p2a: Dondozo|Dondozo, M|66/100
|turn|5
|
|t:|1757827315
|move|p1a: Iron Valiant|Thunderbolt|p2a: Dondozo
|-supereffective|p2a: Dondozo
|-damage|p2a: Dondozo|19/100
|move|p2a: Dondozo|Curse|p2a: Dondozo
|-unboost|p2a: Dondozo|spe|1
|-boost|p2a: Dondozo|atk|1
|-boost|p2a: Dondozo|def|1
|
|upkeep
|turn|6
|
|t:|1757827323
|move|p1a: Iron Valiant|Thunderbolt|p2a: Dondozo
|-supereffective|p2a: Dondozo
|-damage|p2a: Dondozo|0 fnt
|faint|p2a: Dondozo
|
|upkeep
|
|t:|1757827330
|switch|p2a: Klefki|Klefki, M|100/100
|turn|7
|inactive|Battle timer is ON: inactive players will automatically lose when time's up. (requested by Dager1790)
|
|t:|1757827367
|-end|p1a: Iron Valiant|Quark Drive|[silent]
|switch|p1a: Gholdengo|Gholdengo|100/100
|-item|p1a: Gholdengo|Air Balloon
|move|p2a: Klefki|Light Screen|p2a: Klefki
|-sidestart|p2: Dager1790|move: Light Screen
|
|upkeep
|turn|8
|
|t:|1757827372
|move|p2a: Klefki|Reflect|p2a: Klefki
|-sidestart|p2: Dager1790|Reflect
|move|p1a: Gholdengo|Nasty Plot|p1a: Gholdengo
|-boost|p1a: Gholdengo|spa|2
|
|upkeep
|turn|9
|
|t:|1757827380
|switch|p2a: Meowscarada|Meowscarada, F|100/100
|move|p1a: Gholdengo|Nasty Plot|p1a: Gholdengo
|-boost|p1a: Gholdengo|spa|2
|
|upkeep
|turn|10
|
|t:|1757827389
|-terastallize|p1a: Gholdengo|Fairy
|move|p2a: Meowscarada|Knock Off|p1a: Gholdengo
|-start|p2a: Meowscarada|typechange|Dark|[from] ability: Protean
|-resisted|p1a: Gholdengo
|-damage|p1a: Gholdengo|73/100
|-enditem|p1a: Gholdengo|Air Balloon
|move|p1a: Gholdengo|Make It Rain|p2a: Meowscarada
|-damage|p2a: Meowscarada|0 fnt
|-unboost|p1a: Gholdengo|spa|1
|faint|p2a: Meowscarada
|
|upkeep
|
|t:|1757827399
|switch|p2a: Salazzle|Salazzle, F|100/100
|turn|11
|
|t:|1757827418
|switch|p1a: Great Tusk|Great Tusk|100/100
|move|p2a: Salazzle|Sludge Bomb|p1a: Great Tusk
|-resisted|p1a: Great Tusk
|-damage|p1a: Great Tusk|75/100
|-status|p1a: Great Tusk|psn
|
|-heal|p1a: Great Tusk|81/100 psn|[from] item: Leftovers
|-damage|p1a: Great Tusk|69/100 psn|[from] psn
|upkeep
|turn|12
|
|t:|1757827424
|switch|p2a: Drakloak|Drakloak, M|100/100
|move|p1a: Great Tusk|Earthquake|p2a: Drakloak
|-damage|p2a: Drakloak|72/100
|
|-heal|p1a: Great Tusk|75/100 psn|[from] item: Leftovers
|-damage|p1a: Great Tusk|63/100 psn|[from] psn
|upkeep
|turn|13
|
|t:|1757827434
|move|p2a: Drakloak|Dragon Dance|p2a: Drakloak
|-boost|p2a: Drakloak|atk|1
|-boost|p2a: Drakloak|spe|1
|move|p1a: Great Tusk|Knock Off|p2a: Drakloak
|-supereffective|p2a: Drakloak
|-damage|p2a: Drakloak|32/100
|-enditem|p2a: Drakloak|Eviolite|[from] move: Knock Off|[of] p1a: Great Tusk
|
|-heal|p1a: Great Tusk|69/100 psn|[from] item: Leftovers
|-damage|p1a: Great Tusk|56/100 psn|[from] psn
|upkeep
|turn|14
|
|t:|1757827442
|move|p2a: Drakloak|Phantom Force||[still]
|-prepare|p2a: Drakloak|Phantom Force
|move|p1a: Great Tusk|Knock Off|p2a: Drakloak|[miss]
|-miss|p1a: Great Tusk|p2a: Drakloak
|
|-heal|p1a: Great Tusk|63/100 psn|[from] item: Leftovers
|-damage|p1a: Great Tusk|50/100 psn|[from] psn
|-sideend|p2: Dager1790|move: Light Screen
|upkeep
|turn|15
|
|t:|1757827450
|move|p2a: Drakloak|Phantom Force|p1a: Great Tusk|[from] lockedmove
|-damage|p1a: Great Tusk|23/100 psn
|move|p1a: Great Tusk|Knock Off|p2a: Drakloak
|-supereffective|p2a: Drakloak
|-damage|p2a: Drakloak|0 fnt
|faint|p2a: Drakloak
|
|-heal|p1a: Great Tusk|29/100 psn|[from] item: Leftovers
|-damage|p1a: Great Tusk|17/100 psn|[from] psn
|-sideend|p2: Dager1790|Reflect
|upkeep
|
|t:|1757827453
|switch|p2a: Salazzle|Salazzle, F|100/100
|turn|16
|
|t:|1757827456
|move|p2a: Salazzle|Tera Blast|p1a: Great Tusk
|-damage|p1a: Great Tusk|0 fnt
|faint|p1a: Great Tusk
|-end|p1a: Great Tusk|Protosynthesis|[silent]
|
|upkeep
|
|t:|1757827469
|switch|p1a: Kingambit|Kingambit, F|100/100
|-activate|p1a: Kingambit|ability: Supreme Overlord
|-start|p1a: Kingambit|fallen1|[silent]
|turn|17
|
|t:|1757827496
|move|p2a: Salazzle|Fire Blast|p1a: Kingambit
|-supereffective|p1a: Kingambit
|-damage|p1a: Kingambit|6/100
|move|p1a: Kingambit|Swords Dance|p1a: Kingambit
|-boost|p1a: Kingambit|atk|2
|
|upkeep
|turn|18
|
|t:|1757827502
|move|p1a: Kingambit|Sucker Punch|p2a: Salazzle
|-damage|p2a: Salazzle|0 fnt
|faint|p2a: Salazzle
|
|upkeep
|
|t:|1757827505
|switch|p2a: Klefki|Klefki, M|100/100
|turn|19
|-message|Dager1790 forfeited.
|
|win|jalenmasbad
|raw|jalenmasbad's rating: 1137 &rarr; <strong>1162</strong><br />(+25 for winning)
|raw|Dager1790's rating: 1134 &rarr; <strong>1109</strong><br />(-25 for losing)
|l|☆Dager1790
|player|p2|
|l|‽jalenmasbad
|player|p1|
