|j|☆Pyrox54
|j|☆ExcaliburTesting
|t:|1757933507
|gametype|singles
|player|p1|Pyrox54|veteran|1340
|player|p2|ExcaliburTesting|swimmerf|1325
|gen|9
|tier|[Gen 9] OU
|rated|
|rule|HP Percentage Mod: HP is shown in percentages
|rule|Endless Battle Clause: Forcing endless battles is banned
|rule|Species Clause: Limit one of each Pokémon
|rule|OHKO Clause: OHKO moves are banned
|rule|Evasion Items Clause: Evasion items are banned
|rule|Evasion Moves Clause: Evasion moves are banned
|rule|Evasion Abilities Clause: Evasion abilities are banned
|rule|Sleep Moves Clause: Sleep-inducing moves are banned
|clearpoke
|poke|p1|Pincurchin, M|
|poke|p1|Iron Valiant|
|poke|p1|Iron Moth|
|poke|p1|Iron Treads|
|poke|p1|Drifblim, F|
|poke|p1|Raging Bolt|
|poke|p2|Indeedee, M|
|poke|p2|Hatterene, F|
|poke|p2|Ursaluna, F|
|poke|p2|Iron Hands|
|poke|p2|Hoopa-Unbound|
|poke|p2|Mimikyu, F|
|teampreview
|inactive|Battle timer is ON: inactive players will automatically lose when time's up. (requested by ExcaliburTesting)
|
|t:|1757933519
|teamsize|p1|6
|teamsize|p2|6
|start
|switch|p1a: Pincurchin|Pincurchin, M, shiny|100/100
|switch|p2a: Ursaluna|Ursaluna, F|100/100
|-fieldstart|move: Electric Terrain|[from] ability: Electric Surge|[of] p1a: Pincurchin
|turn|1
|
|t:|1757933536
|switch|p1a: Drifblim|Drifblim, F|100/100
|-enditem|p1a: Drifblim|Electric Seed
|-boost|p1a: Drifblim|def|1|[from] item: Electric Seed
|move|p2a: Ursaluna|Headlong Rush|p1a: Drifblim
|-immune|p1a: Drifblim
|
|-status|p2a: Ursaluna|brn|[from] item: Flame Orb
|upkeep
|turn|2
|
|t:|1757933546
|move|p1a: Drifblim|Calm Mind|p1a: Drifblim
|-boost|p1a: Drifblim|spa|1
|-boost|p1a: Drifblim|spd|1
|move|p2a: Ursaluna|Supercell Slam|p1a: Drifblim
|-supereffective|p1a: Drifblim
|-damage|p1a: Drifblim|0 fnt
|faint|p1a: Drifblim
|
|-damage|p2a: Ursaluna|94/100 brn|[from] brn
|upkeep
|inactive|Pyrox54 has 120 seconds left.
|
|t:|1757933572
|switch|p1a: Iron Moth|Iron Moth|100/100
|-item|p1a: Iron Moth|Air Balloon
|-activate|p1a: Iron Moth|ability: Quark Drive
|-start|p1a: Iron Moth|quarkdrivespa
|turn|3
|inactive|Pyrox54 has 120 seconds left.
|
|t:|1757933583
|switch|p2a: Indeedee|Indeedee, M|100/100
|-fieldstart|move: Psychic Terrain|[from] ability: Psychic Surge|[of] p2a: Indeedee
|-end|p1a: Iron Moth|Quark Drive
|-terastallize|p1a: Iron Moth|Grass
|move|p1a: Iron Moth|Energy Ball|p2a: Indeedee
|-damage|p2a: Indeedee|48/100
|
|upkeep
|turn|4
|
|t:|1757933592
|switch|p2a: Hoopa|Hoopa-Unbound|100/100
|-enditem|p2a: Hoopa|Psychic Seed
|-boost|p2a: Hoopa|spd|1|[from] item: Psychic Seed
|move|p1a: Iron Moth|Fiery Dance|p2a: Hoopa
|-damage|p2a: Hoopa|79/100
|
|upkeep
|turn|5
|inactive|Pyrox54 has 120 seconds left.
|
|t:|1757933611
|-end|p1a: Iron Moth|Quark Drive|[silent]
|switch|p1a: Pincurchin|Pincurchin, M, shiny|100/100
|-fieldstart|move: Electric Terrain|[from] ability: Electric Surge|[of] p1a: Pincurchin
|move|p2a: Hoopa|Trick Room|p2a: Hoopa
|-fieldstart|move: Trick Room|[of] p2a: Hoopa
|
|upkeep
|turn|6
|inactive|Pyrox54 has 120 seconds left.
|
|t:|1757933630
|switch|p2a: Ursaluna|Ursaluna, F|94/100 brn
|move|p1a: Pincurchin|Discharge|p2a: Ursaluna
|-immune|p2a: Ursaluna
|
|-damage|p2a: Ursaluna|88/100 brn|[from] brn
|upkeep
|turn|7
|
|t:|1757933638
|move|p1a: Pincurchin|Scald|p2a: Ursaluna
|-supereffective|p2a: Ursaluna
|-damage|p2a: Ursaluna|58/100 brn
|move|p2a: Ursaluna|Facade|p1a: Pincurchin
|-damage|p1a: Pincurchin|0 fnt
|faint|p1a: Pincurchin
|
|-damage|p2a: Ursaluna|52/100 brn|[from] brn
|upkeep
|inactive|Pyrox54 has 120 seconds left.
|
|t:|1757933660
|switch|p1a: Iron Moth|Iron Moth, tera:Grass|100/100
|-item|p1a: Iron Moth|Air Balloon
|-activate|p1a: Iron Moth|ability: Quark Drive
|-start|p1a: Iron Moth|quarkdrivespa
|turn|8
|
|t:|1757933668
|move|p2a: Ursaluna|Facade|p1a: Iron Moth
|-damage|p1a: Iron Moth|0 fnt
|-enditem|p1a: Iron Moth|Air Balloon
|faint|p1a: Iron Moth
|-end|p1a: Iron Moth|Quark Drive|[silent]
|
|-damage|p2a: Ursaluna|46/100 brn|[from] brn
|upkeep
|
|t:|1757933681
|switch|p1a: Iron Treads|Iron Treads|100/100
|-activate|p1a: Iron Treads|ability: Quark Drive
|-start|p1a: Iron Treads|quarkdrivespe
|turn|9
|-message|Pyrox54 forfeited.
|
|win|ExcaliburTesting
|raw|Pyrox54's rating: 1340 &rarr; <strong>1319</strong><br />(-21 for losing)
|raw|ExcaliburTesting's rating: 1325 &rarr; <strong>1346</strong><br />(+21 for winning)
|l|☆Pyrox54
|player|p1|
|l|☆ExcaliburTesting
|player|p2|
