|j|☆king of spycrabs
|j|☆yua chan
|t:|1757917860
|gametype|singles
|player|p1|king of spycrabs|swimmer-gen4dp|1505
|player|p2|yua chan|lillie-z|1493
|gen|9
|tier|[Gen 9] OU
|rated|
|rule|HP Percentage Mod: HP is shown in percentages
|rule|Endless Battle Clause: Forcing endless battles is banned
|rule|Species Clause: Limit one of each Pokémon
|rule|OHKO Clause: OHKO moves are banned
|rule|Evasion Items Clause: Evasion items are banned
|rule|Evasion Moves Clause: Evasion moves are banned
|rule|Evasion Abilities Clause: Evasion abilities are banned
|rule|Sleep Moves Clause: Sleep-inducing moves are banned
|clearpoke
|poke|p1|Ursaluna, M|
|poke|p1|Alomomola, F|
|poke|p1|Pecharunt|
|poke|p1|Landorus-Therian, M|
|poke|p1|Ogerpon-Wellspring, F|
|poke|p1|Iron Treads|
|poke|p2|Araquanid, M|
|poke|p2|Enamorus, F|
|poke|p2|Maushold-Four|
|poke|p2|Raging Bolt|
|poke|p2|Iron Valiant|
|poke|p2|Kingambit, F|
|teampreview
|inactive|Battle timer is ON: inactive players will automatically lose when time's up. (requested by king of spycrabs)
|
|t:|1757917882
|teamsize|p1|6
|teamsize|p2|6
|start
|switch|p1a: Pecharunt|Pecharunt|100/100
|switch|p2a: Enamorus|Enamorus, F|100/100
|-item|p1a: Pecharunt|Air Balloon
|turn|1
|
|t:|1757917887
|switch|p2a: Kingambit|Kingambit, F|100/100
|move|p1a: Pecharunt|Malignant Chain|p2a: Kingambit
|-immune|p2a: Kingambit
|
|upkeep
|turn|2
|
|t:|1757917893
|switch|p1a: Alomomola|Alomomola, F|100/100
|-end|p2a: Kingambit|fallenundefined|[silent]
|switch|p2a: Enamorus|Enamorus, F|100/100
|
|upkeep
|turn|3
|
|t:|1757917896
|move|p2a: Enamorus|Moonblast|p1a: Alomomola
|-damage|p1a: Alomomola|29/100
|move|p1a: Alomomola|Flip Turn|p2a: Enamorus
|-crit|p2a: Enamorus
|-damage|p2a: Enamorus|58/100
|
|t:|1757917904
|switch|p1a: Iron Treads|Iron Treads|100/100|[from] Flip Turn
|
|upkeep
|turn|4
|j| DoMorning
|
|t:|1757917911
|switch|p2a: Araquanid|Araquanid, M|100/100
|move|p1a: Iron Treads|Stealth Rock|p2a: Araquanid
|-sidestart|p2: yua chan|move: Stealth Rock
|
|upkeep
|turn|5
|
|t:|1757917919
|move|p1a: Iron Treads|Knock Off|p2a: Araquanid
|-damage|p2a: Araquanid|81/100
|-damage|p1a: Iron Treads|84/100|[from] item: Rocky Helmet|[of] p2a: Araquanid
|-enditem|p2a: Araquanid|Rocky Helmet|[from] move: Knock Off|[of] p1a: Iron Treads
|move|p2a: Araquanid|Sticky Web|p1a: Iron Treads
|-sidestart|p1: king of spycrabs|move: Sticky Web
|
|-heal|p1a: Iron Treads|90/100|[from] item: Leftovers
|upkeep
|turn|6
|
|t:|1757917926
|-terastallize|p1a: Iron Treads|Water
|move|p1a: Iron Treads|Rapid Spin|p2a: Araquanid
|-damage|p2a: Araquanid|69/100
|-boost|p1a: Iron Treads|spe|1
|-sideend|p1: king of spycrabs|Sticky Web|[from] move: Rapid Spin|[of] p1a: Iron Treads
|move|p2a: Araquanid|Infestation|p1a: Iron Treads
|-damage|p1a: Iron Treads|87/100
|-activate|p1a: Iron Treads|move: Infestation|[of] p2a: Araquanid
|
|-heal|p1a: Iron Treads|93/100|[from] item: Leftovers
|-damage|p1a: Iron Treads|80/100|[from] move: Infestation|[partiallytrapped]
|upkeep
|turn|7
|
|t:|1757917933
|move|p1a: Iron Treads|Rapid Spin|p2a: Araquanid
|-crit|p2a: Araquanid
|-damage|p2a: Araquanid|52/100
|-boost|p1a: Iron Treads|spe|1
|-end|p1a: Iron Treads|Infestation|[partiallytrapped]
|move|p2a: Araquanid|Liquidation|p1a: Iron Treads
|-resisted|p1a: Iron Treads
|-damage|p1a: Iron Treads|64/100
|
|-heal|p1a: Iron Treads|70/100|[from] item: Leftovers
|upkeep
|turn|8
|
|t:|1757917943
|-end|p1a: Iron Treads|Quark Drive|[silent]
|switch|p1a: Ursaluna|Ursaluna, M|100/100
|move|p2a: Araquanid|Sticky Web|p1a: Ursaluna
|-sidestart|p1: king of spycrabs|move: Sticky Web
|
|-status|p1a: Ursaluna|brn|[from] item: Flame Orb
|upkeep
|turn|9
|
|t:|1757917948
|move|p1a: Ursaluna|Facade|p2a: Araquanid
|-damage|p2a: Araquanid|0 fnt
|faint|p2a: Araquanid
|
|-damage|p1a: Ursaluna|94/100 brn|[from] brn
|upkeep
|
|t:|1757917970
|switch|p2a: Enamorus|Enamorus, F|58/100
|-damage|p2a: Enamorus|33/100|[from] Stealth Rock
|turn|10
|
|t:|1757917975
|switch|p1a: Alomomola|Alomomola, F|62/100
|-activate|p1a: Alomomola|move: Sticky Web
|-unboost|p1a: Alomomola|spe|1
|move|p2a: Enamorus|Moonblast|p1a: Alomomola
|-damage|p1a: Alomomola|0 fnt
|faint|p1a: Alomomola
|
|upkeep
|
|t:|1757917977
|switch|p1a: Iron Treads|Iron Treads, tera:Water|70/100
|-activate|p1a: Iron Treads|move: Sticky Web
|-unboost|p1a: Iron Treads|spe|1
|turn|11
|
|t:|1757917980
|move|p2a: Enamorus|Moonblast|p1a: Iron Treads
|-damage|p1a: Iron Treads|4/100
|move|p1a: Iron Treads|Rapid Spin|p2a: Enamorus
|-damage|p2a: Enamorus|11/100
|-boost|p1a: Iron Treads|spe|1
|-sideend|p1: king of spycrabs|Sticky Web|[from] move: Rapid Spin|[of] p1a: Iron Treads
|
|-heal|p1a: Iron Treads|10/100|[from] item: Leftovers
|upkeep
|turn|12
|
|t:|1757917986
|move|p2a: Enamorus|Moonblast|p1a: Iron Treads
|-damage|p1a: Iron Treads|0 fnt
|faint|p1a: Iron Treads
|-end|p1a: Iron Treads|Quark Drive|[silent]
|
|upkeep
|
|t:|1757917991
|switch|p1a: Ogerpon|Ogerpon-Wellspring, F|100/100
|turn|13
|
|t:|1757917993
|move|p1a: Ogerpon|Ivy Cudgel|p2a: Enamorus|[anim] Ivy Cudgel Water
|-damage|p2a: Enamorus|0 fnt
|faint|p2a: Enamorus
|
|upkeep
|
|t:|1757918002
|switch|p2a: Raging Bolt|Raging Bolt|100/100
|-damage|p2a: Raging Bolt|88/100|[from] Stealth Rock
|-enditem|p2a: Raging Bolt|Booster Energy
|-activate|p2a: Raging Bolt|ability: Protosynthesis|[fromitem]
|-start|p2a: Raging Bolt|protosynthesisspa
|turn|14
|
|t:|1757918008
|move|p1a: Ogerpon|U-turn|p2a: Raging Bolt
|-damage|p2a: Raging Bolt|62/100
|
|t:|1757918013
|switch|p1a: Pecharunt|Pecharunt|100/100|[from] U-turn
|-item|p1a: Pecharunt|Air Balloon
|move|p2a: Raging Bolt|Dragon Pulse|p1a: Pecharunt
|-damage|p1a: Pecharunt|44/100
|-enditem|p1a: Pecharunt|Air Balloon
|
|upkeep
|turn|15
|
|t:|1757918027
|move|p2a: Raging Bolt|Dragon Pulse|p1a: Pecharunt
|-damage|p1a: Pecharunt|0 fnt
|faint|p1a: Pecharunt
|
|upkeep
|
|t:|1757918031
|switch|p1a: Landorus|Landorus-Therian, M|100/100
|-ability|p1a: Landorus|Intimidate|boost
|-unboost|p2a: Raging Bolt|atk|1
|turn|16
|
|t:|1757918034
|-terastallize|p2a: Raging Bolt|Ice
|move|p1a: Landorus|Earthquake|p2a: Raging Bolt
|-damage|p2a: Raging Bolt|10/100
|move|p2a: Raging Bolt|Tera Blast|p1a: Landorus|[anim] Tera Blast Ice
|-supereffective|p1a: Landorus
|-damage|p1a: Landorus|0 fnt
|faint|p1a: Landorus
|
|upkeep
|
|t:|1757918037
|switch|p1a: Ogerpon|Ogerpon-Wellspring, F|100/100
|turn|17
|
|t:|1757918041
|move|p1a: Ogerpon|Ivy Cudgel|p2a: Raging Bolt|[anim] Ivy Cudgel Water
|-damage|p2a: Raging Bolt|0 fnt
|faint|p2a: Raging Bolt
|-end|p2a: Raging Bolt|Protosynthesis|[silent]
|
|upkeep
|
|t:|1757918045
|switch|p2a: Iron Valiant|Iron Valiant|100/100
|-damage|p2a: Iron Valiant|94/100|[from] Stealth Rock
|-enditem|p2a: Iron Valiant|Booster Energy
|-activate|p2a: Iron Valiant|ability: Quark Drive|[fromitem]
|-start|p2a: Iron Valiant|quarkdriveatk
|turn|18
|
|t:|1757918051
|move|p2a: Iron Valiant|Spirit Break|p1a: Ogerpon
|-damage|p1a: Ogerpon|34/100
|-unboost|p1a: Ogerpon|spa|1
|move|p1a: Ogerpon|Ivy Cudgel|p2a: Iron Valiant|[anim] Ivy Cudgel Water
|-damage|p2a: Iron Valiant|23/100
|
|upkeep
|turn|19
|
|t:|1757918054
|move|p2a: Iron Valiant|Spirit Break|p1a: Ogerpon
|-damage|p1a: Ogerpon|0 fnt
|faint|p1a: Ogerpon
|
|upkeep
|
|t:|1757918056
|switch|p1a: Ursaluna|Ursaluna, M|94/100 brn
|turn|20
|
|t:|1757918057
|move|p2a: Iron Valiant|Close Combat|p1a: Ursaluna
|-supereffective|p1a: Ursaluna
|-damage|p1a: Ursaluna|0 fnt
|-unboost|p2a: Iron Valiant|def|1
|-unboost|p2a: Iron Valiant|spd|1
|faint|p1a: Ursaluna
|
|win|yua chan
|raw|king of spycrabs's rating: 1505 &rarr; <strong>1484</strong><br />(-21 for losing)
|raw|yua chan's rating: 1493 &rarr; <strong>1514</strong><br />(+21 for winning)
|l|☆king of spycrabs
|player|p1|
|l| DoMorning
|l|☆yua chan
|player|p2|
