|j|☆NERO_06
|j|☆iamclouds
|t:|1757948357
|gametype|singles
|player|p1|NERO_06|pokemaniac|1116
|player|p2|iamclouds|pokemaniac|1114
|gen|9
|tier|[Gen 9] OU
|rated|
|rule|HP Percentage Mod: HP is shown in percentages
|rule|Endless Battle Clause: Forcing endless battles is banned
|rule|Species Clause: Limit one of each Pokémon
|rule|OHKO Clause: OHKO moves are banned
|rule|Evasion Items Clause: Evasion items are banned
|rule|Evasion Moves Clause: Evasion moves are banned
|rule|Evasion Abilities Clause: Evasion abilities are banned
|rule|Sleep Moves Clause: Sleep-inducing moves are banned
|clearpoke
|poke|p1|Sceptile, M|
|poke|p1|Greninja-*, M|
|poke|p1|Gliscor, M|
|poke|p1|Infernape, M|
|poke|p1|Dragapult, M|
|poke|p1|Espeon, M|
|poke|p2|Hatterene, F|
|poke|p2|Diancie|
|poke|p2|Kingambit, F|
|poke|p2|Raging Bolt|
|poke|p2|Armarouge, F|
|poke|p2|Garchomp, M|
|teampreview
|
|t:|1757948371
|teamsize|p1|6
|teamsize|p2|6
|start
|switch|p1a: Greninja|Greninja, M|100/100
|switch|p2a: slow down|Hatterene, F|100/100
|turn|1
|inactive|Battle timer is ON: inactive players will automatically lose when time's up. (requested by iamclouds)
|
|t:|1757948380
|move|p1a: Greninja|Dark Pulse|p2a: slow down
|-damage|p2a: slow down|62/100
|move|p2a: slow down|Trick Room|p2a: slow down
|-fieldstart|move: Trick Room|[of] p2a: slow down
|
|upkeep
|turn|2
|
|t:|1757948387
|move|p2a: slow down|Draining Kiss|p1a: Greninja
|-supereffective|p1a: Greninja
|-damage|p1a: Greninja|8/100
|-heal|p2a: slow down|100/100|[from] drain|[of] p1a: Greninja
|move|p1a: Greninja|U-turn|p2a: slow down
|-damage|p2a: slow down|85/100
|
|t:|1757948393
|switch|p1a: Gliscor|Gliscor, M|100/100|[from] U-turn
|
|-status|p1a: Gliscor|tox|[from] item: Toxic Orb
|upkeep
|turn|3
|
|t:|1757948412
|switch|p2a: fire pew pew|Armarouge, F|100/100
|move|p1a: Gliscor|Poison Jab|p2a: fire pew pew
|-damage|p2a: fire pew pew|78/100
|
|upkeep
|turn|4
|
|t:|1757948418
|-terastallize|p2a: fire pew pew|Grass
|move|p2a: fire pew pew|Energy Ball|p1a: Gliscor
|-damage|p1a: Gliscor|10/100 tox
|-damage|p2a: fire pew pew|68/100|[from] item: Life Orb
|move|p1a: Gliscor|Earthquake|p2a: fire pew pew
|-resisted|p2a: fire pew pew
|-damage|p2a: fire pew pew|48/100
|
|-heal|p1a: Gliscor|22/100 tox|[from] ability: Poison Heal
|upkeep
|turn|5
|
|t:|1757948425
|move|p2a: fire pew pew|Energy Ball|p1a: Gliscor
|-damage|p1a: Gliscor|0 fnt
|faint|p1a: Gliscor
|-damage|p2a: fire pew pew|38/100|[from] item: Life Orb
|
|-fieldend|move: Trick Room
|upkeep
|
|t:|1757948429
|switch|p1a: Infernape|Infernape, M|100/100
|-item|p1a: Infernape|Air Balloon
|turn|6
|
|t:|1757948437
|move|p1a: Infernape|Flamethrower|p2a: fire pew pew
|-start|p2a: fire pew pew|ability: Flash Fire
|move|p2a: fire pew pew|Trick Room|p2a: fire pew pew
|-fieldstart|move: Trick Room|[of] p2a: fire pew pew
|
|upkeep
|turn|7
|
|t:|1757948447
|move|p2a: fire pew pew|Expanding Force|p1a: Infernape
|-supereffective|p1a: Infernape
|-damage|p1a: Infernape|0 fnt
|-enditem|p1a: Infernape|Air Balloon
|faint|p1a: Infernape
|-damage|p2a: fire pew pew|28/100|[from] item: Life Orb
|
|upkeep
|
|t:|1757948450
|switch|p1a: Greninja|Greninja, M|8/100
|turn|8
|
|t:|1757948456
|move|p2a: fire pew pew|Energy Ball|p1a: Greninja
|-supereffective|p1a: Greninja
|-damage|p1a: Greninja|0 fnt
|faint|p1a: Greninja
|-damage|p2a: fire pew pew|18/100|[from] item: Life Orb
|
|upkeep
|
|t:|1757948465
|switch|p1a: Dragapult|Dragapult, M|100/100
|turn|9
|
|t:|1757948475
|move|p2a: fire pew pew|Armor Cannon|p1a: Dragapult
|-resisted|p1a: Dragapult
|-damage|p1a: Dragapult|7/100
|-unboost|p2a: fire pew pew|def|1
|-unboost|p2a: fire pew pew|spd|1
|-damage|p2a: fire pew pew|9/100|[from] item: Life Orb
|move|p1a: Dragapult|Dragon Darts|p2a: fire pew pew
|-damage|p2a: fire pew pew|0 fnt
|faint|p2a: fire pew pew
|-damage|p1a: Dragapult|0 fnt|[from] item: Life Orb
|faint|p1a: Dragapult
|
|upkeep
|
|t:|1757948501
|switch|p2a: bye bye :3|Kingambit, F|100/100
|switch|p1a: Sceptile|Sceptile, M|100/100
|-activate|p2a: bye bye :3|ability: Supreme Overlord
|-start|p2a: bye bye :3|fallen1|[silent]
|turn|10
|
|t:|1757948508
|move|p2a: bye bye :3|Swords Dance|p2a: bye bye :3
|-boost|p2a: bye bye :3|atk|2
|move|p1a: Sceptile|Dragon Dance|p1a: Sceptile
|-boost|p1a: Sceptile|atk|1
|-boost|p1a: Sceptile|spe|1
|
|-fieldend|move: Trick Room
|upkeep
|turn|11
|
|t:|1757948515
|move|p2a: bye bye :3|Sucker Punch||[still]
|-fail|p2a: bye bye :3
|move|p1a: Sceptile|Dragon Dance|p1a: Sceptile
|-boost|p1a: Sceptile|atk|1
|-boost|p1a: Sceptile|spe|1
|
|upkeep
|turn|12
|
|t:|1757948519
|move|p1a: Sceptile|Leaf Blade|p2a: bye bye :3
|-resisted|p2a: bye bye :3
|-damage|p2a: bye bye :3|71/100
|move|p2a: bye bye :3|Kowtow Cleave|p1a: Sceptile
|-enditem|p1a: Sceptile|Focus Sash
|-damage|p1a: Sceptile|1/100
|
|upkeep
|turn|13
|
|t:|1757948527
|move|p2a: bye bye :3|Sucker Punch|p1a: Sceptile
|-damage|p1a: Sceptile|0 fnt
|faint|p1a: Sceptile
|
|upkeep
|
|t:|1757948530
|switch|p1a: Espeon|Espeon, M|100/100
|turn|14
|
|t:|1757948535
|move|p1a: Espeon|Alluring Voice|p2a: bye bye :3
|-damage|p2a: bye bye :3|40/100
|move|p2a: bye bye :3|Kowtow Cleave|p1a: Espeon
|-supereffective|p1a: Espeon
|-damage|p1a: Espeon|0 fnt
|faint|p1a: Espeon
|
|win|iamclouds
|raw|NERO_06's rating: 1116 &rarr; <strong>1091</strong><br />(-25 for losing)
|raw|iamclouds's rating: 1114 &rarr; <strong>1139</strong><br />(+25 for winning)
|l|☆NERO_06
|player|p1|
|l|☆iamclouds
|player|p2|
