|j|☆favoredpiano.exe
|j|☆chenlaohan
|t:|1757836708
|gametype|singles
|player|p1|favoredpiano.exe|shadowtriad|1211
|player|p2|chenlaohan|lass-gen4dp|1199
|gen|9
|tier|[Gen 9] OU
|rated|
|rule|HP Percentage Mod: HP is shown in percentages
|rule|Endless Battle Clause: Forcing endless battles is banned
|rule|Species Clause: Limit one of each Pokémon
|rule|OHKO Clause: OHKO moves are banned
|rule|Evasion Items Clause: Evasion items are banned
|rule|Evasion Moves Clause: Evasion moves are banned
|rule|Evasion Abilities Clause: Evasion abilities are banned
|rule|Sleep Moves Clause: Sleep-inducing moves are banned
|clearpoke
|poke|p1|Samurott-Hisui, M|
|poke|p1|Great Tusk|
|poke|p1|Volcanion|
|poke|p1|Hydrapple, F|
|poke|p1|Gholdengo|
|poke|p1|Landorus-Therian, M|
|poke|p2|Garchomp, F|
|poke|p2|Toxicroak, M|
|poke|p2|Crawdaunt, F|
|poke|p2|Pelipper, M|
|poke|p2|Zapdos|
|poke|p2|Kingdra, F|
|teampreview
|
|t:|1757836722
|teamsize|p1|6
|teamsize|p2|6
|start
|switch|p1a: Samurott|Samurott-Hisui, M, shiny|100/100
|switch|p2a: Pelipper|Pelipper, M, shiny|100/100
|-weather|RainDance|[from] ability: Drizzle|[of] p2a: Pelipper
|turn|1
|
|t:|1757836743
|move|p1a: Samurott|Ceaseless Edge|p2a: Pelipper
|-damage|p2a: Pelipper|67/100
|-sidestart|p2: chenlaohan|Spikes
|move|p2a: Pelipper|Tailwind|p2a: Pelipper
|-sidestart|p2: chenlaohan|move: Tailwind
|
|-weather|RainDance|[upkeep]
|-heal|p2a: Pelipper|73/100|[from] item: Leftovers
|upkeep
|turn|2
|
|t:|1757836755
|move|p2a: Pelipper|Hurricane|p1a: Samurott
|-damage|p1a: Samurott|75/100
|-start|p1a: Samurott|confusion
|-activate|p1a: Samurott|confusion
|move|p1a: Samurott|Ceaseless Edge|p2a: Pelipper
|-damage|p2a: Pelipper|43/100
|-sidestart|p2: chenlaohan|Spikes
|
|-weather|RainDance|[upkeep]
|-heal|p2a: Pelipper|50/100|[from] item: Leftovers
|upkeep
|turn|3
|
|t:|1757836766
|move|p2a: Pelipper|Roost|p2a: Pelipper
|-heal|p2a: Pelipper|99/100
|-singleturn|p2a: Pelipper|move: Roost
|-activate|p1a: Samurott|confusion
|move|p1a: Samurott|Knock Off|p2a: Pelipper
|-damage|p2a: Pelipper|68/100
|-enditem|p2a: Pelipper|Leftovers|[from] move: Knock Off|[of] p1a: Samurott
|
|-weather|RainDance|[upkeep]
|upkeep
|turn|4
|
|t:|1757836787
|switch|p2a: Zapdos|Zapdos, shiny|100/100
|-activate|p1a: Samurott|confusion
|move|p1a: Samurott|Ceaseless Edge|p2a: Zapdos
|-damage|p2a: Zapdos|62/100
|-status|p1a: Samurott|par|[from] ability: Static|[of] p2a: Zapdos
|-sidestart|p2: chenlaohan|Spikes
|
|-weather|RainDance|[upkeep]
|-sideend|p2: chenlaohan|move: Tailwind
|upkeep
|turn|5
|
|t:|1757836807
|switch|p1a: Landorus|Landorus-Therian, M|100/100
|-ability|p1a: Landorus|Intimidate|boost
|-unboost|p2a: Zapdos|atk|1
|move|p2a: Zapdos|Hurricane|p1a: Landorus
|-damage|p1a: Landorus|23/100
|
|-weather|none
|upkeep
|turn|6
|
|t:|1757836818
|move|p1a: Landorus|Stone Edge|p2a: Zapdos
|-supereffective|p2a: Zapdos
|-damage|p2a: Zapdos|0 fnt
|faint|p2a: Zapdos
|
|upkeep
|
|t:|1757836835
|switch|p2a: Toxicroak|Toxicroak, M, shiny|100/100
|-damage|p2a: Toxicroak|76/100|[from] Spikes
|turn|7
|
|t:|1757836850
|switch|p1a: Great Tusk|Great Tusk|100/100
|move|p2a: Toxicroak|Bulk Up|p2a: Toxicroak
|-boost|p2a: Toxicroak|atk|1
|-boost|p2a: Toxicroak|def|1
|
|-heal|p2a: Toxicroak|82/100|[from] item: Leftovers
|upkeep
|turn|8
|
|t:|1757836870
|-terastallize|p2a: Toxicroak|Dark
|move|p1a: Great Tusk|Headlong Rush|p2a: Toxicroak
|-damage|p2a: Toxicroak|12/100
|-unboost|p1a: Great Tusk|def|1
|-unboost|p1a: Great Tusk|spd|1
|move|p2a: Toxicroak|Drain Punch|p1a: Great Tusk
|-damage|p1a: Great Tusk|48/100
|-heal|p2a: Toxicroak|43/100|[from] drain|[of] p1a: Great Tusk
|
|-heal|p2a: Toxicroak|50/100|[from] item: Leftovers
|upkeep
|turn|9
|
|t:|1757836884
|switch|p2a: Pelipper|Pelipper, M, shiny|68/100
|-weather|RainDance|[from] ability: Drizzle|[of] p2a: Pelipper
|move|p1a: Great Tusk|Headlong Rush|p2a: Pelipper
|-immune|p2a: Pelipper
|
|-weather|RainDance|[upkeep]
|upkeep
|turn|10
|
|t:|1757836894
|-end|p1a: Great Tusk|Protosynthesis|[silent]
|switch|p1a: Samurott|Samurott-Hisui, M, shiny|75/100 par
|move|p2a: Pelipper|Tailwind|p2a: Pelipper
|-sidestart|p2: chenlaohan|move: Tailwind
|
|-weather|RainDance|[upkeep]
|upkeep
|turn|11
|
|t:|1757836931
|switch|p2a: Garchomp|Garchomp, F|100/100
|-damage|p2a: Garchomp|75/100|[from] Spikes
|move|p1a: Samurott|Ceaseless Edge|p2a: Garchomp
|-damage|p2a: Garchomp|46/100
|-damage|p1a: Samurott|62/100 par|[from] ability: Rough Skin|[of] p2a: Garchomp
|-damage|p1a: Samurott|46/100 par|[from] item: Rocky Helmet|[of] p2a: Garchomp
|
|-weather|RainDance|[upkeep]
|upkeep
|turn|12
|
|t:|1757836942
|switch|p1a: Landorus|Landorus-Therian, M|23/100
|-ability|p1a: Landorus|Intimidate|boost
|-unboost|p2a: Garchomp|atk|1
|move|p2a: Garchomp|Stealth Rock|p1a: Landorus
|-sidestart|p1: favoredpiano.exe|move: Stealth Rock
|
|-weather|RainDance|[upkeep]
|upkeep
|turn|13
|
|t:|1757836971
|move|p2a: Garchomp|Protect|p2a: Garchomp
|-singleturn|p2a: Garchomp|Protect
|move|p1a: Landorus|Earthquake|p2a: Garchomp
|-activate|p2a: Garchomp|move: Protect
|
|-weather|none
|-sideend|p2: chenlaohan|move: Tailwind
|upkeep
|turn|14
|
|t:|1757836996
|switch|p1a: Volcanion|Volcanion|100/100
|move|p2a: Garchomp|Dragon Tail|p1a: Volcanion
|-damage|p1a: Volcanion|85/100
|drag|p1a: Great Tusk|Great Tusk|48/100
|
|upkeep
|turn|15
|
|t:|1757837007
|move|p2a: Garchomp|Protect|p2a: Garchomp
|-singleturn|p2a: Garchomp|Protect
|move|p1a: Great Tusk|Rapid Spin|p2a: Garchomp
|-activate|p2a: Garchomp|move: Protect
|
|upkeep
|turn|16
|
|t:|1757837019
|switch|p2a: Pelipper|Pelipper, M, shiny|68/100
|-weather|RainDance|[from] ability: Drizzle|[of] p2a: Pelipper
|move|p1a: Great Tusk|Ice Spinner|p2a: Pelipper
|-damage|p2a: Pelipper|47/100
|
|-weather|RainDance|[upkeep]
|upkeep
|turn|17
|
|t:|1757837037
|move|p1a: Great Tusk|Rapid Spin|p2a: Pelipper
|-crit|p2a: Pelipper
|-damage|p2a: Pelipper|29/100
|-boost|p1a: Great Tusk|spe|1
|-sideend|p1: favoredpiano.exe|Stealth Rock|[from] move: Rapid Spin|[of] p1a: Great Tusk
|move|p2a: Pelipper|Weather Ball|p1a: Great Tusk
|-supereffective|p1a: Great Tusk
|-damage|p1a: Great Tusk|0 fnt
|faint|p1a: Great Tusk
|-end|p1a: Great Tusk|Protosynthesis|[silent]
|
|-weather|RainDance|[upkeep]
|upkeep
|
|t:|1757837051
|switch|p1a: Volcanion|Volcanion|85/100
|turn|18
|
|t:|1757837059
|move|p1a: Volcanion|Sludge Bomb|p2a: Pelipper
|-damage|p2a: Pelipper|0 fnt
|faint|p2a: Pelipper
|
|-weather|RainDance|[upkeep]
|upkeep
|
|t:|1757837065
|switch|p2a: Garchomp|Garchomp, F|46/100
|-damage|p2a: Garchomp|21/100|[from] Spikes
|turn|19
|
|t:|1757837072
|-terastallize|p1a: Volcanion|Bug
|move|p2a: Garchomp|Earthquake|p1a: Volcanion
|-resisted|p1a: Volcanion
|-damage|p1a: Volcanion|62/100
|move|p1a: Volcanion|Steam Eruption|p2a: Garchomp
|-damage|p2a: Garchomp|0 fnt
|faint|p2a: Garchomp
|
|-weather|RainDance|[upkeep]
|upkeep
|
|t:|1757837084
|switch|p2a: Crawdaunt|Crawdaunt, F|100/100
|-damage|p2a: Crawdaunt|76/100|[from] Spikes
|turn|20
|
|t:|1757837095
|move|p1a: Volcanion|Will-O-Wisp|p2a: Crawdaunt
|-status|p2a: Crawdaunt|brn
|move|p2a: Crawdaunt|Dragon Dance|p2a: Crawdaunt
|-boost|p2a: Crawdaunt|atk|1
|-boost|p2a: Crawdaunt|spe|1
|
|-weather|none
|-damage|p2a: Crawdaunt|70/100 brn|[from] brn
|upkeep
|turn|21
|
|t:|1757837105
|move|p2a: Crawdaunt|Crabhammer|p1a: Volcanion
|-heal|p1a: Volcanion|87/100|[from] ability: Water Absorb|[of] p2a: Crawdaunt
|move|p1a: Volcanion|Sludge Bomb|p2a: Crawdaunt
|-damage|p2a: Crawdaunt|4/100 brn
|
|-damage|p2a: Crawdaunt|0 fnt|[from] brn
|faint|p2a: Crawdaunt
|upkeep
|
|t:|1757837114
|switch|p2a: Toxicroak|Toxicroak, M, shiny, tera:Dark|50/100
|-damage|p2a: Toxicroak|25/100|[from] Spikes
|turn|22
|
|t:|1757837119
|move|p2a: Toxicroak|Knock Off|p1a: Volcanion
|-damage|p1a: Volcanion|51/100
|-enditem|p1a: Volcanion|Heavy-Duty Boots|[from] move: Knock Off|[of] p2a: Toxicroak
|move|p1a: Volcanion|Flamethrower|p2a: Toxicroak
|-damage|p2a: Toxicroak|0 fnt
|faint|p2a: Toxicroak
|
|upkeep
|
|t:|1757837128
|switch|p2a: Kingdra|Kingdra, F|100/100
|-damage|p2a: Kingdra|76/100|[from] Spikes
|turn|23
|
|t:|1757837136
|move|p2a: Kingdra|Hurricane|p1a: Volcanion
|-supereffective|p1a: Volcanion
|-damage|p1a: Volcanion|0 fnt
|faint|p1a: Volcanion
|
|upkeep
|
|t:|1757837145
|switch|p1a: Hydrapple|Hydrapple, F, shiny|100/100
|turn|24
|
|t:|1757837148
|move|p2a: Kingdra|Hurricane|p1a: Hydrapple|[miss]
|-miss|p2a: Kingdra|p1a: Hydrapple
|move|p1a: Hydrapple|Fickle Beam|p2a: Kingdra|[anim] Fickle Beam All Out
|-activate|p1a: Hydrapple|move: Fickle Beam
|-supereffective|p2a: Kingdra
|-damage|p2a: Kingdra|0 fnt
|faint|p2a: Kingdra
|
|win|favoredpiano.exe
|raw|favoredpiano.exe's rating: 1211 &rarr; <strong>1235</strong><br />(+24 for winning)
|raw|chenlaohan's rating: 1199 &rarr; <strong>1175</strong><br />(-24 for losing)
|l|☆favoredpiano.exe
|player|p1|
|l|☆chenlaohan
|player|p2|
|j|☆chenlaohan
|player|p2|chenlaohan|lass-gen4dp|
