|j|☆Free6lackpanther
|j|☆TheJobApplication
|t:|1757813114
|gametype|singles
|player|p1|Free6lackpanther|102|1395
|player|p2|TheJobApplication|169|1391
|gen|9
|tier|[Gen 9] OU
|rated|
|rule|HP Percentage Mod: HP is shown in percentages
|rule|Endless Battle Clause: Forcing endless battles is banned
|rule|Species Clause: Limit one of each Pokémon
|rule|OHKO Clause: OHKO moves are banned
|rule|Evasion Items Clause: Evasion items are banned
|rule|Evasion Moves Clause: Evasion moves are banned
|rule|Evasion Abilities Clause: Evasion abilities are banned
|rule|Sleep Moves Clause: Sleep-inducing moves are banned
|clearpoke
|poke|p1|Rotom-Wash|
|poke|p1|Ninetales-Alola, F|
|poke|p1|Exeggutor-Alola, F|
|poke|p1|Tyranitar, M|
|poke|p1|Dragonite, M|
|poke|p1|Scizor, F|
|poke|p2|Chandelure, M|
|poke|p2|Great Tusk|
|poke|p2|Kingambit, M|
|poke|p2|Dragapult, F|
|poke|p2|Rillaboom, F|
|poke|p2|Corviknight, M|
|teampreview
|inactive|Battle timer is ON: inactive players will automatically lose when time's up. (requested by TheJobApplication)
|inactive|Free6lackpanther also wants the timer to be on.
|
|t:|1757813118
|teamsize|p1|6
|teamsize|p2|6
|start
|switch|p1a: Rotom|Rotom-Wash|100/100
|switch|p2a: Steven|Dragapult, F|100/100
|turn|1
|
|t:|1757813125
|move|p2a: Steven|U-turn|p1a: Rotom
|-damage|p1a: Rotom|87/100
|
|t:|1757813127
|switch|p2a: Evan|Corviknight, M|100/100|[from] U-turn
|-ability|p2a: Evan|Pressure
|move|p1a: Rotom|Will-O-Wisp|p2a: Evan|[miss]
|-miss|p1a: Rotom|p2a: Evan
|
|-heal|p1a: Rotom|93/100|[from] item: Leftovers
|upkeep
|turn|2
|
|t:|1757813139
|switch|p2a: Michael|Great Tusk|100/100
|-enditem|p2a: Michael|Booster Energy
|-activate|p2a: Michael|ability: Protosynthesis|[fromitem]
|-start|p2a: Michael|protosynthesisatk
|move|p1a: Rotom|Will-O-Wisp|p2a: Michael
|-status|p2a: Michael|brn
|
|-heal|p1a: Rotom|99/100|[from] item: Leftovers
|-damage|p2a: Michael|94/100 brn|[from] brn
|upkeep
|turn|3
|
|t:|1757813151
|move|p2a: Michael|Close Combat|p1a: Rotom
|-damage|p1a: Rotom|73/100
|-unboost|p2a: Michael|def|1
|-unboost|p2a: Michael|spd|1
|move|p1a: Rotom|Hydro Pump|p2a: Michael
|-supereffective|p2a: Michael
|-damage|p2a: Michael|0 fnt
|faint|p2a: Michael
|-end|p2a: Michael|Protosynthesis|[silent]
|
|-heal|p1a: Rotom|79/100|[from] item: Leftovers
|upkeep
|
|t:|1757813156
|switch|p2a: Nicholas|Rillaboom, F|100/100
|-fieldstart|move: Grassy Terrain|[from] ability: Grassy Surge|[of] p2a: Nicholas
|turn|4
|
|t:|1757813167
|switch|p1a: Ninetales|Ninetales-Alola, F|100/100
|-weather|Snowscape|[from] ability: Snow Warning|[of] p1a: Ninetales
|move|p2a: Nicholas|Grassy Glide|p1a: Ninetales
|-damage|p1a: Ninetales|38/100
|
|-weather|Snowscape|[upkeep]
|-heal|p1a: Ninetales|44/100|[from] Grassy Terrain
|upkeep
|turn|5
|
|t:|1757813185
|move|p2a: Nicholas|Grassy Glide|p1a: Ninetales
|-damage|p1a: Ninetales|0 fnt
|faint|p1a: Ninetales
|
|-weather|Snowscape|[upkeep]
|upkeep
|
|t:|1757813198
|switch|p1a: Exeggutor|Exeggutor-Alola, F|100/100
|turn|6
|
|t:|1757813202
|switch|p2a: Evan|Corviknight, M|100/100
|-ability|p2a: Evan|Pressure
|move|p1a: Exeggutor|Flamethrower|p2a: Evan
|-supereffective|p2a: Evan
|-damage|p2a: Evan|36/100
|
|-weather|Snowscape|[upkeep]
|upkeep
|turn|7
|
|t:|1757813211
|switch|p2a: Lebron|Chandelure, M|100/100
|move|p1a: Exeggutor|Flamethrower|p2a: Lebron
|-start|p2a: Lebron|ability: Flash Fire
|
|-weather|Snowscape|[upkeep]
|upkeep
|turn|8
|
|t:|1757813221
|switch|p1a: Rotom|Rotom-Wash|79/100
|move|p2a: Lebron|Fire Blast|p1a: Rotom
|-resisted|p1a: Rotom
|-damage|p1a: Rotom|30/100
|
|-weather|none
|-heal|p1a: Rotom|37/100|[from] item: Leftovers
|-fieldend|move: Grassy Terrain
|upkeep
|turn|9
|
|t:|1757813231
|move|p2a: Lebron|Fire Blast|p1a: Rotom
|-resisted|p1a: Rotom
|-damage|p1a: Rotom|0 fnt
|faint|p1a: Rotom
|
|upkeep
|
|t:|1757813238
|switch|p1a: Tyranitar|Tyranitar, M|100/100
|-weather|Sandstorm|[from] ability: Sand Stream|[of] p1a: Tyranitar
|turn|10
|
|t:|1757813244
|-end|p2a: Lebron|ability: Flash Fire|[silent]
|switch|p2a: Evan|Corviknight, M|36/100
|-ability|p2a: Evan|Pressure
|move|p1a: Tyranitar|Earthquake|p2a: Evan
|-immune|p2a: Evan
|
|-weather|Sandstorm|[upkeep]
|upkeep
|turn|11
|
|t:|1757813252
|move|p2a: Evan|Roost|p2a: Evan
|-heal|p2a: Evan|86/100
|-singleturn|p2a: Evan|move: Roost
|move|p1a: Tyranitar|Earthquake|p2a: Evan
|-supereffective|p2a: Evan
|-damage|p2a: Evan|39/100
|
|-weather|Sandstorm|[upkeep]
|upkeep
|turn|12
|
|t:|1757813263
|move|p2a: Evan|Roost|p2a: Evan
|-heal|p2a: Evan|89/100
|-singleturn|p2a: Evan|move: Roost
|move|p1a: Tyranitar|Knock Off|p2a: Evan
|-damage|p2a: Evan|57/100
|-damage|p1a: Tyranitar|84/100|[from] item: Rocky Helmet|[of] p2a: Evan
|-enditem|p2a: Evan|Rocky Helmet|[from] move: Knock Off|[of] p1a: Tyranitar
|
|-weather|Sandstorm|[upkeep]
|upkeep
|turn|13
|
|t:|1757813273
|move|p2a: Evan|U-turn|p1a: Tyranitar
|-supereffective|p1a: Tyranitar
|-damage|p1a: Tyranitar|59/100
|
|t:|1757813278
|switch|p2a: Nicholas|Rillaboom, F|100/100|[from] U-turn
|-fieldstart|move: Grassy Terrain|[from] ability: Grassy Surge|[of] p2a: Nicholas
|move|p1a: Tyranitar|Earthquake|p2a: Nicholas
|-resisted|p2a: Nicholas
|-damage|p2a: Nicholas|89/100
|
|-weather|Sandstorm|[upkeep]
|-damage|p2a: Nicholas|83/100|[from] Sandstorm
|-heal|p2a: Nicholas|89/100|[from] Grassy Terrain
|-heal|p1a: Tyranitar|66/100|[from] Grassy Terrain
|upkeep
|turn|14
|
|t:|1757813291
|switch|p1a: Scizor|Scizor, F|100/100
|move|p2a: Nicholas|Drain Punch|p1a: Scizor
|-damage|p1a: Scizor|60/100
|-heal|p2a: Nicholas|100/100|[from] drain|[of] p1a: Scizor
|
|-weather|none
|-heal|p1a: Scizor|66/100|[from] Grassy Terrain
|-heal|p1a: Scizor|72/100|[from] item: Leftovers
|upkeep
|turn|15
|
|t:|1757813302
|switch|p2a: Evan|Corviknight, M|57/100
|-ability|p2a: Evan|Pressure
|move|p1a: Scizor|Dual Wingbeat|p2a: Evan
|-resisted|p2a: Evan
|-damage|p2a: Evan|50/100
|-resisted|p2a: Evan
|-damage|p2a: Evan|43/100
|-hitcount|p2a: Evan|2
|
|-heal|p1a: Scizor|78/100|[from] Grassy Terrain
|-heal|p1a: Scizor|85/100|[from] item: Leftovers
|upkeep
|turn|16
|
|t:|1757813317
|move|p2a: Evan|Roost|p2a: Evan
|-heal|p2a: Evan|93/100
|-singleturn|p2a: Evan|move: Roost
|move|p1a: Scizor|Knock Off|p2a: Evan
|-damage|p2a: Evan|77/100
|
|-heal|p2a: Evan|83/100|[from] Grassy Terrain
|-heal|p1a: Scizor|91/100|[from] Grassy Terrain
|-heal|p1a: Scizor|97/100|[from] item: Leftovers
|upkeep
|turn|17
|
|t:|1757813329
|switch|p1a: Exeggutor|Exeggutor-Alola, F|100/100
|move|p2a: Evan|U-turn|p1a: Exeggutor
|-supereffective|p1a: Exeggutor
|-damage|p1a: Exeggutor|72/100
|
|t:|1757813338
|switch|p2a: Nicholas|Rillaboom, F|100/100|[from] U-turn
|
|-heal|p1a: Exeggutor|78/100|[from] Grassy Terrain
|-fieldend|move: Grassy Terrain
|upkeep
|turn|18
|
|t:|1757813347
|switch|p2a: Lebron|Chandelure, M|100/100
|move|p1a: Exeggutor|Calm Mind|p1a: Exeggutor
|-boost|p1a: Exeggutor|spa|1
|-boost|p1a: Exeggutor|spd|1
|
|upkeep
|turn|19
|
|t:|1757813357
|move|p2a: Lebron|Trick|p1a: Exeggutor
|-activate|p2a: Lebron|move: Trick|[of] p1a: Exeggutor
|-item|p1a: Exeggutor|Choice Scarf|[from] move: Trick
|-item|p2a: Lebron|Sitrus Berry|[from] move: Trick
|move|p1a: Exeggutor|Calm Mind|p1a: Exeggutor
|-boost|p1a: Exeggutor|spa|1
|-boost|p1a: Exeggutor|spd|1
|
|upkeep
|turn|20
|-message|Free6lackpanther forfeited.
|
|win|TheJobApplication
|raw|Free6lackpanther's rating: 1395 &rarr; <strong>1375</strong><br />(-20 for losing)
|raw|TheJobApplication's rating: 1391 &rarr; <strong>1411</strong><br />(+20 for winning)
|l|☆Free6lackpanther
|player|p1|
|l|☆TheJobApplication
|player|p2|
