|j|☆peewee mcgee xxx
|j|‽Lucid Coffee
|t:|1757937998
|gametype|singles
|player|p1|peewee mcgee xxx|266|1739
|player|p2|Lucid Coffee|blue|1681
|gen|9
|tier|[Gen 9] OU
|rated|
|rule|HP Percentage Mod: HP is shown in percentages
|rule|Endless Battle Clause: Forcing endless battles is banned
|rule|Species Clause: Limit one of each Pokémon
|rule|OHKO Clause: OHKO moves are banned
|rule|Evasion Items Clause: Evasion items are banned
|rule|Evasion Moves Clause: Evasion moves are banned
|rule|Evasion Abilities Clause: Evasion abilities are banned
|rule|Sleep Moves Clause: Sleep-inducing moves are banned
|clearpoke
|poke|p1|Alomomola, M|
|poke|p1|Sinistcha-Masterpiece|
|poke|p1|Scizor, M|
|poke|p1|Cinderace, M|
|poke|p1|Zamazenta-*|
|poke|p1|Kyurem|
|poke|p2|Dragapult, M|
|poke|p2|Glimmora, M|
|poke|p2|Comfey, M|
|poke|p2|Kingambit, M|
|poke|p2|Ogerpon-Wellspring, F|
|poke|p2|Blaziken, M|
|teampreview
|inactive|Battle timer is ON: inactive players will automatically lose when time's up. (requested by peewee mcgee xxx)
|
|t:|1757938027
|teamsize|p1|6
|teamsize|p2|6
|start
|switch|p1a: Kyurem|Kyurem|100/100
|switch|p2a: Blaziken|Blaziken, M, shiny|100/100
|-ability|p1a: Kyurem|Pressure
|turn|1
|
|t:|1757938049
|move|p2a: Blaziken|Protect|p2a: Blaziken
|-singleturn|p2a: Blaziken|Protect
|move|p1a: Kyurem|Earth Power|p2a: Blaziken
|-activate|p2a: Blaziken|move: Protect
|
|-ability|p2a: Blaziken|Speed Boost|boost
|-boost|p2a: Blaziken|spe|1
|upkeep
|turn|2
|
|t:|1757938055
|switch|p1a: Alomomola|Alomomola, M|100/100
|move|p2a: Blaziken|Close Combat|p1a: Alomomola
|-damage|p1a: Alomomola|39/100
|-unboost|p2a: Blaziken|def|1
|-unboost|p2a: Blaziken|spd|1
|-damage|p2a: Blaziken|91/100|[from] item: Life Orb
|
|-ability|p2a: Blaziken|Speed Boost|boost
|-boost|p2a: Blaziken|spe|1
|upkeep
|turn|3
|
|t:|1757938073
|switch|p1a: Sinistcha|Sinistcha-Masterpiece|100/100
|move|p2a: Blaziken|Flare Blitz|p1a: Sinistcha
|-supereffective|p1a: Sinistcha
|-crit|p1a: Sinistcha
|-damage|p1a: Sinistcha|18/100
|-damage|p2a: Blaziken|60/100|[from] Recoil
|-damage|p2a: Blaziken|50/100|[from] item: Life Orb
|
|-heal|p1a: Sinistcha|25/100|[from] item: Leftovers
|-ability|p2a: Blaziken|Speed Boost|boost
|-boost|p2a: Blaziken|spe|1
|upkeep
|turn|4
|
|t:|1757938081
|move|p2a: Blaziken|Knock Off|p1a: Sinistcha
|-supereffective|p1a: Sinistcha
|-damage|p1a: Sinistcha|0 fnt
|-enditem|p1a: Sinistcha|Leftovers|[from] move: Knock Off|[of] p2a: Blaziken
|faint|p1a: Sinistcha
|-damage|p2a: Blaziken|40/100|[from] item: Life Orb
|
|-ability|p2a: Blaziken|Speed Boost|boost
|-boost|p2a: Blaziken|spe|1
|upkeep
|
|t:|1757938083
|switch|p1a: Alomomola|Alomomola, M|72/100
|turn|5
|
|t:|1757938089
|-terastallize|p2a: Blaziken|Fighting
|move|p2a: Blaziken|Close Combat|p1a: Alomomola
|-damage|p1a: Alomomola|0 fnt
|-unboost|p2a: Blaziken|def|1
|-unboost|p2a: Blaziken|spd|1
|faint|p1a: Alomomola
|-damage|p2a: Blaziken|30/100|[from] item: Life Orb
|
|-ability|p2a: Blaziken|Speed Boost|boost
|-boost|p2a: Blaziken|spe|1
|upkeep
|
|t:|1757938098
|switch|p1a: Scizor|Scizor, M|100/100
|turn|6
|
|t:|1757938101
|switch|p2a: Ogerpon|Ogerpon-Wellspring, F|100/100
|move|p1a: Scizor|Bullet Punch|p2a: Ogerpon
|-resisted|p2a: Ogerpon
|-damage|p2a: Ogerpon|64/100
|
|upkeep
|turn|7
|
|t:|1757938122
|switch|p1a: Zamazenta|Zamazenta|100/100
|-ability|p1a: Zamazenta|Dauntless Shield|boost
|-boost|p1a: Zamazenta|def|1
|move|p2a: Ogerpon|U-turn|p1a: Zamazenta
|-resisted|p1a: Zamazenta
|-damage|p1a: Zamazenta|94/100
|
|t:|1757938137
|switch|p2a: Dragapult|Dragapult, M, shiny|100/100|[from] U-turn
|
|-heal|p1a: Zamazenta|99/100|[from] item: Leftovers
|upkeep
|turn|8
|
|t:|1757938143
|move|p2a: Dragapult|Draco Meteor|p1a: Zamazenta
|-damage|p1a: Zamazenta|41/100
|-unboost|p2a: Dragapult|spa|2
|-damage|p2a: Dragapult|91/100|[from] item: Life Orb
|move|p1a: Zamazenta|Crunch|p2a: Dragapult
|-supereffective|p2a: Dragapult
|-damage|p2a: Dragapult|29/100
|
|-heal|p1a: Zamazenta|48/100|[from] item: Leftovers
|upkeep
|turn|9
|
|t:|1757938159
|switch|p2a: Blaziken|Blaziken, M, shiny, tera:Fighting|30/100
|switch|p1a: Scizor|Scizor, M|100/100
|
|upkeep
|turn|10
|
|t:|1757938164
|move|p2a: Blaziken|Protect|p2a: Blaziken
|-singleturn|p2a: Blaziken|Protect
|move|p1a: Scizor|Bullet Punch|p2a: Blaziken
|-activate|p2a: Blaziken|move: Protect
|
|-ability|p2a: Blaziken|Speed Boost|boost
|-boost|p2a: Blaziken|spe|1
|upkeep
|turn|11
|
|t:|1757938172
|switch|p2a: Glimmora|Glimmora, M, shiny|100/100
|switch|p1a: Cinderace|Cinderace, M|100/100
|
|upkeep
|turn|12
|j| Lady Silver ...
|
|t:|1757938181
|switch|p1a: Kyurem|Kyurem|100/100
|-ability|p1a: Kyurem|Pressure
|move|p2a: Glimmora|Stealth Rock|p1a: Kyurem
|-sidestart|p1: peewee mcgee xxx|move: Stealth Rock
|
|upkeep
|turn|13
|
|t:|1757938188
|switch|p2a: Comfey|Comfey, M, shiny|100/100
|move|p1a: Kyurem|Earth Power|p2a: Comfey
|-damage|p2a: Comfey|54/100
|
|upkeep
|turn|14
|
|t:|1757938194
|switch|p1a: Scizor|Scizor, M|100/100
|-damage|p1a: Scizor|88/100|[from] Stealth Rock
|move|p2a: Comfey|Draining Kiss|p1a: Scizor
|-resisted|p1a: Scizor
|-damage|p1a: Scizor|71/100
|-heal|p2a: Comfey|68/100|[from] drain|[of] p1a: Scizor
|-damage|p2a: Comfey|59/100|[from] item: Life Orb
|
|upkeep
|turn|15
|
|t:|1757938201
|switch|p2a: Glimmora|Glimmora, M, shiny|100/100
|move|p1a: Scizor|Close Combat|p2a: Glimmora
|-damage|p2a: Glimmora|51/100
|-unboost|p1a: Scizor|def|1
|-unboost|p1a: Scizor|spd|1
|-activate|p2a: Glimmora|ability: Toxic Debris
|-sidestart|p1: peewee mcgee xxx|move: Toxic Spikes
|-enditem|p2a: Glimmora|Red Card|[of] p1a: Scizor
|drag|p1a: Kyurem|Kyurem|100/100
|-damage|p1a: Kyurem|76/100|[from] Stealth Rock
|-status|p1a: Kyurem|psn
|-ability|p1a: Kyurem|Pressure
|
|-damage|p1a: Kyurem|63/100 psn|[from] psn
|upkeep
|turn|16
|
|t:|1757938206
|move|p1a: Kyurem|Ice Beam|p2a: Glimmora
|-damage|p2a: Glimmora|0 fnt
|faint|p2a: Glimmora
|
|-damage|p1a: Kyurem|51/100 psn|[from] psn
|upkeep
|
|t:|1757938215
|switch|p2a: Blaziken|Blaziken, M, shiny, tera:Fighting|30/100
|turn|17
|
|t:|1757938226
|switch|p1a: Scizor|Scizor, M|71/100
|-damage|p1a: Scizor|59/100|[from] Stealth Rock
|move|p2a: Blaziken|Protect||[still]
|-fail|p2a: Blaziken
|
|-ability|p2a: Blaziken|Speed Boost|boost
|-boost|p2a: Blaziken|spe|1
|upkeep
|turn|18
|
|t:|1757938230
|move|p2a: Blaziken|Protect|p2a: Blaziken
|-singleturn|p2a: Blaziken|Protect
|move|p1a: Scizor|Bullet Punch|p2a: Blaziken
|-activate|p2a: Blaziken|move: Protect
|
|-ability|p2a: Blaziken|Speed Boost|boost
|-boost|p2a: Blaziken|spe|1
|upkeep
|turn|19
|j| Arkaris
|
|t:|1757938239
|switch|p2a: Kingambit|Kingambit, M, shiny|100/100
|-activate|p2a: Kingambit|ability: Supreme Overlord
|-start|p2a: Kingambit|fallen1|[silent]
|move|p1a: Scizor|Bullet Punch|p2a: Kingambit
|-resisted|p2a: Kingambit
|-damage|p2a: Kingambit|83/100
|
|-heal|p2a: Kingambit|89/100|[from] item: Leftovers
|upkeep
|turn|20
|
|t:|1757938249
|move|p1a: Scizor|Bullet Punch|p2a: Kingambit
|-resisted|p2a: Kingambit
|-damage|p2a: Kingambit|71/100
|move|p2a: Kingambit|Kowtow Cleave|p1a: Scizor
|-damage|p1a: Scizor|3/100
|
|-heal|p2a: Kingambit|78/100|[from] item: Leftovers
|upkeep
|turn|21
|
|t:|1757938254
|move|p1a: Scizor|Bullet Punch|p2a: Kingambit
|-resisted|p2a: Kingambit
|-crit|p2a: Kingambit
|-damage|p2a: Kingambit|52/100
|move|p2a: Kingambit|Iron Head|p1a: Scizor
|-resisted|p1a: Scizor
|-damage|p1a: Scizor|0 fnt
|faint|p1a: Scizor
|
|-heal|p2a: Kingambit|58/100|[from] item: Leftovers
|upkeep
|
|t:|1757938264
|switch|p1a: Cinderace|Cinderace, M|100/100
|turn|22
|
|t:|1757938268
|-end|p2a: Kingambit|fallen1|[silent]
|switch|p2a: Comfey|Comfey, M, shiny|59/100
|move|p1a: Cinderace|Court Change|p1a: Cinderace
|-start|p1a: Cinderace|typechange|Normal|[from] ability: Libero
|-swapsideconditions
|-activate|p1a: Cinderace|move: Court Change
|
|upkeep
|turn|23
|
|t:|1757938279
|switch|p1a: Kyurem|Kyurem|51/100 psn
|-ability|p1a: Kyurem|Pressure
|move|p2a: Comfey|Draining Kiss|p1a: Kyurem
|-supereffective|p1a: Kyurem
|-damage|p1a: Kyurem|0 fnt
|-heal|p2a: Comfey|100/100|[from] drain|[of] p1a: Kyurem
|faint|p1a: Kyurem
|-damage|p2a: Comfey|91/100|[from] item: Life Orb
|
|upkeep
|
|t:|1757938281
|switch|p1a: Cinderace|Cinderace, M|100/100
|turn|24
|j| Raining Drawing
|
|t:|1757938307
|switch|p2a: Blaziken|Blaziken, M, shiny, tera:Fighting|30/100
|-damage|p2a: Blaziken|24/100|[from] Stealth Rock
|-status|p2a: Blaziken|psn
|-terastallize|p1a: Cinderace|Fire
|move|p1a: Cinderace|Pyro Ball|p2a: Blaziken|[miss]
|-miss|p1a: Cinderace|p2a: Blaziken
|
|-damage|p2a: Blaziken|11/100 psn|[from] psn
|upkeep
|turn|25
|
|t:|1757938322
|move|p1a: Cinderace|Pyro Ball|p2a: Blaziken
|-damage|p2a: Blaziken|0 fnt
|faint|p2a: Blaziken
|
|upkeep
|
|t:|1757938328
|switch|p2a: Dragapult|Dragapult, M, shiny|29/100
|-damage|p2a: Dragapult|17/100|[from] Stealth Rock
|-status|p2a: Dragapult|psn
|turn|26
|inactive|Lucid Coffee has 120 seconds left.
|
|t:|1757938349
|move|p1a: Cinderace|Sucker Punch|p2a: Dragapult
|-supereffective|p2a: Dragapult
|-damage|p2a: Dragapult|0 fnt
|faint|p2a: Dragapult
|
|upkeep
|j| Ctannn
|inactive|Lucid Coffee has 120 seconds left.
|
|t:|1757938354
|switch|p2a: Kingambit|Kingambit, M, shiny|58/100
|-damage|p2a: Kingambit|52/100|[from] Stealth Rock
|-activate|p2a: Kingambit|ability: Supreme Overlord
|-start|p2a: Kingambit|fallen3|[silent]
|turn|27
|
|t:|1757938359
|switch|p1a: Zamazenta|Zamazenta|48/100
|move|p2a: Kingambit|Sucker Punch||[still]
|-fail|p2a: Kingambit
|
|-heal|p1a: Zamazenta|54/100|[from] item: Leftovers
|-heal|p2a: Kingambit|58/100|[from] item: Leftovers
|upkeep
|turn|28
|
|t:|1757938365
|-end|p2a: Kingambit|fallen3|[silent]
|switch|p2a: Ogerpon|Ogerpon-Wellspring, F|64/100
|-damage|p2a: Ogerpon|51/100|[from] Stealth Rock
|-status|p2a: Ogerpon|psn
|move|p1a: Zamazenta|Body Press|p2a: Ogerpon
|-damage|p2a: Ogerpon|11/100 psn
|
|-heal|p1a: Zamazenta|60/100|[from] item: Leftovers
|-damage|p2a: Ogerpon|0 fnt|[from] psn
|faint|p2a: Ogerpon
|upkeep
|
|t:|1757938368
|switch|p2a: Comfey|Comfey, M, shiny|91/100
|-damage|p2a: Comfey|78/100|[from] Stealth Rock
|-status|p2a: Comfey|psn
|turn|29
|
|t:|1757938374
|switch|p1a: Cinderace|Cinderace, M, tera:Fire|100/100
|move|p2a: Comfey|Substitute|p2a: Comfey
|-start|p2a: Comfey|Substitute
|-damage|p2a: Comfey|53/100 psn
|
|-damage|p2a: Comfey|41/100 psn|[from] psn
|upkeep
|turn|30
|
|t:|1757938380
|move|p1a: Cinderace|Pyro Ball|p2a: Comfey
|-end|p2a: Comfey|Substitute
|move|p2a: Comfey|Tera Blast|p1a: Cinderace
|-damage|p1a: Cinderace|57/100
|-damage|p2a: Comfey|31/100 psn|[from] item: Life Orb
|
|-damage|p2a: Comfey|19/100 psn|[from] psn
|upkeep
|turn|31
|j| Jey2
|l| Lady Silver ...
|
|t:|1757938397
|move|p2a: Comfey|Draining Kiss|p1a: Cinderace
|-resisted|p1a: Cinderace
|-damage|p1a: Cinderace|39/100
|-heal|p2a: Comfey|32/100 psn|[from] drain|[of] p1a: Cinderace
|-damage|p2a: Comfey|22/100 psn|[from] item: Life Orb
|move|p1a: Cinderace|Pyro Ball|p2a: Comfey
|-damage|p2a: Comfey|0 fnt
|faint|p2a: Comfey
|
|upkeep
|
|t:|1757938399
|switch|p2a: Kingambit|Kingambit, M, shiny|58/100
|-damage|p2a: Kingambit|52/100|[from] Stealth Rock
|-activate|p2a: Kingambit|ability: Supreme Overlord
|-start|p2a: Kingambit|fallen5|[silent]
|turn|32
|j| prod cc
|
|t:|1757938414
|move|p1a: Cinderace|Pyro Ball|p2a: Kingambit
|-supereffective|p2a: Kingambit
|-damage|p2a: Kingambit|0 fnt
|faint|p2a: Kingambit
|-end|p2a: Kingambit|fallen5|[silent]
|
|win|peewee mcgee xxx
|raw|peewee mcgee xxx's rating: 1739 &rarr; <strong>1756</strong><br />(+17 for winning)
|raw|Lucid Coffee's rating: 1681 &rarr; <strong>1664</strong><br />(-17 for losing)
|l|☆peewee mcgee xxx
|player|p1|
|l|‽Lucid Coffee
|player|p2|
|l| Jey2
|j| Lady Silver ...
|l| prod cc
|l| Ctannn
|l| Arkaris
|l| Raining Drawing
