|j|☆abdkkgja
|j|☆KingKaido107
|t:|1757911521
|gametype|singles
|player|p1|abdkkgja|lacey|1665
|player|p2|KingKaido107|dragontamer-gen6|1730
|gen|9
|tier|[Gen 9] OU
|rated|
|rule|HP Percentage Mod: HP is shown in percentages
|rule|Endless Battle Clause: Forcing endless battles is banned
|rule|Species Clause: Limit one of each Pokémon
|rule|OHKO Clause: OHKO moves are banned
|rule|Evasion Items Clause: Evasion items are banned
|rule|Evasion Moves Clause: Evasion moves are banned
|rule|Evasion Abilities Clause: Evasion abilities are banned
|rule|Sleep Moves Clause: Sleep-inducing moves are banned
|clearpoke
|poke|p1|Ninetales-Alola, M|
|poke|p1|Ursaluna, F|
|poke|p1|Mew|
|poke|p1|Polteageist|
|poke|p1|Great Tusk|
|poke|p1|Kingambit, F|
|poke|p2|Slowking-Galar, F|
|poke|p2|Kyurem|
|poke|p2|Cinderace, F|
|poke|p2|Tornadus-Therian, M|
|poke|p2|Hydrapple, F|
|poke|p2|Kingambit, M|
|teampreview
|inactive|Battle timer is ON: inactive players will automatically lose when time's up. (requested by KingKaido107)
|
|t:|1757911534
|teamsize|p1|6
|teamsize|p2|6
|start
|switch|p1a: Great Tusk|Great Tusk|100/100
|switch|p2a: Thieving Drunk|Tornadus-Therian, M|100/100
|-enditem|p1a: Great Tusk|Booster Energy
|-activate|p1a: Great Tusk|ability: Protosynthesis|[fromitem]
|-start|p1a: Great Tusk|protosynthesisspe
|turn|1
|
|t:|1757911537
|move|p1a: Great Tusk|Ice Spinner|p2a: Thieving Drunk
|-supereffective|p2a: Thieving Drunk
|-damage|p2a: Thieving Drunk|47/100
|move|p2a: Thieving Drunk|Bleakwind Storm|p1a: Great Tusk
|-supereffective|p1a: Great Tusk
|-damage|p1a: Great Tusk|0 fnt
|faint|p1a: Great Tusk
|-end|p1a: Great Tusk|Protosynthesis|[silent]
|
|upkeep
|
|t:|1757911543
|switch|p1a: Mew|Mew|100/100
|turn|2
|
|t:|1757911546
|move|p2a: Thieving Drunk|Taunt|p1a: Mew
|-start|p1a: Mew|move: Taunt
|cant|p1a: Mew|move: Taunt|Swords Dance
|
|upkeep
|turn|3
|
|t:|1757911549
|move|p2a: Thieving Drunk|Knock Off|p1a: Mew
|-supereffective|p1a: Mew
|-damage|p1a: Mew|62/100
|-enditem|p1a: Mew|Loaded Dice|[from] move: Knock Off|[of] p2a: Thieving Drunk
|move|p1a: Mew|Icicle Spear|p2a: Thieving Drunk
|-supereffective|p2a: Thieving Drunk
|-damage|p2a: Thieving Drunk|27/100
|-supereffective|p2a: Thieving Drunk
|-damage|p2a: Thieving Drunk|9/100
|-supereffective|p2a: Thieving Drunk
|-damage|p2a: Thieving Drunk|0 fnt
|faint|p2a: Thieving Drunk
|-hitcount|p2: Thieving Drunk|3
|
|upkeep
|
|t:|1757911554
|switch|p2a: Boro Breath|Cinderace, F|100/100
|turn|4
|
|t:|1757911556
|move|p2a: Boro Breath|U-turn|p1a: Mew
|-start|p2a: Boro Breath|typechange|Bug|[from] ability: Libero
|-supereffective|p1a: Mew
|-damage|p1a: Mew|0 fnt
|faint|p1a: Mew
|
|t:|1757911559
|switch|p2a: Depressed Drunk|Slowking-Galar, F|100/100|[from] U-turn
|
|upkeep
|
|t:|1757911565
|switch|p1a: Ursaluna|Ursaluna, F|100/100
|turn|5
|
|t:|1757911567
|move|p1a: Ursaluna|Earthquake|p2a: Depressed Drunk
|-supereffective|p2a: Depressed Drunk
|-damage|p2a: Depressed Drunk|5/100
|-prepare|p2a: Depressed Drunk|Chilly Reception|[premajor]
|move|p2a: Depressed Drunk|Chilly Reception|p2a: Depressed Drunk
|-weather|Snowscape
|
|t:|1757911569
|switch|p2a: Ragnaraku|Kyurem|100/100|[from] Chilly Reception
|-ability|p2a: Ragnaraku|Pressure
|
|-weather|Snowscape|[upkeep]
|-status|p1a: Ursaluna|brn|[from] item: Flame Orb
|upkeep
|turn|6
|
|t:|1757911572
|switch|p1a: Ninetales|Ninetales-Alola, M|100/100
|move|p2a: Ragnaraku|Blizzard|p1a: Ninetales
|-resisted|p1a: Ninetales
|-damage|p1a: Ninetales|52/100
|
|-weather|Snowscape|[upkeep]
|upkeep
|turn|7
|
|t:|1757911574
|switch|p2a: Boro Breath|Cinderace, F|100/100
|move|p1a: Ninetales|Aurora Veil|p1a: Ninetales
|-sidestart|p1: abdkkgja|move: Aurora Veil
|
|-weather|Snowscape|[upkeep]
|upkeep
|turn|8
|
|t:|1757911578
|move|p2a: Boro Breath|Pyro Ball|p1a: Ninetales
|-supereffective|p1a: Ninetales
|-damage|p1a: Ninetales|3/100
|move|p1a: Ninetales|Encore|p2a: Boro Breath
|-start|p2a: Boro Breath|Encore
|
|-weather|Snowscape|[upkeep]
|upkeep
|turn|9
|
|t:|1757911582
|switch|p2a: Depressed Drunk|Slowking-Galar, F|38/100
|move|p1a: Ninetales|Aurora Veil||[still]
|-fail|p1a: Ninetales
|
|-weather|none
|upkeep
|turn|10
|
|t:|1757911585
|move|p1a: Ninetales|Freeze-Dry|p2a: Depressed Drunk
|-crit|p2a: Depressed Drunk
|-damage|p2a: Depressed Drunk|15/100
|-prepare|p2a: Depressed Drunk|Chilly Reception|[premajor]
|move|p2a: Depressed Drunk|Chilly Reception|p2a: Depressed Drunk
|-weather|Snowscape
|
|t:|1757911586
|switch|p2a: Boro Breath|Cinderace, F|100/100|[from] Chilly Reception
|
|-weather|Snowscape|[upkeep]
|upkeep
|turn|11
|
|t:|1757911588
|move|p2a: Boro Breath|Pyro Ball|p1a: Ninetales
|-supereffective|p1a: Ninetales
|-damage|p1a: Ninetales|0 fnt
|faint|p1a: Ninetales
|
|-weather|Snowscape|[upkeep]
|upkeep
|
|t:|1757911591
|switch|p1a: Polteageist|Polteageist|100/100
|turn|12
|
|t:|1757911593
|move|p2a: Boro Breath|Court Change|p2a: Boro Breath
|-start|p2a: Boro Breath|typechange|Normal|[from] ability: Libero
|-swapsideconditions
|-activate|p2a: Boro Breath|move: Court Change
|move|p1a: Polteageist|Shell Smash|p1a: Polteageist
|-unboost|p1a: Polteageist|def|1
|-unboost|p1a: Polteageist|spd|1
|-boost|p1a: Polteageist|atk|2
|-boost|p1a: Polteageist|spa|2
|-boost|p1a: Polteageist|spe|2
|-enditem|p1a: Polteageist|White Herb
|-clearnegativeboost|p1a: Polteageist|[silent]
|
|-weather|Snowscape|[upkeep]
|upkeep
|turn|13
|
|t:|1757911597
|move|p1a: Polteageist|Strength Sap|p2a: Boro Breath
|-unboost|p2a: Boro Breath|atk|1
|move|p2a: Boro Breath|Pyro Ball|p1a: Polteageist
|-damage|p1a: Polteageist|63/100
|
|-weather|Snowscape|[upkeep]
|upkeep
|turn|14
|
|t:|1757911603
|switch|p2a: Laughing Drunk|Hydrapple, F|100/100
|move|p1a: Polteageist|Strength Sap|p2a: Laughing Drunk
|-unboost|p2a: Laughing Drunk|atk|1
|-heal|p1a: Polteageist|100/100
|
|-weather|none
|-sideend|p2: KingKaido107|move: Aurora Veil
|upkeep
|turn|15
|
|t:|1757911610
|-terastallize|p1a: Polteageist|Fairy
|move|p1a: Polteageist|Tera Blast|p2a: Laughing Drunk|[anim] Tera Blast Fairy
|-supereffective|p2a: Laughing Drunk
|-damage|p2a: Laughing Drunk|0 fnt
|faint|p2a: Laughing Drunk
|
|upkeep
|
|t:|1757911619
|switch|p2a: Boro Breath|Cinderace, F|100/100
|turn|16
|
|t:|1757911622
|move|p1a: Polteageist|Shadow Ball|p2a: Boro Breath
|-damage|p2a: Boro Breath|4/100
|move|p2a: Boro Breath|Will-O-Wisp|p1a: Polteageist
|-status|p1a: Polteageist|brn
|
|-damage|p1a: Polteageist|94/100 brn|[from] brn
|upkeep
|turn|17
|
|t:|1757911626
|move|p1a: Polteageist|Shadow Ball|p2a: Boro Breath
|-damage|p2a: Boro Breath|0 fnt
|faint|p2a: Boro Breath
|
|-damage|p1a: Polteageist|88/100 brn|[from] brn
|upkeep
|
|t:|1757911630
|switch|p2a: Raging Drunk|Kingambit, M|100/100
|-activate|p2a: Raging Drunk|ability: Supreme Overlord
|-start|p2a: Raging Drunk|fallen3|[silent]
|turn|18
|
|t:|1757911634
|move|p1a: Polteageist|Strength Sap|p2a: Raging Drunk
|-unboost|p2a: Raging Drunk|atk|1
|-heal|p1a: Polteageist|100/100 brn
|move|p2a: Raging Drunk|Swords Dance|p2a: Raging Drunk
|-boost|p2a: Raging Drunk|atk|2
|
|-damage|p1a: Polteageist|94/100 brn|[from] brn
|upkeep
|turn|19
|
|t:|1757911640
|move|p1a: Polteageist|Tera Blast|p2a: Raging Drunk|[anim] Tera Blast Fairy
|-damage|p2a: Raging Drunk|20/100
|move|p2a: Raging Drunk|Swords Dance|p2a: Raging Drunk
|-boost|p2a: Raging Drunk|atk|2
|
|-damage|p1a: Polteageist|88/100 brn|[from] brn
|upkeep
|turn|20
|
|t:|1757911645
|-terastallize|p2a: Raging Drunk|Dark
|move|p2a: Raging Drunk|Sucker Punch||[still]
|-fail|p2a: Raging Drunk
|move|p1a: Polteageist|Strength Sap|p2a: Raging Drunk
|-unboost|p2a: Raging Drunk|atk|1
|-heal|p1a: Polteageist|100/100 brn
|
|-damage|p1a: Polteageist|94/100 brn|[from] brn
|upkeep
|turn|21
|
|t:|1757911652
|move|p2a: Raging Drunk|Sucker Punch|p1a: Polteageist
|-resisted|p1a: Polteageist
|-damage|p1a: Polteageist|0 fnt
|faint|p1a: Polteageist
|
|upkeep
|
|t:|1757911654
|switch|p1a: Kingambit|Kingambit, F|100/100
|-activate|p1a: Kingambit|ability: Supreme Overlord
|-start|p1a: Kingambit|fallen4|[silent]
|turn|22
|
|t:|1757911661
|move|p1a: Kingambit|Iron Head|p2a: Raging Drunk
|-damage|p2a: Raging Drunk|0 fnt
|faint|p2a: Raging Drunk
|-end|p2a: Raging Drunk|fallen3|[silent]
|
|upkeep
|
|t:|1757911665
|switch|p2a: Depressed Drunk|Slowking-Galar, F|48/100
|turn|23
|
|t:|1757911668
|move|p1a: Kingambit|Iron Head|p2a: Depressed Drunk
|-damage|p2a: Depressed Drunk|2/100
|move|p2a: Depressed Drunk|Focus Blast|p1a: Kingambit
|-supereffective|p1a: Kingambit
|-damage|p1a: Kingambit|0 fnt
|faint|p1a: Kingambit
|-end|p1a: Kingambit|fallen4|[silent]
|
|upkeep
|-message|abdkkgja forfeited.
|
|win|KingKaido107
|raw|abdkkgja's rating: 1665 &rarr; <strong>1649</strong><br />(-16 for losing)
|raw|KingKaido107's rating: 1730 &rarr; <strong>1746</strong><br />(+16 for winning)
|l|☆abdkkgja
|player|p1|
|l|☆KingKaido107
|player|p2|
