|j|☆rbonjalemes
|j|☆Maxcolor
|t:|1757895703
|gametype|singles
|player|p1|rbonjalemes|dawn|1507
|player|p2|Maxcolor|ghetsis|1446
|gen|9
|tier|[Gen 9] OU
|rated|
|rule|HP Percentage Mod: HP is shown in percentages
|rule|Endless Battle Clause: Forcing endless battles is banned
|rule|Species Clause: Limit one of each Pokémon
|rule|OHKO Clause: OHKO moves are banned
|rule|Evasion Items Clause: Evasion items are banned
|rule|Evasion Moves Clause: Evasion moves are banned
|rule|Evasion Abilities Clause: Evasion abilities are banned
|rule|Sleep Moves Clause: Sleep-inducing moves are banned
|clearpoke
|poke|p1|Necrozma|
|poke|p1|Raging Bolt|
|poke|p1|Dragapult, M|
|poke|p1|Ninetales-Alola, M|
|poke|p1|Quaquaval, F|
|poke|p1|Iron Treads|
|poke|p2|Moltres-Galar|
|poke|p2|Garganacl, M|
|poke|p2|Zoroark-Hisui, M|
|poke|p2|Iron Treads|
|poke|p2|Ogerpon-Wellspring, F|
|poke|p2|Enamorus, F|
|teampreview
|inactive|Battle timer is ON: inactive players will automatically lose when time's up. (requested by Maxcolor)
|
|t:|1757895725
|teamsize|p1|6
|teamsize|p2|6
|start
|switch|p1a: Dragapult|Dragapult, M|100/100
|switch|p2a: Jinu|Garganacl, M, shiny|100/100
|turn|1
|
|t:|1757895738
|move|p1a: Dragapult|U-turn|p2a: Jinu
|-damage|p2a: Jinu|74/100
|
|t:|1757895740
|switch|p1a: Necrozma|Necrozma|100/100|[from] U-turn
|move|p2a: Jinu|Salt Cure|p1a: Necrozma
|-damage|p1a: Necrozma|88/100
|-start|p1a: Necrozma|Salt Cure
|
|-heal|p1a: Necrozma|94/100|[from] item: Leftovers
|-heal|p2a: Jinu|81/100|[from] item: Leftovers
|-damage|p1a: Necrozma|82/100|[from] Salt Cure
|upkeep
|turn|2
|inactive|Maxcolor has 120 seconds left.
|
|t:|1757895790
|switch|p1a: Raging Bolt|Raging Bolt|100/100
|switch|p2a: Pollo asado|Moltres-Galar|100/100
|
|upkeep
|turn|3
|
|t:|1757895794
|switch|p2a: Rellenito|Iron Treads|100/100
|move|p1a: Raging Bolt|Dragon Pulse|p2a: Rellenito
|-resisted|p2a: Rellenito
|-damage|p2a: Rellenito|84/100
|
|upkeep
|turn|4
|
|t:|1757895803
|-end|p1a: Raging Bolt|Protosynthesis|[silent]
|switch|p1a: Quaquaval|Quaquaval, F|100/100
|move|p2a: Rellenito|Earthquake|p1a: Quaquaval
|-damage|p1a: Quaquaval|61/100
|
|upkeep
|turn|5
|
|t:|1757895811
|-end|p2a: Rellenito|Quark Drive|[silent]
|switch|p2a: Vergotas;)|Ogerpon-Wellspring, F|100/100
|move|p1a: Quaquaval|Knock Off|p2a: Vergotas;)
|-damage|p2a: Vergotas;)|75/100
|
|upkeep
|turn|6
|
|t:|1757895818
|switch|p1a: Raging Bolt|Raging Bolt|100/100
|move|p2a: Vergotas;)|Horn Leech|p1a: Raging Bolt
|-resisted|p1a: Raging Bolt
|-damage|p1a: Raging Bolt|81/100
|-heal|p2a: Vergotas;)|89/100|[from] drain|[of] p1a: Raging Bolt
|
|upkeep
|turn|7
|
|t:|1757895827
|switch|p2a: Rellenito|Iron Treads|84/100
|move|p1a: Raging Bolt|Thunderbolt|p2a: Rellenito
|-immune|p2a: Rellenito
|
|upkeep
|turn|8
|
|t:|1757895833
|-end|p1a: Raging Bolt|Protosynthesis|[silent]
|switch|p1a: Ninetales|Ninetales-Alola, M|100/100
|-weather|Snowscape|[from] ability: Snow Warning|[of] p1a: Ninetales
|move|p2a: Rellenito|Earthquake|p1a: Ninetales
|-damage|p1a: Ninetales|64/100
|
|-weather|Snowscape|[upkeep]
|upkeep
|turn|9
|
|t:|1757895844
|move|p1a: Ninetales|Aurora Veil|p1a: Ninetales
|-sidestart|p1: rbonjalemes|move: Aurora Veil
|move|p2a: Rellenito|Rapid Spin|p1a: Ninetales
|-damage|p1a: Ninetales|58/100
|-boost|p2a: Rellenito|spe|1
|
|-weather|Snowscape|[upkeep]
|upkeep
|turn|10
|
|t:|1757895849
|move|p2a: Rellenito|Iron Head|p1a: Ninetales
|-supereffective|p1a: Ninetales
|-damage|p1a: Ninetales|0 fnt
|faint|p1a: Ninetales
|
|-weather|Snowscape|[upkeep]
|upkeep
|
|t:|1757895854
|switch|p1a: Necrozma|Necrozma|82/100
|turn|11
|
|t:|1757895860
|move|p2a: Rellenito|Iron Head|p1a: Necrozma
|-damage|p1a: Necrozma|68/100
|cant|p1a: Necrozma|flinch
|
|-weather|Snowscape|[upkeep]
|-heal|p1a: Necrozma|74/100|[from] item: Leftovers
|upkeep
|turn|12
|
|t:|1757895865
|move|p2a: Rellenito|Earthquake|p1a: Necrozma
|-damage|p1a: Necrozma|56/100
|move|p1a: Necrozma|Earth Power|p2a: Rellenito
|-supereffective|p2a: Rellenito
|-damage|p2a: Rellenito|39/100
|
|-weather|none
|-heal|p1a: Necrozma|62/100|[from] item: Leftovers
|upkeep
|turn|13
|
|t:|1757895878
|-end|p2a: Rellenito|Quark Drive|[silent]
|switch|p2a: Pollo asado|Moltres-Galar|100/100
|switch|p1a: Raging Bolt|Raging Bolt|81/100
|
|upkeep
|turn|14
|
|t:|1757895891
|-terastallize|p2a: Pollo asado|Fairy
|move|p2a: Pollo asado|Nasty Plot|p2a: Pollo asado
|-boost|p2a: Pollo asado|spa|2
|move|p1a: Raging Bolt|Dragon Pulse|p2a: Pollo asado
|-immune|p2a: Pollo asado
|
|upkeep
|turn|15
|
|t:|1757895899
|move|p2a: Pollo asado|Tera Blast|p1a: Raging Bolt|[anim] Tera Blast Fairy
|-supereffective|p1a: Raging Bolt
|-damage|p1a: Raging Bolt|15/100
|move|p1a: Raging Bolt|Thunderbolt|p2a: Pollo asado
|-damage|p2a: Pollo asado|42/100
|-status|p2a: Pollo asado|par
|-ability|p2a: Pollo asado|Berserk|boost
|-boost|p2a: Pollo asado|spa|1
|-enditem|p2a: Pollo asado|Sitrus Berry|[eat]
|-heal|p2a: Pollo asado|67/100 par|[from] item: Sitrus Berry
|
|upkeep
|turn|16
|
|t:|1757895906
|move|p1a: Raging Bolt|Thunderbolt|p2a: Pollo asado
|-damage|p2a: Pollo asado|13/100 par
|-ability|p2a: Pollo asado|Berserk|boost
|-boost|p2a: Pollo asado|spa|1
|move|p2a: Pollo asado|Tera Blast|p1a: Raging Bolt|[anim] Tera Blast Fairy
|-supereffective|p1a: Raging Bolt
|-damage|p1a: Raging Bolt|0 fnt
|faint|p1a: Raging Bolt
|-end|p1a: Raging Bolt|Protosynthesis|[silent]
|
|-sideend|p1: rbonjalemes|move: Aurora Veil
|upkeep
|
|t:|1757895913
|switch|p1a: Quaquaval|Quaquaval, F|61/100
|turn|17
|
|t:|1757895918
|switch|p2a: Vergotas;)|Ogerpon-Wellspring, F|89/100
|move|p1a: Quaquaval|Close Combat|p2a: Vergotas;)
|-damage|p2a: Vergotas;)|26/100
|-unboost|p1a: Quaquaval|def|1
|-unboost|p1a: Quaquaval|spd|1
|
|upkeep
|turn|18
|
|t:|1757895922
|switch|p1a: Iron Treads|Iron Treads|100/100
|-enditem|p1a: Iron Treads|Booster Energy
|-activate|p1a: Iron Treads|ability: Quark Drive|[fromitem]
|-start|p1a: Iron Treads|quarkdriveatk
|move|p2a: Vergotas;)|Horn Leech|p1a: Iron Treads
|-damage|p1a: Iron Treads|57/100
|-heal|p2a: Vergotas;)|50/100|[from] drain|[of] p1a: Iron Treads
|
|upkeep
|turn|19
|
|t:|1757895926
|move|p2a: Vergotas;)|Ivy Cudgel|p1a: Iron Treads|[anim] Ivy Cudgel Water
|-supereffective|p1a: Iron Treads
|-damage|p1a: Iron Treads|0 fnt
|faint|p1a: Iron Treads
|-end|p1a: Iron Treads|Quark Drive|[silent]
|
|upkeep
|
|t:|1757895929
|switch|p1a: Dragapult|Dragapult, M|100/100
|turn|20
|
|t:|1757895933
|switch|p2a: Pollo asado|Moltres-Galar, tera:Fairy|13/100 par
|move|p1a: Dragapult|U-turn|p2a: Pollo asado
|-resisted|p2a: Pollo asado
|-damage|p2a: Pollo asado|0 fnt
|faint|p2a: Pollo asado
|
|t:|1757895938
|switch|p1a: Necrozma|Necrozma|62/100|[from] U-turn
|
|-heal|p1a: Necrozma|68/100|[from] item: Leftovers
|upkeep
|
|t:|1757895944
|switch|p2a: Jinu|Garganacl, M, shiny|100/100
|turn|21
|
|t:|1757895954
|move|p2a: Jinu|Bitter Malice|p1a: Necrozma
|-supereffective|p1a: Necrozma
|-damage|p1a: Necrozma|13/100
|-unboost|p1a: Necrozma|atk|1
|move|p1a: Necrozma|Calm Mind|p1a: Necrozma
|-boost|p1a: Necrozma|spa|1
|-boost|p1a: Necrozma|spd|1
|
|-heal|p1a: Necrozma|19/100|[from] item: Leftovers
|upkeep
|turn|22
|
|t:|1757895963
|move|p2a: Jinu|Bitter Malice|p1a: Necrozma
|-supereffective|p1a: Necrozma
|-crit|p1a: Necrozma
|-damage|p1a: Necrozma|0 fnt
|faint|p1a: Necrozma
|
|upkeep
|
|t:|1757895966
|switch|p1a: Quaquaval|Quaquaval, F|61/100
|turn|23
|
|t:|1757895971
|move|p2a: Jinu|Bitter Malice|p1a: Quaquaval
|-damage|p1a: Quaquaval|24/100
|-unboost|p1a: Quaquaval|atk|1
|move|p1a: Quaquaval|Knock Off|p2a: Jinu
|-supereffective|p2a: Jinu
|-damage|p2a: Jinu|22/100
|replace|p2a: Helado de Galea|Zoroark-Hisui, M, shiny
|-end|p2a: Helado de Galea|Illusion
|-enditem|p2a: Helado de Galea|Choice Scarf|[from] move: Knock Off|[of] p1a: Quaquaval
|
|upkeep
|turn|24
|
|t:|1757895983
|move|p2a: Helado de Galea|Bitter Malice|p1a: Quaquaval
|-crit|p1a: Quaquaval
|-damage|p1a: Quaquaval|0 fnt
|faint|p1a: Quaquaval
|
|upkeep
|
|t:|1757895985
|switch|p1a: Dragapult|Dragapult, M|100/100
|turn|25
|
|t:|1757895996
|move|p1a: Dragapult|U-turn|p2a: Helado de Galea
|-resisted|p2a: Helado de Galea
|-crit|p2a: Helado de Galea
|-damage|p2a: Helado de Galea|0 fnt
|faint|p2a: Helado de Galea
|
|upkeep
|-message|rbonjalemes forfeited.
|
|win|Maxcolor
|raw|rbonjalemes's rating: 1507 &rarr; <strong>1484</strong><br />(-23 for losing)
|raw|Maxcolor's rating: 1446 &rarr; <strong>1469</strong><br />(+23 for winning)
|l|☆rbonjalemes
|player|p1|
|l|☆Maxcolor
|player|p2|
