|j|☆Toxic Smite
|j|☆Jinx Havoc
|t:|1757914544
|gametype|singles
|player|p1|Toxic Smite|gambler|1158
|player|p2|Jinx Havoc|rocketgruntf|1132
|gen|9
|tier|[Gen 9] OU
|rated|
|rule|HP Percentage Mod: HP is shown in percentages
|rule|Endless Battle Clause: Forcing endless battles is banned
|rule|Species Clause: Limit one of each Pokémon
|rule|OHKO Clause: OHKO moves are banned
|rule|Evasion Items Clause: Evasion items are banned
|rule|Evasion Moves Clause: Evasion moves are banned
|rule|Evasion Abilities Clause: Evasion abilities are banned
|rule|Sleep Moves Clause: Sleep-inducing moves are banned
|clearpoke
|poke|p1|Raging Bolt|
|poke|p1|Zapdos|
|poke|p1|Electrode-Hisui|
|poke|p1|Rotom|
|poke|p1|Iron Hands|
|poke|p1|Morpeko, M|
|poke|p2|Persian, F|
|poke|p2|Weezing, M|
|poke|p2|Arbok, F|
|poke|p2|Snorlax, F|
|poke|p2|Gyarados, F|
|poke|p2|Sandshrew, F|
|teampreview
|inactive|Battle timer is ON: inactive players will automatically lose when time's up. (requested by Jinx Havoc)
|
|t:|1757914563
|teamsize|p1|6
|teamsize|p2|6
|start
|switch|p1a: Rotom|Rotom|100/100
|switch|p2a: Persian|Persian, F|100/100
|turn|1
|
|t:|1757914573
|move|p1a: Rotom|Will-O-Wisp|p2a: Persian|[miss]
|-miss|p1a: Rotom|p2a: Persian
|move|p2a: Persian|Shadow Ball|p1a: Rotom
|-supereffective|p1a: Rotom
|-damage|p1a: Rotom|65/100
|
|upkeep
|turn|2
|
|t:|1757914581
|switch|p2a: Sandshrew|Sandshrew, F|100/100
|move|p1a: Rotom|Will-O-Wisp|p2a: Sandshrew
|-status|p2a: Sandshrew|brn
|
|-damage|p2a: Sandshrew|95/100 brn|[from] brn
|upkeep
|turn|3
|
|t:|1757914590
|switch|p1a: Zapdos|Zapdos, shiny|100/100
|move|p2a: Sandshrew|Stealth Rock|p1a: Zapdos
|-sidestart|p1: Toxic Smite|move: Stealth Rock
|
|-damage|p2a: Sandshrew|89/100 brn|[from] brn
|upkeep
|turn|4
|
|t:|1757914596
|move|p1a: Zapdos|Charge|p1a: Zapdos
|-boost|p1a: Zapdos|spd|1
|-start|p1a: Zapdos|Charge
|move|p2a: Sandshrew|Spikes|p1a: Zapdos
|-sidestart|p1: Toxic Smite|Spikes
|
|-damage|p2a: Sandshrew|83/100 brn|[from] brn
|upkeep
|turn|5
|
|t:|1757914602
|-terastallize|p1a: Zapdos|Ice
|move|p1a: Zapdos|Tera Blast|p2a: Sandshrew|[anim] Tera Blast Ice
|-supereffective|p2a: Sandshrew
|-damage|p2a: Sandshrew|0 fnt
|faint|p2a: Sandshrew
|
|upkeep
|
|t:|1757914606
|switch|p2a: Snorlax|Snorlax, F|100/100
|turn|6
|
|t:|1757914613
|switch|p1a: Morpeko|Morpeko, M|100/100
|-damage|p1a: Morpeko|88/100|[from] Stealth Rock
|-damage|p1a: Morpeko|76/100|[from] Spikes
|move|p2a: Snorlax|Body Slam|p1a: Morpeko
|-damage|p1a: Morpeko|16/100
|-enditem|p1a: Morpeko|Liechi Berry|[eat]
|-boost|p1a: Morpeko|atk|1|[from] item: Liechi Berry
|
|-formechange|p1a: Morpeko|Morpeko-Hangry||[from] ability: Hunger Switch
|upkeep
|turn|7
|
|t:|1757914627
|switch|p2a: Arbok|Arbok, F|100/100
|-ability|p2a: Arbok|Intimidate|boost
|-unboost|p1a: Morpeko|atk|1
|move|p1a: Morpeko|Rapid Spin|p2a: Arbok
|-damage|p2a: Arbok|79/100
|-boost|p1a: Morpeko|spe|1
|-sideend|p1: Toxic Smite|Spikes|[from] move: Rapid Spin|[of] p1a: Morpeko
|-sideend|p1: Toxic Smite|Stealth Rock|[from] move: Rapid Spin|[of] p1a: Morpeko
|
|-heal|p2a: Arbok|85/100|[from] item: Leftovers
|-formechange|p1a: Morpeko|Morpeko||[from] ability: Hunger Switch
|upkeep
|turn|8
|
|t:|1757914634
|move|p1a: Morpeko|Aura Wheel|p2a: Arbok
|-damage|p2a: Arbok|9/100
|-boost|p1a: Morpeko|spe|1
|move|p2a: Arbok|Earthquake|p1a: Morpeko
|-supereffective|p1a: Morpeko
|-damage|p1a: Morpeko|0 fnt
|faint|p1a: Morpeko
|
|-heal|p2a: Arbok|15/100|[from] item: Leftovers
|upkeep
|
|t:|1757914648
|switch|p1a: Electrode|Electrode-Hisui|100/100
|turn|9
|
|t:|1757914653
|switch|p2a: Snorlax|Snorlax, F|100/100
|move|p1a: Electrode|Charge Beam|p2a: Snorlax
|-damage|p2a: Snorlax|93/100
|
|-heal|p2a: Snorlax|99/100|[from] item: Leftovers
|upkeep
|turn|10
|
|t:|1757914661
|move|p1a: Electrode|Leech Seed|p2a: Snorlax
|-start|p2a: Snorlax|move: Leech Seed
|move|p2a: Snorlax|Crunch|p1a: Electrode
|-damage|p1a: Electrode|72/100
|-unboost|p1a: Electrode|def|1
|
|-heal|p1a: Electrode|78/100|[from] item: Leftovers
|-heal|p2a: Snorlax|100/100|[from] item: Leftovers
|-damage|p2a: Snorlax|88/100|[from] Leech Seed|[of] p1a: Electrode
|-heal|p1a: Electrode|100/100|[silent]
|upkeep
|turn|11
|
|t:|1757914674
|switch|p1a: Zapdos|Zapdos, shiny, tera:Ice|100/100
|move|p2a: Snorlax|Body Slam|p1a: Zapdos
|-damage|p1a: Zapdos|72/100
|-status|p2a: Snorlax|par|[from] ability: Static|[of] p1a: Zapdos
|
|-heal|p2a: Snorlax|94/100 par|[from] item: Leftovers
|-damage|p2a: Snorlax|82/100 par|[from] Leech Seed|[of] p1a: Zapdos
|-heal|p1a: Zapdos|92/100|[silent]
|upkeep
|turn|12
|
|t:|1757914684
|switch|p2a: Arbok|Arbok, F|15/100
|-ability|p2a: Arbok|Intimidate|boost
|-unboost|p1a: Zapdos|atk|1
|move|p1a: Zapdos|Charge|p1a: Zapdos
|-boost|p1a: Zapdos|spd|1
|-start|p1a: Zapdos|Charge
|
|-heal|p2a: Arbok|21/100|[from] item: Leftovers
|upkeep
|turn|13
|
|t:|1757914694
|switch|p2a: Snorlax|Snorlax, F|82/100 par
|move|p1a: Zapdos|Tera Blast|p2a: Snorlax|[anim] Tera Blast Ice
|-damage|p2a: Snorlax|73/100 par
|
|-heal|p2a: Snorlax|79/100 par|[from] item: Leftovers
|upkeep
|turn|14
|
|t:|1757914702
|switch|p1a: Electrode|Electrode-Hisui|100/100
|move|p2a: Snorlax|Body Slam|p1a: Electrode
|-damage|p1a: Electrode|56/100
|
|-heal|p1a: Electrode|62/100|[from] item: Leftovers
|-heal|p2a: Snorlax|85/100 par|[from] item: Leftovers
|upkeep
|turn|15
|
|t:|1757914708
|move|p1a: Electrode|Leech Seed|p2a: Snorlax
|-start|p2a: Snorlax|move: Leech Seed
|move|p2a: Snorlax|Body Slam|p1a: Electrode
|-damage|p1a: Electrode|17/100
|
|-heal|p1a: Electrode|23/100|[from] item: Leftovers
|-heal|p2a: Snorlax|92/100 par|[from] item: Leftovers
|-damage|p2a: Snorlax|79/100 par|[from] Leech Seed|[of] p1a: Electrode
|-heal|p1a: Electrode|46/100|[silent]
|upkeep
|turn|16
|
|t:|1757914715
|switch|p2a: Persian|Persian, F|100/100
|move|p1a: Electrode|Substitute|p1a: Electrode
|-start|p1a: Electrode|Substitute
|-damage|p1a: Electrode|21/100
|
|-heal|p1a: Electrode|28/100|[from] item: Leftovers
|upkeep
|turn|17
|
|t:|1757914720
|move|p1a: Electrode|Charge Beam|p2a: Persian|[miss]
|-miss|p1a: Electrode|p2a: Persian
|move|p2a: Persian|U-turn|p1a: Electrode
|-supereffective|p1a: Electrode
|-end|p1a: Electrode|Substitute
|
|t:|1757914726
|switch|p2a: Snorlax|Snorlax, F|79/100 par|[from] U-turn
|
|-heal|p1a: Electrode|34/100|[from] item: Leftovers
|-heal|p2a: Snorlax|85/100 par|[from] item: Leftovers
|upkeep
|turn|18
|
|t:|1757914729
|move|p1a: Electrode|Substitute|p1a: Electrode
|-start|p1a: Electrode|Substitute
|-damage|p1a: Electrode|9/100
|move|p2a: Snorlax|Body Slam|p1a: Electrode
|-end|p1a: Electrode|Substitute
|
|-heal|p1a: Electrode|15/100|[from] item: Leftovers
|-heal|p2a: Snorlax|91/100 par|[from] item: Leftovers
|upkeep
|turn|19
|
|t:|1757914733
|move|p1a: Electrode|Leech Seed|p2a: Snorlax
|-start|p2a: Snorlax|move: Leech Seed
|move|p2a: Snorlax|Crunch|p1a: Electrode
|-damage|p1a: Electrode|0 fnt
|faint|p1a: Electrode
|
|-heal|p2a: Snorlax|97/100 par|[from] item: Leftovers
|upkeep
|
|t:|1757914737
|switch|p1a: Raging Bolt|Raging Bolt|100/100
|turn|20
|
|t:|1757914753
|move|p1a: Raging Bolt|Thunderbolt|p2a: Snorlax
|-damage|p2a: Snorlax|61/100 par
|move|p2a: Snorlax|Rest|p2a: Snorlax
|-status|p2a: Snorlax|slp|[from] move: Rest
|-heal|p2a: Snorlax|100/100 slp|[silent]
|
|-damage|p2a: Snorlax|88/100 slp|[from] Leech Seed|[of] p1a: Raging Bolt
|upkeep
|turn|21
|
|t:|1757914760
|switch|p2a: Arbok|Arbok, F|21/100
|-ability|p2a: Arbok|Intimidate|boost
|-unboost|p1a: Raging Bolt|atk|1
|move|p1a: Raging Bolt|Thunderbolt|p2a: Arbok
|-damage|p2a: Arbok|0 fnt
|faint|p2a: Arbok
|
|upkeep
|
|t:|1757914766
|switch|p2a: Snorlax|Snorlax, F|88/100 slp
|turn|22
|
|t:|1757914770
|-terastallize|p2a: Snorlax|Normal
|move|p1a: Raging Bolt|Thunderbolt|p2a: Snorlax
|-damage|p2a: Snorlax|54/100 slp
|cant|p2a: Snorlax|slp
|move|p2a: Snorlax|Sleep Talk|p2a: Snorlax
|move|p2a: Snorlax|Body Slam|p1a: Raging Bolt|[from] move: Sleep Talk
|-damage|p1a: Raging Bolt|66/100
|
|-heal|p2a: Snorlax|60/100 slp|[from] item: Leftovers
|upkeep
|turn|23
|
|t:|1757914780
|move|p1a: Raging Bolt|Thunderbolt|p2a: Snorlax
|-damage|p2a: Snorlax|28/100 slp
|cant|p2a: Snorlax|slp
|move|p2a: Snorlax|Sleep Talk|p2a: Snorlax
|move|p2a: Snorlax|Body Slam|p1a: Raging Bolt|[from] move: Sleep Talk
|-damage|p1a: Raging Bolt|27/100
|
|-heal|p2a: Snorlax|34/100 slp|[from] item: Leftovers
|upkeep
|turn|24
|
|t:|1757914789
|move|p1a: Raging Bolt|Thunderbolt|p2a: Snorlax
|-damage|p2a: Snorlax|0 fnt
|faint|p2a: Snorlax
|
|upkeep
|
|t:|1757914793
|switch|p2a: Persian|Persian, F|100/100
|turn|25
|
|t:|1757914798
|-end|p1a: Raging Bolt|Protosynthesis|[silent]
|switch|p1a: Rotom|Rotom|65/100
|move|p2a: Persian|Fake Out|p1a: Rotom
|-immune|p1a: Rotom
|
|upkeep
|turn|26
|
|t:|1757914803
|move|p1a: Rotom|Sunny Day|p1a: Rotom
|-weather|SunnyDay
|move|p2a: Persian|Shadow Ball|p1a: Rotom
|-supereffective|p1a: Rotom
|-damage|p1a: Rotom|25/100
|
|-weather|SunnyDay|[upkeep]
|upkeep
|turn|27
|
|t:|1757914812
|switch|p1a: Iron Hands|Iron Hands|100/100
|move|p2a: Persian|Shadow Ball|p1a: Iron Hands
|-damage|p1a: Iron Hands|91/100
|
|-weather|SunnyDay|[upkeep]
|upkeep
|turn|28
|
|t:|1757914822
|switch|p2a: Weezing|Weezing, M|100/100
|move|p1a: Iron Hands|Close Combat|p2a: Weezing
|-resisted|p2a: Weezing
|-damage|p2a: Weezing|61/100
|-unboost|p1a: Iron Hands|def|1
|-unboost|p1a: Iron Hands|spd|1
|
|-weather|SunnyDay|[upkeep]
|-heal|p2a: Weezing|67/100|[from] item: Black Sludge
|upkeep
|turn|29
|
|t:|1757914827
|-end|p1a: Iron Hands|Quark Drive|[silent]
|switch|p1a: Rotom|Rotom|25/100
|move|p2a: Weezing|Will-O-Wisp|p1a: Rotom
|-status|p1a: Rotom|brn
|
|-weather|SunnyDay|[upkeep]
|-heal|p2a: Weezing|73/100|[from] item: Black Sludge
|-damage|p1a: Rotom|19/100 brn|[from] brn
|upkeep
|turn|30
|
|t:|1757914833
|move|p1a: Rotom|Will-O-Wisp|p2a: Weezing
|-status|p2a: Weezing|brn
|move|p2a: Weezing|Sludge Bomb|p1a: Rotom
|-resisted|p1a: Rotom
|-damage|p1a: Rotom|0 fnt
|faint|p1a: Rotom
|
|-weather|none
|-heal|p2a: Weezing|79/100 brn|[from] item: Black Sludge
|-damage|p2a: Weezing|73/100 brn|[from] brn
|upkeep
|
|t:|1757914845
|switch|p1a: Zapdos|Zapdos, shiny, tera:Ice|92/100
|turn|31
|
|t:|1757914853
|move|p1a: Zapdos|Charge|p1a: Zapdos
|-boost|p1a: Zapdos|spd|1
|-start|p1a: Zapdos|Charge
|move|p2a: Weezing|Pain Split|p1a: Zapdos
|-sethp|p1a: Zapdos|82/100|[from] move: Pain Split|[silent]
|-sethp|p2a: Weezing|83/100 brn|[from] move: Pain Split
|
|-heal|p2a: Weezing|89/100 brn|[from] item: Black Sludge
|-damage|p2a: Weezing|83/100 brn|[from] brn
|upkeep
|turn|32
|
|t:|1757914860
|move|p1a: Zapdos|Charge|p1a: Zapdos
|-boost|p1a: Zapdos|spd|1
|-start|p1a: Zapdos|Charge
|move|p2a: Weezing|Will-O-Wisp|p1a: Zapdos
|-status|p1a: Zapdos|brn
|
|-heal|p2a: Weezing|89/100 brn|[from] item: Black Sludge
|-damage|p1a: Zapdos|76/100 brn|[from] brn
|-damage|p2a: Weezing|83/100 brn|[from] brn
|upkeep
|turn|33
|
|t:|1757914867
|move|p1a: Zapdos|Thunderbolt|p2a: Weezing
|-damage|p2a: Weezing|0 fnt
|faint|p2a: Weezing
|-end|p1a: Zapdos|Charge|[silent]
|
|-damage|p1a: Zapdos|70/100 brn|[from] brn
|upkeep
|
|t:|1757914871
|switch|p2a: Persian|Persian, F|100/100
|turn|34
|
|t:|1757914874
|move|p2a: Persian|Fake Out|p1a: Zapdos
|-crit|p1a: Zapdos
|-damage|p1a: Zapdos|36/100 brn
|cant|p1a: Zapdos|flinch
|
|-damage|p1a: Zapdos|30/100 brn|[from] brn
|upkeep
|turn|35
|
|t:|1757914878
|move|p2a: Persian|U-turn|p1a: Zapdos
|-damage|p1a: Zapdos|16/100 brn
|
|t:|1757914879
|switch|p2a: Gyarados|Gyarados, F, shiny|100/100|[from] U-turn
|-ability|p2a: Gyarados|Intimidate|boost
|-unboost|p1a: Zapdos|atk|1
|move|p1a: Zapdos|Roost|p1a: Zapdos
|-heal|p1a: Zapdos|67/100 brn
|
|-damage|p1a: Zapdos|60/100 brn|[from] brn
|upkeep
|turn|36
|
|t:|1757914886
|move|p2a: Gyarados|Waterfall|p1a: Zapdos
|-damage|p1a: Zapdos|23/100 brn
|move|p1a: Zapdos|Thunderbolt|p2a: Gyarados
|-supereffective|p2a: Gyarados
|-crit|p2a: Gyarados
|-damage|p2a: Gyarados|0 fnt
|faint|p2a: Gyarados
|
|-damage|p1a: Zapdos|17/100 brn|[from] brn
|upkeep
|
|t:|1757914890
|switch|p2a: Persian|Persian, F|100/100
|turn|37
|
|t:|1757914892
|move|p2a: Persian|Fake Out|p1a: Zapdos
|-damage|p1a: Zapdos|0 fnt
|faint|p1a: Zapdos
|
|upkeep
|-message|Jinx Havoc forfeited.
|
|win|Toxic Smite
|raw|Toxic Smite's rating: 1158 &rarr; <strong>1181</strong><br />(+23 for winning)
|raw|Jinx Havoc's rating: 1132 &rarr; <strong>1109</strong><br />(-23 for losing)
|l|☆Jinx Havoc
|player|p2|
|l|☆Toxic Smite
|player|p1|
