|j|☆ScarfyX_X
|j|☆kkonka
|t:|1757823151
|gametype|singles
|player|p1|ScarfyX_X|miku-psychic|1320
|player|p2|kkonka|parasollady|1331
|gen|9
|tier|[Gen 9] OU
|rated|
|rule|HP Percentage Mod: HP is shown in percentages
|rule|Endless Battle Clause: Forcing endless battles is banned
|rule|Species Clause: Limit one of each Pokémon
|rule|OHKO Clause: OHKO moves are banned
|rule|Evasion Items Clause: Evasion items are banned
|rule|Evasion Moves Clause: Evasion moves are banned
|rule|Evasion Abilities Clause: Evasion abilities are banned
|rule|Sleep Moves Clause: Sleep-inducing moves are banned
|clearpoke
|poke|p1|Samurott-Hisui, F|
|poke|p1|Indeedee, M|
|poke|p1|Corviknight, M|
|poke|p1|Ninetales-Alola, F|
|poke|p1|Ogerpon, F|
|poke|p1|Iron Treads|
|poke|p2|Tinkaton, F|
|poke|p2|Great Tusk|
|poke|p2|Garganacl, F|
|poke|p2|Keldeo-Resolute|
|poke|p2|Zapdos|
|poke|p2|Dragapult, F|
|teampreview
|inactive|Battle timer is ON: inactive players will automatically lose when time's up. (requested by ScarfyX_X)
|
|t:|1757823166
|teamsize|p1|6
|teamsize|p2|6
|start
|switch|p1a: Samurott|Samurott-Hisui, F|100/100
|switch|p2a: Tinkaton|Tinkaton, F|100/100
|-ability|p2a: Tinkaton|Mold Breaker
|-item|p2a: Tinkaton|Air Balloon
|turn|1
|
|t:|1757823171
|move|p1a: Samurott|Flip Turn|p2a: Tinkaton
|-damage|p2a: Tinkaton|70/100
|-enditem|p2a: Tinkaton|Air Balloon
|
|t:|1757823173
|switch|p1a: Iron Treads|Iron Treads|100/100|[from] Flip Turn
|-enditem|p1a: Iron Treads|Booster Energy
|-activate|p1a: Iron Treads|ability: Quark Drive|[fromitem]
|-start|p1a: Iron Treads|quarkdrivespe
|move|p2a: Tinkaton|Thunder Wave|p1a: Iron Treads
|-immune|p1a: Iron Treads
|
|upkeep
|turn|2
|
|t:|1757823186
|switch|p2a: Great Tusk|Great Tusk|100/100
|move|p1a: Iron Treads|Ice Spinner|p2a: Great Tusk
|-supereffective|p2a: Great Tusk
|-damage|p2a: Great Tusk|62/100
|
|upkeep
|turn|3
|
|t:|1757823197
|-end|p1a: Iron Treads|Quark Drive|[silent]
|switch|p1a: Corviknight|Corviknight, M|100/100
|move|p2a: Great Tusk|Close Combat|p1a: Corviknight
|-damage|p1a: Corviknight|56/100
|-unboost|p2a: Great Tusk|def|1
|-unboost|p2a: Great Tusk|spd|1
|-damage|p2a: Great Tusk|45/100|[from] item: Rocky Helmet|[of] p1a: Corviknight
|
|upkeep
|turn|4
|
|t:|1757823204
|-end|p2a: Great Tusk|Protosynthesis|[silent]
|switch|p2a: Tinkaton|Tinkaton, F|70/100
|-ability|p2a: Tinkaton|Mold Breaker
|move|p1a: Corviknight|Brave Bird|p2a: Tinkaton
|-resisted|p2a: Tinkaton
|-damage|p2a: Tinkaton|47/100
|-damage|p1a: Corviknight|48/100|[from] Recoil
|
|upkeep
|turn|5
|
|t:|1757823215
|switch|p1a: Iron Treads|Iron Treads|100/100
|move|p2a: Tinkaton|Stealth Rock|p1a: Iron Treads
|-sidestart|p1: ScarfyX_X|move: Stealth Rock
|
|upkeep
|turn|6
|
|t:|1757823221
|switch|p2a: Dragapult|Dragapult, F|100/100
|move|p1a: Iron Treads|Ice Spinner|p2a: Dragapult
|-supereffective|p2a: Dragapult
|-damage|p2a: Dragapult|29/100
|
|upkeep
|turn|7
|
|t:|1757823234
|move|p2a: Dragapult|U-turn|p1a: Iron Treads
|-resisted|p1a: Iron Treads
|-damage|p1a: Iron Treads|91/100
|
|t:|1757823242
|switch|p2a: Keldeo|Keldeo-Resolute|100/100|[from] U-turn
|move|p1a: Iron Treads|Knock Off|p2a: Keldeo
|-resisted|p2a: Keldeo
|-damage|p2a: Keldeo|82/100
|-ability|p2a: Keldeo|Justified|boost
|-boost|p2a: Keldeo|atk|1
|-enditem|p2a: Keldeo|Choice Specs|[from] move: Knock Off|[of] p1a: Iron Treads
|
|upkeep
|turn|8
|
|t:|1757823253
|-end|p1a: Iron Treads|Quark Drive|[silent]
|switch|p1a: Corviknight|Corviknight, M|48/100
|-damage|p1a: Corviknight|35/100|[from] Stealth Rock
|move|p2a: Keldeo|Surf|p1a: Corviknight
|-damage|p1a: Corviknight|0 fnt
|faint|p1a: Corviknight
|
|upkeep
|
|t:|1757823254
|switch|p1a: Ninetales|Ninetales-Alola, F|100/100
|-damage|p1a: Ninetales|76/100|[from] Stealth Rock
|-weather|Snowscape|[from] ability: Snow Warning|[of] p1a: Ninetales
|turn|9
|
|t:|1757823262
|move|p1a: Ninetales|Aurora Veil|p1a: Ninetales
|-sidestart|p1: ScarfyX_X|move: Aurora Veil
|move|p2a: Keldeo|Surf|p1a: Ninetales
|-damage|p1a: Ninetales|50/100
|
|-weather|Snowscape|[upkeep]
|upkeep
|turn|10
|
|t:|1757823269
|switch|p2a: Tinkaton|Tinkaton, F|47/100
|-ability|p2a: Tinkaton|Mold Breaker
|move|p1a: Ninetales|Moonblast|p2a: Tinkaton
|-resisted|p2a: Tinkaton
|-damage|p2a: Tinkaton|31/100
|-unboost|p2a: Tinkaton|spa|1
|
|-weather|Snowscape|[upkeep]
|upkeep
|turn|11
|
|t:|1757823279
|-terastallize|p1a: Ninetales|Fire
|move|p1a: Ninetales|Tera Blast|p2a: Tinkaton|[anim] Tera Blast Fire
|-supereffective|p2a: Tinkaton
|-damage|p2a: Tinkaton|0 fnt
|faint|p2a: Tinkaton
|
|-weather|Snowscape|[upkeep]
|upkeep
|
|t:|1757823295
|switch|p2a: Dragapult|Dragapult, F|29/100
|turn|12
|
|t:|1757823301
|move|p2a: Dragapult|Dragon Darts|p1a: Ninetales
|-damage|p1a: Ninetales|19/100
|-anim|p2a: Dragapult|Dragon Darts|p1a: Ninetales
|-damage|p1a: Ninetales|0 fnt
|faint|p1a: Ninetales
|
|-weather|Snowscape|[upkeep]
|upkeep
|
|t:|1757823308
|switch|p1a: Iron Treads|Iron Treads|91/100
|-damage|p1a: Iron Treads|88/100|[from] Stealth Rock
|turn|13
|
|t:|1757823317
|move|p2a: Dragapult|U-turn|p1a: Iron Treads
|-resisted|p1a: Iron Treads
|-damage|p1a: Iron Treads|79/100
|
|t:|1757823323
|switch|p2a: Keldeo|Keldeo-Resolute|82/100|[from] U-turn
|move|p1a: Iron Treads|Volt Switch|p2a: Keldeo
|-supereffective|p2a: Keldeo
|-damage|p2a: Keldeo|58/100
|
|t:|1757823328
|-end|p1a: Iron Treads|Quark Drive|[silent]
|switch|p1a: Ogerpon|Ogerpon, F|100/100|[from] Volt Switch
|-damage|p1a: Ogerpon|88/100|[from] Stealth Rock
|
|-weather|none
|upkeep
|turn|14
|
|t:|1757823333
|switch|p2a: Zapdos|Zapdos|100/100
|move|p1a: Ogerpon|Swords Dance|p1a: Ogerpon
|-boost|p1a: Ogerpon|atk|2
|
|upkeep
|turn|15
|
|t:|1757823338
|move|p1a: Ogerpon|Knock Off|p2a: Zapdos
|-damage|p2a: Zapdos|56/100
|-enditem|p2a: Zapdos|Heavy-Duty Boots|[from] move: Knock Off|[of] p1a: Ogerpon
|move|p2a: Zapdos|Thunder Wave|p1a: Ogerpon
|-status|p1a: Ogerpon|par
|
|upkeep
|turn|16
|
|t:|1757823344
|move|p2a: Zapdos|Hurricane|p1a: Ogerpon
|-supereffective|p1a: Ogerpon
|-damage|p1a: Ogerpon|32/100 par
|-start|p1a: Ogerpon|confusion
|-activate|p1a: Ogerpon|confusion
|move|p1a: Ogerpon|Horn Leech|p2a: Zapdos
|-resisted|p2a: Zapdos
|-damage|p2a: Zapdos|29/100
|-heal|p1a: Ogerpon|49/100 par|[from] drain|[of] p2a: Zapdos
|
|-sideend|p1: ScarfyX_X|move: Aurora Veil
|upkeep
|turn|17
|
|t:|1757823354
|move|p2a: Zapdos|Roost|p2a: Zapdos
|-heal|p2a: Zapdos|79/100
|-singleturn|p2a: Zapdos|move: Roost
|-end|p1a: Ogerpon|confusion
|move|p1a: Ogerpon|Horn Leech|p2a: Zapdos
|-damage|p2a: Zapdos|23/100
|-heal|p1a: Ogerpon|85/100 par|[from] drain|[of] p2a: Zapdos
|
|upkeep
|turn|18
|
|t:|1757823361
|move|p2a: Zapdos|Hurricane|p1a: Ogerpon
|-supereffective|p1a: Ogerpon
|-damage|p1a: Ogerpon|0 fnt
|faint|p1a: Ogerpon
|
|upkeep
|
|t:|1757823364
|switch|p1a: Samurott|Samurott-Hisui, F|100/100
|-damage|p1a: Samurott|88/100|[from] Stealth Rock
|turn|19
|
|t:|1757823370
|move|p1a: Samurott|Aqua Cutter|p2a: Zapdos
|-damage|p2a: Zapdos|0 fnt
|faint|p2a: Zapdos
|
|upkeep
|
|t:|1757823379
|switch|p2a: Great Tusk|Great Tusk|45/100
|turn|20
|
|t:|1757823381
|move|p1a: Samurott|Aqua Cutter|p2a: Great Tusk
|-supereffective|p2a: Great Tusk
|-damage|p2a: Great Tusk|0 fnt
|faint|p2a: Great Tusk
|-end|p2a: Great Tusk|Protosynthesis|[silent]
|
|upkeep
|
|t:|1757823383
|switch|p2a: Keldeo|Keldeo-Resolute|58/100
|turn|21
|
|t:|1757823398
|switch|p1a: Iron Treads|Iron Treads|79/100
|-damage|p1a: Iron Treads|76/100|[from] Stealth Rock
|move|p2a: Keldeo|Surf|p1a: Iron Treads
|-supereffective|p1a: Iron Treads
|-damage|p1a: Iron Treads|0 fnt
|faint|p1a: Iron Treads
|-end|p1a: Iron Treads|Quark Drive|[silent]
|
|upkeep
|
|t:|1757823403
|switch|p1a: Indeedee|Indeedee, M|100/100
|-damage|p1a: Indeedee|88/100|[from] Stealth Rock
|-fieldstart|move: Psychic Terrain|[from] ability: Psychic Surge|[of] p1a: Indeedee
|turn|22
|
|t:|1757823410
|switch|p2a: Garganacl|Garganacl, F|100/100
|move|p1a: Indeedee|Expanding Force|p2a: Garganacl
|-damage|p2a: Garganacl|51/100
|
|-heal|p2a: Garganacl|57/100|[from] item: Leftovers
|upkeep
|turn|23
|
|t:|1757823416
|move|p1a: Indeedee|Expanding Force|p2a: Garganacl
|-damage|p2a: Garganacl|13/100
|move|p2a: Garganacl|Recover|p2a: Garganacl
|-heal|p2a: Garganacl|64/100
|
|-heal|p2a: Garganacl|70/100|[from] item: Leftovers
|upkeep
|turn|24
|
|t:|1757823420
|move|p1a: Indeedee|Expanding Force|p2a: Garganacl
|-damage|p2a: Garganacl|23/100
|move|p2a: Garganacl|Recover|p2a: Garganacl
|-heal|p2a: Garganacl|73/100
|
|-heal|p2a: Garganacl|80/100|[from] item: Leftovers
|upkeep
|turn|25
|
|t:|1757823423
|switch|p1a: Samurott|Samurott-Hisui, F|88/100
|-damage|p1a: Samurott|76/100|[from] Stealth Rock
|move|p2a: Garganacl|Recover|p2a: Garganacl
|-heal|p2a: Garganacl|100/100
|
|upkeep
|turn|26
|
|t:|1757823430
|move|p1a: Samurott|Aqua Cutter|p2a: Garganacl
|-supereffective|p2a: Garganacl
|-damage|p2a: Garganacl|32/100
|move|p2a: Garganacl|Salt Cure|p1a: Samurott
|-damage|p1a: Samurott|57/100
|-start|p1a: Samurott|Salt Cure
|
|-heal|p2a: Garganacl|38/100|[from] item: Leftovers
|-damage|p1a: Samurott|32/100|[from] Salt Cure
|-fieldend|move: Psychic Terrain
|upkeep
|turn|27
|
|t:|1757823437
|switch|p1a: Indeedee|Indeedee, M|88/100
|-damage|p1a: Indeedee|76/100|[from] Stealth Rock
|-fieldstart|move: Psychic Terrain|[from] ability: Psychic Surge|[of] p1a: Indeedee
|move|p2a: Garganacl|Salt Cure|p1a: Indeedee
|-damage|p1a: Indeedee|45/100
|-start|p1a: Indeedee|Salt Cure
|
|-heal|p2a: Garganacl|44/100|[from] item: Leftovers
|-damage|p1a: Indeedee|33/100|[from] Salt Cure
|upkeep
|turn|28
|
|t:|1757823444
|move|p1a: Indeedee|Expanding Force|p2a: Garganacl
|-damage|p2a: Garganacl|0 fnt
|faint|p2a: Garganacl
|
|-damage|p1a: Indeedee|21/100|[from] Salt Cure
|upkeep
|
|t:|1757823448
|switch|p2a: Keldeo|Keldeo-Resolute|58/100
|turn|29
|
|t:|1757823450
|move|p1a: Indeedee|Expanding Force|p2a: Keldeo
|-supereffective|p2a: Keldeo
|-damage|p2a: Keldeo|0 fnt
|faint|p2a: Keldeo
|
|-damage|p1a: Indeedee|9/100|[from] Salt Cure
|upkeep
|
|t:|1757823454
|switch|p2a: Dragapult|Dragapult, F|29/100
|turn|30
|
|t:|1757823461
|move|p1a: Indeedee|Expanding Force|p2a: Dragapult
|-damage|p2a: Dragapult|0 fnt
|faint|p2a: Dragapult
|
|win|ScarfyX_X
|raw|ScarfyX_X's rating: 1320 &rarr; <strong>1341</strong><br />(+21 for winning)
|raw|kkonka's rating: 1331 &rarr; <strong>1310</strong><br />(-21 for losing)
|l|☆kkonka
|player|p2|
|l|☆ScarfyX_X
|player|p1|
