|j|☆HappyMaushold
|j|☆Lonelyenders
|t:|1757944817
|gametype|singles
|player|p1|HappyMaushold|2|1321
|player|p2|Lonelyenders|acetrainer|1349
|gen|9
|tier|[Gen 9] OU
|rated|
|rule|HP Percentage Mod: HP is shown in percentages
|rule|Endless Battle Clause: Forcing endless battles is banned
|rule|Species Clause: Limit one of each Pokémon
|rule|OHKO Clause: OHKO moves are banned
|rule|Evasion Items Clause: Evasion items are banned
|rule|Evasion Moves Clause: Evasion moves are banned
|rule|Evasion Abilities Clause: Evasion abilities are banned
|rule|Sleep Moves Clause: Sleep-inducing moves are banned
|clearpoke
|poke|p1|Leafeon, F|
|poke|p1|Torkoal, F|
|poke|p1|Latias, F|
|poke|p1|Walking Wake|
|poke|p1|Delphox, F|
|poke|p1|Conkeldurr, M|
|poke|p2|Lokix, M|
|poke|p2|Enamorus, F|
|poke|p2|Pecharunt|
|poke|p2|Iron Crown|
|poke|p2|Great Tusk|
|poke|p2|Alomomola, F|
|teampreview
|inactive|Battle timer is ON: inactive players will automatically lose when time's up. (requested by Lonelyenders)
|
|t:|1757944823
|teamsize|p1|6
|teamsize|p2|6
|start
|switch|p1a: Torkoal|Torkoal, F|100/100
|switch|p2a: Iron Crown|Iron Crown|100/100
|-weather|SunnyDay|[from] ability: Drought|[of] p1a: Torkoal
|turn|1
|
|t:|1757944826
|switch|p1a: Delphox|Delphox, F|100/100
|move|p2a: Iron Crown|Volt Switch|p1a: Delphox
|-crit|p1a: Delphox
|-damage|p1a: Delphox|62/100
|-enditem|p1a: Delphox|Eject Button
|
|t:|1757944834
|switch|p1a: Walking Wake|Walking Wake|100/100
|-activate|p1a: Walking Wake|ability: Protosynthesis
|-start|p1a: Walking Wake|protosynthesisspe
|
|-weather|SunnyDay|[upkeep]
|upkeep
|turn|2
|
|t:|1757944838
|-end|p2a: Iron Crown|Quark Drive|[silent]
|switch|p2a: Enamorus|Enamorus, F|100/100
|move|p1a: Walking Wake|Weather Ball|p2a: Enamorus
|-damage|p2a: Enamorus|7/100
|-damage|p1a: Walking Wake|91/100|[from] item: Life Orb
|
|-weather|SunnyDay|[upkeep]
|upkeep
|turn|3
|
|t:|1757944839
|move|p1a: Walking Wake|Weather Ball|p2a: Enamorus
|-damage|p2a: Enamorus|0 fnt
|faint|p2a: Enamorus
|-damage|p1a: Walking Wake|81/100|[from] item: Life Orb
|
|-weather|SunnyDay|[upkeep]
|upkeep
|
|t:|1757944852
|switch|p2a: Alomomola|Alomomola, F|100/100
|turn|4
|
|t:|1757944861
|move|p1a: Walking Wake|Draco Meteor|p2a: Alomomola
|-damage|p2a: Alomomola|25/100
|-unboost|p1a: Walking Wake|spa|2
|-damage|p1a: Walking Wake|71/100|[from] item: Life Orb
|move|p2a: Alomomola|Flip Turn|p1a: Walking Wake
|-resisted|p1a: Walking Wake
|-damage|p1a: Walking Wake|69/100
|
|t:|1757944875
|switch|p2a: Iron Crown|Iron Crown|100/100|[from] Flip Turn
|
|-weather|SunnyDay|[upkeep]
|upkeep
|turn|5
|
|t:|1757944881
|move|p1a: Walking Wake|Weather Ball|p2a: Iron Crown
|-supereffective|p2a: Iron Crown
|-damage|p2a: Iron Crown|31/100
|-damage|p1a: Walking Wake|59/100|[from] item: Life Orb
|move|p2a: Iron Crown|Volt Switch|p1a: Walking Wake
|-damage|p1a: Walking Wake|22/100
|
|t:|1757944887
|-end|p2a: Iron Crown|Quark Drive|[silent]
|switch|p2a: Alomomola|Alomomola, F|58/100|[from] Volt Switch
|
|-weather|SunnyDay|[upkeep]
|upkeep
|turn|6
|
|t:|1757944889
|move|p1a: Walking Wake|Draco Meteor|p2a: Alomomola
|-damage|p2a: Alomomola|21/100
|-unboost|p1a: Walking Wake|spa|2
|-damage|p1a: Walking Wake|12/100|[from] item: Life Orb
|move|p2a: Alomomola|Flip Turn|p1a: Walking Wake
|-resisted|p1a: Walking Wake
|-damage|p1a: Walking Wake|10/100
|
|t:|1757944891
|switch|p2a: Lokix|Lokix, M, shiny|100/100|[from] Flip Turn
|
|-weather|SunnyDay|[upkeep]
|upkeep
|turn|7
|
|t:|1757944897
|move|p2a: Lokix|Sucker Punch|p1a: Walking Wake
|-damage|p1a: Walking Wake|0 fnt
|faint|p1a: Walking Wake
|-end|p1a: Walking Wake|Protosynthesis|[silent]
|
|-weather|SunnyDay|[upkeep]
|upkeep
|
|t:|1757944899
|switch|p1a: Leafeon|Leafeon, F|100/100
|turn|8
|
|t:|1757944903
|switch|p2a: Iron Crown|Iron Crown|31/100
|-terastallize|p1a: Leafeon|Fire
|move|p1a: Leafeon|Tera Blast|p2a: Iron Crown|[anim] Tera Blast Fire
|-supereffective|p2a: Iron Crown
|-damage|p2a: Iron Crown|0 fnt
|faint|p2a: Iron Crown
|-end|p2a: Iron Crown|Quark Drive|[silent]
|
|-weather|none
|upkeep
|
|t:|1757944912
|switch|p2a: Alomomola|Alomomola, F|54/100
|turn|9
|
|t:|1757944914
|switch|p1a: Torkoal|Torkoal, F|100/100
|-weather|SunnyDay|[from] ability: Drought|[of] p1a: Torkoal
|move|p2a: Alomomola|Flip Turn|p1a: Torkoal
|-supereffective|p1a: Torkoal
|-damage|p1a: Torkoal|90/100
|
|t:|1757944921
|switch|p2a: Lokix|Lokix, M, shiny|100/100|[from] Flip Turn
|
|-weather|SunnyDay|[upkeep]
|upkeep
|turn|10
|
|t:|1757944929
|-terastallize|p2a: Lokix|Bug
|move|p2a: Lokix|U-turn|p1a: Torkoal
|-resisted|p1a: Torkoal
|-damage|p1a: Torkoal|42/100
|
|t:|1757944933
|switch|p2a: Alomomola|Alomomola, F|87/100|[from] U-turn
|move|p1a: Torkoal|Will-O-Wisp|p2a: Alomomola
|-status|p2a: Alomomola|brn
|
|-weather|SunnyDay|[upkeep]
|-damage|p2a: Alomomola|81/100 brn|[from] brn
|upkeep
|turn|11
|
|t:|1757944940
|switch|p1a: Delphox|Delphox, F|62/100
|move|p2a: Alomomola|Flip Turn|p1a: Delphox
|-supereffective|p1a: Delphox
|-damage|p1a: Delphox|53/100
|
|t:|1757944942
|switch|p2a: Lokix|Lokix, M, shiny, tera:Bug|100/100|[from] Flip Turn
|
|-weather|SunnyDay|[upkeep]
|upkeep
|turn|12
|
|t:|1757944944
|move|p2a: Lokix|First Impression|p1a: Delphox
|-damage|p1a: Delphox|0 fnt
|faint|p1a: Delphox
|
|-weather|SunnyDay|[upkeep]
|upkeep
|
|t:|1757944947
|switch|p1a: Leafeon|Leafeon, F, tera:Fire|100/100
|turn|13
|
|t:|1757944957
|switch|p2a: Great Tusk|Great Tusk|100/100
|-activate|p2a: Great Tusk|ability: Protosynthesis
|-start|p2a: Great Tusk|protosynthesisspe
|move|p1a: Leafeon|Solar Blade||[still]
|-prepare|p1a: Leafeon|Solar Blade
|-anim|p1a: Leafeon|Solar Blade|p2a: Great Tusk
|-supereffective|p2a: Great Tusk
|-damage|p2a: Great Tusk|0 fnt
|faint|p2a: Great Tusk
|-end|p2a: Great Tusk|Protosynthesis|[silent]
|
|-weather|SunnyDay|[upkeep]
|upkeep
|
|t:|1757944967
|switch|p2a: Lokix|Lokix, M, shiny, tera:Bug|100/100
|turn|14
|
|t:|1757944968
|switch|p1a: Conkeldurr|Conkeldurr, M|100/100
|move|p2a: Lokix|First Impression|p1a: Conkeldurr
|-resisted|p1a: Conkeldurr
|-damage|p1a: Conkeldurr|21/100
|
|-weather|SunnyDay|[upkeep]
|upkeep
|turn|15
|
|t:|1757944973
|switch|p2a: Alomomola|Alomomola, F|100/100 brn
|move|p1a: Conkeldurr|Upper Hand||[still]
|-fail|p1a: Conkeldurr
|
|-weather|SunnyDay|[upkeep]
|-damage|p2a: Alomomola|94/100 brn|[from] brn
|upkeep
|turn|16
|
|t:|1757944981
|switch|p1a: Leafeon|Leafeon, F, tera:Fire|100/100
|move|p2a: Alomomola|Flip Turn|p1a: Leafeon
|-supereffective|p1a: Leafeon
|-damage|p1a: Leafeon|93/100
|
|t:|1757944984
|switch|p2a: Pecharunt|Pecharunt|100/100|[from] Flip Turn
|-item|p2a: Pecharunt|Air Balloon
|
|-weather|none
|upkeep
|turn|17
|
|t:|1757944986
|switch|p1a: Latias|Latias, F|100/100
|move|p2a: Pecharunt|Malignant Chain|p1a: Latias
|-damage|p1a: Latias|71/100
|-status|p1a: Latias|tox
|-start|p1a: Latias|confusion|[from] ability: Poison Puppeteer|[of] p2a: Pecharunt
|
|-damage|p1a: Latias|65/100 tox|[from] psn
|upkeep
|turn|18
|
|t:|1757944989
|-activate|p1a: Latias|confusion
|move|p1a: Latias|Mist Ball|p2a: Pecharunt
|-supereffective|p2a: Pecharunt
|-damage|p2a: Pecharunt|0 fnt
|-enditem|p2a: Pecharunt|Air Balloon
|faint|p2a: Pecharunt
|
|-damage|p1a: Latias|53/100 tox|[from] psn
|upkeep
|
|t:|1757944993
|switch|p2a: Lokix|Lokix, M, shiny, tera:Bug|100/100
|turn|19
|
|t:|1757944996
|switch|p1a: Torkoal|Torkoal, F|42/100
|-weather|SunnyDay|[from] ability: Drought|[of] p1a: Torkoal
|move|p2a: Lokix|Knock Off|p1a: Torkoal
|-damage|p1a: Torkoal|0 fnt
|-enditem|p1a: Torkoal|Heat Rock|[from] move: Knock Off|[of] p2a: Lokix
|faint|p1a: Torkoal
|
|-weather|SunnyDay|[upkeep]
|upkeep
|
|t:|1757945007
|switch|p1a: Leafeon|Leafeon, F, tera:Fire|93/100
|turn|20
|
|t:|1757945015
|switch|p2a: Alomomola|Alomomola, F|100/100 brn
|move|p1a: Leafeon|Solar Blade||[still]
|-prepare|p1a: Leafeon|Solar Blade
|-anim|p1a: Leafeon|Solar Blade|p2a: Alomomola
|-supereffective|p2a: Alomomola
|-damage|p2a: Alomomola|0 fnt
|faint|p2a: Alomomola
|
|-weather|SunnyDay|[upkeep]
|upkeep
|
|t:|1757945019
|switch|p2a: Lokix|Lokix, M, shiny, tera:Bug|100/100
|turn|21
|
|t:|1757945022
|switch|p1a: Latias|Latias, F|53/100 tox
|move|p2a: Lokix|Sucker Punch||[still]
|-fail|p2a: Lokix
|
|-weather|SunnyDay|[upkeep]
|-damage|p1a: Latias|47/100 tox|[from] psn
|upkeep
|turn|22
|
|t:|1757945026
|move|p2a: Lokix|Sucker Punch||[still]
|-fail|p2a: Lokix
|move|p1a: Latias|Trick|p2a: Lokix
|-activate|p1a: Latias|move: Trick|[of] p2a: Lokix
|-item|p2a: Lokix|Choice Specs|[from] move: Trick
|-item|p1a: Latias|Choice Band|[from] move: Trick
|
|-weather|SunnyDay|[upkeep]
|-damage|p1a: Latias|35/100 tox|[from] psn
|upkeep
|turn|23
|
|t:|1757945054
|move|p1a: Latias|Weather Ball|p2a: Lokix
|-supereffective|p2a: Lokix
|-damage|p2a: Lokix|0 fnt
|faint|p2a: Lokix
|
|win|HappyMaushold
|raw|HappyMaushold's rating: 1321 &rarr; <strong>1343</strong><br />(+22 for winning)
|raw|Lonelyenders's rating: 1349 &rarr; <strong>1327</strong><br />(-22 for losing)
|l|☆Lonelyenders
|player|p2|
|l|☆HappyMaushold
|player|p1|
