|j|☆d3proxd
|j|☆poaaas
|t:|1757848668
|gametype|singles
|player|p1|d3proxd|veteran|1073
|player|p2|poaaas|266|1000
|gen|9
|tier|[Gen 9] OU
|rated|
|rule|HP Percentage Mod: HP is shown in percentages
|rule|Endless Battle Clause: Forcing endless battles is banned
|rule|Species Clause: Limit one of each Pokémon
|rule|OHKO Clause: OHKO moves are banned
|rule|Evasion Items Clause: Evasion items are banned
|rule|Evasion Moves Clause: Evasion moves are banned
|rule|Evasion Abilities Clause: Evasion abilities are banned
|rule|Sleep Moves Clause: Sleep-inducing moves are banned
|clearpoke
|poke|p1|Scizor, M|
|poke|p1|Ceruledge, F|
|poke|p1|Dragapult, M|
|poke|p1|Zamazenta-*|
|poke|p1|Dondozo, M|
|poke|p1|Darkrai|
|poke|p2|Kingambit, M|
|poke|p2|Dragapult, F|
|poke|p2|Ting-Lu|
|poke|p2|Forretress, F|
|poke|p2|Meowscarada, M|
|poke|p2|Iron Moth|
|teampreview
|
|t:|1757848699
|teamsize|p1|6
|teamsize|p2|6
|start
|switch|p1a: Dragapult|Dragapult, M|100/100
|switch|p2a: Meowscarada|Meowscarada, M|100/100
|turn|1
|
|t:|1757848706
|move|p1a: Dragapult|U-turn|p2a: Meowscarada
|-supereffective|p2a: Meowscarada
|-enditem|p2a: Meowscarada|Focus Sash
|-damage|p2a: Meowscarada|1/100
|-damage|p1a: Dragapult|90/100|[from] item: Life Orb
|
|t:|1757848717
|switch|p1a: Scizor|Scizor, M|100/100|[from] U-turn
|move|p2a: Meowscarada|Play Rough|p1a: Scizor
|-resisted|p1a: Scizor
|-damage|p1a: Scizor|84/100
|
|upkeep
|turn|2
|
|t:|1757848732
|switch|p2a: Iron Moth|Iron Moth|100/100
|-enditem|p2a: Iron Moth|Booster Energy
|-activate|p2a: Iron Moth|ability: Quark Drive|[fromitem]
|-start|p2a: Iron Moth|quarkdrivespa
|move|p1a: Scizor|Bullet Punch|p2a: Iron Moth
|-resisted|p2a: Iron Moth
|-damage|p2a: Iron Moth|59/100
|-damage|p1a: Scizor|74/100|[from] item: Life Orb
|
|upkeep
|turn|3
|
|t:|1757848760
|switch|p1a: Dondozo|Dondozo, M|100/100
|move|p2a: Iron Moth|Energy Ball|p1a: Dondozo
|-supereffective|p1a: Dondozo
|-damage|p1a: Dondozo|5/100
|-unboost|p1a: Dondozo|spd|1
|
|upkeep
|turn|4
|
|t:|1757848776
|move|p2a: Iron Moth|Energy Ball|p1a: Dondozo
|-supereffective|p1a: Dondozo
|-damage|p1a: Dondozo|0 fnt
|faint|p1a: Dondozo
|
|upkeep
|
|t:|1757848785
|switch|p1a: Darkrai|Darkrai|100/100
|turn|5
|
|t:|1757848796
|move|p2a: Iron Moth|U-turn|p1a: Darkrai
|-supereffective|p1a: Darkrai
|-damage|p1a: Darkrai|73/100
|
|t:|1757848807
|-end|p2a: Iron Moth|Quark Drive|[silent]
|switch|p2a: Ting-Lu|Ting-Lu|100/100|[from] U-turn
|-ability|p2a: Ting-Lu|Vessel of Ruin
|move|p1a: Darkrai|Dark Pulse|p2a: Ting-Lu
|-resisted|p2a: Ting-Lu
|-damage|p2a: Ting-Lu|90/100
|
|-heal|p2a: Ting-Lu|97/100|[from] item: Leftovers
|upkeep
|turn|6
|
|t:|1757848821
|move|p1a: Darkrai|Nasty Plot|p1a: Darkrai
|-boost|p1a: Darkrai|spa|2
|move|p2a: Ting-Lu|Spikes|p1a: Darkrai
|-sidestart|p1: d3proxd|Spikes
|
|-heal|p2a: Ting-Lu|100/100|[from] item: Leftovers
|upkeep
|turn|7
|
|t:|1757848833
|move|p1a: Darkrai|Focus Blast|p2a: Ting-Lu
|-supereffective|p2a: Ting-Lu
|-damage|p2a: Ting-Lu|22/100
|move|p2a: Ting-Lu|Ruination|p1a: Darkrai
|-damage|p1a: Darkrai|37/100
|
|-heal|p2a: Ting-Lu|28/100|[from] item: Leftovers
|upkeep
|turn|8
|
|t:|1757848848
|switch|p2a: Dragapult|Dragapult, F|100/100
|move|p1a: Darkrai|Focus Blast|p2a: Dragapult
|-immune|p2a: Dragapult
|
|upkeep
|turn|9
|
|t:|1757848860
|move|p2a: Dragapult|Draco Meteor|p1a: Darkrai
|-crit|p1a: Darkrai
|-damage|p1a: Darkrai|0 fnt
|-unboost|p2a: Dragapult|spa|2
|faint|p1a: Darkrai
|
|upkeep
|
|t:|1757848867
|switch|p1a: Dragapult|Dragapult, M|90/100
|-damage|p1a: Dragapult|78/100|[from] Spikes
|turn|10
|
|t:|1757848884
|switch|p2a: Forretress|Forretress, F|100/100
|move|p1a: Dragapult|Dragon Darts|p2a: Forretress
|-resisted|p2a: Forretress
|-damage|p2a: Forretress|92/100
|-anim|p1a: Dragapult|Dragon Darts|p2a: Forretress
|-resisted|p2a: Forretress
|-damage|p2a: Forretress|84/100
|-damage|p1a: Dragapult|68/100|[from] item: Life Orb
|
|-heal|p2a: Forretress|90/100|[from] item: Leftovers
|upkeep
|turn|11
|
|t:|1757848903
|move|p1a: Dragapult|U-turn|p2a: Forretress
|-resisted|p2a: Forretress
|-damage|p2a: Forretress|82/100
|-damage|p1a: Dragapult|58/100|[from] item: Life Orb
|
|t:|1757848905
|switch|p1a: Ceruledge|Ceruledge, F|100/100|[from] U-turn
|-damage|p1a: Ceruledge|88/100|[from] Spikes
|move|p2a: Forretress|Stealth Rock|p1a: Ceruledge
|-sidestart|p1: d3proxd|move: Stealth Rock
|
|-heal|p2a: Forretress|88/100|[from] item: Leftovers
|upkeep
|turn|12
|
|t:|1757848949
|switch|p2a: Ting-Lu|Ting-Lu|28/100
|-ability|p2a: Ting-Lu|Vessel of Ruin
|move|p1a: Ceruledge|Swords Dance|p1a: Ceruledge
|-boost|p1a: Ceruledge|atk|2
|
|-heal|p2a: Ting-Lu|34/100|[from] item: Leftovers
|upkeep
|turn|13
|
|t:|1757848967
|move|p1a: Ceruledge|Bitter Blade|p2a: Ting-Lu
|-damage|p2a: Ting-Lu|0 fnt
|-heal|p1a: Ceruledge|100/100|[from] drain|[of] p2a: Ting-Lu
|faint|p2a: Ting-Lu
|
|upkeep
|
|t:|1757848976
|switch|p2a: Dragapult|Dragapult, F|100/100
|turn|14
|
|t:|1757848981
|move|p2a: Dragapult|Shadow Ball|p1a: Ceruledge
|-supereffective|p1a: Ceruledge
|-damage|p1a: Ceruledge|16/100
|-unboost|p1a: Ceruledge|spd|1
|move|p1a: Ceruledge|Poltergeist|p2a: Dragapult
|-activate|p2a: Dragapult|move: Poltergeist|Choice Band
|-supereffective|p2a: Dragapult
|-damage|p2a: Dragapult|0 fnt
|faint|p2a: Dragapult
|
|upkeep
|
|t:|1757848995
|switch|p2a: Kingambit|Kingambit, M|100/100
|-activate|p2a: Kingambit|ability: Supreme Overlord
|-start|p2a: Kingambit|fallen2|[silent]
|turn|15
|
|t:|1757849006
|move|p2a: Kingambit|Sucker Punch|p1a: Ceruledge
|-supereffective|p1a: Ceruledge
|-damage|p1a: Ceruledge|0 fnt
|faint|p1a: Ceruledge
|
|upkeep
|
|t:|1757849008
|switch|p1a: Zamazenta|Zamazenta|100/100
|-ability|p1a: Zamazenta|Dauntless Shield|boost
|-boost|p1a: Zamazenta|def|1
|turn|16
|
|t:|1757849024
|-end|p2a: Kingambit|fallen2|[silent]
|switch|p2a: Forretress|Forretress, F|88/100
|move|p1a: Zamazenta|Iron Defense|p1a: Zamazenta
|-boost|p1a: Zamazenta|def|2
|
|-heal|p2a: Forretress|94/100|[from] item: Leftovers
|upkeep
|turn|17
|
|t:|1757849035
|move|p1a: Zamazenta|Body Press|p2a: Forretress
|-damage|p2a: Forretress|51/100
|move|p2a: Forretress|Body Press|p1a: Zamazenta
|-damage|p1a: Zamazenta|88/100
|
|-heal|p2a: Forretress|57/100|[from] item: Leftovers
|upkeep
|turn|18
|
|t:|1757849049
|move|p1a: Zamazenta|Iron Defense|p1a: Zamazenta
|-boost|p1a: Zamazenta|def|2
|move|p2a: Forretress|Earthquake|p1a: Zamazenta
|-damage|p1a: Zamazenta|82/100
|
|-heal|p2a: Forretress|63/100|[from] item: Leftovers
|upkeep
|turn|19
|j| idiyat
|
|t:|1757849078
|switch|p2a: Iron Moth|Iron Moth|59/100
|move|p1a: Zamazenta|Body Press|p2a: Iron Moth
|-resisted|p2a: Iron Moth
|-damage|p2a: Iron Moth|0 fnt
|faint|p2a: Iron Moth
|-end|p2a: Iron Moth|Quark Drive|[silent]
|
|upkeep
|
|t:|1757849087
|switch|p2a: Meowscarada|Meowscarada, M|1/100
|turn|20
|
|t:|1757849094
|move|p1a: Zamazenta|Body Press|p2a: Meowscarada
|-supereffective|p2a: Meowscarada
|-crit|p2a: Meowscarada
|-damage|p2a: Meowscarada|0 fnt
|faint|p2a: Meowscarada
|
|upkeep
|
|t:|1757849101
|switch|p2a: Kingambit|Kingambit, M|100/100
|-activate|p2a: Kingambit|ability: Supreme Overlord
|-start|p2a: Kingambit|fallen4|[silent]
|turn|21
|
|t:|1757849110
|move|p2a: Kingambit|Sucker Punch|p1a: Zamazenta
|-resisted|p1a: Zamazenta
|-damage|p1a: Zamazenta|72/100
|move|p1a: Zamazenta|Body Press|p2a: Kingambit
|-supereffective|p2a: Kingambit
|-damage|p2a: Kingambit|0 fnt
|faint|p2a: Kingambit
|-end|p2a: Kingambit|fallen4|[silent]
|
|upkeep
|
|t:|1757849119
|switch|p2a: Forretress|Forretress, F|63/100
|turn|22
|
|t:|1757849128
|move|p1a: Zamazenta|Iron Defense|p1a: Zamazenta
|-boost|p1a: Zamazenta|def|1
|move|p2a: Forretress|Body Press|p1a: Zamazenta
|-damage|p1a: Zamazenta|65/100
|
|-heal|p2a: Forretress|69/100|[from] item: Leftovers
|upkeep
|turn|23
|l|☆poaaas
|player|p2|
|c|☆d3proxd|Lol
|inactive|Battle timer is ON: inactive players will automatically lose when time's up. (requested by d3proxd)
|c| idiyat|Hi
|c|☆d3proxd|Hi
|inactive|poaaas has 30 seconds to reconnect!
|inactive|poaaas has 20 seconds to reconnect!
|inactive|poaaas has 15 seconds to reconnect!
|inactive|poaaas has 10 seconds to reconnect!
|inactive|poaaas has 5 seconds to reconnect!
|-message|poaaas lost due to inactivity.
|
|win|d3proxd
|raw|d3proxd's rating: 1073 &rarr; <strong>1096</strong><br />(+23 for winning)
|raw|poaaas's rating: 1000 &rarr; <strong>1000</strong><br />(+0 for losing)
|c| idiyat|Ps
|c| idiyat|Sandpaper
|l| idiyat
|l|☆d3proxd
|player|p1|
