|j|☆Ruler of the Sand
|j|☆Slimeys
|t:|1757875326
|gametype|singles
|player|p1|Ruler of the Sand|marshal|1109
|player|p2|Slimeys|2|1069
|gen|9
|tier|[Gen 9] OU
|rated|
|rule|HP Percentage Mod: HP is shown in percentages
|rule|Endless Battle Clause: Forcing endless battles is banned
|rule|Species Clause: Limit one of each Pokémon
|rule|OHKO Clause: OHKO moves are banned
|rule|Evasion Items Clause: Evasion items are banned
|rule|Evasion Moves Clause: Evasion moves are banned
|rule|Evasion Abilities Clause: Evasion abilities are banned
|rule|Sleep Moves Clause: Sleep-inducing moves are banned
|clearpoke
|poke|p1|Hippowdon, F|
|poke|p1|Tyranitar, M|
|poke|p1|Excadrill, F|
|poke|p1|Quagsire, F|
|poke|p1|Garganacl, F|
|poke|p1|Landorus-Therian, M|
|poke|p2|Venonat, F|
|poke|p2|Numel, M|
|poke|p2|Reuniclus, M|
|poke|p2|Indeedee, M|
|poke|p2|Iron Valiant|
|poke|p2|Corviknight, M|
|teampreview
|inactive|Battle timer is ON: inactive players will automatically lose when time's up. (requested by Ruler of the Sand)
|
|t:|1757875341
|teamsize|p1|6
|teamsize|p2|6
|start
|switch|p1a: Tyranitar|Tyranitar, M|100/100
|switch|p2a: Indeedee|Indeedee, M|100/100
|-fieldstart|move: Psychic Terrain|[from] ability: Psychic Surge|[of] p2a: Indeedee
|-weather|Sandstorm|[from] ability: Sand Stream|[of] p1a: Tyranitar
|turn|1
|
|t:|1757875352
|switch|p2a: Corviknight|Corviknight, M|100/100
|move|p1a: Tyranitar|Knock Off|p2a: Corviknight
|-damage|p2a: Corviknight|68/100
|-enditem|p2a: Corviknight|Heavy-Duty Boots|[from] move: Knock Off|[of] p1a: Tyranitar
|
|-weather|Sandstorm|[upkeep]
|upkeep
|turn|2
|
|t:|1757875361
|switch|p1a: Garganacl|Garganacl, F|100/100
|move|p2a: Corviknight|Reflect|p2a: Corviknight
|-sidestart|p2: Slimeys|Reflect
|
|-weather|Sandstorm|[upkeep]
|upkeep
|turn|3
|
|t:|1757875385
|switch|p2a: Reuniclus|Reuniclus, M|100/100
|move|p1a: Garganacl|Salt Cure|p2a: Reuniclus
|-damage|p2a: Reuniclus|93/100
|-start|p2a: Reuniclus|Salt Cure
|
|-weather|Sandstorm|[upkeep]
|-damage|p2a: Reuniclus|87/100|[from] Sandstorm
|-damage|p2a: Reuniclus|75/100|[from] Salt Cure
|upkeep
|turn|4
|
|t:|1757875396
|move|p1a: Garganacl|Recover||[still]
|-fail|p1a: Garganacl|heal
|move|p2a: Reuniclus|Trick Room|p2a: Reuniclus
|-fieldstart|move: Trick Room|[of] p2a: Reuniclus
|
|-weather|Sandstorm|[upkeep]
|-damage|p2a: Reuniclus|69/100|[from] Sandstorm
|-damage|p2a: Reuniclus|57/100|[from] Salt Cure
|upkeep
|turn|5
|
|t:|1757875404
|move|p2a: Reuniclus|Expanding Force|p1a: Garganacl
|-damage|p1a: Garganacl|53/100
|-damage|p2a: Reuniclus|47/100|[from] item: Life Orb
|move|p1a: Garganacl|Recover|p1a: Garganacl
|-heal|p1a: Garganacl|100/100
|
|-weather|none
|-damage|p2a: Reuniclus|34/100|[from] Salt Cure
|-fieldend|move: Psychic Terrain
|upkeep
|turn|6
|
|t:|1757875415
|switch|p2a: Numel|Numel, M|100/100
|move|p1a: Garganacl|Salt Cure|p2a: Numel
|-damage|p2a: Numel|85/100
|-start|p2a: Numel|Salt Cure
|
|-heal|p2a: Numel|91/100|[from] item: Leftovers
|-damage|p2a: Numel|79/100|[from] Salt Cure
|-sideend|p2: Slimeys|Reflect
|upkeep
|turn|7
|
|t:|1757875428
|move|p1a: Garganacl|Iron Defense|p1a: Garganacl
|-boost|p1a: Garganacl|def|2
|move|p2a: Numel|Curse|p2a: Numel
|-unboost|p2a: Numel|spe|2
|-boost|p2a: Numel|atk|2
|-boost|p2a: Numel|def|2
|
|-heal|p2a: Numel|85/100|[from] item: Leftovers
|-damage|p2a: Numel|73/100|[from] Salt Cure
|upkeep
|turn|8
|
|t:|1757875441
|move|p2a: Numel|Curse|p2a: Numel
|-unboost|p2a: Numel|spe|2
|-boost|p2a: Numel|atk|2
|-boost|p2a: Numel|def|2
|move|p1a: Garganacl|Body Press|p2a: Numel
|-damage|p2a: Numel|38/100
|
|-heal|p2a: Numel|45/100|[from] item: Leftovers
|-damage|p2a: Numel|32/100|[from] Salt Cure
|-fieldend|move: Trick Room
|upkeep
|turn|9
|
|t:|1757875453
|move|p1a: Garganacl|Body Press|p2a: Numel
|-damage|p2a: Numel|0 fnt
|faint|p2a: Numel
|
|upkeep
|
|t:|1757875460
|switch|p2a: Iron Valiant|Iron Valiant|100/100
|-enditem|p2a: Iron Valiant|Booster Energy
|-activate|p2a: Iron Valiant|ability: Quark Drive|[fromitem]
|-start|p2a: Iron Valiant|quarkdriveatk
|turn|10
|
|t:|1757875468
|move|p2a: Iron Valiant|Drain Punch|p1a: Garganacl
|-supereffective|p1a: Garganacl
|-damage|p1a: Garganacl|62/100
|-damage|p2a: Iron Valiant|84/100|[from] item: Rocky Helmet|[of] p1a: Garganacl
|move|p1a: Garganacl|Salt Cure|p2a: Iron Valiant
|-resisted|p2a: Iron Valiant
|-damage|p2a: Iron Valiant|75/100
|-start|p2a: Iron Valiant|Salt Cure
|
|-damage|p2a: Iron Valiant|63/100|[from] Salt Cure
|upkeep
|turn|11
|
|t:|1757875481
|-end|p2a: Iron Valiant|Quark Drive|[silent]
|switch|p2a: Indeedee|Indeedee, M|100/100
|-fieldstart|move: Psychic Terrain|[from] ability: Psychic Surge|[of] p2a: Indeedee
|move|p1a: Garganacl|Recover|p1a: Garganacl
|-heal|p1a: Garganacl|100/100
|
|upkeep
|turn|12
|
|t:|1757875493
|switch|p1a: Tyranitar|Tyranitar, M|100/100
|-weather|Sandstorm|[from] ability: Sand Stream|[of] p1a: Tyranitar
|move|p2a: Indeedee|Trick|p1a: Tyranitar
|-activate|p2a: Indeedee|move: Trick|[of] p1a: Tyranitar
|-item|p1a: Tyranitar|Choice Scarf|[from] move: Trick
|-item|p2a: Indeedee|Assault Vest|[from] move: Trick
|
|-weather|Sandstorm|[upkeep]
|-damage|p2a: Indeedee|94/100|[from] Sandstorm
|upkeep
|turn|13
|
|t:|1757875504
|switch|p2a: Iron Valiant|Iron Valiant|63/100
|move|p1a: Tyranitar|Knock Off|p2a: Iron Valiant
|-resisted|p2a: Iron Valiant
|-damage|p2a: Iron Valiant|50/100
|
|-weather|Sandstorm|[upkeep]
|-damage|p2a: Iron Valiant|43/100|[from] Sandstorm
|upkeep
|turn|14
|
|t:|1757875513
|switch|p1a: Landorus|Landorus-Therian, M|100/100
|-ability|p1a: Landorus|Intimidate|boost
|-unboost|p2a: Iron Valiant|atk|1
|move|p2a: Iron Valiant|Agility|p2a: Iron Valiant
|-boost|p2a: Iron Valiant|spe|2
|
|-weather|Sandstorm|[upkeep]
|-damage|p2a: Iron Valiant|37/100|[from] Sandstorm
|upkeep
|turn|15
|
|t:|1757875524
|move|p2a: Iron Valiant|Expanding Force|p1a: Landorus
|-damage|p1a: Landorus|43/100
|move|p1a: Landorus|Earthquake|p2a: Iron Valiant
|-damage|p2a: Iron Valiant|0 fnt
|faint|p2a: Iron Valiant
|-end|p2a: Iron Valiant|Quark Drive|[silent]
|
|-weather|Sandstorm|[upkeep]
|-fieldend|move: Psychic Terrain
|upkeep
|
|t:|1757875535
|switch|p2a: Indeedee|Indeedee, M|94/100
|-fieldstart|move: Psychic Terrain|[from] ability: Psychic Surge|[of] p2a: Indeedee
|turn|16
|
|t:|1757875542
|move|p2a: Indeedee|Expanding Force|p1a: Landorus
|-damage|p1a: Landorus|0 fnt
|faint|p1a: Landorus
|
|-weather|none
|upkeep
|
|t:|1757875553
|switch|p1a: Hippowdon|Hippowdon, F|100/100
|-weather|Sandstorm|[from] ability: Sand Stream|[of] p1a: Hippowdon
|turn|17
|
|t:|1757875558
|switch|p1a: Tyranitar|Tyranitar, M|100/100
|move|p2a: Indeedee|Expanding Force|p1a: Tyranitar
|-immune|p1a: Tyranitar
|
|-weather|Sandstorm|[upkeep]
|-damage|p2a: Indeedee|88/100|[from] Sandstorm
|upkeep
|turn|18
|
|t:|1757875567
|switch|p2a: Corviknight|Corviknight, M|68/100
|move|p1a: Tyranitar|Stone Edge|p2a: Corviknight|[miss]
|-miss|p1a: Tyranitar|p2a: Corviknight
|
|-weather|Sandstorm|[upkeep]
|upkeep
|turn|19
|
|t:|1757875575
|move|p1a: Tyranitar|Stone Edge|p2a: Corviknight|[miss]
|-miss|p1a: Tyranitar|p2a: Corviknight
|move|p2a: Corviknight|Reflect|p2a: Corviknight
|-sidestart|p2: Slimeys|Reflect
|
|-weather|Sandstorm|[upkeep]
|upkeep
|turn|20
|
|t:|1757875584
|switch|p1a: Hippowdon|Hippowdon, F|100/100
|move|p2a: Corviknight|Roost|p2a: Corviknight
|-heal|p2a: Corviknight|100/100
|-singleturn|p2a: Corviknight|move: Roost
|
|-weather|Sandstorm|[upkeep]
|-fieldend|move: Psychic Terrain
|upkeep
|turn|21
|
|t:|1757875600
|switch|p2a: Venonat|Venonat, F|100/100
|move|p1a: Hippowdon|Whirlwind|p2a: Venonat
|drag|p2a: Corviknight|Corviknight, M|100/100
|
|-weather|Sandstorm|[upkeep]
|upkeep
|turn|22
|
|t:|1757875608
|switch|p2a: Venonat|Venonat, F|100/100
|move|p1a: Hippowdon|Whirlwind|p2a: Venonat
|drag|p2a: Reuniclus|Reuniclus, M|68/100
|
|-weather|Sandstorm|[upkeep]
|-damage|p2a: Reuniclus|61/100|[from] Sandstorm
|upkeep
|turn|23
|
|t:|1757875620
|move|p1a: Hippowdon|Sand Tomb|p2a: Reuniclus
|-damage|p2a: Reuniclus|54/100
|-activate|p2a: Reuniclus|move: Sand Tomb|[of] p1a: Hippowdon
|move|p2a: Reuniclus|Trick Room|p2a: Reuniclus
|-fieldstart|move: Trick Room|[of] p2a: Reuniclus
|
|-weather|Sandstorm|[upkeep]
|-damage|p2a: Reuniclus|48/100|[from] Sandstorm
|-damage|p2a: Reuniclus|36/100|[from] move: Sand Tomb|[partiallytrapped]
|-sideend|p2: Slimeys|Reflect
|upkeep
|turn|24
|
|t:|1757875634
|move|p2a: Reuniclus|Expanding Force|p1a: Hippowdon
|-damage|p1a: Hippowdon|41/100
|-damage|p2a: Reuniclus|26/100|[from] item: Life Orb
|move|p1a: Hippowdon|Scorching Sands|p2a: Reuniclus
|-damage|p2a: Reuniclus|10/100
|
|-weather|none
|-damage|p2a: Reuniclus|0 fnt|[from] move: Sand Tomb|[partiallytrapped]
|faint|p2a: Reuniclus
|upkeep
|
|t:|1757875647
|switch|p2a: Venonat|Venonat, F|100/100
|turn|25
|
|t:|1757875653
|move|p1a: Hippowdon|Sand Tomb|p2a: Venonat|[miss]
|-miss|p1a: Hippowdon|p2a: Venonat
|move|p2a: Venonat|Poison Fang|p1a: Hippowdon
|-resisted|p1a: Hippowdon
|-damage|p1a: Hippowdon|37/100
|-status|p1a: Hippowdon|tox
|
|-damage|p1a: Hippowdon|30/100 tox|[from] psn
|upkeep
|turn|26
|
|t:|1757875666
|switch|p1a: Garganacl|Garganacl, F|100/100
|move|p2a: Venonat|Lunge|p1a: Garganacl
|-crit|p1a: Garganacl
|-damage|p1a: Garganacl|72/100
|-unboost|p1a: Garganacl|atk|1
|-damage|p2a: Venonat|84/100|[from] item: Rocky Helmet|[of] p1a: Garganacl
|
|upkeep
|turn|27
|
|t:|1757875688
|move|p1a: Garganacl|Salt Cure|p2a: Venonat
|-supereffective|p2a: Venonat
|-damage|p2a: Venonat|51/100
|-start|p2a: Venonat|Salt Cure
|move|p2a: Venonat|Stun Spore|p1a: Garganacl
|-immune|p1a: Garganacl|[from] ability: Purifying Salt
|
|-damage|p2a: Venonat|38/100|[from] Salt Cure
|-fieldend|move: Trick Room
|upkeep
|turn|28
|
|t:|1757875703
|move|p2a: Venonat|Lunge|p1a: Garganacl
|-damage|p1a: Garganacl|54/100
|-unboost|p1a: Garganacl|atk|1
|-damage|p2a: Venonat|22/100|[from] item: Rocky Helmet|[of] p1a: Garganacl
|move|p1a: Garganacl|Salt Cure|p2a: Venonat
|-supereffective|p2a: Venonat
|-damage|p2a: Venonat|0 fnt
|faint|p2a: Venonat
|
|upkeep
|
|t:|1757875714
|switch|p2a: Indeedee|Indeedee, M|88/100
|-fieldstart|move: Psychic Terrain|[from] ability: Psychic Surge|[of] p2a: Indeedee
|turn|29
|
|t:|1757875719
|switch|p1a: Tyranitar|Tyranitar, M|100/100
|-weather|Sandstorm|[from] ability: Sand Stream|[of] p1a: Tyranitar
|move|p2a: Indeedee|Expanding Force|p1a: Tyranitar
|-immune|p1a: Tyranitar
|
|-weather|Sandstorm|[upkeep]
|-damage|p2a: Indeedee|82/100|[from] Sandstorm
|upkeep
|turn|30
|
|t:|1757875729
|switch|p2a: Corviknight|Corviknight, M|100/100
|move|p1a: Tyranitar|Stone Edge|p2a: Corviknight
|-damage|p2a: Corviknight|68/100
|
|-weather|Sandstorm|[upkeep]
|upkeep
|turn|31
|
|t:|1757875738
|move|p1a: Tyranitar|Stone Edge|p2a: Corviknight
|-damage|p2a: Corviknight|33/100
|move|p2a: Corviknight|Reflect|p2a: Corviknight
|-sidestart|p2: Slimeys|Reflect
|
|-weather|Sandstorm|[upkeep]
|upkeep
|turn|32
|
|t:|1757875751
|switch|p1a: Garganacl|Garganacl, F|54/100
|switch|p2a: Indeedee|Indeedee, M|82/100
|
|-weather|Sandstorm|[upkeep]
|-damage|p2a: Indeedee|76/100|[from] Sandstorm
|upkeep
|turn|33
|
|t:|1757875760
|switch|p1a: Tyranitar|Tyranitar, M|100/100
|move|p2a: Indeedee|Shadow Ball|p1a: Tyranitar
|-resisted|p1a: Tyranitar
|-damage|p1a: Tyranitar|94/100
|
|-weather|none
|-fieldend|move: Psychic Terrain
|upkeep
|turn|34
|
|t:|1757875770
|move|p2a: Indeedee|Shadow Ball|p1a: Tyranitar
|-resisted|p1a: Tyranitar
|-damage|p1a: Tyranitar|84/100
|move|p1a: Tyranitar|Brick Break|p2a: Indeedee
|-sideend|p2: Slimeys|Reflect
|-damage|p2a: Indeedee|14/100
|
|upkeep
|turn|35
|
|t:|1757875779
|switch|p2a: Corviknight|Corviknight, M|33/100
|move|p1a: Tyranitar|Brick Break|p2a: Corviknight
|-damage|p2a: Corviknight|14/100
|
|upkeep
|turn|36
|
|t:|1757875791
|move|p1a: Tyranitar|Brick Break|p2a: Corviknight
|-damage|p2a: Corviknight|0 fnt
|faint|p2a: Corviknight
|
|upkeep
|c|☆Ruler of the Sand|Gg
|
|t:|1757875795
|switch|p2a: Indeedee|Indeedee, M|14/100
|-fieldstart|move: Psychic Terrain|[from] ability: Psychic Surge|[of] p2a: Indeedee
|turn|37
|
|t:|1757875800
|-terastallize|p2a: Indeedee|Psychic
|move|p2a: Indeedee|Shadow Ball|p1a: Tyranitar
|-resisted|p1a: Tyranitar
|-damage|p1a: Tyranitar|74/100
|move|p1a: Tyranitar|Brick Break|p2a: Indeedee
|-resisted|p2a: Indeedee
|-damage|p2a: Indeedee|0 fnt
|faint|p2a: Indeedee
|
|win|Ruler of the Sand
|raw|Ruler of the Sand's rating: 1109 &rarr; <strong>1131</strong><br />(+22 for winning)
|raw|Slimeys's rating: 1069 &rarr; <strong>1051</strong><br />(-18 for losing)
|c|☆Slimeys|gg
|l|☆Slimeys
|player|p2|
|l|☆Ruler of the Sand
|player|p1|
