|j|☆sadoli
|j|☆james897_yt
|t:|1757919297
|gametype|singles
|player|p1|sadoli|elesa|1296
|player|p2|james897_yt|cynthia|1188
|gen|9
|tier|[Gen 9] OU
|rated|
|rule|HP Percentage Mod: HP is shown in percentages
|rule|Endless Battle Clause: Forcing endless battles is banned
|rule|Species Clause: Limit one of each Pokémon
|rule|OHKO Clause: OHKO moves are banned
|rule|Evasion Items Clause: Evasion items are banned
|rule|Evasion Moves Clause: Evasion moves are banned
|rule|Evasion Abilities Clause: Evasion abilities are banned
|rule|Sleep Moves Clause: Sleep-inducing moves are banned
|clearpoke
|poke|p1|Clodsire, F|
|poke|p1|Tyranitar, M|
|poke|p1|Excadrill, M|
|poke|p1|Latios, M|
|poke|p1|Moltres|
|poke|p1|Samurott-Hisui, F|
|poke|p2|Sandslash-Alola, M|
|poke|p2|Kyurem|
|poke|p2|Moltres|
|poke|p2|Zamazenta-*|
|poke|p2|Cetitan, M|
|poke|p2|Ninetales-Alola, F|
|teampreview
|inactive|Battle timer is ON: inactive players will automatically lose when time's up. (requested by sadoli)
|
|t:|1757919310
|teamsize|p1|6
|teamsize|p2|6
|start
|switch|p1a: Samurott|Samurott-Hisui, F|100/100
|switch|p2a: Ninetales|Ninetales-Alola, F|100/100
|-weather|Snowscape|[from] ability: Snow Warning|[of] p2a: Ninetales
|turn|1
|
|t:|1757919313
|switch|p2a: Moltres|Moltres|100/100
|switch|p1a: Tyranitar|Tyranitar, M|100/100
|-weather|Sandstorm|[from] ability: Sand Stream|[of] p1a: Tyranitar
|
|-weather|Sandstorm|[upkeep]
|-damage|p2a: Moltres|94/100|[from] Sandstorm
|upkeep
|turn|2
|
|t:|1757919325
|move|p2a: Moltres|U-turn|p1a: Tyranitar
|-supereffective|p1a: Tyranitar
|-damage|p1a: Tyranitar|82/100
|
|t:|1757919328
|switch|p2a: Ninetales|Ninetales-Alola, F|100/100|[from] U-turn
|-weather|Snowscape|[from] ability: Snow Warning|[of] p2a: Ninetales
|move|p1a: Tyranitar|Thunder Wave|p2a: Ninetales
|-status|p2a: Ninetales|par
|
|-weather|Snowscape|[upkeep]
|upkeep
|turn|3
|
|t:|1757919348
|move|p2a: Ninetales|Aurora Veil|p2a: Ninetales
|-sidestart|p2: james897_yt|move: Aurora Veil
|move|p1a: Tyranitar|Knock Off|p2a: Ninetales
|-resisted|p2a: Ninetales
|-damage|p2a: Ninetales|90/100 par
|-enditem|p2a: Ninetales|Icy Rock|[from] move: Knock Off|[of] p1a: Tyranitar
|
|-weather|Snowscape|[upkeep]
|upkeep
|turn|4
|
|t:|1757919359
|switch|p2a: Zamazenta|Zamazenta|100/100
|-ability|p2a: Zamazenta|Dauntless Shield|boost
|-boost|p2a: Zamazenta|def|1
|switch|p1a: Clodsire|Clodsire, F|100/100
|
|-weather|Snowscape|[upkeep]
|upkeep
|turn|5
|
|t:|1757919362
|move|p2a: Zamazenta|Iron Defense|p2a: Zamazenta
|-boost|p2a: Zamazenta|def|2
|move|p1a: Clodsire|Toxic|p2a: Zamazenta
|-status|p2a: Zamazenta|tox
|
|-weather|Snowscape|[upkeep]
|-damage|p2a: Zamazenta|94/100 tox|[from] psn
|upkeep
|turn|6
|
|t:|1757919369
|switch|p1a: Moltres|Moltres|100/100
|move|p2a: Zamazenta|Iron Defense|p2a: Zamazenta
|-boost|p2a: Zamazenta|def|2
|
|-weather|Snowscape|[upkeep]
|-heal|p2a: Zamazenta|100/100 tox|[from] item: Leftovers
|-damage|p2a: Zamazenta|88/100 tox|[from] psn
|upkeep
|turn|7
|
|t:|1757919374
|move|p2a: Zamazenta|Body Press|p1a: Moltres
|-resisted|p1a: Moltres
|-damage|p1a: Moltres|61/100
|move|p1a: Moltres|Will-O-Wisp||[still]
|-fail|p1a: Moltres
|
|-weather|Snowscape|[upkeep]
|-heal|p2a: Zamazenta|94/100 tox|[from] item: Leftovers
|-damage|p2a: Zamazenta|76/100 tox|[from] psn
|-sideend|p2: james897_yt|move: Aurora Veil
|upkeep
|turn|8
|
|t:|1757919389
|move|p2a: Zamazenta|Body Press|p1a: Moltres
|-resisted|p1a: Moltres
|-damage|p1a: Moltres|21/100
|move|p1a: Moltres|Roost|p1a: Moltres
|-heal|p1a: Moltres|71/100
|-singleturn|p1a: Moltres|move: Roost
|
|-weather|Snowscape|[upkeep]
|-heal|p2a: Zamazenta|82/100 tox|[from] item: Leftovers
|-damage|p2a: Zamazenta|57/100 tox|[from] psn
|upkeep
|turn|9
|
|t:|1757919403
|switch|p2a: Kyurem|Kyurem|100/100
|-ability|p2a: Kyurem|Pressure
|move|p1a: Moltres|Roost|p1a: Moltres
|-heal|p1a: Moltres|100/100
|-singleturn|p1a: Moltres|move: Roost
|
|-weather|none
|upkeep
|turn|10
|
|t:|1757919419
|move|p2a: Kyurem|Draco Meteor|p1a: Moltres
|-damage|p1a: Moltres|0 fnt
|-unboost|p2a: Kyurem|spa|2
|faint|p1a: Moltres
|
|upkeep
|
|t:|1757919428
|switch|p1a: Samurott|Samurott-Hisui, F|100/100
|turn|11
|
|t:|1757919431
|switch|p2a: Ninetales|Ninetales-Alola, F|90/100 par
|-weather|Snowscape|[from] ability: Snow Warning|[of] p2a: Ninetales
|move|p1a: Samurott|Ceaseless Edge|p2a: Ninetales
|-resisted|p2a: Ninetales
|-damage|p2a: Ninetales|67/100 par
|-sidestart|p2: james897_yt|Spikes
|
|-weather|Snowscape|[upkeep]
|upkeep
|turn|12
|
|t:|1757919442
|switch|p1a: Tyranitar|Tyranitar, M|82/100
|-weather|Sandstorm|[from] ability: Sand Stream|[of] p1a: Tyranitar
|switch|p2a: Zamazenta|Zamazenta|57/100 tox
|-damage|p2a: Zamazenta|45/100 tox|[from] Spikes
|
|-weather|Sandstorm|[upkeep]
|-damage|p2a: Zamazenta|39/100 tox|[from] Sandstorm
|-heal|p2a: Zamazenta|45/100 tox|[from] item: Leftovers
|-damage|p2a: Zamazenta|39/100 tox|[from] psn
|upkeep
|turn|13
|
|t:|1757919455
|switch|p1a: Latios|Latios, M|100/100
|move|p2a: Zamazenta|Body Press|p1a: Latios
|-resisted|p1a: Latios
|-damage|p1a: Latios|84/100
|
|-weather|Sandstorm|[upkeep]
|-damage|p1a: Latios|78/100|[from] Sandstorm
|-damage|p2a: Zamazenta|32/100 tox|[from] Sandstorm
|-heal|p2a: Zamazenta|39/100 tox|[from] item: Leftovers
|-damage|p2a: Zamazenta|26/100 tox|[from] psn
|upkeep
|turn|14
|
|t:|1757919463
|move|p1a: Latios|Luster Purge|p2a: Zamazenta
|-supereffective|p2a: Zamazenta
|-damage|p2a: Zamazenta|0 fnt
|faint|p2a: Zamazenta
|
|-weather|Sandstorm|[upkeep]
|-damage|p1a: Latios|72/100|[from] Sandstorm
|upkeep
|
|t:|1757919478
|switch|p2a: Ninetales|Ninetales-Alola, F|67/100 par
|-damage|p2a: Ninetales|55/100 par|[from] Spikes
|-weather|Snowscape|[from] ability: Snow Warning|[of] p2a: Ninetales
|turn|15
|
|t:|1757919487
|-terastallize|p1a: Latios|Stellar
|move|p1a: Latios|Luster Purge|p2a: Ninetales
|-damage|p2a: Ninetales|0 fnt
|faint|p2a: Ninetales
|
|-weather|Snowscape|[upkeep]
|upkeep
|
|t:|1757919493
|switch|p2a: Kyurem|Kyurem|100/100
|-damage|p2a: Kyurem|88/100|[from] Spikes
|-ability|p2a: Kyurem|Pressure
|turn|16
|
|t:|1757919499
|switch|p1a: Tyranitar|Tyranitar, M|82/100
|-weather|Sandstorm|[from] ability: Sand Stream|[of] p1a: Tyranitar
|move|p2a: Kyurem|Blizzard|p1a: Tyranitar
|-damage|p1a: Tyranitar|39/100
|
|-weather|Sandstorm|[upkeep]
|-damage|p2a: Kyurem|82/100|[from] Sandstorm
|upkeep
|turn|17
|
|t:|1757919511
|-terastallize|p2a: Kyurem|Ice
|move|p2a: Kyurem|Blizzard|p1a: Tyranitar
|-damage|p1a: Tyranitar|0 fnt
|faint|p1a: Tyranitar
|
|-weather|Sandstorm|[upkeep]
|-damage|p2a: Kyurem|76/100|[from] Sandstorm
|upkeep
|
|t:|1757919519
|switch|p1a: Excadrill|Excadrill, M|100/100
|-item|p1a: Excadrill|Air Balloon
|turn|18
|
|t:|1757919524
|switch|p2a: Moltres|Moltres|94/100
|move|p1a: Excadrill|Swords Dance|p1a: Excadrill
|-boost|p1a: Excadrill|atk|2
|
|-weather|Sandstorm|[upkeep]
|-damage|p2a: Moltres|88/100|[from] Sandstorm
|upkeep
|turn|19
|
|t:|1757919535
|switch|p1a: Samurott|Samurott-Hisui, F|100/100
|move|p2a: Moltres|Flamethrower|p1a: Samurott
|-resisted|p1a: Samurott
|-damage|p1a: Samurott|83/100
|
|-weather|Sandstorm|[upkeep]
|-damage|p2a: Moltres|82/100|[from] Sandstorm
|-damage|p1a: Samurott|77/100|[from] Sandstorm
|upkeep
|turn|20
|
|t:|1757919540
|switch|p2a: Sandslash|Sandslash-Alola, M|100/100
|move|p1a: Samurott|Ceaseless Edge|p2a: Sandslash
|-damage|p2a: Sandslash|60/100
|-sidestart|p2: james897_yt|Spikes
|
|-weather|Sandstorm|[upkeep]
|-damage|p1a: Samurott|71/100|[from] Sandstorm
|upkeep
|turn|21
|
|t:|1757919549
|move|p2a: Sandslash|Rapid Spin|p1a: Samurott
|-damage|p1a: Samurott|55/100
|-boost|p2a: Sandslash|spe|1
|-sideend|p2: james897_yt|Spikes|[from] move: Rapid Spin|[of] p2a: Sandslash
|move|p1a: Samurott|Sacred Sword|p2a: Sandslash
|-supereffective|p2a: Sandslash
|-damage|p2a: Sandslash|0 fnt
|faint|p2a: Sandslash
|
|-weather|Sandstorm|[upkeep]
|-damage|p1a: Samurott|49/100|[from] Sandstorm
|upkeep
|
|t:|1757919554
|switch|p2a: Kyurem|Kyurem, tera:Ice|76/100
|-ability|p2a: Kyurem|Pressure
|turn|22
|
|t:|1757919564
|switch|p1a: Excadrill|Excadrill, M|100/100
|-item|p1a: Excadrill|Air Balloon
|move|p2a: Kyurem|Freeze-Dry|p1a: Excadrill
|-damage|p1a: Excadrill|0 fnt
|-enditem|p1a: Excadrill|Air Balloon
|faint|p1a: Excadrill
|
|-weather|Sandstorm|[upkeep]
|-damage|p2a: Kyurem|70/100|[from] Sandstorm
|upkeep
|
|t:|1757919573
|switch|p1a: Latios|Latios, M, tera:Stellar|72/100
|turn|23
|
|t:|1757919591
|move|p1a: Latios|Draco Meteor|p2a: Kyurem
|-damage|p2a: Kyurem|0 fnt
|-unboost|p1a: Latios|spa|2
|faint|p2a: Kyurem
|
|-weather|none
|upkeep
|
|t:|1757919594
|switch|p2a: Cetitan|Cetitan, M, shiny|100/100
|turn|24
|
|t:|1757919598
|switch|p1a: Samurott|Samurott-Hisui, F|49/100
|move|p2a: Cetitan|Belly Drum|p2a: Cetitan
|-damage|p2a: Cetitan|51/100
|-setboost|p2a: Cetitan|atk|6|[from] move: Belly Drum
|
|upkeep
|turn|25
|
|t:|1757919609
|move|p2a: Cetitan|Ice Shard|p1a: Samurott
|-resisted|p1a: Samurott
|-damage|p1a: Samurott|8/100
|move|p1a: Samurott|Sucker Punch||[still]
|-fail|p1a: Samurott
|
|upkeep
|turn|26
|
|t:|1757919616
|move|p2a: Cetitan|Ice Shard|p1a: Samurott
|-resisted|p1a: Samurott
|-damage|p1a: Samurott|0 fnt
|faint|p1a: Samurott
|
|upkeep
|
|t:|1757919623
|switch|p1a: Latios|Latios, M, tera:Stellar|72/100
|turn|27
|
|t:|1757919628
|move|p2a: Cetitan|Ice Shard|p1a: Latios
|-supereffective|p1a: Latios
|-damage|p1a: Latios|0 fnt
|faint|p1a: Latios
|
|upkeep
|
|t:|1757919630
|switch|p1a: Clodsire|Clodsire, F|100/100
|turn|28
|-message|sadoli forfeited.
|
|win|james897_yt
|raw|sadoli's rating: 1296 &rarr; <strong>1263</strong><br />(-33 for losing)
|raw|james897_yt's rating: 1188 &rarr; <strong>1221</strong><br />(+33 for winning)
|l|☆sadoli
|player|p1|
|l|☆james897_yt
|player|p2|
