|j|☆LX1987
|j|☆Lisman
|t:|1757866841
|gametype|singles
|player|p1|LX1987|169|1337
|player|p2|Lisman|1|1264
|gen|9
|tier|[Gen 9] OU
|rated|
|rule|HP Percentage Mod: HP is shown in percentages
|rule|Endless Battle Clause: Forcing endless battles is banned
|rule|Species Clause: Limit one of each Pokémon
|rule|OHKO Clause: OHKO moves are banned
|rule|Evasion Items Clause: Evasion items are banned
|rule|Evasion Moves Clause: Evasion moves are banned
|rule|Evasion Abilities Clause: Evasion abilities are banned
|rule|Sleep Moves Clause: Sleep-inducing moves are banned
|clearpoke
|poke|p1|Drifblim, F|
|poke|p1|Rillaboom, M|
|poke|p1|Tauros-Paldea-Blaze, M|
|poke|p1|Slowking, F|
|poke|p1|Muk-Alola, M|
|poke|p1|Garchomp, F|
|poke|p2|Cinderace, M|
|poke|p2|Ogerpon-Wellspring, F|
|poke|p2|Kingambit, F|
|poke|p2|Dragapult, M|
|poke|p2|Landorus-Therian, M|
|poke|p2|Iron Valiant|
|teampreview
|inactive|Battle timer is ON: inactive players will automatically lose when time's up. (requested by LX1987)
|
|t:|1757866866
|teamsize|p1|6
|teamsize|p2|6
|start
|switch|p1a: Rillaboom|Rillaboom, M|100/100
|switch|p2a: Ogerpon|Ogerpon-Wellspring, F|100/100
|-fieldstart|move: Grassy Terrain|[from] ability: Grassy Surge|[of] p1a: Rillaboom
|turn|1
|inactive|Lisman has 120 seconds left.
|
|t:|1757866902
|move|p2a: Ogerpon|Power Whip|p1a: Rillaboom
|-resisted|p1a: Rillaboom
|-damage|p1a: Rillaboom|49/100
|move|p1a: Rillaboom|Wood Hammer|p2a: Ogerpon
|-damage|p2a: Ogerpon|0 fnt
|faint|p2a: Ogerpon
|-damage|p1a: Rillaboom|20/100|[from] Recoil
|
|-heal|p1a: Rillaboom|26/100|[from] Grassy Terrain
|upkeep
|
|t:|1757866920
|switch|p2a: Dragapult|Dragapult, M, shiny|100/100
|turn|2
|
|t:|1757866931
|switch|p1a: Muk|Muk-Alola, M|100/100
|move|p2a: Dragapult|Draco Meteor|p1a: Muk
|-damage|p1a: Muk|55/100
|-unboost|p2a: Dragapult|spa|2
|
|-heal|p1a: Muk|61/100|[from] Grassy Terrain
|-heal|p1a: Muk|68/100|[from] item: Black Sludge
|upkeep
|turn|3
|
|t:|1757866942
|switch|p2a: Iron Valiant|Iron Valiant, shiny|100/100
|-enditem|p2a: Iron Valiant|Booster Energy
|-activate|p2a: Iron Valiant|ability: Quark Drive|[fromitem]
|-start|p2a: Iron Valiant|quarkdrivespe
|move|p1a: Muk|Knock Off|p2a: Iron Valiant
|-resisted|p2a: Iron Valiant
|-damage|p2a: Iron Valiant|90/100
|
|-heal|p2a: Iron Valiant|96/100|[from] Grassy Terrain
|-heal|p1a: Muk|74/100|[from] Grassy Terrain
|-heal|p1a: Muk|80/100|[from] item: Black Sludge
|upkeep
|turn|4
|inactive|Lisman has 120 seconds left.
|
|t:|1757866955
|move|p2a: Iron Valiant|Encore|p1a: Muk
|-start|p1a: Muk|Encore
|move|p1a: Muk|Knock Off|p2a: Iron Valiant
|-resisted|p2a: Iron Valiant
|-damage|p2a: Iron Valiant|85/100
|
|-heal|p2a: Iron Valiant|92/100|[from] Grassy Terrain
|-heal|p1a: Muk|86/100|[from] Grassy Terrain
|-heal|p1a: Muk|92/100|[from] item: Black Sludge
|upkeep
|turn|5
|
|t:|1757866965
|switch|p1a: Tauros|Tauros-Paldea-Blaze, M|100/100
|-ability|p1a: Tauros|Intimidate|boost
|-unboost|p2a: Iron Valiant|atk|1
|move|p2a: Iron Valiant|Knock Off|p1a: Tauros
|-resisted|p1a: Tauros
|-damage|p1a: Tauros|91/100
|-enditem|p1a: Tauros|Heavy-Duty Boots|[from] move: Knock Off|[of] p2a: Iron Valiant
|
|-heal|p2a: Iron Valiant|98/100|[from] Grassy Terrain
|-heal|p1a: Tauros|97/100|[from] Grassy Terrain
|-fieldend|move: Grassy Terrain
|upkeep
|turn|6
|
|t:|1757866977
|move|p2a: Iron Valiant|Moonblast|p1a: Tauros
|-damage|p1a: Tauros|31/100
|move|p1a: Tauros|Will-O-Wisp|p2a: Iron Valiant
|-status|p2a: Iron Valiant|brn
|
|-damage|p2a: Iron Valiant|92/100 brn|[from] brn
|upkeep
|turn|7
|
|t:|1757866986
|switch|p1a: Slowking|Slowking, F|100/100
|move|p2a: Iron Valiant|Moonblast|p1a: Slowking
|-damage|p1a: Slowking|78/100
|
|-damage|p2a: Iron Valiant|85/100 brn|[from] brn
|upkeep
|turn|8
|
|t:|1757867002
|-end|p2a: Iron Valiant|Quark Drive|[silent]
|switch|p2a: Dragapult|Dragapult, M, shiny|100/100
|move|p1a: Slowking|Scald|p2a: Dragapult
|-resisted|p2a: Dragapult
|-damage|p2a: Dragapult|77/100
|
|upkeep
|turn|9
|
|t:|1757867013
|move|p2a: Dragapult|Will-O-Wisp|p1a: Slowking
|-status|p1a: Slowking|brn
|move|p1a: Slowking|Ice Beam|p2a: Dragapult
|-supereffective|p2a: Dragapult
|-damage|p2a: Dragapult|7/100
|
|-damage|p1a: Slowking|72/100 brn|[from] brn
|upkeep
|turn|10
|
|t:|1757867023
|switch|p1a: Muk|Muk-Alola, M|92/100
|move|p2a: Dragapult|Hex|p1a: Muk
|-resisted|p1a: Muk
|-damage|p1a: Muk|82/100
|
|-heal|p1a: Muk|88/100|[from] item: Black Sludge
|upkeep
|turn|11
|
|t:|1757867033
|switch|p2a: Landorus|Landorus-Therian, M, shiny|100/100
|-ability|p2a: Landorus|Intimidate|boost
|-unboost|p1a: Muk|atk|1
|move|p1a: Muk|Shadow Sneak|p2a: Landorus
|-damage|p2a: Landorus|90/100
|
|-heal|p1a: Muk|94/100|[from] item: Black Sludge
|upkeep
|turn|12
|
|t:|1757867043
|switch|p1a: Rillaboom|Rillaboom, M|26/100
|-fieldstart|move: Grassy Terrain|[from] ability: Grassy Surge|[of] p1a: Rillaboom
|move|p2a: Landorus|U-turn|p1a: Rillaboom
|-supereffective|p1a: Rillaboom
|-damage|p1a: Rillaboom|0 fnt
|faint|p1a: Rillaboom
|
|t:|1757867050
|switch|p2a: Dragapult|Dragapult, M, shiny|7/100|[from] U-turn
|
|-heal|p2a: Dragapult|13/100|[from] Grassy Terrain
|upkeep
|
|t:|1757867057
|switch|p1a: Drifblim|Drifblim, F|100/100
|-enditem|p1a: Drifblim|Grassy Seed
|-boost|p1a: Drifblim|def|1|[from] item: Grassy Seed
|turn|13
|
|t:|1757867077
|switch|p2a: Kingambit|Kingambit, F, shiny|100/100
|-activate|p2a: Kingambit|ability: Supreme Overlord
|-start|p2a: Kingambit|fallen1|[silent]
|move|p1a: Drifblim|Shadow Ball|p2a: Kingambit
|-resisted|p2a: Kingambit
|-damage|p2a: Kingambit|89/100
|
|-heal|p2a: Kingambit|95/100|[from] Grassy Terrain
|upkeep
|turn|14
|
|t:|1757867089
|-terastallize|p1a: Drifblim|Fighting
|move|p1a: Drifblim|Calm Mind|p1a: Drifblim
|-boost|p1a: Drifblim|spa|1
|-boost|p1a: Drifblim|spd|1
|move|p2a: Kingambit|Swords Dance|p2a: Kingambit
|-boost|p2a: Kingambit|atk|2
|
|-heal|p2a: Kingambit|100/100|[from] Grassy Terrain
|upkeep
|turn|15
|
|t:|1757867104
|-terastallize|p2a: Kingambit|Flying
|move|p1a: Drifblim|Calm Mind|p1a: Drifblim
|-boost|p1a: Drifblim|spa|1
|-boost|p1a: Drifblim|spd|1
|move|p2a: Kingambit|Iron Head|p1a: Drifblim
|-damage|p1a: Drifblim|53/100
|
|-heal|p1a: Drifblim|59/100|[from] Grassy Terrain
|upkeep
|turn|16
|
|t:|1757867116
|move|p1a: Drifblim|Shadow Ball|p2a: Kingambit
|-damage|p2a: Kingambit|49/100
|move|p2a: Kingambit|Iron Head|p1a: Drifblim
|-damage|p1a: Drifblim|9/100
|
|-heal|p1a: Drifblim|15/100|[from] Grassy Terrain
|-fieldend|move: Grassy Terrain
|upkeep
|turn|17
|
|t:|1757867127
|move|p2a: Kingambit|Sucker Punch||[still]
|-fail|p2a: Kingambit
|move|p1a: Drifblim|Strength Sap|p2a: Kingambit
|-unboost|p2a: Kingambit|atk|1
|-heal|p1a: Drifblim|100/100
|
|upkeep
|turn|18
|
|t:|1757867136
|move|p1a: Drifblim|Calm Mind|p1a: Drifblim
|-boost|p1a: Drifblim|spa|1
|-boost|p1a: Drifblim|spd|1
|move|p2a: Kingambit|Swords Dance|p2a: Kingambit
|-boost|p2a: Kingambit|atk|2
|
|upkeep
|turn|19
|
|t:|1757867145
|move|p1a: Drifblim|Shadow Ball|p2a: Kingambit
|-damage|p2a: Kingambit|0 fnt
|faint|p2a: Kingambit
|-end|p2a: Kingambit|fallen1|[silent]
|
|upkeep
|
|t:|1757867152
|switch|p2a: Iron Valiant|Iron Valiant, shiny|85/100 brn
|turn|20
|
|t:|1757867155
|move|p1a: Drifblim|Shadow Ball|p2a: Iron Valiant
|-damage|p2a: Iron Valiant|0 fnt
|faint|p2a: Iron Valiant
|-end|p2a: Iron Valiant|Quark Drive|[silent]
|
|upkeep
|-message|Lisman forfeited.
|
|win|LX1987
|raw|LX1987's rating: 1337 &rarr; <strong>1353</strong><br />(+16 for winning)
|raw|Lisman's rating: 1264 &rarr; <strong>1244</strong><br />(-20 for losing)
|l|☆Lisman
|player|p2|
|l|☆LX1987
|player|p1|
