|j|☆dragoknight1113
|j|☆dodino
|t:|1757916354
|gametype|singles
|player|p1|dragoknight1113|102|1093
|player|p2|dodino|lucas|1113
|gen|9
|tier|[Gen 9] OU
|rated|
|rule|HP Percentage Mod: HP is shown in percentages
|rule|Endless Battle Clause: Forcing endless battles is banned
|rule|Species Clause: Limit one of each Pokémon
|rule|OHKO Clause: OHKO moves are banned
|rule|Evasion Items Clause: Evasion items are banned
|rule|Evasion Moves Clause: Evasion moves are banned
|rule|Evasion Abilities Clause: Evasion abilities are banned
|rule|Sleep Moves Clause: Sleep-inducing moves are banned
|clearpoke
|poke|p1|Alomomola, F|
|poke|p1|Ting-Lu|
|poke|p1|Kingambit, M|
|poke|p1|Gholdengo|
|poke|p1|Great Tusk|
|poke|p1|Raging Bolt|
|poke|p2|Charjabug, F|
|poke|p2|Reuniclus, M|
|poke|p2|Iron Moth|
|poke|p2|Araquanid, M|
|poke|p2|Glimmora, M|
|poke|p2|Gastrodon-East, F|
|teampreview
|inactive|Battle timer is ON: inactive players will automatically lose when time's up. (requested by dodino)
|
|t:|1757916371
|teamsize|p1|6
|teamsize|p2|6
|start
|switch|p1a: Ting-Lu|Ting-Lu|100/100
|switch|p2a: 깨비물거미|Araquanid, M|100/100
|-ability|p1a: Ting-Lu|Vessel of Ruin
|turn|1
|
|t:|1757916379
|switch|p1a: Alomomola|Alomomola, F|100/100
|move|p2a: 깨비물거미|Liquidation|p1a: Alomomola
|-resisted|p1a: Alomomola
|-damage|p1a: Alomomola|83/100
|
|upkeep
|turn|2
|
|t:|1757916387
|move|p1a: Alomomola|Scald|p2a: 깨비물거미
|-resisted|p2a: 깨비물거미
|-damage|p2a: 깨비물거미|97/100
|move|p2a: 깨비물거미|Leech Life|p1a: Alomomola
|-damage|p1a: Alomomola|66/100
|-heal|p2a: 깨비물거미|100/100|[from] drain|[of] p1a: Alomomola
|
|upkeep
|turn|3
|
|t:|1757916397
|move|p1a: Alomomola|Wish|p1a: Alomomola
|move|p2a: 깨비물거미|Leech Life|p1a: Alomomola
|-damage|p1a: Alomomola|50/100
|
|upkeep
|turn|4
|
|t:|1757916403
|move|p1a: Alomomola|Protect|p1a: Alomomola
|-singleturn|p1a: Alomomola|Protect
|move|p2a: 깨비물거미|Leech Life|p1a: Alomomola
|-activate|p1a: Alomomola|move: Protect
|
|-heal|p1a: Alomomola|99/100|[from] move: Wish|[wisher] Alomomola
|upkeep
|turn|5
|
|t:|1757916418
|switch|p2a: 란쿨루스|Reuniclus, M|100/100
|move|p1a: Alomomola|Scald|p2a: 란쿨루스
|-crit|p2a: 란쿨루스
|-damage|p2a: 란쿨루스|81/100
|-status|p2a: 란쿨루스|brn
|
|upkeep
|turn|6
|
|t:|1757916427
|move|p1a: Alomomola|Flip Turn|p2a: 란쿨루스
|-damage|p2a: 란쿨루스|71/100 brn
|
|t:|1757916431
|switch|p1a: Ting-Lu|Ting-Lu|100/100|[from] Flip Turn
|-ability|p1a: Ting-Lu|Vessel of Ruin
|move|p2a: 란쿨루스|Calm Mind|p2a: 란쿨루스
|-boost|p2a: 란쿨루스|spa|1
|-boost|p2a: 란쿨루스|spd|1
|
|upkeep
|turn|7
|
|t:|1757916441
|switch|p2a: 깨비물거미|Araquanid, M|100/100
|move|p1a: Ting-Lu|Whirlwind|p2a: 깨비물거미
|drag|p2a: 란쿨루스|Reuniclus, M|71/100 brn
|
|upkeep
|turn|8
|
|t:|1757916450
|move|p1a: Ting-Lu|Spikes|p2a: 란쿨루스
|-sidestart|p2: dodino|Spikes
|move|p2a: 란쿨루스|Recover|p2a: 란쿨루스
|-heal|p2a: 란쿨루스|100/100 brn
|
|upkeep
|turn|9
|
|t:|1757916457
|move|p1a: Ting-Lu|Spikes|p2a: 란쿨루스
|-sidestart|p2: dodino|Spikes
|move|p2a: 란쿨루스|Trick|p1a: Ting-Lu
|-activate|p2a: 란쿨루스|move: Trick|[of] p1a: Ting-Lu
|-item|p1a: Ting-Lu|Flame Orb|[from] move: Trick
|-item|p2a: 란쿨루스|Leftovers|[from] move: Trick
|
|-status|p1a: Ting-Lu|brn|[from] item: Flame Orb
|upkeep
|turn|10
|
|t:|1757916471
|switch|p2a: 킬라플로르|Glimmora, M|100/100
|move|p1a: Ting-Lu|Whirlwind|p2a: 킬라플로르
|drag|p2a: 트리토돈|Gastrodon-East, F|100/100
|-damage|p2a: 트리토돈|84/100|[from] Spikes
|
|-damage|p1a: Ting-Lu|94/100 brn|[from] brn
|upkeep
|turn|11
|
|t:|1757916483
|switch|p1a: Alomomola|Alomomola, F|100/100
|move|p2a: 트리토돈|Muddy Water|p1a: Alomomola|[miss]
|-miss|p2a: 트리토돈|p1a: Alomomola
|
|upkeep
|turn|12
|
|t:|1757916492
|move|p1a: Alomomola|Flip Turn|p2a: 트리토돈
|-ability|p2a: 트리토돈|Storm Drain|boost
|-boost|p2a: 트리토돈|spa|1
|move|p2a: 트리토돈|Earth Power|p1a: Alomomola
|-damage|p1a: Alomomola|50/100
|
|upkeep
|turn|13
|
|t:|1757916503
|switch|p1a: Ting-Lu|Ting-Lu|94/100 brn
|-ability|p1a: Ting-Lu|Vessel of Ruin
|move|p2a: 트리토돈|Earth Power|p1a: Ting-Lu
|-damage|p1a: Ting-Lu|77/100 brn
|-unboost|p1a: Ting-Lu|spd|1
|
|-damage|p1a: Ting-Lu|71/100 brn|[from] brn
|upkeep
|turn|14
|
|t:|1757916514
|move|p2a: 트리토돈|Muddy Water|p1a: Ting-Lu
|-supereffective|p1a: Ting-Lu
|-damage|p1a: Ting-Lu|17/100 brn
|-unboost|p1a: Ting-Lu|accuracy|1
|move|p1a: Ting-Lu|Whirlwind|p2a: 트리토돈
|drag|p2a: 란쿨루스|Reuniclus, M|100/100 brn
|
|-damage|p1a: Ting-Lu|11/100 brn|[from] brn
|upkeep
|turn|15
|
|t:|1757916525
|switch|p1a: Alomomola|Alomomola, F|84/100
|move|p2a: 란쿨루스|Calm Mind|p2a: 란쿨루스
|-boost|p2a: 란쿨루스|spa|1
|-boost|p2a: 란쿨루스|spd|1
|
|upkeep
|turn|16
|
|t:|1757916536
|move|p1a: Alomomola|Wish|p1a: Alomomola
|move|p2a: 란쿨루스|Calm Mind|p2a: 란쿨루스
|-boost|p2a: 란쿨루스|spa|1
|-boost|p2a: 란쿨루스|spd|1
|
|upkeep
|turn|17
|
|t:|1757916550
|switch|p1a: Ting-Lu|Ting-Lu|11/100 brn
|-ability|p1a: Ting-Lu|Vessel of Ruin
|switch|p2a: 트리토돈|Gastrodon-East, F|84/100
|-damage|p2a: 트리토돈|67/100|[from] Spikes
|
|-heal|p1a: Ting-Lu|63/100 brn|[from] move: Wish|[wisher] Alomomola
|-damage|p1a: Ting-Lu|56/100 brn|[from] brn
|upkeep
|turn|18
|
|t:|1757916572
|switch|p1a: Alomomola|Alomomola, F|100/100
|move|p2a: 트리토돈|Muddy Water|p1a: Alomomola
|-resisted|p1a: Alomomola
|-crit|p1a: Alomomola
|-damage|p1a: Alomomola|73/100
|-unboost|p1a: Alomomola|accuracy|1
|
|upkeep
|turn|19
|
|t:|1757916581
|switch|p1a: Great Tusk|Great Tusk, shiny|100/100
|move|p2a: 트리토돈|Earth Power|p1a: Great Tusk
|-damage|p1a: Great Tusk|57/100
|
|upkeep
|turn|20
|
|t:|1757916591
|move|p1a: Great Tusk|Headlong Rush|p2a: 트리토돈
|-damage|p2a: 트리토돈|23/100
|-unboost|p1a: Great Tusk|def|1
|-unboost|p1a: Great Tusk|spd|1
|move|p2a: 트리토돈|Muddy Water|p1a: Great Tusk
|-supereffective|p1a: Great Tusk
|-damage|p1a: Great Tusk|0 fnt
|faint|p1a: Great Tusk
|-end|p1a: Great Tusk|Protosynthesis|[silent]
|
|upkeep
|
|t:|1757916601
|switch|p1a: Gholdengo|Gholdengo|100/100
|-item|p1a: Gholdengo|Air Balloon
|turn|21
|
|t:|1757916606
|move|p1a: Gholdengo|Nasty Plot|p1a: Gholdengo
|-boost|p1a: Gholdengo|spa|2
|move|p2a: 트리토돈|Muddy Water|p1a: Gholdengo
|-damage|p1a: Gholdengo|73/100
|-enditem|p1a: Gholdengo|Air Balloon
|
|upkeep
|turn|22
|
|t:|1757916614
|move|p1a: Gholdengo|Shadow Ball|p2a: 트리토돈
|-damage|p2a: 트리토돈|0 fnt
|faint|p2a: 트리토돈
|
|upkeep
|
|t:|1757916622
|switch|p2a: 무쇠독나방|Iron Moth|100/100
|-damage|p2a: 무쇠독나방|84/100|[from] Spikes
|-enditem|p2a: 무쇠독나방|Booster Energy
|-activate|p2a: 무쇠독나방|ability: Quark Drive|[fromitem]
|-start|p2a: 무쇠독나방|quarkdrivespe
|turn|23
|
|t:|1757916631
|switch|p1a: Ting-Lu|Ting-Lu|56/100 brn
|-ability|p1a: Ting-Lu|Vessel of Ruin
|move|p2a: 무쇠독나방|Fiery Dance|p1a: Ting-Lu
|-damage|p1a: Ting-Lu|40/100 brn
|-boost|p2a: 무쇠독나방|spa|1
|
|-damage|p1a: Ting-Lu|34/100 brn|[from] brn
|upkeep
|turn|24
|
|t:|1757916657
|move|p2a: 무쇠독나방|Energy Ball|p1a: Ting-Lu
|-supereffective|p1a: Ting-Lu
|-damage|p1a: Ting-Lu|0 fnt
|faint|p1a: Ting-Lu
|
|upkeep
|
|t:|1757916669
|switch|p1a: Raging Bolt|Raging Bolt|100/100
|-enditem|p1a: Raging Bolt|Booster Energy
|-activate|p1a: Raging Bolt|ability: Protosynthesis|[fromitem]
|-start|p1a: Raging Bolt|protosynthesisspa
|turn|25
|
|t:|1757916675
|move|p2a: 무쇠독나방|Dazzling Gleam|p1a: Raging Bolt
|-supereffective|p1a: Raging Bolt
|-damage|p1a: Raging Bolt|28/100
|move|p1a: Raging Bolt|Calm Mind|p1a: Raging Bolt
|-boost|p1a: Raging Bolt|spa|1
|-boost|p1a: Raging Bolt|spd|1
|
|upkeep
|turn|26
|
|t:|1757916683
|move|p1a: Raging Bolt|Thunderclap|p2a: 무쇠독나방
|-damage|p2a: 무쇠독나방|5/100
|move|p2a: 무쇠독나방|Dazzling Gleam|p1a: Raging Bolt
|-supereffective|p1a: Raging Bolt
|-damage|p1a: Raging Bolt|0 fnt
|faint|p1a: Raging Bolt
|-end|p1a: Raging Bolt|Protosynthesis|[silent]
|
|upkeep
|
|t:|1757916692
|switch|p1a: Kingambit|Kingambit, M|100/100
|-activate|p1a: Kingambit|ability: Supreme Overlord
|-start|p1a: Kingambit|fallen3|[silent]
|turn|27
|
|t:|1757916705
|-end|p2a: 무쇠독나방|Quark Drive|[silent]
|switch|p2a: 깨비물거미|Araquanid, M|100/100
|-damage|p2a: 깨비물거미|84/100|[from] Spikes
|move|p1a: Kingambit|Sucker Punch||[still]
|-fail|p1a: Kingambit
|
|upkeep
|turn|28
|
|t:|1757916727
|-end|p1a: Kingambit|fallen3|[silent]
|switch|p1a: Alomomola|Alomomola, F|100/100
|move|p2a: 깨비물거미|Liquidation|p1a: Alomomola
|-resisted|p1a: Alomomola
|-damage|p1a: Alomomola|84/100
|
|upkeep
|turn|29
|
|t:|1757916739
|move|p1a: Alomomola|Wish|p1a: Alomomola
|move|p2a: 깨비물거미|Leech Life|p1a: Alomomola
|-damage|p1a: Alomomola|68/100
|-heal|p2a: 깨비물거미|97/100|[from] drain|[of] p1a: Alomomola
|
|upkeep
|turn|30
|
|t:|1757916746
|move|p1a: Alomomola|Flip Turn|p2a: 깨비물거미
|-resisted|p2a: 깨비물거미
|-damage|p2a: 깨비물거미|88/100
|
|t:|1757916749
|switch|p1a: Gholdengo|Gholdengo|73/100|[from] Flip Turn
|move|p2a: 깨비물거미|Leech Life|p1a: Gholdengo
|-resisted|p1a: Gholdengo
|-damage|p1a: Gholdengo|67/100
|-heal|p2a: 깨비물거미|91/100|[from] drain|[of] p1a: Gholdengo
|
|-heal|p1a: Gholdengo|100/100|[from] move: Wish|[wisher] Alomomola
|upkeep
|turn|31
|
|t:|1757916763
|move|p1a: Gholdengo|Nasty Plot|p1a: Gholdengo
|-boost|p1a: Gholdengo|spa|2
|move|p2a: 깨비물거미|Liquidation|p1a: Gholdengo
|-damage|p1a: Gholdengo|52/100
|-unboost|p1a: Gholdengo|def|1
|
|upkeep
|turn|32
|
|t:|1757916771
|move|p1a: Gholdengo|Shadow Ball|p2a: 깨비물거미
|-damage|p2a: 깨비물거미|56/100
|move|p2a: 깨비물거미|Liquidation|p1a: Gholdengo
|-damage|p1a: Gholdengo|0 fnt
|faint|p1a: Gholdengo
|
|upkeep
|
|t:|1757916777
|switch|p1a: Kingambit|Kingambit, M|100/100
|-activate|p1a: Kingambit|ability: Supreme Overlord
|-start|p1a: Kingambit|fallen4|[silent]
|turn|33
|inactive|dragoknight1113 has 120 seconds left.
|inactive|dragoknight1113 has 90 seconds left.
|
|t:|1757916851
|move|p1a: Kingambit|Kowtow Cleave|p2a: 깨비물거미
|-damage|p2a: 깨비물거미|0 fnt
|faint|p2a: 깨비물거미
|
|upkeep
|
|t:|1757916859
|switch|p2a: 전지충이|Charjabug, F|100/100
|-damage|p2a: 전지충이|84/100|[from] Spikes
|turn|34
|inactive|dragoknight1113 has 90 seconds left.
|
|t:|1757916866
|-end|p1a: Kingambit|fallen4|[silent]
|switch|p1a: Alomomola|Alomomola, F|100/100
|move|p2a: 전지충이|Lunge|p1a: Alomomola
|-damage|p1a: Alomomola|89/100
|-unboost|p1a: Alomomola|atk|1
|
|upkeep
|turn|35
|
|t:|1757916875
|move|p1a: Alomomola|Scald|p2a: 전지충이
|-damage|p2a: 전지충이|74/100
|-status|p2a: 전지충이|brn
|move|p2a: 전지충이|Sticky Web|p1a: Alomomola
|-sidestart|p1: dragoknight1113|move: Sticky Web
|
|-damage|p2a: 전지충이|68/100 brn|[from] brn
|upkeep
|turn|36
|inactive|dragoknight1113 has 90 seconds left.
|
|t:|1757916894
|move|p1a: Alomomola|Scald|p2a: 전지충이
|-damage|p2a: 전지충이|60/100 brn
|move|p2a: 전지충이|Thunder Wave|p1a: Alomomola
|-status|p1a: Alomomola|par
|
|-damage|p2a: 전지충이|54/100 brn|[from] brn
|upkeep
|turn|37
|inactive|dragoknight1113 has 90 seconds left.
|
|t:|1757916904
|move|p2a: 전지충이|Eerie Impulse|p1a: Alomomola
|-unboost|p1a: Alomomola|spa|2
|move|p1a: Alomomola|Scald|p2a: 전지충이
|-damage|p2a: 전지충이|49/100 brn
|
|-damage|p2a: 전지충이|43/100 brn|[from] brn
|upkeep
|turn|38
|inactive|dragoknight1113 has 90 seconds left.
|
|t:|1757916915
|move|p2a: 전지충이|Eerie Impulse|p1a: Alomomola
|-unboost|p1a: Alomomola|spa|2
|move|p1a: Alomomola|Flip Turn|p2a: 전지충이
|-damage|p2a: 전지충이|35/100 brn
|inactive|dragoknight1113 has 90 seconds left.
|
|t:|1757916920
|switch|p1a: Kingambit|Kingambit, M|100/100|[from] Flip Turn
|-activate|p1a: Kingambit|move: Sticky Web
|-unboost|p1a: Kingambit|spe|1
|-activate|p1a: Kingambit|ability: Supreme Overlord
|-start|p1a: Kingambit|fallen4|[silent]
|
|-damage|p2a: 전지충이|29/100 brn|[from] brn
|upkeep
|turn|39
|
|t:|1757916930
|-end|p1a: Kingambit|fallen4|[silent]
|switch|p1a: Alomomola|Alomomola, F|100/100 par
|move|p2a: 전지충이|Lunge|p1a: Alomomola
|-damage|p1a: Alomomola|95/100 par
|-unboost|p1a: Alomomola|atk|1
|
|-damage|p2a: 전지충이|23/100 brn|[from] brn
|upkeep
|turn|40
|
|t:|1757916941
|switch|p2a: 킬라플로르|Glimmora, M|100/100
|move|p1a: Alomomola|Scald|p2a: 킬라플로르
|-supereffective|p2a: 킬라플로르
|-damage|p2a: 킬라플로르|61/100
|
|upkeep
|turn|41
|
|t:|1757916950
|switch|p1a: Kingambit|Kingambit, M|100/100
|-activate|p1a: Kingambit|move: Sticky Web
|-unboost|p1a: Kingambit|spe|1
|-activate|p1a: Kingambit|ability: Supreme Overlord
|-start|p1a: Kingambit|fallen4|[silent]
|move|p2a: 킬라플로르|Mortal Spin|p1a: Kingambit
|-immune|p1a: Kingambit
|
|upkeep
|turn|42
|
|t:|1757916962
|switch|p2a: 전지충이|Charjabug, F|23/100 brn
|-damage|p2a: 전지충이|7/100 brn|[from] Spikes
|move|p1a: Kingambit|Swords Dance|p1a: Kingambit
|-boost|p1a: Kingambit|atk|2
|
|-damage|p2a: 전지충이|1/100 brn|[from] brn
|upkeep
|turn|43
|
|t:|1757916983
|move|p2a: 전지충이|Thunder Wave|p1a: Kingambit
|-status|p1a: Kingambit|par
|move|p1a: Kingambit|Kowtow Cleave|p2a: 전지충이
|-damage|p2a: 전지충이|0 fnt
|faint|p2a: 전지충이
|
|upkeep
|
|t:|1757917000
|switch|p2a: 킬라플로르|Glimmora, M|61/100
|turn|44
|
|t:|1757917008
|-terastallize|p2a: 킬라플로르|Ground
|move|p2a: 킬라플로르|Earth Power|p1a: Kingambit
|-supereffective|p1a: Kingambit
|-damage|p1a: Kingambit|0 fnt
|faint|p1a: Kingambit
|-end|p1a: Kingambit|fallen4|[silent]
|
|upkeep
|
|t:|1757917012
|switch|p1a: Alomomola|Alomomola, F|100/100 par
|turn|45
|
|t:|1757917018
|move|p2a: 킬라플로르|Mortal Spin|p1a: Alomomola
|-damage|p1a: Alomomola|97/100 par
|-sideend|p2: dodino|Spikes|[from] move: Mortal Spin|[of] p2a: 킬라플로르
|move|p1a: Alomomola|Scald|p2a: 킬라플로르
|-supereffective|p2a: 킬라플로르
|-damage|p2a: 킬라플로르|24/100
|
|upkeep
|turn|46
|
|t:|1757917027
|move|p2a: 킬라플로르|Sludge Wave|p1a: Alomomola
|-damage|p1a: Alomomola|42/100 par
|move|p1a: Alomomola|Scald|p2a: 킬라플로르
|-supereffective|p2a: 킬라플로르
|-damage|p2a: 킬라플로르|0 fnt
|faint|p2a: 킬라플로르
|
|upkeep
|
|t:|1757917037
|switch|p2a: 무쇠독나방|Iron Moth|5/100
|turn|47
|-message|dragoknight1113 forfeited.
|
|win|dodino
|raw|dragoknight1113's rating: 1093 &rarr; <strong>1070</strong><br />(-23 for losing)
|raw|dodino's rating: 1113 &rarr; <strong>1137</strong><br />(+24 for winning)
|l|☆dragoknight1113
|player|p1|
|l|☆dodino
|player|p2|
