|j|☆bananacrazy
|j|☆fianso-95
|t:|1757918183
|gametype|singles
|player|p1|bananacrazy|170|1359
|player|p2|fianso-95|palmer|1398
|gen|9
|tier|[Gen 9] OU
|rated|
|rule|HP Percentage Mod: HP is shown in percentages
|rule|Endless Battle Clause: Forcing endless battles is banned
|rule|Species Clause: Limit one of each Pokémon
|rule|OHKO Clause: OHKO moves are banned
|rule|Evasion Items Clause: Evasion items are banned
|rule|Evasion Moves Clause: Evasion moves are banned
|rule|Evasion Abilities Clause: Evasion abilities are banned
|rule|Sleep Moves Clause: Sleep-inducing moves are banned
|clearpoke
|poke|p1|Samurott-Hisui, M|
|poke|p1|Iron Valiant|
|poke|p1|Landorus-Therian, M|
|poke|p1|Gholdengo|
|poke|p1|Kingambit, F|
|poke|p1|Raging Bolt|
|poke|p2|Landorus-Therian, M|
|poke|p2|Volcanion|
|poke|p2|Weavile, M|
|poke|p2|Azelf|
|poke|p2|Dragonite, M|
|poke|p2|Zapdos|
|teampreview
|inactive|Battle timer is ON: inactive players will automatically lose when time's up. (requested by fianso-95)
|
|t:|1757918195
|teamsize|p1|6
|teamsize|p2|6
|start
|switch|p1a: Samurott|Samurott-Hisui, M|100/100
|switch|p2a: Azelf|Azelf|100/100
|turn|1
|
|t:|1757918204
|move|p2a: Azelf|Explosion|p1a: Samurott
|-damage|p1a: Samurott|0 fnt
|faint|p2a: Azelf
|faint|p1a: Samurott
|
|upkeep
|
|t:|1757918216
|switch|p2a: Volcanion|Volcanion|100/100
|switch|p1a: Landorus|Landorus-Therian, M|100/100
|-ability|p1a: Landorus|Intimidate|boost
|-unboost|p2a: Volcanion|atk|1
|turn|2
|
|t:|1757918225
|move|p2a: Volcanion|Steam Eruption|p1a: Landorus
|-supereffective|p1a: Landorus
|-damage|p1a: Landorus|0 fnt
|faint|p1a: Landorus
|
|upkeep
|
|t:|1757918230
|switch|p1a: Raging Bolt|Raging Bolt|100/100
|-enditem|p1a: Raging Bolt|Booster Energy
|-activate|p1a: Raging Bolt|ability: Protosynthesis|[fromitem]
|-start|p1a: Raging Bolt|protosynthesisspa
|turn|3
|
|t:|1757918237
|switch|p2a: Dragonite|Dragonite, M|100/100
|move|p1a: Raging Bolt|Calm Mind|p1a: Raging Bolt
|-boost|p1a: Raging Bolt|spa|1
|-boost|p1a: Raging Bolt|spd|1
|
|upkeep
|turn|4
|
|t:|1757918244
|move|p2a: Dragonite|Dragon Claw|p1a: Raging Bolt
|-supereffective|p1a: Raging Bolt
|-damage|p1a: Raging Bolt|22/100
|move|p1a: Raging Bolt|Dragon Pulse|p2a: Dragonite
|-supereffective|p2a: Dragonite
|-damage|p2a: Dragonite|4/100
|-enditem|p2a: Dragonite|Weakness Policy
|-boost|p2a: Dragonite|atk|2|[from] item: Weakness Policy
|-boost|p2a: Dragonite|spa|2|[from] item: Weakness Policy
|
|upkeep
|turn|5
|
|t:|1757918251
|move|p2a: Dragonite|Extreme Speed|p1a: Raging Bolt
|-damage|p1a: Raging Bolt|0 fnt
|faint|p1a: Raging Bolt
|-end|p1a: Raging Bolt|Protosynthesis|[silent]
|
|upkeep
|
|t:|1757918256
|switch|p1a: Gholdengo|Gholdengo|100/100
|-item|p1a: Gholdengo|Air Balloon
|turn|6
|
|t:|1757918261
|move|p2a: Dragonite|Dragon Claw|p1a: Gholdengo
|-resisted|p1a: Gholdengo
|-damage|p1a: Gholdengo|58/100
|-enditem|p1a: Gholdengo|Air Balloon
|move|p1a: Gholdengo|Shadow Ball|p2a: Dragonite
|-damage|p2a: Dragonite|0 fnt
|faint|p2a: Dragonite
|
|upkeep
|
|t:|1757918266
|switch|p2a: Weavile|Weavile, M|100/100
|-ability|p2a: Weavile|Pressure
|turn|7
|
|t:|1757918270
|move|p2a: Weavile|Knock Off|p1a: Gholdengo
|-supereffective|p1a: Gholdengo
|-damage|p1a: Gholdengo|2/100
|move|p1a: Gholdengo|Make It Rain|p2a: Weavile
|-supereffective|p2a: Weavile
|-enditem|p2a: Weavile|Focus Sash
|-damage|p2a: Weavile|1/100
|-unboost|p1a: Gholdengo|spa|1
|
|upkeep
|turn|8
|
|t:|1757918274
|move|p2a: Weavile|Ice Shard|p1a: Gholdengo
|-resisted|p1a: Gholdengo
|-damage|p1a: Gholdengo|0 fnt
|faint|p1a: Gholdengo
|
|upkeep
|
|t:|1757918281
|switch|p1a: Iron Valiant|Iron Valiant|100/100
|-enditem|p1a: Iron Valiant|Booster Energy
|-activate|p1a: Iron Valiant|ability: Quark Drive|[fromitem]
|-start|p1a: Iron Valiant|quarkdrivespe
|turn|9
|
|t:|1757918286
|move|p2a: Weavile|Ice Shard|p1a: Iron Valiant
|-damage|p1a: Iron Valiant|77/100
|move|p1a: Iron Valiant|Moonblast|p2a: Weavile
|-supereffective|p2a: Weavile
|-damage|p2a: Weavile|0 fnt
|faint|p2a: Weavile
|
|upkeep
|
|t:|1757918289
|switch|p2a: Landorus|Landorus-Therian, M|100/100
|-ability|p2a: Landorus|Intimidate|boost
|-unboost|p1a: Iron Valiant|atk|1
|turn|10
|
|t:|1757918299
|move|p1a: Iron Valiant|Moonblast|p2a: Landorus
|-damage|p2a: Landorus|37/100
|move|p2a: Landorus|Earthquake|p1a: Iron Valiant
|-damage|p1a: Iron Valiant|0 fnt
|faint|p1a: Iron Valiant
|-end|p1a: Iron Valiant|Quark Drive|[silent]
|
|upkeep
|
|t:|1757918302
|switch|p1a: Kingambit|Kingambit, F|100/100
|-activate|p1a: Kingambit|ability: Supreme Overlord
|-start|p1a: Kingambit|fallen5|[silent]
|turn|11
|
|t:|1757918307
|-terastallize|p1a: Kingambit|Flying
|move|p2a: Landorus|Earthquake|p1a: Kingambit
|-immune|p1a: Kingambit
|move|p1a: Kingambit|Swords Dance|p1a: Kingambit
|-boost|p1a: Kingambit|atk|2
|
|upkeep
|turn|12
|
|t:|1757918312
|switch|p2a: Volcanion|Volcanion|100/100
|move|p1a: Kingambit|Sucker Punch||[still]
|-fail|p1a: Kingambit
|
|upkeep
|turn|13
|
|t:|1757918315
|move|p1a: Kingambit|Sucker Punch|p2a: Volcanion
|-damage|p2a: Volcanion|0 fnt
|faint|p2a: Volcanion
|
|upkeep
|
|t:|1757918318
|switch|p2a: Zapdos|Zapdos|100/100
|turn|14
|
|t:|1757918321
|move|p2a: Zapdos|Discharge|p1a: Kingambit
|-supereffective|p1a: Kingambit
|-damage|p1a: Kingambit|0 fnt
|faint|p1a: Kingambit
|-end|p1a: Kingambit|fallen5|[silent]
|
|win|fianso-95
|raw|bananacrazy's rating: 1359 &rarr; <strong>1341</strong><br />(-18 for losing)
|raw|fianso-95's rating: 1398 &rarr; <strong>1416</strong><br />(+18 for winning)
|l|☆fianso-95
|player|p2|
|l|☆bananacrazy
|player|p1|
