|j|☆Gym Leader Bert
|j|☆HD100827
|t:|1757918600
|gametype|singles
|player|p1|Gym Leader Bert|gentleman-gen4|1178
|player|p2|HD100827|unknown|1186
|gen|9
|tier|[Gen 9] OU
|rated|
|rule|HP Percentage Mod: HP is shown in percentages
|rule|Endless Battle Clause: Forcing endless battles is banned
|rule|Species Clause: Limit one of each Pokémon
|rule|OHKO Clause: OHKO moves are banned
|rule|Evasion Items Clause: Evasion items are banned
|rule|Evasion Moves Clause: Evasion moves are banned
|rule|Evasion Abilities Clause: Evasion abilities are banned
|rule|Sleep Moves Clause: Sleep-inducing moves are banned
|clearpoke
|poke|p1|Torkoal, F|
|poke|p1|Hatterene, F|
|poke|p1|Walking Wake|
|poke|p1|Dragapult, M|
|poke|p1|Indeedee, M|
|poke|p1|Kingdra, F|
|poke|p2|Walking Wake|
|poke|p2|Great Tusk|
|poke|p2|Torkoal, F|
|poke|p2|Hatterene, F|
|poke|p2|Corviknight, F|
|poke|p2|Raging Bolt|
|teampreview
|
|t:|1757918612
|teamsize|p1|6
|teamsize|p2|6
|start
|switch|p1a: Hatterene|Hatterene, F|100/100
|switch|p2a: Walking Wake|Walking Wake|100/100
|turn|1
|
|t:|1757918627
|-terastallize|p2a: Walking Wake|Water
|move|p2a: Walking Wake|Flamethrower|p1a: Hatterene
|-crit|p1a: Hatterene
|-damage|p1a: Hatterene|20/100
|move|p1a: Hatterene|Draining Kiss|p2a: Walking Wake
|-damage|p2a: Walking Wake|64/100
|-heal|p1a: Hatterene|51/100|[from] drain|[of] p2a: Walking Wake
|
|upkeep
|turn|2
|
|t:|1757918634
|switch|p1a: Kingdra|Kingdra, F|100/100
|move|p2a: Walking Wake|Flamethrower|p1a: Kingdra
|-resisted|p1a: Kingdra
|-damage|p1a: Kingdra|88/100
|
|upkeep
|turn|3
|
|t:|1757918648
|-end|p2a: Walking Wake|Protosynthesis|[silent]
|switch|p2a: Raging Bolt|Raging Bolt|100/100
|move|p1a: Kingdra|Focus Energy|p1a: Kingdra
|-start|p1a: Kingdra|move: Focus Energy
|
|upkeep
|turn|4
|
|t:|1757918656
|move|p2a: Raging Bolt|Thunderclap|p1a: Kingdra
|-damage|p1a: Kingdra|47/100
|move|p1a: Kingdra|Draco Meteor|p2a: Raging Bolt
|-supereffective|p2a: Raging Bolt
|-crit|p2a: Raging Bolt
|-damage|p2a: Raging Bolt|0 fnt
|-unboost|p1a: Kingdra|spa|2
|faint|p2a: Raging Bolt
|-end|p2a: Raging Bolt|Protosynthesis|[silent]
|
|upkeep
|
|t:|1757918661
|switch|p2a: Walking Wake|Walking Wake, tera:Water|64/100
|turn|5
|
|t:|1757918667
|switch|p1a: Hatterene|Hatterene, F|51/100
|move|p2a: Walking Wake|Dragon Pulse|p1a: Hatterene
|-immune|p1a: Hatterene
|
|upkeep
|turn|6
|
|t:|1757918674
|-end|p2a: Walking Wake|Protosynthesis|[silent]
|switch|p2a: Hatterene|Hatterene, F|100/100
|move|p1a: Hatterene|Trick Room|p1a: Hatterene
|-fieldstart|move: Trick Room|[of] p1a: Hatterene
|
|upkeep
|turn|7
|
|t:|1757918681
|switch|p1a: Sun God Koal|Torkoal, F|100/100
|-weather|SunnyDay|[from] ability: Drought|[of] p1a: Sun God Koal
|move|p2a: Hatterene|Draining Kiss|p1a: Sun God Koal
|-resisted|p1a: Sun God Koal
|-damage|p1a: Sun God Koal|84/100
|
|-weather|SunnyDay|[upkeep]
|upkeep
|turn|8
|
|t:|1757918691
|move|p1a: Sun God Koal|Overheat|p2a: Hatterene
|-damage|p2a: Hatterene|25/100
|-unboost|p1a: Sun God Koal|spa|2
|-enditem|p1a: Sun God Koal|Eject Pack
|
|t:|1757918699
|switch|p1a: Hatterene|Hatterene, F|51/100
|move|p2a: Hatterene|Psychic|p1a: Hatterene
|-resisted|p1a: Hatterene
|-damage|p1a: Hatterene|28/100
|
|-weather|SunnyDay|[upkeep]
|upkeep
|turn|9
|
|t:|1757918705
|move|p1a: Hatterene|Mystical Fire|p2a: Hatterene
|-damage|p2a: Hatterene|0 fnt
|faint|p2a: Hatterene
|
|-weather|SunnyDay|[upkeep]
|upkeep
|
|t:|1757918708
|switch|p2a: Torkoal|Torkoal, F|100/100
|turn|10
|
|t:|1757918711
|move|p1a: Hatterene|Psychic|p2a: Torkoal
|-damage|p2a: Torkoal|25/100
|move|p2a: Torkoal|Eruption|p1a: Hatterene
|-damage|p1a: Hatterene|10/100
|
|-weather|SunnyDay|[upkeep]
|-fieldend|move: Trick Room
|upkeep
|turn|11
|
|t:|1757918723
|switch|p1a: Kingdra|Kingdra, F|47/100
|move|p2a: Torkoal|Earthquake|p1a: Kingdra
|-crit|p1a: Kingdra
|-damage|p1a: Kingdra|12/100
|
|-weather|none
|upkeep
|turn|12
|
|t:|1757918731
|move|p1a: Kingdra|Draco Meteor|p2a: Torkoal
|-damage|p2a: Torkoal|0 fnt
|-unboost|p1a: Kingdra|spa|2
|faint|p2a: Torkoal
|
|upkeep
|
|t:|1757918734
|switch|p2a: Great Tusk|Great Tusk|100/100
|turn|13
|
|t:|1757918737
|move|p2a: Great Tusk|Rapid Spin|p1a: Kingdra
|-damage|p1a: Kingdra|0 fnt
|-boost|p2a: Great Tusk|spe|1
|faint|p1a: Kingdra
|
|upkeep
|
|t:|1757918741
|switch|p1a: Sun God Koal|Torkoal, F|84/100
|-weather|SunnyDay|[from] ability: Drought|[of] p1a: Sun God Koal
|-activate|p2a: Great Tusk|ability: Protosynthesis
|-start|p2a: Great Tusk|protosynthesisspe
|turn|14
|
|t:|1757918749
|move|p2a: Great Tusk|Headlong Rush|p1a: Sun God Koal
|-supereffective|p1a: Sun God Koal
|-damage|p1a: Sun God Koal|0 fnt
|-unboost|p2a: Great Tusk|def|1
|-unboost|p2a: Great Tusk|spd|1
|faint|p1a: Sun God Koal
|
|-weather|SunnyDay|[upkeep]
|upkeep
|
|t:|1757918752
|switch|p1a: Walking Wake|Walking Wake|100/100
|-activate|p1a: Walking Wake|ability: Protosynthesis
|-start|p1a: Walking Wake|protosynthesisspe
|turn|15
|
|t:|1757918758
|move|p2a: Great Tusk|Headlong Rush|p1a: Walking Wake
|-damage|p1a: Walking Wake|29/100
|-unboost|p2a: Great Tusk|def|1
|-unboost|p2a: Great Tusk|spd|1
|move|p1a: Walking Wake|Draco Meteor|p2a: Great Tusk
|-damage|p2a: Great Tusk|0 fnt
|-unboost|p1a: Walking Wake|spa|2
|faint|p2a: Great Tusk
|-end|p2a: Great Tusk|Protosynthesis|[silent]
|
|-weather|SunnyDay|[upkeep]
|upkeep
|
|t:|1757918762
|switch|p2a: Walking Wake|Walking Wake, tera:Water|64/100
|-activate|p2a: Walking Wake|ability: Protosynthesis
|-start|p2a: Walking Wake|protosynthesisspe
|turn|16
|
|t:|1757918767
|move|p1a: Walking Wake|Draco Meteor|p2a: Walking Wake
|-damage|p2a: Walking Wake|5/100
|-unboost|p1a: Walking Wake|spa|2
|move|p2a: Walking Wake|Hydro Steam|p1a: Walking Wake
|-resisted|p1a: Walking Wake
|-damage|p1a: Walking Wake|0 fnt
|faint|p1a: Walking Wake
|-end|p1a: Walking Wake|Protosynthesis|[silent]
|
|-weather|SunnyDay|[upkeep]
|upkeep
|
|t:|1757918772
|switch|p1a: Indeedee|Indeedee, M|100/100
|-fieldstart|move: Psychic Terrain|[from] ability: Psychic Surge|[of] p1a: Indeedee
|turn|17
|
|t:|1757918776
|move|p2a: Walking Wake|Hydro Steam|p1a: Indeedee
|-damage|p1a: Indeedee|0 fnt
|faint|p1a: Indeedee
|
|-weather|SunnyDay|[upkeep]
|upkeep
|
|t:|1757918780
|switch|p1a: Dragapult|Dragapult, M|100/100
|turn|18
|
|t:|1757918782
|move|p1a: Dragapult|Sucker Punch|p2a: Walking Wake
|-activate|p2a: Walking Wake|move: Psychic Terrain
|move|p2a: Walking Wake|Hydro Steam|p1a: Dragapult
|-resisted|p1a: Dragapult
|-damage|p1a: Dragapult|29/100
|
|-weather|none
|-end|p2a: Walking Wake|Protosynthesis
|upkeep
|turn|19
|inactive|Battle timer is ON: inactive players will automatically lose when time's up. (requested by HD100827)
|
|t:|1757918792
|move|p1a: Dragapult|Phantom Force||[still]
|-prepare|p1a: Dragapult|Phantom Force
|move|p2a: Walking Wake|Hydro Steam|p1a: Dragapult|[miss]
|-miss|p2a: Walking Wake|p1a: Dragapult
|
|upkeep
|turn|20
|
|t:|1757918795
|move|p1a: Dragapult|Phantom Force|p2a: Walking Wake|[from] lockedmove
|-damage|p2a: Walking Wake|0 fnt
|faint|p2a: Walking Wake
|-end|p2a: Walking Wake|Protosynthesis|[silent]
|
|upkeep
|
|t:|1757918798
|switch|p2a: Corviknight|Corviknight, F|100/100
|-ability|p2a: Corviknight|Pressure
|turn|21
|
|t:|1757918805
|move|p1a: Dragapult|Dragon Dance|p1a: Dragapult
|-boost|p1a: Dragapult|atk|1
|-boost|p1a: Dragapult|spe|1
|move|p2a: Corviknight|Brave Bird|p1a: Dragapult
|-damage|p1a: Dragapult|0 fnt
|faint|p1a: Dragapult
|-damage|p2a: Corviknight|93/100|[from] Recoil
|
|-fieldend|move: Psychic Terrain
|upkeep
|
|t:|1757918807
|switch|p1a: Hatterene|Hatterene, F|10/100
|turn|22
|
|t:|1757918811
|move|p2a: Corviknight|Brave Bird|p1a: Hatterene
|-damage|p1a: Hatterene|0 fnt
|faint|p1a: Hatterene
|-damage|p2a: Corviknight|90/100|[from] Recoil
|
|win|HD100827
|raw|Gym Leader Bert's rating: 1178 &rarr; <strong>1151</strong><br />(-27 for losing)
|raw|HD100827's rating: 1157 &rarr; <strong>1184</strong><br />(+27 for winning)
|l|☆Gym Leader Bert
|player|p1|
|l|☆HD100827
|player|p2|
