|j|☆bonekiller001
|j|☆d00d guy
|t:|1757955391
|gametype|singles
|player|p1|bonekiller001|youngster-gen4dp|1362
|player|p2|d00d guy|brock|1337
|gen|9
|tier|[Gen 9] OU
|rated|
|rule|HP Percentage Mod: HP is shown in percentages
|rule|Endless Battle Clause: Forcing endless battles is banned
|rule|Species Clause: Limit one of each Pokémon
|rule|OHKO Clause: OHKO moves are banned
|rule|Evasion Items Clause: Evasion items are banned
|rule|Evasion Moves Clause: Evasion moves are banned
|rule|Evasion Abilities Clause: Evasion abilities are banned
|rule|Sleep Moves Clause: Sleep-inducing moves are banned
|clearpoke
|poke|p1|Great Tusk|
|poke|p1|Heatran, M|
|poke|p1|Weavile, M|
|poke|p1|Primarina, M|
|poke|p1|Ogerpon, F|
|poke|p1|Pecharunt|
|poke|p2|Tornadus, M|
|poke|p2|Toxtricity, M|
|poke|p2|Iron Valiant|
|poke|p2|Arcanine-Hisui, M|
|poke|p2|Brambleghast, M|
|poke|p2|Hydreigon, M|
|teampreview
|inactive|Battle timer is ON: inactive players will automatically lose when time's up. (requested by d00d guy)
|
|t:|1757955412
|teamsize|p1|6
|teamsize|p2|6
|start
|switch|p1a: Celestine|Primarina, M, shiny|100/100
|switch|p2a: Tornadus|Tornadus, M, shiny|100/100
|turn|1
|
|t:|1757955417
|move|p2a: Tornadus|Taunt|p1a: Celestine
|-start|p1a: Celestine|move: Taunt
|move|p1a: Celestine|Flip Turn|p2a: Tornadus
|-damage|p2a: Tornadus|77/100
|-enditem|p2a: Tornadus|Eject Button
|
|t:|1757955423
|switch|p2a: Toxtricity|Toxtricity, M, shiny|100/100
|
|upkeep
|turn|2
|
|t:|1757955439
|switch|p1a: Overseer|Pecharunt|100/100
|move|p2a: Toxtricity|Boomburst|p1a: Overseer
|-immune|p1a: Overseer
|
|upkeep
|turn|3
|
|t:|1757955445
|switch|p2a: Tornadus|Tornadus, M, shiny|77/100
|move|p1a: Overseer|Parting Shot|p2a: Tornadus
|-unboost|p2a: Tornadus|atk|1
|-unboost|p2a: Tornadus|spa|1
|
|t:|1757955450
|switch|p1a: Bandit|Weavile, M, shiny|100/100|[from] Parting Shot
|-ability|p1a: Bandit|Pressure
|
|upkeep
|turn|4
|inactive|bonekiller001 has 120 seconds left.
|inactive|bonekiller001 has 90 seconds left.
|
|t:|1757955511
|switch|p2a: Iron Valiant|Iron Valiant, shiny|100/100
|move|p1a: Bandit|Knock Off|p2a: Iron Valiant
|-resisted|p2a: Iron Valiant
|-damage|p2a: Iron Valiant|77/100
|-enditem|p2a: Iron Valiant|Choice Specs|[from] move: Knock Off|[of] p1a: Bandit
|
|upkeep
|turn|5
|inactive|bonekiller001 has 90 seconds left.
|
|t:|1757955526
|switch|p1a: Overseer|Pecharunt|100/100
|move|p2a: Iron Valiant|Thunderbolt|p1a: Overseer
|-damage|p1a: Overseer|71/100
|
|upkeep
|turn|6
|
|t:|1757955535
|move|p2a: Iron Valiant|Shadow Ball|p1a: Overseer
|-supereffective|p1a: Overseer
|-damage|p1a: Overseer|18/100
|move|p1a: Overseer|Malignant Chain|p2a: Iron Valiant
|-supereffective|p2a: Iron Valiant
|-damage|p2a: Iron Valiant|0 fnt
|faint|p2a: Iron Valiant
|-end|p2a: Iron Valiant|Quark Drive|[silent]
|
|upkeep
|
|t:|1757955560
|switch|p2a: Toxtricity|Toxtricity, M, shiny|100/100
|turn|7
|inactive|bonekiller001 has 90 seconds left.
|
|t:|1757955581
|switch|p1a: Chaos|Heatran, M, shiny|100/100
|-item|p1a: Chaos|Air Balloon
|move|p2a: Toxtricity|Volt Switch|p1a: Chaos
|-damage|p1a: Chaos|47/100
|-enditem|p1a: Chaos|Air Balloon
|inactive|d00d guy has 120 seconds left.
|inactive|d00d guy has 90 seconds left.
|
|t:|1757955641
|switch|p2a: Tornadus|Tornadus, M, shiny|77/100|[from] Volt Switch
|
|upkeep
|turn|8
|inactive|d00d guy has 90 seconds left.
|
|t:|1757955649
|move|p2a: Tornadus|Focus Blast|p1a: Chaos
|-supereffective|p1a: Chaos
|-damage|p1a: Chaos|0 fnt
|faint|p1a: Chaos
|
|upkeep
|
|t:|1757955654
|switch|p1a: Bandit|Weavile, M, shiny|100/100
|-ability|p1a: Bandit|Pressure
|turn|9
|
|t:|1757955674
|move|p2a: Tornadus|Tailwind|p2a: Tornadus
|-sidestart|p2: d00d guy|move: Tailwind
|move|p1a: Bandit|Knock Off|p2a: Tornadus
|-damage|p2a: Tornadus|8/100
|
|upkeep
|turn|10
|inactive|bonekiller001 has 90 seconds left.
|
|t:|1757955701
|switch|p1a: Celestine|Primarina, M, shiny|100/100
|move|p2a: Tornadus|Focus Blast|p1a: Celestine
|-resisted|p1a: Celestine
|-damage|p1a: Celestine|90/100
|
|upkeep
|turn|11
|inactive|bonekiller001 has 90 seconds left.
|
|t:|1757955710
|move|p2a: Tornadus|Taunt|p1a: Celestine
|-start|p1a: Celestine|move: Taunt
|move|p1a: Celestine|Flip Turn|p2a: Tornadus
|-damage|p2a: Tornadus|0 fnt
|faint|p2a: Tornadus
|inactive|bonekiller001 has 90 seconds left.
|
|t:|1757955717
|switch|p1a: Overseer|Pecharunt|18/100|[from] Flip Turn
|
|upkeep
|
|t:|1757955721
|switch|p2a: Brambleghast|Brambleghast, M, shiny|100/100
|-ability|p2a: Brambleghast|Wind Rider|boost
|-boost|p2a: Brambleghast|atk|1
|turn|12
|inactive|d00d guy has 120 seconds left.
|
|t:|1757955730
|move|p2a: Brambleghast|Shadow Sneak|p1a: Overseer
|-supereffective|p1a: Overseer
|-damage|p1a: Overseer|0 fnt
|-damage|p2a: Brambleghast|84/100|[from] item: Rocky Helmet|[of] p1a: Overseer
|faint|p1a: Overseer
|-damage|p2a: Brambleghast|74/100|[from] item: Life Orb
|
|-sideend|p2: d00d guy|move: Tailwind
|upkeep
|
|t:|1757955742
|switch|p1a: Anonymous|Ogerpon, F|100/100
|turn|13
|
|t:|1757955753
|move|p1a: Anonymous|U-turn|p2a: Brambleghast
|-damage|p2a: Brambleghast|11/100
|
|t:|1757955761
|switch|p1a: Behemoth|Great Tusk, shiny|100/100|[from] U-turn
|move|p2a: Brambleghast|Rapid Spin|p1a: Behemoth
|-damage|p1a: Behemoth|74/100
|-boost|p2a: Brambleghast|spe|1
|-damage|p2a: Brambleghast|1/100|[from] item: Life Orb
|
|upkeep
|turn|14
|
|t:|1757955772
|-end|p1a: Behemoth|Protosynthesis|[silent]
|switch|p1a: Anonymous|Ogerpon, F|100/100
|move|p2a: Brambleghast|Power Whip|p1a: Anonymous
|-resisted|p1a: Anonymous
|-crit|p1a: Anonymous
|-damage|p1a: Anonymous|0 fnt
|faint|p1a: Anonymous
|-damage|p2a: Brambleghast|0 fnt|[from] item: Life Orb
|faint|p2a: Brambleghast
|
|upkeep
|c|☆bonekiller001|wow
|
|t:|1757955789
|switch|p1a: Behemoth|Great Tusk, shiny|74/100
|switch|p2a: Hydreigon|Hydreigon, M, shiny|100/100
|turn|15
|
|t:|1757955797
|-end|p1a: Behemoth|Protosynthesis|[silent]
|switch|p1a: Celestine|Primarina, M, shiny|90/100
|move|p2a: Hydreigon|Draco Meteor|p1a: Celestine
|-immune|p1a: Celestine
|
|upkeep
|turn|16
|
|t:|1757955811
|-terastallize|p2a: Hydreigon|Steel
|move|p2a: Hydreigon|Tailwind|p2a: Hydreigon
|-sidestart|p2: d00d guy|move: Tailwind
|move|p1a: Celestine|Moonblast|p2a: Hydreigon
|-resisted|p2a: Hydreigon
|-damage|p2a: Hydreigon|72/100
|-unboost|p2a: Hydreigon|spa|1
|-enditem|p2a: Hydreigon|Eject Pack
|
|t:|1757955818
|switch|p2a: Toxtricity|Toxtricity, M, shiny|100/100
|
|upkeep
|turn|17
|inactive|bonekiller001 has 120 seconds left.
|
|t:|1757955829
|-terastallize|p1a: Celestine|Ground
|move|p2a: Toxtricity|Boomburst|p1a: Celestine
|-damage|p1a: Celestine|42/100
|move|p1a: Celestine|Psychic Noise|p2a: Toxtricity
|-damage|p2a: Toxtricity|71/100
|-start|p2a: Toxtricity|move: Heal Block
|
|upkeep
|turn|18
|inactive|bonekiller001 has 120 seconds left.
|
|t:|1757955849
|move|p2a: Toxtricity|Boomburst|p1a: Celestine
|-damage|p1a: Celestine|0 fnt
|faint|p1a: Celestine
|
|-end|p2a: Toxtricity|move: Heal Block
|upkeep
|inactive|bonekiller001 has 90 seconds left.
|
|t:|1757955900
|switch|p1a: Behemoth|Great Tusk, shiny|74/100
|turn|19
|
|t:|1757955912
|move|p2a: Toxtricity|Boomburst|p1a: Behemoth
|-damage|p1a: Behemoth|0 fnt
|faint|p1a: Behemoth
|-end|p1a: Behemoth|Protosynthesis|[silent]
|
|-sideend|p2: d00d guy|move: Tailwind
|upkeep
|
|t:|1757955915
|switch|p1a: Bandit|Weavile, M, shiny|100/100
|-ability|p1a: Bandit|Pressure
|turn|20
|
|t:|1757955929
|move|p1a: Bandit|Low Kick|p2a: Toxtricity
|-resisted|p2a: Toxtricity
|-damage|p2a: Toxtricity|47/100
|move|p2a: Toxtricity|Boomburst|p1a: Bandit
|-damage|p1a: Bandit|0 fnt
|faint|p1a: Bandit
|
|win|d00d guy
|raw|bonekiller001's rating: 1362 &rarr; <strong>1341</strong><br />(-21 for losing)
|raw|d00d guy's rating: 1337 &rarr; <strong>1358</strong><br />(+21 for winning)
|l|☆bonekiller001
|player|p1|
|l|☆d00d guy
|player|p2|
