|j|☆yiht
|j|☆lacoperon0109
|t:|1757823327
|gametype|singles
|player|p1|yiht|1|1264
|player|p2|lacoperon0109|n|1308
|gen|9
|tier|[Gen 9] OU
|rated|
|rule|HP Percentage Mod: HP is shown in percentages
|rule|Endless Battle Clause: Forcing endless battles is banned
|rule|Species Clause: Limit one of each Pokémon
|rule|OHKO Clause: OHKO moves are banned
|rule|Evasion Items Clause: Evasion items are banned
|rule|Evasion Moves Clause: Evasion moves are banned
|rule|Evasion Abilities Clause: Evasion abilities are banned
|rule|Sleep Moves Clause: Sleep-inducing moves are banned
|clearpoke
|poke|p1|Ribombee, F|
|poke|p1|Samurott-Hisui, F|
|poke|p1|Gholdengo|
|poke|p1|Great Tusk|
|poke|p1|Glimmora, F|
|poke|p1|Dragonite, M|
|poke|p2|Rillaboom, M|
|poke|p2|Volcanion|
|poke|p2|Ceruledge, F|
|poke|p2|Corviknight, F|
|poke|p2|Mew|
|poke|p2|Ditto|
|teampreview
|j| caracolvolador
|
|t:|1757823337
|teamsize|p1|6
|teamsize|p2|6
|start
|switch|p1a: Ribombee|Ribombee, F|100/100
|switch|p2a: Mew|Mew|100/100
|turn|1
|
|t:|1757823350
|-terastallize|p2a: Mew|Fairy
|move|p1a: Ribombee|Sticky Web|p2a: Mew
|-sidestart|p2: lacoperon0109|move: Sticky Web
|move|p2a: Mew|Imprison|p2a: Mew
|-start|p2a: Mew|move: Imprison
|
|upkeep
|turn|2
|
|t:|1757823358
|move|p1a: Ribombee|U-turn|p2a: Mew
|-resisted|p2a: Mew
|-damage|p2a: Mew|96/100
|
|t:|1757823361
|switch|p1a: Glimmora|Glimmora, F|100/100|[from] U-turn
|move|p2a: Mew|Fire Spin|p1a: Glimmora|[miss]
|-miss|p2a: Mew|p1a: Glimmora
|
|-heal|p2a: Mew|100/100|[from] item: Leftovers
|upkeep
|turn|3
|
|t:|1757823367
|move|p1a: Glimmora|Meteor Beam||[still]
|-prepare|p1a: Glimmora|Meteor Beam
|-boost|p1a: Glimmora|spa|1
|-enditem|p1a: Glimmora|Power Herb
|-anim|p1a: Glimmora|Meteor Beam|p2a: Mew
|-damage|p2a: Mew|23/100
|move|p2a: Mew|Fire Spin|p1a: Glimmora|[miss]
|-miss|p2a: Mew|p1a: Glimmora
|
|-heal|p2a: Mew|29/100|[from] item: Leftovers
|upkeep
|turn|4
|
|t:|1757823381
|move|p1a: Glimmora|Sludge Wave|p2a: Mew
|-supereffective|p2a: Mew
|-damage|p2a: Mew|0 fnt
|faint|p2a: Mew
|
|upkeep
|l| caracolvolador
|
|t:|1757823391
|switch|p2a: Ditto|Ditto|100/100
|-activate|p2a: Ditto|move: Sticky Web
|-unboost|p2a: Ditto|spe|1
|-transform|p2a: Ditto|p1a: Glimmora|[from] ability: Imposter
|turn|5
|
|t:|1757823400
|-terastallize|p1a: Glimmora|Flying
|move|p2a: Ditto|Earth Power|p1a: Glimmora
|-immune|p1a: Glimmora
|move|p1a: Glimmora|Earth Power|p2a: Ditto
|-supereffective|p2a: Ditto
|-damage|p2a: Ditto|0 fnt
|faint|p2a: Ditto
|
|upkeep
|
|t:|1757823405
|switch|p2a: Ceruledge|Ceruledge, F|100/100
|-activate|p2a: Ceruledge|move: Sticky Web
|-unboost|p2a: Ceruledge|spe|1
|turn|6
|
|t:|1757823408
|move|p1a: Glimmora|Earth Power|p2a: Ceruledge
|-supereffective|p2a: Ceruledge
|-enditem|p2a: Ceruledge|Focus Sash
|-damage|p2a: Ceruledge|1/100
|move|p2a: Ceruledge|Swords Dance|p2a: Ceruledge
|-boost|p2a: Ceruledge|atk|2
|
|upkeep
|turn|7
|-message|lacoperon0109 forfeited.
|
|win|yiht
|raw|yiht's rating: 1264 &rarr; <strong>1292</strong><br />(+28 for winning)
|raw|lacoperon0109's rating: 1308 &rarr; <strong>1285</strong><br />(-23 for losing)
|l|☆lacoperon0109
|player|p2|
|l|☆yiht
|player|p1|
