|j|☆henry151th
|j|☆2011 jonah hill
|t:|1757822977
|gametype|singles
|player|p1|henry151th|wallace|1505
|player|p2|2011 jonah hill|101|1453
|gen|9
|tier|[Gen 9] OU
|rated|
|rule|HP Percentage Mod: HP is shown in percentages
|rule|Endless Battle Clause: Forcing endless battles is banned
|rule|Species Clause: Limit one of each Pokémon
|rule|OHKO Clause: OHKO moves are banned
|rule|Evasion Items Clause: Evasion items are banned
|rule|Evasion Moves Clause: Evasion moves are banned
|rule|Evasion Abilities Clause: Evasion abilities are banned
|rule|Sleep Moves Clause: Sleep-inducing moves are banned
|clearpoke
|poke|p1|Dragapult, M|
|poke|p1|Glimmora, M|
|poke|p1|Comfey, M|
|poke|p1|Kingambit, M|
|poke|p1|Ogerpon-Wellspring, F|
|poke|p1|Blaziken, M|
|poke|p2|Lokix, F|
|poke|p2|Iron Crown|
|poke|p2|Zapdos|
|poke|p2|Alomomola, M|
|poke|p2|Great Tusk|
|poke|p2|Dragapult, F|
|teampreview
|inactive|Battle timer is ON: inactive players will automatically lose when time's up. (requested by henry151th)
|
|t:|1757822995
|teamsize|p1|6
|teamsize|p2|6
|start
|switch|p1a: Blaziken|Blaziken, M, shiny|100/100
|switch|p2a: Great Tusk|Great Tusk|100/100
|turn|1
|
|t:|1757822999
|switch|p1a: Ogerpon|Ogerpon-Wellspring, F|100/100
|move|p2a: Great Tusk|Stealth Rock|p1a: Ogerpon
|-sidestart|p1: henry151th|move: Stealth Rock
|
|upkeep
|turn|2
|
|t:|1757823004
|-end|p2a: Great Tusk|Protosynthesis|[silent]
|switch|p2a: Zapdos|Zapdos|100/100
|move|p1a: Ogerpon|Ivy Cudgel|p2a: Zapdos|[anim] Ivy Cudgel Water
|-damage|p2a: Zapdos|61/100
|
|upkeep
|turn|3
|
|t:|1757823010
|move|p1a: Ogerpon|U-turn|p2a: Zapdos
|-resisted|p2a: Zapdos
|-damage|p2a: Zapdos|51/100
|
|t:|1757823013
|switch|p1a: Glimmora|Glimmora, M, shiny|100/100|[from] U-turn
|-damage|p1a: Glimmora|88/100|[from] Stealth Rock
|move|p2a: Zapdos|Roost|p2a: Zapdos
|-heal|p2a: Zapdos|100/100
|-singleturn|p2a: Zapdos|move: Roost
|
|upkeep
|turn|4
|
|t:|1757823016
|move|p2a: Zapdos|Volt Switch|p1a: Glimmora
|-damage|p1a: Glimmora|58/100
|-enditem|p1a: Glimmora|Red Card|[of] p2a: Zapdos
|drag|p2a: Lokix|Lokix, F|100/100
|move|p1a: Glimmora|Mortal Spin|p2a: Lokix
|-damage|p2a: Lokix|93/100
|-status|p2a: Lokix|psn
|-sideend|p1: henry151th|Stealth Rock|[from] move: Mortal Spin|[of] p1a: Glimmora
|
|-damage|p2a: Lokix|80/100 psn|[from] psn
|upkeep
|turn|5
|
|t:|1757823024
|move|p2a: Lokix|U-turn|p1a: Glimmora
|-resisted|p1a: Glimmora
|-damage|p1a: Glimmora|35/100
|-activate|p1a: Glimmora|ability: Toxic Debris
|-sidestart|p2: 2011 jonah hill|move: Toxic Spikes
|
|t:|1757823025
|switch|p2a: Great Tusk|Great Tusk|100/100|[from] U-turn
|-status|p2a: Great Tusk|psn
|move|p1a: Glimmora|Stealth Rock|p2a: Great Tusk
|-sidestart|p2: 2011 jonah hill|move: Stealth Rock
|
|-damage|p2a: Great Tusk|88/100 psn|[from] psn
|upkeep
|turn|6
|
|t:|1757823029
|switch|p1a: Dragapult|Dragapult, M, shiny|100/100
|move|p2a: Great Tusk|Rapid Spin|p1a: Dragapult
|-immune|p1a: Dragapult
|
|-damage|p2a: Great Tusk|76/100 psn|[from] psn
|upkeep
|turn|7
|
|t:|1757823039
|-end|p2a: Great Tusk|Protosynthesis|[silent]
|switch|p2a: Zapdos|Zapdos|100/100
|move|p1a: Dragapult|Shadow Ball|p2a: Zapdos
|-damage|p2a: Zapdos|59/100
|-damage|p1a: Dragapult|91/100|[from] item: Life Orb
|
|upkeep
|turn|8
|
|t:|1757823045
|move|p1a: Dragapult|Dragon Darts|p2a: Zapdos
|-damage|p2a: Zapdos|39/100
|-anim|p1a: Dragapult|Dragon Darts|p2a: Zapdos
|-damage|p2a: Zapdos|20/100
|-damage|p1a: Dragapult|81/100|[from] item: Life Orb
|move|p2a: Zapdos|Thunder Wave|p1a: Dragapult
|-status|p1a: Dragapult|par
|
|upkeep
|turn|9
|
|t:|1757823053
|move|p2a: Zapdos|Roost|p2a: Zapdos
|-heal|p2a: Zapdos|70/100
|-singleturn|p2a: Zapdos|move: Roost
|move|p1a: Dragapult|Draco Meteor|p2a: Zapdos
|-damage|p2a: Zapdos|0 fnt
|-unboost|p1a: Dragapult|spa|2
|faint|p2a: Zapdos
|-damage|p1a: Dragapult|71/100 par|[from] item: Life Orb
|
|upkeep
|
|t:|1757823059
|switch|p2a: Lokix|Lokix, F|80/100 psn
|turn|10
|
|t:|1757823062
|move|p2a: Lokix|U-turn|p1a: Dragapult
|-resisted|p1a: Dragapult
|-damage|p1a: Dragapult|26/100 par
|
|t:|1757823066
|switch|p2a: Iron Crown|Iron Crown|100/100|[from] U-turn
|-damage|p2a: Iron Crown|94/100|[from] Stealth Rock
|cant|p1a: Dragapult|par
|
|upkeep
|turn|11
|
|t:|1757823069
|move|p2a: Iron Crown|Tachyon Cutter|p1a: Dragapult
|-damage|p1a: Dragapult|0 fnt
|faint|p1a: Dragapult
|-hitcount|p1: Dragapult|1
|
|upkeep
|
|t:|1757823071
|switch|p1a: Blaziken|Blaziken, M, shiny|100/100
|turn|12
|
|t:|1757823082
|-end|p2a: Iron Crown|Quark Drive|[silent]
|switch|p2a: Great Tusk|Great Tusk|76/100 psn
|-damage|p2a: Great Tusk|73/100 psn|[from] Stealth Rock
|move|p1a: Blaziken|Protect||[still]
|-fail|p1a: Blaziken
|
|-damage|p2a: Great Tusk|60/100 psn|[from] psn
|-ability|p1a: Blaziken|Speed Boost|boost
|-boost|p1a: Blaziken|spe|1
|upkeep
|turn|13
|
|t:|1757823087
|move|p1a: Blaziken|Protect|p1a: Blaziken
|-singleturn|p1a: Blaziken|Protect
|move|p2a: Great Tusk|Rapid Spin|p1a: Blaziken
|-activate|p1a: Blaziken|move: Protect
|
|-damage|p2a: Great Tusk|48/100 psn|[from] psn
|-ability|p1a: Blaziken|Speed Boost|boost
|-boost|p1a: Blaziken|spe|1
|upkeep
|turn|14
|
|t:|1757823089
|move|p1a: Blaziken|Close Combat|p2a: Great Tusk
|-damage|p2a: Great Tusk|7/100 psn
|-unboost|p1a: Blaziken|def|1
|-unboost|p1a: Blaziken|spd|1
|-damage|p1a: Blaziken|84/100|[from] item: Rocky Helmet|[of] p2a: Great Tusk
|-damage|p1a: Blaziken|74/100|[from] item: Life Orb
|move|p2a: Great Tusk|Rapid Spin|p1a: Blaziken
|-damage|p1a: Blaziken|39/100
|-boost|p2a: Great Tusk|spe|1
|-sideend|p2: 2011 jonah hill|Toxic Spikes|[from] move: Rapid Spin|[of] p2a: Great Tusk
|-sideend|p2: 2011 jonah hill|Stealth Rock|[from] move: Rapid Spin|[of] p2a: Great Tusk
|
|-damage|p2a: Great Tusk|0 fnt|[from] psn
|faint|p2a: Great Tusk
|-end|p2a: Great Tusk|Protosynthesis|[silent]
|-ability|p1a: Blaziken|Speed Boost|boost
|-boost|p1a: Blaziken|spe|1
|upkeep
|
|t:|1757823094
|switch|p2a: Alomomola|Alomomola, M|100/100
|turn|15
|
|t:|1757823096
|move|p1a: Blaziken|Close Combat|p2a: Alomomola
|-damage|p2a: Alomomola|48/100
|-unboost|p1a: Blaziken|def|1
|-unboost|p1a: Blaziken|spd|1
|-damage|p1a: Blaziken|29/100|[from] item: Life Orb
|move|p2a: Alomomola|Flip Turn|p1a: Blaziken
|-supereffective|p1a: Blaziken
|-crit|p1a: Blaziken
|-damage|p1a: Blaziken|0 fnt
|faint|p1a: Blaziken
|
|t:|1757823101
|switch|p2a: Dragapult|Dragapult, F|100/100|[from] Flip Turn
|
|upkeep
|
|t:|1757823104
|switch|p1a: Comfey|Comfey, M, shiny|100/100
|turn|16
|
|t:|1757823110
|switch|p2a: Iron Crown|Iron Crown|94/100
|move|p1a: Comfey|Calm Mind|p1a: Comfey
|-boost|p1a: Comfey|spa|1
|-boost|p1a: Comfey|spd|1
|
|upkeep
|turn|17
|
|t:|1757823115
|-terastallize|p2a: Iron Crown|Steel
|-terastallize|p1a: Comfey|Ground
|move|p2a: Iron Crown|Tachyon Cutter|p1a: Comfey
|-damage|p1a: Comfey|66/100
|-damage|p1a: Comfey|33/100
|-hitcount|p1a: Comfey|2
|move|p1a: Comfey|Tera Blast|p2a: Iron Crown|[anim] Tera Blast Ground
|-supereffective|p2a: Iron Crown
|-damage|p2a: Iron Crown|0 fnt
|faint|p2a: Iron Crown
|-end|p2a: Iron Crown|Quark Drive|[silent]
|-damage|p1a: Comfey|23/100|[from] item: Life Orb
|
|upkeep
|
|t:|1757823122
|switch|p2a: Lokix|Lokix, F|80/100 psn
|turn|18
|
|t:|1757823123
|move|p1a: Comfey|Draining Kiss|p2a: Lokix
|-supereffective|p2a: Lokix
|-damage|p2a: Lokix|0 fnt
|-heal|p1a: Comfey|85/100|[from] drain|[of] p2a: Lokix
|faint|p2a: Lokix
|-damage|p1a: Comfey|75/100|[from] item: Life Orb
|
|upkeep
|-message|2011 jonah hill forfeited.
|
|win|henry151th
|raw|henry151th's rating: 1505 &rarr; <strong>1522</strong><br />(+17 for winning)
|raw|2011 jonah hill's rating: 1453 &rarr; <strong>1436</strong><br />(-17 for losing)
|l|☆2011 jonah hill
|player|p2|
