|j|☆biggiech33se246
|j|☆doomfletch
|t:|1757952342
|gametype|singles
|player|p1|biggiech33se246|101|1386
|player|p2|doomfletch|101|1401
|gen|9
|tier|[Gen 9] OU
|rated|
|rule|HP Percentage Mod: HP is shown in percentages
|rule|Endless Battle Clause: Forcing endless battles is banned
|rule|Species Clause: Limit one of each Pokémon
|rule|OHKO Clause: OHKO moves are banned
|rule|Evasion Items Clause: Evasion items are banned
|rule|Evasion Moves Clause: Evasion moves are banned
|rule|Evasion Abilities Clause: Evasion abilities are banned
|rule|Sleep Moves Clause: Sleep-inducing moves are banned
|clearpoke
|poke|p1|Landorus-Therian, M|
|poke|p1|Samurott-Hisui, F|
|poke|p1|Pecharunt|
|poke|p1|Scizor, F|
|poke|p1|Latios, M|
|poke|p1|Zamazenta-*|
|poke|p2|Hydreigon, M|
|poke|p2|Slowking-Galar, M|
|poke|p2|Great Tusk|
|poke|p2|Corviknight, M|
|poke|p2|Crawdaunt, F|
|poke|p2|Raikou|
|teampreview
|inactive|Battle timer is ON: inactive players will automatically lose when time's up. (requested by biggiech33se246)
|
|t:|1757952352
|teamsize|p1|6
|teamsize|p2|6
|start
|switch|p1a: Landorus|Landorus-Therian, M|100/100
|switch|p2a: Raikou|Raikou|100/100
|-ability|p1a: Landorus|Intimidate|boost
|-fail|p2a: Raikou|unboost|Attack|[from] ability: Inner Focus|[of] p2a: Raikou
|turn|1
|
|t:|1757952358
|move|p2a: Raikou|Scald|p1a: Landorus
|-supereffective|p1a: Landorus
|-damage|p1a: Landorus|44/100
|move|p1a: Landorus|Stealth Rock|p2a: Raikou
|-sidestart|p2: doomfletch|move: Stealth Rock
|
|upkeep
|turn|2
|
|t:|1757952366
|switch|p1a: Latios|Latios, M|100/100
|move|p2a: Raikou|Scald|p1a: Latios
|-resisted|p1a: Latios
|-damage|p1a: Latios|87/100
|
|upkeep
|turn|3
|
|t:|1757952372
|move|p2a: Raikou|Volt Switch|p1a: Latios
|-resisted|p1a: Latios
|-damage|p1a: Latios|70/100
|
|t:|1757952378
|switch|p2a: Slowking|Slowking-Galar, M|100/100|[from] Volt Switch
|-damage|p2a: Slowking|88/100|[from] Stealth Rock
|move|p1a: Latios|Draco Meteor|p2a: Slowking
|-damage|p2a: Slowking|45/100
|-unboost|p1a: Latios|spa|2
|
|upkeep
|turn|4
|
|t:|1757952387
|switch|p1a: Samurott|Samurott-Hisui, F|100/100
|move|p2a: Slowking|Sludge Bomb|p1a: Samurott
|-damage|p1a: Samurott|59/100
|
|upkeep
|turn|5
|
|t:|1757952392
|switch|p2a: Corviknight|Corviknight, M|100/100
|-damage|p2a: Corviknight|88/100|[from] Stealth Rock
|-ability|p2a: Corviknight|Pressure
|move|p1a: Samurott|Ceaseless Edge|p2a: Corviknight
|-crit|p2a: Corviknight
|-damage|p2a: Corviknight|46/100
|-damage|p1a: Samurott|43/100|[from] item: Rocky Helmet|[of] p2a: Corviknight
|-sidestart|p2: doomfletch|Spikes
|
|upkeep
|turn|6
|
|t:|1757952402
|switch|p1a: Landorus|Landorus-Therian, M|44/100
|-ability|p1a: Landorus|Intimidate|boost
|-unboost|p2a: Corviknight|atk|1
|move|p2a: Corviknight|Roost|p2a: Corviknight
|-heal|p2a: Corviknight|96/100
|-singleturn|p2a: Corviknight|move: Roost
|
|upkeep
|turn|7
|
|t:|1757952409
|move|p1a: Landorus|Smack Down|p2a: Corviknight
|-damage|p2a: Corviknight|87/100
|-start|p2a: Corviknight|Smack Down
|move|p2a: Corviknight|U-turn|p1a: Landorus
|-resisted|p1a: Landorus
|-damage|p1a: Landorus|39/100
|-damage|p2a: Corviknight|70/100|[from] item: Rocky Helmet|[of] p1a: Landorus
|
|t:|1757952435
|switch|p2a: Raikou|Raikou|100/100|[from] U-turn
|
|upkeep
|turn|8
|
|t:|1757952444
|switch|p1a: Latios|Latios, M|70/100
|move|p2a: Raikou|Scald|p1a: Latios
|-resisted|p1a: Latios
|-damage|p1a: Latios|57/100
|
|upkeep
|turn|9
|
|t:|1757952451
|move|p2a: Raikou|Volt Switch|p1a: Latios
|-resisted|p1a: Latios
|-damage|p1a: Latios|39/100
|
|t:|1757952455
|switch|p2a: Slowking|Slowking-Galar, M|79/100|[from] Volt Switch
|-damage|p2a: Slowking|66/100|[from] Stealth Rock
|-damage|p2a: Slowking|54/100|[from] Spikes
|move|p1a: Latios|Recover|p1a: Latios
|-heal|p1a: Latios|89/100
|
|upkeep
|turn|10
|
|t:|1757952464
|move|p1a: Latios|Draco Meteor|p2a: Slowking
|-damage|p2a: Slowking|12/100
|-unboost|p1a: Latios|spa|2
|move|p2a: Slowking|Sludge Bomb|p1a: Latios
|-damage|p1a: Latios|45/100
|-status|p1a: Latios|psn
|
|-damage|p1a: Latios|33/100 psn|[from] psn
|upkeep
|turn|11
|
|t:|1757952476
|switch|p2a: Raikou|Raikou|100/100
|move|p1a: Latios|Recover|p1a: Latios
|-heal|p1a: Latios|83/100 psn
|
|-damage|p1a: Latios|71/100 psn|[from] psn
|upkeep
|turn|12
|
|t:|1757952482
|move|p2a: Raikou|Calm Mind|p2a: Raikou
|-boost|p2a: Raikou|spa|1
|-boost|p2a: Raikou|spd|1
|move|p1a: Latios|Recover|p1a: Latios
|-heal|p1a: Latios|100/100 psn
|
|-damage|p1a: Latios|88/100 psn|[from] psn
|upkeep
|turn|13
|
|t:|1757952490
|move|p2a: Raikou|Thunderbolt|p1a: Latios
|-resisted|p1a: Latios
|-damage|p1a: Latios|54/100 psn
|move|p1a: Latios|Calm Mind|p1a: Latios
|-boost|p1a: Latios|spa|1
|-boost|p1a: Latios|spd|1
|
|-damage|p1a: Latios|42/100 psn|[from] psn
|upkeep
|turn|14
|
|t:|1757952498
|move|p2a: Raikou|Thunderbolt|p1a: Latios
|-resisted|p1a: Latios
|-damage|p1a: Latios|19/100 psn
|move|p1a: Latios|Recover|p1a: Latios
|-heal|p1a: Latios|70/100 psn
|
|-damage|p1a: Latios|57/100 psn|[from] psn
|upkeep
|turn|15
|
|t:|1757952505
|move|p2a: Raikou|Thunderbolt|p1a: Latios
|-resisted|p1a: Latios
|-damage|p1a: Latios|36/100 psn
|move|p1a: Latios|Recover|p1a: Latios
|-heal|p1a: Latios|86/100 psn
|
|-damage|p1a: Latios|74/100 psn|[from] psn
|upkeep
|turn|16
|
|t:|1757952513
|move|p2a: Raikou|Volt Switch|p1a: Latios
|-resisted|p1a: Latios
|-crit|p1a: Latios
|-damage|p1a: Latios|34/100 psn
|
|t:|1757952517
|switch|p2a: Corviknight|Corviknight, M|70/100|[from] Volt Switch
|-damage|p2a: Corviknight|58/100|[from] Stealth Rock
|-ability|p2a: Corviknight|Pressure
|move|p1a: Latios|Calm Mind|p1a: Latios
|-boost|p1a: Latios|spa|1
|-boost|p1a: Latios|spd|1
|
|-damage|p1a: Latios|22/100 psn|[from] psn
|upkeep
|turn|17
|
|t:|1757952535
|switch|p1a: Landorus|Landorus-Therian, M|39/100
|-ability|p1a: Landorus|Intimidate|boost
|-unboost|p2a: Corviknight|atk|1
|move|p2a: Corviknight|Roost|p2a: Corviknight
|-heal|p2a: Corviknight|100/100
|-singleturn|p2a: Corviknight|move: Roost
|
|upkeep
|turn|18
|
|t:|1757952558
|move|p1a: Landorus|U-turn|p2a: Corviknight
|-resisted|p2a: Corviknight
|-damage|p2a: Corviknight|97/100
|-damage|p1a: Landorus|23/100|[from] item: Rocky Helmet|[of] p2a: Corviknight
|
|t:|1757952568
|switch|p1a: Pecharunt|Pecharunt|100/100|[from] U-turn
|move|p2a: Corviknight|Iron Defense|p2a: Corviknight
|-boost|p2a: Corviknight|def|2
|
|upkeep
|turn|19
|
|t:|1757952574
|move|p1a: Pecharunt|Shadow Ball|p2a: Corviknight
|-damage|p2a: Corviknight|75/100
|move|p2a: Corviknight|U-turn|p1a: Pecharunt
|-resisted|p1a: Pecharunt
|-damage|p1a: Pecharunt|99/100
|
|t:|1757952580
|switch|p2a: Great Tusk|Great Tusk|100/100|[from] U-turn
|-damage|p2a: Great Tusk|98/100|[from] Stealth Rock
|-damage|p2a: Great Tusk|85/100|[from] Spikes
|
|upkeep
|turn|20
|
|t:|1757952591
|move|p2a: Great Tusk|Rapid Spin|p1a: Pecharunt
|-immune|p1a: Pecharunt
|move|p1a: Pecharunt|Shadow Ball|p2a: Great Tusk
|-damage|p2a: Great Tusk|49/100
|-unboost|p2a: Great Tusk|spd|1
|
|upkeep
|turn|21
|
|t:|1757952599
|-end|p2a: Great Tusk|Protosynthesis|[silent]
|switch|p2a: Hydreigon|Hydreigon, M|100/100
|-damage|p2a: Hydreigon|88/100|[from] Stealth Rock
|move|p1a: Pecharunt|Shadow Ball|p2a: Hydreigon
|-resisted|p2a: Hydreigon
|-damage|p2a: Hydreigon|75/100
|-unboost|p2a: Hydreigon|spd|1
|
|-heal|p2a: Hydreigon|81/100|[from] item: Leftovers
|upkeep
|turn|22
|
|t:|1757952609
|switch|p1a: Samurott|Samurott-Hisui, F|43/100
|move|p2a: Hydreigon|Substitute|p2a: Hydreigon
|-start|p2a: Hydreigon|Substitute
|-damage|p2a: Hydreigon|56/100
|
|-heal|p2a: Hydreigon|62/100|[from] item: Leftovers
|upkeep
|turn|23
|
|t:|1757952616
|move|p2a: Hydreigon|Dark Pulse|p1a: Samurott
|-resisted|p1a: Samurott
|-damage|p1a: Samurott|22/100
|cant|p1a: Samurott|flinch
|
|-heal|p2a: Hydreigon|68/100|[from] item: Leftovers
|upkeep
|turn|24
|
|t:|1757952623
|move|p2a: Hydreigon|Dark Pulse|p1a: Samurott
|-resisted|p1a: Samurott
|-damage|p1a: Samurott|0 fnt
|faint|p1a: Samurott
|
|-heal|p2a: Hydreigon|74/100|[from] item: Leftovers
|upkeep
|
|t:|1757952632
|switch|p1a: Zamazenta|Zamazenta|100/100
|-ability|p1a: Zamazenta|Dauntless Shield|boost
|-boost|p1a: Zamazenta|def|1
|turn|25
|
|t:|1757952638
|move|p1a: Zamazenta|Body Press|p2a: Hydreigon
|-supereffective|p2a: Hydreigon
|-end|p2a: Hydreigon|Substitute
|move|p2a: Hydreigon|Nasty Plot|p2a: Hydreigon
|-boost|p2a: Hydreigon|spa|2
|
|-heal|p2a: Hydreigon|80/100|[from] item: Leftovers
|upkeep
|turn|26
|inactive|doomfletch has 120 seconds left.
|
|t:|1757952671
|switch|p2a: Corviknight|Corviknight, M|75/100
|-damage|p2a: Corviknight|63/100|[from] Stealth Rock
|-ability|p2a: Corviknight|Pressure
|move|p1a: Zamazenta|Body Press|p2a: Corviknight
|-damage|p2a: Corviknight|29/100
|-damage|p1a: Zamazenta|84/100|[from] item: Rocky Helmet|[of] p2a: Corviknight
|
|-heal|p1a: Zamazenta|90/100|[from] item: Leftovers
|upkeep
|turn|27
|inactive|doomfletch has 120 seconds left.
|
|t:|1757952682
|-terastallize|p2a: Corviknight|Ghost
|move|p1a: Zamazenta|Body Press|p2a: Corviknight
|-immune|p2a: Corviknight
|move|p2a: Corviknight|Roost|p2a: Corviknight
|-heal|p2a: Corviknight|79/100
|
|-heal|p1a: Zamazenta|96/100|[from] item: Leftovers
|upkeep
|turn|28
|
|t:|1757952690
|move|p1a: Zamazenta|Crunch|p2a: Corviknight
|-supereffective|p2a: Corviknight
|-damage|p2a: Corviknight|56/100
|-damage|p1a: Zamazenta|80/100|[from] item: Rocky Helmet|[of] p2a: Corviknight
|move|p2a: Corviknight|Roost|p2a: Corviknight
|-heal|p2a: Corviknight|100/100
|
|-heal|p1a: Zamazenta|86/100|[from] item: Leftovers
|upkeep
|turn|29
|
|t:|1757952702
|move|p1a: Zamazenta|Crunch|p2a: Corviknight
|-supereffective|p2a: Corviknight
|-damage|p2a: Corviknight|76/100
|-unboost|p2a: Corviknight|def|1
|-damage|p1a: Zamazenta|69/100|[from] item: Rocky Helmet|[of] p2a: Corviknight
|move|p2a: Corviknight|U-turn|p1a: Zamazenta
|-resisted|p1a: Zamazenta
|-damage|p1a: Zamazenta|66/100
|
|t:|1757952712
|switch|p2a: Raikou|Raikou|100/100|[from] U-turn
|
|-heal|p1a: Zamazenta|72/100|[from] item: Leftovers
|upkeep
|turn|30
|
|t:|1757952718
|move|p2a: Raikou|Scald|p1a: Zamazenta
|-damage|p1a: Zamazenta|48/100
|move|p1a: Zamazenta|Roar|p2a: Raikou
|drag|p2a: Great Tusk|Great Tusk|49/100
|-damage|p2a: Great Tusk|46/100|[from] Stealth Rock
|-damage|p2a: Great Tusk|33/100|[from] Spikes
|
|-heal|p1a: Zamazenta|54/100|[from] item: Leftovers
|upkeep
|turn|31
|
|t:|1757952727
|switch|p1a: Pecharunt|Pecharunt|99/100
|move|p2a: Great Tusk|Headlong Rush|p1a: Pecharunt
|-supereffective|p1a: Pecharunt
|-damage|p1a: Pecharunt|22/100
|-unboost|p2a: Great Tusk|def|1
|-unboost|p2a: Great Tusk|spd|1
|
|upkeep
|turn|32
|
|t:|1757952738
|-end|p2a: Great Tusk|Protosynthesis|[silent]
|switch|p2a: Raikou|Raikou|100/100
|-terastallize|p1a: Pecharunt|Ghost
|move|p1a: Pecharunt|Shadow Ball|p2a: Raikou
|-damage|p2a: Raikou|65/100
|
|upkeep
|turn|33
|
|t:|1757952751
|switch|p1a: Latios|Latios, M|22/100 psn
|move|p2a: Raikou|Thunderbolt|p1a: Latios
|-resisted|p1a: Latios
|-damage|p1a: Latios|0 fnt
|faint|p1a: Latios
|
|upkeep
|
|t:|1757952752
|switch|p1a: Scizor|Scizor, F|100/100
|turn|34
|
|t:|1757952760
|move|p2a: Raikou|Volt Switch|p1a: Scizor
|-damage|p1a: Scizor|49/100
|
|t:|1757952787
|switch|p2a: Slowking|Slowking-Galar, M|45/100|[from] Volt Switch
|-damage|p2a: Slowking|33/100|[from] Stealth Rock
|-damage|p2a: Slowking|20/100|[from] Spikes
|move|p1a: Scizor|Knock Off|p2a: Slowking
|-supereffective|p2a: Slowking
|-damage|p2a: Slowking|0 fnt
|-enditem|p2a: Slowking|Assault Vest|[from] move: Knock Off|[of] p1a: Scizor
|faint|p2a: Slowking
|
|upkeep
|
|t:|1757952796
|switch|p2a: Raikou|Raikou|65/100
|turn|35
|
|t:|1757952800
|switch|p1a: Landorus|Landorus-Therian, M|23/100
|-ability|p1a: Landorus|Intimidate|boost
|-fail|p2a: Raikou|unboost|Attack|[from] ability: Inner Focus|[of] p2a: Raikou
|move|p2a: Raikou|Thunderbolt|p1a: Landorus
|-immune|p1a: Landorus
|
|upkeep
|turn|36
|
|t:|1757952806
|move|p2a: Raikou|Scald|p1a: Landorus
|-supereffective|p1a: Landorus
|-damage|p1a: Landorus|0 fnt
|faint|p1a: Landorus
|
|upkeep
|
|t:|1757952813
|switch|p1a: Zamazenta|Zamazenta|54/100
|turn|37
|
|t:|1757952842
|move|p1a: Zamazenta|Body Press|p2a: Raikou
|-damage|p2a: Raikou|12/100
|move|p2a: Raikou|Thunderbolt|p1a: Zamazenta
|-damage|p1a: Zamazenta|16/100
|
|-heal|p1a: Zamazenta|22/100|[from] item: Leftovers
|upkeep
|turn|38
|
|t:|1757952854
|move|p1a: Zamazenta|Body Press|p2a: Raikou
|-damage|p2a: Raikou|0 fnt
|faint|p2a: Raikou
|
|-heal|p1a: Zamazenta|28/100|[from] item: Leftovers
|upkeep
|
|t:|1757952861
|switch|p2a: Great Tusk|Great Tusk|33/100
|-damage|p2a: Great Tusk|30/100|[from] Stealth Rock
|-damage|p2a: Great Tusk|18/100|[from] Spikes
|turn|39
|
|t:|1757952868
|move|p2a: Great Tusk|Headlong Rush|p1a: Zamazenta
|-damage|p1a: Zamazenta|0 fnt
|-unboost|p2a: Great Tusk|def|1
|-unboost|p2a: Great Tusk|spd|1
|faint|p1a: Zamazenta
|
|upkeep
|
|t:|1757952875
|switch|p1a: Pecharunt|Pecharunt, tera:Ghost|22/100
|turn|40
|
|t:|1757952883
|move|p2a: Great Tusk|Headlong Rush|p1a: Pecharunt
|-crit|p1a: Pecharunt
|-damage|p1a: Pecharunt|0 fnt
|-unboost|p2a: Great Tusk|def|1
|-unboost|p2a: Great Tusk|spd|1
|faint|p1a: Pecharunt
|
|upkeep
|
|t:|1757952885
|switch|p1a: Scizor|Scizor, F|49/100
|turn|41
|
|t:|1757952892
|move|p1a: Scizor|Bullet Punch|p2a: Great Tusk
|-damage|p2a: Great Tusk|0 fnt
|faint|p2a: Great Tusk
|-end|p2a: Great Tusk|Protosynthesis|[silent]
|
|upkeep
|
|t:|1757952901
|switch|p2a: Corviknight|Corviknight, M, tera:Ghost|76/100
|-damage|p2a: Corviknight|64/100|[from] Stealth Rock
|-damage|p2a: Corviknight|52/100|[from] Spikes
|-ability|p2a: Corviknight|Pressure
|turn|42
|
|t:|1757952908
|move|p1a: Scizor|Knock Off|p2a: Corviknight
|-supereffective|p2a: Corviknight
|-damage|p2a: Corviknight|10/100
|-damage|p1a: Scizor|33/100|[from] item: Rocky Helmet|[of] p2a: Corviknight
|-enditem|p2a: Corviknight|Rocky Helmet|[from] move: Knock Off|[of] p1a: Scizor
|move|p2a: Corviknight|Body Press|p1a: Scizor
|-damage|p1a: Scizor|3/100
|
|upkeep
|turn|43
|
|t:|1757952915
|move|p1a: Scizor|Bullet Punch|p2a: Corviknight
|-crit|p2a: Corviknight
|-damage|p2a: Corviknight|0 fnt
|faint|p2a: Corviknight
|
|upkeep
|
|t:|1757952919
|switch|p2a: Crawdaunt|Crawdaunt, F|100/100
|-damage|p2a: Crawdaunt|88/100|[from] Stealth Rock
|-damage|p2a: Crawdaunt|76/100|[from] Spikes
|turn|44
|
|t:|1757952925
|move|p2a: Crawdaunt|Aqua Jet|p1a: Scizor
|-damage|p1a: Scizor|0 fnt
|faint|p1a: Scizor
|
|win|doomfletch
|raw|biggiech33se246's rating: 1386 &rarr; <strong>1367</strong><br />(-19 for losing)
|raw|doomfletch's rating: 1401 &rarr; <strong>1420</strong><br />(+19 for winning)
|l|☆doomfletch
|player|p2|
|l|☆biggiech33se246
|player|p1|
