|j|☆PrimeXStriker
|j|☆TheDeivi9
|t:|1757849263
|gametype|singles
|player|p1|PrimeXStriker|marshal|1478
|player|p2|TheDeivi9|265|1484
|gen|9
|tier|[Gen 9] OU
|rated|
|rule|HP Percentage Mod: HP is shown in percentages
|rule|Endless Battle Clause: Forcing endless battles is banned
|rule|Species Clause: Limit one of each Pokémon
|rule|OHKO Clause: OHKO moves are banned
|rule|Evasion Items Clause: Evasion items are banned
|rule|Evasion Moves Clause: Evasion moves are banned
|rule|Evasion Abilities Clause: Evasion abilities are banned
|rule|Sleep Moves Clause: Sleep-inducing moves are banned
|clearpoke
|poke|p1|Pawmot, F|
|poke|p1|Zamazenta-*|
|poke|p1|Tyranitar, F|
|poke|p1|Darkrai|
|poke|p1|Iron Valiant|
|poke|p1|Corviknight, F|
|poke|p2|Gliscor, M|
|poke|p2|Quagsire, F|
|poke|p2|Darkrai|
|poke|p2|Jirachi|
|poke|p2|Haunter, M|
|poke|p2|Cresselia, F|
|teampreview
|
|t:|1757849271
|teamsize|p1|6
|teamsize|p2|6
|start
|switch|p1a: Pawmot|Pawmot, F|100/100
|switch|p2a: Darkrai|Darkrai|100/100
|turn|1
|inactive|Battle timer is ON: inactive players will automatically lose when time's up. (requested by PrimeXStriker)
|
|t:|1757849281
|switch|p2a: Quagsire|Quagsire, F, shiny|100/100
|switch|p1a: Tyranitar|Tyranitar, F|100/100
|-weather|Sandstorm|[from] ability: Sand Stream|[of] p1a: Tyranitar
|
|-weather|Sandstorm|[upkeep]
|upkeep
|turn|2
|
|t:|1757849294
|move|p1a: Tyranitar|Knock Off|p2a: Quagsire
|-damage|p2a: Quagsire|58/100
|-enditem|p2a: Quagsire|Quick Claw|[from] move: Knock Off|[of] p1a: Tyranitar
|move|p2a: Quagsire|Earthquake|p1a: Tyranitar
|-supereffective|p1a: Tyranitar
|-damage|p1a: Tyranitar|40/100
|
|-weather|Sandstorm|[upkeep]
|-heal|p1a: Tyranitar|46/100|[from] item: Leftovers
|upkeep
|turn|3
|
|t:|1757849306
|switch|p1a: Corviknight|Corviknight, F|100/100
|-ability|p1a: Corviknight|Pressure
|move|p2a: Quagsire|Earthquake|p1a: Corviknight
|-immune|p1a: Corviknight
|
|-weather|Sandstorm|[upkeep]
|upkeep
|turn|4
|
|t:|1757849324
|move|p1a: Corviknight|U-turn|p2a: Quagsire
|-damage|p2a: Quagsire|43/100
|
|t:|1757849334
|switch|p1a: Darkrai|Darkrai|100/100|[from] U-turn
|move|p2a: Quagsire|Liquidation|p1a: Darkrai
|-damage|p1a: Darkrai|55/100
|
|-weather|Sandstorm|[upkeep]
|-damage|p1a: Darkrai|49/100|[from] Sandstorm
|upkeep
|turn|5
|
|t:|1757849357
|move|p1a: Darkrai|Dark Pulse|p2a: Quagsire
|-damage|p2a: Quagsire|0 fnt
|faint|p2a: Quagsire
|
|-weather|none
|upkeep
|
|t:|1757849366
|switch|p2a: Gliscor|Gliscor, M|100/100
|turn|6
|
|t:|1757849370
|move|p1a: Darkrai|Ice Beam|p2a: Gliscor
|-supereffective|p2a: Gliscor
|-damage|p2a: Gliscor|0 fnt
|faint|p2a: Gliscor
|
|upkeep
|
|t:|1757849373
|switch|p2a: Darkrai|Darkrai|100/100
|turn|7
|
|t:|1757849378
|move|p2a: Darkrai|Focus Blast|p1a: Darkrai
|-supereffective|p1a: Darkrai
|-damage|p1a: Darkrai|0 fnt
|faint|p1a: Darkrai
|
|upkeep
|
|t:|1757849385
|switch|p1a: Pawmot|Pawmot, F|100/100
|turn|8
|
|t:|1757849390
|switch|p2a: Haunter|Haunter, M, shiny|100/100
|move|p1a: Pawmot|Double Shock|p2a: Haunter
|-damage|p2a: Haunter|0 fnt
|-start|p1a: Pawmot|typechange|???/Fighting|[from] move: Double Shock
|faint|p2a: Haunter
|-damage|p1a: Pawmot|91/100|[from] item: Life Orb
|
|upkeep
|l|☆PrimeXStriker
|inactive|PrimeXStriker disconnected and has a minute to reconnect!
|player|p1|
|
|t:|1757849395
|switch|p2a: Cresselia|Cresselia, F|100/100
|turn|9
|j|☆PrimeXStriker
|inactive|PrimeXStriker reconnected and has 150 seconds left.
|player|p1|PrimeXStriker|marshal|
|
|t:|1757849401
|switch|p1a: Tyranitar|Tyranitar, F|46/100
|-weather|Sandstorm|[from] ability: Sand Stream|[of] p1a: Tyranitar
|move|p2a: Cresselia|Calm Mind|p2a: Cresselia
|-boost|p2a: Cresselia|spa|1
|-boost|p2a: Cresselia|spd|1
|
|-weather|Sandstorm|[upkeep]
|-damage|p2a: Cresselia|94/100|[from] Sandstorm
|-heal|p2a: Cresselia|100/100|[from] item: Leftovers
|-heal|p1a: Tyranitar|52/100|[from] item: Leftovers
|upkeep
|turn|10
|
|t:|1757849407
|-terastallize|p2a: Cresselia|Electric
|move|p2a: Cresselia|Thunderbolt|p1a: Tyranitar
|-damage|p1a: Tyranitar|32/100
|move|p1a: Tyranitar|Roar|p2a: Cresselia
|drag|p2a: Darkrai|Darkrai|100/100
|
|-weather|Sandstorm|[upkeep]
|-damage|p2a: Darkrai|94/100|[from] Sandstorm
|-heal|p1a: Tyranitar|38/100|[from] item: Leftovers
|upkeep
|turn|11
|
|t:|1757849423
|switch|p1a: Corviknight|Corviknight, F|100/100
|-ability|p1a: Corviknight|Pressure
|move|p2a: Darkrai|Focus Blast|p1a: Corviknight|[miss]
|-miss|p2a: Darkrai|p1a: Corviknight
|
|-weather|Sandstorm|[upkeep]
|-damage|p2a: Darkrai|88/100|[from] Sandstorm
|upkeep
|turn|12
|
|t:|1757849427
|move|p2a: Darkrai|Thunder|p1a: Corviknight
|-supereffective|p1a: Corviknight
|-damage|p1a: Corviknight|13/100
|-status|p1a: Corviknight|par
|cant|p1a: Corviknight|par
|
|-weather|Sandstorm|[upkeep]
|-damage|p2a: Darkrai|82/100|[from] Sandstorm
|upkeep
|turn|13
|
|t:|1757849438
|move|p2a: Darkrai|Dark Pulse|p1a: Corviknight
|-crit|p1a: Corviknight
|-damage|p1a: Corviknight|0 fnt
|faint|p1a: Corviknight
|
|-weather|none
|upkeep
|
|t:|1757849451
|switch|p1a: Zamazenta|Zamazenta|100/100
|-ability|p1a: Zamazenta|Dauntless Shield|boost
|-boost|p1a: Zamazenta|def|1
|turn|14
|
|t:|1757849461
|switch|p2a: Jirachi|Jirachi|100/100
|move|p1a: Zamazenta|Body Press|p2a: Jirachi
|-damage|p2a: Jirachi|54/100
|
|upkeep
|turn|15
|
|t:|1757849465
|move|p1a: Zamazenta|Crunch|p2a: Jirachi
|-supereffective|p2a: Jirachi
|-damage|p2a: Jirachi|14/100
|move|p2a: Jirachi|Body Slam|p1a: Zamazenta
|-crit|p1a: Zamazenta
|-damage|p1a: Zamazenta|72/100
|-status|p1a: Zamazenta|par
|
|-heal|p1a: Zamazenta|78/100 par|[from] item: Leftovers
|upkeep
|turn|16
|
|t:|1757849472
|move|p2a: Jirachi|Iron Head|p1a: Zamazenta
|-damage|p1a: Zamazenta|63/100 par
|cant|p1a: Zamazenta|flinch
|
|-heal|p1a: Zamazenta|69/100 par|[from] item: Leftovers
|upkeep
|turn|17
|
|t:|1757849474
|move|p2a: Jirachi|Iron Head|p1a: Zamazenta
|-damage|p1a: Zamazenta|53/100 par
|cant|p1a: Zamazenta|flinch
|
|-heal|p1a: Zamazenta|59/100 par|[from] item: Leftovers
|upkeep
|turn|18
|
|t:|1757849476
|move|p2a: Jirachi|Iron Head|p1a: Zamazenta
|-damage|p1a: Zamazenta|43/100 par
|cant|p1a: Zamazenta|par
|
|-heal|p1a: Zamazenta|49/100 par|[from] item: Leftovers
|upkeep
|turn|19
|
|t:|1757849478
|move|p2a: Jirachi|Iron Head|p1a: Zamazenta
|-damage|p1a: Zamazenta|31/100 par
|cant|p1a: Zamazenta|flinch
|
|-heal|p1a: Zamazenta|38/100 par|[from] item: Leftovers
|upkeep
|turn|20
|
|t:|1757849480
|move|p2a: Jirachi|Iron Head|p1a: Zamazenta
|-damage|p1a: Zamazenta|21/100 par
|move|p1a: Zamazenta|Crunch|p2a: Jirachi
|-supereffective|p2a: Jirachi
|-damage|p2a: Jirachi|0 fnt
|faint|p2a: Jirachi
|
|-heal|p1a: Zamazenta|28/100 par|[from] item: Leftovers
|upkeep
|
|t:|1757849483
|switch|p2a: Darkrai|Darkrai|82/100
|turn|21
|
|t:|1757849488
|move|p2a: Darkrai|Sludge Bomb|p1a: Zamazenta
|-crit|p1a: Zamazenta
|-damage|p1a: Zamazenta|0 fnt
|faint|p1a: Zamazenta
|
|upkeep
|
|t:|1757849491
|switch|p1a: Iron Valiant|Iron Valiant|100/100
|-enditem|p1a: Iron Valiant|Booster Energy
|-activate|p1a: Iron Valiant|ability: Quark Drive|[fromitem]
|-start|p1a: Iron Valiant|quarkdrivespe
|turn|22
|
|t:|1757849494
|move|p1a: Iron Valiant|Moonblast|p2a: Darkrai
|-supereffective|p2a: Darkrai
|-damage|p2a: Darkrai|0 fnt
|faint|p2a: Darkrai
|
|upkeep
|
|t:|1757849496
|switch|p2a: Cresselia|Cresselia, F, tera:Electric|100/100
|turn|23
|
|t:|1757849502
|-terastallize|p1a: Iron Valiant|Fairy
|move|p1a: Iron Valiant|Moonblast|p2a: Cresselia
|-damage|p2a: Cresselia|58/100
|move|p2a: Cresselia|Calm Mind|p2a: Cresselia
|-boost|p2a: Cresselia|spa|1
|-boost|p2a: Cresselia|spd|1
|
|-heal|p2a: Cresselia|64/100|[from] item: Leftovers
|upkeep
|turn|24
|
|t:|1757849507
|move|p1a: Iron Valiant|Moonblast|p2a: Cresselia
|-crit|p2a: Cresselia
|-damage|p2a: Cresselia|2/100
|move|p2a: Cresselia|Moonlight|p2a: Cresselia
|-heal|p2a: Cresselia|52/100
|
|-heal|p2a: Cresselia|58/100|[from] item: Leftovers
|upkeep
|turn|25
|
|t:|1757849512
|-end|p1a: Iron Valiant|Quark Drive|[silent]
|switch|p1a: Tyranitar|Tyranitar, F|38/100
|-weather|Sandstorm|[from] ability: Sand Stream|[of] p1a: Tyranitar
|move|p2a: Cresselia|Moonlight|p2a: Cresselia
|-heal|p2a: Cresselia|83/100
|
|-weather|Sandstorm|[upkeep]
|-damage|p2a: Cresselia|77/100|[from] Sandstorm
|-heal|p2a: Cresselia|83/100|[from] item: Leftovers
|-heal|p1a: Tyranitar|44/100|[from] item: Leftovers
|upkeep
|turn|26
|
|t:|1757849515
|move|p2a: Cresselia|Calm Mind|p2a: Cresselia
|-boost|p2a: Cresselia|spa|1
|-boost|p2a: Cresselia|spd|1
|move|p1a: Tyranitar|Knock Off|p2a: Cresselia
|-damage|p2a: Cresselia|54/100
|-enditem|p2a: Cresselia|Leftovers|[from] move: Knock Off|[of] p1a: Tyranitar
|
|-weather|Sandstorm|[upkeep]
|-damage|p2a: Cresselia|48/100|[from] Sandstorm
|-heal|p1a: Tyranitar|50/100|[from] item: Leftovers
|upkeep
|turn|27
|
|t:|1757849519
|move|p2a: Cresselia|Moonlight|p2a: Cresselia
|-heal|p2a: Cresselia|73/100
|move|p1a: Tyranitar|Knock Off|p2a: Cresselia
|-damage|p2a: Cresselia|55/100
|
|-weather|Sandstorm|[upkeep]
|-damage|p2a: Cresselia|48/100|[from] Sandstorm
|-heal|p1a: Tyranitar|57/100|[from] item: Leftovers
|upkeep
|turn|28
|
|t:|1757849525
|move|p2a: Cresselia|Thunderbolt|p1a: Tyranitar
|-damage|p1a: Tyranitar|30/100
|move|p1a: Tyranitar|Knock Off|p2a: Cresselia
|-damage|p2a: Cresselia|31/100
|
|-weather|Sandstorm|[upkeep]
|-damage|p2a: Cresselia|25/100|[from] Sandstorm
|-heal|p1a: Tyranitar|37/100|[from] item: Leftovers
|upkeep
|turn|29
|
|t:|1757849528
|move|p2a: Cresselia|Moonlight|p2a: Cresselia
|-heal|p2a: Cresselia|50/100
|move|p1a: Tyranitar|Knock Off|p2a: Cresselia
|-damage|p2a: Cresselia|32/100
|
|-weather|none
|-heal|p1a: Tyranitar|43/100|[from] item: Leftovers
|upkeep
|turn|30
|
|t:|1757849532
|switch|p1a: Iron Valiant|Iron Valiant, tera:Fairy|100/100
|move|p2a: Cresselia|Moonlight|p2a: Cresselia
|-heal|p2a: Cresselia|82/100
|
|upkeep
|turn|31
|
|t:|1757849535
|-end|p1a: Iron Valiant|Quark Drive|[silent]
|switch|p1a: Tyranitar|Tyranitar, F|43/100
|-weather|Sandstorm|[from] ability: Sand Stream|[of] p1a: Tyranitar
|move|p2a: Cresselia|Calm Mind|p2a: Cresselia
|-boost|p2a: Cresselia|spa|1
|-boost|p2a: Cresselia|spd|1
|
|-weather|Sandstorm|[upkeep]
|-damage|p2a: Cresselia|76/100|[from] Sandstorm
|-heal|p1a: Tyranitar|49/100|[from] item: Leftovers
|upkeep
|turn|32
|
|t:|1757849538
|move|p2a: Cresselia|Thunderbolt|p1a: Tyranitar
|-damage|p1a: Tyranitar|13/100
|-status|p1a: Tyranitar|par
|cant|p1a: Tyranitar|par
|
|-weather|Sandstorm|[upkeep]
|-damage|p2a: Cresselia|70/100|[from] Sandstorm
|-heal|p1a: Tyranitar|19/100 par|[from] item: Leftovers
|upkeep
|turn|33
|
|t:|1757849541
|switch|p1a: Pawmot|Pawmot, F|91/100
|move|p2a: Cresselia|Thunderbolt|p1a: Pawmot
|-heal|p1a: Pawmot|100/100|[from] ability: Volt Absorb|[of] p2a: Cresselia
|
|-weather|Sandstorm|[upkeep]
|-damage|p1a: Pawmot|94/100|[from] Sandstorm
|-damage|p2a: Cresselia|64/100|[from] Sandstorm
|upkeep
|turn|34
|
|t:|1757849547
|move|p1a: Pawmot|Close Combat|p2a: Cresselia
|-damage|p2a: Cresselia|12/100
|-unboost|p1a: Pawmot|def|1
|-unboost|p1a: Pawmot|spd|1
|-damage|p1a: Pawmot|84/100|[from] item: Life Orb
|move|p2a: Cresselia|Psyshock|p1a: Pawmot
|-supereffective|p1a: Pawmot
|-damage|p1a: Pawmot|0 fnt
|faint|p1a: Pawmot
|
|-weather|Sandstorm|[upkeep]
|-damage|p2a: Cresselia|6/100|[from] Sandstorm
|upkeep
|
|t:|1757849550
|switch|p1a: Iron Valiant|Iron Valiant, tera:Fairy|100/100
|turn|35
|
|t:|1757849553
|move|p1a: Iron Valiant|Close Combat|p2a: Cresselia
|-damage|p2a: Cresselia|0 fnt
|-unboost|p1a: Iron Valiant|def|1
|-unboost|p1a: Iron Valiant|spd|1
|faint|p2a: Cresselia
|
|win|PrimeXStriker
|raw|PrimeXStriker's rating: 1478 &rarr; <strong>1498</strong><br />(+20 for winning)
|raw|TheDeivi9's rating: 1484 &rarr; <strong>1464</strong><br />(-20 for losing)
|l|☆TheDeivi9
|player|p2|
|l|☆PrimeXStriker
|player|p1|
