|j|‽solascriptura1521
|j|☆hawker_mk5
|t:|1757863601
|gametype|singles
|player|p1|solascriptura1521|266|1550
|player|p2|hawker_mk5|volkner|1548
|gen|9
|tier|[Gen 9] OU
|rated|
|rule|HP Percentage Mod: HP is shown in percentages
|rule|Endless Battle Clause: Forcing endless battles is banned
|rule|Species Clause: Limit one of each Pokémon
|rule|OHKO Clause: OHKO moves are banned
|rule|Evasion Items Clause: Evasion items are banned
|rule|Evasion Moves Clause: Evasion moves are banned
|rule|Evasion Abilities Clause: Evasion abilities are banned
|rule|Sleep Moves Clause: Sleep-inducing moves are banned
|clearpoke
|poke|p1|Kyurem|
|poke|p1|Ceruledge, F|
|poke|p1|Iron Crown|
|poke|p1|Samurott-Hisui, F|
|poke|p1|Enamorus, F|
|poke|p1|Iron Treads|
|poke|p2|Scizor, F|
|poke|p2|Great Tusk|
|poke|p2|Primarina, F|
|poke|p2|Kyurem|
|poke|p2|Zapdos|
|poke|p2|Gengar, F|
|teampreview
|inactive|Battle timer is ON: inactive players will automatically lose when time's up. (requested by hawker_mk5)
|
|t:|1757863612
|teamsize|p1|6
|teamsize|p2|6
|start
|switch|p1a: Samurott|Samurott-Hisui, F|100/100
|switch|p2a: Scizor|Scizor, F|100/100
|turn|1
|
|t:|1757863616
|move|p1a: Samurott|Ceaseless Edge|p2a: Scizor
|-damage|p2a: Scizor|56/100
|-sidestart|p2: hawker_mk5|Spikes
|move|p2a: Scizor|U-turn|p1a: Samurott
|-supereffective|p1a: Samurott
|-enditem|p1a: Samurott|Focus Sash
|-damage|p1a: Samurott|1/100
|
|t:|1757863623
|switch|p2a: Great Tusk|Great Tusk|100/100|[from] U-turn
|-damage|p2a: Great Tusk|88/100|[from] Spikes
|
|-heal|p2a: Great Tusk|94/100|[from] item: Leftovers
|upkeep
|turn|2
|
|t:|1757863634
|switch|p1a: Ceruledge|Ceruledge, F|100/100
|move|p2a: Great Tusk|Headlong Rush|p1a: Ceruledge
|-supereffective|p1a: Ceruledge
|-damage|p1a: Ceruledge|0 fnt
|-unboost|p2a: Great Tusk|def|1
|-unboost|p2a: Great Tusk|spd|1
|faint|p1a: Ceruledge
|
|-heal|p2a: Great Tusk|100/100|[from] item: Leftovers
|upkeep
|
|t:|1757863647
|switch|p1a: Kyurem|Kyurem|100/100
|-ability|p1a: Kyurem|Pressure
|turn|3
|
|t:|1757863658
|-end|p2a: Great Tusk|Protosynthesis|[silent]
|switch|p2a: Scizor|Scizor, F|56/100
|-damage|p2a: Scizor|44/100|[from] Spikes
|move|p1a: Kyurem|Freeze-Dry|p2a: Scizor
|-resisted|p2a: Scizor
|-damage|p2a: Scizor|10/100
|
|upkeep
|turn|4
|
|t:|1757863663
|switch|p1a: Samurott|Samurott-Hisui, F|1/100
|move|p2a: Scizor|Bullet Punch|p1a: Samurott
|-resisted|p1a: Samurott
|-damage|p1a: Samurott|0 fnt
|faint|p1a: Samurott
|
|upkeep
|
|t:|1757863670
|switch|p1a: Iron Crown|Iron Crown|100/100
|-enditem|p1a: Iron Crown|Booster Energy
|-activate|p1a: Iron Crown|ability: Quark Drive|[fromitem]
|-start|p1a: Iron Crown|quarkdrivespa
|turn|5
|
|t:|1757863679
|switch|p2a: Zapdos|Zapdos|100/100
|move|p1a: Iron Crown|Tachyon Cutter|p2a: Zapdos
|-resisted|p2a: Zapdos
|-damage|p2a: Zapdos|86/100
|-resisted|p2a: Zapdos
|-damage|p2a: Zapdos|71/100
|-hitcount|p2a: Zapdos|2
|
|upkeep
|turn|6
|
|t:|1757863685
|move|p1a: Iron Crown|Psychic|p2a: Zapdos
|-damage|p2a: Zapdos|13/100
|move|p2a: Zapdos|Discharge|p1a: Iron Crown
|-damage|p1a: Iron Crown|55/100
|
|upkeep
|turn|7
|
|t:|1757863691
|move|p1a: Iron Crown|Tachyon Cutter|p2a: Zapdos
|-resisted|p2a: Zapdos
|-damage|p2a: Zapdos|0 fnt
|faint|p2a: Zapdos
|-hitcount|p2: Zapdos|1
|
|upkeep
|
|t:|1757863693
|switch|p2a: Gengar|Gengar, F|100/100
|-damage|p2a: Gengar|88/100|[from] Spikes
|turn|8
|
|t:|1757863707
|move|p2a: Gengar|Shadow Ball|p1a: Iron Crown
|-supereffective|p1a: Iron Crown
|-damage|p1a: Iron Crown|0 fnt
|faint|p1a: Iron Crown
|-end|p1a: Iron Crown|Quark Drive|[silent]
|
|upkeep
|
|t:|1757863715
|switch|p1a: Iron Treads|Iron Treads|100/100
|turn|9
|
|t:|1757863723
|switch|p2a: Great Tusk|Great Tusk|100/100
|-damage|p2a: Great Tusk|88/100|[from] Spikes
|move|p1a: Iron Treads|Earthquake|p2a: Great Tusk
|-damage|p2a: Great Tusk|55/100
|
|-heal|p2a: Great Tusk|62/100|[from] item: Leftovers
|upkeep
|turn|10
|
|t:|1757863731
|move|p1a: Iron Treads|Earthquake|p2a: Great Tusk
|-damage|p2a: Great Tusk|26/100
|move|p2a: Great Tusk|Rapid Spin|p1a: Iron Treads
|-resisted|p1a: Iron Treads
|-damage|p1a: Iron Treads|93/100
|-boost|p2a: Great Tusk|spe|1
|-sideend|p2: hawker_mk5|Spikes|[from] move: Rapid Spin|[of] p2a: Great Tusk
|
|-heal|p2a: Great Tusk|32/100|[from] item: Leftovers
|-heal|p1a: Iron Treads|99/100|[from] item: Leftovers
|upkeep
|turn|11
|
|t:|1757863738
|-end|p1a: Iron Treads|Quark Drive|[silent]
|switch|p1a: Enamorus|Enamorus, F|100/100
|move|p2a: Great Tusk|Headlong Rush|p1a: Enamorus
|-immune|p1a: Enamorus
|
|-heal|p2a: Great Tusk|38/100|[from] item: Leftovers
|upkeep
|turn|12
|
|t:|1757863745
|-end|p2a: Great Tusk|Protosynthesis|[silent]
|switch|p2a: Primarina|Primarina, F|100/100
|move|p1a: Enamorus|Moonblast|p2a: Primarina
|-damage|p2a: Primarina|67/100
|-unboost|p2a: Primarina|spa|1
|
|upkeep
|turn|13
|
|t:|1757863755
|move|p1a: Enamorus|Moonblast|p2a: Primarina
|-damage|p2a: Primarina|34/100
|move|p2a: Primarina|Flip Turn|p1a: Enamorus
|-damage|p1a: Enamorus|63/100
|
|t:|1757863760
|switch|p2a: Scizor|Scizor, F|10/100|[from] Flip Turn
|
|upkeep
|turn|14
|
|t:|1757863764
|switch|p1a: Iron Treads|Iron Treads|99/100
|move|p2a: Scizor|Bullet Punch|p1a: Iron Treads
|-resisted|p1a: Iron Treads
|-damage|p1a: Iron Treads|75/100
|
|-heal|p1a: Iron Treads|81/100|[from] item: Leftovers
|upkeep
|turn|15
|
|t:|1757863773
|move|p2a: Scizor|Bullet Punch|p1a: Iron Treads
|-resisted|p1a: Iron Treads
|-damage|p1a: Iron Treads|57/100
|move|p1a: Iron Treads|Earthquake|p2a: Scizor
|-damage|p2a: Scizor|0 fnt
|faint|p2a: Scizor
|
|-heal|p1a: Iron Treads|63/100|[from] item: Leftovers
|upkeep
|
|t:|1757863779
|switch|p2a: Kyurem|Kyurem|100/100
|-ability|p2a: Kyurem|Pressure
|turn|16
|
|t:|1757863784
|move|p1a: Iron Treads|Iron Head|p2a: Kyurem
|-supereffective|p2a: Kyurem
|-damage|p2a: Kyurem|28/100
|cant|p2a: Kyurem|flinch
|
|-heal|p1a: Iron Treads|70/100|[from] item: Leftovers
|upkeep
|turn|17
|
|t:|1757863794
|-terastallize|p2a: Kyurem|Fire
|move|p1a: Iron Treads|Iron Head|p2a: Kyurem
|-resisted|p2a: Kyurem
|-damage|p2a: Kyurem|12/100
|cant|p2a: Kyurem|flinch
|
|-heal|p1a: Iron Treads|76/100|[from] item: Leftovers
|upkeep
|turn|18
|
|t:|1757863803
|move|p1a: Iron Treads|Rapid Spin|p2a: Kyurem
|-damage|p2a: Kyurem|0 fnt
|-boost|p1a: Iron Treads|spe|1
|faint|p2a: Kyurem
|
|-heal|p1a: Iron Treads|82/100|[from] item: Leftovers
|upkeep
|c|☆hawker_mk5|sigh
|
|t:|1757863820
|switch|p2a: Great Tusk|Great Tusk|38/100
|turn|19
|
|t:|1757863839
|-terastallize|p1a: Iron Treads|Ground
|move|p1a: Iron Treads|Earthquake|p2a: Great Tusk
|-damage|p2a: Great Tusk|0 fnt
|faint|p2a: Great Tusk
|-end|p2a: Great Tusk|Protosynthesis|[silent]
|
|-heal|p1a: Iron Treads|88/100|[from] item: Leftovers
|upkeep
|
|t:|1757863851
|switch|p2a: Gengar|Gengar, F|88/100
|turn|20
|
|t:|1757863854
|move|p2a: Gengar|Shadow Ball|p1a: Iron Treads
|-damage|p1a: Iron Treads|30/100
|move|p1a: Iron Treads|Earthquake|p2a: Gengar
|-supereffective|p2a: Gengar
|-damage|p2a: Gengar|0 fnt
|faint|p2a: Gengar
|
|-heal|p1a: Iron Treads|37/100|[from] item: Leftovers
|upkeep
|-message|hawker_mk5 forfeited.
|
|win|solascriptura1521
|raw|solascriptura1521's rating: 1550 &rarr; <strong>1570</strong><br />(+20 for winning)
|raw|hawker_mk5's rating: 1548 &rarr; <strong>1528</strong><br />(-20 for losing)
|l|☆hawker_mk5
|player|p2|
|l|‽solascriptura1521
|player|p1|
