|j|☆DragoniteDen
|j|☆uihjvb
|t:|1757856181
|gametype|singles
|player|p1|DragoniteDen|lance|1089
|player|p2|uihjvb|265|1039
|gen|9
|tier|[Gen 9] OU
|rated|
|rule|HP Percentage Mod: HP is shown in percentages
|rule|Endless Battle Clause: Forcing endless battles is banned
|rule|Species Clause: Limit one of each Pokémon
|rule|OHKO Clause: OHKO moves are banned
|rule|Evasion Items Clause: Evasion items are banned
|rule|Evasion Moves Clause: Evasion moves are banned
|rule|Evasion Abilities Clause: Evasion abilities are banned
|rule|Sleep Moves Clause: Sleep-inducing moves are banned
|clearpoke
|poke|p1|Dragonite, M|
|poke|p1|Dragapult, F|
|poke|p1|Iron Treads|
|poke|p1|Arcanine, M|
|poke|p1|Zapdos|
|poke|p1|Gyarados, M|
|poke|p2|Ceruledge, M|
|poke|p2|Dondozo, F|
|poke|p2|Glimmora, F|
|poke|p2|Alcremie, F|
|poke|p2|Dragonite, F|
|poke|p2|Gliscor, M|
|teampreview
|
|t:|1757856200
|teamsize|p1|6
|teamsize|p2|6
|start
|switch|p1a: Baby sitter|Dragapult, F|100/100
|switch|p2a: Glimmora|Glimmora, F|100/100
|turn|1
|
|t:|1757856212
|move|p1a: Baby sitter|Draco Meteor|p2a: Glimmora
|-damage|p2a: Glimmora|35/100
|-unboost|p1a: Baby sitter|spa|2
|-enditem|p1a: Baby sitter|Eject Pack
|
|t:|1757856219
|switch|p1a: Definetly Dragon|Gyarados, M|100/100
|-ability|p1a: Definetly Dragon|Intimidate|boost
|-unboost|p2a: Glimmora|atk|1
|move|p2a: Glimmora|Toxic|p1a: Definetly Dragon
|-status|p1a: Definetly Dragon|tox
|
|-heal|p2a: Glimmora|42/100|[from] item: Leftovers
|-damage|p1a: Definetly Dragon|94/100 tox|[from] psn
|upkeep
|turn|2
|
|t:|1757856232
|move|p2a: Glimmora|Spiky Shield|p2a: Glimmora
|-singleturn|p2a: Glimmora|move: Protect
|move|p1a: Definetly Dragon|Waterfall|p2a: Glimmora
|-activate|p2a: Glimmora|move: Protect
|-damage|p1a: Definetly Dragon|82/100 tox|[from] Spiky Shield|[of] p2a: Glimmora
|
|-heal|p2a: Glimmora|48/100|[from] item: Leftovers
|-damage|p1a: Definetly Dragon|70/100 tox|[from] psn
|upkeep
|turn|3
|
|t:|1757856247
|move|p2a: Glimmora|Sludge Wave|p1a: Definetly Dragon
|-damage|p1a: Definetly Dragon|27/100 tox
|move|p1a: Definetly Dragon|Waterfall|p2a: Glimmora
|-supereffective|p2a: Glimmora
|-damage|p2a: Glimmora|0 fnt
|-activate|p2a: Glimmora|ability: Toxic Debris
|-sidestart|p1: DragoniteDen|move: Toxic Spikes
|faint|p2a: Glimmora
|
|-damage|p1a: Definetly Dragon|9/100 tox|[from] psn
|upkeep
|
|t:|1757856263
|switch|p2a: Ceruledge|Ceruledge, M|100/100
|turn|4
|
|t:|1757856270
|move|p1a: Definetly Dragon|Crunch|p2a: Ceruledge
|-supereffective|p2a: Ceruledge
|-damage|p2a: Ceruledge|30/100
|-ability|p2a: Ceruledge|Weak Armor|boost
|-unboost|p2a: Ceruledge|def|1
|-boost|p2a: Ceruledge|spe|2
|move|p2a: Ceruledge|Swords Dance|p2a: Ceruledge
|-boost|p2a: Ceruledge|atk|2
|
|-damage|p1a: Definetly Dragon|0 fnt|[from] psn
|faint|p1a: Definetly Dragon
|upkeep
|
|t:|1757856278
|switch|p1a: MONSTER|Iron Treads|100/100
|-enditem|p1a: MONSTER|Booster Energy
|-activate|p1a: MONSTER|ability: Quark Drive|[fromitem]
|-start|p1a: MONSTER|quarkdrivespe
|turn|5
|
|t:|1757856290
|move|p2a: Ceruledge|Bitter Blade|p1a: MONSTER
|-supereffective|p1a: MONSTER
|-damage|p1a: MONSTER|0 fnt
|-heal|p2a: Ceruledge|86/100|[from] drain|[of] p1a: MONSTER
|faint|p1a: MONSTER
|-end|p1a: MONSTER|Quark Drive|[silent]
|
|upkeep
|
|t:|1757856299
|switch|p1a: Ride or Die|Dragonite, M|100/100
|turn|6
|
|t:|1757856313
|-terastallize|p1a: Ride or Die|Normal
|move|p2a: Ceruledge|Bitter Blade|p1a: Ride or Die
|-damage|p1a: Ride or Die|42/100
|-heal|p2a: Ceruledge|100/100|[from] drain|[of] p1a: Ride or Die
|move|p1a: Ride or Die|Earthquake|p2a: Ceruledge
|-supereffective|p2a: Ceruledge
|-enditem|p2a: Ceruledge|Focus Sash
|-damage|p2a: Ceruledge|1/100
|-ability|p2a: Ceruledge|Weak Armor|boost
|-unboost|p2a: Ceruledge|def|1
|-boost|p2a: Ceruledge|spe|2
|
|upkeep
|turn|7
|-message|DragoniteDen forfeited.
|
|win|uihjvb
|raw|DragoniteDen's rating: 1089 &rarr; <strong>1062</strong><br />(-27 for losing)
|raw|uihjvb's rating: 1039 &rarr; <strong>1078</strong><br />(+39 for winning)
|l|☆DragoniteDen
|player|p1|
