|j|☆HatedWitch
|j|☆whichjuanz
|t:|1757795279
|gametype|singles
|player|p1|HatedWitch|lass|1407
|player|p2|whichjuanz|hiker-gen4|1359
|gen|9
|tier|[Gen 9] OU
|rated|
|rule|HP Percentage Mod: HP is shown in percentages
|rule|Endless Battle Clause: Forcing endless battles is banned
|rule|Species Clause: Limit one of each Pokémon
|rule|OHKO Clause: OHKO moves are banned
|rule|Evasion Items Clause: Evasion items are banned
|rule|Evasion Moves Clause: Evasion moves are banned
|rule|Evasion Abilities Clause: Evasion abilities are banned
|rule|Sleep Moves Clause: Sleep-inducing moves are banned
|clearpoke
|poke|p1|Corviknight, M|
|poke|p1|Ting-Lu|
|poke|p1|Slowking-Galar, M|
|poke|p1|Sandy Shocks|
|poke|p1|Ogerpon, F|
|poke|p1|Zamazenta-*|
|poke|p2|Excadrill, F|
|poke|p2|Mimikyu, F|
|poke|p2|Volcanion|
|poke|p2|Goodra-Hisui, M|
|poke|p2|Golurk|
|poke|p2|Ceruledge, M|
|teampreview
|inactive|Battle timer is ON: inactive players will automatically lose when time's up. (requested by whichjuanz)
|
|t:|1757795286
|teamsize|p1|6
|teamsize|p2|6
|start
|switch|p1a: Ogerpon|Ogerpon, F|100/100
|switch|p2a: Golurk|Golurk|100/100
|turn|1
|
|t:|1757795295
|move|p1a: Ogerpon|Ivy Cudgel|p2a: Golurk
|-supereffective|p2a: Golurk
|-enditem|p2a: Golurk|Focus Sash
|-damage|p2a: Golurk|1/100
|move|p2a: Golurk|Dynamic Punch|p1a: Ogerpon
|-damage|p1a: Ogerpon|52/100
|-start|p1a: Ogerpon|confusion
|
|upkeep
|turn|2
|
|t:|1757795302
|switch|p1a: Corviknight|Corviknight, M|100/100
|-ability|p1a: Corviknight|Pressure
|move|p2a: Golurk|Stealth Rock|p1a: Corviknight
|-sidestart|p1: HatedWitch|move: Stealth Rock
|
|upkeep
|turn|3
|
|t:|1757795308
|move|p2a: Golurk|Dynamic Punch|p1a: Corviknight
|-damage|p1a: Corviknight|77/100
|-start|p1a: Corviknight|confusion
|-damage|p2a: Golurk|0 fnt|[from] item: Rocky Helmet|[of] p1a: Corviknight
|faint|p2a: Golurk
|-activate|p1a: Corviknight|confusion
|move|p1a: Corviknight|Iron Defense|p1a: Corviknight
|-boost|p1a: Corviknight|def|2
|
|upkeep
|
|t:|1757795319
|switch|p2a: Volcanion|Volcanion|100/100
|turn|4
|
|t:|1757795327
|switch|p1a: Ogerpon|Ogerpon, F|52/100
|-damage|p1a: Ogerpon|40/100|[from] Stealth Rock
|move|p2a: Volcanion|Flamethrower|p1a: Ogerpon
|-supereffective|p1a: Ogerpon
|-damage|p1a: Ogerpon|0 fnt
|faint|p1a: Ogerpon
|
|upkeep
|
|t:|1757795337
|switch|p1a: Sandy Shocks|Sandy Shocks, shiny|100/100
|-damage|p1a: Sandy Shocks|94/100|[from] Stealth Rock
|-item|p1a: Sandy Shocks|Air Balloon
|turn|5
|inactive|whichjuanz has 120 seconds left.
|
|t:|1757795397
|switch|p2a: Goodra|Goodra-Hisui, M|100/100
|move|p1a: Sandy Shocks|Earth Power|p2a: Goodra
|-supereffective|p2a: Goodra
|-damage|p2a: Goodra|42/100
|-unboost|p2a: Goodra|spd|1
|-enditem|p2a: Goodra|Weakness Policy
|-boost|p2a: Goodra|atk|2|[from] item: Weakness Policy
|-boost|p2a: Goodra|spa|2|[from] item: Weakness Policy
|
|upkeep
|turn|6
|inactive|HatedWitch has 120 seconds left.
|
|t:|1757795436
|move|p1a: Sandy Shocks|Earth Power|p2a: Goodra
|-supereffective|p2a: Goodra
|-damage|p2a: Goodra|0 fnt
|faint|p2a: Goodra
|
|upkeep
|
|t:|1757795441
|switch|p2a: Ceruledge|Ceruledge, M|100/100
|-item|p2a: Ceruledge|Air Balloon
|turn|7
|
|t:|1757795451
|move|p1a: Sandy Shocks|Volt Switch|p2a: Ceruledge
|-damage|p2a: Ceruledge|59/100
|-enditem|p2a: Ceruledge|Air Balloon
|
|t:|1757795460
|-end|p1a: Sandy Shocks|Protosynthesis|[silent]
|switch|p1a: Zamazenta|Zamazenta|100/100|[from] Volt Switch
|-ability|p1a: Zamazenta|Dauntless Shield|boost
|-boost|p1a: Zamazenta|def|1
|move|p2a: Ceruledge|Bitter Blade|p1a: Zamazenta
|-damage|p1a: Zamazenta|70/100
|-heal|p2a: Ceruledge|76/100|[from] drain|[of] p1a: Zamazenta
|
|upkeep
|turn|8
|inactive|whichjuanz has 120 seconds left.
|
|t:|1757795466
|move|p1a: Zamazenta|Crunch|p2a: Ceruledge
|-supereffective|p2a: Ceruledge
|-damage|p2a: Ceruledge|6/100
|move|p2a: Ceruledge|Bitter Blade|p1a: Zamazenta
|-damage|p1a: Zamazenta|41/100
|-heal|p2a: Ceruledge|22/100|[from] drain|[of] p1a: Zamazenta
|
|upkeep
|turn|9
|
|t:|1757795470
|move|p2a: Ceruledge|Shadow Sneak|p1a: Zamazenta
|-damage|p1a: Zamazenta|29/100
|move|p1a: Zamazenta|Crunch|p2a: Ceruledge
|-supereffective|p2a: Ceruledge
|-damage|p2a: Ceruledge|0 fnt
|faint|p2a: Ceruledge
|
|upkeep
|
|t:|1757795473
|switch|p2a: Mimikyu|Mimikyu, F|100/100
|-item|p2a: Mimikyu|Air Balloon
|turn|10
|
|t:|1757795476
|move|p1a: Zamazenta|Heavy Slam|p2a: Mimikyu
|-activate|p2a: Mimikyu|ability: Disguise
|-damage|p2a: Mimikyu|100/100
|-enditem|p2a: Mimikyu|Air Balloon
|detailschange|p2a: Mimikyu|Mimikyu-Busted, F
|-damage|p2a: Mimikyu|88/100|[from] pokemon: Mimikyu-Busted
|move|p2a: Mimikyu|Swords Dance|p2a: Mimikyu
|-boost|p2a: Mimikyu|atk|2
|
|upkeep
|turn|11
|inactive|whichjuanz has 120 seconds left.
|
|t:|1757795516
|move|p2a: Mimikyu|Shadow Sneak|p1a: Zamazenta
|-damage|p1a: Zamazenta|9/100
|move|p1a: Zamazenta|Heavy Slam|p2a: Mimikyu
|-supereffective|p2a: Mimikyu
|-damage|p2a: Mimikyu|0 fnt
|faint|p2a: Mimikyu
|
|upkeep
|
|t:|1757795519
|switch|p2a: Excadrill|Excadrill, F|100/100
|-ability|p2a: Excadrill|Mold Breaker
|-item|p2a: Excadrill|Air Balloon
|turn|12
|
|t:|1757795525
|-terastallize|p2a: Excadrill|Ground
|move|p1a: Zamazenta|Close Combat|p2a: Excadrill
|-damage|p2a: Excadrill|22/100
|-unboost|p1a: Zamazenta|def|1
|-unboost|p1a: Zamazenta|spd|1
|-enditem|p2a: Excadrill|Air Balloon
|move|p2a: Excadrill|Rapid Spin|p1a: Zamazenta
|-damage|p1a: Zamazenta|0 fnt
|-boost|p2a: Excadrill|spe|1
|faint|p1a: Zamazenta
|
|upkeep
|
|t:|1757795532
|switch|p1a: Corviknight|Corviknight, M|77/100
|-damage|p1a: Corviknight|65/100|[from] Stealth Rock
|-ability|p1a: Corviknight|Pressure
|turn|13
|
|t:|1757795539
|move|p2a: Excadrill|Iron Head|p1a: Corviknight
|-resisted|p1a: Corviknight
|-damage|p1a: Corviknight|51/100
|-damage|p2a: Excadrill|5/100|[from] item: Rocky Helmet|[of] p1a: Corviknight
|cant|p1a: Corviknight|flinch
|
|upkeep
|turn|14
|
|t:|1757795544
|move|p2a: Excadrill|Iron Head|p1a: Corviknight
|-resisted|p1a: Corviknight
|-damage|p1a: Corviknight|38/100
|-damage|p2a: Excadrill|0 fnt|[from] item: Rocky Helmet|[of] p1a: Corviknight
|faint|p2a: Excadrill
|move|p1a: Corviknight|Roost|p1a: Corviknight
|-heal|p1a: Corviknight|88/100
|-singleturn|p1a: Corviknight|move: Roost
|
|upkeep
|
|t:|1757795547
|switch|p2a: Volcanion|Volcanion|100/100
|turn|15
|
|t:|1757795553
|move|p2a: Volcanion|Flamethrower|p1a: Corviknight
|-supereffective|p1a: Corviknight
|-damage|p1a: Corviknight|0 fnt
|faint|p1a: Corviknight
|
|upkeep
|-message|whichjuanz forfeited.
|
|win|HatedWitch
|raw|HatedWitch's rating: 1407 &rarr; <strong>1424</strong><br />(+17 for winning)
|raw|whichjuanz's rating: 1359 &rarr; <strong>1342</strong><br />(-17 for losing)
|l|☆whichjuanz
|player|p2|
|l|☆HatedWitch
|player|p1|
