|j|☆DonphanPPF
|j|☆datrash
|t:|1757915004
|gametype|singles
|player|p1|DonphanPPF|266|1140
|player|p2|datrash|cyclist-gen4|1178
|gen|9
|tier|[Gen 9] OU
|rated|
|rule|HP Percentage Mod: HP is shown in percentages
|rule|Endless Battle Clause: Forcing endless battles is banned
|rule|Species Clause: Limit one of each Pokémon
|rule|OHKO Clause: OHKO moves are banned
|rule|Evasion Items Clause: Evasion items are banned
|rule|Evasion Moves Clause: Evasion moves are banned
|rule|Evasion Abilities Clause: Evasion abilities are banned
|rule|Sleep Moves Clause: Sleep-inducing moves are banned
|clearpoke
|poke|p1|Weezing-Galar, M|
|poke|p1|Hitmonlee, M|
|poke|p1|Dragonite, M|
|poke|p1|Scizor, M|
|poke|p1|Vaporeon, F|
|poke|p1|Slither Wing|
|poke|p2|Slowking-Galar, F|
|poke|p2|Mamoswine, M|
|poke|p2|Corviknight, M|
|poke|p2|Gastrodon, M|
|poke|p2|Darkrai|
|poke|p2|Iron Hands|
|teampreview
|
|t:|1757915018
|teamsize|p1|6
|teamsize|p2|6
|start
|switch|p1a: Slither Wing|Slither Wing, shiny|100/100
|switch|p2a: Darkrai|Darkrai|100/100
|-enditem|p1a: Slither Wing|Booster Energy
|-activate|p1a: Slither Wing|ability: Protosynthesis|[fromitem]
|-start|p1a: Slither Wing|protosynthesisspe
|turn|1
|inactive|Battle timer is ON: inactive players will automatically lose when time's up. (requested by DonphanPPF)
|
|t:|1757915054
|switch|p2a: Corviknight|Corviknight, M|100/100
|-ability|p2a: Corviknight|Pressure
|move|p1a: Slither Wing|Leech Life|p2a: Corviknight
|-resisted|p2a: Corviknight
|-damage|p2a: Corviknight|96/100
|-damage|p1a: Slither Wing|84/100|[from] item: Rocky Helmet|[of] p2a: Corviknight
|
|upkeep
|turn|2
|
|t:|1757915067
|move|p1a: Slither Wing|Bulk Up|p1a: Slither Wing
|-boost|p1a: Slither Wing|atk|1
|-boost|p1a: Slither Wing|def|1
|move|p2a: Corviknight|U-turn|p1a: Slither Wing
|-resisted|p1a: Slither Wing
|-damage|p1a: Slither Wing|78/100
|inactive|datrash has 120 seconds left.
|
|t:|1757915097
|switch|p2a: Iron Hands|Iron Hands|100/100|[from] U-turn
|-enditem|p2a: Iron Hands|Booster Energy
|-activate|p2a: Iron Hands|ability: Quark Drive|[fromitem]
|-start|p2a: Iron Hands|quarkdriveatk
|
|upkeep
|turn|3
|inactive|DonphanPPF has 120 seconds left.
|
|t:|1757915129
|move|p2a: Iron Hands|Fake Out|p1a: Slither Wing
|-damage|p1a: Slither Wing|63/100
|cant|p1a: Slither Wing|flinch
|
|upkeep
|turn|4
|
|t:|1757915138
|move|p1a: Slither Wing|Bulk Up|p1a: Slither Wing
|-boost|p1a: Slither Wing|atk|1
|-boost|p1a: Slither Wing|def|1
|move|p2a: Iron Hands|Swords Dance|p2a: Iron Hands
|-boost|p2a: Iron Hands|atk|2
|
|upkeep
|turn|5
|
|t:|1757915146
|move|p1a: Slither Wing|Close Combat|p2a: Iron Hands
|-damage|p2a: Iron Hands|41/100
|-unboost|p1a: Slither Wing|def|1
|-unboost|p1a: Slither Wing|spd|1
|move|p2a: Iron Hands|Drain Punch|p1a: Slither Wing
|-resisted|p1a: Slither Wing
|-damage|p1a: Slither Wing|18/100
|-heal|p2a: Iron Hands|59/100|[from] drain|[of] p1a: Slither Wing
|
|upkeep
|turn|6
|
|t:|1757915155
|move|p1a: Slither Wing|Close Combat|p2a: Iron Hands
|-crit|p2a: Iron Hands
|-damage|p2a: Iron Hands|0 fnt
|-unboost|p1a: Slither Wing|def|1
|-unboost|p1a: Slither Wing|spd|1
|faint|p2a: Iron Hands
|-end|p2a: Iron Hands|Quark Drive|[silent]
|
|upkeep
|
|t:|1757915171
|switch|p2a: Corviknight|Corviknight, M|96/100
|-ability|p2a: Corviknight|Pressure
|turn|7
|
|t:|1757915179
|move|p1a: Slither Wing|Bulk Up|p1a: Slither Wing
|-boost|p1a: Slither Wing|atk|1
|-boost|p1a: Slither Wing|def|1
|move|p2a: Corviknight|U-turn|p1a: Slither Wing
|-resisted|p1a: Slither Wing
|-damage|p1a: Slither Wing|13/100
|
|t:|1757915185
|switch|p2a: Gastrodon|Gastrodon, M|100/100|[from] U-turn
|
|upkeep
|turn|8
|
|t:|1757915194
|switch|p2a: Corviknight|Corviknight, M|96/100
|-ability|p2a: Corviknight|Pressure
|move|p1a: Slither Wing|Close Combat|p2a: Corviknight
|-damage|p2a: Corviknight|25/100
|-unboost|p1a: Slither Wing|def|1
|-unboost|p1a: Slither Wing|spd|1
|-damage|p1a: Slither Wing|0 fnt|[from] item: Rocky Helmet|[of] p2a: Corviknight
|faint|p1a: Slither Wing
|-end|p1a: Slither Wing|Protosynthesis|[silent]
|
|upkeep
|
|t:|1757915206
|switch|p1a: Scizor|Scizor, M, shiny|100/100
|turn|9
|
|t:|1757915215
|move|p2a: Corviknight|Roost|p2a: Corviknight
|-heal|p2a: Corviknight|75/100
|-singleturn|p2a: Corviknight|move: Roost
|move|p1a: Scizor|Close Combat|p2a: Corviknight
|-supereffective|p2a: Corviknight
|-damage|p2a: Corviknight|0 fnt
|-unboost|p1a: Scizor|def|1
|-unboost|p1a: Scizor|spd|1
|-damage|p1a: Scizor|84/100|[from] item: Rocky Helmet|[of] p2a: Corviknight
|faint|p2a: Corviknight
|
|upkeep
|
|t:|1757915236
|switch|p2a: Darkrai|Darkrai|100/100
|turn|10
|
|t:|1757915242
|switch|p1a: Vaporeon|Vaporeon, F, shiny|100/100
|move|p2a: Darkrai|Dark Pulse|p1a: Vaporeon
|-crit|p1a: Vaporeon
|-damage|p1a: Vaporeon|32/100
|-damage|p2a: Darkrai|91/100|[from] item: Life Orb
|
|-heal|p1a: Vaporeon|38/100|[from] item: Leftovers
|upkeep
|turn|11
|
|t:|1757915250
|move|p1a: Vaporeon|Protect|p1a: Vaporeon
|-singleturn|p1a: Vaporeon|Protect
|move|p2a: Darkrai|Dark Pulse|p1a: Vaporeon
|-activate|p1a: Vaporeon|move: Protect
|
|-heal|p1a: Vaporeon|44/100|[from] item: Leftovers
|upkeep
|turn|12
|
|t:|1757915264
|switch|p2a: Gastrodon|Gastrodon, M|100/100
|move|p1a: Vaporeon|Wish|p1a: Vaporeon
|
|-heal|p1a: Vaporeon|50/100|[from] item: Leftovers
|upkeep
|turn|13
|
|t:|1757915271
|move|p1a: Vaporeon|Protect|p1a: Vaporeon
|-singleturn|p1a: Vaporeon|Protect
|move|p2a: Gastrodon|Stealth Rock|p1a: Vaporeon
|-sidestart|p1: DonphanPPF|move: Stealth Rock
|
|-heal|p1a: Vaporeon|99/100|[from] move: Wish|[wisher] Vaporeon
|-heal|p1a: Vaporeon|100/100|[from] item: Leftovers
|upkeep
|turn|14
|
|t:|1757915280
|switch|p1a: Weezing|Weezing-Galar, M|100/100
|-ability|p1a: Weezing|Neutralizing Gas
|move|p2a: Gastrodon|Ice Beam|p1a: Weezing
|-damage|p1a: Weezing|73/100
|
|upkeep
|turn|15
|
|t:|1757915287
|move|p1a: Weezing|Defog|p2a: Gastrodon
|-unboost|p2a: Gastrodon|evasion|1
|-sideend|p1: DonphanPPF|Stealth Rock|[from] move: Defog|[of] p1a: Weezing
|move|p2a: Gastrodon|Earth Power|p1a: Weezing
|-supereffective|p1a: Weezing
|-damage|p1a: Weezing|0 fnt
|faint|p1a: Weezing
|-end|p1a: Weezing|ability: Neutralizing Gas
|
|upkeep
|
|t:|1757915299
|switch|p1a: Dragonite|Dragonite, M, shiny|100/100
|turn|16
|
|t:|1757915306
|-terastallize|p1a: Dragonite|Ground
|move|p1a: Dragonite|Dragon Dance|p1a: Dragonite
|-boost|p1a: Dragonite|atk|1
|-boost|p1a: Dragonite|spe|1
|move|p2a: Gastrodon|Ice Beam|p1a: Dragonite
|-supereffective|p1a: Dragonite
|-damage|p1a: Dragonite|77/100
|
|upkeep
|turn|17
|
|t:|1757915318
|switch|p2a: Slowking|Slowking-Galar, F|100/100
|move|p1a: Dragonite|Earthquake|p2a: Slowking
|-supereffective|p2a: Slowking
|-damage|p2a: Slowking|0 fnt
|faint|p2a: Slowking
|
|upkeep
|
|t:|1757915323
|switch|p2a: Mamoswine|Mamoswine, M|100/100
|turn|18
|
|t:|1757915328
|move|p2a: Mamoswine|Ice Shard|p1a: Dragonite
|-supereffective|p1a: Dragonite
|-damage|p1a: Dragonite|0 fnt
|faint|p1a: Dragonite
|
|upkeep
|
|t:|1757915332
|switch|p1a: Scizor|Scizor, M, shiny|84/100
|turn|19
|
|t:|1757915342
|switch|p2a: Darkrai|Darkrai|91/100
|move|p1a: Scizor|Bullet Punch|p2a: Darkrai
|-damage|p2a: Darkrai|20/100
|
|upkeep
|turn|20
|
|t:|1757915349
|-terastallize|p2a: Darkrai|Dark
|move|p1a: Scizor|Bullet Punch|p2a: Darkrai
|-damage|p2a: Darkrai|0 fnt
|faint|p2a: Darkrai
|
|upkeep
|
|t:|1757915353
|switch|p2a: Mamoswine|Mamoswine, M|100/100
|turn|21
|
|t:|1757915359
|move|p1a: Scizor|Bullet Punch|p2a: Mamoswine
|-supereffective|p2a: Mamoswine
|-damage|p2a: Mamoswine|3/100
|move|p2a: Mamoswine|Earthquake|p1a: Scizor
|-damage|p1a: Scizor|4/100
|
|upkeep
|turn|22
|
|t:|1757915365
|move|p1a: Scizor|Bullet Punch|p2a: Mamoswine
|-supereffective|p2a: Mamoswine
|-damage|p2a: Mamoswine|0 fnt
|faint|p2a: Mamoswine
|
|upkeep
|
|t:|1757915367
|switch|p2a: Gastrodon|Gastrodon, M|100/100
|turn|23
|
|t:|1757915373
|switch|p1a: Vaporeon|Vaporeon, F, shiny|100/100
|move|p2a: Gastrodon|Earth Power|p1a: Vaporeon
|-damage|p1a: Vaporeon|78/100
|
|-heal|p1a: Vaporeon|84/100|[from] item: Leftovers
|upkeep
|turn|24
|
|t:|1757915381
|switch|p1a: Scizor|Scizor, M, shiny|4/100
|move|p2a: Gastrodon|Stealth Rock|p1a: Scizor
|-sidestart|p1: DonphanPPF|move: Stealth Rock
|
|upkeep
|turn|25
|
|t:|1757915392
|move|p1a: Scizor|Knock Off|p2a: Gastrodon
|-damage|p2a: Gastrodon|34/100
|-enditem|p2a: Gastrodon|Leftovers|[from] move: Knock Off|[of] p1a: Scizor
|move|p2a: Gastrodon|Earth Power|p1a: Scizor
|-damage|p1a: Scizor|0 fnt
|faint|p1a: Scizor
|
|upkeep
|
|t:|1757915399
|switch|p1a: Hitmonlee|Hitmonlee, M, shiny|100/100
|-damage|p1a: Hitmonlee|94/100|[from] Stealth Rock
|turn|26
|
|t:|1757915405
|move|p1a: Hitmonlee|Knock Off|p2a: Gastrodon
|-damage|p2a: Gastrodon|10/100
|move|p2a: Gastrodon|Recover|p2a: Gastrodon
|-heal|p2a: Gastrodon|60/100
|
|upkeep
|turn|27
|
|t:|1757915412
|move|p1a: Hitmonlee|Knock Off|p2a: Gastrodon
|-damage|p2a: Gastrodon|36/100
|move|p2a: Gastrodon|Recover|p2a: Gastrodon
|-heal|p2a: Gastrodon|86/100
|
|upkeep
|turn|28
|
|t:|1757915417
|move|p1a: Hitmonlee|Knock Off|p2a: Gastrodon
|-damage|p2a: Gastrodon|60/100
|move|p2a: Gastrodon|Earth Power|p1a: Hitmonlee
|-damage|p1a: Hitmonlee|51/100
|
|upkeep
|turn|29
|
|t:|1757915433
|move|p1a: Hitmonlee|Endure|p1a: Hitmonlee
|-singleturn|p1a: Hitmonlee|move: Endure
|move|p2a: Gastrodon|Recover|p2a: Gastrodon
|-heal|p2a: Gastrodon|100/100
|
|upkeep
|turn|30
|
|t:|1757915438
|move|p1a: Hitmonlee|Knock Off|p2a: Gastrodon
|-damage|p2a: Gastrodon|76/100
|move|p2a: Gastrodon|Earth Power|p1a: Hitmonlee
|-damage|p1a: Hitmonlee|8/100
|-enditem|p1a: Hitmonlee|Liechi Berry|[eat]
|-boost|p1a: Hitmonlee|atk|1|[from] item: Liechi Berry
|
|upkeep
|turn|31
|
|t:|1757915450
|move|p1a: Hitmonlee|Endure|p1a: Hitmonlee
|-singleturn|p1a: Hitmonlee|move: Endure
|move|p2a: Gastrodon|Earth Power|p1a: Hitmonlee
|-activate|p1a: Hitmonlee|move: Endure
|-damage|p1a: Hitmonlee|1/100
|
|upkeep
|turn|32
|
|t:|1757915456
|move|p1a: Hitmonlee|Reversal|p2a: Gastrodon
|-damage|p2a: Gastrodon|0 fnt
|faint|p2a: Gastrodon
|
|win|DonphanPPF
|raw|DonphanPPF's rating: 1140 &rarr; <strong>1168</strong><br />(+28 for winning)
|raw|datrash's rating: 1178 &rarr; <strong>1150</strong><br />(-28 for losing)
|l|☆DonphanPPF
|player|p1|
|l|☆datrash
|player|p2|
