|j|☆LovingsApprentice
|j|☆feng shen jianyv
|t:|1757807696
|gametype|singles
|player|p1|LovingsApprentice|170|1128
|player|p2|feng shen jianyv|lass-gen4dp|1169
|gen|9
|tier|[Gen 9] OU
|rated|
|rule|HP Percentage Mod: HP is shown in percentages
|rule|Endless Battle Clause: Forcing endless battles is banned
|rule|Species Clause: Limit one of each Pokémon
|rule|OHKO Clause: OHKO moves are banned
|rule|Evasion Items Clause: Evasion items are banned
|rule|Evasion Moves Clause: Evasion moves are banned
|rule|Evasion Abilities Clause: Evasion abilities are banned
|rule|Sleep Moves Clause: Sleep-inducing moves are banned
|clearpoke
|poke|p1|Great Tusk|
|poke|p1|Cinderace, M|
|poke|p1|Alomomola, M|
|poke|p1|Zapdos|
|poke|p1|Slowking-Galar, F|
|poke|p1|Iron Valiant|
|poke|p2|Hippowdon, M|
|poke|p2|Tyranitar, F|
|poke|p2|Mandibuzz, F|
|poke|p2|Garchomp, F|
|poke|p2|Excadrill, M|
|poke|p2|Zapdos|
|teampreview
|inactive|Battle timer is ON: inactive players will automatically lose when time's up. (requested by LovingsApprentice)
|
|t:|1757807726
|teamsize|p1|6
|teamsize|p2|6
|start
|switch|p1a: Slowking|Slowking-Galar, F|100/100
|switch|p2a: Garchomp|Garchomp, F|100/100
|turn|1
|
|t:|1757807736
|move|p2a: Garchomp|Spikes|p1a: Slowking
|-sidestart|p1: LovingsApprentice|Spikes
|move|p1a: Slowking|Ice Beam|p2a: Garchomp
|-supereffective|p2a: Garchomp
|-crit|p2a: Garchomp
|-damage|p2a: Garchomp|0 fnt
|faint|p2a: Garchomp
|
|upkeep
|
|t:|1757807748
|switch|p2a: Tyranitar|Tyranitar, F|100/100
|-weather|Sandstorm|[from] ability: Sand Stream|[of] p2a: Tyranitar
|turn|2
|
|t:|1757807756
|move|p2a: Tyranitar|Knock Off|p1a: Slowking
|-supereffective|p1a: Slowking
|-damage|p1a: Slowking|15/100
|-enditem|p1a: Slowking|Shuca Berry|[from] move: Knock Off|[of] p2a: Tyranitar
|-prepare|p1a: Slowking|Chilly Reception|[premajor]
|move|p1a: Slowking|Chilly Reception|p1a: Slowking
|-weather|Snowscape
|
|t:|1757807772
|switch|p1a: Great Tusk|Great Tusk|100/100|[from] Chilly Reception
|-damage|p1a: Great Tusk|88/100|[from] Spikes
|
|-weather|Snowscape|[upkeep]
|upkeep
|turn|3
|
|t:|1757807780
|switch|p2a: Hippowdon|Hippowdon, M|100/100
|-weather|Sandstorm|[from] ability: Sand Stream|[of] p2a: Hippowdon
|move|p1a: Great Tusk|Close Combat|p2a: Hippowdon
|-damage|p2a: Hippowdon|65/100
|-unboost|p1a: Great Tusk|def|1
|-unboost|p1a: Great Tusk|spd|1
|
|-weather|Sandstorm|[upkeep]
|upkeep
|turn|4
|
|t:|1757807793
|-end|p1a: Great Tusk|Protosynthesis|[silent]
|switch|p1a: Zapdos|Zapdos|100/100
|move|p2a: Hippowdon|Earthquake|p1a: Zapdos
|-immune|p1a: Zapdos
|
|-weather|Sandstorm|[upkeep]
|-damage|p1a: Zapdos|94/100|[from] Sandstorm
|upkeep
|turn|5
|
|t:|1757807802
|move|p1a: Zapdos|Hurricane|p2a: Hippowdon
|-damage|p2a: Hippowdon|17/100
|move|p2a: Hippowdon|Stealth Rock|p1a: Zapdos
|-sidestart|p1: LovingsApprentice|move: Stealth Rock
|
|-weather|Sandstorm|[upkeep]
|-damage|p1a: Zapdos|88/100|[from] Sandstorm
|upkeep
|turn|6
|
|t:|1757807813
|switch|p2a: Zapdos|Zapdos|100/100
|move|p1a: Zapdos|Hurricane|p2a: Zapdos
|-resisted|p2a: Zapdos
|-damage|p2a: Zapdos|84/100
|
|-weather|Sandstorm|[upkeep]
|-damage|p2a: Zapdos|78/100|[from] Sandstorm
|-damage|p1a: Zapdos|82/100|[from] Sandstorm
|-heal|p2a: Zapdos|84/100|[from] item: Leftovers
|upkeep
|turn|7
|
|t:|1757807824
|move|p2a: Zapdos|Thunderbolt|p1a: Zapdos
|-damage|p1a: Zapdos|47/100
|move|p1a: Zapdos|Volt Switch|p2a: Zapdos
|-damage|p2a: Zapdos|65/100
|
|t:|1757807829
|switch|p1a: Cinderace|Cinderace, M|100/100|[from] Volt Switch
|
|-weather|none
|-heal|p2a: Zapdos|72/100|[from] item: Leftovers
|upkeep
|turn|8
|
|t:|1757807838
|switch|p2a: Mandibuzz|Mandibuzz, F|100/100
|move|p1a: Cinderace|Court Change|p1a: Cinderace
|-swapsideconditions
|-activate|p1a: Cinderace|move: Court Change
|
|upkeep
|turn|9
|
|t:|1757807846
|move|p1a: Cinderace|Pyro Ball|p2a: Mandibuzz
|-damage|p2a: Mandibuzz|74/100
|move|p2a: Mandibuzz|Defog|p1a: Cinderace
|-unboost|p1a: Cinderace|evasion|1
|-sideend|p2: feng shen jianyv|Spikes|[from] move: Defog|[of] p2a: Mandibuzz
|-sideend|p2: feng shen jianyv|Stealth Rock|[from] move: Defog|[of] p2a: Mandibuzz
|
|upkeep
|turn|10
|
|t:|1757807854
|move|p1a: Cinderace|U-turn|p2a: Mandibuzz
|-damage|p2a: Mandibuzz|64/100
|
|t:|1757807866
|switch|p1a: Zapdos|Zapdos|47/100|[from] U-turn
|move|p2a: Mandibuzz|Toxic|p1a: Zapdos
|-status|p1a: Zapdos|tox
|
|-damage|p1a: Zapdos|40/100 tox|[from] psn
|upkeep
|turn|11
|
|t:|1757807876
|switch|p2a: Zapdos|Zapdos|72/100
|move|p1a: Zapdos|Roost|p1a: Zapdos
|-heal|p1a: Zapdos|90/100 tox
|-singleturn|p1a: Zapdos|move: Roost
|
|-heal|p2a: Zapdos|78/100|[from] item: Leftovers
|-damage|p1a: Zapdos|78/100 tox|[from] psn
|upkeep
|turn|12
|
|t:|1757807886
|move|p2a: Zapdos|Thunderbolt|p1a: Zapdos
|-damage|p1a: Zapdos|42/100 tox
|move|p1a: Zapdos|Volt Switch|p2a: Zapdos
|-damage|p2a: Zapdos|58/100
|inactive|LovingsApprentice has 120 seconds left.
|
|t:|1757807923
|switch|p1a: Slowking|Slowking-Galar, F|48/100|[from] Volt Switch
|
|-heal|p2a: Zapdos|65/100|[from] item: Leftovers
|upkeep
|turn|13
|inactive|LovingsApprentice has 120 seconds left.
|
|t:|1757807934
|switch|p2a: Tyranitar|Tyranitar, F|100/100
|-weather|Sandstorm|[from] ability: Sand Stream|[of] p2a: Tyranitar
|switch|p1a: Great Tusk|Great Tusk|88/100
|
|-weather|Sandstorm|[upkeep]
|upkeep
|turn|14
|inactive|LovingsApprentice has 120 seconds left.
|
|t:|1757807944
|switch|p2a: Mandibuzz|Mandibuzz, F|64/100
|move|p1a: Great Tusk|Close Combat|p2a: Mandibuzz
|-damage|p2a: Mandibuzz|29/100
|-unboost|p1a: Great Tusk|def|1
|-unboost|p1a: Great Tusk|spd|1
|
|-weather|Sandstorm|[upkeep]
|upkeep
|turn|15
|inactive|LovingsApprentice has 120 seconds left.
|
|t:|1757807958
|move|p1a: Great Tusk|Close Combat|p2a: Mandibuzz
|-damage|p2a: Mandibuzz|0 fnt
|-unboost|p1a: Great Tusk|def|1
|-unboost|p1a: Great Tusk|spd|1
|faint|p2a: Mandibuzz
|
|-weather|Sandstorm|[upkeep]
|upkeep
|
|t:|1757807966
|switch|p2a: Excadrill|Excadrill, M|100/100
|-item|p2a: Excadrill|Air Balloon
|turn|16
|
|t:|1757807978
|-end|p1a: Great Tusk|Protosynthesis|[silent]
|switch|p1a: Alomomola|Alomomola, M|100/100
|move|p2a: Excadrill|Earthquake|p1a: Alomomola
|-damage|p1a: Alomomola|58/100
|
|-weather|Sandstorm|[upkeep]
|-damage|p1a: Alomomola|52/100|[from] Sandstorm
|upkeep
|turn|17
|
|t:|1757807992
|switch|p2a: Zapdos|Zapdos|65/100
|switch|p1a: Zapdos|Zapdos|42/100 tox
|
|-weather|none
|-heal|p2a: Zapdos|71/100|[from] item: Leftovers
|-damage|p1a: Zapdos|35/100 tox|[from] psn
|upkeep
|turn|18
|
|t:|1757808002
|move|p1a: Zapdos|Roost|p1a: Zapdos
|-heal|p1a: Zapdos|85/100 tox
|-singleturn|p1a: Zapdos|move: Roost
|move|p2a: Zapdos|Thunderbolt|p1a: Zapdos
|-resisted|p1a: Zapdos
|-damage|p1a: Zapdos|68/100 tox
|
|-heal|p2a: Zapdos|77/100|[from] item: Leftovers
|-damage|p1a: Zapdos|56/100 tox|[from] psn
|upkeep
|turn|19
|
|t:|1757808013
|move|p1a: Zapdos|Roost|p1a: Zapdos
|-heal|p1a: Zapdos|100/100 tox
|-singleturn|p1a: Zapdos|move: Roost
|move|p2a: Zapdos|Thunderbolt|p1a: Zapdos
|-resisted|p1a: Zapdos
|-damage|p1a: Zapdos|82/100 tox
|
|-heal|p2a: Zapdos|83/100|[from] item: Leftovers
|-damage|p1a: Zapdos|63/100 tox|[from] psn
|upkeep
|turn|20
|
|t:|1757808026
|move|p1a: Zapdos|Volt Switch|p2a: Zapdos
|-damage|p2a: Zapdos|62/100
|
|t:|1757808033
|switch|p1a: Slowking|Slowking-Galar, F|82/100|[from] Volt Switch
|move|p2a: Zapdos|Thunderbolt|p1a: Slowking
|-damage|p1a: Slowking|49/100
|
|-heal|p2a: Zapdos|68/100|[from] item: Leftovers
|upkeep
|turn|21
|
|t:|1757808043
|switch|p2a: Tyranitar|Tyranitar, F|100/100
|-weather|Sandstorm|[from] ability: Sand Stream|[of] p2a: Tyranitar
|move|p1a: Slowking|Ice Beam|p2a: Tyranitar
|-damage|p2a: Tyranitar|92/100
|
|-weather|Sandstorm|[upkeep]
|-damage|p1a: Slowking|43/100|[from] Sandstorm
|upkeep
|turn|22
|inactive|LovingsApprentice has 120 seconds left.
|
|t:|1757808067
|switch|p1a: Alomomola|Alomomola, M|85/100
|move|p2a: Tyranitar|Knock Off|p1a: Alomomola
|-damage|p1a: Alomomola|41/100
|-enditem|p1a: Alomomola|Assault Vest|[from] move: Knock Off|[of] p2a: Tyranitar
|
|-weather|Sandstorm|[upkeep]
|-damage|p1a: Alomomola|35/100|[from] Sandstorm
|upkeep
|turn|23
|inactive|LovingsApprentice has 120 seconds left.
|
|t:|1757808093
|switch|p2a: Zapdos|Zapdos|68/100
|move|p1a: Alomomola|Body Slam|p2a: Zapdos
|-damage|p2a: Zapdos|53/100
|-status|p1a: Alomomola|par|[from] ability: Static|[of] p2a: Zapdos
|
|-weather|Sandstorm|[upkeep]
|-damage|p2a: Zapdos|47/100|[from] Sandstorm
|-damage|p1a: Alomomola|28/100 par|[from] Sandstorm
|-heal|p2a: Zapdos|53/100|[from] item: Leftovers
|upkeep
|turn|24
|inactive|LovingsApprentice has 90 seconds left.
|
|t:|1757808136
|switch|p1a: Great Tusk|Great Tusk|88/100
|move|p2a: Zapdos|Weather Ball|p1a: Great Tusk
|-resisted|p1a: Great Tusk
|-damage|p1a: Great Tusk|78/100
|
|-weather|Sandstorm|[upkeep]
|-damage|p2a: Zapdos|47/100|[from] Sandstorm
|-heal|p2a: Zapdos|53/100|[from] item: Leftovers
|upkeep
|turn|25
|
|t:|1757808158
|switch|p2a: Hippowdon|Hippowdon, M|17/100
|move|p1a: Great Tusk|Knock Off|p2a: Hippowdon
|-damage|p2a: Hippowdon|0 fnt
|-enditem|p2a: Hippowdon|Chesto Berry|[from] move: Knock Off|[of] p1a: Great Tusk
|faint|p2a: Hippowdon
|
|-weather|none
|upkeep
|inactive|feng shen jianyv has 120 seconds left.
|
|t:|1757808170
|switch|p2a: Tyranitar|Tyranitar, F|92/100
|-weather|Sandstorm|[from] ability: Sand Stream|[of] p2a: Tyranitar
|turn|26
|
|t:|1757808175
|switch|p2a: Excadrill|Excadrill, M|100/100
|-item|p2a: Excadrill|Air Balloon
|move|p1a: Great Tusk|Knock Off|p2a: Excadrill
|-damage|p2a: Excadrill|55/100
|-enditem|p2a: Excadrill|Air Balloon
|
|-weather|Sandstorm|[upkeep]
|upkeep
|turn|27
|
|t:|1757808186
|move|p2a: Excadrill|Earthquake|p1a: Great Tusk
|-crit|p1a: Great Tusk
|-damage|p1a: Great Tusk|15/100
|move|p1a: Great Tusk|Knock Off|p2a: Excadrill
|-damage|p2a: Excadrill|20/100
|
|-weather|Sandstorm|[upkeep]
|upkeep
|turn|28
|
|t:|1757808196
|-end|p1a: Great Tusk|Protosynthesis|[silent]
|switch|p1a: Zapdos|Zapdos|63/100 tox
|move|p2a: Excadrill|Earthquake|p1a: Zapdos
|-immune|p1a: Zapdos
|
|-weather|Sandstorm|[upkeep]
|-damage|p1a: Zapdos|57/100 tox|[from] Sandstorm
|-damage|p1a: Zapdos|50/100 tox|[from] psn
|upkeep
|turn|29
|
|t:|1757808207
|switch|p2a: Zapdos|Zapdos|53/100
|move|p1a: Zapdos|Roost|p1a: Zapdos
|-heal|p1a: Zapdos|100/100 tox
|-singleturn|p1a: Zapdos|move: Roost
|
|-weather|Sandstorm|[upkeep]
|-damage|p1a: Zapdos|94/100 tox|[from] Sandstorm
|-damage|p2a: Zapdos|47/100|[from] Sandstorm
|-heal|p2a: Zapdos|53/100|[from] item: Leftovers
|-damage|p1a: Zapdos|82/100 tox|[from] psn
|upkeep
|turn|30
|
|t:|1757808221
|move|p2a: Zapdos|Weather Ball|p1a: Zapdos
|-supereffective|p1a: Zapdos
|-damage|p1a: Zapdos|29/100 tox
|move|p1a: Zapdos|Volt Switch|p2a: Zapdos
|-damage|p2a: Zapdos|35/100
|
|t:|1757808245
|switch|p1a: Great Tusk|Great Tusk|15/100|[from] Volt Switch
|
|-weather|none
|-heal|p2a: Zapdos|41/100|[from] item: Leftovers
|upkeep
|turn|31
|
|t:|1757808253
|move|p1a: Great Tusk|Knock Off|p2a: Zapdos
|-damage|p2a: Zapdos|3/100
|-status|p1a: Great Tusk|par|[from] ability: Static|[of] p2a: Zapdos
|-enditem|p2a: Zapdos|Leftovers|[from] move: Knock Off|[of] p1a: Great Tusk
|move|p2a: Zapdos|Heat Wave|p1a: Great Tusk
|-damage|p1a: Great Tusk|0 fnt
|faint|p1a: Great Tusk
|-end|p1a: Great Tusk|Protosynthesis|[silent]
|
|upkeep
|
|t:|1757808261
|switch|p1a: Iron Valiant|Iron Valiant|100/100
|turn|32
|
|t:|1757808280
|switch|p2a: Tyranitar|Tyranitar, F|92/100
|-weather|Sandstorm|[from] ability: Sand Stream|[of] p2a: Tyranitar
|move|p1a: Iron Valiant|Close Combat|p2a: Tyranitar
|-supereffective|p2a: Tyranitar
|-damage|p2a: Tyranitar|0 fnt
|-unboost|p1a: Iron Valiant|def|1
|-unboost|p1a: Iron Valiant|spd|1
|faint|p2a: Tyranitar
|
|-weather|Sandstorm|[upkeep]
|-damage|p1a: Iron Valiant|94/100|[from] Sandstorm
|upkeep
|
|t:|1757808293
|switch|p2a: Excadrill|Excadrill, M|20/100
|turn|33
|
|t:|1757808301
|-end|p1a: Iron Valiant|Quark Drive|[silent]
|switch|p1a: Cinderace|Cinderace, M|100/100
|-terastallize|p2a: Excadrill|Ground
|move|p2a: Excadrill|Earthquake|p1a: Cinderace
|-supereffective|p1a: Cinderace
|-damage|p1a: Cinderace|0 fnt
|faint|p1a: Cinderace
|
|-weather|Sandstorm|[upkeep]
|upkeep
|
|t:|1757808309
|switch|p1a: Iron Valiant|Iron Valiant|94/100
|turn|34
|
|t:|1757808314
|-terastallize|p1a: Iron Valiant|Ghost
|move|p1a: Iron Valiant|Shadow Sneak|p2a: Excadrill
|-damage|p2a: Excadrill|0 fnt
|faint|p2a: Excadrill
|
|-weather|Sandstorm|[upkeep]
|-damage|p1a: Iron Valiant|88/100|[from] Sandstorm
|upkeep
|-message|feng shen jianyv forfeited.
|
|win|LovingsApprentice
|raw|LovingsApprentice's rating: 1128 &rarr; <strong>1156</strong><br />(+28 for winning)
|raw|feng shen jianyv's rating: 1169 &rarr; <strong>1141</strong><br />(-28 for losing)
|l|☆feng shen jianyv
|player|p2|
