|j|☆autosepha
|j|☆flions
|t:|1757811188
|gametype|singles
|player|p1|autosepha|psychicf-gen4|1342
|player|p2|flions|dawn|1388
|gen|9
|tier|[Gen 9] OU
|rated|
|rule|HP Percentage Mod: HP is shown in percentages
|rule|Endless Battle Clause: Forcing endless battles is banned
|rule|Species Clause: Limit one of each Pokémon
|rule|OHKO Clause: OHKO moves are banned
|rule|Evasion Items Clause: Evasion items are banned
|rule|Evasion Moves Clause: Evasion moves are banned
|rule|Evasion Abilities Clause: Evasion abilities are banned
|rule|Sleep Moves Clause: Sleep-inducing moves are banned
|clearpoke
|poke|p1|Ceruledge, F|
|poke|p1|Gholdengo|
|poke|p1|Dragapult, M|
|poke|p1|Palossand, M|
|poke|p1|Gengar, F|
|poke|p1|Sinistcha|
|poke|p2|Glimmora, M|
|poke|p2|Iron Treads|
|poke|p2|Polteageist-Antique|
|poke|p2|Raging Bolt|
|poke|p2|Dragonite, F|
|poke|p2|Zamazenta-*|
|teampreview
|
|t:|1757811205
|teamsize|p1|6
|teamsize|p2|6
|start
|switch|p1a: Palossand|Palossand, M, shiny|100/100
|switch|p2a: Iron Treads|Iron Treads|100/100
|-enditem|p2a: Iron Treads|Booster Energy
|-activate|p2a: Iron Treads|ability: Quark Drive|[fromitem]
|-start|p2a: Iron Treads|quarkdrivespe
|turn|1
|
|t:|1757811214
|move|p2a: Iron Treads|Stealth Rock|p1a: Palossand
|-sidestart|p1: autosepha|move: Stealth Rock
|move|p1a: Palossand|Stealth Rock|p2a: Iron Treads
|-sidestart|p2: flions|move: Stealth Rock
|
|upkeep
|turn|2
|
|t:|1757811235
|move|p2a: Iron Treads|Knock Off|p1a: Palossand
|-supereffective|p1a: Palossand
|-damage|p1a: Palossand|71/100
|-damage|p2a: Iron Treads|84/100|[from] item: Rocky Helmet|[of] p1a: Palossand
|-enditem|p1a: Palossand|Rocky Helmet|[from] move: Knock Off|[of] p2a: Iron Treads
|move|p1a: Palossand|Earth Power|p2a: Iron Treads
|-supereffective|p2a: Iron Treads
|-damage|p2a: Iron Treads|11/100
|
|upkeep
|turn|3
|
|t:|1757811273
|-end|p2a: Iron Treads|Quark Drive|[silent]
|switch|p2a: Polteageist|Polteageist-Antique|100/100
|-damage|p2a: Polteageist|88/100|[from] Stealth Rock
|move|p1a: Palossand|Earth Power|p2a: Polteageist
|-damage|p2a: Polteageist|54/100
|
|upkeep
|turn|4
|
|t:|1757811292
|move|p2a: Polteageist|Shell Smash|p2a: Polteageist
|-unboost|p2a: Polteageist|def|1
|-unboost|p2a: Polteageist|spd|1
|-boost|p2a: Polteageist|atk|2
|-boost|p2a: Polteageist|spa|2
|-boost|p2a: Polteageist|spe|2
|move|p1a: Palossand|Earth Power|p2a: Polteageist
|-damage|p2a: Polteageist|3/100
|
|upkeep
|turn|5
|
|t:|1757811305
|move|p2a: Polteageist|Shadow Ball|p1a: Palossand
|-supereffective|p1a: Palossand
|-damage|p1a: Palossand|0 fnt
|faint|p1a: Palossand
|
|upkeep
|
|t:|1757811310
|switch|p1a: Ceruledge|Ceruledge, F, shiny|100/100
|turn|6
|
|t:|1757811315
|move|p1a: Ceruledge|Shadow Sneak|p2a: Polteageist
|-supereffective|p2a: Polteageist
|-damage|p2a: Polteageist|0 fnt
|faint|p2a: Polteageist
|
|upkeep
|
|t:|1757811330
|switch|p2a: Glimmora|Glimmora, M|100/100
|-damage|p2a: Glimmora|88/100|[from] Stealth Rock
|turn|7
|
|t:|1757811353
|switch|p1a: Gholdengo|Gholdengo, shiny|100/100
|-damage|p1a: Gholdengo|94/100|[from] Stealth Rock
|move|p2a: Glimmora|Power Gem|p1a: Gholdengo
|-resisted|p1a: Gholdengo
|-damage|p1a: Gholdengo|75/100
|
|-heal|p1a: Gholdengo|81/100|[from] item: Leftovers
|upkeep
|turn|8
|
|t:|1757811367
|switch|p2a: Raging Bolt|Raging Bolt|100/100
|-damage|p2a: Raging Bolt|88/100|[from] Stealth Rock
|-enditem|p2a: Raging Bolt|Booster Energy
|-activate|p2a: Raging Bolt|ability: Protosynthesis|[fromitem]
|-start|p2a: Raging Bolt|protosynthesisspa
|move|p1a: Gholdengo|Thunder Wave|p2a: Raging Bolt
|-immune|p2a: Raging Bolt
|
|-heal|p1a: Gholdengo|87/100|[from] item: Leftovers
|upkeep
|turn|9
|
|t:|1757811385
|move|p2a: Raging Bolt|Calm Mind|p2a: Raging Bolt
|-boost|p2a: Raging Bolt|spa|1
|-boost|p2a: Raging Bolt|spd|1
|move|p1a: Gholdengo|Nasty Plot|p1a: Gholdengo
|-boost|p1a: Gholdengo|spa|2
|
|-heal|p1a: Gholdengo|93/100|[from] item: Leftovers
|upkeep
|turn|10
|
|t:|1757811395
|switch|p1a: Gengar|Gengar, F, shiny|100/100
|-damage|p1a: Gengar|88/100|[from] Stealth Rock
|move|p2a: Raging Bolt|Thunderbolt|p1a: Gengar
|-damage|p1a: Gengar|0 fnt
|-start|p2a: Raging Bolt|Disable|Thunderbolt|[from] ability: Cursed Body|[of] p1a: Gengar
|faint|p1a: Gengar
|
|upkeep
|
|t:|1757811410
|switch|p1a: Dragapult|Dragapult, M, shiny|100/100
|-damage|p1a: Dragapult|88/100|[from] Stealth Rock
|turn|11
|
|t:|1757811413
|move|p1a: Dragapult|Substitute|p1a: Dragapult
|-start|p1a: Dragapult|Substitute
|-damage|p1a: Dragapult|63/100
|move|p2a: Raging Bolt|Dragon Pulse|p1a: Dragapult
|-supereffective|p1a: Dragapult
|-end|p1a: Dragapult|Substitute
|
|-heal|p1a: Dragapult|69/100|[from] item: Leftovers
|upkeep
|turn|12
|
|t:|1757811422
|move|p1a: Dragapult|Dragon Darts|p2a: Raging Bolt
|-supereffective|p2a: Raging Bolt
|-damage|p2a: Raging Bolt|39/100
|-anim|p1a: Dragapult|Dragon Darts|p2a: Raging Bolt
|-supereffective|p2a: Raging Bolt
|-damage|p2a: Raging Bolt|0 fnt
|faint|p2a: Raging Bolt
|-end|p2a: Raging Bolt|Protosynthesis|[silent]
|
|-heal|p1a: Dragapult|75/100|[from] item: Leftovers
|upkeep
|
|t:|1757811455
|switch|p2a: Zamazenta|Zamazenta|100/100
|-damage|p2a: Zamazenta|94/100|[from] Stealth Rock
|-ability|p2a: Zamazenta|Dauntless Shield|boost
|-boost|p2a: Zamazenta|def|1
|turn|13
|
|t:|1757811468
|switch|p1a: Gholdengo|Gholdengo, shiny|93/100
|-damage|p1a: Gholdengo|87/100|[from] Stealth Rock
|move|p2a: Zamazenta|Iron Defense|p2a: Zamazenta
|-boost|p2a: Zamazenta|def|2
|
|-heal|p2a: Zamazenta|100/100|[from] item: Leftovers
|-heal|p1a: Gholdengo|93/100|[from] item: Leftovers
|upkeep
|turn|14
|
|t:|1757811500
|move|p2a: Zamazenta|Crunch|p1a: Gholdengo
|-supereffective|p1a: Gholdengo
|-damage|p1a: Gholdengo|62/100
|move|p1a: Gholdengo|Thunder Wave|p2a: Zamazenta
|-status|p2a: Zamazenta|par
|
|-heal|p1a: Gholdengo|68/100|[from] item: Leftovers
|upkeep
|turn|15
|
|t:|1757811518
|move|p1a: Gholdengo|Hex|p2a: Zamazenta
|-damage|p2a: Zamazenta|47/100 par
|move|p2a: Zamazenta|Roar|p1a: Gholdengo
|-immune|p1a: Gholdengo|[from] ability: Good as Gold
|
|-heal|p1a: Gholdengo|75/100|[from] item: Leftovers
|-heal|p2a: Zamazenta|54/100 par|[from] item: Leftovers
|upkeep
|turn|16
|
|t:|1757811529
|switch|p2a: Iron Treads|Iron Treads|11/100
|-damage|p2a: Iron Treads|8/100|[from] Stealth Rock
|move|p1a: Gholdengo|Hex|p2a: Iron Treads
|-damage|p2a: Iron Treads|0 fnt
|faint|p2a: Iron Treads
|-end|p2a: Iron Treads|Quark Drive|[silent]
|
|-heal|p1a: Gholdengo|81/100|[from] item: Leftovers
|upkeep
|
|t:|1757811538
|switch|p2a: 快龙一定要快|Dragonite, F|100/100
|-damage|p2a: 快龙一定要快|76/100|[from] Stealth Rock
|turn|17
|
|t:|1757811543
|move|p1a: Gholdengo|Thunder Wave|p2a: 快龙一定要快
|-status|p2a: 快龙一定要快|par
|cant|p2a: 快龙一定要快|par
|
|-heal|p1a: Gholdengo|87/100|[from] item: Leftovers
|upkeep
|turn|18
|
|t:|1757811549
|move|p1a: Gholdengo|Hex|p2a: 快龙一定要快
|-crit|p2a: 快龙一定要快
|-damage|p2a: 快龙一定要快|0 fnt
|faint|p2a: 快龙一定要快
|
|-heal|p1a: Gholdengo|93/100|[from] item: Leftovers
|upkeep
|
|t:|1757811554
|switch|p2a: Glimmora|Glimmora, M|88/100
|-damage|p2a: Glimmora|76/100|[from] Stealth Rock
|turn|19
|
|t:|1757811558
|move|p2a: Glimmora|Earth Power|p1a: Gholdengo
|-supereffective|p1a: Gholdengo
|-damage|p1a: Gholdengo|29/100
|move|p1a: Gholdengo|Thunder Wave|p2a: Glimmora
|-status|p2a: Glimmora|par
|
|-heal|p1a: Gholdengo|35/100|[from] item: Leftovers
|upkeep
|turn|20
|
|t:|1757811565
|cant|p2a: Glimmora|par
|move|p1a: Gholdengo|Hex|p2a: Glimmora
|-damage|p2a: Glimmora|0 fnt
|faint|p2a: Glimmora
|
|-heal|p1a: Gholdengo|41/100|[from] item: Leftovers
|upkeep
|-message|flions forfeited.
|
|win|autosepha
|raw|autosepha's rating: 1342 &rarr; <strong>1365</strong><br />(+23 for winning)
|raw|flions's rating: 1388 &rarr; <strong>1365</strong><br />(-23 for losing)
|l|☆flions
|player|p2|
|l|☆autosepha
|player|p1|
