|j|☆moutisma-water
|j|☆kaigranola
|t:|1757928080
|gametype|singles
|player|p1|moutisma-water|lucas|1211
|player|p2|kaigranola|collector|1275
|gen|9
|tier|[Gen 9] OU
|rated|
|rule|HP Percentage Mod: HP is shown in percentages
|rule|Endless Battle Clause: Forcing endless battles is banned
|rule|Species Clause: Limit one of each Pokémon
|rule|OHKO Clause: OHKO moves are banned
|rule|Evasion Items Clause: Evasion items are banned
|rule|Evasion Moves Clause: Evasion moves are banned
|rule|Evasion Abilities Clause: Evasion abilities are banned
|rule|Sleep Moves Clause: Sleep-inducing moves are banned
|clearpoke
|poke|p1|Meowscarada, M|
|poke|p1|Incineroar, M|
|poke|p1|Raikou|
|poke|p1|Perrserker, F|
|poke|p1|Mew|
|poke|p1|Persian-Alola, M|
|poke|p2|Iron Crown|
|poke|p2|Meowscarada, M|
|poke|p2|Great Tusk|
|poke|p2|Pecharunt|
|poke|p2|Ting-Lu|
|poke|p2|Iron Valiant|
|teampreview
|
|t:|1757928095
|teamsize|p1|6
|teamsize|p2|6
|start
|switch|p1a: Miaw 🧱|Perrserker, F|100/100
|switch|p2a: Meowscarada|Meowscarada, M|100/100
|turn|1
|
|t:|1757928107
|move|p2a: Meowscarada|U-turn|p1a: Miaw 🧱
|-start|p2a: Meowscarada|typechange|Bug|[from] ability: Protean
|-resisted|p1a: Miaw 🧱
|-damage|p1a: Miaw 🧱|82/100
|
|t:|1757928112
|switch|p2a: Pecharunt|Pecharunt|100/100|[from] U-turn
|move|p1a: Miaw 🧱|Stealth Rock|p2a: Pecharunt
|-sidestart|p2: kaigranola|move: Stealth Rock
|
|-heal|p1a: Miaw 🧱|88/100|[from] item: Leftovers
|upkeep
|turn|2
|
|t:|1757928125
|switch|p1a: MIOW|Incineroar, M|100/100
|-ability|p1a: MIOW|Intimidate|boost
|-unboost|p2a: Pecharunt|atk|1
|move|p2a: Pecharunt|Parting Shot|p1a: MIOW
|-unboost|p1a: MIOW|atk|1
|-unboost|p1a: MIOW|spa|1
|
|t:|1757928133
|switch|p2a: Ting-Lu|Ting-Lu|100/100|[from] Parting Shot
|-damage|p2a: Ting-Lu|94/100|[from] Stealth Rock
|-ability|p2a: Ting-Lu|Vessel of Ruin
|
|-heal|p2a: Ting-Lu|100/100|[from] item: Leftovers
|upkeep
|turn|3
|
|t:|1757928140
|switch|p1a: Persian|Persian-Alola, M|100/100
|move|p2a: Ting-Lu|Stealth Rock|p1a: Persian
|-sidestart|p1: moutisma-water|move: Stealth Rock
|
|upkeep
|turn|4
|
|t:|1757928152
|switch|p2a: Meowscarada|Meowscarada, M|100/100
|-damage|p2a: Meowscarada|88/100|[from] Stealth Rock
|move|p1a: Persian|Switcheroo|p2a: Meowscarada
|-activate|p1a: Persian|move: Trick|[of] p2a: Meowscarada
|-item|p2a: Meowscarada|Choice Specs|[from] move: Switcheroo
|-item|p1a: Persian|Choice Band|[from] move: Switcheroo
|
|upkeep
|turn|5
|
|t:|1757928165
|move|p2a: Meowscarada|U-turn|p1a: Persian
|-start|p2a: Meowscarada|typechange|Bug|[from] ability: Protean
|-supereffective|p1a: Persian
|-damage|p1a: Persian|52/100
|
|t:|1757928172
|switch|p2a: Pecharunt|Pecharunt|100/100|[from] U-turn
|move|p1a: Persian|Parting Shot|p2a: Pecharunt
|-unboost|p2a: Pecharunt|atk|1
|-unboost|p2a: Pecharunt|spa|1
|
|t:|1757928176
|switch|p1a: MIOW|Incineroar, M|100/100|[from] Parting Shot
|-ability|p1a: MIOW|Intimidate|boost
|-unboost|p2a: Pecharunt|atk|1
|
|upkeep
|turn|6
|
|t:|1757928182
|move|p1a: MIOW|Knock Off|p2a: Pecharunt
|-supereffective|p2a: Pecharunt
|-damage|p2a: Pecharunt|56/100
|-enditem|p2a: Pecharunt|Heavy-Duty Boots|[from] move: Knock Off|[of] p1a: MIOW
|move|p2a: Pecharunt|Parting Shot|p1a: MIOW
|-unboost|p1a: MIOW|atk|1
|-unboost|p1a: MIOW|spa|1
|
|t:|1757928189
|switch|p2a: Great Tusk|Great Tusk|100/100|[from] Parting Shot
|-damage|p2a: Great Tusk|98/100|[from] Stealth Rock
|
|-heal|p2a: Great Tusk|100/100|[from] item: Leftovers
|upkeep
|turn|7
|
|t:|1757928196
|switch|p1a: Persian|Persian-Alola, M|52/100
|-damage|p1a: Persian|40/100|[from] Stealth Rock
|move|p2a: Great Tusk|Rapid Spin|p1a: Persian
|-damage|p1a: Persian|28/100
|-boost|p2a: Great Tusk|spe|1
|-sideend|p2: kaigranola|Stealth Rock|[from] move: Rapid Spin|[of] p2a: Great Tusk
|
|upkeep
|turn|8
|
|t:|1757928208
|move|p2a: Great Tusk|Headlong Rush|p1a: Persian
|-damage|p1a: Persian|0 fnt
|-unboost|p2a: Great Tusk|def|1
|-unboost|p2a: Great Tusk|spd|1
|faint|p1a: Persian
|
|upkeep
|
|t:|1757928213
|switch|p1a: MIOW|Incineroar, M|100/100
|-ability|p1a: MIOW|Intimidate|boost
|-unboost|p2a: Great Tusk|atk|1
|turn|9
|
|t:|1757928220
|switch|p1a: Mew mew|Mew|100/100
|-damage|p1a: Mew mew|88/100|[from] Stealth Rock
|move|p2a: Great Tusk|Headlong Rush|p1a: Mew mew
|-damage|p1a: Mew mew|56/100
|-unboost|p2a: Great Tusk|def|1
|-unboost|p2a: Great Tusk|spd|1
|
|upkeep
|turn|10
|
|t:|1757928229
|-end|p2a: Great Tusk|Protosynthesis|[silent]
|switch|p2a: Ting-Lu|Ting-Lu|100/100
|-ability|p2a: Ting-Lu|Vessel of Ruin
|move|p1a: Mew mew|Psychic|p2a: Ting-Lu
|-immune|p2a: Ting-Lu
|
|upkeep
|turn|11
|
|t:|1757928239
|move|p1a: Mew mew|Nasty Plot|p1a: Mew mew
|-boost|p1a: Mew mew|spa|2
|move|p2a: Ting-Lu|Ruination|p1a: Mew mew
|-damage|p1a: Mew mew|28/100
|
|upkeep
|turn|12
|
|t:|1757928245
|move|p1a: Mew mew|Alluring Voice|p2a: Ting-Lu
|-supereffective|p2a: Ting-Lu
|-damage|p2a: Ting-Lu|53/100
|-damage|p1a: Mew mew|18/100|[from] item: Life Orb
|move|p2a: Ting-Lu|Whirlwind|p1a: Mew mew
|drag|p1a: MIAW|Raikou|100/100
|-damage|p1a: MIAW|88/100|[from] Stealth Rock
|-ability|p1a: MIAW|Pressure
|
|-heal|p2a: Ting-Lu|60/100|[from] item: Leftovers
|upkeep
|turn|13
|
|t:|1757928256
|move|p1a: MIAW|Aura Sphere|p2a: Ting-Lu
|-supereffective|p2a: Ting-Lu
|-damage|p2a: Ting-Lu|39/100
|move|p2a: Ting-Lu|Earthquake|p1a: MIAW
|-supereffective|p1a: MIAW
|-damage|p1a: MIAW|0 fnt
|faint|p1a: MIAW
|
|-heal|p2a: Ting-Lu|46/100|[from] item: Leftovers
|upkeep
|
|t:|1757928284
|switch|p1a: Miiiiiaaaaw|Meowscarada, M|100/100
|-damage|p1a: Miiiiiaaaaw|88/100|[from] Stealth Rock
|turn|14
|
|t:|1757928296
|switch|p2a: Pecharunt|Pecharunt|56/100
|move|p1a: Miiiiiaaaaw|Flower Trick|p2a: Pecharunt
|-start|p1a: Miiiiiaaaaw|typechange|Grass|[from] ability: Protean
|-resisted|p2a: Pecharunt
|-crit|p2a: Pecharunt
|-damage|p2a: Pecharunt|39/100
|
|upkeep
|turn|15
|
|t:|1757928305
|switch|p1a: MIOW|Incineroar, M|100/100
|-ability|p1a: MIOW|Intimidate|boost
|-unboost|p2a: Pecharunt|atk|1
|move|p2a: Pecharunt|Recover|p2a: Pecharunt
|-heal|p2a: Pecharunt|89/100
|
|upkeep
|turn|16
|
|t:|1757928316
|move|p1a: MIOW|Swords Dance|p1a: MIOW
|-boost|p1a: MIOW|atk|2
|move|p2a: Pecharunt|Parting Shot|p1a: MIOW
|-unboost|p1a: MIOW|atk|1
|-unboost|p1a: MIOW|spa|1
|
|t:|1757928326
|switch|p2a: Great Tusk|Great Tusk|100/100|[from] Parting Shot
|
|upkeep
|turn|17
|
|t:|1757928365
|-terastallize|p1a: MIOW|Fighting
|move|p2a: Great Tusk|Headlong Rush|p1a: MIOW
|-damage|p1a: MIOW|43/100
|-unboost|p2a: Great Tusk|def|1
|-unboost|p2a: Great Tusk|spd|1
|move|p1a: MIOW|Flame Charge|p2a: Great Tusk
|-damage|p2a: Great Tusk|67/100
|-boost|p1a: MIOW|spe|1
|
|-heal|p2a: Great Tusk|73/100|[from] item: Leftovers
|upkeep
|turn|18
|
|t:|1757928380
|-terastallize|p2a: Great Tusk|Fire
|move|p1a: MIOW|Close Combat|p2a: Great Tusk
|-damage|p2a: Great Tusk|0 fnt
|-unboost|p1a: MIOW|def|1
|-unboost|p1a: MIOW|spd|1
|faint|p2a: Great Tusk
|-end|p2a: Great Tusk|Protosynthesis|[silent]
|
|upkeep
|
|t:|1757928392
|switch|p2a: Iron Valiant|Iron Valiant|100/100
|-enditem|p2a: Iron Valiant|Booster Energy
|-activate|p2a: Iron Valiant|ability: Quark Drive|[fromitem]
|-start|p2a: Iron Valiant|quarkdrivespe
|turn|19
|
|t:|1757928397
|move|p2a: Iron Valiant|Moonblast|p1a: MIOW
|-supereffective|p1a: MIOW
|-damage|p1a: MIOW|0 fnt
|faint|p1a: MIOW
|
|upkeep
|
|t:|1757928400
|switch|p1a: Miaw 🧱|Perrserker, F|88/100
|-damage|p1a: Miaw 🧱|82/100|[from] Stealth Rock
|turn|20
|
|t:|1757928404
|move|p2a: Iron Valiant|Close Combat|p1a: Miaw 🧱
|-supereffective|p1a: Miaw 🧱
|-damage|p1a: Miaw 🧱|4/100
|-unboost|p2a: Iron Valiant|def|1
|-unboost|p2a: Iron Valiant|spd|1
|move|p1a: Miaw 🧱|Iron Head|p2a: Iron Valiant
|-supereffective|p2a: Iron Valiant
|-damage|p2a: Iron Valiant|0 fnt
|faint|p2a: Iron Valiant
|-end|p2a: Iron Valiant|Quark Drive|[silent]
|
|-heal|p1a: Miaw 🧱|10/100|[from] item: Leftovers
|upkeep
|
|t:|1757928414
|switch|p2a: Meowscarada|Meowscarada, M|88/100
|turn|21
|
|t:|1757928417
|move|p2a: Meowscarada|U-turn|p1a: Miaw 🧱
|-start|p2a: Meowscarada|typechange|Bug|[from] ability: Protean
|-resisted|p1a: Miaw 🧱
|-damage|p1a: Miaw 🧱|0 fnt
|faint|p1a: Miaw 🧱
|
|t:|1757928427
|switch|p2a: Ting-Lu|Ting-Lu|46/100|[from] U-turn
|-ability|p2a: Ting-Lu|Vessel of Ruin
|
|-heal|p2a: Ting-Lu|52/100|[from] item: Leftovers
|upkeep
|
|t:|1757928430
|switch|p1a: Miiiiiaaaaw|Meowscarada, M|88/100
|-damage|p1a: Miiiiiaaaaw|76/100|[from] Stealth Rock
|turn|22
|
|t:|1757928441
|move|p1a: Miiiiiaaaaw|Shadow Claw|p2a: Ting-Lu
|-start|p1a: Miiiiiaaaaw|typechange|Ghost|[from] ability: Protean
|-resisted|p2a: Ting-Lu
|-damage|p2a: Ting-Lu|39/100
|move|p2a: Ting-Lu|Ruination|p1a: Miiiiiaaaaw
|-damage|p1a: Miiiiiaaaaw|38/100
|
|-heal|p2a: Ting-Lu|45/100|[from] item: Leftovers
|upkeep
|turn|23
|
|t:|1757928451
|switch|p1a: Mew mew|Mew|18/100
|-damage|p1a: Mew mew|6/100|[from] Stealth Rock
|move|p2a: Ting-Lu|Earthquake|p1a: Mew mew
|-damage|p1a: Mew mew|0 fnt
|faint|p1a: Mew mew
|
|-heal|p2a: Ting-Lu|52/100|[from] item: Leftovers
|upkeep
|
|t:|1757928456
|switch|p1a: Miiiiiaaaaw|Meowscarada, M|38/100
|-damage|p1a: Miiiiiaaaaw|26/100|[from] Stealth Rock
|turn|24
|
|t:|1757928462
|move|p1a: Miiiiiaaaaw|Triple Axel|p2a: Ting-Lu
|-start|p1a: Miiiiiaaaaw|typechange|Ice|[from] ability: Protean
|-supereffective|p2a: Ting-Lu
|-damage|p2a: Ting-Lu|35/100
|-supereffective|p2a: Ting-Lu
|-damage|p2a: Ting-Lu|7/100
|-supereffective|p2a: Ting-Lu
|-damage|p2a: Ting-Lu|0 fnt
|faint|p2a: Ting-Lu
|-hitcount|p2: Ting-Lu|3
|
|upkeep
|c|☆kaigranola|what are we doing dog
|
|t:|1757928481
|switch|p2a: Pecharunt|Pecharunt|89/100
|turn|25
|
|t:|1757928486
|move|p1a: Miiiiiaaaaw|Triple Axel|p2a: Pecharunt
|-damage|p2a: Pecharunt|83/100
|-damage|p2a: Pecharunt|68/100
|-damage|p2a: Pecharunt|47/100
|-hitcount|p2a: Pecharunt|3
|move|p2a: Pecharunt|Malignant Chain|p1a: Miiiiiaaaaw
|-damage|p1a: Miiiiiaaaaw|0 fnt
|faint|p1a: Miiiiiaaaaw
|
|win|kaigranola
|raw|moutisma-water's rating: 1211 &rarr; <strong>1191</strong><br />(-20 for losing)
|raw|kaigranola's rating: 1275 &rarr; <strong>1295</strong><br />(+20 for winning)
|l|☆kaigranola
|player|p2|
