|j|☆Tom5283
|j|☆10 mil abelhas
|t:|1757808801
|gametype|singles
|player|p1|Tom5283|hilbert|1255
|player|p2|10 mil abelhas|fisherman-gen4|1236
|gen|9
|tier|[Gen 9] OU
|rated|
|rule|HP Percentage Mod: HP is shown in percentages
|rule|Endless Battle Clause: Forcing endless battles is banned
|rule|Species Clause: Limit one of each Pokémon
|rule|OHKO Clause: OHKO moves are banned
|rule|Evasion Items Clause: Evasion items are banned
|rule|Evasion Moves Clause: Evasion moves are banned
|rule|Evasion Abilities Clause: Evasion abilities are banned
|rule|Sleep Moves Clause: Sleep-inducing moves are banned
|clearpoke
|poke|p1|Zoroark-Hisui, M|
|poke|p1|Delphox, F|
|poke|p1|Hydreigon, M|
|poke|p1|Scizor, F|
|poke|p1|Clodsire, M|
|poke|p1|Avalugg-Hisui, M|
|poke|p2|Dragonite, F|
|poke|p2|Ting-Lu|
|poke|p2|Gholdengo|
|poke|p2|Iron Valiant|
|poke|p2|Zamazenta-*|
|poke|p2|Kingambit, F|
|teampreview
|inactive|Battle timer is ON: inactive players will automatically lose when time's up. (requested by 10 mil abelhas)
|inactive|Tom5283 also wants the timer to be on.
|
|t:|1757808817
|teamsize|p1|6
|teamsize|p2|6
|start
|switch|p1a: Delphox|Delphox, F, shiny|100/100
|switch|p2a: Dragonite|Dragonite, F|100/100
|turn|1
|
|t:|1757808834
|move|p2a: Dragonite|Dragon Dance|p2a: Dragonite
|-boost|p2a: Dragonite|atk|1
|-boost|p2a: Dragonite|spe|1
|move|p1a: Delphox|Psychic Noise|p2a: Dragonite
|-damage|p2a: Dragonite|86/100
|-start|p2a: Dragonite|move: Heal Block
|-item|p1a: Delphox|Heavy-Duty Boots|[from] ability: Magician|[of] p2a: Dragonite
|
|upkeep
|turn|2
|
|t:|1757808848
|switch|p1a: Clodsire|Clodsire, M, shiny|100/100
|move|p2a: Dragonite|Dragon Dance|p2a: Dragonite
|-boost|p2a: Dragonite|atk|1
|-boost|p2a: Dragonite|spe|1
|
|-end|p2a: Dragonite|move: Heal Block
|upkeep
|turn|3
|
|t:|1757808859
|move|p2a: Dragonite|Dragon Dance|p2a: Dragonite
|-boost|p2a: Dragonite|atk|1
|-boost|p2a: Dragonite|spe|1
|move|p1a: Clodsire|Haze|p1a: Clodsire
|-clearallboost
|
|upkeep
|turn|4
|c|☆10 mil abelhas|:(
|
|t:|1757808874
|switch|p2a: Gholdengo|Gholdengo|100/100
|-item|p2a: Gholdengo|Air Balloon
|move|p1a: Clodsire|Toxic|p2a: Gholdengo
|-immune|p2a: Gholdengo|[from] ability: Good as Gold
|
|upkeep
|turn|5
|
|t:|1757808896
|move|p2a: Gholdengo|Nasty Plot|p2a: Gholdengo
|-boost|p2a: Gholdengo|spa|2
|move|p1a: Clodsire|Liquidation|p2a: Gholdengo
|-damage|p2a: Gholdengo|83/100
|-unboost|p2a: Gholdengo|def|1
|-enditem|p2a: Gholdengo|Air Balloon
|
|upkeep
|turn|6
|
|t:|1757808907
|move|p2a: Gholdengo|Make It Rain|p1a: Clodsire
|-damage|p1a: Clodsire|32/100
|-unboost|p2a: Gholdengo|spa|1
|move|p1a: Clodsire|Liquidation|p2a: Gholdengo
|-damage|p2a: Gholdengo|53/100
|-unboost|p2a: Gholdengo|def|1
|
|upkeep
|turn|7
|
|t:|1757808917
|move|p2a: Gholdengo|Recover|p2a: Gholdengo
|-heal|p2a: Gholdengo|100/100
|move|p1a: Clodsire|Recover|p1a: Clodsire
|-heal|p1a: Clodsire|82/100
|
|upkeep
|turn|8
|
|t:|1757808925
|move|p2a: Gholdengo|Shadow Ball|p1a: Clodsire
|-damage|p1a: Clodsire|46/100
|move|p1a: Clodsire|Liquidation|p2a: Gholdengo
|-damage|p2a: Gholdengo|66/100
|
|upkeep
|turn|9
|
|t:|1757808932
|move|p2a: Gholdengo|Nasty Plot|p2a: Gholdengo
|-boost|p2a: Gholdengo|spa|2
|move|p1a: Clodsire|Liquidation|p2a: Gholdengo
|-damage|p2a: Gholdengo|22/100
|
|upkeep
|turn|10
|
|t:|1757808944
|move|p2a: Gholdengo|Make It Rain|p1a: Clodsire
|-damage|p1a: Clodsire|0 fnt
|-unboost|p2a: Gholdengo|spa|1
|faint|p1a: Clodsire
|
|upkeep
|
|t:|1757808956
|switch|p1a: Hydreigon|Hydreigon, M|100/100
|turn|11
|
|t:|1757808965
|move|p1a: Hydreigon|Dark Pulse|p2a: Gholdengo
|-supereffective|p2a: Gholdengo
|-damage|p2a: Gholdengo|0 fnt
|faint|p2a: Gholdengo
|
|upkeep
|
|t:|1757808973
|switch|p2a: Zamazenta|Zamazenta|100/100
|-ability|p2a: Zamazenta|Dauntless Shield|boost
|-boost|p2a: Zamazenta|def|1
|turn|12
|inactive|Tom5283 has 120 seconds left.
|
|t:|1757809022
|switch|p1a: Scizor|Scizor, F|100/100
|move|p2a: Zamazenta|Howl|p2a: Zamazenta
|-boost|p2a: Zamazenta|atk|1
|
|upkeep
|turn|13
|
|t:|1757809034
|move|p2a: Zamazenta|Close Combat|p1a: Scizor
|-immune|p1a: Scizor
|move|p1a: Scizor|Will-O-Wisp|p2a: Zamazenta
|-status|p2a: Zamazenta|brn
|
|-damage|p2a: Zamazenta|94/100 brn|[from] brn
|upkeep
|turn|14
|
|t:|1757809050
|move|p2a: Zamazenta|Crunch|p1a: Scizor
|-supereffective|p1a: Scizor
|-damage|p1a: Scizor|33/100
|replace|p1a: Zoroark|Zoroark-Hisui, M
|-end|p1a: Zoroark|Illusion
|-enditem|p1a: Zoroark|Sitrus Berry|[eat]
|-heal|p1a: Zoroark|58/100|[from] item: Sitrus Berry
|move|p1a: Zoroark|Calm Mind|p1a: Zoroark
|-boost|p1a: Zoroark|spa|1
|-boost|p1a: Zoroark|spd|1
|
|-damage|p2a: Zamazenta|88/100 brn|[from] brn
|upkeep
|turn|15
|
|t:|1757809063
|move|p2a: Zamazenta|Crunch|p1a: Zoroark
|-supereffective|p1a: Zoroark
|-damage|p1a: Zoroark|0 fnt
|faint|p1a: Zoroark
|
|-damage|p2a: Zamazenta|82/100 brn|[from] brn
|upkeep
|c|☆10 mil abelhas|I was so confused for a second wtf
|
|t:|1757809080
|switch|p1a: Delphox|Delphox, F, shiny|100/100
|turn|16
|
|t:|1757809084
|move|p2a: Zamazenta|Crunch|p1a: Delphox
|-supereffective|p1a: Delphox
|-damage|p1a: Delphox|61/100
|move|p1a: Delphox|Psychic Noise|p2a: Zamazenta
|-supereffective|p2a: Zamazenta
|-damage|p2a: Zamazenta|32/100 brn
|-start|p2a: Zamazenta|move: Heal Block
|
|-damage|p2a: Zamazenta|26/100 brn|[from] brn
|upkeep
|turn|17
|
|t:|1757809096
|move|p2a: Zamazenta|Crunch|p1a: Delphox
|-supereffective|p1a: Delphox
|-damage|p1a: Delphox|26/100
|move|p1a: Delphox|Wish|p1a: Delphox
|
|-damage|p2a: Zamazenta|20/100 brn|[from] brn
|-end|p2a: Zamazenta|move: Heal Block
|upkeep
|turn|18
|
|t:|1757809104
|move|p1a: Delphox|Protect|p1a: Delphox
|-singleturn|p1a: Delphox|Protect
|move|p2a: Zamazenta|Crunch|p1a: Delphox
|-activate|p1a: Delphox|move: Protect
|
|-heal|p1a: Delphox|76/100|[from] move: Wish|[wisher] Delphox
|-damage|p2a: Zamazenta|14/100 brn|[from] brn
|upkeep
|turn|19
|
|t:|1757809119
|move|p2a: Zamazenta|Crunch|p1a: Delphox
|-supereffective|p1a: Delphox
|-damage|p1a: Delphox|37/100
|-unboost|p1a: Delphox|def|1
|move|p1a: Delphox|Wish|p1a: Delphox
|
|-damage|p2a: Zamazenta|8/100 brn|[from] brn
|upkeep
|turn|20
|
|t:|1757809127
|move|p1a: Delphox|Protect|p1a: Delphox
|-singleturn|p1a: Delphox|Protect
|move|p2a: Zamazenta|Crunch|p1a: Delphox
|-activate|p1a: Delphox|move: Protect
|
|-heal|p1a: Delphox|87/100|[from] move: Wish|[wisher] Delphox
|-damage|p2a: Zamazenta|1/100 brn|[from] brn
|upkeep
|turn|21
|inactive|Tom5283 has 120 seconds left.
|
|t:|1757809138
|switch|p1a: Hydreigon|Hydreigon, M|100/100
|move|p2a: Zamazenta|Crunch|p1a: Hydreigon
|-resisted|p1a: Hydreigon
|-damage|p1a: Hydreigon|89/100
|
|-damage|p2a: Zamazenta|0 fnt|[from] brn
|faint|p2a: Zamazenta
|upkeep
|
|t:|1757809151
|switch|p2a: Iron Valiant|Iron Valiant|100/100
|-enditem|p2a: Iron Valiant|Booster Energy
|-activate|p2a: Iron Valiant|ability: Quark Drive|[fromitem]
|-start|p2a: Iron Valiant|quarkdrivespe
|turn|22
|
|t:|1757809163
|-terastallize|p1a: Hydreigon|Steel
|move|p2a: Iron Valiant|Calm Mind|p2a: Iron Valiant
|-boost|p2a: Iron Valiant|spa|1
|-boost|p2a: Iron Valiant|spd|1
|move|p1a: Hydreigon|Flash Cannon|p2a: Iron Valiant
|-supereffective|p2a: Iron Valiant
|-damage|p2a: Iron Valiant|11/100
|
|upkeep
|turn|23
|-activate|p1a: Hydreigon|item: Quick Claw
|
|t:|1757809172
|move|p2a: Iron Valiant|Vacuum Wave|p1a: Hydreigon
|-supereffective|p1a: Hydreigon
|-damage|p1a: Hydreigon|24/100
|move|p1a: Hydreigon|Flamethrower|p2a: Iron Valiant
|-damage|p2a: Iron Valiant|0 fnt
|faint|p2a: Iron Valiant
|-end|p2a: Iron Valiant|Quark Drive|[silent]
|
|upkeep
|
|t:|1757809186
|switch|p2a: Ting-Lu|Ting-Lu|100/100
|-ability|p2a: Ting-Lu|Vessel of Ruin
|turn|24
|
|t:|1757809205
|move|p1a: Hydreigon|Flash Cannon|p2a: Ting-Lu
|-damage|p2a: Ting-Lu|85/100
|-unboost|p2a: Ting-Lu|spd|1
|-enditem|p2a: Ting-Lu|Red Card|[of] p1a: Hydreigon
|drag|p1a: Avalugg|Avalugg-Hisui, M|100/100
|move|p2a: Ting-Lu|Ruination|p1a: Avalugg
|-damage|p1a: Avalugg|50/100
|
|upkeep
|turn|25
|
|t:|1757809221
|move|p2a: Ting-Lu|Ruination|p1a: Avalugg
|-damage|p1a: Avalugg|26/100
|move|p1a: Avalugg|Snowscape|p1a: Avalugg
|-weather|Snowscape
|
|-weather|Snowscape|[upkeep]
|-heal|p1a: Avalugg|32/100|[from] ability: Ice Body
|upkeep
|turn|26
|
|t:|1757809231
|move|p2a: Ting-Lu|Earthquake|p1a: Avalugg
|-supereffective|p1a: Avalugg
|-damage|p1a: Avalugg|10/100
|move|p1a: Avalugg|Recover|p1a: Avalugg
|-heal|p1a: Avalugg|60/100
|
|-weather|Snowscape|[upkeep]
|-heal|p1a: Avalugg|66/100|[from] ability: Ice Body
|upkeep
|turn|27
|
|t:|1757809244
|move|p2a: Ting-Lu|Taunt|p1a: Avalugg
|-start|p1a: Avalugg|move: Taunt
|cant|p1a: Avalugg|move: Taunt|Aurora Veil
|
|-weather|Snowscape|[upkeep]
|-heal|p1a: Avalugg|73/100|[from] ability: Ice Body
|upkeep
|turn|28
|
|t:|1757809251
|move|p2a: Ting-Lu|Earthquake|p1a: Avalugg
|-supereffective|p1a: Avalugg
|-damage|p1a: Avalugg|52/100
|move|p1a: Avalugg|Avalanche|p2a: Ting-Lu
|-supereffective|p2a: Ting-Lu
|-damage|p2a: Ting-Lu|25/100
|
|-weather|Snowscape|[upkeep]
|-heal|p1a: Avalugg|58/100|[from] ability: Ice Body
|upkeep
|turn|29
|
|t:|1757809262
|move|p2a: Ting-Lu|Ruination|p1a: Avalugg
|-damage|p1a: Avalugg|29/100
|move|p1a: Avalugg|Avalanche|p2a: Ting-Lu
|-supereffective|p2a: Ting-Lu
|-damage|p2a: Ting-Lu|0 fnt
|faint|p2a: Ting-Lu
|
|-weather|none
|-end|p1a: Avalugg|move: Taunt
|upkeep
|
|t:|1757809268
|switch|p2a: Kingambit|Kingambit, F|100/100
|-activate|p2a: Kingambit|ability: Supreme Overlord
|-start|p2a: Kingambit|fallen4|[silent]
|turn|30
|
|t:|1757809279
|move|p2a: Kingambit|Swords Dance|p2a: Kingambit
|-boost|p2a: Kingambit|atk|2
|move|p1a: Avalugg|Recover|p1a: Avalugg
|-heal|p1a: Avalugg|79/100
|
|upkeep
|turn|31
|
|t:|1757809286
|move|p2a: Kingambit|Iron Head|p1a: Avalugg
|-supereffective|p1a: Avalugg
|-damage|p1a: Avalugg|0 fnt
|-damage|p2a: Kingambit|84/100|[from] item: Rocky Helmet|[of] p1a: Avalugg
|faint|p1a: Avalugg
|
|upkeep
|
|t:|1757809293
|switch|p1a: Scizor|Scizor, F|100/100
|turn|32
|c|☆10 mil abelhas|!dt supreme overlord
|raw|<ul class="utilichart"><li class="result"><span class="col namecol"><a href="https://dex.pokemonshowdown.com/abilities/supremeoverlord">Supreme Overlord</a></span> <span class="col abilitydesccol">This Pokemon's moves have 10% more power for each fainted ally, up to 5 allies.</span> </li><li style="clear:both"></li></ul>
|raw|<font size="1"><font color="#686868">Gen:</font> 9</font>

|
|t:|1757809303
|move|p2a: Kingambit|Sucker Punch|p1a: Scizor
|-enditem|p1a: Scizor|Focus Sash
|-damage|p1a: Scizor|1/100
|move|p1a: Scizor|Close Combat|p2a: Kingambit
|-supereffective|p2a: Kingambit
|-damage|p2a: Kingambit|0 fnt
|-unboost|p1a: Scizor|def|1
|-unboost|p1a: Scizor|spd|1
|faint|p2a: Kingambit
|-end|p2a: Kingambit|fallen4|[silent]
|
|upkeep
|
|t:|1757809309
|switch|p2a: Dragonite|Dragonite, F|86/100
|turn|33
|
|t:|1757809318
|move|p1a: Scizor|Bullet Punch|p2a: Dragonite
|-damage|p2a: Dragonite|46/100
|move|p2a: Dragonite|Dragon Dance|p2a: Dragonite
|-boost|p2a: Dragonite|atk|1
|-boost|p2a: Dragonite|spe|1
|
|upkeep
|turn|34
|
|t:|1757809325
|move|p1a: Scizor|Bullet Punch|p2a: Dragonite
|-damage|p2a: Dragonite|6/100
|move|p2a: Dragonite|Low Kick|p1a: Scizor
|-damage|p1a: Scizor|0 fnt
|faint|p1a: Scizor
|
|upkeep
|
|t:|1757809340
|switch|p1a: Hydreigon|Hydreigon, M, tera:Steel|24/100
|turn|35
|
|t:|1757809344
|move|p2a: Dragonite|Low Kick|p1a: Hydreigon
|-supereffective|p1a: Hydreigon
|-damage|p1a: Hydreigon|0 fnt
|faint|p1a: Hydreigon
|
|upkeep
|
|t:|1757809349
|switch|p1a: Delphox|Delphox, F, shiny|87/100
|turn|36
|
|t:|1757809354
|-terastallize|p2a: Dragonite|Ghost
|move|p2a: Dragonite|Tera Blast|p1a: Delphox|[anim] Tera Blast Ghost
|-supereffective|p1a: Delphox
|-crit|p1a: Delphox
|-damage|p1a: Delphox|0 fnt
|faint|p1a: Delphox
|
|win|10 mil abelhas
|raw|Tom5283's rating: 1255 &rarr; <strong>1229</strong><br />(-26 for losing)
|raw|10 mil abelhas's rating: 1236 &rarr; <strong>1262</strong><br />(+26 for winning)
|c|☆Tom5283|Ggs
|c|☆10 mil abelhas|gg
|l|☆Tom5283
|player|p1|
|c|☆10 mil abelhas|have a good day buddy
