|j|☆ncdr
|j|☆JacquesDeAlderberg
|t:|1757841921
|gametype|singles
|player|p1|ncdr|flannery|1583
|player|p2|JacquesDeAlderberg|1|1629
|gen|9
|tier|[Gen 9] OU
|rated|
|rule|HP Percentage Mod: HP is shown in percentages
|rule|Endless Battle Clause: Forcing endless battles is banned
|rule|Species Clause: Limit one of each Pokémon
|rule|OHKO Clause: OHKO moves are banned
|rule|Evasion Items Clause: Evasion items are banned
|rule|Evasion Moves Clause: Evasion moves are banned
|rule|Evasion Abilities Clause: Evasion abilities are banned
|rule|Sleep Moves Clause: Sleep-inducing moves are banned
|clearpoke
|poke|p1|Hydreigon, F|
|poke|p1|Great Tusk|
|poke|p1|Tyranitar, F|
|poke|p1|Moltres|
|poke|p1|Ninetales-Alola, F|
|poke|p1|Kingambit, M|
|poke|p2|Clodsire, M|
|poke|p2|Conkeldurr, M|
|poke|p2|Enamorus, F|
|poke|p2|Ceruledge, F|
|poke|p2|Skarmory, M|
|poke|p2|Sinistcha|
|teampreview
|inactive|Battle timer is ON: inactive players will automatically lose when time's up. (requested by JacquesDeAlderberg)
|
|t:|1757841948
|teamsize|p1|6
|teamsize|p2|6
|start
|switch|p1a: Ninetales|Ninetales-Alola, F, shiny|100/100
|switch|p2a: Conkeldurr|Conkeldurr, M|100/100
|-weather|Snowscape|[from] ability: Snow Warning|[of] p1a: Ninetales
|turn|1
|
|t:|1757841951
|move|p1a: Ninetales|Aurora Veil|p1a: Ninetales
|-sidestart|p1: ncdr|move: Aurora Veil
|move|p2a: Conkeldurr|Knock Off|p1a: Ninetales
|-resisted|p1a: Ninetales
|-damage|p1a: Ninetales|93/100
|-enditem|p1a: Ninetales|Light Clay|[from] move: Knock Off|[of] p2a: Conkeldurr
|
|-weather|Snowscape|[upkeep]
|upkeep
|turn|2
|j| Resiste et Mords
|
|t:|1757841956
|switch|p2a: Skarmory|Skarmory, M|100/100
|move|p1a: Ninetales|Blizzard|p2a: Skarmory
|-damage|p2a: Skarmory|57/100
|
|-weather|Snowscape|[upkeep]
|-heal|p2a: Skarmory|63/100|[from] item: Leftovers
|upkeep
|turn|3
|
|t:|1757841963
|move|p1a: Ninetales|Blizzard|p2a: Skarmory
|-damage|p2a: Skarmory|24/100
|move|p2a: Skarmory|Roost|p2a: Skarmory
|-heal|p2a: Skarmory|74/100
|-singleturn|p2a: Skarmory|move: Roost
|
|-weather|Snowscape|[upkeep]
|-heal|p2a: Skarmory|80/100|[from] item: Leftovers
|upkeep
|turn|4
|j| Disscratch
|
|t:|1757841973
|move|p1a: Ninetales|Encore|p2a: Skarmory
|-start|p2a: Skarmory|Encore
|move|p2a: Skarmory|Roost|p2a: Skarmory
|-heal|p2a: Skarmory|100/100
|-singleturn|p2a: Skarmory|move: Roost
|
|-weather|Snowscape|[upkeep]
|upkeep
|turn|5
|
|t:|1757841978
|switch|p1a: Hydreigon|Hydreigon, F|100/100
|switch|p2a: Ceruledge|Ceruledge, F|100/100
|
|-weather|none
|upkeep
|turn|6
|
|t:|1757841984
|switch|p2a: Conkeldurr|Conkeldurr, M|100/100
|-terastallize|p1a: Hydreigon|Poison
|move|p1a: Hydreigon|Dark Pulse|p2a: Conkeldurr
|-resisted|p2a: Conkeldurr
|-damage|p2a: Conkeldurr|88/100
|
|upkeep
|turn|7
|
|t:|1757841990
|move|p1a: Hydreigon|Nasty Plot|p1a: Hydreigon
|-boost|p1a: Hydreigon|spa|2
|move|p2a: Conkeldurr|Knock Off|p1a: Hydreigon
|-damage|p1a: Hydreigon|84/100
|-enditem|p1a: Hydreigon|Leftovers|[from] move: Knock Off|[of] p2a: Conkeldurr
|
|upkeep
|turn|8
|inactive|ncdr has 120 seconds left.
|
|t:|1757842036
|move|p1a: Hydreigon|Flamethrower|p2a: Conkeldurr
|-damage|p2a: Conkeldurr|54/100
|move|p2a: Conkeldurr|Ice Punch|p1a: Hydreigon
|-damage|p1a: Hydreigon|72/100
|
|-sideend|p1: ncdr|move: Aurora Veil
|upkeep
|turn|9
|
|t:|1757842049
|move|p1a: Hydreigon|Flash Cannon|p2a: Conkeldurr
|-damage|p2a: Conkeldurr|24/100
|move|p2a: Conkeldurr|Drain Punch|p1a: Hydreigon
|-resisted|p1a: Hydreigon
|-damage|p1a: Hydreigon|55/100
|-heal|p2a: Conkeldurr|31/100|[from] drain|[of] p1a: Hydreigon
|
|upkeep
|turn|10
|inactive|ncdr has 120 seconds left.
|
|t:|1757842083
|move|p1a: Hydreigon|Flamethrower|p2a: Conkeldurr
|-damage|p2a: Conkeldurr|0 fnt
|faint|p2a: Conkeldurr
|
|upkeep
|
|t:|1757842086
|switch|p2a: Skarmory|Skarmory, M|100/100
|turn|11
|inactive|ncdr has 90 seconds left.
|
|t:|1757842120
|move|p1a: Hydreigon|Flamethrower|p2a: Skarmory
|-supereffective|p2a: Skarmory
|-ability|p2a: Skarmory|Sturdy
|-damage|p2a: Skarmory|1/100
|move|p2a: Skarmory|Whirlwind|p1a: Hydreigon
|drag|p1a: Great Tusk|Great Tusk|100/100
|
|-heal|p2a: Skarmory|7/100|[from] item: Leftovers
|upkeep
|turn|12
|
|t:|1757842125
|move|p1a: Great Tusk|Ice Spinner|p2a: Skarmory
|-damage|p2a: Skarmory|0 fnt
|faint|p2a: Skarmory
|
|upkeep
|
|t:|1757842131
|switch|p2a: Enamorus|Enamorus, F|100/100
|turn|13
|inactive|ncdr has 90 seconds left.
|inactive|ncdr has 60 seconds left.
|
|t:|1757842181
|-end|p1a: Great Tusk|Protosynthesis|[silent]
|switch|p1a: Moltres|Moltres|100/100
|switch|p2a: Clodsire|Clodsire, M|100/100
|
|upkeep
|turn|14
|
|t:|1757842185
|switch|p1a: Tyranitar|Tyranitar, F|100/100
|-weather|Sandstorm|[from] ability: Sand Stream|[of] p1a: Tyranitar
|move|p2a: Clodsire|Stealth Rock|p1a: Tyranitar
|-sidestart|p1: ncdr|move: Stealth Rock
|
|-weather|Sandstorm|[upkeep]
|upkeep
|turn|15
|
|t:|1757842189
|move|p1a: Tyranitar|Stealth Rock|p2a: Clodsire
|-sidestart|p2: JacquesDeAlderberg|move: Stealth Rock
|move|p2a: Clodsire|Earthquake|p1a: Tyranitar
|-supereffective|p1a: Tyranitar
|-damage|p1a: Tyranitar|60/100
|
|-weather|Sandstorm|[upkeep]
|-heal|p1a: Tyranitar|66/100|[from] item: Leftovers
|upkeep
|turn|16
|
|t:|1757842197
|switch|p2a: Sinistcha|Sinistcha|100/100
|move|p1a: Tyranitar|Knock Off|p2a: Sinistcha
|-supereffective|p2a: Sinistcha
|-damage|p2a: Sinistcha|31/100
|-enditem|p2a: Sinistcha|Heavy-Duty Boots|[from] move: Knock Off|[of] p1a: Tyranitar
|
|-weather|Sandstorm|[upkeep]
|-damage|p2a: Sinistcha|25/100|[from] Sandstorm
|-heal|p1a: Tyranitar|72/100|[from] item: Leftovers
|upkeep
|turn|17
|
|t:|1757842201
|move|p2a: Sinistcha|Strength Sap|p1a: Tyranitar
|-unboost|p1a: Tyranitar|atk|1
|-heal|p2a: Sinistcha|100/100
|move|p1a: Tyranitar|Ice Beam|p2a: Sinistcha
|-supereffective|p2a: Sinistcha
|-damage|p2a: Sinistcha|52/100
|
|-weather|Sandstorm|[upkeep]
|-damage|p2a: Sinistcha|46/100|[from] Sandstorm
|-heal|p1a: Tyranitar|78/100|[from] item: Leftovers
|upkeep
|turn|18
|
|t:|1757842205
|move|p2a: Sinistcha|Strength Sap|p1a: Tyranitar
|-unboost|p1a: Tyranitar|atk|1
|-heal|p2a: Sinistcha|100/100
|move|p1a: Tyranitar|Ice Beam|p2a: Sinistcha
|-supereffective|p2a: Sinistcha
|-damage|p2a: Sinistcha|57/100
|
|-weather|none
|-heal|p1a: Tyranitar|84/100|[from] item: Leftovers
|upkeep
|turn|19
|
|t:|1757842212
|move|p2a: Sinistcha|Matcha Gotcha|p1a: Tyranitar
|-supereffective|p1a: Tyranitar
|-damage|p1a: Tyranitar|38/100
|-heal|p2a: Sinistcha|83/100|[from] drain|[of] p1a: Tyranitar
|-status|p1a: Tyranitar|brn
|move|p1a: Tyranitar|Ice Beam|p2a: Sinistcha
|-supereffective|p2a: Sinistcha
|-damage|p2a: Sinistcha|33/100
|
|-heal|p1a: Tyranitar|44/100 brn|[from] item: Leftovers
|-damage|p1a: Tyranitar|38/100 brn|[from] brn
|upkeep
|turn|20
|inactive|ncdr has 120 seconds left.
|l| Disscratch
|
|t:|1757842243
|move|p2a: Sinistcha|Matcha Gotcha|p1a: Tyranitar
|-supereffective|p1a: Tyranitar
|-damage|p1a: Tyranitar|0 fnt
|-heal|p2a: Sinistcha|55/100|[from] drain|[of] p1a: Tyranitar
|faint|p1a: Tyranitar
|
|upkeep
|
|t:|1757842246
|switch|p1a: Ninetales|Ninetales-Alola, F, shiny|93/100
|-damage|p1a: Ninetales|68/100|[from] Stealth Rock
|-weather|Snowscape|[from] ability: Snow Warning|[of] p1a: Ninetales
|turn|21
|
|t:|1757842254
|move|p1a: Ninetales|Blizzard|p2a: Sinistcha
|-supereffective|p2a: Sinistcha
|-damage|p2a: Sinistcha|0 fnt
|faint|p2a: Sinistcha
|
|-weather|Snowscape|[upkeep]
|upkeep
|
|t:|1757842259
|switch|p2a: Clodsire|Clodsire, M|100/100
|-damage|p2a: Clodsire|94/100|[from] Stealth Rock
|turn|22
|inactive|ncdr has 120 seconds left.
|
|t:|1757842275
|move|p1a: Ninetales|Blizzard|p2a: Clodsire
|-supereffective|p2a: Clodsire
|-damage|p2a: Clodsire|34/100
|-status|p2a: Clodsire|frz
|cant|p2a: Clodsire|frz
|
|-weather|Snowscape|[upkeep]
|-heal|p2a: Clodsire|40/100 frz|[from] item: Leftovers
|upkeep
|turn|23
|
|t:|1757842279
|move|p1a: Ninetales|Blizzard|p2a: Clodsire
|-supereffective|p2a: Clodsire
|-damage|p2a: Clodsire|0 fnt
|faint|p2a: Clodsire
|
|-weather|Snowscape|[upkeep]
|upkeep
|
|t:|1757842281
|switch|p2a: Enamorus|Enamorus, F|100/100
|-damage|p2a: Enamorus|76/100|[from] Stealth Rock
|turn|24
|
|t:|1757842283
|move|p1a: Ninetales|Blizzard|p2a: Enamorus
|-supereffective|p2a: Enamorus
|-damage|p2a: Enamorus|0 fnt
|faint|p2a: Enamorus
|
|-weather|Snowscape|[upkeep]
|upkeep
|
|t:|1757842285
|switch|p2a: Ceruledge|Ceruledge, F|100/100
|turn|25
|
|t:|1757842290
|move|p1a: Ninetales|Aurora Veil|p1a: Ninetales
|-sidestart|p1: ncdr|move: Aurora Veil
|move|p2a: Ceruledge|Bitter Blade|p1a: Ninetales
|-supereffective|p1a: Ninetales
|-damage|p1a: Ninetales|27/100
|
|-weather|none
|upkeep
|turn|26
|
|t:|1757842312
|switch|p1a: Great Tusk|Great Tusk|100/100
|-damage|p1a: Great Tusk|98/100|[from] Stealth Rock
|move|p2a: Ceruledge|Bitter Blade|p1a: Great Tusk
|-damage|p1a: Great Tusk|84/100
|
|upkeep
|turn|27
|
|t:|1757842316
|-terastallize|p2a: Ceruledge|Bug
|move|p1a: Great Tusk|Headlong Rush|p2a: Ceruledge
|-resisted|p2a: Ceruledge
|-damage|p2a: Ceruledge|65/100
|-unboost|p1a: Great Tusk|def|1
|-unboost|p1a: Great Tusk|spd|1
|move|p2a: Ceruledge|Bulk Up|p2a: Ceruledge
|-boost|p2a: Ceruledge|atk|1
|-boost|p2a: Ceruledge|def|1
|
|upkeep
|turn|28
|inactive|ncdr has 120 seconds left.
|
|t:|1757842350
|-end|p1a: Great Tusk|Protosynthesis|[silent]
|switch|p1a: Moltres|Moltres|100/100
|move|p2a: Ceruledge|Bulk Up|p2a: Ceruledge
|-boost|p2a: Ceruledge|atk|1
|-boost|p2a: Ceruledge|def|1
|
|upkeep
|turn|29
|
|t:|1757842357
|move|p2a: Ceruledge|Bitter Blade|p1a: Moltres
|-resisted|p1a: Moltres
|-damage|p1a: Moltres|88/100
|-heal|p2a: Ceruledge|72/100|[from] drain|[of] p1a: Moltres
|move|p1a: Moltres|Air Slash|p2a: Ceruledge
|-supereffective|p2a: Ceruledge
|-damage|p2a: Ceruledge|26/100
|
|-sideend|p1: ncdr|move: Aurora Veil
|upkeep
|turn|30
|
|t:|1757842365
|move|p2a: Ceruledge|Poltergeist|p1a: Moltres|[miss]
|-miss|p2a: Ceruledge|p1a: Moltres
|move|p1a: Moltres|Air Slash|p2a: Ceruledge
|-supereffective|p2a: Ceruledge
|-damage|p2a: Ceruledge|0 fnt
|faint|p2a: Ceruledge
|
|win|ncdr
|raw|ncdr's rating: 1583 &rarr; <strong>1606</strong><br />(+23 for winning)
|raw|JacquesDeAlderberg's rating: 1629 &rarr; <strong>1606</strong><br />(-23 for losing)
|l|☆JacquesDeAlderberg
|player|p2|
|l| Resiste et Mords
|l|☆ncdr
|player|p1|
