|j|☆jirby ket
|j|☆Decaduncer
|t:|1757873064
|gametype|singles
|player|p1|jirby ket|rei-isekai|1397
|player|p2|Decaduncer|hiker|1472
|gen|9
|tier|[Gen 9] OU
|rated|
|rule|HP Percentage Mod: HP is shown in percentages
|rule|Endless Battle Clause: Forcing endless battles is banned
|rule|Species Clause: Limit one of each Pokémon
|rule|OHKO Clause: OHKO moves are banned
|rule|Evasion Items Clause: Evasion items are banned
|rule|Evasion Moves Clause: Evasion moves are banned
|rule|Evasion Abilities Clause: Evasion abilities are banned
|rule|Sleep Moves Clause: Sleep-inducing moves are banned
|clearpoke
|poke|p1|Darkrai|
|poke|p1|Great Tusk|
|poke|p1|Zapdos|
|poke|p1|Blaziken, M|
|poke|p1|Iron Crown|
|poke|p1|Samurott-Hisui, F|
|poke|p2|Lilligant-Hisui, F|
|poke|p2|Venusaur, F|
|poke|p2|Walking Wake|
|poke|p2|Torkoal, M|
|poke|p2|Charizard, M|
|poke|p2|Kommo-o, F|
|teampreview
|inactive|Battle timer is ON: inactive players will automatically lose when time's up. (requested by jirby ket)
|
|t:|1757873094
|teamsize|p1|6
|teamsize|p2|6
|start
|switch|p1a: Blaziken|Blaziken, M|100/100
|switch|p2a: Lilligant|Lilligant-Hisui, F|100/100
|turn|1
|inactive|jirby ket has 120 seconds left.
|inactive|jirby ket has 90 seconds left.
|
|t:|1757873157
|move|p1a: Blaziken|Protect|p1a: Blaziken
|-singleturn|p1a: Blaziken|Protect
|move|p2a: Lilligant|Close Combat|p1a: Blaziken
|-activate|p1a: Blaziken|move: Protect
|
|-ability|p1a: Blaziken|Speed Boost|boost
|-boost|p1a: Blaziken|spe|1
|upkeep
|turn|2
|
|t:|1757873173
|switch|p2a: Charizard|Charizard, M|100/100
|move|p1a: Blaziken|Close Combat|p2a: Charizard
|-resisted|p2a: Charizard
|-damage|p2a: Charizard|44/100
|-unboost|p1a: Blaziken|def|1
|-unboost|p1a: Blaziken|spd|1
|-damage|p1a: Blaziken|91/100|[from] item: Life Orb
|
|-ability|p1a: Blaziken|Speed Boost|boost
|-boost|p1a: Blaziken|spe|1
|upkeep
|turn|3
|
|t:|1757873180
|switch|p2a: Torkoal|Torkoal, M|100/100
|-weather|SunnyDay|[from] ability: Drought|[of] p2a: Torkoal
|move|p1a: Blaziken|Knock Off|p2a: Torkoal
|-damage|p2a: Torkoal|74/100
|-enditem|p2a: Torkoal|Heat Rock|[from] move: Knock Off|[of] p1a: Blaziken
|-damage|p1a: Blaziken|81/100|[from] item: Life Orb
|
|-weather|SunnyDay|[upkeep]
|-ability|p1a: Blaziken|Speed Boost|boost
|-boost|p1a: Blaziken|spe|1
|upkeep
|turn|4
|
|t:|1757873189
|switch|p1a: Samurott|Samurott-Hisui, F|100/100
|move|p2a: Torkoal|Stealth Rock|p1a: Samurott
|-sidestart|p1: jirby ket|move: Stealth Rock
|
|-weather|SunnyDay|[upkeep]
|upkeep
|turn|5
|
|t:|1757873194
|move|p1a: Samurott|Ceaseless Edge|p2a: Torkoal|[miss]
|-miss|p1a: Samurott|p2a: Torkoal
|move|p2a: Torkoal|Will-O-Wisp|p1a: Samurott
|-status|p1a: Samurott|brn
|
|-weather|SunnyDay|[upkeep]
|-damage|p1a: Samurott|94/100 brn|[from] brn
|upkeep
|turn|6
|inactive|jirby ket has 90 seconds left.
|
|t:|1757873227
|switch|p1a: Blaziken|Blaziken, M|81/100
|-damage|p1a: Blaziken|68/100|[from] Stealth Rock
|switch|p2a: Lilligant|Lilligant-Hisui, F|100/100
|
|-weather|SunnyDay|[upkeep]
|upkeep
|turn|7
|
|t:|1757873235
|move|p1a: Blaziken|Protect|p1a: Blaziken
|-singleturn|p1a: Blaziken|Protect
|move|p2a: Lilligant|Victory Dance|p2a: Lilligant
|-boost|p2a: Lilligant|atk|1
|-boost|p2a: Lilligant|def|1
|-boost|p2a: Lilligant|spe|1
|
|-weather|SunnyDay|[upkeep]
|-ability|p1a: Blaziken|Speed Boost|boost
|-boost|p1a: Blaziken|spe|1
|upkeep
|turn|8
|
|t:|1757873242
|switch|p1a: Samurott|Samurott-Hisui, F|94/100 brn
|-damage|p1a: Samurott|82/100 brn|[from] Stealth Rock
|move|p2a: Lilligant|Solar Blade||[still]
|-prepare|p2a: Lilligant|Solar Blade
|-anim|p2a: Lilligant|Solar Blade|p1a: Samurott
|-supereffective|p1a: Samurott
|-damage|p1a: Samurott|0 fnt
|faint|p1a: Samurott
|-damage|p2a: Lilligant|91/100|[from] item: Life Orb
|
|-weather|SunnyDay|[upkeep]
|upkeep
|
|t:|1757873249
|switch|p1a: Zapdos|Zapdos|100/100
|turn|9
|
|t:|1757873257
|move|p2a: Lilligant|Triple Axel|p1a: Zapdos
|-supereffective|p1a: Zapdos
|-damage|p1a: Zapdos|83/100
|-supereffective|p1a: Zapdos
|-damage|p1a: Zapdos|47/100
|-supereffective|p1a: Zapdos
|-damage|p1a: Zapdos|0 fnt
|faint|p1a: Zapdos
|-hitcount|p1: Zapdos|3
|-damage|p2a: Lilligant|81/100|[from] item: Life Orb
|
|-weather|SunnyDay|[upkeep]
|upkeep
|-message|jirby ket forfeited.
|
|win|Decaduncer
|raw|jirby ket's rating: 1397 &rarr; <strong>1381</strong><br />(-16 for losing)
|raw|Decaduncer's rating: 1472 &rarr; <strong>1488</strong><br />(+16 for winning)
|l|☆jirby ket
|player|p1|
|l|☆Decaduncer
|player|p2|
