|j|☆nah just click
|j|☆lv0ry
|t:|1757934120
|gametype|singles
|player|p1|nah just click|266|1291
|player|p2|lv0ry|1|1329
|gen|9
|tier|[Gen 9] OU
|rated|
|rule|HP Percentage Mod: HP is shown in percentages
|rule|Endless Battle Clause: Forcing endless battles is banned
|rule|Species Clause: Limit one of each Pokémon
|rule|OHKO Clause: OHKO moves are banned
|rule|Evasion Items Clause: Evasion items are banned
|rule|Evasion Moves Clause: Evasion moves are banned
|rule|Evasion Abilities Clause: Evasion abilities are banned
|rule|Sleep Moves Clause: Sleep-inducing moves are banned
|clearpoke
|poke|p1|Gholdengo|
|poke|p1|Landorus-Therian, M|
|poke|p1|Ogerpon-Wellspring, F|
|poke|p1|Great Tusk|
|poke|p1|Iron Moth|
|poke|p1|Primarina, F|
|poke|p2|Eelektross, F|
|poke|p2|Deoxys-Speed|
|poke|p2|Iron Valiant|
|poke|p2|Pecharunt|
|poke|p2|Dragonite, M|
|poke|p2|Kingambit, F|
|teampreview
|inactive|Battle timer is ON: inactive players will automatically lose when time's up. (requested by nah just click)
|
|t:|1757934126
|teamsize|p1|6
|teamsize|p2|6
|start
|switch|p1a: Primarina|Primarina, F|100/100
|switch|p2a: Deoxys|Deoxys-Speed|100/100
|-ability|p2a: Deoxys|Pressure
|turn|1
|
|t:|1757934135
|move|p2a: Deoxys|Light Screen|p2a: Deoxys
|-sidestart|p2: lv0ry|move: Light Screen
|move|p1a: Primarina|Sparkling Aria|p2a: Deoxys
|-damage|p2a: Deoxys|54/100
|
|upkeep
|turn|2
|
|t:|1757934141
|move|p2a: Deoxys|Reflect|p2a: Deoxys
|-sidestart|p2: lv0ry|Reflect
|move|p1a: Primarina|Sparkling Aria|p2a: Deoxys
|-damage|p2a: Deoxys|8/100
|
|upkeep
|turn|3
|
|t:|1757934163
|move|p2a: Deoxys|Stealth Rock|p1a: Primarina
|-sidestart|p1: nah just click|move: Stealth Rock
|move|p1a: Primarina|Sparkling Aria|p2a: Deoxys
|-damage|p2a: Deoxys|0 fnt
|faint|p2a: Deoxys
|
|upkeep
|
|t:|1757934172
|switch|p2a: Kingambit|Kingambit, F|100/100
|-activate|p2a: Kingambit|ability: Supreme Overlord
|-start|p2a: Kingambit|fallen1|[silent]
|turn|4
|
|t:|1757934176
|move|p2a: Kingambit|Swords Dance|p2a: Kingambit
|-boost|p2a: Kingambit|atk|2
|move|p1a: Primarina|Sparkling Aria|p2a: Kingambit
|-damage|p2a: Kingambit|64/100
|
|upkeep
|turn|5
|
|t:|1757934183
|move|p2a: Kingambit|Iron Head|p1a: Primarina
|-damage|p1a: Primarina|0 fnt
|faint|p1a: Primarina
|
|upkeep
|
|t:|1757934188
|switch|p1a: Landorus|Landorus-Therian, M|100/100
|-damage|p1a: Landorus|88/100|[from] Stealth Rock
|-ability|p1a: Landorus|Intimidate|boost
|-unboost|p2a: Kingambit|atk|1
|turn|6
|
|t:|1757934194
|-terastallize|p2a: Kingambit|Ghost
|move|p1a: Landorus|U-turn|p2a: Kingambit
|-resisted|p2a: Kingambit
|-damage|p2a: Kingambit|59/100
|
|t:|1757934201
|switch|p1a: Great Tusk|Great Tusk|100/100|[from] U-turn
|-damage|p1a: Great Tusk|98/100|[from] Stealth Rock
|move|p2a: Kingambit|Swords Dance|p2a: Kingambit
|-boost|p2a: Kingambit|atk|2
|
|-heal|p1a: Great Tusk|100/100|[from] item: Leftovers
|upkeep
|turn|7
|
|t:|1757934212
|move|p1a: Great Tusk|Bulk Up|p1a: Great Tusk
|-boost|p1a: Great Tusk|atk|1
|-boost|p1a: Great Tusk|def|1
|move|p2a: Kingambit|Kowtow Cleave|p1a: Great Tusk
|-resisted|p1a: Great Tusk
|-damage|p1a: Great Tusk|73/100
|
|-heal|p1a: Great Tusk|79/100|[from] item: Leftovers
|upkeep
|turn|8
|
|t:|1757934222
|move|p1a: Great Tusk|Bulk Up|p1a: Great Tusk
|-boost|p1a: Great Tusk|atk|1
|-boost|p1a: Great Tusk|def|1
|move|p2a: Kingambit|Kowtow Cleave|p1a: Great Tusk
|-resisted|p1a: Great Tusk
|-damage|p1a: Great Tusk|59/100
|
|-heal|p1a: Great Tusk|65/100|[from] item: Leftovers
|-sideend|p2: lv0ry|move: Light Screen
|upkeep
|turn|9
|
|t:|1757934232
|-end|p2a: Kingambit|fallen1|[silent]
|switch|p2a: Iron Valiant|Iron Valiant|100/100
|-enditem|p2a: Iron Valiant|Booster Energy
|-activate|p2a: Iron Valiant|ability: Quark Drive|[fromitem]
|-start|p2a: Iron Valiant|quarkdrivespe
|move|p1a: Great Tusk|Bulk Up|p1a: Great Tusk
|-boost|p1a: Great Tusk|atk|1
|-boost|p1a: Great Tusk|def|1
|
|-heal|p1a: Great Tusk|72/100|[from] item: Leftovers
|-sideend|p2: lv0ry|Reflect
|upkeep
|turn|10
|
|t:|1757934256
|-end|p1a: Great Tusk|Protosynthesis|[silent]
|switch|p1a: Iron Moth|Iron Moth|100/100
|-damage|p1a: Iron Moth|76/100|[from] Stealth Rock
|-enditem|p1a: Iron Moth|Booster Energy
|-activate|p1a: Iron Moth|ability: Quark Drive|[fromitem]
|-start|p1a: Iron Moth|quarkdrivespe
|move|p2a: Iron Valiant|Encore||[still]
|-fail|p2a: Iron Valiant
|
|upkeep
|turn|11
|
|t:|1757934270
|move|p2a: Iron Valiant|Shadow Ball|p1a: Iron Moth
|-damage|p1a: Iron Moth|51/100
|move|p1a: Iron Moth|Fiery Dance|p2a: Iron Valiant
|-crit|p2a: Iron Valiant
|-damage|p2a: Iron Valiant|0 fnt
|-boost|p1a: Iron Moth|spa|1
|faint|p2a: Iron Valiant
|-end|p2a: Iron Valiant|Quark Drive|[silent]
|
|upkeep
|
|t:|1757934280
|switch|p2a: Dragonite|Dragonite, M|100/100
|turn|12
|
|t:|1757934283
|move|p1a: Iron Moth|Sludge Wave|p2a: Dragonite
|-damage|p2a: Dragonite|60/100
|-status|p2a: Dragonite|psn
|move|p2a: Dragonite|Earthquake|p1a: Iron Moth
|-supereffective|p1a: Iron Moth
|-damage|p1a: Iron Moth|0 fnt
|faint|p1a: Iron Moth
|-end|p1a: Iron Moth|Quark Drive|[silent]
|
|-damage|p2a: Dragonite|48/100 psn|[from] psn
|upkeep
|
|t:|1757934291
|switch|p1a: Great Tusk|Great Tusk|72/100
|-damage|p1a: Great Tusk|69/100|[from] Stealth Rock
|turn|13
|
|t:|1757934303
|move|p1a: Great Tusk|Knock Off|p2a: Dragonite
|-damage|p2a: Dragonite|18/100 psn
|-enditem|p2a: Dragonite|Heavy-Duty Boots|[from] move: Knock Off|[of] p1a: Great Tusk
|move|p2a: Dragonite|Earthquake|p1a: Great Tusk
|-damage|p1a: Great Tusk|45/100
|
|-heal|p1a: Great Tusk|52/100|[from] item: Leftovers
|-damage|p2a: Dragonite|6/100 psn|[from] psn
|upkeep
|turn|14
|
|t:|1757934313
|move|p2a: Dragonite|Extreme Speed|p1a: Great Tusk
|-damage|p1a: Great Tusk|34/100
|move|p1a: Great Tusk|Rapid Spin|p2a: Dragonite
|-damage|p2a: Dragonite|0 fnt
|-boost|p1a: Great Tusk|spe|1
|-sideend|p1: nah just click|Stealth Rock|[from] move: Rapid Spin|[of] p1a: Great Tusk
|faint|p2a: Dragonite
|
|-heal|p1a: Great Tusk|41/100|[from] item: Leftovers
|upkeep
|
|t:|1757934324
|switch|p2a: Eelektross|Eelektross, F|100/100
|turn|15
|
|t:|1757934334
|-end|p1a: Great Tusk|Protosynthesis|[silent]
|switch|p1a: Landorus|Landorus-Therian, M|88/100
|-ability|p1a: Landorus|Intimidate|boost
|-unboost|p2a: Eelektross|atk|1
|move|p2a: Eelektross|Dragon Tail|p1a: Landorus
|-damage|p1a: Landorus|75/100
|drag|p1a: Great Tusk|Great Tusk|41/100
|
|-heal|p1a: Great Tusk|47/100|[from] item: Leftovers
|upkeep
|turn|16
|
|t:|1757934351
|move|p1a: Great Tusk|Knock Off|p2a: Eelektross
|-damage|p2a: Eelektross|71/100
|-enditem|p2a: Eelektross|Leftovers|[from] move: Knock Off|[of] p1a: Great Tusk
|move|p2a: Eelektross|Coil|p2a: Eelektross
|-boost|p2a: Eelektross|atk|1
|-boost|p2a: Eelektross|def|1
|-boost|p2a: Eelektross|accuracy|1
|
|-heal|p1a: Great Tusk|53/100|[from] item: Leftovers
|upkeep
|turn|17
|
|t:|1757934360
|-end|p1a: Great Tusk|Protosynthesis|[silent]
|switch|p1a: Ogerpon|Ogerpon-Wellspring, F|100/100
|move|p2a: Eelektross|Dragon Tail|p1a: Ogerpon
|-damage|p1a: Ogerpon|80/100
|drag|p1a: Landorus|Landorus-Therian, M|75/100
|-ability|p1a: Landorus|Intimidate|boost
|-unboost|p2a: Eelektross|atk|1
|
|upkeep
|turn|18
|
|t:|1757934374
|move|p1a: Landorus|Stealth Rock|p2a: Eelektross
|-sidestart|p2: lv0ry|move: Stealth Rock
|move|p2a: Eelektross|Coil|p2a: Eelektross
|-boost|p2a: Eelektross|atk|1
|-boost|p2a: Eelektross|def|1
|-boost|p2a: Eelektross|accuracy|1
|
|upkeep
|turn|19
|
|t:|1757934382
|switch|p1a: Ogerpon|Ogerpon-Wellspring, F|80/100
|move|p2a: Eelektross|Dragon Tail|p1a: Ogerpon
|-damage|p1a: Ogerpon|61/100
|drag|p1a: Great Tusk|Great Tusk|53/100
|
|-heal|p1a: Great Tusk|59/100|[from] item: Leftovers
|upkeep
|turn|20
|
|t:|1757934394
|move|p1a: Great Tusk|Rapid Spin|p2a: Eelektross
|-damage|p2a: Eelektross|63/100
|-boost|p1a: Great Tusk|spe|1
|move|p2a: Eelektross|Coil|p2a: Eelektross
|-boost|p2a: Eelektross|atk|1
|-boost|p2a: Eelektross|def|1
|-boost|p2a: Eelektross|accuracy|1
|
|-heal|p1a: Great Tusk|65/100|[from] item: Leftovers
|upkeep
|turn|21
|
|t:|1757934404
|move|p1a: Great Tusk|Bulk Up|p1a: Great Tusk
|-boost|p1a: Great Tusk|atk|1
|-boost|p1a: Great Tusk|def|1
|move|p2a: Eelektross|Coil|p2a: Eelektross
|-boost|p2a: Eelektross|atk|1
|-boost|p2a: Eelektross|def|1
|-boost|p2a: Eelektross|accuracy|1
|
|-heal|p1a: Great Tusk|72/100|[from] item: Leftovers
|upkeep
|turn|22
|
|t:|1757934415
|move|p1a: Great Tusk|Rapid Spin|p2a: Eelektross
|-damage|p2a: Eelektross|55/100
|-boost|p1a: Great Tusk|spe|1
|move|p2a: Eelektross|Dragon Tail|p1a: Great Tusk
|-damage|p1a: Great Tusk|59/100
|-end|p1a: Great Tusk|Protosynthesis|[silent]
|drag|p1a: Gholdengo|Gholdengo|100/100
|
|upkeep
|turn|23
|
|t:|1757934432
|-terastallize|p1a: Gholdengo|Stellar
|move|p1a: Gholdengo|Shadow Ball|p2a: Eelektross
|-damage|p2a: Eelektross|6/100
|move|p2a: Eelektross|Dragon Tail|p1a: Gholdengo
|-resisted|p1a: Gholdengo
|-damage|p1a: Gholdengo|82/100
|drag|p1a: Great Tusk|Great Tusk|59/100
|
|-heal|p1a: Great Tusk|65/100|[from] item: Leftovers
|upkeep
|turn|24
|
|t:|1757934443
|move|p1a: Great Tusk|Knock Off|p2a: Eelektross
|-damage|p2a: Eelektross|0 fnt
|faint|p2a: Eelektross
|
|-heal|p1a: Great Tusk|71/100|[from] item: Leftovers
|upkeep
|
|t:|1757934450
|switch|p2a: Pecharunt|Pecharunt|100/100
|turn|25
|
|t:|1757934455
|move|p2a: Pecharunt|Malignant Chain|p1a: Great Tusk
|-resisted|p1a: Great Tusk
|-damage|p1a: Great Tusk|50/100
|move|p1a: Great Tusk|Knock Off|p2a: Pecharunt
|-supereffective|p2a: Pecharunt
|-damage|p2a: Pecharunt|68/100
|-enditem|p2a: Pecharunt|Heavy-Duty Boots|[from] move: Knock Off|[of] p1a: Great Tusk
|
|-heal|p1a: Great Tusk|56/100|[from] item: Leftovers
|upkeep
|turn|26
|
|t:|1757934471
|-end|p1a: Great Tusk|Protosynthesis|[silent]
|switch|p1a: Landorus|Landorus-Therian, M|75/100
|-ability|p1a: Landorus|Intimidate|boost
|-unboost|p2a: Pecharunt|atk|1
|move|p2a: Pecharunt|Nasty Plot|p2a: Pecharunt
|-boost|p2a: Pecharunt|spa|2
|
|upkeep
|turn|27
|
|t:|1757934482
|move|p1a: Landorus|Earthquake|p2a: Pecharunt
|-supereffective|p2a: Pecharunt
|-damage|p2a: Pecharunt|0 fnt
|faint|p2a: Pecharunt
|
|upkeep
|-message|lv0ry forfeited.
|
|win|nah just click
|raw|nah just click's rating: 1291 &rarr; <strong>1319</strong><br />(+28 for winning)
|raw|lv0ry's rating: 1329 &rarr; <strong>1307</strong><br />(-22 for losing)
|l|☆lv0ry
|player|p2|
|l|☆nah just click
|player|p1|
