|j|☆whdjhdhx
|j|☆rewturn
|t:|1757929266
|gametype|singles
|player|p1|whdjhdhx|1|1159
|player|p2|rewturn|170|1103
|gen|9
|tier|[Gen 9] OU
|rated|
|rule|HP Percentage Mod: HP is shown in percentages
|rule|Endless Battle Clause: Forcing endless battles is banned
|rule|Species Clause: Limit one of each Pokémon
|rule|OHKO Clause: OHKO moves are banned
|rule|Evasion Items Clause: Evasion items are banned
|rule|Evasion Moves Clause: Evasion moves are banned
|rule|Evasion Abilities Clause: Evasion abilities are banned
|rule|Sleep Moves Clause: Sleep-inducing moves are banned
|clearpoke
|poke|p1|Landorus-Therian, M|
|poke|p1|Sinistcha|
|poke|p1|Tinkaton, F|
|poke|p1|Moltres|
|poke|p1|Samurott-Hisui, M|
|poke|p1|Hydreigon, M|
|poke|p2|Rhyperior, F|
|poke|p2|Alomomola, F|
|poke|p2|Garchomp, M|
|poke|p2|Quaquaval, M|
|poke|p2|Kingambit, F|
|poke|p2|Minior|
|teampreview
|
|t:|1757929294
|teamsize|p1|6
|teamsize|p2|6
|start
|switch|p1a: Samurott|Samurott-Hisui, M, shiny|100/100
|switch|p2a: Quaquaval|Quaquaval, M|100/100
|turn|1
|
|t:|1757929302
|switch|p1a: Sinistcha|Sinistcha, shiny|100/100
|move|p2a: Quaquaval|Aqua Step|p1a: Sinistcha
|-resisted|p1a: Sinistcha
|-crit|p1a: Sinistcha
|-damage|p1a: Sinistcha|78/100
|-boost|p2a: Quaquaval|spe|1
|
|upkeep
|turn|2
|
|t:|1757929311
|move|p2a: Quaquaval|Triple Axel|p1a: Sinistcha
|-supereffective|p1a: Sinistcha
|-damage|p1a: Sinistcha|67/100
|-supereffective|p1a: Sinistcha
|-crit|p1a: Sinistcha
|-damage|p1a: Sinistcha|38/100
|-supereffective|p1a: Sinistcha
|-crit|p1a: Sinistcha
|-damage|p1a: Sinistcha|0 fnt
|faint|p1a: Sinistcha
|-ability|p2a: Quaquaval|Moxie|boost
|-boost|p2a: Quaquaval|atk|1
|-hitcount|p1: Sinistcha|3
|
|upkeep
|
|t:|1757929319
|switch|p1a: Tinkaton|Tinkaton, F, shiny|100/100
|-item|p1a: Tinkaton|Air Balloon
|turn|3
|
|t:|1757929327
|-terastallize|p2a: Quaquaval|Water
|move|p2a: Quaquaval|Swords Dance|p2a: Quaquaval
|-boost|p2a: Quaquaval|atk|2
|move|p1a: Tinkaton|Encore|p2a: Quaquaval
|-start|p2a: Quaquaval|Encore
|
|upkeep
|turn|4
|
|t:|1757929335
|move|p2a: Quaquaval|Swords Dance|p2a: Quaquaval
|-boost|p2a: Quaquaval|atk|2
|move|p1a: Tinkaton|Gigaton Hammer|p2a: Quaquaval
|-resisted|p2a: Quaquaval
|-damage|p2a: Quaquaval|61/100
|
|upkeep
|turn|5
|
|t:|1757929343
|switch|p1a: Landorus|Landorus-Therian, M, shiny|100/100
|-ability|p1a: Landorus|Intimidate|boost
|-unboost|p2a: Quaquaval|atk|1
|move|p2a: Quaquaval|Swords Dance|p2a: Quaquaval
|-boost|p2a: Quaquaval|atk|2
|
|upkeep
|turn|6
|
|t:|1757929351
|move|p1a: Landorus|Earthquake|p2a: Quaquaval
|-damage|p2a: Quaquaval|0 fnt
|faint|p2a: Quaquaval
|
|upkeep
|
|t:|1757929365
|switch|p2a: Rhyperior|Rhyperior, F|100/100
|turn|7
|
|t:|1757929368
|move|p1a: Landorus|Earthquake|p2a: Rhyperior
|-supereffective|p2a: Rhyperior
|-damage|p2a: Rhyperior|35/100
|-enditem|p2a: Rhyperior|Weakness Policy
|-boost|p2a: Rhyperior|atk|2|[from] item: Weakness Policy
|-boost|p2a: Rhyperior|spa|2|[from] item: Weakness Policy
|move|p2a: Rhyperior|Rock Polish|p2a: Rhyperior
|-boost|p2a: Rhyperior|spe|2
|
|upkeep
|turn|8
|
|t:|1757929381
|move|p1a: Landorus|Earthquake|p2a: Rhyperior
|-supereffective|p2a: Rhyperior
|-crit|p2a: Rhyperior
|-damage|p2a: Rhyperior|0 fnt
|faint|p2a: Rhyperior
|
|upkeep
|
|t:|1757929391
|switch|p2a: Minior|Minior|100/100
|-formechange|p2a: Minior|Minior-Meteor||[from] ability: Shields Down
|turn|9
|
|t:|1757929394
|switch|p1a: Tinkaton|Tinkaton, F, shiny|100/100
|-item|p1a: Tinkaton|Air Balloon
|move|p2a: Minior|Shell Smash|p2a: Minior
|-unboost|p2a: Minior|def|1
|-unboost|p2a: Minior|spd|1
|-boost|p2a: Minior|atk|2
|-boost|p2a: Minior|spa|2
|-boost|p2a: Minior|spe|2
|-enditem|p2a: Minior|White Herb
|-clearnegativeboost|p2a: Minior|[silent]
|
|upkeep
|turn|10
|
|t:|1757929409
|move|p2a: Minior|Iron Head|p1a: Tinkaton
|-damage|p1a: Tinkaton|47/100
|-enditem|p1a: Tinkaton|Air Balloon
|move|p1a: Tinkaton|Encore|p2a: Minior
|-start|p2a: Minior|Encore
|
|upkeep
|turn|11
|
|t:|1757929416
|move|p2a: Minior|Iron Head|p1a: Tinkaton
|-damage|p1a: Tinkaton|0 fnt
|faint|p1a: Tinkaton
|
|upkeep
|
|t:|1757929422
|switch|p1a: Samurott|Samurott-Hisui, M, shiny|100/100
|turn|12
|
|t:|1757929426
|move|p2a: Minior|Iron Head|p1a: Samurott
|-resisted|p1a: Samurott
|-damage|p1a: Samurott|76/100
|move|p1a: Samurott|Ceaseless Edge|p2a: Minior
|-damage|p2a: Minior|34/100
|-sidestart|p2: rewturn|Spikes
|
|-formechange|p2a: Minior|Minior||[from] ability: Shields Down
|upkeep
|turn|13
|
|t:|1757929436
|move|p1a: Samurott|Sucker Punch|p2a: Minior
|-damage|p2a: Minior|0 fnt
|faint|p2a: Minior
|
|upkeep
|
|t:|1757929449
|switch|p2a: Kingambit|Kingambit, F|100/100
|-damage|p2a: Kingambit|88/100|[from] Spikes
|-activate|p2a: Kingambit|ability: Supreme Overlord
|-start|p2a: Kingambit|fallen3|[silent]
|turn|14
|
|t:|1757929456
|move|p1a: Samurott|Flip Turn|p2a: Kingambit
|-damage|p2a: Kingambit|64/100
|
|t:|1757929460
|switch|p1a: Moltres|Moltres, shiny|100/100|[from] Flip Turn
|move|p2a: Kingambit|Brick Break|p1a: Moltres
|-resisted|p1a: Moltres
|-damage|p1a: Moltres|84/100
|
|upkeep
|turn|15
|
|t:|1757929469
|move|p2a: Kingambit|Sucker Punch|p1a: Moltres
|-damage|p1a: Moltres|40/100
|move|p1a: Moltres|Flamethrower|p2a: Kingambit
|-supereffective|p2a: Kingambit
|-damage|p2a: Kingambit|0 fnt
|faint|p2a: Kingambit
|-end|p2a: Kingambit|fallen3|[silent]
|
|upkeep
|
|t:|1757929474
|switch|p2a: Garchomp|Garchomp, M|100/100
|-damage|p2a: Garchomp|88/100|[from] Spikes
|turn|16
|
|t:|1757929479
|move|p2a: Garchomp|Swords Dance|p2a: Garchomp
|-boost|p2a: Garchomp|atk|2
|move|p1a: Moltres|Flamethrower|p2a: Garchomp
|-resisted|p2a: Garchomp
|-damage|p2a: Garchomp|69/100
|
|upkeep
|turn|17
|
|t:|1757929486
|move|p2a: Garchomp|Scale Shot|p1a: Moltres
|-damage|p1a: Moltres|19/100
|-damage|p1a: Moltres|0 fnt
|faint|p1a: Moltres
|-hitcount|p1: Moltres|2
|-unboost|p2a: Garchomp|def|1
|-boost|p2a: Garchomp|spe|1
|
|upkeep
|
|t:|1757929498
|switch|p1a: Landorus|Landorus-Therian, M, shiny|100/100
|-ability|p1a: Landorus|Intimidate|boost
|-unboost|p2a: Garchomp|atk|1
|turn|18
|
|t:|1757929504
|move|p2a: Garchomp|Stone Edge|p1a: Landorus
|-damage|p1a: Landorus|40/100
|move|p1a: Landorus|Earthquake|p2a: Garchomp
|-damage|p2a: Garchomp|0 fnt
|faint|p2a: Garchomp
|
|upkeep
|
|t:|1757929512
|switch|p2a: Alomomola|Alomomola, F|100/100
|-damage|p2a: Alomomola|88/100|[from] Spikes
|turn|19
|
|t:|1757929515
|move|p1a: Landorus|Earthquake|p2a: Alomomola
|-damage|p2a: Alomomola|52/100
|move|p2a: Alomomola|Scald|p1a: Landorus
|-supereffective|p1a: Landorus
|-damage|p1a: Landorus|0 fnt
|faint|p1a: Landorus
|
|upkeep
|
|t:|1757929519
|switch|p1a: Samurott|Samurott-Hisui, M, shiny|76/100
|turn|20
|
|t:|1757929523
|move|p1a: Samurott|Ceaseless Edge|p2a: Alomomola
|-damage|p2a: Alomomola|24/100
|-sidestart|p2: rewturn|Spikes
|move|p2a: Alomomola|Play Rough|p1a: Samurott
|-supereffective|p1a: Samurott
|-damage|p1a: Samurott|33/100
|
|upkeep
|turn|21
|
|t:|1757929531
|move|p1a: Samurott|Ceaseless Edge|p2a: Alomomola
|-damage|p2a: Alomomola|0 fnt
|-sidestart|p2: rewturn|Spikes
|faint|p2a: Alomomola
|
|win|whdjhdhx
|raw|whdjhdhx's rating: 1159 &rarr; <strong>1180</strong><br />(+21 for winning)
|raw|rewturn's rating: 1103 &rarr; <strong>1082</strong><br />(-21 for losing)
|l|☆whdjhdhx
|player|p1|
|l|☆rewturn
|player|p2|
