|j|☆purple pastels
|j|‽solascriptura1521
|t:|1757862695
|gametype|singles
|player|p1|purple pastels|doubleteam|1583
|player|p2|solascriptura1521|266|1573
|gen|9
|tier|[Gen 9] OU
|rated|
|rule|HP Percentage Mod: HP is shown in percentages
|rule|Endless Battle Clause: Forcing endless battles is banned
|rule|Species Clause: Limit one of each Pokémon
|rule|OHKO Clause: OHKO moves are banned
|rule|Evasion Items Clause: Evasion items are banned
|rule|Evasion Moves Clause: Evasion moves are banned
|rule|Evasion Abilities Clause: Evasion abilities are banned
|rule|Sleep Moves Clause: Sleep-inducing moves are banned
|clearpoke
|poke|p1|Cinderace, F|
|poke|p1|Blaziken, M|
|poke|p1|Ogerpon-Wellspring, F|
|poke|p1|Lokix, F|
|poke|p1|Iron Treads|
|poke|p1|Dragapult, F|
|poke|p2|Kyurem|
|poke|p2|Ceruledge, F|
|poke|p2|Iron Crown|
|poke|p2|Samurott-Hisui, M|
|poke|p2|Enamorus, F|
|poke|p2|Iron Treads|
|teampreview
|
|t:|1757862703
|teamsize|p1|6
|teamsize|p2|6
|start
|switch|p1a: Iron Treads|Iron Treads|100/100
|switch|p2a: Samurott|Samurott-Hisui, M|100/100
|-enditem|p1a: Iron Treads|Booster Energy
|-activate|p1a: Iron Treads|ability: Quark Drive|[fromitem]
|-start|p1a: Iron Treads|quarkdrivespe
|turn|1
|inactive|Battle timer is ON: inactive players will automatically lose when time's up. (requested by purple pastels)
|inactive|solascriptura1521 has 120 seconds left.
|
|t:|1757862766
|move|p1a: Iron Treads|Earth Power|p2a: Samurott
|-damage|p2a: Samurott|53/100
|move|p2a: Samurott|Ceaseless Edge|p1a: Iron Treads|[miss]
|-miss|p2a: Samurott|p1a: Iron Treads
|
|upkeep
|turn|2
|
|t:|1757862775
|move|p1a: Iron Treads|Earth Power|p2a: Samurott
|-damage|p2a: Samurott|1/100
|move|p2a: Samurott|Aqua Cutter|p1a: Iron Treads
|-supereffective|p1a: Iron Treads
|-damage|p1a: Iron Treads|14/100
|
|upkeep
|turn|3
|
|t:|1757862788
|move|p2a: Samurott|Sucker Punch||[still]
|-fail|p2a: Samurott
|move|p1a: Iron Treads|Stealth Rock|p2a: Samurott
|-sidestart|p2: solascriptura1521|move: Stealth Rock
|
|upkeep
|turn|4
|
|t:|1757862791
|move|p2a: Samurott|Sucker Punch|p1a: Iron Treads
|-damage|p1a: Iron Treads|0 fnt
|faint|p1a: Iron Treads
|-end|p1a: Iron Treads|Quark Drive|[silent]
|
|upkeep
|
|t:|1757862796
|switch|p1a: sambucky yuri|Ogerpon-Wellspring, F|100/100
|turn|5
|
|t:|1757862801
|move|p1a: sambucky yuri|Trailblaze|p2a: Samurott
|-supereffective|p2a: Samurott
|-damage|p2a: Samurott|0 fnt
|-boost|p1a: sambucky yuri|spe|1
|faint|p2a: Samurott
|
|upkeep
|
|t:|1757862806
|switch|p2a: Kyurem|Kyurem|100/100
|-damage|p2a: Kyurem|76/100|[from] Stealth Rock
|-ability|p2a: Kyurem|Pressure
|turn|6
|
|t:|1757862813
|switch|p1a: Cinderace|Cinderace, F|100/100
|move|p2a: Kyurem|Freeze-Dry|p1a: Cinderace
|-resisted|p1a: Cinderace
|-damage|p1a: Cinderace|65/100
|
|upkeep
|turn|7
|
|t:|1757862818
|switch|p2a: Ceruledge|Ceruledge, F|100/100
|move|p1a: Cinderace|Flare Blitz|p2a: Ceruledge
|-start|p2a: Ceruledge|ability: Flash Fire
|
|upkeep
|turn|8
|
|t:|1757862827
|move|p1a: Cinderace|Taunt|p2a: Ceruledge
|-start|p2a: Ceruledge|move: Taunt
|move|p2a: Ceruledge|Bitter Blade|p1a: Cinderace
|-resisted|p1a: Cinderace
|-damage|p1a: Cinderace|13/100
|
|upkeep
|turn|9
|
|t:|1757862834
|move|p1a: Cinderace|Sucker Punch|p2a: Ceruledge
|-supereffective|p2a: Ceruledge
|-damage|p2a: Ceruledge|21/100
|-damage|p1a: Cinderace|3/100|[from] item: Life Orb
|move|p2a: Ceruledge|Shadow Sneak|p1a: Cinderace
|-damage|p1a: Cinderace|0 fnt
|faint|p1a: Cinderace
|
|upkeep
|
|t:|1757862851
|switch|p1a: Blaziken|Blaziken, M|100/100
|-item|p1a: Blaziken|Air Balloon
|turn|10
|
|t:|1757862858
|move|p2a: Ceruledge|Bitter Blade|p1a: Blaziken
|-resisted|p1a: Blaziken
|-damage|p1a: Blaziken|46/100
|-heal|p2a: Ceruledge|49/100|[from] drain|[of] p1a: Blaziken
|-enditem|p1a: Blaziken|Air Balloon
|move|p1a: Blaziken|Swords Dance|p1a: Blaziken
|-boost|p1a: Blaziken|atk|2
|
|-end|p2a: Ceruledge|move: Taunt
|-ability|p1a: Blaziken|Speed Boost|boost
|-boost|p1a: Blaziken|spe|1
|upkeep
|turn|11
|
|t:|1757862865
|move|p2a: Ceruledge|Shadow Sneak|p1a: Blaziken
|-damage|p1a: Blaziken|15/100
|move|p1a: Blaziken|Earthquake|p2a: Ceruledge
|-supereffective|p2a: Ceruledge
|-damage|p2a: Ceruledge|0 fnt
|faint|p2a: Ceruledge
|
|-ability|p1a: Blaziken|Speed Boost|boost
|-boost|p1a: Blaziken|spe|1
|upkeep
|
|t:|1757862879
|switch|p2a: Iron Treads|Iron Treads|100/100
|-damage|p2a: Iron Treads|97/100|[from] Stealth Rock
|turn|12
|
|t:|1757862888
|-terastallize|p2a: Iron Treads|Ground
|move|p1a: Blaziken|Close Combat|p2a: Iron Treads
|-damage|p2a: Iron Treads|0 fnt
|-unboost|p1a: Blaziken|def|1
|-unboost|p1a: Blaziken|spd|1
|faint|p2a: Iron Treads
|-end|p2a: Iron Treads|Quark Drive|[silent]
|
|-ability|p1a: Blaziken|Speed Boost|boost
|-boost|p1a: Blaziken|spe|1
|upkeep
|-message|solascriptura1521 forfeited.
|
|win|purple pastels
|raw|purple pastels's rating: 1583 &rarr; <strong>1602</strong><br />(+19 for winning)
|raw|solascriptura1521's rating: 1573 &rarr; <strong>1554</strong><br />(-19 for losing)
|l|‽solascriptura1521
|player|p2|
|l|☆purple pastels
|player|p1|
