|badge|p1|silver|gen9ou|30-6
|uhtml|medal-msg|<div class="broadcast-blue">Curious what those medals under the avatar are? PS now has Ladder Seasons! For more information, check out the <a href="https://www.smogon.com/forums/threads/3740067/">thread on Smogon.</a></div>
|j|☆FUTURE CALLER
|j|☆OnArceus
|t:|1757888065
|gametype|singles
|player|p1|FUTURE CALLER|#scl5machines|1962
|player|p2|OnArceus|#scl2spartans|1806
|gen|9
|tier|[Gen 9] OU
|rated|
|rule|HP Percentage Mod: HP is shown in percentages
|rule|Endless Battle Clause: Forcing endless battles is banned
|rule|Species Clause: Limit one of each Pokémon
|rule|OHKO Clause: OHKO moves are banned
|rule|Evasion Items Clause: Evasion items are banned
|rule|Evasion Moves Clause: Evasion moves are banned
|rule|Evasion Abilities Clause: Evasion abilities are banned
|rule|Sleep Moves Clause: Sleep-inducing moves are banned
|clearpoke
|poke|p1|Ribombee, F|
|poke|p1|Heracross, F|
|poke|p1|Araquanid, M|
|poke|p1|Venomoth, M|
|poke|p1|Scizor, M|
|poke|p1|Slither Wing|
|poke|p2|Ursaluna, M|
|poke|p2|Meowscarada, F|
|poke|p2|Gholdengo|
|poke|p2|Great Tusk|
|poke|p2|Slowking-Galar, M|
|poke|p2|Moltres|
|teampreview
|inactive|Battle timer is ON: inactive players will automatically lose when time's up. (requested by FUTURE CALLER)
|j| Jey2
|inactive|FUTURE CALLER has 120 seconds left.
|
|t:|1757888101
|teamsize|p1|6
|teamsize|p2|6
|start
|switch|p1a: Ribombee|Ribombee, F|100/100
|switch|p2a: Slowking|Slowking-Galar, M|100/100
|turn|1
|
|t:|1757888110
|move|p1a: Ribombee|Sticky Web|p2a: Slowking
|-sidestart|p2: OnArceus|move: Sticky Web
|move|p2a: Slowking|Sludge Bomb|p1a: Ribombee
|-supereffective|p1a: Ribombee
|-damage|p1a: Ribombee|0 fnt
|faint|p1a: Ribombee
|
|upkeep
|
|t:|1757888122
|switch|p1a: Araquanid|Araquanid, M|100/100
|turn|2
|
|t:|1757888126
|move|p1a: Araquanid|Liquidation|p2a: Slowking
|-damage|p2a: Slowking|53/100
|-unboost|p2a: Slowking|def|1
|-prepare|p2a: Slowking|Chilly Reception|[premajor]
|move|p2a: Slowking|Chilly Reception|p2a: Slowking
|-weather|Snowscape
|
|t:|1757888129
|switch|p2a: Meowscarada|Meowscarada, F|100/100|[from] Chilly Reception
|
|-weather|Snowscape|[upkeep]
|upkeep
|turn|3
|
|t:|1757888133
|move|p2a: Meowscarada|U-turn|p1a: Araquanid
|-crit|p1a: Araquanid
|-damage|p1a: Araquanid|64/100
|
|t:|1757888135
|switch|p2a: Slowking|Slowking-Galar, M|86/100|[from] U-turn
|move|p1a: Araquanid|Leech Life|p2a: Slowking
|-damage|p2a: Slowking|66/100
|-heal|p1a: Araquanid|76/100|[from] drain|[of] p2a: Slowking
|
|-weather|Snowscape|[upkeep]
|upkeep
|turn|4
|
|t:|1757888143
|move|p1a: Araquanid|Leech Life|p2a: Slowking
|-damage|p2a: Slowking|45/100
|-heal|p1a: Araquanid|88/100|[from] drain|[of] p2a: Slowking
|-prepare|p2a: Slowking|Chilly Reception|[premajor]
|move|p2a: Slowking|Chilly Reception|p2a: Slowking
|
|t:|1757888145
|switch|p2a: Meowscarada|Meowscarada, F|100/100|[from] Chilly Reception
|
|-weather|Snowscape|[upkeep]
|upkeep
|turn|5
|
|t:|1757888153
|move|p2a: Meowscarada|U-turn|p1a: Araquanid
|-damage|p1a: Araquanid|66/100
|
|t:|1757888155
|switch|p2a: Great Tusk|Great Tusk|100/100|[from] U-turn
|-activate|p2a: Great Tusk|move: Sticky Web
|-unboost|p2a: Great Tusk|spe|1
|move|p1a: Araquanid|Liquidation|p2a: Great Tusk
|-supereffective|p2a: Great Tusk
|-damage|p2a: Great Tusk|7/100
|-damage|p1a: Araquanid|49/100|[from] item: Rocky Helmet|[of] p2a: Great Tusk
|
|-weather|Snowscape|[upkeep]
|upkeep
|turn|6
|
|t:|1757888164
|switch|p1a: Heracross|Heracross, F|100/100
|move|p2a: Great Tusk|Stealth Rock|p1a: Heracross
|-sidestart|p1: FUTURE CALLER|move: Stealth Rock
|
|-weather|none
|upkeep
|turn|7
|
|t:|1757888170
|-end|p2a: Great Tusk|Protosynthesis|[silent]
|switch|p2a: Moltres|Moltres|100/100
|move|p1a: Heracross|Spikes|p2a: Moltres
|-sidestart|p2: OnArceus|Spikes
|
|upkeep
|turn|8
|
|t:|1757888195
|move|p2a: Moltres|Flamethrower|p1a: Heracross
|-supereffective|p1a: Heracross
|-damage|p1a: Heracross|31/100
|move|p1a: Heracross|Endeavor|p2a: Moltres
|-damage|p2a: Moltres|30/100
|
|upkeep
|turn|9
|
|t:|1757888199
|move|p2a: Moltres|Roost|p2a: Moltres
|-heal|p2a: Moltres|80/100
|-singleturn|p2a: Moltres|move: Roost
|move|p1a: Heracross|Endeavor|p2a: Moltres
|-damage|p2a: Moltres|30/100
|-status|p1a: Heracross|brn|[from] ability: Flame Body|[of] p2a: Moltres
|
|-damage|p1a: Heracross|25/100 brn|[from] brn
|upkeep
|turn|10
|
|t:|1757888203
|move|p2a: Moltres|Flamethrower|p1a: Heracross
|-supereffective|p1a: Heracross
|-damage|p1a: Heracross|0 fnt
|faint|p1a: Heracross
|
|upkeep
|
|t:|1757888225
|switch|p1a: Araquanid|Araquanid, M|49/100
|-damage|p1a: Araquanid|24/100|[from] Stealth Rock
|turn|11
|
|t:|1757888228
|switch|p2a: Great Tusk|Great Tusk|7/100
|-activate|p2a: Great Tusk|move: Sticky Web
|-unboost|p2a: Great Tusk|spe|1
|-damage|p2a: Great Tusk|0 fnt|[from] Spikes
|faint|p2a: Great Tusk
|-end|p2a: Great Tusk|Protosynthesis|[silent]
|move|p1a: Araquanid|Liquidation|p2: Great Tusk|[notarget]
|-fail|p1a: Araquanid
|
|upkeep
|
|t:|1757888233
|switch|p2a: Meowscarada|Meowscarada, F|100/100
|turn|12
|
|t:|1757888237
|move|p2a: Meowscarada|Knock Off|p1a: Araquanid
|-damage|p1a: Araquanid|0 fnt
|-enditem|p1a: Araquanid|Assault Vest|[from] move: Knock Off|[of] p2a: Meowscarada
|faint|p1a: Araquanid
|
|upkeep
|
|t:|1757888243
|switch|p1a: Scizor|Scizor, M|100/100
|-damage|p1a: Scizor|88/100|[from] Stealth Rock
|turn|13
|
|t:|1757888248
|move|p2a: Meowscarada|Knock Off|p1a: Scizor
|-damage|p1a: Scizor|43/100
|-enditem|p1a: Scizor|Chesto Berry|[from] move: Knock Off|[of] p2a: Meowscarada
|move|p1a: Scizor|Swords Dance|p1a: Scizor
|-boost|p1a: Scizor|atk|2
|
|upkeep
|turn|14
|
|t:|1757888256
|switch|p2a: Moltres|Moltres|30/100
|move|p1a: Scizor|Bullet Punch|p2a: Moltres
|-resisted|p2a: Moltres
|-damage|p2a: Moltres|5/100
|
|upkeep
|turn|15
|
|t:|1757888259
|move|p1a: Scizor|Bullet Punch|p2a: Moltres
|-resisted|p2a: Moltres
|-damage|p2a: Moltres|0 fnt
|faint|p2a: Moltres
|
|upkeep
|
|t:|1757888261
|switch|p2a: Gholdengo|Gholdengo|100/100
|-activate|p2a: Gholdengo|move: Sticky Web
|-unboost|p2a: Gholdengo|spe|1
|-damage|p2a: Gholdengo|88/100|[from] Spikes
|turn|16
|
|t:|1757888266
|move|p2a: Gholdengo|Shadow Ball|p1a: Scizor
|-damage|p1a: Scizor|0 fnt
|faint|p1a: Scizor
|
|upkeep
|
|t:|1757888275
|switch|p1a: Slither Wing|Slither Wing|100/100
|-damage|p1a: Slither Wing|88/100|[from] Stealth Rock
|-enditem|p1a: Slither Wing|Booster Energy
|-activate|p1a: Slither Wing|ability: Protosynthesis|[fromitem]
|-start|p1a: Slither Wing|protosynthesisspd
|turn|17
|j| FIRE LORD AESON
|
|t:|1757888284
|switch|p2a: Slowking|Slowking-Galar, M|78/100
|move|p1a: Slither Wing|Bulk Up|p1a: Slither Wing
|-boost|p1a: Slither Wing|atk|1
|-boost|p1a: Slither Wing|def|1
|
|upkeep
|turn|18
|
|t:|1757888295
|move|p1a: Slither Wing|Flame Charge|p2a: Slowking
|-damage|p2a: Slowking|62/100
|-boost|p1a: Slither Wing|spe|1
|-prepare|p2a: Slowking|Chilly Reception|[premajor]
|move|p2a: Slowking|Chilly Reception|p2a: Slowking
|-weather|Snowscape
|
|t:|1757888301
|switch|p2a: Gholdengo|Gholdengo|88/100|[from] Chilly Reception
|-activate|p2a: Gholdengo|move: Sticky Web
|-unboost|p2a: Gholdengo|spe|1
|-damage|p2a: Gholdengo|76/100|[from] Spikes
|
|-weather|Snowscape|[upkeep]
|upkeep
|turn|19
|l| FIRE LORD AESON
|
|t:|1757888323
|move|p1a: Slither Wing|Flame Charge|p2a: Gholdengo
|-supereffective|p2a: Gholdengo
|-crit|p2a: Gholdengo
|-damage|p2a: Gholdengo|0 fnt
|-boost|p1a: Slither Wing|spe|1
|faint|p2a: Gholdengo
|
|-weather|Snowscape|[upkeep]
|upkeep
|c|☆OnArceus|msan
|c|☆FUTURE CALLER|buzz buzz
|
|t:|1757888334
|switch|p2a: Slowking|Slowking-Galar, M|95/100
|turn|20
|
|t:|1757888342
|move|p1a: Slither Wing|Bulk Up|p1a: Slither Wing
|-boost|p1a: Slither Wing|atk|1
|-boost|p1a: Slither Wing|def|1
|move|p2a: Slowking|Future Sight|p1a: Slither Wing
|-start|p2a: Slowking|move: Future Sight
|
|-weather|Snowscape|[upkeep]
|upkeep
|turn|21
|
|t:|1757888356
|move|p1a: Slither Wing|Bulk Up|p1a: Slither Wing
|-boost|p1a: Slither Wing|atk|1
|-boost|p1a: Slither Wing|def|1
|move|p2a: Slowking|Sludge Bomb|p1a: Slither Wing
|-damage|p1a: Slither Wing|70/100
|
|-weather|Snowscape|[upkeep]
|upkeep
|turn|22
|
|t:|1757888372
|-terastallize|p1a: Slither Wing|Fire
|move|p1a: Slither Wing|Leech Life|p2a: Slowking
|-damage|p2a: Slowking|29/100
|-heal|p1a: Slither Wing|100/100|[from] drain|[of] p2a: Slowking
|move|p2a: Slowking|Sludge Bomb|p1a: Slither Wing
|-damage|p1a: Slither Wing|84/100
|-status|p1a: Slither Wing|psn
|
|-weather|none
|-end|p1a: Slither Wing|move: Future Sight
|-damage|p1a: Slither Wing|63/100 psn
|-damage|p1a: Slither Wing|51/100 psn|[from] psn
|upkeep
|turn|23
|
|t:|1757888377
|move|p1a: Slither Wing|Leech Life|p2a: Slowking
|-damage|p2a: Slowking|0 fnt
|-heal|p1a: Slither Wing|66/100 psn|[from] drain|[of] p2a: Slowking
|faint|p2a: Slowking
|
|-damage|p1a: Slither Wing|54/100 psn|[from] psn
|upkeep
|
|t:|1757888379
|switch|p2a: Ursaluna|Ursaluna, M|100/100
|-activate|p2a: Ursaluna|move: Sticky Web
|-unboost|p2a: Ursaluna|spe|1
|-damage|p2a: Ursaluna|88/100|[from] Spikes
|turn|24
|
|t:|1757888384
|-terastallize|p2a: Ursaluna|Fairy
|move|p1a: Slither Wing|Leech Life|p2a: Ursaluna
|-resisted|p2a: Ursaluna
|-damage|p2a: Ursaluna|57/100
|-heal|p1a: Slither Wing|73/100 psn|[from] drain|[of] p2a: Ursaluna
|move|p2a: Ursaluna|Earthquake|p1a: Slither Wing
|-supereffective|p1a: Slither Wing
|-damage|p1a: Slither Wing|33/100 psn
|
|-heal|p2a: Ursaluna|63/100|[from] item: Leftovers
|-damage|p1a: Slither Wing|21/100 psn|[from] psn
|upkeep
|turn|25
|
|t:|1757888393
|move|p2a: Ursaluna|Protect|p2a: Ursaluna
|-singleturn|p2a: Ursaluna|Protect
|move|p1a: Slither Wing|Bulk Up|p1a: Slither Wing
|-boost|p1a: Slither Wing|atk|1
|-boost|p1a: Slither Wing|def|1
|
|-heal|p2a: Ursaluna|70/100|[from] item: Leftovers
|-damage|p1a: Slither Wing|8/100 psn|[from] psn
|upkeep
|turn|26
|
|t:|1757888403
|move|p1a: Slither Wing|Leech Life|p2a: Ursaluna
|-resisted|p2a: Ursaluna
|-damage|p2a: Ursaluna|30/100
|-heal|p1a: Slither Wing|33/100 psn|[from] drain|[of] p2a: Ursaluna
|move|p2a: Ursaluna|Earthquake|p1a: Slither Wing
|-supereffective|p1a: Slither Wing
|-damage|p1a: Slither Wing|0 fnt
|faint|p1a: Slither Wing
|-end|p1a: Slither Wing|Protosynthesis|[silent]
|
|-heal|p2a: Ursaluna|36/100|[from] item: Leftovers
|upkeep
|
|t:|1757888405
|switch|p1a: Venomoth|Venomoth, M|100/100
|-damage|p1a: Venomoth|76/100|[from] Stealth Rock
|turn|27
|inactive|FUTURE CALLER has 120 seconds left.
|
|t:|1757888443
|move|p1a: Venomoth|Quiver Dance|p1a: Venomoth
|-boost|p1a: Venomoth|spa|1
|-boost|p1a: Venomoth|spd|1
|-boost|p1a: Venomoth|spe|1
|move|p2a: Ursaluna|Earthquake|p1a: Venomoth
|-damage|p1a: Venomoth|0 fnt
|faint|p1a: Venomoth
|
|win|OnArceus
|raw|FUTURE CALLER's rating: 1962 &rarr; <strong>1934</strong><br />(-28 for losing)
|raw|OnArceus's rating: 1806 &rarr; <strong>1834</strong><br />(+28 for winning)
|c|☆FUTURE CALLER|bailed
|l|☆FUTURE CALLER
|player|p1|
|c|☆OnArceus|gg
