|j|☆Obito 2001
|j|☆ABraviousTinkaton
|t:|1757930508
|gametype|singles
|player|p1|Obito 2001|blue-gen3two|1464
|player|p2|ABraviousTinkaton|miku-ice|1522
|gen|9
|tier|[Gen 9] OU
|rated|
|rule|HP Percentage Mod: HP is shown in percentages
|rule|Endless Battle Clause: Forcing endless battles is banned
|rule|Species Clause: Limit one of each Pokémon
|rule|OHKO Clause: OHKO moves are banned
|rule|Evasion Items Clause: Evasion items are banned
|rule|Evasion Moves Clause: Evasion moves are banned
|rule|Evasion Abilities Clause: Evasion abilities are banned
|rule|Sleep Moves Clause: Sleep-inducing moves are banned
|clearpoke
|poke|p1|Slowking-Galar, M|
|poke|p1|Cetitan, F|
|poke|p1|Corviknight, M|
|poke|p1|Landorus-Therian, M|
|poke|p1|Ninetales-Alola, F|
|poke|p1|Iron Hands|
|poke|p2|Great Tusk|
|poke|p2|Kingambit, F|
|poke|p2|Raging Bolt|
|poke|p2|Walking Wake|
|poke|p2|Ninetales, M|
|poke|p2|Ceruledge, F|
|teampreview
|inactive|Battle timer is ON: inactive players will automatically lose when time's up. (requested by Obito 2001)
|
|t:|1757930521
|teamsize|p1|6
|teamsize|p2|6
|start
|switch|p1a: Landorus|Landorus-Therian, M|100/100
|switch|p2a: Ninetales|Ninetales, M|100/100
|-weather|SunnyDay|[from] ability: Drought|[of] p2a: Ninetales
|-ability|p1a: Landorus|Intimidate|boost
|-unboost|p2a: Ninetales|atk|1
|turn|1
|
|t:|1757930528
|switch|p2a: Great Tusk|Great Tusk|100/100
|-activate|p2a: Great Tusk|ability: Protosynthesis
|-start|p2a: Great Tusk|protosynthesisatk
|move|p1a: Landorus|Earth Power|p2a: Great Tusk
|-damage|p2a: Great Tusk|62/100
|
|-weather|SunnyDay|[upkeep]
|upkeep
|turn|2
|
|t:|1757930532
|move|p1a: Landorus|Grass Knot|p2a: Great Tusk
|-supereffective|p2a: Great Tusk
|-damage|p2a: Great Tusk|0 fnt
|faint|p2a: Great Tusk
|-end|p2a: Great Tusk|Protosynthesis|[silent]
|
|-weather|SunnyDay|[upkeep]
|upkeep
|
|t:|1757930535
|switch|p2a: Walking Wake|Walking Wake|100/100
|-activate|p2a: Walking Wake|ability: Protosynthesis
|-start|p2a: Walking Wake|protosynthesisspe
|turn|3
|
|t:|1757930539
|switch|p1a: Sakura Miyawaki|Ninetales-Alola, F|100/100
|-weather|Snowscape|[from] ability: Snow Warning|[of] p1a: Sakura Miyawaki
|-end|p2a: Walking Wake|Protosynthesis
|move|p2a: Walking Wake|Hydro Steam|p1a: Sakura Miyawaki
|-damage|p1a: Sakura Miyawaki|58/100
|
|-weather|Snowscape|[upkeep]
|upkeep
|turn|4
|
|t:|1757930544
|switch|p1a: Fk toxic spikes|Slowking-Galar, M|100/100
|-end|p2a: Walking Wake|Protosynthesis|[silent]
|switch|p2a: Ninetales|Ninetales, M|100/100
|-weather|SunnyDay|[from] ability: Drought|[of] p2a: Ninetales
|
|-weather|SunnyDay|[upkeep]
|upkeep
|turn|5
|
|t:|1757930549
|switch|p2a: Ceruledge|Ceruledge, F|100/100
|-prepare|p1a: Fk toxic spikes|Chilly Reception|[premajor]
|move|p1a: Fk toxic spikes|Chilly Reception|p1a: Fk toxic spikes
|-weather|Snowscape
|
|t:|1757930552
|switch|p1a: Landorus|Landorus-Therian, M|100/100|[from] Chilly Reception
|-ability|p1a: Landorus|Intimidate|boost
|-unboost|p2a: Ceruledge|atk|1
|
|-weather|Snowscape|[upkeep]
|upkeep
|turn|6
|
|t:|1757930558
|switch|p2a: Walking Wake|Walking Wake|100/100
|move|p1a: Landorus|Earth Power|p2a: Walking Wake
|-damage|p2a: Walking Wake|51/100
|
|-weather|Snowscape|[upkeep]
|upkeep
|turn|7
|
|t:|1757930562
|switch|p1a: Fk toxic spikes|Slowking-Galar, M|100/100
|move|p2a: Walking Wake|Flip Turn|p1a: Fk toxic spikes
|-damage|p1a: Fk toxic spikes|84/100
|
|t:|1757930569
|-end|p2a: Walking Wake|Protosynthesis|[silent]
|switch|p2a: Kingambit|Kingambit, F|100/100|[from] Flip Turn
|-activate|p2a: Kingambit|ability: Supreme Overlord
|-start|p2a: Kingambit|fallen1|[silent]
|-item|p2a: Kingambit|Air Balloon
|
|-weather|Snowscape|[upkeep]
|upkeep
|turn|8
|
|t:|1757930572
|switch|p1a: Fk hazard noobs|Corviknight, M|100/100
|-ability|p1a: Fk hazard noobs|Pressure
|move|p2a: Kingambit|Swords Dance|p2a: Kingambit
|-boost|p2a: Kingambit|atk|2
|
|-weather|Snowscape|[upkeep]
|upkeep
|turn|9
|
|t:|1757930576
|-terastallize|p2a: Kingambit|Ghost
|move|p2a: Kingambit|Kowtow Cleave|p1a: Fk hazard noobs
|-damage|p1a: Fk hazard noobs|34/100
|-damage|p2a: Kingambit|84/100|[from] item: Rocky Helmet|[of] p1a: Fk hazard noobs
|move|p1a: Fk hazard noobs|Body Press|p2a: Kingambit
|-immune|p2a: Kingambit
|
|-weather|none
|upkeep
|turn|10
|
|t:|1757930580
|move|p2a: Kingambit|Low Kick|p1a: Fk hazard noobs
|-damage|p1a: Fk hazard noobs|0 fnt
|-damage|p2a: Kingambit|67/100|[from] item: Rocky Helmet|[of] p1a: Fk hazard noobs
|faint|p1a: Fk hazard noobs
|
|upkeep
|
|t:|1757930587
|switch|p1a: Mecha Buddha|Iron Hands|100/100
|turn|11
|
|t:|1757930589
|move|p1a: Mecha Buddha|Thunder Punch|p2a: Kingambit
|-damage|p2a: Kingambit|25/100
|-enditem|p2a: Kingambit|Air Balloon
|move|p2a: Kingambit|Low Kick|p1a: Mecha Buddha
|-damage|p1a: Mecha Buddha|23/100
|
|upkeep
|turn|12
|
|t:|1757930595
|-end|p1a: Mecha Buddha|Quark Drive|[silent]
|switch|p1a: Sakura Miyawaki|Ninetales-Alola, F|58/100
|-weather|Snowscape|[from] ability: Snow Warning|[of] p1a: Sakura Miyawaki
|move|p2a: Kingambit|Kowtow Cleave|p1a: Sakura Miyawaki
|-resisted|p1a: Sakura Miyawaki
|-damage|p1a: Sakura Miyawaki|14/100
|
|-weather|Snowscape|[upkeep]
|upkeep
|turn|13
|
|t:|1757930605
|-end|p2a: Kingambit|fallen1|[silent]
|switch|p2a: Ninetales|Ninetales, M|100/100
|-weather|SunnyDay|[from] ability: Drought|[of] p2a: Ninetales
|move|p1a: Sakura Miyawaki|Aurora Veil||[still]
|-fail|p1a: Sakura Miyawaki
|
|-weather|SunnyDay|[upkeep]
|upkeep
|turn|14
|
|t:|1757930608
|switch|p1a: Fk toxic spikes|Slowking-Galar, M|100/100
|switch|p2a: Ceruledge|Ceruledge, F|100/100
|
|-weather|SunnyDay|[upkeep]
|upkeep
|turn|15
|
|t:|1757930615
|move|p2a: Ceruledge|Poltergeist|p1a: Fk toxic spikes|[miss]
|-miss|p2a: Ceruledge|p1a: Fk toxic spikes
|-prepare|p1a: Fk toxic spikes|Chilly Reception|[premajor]
|move|p1a: Fk toxic spikes|Chilly Reception|p1a: Fk toxic spikes
|-weather|Snowscape
|
|t:|1757930619
|switch|p1a: Landorus|Landorus-Therian, M|100/100|[from] Chilly Reception
|-ability|p1a: Landorus|Intimidate|boost
|-unboost|p2a: Ceruledge|atk|1
|
|-weather|Snowscape|[upkeep]
|upkeep
|turn|16
|
|t:|1757930625
|move|p1a: Landorus|Earth Power|p2a: Ceruledge
|-supereffective|p2a: Ceruledge
|-crit|p2a: Ceruledge
|-damage|p2a: Ceruledge|0 fnt
|faint|p2a: Ceruledge
|
|-weather|Snowscape|[upkeep]
|upkeep
|
|t:|1757930628
|switch|p2a: Walking Wake|Walking Wake|51/100
|turn|17
|
|t:|1757930633
|switch|p1a: Fk toxic spikes|Slowking-Galar, M|100/100
|move|p2a: Walking Wake|Flip Turn|p1a: Fk toxic spikes
|-damage|p1a: Fk toxic spikes|84/100
|
|t:|1757930635
|-end|p2a: Walking Wake|Protosynthesis|[silent]
|switch|p2a: Kingambit|Kingambit, F, tera:Ghost|25/100|[from] Flip Turn
|-activate|p2a: Kingambit|ability: Supreme Overlord
|-start|p2a: Kingambit|fallen2|[silent]
|
|-weather|Snowscape|[upkeep]
|upkeep
|turn|18
|
|t:|1757930641
|switch|p1a: Landorus|Landorus-Therian, M|100/100
|-ability|p1a: Landorus|Intimidate|boost
|-unboost|p2a: Kingambit|atk|1
|move|p2a: Kingambit|Kowtow Cleave|p1a: Landorus
|-damage|p1a: Landorus|51/100
|
|-weather|Snowscape|[upkeep]
|upkeep
|turn|19
|
|t:|1757930646
|move|p1a: Landorus|Earth Power|p2a: Kingambit
|-damage|p2a: Kingambit|0 fnt
|faint|p2a: Kingambit
|-end|p2a: Kingambit|fallen2|[silent]
|
|-weather|none
|upkeep
|-message|ABraviousTinkaton forfeited.
|
|win|Obito 2001
|raw|Obito 2001's rating: 1464 &rarr; <strong>1487</strong><br />(+23 for winning)
|raw|ABraviousTinkaton's rating: 1522 &rarr; <strong>1499</strong><br />(-23 for losing)
|l|☆ABraviousTinkaton
|player|p2|
