|j|☆redfeatherz
|j|☆iheartgalvantula
|t:|1757867258
|gametype|singles
|player|p1|redfeatherz|2|1376
|player|p2|iheartgalvantula|unknown|1428
|gen|9
|tier|[Gen 9] OU
|rated|
|rule|HP Percentage Mod: HP is shown in percentages
|rule|Endless Battle Clause: Forcing endless battles is banned
|rule|Species Clause: Limit one of each Pokémon
|rule|OHKO Clause: OHKO moves are banned
|rule|Evasion Items Clause: Evasion items are banned
|rule|Evasion Moves Clause: Evasion moves are banned
|rule|Evasion Abilities Clause: Evasion abilities are banned
|rule|Sleep Moves Clause: Sleep-inducing moves are banned
|clearpoke
|poke|p1|Darkrai|
|poke|p1|Lokix, M|
|poke|p1|Chesnaught, M|
|poke|p1|Garganacl, F|
|poke|p1|Metagross|
|poke|p1|Moltres|
|poke|p2|Uxie|
|poke|p2|Indeedee, M|
|poke|p2|Haxorus, M|
|poke|p2|Deoxys-Speed|
|poke|p2|Great Tusk|
|poke|p2|Gholdengo|
|teampreview
|inactive|Battle timer is ON: inactive players will automatically lose when time's up. (requested by iheartgalvantula)
|
|t:|1757867268
|teamsize|p1|6
|teamsize|p2|6
|start
|switch|p1a: Lokix|Lokix, M|100/100
|switch|p2a: Indeedee|Indeedee, M|100/100
|-fieldstart|move: Psychic Terrain|[from] ability: Psychic Surge|[of] p2a: Indeedee
|turn|1
|
|t:|1757867282
|switch|p1a: Metagross|Metagross, shiny|100/100
|move|p2a: Indeedee|Dazzling Gleam|p1a: Metagross
|-resisted|p1a: Metagross
|-damage|p1a: Metagross|93/100
|
|upkeep
|turn|2
|
|t:|1757867285
|switch|p2a: Uxie|Uxie|100/100
|move|p1a: Metagross|Psychic Noise|p2a: Uxie
|-resisted|p2a: Uxie
|-damage|p2a: Uxie|89/100
|-start|p2a: Uxie|move: Heal Block
|
|upkeep
|turn|3
|
|t:|1757867292
|switch|p1a: Garganacl|Garganacl, F|100/100
|move|p2a: Uxie|Stealth Rock|p1a: Garganacl
|-sidestart|p1: redfeatherz|move: Stealth Rock
|
|-end|p2a: Uxie|move: Heal Block
|upkeep
|turn|4
|
|t:|1757867299
|move|p2a: Uxie|Expanding Force|p1a: Garganacl
|-damage|p1a: Garganacl|86/100
|move|p1a: Garganacl|Salt Cure|p2a: Uxie
|-damage|p2a: Uxie|81/100
|-start|p2a: Uxie|Salt Cure
|
|-heal|p1a: Garganacl|92/100|[from] item: Leftovers
|-damage|p2a: Uxie|68/100|[from] Salt Cure
|upkeep
|turn|5
|
|t:|1757867304
|move|p2a: Uxie|Magic Room|p2a: Uxie
|-fieldstart|move: Magic Room|[of] p2a: Uxie
|move|p1a: Garganacl|Salt Cure|p2a: Uxie
|-damage|p2a: Uxie|59/100
|
|-damage|p2a: Uxie|46/100|[from] Salt Cure
|upkeep
|turn|6
|
|t:|1757867311
|move|p2a: Uxie|U-turn|p1a: Garganacl
|-damage|p1a: Garganacl|84/100
|
|t:|1757867332
|switch|p2a: Haxorus|Haxorus, M|100/100|[from] U-turn
|-ability|p2a: Haxorus|Mold Breaker
|move|p1a: Garganacl|Salt Cure|p2a: Haxorus
|-damage|p2a: Haxorus|82/100
|-start|p2a: Haxorus|Salt Cure
|
|-damage|p2a: Haxorus|70/100|[from] Salt Cure
|upkeep
|turn|7
|
|t:|1757867343
|switch|p1a: Chesnaught|Chesnaught, M|100/100
|-damage|p1a: Chesnaught|94/100|[from] Stealth Rock
|move|p2a: Haxorus|Dragon Dance|p2a: Haxorus
|-boost|p2a: Haxorus|atk|1
|-boost|p2a: Haxorus|spe|1
|
|-damage|p2a: Haxorus|57/100|[from] Salt Cure
|upkeep
|turn|8
|
|t:|1757867355
|move|p2a: Haxorus|Outrage|p1a: Chesnaught
|-damage|p1a: Chesnaught|28/100
|move|p1a: Chesnaught|Body Press|p2a: Haxorus
|-damage|p2a: Haxorus|0 fnt
|faint|p2a: Haxorus
|
|-fieldend|move: Psychic Terrain
|upkeep
|
|t:|1757867365
|switch|p2a: Indeedee|Indeedee, M|100/100
|-fieldstart|move: Psychic Terrain|[from] ability: Psychic Surge|[of] p2a: Indeedee
|turn|9
|
|t:|1757867375
|move|p1a: Chesnaught|Spiky Shield|p1a: Chesnaught
|-singleturn|p1a: Chesnaught|move: Protect
|move|p2a: Indeedee|Dazzling Gleam|p1a: Chesnaught
|-activate|p1a: Chesnaught|move: Protect
|
|-fieldend|move: Magic Room|[of] p2: Uxie
|upkeep
|turn|10
|
|t:|1757867381
|switch|p1a: Metagross|Metagross, shiny|93/100
|-damage|p1a: Metagross|87/100|[from] Stealth Rock
|move|p2a: Indeedee|Encore||[still]
|-fail|p2a: Indeedee
|
|upkeep
|turn|11
|
|t:|1757867388
|switch|p2a: Uxie|Uxie|46/100
|move|p1a: Metagross|Meteor Mash|p2a: Uxie
|-damage|p2a: Uxie|15/100
|
|upkeep
|turn|12
|
|t:|1757867398
|move|p1a: Metagross|Meteor Mash|p2a: Uxie|[miss]
|-miss|p1a: Metagross|p2a: Uxie
|move|p2a: Uxie|Magic Room|p2a: Uxie
|-fieldstart|move: Magic Room|[of] p2a: Uxie
|
|upkeep
|turn|13
|
|t:|1757867406
|move|p1a: Metagross|Psychic Noise|p2a: Uxie
|-resisted|p2a: Uxie
|-damage|p2a: Uxie|4/100
|-start|p2a: Uxie|move: Heal Block
|move|p2a: Uxie|U-turn|p1a: Metagross
|-damage|p1a: Metagross|75/100
|
|t:|1757867413
|switch|p2a: Gholdengo|Gholdengo|100/100|[from] U-turn
|
|-fieldend|move: Psychic Terrain
|upkeep
|turn|14
|
|t:|1757867424
|move|p2a: Gholdengo|Nasty Plot|p2a: Gholdengo
|-boost|p2a: Gholdengo|spa|2
|move|p1a: Metagross|Earthquake|p2a: Gholdengo
|-supereffective|p2a: Gholdengo
|-damage|p2a: Gholdengo|8/100
|
|upkeep
|turn|15
|
|t:|1757867436
|-terastallize|p1a: Metagross|Steel
|move|p1a: Metagross|Bullet Punch|p2a: Gholdengo
|-resisted|p2a: Gholdengo
|-damage|p2a: Gholdengo|0 fnt
|faint|p2a: Gholdengo
|
|upkeep
|
|t:|1757867443
|switch|p2a: Indeedee|Indeedee, M|100/100
|-fieldstart|move: Psychic Terrain|[from] ability: Psychic Surge|[of] p2a: Indeedee
|turn|16
|
|t:|1757867452
|move|p2a: Indeedee|Healing Wish|p2a: Indeedee
|faint|p2a: Indeedee
|move|p1a: Metagross|Meteor Mash|p2: Indeedee|[notarget]
|-fail|p1a: Metagross
|
|-fieldend|move: Magic Room|[of] p2: Uxie
|upkeep
|
|t:|1757867459
|switch|p2a: Deoxys|Deoxys-Speed|100/100
|-ability|p2a: Deoxys|Pressure
|turn|17
|
|t:|1757867466
|move|p2a: Deoxys|Focus Blast|p1a: Metagross
|-supereffective|p1a: Metagross
|-damage|p1a: Metagross|16/100
|move|p1a: Metagross|Meteor Mash|p2a: Deoxys
|-enditem|p2a: Deoxys|Focus Sash
|-damage|p2a: Deoxys|1/100
|
|upkeep
|turn|18
|
|t:|1757867478
|switch|p2a: Great Tusk|Great Tusk|100/100
|switch|p1a: Chesnaught|Chesnaught, M|28/100
|-damage|p1a: Chesnaught|22/100|[from] Stealth Rock
|
|-heal|p1a: Chesnaught|28/100|[from] item: Leftovers
|upkeep
|turn|19
|
|t:|1757867488
|move|p1a: Chesnaught|Spiky Shield|p1a: Chesnaught
|-singleturn|p1a: Chesnaught|move: Protect
|move|p2a: Great Tusk|Ice Spinner|p1a: Chesnaught
|-activate|p1a: Chesnaught|move: Protect
|-damage|p2a: Great Tusk|88/100|[from] Spiky Shield|[of] p1a: Chesnaught
|
|-heal|p1a: Chesnaught|34/100|[from] item: Leftovers
|upkeep
|turn|20
|
|t:|1757867496
|switch|p1a: Moltres|Moltres|100/100
|move|p2a: Great Tusk|Ice Spinner|p1a: Moltres
|-damage|p1a: Moltres|74/100
|-fieldend|move: Psychic Terrain
|
|upkeep
|turn|21
|
|t:|1757867504
|move|p1a: Moltres|Will-O-Wisp|p2a: Great Tusk
|-status|p2a: Great Tusk|brn
|move|p2a: Great Tusk|Rapid Spin|p1a: Moltres
|-damage|p1a: Moltres|66/100
|-boost|p2a: Great Tusk|spe|1
|
|-damage|p2a: Great Tusk|82/100 brn|[from] brn
|upkeep
|turn|22
|
|t:|1757867513
|move|p2a: Great Tusk|Ice Spinner|p1a: Moltres
|-damage|p1a: Moltres|54/100
|move|p1a: Moltres|U-turn|p2a: Great Tusk
|-resisted|p2a: Great Tusk
|-damage|p2a: Great Tusk|76/100 brn
|
|t:|1757867517
|switch|p1a: Chesnaught|Chesnaught, M|34/100|[from] U-turn
|-damage|p1a: Chesnaught|28/100|[from] Stealth Rock
|
|-heal|p1a: Chesnaught|34/100|[from] item: Leftovers
|-damage|p2a: Great Tusk|70/100 brn|[from] brn
|upkeep
|turn|23
|
|t:|1757867527
|move|p2a: Great Tusk|Ice Spinner|p1a: Chesnaught
|-supereffective|p1a: Chesnaught
|-damage|p1a: Chesnaught|22/100
|move|p1a: Chesnaught|Giga Drain|p2a: Great Tusk
|-supereffective|p2a: Great Tusk
|-damage|p2a: Great Tusk|48/100 brn
|-heal|p1a: Chesnaught|34/100|[from] drain|[of] p2a: Great Tusk
|
|-heal|p1a: Chesnaught|40/100|[from] item: Leftovers
|-damage|p2a: Great Tusk|42/100 brn|[from] brn
|upkeep
|turn|24
|-message|iheartgalvantula forfeited.
|
|win|redfeatherz
|raw|redfeatherz's rating: 1376 &rarr; <strong>1399</strong><br />(+23 for winning)
|raw|iheartgalvantula's rating: 1428 &rarr; <strong>1405</strong><br />(-23 for losing)
|l|☆iheartgalvantula
|player|p2|
|l|☆redfeatherz
|player|p1|
