|j|☆ennvee98
|j|☆guiyas
|t:|1757820239
|gametype|singles
|player|p1|ennvee98|102|1311
|player|p2|guiyas|lucas|1344
|gen|9
|tier|[Gen 9] OU
|rated|
|rule|HP Percentage Mod: HP is shown in percentages
|rule|Endless Battle Clause: Forcing endless battles is banned
|rule|Species Clause: Limit one of each Pokémon
|rule|OHKO Clause: OHKO moves are banned
|rule|Evasion Items Clause: Evasion items are banned
|rule|Evasion Moves Clause: Evasion moves are banned
|rule|Evasion Abilities Clause: Evasion abilities are banned
|rule|Sleep Moves Clause: Sleep-inducing moves are banned
|clearpoke
|poke|p1|Landorus-Therian, M|
|poke|p1|Samurott-Hisui, M|
|poke|p1|Pecharunt|
|poke|p1|Scizor, M|
|poke|p1|Latios, M|
|poke|p1|Zamazenta-*|
|poke|p2|Charizard, M|
|poke|p2|Persian, M|
|poke|p2|Raichu, F|
|poke|p2|Dugtrio, F|
|poke|p2|Clefable, F|
|poke|p2|Arbok, M|
|teampreview
|inactive|Battle timer is ON: inactive players will automatically lose when time's up. (requested by ennvee98)
|
|t:|1757820246
|teamsize|p1|6
|teamsize|p2|6
|start
|switch|p1a: Landorus|Landorus-Therian, M|100/100
|switch|p2a: Arbok|Arbok, M|100/100
|-ability|p1a: Landorus|Intimidate|boost
|-unboost|p2a: Arbok|atk|1
|-ability|p2a: Arbok|Intimidate|boost
|-unboost|p1a: Landorus|atk|1
|turn|1
|
|t:|1757820255
|move|p1a: Landorus|Stealth Rock|p2a: Arbok
|-sidestart|p2: guiyas|move: Stealth Rock
|move|p2a: Arbok|Glare|p1a: Landorus
|-status|p1a: Landorus|par
|
|upkeep
|turn|2
|
|t:|1757820261
|switch|p2a: Charizard|Charizard, M|100/100
|move|p1a: Landorus|Earthquake|p2a: Charizard
|-immune|p2a: Charizard
|
|upkeep
|turn|3
|
|t:|1757820268
|move|p2a: Charizard|Flamethrower|p1a: Landorus
|-damage|p1a: Landorus|52/100 par
|move|p1a: Landorus|Smack Down|p2a: Charizard
|-supereffective|p2a: Charizard
|-damage|p2a: Charizard|44/100
|-start|p2a: Charizard|Smack Down
|
|upkeep
|turn|4
|
|t:|1757820277
|move|p2a: Charizard|Flamethrower|p1a: Landorus
|-damage|p1a: Landorus|7/100 par
|move|p1a: Landorus|U-turn|p2a: Charizard
|-resisted|p2a: Charizard
|-damage|p2a: Charizard|39/100
|
|t:|1757820285
|switch|p1a: Samurott|Samurott-Hisui, M|100/100|[from] U-turn
|
|upkeep
|turn|5
|
|t:|1757820293
|move|p2a: Charizard|Focus Blast|p1a: Samurott|[miss]
|-miss|p2a: Charizard|p1a: Samurott
|move|p1a: Samurott|Knock Off|p2a: Charizard
|-damage|p2a: Charizard|0 fnt
|-enditem|p2a: Charizard|Heavy-Duty Boots|[from] move: Knock Off|[of] p1a: Samurott
|faint|p2a: Charizard
|
|upkeep
|
|t:|1757820299
|switch|p2a: Arbok|Arbok, M|100/100
|-damage|p2a: Arbok|88/100|[from] Stealth Rock
|-ability|p2a: Arbok|Intimidate|boost
|-unboost|p1a: Samurott|atk|1
|turn|6
|
|t:|1757820306
|move|p1a: Samurott|Ceaseless Edge|p2a: Arbok
|-crit|p2a: Arbok
|-damage|p2a: Arbok|0 fnt
|-sidestart|p2: guiyas|Spikes
|faint|p2a: Arbok
|
|upkeep
|
|t:|1757820319
|switch|p2a: Raichu|Raichu, F|100/100
|-damage|p2a: Raichu|88/100|[from] Stealth Rock
|-damage|p2a: Raichu|76/100|[from] Spikes
|turn|7
|
|t:|1757820326
|switch|p1a: Landorus|Landorus-Therian, M|7/100 par
|-ability|p1a: Landorus|Intimidate|boost
|-unboost|p2a: Raichu|atk|1
|move|p2a: Raichu|Thunderbolt|p1a: Landorus
|-immune|p1a: Landorus
|
|upkeep
|turn|8
|
|t:|1757820335
|move|p2a: Raichu|Tera Blast|p1a: Landorus
|-damage|p1a: Landorus|0 fnt
|faint|p1a: Landorus
|-damage|p2a: Raichu|66/100|[from] item: Life Orb
|
|upkeep
|
|t:|1757820348
|switch|p1a: Pecharunt|Pecharunt|100/100
|turn|9
|
|t:|1757820353
|move|p2a: Raichu|Thunderbolt|p1a: Pecharunt
|-crit|p1a: Pecharunt
|-damage|p1a: Pecharunt|32/100
|-damage|p2a: Raichu|56/100|[from] item: Life Orb
|move|p1a: Pecharunt|Malignant Chain|p2a: Raichu
|-damage|p2a: Raichu|10/100
|-status|p2a: Raichu|tox
|-start|p2a: Raichu|confusion|[from] ability: Poison Puppeteer|[of] p1a: Pecharunt
|
|-damage|p2a: Raichu|4/100 tox|[from] psn
|upkeep
|turn|10
|
|t:|1757820369
|switch|p1a: Latios|Latios, M|100/100
|-activate|p2a: Raichu|confusion
|-damage|p2a: Raichu|0 fnt|[from] confusion
|faint|p2a: Raichu
|
|upkeep
|
|t:|1757820377
|switch|p2a: Persian|Persian, M|100/100
|turn|11
|
|t:|1757820380
|move|p2a: Persian|Fake Out|p1a: Latios
|-damage|p1a: Latios|80/100
|cant|p1a: Latios|flinch
|
|upkeep
|turn|12
|
|t:|1757820386
|move|p2a: Persian|Knock Off|p1a: Latios
|-supereffective|p1a: Latios
|-damage|p1a: Latios|40/100
|-enditem|p1a: Latios|Soul Dew|[from] move: Knock Off|[of] p2a: Persian
|move|p1a: Latios|Calm Mind|p1a: Latios
|-boost|p1a: Latios|spa|1
|-boost|p1a: Latios|spd|1
|
|upkeep
|turn|13
|
|t:|1757820394
|move|p2a: Persian|Taunt|p1a: Latios
|-start|p1a: Latios|move: Taunt
|cant|p1a: Latios|move: Taunt|Recover
|
|upkeep
|turn|14
|
|t:|1757820399
|move|p2a: Persian|Play Rough|p1a: Latios
|-supereffective|p1a: Latios
|-damage|p1a: Latios|2/100
|-unboost|p1a: Latios|atk|1
|move|p1a: Latios|Psychic Noise|p2a: Persian
|-damage|p2a: Persian|16/100
|-start|p2a: Persian|move: Heal Block
|
|upkeep
|turn|15
|
|t:|1757820410
|move|p2a: Persian|Knock Off|p1a: Latios
|-supereffective|p1a: Latios
|-crit|p1a: Latios
|-damage|p1a: Latios|0 fnt
|faint|p1a: Latios
|
|-end|p2a: Persian|move: Heal Block
|upkeep
|
|t:|1757820418
|switch|p1a: Pecharunt|Pecharunt|32/100
|turn|16
|
|t:|1757820422
|move|p2a: Persian|Taunt|p1a: Pecharunt
|-start|p1a: Pecharunt|move: Taunt
|cant|p1a: Pecharunt|move: Taunt|Recover
|
|upkeep
|turn|17
|
|t:|1757820430
|switch|p2a: Dugtrio|Dugtrio, F|100/100
|-damage|p2a: Dugtrio|94/100|[from] Stealth Rock
|-damage|p2a: Dugtrio|82/100|[from] Spikes
|move|p1a: Pecharunt|Malignant Chain|p2a: Dugtrio
|-resisted|p2a: Dugtrio
|-damage|p2a: Dugtrio|47/100
|
|upkeep
|turn|18
|
|t:|1757820441
|switch|p1a: Zamazenta|Zamazenta|100/100
|-ability|p1a: Zamazenta|Dauntless Shield|boost
|-boost|p1a: Zamazenta|def|1
|move|p2a: Dugtrio|Stealth Rock|p1a: Zamazenta
|-sidestart|p1: ennvee98|move: Stealth Rock
|
|upkeep
|turn|19
|
|t:|1757820448
|move|p1a: Zamazenta|Iron Defense|p1a: Zamazenta
|-boost|p1a: Zamazenta|def|2
|move|p2a: Dugtrio|Memento|p1a: Zamazenta
|-unboost|p1a: Zamazenta|atk|2
|-unboost|p1a: Zamazenta|spa|2
|faint|p2a: Dugtrio
|
|upkeep
|
|t:|1757820451
|switch|p2a: Clefable|Clefable, F|100/100
|-damage|p2a: Clefable|88/100|[from] Stealth Rock
|-damage|p2a: Clefable|76/100|[from] Spikes
|turn|20
|
|t:|1757820461
|move|p2a: Clefable|Cosmic Power|p2a: Clefable
|-boost|p2a: Clefable|def|1
|-boost|p2a: Clefable|spd|1
|move|p1a: Zamazenta|Roar|p2a: Clefable
|drag|p2a: Persian|Persian, M|16/100
|
|upkeep
|turn|21
|
|t:|1757820468
|move|p1a: Zamazenta|Iron Defense|p1a: Zamazenta
|-boost|p1a: Zamazenta|def|2
|move|p2a: Persian|Taunt|p1a: Zamazenta
|-start|p1a: Zamazenta|move: Taunt
|
|upkeep
|turn|22
|
|t:|1757820474
|move|p1a: Zamazenta|Body Press|p2a: Persian
|-supereffective|p2a: Persian
|-damage|p2a: Persian|0 fnt
|faint|p2a: Persian
|
|upkeep
|
|t:|1757820477
|switch|p2a: Clefable|Clefable, F|76/100
|-damage|p2a: Clefable|63/100|[from] Stealth Rock
|-damage|p2a: Clefable|51/100|[from] Spikes
|turn|23
|
|t:|1757820483
|move|p1a: Zamazenta|Body Press|p2a: Clefable
|-resisted|p2a: Clefable
|-damage|p2a: Clefable|36/100
|move|p2a: Clefable|Moonlight|p2a: Clefable
|-heal|p2a: Clefable|86/100
|
|-heal|p2a: Clefable|92/100|[from] item: Leftovers
|upkeep
|turn|24
|
|t:|1757820493
|switch|p1a: Scizor|Scizor, M|100/100
|move|p2a: Clefable|Cosmic Power|p2a: Clefable
|-boost|p2a: Clefable|def|1
|-boost|p2a: Clefable|spd|1
|
|-heal|p2a: Clefable|98/100|[from] item: Leftovers
|upkeep
|turn|25
|
|t:|1757820501
|-terastallize|p2a: Clefable|Steel
|move|p1a: Scizor|Swords Dance|p1a: Scizor
|-boost|p1a: Scizor|atk|2
|move|p2a: Clefable|Cosmic Power|p2a: Clefable
|-boost|p2a: Clefable|def|1
|-boost|p2a: Clefable|spd|1
|
|-heal|p2a: Clefable|100/100|[from] item: Leftovers
|upkeep
|turn|26
|
|t:|1757820514
|-terastallize|p1a: Scizor|Electric
|move|p1a: Scizor|Swords Dance|p1a: Scizor
|-boost|p1a: Scizor|atk|2
|move|p2a: Clefable|Cosmic Power|p2a: Clefable
|-boost|p2a: Clefable|def|1
|-boost|p2a: Clefable|spd|1
|
|upkeep
|turn|27
|
|t:|1757820522
|move|p1a: Scizor|Swords Dance|p1a: Scizor
|-boost|p1a: Scizor|atk|2
|move|p2a: Clefable|Cosmic Power|p2a: Clefable
|-boost|p2a: Clefable|def|1
|-boost|p2a: Clefable|spd|1
|
|upkeep
|turn|28
|
|t:|1757820528
|move|p1a: Scizor|Knock Off|p2a: Clefable
|-damage|p2a: Clefable|90/100
|-enditem|p2a: Clefable|Leftovers|[from] move: Knock Off|[of] p1a: Scizor
|move|p2a: Clefable|Cosmic Power|p2a: Clefable
|-boost|p2a: Clefable|def|1
|-boost|p2a: Clefable|spd|1
|
|upkeep
|turn|29
|
|t:|1757820535
|move|p1a: Scizor|Knock Off|p2a: Clefable
|-damage|p2a: Clefable|85/100
|move|p2a: Clefable|Cosmic Power|p2a: Clefable
|-boost|p2a: Clefable|def|1
|-boost|p2a: Clefable|spd|1
|
|upkeep
|turn|30
|
|t:|1757820544
|move|p1a: Scizor|Bullet Punch|p2a: Clefable
|-resisted|p2a: Clefable
|-damage|p2a: Clefable|81/100
|move|p2a: Clefable|Stored Power|p1a: Scizor
|-damage|p1a: Scizor|17/100
|
|upkeep
|turn|31
|
|t:|1757820552
|move|p1a: Scizor|Tera Blast|p2a: Clefable|[anim] Tera Blast Electric
|-damage|p2a: Clefable|73/100
|move|p2a: Clefable|Moonlight|p2a: Clefable
|-heal|p2a: Clefable|100/100
|
|upkeep
|turn|32
|
|t:|1757820559
|move|p1a: Scizor|Bullet Punch|p2a: Clefable
|-resisted|p2a: Clefable
|-damage|p2a: Clefable|97/100
|move|p2a: Clefable|Stored Power|p1a: Scizor
|-damage|p1a: Scizor|0 fnt
|faint|p1a: Scizor
|
|upkeep
|
|t:|1757820567
|switch|p1a: Samurott|Samurott-Hisui, M|100/100
|-damage|p1a: Samurott|88/100|[from] Stealth Rock
|turn|33
|
|t:|1757820572
|move|p1a: Samurott|Ceaseless Edge|p2a: Clefable
|-damage|p2a: Clefable|88/100
|-sidestart|p2: guiyas|Spikes
|move|p2a: Clefable|Moonblast|p1a: Samurott
|-supereffective|p1a: Samurott
|-damage|p1a: Samurott|33/100
|-unboost|p1a: Samurott|spa|1
|
|upkeep
|turn|34
|-message|ennvee98 forfeited.
|
|win|guiyas
|raw|ennvee98's rating: 1311 &rarr; <strong>1293</strong><br />(-18 for losing)
|raw|guiyas's rating: 1344 &rarr; <strong>1362</strong><br />(+18 for winning)
|l|☆guiyas
|player|p2|
|l|☆ennvee98
|player|p1|
