|inactive|Battle timer is ON: inactive players will automatically lose when time's up.
|t:|1757884024
|gametype|singles
|player|p1|SOULWIND|#scl5foxes2|
|player|p2|xavgb|#puplviiimoomoomilkers|
|gen|9
|tier|[Gen 9] OU
|rule|HP Percentage Mod: HP is shown in percentages
|rule|Endless Battle Clause: Forcing endless battles is banned
|rule|Species Clause: Limit one of each Pokémon
|rule|OHKO Clause: OHKO moves are banned
|rule|Evasion Items Clause: Evasion items are banned
|rule|Evasion Moves Clause: Evasion moves are banned
|rule|Evasion Abilities Clause: Evasion abilities are banned
|rule|Sleep Moves Clause: Sleep-inducing moves are banned
|clearpoke
|poke|p1|Cinderace, F|
|poke|p1|Gholdengo|
|poke|p1|Enamorus, F|
|poke|p1|Kyurem|
|poke|p1|Ogerpon-Wellspring, F|
|poke|p1|Great Tusk|
|poke|p2|Cinderace, M|
|poke|p2|Landorus-Therian, M|
|poke|p2|Alomomola, M|
|poke|p2|Hydrapple, M|
|poke|p2|Darkrai|
|poke|p2|Corviknight, M|
|teampreview
|inactive|SOULWIND has 270 seconds left.
|inactive|xavgb has 270 seconds left.
|inactive|SOULWIND has 240 seconds left.
|
|t:|1757884094
|teamsize|p1|6
|teamsize|p2|6
|start
|switch|p1a: Cinderace|Cinderace, F|100/100
|switch|p2a: Cinderace|Cinderace, M|100/100
|turn|1
|
|t:|1757884108
|move|p1a: Cinderace|Pyro Ball|p2a: Cinderace|[miss]
|-miss|p1a: Cinderace|p2a: Cinderace
|move|p2a: Cinderace|U-turn|p1a: Cinderace
|-start|p2a: Cinderace|typechange|Bug|[from] ability: Libero
|-resisted|p1a: Cinderace
|-damage|p1a: Cinderace|79/100
|
|t:|1757884125
|switch|p2a: Landorus|Landorus-Therian, M|100/100|[from] U-turn
|-ability|p2a: Landorus|Intimidate|boost
|-unboost|p1a: Cinderace|atk|1
|
|upkeep
|turn|2
|inactive|xavgb has 270 seconds left.
|
|t:|1757884161
|switch|p1a: Kyurem|Kyurem|100/100
|-ability|p1a: Kyurem|Pressure
|switch|p2a: Cinderace|Cinderace, M|100/100
|
|upkeep
|turn|3
|
|t:|1757884170
|move|p2a: Cinderace|U-turn|p1a: Kyurem
|-start|p2a: Cinderace|typechange|Bug|[from] ability: Libero
|-damage|p1a: Kyurem|75/100
|inactive|xavgb has 240 seconds left.
|
|t:|1757884208
|switch|p2a: Darkrai|Darkrai|100/100|[from] U-turn
|move|p1a: Kyurem|Draco Meteor|p2a: Darkrai
|-damage|p2a: Darkrai|0 fnt
|-unboost|p1a: Kyurem|spa|2
|faint|p2a: Darkrai
|
|upkeep
|
|t:|1757884222
|switch|p2a: Landorus|Landorus-Therian, M|100/100
|-ability|p2a: Landorus|Intimidate|boost
|-unboost|p1a: Kyurem|atk|1
|turn|4
|
|t:|1757884249
|switch|p1a: Great Tusk|Great Tusk|100/100
|move|p2a: Landorus|Earthquake|p1a: Great Tusk
|-damage|p1a: Great Tusk|64/100
|
|-heal|p1a: Great Tusk|70/100|[from] item: Leftovers
|upkeep
|turn|5
|inactive|xavgb has 210 seconds left.
|inactive|xavgb has 180 seconds left.
|
|t:|1757884311
|move|p2a: Landorus|Earthquake|p1a: Great Tusk
|-damage|p1a: Great Tusk|39/100
|move|p1a: Great Tusk|Ice Spinner|p2a: Landorus
|-supereffective|p2a: Landorus
|-damage|p2a: Landorus|0 fnt
|-damage|p1a: Great Tusk|22/100|[from] item: Rocky Helmet|[of] p2a: Landorus
|faint|p2a: Landorus
|
|-heal|p1a: Great Tusk|28/100|[from] item: Leftovers
|upkeep
|
|t:|1757884323
|switch|p2a: Cinderace|Cinderace, M|100/100
|turn|6
|inactive|SOULWIND has 270 seconds left.
|
|t:|1757884352
|move|p2a: Cinderace|Pyro Ball|p1a: Great Tusk
|-damage|p1a: Great Tusk|0 fnt
|faint|p1a: Great Tusk
|-end|p1a: Great Tusk|Protosynthesis|[silent]
|
|upkeep
|inactive|SOULWIND has 270 seconds left.
|
|t:|1757884360
|switch|p1a: Kyurem|Kyurem|75/100
|-ability|p1a: Kyurem|Pressure
|turn|7
|
|t:|1757884367
|move|p2a: Cinderace|U-turn|p1a: Kyurem
|-start|p2a: Cinderace|typechange|Bug|[from] ability: Libero
|-damage|p1a: Kyurem|47/100
|
|t:|1757884369
|switch|p2a: Alomomola|Alomomola, M|100/100|[from] U-turn
|move|p1a: Kyurem|Freeze-Dry|p2a: Alomomola
|-supereffective|p2a: Alomomola
|-damage|p2a: Alomomola|38/100
|
|upkeep
|turn|8
|
|t:|1757884375
|switch|p2a: Cinderace|Cinderace, M|100/100
|move|p1a: Kyurem|Freeze-Dry|p2a: Cinderace
|-resisted|p2a: Cinderace
|-damage|p2a: Cinderace|68/100
|
|upkeep
|turn|9
|
|t:|1757884380
|switch|p1a: Cinderace|Cinderace, F|79/100
|move|p2a: Cinderace|Pyro Ball|p1a: Cinderace
|-resisted|p1a: Cinderace
|-damage|p1a: Cinderace|47/100
|
|upkeep
|turn|10
|inactive|xavgb has 210 seconds left.
|
|t:|1757884388
|move|p1a: Cinderace|Sucker Punch|p2a: Cinderace
|-start|p1a: Cinderace|typechange|Dark|[from] ability: Libero
|-damage|p2a: Cinderace|28/100
|move|p2a: Cinderace|Gunk Shot|p1a: Cinderace|[miss]
|-start|p2a: Cinderace|typechange|Poison|[from] ability: Libero
|-miss|p2a: Cinderace|p1a: Cinderace
|
|upkeep
|turn|11
|
|t:|1757884398
|switch|p2a: Hydrapple|Hydrapple, M|100/100
|move|p1a: Cinderace|U-turn|p2a: Hydrapple
|-supereffective|p2a: Hydrapple
|-damage|p2a: Hydrapple|61/100
|
|t:|1757884400
|switch|p1a: Kyurem|Kyurem|47/100|[from] U-turn
|-ability|p1a: Kyurem|Pressure
|
|upkeep
|turn|12
|
|t:|1757884415
|switch|p2a: Corviknight|Corviknight, M|100/100
|-ability|p2a: Corviknight|Pressure
|move|p1a: Kyurem|Freeze-Dry|p2a: Corviknight
|-damage|p2a: Corviknight|47/100
|
|-heal|p2a: Corviknight|53/100|[from] item: Leftovers
|upkeep
|turn|13
|
|t:|1757884426
|move|p1a: Kyurem|Freeze-Dry|p2a: Corviknight
|-damage|p2a: Corviknight|0 fnt
|faint|p2a: Corviknight
|
|upkeep
|
|t:|1757884428
|switch|p2a: Cinderace|Cinderace, M|28/100
|turn|14
|
|t:|1757884446
|switch|p1a: Ogerpon|Ogerpon-Wellspring, F|100/100
|move|p2a: Cinderace|Gunk Shot|p1a: Ogerpon
|-start|p2a: Cinderace|typechange|Poison|[from] ability: Libero
|-supereffective|p1a: Ogerpon
|-damage|p1a: Ogerpon|0 fnt
|faint|p1a: Ogerpon
|
|upkeep
|
|t:|1757884462
|switch|p1a: Gholdengo|Gholdengo|100/100
|turn|15
|
|t:|1757884466
|switch|p2a: Alomomola|Alomomola, M|72/100
|move|p1a: Gholdengo|Shadow Ball|p2a: Alomomola
|-damage|p2a: Alomomola|49/100
|-unboost|p2a: Alomomola|spd|1
|
|upkeep
|turn|16
|inactive|xavgb has 240 seconds left.
|
|t:|1757884487
|switch|p2a: Hydrapple|Hydrapple, M|95/100
|move|p1a: Gholdengo|Shadow Ball|p2a: Hydrapple
|-damage|p2a: Hydrapple|50/100
|-unboost|p2a: Hydrapple|spd|1
|
|upkeep
|turn|17
|
|t:|1757884490
|switch|p2a: Alomomola|Alomomola, M|82/100
|move|p1a: Gholdengo|Shadow Ball|p2a: Alomomola
|-damage|p2a: Alomomola|58/100
|
|upkeep
|turn|18
|
|t:|1757884496
|switch|p2a: Hydrapple|Hydrapple, M|83/100
|move|p1a: Gholdengo|Shadow Ball|p2a: Hydrapple
|-damage|p2a: Hydrapple|37/100
|
|upkeep
|turn|19
|
|t:|1757884500
|switch|p1a: Kyurem|Kyurem|47/100
|-ability|p1a: Kyurem|Pressure
|switch|p2a: Alomomola|Alomomola, M|92/100
|
|upkeep
|turn|20
|
|t:|1757884510
|move|p1a: Kyurem|Freeze-Dry|p2a: Alomomola
|-supereffective|p2a: Alomomola
|-damage|p2a: Alomomola|35/100
|move|p2a: Alomomola|Mirror Coat|p1a: Kyurem
|-damage|p1a: Kyurem|0 fnt
|faint|p1a: Kyurem
|
|upkeep
|inactive|SOULWIND has 270 seconds left.
|
|t:|1757884542
|switch|p1a: Enamorus|Enamorus, F|100/100
|turn|21
|inactive|xavgb has 270 seconds left.
|
|t:|1757884579
|switch|p2a: Hydrapple|Hydrapple, M|70/100
|-terastallize|p1a: Enamorus|Stellar
|move|p1a: Enamorus|Tera Blast|p2a: Hydrapple|[anim] Tera Blast Stellar
|-damage|p2a: Hydrapple|19/100
|-boost|p1a: Enamorus|atk|1
|-boost|p1a: Enamorus|spa|1
|
|upkeep
|turn|22
|inactive|xavgb has 240 seconds left.
|inactive|xavgb has 210 seconds left.
|inactive|xavgb has 180 seconds left.
|
|t:|1757884661
|switch|p2a: Alomomola|Alomomola, M|69/100
|move|p1a: Enamorus|Tera Blast|p2a: Alomomola|[anim] Tera Blast Stellar
|-damage|p2a: Alomomola|38/100
|-boost|p1a: Enamorus|atk|1
|-boost|p1a: Enamorus|spa|1
|
|upkeep
|turn|23
|inactive|xavgb has 180 seconds left.
|
|t:|1757884669
|switch|p2a: Hydrapple|Hydrapple, M|52/100
|move|p1a: Enamorus|Tera Blast|p2a: Hydrapple|[anim] Tera Blast Stellar
|-damage|p2a: Hydrapple|0 fnt
|-boost|p1a: Enamorus|atk|1
|-boost|p1a: Enamorus|spa|1
|faint|p2a: Hydrapple
|
|upkeep
|
|t:|1757884670
|switch|p2a: Alomomola|Alomomola, M|71/100
|turn|24
|
|t:|1757884682
|move|p1a: Enamorus|Tera Blast|p2a: Alomomola|[anim] Tera Blast Stellar
|-damage|p2a: Alomomola|22/100
|-boost|p1a: Enamorus|atk|1
|-boost|p1a: Enamorus|spa|1
|move|p2a: Alomomola|Mirror Coat|p1a: Enamorus
|-damage|p1a: Enamorus|0 fnt
|faint|p1a: Enamorus
|
|upkeep
|
|t:|1757884685
|switch|p1a: Gholdengo|Gholdengo|100/100
|turn|25
|inactive|xavgb has 180 seconds left.
|
|t:|1757884723
|-terastallize|p2a: Alomomola|Normal
|move|p1a: Gholdengo|Shadow Ball|p2a: Alomomola
|-immune|p2a: Alomomola
|move|p2a: Alomomola|Chilling Water|p1a: Gholdengo
|-damage|p1a: Gholdengo|90/100
|-unboost|p1a: Gholdengo|atk|1
|
|upkeep
|turn|26
|inactive|xavgb has 180 seconds left.
|
|t:|1757884731
|switch|p1a: Cinderace|Cinderace, F|47/100
|move|p2a: Alomomola|Flip Turn|p1a: Cinderace
|-supereffective|p1a: Cinderace
|-damage|p1a: Cinderace|1/100
|
|t:|1757884736
|switch|p2a: Cinderace|Cinderace, M|28/100|[from] Flip Turn
|
|upkeep
|turn|27
|
|t:|1757884742
|switch|p2a: Alomomola|Alomomola, M, tera:Normal|56/100
|move|p1a: Cinderace|Sucker Punch||[still]
|-fail|p1a: Cinderace
|
|upkeep
|turn|28
|
|t:|1757884754
|move|p1a: Cinderace|U-turn|p2a: Alomomola
|-start|p1a: Cinderace|typechange|Bug|[from] ability: Libero
|-damage|p2a: Alomomola|33/100
|
|t:|1757884758
|switch|p1a: Gholdengo|Gholdengo|90/100|[from] U-turn
|move|p2a: Alomomola|Flip Turn|p1a: Gholdengo
|-damage|p1a: Gholdengo|72/100
|
|t:|1757884763
|switch|p2a: Cinderace|Cinderace, M|28/100|[from] Flip Turn
|
|upkeep
|turn|29
|inactive|SOULWIND has 270 seconds left.
|
|t:|1757884800
|switch|p2a: Alomomola|Alomomola, M, tera:Normal|66/100
|move|p1a: Gholdengo|Trick|p2a: Alomomola
|-activate|p1a: Gholdengo|move: Trick|[of] p2a: Alomomola
|-item|p2a: Alomomola|Choice Scarf|[from] move: Trick
|-item|p1a: Gholdengo|Assault Vest|[from] move: Trick
|
|upkeep
|turn|30
|inactive|SOULWIND has 270 seconds left.
|inactive|xavgb has 210 seconds left.
|
|t:|1757884817
|move|p1a: Gholdengo|Make It Rain|p2a: Alomomola
|-damage|p2a: Alomomola|17/100
|-unboost|p1a: Gholdengo|spa|1
|move|p2a: Alomomola|Flip Turn|p1a: Gholdengo
|-damage|p1a: Gholdengo|55/100
|
|t:|1757884821
|switch|p2a: Cinderace|Cinderace, M|28/100|[from] Flip Turn
|
|upkeep
|turn|31
|inactive|xavgb has 210 seconds left.
|
|t:|1757884852
|move|p2a: Cinderace|Pyro Ball|p1a: Gholdengo
|-supereffective|p1a: Gholdengo
|-damage|p1a: Gholdengo|0 fnt
|faint|p1a: Gholdengo
|
|upkeep
|
|t:|1757884855
|switch|p1a: Cinderace|Cinderace, F|1/100
|turn|32
|
|t:|1757884869
|move|p1a: Cinderace|Pyro Ball|p2a: Cinderace
|-resisted|p2a: Cinderace
|-damage|p2a: Cinderace|0 fnt
|faint|p2a: Cinderace
|
|upkeep
|
|t:|1757884871
|switch|p2a: Alomomola|Alomomola, M, tera:Normal|50/100
|turn|33
|
|t:|1757884876
|move|p1a: Cinderace|Pyro Ball|p2a: Alomomola
|-damage|p2a: Alomomola|11/100
|move|p2a: Alomomola|Flip Turn|p1a: Cinderace
|-supereffective|p1a: Cinderace
|-damage|p1a: Cinderace|0 fnt
|faint|p1a: Cinderace
|
|win|xavgb
|c|☆xavgb|gg
|c|☆SOULWIND|gg
