|j|‽secondstory
|j|☆pastagirl !!
|t:|1757929552
|gametype|singles
|player|p1|secondstory|bruno|1552
|player|p2|pastagirl !!|elesa|1659
|gen|9
|tier|[Gen 9] OU
|rated|
|rule|HP Percentage Mod: HP is shown in percentages
|rule|Endless Battle Clause: Forcing endless battles is banned
|rule|Species Clause: Limit one of each Pokémon
|rule|OHKO Clause: OHKO moves are banned
|rule|Evasion Items Clause: Evasion items are banned
|rule|Evasion Moves Clause: Evasion moves are banned
|rule|Evasion Abilities Clause: Evasion abilities are banned
|rule|Sleep Moves Clause: Sleep-inducing moves are banned
|clearpoke
|poke|p1|Primarina, M|
|poke|p1|Kleavor, M|
|poke|p1|Talonflame, F|
|poke|p1|Ting-Lu|
|poke|p1|Hydrapple, M|
|poke|p1|Slowking-Galar, M|
|poke|p2|Cresselia, F|
|poke|p2|Hatterene, F|
|poke|p2|Porygon2|
|poke|p2|Ursaluna, M|
|poke|p2|Iron Hands|
|poke|p2|Enamorus-Therian, F|
|teampreview
|j| qwerm
|j| Almighty Sa'
|j| cryyysneasel
|j| Rizzofreko
|j| CloudyEJ
|j| Resiste et Mords
|inactive|Battle timer is ON: inactive players will automatically lose when time's up. (requested by secondstory)
|j| BandedAI
|c| BandedAI|rare kleavor gaming
|
|t:|1757929608
|teamsize|p1|6
|teamsize|p2|6
|start
|switch|p1a: Kleavor|Kleavor, M|100/100
|switch|p2a: BLUE VELVET|Hatterene, F|100/100
|turn|1
|c| BandedAI|hell yeah
|
|t:|1757929621
|move|p1a: Kleavor|Fury Cutter|p2a: BLUE VELVET
|-damage|p2a: BLUE VELVET|69/100
|move|p2a: BLUE VELVET|Trick Room|p2a: BLUE VELVET
|-fieldstart|move: Trick Room|[of] p2a: BLUE VELVET
|
|upkeep
|turn|2
|c|☆pastagirl !!|fury cutter
|
|t:|1757929633
|-terastallize|p1a: Kleavor|Bug
|move|p2a: BLUE VELVET|Psychic Noise|p1a: Kleavor
|-damage|p1a: Kleavor|49/100
|-start|p1a: Kleavor|move: Heal Block
|move|p1a: Kleavor|Fury Cutter|p2a: BLUE VELVET
|-damage|p2a: BLUE VELVET|0 fnt
|faint|p2a: BLUE VELVET
|
|upkeep
|c| BandedAI|ts cb
|j| prod cc
|c| qwerm|lmao wtf
|c| Resiste et Mords|metronome
|c| qwerm|this guy is cooking
|inactive|pastagirl !! has 120 seconds left.
|c| BandedAI|sharpness boosted fury cutter
|c| BandedAI|absolutely funny gaming
|c| qwerm|dont mess with the goat
|
|t:|1757929676
|switch|p2a: LOST HIGHWAY|Ursaluna, M|100/100
|turn|3
|c| Rizzofreko|Should have set up rocks
|c|☆pastagirl !!|definitely should've set up rocks.
|c|☆pastagirl !!|lmfao
|
|t:|1757929686
|move|p2a: LOST HIGHWAY|Fire Punch|p1a: Kleavor
|-supereffective|p1a: Kleavor
|-damage|p1a: Kleavor|0 fnt
|faint|p1a: Kleavor
|
|-status|p2a: LOST HIGHWAY|brn|[from] item: Flame Orb
|upkeep
|
|t:|1757929702
|switch|p1a: Hydrapple|Hydrapple, M|100/100
|turn|4
|c| BandedAI|who knows
|c| BandedAI|it might be double rocks
|c| qwerm|apple is living this
|c| qwerm|I can feel it
|
|t:|1757929720
|-terastallize|p2a: LOST HIGHWAY|Normal
|move|p2a: LOST HIGHWAY|Facade|p1a: Hydrapple
|-damage|p1a: Hydrapple|13/100
|move|p1a: Hydrapple|Giga Drain|p2a: LOST HIGHWAY
|-damage|p2a: LOST HIGHWAY|75/100 brn
|-heal|p1a: Hydrapple|27/100|[from] drain|[of] p2a: LOST HIGHWAY
|
|-damage|p2a: LOST HIGHWAY|69/100 brn|[from] brn
|upkeep
|turn|5
|
|t:|1757929731
|switch|p1a: Talonflame|Talonflame, F|100/100
|move|p2a: LOST HIGHWAY|Facade|p1a: Talonflame
|-damage|p1a: Talonflame|0 fnt
|faint|p1a: Talonflame
|
|-damage|p2a: LOST HIGHWAY|63/100 brn|[from] brn
|-fieldend|move: Trick Room
|upkeep
|c| BandedAI|stand proud qwern.
|c|☆pastagirl !!|i knew it'd live
|inactive|secondstory has 120 seconds left.
|j| pkmsy
|l| Rizzofreko
|
|t:|1757929748
|switch|p1a: Hydrapple|Hydrapple, M|61/100
|turn|6
|
|t:|1757929761
|move|p1a: Hydrapple|Fickle Beam|p2a: LOST HIGHWAY|[anim] Fickle Beam All Out
|-activate|p1a: Hydrapple|move: Fickle Beam
|-damage|p2a: LOST HIGHWAY|10/100 brn
|move|p2a: LOST HIGHWAY|Facade|p1a: Hydrapple
|-damage|p1a: Hydrapple|0 fnt
|faint|p1a: Hydrapple
|
|-damage|p2a: LOST HIGHWAY|4/100 brn|[from] brn
|upkeep
|
|t:|1757929765
|switch|p1a: Primarina|Primarina, M|100/100
|turn|7
|
|t:|1757929776
|switch|p2a: WILD AT HEART|Cresselia, F|100/100
|move|p1a: Primarina|Psychic Noise|p2a: WILD AT HEART
|-damage|p2a: WILD AT HEART|82/100
|-start|p2a: WILD AT HEART|move: Heal Block
|-enditem|p2a: WILD AT HEART|Mental Herb
|-end|p2a: WILD AT HEART|move: Heal Block
|
|upkeep
|turn|8
|
|t:|1757929785
|move|p1a: Primarina|Calm Mind|p1a: Primarina
|-boost|p1a: Primarina|spa|1
|-boost|p1a: Primarina|spd|1
|move|p2a: WILD AT HEART|Trick Room|p2a: WILD AT HEART
|-fieldstart|move: Trick Room|[of] p2a: WILD AT HEART
|
|upkeep
|turn|9
|j| heatraniac
|
|t:|1757929801
|move|p1a: Primarina|Substitute|p1a: Primarina
|-start|p1a: Primarina|Substitute
|-damage|p1a: Primarina|75/100
|move|p2a: WILD AT HEART|Lunar Dance|p2a: WILD AT HEART
|faint|p2a: WILD AT HEART
|
|-heal|p1a: Primarina|82/100|[from] item: Leftovers
|upkeep
|j| Rizzofreko
|c| BandedAI|oh mental herb removes heal block?
|c| BandedAI|didnt know that
|
|t:|1757929809
|switch|p2a: LOST HIGHWAY|Ursaluna, M, tera:Normal|4/100 brn
|-heal|p2a: LOST HIGHWAY|100/100|[from] move: Lunar Dance
|turn|10
|j| cris peacock
|j| Disscratch
|
|t:|1757929828
|move|p2a: LOST HIGHWAY|Facade|p1a: Primarina
|-end|p1a: Primarina|Substitute
|move|p1a: Primarina|Psychic Noise|p2a: LOST HIGHWAY
|-damage|p2a: LOST HIGHWAY|62/100
|-start|p2a: LOST HIGHWAY|move: Heal Block
|
|-heal|p1a: Primarina|88/100|[from] item: Leftovers
|-status|p2a: LOST HIGHWAY|brn|[from] item: Flame Orb
|upkeep
|turn|11
|c| qwerm|does hands not live dkiss?
|l| pkmsy
|
|t:|1757929838
|switch|p1a: Ting-Lu|Ting-Lu|100/100
|-ability|p1a: Ting-Lu|Vessel of Ruin
|move|p2a: LOST HIGHWAY|Facade|p1a: Ting-Lu
|-damage|p1a: Ting-Lu|13/100
|
|-heal|p1a: Ting-Lu|19/100|[from] item: Leftovers
|-damage|p2a: LOST HIGHWAY|56/100 brn|[from] brn
|-end|p2a: LOST HIGHWAY|move: Heal Block
|upkeep
|turn|12
|c| qwerm|whatev this works
|c| BandedAI|1 night at freddys
|c|☆pastagirl !!|it might be moonblast
|c| qwerm|could b
|inactive|pastagirl !! has 120 seconds left.
|c|☆pastagirl !!|also supercell misses
|l| Rizzofreko
|c|☆pastagirl !!|so if they were smart
|c|☆pastagirl !!|they would spam substitute
|c|☆pastagirl !!|which they should've done vs all my guys
|c| qwerm|:check:
|c|☆pastagirl !!|to stall out tr turns
|j| Rizzofreko
|inactive|pastagirl !! has 90 seconds left.
|c| BandedAI|twin just insulted the opp
|c| BandedAI|+2 aura
|c|☆pastagirl !!|if i miss supercell that's rly bad
|
|t:|1757929906
|move|p2a: LOST HIGHWAY|Facade|p1a: Ting-Lu
|-damage|p1a: Ting-Lu|0 fnt
|faint|p1a: Ting-Lu
|
|-damage|p2a: LOST HIGHWAY|50/100 brn|[from] brn
|-fieldend|move: Trick Room
|upkeep
|
|t:|1757929917
|switch|p1a: Slowking|Slowking-Galar, M|100/100
|turn|13
|
|t:|1757929925
|move|p2a: LOST HIGHWAY|Facade|p1a: Slowking
|-damage|p1a: Slowking|0 fnt
|faint|p1a: Slowking
|
|-damage|p2a: LOST HIGHWAY|43/100 brn|[from] brn
|upkeep
|
|t:|1757929928
|switch|p1a: Primarina|Primarina, M|88/100
|turn|14
|
|t:|1757929936
|move|p1a: Primarina|Substitute|p1a: Primarina
|-start|p1a: Primarina|Substitute
|-damage|p1a: Primarina|63/100
|move|p2a: LOST HIGHWAY|Facade|p1a: Primarina
|-end|p1a: Primarina|Substitute
|
|-heal|p1a: Primarina|69/100|[from] item: Leftovers
|-damage|p2a: LOST HIGHWAY|37/100 brn|[from] brn
|upkeep
|turn|15
|
|t:|1757929939
|move|p1a: Primarina|Psychic Noise|p2a: LOST HIGHWAY
|-damage|p2a: LOST HIGHWAY|11/100 brn
|-start|p2a: LOST HIGHWAY|move: Heal Block
|move|p2a: LOST HIGHWAY|Facade|p1a: Primarina
|-damage|p1a: Primarina|0 fnt
|faint|p1a: Primarina
|
|win|pastagirl !!
|raw|secondstory's rating: 1552 &rarr; <strong>1538</strong><br />(-14 for losing)
|raw|pastagirl !!'s rating: 1659 &rarr; <strong>1673</strong><br />(+14 for winning)
|l|‽secondstory
|player|p1|
|c|☆pastagirl !!|gg
|c| BandedAI|bear.
|l| BandedAI
|l|☆pastagirl !!
|player|p2|
|l| Resiste et Mords
|l| CloudyEJ
|l| Disscratch
|l| cryyysneasel
|l| qwerm
|l| Rizzofreko
|l| Almighty Sa'
