|j|‽Victornya
|j|☆masterjeyx
|t:|1757831709
|gametype|singles
|player|p1|Victornya|parasollady-gen4|1208
|player|p2|masterjeyx|riley|1232
|gen|9
|tier|[Gen 9] OU
|rated|
|rule|HP Percentage Mod: HP is shown in percentages
|rule|Endless Battle Clause: Forcing endless battles is banned
|rule|Species Clause: Limit one of each Pokémon
|rule|OHKO Clause: OHKO moves are banned
|rule|Evasion Items Clause: Evasion items are banned
|rule|Evasion Moves Clause: Evasion moves are banned
|rule|Evasion Abilities Clause: Evasion abilities are banned
|rule|Sleep Moves Clause: Sleep-inducing moves are banned
|clearpoke
|poke|p1|Ogerpon-Cornerstone, F|
|poke|p1|Dragapult, F|
|poke|p1|Slither Wing|
|poke|p1|Moltres|
|poke|p1|Great Tusk|
|poke|p1|Rillaboom, M|
|poke|p2|Manaphy|
|poke|p2|Heatran, M|
|poke|p2|Frosmoth, M|
|poke|p2|Ursaluna, M|
|poke|p2|Cobalion|
|poke|p2|Serperior, F|
|teampreview
|inactive|Battle timer is ON: inactive players will automatically lose when time's up. (requested by masterjeyx)
|inactive|Victornya also wants the timer to be on.
|
|t:|1757831719
|teamsize|p1|6
|teamsize|p2|6
|start
|switch|p1a: Great Tusk|Great Tusk|100/100
|switch|p2a: Heatran|Heatran, M|100/100
|turn|1
|
|t:|1757831727
|-terastallize|p2a: Heatran|Bug
|move|p1a: Great Tusk|Headlong Rush|p2a: Heatran
|-resisted|p2a: Heatran
|-damage|p2a: Heatran|75/100
|-unboost|p1a: Great Tusk|def|1
|-unboost|p1a: Great Tusk|spd|1
|move|p2a: Heatran|Taunt|p1a: Great Tusk
|-start|p1a: Great Tusk|move: Taunt
|
|-heal|p2a: Heatran|81/100|[from] item: Leftovers
|upkeep
|turn|2
|
|t:|1757831737
|-end|p1a: Great Tusk|Protosynthesis|[silent]
|switch|p1a: Moltres|Moltres|100/100
|move|p2a: Heatran|Stealth Rock|p1a: Moltres
|-sidestart|p1: Victornya|move: Stealth Rock
|
|-heal|p2a: Heatran|87/100|[from] item: Leftovers
|upkeep
|turn|3
|
|t:|1757831744
|move|p2a: Heatran|Taunt|p1a: Moltres
|-start|p1a: Moltres|move: Taunt
|cant|p1a: Moltres|move: Taunt|Roar
|
|-heal|p2a: Heatran|94/100|[from] item: Leftovers
|upkeep
|turn|4
|
|t:|1757831750
|move|p1a: Moltres|U-turn|p2a: Heatran
|-damage|p2a: Heatran|80/100
|
|t:|1757831768
|switch|p1a: Rillaboom|Rillaboom, M|100/100|[from] U-turn
|-damage|p1a: Rillaboom|88/100|[from] Stealth Rock
|-fieldstart|move: Grassy Terrain|[from] ability: Grassy Surge|[of] p1a: Rillaboom
|move|p2a: Heatran|Magma Storm|p1a: Rillaboom
|-supereffective|p1a: Rillaboom
|-damage|p1a: Rillaboom|0 fnt
|faint|p1a: Rillaboom
|
|-heal|p2a: Heatran|86/100|[from] Grassy Terrain
|-heal|p2a: Heatran|92/100|[from] item: Leftovers
|upkeep
|
|t:|1757831772
|switch|p1a: Ogerpon|Ogerpon-Cornerstone, F|100/100
|-damage|p1a: Ogerpon|88/100|[from] Stealth Rock
|turn|5
|
|t:|1757831783
|move|p1a: Ogerpon|Ivy Cudgel|p2a: Heatran|[anim] Ivy Cudgel Rock
|-supereffective|p2a: Heatran
|-damage|p2a: Heatran|0 fnt
|faint|p2a: Heatran
|
|-heal|p1a: Ogerpon|94/100|[from] Grassy Terrain
|upkeep
|
|t:|1757831788
|switch|p2a: Cobalion|Cobalion|100/100
|turn|6
|
|t:|1757831799
|switch|p1a: Moltres|Moltres|100/100
|move|p2a: Cobalion|Iron Defense|p2a: Cobalion
|-boost|p2a: Cobalion|def|2
|
|upkeep
|turn|7
|
|t:|1757831807
|move|p2a: Cobalion|Volt Switch|p1a: Moltres
|-supereffective|p1a: Moltres
|-damage|p1a: Moltres|75/100
|
|t:|1757831810
|switch|p2a: Ursaluna|Ursaluna, M|100/100|[from] Volt Switch
|move|p1a: Moltres|Flamethrower|p2a: Ursaluna
|-damage|p2a: Ursaluna|59/100
|
|-heal|p2a: Ursaluna|65/100|[from] Grassy Terrain
|-status|p2a: Ursaluna|brn|[from] item: Flame Orb
|upkeep
|turn|8
|
|t:|1757831822
|move|p1a: Moltres|U-turn|p2a: Ursaluna
|-damage|p2a: Ursaluna|52/100 brn
|
|t:|1757831825
|switch|p1a: Great Tusk|Great Tusk|100/100|[from] U-turn
|move|p2a: Ursaluna|Facade|p1a: Great Tusk
|-damage|p1a: Great Tusk|19/100
|
|-heal|p1a: Great Tusk|25/100|[from] Grassy Terrain
|-heal|p2a: Ursaluna|58/100 brn|[from] Grassy Terrain
|-damage|p2a: Ursaluna|52/100 brn|[from] brn
|upkeep
|turn|9
|
|t:|1757831831
|move|p1a: Great Tusk|Rapid Spin|p2a: Ursaluna
|-damage|p2a: Ursaluna|38/100 brn
|-boost|p1a: Great Tusk|spe|1
|-sideend|p1: Victornya|Stealth Rock|[from] move: Rapid Spin|[of] p1a: Great Tusk
|move|p2a: Ursaluna|Trailblaze|p1a: Great Tusk
|-supereffective|p1a: Great Tusk
|-damage|p1a: Great Tusk|0 fnt
|-boost|p2a: Ursaluna|spe|1
|faint|p1a: Great Tusk
|-end|p1a: Great Tusk|Protosynthesis|[silent]
|
|-heal|p2a: Ursaluna|44/100 brn|[from] Grassy Terrain
|-damage|p2a: Ursaluna|38/100 brn|[from] brn
|upkeep
|
|t:|1757831838
|switch|p1a: Slither Wing|Slither Wing|100/100
|turn|10
|
|t:|1757831843
|move|p1a: Slither Wing|First Impression|p2a: Ursaluna
|-damage|p2a: Ursaluna|0 fnt
|faint|p2a: Ursaluna
|
|upkeep
|
|t:|1757831846
|switch|p2a: Cobalion|Cobalion|100/100
|turn|11
|
|t:|1757831849
|move|p2a: Cobalion|Iron Defense|p2a: Cobalion
|-boost|p2a: Cobalion|def|2
|move|p1a: Slither Wing|U-turn|p2a: Cobalion
|-resisted|p2a: Cobalion
|-damage|p2a: Cobalion|97/100
|
|t:|1757831853
|-end|p1a: Slither Wing|Protosynthesis|[silent]
|switch|p1a: Moltres|Moltres|75/100|[from] U-turn
|
|-heal|p2a: Cobalion|100/100|[from] Grassy Terrain
|-fieldend|move: Grassy Terrain
|upkeep
|turn|12
|
|t:|1757831869
|move|p2a: Cobalion|Body Press|p1a: Moltres
|-resisted|p1a: Moltres
|-damage|p1a: Moltres|53/100
|-status|p2a: Cobalion|brn|[from] ability: Flame Body|[of] p1a: Moltres
|move|p1a: Moltres|Flamethrower|p2a: Cobalion
|-supereffective|p2a: Cobalion
|-damage|p2a: Cobalion|8/100 brn
|
|-heal|p2a: Cobalion|14/100 brn|[from] item: Leftovers
|-damage|p2a: Cobalion|8/100 brn|[from] brn
|upkeep
|turn|13
|
|t:|1757831879
|move|p2a: Cobalion|Body Press|p1a: Moltres
|-resisted|p1a: Moltres
|-damage|p1a: Moltres|41/100
|move|p1a: Moltres|Roost|p1a: Moltres
|-heal|p1a: Moltres|91/100
|-singleturn|p1a: Moltres|move: Roost
|
|-heal|p2a: Cobalion|14/100 brn|[from] item: Leftovers
|-damage|p2a: Cobalion|8/100 brn|[from] brn
|upkeep
|turn|14
|
|t:|1757831884
|move|p2a: Cobalion|Iron Defense|p2a: Cobalion
|-boost|p2a: Cobalion|def|2
|move|p1a: Moltres|U-turn|p2a: Cobalion
|-resisted|p2a: Cobalion
|-damage|p2a: Cobalion|7/100 brn
|
|t:|1757831893
|switch|p1a: Ogerpon|Ogerpon-Cornerstone, F|94/100|[from] U-turn
|
|-heal|p2a: Cobalion|14/100 brn|[from] item: Leftovers
|-damage|p2a: Cobalion|7/100 brn|[from] brn
|upkeep
|turn|15
|
|t:|1757831899
|move|p1a: Ogerpon|Low Kick|p2a: Cobalion
|-supereffective|p2a: Cobalion
|-damage|p2a: Cobalion|0 fnt
|faint|p2a: Cobalion
|
|upkeep
|
|t:|1757831904
|switch|p2a: Serperior|Serperior, F|100/100
|turn|16
|
|t:|1757831912
|move|p2a: Serperior|Leaf Storm|p1a: Ogerpon|[miss]
|-miss|p2a: Serperior|p1a: Ogerpon
|move|p1a: Ogerpon|Swords Dance|p1a: Ogerpon
|-boost|p1a: Ogerpon|atk|2
|
|upkeep
|turn|17
|
|t:|1757831918
|move|p2a: Serperior|Leaf Storm|p1a: Ogerpon
|-damage|p1a: Ogerpon|42/100
|-boost|p2a: Serperior|spa|2
|move|p1a: Ogerpon|Ivy Cudgel|p2a: Serperior|[anim] Ivy Cudgel Rock
|-damage|p2a: Serperior|0 fnt
|faint|p2a: Serperior
|
|upkeep
|-message|masterjeyx forfeited.
|
|win|Victornya
|raw|Victornya's rating: 1208 &rarr; <strong>1235</strong><br />(+27 for winning)
|raw|masterjeyx's rating: 1232 &rarr; <strong>1205</strong><br />(-27 for losing)
|l|☆masterjeyx
|player|p2|
|l|‽Victornya
|player|p1|
