|j|☆iamgbs
|j|☆Nick Suzuki
|t:|1757939992
|gametype|singles
|player|p1|iamgbs|benga|1609
|player|p2|Nick Suzuki|skier|1665
|gen|9
|tier|[Gen 9] OU
|rated|
|rule|HP Percentage Mod: HP is shown in percentages
|rule|Endless Battle Clause: Forcing endless battles is banned
|rule|Species Clause: Limit one of each Pokémon
|rule|OHKO Clause: OHKO moves are banned
|rule|Evasion Items Clause: Evasion items are banned
|rule|Evasion Moves Clause: Evasion moves are banned
|rule|Evasion Abilities Clause: Evasion abilities are banned
|rule|Sleep Moves Clause: Sleep-inducing moves are banned
|clearpoke
|poke|p1|Raging Bolt|
|poke|p1|Ogerpon-Wellspring, F|
|poke|p1|Hatterene, F|
|poke|p1|Landorus-Therian, M|
|poke|p1|Kingambit, F|
|poke|p1|Zamazenta-*|
|poke|p2|Iron Valiant|
|poke|p2|Latios, M|
|poke|p2|Kingambit, M|
|poke|p2|Sinistcha|
|poke|p2|Moltres|
|poke|p2|Ting-Lu|
|teampreview
|
|t:|1757940019
|teamsize|p1|6
|teamsize|p2|6
|start
|switch|p1a: Raging Bolt|Raging Bolt|100/100
|switch|p2a: Iron Valiant|Iron Valiant|100/100
|turn|1
|
|t:|1757940024
|-end|p1a: Raging Bolt|Protosynthesis|[silent]
|switch|p1a: Hatterene|Hatterene, F|100/100
|move|p2a: Iron Valiant|Moonblast|p1a: Hatterene
|-damage|p1a: Hatterene|73/100
|-unboost|p1a: Hatterene|spa|1
|
|upkeep
|turn|2
|
|t:|1757940036
|-end|p2a: Iron Valiant|Quark Drive|[silent]
|switch|p2a: Ting-Lu|Ting-Lu|100/100
|-ability|p2a: Ting-Lu|Vessel of Ruin
|move|p1a: Hatterene|Nuzzle|p2a: Ting-Lu
|-immune|p2a: Ting-Lu
|
|upkeep
|turn|3
|
|t:|1757940045
|switch|p2a: Kingambit|Kingambit, M|100/100
|move|p1a: Hatterene|Psyshock|p2a: Kingambit
|-immune|p2a: Kingambit
|
|upkeep
|turn|4
|
|t:|1757940052
|switch|p1a: Landorus|Landorus-Therian, M|100/100
|-ability|p1a: Landorus|Intimidate|boost
|-unboost|p2a: Kingambit|atk|1
|move|p2a: Kingambit|Iron Head|p1a: Landorus
|-damage|p1a: Landorus|73/100
|-damage|p2a: Kingambit|84/100|[from] item: Rocky Helmet|[of] p1a: Landorus
|
|-heal|p2a: Kingambit|90/100|[from] item: Leftovers
|upkeep
|turn|5
|
|t:|1757940057
|-end|p2a: Kingambit|fallenundefined|[silent]
|switch|p2a: Moltres|Moltres|100/100
|move|p1a: Landorus|Stealth Rock|p2a: Moltres
|-sidestart|p2: Nick Suzuki|move: Stealth Rock
|
|upkeep
|turn|6
|
|t:|1757940061
|move|p1a: Landorus|Taunt|p2a: Moltres
|-start|p2a: Moltres|move: Taunt
|move|p2a: Moltres|Flamethrower|p1a: Landorus
|-damage|p1a: Landorus|32/100
|-status|p1a: Landorus|brn
|
|-damage|p1a: Landorus|26/100 brn|[from] brn
|upkeep
|turn|7
|
|t:|1757940070
|move|p1a: Landorus|U-turn|p2a: Moltres
|-resisted|p2a: Moltres
|-damage|p2a: Moltres|98/100
|
|t:|1757940073
|switch|p1a: Hatterene|Hatterene, F|73/100|[from] U-turn
|move|p2a: Moltres|Flamethrower|p1a: Hatterene
|-damage|p1a: Hatterene|51/100
|
|upkeep
|turn|8
|
|t:|1757940077
|move|p2a: Moltres|Flamethrower|p1a: Hatterene
|-damage|p1a: Hatterene|25/100
|move|p1a: Hatterene|Draining Kiss|p2a: Moltres
|-resisted|p2a: Moltres
|-damage|p2a: Moltres|87/100
|-heal|p1a: Hatterene|35/100|[from] drain|[of] p2a: Moltres
|
|-end|p2a: Moltres|move: Taunt
|upkeep
|turn|9
|
|t:|1757940082
|move|p2a: Moltres|Flamethrower|p1a: Hatterene
|-damage|p1a: Hatterene|10/100
|move|p1a: Hatterene|Nuzzle|p2a: Moltres
|-supereffective|p2a: Moltres
|-damage|p2a: Moltres|80/100
|-status|p2a: Moltres|par
|
|upkeep
|turn|10
|
|t:|1757940085
|switch|p1a: Ogerpon|Ogerpon-Wellspring, F|100/100
|move|p2a: Moltres|Flamethrower|p1a: Ogerpon
|-damage|p1a: Ogerpon|59/100
|-status|p1a: Ogerpon|brn
|
|-damage|p1a: Ogerpon|53/100 brn|[from] brn
|upkeep
|turn|11
|
|t:|1757940091
|switch|p2a: Sinistcha|Sinistcha|100/100
|move|p1a: Ogerpon|Ivy Cudgel|p2a: Sinistcha|[anim] Ivy Cudgel Water
|-resisted|p2a: Sinistcha
|-damage|p2a: Sinistcha|89/100
|
|-damage|p1a: Ogerpon|47/100 brn|[from] brn
|upkeep
|turn|12
|
|t:|1757940098
|move|p1a: Ogerpon|U-turn|p2a: Sinistcha
|-damage|p2a: Sinistcha|78/100
|
|t:|1757940102
|switch|p1a: Hatterene|Hatterene, F|10/100|[from] U-turn
|move|p2a: Sinistcha|Matcha Gotcha|p1a: Hatterene
|-damage|p1a: Hatterene|0 fnt
|-heal|p2a: Sinistcha|83/100|[from] drain|[of] p1a: Hatterene
|faint|p1a: Hatterene
|
|upkeep
|
|t:|1757940104
|switch|p1a: Kingambit|Kingambit, F|100/100
|-activate|p1a: Kingambit|ability: Supreme Overlord
|-start|p1a: Kingambit|fallen1|[silent]
|turn|13
|
|t:|1757940108
|switch|p2a: Moltres|Moltres|80/100 par
|move|p1a: Kingambit|Swords Dance|p1a: Kingambit
|-boost|p1a: Kingambit|atk|2
|
|upkeep
|turn|14
|
|t:|1757940114
|move|p1a: Kingambit|Sucker Punch|p2a: Moltres
|-crit|p2a: Moltres
|-damage|p2a: Moltres|0 fnt
|faint|p2a: Moltres
|
|upkeep
|
|t:|1757940121
|switch|p2a: Ting-Lu|Ting-Lu|100/100
|-damage|p2a: Ting-Lu|94/100|[from] Stealth Rock
|-ability|p2a: Ting-Lu|Vessel of Ruin
|turn|15
|
|t:|1757940125
|-terastallize|p1a: Kingambit|Fairy
|move|p1a: Kingambit|Tera Blast|p2a: Ting-Lu|[anim] Tera Blast Fairy
|-supereffective|p2a: Ting-Lu
|-crit|p2a: Ting-Lu
|-damage|p2a: Ting-Lu|0 fnt
|faint|p2a: Ting-Lu
|
|upkeep
|
|t:|1757940129
|switch|p2a: Kingambit|Kingambit, M|90/100
|-damage|p2a: Kingambit|84/100|[from] Stealth Rock
|-activate|p2a: Kingambit|ability: Supreme Overlord
|-start|p2a: Kingambit|fallen2|[silent]
|turn|16
|
|t:|1757940135
|move|p1a: Kingambit|Tera Blast|p2a: Kingambit|[anim] Tera Blast Fairy
|-damage|p2a: Kingambit|0 fnt
|faint|p2a: Kingambit
|-end|p2a: Kingambit|fallen2|[silent]
|
|upkeep
|
|t:|1757940149
|switch|p2a: Sinistcha|Sinistcha|83/100
|turn|17
|
|t:|1757940158
|-terastallize|p2a: Sinistcha|Poison
|move|p1a: Kingambit|Sucker Punch||[still]
|-fail|p1a: Kingambit
|move|p2a: Sinistcha|Strength Sap|p1a: Kingambit
|-unboost|p1a: Kingambit|atk|1
|-heal|p2a: Sinistcha|100/100
|
|upkeep
|turn|18
|
|t:|1757940163
|move|p2a: Sinistcha|Matcha Gotcha|p1a: Kingambit
|-damage|p1a: Kingambit|62/100
|move|p1a: Kingambit|Iron Head|p2a: Sinistcha
|-damage|p2a: Sinistcha|41/100
|
|-heal|p1a: Kingambit|68/100|[from] item: Leftovers
|upkeep
|turn|19
|
|t:|1757940169
|move|p2a: Sinistcha|Strength Sap|p1a: Kingambit
|-unboost|p1a: Kingambit|atk|1
|-heal|p2a: Sinistcha|100/100
|move|p1a: Kingambit|Iron Head|p2a: Sinistcha
|-damage|p2a: Sinistcha|66/100
|
|-heal|p1a: Kingambit|74/100|[from] item: Leftovers
|upkeep
|turn|20
|
|t:|1757940175
|move|p2a: Sinistcha|Matcha Gotcha|p1a: Kingambit
|-damage|p1a: Kingambit|36/100
|-heal|p2a: Sinistcha|84/100|[from] drain|[of] p1a: Kingambit
|move|p1a: Kingambit|Swords Dance|p1a: Kingambit
|-boost|p1a: Kingambit|atk|2
|
|-heal|p1a: Kingambit|42/100|[from] item: Leftovers
|upkeep
|turn|21
|
|t:|1757940182
|move|p2a: Sinistcha|Matcha Gotcha|p1a: Kingambit
|-damage|p1a: Kingambit|3/100
|-heal|p2a: Sinistcha|100/100|[from] drain|[of] p1a: Kingambit
|move|p1a: Kingambit|Iron Head|p2a: Sinistcha
|-damage|p2a: Sinistcha|22/100
|
|-heal|p1a: Kingambit|9/100|[from] item: Leftovers
|upkeep
|turn|22
|
|t:|1757940190
|move|p2a: Sinistcha|Strength Sap|p1a: Kingambit
|-unboost|p1a: Kingambit|atk|1
|-heal|p2a: Sinistcha|100/100
|move|p1a: Kingambit|Iron Head|p2a: Sinistcha
|-damage|p2a: Sinistcha|48/100
|
|-heal|p1a: Kingambit|15/100|[from] item: Leftovers
|upkeep
|turn|23
|
|t:|1757940197
|move|p1a: Kingambit|Sucker Punch||[still]
|-fail|p1a: Kingambit
|move|p2a: Sinistcha|Strength Sap|p1a: Kingambit
|-unboost|p1a: Kingambit|atk|1
|-heal|p2a: Sinistcha|100/100
|
|-heal|p1a: Kingambit|21/100|[from] item: Leftovers
|upkeep
|turn|24
|
|t:|1757940200
|move|p1a: Kingambit|Sucker Punch|p2a: Sinistcha
|-damage|p2a: Sinistcha|67/100
|move|p2a: Sinistcha|Matcha Gotcha|p1a: Kingambit
|-damage|p1a: Kingambit|0 fnt
|-heal|p2a: Sinistcha|77/100|[from] drain|[of] p1a: Kingambit
|faint|p1a: Kingambit
|-end|p1a: Kingambit|fallen1|[silent]
|
|upkeep
|
|t:|1757940205
|switch|p1a: Landorus|Landorus-Therian, M|26/100 brn
|-ability|p1a: Landorus|Intimidate|boost
|-unboost|p2a: Sinistcha|atk|1
|turn|25
|
|t:|1757940211
|switch|p2a: Latios|Latios, M|100/100
|-damage|p2a: Latios|88/100|[from] Stealth Rock
|move|p1a: Landorus|Earth Power|p2a: Latios
|-immune|p2a: Latios|[from] ability: Levitate
|
|-damage|p1a: Landorus|20/100 brn|[from] brn
|upkeep
|turn|26
|
|t:|1757940217
|move|p2a: Latios|Calm Mind|p2a: Latios
|-boost|p2a: Latios|spa|1
|-boost|p2a: Latios|spd|1
|move|p1a: Landorus|U-turn|p2a: Latios
|-supereffective|p2a: Latios
|-crit|p2a: Latios
|-damage|p2a: Latios|57/100
|
|t:|1757940233
|switch|p1a: Ogerpon|Ogerpon-Wellspring, F|47/100 brn|[from] U-turn
|
|-damage|p1a: Ogerpon|41/100 brn|[from] brn
|upkeep
|turn|27
|
|t:|1757940245
|move|p1a: Ogerpon|Encore|p2a: Latios
|-start|p2a: Latios|Encore
|move|p2a: Latios|Calm Mind|p2a: Latios
|-boost|p2a: Latios|spa|1
|-boost|p2a: Latios|spd|1
|
|-damage|p1a: Ogerpon|35/100 brn|[from] brn
|upkeep
|turn|28
|
|t:|1757940252
|switch|p2a: Sinistcha|Sinistcha, tera:Poison|77/100
|move|p1a: Ogerpon|U-turn|p2a: Sinistcha
|-resisted|p2a: Sinistcha
|-damage|p2a: Sinistcha|72/100
|
|t:|1757940255
|switch|p1a: Raging Bolt|Raging Bolt|100/100|[from] U-turn
|
|upkeep
|turn|29
|
|t:|1757940265
|switch|p2a: Latios|Latios, M|57/100
|-damage|p2a: Latios|45/100|[from] Stealth Rock
|move|p1a: Raging Bolt|Thunderbolt|p2a: Latios
|-resisted|p2a: Latios
|-damage|p2a: Latios|5/100
|
|upkeep
|turn|30
|
|t:|1757940272
|-end|p1a: Raging Bolt|Protosynthesis|[silent]
|switch|p1a: Landorus|Landorus-Therian, M|20/100 brn
|-ability|p1a: Landorus|Intimidate|boost
|-unboost|p2a: Latios|atk|1
|move|p2a: Latios|Recover|p2a: Latios
|-heal|p2a: Latios|55/100
|
|-damage|p1a: Landorus|14/100 brn|[from] brn
|upkeep
|turn|31
|
|t:|1757940279
|move|p2a: Latios|Recover|p2a: Latios
|-heal|p2a: Latios|100/100
|move|p1a: Landorus|Taunt|p2a: Latios
|-start|p2a: Latios|move: Taunt
|
|-damage|p1a: Landorus|8/100 brn|[from] brn
|upkeep
|turn|32
|
|t:|1757940283
|move|p2a: Latios|Ice Beam|p1a: Landorus
|-supereffective|p1a: Landorus
|-damage|p1a: Landorus|0 fnt
|faint|p1a: Landorus
|
|upkeep
|
|t:|1757940288
|switch|p1a: Zamazenta|Zamazenta|100/100
|-ability|p1a: Zamazenta|Dauntless Shield|boost
|-boost|p1a: Zamazenta|def|1
|turn|33
|
|t:|1757940294
|switch|p2a: Sinistcha|Sinistcha, tera:Poison|72/100
|move|p1a: Zamazenta|Crunch|p2a: Sinistcha
|-damage|p2a: Sinistcha|56/100
|
|upkeep
|turn|34
|
|t:|1757940298
|switch|p1a: Ogerpon|Ogerpon-Wellspring, F|35/100 brn
|move|p2a: Sinistcha|Strength Sap|p1a: Ogerpon
|-unboost|p1a: Ogerpon|atk|1
|-heal|p2a: Sinistcha|100/100
|
|-damage|p1a: Ogerpon|29/100 brn|[from] brn
|upkeep
|turn|35
|
|t:|1757940301
|move|p1a: Ogerpon|Encore|p2a: Sinistcha
|-start|p2a: Sinistcha|Encore
|move|p2a: Sinistcha|Strength Sap|p1a: Ogerpon
|-unboost|p1a: Ogerpon|atk|1
|
|-damage|p1a: Ogerpon|23/100 brn|[from] brn
|upkeep
|turn|36
|
|t:|1757940308
|switch|p1a: Raging Bolt|Raging Bolt|100/100
|switch|p2a: Iron Valiant|Iron Valiant|100/100
|
|upkeep
|turn|37
|
|t:|1757940311
|move|p1a: Raging Bolt|Thunderclap|p2a: Iron Valiant
|-damage|p2a: Iron Valiant|0 fnt
|faint|p2a: Iron Valiant
|-end|p2a: Iron Valiant|Quark Drive|[silent]
|
|upkeep
|
|t:|1757940315
|switch|p2a: Latios|Latios, M|100/100
|-damage|p2a: Latios|88/100|[from] Stealth Rock
|turn|38
|
|t:|1757940320
|-end|p1a: Raging Bolt|Protosynthesis|[silent]
|switch|p1a: Ogerpon|Ogerpon-Wellspring, F|23/100 brn
|move|p2a: Latios|Calm Mind|p2a: Latios
|-boost|p2a: Latios|spa|1
|-boost|p2a: Latios|spd|1
|
|-damage|p1a: Ogerpon|17/100 brn|[from] brn
|upkeep
|turn|39
|
|t:|1757940322
|move|p1a: Ogerpon|Encore|p2a: Latios
|-start|p2a: Latios|Encore
|move|p2a: Latios|Calm Mind|p2a: Latios
|-boost|p2a: Latios|spa|1
|-boost|p2a: Latios|spd|1
|
|-damage|p1a: Ogerpon|11/100 brn|[from] brn
|upkeep
|turn|40
|
|t:|1757940325
|switch|p2a: Sinistcha|Sinistcha, tera:Poison|100/100
|move|p1a: Ogerpon|U-turn|p2a: Sinistcha
|-resisted|p2a: Sinistcha
|-damage|p2a: Sinistcha|95/100
|
|t:|1757940328
|switch|p1a: Raging Bolt|Raging Bolt|100/100|[from] U-turn
|
|upkeep
|turn|41
|
|t:|1757940331
|move|p1a: Raging Bolt|Draco Meteor|p2a: Sinistcha
|-damage|p2a: Sinistcha|0 fnt
|-unboost|p1a: Raging Bolt|spa|2
|faint|p2a: Sinistcha
|
|upkeep
|
|t:|1757940334
|switch|p2a: Latios|Latios, M|88/100
|-damage|p2a: Latios|76/100|[from] Stealth Rock
|turn|42
|
|t:|1757940341
|-end|p1a: Raging Bolt|Protosynthesis|[silent]
|switch|p1a: Zamazenta|Zamazenta|100/100
|move|p2a: Latios|Calm Mind|p2a: Latios
|-boost|p2a: Latios|spa|1
|-boost|p2a: Latios|spd|1
|
|upkeep
|turn|43
|
|t:|1757940345
|move|p1a: Zamazenta|Crunch|p2a: Latios
|-supereffective|p2a: Latios
|-damage|p2a: Latios|32/100
|move|p2a: Latios|Calm Mind|p2a: Latios
|-boost|p2a: Latios|spa|1
|-boost|p2a: Latios|spd|1
|
|upkeep
|turn|44
|
|t:|1757940350
|move|p1a: Zamazenta|Crunch|p2a: Latios
|-supereffective|p2a: Latios
|-damage|p2a: Latios|0 fnt
|faint|p2a: Latios
|
|win|iamgbs
|raw|iamgbs's rating: 1609 &rarr; <strong>1632</strong><br />(+23 for winning)
|raw|Nick Suzuki's rating: 1665 &rarr; <strong>1642</strong><br />(-23 for losing)
|c|☆iamgbs|gg
|l|☆Nick Suzuki
|player|p2|
|c|☆iamgbs|wp
|l|☆iamgbs
|player|p1|
