|j|☆Davis080498
|j|☆preppy dude
|t:|1757827094
|gametype|singles
|player|p1|Davis080498|266|1141
|player|p2|preppy dude|102|1105
|gen|9
|tier|[Gen 9] OU
|rated|
|rule|HP Percentage Mod: HP is shown in percentages
|rule|Endless Battle Clause: Forcing endless battles is banned
|rule|Species Clause: Limit one of each Pokémon
|rule|OHKO Clause: OHKO moves are banned
|rule|Evasion Items Clause: Evasion items are banned
|rule|Evasion Moves Clause: Evasion moves are banned
|rule|Evasion Abilities Clause: Evasion abilities are banned
|rule|Sleep Moves Clause: Sleep-inducing moves are banned
|clearpoke
|poke|p1|Weezing-Galar, M|
|poke|p1|Ogerpon-Wellspring, F|
|poke|p1|Alomomola, F|
|poke|p1|Ting-Lu|
|poke|p1|Zamazenta-*|
|poke|p1|Iron Crown|
|poke|p2|Arbok, M|
|poke|p2|Magneton|
|poke|p2|Zapdos|
|poke|p2|Rhydon, F|
|poke|p2|Golem, F|
|poke|p2|Exeggutor, M|
|teampreview
|
|t:|1757827115
|teamsize|p1|6
|teamsize|p2|6
|start
|switch|p1a: Iron Crown|Iron Crown|100/100
|switch|p2a: Golem|Golem, F|100/100
|turn|1
|
|t:|1757827125
|move|p1a: Iron Crown|Tachyon Cutter|p2a: Golem
|-supereffective|p2a: Golem
|-ability|p2a: Golem|Sturdy
|-damage|p2a: Golem|1/100
|-supereffective|p2a: Golem
|-crit|p2a: Golem
|-damage|p2a: Golem|0 fnt
|faint|p2a: Golem
|-hitcount|p2: Golem|2
|
|upkeep
|
|t:|1757827135
|switch|p2a: Zapdos|Zapdos|100/100
|turn|2
|
|t:|1757827141
|-end|p1a: Iron Crown|Quark Drive|[silent]
|switch|p1a: Ting-Lu|Ting-Lu|100/100
|-ability|p1a: Ting-Lu|Vessel of Ruin
|move|p2a: Zapdos|Discharge|p1a: Ting-Lu
|-immune|p1a: Ting-Lu
|
|upkeep
|turn|3
|
|t:|1757827150
|switch|p2a: Arbok|Arbok, M|100/100
|-ability|p2a: Arbok|Intimidate|boost
|-unboost|p1a: Ting-Lu|atk|1
|move|p1a: Ting-Lu|Stealth Rock|p2a: Arbok
|-sidestart|p2: preppy dude|move: Stealth Rock
|
|upkeep
|turn|4
|
|t:|1757827161
|move|p2a: Arbok|Switcheroo|p1a: Ting-Lu
|-activate|p2a: Arbok|move: Trick|[of] p1a: Ting-Lu
|-item|p1a: Ting-Lu|Choice Scarf|[from] move: Switcheroo
|-item|p2a: Arbok|Leftovers|[from] move: Switcheroo
|move|p1a: Ting-Lu|Whirlwind|p2a: Arbok
|drag|p2a: Magneton|Magneton|100/100
|-damage|p2a: Magneton|94/100|[from] Stealth Rock
|
|upkeep
|turn|5
|
|t:|1757827173
|move|p2a: Magneton|Flash Cannon|p1a: Ting-Lu
|-damage|p1a: Ting-Lu|78/100
|move|p1a: Ting-Lu|Whirlwind|p2a: Magneton
|drag|p2a: Exeggutor|Exeggutor, M|100/100
|-damage|p2a: Exeggutor|88/100|[from] Stealth Rock
|
|upkeep
|turn|6
|
|t:|1757827182
|move|p2a: Exeggutor|Leaf Storm|p1a: Ting-Lu
|-supereffective|p1a: Ting-Lu
|-damage|p1a: Ting-Lu|0 fnt
|-unboost|p2a: Exeggutor|spa|2
|faint|p1a: Ting-Lu
|-enditem|p2a: Exeggutor|Eject Pack
|
|t:|1757827193
|switch|p2a: Magneton|Magneton|94/100
|-damage|p2a: Magneton|88/100|[from] Stealth Rock
|
|upkeep
|
|t:|1757827225
|switch|p1a: Zamazenta|Zamazenta|100/100
|-ability|p1a: Zamazenta|Dauntless Shield|boost
|-boost|p1a: Zamazenta|def|1
|turn|7
|
|t:|1757827242
|switch|p2a: Arbok|Arbok, M|100/100
|-damage|p2a: Arbok|88/100|[from] Stealth Rock
|-ability|p2a: Arbok|Intimidate|boost
|-unboost|p1a: Zamazenta|atk|1
|move|p1a: Zamazenta|Body Press|p2a: Arbok
|-resisted|p2a: Arbok
|-damage|p2a: Arbok|57/100
|
|-heal|p2a: Arbok|63/100|[from] item: Leftovers
|upkeep
|turn|8
|
|t:|1757827257
|move|p1a: Zamazenta|Iron Defense|p1a: Zamazenta
|-boost|p1a: Zamazenta|def|2
|move|p2a: Arbok|Poison Fang|p1a: Zamazenta
|-damage|p1a: Zamazenta|95/100
|
|-heal|p1a: Zamazenta|100/100|[from] item: Leftovers
|-heal|p2a: Arbok|69/100|[from] item: Leftovers
|upkeep
|turn|9
|
|t:|1757827267
|move|p1a: Zamazenta|Body Press|p2a: Arbok
|-resisted|p2a: Arbok
|-damage|p2a: Arbok|15/100
|move|p2a: Arbok|Poison Fang|p1a: Zamazenta
|-damage|p1a: Zamazenta|95/100
|-status|p1a: Zamazenta|tox
|
|-heal|p1a: Zamazenta|100/100 tox|[from] item: Leftovers
|-heal|p2a: Arbok|21/100|[from] item: Leftovers
|-damage|p1a: Zamazenta|94/100 tox|[from] psn
|upkeep
|turn|10
|
|t:|1757827279
|move|p2a: Arbok|Protect|p2a: Arbok
|-singleturn|p2a: Arbok|Protect
|move|p1a: Zamazenta|Body Press|p2a: Arbok
|-activate|p2a: Arbok|move: Protect
|
|-heal|p1a: Zamazenta|100/100 tox|[from] item: Leftovers
|-heal|p2a: Arbok|27/100|[from] item: Leftovers
|-damage|p1a: Zamazenta|88/100 tox|[from] psn
|upkeep
|turn|11
|
|t:|1757827289
|switch|p2a: Zapdos|Zapdos|100/100
|-damage|p2a: Zapdos|75/100|[from] Stealth Rock
|move|p1a: Zamazenta|Body Press|p2a: Zapdos
|-resisted|p2a: Zapdos
|-damage|p2a: Zapdos|41/100
|
|-heal|p1a: Zamazenta|94/100 tox|[from] item: Leftovers
|-heal|p2a: Zapdos|47/100|[from] item: Leftovers
|-damage|p1a: Zamazenta|76/100 tox|[from] psn
|upkeep
|turn|12
|
|t:|1757827301
|move|p1a: Zamazenta|Stone Edge|p2a: Zapdos
|-supereffective|p2a: Zapdos
|-damage|p2a: Zapdos|7/100
|move|p2a: Zapdos|Roost|p2a: Zapdos
|-heal|p2a: Zapdos|57/100
|-singleturn|p2a: Zapdos|move: Roost
|
|-heal|p1a: Zamazenta|82/100 tox|[from] item: Leftovers
|-heal|p2a: Zapdos|64/100|[from] item: Leftovers
|-damage|p1a: Zamazenta|57/100 tox|[from] psn
|upkeep
|turn|13
|
|t:|1757827315
|move|p2a: Zapdos|Protect|p2a: Zapdos
|-singleturn|p2a: Zapdos|Protect
|move|p1a: Zamazenta|Stone Edge|p2a: Zapdos
|-activate|p2a: Zapdos|move: Protect
|
|-heal|p1a: Zamazenta|63/100 tox|[from] item: Leftovers
|-heal|p2a: Zapdos|70/100|[from] item: Leftovers
|-damage|p1a: Zamazenta|32/100 tox|[from] psn
|upkeep
|turn|14
|
|t:|1757827326
|move|p1a: Zamazenta|Stone Edge|p2a: Zapdos
|-supereffective|p2a: Zapdos
|-damage|p2a: Zapdos|32/100
|move|p2a: Zapdos|Roost|p2a: Zapdos
|-heal|p2a: Zapdos|82/100
|-singleturn|p2a: Zapdos|move: Roost
|
|-heal|p1a: Zamazenta|39/100 tox|[from] item: Leftovers
|-heal|p2a: Zapdos|88/100|[from] item: Leftovers
|-damage|p1a: Zamazenta|2/100 tox|[from] psn
|upkeep
|turn|15
|
|t:|1757827337
|move|p2a: Zapdos|Protect|p2a: Zapdos
|-singleturn|p2a: Zapdos|Protect
|move|p1a: Zamazenta|Body Press|p2a: Zapdos
|-activate|p2a: Zapdos|move: Protect
|
|-heal|p1a: Zamazenta|8/100 tox|[from] item: Leftovers
|-heal|p2a: Zapdos|94/100|[from] item: Leftovers
|-damage|p1a: Zamazenta|0 fnt|[from] psn
|faint|p1a: Zamazenta
|upkeep
|
|t:|1757827345
|switch|p1a: Iron Crown|Iron Crown|100/100
|turn|16
|inactive|Battle timer is ON: inactive players will automatically lose when time's up. (requested by preppy dude)
|
|t:|1757827351
|move|p1a: Iron Crown|Psychic Noise|p2a: Zapdos
|-damage|p2a: Zapdos|52/100
|-start|p2a: Zapdos|move: Heal Block
|move|p2a: Zapdos|Discharge|p1a: Iron Crown
|-damage|p1a: Iron Crown|68/100
|
|upkeep
|turn|17
|
|t:|1757827359
|move|p1a: Iron Crown|Psychic Noise|p2a: Zapdos
|-damage|p2a: Zapdos|4/100
|move|p2a: Zapdos|Discharge|p1a: Iron Crown
|-damage|p1a: Iron Crown|32/100
|-status|p1a: Iron Crown|par
|
|-end|p2a: Zapdos|move: Heal Block
|upkeep
|turn|18
|
|t:|1757827371
|move|p2a: Zapdos|Roost|p2a: Zapdos
|-heal|p2a: Zapdos|54/100
|-singleturn|p2a: Zapdos|move: Roost
|move|p1a: Iron Crown|Psychic Noise|p2a: Zapdos
|-damage|p2a: Zapdos|7/100
|-start|p2a: Zapdos|move: Heal Block
|
|upkeep
|turn|19
|
|t:|1757827381
|move|p2a: Zapdos|Protect|p2a: Zapdos
|-singleturn|p2a: Zapdos|Protect
|move|p1a: Iron Crown|Psychic Noise|p2a: Zapdos
|-activate|p2a: Zapdos|move: Protect
|
|-end|p2a: Zapdos|move: Heal Block
|upkeep
|turn|20
|
|t:|1757827392
|move|p2a: Zapdos|Roost|p2a: Zapdos
|-heal|p2a: Zapdos|57/100
|-singleturn|p2a: Zapdos|move: Roost
|move|p1a: Iron Crown|Psychic Noise|p2a: Zapdos
|-damage|p2a: Zapdos|8/100
|-start|p2a: Zapdos|move: Heal Block
|
|upkeep
|turn|21
|
|t:|1757827402
|-end|p1a: Iron Crown|Quark Drive|[silent]
|switch|p1a: Ogerpon|Ogerpon-Wellspring, F|100/100
|move|p2a: Zapdos|Protect||[still]
|-fail|p2a: Zapdos
|
|-end|p2a: Zapdos|move: Heal Block
|upkeep
|turn|22
|
|t:|1757827413
|-terastallize|p1a: Ogerpon|Water
|detailschange|p1a: Ogerpon|Ogerpon-Wellspring-Tera, F, tera:Water
|-ability|p1a: Ogerpon|Embody Aspect (Wellspring)|boost
|-boost|p1a: Ogerpon|spd|1
|move|p1a: Ogerpon|Swords Dance|p1a: Ogerpon
|-boost|p1a: Ogerpon|atk|2
|move|p2a: Zapdos|Discharge|p1a: Ogerpon
|-supereffective|p1a: Ogerpon
|-damage|p1a: Ogerpon|49/100
|
|-heal|p2a: Zapdos|15/100|[from] item: Leftovers
|upkeep
|turn|23
|
|t:|1757827426
|move|p1a: Ogerpon|Ivy Cudgel|p2a: Zapdos|[anim] Ivy Cudgel Water
|-crit|p2a: Zapdos
|-damage|p2a: Zapdos|0 fnt
|faint|p2a: Zapdos
|
|upkeep
|
|t:|1757827432
|switch|p2a: Magneton|Magneton|88/100
|-damage|p2a: Magneton|82/100|[from] Stealth Rock
|turn|24
|
|t:|1757827437
|move|p2a: Magneton|Discharge|p1a: Ogerpon
|-supereffective|p1a: Ogerpon
|-crit|p1a: Ogerpon
|-damage|p1a: Ogerpon|0 fnt
|faint|p1a: Ogerpon
|detailschange|p1: Ogerpon|Ogerpon-Wellspring, F|[silent]
|
|upkeep
|-message|Davis080498 forfeited.
|
|win|preppy dude
|raw|Davis080498's rating: 1141 &rarr; <strong>1113</strong><br />(-28 for losing)
|raw|preppy dude's rating: 1105 &rarr; <strong>1133</strong><br />(+28 for winning)
|l|☆Davis080498
|player|p1|
|l|☆preppy dude
|player|p2|
