|j|☆Alligatorgolden2
|j|☆fregene97
|t:|1757939801
|gametype|singles
|player|p1|Alligatorgolden2|lance|1331
|player|p2|fregene97|benga|1323
|gen|9
|tier|[Gen 9] OU
|rated|
|rule|HP Percentage Mod: HP is shown in percentages
|rule|Endless Battle Clause: Forcing endless battles is banned
|rule|Species Clause: Limit one of each Pokémon
|rule|OHKO Clause: OHKO moves are banned
|rule|Evasion Items Clause: Evasion items are banned
|rule|Evasion Moves Clause: Evasion moves are banned
|rule|Evasion Abilities Clause: Evasion abilities are banned
|rule|Sleep Moves Clause: Sleep-inducing moves are banned
|clearpoke
|poke|p1|Feraligatr, M|
|poke|p1|Arcanine-Hisui, M|
|poke|p1|Haxorus, M|
|poke|p1|Zoroark-Hisui, F|
|poke|p1|Great Tusk|
|poke|p1|Skeledirge, M|
|poke|p2|Feraligatr, M|
|poke|p2|Raging Bolt|
|poke|p2|Iron Valiant|
|poke|p2|Torterra, M|
|poke|p2|Ceruledge, M|
|poke|p2|Iron Boulder|
|teampreview
|inactive|Battle timer is ON: inactive players will automatically lose when time's up. (requested by fregene97)
|
|t:|1757939815
|teamsize|p1|6
|teamsize|p2|6
|start
|switch|p1a: Helllcycle|Arcanine-Hisui, M|100/100
|switch|p2a: Feraligatr|Feraligatr, M, shiny|100/100
|turn|1
|
|t:|1757939836
|move|p1a: Helllcycle|Grass Knot|p2a: Feraligatr
|-supereffective|p2a: Feraligatr
|-damage|p2a: Feraligatr|28/100
|move|p2a: Feraligatr|Dragon Dance|p2a: Feraligatr
|-boost|p2a: Feraligatr|atk|1
|-boost|p2a: Feraligatr|spe|1
|
|upkeep
|turn|2
|
|t:|1757939843
|move|p2a: Feraligatr|Liquidation|p1a: Helllcycle
|-enditem|p1a: Helllcycle|Focus Sash
|-damage|p1a: Helllcycle|1/100
|replace|p1a: Bella|Zoroark-Hisui, F
|-end|p1a: Bella|Illusion
|move|p1a: Bella|Grass Knot|p2a: Feraligatr
|-supereffective|p2a: Feraligatr
|-damage|p2a: Feraligatr|0 fnt
|faint|p2a: Feraligatr
|
|upkeep
|
|t:|1757939847
|switch|p2a: Ceruledge|Ceruledge, M|100/100
|turn|3
|
|t:|1757939855
|move|p1a: Bella|Bitter Malice|p2a: Ceruledge
|-supereffective|p2a: Ceruledge
|-damage|p2a: Ceruledge|18/100
|-unboost|p2a: Ceruledge|atk|1
|move|p2a: Ceruledge|Bitter Blade|p1a: Bella
|-damage|p1a: Bella|0 fnt
|-heal|p2a: Ceruledge|18/100|[from] drain|[of] p1a: Bella
|faint|p1a: Bella
|
|upkeep
|
|t:|1757939872
|switch|p1a: Alligator|Feraligatr, M|100/100
|turn|4
|
|t:|1757939877
|move|p2a: Ceruledge|Poltergeist|p1a: Alligator|[miss]
|-miss|p2a: Ceruledge|p1a: Alligator
|move|p1a: Alligator|Crunch|p2a: Ceruledge
|-supereffective|p2a: Ceruledge
|-damage|p2a: Ceruledge|0 fnt
|faint|p2a: Ceruledge
|
|upkeep
|
|t:|1757939880
|switch|p2a: Torterra|Torterra, M|100/100
|turn|5
|
|t:|1757939891
|-terastallize|p2a: Torterra|Rock
|move|p1a: Alligator|Ice Punch|p2a: Torterra
|-damage|p2a: Torterra|59/100
|move|p2a: Torterra|Shell Smash|p2a: Torterra
|-unboost|p2a: Torterra|def|1
|-unboost|p2a: Torterra|spd|1
|-boost|p2a: Torterra|atk|2
|-boost|p2a: Torterra|spa|2
|-boost|p2a: Torterra|spe|2
|
|upkeep
|turn|6
|
|t:|1757939902
|move|p2a: Torterra|Bullet Seed|p1a: Alligator
|-supereffective|p1a: Alligator
|-damage|p1a: Alligator|52/100
|-supereffective|p1a: Alligator
|-damage|p1a: Alligator|11/100
|-supereffective|p1a: Alligator
|-damage|p1a: Alligator|0 fnt
|faint|p1a: Alligator
|-hitcount|p1: Alligator|3
|
|upkeep
|
|t:|1757939910
|switch|p1a: Skully|Skeledirge, M, shiny|100/100
|turn|7
|
|t:|1757939916
|-terastallize|p1a: Skully|Fairy
|move|p2a: Torterra|Earthquake|p1a: Skully
|-damage|p1a: Skully|57/100
|move|p1a: Skully|Torch Song|p2a: Torterra
|-resisted|p2a: Torterra
|-damage|p2a: Torterra|40/100
|-boost|p1a: Skully|spa|1
|
|-heal|p1a: Skully|63/100|[from] item: Leftovers
|upkeep
|turn|8
|
|t:|1757939928
|move|p2a: Torterra|Rock Blast|p1a: Skully
|-damage|p1a: Skully|52/100
|-damage|p1a: Skully|42/100
|-damage|p1a: Skully|32/100
|-damage|p1a: Skully|20/100
|-hitcount|p1a: Skully|4
|move|p1a: Skully|Slack Off|p1a: Skully
|-heal|p1a: Skully|70/100
|
|-heal|p1a: Skully|76/100|[from] item: Leftovers
|upkeep
|turn|9
|
|t:|1757939951
|switch|p2a: Iron Valiant|Iron Valiant|100/100
|-enditem|p2a: Iron Valiant|Booster Energy
|-activate|p2a: Iron Valiant|ability: Quark Drive|[fromitem]
|-start|p2a: Iron Valiant|quarkdrivespe
|move|p1a: Skully|Slack Off|p1a: Skully
|-heal|p1a: Skully|100/100
|
|upkeep
|turn|10
|
|t:|1757939962
|move|p2a: Iron Valiant|Encore|p1a: Skully
|-start|p1a: Skully|Encore
|move|p1a: Skully|Slack Off||[still]
|-fail|p1a: Skully|heal
|
|upkeep
|turn|11
|
|t:|1757939973
|switch|p1a: Helllcycle|Arcanine-Hisui, M|100/100
|move|p2a: Iron Valiant|Calm Mind|p2a: Iron Valiant
|-boost|p2a: Iron Valiant|spa|1
|-boost|p2a: Iron Valiant|spd|1
|
|upkeep
|turn|12
|
|t:|1757939980
|move|p1a: Helllcycle|Extreme Speed|p2a: Iron Valiant
|-damage|p2a: Iron Valiant|58/100
|-damage|p1a: Helllcycle|91/100|[from] item: Life Orb
|move|p2a: Iron Valiant|Moonblast|p1a: Helllcycle
|-resisted|p1a: Helllcycle
|-crit|p1a: Helllcycle
|-damage|p1a: Helllcycle|27/100
|
|upkeep
|turn|13
|
|t:|1757939989
|move|p1a: Helllcycle|Extreme Speed|p2a: Iron Valiant
|-damage|p2a: Iron Valiant|18/100
|-damage|p1a: Helllcycle|17/100|[from] item: Life Orb
|move|p2a: Iron Valiant|Moonblast|p1a: Helllcycle
|-resisted|p1a: Helllcycle
|-damage|p1a: Helllcycle|0 fnt
|faint|p1a: Helllcycle
|
|upkeep
|
|t:|1757939999
|switch|p1a: Skully|Skeledirge, M, shiny, tera:Fairy|100/100
|turn|14
|
|t:|1757940002
|move|p2a: Iron Valiant|Moonblast|p1a: Skully
|-damage|p1a: Skully|66/100
|move|p1a: Skully|Torch Song|p2a: Iron Valiant
|-damage|p2a: Iron Valiant|0 fnt
|-boost|p1a: Skully|spa|1
|faint|p2a: Iron Valiant
|-end|p2a: Iron Valiant|Quark Drive|[silent]
|
|-heal|p1a: Skully|72/100|[from] item: Leftovers
|upkeep
|
|t:|1757940005
|switch|p2a: Raging Bolt|Raging Bolt|100/100
|turn|15
|inactive|Alligatorgolden2 has 120 seconds left.
|inactive|Alligatorgolden2 has 90 seconds left.
|l|☆fregene97
|inactive|fregene97 disconnected and has a minute to reconnect!
|player|p2|
|
|t:|1757940080
|move|p2a: Raging Bolt|Thunderbolt|p1a: Skully
|-damage|p1a: Skully|12/100
|move|p1a: Skully|Will-O-Wisp|p2a: Raging Bolt
|-status|p2a: Raging Bolt|brn
|
|-heal|p1a: Skully|18/100|[from] item: Leftovers
|-damage|p2a: Raging Bolt|94/100 brn|[from] brn
|upkeep
|turn|16
|j|☆fregene97
|inactive|fregene97 reconnected and has 135 seconds left.
|player|p2|fregene97|benga|
|
|t:|1757940103
|-end|p2a: Raging Bolt|Protosynthesis|[silent]
|switch|p2a: Iron Boulder|Iron Boulder|100/100
|-enditem|p2a: Iron Boulder|Booster Energy
|-activate|p2a: Iron Boulder|ability: Quark Drive|[fromitem]
|-start|p2a: Iron Boulder|quarkdrivespe
|switch|p1a: Hannibal|Great Tusk|100/100
|-enditem|p1a: Hannibal|Booster Energy
|-activate|p1a: Hannibal|ability: Protosynthesis|[fromitem]
|-start|p1a: Hannibal|protosynthesisatk
|
|upkeep
|turn|17
|inactive|Alligatorgolden2 has 60 seconds left.
|
|t:|1757940139
|move|p2a: Iron Boulder|Psycho Cut|p1a: Hannibal
|-supereffective|p1a: Hannibal
|-damage|p1a: Hannibal|60/100
|move|p1a: Hannibal|Earthquake|p2a: Iron Boulder
|-supereffective|p2a: Iron Boulder
|-damage|p2a: Iron Boulder|0 fnt
|faint|p2a: Iron Boulder
|-end|p2a: Iron Boulder|Quark Drive|[silent]
|
|upkeep
|
|t:|1757940147
|switch|p2a: Torterra|Torterra, M, tera:Rock|40/100
|turn|18
|
|t:|1757940151
|move|p2a: Torterra|Bullet Seed|p1a: Hannibal
|-supereffective|p1a: Hannibal
|-damage|p1a: Hannibal|45/100
|-supereffective|p1a: Hannibal
|-damage|p1a: Hannibal|28/100
|-supereffective|p1a: Hannibal
|-damage|p1a: Hannibal|13/100
|-supereffective|p1a: Hannibal
|-damage|p1a: Hannibal|0 fnt
|faint|p1a: Hannibal
|-end|p1a: Hannibal|Protosynthesis|[silent]
|-hitcount|p1: Hannibal|4
|
|upkeep
|
|t:|1757940160
|switch|p1a: Dexter Morgan|Haxorus, M|100/100
|-ability|p1a: Dexter Morgan|Mold Breaker
|turn|19
|
|t:|1757940165
|move|p1a: Dexter Morgan|Earthquake|p2a: Torterra
|-supereffective|p2a: Torterra
|-damage|p2a: Torterra|0 fnt
|faint|p2a: Torterra
|-damage|p1a: Dexter Morgan|91/100|[from] item: Life Orb
|
|upkeep
|
|t:|1757940167
|switch|p2a: Raging Bolt|Raging Bolt|94/100 brn
|turn|20
|
|t:|1757940175
|move|p1a: Dexter Morgan|Dragon Claw|p2a: Raging Bolt
|-supereffective|p2a: Raging Bolt
|-damage|p2a: Raging Bolt|0 fnt
|faint|p2a: Raging Bolt
|-end|p2a: Raging Bolt|Protosynthesis|[silent]
|-damage|p1a: Dexter Morgan|81/100|[from] item: Life Orb
|
|win|Alligatorgolden2
|raw|Alligatorgolden2's rating: 1331 &rarr; <strong>1351</strong><br />(+20 for winning)
|raw|fregene97's rating: 1339 &rarr; <strong>1319</strong><br />(-20 for losing)
|l|☆fregene97
|player|p2|
|l|☆Alligatorgolden2
|player|p1|
