|j|☆Nikator98
|j|☆overheat xyz
|t:|1757856685
|gametype|singles
|player|p1|Nikator98|giovanni|1689
|player|p2|overheat xyz|266|1653
|gen|9
|tier|[Gen 9] OU
|rated|
|rule|HP Percentage Mod: HP is shown in percentages
|rule|Endless Battle Clause: Forcing endless battles is banned
|rule|Species Clause: Limit one of each Pokémon
|rule|OHKO Clause: OHKO moves are banned
|rule|Evasion Items Clause: Evasion items are banned
|rule|Evasion Moves Clause: Evasion moves are banned
|rule|Evasion Abilities Clause: Evasion abilities are banned
|rule|Sleep Moves Clause: Sleep-inducing moves are banned
|clearpoke
|poke|p1|Metagross|
|poke|p1|Great Tusk|
|poke|p1|Haxorus, M|
|poke|p1|Iron Moth|
|poke|p1|Zoroark-Hisui, M|
|poke|p1|Ninetales-Alola, F|
|poke|p2|Kingambit, M|
|poke|p2|Garganacl, F|
|poke|p2|Rillaboom, M|
|poke|p2|Hatterene, F|
|poke|p2|Dragapult, F|
|poke|p2|Corviknight, M|
|teampreview
|inactive|Battle timer is ON: inactive players will automatically lose when time's up. (requested by Nikator98)
|
|t:|1757856698
|teamsize|p1|6
|teamsize|p2|6
|start
|switch|p1a: Arquillian Sentry|Metagross|100/100
|switch|p2a: Dragapult|Dragapult, F|100/100
|turn|1
|
|t:|1757856703
|move|p2a: Dragapult|Fire Blast|p1a: Arquillian Sentry
|-damage|p1a: Arquillian Sentry|7/100
|replace|p1a: Van Helsing|Zoroark-Hisui, M, shiny
|-end|p1a: Van Helsing|Illusion
|move|p1a: Van Helsing|Bitter Malice|p2a: Dragapult
|-supereffective|p2a: Dragapult
|-damage|p2a: Dragapult|0 fnt
|faint|p2a: Dragapult
|
|upkeep
|
|t:|1757856712
|switch|p2a: Rillaboom|Rillaboom, M|100/100
|-fieldstart|move: Grassy Terrain|[from] ability: Grassy Surge|[of] p2a: Rillaboom
|turn|2
|
|t:|1757856728
|switch|p1a: Arquillian Sentry|Metagross|100/100
|move|p2a: Rillaboom|U-turn|p1a: Arquillian Sentry
|-damage|p1a: Arquillian Sentry|71/100
|
|t:|1757856735
|switch|p2a: Garganacl|Garganacl, F|100/100|[from] U-turn
|
|-heal|p1a: Arquillian Sentry|78/100|[from] Grassy Terrain
|upkeep
|turn|3
|
|t:|1757856740
|-terastallize|p2a: Garganacl|Water
|move|p1a: Arquillian Sentry|Meteor Mash|p2a: Garganacl
|-resisted|p2a: Garganacl
|-damage|p2a: Garganacl|82/100
|-boost|p1a: Arquillian Sentry|atk|1
|move|p2a: Garganacl|Stealth Rock|p1a: Arquillian Sentry
|-sidestart|p1: Nikator98|move: Stealth Rock
|
|-heal|p1a: Arquillian Sentry|84/100|[from] Grassy Terrain
|-heal|p2a: Garganacl|88/100|[from] Grassy Terrain
|-heal|p2a: Garganacl|94/100|[from] item: Leftovers
|upkeep
|turn|4
|
|t:|1757856755
|switch|p1a: Kumaryia|Great Tusk, shiny|100/100
|move|p2a: Garganacl|Salt Cure|p1a: Kumaryia
|-resisted|p1a: Kumaryia
|-damage|p1a: Kumaryia|98/100
|-start|p1a: Kumaryia|Salt Cure
|
|-heal|p1a: Kumaryia|100/100|[from] Grassy Terrain
|-heal|p2a: Garganacl|100/100|[from] Grassy Terrain
|-damage|p1a: Kumaryia|88/100|[from] Salt Cure
|upkeep
|turn|5
|
|t:|1757856768
|move|p2a: Garganacl|Protect|p2a: Garganacl
|-singleturn|p2a: Garganacl|Protect
|move|p1a: Kumaryia|Knock Off|p2a: Garganacl
|-activate|p2a: Garganacl|move: Protect
|
|-heal|p1a: Kumaryia|94/100|[from] Grassy Terrain
|-damage|p1a: Kumaryia|82/100|[from] Salt Cure
|upkeep
|turn|6
|
|t:|1757856777
|switch|p2a: Corviknight|Corviknight, M|100/100
|-ability|p2a: Corviknight|Pressure
|move|p1a: Kumaryia|Knock Off|p2a: Corviknight
|-damage|p2a: Corviknight|82/100
|-damage|p1a: Kumaryia|65/100|[from] item: Rocky Helmet|[of] p2a: Corviknight
|-enditem|p2a: Corviknight|Rocky Helmet|[from] move: Knock Off|[of] p1a: Kumaryia
|
|-heal|p1a: Kumaryia|72/100|[from] Grassy Terrain
|-damage|p1a: Kumaryia|59/100|[from] Salt Cure
|-fieldend|move: Grassy Terrain
|upkeep
|turn|7
|
|t:|1757856791
|move|p1a: Kumaryia|Rapid Spin|p2a: Corviknight
|-resisted|p2a: Corviknight
|-crit|p2a: Corviknight
|-damage|p2a: Corviknight|73/100
|-boost|p1a: Kumaryia|spe|1
|-sideend|p1: Nikator98|Stealth Rock|[from] move: Rapid Spin|[of] p1a: Kumaryia
|move|p2a: Corviknight|Body Press|p1a: Kumaryia
|-damage|p1a: Kumaryia|39/100
|
|-damage|p1a: Kumaryia|27/100|[from] Salt Cure
|upkeep
|turn|8
|
|t:|1757856802
|-end|p1a: Kumaryia|Protosynthesis|[silent]
|switch|p1a: Kumaryia|Great Tusk, shiny|7/100
|switch|p2a: Rillaboom|Rillaboom, M|100/100
|-fieldstart|move: Grassy Terrain|[from] ability: Grassy Surge|[of] p2a: Rillaboom
|
|-heal|p1a: Kumaryia|13/100|[from] Grassy Terrain
|upkeep
|turn|9
|
|t:|1757856814
|switch|p1a: Asfaloth|Ninetales-Alola, F, shiny|100/100
|-weather|Snowscape|[from] ability: Snow Warning|[of] p1a: Asfaloth
|move|p2a: Rillaboom|U-turn|p1a: Asfaloth
|-resisted|p1a: Asfaloth
|-damage|p1a: Asfaloth|85/100
|
|t:|1757856838
|switch|p2a: Kingambit|Kingambit, M|100/100|[from] U-turn
|-activate|p2a: Kingambit|ability: Supreme Overlord
|-start|p2a: Kingambit|fallen1|[silent]
|-enditem|p2a: Kingambit|Grassy Seed
|-boost|p2a: Kingambit|def|1|[from] item: Grassy Seed
|
|-weather|Snowscape|[upkeep]
|-heal|p1a: Asfaloth|91/100|[from] Grassy Terrain
|upkeep
|turn|10
|
|t:|1757856860
|switch|p1a: Kumaryia|Great Tusk, shiny|13/100
|move|p2a: Kingambit|Iron Head|p1a: Kumaryia
|-damage|p1a: Kumaryia|0 fnt
|replace|p1a: Van Helsing|Zoroark-Hisui, M, shiny
|-end|p1a: Van Helsing|Illusion
|faint|p1a: Van Helsing
|
|-weather|Snowscape|[upkeep]
|upkeep
|inactive|Nikator98 has 120 seconds left.
|
|t:|1757856890
|switch|p1a: Gothmog|Iron Moth|100/100
|-enditem|p1a: Gothmog|Booster Energy
|-activate|p1a: Gothmog|ability: Quark Drive|[fromitem]
|-start|p1a: Gothmog|quarkdrivespe
|turn|11
|
|t:|1757856899
|-end|p2a: Kingambit|fallen1|[silent]
|switch|p2a: Garganacl|Garganacl, F, tera:Water|100/100
|move|p1a: Gothmog|Fiery Dance|p2a: Garganacl
|-resisted|p2a: Garganacl
|-damage|p2a: Garganacl|88/100
|-boost|p1a: Gothmog|spa|1
|
|-weather|Snowscape|[upkeep]
|-heal|p2a: Garganacl|94/100|[from] Grassy Terrain
|-heal|p2a: Garganacl|99/100|[from] item: Leftovers
|upkeep
|turn|12
|inactive|Nikator98 has 120 seconds left.
|
|t:|1757856910
|-terastallize|p1a: Gothmog|Grass
|move|p1a: Gothmog|Substitute|p1a: Gothmog
|-start|p1a: Gothmog|Substitute
|-damage|p1a: Gothmog|76/100
|move|p2a: Garganacl|Salt Cure|p1a: Gothmog
|-activate|p1a: Gothmog|move: Substitute|[damage]
|
|-weather|Snowscape|[upkeep]
|-heal|p1a: Gothmog|82/100|[from] Grassy Terrain
|-heal|p2a: Garganacl|100/100|[from] Grassy Terrain
|-fieldend|move: Grassy Terrain
|upkeep
|turn|13
|inactive|Nikator98 has 120 seconds left.
|
|t:|1757856919
|move|p1a: Gothmog|Energy Ball|p2a: Garganacl
|-supereffective|p2a: Garganacl
|-crit|p2a: Garganacl
|-damage|p2a: Garganacl|0 fnt
|faint|p2a: Garganacl
|
|-weather|none
|upkeep
|
|t:|1757856923
|switch|p2a: Hatterene|Hatterene, F|100/100
|turn|14
|
|t:|1757856928
|move|p1a: Gothmog|Sludge Wave|p2a: Hatterene
|-supereffective|p2a: Hatterene
|-damage|p2a: Hatterene|0 fnt
|faint|p2a: Hatterene
|
|upkeep
|-message|overheat xyz forfeited.
|
|win|Nikator98
|raw|Nikator98's rating: 1689 &rarr; <strong>1707</strong><br />(+18 for winning)
|raw|overheat xyz's rating: 1653 &rarr; <strong>1635</strong><br />(-18 for losing)
|l|☆overheat xyz
|player|p2|
