|j|☆JD Doggin'
|j|☆Beelzebub235
|t:|1757787176
|gametype|singles
|player|p1|JD Doggin'|266|1263
|player|p2|Beelzebub235|170|1198
|gen|9
|tier|[Gen 9] OU
|rated|
|rule|HP Percentage Mod: HP is shown in percentages
|rule|Endless Battle Clause: Forcing endless battles is banned
|rule|Species Clause: Limit one of each Pokémon
|rule|OHKO Clause: OHKO moves are banned
|rule|Evasion Items Clause: Evasion items are banned
|rule|Evasion Moves Clause: Evasion moves are banned
|rule|Evasion Abilities Clause: Evasion abilities are banned
|rule|Sleep Moves Clause: Sleep-inducing moves are banned
|clearpoke
|poke|p1|Darkrai|
|poke|p1|Deoxys-Speed|
|poke|p1|Dragapult, F|
|poke|p1|Ceruledge, M|
|poke|p1|Iron Crown|
|poke|p1|Zamazenta-*|
|poke|p2|Chesnaught, F|
|poke|p2|Mandibuzz, F|
|poke|p2|Zapdos|
|poke|p2|Raging Bolt|
|poke|p2|Slowking-Galar, F|
|poke|p2|Tyranitar, M|
|teampreview
|inactive|Battle timer is ON: inactive players will automatically lose when time's up. (requested by Beelzebub235)
|inactive|JD Doggin' has 120 seconds left.
|
|t:|1757787219
|teamsize|p1|6
|teamsize|p2|6
|start
|switch|p1a: Super Psychic|Iron Crown|100/100
|switch|p2a: Zapdos|Zapdos|100/100
|turn|1
|inactive|Beelzebub235 has 120 seconds left.
|
|t:|1757787271
|move|p1a: Super Psychic|Future Sight|p2a: Zapdos
|-start|p1a: Super Psychic|move: Future Sight
|move|p2a: Zapdos|Volt Switch|p1a: Super Psychic
|-damage|p1a: Super Psychic|77/100
|
|t:|1757787279
|switch|p2a: Tyranitar|Tyranitar, M|100/100|[from] Volt Switch
|-weather|Sandstorm|[from] ability: Sand Stream|[of] p2a: Tyranitar
|
|-weather|Sandstorm|[upkeep]
|upkeep
|turn|2
|
|t:|1757787289
|move|p1a: Super Psychic|Focus Blast|p2a: Tyranitar|[miss]
|-miss|p1a: Super Psychic|p2a: Tyranitar
|move|p2a: Tyranitar|Knock Off|p1a: Super Psychic
|-supereffective|p1a: Super Psychic
|-damage|p1a: Super Psychic|0 fnt
|-enditem|p1a: Super Psychic|Assault Vest|[from] move: Knock Off|[of] p2a: Tyranitar
|faint|p1a: Super Psychic
|-end|p1a: Super Psychic|Quark Drive|[silent]
|
|-weather|Sandstorm|[upkeep]
|upkeep
|
|t:|1757787304
|switch|p1a: Fighter Wolf|Zamazenta|100/100
|-ability|p1a: Fighter Wolf|Dauntless Shield|boost
|-boost|p1a: Fighter Wolf|def|1
|turn|3
|
|t:|1757787311
|switch|p2a: Zapdos|Zapdos|100/100
|move|p1a: Fighter Wolf|Iron Defense|p1a: Fighter Wolf
|-boost|p1a: Fighter Wolf|def|2
|
|-weather|Sandstorm|[upkeep]
|-damage|p1a: Fighter Wolf|94/100|[from] Sandstorm
|-damage|p2a: Zapdos|94/100|[from] Sandstorm
|-end|p2a: Zapdos|move: Future Sight
|-damage|p2a: Zapdos|39/100
|-heal|p1a: Fighter Wolf|100/100|[from] item: Leftovers
|upkeep
|turn|4
|inactive|Beelzebub235 has 120 seconds left.
|inactive|Beelzebub235 has 90 seconds left.
|
|t:|1757787356
|move|p1a: Fighter Wolf|Body Press|p2a: Zapdos
|-resisted|p2a: Zapdos
|-damage|p2a: Zapdos|0 fnt
|faint|p2a: Zapdos
|
|-weather|Sandstorm|[upkeep]
|-damage|p1a: Fighter Wolf|94/100|[from] Sandstorm
|-heal|p1a: Fighter Wolf|100/100|[from] item: Leftovers
|upkeep
|
|t:|1757787366
|switch|p2a: Chesnaught|Chesnaught, F|100/100
|turn|5
|
|t:|1757787381
|move|p1a: Fighter Wolf|Body Press|p2a: Chesnaught
|-damage|p2a: Chesnaught|49/100
|-damage|p1a: Fighter Wolf|84/100|[from] item: Rocky Helmet|[of] p2a: Chesnaught
|move|p2a: Chesnaught|Knock Off|p1a: Fighter Wolf
|-resisted|p1a: Fighter Wolf
|-damage|p1a: Fighter Wolf|80/100
|-enditem|p1a: Fighter Wolf|Leftovers|[from] move: Knock Off|[of] p2a: Chesnaught
|
|-weather|none
|upkeep
|turn|6
|
|t:|1757787389
|move|p1a: Fighter Wolf|Body Press|p2a: Chesnaught
|-damage|p2a: Chesnaught|0 fnt
|-damage|p1a: Fighter Wolf|64/100|[from] item: Rocky Helmet|[of] p2a: Chesnaught
|faint|p2a: Chesnaught
|
|upkeep
|
|t:|1757787395
|switch|p2a: Raging Bolt|Raging Bolt|100/100
|turn|7
|
|t:|1757787413
|-terastallize|p2a: Raging Bolt|Electric
|move|p2a: Raging Bolt|Thunderclap|p1a: Fighter Wolf
|-damage|p1a: Fighter Wolf|9/100
|move|p1a: Fighter Wolf|Body Press|p2a: Raging Bolt
|-damage|p2a: Raging Bolt|23/100
|
|-heal|p2a: Raging Bolt|29/100|[from] item: Leftovers
|upkeep
|turn|8
|
|t:|1757787421
|move|p2a: Raging Bolt|Thunderclap||[still]
|-fail|p2a: Raging Bolt
|move|p1a: Fighter Wolf|Roar|p2a: Raging Bolt
|-end|p2a: Raging Bolt|Protosynthesis|[silent]
|drag|p2a: Mandibuzz|Mandibuzz, F|100/100
|
|upkeep
|turn|9
|
|t:|1757787428
|move|p1a: Fighter Wolf|Body Press|p2a: Mandibuzz
|-damage|p2a: Mandibuzz|44/100
|move|p2a: Mandibuzz|Foul Play|p1a: Fighter Wolf
|-resisted|p1a: Fighter Wolf
|-damage|p1a: Fighter Wolf|3/100
|
|upkeep
|turn|10
|
|t:|1757787436
|move|p1a: Fighter Wolf|Crunch|p2a: Mandibuzz
|-resisted|p2a: Mandibuzz
|-damage|p2a: Mandibuzz|37/100
|move|p2a: Mandibuzz|Foul Play|p1a: Fighter Wolf
|-resisted|p1a: Fighter Wolf
|-damage|p1a: Fighter Wolf|0 fnt
|faint|p1a: Fighter Wolf
|
|upkeep
|
|t:|1757787451
|switch|p1a: Shadow Strike|Darkrai|100/100
|turn|11
|
|t:|1757787456
|move|p1a: Shadow Strike|Trick|p2a: Mandibuzz
|-activate|p1a: Shadow Strike|move: Trick|[of] p2a: Mandibuzz
|-item|p2a: Mandibuzz|Choice Scarf|[from] move: Trick
|-item|p1a: Shadow Strike|Heavy-Duty Boots|[from] move: Trick
|move|p2a: Mandibuzz|U-turn|p1a: Shadow Strike
|-supereffective|p1a: Shadow Strike
|-damage|p1a: Shadow Strike|71/100
|
|t:|1757787464
|switch|p2a: Tyranitar|Tyranitar, M|100/100|[from] U-turn
|-weather|Sandstorm|[from] ability: Sand Stream|[of] p2a: Tyranitar
|
|-weather|Sandstorm|[upkeep]
|-damage|p1a: Shadow Strike|65/100|[from] Sandstorm
|upkeep
|turn|12
|
|t:|1757787473
|move|p1a: Shadow Strike|Will-O-Wisp|p2a: Tyranitar
|-status|p2a: Tyranitar|brn
|move|p2a: Tyranitar|Stone Edge|p1a: Shadow Strike|[miss]
|-miss|p2a: Tyranitar|p1a: Shadow Strike
|
|-weather|Sandstorm|[upkeep]
|-damage|p1a: Shadow Strike|59/100|[from] Sandstorm
|-damage|p2a: Tyranitar|94/100 brn|[from] brn
|upkeep
|turn|13
|
|t:|1757787485
|move|p1a: Shadow Strike|Dark Pulse|p2a: Tyranitar
|-resisted|p2a: Tyranitar
|-damage|p2a: Tyranitar|83/100 brn
|move|p2a: Tyranitar|Stone Edge|p1a: Shadow Strike|[miss]
|-miss|p2a: Tyranitar|p1a: Shadow Strike
|
|-weather|Sandstorm|[upkeep]
|-damage|p1a: Shadow Strike|53/100|[from] Sandstorm
|-heal|p2a: Tyranitar|89/100 brn|[from] item: Leftovers
|-damage|p2a: Tyranitar|83/100 brn|[from] brn
|upkeep
|turn|14
|
|t:|1757787497
|move|p1a: Shadow Strike|Dark Pulse|p2a: Tyranitar
|-resisted|p2a: Tyranitar
|-damage|p2a: Tyranitar|71/100 brn
|move|p2a: Tyranitar|Stone Edge|p1a: Shadow Strike|[miss]
|-miss|p2a: Tyranitar|p1a: Shadow Strike
|
|-weather|Sandstorm|[upkeep]
|-damage|p1a: Shadow Strike|47/100|[from] Sandstorm
|-heal|p2a: Tyranitar|77/100 brn|[from] item: Leftovers
|-damage|p2a: Tyranitar|71/100 brn|[from] brn
|upkeep
|turn|15
|
|t:|1757787511
|move|p1a: Shadow Strike|Dark Pulse|p2a: Tyranitar
|-resisted|p2a: Tyranitar
|-damage|p2a: Tyranitar|58/100 brn
|move|p2a: Tyranitar|Stone Edge|p1a: Shadow Strike|[miss]
|-miss|p2a: Tyranitar|p1a: Shadow Strike
|
|-weather|none
|-heal|p2a: Tyranitar|64/100 brn|[from] item: Leftovers
|-damage|p2a: Tyranitar|58/100 brn|[from] brn
|upkeep
|turn|16
|inactive|Beelzebub235 has 120 seconds left.
|
|t:|1757787565
|move|p1a: Shadow Strike|Dark Pulse|p2a: Tyranitar
|-resisted|p2a: Tyranitar
|-damage|p2a: Tyranitar|40/100 brn
|move|p2a: Tyranitar|Stone Edge|p1a: Shadow Strike|[miss]
|-miss|p2a: Tyranitar|p1a: Shadow Strike
|
|-heal|p2a: Tyranitar|46/100 brn|[from] item: Leftovers
|-damage|p2a: Tyranitar|40/100 brn|[from] brn
|upkeep
|turn|17
|c|☆JD Doggin'|mb
|
|t:|1757787576
|move|p1a: Shadow Strike|Dark Pulse|p2a: Tyranitar
|-resisted|p2a: Tyranitar
|-damage|p2a: Tyranitar|22/100 brn
|move|p2a: Tyranitar|Stone Edge|p1a: Shadow Strike
|-damage|p1a: Shadow Strike|7/100
|
|-heal|p2a: Tyranitar|28/100 brn|[from] item: Leftovers
|-damage|p2a: Tyranitar|22/100 brn|[from] brn
|upkeep
|turn|18
|
|t:|1757787584
|move|p1a: Shadow Strike|Dark Pulse|p2a: Tyranitar
|-resisted|p2a: Tyranitar
|-damage|p2a: Tyranitar|5/100 brn
|move|p2a: Tyranitar|Knock Off|p1a: Shadow Strike
|-resisted|p1a: Shadow Strike
|-damage|p1a: Shadow Strike|0 fnt
|-enditem|p1a: Shadow Strike|Heavy-Duty Boots|[from] move: Knock Off|[of] p2a: Tyranitar
|faint|p1a: Shadow Strike
|
|-heal|p2a: Tyranitar|11/100 brn|[from] item: Leftovers
|-damage|p2a: Tyranitar|5/100 brn|[from] brn
|upkeep
|inactive|JD Doggin' has 120 seconds left.
|
|t:|1757787614
|switch|p1a: BigCreepyDreepy|Dragapult, F|100/100
|turn|19
|
|t:|1757787617
|move|p1a: BigCreepyDreepy|U-turn|p2a: Tyranitar
|-supereffective|p2a: Tyranitar
|-damage|p2a: Tyranitar|0 fnt
|faint|p2a: Tyranitar
|
|t:|1757787621
|switch|p1a: Alien Cheese|Deoxys-Speed|100/100|[from] U-turn
|-ability|p1a: Alien Cheese|Pressure
|
|upkeep
|
|t:|1757787624
|switch|p2a: Mandibuzz|Mandibuzz, F|37/100
|turn|20
|
|t:|1757787631
|move|p1a: Alien Cheese|Taunt|p2a: Mandibuzz
|-start|p2a: Mandibuzz|move: Taunt
|move|p2a: Mandibuzz|Foul Play|p1a: Alien Cheese
|-supereffective|p1a: Alien Cheese
|-damage|p1a: Alien Cheese|38/100
|
|upkeep
|turn|21
|
|t:|1757787645
|switch|p2a: Slowking|Slowking-Galar, F|100/100
|move|p1a: Alien Cheese|Night Shade|p2a: Slowking
|-damage|p2a: Slowking|75/100
|
|upkeep
|turn|22
|
|t:|1757787654
|move|p1a: Alien Cheese|Stealth Rock|p2a: Slowking
|-sidestart|p2: Beelzebub235|move: Stealth Rock
|move|p2a: Slowking|Future Sight|p1a: Alien Cheese
|-start|p2a: Slowking|move: Future Sight
|
|upkeep
|turn|23
|
|t:|1757787659
|move|p1a: Alien Cheese|Spikes|p2a: Slowking
|-sidestart|p2: Beelzebub235|Spikes
|move|p2a: Slowking|Sludge Wave|p1a: Alien Cheese
|-damage|p1a: Alien Cheese|0 fnt
|faint|p1a: Alien Cheese
|
|upkeep
|
|t:|1757787679
|switch|p1a: BigCreepyDreepy|Dragapult, F|100/100
|turn|24
|
|t:|1757787693
|move|p1a: BigCreepyDreepy|Hex|p2a: Slowking
|-supereffective|p2a: Slowking
|-damage|p2a: Slowking|46/100
|move|p2a: Slowking|Ice Beam|p1a: BigCreepyDreepy
|-supereffective|p1a: BigCreepyDreepy
|-damage|p1a: BigCreepyDreepy|16/100
|
|-end|p1a: BigCreepyDreepy|move: Future Sight
|-damage|p1a: BigCreepyDreepy|0 fnt
|faint|p1a: BigCreepyDreepy
|upkeep
|
|t:|1757787699
|switch|p1a: DarkSword|Ceruledge, M|100/100
|turn|25
|
|t:|1757787716
|switch|p2a: Mandibuzz|Mandibuzz, F|37/100
|-damage|p2a: Mandibuzz|12/100|[from] Stealth Rock
|move|p1a: DarkSword|Poltergeist|p2a: Mandibuzz
|-activate|p2a: Mandibuzz|move: Poltergeist|Choice Scarf
|-resisted|p2a: Mandibuzz
|-damage|p2a: Mandibuzz|0 fnt
|faint|p2a: Mandibuzz
|
|upkeep
|
|t:|1757787726
|switch|p2a: Raging Bolt|Raging Bolt, tera:Electric|29/100
|-damage|p2a: Raging Bolt|17/100|[from] Stealth Rock
|-damage|p2a: Raging Bolt|5/100|[from] Spikes
|turn|26
|
|t:|1757787740
|move|p2a: Raging Bolt|Thunderclap|p1a: DarkSword
|-damage|p1a: DarkSword|37/100
|move|p1a: DarkSword|Bitter Blade|p2a: Raging Bolt
|-damage|p2a: Raging Bolt|0 fnt
|-heal|p1a: DarkSword|41/100|[from] drain|[of] p2a: Raging Bolt
|faint|p2a: Raging Bolt
|-end|p2a: Raging Bolt|Protosynthesis|[silent]
|
|upkeep
|
|t:|1757787744
|switch|p2a: Slowking|Slowking-Galar, F|79/100
|-damage|p2a: Slowking|67/100|[from] Stealth Rock
|-damage|p2a: Slowking|55/100|[from] Spikes
|turn|27
|
|t:|1757787755
|move|p1a: DarkSword|Bitter Blade|p2a: Slowking
|-damage|p2a: Slowking|10/100
|-heal|p1a: DarkSword|71/100|[from] drain|[of] p2a: Slowking
|move|p2a: Slowking|Sludge Wave|p1a: DarkSword
|-resisted|p1a: DarkSword
|-damage|p1a: DarkSword|41/100
|
|upkeep
|turn|28
|-message|Beelzebub235 forfeited.
|
|win|JD Doggin'
|raw|JD Doggin&apos;'s rating: 1263 &rarr; <strong>1283</strong><br />(+20 for winning)
|raw|Beelzebub235's rating: 1198 &rarr; <strong>1178</strong><br />(-20 for losing)
|c|☆JD Doggin'|gg
|l|☆Beelzebub235
|player|p2|
