|j|☆twister xx-pro
|j|☆call me victini
|t:|1757940406
|gametype|singles
|player|p1|twister xx-pro|cynthia|1331
|player|p2|call me victini|170|1369
|gen|9
|tier|[Gen 9] OU
|rated|
|rule|HP Percentage Mod: HP is shown in percentages
|rule|Endless Battle Clause: Forcing endless battles is banned
|rule|Species Clause: Limit one of each Pokémon
|rule|OHKO Clause: OHKO moves are banned
|rule|Evasion Items Clause: Evasion items are banned
|rule|Evasion Moves Clause: Evasion moves are banned
|rule|Evasion Abilities Clause: Evasion abilities are banned
|rule|Sleep Moves Clause: Sleep-inducing moves are banned
|clearpoke
|poke|p1|Azelf|
|poke|p1|Weezing-Galar, M|
|poke|p1|Rillaboom, M|
|poke|p1|Iron Moth|
|poke|p1|Darkrai|
|poke|p1|Cloyster, M|
|poke|p2|Scizor, F|
|poke|p2|Raging Bolt|
|poke|p2|Primarina, M|
|poke|p2|Great Tusk|
|poke|p2|Dragapult, M|
|poke|p2|Garganacl, M|
|teampreview
|inactive|Battle timer is ON: inactive players will automatically lose when time's up. (requested by twister xx-pro)
|inactive|call me victini has 120 seconds left.
|
|t:|1757940444
|teamsize|p1|6
|teamsize|p2|6
|start
|switch|p1a: Rillaboom|Rillaboom, M|100/100
|switch|p2a: Scizor|Scizor, F|100/100
|-fieldstart|move: Grassy Terrain|[from] ability: Grassy Surge|[of] p1a: Rillaboom
|turn|1
|
|t:|1757940455
|move|p2a: Scizor|U-turn|p1a: Rillaboom
|-supereffective|p1a: Rillaboom
|-damage|p1a: Rillaboom|0 fnt
|faint|p1a: Rillaboom
|
|t:|1757940460
|switch|p2a: Dragapult|Dragapult, M|100/100|[from] U-turn
|
|upkeep
|
|t:|1757940467
|switch|p1a: Cloyster|Cloyster, M|100/100
|turn|2
|
|t:|1757940476
|move|p2a: Dragapult|Will-O-Wisp|p1a: Cloyster
|-status|p1a: Cloyster|brn
|move|p1a: Cloyster|Icicle Spear|p2a: Dragapult
|-supereffective|p2a: Dragapult
|-damage|p2a: Dragapult|84/100
|-supereffective|p2a: Dragapult
|-damage|p2a: Dragapult|68/100
|-supereffective|p2a: Dragapult
|-damage|p2a: Dragapult|53/100
|-supereffective|p2a: Dragapult
|-damage|p2a: Dragapult|35/100
|-supereffective|p2a: Dragapult
|-damage|p2a: Dragapult|19/100
|-hitcount|p2a: Dragapult|5
|
|-heal|p2a: Dragapult|25/100|[from] Grassy Terrain
|-damage|p1a: Cloyster|94/100 brn|[from] brn
|upkeep
|turn|3
|
|t:|1757940490
|move|p2a: Dragapult|Hex|p1a: Cloyster
|-damage|p1a: Cloyster|0 fnt
|faint|p1a: Cloyster
|
|-heal|p2a: Dragapult|31/100|[from] Grassy Terrain
|upkeep
|
|t:|1757940496
|switch|p1a: Azelf|Azelf|100/100
|turn|4
|
|t:|1757940501
|-terastallize|p1a: Azelf|Electric
|move|p2a: Dragapult|U-turn|p1a: Azelf
|-damage|p1a: Azelf|69/100
|
|t:|1757940504
|switch|p2a: Primarina|Primarina, M|100/100|[from] U-turn
|move|p1a: Azelf|Mystical Power|p2a: Primarina
|-damage|p2a: Primarina|78/100
|-boost|p1a: Azelf|spa|1
|
|-heal|p2a: Primarina|84/100|[from] Grassy Terrain
|upkeep
|turn|5
|
|t:|1757940512
|move|p1a: Azelf|Thunderbolt|p2a: Primarina
|-supereffective|p2a: Primarina
|-damage|p2a: Primarina|0 fnt
|faint|p2a: Primarina
|
|-fieldend|move: Grassy Terrain
|upkeep
|
|t:|1757940535
|switch|p2a: Garganacl|Garganacl, M|100/100
|turn|6
|
|t:|1757940545
|move|p1a: Azelf|Mystical Power|p2a: Garganacl
|-damage|p2a: Garganacl|62/100
|-boost|p1a: Azelf|spa|1
|move|p2a: Garganacl|Salt Cure|p1a: Azelf
|-damage|p1a: Azelf|46/100
|-start|p1a: Azelf|Salt Cure
|
|-heal|p2a: Garganacl|69/100|[from] item: Leftovers
|-damage|p1a: Azelf|33/100|[from] Salt Cure
|upkeep
|turn|7
|
|t:|1757940554
|move|p2a: Garganacl|Protect|p2a: Garganacl
|-singleturn|p2a: Garganacl|Protect
|move|p1a: Azelf|Thunderbolt|p2a: Garganacl
|-activate|p2a: Garganacl|move: Protect
|
|-heal|p2a: Garganacl|75/100|[from] item: Leftovers
|-damage|p1a: Azelf|21/100|[from] Salt Cure
|upkeep
|turn|8
|
|t:|1757940569
|switch|p2a: Great Tusk|Great Tusk|100/100
|move|p1a: Azelf|Thunderbolt|p2a: Great Tusk
|-immune|p2a: Great Tusk
|
|-damage|p1a: Azelf|8/100|[from] Salt Cure
|upkeep
|turn|9
|
|t:|1757940576
|move|p1a: Azelf|Dazzling Gleam|p2a: Great Tusk
|-supereffective|p2a: Great Tusk
|-crit|p2a: Great Tusk
|-damage|p2a: Great Tusk|0 fnt
|faint|p2a: Great Tusk
|-end|p2a: Great Tusk|Protosynthesis|[silent]
|
|-damage|p1a: Azelf|0 fnt|[from] Salt Cure
|faint|p1a: Azelf
|upkeep
|
|t:|1757940583
|switch|p1a: Weezing|Weezing-Galar, M|100/100
|switch|p2a: Garganacl|Garganacl, M|75/100
|-ability|p1a: Weezing|Neutralizing Gas
|turn|10
|
|t:|1757940591
|move|p1a: Weezing|Will-O-Wisp|p2a: Garganacl
|-status|p2a: Garganacl|brn
|move|p2a: Garganacl|Stealth Rock|p1a: Weezing
|-sidestart|p1: twister xx-pro|move: Stealth Rock
|
|-heal|p2a: Garganacl|81/100 brn|[from] item: Leftovers
|-damage|p2a: Garganacl|75/100 brn|[from] brn
|upkeep
|turn|11
|
|t:|1757940599
|move|p1a: Weezing|Strange Steam|p2a: Garganacl
|-damage|p2a: Garganacl|57/100 brn
|-start|p2a: Garganacl|confusion
|-activate|p2a: Garganacl|confusion
|move|p2a: Garganacl|Salt Cure|p1a: Weezing
|-damage|p1a: Weezing|95/100
|-start|p1a: Weezing|Salt Cure
|
|-heal|p1a: Weezing|100/100|[from] item: Black Sludge
|-heal|p2a: Garganacl|63/100 brn|[from] item: Leftovers
|-damage|p2a: Garganacl|57/100 brn|[from] brn
|-damage|p1a: Weezing|88/100|[from] Salt Cure
|upkeep
|turn|12
|
|t:|1757940610
|move|p1a: Weezing|Defog|p2a: Garganacl
|-unboost|p2a: Garganacl|evasion|1
|-sideend|p1: twister xx-pro|Stealth Rock|[from] move: Defog|[of] p1a: Weezing
|-activate|p2a: Garganacl|confusion
|move|p2a: Garganacl|Recover|p2a: Garganacl
|-heal|p2a: Garganacl|100/100 brn
|
|-heal|p1a: Weezing|94/100|[from] item: Black Sludge
|-damage|p2a: Garganacl|94/100 brn|[from] brn
|-damage|p1a: Weezing|82/100|[from] Salt Cure
|upkeep
|turn|13
|
|t:|1757940623
|-end|p1a: Weezing|ability: Neutralizing Gas
|switch|p1a: Iron Moth|Iron Moth|100/100
|-enditem|p1a: Iron Moth|Booster Energy
|-activate|p1a: Iron Moth|ability: Quark Drive|[fromitem]
|-start|p1a: Iron Moth|quarkdrivespa
|-activate|p2a: Garganacl|confusion
|move|p2a: Garganacl|Stealth Rock|p1a: Iron Moth
|-sidestart|p1: twister xx-pro|move: Stealth Rock
|
|-heal|p2a: Garganacl|100/100 brn|[from] item: Leftovers
|-damage|p2a: Garganacl|94/100 brn|[from] brn
|upkeep
|turn|14
|
|t:|1757940637
|move|p1a: Iron Moth|Energy Ball|p2a: Garganacl
|-supereffective|p2a: Garganacl
|-damage|p2a: Garganacl|32/100 brn
|-end|p2a: Garganacl|confusion
|move|p2a: Garganacl|Salt Cure|p1a: Iron Moth
|-supereffective|p1a: Iron Moth
|-damage|p1a: Iron Moth|79/100
|-start|p1a: Iron Moth|Salt Cure
|
|-heal|p2a: Garganacl|38/100 brn|[from] item: Leftovers
|-damage|p2a: Garganacl|32/100 brn|[from] brn
|-damage|p1a: Iron Moth|66/100|[from] Salt Cure
|upkeep
|turn|15
|
|t:|1757940648
|move|p2a: Garganacl|Protect|p2a: Garganacl
|-singleturn|p2a: Garganacl|Protect
|move|p1a: Iron Moth|Energy Ball|p2a: Garganacl
|-activate|p2a: Garganacl|move: Protect
|
|-heal|p2a: Garganacl|38/100 brn|[from] item: Leftovers
|-damage|p2a: Garganacl|32/100 brn|[from] brn
|-damage|p1a: Iron Moth|54/100|[from] Salt Cure
|upkeep
|turn|16
|
|t:|1757940658
|switch|p2a: Raging Bolt|Raging Bolt|100/100
|-enditem|p2a: Raging Bolt|Booster Energy
|-activate|p2a: Raging Bolt|ability: Protosynthesis|[fromitem]
|-start|p2a: Raging Bolt|protosynthesisspa
|move|p1a: Iron Moth|Energy Ball|p2a: Raging Bolt
|-resisted|p2a: Raging Bolt
|-damage|p2a: Raging Bolt|82/100
|
|-damage|p1a: Iron Moth|42/100|[from] Salt Cure
|upkeep
|turn|17
|
|t:|1757940669
|move|p2a: Raging Bolt|Thunderclap|p1a: Iron Moth
|-damage|p1a: Iron Moth|0 fnt
|faint|p1a: Iron Moth
|-end|p1a: Iron Moth|Quark Drive|[silent]
|
|upkeep
|
|t:|1757940672
|switch|p1a: Weezing|Weezing-Galar, M|82/100
|-ability|p1a: Weezing|Neutralizing Gas
|-damage|p1a: Weezing|70/100|[from] Stealth Rock
|turn|18
|
|t:|1757940679
|move|p2a: Raging Bolt|Thunderbolt|p1a: Weezing
|-damage|p1a: Weezing|23/100
|move|p1a: Weezing|Defog|p2a: Raging Bolt
|-unboost|p2a: Raging Bolt|evasion|1
|-sideend|p1: twister xx-pro|Stealth Rock|[from] move: Defog|[of] p1a: Weezing
|
|-heal|p1a: Weezing|29/100|[from] item: Black Sludge
|upkeep
|turn|19
|
|t:|1757940687
|move|p2a: Raging Bolt|Thunderbolt|p1a: Weezing
|-damage|p1a: Weezing|0 fnt
|faint|p1a: Weezing
|-end|p1a: Weezing|ability: Neutralizing Gas
|
|upkeep
|
|t:|1757940691
|switch|p1a: Darkrai|Darkrai|100/100
|turn|20
|
|t:|1757940696
|move|p1a: Darkrai|Ice Beam|p2a: Raging Bolt
|-supereffective|p2a: Raging Bolt
|-damage|p2a: Raging Bolt|16/100
|move|p2a: Raging Bolt|Thunderbolt|p1a: Darkrai
|-crit|p1a: Darkrai
|-damage|p1a: Darkrai|0 fnt
|faint|p1a: Darkrai
|
|win|call me victini
|raw|twister xx-pro's rating: 1331 &rarr; <strong>1313</strong><br />(-18 for losing)
|raw|call me victini's rating: 1369 &rarr; <strong>1387</strong><br />(+18 for winning)
|l|☆twister xx-pro
|player|p1|
|l|☆call me victini
|player|p2|
