|j|☆rookie22
|j|‽Albertsux2007
|t:|1757853150
|gametype|singles
|player|p1|rookie22|iris-gen5bw2|1645
|player|p2|Albertsux2007|camper|1569
|gen|9
|tier|[Gen 9] OU
|rated|
|rule|HP Percentage Mod: HP is shown in percentages
|rule|Endless Battle Clause: Forcing endless battles is banned
|rule|Species Clause: Limit one of each Pokémon
|rule|OHKO Clause: OHKO moves are banned
|rule|Evasion Items Clause: Evasion items are banned
|rule|Evasion Moves Clause: Evasion moves are banned
|rule|Evasion Abilities Clause: Evasion abilities are banned
|rule|Sleep Moves Clause: Sleep-inducing moves are banned
|clearpoke
|poke|p1|Dragonite, F|
|poke|p1|Meowscarada, M|
|poke|p1|Keldeo|
|poke|p1|Iron Crown|
|poke|p1|Raging Bolt|
|poke|p1|Great Tusk|
|poke|p2|Kingambit, F|
|poke|p2|Great Tusk|
|poke|p2|Cinderace, M|
|poke|p2|Corviknight, F|
|poke|p2|Kyurem|
|poke|p2|Slowking-Galar, F|
|teampreview
|inactive|Battle timer is ON: inactive players will automatically lose when time's up. (requested by rookie22)
|
|t:|1757853163
|teamsize|p1|6
|teamsize|p2|6
|start
|switch|p1a: Lisan Al Gaib|Keldeo|100/100
|switch|p2a: Kyurem|Kyurem|100/100
|-ability|p2a: Kyurem|Pressure
|turn|1
|
|t:|1757853171
|switch|p1a: Bene Gesserit|Iron Crown|100/100
|move|p2a: Kyurem|Freeze-Dry|p1a: Bene Gesserit
|-resisted|p1a: Bene Gesserit
|-damage|p1a: Bene Gesserit|80/100
|
|upkeep
|turn|2
|
|t:|1757853177
|switch|p2a: Slowking|Slowking-Galar, F|100/100
|move|p1a: Bene Gesserit|Tachyon Cutter|p2a: Slowking
|-crit|p2a: Slowking
|-damage|p2a: Slowking|80/100
|-damage|p2a: Slowking|65/100
|-hitcount|p2a: Slowking|2
|
|upkeep
|turn|3
|
|t:|1757853181
|move|p1a: Bene Gesserit|Psyshock|p2a: Slowking
|-damage|p2a: Slowking|23/100
|-prepare|p2a: Slowking|Chilly Reception|[premajor]
|move|p2a: Slowking|Chilly Reception|p2a: Slowking
|-weather|Snowscape
|
|t:|1757853188
|switch|p2a: Cinderace|Cinderace, M|100/100|[from] Chilly Reception
|
|-weather|Snowscape|[upkeep]
|upkeep
|turn|4
|
|t:|1757853194
|-end|p1a: Bene Gesserit|Quark Drive|[silent]
|switch|p1a: Raging Bolt|Raging Bolt|100/100
|move|p2a: Cinderace|Will-O-Wisp|p1a: Raging Bolt
|-status|p1a: Raging Bolt|brn
|
|-weather|Snowscape|[upkeep]
|-damage|p1a: Raging Bolt|94/100 brn|[from] brn
|upkeep
|turn|5
|
|t:|1757853207
|move|p2a: Cinderace|U-turn|p1a: Raging Bolt
|-damage|p1a: Raging Bolt|78/100 brn
|
|t:|1757853215
|switch|p2a: Corviknight|Corviknight, F|100/100|[from] U-turn
|-ability|p2a: Corviknight|Pressure
|move|p1a: Raging Bolt|Dragon Pulse|p2a: Corviknight
|-resisted|p2a: Corviknight
|-damage|p2a: Corviknight|77/100
|
|-weather|Snowscape|[upkeep]
|-heal|p1a: Raging Bolt|84/100 brn|[from] item: Leftovers
|-damage|p1a: Raging Bolt|78/100 brn|[from] brn
|upkeep
|turn|6
|
|t:|1757853223
|switch|p2a: Great Tusk|Great Tusk|100/100
|move|p1a: Raging Bolt|Dragon Pulse|p2a: Great Tusk
|-damage|p2a: Great Tusk|49/100
|
|-weather|Snowscape|[upkeep]
|-heal|p2a: Great Tusk|55/100|[from] item: Leftovers
|-heal|p1a: Raging Bolt|84/100 brn|[from] item: Leftovers
|-damage|p1a: Raging Bolt|78/100 brn|[from] brn
|upkeep
|turn|7
|
|t:|1757853228
|-end|p1a: Raging Bolt|Protosynthesis|[silent]
|switch|p1a: Great Tusk|Great Tusk|100/100
|move|p2a: Great Tusk|Stealth Rock|p1a: Great Tusk
|-sidestart|p1: rookie22|move: Stealth Rock
|
|-weather|none
|-heal|p2a: Great Tusk|61/100|[from] item: Leftovers
|upkeep
|turn|8
|
|t:|1757853236
|move|p1a: Great Tusk|Rapid Spin|p2a: Great Tusk
|-crit|p2a: Great Tusk
|-damage|p2a: Great Tusk|44/100
|-boost|p1a: Great Tusk|spe|1
|-sideend|p1: rookie22|Stealth Rock|[from] move: Rapid Spin|[of] p1a: Great Tusk
|move|p2a: Great Tusk|Knock Off|p1a: Great Tusk
|-resisted|p1a: Great Tusk
|-damage|p1a: Great Tusk|92/100
|-enditem|p1a: Great Tusk|Leftovers|[from] move: Knock Off|[of] p2a: Great Tusk
|
|-heal|p2a: Great Tusk|50/100|[from] item: Leftovers
|upkeep
|turn|9
|
|t:|1757853241
|-end|p2a: Great Tusk|Protosynthesis|[silent]
|switch|p2a: Corviknight|Corviknight, F|77/100
|-ability|p2a: Corviknight|Pressure
|move|p1a: Great Tusk|Ice Spinner|p2a: Corviknight
|-damage|p2a: Corviknight|58/100
|-damage|p1a: Great Tusk|76/100|[from] item: Rocky Helmet|[of] p2a: Corviknight
|
|upkeep
|turn|10
|
|t:|1757853253
|-end|p1a: Great Tusk|Protosynthesis|[silent]
|switch|p1a: Raging Bolt|Raging Bolt|78/100 brn
|move|p2a: Corviknight|U-turn|p1a: Raging Bolt
|-damage|p1a: Raging Bolt|66/100 brn
|
|t:|1757853258
|switch|p2a: Kyurem|Kyurem|100/100|[from] U-turn
|-ability|p2a: Kyurem|Pressure
|
|-heal|p1a: Raging Bolt|73/100 brn|[from] item: Leftovers
|-damage|p1a: Raging Bolt|66/100 brn|[from] brn
|upkeep
|turn|11
|
|t:|1757853266
|-end|p1a: Raging Bolt|Protosynthesis|[silent]
|switch|p1a: Bene Gesserit|Iron Crown|80/100
|move|p2a: Kyurem|Freeze-Dry|p1a: Bene Gesserit
|-resisted|p1a: Bene Gesserit
|-damage|p1a: Bene Gesserit|62/100
|
|upkeep
|turn|12
|
|t:|1757853269
|switch|p2a: Great Tusk|Great Tusk|50/100
|move|p1a: Bene Gesserit|Tachyon Cutter|p2a: Great Tusk
|-damage|p2a: Great Tusk|25/100
|-damage|p2a: Great Tusk|3/100
|-hitcount|p2a: Great Tusk|2
|
|-heal|p2a: Great Tusk|9/100|[from] item: Leftovers
|upkeep
|turn|13
|
|t:|1757853272
|move|p1a: Bene Gesserit|Tachyon Cutter|p2a: Great Tusk
|-damage|p2a: Great Tusk|0 fnt
|faint|p2a: Great Tusk
|-end|p2a: Great Tusk|Protosynthesis|[silent]
|-hitcount|p2: Great Tusk|1
|
|upkeep
|
|t:|1757853276
|switch|p2a: Cinderace|Cinderace, M|100/100
|turn|14
|
|t:|1757853290
|-end|p1a: Bene Gesserit|Quark Drive|[silent]
|switch|p1a: Lisan Al Gaib|Keldeo|100/100
|move|p2a: Cinderace|Pyro Ball|p1a: Lisan Al Gaib
|-resisted|p1a: Lisan Al Gaib
|-damage|p1a: Lisan Al Gaib|73/100
|
|upkeep
|turn|15
|
|t:|1757853295
|move|p2a: Cinderace|U-turn|p1a: Lisan Al Gaib
|-resisted|p1a: Lisan Al Gaib
|-damage|p1a: Lisan Al Gaib|61/100
|
|t:|1757853299
|switch|p2a: Slowking|Slowking-Galar, F|56/100|[from] U-turn
|move|p1a: Lisan Al Gaib|Surf|p2a: Slowking
|-damage|p2a: Slowking|11/100
|
|upkeep
|turn|16
|
|t:|1757853307
|switch|p2a: Kyurem|Kyurem|100/100
|-ability|p2a: Kyurem|Pressure
|move|p1a: Lisan Al Gaib|Surf|p2a: Kyurem
|-resisted|p2a: Kyurem
|-damage|p2a: Kyurem|66/100
|
|upkeep
|turn|17
|
|t:|1757853314
|switch|p1a: Bene Gesserit|Iron Crown|62/100
|move|p2a: Kyurem|Earth Power|p1a: Bene Gesserit
|-supereffective|p1a: Bene Gesserit
|-damage|p1a: Bene Gesserit|0 fnt
|faint|p1a: Bene Gesserit
|-end|p1a: Bene Gesserit|Quark Drive|[silent]
|
|upkeep
|
|t:|1757853327
|switch|p1a: Meowscarada|Meowscarada, M|100/100
|turn|18
|
|t:|1757853332
|switch|p2a: Corviknight|Corviknight, F|58/100
|-ability|p2a: Corviknight|Pressure
|move|p1a: Meowscarada|Knock Off|p2a: Corviknight
|-start|p1a: Meowscarada|typechange|Dark|[from] ability: Protean
|-damage|p2a: Corviknight|32/100
|-damage|p1a: Meowscarada|84/100|[from] item: Rocky Helmet|[of] p2a: Corviknight
|-enditem|p2a: Corviknight|Rocky Helmet|[from] move: Knock Off|[of] p1a: Meowscarada
|
|upkeep
|turn|19
|
|t:|1757853343
|switch|p1a: Raging Bolt|Raging Bolt|66/100 brn
|move|p2a: Corviknight|Roost|p2a: Corviknight
|-heal|p2a: Corviknight|82/100
|-singleturn|p2a: Corviknight|move: Roost
|
|-heal|p1a: Raging Bolt|73/100 brn|[from] item: Leftovers
|-damage|p1a: Raging Bolt|66/100 brn|[from] brn
|upkeep
|turn|20
|
|t:|1757853354
|move|p1a: Raging Bolt|Thunderbolt|p2a: Corviknight
|-supereffective|p2a: Corviknight
|-crit|p2a: Corviknight
|-damage|p2a: Corviknight|0 fnt
|faint|p2a: Corviknight
|
|-heal|p1a: Raging Bolt|73/100 brn|[from] item: Leftovers
|-damage|p1a: Raging Bolt|66/100 brn|[from] brn
|upkeep
|
|t:|1757853357
|switch|p2a: Kyurem|Kyurem|66/100
|-ability|p2a: Kyurem|Pressure
|turn|21
|inactive|rookie22 has 120 seconds left.
|inactive|rookie22 has 90 seconds left.
|
|t:|1757853429
|move|p1a: Raging Bolt|Thunderclap|p2a: Kyurem
|-resisted|p2a: Kyurem
|-damage|p2a: Kyurem|47/100
|move|p2a: Kyurem|Freeze-Dry|p1a: Raging Bolt
|-supereffective|p1a: Raging Bolt
|-damage|p1a: Raging Bolt|0 fnt
|faint|p1a: Raging Bolt
|-end|p1a: Raging Bolt|Protosynthesis|[silent]
|
|upkeep
|
|t:|1757853438
|switch|p1a: Meowscarada|Meowscarada, M|84/100
|turn|22
|
|t:|1757853441
|switch|p2a: Kingambit|Kingambit, F|100/100
|-activate|p2a: Kingambit|ability: Supreme Overlord
|-start|p2a: Kingambit|fallen2|[silent]
|move|p1a: Meowscarada|Knock Off|p2a: Kingambit
|-start|p1a: Meowscarada|typechange|Dark|[from] ability: Protean
|-resisted|p2a: Kingambit
|-damage|p2a: Kingambit|85/100
|-enditem|p2a: Kingambit|Leftovers|[from] move: Knock Off|[of] p1a: Meowscarada
|
|upkeep
|turn|23
|
|t:|1757853454
|switch|p1a: Great Tusk|Great Tusk|76/100
|-end|p2a: Kingambit|fallen2|[silent]
|switch|p2a: Slowking|Slowking-Galar, F|44/100
|
|upkeep
|turn|24
|
|t:|1757853468
|switch|p2a: Cinderace|Cinderace, M|100/100
|move|p1a: Great Tusk|Rapid Spin|p2a: Cinderace
|-damage|p2a: Cinderace|77/100
|-boost|p1a: Great Tusk|spe|1
|
|upkeep
|turn|25
|inactive|rookie22 has 90 seconds left.
|
|t:|1757853488
|-terastallize|p2a: Cinderace|Ghost
|move|p2a: Cinderace|Will-O-Wisp|p1a: Great Tusk
|-status|p1a: Great Tusk|brn
|move|p1a: Great Tusk|Earthquake|p2a: Cinderace
|-damage|p2a: Cinderace|43/100
|
|-damage|p1a: Great Tusk|70/100 brn|[from] brn
|upkeep
|turn|26
|
|t:|1757853497
|move|p2a: Cinderace|U-turn|p1a: Great Tusk
|-resisted|p1a: Great Tusk
|-damage|p1a: Great Tusk|64/100 brn
|
|t:|1757853501
|switch|p2a: Slowking|Slowking-Galar, F|78/100|[from] U-turn
|move|p1a: Great Tusk|Stealth Rock|p2a: Slowking
|-sidestart|p2: Albertsux2007|move: Stealth Rock
|
|-damage|p1a: Great Tusk|58/100 brn|[from] brn
|upkeep
|turn|27
|
|t:|1757853507
|move|p1a: Great Tusk|Earthquake|p2a: Slowking
|-supereffective|p2a: Slowking
|-damage|p2a: Slowking|14/100
|move|p2a: Slowking|Future Sight|p1a: Great Tusk
|-start|p2a: Slowking|move: Future Sight
|
|-damage|p1a: Great Tusk|52/100 brn|[from] brn
|upkeep
|turn|28
|
|t:|1757853521
|switch|p2a: Cinderace|Cinderace, M, tera:Ghost|43/100
|move|p1a: Great Tusk|Earthquake|p2a: Cinderace
|-damage|p2a: Cinderace|12/100
|
|-damage|p1a: Great Tusk|46/100 brn|[from] brn
|upkeep
|turn|29
|inactive|rookie22 has 120 seconds left.
|
|t:|1757853535
|move|p2a: Cinderace|Court Change|p2a: Cinderace
|-swapsideconditions
|-activate|p2a: Cinderace|move: Court Change
|move|p1a: Great Tusk|Stealth Rock|p2a: Cinderace
|-sidestart|p2: Albertsux2007|move: Stealth Rock
|
|-end|p1a: Great Tusk|move: Future Sight
|-supereffective|p1a: Great Tusk
|-damage|p1a: Great Tusk|0 fnt
|faint|p1a: Great Tusk
|-end|p1a: Great Tusk|Protosynthesis|[silent]
|upkeep
|
|t:|1757853553
|switch|p1a: Meowscarada|Meowscarada, M|84/100
|turn|30
|
|t:|1757853560
|move|p1a: Meowscarada|Knock Off|p2a: Cinderace
|-start|p1a: Meowscarada|typechange|Dark|[from] ability: Protean
|-supereffective|p2a: Cinderace
|-damage|p2a: Cinderace|0 fnt
|-enditem|p2a: Cinderace|Heavy-Duty Boots|[from] move: Knock Off|[of] p1a: Meowscarada
|faint|p2a: Cinderace
|
|upkeep
|
|t:|1757853562
|switch|p2a: Kingambit|Kingambit, F|85/100
|-damage|p2a: Kingambit|79/100|[from] Stealth Rock
|-activate|p2a: Kingambit|ability: Supreme Overlord
|-start|p2a: Kingambit|fallen3|[silent]
|turn|31
|
|t:|1757853576
|move|p2a: Kingambit|Sucker Punch||[still]
|-fail|p2a: Kingambit
|move|p1a: Meowscarada|Taunt|p2a: Kingambit
|-start|p2a: Kingambit|move: Taunt
|
|upkeep
|turn|32
|
|t:|1757853582
|switch|p1a: Lisan Al Gaib|Keldeo|61/100
|-damage|p1a: Lisan Al Gaib|55/100|[from] Stealth Rock
|move|p2a: Kingambit|Iron Head|p1a: Lisan Al Gaib
|-resisted|p1a: Lisan Al Gaib
|-damage|p1a: Lisan Al Gaib|17/100
|
|upkeep
|turn|33
|
|t:|1757853589
|move|p1a: Lisan Al Gaib|Vacuum Wave|p2a: Kingambit
|-supereffective|p2a: Kingambit
|-crit|p2a: Kingambit
|-damage|p2a: Kingambit|0 fnt
|faint|p2a: Kingambit
|-end|p2a: Kingambit|fallen3|[silent]
|
|upkeep
|
|t:|1757853592
|switch|p2a: Slowking|Slowking-Galar, F|47/100
|turn|34
|
|t:|1757853597
|switch|p1a: Meowscarada|Meowscarada, M|84/100
|move|p2a: Slowking|Slack Off|p2a: Slowking
|-heal|p2a: Slowking|97/100
|
|upkeep
|turn|35
|
|t:|1757853601
|move|p1a: Meowscarada|Knock Off|p2a: Slowking
|-start|p1a: Meowscarada|typechange|Dark|[from] ability: Protean
|-supereffective|p2a: Slowking
|-damage|p2a: Slowking|7/100
|-enditem|p2a: Slowking|Heavy-Duty Boots|[from] move: Knock Off|[of] p1a: Meowscarada
|move|p2a: Slowking|Sludge Bomb|p1a: Meowscarada
|-damage|p1a: Meowscarada|33/100
|
|upkeep
|turn|36
|
|t:|1757853609
|move|p1a: Meowscarada|Knock Off|p2a: Slowking
|-supereffective|p2a: Slowking
|-damage|p2a: Slowking|0 fnt
|faint|p2a: Slowking
|
|upkeep
|-message|Albertsux2007 forfeited.
|
|win|rookie22
|raw|rookie22's rating: 1645 &rarr; <strong>1661</strong><br />(+16 for winning)
|raw|Albertsux2007's rating: 1569 &rarr; <strong>1553</strong><br />(-16 for losing)
|l|‽Albertsux2007
|player|p2|
|l|☆rookie22
|player|p1|
