|j|☆SpectralStorm
|j|☆emorawr79
|t:|1757873557
|gametype|singles
|player|p1|SpectralStorm|265|1446
|player|p2|emorawr79|170|1526
|gen|9
|tier|[Gen 9] OU
|rated|
|rule|HP Percentage Mod: HP is shown in percentages
|rule|Endless Battle Clause: Forcing endless battles is banned
|rule|Species Clause: Limit one of each Pokémon
|rule|OHKO Clause: OHKO moves are banned
|rule|Evasion Items Clause: Evasion items are banned
|rule|Evasion Moves Clause: Evasion moves are banned
|rule|Evasion Abilities Clause: Evasion abilities are banned
|rule|Sleep Moves Clause: Sleep-inducing moves are banned
|clearpoke
|poke|p1|Bellibolt, F|
|poke|p1|Basculegion, M|
|poke|p1|Dragonite, F|
|poke|p1|Iron Treads|
|poke|p1|Barraskewda, F|
|poke|p1|Pelipper, M|
|poke|p2|Serperior, M|
|poke|p2|Gliscor, F|
|poke|p2|Garganacl, M|
|poke|p2|Iron Crown|
|poke|p2|Iron Boulder|
|poke|p2|Kingambit, F|
|teampreview
|inactive|Battle timer is ON: inactive players will automatically lose when time's up. (requested by emorawr79)
|
|t:|1757873592
|teamsize|p1|6
|teamsize|p2|6
|start
|switch|p1a: Pelipper|Pelipper, M|100/100
|switch|p2a: Gliscor|Gliscor, F|100/100
|-weather|RainDance|[from] ability: Drizzle|[of] p1a: Pelipper
|turn|1
|
|t:|1757873598
|switch|p1a: Basculegion|Basculegion, M|100/100
|move|p2a: Gliscor|Substitute|p2a: Gliscor
|-start|p2a: Gliscor|Substitute
|-damage|p2a: Gliscor|76/100
|
|-weather|RainDance|[upkeep]
|-status|p2a: Gliscor|tox|[from] item: Toxic Orb
|upkeep
|turn|2
|
|t:|1757873606
|move|p2a: Gliscor|Protect|p2a: Gliscor
|-singleturn|p2a: Gliscor|Protect
|move|p1a: Basculegion|Wave Crash|p2a: Gliscor
|-activate|p2a: Gliscor|move: Protect
|
|-weather|RainDance|[upkeep]
|-heal|p2a: Gliscor|88/100 tox|[from] ability: Poison Heal
|upkeep
|turn|3
|
|t:|1757873611
|move|p1a: Basculegion|Wave Crash|p2a: Gliscor
|-supereffective|p2a: Gliscor
|-end|p2a: Gliscor|Substitute
|-damage|p1a: Basculegion|93/100|[from] Recoil|[of] p2a: Gliscor
|move|p2a: Gliscor|Substitute|p2a: Gliscor
|-start|p2a: Gliscor|Substitute
|-damage|p2a: Gliscor|63/100 tox
|
|-weather|RainDance|[upkeep]
|-heal|p2a: Gliscor|76/100 tox|[from] ability: Poison Heal
|upkeep
|turn|4
|
|t:|1757873615
|move|p2a: Gliscor|Protect|p2a: Gliscor
|-singleturn|p2a: Gliscor|Protect
|move|p1a: Basculegion|Wave Crash|p2a: Gliscor
|-activate|p2a: Gliscor|move: Protect
|
|-weather|RainDance|[upkeep]
|-heal|p2a: Gliscor|88/100 tox|[from] ability: Poison Heal
|upkeep
|turn|5
|
|t:|1757873617
|move|p1a: Basculegion|Wave Crash|p2a: Gliscor
|-supereffective|p2a: Gliscor
|-end|p2a: Gliscor|Substitute
|-damage|p1a: Basculegion|85/100|[from] Recoil|[of] p2a: Gliscor
|move|p2a: Gliscor|Substitute|p2a: Gliscor
|-start|p2a: Gliscor|Substitute
|-damage|p2a: Gliscor|63/100 tox
|
|-weather|RainDance|[upkeep]
|-heal|p2a: Gliscor|76/100 tox|[from] ability: Poison Heal
|upkeep
|turn|6
|
|t:|1757873622
|switch|p1a: Barraskewda|Barraskewda, F|100/100
|move|p2a: Gliscor|Protect||[still]
|-fail|p2a: Gliscor
|
|-weather|RainDance|[upkeep]
|-heal|p2a: Gliscor|88/100 tox|[from] ability: Poison Heal
|upkeep
|turn|7
|
|t:|1757873625
|move|p1a: Barraskewda|Liquidation|p2a: Gliscor
|-supereffective|p2a: Gliscor
|-end|p2a: Gliscor|Substitute
|move|p2a: Gliscor|Substitute|p2a: Gliscor
|-start|p2a: Gliscor|Substitute
|-damage|p2a: Gliscor|63/100 tox
|
|-weather|RainDance|[upkeep]
|-heal|p2a: Gliscor|76/100 tox|[from] ability: Poison Heal
|upkeep
|turn|8
|
|t:|1757873629
|move|p1a: Barraskewda|Liquidation|p2a: Gliscor
|-supereffective|p2a: Gliscor
|-end|p2a: Gliscor|Substitute
|move|p2a: Gliscor|Toxic|p1a: Barraskewda
|-status|p1a: Barraskewda|tox
|
|-weather|none
|-damage|p1a: Barraskewda|94/100 tox|[from] psn
|-heal|p2a: Gliscor|88/100 tox|[from] ability: Poison Heal
|upkeep
|turn|9
|
|t:|1757873635
|move|p2a: Gliscor|Protect|p2a: Gliscor
|-singleturn|p2a: Gliscor|Protect
|move|p1a: Barraskewda|Liquidation|p2a: Gliscor
|-activate|p2a: Gliscor|move: Protect
|
|-damage|p1a: Barraskewda|82/100 tox|[from] psn
|-heal|p2a: Gliscor|100/100 tox|[from] ability: Poison Heal
|upkeep
|turn|10
|
|t:|1757873639
|-terastallize|p2a: Gliscor|Water
|move|p1a: Barraskewda|Liquidation|p2a: Gliscor
|-resisted|p2a: Gliscor
|-damage|p2a: Gliscor|76/100 tox
|move|p2a: Gliscor|Substitute|p2a: Gliscor
|-start|p2a: Gliscor|Substitute
|-damage|p2a: Gliscor|51/100 tox
|
|-damage|p1a: Barraskewda|64/100 tox|[from] psn
|-heal|p2a: Gliscor|63/100 tox|[from] ability: Poison Heal
|upkeep
|turn|11
|
|t:|1757873645
|switch|p1a: Iron Treads|Iron Treads|100/100
|move|p2a: Gliscor|Protect||[still]
|-fail|p2a: Gliscor
|
|-heal|p2a: Gliscor|76/100 tox|[from] ability: Poison Heal
|upkeep
|turn|12
|
|t:|1757873649
|move|p1a: Iron Treads|Stealth Rock|p2a: Gliscor
|-sidestart|p2: emorawr79|move: Stealth Rock
|move|p2a: Gliscor|Earthquake|p1a: Iron Treads
|-supereffective|p1a: Iron Treads
|-damage|p1a: Iron Treads|44/100
|-enditem|p1a: Iron Treads|Eject Button
|
|t:|1757873654
|-end|p1a: Iron Treads|Quark Drive|[silent]
|switch|p1a: Bellibolt|Bellibolt, F|100/100
|
|-heal|p2a: Gliscor|88/100 tox|[from] ability: Poison Heal
|upkeep
|turn|13
|
|t:|1757873658
|move|p2a: Gliscor|Earthquake|p1a: Bellibolt
|-supereffective|p1a: Bellibolt
|-damage|p1a: Bellibolt|32/100
|-start|p1a: Bellibolt|Charge|Earthquake|[from] ability: Electromorphosis
|move|p1a: Bellibolt|Volt Switch|p2a: Gliscor
|-supereffective|p2a: Gliscor
|-end|p2a: Gliscor|Substitute
|-end|p1a: Bellibolt|Charge|[silent]
|
|t:|1757873681
|switch|p1a: Pelipper|Pelipper, M|100/100|[from] Volt Switch
|-weather|RainDance|[from] ability: Drizzle|[of] p1a: Pelipper
|
|-weather|RainDance|[upkeep]
|-heal|p2a: Gliscor|100/100 tox|[from] ability: Poison Heal
|upkeep
|turn|14
|
|t:|1757873685
|move|p2a: Gliscor|Toxic|p1a: Pelipper
|-status|p1a: Pelipper|tox
|move|p1a: Pelipper|Hurricane|p2a: Gliscor
|-damage|p2a: Gliscor|59/100 tox
|
|-weather|RainDance|[upkeep]
|-heal|p2a: Gliscor|71/100 tox|[from] ability: Poison Heal
|-damage|p1a: Pelipper|94/100 tox|[from] psn
|upkeep
|turn|15
|
|t:|1757873702
|switch|p1a: Basculegion|Basculegion, M|85/100
|move|p2a: Gliscor|Substitute|p2a: Gliscor
|-start|p2a: Gliscor|Substitute
|-damage|p2a: Gliscor|46/100 tox
|
|-weather|RainDance|[upkeep]
|-heal|p2a: Gliscor|59/100 tox|[from] ability: Poison Heal
|upkeep
|turn|16
|
|t:|1757873705
|move|p2a: Gliscor|Protect|p2a: Gliscor
|-singleturn|p2a: Gliscor|Protect
|move|p1a: Basculegion|Flip Turn|p2a: Gliscor
|-activate|p2a: Gliscor|move: Protect
|
|-weather|RainDance|[upkeep]
|-heal|p2a: Gliscor|71/100 tox|[from] ability: Poison Heal
|upkeep
|turn|17
|
|t:|1757873707
|move|p1a: Basculegion|Flip Turn|p2a: Gliscor
|-resisted|p2a: Gliscor
|-end|p2a: Gliscor|Substitute
|
|t:|1757873710
|switch|p1a: Dragonite|Dragonite, F|100/100|[from] Flip Turn
|move|p2a: Gliscor|Toxic|p1a: Dragonite
|-status|p1a: Dragonite|tox
|
|-weather|RainDance|[upkeep]
|-heal|p2a: Gliscor|84/100 tox|[from] ability: Poison Heal
|-damage|p1a: Dragonite|94/100 tox|[from] psn
|upkeep
|turn|18
|
|t:|1757873715
|move|p2a: Gliscor|Substitute|p2a: Gliscor
|-start|p2a: Gliscor|Substitute
|-damage|p2a: Gliscor|59/100 tox
|move|p1a: Dragonite|Draco Meteor|p2a: Gliscor
|-end|p2a: Gliscor|Substitute
|-unboost|p1a: Dragonite|spa|2
|-enditem|p1a: Dragonite|Eject Pack
|
|t:|1757873718
|switch|p1a: Basculegion|Basculegion, M|85/100
|
|-weather|RainDance|[upkeep]
|-heal|p2a: Gliscor|71/100 tox|[from] ability: Poison Heal
|upkeep
|turn|19
|
|t:|1757873720
|-terastallize|p1a: Basculegion|Water
|move|p2a: Gliscor|Protect|p2a: Gliscor
|-singleturn|p2a: Gliscor|Protect
|move|p1a: Basculegion|Wave Crash|p2a: Gliscor
|-activate|p2a: Gliscor|move: Protect
|
|-weather|RainDance|[upkeep]
|-heal|p2a: Gliscor|84/100 tox|[from] ability: Poison Heal
|upkeep
|turn|20
|
|t:|1757873724
|switch|p2a: Serperior|Serperior, M|100/100
|-damage|p2a: Serperior|88/100|[from] Stealth Rock
|move|p1a: Basculegion|Wave Crash|p2a: Serperior
|-resisted|p2a: Serperior
|-damage|p2a: Serperior|0 fnt
|faint|p2a: Serperior
|-damage|p1a: Basculegion|63/100|[from] Recoil
|
|-weather|none
|upkeep
|
|t:|1757873726
|switch|p2a: Gliscor|Gliscor, F, tera:Water|84/100 tox
|-damage|p2a: Gliscor|71/100 tox|[from] Stealth Rock
|turn|21
|
|t:|1757873727
|move|p1a: Basculegion|Wave Crash|p2a: Gliscor
|-resisted|p2a: Gliscor
|-damage|p2a: Gliscor|23/100 tox
|-damage|p1a: Basculegion|48/100|[from] Recoil
|move|p2a: Gliscor|Substitute|p2a: Gliscor
|-fail|p2a: Gliscor|move: Substitute|[weak]
|
|-heal|p2a: Gliscor|35/100 tox|[from] ability: Poison Heal
|upkeep
|turn|22
|
|t:|1757873732
|move|p2a: Gliscor|Protect|p2a: Gliscor
|-singleturn|p2a: Gliscor|Protect
|move|p1a: Basculegion|Wave Crash|p2a: Gliscor
|-activate|p2a: Gliscor|move: Protect
|
|-heal|p2a: Gliscor|47/100 tox|[from] ability: Poison Heal
|upkeep
|turn|23
|
|t:|1757873734
|move|p2a: Gliscor|Protect|p2a: Gliscor
|-singleturn|p2a: Gliscor|Protect
|move|p1a: Basculegion|Wave Crash|p2a: Gliscor
|-activate|p2a: Gliscor|move: Protect
|
|-heal|p2a: Gliscor|60/100 tox|[from] ability: Poison Heal
|upkeep
|turn|24
|
|t:|1757873737
|move|p1a: Basculegion|Wave Crash|p2a: Gliscor
|-resisted|p2a: Gliscor
|-damage|p2a: Gliscor|11/100 tox
|-damage|p1a: Basculegion|33/100|[from] Recoil
|move|p2a: Gliscor|Earthquake|p1a: Basculegion
|-damage|p1a: Basculegion|0 fnt
|faint|p1a: Basculegion
|
|-heal|p2a: Gliscor|24/100 tox|[from] ability: Poison Heal
|upkeep
|
|t:|1757873746
|switch|p1a: Iron Treads|Iron Treads|44/100
|turn|25
|
|t:|1757873749
|move|p2a: Gliscor|Protect|p2a: Gliscor
|-singleturn|p2a: Gliscor|Protect
|move|p1a: Iron Treads|Volt Switch|p2a: Gliscor
|-activate|p2a: Gliscor|move: Protect
|
|-heal|p2a: Gliscor|36/100 tox|[from] ability: Poison Heal
|upkeep
|turn|26
|
|t:|1757873754
|switch|p2a: Kingambit|Kingambit, F|100/100
|-damage|p2a: Kingambit|94/100|[from] Stealth Rock
|-activate|p2a: Kingambit|ability: Supreme Overlord
|-start|p2a: Kingambit|fallen1|[silent]
|move|p1a: Iron Treads|Volt Switch|p2a: Kingambit
|-damage|p2a: Kingambit|81/100
|
|t:|1757873758
|-end|p1a: Iron Treads|Quark Drive|[silent]
|switch|p1a: Pelipper|Pelipper, M|94/100 tox|[from] Volt Switch
|-weather|RainDance|[from] ability: Drizzle|[of] p1a: Pelipper
|
|-weather|RainDance|[upkeep]
|-damage|p1a: Pelipper|88/100 tox|[from] psn
|upkeep
|turn|27
|
|t:|1757873760
|move|p1a: Pelipper|U-turn|p2a: Kingambit
|-damage|p2a: Kingambit|75/100
|
|t:|1757873762
|switch|p1a: Dragonite|Dragonite, F|94/100 tox|[from] U-turn
|move|p2a: Kingambit|Kowtow Cleave|p1a: Dragonite
|-damage|p1a: Dragonite|14/100 tox
|-damage|p2a: Kingambit|65/100|[from] item: Life Orb
|
|-weather|RainDance|[upkeep]
|-damage|p1a: Dragonite|7/100 tox|[from] psn
|upkeep
|turn|28
|
|t:|1757873766
|move|p2a: Kingambit|Sucker Punch||[still]
|-fail|p2a: Kingambit
|move|p1a: Dragonite|Roost|p1a: Dragonite
|-heal|p1a: Dragonite|57/100 tox
|-singleturn|p1a: Dragonite|move: Roost
|
|-weather|RainDance|[upkeep]
|-damage|p1a: Dragonite|45/100 tox|[from] psn
|upkeep
|turn|29
|
|t:|1757873769
|move|p1a: Dragonite|Low Kick|p2a: Kingambit
|-supereffective|p2a: Kingambit
|-damage|p2a: Kingambit|0 fnt
|faint|p2a: Kingambit
|-end|p2a: Kingambit|fallen1|[silent]
|
|-weather|RainDance|[upkeep]
|-damage|p1a: Dragonite|27/100 tox|[from] psn
|upkeep
|
|t:|1757873776
|switch|p2a: Gliscor|Gliscor, F, tera:Water|36/100 tox
|-damage|p2a: Gliscor|24/100 tox|[from] Stealth Rock
|turn|30
|
|t:|1757873780
|move|p2a: Gliscor|Protect|p2a: Gliscor
|-singleturn|p2a: Gliscor|Protect
|move|p1a: Dragonite|Hurricane|p2a: Gliscor
|-activate|p2a: Gliscor|move: Protect
|
|-weather|RainDance|[upkeep]
|-heal|p2a: Gliscor|36/100 tox|[from] ability: Poison Heal
|-damage|p1a: Dragonite|2/100 tox|[from] psn
|upkeep
|turn|31
|
|t:|1757873784
|move|p2a: Gliscor|Substitute|p2a: Gliscor
|-start|p2a: Gliscor|Substitute
|-damage|p2a: Gliscor|11/100 tox
|move|p1a: Dragonite|Hurricane|p2a: Gliscor
|-end|p2a: Gliscor|Substitute
|
|-weather|RainDance|[upkeep]
|-heal|p2a: Gliscor|24/100 tox|[from] ability: Poison Heal
|-damage|p1a: Dragonite|0 fnt|[from] psn
|faint|p1a: Dragonite
|upkeep
|
|t:|1757873788
|switch|p1a: Barraskewda|Barraskewda, F|64/100 tox
|turn|32
|
|t:|1757873791
|move|p2a: Gliscor|Protect|p2a: Gliscor
|-singleturn|p2a: Gliscor|Protect
|move|p1a: Barraskewda|Liquidation|p2a: Gliscor
|-activate|p2a: Gliscor|move: Protect
|
|-weather|RainDance|[upkeep]
|-damage|p1a: Barraskewda|58/100 tox|[from] psn
|-heal|p2a: Gliscor|36/100 tox|[from] ability: Poison Heal
|upkeep
|turn|33
|
|t:|1757873796
|switch|p2a: Garganacl|Garganacl, M|100/100
|-damage|p2a: Garganacl|88/100|[from] Stealth Rock
|move|p1a: Barraskewda|Liquidation|p2a: Garganacl
|-supereffective|p2a: Garganacl
|-damage|p2a: Garganacl|0 fnt
|faint|p2a: Garganacl
|
|-weather|none
|-damage|p1a: Barraskewda|46/100 tox|[from] psn
|upkeep
|
|t:|1757873798
|switch|p2a: Gliscor|Gliscor, F, tera:Water|36/100 tox
|-damage|p2a: Gliscor|24/100 tox|[from] Stealth Rock
|turn|34
|
|t:|1757873800
|move|p2a: Gliscor|Protect|p2a: Gliscor
|-singleturn|p2a: Gliscor|Protect
|move|p1a: Barraskewda|Liquidation|p2a: Gliscor
|-activate|p2a: Gliscor|move: Protect
|
|-damage|p1a: Barraskewda|27/100 tox|[from] psn
|-heal|p2a: Gliscor|36/100 tox|[from] ability: Poison Heal
|upkeep
|turn|35
|
|t:|1757873802
|move|p2a: Gliscor|Protect||[still]
|-fail|p2a: Gliscor
|move|p1a: Barraskewda|Liquidation|p2a: Gliscor
|-resisted|p2a: Gliscor
|-crit|p2a: Gliscor
|-damage|p2a: Gliscor|4/100 tox
|
|-damage|p1a: Barraskewda|3/100 tox|[from] psn
|-heal|p2a: Gliscor|16/100 tox|[from] ability: Poison Heal
|upkeep
|turn|36
|
|t:|1757873806
|switch|p1a: Iron Treads|Iron Treads|44/100
|move|p2a: Gliscor|Protect||[still]
|-fail|p2a: Gliscor
|
|-heal|p2a: Gliscor|28/100 tox|[from] ability: Poison Heal
|upkeep
|turn|37
|
|t:|1757873810
|switch|p2a: Iron Crown|Iron Crown|100/100
|-damage|p2a: Iron Crown|94/100|[from] Stealth Rock
|move|p1a: Iron Treads|Volt Switch|p2a: Iron Crown
|-damage|p2a: Iron Crown|82/100
|
|t:|1757873812
|-end|p1a: Iron Treads|Quark Drive|[silent]
|switch|p1a: Pelipper|Pelipper, M|88/100 tox|[from] Volt Switch
|-weather|RainDance|[from] ability: Drizzle|[of] p1a: Pelipper
|
|-weather|RainDance|[upkeep]
|-damage|p1a: Pelipper|82/100 tox|[from] psn
|upkeep
|turn|38
|
|t:|1757873815
|move|p2a: Iron Crown|Agility|p2a: Iron Crown
|-boost|p2a: Iron Crown|spe|2
|move|p1a: Pelipper|U-turn|p2a: Iron Crown
|-damage|p2a: Iron Crown|75/100
|
|t:|1757873818
|switch|p1a: Iron Treads|Iron Treads|44/100|[from] U-turn
|
|-weather|RainDance|[upkeep]
|upkeep
|turn|39
|
|t:|1757873823
|move|p2a: Iron Crown|Calm Mind|p2a: Iron Crown
|-boost|p2a: Iron Crown|spa|1
|-boost|p2a: Iron Crown|spd|1
|move|p1a: Iron Treads|Earth Power|p2a: Iron Crown
|-supereffective|p2a: Iron Crown
|-damage|p2a: Iron Crown|43/100
|-enditem|p2a: Iron Crown|Weakness Policy
|-boost|p2a: Iron Crown|atk|2|[from] item: Weakness Policy
|-boost|p2a: Iron Crown|spa|2|[from] item: Weakness Policy
|
|-weather|RainDance|[upkeep]
|upkeep
|turn|40
|
|t:|1757873831
|move|p2a: Iron Crown|Stored Power|p1a: Iron Treads
|-resisted|p1a: Iron Treads
|-damage|p1a: Iron Treads|0 fnt
|faint|p1a: Iron Treads
|-end|p1a: Iron Treads|Quark Drive|[silent]
|
|-weather|RainDance|[upkeep]
|upkeep
|
|t:|1757873833
|switch|p1a: Barraskewda|Barraskewda, F|3/100 tox
|turn|41
|
|t:|1757873835
|move|p1a: Barraskewda|Flip Turn|p2a: Iron Crown
|-damage|p2a: Iron Crown|0 fnt
|faint|p2a: Iron Crown
|-end|p2a: Iron Crown|Quark Drive|[silent]
|
|t:|1757873838
|switch|p1a: Bellibolt|Bellibolt, F|32/100|[from] Flip Turn
|
|-weather|RainDance|[upkeep]
|upkeep
|
|t:|1757873841
|switch|p2a: Iron Boulder|Iron Boulder|100/100
|-damage|p2a: Iron Boulder|88/100|[from] Stealth Rock
|-enditem|p2a: Iron Boulder|Booster Energy
|-activate|p2a: Iron Boulder|ability: Quark Drive|[fromitem]
|-start|p2a: Iron Boulder|quarkdrivespe
|turn|42
|
|t:|1757873845
|move|p2a: Iron Boulder|Mighty Cleave|p1a: Bellibolt
|-damage|p1a: Bellibolt|0 fnt
|faint|p1a: Bellibolt
|
|-weather|RainDance|[upkeep]
|upkeep
|
|t:|1757873847
|switch|p1a: Barraskewda|Barraskewda, F|3/100 tox
|turn|43
|
|t:|1757873850
|move|p1a: Barraskewda|Flip Turn|p2a: Iron Boulder
|-supereffective|p2a: Iron Boulder
|-damage|p2a: Iron Boulder|0 fnt
|faint|p2a: Iron Boulder
|-end|p2a: Iron Boulder|Quark Drive|[silent]
|
|t:|1757873852
|switch|p1a: Pelipper|Pelipper, M|82/100 tox|[from] Flip Turn
|
|-weather|RainDance|[upkeep]
|-damage|p1a: Pelipper|76/100 tox|[from] psn
|upkeep
|
|t:|1757873854
|switch|p2a: Gliscor|Gliscor, F, tera:Water|28/100 tox
|-damage|p2a: Gliscor|16/100 tox|[from] Stealth Rock
|turn|44
|
|t:|1757873856
|move|p2a: Gliscor|Protect|p2a: Gliscor
|-singleturn|p2a: Gliscor|Protect
|move|p1a: Pelipper|Hurricane|p2a: Gliscor
|-activate|p2a: Gliscor|move: Protect
|
|-weather|none
|-heal|p2a: Gliscor|28/100 tox|[from] ability: Poison Heal
|-damage|p1a: Pelipper|63/100 tox|[from] psn
|upkeep
|turn|45
|
|t:|1757873858
|move|p2a: Gliscor|Substitute|p2a: Gliscor
|-start|p2a: Gliscor|Substitute
|-damage|p2a: Gliscor|4/100 tox
|move|p1a: Pelipper|Hurricane|p2a: Gliscor|[miss]
|-miss|p1a: Pelipper|p2a: Gliscor
|
|-heal|p2a: Gliscor|16/100 tox|[from] ability: Poison Heal
|-damage|p1a: Pelipper|45/100 tox|[from] psn
|upkeep
|turn|46
|
|t:|1757873863
|move|p2a: Gliscor|Toxic|p1a: Pelipper
|-fail|p1a: Pelipper|tox
|move|p1a: Pelipper|Surf|p2a: Gliscor
|-resisted|p2a: Gliscor
|-activate|p2a: Gliscor|move: Substitute|[damage]
|
|-heal|p2a: Gliscor|28/100 tox|[from] ability: Poison Heal
|-damage|p1a: Pelipper|20/100 tox|[from] psn
|upkeep
|turn|47
|
|t:|1757873866
|move|p2a: Gliscor|Earthquake|p1a: Pelipper
|-immune|p1a: Pelipper
|move|p1a: Pelipper|Surf|p2a: Gliscor
|-resisted|p2a: Gliscor
|-end|p2a: Gliscor|Substitute
|
|-heal|p2a: Gliscor|41/100 tox|[from] ability: Poison Heal
|-damage|p1a: Pelipper|0 fnt|[from] psn
|faint|p1a: Pelipper
|upkeep
|
|t:|1757873870
|switch|p1a: Barraskewda|Barraskewda, F|3/100 tox
|turn|48
|c|☆SpectralStorm|wow
|c|☆SpectralStorm|gg
|
|t:|1757873876
|move|p1a: Barraskewda|Close Combat|p2a: Gliscor
|-damage|p2a: Gliscor|0 fnt
|-unboost|p1a: Barraskewda|def|1
|-unboost|p1a: Barraskewda|spd|1
|faint|p2a: Gliscor
|
|win|SpectralStorm
|raw|SpectralStorm's rating: 1446 &rarr; <strong>1471</strong><br />(+25 for winning)
|raw|emorawr79's rating: 1526 &rarr; <strong>1501</strong><br />(-25 for losing)
|l|☆emorawr79
|player|p2|
|l|☆SpectralStorm
|player|p1|
