|j|☆FL27
|j|☆alvaromoon
|t:|1757819605
|gametype|singles
|player|p1|FL27|266|1064
|player|p2|alvaromoon|nate|1061
|gen|9
|tier|[Gen 9] OU
|rated|
|rule|HP Percentage Mod: HP is shown in percentages
|rule|Endless Battle Clause: Forcing endless battles is banned
|rule|Species Clause: Limit one of each Pokémon
|rule|OHKO Clause: OHKO moves are banned
|rule|Evasion Items Clause: Evasion items are banned
|rule|Evasion Moves Clause: Evasion moves are banned
|rule|Evasion Abilities Clause: Evasion abilities are banned
|rule|Sleep Moves Clause: Sleep-inducing moves are banned
|clearpoke
|poke|p1|Hitmonlee, M|
|poke|p1|Hitmonchan, M|
|poke|p1|Weezing, M|
|poke|p1|Rhydon, M|
|poke|p1|Chansey, F|
|poke|p1|Seadra, M|
|poke|p2|Sylveon, M|
|poke|p2|Umbreon, M|
|poke|p2|Flareon, M|
|poke|p2|Espeon, M|
|poke|p2|Glaceon, M|
|poke|p2|Leafeon, F|
|teampreview
|inactive|Battle timer is ON: inactive players will automatically lose when time's up. (requested by alvaromoon)
|
|t:|1757819634
|teamsize|p1|6
|teamsize|p2|6
|start
|switch|p1a: Hitmonchan|Hitmonchan, M|100/100
|switch|p2a: Umbreon|Umbreon, M, shiny|100/100
|turn|1
|
|t:|1757819640
|-terastallize|p2a: Umbreon|Fairy
|move|p1a: Hitmonchan|Drain Punch|p2a: Umbreon
|-resisted|p2a: Umbreon
|-damage|p2a: Umbreon|85/100
|move|p2a: Umbreon|Toxic|p1a: Hitmonchan
|-status|p1a: Hitmonchan|tox
|
|-heal|p2a: Umbreon|91/100|[from] item: Leftovers
|-damage|p1a: Hitmonchan|94/100 tox|[from] psn
|upkeep
|turn|2
|
|t:|1757819650
|move|p1a: Hitmonchan|Bullet Punch|p2a: Umbreon
|-supereffective|p2a: Umbreon
|-damage|p2a: Umbreon|68/100
|move|p2a: Umbreon|Mean Look|p1a: Hitmonchan
|-activate|p1a: Hitmonchan|trapped
|
|-heal|p2a: Umbreon|74/100|[from] item: Leftovers
|-damage|p1a: Hitmonchan|82/100 tox|[from] psn
|upkeep
|turn|3
|
|t:|1757819659
|move|p1a: Hitmonchan|Bullet Punch|p2a: Umbreon
|-supereffective|p2a: Umbreon
|-damage|p2a: Umbreon|52/100
|move|p2a: Umbreon|Throat Chop|p1a: Hitmonchan
|-resisted|p1a: Hitmonchan
|-damage|p1a: Hitmonchan|68/100 tox
|-start|p1a: Hitmonchan|Throat Chop|[silent]
|
|-heal|p2a: Umbreon|58/100|[from] item: Leftovers
|-damage|p1a: Hitmonchan|49/100 tox|[from] psn
|upkeep
|turn|4
|
|t:|1757819668
|move|p1a: Hitmonchan|Bullet Punch|p2a: Umbreon
|-supereffective|p2a: Umbreon
|-damage|p2a: Umbreon|35/100
|move|p2a: Umbreon|Moonlight|p2a: Umbreon
|-heal|p2a: Umbreon|85/100
|
|-heal|p2a: Umbreon|91/100|[from] item: Leftovers
|-damage|p1a: Hitmonchan|24/100 tox|[from] psn
|-end|p1a: Hitmonchan|Throat Chop|[silent]
|upkeep
|turn|5
|
|t:|1757819678
|move|p1a: Hitmonchan|Bullet Punch|p2a: Umbreon
|-supereffective|p2a: Umbreon
|-damage|p2a: Umbreon|67/100
|move|p2a: Umbreon|Moonlight|p2a: Umbreon
|-heal|p2a: Umbreon|100/100
|
|-damage|p1a: Hitmonchan|0 fnt|[from] psn
|faint|p1a: Hitmonchan
|upkeep
|
|t:|1757819693
|switch|p1a: Weezing|Weezing, M|100/100
|turn|6
|
|t:|1757819715
|switch|p2a: Leafeon|Leafeon, F, shiny|100/100
|move|p1a: Weezing|Sludge Wave|p2a: Leafeon
|-supereffective|p2a: Leafeon
|-enditem|p2a: Leafeon|Focus Sash
|-damage|p2a: Leafeon|1/100
|
|upkeep
|turn|7
|
|t:|1757819726
|move|p2a: Leafeon|Aerial Ace|p1a: Weezing
|-damage|p1a: Weezing|81/100
|move|p1a: Weezing|Will-O-Wisp|p2a: Leafeon
|-status|p2a: Leafeon|brn
|
|-heal|p1a: Weezing|87/100|[from] item: Leftovers
|-damage|p2a: Leafeon|0 fnt|[from] brn
|faint|p2a: Leafeon
|upkeep
|
|t:|1757819735
|switch|p2a: Espeon|Espeon, M, shiny|100/100
|turn|8
|
|t:|1757819739
|-terastallize|p1a: Weezing|Dark
|move|p2a: Espeon|Calm Mind|p2a: Espeon
|-boost|p2a: Espeon|spa|1
|-boost|p2a: Espeon|spd|1
|move|p1a: Weezing|Tera Blast|p2a: Espeon|[anim] Tera Blast Dark
|-supereffective|p2a: Espeon
|-damage|p2a: Espeon|42/100
|
|-heal|p1a: Weezing|93/100|[from] item: Leftovers
|upkeep
|turn|9
|
|t:|1757819748
|move|p2a: Espeon|Dazzling Gleam|p1a: Weezing
|-supereffective|p1a: Weezing
|-damage|p1a: Weezing|0 fnt
|faint|p1a: Weezing
|-damage|p2a: Espeon|32/100|[from] item: Life Orb
|
|upkeep
|
|t:|1757819756
|switch|p1a: Rhydon|Rhydon, M|100/100
|turn|10
|
|t:|1757819763
|move|p2a: Espeon|Psychic|p1a: Rhydon
|-damage|p1a: Rhydon|2/100
|-damage|p2a: Espeon|22/100|[from] item: Life Orb
|move|p1a: Rhydon|Earthquake|p2a: Espeon
|-damage|p2a: Espeon|0 fnt
|faint|p2a: Espeon
|
|upkeep
|
|t:|1757819768
|switch|p2a: Flareon|Flareon, M, shiny|100/100
|turn|11
|
|t:|1757819773
|move|p2a: Flareon|Quick Attack|p1a: Rhydon
|-resisted|p1a: Rhydon
|-damage|p1a: Rhydon|0 fnt
|faint|p1a: Rhydon
|
|-status|p2a: Flareon|tox|[from] item: Toxic Orb
|upkeep
|
|t:|1757819783
|switch|p1a: Seadra|Seadra, M|100/100
|turn|12
|
|t:|1757819788
|move|p1a: Seadra|Hydro Pump|p2a: Flareon
|-supereffective|p2a: Flareon
|-damage|p2a: Flareon|0 fnt
|faint|p2a: Flareon
|
|upkeep
|
|t:|1757819792
|switch|p2a: Umbreon|Umbreon, M, shiny, tera:Fairy|100/100
|turn|13
|
|t:|1757819795
|move|p1a: Seadra|Hydro Pump|p2a: Umbreon
|-damage|p2a: Umbreon|62/100
|move|p2a: Umbreon|Toxic|p1a: Seadra|[miss]
|-miss|p2a: Umbreon|p1a: Seadra
|
|-heal|p2a: Umbreon|68/100|[from] item: Leftovers
|upkeep
|turn|14
|
|t:|1757819804
|move|p1a: Seadra|Hydro Pump|p2a: Umbreon
|-damage|p2a: Umbreon|27/100
|move|p2a: Umbreon|Toxic|p1a: Seadra
|-status|p1a: Seadra|tox
|
|-heal|p2a: Umbreon|33/100|[from] item: Leftovers
|-damage|p1a: Seadra|95/100 tox|[from] psn
|upkeep
|turn|15
|
|t:|1757819812
|move|p1a: Seadra|Hydro Pump|p2a: Umbreon
|-damage|p2a: Umbreon|0 fnt
|faint|p2a: Umbreon
|
|-damage|p1a: Seadra|83/100 tox|[from] psn
|upkeep
|
|t:|1757819815
|switch|p2a: Glaceon|Glaceon, M, shiny|100/100
|turn|16
|
|t:|1757819819
|move|p1a: Seadra|Hydro Pump|p2a: Glaceon|[miss]
|-miss|p1a: Seadra|p2a: Glaceon
|move|p2a: Glaceon|Freeze-Dry|p1a: Seadra
|-supereffective|p1a: Seadra
|-damage|p1a: Seadra|0 fnt
|faint|p1a: Seadra
|
|upkeep
|
|t:|1757819834
|switch|p1a: Hitmonlee|Hitmonlee, M|100/100
|turn|17
|
|t:|1757819839
|move|p1a: Hitmonlee|Swords Dance|p1a: Hitmonlee
|-boost|p1a: Hitmonlee|atk|2
|move|p2a: Glaceon|Blizzard|p1a: Hitmonlee
|-damage|p1a: Hitmonlee|19/100
|
|upkeep
|turn|18
|
|t:|1757819848
|move|p1a: Hitmonlee|High Jump Kick|p2a: Glaceon
|-supereffective|p2a: Glaceon
|-damage|p2a: Glaceon|0 fnt
|faint|p2a: Glaceon
|-damage|p1a: Hitmonlee|9/100|[from] item: Life Orb
|
|upkeep
|
|t:|1757819850
|switch|p2a: Sylveon|Sylveon, M, shiny|100/100
|turn|19
|
|t:|1757819855
|move|p2a: Sylveon|Quick Attack|p1a: Hitmonlee
|-supereffective|p1a: Hitmonlee
|-damage|p1a: Hitmonlee|0 fnt
|faint|p1a: Hitmonlee
|
|upkeep
|
|t:|1757819859
|switch|p1a: Chansey|Chansey, F|100/100
|turn|20
|
|t:|1757819863
|move|p2a: Sylveon|Calm Mind|p2a: Sylveon
|-boost|p2a: Sylveon|spa|1
|-boost|p2a: Sylveon|spd|1
|move|p1a: Chansey|Thunder Wave|p2a: Sylveon
|-status|p2a: Sylveon|par
|
|upkeep
|turn|21
|
|t:|1757819874
|move|p1a: Chansey|Hyper Beam|p2a: Sylveon|[miss]
|-miss|p1a: Chansey|p2a: Sylveon
|move|p2a: Sylveon|Calm Mind|p2a: Sylveon
|-boost|p2a: Sylveon|spa|1
|-boost|p2a: Sylveon|spd|1
|
|upkeep
|turn|22
|
|t:|1757819879
|move|p1a: Chansey|Hyper Beam|p2a: Sylveon
|-damage|p2a: Sylveon|85/100 par
|-mustrecharge|p1a: Chansey
|cant|p2a: Sylveon|par
|
|upkeep
|turn|23
|
|t:|1757819884
|cant|p1a: Chansey|recharge
|move|p2a: Sylveon|Calm Mind|p2a: Sylveon
|-boost|p2a: Sylveon|spa|1
|-boost|p2a: Sylveon|spd|1
|
|upkeep
|turn|24
|
|t:|1757819890
|move|p1a: Chansey|Endeavor|p2a: Sylveon
|-immune|p2a: Sylveon
|move|p2a: Sylveon|Hyper Voice|p1a: Chansey
|-damage|p1a: Chansey|47/100
|-enditem|p2a: Sylveon|Throat Spray
|-boost|p2a: Sylveon|spa|1|[from] item: Throat Spray
|
|upkeep
|turn|25
|
|t:|1757819899
|move|p1a: Chansey|Endeavor|p2a: Sylveon
|-immune|p2a: Sylveon
|move|p2a: Sylveon|Hyper Voice|p1a: Chansey
|-damage|p1a: Chansey|0 fnt
|faint|p1a: Chansey
|
|win|alvaromoon
|raw|FL27's rating: 1064 &rarr; <strong>1044</strong><br />(-20 for losing)
|raw|alvaromoon's rating: 1061 &rarr; <strong>1092</strong><br />(+31 for winning)
|l|☆FL27
|player|p1|
|l|☆alvaromoon
|player|p2|
