|j|☆redfeatherz
|j|☆phenix336
|t:|1757870873
|gametype|singles
|player|p1|redfeatherz|2|1344
|player|p2|phenix336|pokemaniac|1358
|gen|9
|tier|[Gen 9] OU
|rated|
|rule|HP Percentage Mod: HP is shown in percentages
|rule|Endless Battle Clause: Forcing endless battles is banned
|rule|Species Clause: Limit one of each Pokémon
|rule|OHKO Clause: OHKO moves are banned
|rule|Evasion Items Clause: Evasion items are banned
|rule|Evasion Moves Clause: Evasion moves are banned
|rule|Evasion Abilities Clause: Evasion abilities are banned
|rule|Sleep Moves Clause: Sleep-inducing moves are banned
|clearpoke
|poke|p1|Bombirdier, F|
|poke|p1|Fezandipiti, M|
|poke|p1|Great Tusk|
|poke|p1|Toedscruel, M|
|poke|p1|Skarmory, M|
|poke|p1|Iron Hands|
|poke|p2|Moltres-Galar|
|poke|p2|Great Tusk|
|poke|p2|Iron Moth|
|poke|p2|Araquanid, M|
|poke|p2|Landorus-Therian, M|
|poke|p2|Weavile, M|
|teampreview
|
|t:|1757870883
|teamsize|p1|6
|teamsize|p2|6
|start
|switch|p1a: Bombirdier|Bombirdier, F|100/100
|switch|p2a: Araquanid|Araquanid, M|100/100
|turn|1
|
|t:|1757870889
|move|p1a: Bombirdier|Brave Bird|p2a: Araquanid
|-supereffective|p2a: Araquanid
|-damage|p2a: Araquanid|0 fnt
|faint|p2a: Araquanid
|-damage|p1a: Bombirdier|61/100|[from] Recoil
|
|upkeep
|
|t:|1757870897
|switch|p2a: Weavile|Weavile, M|100/100
|turn|2
|
|t:|1757870905
|switch|p1a: Skarmory|Skarmory, M|100/100
|move|p2a: Weavile|Triple Axel|p1a: Skarmory
|-damage|p1a: Skarmory|95/100
|-damage|p2a: Weavile|84/100|[from] item: Rocky Helmet|[of] p1a: Skarmory
|-ability|p1a: Skarmory|Weak Armor|boost
|-unboost|p1a: Skarmory|def|1
|-boost|p1a: Skarmory|spe|2
|-damage|p1a: Skarmory|79/100
|-damage|p2a: Weavile|68/100|[from] item: Rocky Helmet|[of] p1a: Skarmory
|-ability|p1a: Skarmory|Weak Armor|boost
|-unboost|p1a: Skarmory|def|1
|-boost|p1a: Skarmory|spe|2
|-damage|p1a: Skarmory|41/100
|-damage|p2a: Weavile|51/100|[from] item: Rocky Helmet|[of] p1a: Skarmory
|-ability|p1a: Skarmory|Weak Armor|boost
|-unboost|p1a: Skarmory|def|1
|-boost|p1a: Skarmory|spe|2
|-hitcount|p1a: Skarmory|3
|
|upkeep
|turn|3
|
|t:|1757870925
|move|p1a: Skarmory|Iron Head|p2a: Weavile
|-supereffective|p2a: Weavile
|-damage|p2a: Weavile|0 fnt
|faint|p2a: Weavile
|
|upkeep
|
|t:|1757870929
|switch|p2a: Iron Moth|Iron Moth|100/100
|-enditem|p2a: Iron Moth|Booster Energy
|-activate|p2a: Iron Moth|ability: Quark Drive|[fromitem]
|-start|p2a: Iron Moth|quarkdrivespe
|turn|4
|
|t:|1757870941
|move|p1a: Skarmory|Taunt|p2a: Iron Moth
|-start|p2a: Iron Moth|move: Taunt
|cant|p2a: Iron Moth|move: Taunt|Substitute
|
|upkeep
|turn|5
|
|t:|1757870945
|move|p1a: Skarmory|Iron Head|p2a: Iron Moth
|-resisted|p2a: Iron Moth
|-damage|p2a: Iron Moth|84/100
|cant|p2a: Iron Moth|flinch
|
|upkeep
|turn|6
|
|t:|1757870950
|move|p1a: Skarmory|Iron Head|p2a: Iron Moth
|-resisted|p2a: Iron Moth
|-damage|p2a: Iron Moth|68/100
|move|p2a: Iron Moth|Fiery Dance|p1a: Skarmory
|-supereffective|p1a: Skarmory
|-damage|p1a: Skarmory|0 fnt
|-boost|p2a: Iron Moth|spa|1
|faint|p1a: Skarmory
|
|-end|p2a: Iron Moth|move: Taunt
|upkeep
|
|t:|1757870963
|switch|p1a: Iron Hands|Iron Hands|100/100
|turn|7
|
|t:|1757870974
|move|p2a: Iron Moth|Dazzling Gleam|p1a: Iron Hands
|-supereffective|p1a: Iron Hands
|-damage|p1a: Iron Hands|39/100
|move|p1a: Iron Hands|Thunder Punch|p2a: Iron Moth
|-damage|p2a: Iron Moth|14/100
|
|upkeep
|turn|8
|
|t:|1757870984
|move|p2a: Iron Moth|Dazzling Gleam|p1a: Iron Hands
|-supereffective|p1a: Iron Hands
|-damage|p1a: Iron Hands|0 fnt
|faint|p1a: Iron Hands
|-end|p1a: Iron Hands|Quark Drive|[silent]
|
|upkeep
|
|t:|1757870986
|switch|p1a: Fezandipiti|Fezandipiti, M|100/100
|turn|9
|
|t:|1757870997
|move|p1a: Fezandipiti|Quick Attack|p2a: Iron Moth
|-damage|p2a: Iron Moth|1/100
|move|p2a: Iron Moth|Sludge Wave|p1a: Fezandipiti
|-damage|p1a: Fezandipiti|63/100
|
|upkeep
|turn|10
|
|t:|1757871003
|move|p1a: Fezandipiti|Quick Attack|p2a: Iron Moth
|-crit|p2a: Iron Moth
|-damage|p2a: Iron Moth|0 fnt
|faint|p2a: Iron Moth
|-end|p2a: Iron Moth|Quark Drive|[silent]
|
|upkeep
|
|t:|1757871008
|switch|p2a: Moltres|Moltres-Galar|100/100
|turn|11
|
|t:|1757871015
|-terastallize|p2a: Moltres|Ghost
|move|p1a: Fezandipiti|Moonblast|p2a: Moltres
|-damage|p2a: Moltres|83/100
|-unboost|p2a: Moltres|spa|1
|-status|p2a: Moltres|tox|[from] ability: Toxic Chain|[of] p1a: Fezandipiti
|move|p2a: Moltres|Nasty Plot|p2a: Moltres
|-boost|p2a: Moltres|spa|2
|
|-damage|p2a: Moltres|77/100 tox|[from] psn
|upkeep
|turn|12
|
|t:|1757871028
|move|p1a: Fezandipiti|U-turn|p2a: Moltres
|-resisted|p2a: Moltres
|-damage|p2a: Moltres|70/100 tox
|
|t:|1757871030
|switch|p1a: Bombirdier|Bombirdier, F|61/100|[from] U-turn
|move|p2a: Moltres|Nasty Plot|p2a: Moltres
|-boost|p2a: Moltres|spa|2
|
|-damage|p2a: Moltres|58/100 tox|[from] psn
|upkeep
|turn|13
|
|t:|1757871040
|move|p1a: Bombirdier|Knock Off|p2a: Moltres
|-supereffective|p2a: Moltres
|-damage|p2a: Moltres|0 fnt
|-enditem|p2a: Moltres|Sitrus Berry|[from] move: Knock Off|[of] p1a: Bombirdier
|faint|p2a: Moltres
|
|upkeep
|
|t:|1757871046
|switch|p2a: Landorus|Landorus-Therian, M|100/100
|-ability|p2a: Landorus|Intimidate|boost
|-unboost|p1a: Bombirdier|atk|1
|turn|14
|
|t:|1757871072
|move|p1a: Bombirdier|Knock Off|p2a: Landorus
|-damage|p2a: Landorus|67/100
|-enditem|p2a: Landorus|Soft Sand|[from] move: Knock Off|[of] p1a: Bombirdier
|move|p2a: Landorus|Swords Dance|p2a: Landorus
|-boost|p2a: Landorus|atk|2
|
|upkeep
|turn|15
|
|t:|1757871089
|move|p1a: Bombirdier|Knock Off|p2a: Landorus
|-damage|p2a: Landorus|47/100
|move|p2a: Landorus|Gravity|p2a: Landorus
|-fieldstart|move: Gravity
|
|upkeep
|turn|16
|
|t:|1757871096
|switch|p1a: Toedscruel|Toedscruel, M|100/100
|move|p2a: Landorus|Earthquake|p1a: Toedscruel
|-resisted|p1a: Toedscruel
|-damage|p1a: Toedscruel|8/100
|
|-heal|p1a: Toedscruel|14/100|[from] item: Leftovers
|upkeep
|turn|17
|
|t:|1757871104
|move|p1a: Toedscruel|Leaf Storm|p2a: Landorus
|-damage|p2a: Landorus|0 fnt
|-unboost|p1a: Toedscruel|spa|2
|faint|p2a: Landorus
|
|-heal|p1a: Toedscruel|20/100|[from] item: Leftovers
|upkeep
|
|t:|1757871110
|switch|p2a: Great Tusk|Great Tusk|100/100
|-enditem|p2a: Great Tusk|Booster Energy
|-activate|p2a: Great Tusk|ability: Protosynthesis|[fromitem]
|-start|p2a: Great Tusk|protosynthesisspe
|turn|18
|
|t:|1757871121
|move|p2a: Great Tusk|Rapid Spin|p1a: Toedscruel
|-damage|p1a: Toedscruel|0 fnt
|-boost|p2a: Great Tusk|spe|1
|faint|p1a: Toedscruel
|
|upkeep
|inactive|Battle timer is ON: inactive players will automatically lose when time's up. (requested by phenix336)
|
|t:|1757871154
|switch|p1a: Fezandipiti|Fezandipiti, M|63/100
|turn|19
|
|t:|1757871163
|-terastallize|p1a: Fezandipiti|Normal
|move|p2a: Great Tusk|Bulk Up|p2a: Great Tusk
|-boost|p2a: Great Tusk|atk|1
|-boost|p2a: Great Tusk|def|1
|move|p1a: Fezandipiti|Moonblast|p2a: Great Tusk
|-supereffective|p2a: Great Tusk
|-damage|p2a: Great Tusk|36/100
|
|-fieldend|move: Gravity
|upkeep
|turn|20
|
|t:|1757871176
|move|p1a: Fezandipiti|Quick Attack|p2a: Great Tusk
|-damage|p2a: Great Tusk|31/100
|-status|p2a: Great Tusk|tox|[from] ability: Toxic Chain|[of] p1a: Fezandipiti
|move|p2a: Great Tusk|Headlong Rush|p1a: Fezandipiti
|-damage|p1a: Fezandipiti|0 fnt
|-unboost|p2a: Great Tusk|def|1
|-unboost|p2a: Great Tusk|spd|1
|faint|p1a: Fezandipiti
|
|-damage|p2a: Great Tusk|25/100 tox|[from] psn
|upkeep
|
|t:|1757871185
|switch|p1a: Great Tusk|Great Tusk|100/100
|-enditem|p1a: Great Tusk|Booster Energy
|-activate|p1a: Great Tusk|ability: Protosynthesis|[fromitem]
|-start|p1a: Great Tusk|protosynthesisatk
|turn|21
|
|t:|1757871192
|move|p2a: Great Tusk|Ice Spinner|p1a: Great Tusk
|-supereffective|p1a: Great Tusk
|-damage|p1a: Great Tusk|46/100
|move|p1a: Great Tusk|Ice Spinner|p2a: Great Tusk
|-supereffective|p2a: Great Tusk
|-damage|p2a: Great Tusk|0 fnt
|faint|p2a: Great Tusk
|-end|p2a: Great Tusk|Protosynthesis|[silent]
|
|win|redfeatherz
|raw|redfeatherz's rating: 1344 &rarr; <strong>1365</strong><br />(+21 for winning)
|raw|phenix336's rating: 1358 &rarr; <strong>1337</strong><br />(-21 for losing)
|l|☆phenix336
|player|p2|
|l|☆redfeatherz
|player|p1|
