|j|☆takiyamaalfie
|j|☆Kinggallo
|t:|1757944565
|gametype|singles
|player|p1|takiyamaalfie|2|1131
|player|p2|Kinggallo|silver|1145
|gen|9
|tier|[Gen 9] OU
|rated|
|rule|HP Percentage Mod: HP is shown in percentages
|rule|Endless Battle Clause: Forcing endless battles is banned
|rule|Species Clause: Limit one of each Pokémon
|rule|OHKO Clause: OHKO moves are banned
|rule|Evasion Items Clause: Evasion items are banned
|rule|Evasion Moves Clause: Evasion moves are banned
|rule|Evasion Abilities Clause: Evasion abilities are banned
|rule|Sleep Moves Clause: Sleep-inducing moves are banned
|clearpoke
|poke|p1|Kingambit, F|
|poke|p1|Great Tusk|
|poke|p1|Dragapult, M|
|poke|p1|Iron Valiant|
|poke|p1|Gholdengo|
|poke|p1|Dragonite, M|
|poke|p2|Clefable, F|
|poke|p2|Slowking, F|
|poke|p2|Porygon2|
|poke|p2|Mismagius, F|
|poke|p2|Ursaluna, M|
|poke|p2|Forretress, M|
|teampreview
|
|t:|1757944580
|teamsize|p1|6
|teamsize|p2|6
|start
|switch|p1a: Great Tusk|Great Tusk, shiny|100/100
|switch|p2a: Clefable|Clefable, F|100/100
|turn|1
|
|t:|1757944591
|move|p1a: Great Tusk|Stealth Rock|p2a: Clefable
|-sidestart|p2: Kinggallo|move: Stealth Rock
|move|p2a: Clefable|Stealth Rock|p1a: Great Tusk
|-sidestart|p1: takiyamaalfie|move: Stealth Rock
|
|upkeep
|turn|2
|
|t:|1757944597
|move|p1a: Great Tusk|Rapid Spin|p2a: Clefable
|-damage|p2a: Clefable|88/100
|-boost|p1a: Great Tusk|spe|1
|-sideend|p1: takiyamaalfie|Stealth Rock|[from] move: Rapid Spin|[of] p1a: Great Tusk
|move|p2a: Clefable|Moonblast|p1a: Great Tusk
|-supereffective|p1a: Great Tusk
|-damage|p1a: Great Tusk|12/100
|-unboost|p1a: Great Tusk|spa|1
|
|-heal|p1a: Great Tusk|18/100|[from] item: Leftovers
|-heal|p2a: Clefable|94/100|[from] item: Leftovers
|upkeep
|turn|3
|
|t:|1757944612
|-end|p1a: Great Tusk|Protosynthesis|[silent]
|switch|p1a: Gholdengo|Gholdengo|100/100
|move|p2a: Clefable|Stealth Rock|p1a: Gholdengo
|-sidestart|p1: takiyamaalfie|move: Stealth Rock
|
|-heal|p2a: Clefable|100/100|[from] item: Leftovers
|upkeep
|turn|4
|
|t:|1757944626
|switch|p2a: Porygon2|Porygon2|100/100
|-damage|p2a: Porygon2|88/100|[from] Stealth Rock
|-ability|p2a: Porygon2|Download|boost
|-boost|p2a: Porygon2|atk|1
|move|p1a: Gholdengo|Nasty Plot|p1a: Gholdengo
|-boost|p1a: Gholdengo|spa|2
|
|upkeep
|turn|5
|
|t:|1757944635
|move|p1a: Gholdengo|Nasty Plot|p1a: Gholdengo
|-boost|p1a: Gholdengo|spa|2
|move|p2a: Porygon2|Trick Room|p2a: Porygon2
|-fieldstart|move: Trick Room|[of] p2a: Porygon2
|
|upkeep
|turn|6
|
|t:|1757944645
|-terastallize|p2a: Porygon2|Ghost
|move|p2a: Porygon2|Tera Blast|p1a: Gholdengo|[anim] Tera Blast Ghost
|-supereffective|p1a: Gholdengo
|-crit|p1a: Gholdengo
|-damage|p1a: Gholdengo|11/100
|move|p1a: Gholdengo|Nasty Plot|p1a: Gholdengo
|-boost|p1a: Gholdengo|spa|2
|
|-heal|p1a: Gholdengo|17/100|[from] item: Leftovers
|upkeep
|turn|7
|
|t:|1757944658
|-terastallize|p1a: Gholdengo|Steel
|move|p2a: Porygon2|Tera Blast|p1a: Gholdengo|[anim] Tera Blast Ghost
|-damage|p1a: Gholdengo|0 fnt
|faint|p1a: Gholdengo
|
|upkeep
|
|t:|1757944669
|switch|p1a: Iron Valiant|Iron Valiant|100/100
|-damage|p1a: Iron Valiant|94/100|[from] Stealth Rock
|-enditem|p1a: Iron Valiant|Booster Energy
|-activate|p1a: Iron Valiant|ability: Quark Drive|[fromitem]
|-start|p1a: Iron Valiant|quarkdrivespe
|turn|8
|
|t:|1757944688
|move|p2a: Porygon2|Tera Blast|p1a: Iron Valiant|[anim] Tera Blast Ghost
|-damage|p1a: Iron Valiant|54/100
|move|p1a: Iron Valiant|Knock Off|p2a: Porygon2
|-supereffective|p2a: Porygon2
|-damage|p2a: Porygon2|57/100
|-enditem|p2a: Porygon2|Eviolite|[from] move: Knock Off|[of] p1a: Iron Valiant
|
|upkeep
|turn|9
|
|t:|1757944697
|move|p2a: Porygon2|Recover|p2a: Porygon2
|-heal|p2a: Porygon2|100/100
|move|p1a: Iron Valiant|Knock Off|p2a: Porygon2
|-supereffective|p2a: Porygon2
|-damage|p2a: Porygon2|65/100
|
|-fieldend|move: Trick Room
|upkeep
|turn|10
|
|t:|1757944705
|move|p1a: Iron Valiant|Knock Off|p2a: Porygon2
|-supereffective|p2a: Porygon2
|-damage|p2a: Porygon2|30/100
|move|p2a: Porygon2|Trick Room|p2a: Porygon2
|-fieldstart|move: Trick Room|[of] p2a: Porygon2
|
|upkeep
|turn|11
|
|t:|1757944710
|switch|p2a: Clefable|Clefable, F|100/100
|move|p1a: Iron Valiant|Knock Off|p2a: Clefable
|-resisted|p2a: Clefable
|-damage|p2a: Clefable|91/100
|-enditem|p2a: Clefable|Leftovers|[from] move: Knock Off|[of] p1a: Iron Valiant
|
|upkeep
|turn|12
|
|t:|1757944718
|move|p2a: Clefable|Moonblast|p1a: Iron Valiant
|-supereffective|p1a: Iron Valiant
|-damage|p1a: Iron Valiant|0 fnt
|faint|p1a: Iron Valiant
|-end|p1a: Iron Valiant|Quark Drive|[silent]
|
|upkeep
|
|t:|1757944727
|switch|p1a: Dragapult|Dragapult, M, shiny|100/100
|-damage|p1a: Dragapult|88/100|[from] Stealth Rock
|turn|13
|
|t:|1757944739
|move|p2a: Clefable|Moonblast|p1a: Dragapult
|-supereffective|p1a: Dragapult
|-damage|p1a: Dragapult|0 fnt
|faint|p1a: Dragapult
|
|upkeep
|
|t:|1757944746
|switch|p1a: Dragonite|Dragonite, M|100/100
|turn|14
|
|t:|1757944752
|move|p2a: Clefable|Moonblast|p1a: Dragonite
|-supereffective|p1a: Dragonite
|-damage|p1a: Dragonite|66/100
|move|p1a: Dragonite|Dragon Dance|p1a: Dragonite
|-boost|p1a: Dragonite|atk|1
|-boost|p1a: Dragonite|spe|1
|
|-fieldend|move: Trick Room
|upkeep
|turn|15
|
|t:|1757944761
|move|p1a: Dragonite|Dragon Dance|p1a: Dragonite
|-boost|p1a: Dragonite|atk|1
|-boost|p1a: Dragonite|spe|1
|move|p2a: Clefable|Moonblast|p1a: Dragonite
|-supereffective|p1a: Dragonite
|-crit|p1a: Dragonite
|-damage|p1a: Dragonite|0 fnt
|faint|p1a: Dragonite
|
|upkeep
|
|t:|1757944770
|switch|p1a: Great Tusk|Great Tusk, shiny|18/100
|-damage|p1a: Great Tusk|15/100|[from] Stealth Rock
|turn|16
|
|t:|1757944775
|move|p1a: Great Tusk|Rapid Spin|p2a: Clefable
|-damage|p2a: Clefable|78/100
|-boost|p1a: Great Tusk|spe|1
|-sideend|p1: takiyamaalfie|Stealth Rock|[from] move: Rapid Spin|[of] p1a: Great Tusk
|move|p2a: Clefable|Moonblast|p1a: Great Tusk
|-supereffective|p1a: Great Tusk
|-damage|p1a: Great Tusk|0 fnt
|faint|p1a: Great Tusk
|-end|p1a: Great Tusk|Protosynthesis|[silent]
|
|upkeep
|
|t:|1757944784
|switch|p1a: Kingambit|Kingambit, F, shiny|100/100
|-activate|p1a: Kingambit|ability: Supreme Overlord
|-start|p1a: Kingambit|fallen5|[silent]
|turn|17
|
|t:|1757944790
|switch|p2a: Forretress|Forretress, M|100/100
|-damage|p2a: Forretress|88/100|[from] Stealth Rock
|move|p1a: Kingambit|Swords Dance|p1a: Kingambit
|-boost|p1a: Kingambit|atk|2
|
|-heal|p2a: Forretress|94/100|[from] item: Leftovers
|upkeep
|turn|18
|
|t:|1757944803
|move|p1a: Kingambit|Kowtow Cleave|p2a: Forretress
|-damage|p2a: Forretress|3/100
|move|p2a: Forretress|Body Press|p1a: Kingambit
|-supereffective|p1a: Kingambit
|-damage|p1a: Kingambit|11/100
|
|-heal|p2a: Forretress|9/100|[from] item: Leftovers
|upkeep
|turn|19
|
|t:|1757944814
|move|p1a: Kingambit|Kowtow Cleave|p2a: Forretress
|-damage|p2a: Forretress|0 fnt
|faint|p2a: Forretress
|
|upkeep
|
|t:|1757944817
|switch|p2a: Mismagius|Mismagius, F|100/100
|-damage|p2a: Mismagius|88/100|[from] Stealth Rock
|turn|20
|
|t:|1757944822
|move|p1a: Kingambit|Sucker Punch||[still]
|-fail|p1a: Kingambit
|move|p2a: Mismagius|Trick Room|p2a: Mismagius
|-fieldstart|move: Trick Room|[of] p2a: Mismagius
|
|-heal|p2a: Mismagius|94/100|[from] item: Leftovers
|upkeep
|turn|21
|
|t:|1757944829
|move|p1a: Kingambit|Sucker Punch||[still]
|-fail|p1a: Kingambit
|move|p2a: Mismagius|Destiny Bond|p2a: Mismagius
|-singlemove|p2a: Mismagius|Destiny Bond
|
|-heal|p2a: Mismagius|100/100|[from] item: Leftovers
|upkeep
|turn|22
|
|t:|1757944839
|move|p1a: Kingambit|Kowtow Cleave|p2a: Mismagius
|-supereffective|p2a: Mismagius
|-crit|p2a: Mismagius
|-damage|p2a: Mismagius|0 fnt
|faint|p2a: Mismagius
|-activate|p2a: Mismagius|move: Destiny Bond
|faint|p1a: Kingambit
|-end|p1a: Kingambit|fallen5|[silent]
|
|win|Kinggallo
|raw|takiyamaalfie's rating: 1131 &rarr; <strong>1107</strong><br />(-24 for losing)
|raw|Kinggallo's rating: 1145 &rarr; <strong>1169</strong><br />(+24 for winning)
|l|☆takiyamaalfie
|player|p1|
|l|☆Kinggallo
|player|p2|
|j|☆Kinggallo
|player|p2|Kinggallo|silver|
|l|☆Kinggallo
|player|p2|
