|j|☆meganium275
|j|☆3idk
|t:|1757795568
|gametype|singles
|player|p1|meganium275|volkner|1754
|player|p2|3idk|lusamine-masters|1735
|gen|9
|tier|[Gen 9] OU
|rated|
|rule|HP Percentage Mod: HP is shown in percentages
|rule|Endless Battle Clause: Forcing endless battles is banned
|rule|Species Clause: Limit one of each Pokémon
|rule|OHKO Clause: OHKO moves are banned
|rule|Evasion Items Clause: Evasion items are banned
|rule|Evasion Moves Clause: Evasion moves are banned
|rule|Evasion Abilities Clause: Evasion abilities are banned
|rule|Sleep Moves Clause: Sleep-inducing moves are banned
|clearpoke
|poke|p1|Yanmega, M|
|poke|p1|Glimmora, M|
|poke|p1|Great Tusk|
|poke|p1|Zamazenta-*|
|poke|p1|Kingambit, M|
|poke|p1|Kyurem|
|poke|p2|Tyranitar, M|
|poke|p2|Excadrill, M|
|poke|p2|Keldeo-Resolute|
|poke|p2|Tornadus-Therian, M|
|poke|p2|Heatran, F|
|poke|p2|Hydrapple, M|
|teampreview
|inactive|Battle timer is ON: inactive players will automatically lose when time's up. (requested by meganium275)
|l|☆3idk
|inactive|3idk disconnected and has a minute to reconnect!
|player|p2|
|j| Lonelyenders
|j|☆3idk
|inactive|3idk reconnected and has 130 seconds left.
|player|p2|3idk|lusamine-masters|
|inactive|3idk also wants the timer to be on.
|inactive|3idk has 120 seconds left.
|
|t:|1757795615
|teamsize|p1|6
|teamsize|p2|6
|start
|switch|p1a: Jack Frost|Kyurem|100/100
|switch|p2a: Tyranitar|Tyranitar, M|100/100
|-ability|p1a: Jack Frost|Pressure
|-weather|Sandstorm|[from] ability: Sand Stream|[of] p2a: Tyranitar
|turn|1
|
|t:|1757795644
|switch|p1a: Amazing Tusks|Great Tusk|100/100
|move|p2a: Tyranitar|Knock Off|p1a: Amazing Tusks
|-resisted|p1a: Amazing Tusks
|-damage|p1a: Amazing Tusks|70/100
|-enditem|p1a: Amazing Tusks|Heavy-Duty Boots|[from] move: Knock Off|[of] p2a: Tyranitar
|
|-weather|Sandstorm|[upkeep]
|upkeep
|turn|2
|j| Little Cuack
|
|t:|1757795652
|switch|p2a: Tornadus|Tornadus-Therian, M|100/100
|move|p1a: Amazing Tusks|Ice Spinner|p2a: Tornadus
|-supereffective|p2a: Tornadus
|-damage|p2a: Tornadus|42/100
|
|-weather|Sandstorm|[upkeep]
|-damage|p2a: Tornadus|36/100|[from] Sandstorm
|upkeep
|turn|3
|
|t:|1757795661
|-end|p1a: Amazing Tusks|Protosynthesis|[silent]
|switch|p1a: Shiny Rock|Glimmora, M, shiny|100/100
|move|p2a: Tornadus|U-turn|p1a: Shiny Rock
|-resisted|p1a: Shiny Rock
|-damage|p1a: Shiny Rock|91/100
|-activate|p1a: Shiny Rock|ability: Toxic Debris
|-sidestart|p2: 3idk|move: Toxic Spikes
|-enditem|p1a: Shiny Rock|Red Card|[of] p2a: Tornadus
|drag|p2a: Excadrill|Excadrill, M|100/100
|-item|p2a: Excadrill|Air Balloon
|
|-weather|Sandstorm|[upkeep]
|upkeep
|turn|4
|
|t:|1757795668
|move|p2a: Excadrill|Earthquake|p1a: Shiny Rock
|-supereffective|p1a: Shiny Rock
|-damage|p1a: Shiny Rock|0 fnt
|-activate|p1a: Shiny Rock|ability: Toxic Debris
|-sidestart|p2: 3idk|move: Toxic Spikes
|faint|p1a: Shiny Rock
|
|-weather|Sandstorm|[upkeep]
|upkeep
|
|t:|1757795671
|switch|p1a: Zamazazamazenta|Zamazenta|100/100
|-ability|p1a: Zamazazamazenta|Dauntless Shield|boost
|-boost|p1a: Zamazazamazenta|def|1
|turn|5
|j| angel.cus2
|inactive|3idk has 120 seconds left.
|inactive|3idk has 90 seconds left.
|
|t:|1757795732
|switch|p2a: Tornadus|Tornadus-Therian, M|69/100
|move|p1a: Zamazazamazenta|Body Press|p2a: Tornadus
|-resisted|p2a: Tornadus
|-damage|p2a: Tornadus|37/100
|
|-weather|none
|upkeep
|turn|6
|
|t:|1757795739
|move|p1a: Zamazazamazenta|Body Press|p2a: Tornadus
|-resisted|p2a: Tornadus
|-damage|p2a: Tornadus|7/100
|move|p2a: Tornadus|U-turn|p1a: Zamazazamazenta
|-resisted|p1a: Zamazazamazenta
|-damage|p1a: Zamazazamazenta|97/100
|
|t:|1757795747
|switch|p2a: Hydrapple|Hydrapple, M|100/100|[from] U-turn
|-status|p2a: Hydrapple|tox
|
|-heal|p1a: Zamazazamazenta|100/100|[from] item: Leftovers
|-damage|p2a: Hydrapple|94/100 tox|[from] psn
|upkeep
|turn|7
|
|t:|1757795754
|move|p1a: Zamazazamazenta|Iron Defense|p1a: Zamazazamazenta
|-boost|p1a: Zamazazamazenta|def|2
|move|p2a: Hydrapple|Fickle Beam|p1a: Zamazazamazenta
|-damage|p1a: Zamazazamazenta|71/100
|
|-heal|p1a: Zamazazamazenta|77/100|[from] item: Leftovers
|-damage|p2a: Hydrapple|82/100 tox|[from] psn
|upkeep
|turn|8
|inactive|3idk has 90 seconds left.
|inactive|3idk has 60 seconds left.
|
|t:|1757795811
|-terastallize|p2a: Hydrapple|Fairy
|move|p1a: Zamazazamazenta|Body Press|p2a: Hydrapple
|-resisted|p2a: Hydrapple
|-damage|p2a: Hydrapple|56/100 tox
|-damage|p1a: Zamazazamazenta|60/100|[from] item: Rocky Helmet|[of] p2a: Hydrapple
|move|p2a: Hydrapple|Fickle Beam|p1a: Zamazazamazenta|[anim] Fickle Beam All Out
|-activate|p2a: Hydrapple|move: Fickle Beam
|-damage|p1a: Zamazazamazenta|0 fnt
|faint|p1a: Zamazazamazenta
|
|-damage|p2a: Hydrapple|38/100 tox|[from] psn
|upkeep
|
|t:|1757795822
|switch|p1a: Napoleon|Kingambit, M|100/100
|-activate|p1a: Napoleon|ability: Supreme Overlord
|-start|p1a: Napoleon|fallen2|[silent]
|turn|9
|inactive|3idk has 60 seconds left.
|inactive|3idk has 30 seconds left.
|
|t:|1757795875
|switch|p2a: Keldeo|Keldeo-Resolute|100/100
|-status|p2a: Keldeo|tox
|move|p1a: Napoleon|Kowtow Cleave|p2a: Keldeo
|-resisted|p2a: Keldeo
|-damage|p2a: Keldeo|57/100 tox
|-ability|p2a: Keldeo|Justified|boost
|-boost|p2a: Keldeo|atk|1
|
|-damage|p2a: Keldeo|51/100 tox|[from] psn
|upkeep
|turn|10
|l| Little Cuack
|l| angel.cus2
|
|t:|1757795891
|-end|p1a: Napoleon|fallen2|[silent]
|switch|p1a: Amazing Tusks|Great Tusk|70/100
|move|p2a: Keldeo|Flip Turn|p1a: Amazing Tusks
|-supereffective|p1a: Amazing Tusks
|-damage|p1a: Amazing Tusks|41/100
|inactive|3idk has 30 seconds left.
|inactive|3idk has 20 seconds left.
|inactive|3idk has 15 seconds left.
|inactive|3idk has 10 seconds left.
|
|t:|1757795922
|switch|p2a: Tornadus|Tornadus-Therian, M|40/100|[from] Flip Turn
|
|upkeep
|turn|11
|inactive|3idk has 20 seconds left this turn.
|
|t:|1757795926
|move|p2a: Tornadus|Bleakwind Storm|p1a: Amazing Tusks
|-supereffective|p1a: Amazing Tusks
|-damage|p1a: Amazing Tusks|0 fnt
|faint|p1a: Amazing Tusks
|-end|p1a: Amazing Tusks|Protosynthesis|[silent]
|
|upkeep
|
|t:|1757795929
|switch|p1a: Jack Frost|Kyurem|100/100
|-ability|p1a: Jack Frost|Pressure
|turn|12
|inactive|3idk has 30 seconds left.
|
|t:|1757795935
|move|p2a: Tornadus|U-turn|p1a: Jack Frost
|-damage|p1a: Jack Frost|85/100
|inactive|3idk has 30 seconds left.
|
|t:|1757795940
|switch|p2a: Heatran|Heatran, F|100/100|[from] U-turn
|move|p1a: Jack Frost|Dragon Dance|p1a: Jack Frost
|-boost|p1a: Jack Frost|atk|1
|-boost|p1a: Jack Frost|spe|1
|
|upkeep
|turn|13
|
|t:|1757795946
|move|p1a: Jack Frost|Icicle Spear|p2a: Heatran
|-resisted|p2a: Heatran
|-damage|p2a: Heatran|96/100
|-resisted|p2a: Heatran
|-damage|p2a: Heatran|92/100
|-resisted|p2a: Heatran
|-damage|p2a: Heatran|87/100
|-resisted|p2a: Heatran
|-damage|p2a: Heatran|82/100
|-hitcount|p2a: Heatran|4
|move|p2a: Heatran|Magma Storm|p1a: Jack Frost
|-damage|p1a: Jack Frost|47/100
|-activate|p1a: Jack Frost|move: Magma Storm|[of] p2a: Heatran
|
|-heal|p2a: Heatran|89/100|[from] item: Leftovers
|-damage|p1a: Jack Frost|35/100|[from] move: Magma Storm|[partiallytrapped]
|upkeep
|turn|14
|
|t:|1757795950
|move|p1a: Jack Frost|Scale Shot|p2a: Heatran
|-resisted|p2a: Heatran
|-damage|p2a: Heatran|79/100
|-resisted|p2a: Heatran
|-damage|p2a: Heatran|70/100
|-resisted|p2a: Heatran
|-damage|p2a: Heatran|61/100
|-resisted|p2a: Heatran
|-damage|p2a: Heatran|52/100
|-hitcount|p2a: Heatran|4
|-unboost|p1a: Jack Frost|def|1
|-boost|p1a: Jack Frost|spe|1
|move|p2a: Heatran|Earth Power|p1a: Jack Frost
|-damage|p1a: Jack Frost|8/100
|
|-heal|p2a: Heatran|58/100|[from] item: Leftovers
|-damage|p1a: Jack Frost|0 fnt|[from] move: Magma Storm|[partiallytrapped]
|faint|p1a: Jack Frost
|upkeep
|
|t:|1757795953
|switch|p1a: The Only Mega|Yanmega, M|100/100
|turn|15
|
|t:|1757795958
|-terastallize|p1a: The Only Mega|Ground
|move|p1a: The Only Mega|Tera Blast|p2a: Heatran|[anim] Tera Blast Ground
|-supereffective|p2a: Heatran
|-damage|p2a: Heatran|0 fnt
|faint|p2a: Heatran
|
|-ability|p1a: The Only Mega|Speed Boost|boost
|-boost|p1a: The Only Mega|spe|1
|upkeep
|
|t:|1757795967
|switch|p2a: Tyranitar|Tyranitar, M|100/100
|-status|p2a: Tyranitar|tox
|-weather|Sandstorm|[from] ability: Sand Stream|[of] p2a: Tyranitar
|turn|16
|
|t:|1757795972
|move|p1a: The Only Mega|Protect|p1a: The Only Mega
|-singleturn|p1a: The Only Mega|Protect
|move|p2a: Tyranitar|Knock Off|p1a: The Only Mega
|-activate|p1a: The Only Mega|move: Protect
|
|-weather|Sandstorm|[upkeep]
|-damage|p2a: Tyranitar|94/100 tox|[from] psn
|-ability|p1a: The Only Mega|Speed Boost|boost
|-boost|p1a: The Only Mega|spe|1
|upkeep
|turn|17
|
|t:|1757795980
|move|p1a: The Only Mega|Bug Buzz|p2a: Tyranitar
|-supereffective|p2a: Tyranitar
|-damage|p2a: Tyranitar|32/100 tox
|-enditem|p1a: The Only Mega|Throat Spray
|-boost|p1a: The Only Mega|spa|1|[from] item: Throat Spray
|move|p2a: Tyranitar|Knock Off|p1a: The Only Mega
|-damage|p1a: The Only Mega|34/100
|
|-weather|Sandstorm|[upkeep]
|-damage|p2a: Tyranitar|20/100 tox|[from] psn
|-ability|p1a: The Only Mega|Speed Boost|boost
|-boost|p1a: The Only Mega|spe|1
|upkeep
|turn|18
|
|t:|1757795987
|move|p1a: The Only Mega|Bug Buzz|p2a: Tyranitar
|-supereffective|p2a: Tyranitar
|-damage|p2a: Tyranitar|0 fnt
|faint|p2a: Tyranitar
|
|-weather|Sandstorm|[upkeep]
|-ability|p1a: The Only Mega|Speed Boost|boost
|-boost|p1a: The Only Mega|spe|1
|upkeep
|
|t:|1757795994
|switch|p2a: Tornadus|Tornadus-Therian, M|73/100
|turn|19
|
|t:|1757795998
|move|p1a: The Only Mega|Air Slash|p2a: Tornadus
|-damage|p2a: Tornadus|13/100
|move|p2a: Tornadus|Bleakwind Storm|p1a: The Only Mega
|-damage|p1a: The Only Mega|0 fnt
|faint|p1a: The Only Mega
|
|-weather|Sandstorm|[upkeep]
|-damage|p2a: Tornadus|7/100|[from] Sandstorm
|upkeep
|
|t:|1757796002
|switch|p1a: Napoleon|Kingambit, M|100/100
|-activate|p1a: Napoleon|ability: Supreme Overlord
|-start|p1a: Napoleon|fallen5|[silent]
|turn|20
|
|t:|1757796006
|move|p2a: Tornadus|Taunt|p1a: Napoleon
|-start|p1a: Napoleon|move: Taunt
|cant|p1a: Napoleon|move: Taunt|Swords Dance
|
|-weather|none
|upkeep
|turn|21
|j| 54 insane rats
|
|t:|1757796014
|switch|p2a: Hydrapple|Hydrapple, M, tera:Fairy|72/100 tox
|move|p1a: Napoleon|Sucker Punch||[still]
|-fail|p1a: Napoleon
|
|-damage|p2a: Hydrapple|65/100 tox|[from] psn
|upkeep
|turn|22
|
|t:|1757796022
|move|p1a: Napoleon|Iron Head|p2a: Hydrapple
|-supereffective|p2a: Hydrapple
|-damage|p2a: Hydrapple|0 fnt
|-damage|p1a: Napoleon|84/100|[from] item: Rocky Helmet|[of] p2a: Hydrapple
|faint|p2a: Hydrapple
|
|-end|p1a: Napoleon|move: Taunt
|upkeep
|
|t:|1757796025
|switch|p2a: Keldeo|Keldeo-Resolute|51/100 tox
|turn|23
|
|t:|1757796030
|move|p2a: Keldeo|Vacuum Wave|p1a: Napoleon
|-supereffective|p1a: Napoleon
|-damage|p1a: Napoleon|0 fnt
|faint|p1a: Napoleon
|-end|p1a: Napoleon|fallen5|[silent]
|
|win|3idk
|raw|meganium275's rating: 1754 &rarr; <strong>1734</strong><br />(-20 for losing)
|raw|3idk's rating: 1750 &rarr; <strong>1770</strong><br />(+20 for winning)
|c|☆meganium275|gg
|l|☆meganium275
|player|p1|
|c|☆3idk|gg
|l| 54 insane rats
|l|☆3idk
|player|p2|
