|j|☆guoqiushi
|j|☆noob5445
|t:|1757822926
|gametype|singles
|player|p1|guoqiushi|n|1499
|player|p2|noob5445|hilbert|1438
|gen|9
|tier|[Gen 9] OU
|rated|
|rule|HP Percentage Mod: HP is shown in percentages
|rule|Endless Battle Clause: Forcing endless battles is banned
|rule|Species Clause: Limit one of each Pokémon
|rule|OHKO Clause: OHKO moves are banned
|rule|Evasion Items Clause: Evasion items are banned
|rule|Evasion Moves Clause: Evasion moves are banned
|rule|Evasion Abilities Clause: Evasion abilities are banned
|rule|Sleep Moves Clause: Sleep-inducing moves are banned
|clearpoke
|poke|p1|Scizor, M|
|poke|p1|Landorus-Therian, M|
|poke|p1|Alomomola, F|
|poke|p1|Meowscarada, M|
|poke|p1|Hydreigon, M|
|poke|p1|Dragapult, F|
|poke|p2|Pecharunt|
|poke|p2|Garchomp, M|
|poke|p2|Landorus-Therian, M|
|poke|p2|Iron Treads|
|poke|p2|Kyurem|
|poke|p2|Darkrai|
|teampreview
|inactive|Battle timer is ON: inactive players will automatically lose when time's up. (requested by noob5445)
|
|t:|1757822936
|teamsize|p1|6
|teamsize|p2|6
|start
|switch|p1a: Meowscarada|Meowscarada, M|100/100
|switch|p2a: Pecharunt|Pecharunt|100/100
|turn|1
|
|t:|1757822955
|move|p1a: Meowscarada|Knock Off|p2a: Pecharunt
|-start|p1a: Meowscarada|typechange|Dark|[from] ability: Protean
|-supereffective|p2a: Pecharunt
|-damage|p2a: Pecharunt|56/100
|-enditem|p2a: Pecharunt|Heavy-Duty Boots|[from] move: Knock Off|[of] p1a: Meowscarada
|move|p2a: Pecharunt|Malignant Chain|p1a: Meowscarada
|-damage|p1a: Meowscarada|55/100
|-status|p1a: Meowscarada|tox
|-start|p1a: Meowscarada|confusion|[from] ability: Poison Puppeteer|[of] p2a: Pecharunt
|
|-damage|p1a: Meowscarada|49/100 tox|[from] psn
|upkeep
|turn|2
|
|t:|1757822965
|switch|p1a: Scizor|Scizor, M|100/100
|move|p2a: Pecharunt|Recover|p2a: Pecharunt
|-heal|p2a: Pecharunt|100/100
|
|upkeep
|turn|3
|
|t:|1757822973
|move|p2a: Pecharunt|Shadow Ball|p1a: Scizor
|-damage|p1a: Scizor|73/100
|move|p1a: Scizor|U-turn|p2a: Pecharunt
|-resisted|p2a: Pecharunt
|-damage|p2a: Pecharunt|97/100
|
|t:|1757823000
|switch|p1a: Hydreigon|Hydreigon, M|100/100|[from] U-turn
|
|upkeep
|turn|4
|
|t:|1757823005
|switch|p2a: Iron Treads|Iron Treads|100/100
|move|p1a: Hydreigon|Substitute|p1a: Hydreigon
|-start|p1a: Hydreigon|Substitute
|-damage|p1a: Hydreigon|75/100
|
|-heal|p1a: Hydreigon|82/100|[from] item: Leftovers
|upkeep
|turn|5
|
|t:|1757823013
|move|p2a: Iron Treads|Stealth Rock|p1a: Hydreigon
|-sidestart|p1: guoqiushi|move: Stealth Rock
|move|p1a: Hydreigon|Nasty Plot|p1a: Hydreigon
|-boost|p1a: Hydreigon|spa|2
|
|-heal|p1a: Hydreigon|88/100|[from] item: Leftovers
|upkeep
|turn|6
|
|t:|1757823022
|-end|p2a: Iron Treads|Quark Drive|[silent]
|switch|p2a: Landorus|Landorus-Therian, M|100/100
|-ability|p2a: Landorus|Intimidate|boost
|-immune|p1a: Hydreigon
|move|p1a: Hydreigon|Dark Pulse|p2a: Landorus
|-damage|p2a: Landorus|15/100
|
|-heal|p1a: Hydreigon|94/100|[from] item: Leftovers
|upkeep
|turn|7
|
|t:|1757823031
|-terastallize|p1a: Hydreigon|Fairy
|move|p1a: Hydreigon|Tera Blast|p2a: Landorus|[anim] Tera Blast Fairy
|-damage|p2a: Landorus|0 fnt
|faint|p2a: Landorus
|
|-heal|p1a: Hydreigon|99/100|[from] item: Leftovers
|upkeep
|
|t:|1757823037
|switch|p2a: Darkrai|Darkrai|100/100
|turn|8
|
|t:|1757823040
|-terastallize|p2a: Darkrai|Poison
|move|p2a: Darkrai|Sludge Bomb|p1a: Hydreigon
|-supereffective|p1a: Hydreigon
|-end|p1a: Hydreigon|Substitute
|move|p1a: Hydreigon|Tera Blast|p2a: Darkrai|[anim] Tera Blast Fairy
|-resisted|p2a: Darkrai
|-damage|p2a: Darkrai|51/100
|
|-heal|p1a: Hydreigon|100/100|[from] item: Leftovers
|upkeep
|turn|9
|
|t:|1757823047
|switch|p1a: Scizor|Scizor, M|73/100
|-damage|p1a: Scizor|61/100|[from] Stealth Rock
|move|p2a: Darkrai|Sludge Bomb|p1a: Scizor
|-immune|p1a: Scizor
|
|-heal|p1a: Scizor|67/100|[from] item: Leftovers
|upkeep
|turn|10
|
|t:|1757823053
|switch|p2a: Pecharunt|Pecharunt|97/100
|move|p1a: Scizor|U-turn|p2a: Pecharunt
|-resisted|p2a: Pecharunt
|-damage|p2a: Pecharunt|93/100
|
|t:|1757823056
|switch|p1a: Hydreigon|Hydreigon, M, tera:Fairy|100/100|[from] U-turn
|-damage|p1a: Hydreigon|88/100|[from] Stealth Rock
|
|-heal|p1a: Hydreigon|94/100|[from] item: Leftovers
|upkeep
|turn|11
|
|t:|1757823059
|move|p1a: Hydreigon|Dark Pulse|p2a: Pecharunt
|-supereffective|p2a: Pecharunt
|-damage|p2a: Pecharunt|20/100
|cant|p2a: Pecharunt|flinch
|
|-heal|p1a: Hydreigon|100/100|[from] item: Leftovers
|upkeep
|turn|12
|
|t:|1757823069
|move|p1a: Hydreigon|Dark Pulse|p2a: Pecharunt
|-supereffective|p2a: Pecharunt
|-damage|p2a: Pecharunt|0 fnt
|faint|p2a: Pecharunt
|
|upkeep
|
|t:|1757823076
|switch|p2a: Kyurem|Kyurem|100/100
|-ability|p2a: Kyurem|Pressure
|turn|13
|
|t:|1757823078
|move|p2a: Kyurem|Ice Beam|p1a: Hydreigon
|-damage|p1a: Hydreigon|58/100
|move|p1a: Hydreigon|Tera Blast|p2a: Kyurem|[anim] Tera Blast Fairy
|-supereffective|p2a: Kyurem
|-damage|p2a: Kyurem|36/100
|
|-heal|p1a: Hydreigon|64/100|[from] item: Leftovers
|upkeep
|turn|14
|
|t:|1757823082
|move|p2a: Kyurem|Ice Beam|p1a: Hydreigon
|-damage|p1a: Hydreigon|18/100
|-status|p1a: Hydreigon|frz
|cant|p1a: Hydreigon|frz
|
|-heal|p1a: Hydreigon|24/100 frz|[from] item: Leftovers
|upkeep
|turn|15
|
|t:|1757823086
|move|p2a: Kyurem|Ice Beam|p1a: Hydreigon
|-damage|p1a: Hydreigon|0 fnt
|faint|p1a: Hydreigon
|
|upkeep
|
|t:|1757823090
|switch|p1a: Scizor|Scizor, M|67/100
|-damage|p1a: Scizor|55/100|[from] Stealth Rock
|turn|16
|
|t:|1757823093
|switch|p2a: Iron Treads|Iron Treads|100/100
|move|p1a: Scizor|Bullet Punch|p2a: Iron Treads
|-resisted|p2a: Iron Treads
|-damage|p2a: Iron Treads|88/100
|
|-heal|p2a: Iron Treads|95/100|[from] item: Leftovers
|-heal|p1a: Scizor|61/100|[from] item: Leftovers
|upkeep
|turn|17
|
|t:|1757823096
|switch|p1a: Alomomola|Alomomola, F|100/100
|-damage|p1a: Alomomola|88/100|[from] Stealth Rock
|move|p2a: Iron Treads|Knock Off|p1a: Alomomola
|-damage|p1a: Alomomola|73/100
|-damage|p2a: Iron Treads|78/100|[from] item: Rocky Helmet|[of] p1a: Alomomola
|-enditem|p1a: Alomomola|Rocky Helmet|[from] move: Knock Off|[of] p2a: Iron Treads
|
|-heal|p2a: Iron Treads|84/100|[from] item: Leftovers
|upkeep
|turn|18
|
|t:|1757823103
|move|p2a: Iron Treads|Earthquake|p1a: Alomomola
|-damage|p1a: Alomomola|49/100
|move|p1a: Alomomola|Flip Turn|p2a: Iron Treads
|-supereffective|p2a: Iron Treads
|-damage|p2a: Iron Treads|54/100
|
|t:|1757823110
|switch|p1a: Dragapult|Dragapult, F|100/100|[from] Flip Turn
|-damage|p1a: Dragapult|88/100|[from] Stealth Rock
|
|-heal|p2a: Iron Treads|60/100|[from] item: Leftovers
|upkeep
|turn|19
|
|t:|1757823113
|move|p1a: Dragapult|Shadow Ball|p2a: Iron Treads
|-damage|p2a: Iron Treads|0 fnt
|faint|p2a: Iron Treads
|-end|p2a: Iron Treads|Quark Drive|[silent]
|
|upkeep
|
|t:|1757823117
|switch|p2a: Darkrai|Darkrai, tera:Poison|51/100
|turn|20
|
|t:|1757823124
|switch|p1a: Landorus|Landorus-Therian, M|100/100
|-damage|p1a: Landorus|88/100|[from] Stealth Rock
|-ability|p1a: Landorus|Intimidate|boost
|-unboost|p2a: Darkrai|atk|1
|move|p2a: Darkrai|Dark Pulse|p1a: Landorus
|-damage|p1a: Landorus|33/100
|
|upkeep
|turn|21
|
|t:|1757823135
|move|p2a: Darkrai|Dark Pulse|p1a: Landorus
|-damage|p1a: Landorus|0 fnt
|faint|p1a: Landorus
|
|upkeep
|
|t:|1757823141
|switch|p1a: Scizor|Scizor, M|61/100
|-damage|p1a: Scizor|49/100|[from] Stealth Rock
|turn|22
|
|t:|1757823144
|switch|p2a: Garchomp|Garchomp, M|100/100
|move|p1a: Scizor|Bullet Punch|p2a: Garchomp
|-damage|p2a: Garchomp|73/100
|-damage|p1a: Scizor|37/100|[from] ability: Rough Skin|[of] p2a: Garchomp
|
|-heal|p1a: Scizor|43/100|[from] item: Leftovers
|upkeep
|turn|23
|
|t:|1757823154
|switch|p1a: Alomomola|Alomomola, F|83/100
|-damage|p1a: Alomomola|70/100|[from] Stealth Rock
|move|p2a: Garchomp|Earthquake|p1a: Alomomola
|-damage|p1a: Alomomola|42/100
|
|upkeep
|turn|24
|
|t:|1757823160
|move|p2a: Garchomp|Earthquake|p1a: Alomomola
|-damage|p1a: Alomomola|16/100
|move|p1a: Alomomola|Flip Turn|p2a: Garchomp
|-damage|p2a: Garchomp|55/100
|-damage|p1a: Alomomola|4/100|[from] ability: Rough Skin|[of] p2a: Garchomp
|
|t:|1757823163
|switch|p1a: Meowscarada|Meowscarada, M|49/100 tox|[from] Flip Turn
|-damage|p1a: Meowscarada|37/100 tox|[from] Stealth Rock
|
|-damage|p1a: Meowscarada|31/100 tox|[from] psn
|upkeep
|turn|25
|
|t:|1757823170
|move|p1a: Meowscarada|Triple Axel|p2a: Garchomp
|-start|p1a: Meowscarada|typechange|Ice|[from] ability: Protean
|-supereffective|p2a: Garchomp
|-damage|p2a: Garchomp|18/100
|-damage|p1a: Meowscarada|19/100 tox|[from] ability: Rough Skin|[of] p2a: Garchomp
|-supereffective|p2a: Garchomp
|-damage|p2a: Garchomp|0 fnt
|-damage|p1a: Meowscarada|6/100 tox|[from] ability: Rough Skin|[of] p2a: Garchomp
|faint|p2a: Garchomp
|-hitcount|p2: Garchomp|2
|
|-damage|p1a: Meowscarada|0 fnt|[from] psn
|faint|p1a: Meowscarada
|upkeep
|
|t:|1757823179
|switch|p1a: Scizor|Scizor, M|43/100
|switch|p2a: Darkrai|Darkrai, tera:Poison|51/100
|-damage|p1a: Scizor|31/100|[from] Stealth Rock
|turn|26
|
|t:|1757823184
|move|p1a: Scizor|Bullet Punch|p2a: Darkrai
|-damage|p2a: Darkrai|19/100
|move|p2a: Darkrai|Dark Pulse|p1a: Scizor
|-damage|p1a: Scizor|0 fnt
|faint|p1a: Scizor
|
|upkeep
|
|t:|1757823188
|switch|p1a: Dragapult|Dragapult, F|88/100
|-damage|p1a: Dragapult|76/100|[from] Stealth Rock
|turn|27
|
|t:|1757823191
|move|p2a: Darkrai|Dark Pulse|p1a: Dragapult
|-supereffective|p1a: Dragapult
|-damage|p1a: Dragapult|0 fnt
|faint|p1a: Dragapult
|
|upkeep
|
|t:|1757823193
|switch|p1a: Alomomola|Alomomola, F|37/100
|-damage|p1a: Alomomola|25/100|[from] Stealth Rock
|turn|28
|
|t:|1757823194
|move|p2a: Darkrai|Dark Pulse|p1a: Alomomola
|-damage|p1a: Alomomola|0 fnt
|faint|p1a: Alomomola
|
|win|noob5445
|raw|guoqiushi's rating: 1499 &rarr; <strong>1476</strong><br />(-23 for losing)
|raw|noob5445's rating: 1438 &rarr; <strong>1461</strong><br />(+23 for winning)
|l|☆guoqiushi
|player|p1|
|l|☆noob5445
|player|p2|
