|j|☆kinsword
|j|☆wanghaoling8
|t:|1757910079
|gametype|singles
|player|p1|kinsword|102|1402
|player|p2|wanghaoling8|dawn|1361
|gen|9
|tier|[Gen 9] OU
|rated|
|rule|HP Percentage Mod: HP is shown in percentages
|rule|Endless Battle Clause: Forcing endless battles is banned
|rule|Species Clause: Limit one of each Pokémon
|rule|OHKO Clause: OHKO moves are banned
|rule|Evasion Items Clause: Evasion items are banned
|rule|Evasion Moves Clause: Evasion moves are banned
|rule|Evasion Abilities Clause: Evasion abilities are banned
|rule|Sleep Moves Clause: Sleep-inducing moves are banned
|clearpoke
|poke|p1|Iron Thorns|
|poke|p1|Manaphy|
|poke|p1|Zapdos-Galar|
|poke|p1|Excadrill, F|
|poke|p1|Enamorus-Therian, F|
|poke|p1|Overqwil, F|
|poke|p2|Raging Bolt|
|poke|p2|Great Tusk|
|poke|p2|Serperior, M|
|poke|p2|Lokix, F|
|poke|p2|Hatterene, F|
|poke|p2|Corviknight, F|
|teampreview
|inactive|Battle timer is ON: inactive players will automatically lose when time's up. (requested by wanghaoling8)
|
|t:|1757910090
|teamsize|p1|6
|teamsize|p2|6
|start
|switch|p1a: Zapdos|Zapdos-Galar|100/100
|switch|p2a: Lokix|Lokix, F|100/100
|turn|1
|
|t:|1757910099
|move|p2a: Lokix|First Impression|p1a: Zapdos
|-resisted|p1a: Zapdos
|-damage|p1a: Zapdos|67/100
|move|p1a: Zapdos|Knock Off|p2a: Lokix
|-resisted|p2a: Lokix
|-damage|p2a: Lokix|77/100
|-enditem|p2a: Lokix|Choice Band|[from] move: Knock Off|[of] p1a: Zapdos
|
|upkeep
|turn|2
|
|t:|1757910108
|move|p1a: Zapdos|Knock Off|p2a: Lokix
|-resisted|p2a: Lokix
|-damage|p2a: Lokix|62/100
|move|p2a: Lokix|Knock Off|p1a: Zapdos
|-resisted|p1a: Zapdos
|-damage|p1a: Zapdos|20/100
|-enditem|p1a: Zapdos|Choice Scarf|[from] move: Knock Off|[of] p2a: Lokix
|
|upkeep
|turn|3
|
|t:|1757910116
|move|p1a: Zapdos|Knock Off|p2a: Lokix
|-resisted|p2a: Lokix
|-damage|p2a: Lokix|45/100
|move|p2a: Lokix|U-turn|p1a: Zapdos
|-resisted|p1a: Zapdos
|-damage|p1a: Zapdos|3/100
|
|t:|1757910125
|switch|p2a: Raging Bolt|Raging Bolt|100/100|[from] U-turn
|
|upkeep
|turn|4
|
|t:|1757910130
|switch|p1a: Excadrill|Excadrill, F|100/100
|-ability|p1a: Excadrill|Mold Breaker
|move|p2a: Raging Bolt|Thunderclap||[still]
|-fail|p2a: Raging Bolt
|
|upkeep
|turn|5
|
|t:|1757910138
|switch|p1a: Iron Thorns|Iron Thorns|100/100
|-end|p2a: Raging Bolt|Protosynthesis|[silent]
|switch|p2a: Corviknight|Corviknight, F|100/100
|
|upkeep
|turn|6
|
|t:|1757910147
|switch|p2a: Lokix|Lokix, F|45/100
|move|p1a: Iron Thorns|Ice Punch|p2a: Lokix
|-damage|p2a: Lokix|4/100
|
|upkeep
|turn|7
|
|t:|1757910158
|-end|p1a: Iron Thorns|Quark Drive|[silent]
|switch|p1a: Enamorus|Enamorus-Therian, F|100/100
|move|p2a: Lokix|First Impression|p1a: Enamorus
|-resisted|p1a: Enamorus
|-damage|p1a: Enamorus|83/100
|
|upkeep
|turn|8
|
|t:|1757910166
|move|p2a: Lokix|Knock Off|p1a: Enamorus
|-resisted|p1a: Enamorus
|-damage|p1a: Enamorus|42/100
|-enditem|p1a: Enamorus|Assault Vest|[from] move: Knock Off|[of] p2a: Lokix
|move|p1a: Enamorus|Mystical Fire|p2a: Lokix
|-supereffective|p2a: Lokix
|-damage|p2a: Lokix|0 fnt
|faint|p2a: Lokix
|
|upkeep
|
|t:|1757910173
|switch|p2a: Raging Bolt|Raging Bolt|100/100
|turn|9
|
|t:|1757910181
|move|p2a: Raging Bolt|Dragon Pulse|p1a: Enamorus
|-immune|p1a: Enamorus
|move|p1a: Enamorus|Moonblast|p2a: Raging Bolt
|-supereffective|p2a: Raging Bolt
|-damage|p2a: Raging Bolt|11/100
|
|-heal|p2a: Raging Bolt|17/100|[from] item: Leftovers
|upkeep
|turn|10
|
|t:|1757910193
|-end|p2a: Raging Bolt|Protosynthesis|[silent]
|switch|p2a: Great Tusk|Great Tusk|100/100
|switch|p1a: Excadrill|Excadrill, F|100/100
|-ability|p1a: Excadrill|Mold Breaker
|
|upkeep
|turn|11
|
|t:|1757910202
|switch|p1a: Enamorus|Enamorus-Therian, F|42/100
|move|p2a: Great Tusk|Rapid Spin|p1a: Enamorus
|-damage|p1a: Enamorus|23/100
|-boost|p2a: Great Tusk|spe|1
|
|upkeep
|turn|12
|
|t:|1757910224
|-terastallize|p2a: Great Tusk|Fire
|move|p2a: Great Tusk|Bulk Up|p2a: Great Tusk
|-boost|p2a: Great Tusk|atk|1
|-boost|p2a: Great Tusk|def|1
|move|p1a: Enamorus|Moonblast|p2a: Great Tusk
|-resisted|p2a: Great Tusk
|-damage|p2a: Great Tusk|62/100
|
|-heal|p2a: Great Tusk|68/100|[from] item: Leftovers
|upkeep
|turn|13
|
|t:|1757910235
|move|p2a: Great Tusk|Bulk Up|p2a: Great Tusk
|-boost|p2a: Great Tusk|atk|1
|-boost|p2a: Great Tusk|def|1
|move|p1a: Enamorus|Earth Power|p2a: Great Tusk
|-supereffective|p2a: Great Tusk
|-damage|p2a: Great Tusk|0 fnt
|faint|p2a: Great Tusk
|-end|p2a: Great Tusk|Protosynthesis|[silent]
|
|upkeep
|
|t:|1757910243
|switch|p2a: Raging Bolt|Raging Bolt|17/100
|turn|14
|
|t:|1757910247
|switch|p1a: Excadrill|Excadrill, F|100/100
|-ability|p1a: Excadrill|Mold Breaker
|move|p2a: Raging Bolt|Thunderclap||[still]
|-fail|p2a: Raging Bolt
|
|-heal|p2a: Raging Bolt|23/100|[from] item: Leftovers
|upkeep
|turn|15
|
|t:|1757910257
|-end|p2a: Raging Bolt|Protosynthesis|[silent]
|switch|p2a: Corviknight|Corviknight, F|100/100
|move|p1a: Excadrill|Earthquake|p2a: Corviknight
|-immune|p2a: Corviknight
|
|upkeep
|turn|16
|
|t:|1757910264
|switch|p1a: Overqwil|Overqwil, F|100/100
|-ability|p1a: Overqwil|Intimidate|boost
|-ability|p2a: Corviknight|Mirror Armor
|-unboost|p1a: Overqwil|atk|1
|move|p2a: Corviknight|U-turn|p1a: Overqwil
|-damage|p1a: Overqwil|88/100
|
|t:|1757910274
|switch|p2a: Hatterene|Hatterene, F|100/100|[from] U-turn
|
|-heal|p1a: Overqwil|94/100|[from] item: Leftovers
|upkeep
|turn|17
|
|t:|1757910282
|move|p1a: Overqwil|Gunk Shot|p2a: Hatterene
|-supereffective|p2a: Hatterene
|-damage|p2a: Hatterene|13/100
|move|p2a: Hatterene|Nuzzle|p1a: Overqwil
|-damage|p1a: Overqwil|91/100
|-status|p1a: Overqwil|par
|
|-heal|p1a: Overqwil|97/100 par|[from] item: Leftovers
|-heal|p2a: Hatterene|19/100|[from] item: Leftovers
|upkeep
|turn|18
|
|t:|1757910292
|switch|p2a: Corviknight|Corviknight, F|100/100
|move|p1a: Overqwil|Crunch|p2a: Corviknight
|-damage|p2a: Corviknight|84/100
|-damage|p1a: Overqwil|80/100 par|[from] item: Rocky Helmet|[of] p2a: Corviknight
|
|-heal|p1a: Overqwil|87/100 par|[from] item: Leftovers
|upkeep
|turn|19
|
|t:|1757910305
|switch|p1a: Manaphy|Manaphy|100/100
|move|p2a: Corviknight|Brave Bird|p1a: Manaphy
|-damage|p1a: Manaphy|67/100
|-damage|p2a: Corviknight|73/100|[from] Recoil
|
|-heal|p1a: Manaphy|73/100|[from] item: Leftovers
|upkeep
|turn|20
|
|t:|1757910317
|move|p1a: Manaphy|Surf|p2a: Corviknight
|-damage|p2a: Corviknight|29/100
|move|p2a: Corviknight|U-turn|p1a: Manaphy
|-damage|p1a: Manaphy|61/100
|
|t:|1757910319
|switch|p2a: Serperior|Serperior, M|100/100|[from] U-turn
|
|-heal|p1a: Manaphy|67/100|[from] item: Leftovers
|upkeep
|turn|21
|
|t:|1757910328
|move|p2a: Serperior|Leaf Storm|p1a: Manaphy
|-supereffective|p1a: Manaphy
|-damage|p1a: Manaphy|0 fnt
|-boost|p2a: Serperior|spa|2
|faint|p1a: Manaphy
|
|upkeep
|
|t:|1757910336
|switch|p1a: Zapdos|Zapdos-Galar|3/100
|turn|22
|
|t:|1757910341
|move|p2a: Serperior|Leaf Storm|p1a: Zapdos
|-resisted|p1a: Zapdos
|-damage|p1a: Zapdos|0 fnt
|-boost|p2a: Serperior|spa|2
|faint|p1a: Zapdos
|
|upkeep
|
|t:|1757910352
|switch|p1a: Overqwil|Overqwil, F|87/100 par
|-ability|p1a: Overqwil|Intimidate|boost
|-boost|p2a: Serperior|atk|1
|turn|23
|
|t:|1757910357
|move|p2a: Serperior|Substitute|p2a: Serperior
|-start|p2a: Serperior|Substitute
|-damage|p2a: Serperior|75/100
|move|p1a: Overqwil|Toxic||[still]
|-fail|p1a: Overqwil
|
|-heal|p2a: Serperior|82/100|[from] item: Leftovers
|-heal|p1a: Overqwil|93/100 par|[from] item: Leftovers
|upkeep
|turn|24
|
|t:|1757910365
|move|p2a: Serperior|Leaf Storm|p1a: Overqwil
|-resisted|p1a: Overqwil
|-damage|p1a: Overqwil|9/100 par
|-boost|p2a: Serperior|spa|2
|move|p1a: Overqwil|Crunch|p2a: Serperior
|-end|p2a: Serperior|Substitute
|
|-heal|p2a: Serperior|88/100|[from] item: Leftovers
|-heal|p1a: Overqwil|15/100 par|[from] item: Leftovers
|upkeep
|turn|25
|
|t:|1757910376
|move|p2a: Serperior|Giga Drain|p1a: Overqwil
|-resisted|p1a: Overqwil
|-damage|p1a: Overqwil|0 fnt
|-heal|p2a: Serperior|97/100|[from] drain|[of] p1a: Overqwil
|faint|p1a: Overqwil
|
|-heal|p2a: Serperior|100/100|[from] item: Leftovers
|upkeep
|
|t:|1757910384
|switch|p1a: Iron Thorns|Iron Thorns|100/100
|turn|26
|
|t:|1757910390
|-terastallize|p1a: Iron Thorns|Grass
|move|p2a: Serperior|Giga Drain|p1a: Iron Thorns
|-resisted|p1a: Iron Thorns
|-damage|p1a: Iron Thorns|35/100
|move|p1a: Iron Thorns|Dragon Dance|p1a: Iron Thorns
|-boost|p1a: Iron Thorns|atk|1
|-boost|p1a: Iron Thorns|spe|1
|
|upkeep
|turn|27
|
|t:|1757910399
|move|p1a: Iron Thorns|Rock Blast|p2a: Serperior
|-damage|p2a: Serperior|75/100
|-damage|p2a: Serperior|47/100
|-damage|p2a: Serperior|20/100
|-damage|p2a: Serperior|0 fnt
|faint|p2a: Serperior
|-hitcount|p2: Serperior|4
|
|upkeep
|
|t:|1757910404
|switch|p2a: Corviknight|Corviknight, F|29/100
|turn|28
|
|t:|1757910410
|move|p1a: Iron Thorns|Rock Blast|p2a: Corviknight
|-damage|p2a: Corviknight|16/100
|-damage|p2a: Corviknight|3/100
|-damage|p2a: Corviknight|0 fnt
|faint|p2a: Corviknight
|-hitcount|p2: Corviknight|3
|
|upkeep
|-message|wanghaoling8 forfeited.
|
|win|kinsword
|raw|kinsword's rating: 1402 &rarr; <strong>1420</strong><br />(+18 for winning)
|raw|wanghaoling8's rating: 1361 &rarr; <strong>1343</strong><br />(-18 for losing)
|l|☆wanghaoling8
|player|p2|
|l|☆kinsword
|player|p1|
