|j|☆Drakesaurus
|j|☆capitolg
|t:|1757843747
|gametype|singles
|player|p1|Drakesaurus|brycen|1151
|player|p2|capitolg|bellelba|1174
|gen|9
|tier|[Gen 9] OU
|rated|
|rule|HP Percentage Mod: HP is shown in percentages
|rule|Endless Battle Clause: Forcing endless battles is banned
|rule|Species Clause: Limit one of each Pokémon
|rule|OHKO Clause: OHKO moves are banned
|rule|Evasion Items Clause: Evasion items are banned
|rule|Evasion Moves Clause: Evasion moves are banned
|rule|Evasion Abilities Clause: Evasion abilities are banned
|rule|Sleep Moves Clause: Sleep-inducing moves are banned
|clearpoke
|poke|p1|Alomomola, M|
|poke|p1|Dragonite, M|
|poke|p1|Gholdengo|
|poke|p1|Garchomp, M|
|poke|p1|Scizor, M|
|poke|p1|Toxapex, M|
|poke|p2|Vikavolt, M|
|poke|p2|Articuno-Galar|
|poke|p2|Smeargle, F|
|poke|p2|Empoleon, M|
|poke|p2|Passimian, M|
|poke|p2|Dusknoir, F|
|teampreview
|
|t:|1757843759
|teamsize|p1|6
|teamsize|p2|6
|start
|switch|p1a: Toxapex|Toxapex, M|100/100
|switch|p2a: Vikavolt|Vikavolt, M|100/100
|turn|1
|
|t:|1757843771
|move|p2a: Vikavolt|Discharge|p1a: Toxapex
|-supereffective|p1a: Toxapex
|-damage|p1a: Toxapex|39/100
|move|p1a: Toxapex|Toxic|p2a: Vikavolt
|-status|p2a: Vikavolt|tox
|
|-damage|p2a: Vikavolt|94/100 tox|[from] psn
|upkeep
|turn|2
|
|t:|1757843780
|switch|p1a: Garchomp|Garchomp, M|100/100
|move|p2a: Vikavolt|Sticky Web|p1a: Garchomp
|-sidestart|p1: Drakesaurus|move: Sticky Web
|
|-damage|p2a: Vikavolt|82/100 tox|[from] psn
|upkeep
|turn|3
|
|t:|1757843786
|move|p1a: Garchomp|Stealth Rock|p2a: Vikavolt
|-sidestart|p2: capitolg|move: Stealth Rock
|move|p2a: Vikavolt|Energy Ball|p1a: Garchomp
|-damage|p1a: Garchomp|65/100
|-unboost|p1a: Garchomp|spd|1
|
|-damage|p2a: Vikavolt|64/100 tox|[from] psn
|upkeep
|turn|4
|
|t:|1757843809
|switch|p1a: Dragonite|Dragonite, M|100/100
|move|p2a: Vikavolt|Energy Ball|p1a: Dragonite
|-resisted|p1a: Dragonite
|-damage|p1a: Dragonite|96/100
|-unboost|p1a: Dragonite|spd|1
|
|-damage|p2a: Vikavolt|40/100 tox|[from] psn
|upkeep
|turn|5
|
|t:|1757843819
|switch|p1a: Garchomp|Garchomp, M|65/100
|-activate|p1a: Garchomp|move: Sticky Web
|-unboost|p1a: Garchomp|spe|1
|move|p2a: Vikavolt|Discharge|p1a: Garchomp
|-immune|p1a: Garchomp
|
|-damage|p2a: Vikavolt|9/100 tox|[from] psn
|upkeep
|turn|6
|
|t:|1757843840
|switch|p1a: Scizor|Scizor, M|100/100
|-activate|p1a: Scizor|move: Sticky Web
|-unboost|p1a: Scizor|spe|1
|move|p2a: Vikavolt|Bug Buzz|p1a: Scizor
|-resisted|p1a: Scizor
|-damage|p1a: Scizor|68/100
|
|-damage|p2a: Vikavolt|0 fnt|[from] psn
|faint|p2a: Vikavolt
|upkeep
|
|t:|1757843843
|switch|p2a: Smeargle|Smeargle, F|100/100
|-damage|p2a: Smeargle|88/100|[from] Stealth Rock
|turn|7
|
|t:|1757843855
|move|p2a: Smeargle|Court Change|p2a: Smeargle
|-swapsideconditions
|-activate|p2a: Smeargle|move: Court Change
|move|p1a: Scizor|Knock Off|p2a: Smeargle
|-damage|p2a: Smeargle|0 fnt
|-enditem|p2a: Smeargle|Focus Sash|[from] move: Knock Off|[of] p1a: Scizor
|faint|p2a: Smeargle
|-damage|p1a: Scizor|58/100|[from] item: Life Orb
|
|upkeep
|
|t:|1757843860
|switch|p2a: Dusknoir|Dusknoir, F|100/100
|-activate|p2a: Dusknoir|move: Sticky Web
|-unboost|p2a: Dusknoir|spe|1
|-item|p1a: Scizor|Life Orb|[from] ability: Frisk|[of] p2a: Dusknoir
|turn|8
|
|t:|1757843868
|move|p1a: Scizor|Knock Off|p2a: Dusknoir
|-supereffective|p2a: Dusknoir
|-damage|p2a: Dusknoir|15/100
|-enditem|p2a: Dusknoir|Weakness Policy
|-boost|p2a: Dusknoir|atk|2|[from] item: Weakness Policy
|-boost|p2a: Dusknoir|spa|2|[from] item: Weakness Policy
|-damage|p1a: Scizor|48/100|[from] item: Life Orb
|move|p2a: Dusknoir|Trick Room|p2a: Dusknoir
|-fieldstart|move: Trick Room|[of] p2a: Dusknoir
|
|upkeep
|turn|9
|
|t:|1757843896
|move|p1a: Scizor|Bullet Punch|p2a: Dusknoir
|-damage|p2a: Dusknoir|0 fnt
|faint|p2a: Dusknoir
|-damage|p1a: Scizor|38/100|[from] item: Life Orb
|
|upkeep
|
|t:|1757843908
|switch|p2a: Passimian|Passimian, M|100/100
|-activate|p2a: Passimian|move: Sticky Web
|-unboost|p2a: Passimian|spe|1
|-ability|p2a: Passimian|Defiant|boost
|-boost|p2a: Passimian|atk|2
|turn|10
|inactive|Battle timer is ON: inactive players will automatically lose when time's up. (requested by capitolg)
|
|t:|1757843926
|switch|p1a: Alomomola|Alomomola, M|100/100
|move|p2a: Passimian|Drain Punch|p1a: Alomomola
|-damage|p1a: Alomomola|62/100
|
|upkeep
|turn|11
|
|t:|1757843945
|move|p1a: Alomomola|Protect|p1a: Alomomola
|-singleturn|p1a: Alomomola|Protect
|move|p2a: Passimian|Earthquake|p1a: Alomomola
|-activate|p1a: Alomomola|move: Protect
|
|upkeep
|turn|12
|
|t:|1757843961
|move|p1a: Alomomola|Wish|p1a: Alomomola
|move|p2a: Passimian|Earthquake|p1a: Alomomola
|-crit|p1a: Alomomola
|-damage|p1a: Alomomola|8/100
|
|-fieldend|move: Trick Room
|upkeep
|turn|13
|
|t:|1757843967
|switch|p2a: Articuno|Articuno-Galar|100/100
|-activate|p2a: Articuno|move: Sticky Web
|-unboost|p2a: Articuno|spe|1
|-ability|p2a: Articuno|Competitive|boost
|-boost|p2a: Articuno|spa|2
|move|p1a: Alomomola|Protect||[still]
|-fail|p1a: Alomomola
|
|-heal|p1a: Alomomola|58/100|[from] move: Wish|[wisher] Alomomola
|upkeep
|turn|14
|
|t:|1757843981
|move|p1a: Alomomola|Wish|p1a: Alomomola
|move|p2a: Articuno|Trick Room|p2a: Articuno
|-fieldstart|move: Trick Room|[of] p2a: Articuno
|
|upkeep
|turn|15
|
|t:|1757843990
|move|p2a: Articuno|Freezing Glare|p1a: Alomomola
|-damage|p1a: Alomomola|0 fnt
|faint|p1a: Alomomola
|
|upkeep
|
|t:|1757844008
|switch|p1a: Scizor|Scizor, M|38/100
|-damage|p1a: Scizor|26/100|[from] Stealth Rock
|turn|16
|
|t:|1757844013
|move|p2a: Articuno|Freezing Glare|p1a: Scizor
|-resisted|p1a: Scizor
|-damage|p1a: Scizor|0 fnt
|faint|p1a: Scizor
|
|upkeep
|
|t:|1757844025
|switch|p1a: Gholdengo|Gholdengo|100/100
|-damage|p1a: Gholdengo|94/100|[from] Stealth Rock
|-item|p1a: Gholdengo|Air Balloon
|turn|17
|
|t:|1757844033
|move|p2a: Articuno|Shadow Ball|p1a: Gholdengo
|-supereffective|p1a: Gholdengo
|-damage|p1a: Gholdengo|0 fnt
|-enditem|p1a: Gholdengo|Air Balloon
|faint|p1a: Gholdengo
|
|upkeep
|
|t:|1757844042
|switch|p1a: Toxapex|Toxapex, M|72/100
|turn|18
|
|t:|1757844051
|move|p2a: Articuno|Freezing Glare|p1a: Toxapex
|-supereffective|p1a: Toxapex
|-damage|p1a: Toxapex|0 fnt
|faint|p1a: Toxapex
|
|-fieldend|move: Trick Room
|upkeep
|
|t:|1757844060
|switch|p1a: Dragonite|Dragonite, M|96/100
|turn|19
|
|t:|1757844078
|move|p1a: Dragonite|Extreme Speed|p2a: Articuno
|-damage|p2a: Articuno|70/100
|move|p2a: Articuno|Freezing Glare|p1a: Dragonite
|-damage|p1a: Dragonite|0 fnt
|faint|p1a: Dragonite
|
|upkeep
|
|t:|1757844085
|switch|p1a: Garchomp|Garchomp, M|65/100
|-damage|p1a: Garchomp|59/100|[from] Stealth Rock
|turn|20
|
|t:|1757844093
|move|p1a: Garchomp|Scale Shot|p2a: Articuno|[miss]
|-miss|p1a: Garchomp|p2a: Articuno
|move|p2a: Articuno|Trick Room|p2a: Articuno
|-fieldstart|move: Trick Room|[of] p2a: Articuno
|
|upkeep
|turn|21
|
|t:|1757844098
|move|p2a: Articuno|Freezing Glare|p1a: Garchomp
|-damage|p1a: Garchomp|0 fnt
|faint|p1a: Garchomp
|
|win|capitolg
|raw|Drakesaurus's rating: 1151 &rarr; <strong>1128</strong><br />(-23 for losing)
|raw|capitolg's rating: 1174 &rarr; <strong>1197</strong><br />(+23 for winning)
|l|☆Drakesaurus
|player|p1|
|l|☆capitolg
|player|p2|
