|inactive|Battle timer is ON: inactive players will automatically lose when time's up.
|t:|1757856544
|gametype|singles
|player|p1|clean|#scl5machines2|
|player|p2|kebab mlml|#scl5breakers|
|gen|9
|tier|[Gen 9] OU
|rule|HP Percentage Mod: HP is shown in percentages
|rule|Endless Battle Clause: Forcing endless battles is banned
|rule|Species Clause: Limit one of each Pokémon
|rule|OHKO Clause: OHKO moves are banned
|rule|Evasion Items Clause: Evasion items are banned
|rule|Evasion Moves Clause: Evasion moves are banned
|rule|Evasion Abilities Clause: Evasion abilities are banned
|rule|Sleep Moves Clause: Sleep-inducing moves are banned
|clearpoke
|poke|p1|Pecharunt|
|poke|p1|Zamazenta-*|
|poke|p1|Gliscor, M|
|poke|p1|Cinderace, F|
|poke|p1|Rillaboom, F|
|poke|p1|Kingambit, F|
|poke|p2|Zamazenta-*|
|poke|p2|Dudunsparce-*, M|
|poke|p2|Great Tusk|
|poke|p2|Dragonite, F|
|poke|p2|Ogerpon-Wellspring, F|
|poke|p2|Gholdengo|
|teampreview
|inactive|clean also wants the timer to be on.
|c|☆kebab mlml|hf
|c|☆clean|u2
|c|+0ne last kiss♪|Wolf pack.
|inactive|clean has 270 seconds left.
|inactive|clean has 240 seconds left.
|inactive|kebab mlml has 270 seconds left.
|inactive|clean has 210 seconds left.
|inactive|clean has 180 seconds left.
|
|t:|1757856678
|teamsize|p1|6
|teamsize|p2|6
|start
|switch|p1a: Sparks|Kingambit, F|100/100
|switch|p2a: Gholdengo|Gholdengo|100/100
|turn|1
|inactive|kebab mlml has 270 seconds left.
|inactive|kebab mlml has 240 seconds left.
|
|t:|1757856739
|switch|p2a: Great Tusk|Great Tusk|100/100
|-end|p1a: Sparks|fallenundefined|[silent]
|switch|p1a: Bluebird|Cinderace, F|100/100
|
|upkeep
|turn|2
|inactive|clean has 210 seconds left.
|rated|Smogon Champions League
|
|t:|1757856768
|move|p1a: Bluebird|Will-O-Wisp|p2a: Great Tusk
|-status|p2a: Great Tusk|brn
|move|p2a: Great Tusk|Headlong Rush|p1a: Bluebird
|-supereffective|p1a: Bluebird
|-damage|p1a: Bluebird|25/100
|-unboost|p2a: Great Tusk|def|1
|-unboost|p2a: Great Tusk|spd|1
|
|-damage|p2a: Great Tusk|94/100 brn|[from] brn
|upkeep
|turn|3
|inactive|clean has 210 seconds left.
|inactive|kebab mlml has 240 seconds left.
|
|t:|1757856794
|move|p1a: Bluebird|U-turn|p2a: Great Tusk
|-resisted|p2a: Great Tusk
|-damage|p2a: Great Tusk|85/100 brn
|
|t:|1757856797
|switch|p1a: Levitation|Gliscor, M|100/100|[from] U-turn
|move|p2a: Great Tusk|Headlong Rush|p1a: Levitation
|-immune|p1a: Levitation
|
|-damage|p2a: Great Tusk|79/100 brn|[from] brn
|-status|p1a: Levitation|tox|[from] item: Toxic Orb
|upkeep
|turn|4
|inactive|kebab mlml has 240 seconds left.
|
|t:|1757856809
|-end|p2a: Great Tusk|Protosynthesis|[silent]
|switch|p2a: Dudunsparce|Dudunsparce-Three-Segment, M, shiny|100/100
|move|p1a: Levitation|Stealth Rock|p2a: Dudunsparce
|-sidestart|p2: kebab mlml|move: Stealth Rock
|
|upkeep
|turn|5
|inactive|clean has 210 seconds left.
|
|t:|1757856820
|move|p1a: Levitation|Toxic|p2a: Dudunsparce
|-status|p2a: Dudunsparce|tox
|move|p2a: Dudunsparce|Stealth Rock|p1a: Levitation
|-sidestart|p1: clean|move: Stealth Rock
|
|-damage|p2a: Dudunsparce|94/100 tox|[from] psn
|upkeep
|turn|6
|inactive|clean has 210 seconds left.
|inactive|kebab mlml has 240 seconds left.
|
|t:|1757856839
|switch|p2a: Ogerpon|Ogerpon-Wellspring, F|100/100
|-damage|p2a: Ogerpon|88/100|[from] Stealth Rock
|move|p1a: Levitation|Protect||[still]
|-fail|p1a: Levitation
|
|upkeep
|turn|7
|inactive|clean has 210 seconds left.
|
|t:|1757856851
|switch|p1a: 10:37|Rillaboom, F|100/100
|-damage|p1a: 10:37|88/100|[from] Stealth Rock
|-fieldstart|move: Grassy Terrain|[from] ability: Grassy Surge|[of] p1a: 10:37
|move|p2a: Ogerpon|Ivy Cudgel|p1a: 10:37|[anim] Ivy Cudgel Water
|-resisted|p1a: 10:37
|-damage|p1a: 10:37|60/100
|
|-heal|p1a: 10:37|66/100|[from] Grassy Terrain
|-heal|p2a: Ogerpon|94/100|[from] Grassy Terrain
|upkeep
|turn|8
|inactive|clean has 210 seconds left.
|inactive|kebab mlml has 240 seconds left.
|inactive|clean has 180 seconds left.
|
|t:|1757856893
|switch|p2a: Gholdengo|Gholdengo|100/100
|-damage|p2a: Gholdengo|94/100|[from] Stealth Rock
|move|p1a: 10:37|U-turn|p2a: Gholdengo
|-resisted|p2a: Gholdengo
|-damage|p2a: Gholdengo|88/100
|
|t:|1757856917
|switch|p1a: Sparks|Kingambit, F|100/100|[from] U-turn
|-damage|p1a: Sparks|94/100|[from] Stealth Rock
|
|-heal|p2a: Gholdengo|94/100|[from] Grassy Terrain
|-heal|p1a: Sparks|100/100|[from] Grassy Terrain
|upkeep
|turn|9
|inactive|kebab mlml has 210 seconds left.
|
|t:|1757856970
|switch|p2a: Zamazenta|Zamazenta|100/100
|-damage|p2a: Zamazenta|94/100|[from] Stealth Rock
|-ability|p2a: Zamazenta|Dauntless Shield|boost
|-boost|p2a: Zamazenta|def|1
|move|p1a: Sparks|Swords Dance|p1a: Sparks
|-boost|p1a: Sparks|atk|2
|
|-heal|p2a: Zamazenta|100/100|[from] Grassy Terrain
|upkeep
|turn|10
|
|t:|1757856985
|-end|p1a: Sparks|fallenundefined|[silent]
|switch|p1a: Levitation|Gliscor, M|100/100 tox
|-damage|p1a: Levitation|88/100 tox|[from] Stealth Rock
|move|p2a: Zamazenta|Roar|p1a: Levitation
|drag|p1a: Sparks|Kingambit, F|100/100
|-damage|p1a: Sparks|94/100|[from] Stealth Rock
|
|-heal|p1a: Sparks|100/100|[from] Grassy Terrain
|upkeep
|turn|11
|
|t:|1757856996
|-end|p1a: Sparks|fallenundefined|[silent]
|switch|p1a: Space Song|Pecharunt|100/100
|move|p2a: Zamazenta|Roar|p1a: Space Song
|drag|p1a: 10:37|Rillaboom, F|66/100
|-damage|p1a: 10:37|54/100|[from] Stealth Rock
|
|-heal|p1a: 10:37|60/100|[from] Grassy Terrain
|-fieldend|move: Grassy Terrain
|upkeep
|turn|12
|
|t:|1757857010
|switch|p1a: Space Song|Pecharunt|100/100
|move|p2a: Zamazenta|Roar|p1a: Space Song
|drag|p1a: Levitation|Gliscor, M|88/100 tox
|-damage|p1a: Levitation|75/100 tox|[from] Stealth Rock
|
|-heal|p1a: Levitation|88/100 tox|[from] ability: Poison Heal
|upkeep
|turn|13
|
|t:|1757857027
|switch|p2a: Great Tusk|Great Tusk|79/100 brn
|-damage|p2a: Great Tusk|75/100 brn|[from] Stealth Rock
|move|p1a: Levitation|Toxic|p2a: Great Tusk|[miss]
|-miss|p1a: Levitation|p2a: Great Tusk
|
|-heal|p1a: Levitation|100/100 tox|[from] ability: Poison Heal
|-damage|p2a: Great Tusk|69/100 brn|[from] brn
|upkeep
|turn|14
|
|t:|1757857046
|-end|p2a: Great Tusk|Protosynthesis|[silent]
|switch|p2a: Ogerpon|Ogerpon-Wellspring, F|94/100
|-damage|p2a: Ogerpon|82/100|[from] Stealth Rock
|move|p1a: Levitation|Earthquake|p2a: Ogerpon
|-resisted|p2a: Ogerpon
|-damage|p2a: Ogerpon|64/100
|
|upkeep
|turn|15
|inactive|clean has 180 seconds left.
|
|t:|1757857054
|switch|p1a: 10:37|Rillaboom, F|60/100
|-damage|p1a: 10:37|48/100|[from] Stealth Rock
|-fieldstart|move: Grassy Terrain|[from] ability: Grassy Surge|[of] p1a: 10:37
|move|p2a: Ogerpon|Ivy Cudgel|p1a: 10:37|[anim] Ivy Cudgel Water
|-resisted|p1a: 10:37
|-damage|p1a: 10:37|20/100
|
|-heal|p1a: 10:37|26/100|[from] Grassy Terrain
|-heal|p2a: Ogerpon|70/100|[from] Grassy Terrain
|upkeep
|turn|16
|inactive|kebab mlml has 180 seconds left.
|
|t:|1757857101
|switch|p2a: Gholdengo|Gholdengo|94/100
|-damage|p2a: Gholdengo|88/100|[from] Stealth Rock
|move|p1a: 10:37|Wood Hammer|p2a: Gholdengo
|-resisted|p2a: Gholdengo
|-damage|p2a: Gholdengo|40/100
|-damage|p1a: 10:37|12/100|[from] Recoil
|
|-heal|p1a: 10:37|18/100|[from] Grassy Terrain
|-heal|p2a: Gholdengo|46/100|[from] Grassy Terrain
|upkeep
|turn|17
|
|t:|1757857110
|move|p1a: 10:37|Wood Hammer|p2a: Gholdengo
|-resisted|p2a: Gholdengo
|-crit|p2a: Gholdengo
|-damage|p2a: Gholdengo|0 fnt
|faint|p2a: Gholdengo
|-damage|p1a: 10:37|4/100|[from] Recoil
|
|-heal|p1a: 10:37|10/100|[from] Grassy Terrain
|upkeep
|inactive|kebab mlml has 150 seconds left.
|
|t:|1757857148
|switch|p2a: Dragonite|Dragonite, F|100/100
|-damage|p2a: Dragonite|76/100|[from] Stealth Rock
|turn|18
|
|t:|1757857172
|switch|p1a: Levitation|Gliscor, M|100/100 tox
|-damage|p1a: Levitation|88/100 tox|[from] Stealth Rock
|move|p2a: Dragonite|Roost|p2a: Dragonite
|-heal|p2a: Dragonite|100/100
|-singleturn|p2a: Dragonite|move: Roost
|
|-heal|p1a: Levitation|100/100 tox|[from] ability: Poison Heal
|upkeep
|turn|19
|
|t:|1757857178
|switch|p2a: Great Tusk|Great Tusk|69/100 brn
|-damage|p2a: Great Tusk|66/100 brn|[from] Stealth Rock
|move|p1a: Levitation|Toxic||[still]
|-fail|p1a: Levitation
|
|-heal|p2a: Great Tusk|72/100 brn|[from] Grassy Terrain
|-damage|p2a: Great Tusk|66/100 brn|[from] brn
|-fieldend|move: Grassy Terrain
|upkeep
|turn|20
|inactive|kebab mlml has 150 seconds left.
|inactive|kebab mlml has 120 seconds left.
|
|t:|1757857225
|switch|p1a: Space Song|Pecharunt|100/100
|move|p2a: Great Tusk|Headlong Rush|p1a: Space Song
|-supereffective|p1a: Space Song
|-damage|p1a: Space Song|66/100
|-unboost|p2a: Great Tusk|def|1
|-unboost|p2a: Great Tusk|spd|1
|
|-damage|p2a: Great Tusk|60/100 brn|[from] brn
|upkeep
|turn|21
|
|t:|1757857235
|-end|p2a: Great Tusk|Protosynthesis|[silent]
|switch|p2a: Dudunsparce|Dudunsparce-Three-Segment, M, shiny|94/100 tox
|-damage|p2a: Dudunsparce|82/100 tox|[from] Stealth Rock
|move|p1a: Space Song|Recover|p1a: Space Song
|-heal|p1a: Space Song|100/100
|
|-damage|p2a: Dudunsparce|76/100 tox|[from] psn
|upkeep
|turn|22
|inactive|kebab mlml has 120 seconds left.
|
|t:|1757857252
|switch|p1a: 10:37|Rillaboom, F|10/100
|-damage|p1a: 10:37|0 fnt|[from] Stealth Rock
|faint|p1a: 10:37
|move|p2a: Dudunsparce|Boomburst|p1: 10:37|[notarget]
|-fail|p2a: Dudunsparce
|
|-damage|p2a: Dudunsparce|63/100 tox|[from] psn
|upkeep
|
|t:|1757857256
|switch|p1a: Wildflower|Zamazenta|100/100
|-damage|p1a: Wildflower|94/100|[from] Stealth Rock
|-ability|p1a: Wildflower|Dauntless Shield|boost
|-boost|p1a: Wildflower|def|1
|turn|23
|inactive|kebab mlml has 120 seconds left.
|
|t:|1757857284
|switch|p2a: Great Tusk|Great Tusk|60/100 brn
|-damage|p2a: Great Tusk|57/100 brn|[from] Stealth Rock
|move|p1a: Wildflower|Body Press|p2a: Great Tusk
|-damage|p2a: Great Tusk|18/100 brn
|
|-heal|p1a: Wildflower|100/100|[from] item: Leftovers
|-damage|p2a: Great Tusk|12/100 brn|[from] brn
|upkeep
|turn|24
|inactive|clean has 210 seconds left.
|
|t:|1757857291
|-end|p2a: Great Tusk|Protosynthesis|[silent]
|switch|p2a: Zamazenta|Zamazenta|100/100
|-damage|p2a: Zamazenta|94/100|[from] Stealth Rock
|move|p1a: Wildflower|Body Press|p2a: Zamazenta
|-damage|p2a: Zamazenta|53/100
|
|-heal|p2a: Zamazenta|60/100|[from] item: Leftovers
|upkeep
|turn|25
|
|t:|1757857295
|move|p2a: Zamazenta|Iron Defense|p2a: Zamazenta
|-boost|p2a: Zamazenta|def|2
|move|p1a: Wildflower|Roar|p2a: Zamazenta
|drag|p2a: Ogerpon|Ogerpon-Wellspring, F|70/100
|-damage|p2a: Ogerpon|57/100|[from] Stealth Rock
|
|upkeep
|turn|26
|inactive|kebab mlml has 120 seconds left.
|
|t:|1757857303
|switch|p2a: Great Tusk|Great Tusk|12/100 brn
|-damage|p2a: Great Tusk|9/100 brn|[from] Stealth Rock
|move|p1a: Wildflower|Body Press|p2a: Great Tusk
|-damage|p2a: Great Tusk|0 fnt
|faint|p2a: Great Tusk
|-end|p2a: Great Tusk|Protosynthesis|[silent]
|
|upkeep
|
|t:|1757857305
|switch|p2a: Zamazenta|Zamazenta|60/100
|-damage|p2a: Zamazenta|53/100|[from] Stealth Rock
|turn|27
|
|t:|1757857309
|move|p1a: Wildflower|Body Press|p2a: Zamazenta
|-damage|p2a: Zamazenta|9/100
|move|p2a: Zamazenta|Roar|p1a: Wildflower
|drag|p1a: Space Song|Pecharunt|100/100
|
|-heal|p2a: Zamazenta|15/100|[from] item: Leftovers
|upkeep
|turn|28
|
|t:|1757857322
|move|p2a: Zamazenta|Crunch|p1a: Space Song
|-supereffective|p1a: Space Song
|-damage|p1a: Space Song|71/100
|-unboost|p1a: Space Song|def|1
|move|p1a: Space Song|Malignant Chain|p2a: Zamazenta
|-damage|p2a: Zamazenta|0 fnt
|faint|p2a: Zamazenta
|
|upkeep
|
|t:|1757857329
|switch|p2a: Dudunsparce|Dudunsparce-Three-Segment, M, shiny|63/100 tox
|-damage|p2a: Dudunsparce|51/100 tox|[from] Stealth Rock
|turn|29
|inactive|clean has 240 seconds left.
|
|t:|1757857375
|switch|p1a: Bluebird|Cinderace, F|25/100
|move|p2a: Dudunsparce|Glare|p1a: Bluebird
|-status|p1a: Bluebird|par
|
|-damage|p2a: Dudunsparce|44/100 tox|[from] psn
|upkeep
|turn|30
|inactive|kebab mlml has 120 seconds left.
|
|t:|1757857396
|move|p1a: Bluebird|Pyro Ball|p2a: Dudunsparce
|-damage|p2a: Dudunsparce|0 fnt
|faint|p2a: Dudunsparce
|
|upkeep
|
|t:|1757857406
|switch|p2a: Dragonite|Dragonite, F|100/100
|-damage|p2a: Dragonite|76/100|[from] Stealth Rock
|turn|31
|
|t:|1757857411
|switch|p1a: Levitation|Gliscor, M|100/100 tox
|-damage|p1a: Levitation|88/100 tox|[from] Stealth Rock
|move|p2a: Dragonite|Dragon Dance|p2a: Dragonite
|-boost|p2a: Dragonite|atk|1
|-boost|p2a: Dragonite|spe|1
|
|-heal|p1a: Levitation|100/100 tox|[from] ability: Poison Heal
|upkeep
|turn|32
|inactive|kebab mlml has 120 seconds left.
|
|t:|1757857446
|move|p2a: Dragonite|Dragon Dance|p2a: Dragonite
|-boost|p2a: Dragonite|atk|1
|-boost|p2a: Dragonite|spe|1
|move|p1a: Levitation|Toxic|p2a: Dragonite|[miss]
|-miss|p1a: Levitation|p2a: Dragonite
|
|upkeep
|turn|33
|
|t:|1757857452
|-terastallize|p2a: Dragonite|Flying
|move|p2a: Dragonite|Tera Blast|p1a: Levitation|[anim] Tera Blast Flying
|-damage|p1a: Levitation|19/100 tox
|move|p1a: Levitation|Toxic|p2a: Dragonite|[miss]
|-miss|p1a: Levitation|p2a: Dragonite
|
|-heal|p1a: Levitation|32/100 tox|[from] ability: Poison Heal
|upkeep
|turn|34
|inactive|clean has 240 seconds left.
|inactive|clean has 210 seconds left.
|inactive|clean has 180 seconds left.
|
|t:|1757857559
|move|p2a: Dragonite|Tera Blast|p1a: Levitation|[anim] Tera Blast Flying
|-damage|p1a: Levitation|0 fnt
|faint|p1a: Levitation
|
|upkeep
|inactive|clean has 150 seconds left.
|
|t:|1757857585
|switch|p1a: Wildflower|Zamazenta|100/100
|-damage|p1a: Wildflower|94/100|[from] Stealth Rock
|turn|35
|inactive|kebab mlml has 120 seconds left.
|inactive|clean has 120 seconds left.
|inactive|kebab mlml has 90 seconds left.
|
|t:|1757857635
|-terastallize|p1a: Wildflower|Fire
|move|p2a: Dragonite|Earthquake|p1a: Wildflower
|-supereffective|p1a: Wildflower
|-damage|p1a: Wildflower|0 fnt
|faint|p1a: Wildflower
|
|upkeep
|inactive|clean has 120 seconds left.
|
|t:|1757857654
|switch|p1a: Bluebird|Cinderace, F|25/100 par
|turn|36
|inactive|kebab mlml has 90 seconds left.
|
|t:|1757857664
|move|p2a: Dragonite|Earthquake|p1a: Bluebird
|-supereffective|p1a: Bluebird
|-damage|p1a: Bluebird|0 fnt
|faint|p1a: Bluebird
|
|upkeep
|
|t:|1757857667
|switch|p1a: Space Song|Pecharunt|71/100
|turn|37
|inactive|kebab mlml has 90 seconds left.
|
|t:|1757857685
|move|p2a: Dragonite|Roost|p2a: Dragonite
|-heal|p2a: Dragonite|100/100
|-hint|If a Terastallized Pokemon uses Roost, it remains Flying-type.
|move|p1a: Space Song|Shadow Ball|p2a: Dragonite
|-damage|p2a: Dragonite|85/100
|
|upkeep
|turn|38
|
|t:|1757857691
|move|p2a: Dragonite|Earthquake|p1a: Space Song
|-supereffective|p1a: Space Song
|-damage|p1a: Space Song|0 fnt
|faint|p1a: Space Song
|
|upkeep
|
|t:|1757857693
|switch|p1a: Sparks|Kingambit, F|100/100
|-damage|p1a: Sparks|94/100|[from] Stealth Rock
|-activate|p1a: Sparks|ability: Supreme Overlord
|-start|p1a: Sparks|fallen5|[silent]
|turn|39
|
|t:|1757857701
|move|p1a: Sparks|Sucker Punch|p2a: Dragonite
|-damage|p2a: Dragonite|14/100
|move|p2a: Dragonite|Earthquake|p1a: Sparks
|-supereffective|p1a: Sparks
|-damage|p1a: Sparks|0 fnt
|faint|p1a: Sparks
|-end|p1a: Sparks|fallen5|[silent]
|
|win|kebab mlml
|c|☆clean|gg
|c|☆kebab mlml|gg
|player|p2|
