|j|☆Valtr12
|j|☆Litryes
|t:|1757895848
|gametype|singles
|player|p1|Valtr12|nita|1322
|player|p2|Litryes|266|1362
|gen|9
|tier|[Gen 9] OU
|rated|
|rule|HP Percentage Mod: HP is shown in percentages
|rule|Endless Battle Clause: Forcing endless battles is banned
|rule|Species Clause: Limit one of each Pokémon
|rule|OHKO Clause: OHKO moves are banned
|rule|Evasion Items Clause: Evasion items are banned
|rule|Evasion Moves Clause: Evasion moves are banned
|rule|Evasion Abilities Clause: Evasion abilities are banned
|rule|Sleep Moves Clause: Sleep-inducing moves are banned
|clearpoke
|poke|p1|Excadrill, F|
|poke|p1|Tyranitar, M|
|poke|p1|Blaziken, F|
|poke|p1|Ogerpon-Wellspring, F|
|poke|p1|Zapdos|
|poke|p1|Dragapult, M|
|poke|p2|Hoopa-Unbound|
|poke|p2|Slowking-Galar, M|
|poke|p2|Ting-Lu|
|poke|p2|Quaquaval, F|
|poke|p2|Dragapult, M|
|poke|p2|Tsareena, F|
|teampreview
|inactive|Battle timer is ON: inactive players will automatically lose when time's up. (requested by Valtr12)
|
|t:|1757895875
|teamsize|p1|6
|teamsize|p2|6
|start
|switch|p1a: Dragapult|Dragapult, M|100/100
|switch|p2a: Oxygen|Dragapult, M, shiny|100/100
|turn|1
|
|t:|1757895891
|switch|p1a: Tyranitar|Tyranitar, M|100/100
|-weather|Sandstorm|[from] ability: Sand Stream|[of] p1a: Tyranitar
|switch|p2a: Colossus|Ting-Lu|100/100
|-ability|p2a: Colossus|Vessel of Ruin
|
|-weather|Sandstorm|[upkeep]
|upkeep
|turn|2
|
|t:|1757895900
|switch|p1a: Blaziken|Blaziken, F, shiny|100/100
|-item|p1a: Blaziken|Air Balloon
|move|p2a: Colossus|Stealth Rock|p1a: Blaziken
|-sidestart|p1: Valtr12|move: Stealth Rock
|
|-weather|Sandstorm|[upkeep]
|-damage|p1a: Blaziken|95/100|[from] Sandstorm
|upkeep
|turn|3
|
|t:|1757895910
|move|p1a: Blaziken|Knock Off|p2a: Colossus
|-resisted|p2a: Colossus
|-damage|p2a: Colossus|93/100
|-enditem|p2a: Colossus|Leftovers|[from] move: Knock Off|[of] p1a: Blaziken
|move|p2a: Colossus|Whirlwind|p1a: Blaziken
|drag|p1a: Dragapult|Dragapult, M|100/100
|
|-weather|Sandstorm|[upkeep]
|-damage|p1a: Dragapult|95/100|[from] Sandstorm
|upkeep
|turn|4
|
|t:|1757895919
|move|p1a: Dragapult|U-turn|p2a: Colossus
|-supereffective|p2a: Colossus
|-damage|p2a: Colossus|80/100
|
|t:|1757895925
|switch|p1a: Blaziken|Blaziken, F, shiny|95/100|[from] U-turn
|-damage|p1a: Blaziken|82/100|[from] Stealth Rock
|-item|p1a: Blaziken|Air Balloon
|move|p2a: Colossus|Ruination|p1a: Blaziken|[miss]
|-miss|p2a: Colossus|p1a: Blaziken
|
|-weather|Sandstorm|[upkeep]
|-damage|p1a: Blaziken|76/100|[from] Sandstorm
|upkeep
|turn|5
|
|t:|1757895938
|switch|p2a: Oxygen|Dragapult, M, shiny|100/100
|move|p1a: Blaziken|Close Combat|p2a: Oxygen
|-immune|p2a: Oxygen
|
|-weather|none
|-ability|p1a: Blaziken|Speed Boost|boost
|-boost|p1a: Blaziken|spe|1
|upkeep
|turn|6
|
|t:|1757895951
|switch|p1a: Tyranitar|Tyranitar, M|100/100
|-damage|p1a: Tyranitar|88/100|[from] Stealth Rock
|-weather|Sandstorm|[from] ability: Sand Stream|[of] p1a: Tyranitar
|move|p2a: Oxygen|Draco Meteor|p1a: Tyranitar|[miss]
|-miss|p2a: Oxygen|p1a: Tyranitar
|
|-weather|Sandstorm|[upkeep]
|-damage|p2a: Oxygen|95/100|[from] Sandstorm
|upkeep
|turn|7
|
|t:|1757895960
|move|p2a: Oxygen|U-turn|p1a: Tyranitar
|-supereffective|p1a: Tyranitar
|-damage|p1a: Tyranitar|68/100
|
|t:|1757895963
|switch|p2a: Colossus|Ting-Lu|80/100|[from] U-turn
|-ability|p2a: Colossus|Vessel of Ruin
|move|p1a: Tyranitar|Knock Off|p2a: Colossus
|-resisted|p2a: Colossus
|-damage|p2a: Colossus|73/100
|
|-weather|Sandstorm|[upkeep]
|upkeep
|turn|8
|
|t:|1757895975
|move|p1a: Tyranitar|Ice Beam|p2a: Colossus
|-supereffective|p2a: Colossus
|-damage|p2a: Colossus|48/100
|move|p2a: Colossus|Ruination|p1a: Tyranitar
|-damage|p1a: Tyranitar|34/100
|
|-weather|Sandstorm|[upkeep]
|upkeep
|turn|9
|
|t:|1757895980
|move|p1a: Tyranitar|Ice Beam|p2a: Colossus
|-supereffective|p2a: Colossus
|-damage|p2a: Colossus|24/100
|move|p2a: Colossus|Whirlwind|p1a: Tyranitar
|drag|p1a: Dragapult|Dragapult, M|95/100
|
|-weather|Sandstorm|[upkeep]
|-damage|p1a: Dragapult|89/100|[from] Sandstorm
|upkeep
|turn|10
|
|t:|1757895988
|move|p1a: Dragapult|Draco Meteor|p2a: Colossus
|-damage|p2a: Colossus|0 fnt
|-unboost|p1a: Dragapult|spa|2
|faint|p2a: Colossus
|
|-weather|none
|upkeep
|
|t:|1757895994
|switch|p2a: Zhesty Duck|Quaquaval, F|100/100
|turn|11
|
|t:|1757895997
|move|p1a: Dragapult|Will-O-Wisp|p2a: Zhesty Duck|[miss]
|-miss|p1a: Dragapult|p2a: Zhesty Duck
|move|p2a: Zhesty Duck|Aqua Step|p1a: Dragapult
|-resisted|p1a: Dragapult
|-damage|p1a: Dragapult|60/100
|-boost|p2a: Zhesty Duck|spe|1
|
|upkeep
|turn|12
|
|t:|1757896006
|switch|p2a: Thing 2|Slowking-Galar, M|100/100
|move|p1a: Dragapult|Will-O-Wisp|p2a: Thing 2
|-status|p2a: Thing 2|brn
|
|-damage|p2a: Thing 2|94/100 brn|[from] brn
|upkeep
|turn|13
|
|t:|1757896017
|switch|p1a: Tyranitar|Tyranitar, M|34/100
|-damage|p1a: Tyranitar|22/100|[from] Stealth Rock
|-weather|Sandstorm|[from] ability: Sand Stream|[of] p1a: Tyranitar
|-prepare|p2a: Thing 2|Chilly Reception|[premajor]
|move|p2a: Thing 2|Chilly Reception|p2a: Thing 2
|-weather|Snowscape
|
|t:|1757896030
|switch|p2a: Thing 1|Hoopa-Unbound|100/100|[from] Chilly Reception
|
|-weather|Snowscape|[upkeep]
|upkeep
|turn|14
|
|t:|1757896034
|move|p2a: Thing 1|Knock Off|p1a: Tyranitar
|-resisted|p1a: Tyranitar
|-damage|p1a: Tyranitar|0 fnt
|-enditem|p1a: Tyranitar|Assault Vest|[from] move: Knock Off|[of] p2a: Thing 1
|faint|p1a: Tyranitar
|
|-weather|Snowscape|[upkeep]
|upkeep
|
|t:|1757896056
|switch|p1a: Ogerpon|Ogerpon-Wellspring, F|100/100
|-damage|p1a: Ogerpon|88/100|[from] Stealth Rock
|turn|15
|
|t:|1757896081
|switch|p2a: Oxygen|Dragapult, M, shiny|95/100
|-terastallize|p1a: Ogerpon|Water
|detailschange|p1a: Ogerpon|Ogerpon-Wellspring-Tera, F, tera:Water
|-ability|p1a: Ogerpon|Embody Aspect (Wellspring)|boost
|-boost|p1a: Ogerpon|spd|1
|move|p1a: Ogerpon|Ivy Cudgel|p2a: Oxygen|[anim] Ivy Cudgel Water
|-resisted|p2a: Oxygen
|-damage|p2a: Oxygen|42/100
|
|-weather|Snowscape|[upkeep]
|upkeep
|turn|16
|
|t:|1757896091
|move|p2a: Oxygen|Will-O-Wisp|p1a: Ogerpon
|-status|p1a: Ogerpon|brn
|move|p1a: Ogerpon|Ivy Cudgel|p2a: Oxygen|[anim] Ivy Cudgel Water
|-resisted|p2a: Oxygen
|-damage|p2a: Oxygen|14/100
|
|-weather|Snowscape|[upkeep]
|-damage|p1a: Ogerpon|82/100 brn|[from] brn
|upkeep
|turn|17
|
|t:|1757896101
|move|p2a: Oxygen|U-turn|p1a: Ogerpon
|-damage|p1a: Ogerpon|60/100 brn
|
|t:|1757896106
|switch|p2a: Trop Baby|Tsareena, F|100/100|[from] U-turn
|move|p1a: Ogerpon|Ivy Cudgel|p2a: Trop Baby|[anim] Ivy Cudgel Water
|-resisted|p2a: Trop Baby
|-damage|p2a: Trop Baby|82/100
|
|-weather|none
|-damage|p1a: Ogerpon|54/100 brn|[from] brn
|upkeep
|turn|18
|
|t:|1757896111
|switch|p1a: Zapdos|Zapdos, shiny|100/100
|move|p2a: Trop Baby|Rapid Spin|p1a: Zapdos
|-damage|p1a: Zapdos|88/100
|-boost|p2a: Trop Baby|spe|1
|
|upkeep
|turn|19
|
|t:|1757896122
|switch|p2a: Thing 2|Slowking-Galar, M|100/100 brn
|move|p1a: Zapdos|Hurricane|p2a: Thing 2
|-damage|p2a: Thing 2|62/100 brn
|-start|p2a: Thing 2|confusion
|
|-damage|p2a: Thing 2|56/100 brn|[from] brn
|upkeep
|turn|20
|
|t:|1757896131
|move|p1a: Zapdos|U-turn|p2a: Thing 2
|-damage|p2a: Thing 2|41/100 brn
|
|t:|1757896142
|switch|p1a: Blaziken|Blaziken, F, shiny|76/100|[from] U-turn
|-damage|p1a: Blaziken|64/100|[from] Stealth Rock
|-item|p1a: Blaziken|Air Balloon
|-prepare|p2a: Thing 2|Chilly Reception|[premajor]
|-activate|p2a: Thing 2|confusion
|move|p2a: Thing 2|Chilly Reception|p2a: Thing 2
|-weather|Snowscape
|
|t:|1757896155
|switch|p2a: Oxygen|Dragapult, M, shiny|14/100|[from] Chilly Reception
|
|-weather|Snowscape|[upkeep]
|upkeep
|turn|21
|
|t:|1757896179
|switch|p1a: Ogerpon|Ogerpon-Wellspring-Tera, F, tera:Water|54/100 brn
|-damage|p1a: Ogerpon|41/100 brn|[from] Stealth Rock
|-ability|p1a: Ogerpon|Embody Aspect (Wellspring)|boost
|-boost|p1a: Ogerpon|spd|1
|move|p2a: Oxygen|Draco Meteor|p1a: Ogerpon
|-damage|p1a: Ogerpon|0 fnt
|-unboost|p2a: Oxygen|spa|2
|faint|p1a: Ogerpon
|detailschange|p1: Ogerpon|Ogerpon-Wellspring, F|[silent]
|
|-weather|Snowscape|[upkeep]
|upkeep
|
|t:|1757896186
|switch|p1a: Blaziken|Blaziken, F, shiny|64/100
|-damage|p1a: Blaziken|52/100|[from] Stealth Rock
|-item|p1a: Blaziken|Air Balloon
|turn|22
|
|t:|1757896200
|move|p2a: Oxygen|U-turn|p1a: Blaziken
|-resisted|p1a: Blaziken
|-damage|p1a: Blaziken|46/100
|-enditem|p1a: Blaziken|Air Balloon
|
|t:|1757896203
|switch|p2a: Zhesty Duck|Quaquaval, F|100/100|[from] U-turn
|move|p1a: Blaziken|Swords Dance|p1a: Blaziken
|-boost|p1a: Blaziken|atk|2
|
|-weather|Snowscape|[upkeep]
|-ability|p1a: Blaziken|Speed Boost|boost
|-boost|p1a: Blaziken|spe|1
|upkeep
|turn|23
|
|t:|1757896213
|move|p1a: Blaziken|Close Combat|p2a: Zhesty Duck
|-damage|p2a: Zhesty Duck|0 fnt
|-unboost|p1a: Blaziken|def|1
|-unboost|p1a: Blaziken|spd|1
|faint|p2a: Zhesty Duck
|
|-weather|Snowscape|[upkeep]
|-ability|p1a: Blaziken|Speed Boost|boost
|-boost|p1a: Blaziken|spe|1
|upkeep
|
|t:|1757896240
|switch|p2a: Trop Baby|Tsareena, F|82/100
|turn|24
|
|t:|1757896248
|-terastallize|p2a: Trop Baby|Fighting
|move|p1a: Blaziken|Flare Blitz|p2a: Trop Baby
|-damage|p2a: Trop Baby|0 fnt
|faint|p2a: Trop Baby
|-damage|p1a: Blaziken|14/100|[from] Recoil
|
|-weather|none
|-ability|p1a: Blaziken|Speed Boost|boost
|-boost|p1a: Blaziken|spe|1
|upkeep
|l|☆Litryes
|inactive|Litryes disconnected and has a minute to reconnect!
|player|p2|
|inactive|Litryes has 30 seconds to reconnect!
|inactive|Litryes has 20 seconds to reconnect!
|inactive|Litryes has 15 seconds to reconnect!
|inactive|Litryes has 10 seconds to reconnect!
|inactive|Litryes has 5 seconds to reconnect!
|-message|Litryes lost due to inactivity.
|
|win|Valtr12
|raw|Valtr12's rating: 1322 &rarr; <strong>1344</strong><br />(+22 for winning)
|raw|Litryes's rating: 1362 &rarr; <strong>1340</strong><br />(-22 for losing)
|l|☆Valtr12
|player|p1|
