|j|☆biglilcuh
|j|☆zast3133
|t:|1757909444
|gametype|singles
|player|p1|biglilcuh|101|1394
|player|p2|zast3133|nate|1358
|gen|9
|tier|[Gen 9] OU
|rated|
|rule|HP Percentage Mod: HP is shown in percentages
|rule|Endless Battle Clause: Forcing endless battles is banned
|rule|Species Clause: Limit one of each Pokémon
|rule|OHKO Clause: OHKO moves are banned
|rule|Evasion Items Clause: Evasion items are banned
|rule|Evasion Moves Clause: Evasion moves are banned
|rule|Evasion Abilities Clause: Evasion abilities are banned
|rule|Sleep Moves Clause: Sleep-inducing moves are banned
|clearpoke
|poke|p1|Pecharunt|
|poke|p1|Zapdos|
|poke|p1|Cinderace, F|
|poke|p1|Latios, M|
|poke|p1|Crawdaunt, M|
|poke|p1|Iron Treads|
|poke|p2|Raging Bolt|
|poke|p2|Dondozo, M|
|poke|p2|Scizor, M|
|poke|p2|Iron Crown|
|poke|p2|Revavroom, M|
|poke|p2|Clefable, F|
|teampreview
|inactive|Battle timer is ON: inactive players will automatically lose when time's up. (requested by zast3133)
|
|t:|1757909456
|teamsize|p1|6
|teamsize|p2|6
|start
|switch|p1a: Crawdaunt|Crawdaunt, M|100/100
|switch|p2a: Revavroom|Revavroom, M, shiny|100/100
|-item|p2a: Revavroom|Air Balloon
|turn|1
|
|t:|1757909465
|move|p2a: Revavroom|Shift Gear|p2a: Revavroom
|-boost|p2a: Revavroom|spe|2
|-boost|p2a: Revavroom|atk|1
|move|p1a: Crawdaunt|Crabhammer|p2a: Revavroom
|-damage|p2a: Revavroom|5/100
|-enditem|p2a: Revavroom|Air Balloon
|
|upkeep
|turn|2
|
|t:|1757909482
|switch|p2a: Scizor|Scizor, M, shiny|100/100
|move|p1a: Crawdaunt|Aqua Jet|p2a: Scizor
|-damage|p2a: Scizor|71/100
|
|upkeep
|turn|3
|
|t:|1757909489
|switch|p1a: Pecharunt|Pecharunt|100/100
|move|p2a: Scizor|U-turn|p1a: Pecharunt
|-resisted|p1a: Pecharunt
|-damage|p1a: Pecharunt|93/100
|-damage|p2a: Scizor|54/100|[from] item: Rocky Helmet|[of] p1a: Pecharunt
|
|t:|1757909497
|switch|p2a: Revavroom|Revavroom, M, shiny|5/100|[from] U-turn
|
|upkeep
|turn|4
|
|t:|1757909503
|move|p2a: Revavroom|Zen Headbutt|p1a: Pecharunt
|-supereffective|p1a: Pecharunt
|-damage|p1a: Pecharunt|65/100
|-damage|p2a: Revavroom|0 fnt|[from] item: Rocky Helmet|[of] p1a: Pecharunt
|faint|p2a: Revavroom
|cant|p1a: Pecharunt|flinch
|
|upkeep
|
|t:|1757909514
|switch|p2a: Raging Bolt|Raging Bolt|100/100
|-enditem|p2a: Raging Bolt|Booster Energy
|-activate|p2a: Raging Bolt|ability: Protosynthesis|[fromitem]
|-start|p2a: Raging Bolt|protosynthesisspa
|turn|5
|
|t:|1757909520
|switch|p1a: Iron Treads|Iron Treads|100/100
|-enditem|p1a: Iron Treads|Booster Energy
|-activate|p1a: Iron Treads|ability: Quark Drive|[fromitem]
|-start|p1a: Iron Treads|quarkdriveatk
|move|p2a: Raging Bolt|Calm Mind|p2a: Raging Bolt
|-boost|p2a: Raging Bolt|spa|1
|-boost|p2a: Raging Bolt|spd|1
|
|upkeep
|turn|6
|
|t:|1757909528
|move|p1a: Iron Treads|Earthquake|p2a: Raging Bolt
|-supereffective|p2a: Raging Bolt
|-damage|p2a: Raging Bolt|0 fnt
|faint|p2a: Raging Bolt
|-end|p2a: Raging Bolt|Protosynthesis|[silent]
|
|upkeep
|
|t:|1757909534
|switch|p2a: Iron Crown|Iron Crown|100/100
|-item|p2a: Iron Crown|Air Balloon
|turn|7
|
|t:|1757909538
|move|p2a: Iron Crown|Calm Mind|p2a: Iron Crown
|-boost|p2a: Iron Crown|spa|1
|-boost|p2a: Iron Crown|spd|1
|move|p1a: Iron Treads|Supercell Slam|p2a: Iron Crown
|-damage|p2a: Iron Crown|51/100
|-enditem|p2a: Iron Crown|Air Balloon
|
|upkeep
|turn|8
|
|t:|1757909547
|-terastallize|p2a: Iron Crown|Fighting
|move|p2a: Iron Crown|Focus Blast|p1a: Iron Treads
|-supereffective|p1a: Iron Treads
|-damage|p1a: Iron Treads|0 fnt
|faint|p1a: Iron Treads
|-end|p1a: Iron Treads|Quark Drive|[silent]
|
|upkeep
|
|t:|1757909552
|switch|p1a: Latios|Latios, M|100/100
|turn|9
|
|t:|1757909559
|move|p1a: Latios|Luster Purge|p2a: Iron Crown
|-supereffective|p2a: Iron Crown
|-damage|p2a: Iron Crown|0 fnt
|faint|p2a: Iron Crown
|-end|p2a: Iron Crown|Quark Drive|[silent]
|
|upkeep
|
|t:|1757909564
|switch|p2a: Clefable|Clefable, F, shiny|100/100
|turn|10
|
|t:|1757909588
|switch|p1a: Pecharunt|Pecharunt|65/100
|move|p2a: Clefable|Thunder Wave|p1a: Pecharunt
|-status|p1a: Pecharunt|par
|
|upkeep
|turn|11
|
|t:|1757909596
|switch|p2a: Scizor|Scizor, M, shiny|54/100
|move|p1a: Pecharunt|Malignant Chain|p2a: Scizor
|-immune|p2a: Scizor
|
|upkeep
|turn|12
|inactive|biglilcuh has 120 seconds left.
|
|t:|1757909622
|move|p2a: Scizor|U-turn|p1a: Pecharunt
|-resisted|p1a: Pecharunt
|-damage|p1a: Pecharunt|57/100 par
|-damage|p2a: Scizor|38/100|[from] item: Rocky Helmet|[of] p1a: Pecharunt
|
|t:|1757909627
|switch|p2a: Clefable|Clefable, F, shiny|100/100|[from] U-turn
|move|p1a: Pecharunt|Foul Play|p2a: Clefable
|-resisted|p2a: Clefable
|-damage|p2a: Clefable|94/100
|
|-heal|p2a: Clefable|99/100|[from] item: Leftovers
|upkeep
|turn|13
|
|t:|1757909637
|switch|p2a: Scizor|Scizor, M, shiny|38/100
|move|p1a: Pecharunt|Recover|p1a: Pecharunt
|-heal|p1a: Pecharunt|100/100 par
|
|upkeep
|turn|14
|
|t:|1757909643
|move|p2a: Scizor|Knock Off|p1a: Pecharunt
|-supereffective|p1a: Pecharunt
|-damage|p1a: Pecharunt|47/100 par
|-damage|p2a: Scizor|21/100|[from] item: Rocky Helmet|[of] p1a: Pecharunt
|-enditem|p1a: Pecharunt|Rocky Helmet|[from] move: Knock Off|[of] p2a: Scizor
|move|p1a: Pecharunt|Foul Play|p2a: Scizor
|-damage|p2a: Scizor|0 fnt
|faint|p2a: Scizor
|
|upkeep
|
|t:|1757909653
|switch|p2a: Dondozo|Dondozo, M, shiny|100/100
|turn|15
|
|t:|1757909658
|move|p1a: Pecharunt|Malignant Chain|p2a: Dondozo
|-damage|p2a: Dondozo|75/100
|move|p2a: Dondozo|Curse|p2a: Dondozo
|-unboost|p2a: Dondozo|spe|1
|-boost|p2a: Dondozo|atk|1
|-boost|p2a: Dondozo|def|1
|
|-heal|p2a: Dondozo|81/100|[from] item: Leftovers
|upkeep
|turn|16
|
|t:|1757909668
|move|p1a: Pecharunt|Malignant Chain|p2a: Dondozo
|-damage|p2a: Dondozo|54/100
|-status|p2a: Dondozo|tox
|-start|p2a: Dondozo|confusion|[from] ability: Poison Puppeteer|[of] p1a: Pecharunt
|-activate|p2a: Dondozo|confusion
|-damage|p2a: Dondozo|49/100 tox|[from] confusion
|
|-heal|p2a: Dondozo|55/100 tox|[from] item: Leftovers
|-damage|p2a: Dondozo|49/100 tox|[from] psn
|upkeep
|turn|17
|-message|zast3133 forfeited.
|
|win|biglilcuh
|raw|biglilcuh's rating: 1394 &rarr; <strong>1412</strong><br />(+18 for winning)
|raw|zast3133's rating: 1358 &rarr; <strong>1340</strong><br />(-18 for losing)
|l|☆zast3133
|player|p2|
|l|☆biglilcuh
|player|p1|
