|j|☆calmind
|j|☆quetzuma
|t:|1757860286
|gametype|singles
|player|p1|calmind|170|1335
|player|p2|quetzuma|drayden|1383
|gen|9
|tier|[Gen 9] OU
|rated|
|rule|HP Percentage Mod: HP is shown in percentages
|rule|Endless Battle Clause: Forcing endless battles is banned
|rule|Species Clause: Limit one of each Pokémon
|rule|OHKO Clause: OHKO moves are banned
|rule|Evasion Items Clause: Evasion items are banned
|rule|Evasion Moves Clause: Evasion moves are banned
|rule|Evasion Abilities Clause: Evasion abilities are banned
|rule|Sleep Moves Clause: Sleep-inducing moves are banned
|clearpoke
|poke|p1|Diancie|
|poke|p1|Hatterene, F|
|poke|p1|Ursaluna, M|
|poke|p1|Hoopa-Unbound|
|poke|p1|Sinistcha|
|poke|p1|Iron Valiant|
|poke|p2|Skeledirge, M|
|poke|p2|Glimmora, M|
|poke|p2|Samurott, F|
|poke|p2|Iron Hands|
|poke|p2|Garchomp, F|
|poke|p2|Grimmsnarl, M|
|teampreview
|inactive|Battle timer is ON: inactive players will automatically lose when time's up. (requested by calmind)
|
|t:|1757860294
|teamsize|p1|6
|teamsize|p2|6
|start
|switch|p1a: Hatterene|Hatterene, F|100/100
|switch|p2a: Glimmora|Glimmora, M|100/100
|turn|1
|
|t:|1757860297
|switch|p2a: Samurott|Samurott, F, shiny|100/100
|move|p1a: Hatterene|Psychic|p2a: Samurott
|-damage|p2a: Samurott|29/100
|
|upkeep
|turn|2
|
|t:|1757860301
|move|p2a: Samurott|Hydro Pump|p1a: Hatterene
|-enditem|p1a: Hatterene|Focus Sash
|-damage|p1a: Hatterene|1/100
|move|p1a: Hatterene|Trick Room|p1a: Hatterene
|-fieldstart|move: Trick Room|[of] p1a: Hatterene
|
|upkeep
|turn|3
|
|t:|1757860308
|switch|p2a: Skeledirge|Skeledirge, M|100/100
|move|p1a: Hatterene|Psychic|p2a: Skeledirge
|-damage|p2a: Skeledirge|43/100
|
|upkeep
|turn|4
|
|t:|1757860314
|switch|p2a: Grimmsnarl|Grimmsnarl, M|100/100
|move|p1a: Hatterene|Psychic|p2a: Grimmsnarl
|-immune|p2a: Grimmsnarl
|
|upkeep
|turn|5
|
|t:|1757860321
|switch|p2a: Skeledirge|Skeledirge, M|43/100
|move|p1a: Hatterene|Dazzling Gleam|p2a: Skeledirge
|-resisted|p2a: Skeledirge
|-damage|p2a: Skeledirge|20/100
|
|upkeep
|turn|6
|
|t:|1757860329
|move|p1a: Hatterene|Dazzling Gleam|p2a: Skeledirge
|-resisted|p2a: Skeledirge
|-damage|p2a: Skeledirge|0 fnt
|faint|p2a: Skeledirge
|
|-fieldend|move: Trick Room
|upkeep
|
|t:|1757860333
|switch|p2a: Glimmora|Glimmora, M|100/100
|turn|7
|
|t:|1757860337
|move|p2a: Glimmora|Earth Power|p1a: Hatterene
|-damage|p1a: Hatterene|0 fnt
|faint|p1a: Hatterene
|
|upkeep
|
|t:|1757860352
|switch|p1a: Hoopa|Hoopa-Unbound|100/100
|turn|8
|
|t:|1757860356
|move|p2a: Glimmora|Spikes|p1a: Hoopa
|-sidestart|p1: calmind|Spikes
|move|p1a: Hoopa|Psychic|p2a: Glimmora
|-supereffective|p2a: Glimmora
|-enditem|p2a: Glimmora|Focus Sash
|-damage|p2a: Glimmora|1/100
|-damage|p1a: Hoopa|91/100|[from] item: Life Orb
|
|upkeep
|turn|9
|
|t:|1757860362
|switch|p2a: Grimmsnarl|Grimmsnarl, M|100/100
|move|p1a: Hoopa|Trick Room|p1a: Hoopa
|-fieldstart|move: Trick Room|[of] p1a: Hoopa
|
|upkeep
|turn|10
|
|t:|1757860369
|switch|p1a: Iron Valiant|Iron Valiant|100/100
|-damage|p1a: Iron Valiant|88/100|[from] Spikes
|move|p2a: Grimmsnarl|Spirit Break|p1a: Iron Valiant
|-supereffective|p1a: Iron Valiant
|-crit|p1a: Iron Valiant
|-damage|p1a: Iron Valiant|0 fnt
|faint|p1a: Iron Valiant
|-end|p1a: Iron Valiant|Quark Drive|[silent]
|
|upkeep
|
|t:|1757860378
|switch|p1a: Diancie|Diancie|100/100
|-damage|p1a: Diancie|88/100|[from] Spikes
|turn|11
|
|t:|1757860383
|move|p1a: Diancie|Meteor Beam||[still]
|-prepare|p1a: Diancie|Meteor Beam
|-boost|p1a: Diancie|spa|1
|-enditem|p1a: Diancie|Power Herb
|-anim|p1a: Diancie|Meteor Beam|p2a: Grimmsnarl
|-damage|p2a: Grimmsnarl|35/100
|move|p2a: Grimmsnarl|Spirit Break|p1a: Diancie
|-damage|p1a: Diancie|63/100
|
|-heal|p2a: Grimmsnarl|41/100|[from] item: Leftovers
|upkeep
|turn|12
|
|t:|1757860400
|move|p1a: Diancie|Moonblast|p2a: Grimmsnarl
|-supereffective|p2a: Grimmsnarl
|-damage|p2a: Grimmsnarl|0 fnt
|faint|p2a: Grimmsnarl
|
|upkeep
|
|t:|1757860404
|switch|p2a: Iron Hands|Iron Hands|100/100
|turn|13
|
|t:|1757860408
|-terastallize|p2a: Iron Hands|Fire
|move|p1a: Diancie|Moonblast|p2a: Iron Hands
|-resisted|p2a: Iron Hands
|-damage|p2a: Iron Hands|70/100
|move|p2a: Iron Hands|Earthquake|p1a: Diancie
|-supereffective|p1a: Diancie
|-damage|p1a: Diancie|5/100
|
|-heal|p2a: Iron Hands|76/100|[from] item: Leftovers
|-fieldend|move: Trick Room
|upkeep
|turn|14
|
|t:|1757860413
|move|p2a: Iron Hands|Earthquake|p1a: Diancie
|-supereffective|p1a: Diancie
|-damage|p1a: Diancie|0 fnt
|faint|p1a: Diancie
|
|-heal|p2a: Iron Hands|82/100|[from] item: Leftovers
|upkeep
|
|t:|1757860417
|switch|p1a: Sinistcha|Sinistcha, shiny|100/100
|-damage|p1a: Sinistcha|88/100|[from] Spikes
|turn|15
|
|t:|1757860425
|-end|p2a: Iron Hands|Quark Drive|[silent]
|switch|p2a: Garchomp|Garchomp, F|100/100
|move|p1a: Sinistcha|Trick Room|p1a: Sinistcha
|-fieldstart|move: Trick Room|[of] p1a: Sinistcha
|
|upkeep
|turn|16
|
|t:|1757860428
|move|p1a: Sinistcha|Nasty Plot|p1a: Sinistcha
|-boost|p1a: Sinistcha|spa|2
|move|p2a: Garchomp|Stealth Rock|p1a: Sinistcha
|-sidestart|p1: calmind|move: Stealth Rock
|
|upkeep
|turn|17
|
|t:|1757860431
|move|p1a: Sinistcha|Matcha Gotcha|p2a: Garchomp
|-damage|p2a: Garchomp|0 fnt
|-heal|p1a: Sinistcha|100/100|[from] drain|[of] p2a: Garchomp
|faint|p2a: Garchomp
|-damage|p1a: Sinistcha|91/100|[from] item: Life Orb
|
|upkeep
|
|t:|1757860434
|switch|p2a: Iron Hands|Iron Hands, tera:Fire|82/100
|turn|18
|
|t:|1757860437
|move|p1a: Sinistcha|Shadow Ball|p2a: Iron Hands
|-damage|p2a: Iron Hands|0 fnt
|faint|p2a: Iron Hands
|-end|p2a: Iron Hands|Quark Drive|[silent]
|-damage|p1a: Sinistcha|81/100|[from] item: Life Orb
|
|upkeep
|
|t:|1757860442
|switch|p2a: Glimmora|Glimmora, M|1/100
|turn|19
|
|t:|1757860448
|move|p1a: Sinistcha|Shadow Ball|p2a: Glimmora
|-damage|p2a: Glimmora|0 fnt
|faint|p2a: Glimmora
|-damage|p1a: Sinistcha|71/100|[from] item: Life Orb
|
|-fieldend|move: Trick Room
|upkeep
|
|t:|1757860451
|switch|p2a: Samurott|Samurott, F, shiny|29/100
|turn|20
|
|t:|1757860454
|move|p2a: Samurott|Hydro Pump|p1a: Sinistcha
|-resisted|p1a: Sinistcha
|-damage|p1a: Sinistcha|0 fnt
|faint|p1a: Sinistcha
|
|upkeep
|
|t:|1757860458
|switch|p1a: Hoopa|Hoopa-Unbound|91/100
|-damage|p1a: Hoopa|78/100|[from] Spikes
|-damage|p1a: Hoopa|66/100|[from] Stealth Rock
|turn|21
|
|t:|1757860461
|move|p2a: Samurott|Hydro Pump|p1a: Hoopa
|-damage|p1a: Hoopa|0 fnt
|faint|p1a: Hoopa
|
|upkeep
|
|t:|1757860465
|switch|p1a: Ursaluna|Ursaluna, M|100/100
|-damage|p1a: Ursaluna|88/100|[from] Spikes
|-damage|p1a: Ursaluna|82/100|[from] Stealth Rock
|turn|22
|
|t:|1757860468
|-terastallize|p1a: Ursaluna|Ghost
|move|p2a: Samurott|Hydro Pump|p1a: Ursaluna
|-damage|p1a: Ursaluna|0 fnt
|faint|p1a: Ursaluna
|
|win|quetzuma
|raw|calmind's rating: 1335 &rarr; <strong>1318</strong><br />(-17 for losing)
|raw|quetzuma's rating: 1383 &rarr; <strong>1400</strong><br />(+17 for winning)
|l|☆quetzuma
|player|p2|
|l|☆calmind
|player|p1|
