|j|☆shshshsvvsh
|j|☆DarmanSkirata
|t:|1757863031
|gametype|singles
|player|p1|shshshsvvsh|265|1137
|player|p2|DarmanSkirata|worker|1144
|gen|9
|tier|[Gen 9] OU
|rated|
|rule|HP Percentage Mod: HP is shown in percentages
|rule|Endless Battle Clause: Forcing endless battles is banned
|rule|Species Clause: Limit one of each Pokémon
|rule|OHKO Clause: OHKO moves are banned
|rule|Evasion Items Clause: Evasion items are banned
|rule|Evasion Moves Clause: Evasion moves are banned
|rule|Evasion Abilities Clause: Evasion abilities are banned
|rule|Sleep Moves Clause: Sleep-inducing moves are banned
|clearpoke
|poke|p1|Dondozo, F|
|poke|p1|Kingambit, M|
|poke|p1|Dragonite, F|
|poke|p1|Dragapult, M|
|poke|p1|Gholdengo|
|poke|p1|Rotom-Heat|
|poke|p2|Tyranitar, F|
|poke|p2|Gliscor, F|
|poke|p2|Latios, M|
|poke|p2|Toxapex, M|
|poke|p2|Mimikyu, F|
|poke|p2|Ceruledge, F|
|teampreview
|
|t:|1757863044
|teamsize|p1|6
|teamsize|p2|6
|start
|switch|p1a: Kingambit|Kingambit, M|100/100
|switch|p2a: Toxapex|Toxapex, M|100/100
|turn|1
|
|t:|1757863055
|move|p2a: Toxapex|Baneful Bunker|p2a: Toxapex
|-singleturn|p2a: Toxapex|move: Protect
|move|p1a: Kingambit|Kowtow Cleave|p2a: Toxapex
|-activate|p2a: Toxapex|move: Protect
|
|upkeep
|turn|2
|
|t:|1757863068
|switch|p2a: Gliscor|Gliscor, F|100/100
|move|p1a: Kingambit|Kowtow Cleave|p2a: Gliscor
|-damage|p2a: Gliscor|71/100
|
|-status|p2a: Gliscor|tox|[from] item: Toxic Orb
|upkeep
|turn|3
|
|t:|1757863090
|move|p2a: Gliscor|Earthquake|p1a: Kingambit
|-supereffective|p1a: Kingambit
|-damage|p1a: Kingambit|51/100
|move|p1a: Kingambit|Kowtow Cleave|p2a: Gliscor
|-damage|p2a: Gliscor|37/100 tox
|
|-heal|p2a: Gliscor|49/100 tox|[from] ability: Poison Heal
|upkeep
|turn|4
|
|t:|1757863100
|switch|p1a: Dragonite|Dragonite, F|100/100
|move|p2a: Gliscor|Protect||[still]
|-fail|p2a: Gliscor
|
|-heal|p2a: Gliscor|62/100 tox|[from] ability: Poison Heal
|upkeep
|turn|5
|
|t:|1757863110
|move|p2a: Gliscor|Protect|p2a: Gliscor
|-singleturn|p2a: Gliscor|Protect
|move|p1a: Dragonite|Scale Shot|p2a: Gliscor
|-activate|p2a: Gliscor|move: Protect
|
|-heal|p2a: Gliscor|74/100 tox|[from] ability: Poison Heal
|upkeep
|turn|6
|
|t:|1757863120
|switch|p2a: Mimikyu|Mimikyu, F|100/100
|move|p1a: Dragonite|Scale Shot|p2a: Mimikyu
|-immune|p2a: Mimikyu
|
|upkeep
|turn|7
|
|t:|1757863134
|switch|p1a: Kingambit|Kingambit, M|51/100
|move|p2a: Mimikyu|Swords Dance|p2a: Mimikyu
|-boost|p2a: Mimikyu|atk|2
|
|upkeep
|turn|8
|
|t:|1757863141
|move|p2a: Mimikyu|Swords Dance|p2a: Mimikyu
|-boost|p2a: Mimikyu|atk|2
|move|p1a: Kingambit|Iron Head|p2a: Mimikyu
|-activate|p2a: Mimikyu|ability: Disguise
|-damage|p2a: Mimikyu|100/100
|detailschange|p2a: Mimikyu|Mimikyu-Busted, F
|-damage|p2a: Mimikyu|88/100|[from] pokemon: Mimikyu-Busted
|-enditem|p2a: Mimikyu|Red Card|[of] p1a: Kingambit
|drag|p1a: Dragapult|Dragapult, M|100/100
|
|upkeep
|turn|9
|
|t:|1757863155
|move|p2a: Mimikyu|Shadow Sneak|p1a: Dragapult
|-supereffective|p1a: Dragapult
|-damage|p1a: Dragapult|0 fnt
|faint|p1a: Dragapult
|
|upkeep
|
|t:|1757863162
|switch|p1a: Dondozo|Dondozo, F|100/100
|turn|10
|
|t:|1757863170
|move|p2a: Mimikyu|Play Rough|p1a: Dondozo
|-damage|p1a: Dondozo|85/100
|-damage|p2a: Mimikyu|72/100|[from] item: Rocky Helmet|[of] p1a: Dondozo
|move|p1a: Dondozo|Liquidation|p2a: Mimikyu
|-damage|p2a: Mimikyu|25/100
|-unboost|p2a: Mimikyu|def|1
|
|upkeep
|turn|11
|
|t:|1757863180
|switch|p2a: Latios|Latios, M|100/100
|move|p1a: Dondozo|Avalanche|p2a: Latios
|-supereffective|p2a: Latios
|-damage|p2a: Latios|66/100
|
|-heal|p2a: Latios|72/100|[from] item: Leftovers
|upkeep
|turn|12
|
|t:|1757863194
|-terastallize|p2a: Latios|Electric
|move|p2a: Latios|Thunderbolt|p1a: Dondozo
|-supereffective|p1a: Dondozo
|-damage|p1a: Dondozo|0 fnt
|faint|p1a: Dondozo
|
|-heal|p2a: Latios|78/100|[from] item: Leftovers
|upkeep
|
|t:|1757863202
|switch|p1a: Rotom|Rotom-Heat|100/100
|turn|13
|
|t:|1757863216
|switch|p2a: Toxapex|Toxapex, M|100/100
|move|p1a: Rotom|Nasty Plot|p1a: Rotom
|-boost|p1a: Rotom|spa|2
|
|upkeep
|turn|14
|
|t:|1757863227
|move|p1a: Rotom|Volt Switch|p2a: Toxapex
|-supereffective|p2a: Toxapex
|-damage|p2a: Toxapex|4/100
|
|t:|1757863232
|switch|p1a: Gholdengo|Gholdengo|100/100|[from] Volt Switch
|move|p2a: Toxapex|Surf|p1a: Gholdengo
|-damage|p1a: Gholdengo|78/100
|
|-heal|p2a: Toxapex|10/100|[from] item: Leftovers
|upkeep
|turn|15
|
|t:|1757863243
|move|p2a: Toxapex|Baneful Bunker|p2a: Toxapex
|-singleturn|p2a: Toxapex|move: Protect
|move|p1a: Gholdengo|Trick|p2a: Toxapex
|-activate|p2a: Toxapex|move: Protect
|
|-heal|p2a: Toxapex|16/100|[from] item: Leftovers
|upkeep
|turn|16
|
|t:|1757863256
|switch|p2a: Gliscor|Gliscor, F|74/100 tox
|move|p1a: Gholdengo|Trick|p2a: Gliscor
|-activate|p1a: Gholdengo|move: Trick|[of] p2a: Gliscor
|-item|p2a: Gliscor|Choice Scarf|[from] move: Trick
|-item|p1a: Gholdengo|Toxic Orb|[from] move: Trick
|
|-heal|p2a: Gliscor|86/100 tox|[from] ability: Poison Heal
|upkeep
|turn|17
|
|t:|1757863273
|move|p2a: Gliscor|Earthquake|p1a: Gholdengo
|-supereffective|p1a: Gholdengo
|-damage|p1a: Gholdengo|0 fnt
|faint|p1a: Gholdengo
|
|-heal|p2a: Gliscor|99/100 tox|[from] ability: Poison Heal
|upkeep
|
|t:|1757863280
|switch|p1a: Dragonite|Dragonite, F|100/100
|turn|18
|
|t:|1757863291
|switch|p2a: Toxapex|Toxapex, M|50/100
|move|p1a: Dragonite|Dragon Dance|p1a: Dragonite
|-boost|p1a: Dragonite|atk|1
|-boost|p1a: Dragonite|spe|1
|
|-heal|p2a: Toxapex|56/100|[from] item: Leftovers
|upkeep
|turn|19
|
|t:|1757863305
|-terastallize|p1a: Dragonite|Dragon
|move|p1a: Dragonite|Scale Shot|p2a: Toxapex
|-damage|p2a: Toxapex|36/100
|-damage|p2a: Toxapex|14/100
|-hitcount|p2a: Toxapex|2
|-unboost|p1a: Dragonite|def|1
|-boost|p1a: Dragonite|spe|1
|move|p2a: Toxapex|Sludge Bomb|p1a: Dragonite
|-damage|p1a: Dragonite|93/100
|
|-heal|p1a: Dragonite|99/100|[from] item: Leftovers
|-heal|p2a: Toxapex|21/100|[from] item: Leftovers
|upkeep
|turn|20
|
|t:|1757863320
|move|p2a: Toxapex|Baneful Bunker|p2a: Toxapex
|-singleturn|p2a: Toxapex|move: Protect
|move|p1a: Dragonite|Scale Shot|p2a: Toxapex
|-activate|p2a: Toxapex|move: Protect
|
|-heal|p1a: Dragonite|100/100|[from] item: Leftovers
|-heal|p2a: Toxapex|27/100|[from] item: Leftovers
|upkeep
|turn|21
|
|t:|1757863330
|move|p1a: Dragonite|Scale Shot|p2a: Toxapex
|-damage|p2a: Toxapex|6/100
|-damage|p2a: Toxapex|0 fnt
|faint|p2a: Toxapex
|-hitcount|p2: Toxapex|2
|-unboost|p1a: Dragonite|def|1
|-boost|p1a: Dragonite|spe|1
|
|upkeep
|
|t:|1757863347
|switch|p2a: Gliscor|Gliscor, F|99/100 tox
|turn|22
|
|t:|1757863352
|move|p1a: Dragonite|Dragon Dance|p1a: Dragonite
|-boost|p1a: Dragonite|atk|1
|-boost|p1a: Dragonite|spe|1
|move|p2a: Gliscor|Toxic|p1a: Dragonite
|-status|p1a: Dragonite|tox
|
|-damage|p1a: Dragonite|94/100 tox|[from] psn
|-heal|p2a: Gliscor|100/100 tox|[from] ability: Poison Heal
|upkeep
|turn|23
|
|t:|1757863364
|switch|p2a: Tyranitar|Tyranitar, F|100/100
|-weather|Sandstorm|[from] ability: Sand Stream|[of] p2a: Tyranitar
|move|p1a: Dragonite|Scale Shot|p2a: Tyranitar
|-damage|p2a: Tyranitar|67/100
|-damage|p2a: Tyranitar|37/100
|-damage|p2a: Tyranitar|6/100
|-hitcount|p2a: Tyranitar|3
|-unboost|p1a: Dragonite|def|1
|-boost|p1a: Dragonite|spe|1
|
|-weather|Sandstorm|[upkeep]
|-damage|p1a: Dragonite|88/100 tox|[from] Sandstorm
|-heal|p1a: Dragonite|94/100 tox|[from] item: Leftovers
|-damage|p1a: Dragonite|82/100 tox|[from] psn
|upkeep
|turn|24
|
|t:|1757863382
|switch|p2a: Gliscor|Gliscor, F|100/100 tox
|move|p1a: Dragonite|Scale Shot|p2a: Gliscor
|-damage|p2a: Gliscor|77/100 tox
|-damage|p2a: Gliscor|52/100 tox
|-hitcount|p2a: Gliscor|2
|-unboost|p1a: Dragonite|def|1
|-boost|p1a: Dragonite|spe|1
|
|-weather|Sandstorm|[upkeep]
|-damage|p1a: Dragonite|76/100 tox|[from] Sandstorm
|-heal|p1a: Dragonite|82/100 tox|[from] item: Leftovers
|-damage|p1a: Dragonite|63/100 tox|[from] psn
|-heal|p2a: Gliscor|65/100 tox|[from] ability: Poison Heal
|upkeep
|turn|25
|
|t:|1757863402
|move|p2a: Gliscor|Protect|p2a: Gliscor
|-singleturn|p2a: Gliscor|Protect
|move|p1a: Dragonite|Dragon Dance|p1a: Dragonite
|-boost|p1a: Dragonite|atk|1
|-boost|p1a: Dragonite|spe|0
|
|-weather|Sandstorm|[upkeep]
|-damage|p1a: Dragonite|57/100 tox|[from] Sandstorm
|-heal|p1a: Dragonite|63/100 tox|[from] item: Leftovers
|-damage|p1a: Dragonite|38/100 tox|[from] psn
|-heal|p2a: Gliscor|77/100 tox|[from] ability: Poison Heal
|upkeep
|turn|26
|
|t:|1757863418
|switch|p2a: Mimikyu|Mimikyu-Busted, F|25/100
|move|p1a: Dragonite|Scale Shot|p2a: Mimikyu
|-immune|p2a: Mimikyu
|
|-weather|Sandstorm|[upkeep]
|-damage|p1a: Dragonite|32/100 tox|[from] Sandstorm
|-damage|p2a: Mimikyu|19/100|[from] Sandstorm
|-heal|p1a: Dragonite|38/100 tox|[from] item: Leftovers
|-damage|p1a: Dragonite|7/100 tox|[from] psn
|upkeep
|turn|27
|
|t:|1757863430
|move|p2a: Mimikyu|Shadow Sneak|p1a: Dragonite
|-damage|p1a: Dragonite|0 fnt
|faint|p1a: Dragonite
|
|-weather|none
|upkeep
|
|t:|1757863438
|switch|p1a: Kingambit|Kingambit, M|51/100
|turn|28
|
|t:|1757863442
|move|p2a: Mimikyu|Drain Punch|p1a: Kingambit
|-supereffective|p1a: Kingambit
|-damage|p1a: Kingambit|0 fnt
|-heal|p2a: Mimikyu|60/100|[from] drain|[of] p1a: Kingambit
|faint|p1a: Kingambit
|
|upkeep
|
|t:|1757863450
|switch|p1a: Rotom|Rotom-Heat|100/100
|turn|29
|
|t:|1757863454
|move|p2a: Mimikyu|Play Rough|p1a: Rotom|[miss]
|-miss|p2a: Mimikyu|p1a: Rotom
|move|p1a: Rotom|Nasty Plot|p1a: Rotom
|-boost|p1a: Rotom|spa|2
|
|upkeep
|turn|30
|
|t:|1757863462
|move|p2a: Mimikyu|Play Rough|p1a: Rotom|[miss]
|-miss|p2a: Mimikyu|p1a: Rotom
|move|p1a: Rotom|Overheat|p2a: Mimikyu
|-damage|p2a: Mimikyu|0 fnt
|-unboost|p1a: Rotom|spa|2
|faint|p2a: Mimikyu
|
|upkeep
|
|t:|1757863472
|switch|p2a: Tyranitar|Tyranitar, F|6/100
|-weather|Sandstorm|[from] ability: Sand Stream|[of] p2a: Tyranitar
|turn|31
|
|t:|1757863481
|move|p1a: Rotom|Pain Split|p2a: Tyranitar
|-sethp|p2a: Tyranitar|46/100|[from] move: Pain Split|[silent]
|-sethp|p1a: Rotom|53/100|[from] move: Pain Split
|move|p2a: Tyranitar|Rock Slide|p1a: Rotom
|-supereffective|p1a: Rotom
|-damage|p1a: Rotom|0 fnt
|faint|p1a: Rotom
|
|win|DarmanSkirata
|raw|shshshsvvsh's rating: 1137 &rarr; <strong>1113</strong><br />(-24 for losing)
|raw|DarmanSkirata's rating: 1144 &rarr; <strong>1168</strong><br />(+24 for winning)
