|j|☆noah skibba
|j|☆preppy dude
|t:|1757899366
|gametype|singles
|player|p1|noah skibba|harlequin|1265
|player|p2|preppy dude|170|1294
|gen|9
|tier|[Gen 9] OU
|rated|
|rule|HP Percentage Mod: HP is shown in percentages
|rule|Endless Battle Clause: Forcing endless battles is banned
|rule|Species Clause: Limit one of each Pokémon
|rule|OHKO Clause: OHKO moves are banned
|rule|Evasion Items Clause: Evasion items are banned
|rule|Evasion Moves Clause: Evasion moves are banned
|rule|Evasion Abilities Clause: Evasion abilities are banned
|rule|Sleep Moves Clause: Sleep-inducing moves are banned
|clearpoke
|poke|p1|Hydrapple, M|
|poke|p1|Slowking-Galar, F|
|poke|p1|Alomomola, F|
|poke|p1|Great Tusk|
|poke|p1|Corviknight, F|
|poke|p1|Zamazenta-*|
|poke|p2|Zapdos|
|poke|p2|Golem, F|
|poke|p2|Arbok, F|
|poke|p2|Rhydon, F|
|poke|p2|Magneton|
|poke|p2|Dodrio, F|
|teampreview
|
|t:|1757899370
|teamsize|p1|6
|teamsize|p2|6
|start
|switch|p1a: Hydrapple|Hydrapple, M, shiny|100/100
|switch|p2a: Golem|Golem, F|100/100
|turn|1
|inactive|Battle timer is ON: inactive players will automatically lose when time's up. (requested by noah skibba)
|
|t:|1757899377
|move|p2a: Golem|Stealth Rock|p1a: Hydrapple
|-sidestart|p1: noah skibba|move: Stealth Rock
|move|p1a: Hydrapple|Giga Drain|p2a: Golem
|-supereffective|p2a: Golem
|-ability|p2a: Golem|Sturdy
|-damage|p2a: Golem|1/100
|
|upkeep
|turn|2
|-enditem|p2a: Golem|Custap Berry|[eat]
|-activate|p2a: Golem|item: Custap Berry|[consumed]
|
|t:|1757899384
|move|p2a: Golem|Explosion|p1a: Hydrapple
|-damage|p1a: Hydrapple|37/100
|faint|p2a: Golem
|move|p1a: Hydrapple|Giga Drain|p2: Golem|[notarget]
|-fail|p1a: Hydrapple
|
|upkeep
|
|t:|1757899392
|switch|p2a: Dodrio|Dodrio, F|100/100
|turn|3
|
|t:|1757899396
|switch|p1a: Alomomola|Alomomola, F, shiny|100/100
|-damage|p1a: Alomomola|88/100|[from] Stealth Rock
|move|p2a: Dodrio|Brave Bird|p1a: Alomomola
|-damage|p1a: Alomomola|58/100
|-damage|p2a: Dodrio|84/100|[from] item: Rocky Helmet|[of] p1a: Alomomola
|-damage|p2a: Dodrio|64/100|[from] Recoil
|
|upkeep
|turn|4
|
|t:|1757899405
|switch|p2a: Arbok|Arbok, F|100/100
|-ability|p2a: Arbok|Intimidate|boost
|-unboost|p1a: Alomomola|atk|1
|move|p1a: Alomomola|Flip Turn|p2a: Arbok
|-crit|p2a: Arbok
|-damage|p2a: Arbok|69/100
|
|t:|1757899410
|switch|p1a: Great Tusk|Great Tusk|100/100|[from] Flip Turn
|
|upkeep
|turn|5
|
|t:|1757899417
|switch|p2a: Zapdos|Zapdos|100/100
|move|p1a: Great Tusk|Stealth Rock|p2a: Zapdos
|-sidestart|p2: preppy dude|move: Stealth Rock
|
|upkeep
|turn|6
|
|t:|1757899422
|-end|p1a: Great Tusk|Protosynthesis|[silent]
|switch|p1a: Hydrapple|Hydrapple, M, shiny|70/100
|-damage|p1a: Hydrapple|58/100|[from] Stealth Rock
|move|p2a: Zapdos|Air Cutter|p1a: Hydrapple
|-supereffective|p1a: Hydrapple
|-damage|p1a: Hydrapple|24/100
|
|upkeep
|turn|7
|
|t:|1757899430
|switch|p1a: Slowking|Slowking-Galar, F|100/100
|move|p2a: Zapdos|Air Cutter|p1a: Slowking
|-damage|p1a: Slowking|85/100
|
|upkeep
|turn|8
|
|t:|1757899436
|move|p2a: Zapdos|Discharge|p1a: Slowking
|-damage|p1a: Slowking|64/100
|-status|p1a: Slowking|par
|move|p1a: Slowking|Future Sight|p2a: Zapdos
|-start|p1a: Slowking|move: Future Sight
|
|upkeep
|turn|9
|
|t:|1757899446
|move|p2a: Zapdos|Discharge|p1a: Slowking
|-damage|p1a: Slowking|44/100 par
|-prepare|p1a: Slowking|Chilly Reception|[premajor]
|cant|p1a: Slowking|par
|
|upkeep
|turn|10
|
|t:|1757899452
|move|p2a: Zapdos|Air Cutter|p1a: Slowking
|-damage|p1a: Slowking|30/100 par
|-prepare|p1a: Slowking|Chilly Reception|[premajor]
|cant|p1a: Slowking|par
|
|-end|p2a: Zapdos|move: Future Sight
|-damage|p2a: Zapdos|61/100
|-heal|p2a: Zapdos|67/100|[from] item: Leftovers
|upkeep
|turn|11
|
|t:|1757899461
|move|p2a: Zapdos|Air Cutter|p1a: Slowking
|-damage|p1a: Slowking|16/100 par
|-prepare|p1a: Slowking|Chilly Reception|[premajor]
|cant|p1a: Slowking|par
|
|-heal|p2a: Zapdos|74/100|[from] item: Leftovers
|upkeep
|turn|12
|
|t:|1757899471
|switch|p1a: Hydrapple|Hydrapple, M, shiny|57/100
|-damage|p1a: Hydrapple|45/100|[from] Stealth Rock
|move|p2a: Zapdos|Discharge|p1a: Hydrapple
|-resisted|p1a: Hydrapple
|-damage|p1a: Hydrapple|40/100
|
|-heal|p2a: Zapdos|80/100|[from] item: Leftovers
|upkeep
|turn|13
|
|t:|1757899480
|switch|p1a: Alomomola|Alomomola, F, shiny|91/100
|-damage|p1a: Alomomola|79/100|[from] Stealth Rock
|move|p2a: Zapdos|Air Cutter|p1a: Alomomola
|-damage|p1a: Alomomola|50/100
|
|-heal|p2a: Zapdos|86/100|[from] item: Leftovers
|upkeep
|turn|14
|
|t:|1757899492
|switch|p1a: Hydrapple|Hydrapple, M, shiny|73/100
|-damage|p1a: Hydrapple|61/100|[from] Stealth Rock
|move|p2a: Zapdos|Discharge|p1a: Hydrapple
|-resisted|p1a: Hydrapple
|-damage|p1a: Hydrapple|56/100
|-status|p1a: Hydrapple|par
|
|-heal|p2a: Zapdos|92/100|[from] item: Leftovers
|upkeep
|turn|15
|
|t:|1757899503
|move|p2a: Zapdos|Air Cutter|p1a: Hydrapple
|-supereffective|p1a: Hydrapple
|-damage|p1a: Hydrapple|21/100 par
|move|p1a: Hydrapple|Draco Meteor|p2a: Zapdos
|-damage|p2a: Zapdos|33/100
|-unboost|p1a: Hydrapple|spa|2
|
|-heal|p2a: Zapdos|39/100|[from] item: Leftovers
|upkeep
|turn|16
|
|t:|1757899514
|switch|p1a: Slowking|Slowking-Galar, F|49/100 par
|move|p2a: Zapdos|Roost|p2a: Zapdos
|-heal|p2a: Zapdos|89/100
|-singleturn|p2a: Zapdos|move: Roost
|
|-heal|p2a: Zapdos|95/100|[from] item: Leftovers
|upkeep
|turn|17
|
|t:|1757899523
|move|p2a: Zapdos|Discharge|p1a: Slowking
|-damage|p1a: Slowking|29/100 par
|move|p1a: Slowking|Sludge Bomb|p2a: Zapdos
|-damage|p2a: Zapdos|68/100
|-status|p2a: Zapdos|psn
|
|-heal|p2a: Zapdos|75/100 psn|[from] item: Leftovers
|-damage|p2a: Zapdos|62/100 psn|[from] psn
|upkeep
|turn|18
|
|t:|1757899534
|switch|p2a: Arbok|Arbok, F|69/100
|-damage|p2a: Arbok|56/100|[from] Stealth Rock
|-ability|p2a: Arbok|Intimidate|boost
|-unboost|p1a: Slowking|atk|1
|-prepare|p1a: Slowking|Chilly Reception|[premajor]
|move|p1a: Slowking|Chilly Reception|p1a: Slowking
|-weather|Snowscape
|
|t:|1757899538
|switch|p1a: Great Tusk|Great Tusk|100/100|[from] Chilly Reception
|
|-weather|Snowscape|[upkeep]
|upkeep
|turn|19
|
|t:|1757899547
|switch|p2a: Zapdos|Zapdos|62/100 psn
|-damage|p2a: Zapdos|37/100 psn|[from] Stealth Rock
|move|p1a: Great Tusk|Headlong Rush|p2a: Zapdos
|-immune|p2a: Zapdos
|
|-weather|Snowscape|[upkeep]
|-heal|p2a: Zapdos|43/100 psn|[from] item: Leftovers
|-damage|p2a: Zapdos|31/100 psn|[from] psn
|upkeep
|turn|20
|
|t:|1757899557
|-end|p1a: Great Tusk|Protosynthesis|[silent]
|switch|p1a: Slowking|Slowking-Galar, F|62/100 par
|move|p2a: Zapdos|Air Cutter|p1a: Slowking
|-damage|p1a: Slowking|46/100 par
|
|-weather|Snowscape|[upkeep]
|-heal|p2a: Zapdos|37/100 psn|[from] item: Leftovers
|-damage|p2a: Zapdos|25/100 psn|[from] psn
|upkeep
|turn|21
|
|t:|1757899566
|move|p2a: Zapdos|Roost|p2a: Zapdos
|-heal|p2a: Zapdos|75/100 psn
|-singleturn|p2a: Zapdos|move: Roost
|-prepare|p1a: Slowking|Chilly Reception|[premajor]
|move|p1a: Slowking|Chilly Reception|p1a: Slowking
|
|t:|1757899571
|switch|p1a: Hydrapple|Hydrapple, M, shiny|54/100 par|[from] Chilly Reception
|-damage|p1a: Hydrapple|42/100 par|[from] Stealth Rock
|
|-weather|Snowscape|[upkeep]
|-heal|p2a: Zapdos|81/100 psn|[from] item: Leftovers
|-damage|p2a: Zapdos|68/100 psn|[from] psn
|upkeep
|turn|22
|
|t:|1757899580
|switch|p1a: Slowking|Slowking-Galar, F|80/100 par
|move|p2a: Zapdos|Air Cutter|p1a: Slowking
|-damage|p1a: Slowking|65/100 par
|
|-weather|none
|-heal|p2a: Zapdos|75/100 psn|[from] item: Leftovers
|-damage|p2a: Zapdos|62/100 psn|[from] psn
|upkeep
|turn|23
|
|t:|1757899590
|move|p2a: Zapdos|Discharge|p1a: Slowking
|-damage|p1a: Slowking|44/100 par
|-prepare|p1a: Slowking|Chilly Reception|[premajor]
|move|p1a: Slowking|Chilly Reception|p1a: Slowking
|-weather|Snowscape
|
|t:|1757899592
|switch|p1a: Hydrapple|Hydrapple, M, shiny|75/100 par|[from] Chilly Reception
|-damage|p1a: Hydrapple|63/100 par|[from] Stealth Rock
|
|-weather|Snowscape|[upkeep]
|-heal|p2a: Zapdos|68/100 psn|[from] item: Leftovers
|-damage|p2a: Zapdos|56/100 psn|[from] psn
|upkeep
|turn|24
|
|t:|1757899610
|move|p2a: Zapdos|Air Cutter|p1a: Hydrapple
|-supereffective|p1a: Hydrapple
|-damage|p1a: Hydrapple|31/100 par
|move|p1a: Hydrapple|Fickle Beam|p2a: Zapdos
|-damage|p2a: Zapdos|23/100 psn
|
|-weather|Snowscape|[upkeep]
|-heal|p2a: Zapdos|29/100 psn|[from] item: Leftovers
|-damage|p2a: Zapdos|17/100 psn|[from] psn
|upkeep
|turn|25
|
|t:|1757899620
|switch|p1a: Slowking|Slowking-Galar, F|77/100 par
|move|p2a: Zapdos|Roost|p2a: Zapdos
|-heal|p2a: Zapdos|67/100 psn
|-singleturn|p2a: Zapdos|move: Roost
|
|-weather|Snowscape|[upkeep]
|-heal|p2a: Zapdos|73/100 psn|[from] item: Leftovers
|-damage|p2a: Zapdos|60/100 psn|[from] psn
|upkeep
|turn|26
|
|t:|1757899630
|move|p2a: Zapdos|Discharge|p1a: Slowking
|-damage|p1a: Slowking|58/100 par
|move|p1a: Slowking|Future Sight|p2a: Zapdos
|-start|p1a: Slowking|move: Future Sight
|
|-weather|Snowscape|[upkeep]
|-heal|p2a: Zapdos|67/100 psn|[from] item: Leftovers
|-damage|p2a: Zapdos|54/100 psn|[from] psn
|upkeep
|turn|27
|
|t:|1757899639
|move|p2a: Zapdos|Discharge|p1a: Slowking
|-crit|p1a: Slowking
|-damage|p1a: Slowking|28/100 par
|-prepare|p1a: Slowking|Chilly Reception|[premajor]
|move|p1a: Slowking|Chilly Reception|p1a: Slowking
|
|t:|1757899643
|switch|p1a: Hydrapple|Hydrapple, M, shiny|64/100 par|[from] Chilly Reception
|-damage|p1a: Hydrapple|52/100 par|[from] Stealth Rock
|
|-weather|none
|-heal|p2a: Zapdos|60/100 psn|[from] item: Leftovers
|-damage|p2a: Zapdos|48/100 psn|[from] psn
|upkeep
|turn|28
|
|t:|1757899653
|switch|p1a: Slowking|Slowking-Galar, F|61/100 par
|move|p2a: Zapdos|Air Cutter|p1a: Slowking
|-damage|p1a: Slowking|46/100 par
|
|-end|p2a: Zapdos|move: Future Sight
|-damage|p2a: Zapdos|14/100 psn
|-heal|p2a: Zapdos|21/100 psn|[from] item: Leftovers
|-damage|p2a: Zapdos|8/100 psn|[from] psn
|upkeep
|turn|29
|
|t:|1757899663
|move|p2a: Zapdos|Roost|p2a: Zapdos
|-heal|p2a: Zapdos|58/100 psn
|-singleturn|p2a: Zapdos|move: Roost
|-prepare|p1a: Slowking|Chilly Reception|[premajor]
|move|p1a: Slowking|Chilly Reception|p1a: Slowking
|-weather|Snowscape
|
|t:|1757899667
|switch|p1a: Hydrapple|Hydrapple, M, shiny|85/100 par|[from] Chilly Reception
|-damage|p1a: Hydrapple|73/100 par|[from] Stealth Rock
|
|-weather|Snowscape|[upkeep]
|-heal|p2a: Zapdos|64/100 psn|[from] item: Leftovers
|-damage|p2a: Zapdos|52/100 psn|[from] psn
|upkeep
|turn|30
|
|t:|1757899678
|move|p2a: Zapdos|Air Cutter|p1a: Hydrapple|[miss]
|-miss|p2a: Zapdos|p1a: Hydrapple
|move|p1a: Hydrapple|Fickle Beam|p2a: Zapdos
|-damage|p2a: Zapdos|14/100 psn
|
|-weather|Snowscape|[upkeep]
|-heal|p2a: Zapdos|21/100 psn|[from] item: Leftovers
|-damage|p2a: Zapdos|8/100 psn|[from] psn
|upkeep
|turn|31
|
|t:|1757899687
|move|p2a: Zapdos|Roost|p2a: Zapdos
|-heal|p2a: Zapdos|58/100 psn
|-singleturn|p2a: Zapdos|move: Roost
|move|p1a: Hydrapple|Fickle Beam|p2a: Zapdos
|-damage|p2a: Zapdos|21/100 psn
|
|-weather|Snowscape|[upkeep]
|-heal|p2a: Zapdos|27/100 psn|[from] item: Leftovers
|-damage|p2a: Zapdos|14/100 psn|[from] psn
|upkeep
|turn|32
|
|t:|1757899697
|move|p2a: Zapdos|Roost|p2a: Zapdos
|-heal|p2a: Zapdos|64/100 psn
|-singleturn|p2a: Zapdos|move: Roost
|move|p1a: Hydrapple|Fickle Beam|p2a: Zapdos|[anim] Fickle Beam All Out
|-activate|p1a: Hydrapple|move: Fickle Beam
|-damage|p2a: Zapdos|0 fnt
|faint|p2a: Zapdos
|
|-weather|Snowscape|[upkeep]
|upkeep
|
|t:|1757899707
|switch|p2a: Arbok|Arbok, F|56/100
|-damage|p2a: Arbok|44/100|[from] Stealth Rock
|-ability|p2a: Arbok|Intimidate|boost
|-unboost|p1a: Hydrapple|atk|1
|turn|33
|
|t:|1757899720
|switch|p1a: Great Tusk|Great Tusk|100/100
|move|p2a: Arbok|Switcheroo|p1a: Great Tusk
|-activate|p2a: Arbok|move: Trick|[of] p1a: Great Tusk
|-item|p1a: Great Tusk|Choice Scarf|[from] move: Switcheroo
|-item|p2a: Arbok|Heavy-Duty Boots|[from] move: Switcheroo
|
|-weather|none
|upkeep
|turn|34
|
|t:|1757899728
|move|p2a: Arbok|Protect|p2a: Arbok
|-singleturn|p2a: Arbok|Protect
|move|p1a: Great Tusk|Headlong Rush|p2a: Arbok
|-activate|p2a: Arbok|move: Protect
|
|upkeep
|turn|35
|
|t:|1757899742
|move|p1a: Great Tusk|Headlong Rush|p2a: Arbok
|-supereffective|p2a: Arbok
|-damage|p2a: Arbok|0 fnt
|-unboost|p1a: Great Tusk|def|1
|-unboost|p1a: Great Tusk|spd|1
|faint|p2a: Arbok
|
|upkeep
|
|t:|1757899748
|switch|p2a: Rhydon|Rhydon, F|100/100
|-damage|p2a: Rhydon|94/100|[from] Stealth Rock
|turn|36
|
|t:|1757899753
|-terastallize|p2a: Rhydon|Ghost
|move|p1a: Great Tusk|Headlong Rush|p2a: Rhydon
|-damage|p2a: Rhydon|71/100
|-unboost|p1a: Great Tusk|def|1
|-unboost|p1a: Great Tusk|spd|1
|move|p2a: Rhydon|Avalanche|p1a: Great Tusk
|-supereffective|p1a: Great Tusk
|-damage|p1a: Great Tusk|3/100
|
|upkeep
|turn|37
|
|t:|1757899775
|move|p1a: Great Tusk|Headlong Rush|p2a: Rhydon
|-crit|p2a: Rhydon
|-damage|p2a: Rhydon|36/100
|-unboost|p1a: Great Tusk|def|1
|-unboost|p1a: Great Tusk|spd|1
|move|p2a: Rhydon|Avalanche|p1a: Great Tusk
|-supereffective|p1a: Great Tusk
|-damage|p1a: Great Tusk|0 fnt
|faint|p1a: Great Tusk
|-end|p1a: Great Tusk|Protosynthesis|[silent]
|
|upkeep
|
|t:|1757899780
|switch|p1a: Hydrapple|Hydrapple, M, shiny|100/100 par
|-damage|p1a: Hydrapple|88/100 par|[from] Stealth Rock
|turn|38
|
|t:|1757899795
|move|p2a: Rhydon|Rock Blast|p1a: Hydrapple
|-damage|p1a: Hydrapple|79/100 par
|-damage|p1a: Hydrapple|69/100 par
|-damage|p1a: Hydrapple|59/100 par
|-hitcount|p1a: Hydrapple|3
|cant|p1a: Hydrapple|par
|
|upkeep
|turn|39
|
|t:|1757899808
|move|p2a: Rhydon|Rock Blast|p1a: Hydrapple
|-damage|p1a: Hydrapple|48/100 par
|-damage|p1a: Hydrapple|39/100 par
|-damage|p1a: Hydrapple|29/100 par
|-damage|p1a: Hydrapple|19/100 par
|-hitcount|p1a: Hydrapple|4
|move|p1a: Hydrapple|Giga Drain|p2a: Rhydon
|-damage|p2a: Rhydon|0 fnt
|-heal|p1a: Hydrapple|37/100 par|[from] drain|[of] p2a: Rhydon
|faint|p2a: Rhydon
|
|upkeep
|
|t:|1757899822
|switch|p2a: Dodrio|Dodrio, F|64/100
|-damage|p2a: Dodrio|39/100|[from] Stealth Rock
|turn|40
|inactive|preppy dude has 120 seconds left.
|
|t:|1757899842
|switch|p1a: Alomomola|Alomomola, F, shiny|83/100
|-damage|p1a: Alomomola|71/100|[from] Stealth Rock
|move|p2a: Dodrio|Knock Off|p1a: Alomomola
|-damage|p1a: Alomomola|55/100
|-damage|p2a: Dodrio|22/100|[from] item: Rocky Helmet|[of] p1a: Alomomola
|-enditem|p1a: Alomomola|Rocky Helmet|[from] move: Knock Off|[of] p2a: Dodrio
|
|upkeep
|turn|41
|
|t:|1757899853
|move|p2a: Dodrio|Knock Off|p1a: Alomomola
|-damage|p1a: Alomomola|42/100
|move|p1a: Alomomola|Scald|p2a: Dodrio
|-damage|p2a: Dodrio|0 fnt
|faint|p2a: Dodrio
|
|upkeep
|
|t:|1757899860
|switch|p2a: Magneton|Magneton|100/100
|-damage|p2a: Magneton|94/100|[from] Stealth Rock
|turn|42
|
|t:|1757899866
|move|p2a: Magneton|Discharge|p1a: Alomomola
|-supereffective|p1a: Alomomola
|-damage|p1a: Alomomola|0 fnt
|faint|p1a: Alomomola
|
|upkeep
|
|t:|1757899870
|switch|p1a: Zamazenta|Zamazenta, shiny|100/100
|-damage|p1a: Zamazenta|94/100|[from] Stealth Rock
|-ability|p1a: Zamazenta|Dauntless Shield|boost
|-boost|p1a: Zamazenta|def|1
|turn|43
|
|t:|1757899876
|move|p2a: Magneton|Discharge|p1a: Zamazenta
|-damage|p1a: Zamazenta|61/100
|move|p1a: Zamazenta|Body Press|p2a: Magneton
|-supereffective|p2a: Magneton
|-damage|p2a: Magneton|0 fnt
|faint|p2a: Magneton
|
|win|noah skibba
|raw|noah skibba's rating: 1265 &rarr; <strong>1292</strong><br />(+27 for winning)
|raw|preppy dude's rating: 1294 &rarr; <strong>1267</strong><br />(-27 for losing)
|l|☆preppy dude
|player|p2|
