|j|☆Johnytt
|j|☆tza803
|t:|1757822181
|gametype|singles
|player|p1|Johnytt|170|1302
|player|p2|tza803|102|1258
|gen|9
|tier|[Gen 9] OU
|rated|
|rule|HP Percentage Mod: HP is shown in percentages
|rule|Endless Battle Clause: Forcing endless battles is banned
|rule|Species Clause: Limit one of each Pokémon
|rule|OHKO Clause: OHKO moves are banned
|rule|Evasion Items Clause: Evasion items are banned
|rule|Evasion Moves Clause: Evasion moves are banned
|rule|Evasion Abilities Clause: Evasion abilities are banned
|rule|Sleep Moves Clause: Sleep-inducing moves are banned
|clearpoke
|poke|p1|Samurott-Hisui, M|
|poke|p1|Sinistcha|
|poke|p1|Landorus-Therian, M|
|poke|p1|Hydreigon, F|
|poke|p1|Tinkaton, F|
|poke|p1|Moltres|
|poke|p2|Zamazenta-*|
|poke|p2|Hatterene, F|
|poke|p2|Walking Wake|
|poke|p2|Dragonite, F|
|poke|p2|Cinderace, F|
|poke|p2|Great Tusk|
|teampreview
|inactive|Battle timer is ON: inactive players will automatically lose when time's up. (requested by tza803)
|l|☆Johnytt
|inactive|Johnytt disconnected and has a minute to reconnect!
|player|p1|
|j|☆Johnytt
|inactive|Johnytt reconnected and has 145 seconds left.
|player|p1|Johnytt|170|
|
|t:|1757822202
|teamsize|p1|6
|teamsize|p2|6
|start
|switch|p1a: Tinkaton|Tinkaton, F|100/100
|switch|p2a: Great Tusk|Great Tusk|100/100
|-item|p1a: Tinkaton|Air Balloon
|turn|1
|
|t:|1757822220
|move|p1a: Tinkaton|Stealth Rock|p2a: Great Tusk
|-sidestart|p2: tza803|move: Stealth Rock
|move|p2a: Great Tusk|Rapid Spin|p1a: Tinkaton
|-resisted|p1a: Tinkaton
|-damage|p1a: Tinkaton|90/100
|-boost|p2a: Great Tusk|spe|1
|-enditem|p1a: Tinkaton|Air Balloon
|-sideend|p2: tza803|Stealth Rock|[from] move: Rapid Spin|[of] p2a: Great Tusk
|-enditem|p2a: Great Tusk|Heavy-Duty Boots|[silent]|[from] ability: Pickpocket|[of] p2a: Great Tusk
|-item|p1a: Tinkaton|Heavy-Duty Boots|[from] ability: Pickpocket|[of] p2a: Great Tusk
|
|upkeep
|turn|2
|
|t:|1757822239
|switch|p1a: Sinistcha|Sinistcha|100/100
|move|p2a: Great Tusk|Stealth Rock|p1a: Sinistcha
|-sidestart|p1: Johnytt|move: Stealth Rock
|
|upkeep
|turn|3
|
|t:|1757822256
|-end|p2a: Great Tusk|Protosynthesis|[silent]
|switch|p2a: Cinderace|Cinderace, F|100/100
|move|p1a: Sinistcha|Strength Sap|p2a: Cinderace
|-unboost|p2a: Cinderace|atk|1
|
|upkeep
|turn|4
|
|t:|1757822281
|switch|p2a: Walking Wake|Walking Wake|100/100
|move|p1a: Sinistcha|Shadow Ball|p2a: Walking Wake
|-damage|p2a: Walking Wake|70/100
|
|upkeep
|turn|5
|
|t:|1757822288
|move|p2a: Walking Wake|Flamethrower|p1a: Sinistcha
|-supereffective|p1a: Sinistcha
|-damage|p1a: Sinistcha|57/100
|move|p1a: Sinistcha|Calm Mind|p1a: Sinistcha
|-boost|p1a: Sinistcha|spa|1
|-boost|p1a: Sinistcha|spd|1
|
|upkeep
|turn|6
|
|t:|1757822300
|move|p2a: Walking Wake|Flamethrower|p1a: Sinistcha
|-supereffective|p1a: Sinistcha
|-damage|p1a: Sinistcha|26/100
|move|p1a: Sinistcha|Matcha Gotcha|p2a: Walking Wake
|-damage|p2a: Walking Wake|19/100
|-heal|p1a: Sinistcha|57/100|[from] drain|[of] p2a: Walking Wake
|-status|p2a: Walking Wake|brn
|
|-damage|p2a: Walking Wake|13/100 brn|[from] brn
|upkeep
|turn|7
|
|t:|1757822309
|move|p2a: Walking Wake|Draco Meteor|p1a: Sinistcha
|-damage|p1a: Sinistcha|0 fnt
|-unboost|p2a: Walking Wake|spa|2
|faint|p1a: Sinistcha
|
|-damage|p2a: Walking Wake|7/100 brn|[from] brn
|upkeep
|
|t:|1757822317
|switch|p1a: Landorus|Landorus-Therian, M|100/100
|-damage|p1a: Landorus|88/100|[from] Stealth Rock
|-ability|p1a: Landorus|Intimidate|boost
|-unboost|p2a: Walking Wake|atk|1
|turn|8
|
|t:|1757822339
|-end|p2a: Walking Wake|Protosynthesis|[silent]
|switch|p2a: Hatterene|Hatterene, F|100/100
|move|p1a: Landorus|U-turn|p2a: Hatterene
|-damage|p2a: Hatterene|71/100
|
|t:|1757822344
|switch|p1a: Tinkaton|Tinkaton, F|90/100|[from] U-turn
|
|-heal|p2a: Hatterene|77/100|[from] item: Leftovers
|upkeep
|turn|9
|
|t:|1757822349
|move|p1a: Tinkaton|Gigaton Hammer|p2a: Hatterene
|-supereffective|p2a: Hatterene
|-crit|p2a: Hatterene
|-damage|p2a: Hatterene|0 fnt
|faint|p2a: Hatterene
|
|upkeep
|
|t:|1757822357
|switch|p2a: Cinderace|Cinderace, F|100/100
|turn|10
|
|t:|1757822362
|switch|p1a: Moltres|Moltres|100/100
|move|p2a: Cinderace|Pyro Ball|p1a: Moltres
|-resisted|p1a: Moltres
|-damage|p1a: Moltres|74/100
|
|upkeep
|turn|11
|
|t:|1757822380
|switch|p2a: Dragonite|Dragonite, F|100/100
|move|p1a: Moltres|Roost|p1a: Moltres
|-heal|p1a: Moltres|100/100
|-singleturn|p1a: Moltres|move: Roost
|
|upkeep
|turn|12
|
|t:|1757822384
|move|p1a: Moltres|U-turn|p2a: Dragonite
|-resisted|p2a: Dragonite
|-damage|p2a: Dragonite|97/100
|
|t:|1757822387
|switch|p1a: Tinkaton|Tinkaton, F|90/100|[from] U-turn
|move|p2a: Dragonite|Substitute|p2a: Dragonite
|-start|p2a: Dragonite|Substitute
|-damage|p2a: Dragonite|72/100
|
|upkeep
|turn|13
|
|t:|1757822403
|switch|p2a: Great Tusk|Great Tusk|100/100
|move|p1a: Tinkaton|Encore||[still]
|-fail|p1a: Tinkaton
|
|upkeep
|turn|14
|
|t:|1757822420
|switch|p1a: Moltres|Moltres|100/100
|move|p2a: Great Tusk|Rapid Spin|p1a: Moltres
|-damage|p1a: Moltres|87/100
|-boost|p2a: Great Tusk|spe|1
|-status|p2a: Great Tusk|brn|[from] ability: Flame Body|[of] p1a: Moltres
|
|-damage|p2a: Great Tusk|94/100 brn|[from] brn
|upkeep
|turn|15
|inactive|tza803 has 120 seconds left.
|
|t:|1757822463
|-end|p2a: Great Tusk|Protosynthesis|[silent]
|switch|p2a: Cinderace|Cinderace, F|100/100
|move|p1a: Moltres|Flamethrower|p2a: Cinderace
|-resisted|p2a: Cinderace
|-damage|p2a: Cinderace|66/100
|
|upkeep
|turn|16
|
|t:|1757822472
|move|p2a: Cinderace|Pyro Ball|p1a: Moltres
|-resisted|p1a: Moltres
|-damage|p1a: Moltres|58/100
|move|p1a: Moltres|Scorching Sands|p2a: Cinderace
|-supereffective|p2a: Cinderace
|-damage|p2a: Cinderace|0 fnt
|faint|p2a: Cinderace
|
|upkeep
|
|t:|1757822480
|switch|p2a: Walking Wake|Walking Wake|7/100 brn
|turn|17
|
|t:|1757822505
|move|p2a: Walking Wake|Hydro Pump|p1a: Moltres
|-supereffective|p1a: Moltres
|-damage|p1a: Moltres|0 fnt
|faint|p1a: Moltres
|
|-damage|p2a: Walking Wake|0 fnt|[from] brn
|faint|p2a: Walking Wake
|-end|p2a: Walking Wake|Protosynthesis|[silent]
|upkeep
|
|t:|1757822514
|switch|p2a: Great Tusk|Great Tusk|94/100 brn
|switch|p1a: Samurott|Samurott-Hisui, M|100/100
|-damage|p1a: Samurott|88/100|[from] Stealth Rock
|turn|18
|
|t:|1757822519
|-end|p2a: Great Tusk|Protosynthesis|[silent]
|switch|p2a: Zamazenta|Zamazenta|100/100
|-ability|p2a: Zamazenta|Dauntless Shield|boost
|-boost|p2a: Zamazenta|def|1
|move|p1a: Samurott|Flip Turn|p2a: Zamazenta
|-damage|p2a: Zamazenta|89/100
|
|t:|1757822529
|switch|p1a: Landorus|Landorus-Therian, M|88/100|[from] Flip Turn
|-damage|p1a: Landorus|76/100|[from] Stealth Rock
|-ability|p1a: Landorus|Intimidate|boost
|-unboost|p2a: Zamazenta|atk|1
|
|-heal|p2a: Zamazenta|96/100|[from] item: Leftovers
|upkeep
|turn|19
|
|t:|1757822537
|move|p1a: Landorus|U-turn|p2a: Zamazenta
|-resisted|p2a: Zamazenta
|-damage|p2a: Zamazenta|91/100
|
|t:|1757822539
|switch|p1a: Tinkaton|Tinkaton, F|90/100|[from] U-turn
|move|p2a: Zamazenta|Substitute|p2a: Zamazenta
|-start|p2a: Zamazenta|Substitute
|-damage|p2a: Zamazenta|66/100
|
|-heal|p2a: Zamazenta|72/100|[from] item: Leftovers
|upkeep
|turn|20
|
|t:|1757822544
|move|p2a: Zamazenta|Iron Defense|p2a: Zamazenta
|-boost|p2a: Zamazenta|def|2
|move|p1a: Tinkaton|Stealth Rock|p2a: Zamazenta
|-sidestart|p2: tza803|move: Stealth Rock
|
|-heal|p2a: Zamazenta|78/100|[from] item: Leftovers
|upkeep
|turn|21
|
|t:|1757822549
|move|p2a: Zamazenta|Iron Defense|p2a: Zamazenta
|-boost|p2a: Zamazenta|def|2
|move|p1a: Tinkaton|Encore|p2a: Zamazenta
|-start|p2a: Zamazenta|Encore
|
|-heal|p2a: Zamazenta|84/100|[from] item: Leftovers
|upkeep
|turn|22
|
|t:|1757822553
|switch|p1a: Hydreigon|Hydreigon, F|100/100
|-damage|p1a: Hydreigon|88/100|[from] Stealth Rock
|move|p2a: Zamazenta|Iron Defense|p2a: Zamazenta
|-boost|p2a: Zamazenta|def|1
|
|-heal|p2a: Zamazenta|91/100|[from] item: Leftovers
|upkeep
|turn|23
|
|t:|1757822562
|move|p2a: Zamazenta|Iron Defense|p2a: Zamazenta
|-boost|p2a: Zamazenta|def|0
|move|p1a: Hydreigon|Flash Cannon|p2a: Zamazenta
|-end|p2a: Zamazenta|Substitute
|
|-heal|p2a: Zamazenta|97/100|[from] item: Leftovers
|upkeep
|turn|24
|
|t:|1757822569
|move|p2a: Zamazenta|Iron Defense|p2a: Zamazenta
|-boost|p2a: Zamazenta|def|0
|move|p1a: Hydreigon|Flash Cannon|p2a: Zamazenta
|-damage|p2a: Zamazenta|62/100
|-unboost|p2a: Zamazenta|spd|1
|
|-heal|p2a: Zamazenta|68/100|[from] item: Leftovers
|-end|p2a: Zamazenta|Encore
|upkeep
|turn|25
|
|t:|1757822581
|switch|p1a: Tinkaton|Tinkaton, F|90/100
|-terastallize|p2a: Zamazenta|Electric
|move|p2a: Zamazenta|Body Press|p1a: Tinkaton
|-damage|p1a: Tinkaton|0 fnt
|faint|p1a: Tinkaton
|
|-heal|p2a: Zamazenta|75/100|[from] item: Leftovers
|upkeep
|
|t:|1757822585
|switch|p1a: Landorus|Landorus-Therian, M|76/100
|-damage|p1a: Landorus|64/100|[from] Stealth Rock
|-ability|p1a: Landorus|Intimidate|boost
|-unboost|p2a: Zamazenta|atk|1
|turn|26
|
|t:|1757822595
|move|p1a: Landorus|Earthquake|p2a: Zamazenta
|-supereffective|p2a: Zamazenta
|-damage|p2a: Zamazenta|59/100
|move|p2a: Zamazenta|Substitute|p2a: Zamazenta
|-start|p2a: Zamazenta|Substitute
|-damage|p2a: Zamazenta|34/100
|
|-heal|p2a: Zamazenta|41/100|[from] item: Leftovers
|upkeep
|turn|27
|
|t:|1757822600
|move|p1a: Landorus|Earthquake|p2a: Zamazenta
|-supereffective|p2a: Zamazenta
|-activate|p2a: Zamazenta|move: Substitute|[damage]
|move|p2a: Zamazenta|Body Press|p1a: Landorus
|-resisted|p1a: Landorus
|-damage|p1a: Landorus|0 fnt
|faint|p1a: Landorus
|
|-heal|p2a: Zamazenta|47/100|[from] item: Leftovers
|upkeep
|
|t:|1757822602
|switch|p1a: Hydreigon|Hydreigon, F|88/100
|-damage|p1a: Hydreigon|76/100|[from] Stealth Rock
|turn|28
|
|t:|1757822605
|move|p2a: Zamazenta|Body Press|p1a: Hydreigon
|-supereffective|p1a: Hydreigon
|-damage|p1a: Hydreigon|0 fnt
|faint|p1a: Hydreigon
|
|-heal|p2a: Zamazenta|53/100|[from] item: Leftovers
|upkeep
|
|t:|1757822607
|switch|p1a: Samurott|Samurott-Hisui, M|88/100
|-damage|p1a: Samurott|76/100|[from] Stealth Rock
|turn|29
|
|t:|1757822610
|move|p1a: Samurott|Sacred Sword|p2a: Zamazenta
|-end|p2a: Zamazenta|Substitute
|move|p2a: Zamazenta|Body Press|p1a: Samurott
|-supereffective|p1a: Samurott
|-damage|p1a: Samurott|0 fnt
|faint|p1a: Samurott
|
|win|tza803
|raw|Johnytt's rating: 1302 &rarr; <strong>1279</strong><br />(-23 for losing)
|raw|tza803's rating: 1258 &rarr; <strong>1286</strong><br />(+28 for winning)
