|j|☆DhavyP
|j|‽Junkilo
|t:|1757913961
|gametype|singles
|player|p1|DhavyP|1|1106
|player|p2|Junkilo|102|1114
|gen|9
|tier|[Gen 9] OU
|rated|
|rule|HP Percentage Mod: HP is shown in percentages
|rule|Endless Battle Clause: Forcing endless battles is banned
|rule|Species Clause: Limit one of each Pokémon
|rule|OHKO Clause: OHKO moves are banned
|rule|Evasion Items Clause: Evasion items are banned
|rule|Evasion Moves Clause: Evasion moves are banned
|rule|Evasion Abilities Clause: Evasion abilities are banned
|rule|Sleep Moves Clause: Sleep-inducing moves are banned
|clearpoke
|poke|p1|Raging Bolt|
|poke|p1|Iron Valiant|
|poke|p1|Garganacl, M|
|poke|p1|Tauros-Paldea-Blaze, M|
|poke|p1|Meowscarada, F|
|poke|p1|Inteleon, M|
|poke|p2|Poliwrath, F|
|poke|p2|Pelipper, F|
|poke|p2|Raichu, M|
|poke|p2|Politoed, F|
|poke|p2|Ludicolo, F|
|poke|p2|Basculegion-F, F|
|teampreview
|inactive|Battle timer is ON: inactive players will automatically lose when time's up. (requested by DhavyP)
|
|t:|1757913970
|teamsize|p1|6
|teamsize|p2|6
|start
|switch|p1a: Raging Bolt|Raging Bolt|100/100
|switch|p2a: Politoed|Politoed, F|100/100
|-weather|RainDance|[from] ability: Drizzle|[of] p2a: Politoed
|-enditem|p1a: Raging Bolt|Booster Energy
|-activate|p1a: Raging Bolt|ability: Protosynthesis|[fromitem]
|-start|p1a: Raging Bolt|protosynthesisspa
|turn|1
|
|t:|1757913973
|move|p2a: Politoed|Encore||[still]
|-fail|p2a: Politoed
|move|p1a: Raging Bolt|Discharge|p2a: Politoed
|-supereffective|p2a: Politoed
|-damage|p2a: Politoed|17/100
|
|-weather|RainDance|[upkeep]
|upkeep
|turn|2
|
|t:|1757913977
|move|p2a: Politoed|Encore|p1a: Raging Bolt
|-start|p1a: Raging Bolt|Encore
|move|p1a: Raging Bolt|Discharge|p2a: Politoed
|-supereffective|p2a: Politoed
|-damage|p2a: Politoed|0 fnt
|faint|p2a: Politoed
|
|-weather|RainDance|[upkeep]
|upkeep
|
|t:|1757913978
|switch|p2a: Raichu|Raichu, M|100/100
|turn|3
|
|t:|1757913982
|-end|p1a: Raging Bolt|Protosynthesis|[silent]
|switch|p1a: Tauros|Tauros-Paldea-Blaze, M|100/100
|-ability|p1a: Tauros|Intimidate|boost
|-unboost|p2a: Raichu|atk|1
|move|p2a: Raichu|Nasty Plot|p2a: Raichu
|-boost|p2a: Raichu|spa|2
|
|-weather|RainDance|[upkeep]
|upkeep
|turn|4
|
|t:|1757913985
|move|p2a: Raichu|Surf|p1a: Tauros
|-supereffective|p1a: Tauros
|-damage|p1a: Tauros|0 fnt
|faint|p1a: Tauros
|-damage|p2a: Raichu|91/100|[from] item: Life Orb
|
|-weather|RainDance|[upkeep]
|upkeep
|
|t:|1757913994
|switch|p1a: Garganacl|Garganacl, M, shiny|100/100
|turn|5
|
|t:|1757913999
|move|p2a: Raichu|Surf|p1a: Garganacl
|-supereffective|p1a: Garganacl
|-damage|p1a: Garganacl|0 fnt
|faint|p1a: Garganacl
|-damage|p2a: Raichu|81/100|[from] item: Life Orb
|
|-weather|RainDance|[upkeep]
|upkeep
|
|t:|1757914004
|switch|p1a: Inteleon|Inteleon, M, shiny|100/100
|turn|6
|
|t:|1757914010
|move|p1a: Inteleon|Snipe Shot|p2a: Raichu
|-damage|p2a: Raichu|0 fnt
|faint|p2a: Raichu
|
|-weather|RainDance|[upkeep]
|upkeep
|
|t:|1757914013
|switch|p2a: Ludicolo|Ludicolo, F|100/100
|turn|7
|
|t:|1757914018
|move|p2a: Ludicolo|Weather Ball|p1a: Inteleon
|-resisted|p1a: Inteleon
|-damage|p1a: Inteleon|20/100
|move|p1a: Inteleon|Taunt|p2a: Ludicolo
|-start|p2a: Ludicolo|move: Taunt
|
|-weather|RainDance|[upkeep]
|upkeep
|turn|8
|
|t:|1757914027
|move|p2a: Ludicolo|Weather Ball|p1a: Inteleon
|-resisted|p1a: Inteleon
|-damage|p1a: Inteleon|0 fnt
|faint|p1a: Inteleon
|
|-weather|none
|upkeep
|
|t:|1757914029
|switch|p1a: Raging Bolt|Raging Bolt|100/100
|turn|9
|
|t:|1757914031
|switch|p2a: Pelipper|Pelipper, F|100/100
|-weather|RainDance|[from] ability: Drizzle|[of] p2a: Pelipper
|move|p1a: Raging Bolt|Discharge|p2a: Pelipper
|-supereffective|p2a: Pelipper
|-damage|p2a: Pelipper|0 fnt
|faint|p2a: Pelipper
|
|-weather|RainDance|[upkeep]
|upkeep
|
|t:|1757914033
|switch|p2a: Poliwrath|Poliwrath, F|100/100
|turn|10
|
|t:|1757914035
|-terastallize|p2a: Poliwrath|Ground
|move|p2a: Poliwrath|Belly Drum|p2a: Poliwrath
|-damage|p2a: Poliwrath|51/100
|-setboost|p2a: Poliwrath|atk|6|[from] move: Belly Drum
|move|p1a: Raging Bolt|Discharge|p2a: Poliwrath
|-immune|p2a: Poliwrath
|
|-weather|RainDance|[upkeep]
|upkeep
|turn|11
|
|t:|1757914040
|move|p2a: Poliwrath|Earthquake|p1a: Raging Bolt
|-supereffective|p1a: Raging Bolt
|-damage|p1a: Raging Bolt|0 fnt
|faint|p1a: Raging Bolt
|-end|p1a: Raging Bolt|Protosynthesis|[silent]
|
|-weather|RainDance|[upkeep]
|upkeep
|
|t:|1757914044
|switch|p1a: Iron Valiant|Iron Valiant|100/100
|-enditem|p1a: Iron Valiant|Booster Energy
|-activate|p1a: Iron Valiant|ability: Quark Drive|[fromitem]
|-start|p1a: Iron Valiant|quarkdrivespe
|turn|12
|
|t:|1757914054
|-terastallize|p1a: Iron Valiant|Steel
|move|p1a: Iron Valiant|Destiny Bond|p1a: Iron Valiant
|-singlemove|p1a: Iron Valiant|Destiny Bond
|move|p2a: Poliwrath|Liquidation|p1a: Iron Valiant
|-damage|p1a: Iron Valiant|0 fnt
|faint|p1a: Iron Valiant
|-activate|p1a: Iron Valiant|move: Destiny Bond
|-end|p1a: Iron Valiant|Quark Drive|[silent]
|faint|p2a: Poliwrath
|
|-weather|RainDance|[upkeep]
|upkeep
|
|t:|1757914060
|switch|p1a: Meowscarada|Meowscarada, F, shiny|100/100
|switch|p2a: Basculegion|Basculegion-F, F|100/100
|turn|13
|
|t:|1757914065
|move|p2a: Basculegion|Ice Beam|p1a: Meowscarada
|-supereffective|p1a: Meowscarada
|-damage|p1a: Meowscarada|0 fnt
|faint|p1a: Meowscarada
|
|win|Junkilo
|raw|DhavyP's rating: 1106 &rarr; <strong>1082</strong><br />(-24 for losing)
|raw|Junkilo's rating: 1114 &rarr; <strong>1138</strong><br />(+24 for winning)
|l|☆DhavyP
|player|p1|
|l|‽Junkilo
|player|p2|
