|badge|p1|bronze|gen9randombattle|100-6
|uhtml|medal-msg|<div class="broadcast-blue">Curious what those medals under the avatar are? PS now has Ladder Seasons! For more information, check out the <a href="https://www.smogon.com/forums/threads/3740067/">thread on Smogon.</a></div>
|j|☆larp legion
|j|☆life wont change
|t:|1757819705
|gametype|singles
|player|p1|larp legion|#scl5spartans|1657
|player|p2|life wont change|psychicf-gen3rs|1732
|gen|9
|tier|[Gen 9] OU
|rated|
|rule|HP Percentage Mod: HP is shown in percentages
|rule|Endless Battle Clause: Forcing endless battles is banned
|rule|Species Clause: Limit one of each Pokémon
|rule|OHKO Clause: OHKO moves are banned
|rule|Evasion Items Clause: Evasion items are banned
|rule|Evasion Moves Clause: Evasion moves are banned
|rule|Evasion Abilities Clause: Evasion abilities are banned
|rule|Sleep Moves Clause: Sleep-inducing moves are banned
|clearpoke
|poke|p1|Moltres|
|poke|p1|Zapdos-Galar|
|poke|p1|Landorus-Therian, M|
|poke|p1|Corviknight, F|
|poke|p1|Thundurus-Therian, M|
|poke|p1|Dragonite, F|
|poke|p2|Landorus-Therian, M|
|poke|p2|Meowscarada, F|
|poke|p2|Iron Crown|
|poke|p2|Ogerpon-Wellspring, F|
|poke|p2|Cinderace, M|
|poke|p2|Pecharunt|
|teampreview
|
|t:|1757819724
|teamsize|p1|6
|teamsize|p2|6
|start
|switch|p1a: Zapdos|Zapdos-Galar|100/100
|switch|p2a: Landorus|Landorus-Therian, M|100/100
|-ability|p2a: Landorus|Intimidate|boost
|-unboost|p1a: Zapdos|atk|1
|-ability|p1a: Zapdos|Defiant|boost
|-boost|p1a: Zapdos|atk|2
|turn|1
|inactive|Battle timer is ON: inactive players will automatically lose when time's up. (requested by life wont change)
|
|t:|1757819733
|switch|p2a: Pecharunt|Pecharunt|100/100
|move|p1a: Zapdos|Brave Bird|p2a: Pecharunt
|-damage|p2a: Pecharunt|42/100
|-damage|p1a: Zapdos|84/100|[from] item: Rocky Helmet|[of] p2a: Pecharunt
|-damage|p1a: Zapdos|61/100|[from] Recoil
|
|upkeep
|turn|2
|
|t:|1757819740
|switch|p2a: Iron Crown|Iron Crown|100/100
|move|p1a: Zapdos|Brave Bird|p2a: Iron Crown
|-resisted|p2a: Iron Crown
|-crit|p2a: Iron Crown
|-damage|p2a: Iron Crown|0 fnt
|faint|p2a: Iron Crown
|-end|p2a: Iron Crown|Quark Drive|[silent]
|-damage|p1a: Zapdos|28/100|[from] Recoil
|
|upkeep
|
|t:|1757819747
|switch|p2a: Cinderace|Cinderace, M|100/100
|turn|3
|
|t:|1757819761
|switch|p1a: Moltres|Moltres|100/100
|move|p2a: Cinderace|Pyro Ball|p1a: Moltres
|-resisted|p1a: Moltres
|-damage|p1a: Moltres|71/100
|
|upkeep
|turn|4
|
|t:|1757819772
|switch|p2a: Landorus|Landorus-Therian, M|100/100
|-ability|p2a: Landorus|Intimidate|boost
|-unboost|p1a: Moltres|atk|1
|move|p1a: Moltres|U-turn|p2a: Landorus
|-resisted|p2a: Landorus
|-damage|p2a: Landorus|96/100
|-damage|p1a: Moltres|54/100|[from] item: Rocky Helmet|[of] p2a: Landorus
|
|t:|1757819783
|switch|p1a: Dragonite|Dragonite, F|100/100|[from] U-turn
|
|upkeep
|turn|5
|
|t:|1757819787
|switch|p2a: Pecharunt|Pecharunt|42/100
|move|p1a: Dragonite|Outrage|p2a: Pecharunt
|-damage|p2a: Pecharunt|0 fnt
|-damage|p1a: Dragonite|84/100|[from] item: Rocky Helmet|[of] p2a: Pecharunt
|faint|p2a: Pecharunt
|
|upkeep
|
|t:|1757819789
|switch|p2a: Landorus|Landorus-Therian, M|96/100
|-ability|p2a: Landorus|Intimidate|boost
|-unboost|p1a: Dragonite|atk|1
|turn|6
|
|t:|1757819796
|move|p2a: Landorus|Stealth Rock|p1a: Dragonite
|-sidestart|p1: larp legion|move: Stealth Rock
|move|p1a: Dragonite|Outrage|p2a: Landorus|[from] lockedmove
|-damage|p2a: Landorus|24/100
|-damage|p1a: Dragonite|68/100|[from] item: Rocky Helmet|[of] p2a: Landorus
|
|upkeep
|turn|7
|
|t:|1757819802
|move|p2a: Landorus|U-turn|p1a: Dragonite
|-resisted|p1a: Dragonite
|-damage|p1a: Dragonite|57/100
|
|t:|1757819804
|switch|p2a: Cinderace|Cinderace, M|100/100|[from] U-turn
|move|p1a: Dragonite|Outrage|p2a: Cinderace|[from] lockedmove
|-damage|p2a: Cinderace|0 fnt
|faint|p2a: Cinderace
|-start|p1a: Dragonite|confusion|[fatigue]
|
|upkeep
|
|t:|1757819805
|switch|p2a: Landorus|Landorus-Therian, M|24/100
|-ability|p2a: Landorus|Intimidate|boost
|-unboost|p1a: Dragonite|atk|1
|turn|8
|
|t:|1757819810
|switch|p1a: Corviknight|Corviknight, F|100/100
|-damage|p1a: Corviknight|88/100|[from] Stealth Rock
|-ability|p1a: Corviknight|Pressure
|move|p2a: Landorus|U-turn|p1a: Corviknight
|-resisted|p1a: Corviknight
|-damage|p1a: Corviknight|85/100
|-damage|p2a: Landorus|8/100|[from] item: Rocky Helmet|[of] p1a: Corviknight
|
|t:|1757819813
|switch|p2a: Ogerpon|Ogerpon-Wellspring, F|100/100|[from] U-turn
|
|upkeep
|turn|9
|
|t:|1757819820
|-terastallize|p2a: Ogerpon|Water
|detailschange|p2a: Ogerpon|Ogerpon-Wellspring-Tera, F, tera:Water
|-ability|p2a: Ogerpon|Embody Aspect (Wellspring)|boost
|-boost|p2a: Ogerpon|spd|1
|move|p2a: Ogerpon|Ivy Cudgel|p1a: Corviknight|[anim] Ivy Cudgel Water
|-damage|p1a: Corviknight|35/100
|move|p1a: Corviknight|U-turn|p2a: Ogerpon
|-damage|p2a: Ogerpon|78/100
|
|t:|1757819827
|switch|p1a: Dragonite|Dragonite, F|57/100|[from] U-turn
|-damage|p1a: Dragonite|32/100|[from] Stealth Rock
|
|upkeep
|turn|10
|
|t:|1757819829
|switch|p2a: Landorus|Landorus-Therian, M|8/100
|-ability|p2a: Landorus|Intimidate|boost
|-unboost|p1a: Dragonite|atk|1
|-terastallize|p1a: Dragonite|Normal
|move|p1a: Dragonite|Extreme Speed|p2a: Landorus
|-damage|p2a: Landorus|0 fnt
|-damage|p1a: Dragonite|15/100|[from] item: Rocky Helmet|[of] p2a: Landorus
|faint|p2a: Landorus
|
|upkeep
|
|t:|1757819831
|switch|p2a: Meowscarada|Meowscarada, F|100/100
|turn|11
|
|t:|1757819835
|switch|p1a: Corviknight|Corviknight, F|35/100
|-damage|p1a: Corviknight|22/100|[from] Stealth Rock
|-ability|p1a: Corviknight|Pressure
|move|p2a: Meowscarada|U-turn|p1a: Corviknight
|-start|p2a: Meowscarada|typechange|Bug|[from] ability: Protean
|-resisted|p1a: Corviknight
|-crit|p1a: Corviknight
|-damage|p1a: Corviknight|15/100
|-damage|p2a: Meowscarada|84/100|[from] item: Rocky Helmet|[of] p1a: Corviknight
|j| epitap
|
|t:|1757819844
|switch|p2a: Ogerpon|Ogerpon-Wellspring-Tera, F, tera:Water|78/100|[from] U-turn
|-ability|p2a: Ogerpon|Embody Aspect (Wellspring)|boost
|-boost|p2a: Ogerpon|spd|1
|
|upkeep
|turn|12
|
|t:|1757819850
|move|p2a: Ogerpon|Ivy Cudgel|p1a: Corviknight|[anim] Ivy Cudgel Water
|-damage|p1a: Corviknight|0 fnt
|faint|p1a: Corviknight
|
|upkeep
|
|t:|1757819852
|switch|p1a: Dragonite|Dragonite, F, tera:Normal|15/100
|-damage|p1a: Dragonite|3/100|[from] Stealth Rock
|turn|13
|-message|life wont change forfeited.
|
|win|larp legion
|raw|larp legion's rating: 1657 &rarr; <strong>1681</strong><br />(+24 for winning)
|raw|life wont change's rating: 1732 &rarr; <strong>1708</strong><br />(-24 for losing)
|l|☆life wont change
|player|p2|
|l|☆larp legion
|player|p1|
