|j|☆CountryBoyz
|j|☆WhenZero
|t:|1757859113
|gametype|singles
|player|p1|CountryBoyz|266|1299
|player|p2|WhenZero|aaron|1322
|gen|9
|tier|[Gen 9] OU
|rated|
|rule|HP Percentage Mod: HP is shown in percentages
|rule|Endless Battle Clause: Forcing endless battles is banned
|rule|Species Clause: Limit one of each Pokémon
|rule|OHKO Clause: OHKO moves are banned
|rule|Evasion Items Clause: Evasion items are banned
|rule|Evasion Moves Clause: Evasion moves are banned
|rule|Evasion Abilities Clause: Evasion abilities are banned
|rule|Sleep Moves Clause: Sleep-inducing moves are banned
|clearpoke
|poke|p1|Landorus-Therian, M|
|poke|p1|Cloyster, M|
|poke|p1|Raikou|
|poke|p1|Tentacruel, M|
|poke|p1|Dragonite, M|
|poke|p1|Suicune|
|poke|p2|Sinistcha|
|poke|p2|Garganacl, M|
|poke|p2|Iron Valiant|
|poke|p2|Iron Treads|
|poke|p2|Alomomola, F|
|poke|p2|Rillaboom, M|
|teampreview
|inactive|Battle timer is ON: inactive players will automatically lose when time's up. (requested by WhenZero)
|
|t:|1757859129
|teamsize|p1|6
|teamsize|p2|6
|start
|switch|p1a: Landorus|Landorus-Therian, M, shiny|100/100
|switch|p2a: Alomomola|Alomomola, F|100/100
|-ability|p1a: Landorus|Intimidate|boost
|-unboost|p2a: Alomomola|atk|1
|turn|1
|
|t:|1757859136
|move|p1a: Landorus|Earthquake|p2a: Alomomola
|-damage|p2a: Alomomola|48/100
|move|p2a: Alomomola|Flip Turn|p1a: Landorus
|-supereffective|p1a: Landorus
|-damage|p1a: Landorus|75/100
|
|t:|1757859153
|switch|p2a: Sinistcha|Sinistcha|100/100|[from] Flip Turn
|
|upkeep
|turn|2
|
|t:|1757859161
|switch|p1a: Tentacruel|Tentacruel, M|100/100
|move|p2a: Sinistcha|Stun Spore|p1a: Tentacruel
|-status|p1a: Tentacruel|par
|
|upkeep
|turn|3
|
|t:|1757859170
|move|p2a: Sinistcha|Hex|p1a: Tentacruel
|-damage|p1a: Tentacruel|70/100 par
|move|p1a: Tentacruel|Knock Off|p2a: Sinistcha
|-supereffective|p2a: Sinistcha
|-damage|p2a: Sinistcha|75/100
|-enditem|p2a: Sinistcha|Heavy-Duty Boots|[from] move: Knock Off|[of] p1a: Tentacruel
|
|upkeep
|turn|4
|
|t:|1757859178
|move|p2a: Sinistcha|Hex|p1a: Tentacruel
|-damage|p1a: Tentacruel|39/100 par
|move|p1a: Tentacruel|Sludge Wave|p2a: Sinistcha
|-damage|p2a: Sinistcha|33/100
|
|upkeep
|turn|5
|
|t:|1757859185
|move|p2a: Sinistcha|Strength Sap|p1a: Tentacruel
|-unboost|p1a: Tentacruel|atk|1
|-damage|p2a: Sinistcha|0 fnt|[from] ability: Liquid Ooze|[of] p1a: Tentacruel
|faint|p2a: Sinistcha
|move|p1a: Tentacruel|Sludge Wave|p2: Sinistcha|[notarget]
|-fail|p1a: Tentacruel
|
|upkeep
|c|☆CountryBoyz|Hahaha
|n|!CountryBoyz|countryboyz
|
|t:|1757859193
|switch|p2a: Iron Valiant|Iron Valiant|100/100
|turn|6
|
|t:|1757859201
|move|p2a: Iron Valiant|Moonblast|p1a: Tentacruel
|-resisted|p1a: Tentacruel
|-damage|p1a: Tentacruel|20/100 par
|-unboost|p1a: Tentacruel|spa|1
|move|p1a: Tentacruel|Sludge Wave|p2a: Iron Valiant
|-supereffective|p2a: Iron Valiant
|-damage|p2a: Iron Valiant|20/100
|
|upkeep
|turn|7
|
|t:|1757859209
|move|p2a: Iron Valiant|Moonblast|p1a: Tentacruel
|-resisted|p1a: Tentacruel
|-damage|p1a: Tentacruel|2/100 par
|-unboost|p1a: Tentacruel|spa|1
|move|p1a: Tentacruel|Sludge Wave|p2a: Iron Valiant
|-supereffective|p2a: Iron Valiant
|-damage|p2a: Iron Valiant|0 fnt
|faint|p2a: Iron Valiant
|-end|p2a: Iron Valiant|Quark Drive|[silent]
|
|upkeep
|
|t:|1757859214
|switch|p2a: Rillaboom|Rillaboom, M|100/100
|-fieldstart|move: Grassy Terrain|[from] ability: Grassy Surge|[of] p2a: Rillaboom
|turn|8
|
|t:|1757859218
|move|p2a: Rillaboom|U-turn|p1a: Tentacruel
|-resisted|p1a: Tentacruel
|-damage|p1a: Tentacruel|0 fnt
|faint|p1a: Tentacruel
|
|t:|1757859220
|switch|p2a: Garganacl|Garganacl, M|100/100|[from] U-turn
|
|upkeep
|
|t:|1757859239
|switch|p1a: Raikou|Raikou, shiny|100/100
|turn|9
|
|t:|1757859253
|move|p1a: Raikou|Substitute|p1a: Raikou
|-start|p1a: Raikou|Substitute
|-damage|p1a: Raikou|76/100
|move|p2a: Garganacl|Salt Cure|p1a: Raikou
|-activate|p1a: Raikou|move: Substitute|[damage]
|
|-heal|p1a: Raikou|82/100|[from] Grassy Terrain
|-heal|p1a: Raikou|88/100|[from] item: Leftovers
|upkeep
|turn|10
|
|t:|1757859262
|switch|p2a: Rillaboom|Rillaboom, M|100/100
|move|p1a: Raikou|Scald|p2a: Rillaboom
|-resisted|p2a: Rillaboom
|-damage|p2a: Rillaboom|81/100
|
|-heal|p1a: Raikou|94/100|[from] Grassy Terrain
|-heal|p1a: Raikou|100/100|[from] item: Leftovers
|-heal|p2a: Rillaboom|87/100|[from] Grassy Terrain
|-heal|p2a: Rillaboom|93/100|[from] item: Leftovers
|upkeep
|turn|11
|
|t:|1757859265
|move|p2a: Rillaboom|Grassy Glide|p1a: Raikou
|-end|p1a: Raikou|Substitute
|move|p1a: Raikou|Discharge|p2a: Rillaboom
|-resisted|p2a: Rillaboom
|-damage|p2a: Rillaboom|64/100
|
|-heal|p2a: Rillaboom|71/100|[from] Grassy Terrain
|-heal|p2a: Rillaboom|77/100|[from] item: Leftovers
|upkeep
|turn|12
|
|t:|1757859272
|switch|p1a: Landorus|Landorus-Therian, M, shiny|75/100
|-ability|p1a: Landorus|Intimidate|boost
|-unboost|p2a: Rillaboom|atk|1
|move|p2a: Rillaboom|Grassy Glide|p1a: Landorus
|-crit|p1a: Landorus
|-damage|p1a: Landorus|9/100
|
|-heal|p2a: Rillaboom|83/100|[from] Grassy Terrain
|-heal|p2a: Rillaboom|89/100|[from] item: Leftovers
|-fieldend|move: Grassy Terrain
|upkeep
|turn|13
|
|t:|1757859280
|move|p2a: Rillaboom|Grassy Glide|p1a: Landorus
|-damage|p1a: Landorus|0 fnt
|faint|p1a: Landorus
|
|-heal|p2a: Rillaboom|95/100|[from] item: Leftovers
|upkeep
|
|t:|1757859295
|switch|p1a: Dragonite|Dragonite, M, shiny|100/100
|turn|14
|
|t:|1757859300
|-terastallize|p1a: Dragonite|Normal
|move|p1a: Dragonite|Extreme Speed|p2a: Rillaboom
|-damage|p2a: Rillaboom|14/100
|move|p2a: Rillaboom|U-turn|p1a: Dragonite
|-damage|p1a: Dragonite|93/100
|
|t:|1757859310
|switch|p2a: Alomomola|Alomomola, F|81/100|[from] U-turn
|
|upkeep
|turn|15
|
|t:|1757859327
|switch|p1a: Raikou|Raikou, shiny|100/100
|move|p2a: Alomomola|Tickle|p1a: Raikou
|-unboost|p1a: Raikou|atk|1
|-unboost|p1a: Raikou|def|1
|
|upkeep
|turn|16
|
|t:|1757859333
|switch|p2a: Iron Treads|Iron Treads|100/100
|move|p1a: Raikou|Substitute|p1a: Raikou
|-start|p1a: Raikou|Substitute
|-damage|p1a: Raikou|76/100
|
|-heal|p1a: Raikou|82/100|[from] item: Leftovers
|upkeep
|turn|17
|
|t:|1757859341
|-terastallize|p2a: Iron Treads|Ghost
|move|p2a: Iron Treads|High Horsepower|p1a: Raikou
|-supereffective|p1a: Raikou
|-end|p1a: Raikou|Substitute
|move|p1a: Raikou|Scald|p2a: Iron Treads
|-damage|p2a: Iron Treads|73/100
|
|-heal|p1a: Raikou|88/100|[from] item: Leftovers
|upkeep
|turn|18
|
|t:|1757859350
|switch|p1a: Suicune|Suicune|100/100
|-ability|p1a: Suicune|Pressure
|move|p2a: Iron Treads|High Horsepower|p1a: Suicune
|-damage|p1a: Suicune|71/100
|
|upkeep
|turn|19
|
|t:|1757859357
|-end|p2a: Iron Treads|Quark Drive|[silent]
|switch|p2a: Alomomola|Alomomola, F|100/100
|move|p1a: Suicune|Scald|p2a: Alomomola
|-resisted|p2a: Alomomola
|-damage|p2a: Alomomola|89/100
|
|upkeep
|turn|20
|
|t:|1757859364
|move|p1a: Suicune|Scald|p2a: Alomomola
|-resisted|p2a: Alomomola
|-damage|p2a: Alomomola|77/100
|move|p2a: Alomomola|Wish|p2a: Alomomola
|
|upkeep
|turn|21
|
|t:|1757859368
|move|p1a: Suicune|Scald|p2a: Alomomola
|-resisted|p2a: Alomomola
|-damage|p2a: Alomomola|66/100
|move|p2a: Alomomola|Flip Turn|p1a: Suicune
|-resisted|p1a: Suicune
|-damage|p1a: Suicune|66/100
|
|t:|1757859374
|switch|p2a: Rillaboom|Rillaboom, M|14/100|[from] Flip Turn
|-fieldstart|move: Grassy Terrain|[from] ability: Grassy Surge|[of] p2a: Rillaboom
|
|-heal|p2a: Rillaboom|83/100|[from] move: Wish|[wisher] Alomomola
|-heal|p2a: Rillaboom|89/100|[from] Grassy Terrain
|-heal|p2a: Rillaboom|96/100|[from] item: Leftovers
|-heal|p1a: Suicune|72/100|[from] Grassy Terrain
|upkeep
|turn|22
|
|t:|1757859384
|move|p2a: Rillaboom|Wood Hammer|p1a: Suicune
|-supereffective|p1a: Suicune
|-damage|p1a: Suicune|0 fnt
|faint|p1a: Suicune
|-damage|p2a: Rillaboom|68/100|[from] Recoil
|
|-heal|p2a: Rillaboom|74/100|[from] Grassy Terrain
|-heal|p2a: Rillaboom|80/100|[from] item: Leftovers
|upkeep
|
|t:|1757859387
|switch|p1a: Dragonite|Dragonite, M, shiny, tera:Normal|93/100
|turn|23
|
|t:|1757859403
|move|p2a: Rillaboom|Wood Hammer|p1a: Dragonite
|-damage|p1a: Dragonite|20/100
|-damage|p2a: Rillaboom|53/100|[from] Recoil
|move|p1a: Dragonite|Earthquake|p2a: Rillaboom
|-resisted|p2a: Rillaboom
|-damage|p2a: Rillaboom|38/100
|
|-heal|p2a: Rillaboom|44/100|[from] Grassy Terrain
|-heal|p2a: Rillaboom|50/100|[from] item: Leftovers
|-heal|p1a: Dragonite|26/100|[from] Grassy Terrain
|upkeep
|turn|24
|
|t:|1757859410
|switch|p2a: Iron Treads|Iron Treads, tera:Ghost|73/100
|move|p1a: Dragonite|Earthquake|p2a: Iron Treads
|-damage|p2a: Iron Treads|45/100
|
|-heal|p2a: Iron Treads|51/100|[from] Grassy Terrain
|-heal|p1a: Dragonite|33/100|[from] Grassy Terrain
|upkeep
|turn|25
|
|t:|1757859420
|move|p2a: Iron Treads|High Horsepower|p1a: Dragonite
|-damage|p1a: Dragonite|0 fnt
|faint|p1a: Dragonite
|
|-heal|p2a: Iron Treads|57/100|[from] Grassy Terrain
|-fieldend|move: Grassy Terrain
|upkeep
|
|t:|1757859423
|switch|p1a: Cloyster|Cloyster, M, shiny|100/100
|turn|26
|
|t:|1757859430
|move|p2a: Iron Treads|Knock Off|p1a: Cloyster
|-damage|p1a: Cloyster|74/100
|-enditem|p1a: Cloyster|White Herb|[from] move: Knock Off|[of] p2a: Iron Treads
|move|p1a: Cloyster|Shell Smash|p1a: Cloyster
|-unboost|p1a: Cloyster|def|1
|-unboost|p1a: Cloyster|spd|1
|-boost|p1a: Cloyster|atk|2
|-boost|p1a: Cloyster|spa|2
|-boost|p1a: Cloyster|spe|2
|
|upkeep
|turn|27
|
|t:|1757859436
|move|p1a: Cloyster|Surf|p2a: Iron Treads
|-damage|p2a: Iron Treads|0 fnt
|faint|p2a: Iron Treads
|-end|p2a: Iron Treads|Quark Drive|[silent]
|
|upkeep
|
|t:|1757859438
|switch|p2a: Alomomola|Alomomola, F|99/100
|turn|28
|
|t:|1757859442
|move|p1a: Cloyster|Surf|p2a: Alomomola
|-resisted|p2a: Alomomola
|-damage|p2a: Alomomola|69/100
|move|p2a: Alomomola|Tickle|p1a: Cloyster
|-unboost|p1a: Cloyster|atk|1
|-unboost|p1a: Cloyster|def|1
|
|upkeep
|turn|29
|
|t:|1757859447
|move|p1a: Cloyster|Surf|p2a: Alomomola
|-resisted|p2a: Alomomola
|-damage|p2a: Alomomola|36/100
|move|p2a: Alomomola|Wish|p2a: Alomomola
|
|upkeep
|turn|30
|
|t:|1757859453
|move|p1a: Cloyster|Shell Smash|p1a: Cloyster
|-unboost|p1a: Cloyster|def|1
|-unboost|p1a: Cloyster|spd|1
|-boost|p1a: Cloyster|atk|2
|-boost|p1a: Cloyster|spa|2
|-boost|p1a: Cloyster|spe|2
|move|p2a: Alomomola|Flip Turn|p1a: Cloyster
|-resisted|p1a: Cloyster
|-damage|p1a: Cloyster|57/100
|
|t:|1757859460
|switch|p2a: Rillaboom|Rillaboom, M|50/100|[from] Flip Turn
|-fieldstart|move: Grassy Terrain|[from] ability: Grassy Surge|[of] p2a: Rillaboom
|
|-heal|p2a: Rillaboom|100/100|[from] move: Wish|[wisher] Alomomola
|-heal|p1a: Cloyster|63/100|[from] Grassy Terrain
|upkeep
|turn|31
|
|t:|1757859466
|move|p2a: Rillaboom|Grassy Glide|p1a: Cloyster
|-supereffective|p1a: Cloyster
|-damage|p1a: Cloyster|0 fnt
|faint|p1a: Cloyster
|
|upkeep
|-message|CountryBoyz forfeited.
|
|win|WhenZero
|raw|CountryBoyz's rating: 1299 &rarr; <strong>1276</strong><br />(-23 for losing)
|raw|WhenZero's rating: 1322 &rarr; <strong>1341</strong><br />(+19 for winning)
|c|☆WhenZero|Never laugh too early friend
