|j|☆luketheidiot
|j|☆loneslopeman
|t:|1757918659
|gametype|singles
|player|p1|luketheidiot|iris-gen5bw2|1229
|player|p2|loneslopeman|1|1239
|gen|9
|tier|[Gen 9] OU
|rated|
|rule|HP Percentage Mod: HP is shown in percentages
|rule|Endless Battle Clause: Forcing endless battles is banned
|rule|Species Clause: Limit one of each Pokémon
|rule|OHKO Clause: OHKO moves are banned
|rule|Evasion Items Clause: Evasion items are banned
|rule|Evasion Moves Clause: Evasion moves are banned
|rule|Evasion Abilities Clause: Evasion abilities are banned
|rule|Sleep Moves Clause: Sleep-inducing moves are banned
|clearpoke
|poke|p1|Darkrai|
|poke|p1|Iron Jugulis|
|poke|p1|Ogerpon-Cornerstone, F|
|poke|p1|Meowscarada, M|
|poke|p1|Maushold|
|poke|p1|Hitmonlee, M|
|poke|p2|Zarude-Dada|
|poke|p2|Torkoal, M|
|poke|p2|Scream Tail|
|poke|p2|Great Tusk|
|poke|p2|Zamazenta-*|
|poke|p2|Walking Wake|
|teampreview
|inactive|Battle timer is ON: inactive players will automatically lose when time's up. (requested by luketheidiot)
|
|t:|1757918683
|teamsize|p1|6
|teamsize|p2|6
|start
|switch|p1a: Maushold|Maushold|100/100
|switch|p2a: Scream Tail|Scream Tail|100/100
|turn|1
|
|t:|1757918693
|move|p1a: Maushold|Tidy Up|p1a: Maushold
|-boost|p1a: Maushold|atk|1
|-boost|p1a: Maushold|spe|1
|move|p2a: Scream Tail|Reflect|p2a: Scream Tail
|-sidestart|p2: loneslopeman|Reflect
|
|upkeep
|turn|2
|
|t:|1757918699
|-end|p2a: Scream Tail|Protosynthesis|[silent]
|switch|p2a: Great Tusk|Great Tusk|100/100
|move|p1a: Maushold|Encore||[still]
|-fail|p1a: Maushold
|
|upkeep
|turn|3
|
|t:|1757918708
|move|p1a: Maushold|Population Bomb|p2a: Great Tusk
|-damage|p2a: Great Tusk|96/100
|-damage|p2a: Great Tusk|90/100
|-damage|p2a: Great Tusk|85/100
|-damage|p2a: Great Tusk|80/100
|-damage|p2a: Great Tusk|75/100
|-damage|p2a: Great Tusk|70/100
|-damage|p2a: Great Tusk|65/100
|-damage|p2a: Great Tusk|60/100
|-damage|p2a: Great Tusk|54/100
|-damage|p2a: Great Tusk|50/100
|-hitcount|p2a: Great Tusk|10
|move|p2a: Great Tusk|Rapid Spin|p1a: Maushold
|-damage|p1a: Maushold|73/100
|-boost|p2a: Great Tusk|spe|1
|
|upkeep
|turn|4
|
|t:|1757918720
|move|p1a: Maushold|Population Bomb|p2a: Great Tusk
|-damage|p2a: Great Tusk|45/100
|-crit|p2a: Great Tusk
|-damage|p2a: Great Tusk|28/100
|-damage|p2a: Great Tusk|23/100
|-damage|p2a: Great Tusk|17/100
|-damage|p2a: Great Tusk|12/100
|-damage|p2a: Great Tusk|7/100
|-damage|p2a: Great Tusk|2/100
|-hitcount|p2a: Great Tusk|7
|move|p2a: Great Tusk|Earthquake|p1a: Maushold
|-damage|p1a: Maushold|0 fnt
|faint|p1a: Maushold
|
|upkeep
|
|t:|1757918738
|switch|p1a: Meowscarada|Meowscarada, M|100/100
|turn|5
|
|t:|1757918744
|-end|p2a: Great Tusk|Protosynthesis|[silent]
|switch|p2a: Torkoal|Torkoal, M|100/100
|-weather|SunnyDay|[from] ability: Drought|[of] p2a: Torkoal
|move|p1a: Meowscarada|U-turn|p2a: Torkoal
|-start|p1a: Meowscarada|typechange|Bug|[from] ability: Protean
|-resisted|p2a: Torkoal
|-damage|p2a: Torkoal|93/100
|
|t:|1757918759
|switch|p1a: Ogerpon|Ogerpon-Cornerstone, F|100/100|[from] U-turn
|
|-weather|SunnyDay|[upkeep]
|upkeep
|turn|6
|
|t:|1757918765
|move|p1a: Ogerpon|Swords Dance|p1a: Ogerpon
|-boost|p1a: Ogerpon|atk|2
|move|p2a: Torkoal|Lava Plume|p1a: Ogerpon
|-damage|p1a: Ogerpon|58/100
|
|-weather|SunnyDay|[upkeep]
|upkeep
|turn|7
|
|t:|1757918773
|move|p1a: Ogerpon|Ivy Cudgel|p2a: Torkoal|[anim] Ivy Cudgel Rock
|-supereffective|p2a: Torkoal
|-damage|p2a: Torkoal|32/100
|move|p2a: Torkoal|Lava Plume|p1a: Ogerpon
|-damage|p1a: Ogerpon|15/100
|
|-weather|SunnyDay|[upkeep]
|upkeep
|turn|8
|
|t:|1757918794
|switch|p2a: Zamazenta|Zamazenta|100/100
|-ability|p2a: Zamazenta|Dauntless Shield|boost
|-boost|p2a: Zamazenta|def|1
|move|p1a: Ogerpon|Ivy Cudgel|p2a: Zamazenta|[anim] Ivy Cudgel Rock
|-resisted|p2a: Zamazenta
|-damage|p2a: Zamazenta|88/100
|
|-weather|SunnyDay|[upkeep]
|-heal|p2a: Zamazenta|94/100|[from] item: Leftovers
|-sideend|p2: loneslopeman|Reflect
|upkeep
|turn|9
|
|t:|1757918800
|move|p1a: Ogerpon|Play Rough|p2a: Zamazenta
|-supereffective|p2a: Zamazenta
|-damage|p2a: Zamazenta|37/100
|move|p2a: Zamazenta|Body Press|p1a: Ogerpon
|-supereffective|p1a: Ogerpon
|-damage|p1a: Ogerpon|0 fnt
|faint|p1a: Ogerpon
|
|-weather|SunnyDay|[upkeep]
|-heal|p2a: Zamazenta|44/100|[from] item: Leftovers
|upkeep
|
|t:|1757918808
|switch|p1a: Iron Jugulis|Iron Jugulis|100/100
|turn|10
|
|t:|1757918818
|switch|p2a: Scream Tail|Scream Tail|100/100
|-activate|p2a: Scream Tail|ability: Protosynthesis
|-start|p2a: Scream Tail|protosynthesisspd
|move|p1a: Iron Jugulis|Earth Power|p2a: Scream Tail
|-damage|p2a: Scream Tail|79/100
|-unboost|p2a: Scream Tail|spd|1
|
|-weather|SunnyDay|[upkeep]
|upkeep
|turn|11
|
|t:|1757918827
|move|p1a: Iron Jugulis|Earth Power|p2a: Scream Tail
|-damage|p2a: Scream Tail|44/100
|move|p2a: Scream Tail|Light Screen|p2a: Scream Tail
|-sidestart|p2: loneslopeman|move: Light Screen
|
|-weather|SunnyDay|[upkeep]
|upkeep
|turn|12
|
|t:|1757918851
|-end|p2a: Scream Tail|Protosynthesis|[silent]
|switch|p2a: Walking Wake|Walking Wake|100/100
|-activate|p2a: Walking Wake|ability: Protosynthesis
|-start|p2a: Walking Wake|protosynthesisspe
|move|p1a: Iron Jugulis|Earth Power|p2a: Walking Wake
|-damage|p2a: Walking Wake|72/100
|
|-weather|none
|-end|p2a: Walking Wake|Protosynthesis
|upkeep
|turn|13
|
|t:|1757918863
|move|p2a: Walking Wake|Draco Meteor|p1a: Iron Jugulis
|-damage|p1a: Iron Jugulis|0 fnt
|-unboost|p2a: Walking Wake|spa|2
|faint|p1a: Iron Jugulis
|-end|p1a: Iron Jugulis|Quark Drive|[silent]
|-damage|p2a: Walking Wake|63/100|[from] item: Life Orb
|
|upkeep
|
|t:|1757918865
|switch|p1a: Hitmonlee|Hitmonlee, M|100/100
|turn|14
|
|t:|1757918870
|-end|p2a: Walking Wake|Protosynthesis|[silent]
|switch|p2a: Torkoal|Torkoal, M|32/100
|-weather|SunnyDay|[from] ability: Drought|[of] p2a: Torkoal
|move|p1a: Hitmonlee|Knock Off|p2a: Torkoal
|-damage|p2a: Torkoal|12/100
|-enditem|p2a: Torkoal|Heat Rock|[from] move: Knock Off|[of] p1a: Hitmonlee
|
|-weather|SunnyDay|[upkeep]
|upkeep
|turn|15
|
|t:|1757918882
|move|p1a: Hitmonlee|Knock Off|p2a: Torkoal
|-damage|p2a: Torkoal|0 fnt
|faint|p2a: Torkoal
|
|-weather|SunnyDay|[upkeep]
|upkeep
|
|t:|1757918895
|switch|p2a: Zarude|Zarude-Dada|100/100
|turn|16
|
|t:|1757918901
|-terastallize|p2a: Zarude|Grass
|move|p1a: Hitmonlee|Endure|p1a: Hitmonlee
|-singleturn|p1a: Hitmonlee|move: Endure
|move|p2a: Zarude|Bulk Up|p2a: Zarude
|-boost|p2a: Zarude|atk|1
|-boost|p2a: Zarude|def|1
|
|-weather|SunnyDay|[upkeep]
|upkeep
|turn|17
|
|t:|1757918909
|switch|p1a: Meowscarada|Meowscarada, M|100/100
|move|p2a: Zarude|Petal Blizzard|p1a: Meowscarada
|-resisted|p1a: Meowscarada
|-damage|p1a: Meowscarada|40/100
|
|-weather|SunnyDay|[upkeep]
|upkeep
|turn|18
|
|t:|1757918922
|move|p1a: Meowscarada|Play Rough|p2a: Zarude
|-start|p1a: Meowscarada|typechange|Fairy|[from] ability: Protean
|-damage|p2a: Zarude|64/100
|move|p2a: Zarude|Petal Blizzard|p1a: Meowscarada
|-damage|p1a: Meowscarada|0 fnt
|faint|p1a: Meowscarada
|
|-weather|SunnyDay|[upkeep]
|-heal|p2a: Zarude|70/100|[from] item: Leftovers
|-sideend|p2: loneslopeman|move: Light Screen
|upkeep
|
|t:|1757918927
|switch|p1a: Darkrai|Darkrai|100/100
|turn|19
|
|t:|1757918931
|move|p1a: Darkrai|Sludge Bomb|p2a: Zarude
|-supereffective|p2a: Zarude
|-damage|p2a: Zarude|0 fnt
|faint|p2a: Zarude
|-damage|p1a: Darkrai|91/100|[from] item: Life Orb
|
|-weather|SunnyDay|[upkeep]
|upkeep
|
|t:|1757918935
|switch|p2a: Walking Wake|Walking Wake|63/100
|-activate|p2a: Walking Wake|ability: Protosynthesis
|-start|p2a: Walking Wake|protosynthesisspe
|turn|20
|
|t:|1757918942
|move|p2a: Walking Wake|Draco Meteor|p1a: Darkrai|[miss]
|-miss|p2a: Walking Wake|p1a: Darkrai
|move|p1a: Darkrai|Dark Pulse|p2a: Walking Wake
|-damage|p2a: Walking Wake|0 fnt
|faint|p2a: Walking Wake
|-end|p2a: Walking Wake|Protosynthesis|[silent]
|-damage|p1a: Darkrai|81/100|[from] item: Life Orb
|
|-weather|SunnyDay|[upkeep]
|upkeep
|inactive|loneslopeman has 120 seconds left.
|inactive|loneslopeman has 90 seconds left.
|inactive|loneslopeman has 60 seconds left.
|inactive|loneslopeman has 30 seconds left.
|inactive|loneslopeman has 20 seconds left.
|inactive|loneslopeman has 15 seconds left.
|inactive|loneslopeman has 10 seconds left.
|inactive|loneslopeman has 5 seconds left.
|-message|loneslopeman lost due to inactivity.
|
|win|luketheidiot
|raw|luketheidiot's rating: 1229 &rarr; <strong>1255</strong><br />(+26 for winning)
|raw|loneslopeman's rating: 1239 &rarr; <strong>1213</strong><br />(-26 for losing)
