|j|☆browoo42
|j|☆Mr important
|t:|1757812948
|gametype|singles
|player|p1|browoo42|102|1375
|player|p2|Mr important|170|1431
|gen|9
|tier|[Gen 9] OU
|rated|
|rule|HP Percentage Mod: HP is shown in percentages
|rule|Endless Battle Clause: Forcing endless battles is banned
|rule|Species Clause: Limit one of each Pokémon
|rule|OHKO Clause: OHKO moves are banned
|rule|Evasion Items Clause: Evasion items are banned
|rule|Evasion Moves Clause: Evasion moves are banned
|rule|Evasion Abilities Clause: Evasion abilities are banned
|rule|Sleep Moves Clause: Sleep-inducing moves are banned
|clearpoke
|poke|p1|Jirachi|
|poke|p1|Dragonite, M|
|poke|p1|Crawdaunt, M|
|poke|p1|Mew|
|poke|p1|Corviknight, F|
|poke|p1|Dragapult, M|
|poke|p2|Alomomola, M|
|poke|p2|Dragalge, F|
|poke|p2|Lokix, F|
|poke|p2|Great Tusk|
|poke|p2|Gholdengo|
|poke|p2|Moltres|
|teampreview
|inactive|Battle timer is ON: inactive players will automatically lose when time's up. (requested by Mr important)
|inactive|browoo42 has 120 seconds left.
|
|t:|1757813010
|teamsize|p1|6
|teamsize|p2|6
|start
|switch|p1a: Mew|Mew|100/100
|switch|p2a: Alomomola|Alomomola, M|100/100
|turn|1
|
|t:|1757813024
|move|p1a: Mew|Giga Drain|p2a: Alomomola
|-supereffective|p2a: Alomomola
|-damage|p2a: Alomomola|70/100
|-damage|p1a: Mew|91/100|[from] item: Life Orb
|move|p2a: Alomomola|Flip Turn|p1a: Mew
|-damage|p1a: Mew|73/100
|
|t:|1757813034
|switch|p2a: Lokix|Lokix, F|100/100|[from] Flip Turn
|
|upkeep
|turn|2
|
|t:|1757813038
|switch|p1a: Corviknight|Corviknight, F|100/100
|move|p2a: Lokix|Knock Off|p1a: Corviknight
|-damage|p1a: Corviknight|57/100
|-damage|p2a: Lokix|84/100|[from] item: Rocky Helmet|[of] p1a: Corviknight
|-enditem|p1a: Corviknight|Rocky Helmet|[from] move: Knock Off|[of] p2a: Lokix
|
|upkeep
|turn|3
|
|t:|1757813045
|switch|p2a: Moltres|Moltres|100/100
|move|p1a: Corviknight|U-turn|p2a: Moltres
|-resisted|p2a: Moltres
|-damage|p2a: Moltres|97/100
|
|t:|1757813051
|switch|p1a: Mew|Mew|73/100|[from] U-turn
|
|upkeep
|turn|4
|
|t:|1757813054
|move|p1a: Mew|Volt Switch|p2a: Moltres
|-supereffective|p2a: Moltres
|-damage|p2a: Moltres|60/100
|-damage|p1a: Mew|63/100|[from] item: Life Orb
|
|t:|1757813066
|switch|p1a: Dragapult|Dragapult, M|100/100|[from] Volt Switch
|move|p2a: Moltres|U-turn|p1a: Dragapult
|-resisted|p1a: Dragapult
|-damage|p1a: Dragapult|90/100
|
|t:|1757813069
|switch|p2a: Gholdengo|Gholdengo|100/100|[from] U-turn
|
|upkeep
|turn|5
|
|t:|1757813077
|switch|p1a: Corviknight|Corviknight, F|57/100
|move|p2a: Gholdengo|Shadow Ball|p1a: Corviknight
|-damage|p1a: Corviknight|18/100
|
|upkeep
|turn|6
|
|t:|1757813083
|move|p2a: Gholdengo|Shadow Ball|p1a: Corviknight
|-damage|p1a: Corviknight|0 fnt
|faint|p1a: Corviknight
|
|upkeep
|
|t:|1757813088
|switch|p1a: Crawdaunt|Crawdaunt, M|100/100
|turn|7
|
|t:|1757813090
|switch|p2a: Moltres|Moltres|60/100
|move|p1a: Crawdaunt|Swords Dance|p1a: Crawdaunt
|-boost|p1a: Crawdaunt|atk|2
|
|upkeep
|turn|8
|
|t:|1757813095
|move|p1a: Crawdaunt|Aqua Jet|p2a: Moltres
|-supereffective|p2a: Moltres
|-damage|p2a: Moltres|0 fnt
|faint|p2a: Moltres
|
|upkeep
|
|t:|1757813097
|switch|p2a: Lokix|Lokix, F|84/100
|turn|9
|
|t:|1757813104
|-terastallize|p2a: Lokix|Bug
|move|p2a: Lokix|First Impression|p1a: Crawdaunt
|-supereffective|p1a: Crawdaunt
|-crit|p1a: Crawdaunt
|-enditem|p1a: Crawdaunt|Focus Sash
|-damage|p1a: Crawdaunt|1/100
|move|p1a: Crawdaunt|Aqua Jet|p2a: Lokix
|-damage|p2a: Lokix|0 fnt
|faint|p2a: Lokix
|
|upkeep
|
|t:|1757813107
|switch|p2a: Alomomola|Alomomola, M|100/100
|turn|10
|
|t:|1757813116
|move|p1a: Crawdaunt|Knock Off|p2a: Alomomola
|-damage|p2a: Alomomola|8/100
|-enditem|p2a: Alomomola|Assault Vest|[from] move: Knock Off|[of] p1a: Crawdaunt
|move|p2a: Alomomola|Flip Turn|p1a: Crawdaunt
|-resisted|p1a: Crawdaunt
|-damage|p1a: Crawdaunt|0 fnt
|faint|p1a: Crawdaunt
|
|t:|1757813127
|switch|p2a: Gholdengo|Gholdengo|100/100|[from] Flip Turn
|
|upkeep
|
|t:|1757813132
|switch|p1a: Mew|Mew|63/100
|turn|11
|
|t:|1757813135
|-terastallize|p1a: Mew|Ground
|move|p2a: Gholdengo|Shadow Ball|p1a: Mew
|-damage|p1a: Mew|24/100
|-unboost|p1a: Mew|spd|1
|move|p1a: Mew|Earth Power|p2a: Gholdengo
|-supereffective|p2a: Gholdengo
|-damage|p2a: Gholdengo|0 fnt
|faint|p2a: Gholdengo
|-damage|p1a: Mew|14/100|[from] item: Life Orb
|
|upkeep
|
|t:|1757813139
|switch|p2a: Great Tusk|Great Tusk|100/100
|turn|12
|
|t:|1757813147
|move|p1a: Mew|Ice Beam|p2a: Great Tusk
|-supereffective|p2a: Great Tusk
|-damage|p2a: Great Tusk|2/100
|-damage|p1a: Mew|4/100|[from] item: Life Orb
|move|p2a: Great Tusk|Rapid Spin|p1a: Mew
|-damage|p1a: Mew|0 fnt
|-boost|p2a: Great Tusk|spe|1
|faint|p1a: Mew
|
|upkeep
|
|t:|1757813156
|switch|p1a: Dragapult|Dragapult, M|90/100
|turn|13
|
|t:|1757813159
|move|p1a: Dragapult|U-turn|p2a: Great Tusk
|-resisted|p2a: Great Tusk
|-damage|p2a: Great Tusk|0 fnt
|faint|p2a: Great Tusk
|-end|p2a: Great Tusk|Protosynthesis|[silent]
|
|t:|1757813167
|switch|p1a: Jirachi|Jirachi|100/100|[from] U-turn
|
|upkeep
|
|t:|1757813172
|switch|p2a: Alomomola|Alomomola, M|42/100
|turn|14
|
|t:|1757813174
|move|p1a: Jirachi|Trick|p2a: Alomomola
|-activate|p1a: Jirachi|move: Trick|[of] p2a: Alomomola
|-item|p2a: Alomomola|Choice Scarf|[from] move: Trick
|-enditem|p1a: Jirachi|Choice Scarf|[silent]|[from] move: Trick
|move|p2a: Alomomola|Flip Turn|p1a: Jirachi
|-damage|p1a: Jirachi|84/100
|-message|Mr important forfeited.
|
|win|browoo42
|raw|browoo42's rating: 1375 &rarr; <strong>1398</strong><br />(+23 for winning)
|raw|Mr important's rating: 1431 &rarr; <strong>1408</strong><br />(-23 for losing)
|l|☆Mr important
|player|p2|
|l|☆browoo42
|player|p1|
