|inactive|Battle timer is ON: inactive players will automatically lose when time's up.
|t:|1757816319
|gametype|singles
|player|p1|JJ09LIE|#scl5platoon2|
|player|p2|PLAGUE|#scl5shoguns2|
|gen|9
|tier|[Gen 9] OU
|rule|HP Percentage Mod: HP is shown in percentages
|rule|Endless Battle Clause: Forcing endless battles is banned
|rule|Species Clause: Limit one of each Pokémon
|rule|OHKO Clause: OHKO moves are banned
|rule|Evasion Items Clause: Evasion items are banned
|rule|Evasion Moves Clause: Evasion moves are banned
|rule|Evasion Abilities Clause: Evasion abilities are banned
|rule|Sleep Moves Clause: Sleep-inducing moves are banned
|clearpoke
|poke|p1|Deoxys-Speed|
|poke|p1|Skarmory, F|
|poke|p1|Gholdengo|
|poke|p1|Samurott-Hisui, F|
|poke|p1|Gliscor, M|
|poke|p1|Serperior, M|
|poke|p2|Gholdengo|
|poke|p2|Great Tusk|
|poke|p2|Deoxys-Speed|
|poke|p2|Ogerpon-Wellspring, F|
|poke|p2|Dragonite, F|
|poke|p2|Iron Moth|
|teampreview
|c|☆PLAGUE|hf
|c|☆JJ09LIE|hf
|inactive|JJ09LIE has 270 seconds left.
|inactive|PLAGUE has 270 seconds left.
|inactive|JJ09LIE has 240 seconds left.
|inactive|PLAGUE has 240 seconds left.
|inactive|JJ09LIE has 210 seconds left.
|inactive|PLAGUE has 210 seconds left.
|inactive|JJ09LIE has 180 seconds left.
|inactive|PLAGUE has 180 seconds left.
|inactive|JJ09LIE has 150 seconds left.
|inactive|PLAGUE has 150 seconds left.
|inactive|PLAGUE has 120 seconds left.
|
|t:|1757816511
|teamsize|p1|6
|teamsize|p2|6
|start
|switch|p1a: Samurott|Samurott-Hisui, F|100/100
|switch|p2a: Ogerpon|Ogerpon-Wellspring, F|100/100
|turn|1
|inactive|JJ09LIE has 210 seconds left.
|inactive|PLAGUE has 180 seconds left.
|
|t:|1757816535
|move|p2a: Ogerpon|Power Whip|p1a: Samurott
|-supereffective|p1a: Samurott
|-damage|p1a: Samurott|0 fnt
|faint|p1a: Samurott
|
|upkeep
|
|t:|1757816540
|switch|p1a: Serperior|Serperior, M|100/100
|turn|2
|inactive|PLAGUE has 180 seconds left.
|
|t:|1757816549
|switch|p2a: Dragonite|Dragonite, F|100/100
|move|p1a: Serperior|Leaf Storm|p2a: Dragonite
|-resisted|p2a: Dragonite
|-damage|p2a: Dragonite|96/100
|-boost|p1a: Serperior|spa|2
|
|-heal|p2a: Dragonite|100/100|[from] item: Leftovers
|upkeep
|turn|3
|inactive|JJ09LIE has 210 seconds left.
|inactive|PLAGUE has 180 seconds left.
|
|t:|1757816561
|move|p1a: Serperior|Glare|p2a: Dragonite
|-status|p2a: Dragonite|par
|move|p2a: Dragonite|Dragon Dance|p2a: Dragonite
|-boost|p2a: Dragonite|atk|1
|-boost|p2a: Dragonite|spe|1
|
|upkeep
|turn|4
|inactive|JJ09LIE has 210 seconds left.
|inactive|PLAGUE has 180 seconds left.
|
|t:|1757816577
|switch|p1a: Skarmory|Skarmory, F, shiny|100/100
|move|p2a: Dragonite|Earthquake|p1a: Skarmory
|-immune|p1a: Skarmory
|
|upkeep
|turn|5
|inactive|PLAGUE has 180 seconds left.
|
|t:|1757816588
|switch|p2a: Iron Moth|Iron Moth|100/100
|-enditem|p2a: Iron Moth|Booster Energy
|-activate|p2a: Iron Moth|ability: Quark Drive|[fromitem]
|-start|p2a: Iron Moth|quarkdrivespe
|move|p1a: Skarmory|Stealth Rock|p2a: Iron Moth
|-sidestart|p2: PLAGUE|move: Stealth Rock
|
|upkeep
|turn|6
|inactive|PLAGUE has 180 seconds left.
|inactive|JJ09LIE has 210 seconds left.
|inactive|PLAGUE has 150 seconds left.
|
|t:|1757816634
|-terastallize|p1a: Skarmory|Water
|move|p2a: Iron Moth|Fiery Dance|p1a: Skarmory
|-resisted|p1a: Skarmory
|-damage|p1a: Skarmory|75/100
|move|p1a: Skarmory|Whirlwind|p2a: Iron Moth
|-end|p2a: Iron Moth|Quark Drive|[silent]
|drag|p2a: Deoxys|Deoxys-Speed|100/100
|-damage|p2a: Deoxys|88/100|[from] Stealth Rock
|-ability|p2a: Deoxys|Pressure
|
|upkeep
|turn|7
|inactive|PLAGUE has 150 seconds left.
|
|t:|1757816644
|switch|p1a: Gholdengo|Gholdengo|100/100
|move|p2a: Deoxys|Psycho Boost|p1a: Gholdengo
|-resisted|p1a: Gholdengo
|-damage|p1a: Gholdengo|54/100
|-unboost|p2a: Deoxys|spa|2
|-damage|p2a: Deoxys|78/100|[from] item: Life Orb
|
|upkeep
|turn|8
|inactive|PLAGUE has 150 seconds left.
|inactive|JJ09LIE has 180 seconds left.
|
|t:|1757816665
|switch|p2a: Dragonite|Dragonite, F|100/100 par
|-damage|p2a: Dragonite|76/100 par|[from] Stealth Rock
|move|p1a: Gholdengo|Shadow Ball|p2a: Dragonite
|-damage|p2a: Dragonite|39/100 par
|-unboost|p2a: Dragonite|spd|1
|
|-heal|p2a: Dragonite|45/100 par|[from] item: Leftovers
|upkeep
|turn|9
|
|t:|1757816691
|move|p1a: Gholdengo|Shadow Ball|p2a: Dragonite
|-damage|p2a: Dragonite|0 fnt
|faint|p2a: Dragonite
|
|upkeep
|inactive|PLAGUE has 120 seconds left.
|
|t:|1757816712
|switch|p2a: Iron Moth|Iron Moth|100/100
|-damage|p2a: Iron Moth|76/100|[from] Stealth Rock
|turn|10
|inactive|JJ09LIE has 180 seconds left.
|inactive|JJ09LIE has 150 seconds left.
|
|t:|1757816792
|switch|p1a: Gliscor|Gliscor, M|100/100
|move|p2a: Iron Moth|Fiery Dance|p1a: Gliscor
|-damage|p1a: Gliscor|63/100
|
|-status|p1a: Gliscor|tox|[from] item: Toxic Orb
|upkeep
|turn|11
|
|t:|1757816798
|move|p2a: Iron Moth|Toxic Spikes|p1a: Gliscor
|-sidestart|p1: JJ09LIE|move: Toxic Spikes
|move|p1a: Gliscor|Earthquake|p2a: Iron Moth
|-supereffective|p2a: Iron Moth
|-damage|p2a: Iron Moth|0 fnt
|faint|p2a: Iron Moth
|-end|p2a: Iron Moth|Quark Drive|[silent]
|
|-heal|p1a: Gliscor|75/100 tox|[from] ability: Poison Heal
|upkeep
|inactive|PLAGUE has 120 seconds left.
|
|t:|1757816809
|switch|p2a: Ogerpon|Ogerpon-Wellspring, F|100/100
|-damage|p2a: Ogerpon|88/100|[from] Stealth Rock
|turn|12
|
|t:|1757816819
|switch|p1a: Serperior|Serperior, M|100/100
|-status|p1a: Serperior|psn
|move|p2a: Ogerpon|Ivy Cudgel|p1a: Serperior|[anim] Ivy Cudgel Water
|-resisted|p1a: Serperior
|-damage|p1a: Serperior|64/100 psn
|
|-heal|p1a: Serperior|70/100 psn|[from] item: Leftovers
|-damage|p1a: Serperior|58/100 psn|[from] psn
|upkeep
|turn|13
|inactive|JJ09LIE has 150 seconds left.
|
|t:|1757816838
|switch|p2a: Gholdengo|Gholdengo|100/100
|-damage|p2a: Gholdengo|94/100|[from] Stealth Rock
|move|p1a: Serperior|Leaf Storm|p2a: Gholdengo
|-resisted|p2a: Gholdengo
|-damage|p2a: Gholdengo|71/100
|-boost|p1a: Serperior|spa|2
|
|-heal|p1a: Serperior|64/100 psn|[from] item: Leftovers
|-damage|p1a: Serperior|51/100 psn|[from] psn
|upkeep
|turn|14
|inactive|JJ09LIE has 120 seconds left.
|
|t:|1757816870
|switch|p1a: Skarmory|Skarmory, F, shiny, tera:Water|75/100
|-status|p1a: Skarmory|psn
|move|p2a: Gholdengo|Make It Rain|p1a: Skarmory
|-resisted|p1a: Skarmory
|-damage|p1a: Skarmory|35/100 psn
|-unboost|p2a: Gholdengo|spa|1
|
|-damage|p1a: Skarmory|23/100 psn|[from] psn
|upkeep
|turn|15
|inactive|JJ09LIE has 120 seconds left.
|
|t:|1757816891
|move|p2a: Gholdengo|Make It Rain|p1a: Skarmory
|-resisted|p1a: Skarmory
|-damage|p1a: Skarmory|0 fnt
|-unboost|p2a: Gholdengo|spa|1
|faint|p1a: Skarmory
|
|upkeep
|
|t:|1757816908
|switch|p1a: Gholdengo|Gholdengo|54/100
|turn|16
|inactive|PLAGUE has 120 seconds left.
|inactive|PLAGUE has 90 seconds left.
|
|t:|1757816977
|switch|p2a: Deoxys|Deoxys-Speed|78/100
|-damage|p2a: Deoxys|66/100|[from] Stealth Rock
|-ability|p2a: Deoxys|Pressure
|move|p1a: Gholdengo|Shadow Ball|p2a: Deoxys
|-supereffective|p2a: Deoxys
|-damage|p2a: Deoxys|0 fnt
|faint|p2a: Deoxys
|
|upkeep
|
|t:|1757817001
|switch|p2a: Ogerpon|Ogerpon-Wellspring, F|88/100
|-damage|p2a: Ogerpon|76/100|[from] Stealth Rock
|turn|17
|inactive|JJ09LIE has 120 seconds left.
|inactive|JJ09LIE has 90 seconds left.
|inactive|PLAGUE has 60 seconds left.
|
|t:|1757817057
|-terastallize|p2a: Ogerpon|Water
|detailschange|p2a: Ogerpon|Ogerpon-Wellspring-Tera, F, tera:Water
|-ability|p2a: Ogerpon|Embody Aspect (Wellspring)|boost
|-boost|p2a: Ogerpon|spd|1
|move|p1a: Gholdengo|Shadow Ball|p2a: Ogerpon
|-damage|p2a: Ogerpon|43/100
|move|p2a: Ogerpon|Trailblaze|p1a: Gholdengo
|-resisted|p1a: Gholdengo
|-damage|p1a: Gholdengo|36/100
|-boost|p2a: Ogerpon|spe|1
|
|upkeep
|turn|18
|inactive|PLAGUE has 60 seconds left.
|
|t:|1757817090
|move|p2a: Ogerpon|Trailblaze|p1a: Gholdengo
|-resisted|p1a: Gholdengo
|-damage|p1a: Gholdengo|17/100
|-boost|p2a: Ogerpon|spe|1
|move|p1a: Gholdengo|Shadow Ball|p2a: Ogerpon
|-damage|p2a: Ogerpon|8/100
|
|upkeep
|turn|19
|
|t:|1757817110
|move|p2a: Ogerpon|Ivy Cudgel|p1a: Gholdengo|[anim] Ivy Cudgel Water
|-damage|p1a: Gholdengo|0 fnt
|faint|p1a: Gholdengo
|
|upkeep
|
|t:|1757817112
|switch|p1a: Serperior|Serperior, M|51/100 psn
|turn|20
|inactive|JJ09LIE has 60 seconds left.
|
|t:|1757817137
|move|p2a: Ogerpon|Ivy Cudgel|p1a: Serperior|[anim] Ivy Cudgel Water
|-resisted|p1a: Serperior
|-damage|p1a: Serperior|2/100 psn
|move|p1a: Serperior|Tera Blast|p2a: Ogerpon
|-damage|p2a: Ogerpon|0 fnt
|faint|p2a: Ogerpon
|detailschange|p2: Ogerpon|Ogerpon-Wellspring, F|[silent]
|
|-heal|p1a: Serperior|8/100 psn|[from] item: Leftovers
|-damage|p1a: Serperior|0 fnt|[from] psn
|faint|p1a: Serperior
|upkeep
|
|t:|1757817145
|switch|p1a: Gliscor|Gliscor, M|75/100 tox
|switch|p2a: Gholdengo|Gholdengo|71/100
|-damage|p2a: Gholdengo|65/100|[from] Stealth Rock
|turn|21
|inactive|JJ09LIE has 60 seconds left.
|
|t:|1757817161
|move|p1a: Gliscor|Protect|p1a: Gliscor
|-singleturn|p1a: Gliscor|Protect
|move|p2a: Gholdengo|Trick|p1a: Gliscor
|-activate|p1a: Gliscor|move: Protect
|
|-heal|p1a: Gliscor|88/100 tox|[from] ability: Poison Heal
|upkeep
|turn|22
|inactive|JJ09LIE has 60 seconds left.
|
|t:|1757817185
|move|p2a: Gholdengo|Trick|p1a: Gliscor
|-activate|p2a: Gholdengo|move: Trick|[of] p1a: Gliscor
|-item|p1a: Gliscor|Choice Scarf|[from] move: Trick
|-item|p2a: Gholdengo|Toxic Orb|[from] move: Trick
|move|p1a: Gliscor|Earthquake|p2a: Gholdengo
|-supereffective|p2a: Gholdengo
|-damage|p2a: Gholdengo|0 fnt
|faint|p2a: Gholdengo
|
|-heal|p1a: Gliscor|100/100 tox|[from] ability: Poison Heal
|upkeep
|
|t:|1757817189
|switch|p2a: Great Tusk|Great Tusk|100/100
|-damage|p2a: Great Tusk|98/100|[from] Stealth Rock
|-enditem|p2a: Great Tusk|Booster Energy
|-activate|p2a: Great Tusk|ability: Protosynthesis|[fromitem]
|-start|p2a: Great Tusk|protosynthesisspe
|turn|23
|
|t:|1757817210
|switch|p1a: Deoxys|Deoxys-Speed, shiny|100/100
|-ability|p1a: Deoxys|Pressure
|move|p2a: Great Tusk|Rapid Spin|p1a: Deoxys
|-damage|p1a: Deoxys|79/100
|-boost|p2a: Great Tusk|spe|1
|-sideend|p2: PLAGUE|Stealth Rock|[from] move: Rapid Spin|[of] p2a: Great Tusk
|
|upkeep
|turn|24
|
|t:|1757817221
|switch|p1a: Gliscor|Gliscor, M|100/100 tox
|move|p2a: Great Tusk|Earthquake|p1a: Gliscor
|-immune|p1a: Gliscor
|
|upkeep
|turn|25
|
|t:|1757817225
|move|p2a: Great Tusk|Bulk Up|p2a: Great Tusk
|-boost|p2a: Great Tusk|atk|1
|-boost|p2a: Great Tusk|def|1
|move|p1a: Gliscor|Toxic|p2a: Great Tusk
|-status|p2a: Great Tusk|tox
|
|-damage|p2a: Great Tusk|91/100 tox|[from] psn
|upkeep
|turn|26
|inactive|JJ09LIE has 60 seconds left.
|inactive|PLAGUE has 60 seconds left.
|inactive|JJ09LIE has 30 seconds left.
|inactive|PLAGUE has 30 seconds left.
|
|t:|1757817289
|switch|p1a: Deoxys|Deoxys-Speed, shiny|79/100
|-ability|p1a: Deoxys|Pressure
|move|p2a: Great Tusk|Ice Spinner|p1a: Deoxys
|-damage|p1a: Deoxys|28/100
|
|-damage|p2a: Great Tusk|79/100 tox|[from] psn
|upkeep
|turn|27
|inactive|JJ09LIE has 30 seconds left.
|
|t:|1757817303
|move|p2a: Great Tusk|Ice Spinner|p1a: Deoxys
|-damage|p1a: Deoxys|0 fnt
|faint|p1a: Deoxys
|
|-damage|p2a: Great Tusk|60/100 tox|[from] psn
|upkeep
|inactive|JJ09LIE has 30 seconds left this turn.
|
|t:|1757817304
|switch|p1a: Gliscor|Gliscor, M|100/100 tox
|turn|28
|
|t:|1757817309
|move|p1a: Gliscor|Protect|p1a: Gliscor
|-singleturn|p1a: Gliscor|Protect
|move|p2a: Great Tusk|Ice Spinner|p1a: Gliscor
|-activate|p1a: Gliscor|move: Protect
|
|-damage|p2a: Great Tusk|35/100 tox|[from] psn
|upkeep
|turn|29
|
|t:|1757817313
|move|p1a: Gliscor|Protect||[still]
|-fail|p1a: Gliscor
|move|p2a: Great Tusk|Ice Spinner|p1a: Gliscor
|-supereffective|p1a: Gliscor
|-damage|p1a: Gliscor|0 fnt
|faint|p1a: Gliscor
|
|win|PLAGUE
|c|☆PLAGUE|gg
|c|☆JJ09LIE|gg
|player|p1|
