|j|☆boocat2
|j|☆lightspyzer
|t:|1757792133
|gametype|singles
|player|p1|boocat2|akari|1244
|player|p2|lightspyzer|101|1221
|gen|9
|tier|[Gen 9] OU
|rated|
|rule|HP Percentage Mod: HP is shown in percentages
|rule|Endless Battle Clause: Forcing endless battles is banned
|rule|Species Clause: Limit one of each Pokémon
|rule|OHKO Clause: OHKO moves are banned
|rule|Evasion Items Clause: Evasion items are banned
|rule|Evasion Moves Clause: Evasion moves are banned
|rule|Evasion Abilities Clause: Evasion abilities are banned
|rule|Sleep Moves Clause: Sleep-inducing moves are banned
|clearpoke
|poke|p1|Kyurem|
|poke|p1|Zapdos|
|poke|p1|Slowking-Galar, M|
|poke|p1|Cinderace, F|
|poke|p1|Iron Valiant|
|poke|p1|Kingambit, M|
|poke|p2|Hydrapple, F|
|poke|p2|Ursaring, M|
|poke|p2|Quaquaval, M|
|poke|p2|Tornadus-Therian, M|
|poke|p2|Dragapult, F|
|poke|p2|Skeledirge, M|
|teampreview
|inactive|Battle timer is ON: inactive players will automatically lose when time's up. (requested by boocat2)
|
|t:|1757792149
|teamsize|p1|6
|teamsize|p2|6
|start
|switch|p1a: Cinderace|Cinderace, F|100/100
|switch|p2a: Tornadus|Tornadus-Therian, M|100/100
|turn|1
|
|t:|1757792156
|move|p2a: Tornadus|U-turn|p1a: Cinderace
|-resisted|p1a: Cinderace
|-crit|p1a: Cinderace
|-damage|p1a: Cinderace|86/100
|
|t:|1757792160
|switch|p2a: Hydrapple|Hydrapple, F|100/100|[from] U-turn
|move|p1a: Cinderace|U-turn|p2a: Hydrapple
|-supereffective|p2a: Hydrapple
|-damage|p2a: Hydrapple|81/100
|
|t:|1757792167
|switch|p1a: Kyurem|Kyurem|100/100|[from] U-turn
|-ability|p1a: Kyurem|Pressure
|
|-heal|p2a: Hydrapple|87/100|[from] item: Leftovers
|upkeep
|turn|2
|
|t:|1757792177
|switch|p2a: Ursaring|Ursaring, M|100/100
|move|p1a: Kyurem|Scale Shot|p2a: Ursaring
|-damage|p2a: Ursaring|90/100
|-damage|p2a: Ursaring|79/100
|-damage|p2a: Ursaring|68/100
|-damage|p2a: Ursaring|57/100
|-hitcount|p2a: Ursaring|4
|-unboost|p1a: Kyurem|def|1
|-boost|p1a: Kyurem|spe|1
|
|upkeep
|turn|3
|
|t:|1757792188
|-terastallize|p1a: Kyurem|Dragon
|move|p1a: Kyurem|Scale Shot|p2a: Ursaring
|-damage|p2a: Ursaring|43/100
|-damage|p2a: Ursaring|29/100
|-damage|p2a: Ursaring|15/100
|-crit|p2a: Ursaring
|-damage|p2a: Ursaring|0 fnt
|faint|p2a: Ursaring
|-hitcount|p2: Ursaring|4
|-unboost|p1a: Kyurem|def|1
|-boost|p1a: Kyurem|spe|1
|
|upkeep
|
|t:|1757792211
|switch|p2a: Quaquaval|Quaquaval, M|100/100
|turn|4
|
|t:|1757792215
|move|p1a: Kyurem|Scale Shot|p2a: Quaquaval
|-damage|p2a: Quaquaval|73/100
|-damage|p2a: Quaquaval|48/100
|-damage|p2a: Quaquaval|22/100
|-damage|p2a: Quaquaval|0 fnt
|faint|p2a: Quaquaval
|-hitcount|p2: Quaquaval|4
|-unboost|p1a: Kyurem|def|1
|-boost|p1a: Kyurem|spe|1
|
|upkeep
|
|t:|1757792229
|switch|p2a: Skeledirge|Skeledirge, M|100/100
|turn|5
|
|t:|1757792235
|move|p1a: Kyurem|Earth Power|p2a: Skeledirge
|-supereffective|p2a: Skeledirge
|-damage|p2a: Skeledirge|48/100
|move|p2a: Skeledirge|Torch Song|p1a: Kyurem
|-resisted|p1a: Kyurem
|-damage|p1a: Kyurem|80/100
|-boost|p2a: Skeledirge|spa|1
|
|-heal|p2a: Skeledirge|54/100|[from] item: Leftovers
|upkeep
|turn|6
|
|t:|1757792244
|move|p1a: Kyurem|Earth Power|p2a: Skeledirge
|-supereffective|p2a: Skeledirge
|-crit|p2a: Skeledirge
|-damage|p2a: Skeledirge|0 fnt
|faint|p2a: Skeledirge
|
|upkeep
|c|☆lightspyzer|Only critting?
|
|t:|1757792259
|switch|p2a: Tornadus|Tornadus-Therian, M|100/100
|turn|7
|c|☆boocat2|more
|
|t:|1757792264
|move|p1a: Kyurem|Icicle Spear|p2a: Tornadus
|-supereffective|p2a: Tornadus
|-damage|p2a: Tornadus|65/100
|-supereffective|p2a: Tornadus
|-crit|p2a: Tornadus
|-damage|p2a: Tornadus|15/100
|-supereffective|p2a: Tornadus
|-damage|p2a: Tornadus|0 fnt
|faint|p2a: Tornadus
|-hitcount|p2: Tornadus|3
|
|upkeep
|
|t:|1757792277
|switch|p2a: Dragapult|Dragapult, F|100/100
|turn|8
|
|t:|1757792283
|move|p1a: Kyurem|Icicle Spear|p2a: Dragapult
|-supereffective|p2a: Dragapult
|-damage|p2a: Dragapult|62/100
|-supereffective|p2a: Dragapult
|-damage|p2a: Dragapult|24/100
|-supereffective|p2a: Dragapult
|-damage|p2a: Dragapult|0 fnt
|faint|p2a: Dragapult
|-hitcount|p2: Dragapult|3
|
|upkeep
|-message|lightspyzer forfeited.
|
|win|boocat2
|raw|boocat2's rating: 1244 &rarr; <strong>1267</strong><br />(+23 for winning)
|raw|lightspyzer's rating: 1221 &rarr; <strong>1198</strong><br />(-23 for losing)
|l|☆lightspyzer
|player|p2|
