|j|☆zhuangmou
|j|☆hungrymane
|t:|1757845287
|gametype|singles
|player|p1|zhuangmou|red|1651
|player|p2|hungrymane|101|1660
|gen|9
|tier|[Gen 9] OU
|rated|
|rule|HP Percentage Mod: HP is shown in percentages
|rule|Endless Battle Clause: Forcing endless battles is banned
|rule|Species Clause: Limit one of each Pokémon
|rule|OHKO Clause: OHKO moves are banned
|rule|Evasion Items Clause: Evasion items are banned
|rule|Evasion Moves Clause: Evasion moves are banned
|rule|Evasion Abilities Clause: Evasion abilities are banned
|rule|Sleep Moves Clause: Sleep-inducing moves are banned
|clearpoke
|poke|p1|Darkrai|
|poke|p1|Great Tusk|
|poke|p1|Landorus-Therian, M|
|poke|p1|Dragapult, M|
|poke|p1|Heatran, M|
|poke|p1|Primarina, M|
|poke|p2|Mesprit|
|poke|p2|Zoroark-Hisui, M|
|poke|p2|Thundurus, M|
|poke|p2|Okidogi, M|
|poke|p2|Goodra-Hisui, F|
|poke|p2|Alomomola, M|
|teampreview
|inactive|Battle timer is ON: inactive players will automatically lose when time's up. (requested by zhuangmou)
|
|t:|1757845313
|teamsize|p1|6
|teamsize|p2|6
|start
|switch|p1a: Darkrai|Darkrai|100/100
|switch|p2a: I aint afraid of a|Okidogi, M|100/100
|turn|1
|
|t:|1757845332
|switch|p1a: Landorus|Landorus-Therian, M|100/100
|-ability|p1a: Landorus|Intimidate|boost
|-unboost|p2a: I aint afraid of a|atk|1
|move|p2a: I aint afraid of a|Poison Fang|p1a: Landorus
|-resisted|p1a: Landorus
|-damage|p1a: Landorus|95/100
|-damage|p2a: I aint afraid of a|84/100|[from] item: Rocky Helmet|[of] p1a: Landorus
|
|upkeep
|turn|2
|j| wgw2333
|
|t:|1757845350
|switch|p2a: Tuteetudleetutu|Alomomola, M|100/100
|move|p1a: Landorus|Psychic|p2a: Tuteetudleetutu
|-damage|p2a: Tuteetudleetutu|82/100
|
|upkeep
|turn|3
|
|t:|1757845370
|move|p1a: Landorus|U-turn|p2a: Tuteetudleetutu
|-damage|p2a: Tuteetudleetutu|67/100
|inactive|zhuangmou has 120 seconds left.
|
|t:|1757845381
|switch|p1a: Dragapult|Dragapult, M|100/100|[from] U-turn
|move|p2a: Tuteetudleetutu|Flip Turn|p1a: Dragapult
|-resisted|p1a: Dragapult
|-damage|p1a: Dragapult|91/100
|
|t:|1757845387
|switch|p2a: Big bad wolf?|Thundurus, M|100/100|[from] Flip Turn
|
|upkeep
|turn|4
|inactive|zhuangmou has 120 seconds left.
|
|t:|1757845409
|switch|p1a: Heatran|Heatran, M|100/100
|move|p2a: Big bad wolf?|Thunder Wave|p1a: Heatran
|-status|p1a: Heatran|par
|
|upkeep
|turn|5
|inactive|zhuangmou has 120 seconds left.
|
|t:|1757845429
|move|p2a: Big bad wolf?|Volt Switch|p1a: Heatran
|-damage|p1a: Heatran|80/100 par
|
|t:|1757845431
|switch|p2a: Whos afraid of the|Mesprit|100/100|[from] Volt Switch
|move|p1a: Heatran|Stealth Rock|p2a: Whos afraid of the
|-sidestart|p2: hungrymane|move: Stealth Rock
|
|-heal|p1a: Heatran|87/100 par|[from] item: Leftovers
|upkeep
|turn|6
|
|t:|1757845435
|move|p2a: Whos afraid of the|Stealth Rock|p1a: Heatran
|-sidestart|p1: zhuangmou|move: Stealth Rock
|move|p1a: Heatran|Magma Storm|p2a: Whos afraid of the|[miss]
|-miss|p1a: Heatran|p2a: Whos afraid of the
|
|-heal|p1a: Heatran|93/100 par|[from] item: Leftovers
|upkeep
|turn|7
|
|t:|1757845446
|move|p2a: Whos afraid of the|U-turn|p1a: Heatran
|-resisted|p1a: Heatran
|-damage|p1a: Heatran|90/100 par
|
|t:|1757845448
|switch|p2a: Tuteetudleetutu|Alomomola, M|99/100|[from] U-turn
|move|p1a: Heatran|Magma Storm|p2a: Tuteetudleetutu
|-resisted|p2a: Tuteetudleetutu
|-damage|p2a: Tuteetudleetutu|82/100
|-activate|p2a: Tuteetudleetutu|move: Magma Storm|[of] p1a: Heatran
|
|-heal|p1a: Heatran|96/100 par|[from] item: Leftovers
|-damage|p2a: Tuteetudleetutu|69/100|[from] move: Magma Storm|[partiallytrapped]
|upkeep
|turn|8
|
|t:|1757845455
|cant|p1a: Heatran|par
|move|p2a: Tuteetudleetutu|Wish|p2a: Tuteetudleetutu
|
|-heal|p1a: Heatran|100/100 par|[from] item: Leftovers
|-damage|p2a: Tuteetudleetutu|57/100|[from] move: Magma Storm|[partiallytrapped]
|upkeep
|turn|9
|l| wgw2333
|
|t:|1757845484
|move|p2a: Tuteetudleetutu|Flip Turn|p1a: Heatran
|-supereffective|p1a: Heatran
|-damage|p1a: Heatran|76/100 par
|
|t:|1757845498
|switch|p2a: I aint afraid of a|Okidogi, M|84/100|[from] Flip Turn
|move|p1a: Heatran|Earth Power|p2a: I aint afraid of a
|-supereffective|p2a: I aint afraid of a
|-damage|p2a: I aint afraid of a|30/100
|
|-heal|p2a: I aint afraid of a|99/100|[from] move: Wish|[wisher] Tuteetudleetutu
|-heal|p1a: Heatran|82/100 par|[from] item: Leftovers
|upkeep
|turn|10
|
|t:|1757845513
|switch|p2a: Tuteetudleetutu|Alomomola, M|90/100
|cant|p1a: Heatran|par
|
|-heal|p1a: Heatran|88/100 par|[from] item: Leftovers
|upkeep
|turn|11
|j| Ctannn
|
|t:|1757845521
|switch|p1a: Primarina|Primarina, M|100/100
|-damage|p1a: Primarina|88/100|[from] Stealth Rock
|move|p2a: Tuteetudleetutu|Scald|p1a: Primarina
|-resisted|p1a: Primarina
|-damage|p1a: Primarina|85/100
|
|upkeep
|turn|12
|
|t:|1757845533
|move|p1a: Primarina|Energy Ball|p2a: Tuteetudleetutu
|-supereffective|p2a: Tuteetudleetutu
|-damage|p2a: Tuteetudleetutu|46/100
|move|p2a: Tuteetudleetutu|Flip Turn|p1a: Primarina
|-resisted|p1a: Primarina
|-damage|p1a: Primarina|76/100
|
|t:|1757845543
|switch|p2a: I aint afraid of a|Okidogi, M|99/100|[from] Flip Turn
|
|upkeep
|turn|13
|
|t:|1757845552
|switch|p1a: Landorus|Landorus-Therian, M|95/100
|-damage|p1a: Landorus|83/100|[from] Stealth Rock
|-ability|p1a: Landorus|Intimidate|boost
|-unboost|p2a: I aint afraid of a|atk|1
|move|p2a: I aint afraid of a|Poison Fang|p1a: Landorus
|-resisted|p1a: Landorus
|-damage|p1a: Landorus|78/100
|-status|p1a: Landorus|tox
|-damage|p2a: I aint afraid of a|83/100|[from] item: Rocky Helmet|[of] p1a: Landorus
|
|-damage|p1a: Landorus|72/100 tox|[from] psn
|upkeep
|turn|14
|
|t:|1757845566
|switch|p2a: Big bad wolf.|Goodra-Hisui, F|100/100
|move|p1a: Landorus|U-turn|p2a: Big bad wolf.
|-resisted|p2a: Big bad wolf.
|-damage|p2a: Big bad wolf.|91/100
|
|t:|1757845584
|switch|p1a: Heatran|Heatran, M|88/100 par|[from] U-turn
|-damage|p1a: Heatran|76/100 par|[from] Stealth Rock
|
|-heal|p1a: Heatran|82/100 par|[from] item: Leftovers
|upkeep
|turn|15
|
|t:|1757845595
|switch|p2a: Tuteetudleetutu|Alomomola, M|80/100
|move|p1a: Heatran|Earth Power|p2a: Tuteetudleetutu
|-damage|p2a: Tuteetudleetutu|55/100
|-unboost|p2a: Tuteetudleetutu|spd|1
|
|-heal|p1a: Heatran|88/100 par|[from] item: Leftovers
|upkeep
|turn|16
|
|t:|1757845599
|move|p2a: Tuteetudleetutu|Wish|p2a: Tuteetudleetutu
|move|p1a: Heatran|Earth Power|p2a: Tuteetudleetutu
|-damage|p2a: Tuteetudleetutu|19/100
|
|-heal|p1a: Heatran|94/100 par|[from] item: Leftovers
|upkeep
|turn|17
|
|t:|1757845609
|move|p2a: Tuteetudleetutu|Flip Turn|p1a: Heatran
|-supereffective|p1a: Heatran
|-damage|p1a: Heatran|71/100 par
|
|t:|1757845612
|switch|p2a: I aint afraid of a|Okidogi, M|83/100|[from] Flip Turn
|move|p1a: Heatran|Earth Power|p2a: I aint afraid of a
|-supereffective|p2a: I aint afraid of a
|-damage|p2a: I aint afraid of a|30/100
|
|-heal|p2a: I aint afraid of a|100/100|[from] move: Wish|[wisher] Tuteetudleetutu
|-heal|p1a: Heatran|78/100 par|[from] item: Leftovers
|upkeep
|turn|18
|
|t:|1757845622
|cant|p1a: Heatran|par
|move|p2a: I aint afraid of a|High Horsepower|p1a: Heatran
|-supereffective|p1a: Heatran
|-damage|p1a: Heatran|0 fnt
|faint|p1a: Heatran
|
|upkeep
|
|t:|1757845634
|switch|p1a: Great Tusk|Great Tusk|100/100
|turn|19
|
|t:|1757845646
|switch|p2a: Whos afraid of the|Mesprit|100/100
|move|p1a: Great Tusk|Rapid Spin|p2a: Whos afraid of the
|-damage|p2a: Whos afraid of the|90/100
|-boost|p1a: Great Tusk|spe|1
|-sideend|p1: zhuangmou|Stealth Rock|[from] move: Rapid Spin|[of] p1a: Great Tusk
|
|upkeep
|turn|20
|
|t:|1757845658
|-end|p1a: Great Tusk|Protosynthesis|[silent]
|switch|p1a: Dragapult|Dragapult, M|91/100
|move|p2a: Whos afraid of the|Ice Beam|p1a: Dragapult
|-supereffective|p1a: Dragapult
|-damage|p1a: Dragapult|33/100
|
|upkeep
|turn|21
|
|t:|1757845667
|switch|p2a: Big bad wolf?|Thundurus, M|100/100
|move|p1a: Dragapult|U-turn|p2a: Big bad wolf?
|-resisted|p2a: Big bad wolf?
|-damage|p2a: Big bad wolf?|66/100
|replace|p2a: The big bad wolf?|Zoroark-Hisui, M
|-end|p2a: The big bad wolf?|Illusion
|
|t:|1757845672
|switch|p1a: Darkrai|Darkrai|100/100|[from] U-turn
|
|upkeep
|turn|22
|
|t:|1757845679
|-terastallize|p2a: The big bad wolf?|Fighting
|move|p1a: Darkrai|Dark Pulse|p2a: The big bad wolf?
|-resisted|p2a: The big bad wolf?
|-damage|p2a: The big bad wolf?|6/100
|-damage|p1a: Darkrai|91/100|[from] item: Life Orb
|cant|p2a: The big bad wolf?|flinch
|
|upkeep
|turn|23
|
|t:|1757845688
|switch|p2a: I aint afraid of a|Okidogi, M|100/100
|move|p1a: Darkrai|Ice Beam|p2a: I aint afraid of a
|-damage|p2a: I aint afraid of a|60/100
|-damage|p1a: Darkrai|81/100|[from] item: Life Orb
|
|upkeep
|turn|24
|
|t:|1757845703
|switch|p1a: Landorus|Landorus-Therian, M|72/100 tox
|-ability|p1a: Landorus|Intimidate|boost
|-unboost|p2a: I aint afraid of a|atk|1
|move|p2a: I aint afraid of a|High Horsepower|p1a: Landorus
|-immune|p1a: Landorus
|
|-damage|p1a: Landorus|66/100 tox|[from] psn
|upkeep
|turn|25
|
|t:|1757845713
|switch|p2a: Tuteetudleetutu|Alomomola, M|52/100
|move|p1a: Landorus|Earthquake|p2a: Tuteetudleetutu
|-damage|p2a: Tuteetudleetutu|21/100
|
|-damage|p1a: Landorus|54/100 tox|[from] psn
|upkeep
|turn|26
|
|t:|1757845728
|switch|p2a: Big bad wolf?|Thundurus, M|100/100
|move|p1a: Landorus|U-turn|p2a: Big bad wolf?
|-resisted|p2a: Big bad wolf?
|-damage|p2a: Big bad wolf?|87/100
|inactive|zhuangmou has 120 seconds left.
|
|t:|1757845760
|switch|p1a: Dragapult|Dragapult, M|33/100|[from] U-turn
|
|upkeep
|turn|27
|
|t:|1757845766
|move|p2a: Big bad wolf?|Thunder Wave|p1a: Dragapult
|-status|p1a: Dragapult|par
|move|p1a: Dragapult|Dragon Darts|p2a: Big bad wolf?
|-damage|p2a: Big bad wolf?|38/100
|-anim|p1a: Dragapult|Dragon Darts|p2a: Big bad wolf?
|-damage|p2a: Big bad wolf?|0 fnt
|faint|p2a: Big bad wolf?
|
|upkeep
|j| amimec
|j| babyshark974
|
|t:|1757845786
|switch|p2a: I aint afraid of a|Okidogi, M|60/100
|turn|28
|j| wgw2333
|
|t:|1757845806
|move|p2a: I aint afraid of a|Knock Off|p1a: Dragapult
|-supereffective|p1a: Dragapult
|-damage|p1a: Dragapult|0 fnt
|-enditem|p1a: Dragapult|Choice Band|[from] move: Knock Off|[of] p2a: I aint afraid of a
|faint|p1a: Dragapult
|
|upkeep
|l| amimec
|inactive|zhuangmou has 120 seconds left.
|
|t:|1757845828
|switch|p1a: Great Tusk|Great Tusk|100/100
|turn|29
|
|t:|1757845836
|switch|p2a: Whos afraid of the|Mesprit|90/100
|move|p1a: Great Tusk|Rapid Spin|p2a: Whos afraid of the
|-damage|p2a: Whos afraid of the|77/100
|-boost|p1a: Great Tusk|spe|1
|
|upkeep
|turn|30
|inactive|zhuangmou has 120 seconds left.
|
|t:|1757845862
|-terastallize|p1a: Great Tusk|Steel
|move|p1a: Great Tusk|Knock Off|p2a: Whos afraid of the
|-supereffective|p2a: Whos afraid of the
|-damage|p2a: Whos afraid of the|35/100
|-enditem|p2a: Whos afraid of the|Heavy-Duty Boots|[from] move: Knock Off|[of] p1a: Great Tusk
|move|p2a: Whos afraid of the|Stealth Rock|p1a: Great Tusk
|-sidestart|p1: zhuangmou|move: Stealth Rock
|
|upkeep
|turn|31
|inactive|hungrymane has 120 seconds left.
|
|t:|1757845892
|switch|p2a: Tuteetudleetutu|Alomomola, M, tera:Fighting|6/100
|move|p1a: Great Tusk|Knock Off|p2a: Tuteetudleetutu
|-resisted|p2a: Tuteetudleetutu
|-damage|p2a: Tuteetudleetutu|0 fnt
|replace|p2a: The big bad wolf?|Zoroark-Hisui, M
|-end|p2a: The big bad wolf?|Illusion
|-enditem|p2a: The big bad wolf?|Heavy-Duty Boots|[from] move: Knock Off|[of] p1a: Great Tusk
|faint|p2a: The big bad wolf?
|
|upkeep
|
|t:|1757845895
|switch|p2a: Tuteetudleetutu|Alomomola, M|55/100
|turn|32
|
|t:|1757845907
|move|p1a: Great Tusk|Headlong Rush|p2a: Tuteetudleetutu
|-damage|p2a: Tuteetudleetutu|11/100
|-unboost|p1a: Great Tusk|def|1
|-unboost|p1a: Great Tusk|spd|1
|move|p2a: Tuteetudleetutu|Wish|p2a: Tuteetudleetutu
|
|upkeep
|turn|33
|inactive|zhuangmou has 90 seconds left.
|
|t:|1757845945
|move|p2a: Tuteetudleetutu|Protect|p2a: Tuteetudleetutu
|-singleturn|p2a: Tuteetudleetutu|Protect
|move|p1a: Great Tusk|Headlong Rush|p2a: Tuteetudleetutu
|-activate|p2a: Tuteetudleetutu|move: Protect
|
|-heal|p2a: Tuteetudleetutu|61/100|[from] move: Wish|[wisher] Tuteetudleetutu
|upkeep
|turn|34
|
|t:|1757845952
|move|p1a: Great Tusk|Headlong Rush|p2a: Tuteetudleetutu
|-damage|p2a: Tuteetudleetutu|20/100
|-unboost|p1a: Great Tusk|def|1
|-unboost|p1a: Great Tusk|spd|1
|move|p2a: Tuteetudleetutu|Wish|p2a: Tuteetudleetutu
|
|upkeep
|turn|35
|inactive|zhuangmou has 90 seconds left.
|
|t:|1757845961
|-end|p1a: Great Tusk|Protosynthesis|[silent]
|switch|p1a: Primarina|Primarina, M|76/100
|-damage|p1a: Primarina|64/100|[from] Stealth Rock
|move|p2a: Tuteetudleetutu|Protect||[still]
|-fail|p2a: Tuteetudleetutu
|
|-heal|p2a: Tuteetudleetutu|70/100|[from] move: Wish|[wisher] Tuteetudleetutu
|upkeep
|turn|36
|
|t:|1757845967
|switch|p2a: Big bad wolf.|Goodra-Hisui, F|91/100
|move|p1a: Primarina|Psychic Noise|p2a: Big bad wolf.
|-resisted|p2a: Big bad wolf.
|-damage|p2a: Big bad wolf.|80/100
|-start|p2a: Big bad wolf.|move: Heal Block
|
|upkeep
|turn|37
|
|t:|1757845978
|move|p1a: Primarina|Moonblast|p2a: Big bad wolf.
|-damage|p2a: Big bad wolf.|50/100
|move|p2a: Big bad wolf.|Surf|p1a: Primarina
|-resisted|p1a: Primarina
|-damage|p1a: Primarina|58/100
|
|-end|p2a: Big bad wolf.|move: Heal Block
|upkeep
|turn|38
|
|t:|1757845983
|move|p1a: Primarina|Moonblast|p2a: Big bad wolf.
|-damage|p2a: Big bad wolf.|23/100
|-unboost|p2a: Big bad wolf.|spa|1
|move|p2a: Big bad wolf.|Sludge Bomb|p1a: Primarina
|-supereffective|p1a: Primarina
|-damage|p1a: Primarina|40/100
|
|upkeep
|turn|39
|
|t:|1757845988
|switch|p2a: Tuteetudleetutu|Alomomola, M|100/100
|move|p1a: Primarina|Moonblast|p2a: Tuteetudleetutu
|-damage|p2a: Tuteetudleetutu|66/100
|
|upkeep
|turn|40
|l| babyshark974
|
|t:|1757846000
|move|p2a: Tuteetudleetutu|Protect|p2a: Tuteetudleetutu
|-singleturn|p2a: Tuteetudleetutu|Protect
|move|p1a: Primarina|Energy Ball|p2a: Tuteetudleetutu
|-activate|p2a: Tuteetudleetutu|move: Protect
|
|upkeep
|turn|41
|l| Ctannn
|
|t:|1757846007
|move|p1a: Primarina|Psychic Noise|p2a: Tuteetudleetutu
|-resisted|p2a: Tuteetudleetutu
|-damage|p2a: Tuteetudleetutu|53/100
|-start|p2a: Tuteetudleetutu|move: Heal Block
|cant|p2a: Tuteetudleetutu|move: Heal Block|Wish
|
|upkeep
|turn|42
|j| babyshark974
|
|t:|1757846021
|move|p1a: Primarina|Energy Ball|p2a: Tuteetudleetutu
|-supereffective|p2a: Tuteetudleetutu
|-damage|p2a: Tuteetudleetutu|11/100
|move|p2a: Tuteetudleetutu|Flip Turn|p1a: Primarina
|-resisted|p1a: Primarina
|-damage|p1a: Primarina|32/100
|
|t:|1757846029
|switch|p2a: I aint afraid of a|Okidogi, M|60/100|[from] Flip Turn
|
|upkeep
|turn|43
|
|t:|1757846038
|switch|p2a: Tuteetudleetutu|Alomomola, M|45/100
|switch|p1a: Landorus|Landorus-Therian, M|54/100 tox
|-damage|p1a: Landorus|41/100 tox|[from] Stealth Rock
|-ability|p1a: Landorus|Intimidate|boost
|-unboost|p2a: Tuteetudleetutu|atk|1
|
|-damage|p1a: Landorus|35/100 tox|[from] psn
|upkeep
|turn|44
|l| babyshark974
|
|t:|1757846051
|switch|p2a: Whos afraid of the|Mesprit|35/100
|-damage|p2a: Whos afraid of the|23/100|[from] Stealth Rock
|move|p1a: Landorus|U-turn|p2a: Whos afraid of the
|-supereffective|p2a: Whos afraid of the
|-damage|p2a: Whos afraid of the|0 fnt
|faint|p2a: Whos afraid of the
|
|t:|1757846063
|switch|p1a: Great Tusk|Great Tusk, tera:Steel|100/100|[from] U-turn
|
|upkeep
|
|t:|1757846067
|switch|p2a: Tuteetudleetutu|Alomomola, M|78/100
|turn|45
|
|t:|1757846071
|move|p1a: Great Tusk|Rapid Spin|p2a: Tuteetudleetutu
|-damage|p2a: Tuteetudleetutu|66/100
|-boost|p1a: Great Tusk|spe|1
|-sideend|p1: zhuangmou|Stealth Rock|[from] move: Rapid Spin|[of] p1a: Great Tusk
|move|p2a: Tuteetudleetutu|Scald|p1a: Great Tusk
|-damage|p1a: Great Tusk|81/100
|
|upkeep
|turn|46
|j| babyshark974
|
|t:|1757846088
|-end|p1a: Great Tusk|Protosynthesis|[silent]
|switch|p1a: Landorus|Landorus-Therian, M|35/100 tox
|-ability|p1a: Landorus|Intimidate|boost
|-unboost|p2a: Tuteetudleetutu|atk|1
|move|p2a: Tuteetudleetutu|Wish|p2a: Tuteetudleetutu
|
|-damage|p1a: Landorus|29/100 tox|[from] psn
|upkeep
|turn|47
|
|t:|1757846097
|move|p1a: Landorus|Earthquake|p2a: Tuteetudleetutu
|-damage|p2a: Tuteetudleetutu|32/100
|move|p2a: Tuteetudleetutu|Flip Turn|p1a: Landorus
|-supereffective|p1a: Landorus
|-damage|p1a: Landorus|16/100 tox
|-damage|p2a: Tuteetudleetutu|15/100|[from] item: Rocky Helmet|[of] p1a: Landorus
|
|t:|1757846120
|switch|p2a: Big bad wolf.|Goodra-Hisui, F|23/100|[from] Flip Turn
|
|-heal|p2a: Big bad wolf.|96/100|[from] move: Wish|[wisher] Tuteetudleetutu
|-damage|p1a: Landorus|3/100 tox|[from] psn
|upkeep
|turn|48
|
|t:|1757846136
|move|p1a: Landorus|Earthquake|p2a: Big bad wolf.
|-supereffective|p2a: Big bad wolf.
|-damage|p2a: Big bad wolf.|24/100
|move|p2a: Big bad wolf.|Surf|p1a: Landorus
|-supereffective|p1a: Landorus
|-damage|p1a: Landorus|0 fnt
|faint|p1a: Landorus
|
|upkeep
|inactive|zhuangmou has 120 seconds left.
|
|t:|1757846182
|switch|p1a: Primarina|Primarina, M|32/100
|turn|49
|
|t:|1757846185
|move|p1a: Primarina|Moonblast|p2a: Big bad wolf.
|-damage|p2a: Big bad wolf.|0 fnt
|faint|p2a: Big bad wolf.
|
|upkeep
|
|t:|1757846187
|switch|p2a: I aint afraid of a|Okidogi, M|60/100
|turn|50
|
|t:|1757846200
|move|p2a: I aint afraid of a|Close Combat|p1a: Primarina
|-resisted|p1a: Primarina
|-damage|p1a: Primarina|0 fnt
|-unboost|p2a: I aint afraid of a|def|1
|-unboost|p2a: I aint afraid of a|spd|1
|faint|p1a: Primarina
|
|upkeep
|
|t:|1757846215
|switch|p1a: Great Tusk|Great Tusk, tera:Steel|81/100
|turn|51
|
|t:|1757846220
|move|p1a: Great Tusk|Headlong Rush|p2a: I aint afraid of a
|-supereffective|p2a: I aint afraid of a
|-damage|p2a: I aint afraid of a|0 fnt
|-unboost|p1a: Great Tusk|def|1
|-unboost|p1a: Great Tusk|spd|1
|faint|p2a: I aint afraid of a
|
|upkeep
|
|t:|1757846222
|switch|p2a: Tuteetudleetutu|Alomomola, M|49/100
|turn|52
|-message|hungrymane forfeited.
|
|win|zhuangmou
|raw|zhuangmou's rating: 1651 &rarr; <strong>1672</strong><br />(+21 for winning)
|raw|hungrymane's rating: 1660 &rarr; <strong>1639</strong><br />(-21 for losing)
|l|☆hungrymane
|player|p2|
