|j|☆SSStyl1sh
|j|☆souobrubo
|t:|1757899318
|gametype|singles
|player|p1|SSStyl1sh|giovanni|1194
|player|p2|souobrubo|170|1172
|gen|9
|tier|[Gen 9] OU
|rated|
|rule|HP Percentage Mod: HP is shown in percentages
|rule|Endless Battle Clause: Forcing endless battles is banned
|rule|Species Clause: Limit one of each Pokémon
|rule|OHKO Clause: OHKO moves are banned
|rule|Evasion Items Clause: Evasion items are banned
|rule|Evasion Moves Clause: Evasion moves are banned
|rule|Evasion Abilities Clause: Evasion abilities are banned
|rule|Sleep Moves Clause: Sleep-inducing moves are banned
|clearpoke
|poke|p1|Araquanid, F|
|poke|p1|Crawdaunt, M|
|poke|p1|Tornadus-Therian, M|
|poke|p1|Ting-Lu|
|poke|p1|Gholdengo|
|poke|p1|Great Tusk|
|poke|p2|Scizor, M|
|poke|p2|Araquanid, F|
|poke|p2|Gliscor, M|
|poke|p2|Goodra-Hisui, M|
|poke|p2|Zoroark-Hisui, M|
|poke|p2|Florges-White, F|
|teampreview
|
|t:|1757899354
|teamsize|p1|6
|teamsize|p2|6
|start
|switch|p1a: Araquanid|Araquanid, F|100/100
|switch|p2a: Scizor|Scizor, M|100/100
|turn|1
|c|☆souobrubo|nice team
|c|☆souobrubo|love crawdant and araquanid
|c|☆SSStyl1sh|yeah craw is awesome I've been testing for an upcoming draft
|
|t:|1757899392
|move|p2a: Scizor|Dual Wingbeat|p1a: Araquanid|[miss]
|-miss|p2a: Scizor|p1a: Araquanid
|move|p1a: Araquanid|Surf|p2a: Scizor
|-damage|p2a: Scizor|26/100
|
|upkeep
|turn|2
|
|t:|1757899398
|move|p2a: Scizor|Dual Wingbeat|p1a: Araquanid
|-supereffective|p1a: Araquanid
|-damage|p1a: Araquanid|49/100
|-supereffective|p1a: Araquanid
|-damage|p1a: Araquanid|3/100
|-hitcount|p1a: Araquanid|2
|move|p1a: Araquanid|Sticky Web|p2a: Scizor
|-sidestart|p2: souobrubo|move: Sticky Web
|
|upkeep
|turn|3
|-enditem|p1a: Araquanid|Custap Berry|[eat]
|-activate|p1a: Araquanid|item: Custap Berry|[consumed]
|
|t:|1757899405
|move|p2a: Scizor|Bullet Punch|p1a: Araquanid
|-resisted|p1a: Araquanid
|-damage|p1a: Araquanid|0 fnt
|faint|p1a: Araquanid
|
|upkeep
|
|t:|1757899417
|switch|p1a: Tornadus|Tornadus-Therian, M|100/100
|turn|4
|
|t:|1757899420
|move|p2a: Scizor|Bullet Punch|p1a: Tornadus
|-damage|p1a: Tornadus|45/100
|move|p1a: Tornadus|Bleakwind Storm|p2a: Scizor
|-damage|p2a: Scizor|0 fnt
|faint|p2a: Scizor
|
|upkeep
|
|t:|1757899428
|switch|p2a: Goodra|Goodra-Hisui, M|100/100
|-activate|p2a: Goodra|move: Sticky Web
|-unboost|p2a: Goodra|spe|1
|turn|5
|
|t:|1757899440
|switch|p1a: Ting-Lu|Ting-Lu|100/100
|-ability|p1a: Ting-Lu|Vessel of Ruin
|move|p2a: Goodra|Ice Beam|p1a: Ting-Lu
|-supereffective|p1a: Ting-Lu
|-damage|p1a: Ting-Lu|76/100
|
|-heal|p1a: Ting-Lu|82/100|[from] item: Leftovers
|upkeep
|turn|6
|
|t:|1757899448
|move|p1a: Ting-Lu|Stealth Rock|p2a: Goodra
|-sidestart|p2: souobrubo|move: Stealth Rock
|move|p2a: Goodra|Acid Armor|p2a: Goodra
|-boost|p2a: Goodra|def|2
|
|-heal|p1a: Ting-Lu|88/100|[from] item: Leftovers
|upkeep
|turn|7
|
|t:|1757899456
|-terastallize|p2a: Goodra|Flying
|move|p1a: Ting-Lu|Ruination|p2a: Goodra
|-damage|p2a: Goodra|51/100
|move|p2a: Goodra|Ice Beam|p1a: Ting-Lu
|-supereffective|p1a: Ting-Lu
|-damage|p1a: Ting-Lu|62/100
|
|-heal|p1a: Ting-Lu|69/100|[from] item: Leftovers
|upkeep
|turn|8
|
|t:|1757899464
|move|p1a: Ting-Lu|Spikes|p2a: Goodra
|-sidestart|p2: souobrubo|Spikes
|move|p2a: Goodra|Ice Beam|p1a: Ting-Lu
|-supereffective|p1a: Ting-Lu
|-damage|p1a: Ting-Lu|44/100
|
|-heal|p1a: Ting-Lu|50/100|[from] item: Leftovers
|upkeep
|turn|9
|
|t:|1757899471
|move|p1a: Ting-Lu|Spikes|p2a: Goodra
|-sidestart|p2: souobrubo|Spikes
|move|p2a: Goodra|Ice Beam|p1a: Ting-Lu
|-supereffective|p1a: Ting-Lu
|-damage|p1a: Ting-Lu|26/100
|
|-heal|p1a: Ting-Lu|32/100|[from] item: Leftovers
|upkeep
|turn|10
|
|t:|1757899478
|move|p1a: Ting-Lu|Ruination|p2a: Goodra
|-damage|p2a: Goodra|26/100
|move|p2a: Goodra|Ice Beam|p1a: Ting-Lu
|-supereffective|p1a: Ting-Lu
|-damage|p1a: Ting-Lu|8/100
|
|-heal|p1a: Ting-Lu|14/100|[from] item: Leftovers
|upkeep
|turn|11
|
|t:|1757899485
|move|p1a: Ting-Lu|Spikes|p2a: Goodra
|-sidestart|p2: souobrubo|Spikes
|move|p2a: Goodra|Ice Beam|p1a: Ting-Lu
|-supereffective|p1a: Ting-Lu
|-damage|p1a: Ting-Lu|0 fnt
|faint|p1a: Ting-Lu
|
|upkeep
|
|t:|1757899497
|switch|p1a: Tornadus|Tornadus-Therian, M|79/100
|turn|12
|c|☆souobrubo|5 entry razards wft
|
|t:|1757899504
|move|p1a: Tornadus|Focus Blast|p2a: Goodra
|-resisted|p2a: Goodra
|-damage|p2a: Goodra|10/100
|move|p2a: Goodra|Thunderbolt|p1a: Tornadus
|-supereffective|p1a: Tornadus
|-damage|p1a: Tornadus|12/100
|
|upkeep
|turn|13
|
|t:|1757899515
|switch|p1a: Great Tusk|Great Tusk|100/100
|move|p2a: Goodra|Thunderbolt|p1a: Great Tusk
|-immune|p1a: Great Tusk
|
|upkeep
|turn|14
|c|☆SSStyl1sh|me when i can't read tera flying
|
|t:|1757899524
|move|p1a: Great Tusk|Ice Spinner|p2a: Goodra
|-supereffective|p2a: Goodra
|-damage|p2a: Goodra|0 fnt
|-damage|p1a: Great Tusk|84/100|[from] item: Rocky Helmet|[of] p2a: Goodra
|-ability|p2a: Goodra|Gooey
|-unboost|p1a: Great Tusk|spe|1
|faint|p2a: Goodra
|
|upkeep
|
|t:|1757899535
|switch|p2a: Araquanid|Araquanid, F|100/100
|-activate|p2a: Araquanid|move: Sticky Web
|-unboost|p2a: Araquanid|spe|1
|-damage|p2a: Araquanid|76/100|[from] Stealth Rock
|-damage|p2a: Araquanid|51/100|[from] Spikes
|turn|15
|
|t:|1757899548
|move|p1a: Great Tusk|Knock Off|p2a: Araquanid
|-damage|p2a: Araquanid|29/100
|-enditem|p2a: Araquanid|Light Clay|[from] move: Knock Off|[of] p1a: Great Tusk
|move|p2a: Araquanid|Reflect|p2a: Araquanid
|-sidestart|p2: souobrubo|Reflect
|
|upkeep
|turn|16
|
|t:|1757899571
|move|p1a: Great Tusk|Ice Spinner|p2a: Araquanid
|-resisted|p2a: Araquanid
|-damage|p2a: Araquanid|24/100
|move|p2a: Araquanid|Sticky Web|p1a: Great Tusk
|-sidestart|p1: SSStyl1sh|move: Sticky Web
|
|upkeep
|turn|17
|
|t:|1757899578
|move|p1a: Great Tusk|Rapid Spin|p2a: Araquanid
|-damage|p2a: Araquanid|18/100
|-boost|p1a: Great Tusk|spe|1
|-sideend|p1: SSStyl1sh|Sticky Web|[from] move: Rapid Spin|[of] p1a: Great Tusk
|move|p2a: Araquanid|Leech Life|p1a: Great Tusk
|-resisted|p1a: Great Tusk
|-damage|p1a: Great Tusk|78/100
|-heal|p2a: Araquanid|22/100|[from] drain|[of] p1a: Great Tusk
|-damage|p2a: Araquanid|6/100|[from] item: Rocky Helmet|[of] p1a: Great Tusk
|
|upkeep
|turn|18
|
|t:|1757899594
|move|p1a: Great Tusk|Rapid Spin|p2a: Araquanid
|-damage|p2a: Araquanid|0 fnt
|-boost|p1a: Great Tusk|spe|1
|faint|p2a: Araquanid
|
|upkeep
|
|t:|1757899603
|switch|p2a: Gliscor|Gliscor, M|100/100
|-damage|p2a: Gliscor|88/100|[from] Stealth Rock
|turn|19
|
|t:|1757899613
|move|p1a: Great Tusk|Knock Off|p2a: Gliscor
|-damage|p2a: Gliscor|78/100
|-enditem|p2a: Gliscor|Toxic Orb|[from] move: Knock Off|[of] p1a: Great Tusk
|move|p2a: Gliscor|Toxic|p1a: Great Tusk
|-status|p1a: Great Tusk|tox
|
|-damage|p1a: Great Tusk|71/100 tox|[from] psn
|-sideend|p2: souobrubo|Reflect
|upkeep
|turn|20
|
|t:|1757899621
|move|p2a: Gliscor|Protect|p2a: Gliscor
|-singleturn|p2a: Gliscor|Protect
|move|p1a: Great Tusk|Ice Spinner|p2a: Gliscor
|-activate|p2a: Gliscor|move: Protect
|
|-damage|p1a: Great Tusk|59/100 tox|[from] psn
|upkeep
|turn|21
|
|t:|1757899629
|switch|p2a: Florges|Florges-White, F, shiny|100/100
|-activate|p2a: Florges|move: Sticky Web
|-unboost|p2a: Florges|spe|1
|-damage|p2a: Florges|88/100|[from] Stealth Rock
|-damage|p2a: Florges|63/100|[from] Spikes
|move|p1a: Great Tusk|Ice Spinner|p2a: Florges
|-damage|p2a: Florges|25/100
|
|-heal|p2a: Florges|31/100|[from] item: Leftovers
|-damage|p1a: Great Tusk|40/100 tox|[from] psn
|upkeep
|turn|22
|
|t:|1757899642
|move|p1a: Great Tusk|Ice Spinner|p2a: Florges
|-damage|p2a: Florges|0 fnt
|faint|p2a: Florges
|
|-damage|p1a: Great Tusk|15/100 tox|[from] psn
|upkeep
|
|t:|1757899648
|switch|p2a: Gliscor|Gliscor, M|78/100
|-damage|p2a: Gliscor|65/100|[from] Stealth Rock
|turn|23
|
|t:|1757899652
|move|p2a: Gliscor|Protect|p2a: Gliscor
|-singleturn|p2a: Gliscor|Protect
|move|p1a: Great Tusk|Ice Spinner|p2a: Gliscor
|-activate|p2a: Gliscor|move: Protect
|
|-damage|p1a: Great Tusk|0 fnt|[from] psn
|faint|p1a: Great Tusk
|-end|p1a: Great Tusk|Protosynthesis|[silent]
|upkeep
|
|t:|1757899654
|switch|p1a: Crawdaunt|Crawdaunt, M|100/100
|turn|24
|
|t:|1757899673
|move|p2a: Gliscor|Stealth Rock|p1a: Crawdaunt
|-sidestart|p1: SSStyl1sh|move: Stealth Rock
|move|p1a: Crawdaunt|Dragon Dance|p1a: Crawdaunt
|-boost|p1a: Crawdaunt|atk|1
|-boost|p1a: Crawdaunt|spe|1
|
|upkeep
|turn|25
|
|t:|1757899679
|move|p1a: Crawdaunt|Crabhammer|p2a: Gliscor
|-supereffective|p2a: Gliscor
|-damage|p2a: Gliscor|0 fnt
|faint|p2a: Gliscor
|
|upkeep
|
|t:|1757899684
|switch|p2a: Zoroark|Zoroark-Hisui, M, shiny|100/100
|-activate|p2a: Zoroark|move: Sticky Web
|-unboost|p2a: Zoroark|spe|1
|-damage|p2a: Zoroark|88/100|[from] Stealth Rock
|-damage|p2a: Zoroark|63/100|[from] Spikes
|turn|26
|
|t:|1757899690
|move|p1a: Crawdaunt|Aqua Jet|p2a: Zoroark
|-damage|p2a: Zoroark|0 fnt
|faint|p2a: Zoroark
|
|win|SSStyl1sh
|raw|SSStyl1sh's rating: 1194 &rarr; <strong>1217</strong><br />(+23 for winning)
|raw|souobrubo's rating: 1172 &rarr; <strong>1149</strong><br />(-23 for losing)
|c|☆SSStyl1sh|gg
|c|☆souobrubo|gg
|l|☆SSStyl1sh
|player|p1|
|l|☆souobrubo
|player|p2|
