|j|☆ddd980
|j|☆hadrianmarlowe
|t:|1757861836
|gametype|singles
|player|p1|ddd980|ghetsis|1448
|player|p2|hadrianmarlowe|265|1363
|gen|9
|tier|[Gen 9] OU
|rated|
|rule|HP Percentage Mod: HP is shown in percentages
|rule|Endless Battle Clause: Forcing endless battles is banned
|rule|Species Clause: Limit one of each Pokémon
|rule|OHKO Clause: OHKO moves are banned
|rule|Evasion Items Clause: Evasion items are banned
|rule|Evasion Moves Clause: Evasion moves are banned
|rule|Evasion Abilities Clause: Evasion abilities are banned
|rule|Sleep Moves Clause: Sleep-inducing moves are banned
|clearpoke
|poke|p1|Zoroark-Hisui, M|
|poke|p1|Ceruledge, M|
|poke|p1|Dragapult, M|
|poke|p1|Sinistcha-Masterpiece|
|poke|p1|Sableye, M|
|poke|p1|Drifblim, F|
|poke|p2|Lokix, M|
|poke|p2|Cinderace, F|
|poke|p2|Great Tusk|
|poke|p2|Alomomola, M|
|poke|p2|Enamorus, F|
|poke|p2|Slowking-Galar, M|
|teampreview
|inactive|Battle timer is ON: inactive players will automatically lose when time's up. (requested by ddd980)
|
|t:|1757861847
|teamsize|p1|6
|teamsize|p2|6
|start
|switch|p1a: Sableye|Sableye, M|100/100
|switch|p2a: Alomomola|Alomomola, M|100/100
|turn|1
|
|t:|1757861851
|move|p1a: Sableye|Trick|p2a: Alomomola
|-activate|p1a: Sableye|move: Trick|[of] p2a: Alomomola
|-item|p2a: Alomomola|Choice Specs|[from] move: Trick
|-item|p1a: Sableye|Assault Vest|[from] move: Trick
|move|p2a: Alomomola|Flip Turn|p1a: Sableye
|-damage|p1a: Sableye|65/100
|replace|p1a: Zoroark|Zoroark-Hisui, M
|-end|p1a: Zoroark|Illusion
|
|t:|1757861864
|switch|p2a: Lokix|Lokix, M|100/100|[from] Flip Turn
|
|upkeep
|turn|2
|
|t:|1757861871
|move|p2a: Lokix|First Impression|p1a: Zoroark
|-resisted|p1a: Zoroark
|-damage|p1a: Zoroark|0 fnt
|faint|p1a: Zoroark
|
|upkeep
|
|t:|1757861876
|switch|p1a: Ceruledge|Ceruledge, M|100/100
|turn|3
|
|t:|1757861882
|switch|p2a: Alomomola|Alomomola, M|100/100
|move|p1a: Ceruledge|Swords Dance|p1a: Ceruledge
|-boost|p1a: Ceruledge|atk|2
|
|upkeep
|turn|4
|
|t:|1757861888
|move|p1a: Ceruledge|Swords Dance|p1a: Ceruledge
|-boost|p1a: Ceruledge|atk|2
|move|p2a: Alomomola|Flip Turn|p1a: Ceruledge
|-supereffective|p1a: Ceruledge
|-damage|p1a: Ceruledge|55/100
|-ability|p1a: Ceruledge|Weak Armor|boost
|-unboost|p1a: Ceruledge|def|1
|-boost|p1a: Ceruledge|spe|2
|
|t:|1757861895
|switch|p2a: Lokix|Lokix, M|100/100|[from] Flip Turn
|
|upkeep
|turn|5
|
|t:|1757861898
|move|p2a: Lokix|First Impression|p1a: Ceruledge
|-resisted|p1a: Ceruledge
|-damage|p1a: Ceruledge|0 fnt
|faint|p1a: Ceruledge
|
|upkeep
|
|t:|1757861905
|switch|p1a: Sableye|Sableye, M|100/100
|turn|6
|
|t:|1757861907
|switch|p2a: Alomomola|Alomomola, M|100/100
|move|p1a: Sableye|Calm Mind|p1a: Sableye
|-boost|p1a: Sableye|spa|1
|-boost|p1a: Sableye|spd|1
|
|upkeep
|turn|7
|
|t:|1757861913
|move|p1a: Sableye|Calm Mind|p1a: Sableye
|-boost|p1a: Sableye|spa|1
|-boost|p1a: Sableye|spd|1
|move|p2a: Alomomola|Mirror Coat||[still]
|-fail|p2a: Alomomola
|
|upkeep
|turn|8
|
|t:|1757861915
|move|p1a: Sableye|Calm Mind|p1a: Sableye
|-boost|p1a: Sableye|spa|1
|-boost|p1a: Sableye|spd|1
|move|p2a: Alomomola|Mirror Coat||[still]
|-fail|p2a: Alomomola
|
|upkeep
|turn|9
|
|t:|1757861918
|move|p1a: Sableye|Calm Mind|p1a: Sableye
|-boost|p1a: Sableye|spa|1
|-boost|p1a: Sableye|spd|1
|move|p2a: Alomomola|Mirror Coat||[still]
|-fail|p2a: Alomomola
|
|upkeep
|turn|10
|
|t:|1757861919
|move|p1a: Sableye|Will-O-Wisp|p2a: Alomomola|[miss]
|-miss|p1a: Sableye|p2a: Alomomola
|move|p2a: Alomomola|Mirror Coat||[still]
|-fail|p2a: Alomomola
|
|upkeep
|turn|11
|
|t:|1757861921
|move|p1a: Sableye|Will-O-Wisp|p2a: Alomomola
|-status|p2a: Alomomola|brn
|move|p2a: Alomomola|Mirror Coat||[still]
|-fail|p2a: Alomomola
|
|-damage|p2a: Alomomola|94/100 brn|[from] brn
|upkeep
|turn|12
|
|t:|1757861922
|move|p1a: Sableye|Calm Mind|p1a: Sableye
|-boost|p1a: Sableye|spa|1
|-boost|p1a: Sableye|spd|1
|move|p2a: Alomomola|Mirror Coat||[still]
|-fail|p2a: Alomomola
|
|-damage|p2a: Alomomola|88/100 brn|[from] brn
|upkeep
|turn|13
|
|t:|1757861924
|move|p1a: Sableye|Calm Mind|p1a: Sableye
|-boost|p1a: Sableye|spa|1
|-boost|p1a: Sableye|spd|1
|move|p2a: Alomomola|Mirror Coat||[still]
|-fail|p2a: Alomomola
|
|-damage|p2a: Alomomola|82/100 brn|[from] brn
|upkeep
|turn|14
|
|t:|1757861930
|move|p1a: Sableye|Will-O-Wisp|p2a: Alomomola
|-fail|p2a: Alomomola|brn
|move|p2a: Alomomola|Mirror Coat||[still]
|-fail|p2a: Alomomola
|
|-damage|p2a: Alomomola|76/100 brn|[from] brn
|upkeep
|turn|15
|
|t:|1757861932
|move|p1a: Sableye|Will-O-Wisp|p2a: Alomomola
|-fail|p2a: Alomomola|brn
|move|p2a: Alomomola|Mirror Coat||[still]
|-fail|p2a: Alomomola
|
|-damage|p2a: Alomomola|70/100 brn|[from] brn
|upkeep
|turn|16
|
|t:|1757861934
|move|p1a: Sableye|Will-O-Wisp|p2a: Alomomola|[miss]
|-miss|p1a: Sableye|p2a: Alomomola
|move|p2a: Alomomola|Mirror Coat||[still]
|-fail|p2a: Alomomola
|
|-damage|p2a: Alomomola|63/100 brn|[from] brn
|upkeep
|turn|17
|
|t:|1757861936
|move|p1a: Sableye|Will-O-Wisp|p2a: Alomomola|[miss]
|-miss|p1a: Sableye|p2a: Alomomola
|move|p2a: Alomomola|Mirror Coat||[still]
|-fail|p2a: Alomomola
|
|-damage|p2a: Alomomola|57/100 brn|[from] brn
|upkeep
|turn|18
|
|t:|1757861939
|switch|p2a: Cinderace|Cinderace, F|100/100
|move|p1a: Sableye|Will-O-Wisp|p2a: Cinderace
|-immune|p2a: Cinderace
|
|upkeep
|turn|19
|
|t:|1757861941
|move|p2a: Cinderace|U-turn|p1a: Sableye
|-damage|p1a: Sableye|81/100
|
|t:|1757861944
|switch|p2a: Alomomola|Alomomola, M|91/100 brn|[from] U-turn
|move|p1a: Sableye|Dark Pulse|p2a: Alomomola
|-damage|p2a: Alomomola|35/100 brn
|
|-heal|p1a: Sableye|87/100|[from] item: Leftovers
|-damage|p2a: Alomomola|29/100 brn|[from] brn
|upkeep
|turn|20
|
|t:|1757861952
|move|p2a: Alomomola|Aqua Jet|p1a: Sableye
|-crit|p1a: Sableye
|-damage|p1a: Sableye|79/100
|move|p1a: Sableye|Dark Pulse|p2a: Alomomola
|-damage|p2a: Alomomola|0 fnt
|faint|p2a: Alomomola
|
|-heal|p1a: Sableye|85/100|[from] item: Leftovers
|upkeep
|
|t:|1757861957
|switch|p2a: Lokix|Lokix, M|100/100
|turn|21
|
|t:|1757861961
|move|p2a: Lokix|First Impression|p1a: Sableye
|-damage|p1a: Sableye|24/100
|move|p1a: Sableye|Dark Pulse|p2a: Lokix
|-resisted|p2a: Lokix
|-damage|p2a: Lokix|32/100
|
|-heal|p1a: Sableye|30/100|[from] item: Leftovers
|upkeep
|turn|22
|
|t:|1757861967
|switch|p2a: Cinderace|Cinderace, F|100/100
|move|p1a: Sableye|Recover|p1a: Sableye
|-heal|p1a: Sableye|80/100
|
|-heal|p1a: Sableye|87/100|[from] item: Leftovers
|upkeep
|turn|23
|
|t:|1757861971
|move|p2a: Cinderace|Pyro Ball|p1a: Sableye
|-damage|p1a: Sableye|37/100
|move|p1a: Sableye|Dark Pulse|p2a: Cinderace
|-damage|p2a: Cinderace|7/100
|
|-heal|p1a: Sableye|43/100|[from] item: Leftovers
|upkeep
|turn|24
|
|t:|1757861974
|move|p1a: Sableye|Recover|p1a: Sableye
|-heal|p1a: Sableye|93/100
|move|p2a: Cinderace|Pyro Ball|p1a: Sableye
|-damage|p1a: Sableye|29/100
|-status|p1a: Sableye|brn
|
|-heal|p1a: Sableye|35/100 brn|[from] item: Leftovers
|-damage|p1a: Sableye|29/100 brn|[from] brn
|upkeep
|turn|25
|
|t:|1757861977
|move|p1a: Sableye|Recover|p1a: Sableye
|-heal|p1a: Sableye|79/100 brn
|move|p2a: Cinderace|U-turn|p1a: Sableye
|-damage|p1a: Sableye|60/100 brn
|
|t:|1757861979
|switch|p2a: Lokix|Lokix, M|32/100|[from] U-turn
|
|-heal|p1a: Sableye|67/100 brn|[from] item: Leftovers
|-damage|p1a: Sableye|60/100 brn|[from] brn
|upkeep
|turn|26
|
|t:|1757861989
|move|p2a: Lokix|First Impression|p1a: Sableye
|-damage|p1a: Sableye|0 fnt
|faint|p1a: Sableye
|
|upkeep
|
|t:|1757861993
|switch|p1a: Sinistcha|Sinistcha-Masterpiece|100/100
|turn|27
|
|t:|1757861995
|switch|p2a: Cinderace|Cinderace, F|7/100
|move|p1a: Sinistcha|Calm Mind|p1a: Sinistcha
|-boost|p1a: Sinistcha|spa|1
|-boost|p1a: Sinistcha|spd|1
|
|upkeep
|turn|28
|
|t:|1757861998
|move|p2a: Cinderace|Pyro Ball|p1a: Sinistcha
|-supereffective|p1a: Sinistcha
|-damage|p1a: Sinistcha|55/100
|move|p1a: Sinistcha|Shadow Ball|p2a: Cinderace
|-damage|p2a: Cinderace|0 fnt
|faint|p2a: Cinderace
|
|upkeep
|
|t:|1757862004
|switch|p2a: Lokix|Lokix, M|32/100
|turn|29
|
|t:|1757862006
|-terastallize|p1a: Sinistcha|Steel
|move|p2a: Lokix|Knock Off|p1a: Sinistcha
|-damage|p1a: Sinistcha|10/100
|-enditem|p1a: Sinistcha|Lum Berry|[from] move: Knock Off|[of] p2a: Lokix
|move|p1a: Sinistcha|Strength Sap|p2a: Lokix
|-unboost|p2a: Lokix|atk|1
|-heal|p1a: Sinistcha|100/100
|
|upkeep
|turn|30
|
|t:|1757862010
|switch|p2a: Great Tusk|Great Tusk|100/100
|move|p1a: Sinistcha|Calm Mind|p1a: Sinistcha
|-boost|p1a: Sinistcha|spa|1
|-boost|p1a: Sinistcha|spd|1
|
|upkeep
|turn|31
|
|t:|1757862016
|move|p2a: Great Tusk|Earthquake|p1a: Sinistcha
|-supereffective|p1a: Sinistcha
|-damage|p1a: Sinistcha|46/100
|move|p1a: Sinistcha|Matcha Gotcha|p2a: Great Tusk
|-supereffective|p2a: Great Tusk
|-damage|p2a: Great Tusk|0 fnt
|-heal|p1a: Sinistcha|100/100|[from] drain|[of] p2a: Great Tusk
|faint|p2a: Great Tusk
|-end|p2a: Great Tusk|Protosynthesis|[silent]
|
|upkeep
|
|t:|1757862021
|switch|p2a: Enamorus|Enamorus, F|100/100
|turn|32
|
|t:|1757862024
|move|p2a: Enamorus|Earth Power|p1a: Sinistcha
|-supereffective|p1a: Sinistcha
|-damage|p1a: Sinistcha|62/100
|move|p1a: Sinistcha|Shadow Ball|p2a: Enamorus
|-damage|p2a: Enamorus|15/100
|
|upkeep
|turn|33
|
|t:|1757862026
|move|p2a: Enamorus|Earth Power|p1a: Sinistcha
|-supereffective|p1a: Sinistcha
|-damage|p1a: Sinistcha|16/100
|move|p1a: Sinistcha|Shadow Ball|p2a: Enamorus
|-damage|p2a: Enamorus|0 fnt
|faint|p2a: Enamorus
|
|upkeep
|
|t:|1757862029
|switch|p2a: Lokix|Lokix, M|32/100
|turn|34
|
|t:|1757862035
|move|p2a: Lokix|Knock Off|p1a: Sinistcha
|-damage|p1a: Sinistcha|0 fnt
|faint|p1a: Sinistcha
|
|upkeep
|
|t:|1757862038
|switch|p1a: Drifblim|Drifblim, F|100/100
|turn|35
|
|t:|1757862040
|move|p1a: Drifblim|Air Slash|p2a: Lokix
|-supereffective|p2a: Lokix
|-damage|p2a: Lokix|0 fnt
|faint|p2a: Lokix
|
|upkeep
|
|t:|1757862043
|switch|p2a: Slowking|Slowking-Galar, M|100/100
|turn|36
|
|t:|1757862044
|move|p1a: Drifblim|Calm Mind|p1a: Drifblim
|-boost|p1a: Drifblim|spa|1
|-boost|p1a: Drifblim|spd|1
|move|p2a: Slowking|Ice Beam|p1a: Drifblim
|-supereffective|p1a: Drifblim
|-damage|p1a: Drifblim|70/100
|
|upkeep
|turn|37
|
|t:|1757862048
|move|p1a: Drifblim|Calm Mind|p1a: Drifblim
|-boost|p1a: Drifblim|spa|1
|-boost|p1a: Drifblim|spd|1
|move|p2a: Slowking|Future Sight|p1a: Drifblim
|-start|p2a: Slowking|move: Future Sight
|
|upkeep
|turn|38
|
|t:|1757862050
|move|p1a: Drifblim|Calm Mind|p1a: Drifblim
|-boost|p1a: Drifblim|spa|1
|-boost|p1a: Drifblim|spd|1
|move|p2a: Slowking|Ice Beam|p1a: Drifblim
|-supereffective|p1a: Drifblim
|-damage|p1a: Drifblim|49/100
|
|upkeep
|turn|39
|
|t:|1757862053
|move|p1a: Drifblim|Strength Sap|p2a: Slowking
|-unboost|p2a: Slowking|atk|1
|-heal|p1a: Drifblim|76/100
|move|p2a: Slowking|Ice Beam|p1a: Drifblim
|-supereffective|p1a: Drifblim
|-damage|p1a: Drifblim|55/100
|
|-end|p1a: Drifblim|move: Future Sight
|-damage|p1a: Drifblim|33/100
|upkeep
|turn|40
|
|t:|1757862057
|move|p1a: Drifblim|Air Slash|p2a: Slowking
|-damage|p2a: Slowking|55/100
|move|p2a: Slowking|Ice Beam|p1a: Drifblim
|-supereffective|p1a: Drifblim
|-damage|p1a: Drifblim|13/100
|
|upkeep
|turn|41
|
|t:|1757862060
|move|p1a: Drifblim|Air Slash|p2a: Slowking
|-damage|p2a: Slowking|4/100
|move|p2a: Slowking|Ice Beam|p1a: Drifblim
|-supereffective|p1a: Drifblim
|-damage|p1a: Drifblim|0 fnt
|faint|p1a: Drifblim
|
|upkeep
|
|t:|1757862062
|switch|p1a: Dragapult|Dragapult, M|100/100
|turn|42
|-message|hadrianmarlowe forfeited.
|
|win|ddd980
|raw|ddd980's rating: 1448 &rarr; <strong>1463</strong><br />(+15 for winning)
|raw|hadrianmarlowe's rating: 1363 &rarr; <strong>1348</strong><br />(-15 for losing)
|l|☆hadrianmarlowe
|player|p2|
|l|☆ddd980
|player|p1|
