|j|☆zaywilder
|j|☆ShaqBroGAD
|t:|1757912570
|gametype|singles
|player|p1|zaywilder|1|1126
|player|p2|ShaqBroGAD|101|1163
|gen|9
|tier|[Gen 9] OU
|rated|
|rule|HP Percentage Mod: HP is shown in percentages
|rule|Endless Battle Clause: Forcing endless battles is banned
|rule|Species Clause: Limit one of each Pokémon
|rule|OHKO Clause: OHKO moves are banned
|rule|Evasion Items Clause: Evasion items are banned
|rule|Evasion Moves Clause: Evasion moves are banned
|rule|Evasion Abilities Clause: Evasion abilities are banned
|rule|Sleep Moves Clause: Sleep-inducing moves are banned
|clearpoke
|poke|p1|Darkrai|
|poke|p1|Iron Moth|
|poke|p1|Scizor, M|
|poke|p1|Great Tusk|
|poke|p1|Gholdengo|
|poke|p1|Dragonite, M|
|poke|p2|Glimmora, M|
|poke|p2|Blaziken, M|
|poke|p2|Cloyster, M|
|poke|p2|Zapdos|
|poke|p2|Jirachi|
|poke|p2|Gyarados, M|
|teampreview
|
|t:|1757912585
|teamsize|p1|6
|teamsize|p2|6
|start
|switch|p1a: Great Tusk|Great Tusk|100/100
|switch|p2a: Glimmora|Glimmora, M|100/100
|turn|1
|inactive|Battle timer is ON: inactive players will automatically lose when time's up. (requested by zaywilder)
|
|t:|1757912593
|move|p1a: Great Tusk|Stealth Rock|p2a: Glimmora
|-sidestart|p2: ShaqBroGAD|move: Stealth Rock
|move|p2a: Glimmora|Stealth Rock|p1a: Great Tusk
|-sidestart|p1: zaywilder|move: Stealth Rock
|
|upkeep
|turn|2
|
|t:|1757912604
|move|p1a: Great Tusk|Headlong Rush|p2a: Glimmora
|-supereffective|p2a: Glimmora
|-damage|p2a: Glimmora|0 fnt
|-unboost|p1a: Great Tusk|def|1
|-unboost|p1a: Great Tusk|spd|1
|-activate|p2a: Glimmora|ability: Toxic Debris
|-sidestart|p1: zaywilder|move: Toxic Spikes
|faint|p2a: Glimmora
|
|upkeep
|
|t:|1757912619
|switch|p2a: Cloyster|Cloyster, M|100/100
|turn|3
|
|t:|1757912632
|-terastallize|p2a: Cloyster|Water
|move|p1a: Great Tusk|Rapid Spin|p2a: Cloyster
|-damage|p2a: Cloyster|88/100
|-boost|p1a: Great Tusk|spe|1
|-sideend|p1: zaywilder|Toxic Spikes|[from] move: Rapid Spin|[of] p1a: Great Tusk
|-sideend|p1: zaywilder|Stealth Rock|[from] move: Rapid Spin|[of] p1a: Great Tusk
|move|p2a: Cloyster|Shell Smash|p2a: Cloyster
|-unboost|p2a: Cloyster|def|1
|-unboost|p2a: Cloyster|spd|1
|-boost|p2a: Cloyster|atk|2
|-boost|p2a: Cloyster|spa|2
|-boost|p2a: Cloyster|spe|2
|
|upkeep
|turn|4
|
|t:|1757912655
|move|p2a: Cloyster|Icicle Spear|p1a: Great Tusk
|-supereffective|p1a: Great Tusk
|-damage|p1a: Great Tusk|58/100
|-supereffective|p1a: Great Tusk
|-damage|p1a: Great Tusk|15/100
|-supereffective|p1a: Great Tusk
|-damage|p1a: Great Tusk|0 fnt
|faint|p1a: Great Tusk
|-end|p1a: Great Tusk|Protosynthesis|[silent]
|-hitcount|p1: Great Tusk|3
|
|upkeep
|
|t:|1757912658
|switch|p1a: Dragonite|Dragonite, M|100/100
|turn|5
|
|t:|1757912670
|-terastallize|p1a: Dragonite|Normal
|move|p1a: Dragonite|Extreme Speed|p2a: Cloyster
|-damage|p2a: Cloyster|32/100
|move|p2a: Cloyster|Icicle Spear|p1a: Dragonite
|-damage|p1a: Dragonite|87/100
|-damage|p1a: Dragonite|61/100
|-damage|p1a: Dragonite|33/100
|-damage|p1a: Dragonite|10/100
|-damage|p1a: Dragonite|0 fnt
|faint|p1a: Dragonite
|-hitcount|p1: Dragonite|5
|
|upkeep
|
|t:|1757912679
|switch|p1a: Darkrai|Darkrai|100/100
|turn|6
|
|t:|1757912684
|move|p1a: Darkrai|Sucker Punch|p2a: Cloyster
|-damage|p2a: Cloyster|4/100
|move|p2a: Cloyster|Icicle Spear|p1a: Darkrai
|-damage|p1a: Darkrai|70/100
|-damage|p1a: Darkrai|38/100
|-damage|p1a: Darkrai|9/100
|-damage|p1a: Darkrai|0 fnt
|faint|p1a: Darkrai
|-hitcount|p1: Darkrai|4
|
|upkeep
|-message|zaywilder forfeited.
|
|win|ShaqBroGAD
|raw|zaywilder's rating: 1126 &rarr; <strong>1104</strong><br />(-22 for losing)
|raw|ShaqBroGAD's rating: 1163 &rarr; <strong>1185</strong><br />(+22 for winning)
|l|☆zaywilder
|player|p1|
|l|☆ShaqBroGAD
|player|p2|
