|inactive|Battle timer is ON: inactive players will automatically lose when time's up.
|t:|1757786246
|gametype|singles
|player|p1|3d|#scl5shoguns|
|player|p2|Niko|#scl5dynamos|
|gen|9
|tier|[Gen 9] OU
|rule|HP Percentage Mod: HP is shown in percentages
|rule|Endless Battle Clause: Forcing endless battles is banned
|rule|Species Clause: Limit one of each Pokémon
|rule|OHKO Clause: OHKO moves are banned
|rule|Evasion Items Clause: Evasion items are banned
|rule|Evasion Moves Clause: Evasion moves are banned
|rule|Evasion Abilities Clause: Evasion abilities are banned
|rule|Sleep Moves Clause: Sleep-inducing moves are banned
|clearpoke
|poke|p1|Hydrapple, M|
|poke|p1|Moltres|
|poke|p1|Gholdengo|
|poke|p1|Ting-Lu|
|poke|p1|Zamazenta-*|
|poke|p1|Clefable, F|
|poke|p2|Zamazenta-*|
|poke|p2|Ursaluna, M|
|poke|p2|Deoxys-Speed|
|poke|p2|Darkrai|
|poke|p2|Corviknight, F|
|poke|p2|Alomomola, F|
|teampreview
|c|☆3d|hf
|c|☆Niko|hf
|inactive|3d has 270 seconds left.
|inactive|Niko has 270 seconds left.
|inactive|3d has 240 seconds left.
|inactive|Niko has 240 seconds left.
|rated|Smogon Champions League
|inactive|3d has 210 seconds left.
|inactive|Niko has 210 seconds left.
|inactive|Niko has 180 seconds left.
|inactive|3d has 180 seconds left.
|inactive|Niko has 150 seconds left.
|inactive|3d has 150 seconds left.
|
|t:|1757786425
|teamsize|p1|6
|teamsize|p2|6
|start
|switch|p1a: Ting-Lu|Ting-Lu|100/100
|switch|p2a: VIA DEL CAMPO|Alomomola, F|100/100
|-ability|p1a: Ting-Lu|Vessel of Ruin
|turn|1
|
|t:|1757786429
|move|p1a: Ting-Lu|Spikes|p2a: VIA DEL CAMPO
|-sidestart|p2: Niko|Spikes
|move|p2a: VIA DEL CAMPO|Flip Turn|p1a: Ting-Lu
|-supereffective|p1a: Ting-Lu
|-damage|p1a: Ting-Lu|83/100
|
|t:|1757786459
|switch|p2a: DON RAFFAE'|Ursaluna, M|100/100|[from] Flip Turn
|-damage|p2a: DON RAFFAE'|88/100|[from] Spikes
|
|-heal|p1a: Ting-Lu|89/100|[from] item: Leftovers
|-status|p2a: DON RAFFAE'|brn|[from] item: Flame Orb
|upkeep
|turn|2
|inactive|Niko has 180 seconds left.
|
|t:|1757786484
|switch|p1a: Girlslovebeyonce|Zamazenta, shiny|100/100
|-ability|p1a: Girlslovebeyonce|Dauntless Shield|boost
|-boost|p1a: Girlslovebeyonce|def|1
|move|p2a: DON RAFFAE'|Facade|p1a: Girlslovebeyonce
|-damage|p1a: Girlslovebeyonce|27/100
|
|-damage|p2a: DON RAFFAE'|82/100 brn|[from] brn
|upkeep
|turn|3
|inactive|Niko has 180 seconds left.
|inactive|3d has 210 seconds left.
|
|t:|1757786503
|switch|p2a: VIA DEL CAMPO|Alomomola, F|100/100
|move|p1a: Girlslovebeyonce|Close Combat|p2a: VIA DEL CAMPO
|-damage|p2a: VIA DEL CAMPO|63/100
|-unboost|p1a: Girlslovebeyonce|def|1
|-unboost|p1a: Girlslovebeyonce|spd|1
|
|upkeep
|turn|4
|inactive|3d has 210 seconds left.
|inactive|3d has 180 seconds left.
|
|t:|1757786559
|switch|p1a: Ghold Experience|Gholdengo|100/100
|move|p2a: VIA DEL CAMPO|Flip Turn|p1a: Ghold Experience
|-damage|p1a: Ghold Experience|81/100
|inactive|Niko has 150 seconds left.
|inactive|Niko has 120 seconds left.
|
|t:|1757786644
|switch|p2a: IL PESCATORE|Darkrai|100/100|[from] Flip Turn
|-damage|p2a: IL PESCATORE|88/100|[from] Spikes
|
|upkeep
|turn|5
|
|t:|1757786658
|switch|p1a: Ting-Lu|Ting-Lu|89/100
|-ability|p1a: Ting-Lu|Vessel of Ruin
|move|p2a: IL PESCATORE|Nasty Plot|p2a: IL PESCATORE
|-boost|p2a: IL PESCATORE|spa|2
|
|-heal|p1a: Ting-Lu|95/100|[from] item: Leftovers
|upkeep
|turn|6
|
|t:|1757786667
|move|p2a: IL PESCATORE|Focus Blast|p1a: Ting-Lu|[miss]
|-miss|p2a: IL PESCATORE|p1a: Ting-Lu
|move|p1a: Ting-Lu|Earthquake|p2a: IL PESCATORE
|-damage|p2a: IL PESCATORE|39/100
|
|-heal|p1a: Ting-Lu|100/100|[from] item: Leftovers
|upkeep
|turn|7
|inactive|3d has 180 seconds left.
|inactive|Niko has 120 seconds left.
|inactive|3d has 150 seconds left.
|inactive|Niko has 90 seconds left.
|
|t:|1757786731
|switch|p1a: Girlslovebeyonce|Zamazenta, shiny|27/100
|move|p2a: IL PESCATORE|Focus Blast|p1a: Girlslovebeyonce
|-damage|p1a: Girlslovebeyonce|0 fnt
|faint|p1a: Girlslovebeyonce
|-damage|p2a: IL PESCATORE|29/100|[from] item: Life Orb
|
|upkeep
|inactive|3d has 120 seconds left.
|
|t:|1757786743
|switch|p1a: Ghold Experience|Gholdengo|81/100
|turn|8
|
|t:|1757786754
|switch|p2a: VIA DEL CAMPO|Alomomola, F|96/100
|move|p1a: Ghold Experience|Make It Rain|p2a: VIA DEL CAMPO
|-resisted|p2a: VIA DEL CAMPO
|-damage|p2a: VIA DEL CAMPO|67/100
|-unboost|p1a: Ghold Experience|spa|1
|
|upkeep
|turn|9
|inactive|3d has 120 seconds left.
|inactive|3d has 90 seconds left.
|
|t:|1757786804
|switch|p1a: Moltres|Moltres|100/100
|move|p2a: VIA DEL CAMPO|Flip Turn|p1a: Moltres
|-supereffective|p1a: Moltres
|-damage|p1a: Moltres|71/100
|inactive|Niko has 60 seconds left.
|inactive|Niko has 30 seconds left.
|inactive|Niko has 20 seconds left.
|
|t:|1757786856
|switch|p2a: DON RAFFAE'|Ursaluna, M|82/100 brn|[from] Flip Turn
|-damage|p2a: DON RAFFAE'|69/100 brn|[from] Spikes
|
|-damage|p2a: DON RAFFAE'|63/100 brn|[from] brn
|upkeep
|turn|10
|inactive|Niko has 30 seconds left this turn.
|inactive|Niko has 20 seconds left.
|inactive|Niko has 15 seconds left.
|
|t:|1757786874
|move|p2a: DON RAFFAE'|Fire Punch|p1a: Moltres
|-resisted|p1a: Moltres
|-damage|p1a: Moltres|53/100
|move|p1a: Moltres|Flamethrower|p2a: DON RAFFAE'
|-crit|p2a: DON RAFFAE'
|-damage|p2a: DON RAFFAE'|5/100 brn
|
|-damage|p2a: DON RAFFAE'|0 fnt|[from] brn
|faint|p2a: DON RAFFAE'
|upkeep
|inactive|Niko has 20 seconds left this turn.
|inactive|Niko has 15 seconds left.
|c|☆3d|my bad
|
|t:|1757786883
|switch|p2a: LA GUERRA DI PIERO|Zamazenta|100/100
|-ability|p2a: LA GUERRA DI PIERO|Dauntless Shield|boost
|-boost|p2a: LA GUERRA DI PIERO|def|1
|turn|11
|inactive|Niko has 25 seconds left this turn.
|inactive|Niko has 20 seconds left.
|c|☆Niko|dw
|inactive|3d has 90 seconds left.
|
|t:|1757786915
|switch|p1a: Versace|Hydrapple, M, shiny|100/100
|move|p2a: LA GUERRA DI PIERO|Stone Edge|p1a: Versace
|-damage|p1a: Versace|81/100
|
|upkeep
|turn|12
|inactive|Niko has 30 seconds left this turn.
|inactive|3d has 90 seconds left.
|inactive|Niko has 20 seconds left.
|
|t:|1757786927
|switch|p2a: DOLCENERA|Corviknight, F|100/100
|-ability|p2a: DOLCENERA|Pressure
|move|p1a: Versace|Fickle Beam|p2a: DOLCENERA
|-resisted|p2a: DOLCENERA
|-damage|p2a: DOLCENERA|81/100
|
|upkeep
|turn|13
|inactive|Niko has 30 seconds left this turn.
|
|t:|1757786933
|switch|p1a: Ghold Experience|Gholdengo|81/100
|move|p2a: DOLCENERA|U-turn|p1a: Ghold Experience
|-resisted|p1a: Ghold Experience
|-damage|p1a: Ghold Experience|78/100
|inactive|Niko has 30 seconds left this turn.
|
|t:|1757786937
|switch|p2a: VIA DEL CAMPO|Alomomola, F|100/100|[from] U-turn
|
|upkeep
|turn|14
|
|t:|1757786952
|switch|p1a: Clefable|Clefable, F|100/100
|move|p2a: VIA DEL CAMPO|Flip Turn|p1a: Clefable
|-damage|p1a: Clefable|87/100
|-damage|p2a: VIA DEL CAMPO|84/100|[from] item: Rocky Helmet|[of] p1a: Clefable
|
|t:|1757786958
|switch|p2a: LA GUERRA DI PIERO|Zamazenta|100/100|[from] Flip Turn
|
|upkeep
|turn|15
|inactive|Niko has 30 seconds left.
|inactive|Niko has 20 seconds left.
|inactive|3d has 90 seconds left.
|
|t:|1757787002
|-terastallize|p2a: LA GUERRA DI PIERO|Steel
|move|p2a: LA GUERRA DI PIERO|Heavy Slam|p1a: Clefable
|-supereffective|p1a: Clefable
|-damage|p1a: Clefable|0 fnt
|-damage|p2a: LA GUERRA DI PIERO|84/100|[from] item: Rocky Helmet|[of] p1a: Clefable
|faint|p1a: Clefable
|
|upkeep
|
|t:|1757787008
|switch|p1a: Versace|Hydrapple, M, shiny|100/100
|turn|16
|
|t:|1757787024
|switch|p2a: DOLCENERA|Corviknight, F|81/100
|-ability|p2a: DOLCENERA|Pressure
|move|p1a: Versace|Giga Drain|p2a: DOLCENERA
|-resisted|p2a: DOLCENERA
|-damage|p2a: DOLCENERA|72/100
|
|upkeep
|turn|17
|
|t:|1757787034
|switch|p1a: Moltres|Moltres|53/100
|move|p2a: DOLCENERA|Iron Defense|p2a: DOLCENERA
|-boost|p2a: DOLCENERA|def|2
|
|upkeep
|turn|18
|
|t:|1757787054
|switch|p2a: VIA DEL CAMPO|Alomomola, F|100/100
|move|p1a: Moltres|Flamethrower|p2a: VIA DEL CAMPO
|-resisted|p2a: VIA DEL CAMPO
|-damage|p2a: VIA DEL CAMPO|82/100
|
|upkeep
|turn|19
|
|t:|1757787058
|move|p1a: Moltres|Roost|p1a: Moltres
|-heal|p1a: Moltres|100/100
|-singleturn|p1a: Moltres|move: Roost
|move|p2a: VIA DEL CAMPO|Wish|p2a: VIA DEL CAMPO
|
|upkeep
|turn|20
|
|t:|1757787064
|move|p1a: Moltres|Will-O-Wisp|p2a: VIA DEL CAMPO
|-status|p2a: VIA DEL CAMPO|brn
|move|p2a: VIA DEL CAMPO|Flip Turn|p1a: Moltres
|-supereffective|p1a: Moltres
|-damage|p1a: Moltres|86/100
|
|t:|1757787068
|switch|p2a: IL PESCATORE|Darkrai|29/100|[from] Flip Turn
|-damage|p2a: IL PESCATORE|16/100|[from] Spikes
|
|-heal|p2a: IL PESCATORE|100/100|[from] move: Wish|[wisher] VIA DEL CAMPO
|upkeep
|turn|21
|inactive|Niko has 60 seconds left.
|
|t:|1757787095
|move|p2a: IL PESCATORE|Dark Pulse|p1a: Moltres
|-damage|p1a: Moltres|43/100
|-damage|p2a: IL PESCATORE|91/100|[from] item: Life Orb
|cant|p1a: Moltres|flinch
|
|upkeep
|turn|22
|
|t:|1757787104
|switch|p1a: Ting-Lu|Ting-Lu|100/100
|-ability|p1a: Ting-Lu|Vessel of Ruin
|move|p2a: IL PESCATORE|Nasty Plot|p2a: IL PESCATORE
|-boost|p2a: IL PESCATORE|spa|2
|
|upkeep
|turn|23
|
|t:|1757787111
|move|p2a: IL PESCATORE|Focus Blast|p1a: Ting-Lu
|-supereffective|p1a: Ting-Lu
|-damage|p1a: Ting-Lu|4/100
|-damage|p2a: IL PESCATORE|81/100|[from] item: Life Orb
|move|p1a: Ting-Lu|Earthquake|p2a: IL PESCATORE
|-damage|p2a: IL PESCATORE|28/100
|
|-heal|p1a: Ting-Lu|11/100|[from] item: Leftovers
|upkeep
|turn|24
|inactive|Niko has 60 seconds left.
|
|t:|1757787119
|move|p2a: IL PESCATORE|Dark Pulse|p1a: Ting-Lu
|-resisted|p1a: Ting-Lu
|-crit|p1a: Ting-Lu
|-damage|p1a: Ting-Lu|0 fnt
|faint|p1a: Ting-Lu
|-damage|p2a: IL PESCATORE|18/100|[from] item: Life Orb
|
|upkeep
|
|t:|1757787120
|switch|p1a: Ghold Experience|Gholdengo|78/100
|turn|25
|
|t:|1757787128
|switch|p2a: VIA DEL CAMPO|Alomomola, F|100/100 brn
|move|p1a: Ghold Experience|Shadow Ball|p2a: VIA DEL CAMPO
|-damage|p2a: VIA DEL CAMPO|60/100 brn
|
|-damage|p2a: VIA DEL CAMPO|54/100 brn|[from] brn
|upkeep
|turn|26
|inactive|Niko has 60 seconds left.
|
|t:|1757787158
|move|p1a: Ghold Experience|Shadow Ball|p2a: VIA DEL CAMPO
|-damage|p2a: VIA DEL CAMPO|15/100 brn
|-unboost|p2a: VIA DEL CAMPO|spd|1
|move|p2a: VIA DEL CAMPO|Flip Turn|p1a: Ghold Experience
|-damage|p1a: Ghold Experience|68/100
|
|t:|1757787174
|switch|p2a: LA GUERRA DI PIERO|Zamazenta, tera:Steel|84/100|[from] Flip Turn
|
|upkeep
|turn|27
|
|t:|1757787181
|switch|p1a: Versace|Hydrapple, M, shiny|100/100
|move|p2a: LA GUERRA DI PIERO|Crunch|p1a: Versace
|-damage|p1a: Versace|84/100
|
|upkeep
|turn|28
|
|t:|1757787191
|move|p2a: LA GUERRA DI PIERO|Close Combat|p1a: Versace
|-damage|p1a: Versace|45/100
|-unboost|p2a: LA GUERRA DI PIERO|def|1
|-unboost|p2a: LA GUERRA DI PIERO|spd|1
|move|p1a: Versace|Earth Power|p2a: LA GUERRA DI PIERO
|-supereffective|p2a: LA GUERRA DI PIERO
|-damage|p2a: LA GUERRA DI PIERO|8/100
|
|upkeep
|turn|29
|inactive|Niko has 60 seconds left.
|
|t:|1757787208
|move|p2a: LA GUERRA DI PIERO|Crunch|p1a: Versace
|-damage|p1a: Versace|29/100
|-unboost|p1a: Versace|def|1
|move|p1a: Versace|Giga Drain|p2a: LA GUERRA DI PIERO
|-resisted|p2a: LA GUERRA DI PIERO
|-damage|p2a: LA GUERRA DI PIERO|0 fnt
|-heal|p1a: Versace|32/100|[from] drain|[of] p2a: LA GUERRA DI PIERO
|faint|p2a: LA GUERRA DI PIERO
|
|upkeep
|
|t:|1757787211
|switch|p2a: CanticoDeiDrogati|Deoxys-Speed|100/100
|-ability|p2a: CanticoDeiDrogati|Pressure
|turn|30
|
|t:|1757787228
|move|p2a: CanticoDeiDrogati|Nasty Plot|p2a: CanticoDeiDrogati
|-boost|p2a: CanticoDeiDrogati|spa|2
|move|p1a: Versace|Fickle Beam|p2a: CanticoDeiDrogati|[anim] Fickle Beam All Out
|-activate|p1a: Versace|move: Fickle Beam
|-damage|p2a: CanticoDeiDrogati|0 fnt
|faint|p2a: CanticoDeiDrogati
|
|upkeep
|c|☆Niko|g
|c|☆Niko|g
|-message|Niko forfeited.
|inactive|Niko has 60 seconds left.
|
|win|3d
|c|☆3d|gg
|player|p2|
|player|p1|
