|j|☆Canadian lexi
|j|☆SapphireRedux
|t:|1757810918
|gametype|singles
|player|p1|Canadian lexi|dawn-gen4pt|1428
|player|p2|SapphireRedux|lacey|1480
|gen|9
|tier|[Gen 9] OU
|rated|
|rule|HP Percentage Mod: HP is shown in percentages
|rule|Endless Battle Clause: Forcing endless battles is banned
|rule|Species Clause: Limit one of each Pokémon
|rule|OHKO Clause: OHKO moves are banned
|rule|Evasion Items Clause: Evasion items are banned
|rule|Evasion Moves Clause: Evasion moves are banned
|rule|Evasion Abilities Clause: Evasion abilities are banned
|rule|Sleep Moves Clause: Sleep-inducing moves are banned
|clearpoke
|poke|p1|Enamorus, F|
|poke|p1|Ogerpon-Wellspring, F|
|poke|p1|Iron Crown|
|poke|p1|Iron Hands|
|poke|p1|Glimmora, M|
|poke|p1|Ursaluna, M|
|poke|p2|Zamazenta-*|
|poke|p2|Ninetales-Alola, M|
|poke|p2|Darkrai|
|poke|p2|Ceruledge, F|
|poke|p2|Empoleon, M|
|poke|p2|Hatterene, F|
|teampreview
|inactive|Battle timer is ON: inactive players will automatically lose when time's up. (requested by SapphireRedux)
|inactive|SapphireRedux has 120 seconds left.
|
|t:|1757810955
|teamsize|p1|6
|teamsize|p2|6
|start
|switch|p1a: Enamorus|Enamorus, F, shiny|100/100
|switch|p2a: Hatterene|Hatterene, F|100/100
|turn|1
|
|t:|1757810968
|move|p1a: Enamorus|Moonblast|p2a: Hatterene
|-damage|p2a: Hatterene|46/100
|-unboost|p2a: Hatterene|spa|1
|move|p2a: Hatterene|Draining Kiss|p1a: Enamorus
|-crit|p1a: Enamorus
|-damage|p1a: Enamorus|51/100
|-heal|p2a: Hatterene|80/100|[from] drain|[of] p1a: Enamorus
|
|-heal|p2a: Hatterene|86/100|[from] item: Leftovers
|upkeep
|turn|2
|
|t:|1757810990
|move|p1a: Enamorus|Moonblast|p2a: Hatterene
|-damage|p2a: Hatterene|25/100
|move|p2a: Hatterene|Draining Kiss|p1a: Enamorus
|-damage|p1a: Enamorus|29/100
|-heal|p2a: Hatterene|40/100|[from] drain|[of] p1a: Enamorus
|
|-heal|p2a: Hatterene|46/100|[from] item: Leftovers
|upkeep
|turn|3
|
|t:|1757811003
|move|p1a: Enamorus|Moonblast|p2a: Hatterene
|-damage|p2a: Hatterene|0 fnt
|faint|p2a: Hatterene
|
|upkeep
|
|t:|1757811005
|switch|p2a: Ninetales|Ninetales-Alola, M|100/100
|-weather|Snowscape|[from] ability: Snow Warning|[of] p2a: Ninetales
|turn|4
|
|t:|1757811008
|move|p1a: Enamorus|Moonblast|p2a: Ninetales
|-damage|p2a: Ninetales|46/100
|move|p2a: Ninetales|Aurora Veil|p2a: Ninetales
|-sidestart|p2: SapphireRedux|move: Aurora Veil
|
|-weather|Snowscape|[upkeep]
|upkeep
|turn|5
|
|t:|1757811015
|move|p1a: Enamorus|Moonblast|p2a: Ninetales
|-damage|p2a: Ninetales|19/100
|move|p2a: Ninetales|Freeze-Dry|p1a: Enamorus
|-supereffective|p1a: Enamorus
|-damage|p1a: Enamorus|0 fnt
|faint|p1a: Enamorus
|
|-weather|Snowscape|[upkeep]
|upkeep
|
|t:|1757811023
|switch|p1a: Ogerpon|Ogerpon-Wellspring, F|100/100
|turn|6
|
|t:|1757811032
|switch|p2a: Empoleon|Empoleon, M|100/100
|move|p1a: Ogerpon|Ivy Cudgel|p2a: Empoleon|[anim] Ivy Cudgel Water
|-resisted|p2a: Empoleon
|-damage|p2a: Empoleon|84/100
|
|-weather|Snowscape|[upkeep]
|upkeep
|turn|7
|
|t:|1757811040
|move|p1a: Ogerpon|Spikes|p2a: Empoleon
|-sidestart|p2: SapphireRedux|Spikes
|move|p2a: Empoleon|Swords Dance|p2a: Empoleon
|-boost|p2a: Empoleon|atk|2
|
|-weather|Snowscape|[upkeep]
|upkeep
|turn|8
|
|t:|1757811050
|move|p1a: Ogerpon|Spikes|p2a: Empoleon
|-sidestart|p2: SapphireRedux|Spikes
|move|p2a: Empoleon|Agility|p2a: Empoleon
|-boost|p2a: Empoleon|spe|2
|
|-weather|none
|upkeep
|turn|9
|
|t:|1757811053
|move|p2a: Empoleon|Knock Off|p1a: Ogerpon
|-damage|p1a: Ogerpon|50/100
|move|p1a: Ogerpon|Spikes|p2a: Empoleon
|-sidestart|p2: SapphireRedux|Spikes
|
|upkeep
|turn|10
|
|t:|1757811061
|move|p2a: Empoleon|Knock Off|p1a: Ogerpon
|-damage|p1a: Ogerpon|1/100
|move|p1a: Ogerpon|Knock Off|p2a: Empoleon
|-damage|p2a: Empoleon|59/100
|-enditem|p2a: Empoleon|Mystic Water|[from] move: Knock Off|[of] p1a: Ogerpon
|
|upkeep
|turn|11
|
|t:|1757811067
|move|p2a: Empoleon|Swords Dance|p2a: Empoleon
|-boost|p2a: Empoleon|atk|2
|move|p1a: Ogerpon|Ivy Cudgel|p2a: Empoleon|[anim] Ivy Cudgel Water
|-resisted|p2a: Empoleon
|-damage|p2a: Empoleon|41/100
|
|-sideend|p2: SapphireRedux|move: Aurora Veil
|upkeep
|turn|12
|
|t:|1757811072
|move|p2a: Empoleon|Knock Off|p1a: Ogerpon
|-damage|p1a: Ogerpon|0 fnt
|faint|p1a: Ogerpon
|
|upkeep
|
|t:|1757811089
|switch|p1a: Iron Crown|Iron Crown|100/100
|turn|13
|
|t:|1757811092
|move|p2a: Empoleon|Liquidation|p1a: Iron Crown
|-damage|p1a: Iron Crown|0 fnt
|faint|p1a: Iron Crown
|-end|p1a: Iron Crown|Quark Drive|[silent]
|
|upkeep
|
|t:|1757811099
|switch|p1a: Ursaluna|Ursaluna, M, shiny|100/100
|turn|14
|
|t:|1757811109
|-terastallize|p2a: Empoleon|Water
|-terastallize|p1a: Ursaluna|Fairy
|move|p2a: Empoleon|Liquidation|p1a: Ursaluna
|-damage|p1a: Ursaluna|0 fnt
|faint|p1a: Ursaluna
|
|upkeep
|-message|Canadian lexi forfeited.
|
|win|SapphireRedux
|raw|Canadian lexi's rating: 1428 &rarr; <strong>1411</strong><br />(-17 for losing)
|raw|SapphireRedux's rating: 1480 &rarr; <strong>1497</strong><br />(+17 for winning)
|l|☆Canadian lexi
|player|p1|
|l|☆SapphireRedux
|player|p2|
