|j|☆mochai hehe
|j|☆dungod
|t:|1757819504
|gametype|singles
|player|p1|mochai hehe|iris|1159
|player|p2|dungod|burglar|1203
|gen|9
|tier|[Gen 9] OU
|rated|
|rule|HP Percentage Mod: HP is shown in percentages
|rule|Endless Battle Clause: Forcing endless battles is banned
|rule|Species Clause: Limit one of each Pokémon
|rule|OHKO Clause: OHKO moves are banned
|rule|Evasion Items Clause: Evasion items are banned
|rule|Evasion Moves Clause: Evasion moves are banned
|rule|Evasion Abilities Clause: Evasion abilities are banned
|rule|Sleep Moves Clause: Sleep-inducing moves are banned
|clearpoke
|poke|p1|Great Tusk|
|poke|p1|Toxapex, M|
|poke|p1|Corviknight, M|
|poke|p1|Clodsire, M|
|poke|p1|Dondozo, F|
|poke|p1|Goodra-Hisui, F|
|poke|p2|Greninja-*, F|
|poke|p2|Cinderace, M|
|poke|p2|Garganacl, M|
|poke|p2|Corviknight, F|
|poke|p2|Garchomp, M|
|poke|p2|Skeledirge, F|
|teampreview
|inactive|Battle timer is ON: inactive players will automatically lose when time's up. (requested by dungod)
|inactive|mochai hehe also wants the timer to be on.
|
|t:|1757819516
|teamsize|p1|6
|teamsize|p2|6
|start
|switch|p1a: Clodsire|Clodsire, M|100/100
|switch|p2a: Helios|Corviknight, F|100/100
|-ability|p2a: Helios|Pressure
|turn|1
|
|t:|1757819522
|move|p2a: Helios|Taunt|p1a: Clodsire
|-start|p1a: Clodsire|move: Taunt
|cant|p1a: Clodsire|move: Taunt|Stealth Rock
|
|upkeep
|turn|2
|
|t:|1757819539
|switch|p1a: Corviknight|Corviknight, M|100/100
|move|p2a: Helios|Bulk Up|p2a: Helios
|-boost|p2a: Helios|atk|1
|-boost|p2a: Helios|def|1
|
|upkeep
|turn|3
|
|t:|1757819545
|switch|p1a: Goodra|Goodra-Hisui, F|100/100
|move|p2a: Helios|Taunt|p1a: Goodra
|-start|p1a: Goodra|move: Taunt
|
|upkeep
|turn|4
|
|t:|1757819561
|move|p2a: Helios|Bulk Up|p2a: Helios
|-boost|p2a: Helios|atk|1
|-boost|p2a: Helios|def|1
|move|p1a: Goodra|Thunderbolt|p2a: Helios
|-supereffective|p2a: Helios
|-crit|p2a: Helios
|-damage|p2a: Helios|40/100
|
|-heal|p2a: Helios|47/100|[from] item: Leftovers
|upkeep
|turn|5
|
|t:|1757819570
|move|p2a: Helios|Roost|p2a: Helios
|-heal|p2a: Helios|97/100
|-singleturn|p2a: Helios|move: Roost
|move|p1a: Goodra|Knock Off|p2a: Helios
|-damage|p2a: Helios|86/100
|-enditem|p2a: Helios|Leftovers|[from] move: Knock Off|[of] p1a: Goodra
|
|-end|p1a: Goodra|move: Taunt
|upkeep
|turn|6
|
|t:|1757819579
|switch|p2a: Sandy Nose|Garchomp, M|100/100
|move|p1a: Goodra|Thunderbolt|p2a: Sandy Nose
|-immune|p2a: Sandy Nose
|
|upkeep
|turn|7
|
|t:|1757819589
|move|p2a: Sandy Nose|Spikes|p1a: Goodra
|-sidestart|p1: mochai hehe|Spikes
|move|p1a: Goodra|Draco Meteor|p2a: Sandy Nose
|-supereffective|p2a: Sandy Nose
|-damage|p2a: Sandy Nose|0 fnt
|-unboost|p1a: Goodra|spa|2
|faint|p2a: Sandy Nose
|
|upkeep
|
|t:|1757819597
|switch|p2a: Bunny Joint|Cinderace, M|100/100
|turn|8
|
|t:|1757819605
|switch|p1a: Toxapex|Toxapex, M|100/100
|-damage|p1a: Toxapex|88/100|[from] Spikes
|move|p2a: Bunny Joint|High Jump Kick|p1a: Toxapex
|-start|p2a: Bunny Joint|typechange|Fighting|[from] ability: Libero
|-resisted|p1a: Toxapex
|-damage|p1a: Toxapex|69/100
|
|-heal|p1a: Toxapex|75/100|[from] item: Leftovers
|upkeep
|turn|9
|
|t:|1757819614
|move|p2a: Bunny Joint|U-turn|p1a: Toxapex
|-resisted|p1a: Toxapex
|-damage|p1a: Toxapex|69/100
|
|t:|1757819617
|switch|p2a: Helios|Corviknight, F|86/100|[from] U-turn
|-ability|p2a: Helios|Pressure
|move|p1a: Toxapex|Chilling Water|p2a: Helios
|-damage|p2a: Helios|79/100
|-unboost|p2a: Helios|atk|1
|
|-heal|p1a: Toxapex|75/100|[from] item: Leftovers
|upkeep
|turn|10
|
|t:|1757819630
|switch|p1a: Great Tusk|Great Tusk|100/100
|-damage|p1a: Great Tusk|88/100|[from] Spikes
|move|p2a: Helios|Taunt|p1a: Great Tusk
|-start|p1a: Great Tusk|move: Taunt
|
|-heal|p1a: Great Tusk|94/100|[from] item: Leftovers
|upkeep
|turn|11
|
|t:|1757819638
|move|p1a: Great Tusk|Knock Off|p2a: Helios
|-damage|p2a: Helios|64/100
|move|p2a: Helios|Bulk Up|p2a: Helios
|-boost|p2a: Helios|atk|1
|-boost|p2a: Helios|def|1
|
|-heal|p1a: Great Tusk|100/100|[from] item: Leftovers
|upkeep
|turn|12
|
|t:|1757819645
|move|p1a: Great Tusk|Rapid Spin|p2a: Helios
|-resisted|p2a: Helios
|-damage|p2a: Helios|60/100
|-boost|p1a: Great Tusk|spe|1
|-sideend|p1: mochai hehe|Spikes|[from] move: Rapid Spin|[of] p1a: Great Tusk
|move|p2a: Helios|Bulk Up|p2a: Helios
|-boost|p2a: Helios|atk|1
|-boost|p2a: Helios|def|1
|
|-end|p1a: Great Tusk|move: Taunt
|upkeep
|turn|13
|
|t:|1757819655
|-end|p1a: Great Tusk|Protosynthesis|[silent]
|switch|p1a: Toxapex|Toxapex, M|100/100
|move|p2a: Helios|Roost|p2a: Helios
|-heal|p2a: Helios|100/100
|-singleturn|p2a: Helios|move: Roost
|
|upkeep
|turn|14
|
|t:|1757819677
|move|p2a: Helios|Taunt|p1a: Toxapex
|-start|p1a: Toxapex|move: Taunt
|cant|p1a: Toxapex|move: Taunt|Haze
|
|upkeep
|turn|15
|
|t:|1757819687
|move|p2a: Helios|Bulk Up|p2a: Helios
|-boost|p2a: Helios|atk|1
|-boost|p2a: Helios|def|1
|move|p1a: Toxapex|Chilling Water|p2a: Helios
|-damage|p2a: Helios|93/100
|-unboost|p2a: Helios|atk|1
|
|upkeep
|turn|16
|
|t:|1757819695
|move|p2a: Helios|Bulk Up|p2a: Helios
|-boost|p2a: Helios|atk|1
|-boost|p2a: Helios|def|1
|move|p1a: Toxapex|Chilling Water|p2a: Helios
|-damage|p2a: Helios|85/100
|-unboost|p2a: Helios|atk|1
|
|-end|p1a: Toxapex|move: Taunt
|upkeep
|turn|17
|
|t:|1757819704
|move|p2a: Helios|Taunt|p1a: Toxapex
|-start|p1a: Toxapex|move: Taunt
|move|p1a: Toxapex|Chilling Water|p2a: Helios
|-damage|p2a: Helios|78/100
|-unboost|p2a: Helios|atk|1
|
|upkeep
|turn|18
|
|t:|1757819716
|switch|p1a: Corviknight|Corviknight, M|100/100
|move|p2a: Helios|Bulk Up|p2a: Helios
|-boost|p2a: Helios|atk|1
|-boost|p2a: Helios|def|1
|
|upkeep
|turn|19
|
|t:|1757819722
|switch|p1a: Toxapex|Toxapex, M|100/100
|move|p2a: Helios|Taunt|p1a: Toxapex
|-start|p1a: Toxapex|move: Taunt
|
|upkeep
|turn|20
|
|t:|1757819729
|switch|p1a: Dondozo|Dondozo, F|100/100
|move|p2a: Helios|Bulk Up|p2a: Helios
|-boost|p2a: Helios|atk|1
|-boost|p2a: Helios|def|1
|
|upkeep
|turn|21
|
|t:|1757819738
|switch|p2a: Mav's Eater|Garganacl, M|100/100
|move|p1a: Dondozo|Curse|p1a: Dondozo
|-unboost|p1a: Dondozo|spe|1
|-boost|p1a: Dondozo|atk|1
|-boost|p1a: Dondozo|def|1
|
|upkeep
|turn|22
|
|t:|1757819746
|move|p2a: Mav's Eater|Salt Cure|p1a: Dondozo
|-damage|p1a: Dondozo|96/100
|-start|p1a: Dondozo|Salt Cure
|move|p1a: Dondozo|Liquidation|p2a: Mav's Eater
|-supereffective|p2a: Mav's Eater
|-damage|p2a: Mav's Eater|54/100
|
|-heal|p2a: Mav's Eater|60/100|[from] item: Leftovers
|-heal|p1a: Dondozo|100/100|[from] item: Leftovers
|-damage|p1a: Dondozo|75/100|[from] Salt Cure
|upkeep
|turn|23
|
|t:|1757819763
|switch|p1a: Great Tusk|Great Tusk|100/100
|move|p2a: Mav's Eater|Recover|p2a: Mav's Eater
|-heal|p2a: Mav's Eater|100/100
|
|upkeep
|turn|24
|
|t:|1757819770
|move|p1a: Great Tusk|Knock Off|p2a: Mav's Eater
|-damage|p2a: Mav's Eater|87/100
|-enditem|p2a: Mav's Eater|Leftovers|[from] move: Knock Off|[of] p1a: Great Tusk
|move|p2a: Mav's Eater|Salt Cure|p1a: Great Tusk
|-resisted|p1a: Great Tusk
|-damage|p1a: Great Tusk|98/100
|-start|p1a: Great Tusk|Salt Cure
|
|-heal|p1a: Great Tusk|100/100|[from] item: Leftovers
|-damage|p1a: Great Tusk|88/100|[from] Salt Cure
|upkeep
|turn|25
|
|t:|1757819781
|switch|p2a: Helios|Corviknight, F|78/100
|-ability|p2a: Helios|Pressure
|move|p1a: Great Tusk|Headlong Rush|p2a: Helios
|-immune|p2a: Helios
|
|-heal|p1a: Great Tusk|94/100|[from] item: Leftovers
|-damage|p1a: Great Tusk|82/100|[from] Salt Cure
|upkeep
|turn|26
|
|t:|1757819791
|-end|p1a: Great Tusk|Protosynthesis|[silent]
|switch|p1a: Goodra|Goodra-Hisui, F|100/100
|move|p2a: Helios|Brave Bird|p1a: Goodra
|-resisted|p1a: Goodra
|-damage|p1a: Goodra|83/100
|-damage|p2a: Helios|73/100|[from] Recoil
|
|-heal|p1a: Goodra|90/100|[from] item: Leftovers
|upkeep
|turn|27
|
|t:|1757819802
|switch|p2a: Dirgiano Duvitsky|Skeledirge, F|100/100
|move|p1a: Goodra|Thunderbolt|p2a: Dirgiano Duvitsky
|-damage|p2a: Dirgiano Duvitsky|78/100
|
|-heal|p1a: Goodra|96/100|[from] item: Leftovers
|upkeep
|turn|28
|
|t:|1757819809
|switch|p2a: Helios|Corviknight, F|73/100
|-ability|p2a: Helios|Pressure
|move|p1a: Goodra|Knock Off|p2a: Helios
|-damage|p2a: Helios|59/100
|
|-heal|p1a: Goodra|100/100|[from] item: Leftovers
|upkeep
|turn|29
|
|t:|1757819823
|-terastallize|p2a: Helios|Dark
|move|p2a: Helios|Roost|p2a: Helios
|-heal|p2a: Helios|100/100
|move|p1a: Goodra|Thunderbolt|p2a: Helios
|-damage|p2a: Helios|80/100
|
|upkeep
|turn|30
|
|t:|1757819834
|move|p2a: Helios|Bulk Up|p2a: Helios
|-boost|p2a: Helios|atk|1
|-boost|p2a: Helios|def|1
|move|p1a: Goodra|Draco Meteor|p2a: Helios|[miss]
|-miss|p1a: Goodra|p2a: Helios
|
|upkeep
|turn|31
|
|t:|1757819849
|move|p2a: Helios|Bulk Up|p2a: Helios
|-boost|p2a: Helios|atk|1
|-boost|p2a: Helios|def|1
|move|p1a: Goodra|Draco Meteor|p2a: Helios
|-damage|p2a: Helios|31/100
|-unboost|p1a: Goodra|spa|2
|
|upkeep
|turn|32
|
|t:|1757819857
|switch|p1a: Toxapex|Toxapex, M|100/100
|move|p2a: Helios|Roost|p2a: Helios
|-heal|p2a: Helios|81/100
|
|upkeep
|turn|33
|
|t:|1757819865
|switch|p1a: Clodsire|Clodsire, M|100/100
|move|p2a: Helios|Taunt|p1a: Clodsire
|-start|p1a: Clodsire|move: Taunt
|
|upkeep
|turn|34
|
|t:|1757819871
|switch|p2a: Mav's Eater|Garganacl, M|87/100
|switch|p1a: Toxapex|Toxapex, M|100/100
|
|upkeep
|turn|35
|
|t:|1757819883
|switch|p1a: Great Tusk|Great Tusk|82/100
|move|p2a: Mav's Eater|Salt Cure|p1a: Great Tusk
|-resisted|p1a: Great Tusk
|-damage|p1a: Great Tusk|80/100
|-start|p1a: Great Tusk|Salt Cure
|
|-heal|p1a: Great Tusk|86/100|[from] item: Leftovers
|-damage|p1a: Great Tusk|74/100|[from] Salt Cure
|upkeep
|turn|36
|
|t:|1757819892
|move|p2a: Mav's Eater|Protect|p2a: Mav's Eater
|-singleturn|p2a: Mav's Eater|Protect
|move|p1a: Great Tusk|Headlong Rush|p2a: Mav's Eater
|-activate|p2a: Mav's Eater|move: Protect
|
|-heal|p1a: Great Tusk|80/100|[from] item: Leftovers
|-damage|p1a: Great Tusk|68/100|[from] Salt Cure
|upkeep
|turn|37
|
|t:|1757819903
|move|p1a: Great Tusk|Headlong Rush|p2a: Mav's Eater
|-supereffective|p2a: Mav's Eater
|-damage|p2a: Mav's Eater|34/100
|-unboost|p1a: Great Tusk|def|1
|-unboost|p1a: Great Tusk|spd|1
|move|p2a: Mav's Eater|Stealth Rock|p1a: Great Tusk
|-sidestart|p1: mochai hehe|move: Stealth Rock
|
|-heal|p1a: Great Tusk|74/100|[from] item: Leftovers
|-damage|p1a: Great Tusk|61/100|[from] Salt Cure
|upkeep
|turn|38
|
|t:|1757819913
|-end|p1a: Great Tusk|Protosynthesis|[silent]
|switch|p1a: Goodra|Goodra-Hisui, F|100/100
|-damage|p1a: Goodra|94/100|[from] Stealth Rock
|move|p2a: Mav's Eater|Protect||[still]
|-fail|p2a: Mav's Eater
|
|-heal|p1a: Goodra|100/100|[from] item: Leftovers
|upkeep
|turn|39
|
|t:|1757819920
|move|p1a: Goodra|Draco Meteor|p2a: Mav's Eater
|-damage|p2a: Mav's Eater|0 fnt
|-unboost|p1a: Goodra|spa|2
|faint|p2a: Mav's Eater
|
|upkeep
|
|t:|1757819926
|switch|p2a: Bunny Joint|Cinderace, M|100/100
|turn|40
|
|t:|1757819929
|switch|p1a: Toxapex|Toxapex, M|100/100
|-damage|p1a: Toxapex|88/100|[from] Stealth Rock
|move|p2a: Bunny Joint|High Jump Kick|p1a: Toxapex
|-start|p2a: Bunny Joint|typechange|Fighting|[from] ability: Libero
|-resisted|p1a: Toxapex
|-damage|p1a: Toxapex|69/100
|
|-heal|p1a: Toxapex|75/100|[from] item: Leftovers
|upkeep
|turn|41
|c|☆dungod|lol you are such a peice of shit
|c|☆mochai hehe|lol yeapp
|c|☆dungod|people like you are why this game will never be mainstream
|-message|dungod forfeited.
|
|win|mochai hehe
