|j|☆jb8976
|j|☆idonteatpets
|t:|1757817937
|gametype|singles
|player|p1|jb8976|ethan|1372
|player|p2|idonteatpets|1|1328
|gen|9
|tier|[Gen 9] OU
|rated|
|rule|HP Percentage Mod: HP is shown in percentages
|rule|Endless Battle Clause: Forcing endless battles is banned
|rule|Species Clause: Limit one of each Pokémon
|rule|OHKO Clause: OHKO moves are banned
|rule|Evasion Items Clause: Evasion items are banned
|rule|Evasion Moves Clause: Evasion moves are banned
|rule|Evasion Abilities Clause: Evasion abilities are banned
|rule|Sleep Moves Clause: Sleep-inducing moves are banned
|clearpoke
|poke|p1|Gliscor, M|
|poke|p1|Corviknight, M|
|poke|p1|Gholdengo|
|poke|p1|Ting-Lu|
|poke|p1|Hatterene, F|
|poke|p1|Blissey, F|
|poke|p2|Skarmory, M|
|poke|p2|Landorus-Therian, M|
|poke|p2|Serperior, M|
|poke|p2|Latios, M|
|poke|p2|Regice|
|poke|p2|Dragonite, F|
|teampreview
|
|t:|1757817954
|teamsize|p1|6
|teamsize|p2|6
|start
|switch|p1a: Gliscor|Gliscor, M|100/100
|switch|p2a: Skarmory|Skarmory, M|100/100
|turn|1
|
|t:|1757817960
|switch|p1a: Hatterene|Hatterene, F|100/100
|move|p2a: Skarmory|Stealth Rock|p1a: Hatterene
|move|p1a: Hatterene|Stealth Rock|p2a: Skarmory|[from] ability: Magic Bounce
|-sidestart|p2: idonteatpets|move: Stealth Rock
|
|upkeep
|turn|2
|inactive|Battle timer is ON: inactive players will automatically lose when time's up. (requested by jb8976)
|
|t:|1757817987
|switch|p2a: Regice|Regice|100/100
|-damage|p2a: Regice|76/100|[from] Stealth Rock
|move|p1a: Hatterene|Mystical Fire|p2a: Regice
|-supereffective|p2a: Regice
|-crit|p2a: Regice
|-damage|p2a: Regice|54/100
|
|upkeep
|turn|3
|
|t:|1757818014
|move|p2a: Regice|Flash Cannon|p1a: Hatterene
|-supereffective|p1a: Hatterene
|-damage|p1a: Hatterene|60/100
|-unboost|p1a: Hatterene|spd|1
|move|p1a: Hatterene|Calm Mind|p1a: Hatterene
|-boost|p1a: Hatterene|spa|1
|-boost|p1a: Hatterene|spd|1
|
|-heal|p1a: Hatterene|66/100|[from] item: Leftovers
|upkeep
|turn|4
|
|t:|1757818027
|switch|p1a: Blissey|Blissey, F|100/100
|move|p2a: Regice|Flash Cannon|p1a: Blissey
|-damage|p1a: Blissey|92/100
|
|-heal|p1a: Blissey|98/100|[from] item: Leftovers
|upkeep
|turn|5
|inactive|jb8976 has 120 seconds left.
|
|t:|1757818063
|switch|p2a: Skarmory|Skarmory, M|100/100
|-damage|p2a: Skarmory|88/100|[from] Stealth Rock
|move|p1a: Blissey|Seismic Toss|p2a: Skarmory
|-damage|p2a: Skarmory|58/100
|-damage|p1a: Blissey|82/100|[from] item: Rocky Helmet|[of] p2a: Skarmory
|
|-heal|p1a: Blissey|88/100|[from] item: Leftovers
|upkeep
|turn|6
|inactive|idonteatpets has 120 seconds left.
|
|t:|1757818094
|switch|p1a: Hatterene|Hatterene, F|66/100
|move|p2a: Skarmory|Roost|p2a: Skarmory
|-heal|p2a: Skarmory|100/100
|-singleturn|p2a: Skarmory|move: Roost
|
|-heal|p1a: Hatterene|72/100|[from] item: Leftovers
|upkeep
|turn|7
|inactive|idonteatpets has 120 seconds left.
|
|t:|1757818109
|switch|p2a: Regice|Regice|54/100
|-damage|p2a: Regice|29/100|[from] Stealth Rock
|move|p1a: Hatterene|Mystical Fire|p2a: Regice
|-supereffective|p2a: Regice
|-damage|p2a: Regice|16/100
|
|-heal|p1a: Hatterene|78/100|[from] item: Leftovers
|upkeep
|turn|8
|inactive|idonteatpets has 120 seconds left.
|
|t:|1757818128
|switch|p1a: Blissey|Blissey, F|88/100
|move|p2a: Regice|Zap Cannon|p1a: Blissey|[miss]
|-miss|p2a: Regice|p1a: Blissey
|
|-heal|p1a: Blissey|94/100|[from] item: Leftovers
|upkeep
|turn|9
|inactive|idonteatpets has 120 seconds left.
|inactive|jb8976 has 120 seconds left.
|
|t:|1757818156
|switch|p2a: Skarmory|Skarmory, M|100/100
|-damage|p2a: Skarmory|88/100|[from] Stealth Rock
|move|p1a: Blissey|Seismic Toss|p2a: Skarmory
|-damage|p2a: Skarmory|58/100
|-damage|p1a: Blissey|77/100|[from] item: Rocky Helmet|[of] p2a: Skarmory
|
|-heal|p1a: Blissey|83/100|[from] item: Leftovers
|upkeep
|turn|10
|inactive|idonteatpets has 120 seconds left.
|
|t:|1757818167
|switch|p2a: Landorus|Landorus-Therian, M|100/100
|-damage|p2a: Landorus|88/100|[from] Stealth Rock
|-ability|p2a: Landorus|Intimidate|boost
|-unboost|p1a: Blissey|atk|1
|switch|p1a: Hatterene|Hatterene, F|78/100
|
|-heal|p1a: Hatterene|84/100|[from] item: Leftovers
|upkeep
|turn|11
|inactive|idonteatpets has 120 seconds left.
|inactive|jb8976 has 120 seconds left.
|
|t:|1757818191
|switch|p1a: Gliscor|Gliscor, M|100/100
|move|p2a: Landorus|U-turn|p1a: Gliscor
|-resisted|p1a: Gliscor
|-damage|p1a: Gliscor|93/100
|inactive|idonteatpets has 120 seconds left.
|
|t:|1757818218
|switch|p2a: Latios|Latios, M|100/100|[from] U-turn
|-damage|p2a: Latios|88/100|[from] Stealth Rock
|
|-status|p1a: Gliscor|tox|[from] item: Toxic Orb
|upkeep
|turn|12
|
|t:|1757818229
|switch|p1a: Gholdengo|Gholdengo|100/100
|move|p2a: Latios|Psyshock|p1a: Gholdengo
|-resisted|p1a: Gholdengo
|-damage|p1a: Gholdengo|76/100
|
|upkeep
|turn|13
|
|t:|1757818238
|switch|p2a: Regice|Regice|16/100
|-damage|p2a: Regice|0 fnt|[from] Stealth Rock
|faint|p2a: Regice
|move|p1a: Gholdengo|Shadow Ball|p2: Regice|[notarget]
|-fail|p1a: Gholdengo
|
|upkeep
|inactive|idonteatpets has 90 seconds left.
|inactive|idonteatpets has 60 seconds left.
|
|t:|1757818297
|switch|p2a: Skarmory|Skarmory, M|58/100
|-damage|p2a: Skarmory|46/100|[from] Stealth Rock
|turn|14
|inactive|idonteatpets has 60 seconds left.
|inactive|jb8976 has 120 seconds left.
|
|t:|1757818327
|switch|p1a: Hatterene|Hatterene, F|84/100
|move|p2a: Skarmory|Stealth Rock|p1a: Hatterene
|move|p1a: Hatterene|Stealth Rock||[from] ability: Magic Bounce|[still]
|-fail|p1a: Hatterene
|
|-heal|p1a: Hatterene|90/100|[from] item: Leftovers
|upkeep
|turn|15
|inactive|idonteatpets has 60 seconds left.
|
|t:|1757818344
|switch|p2a: Latios|Latios, M|88/100
|-damage|p2a: Latios|76/100|[from] Stealth Rock
|move|p1a: Hatterene|Psychic Noise|p2a: Latios
|-resisted|p2a: Latios
|-damage|p2a: Latios|60/100
|-start|p2a: Latios|move: Heal Block
|
|-heal|p1a: Hatterene|96/100|[from] item: Leftovers
|upkeep
|turn|16
|inactive|idonteatpets has 60 seconds left.
|
|t:|1757818363
|switch|p1a: Gholdengo|Gholdengo|76/100
|move|p2a: Latios|Ice Beam|p1a: Gholdengo
|-resisted|p1a: Gholdengo
|-damage|p1a: Gholdengo|57/100
|
|-end|p2a: Latios|move: Heal Block
|upkeep
|turn|17
|
|t:|1757818393
|switch|p2a: Skarmory|Skarmory, M|46/100
|-damage|p2a: Skarmory|34/100|[from] Stealth Rock
|move|p1a: Gholdengo|Shadow Ball|p2a: Skarmory
|-damage|p2a: Skarmory|0 fnt
|faint|p2a: Skarmory
|
|upkeep
|inactive|idonteatpets has 30 seconds left.
|inactive|idonteatpets has 20 seconds left.
|
|t:|1757818416
|switch|p2a: Serperior|Serperior, M|100/100
|-damage|p2a: Serperior|88/100|[from] Stealth Rock
|turn|18
|inactive|idonteatpets has 30 seconds left this turn.
|
|t:|1757818424
|switch|p1a: Corviknight|Corviknight, M|100/100
|-ability|p1a: Corviknight|Pressure
|move|p2a: Serperior|Leaf Storm|p1a: Corviknight|[miss]
|-miss|p2a: Serperior|p1a: Corviknight
|
|-heal|p2a: Serperior|94/100|[from] item: Leftovers
|upkeep
|turn|19
|inactive|idonteatpets has 30 seconds left.
|
|t:|1757818433
|move|p2a: Serperior|Protect|p2a: Serperior
|-singleturn|p2a: Serperior|Protect
|move|p1a: Corviknight|Brave Bird|p2a: Serperior
|-activate|p2a: Serperior|move: Protect
|
|-heal|p2a: Serperior|100/100|[from] item: Leftovers
|upkeep
|turn|20
|inactive|idonteatpets has 30 seconds left.
|inactive|jb8976 has 120 seconds left.
|
|t:|1757818464
|switch|p2a: Dragonite|Dragonite, F|100/100
|-damage|p2a: Dragonite|76/100|[from] Stealth Rock
|move|p1a: Corviknight|Brave Bird|p2a: Dragonite
|-damage|p2a: Dragonite|40/100
|-damage|p1a: Corviknight|89/100|[from] Recoil
|
|-heal|p2a: Dragonite|46/100|[from] item: Leftovers
|-heal|p1a: Corviknight|95/100|[from] item: Leftovers
|upkeep
|turn|21
|
|t:|1757818474
|switch|p1a: Hatterene|Hatterene, F|96/100
|move|p2a: Dragonite|Roost|p2a: Dragonite
|-heal|p2a: Dragonite|96/100
|-singleturn|p2a: Dragonite|move: Roost
|
|-heal|p2a: Dragonite|100/100|[from] item: Leftovers
|-heal|p1a: Hatterene|100/100|[from] item: Leftovers
|upkeep
|turn|22
|
|t:|1757818484
|-terastallize|p2a: Dragonite|Poison
|move|p2a: Dragonite|Tera Blast|p1a: Hatterene|[anim] Tera Blast Poison
|-supereffective|p1a: Hatterene
|-damage|p1a: Hatterene|38/100
|move|p1a: Hatterene|Psychic Noise|p2a: Dragonite
|-supereffective|p2a: Dragonite
|-damage|p2a: Dragonite|69/100
|-start|p2a: Dragonite|move: Heal Block
|
|-heal|p1a: Hatterene|44/100|[from] item: Leftovers
|upkeep
|turn|23
|
|t:|1757818502
|switch|p2a: Landorus|Landorus-Therian, M|88/100
|-damage|p2a: Landorus|76/100|[from] Stealth Rock
|-ability|p2a: Landorus|Intimidate|boost
|-unboost|p1a: Hatterene|atk|1
|switch|p1a: Ting-Lu|Ting-Lu|100/100
|-ability|p1a: Ting-Lu|Vessel of Ruin
|
|upkeep
|turn|24
|
|t:|1757818519
|move|p2a: Landorus|Earthquake|p1a: Ting-Lu
|-damage|p1a: Ting-Lu|78/100
|move|p1a: Ting-Lu|Spikes|p2a: Landorus
|-sidestart|p2: idonteatpets|Spikes
|
|-heal|p1a: Ting-Lu|84/100|[from] item: Leftovers
|upkeep
|turn|25
|
|t:|1757818525
|switch|p2a: Latios|Latios, M|60/100
|-damage|p2a: Latios|48/100|[from] Stealth Rock
|move|p1a: Ting-Lu|Whirlwind|p2a: Latios
|drag|p2a: Landorus|Landorus-Therian, M|76/100
|-damage|p2a: Landorus|64/100|[from] Stealth Rock
|-ability|p2a: Landorus|Intimidate|boost
|-unboost|p1a: Ting-Lu|atk|1
|
|-heal|p1a: Ting-Lu|90/100|[from] item: Leftovers
|upkeep
|turn|26
|
|t:|1757818543
|move|p2a: Landorus|Giga Impact|p1a: Ting-Lu
|-damage|p1a: Ting-Lu|67/100
|-mustrecharge|p2a: Landorus
|move|p1a: Ting-Lu|Whirlwind|p2a: Landorus
|drag|p2a: Dragonite|Dragonite, F, tera:Poison|69/100
|-damage|p2a: Dragonite|57/100|[from] Stealth Rock
|-damage|p2a: Dragonite|45/100|[from] Spikes
|
|-heal|p2a: Dragonite|51/100|[from] item: Leftovers
|-heal|p1a: Ting-Lu|73/100|[from] item: Leftovers
|upkeep
|turn|27
|
|t:|1757818555
|move|p2a: Dragonite|Tera Blast|p1a: Ting-Lu|[anim] Tera Blast Poison
|-resisted|p1a: Ting-Lu
|-damage|p1a: Ting-Lu|66/100
|move|p1a: Ting-Lu|Earthquake|p2a: Dragonite
|-supereffective|p2a: Dragonite
|-damage|p2a: Dragonite|1/100
|
|-heal|p2a: Dragonite|7/100|[from] item: Leftovers
|-heal|p1a: Ting-Lu|72/100|[from] item: Leftovers
|upkeep
|turn|28
|inactive|idonteatpets has 30 seconds left.
|
|t:|1757818576
|move|p2a: Dragonite|Roost|p2a: Dragonite
|-heal|p2a: Dragonite|57/100
|move|p1a: Ting-Lu|Earthquake|p2a: Dragonite
|-supereffective|p2a: Dragonite
|-damage|p2a: Dragonite|2/100
|
|-heal|p2a: Dragonite|9/100|[from] item: Leftovers
|-heal|p1a: Ting-Lu|78/100|[from] item: Leftovers
|upkeep
|turn|29
|inactive|idonteatpets has 30 seconds left.
|
|t:|1757818583
|switch|p2a: Latios|Latios, M|48/100
|-damage|p2a: Latios|35/100|[from] Stealth Rock
|move|p1a: Ting-Lu|Earthquake|p2a: Latios
|-immune|p2a: Latios|[from] ability: Levitate
|
|-heal|p1a: Ting-Lu|85/100|[from] item: Leftovers
|upkeep
|turn|30
|inactive|idonteatpets has 30 seconds left.
|
|t:|1757818599
|switch|p1a: Gholdengo|Gholdengo|57/100
|move|p2a: Latios|Ice Beam|p1a: Gholdengo
|-resisted|p1a: Gholdengo
|-damage|p1a: Gholdengo|38/100
|
|upkeep
|turn|31
|
|t:|1757818606
|switch|p2a: Dragonite|Dragonite, F, tera:Poison|9/100
|-damage|p2a: Dragonite|0 fnt|[from] Stealth Rock
|faint|p2a: Dragonite
|move|p1a: Gholdengo|Shadow Ball|p2: Dragonite|[notarget]
|-fail|p1a: Gholdengo
|
|upkeep
|inactive|idonteatpets has 30 seconds left.
|
|t:|1757818617
|switch|p2a: Serperior|Serperior, M|100/100
|-damage|p2a: Serperior|88/100|[from] Stealth Rock
|-damage|p2a: Serperior|76/100|[from] Spikes
|turn|32
|
|t:|1757818622
|switch|p1a: Corviknight|Corviknight, M|95/100
|-ability|p1a: Corviknight|Pressure
|move|p2a: Serperior|Leaf Storm|p1a: Corviknight
|-resisted|p1a: Corviknight
|-damage|p1a: Corviknight|87/100
|-boost|p2a: Serperior|spa|2
|
|-heal|p2a: Serperior|82/100|[from] item: Leftovers
|-heal|p1a: Corviknight|94/100|[from] item: Leftovers
|upkeep
|turn|33
|
|t:|1757818638
|move|p2a: Serperior|Protect|p2a: Serperior
|-singleturn|p2a: Serperior|Protect
|move|p1a: Corviknight|Brave Bird|p2a: Serperior
|-activate|p2a: Serperior|move: Protect
|
|-heal|p2a: Serperior|88/100|[from] item: Leftovers
|-heal|p1a: Corviknight|99/100|[from] item: Leftovers
|upkeep
|turn|34
|
|t:|1757818646
|switch|p2a: Landorus|Landorus-Therian, M|64/100
|-damage|p2a: Landorus|52/100|[from] Stealth Rock
|-ability|p2a: Landorus|Intimidate|boost
|-unboost|p1a: Corviknight|atk|1
|move|p1a: Corviknight|Brave Bird|p2a: Landorus
|-crit|p2a: Landorus
|-damage|p2a: Landorus|0 fnt
|faint|p2a: Landorus
|-damage|p1a: Corviknight|86/100|[from] Recoil
|
|-heal|p1a: Corviknight|93/100|[from] item: Leftovers
|upkeep
|
|t:|1757818657
|switch|p2a: Latios|Latios, M|35/100
|-damage|p2a: Latios|23/100|[from] Stealth Rock
|turn|35
|
|t:|1757818687
|switch|p1a: Blissey|Blissey, F|83/100
|move|p2a: Latios|Ice Beam|p1a: Blissey
|-damage|p1a: Blissey|71/100
|
|-heal|p1a: Blissey|77/100|[from] item: Leftovers
|upkeep
|turn|36
|
|t:|1757818693
|move|p2a: Latios|Ice Beam|p1a: Blissey
|-damage|p1a: Blissey|64/100
|move|p1a: Blissey|Seismic Toss|p2a: Latios
|-damage|p2a: Latios|0 fnt
|faint|p2a: Latios
|
|-heal|p1a: Blissey|70/100|[from] item: Leftovers
|upkeep
|
|t:|1757818699
|switch|p2a: Serperior|Serperior, M|88/100
|-damage|p2a: Serperior|76/100|[from] Stealth Rock
|-damage|p2a: Serperior|63/100|[from] Spikes
|turn|37
|inactive|idonteatpets has 30 seconds left.
|
|t:|1757818730
|switch|p1a: Corviknight|Corviknight, M|93/100
|-ability|p1a: Corviknight|Pressure
|move|p2a: Serperior|Leech Seed|p1a: Corviknight
|-start|p1a: Corviknight|move: Leech Seed
|
|-heal|p2a: Serperior|69/100|[from] item: Leftovers
|-heal|p1a: Corviknight|99/100|[from] item: Leftovers
|-damage|p1a: Corviknight|86/100|[from] Leech Seed|[of] p2a: Serperior
|-heal|p2a: Serperior|84/100|[silent]
|upkeep
|turn|38
|inactive|idonteatpets has 30 seconds left.
|
|t:|1757818740
|move|p2a: Serperior|Substitute|p2a: Serperior
|-start|p2a: Serperior|Substitute
|-damage|p2a: Serperior|59/100
|move|p1a: Corviknight|Taunt|p2a: Serperior
|-start|p2a: Serperior|move: Taunt
|
|-heal|p2a: Serperior|65/100|[from] item: Leftovers
|-heal|p1a: Corviknight|93/100|[from] item: Leftovers
|-damage|p1a: Corviknight|80/100|[from] Leech Seed|[of] p2a: Serperior
|-heal|p2a: Serperior|79/100|[silent]
|upkeep
|turn|39
|
|t:|1757818749
|move|p2a: Serperior|Leaf Storm|p1a: Corviknight
|-resisted|p1a: Corviknight
|-damage|p1a: Corviknight|71/100
|-boost|p2a: Serperior|spa|2
|move|p1a: Corviknight|Roost|p1a: Corviknight
|-heal|p1a: Corviknight|100/100
|-singleturn|p1a: Corviknight|move: Roost
|
|-heal|p2a: Serperior|85/100|[from] item: Leftovers
|-damage|p1a: Corviknight|88/100|[from] Leech Seed|[of] p2a: Serperior
|-heal|p2a: Serperior|99/100|[silent]
|upkeep
|turn|40
|
|t:|1757818760
|move|p2a: Serperior|Leaf Storm|p1a: Corviknight
|-resisted|p1a: Corviknight
|-damage|p1a: Corviknight|71/100
|-boost|p2a: Serperior|spa|2
|move|p1a: Corviknight|Roost|p1a: Corviknight
|-heal|p1a: Corviknight|100/100
|-singleturn|p1a: Corviknight|move: Roost
|
|-heal|p2a: Serperior|100/100|[from] item: Leftovers
|-damage|p1a: Corviknight|88/100|[from] Leech Seed|[of] p2a: Serperior
|upkeep
|turn|41
|
|t:|1757818771
|switch|p1a: Hatterene|Hatterene, F|44/100
|-activate|p2a: Serperior|move: Struggle
|move|p2a: Serperior|Struggle|p1a: Hatterene
|-crit|p1a: Hatterene
|-damage|p1a: Hatterene|34/100
|-damage|p2a: Serperior|75/100|[from] recoil
|
|-heal|p2a: Serperior|82/100|[from] item: Leftovers
|-heal|p1a: Hatterene|40/100|[from] item: Leftovers
|-end|p2a: Serperior|move: Taunt
|upkeep
|turn|42
|inactive|idonteatpets has 30 seconds left.
|
|t:|1757818787
|move|p2a: Serperior|Leech Seed|p1a: Hatterene
|move|p1a: Hatterene|Leech Seed|p2a: Serperior|[from] ability: Magic Bounce
|-immune|p2a: Serperior
|move|p1a: Hatterene|Psychic Noise|p2a: Serperior
|-damage|p2a: Serperior|47/100
|-start|p2a: Serperior|move: Heal Block
|
|-heal|p1a: Hatterene|46/100|[from] item: Leftovers
|upkeep
|turn|43
|c|☆idonteatpets|gg man
|inactive|idonteatpets has 30 seconds left.
|c|☆idonteatpets|6-0
|c|☆idonteatpets|tf
|
|t:|1757818801
|move|p2a: Serperior|Protect|p2a: Serperior
|-singleturn|p2a: Serperior|Protect
|move|p1a: Hatterene|Psychic Noise|p2a: Serperior
|-activate|p2a: Serperior|move: Protect
|
|-heal|p1a: Hatterene|52/100|[from] item: Leftovers
|-end|p2a: Serperior|move: Heal Block
|upkeep
|turn|44
|
|t:|1757818808
|move|p2a: Serperior|Protect|p2a: Serperior
|-singleturn|p2a: Serperior|Protect
|move|p1a: Hatterene|Psychic Noise|p2a: Serperior
|-activate|p2a: Serperior|move: Protect
|
|-heal|p2a: Serperior|53/100|[from] item: Leftovers
|-heal|p1a: Hatterene|58/100|[from] item: Leftovers
|upkeep
|turn|45
|
|t:|1757818816
|move|p2a: Serperior|Protect||[still]
|-fail|p2a: Serperior
|move|p1a: Hatterene|Psychic Noise|p2a: Serperior
|-damage|p2a: Serperior|22/100
|-start|p2a: Serperior|move: Heal Block
|
|-heal|p1a: Hatterene|64/100|[from] item: Leftovers
|upkeep
|turn|46
|
|t:|1757818824
|move|p2a: Serperior|Protect|p2a: Serperior
|-singleturn|p2a: Serperior|Protect
|move|p1a: Hatterene|Psychic Noise|p2a: Serperior
|-activate|p2a: Serperior|move: Protect
|
|-heal|p1a: Hatterene|70/100|[from] item: Leftovers
|-end|p2a: Serperior|move: Heal Block
|upkeep
|turn|47
|c|☆idonteatpets|gg
|c|☆jb8976|gg
|
|t:|1757818835
|move|p2a: Serperior|Protect||[still]
|-fail|p2a: Serperior
|move|p1a: Hatterene|Psychic Noise|p2a: Serperior
|-damage|p2a: Serperior|0 fnt
|faint|p2a: Serperior
|
|win|jb8976
|raw|jb8976's rating: 1372 &rarr; <strong>1388</strong><br />(+16 for winning)
|raw|idonteatpets's rating: 1306 &rarr; <strong>1290</strong><br />(-16 for losing)
|c|☆idonteatpets|why did i lose
|c|☆idonteatpets|tell me
|c|☆idonteatpets|bad team or moves
|l|☆jb8976
|player|p1|
|l|☆idonteatpets
|player|p2|
