|j|☆ABraviousTinkaton
|j|☆soap devourer
|t:|1757846759
|gametype|singles
|player|p1|ABraviousTinkaton|miku-ice|1606
|player|p2|soap devourer|169|1538
|gen|9
|tier|[Gen 9] OU
|rated|
|rule|HP Percentage Mod: HP is shown in percentages
|rule|Endless Battle Clause: Forcing endless battles is banned
|rule|Species Clause: Limit one of each Pokémon
|rule|OHKO Clause: OHKO moves are banned
|rule|Evasion Items Clause: Evasion items are banned
|rule|Evasion Moves Clause: Evasion moves are banned
|rule|Evasion Abilities Clause: Evasion abilities are banned
|rule|Sleep Moves Clause: Sleep-inducing moves are banned
|clearpoke
|poke|p1|Darkrai|
|poke|p1|Great Tusk|
|poke|p1|Ogerpon-Wellspring, F|
|poke|p1|Dragapult, M|
|poke|p1|Iron Crown|
|poke|p1|Landorus-Therian, M|
|poke|p2|Weezing-Galar, F|
|poke|p2|Gholdengo|
|poke|p2|Tornadus-Therian, M|
|poke|p2|Garganacl, F|
|poke|p2|Rotom-Wash|
|poke|p2|Enamorus, F|
|teampreview
|
|t:|1757846789
|teamsize|p1|6
|teamsize|p2|6
|start
|switch|p1a: Dragapult|Dragapult, M|100/100
|switch|p2a: Rotom|Rotom-Wash|100/100
|turn|1
|
|t:|1757846794
|move|p2a: Rotom|Volt Switch|p1a: Dragapult
|-resisted|p1a: Dragapult
|-damage|p1a: Dragapult|83/100
|
|t:|1757846796
|switch|p2a: Garganacl|Garganacl, F|100/100|[from] Volt Switch
|move|p1a: Dragapult|Draco Meteor|p2a: Garganacl
|-crit|p2a: Garganacl
|-damage|p2a: Garganacl|11/100
|-unboost|p1a: Dragapult|spa|2
|
|-heal|p2a: Garganacl|17/100|[from] item: Leftovers
|upkeep
|turn|2
|
|t:|1757846800
|switch|p1a: Iron Crown|Iron Crown|100/100
|switch|p2a: Enamorus|Enamorus, F|100/100
|
|upkeep
|turn|3
|
|t:|1757846804
|switch|p2a: Rotom|Rotom-Wash|100/100
|move|p1a: Iron Crown|Volt Switch|p2a: Rotom
|-damage|p2a: Rotom|77/100
|
|t:|1757846845
|-end|p1a: Iron Crown|Quark Drive|[silent]
|switch|p1a: Great Tusk|Great Tusk|100/100|[from] Volt Switch
|
|upkeep
|turn|4
|
|t:|1757846848
|-end|p1a: Great Tusk|Protosynthesis|[silent]
|switch|p1a: Ogerpon|Ogerpon-Wellspring, F|100/100
|move|p2a: Rotom|Hydro Pump|p1a: Ogerpon
|-immune|p1a: Ogerpon|[from] ability: Water Absorb
|
|upkeep
|turn|5
|
|t:|1757846856
|switch|p2a: Garganacl|Garganacl, F|17/100
|move|p1a: Ogerpon|U-turn|p2a: Garganacl
|-damage|p2a: Garganacl|0 fnt
|faint|p2a: Garganacl
|
|t:|1757846860
|switch|p1a: Iron Crown|Iron Crown|100/100|[from] U-turn
|
|upkeep
|
|t:|1757846865
|switch|p2a: Tornadus|Tornadus-Therian, M|100/100
|turn|6
|
|t:|1757846871
|-end|p1a: Iron Crown|Quark Drive|[silent]
|switch|p1a: Darkrai|Darkrai|100/100
|move|p2a: Tornadus|Knock Off|p1a: Darkrai
|-resisted|p1a: Darkrai
|-damage|p1a: Darkrai|89/100
|-enditem|p1a: Darkrai|Leftovers|[from] move: Knock Off|[of] p2a: Tornadus
|
|upkeep
|turn|7
|
|t:|1757846879
|move|p1a: Darkrai|Will-O-Wisp|p2a: Tornadus|[miss]
|-miss|p1a: Darkrai|p2a: Tornadus
|move|p2a: Tornadus|U-turn|p1a: Darkrai
|-supereffective|p1a: Darkrai
|-damage|p1a: Darkrai|58/100
|
|t:|1757846885
|switch|p2a: Rotom|Rotom-Wash|77/100|[from] U-turn
|
|upkeep
|turn|8
|
|t:|1757846887
|move|p2a: Rotom|Volt Switch|p1a: Darkrai
|-damage|p1a: Darkrai|31/100
|
|t:|1757846889
|switch|p2a: Tornadus|Tornadus-Therian, M|100/100|[from] Volt Switch
|move|p1a: Darkrai|Dark Pulse|p2a: Tornadus
|-damage|p2a: Tornadus|72/100
|
|upkeep
|turn|9
|
|t:|1757846892
|move|p1a: Darkrai|Will-O-Wisp|p2a: Tornadus
|-status|p2a: Tornadus|brn
|move|p2a: Tornadus|U-turn|p1a: Darkrai
|-supereffective|p1a: Darkrai
|-damage|p1a: Darkrai|17/100
|
|t:|1757846893
|switch|p2a: Rotom|Rotom-Wash|77/100|[from] U-turn
|
|upkeep
|turn|10
|
|t:|1757846897
|move|p2a: Rotom|Hydro Pump|p1a: Darkrai
|-damage|p1a: Darkrai|0 fnt
|faint|p1a: Darkrai
|
|upkeep
|
|t:|1757846901
|switch|p1a: Ogerpon|Ogerpon-Wellspring, F|100/100
|turn|11
|
|t:|1757846904
|switch|p2a: Weezing|Weezing-Galar, F|100/100
|-ability|p2a: Weezing|Neutralizing Gas
|move|p1a: Ogerpon|U-turn|p2a: Weezing
|-resisted|p2a: Weezing
|-damage|p2a: Weezing|96/100
|
|t:|1757846907
|switch|p1a: Iron Crown|Iron Crown|100/100|[from] U-turn
|
|upkeep
|turn|12
|
|t:|1757846911
|-end|p2a: Weezing|ability: Neutralizing Gas
|switch|p2a: Gholdengo|Gholdengo|100/100
|move|p1a: Iron Crown|Volt Switch|p2a: Gholdengo
|-damage|p2a: Gholdengo|83/100
|
|t:|1757846914
|-end|p1a: Iron Crown|Quark Drive|[silent]
|switch|p1a: Great Tusk|Great Tusk|100/100|[from] Volt Switch
|
|upkeep
|turn|13
|
|t:|1757846918
|move|p1a: Great Tusk|Stealth Rock|p2a: Gholdengo
|-sidestart|p2: soap devourer|move: Stealth Rock
|move|p2a: Gholdengo|Make It Rain|p1a: Great Tusk
|-damage|p1a: Great Tusk|22/100
|-unboost|p2a: Gholdengo|spa|1
|
|upkeep
|turn|14
|
|t:|1757846922
|switch|p2a: Enamorus|Enamorus, F|100/100
|move|p1a: Great Tusk|Ice Spinner|p2a: Enamorus
|-supereffective|p2a: Enamorus
|-damage|p2a: Enamorus|17/100
|
|upkeep
|turn|15
|
|t:|1757846926
|-end|p1a: Great Tusk|Protosynthesis|[silent]
|switch|p1a: Iron Crown|Iron Crown|100/100
|move|p2a: Enamorus|Moonblast|p1a: Iron Crown
|-resisted|p1a: Iron Crown
|-damage|p1a: Iron Crown|85/100
|
|upkeep
|turn|16
|
|t:|1757846930
|move|p2a: Enamorus|Earth Power|p1a: Iron Crown
|-supereffective|p1a: Iron Crown
|-damage|p1a: Iron Crown|44/100
|move|p1a: Iron Crown|Volt Switch|p2a: Enamorus
|-supereffective|p2a: Enamorus
|-damage|p2a: Enamorus|0 fnt
|faint|p2a: Enamorus
|
|t:|1757846933
|-end|p1a: Iron Crown|Quark Drive|[silent]
|switch|p1a: Dragapult|Dragapult, M|83/100|[from] Volt Switch
|
|upkeep
|
|t:|1757846945
|switch|p2a: Rotom|Rotom-Wash|77/100
|-damage|p2a: Rotom|65/100|[from] Stealth Rock
|turn|17
|
|t:|1757846958
|move|p2a: Rotom|Hydro Pump|p1a: Dragapult
|-resisted|p1a: Dragapult
|-damage|p1a: Dragapult|55/100
|move|p1a: Dragapult|Shadow Ball|p2a: Rotom
|-damage|p2a: Rotom|10/100
|-unboost|p2a: Rotom|spd|1
|
|upkeep
|turn|18
|
|t:|1757846962
|move|p2a: Rotom|Hydro Pump|p1a: Dragapult
|-resisted|p1a: Dragapult
|-damage|p1a: Dragapult|27/100
|move|p1a: Dragapult|Shadow Ball|p2a: Rotom
|-damage|p2a: Rotom|0 fnt
|faint|p2a: Rotom
|
|upkeep
|
|t:|1757846967
|switch|p2a: Tornadus|Tornadus-Therian, M|100/100 brn
|-damage|p2a: Tornadus|76/100 brn|[from] Stealth Rock
|turn|19
|
|t:|1757846971
|switch|p1a: Great Tusk|Great Tusk|22/100
|move|p2a: Tornadus|Knock Off|p1a: Great Tusk
|-resisted|p1a: Great Tusk
|-damage|p1a: Great Tusk|18/100
|-enditem|p1a: Great Tusk|Heavy-Duty Boots|[from] move: Knock Off|[of] p2a: Tornadus
|
|-damage|p2a: Tornadus|69/100 brn|[from] brn
|upkeep
|turn|20
|
|t:|1757846977
|move|p2a: Tornadus|Heat Wave|p1a: Great Tusk|[miss]
|-miss|p2a: Tornadus|p1a: Great Tusk
|move|p1a: Great Tusk|Ice Spinner|p2a: Tornadus
|-supereffective|p2a: Tornadus
|-damage|p2a: Tornadus|0 fnt
|faint|p2a: Tornadus
|
|upkeep
|-message|soap devourer forfeited.
|
|win|ABraviousTinkaton
|raw|ABraviousTinkaton's rating: 1590 &rarr; <strong>1607</strong><br />(+17 for winning)
|raw|soap devourer's rating: 1538 &rarr; <strong>1521</strong><br />(-17 for losing)
|l|☆soap devourer
|player|p2|
|l|☆ABraviousTinkaton
|player|p1|
