|j|☆LT02
|j|☆Jirachi75
|t:|1757929646
|gametype|singles
|player|p1|LT02|101|1336
|player|p2|Jirachi75|169|1364
|gen|9
|tier|[Gen 9] OU
|rated|
|rule|HP Percentage Mod: HP is shown in percentages
|rule|Endless Battle Clause: Forcing endless battles is banned
|rule|Species Clause: Limit one of each Pokémon
|rule|OHKO Clause: OHKO moves are banned
|rule|Evasion Items Clause: Evasion items are banned
|rule|Evasion Moves Clause: Evasion moves are banned
|rule|Evasion Abilities Clause: Evasion abilities are banned
|rule|Sleep Moves Clause: Sleep-inducing moves are banned
|clearpoke
|poke|p1|Porygon-Z|
|poke|p1|Rillaboom, F|
|poke|p1|Iron Moth|
|poke|p1|Great Tusk|
|poke|p1|Alomomola, F|
|poke|p1|Kingambit, F|
|poke|p2|Whimsicott, F|
|poke|p2|Alomomola, F|
|poke|p2|Kyurem|
|poke|p2|Great Tusk|
|poke|p2|Slowking-Galar, F|
|poke|p2|Arcanine-Hisui, M|
|teampreview
|inactive|Battle timer is ON: inactive players will automatically lose when time's up. (requested by LT02)
|inactive|Jirachi75 has 120 seconds left.
|
|t:|1757929688
|teamsize|p1|6
|teamsize|p2|6
|start
|switch|p1a: Porygon-Z|Porygon-Z|100/100
|switch|p2a: Arcanine|Arcanine-Hisui, M|100/100
|-ability|p1a: Porygon-Z|Download|boost
|-boost|p1a: Porygon-Z|spa|1
|turn|1
|
|t:|1757929700
|switch|p1a: Great Tusk|Great Tusk|100/100
|move|p2a: Arcanine|Flare Blitz|p1a: Great Tusk
|-damage|p1a: Great Tusk|58/100
|
|upkeep
|turn|2
|
|t:|1757929706
|switch|p2a: Great Tusk|Great Tusk|100/100
|-end|p1a: Great Tusk|Protosynthesis|[silent]
|switch|p1a: Alomomola|Alomomola, F|100/100
|
|upkeep
|turn|3
|
|t:|1757929712
|move|p2a: Great Tusk|Knock Off|p1a: Alomomola
|-damage|p1a: Alomomola|84/100
|-damage|p2a: Great Tusk|84/100|[from] item: Rocky Helmet|[of] p1a: Alomomola
|-enditem|p1a: Alomomola|Rocky Helmet|[from] move: Knock Off|[of] p2a: Great Tusk
|move|p1a: Alomomola|Flip Turn|p2a: Great Tusk
|-supereffective|p2a: Great Tusk
|-damage|p2a: Great Tusk|69/100
|-damage|p1a: Alomomola|67/100|[from] item: Rocky Helmet|[of] p2a: Great Tusk
|
|t:|1757929715
|switch|p1a: Porygon-Z|Porygon-Z|100/100|[from] Flip Turn
|-ability|p1a: Porygon-Z|Download|boost
|-boost|p1a: Porygon-Z|spa|1
|
|upkeep
|turn|4
|
|t:|1757929731
|-end|p2a: Great Tusk|Protosynthesis|[silent]
|switch|p2a: Slowking|Slowking-Galar, F|100/100
|move|p1a: Porygon-Z|Tri Attack|p2a: Slowking
|-damage|p2a: Slowking|46/100
|
|upkeep
|turn|5
|
|t:|1757929742
|switch|p2a: Alomomola|Alomomola, F|100/100
|move|p1a: Porygon-Z|Tri Attack|p2a: Alomomola
|-damage|p2a: Alomomola|21/100
|
|upkeep
|turn|6
|
|t:|1757929749
|move|p2a: Alomomola|Protect|p2a: Alomomola
|-singleturn|p2a: Alomomola|Protect
|move|p1a: Porygon-Z|Tri Attack|p2a: Alomomola
|-activate|p2a: Alomomola|move: Protect
|
|upkeep
|turn|7
|
|t:|1757929756
|switch|p2a: Arcanine|Arcanine-Hisui, M|100/100
|move|p1a: Porygon-Z|Tri Attack|p2a: Arcanine
|-resisted|p2a: Arcanine
|-damage|p2a: Arcanine|38/100
|
|upkeep
|turn|8
|
|t:|1757929764
|switch|p1a: Alomomola|Alomomola, F|100/100
|move|p2a: Arcanine|Flare Blitz|p1a: Alomomola
|-resisted|p1a: Alomomola
|-damage|p1a: Alomomola|84/100
|
|upkeep
|turn|9
|
|t:|1757929773
|switch|p2a: Kyurem|Kyurem|100/100
|-ability|p2a: Kyurem|Pressure
|move|p1a: Alomomola|Flip Turn|p2a: Kyurem
|-resisted|p2a: Kyurem
|-damage|p2a: Kyurem|93/100
|
|t:|1757929782
|switch|p1a: Kingambit|Kingambit, F|100/100|[from] Flip Turn
|
|upkeep
|turn|10
|
|t:|1757929789
|-terastallize|p2a: Kyurem|Ground
|move|p2a: Kyurem|Earth Power|p1a: Kingambit
|-supereffective|p1a: Kingambit
|-damage|p1a: Kingambit|1/100
|move|p1a: Kingambit|Iron Head|p2a: Kyurem
|-damage|p2a: Kyurem|45/100
|
|upkeep
|turn|11
|
|t:|1757929799
|switch|p2a: Great Tusk|Great Tusk|69/100
|-end|p1a: Kingambit|fallenundefined|[silent]
|switch|p1a: Rillaboom|Rillaboom, F|100/100
|-fieldstart|move: Grassy Terrain|[from] ability: Grassy Surge|[of] p1a: Rillaboom
|
|-heal|p2a: Great Tusk|75/100|[from] Grassy Terrain
|upkeep
|turn|12
|
|t:|1757929816
|-end|p2a: Great Tusk|Protosynthesis|[silent]
|switch|p2a: Slowking|Slowking-Galar, F|79/100
|move|p1a: Rillaboom|Grassy Glide|p2a: Slowking
|-resisted|p2a: Slowking
|-damage|p2a: Slowking|47/100
|
|-heal|p2a: Slowking|53/100|[from] Grassy Terrain
|upkeep
|turn|13
|
|t:|1757929826
|switch|p1a: Great Tusk|Great Tusk|58/100
|-prepare|p2a: Slowking|Chilly Reception|[premajor]
|move|p2a: Slowking|Chilly Reception|p2a: Slowking
|-weather|Snowscape
|
|t:|1757929834
|switch|p2a: Alomomola|Alomomola, F|54/100|[from] Chilly Reception
|
|-weather|Snowscape|[upkeep]
|-heal|p1a: Great Tusk|64/100|[from] Grassy Terrain
|-heal|p2a: Alomomola|61/100|[from] Grassy Terrain
|upkeep
|turn|14
|
|t:|1757929839
|move|p1a: Great Tusk|Stealth Rock|p2a: Alomomola
|-sidestart|p2: Jirachi75|move: Stealth Rock
|move|p2a: Alomomola|Flip Turn|p1a: Great Tusk
|-supereffective|p1a: Great Tusk
|-damage|p1a: Great Tusk|40/100
|
|t:|1757929845
|switch|p2a: Great Tusk|Great Tusk|75/100|[from] Flip Turn
|-damage|p2a: Great Tusk|72/100|[from] Stealth Rock
|
|-weather|Snowscape|[upkeep]
|-heal|p1a: Great Tusk|47/100|[from] Grassy Terrain
|-heal|p2a: Great Tusk|78/100|[from] Grassy Terrain
|upkeep
|turn|15
|
|t:|1757929855
|move|p1a: Great Tusk|Ice Spinner|p2a: Great Tusk
|-supereffective|p2a: Great Tusk
|-damage|p2a: Great Tusk|53/100
|-damage|p1a: Great Tusk|30/100|[from] item: Rocky Helmet|[of] p2a: Great Tusk
|-fieldend|move: Grassy Terrain
|move|p2a: Great Tusk|Rapid Spin|p1a: Great Tusk
|-crit|p1a: Great Tusk
|-damage|p1a: Great Tusk|15/100
|-boost|p2a: Great Tusk|spe|1
|-sideend|p2: Jirachi75|Stealth Rock|[from] move: Rapid Spin|[of] p2a: Great Tusk
|
|-weather|Snowscape|[upkeep]
|upkeep
|turn|16
|
|t:|1757929864
|-end|p1a: Great Tusk|Protosynthesis|[silent]
|switch|p1a: Alomomola|Alomomola, F|100/100
|move|p2a: Great Tusk|Rapid Spin|p1a: Alomomola
|-damage|p1a: Alomomola|92/100
|-boost|p2a: Great Tusk|spe|1
|
|-weather|Snowscape|[upkeep]
|upkeep
|turn|17
|
|t:|1757929874
|move|p2a: Great Tusk|Body Press|p1a: Alomomola
|-damage|p1a: Alomomola|69/100
|move|p1a: Alomomola|Flip Turn|p2a: Great Tusk
|-supereffective|p2a: Great Tusk
|-damage|p2a: Great Tusk|37/100
|-damage|p1a: Alomomola|52/100|[from] item: Rocky Helmet|[of] p2a: Great Tusk
|
|t:|1757929881
|switch|p1a: Rillaboom|Rillaboom, F|100/100|[from] Flip Turn
|-fieldstart|move: Grassy Terrain|[from] ability: Grassy Surge|[of] p1a: Rillaboom
|
|-weather|none
|-heal|p2a: Great Tusk|43/100|[from] Grassy Terrain
|upkeep
|turn|18
|
|t:|1757929890
|-end|p2a: Great Tusk|Protosynthesis|[silent]
|switch|p2a: Slowking|Slowking-Galar, F|87/100
|move|p1a: Rillaboom|Knock Off|p2a: Slowking
|-supereffective|p2a: Slowking
|-damage|p2a: Slowking|0 fnt
|-enditem|p2a: Slowking|Heavy-Duty Boots|[from] move: Knock Off|[of] p1a: Rillaboom
|faint|p2a: Slowking
|
|upkeep
|
|t:|1757929899
|switch|p2a: Arcanine|Arcanine-Hisui, M|38/100
|turn|19
|
|t:|1757929903
|switch|p1a: Alomomola|Alomomola, F|86/100
|move|p2a: Arcanine|Head Smash|p1a: Alomomola
|-damage|p1a: Alomomola|42/100
|
|-heal|p2a: Arcanine|44/100|[from] Grassy Terrain
|-heal|p1a: Alomomola|48/100|[from] Grassy Terrain
|upkeep
|turn|20
|
|t:|1757929915
|switch|p2a: Alomomola|Alomomola, F|94/100
|move|p1a: Alomomola|Protect||[still]
|-fail|p1a: Alomomola
|
|-heal|p2a: Alomomola|99/100|[from] Grassy Terrain
|-heal|p1a: Alomomola|54/100|[from] Grassy Terrain
|upkeep
|turn|21
|
|t:|1757929922
|move|p2a: Alomomola|Flip Turn|p1a: Alomomola
|-resisted|p1a: Alomomola
|-damage|p1a: Alomomola|50/100
|
|t:|1757929928
|switch|p2a: Farfi|Whimsicott, F|100/100|[from] Flip Turn
|move|p1a: Alomomola|Wish|p1a: Alomomola
|
|-heal|p1a: Alomomola|56/100|[from] Grassy Terrain
|-fieldend|move: Grassy Terrain
|upkeep
|turn|22
|
|t:|1757929937
|switch|p1a: Iron Moth|Iron Moth|100/100
|move|p2a: Farfi|Encore||[still]
|-fail|p2a: Farfi
|
|upkeep
|turn|23
|
|t:|1757929955
|move|p1a: Iron Moth|Sludge Wave|p2a: Farfi
|-supereffective|p2a: Farfi
|-damage|p2a: Farfi|0 fnt
|faint|p2a: Farfi
|
|upkeep
|
|t:|1757929961
|switch|p2a: Arcanine|Arcanine-Hisui, M|44/100
|turn|24
|
|t:|1757929969
|-end|p1a: Iron Moth|Quark Drive|[silent]
|switch|p1a: Alomomola|Alomomola, F|89/100
|move|p2a: Arcanine|Head Smash|p1a: Alomomola
|-damage|p1a: Alomomola|47/100
|
|upkeep
|turn|25
|
|t:|1757929979
|switch|p1a: Rillaboom|Rillaboom, F|100/100
|-fieldstart|move: Grassy Terrain|[from] ability: Grassy Surge|[of] p1a: Rillaboom
|move|p2a: Arcanine|Head Smash|p1a: Rillaboom
|-damage|p1a: Rillaboom|20/100
|
|-heal|p2a: Arcanine|50/100|[from] Grassy Terrain
|-heal|p1a: Rillaboom|26/100|[from] Grassy Terrain
|upkeep
|turn|26
|
|t:|1757929990
|-terastallize|p1a: Rillaboom|Grass
|move|p1a: Rillaboom|Grassy Glide|p2a: Arcanine
|-damage|p2a: Arcanine|0 fnt
|faint|p2a: Arcanine
|
|-heal|p1a: Rillaboom|32/100|[from] Grassy Terrain
|upkeep
|-message|Jirachi75 forfeited.
|
|win|LT02
|raw|LT02's rating: 1336 &rarr; <strong>1358</strong><br />(+22 for winning)
|raw|Jirachi75's rating: 1364 &rarr; <strong>1342</strong><br />(-22 for losing)
|l|☆Jirachi75
|player|p2|
|l|☆LT02
|player|p1|
