|j|☆Carpe Toadem
|j|☆jelynfish
|t:|1757917952
|gametype|singles
|player|p1|Carpe Toadem|blue|1374
|player|p2|jelynfish|miku-ghost|1387
|gen|9
|tier|[Gen 9] OU
|rated|
|rule|HP Percentage Mod: HP is shown in percentages
|rule|Endless Battle Clause: Forcing endless battles is banned
|rule|Species Clause: Limit one of each Pokémon
|rule|OHKO Clause: OHKO moves are banned
|rule|Evasion Items Clause: Evasion items are banned
|rule|Evasion Moves Clause: Evasion moves are banned
|rule|Evasion Abilities Clause: Evasion abilities are banned
|rule|Sleep Moves Clause: Sleep-inducing moves are banned
|clearpoke
|poke|p1|Sinistcha|
|poke|p1|Kingambit, M|
|poke|p1|Darkrai|
|poke|p1|Dragapult, M|
|poke|p1|Conkeldurr, M|
|poke|p1|Ninetales-Alola, M|
|poke|p2|Iron Hands|
|poke|p2|Rillaboom, F|
|poke|p2|Heatran, F|
|poke|p2|Kyurem|
|poke|p2|Great Tusk|
|poke|p2|Tornadus-Therian, M|
|teampreview
|inactive|Battle timer is ON: inactive players will automatically lose when time's up. (requested by Carpe Toadem)
|
|t:|1757917961
|teamsize|p1|6
|teamsize|p2|6
|start
|switch|p1a: Dragapult|Dragapult, M|100/100
|switch|p2a: Heatran|Heatran, F|100/100
|turn|1
|
|t:|1757917965
|move|p1a: Dragapult|U-turn|p2a: Heatran
|-resisted|p2a: Heatran
|-damage|p2a: Heatran|97/100
|
|t:|1757917968
|switch|p1a: Conkeldurr|Conkeldurr, M|100/100|[from] U-turn
|move|p2a: Heatran|Stealth Rock|p1a: Conkeldurr
|-sidestart|p1: Carpe Toadem|move: Stealth Rock
|
|-heal|p2a: Heatran|100/100|[from] item: Leftovers
|upkeep
|turn|2
|
|t:|1757917972
|switch|p2a: Tornadus|Tornadus-Therian, M|100/100
|move|p1a: Conkeldurr|Defog|p2a: Tornadus
|-unboost|p2a: Tornadus|evasion|1
|-sideend|p1: Carpe Toadem|Stealth Rock|[from] move: Defog|[of] p1a: Conkeldurr
|
|upkeep
|turn|3
|
|t:|1757917978
|switch|p1a: Kingambit|Kingambit, M|100/100
|move|p2a: Tornadus|U-turn|p1a: Kingambit
|-damage|p1a: Kingambit|87/100
|
|t:|1757917981
|switch|p2a: Iron Hands|Iron Hands|100/100|[from] U-turn
|
|-heal|p1a: Kingambit|93/100|[from] item: Leftovers
|upkeep
|turn|4
|
|t:|1757917986
|-end|p1a: Kingambit|fallenundefined|[silent]
|switch|p1a: Sinistcha|Sinistcha|100/100
|move|p2a: Iron Hands|Supercell Slam|p1a: Sinistcha
|-resisted|p1a: Sinistcha
|-damage|p1a: Sinistcha|81/100
|
|upkeep
|turn|5
|
|t:|1757917991
|-end|p2a: Iron Hands|Quark Drive|[silent]
|switch|p2a: Heatran|Heatran, F|100/100
|move|p1a: Sinistcha|Strength Sap|p2a: Heatran
|-unboost|p2a: Heatran|atk|1
|-heal|p1a: Sinistcha|100/100
|
|upkeep
|turn|6
|
|t:|1757917995
|move|p2a: Heatran|Magma Storm|p1a: Sinistcha
|-supereffective|p1a: Sinistcha
|-damage|p1a: Sinistcha|52/100
|-activate|p1a: Sinistcha|move: Magma Storm|[of] p2a: Heatran
|move|p1a: Sinistcha|Calm Mind|p1a: Sinistcha
|-boost|p1a: Sinistcha|spa|1
|-boost|p1a: Sinistcha|spd|1
|
|-damage|p1a: Sinistcha|40/100|[from] move: Magma Storm|[partiallytrapped]
|upkeep
|turn|7
|
|t:|1757917999
|move|p2a: Heatran|Taunt|p1a: Sinistcha
|-start|p1a: Sinistcha|move: Taunt
|move|p1a: Sinistcha|Shadow Ball|p2a: Heatran
|-damage|p2a: Heatran|71/100
|
|-heal|p2a: Heatran|77/100|[from] item: Leftovers
|-damage|p1a: Sinistcha|27/100|[from] move: Magma Storm|[partiallytrapped]
|upkeep
|turn|8
|
|t:|1757918003
|move|p2a: Heatran|Stealth Rock|p1a: Sinistcha
|-sidestart|p1: Carpe Toadem|move: Stealth Rock
|move|p1a: Sinistcha|Shadow Ball|p2a: Heatran
|-damage|p2a: Heatran|45/100
|
|-heal|p2a: Heatran|51/100|[from] item: Leftovers
|-damage|p1a: Sinistcha|15/100|[from] move: Magma Storm|[partiallytrapped]
|upkeep
|turn|9
|
|t:|1757918008
|move|p2a: Heatran|Magma Storm|p1a: Sinistcha|[miss]
|-miss|p2a: Heatran|p1a: Sinistcha
|move|p1a: Sinistcha|Shadow Ball|p2a: Heatran
|-damage|p2a: Heatran|21/100
|
|-heal|p2a: Heatran|27/100|[from] item: Leftovers
|-damage|p1a: Sinistcha|2/100|[from] move: Magma Storm|[partiallytrapped]
|-end|p1a: Sinistcha|move: Taunt
|upkeep
|turn|10
|
|t:|1757918013
|move|p2a: Heatran|Earth Power|p1a: Sinistcha
|-resisted|p1a: Sinistcha
|-damage|p1a: Sinistcha|0 fnt
|faint|p1a: Sinistcha
|
|-heal|p2a: Heatran|33/100|[from] item: Leftovers
|upkeep
|
|t:|1757918017
|switch|p1a: Conkeldurr|Conkeldurr, M|100/100
|-damage|p1a: Conkeldurr|94/100|[from] Stealth Rock
|turn|11
|
|t:|1757918035
|move|p2a: Heatran|Magma Storm|p1a: Conkeldurr|[miss]
|-miss|p2a: Heatran|p1a: Conkeldurr
|move|p1a: Conkeldurr|Knock Off|p2a: Heatran
|-damage|p2a: Heatran|3/100
|-enditem|p2a: Heatran|Leftovers|[from] move: Knock Off|[of] p1a: Conkeldurr
|
|-heal|p1a: Conkeldurr|100/100|[from] item: Leftovers
|upkeep
|turn|12
|
|t:|1757918040
|switch|p2a: Tornadus|Tornadus-Therian, M|100/100
|move|p1a: Conkeldurr|Mach Punch|p2a: Tornadus
|-resisted|p2a: Tornadus
|-damage|p2a: Tornadus|83/100
|
|upkeep
|turn|13
|
|t:|1757918044
|switch|p1a: Kingambit|Kingambit, M|93/100
|-damage|p1a: Kingambit|87/100|[from] Stealth Rock
|-activate|p1a: Kingambit|ability: Supreme Overlord
|-start|p1a: Kingambit|fallen1|[silent]
|move|p2a: Tornadus|Heat Wave|p1a: Kingambit
|-supereffective|p1a: Kingambit
|-damage|p1a: Kingambit|0 fnt
|faint|p1a: Kingambit
|-end|p1a: Kingambit|fallen1|[silent]
|
|upkeep
|
|t:|1757918047
|switch|p1a: Dragapult|Dragapult, M|100/100
|turn|14
|
|t:|1757918053
|switch|p2a: Heatran|Heatran, F|3/100
|move|p1a: Dragapult|Dragon Darts|p2a: Heatran
|-resisted|p2a: Heatran
|-damage|p2a: Heatran|0 fnt
|faint|p2a: Heatran
|
|upkeep
|
|t:|1757918058
|switch|p2a: Kyurem|Kyurem|100/100
|-ability|p2a: Kyurem|Pressure
|turn|15
|
|t:|1757918064
|switch|p1a: Ninetales|Ninetales-Alola, M|100/100
|-damage|p1a: Ninetales|76/100|[from] Stealth Rock
|-weather|Snowscape|[from] ability: Snow Warning|[of] p1a: Ninetales
|move|p2a: Kyurem|Ice Beam|p1a: Ninetales
|-resisted|p1a: Ninetales
|-damage|p1a: Ninetales|47/100
|
|-weather|Snowscape|[upkeep]
|upkeep
|turn|16
|
|t:|1757918071
|move|p2a: Kyurem|Ice Beam|p1a: Ninetales
|-resisted|p1a: Ninetales
|-damage|p1a: Ninetales|19/100
|move|p1a: Ninetales|Aurora Veil|p1a: Ninetales
|-sidestart|p1: Carpe Toadem|move: Aurora Veil
|
|-weather|Snowscape|[upkeep]
|upkeep
|turn|17
|
|t:|1757918076
|switch|p1a: Conkeldurr|Conkeldurr, M|100/100
|-damage|p1a: Conkeldurr|94/100|[from] Stealth Rock
|move|p2a: Kyurem|Ice Beam|p1a: Conkeldurr
|-damage|p1a: Conkeldurr|65/100
|-status|p1a: Conkeldurr|frz
|
|-weather|Snowscape|[upkeep]
|-heal|p1a: Conkeldurr|72/100 frz|[from] item: Leftovers
|upkeep
|turn|18
|
|t:|1757918080
|switch|p2a: Tornadus|Tornadus-Therian, M|100/100
|cant|p1a: Conkeldurr|frz
|
|-weather|Snowscape|[upkeep]
|-heal|p1a: Conkeldurr|78/100 frz|[from] item: Leftovers
|upkeep
|turn|19
|
|t:|1757918086
|switch|p1a: Darkrai|Darkrai|100/100
|move|p2a: Tornadus|Bleakwind Storm|p1a: Darkrai
|-damage|p1a: Darkrai|59/100
|
|-weather|none
|upkeep
|turn|20
|
|t:|1757918092
|move|p1a: Darkrai|Thunder Wave|p2a: Tornadus
|-status|p2a: Tornadus|par
|move|p2a: Tornadus|Bleakwind Storm|p1a: Darkrai|[miss]
|-miss|p2a: Tornadus|p1a: Darkrai
|
|upkeep
|turn|21
|
|t:|1757918096
|move|p1a: Darkrai|Ice Beam|p2a: Tornadus
|-supereffective|p2a: Tornadus
|-damage|p2a: Tornadus|16/100 par
|cant|p2a: Tornadus|par
|
|upkeep
|turn|22
|
|t:|1757918100
|switch|p2a: Kyurem|Kyurem|100/100
|-ability|p2a: Kyurem|Pressure
|move|p1a: Darkrai|Ice Beam|p2a: Kyurem
|-damage|p2a: Kyurem|69/100
|
|upkeep
|turn|23
|
|t:|1757918104
|move|p2a: Kyurem|Ice Beam|p1a: Darkrai
|-damage|p1a: Darkrai|24/100
|move|p1a: Darkrai|Thunder Wave|p2a: Kyurem
|-status|p2a: Kyurem|par
|
|-sideend|p1: Carpe Toadem|move: Aurora Veil
|upkeep
|turn|24
|
|t:|1757918109
|move|p1a: Darkrai|Dark Pulse|p2a: Kyurem
|-damage|p2a: Kyurem|30/100 par
|cant|p2a: Kyurem|flinch
|
|upkeep
|turn|25
|
|t:|1757918113
|move|p1a: Darkrai|Dark Pulse|p2a: Kyurem
|-damage|p2a: Kyurem|0 fnt
|faint|p2a: Kyurem
|
|upkeep
|
|t:|1757918116
|switch|p2a: Rillaboom|Rillaboom, F|100/100
|-fieldstart|move: Grassy Terrain|[from] ability: Grassy Surge|[of] p2a: Rillaboom
|turn|26
|
|t:|1757918119
|switch|p1a: Dragapult|Dragapult, M|100/100
|move|p2a: Rillaboom|Grassy Glide|p1a: Dragapult
|-resisted|p1a: Dragapult
|-damage|p1a: Dragapult|61/100
|
|-heal|p1a: Dragapult|67/100|[from] Grassy Terrain
|upkeep
|turn|27
|
|t:|1757918122
|switch|p2a: Tornadus|Tornadus-Therian, M|49/100 par
|move|p1a: Dragapult|Will-O-Wisp|p2a: Tornadus|[miss]
|-miss|p1a: Dragapult|p2a: Tornadus
|
|-heal|p1a: Dragapult|73/100|[from] Grassy Terrain
|upkeep
|turn|28
|
|t:|1757918125
|move|p1a: Dragapult|Hex|p2a: Tornadus
|-damage|p2a: Tornadus|0 fnt
|faint|p2a: Tornadus
|
|-heal|p1a: Dragapult|79/100|[from] Grassy Terrain
|upkeep
|
|t:|1757918150
|switch|p2a: Iron Hands|Iron Hands|100/100
|-enditem|p2a: Iron Hands|Grassy Seed
|-boost|p2a: Iron Hands|def|1|[from] item: Grassy Seed
|turn|29
|
|t:|1757918154
|move|p1a: Dragapult|Will-O-Wisp|p2a: Iron Hands
|-status|p2a: Iron Hands|brn
|move|p2a: Iron Hands|Swords Dance|p2a: Iron Hands
|-boost|p2a: Iron Hands|atk|2
|
|-heal|p1a: Dragapult|85/100|[from] Grassy Terrain
|-damage|p2a: Iron Hands|94/100 brn|[from] brn
|upkeep
|turn|30
|
|t:|1757918159
|move|p1a: Dragapult|Hex|p2a: Iron Hands
|-damage|p2a: Iron Hands|45/100 brn
|move|p2a: Iron Hands|Ice Punch|p1a: Dragapult
|-supereffective|p1a: Dragapult
|-damage|p1a: Dragapult|0 fnt
|faint|p1a: Dragapult
|
|-heal|p2a: Iron Hands|52/100 brn|[from] Grassy Terrain
|-damage|p2a: Iron Hands|45/100 brn|[from] brn
|-fieldend|move: Grassy Terrain
|upkeep
|
|t:|1757918165
|switch|p1a: Darkrai|Darkrai|24/100
|turn|31
|
|t:|1757918170
|move|p1a: Darkrai|Ice Beam|p2a: Iron Hands
|-damage|p2a: Iron Hands|19/100 brn
|move|p2a: Iron Hands|Drain Punch|p1a: Darkrai
|-supereffective|p1a: Darkrai
|-damage|p1a: Darkrai|0 fnt
|-heal|p2a: Iron Hands|27/100 brn|[from] drain|[of] p1a: Darkrai
|faint|p1a: Darkrai
|
|-damage|p2a: Iron Hands|20/100 brn|[from] brn
|upkeep
|
|t:|1757918173
|switch|p1a: Ninetales|Ninetales-Alola, M|19/100
|-damage|p1a: Ninetales|0 fnt|[from] Stealth Rock
|faint|p1a: Ninetales
|
|t:|1757918174
|switch|p1a: Conkeldurr|Conkeldurr, M|78/100 frz
|-damage|p1a: Conkeldurr|72/100 frz|[from] Stealth Rock
|turn|32
|
|t:|1757918179
|-terastallize|p1a: Conkeldurr|Fighting
|move|p2a: Iron Hands|Drain Punch|p1a: Conkeldurr
|-damage|p1a: Conkeldurr|33/100 frz
|-heal|p2a: Iron Hands|38/100 brn|[from] drain|[of] p1a: Conkeldurr
|cant|p1a: Conkeldurr|frz
|
|-heal|p1a: Conkeldurr|39/100 frz|[from] item: Leftovers
|-damage|p2a: Iron Hands|32/100 brn|[from] brn
|upkeep
|turn|33
|
|t:|1757918184
|move|p2a: Iron Hands|Drain Punch|p1a: Conkeldurr
|-damage|p1a: Conkeldurr|2/100 frz
|-heal|p2a: Iron Hands|49/100 brn|[from] drain|[of] p1a: Conkeldurr
|-curestatus|p1a: Conkeldurr|frz|[msg]
|move|p1a: Conkeldurr|Drain Punch|p2a: Iron Hands
|-damage|p2a: Iron Hands|18/100 brn
|-heal|p1a: Conkeldurr|19/100|[from] drain|[of] p2a: Iron Hands
|
|-heal|p1a: Conkeldurr|25/100|[from] item: Leftovers
|-damage|p2a: Iron Hands|12/100 brn|[from] brn
|upkeep
|turn|34
|
|t:|1757918187
|move|p1a: Conkeldurr|Mach Punch|p2a: Iron Hands
|-crit|p2a: Iron Hands
|-damage|p2a: Iron Hands|0 fnt
|faint|p2a: Iron Hands
|-end|p2a: Iron Hands|Quark Drive|[silent]
|
|-heal|p1a: Conkeldurr|31/100|[from] item: Leftovers
|upkeep
|
|t:|1757918189
|switch|p2a: Rillaboom|Rillaboom, F|100/100
|-fieldstart|move: Grassy Terrain|[from] ability: Grassy Surge|[of] p2a: Rillaboom
|turn|35
|
|t:|1757918191
|move|p2a: Rillaboom|Grassy Glide|p1a: Conkeldurr
|-damage|p1a: Conkeldurr|0 fnt
|faint|p1a: Conkeldurr
|
|win|jelynfish
|raw|Carpe Toadem's rating: 1374 &rarr; <strong>1355</strong><br />(-19 for losing)
|raw|jelynfish's rating: 1387 &rarr; <strong>1406</strong><br />(+19 for winning)
|l|☆jelynfish
|player|p2|
|c|☆Carpe Toadem|Gg
|l|☆Carpe Toadem
|player|p1|
