|j|☆Loolaman
|j|☆urrghh
|t:|1757941221
|gametype|singles
|player|p1|Loolaman|101|1319
|player|p2|urrghh|unknown|1385
|gen|9
|tier|[Gen 9] OU
|rated|
|rule|HP Percentage Mod: HP is shown in percentages
|rule|Endless Battle Clause: Forcing endless battles is banned
|rule|Species Clause: Limit one of each Pokémon
|rule|OHKO Clause: OHKO moves are banned
|rule|Evasion Items Clause: Evasion items are banned
|rule|Evasion Moves Clause: Evasion moves are banned
|rule|Evasion Abilities Clause: Evasion abilities are banned
|rule|Sleep Moves Clause: Sleep-inducing moves are banned
|clearpoke
|poke|p1|Skarmory, M|
|poke|p1|Pelipper, F|
|poke|p1|Ludicolo, M|
|poke|p1|Great Tusk|
|poke|p1|Goodra-Hisui, M|
|poke|p1|Zapdos|
|poke|p2|Ribombee, F|
|poke|p2|Primarina, F|
|poke|p2|Gholdengo|
|poke|p2|Great Tusk|
|poke|p2|Iron Moth|
|poke|p2|Dragonite, F|
|teampreview
|inactive|Battle timer is ON: inactive players will automatically lose when time's up. (requested by Loolaman)
|
|t:|1757941233
|teamsize|p1|6
|teamsize|p2|6
|start
|switch|p1a: Pelipper|Pelipper, F|100/100
|switch|p2a: Gholdengo|Gholdengo|100/100
|-weather|RainDance|[from] ability: Drizzle|[of] p1a: Pelipper
|turn|1
|
|t:|1757941238
|move|p2a: Gholdengo|Thunderbolt|p1a: Pelipper
|-supereffective|p1a: Pelipper
|-damage|p1a: Pelipper|0 fnt
|faint|p1a: Pelipper
|
|-weather|RainDance|[upkeep]
|upkeep
|
|t:|1757941245
|switch|p1a: Ludicolo|Ludicolo, M|100/100
|turn|2
|
|t:|1757941265
|-terastallize|p1a: Ludicolo|Water
|move|p1a: Ludicolo|Surf|p2a: Gholdengo
|-damage|p2a: Gholdengo|0 fnt
|faint|p2a: Gholdengo
|
|-weather|RainDance|[upkeep]
|upkeep
|inactive|urrghh has 120 seconds left.
|
|t:|1757941292
|switch|p2a: Ribombee|Ribombee, F|100/100
|turn|3
|
|t:|1757941297
|move|p1a: Ludicolo|Surf|p2a: Ribombee
|-enditem|p2a: Ribombee|Focus Sash
|-damage|p2a: Ribombee|1/100
|move|p2a: Ribombee|Skill Swap|p1a: Ludicolo
|-activate|p2a: Ribombee|move: Skill Swap|Swift Swim|Shield Dust|[of] p1a: Ludicolo
|
|-weather|RainDance|[upkeep]
|upkeep
|turn|4
|inactive|urrghh has 120 seconds left.
|
|t:|1757941308
|move|p2a: Ribombee|Moonblast|p1a: Ludicolo
|-crit|p1a: Ludicolo
|-damage|p1a: Ludicolo|34/100
|move|p1a: Ludicolo|Surf|p2a: Ribombee
|-damage|p2a: Ribombee|0 fnt
|faint|p2a: Ribombee
|
|-weather|RainDance|[upkeep]
|upkeep
|inactive|urrghh has 120 seconds left.
|
|t:|1757941324
|switch|p2a: Iron Moth|Iron Moth|100/100
|-enditem|p2a: Iron Moth|Booster Energy
|-activate|p2a: Iron Moth|ability: Quark Drive|[fromitem]
|-start|p2a: Iron Moth|quarkdrivespe
|turn|5
|
|t:|1757941326
|move|p2a: Iron Moth|Sludge Wave|p1a: Ludicolo
|-damage|p1a: Ludicolo|0 fnt
|faint|p1a: Ludicolo
|
|-weather|RainDance|[upkeep]
|upkeep
|
|t:|1757941331
|switch|p1a: Great Tusk|Great Tusk|100/100
|turn|6
|
|t:|1757941337
|move|p2a: Iron Moth|Dazzling Gleam|p1a: Great Tusk
|-supereffective|p1a: Great Tusk
|-damage|p1a: Great Tusk|25/100
|move|p1a: Great Tusk|Knock Off|p2a: Iron Moth
|-damage|p2a: Iron Moth|73/100
|
|-weather|RainDance|[upkeep]
|-heal|p1a: Great Tusk|32/100|[from] item: Leftovers
|upkeep
|turn|7
|
|t:|1757941342
|-end|p1a: Great Tusk|Protosynthesis|[silent]
|switch|p1a: Goodra|Goodra-Hisui, M|100/100
|move|p2a: Iron Moth|Dazzling Gleam|p1a: Goodra
|-damage|p1a: Goodra|88/100
|
|-weather|RainDance|[upkeep]
|upkeep
|turn|8
|
|t:|1757941347
|move|p2a: Iron Moth|Fiery Dance|p1a: Goodra
|-damage|p1a: Goodra|78/100
|move|p1a: Goodra|Earthquake|p2a: Iron Moth
|-supereffective|p2a: Iron Moth
|-damage|p2a: Iron Moth|0 fnt
|faint|p2a: Iron Moth
|-end|p2a: Iron Moth|Quark Drive|[silent]
|
|-weather|none
|upkeep
|
|t:|1757941355
|switch|p2a: Great Tusk|Great Tusk|100/100
|-enditem|p2a: Great Tusk|Booster Energy
|-activate|p2a: Great Tusk|ability: Protosynthesis|[fromitem]
|-start|p2a: Great Tusk|protosynthesisatk
|turn|9
|
|t:|1757941363
|switch|p1a: Zapdos|Zapdos|100/100
|move|p2a: Great Tusk|Bulk Up|p2a: Great Tusk
|-boost|p2a: Great Tusk|atk|1
|-boost|p2a: Great Tusk|def|1
|
|upkeep
|turn|10
|
|t:|1757941367
|move|p2a: Great Tusk|Stone Edge|p1a: Zapdos
|-supereffective|p1a: Zapdos
|-damage|p1a: Zapdos|0 fnt
|faint|p1a: Zapdos
|
|upkeep
|
|t:|1757941372
|switch|p1a: Skarmory|Skarmory, M|100/100
|turn|11
|
|t:|1757941377
|move|p2a: Great Tusk|Bulk Up|p2a: Great Tusk
|-boost|p2a: Great Tusk|atk|1
|-boost|p2a: Great Tusk|def|1
|move|p1a: Skarmory|Hurricane|p2a: Great Tusk|[miss]
|-miss|p1a: Skarmory|p2a: Great Tusk
|
|upkeep
|turn|12
|
|t:|1757941381
|move|p2a: Great Tusk|Stone Edge|p1a: Skarmory
|-damage|p1a: Skarmory|50/100
|move|p1a: Skarmory|Hurricane|p2a: Great Tusk
|-supereffective|p2a: Great Tusk
|-damage|p2a: Great Tusk|42/100
|
|upkeep
|turn|13
|
|t:|1757941386
|move|p2a: Great Tusk|Stone Edge|p1a: Skarmory|[miss]
|-miss|p2a: Great Tusk|p1a: Skarmory
|move|p1a: Skarmory|Hurricane|p2a: Great Tusk
|-supereffective|p2a: Great Tusk
|-damage|p2a: Great Tusk|0 fnt
|faint|p2a: Great Tusk
|-end|p2a: Great Tusk|Protosynthesis|[silent]
|
|upkeep
|
|t:|1757941389
|switch|p2a: Primarina|Primarina, F|100/100
|turn|14
|
|t:|1757941393
|switch|p1a: Goodra|Goodra-Hisui, M|78/100
|move|p2a: Primarina|Surf|p1a: Goodra
|-resisted|p1a: Goodra
|-damage|p1a: Goodra|67/100
|
|upkeep
|turn|15
|
|t:|1757941397
|move|p2a: Primarina|Calm Mind|p2a: Primarina
|-boost|p2a: Primarina|spa|1
|-boost|p2a: Primarina|spd|1
|move|p1a: Goodra|Gyro Ball|p2a: Primarina
|-damage|p2a: Primarina|61/100
|
|-heal|p2a: Primarina|67/100|[from] item: Leftovers
|upkeep
|turn|16
|
|t:|1757941401
|move|p2a: Primarina|Moonblast|p1a: Goodra
|-damage|p1a: Goodra|36/100
|move|p1a: Goodra|Gyro Ball|p2a: Primarina
|-damage|p2a: Primarina|30/100
|
|-heal|p2a: Primarina|36/100|[from] item: Leftovers
|upkeep
|turn|17
|
|t:|1757941407
|move|p2a: Primarina|Moonblast|p1a: Goodra
|-damage|p1a: Goodra|2/100
|move|p1a: Goodra|Gyro Ball|p2a: Primarina
|-damage|p2a: Primarina|0 fnt
|faint|p2a: Primarina
|
|upkeep
|
|t:|1757941410
|switch|p2a: Dragonite|Dragonite, F|100/100
|turn|18
|
|t:|1757941418
|move|p2a: Dragonite|Fire Punch|p1a: Goodra
|-damage|p1a: Goodra|0 fnt
|faint|p1a: Goodra
|
|upkeep
|
|t:|1757941421
|switch|p1a: Great Tusk|Great Tusk|32/100
|turn|19
|
|t:|1757941425
|-terastallize|p2a: Dragonite|Flying
|move|p2a: Dragonite|Tera Blast|p1a: Great Tusk|[anim] Tera Blast Flying
|-supereffective|p1a: Great Tusk
|-damage|p1a: Great Tusk|0 fnt
|faint|p1a: Great Tusk
|-end|p1a: Great Tusk|Protosynthesis|[silent]
|
|upkeep
|
|t:|1757941429
|switch|p1a: Skarmory|Skarmory, M|50/100
|turn|20
|
|t:|1757941432
|move|p2a: Dragonite|Fire Punch|p1a: Skarmory
|-supereffective|p1a: Skarmory
|-damage|p1a: Skarmory|17/100
|move|p1a: Skarmory|Hurricane|p2a: Dragonite
|-damage|p2a: Dragonite|92/100
|
|upkeep
|turn|21
|
|t:|1757941437
|move|p2a: Dragonite|Fire Punch|p1a: Skarmory
|-supereffective|p1a: Skarmory
|-damage|p1a: Skarmory|0 fnt
|faint|p1a: Skarmory
|
|win|urrghh
|raw|Loolaman's rating: 1319 &rarr; <strong>1303</strong><br />(-16 for losing)
|raw|urrghh's rating: 1385 &rarr; <strong>1401</strong><br />(+16 for winning)
|l|☆Loolaman
|player|p1|
|l|☆urrghh
|player|p2|
