|j|☆Levazael
|j|☆cyberx0
|t:|1757830981
|gametype|singles
|player|p1|Levazael|ninjaboy|1061
|player|p2|cyberx0|2|1111
|gen|9
|tier|[Gen 9] OU
|rated|
|rule|HP Percentage Mod: HP is shown in percentages
|rule|Endless Battle Clause: Forcing endless battles is banned
|rule|Species Clause: Limit one of each Pokémon
|rule|OHKO Clause: OHKO moves are banned
|rule|Evasion Items Clause: Evasion items are banned
|rule|Evasion Moves Clause: Evasion moves are banned
|rule|Evasion Abilities Clause: Evasion abilities are banned
|rule|Sleep Moves Clause: Sleep-inducing moves are banned
|clearpoke
|poke|p1|Rotom-Wash|
|poke|p1|Clefable, F|
|poke|p1|Galvantula, F|
|poke|p1|Maushold-Four|
|poke|p1|Minior-Violet|
|poke|p1|Goodra-Hisui, F|
|poke|p2|Great Tusk|
|poke|p2|Gholdengo|
|poke|p2|Dragapult, M|
|poke|p2|Kingambit, F|
|poke|p2|Toxapex, M|
|poke|p2|Iron Valiant|
|teampreview
|
|t:|1757830987
|teamsize|p1|6
|teamsize|p2|6
|start
|switch|p1a: Minior|Minior-Violet, shiny|100/100
|switch|p2a: Great Tusk|Great Tusk|100/100
|-formechange|p1a: Minior|Minior-Meteor||[from] ability: Shields Down
|turn|1
|
|t:|1757830995
|move|p1a: Minior|Stealth Rock|p2a: Great Tusk
|-sidestart|p2: cyberx0|move: Stealth Rock
|move|p2a: Great Tusk|Ice Spinner|p1a: Minior
|-supereffective|p1a: Minior
|-damage|p1a: Minior|41/100
|-enditem|p1a: Minior|Red Card|[of] p2a: Great Tusk
|-end|p2a: Great Tusk|Protosynthesis|[silent]
|drag|p2a: Iron Valiant|Iron Valiant|100/100
|-damage|p2a: Iron Valiant|94/100|[from] Stealth Rock
|-enditem|p2a: Iron Valiant|Booster Energy
|-activate|p2a: Iron Valiant|ability: Quark Drive|[fromitem]
|-start|p2a: Iron Valiant|quarkdrivespe
|
|-formechange|p1a: Minior|Minior-Violet||[from] ability: Shields Down
|upkeep
|turn|2
|
|t:|1757831011
|move|p2a: Iron Valiant|Knock Off|p1a: Minior
|-damage|p1a: Minior|0 fnt
|faint|p1a: Minior
|
|upkeep
|
|t:|1757831022
|switch|p1a: Galvantula|Galvantula, F, shiny|100/100
|turn|3
|
|t:|1757831031
|move|p2a: Iron Valiant|Spirit Break|p1a: Galvantula
|-damage|p1a: Galvantula|23/100
|-unboost|p1a: Galvantula|spa|1
|move|p1a: Galvantula|Sticky Web|p2a: Iron Valiant
|-sidestart|p2: cyberx0|move: Sticky Web
|
|upkeep
|turn|4
|
|t:|1757831046
|move|p2a: Iron Valiant|Spirit Break|p1a: Galvantula
|-damage|p1a: Galvantula|0 fnt
|faint|p1a: Galvantula
|
|upkeep
|
|t:|1757831062
|switch|p1a: Battery|Rotom-Wash, shiny|100/100
|turn|5
|
|t:|1757831067
|move|p2a: Iron Valiant|Knock Off|p1a: Battery
|-damage|p1a: Battery|62/100
|-enditem|p1a: Battery|Salac Berry|[from] move: Knock Off|[of] p2a: Iron Valiant
|move|p1a: Battery|Will-O-Wisp|p2a: Iron Valiant
|-status|p2a: Iron Valiant|brn
|
|-damage|p2a: Iron Valiant|88/100 brn|[from] brn
|upkeep
|turn|6
|
|t:|1757831079
|move|p2a: Iron Valiant|Spirit Break|p1a: Battery
|-damage|p1a: Battery|41/100
|-unboost|p1a: Battery|spa|1
|move|p1a: Battery|Pain Split|p2a: Iron Valiant
|-sethp|p2a: Iron Valiant|65/100 brn|[from] move: Pain Split|[silent]
|-sethp|p1a: Battery|62/100|[from] move: Pain Split
|
|-damage|p2a: Iron Valiant|59/100 brn|[from] brn
|upkeep
|turn|7
|
|t:|1757831090
|move|p2a: Iron Valiant|Close Combat|p1a: Battery
|-damage|p1a: Battery|29/100
|-unboost|p2a: Iron Valiant|def|1
|-unboost|p2a: Iron Valiant|spd|1
|move|p1a: Battery|Hex|p2a: Iron Valiant
|-damage|p2a: Iron Valiant|0 fnt
|faint|p2a: Iron Valiant
|-end|p2a: Iron Valiant|Quark Drive|[silent]
|
|upkeep
|
|t:|1757831102
|switch|p2a: Dragapult|Dragapult, M|100/100
|-damage|p2a: Dragapult|88/100|[from] Stealth Rock
|-activate|p2a: Dragapult|move: Sticky Web
|-unboost|p2a: Dragapult|spe|1
|turn|8
|
|t:|1757831118
|move|p2a: Dragapult|U-turn|p1a: Battery
|-damage|p1a: Battery|9/100
|
|t:|1757831120
|switch|p2a: Toxapex|Toxapex, M|100/100|[from] U-turn
|-damage|p2a: Toxapex|88/100|[from] Stealth Rock
|-activate|p2a: Toxapex|move: Sticky Web
|-unboost|p2a: Toxapex|spe|1
|move|p1a: Battery|Hex|p2a: Toxapex
|-damage|p2a: Toxapex|76/100
|
|upkeep
|turn|9
|
|t:|1757831132
|move|p1a: Battery|Will-O-Wisp|p2a: Toxapex
|-status|p2a: Toxapex|brn
|move|p2a: Toxapex|Toxic|p1a: Battery
|-status|p1a: Battery|tox
|
|-damage|p1a: Battery|3/100 tox|[from] psn
|-damage|p2a: Toxapex|70/100 brn|[from] brn
|upkeep
|turn|10
|
|t:|1757831147
|move|p1a: Battery|Pain Split|p2a: Toxapex
|-sethp|p2a: Toxapex|37/100 brn|[from] move: Pain Split|[silent]
|-sethp|p1a: Battery|37/100 tox|[from] move: Pain Split
|move|p2a: Toxapex|Recover|p2a: Toxapex
|-heal|p2a: Toxapex|87/100 brn
|
|-damage|p1a: Battery|25/100 tox|[from] psn
|-damage|p2a: Toxapex|80/100 brn|[from] brn
|upkeep
|turn|11
|
|t:|1757831158
|move|p1a: Battery|Pain Split|p2a: Toxapex
|-sethp|p2a: Toxapex|52/100 brn|[from] move: Pain Split|[silent]
|-sethp|p1a: Battery|53/100 tox|[from] move: Pain Split
|move|p2a: Toxapex|Surf|p1a: Battery
|-resisted|p1a: Battery
|-damage|p1a: Battery|43/100 tox
|
|-damage|p1a: Battery|25/100 tox|[from] psn
|-damage|p2a: Toxapex|46/100 brn|[from] brn
|upkeep
|turn|12
|
|t:|1757831169
|move|p1a: Battery|Hex|p2a: Toxapex
|-damage|p2a: Toxapex|23/100 brn
|move|p2a: Toxapex|Surf|p1a: Battery
|-resisted|p1a: Battery
|-damage|p1a: Battery|16/100 tox
|
|-damage|p1a: Battery|0 fnt|[from] psn
|faint|p1a: Battery
|-damage|p2a: Toxapex|16/100 brn|[from] brn
|upkeep
|
|t:|1757831197
|switch|p1a: Mary|Clefable, F|100/100
|turn|13
|
|t:|1757831201
|move|p1a: Mary|Cosmic Power|p1a: Mary
|-boost|p1a: Mary|def|1
|-boost|p1a: Mary|spd|1
|move|p2a: Toxapex|Toxic|p1a: Mary
|-status|p1a: Mary|tox
|
|-damage|p2a: Toxapex|10/100 brn|[from] brn
|upkeep
|turn|14
|
|t:|1757831211
|move|p1a: Mary|Cosmic Power|p1a: Mary
|-boost|p1a: Mary|def|1
|-boost|p1a: Mary|spd|1
|move|p2a: Toxapex|Surf|p1a: Mary
|-damage|p1a: Mary|91/100 tox
|
|-damage|p2a: Toxapex|4/100 brn|[from] brn
|upkeep
|turn|15
|
|t:|1757831220
|move|p1a: Mary|Cosmic Power|p1a: Mary
|-boost|p1a: Mary|def|1
|-boost|p1a: Mary|spd|1
|move|p2a: Toxapex|Recover|p2a: Toxapex
|-heal|p2a: Toxapex|54/100 brn
|
|-damage|p2a: Toxapex|48/100 brn|[from] brn
|upkeep
|turn|16
|
|t:|1757831233
|move|p1a: Mary|Stored Power|p2a: Toxapex
|-supereffective|p2a: Toxapex
|-damage|p2a: Toxapex|0 fnt
|faint|p2a: Toxapex
|
|upkeep
|
|t:|1757831240
|switch|p2a: Gholdengo|Gholdengo|100/100
|-damage|p2a: Gholdengo|94/100|[from] Stealth Rock
|-activate|p2a: Gholdengo|move: Sticky Web
|-unboost|p2a: Gholdengo|spe|1
|turn|17
|
|t:|1757831248
|move|p1a: Mary|Cosmic Power|p1a: Mary
|-boost|p1a: Mary|def|1
|-boost|p1a: Mary|spd|1
|move|p2a: Gholdengo|Shadow Ball|p1a: Mary
|-damage|p1a: Mary|78/100 tox
|
|-heal|p2a: Gholdengo|100/100|[from] item: Leftovers
|upkeep
|turn|18
|
|t:|1757831270
|-terastallize|p1a: Mary|Normal
|move|p1a: Mary|Stored Power|p2a: Gholdengo
|-resisted|p2a: Gholdengo
|-damage|p2a: Gholdengo|84/100
|move|p2a: Gholdengo|Nasty Plot|p2a: Gholdengo
|-boost|p2a: Gholdengo|spa|2
|
|-heal|p2a: Gholdengo|90/100|[from] item: Leftovers
|upkeep
|turn|19
|
|t:|1757831283
|move|p1a: Mary|Stored Power|p2a: Gholdengo
|-resisted|p2a: Gholdengo
|-damage|p2a: Gholdengo|72/100
|move|p2a: Gholdengo|Make It Rain|p1a: Mary
|-damage|p1a: Mary|38/100 tox
|-unboost|p2a: Gholdengo|spa|1
|
|-heal|p2a: Gholdengo|79/100|[from] item: Leftovers
|upkeep
|turn|20
|
|t:|1757831296
|move|p1a: Mary|Cosmic Power|p1a: Mary
|-boost|p1a: Mary|def|1
|-boost|p1a: Mary|spd|1
|move|p2a: Gholdengo|Make It Rain|p1a: Mary
|-damage|p1a: Mary|12/100 tox
|-unboost|p2a: Gholdengo|spa|1
|
|-heal|p2a: Gholdengo|85/100|[from] item: Leftovers
|upkeep
|turn|21
|
|t:|1757831308
|move|p1a: Mary|Moonlight|p1a: Mary
|-heal|p1a: Mary|62/100 tox
|move|p2a: Gholdengo|Make It Rain|p1a: Mary
|-damage|p1a: Mary|45/100 tox
|-unboost|p2a: Gholdengo|spa|1
|
|-heal|p2a: Gholdengo|91/100|[from] item: Leftovers
|upkeep
|turn|22
|
|t:|1757831319
|move|p1a: Mary|Moonlight|p1a: Mary
|-heal|p1a: Mary|95/100 tox
|move|p2a: Gholdengo|Nasty Plot|p2a: Gholdengo
|-boost|p2a: Gholdengo|spa|2
|
|-heal|p2a: Gholdengo|97/100|[from] item: Leftovers
|upkeep
|turn|23
|
|t:|1757831329
|move|p1a: Mary|Cosmic Power|p1a: Mary
|-boost|p1a: Mary|def|1
|-boost|p1a: Mary|spd|1
|move|p2a: Gholdengo|Nasty Plot|p2a: Gholdengo
|-boost|p2a: Gholdengo|spa|2
|
|-heal|p2a: Gholdengo|100/100|[from] item: Leftovers
|upkeep
|turn|24
|
|t:|1757831340
|move|p1a: Mary|Chilling Water|p2a: Gholdengo
|-damage|p2a: Gholdengo|91/100
|-unboost|p2a: Gholdengo|atk|1
|move|p2a: Gholdengo|Make It Rain|p1a: Mary
|-damage|p1a: Mary|56/100 tox
|-unboost|p2a: Gholdengo|spa|1
|
|-heal|p2a: Gholdengo|97/100|[from] item: Leftovers
|upkeep
|turn|25
|
|t:|1757831352
|move|p1a: Mary|Chilling Water|p2a: Gholdengo
|-damage|p2a: Gholdengo|88/100
|-unboost|p2a: Gholdengo|atk|1
|move|p2a: Gholdengo|Make It Rain|p1a: Mary
|-damage|p1a: Mary|26/100 tox
|-unboost|p2a: Gholdengo|spa|1
|
|-heal|p2a: Gholdengo|94/100|[from] item: Leftovers
|upkeep
|turn|26
|
|t:|1757831363
|move|p1a: Mary|Moonlight|p1a: Mary
|-heal|p1a: Mary|76/100 tox
|move|p2a: Gholdengo|Nasty Plot|p2a: Gholdengo
|-boost|p2a: Gholdengo|spa|2
|
|-heal|p2a: Gholdengo|100/100|[from] item: Leftovers
|upkeep
|turn|27
|
|t:|1757831372
|move|p1a: Mary|Stored Power|p2a: Gholdengo
|-resisted|p2a: Gholdengo
|-damage|p2a: Gholdengo|76/100
|move|p2a: Gholdengo|Make It Rain|p1a: Mary
|-damage|p1a: Mary|43/100 tox
|-unboost|p2a: Gholdengo|spa|1
|
|-heal|p2a: Gholdengo|82/100|[from] item: Leftovers
|upkeep
|turn|28
|
|t:|1757831382
|move|p1a: Mary|Moonlight|p1a: Mary
|-heal|p1a: Mary|93/100 tox
|move|p2a: Gholdengo|Make It Rain|p1a: Mary
|-damage|p1a: Mary|65/100 tox
|-unboost|p2a: Gholdengo|spa|1
|
|-heal|p2a: Gholdengo|88/100|[from] item: Leftovers
|upkeep
|turn|29
|
|t:|1757831393
|move|p1a: Mary|Stored Power|p2a: Gholdengo
|-resisted|p2a: Gholdengo
|-damage|p2a: Gholdengo|67/100
|move|p2a: Gholdengo|Make It Rain|p1a: Mary
|-damage|p1a: Mary|44/100 tox
|-unboost|p2a: Gholdengo|spa|1
|
|-heal|p2a: Gholdengo|73/100|[from] item: Leftovers
|upkeep
|turn|30
|
|t:|1757831409
|move|p1a: Mary|Moonlight|p1a: Mary
|-heal|p1a: Mary|93/100 tox
|move|p2a: Gholdengo|Shadow Ball|p1a: Mary
|-immune|p1a: Mary
|
|-heal|p2a: Gholdengo|79/100|[from] item: Leftovers
|upkeep
|turn|31
|
|t:|1757831421
|switch|p2a: Kingambit|Kingambit, F|100/100
|-damage|p2a: Kingambit|94/100|[from] Stealth Rock
|-activate|p2a: Kingambit|move: Sticky Web
|-unboost|p2a: Kingambit|spe|1
|-activate|p2a: Kingambit|ability: Supreme Overlord
|-start|p2a: Kingambit|fallen2|[silent]
|move|p1a: Mary|Stored Power|p2a: Kingambit
|-immune|p2a: Kingambit
|
|upkeep
|turn|32
|
|t:|1757831431
|move|p1a: Mary|Chilling Water|p2a: Kingambit
|-damage|p2a: Kingambit|82/100
|-unboost|p2a: Kingambit|atk|1
|move|p2a: Kingambit|Kowtow Cleave|p1a: Mary
|-damage|p1a: Mary|83/100 tox
|
|upkeep
|turn|33
|
|t:|1757831440
|move|p2a: Kingambit|Sucker Punch|p1a: Mary
|-damage|p1a: Mary|73/100 tox
|move|p1a: Mary|Chilling Water|p2a: Kingambit
|-damage|p2a: Kingambit|69/100
|-unboost|p2a: Kingambit|atk|1
|
|upkeep
|turn|34
|
|t:|1757831447
|-end|p2a: Kingambit|fallen2|[silent]
|switch|p2a: Great Tusk|Great Tusk|100/100
|-damage|p2a: Great Tusk|98/100|[from] Stealth Rock
|-activate|p2a: Great Tusk|move: Sticky Web
|-unboost|p2a: Great Tusk|spe|1
|move|p1a: Mary|Chilling Water|p2a: Great Tusk
|-supereffective|p2a: Great Tusk
|-damage|p2a: Great Tusk|66/100
|-unboost|p2a: Great Tusk|atk|1
|
|-heal|p2a: Great Tusk|72/100|[from] item: Leftovers
|upkeep
|turn|35
|
|t:|1757831461
|move|p1a: Mary|Stored Power|p2a: Great Tusk
|-supereffective|p2a: Great Tusk
|-damage|p2a: Great Tusk|0 fnt
|faint|p2a: Great Tusk
|-end|p2a: Great Tusk|Protosynthesis|[silent]
|
|upkeep
|
|t:|1757831467
|switch|p2a: Dragapult|Dragapult, M|88/100
|-damage|p2a: Dragapult|76/100|[from] Stealth Rock
|-activate|p2a: Dragapult|move: Sticky Web
|-unboost|p2a: Dragapult|spe|1
|turn|36
|
|t:|1757831474
|move|p2a: Dragapult|Draco Meteor|p1a: Mary
|-damage|p1a: Mary|49/100 tox
|-unboost|p2a: Dragapult|spa|2
|move|p1a: Mary|Stored Power|p2a: Dragapult
|-damage|p2a: Dragapult|0 fnt
|faint|p2a: Dragapult
|
|upkeep
|
|t:|1757831484
|switch|p2a: Gholdengo|Gholdengo|79/100
|-damage|p2a: Gholdengo|73/100|[from] Stealth Rock
|-activate|p2a: Gholdengo|move: Sticky Web
|-unboost|p2a: Gholdengo|spe|1
|turn|37
|
|t:|1757831490
|move|p1a: Mary|Moonlight|p1a: Mary
|-heal|p1a: Mary|99/100 tox
|move|p2a: Gholdengo|Shadow Ball|p1a: Mary
|-immune|p1a: Mary
|
|-heal|p2a: Gholdengo|79/100|[from] item: Leftovers
|upkeep
|turn|38
|
|t:|1757831502
|move|p1a: Mary|Stored Power|p2a: Gholdengo
|-resisted|p2a: Gholdengo
|-damage|p2a: Gholdengo|55/100
|move|p2a: Gholdengo|Shadow Ball|p1a: Mary
|-immune|p1a: Mary
|
|-heal|p2a: Gholdengo|61/100|[from] item: Leftovers
|upkeep
|turn|39
|
|t:|1757831512
|move|p1a: Mary|Chilling Water|p2a: Gholdengo
|-damage|p2a: Gholdengo|52/100
|-unboost|p2a: Gholdengo|atk|1
|move|p2a: Gholdengo|Shadow Ball|p1a: Mary
|-immune|p1a: Mary
|
|-heal|p2a: Gholdengo|58/100|[from] item: Leftovers
|upkeep
|turn|40
|
|t:|1757831523
|move|p1a: Mary|Chilling Water|p2a: Gholdengo
|-damage|p2a: Gholdengo|50/100
|-unboost|p2a: Gholdengo|atk|1
|move|p2a: Gholdengo|Shadow Ball|p1a: Mary
|-immune|p1a: Mary
|
|-heal|p2a: Gholdengo|56/100|[from] item: Leftovers
|upkeep
|turn|41
|
|t:|1757831532
|move|p1a: Mary|Chilling Water|p2a: Gholdengo
|-damage|p2a: Gholdengo|46/100
|-unboost|p2a: Gholdengo|atk|1
|move|p2a: Gholdengo|Shadow Ball|p1a: Mary
|-immune|p1a: Mary
|
|-heal|p2a: Gholdengo|52/100|[from] item: Leftovers
|upkeep
|turn|42
|
|t:|1757831542
|move|p1a: Mary|Stored Power|p2a: Gholdengo
|-resisted|p2a: Gholdengo
|-damage|p2a: Gholdengo|31/100
|move|p2a: Gholdengo|Shadow Ball|p1a: Mary
|-immune|p1a: Mary
|
|-heal|p2a: Gholdengo|37/100|[from] item: Leftovers
|upkeep
|turn|43
|
|t:|1757831551
|move|p1a: Mary|Stored Power|p2a: Gholdengo
|-resisted|p2a: Gholdengo
|-damage|p2a: Gholdengo|15/100
|move|p2a: Gholdengo|Shadow Ball|p1a: Mary
|-immune|p1a: Mary
|
|-heal|p2a: Gholdengo|21/100|[from] item: Leftovers
|upkeep
|turn|44
|
|t:|1757831562
|move|p1a: Mary|Cosmic Power|p1a: Mary
|-boost|p1a: Mary|def|0
|-boost|p1a: Mary|spd|0
|move|p2a: Gholdengo|Shadow Ball|p1a: Mary
|-immune|p1a: Mary
|
|-heal|p2a: Gholdengo|27/100|[from] item: Leftovers
|upkeep
|turn|45
|
|t:|1757831579
|move|p1a: Mary|Chilling Water|p2a: Gholdengo
|-damage|p2a: Gholdengo|19/100
|-unboost|p2a: Gholdengo|atk|1
|move|p2a: Gholdengo|Shadow Ball|p1a: Mary
|-immune|p1a: Mary
|
|-heal|p2a: Gholdengo|25/100|[from] item: Leftovers
|upkeep
|turn|46
|
|t:|1757831589
|move|p1a: Mary|Chilling Water|p2a: Gholdengo
|-damage|p2a: Gholdengo|16/100
|-unboost|p2a: Gholdengo|atk|1
|move|p2a: Gholdengo|Shadow Ball|p1a: Mary
|-immune|p1a: Mary
|
|-heal|p2a: Gholdengo|22/100|[from] item: Leftovers
|upkeep
|turn|47
|
|t:|1757831598
|move|p1a: Mary|Chilling Water|p2a: Gholdengo
|-damage|p2a: Gholdengo|12/100
|-unboost|p2a: Gholdengo|atk|1
|move|p2a: Gholdengo|Shadow Ball|p1a: Mary
|-immune|p1a: Mary
|
|-heal|p2a: Gholdengo|18/100|[from] item: Leftovers
|upkeep
|turn|48
|
|t:|1757831608
|move|p1a: Mary|Chilling Water|p2a: Gholdengo
|-damage|p2a: Gholdengo|9/100
|move|p2a: Gholdengo|Shadow Ball|p1a: Mary
|-immune|p1a: Mary
|
|-heal|p2a: Gholdengo|16/100|[from] item: Leftovers
|upkeep
|turn|49
|
|t:|1757831617
|move|p1a: Mary|Stored Power|p2a: Gholdengo
|-resisted|p2a: Gholdengo
|-damage|p2a: Gholdengo|0 fnt
|faint|p2a: Gholdengo
|
|upkeep
|
|t:|1757831622
|switch|p2a: Kingambit|Kingambit, F|69/100
|-damage|p2a: Kingambit|63/100|[from] Stealth Rock
|-activate|p2a: Kingambit|move: Sticky Web
|-unboost|p2a: Kingambit|spe|1
|-activate|p2a: Kingambit|ability: Supreme Overlord
|-start|p2a: Kingambit|fallen5|[silent]
|turn|50
|
|t:|1757831632
|move|p2a: Kingambit|Sucker Punch|p1a: Mary
|-damage|p1a: Mary|82/100 tox
|move|p1a: Mary|Chilling Water|p2a: Kingambit
|-damage|p2a: Kingambit|50/100
|-unboost|p2a: Kingambit|atk|1
|
|upkeep
|turn|51
|
|t:|1757831641
|move|p1a: Mary|Chilling Water|p2a: Kingambit
|-damage|p2a: Kingambit|36/100
|-unboost|p2a: Kingambit|atk|1
|move|p2a: Kingambit|Swords Dance|p2a: Kingambit
|-boost|p2a: Kingambit|atk|2
|
|upkeep
|turn|52
|
|t:|1757831649
|move|p1a: Mary|Chilling Water|p2a: Kingambit
|-damage|p2a: Kingambit|24/100
|-unboost|p2a: Kingambit|atk|1
|move|p2a: Kingambit|Kowtow Cleave|p1a: Mary
|-damage|p1a: Mary|68/100 tox
|
|upkeep
|turn|53
|
|t:|1757831658
|move|p1a: Mary|Chilling Water|p2a: Kingambit
|-crit|p2a: Kingambit
|-damage|p2a: Kingambit|3/100
|-unboost|p2a: Kingambit|atk|1
|move|p2a: Kingambit|Swords Dance|p2a: Kingambit
|-boost|p2a: Kingambit|atk|2
|
|upkeep
|turn|54
|-message|cyberx0 forfeited.
|
|win|Levazael
|raw|Levazael's rating: 1061 &rarr; <strong>1096</strong><br />(+35 for winning)
|raw|cyberx0's rating: 1111 &rarr; <strong>1082</strong><br />(-29 for losing)
|l|☆cyberx0
|player|p2|
|l|☆Levazael
|player|p1|
