|j|☆KnockOffx2
|j|☆Efrain.9
|t:|1757869348
|gametype|singles
|player|p1|KnockOffx2|burglar|1520
|player|p2|Efrain.9|hilbert-wonderlauncher|1579
|gen|9
|tier|[Gen 9] OU
|rated|
|rule|HP Percentage Mod: HP is shown in percentages
|rule|Endless Battle Clause: Forcing endless battles is banned
|rule|Species Clause: Limit one of each Pokémon
|rule|OHKO Clause: OHKO moves are banned
|rule|Evasion Items Clause: Evasion items are banned
|rule|Evasion Moves Clause: Evasion moves are banned
|rule|Evasion Abilities Clause: Evasion abilities are banned
|rule|Sleep Moves Clause: Sleep-inducing moves are banned
|clearpoke
|poke|p1|Great Tusk|
|poke|p1|Slowking-Galar, F|
|poke|p1|Zapdos|
|poke|p1|Cinderace, M|
|poke|p1|Crawdaunt, M|
|poke|p1|Dragapult, M|
|poke|p2|Pelipper, F|
|poke|p2|Basculegion, M|
|poke|p2|Gholdengo|
|poke|p2|Scizor, M|
|poke|p2|Raging Bolt|
|poke|p2|Ogerpon-Wellspring, F|
|teampreview
|inactive|Battle timer is ON: inactive players will automatically lose when time's up. (requested by KnockOffx2)
|
|t:|1757869364
|teamsize|p1|6
|teamsize|p2|6
|start
|switch|p1a: Zapdos|Zapdos|100/100
|switch|p2a: Raging Bolt|Raging Bolt|100/100
|turn|1
|j| Dionysos
|l| Dionysos
|
|t:|1757869369
|switch|p1a: Slowking|Slowking-Galar, F|100/100
|move|p2a: Raging Bolt|Thunder|p1a: Slowking|[miss]
|-miss|p2a: Raging Bolt|p1a: Slowking
|
|upkeep
|turn|2
|
|t:|1757869375
|-end|p2a: Raging Bolt|Protosynthesis|[silent]
|switch|p2a: Gholdengo|Gholdengo, shiny|100/100
|move|p1a: Slowking|Ice Beam|p2a: Gholdengo
|-resisted|p2a: Gholdengo
|-damage|p2a: Gholdengo|87/100
|
|upkeep
|turn|3
|
|t:|1757869381
|move|p2a: Gholdengo|Shadow Ball|p1a: Slowking
|-supereffective|p1a: Slowking
|-damage|p1a: Slowking|36/100
|-unboost|p1a: Slowking|spd|1
|move|p1a: Slowking|Flamethrower|p2a: Gholdengo
|-supereffective|p2a: Gholdengo
|-damage|p2a: Gholdengo|34/100
|
|upkeep
|turn|4
|
|t:|1757869390
|switch|p1a: Crawdaunt|Crawdaunt, M|100/100
|move|p2a: Gholdengo|Shadow Ball|p1a: Crawdaunt
|-resisted|p1a: Crawdaunt
|-damage|p1a: Crawdaunt|29/100
|
|upkeep
|turn|5
|
|t:|1757869398
|move|p1a: Crawdaunt|Aqua Jet|p2a: Gholdengo
|-damage|p2a: Gholdengo|0 fnt
|faint|p2a: Gholdengo
|
|upkeep
|
|t:|1757869403
|switch|p2a: Ogerpon|Ogerpon-Wellspring, F|100/100
|turn|6
|
|t:|1757869407
|switch|p1a: Zapdos|Zapdos|100/100
|move|p2a: Ogerpon|Ivy Cudgel|p1a: Zapdos|[anim] Ivy Cudgel Water
|-damage|p1a: Zapdos|59/100
|
|upkeep
|turn|7
|
|t:|1757869413
|-terastallize|p2a: Ogerpon|Water
|detailschange|p2a: Ogerpon|Ogerpon-Wellspring-Tera, F, tera:Water
|-ability|p2a: Ogerpon|Embody Aspect (Wellspring)|boost
|-boost|p2a: Ogerpon|spd|1
|move|p2a: Ogerpon|Ivy Cudgel|p1a: Zapdos|[anim] Ivy Cudgel Water
|-damage|p1a: Zapdos|4/100
|move|p1a: Zapdos|Volt Switch|p2a: Ogerpon
|-supereffective|p2a: Ogerpon
|-damage|p2a: Ogerpon|55/100
|
|t:|1757869427
|switch|p1a: Cinderace|Cinderace, M|100/100|[from] Volt Switch
|
|upkeep
|turn|8
|
|t:|1757869431
|switch|p2a: Pelipper|Pelipper, F|100/100
|-weather|RainDance|[from] ability: Drizzle|[of] p2a: Pelipper
|move|p1a: Cinderace|Gunk Shot|p2a: Pelipper
|-start|p1a: Cinderace|typechange|Poison|[from] ability: Libero
|-damage|p2a: Pelipper|38/100
|-status|p2a: Pelipper|psn
|
|-weather|RainDance|[upkeep]
|-damage|p2a: Pelipper|26/100 psn|[from] psn
|upkeep
|turn|9
|
|t:|1757869442
|switch|p2a: Scizor|Scizor, M|100/100
|move|p1a: Cinderace|U-turn|p2a: Scizor
|-resisted|p2a: Scizor
|-damage|p2a: Scizor|89/100
|
|t:|1757869452
|switch|p1a: Zapdos|Zapdos|4/100|[from] U-turn
|
|-weather|RainDance|[upkeep]
|upkeep
|turn|10
|
|t:|1757869457
|move|p2a: Scizor|Bullet Punch|p1a: Zapdos
|-resisted|p1a: Zapdos
|-damage|p1a: Zapdos|0 fnt
|faint|p1a: Zapdos
|
|-weather|RainDance|[upkeep]
|upkeep
|
|t:|1757869466
|switch|p1a: Great Tusk|Great Tusk|100/100
|turn|11
|
|t:|1757869470
|move|p1a: Great Tusk|Stealth Rock|p2a: Scizor
|-sidestart|p2: Efrain.9|move: Stealth Rock
|move|p2a: Scizor|Dual Wingbeat|p1a: Great Tusk
|-supereffective|p1a: Great Tusk
|-damage|p1a: Great Tusk|64/100
|-supereffective|p1a: Great Tusk
|-damage|p1a: Great Tusk|32/100
|-hitcount|p1a: Great Tusk|2
|
|-weather|RainDance|[upkeep]
|upkeep
|turn|12
|
|t:|1757869478
|move|p1a: Great Tusk|Headlong Rush|p2a: Scizor
|-damage|p2a: Scizor|31/100
|-unboost|p1a: Great Tusk|def|1
|-unboost|p1a: Great Tusk|spd|1
|move|p2a: Scizor|Defog|p1a: Great Tusk
|-unboost|p1a: Great Tusk|evasion|1
|-sideend|p2: Efrain.9|Stealth Rock|[from] move: Defog|[of] p2a: Scizor
|
|-weather|RainDance|[upkeep]
|upkeep
|turn|13
|
|t:|1757869486
|-end|p1a: Great Tusk|Protosynthesis|[silent]
|switch|p1a: Crawdaunt|Crawdaunt, M|29/100
|move|p2a: Scizor|Bullet Punch|p1a: Crawdaunt
|-resisted|p1a: Crawdaunt
|-damage|p1a: Crawdaunt|5/100
|
|-weather|RainDance|[upkeep]
|upkeep
|turn|14
|
|t:|1757869492
|move|p1a: Crawdaunt|Aqua Jet|p2a: Scizor
|-damage|p2a: Scizor|0 fnt
|faint|p2a: Scizor
|
|-weather|RainDance|[upkeep]
|upkeep
|
|t:|1757869505
|switch|p2a: Ogerpon|Ogerpon-Wellspring-Tera, F, tera:Water|55/100
|-ability|p2a: Ogerpon|Embody Aspect (Wellspring)|boost
|-boost|p2a: Ogerpon|spd|1
|turn|15
|
|t:|1757869516
|move|p1a: Crawdaunt|Aqua Jet|p2a: Ogerpon
|-resisted|p2a: Ogerpon
|-damage|p2a: Ogerpon|13/100
|move|p2a: Ogerpon|Ivy Cudgel|p1a: Crawdaunt|[anim] Ivy Cudgel Water
|-resisted|p1a: Crawdaunt
|-damage|p1a: Crawdaunt|0 fnt
|faint|p1a: Crawdaunt
|
|-weather|none
|upkeep
|
|t:|1757869522
|switch|p1a: Cinderace|Cinderace, M|100/100
|turn|16
|
|t:|1757869526
|switch|p2a: Pelipper|Pelipper, F|26/100 psn
|-weather|RainDance|[from] ability: Drizzle|[of] p2a: Pelipper
|move|p1a: Cinderace|U-turn|p2a: Pelipper
|-start|p1a: Cinderace|typechange|Bug|[from] ability: Libero
|-resisted|p2a: Pelipper
|-damage|p2a: Pelipper|6/100 psn
|
|t:|1757869535
|switch|p1a: Great Tusk|Great Tusk|32/100|[from] U-turn
|
|-weather|RainDance|[upkeep]
|-damage|p2a: Pelipper|0 fnt|[from] psn
|faint|p2a: Pelipper
|upkeep
|
|t:|1757869542
|switch|p2a: Ogerpon|Ogerpon-Wellspring-Tera, F, tera:Water|13/100
|-ability|p2a: Ogerpon|Embody Aspect (Wellspring)|boost
|-boost|p2a: Ogerpon|spd|1
|turn|17
|
|t:|1757869549
|move|p2a: Ogerpon|Ivy Cudgel|p1a: Great Tusk|[anim] Ivy Cudgel Water
|-supereffective|p1a: Great Tusk
|-damage|p1a: Great Tusk|0 fnt
|faint|p1a: Great Tusk
|-end|p1a: Great Tusk|Protosynthesis|[silent]
|
|-weather|RainDance|[upkeep]
|upkeep
|
|t:|1757869553
|switch|p1a: Cinderace|Cinderace, M|100/100
|turn|18
|
|t:|1757869560
|move|p1a: Cinderace|U-turn|p2a: Ogerpon
|-start|p1a: Cinderace|typechange|Bug|[from] ability: Libero
|-damage|p2a: Ogerpon|0 fnt
|faint|p2a: Ogerpon
|detailschange|p2: Ogerpon|Ogerpon-Wellspring, F|[silent]
|
|t:|1757869569
|switch|p1a: Slowking|Slowking-Galar, F|69/100|[from] U-turn
|
|-weather|RainDance|[upkeep]
|upkeep
|
|t:|1757869574
|switch|p2a: Basculegion|Basculegion, M|100/100
|turn|19
|
|t:|1757869578
|-terastallize|p1a: Slowking|Water
|move|p2a: Basculegion|Wave Crash|p1a: Slowking
|-resisted|p1a: Slowking
|-damage|p1a: Slowking|12/100
|-damage|p2a: Basculegion|81/100|[from] Recoil
|-damage|p2a: Basculegion|71/100|[from] item: Life Orb
|move|p1a: Slowking|Sludge Bomb|p2a: Basculegion
|-resisted|p2a: Basculegion
|-damage|p2a: Basculegion|47/100
|
|-weather|RainDance|[upkeep]
|upkeep
|turn|20
|
|t:|1757869591
|switch|p1a: Cinderace|Cinderace, M|100/100
|move|p2a: Basculegion|Wave Crash|p1a: Cinderace
|-supereffective|p1a: Cinderace
|-damage|p1a: Cinderace|0 fnt
|faint|p1a: Cinderace
|-damage|p2a: Basculegion|21/100|[from] Recoil
|-damage|p2a: Basculegion|11/100|[from] item: Life Orb
|
|-weather|RainDance|[upkeep]
|upkeep
|
|t:|1757869601
|switch|p1a: Slowking|Slowking-Galar, F, tera:Water|45/100
|turn|21
|
|t:|1757869604
|switch|p2a: Raging Bolt|Raging Bolt|100/100
|move|p1a: Slowking|Sludge Bomb|p2a: Raging Bolt
|-damage|p2a: Raging Bolt|64/100
|-status|p2a: Raging Bolt|psn
|
|-weather|RainDance|[upkeep]
|-damage|p2a: Raging Bolt|51/100 psn|[from] psn
|upkeep
|turn|22
|
|t:|1757869614
|move|p2a: Raging Bolt|Thunder|p1a: Slowking
|-supereffective|p1a: Slowking
|-damage|p1a: Slowking|0 fnt
|faint|p1a: Slowking
|-damage|p2a: Raging Bolt|42/100 psn|[from] item: Life Orb
|
|-weather|RainDance|[upkeep]
|-damage|p2a: Raging Bolt|29/100 psn|[from] psn
|upkeep
|
|t:|1757869618
|switch|p1a: Dragapult|Dragapult, M|100/100
|turn|23
|
|t:|1757869627
|move|p2a: Raging Bolt|Thunderclap|p1a: Dragapult
|-resisted|p1a: Dragapult
|-damage|p1a: Dragapult|59/100
|-damage|p2a: Raging Bolt|19/100 psn|[from] item: Life Orb
|move|p1a: Dragapult|Dragon Darts|p2a: Raging Bolt
|-supereffective|p2a: Raging Bolt
|-damage|p2a: Raging Bolt|0 fnt
|faint|p2a: Raging Bolt
|-end|p2a: Raging Bolt|Protosynthesis|[silent]
|-damage|p1a: Dragapult|50/100|[from] item: Life Orb
|
|-weather|none
|upkeep
|
|t:|1757869636
|switch|p2a: Basculegion|Basculegion, M|11/100
|turn|24
|
|t:|1757869640
|move|p2a: Basculegion|Aqua Jet|p1a: Dragapult
|-resisted|p1a: Dragapult
|-crit|p1a: Dragapult
|-damage|p1a: Dragapult|24/100
|-damage|p2a: Basculegion|1/100|[from] item: Life Orb
|move|p1a: Dragapult|Shadow Ball|p2a: Basculegion
|-supereffective|p2a: Basculegion
|-damage|p2a: Basculegion|0 fnt
|faint|p2a: Basculegion
|-damage|p1a: Dragapult|14/100|[from] item: Life Orb
|
|win|KnockOffx2
|raw|KnockOffx2's rating: 1520 &rarr; <strong>1543</strong><br />(+23 for winning)
|raw|Efrain.9's rating: 1579 &rarr; <strong>1556</strong><br />(-23 for losing)
|l|☆KnockOffx2
|player|p1|
|l|☆Efrain.9
|player|p2|
