|j|☆ReaperOverwatch41
|j|☆milktoastgummies
|t:|1757884079
|gametype|singles
|player|p1|ReaperOverwatch41|2|1140
|player|p2|milktoastgummies|169|1129
|gen|9
|tier|[Gen 9] OU
|rated|
|rule|HP Percentage Mod: HP is shown in percentages
|rule|Endless Battle Clause: Forcing endless battles is banned
|rule|Species Clause: Limit one of each Pokémon
|rule|OHKO Clause: OHKO moves are banned
|rule|Evasion Items Clause: Evasion items are banned
|rule|Evasion Moves Clause: Evasion moves are banned
|rule|Evasion Abilities Clause: Evasion abilities are banned
|rule|Sleep Moves Clause: Sleep-inducing moves are banned
|clearpoke
|poke|p1|Samurott-Hisui, M|
|poke|p1|Ceruledge, M|
|poke|p1|Hatterene, F|
|poke|p1|Glimmora, M|
|poke|p1|Iron Hands|
|poke|p1|Iron Crown|
|poke|p2|Moltres|
|poke|p2|Gliscor, F|
|poke|p2|Iron Treads|
|poke|p2|Dragonite, F|
|poke|p2|Pecharunt|
|poke|p2|Hoopa-Unbound|
|teampreview
|
|t:|1757884118
|teamsize|p1|6
|teamsize|p2|6
|start
|switch|p1a: Iron Hands|Iron Hands|100/100
|switch|p2a: Iron Treads|Iron Treads|100/100
|-enditem|p1a: Iron Hands|Booster Energy
|-activate|p1a: Iron Hands|ability: Quark Drive|[fromitem]
|-start|p1a: Iron Hands|quarkdriveatk
|turn|1
|
|t:|1757884133
|move|p2a: Iron Treads|Volt Switch|p1a: Iron Hands
|-resisted|p1a: Iron Hands
|-damage|p1a: Iron Hands|89/100
|
|t:|1757884143
|-end|p2a: Iron Treads|Quark Drive|[silent]
|switch|p2a: Pecharunt|Pecharunt|100/100|[from] Volt Switch
|-item|p2a: Pecharunt|Air Balloon
|move|p1a: Iron Hands|Swords Dance|p1a: Iron Hands
|-boost|p1a: Iron Hands|atk|2
|
|upkeep
|turn|2
|
|t:|1757884176
|move|p2a: Pecharunt|Malignant Chain|p1a: Iron Hands
|-damage|p1a: Iron Hands|52/100
|-status|p1a: Iron Hands|tox
|-start|p1a: Iron Hands|confusion|[from] ability: Poison Puppeteer|[of] p2a: Pecharunt
|-activate|p1a: Iron Hands|confusion
|move|p1a: Iron Hands|Supercell Slam|p2a: Pecharunt
|-damage|p2a: Pecharunt|7/100
|-enditem|p2a: Pecharunt|Air Balloon
|
|-damage|p1a: Iron Hands|46/100 tox|[from] psn
|upkeep
|turn|3
|raw|<div class="broadcast-red"><b>The server is restarting soon.</b><br />Please finish your battles quickly. No new battles can be started until the server resets in a few minutes.</div>
|inactive|Battle timer is ON: inactive players will automatically lose when time's up.
|raw|<div class="broadcast-red"><b>Moderated chat was set to +!</b><br />Only users of rank + and higher can talk.</div>
|
|t:|1757884195
|move|p2a: Pecharunt|Hex|p1a: Iron Hands
|-damage|p1a: Iron Hands|0 fnt
|faint|p1a: Iron Hands
|-end|p1a: Iron Hands|Quark Drive|[silent]
|
|upkeep
|
|t:|1757884200
|switch|p1a: Ceruledge|Ceruledge, M, shiny|100/100
|turn|4
|
|t:|1757884206
|switch|p2a: Moltres|Moltres, shiny|100/100
|move|p1a: Ceruledge|Shadow Sneak|p2a: Moltres
|-damage|p2a: Moltres|86/100
|
|upkeep
|turn|5
|
|t:|1757884215
|move|p1a: Ceruledge|Swords Dance|p1a: Ceruledge
|-boost|p1a: Ceruledge|atk|2
|move|p2a: Moltres|Roar|p1a: Ceruledge
|drag|p1a: Glimmora|Glimmora, M|100/100
|
|upkeep
|turn|6
|
|t:|1757884224
|move|p1a: Glimmora|Mortal Spin|p2a: Moltres
|-damage|p2a: Moltres|81/100
|-status|p2a: Moltres|psn
|move|p2a: Moltres|U-turn|p1a: Glimmora
|-resisted|p1a: Glimmora
|-damage|p1a: Glimmora|93/100
|-activate|p1a: Glimmora|ability: Toxic Debris
|-sidestart|p2: milktoastgummies|move: Toxic Spikes
|
|t:|1757884233
|switch|p2a: Iron Treads|Iron Treads|100/100|[from] U-turn
|
|upkeep
|turn|7
|
|t:|1757884239
|move|p2a: Iron Treads|Earth Power|p1a: Glimmora
|-supereffective|p1a: Glimmora
|-damage|p1a: Glimmora|0 fnt
|faint|p1a: Glimmora
|
|upkeep
|
|t:|1757884249
|switch|p1a: Iron Crown|Iron Crown|100/100
|turn|8
|
|t:|1757884257
|move|p2a: Iron Treads|Earth Power|p1a: Iron Crown
|-supereffective|p1a: Iron Crown
|-damage|p1a: Iron Crown|1/100
|move|p1a: Iron Crown|Future Sight|p2a: Iron Treads
|-start|p1a: Iron Crown|move: Future Sight
|
|upkeep
|turn|9
|
|t:|1757884264
|-end|p1a: Iron Crown|Quark Drive|[silent]
|switch|p1a: Samurott|Samurott-Hisui, M|100/100
|move|p2a: Iron Treads|Earth Power|p1a: Samurott
|-damage|p1a: Samurott|52/100
|
|upkeep
|turn|10
|
|t:|1757884272
|move|p2a: Iron Treads|Earth Power|p1a: Samurott
|-damage|p1a: Samurott|6/100
|move|p1a: Samurott|Razor Shell|p2a: Iron Treads
|-supereffective|p2a: Iron Treads
|-damage|p2a: Iron Treads|5/100
|-unboost|p2a: Iron Treads|def|1
|
|-end|p2a: Iron Treads|move: Future Sight
|-resisted|p2a: Iron Treads
|-damage|p2a: Iron Treads|0 fnt
|faint|p2a: Iron Treads
|-end|p2a: Iron Treads|Quark Drive|[silent]
|upkeep
|
|t:|1757884276
|switch|p2a: Pecharunt|Pecharunt|7/100
|-sideend|p2: milktoastgummies|move: Toxic Spikes|[of] p2a: Pecharunt
|turn|11
|
|t:|1757884289
|move|p1a: Samurott|Aqua Jet|p2a: Pecharunt
|-damage|p2a: Pecharunt|0 fnt
|faint|p2a: Pecharunt
|
|upkeep
|
|t:|1757884296
|switch|p2a: Dragonite|Dragonite, F|100/100
|turn|12
|
|t:|1757884305
|move|p1a: Samurott|Ceaseless Edge|p2a: Dragonite
|-damage|p2a: Dragonite|76/100
|-sidestart|p2: milktoastgummies|Spikes
|move|p2a: Dragonite|Dragon Dance|p2a: Dragonite
|-boost|p2a: Dragonite|atk|1
|-boost|p2a: Dragonite|spe|1
|
|upkeep
|turn|13
|
|t:|1757884317
|switch|p1a: Hatterene|Hatterene, F|100/100
|move|p2a: Dragonite|Earthquake|p1a: Hatterene
|-damage|p1a: Hatterene|43/100
|
|upkeep
|turn|14
|
|t:|1757884324
|move|p2a: Dragonite|Earthquake|p1a: Hatterene
|-damage|p1a: Hatterene|0 fnt
|faint|p1a: Hatterene
|
|upkeep
|
|t:|1757884332
|switch|p1a: Ceruledge|Ceruledge, M, shiny|100/100
|turn|15
|
|t:|1757884339
|move|p2a: Dragonite|Earthquake|p1a: Ceruledge
|-supereffective|p1a: Ceruledge
|-crit|p1a: Ceruledge
|-enditem|p1a: Ceruledge|Focus Sash
|-damage|p1a: Ceruledge|1/100
|-ability|p1a: Ceruledge|Weak Armor|boost
|-unboost|p1a: Ceruledge|def|1
|-boost|p1a: Ceruledge|spe|2
|move|p1a: Ceruledge|Swords Dance|p1a: Ceruledge
|-boost|p1a: Ceruledge|atk|2
|
|upkeep
|turn|16
|
|t:|1757884362
|move|p1a: Ceruledge|Poltergeist|p2a: Dragonite
|-activate|p2a: Dragonite|move: Poltergeist|Heavy-Duty Boots
|-damage|p2a: Dragonite|0 fnt
|faint|p2a: Dragonite
|
|upkeep
|
|t:|1757884366
|switch|p2a: Hoopa|Hoopa-Unbound|100/100
|-damage|p2a: Hoopa|88/100|[from] Spikes
|turn|17
|
|t:|1757884374
|-terastallize|p1a: Ceruledge|Fire
|-terastallize|p2a: Hoopa|Dragon
|move|p1a: Ceruledge|Bitter Blade|p2a: Hoopa
|-resisted|p2a: Hoopa
|-damage|p2a: Hoopa|0 fnt
|-heal|p1a: Ceruledge|56/100|[from] drain|[of] p2a: Hoopa
|faint|p2a: Hoopa
|
|upkeep
|
|t:|1757884383
|switch|p2a: Moltres|Moltres, shiny|81/100 psn
|turn|18
|c|☆ReaperOverwatch41|wait what
|c|☆ReaperOverwatch41|I know swords ceru is strong
|c|☆ReaperOverwatch41|but THAT strong to OHKO a dragon hoops?
|c|☆ReaperOverwatch41|Hoopa?*
|inactive|ReaperOverwatch41 has 120 seconds left.
|c|☆ReaperOverwatch41|what build was that?
|
|t:|1757884428
|move|p1a: Ceruledge|Poltergeist|p2a: Moltres
|-activate|p2a: Moltres|move: Poltergeist|Heavy-Duty Boots
|-damage|p2a: Moltres|1/100 psn
|move|p2a: Moltres|Roar|p1a: Ceruledge
|drag|p1a: Samurott|Samurott-Hisui, M|6/100
|
|-damage|p2a: Moltres|0 fnt|[from] psn
|faint|p2a: Moltres
|upkeep
|
|t:|1757884435
|switch|p2a: Gliscor|Gliscor, F|100/100
|turn|19
|
|t:|1757884441
|move|p2a: Gliscor|Protect|p2a: Gliscor
|-singleturn|p2a: Gliscor|Protect
|move|p1a: Samurott|Razor Shell|p2a: Gliscor
|-activate|p2a: Gliscor|move: Protect
|
|-status|p2a: Gliscor|tox|[from] item: Toxic Orb
|upkeep
|turn|20
|inactive|ReaperOverwatch41 has 120 seconds left.
|
|t:|1757884449
|move|p2a: Gliscor|Facade|p1a: Samurott
|-damage|p1a: Samurott|0 fnt
|faint|p1a: Samurott
|
|upkeep
|inactive|ReaperOverwatch41 has 120 seconds left.
|
|t:|1757884455
|switch|p1a: Iron Crown|Iron Crown|1/100
|turn|21
|inactive|ReaperOverwatch41 has 120 seconds left.
|
|t:|1757884468
|move|p1a: Iron Crown|Tachyon Cutter|p2a: Gliscor
|-damage|p2a: Gliscor|48/100 tox
|-damage|p2a: Gliscor|0 fnt
|faint|p2a: Gliscor
|-hitcount|p2: Gliscor|2
|
|win|ReaperOverwatch41
|raw|ReaperOverwatch41's rating: 1140 &rarr; <strong>1164</strong><br />(+24 for winning)
|raw|milktoastgummies's rating: 1129 &rarr; <strong>1105</strong><br />(-24 for losing)
|l|☆milktoastgummies
|player|p2|
