|j|☆slavender
|j|☆mema20
|t:|1757909086
|gametype|singles
|player|p1|slavender|101|1236
|player|p2|mema20|102|1191
|gen|9
|tier|[Gen 9] OU
|rated|
|rule|HP Percentage Mod: HP is shown in percentages
|rule|Endless Battle Clause: Forcing endless battles is banned
|rule|Species Clause: Limit one of each Pokémon
|rule|OHKO Clause: OHKO moves are banned
|rule|Evasion Items Clause: Evasion items are banned
|rule|Evasion Moves Clause: Evasion moves are banned
|rule|Evasion Abilities Clause: Evasion abilities are banned
|rule|Sleep Moves Clause: Sleep-inducing moves are banned
|clearpoke
|poke|p1|Ninetales, F|
|poke|p1|Great Tusk|
|poke|p1|Raging Bolt|
|poke|p1|Zarude-Dada|
|poke|p1|Latios, M|
|poke|p1|Cinderace, M|
|poke|p2|Alomomola, M|
|poke|p2|Pecharunt|
|poke|p2|Enamorus, F|
|poke|p2|Iron Treads|
|poke|p2|Ogerpon-Wellspring, F|
|poke|p2|Dragapult, M|
|teampreview
|
|t:|1757909096
|teamsize|p1|6
|teamsize|p2|6
|start
|switch|p1a: Revenge Klilr|Zarude-Dada|100/100
|switch|p2a: Dragapult|Dragapult, M|100/100
|turn|1
|
|t:|1757909107
|move|p1a: Revenge Klilr|Knock Off|p2a: Dragapult
|-supereffective|p2a: Dragapult
|-damage|p2a: Dragapult|0 fnt
|-enditem|p2a: Dragapult|Choice Specs|[from] move: Knock Off|[of] p1a: Revenge Klilr
|faint|p2a: Dragapult
|
|upkeep
|inactive|Battle timer is ON: inactive players will automatically lose when time's up. (requested by slavender)
|c|☆slavender|glhf
|
|t:|1757909117
|switch|p2a: Enamorus|Enamorus, F|100/100
|turn|2
|inactive|slavender has 120 seconds left.
|
|t:|1757909149
|switch|p1a: Sasuke Uzumaki|Ninetales, F, shiny|100/100
|-weather|SunnyDay|[from] ability: Drought|[of] p1a: Sasuke Uzumaki
|move|p2a: Enamorus|Moonblast|p1a: Sasuke Uzumaki
|-resisted|p1a: Sasuke Uzumaki
|-crit|p1a: Sasuke Uzumaki
|-damage|p1a: Sasuke Uzumaki|62/100
|-unboost|p1a: Sasuke Uzumaki|spa|1
|
|-weather|SunnyDay|[upkeep]
|upkeep
|turn|3
|c|☆mema20|Wow
|inactive|slavender has 120 seconds left.
|c|☆slavender|ikr
|c|☆mema20|Scarf
|c|☆slavender|hey mema
|c|☆mema20|Hello
|c|☆mema20|Español or ingles
|inactive|slavender has 90 seconds left.
|c|☆slavender|frances
|c|☆mema20|Oo okey
|c|☆slavender|parlez vous?
|c|☆mema20|Not
|c|☆mema20|Now
|c|☆slavender|no mames guey
|inactive|slavender has 60 seconds left.
|c|☆slavender|ahora, no
|c|☆mema20|A
|c|☆slavender|voy a destructar te
|c|☆mema20|México
|c|☆slavender|no puedes parar me
|
|t:|1757909244
|switch|p2a: Pecharunt|Pecharunt|100/100
|switch|p1a: Revenge Klilr|Zarude-Dada|100/100
|
|-weather|SunnyDay|[upkeep]
|upkeep
|turn|4
|
|t:|1757909254
|switch|p2a: Alomomola|Alomomola, M|100/100
|move|p1a: Revenge Klilr|U-turn|p2a: Alomomola
|-damage|p2a: Alomomola|85/100
|-enditem|p2a: Alomomola|Red Card|[of] p1a: Revenge Klilr
|drag|p1a: Munch McCoochi|Cinderace, M|100/100
|
|-weather|SunnyDay|[upkeep]
|upkeep
|turn|5
|
|t:|1757909271
|move|p1a: Munch McCoochi|U-turn|p2a: Alomomola
|-start|p1a: Munch McCoochi|typechange|Bug|[from] ability: Libero
|-damage|p2a: Alomomola|63/100
|
|t:|1757909279
|switch|p1a: Zapbos|Raging Bolt|100/100|[from] U-turn
|-activate|p1a: Zapbos|ability: Protosynthesis
|-start|p1a: Zapbos|protosynthesisspa
|move|p2a: Alomomola|Wish|p2a: Alomomola
|
|-weather|SunnyDay|[upkeep]
|upkeep
|turn|6
|inactive|slavender has 30 seconds left.
|c|☆mema20|Hermano este equipo me lo acabo de crear nose ni que es el meta solo juego 7 gen
|inactive|mema20 has 120 seconds left.
|inactive|slavender has 20 seconds left.
|inactive|slavender has 15 seconds left.
|inactive|slavender has 10 seconds left.
|
|t:|1757909321
|switch|p2a: Iron Treads|Iron Treads|100/100
|move|p1a: Zapbos|Thunderbolt|p2a: Iron Treads
|-immune|p2a: Iron Treads
|
|-weather|SunnyDay|[upkeep]
|upkeep
|turn|7
|inactive|slavender has 20 seconds left this turn.
|c|☆slavender|no mames guey
|inactive|slavender has 15 seconds left.
|inactive|mema20 has 120 seconds left.
|inactive|slavender has 10 seconds left.
|
|t:|1757909333
|-end|p1a: Zapbos|Protosynthesis|[silent]
|switch|p1a: Boob toucher|Latios, M|100/100
|move|p2a: Iron Treads|Stealth Rock|p1a: Boob toucher
|-sidestart|p1: slavender|move: Stealth Rock
|
|-weather|SunnyDay|[upkeep]
|upkeep
|turn|8
|inactive|slavender has 20 seconds left this turn.
|
|t:|1757909339
|move|p1a: Boob toucher|Substitute|p1a: Boob toucher
|-start|p1a: Boob toucher|Substitute
|-damage|p1a: Boob toucher|76/100
|move|p2a: Iron Treads|Knock Off|p1a: Boob toucher
|-supereffective|p1a: Boob toucher
|-end|p1a: Boob toucher|Substitute
|
|-weather|SunnyDay|[upkeep]
|upkeep
|turn|9
|inactive|slavender has 30 seconds left this turn.
|inactive|slavender has 20 seconds left.
|
|t:|1757909353
|switch|p1a: IceAgeManny|Great Tusk|100/100
|-damage|p1a: IceAgeManny|98/100|[from] Stealth Rock
|-activate|p1a: IceAgeManny|ability: Protosynthesis
|-start|p1a: IceAgeManny|protosynthesisspe
|move|p2a: Iron Treads|Knock Off|p1a: IceAgeManny
|-resisted|p1a: IceAgeManny
|-damage|p1a: IceAgeManny|92/100
|
|-weather|none
|-end|p1a: IceAgeManny|Protosynthesis
|upkeep
|-enditem|p1a: IceAgeManny|Booster Energy
|-activate|p1a: IceAgeManny|ability: Protosynthesis|[fromitem]
|-start|p1a: IceAgeManny|protosynthesisspe
|turn|10
|inactive|slavender has 30 seconds left this turn.
|inactive|slavender has 20 seconds left.
|
|t:|1757909373
|-end|p2a: Iron Treads|Quark Drive|[silent]
|switch|p2a: Ogerpon|Ogerpon-Wellspring, F|100/100
|move|p1a: IceAgeManny|Bulk Up|p1a: IceAgeManny
|-boost|p1a: IceAgeManny|atk|1
|-boost|p1a: IceAgeManny|def|1
|
|upkeep
|turn|11
|inactive|slavender has 30 seconds left this turn.
|inactive|slavender has 20 seconds left.
|inactive|slavender has 15 seconds left.
|inactive|slavender has 10 seconds left.
|
|t:|1757909396
|-end|p1a: IceAgeManny|Protosynthesis|[silent]
|switch|p1a: Revenge Klilr|Zarude-Dada|100/100
|-damage|p1a: Revenge Klilr|88/100|[from] Stealth Rock
|move|p2a: Ogerpon|Ivy Cudgel|p1a: Revenge Klilr|[anim] Ivy Cudgel Water
|-resisted|p1a: Revenge Klilr
|-damage|p1a: Revenge Klilr|62/100
|
|upkeep
|turn|12
|inactive|slavender has 20 seconds left this turn.
|
|t:|1757909406
|move|p1a: Revenge Klilr|U-turn|p2a: Ogerpon
|-supereffective|p2a: Ogerpon
|-damage|p2a: Ogerpon|28/100
|inactive|slavender has 25 seconds left this turn.
|
|t:|1757909410
|switch|p1a: Sasuke Uzumaki|Ninetales, F, shiny|62/100|[from] U-turn
|-damage|p1a: Sasuke Uzumaki|37/100|[from] Stealth Rock
|-weather|SunnyDay|[from] ability: Drought|[of] p1a: Sasuke Uzumaki
|move|p2a: Ogerpon|U-turn|p1a: Sasuke Uzumaki
|-resisted|p1a: Sasuke Uzumaki
|-damage|p1a: Sasuke Uzumaki|19/100
|
|t:|1757909417
|switch|p2a: Enamorus|Enamorus, F|100/100|[from] U-turn
|
|-weather|SunnyDay|[upkeep]
|upkeep
|turn|13
|
|t:|1757909428
|move|p2a: Enamorus|Moonblast|p1a: Sasuke Uzumaki
|-resisted|p1a: Sasuke Uzumaki
|-damage|p1a: Sasuke Uzumaki|0 fnt
|faint|p1a: Sasuke Uzumaki
|
|-weather|SunnyDay|[upkeep]
|upkeep
|inactive|slavender has 30 seconds left.
|c|☆mema20|La 1 de la mañana y yo jugado esto
|
|t:|1757909439
|switch|p1a: Zapbos|Raging Bolt|100/100
|-activate|p1a: Zapbos|ability: Protosynthesis
|-start|p1a: Zapbos|protosynthesisspa
|turn|14
|inactive|slavender has 30 seconds left.
|c|☆slavender|no mames guey
|
|t:|1757909457
|-terastallize|p2a: Enamorus|Ground
|move|p2a: Enamorus|Moonblast|p1a: Zapbos
|-supereffective|p1a: Zapbos
|-damage|p1a: Zapbos|0 fnt
|faint|p1a: Zapbos
|-end|p1a: Zapbos|Protosynthesis|[silent]
|
|-weather|SunnyDay|[upkeep]
|upkeep
|inactive|slavender has 30 seconds left this turn.
|c|☆slavender|si eres mi amor, di gay retrasado
|inactive|slavender has 20 seconds left.
|inactive|slavender has 15 seconds left.
|
|t:|1757909473
|switch|p1a: Revenge Klilr|Zarude-Dada|62/100
|-damage|p1a: Revenge Klilr|50/100|[from] Stealth Rock
|turn|15
|inactive|slavender has 25 seconds left this turn.
|
|t:|1757909481
|switch|p2a: Pecharunt|Pecharunt|100/100
|move|p1a: Revenge Klilr|Solar Blade||[still]
|-prepare|p1a: Revenge Klilr|Solar Blade
|-anim|p1a: Revenge Klilr|Solar Blade|p2a: Pecharunt
|-resisted|p2a: Pecharunt
|-damage|p2a: Pecharunt|86/100
|
|-weather|SunnyDay|[upkeep]
|upkeep
|turn|16
|inactive|slavender has 30 seconds left.
|
|t:|1757909490
|switch|p1a: IceAgeManny|Great Tusk|92/100
|-damage|p1a: IceAgeManny|89/100|[from] Stealth Rock
|-activate|p1a: IceAgeManny|ability: Protosynthesis
|-start|p1a: IceAgeManny|protosynthesisspe
|move|p2a: Pecharunt|Parting Shot|p1a: IceAgeManny
|-unboost|p1a: IceAgeManny|atk|1
|-unboost|p1a: IceAgeManny|spa|1
|
|t:|1757909496
|switch|p2a: Ogerpon|Ogerpon-Wellspring, F|28/100|[from] Parting Shot
|
|-weather|SunnyDay|[upkeep]
|upkeep
|turn|17
|inactive|slavender has 30 seconds left.
|inactive|slavender has 20 seconds left.
|
|t:|1757909522
|move|p1a: IceAgeManny|Ice Spinner|p2a: Ogerpon
|-damage|p2a: Ogerpon|9/100
|move|p2a: Ogerpon|Ivy Cudgel|p1a: IceAgeManny|[anim] Ivy Cudgel Water
|-supereffective|p1a: IceAgeManny
|-damage|p1a: IceAgeManny|55/100
|
|-weather|SunnyDay|[upkeep]
|upkeep
|turn|18
|inactive|slavender has 30 seconds left this turn.
|
|t:|1757909528
|move|p1a: IceAgeManny|Rapid Spin|p2a: Ogerpon
|-damage|p2a: Ogerpon|0 fnt
|-boost|p1a: IceAgeManny|spe|1
|-sideend|p1: slavender|Stealth Rock|[from] move: Rapid Spin|[of] p1a: IceAgeManny
|faint|p2a: Ogerpon
|
|-weather|SunnyDay|[upkeep]
|upkeep
|
|t:|1757909535
|switch|p2a: Enamorus|Enamorus, F, tera:Ground|100/100
|turn|19
|c|☆mema20|Prepara las nalgas
|inactive|slavender has 30 seconds left.
|c|☆slavender|Soy rapidísimo, chico
|inactive|slavender has 20 seconds left.
|inactive|slavender has 15 seconds left.
|inactive|slavender has 10 seconds left.
|
|t:|1757909572
|-terastallize|p1a: IceAgeManny|Ice
|move|p1a: IceAgeManny|Bulk Up|p1a: IceAgeManny
|-boost|p1a: IceAgeManny|atk|1
|-boost|p1a: IceAgeManny|def|1
|move|p2a: Enamorus|Moonblast|p1a: IceAgeManny
|-damage|p1a: IceAgeManny|0 fnt
|faint|p1a: IceAgeManny
|-end|p1a: IceAgeManny|Protosynthesis|[silent]
|
|-weather|none
|upkeep
|inactive|slavender has 15 seconds left this turn.
|inactive|slavender has 10 seconds left.
|-message|slavender forfeited.
|
|win|mema20
|raw|slavender's rating: 1236 &rarr; <strong>1208</strong><br />(-28 for losing)
|raw|mema20's rating: 1191 &rarr; <strong>1219</strong><br />(+28 for winning)
|c|☆mema20|Jiji
|c|☆mema20|No que ibas a ganar
|l|☆mema20
|player|p2|
