|j|☆lelmoment
|j|☆saz 0619
|t:|1757913562
|gametype|singles
|player|p1|lelmoment|170|1613
|player|p2|saz 0619|steven|1619
|gen|9
|tier|[Gen 9] OU
|rated|
|rule|HP Percentage Mod: HP is shown in percentages
|rule|Endless Battle Clause: Forcing endless battles is banned
|rule|Species Clause: Limit one of each Pokémon
|rule|OHKO Clause: OHKO moves are banned
|rule|Evasion Items Clause: Evasion items are banned
|rule|Evasion Moves Clause: Evasion moves are banned
|rule|Evasion Abilities Clause: Evasion abilities are banned
|rule|Sleep Moves Clause: Sleep-inducing moves are banned
|clearpoke
|poke|p1|Deoxys-Speed|
|poke|p1|Dragonite, M|
|poke|p1|Darkrai|
|poke|p1|Iron Moth|
|poke|p1|Scizor, M|
|poke|p1|Great Tusk|
|poke|p2|Dragapult, M|
|poke|p2|Glimmora, M|
|poke|p2|Comfey, M|
|poke|p2|Kingambit, M|
|poke|p2|Ogerpon-Wellspring, F|
|poke|p2|Blaziken, M|
|teampreview
|inactive|Battle timer is ON: inactive players will automatically lose when time's up. (requested by saz 0619)
|inactive|lelmoment also wants the timer to be on.
|
|t:|1757913577
|teamsize|p1|6
|teamsize|p2|6
|start
|switch|p1a: Deoxys|Deoxys-Speed|100/100
|switch|p2a: Dragapult|Dragapult, M, shiny|100/100
|-ability|p1a: Deoxys|Pressure
|turn|1
|
|t:|1757913581
|move|p1a: Deoxys|Ice Beam|p2a: Dragapult
|-supereffective|p2a: Dragapult
|-damage|p2a: Dragapult|25/100
|move|p2a: Dragapult|Shadow Ball|p1a: Deoxys
|-supereffective|p1a: Deoxys
|-damage|p1a: Deoxys|0 fnt
|faint|p1a: Deoxys
|-damage|p2a: Dragapult|15/100|[from] item: Life Orb
|
|upkeep
|
|t:|1757913590
|switch|p1a: Great Tusk|Great Tusk|100/100
|-enditem|p1a: Great Tusk|Booster Energy
|-activate|p1a: Great Tusk|ability: Protosynthesis|[fromitem]
|-start|p1a: Great Tusk|protosynthesisspe
|turn|2
|
|t:|1757913597
|switch|p2a: Ogerpon|Ogerpon-Wellspring, F|100/100
|move|p1a: Great Tusk|Ice Spinner|p2a: Ogerpon
|-damage|p2a: Ogerpon|72/100
|
|upkeep
|turn|3
|
|t:|1757913603
|move|p1a: Great Tusk|Bulk Up|p1a: Great Tusk
|-boost|p1a: Great Tusk|atk|1
|-boost|p1a: Great Tusk|def|1
|move|p2a: Ogerpon|Ivy Cudgel|p1a: Great Tusk|[anim] Ivy Cudgel Water
|-supereffective|p1a: Great Tusk
|-damage|p1a: Great Tusk|52/100
|
|upkeep
|turn|4
|
|t:|1757913605
|move|p1a: Great Tusk|Bulk Up|p1a: Great Tusk
|-boost|p1a: Great Tusk|atk|1
|-boost|p1a: Great Tusk|def|1
|move|p2a: Ogerpon|Ivy Cudgel|p1a: Great Tusk|[anim] Ivy Cudgel Water
|-supereffective|p1a: Great Tusk
|-damage|p1a: Great Tusk|18/100
|
|upkeep
|turn|5
|
|t:|1757913608
|move|p1a: Great Tusk|Headlong Rush|p2a: Ogerpon
|-resisted|p2a: Ogerpon
|-damage|p2a: Ogerpon|8/100
|-unboost|p1a: Great Tusk|def|1
|-unboost|p1a: Great Tusk|spd|1
|move|p2a: Ogerpon|Ivy Cudgel|p1a: Great Tusk|[anim] Ivy Cudgel Water
|-supereffective|p1a: Great Tusk
|-damage|p1a: Great Tusk|0 fnt
|faint|p1a: Great Tusk
|-end|p1a: Great Tusk|Protosynthesis|[silent]
|
|upkeep
|
|t:|1757913617
|switch|p1a: Darkrai|Darkrai|100/100
|turn|6
|
|t:|1757913619
|move|p1a: Darkrai|Dark Pulse|p2a: Ogerpon
|-damage|p2a: Ogerpon|0 fnt
|faint|p2a: Ogerpon
|-damage|p1a: Darkrai|91/100|[from] item: Life Orb
|
|upkeep
|
|t:|1757913628
|switch|p2a: Glimmora|Glimmora, M|100/100
|turn|7
|inactive|lelmoment has 120 seconds left.
|
|t:|1757913682
|move|p1a: Darkrai|Dark Pulse|p2a: Glimmora
|-damage|p2a: Glimmora|43/100
|-enditem|p2a: Glimmora|Red Card|[of] p1a: Darkrai
|drag|p1a: Scizor|Scizor, M|100/100
|move|p2a: Glimmora|Stealth Rock|p1a: Scizor
|-sidestart|p1: lelmoment|move: Stealth Rock
|
|upkeep
|turn|8
|
|t:|1757913689
|move|p1a: Scizor|Bullet Punch|p2a: Glimmora
|-supereffective|p2a: Glimmora
|-damage|p2a: Glimmora|0 fnt
|-activate|p2a: Glimmora|ability: Toxic Debris
|-sidestart|p1: lelmoment|move: Toxic Spikes
|faint|p2a: Glimmora
|
|upkeep
|
|t:|1757913694
|switch|p2a: Blaziken|Blaziken, M, shiny|100/100
|turn|9
|inactive|lelmoment has 90 seconds left.
|
|t:|1757913738
|switch|p1a: Iron Moth|Iron Moth|100/100
|-damage|p1a: Iron Moth|76/100|[from] Stealth Rock
|-sideend|p1: lelmoment|move: Toxic Spikes|[of] p1a: Iron Moth
|-enditem|p1a: Iron Moth|Booster Energy
|-activate|p1a: Iron Moth|ability: Quark Drive|[fromitem]
|-start|p1a: Iron Moth|quarkdrivespe
|move|p2a: Blaziken|Knock Off|p1a: Iron Moth
|-damage|p1a: Iron Moth|34/100
|-damage|p2a: Blaziken|91/100|[from] item: Life Orb
|
|-ability|p2a: Blaziken|Speed Boost|boost
|-boost|p2a: Blaziken|spe|1
|upkeep
|turn|10
|
|t:|1757913748
|move|p1a: Iron Moth|Dazzling Gleam|p2a: Blaziken
|-damage|p2a: Blaziken|49/100
|move|p2a: Blaziken|Knock Off|p1a: Iron Moth
|-damage|p1a: Iron Moth|0 fnt
|faint|p1a: Iron Moth
|-end|p1a: Iron Moth|Quark Drive|[silent]
|-damage|p2a: Blaziken|39/100|[from] item: Life Orb
|
|-ability|p2a: Blaziken|Speed Boost|boost
|-boost|p2a: Blaziken|spe|1
|upkeep
|
|t:|1757913756
|switch|p1a: Dragonite|Dragonite, M|100/100
|-damage|p1a: Dragonite|76/100|[from] Stealth Rock
|turn|11
|
|t:|1757913760
|move|p2a: Blaziken|Knock Off|p1a: Dragonite
|-damage|p1a: Dragonite|30/100
|-enditem|p1a: Dragonite|Spell Tag|[from] move: Knock Off|[of] p2a: Blaziken
|-damage|p2a: Blaziken|29/100|[from] item: Life Orb
|move|p1a: Dragonite|Low Kick|p2a: Blaziken
|-damage|p2a: Blaziken|0 fnt
|faint|p2a: Blaziken
|
|upkeep
|
|t:|1757913765
|switch|p2a: Dragapult|Dragapult, M, shiny|15/100
|turn|12
|
|t:|1757913770
|move|p2a: Dragapult|Dragon Darts|p1a: Dragonite
|-supereffective|p1a: Dragonite
|-damage|p1a: Dragonite|0 fnt
|faint|p1a: Dragonite
|-damage|p2a: Dragapult|5/100|[from] item: Life Orb
|
|upkeep
|
|t:|1757913775
|switch|p1a: Darkrai|Darkrai|91/100
|-damage|p1a: Darkrai|78/100|[from] Stealth Rock
|turn|13
|
|t:|1757913778
|move|p1a: Darkrai|Sucker Punch|p2a: Dragapult
|-supereffective|p2a: Dragapult
|-damage|p2a: Dragapult|0 fnt
|faint|p2a: Dragapult
|-damage|p1a: Darkrai|68/100|[from] item: Life Orb
|
|upkeep
|
|t:|1757913781
|switch|p2a: Comfey|Comfey, M, shiny|100/100
|turn|14
|
|t:|1757913787
|switch|p1a: Scizor|Scizor, M|100/100
|-damage|p1a: Scizor|88/100|[from] Stealth Rock
|move|p2a: Comfey|Draining Kiss|p1a: Scizor
|-resisted|p1a: Scizor
|-damage|p1a: Scizor|69/100
|-damage|p2a: Comfey|91/100|[from] item: Life Orb
|
|upkeep
|turn|15
|
|t:|1757913798
|move|p2a: Comfey|Draining Kiss|p1a: Scizor
|-resisted|p1a: Scizor
|-damage|p1a: Scizor|52/100
|-heal|p2a: Comfey|100/100|[from] drain|[of] p1a: Scizor
|-damage|p2a: Comfey|91/100|[from] item: Life Orb
|move|p1a: Scizor|U-turn|p2a: Comfey
|-resisted|p2a: Comfey
|-damage|p2a: Comfey|54/100
|
|t:|1757913800
|switch|p1a: Darkrai|Darkrai|68/100|[from] U-turn
|-damage|p1a: Darkrai|56/100|[from] Stealth Rock
|
|upkeep
|turn|16
|
|t:|1757913805
|switch|p1a: Scizor|Scizor, M|52/100
|-damage|p1a: Scizor|40/100|[from] Stealth Rock
|move|p2a: Comfey|Draining Kiss|p1a: Scizor
|-resisted|p1a: Scizor
|-damage|p1a: Scizor|21/100
|-heal|p2a: Comfey|68/100|[from] drain|[of] p1a: Scizor
|-damage|p2a: Comfey|59/100|[from] item: Life Orb
|
|upkeep
|turn|17
|
|t:|1757913809
|move|p2a: Comfey|Draining Kiss|p1a: Scizor
|-resisted|p1a: Scizor
|-damage|p1a: Scizor|3/100
|-heal|p2a: Comfey|72/100|[from] drain|[of] p1a: Scizor
|-damage|p2a: Comfey|62/100|[from] item: Life Orb
|move|p1a: Scizor|Bullet Punch|p2a: Comfey
|-supereffective|p2a: Comfey
|-damage|p2a: Comfey|0 fnt
|faint|p2a: Comfey
|
|upkeep
|
|t:|1757913811
|switch|p2a: Kingambit|Kingambit, M, shiny|100/100
|-activate|p2a: Kingambit|ability: Supreme Overlord
|-start|p2a: Kingambit|fallen5|[silent]
|turn|18
|
|t:|1757913815
|move|p1a: Scizor|Bullet Punch|p2a: Kingambit
|-resisted|p2a: Kingambit
|-damage|p2a: Kingambit|81/100
|move|p2a: Kingambit|Swords Dance|p2a: Kingambit
|-boost|p2a: Kingambit|atk|2
|
|-heal|p2a: Kingambit|88/100|[from] item: Leftovers
|upkeep
|turn|19
|
|t:|1757913818
|move|p1a: Scizor|Bullet Punch|p2a: Kingambit
|-resisted|p2a: Kingambit
|-damage|p2a: Kingambit|70/100
|move|p2a: Kingambit|Kowtow Cleave|p1a: Scizor
|-damage|p1a: Scizor|0 fnt
|faint|p1a: Scizor
|
|-heal|p2a: Kingambit|76/100|[from] item: Leftovers
|upkeep
|
|t:|1757913819
|switch|p1a: Darkrai|Darkrai|56/100
|-damage|p1a: Darkrai|43/100|[from] Stealth Rock
|turn|20
|
|t:|1757913823
|-terastallize|p2a: Kingambit|Ghost
|move|p1a: Darkrai|Focus Blast|p2a: Kingambit
|-immune|p2a: Kingambit
|move|p2a: Kingambit|Iron Head|p1a: Darkrai
|-damage|p1a: Darkrai|0 fnt
|faint|p1a: Darkrai
|
|win|saz 0619
|raw|lelmoment's rating: 1613 &rarr; <strong>1593</strong><br />(-20 for losing)
|raw|saz 0619's rating: 1619 &rarr; <strong>1639</strong><br />(+20 for winning)
|l|☆lelmoment
|player|p1|
|l|☆saz 0619
|player|p2|
