|j|☆BabyGronkel
|j|☆JumboDorito
|t:|1757823075
|gametype|singles
|player|p1|BabyGronkel|juan|
|player|p2|JumboDorito|169|
|gen|9
|tier|[Gen 9] OU
|rule|HP Percentage Mod: HP is shown in percentages
|rule|Endless Battle Clause: Forcing endless battles is banned
|rule|Species Clause: Limit one of each Pokémon
|rule|OHKO Clause: OHKO moves are banned
|rule|Evasion Items Clause: Evasion items are banned
|rule|Evasion Moves Clause: Evasion moves are banned
|rule|Evasion Abilities Clause: Evasion abilities are banned
|rule|Sleep Moves Clause: Sleep-inducing moves are banned
|clearpoke
|poke|p1|Wo-Chien|
|poke|p1|Chimecho, F|
|poke|p1|Hariyama, F|
|poke|p1|Delphox, F|
|poke|p1|Darkrai|
|poke|p1|Persian, F|
|poke|p2|Milotic, M|
|poke|p2|Serperior, M|
|poke|p2|Sandaconda, F|
|poke|p2|Arbok, F|
|poke|p2|Eelektross, M|
|poke|p2|Gyarados, M|
|teampreview
|j| realjaxsondart
|
|t:|1757823119
|teamsize|p1|6
|teamsize|p2|6
|start
|switch|p1a: Token of Offering|Persian, F|100/100
|switch|p2a: Brown Snake|Sandaconda, F|100/100
|turn|1
|
|t:|1757823128
|move|p1a: Token of Offering|Fake Out|p2a: Brown Snake
|-damage|p2a: Brown Snake|85/100
|cant|p2a: Brown Snake|flinch
|
|-heal|p2a: Brown Snake|91/100|[from] item: Leftovers
|upkeep
|turn|2
|
|t:|1757823134
|move|p1a: Token of Offering|Taunt|p2a: Brown Snake
|-start|p2a: Brown Snake|move: Taunt
|cant|p2a: Brown Snake|move: Taunt|Stealth Rock
|
|-heal|p2a: Brown Snake|97/100|[from] item: Leftovers
|upkeep
|turn|3
|
|t:|1757823138
|move|p1a: Token of Offering|U-turn|p2a: Brown Snake
|-damage|p2a: Brown Snake|85/100
|
|t:|1757823144
|switch|p1a: Evil Spirit|Darkrai|100/100|[from] U-turn
|move|p2a: Brown Snake|Stone Edge|p1a: Evil Spirit|[miss]
|-miss|p2a: Brown Snake|p1a: Evil Spirit
|
|-heal|p2a: Brown Snake|91/100|[from] item: Leftovers
|upkeep
|turn|4
|
|t:|1757823177
|switch|p2a: Colorful Snake|Milotic, M|100/100
|move|p1a: Evil Spirit|Ice Beam|p2a: Colorful Snake
|-resisted|p2a: Colorful Snake
|-damage|p2a: Colorful Snake|85/100
|-damage|p1a: Evil Spirit|91/100|[from] item: Life Orb
|
|-status|p2a: Colorful Snake|brn|[from] item: Flame Orb
|upkeep
|turn|5
|
|t:|1757823189
|switch|p1a: Forest Spirit|Wo-Chien|100/100
|-ability|p1a: Forest Spirit|Tablets of Ruin
|move|p2a: Colorful Snake|Alluring Voice|p1a: Forest Spirit
|-supereffective|p1a: Forest Spirit
|-damage|p1a: Forest Spirit|81/100
|
|-heal|p1a: Forest Spirit|87/100|[from] item: Leftovers
|-damage|p2a: Colorful Snake|79/100 brn|[from] brn
|upkeep
|turn|6
|
|t:|1757823197
|switch|p2a: Brown Snake|Sandaconda, F|91/100
|move|p1a: Forest Spirit|Leech Seed|p2a: Brown Snake
|-start|p2a: Brown Snake|move: Leech Seed
|
|-heal|p2a: Brown Snake|97/100|[from] item: Leftovers
|-heal|p1a: Forest Spirit|94/100|[from] item: Leftovers
|-damage|p2a: Brown Snake|84/100|[from] Leech Seed|[of] p1a: Forest Spirit
|-heal|p1a: Forest Spirit|100/100|[silent]
|upkeep
|turn|7
|
|t:|1757823202
|move|p2a: Brown Snake|Stealth Rock|p1a: Forest Spirit
|-sidestart|p1: BabyGronkel|move: Stealth Rock
|move|p1a: Forest Spirit|Knock Off|p2a: Brown Snake
|-damage|p2a: Brown Snake|62/100
|-enditem|p2a: Brown Snake|Leftovers|[from] move: Knock Off|[of] p1a: Forest Spirit
|
|-damage|p2a: Brown Snake|49/100|[from] Leech Seed|[of] p1a: Forest Spirit
|upkeep
|turn|8
|
|t:|1757823209
|move|p2a: Brown Snake|Glare|p1a: Forest Spirit
|-status|p1a: Forest Spirit|par
|cant|p1a: Forest Spirit|par
|
|-damage|p2a: Brown Snake|37/100|[from] Leech Seed|[of] p1a: Forest Spirit
|upkeep
|turn|9
|
|t:|1757823215
|move|p2a: Brown Snake|Rest|p2a: Brown Snake
|-status|p2a: Brown Snake|slp|[from] move: Rest
|-heal|p2a: Brown Snake|100/100 slp|[silent]
|move|p1a: Forest Spirit|Ruination|p2a: Brown Snake
|-damage|p2a: Brown Snake|50/100 slp
|
|-damage|p2a: Brown Snake|38/100 slp|[from] Leech Seed|[of] p1a: Forest Spirit
|upkeep
|turn|10
|
|t:|1757823228
|switch|p2a: Floating Snake|Eelektross, M|100/100
|move|p1a: Forest Spirit|Knock Off|p2a: Floating Snake
|-damage|p2a: Floating Snake|71/100
|-enditem|p2a: Floating Snake|Leftovers|[from] move: Knock Off|[of] p1a: Forest Spirit
|
|upkeep
|turn|11
|
|t:|1757823235
|move|p2a: Floating Snake|Coil|p2a: Floating Snake
|-boost|p2a: Floating Snake|atk|1
|-boost|p2a: Floating Snake|def|1
|-boost|p2a: Floating Snake|accuracy|1
|move|p1a: Forest Spirit|Leech Seed|p2a: Floating Snake
|-start|p2a: Floating Snake|move: Leech Seed
|
|-damage|p2a: Floating Snake|59/100|[from] Leech Seed|[of] p1a: Forest Spirit
|upkeep
|turn|12
|
|t:|1757823253
|switch|p1a: Shrine Bell|Chimecho, F|100/100
|-damage|p1a: Shrine Bell|88/100|[from] Stealth Rock
|move|p2a: Floating Snake|Drain Punch|p1a: Shrine Bell
|-resisted|p1a: Shrine Bell
|-crit|p1a: Shrine Bell
|-damage|p1a: Shrine Bell|72/100
|-heal|p2a: Floating Snake|66/100|[from] drain|[of] p1a: Shrine Bell
|
|-heal|p1a: Shrine Bell|78/100|[from] item: Leftovers
|-damage|p2a: Floating Snake|54/100|[from] Leech Seed|[of] p1a: Shrine Bell
|-heal|p1a: Shrine Bell|91/100|[silent]
|upkeep
|turn|13
|
|t:|1757823268
|switch|p2a: Green Snake|Serperior, M|100/100
|move|p1a: Shrine Bell|Future Sight|p2a: Green Snake
|-start|p1a: Shrine Bell|move: Future Sight
|
|-heal|p1a: Shrine Bell|97/100|[from] item: Leftovers
|upkeep
|turn|14
|
|t:|1757823273
|move|p2a: Green Snake|Leaf Storm|p1a: Shrine Bell
|-damage|p1a: Shrine Bell|17/100
|-boost|p2a: Green Snake|spa|2
|move|p1a: Shrine Bell|Wish|p1a: Shrine Bell
|
|-heal|p1a: Shrine Bell|24/100|[from] item: Leftovers
|upkeep
|turn|15
|
|t:|1757823283
|switch|p1a: Forest Spirit|Wo-Chien|100/100 par
|-damage|p1a: Forest Spirit|88/100 par|[from] Stealth Rock
|-ability|p1a: Forest Spirit|Tablets of Ruin
|move|p2a: Green Snake|Leaf Storm|p1a: Forest Spirit
|-resisted|p1a: Forest Spirit
|-damage|p1a: Forest Spirit|50/100 par
|-boost|p2a: Green Snake|spa|2
|
|-end|p2a: Green Snake|move: Future Sight
|-damage|p2a: Green Snake|51/100
|-heal|p1a: Forest Spirit|98/100 par|[from] move: Wish|[wisher] Shrine Bell
|-heal|p1a: Forest Spirit|100/100 par|[from] item: Leftovers
|upkeep
|turn|16
|
|t:|1757823316
|switch|p1a: Shrine Bell|Chimecho, F|24/100
|-damage|p1a: Shrine Bell|11/100|[from] Stealth Rock
|move|p2a: Green Snake|Leaf Storm|p1a: Shrine Bell
|-damage|p1a: Shrine Bell|0 fnt
|-boost|p2a: Green Snake|spa|2
|faint|p1a: Shrine Bell
|
|upkeep
|
|t:|1757823322
|switch|p1a: Evil Spirit|Darkrai|91/100
|-damage|p1a: Evil Spirit|78/100|[from] Stealth Rock
|turn|17
|
|t:|1757823330
|switch|p2a: Floating Snake|Eelektross, M|54/100
|move|p1a: Evil Spirit|Dark Pulse|p2a: Floating Snake
|-damage|p2a: Floating Snake|14/100
|-damage|p1a: Evil Spirit|68/100|[from] item: Life Orb
|
|upkeep
|turn|18
|
|t:|1757823335
|move|p1a: Evil Spirit|Dark Pulse|p2a: Floating Snake
|-damage|p2a: Floating Snake|0 fnt
|faint|p2a: Floating Snake
|-damage|p1a: Evil Spirit|58/100|[from] item: Life Orb
|
|upkeep
|
|t:|1757823351
|switch|p2a: Purple Snake|Arbok, F|100/100
|-ability|p2a: Purple Snake|Intimidate|boost
|-unboost|p1a: Evil Spirit|atk|1
|turn|19
|
|t:|1757823385
|switch|p1a: Fox|Delphox, F|100/100
|-damage|p1a: Fox|76/100|[from] Stealth Rock
|move|p2a: Purple Snake|Sludge Wave|p1a: Fox
|-damage|p1a: Fox|38/100
|
|upkeep
|turn|20
|
|t:|1757823414
|switch|p2a: Brown Snake|Sandaconda, F|38/100 slp
|move|p1a: Fox|Calm Mind|p1a: Fox
|-boost|p1a: Fox|spa|1
|-boost|p1a: Fox|spd|1
|
|upkeep
|turn|21
|
|t:|1757823424
|move|p1a: Fox|Calm Mind|p1a: Fox
|-boost|p1a: Fox|spa|1
|-boost|p1a: Fox|spd|1
|cant|p2a: Brown Snake|slp
|
|upkeep
|turn|22
|
|t:|1757823429
|move|p1a: Fox|Stored Power|p2a: Brown Snake
|-damage|p2a: Brown Snake|0 fnt
|faint|p2a: Brown Snake
|
|upkeep
|
|t:|1757823440
|switch|p2a: Colorful Snake|Milotic, M|79/100 brn
|turn|23
|
|t:|1757823448
|move|p1a: Fox|Stored Power|p2a: Colorful Snake
|-damage|p2a: Colorful Snake|8/100 brn
|move|p2a: Colorful Snake|Scald|p1a: Fox
|-supereffective|p1a: Fox
|-damage|p1a: Fox|5/100
|
|-damage|p2a: Colorful Snake|2/100 brn|[from] brn
|upkeep
|turn|24
|
|t:|1757823456
|move|p1a: Fox|Stored Power|p2a: Colorful Snake
|-damage|p2a: Colorful Snake|0 fnt
|faint|p2a: Colorful Snake
|
|upkeep
|
|t:|1757823459
|switch|p2a: Green Snake|Serperior, M|51/100
|turn|25
|
|t:|1757823469
|move|p2a: Green Snake|Leaf Storm|p1a: Fox
|-resisted|p1a: Fox
|-damage|p1a: Fox|0 fnt
|-boost|p2a: Green Snake|spa|2
|faint|p1a: Fox
|
|upkeep
|
|t:|1757823473
|switch|p1a: Evil Spirit|Darkrai|58/100
|-damage|p1a: Evil Spirit|46/100|[from] Stealth Rock
|turn|26
|
|t:|1757823503
|move|p1a: Evil Spirit|Sludge Bomb|p2a: Green Snake
|-supereffective|p2a: Green Snake
|-damage|p2a: Green Snake|0 fnt
|faint|p2a: Green Snake
|-damage|p1a: Evil Spirit|36/100|[from] item: Life Orb
|
|upkeep
|
|t:|1757823506
|switch|p2a: Purple Snake|Arbok, F|100/100
|-ability|p2a: Purple Snake|Intimidate|boost
|-unboost|p1a: Evil Spirit|atk|1
|turn|27
|
|t:|1757823518
|move|p1a: Evil Spirit|Dark Pulse|p2a: Purple Snake
|-damage|p2a: Purple Snake|12/100
|-damage|p1a: Evil Spirit|26/100|[from] item: Life Orb
|move|p2a: Purple Snake|Sludge Wave|p1a: Evil Spirit
|-damage|p1a: Evil Spirit|0 fnt
|faint|p1a: Evil Spirit
|
|upkeep
|
|t:|1757823525
|switch|p1a: Token of Offering|Persian, F|100/100
|-damage|p1a: Token of Offering|88/100|[from] Stealth Rock
|turn|28
|
|t:|1757823534
|move|p1a: Token of Offering|Fake Out|p2a: Purple Snake
|-damage|p2a: Purple Snake|0 fnt
|faint|p2a: Purple Snake
|
|upkeep
|
|t:|1757823536
|switch|p2a: Water Snake|Gyarados, M|100/100
|-ability|p2a: Water Snake|Intimidate|boost
|-unboost|p1a: Token of Offering|atk|1
|turn|29
|
|t:|1757823541
|move|p1a: Token of Offering|Taunt|p2a: Water Snake
|-start|p2a: Water Snake|move: Taunt
|cant|p2a: Water Snake|move: Taunt|Dragon Dance
|
|upkeep
|turn|30
|
|t:|1757823545
|move|p1a: Token of Offering|U-turn|p2a: Water Snake
|-resisted|p2a: Water Snake
|-damage|p2a: Water Snake|94/100
|
|t:|1757823546
|switch|p1a: Praying Monk|Hariyama, F|100/100|[from] U-turn
|-damage|p1a: Praying Monk|94/100|[from] Stealth Rock
|move|p2a: Water Snake|Waterfall|p1a: Praying Monk
|-damage|p1a: Praying Monk|50/100
|
|upkeep
|turn|31
|
|t:|1757823558
|move|p2a: Water Snake|Waterfall|p1a: Praying Monk
|-damage|p1a: Praying Monk|3/100
|move|p1a: Praying Monk|Drain Punch|p2a: Water Snake
|-resisted|p2a: Water Snake
|-damage|p2a: Water Snake|65/100
|-heal|p1a: Praying Monk|13/100|[from] drain|[of] p2a: Water Snake
|
|-end|p2a: Water Snake|move: Taunt
|upkeep
|turn|32
|
|t:|1757823568
|move|p2a: Water Snake|Waterfall|p1a: Praying Monk
|-damage|p1a: Praying Monk|0 fnt
|faint|p1a: Praying Monk
|
|upkeep
|
|t:|1757823570
|switch|p1a: Token of Offering|Persian, F|88/100
|-damage|p1a: Token of Offering|75/100|[from] Stealth Rock
|turn|33
|
|t:|1757823574
|move|p1a: Token of Offering|Fake Out|p2a: Water Snake
|-damage|p2a: Water Snake|37/100
|cant|p2a: Water Snake|flinch
|
|upkeep
|turn|34
|
|t:|1757823588
|move|p1a: Token of Offering|Body Slam|p2a: Water Snake
|-damage|p2a: Water Snake|0 fnt
|faint|p2a: Water Snake
|
|win|BabyGronkel
|l|☆BabyGronkel
|player|p1|
