|j|☆quetzuma
|j|☆LonelySxNner
|t:|1757859379
|gametype|singles
|player|p1|quetzuma|drayden|1422
|player|p2|LonelySxNner|102|1360
|gen|9
|tier|[Gen 9] OU
|rated|
|rule|HP Percentage Mod: HP is shown in percentages
|rule|Endless Battle Clause: Forcing endless battles is banned
|rule|Species Clause: Limit one of each Pokémon
|rule|OHKO Clause: OHKO moves are banned
|rule|Evasion Items Clause: Evasion items are banned
|rule|Evasion Moves Clause: Evasion moves are banned
|rule|Evasion Abilities Clause: Evasion abilities are banned
|rule|Sleep Moves Clause: Sleep-inducing moves are banned
|clearpoke
|poke|p1|Delphox, M|
|poke|p1|Gholdengo|
|poke|p1|Great Tusk|
|poke|p1|Araquanid, F|
|poke|p1|Raging Bolt|
|poke|p1|Rillaboom, M|
|poke|p2|Meloetta|
|poke|p2|Typhlosion-Hisui, M|
|poke|p2|Ceruledge, F|
|poke|p2|Grimmsnarl, M|
|poke|p2|Greninja-*, M|
|poke|p2|Hoopa-Unbound|
|teampreview
|inactive|Battle timer is ON: inactive players will automatically lose when time's up. (requested by quetzuma)
|
|t:|1757859410
|teamsize|p1|6
|teamsize|p2|6
|start
|switch|p1a: Rillaboom|Rillaboom, M|100/100
|switch|p2a: Grimmsnarl|Grimmsnarl, M|100/100
|-fieldstart|move: Grassy Terrain|[from] ability: Grassy Surge|[of] p1a: Rillaboom
|turn|1
|inactive|quetzuma has 120 seconds left.
|
|t:|1757859441
|move|p2a: Grimmsnarl|Reflect|p2a: Grimmsnarl
|-sidestart|p2: LonelySxNner|Reflect
|move|p1a: Rillaboom|Wood Hammer|p2a: Grimmsnarl
|-damage|p2a: Grimmsnarl|42/100
|-damage|p1a: Rillaboom|79/100|[from] Recoil
|
|-heal|p1a: Rillaboom|86/100|[from] Grassy Terrain
|-heal|p2a: Grimmsnarl|48/100|[from] Grassy Terrain
|upkeep
|turn|2
|
|t:|1757859446
|move|p2a: Grimmsnarl|Parting Shot|p1a: Rillaboom
|-unboost|p1a: Rillaboom|atk|1
|-unboost|p1a: Rillaboom|spa|1
|
|t:|1757859449
|switch|p2a: Ceruledge|Ceruledge, F|100/100|[from] Parting Shot
|move|p1a: Rillaboom|Wood Hammer|p2a: Ceruledge
|-resisted|p2a: Ceruledge
|-damage|p2a: Ceruledge|72/100
|-ability|p2a: Ceruledge|Weak Armor|boost
|-unboost|p2a: Ceruledge|def|1
|-boost|p2a: Ceruledge|spe|2
|-damage|p1a: Rillaboom|78/100|[from] Recoil
|
|-heal|p2a: Ceruledge|79/100|[from] Grassy Terrain
|-heal|p1a: Rillaboom|84/100|[from] Grassy Terrain
|upkeep
|turn|3
|
|t:|1757859452
|switch|p1a: Raging Bolt|Raging Bolt|100/100
|move|p2a: Ceruledge|Swords Dance|p2a: Ceruledge
|-boost|p2a: Ceruledge|atk|2
|
|-heal|p2a: Ceruledge|85/100|[from] Grassy Terrain
|upkeep
|turn|4
|
|t:|1757859457
|move|p2a: Ceruledge|Bitter Blade|p1a: Raging Bolt
|-resisted|p1a: Raging Bolt
|-damage|p1a: Raging Bolt|69/100
|-heal|p2a: Ceruledge|100/100|[from] drain|[of] p1a: Raging Bolt
|move|p1a: Raging Bolt|Thunderbolt|p2a: Ceruledge
|-damage|p2a: Ceruledge|51/100
|
|-heal|p2a: Ceruledge|57/100|[from] Grassy Terrain
|-heal|p1a: Raging Bolt|75/100|[from] Grassy Terrain
|-heal|p1a: Raging Bolt|81/100|[from] item: Leftovers
|upkeep
|turn|5
|
|t:|1757859472
|move|p2a: Ceruledge|Bitter Blade|p1a: Raging Bolt
|-resisted|p1a: Raging Bolt
|-damage|p1a: Raging Bolt|49/100
|-heal|p2a: Ceruledge|82/100|[from] drain|[of] p1a: Raging Bolt
|move|p1a: Raging Bolt|Thunderbolt|p2a: Ceruledge
|-damage|p2a: Ceruledge|34/100
|
|-heal|p2a: Ceruledge|40/100|[from] Grassy Terrain
|-heal|p1a: Raging Bolt|56/100|[from] Grassy Terrain
|-heal|p1a: Raging Bolt|62/100|[from] item: Leftovers
|-fieldend|move: Grassy Terrain
|upkeep
|turn|6
|
|t:|1757859475
|move|p2a: Ceruledge|Bitter Blade|p1a: Raging Bolt
|-resisted|p1a: Raging Bolt
|-damage|p1a: Raging Bolt|30/100
|-heal|p2a: Ceruledge|65/100|[from] drain|[of] p1a: Raging Bolt
|move|p1a: Raging Bolt|Thunderbolt|p2a: Ceruledge
|-damage|p2a: Ceruledge|14/100
|
|-heal|p1a: Raging Bolt|37/100|[from] item: Leftovers
|upkeep
|turn|7
|
|t:|1757859479
|move|p2a: Ceruledge|Swords Dance|p2a: Ceruledge
|-boost|p2a: Ceruledge|atk|2
|move|p1a: Raging Bolt|Thunderbolt|p2a: Ceruledge
|-damage|p2a: Ceruledge|0 fnt
|faint|p2a: Ceruledge
|
|-heal|p1a: Raging Bolt|43/100|[from] item: Leftovers
|upkeep
|
|t:|1757859482
|switch|p2a: Hoopa|Hoopa-Unbound|100/100
|turn|8
|
|t:|1757859496
|-end|p1a: Raging Bolt|Protosynthesis|[silent]
|switch|p1a: Gholdengo|Gholdengo|100/100
|-item|p1a: Gholdengo|Air Balloon
|move|p2a: Hoopa|Psychic|p1a: Gholdengo
|-resisted|p1a: Gholdengo
|-crit|p1a: Gholdengo
|-damage|p1a: Gholdengo|38/100
|-enditem|p1a: Gholdengo|Air Balloon
|
|-sideend|p2: LonelySxNner|Reflect
|upkeep
|turn|9
|
|t:|1757859501
|move|p2a: Hoopa|Psychic|p1a: Gholdengo
|-resisted|p1a: Gholdengo
|-damage|p1a: Gholdengo|0 fnt
|faint|p1a: Gholdengo
|
|upkeep
|
|t:|1757859507
|switch|p1a: Araquanid|Araquanid, F|100/100
|turn|10
|
|t:|1757859520
|-terastallize|p2a: Hoopa|Psychic
|move|p2a: Hoopa|Psychic|p1a: Araquanid
|-damage|p1a: Araquanid|30/100
|move|p1a: Araquanid|Sticky Web|p2a: Hoopa
|-sidestart|p2: LonelySxNner|move: Sticky Web
|
|-heal|p1a: Araquanid|36/100|[from] item: Leftovers
|upkeep
|turn|11
|
|t:|1757859529
|switch|p1a: Raging Bolt|Raging Bolt|43/100
|move|p2a: Hoopa|Psychic|p1a: Raging Bolt
|-damage|p1a: Raging Bolt|0 fnt
|faint|p1a: Raging Bolt
|-end|p1a: Raging Bolt|Protosynthesis|[silent]
|
|upkeep
|
|t:|1757859531
|switch|p1a: Rillaboom|Rillaboom, M|84/100
|-fieldstart|move: Grassy Terrain|[from] ability: Grassy Surge|[of] p1a: Rillaboom
|turn|12
|
|t:|1757859537
|move|p1a: Rillaboom|Wood Hammer|p2a: Hoopa
|-damage|p2a: Hoopa|0 fnt
|faint|p2a: Hoopa
|-damage|p1a: Rillaboom|55/100|[from] Recoil
|
|-heal|p1a: Rillaboom|61/100|[from] Grassy Terrain
|upkeep
|
|t:|1757859544
|switch|p2a: Grimmsnarl|Grimmsnarl, M|48/100
|-activate|p2a: Grimmsnarl|move: Sticky Web
|-unboost|p2a: Grimmsnarl|spe|1
|turn|13
|
|t:|1757859553
|move|p2a: Grimmsnarl|Reflect|p2a: Grimmsnarl
|-sidestart|p2: LonelySxNner|Reflect
|move|p1a: Rillaboom|Wood Hammer|p2a: Grimmsnarl
|-damage|p2a: Grimmsnarl|0 fnt
|faint|p2a: Grimmsnarl
|-damage|p1a: Rillaboom|44/100|[from] Recoil
|
|-heal|p1a: Rillaboom|50/100|[from] Grassy Terrain
|upkeep
|
|t:|1757859559
|switch|p2a: Typhlosion|Typhlosion-Hisui, M|100/100
|-activate|p2a: Typhlosion|move: Sticky Web
|-unboost|p2a: Typhlosion|spe|1
|-item|p1a: Rillaboom|Choice Band|[from] ability: Frisk|[of] p2a: Typhlosion
|turn|14
|
|t:|1757859582
|switch|p1a: Araquanid|Araquanid, F|36/100
|move|p2a: Typhlosion|Shadow Ball|p1a: Araquanid
|-damage|p1a: Araquanid|12/100
|
|-heal|p1a: Araquanid|18/100|[from] Grassy Terrain
|-heal|p1a: Araquanid|24/100|[from] item: Leftovers
|upkeep
|turn|15
|
|t:|1757859607
|switch|p1a: Great Tusk|Great Tusk|100/100
|move|p2a: Typhlosion|Shadow Ball|p1a: Great Tusk
|-damage|p1a: Great Tusk|38/100
|
|-heal|p1a: Great Tusk|44/100|[from] Grassy Terrain
|-heal|p1a: Great Tusk|50/100|[from] item: Leftovers
|upkeep
|turn|16
|
|t:|1757859612
|move|p1a: Great Tusk|Headlong Rush|p2a: Typhlosion
|-supereffective|p2a: Typhlosion
|-crit|p2a: Typhlosion
|-damage|p2a: Typhlosion|0 fnt
|-unboost|p1a: Great Tusk|def|1
|-unboost|p1a: Great Tusk|spd|1
|faint|p2a: Typhlosion
|
|-heal|p1a: Great Tusk|57/100|[from] Grassy Terrain
|-heal|p1a: Great Tusk|63/100|[from] item: Leftovers
|-fieldend|move: Grassy Terrain
|upkeep
|
|t:|1757859615
|switch|p2a: Greninja|Greninja, M|100/100
|-activate|p2a: Greninja|move: Sticky Web
|-unboost|p2a: Greninja|spe|1
|turn|17
|
|t:|1757859619
|-end|p1a: Great Tusk|Protosynthesis|[silent]
|switch|p1a: Araquanid|Araquanid, F|24/100
|move|p2a: Greninja|Surf|p1a: Araquanid
|-resisted|p1a: Araquanid
|-damage|p1a: Araquanid|4/100
|
|-heal|p1a: Araquanid|11/100|[from] item: Leftovers
|upkeep
|turn|18
|
|t:|1757859622
|switch|p1a: Rillaboom|Rillaboom, M|50/100
|-fieldstart|move: Grassy Terrain|[from] ability: Grassy Surge|[of] p1a: Rillaboom
|move|p2a: Greninja|Surf|p1a: Rillaboom
|-resisted|p1a: Rillaboom
|-damage|p1a: Rillaboom|8/100
|
|-heal|p1a: Rillaboom|14/100|[from] Grassy Terrain
|upkeep
|turn|19
|
|t:|1757859625
|move|p1a: Rillaboom|Grassy Glide|p2a: Greninja
|-supereffective|p2a: Greninja
|-damage|p2a: Greninja|12/100
|move|p2a: Greninja|Surf|p1a: Rillaboom
|-resisted|p1a: Rillaboom
|-damage|p1a: Rillaboom|0 fnt
|faint|p1a: Rillaboom
|-ability|p2a: Greninja|Battle Bond|boost
|-boost|p2a: Greninja|atk|1
|-boost|p2a: Greninja|spa|1
|-boost|p2a: Greninja|spe|1
|-activate|p2a: Greninja|ability: Battle Bond
|
|-heal|p2a: Greninja|18/100|[from] Grassy Terrain
|upkeep
|
|t:|1757859632
|switch|p1a: Delphox|Delphox, M|100/100
|turn|20
|
|t:|1757859636
|-terastallize|p1a: Delphox|Normal
|move|p2a: Greninja|Surf|p1a: Delphox
|-damage|p1a: Delphox|0 fnt
|faint|p1a: Delphox
|
|-heal|p2a: Greninja|24/100|[from] Grassy Terrain
|-sideend|p2: LonelySxNner|Reflect
|upkeep
|
|t:|1757859641
|switch|p1a: Great Tusk|Great Tusk|63/100
|turn|21
|
|t:|1757859642
|move|p2a: Greninja|Surf|p1a: Great Tusk
|-supereffective|p1a: Great Tusk
|-damage|p1a: Great Tusk|0 fnt
|faint|p1a: Great Tusk
|-end|p1a: Great Tusk|Protosynthesis|[silent]
|
|-heal|p2a: Greninja|30/100|[from] Grassy Terrain
|upkeep
|
|t:|1757859644
|switch|p1a: Araquanid|Araquanid, F|11/100
|turn|22
|
|t:|1757859645
|move|p2a: Greninja|Surf|p1a: Araquanid
|-resisted|p1a: Araquanid
|-damage|p1a: Araquanid|0 fnt
|faint|p1a: Araquanid
|
|win|LonelySxNner
|raw|quetzuma's rating: 1422 &rarr; <strong>1398</strong><br />(-24 for losing)
|raw|LonelySxNner's rating: 1360 &rarr; <strong>1384</strong><br />(+24 for winning)
|l|☆quetzuma
|player|p1|
|l|☆LonelySxNner
|player|p2|
