|badge|p1|silver|gen9doublesou|30-6
|uhtml|medal-msg|<div class="broadcast-blue">Curious what those medals under the avatar are? PS now has Ladder Seasons! For more information, check out the <a href="https://www.smogon.com/forums/threads/3740067/">thread on Smogon.</a></div>
|j|☆Il Falco
|j|☆Luda20
|t:|1757940884
|gametype|singles
|player|p1|Il Falco|cheren-masters|1328
|player|p2|Luda20|266|1360
|gen|9
|tier|[Gen 9] OU
|rated|
|rule|HP Percentage Mod: HP is shown in percentages
|rule|Endless Battle Clause: Forcing endless battles is banned
|rule|Species Clause: Limit one of each Pokémon
|rule|OHKO Clause: OHKO moves are banned
|rule|Evasion Items Clause: Evasion items are banned
|rule|Evasion Moves Clause: Evasion moves are banned
|rule|Evasion Abilities Clause: Evasion abilities are banned
|rule|Sleep Moves Clause: Sleep-inducing moves are banned
|clearpoke
|poke|p1|Samurott-Hisui, M|
|poke|p1|Great Tusk|
|poke|p1|Gholdengo|
|poke|p1|Landorus-Therian, M|
|poke|p1|Volcanion|
|poke|p1|Hydrapple, M|
|poke|p2|Rillaboom, F|
|poke|p2|Dragalge, M|
|poke|p2|Iron Crown|
|poke|p2|Rotom-Wash|
|poke|p2|Ting-Lu|
|poke|p2|Great Tusk|
|teampreview
|inactive|Battle timer is ON: inactive players will automatically lose when time's up. (requested by Luda20)
|
|t:|1757940904
|teamsize|p1|6
|teamsize|p2|6
|start
|switch|p1a: Volcanion|Volcanion|100/100
|switch|p2a: Rotom|Rotom-Wash|100/100
|turn|1
|
|t:|1757940914
|switch|p1a: Great Tusk|Great Tusk|100/100
|move|p2a: Rotom|Hydro Pump|p1a: Great Tusk
|-supereffective|p1a: Great Tusk
|-damage|p1a: Great Tusk|0 fnt
|faint|p1a: Great Tusk
|-end|p1a: Great Tusk|Protosynthesis|[silent]
|
|upkeep
|
|t:|1757940923
|switch|p1a: Landorus|Landorus-Therian, M|100/100
|-ability|p1a: Landorus|Intimidate|boost
|-unboost|p2a: Rotom|atk|1
|turn|2
|
|t:|1757940935
|switch|p2a: Ting-Lu|Ting-Lu|100/100
|-ability|p2a: Ting-Lu|Vessel of Ruin
|move|p1a: Landorus|U-turn|p2a: Ting-Lu
|-supereffective|p2a: Ting-Lu
|-damage|p2a: Ting-Lu|70/100
|
|t:|1757940942
|switch|p1a: Samurott|Samurott-Hisui, M|100/100|[from] U-turn
|
|-heal|p2a: Ting-Lu|76/100|[from] item: Leftovers
|upkeep
|turn|3
|
|t:|1757940947
|move|p1a: Samurott|Ceaseless Edge|p2a: Ting-Lu
|-resisted|p2a: Ting-Lu
|-damage|p2a: Ting-Lu|65/100
|-sidestart|p2: Luda20|Spikes
|move|p2a: Ting-Lu|Stealth Rock|p1a: Samurott
|-sidestart|p1: Il Falco|move: Stealth Rock
|
|-heal|p2a: Ting-Lu|71/100|[from] item: Leftovers
|upkeep
|turn|4
|
|t:|1757940959
|switch|p2a: Rillaboom|Rillaboom, F|100/100
|-damage|p2a: Rillaboom|88/100|[from] Spikes
|-fieldstart|move: Grassy Terrain|[from] ability: Grassy Surge|[of] p2a: Rillaboom
|move|p1a: Samurott|Ceaseless Edge|p2a: Rillaboom
|-damage|p2a: Rillaboom|47/100
|-sidestart|p2: Luda20|Spikes
|
|-heal|p2a: Rillaboom|53/100|[from] Grassy Terrain
|upkeep
|turn|5
|
|t:|1757940968
|switch|p1a: Hydrapple|Hydrapple, M|100/100
|-damage|p1a: Hydrapple|88/100|[from] Stealth Rock
|move|p2a: Rillaboom|U-turn|p1a: Hydrapple
|-supereffective|p1a: Hydrapple
|-damage|p1a: Hydrapple|49/100
|-damage|p2a: Rillaboom|37/100|[from] item: Rocky Helmet|[of] p1a: Hydrapple
|
|t:|1757940981
|switch|p2a: Great Tusk|Great Tusk|100/100|[from] U-turn
|-damage|p2a: Great Tusk|84/100|[from] Spikes
|
|-heal|p2a: Great Tusk|90/100|[from] Grassy Terrain
|-heal|p1a: Hydrapple|55/100|[from] Grassy Terrain
|upkeep
|turn|6
|
|t:|1757941006
|switch|p1a: Volcanion|Volcanion|100/100
|move|p2a: Great Tusk|Knock Off|p1a: Volcanion
|-damage|p1a: Volcanion|79/100
|-enditem|p1a: Volcanion|Heavy-Duty Boots|[from] move: Knock Off|[of] p2a: Great Tusk
|
|-heal|p2a: Great Tusk|96/100|[from] Grassy Terrain
|-heal|p1a: Volcanion|85/100|[from] Grassy Terrain
|upkeep
|turn|7
|
|t:|1757941024
|-end|p2a: Great Tusk|Protosynthesis|[silent]
|switch|p2a: Rotom|Rotom-Wash|100/100
|switch|p1a: Landorus|Landorus-Therian, M|100/100
|-damage|p1a: Landorus|88/100|[from] Stealth Rock
|-ability|p1a: Landorus|Intimidate|boost
|-unboost|p2a: Rotom|atk|1
|
|upkeep
|turn|8
|
|t:|1757941033
|move|p1a: Landorus|U-turn|p2a: Rotom
|-damage|p2a: Rotom|70/100
|-damage|p1a: Landorus|72/100|[from] item: Rocky Helmet|[of] p2a: Rotom
|
|t:|1757941037
|switch|p1a: Hydrapple|Hydrapple, M|88/100|[from] U-turn
|-damage|p1a: Hydrapple|76/100|[from] Stealth Rock
|move|p2a: Rotom|Hydro Pump|p1a: Hydrapple|[miss]
|-miss|p2a: Rotom|p1a: Hydrapple
|
|-heal|p1a: Hydrapple|82/100|[from] Grassy Terrain
|-fieldend|move: Grassy Terrain
|upkeep
|turn|9
|
|t:|1757941052
|move|p2a: Rotom|Volt Switch|p1a: Hydrapple
|-resisted|p1a: Hydrapple
|-damage|p1a: Hydrapple|76/100
|
|t:|1757941055
|switch|p2a: Iron Crown|Iron Crown|100/100|[from] Volt Switch
|-damage|p2a: Iron Crown|84/100|[from] Spikes
|move|p1a: Hydrapple|Fickle Beam|p2a: Iron Crown
|-resisted|p2a: Iron Crown
|-damage|p2a: Iron Crown|72/100
|
|upkeep
|turn|10
|
|t:|1757941068
|move|p2a: Iron Crown|Volt Switch|p1a: Hydrapple
|-resisted|p1a: Hydrapple
|-damage|p1a: Hydrapple|70/100
|
|t:|1757941071
|-end|p2a: Iron Crown|Quark Drive|[silent]
|switch|p2a: Great Tusk|Great Tusk|96/100|[from] Volt Switch
|-damage|p2a: Great Tusk|80/100|[from] Spikes
|move|p1a: Hydrapple|Earth Power|p2a: Great Tusk
|-damage|p2a: Great Tusk|57/100
|
|upkeep
|turn|11
|
|t:|1757941075
|move|p2a: Great Tusk|Rapid Spin|p1a: Hydrapple
|-crit|p1a: Hydrapple
|-damage|p1a: Hydrapple|57/100
|-boost|p2a: Great Tusk|spe|1
|-damage|p2a: Great Tusk|40/100|[from] item: Rocky Helmet|[of] p1a: Hydrapple
|-sideend|p2: Luda20|Spikes|[from] move: Rapid Spin|[of] p2a: Great Tusk
|move|p1a: Hydrapple|Giga Drain|p2a: Great Tusk
|-supereffective|p2a: Great Tusk
|-damage|p2a: Great Tusk|0 fnt
|-heal|p1a: Hydrapple|78/100|[from] drain|[of] p2a: Great Tusk
|faint|p2a: Great Tusk
|-end|p2a: Great Tusk|Protosynthesis|[silent]
|
|upkeep
|
|t:|1757941089
|switch|p2a: Iron Crown|Iron Crown|72/100
|turn|12
|
|t:|1757941094
|move|p2a: Iron Crown|Psychic Noise|p1a: Hydrapple
|-damage|p1a: Hydrapple|38/100
|-start|p1a: Hydrapple|move: Heal Block
|cant|p1a: Hydrapple|move: Heal Block|Giga Drain
|
|upkeep
|turn|13
|
|t:|1757941107
|switch|p1a: Landorus|Landorus-Therian, M|72/100
|-damage|p1a: Landorus|59/100|[from] Stealth Rock
|-ability|p1a: Landorus|Intimidate|boost
|-unboost|p2a: Iron Crown|atk|1
|move|p2a: Iron Crown|Tachyon Cutter|p1a: Landorus
|-damage|p1a: Landorus|25/100
|-damage|p1a: Landorus|0 fnt
|faint|p1a: Landorus
|-hitcount|p1: Landorus|2
|
|upkeep
|
|t:|1757941114
|switch|p1a: Samurott|Samurott-Hisui, M|100/100
|-damage|p1a: Samurott|88/100|[from] Stealth Rock
|turn|14
|
|t:|1757941121
|move|p1a: Samurott|Sucker Punch|p2a: Iron Crown
|-supereffective|p2a: Iron Crown
|-damage|p2a: Iron Crown|9/100
|move|p2a: Iron Crown|Volt Switch|p1a: Samurott
|-supereffective|p1a: Samurott
|-damage|p1a: Samurott|55/100
|
|t:|1757941130
|-end|p2a: Iron Crown|Quark Drive|[silent]
|switch|p2a: Rotom|Rotom-Wash|70/100|[from] Volt Switch
|
|upkeep
|turn|15
|
|t:|1757941141
|move|p2a: Rotom|Volt Switch|p1a: Samurott
|-supereffective|p1a: Samurott
|-damage|p1a: Samurott|21/100
|
|t:|1757941145
|switch|p2a: Dragalge|Dragalge, M|100/100|[from] Volt Switch
|move|p1a: Samurott|Ceaseless Edge|p2a: Dragalge
|-crit|p2a: Dragalge
|-damage|p2a: Dragalge|49/100
|-sidestart|p2: Luda20|Spikes
|
|-heal|p2a: Dragalge|55/100|[from] item: Leftovers
|upkeep
|turn|16
|
|t:|1757941156
|move|p1a: Samurott|Knock Off|p2a: Dragalge
|-damage|p2a: Dragalge|20/100
|-enditem|p2a: Dragalge|Leftovers|[from] move: Knock Off|[of] p1a: Samurott
|move|p2a: Dragalge|Sludge Bomb|p1a: Samurott
|-damage|p1a: Samurott|0 fnt
|faint|p1a: Samurott
|
|upkeep
|
|t:|1757941164
|switch|p1a: Gholdengo|Gholdengo|100/100
|-damage|p1a: Gholdengo|94/100|[from] Stealth Rock
|-item|p1a: Gholdengo|Air Balloon
|turn|17
|
|t:|1757941168
|move|p1a: Gholdengo|Nasty Plot|p1a: Gholdengo
|-boost|p1a: Gholdengo|spa|2
|move|p2a: Dragalge|Flip Turn|p1a: Gholdengo
|-damage|p1a: Gholdengo|83/100
|-enditem|p1a: Gholdengo|Air Balloon
|
|t:|1757941181
|switch|p2a: Ting-Lu|Ting-Lu|71/100|[from] Flip Turn
|-damage|p2a: Ting-Lu|58/100|[from] Spikes
|-ability|p2a: Ting-Lu|Vessel of Ruin
|
|-heal|p2a: Ting-Lu|65/100|[from] item: Leftovers
|upkeep
|turn|18
|
|t:|1757941189
|move|p1a: Gholdengo|Make It Rain|p2a: Ting-Lu
|-damage|p2a: Ting-Lu|15/100
|-unboost|p1a: Gholdengo|spa|1
|move|p2a: Ting-Lu|Stomping Tantrum|p1a: Gholdengo
|-supereffective|p1a: Gholdengo
|-damage|p1a: Gholdengo|29/100
|
|-heal|p2a: Ting-Lu|21/100|[from] item: Leftovers
|upkeep
|turn|19
|
|t:|1757941199
|move|p1a: Gholdengo|Make It Rain|p2a: Ting-Lu
|-damage|p2a: Ting-Lu|0 fnt
|-unboost|p1a: Gholdengo|spa|1
|faint|p2a: Ting-Lu
|
|upkeep
|
|t:|1757941211
|switch|p2a: Rotom|Rotom-Wash|70/100
|turn|20
|
|t:|1757941223
|move|p2a: Rotom|Volt Switch|p1a: Gholdengo
|-damage|p1a: Gholdengo|4/100
|
|t:|1757941226
|switch|p2a: Iron Crown|Iron Crown|9/100|[from] Volt Switch
|-damage|p2a: Iron Crown|0 fnt|[from] Spikes
|faint|p2a: Iron Crown
|-end|p2a: Iron Crown|Quark Drive|[silent]
|move|p1a: Gholdengo|Recover|p1a: Gholdengo
|-heal|p1a: Gholdengo|55/100
|
|upkeep
|
|t:|1757941240
|switch|p2a: Rillaboom|Rillaboom, F|37/100
|-damage|p2a: Rillaboom|24/100|[from] Spikes
|-fieldstart|move: Grassy Terrain|[from] ability: Grassy Surge|[of] p2a: Rillaboom
|turn|21
|
|t:|1757941258
|move|p2a: Rillaboom|Knock Off|p1a: Gholdengo
|-supereffective|p1a: Gholdengo
|-damage|p1a: Gholdengo|0 fnt
|faint|p1a: Gholdengo
|
|-heal|p2a: Rillaboom|30/100|[from] Grassy Terrain
|upkeep
|
|t:|1757941261
|switch|p1a: Volcanion|Volcanion|85/100
|-damage|p1a: Volcanion|60/100|[from] Stealth Rock
|turn|22
|
|t:|1757941276
|switch|p2a: Dragalge|Dragalge, M|20/100
|-damage|p2a: Dragalge|8/100|[from] Spikes
|move|p1a: Volcanion|Sludge Bomb|p2a: Dragalge
|-resisted|p2a: Dragalge
|-crit|p2a: Dragalge
|-damage|p2a: Dragalge|0 fnt
|faint|p2a: Dragalge
|
|-heal|p1a: Volcanion|66/100|[from] Grassy Terrain
|upkeep
|
|t:|1757941285
|switch|p2a: Rotom|Rotom-Wash|70/100
|turn|23
|
|t:|1757941294
|-terastallize|p1a: Volcanion|Bug
|move|p2a: Rotom|Thunder Wave|p1a: Volcanion
|-status|p1a: Volcanion|par
|move|p1a: Volcanion|Sludge Bomb|p2a: Rotom
|-damage|p2a: Rotom|39/100
|
|-heal|p1a: Volcanion|72/100 par|[from] Grassy Terrain
|upkeep
|turn|24
|
|t:|1757941301
|move|p2a: Rotom|Pain Split|p1a: Volcanion
|-sethp|p1a: Volcanion|52/100 par|[from] move: Pain Split|[silent]
|-sethp|p2a: Rotom|63/100|[from] move: Pain Split
|move|p1a: Volcanion|Sludge Bomb|p2a: Rotom
|-damage|p2a: Rotom|31/100
|-status|p2a: Rotom|psn
|
|-heal|p1a: Volcanion|58/100 par|[from] Grassy Terrain
|-damage|p2a: Rotom|19/100 psn|[from] psn
|upkeep
|turn|25
|
|t:|1757941311
|move|p2a: Rotom|Pain Split|p1a: Volcanion
|-sethp|p1a: Volcanion|37/100 par|[from] move: Pain Split|[silent]
|-sethp|p2a: Rotom|44/100 psn|[from] move: Pain Split
|move|p1a: Volcanion|Sludge Bomb|p2a: Rotom
|-damage|p2a: Rotom|12/100 psn
|
|-heal|p1a: Volcanion|43/100 par|[from] Grassy Terrain
|-damage|p2a: Rotom|0 fnt|[from] psn
|faint|p2a: Rotom
|-fieldend|move: Grassy Terrain
|upkeep
|
|t:|1757941317
|switch|p2a: Rillaboom|Rillaboom, F|30/100
|-damage|p2a: Rillaboom|18/100|[from] Spikes
|-fieldstart|move: Grassy Terrain|[from] ability: Grassy Surge|[of] p2a: Rillaboom
|turn|26
|
|t:|1757941323
|move|p2a: Rillaboom|U-turn|p1a: Volcanion
|-damage|p1a: Volcanion|12/100 par
|move|p1a: Volcanion|Flamethrower|p2a: Rillaboom
|-supereffective|p2a: Rillaboom
|-damage|p2a: Rillaboom|0 fnt
|faint|p2a: Rillaboom
|
|win|Il Falco
|raw|Il Falco's rating: 1328 &rarr; <strong>1350</strong><br />(+22 for winning)
|raw|Luda20's rating: 1360 &rarr; <strong>1338</strong><br />(-22 for losing)
|l|☆Luda20
|player|p2|
|l|☆Il Falco
|player|p1|
