|inactive|Battle timer is ON: inactive players will automatically lose when time's up.
|t:|1757884939
|gametype|singles
|player|p1|butts99999|2|
|player|p2|ggbridges|1|
|gen|9
|tier|[Gen 9] OU
|rule|HP Percentage Mod: HP is shown in percentages
|rule|Endless Battle Clause: Forcing endless battles is banned
|rule|Species Clause: Limit one of each Pokémon
|rule|OHKO Clause: OHKO moves are banned
|rule|Evasion Items Clause: Evasion items are banned
|rule|Evasion Moves Clause: Evasion moves are banned
|rule|Evasion Abilities Clause: Evasion abilities are banned
|rule|Sleep Moves Clause: Sleep-inducing moves are banned
|clearpoke
|poke|p1|Scrafty, M|
|poke|p1|Oricorio, F|
|poke|p1|Kommo-o, M|
|poke|p1|Zamazenta-*|
|poke|p1|Great Tusk|
|poke|p1|Iron Valiant|
|poke|p2|Walking Wake|
|poke|p2|Raging Bolt|
|poke|p2|Gliscor, F|
|poke|p2|Clodsire, M|
|poke|p2|Darkrai|
|poke|p2|Grimmsnarl, M|
|teampreview
|inactive|butts99999 has 270 seconds left.
|inactive|ggbridges has 270 seconds left.
|inactive|butts99999 has 240 seconds left.
|
|t:|1757885014
|teamsize|p1|6
|teamsize|p2|6
|start
|switch|p1a: Shnoser|Great Tusk|100/100
|switch|p2a: GABA|Grimmsnarl, M|100/100
|-enditem|p1a: Shnoser|Booster Energy
|-activate|p1a: Shnoser|ability: Protosynthesis|[fromitem]
|-start|p1a: Shnoser|protosynthesisspe
|turn|1
|
|t:|1757885038
|move|p2a: GABA|Reflect|p2a: GABA
|-sidestart|p2: ggbridges|Reflect
|move|p1a: Shnoser|Stealth Rock|p2a: GABA
|-sidestart|p2: ggbridges|move: Stealth Rock
|
|upkeep
|turn|2
|
|t:|1757885048
|move|p1a: Shnoser|Close Combat|p2a: GABA
|-damage|p2a: GABA|69/100
|-unboost|p1a: Shnoser|def|1
|-unboost|p1a: Shnoser|spd|1
|move|p2a: GABA|Spirit Break|p1a: Shnoser
|-supereffective|p1a: Shnoser
|-damage|p1a: Shnoser|42/100
|-unboost|p1a: Shnoser|spa|1
|
|upkeep
|turn|3
|
|t:|1757885068
|move|p1a: Shnoser|Close Combat|p2a: GABA
|-damage|p2a: GABA|37/100
|-unboost|p1a: Shnoser|def|1
|-unboost|p1a: Shnoser|spd|1
|move|p2a: GABA|Spirit Break|p1a: Shnoser
|-supereffective|p1a: Shnoser
|-crit|p1a: Shnoser
|-damage|p1a: Shnoser|0 fnt
|faint|p1a: Shnoser
|-end|p1a: Shnoser|Protosynthesis|[silent]
|
|upkeep
|inactive|butts99999 has 270 seconds left.
|
|t:|1757885103
|switch|p1a: Aria|Oricorio, F|100/100
|turn|4
|
|t:|1757885107
|move|p2a: GABA|Thunder Wave|p1a: Aria
|-status|p1a: Aria|par
|move|p1a: Aria|Quiver Dance|p1a: Aria
|-boost|p1a: Aria|spa|1
|-boost|p1a: Aria|spd|1
|-boost|p1a: Aria|spe|1
|
|upkeep
|turn|5
|
|t:|1757885114
|move|p2a: GABA|Light Screen|p2a: GABA
|-sidestart|p2: ggbridges|move: Light Screen
|cant|p1a: Aria|par
|
|upkeep
|turn|6
|
|t:|1757885119
|switch|p2a: calcitonin|Gliscor, F|100/100
|-damage|p2a: calcitonin|88/100|[from] Stealth Rock
|cant|p1a: Aria|par
|
|-status|p2a: calcitonin|tox|[from] item: Toxic Orb
|upkeep
|turn|7
|
|t:|1757885125
|move|p2a: calcitonin|Knock Off|p1a: Aria
|-damage|p1a: Aria|69/100 par
|-enditem|p1a: Aria|Leftovers|[from] move: Knock Off|[of] p2a: calcitonin
|move|p1a: Aria|Quiver Dance|p1a: Aria
|-boost|p1a: Aria|spa|1
|-boost|p1a: Aria|spd|1
|-boost|p1a: Aria|spe|1
|
|-heal|p2a: calcitonin|100/100 tox|[from] ability: Poison Heal
|upkeep
|turn|8
|
|t:|1757885154
|move|p1a: Aria|Quiver Dance|p1a: Aria
|-boost|p1a: Aria|spa|1
|-boost|p1a: Aria|spd|1
|-boost|p1a: Aria|spe|1
|move|p2a: calcitonin|U-turn|p1a: Aria
|-resisted|p1a: Aria
|-damage|p1a: Aria|63/100 par
|inactive|ggbridges has 270 seconds left.
|
|t:|1757885168
|switch|p2a: ATII|Walking Wake|100/100|[from] U-turn
|-damage|p2a: ATII|88/100|[from] Stealth Rock
|-enditem|p2a: ATII|Booster Energy
|-activate|p2a: ATII|ability: Protosynthesis|[fromitem]
|-start|p2a: ATII|protosynthesisspe
|
|-sideend|p2: ggbridges|Reflect
|upkeep
|turn|9
|inactive|ggbridges has 270 seconds left.
|inactive|butts99999 has 270 seconds left.
|inactive|ggbridges has 240 seconds left.
|
|t:|1757885216
|move|p2a: ATII|Hydro Steam|p1a: Aria
|-supereffective|p1a: Aria
|-damage|p1a: Aria|9/100 par
|move|p1a: Aria|Roost|p1a: Aria
|-heal|p1a: Aria|60/100 par
|-singleturn|p1a: Aria|move: Roost
|
|upkeep
|turn|10
|inactive|ggbridges has 240 seconds left.
|
|t:|1757885244
|-terastallize|p1a: Aria|Fighting
|move|p2a: ATII|Hydro Steam|p1a: Aria
|-damage|p1a: Aria|33/100 par
|move|p1a: Aria|Roost|p1a: Aria
|-heal|p1a: Aria|83/100 par
|
|upkeep
|turn|11
|inactive|ggbridges has 240 seconds left.
|inactive|ggbridges has 210 seconds left.
|inactive|ggbridges has 180 seconds left.
|
|t:|1757885316
|move|p2a: ATII|Hydro Steam|p1a: Aria
|-damage|p1a: Aria|56/100 par
|move|p1a: Aria|Quiver Dance|p1a: Aria
|-boost|p1a: Aria|spa|1
|-boost|p1a: Aria|spd|1
|-boost|p1a: Aria|spe|1
|
|upkeep
|turn|12
|inactive|ggbridges has 180 seconds left.
|
|t:|1757885330
|move|p2a: ATII|Flip Turn|p1a: Aria
|-damage|p1a: Aria|33/100 par
|inactive|ggbridges has 180 seconds left.
|
|t:|1757885339
|-end|p2a: ATII|Protosynthesis|[silent]
|switch|p2a: stercobilin|Clodsire, M|100/100|[from] Flip Turn
|move|p1a: Aria|Roost|p1a: Aria
|-heal|p1a: Aria|84/100 par
|
|-sideend|p2: ggbridges|move: Light Screen
|upkeep
|turn|13
|
|t:|1757885345
|cant|p1a: Aria|par
|move|p2a: stercobilin|Poison Jab|p1a: Aria
|-damage|p1a: Aria|48/100 par
|
|upkeep
|turn|14
|
|t:|1757885350
|move|p1a: Aria|Roost|p1a: Aria
|-heal|p1a: Aria|98/100 par
|move|p2a: stercobilin|Poison Jab|p1a: Aria
|-damage|p1a: Aria|63/100 par
|
|upkeep
|turn|15
|inactive|butts99999 has 270 seconds left.
|
|t:|1757885366
|move|p1a: Aria|Air Slash|p2a: stercobilin
|-damage|p2a: stercobilin|82/100
|move|p2a: stercobilin|Poison Jab|p1a: Aria
|-damage|p1a: Aria|32/100 par
|
|upkeep
|turn|16
|
|t:|1757885373
|move|p1a: Aria|Roost|p1a: Aria
|-heal|p1a: Aria|82/100 par
|move|p2a: stercobilin|Stealth Rock|p1a: Aria
|-sidestart|p1: butts99999|move: Stealth Rock
|
|upkeep
|turn|17
|
|t:|1757885381
|move|p1a: Aria|Air Slash|p2a: stercobilin|[miss]
|-miss|p1a: Aria|p2a: stercobilin
|move|p2a: stercobilin|Poison Jab|p1a: Aria
|-damage|p1a: Aria|49/100 par
|
|upkeep
|turn|18
|
|t:|1757885394
|move|p1a: Aria|Roost|p1a: Aria
|-heal|p1a: Aria|99/100 par
|move|p2a: stercobilin|Poison Jab|p1a: Aria
|-damage|p1a: Aria|68/100 par
|
|upkeep
|turn|19
|
|t:|1757885398
|move|p1a: Aria|Air Slash|p2a: stercobilin
|-damage|p2a: stercobilin|66/100
|cant|p2a: stercobilin|flinch
|
|upkeep
|turn|20
|
|t:|1757885403
|move|p1a: Aria|Air Slash|p2a: stercobilin
|-damage|p2a: stercobilin|48/100
|cant|p2a: stercobilin|flinch
|
|upkeep
|turn|21
|inactive|ggbridges has 240 seconds left.
|
|t:|1757885411
|move|p1a: Aria|Air Slash|p2a: stercobilin
|-damage|p2a: stercobilin|29/100
|move|p2a: stercobilin|Recover|p2a: stercobilin
|-heal|p2a: stercobilin|79/100
|
|upkeep
|turn|22
|
|t:|1757885415
|cant|p1a: Aria|par
|move|p2a: stercobilin|Poison Jab|p1a: Aria
|-damage|p1a: Aria|34/100 par
|
|upkeep
|turn|23
|
|t:|1757885421
|move|p1a: Aria|Roost|p1a: Aria
|-heal|p1a: Aria|84/100 par
|move|p2a: stercobilin|Earthquake|p1a: Aria
|-damage|p1a: Aria|39/100 par
|
|upkeep
|turn|24
|
|t:|1757885427
|move|p1a: Aria|Air Slash|p2a: stercobilin
|-damage|p2a: stercobilin|62/100
|cant|p2a: stercobilin|flinch
|
|upkeep
|turn|25
|inactive|ggbridges has 270 seconds left.
|
|t:|1757885436
|move|p1a: Aria|Air Slash|p2a: stercobilin
|-damage|p2a: stercobilin|47/100
|cant|p2a: stercobilin|flinch
|
|upkeep
|turn|26
|
|t:|1757885439
|move|p1a: Aria|Air Slash|p2a: stercobilin|[miss]
|-miss|p1a: Aria|p2a: stercobilin
|move|p2a: stercobilin|Recover|p2a: stercobilin
|-heal|p2a: stercobilin|97/100
|
|upkeep
|turn|27
|
|t:|1757885444
|move|p1a: Aria|Air Slash|p2a: stercobilin
|-damage|p2a: stercobilin|80/100
|move|p2a: stercobilin|Poison Jab|p1a: Aria
|-damage|p1a: Aria|4/100 par
|
|upkeep
|turn|28
|
|t:|1757885452
|cant|p1a: Aria|par
|move|p2a: stercobilin|Poison Jab|p1a: Aria
|-damage|p1a: Aria|0 fnt
|faint|p1a: Aria
|
|upkeep
|
|t:|1757885465
|switch|p1a: Jesse|Scrafty, M|100/100
|-damage|p1a: Jesse|94/100|[from] Stealth Rock
|turn|29
|
|t:|1757885476
|move|p1a: Jesse|Dragon Dance|p1a: Jesse
|-boost|p1a: Jesse|atk|1
|-boost|p1a: Jesse|spe|1
|move|p2a: stercobilin|Poison Jab|p1a: Jesse
|-damage|p1a: Jesse|78/100
|-status|p1a: Jesse|psn
|
|-heal|p1a: Jesse|84/100 psn|[from] item: Leftovers
|-damage|p1a: Jesse|72/100 psn|[from] psn
|upkeep
|turn|30
|
|t:|1757885482
|move|p1a: Jesse|Dragon Dance|p1a: Jesse
|-boost|p1a: Jesse|atk|1
|-boost|p1a: Jesse|spe|1
|move|p2a: stercobilin|Earthquake|p1a: Jesse
|-damage|p1a: Jesse|51/100 psn
|
|-heal|p1a: Jesse|57/100 psn|[from] item: Leftovers
|-damage|p1a: Jesse|45/100 psn|[from] psn
|upkeep
|turn|31
|
|t:|1757885490
|move|p1a: Jesse|Dragon Dance|p1a: Jesse
|-boost|p1a: Jesse|atk|1
|-boost|p1a: Jesse|spe|1
|move|p2a: stercobilin|Earthquake|p1a: Jesse
|-damage|p1a: Jesse|21/100 psn
|
|-heal|p1a: Jesse|27/100 psn|[from] item: Leftovers
|-damage|p1a: Jesse|14/100 psn|[from] psn
|upkeep
|turn|32
|
|t:|1757885510
|move|p1a: Jesse|Rest|p1a: Jesse
|-status|p1a: Jesse|slp|[from] move: Rest
|-heal|p1a: Jesse|100/100 slp|[silent]
|move|p2a: stercobilin|Poison Jab|p1a: Jesse
|-damage|p1a: Jesse|82/100 slp
|
|-heal|p1a: Jesse|88/100 slp|[from] item: Leftovers
|upkeep
|turn|33
|
|t:|1757885523
|cant|p1a: Jesse|slp
|move|p2a: stercobilin|Earthquake|p1a: Jesse
|-damage|p1a: Jesse|67/100 slp
|
|-heal|p1a: Jesse|73/100 slp|[from] item: Leftovers
|upkeep
|turn|34
|
|t:|1757885530
|cant|p1a: Jesse|slp
|move|p2a: stercobilin|Earthquake|p1a: Jesse
|-damage|p1a: Jesse|50/100 slp
|
|-heal|p1a: Jesse|56/100 slp|[from] item: Leftovers
|upkeep
|turn|35
|
|t:|1757885533
|-curestatus|p1a: Jesse|slp|[msg]
|move|p1a: Jesse|Ice Punch|p2a: stercobilin
|-supereffective|p2a: stercobilin
|-damage|p2a: stercobilin|43/100
|move|p2a: stercobilin|Poison Jab|p1a: Jesse
|-damage|p1a: Jesse|38/100
|-status|p1a: Jesse|psn
|
|-activate|p1a: Jesse|ability: Shed Skin
|-curestatus|p1a: Jesse|psn|[msg]
|-heal|p1a: Jesse|44/100|[from] item: Leftovers
|upkeep
|turn|36
|
|t:|1757885552
|move|p1a: Jesse|Ice Punch|p2a: stercobilin
|-supereffective|p2a: stercobilin
|-damage|p2a: stercobilin|9/100
|move|p2a: stercobilin|Recover|p2a: stercobilin
|-heal|p2a: stercobilin|59/100
|
|-heal|p1a: Jesse|50/100|[from] item: Leftovers
|upkeep
|turn|37
|
|t:|1757885558
|move|p1a: Jesse|Ice Punch|p2a: stercobilin
|-supereffective|p2a: stercobilin
|-damage|p2a: stercobilin|27/100
|move|p2a: stercobilin|Recover|p2a: stercobilin
|-heal|p2a: stercobilin|77/100
|
|-heal|p1a: Jesse|56/100|[from] item: Leftovers
|upkeep
|turn|38
|
|t:|1757885563
|move|p1a: Jesse|Ice Punch|p2a: stercobilin
|-supereffective|p2a: stercobilin
|-damage|p2a: stercobilin|43/100
|move|p2a: stercobilin|Poison Jab|p1a: Jesse
|-damage|p1a: Jesse|38/100
|-status|p1a: Jesse|psn
|
|-heal|p1a: Jesse|44/100 psn|[from] item: Leftovers
|-damage|p1a: Jesse|31/100 psn|[from] psn
|upkeep
|turn|39
|
|t:|1757885575
|move|p1a: Jesse|Ice Punch|p2a: stercobilin
|-supereffective|p2a: stercobilin
|-damage|p2a: stercobilin|7/100
|move|p2a: stercobilin|Recover|p2a: stercobilin
|-heal|p2a: stercobilin|57/100
|
|-heal|p1a: Jesse|37/100 psn|[from] item: Leftovers
|-damage|p1a: Jesse|25/100 psn|[from] psn
|upkeep
|turn|40
|
|t:|1757885597
|switch|p2a: GABA|Grimmsnarl, M|37/100
|-damage|p2a: GABA|24/100|[from] Stealth Rock
|move|p1a: Jesse|Rest|p1a: Jesse
|-status|p1a: Jesse|slp|[from] move: Rest
|-heal|p1a: Jesse|100/100 slp|[silent]
|
|upkeep
|turn|41
|
|t:|1757885602
|move|p2a: GABA|Reflect|p2a: GABA
|-sidestart|p2: ggbridges|Reflect
|cant|p1a: Jesse|slp
|
|upkeep
|turn|42
|
|t:|1757885605
|cant|p1a: Jesse|slp
|move|p2a: GABA|Spirit Break|p1a: Jesse
|-supereffective|p1a: Jesse
|-damage|p1a: Jesse|10/100 slp
|-unboost|p1a: Jesse|spa|1
|
|-activate|p1a: Jesse|ability: Shed Skin
|-curestatus|p1a: Jesse|slp|[msg]
|-heal|p1a: Jesse|16/100|[from] item: Leftovers
|upkeep
|turn|43
|
|t:|1757885617
|move|p2a: GABA|Thunder Wave|p1a: Jesse
|-hint|Since gen 7, Dark is immune to Prankster moves.
|-immune|p1a: Jesse
|move|p1a: Jesse|Drain Punch|p2a: GABA
|-damage|p2a: GABA|0 fnt
|-heal|p1a: Jesse|31/100|[from] drain|[of] p2a: GABA
|faint|p2a: GABA
|
|-heal|p1a: Jesse|37/100|[from] item: Leftovers
|upkeep
|inactive|ggbridges has 270 seconds left.
|
|t:|1757885660
|switch|p2a: calcitonin|Gliscor, F|100/100 tox
|-damage|p2a: calcitonin|88/100 tox|[from] Stealth Rock
|turn|44
|
|t:|1757885697
|move|p2a: calcitonin|Protect|p2a: calcitonin
|-singleturn|p2a: calcitonin|Protect
|move|p1a: Jesse|Ice Punch|p2a: calcitonin
|-activate|p2a: calcitonin|move: Protect
|
|-heal|p1a: Jesse|43/100|[from] item: Leftovers
|-heal|p2a: calcitonin|100/100 tox|[from] ability: Poison Heal
|upkeep
|turn|45
|
|t:|1757885707
|-terastallize|p2a: calcitonin|Dark
|move|p1a: Jesse|Ice Punch|p2a: calcitonin
|-damage|p2a: calcitonin|87/100 tox
|move|p2a: calcitonin|Knock Off|p1a: Jesse
|-resisted|p1a: Jesse
|-damage|p1a: Jesse|37/100
|-enditem|p1a: Jesse|Leftovers|[from] move: Knock Off|[of] p2a: calcitonin
|
|-heal|p2a: calcitonin|99/100 tox|[from] ability: Poison Heal
|upkeep
|turn|46
|
|t:|1757885721
|switch|p2a: stercobilin|Clodsire, M|57/100
|move|p1a: Jesse|Drain Punch|p2a: stercobilin
|-resisted|p2a: stercobilin
|-damage|p2a: stercobilin|50/100
|-heal|p1a: Jesse|41/100|[from] drain|[of] p2a: stercobilin
|
|upkeep
|turn|47
|
|t:|1757885732
|move|p1a: Jesse|Ice Punch|p2a: stercobilin
|-supereffective|p2a: stercobilin
|-damage|p2a: stercobilin|31/100
|move|p2a: stercobilin|Poison Jab|p1a: Jesse
|-damage|p1a: Jesse|25/100
|
|upkeep
|turn|48
|
|t:|1757885739
|move|p1a: Jesse|Rest|p1a: Jesse
|-status|p1a: Jesse|slp|[from] move: Rest
|-heal|p1a: Jesse|100/100 slp|[silent]
|move|p2a: stercobilin|Earthquake|p1a: Jesse
|-damage|p1a: Jesse|80/100 slp
|
|-sideend|p2: ggbridges|Reflect
|upkeep
|turn|49
|
|t:|1757885746
|switch|p2a: myelin|Raging Bolt|100/100
|-damage|p2a: myelin|88/100|[from] Stealth Rock
|cant|p1a: Jesse|slp
|
|-heal|p2a: myelin|94/100|[from] item: Leftovers
|upkeep
|turn|50
|inactive|ggbridges has 270 seconds left.
|
|t:|1757885759
|cant|p1a: Jesse|slp
|move|p2a: myelin|Draco Meteor|p1a: Jesse
|-crit|p1a: Jesse
|-damage|p1a: Jesse|0 fnt
|-unboost|p2a: myelin|spa|2
|faint|p1a: Jesse
|
|-heal|p2a: myelin|100/100|[from] item: Leftovers
|upkeep
|inactive|butts99999 has 270 seconds left.
|
|t:|1757885813
|switch|p1a: WALL-Y|Iron Valiant|100/100
|-damage|p1a: WALL-Y|94/100|[from] Stealth Rock
|-enditem|p1a: WALL-Y|Booster Energy
|-activate|p1a: WALL-Y|ability: Quark Drive|[fromitem]
|-start|p1a: WALL-Y|quarkdrivespe
|turn|51
|inactive|ggbridges has 270 seconds left.
|
|t:|1757885834
|-end|p2a: myelin|Protosynthesis|[silent]
|switch|p2a: stercobilin|Clodsire, M|31/100
|move|p1a: WALL-Y|Calm Mind|p1a: WALL-Y
|-boost|p1a: WALL-Y|spa|1
|-boost|p1a: WALL-Y|spd|1
|
|upkeep
|turn|52
|
|t:|1757885838
|move|p1a: WALL-Y|Psyshock|p2a: stercobilin
|-supereffective|p2a: stercobilin
|-damage|p2a: stercobilin|0 fnt
|faint|p2a: stercobilin
|
|upkeep
|inactive|ggbridges has 270 seconds left.
|
|t:|1757885855
|switch|p2a: delta|Darkrai|100/100
|turn|53
|inactive|ggbridges has 270 seconds left.
|
|t:|1757885869
|move|p1a: WALL-Y|Moonblast|p2a: delta
|-supereffective|p2a: delta
|-damage|p2a: delta|0 fnt
|faint|p2a: delta
|
|upkeep
|
|t:|1757885873
|switch|p2a: myelin|Raging Bolt|100/100
|-damage|p2a: myelin|88/100|[from] Stealth Rock
|turn|54
|
|t:|1757885878
|move|p2a: myelin|Thunderclap|p1a: WALL-Y
|-damage|p1a: WALL-Y|48/100
|move|p1a: WALL-Y|Moonblast|p2a: myelin
|-supereffective|p2a: myelin
|-damage|p2a: myelin|0 fnt
|faint|p2a: myelin
|-end|p2a: myelin|Protosynthesis|[silent]
|
|upkeep
|
|t:|1757885880
|switch|p2a: ATII|Walking Wake|88/100
|-damage|p2a: ATII|76/100|[from] Stealth Rock
|turn|55
|
|t:|1757885883
|move|p1a: WALL-Y|Moonblast|p2a: ATII
|-supereffective|p2a: ATII
|-crit|p2a: ATII
|-damage|p2a: ATII|0 fnt
|faint|p2a: ATII
|-end|p2a: ATII|Protosynthesis|[silent]
|
|upkeep
|
|t:|1757885885
|switch|p2a: calcitonin|Gliscor, F, tera:Dark|99/100 tox
|-damage|p2a: calcitonin|87/100 tox|[from] Stealth Rock
|turn|56
|
|t:|1757885890
|move|p1a: WALL-Y|Moonblast|p2a: calcitonin
|-supereffective|p2a: calcitonin
|-damage|p2a: calcitonin|0 fnt
|faint|p2a: calcitonin
|
|win|butts99999
|player|p1|
