|j|☆TREMBLEB4BAST
|j|☆roryta
|t:|1757912171
|gametype|singles
|player|p1|TREMBLEB4BAST|geeta|1257
|player|p2|roryta|hilbert|1216
|gen|9
|tier|[Gen 9] OU
|rated|
|rule|HP Percentage Mod: HP is shown in percentages
|rule|Endless Battle Clause: Forcing endless battles is banned
|rule|Species Clause: Limit one of each Pokémon
|rule|OHKO Clause: OHKO moves are banned
|rule|Evasion Items Clause: Evasion items are banned
|rule|Evasion Moves Clause: Evasion moves are banned
|rule|Evasion Abilities Clause: Evasion abilities are banned
|rule|Sleep Moves Clause: Sleep-inducing moves are banned
|clearpoke
|poke|p1|Tyranitar, M|
|poke|p1|Lucario, M|
|poke|p1|Gastrodon-East, F|
|poke|p1|Iron Moth|
|poke|p1|Vikavolt, M|
|poke|p1|Iron Leaves|
|poke|p2|Kyurem|
|poke|p2|Venomoth, M|
|poke|p2|Ursaring, M|
|poke|p2|Primarina, M|
|poke|p2|Malamar, M|
|poke|p2|Masquerain, M|
|teampreview
|inactive|Battle timer is ON: inactive players will automatically lose when time's up. (requested by roryta)
|inactive|TREMBLEB4BAST has 120 seconds left.
|
|t:|1757912201
|teamsize|p1|6
|teamsize|p2|6
|start
|switch|p1a: Gohan|Lucario, M|100/100
|switch|p2a: Masquerain|Masquerain, M|100/100
|-ability|p2a: Masquerain|Intimidate|boost
|-unboost|p1a: Gohan|atk|1
|turn|1
|
|t:|1757912210
|move|p1a: Gohan|Flash Cannon|p2a: Masquerain
|-damage|p2a: Masquerain|42/100
|move|p2a: Masquerain|Stun Spore|p1a: Gohan|[miss]
|-miss|p2a: Masquerain|p1a: Gohan
|
|upkeep
|turn|2
|
|t:|1757912215
|move|p1a: Gohan|Flash Cannon|p2a: Masquerain
|-damage|p2a: Masquerain|0 fnt
|faint|p2a: Masquerain
|
|upkeep
|
|t:|1757912227
|switch|p2a: Malamar|Malamar, M|100/100
|turn|3
|
|t:|1757912235
|switch|p1a: Australian|Vikavolt, M|100/100
|move|p2a: Malamar|Superpower|p1a: Australian
|-resisted|p1a: Australian
|-damage|p1a: Australian|84/100
|-boost|p2a: Malamar|atk|1
|-boost|p2a: Malamar|def|1
|
|upkeep
|turn|4
|
|t:|1757912244
|move|p2a: Malamar|Superpower|p1a: Australian
|-resisted|p1a: Australian
|-damage|p1a: Australian|59/100
|-boost|p2a: Malamar|atk|1
|-boost|p2a: Malamar|def|1
|move|p1a: Australian|Thunderbolt|p2a: Malamar
|-damage|p2a: Malamar|43/100
|
|upkeep
|turn|5
|
|t:|1757912252
|move|p2a: Malamar|Superpower|p1a: Australian
|-resisted|p1a: Australian
|-damage|p1a: Australian|26/100
|-boost|p2a: Malamar|atk|1
|-boost|p2a: Malamar|def|1
|move|p1a: Australian|Thunderbolt|p2a: Malamar
|-damage|p2a: Malamar|0 fnt
|faint|p2a: Malamar
|
|upkeep
|
|t:|1757912260
|switch|p2a: Kyurem|Kyurem|100/100
|-ability|p2a: Kyurem|Pressure
|turn|6
|
|t:|1757912265
|move|p2a: Kyurem|Ice Beam|p1a: Australian
|-damage|p1a: Australian|0 fnt
|faint|p1a: Australian
|
|upkeep
|
|t:|1757912267
|switch|p1a: Reiner Braun|Tyranitar, M|100/100
|-weather|Sandstorm|[from] ability: Sand Stream|[of] p1a: Reiner Braun
|turn|7
|
|t:|1757912274
|switch|p2a: Primarina|Primarina, M|100/100
|move|p1a: Reiner Braun|Stone Edge|p2a: Primarina
|-damage|p2a: Primarina|16/100
|
|-weather|Sandstorm|[upkeep]
|-damage|p2a: Primarina|10/100|[from] Sandstorm
|upkeep
|turn|8
|
|t:|1757912284
|move|p1a: Reiner Braun|Earthquake|p2a: Primarina
|-damage|p2a: Primarina|0 fnt
|faint|p2a: Primarina
|
|-weather|Sandstorm|[upkeep]
|upkeep
|
|t:|1757912289
|switch|p2a: Kyurem|Kyurem|100/100
|-ability|p2a: Kyurem|Pressure
|turn|9
|
|t:|1757912294
|move|p2a: Kyurem|Earth Power|p1a: Reiner Braun
|-supereffective|p1a: Reiner Braun
|-damage|p1a: Reiner Braun|56/100
|-unboost|p1a: Reiner Braun|spd|1
|move|p1a: Reiner Braun|Stone Edge|p2a: Kyurem
|-supereffective|p2a: Kyurem
|-damage|p2a: Kyurem|0 fnt
|faint|p2a: Kyurem
|
|-weather|Sandstorm|[upkeep]
|upkeep
|
|t:|1757912303
|switch|p2a: Ursaring|Ursaring, M|100/100
|turn|10
|
|t:|1757912313
|-terastallize|p2a: Ursaring|Fighting
|move|p1a: Reiner Braun|Stone Edge|p2a: Ursaring
|-resisted|p2a: Ursaring
|-crit|p2a: Ursaring
|-damage|p2a: Ursaring|54/100
|move|p2a: Ursaring|Close Combat|p1a: Reiner Braun
|-supereffective|p1a: Reiner Braun
|-damage|p1a: Reiner Braun|0 fnt
|-unboost|p2a: Ursaring|def|1
|-unboost|p2a: Ursaring|spd|1
|faint|p1a: Reiner Braun
|
|-weather|Sandstorm|[upkeep]
|-damage|p2a: Ursaring|47/100|[from] Sandstorm
|-status|p2a: Ursaring|brn|[from] item: Flame Orb
|upkeep
|
|t:|1757912329
|switch|p1a: Shinobu|Iron Moth, shiny|100/100
|-enditem|p1a: Shinobu|Booster Energy
|-activate|p1a: Shinobu|ability: Quark Drive|[fromitem]
|-start|p1a: Shinobu|quarkdrivespe
|turn|11
|
|t:|1757912333
|-terastallize|p1a: Shinobu|Flying
|move|p1a: Shinobu|Fiery Dance|p2a: Ursaring
|-damage|p2a: Ursaring|0 fnt
|-boost|p1a: Shinobu|spa|1
|faint|p2a: Ursaring
|
|-weather|none
|upkeep
|
|t:|1757912338
|switch|p2a: Venomoth|Venomoth, M|100/100
|turn|12
|
|t:|1757912345
|move|p1a: Shinobu|Fiery Dance|p2a: Venomoth
|-supereffective|p2a: Venomoth
|-damage|p2a: Venomoth|0 fnt
|faint|p2a: Venomoth
|
|win|TREMBLEB4BAST
|raw|TREMBLEB4BAST's rating: 1257 &rarr; <strong>1279</strong><br />(+22 for winning)
|raw|roryta's rating: 1216 &rarr; <strong>1194</strong><br />(-22 for losing)
|l|☆TREMBLEB4BAST
|player|p1|
