|j|☆g9ougamer
|j|☆Srita Kaguya
|t:|1757919317
|gametype|singles
|player|p1|g9ougamer|n|1618
|player|p2|Srita Kaguya|janine|1477
|gen|9
|tier|[Gen 9] OU
|rated|
|rule|HP Percentage Mod: HP is shown in percentages
|rule|Endless Battle Clause: Forcing endless battles is banned
|rule|Species Clause: Limit one of each Pokémon
|rule|OHKO Clause: OHKO moves are banned
|rule|Evasion Items Clause: Evasion items are banned
|rule|Evasion Moves Clause: Evasion moves are banned
|rule|Evasion Abilities Clause: Evasion abilities are banned
|rule|Sleep Moves Clause: Sleep-inducing moves are banned
|clearpoke
|poke|p1|Dragonite, M|
|poke|p1|Hatterene, F|
|poke|p1|Great Tusk|
|poke|p1|Ceruledge, M|
|poke|p1|Ting-Lu|
|poke|p1|Kyurem|
|poke|p2|Volcanion|
|poke|p2|Great Tusk|
|poke|p2|Darkrai|
|poke|p2|Weavile, F|
|poke|p2|Zapdos|
|poke|p2|Iron Crown|
|teampreview
|inactive|Battle timer is ON: inactive players will automatically lose when time's up. (requested by g9ougamer)
|
|t:|1757919335
|teamsize|p1|6
|teamsize|p2|6
|start
|switch|p1a: Hatterene|Hatterene, F|100/100
|switch|p2a: Weavile|Weavile, F|100/100
|-ability|p2a: Weavile|Pressure
|turn|1
|
|t:|1757919339
|-terastallize|p2a: Weavile|Ice
|move|p2a: Weavile|Triple Axel|p1a: Hatterene
|-damage|p1a: Hatterene|79/100
|-damage|p1a: Hatterene|37/100
|-damage|p1a: Hatterene|0 fnt
|faint|p1a: Hatterene
|-hitcount|p1: Hatterene|3
|
|upkeep
|inactive|g9ougamer has 120 seconds left.
|
|t:|1757919374
|switch|p1a: Great Tusk|Great Tusk|100/100
|turn|2
|
|t:|1757919378
|switch|p2a: Great Tusk|Great Tusk|100/100
|-terastallize|p1a: Great Tusk|Poison
|move|p1a: Great Tusk|Knock Off|p2a: Great Tusk
|-resisted|p2a: Great Tusk
|-damage|p2a: Great Tusk|94/100
|-enditem|p2a: Great Tusk|Leftovers|[from] move: Knock Off|[of] p1a: Great Tusk
|
|upkeep
|turn|3
|
|t:|1757919387
|-end|p1a: Great Tusk|Protosynthesis|[silent]
|switch|p1a: Kyurem|Kyurem|100/100
|-ability|p1a: Kyurem|Pressure
|move|p2a: Great Tusk|Stealth Rock|p1a: Kyurem
|-sidestart|p1: g9ougamer|move: Stealth Rock
|
|upkeep
|turn|4
|
|t:|1757919393
|-end|p2a: Great Tusk|Protosynthesis|[silent]
|switch|p2a: Iron Crown|Iron Crown|100/100
|move|p1a: Kyurem|Earth Power|p2a: Iron Crown
|-supereffective|p2a: Iron Crown
|-damage|p2a: Iron Crown|39/100
|-unboost|p2a: Iron Crown|spd|1
|
|upkeep
|turn|5
|
|t:|1757919403
|-end|p2a: Iron Crown|Quark Drive|[silent]
|switch|p2a: Zapdos|Zapdos|100/100
|switch|p1a: Ting-Lu|Ting-Lu|100/100
|-damage|p1a: Ting-Lu|94/100|[from] Stealth Rock
|-ability|p1a: Ting-Lu|Vessel of Ruin
|
|-heal|p1a: Ting-Lu|100/100|[from] item: Leftovers
|upkeep
|turn|6
|
|t:|1757919408
|move|p2a: Zapdos|U-turn|p1a: Ting-Lu
|-supereffective|p1a: Ting-Lu
|-damage|p1a: Ting-Lu|85/100
|
|t:|1757919410
|switch|p2a: Weavile|Weavile, F, tera:Ice|100/100|[from] U-turn
|-ability|p2a: Weavile|Pressure
|move|p1a: Ting-Lu|Ruination|p2a: Weavile
|-damage|p2a: Weavile|51/100
|
|-heal|p1a: Ting-Lu|92/100|[from] item: Leftovers
|upkeep
|turn|7
|
|t:|1757919418
|move|p2a: Weavile|Triple Axel|p1a: Ting-Lu
|-supereffective|p1a: Ting-Lu
|-damage|p1a: Ting-Lu|70/100
|-supereffective|p1a: Ting-Lu
|-damage|p1a: Ting-Lu|25/100
|-supereffective|p1a: Ting-Lu
|-damage|p1a: Ting-Lu|0 fnt
|faint|p1a: Ting-Lu
|-hitcount|p1: Ting-Lu|3
|
|upkeep
|
|t:|1757919420
|switch|p1a: Great Tusk|Great Tusk, tera:Poison|100/100
|-damage|p1a: Great Tusk|88/100|[from] Stealth Rock
|turn|8
|
|t:|1757919424
|switch|p2a: Great Tusk|Great Tusk|94/100
|move|p1a: Great Tusk|Rapid Spin|p2a: Great Tusk
|-damage|p2a: Great Tusk|87/100
|-boost|p1a: Great Tusk|spe|1
|-sideend|p1: g9ougamer|Stealth Rock|[from] move: Rapid Spin|[of] p1a: Great Tusk
|
|-heal|p1a: Great Tusk|94/100|[from] item: Leftovers
|upkeep
|turn|9
|
|t:|1757919434
|move|p1a: Great Tusk|Ice Spinner|p2a: Great Tusk
|-supereffective|p2a: Great Tusk
|-damage|p2a: Great Tusk|63/100
|move|p2a: Great Tusk|Rapid Spin|p1a: Great Tusk
|-damage|p1a: Great Tusk|86/100
|-boost|p2a: Great Tusk|spe|1
|
|-heal|p1a: Great Tusk|92/100|[from] item: Leftovers
|upkeep
|turn|10
|
|t:|1757919439
|-end|p1a: Great Tusk|Protosynthesis|[silent]
|switch|p1a: Ceruledge|Ceruledge, M|100/100
|move|p2a: Great Tusk|Stealth Rock|p1a: Ceruledge
|-sidestart|p1: g9ougamer|move: Stealth Rock
|
|upkeep
|turn|11
|
|t:|1757919441
|move|p2a: Great Tusk|Earthquake|p1a: Ceruledge
|-supereffective|p1a: Ceruledge
|-enditem|p1a: Ceruledge|Focus Sash
|-damage|p1a: Ceruledge|1/100
|-ability|p1a: Ceruledge|Weak Armor|boost
|-unboost|p1a: Ceruledge|def|1
|-boost|p1a: Ceruledge|spe|2
|move|p1a: Ceruledge|Swords Dance|p1a: Ceruledge
|-boost|p1a: Ceruledge|atk|2
|
|upkeep
|turn|12
|
|t:|1757919447
|move|p1a: Ceruledge|Bitter Blade|p2a: Great Tusk
|-damage|p2a: Great Tusk|22/100
|-heal|p1a: Ceruledge|32/100|[from] drain|[of] p2a: Great Tusk
|move|p2a: Great Tusk|Earthquake|p1a: Ceruledge
|-supereffective|p1a: Ceruledge
|-damage|p1a: Ceruledge|0 fnt
|faint|p1a: Ceruledge
|
|upkeep
|
|t:|1757919454
|switch|p1a: Great Tusk|Great Tusk, tera:Poison|92/100
|-damage|p1a: Great Tusk|80/100|[from] Stealth Rock
|turn|13
|
|t:|1757919457
|move|p2a: Great Tusk|Earthquake|p1a: Great Tusk
|-supereffective|p1a: Great Tusk
|-damage|p1a: Great Tusk|33/100
|move|p1a: Great Tusk|Rapid Spin|p2a: Great Tusk
|-damage|p2a: Great Tusk|14/100
|-boost|p1a: Great Tusk|spe|1
|-sideend|p1: g9ougamer|Stealth Rock|[from] move: Rapid Spin|[of] p1a: Great Tusk
|
|-heal|p1a: Great Tusk|40/100|[from] item: Leftovers
|upkeep
|turn|14
|
|t:|1757919459
|move|p1a: Great Tusk|Ice Spinner|p2a: Great Tusk
|-supereffective|p2a: Great Tusk
|-damage|p2a: Great Tusk|0 fnt
|faint|p2a: Great Tusk
|-end|p2a: Great Tusk|Protosynthesis|[silent]
|
|-heal|p1a: Great Tusk|46/100|[from] item: Leftovers
|upkeep
|
|t:|1757919463
|switch|p2a: Zapdos|Zapdos|100/100
|turn|15
|
|t:|1757919468
|move|p1a: Great Tusk|Knock Off|p2a: Zapdos
|-damage|p2a: Zapdos|71/100
|-enditem|p2a: Zapdos|Heavy-Duty Boots|[from] move: Knock Off|[of] p1a: Great Tusk
|move|p2a: Zapdos|Hurricane|p1a: Great Tusk|[miss]
|-miss|p2a: Zapdos|p1a: Great Tusk
|
|-heal|p1a: Great Tusk|52/100|[from] item: Leftovers
|upkeep
|turn|16
|
|t:|1757919477
|-end|p1a: Great Tusk|Protosynthesis|[silent]
|switch|p1a: Kyurem|Kyurem|100/100
|-ability|p1a: Kyurem|Pressure
|move|p2a: Zapdos|Discharge|p1a: Kyurem
|-resisted|p1a: Kyurem
|-damage|p1a: Kyurem|86/100
|
|upkeep
|turn|17
|
|t:|1757919481
|switch|p2a: Volcanion|Volcanion|100/100
|move|p1a: Kyurem|Ice Beam|p2a: Volcanion
|-resisted|p2a: Volcanion
|-damage|p2a: Volcanion|83/100
|-status|p2a: Volcanion|frz
|
|upkeep
|turn|18
|
|t:|1757919487
|switch|p1a: Dragonite|Dragonite, M|100/100
|-curestatus|p2a: Volcanion|frz|[from] move: Steam Eruption
|move|p2a: Volcanion|Steam Eruption|p1a: Dragonite
|-resisted|p1a: Dragonite
|-damage|p1a: Dragonite|86/100
|
|-heal|p1a: Dragonite|92/100|[from] item: Leftovers
|upkeep
|turn|19
|
|t:|1757919499
|switch|p1a: Great Tusk|Great Tusk, tera:Poison|52/100
|move|p2a: Volcanion|Taunt|p1a: Great Tusk
|-start|p1a: Great Tusk|move: Taunt
|
|-heal|p1a: Great Tusk|58/100|[from] item: Leftovers
|upkeep
|turn|20
|
|t:|1757919503
|switch|p2a: Zapdos|Zapdos|71/100
|move|p1a: Great Tusk|Headlong Rush|p2a: Zapdos
|-immune|p2a: Zapdos
|
|-heal|p1a: Great Tusk|65/100|[from] item: Leftovers
|upkeep
|turn|21
|
|t:|1757919506
|move|p2a: Zapdos|Discharge|p1a: Great Tusk
|-damage|p1a: Great Tusk|22/100
|-status|p1a: Great Tusk|par
|move|p1a: Great Tusk|Ice Spinner|p2a: Zapdos
|-supereffective|p2a: Zapdos
|-damage|p2a: Zapdos|22/100
|
|-heal|p1a: Great Tusk|28/100 par|[from] item: Leftovers
|-end|p1a: Great Tusk|move: Taunt
|upkeep
|turn|22
|
|t:|1757919509
|move|p2a: Zapdos|Roost|p2a: Zapdos
|-heal|p2a: Zapdos|73/100
|-singleturn|p2a: Zapdos|move: Roost
|cant|p1a: Great Tusk|par
|
|-heal|p1a: Great Tusk|34/100 par|[from] item: Leftovers
|upkeep
|turn|23
|
|t:|1757919512
|move|p2a: Zapdos|Hurricane|p1a: Great Tusk
|-damage|p1a: Great Tusk|0 fnt
|faint|p1a: Great Tusk
|-end|p1a: Great Tusk|Protosynthesis|[silent]
|
|upkeep
|
|t:|1757919515
|switch|p1a: Kyurem|Kyurem|86/100
|-ability|p1a: Kyurem|Pressure
|turn|24
|
|t:|1757919518
|switch|p2a: Iron Crown|Iron Crown|39/100
|move|p1a: Kyurem|Draco Meteor|p2a: Iron Crown
|-resisted|p2a: Iron Crown
|-damage|p2a: Iron Crown|6/100
|-unboost|p1a: Kyurem|spa|2
|
|upkeep
|turn|25
|
|t:|1757919521
|move|p2a: Iron Crown|Tachyon Cutter|p1a: Kyurem
|-supereffective|p1a: Kyurem
|-damage|p1a: Kyurem|35/100
|-supereffective|p1a: Kyurem
|-damage|p1a: Kyurem|0 fnt
|faint|p1a: Kyurem
|-hitcount|p1: Kyurem|2
|
|upkeep
|
|t:|1757919523
|switch|p1a: Dragonite|Dragonite, M|92/100
|turn|26
|-message|g9ougamer forfeited.
|
|win|Srita Kaguya
|raw|g9ougamer's rating: 1618 &rarr; <strong>1590</strong><br />(-28 for losing)
|raw|Srita Kaguya's rating: 1477 &rarr; <strong>1505</strong><br />(+28 for winning)
|l|☆g9ougamer
|player|p1|
