|j|☆pipipoo
|j|‽The_hond
|t:|1757934285
|gametype|singles
|player|p1|pipipoo|2|1168
|player|p2|The_hond|169|1258
|gen|9
|tier|[Gen 9] OU
|rated|
|rule|HP Percentage Mod: HP is shown in percentages
|rule|Endless Battle Clause: Forcing endless battles is banned
|rule|Species Clause: Limit one of each Pokémon
|rule|OHKO Clause: OHKO moves are banned
|rule|Evasion Items Clause: Evasion items are banned
|rule|Evasion Moves Clause: Evasion moves are banned
|rule|Evasion Abilities Clause: Evasion abilities are banned
|rule|Sleep Moves Clause: Sleep-inducing moves are banned
|clearpoke
|poke|p1|Electabuzz, F|
|poke|p1|Dusclops, M|
|poke|p1|Magneton|
|poke|p1|Charjabug, F|
|poke|p1|Bisharp, M|
|poke|p1|Magmar, M|
|poke|p2|Polteageist|
|poke|p2|Indeedee, M|
|poke|p2|Armarouge, M|
|poke|p2|Great Tusk|
|poke|p2|Hatterene, F|
|poke|p2|Kingambit, M|
|teampreview
|inactive|Battle timer is ON: inactive players will automatically lose when time's up. (requested by pipipoo)
|
|t:|1757934315
|teamsize|p1|6
|teamsize|p2|6
|start
|switch|p1a: Magneton|Magneton|100/100
|switch|p2a: Indeedee|Indeedee, M|100/100
|-fieldstart|move: Psychic Terrain|[from] ability: Psychic Surge|[of] p2a: Indeedee
|turn|1
|
|t:|1757934326
|move|p2a: Indeedee|Expanding Force|p1a: Magneton
|-resisted|p1a: Magneton
|-damage|p1a: Magneton|75/100
|move|p1a: Magneton|Volt Switch|p2a: Indeedee
|-damage|p2a: Indeedee|50/100
|
|t:|1757934340
|switch|p1a: Electabuzz|Electabuzz, F|100/100|[from] Volt Switch
|
|upkeep
|turn|2
|
|t:|1757934350
|move|p1a: Electabuzz|Volt Switch|p2a: Indeedee
|-damage|p2a: Indeedee|20/100
|
|t:|1757934355
|switch|p1a: Bisharp|Bisharp, M|100/100|[from] Volt Switch
|move|p2a: Indeedee|Expanding Force|p1a: Bisharp
|-immune|p1a: Bisharp
|
|upkeep
|turn|3
|
|t:|1757934366
|switch|p2a: Great Tusk|Great Tusk|100/100
|move|p1a: Bisharp|Iron Head|p2a: Great Tusk
|-crit|p2a: Great Tusk
|-damage|p2a: Great Tusk|50/100
|-enditem|p2a: Great Tusk|Eject Button
|inactive|The_hond has 120 seconds left.
|
|t:|1757934419
|-end|p2a: Great Tusk|Protosynthesis|[silent]
|switch|p2a: Armarouge|Armarouge, M|100/100
|
|upkeep
|turn|4
|
|t:|1757934428
|switch|p1a: Dusclops|Dusclops, M|100/100
|-ability|p1a: Dusclops|Pressure
|move|p2a: Armarouge|Endure||[still]
|-fail|p2a: Armarouge
|
|upkeep
|turn|5
|
|t:|1757934438
|switch|p2a: Hatterene|Hatterene, F|100/100
|move|p1a: Dusclops|Skill Swap|p2a: Hatterene
|-activate|p1a: Dusclops|move: Skill Swap|Magic Bounce|Pressure|[of] p2a: Hatterene
|-ability|p2a: Hatterene|Pressure
|
|upkeep
|turn|6
|
|t:|1757934459
|move|p2a: Hatterene|Nuzzle|p1a: Dusclops
|-damage|p1a: Dusclops|98/100
|-status|p1a: Dusclops|par
|move|p1a: Dusclops|Will-O-Wisp|p2a: Hatterene
|-status|p2a: Hatterene|brn
|
|-damage|p2a: Hatterene|95/100 brn|[from] brn
|upkeep
|turn|7
|
|t:|1757934476
|move|p2a: Hatterene|Psychic Noise|p1a: Dusclops
|-damage|p1a: Dusclops|69/100 par
|-start|p1a: Dusclops|move: Heal Block
|move|p1a: Dusclops|Pain Split|p2a: Hatterene
|-sethp|p2a: Hatterene|71/100 brn|[from] move: Pain Split|[silent]
|-sethp|p1a: Dusclops|100/100 par|[from] move: Pain Split
|
|-damage|p2a: Hatterene|65/100 brn|[from] brn
|upkeep
|turn|8
|inactive|The_hond has 90 seconds left.
|
|t:|1757934509
|switch|p1a: Bisharp|Bisharp, M|100/100
|move|p2a: Hatterene|Psychic Noise|p1a: Bisharp
|-immune|p1a: Bisharp
|
|-damage|p2a: Hatterene|59/100 brn|[from] brn
|-fieldend|move: Psychic Terrain
|upkeep
|turn|9
|l|☆pipipoo
|inactive|pipipoo disconnected and has a minute to reconnect!
|player|p1|
|inactive|pipipoo has 30 seconds to reconnect!
|inactive|pipipoo has 20 seconds to reconnect!
|inactive|pipipoo has 15 seconds to reconnect!
|inactive|pipipoo has 10 seconds to reconnect!
|inactive|pipipoo has 5 seconds to reconnect!
|-message|pipipoo lost due to inactivity.
|
|win|The_hond
|raw|pipipoo's rating: 1168 &rarr; <strong>1149</strong><br />(-19 for losing)
|raw|The_hond's rating: 1258 &rarr; <strong>1277</strong><br />(+19 for winning)
|l|‽The_hond
|player|p2|
|j|☆pipipoo
|player|p1|pipipoo|2|
