|j|☆BeachLeak
|j|☆jeet999
|t:|1757823947
|gametype|singles
|player|p1|BeachLeak|archer|1577
|player|p2|jeet999|cynthia-masters|1536
|gen|9
|tier|[Gen 9] OU
|rated|
|rule|HP Percentage Mod: HP is shown in percentages
|rule|Endless Battle Clause: Forcing endless battles is banned
|rule|Species Clause: Limit one of each Pokémon
|rule|OHKO Clause: OHKO moves are banned
|rule|Evasion Items Clause: Evasion items are banned
|rule|Evasion Moves Clause: Evasion moves are banned
|rule|Evasion Abilities Clause: Evasion abilities are banned
|rule|Sleep Moves Clause: Sleep-inducing moves are banned
|clearpoke
|poke|p1|Salamence, M|
|poke|p1|Tyranitar, M|
|poke|p1|Excadrill, M|
|poke|p1|Iron Crown|
|poke|p1|Azumarill, M|
|poke|p1|Zamazenta-*|
|poke|p2|Indeedee, M|
|poke|p2|Hatterene, F|
|poke|p2|Ursaluna, F|
|poke|p2|Iron Hands|
|poke|p2|Hoopa-Unbound|
|poke|p2|Mimikyu, F|
|teampreview
|inactive|Battle timer is ON: inactive players will automatically lose when time's up. (requested by jeet999)
|j| gamebattle$
|l| gamebattle$
|
|t:|1757823966
|teamsize|p1|6
|teamsize|p2|6
|start
|switch|p1a: Excadrill|Excadrill, M|100/100
|switch|p2a: Subaru|Indeedee, M, shiny|100/100
|-item|p1a: Excadrill|Air Balloon
|-fieldstart|move: Psychic Terrain|[from] ability: Psychic Surge|[of] p2a: Subaru
|turn|1
|
|t:|1757823974
|move|p1a: Excadrill|Earthquake|p2a: Subaru
|-damage|p2a: Subaru|45/100
|move|p2a: Subaru|Trick Room|p2a: Subaru
|-fieldstart|move: Trick Room|[of] p2a: Subaru
|
|upkeep
|turn|2
|
|t:|1757823981
|switch|p1a: Azumarill|Azumarill, M, shiny|100/100
|move|p2a: Subaru|Expanding Force|p1a: Azumarill
|-crit|p1a: Azumarill
|-damage|p1a: Azumarill|0 fnt
|faint|p1a: Azumarill
|
|upkeep
|
|t:|1757823987
|switch|p1a: Iron Crown|Iron Crown|100/100
|turn|3
|
|t:|1757823993
|switch|p2a: King Von|Hoopa-Unbound|100/100
|-enditem|p2a: King Von|Psychic Seed
|-boost|p2a: King Von|spd|1|[from] item: Psychic Seed
|move|p1a: Iron Crown|Tachyon Cutter|p2a: King Von
|-damage|p2a: King Von|87/100
|-crit|p2a: King Von
|-damage|p2a: King Von|59/100
|-hitcount|p2a: King Von|2
|
|upkeep
|turn|4
|
|t:|1757824005
|-end|p1a: Iron Crown|Quark Drive|[silent]
|switch|p1a: Sherbet|Salamence, M, shiny|100/100
|-ability|p1a: Sherbet|Intimidate|boost
|-unboost|p2a: King Von|atk|1
|move|p2a: King Von|Hyperspace Fury|p1a: Sherbet
|-damage|p1a: Sherbet|57/100
|-unboost|p2a: King Von|def|1
|-item|p2a: King Von|Choice Specs|[from] ability: Magician|[of] p1a: Sherbet
|
|upkeep
|turn|5
|j| wgw2333
|
|t:|1757824021
|switch|p1a: Zamazenta|Zamazenta|100/100
|-ability|p1a: Zamazenta|Dauntless Shield|boost
|-boost|p1a: Zamazenta|def|1
|move|p2a: King Von|Expanding Force|p1a: Zamazenta
|-supereffective|p1a: Zamazenta
|-damage|p1a: Zamazenta|0 fnt
|faint|p1a: Zamazenta
|
|-fieldend|move: Trick Room
|upkeep
|
|t:|1757824037
|switch|p1a: Tyranitar|Tyranitar, M, shiny|100/100
|-weather|Sandstorm|[from] ability: Sand Stream|[of] p1a: Tyranitar
|turn|6
|
|t:|1757824043
|switch|p2a: LEBRON|Iron Hands, shiny|100/100
|-enditem|p2a: LEBRON|Booster Energy
|-activate|p2a: LEBRON|ability: Quark Drive|[fromitem]
|-start|p2a: LEBRON|quarkdriveatk
|move|p1a: Tyranitar|Earthquake|p2a: LEBRON
|-supereffective|p2a: LEBRON
|-damage|p2a: LEBRON|17/100
|
|-weather|Sandstorm|[upkeep]
|-damage|p2a: LEBRON|11/100|[from] Sandstorm
|upkeep
|turn|7
|
|t:|1757824052
|move|p1a: Tyranitar|Earthquake|p2a: LEBRON
|-supereffective|p2a: LEBRON
|-damage|p2a: LEBRON|0 fnt
|faint|p2a: LEBRON
|-end|p2a: LEBRON|Quark Drive|[silent]
|
|-weather|Sandstorm|[upkeep]
|upkeep
|
|t:|1757824057
|switch|p2a: King Von|Hoopa-Unbound|59/100
|turn|8
|
|t:|1757824061
|move|p1a: Tyranitar|Earthquake|p2a: King Von
|-damage|p2a: King Von|0 fnt
|faint|p2a: King Von
|
|-weather|Sandstorm|[upkeep]
|-fieldend|move: Psychic Terrain
|upkeep
|
|t:|1757824066
|switch|p2a: Mimi|Mimikyu, F, shiny|100/100
|turn|9
|
|t:|1757824070
|switch|p1a: Sherbet|Salamence, M, shiny|57/100
|-ability|p1a: Sherbet|Intimidate|boost
|-unboost|p2a: Mimi|atk|1
|move|p2a: Mimi|Trick Room|p2a: Mimi
|-fieldstart|move: Trick Room|[of] p2a: Mimi
|
|-weather|Sandstorm|[upkeep]
|-damage|p2a: Mimi|94/100|[from] Sandstorm
|-damage|p1a: Sherbet|51/100|[from] Sandstorm
|upkeep
|turn|10
|
|t:|1757824083
|switch|p2a: Satella|Hatterene, F, shiny|100/100
|move|p1a: Sherbet|Air Slash|p2a: Satella
|-damage|p2a: Satella|62/100
|
|-weather|none
|upkeep
|turn|11
|
|t:|1757824090
|-terastallize|p2a: Satella|Stellar
|-terastallize|p1a: Sherbet|Fire
|move|p2a: Satella|Draining Kiss|p1a: Sherbet
|-resisted|p1a: Sherbet
|-damage|p1a: Sherbet|15/100
|-heal|p2a: Satella|90/100|[from] drain|[of] p1a: Sherbet
|-damage|p2a: Satella|80/100|[from] item: Life Orb
|move|p1a: Sherbet|Air Slash|p2a: Satella
|-damage|p2a: Satella|44/100
|
|upkeep
|turn|12
|
|t:|1757824102
|switch|p1a: Iron Crown|Iron Crown|100/100
|move|p2a: Satella|Expanding Force|p1a: Iron Crown
|-resisted|p1a: Iron Crown
|-damage|p1a: Iron Crown|79/100
|-damage|p2a: Satella|34/100|[from] item: Life Orb
|
|upkeep
|turn|13
|
|t:|1757824113
|-end|p1a: Iron Crown|Quark Drive|[silent]
|switch|p1a: Sherbet|Salamence, M, shiny, tera:Fire|15/100
|-ability|p1a: Sherbet|Intimidate|boost
|-unboost|p2a: Satella|atk|1
|move|p2a: Satella|Mystical Fire|p1a: Sherbet
|-resisted|p1a: Sherbet
|-damage|p1a: Sherbet|0 fnt
|faint|p1a: Sherbet
|-damage|p2a: Satella|24/100|[from] item: Life Orb
|
|-fieldend|move: Trick Room
|upkeep
|
|t:|1757824117
|switch|p1a: Iron Crown|Iron Crown|79/100
|turn|14
|
|t:|1757824128
|switch|p2a: Subaru|Indeedee, M, shiny|45/100
|-fieldstart|move: Psychic Terrain|[from] ability: Psychic Surge|[of] p2a: Subaru
|move|p1a: Iron Crown|Tachyon Cutter|p2a: Subaru
|-damage|p2a: Subaru|16/100
|-crit|p2a: Subaru
|-damage|p2a: Subaru|0 fnt
|faint|p2a: Subaru
|-hitcount|p2: Subaru|2
|
|upkeep
|
|t:|1757824139
|switch|p2a: Mimi|Mimikyu, F, shiny|94/100
|turn|15
|
|t:|1757824143
|move|p1a: Iron Crown|Tachyon Cutter|p2a: Mimi
|-activate|p2a: Mimi|ability: Disguise
|-damage|p2a: Mimi|94/100
|detailschange|p2a: Mimi|Mimikyu-Busted, F, shiny
|-damage|p2a: Mimi|82/100|[from] pokemon: Mimikyu-Busted
|-supereffective|p2a: Mimi
|-damage|p2a: Mimi|28/100
|-hitcount|p2a: Mimi|2
|-enditem|p2a: Mimi|Red Card|[of] p1a: Iron Crown
|-end|p1a: Iron Crown|Quark Drive|[silent]
|drag|p1a: Tyranitar|Tyranitar, M, shiny|100/100
|-weather|Sandstorm|[from] ability: Sand Stream|[of] p1a: Tyranitar
|move|p2a: Mimi|Trick Room|p2a: Mimi
|-fieldstart|move: Trick Room|[of] p2a: Mimi
|
|-weather|Sandstorm|[upkeep]
|-damage|p2a: Mimi|22/100|[from] Sandstorm
|upkeep
|turn|16
|
|t:|1757824157
|move|p2a: Mimi|Curse|p1a: Tyranitar
|-start|p1a: Tyranitar|Curse|[of] p2a: Mimi
|-damage|p2a: Mimi|0 fnt
|faint|p2a: Mimi
|move|p1a: Tyranitar|Ice Punch|p2: Mimi|[notarget]
|-fail|p1a: Tyranitar
|
|-weather|Sandstorm|[upkeep]
|-damage|p1a: Tyranitar|76/100|[from] Curse
|upkeep
|
|t:|1757824167
|switch|p2a: Crashout YN|Ursaluna, F, shiny|100/100
|turn|17
|
|t:|1757824177
|switch|p1a: Excadrill|Excadrill, M|100/100
|-item|p1a: Excadrill|Air Balloon
|move|p2a: Crashout YN|Headlong Rush|p1a: Excadrill
|-immune|p1a: Excadrill
|
|-weather|Sandstorm|[upkeep]
|-status|p2a: Crashout YN|brn|[from] item: Flame Orb
|upkeep
|turn|18
|
|t:|1757824186
|switch|p1a: Tyranitar|Tyranitar, M, shiny|76/100
|move|p2a: Crashout YN|Ice Punch|p1a: Tyranitar
|-damage|p1a: Tyranitar|36/100
|
|-weather|Sandstorm|[upkeep]
|-damage|p2a: Crashout YN|94/100 brn|[from] brn
|upkeep
|turn|19
|
|t:|1757824199
|move|p2a: Crashout YN|Facade|p1a: Tyranitar
|-resisted|p1a: Tyranitar
|-damage|p1a: Tyranitar|0 fnt
|faint|p1a: Tyranitar
|
|-weather|none
|-damage|p2a: Crashout YN|88/100 brn|[from] brn
|-fieldend|move: Trick Room
|upkeep
|
|t:|1757824219
|switch|p1a: Excadrill|Excadrill, M|100/100
|-item|p1a: Excadrill|Air Balloon
|turn|20
|
|t:|1757824223
|move|p1a: Excadrill|Earthquake|p2a: Crashout YN
|-damage|p2a: Crashout YN|53/100 brn
|move|p2a: Crashout YN|Ice Punch|p1a: Excadrill
|-damage|p1a: Excadrill|34/100
|-status|p1a: Excadrill|frz
|-enditem|p1a: Excadrill|Air Balloon
|
|-damage|p2a: Crashout YN|47/100 brn|[from] brn
|upkeep
|turn|21
|c|☆BeachLeak|rip
|
|t:|1757824234
|-curestatus|p1a: Excadrill|frz|[msg]
|move|p1a: Excadrill|Earthquake|p2a: Crashout YN
|-damage|p2a: Crashout YN|10/100 brn
|move|p2a: Crashout YN|Facade|p1a: Excadrill
|-resisted|p1a: Excadrill
|-damage|p1a: Excadrill|0 fnt
|faint|p1a: Excadrill
|
|-damage|p2a: Crashout YN|4/100 brn|[from] brn
|-fieldend|move: Psychic Terrain
|upkeep
|
|t:|1757824238
|switch|p1a: Iron Crown|Iron Crown|79/100
|turn|22
|c|☆BeachLeak|life
|-message|jeet999 forfeited.
|
|win|BeachLeak
|raw|BeachLeak's rating: 1577 &rarr; <strong>1595</strong><br />(+18 for winning)
|raw|jeet999's rating: 1536 &rarr; <strong>1518</strong><br />(-18 for losing)
|l|☆jeet999
|player|p2|
|l|☆BeachLeak
|player|p1|
