|j|☆reachinsideofme
|j|☆ghostgirlrawr
|t:|1757915256
|gametype|singles
|player|p1|reachinsideofme|102|1193
|player|p2|ghostgirlrawr|roxie|1219
|gen|9
|tier|[Gen 9] OU
|rated|
|rule|HP Percentage Mod: HP is shown in percentages
|rule|Endless Battle Clause: Forcing endless battles is banned
|rule|Species Clause: Limit one of each Pokémon
|rule|OHKO Clause: OHKO moves are banned
|rule|Evasion Items Clause: Evasion items are banned
|rule|Evasion Moves Clause: Evasion moves are banned
|rule|Evasion Abilities Clause: Evasion abilities are banned
|rule|Sleep Moves Clause: Sleep-inducing moves are banned
|clearpoke
|poke|p1|Zamazenta-*|
|poke|p1|Cinderace, F|
|poke|p1|Clodsire, F|
|poke|p1|Deoxys-Speed|
|poke|p1|Ogerpon-Wellspring, F|
|poke|p1|Zoroark-Hisui, M|
|poke|p2|Clawitzer, M|
|poke|p2|Ogerpon, F|
|poke|p2|Kingambit, F|
|poke|p2|Slowking-Galar, F|
|poke|p2|Great Tusk|
|poke|p2|Dragapult, F|
|teampreview
|
|t:|1757915271
|teamsize|p1|6
|teamsize|p2|6
|start
|switch|p1a: Deoxys|Deoxys-Speed|100/100
|switch|p2a: Kingambit|Kingambit, F|100/100
|-ability|p1a: Deoxys|Pressure
|turn|1
|inactive|Battle timer is ON: inactive players will automatically lose when time's up. (requested by reachinsideofme)
|
|t:|1757915277
|switch|p1a: Clodsire|Clodsire, F|100/100
|-item|p1a: Clodsire|Air Balloon
|move|p2a: Kingambit|Swords Dance|p2a: Kingambit
|-boost|p2a: Kingambit|atk|2
|
|upkeep
|turn|2
|
|t:|1757915292
|move|p1a: Clodsire|Will-O-Wisp|p2a: Kingambit
|-status|p2a: Kingambit|brn
|move|p2a: Kingambit|Kowtow Cleave|p1a: Clodsire
|-supereffective|p1a: Clodsire
|-damage|p1a: Clodsire|0 fnt
|replace|p1a: Zoroark|Zoroark-Hisui, M
|-end|p1a: Zoroark|Illusion
|-enditem|p1a: Zoroark|Air Balloon
|faint|p1a: Zoroark
|
|-damage|p2a: Kingambit|94/100 brn|[from] brn
|upkeep
|
|t:|1757915300
|switch|p1a: Ogerpon|Ogerpon-Wellspring, F|100/100
|turn|3
|
|t:|1757915309
|-terastallize|p1a: Ogerpon|Water
|detailschange|p1a: Ogerpon|Ogerpon-Wellspring-Tera, F, tera:Water
|-ability|p1a: Ogerpon|Embody Aspect (Wellspring)|boost
|-boost|p1a: Ogerpon|spd|1
|move|p1a: Ogerpon|Ivy Cudgel|p2a: Kingambit|[anim] Ivy Cudgel Water
|-crit|p2a: Kingambit
|-damage|p2a: Kingambit|8/100 brn
|move|p2a: Kingambit|Swords Dance|p2a: Kingambit
|-boost|p2a: Kingambit|atk|2
|
|-damage|p2a: Kingambit|1/100 brn|[from] brn
|upkeep
|turn|4
|
|t:|1757915323
|switch|p1a: Clodsire|Clodsire, F|100/100
|-item|p1a: Clodsire|Air Balloon
|move|p2a: Kingambit|Sucker Punch||[still]
|-fail|p2a: Kingambit
|
|-damage|p2a: Kingambit|0 fnt|[from] brn
|faint|p2a: Kingambit
|-end|p2a: Kingambit|fallenundefined|[silent]
|upkeep
|
|t:|1757915337
|switch|p2a: Great Tusk|Great Tusk|100/100
|-enditem|p2a: Great Tusk|Booster Energy
|-activate|p2a: Great Tusk|ability: Protosynthesis|[fromitem]
|-start|p2a: Great Tusk|protosynthesisatk
|turn|5
|
|t:|1757915341
|move|p2a: Great Tusk|Stealth Rock|p1a: Clodsire
|-sidestart|p1: reachinsideofme|move: Stealth Rock
|move|p1a: Clodsire|Toxic|p2a: Great Tusk
|-status|p2a: Great Tusk|tox
|
|-damage|p2a: Great Tusk|94/100 tox|[from] psn
|upkeep
|turn|6
|
|t:|1757915349
|move|p2a: Great Tusk|Rapid Spin|p1a: Clodsire
|-damage|p1a: Clodsire|77/100
|-boost|p2a: Great Tusk|spe|1
|-enditem|p1a: Clodsire|Air Balloon
|move|p1a: Clodsire|Toxic Spikes|p2a: Great Tusk
|-sidestart|p2: ghostgirlrawr|move: Toxic Spikes
|
|-damage|p2a: Great Tusk|82/100 tox|[from] psn
|upkeep
|turn|7
|
|t:|1757915353
|switch|p1a: Ogerpon|Ogerpon-Wellspring-Tera, F, tera:Water|100/100
|-damage|p1a: Ogerpon|88/100|[from] Stealth Rock
|-ability|p1a: Ogerpon|Embody Aspect (Wellspring)|boost
|-boost|p1a: Ogerpon|spd|1
|move|p2a: Great Tusk|Rapid Spin|p1a: Ogerpon
|-crit|p1a: Ogerpon
|-damage|p1a: Ogerpon|47/100
|-boost|p2a: Great Tusk|spe|1
|-sideend|p2: ghostgirlrawr|Toxic Spikes|[from] move: Rapid Spin|[of] p2a: Great Tusk
|
|-damage|p2a: Great Tusk|63/100 tox|[from] psn
|upkeep
|turn|8
|
|t:|1757915364
|switch|p1a: Zamazenta|Zamazenta|100/100
|-damage|p1a: Zamazenta|94/100|[from] Stealth Rock
|-ability|p1a: Zamazenta|Dauntless Shield|boost
|-boost|p1a: Zamazenta|def|1
|move|p2a: Great Tusk|Earthquake|p1a: Zamazenta
|-damage|p1a: Zamazenta|54/100
|
|-heal|p1a: Zamazenta|60/100|[from] item: Leftovers
|-damage|p2a: Great Tusk|39/100 tox|[from] psn
|upkeep
|turn|9
|
|t:|1757915371
|move|p2a: Great Tusk|Close Combat|p1a: Zamazenta
|-damage|p1a: Zamazenta|6/100
|-unboost|p2a: Great Tusk|def|1
|-unboost|p2a: Great Tusk|spd|1
|move|p1a: Zamazenta|Close Combat|p2a: Great Tusk
|-damage|p2a: Great Tusk|0 fnt
|-unboost|p1a: Zamazenta|def|1
|-unboost|p1a: Zamazenta|spd|1
|faint|p2a: Great Tusk
|-end|p2a: Great Tusk|Protosynthesis|[silent]
|
|-heal|p1a: Zamazenta|12/100|[from] item: Leftovers
|upkeep
|
|t:|1757915382
|switch|p2a: Slowking|Slowking-Galar, F|100/100
|turn|10
|
|t:|1757915385
|move|p1a: Zamazenta|Crunch|p2a: Slowking
|-supereffective|p2a: Slowking
|-damage|p2a: Slowking|40/100
|-unboost|p2a: Slowking|def|1
|move|p2a: Slowking|Thunder Wave|p1a: Zamazenta
|-status|p1a: Zamazenta|par
|
|-heal|p1a: Zamazenta|18/100 par|[from] item: Leftovers
|upkeep
|turn|11
|
|t:|1757915393
|switch|p2a: Clawitzer|Clawitzer, M|100/100
|cant|p1a: Zamazenta|par
|
|-heal|p1a: Zamazenta|24/100 par|[from] item: Leftovers
|upkeep
|turn|12
|
|t:|1757915399
|move|p2a: Clawitzer|Aura Sphere|p1a: Zamazenta
|-damage|p1a: Zamazenta|0 fnt
|faint|p1a: Zamazenta
|
|upkeep
|
|t:|1757915402
|switch|p1a: Cinderace|Cinderace, F|100/100
|-damage|p1a: Cinderace|76/100|[from] Stealth Rock
|turn|13
|
|t:|1757915404
|move|p1a: Cinderace|Court Change|p1a: Cinderace
|-start|p1a: Cinderace|typechange|Normal|[from] ability: Libero
|-swapsideconditions
|-activate|p1a: Cinderace|move: Court Change
|move|p2a: Clawitzer|Aura Sphere|p1a: Cinderace
|-supereffective|p1a: Cinderace
|-damage|p1a: Cinderace|0 fnt
|faint|p1a: Cinderace
|
|upkeep
|
|t:|1757915409
|switch|p1a: Ogerpon|Ogerpon-Wellspring-Tera, F, tera:Water|47/100
|-ability|p1a: Ogerpon|Embody Aspect (Wellspring)|boost
|-boost|p1a: Ogerpon|spd|1
|turn|14
|
|t:|1757915411
|move|p2a: Clawitzer|Aura Sphere|p1a: Ogerpon
|-damage|p1a: Ogerpon|16/100
|move|p1a: Ogerpon|Horn Leech|p2a: Clawitzer
|-supereffective|p2a: Clawitzer
|-damage|p2a: Clawitzer|0 fnt
|-heal|p1a: Ogerpon|63/100|[from] drain|[of] p2a: Clawitzer
|faint|p2a: Clawitzer
|
|upkeep
|
|t:|1757915415
|switch|p2a: Ogerpon|Ogerpon, F|100/100
|-damage|p2a: Ogerpon|88/100|[from] Stealth Rock
|turn|15
|
|t:|1757915421
|-terastallize|p2a: Ogerpon|Grass
|detailschange|p2a: Ogerpon|Ogerpon-Teal-Tera, F, tera:Grass
|-ability|p2a: Ogerpon|Embody Aspect (Teal)|boost
|-boost|p2a: Ogerpon|spe|1
|move|p2a: Ogerpon|Knock Off|p1a: Ogerpon
|-damage|p1a: Ogerpon|19/100
|move|p1a: Ogerpon|U-turn|p2a: Ogerpon
|-supereffective|p2a: Ogerpon
|-damage|p2a: Ogerpon|21/100
|
|t:|1757915427
|switch|p1a: Deoxys|Deoxys-Speed|100/100|[from] U-turn
|-ability|p1a: Deoxys|Pressure
|
|upkeep
|turn|16
|
|t:|1757915432
|move|p2a: Ogerpon|Knock Off|p1a: Deoxys
|-supereffective|p1a: Deoxys
|-crit|p1a: Deoxys
|-damage|p1a: Deoxys|0 fnt
|-enditem|p1a: Deoxys|Choice Specs|[from] move: Knock Off|[of] p2a: Ogerpon
|faint|p1a: Deoxys
|
|upkeep
|
|t:|1757915435
|switch|p1a: Clodsire|Clodsire, F|77/100
|turn|17
|
|t:|1757915443
|switch|p2a: Dragapult|Dragapult, F|100/100
|move|p1a: Clodsire|Toxic|p2a: Dragapult
|-status|p2a: Dragapult|tox
|
|-damage|p2a: Dragapult|95/100 tox|[from] psn
|upkeep
|turn|18
|
|t:|1757915446
|move|p2a: Dragapult|Will-O-Wisp|p1a: Clodsire
|-status|p1a: Clodsire|brn
|move|p1a: Clodsire|Recover|p1a: Clodsire
|-heal|p1a: Clodsire|100/100 brn
|
|-damage|p2a: Dragapult|83/100 tox|[from] psn
|-damage|p1a: Clodsire|94/100 brn|[from] brn
|upkeep
|turn|19
|
|t:|1757915450
|move|p2a: Dragapult|Hex|p1a: Clodsire
|-damage|p1a: Clodsire|66/100 brn
|move|p1a: Clodsire|Toxic Spikes|p2a: Dragapult
|-sidestart|p2: ghostgirlrawr|move: Toxic Spikes
|
|-damage|p2a: Dragapult|65/100 tox|[from] psn
|-damage|p1a: Clodsire|60/100 brn|[from] brn
|upkeep
|turn|20
|
|t:|1757915452
|move|p2a: Dragapult|Hex|p1a: Clodsire
|-damage|p1a: Clodsire|33/100 brn
|move|p1a: Clodsire|Recover|p1a: Clodsire
|-heal|p1a: Clodsire|83/100 brn
|
|-damage|p2a: Dragapult|41/100 tox|[from] psn
|-damage|p1a: Clodsire|77/100 brn|[from] brn
|upkeep
|turn|21
|
|t:|1757915455
|move|p2a: Dragapult|Hex|p1a: Clodsire
|-damage|p1a: Clodsire|46/100 brn
|move|p1a: Clodsire|Toxic Spikes|p2a: Dragapult
|-sidestart|p2: ghostgirlrawr|move: Toxic Spikes
|
|-damage|p2a: Dragapult|11/100 tox|[from] psn
|-damage|p1a: Clodsire|40/100 brn|[from] brn
|upkeep
|turn|22
|
|t:|1757915457
|move|p2a: Dragapult|Hex|p1a: Clodsire
|-damage|p1a: Clodsire|11/100 brn
|move|p1a: Clodsire|Recover|p1a: Clodsire
|-heal|p1a: Clodsire|61/100 brn
|
|-damage|p2a: Dragapult|0 fnt|[from] psn
|faint|p2a: Dragapult
|-damage|p1a: Clodsire|55/100 brn|[from] brn
|upkeep
|
|t:|1757915462
|switch|p2a: Slowking|Slowking-Galar, F|73/100
|-sideend|p2: ghostgirlrawr|move: Toxic Spikes|[of] p2a: Slowking
|turn|23
|
|t:|1757915465
|move|p2a: Slowking|Psychic|p1a: Clodsire
|-supereffective|p1a: Clodsire
|-damage|p1a: Clodsire|8/100 brn
|move|p1a: Clodsire|Earthquake|p2a: Slowking
|-supereffective|p2a: Slowking
|-damage|p2a: Slowking|46/100
|
|-damage|p1a: Clodsire|2/100 brn|[from] brn
|upkeep
|turn|24
|
|t:|1757915470
|move|p2a: Slowking|Psychic|p1a: Clodsire
|-supereffective|p1a: Clodsire
|-damage|p1a: Clodsire|0 fnt
|faint|p1a: Clodsire
|
|upkeep
|
|t:|1757915471
|switch|p1a: Ogerpon|Ogerpon-Wellspring-Tera, F, tera:Water|19/100
|-ability|p1a: Ogerpon|Embody Aspect (Wellspring)|boost
|-boost|p1a: Ogerpon|spd|1
|turn|25
|
|t:|1757915479
|move|p1a: Ogerpon|U-turn|p2a: Slowking
|-damage|p2a: Slowking|19/100
|move|p2a: Slowking|Thunder Wave|p1a: Ogerpon|[miss]
|-miss|p2a: Slowking|p1a: Ogerpon
|
|upkeep
|turn|26
|
|t:|1757915483
|move|p1a: Ogerpon|U-turn|p2a: Slowking
|-damage|p2a: Slowking|0 fnt
|faint|p2a: Slowking
|
|upkeep
|
|t:|1757915485
|switch|p2a: Ogerpon|Ogerpon-Teal-Tera, F, tera:Grass|21/100
|-damage|p2a: Ogerpon|9/100|[from] Stealth Rock
|-ability|p2a: Ogerpon|Embody Aspect (Teal)|boost
|-boost|p2a: Ogerpon|spe|1
|turn|27
|
|t:|1757915494
|move|p2a: Ogerpon|Knock Off|p1a: Ogerpon
|-damage|p1a: Ogerpon|0 fnt
|faint|p1a: Ogerpon
|detailschange|p1: Ogerpon|Ogerpon-Wellspring, F|[silent]
|
|win|ghostgirlrawr
|raw|reachinsideofme's rating: 1193 &rarr; <strong>1170</strong><br />(-23 for losing)
|raw|ghostgirlrawr's rating: 1219 &rarr; <strong>1242</strong><br />(+23 for winning)
|l|☆reachinsideofme
|player|p1|
|l|☆ghostgirlrawr
|player|p2|
