|j|☆weiweihu
|j|☆SirSleepy
|t:|1757935698
|gametype|singles
|player|p1|weiweihu|cynthia|1309
|player|p2|SirSleepy|ltsurge|1292
|gen|9
|tier|[Gen 9] OU
|rated|
|rule|HP Percentage Mod: HP is shown in percentages
|rule|Endless Battle Clause: Forcing endless battles is banned
|rule|Species Clause: Limit one of each Pokémon
|rule|OHKO Clause: OHKO moves are banned
|rule|Evasion Items Clause: Evasion items are banned
|rule|Evasion Moves Clause: Evasion moves are banned
|rule|Evasion Abilities Clause: Evasion abilities are banned
|rule|Sleep Moves Clause: Sleep-inducing moves are banned
|clearpoke
|poke|p1|Toedscruel, M|
|poke|p1|Skeledirge, M|
|poke|p1|Tyranitar, M|
|poke|p1|Ninetales-Alola, F|
|poke|p1|Ogerpon, F|
|poke|p1|Hydreigon, M|
|poke|p2|Gholdengo|
|poke|p2|Araquanid, M|
|poke|p2|Zamazenta-*|
|poke|p2|Gliscor, M|
|poke|p2|Walking Wake|
|poke|p2|Scizor, F|
|teampreview
|inactive|Battle timer is ON: inactive players will automatically lose when time's up. (requested by weiweihu)
|
|t:|1757935703
|teamsize|p1|6
|teamsize|p2|6
|start
|switch|p1a: Ninetales|Ninetales-Alola, F, shiny|100/100
|switch|p2a: Araquanid|Araquanid, M|100/100
|-weather|Snowscape|[from] ability: Snow Warning|[of] p1a: Ninetales
|turn|1
|
|t:|1757935711
|move|p1a: Ninetales|Aurora Veil|p1a: Ninetales
|-sidestart|p1: weiweihu|move: Aurora Veil
|move|p2a: Araquanid|Sticky Web|p1a: Ninetales
|-sidestart|p1: weiweihu|move: Sticky Web
|
|-weather|Snowscape|[upkeep]
|upkeep
|turn|2
|
|t:|1757935715
|move|p1a: Ninetales|Freeze-Dry|p2a: Araquanid
|-supereffective|p2a: Araquanid
|-damage|p2a: Araquanid|72/100
|move|p2a: Araquanid|Surf|p1a: Ninetales
|-damage|p1a: Ninetales|82/100
|
|-weather|Snowscape|[upkeep]
|upkeep
|turn|3
|
|t:|1757935726
|switch|p2a: Gholdengo|Gholdengo|100/100
|-item|p2a: Gholdengo|Air Balloon
|move|p1a: Ninetales|Freeze-Dry|p2a: Gholdengo
|-resisted|p2a: Gholdengo
|-damage|p2a: Gholdengo|88/100
|-enditem|p2a: Gholdengo|Air Balloon
|
|-weather|Snowscape|[upkeep]
|upkeep
|turn|4
|
|t:|1757935741
|switch|p1a: Toedscruel|Toedscruel, M, shiny|100/100
|-activate|p1a: Toedscruel|move: Sticky Web
|-unboost|p1a: Toedscruel|spe|1
|move|p2a: Gholdengo|Make It Rain|p1a: Toedscruel
|-damage|p1a: Toedscruel|72/100
|-unboost|p2a: Gholdengo|spa|1
|
|-weather|Snowscape|[upkeep]
|upkeep
|turn|5
|
|t:|1757935756
|switch|p2a: Gliscor|Gliscor, M|100/100
|move|p1a: Toedscruel|Rapid Spin|p2a: Gliscor
|-damage|p2a: Gliscor|96/100
|-boost|p1a: Toedscruel|spe|1
|-sideend|p1: weiweihu|Sticky Web|[from] move: Rapid Spin|[of] p1a: Toedscruel
|
|-weather|none
|-status|p2a: Gliscor|tox|[from] item: Toxic Orb
|upkeep
|turn|6
|
|t:|1757935764
|move|p2a: Gliscor|Knock Off|p1a: Toedscruel
|-damage|p1a: Toedscruel|57/100
|-enditem|p1a: Toedscruel|Focus Sash|[from] move: Knock Off|[of] p2a: Gliscor
|move|p1a: Toedscruel|Leech Seed|p2a: Gliscor
|-start|p2a: Gliscor|move: Leech Seed
|
|-damage|p2a: Gliscor|84/100 tox|[from] Leech Seed|[of] p1a: Toedscruel
|-heal|p1a: Toedscruel|70/100|[silent]
|-heal|p2a: Gliscor|96/100 tox|[from] ability: Poison Heal
|upkeep
|turn|7
|
|t:|1757935774
|switch|p2a: Araquanid|Araquanid, M|72/100
|move|p1a: Toedscruel|Leaf Storm|p2a: Araquanid
|-damage|p2a: Araquanid|45/100
|-unboost|p1a: Toedscruel|spa|2
|
|upkeep
|turn|8
|
|t:|1757935782
|move|p1a: Toedscruel|Rapid Spin|p2a: Araquanid
|-damage|p2a: Araquanid|38/100
|-boost|p1a: Toedscruel|spe|1
|move|p2a: Araquanid|Sticky Web|p1a: Toedscruel
|-sidestart|p1: weiweihu|move: Sticky Web
|
|-sideend|p1: weiweihu|move: Aurora Veil
|upkeep
|turn|9
|
|t:|1757935788
|switch|p2a: Gholdengo|Gholdengo|88/100
|move|p1a: Toedscruel|Earth Power|p2a: Gholdengo
|-supereffective|p2a: Gholdengo
|-damage|p2a: Gholdengo|53/100
|
|upkeep
|turn|10
|
|t:|1757935798
|move|p1a: Toedscruel|Earth Power|p2a: Gholdengo
|-supereffective|p2a: Gholdengo
|-damage|p2a: Gholdengo|17/100
|move|p2a: Gholdengo|Shadow Ball|p1a: Toedscruel
|-crit|p1a: Toedscruel
|-damage|p1a: Toedscruel|12/100
|
|upkeep
|turn|11
|
|t:|1757935808
|switch|p2a: Scizor|Scizor, F, shiny|100/100
|move|p1a: Toedscruel|Earth Power|p2a: Scizor
|-damage|p2a: Scizor|84/100
|
|-heal|p2a: Scizor|90/100|[from] item: Leftovers
|upkeep
|turn|12
|
|t:|1757935815
|move|p2a: Scizor|Bullet Punch|p1a: Toedscruel
|-damage|p1a: Toedscruel|0 fnt
|faint|p1a: Toedscruel
|
|-heal|p2a: Scizor|96/100|[from] item: Leftovers
|upkeep
|
|t:|1757935824
|switch|p1a: Hydreigon|Hydreigon, M, shiny|100/100
|turn|13
|
|t:|1757935830
|switch|p2a: Araquanid|Araquanid, M|38/100
|move|p1a: Hydreigon|Flamethrower|p2a: Araquanid
|-damage|p2a: Araquanid|28/100
|
|upkeep
|turn|14
|
|t:|1757935837
|move|p2a: Araquanid|Endure|p2a: Araquanid
|-singleturn|p2a: Araquanid|move: Endure
|move|p1a: Hydreigon|Dark Pulse|p2a: Araquanid
|-damage|p2a: Araquanid|3/100
|
|upkeep
|turn|15
|-enditem|p2a: Araquanid|Custap Berry|[eat]
|-activate|p2a: Araquanid|item: Custap Berry|[consumed]
|
|t:|1757935843
|switch|p1a: Skeledirge|Skeledirge, M, shiny|100/100
|move|p2a: Araquanid|Endeavor|p1a: Skeledirge
|-immune|p1a: Skeledirge
|
|upkeep
|turn|16
|
|t:|1757935855
|move|p1a: Skeledirge|Fire Spin|p2a: Araquanid
|-damage|p2a: Araquanid|0 fnt
|faint|p2a: Araquanid
|
|upkeep
|
|t:|1757935864
|switch|p2a: Walking Wake|Walking Wake|100/100
|turn|17
|
|t:|1757935870
|switch|p1a: Ninetales|Ninetales-Alola, F, shiny|82/100
|-activate|p1a: Ninetales|move: Sticky Web
|-unboost|p1a: Ninetales|spe|1
|-weather|Snowscape|[from] ability: Snow Warning|[of] p1a: Ninetales
|move|p2a: Walking Wake|Hydro Steam|p1a: Ninetales
|-damage|p1a: Ninetales|14/100
|
|-weather|Snowscape|[upkeep]
|upkeep
|turn|18
|
|t:|1757935879
|move|p2a: Walking Wake|Hydro Steam|p1a: Ninetales
|-damage|p1a: Ninetales|0 fnt
|faint|p1a: Ninetales
|
|-weather|Snowscape|[upkeep]
|upkeep
|
|t:|1757935883
|switch|p1a: Ogerpon|Ogerpon, F|100/100
|-activate|p1a: Ogerpon|move: Sticky Web
|-unboost|p1a: Ogerpon|spe|1
|-ability|p1a: Ogerpon|Defiant|boost
|-boost|p1a: Ogerpon|atk|2
|turn|19
|
|t:|1757935891
|-end|p2a: Walking Wake|Protosynthesis|[silent]
|switch|p2a: Zamazenta|Zamazenta|100/100
|-ability|p2a: Zamazenta|Dauntless Shield|boost
|-boost|p2a: Zamazenta|def|1
|move|p1a: Ogerpon|Knock Off|p2a: Zamazenta
|-resisted|p2a: Zamazenta
|-damage|p2a: Zamazenta|69/100
|-enditem|p2a: Zamazenta|Heavy-Duty Boots|[from] move: Knock Off|[of] p1a: Ogerpon
|
|-weather|Snowscape|[upkeep]
|upkeep
|turn|20
|
|t:|1757935911
|switch|p1a: Skeledirge|Skeledirge, M, shiny|100/100
|-terastallize|p2a: Zamazenta|Fighting
|move|p2a: Zamazenta|Close Combat|p1a: Skeledirge
|-immune|p1a: Skeledirge
|
|-weather|Snowscape|[upkeep]
|upkeep
|turn|21
|
|t:|1757935919
|move|p2a: Zamazenta|Crunch|p1a: Skeledirge
|-supereffective|p1a: Skeledirge
|-damage|p1a: Skeledirge|67/100
|move|p1a: Skeledirge|Will-O-Wisp|p2a: Zamazenta
|-status|p2a: Zamazenta|brn
|
|-weather|none
|-damage|p2a: Zamazenta|63/100 brn|[from] brn
|upkeep
|turn|22
|
|t:|1757935930
|switch|p2a: Gliscor|Gliscor, M|96/100 tox
|switch|p1a: Ogerpon|Ogerpon, F|100/100
|-activate|p1a: Ogerpon|move: Sticky Web
|-unboost|p1a: Ogerpon|spe|1
|-ability|p1a: Ogerpon|Defiant|boost
|-boost|p1a: Ogerpon|atk|2
|
|-heal|p2a: Gliscor|100/100 tox|[from] ability: Poison Heal
|upkeep
|turn|23
|
|t:|1757935944
|-terastallize|p1a: Ogerpon|Grass
|detailschange|p1a: Ogerpon|Ogerpon-Teal-Tera, F, tera:Grass
|-ability|p1a: Ogerpon|Embody Aspect (Teal)|boost
|-boost|p1a: Ogerpon|spe|1
|move|p1a: Ogerpon|Ivy Cudgel|p2a: Gliscor
|-damage|p2a: Gliscor|0 fnt
|faint|p2a: Gliscor
|
|upkeep
|
|t:|1757935952
|switch|p2a: Scizor|Scizor, F, shiny|96/100
|turn|24
|
|t:|1757935962
|move|p1a: Ogerpon|Ivy Cudgel|p2a: Scizor
|-resisted|p2a: Scizor
|-damage|p2a: Scizor|39/100
|move|p2a: Scizor|U-turn|p1a: Ogerpon
|-supereffective|p1a: Ogerpon
|-damage|p1a: Ogerpon|4/100
|
|t:|1757935969
|switch|p2a: Zamazenta|Zamazenta, tera:Fighting|63/100 brn|[from] U-turn
|
|-damage|p2a: Zamazenta|57/100 brn|[from] brn
|upkeep
|turn|25
|
|t:|1757935979
|move|p2a: Zamazenta|Crunch|p1a: Ogerpon
|-damage|p1a: Ogerpon|0 fnt
|faint|p1a: Ogerpon
|detailschange|p1: Ogerpon|Ogerpon, F|[silent]
|
|-damage|p2a: Zamazenta|51/100 brn|[from] brn
|upkeep
|
|t:|1757935984
|switch|p1a: Hydreigon|Hydreigon, M, shiny|100/100
|turn|26
|
|t:|1757935988
|move|p2a: Zamazenta|Close Combat|p1a: Hydreigon
|-supereffective|p1a: Hydreigon
|-damage|p1a: Hydreigon|17/100
|-unboost|p2a: Zamazenta|def|1
|-unboost|p2a: Zamazenta|spd|1
|-enditem|p1a: Hydreigon|Sitrus Berry|[eat]
|-heal|p1a: Hydreigon|42/100|[from] item: Sitrus Berry
|move|p1a: Hydreigon|Nasty Plot|p1a: Hydreigon
|-boost|p1a: Hydreigon|spa|2
|
|-damage|p2a: Zamazenta|45/100 brn|[from] brn
|upkeep
|turn|27
|-message|weiweihu forfeited.
|
|win|SirSleepy
|raw|weiweihu's rating: 1309 &rarr; <strong>1288</strong><br />(-21 for losing)
|raw|SirSleepy's rating: 1292 &rarr; <strong>1318</strong><br />(+26 for winning)
|l|☆weiweihu
|player|p1|
|l|☆SirSleepy
|player|p2|
