|j|☆metalsandy
|j|☆BigBadDragon98
|t:|1757843289
|gametype|singles
|player|p1|metalsandy|bruno|1209
|player|p2|BigBadDragon98|red|1220
|gen|9
|tier|[Gen 9] OU
|rated|
|rule|HP Percentage Mod: HP is shown in percentages
|rule|Endless Battle Clause: Forcing endless battles is banned
|rule|Species Clause: Limit one of each Pokémon
|rule|OHKO Clause: OHKO moves are banned
|rule|Evasion Items Clause: Evasion items are banned
|rule|Evasion Moves Clause: Evasion moves are banned
|rule|Evasion Abilities Clause: Evasion abilities are banned
|rule|Sleep Moves Clause: Sleep-inducing moves are banned
|clearpoke
|poke|p1|Cinderace, M|
|poke|p1|Darkrai|
|poke|p1|Gholdengo|
|poke|p1|Ogerpon-Wellspring, F|
|poke|p1|Iron Moth|
|poke|p1|Kleavor, M|
|poke|p2|Houndstone, M|
|poke|p2|Gengar, M|
|poke|p2|Tyranitar, M|
|poke|p2|Excadrill, M|
|poke|p2|Hydreigon, M|
|poke|p2|Mandibuzz, F|
|teampreview
|inactive|Battle timer is ON: inactive players will automatically lose when time's up. (requested by BigBadDragon98)
|
|t:|1757843308
|teamsize|p1|6
|teamsize|p2|6
|start
|switch|p1a: Ogerpon|Ogerpon-Wellspring, F|100/100
|switch|p2a: Houndstone|Houndstone, M|100/100
|turn|1
|
|t:|1757843316
|move|p1a: Ogerpon|Swords Dance|p1a: Ogerpon
|-boost|p1a: Ogerpon|atk|2
|move|p2a: Houndstone|Will-O-Wisp|p1a: Ogerpon
|-status|p1a: Ogerpon|brn
|
|-damage|p1a: Ogerpon|95/100 brn|[from] brn
|upkeep
|turn|2
|
|t:|1757843326
|move|p1a: Ogerpon|Encore|p2a: Houndstone
|-start|p2a: Houndstone|Encore
|move|p2a: Houndstone|Will-O-Wisp|p1a: Ogerpon
|-fail|p1a: Ogerpon|brn
|
|-damage|p1a: Ogerpon|89/100 brn|[from] brn
|upkeep
|turn|3
|
|t:|1757843334
|switch|p2a: Mandibuzz|Mandibuzz, F|100/100
|move|p1a: Ogerpon|Swords Dance|p1a: Ogerpon
|-boost|p1a: Ogerpon|atk|2
|
|-damage|p1a: Ogerpon|83/100 brn|[from] brn
|upkeep
|turn|4
|
|t:|1757843343
|switch|p2a: Houndstone|Houndstone, M|100/100
|move|p1a: Ogerpon|Ivy Cudgel|p2a: Houndstone|[anim] Ivy Cudgel Water
|-damage|p2a: Houndstone|36/100
|
|-heal|p2a: Houndstone|42/100|[from] item: Leftovers
|-damage|p1a: Ogerpon|77/100 brn|[from] brn
|upkeep
|turn|5
|
|t:|1757843353
|move|p2a: Houndstone|Protect|p2a: Houndstone
|-singleturn|p2a: Houndstone|Protect
|move|p1a: Ogerpon|Ivy Cudgel|p2a: Houndstone|[anim] Ivy Cudgel Water
|-activate|p2a: Houndstone|move: Protect
|
|-heal|p2a: Houndstone|48/100|[from] item: Leftovers
|-damage|p1a: Ogerpon|71/100 brn|[from] brn
|upkeep
|turn|6
|
|t:|1757843362
|move|p1a: Ogerpon|Ivy Cudgel|p2a: Houndstone|[anim] Ivy Cudgel Water
|-damage|p2a: Houndstone|0 fnt
|faint|p2a: Houndstone
|
|-damage|p1a: Ogerpon|65/100 brn|[from] brn
|upkeep
|
|t:|1757843372
|switch|p2a: Tyranitar|Tyranitar, M|100/100
|-weather|Sandstorm|[from] ability: Sand Stream|[of] p2a: Tyranitar
|turn|7
|
|t:|1757843378
|move|p1a: Ogerpon|Horn Leech|p2a: Tyranitar
|-supereffective|p2a: Tyranitar
|-damage|p2a: Tyranitar|3/100
|-heal|p1a: Ogerpon|100/100 brn|[from] drain|[of] p2a: Tyranitar
|move|p2a: Tyranitar|Stealth Rock|p1a: Ogerpon
|-sidestart|p1: metalsandy|move: Stealth Rock
|
|-weather|Sandstorm|[upkeep]
|-damage|p1a: Ogerpon|95/100 brn|[from] Sandstorm
|-heal|p2a: Tyranitar|9/100|[from] item: Leftovers
|-damage|p1a: Ogerpon|89/100 brn|[from] brn
|upkeep
|turn|8
|
|t:|1757843399
|move|p1a: Ogerpon|Horn Leech|p2a: Tyranitar
|-supereffective|p2a: Tyranitar
|-damage|p2a: Tyranitar|0 fnt
|-heal|p1a: Ogerpon|95/100 brn|[from] drain|[of] p2a: Tyranitar
|faint|p2a: Tyranitar
|
|-weather|Sandstorm|[upkeep]
|-damage|p1a: Ogerpon|89/100 brn|[from] Sandstorm
|-damage|p1a: Ogerpon|83/100 brn|[from] brn
|upkeep
|
|t:|1757843412
|switch|p2a: Hydreigon|Hydreigon, M|100/100
|turn|9
|
|t:|1757843421
|move|p1a: Ogerpon|Ivy Cudgel|p2a: Hydreigon|[anim] Ivy Cudgel Water
|-resisted|p2a: Hydreigon
|-damage|p2a: Hydreigon|47/100
|move|p2a: Hydreigon|Draco Meteor|p1a: Ogerpon
|-damage|p1a: Ogerpon|7/100 brn
|-unboost|p2a: Hydreigon|spa|2
|
|-weather|Sandstorm|[upkeep]
|-damage|p1a: Ogerpon|1/100 brn|[from] Sandstorm
|-damage|p2a: Hydreigon|41/100|[from] Sandstorm
|-damage|p1a: Ogerpon|0 fnt|[from] brn
|faint|p1a: Ogerpon
|upkeep
|
|t:|1757843439
|switch|p1a: Cinderace|Cinderace, M|100/100
|turn|10
|
|t:|1757843444
|switch|p2a: Mandibuzz|Mandibuzz, F|100/100
|move|p1a: Cinderace|Court Change|p1a: Cinderace
|-start|p1a: Cinderace|typechange|Normal|[from] ability: Libero
|-swapsideconditions
|-activate|p1a: Cinderace|move: Court Change
|
|-weather|Sandstorm|[upkeep]
|-damage|p1a: Cinderace|95/100|[from] Sandstorm
|upkeep
|turn|11
|
|t:|1757843454
|move|p1a: Cinderace|Will-O-Wisp|p2a: Mandibuzz
|-status|p2a: Mandibuzz|brn
|move|p2a: Mandibuzz|Toxic|p1a: Cinderace
|-status|p1a: Cinderace|tox
|
|-weather|none
|-damage|p1a: Cinderace|89/100 tox|[from] psn
|-damage|p2a: Mandibuzz|94/100 brn|[from] brn
|upkeep
|turn|12
|
|t:|1757843466
|move|p1a: Cinderace|Pyro Ball|p2a: Mandibuzz
|-damage|p2a: Mandibuzz|71/100 brn
|move|p2a: Mandibuzz|Foul Play|p1a: Cinderace
|-crit|p1a: Cinderace
|-damage|p1a: Cinderace|39/100 tox
|
|-damage|p1a: Cinderace|27/100 tox|[from] psn
|-damage|p2a: Mandibuzz|65/100 brn|[from] brn
|upkeep
|turn|13
|
|t:|1757843477
|move|p1a: Cinderace|U-turn|p2a: Mandibuzz
|-damage|p2a: Mandibuzz|53/100 brn
|
|t:|1757843488
|switch|p1a: Kleavor|Kleavor, M|100/100|[from] U-turn
|move|p2a: Mandibuzz|Defog|p1a: Kleavor
|-unboost|p1a: Kleavor|evasion|1
|-sideend|p2: BigBadDragon98|Stealth Rock|[from] move: Defog|[of] p2a: Mandibuzz
|
|-damage|p2a: Mandibuzz|47/100 brn|[from] brn
|upkeep
|turn|14
|
|t:|1757843498
|move|p1a: Kleavor|Stone Axe|p2a: Mandibuzz
|-supereffective|p2a: Mandibuzz
|-damage|p2a: Mandibuzz|0 fnt
|-sidestart|p2: BigBadDragon98|move: Stealth Rock
|faint|p2a: Mandibuzz
|
|upkeep
|
|t:|1757843504
|switch|p2a: Excadrill|Excadrill, M|100/100
|-damage|p2a: Excadrill|97/100|[from] Stealth Rock
|-item|p2a: Excadrill|Air Balloon
|turn|15
|
|t:|1757843513
|switch|p1a: Cinderace|Cinderace, M|27/100 tox
|move|p2a: Excadrill|Rapid Spin|p1a: Cinderace
|-damage|p1a: Cinderace|1/100 tox
|-boost|p2a: Excadrill|spe|1
|-sideend|p2: BigBadDragon98|Stealth Rock|[from] move: Rapid Spin|[of] p2a: Excadrill
|
|-damage|p1a: Cinderace|0 fnt|[from] psn
|faint|p1a: Cinderace
|upkeep
|
|t:|1757843526
|switch|p1a: Gholdengo|Gholdengo|100/100
|-item|p1a: Gholdengo|Air Balloon
|turn|16
|
|t:|1757843533
|move|p2a: Excadrill|Iron Head|p1a: Gholdengo
|-resisted|p1a: Gholdengo
|-damage|p1a: Gholdengo|85/100
|-enditem|p1a: Gholdengo|Air Balloon
|cant|p1a: Gholdengo|flinch
|
|upkeep
|turn|17
|
|t:|1757843552
|move|p2a: Excadrill|Swords Dance|p2a: Excadrill
|-boost|p2a: Excadrill|atk|2
|move|p1a: Gholdengo|Make It Rain|p2a: Excadrill
|-resisted|p2a: Excadrill
|-damage|p2a: Excadrill|64/100
|-unboost|p1a: Gholdengo|spa|1
|-enditem|p2a: Excadrill|Air Balloon
|
|upkeep
|turn|18
|
|t:|1757843562
|move|p2a: Excadrill|Earthquake|p1a: Gholdengo
|-supereffective|p1a: Gholdengo
|-damage|p1a: Gholdengo|0 fnt
|faint|p1a: Gholdengo
|
|upkeep
|
|t:|1757843566
|switch|p1a: Iron Moth|Iron Moth|100/100
|-enditem|p1a: Iron Moth|Booster Energy
|-activate|p1a: Iron Moth|ability: Quark Drive|[fromitem]
|-start|p1a: Iron Moth|quarkdrivespe
|turn|19
|
|t:|1757843574
|move|p1a: Iron Moth|Energy Ball|p2a: Excadrill
|-damage|p2a: Excadrill|20/100
|move|p2a: Excadrill|Earthquake|p1a: Iron Moth
|-supereffective|p1a: Iron Moth
|-damage|p1a: Iron Moth|0 fnt
|faint|p1a: Iron Moth
|-end|p1a: Iron Moth|Quark Drive|[silent]
|
|upkeep
|
|t:|1757843579
|switch|p1a: Kleavor|Kleavor, M|100/100
|turn|20
|
|t:|1757843589
|move|p2a: Excadrill|Iron Head|p1a: Kleavor
|-supereffective|p1a: Kleavor
|-damage|p1a: Kleavor|0 fnt
|faint|p1a: Kleavor
|
|upkeep
|
|t:|1757843591
|switch|p1a: Darkrai|Darkrai|100/100
|turn|21
|
|t:|1757843597
|-terastallize|p2a: Excadrill|Ground
|-terastallize|p1a: Darkrai|Dark
|move|p2a: Excadrill|Earthquake|p1a: Darkrai
|-damage|p1a: Darkrai|0 fnt
|faint|p1a: Darkrai
|
|win|BigBadDragon98
|raw|metalsandy's rating: 1209 &rarr; <strong>1185</strong><br />(-24 for losing)
|raw|BigBadDragon98's rating: 1220 &rarr; <strong>1244</strong><br />(+24 for winning)
|l|☆metalsandy
|player|p1|
|l|☆BigBadDragon98
|player|p2|
