|j|☆boya2
|j|☆vryfast
|t:|1757827743
|gametype|singles
|player|p1|boya2|lyra|1095
|player|p2|vryfast|266|1063
|gen|9
|tier|[Gen 9] OU
|rated|
|rule|HP Percentage Mod: HP is shown in percentages
|rule|Endless Battle Clause: Forcing endless battles is banned
|rule|Species Clause: Limit one of each Pokémon
|rule|OHKO Clause: OHKO moves are banned
|rule|Evasion Items Clause: Evasion items are banned
|rule|Evasion Moves Clause: Evasion moves are banned
|rule|Evasion Abilities Clause: Evasion abilities are banned
|rule|Sleep Moves Clause: Sleep-inducing moves are banned
|clearpoke
|poke|p1|Jolteon, M|
|poke|p1|Skarmory, M|
|poke|p1|Blaziken, M|
|poke|p1|Ninetales-Alola, M|
|poke|p1|Mew|
|poke|p1|Mimikyu, F|
|poke|p2|Charizard, M|
|poke|p2|Feraligatr, F|
|poke|p2|Latios, M|
|poke|p2|Masquerain, F|
|poke|p2|Gholdengo|
|poke|p2|Donphan, F|
|teampreview
|
|t:|1757827750
|teamsize|p1|6
|teamsize|p2|6
|start
|switch|p1a: Blaziken|Blaziken, M|100/100
|switch|p2a: Charizard|Charizard, M, shiny|100/100
|turn|1
|
|t:|1757827759
|move|p2a: Charizard|Dragon Dance|p2a: Charizard
|-boost|p2a: Charizard|atk|1
|-boost|p2a: Charizard|spe|1
|move|p1a: Blaziken|Swords Dance|p1a: Blaziken
|-boost|p1a: Blaziken|atk|2
|
|-ability|p1a: Blaziken|Speed Boost|boost
|-boost|p1a: Blaziken|spe|1
|upkeep
|turn|2
|inactive|Battle timer is ON: inactive players will automatically lose when time's up. (requested by vryfast)
|
|t:|1757827768
|move|p2a: Charizard|Dragon Dance|p2a: Charizard
|-boost|p2a: Charizard|atk|1
|-boost|p2a: Charizard|spe|1
|move|p1a: Blaziken|Swords Dance|p1a: Blaziken
|-boost|p1a: Blaziken|atk|2
|
|-ability|p1a: Blaziken|Speed Boost|boost
|-boost|p1a: Blaziken|spe|1
|upkeep
|turn|3
|
|t:|1757827777
|move|p2a: Charizard|Earthquake|p1a: Blaziken
|-supereffective|p1a: Blaziken
|-crit|p1a: Blaziken
|-enditem|p1a: Blaziken|Focus Sash
|-damage|p1a: Blaziken|1/100
|move|p1a: Blaziken|Swords Dance|p1a: Blaziken
|-boost|p1a: Blaziken|atk|2
|
|-ability|p1a: Blaziken|Speed Boost|boost
|-boost|p1a: Blaziken|spe|1
|upkeep
|turn|4
|inactive|vryfast has 120 seconds left.
|
|t:|1757827808
|move|p1a: Blaziken|Endure|p1a: Blaziken
|-singleturn|p1a: Blaziken|move: Endure
|move|p2a: Charizard|Fire Punch|p1a: Blaziken
|-resisted|p1a: Blaziken
|-activate|p1a: Blaziken|move: Endure
|-damage|p1a: Blaziken|1/100
|
|-ability|p1a: Blaziken|Speed Boost|boost
|-boost|p1a: Blaziken|spe|1
|upkeep
|turn|5
|inactive|vryfast has 120 seconds left.
|
|t:|1757827818
|move|p1a: Blaziken|Reversal|p2a: Charizard
|-resisted|p2a: Charizard
|-damage|p2a: Charizard|0 fnt
|faint|p2a: Charizard
|
|-ability|p1a: Blaziken|Speed Boost|boost
|-boost|p1a: Blaziken|spe|1
|upkeep
|
|t:|1757827822
|switch|p2a: Masquerain|Masquerain, F|100/100
|-ability|p2a: Masquerain|Intimidate|boost
|-unboost|p1a: Blaziken|atk|1
|turn|6
|
|t:|1757827829
|move|p1a: Blaziken|Endure|p1a: Blaziken
|-singleturn|p1a: Blaziken|move: Endure
|move|p2a: Masquerain|Aqua Jet|p1a: Blaziken
|-supereffective|p1a: Blaziken
|-activate|p1a: Blaziken|move: Endure
|-damage|p1a: Blaziken|1/100
|
|-ability|p1a: Blaziken|Speed Boost|boost
|-boost|p1a: Blaziken|spe|1
|upkeep
|turn|7
|
|t:|1757827846
|switch|p1a: Jolteon|Jolteon, M|100/100
|-item|p1a: Jolteon|Air Balloon
|move|p2a: Masquerain|Aqua Jet|p1a: Jolteon
|-damage|p1a: Jolteon|81/100
|-enditem|p1a: Jolteon|Air Balloon
|
|upkeep
|turn|8
|
|t:|1757827857
|switch|p2a: Donphan|Donphan, F, shiny|100/100
|move|p1a: Jolteon|Thunderbolt|p2a: Donphan
|-immune|p2a: Donphan
|
|upkeep
|turn|9
|
|t:|1757827867
|switch|p1a: Skarmory|Skarmory, M|100/100
|move|p2a: Donphan|Stealth Rock|p1a: Skarmory
|-sidestart|p1: boya2|move: Stealth Rock
|
|upkeep
|turn|10
|
|t:|1757827888
|switch|p2a: Latios|Latios, M|100/100
|move|p1a: Skarmory|Iron Defense|p1a: Skarmory
|-boost|p1a: Skarmory|def|2
|
|upkeep
|turn|11
|
|t:|1757827895
|move|p2a: Latios|Thunderbolt|p1a: Skarmory
|-supereffective|p1a: Skarmory
|-damage|p1a: Skarmory|20/100
|move|p1a: Skarmory|Body Press|p2a: Latios
|-resisted|p2a: Latios
|-damage|p2a: Latios|55/100
|
|-heal|p1a: Skarmory|27/100|[from] item: Leftovers
|upkeep
|turn|12
|
|t:|1757827905
|move|p2a: Latios|Thunderbolt|p1a: Skarmory
|-supereffective|p1a: Skarmory
|-damage|p1a: Skarmory|0 fnt
|faint|p1a: Skarmory
|
|upkeep
|
|t:|1757827913
|switch|p1a: Mew|Mew, shiny|100/100
|-damage|p1a: Mew|88/100|[from] Stealth Rock
|turn|13
|
|t:|1757827921
|move|p2a: Latios|Thunderbolt|p1a: Mew
|-damage|p1a: Mew|51/100
|move|p1a: Mew|Endeavor|p2a: Latios
|-immune|p2a: Latios
|
|upkeep
|turn|14
|
|t:|1757827940
|switch|p2a: Masquerain|Masquerain, F|100/100
|-ability|p2a: Masquerain|Intimidate|boost
|-unboost|p1a: Mew|atk|1
|move|p1a: Mew|U-turn|p2a: Masquerain
|-resisted|p2a: Masquerain
|-damage|p2a: Masquerain|93/100
|-damage|p1a: Mew|35/100|[from] item: Rocky Helmet|[of] p2a: Masquerain
|
|t:|1757827948
|switch|p1a: Ninetales|Ninetales-Alola, M|100/100|[from] U-turn
|-damage|p1a: Ninetales|76/100|[from] Stealth Rock
|-weather|Snowscape|[from] ability: Snow Warning|[of] p1a: Ninetales
|
|-weather|Snowscape|[upkeep]
|upkeep
|turn|15
|
|t:|1757827957
|move|p1a: Ninetales|Aurora Veil|p1a: Ninetales
|-sidestart|p1: boya2|move: Aurora Veil
|move|p2a: Masquerain|Whirlwind|p1a: Ninetales
|drag|p1a: Jolteon|Jolteon, M|81/100
|-damage|p1a: Jolteon|69/100|[from] Stealth Rock
|
|-weather|Snowscape|[upkeep]
|upkeep
|turn|16
|
|t:|1757827965
|switch|p2a: Donphan|Donphan, F, shiny|100/100
|move|p1a: Jolteon|Shadow Ball|p2a: Donphan
|-damage|p2a: Donphan|59/100
|
|-weather|Snowscape|[upkeep]
|upkeep
|turn|17
|
|t:|1757827975
|-terastallize|p1a: Jolteon|Flying
|move|p1a: Jolteon|Shadow Ball|p2a: Donphan
|-damage|p2a: Donphan|20/100
|move|p2a: Donphan|Earthquake|p1a: Jolteon
|-immune|p1a: Jolteon
|
|-weather|Snowscape|[upkeep]
|upkeep
|turn|18
|
|t:|1757827985
|move|p1a: Jolteon|Thunderbolt|p2a: Donphan
|-immune|p2a: Donphan
|move|p2a: Donphan|Rapid Spin|p1a: Jolteon
|-damage|p1a: Jolteon|50/100
|-boost|p2a: Donphan|spe|1
|
|-weather|none
|upkeep
|turn|19
|
|t:|1757827994
|move|p1a: Jolteon|Shadow Ball|p2a: Donphan
|-damage|p2a: Donphan|0 fnt
|faint|p2a: Donphan
|
|-sideend|p1: boya2|move: Aurora Veil
|upkeep
|
|t:|1757828002
|switch|p2a: Latios|Latios, M|55/100
|turn|20
|
|t:|1757828006
|move|p2a: Latios|Luster Purge|p1a: Jolteon
|-damage|p1a: Jolteon|0 fnt
|faint|p1a: Jolteon
|
|upkeep
|
|t:|1757828014
|switch|p1a: Ninetales|Ninetales-Alola, M|76/100
|-damage|p1a: Ninetales|51/100|[from] Stealth Rock
|-weather|Snowscape|[from] ability: Snow Warning|[of] p1a: Ninetales
|turn|21
|
|t:|1757828021
|move|p2a: Latios|Luster Purge|p1a: Ninetales
|-damage|p1a: Ninetales|0 fnt
|faint|p1a: Ninetales
|
|-weather|Snowscape|[upkeep]
|upkeep
|-message|boya2 forfeited.
|
|win|vryfast
|raw|boya2's rating: 1095 &rarr; <strong>1069</strong><br />(-26 for losing)
|raw|vryfast's rating: 1063 &rarr; <strong>1096</strong><br />(+33 for winning)
|l|☆boya2
|player|p1|
|l|☆vryfast
|player|p2|
