|badge|p1|bronze|gen9randombattle|100-6
|uhtml|medal-msg|<div class="broadcast-blue">Curious what those medals under the avatar are? PS now has Ladder Seasons! For more information, check out the <a href="https://www.smogon.com/forums/threads/3740067/">thread on Smogon.</a></div>
|j|☆larp legion
|j|☆takeyouout
|t:|1757811108
|gametype|singles
|player|p1|larp legion|clown|1641
|player|p2|takeyouout|richboy|1617
|gen|9
|tier|[Gen 9] OU
|rated|
|rule|HP Percentage Mod: HP is shown in percentages
|rule|Endless Battle Clause: Forcing endless battles is banned
|rule|Species Clause: Limit one of each Pokémon
|rule|OHKO Clause: OHKO moves are banned
|rule|Evasion Items Clause: Evasion items are banned
|rule|Evasion Moves Clause: Evasion moves are banned
|rule|Evasion Abilities Clause: Evasion abilities are banned
|rule|Sleep Moves Clause: Sleep-inducing moves are banned
|clearpoke
|poke|p1|Walking Wake|
|poke|p1|Sinistcha|
|poke|p1|Volcanion|
|poke|p1|Slowbro, M|
|poke|p1|Coalossal, M|
|poke|p1|Emboar, M|
|poke|p2|Tyranitar, F|
|poke|p2|Garganacl, M|
|poke|p2|Deoxys-Speed|
|poke|p2|Alomomola, F|
|poke|p2|Excadrill, M|
|poke|p2|Tornadus-Therian, M|
|teampreview
|inactive|Battle timer is ON: inactive players will automatically lose when time's up. (requested by larp legion)
|inactive|takeyouout has 120 seconds left.
|inactive|takeyouout has 90 seconds left.
|inactive|takeyouout has 60 seconds left.
|
|t:|1757811201
|teamsize|p1|6
|teamsize|p2|6
|start
|switch|p1a: Volcanion|Volcanion|100/100
|switch|p2a: Tornadus|Tornadus-Therian, M|100/100
|turn|1
|inactive|takeyouout has 120 seconds left.
|inactive|larp legion has 120 seconds left.
|
|t:|1757811232
|move|p2a: Tornadus|Bleakwind Storm|p1a: Volcanion|[miss]
|-miss|p2a: Tornadus|p1a: Volcanion
|move|p1a: Volcanion|Steam Eruption|p2a: Tornadus
|-damage|p2a: Tornadus|27/100
|
|upkeep
|turn|2
|
|t:|1757811238
|switch|p2a: Molllllyyyyy|Alomomola, F, shiny|100/100
|move|p1a: Volcanion|Steam Eruption|p2a: Molllllyyyyy
|-resisted|p2a: Molllllyyyyy
|-damage|p2a: Molllllyyyyy|70/100
|
|upkeep
|turn|3
|inactive|larp legion has 120 seconds left.
|
|t:|1757811267
|move|p1a: Volcanion|Sludge Bomb|p2a: Molllllyyyyy
|-damage|p2a: Molllllyyyyy|38/100
|move|p2a: Molllllyyyyy|Light Screen|p2a: Molllllyyyyy
|-sidestart|p2: takeyouout|move: Light Screen
|
|upkeep
|turn|4
|inactive|takeyouout has 120 seconds left.
|
|t:|1757811297
|move|p1a: Volcanion|Sludge Bomb|p2a: Molllllyyyyy
|-damage|p2a: Molllllyyyyy|22/100
|move|p2a: Molllllyyyyy|Wish|p2a: Molllllyyyyy
|
|upkeep
|turn|5
|
|t:|1757811302
|switch|p2a: Tornadus|Tornadus-Therian, M|61/100
|move|p1a: Volcanion|Sludge Bomb|p2a: Tornadus
|-damage|p2a: Tornadus|39/100
|
|-heal|p2a: Tornadus|100/100|[from] move: Wish|[wisher] Molllllyyyyy
|upkeep
|turn|6
|
|t:|1757811305
|move|p2a: Tornadus|Nasty Plot|p2a: Tornadus
|-boost|p2a: Tornadus|spa|2
|move|p1a: Volcanion|Sludge Bomb|p2a: Tornadus
|-damage|p2a: Tornadus|79/100
|-status|p2a: Tornadus|psn
|
|-damage|p2a: Tornadus|66/100 psn|[from] psn
|upkeep
|turn|7
|
|t:|1757811310
|move|p2a: Tornadus|Bleakwind Storm|p1a: Volcanion
|-damage|p1a: Volcanion|8/100
|-damage|p2a: Tornadus|56/100 psn|[from] item: Life Orb
|move|p1a: Volcanion|Steam Eruption|p2a: Tornadus
|-damage|p2a: Tornadus|14/100 psn
|
|-damage|p2a: Tornadus|2/100 psn|[from] psn
|-sideend|p2: takeyouout|move: Light Screen
|upkeep
|turn|8
|
|t:|1757811317
|switch|p2a: Broomhilda|Tyranitar, F, shiny|100/100
|-weather|Sandstorm|[from] ability: Sand Stream|[of] p2a: Broomhilda
|move|p1a: Volcanion|Steam Eruption|p2a: Broomhilda
|-supereffective|p2a: Broomhilda
|-crit|p2a: Broomhilda
|-damage|p2a: Broomhilda|24/100
|-status|p2a: Broomhilda|brn
|
|-weather|Sandstorm|[upkeep]
|-damage|p1a: Volcanion|1/100|[from] Sandstorm
|-damage|p2a: Broomhilda|18/100 brn|[from] brn
|upkeep
|turn|9
|
|t:|1757811321
|switch|p2a: Molllllyyyyy|Alomomola, F, shiny|55/100
|move|p1a: Volcanion|Steam Eruption|p2a: Molllllyyyyy
|-resisted|p2a: Molllllyyyyy
|-damage|p2a: Molllllyyyyy|27/100
|
|-weather|Sandstorm|[upkeep]
|-damage|p1a: Volcanion|0 fnt|[from] Sandstorm
|-damage|p2a: Molllllyyyyy|21/100|[from] Sandstorm
|faint|p1a: Volcanion
|upkeep
|
|t:|1757811328
|switch|p1a: Sinistcha|Sinistcha|100/100
|turn|10
|
|t:|1757811332
|move|p1a: Sinistcha|Calm Mind|p1a: Sinistcha
|-boost|p1a: Sinistcha|spa|1
|-boost|p1a: Sinistcha|spd|1
|move|p2a: Molllllyyyyy|Flip Turn|p1a: Sinistcha
|-resisted|p1a: Sinistcha
|-damage|p1a: Sinistcha|93/100
|
|t:|1757811345
|switch|p2a: Tornadus|Tornadus-Therian, M|35/100 psn|[from] Flip Turn
|
|-weather|Sandstorm|[upkeep]
|-damage|p2a: Tornadus|29/100 psn|[from] Sandstorm
|-damage|p1a: Sinistcha|87/100|[from] Sandstorm
|-heal|p1a: Sinistcha|93/100|[from] item: Leftovers
|-damage|p2a: Tornadus|17/100 psn|[from] psn
|upkeep
|turn|11
|
|t:|1757811350
|-terastallize|p1a: Sinistcha|Water
|move|p2a: Tornadus|Bleakwind Storm|p1a: Sinistcha
|-damage|p1a: Sinistcha|40/100
|-damage|p2a: Tornadus|7/100 psn|[from] item: Life Orb
|move|p1a: Sinistcha|Strength Sap|p2a: Tornadus
|-unboost|p2a: Tornadus|atk|1
|-heal|p1a: Sinistcha|94/100
|
|-weather|Sandstorm|[upkeep]
|-damage|p2a: Tornadus|1/100 psn|[from] Sandstorm
|-damage|p1a: Sinistcha|88/100|[from] Sandstorm
|-heal|p1a: Sinistcha|94/100|[from] item: Leftovers
|-damage|p2a: Tornadus|0 fnt|[from] psn
|faint|p2a: Tornadus
|upkeep
|
|t:|1757811360
|switch|p2a: 99|Deoxys-Speed|100/100
|-ability|p2a: 99|Pressure
|turn|12
|
|t:|1757811375
|-terastallize|p2a: 99|Dark
|move|p2a: 99|Nasty Plot|p2a: 99
|-boost|p2a: 99|spa|2
|move|p1a: Sinistcha|Giga Drain|p2a: 99
|-damage|p2a: 99|15/100
|-heal|p1a: Sinistcha|100/100|[from] drain|[of] p2a: 99
|
|-weather|none
|upkeep
|turn|13
|j| LuLuNaNaRaRa
|
|t:|1757811387
|switch|p1a: Coalossal|Coalossal, M|100/100
|move|p2a: 99|Psycho Boost|p1a: Coalossal
|-damage|p1a: Coalossal|0 fnt
|-unboost|p2a: 99|spa|2
|faint|p1a: Coalossal
|-damage|p2a: 99|5/100|[from] item: Life Orb
|
|upkeep
|
|t:|1757811391
|switch|p1a: Walking Wake|Walking Wake|100/100
|turn|14
|
|t:|1757811394
|switch|p2a: Molllllyyyyy|Alomomola, F, shiny|54/100
|move|p1a: Walking Wake|Flip Turn|p2a: Molllllyyyyy
|-resisted|p2a: Molllllyyyyy
|-damage|p2a: Molllllyyyyy|50/100
|-damage|p1a: Walking Wake|84/100|[from] item: Rocky Helmet|[of] p2a: Molllllyyyyy
|
|t:|1757811397
|-end|p1a: Walking Wake|Protosynthesis|[silent]
|switch|p1a: Sinistcha|Sinistcha, tera:Water|100/100|[from] Flip Turn
|
|upkeep
|turn|15
|
|t:|1757811400
|move|p1a: Sinistcha|Calm Mind|p1a: Sinistcha
|-boost|p1a: Sinistcha|spa|1
|-boost|p1a: Sinistcha|spd|1
|move|p2a: Molllllyyyyy|Light Screen|p2a: Molllllyyyyy
|-sidestart|p2: takeyouout|move: Light Screen
|
|upkeep
|turn|16
|
|t:|1757811402
|move|p1a: Sinistcha|Calm Mind|p1a: Sinistcha
|-boost|p1a: Sinistcha|spa|1
|-boost|p1a: Sinistcha|spd|1
|move|p2a: Molllllyyyyy|Flip Turn|p1a: Sinistcha
|-resisted|p1a: Sinistcha
|-damage|p1a: Sinistcha|93/100
|
|t:|1757811412
|switch|p2a: RockIce|Garganacl, M|100/100|[from] Flip Turn
|
|-heal|p1a: Sinistcha|99/100|[from] item: Leftovers
|upkeep
|turn|17
|
|t:|1757811436
|move|p1a: Sinistcha|Calm Mind|p1a: Sinistcha
|-boost|p1a: Sinistcha|spa|1
|-boost|p1a: Sinistcha|spd|1
|move|p2a: RockIce|Salt Cure|p1a: Sinistcha
|-damage|p1a: Sinistcha|85/100
|-start|p1a: Sinistcha|Salt Cure
|
|-heal|p1a: Sinistcha|91/100|[from] item: Leftovers
|-damage|p1a: Sinistcha|66/100|[from] Salt Cure
|upkeep
|turn|18
|
|t:|1757811440
|switch|p2a: Broomhilda|Tyranitar, F, shiny|18/100 brn
|-weather|Sandstorm|[from] ability: Sand Stream|[of] p2a: Broomhilda
|move|p1a: Sinistcha|Calm Mind|p1a: Sinistcha
|-boost|p1a: Sinistcha|spa|1
|-boost|p1a: Sinistcha|spd|1
|
|-weather|Sandstorm|[upkeep]
|-damage|p1a: Sinistcha|60/100|[from] Sandstorm
|-heal|p1a: Sinistcha|66/100|[from] item: Leftovers
|-damage|p2a: Broomhilda|12/100 brn|[from] brn
|-damage|p1a: Sinistcha|41/100|[from] Salt Cure
|upkeep
|turn|19
|
|t:|1757811445
|move|p1a: Sinistcha|Strength Sap|p2a: Broomhilda
|-unboost|p2a: Broomhilda|atk|1
|-heal|p1a: Sinistcha|100/100
|move|p2a: Broomhilda|Knock Off|p1a: Sinistcha
|-damage|p1a: Sinistcha|86/100
|-enditem|p1a: Sinistcha|Leftovers|[from] move: Knock Off|[of] p2a: Broomhilda
|
|-weather|Sandstorm|[upkeep]
|-damage|p1a: Sinistcha|80/100|[from] Sandstorm
|-damage|p2a: Broomhilda|5/100 brn|[from] brn
|-damage|p1a: Sinistcha|55/100|[from] Salt Cure
|-sideend|p2: takeyouout|move: Light Screen
|upkeep
|turn|20
|
|t:|1757811452
|move|p1a: Sinistcha|Giga Drain|p2a: Broomhilda
|-supereffective|p2a: Broomhilda
|-damage|p2a: Broomhilda|0 fnt
|-heal|p1a: Sinistcha|58/100|[from] drain|[of] p2a: Broomhilda
|faint|p2a: Broomhilda
|
|-weather|Sandstorm|[upkeep]
|-damage|p1a: Sinistcha|52/100|[from] Sandstorm
|-damage|p1a: Sinistcha|27/100|[from] Salt Cure
|upkeep
|
|t:|1757811455
|switch|p2a: Starscream|Excadrill, M|100/100
|turn|21
|
|t:|1757811458
|switch|p1a: Slowbro|Slowbro, M|100/100
|move|p2a: Starscream|Earthquake|p1a: Slowbro
|-damage|p1a: Slowbro|52/100
|
|-weather|Sandstorm|[upkeep]
|-damage|p1a: Slowbro|46/100|[from] Sandstorm
|upkeep
|turn|22
|
|t:|1757811461
|switch|p1a: Sinistcha|Sinistcha, tera:Water|27/100
|move|p2a: Starscream|Earthquake|p1a: Sinistcha
|-damage|p1a: Sinistcha|0 fnt
|faint|p1a: Sinistcha
|
|-weather|none
|upkeep
|
|t:|1757811465
|switch|p1a: Slowbro|Slowbro, M|79/100
|turn|23
|
|t:|1757811470
|move|p2a: Starscream|Earthquake|p1a: Slowbro
|-damage|p1a: Slowbro|34/100
|move|p1a: Slowbro|Scald|p2a: Starscream
|-supereffective|p2a: Starscream
|-damage|p2a: Starscream|31/100
|
|upkeep
|turn|24
|
|t:|1757811475
|switch|p1a: Emboar|Emboar, M|100/100
|move|p2a: Starscream|Earthquake|p1a: Emboar
|-supereffective|p1a: Emboar
|-damage|p1a: Emboar|0 fnt
|faint|p1a: Emboar
|
|upkeep
|
|t:|1757811477
|switch|p1a: Walking Wake|Walking Wake|84/100
|turn|25
|
|t:|1757811482
|move|p1a: Walking Wake|Scald|p2a: Starscream
|-supereffective|p2a: Starscream
|-damage|p2a: Starscream|0 fnt
|faint|p2a: Starscream
|
|upkeep
|
|t:|1757811485
|switch|p2a: Molllllyyyyy|Alomomola, F, shiny|83/100
|turn|26
|
|t:|1757811488
|-end|p1a: Walking Wake|Protosynthesis|[silent]
|switch|p1a: Slowbro|Slowbro, M|68/100
|move|p2a: Molllllyyyyy|Wish|p2a: Molllllyyyyy
|
|upkeep
|turn|27
|
|t:|1757811490
|move|p2a: Molllllyyyyy|Flip Turn|p1a: Slowbro
|-resisted|p1a: Slowbro
|-damage|p1a: Slowbro|63/100
|-damage|p2a: Molllllyyyyy|66/100|[from] item: Rocky Helmet|[of] p1a: Slowbro
|
|t:|1757811493
|switch|p2a: RockIce|Garganacl, M|100/100|[from] Flip Turn
|move|p1a: Slowbro|Slack Off|p1a: Slowbro
|-heal|p1a: Slowbro|100/100
|
|upkeep
|turn|28
|
|t:|1757811495
|move|p1a: Slowbro|Scald|p2a: RockIce
|-supereffective|p2a: RockIce
|-damage|p2a: RockIce|66/100
|move|p2a: RockIce|Salt Cure|p1a: Slowbro
|-damage|p1a: Slowbro|91/100
|-start|p1a: Slowbro|Salt Cure
|
|-heal|p2a: RockIce|72/100|[from] item: Leftovers
|-damage|p1a: Slowbro|66/100|[from] Salt Cure
|upkeep
|turn|29
|
|t:|1757811499
|switch|p1a: Walking Wake|Walking Wake|84/100
|switch|p2a: Molllllyyyyy|Alomomola, F, shiny|99/100
|
|upkeep
|turn|30
|
|t:|1757811503
|move|p1a: Walking Wake|Draco Meteor|p2a: Molllllyyyyy
|-damage|p2a: Molllllyyyyy|28/100
|-unboost|p1a: Walking Wake|spa|2
|move|p2a: Molllllyyyyy|Light Screen|p2a: Molllllyyyyy
|-sidestart|p2: takeyouout|move: Light Screen
|
|upkeep
|turn|31
|
|t:|1757811506
|move|p1a: Walking Wake|Draco Meteor|p2a: Molllllyyyyy
|-crit|p2a: Molllllyyyyy
|-damage|p2a: Molllllyyyyy|0 fnt
|-unboost|p1a: Walking Wake|spa|2
|faint|p2a: Molllllyyyyy
|
|upkeep
|
|t:|1757811513
|switch|p2a: RockIce|Garganacl, M|72/100
|turn|32
|
|t:|1757811516
|-end|p1a: Walking Wake|Protosynthesis|[silent]
|switch|p1a: Slowbro|Slowbro, M|99/100
|move|p2a: RockIce|Salt Cure|p1a: Slowbro
|-damage|p1a: Slowbro|91/100
|-start|p1a: Slowbro|Salt Cure
|
|-heal|p2a: RockIce|78/100|[from] item: Leftovers
|-damage|p1a: Slowbro|66/100|[from] Salt Cure
|upkeep
|turn|33
|
|t:|1757811519
|move|p1a: Slowbro|Body Press|p2a: RockIce
|-supereffective|p2a: RockIce
|-damage|p2a: RockIce|43/100
|move|p2a: RockIce|Curse|p2a: RockIce
|-unboost|p2a: RockIce|spe|1
|-boost|p2a: RockIce|atk|1
|-boost|p2a: RockIce|def|1
|
|-heal|p2a: RockIce|49/100|[from] item: Leftovers
|-damage|p1a: Slowbro|41/100|[from] Salt Cure
|upkeep
|turn|34
|
|t:|1757811522
|switch|p1a: Walking Wake|Walking Wake|84/100
|move|p2a: RockIce|Recover|p2a: RockIce
|-heal|p2a: RockIce|99/100
|
|-heal|p2a: RockIce|100/100|[from] item: Leftovers
|-sideend|p2: takeyouout|move: Light Screen
|upkeep
|turn|35
|
|t:|1757811524
|move|p2a: RockIce|Protect|p2a: RockIce
|-singleturn|p2a: RockIce|Protect
|move|p1a: Walking Wake|Scald|p2a: RockIce
|-activate|p2a: RockIce|move: Protect
|
|upkeep
|turn|36
|
|t:|1757811528
|move|p1a: Walking Wake|Scald|p2a: RockIce
|-supereffective|p2a: RockIce
|-damage|p2a: RockIce|42/100
|move|p2a: RockIce|Salt Cure|p1a: Walking Wake
|-damage|p1a: Walking Wake|61/100
|-start|p1a: Walking Wake|Salt Cure
|
|-heal|p2a: RockIce|48/100|[from] item: Leftovers
|-damage|p1a: Walking Wake|36/100|[from] Salt Cure
|upkeep
|turn|37
|
|t:|1757811532
|move|p2a: RockIce|Protect|p2a: RockIce
|-singleturn|p2a: RockIce|Protect
|move|p1a: Walking Wake|Scald|p2a: RockIce
|-activate|p2a: RockIce|move: Protect
|
|-heal|p2a: RockIce|54/100|[from] item: Leftovers
|-damage|p1a: Walking Wake|11/100|[from] Salt Cure
|upkeep
|turn|38
|
|t:|1757811538
|switch|p2a: 99|Deoxys-Speed, tera:Dark|5/100
|-ability|p2a: 99|Pressure
|move|p1a: Walking Wake|Scald|p2a: 99
|-damage|p2a: 99|0 fnt
|faint|p2a: 99
|
|-damage|p1a: Walking Wake|0 fnt|[from] Salt Cure
|faint|p1a: Walking Wake
|-end|p1a: Walking Wake|Protosynthesis|[silent]
|upkeep
|
|t:|1757811540
|switch|p2a: RockIce|Garganacl, M|54/100
|switch|p1a: Slowbro|Slowbro, M|74/100
|turn|39
|
|t:|1757811549
|move|p1a: Slowbro|Body Press|p2a: RockIce
|-supereffective|p2a: RockIce
|-damage|p2a: RockIce|17/100
|move|p2a: RockIce|Recover|p2a: RockIce
|-heal|p2a: RockIce|67/100
|
|-heal|p2a: RockIce|74/100|[from] item: Leftovers
|upkeep
|turn|40
|
|t:|1757811557
|move|p1a: Slowbro|Body Press|p2a: RockIce
|-supereffective|p2a: RockIce
|-damage|p2a: RockIce|37/100
|move|p2a: RockIce|Recover|p2a: RockIce
|-heal|p2a: RockIce|87/100
|
|-heal|p2a: RockIce|93/100|[from] item: Leftovers
|upkeep
|turn|41
|
|t:|1757811560
|move|p2a: RockIce|Protect|p2a: RockIce
|-singleturn|p2a: RockIce|Protect
|move|p1a: Slowbro|Body Press|p2a: RockIce
|-activate|p2a: RockIce|move: Protect
|
|-heal|p2a: RockIce|99/100|[from] item: Leftovers
|upkeep
|turn|42
|
|t:|1757811562
|move|p1a: Slowbro|Body Press|p2a: RockIce
|-supereffective|p2a: RockIce
|-damage|p2a: RockIce|62/100
|move|p2a: RockIce|Curse|p2a: RockIce
|-unboost|p2a: RockIce|spe|1
|-boost|p2a: RockIce|atk|1
|-boost|p2a: RockIce|def|1
|
|-heal|p2a: RockIce|68/100|[from] item: Leftovers
|upkeep
|turn|43
|
|t:|1757811564
|move|p1a: Slowbro|Scald|p2a: RockIce
|-supereffective|p2a: RockIce
|-damage|p2a: RockIce|30/100
|move|p2a: RockIce|Salt Cure|p1a: Slowbro
|-damage|p1a: Slowbro|60/100
|-start|p1a: Slowbro|Salt Cure
|
|-heal|p2a: RockIce|36/100|[from] item: Leftovers
|-damage|p1a: Slowbro|36/100|[from] Salt Cure
|upkeep
|turn|44
|
|t:|1757811568
|move|p2a: RockIce|Protect|p2a: RockIce
|-singleturn|p2a: RockIce|Protect
|move|p1a: Slowbro|Slack Off|p1a: Slowbro
|-heal|p1a: Slowbro|86/100
|
|-heal|p2a: RockIce|43/100|[from] item: Leftovers
|-damage|p1a: Slowbro|61/100|[from] Salt Cure
|upkeep
|turn|45
|
|t:|1757811570
|move|p1a: Slowbro|Scald|p2a: RockIce
|-supereffective|p2a: RockIce
|-damage|p2a: RockIce|5/100
|move|p2a: RockIce|Recover|p2a: RockIce
|-heal|p2a: RockIce|55/100
|
|-heal|p2a: RockIce|61/100|[from] item: Leftovers
|-damage|p1a: Slowbro|36/100|[from] Salt Cure
|upkeep
|turn|46
|
|t:|1757811573
|move|p1a: Slowbro|Slack Off|p1a: Slowbro
|-heal|p1a: Slowbro|86/100
|move|p2a: RockIce|Curse|p2a: RockIce
|-unboost|p2a: RockIce|spe|1
|-boost|p2a: RockIce|atk|1
|-boost|p2a: RockIce|def|1
|
|-heal|p2a: RockIce|67/100|[from] item: Leftovers
|-damage|p1a: Slowbro|61/100|[from] Salt Cure
|upkeep
|turn|47
|
|t:|1757811576
|move|p2a: RockIce|Protect|p2a: RockIce
|-singleturn|p2a: RockIce|Protect
|move|p1a: Slowbro|Scald|p2a: RockIce
|-activate|p2a: RockIce|move: Protect
|
|-heal|p2a: RockIce|74/100|[from] item: Leftovers
|-damage|p1a: Slowbro|36/100|[from] Salt Cure
|upkeep
|turn|48
|
|t:|1757811578
|move|p1a: Slowbro|Scald|p2a: RockIce
|-supereffective|p2a: RockIce
|-damage|p2a: RockIce|40/100
|move|p2a: RockIce|Salt Cure|p1a: Slowbro
|-damage|p1a: Slowbro|19/100
|
|-heal|p2a: RockIce|47/100|[from] item: Leftovers
|-damage|p1a: Slowbro|0 fnt|[from] Salt Cure
|faint|p1a: Slowbro
|
|win|takeyouout
|raw|larp legion's rating: 1641 &rarr; <strong>1620</strong><br />(-21 for losing)
|raw|takeyouout's rating: 1617 &rarr; <strong>1638</strong><br />(+21 for winning)
|l|☆takeyouout
|player|p2|
|l|☆larp legion
|player|p1|
