|j|☆shynitu
|j|‽dprgiad
|t:|1757911654
|gametype|singles
|player|p1|shynitu|juan|1060
|player|p2|dprgiad|266|1000
|gen|9
|tier|[Gen 9] OU
|rated|
|rule|HP Percentage Mod: HP is shown in percentages
|rule|Endless Battle Clause: Forcing endless battles is banned
|rule|Species Clause: Limit one of each Pokémon
|rule|OHKO Clause: OHKO moves are banned
|rule|Evasion Items Clause: Evasion items are banned
|rule|Evasion Moves Clause: Evasion moves are banned
|rule|Evasion Abilities Clause: Evasion abilities are banned
|rule|Sleep Moves Clause: Sleep-inducing moves are banned
|clearpoke
|poke|p1|Honchkrow, M|
|poke|p1|Ceruledge, M|
|poke|p1|Hydrapple, F|
|poke|p1|Pawmot, F|
|poke|p1|Florges-White, F|
|poke|p1|Snorlax, M|
|poke|p2|Dragonite, F|
|poke|p2|Blastoise, M|
|poke|p2|Incineroar, F|
|poke|p2|Jolteon, F|
|poke|p2|Clefable, F|
|poke|p2|Landorus-Therian, M|
|teampreview
|
|t:|1757911662
|teamsize|p1|6
|teamsize|p2|6
|start
|switch|p1a: Hydrapple|Hydrapple, F, shiny|100/100
|switch|p2a: Landorus|Landorus-Therian, M|100/100
|-ability|p2a: Landorus|Intimidate|boost
|-unboost|p1a: Hydrapple|atk|1
|turn|1
|
|t:|1757911674
|move|p2a: Landorus|Stealth Rock|p1a: Hydrapple
|-sidestart|p1: shynitu|move: Stealth Rock
|move|p1a: Hydrapple|Giga Drain|p2a: Landorus
|-damage|p2a: Landorus|57/100
|
|-heal|p2a: Landorus|63/100|[from] item: Leftovers
|upkeep
|turn|2
|
|t:|1757911686
|move|p2a: Landorus|Earthquake|p1a: Hydrapple
|-resisted|p1a: Hydrapple
|-damage|p1a: Hydrapple|73/100
|move|p1a: Hydrapple|Fickle Beam|p2a: Landorus
|-damage|p2a: Landorus|14/100
|
|-heal|p2a: Landorus|20/100|[from] item: Leftovers
|upkeep
|turn|3
|
|t:|1757911700
|switch|p2a: Incineroar|Incineroar, F|100/100
|-ability|p2a: Incineroar|Intimidate|boost
|-unboost|p1a: Hydrapple|atk|1
|move|p1a: Hydrapple|Fickle Beam|p2a: Incineroar
|-damage|p2a: Incineroar|50/100
|
|upkeep
|turn|4
|
|t:|1757911711
|move|p2a: Incineroar|Fire Punch|p1a: Hydrapple
|-damage|p1a: Hydrapple|38/100
|move|p1a: Hydrapple|Fickle Beam|p2a: Incineroar
|-damage|p2a: Incineroar|6/100
|
|upkeep
|turn|5
|
|t:|1757911720
|switch|p1a: Ceruledge|Ceruledge, M|100/100
|-damage|p1a: Ceruledge|76/100|[from] Stealth Rock
|move|p2a: Incineroar|Fire Punch|p1a: Ceruledge
|-resisted|p1a: Ceruledge
|-damage|p1a: Ceruledge|57/100
|-ability|p1a: Ceruledge|Weak Armor|boost
|-unboost|p1a: Ceruledge|def|1
|-boost|p1a: Ceruledge|spe|2
|
|upkeep
|turn|6
|
|t:|1757911739
|move|p1a: Ceruledge|Shadow Sneak|p2a: Incineroar
|-resisted|p2a: Incineroar
|-damage|p2a: Incineroar|0 fnt
|faint|p2a: Incineroar
|
|upkeep
|
|t:|1757911743
|switch|p2a: Blastoise|Blastoise, M|100/100
|turn|7
|
|t:|1757911756
|switch|p1a: Florges|Florges-White, F, shiny|100/100
|-damage|p1a: Florges|88/100|[from] Stealth Rock
|move|p2a: Blastoise|Crunch|p1a: Florges
|-resisted|p1a: Florges
|-damage|p1a: Florges|79/100
|-unboost|p1a: Florges|def|1
|
|-heal|p1a: Florges|85/100|[from] item: Leftovers
|upkeep
|turn|8
|
|t:|1757911770
|move|p1a: Florges|Giga Drain|p2a: Blastoise
|-supereffective|p2a: Blastoise
|-damage|p2a: Blastoise|57/100
|-heal|p1a: Florges|100/100|[from] drain|[of] p2a: Blastoise
|move|p2a: Blastoise|Ice Beam|p1a: Florges
|-damage|p1a: Florges|85/100
|-status|p1a: Florges|frz
|
|-heal|p1a: Florges|91/100 frz|[from] item: Leftovers
|-heal|p2a: Blastoise|64/100|[from] item: Leftovers
|upkeep
|turn|9
|
|t:|1757911782
|cant|p1a: Florges|frz
|move|p2a: Blastoise|Shell Smash|p2a: Blastoise
|-unboost|p2a: Blastoise|def|1
|-unboost|p2a: Blastoise|spd|1
|-boost|p2a: Blastoise|atk|2
|-boost|p2a: Blastoise|spa|2
|-boost|p2a: Blastoise|spe|2
|
|-heal|p2a: Blastoise|70/100|[from] item: Leftovers
|-heal|p1a: Florges|97/100 frz|[from] item: Leftovers
|upkeep
|turn|10
|
|t:|1757911792
|move|p2a: Blastoise|Surf|p1a: Florges
|-damage|p1a: Florges|51/100 frz
|cant|p1a: Florges|frz
|
|-heal|p2a: Blastoise|76/100|[from] item: Leftovers
|-heal|p1a: Florges|57/100 frz|[from] item: Leftovers
|upkeep
|turn|11
|
|t:|1757911801
|move|p2a: Blastoise|Surf|p1a: Florges
|-damage|p1a: Florges|18/100 frz
|cant|p1a: Florges|frz
|
|-heal|p2a: Blastoise|82/100|[from] item: Leftovers
|-heal|p1a: Florges|24/100 frz|[from] item: Leftovers
|upkeep
|turn|12
|
|t:|1757911810
|move|p2a: Blastoise|Surf|p1a: Florges
|-damage|p1a: Florges|0 fnt
|faint|p1a: Florges
|
|-heal|p2a: Blastoise|88/100|[from] item: Leftovers
|upkeep
|
|t:|1757911817
|switch|p1a: Snorlax|Snorlax, M, shiny|100/100
|-damage|p1a: Snorlax|88/100|[from] Stealth Rock
|turn|13
|
|t:|1757911826
|move|p2a: Blastoise|Ice Beam|p1a: Snorlax
|-damage|p1a: Snorlax|66/100
|move|p1a: Snorlax|Curse|p1a: Snorlax
|-unboost|p1a: Snorlax|spe|1
|-boost|p1a: Snorlax|atk|1
|-boost|p1a: Snorlax|def|1
|
|-heal|p2a: Blastoise|94/100|[from] item: Leftovers
|-heal|p1a: Snorlax|72/100|[from] item: Leftovers
|upkeep
|turn|14
|
|t:|1757911839
|move|p2a: Blastoise|Ice Beam|p1a: Snorlax
|-damage|p1a: Snorlax|46/100
|move|p1a: Snorlax|Curse|p1a: Snorlax
|-unboost|p1a: Snorlax|spe|1
|-boost|p1a: Snorlax|atk|1
|-boost|p1a: Snorlax|def|1
|
|-heal|p2a: Blastoise|100/100|[from] item: Leftovers
|-heal|p1a: Snorlax|52/100|[from] item: Leftovers
|upkeep
|turn|15
|
|t:|1757911850
|move|p2a: Blastoise|Ice Beam|p1a: Snorlax
|-damage|p1a: Snorlax|28/100
|move|p1a: Snorlax|Curse|p1a: Snorlax
|-unboost|p1a: Snorlax|spe|1
|-boost|p1a: Snorlax|atk|1
|-boost|p1a: Snorlax|def|1
|
|-heal|p1a: Snorlax|35/100|[from] item: Leftovers
|upkeep
|turn|16
|
|t:|1757911861
|move|p2a: Blastoise|Ice Beam|p1a: Snorlax
|-damage|p1a: Snorlax|9/100
|move|p1a: Snorlax|Rest|p1a: Snorlax
|-status|p1a: Snorlax|slp|[from] move: Rest
|-heal|p1a: Snorlax|100/100 slp|[silent]
|
|upkeep
|turn|17
|
|t:|1757911872
|move|p2a: Blastoise|Shell Smash|p2a: Blastoise
|-unboost|p2a: Blastoise|def|1
|-unboost|p2a: Blastoise|spd|1
|-boost|p2a: Blastoise|atk|2
|-boost|p2a: Blastoise|spa|2
|-boost|p2a: Blastoise|spe|2
|cant|p1a: Snorlax|slp
|
|upkeep
|turn|18
|
|t:|1757911882
|move|p2a: Blastoise|Ice Beam|p1a: Snorlax
|-damage|p1a: Snorlax|66/100 slp
|cant|p1a: Snorlax|slp
|
|-heal|p1a: Snorlax|72/100 slp|[from] item: Leftovers
|upkeep
|turn|19
|
|t:|1757911890
|move|p2a: Blastoise|Ice Beam|p1a: Snorlax
|-damage|p1a: Snorlax|35/100 slp
|-curestatus|p1a: Snorlax|slp|[msg]
|move|p1a: Snorlax|Heavy Slam|p2a: Blastoise
|-resisted|p2a: Blastoise
|-damage|p2a: Blastoise|28/100
|
|-heal|p2a: Blastoise|34/100|[from] item: Leftovers
|-heal|p1a: Snorlax|41/100|[from] item: Leftovers
|upkeep
|turn|20
|
|t:|1757911901
|move|p2a: Blastoise|Ice Beam|p1a: Snorlax
|-damage|p1a: Snorlax|5/100
|move|p1a: Snorlax|Heavy Slam|p2a: Blastoise
|-resisted|p2a: Blastoise
|-damage|p2a: Blastoise|0 fnt
|faint|p2a: Blastoise
|
|-heal|p1a: Snorlax|11/100|[from] item: Leftovers
|upkeep
|
|t:|1757911925
|switch|p2a: Jolteon|Jolteon, F|100/100
|turn|21
|l|☆shynitu
|player|p1|
|j|☆shynitu
|player|p1|shynitu|juan|
|
|t:|1757911966
|move|p2a: Jolteon|Thunderbolt|p1a: Snorlax
|-damage|p1a: Snorlax|0 fnt
|faint|p1a: Snorlax
|
|upkeep
|
|t:|1757911976
|switch|p1a: Hydrapple|Hydrapple, F, shiny|71/100
|-damage|p1a: Hydrapple|59/100|[from] Stealth Rock
|turn|22
|
|t:|1757911991
|move|p2a: Jolteon|Tera Blast|p1a: Hydrapple
|-damage|p1a: Hydrapple|36/100
|move|p1a: Hydrapple|Fickle Beam|p2a: Jolteon
|-damage|p2a: Jolteon|34/100
|
|upkeep
|turn|23
|
|t:|1757912002
|switch|p1a: Pawmot|Pawmot, F, shiny|100/100
|-damage|p1a: Pawmot|94/100|[from] Stealth Rock
|-item|p1a: Pawmot|Air Balloon
|move|p2a: Jolteon|Thunderbolt|p1a: Pawmot
|-heal|p1a: Pawmot|100/100|[from] ability: Volt Absorb|[of] p2a: Jolteon
|
|upkeep
|turn|24
|
|t:|1757912021
|switch|p2a: Clefable|Clefable, F|100/100
|move|p1a: Pawmot|Play Rough|p2a: Clefable
|-damage|p2a: Clefable|72/100
|
|-heal|p2a: Clefable|78/100|[from] item: Leftovers
|upkeep
|turn|25
|
|t:|1757912033
|move|p1a: Pawmot|Nuzzle|p2a: Clefable
|-damage|p2a: Clefable|69/100
|-status|p2a: Clefable|par
|move|p2a: Clefable|Psybeam|p1a: Pawmot
|-supereffective|p1a: Pawmot
|-crit|p1a: Pawmot
|-damage|p1a: Pawmot|18/100
|-enditem|p1a: Pawmot|Air Balloon
|
|-heal|p2a: Clefable|75/100 par|[from] item: Leftovers
|upkeep
|turn|26
|
|t:|1757912045
|move|p1a: Pawmot|Double Shock|p2a: Clefable
|-damage|p2a: Clefable|10/100 par
|-start|p1a: Pawmot|typechange|???/Fighting|[from] move: Double Shock
|move|p2a: Clefable|Psybeam|p1a: Pawmot
|-supereffective|p1a: Pawmot
|-damage|p1a: Pawmot|0 fnt
|faint|p1a: Pawmot
|
|-heal|p2a: Clefable|16/100 par|[from] item: Leftovers
|upkeep
|
|t:|1757912056
|switch|p1a: Ceruledge|Ceruledge, M|57/100
|-damage|p1a: Ceruledge|32/100|[from] Stealth Rock
|turn|27
|
|t:|1757912069
|move|p2a: Clefable|Protect|p2a: Clefable
|-singleturn|p2a: Clefable|Protect
|move|p1a: Ceruledge|Shadow Sneak|p2a: Clefable
|-activate|p2a: Clefable|move: Protect
|
|-heal|p2a: Clefable|22/100 par|[from] item: Leftovers
|upkeep
|turn|28
|
|t:|1757912085
|move|p1a: Ceruledge|Bitter Blade|p2a: Clefable
|-damage|p2a: Clefable|0 fnt
|-heal|p1a: Ceruledge|46/100|[from] drain|[of] p2a: Clefable
|faint|p2a: Clefable
|
|upkeep
|
|t:|1757912107
|switch|p2a: Dragonite|Dragonite, F|100/100
|turn|29
|
|t:|1757912116
|move|p1a: Ceruledge|Shadow Sneak|p2a: Dragonite
|-damage|p2a: Dragonite|80/100
|move|p2a: Dragonite|Flamethrower|p1a: Ceruledge
|-resisted|p1a: Ceruledge
|-damage|p1a: Ceruledge|29/100
|
|-heal|p2a: Dragonite|86/100|[from] item: Leftovers
|upkeep
|turn|30
|
|t:|1757912132
|move|p1a: Ceruledge|Bitter Blade|p2a: Dragonite
|-resisted|p2a: Dragonite
|-damage|p2a: Dragonite|63/100
|-heal|p1a: Ceruledge|42/100|[from] drain|[of] p2a: Dragonite
|move|p2a: Dragonite|Thunderbolt|p1a: Ceruledge
|-damage|p1a: Ceruledge|6/100
|
|-heal|p2a: Dragonite|70/100|[from] item: Leftovers
|upkeep
|turn|31
|
|t:|1757912142
|move|p1a: Ceruledge|Bitter Blade|p2a: Dragonite
|-resisted|p2a: Dragonite
|-damage|p2a: Dragonite|45/100
|-heal|p1a: Ceruledge|20/100|[from] drain|[of] p2a: Dragonite
|move|p2a: Dragonite|Thunderbolt|p1a: Ceruledge
|-damage|p1a: Ceruledge|0 fnt
|faint|p1a: Ceruledge
|
|-heal|p2a: Dragonite|51/100|[from] item: Leftovers
|upkeep
|
|t:|1757912155
|switch|p1a: Hydrapple|Hydrapple, F, shiny|69/100
|-damage|p1a: Hydrapple|57/100|[from] Stealth Rock
|turn|32
|
|t:|1757912163
|move|p2a: Dragonite|Flamethrower|p1a: Hydrapple
|-damage|p1a: Hydrapple|33/100
|move|p1a: Hydrapple|Fickle Beam|p2a: Dragonite
|-supereffective|p2a: Dragonite
|-damage|p2a: Dragonite|0 fnt
|faint|p2a: Dragonite
|
|upkeep
|
|t:|1757912171
|switch|p2a: Jolteon|Jolteon, F|34/100
|turn|33
|
|t:|1757912185
|move|p2a: Jolteon|Shadow Ball|p1a: Hydrapple
|-damage|p1a: Hydrapple|9/100
|-unboost|p1a: Hydrapple|spd|1
|move|p1a: Hydrapple|Fickle Beam|p2a: Jolteon|[anim] Fickle Beam All Out
|-activate|p1a: Hydrapple|move: Fickle Beam
|-damage|p2a: Jolteon|0 fnt
|faint|p2a: Jolteon
|
|upkeep
|
|t:|1757912193
|switch|p2a: Landorus|Landorus-Therian, M|20/100
|-ability|p2a: Landorus|Intimidate|boost
|-unboost|p1a: Hydrapple|atk|1
|turn|34
|
|t:|1757912199
|switch|p1a: Honchkrow|Honchkrow, M, shiny|100/100
|-damage|p1a: Honchkrow|76/100|[from] Stealth Rock
|move|p2a: Landorus|Earthquake|p1a: Honchkrow
|-immune|p1a: Honchkrow
|
|-heal|p2a: Landorus|26/100|[from] item: Leftovers
|upkeep
|turn|35
|
|t:|1757912210
|move|p1a: Honchkrow|Sucker Punch|p2a: Landorus
|-crit|p2a: Landorus
|-damage|p2a: Landorus|0 fnt
|faint|p2a: Landorus
|
|win|shynitu
|raw|shynitu's rating: 1060 &rarr; <strong>1086</strong><br />(+26 for winning)
|raw|dprgiad's rating: 1000 &rarr; <strong>1000</strong><br />(+0 for losing)
|l|‽dprgiad
|player|p2|
