|j|☆she's not noob
|j|☆hey i like pokemen
|t:|1757860293
|gametype|singles
|player|p1|she's not noob|sada-ai|1154
|player|p2|hey i like pokemen|101|1221
|gen|9
|tier|[Gen 9] OU
|rated|
|rule|HP Percentage Mod: HP is shown in percentages
|rule|Endless Battle Clause: Forcing endless battles is banned
|rule|Species Clause: Limit one of each Pokémon
|rule|OHKO Clause: OHKO moves are banned
|rule|Evasion Items Clause: Evasion items are banned
|rule|Evasion Moves Clause: Evasion moves are banned
|rule|Evasion Abilities Clause: Evasion abilities are banned
|rule|Sleep Moves Clause: Sleep-inducing moves are banned
|clearpoke
|poke|p1|Ceruledge, F|
|poke|p1|Darkrai|
|poke|p1|Iron Treads|
|poke|p1|Kingambit, F|
|poke|p1|Dragonite, F|
|poke|p1|Iron Moth|
|poke|p2|Milotic, F|
|poke|p2|Glimmora, M|
|poke|p2|Ceruledge, F|
|poke|p2|Corviknight, M|
|poke|p2|Hydreigon, F|
|poke|p2|Hatterene, F|
|teampreview
|
|t:|1757860299
|teamsize|p1|6
|teamsize|p2|6
|start
|switch|p1a: Iron Treads|Iron Treads|100/100
|switch|p2a: Glimmora|Glimmora, M|100/100
|-enditem|p1a: Iron Treads|Booster Energy
|-activate|p1a: Iron Treads|ability: Quark Drive|[fromitem]
|-start|p1a: Iron Treads|quarkdrivespe
|turn|1
|inactive|Battle timer is ON: inactive players will automatically lose when time's up. (requested by she's not noob)
|
|t:|1757860310
|move|p1a: Iron Treads|Earthquake|p2a: Glimmora
|-supereffective|p2a: Glimmora
|-enditem|p2a: Glimmora|Focus Sash
|-damage|p2a: Glimmora|1/100
|-activate|p2a: Glimmora|ability: Toxic Debris
|-sidestart|p1: she's not noob|move: Toxic Spikes
|move|p2a: Glimmora|Stealth Rock|p1a: Iron Treads
|-sidestart|p1: she's not noob|move: Stealth Rock
|
|upkeep
|turn|2
|
|t:|1757860335
|switch|p2a: Corviknight|Corviknight, M|100/100
|move|p1a: Iron Treads|Rapid Spin|p2a: Corviknight
|-resisted|p2a: Corviknight
|-damage|p2a: Corviknight|97/100
|-boost|p1a: Iron Treads|spe|1
|-sideend|p1: she's not noob|Toxic Spikes|[from] move: Rapid Spin|[of] p1a: Iron Treads
|-sideend|p1: she's not noob|Stealth Rock|[from] move: Rapid Spin|[of] p1a: Iron Treads
|
|upkeep
|turn|3
|
|t:|1757860346
|move|p1a: Iron Treads|Stealth Rock|p2a: Corviknight
|-sidestart|p2: hey i like pokemen|move: Stealth Rock
|move|p2a: Corviknight|Bulk Up|p2a: Corviknight
|-boost|p2a: Corviknight|atk|1
|-boost|p2a: Corviknight|def|1
|
|upkeep
|turn|4
|
|t:|1757860354
|move|p1a: Iron Treads|Heavy Slam|p2a: Corviknight
|-resisted|p2a: Corviknight
|-damage|p2a: Corviknight|90/100
|move|p2a: Corviknight|Defog|p1a: Iron Treads
|-unboost|p1a: Iron Treads|evasion|1
|-sideend|p2: hey i like pokemen|Stealth Rock|[from] move: Defog|[of] p2a: Corviknight
|
|upkeep
|turn|5
|
|t:|1757860363
|move|p1a: Iron Treads|Stealth Rock|p2a: Corviknight
|-sidestart|p2: hey i like pokemen|move: Stealth Rock
|move|p2a: Corviknight|Body Press|p1a: Iron Treads
|-supereffective|p1a: Iron Treads
|-damage|p1a: Iron Treads|37/100
|
|upkeep
|turn|6
|
|t:|1757860372
|move|p1a: Iron Treads|Heavy Slam|p2a: Corviknight
|-resisted|p2a: Corviknight
|-damage|p2a: Corviknight|84/100
|move|p2a: Corviknight|Defog|p1a: Iron Treads
|-unboost|p1a: Iron Treads|evasion|1
|-sideend|p2: hey i like pokemen|Stealth Rock|[from] move: Defog|[of] p2a: Corviknight
|
|upkeep
|turn|7
|
|t:|1757860382
|move|p1a: Iron Treads|Stealth Rock|p2a: Corviknight
|-sidestart|p2: hey i like pokemen|move: Stealth Rock
|move|p2a: Corviknight|Body Press|p1a: Iron Treads
|-supereffective|p1a: Iron Treads
|-damage|p1a: Iron Treads|0 fnt
|faint|p1a: Iron Treads
|-end|p1a: Iron Treads|Quark Drive|[silent]
|
|upkeep
|
|t:|1757860389
|switch|p1a: Ceruledge|Ceruledge, F|100/100
|turn|8
|
|t:|1757860392
|move|p1a: Ceruledge|Swords Dance|p1a: Ceruledge
|-boost|p1a: Ceruledge|atk|2
|move|p2a: Corviknight|Defog|p1a: Ceruledge
|-unboost|p1a: Ceruledge|evasion|1
|-sideend|p2: hey i like pokemen|Stealth Rock|[from] move: Defog|[of] p2a: Corviknight
|
|upkeep
|turn|9
|
|t:|1757860408
|switch|p2a: Hydreigon|Hydreigon, F|100/100
|move|p1a: Ceruledge|Swords Dance|p1a: Ceruledge
|-boost|p1a: Ceruledge|atk|2
|
|upkeep
|turn|10
|
|t:|1757860415
|move|p2a: Hydreigon|Dark Pulse|p1a: Ceruledge
|-supereffective|p1a: Ceruledge
|-damage|p1a: Ceruledge|4/100
|move|p1a: Ceruledge|Bitter Blade|p2a: Hydreigon
|-resisted|p2a: Hydreigon
|-damage|p2a: Hydreigon|16/100
|-heal|p1a: Ceruledge|51/100|[from] drain|[of] p2a: Hydreigon
|
|upkeep
|turn|11
|
|t:|1757860426
|move|p1a: Ceruledge|Shadow Sneak|p2a: Hydreigon
|-resisted|p2a: Hydreigon
|-damage|p2a: Hydreigon|0 fnt
|faint|p2a: Hydreigon
|
|upkeep
|
|t:|1757860442
|switch|p2a: Glimmora|Glimmora, M|1/100
|turn|12
|
|t:|1757860449
|move|p1a: Ceruledge|Shadow Sneak|p2a: Glimmora
|-damage|p2a: Glimmora|0 fnt
|-activate|p2a: Glimmora|ability: Toxic Debris
|-sidestart|p1: she's not noob|move: Toxic Spikes
|faint|p2a: Glimmora
|
|upkeep
|
|t:|1757860464
|switch|p2a: Milotic|Milotic, F|100/100
|turn|13
|
|t:|1757860473
|move|p1a: Ceruledge|Bitter Blade|p2a: Milotic
|-resisted|p2a: Milotic
|-damage|p2a: Milotic|47/100
|-heal|p1a: Ceruledge|87/100|[from] drain|[of] p2a: Milotic
|move|p2a: Milotic|Dragon Tail|p1a: Ceruledge
|-damage|p1a: Ceruledge|75/100
|-ability|p1a: Ceruledge|Weak Armor|boost
|-unboost|p1a: Ceruledge|def|1
|-boost|p1a: Ceruledge|spe|2
|drag|p1a: Dragonite|Dragonite, F|100/100
|
|-status|p2a: Milotic|brn|[from] item: Flame Orb
|upkeep
|turn|14
|
|t:|1757860487
|switch|p1a: Ceruledge|Ceruledge, F|75/100
|-status|p1a: Ceruledge|psn
|move|p2a: Milotic|Recover|p2a: Milotic
|-heal|p2a: Milotic|97/100 brn
|
|-damage|p1a: Ceruledge|63/100 psn|[from] psn
|-damage|p2a: Milotic|91/100 brn|[from] brn
|upkeep
|turn|15
|
|t:|1757860498
|move|p1a: Ceruledge|Poltergeist|p2a: Milotic
|-activate|p2a: Milotic|move: Poltergeist|Flame Orb
|-damage|p2a: Milotic|63/100 brn
|move|p2a: Milotic|Scald|p1a: Ceruledge
|-supereffective|p1a: Ceruledge
|-crit|p1a: Ceruledge
|-damage|p1a: Ceruledge|0 fnt
|faint|p1a: Ceruledge
|
|-damage|p2a: Milotic|57/100 brn|[from] brn
|upkeep
|
|t:|1757860516
|switch|p1a: Iron Moth|Iron Moth|100/100
|-sideend|p1: she's not noob|move: Toxic Spikes|[of] p1a: Iron Moth
|-enditem|p1a: Iron Moth|Booster Energy
|-activate|p1a: Iron Moth|ability: Quark Drive|[fromitem]
|-start|p1a: Iron Moth|quarkdrivespe
|turn|16
|
|t:|1757860535
|move|p1a: Iron Moth|Fiery Dance|p2a: Milotic
|-resisted|p2a: Milotic
|-damage|p2a: Milotic|42/100 brn
|-boost|p1a: Iron Moth|spa|1
|move|p2a: Milotic|Scald|p1a: Iron Moth
|-supereffective|p1a: Iron Moth
|-damage|p1a: Iron Moth|44/100
|
|-damage|p2a: Milotic|36/100 brn|[from] brn
|upkeep
|turn|17
|
|t:|1757860547
|switch|p2a: Hatterene|Hatterene, F|100/100
|move|p1a: Iron Moth|Sludge Wave|p2a: Hatterene
|-supereffective|p2a: Hatterene
|-damage|p2a: Hatterene|0 fnt
|faint|p2a: Hatterene
|
|upkeep
|
|t:|1757860560
|switch|p2a: Ceruledge|Ceruledge, F|100/100
|turn|18
|
|t:|1757860564
|move|p1a: Iron Moth|Sludge Wave|p2a: Ceruledge
|-resisted|p2a: Ceruledge
|-damage|p2a: Ceruledge|61/100
|move|p2a: Ceruledge|Swords Dance|p2a: Ceruledge
|-boost|p2a: Ceruledge|atk|2
|
|upkeep
|turn|19
|
|t:|1757860576
|move|p2a: Ceruledge|Shadow Sneak|p1a: Iron Moth
|-damage|p1a: Iron Moth|0 fnt
|faint|p1a: Iron Moth
|-end|p1a: Iron Moth|Quark Drive|[silent]
|
|upkeep
|
|t:|1757860580
|switch|p1a: Darkrai|Darkrai|100/100
|turn|20
|
|t:|1757860594
|-terastallize|p2a: Ceruledge|Fire
|move|p1a: Darkrai|Dark Pulse|p2a: Ceruledge
|-damage|p2a: Ceruledge|9/100
|move|p2a: Ceruledge|Bitter Blade|p1a: Darkrai
|-damage|p1a: Darkrai|0 fnt
|-heal|p2a: Ceruledge|58/100|[from] drain|[of] p1a: Darkrai
|faint|p1a: Darkrai
|
|upkeep
|
|t:|1757860601
|switch|p1a: Dragonite|Dragonite, F|100/100
|turn|21
|
|t:|1757860608
|move|p2a: Ceruledge|Shadow Sneak|p1a: Dragonite
|-crit|p1a: Dragonite
|-damage|p1a: Dragonite|67/100
|move|p1a: Dragonite|Dragon Dance|p1a: Dragonite
|-boost|p1a: Dragonite|atk|1
|-boost|p1a: Dragonite|spe|1
|
|upkeep
|turn|22
|
|t:|1757860620
|move|p2a: Ceruledge|Shadow Sneak|p1a: Dragonite
|-damage|p1a: Dragonite|19/100
|move|p1a: Dragonite|Earthquake|p2a: Ceruledge
|-supereffective|p2a: Ceruledge
|-damage|p2a: Ceruledge|0 fnt
|faint|p2a: Ceruledge
|
|upkeep
|
|t:|1757860628
|switch|p2a: Milotic|Milotic, F|36/100 brn
|turn|23
|
|t:|1757860637
|move|p1a: Dragonite|Earthquake|p2a: Milotic
|-damage|p2a: Milotic|5/100 brn
|move|p2a: Milotic|Recover|p2a: Milotic
|-heal|p2a: Milotic|55/100 brn
|
|-damage|p2a: Milotic|49/100 brn|[from] brn
|upkeep
|turn|24
|
|t:|1757860645
|move|p1a: Dragonite|Dragon Dance|p1a: Dragonite
|-boost|p1a: Dragonite|atk|1
|-boost|p1a: Dragonite|spe|1
|move|p2a: Milotic|Recover|p2a: Milotic
|-heal|p2a: Milotic|99/100 brn
|
|-damage|p2a: Milotic|93/100 brn|[from] brn
|upkeep
|turn|25
|
|t:|1757860654
|move|p1a: Dragonite|Earthquake|p2a: Milotic
|-damage|p2a: Milotic|54/100 brn
|move|p2a: Milotic|Dragon Tail|p1a: Dragonite
|-supereffective|p1a: Dragonite
|-damage|p1a: Dragonite|9/100
|drag|p1a: Kingambit|Kingambit, F|100/100
|-activate|p1a: Kingambit|ability: Supreme Overlord
|-start|p1a: Kingambit|fallen4|[silent]
|
|-damage|p2a: Milotic|48/100 brn|[from] brn
|upkeep
|turn|26
|
|t:|1757860666
|-end|p1a: Kingambit|fallen4|[silent]
|switch|p1a: Dragonite|Dragonite, F|9/100
|move|p2a: Milotic|Recover|p2a: Milotic
|-heal|p2a: Milotic|98/100 brn
|
|-damage|p2a: Milotic|92/100 brn|[from] brn
|upkeep
|turn|27
|
|t:|1757860674
|move|p1a: Dragonite|Dragon Dance|p1a: Dragonite
|-boost|p1a: Dragonite|atk|1
|-boost|p1a: Dragonite|spe|1
|move|p2a: Milotic|Dragon Tail|p1a: Dragonite
|-supereffective|p1a: Dragonite
|-damage|p1a: Dragonite|0 fnt
|faint|p1a: Dragonite
|
|-damage|p2a: Milotic|86/100 brn|[from] brn
|upkeep
|
|t:|1757860677
|switch|p1a: Kingambit|Kingambit, F|100/100
|-activate|p1a: Kingambit|ability: Supreme Overlord
|-start|p1a: Kingambit|fallen5|[silent]
|turn|28
|
|t:|1757860688
|move|p2a: Milotic|Scald|p1a: Kingambit
|-damage|p1a: Kingambit|70/100
|-status|p1a: Kingambit|brn
|move|p1a: Kingambit|Swords Dance|p1a: Kingambit
|-boost|p1a: Kingambit|atk|2
|
|-heal|p1a: Kingambit|77/100 brn|[from] item: Leftovers
|-damage|p2a: Milotic|80/100 brn|[from] brn
|-damage|p1a: Kingambit|70/100 brn|[from] brn
|upkeep
|turn|29
|
|t:|1757860699
|move|p2a: Milotic|Scald|p1a: Kingambit
|-damage|p1a: Kingambit|43/100 brn
|move|p1a: Kingambit|Swords Dance|p1a: Kingambit
|-boost|p1a: Kingambit|atk|2
|
|-heal|p1a: Kingambit|50/100 brn|[from] item: Leftovers
|-damage|p2a: Milotic|74/100 brn|[from] brn
|-damage|p1a: Kingambit|43/100 brn|[from] brn
|upkeep
|turn|30
|
|t:|1757860709
|move|p2a: Milotic|Scald|p1a: Kingambit
|-damage|p1a: Kingambit|13/100 brn
|move|p1a: Kingambit|Kowtow Cleave|p2a: Milotic
|-crit|p2a: Milotic
|-damage|p2a: Milotic|0 fnt
|faint|p2a: Milotic
|
|-heal|p1a: Kingambit|19/100 brn|[from] item: Leftovers
|-damage|p1a: Kingambit|13/100 brn|[from] brn
|upkeep
|
|t:|1757860720
|switch|p2a: Corviknight|Corviknight, M|84/100
|turn|31
|
|t:|1757860724
|-terastallize|p1a: Kingambit|Ghost
|move|p1a: Kingambit|Kowtow Cleave|p2a: Corviknight
|-damage|p2a: Corviknight|16/100
|move|p2a: Corviknight|Body Press|p1a: Kingambit
|-immune|p1a: Kingambit
|
|-heal|p1a: Kingambit|19/100 brn|[from] item: Leftovers
|-damage|p1a: Kingambit|13/100 brn|[from] brn
|upkeep
|turn|32
|c|☆she's not noob|gg
|
|t:|1757860736
|move|p1a: Kingambit|Kowtow Cleave|p2a: Corviknight
|-damage|p2a: Corviknight|0 fnt
|faint|p2a: Corviknight
|
|win|she's not noob
|raw|she&apos;s not noob's rating: 1154 &rarr; <strong>1184</strong><br />(+30 for winning)
|raw|hey i like pokemen's rating: 1221 &rarr; <strong>1191</strong><br />(-30 for losing)
|l|☆hey i like pokemen
|player|p2|
