|j|☆hey_rain_maker
|j|‽icefox
|t:|1757944936
|gametype|singles
|player|p1|hey_rain_maker|caitlin|1519
|player|p2|icefox|giovanni|1446
|gen|9
|tier|[Gen 9] OU
|rated|
|rule|HP Percentage Mod: HP is shown in percentages
|rule|Endless Battle Clause: Forcing endless battles is banned
|rule|Species Clause: Limit one of each Pokémon
|rule|OHKO Clause: OHKO moves are banned
|rule|Evasion Items Clause: Evasion items are banned
|rule|Evasion Moves Clause: Evasion moves are banned
|rule|Evasion Abilities Clause: Evasion abilities are banned
|rule|Sleep Moves Clause: Sleep-inducing moves are banned
|clearpoke
|poke|p1|Samurott-Hisui, F|
|poke|p1|Darkrai|
|poke|p1|Gliscor, M|
|poke|p1|Cinderace, F|
|poke|p1|Raging Bolt|
|poke|p1|Ogerpon-Wellspring, F|
|poke|p2|Meowscarada, F|
|poke|p2|Hydreigon, F|
|poke|p2|Bisharp, F|
|poke|p2|Samurott-Hisui, F|
|poke|p2|Sableye, F|
|poke|p2|Muk-Alola, M|
|teampreview
|inactive|Battle timer is ON: inactive players will automatically lose when time's up. (requested by hey_rain_maker)
|
|t:|1757944941
|teamsize|p1|6
|teamsize|p2|6
|start
|switch|p1a: Cinderace|Cinderace, F|100/100
|switch|p2a: Samurott|Samurott-Hisui, F|100/100
|turn|1
|
|t:|1757944958
|move|p1a: Cinderace|U-turn|p2a: Samurott
|-supereffective|p2a: Samurott
|-damage|p2a: Samurott|46/100
|
|t:|1757944960
|switch|p1a: Ogerpon|Ogerpon-Wellspring, F|100/100|[from] U-turn
|move|p2a: Samurott|Ceaseless Edge|p1a: Ogerpon
|-damage|p1a: Ogerpon|43/100
|-sidestart|p1: hey_rain_maker|Spikes
|
|upkeep
|turn|2
|
|t:|1757944965
|move|p2a: Samurott|Sucker Punch|p1a: Ogerpon
|-damage|p1a: Ogerpon|7/100
|move|p1a: Ogerpon|Horn Leech|p2a: Samurott
|-supereffective|p2a: Samurott
|-damage|p2a: Samurott|0 fnt
|-heal|p1a: Ogerpon|28/100|[from] drain|[of] p2a: Samurott
|faint|p2a: Samurott
|
|upkeep
|
|t:|1757944969
|switch|p2a: Meowscarada|Meowscarada, F|100/100
|turn|3
|
|t:|1757944974
|move|p2a: Meowscarada|U-turn|p1a: Ogerpon
|-start|p2a: Meowscarada|typechange|Bug|[from] ability: Protean
|-supereffective|p1a: Ogerpon
|-damage|p1a: Ogerpon|0 fnt
|faint|p1a: Ogerpon
|
|t:|1757944982
|switch|p2a: Hydreigon|Hydreigon, F|100/100|[from] U-turn
|
|upkeep
|
|t:|1757944986
|switch|p1a: Samurott|Samurott-Hisui, F|100/100
|-damage|p1a: Samurott|88/100|[from] Spikes
|turn|4
|
|t:|1757944988
|move|p2a: Hydreigon|Draco Meteor|p1a: Samurott
|-damage|p1a: Samurott|33/100
|-unboost|p2a: Hydreigon|spa|2
|move|p1a: Samurott|Knock Off|p2a: Hydreigon
|-resisted|p2a: Hydreigon
|-damage|p2a: Hydreigon|77/100
|-enditem|p2a: Hydreigon|Choice Specs|[from] move: Knock Off|[of] p1a: Samurott
|
|upkeep
|turn|5
|
|t:|1757944993
|move|p2a: Hydreigon|Draco Meteor|p1a: Samurott|[miss]
|-miss|p2a: Hydreigon|p1a: Samurott
|move|p1a: Samurott|Ceaseless Edge|p2a: Hydreigon
|-resisted|p2a: Hydreigon
|-damage|p2a: Hydreigon|56/100
|-sidestart|p2: icefox|Spikes
|
|upkeep
|turn|6
|
|t:|1757944996
|switch|p2a: Muk|Muk-Alola, M|100/100
|-damage|p2a: Muk|88/100|[from] Spikes
|move|p1a: Samurott|Ceaseless Edge|p2a: Muk
|-resisted|p2a: Muk
|-damage|p2a: Muk|68/100
|-sidestart|p2: icefox|Spikes
|
|upkeep
|turn|7
|
|t:|1757944998
|move|p1a: Samurott|Razor Shell|p2a: Muk|[miss]
|-miss|p1a: Samurott|p2a: Muk
|move|p2a: Muk|Drain Punch|p1a: Samurott
|-supereffective|p1a: Samurott
|-damage|p1a: Samurott|0 fnt
|-heal|p2a: Muk|83/100|[from] drain|[of] p1a: Samurott
|faint|p1a: Samurott
|
|upkeep
|
|t:|1757945000
|switch|p1a: Gliscor|Gliscor, M|100/100
|turn|8
|
|t:|1757945003
|move|p1a: Gliscor|Earthquake|p2a: Muk
|-supereffective|p2a: Muk
|-damage|p2a: Muk|14/100
|move|p2a: Muk|Knock Off|p1a: Gliscor
|-damage|p1a: Gliscor|81/100
|-enditem|p1a: Gliscor|Toxic Orb|[from] move: Knock Off|[of] p2a: Muk
|
|upkeep
|turn|9
|
|t:|1757945010
|switch|p2a: Hydreigon|Hydreigon, F|56/100
|move|p1a: Gliscor|U-turn|p2a: Hydreigon
|-supereffective|p2a: Hydreigon
|-damage|p2a: Hydreigon|16/100
|
|t:|1757945012
|switch|p1a: Cinderace|Cinderace, F|100/100|[from] U-turn
|
|upkeep
|turn|10
|
|t:|1757945016
|switch|p2a: Muk|Muk-Alola, M|14/100
|-damage|p2a: Muk|0 fnt|[from] Spikes
|faint|p2a: Muk
|move|p1a: Cinderace|U-turn|p2: Muk|[notarget]
|-fail|p1a: Cinderace
|
|upkeep
|
|t:|1757945021
|switch|p2a: Sableye|Sableye, F|100/100
|-damage|p2a: Sableye|84/100|[from] Spikes
|turn|11
|
|t:|1757945023
|move|p2a: Sableye|Thunder Wave|p1a: Cinderace
|-status|p1a: Cinderace|par
|cant|p1a: Cinderace|par
|
|-heal|p2a: Sableye|90/100|[from] item: Leftovers
|upkeep
|turn|12
|
|t:|1757945028
|move|p2a: Sableye|Metronome|p2a: Sableye
|move|p2a: Sableye|Magical Leaf|p1a: Cinderace|[from] move: Metronome
|-resisted|p1a: Cinderace
|-damage|p1a: Cinderace|94/100 par
|move|p1a: Cinderace|Will-O-Wisp|p2a: Sableye
|-status|p2a: Sableye|brn
|
|-heal|p2a: Sableye|97/100 brn|[from] item: Leftovers
|-damage|p2a: Sableye|90/100 brn|[from] brn
|upkeep
|turn|13
|
|t:|1757945033
|move|p2a: Sableye|Metronome|p2a: Sableye
|move|p2a: Sableye|Skill Swap|p1a: Cinderace|[from] move: Metronome
|-activate|p2a: Sableye|move: Skill Swap|Blaze|Prankster|[of] p1a: Cinderace
|move|p1a: Cinderace|Pyro Ball|p2a: Sableye
|-damage|p2a: Sableye|26/100 brn
|
|-heal|p2a: Sableye|32/100 brn|[from] item: Leftovers
|-damage|p2a: Sableye|26/100 brn|[from] brn
|upkeep
|turn|14
|
|t:|1757945040
|cant|p1a: Cinderace|par
|move|p2a: Sableye|Recover|p2a: Sableye
|-heal|p2a: Sableye|76/100 brn
|
|-heal|p2a: Sableye|82/100 brn|[from] item: Leftovers
|-damage|p2a: Sableye|76/100 brn|[from] brn
|upkeep
|turn|15
|
|t:|1757945043
|move|p1a: Cinderace|Pyro Ball|p2a: Sableye
|-damage|p2a: Sableye|11/100 brn
|move|p2a: Sableye|Metronome|p2a: Sableye
|move|p2a: Sableye|Focus Energy|p2a: Sableye|[from] move: Metronome
|-start|p2a: Sableye|move: Focus Energy
|
|-heal|p2a: Sableye|18/100 brn|[from] item: Leftovers
|-damage|p2a: Sableye|11/100 brn|[from] brn
|upkeep
|turn|16
|
|t:|1757945047
|cant|p1a: Cinderace|par
|move|p2a: Sableye|Recover|p2a: Sableye
|-heal|p2a: Sableye|61/100 brn
|
|-heal|p2a: Sableye|68/100 brn|[from] item: Leftovers
|-damage|p2a: Sableye|61/100 brn|[from] brn
|upkeep
|turn|17
|
|t:|1757945049
|move|p1a: Cinderace|Pyro Ball|p2a: Sableye
|-damage|p2a: Sableye|0 fnt
|faint|p2a: Sableye
|
|upkeep
|
|t:|1757945053
|switch|p2a: Hydreigon|Hydreigon, F|16/100
|turn|18
|
|t:|1757945058
|move|p2a: Hydreigon|Draco Meteor|p1a: Cinderace
|-damage|p1a: Cinderace|16/100 par
|-unboost|p2a: Hydreigon|spa|2
|move|p1a: Cinderace|U-turn|p2a: Hydreigon
|-supereffective|p2a: Hydreigon
|-damage|p2a: Hydreigon|0 fnt
|faint|p2a: Hydreigon
|
|t:|1757945062
|switch|p1a: Darkrai|Darkrai|100/100|[from] U-turn
|-damage|p1a: Darkrai|88/100|[from] Spikes
|
|upkeep
|
|t:|1757945065
|switch|p2a: Meowscarada|Meowscarada, F|100/100
|-damage|p2a: Meowscarada|84/100|[from] Spikes
|turn|19
|
|t:|1757945069
|move|p2a: Meowscarada|U-turn|p1a: Darkrai
|-start|p2a: Meowscarada|typechange|Bug|[from] ability: Protean
|-supereffective|p1a: Darkrai
|-damage|p1a: Darkrai|0 fnt
|faint|p1a: Darkrai
|
|t:|1757945075
|switch|p2a: Bisharp|Bisharp, F, shiny|100/100|[from] U-turn
|-damage|p2a: Bisharp|84/100|[from] Spikes
|
|upkeep
|
|t:|1757945077
|switch|p1a: Cinderace|Cinderace, F|16/100 par
|turn|20
|
|t:|1757945082
|move|p2a: Bisharp|Brick Break|p1a: Cinderace
|-damage|p1a: Cinderace|0 fnt
|faint|p1a: Cinderace
|
|upkeep
|l|☆hey_rain_maker
|inactive|hey_rain_maker disconnected and has a minute to reconnect!
|player|p1|
|j|☆hey_rain_maker
|inactive|hey_rain_maker reconnected and has 140 seconds left.
|player|p1|hey_rain_maker|caitlin|
|
|t:|1757945104
|switch|p1a: Gliscor|Gliscor, M|81/100
|turn|21
|
|t:|1757945110
|move|p1a: Gliscor|Earthquake|p2a: Bisharp
|-supereffective|p2a: Bisharp
|-damage|p2a: Bisharp|35/100
|move|p2a: Bisharp|Swords Dance|p2a: Bisharp
|-boost|p2a: Bisharp|atk|2
|
|upkeep
|turn|22
|
|t:|1757945115
|-terastallize|p2a: Bisharp|Dark
|move|p2a: Bisharp|Sucker Punch|p1a: Gliscor
|-damage|p1a: Gliscor|22/100
|move|p1a: Gliscor|Earthquake|p2a: Bisharp
|-damage|p2a: Bisharp|11/100
|
|upkeep
|turn|23
|
|t:|1757945119
|move|p2a: Bisharp|Sucker Punch||[still]
|-fail|p2a: Bisharp
|move|p1a: Gliscor|Toxic|p2a: Bisharp
|-status|p2a: Bisharp|tox
|
|-damage|p2a: Bisharp|5/100 tox|[from] psn
|upkeep
|turn|24
|
|t:|1757945123
|move|p1a: Gliscor|Toxic|p2a: Bisharp
|-fail|p2a: Bisharp|tox
|move|p2a: Bisharp|Iron Head|p1a: Gliscor
|-damage|p1a: Gliscor|0 fnt
|faint|p1a: Gliscor
|
|-damage|p2a: Bisharp|0 fnt|[from] psn
|faint|p2a: Bisharp
|upkeep
|
|t:|1757945126
|switch|p1a: Raging Bolt|Raging Bolt|100/100
|switch|p2a: Meowscarada|Meowscarada, F|84/100
|-damage|p2a: Meowscarada|68/100|[from] Spikes
|-damage|p1a: Raging Bolt|88/100|[from] Spikes
|turn|25
|
|t:|1757945129
|move|p2a: Meowscarada|Play Rough|p1a: Raging Bolt
|-start|p2a: Meowscarada|typechange|Fairy|[from] ability: Protean
|-supereffective|p1a: Raging Bolt
|-crit|p1a: Raging Bolt
|-damage|p1a: Raging Bolt|0 fnt
|faint|p1a: Raging Bolt
|-end|p1a: Raging Bolt|Protosynthesis|[silent]
|
|win|icefox
|raw|hey_rain_maker's rating: 1519 &rarr; <strong>1495</strong><br />(-24 for losing)
|raw|icefox's rating: 1446 &rarr; <strong>1470</strong><br />(+24 for winning)
|l|☆hey_rain_maker
|player|p1|
