|j|☆kfqqfj
|j|☆fregene97
|t:|1757939490
|gametype|singles
|player|p1|kfqqfj|li|1322
|player|p2|fregene97|benga|1296
|gen|9
|tier|[Gen 9] OU
|rated|
|rule|HP Percentage Mod: HP is shown in percentages
|rule|Endless Battle Clause: Forcing endless battles is banned
|rule|Species Clause: Limit one of each Pokémon
|rule|OHKO Clause: OHKO moves are banned
|rule|Evasion Items Clause: Evasion items are banned
|rule|Evasion Moves Clause: Evasion moves are banned
|rule|Evasion Abilities Clause: Evasion abilities are banned
|rule|Sleep Moves Clause: Sleep-inducing moves are banned
|clearpoke
|poke|p1|Darkrai|
|poke|p1|Ogerpon-Wellspring, F|
|poke|p1|Slowking-Galar, F|
|poke|p1|Iron Valiant|
|poke|p1|Great Tusk|
|poke|p1|Kyurem|
|poke|p2|Feraligatr, M|
|poke|p2|Raging Bolt|
|poke|p2|Iron Valiant|
|poke|p2|Torterra, M|
|poke|p2|Ceruledge, F|
|poke|p2|Iron Boulder|
|teampreview
|inactive|Battle timer is ON: inactive players will automatically lose when time's up. (requested by kfqqfj)
|
|t:|1757939506
|teamsize|p1|6
|teamsize|p2|6
|start
|switch|p1a: Ogerpon|Ogerpon-Wellspring, F|100/100
|switch|p2a: Iron Boulder|Iron Boulder|100/100
|-enditem|p2a: Iron Boulder|Booster Energy
|-activate|p2a: Iron Boulder|ability: Quark Drive|[fromitem]
|-start|p2a: Iron Boulder|quarkdrivespe
|turn|1
|
|t:|1757939532
|-terastallize|p2a: Iron Boulder|Fighting
|move|p2a: Iron Boulder|Swords Dance|p2a: Iron Boulder
|-boost|p2a: Iron Boulder|atk|2
|move|p1a: Ogerpon|Ivy Cudgel|p2a: Iron Boulder|[anim] Ivy Cudgel Water
|-crit|p2a: Iron Boulder
|-damage|p2a: Iron Boulder|3/100
|
|upkeep
|turn|2
|inactive|kfqqfj has 120 seconds left.
|
|t:|1757939575
|switch|p1a: Iron Valiant|Iron Valiant|100/100
|-enditem|p1a: Iron Valiant|Booster Energy
|-activate|p1a: Iron Valiant|ability: Quark Drive|[fromitem]
|-start|p1a: Iron Valiant|quarkdrivespe
|move|p2a: Iron Boulder|Close Combat|p1a: Iron Valiant
|-resisted|p1a: Iron Valiant
|-damage|p1a: Iron Valiant|24/100
|-unboost|p2a: Iron Boulder|def|1
|-unboost|p2a: Iron Boulder|spd|1
|
|upkeep
|turn|3
|
|t:|1757939589
|move|p1a: Iron Valiant|Knock Off|p2a: Iron Boulder
|-resisted|p2a: Iron Boulder
|-damage|p2a: Iron Boulder|0 fnt
|faint|p2a: Iron Boulder
|-end|p2a: Iron Boulder|Quark Drive|[silent]
|
|upkeep
|
|t:|1757939599
|switch|p2a: Ceruledge|Ceruledge, F|100/100
|turn|4
|
|t:|1757939607
|move|p1a: Iron Valiant|Knock Off|p2a: Ceruledge
|-supereffective|p2a: Ceruledge
|-damage|p2a: Ceruledge|16/100
|-ability|p2a: Ceruledge|Weak Armor|boost
|-unboost|p2a: Ceruledge|def|1
|-boost|p2a: Ceruledge|spe|2
|-enditem|p2a: Ceruledge|Focus Sash|[from] move: Knock Off|[of] p1a: Iron Valiant
|move|p2a: Ceruledge|Swords Dance|p2a: Ceruledge
|-boost|p2a: Ceruledge|atk|2
|
|upkeep
|turn|5
|
|t:|1757939616
|move|p2a: Ceruledge|Shadow Sneak|p1a: Iron Valiant
|-damage|p1a: Iron Valiant|0 fnt
|faint|p1a: Iron Valiant
|-end|p1a: Iron Valiant|Quark Drive|[silent]
|
|upkeep
|
|t:|1757939620
|switch|p1a: Great Tusk|Great Tusk|100/100
|turn|6
|
|t:|1757939632
|move|p2a: Ceruledge|Poltergeist|p1a: Great Tusk
|-activate|p1a: Great Tusk|move: Poltergeist|Leftovers
|-damage|p1a: Great Tusk|33/100
|move|p1a: Great Tusk|Headlong Rush|p2a: Ceruledge
|-supereffective|p2a: Ceruledge
|-damage|p2a: Ceruledge|0 fnt
|-unboost|p1a: Great Tusk|def|1
|-unboost|p1a: Great Tusk|spd|1
|faint|p2a: Ceruledge
|
|-heal|p1a: Great Tusk|39/100|[from] item: Leftovers
|upkeep
|
|t:|1757939637
|switch|p2a: Feraligatr|Feraligatr, M, shiny|100/100
|turn|7
|
|t:|1757939650
|move|p1a: Great Tusk|Stealth Rock|p2a: Feraligatr
|-sidestart|p2: fregene97|move: Stealth Rock
|move|p2a: Feraligatr|Dragon Dance|p2a: Feraligatr
|-boost|p2a: Feraligatr|atk|1
|-boost|p2a: Feraligatr|spe|1
|
|-heal|p1a: Great Tusk|45/100|[from] item: Leftovers
|upkeep
|turn|8
|
|t:|1757939654
|-end|p1a: Great Tusk|Protosynthesis|[silent]
|switch|p1a: Ogerpon|Ogerpon-Wellspring, F|100/100
|move|p2a: Feraligatr|Ice Punch|p1a: Ogerpon
|-damage|p1a: Ogerpon|21/100
|
|upkeep
|turn|9
|
|t:|1757939664
|move|p2a: Feraligatr|Ice Punch|p1a: Ogerpon
|-damage|p1a: Ogerpon|0 fnt
|faint|p1a: Ogerpon
|
|upkeep
|
|t:|1757939680
|switch|p1a: Kyurem|Kyurem|100/100
|-ability|p1a: Kyurem|Pressure
|turn|10
|
|t:|1757939682
|move|p2a: Feraligatr|Outrage|p1a: Kyurem
|-supereffective|p1a: Kyurem
|-damage|p1a: Kyurem|0 fnt
|faint|p1a: Kyurem
|-damage|p2a: Feraligatr|91/100|[from] item: Life Orb
|
|upkeep
|
|t:|1757939690
|switch|p1a: Slowking|Slowking-Galar, F|100/100
|turn|11
|
|t:|1757939696
|move|p2a: Feraligatr|Outrage|p1a: Slowking|[from] lockedmove
|-damage|p1a: Slowking|19/100
|-damage|p2a: Feraligatr|81/100|[from] item: Life Orb
|-start|p2a: Feraligatr|confusion|[fatigue]
|move|p1a: Slowking|Sludge Bomb|p2a: Feraligatr
|-damage|p2a: Feraligatr|41/100
|
|upkeep
|turn|12
|
|t:|1757939706
|-activate|p2a: Feraligatr|confusion
|move|p2a: Feraligatr|Outrage|p1a: Slowking
|-damage|p1a: Slowking|0 fnt
|faint|p1a: Slowking
|-damage|p2a: Feraligatr|31/100|[from] item: Life Orb
|
|upkeep
|
|t:|1757939713
|switch|p1a: Darkrai|Darkrai|100/100
|turn|13
|
|t:|1757939716
|move|p1a: Darkrai|Dark Pulse|p2a: Feraligatr
|-damage|p2a: Feraligatr|0 fnt
|faint|p2a: Feraligatr
|
|upkeep
|
|t:|1757939723
|switch|p2a: Iron Valiant|Iron Valiant|100/100
|-damage|p2a: Iron Valiant|94/100|[from] Stealth Rock
|-enditem|p2a: Iron Valiant|Booster Energy
|-activate|p2a: Iron Valiant|ability: Quark Drive|[fromitem]
|-start|p2a: Iron Valiant|quarkdrivespe
|turn|14
|
|t:|1757939749
|move|p2a: Iron Valiant|Moonblast|p1a: Darkrai
|-supereffective|p1a: Darkrai
|-damage|p1a: Darkrai|0 fnt
|faint|p1a: Darkrai
|
|upkeep
|
|t:|1757939752
|switch|p1a: Great Tusk|Great Tusk|45/100
|turn|15
|
|t:|1757939761
|move|p2a: Iron Valiant|Moonblast|p1a: Great Tusk
|-supereffective|p1a: Great Tusk
|-damage|p1a: Great Tusk|0 fnt
|faint|p1a: Great Tusk
|-end|p1a: Great Tusk|Protosynthesis|[silent]
|
|win|fregene97
|raw|kfqqfj's rating: 1322 &rarr; <strong>1301</strong><br />(-21 for losing)
|raw|fregene97's rating: 1296 &rarr; <strong>1323</strong><br />(+27 for winning)
|l|☆kfqqfj
|player|p1|
|l|☆fregene97
|player|p2|
