|j|☆peach boy test
|j|☆dr_jovy
|t:|1757841991
|gametype|singles
|player|p1|peach boy test|drayden|1238
|player|p2|dr_jovy|veteran-gen4|1200
|gen|9
|tier|[Gen 9] OU
|rated|
|rule|HP Percentage Mod: HP is shown in percentages
|rule|Endless Battle Clause: Forcing endless battles is banned
|rule|Species Clause: Limit one of each Pokémon
|rule|OHKO Clause: OHKO moves are banned
|rule|Evasion Items Clause: Evasion items are banned
|rule|Evasion Moves Clause: Evasion moves are banned
|rule|Evasion Abilities Clause: Evasion abilities are banned
|rule|Sleep Moves Clause: Sleep-inducing moves are banned
|clearpoke
|poke|p1|Slaking, F|
|poke|p1|Pecharunt|
|poke|p1|Corviknight, M|
|poke|p1|Araquanid, F|
|poke|p1|Okidogi, M|
|poke|p1|Garganacl, M|
|poke|p2|Dondozo, M|
|poke|p2|Glimmora, F|
|poke|p2|Dragonite, M|
|poke|p2|Gholdengo|
|poke|p2|Iron Valiant|
|poke|p2|Skeledirge, M|
|teampreview
|inactive|Battle timer is ON: inactive players will automatically lose when time's up. (requested by peach boy test)
|c|☆peach boy test|glhf :)
|
|t:|1757842000
|teamsize|p1|6
|teamsize|p2|6
|start
|switch|p1a: araquagoat|Araquanid, F|100/100
|switch|p2a: Gyokko|Dondozo, M|100/100
|turn|1
|
|t:|1757842010
|move|p1a: araquagoat|Sticky Web|p2a: Gyokko
|-sidestart|p2: dr_jovy|move: Sticky Web
|move|p2a: Gyokko|Body Press|p1a: araquagoat
|-resisted|p1a: araquagoat
|-damage|p1a: araquagoat|85/100
|
|upkeep
|turn|2
|
|t:|1757842015
|switch|p1a: pechagoat|Pecharunt|100/100
|-item|p1a: pechagoat|Air Balloon
|move|p2a: Gyokko|Wave Crash|p1a: pechagoat
|-damage|p1a: pechagoat|77/100
|-enditem|p1a: pechagoat|Air Balloon
|-damage|p2a: Gyokko|95/100|[from] Recoil
|
|-heal|p2a: Gyokko|100/100|[from] item: Leftovers
|upkeep
|turn|3
|
|t:|1757842036
|switch|p2a: Doma|Gholdengo|100/100
|-item|p2a: Doma|Air Balloon
|move|p1a: pechagoat|Malignant Chain|p2a: Doma
|-immune|p2a: Doma
|
|upkeep
|turn|4
|
|t:|1757842046
|switch|p1a: araquagoat|Araquanid, F|85/100
|move|p2a: Doma|Shadow Ball|p1a: araquagoat
|-damage|p1a: araquagoat|46/100
|
|upkeep
|turn|5
|
|t:|1757842063
|switch|p2a: Gyokko|Dondozo, M|100/100
|-activate|p2a: Gyokko|move: Sticky Web
|-unboost|p2a: Gyokko|spe|1
|move|p1a: araquagoat|Surf|p2a: Gyokko
|-resisted|p2a: Gyokko
|-damage|p2a: Gyokko|72/100
|
|-heal|p2a: Gyokko|78/100|[from] item: Leftovers
|upkeep
|turn|6
|
|t:|1757842075
|move|p1a: araquagoat|Endeavor|p2a: Gyokko
|-damage|p2a: Gyokko|31/100
|move|p2a: Gyokko|Wave Crash|p1a: araquagoat
|-resisted|p1a: araquagoat
|-damage|p1a: araquagoat|25/100
|-damage|p2a: Gyokko|26/100|[from] Recoil
|
|-heal|p2a: Gyokko|32/100|[from] item: Leftovers
|upkeep
|turn|7
|-enditem|p1a: araquagoat|Custap Berry|[eat]
|-activate|p1a: araquagoat|item: Custap Berry|[consumed]
|
|t:|1757842084
|move|p1a: araquagoat|Surf|p2a: Gyokko
|-resisted|p2a: Gyokko
|-damage|p2a: Gyokko|7/100
|move|p2a: Gyokko|Rest|p2a: Gyokko
|-status|p2a: Gyokko|slp|[from] move: Rest
|-heal|p2a: Gyokko|100/100 slp|[silent]
|
|upkeep
|turn|8
|
|t:|1757842095
|move|p1a: araquagoat|Endeavor|p2a: Gyokko
|-damage|p2a: Gyokko|17/100 slp
|cant|p2a: Gyokko|slp
|move|p2a: Gyokko|Sleep Talk|p2a: Gyokko
|move|p2a: Gyokko|Body Press|p1a: araquagoat|[from] move: Sleep Talk
|-resisted|p1a: araquagoat
|-damage|p1a: araquagoat|10/100
|
|-heal|p2a: Gyokko|23/100 slp|[from] item: Leftovers
|upkeep
|turn|9
|
|t:|1757842107
|move|p1a: araquagoat|Surf|p2a: Gyokko
|-resisted|p2a: Gyokko
|-damage|p2a: Gyokko|0 fnt
|faint|p2a: Gyokko
|
|upkeep
|
|t:|1757842115
|switch|p2a: Kokushibo|Iron Valiant|100/100
|-activate|p2a: Kokushibo|move: Sticky Web
|-unboost|p2a: Kokushibo|spe|1
|turn|10
|
|t:|1757842121
|move|p2a: Kokushibo|Knock Off|p1a: araquagoat
|-damage|p1a: araquagoat|0 fnt
|faint|p1a: araquagoat
|
|upkeep
|
|t:|1757842127
|switch|p1a: pechagoat|Pecharunt|77/100
|turn|11
|
|t:|1757842134
|-end|p2a: Kokushibo|Quark Drive|[silent]
|switch|p2a: Nakime|Glimmora, F|100/100
|-activate|p2a: Nakime|move: Sticky Web
|-unboost|p2a: Nakime|spe|1
|move|p1a: pechagoat|Malignant Chain|p2a: Nakime
|-resisted|p2a: Nakime
|-damage|p2a: Nakime|87/100
|
|upkeep
|turn|12
|l|☆peach boy test
|inactive|peach boy test disconnected and has a minute to reconnect!
|player|p1|
|j|☆peach boy test
|inactive|peach boy test reconnected and has 135 seconds left.
|player|p1|peach boy test|drayden|
|
|t:|1757842161
|switch|p1a: corvigoat|Corviknight, M|100/100
|-ability|p1a: corvigoat|Pressure
|move|p2a: Nakime|Mortal Spin|p1a: corvigoat
|-immune|p1a: corvigoat
|
|upkeep
|turn|13
|
|t:|1757842172
|move|p2a: Nakime|Stealth Rock|p1a: corvigoat
|-sidestart|p1: peach boy test|move: Stealth Rock
|move|p1a: corvigoat|Body Press|p2a: Nakime
|-damage|p2a: Nakime|53/100
|-activate|p2a: Nakime|ability: Toxic Debris
|-sidestart|p1: peach boy test|move: Toxic Spikes
|
|upkeep
|turn|14
|
|t:|1757842179
|switch|p2a: Doma|Gholdengo|100/100
|-item|p2a: Doma|Air Balloon
|move|p1a: corvigoat|Body Press|p2a: Doma
|-immune|p2a: Doma
|
|upkeep
|turn|15
|
|t:|1757842187
|switch|p1a: pechagoat|Pecharunt|77/100
|-damage|p1a: pechagoat|64/100|[from] Stealth Rock
|-sideend|p1: peach boy test|move: Toxic Spikes|[of] p1a: pechagoat
|move|p2a: Doma|Nasty Plot|p2a: Doma
|-boost|p2a: Doma|spa|2
|
|upkeep
|turn|16
|
|t:|1757842195
|move|p2a: Doma|Shadow Ball|p1a: pechagoat
|-supereffective|p1a: pechagoat
|-damage|p1a: pechagoat|0 fnt
|faint|p1a: pechagoat
|
|upkeep
|
|t:|1757842197
|switch|p1a: goatanacl|Garganacl, M|100/100
|-damage|p1a: goatanacl|88/100|[from] Stealth Rock
|turn|17
|
|t:|1757842204
|move|p2a: Doma|Make It Rain|p1a: goatanacl
|-supereffective|p1a: goatanacl
|-damage|p1a: goatanacl|0 fnt
|-unboost|p2a: Doma|spa|1
|faint|p1a: goatanacl
|
|upkeep
|c|☆peach boy test|ah wasn't sure who was faster lol
|
|t:|1757842210
|switch|p1a: okigoati|Okidogi, M|100/100
|-damage|p1a: okigoati|94/100|[from] Stealth Rock
|turn|18
|
|t:|1757842233
|switch|p2a: Nakime|Glimmora, F|53/100
|-activate|p2a: Nakime|move: Sticky Web
|-unboost|p2a: Nakime|spe|1
|move|p1a: okigoati|Knock Off|p2a: Nakime
|-damage|p2a: Nakime|5/100
|-activate|p2a: Nakime|ability: Toxic Debris
|-sidestart|p1: peach boy test|move: Toxic Spikes
|-enditem|p2a: Nakime|Focus Sash|[from] move: Knock Off|[of] p1a: okigoati
|
|upkeep
|turn|19
|
|t:|1757842242
|switch|p1a: corvigoat|Corviknight, M|100/100
|-damage|p1a: corvigoat|88/100|[from] Stealth Rock
|-ability|p1a: corvigoat|Pressure
|move|p2a: Nakime|Mortal Spin|p1a: corvigoat
|-immune|p1a: corvigoat
|
|upkeep
|turn|20
|
|t:|1757842250
|move|p2a: Nakime|Power Gem|p1a: corvigoat
|-damage|p1a: corvigoat|51/100
|move|p1a: corvigoat|U-turn|p2a: Nakime
|-resisted|p2a: Nakime
|-damage|p2a: Nakime|0 fnt
|-activate|p2a: Nakime|ability: Toxic Debris
|-sidestart|p1: peach boy test|move: Toxic Spikes
|faint|p2a: Nakime
|c|☆peach boy test|glad i had a steel type lol
|
|t:|1757842259
|switch|p1a: okigoati|Okidogi, M|94/100|[from] U-turn
|-damage|p1a: okigoati|88/100|[from] Stealth Rock
|-sideend|p1: peach boy test|move: Toxic Spikes|[of] p1a: okigoati
|
|upkeep
|
|t:|1757842271
|switch|p2a: Kokushibo|Iron Valiant|100/100
|-activate|p2a: Kokushibo|move: Sticky Web
|-unboost|p2a: Kokushibo|spe|1
|turn|21
|
|t:|1757842276
|move|p2a: Kokushibo|Trick|p1a: okigoati
|-activate|p2a: Kokushibo|move: Trick|[of] p1a: okigoati
|-item|p1a: okigoati|Choice Scarf|[from] move: Trick
|-item|p2a: Kokushibo|Assault Vest|[from] move: Trick
|move|p1a: okigoati|Gunk Shot|p2a: Kokushibo
|-supereffective|p2a: Kokushibo
|-damage|p2a: Kokushibo|0 fnt
|faint|p2a: Kokushibo
|-end|p2a: Kokushibo|Quark Drive|[silent]
|
|upkeep
|
|t:|1757842290
|switch|p2a: Doma|Gholdengo|100/100
|-item|p2a: Doma|Air Balloon
|turn|22
|
|t:|1757842295
|switch|p1a: corvigoat|Corviknight, M|51/100
|-damage|p1a: corvigoat|38/100|[from] Stealth Rock
|-ability|p1a: corvigoat|Pressure
|move|p2a: Doma|Nasty Plot|p2a: Doma
|-boost|p2a: Doma|spa|2
|
|upkeep
|turn|23
|
|t:|1757842303
|move|p2a: Doma|Shadow Ball|p1a: corvigoat
|-damage|p1a: corvigoat|0 fnt
|faint|p1a: corvigoat
|
|upkeep
|
|t:|1757842307
|switch|p1a: okigoati|Okidogi, M|88/100
|-damage|p1a: okigoati|82/100|[from] Stealth Rock
|turn|24
|
|t:|1757842313
|move|p1a: okigoati|Knock Off|p2a: Doma
|-supereffective|p2a: Doma
|-damage|p2a: Doma|17/100
|-enditem|p2a: Doma|Air Balloon
|move|p2a: Doma|Shadow Ball|p1a: okigoati
|-damage|p1a: okigoati|0 fnt
|faint|p1a: okigoati
|
|upkeep
|c|☆peach boy test|oh i outspeed?
|c|☆peach boy test|ggwp!
|
|t:|1757842326
|switch|p1a: slackgoat|Slaking, F|100/100
|-damage|p1a: slackgoat|88/100|[from] Stealth Rock
|turn|25
|
|t:|1757842331
|move|p2a: Doma|Make It Rain|p1a: slackgoat
|-damage|p1a: slackgoat|0 fnt
|-unboost|p2a: Doma|spa|1
|faint|p1a: slackgoat
|
|win|dr_jovy
|raw|peach boy test's rating: 1238 &rarr; <strong>1210</strong><br />(-28 for losing)
|raw|dr_jovy's rating: 1200 &rarr; <strong>1228</strong><br />(+28 for winning)
|c|☆peach boy test|:)
|c|☆dr_jovy|gg
|l|☆peach boy test
|player|p1|
|l|☆dr_jovy
|player|p2|
