|j|☆KingPuffin5
|j|☆agzGADVavdAVC
|t:|1757894949
|gametype|singles
|player|p1|KingPuffin5|265|1094
|player|p2|agzGADVavdAVC|skierf|1112
|gen|9
|tier|[Gen 9] OU
|rated|
|rule|HP Percentage Mod: HP is shown in percentages
|rule|Endless Battle Clause: Forcing endless battles is banned
|rule|Species Clause: Limit one of each Pokémon
|rule|OHKO Clause: OHKO moves are banned
|rule|Evasion Items Clause: Evasion items are banned
|rule|Evasion Moves Clause: Evasion moves are banned
|rule|Evasion Abilities Clause: Evasion abilities are banned
|rule|Sleep Moves Clause: Sleep-inducing moves are banned
|clearpoke
|poke|p1|Dragapult, F|
|poke|p1|Skeledirge, M|
|poke|p1|Lechonk, M|
|poke|p1|Gholdengo|
|poke|p1|Alomomola, F|
|poke|p1|Gligar, F|
|poke|p2|Charizard, M|
|poke|p2|Ninetales, M|
|poke|p2|Blaziken, M|
|poke|p2|Scrafty, M|
|poke|p2|Cinderace, F|
|poke|p2|Ceruledge, M|
|teampreview
|inactive|Battle timer is ON: inactive players will automatically lose when time's up. (requested by agzGADVavdAVC)
|c|☆agzGADVavdAVC|hf
|c|☆KingPuffin5|GLHF
|
|t:|1757894962
|teamsize|p1|6
|teamsize|p2|6
|start
|switch|p1a: Annoying|Gligar, F, shiny|100/100
|switch|p2a: George|Ninetales, M|100/100
|-weather|SunnyDay|[from] ability: Drought|[of] p2a: George
|turn|1
|
|t:|1757894970
|switch|p2a: Smaug|Charizard, M, shiny|100/100
|move|p1a: Annoying|Stealth Rock|p2a: Smaug
|-sidestart|p2: agzGADVavdAVC|move: Stealth Rock
|
|-weather|SunnyDay|[upkeep]
|-damage|p2a: Smaug|88/100|[from] ability: Solar Power|[of] p2a: Smaug
|upkeep
|turn|2
|
|t:|1757894981
|move|p2a: Smaug|Weather Ball|p1a: Annoying
|-damage|p1a: Annoying|0 fnt
|faint|p1a: Annoying
|
|-weather|SunnyDay|[upkeep]
|-damage|p2a: Smaug|76/100|[from] ability: Solar Power|[of] p2a: Smaug
|upkeep
|
|t:|1757894994
|switch|p1a: Palendrome|Alomomola, F, shiny|100/100
|turn|3
|
|t:|1757895004
|move|p2a: Smaug|Weather Ball|p1a: Palendrome
|-resisted|p1a: Palendrome
|-damage|p1a: Palendrome|26/100
|move|p1a: Palendrome|Wish|p1a: Palendrome
|
|-weather|SunnyDay|[upkeep]
|-damage|p2a: Smaug|63/100|[from] ability: Solar Power|[of] p2a: Smaug
|-heal|p1a: Palendrome|32/100|[from] item: Leftovers
|upkeep
|turn|4
|
|t:|1757895012
|move|p1a: Palendrome|Protect|p1a: Palendrome
|-singleturn|p1a: Palendrome|Protect
|move|p2a: Smaug|Weather Ball|p1a: Palendrome
|-activate|p1a: Palendrome|move: Protect
|
|-weather|SunnyDay|[upkeep]
|-damage|p2a: Smaug|51/100|[from] ability: Solar Power|[of] p2a: Smaug
|-heal|p1a: Palendrome|82/100|[from] move: Wish|[wisher] Palendrome
|-heal|p1a: Palendrome|88/100|[from] item: Leftovers
|upkeep
|turn|5
|
|t:|1757895022
|move|p2a: Smaug|Overheat|p1a: Palendrome
|-resisted|p1a: Palendrome
|-damage|p1a: Palendrome|0 fnt
|-unboost|p2a: Smaug|spa|2
|faint|p1a: Palendrome
|
|-weather|SunnyDay|[upkeep]
|-damage|p2a: Smaug|38/100|[from] ability: Solar Power|[of] p2a: Smaug
|upkeep
|c|☆agzGADVavdAVC|wow
|
|t:|1757895030
|switch|p1a: Formula 1|Dragapult, F, shiny|100/100
|turn|6
|
|t:|1757895049
|move|p1a: Formula 1|Thunderbolt|p2a: Smaug
|-supereffective|p2a: Smaug
|-damage|p2a: Smaug|0 fnt
|faint|p2a: Smaug
|-damage|p1a: Formula 1|91/100|[from] item: Life Orb
|
|-weather|SunnyDay|[upkeep]
|upkeep
|
|t:|1757895053
|switch|p2a: Jesse|Scrafty, M|100/100
|-damage|p2a: Jesse|95/100|[from] Stealth Rock
|turn|7
|
|t:|1757895080
|switch|p1a: Taylor Swift|Skeledirge, M, shiny|100/100
|move|p2a: Jesse|Knock Off|p1a: Taylor Swift
|-supereffective|p1a: Taylor Swift
|-damage|p1a: Taylor Swift|30/100
|-enditem|p1a: Taylor Swift|Leftovers|[from] move: Knock Off|[of] p2a: Jesse
|
|-weather|SunnyDay|[upkeep]
|upkeep
|turn|8
|inactive|KingPuffin5 has 120 seconds left.
|
|t:|1757895098
|move|p2a: Jesse|Knock Off|p1a: Taylor Swift
|-supereffective|p1a: Taylor Swift
|-damage|p1a: Taylor Swift|0 fnt
|faint|p1a: Taylor Swift
|-ability|p2a: Jesse|Moxie|boost
|-boost|p2a: Jesse|atk|1
|
|-weather|none
|upkeep
|inactive|KingPuffin5 has 120 seconds left.
|
|t:|1757895106
|switch|p1a: LE CHONKI BOI|Lechonk, M, shiny|100/100
|turn|9
|
|t:|1757895109
|move|p2a: Jesse|Dragon Dance|p2a: Jesse
|-boost|p2a: Jesse|atk|1
|-boost|p2a: Jesse|spe|1
|move|p1a: LE CHONKI BOI|Stuff Cheeks|p1a: LE CHONKI BOI
|-boost|p1a: LE CHONKI BOI|def|2
|-enditem|p1a: LE CHONKI BOI|Starf Berry|[eat]
|-boost|p1a: LE CHONKI BOI|def|2|[from] item: Starf Berry
|
|upkeep
|turn|10
|c|☆agzGADVavdAVC|woah
|
|t:|1757895122
|move|p2a: Jesse|Dragon Dance|p2a: Jesse
|-boost|p2a: Jesse|atk|1
|-boost|p2a: Jesse|spe|1
|move|p1a: LE CHONKI BOI|Body Slam|p2a: Jesse
|-damage|p2a: Jesse|65/100
|
|upkeep
|turn|11
|
|t:|1757895129
|move|p2a: Jesse|Dragon Dance|p2a: Jesse
|-boost|p2a: Jesse|atk|1
|-boost|p2a: Jesse|spe|1
|move|p1a: LE CHONKI BOI|Body Slam|p2a: Jesse
|-damage|p2a: Jesse|40/100
|
|upkeep
|turn|12
|
|t:|1757895135
|move|p2a: Jesse|Drain Punch|p1a: LE CHONKI BOI
|-supereffective|p1a: LE CHONKI BOI
|-damage|p1a: LE CHONKI BOI|0 fnt
|-heal|p2a: Jesse|95/100|[from] drain|[of] p1a: LE CHONKI BOI
|faint|p1a: LE CHONKI BOI
|-ability|p2a: Jesse|Moxie|boost
|-boost|p2a: Jesse|atk|1
|
|upkeep
|
|t:|1757895143
|switch|p1a: Formula 1|Dragapult, F, shiny|91/100
|turn|13
|
|t:|1757895156
|move|p2a: Jesse|Knock Off|p1a: Formula 1
|-supereffective|p1a: Formula 1
|-damage|p1a: Formula 1|0 fnt
|-enditem|p1a: Formula 1|Life Orb|[from] move: Knock Off|[of] p2a: Jesse
|faint|p1a: Formula 1
|-ability|p2a: Jesse|Moxie|boost
|-boost|p2a: Jesse|atk|1
|
|upkeep
|c|☆agzGADVavdAVC|gg
|-message|KingPuffin5 forfeited.
|
|win|agzGADVavdAVC
|raw|KingPuffin5's rating: 1094 &rarr; <strong>1073</strong><br />(-21 for losing)
|raw|agzGADVavdAVC's rating: 1133 &rarr; <strong>1155</strong><br />(+22 for winning)
|l|☆KingPuffin5
|player|p1|
|l|☆agzGADVavdAVC
|player|p2|
