|j|‽Flocking glock
|j|☆yiht
|t:|1757824254
|gametype|singles
|player|p1|Flocking glock|169|1411
|player|p2|yiht|1|1413
|gen|9
|tier|[Gen 9] OU
|rated|
|rule|HP Percentage Mod: HP is shown in percentages
|rule|Endless Battle Clause: Forcing endless battles is banned
|rule|Species Clause: Limit one of each Pokémon
|rule|OHKO Clause: OHKO moves are banned
|rule|Evasion Items Clause: Evasion items are banned
|rule|Evasion Moves Clause: Evasion moves are banned
|rule|Evasion Abilities Clause: Evasion abilities are banned
|rule|Sleep Moves Clause: Sleep-inducing moves are banned
|clearpoke
|poke|p1|Heatran, M|
|poke|p1|Ogerpon-Wellspring, F|
|poke|p1|Rillaboom, M|
|poke|p1|Great Tusk|
|poke|p1|Dragapult, M|
|poke|p1|Bronzong|
|poke|p2|Ribombee, F|
|poke|p2|Samurott-Hisui, M|
|poke|p2|Gholdengo|
|poke|p2|Great Tusk|
|poke|p2|Glimmora, M|
|poke|p2|Dragonite, F|
|teampreview
|l|☆yiht
|player|p2|
|inactive|Battle timer is ON: inactive players will automatically lose when time's up. (requested by Flocking glock)
|j| yigt
|l| yigt
|inactive|yiht has 30 seconds to reconnect!
|inactive|yiht has 20 seconds to reconnect!
|inactive|yiht has 15 seconds to reconnect!
|j|☆yiht
|inactive|yiht reconnected and has 105 seconds left.
|player|p2|yiht|1|
|
|t:|1757824327
|teamsize|p1|6
|teamsize|p2|6
|start
|switch|p1a: Heatran|Heatran, M|100/100
|switch|p2a: Ribombee|Ribombee, F|100/100
|turn|1
|
|t:|1757824338
|move|p2a: Ribombee|Sticky Web|p1a: Heatran
|-sidestart|p1: Flocking glock|move: Sticky Web
|move|p1a: Heatran|Magma Storm|p2a: Ribombee
|-supereffective|p2a: Ribombee
|-enditem|p2a: Ribombee|Focus Sash
|-damage|p2a: Ribombee|1/100
|-activate|p2a: Ribombee|move: Magma Storm|[of] p1a: Heatran
|
|-damage|p2a: Ribombee|0 fnt|[from] move: Magma Storm|[partiallytrapped]
|faint|p2a: Ribombee
|upkeep
|
|t:|1757824343
|switch|p2a: Glimmora|Glimmora, M|100/100
|turn|2
|
|t:|1757824352
|move|p2a: Glimmora|Earth Power|p1a: Heatran
|-supereffective|p1a: Heatran
|-damage|p1a: Heatran|13/100
|-unboost|p1a: Heatran|spd|1
|move|p1a: Heatran|Taunt|p2a: Glimmora
|-start|p2a: Glimmora|move: Taunt
|
|-heal|p1a: Heatran|19/100|[from] item: Leftovers
|upkeep
|turn|3
|
|t:|1757824359
|switch|p1a: Bronzong|Bronzong, shiny|100/100
|move|p2a: Glimmora|Meteor Beam||[still]
|-prepare|p2a: Glimmora|Meteor Beam
|-boost|p2a: Glimmora|spa|1
|-enditem|p2a: Glimmora|Power Herb
|-anim|p2a: Glimmora|Meteor Beam|p1a: Bronzong
|-resisted|p1a: Bronzong
|-damage|p1a: Bronzong|57/100
|
|upkeep
|turn|4
|
|t:|1757824367
|move|p2a: Glimmora|Meteor Beam||[still]
|-prepare|p2a: Glimmora|Meteor Beam
|-boost|p2a: Glimmora|spa|1
|move|p1a: Bronzong|Psychic Noise|p2a: Glimmora
|-supereffective|p2a: Glimmora
|-damage|p2a: Glimmora|46/100
|-start|p2a: Glimmora|move: Heal Block
|
|upkeep
|turn|5
|
|t:|1757824375
|switch|p1a: Great Tusk|Great Tusk|100/100
|move|p2a: Glimmora|Meteor Beam|p1a: Great Tusk|[from] lockedmove
|-resisted|p1a: Great Tusk
|-damage|p1a: Great Tusk|52/100
|
|-end|p2a: Glimmora|move: Taunt
|-end|p2a: Glimmora|move: Heal Block
|upkeep
|turn|6
|
|t:|1757824385
|-end|p1a: Great Tusk|Protosynthesis|[silent]
|switch|p1a: Bronzong|Bronzong, shiny|57/100
|move|p2a: Glimmora|Earth Power|p1a: Bronzong
|-immune|p1a: Bronzong|[from] ability: Levitate
|
|upkeep
|turn|7
|
|t:|1757824391
|move|p2a: Glimmora|Power Gem|p1a: Bronzong
|-resisted|p1a: Bronzong
|-damage|p1a: Bronzong|19/100
|move|p1a: Bronzong|Psychic Noise|p2a: Glimmora
|-supereffective|p2a: Glimmora
|-damage|p2a: Glimmora|0 fnt
|faint|p2a: Glimmora
|
|upkeep
|
|t:|1757824396
|switch|p2a: Samurott|Samurott-Hisui, M|100/100
|turn|8
|
|t:|1757824402
|move|p2a: Samurott|Ceaseless Edge|p1a: Bronzong
|-supereffective|p1a: Bronzong
|-enditem|p1a: Bronzong|Colbur Berry|[eat]
|-enditem|p1a: Bronzong|Colbur Berry|[weaken]
|-damage|p1a: Bronzong|0 fnt
|-sidestart|p1: Flocking glock|Spikes
|faint|p1a: Bronzong
|-damage|p2a: Samurott|91/100|[from] item: Life Orb
|
|upkeep
|
|t:|1757824408
|switch|p1a: Great Tusk|Great Tusk|52/100
|turn|9
|
|t:|1757824415
|-terastallize|p1a: Great Tusk|Steel
|move|p1a: Great Tusk|Rapid Spin|p2a: Samurott
|-damage|p2a: Samurott|67/100
|-boost|p1a: Great Tusk|spe|1
|-sideend|p1: Flocking glock|Spikes|[from] move: Rapid Spin|[of] p1a: Great Tusk
|-sideend|p1: Flocking glock|Sticky Web|[from] move: Rapid Spin|[of] p1a: Great Tusk
|move|p2a: Samurott|Aqua Cutter|p1a: Great Tusk
|-damage|p1a: Great Tusk|7/100
|-damage|p2a: Samurott|57/100|[from] item: Life Orb
|
|upkeep
|turn|10
|
|t:|1757824424
|move|p2a: Samurott|Sucker Punch|p1a: Great Tusk
|-damage|p1a: Great Tusk|0 fnt
|faint|p1a: Great Tusk
|-end|p1a: Great Tusk|Protosynthesis|[silent]
|-damage|p2a: Samurott|47/100|[from] item: Life Orb
|
|upkeep
|
|t:|1757824428
|switch|p1a: Rillaboom|Rillaboom, M|100/100
|-fieldstart|move: Grassy Terrain|[from] ability: Grassy Surge|[of] p1a: Rillaboom
|turn|11
|
|t:|1757824448
|move|p2a: Samurott|Sucker Punch|p1a: Rillaboom
|-damage|p1a: Rillaboom|57/100
|-damage|p2a: Samurott|37/100|[from] item: Life Orb
|move|p1a: Rillaboom|Grassy Glide|p2a: Samurott
|-supereffective|p2a: Samurott
|-damage|p2a: Samurott|0 fnt
|faint|p2a: Samurott
|
|-heal|p1a: Rillaboom|64/100|[from] Grassy Terrain
|upkeep
|
|t:|1757824456
|switch|p2a: Great Tusk|Great Tusk|100/100
|-enditem|p2a: Great Tusk|Booster Energy
|-activate|p2a: Great Tusk|ability: Protosynthesis|[fromitem]
|-start|p2a: Great Tusk|protosynthesisatk
|turn|12
|
|t:|1757824468
|move|p1a: Rillaboom|Grassy Glide|p2a: Great Tusk
|-supereffective|p2a: Great Tusk
|-damage|p2a: Great Tusk|42/100
|move|p2a: Great Tusk|Ice Spinner|p1a: Rillaboom
|-supereffective|p1a: Rillaboom
|-damage|p1a: Rillaboom|0 fnt
|-fieldend|move: Grassy Terrain
|faint|p1a: Rillaboom
|
|upkeep
|
|t:|1757824474
|switch|p1a: Dragapult|Dragapult, M|100/100
|turn|13
|
|t:|1757824478
|move|p1a: Dragapult|Shadow Ball|p2a: Great Tusk
|-damage|p2a: Great Tusk|0 fnt
|faint|p2a: Great Tusk
|-end|p2a: Great Tusk|Protosynthesis|[silent]
|
|upkeep
|
|t:|1757824484
|switch|p2a: Gholdengo|Gholdengo|100/100
|-item|p2a: Gholdengo|Air Balloon
|turn|14
|
|t:|1757824492
|switch|p1a: Ogerpon|Ogerpon-Wellspring, F|100/100
|move|p2a: Gholdengo|Memento|p1a: Ogerpon
|-unboost|p1a: Ogerpon|atk|2
|-unboost|p1a: Ogerpon|spa|2
|faint|p2a: Gholdengo
|
|upkeep
|
|t:|1757824498
|switch|p2a: Dragonite|Dragonite, F|100/100
|turn|15
|
|t:|1757824503
|switch|p1a: Dragapult|Dragapult, M|100/100
|move|p2a: Dragonite|Dragon Dance|p2a: Dragonite
|-boost|p2a: Dragonite|atk|1
|-boost|p2a: Dragonite|spe|1
|
|upkeep
|turn|16
|
|t:|1757824511
|-terastallize|p2a: Dragonite|Flying
|move|p1a: Dragapult|Draco Meteor|p2a: Dragonite
|-damage|p2a: Dragonite|60/100
|-unboost|p1a: Dragapult|spa|2
|move|p2a: Dragonite|Tera Blast|p1a: Dragapult|[anim] Tera Blast Flying
|-damage|p1a: Dragapult|0 fnt
|faint|p1a: Dragapult
|
|-heal|p2a: Dragonite|66/100|[from] item: Leftovers
|upkeep
|
|t:|1757824519
|switch|p1a: Ogerpon|Ogerpon-Wellspring, F|100/100
|turn|17
|
|t:|1757824521
|move|p2a: Dragonite|Tera Blast|p1a: Ogerpon|[anim] Tera Blast Flying
|-supereffective|p1a: Ogerpon
|-damage|p1a: Ogerpon|0 fnt
|faint|p1a: Ogerpon
|
|-heal|p2a: Dragonite|73/100|[from] item: Leftovers
|upkeep
|-message|Flocking glock forfeited.
|
|win|yiht
|raw|Flocking glock's rating: 1411 &rarr; <strong>1392</strong><br />(-19 for losing)
|raw|yiht's rating: 1430 &rarr; <strong>1449</strong><br />(+19 for winning)
|l|‽Flocking glock
|player|p1|
|l|☆yiht
|player|p2|
