|j|☆Jawz Son of Krook
|j|☆XenRenTen
|t:|1757913826
|gametype|singles
|player|p1|Jawz Son of Krook|blue|1447
|player|p2|XenRenTen|102|1447
|gen|9
|tier|[Gen 9] OU
|rated|
|rule|HP Percentage Mod: HP is shown in percentages
|rule|Endless Battle Clause: Forcing endless battles is banned
|rule|Species Clause: Limit one of each Pokémon
|rule|OHKO Clause: OHKO moves are banned
|rule|Evasion Items Clause: Evasion items are banned
|rule|Evasion Moves Clause: Evasion moves are banned
|rule|Evasion Abilities Clause: Evasion abilities are banned
|rule|Sleep Moves Clause: Sleep-inducing moves are banned
|clearpoke
|poke|p1|Hoopa-Unbound|
|poke|p1|Iron Jugulis|
|poke|p1|Kingambit, F|
|poke|p1|Garchomp, F|
|poke|p1|Primarina, M|
|poke|p1|Quaquaval, F|
|poke|p2|Dragapult, M|
|poke|p2|Great Tusk|
|poke|p2|Heatran, F|
|poke|p2|Iron Hands|
|poke|p2|Iron Crown|
|poke|p2|Ogerpon-Wellspring, F|
|teampreview
|inactive|Battle timer is ON: inactive players will automatically lose when time's up. (requested by XenRenTen)
|
|t:|1757913845
|teamsize|p1|6
|teamsize|p2|6
|start
|switch|p1a: Garchomp|Garchomp, F|100/100
|switch|p2a: Dragapult|Dragapult, M|100/100
|turn|1
|
|t:|1757913853
|switch|p1a: Primarina|Primarina, M|100/100
|move|p2a: Dragapult|Dragon Darts|p1a: Primarina
|-immune|p1a: Primarina
|
|upkeep
|turn|2
|
|t:|1757913858
|move|p2a: Dragapult|U-turn|p1a: Primarina
|-resisted|p1a: Primarina
|-damage|p1a: Primarina|81/100
|-damage|p2a: Dragapult|91/100|[from] item: Life Orb
|
|t:|1757913862
|switch|p2a: Iron Crown|Iron Crown|100/100|[from] U-turn
|move|p1a: Primarina|Substitute|p1a: Primarina
|-start|p1a: Primarina|Substitute
|-damage|p1a: Primarina|57/100
|
|-heal|p1a: Primarina|63/100|[from] item: Leftovers
|upkeep
|turn|3
|
|t:|1757913869
|move|p2a: Iron Crown|Future Sight|p1a: Primarina
|-start|p2a: Iron Crown|move: Future Sight
|move|p1a: Primarina|Surf|p2a: Iron Crown
|-damage|p2a: Iron Crown|73/100
|
|-heal|p1a: Primarina|69/100|[from] item: Leftovers
|upkeep
|turn|4
|
|t:|1757913875
|move|p2a: Iron Crown|Tachyon Cutter|p1a: Primarina
|-end|p1a: Primarina|Substitute
|-damage|p1a: Primarina|43/100
|-hitcount|p1a: Primarina|2
|move|p1a: Primarina|Surf|p2a: Iron Crown
|-damage|p2a: Iron Crown|48/100
|
|-heal|p1a: Primarina|50/100|[from] item: Leftovers
|upkeep
|turn|5
|
|t:|1757913882
|switch|p1a: Hoopa|Hoopa-Unbound|100/100
|move|p2a: Iron Crown|Volt Switch|p1a: Hoopa
|-damage|p1a: Hoopa|80/100
|
|t:|1757913888
|-end|p2a: Iron Crown|Quark Drive|[silent]
|switch|p2a: Dragapult|Dragapult, M|91/100|[from] Volt Switch
|
|-end|p1a: Hoopa|move: Future Sight
|-immune|p1a: Hoopa
|upkeep
|turn|6
|
|t:|1757913898
|switch|p1a: Kingambit|Kingambit, F|100/100
|move|p2a: Dragapult|U-turn|p1a: Kingambit
|-damage|p1a: Kingambit|77/100
|-damage|p2a: Dragapult|81/100|[from] item: Life Orb
|
|t:|1757913913
|switch|p2a: Great Tusk|Great Tusk|100/100|[from] U-turn
|
|-heal|p1a: Kingambit|83/100|[from] item: Leftovers
|upkeep
|turn|7
|
|t:|1757913919
|-end|p1a: Kingambit|fallenundefined|[silent]
|switch|p1a: Quaquaval|Quaquaval, F|100/100
|move|p2a: Great Tusk|Knock Off|p1a: Quaquaval
|-resisted|p1a: Quaquaval
|-damage|p1a: Quaquaval|77/100
|-enditem|p1a: Quaquaval|Assault Vest|[from] move: Knock Off|[of] p2a: Great Tusk
|
|upkeep
|turn|8
|
|t:|1757913929
|move|p2a: Great Tusk|Headlong Rush|p1a: Quaquaval
|-damage|p1a: Quaquaval|0 fnt
|-unboost|p2a: Great Tusk|def|1
|-unboost|p2a: Great Tusk|spd|1
|faint|p1a: Quaquaval
|
|upkeep
|
|t:|1757913940
|switch|p1a: Iron Jugulis|Iron Jugulis|100/100
|-enditem|p1a: Iron Jugulis|Booster Energy
|-activate|p1a: Iron Jugulis|ability: Quark Drive|[fromitem]
|-start|p1a: Iron Jugulis|quarkdrivespe
|turn|9
|
|t:|1757913949
|-end|p2a: Great Tusk|Protosynthesis|[silent]
|switch|p2a: Iron Crown|Iron Crown|48/100
|move|p1a: Iron Jugulis|Hurricane|p2a: Iron Crown
|-resisted|p2a: Iron Crown
|-damage|p2a: Iron Crown|33/100
|
|upkeep
|turn|10
|
|t:|1757913958
|move|p1a: Iron Jugulis|Dark Pulse|p2a: Iron Crown
|-supereffective|p2a: Iron Crown
|-damage|p2a: Iron Crown|0 fnt
|faint|p2a: Iron Crown
|-end|p2a: Iron Crown|Quark Drive|[silent]
|
|upkeep
|
|t:|1757913976
|switch|p2a: Iron Hands|Iron Hands|100/100
|turn|11
|
|t:|1757913982
|-terastallize|p1a: Iron Jugulis|Ground
|move|p1a: Iron Jugulis|Earth Power|p2a: Iron Hands
|-supereffective|p2a: Iron Hands
|-damage|p2a: Iron Hands|18/100
|move|p2a: Iron Hands|Ice Punch|p1a: Iron Jugulis
|-supereffective|p1a: Iron Jugulis
|-damage|p1a: Iron Jugulis|23/100
|
|upkeep
|turn|12
|
|t:|1757913990
|move|p1a: Iron Jugulis|Dark Pulse|p2a: Iron Hands
|-resisted|p2a: Iron Hands
|-damage|p2a: Iron Hands|2/100
|move|p2a: Iron Hands|Ice Punch|p1a: Iron Jugulis
|-supereffective|p1a: Iron Jugulis
|-damage|p1a: Iron Jugulis|0 fnt
|faint|p1a: Iron Jugulis
|-end|p1a: Iron Jugulis|Quark Drive|[silent]
|
|upkeep
|
|t:|1757914001
|switch|p1a: Primarina|Primarina, M|50/100
|turn|13
|
|t:|1757914003
|move|p1a: Primarina|Moonblast|p2a: Iron Hands
|-supereffective|p2a: Iron Hands
|-damage|p2a: Iron Hands|0 fnt
|faint|p2a: Iron Hands
|-end|p2a: Iron Hands|Quark Drive|[silent]
|
|-heal|p1a: Primarina|56/100|[from] item: Leftovers
|upkeep
|
|t:|1757914011
|switch|p2a: Ogerpon|Ogerpon-Wellspring, F|100/100
|turn|14
|
|t:|1757914015
|switch|p1a: Garchomp|Garchomp, F|100/100
|move|p2a: Ogerpon|Power Whip|p1a: Garchomp
|-damage|p1a: Garchomp|60/100
|-damage|p2a: Ogerpon|88/100|[from] ability: Rough Skin|[of] p1a: Garchomp
|-damage|p2a: Ogerpon|72/100|[from] item: Rocky Helmet|[of] p1a: Garchomp
|
|upkeep
|turn|15
|
|t:|1757914044
|move|p2a: Ogerpon|Ivy Cudgel|p1a: Garchomp|[anim] Ivy Cudgel Water
|-damage|p1a: Garchomp|25/100
|move|p1a: Garchomp|Spikes|p2a: Ogerpon
|-sidestart|p2: XenRenTen|Spikes
|
|upkeep
|turn|16
|
|t:|1757914073
|move|p2a: Ogerpon|Ivy Cudgel|p1a: Garchomp|[anim] Ivy Cudgel Water
|-damage|p1a: Garchomp|0 fnt
|faint|p1a: Garchomp
|
|upkeep
|
|t:|1757914077
|switch|p1a: Kingambit|Kingambit, F|83/100
|-activate|p1a: Kingambit|ability: Supreme Overlord
|-start|p1a: Kingambit|fallen3|[silent]
|turn|17
|
|t:|1757914082
|move|p2a: Ogerpon|Encore||[still]
|-fail|p2a: Ogerpon
|move|p1a: Kingambit|Kowtow Cleave|p2a: Ogerpon
|-damage|p2a: Ogerpon|0 fnt
|faint|p2a: Ogerpon
|
|-heal|p1a: Kingambit|90/100|[from] item: Leftovers
|upkeep
|
|t:|1757914096
|switch|p2a: Great Tusk|Great Tusk|100/100
|-damage|p2a: Great Tusk|88/100|[from] Spikes
|turn|18
|
|t:|1757914103
|-end|p1a: Kingambit|fallen3|[silent]
|switch|p1a: Hoopa|Hoopa-Unbound|80/100
|move|p2a: Great Tusk|Rapid Spin|p1a: Hoopa
|-damage|p1a: Hoopa|50/100
|-boost|p2a: Great Tusk|spe|1
|-sideend|p2: XenRenTen|Spikes|[from] move: Rapid Spin|[of] p2a: Great Tusk
|
|upkeep
|turn|19
|
|t:|1757914114
|move|p2a: Great Tusk|Headlong Rush|p1a: Hoopa
|-damage|p1a: Hoopa|0 fnt
|-unboost|p2a: Great Tusk|def|1
|-unboost|p2a: Great Tusk|spd|1
|faint|p1a: Hoopa
|
|upkeep
|
|t:|1757914117
|switch|p1a: Primarina|Primarina, M|56/100
|turn|20
|
|t:|1757914135
|-end|p2a: Great Tusk|Protosynthesis|[silent]
|switch|p2a: Dragapult|Dragapult, M|81/100
|move|p1a: Primarina|Surf|p2a: Dragapult
|-resisted|p2a: Dragapult
|-damage|p2a: Dragapult|45/100
|
|-heal|p1a: Primarina|62/100|[from] item: Leftovers
|upkeep
|turn|21
|
|t:|1757914142
|move|p2a: Dragapult|Thunderbolt|p1a: Primarina
|-supereffective|p1a: Primarina
|-damage|p1a: Primarina|9/100
|-damage|p2a: Dragapult|36/100|[from] item: Life Orb
|move|p1a: Primarina|Moonblast|p2a: Dragapult
|-supereffective|p2a: Dragapult
|-damage|p2a: Dragapult|0 fnt
|faint|p2a: Dragapult
|
|-heal|p1a: Primarina|15/100|[from] item: Leftovers
|upkeep
|-message|Jawz Son of Krook forfeited.
|
|win|XenRenTen
|raw|Jawz Son of Krook's rating: 1447 &rarr; <strong>1427</strong><br />(-20 for losing)
|raw|XenRenTen's rating: 1447 &rarr; <strong>1467</strong><br />(+20 for winning)
|l|☆Jawz Son of Krook
|player|p1|
|l|☆XenRenTen
|player|p2|
