|j|☆kaneliii
|j|☆fqjx
|t:|1757840895
|gametype|singles
|player|p1|kaneliii|2|1115
|player|p2|fqjx|petrel|1091
|gen|9
|tier|[Gen 9] OU
|rated|
|rule|HP Percentage Mod: HP is shown in percentages
|rule|Endless Battle Clause: Forcing endless battles is banned
|rule|Species Clause: Limit one of each Pokémon
|rule|OHKO Clause: OHKO moves are banned
|rule|Evasion Items Clause: Evasion items are banned
|rule|Evasion Moves Clause: Evasion moves are banned
|rule|Evasion Abilities Clause: Evasion abilities are banned
|rule|Sleep Moves Clause: Sleep-inducing moves are banned
|clearpoke
|poke|p1|Milotic, F|
|poke|p1|Iron Treads|
|poke|p1|Vileplume, M|
|poke|p1|Latias, F|
|poke|p1|Ampharos, M|
|poke|p1|Heracross, M|
|poke|p2|Meowscarada, M|
|poke|p2|Glimmora, M|
|poke|p2|Incineroar, M|
|poke|p2|Corviknight, M|
|poke|p2|Dondozo, F|
|poke|p2|Clodsire, M|
|teampreview
|
|t:|1757840911
|teamsize|p1|6
|teamsize|p2|6
|start
|switch|p1a: Latias|Latias, F, shiny|100/100
|switch|p2a: Glimmora|Glimmora, M, shiny|100/100
|turn|1
|
|t:|1757840918
|move|p1a: Latias|Calm Mind|p1a: Latias
|-boost|p1a: Latias|spa|1
|-boost|p1a: Latias|spd|1
|move|p2a: Glimmora|Stealth Rock|p1a: Latias
|-sidestart|p1: kaneliii|move: Stealth Rock
|
|upkeep
|turn|2
|
|t:|1757840924
|move|p1a: Latias|Dragon Pulse|p2a: Glimmora
|-damage|p2a: Glimmora|54/100
|move|p2a: Glimmora|Meteor Beam||[still]
|-prepare|p2a: Glimmora|Meteor Beam
|-boost|p2a: Glimmora|spa|1
|-enditem|p2a: Glimmora|Power Herb
|-anim|p2a: Glimmora|Meteor Beam|p1a: Latias
|-damage|p1a: Latias|53/100
|
|-heal|p1a: Latias|59/100|[from] item: Leftovers
|upkeep
|turn|3
|
|t:|1757840937
|switch|p2a: Incineroar|Incineroar, M, shiny|100/100
|-ability|p2a: Incineroar|Intimidate|boost
|-unboost|p1a: Latias|atk|1
|move|p1a: Latias|Psyshock|p2a: Incineroar
|-immune|p2a: Incineroar
|
|-heal|p1a: Latias|65/100|[from] item: Leftovers
|upkeep
|turn|4
|
|t:|1757840944
|switch|p1a: Milotic|Milotic, F|100/100
|-damage|p1a: Milotic|88/100|[from] Stealth Rock
|move|p2a: Incineroar|Flare Blitz|p1a: Milotic
|-resisted|p1a: Milotic
|-damage|p1a: Milotic|69/100
|-damage|p2a: Incineroar|94/100|[from] Recoil
|
|-heal|p1a: Milotic|75/100|[from] item: Leftovers
|upkeep
|turn|5
|
|t:|1757840955
|switch|p2a: Meowscarada|Meowscarada, M, shiny|100/100
|move|p1a: Milotic|Flip Turn|p2a: Meowscarada
|-resisted|p2a: Meowscarada
|-damage|p2a: Meowscarada|90/100
|
|t:|1757840961
|switch|p1a: Heracross|Heracross, M|100/100|[from] Flip Turn
|-damage|p1a: Heracross|88/100|[from] Stealth Rock
|
|upkeep
|turn|6
|
|t:|1757840987
|move|p1a: Heracross|Close Combat|p2a: Meowscarada
|-supereffective|p2a: Meowscarada
|-damage|p2a: Meowscarada|0 fnt
|-unboost|p1a: Heracross|def|1
|-unboost|p1a: Heracross|spd|1
|faint|p2a: Meowscarada
|-ability|p1a: Heracross|Moxie|boost
|-boost|p1a: Heracross|atk|1
|
|upkeep
|
|t:|1757840996
|switch|p2a: Incineroar|Incineroar, M, shiny|94/100
|-ability|p2a: Incineroar|Intimidate|boost
|-unboost|p1a: Heracross|atk|1
|turn|7
|
|t:|1757841000
|move|p2a: Incineroar|Fake Out|p1a: Heracross
|-damage|p1a: Heracross|66/100
|cant|p1a: Heracross|flinch
|
|upkeep
|turn|8
|
|t:|1757841008
|switch|p2a: Corviknight|Corviknight, M, shiny|100/100
|move|p1a: Heracross|Close Combat|p2a: Corviknight
|-damage|p2a: Corviknight|64/100
|-unboost|p1a: Heracross|def|1
|-unboost|p1a: Heracross|spd|1
|-damage|p1a: Heracross|50/100|[from] item: Rocky Helmet|[of] p2a: Corviknight
|
|upkeep
|turn|9
|
|t:|1757841018
|switch|p1a: Iron Treads|Iron Treads|100/100
|-damage|p1a: Iron Treads|97/100|[from] Stealth Rock
|-enditem|p1a: Iron Treads|Booster Energy
|-activate|p1a: Iron Treads|ability: Quark Drive|[fromitem]
|-start|p1a: Iron Treads|quarkdriveatk
|move|p2a: Corviknight|Iron Defense|p2a: Corviknight
|-boost|p2a: Corviknight|def|2
|
|upkeep
|turn|10
|
|t:|1757841023
|move|p1a: Iron Treads|Rapid Spin|p2a: Corviknight
|-resisted|p2a: Corviknight
|-damage|p2a: Corviknight|61/100
|-boost|p1a: Iron Treads|spe|1
|-damage|p1a: Iron Treads|81/100|[from] item: Rocky Helmet|[of] p2a: Corviknight
|-sideend|p1: kaneliii|Stealth Rock|[from] move: Rapid Spin|[of] p1a: Iron Treads
|move|p2a: Corviknight|Iron Defense|p2a: Corviknight
|-boost|p2a: Corviknight|def|2
|
|upkeep
|turn|11
|
|t:|1757841026
|move|p1a: Iron Treads|Stealth Rock|p2a: Corviknight
|-sidestart|p2: fqjx|move: Stealth Rock
|move|p2a: Corviknight|Iron Defense|p2a: Corviknight
|-boost|p2a: Corviknight|def|2
|
|upkeep
|turn|12
|
|t:|1757841034
|move|p1a: Iron Treads|Iron Head|p2a: Corviknight
|-resisted|p2a: Corviknight
|-damage|p2a: Corviknight|57/100
|-damage|p1a: Iron Treads|64/100|[from] item: Rocky Helmet|[of] p2a: Corviknight
|cant|p2a: Corviknight|flinch
|
|upkeep
|turn|13
|
|t:|1757841038
|move|p1a: Iron Treads|Iron Head|p2a: Corviknight
|-resisted|p2a: Corviknight
|-damage|p2a: Corviknight|53/100
|-damage|p1a: Iron Treads|48/100|[from] item: Rocky Helmet|[of] p2a: Corviknight
|move|p2a: Corviknight|Roost|p2a: Corviknight
|-heal|p2a: Corviknight|100/100
|-singleturn|p2a: Corviknight|move: Roost
|
|upkeep
|turn|14
|
|t:|1757841045
|move|p1a: Iron Treads|Iron Head|p2a: Corviknight
|-resisted|p2a: Corviknight
|-damage|p2a: Corviknight|97/100
|-damage|p1a: Iron Treads|31/100|[from] item: Rocky Helmet|[of] p2a: Corviknight
|move|p2a: Corviknight|Body Press|p1a: Iron Treads
|-supereffective|p1a: Iron Treads
|-damage|p1a: Iron Treads|0 fnt
|faint|p1a: Iron Treads
|-end|p1a: Iron Treads|Quark Drive|[silent]
|
|upkeep
|
|t:|1757841048
|switch|p1a: Ampharos|Ampharos, M|100/100
|turn|15
|
|t:|1757841053
|move|p2a: Corviknight|Body Press|p1a: Ampharos
|-damage|p1a: Ampharos|5/100
|move|p1a: Ampharos|Discharge|p2a: Corviknight
|-supereffective|p2a: Corviknight
|-damage|p2a: Corviknight|27/100
|
|upkeep
|turn|16
|
|t:|1757841059
|move|p2a: Corviknight|Body Press|p1a: Ampharos
|-damage|p1a: Ampharos|0 fnt
|-status|p2a: Corviknight|par|[from] ability: Static|[of] p1a: Ampharos
|faint|p1a: Ampharos
|
|upkeep
|
|t:|1757841066
|switch|p1a: Milotic|Milotic, F|75/100
|turn|17
|
|t:|1757841069
|move|p1a: Milotic|Scald|p2a: Corviknight
|-damage|p2a: Corviknight|2/100 par
|move|p2a: Corviknight|Roost|p2a: Corviknight
|-heal|p2a: Corviknight|52/100 par
|-singleturn|p2a: Corviknight|move: Roost
|
|-heal|p1a: Milotic|81/100|[from] item: Leftovers
|upkeep
|turn|18
|
|t:|1757841072
|move|p1a: Milotic|Scald|p2a: Corviknight
|-damage|p2a: Corviknight|24/100 par
|move|p2a: Corviknight|Defog|p1a: Milotic
|-unboost|p1a: Milotic|evasion|1
|-ability|p1a: Milotic|Competitive|boost
|-boost|p1a: Milotic|spa|2
|-sideend|p2: fqjx|Stealth Rock|[from] move: Defog|[of] p2a: Corviknight
|
|-heal|p1a: Milotic|87/100|[from] item: Leftovers
|upkeep
|turn|19
|
|t:|1757841076
|move|p1a: Milotic|Scald|p2a: Corviknight
|-damage|p2a: Corviknight|0 fnt
|faint|p2a: Corviknight
|
|-heal|p1a: Milotic|93/100|[from] item: Leftovers
|upkeep
|
|t:|1757841083
|switch|p2a: Dondozo|Dondozo, F, shiny|100/100
|turn|20
|
|t:|1757841087
|move|p1a: Milotic|Scald|p2a: Dondozo
|-resisted|p2a: Dondozo
|-damage|p2a: Dondozo|88/100
|move|p2a: Dondozo|Wave Crash|p1a: Milotic
|-resisted|p1a: Milotic
|-crit|p1a: Milotic
|-damage|p1a: Milotic|68/100
|-damage|p2a: Dondozo|82/100|[from] Recoil
|
|-heal|p1a: Milotic|74/100|[from] item: Leftovers
|-heal|p2a: Dondozo|88/100|[from] item: Leftovers
|upkeep
|turn|21
|
|t:|1757841091
|move|p1a: Milotic|Scald|p2a: Dondozo
|-resisted|p2a: Dondozo
|-damage|p2a: Dondozo|76/100
|move|p2a: Dondozo|Curse|p2a: Dondozo
|-unboost|p2a: Dondozo|spe|1
|-boost|p2a: Dondozo|atk|1
|-boost|p2a: Dondozo|def|1
|
|-heal|p1a: Milotic|80/100|[from] item: Leftovers
|-heal|p2a: Dondozo|82/100|[from] item: Leftovers
|upkeep
|turn|22
|
|t:|1757841101
|move|p1a: Milotic|Scald|p2a: Dondozo
|-resisted|p2a: Dondozo
|-damage|p2a: Dondozo|71/100
|move|p2a: Dondozo|Curse|p2a: Dondozo
|-unboost|p2a: Dondozo|spe|1
|-boost|p2a: Dondozo|atk|1
|-boost|p2a: Dondozo|def|1
|
|-heal|p1a: Milotic|86/100|[from] item: Leftovers
|-heal|p2a: Dondozo|77/100|[from] item: Leftovers
|upkeep
|turn|23
|
|t:|1757841108
|move|p1a: Milotic|Scald|p2a: Dondozo
|-resisted|p2a: Dondozo
|-damage|p2a: Dondozo|64/100
|-status|p2a: Dondozo|brn
|move|p2a: Dondozo|Wave Crash|p1a: Milotic
|-resisted|p1a: Milotic
|-damage|p1a: Milotic|70/100
|-damage|p2a: Dondozo|60/100 brn|[from] Recoil
|
|-heal|p1a: Milotic|76/100|[from] item: Leftovers
|-heal|p2a: Dondozo|66/100 brn|[from] item: Leftovers
|-damage|p2a: Dondozo|60/100 brn|[from] brn
|upkeep
|turn|24
|
|t:|1757841117
|switch|p1a: Vileplume|Vileplume, M|100/100
|move|p2a: Dondozo|Curse|p2a: Dondozo
|-unboost|p2a: Dondozo|spe|1
|-boost|p2a: Dondozo|atk|1
|-boost|p2a: Dondozo|def|1
|
|-heal|p2a: Dondozo|66/100 brn|[from] item: Leftovers
|-damage|p2a: Dondozo|60/100 brn|[from] brn
|upkeep
|turn|25
|
|t:|1757841123
|-terastallize|p2a: Dondozo|Steel
|move|p1a: Vileplume|Energy Ball|p2a: Dondozo
|-resisted|p2a: Dondozo
|-crit|p2a: Dondozo
|-damage|p2a: Dondozo|38/100 brn
|move|p2a: Dondozo|Earthquake|p1a: Vileplume
|-damage|p1a: Vileplume|74/100
|
|-heal|p2a: Dondozo|44/100 brn|[from] item: Leftovers
|-damage|p2a: Dondozo|38/100 brn|[from] brn
|upkeep
|turn|26
|
|t:|1757841133
|move|p1a: Vileplume|Leech Seed|p2a: Dondozo
|-start|p2a: Dondozo|move: Leech Seed
|move|p2a: Dondozo|Earthquake|p1a: Vileplume
|-damage|p1a: Vileplume|49/100
|
|-heal|p2a: Dondozo|44/100 brn|[from] item: Leftovers
|-damage|p2a: Dondozo|32/100 brn|[from] Leech Seed|[of] p1a: Vileplume
|-heal|p1a: Vileplume|66/100|[silent]
|-damage|p2a: Dondozo|25/100 brn|[from] brn
|upkeep
|turn|27
|
|t:|1757841137
|move|p1a: Vileplume|Strength Sap|p2a: Dondozo
|-unboost|p2a: Dondozo|atk|1
|-heal|p1a: Vileplume|100/100
|move|p2a: Dondozo|Rest|p2a: Dondozo
|-status|p2a: Dondozo|slp|[from] move: Rest
|-heal|p2a: Dondozo|100/100 slp|[silent]
|
|-damage|p2a: Dondozo|88/100 slp|[from] Leech Seed|[of] p1a: Vileplume
|upkeep
|turn|28
|
|t:|1757841147
|move|p1a: Vileplume|Energy Ball|p2a: Dondozo
|-resisted|p2a: Dondozo
|-damage|p2a: Dondozo|73/100 slp
|cant|p2a: Dondozo|slp
|
|-heal|p2a: Dondozo|80/100 slp|[from] item: Leftovers
|-damage|p2a: Dondozo|67/100 slp|[from] Leech Seed|[of] p1a: Vileplume
|upkeep
|turn|29
|
|t:|1757841150
|move|p1a: Vileplume|Energy Ball|p2a: Dondozo
|-resisted|p2a: Dondozo
|-damage|p2a: Dondozo|52/100 slp
|cant|p2a: Dondozo|slp
|
|-heal|p2a: Dondozo|58/100 slp|[from] item: Leftovers
|-damage|p2a: Dondozo|46/100 slp|[from] Leech Seed|[of] p1a: Vileplume
|upkeep
|turn|30
|
|t:|1757841155
|move|p1a: Vileplume|Energy Ball|p2a: Dondozo
|-resisted|p2a: Dondozo
|-crit|p2a: Dondozo
|-damage|p2a: Dondozo|23/100 slp
|-curestatus|p2a: Dondozo|slp|[msg]
|move|p2a: Dondozo|Earthquake|p1a: Vileplume
|-damage|p1a: Vileplume|57/100
|
|-heal|p2a: Dondozo|29/100|[from] item: Leftovers
|-damage|p2a: Dondozo|17/100|[from] Leech Seed|[of] p1a: Vileplume
|-heal|p1a: Vileplume|74/100|[silent]
|upkeep
|turn|31
|
|t:|1757841159
|move|p1a: Vileplume|Energy Ball|p2a: Dondozo
|-resisted|p2a: Dondozo
|-damage|p2a: Dondozo|3/100
|move|p2a: Dondozo|Rest|p2a: Dondozo
|-status|p2a: Dondozo|slp|[from] move: Rest
|-heal|p2a: Dondozo|100/100 slp|[silent]
|
|-damage|p2a: Dondozo|88/100 slp|[from] Leech Seed|[of] p1a: Vileplume
|-heal|p1a: Vileplume|91/100|[silent]
|upkeep
|turn|32
|
|t:|1757841165
|move|p1a: Vileplume|Energy Ball|p2a: Dondozo
|-resisted|p2a: Dondozo
|-damage|p2a: Dondozo|73/100 slp
|cant|p2a: Dondozo|slp
|
|-heal|p2a: Dondozo|80/100 slp|[from] item: Leftovers
|-damage|p2a: Dondozo|67/100 slp|[from] Leech Seed|[of] p1a: Vileplume
|-heal|p1a: Vileplume|100/100|[silent]
|upkeep
|turn|33
|
|t:|1757841167
|move|p1a: Vileplume|Energy Ball|p2a: Dondozo
|-resisted|p2a: Dondozo
|-damage|p2a: Dondozo|52/100 slp
|-unboost|p2a: Dondozo|spd|1
|cant|p2a: Dondozo|slp
|
|-heal|p2a: Dondozo|58/100 slp|[from] item: Leftovers
|-damage|p2a: Dondozo|45/100 slp|[from] Leech Seed|[of] p1a: Vileplume
|upkeep
|turn|34
|
|t:|1757841169
|move|p1a: Vileplume|Energy Ball|p2a: Dondozo
|-resisted|p2a: Dondozo
|-damage|p2a: Dondozo|26/100 slp
|-curestatus|p2a: Dondozo|slp|[msg]
|move|p2a: Dondozo|Curse|p2a: Dondozo
|-unboost|p2a: Dondozo|spe|1
|-boost|p2a: Dondozo|atk|1
|-boost|p2a: Dondozo|def|1
|
|-heal|p2a: Dondozo|32/100|[from] item: Leftovers
|-damage|p2a: Dondozo|19/100|[from] Leech Seed|[of] p1a: Vileplume
|upkeep
|turn|35
|
|t:|1757841173
|move|p1a: Vileplume|Energy Ball|p2a: Dondozo
|-resisted|p2a: Dondozo
|-damage|p2a: Dondozo|0 fnt
|faint|p2a: Dondozo
|
|upkeep
|
|t:|1757841178
|switch|p2a: Incineroar|Incineroar, M, shiny|94/100
|-ability|p2a: Incineroar|Intimidate|boost
|-unboost|p1a: Vileplume|atk|1
|turn|36
|
|t:|1757841182
|switch|p1a: Milotic|Milotic, F|76/100
|move|p2a: Incineroar|Fake Out|p1a: Milotic
|-damage|p1a: Milotic|68/100
|
|-heal|p1a: Milotic|74/100|[from] item: Leftovers
|upkeep
|turn|37
|
|t:|1757841201
|switch|p2a: Clodsire|Clodsire, M|100/100
|move|p1a: Milotic|Scald|p2a: Clodsire
|-supereffective|p2a: Clodsire
|-damage|p2a: Clodsire|62/100
|
|-heal|p1a: Milotic|80/100|[from] item: Leftovers
|-heal|p2a: Clodsire|68/100|[from] item: Black Sludge
|upkeep
|turn|38
|
|t:|1757841213
|move|p1a: Milotic|Scald|p2a: Clodsire
|-supereffective|p2a: Clodsire
|-damage|p2a: Clodsire|28/100
|-status|p2a: Clodsire|brn
|move|p2a: Clodsire|Toxic|p1a: Milotic
|-status|p1a: Milotic|tox
|
|-heal|p1a: Milotic|86/100 tox|[from] item: Leftovers
|-heal|p2a: Clodsire|35/100 brn|[from] item: Black Sludge
|-damage|p1a: Milotic|80/100 tox|[from] psn
|-damage|p2a: Clodsire|28/100 brn|[from] brn
|upkeep
|turn|39
|-message|fqjx forfeited.
|
|win|kaneliii
|raw|kaneliii's rating: 1115 &rarr; <strong>1138</strong><br />(+23 for winning)
|raw|fqjx's rating: 1091 &rarr; <strong>1069</strong><br />(-22 for losing)
|l|☆fqjx
|player|p2|
|l|☆kaneliii
|player|p1|
