|j|☆Alastor_D
|j|☆swimsuitmodel
|t:|1757909625
|gametype|singles
|player|p1|Alastor_D|alder|1429
|player|p2|swimsuitmodel|tuberf|1473
|gen|9
|tier|[Gen 9] OU
|rated|
|rule|HP Percentage Mod: HP is shown in percentages
|rule|Endless Battle Clause: Forcing endless battles is banned
|rule|Species Clause: Limit one of each Pokémon
|rule|OHKO Clause: OHKO moves are banned
|rule|Evasion Items Clause: Evasion items are banned
|rule|Evasion Moves Clause: Evasion moves are banned
|rule|Evasion Abilities Clause: Evasion abilities are banned
|rule|Sleep Moves Clause: Sleep-inducing moves are banned
|clearpoke
|poke|p1|Ogerpon, F|
|poke|p1|Rillaboom, M|
|poke|p1|Great Tusk|
|poke|p1|Gholdengo|
|poke|p1|Moltres|
|poke|p1|Samurott-Hisui, M|
|poke|p2|Blissey, F|
|poke|p2|Corviknight, F|
|poke|p2|Alomomola, F|
|poke|p2|Cyclizar, M|
|poke|p2|Dondozo, F|
|poke|p2|Gliscor, F|
|teampreview
|inactive|Battle timer is ON: inactive players will automatically lose when time's up. (requested by Alastor_D)
|inactive|swimsuitmodel has 120 seconds left.
|
|t:|1757909680
|teamsize|p1|6
|teamsize|p2|6
|start
|switch|p1a: Samurott|Samurott-Hisui, M|100/100
|switch|p2a: Gliscor|Gliscor, F|100/100
|turn|1
|
|t:|1757909690
|move|p2a: Gliscor|Protect|p2a: Gliscor
|-singleturn|p2a: Gliscor|Protect
|move|p1a: Samurott|Ceaseless Edge|p2a: Gliscor
|-activate|p2a: Gliscor|move: Protect
|
|-status|p2a: Gliscor|tox|[from] item: Toxic Orb
|upkeep
|turn|2
|
|t:|1757909700
|move|p2a: Gliscor|Toxic|p1a: Samurott
|-status|p1a: Samurott|tox
|move|p1a: Samurott|Ceaseless Edge|p2a: Gliscor
|-damage|p2a: Gliscor|75/100 tox
|-sidestart|p2: swimsuitmodel|Spikes
|
|-heal|p2a: Gliscor|88/100 tox|[from] ability: Poison Heal
|-damage|p1a: Samurott|94/100 tox|[from] psn
|upkeep
|turn|3
|
|t:|1757909710
|move|p2a: Gliscor|Protect|p2a: Gliscor
|-singleturn|p2a: Gliscor|Protect
|move|p1a: Samurott|Ceaseless Edge|p2a: Gliscor
|-activate|p2a: Gliscor|move: Protect
|
|-heal|p2a: Gliscor|100/100 tox|[from] ability: Poison Heal
|-damage|p1a: Samurott|82/100 tox|[from] psn
|upkeep
|turn|4
|
|t:|1757909721
|switch|p1a: Gholdengo|Gholdengo|100/100
|-item|p1a: Gholdengo|Air Balloon
|move|p2a: Gliscor|Spikes|p1a: Gholdengo
|-sidestart|p1: Alastor_D|Spikes
|
|upkeep
|turn|5
|
|t:|1757909734
|switch|p2a: Blissey|Blissey, F|100/100
|move|p1a: Gholdengo|Nasty Plot|p1a: Gholdengo
|-boost|p1a: Gholdengo|spa|2
|
|upkeep
|turn|6
|
|t:|1757909744
|switch|p1a: Samurott|Samurott-Hisui, M|82/100 tox
|-damage|p1a: Samurott|70/100 tox|[from] Spikes
|move|p2a: Blissey|Calm Mind|p2a: Blissey
|-boost|p2a: Blissey|spa|1
|-boost|p2a: Blissey|spd|1
|
|-damage|p1a: Samurott|64/100 tox|[from] psn
|upkeep
|turn|7
|
|t:|1757909759
|switch|p2a: Alomomola|Alomomola, F|100/100
|-damage|p2a: Alomomola|88/100|[from] Spikes
|move|p1a: Samurott|Sacred Sword|p2a: Alomomola
|-damage|p2a: Alomomola|68/100
|-damage|p1a: Samurott|48/100 tox|[from] item: Rocky Helmet|[of] p2a: Alomomola
|
|-damage|p1a: Samurott|36/100 tox|[from] psn
|upkeep
|turn|8
|
|t:|1757909775
|move|p1a: Samurott|Ceaseless Edge|p2a: Alomomola
|-damage|p2a: Alomomola|48/100
|-damage|p1a: Samurott|19/100 tox|[from] item: Rocky Helmet|[of] p2a: Alomomola
|-sidestart|p2: swimsuitmodel|Spikes
|move|p2a: Alomomola|Wish|p2a: Alomomola
|
|-damage|p1a: Samurott|1/100 tox|[from] psn
|upkeep
|turn|9
|
|t:|1757909793
|move|p1a: Samurott|Ceaseless Edge|p2a: Alomomola
|-damage|p2a: Alomomola|26/100
|-damage|p1a: Samurott|0 fnt|[from] item: Rocky Helmet|[of] p2a: Alomomola
|faint|p1a: Samurott
|move|p2a: Alomomola|Scald|p1: Samurott|[notarget]
|-fail|p2a: Alomomola
|
|-heal|p2a: Alomomola|76/100|[from] move: Wish|[wisher] Alomomola
|upkeep
|inactive|Alastor_D has 120 seconds left.
|
|t:|1757909815
|switch|p1a: Great Tusk|Great Tusk|100/100
|turn|10
|
|t:|1757909824
|switch|p2a: Corviknight|Corviknight, F|100/100
|-ability|p2a: Corviknight|Pressure
|move|p1a: Great Tusk|Stealth Rock|p2a: Corviknight
|-sidestart|p2: swimsuitmodel|move: Stealth Rock
|
|upkeep
|turn|11
|
|t:|1757909834
|-end|p1a: Great Tusk|Protosynthesis|[silent]
|switch|p1a: Gholdengo|Gholdengo|100/100
|-item|p1a: Gholdengo|Air Balloon
|move|p2a: Corviknight|Iron Head|p1a: Gholdengo
|-resisted|p1a: Gholdengo
|-crit|p1a: Gholdengo
|-damage|p1a: Gholdengo|81/100
|-enditem|p1a: Gholdengo|Air Balloon
|
|upkeep
|turn|12
|
|t:|1757909846
|switch|p2a: Blissey|Blissey, F|100/100
|move|p1a: Gholdengo|Nasty Plot|p1a: Gholdengo
|-boost|p1a: Gholdengo|spa|2
|
|upkeep
|turn|13
|
|t:|1757909859
|switch|p1a: Ogerpon|Ogerpon, F|100/100
|-damage|p1a: Ogerpon|88/100|[from] Spikes
|move|p2a: Blissey|Calm Mind|p2a: Blissey
|-boost|p2a: Blissey|spa|1
|-boost|p2a: Blissey|spd|1
|
|upkeep
|turn|14
|
|t:|1757909867
|switch|p2a: Corviknight|Corviknight, F|100/100
|-damage|p2a: Corviknight|88/100|[from] Stealth Rock
|-ability|p2a: Corviknight|Pressure
|-terastallize|p1a: Ogerpon|Grass
|detailschange|p1a: Ogerpon|Ogerpon-Teal-Tera, F, tera:Grass
|-ability|p1a: Ogerpon|Embody Aspect (Teal)|boost
|-boost|p1a: Ogerpon|spe|1
|move|p1a: Ogerpon|Ivy Cudgel|p2a: Corviknight
|-resisted|p2a: Corviknight
|-damage|p2a: Corviknight|68/100
|
|-heal|p2a: Corviknight|74/100|[from] item: Leftovers
|upkeep
|turn|15
|
|t:|1757909883
|switch|p1a: Gholdengo|Gholdengo|81/100
|-damage|p1a: Gholdengo|69/100|[from] Spikes
|move|p2a: Corviknight|Defog|p1a: Gholdengo
|-immune|p1a: Gholdengo|[from] ability: Good as Gold
|
|-heal|p2a: Corviknight|81/100|[from] item: Leftovers
|upkeep
|turn|16
|
|t:|1757909892
|switch|p2a: Blissey|Blissey, F|100/100
|move|p1a: Gholdengo|Recover|p1a: Gholdengo
|-heal|p1a: Gholdengo|100/100
|
|upkeep
|turn|17
|
|t:|1757909904
|switch|p1a: Rillaboom|Rillaboom, M|100/100
|-damage|p1a: Rillaboom|88/100|[from] Spikes
|-fieldstart|move: Grassy Terrain|[from] ability: Grassy Surge|[of] p1a: Rillaboom
|move|p2a: Blissey|Flamethrower|p1a: Rillaboom
|-supereffective|p1a: Rillaboom
|-damage|p1a: Rillaboom|49/100
|
|-heal|p1a: Rillaboom|55/100|[from] Grassy Terrain
|upkeep
|turn|18
|
|t:|1757909917
|switch|p2a: Corviknight|Corviknight, F|81/100
|-damage|p2a: Corviknight|68/100|[from] Stealth Rock
|-ability|p2a: Corviknight|Pressure
|move|p1a: Rillaboom|Swords Dance|p1a: Rillaboom
|-boost|p1a: Rillaboom|atk|2
|
|-heal|p1a: Rillaboom|61/100|[from] Grassy Terrain
|-heal|p2a: Corviknight|74/100|[from] item: Leftovers
|upkeep
|turn|19
|
|t:|1757909933
|switch|p1a: Gholdengo|Gholdengo|100/100
|-damage|p1a: Gholdengo|88/100|[from] Spikes
|switch|p2a: Dondozo|Dondozo, F|100/100
|
|-heal|p1a: Gholdengo|94/100|[from] Grassy Terrain
|upkeep
|turn|20
|
|t:|1757909949
|switch|p2a: Blissey|Blissey, F|100/100
|move|p1a: Gholdengo|Shadow Ball|p2a: Blissey
|-immune|p2a: Blissey
|
|-heal|p1a: Gholdengo|99/100|[from] Grassy Terrain
|upkeep
|turn|21
|inactive|Alastor_D has 120 seconds left.
|
|t:|1757909976
|switch|p1a: Moltres|Moltres|100/100
|move|p2a: Blissey|Flamethrower|p1a: Moltres
|-resisted|p1a: Moltres
|-crit|p1a: Moltres
|-damage|p1a: Moltres|88/100
|
|upkeep
|turn|22
|
|t:|1757909994
|move|p1a: Moltres|Will-O-Wisp|p2a: Blissey
|-status|p2a: Blissey|brn
|move|p2a: Blissey|Calm Mind|p2a: Blissey
|-boost|p2a: Blissey|spa|1
|-boost|p2a: Blissey|spd|1
|
|-damage|p2a: Blissey|94/100 brn|[from] brn
|upkeep
|turn|23
|inactive|Alastor_D has 120 seconds left.
|
|t:|1757910015
|switch|p1a: Great Tusk|Great Tusk|100/100
|move|p2a: Blissey|Flamethrower|p1a: Great Tusk
|-damage|p1a: Great Tusk|60/100
|
|-heal|p1a: Great Tusk|67/100|[from] Grassy Terrain
|-heal|p2a: Blissey|100/100 brn|[from] Grassy Terrain
|-damage|p2a: Blissey|94/100 brn|[from] brn
|upkeep
|turn|24
|inactive|Alastor_D has 120 seconds left.
|
|t:|1757910033
|-curestatus|p2a: Blissey|brn|[from] ability: Natural Cure
|switch|p2a: Corviknight|Corviknight, F|74/100
|-damage|p2a: Corviknight|62/100|[from] Stealth Rock
|-ability|p2a: Corviknight|Pressure
|move|p1a: Great Tusk|Headlong Rush|p2a: Corviknight
|-immune|p2a: Corviknight
|
|-heal|p1a: Great Tusk|73/100|[from] Grassy Terrain
|-heal|p2a: Corviknight|68/100|[from] item: Leftovers
|-fieldend|move: Grassy Terrain
|upkeep
|turn|25
|inactive|Alastor_D has 120 seconds left.
|
|t:|1757910047
|-end|p1a: Great Tusk|Protosynthesis|[silent]
|switch|p1a: Gholdengo|Gholdengo|99/100
|-damage|p1a: Gholdengo|88/100|[from] Spikes
|move|p2a: Corviknight|Roost|p2a: Corviknight
|-heal|p2a: Corviknight|100/100
|-singleturn|p2a: Corviknight|move: Roost
|
|upkeep
|turn|26
|inactive|Alastor_D has 120 seconds left.
|
|t:|1757910056
|move|p1a: Gholdengo|Nasty Plot|p1a: Gholdengo
|-boost|p1a: Gholdengo|spa|2
|move|p2a: Corviknight|Defog|p1a: Gholdengo
|-immune|p1a: Gholdengo|[from] ability: Good as Gold
|
|upkeep
|turn|27
|inactive|Alastor_D has 120 seconds left.
|
|t:|1757910067
|switch|p2a: Blissey|Blissey, F|94/100
|move|p1a: Gholdengo|Nasty Plot|p1a: Gholdengo
|-boost|p1a: Gholdengo|spa|2
|
|upkeep
|turn|28
|
|t:|1757910074
|move|p1a: Gholdengo|Make It Rain|p2a: Blissey
|-damage|p2a: Blissey|35/100
|-unboost|p1a: Gholdengo|spa|1
|move|p2a: Blissey|Calm Mind|p2a: Blissey
|-boost|p2a: Blissey|spa|1
|-boost|p2a: Blissey|spd|1
|
|upkeep
|turn|29
|
|t:|1757910082
|move|p1a: Gholdengo|Make It Rain|p2a: Blissey
|-damage|p2a: Blissey|4/100
|-unboost|p1a: Gholdengo|spa|1
|move|p2a: Blissey|Soft-Boiled|p2a: Blissey
|-heal|p2a: Blissey|54/100
|
|upkeep
|turn|30
|
|t:|1757910091
|move|p1a: Gholdengo|Nasty Plot|p1a: Gholdengo
|-boost|p1a: Gholdengo|spa|2
|move|p2a: Blissey|Soft-Boiled|p2a: Blissey
|-heal|p2a: Blissey|100/100
|
|upkeep
|turn|31
|
|t:|1757910098
|move|p1a: Gholdengo|Nasty Plot|p1a: Gholdengo
|-boost|p1a: Gholdengo|spa|2
|move|p2a: Blissey|Flamethrower|p1a: Gholdengo
|-supereffective|p1a: Gholdengo
|-damage|p1a: Gholdengo|35/100
|
|upkeep
|turn|32
|
|t:|1757910119
|switch|p1a: Great Tusk|Great Tusk|73/100
|move|p2a: Blissey|Flamethrower|p1a: Great Tusk
|-damage|p1a: Great Tusk|35/100
|
|upkeep
|turn|33
|
|t:|1757910128
|switch|p2a: Corviknight|Corviknight, F|100/100
|-damage|p2a: Corviknight|88/100|[from] Stealth Rock
|-ability|p2a: Corviknight|Pressure
|move|p1a: Great Tusk|Rapid Spin|p2a: Corviknight
|-resisted|p2a: Corviknight
|-damage|p2a: Corviknight|81/100
|-boost|p1a: Great Tusk|spe|1
|-sideend|p1: Alastor_D|Spikes|[from] move: Rapid Spin|[of] p1a: Great Tusk
|
|-heal|p2a: Corviknight|87/100|[from] item: Leftovers
|upkeep
|turn|34
|
|t:|1757910144
|-end|p1a: Great Tusk|Protosynthesis|[silent]
|switch|p1a: Gholdengo|Gholdengo|35/100
|move|p2a: Corviknight|Iron Head|p1a: Gholdengo
|-resisted|p1a: Gholdengo
|-damage|p1a: Gholdengo|20/100
|
|-heal|p2a: Corviknight|93/100|[from] item: Leftovers
|upkeep
|turn|35
|
|t:|1757910155
|switch|p2a: Blissey|Blissey, F|100/100
|move|p1a: Gholdengo|Recover|p1a: Gholdengo
|-heal|p1a: Gholdengo|70/100
|
|upkeep
|turn|36
|
|t:|1757910162
|move|p1a: Gholdengo|Recover|p1a: Gholdengo
|-heal|p1a: Gholdengo|100/100
|move|p2a: Blissey|Calm Mind|p2a: Blissey
|-boost|p2a: Blissey|spa|1
|-boost|p2a: Blissey|spd|1
|
|upkeep
|turn|37
|inactive|Alastor_D has 120 seconds left.
|
|t:|1757910202
|move|p1a: Gholdengo|Make It Rain|p2a: Blissey
|-damage|p2a: Blissey|87/100
|-unboost|p1a: Gholdengo|spa|1
|move|p2a: Blissey|Flamethrower|p1a: Gholdengo
|-supereffective|p1a: Gholdengo
|-damage|p1a: Gholdengo|41/100
|
|upkeep
|turn|38
|inactive|Alastor_D has 120 seconds left.
|
|t:|1757910212
|switch|p1a: Moltres|Moltres|88/100
|move|p2a: Blissey|Flamethrower|p1a: Moltres
|-resisted|p1a: Moltres
|-damage|p1a: Moltres|75/100
|
|upkeep
|turn|39
|
|t:|1757910221
|move|p1a: Moltres|Will-O-Wisp|p2a: Blissey|[miss]
|-miss|p1a: Moltres|p2a: Blissey
|move|p2a: Blissey|Seismic Toss|p1a: Moltres
|-damage|p1a: Moltres|49/100
|
|upkeep
|turn|40
|
|t:|1757910228
|move|p1a: Moltres|Will-O-Wisp|p2a: Blissey|[miss]
|-miss|p1a: Moltres|p2a: Blissey
|move|p2a: Blissey|Calm Mind|p2a: Blissey
|-boost|p2a: Blissey|spa|1
|-boost|p2a: Blissey|spd|1
|
|upkeep
|turn|41
|
|t:|1757910234
|move|p1a: Moltres|Will-O-Wisp|p2a: Blissey
|-status|p2a: Blissey|brn
|move|p2a: Blissey|Calm Mind|p2a: Blissey
|-boost|p2a: Blissey|spa|1
|-boost|p2a: Blissey|spd|1
|
|-damage|p2a: Blissey|81/100 brn|[from] brn
|upkeep
|turn|42
|
|t:|1757910243
|-curestatus|p2a: Blissey|brn|[from] ability: Natural Cure
|switch|p2a: Gliscor|Gliscor, F|100/100 tox
|-damage|p2a: Gliscor|88/100 tox|[from] Stealth Rock
|move|p1a: Moltres|Roost|p1a: Moltres
|-heal|p1a: Moltres|99/100
|-singleturn|p1a: Moltres|move: Roost
|
|-heal|p2a: Gliscor|100/100 tox|[from] ability: Poison Heal
|upkeep
|turn|43
|
|t:|1757910255
|switch|p1a: Rillaboom|Rillaboom, M|61/100
|-fieldstart|move: Grassy Terrain|[from] ability: Grassy Surge|[of] p1a: Rillaboom
|move|p2a: Gliscor|Toxic|p1a: Rillaboom
|-status|p1a: Rillaboom|tox
|
|-heal|p1a: Rillaboom|67/100 tox|[from] Grassy Terrain
|-damage|p1a: Rillaboom|61/100 tox|[from] psn
|upkeep
|turn|44
|
|t:|1757910266
|move|p1a: Rillaboom|Knock Off|p2a: Gliscor
|-damage|p2a: Gliscor|79/100 tox
|-enditem|p2a: Gliscor|Toxic Orb|[from] move: Knock Off|[of] p1a: Rillaboom
|move|p2a: Gliscor|Knock Off|p1a: Rillaboom
|-damage|p1a: Rillaboom|40/100 tox
|-enditem|p1a: Rillaboom|Terrain Extender|[from] move: Knock Off|[of] p2a: Gliscor
|
|-heal|p1a: Rillaboom|46/100 tox|[from] Grassy Terrain
|-damage|p1a: Rillaboom|34/100 tox|[from] psn
|-heal|p2a: Gliscor|91/100 tox|[from] ability: Poison Heal
|upkeep
|turn|45
|
|t:|1757910285
|move|p1a: Rillaboom|Grassy Glide|p2a: Gliscor
|-damage|p2a: Gliscor|69/100 tox
|move|p2a: Gliscor|Spikes|p1a: Rillaboom
|-sidestart|p1: Alastor_D|Spikes
|
|-heal|p1a: Rillaboom|40/100 tox|[from] Grassy Terrain
|-damage|p1a: Rillaboom|22/100 tox|[from] psn
|-heal|p2a: Gliscor|81/100 tox|[from] ability: Poison Heal
|upkeep
|turn|46
|
|t:|1757910296
|switch|p1a: Great Tusk|Great Tusk|35/100
|move|p2a: Gliscor|Spikes|p1a: Great Tusk
|-sidestart|p1: Alastor_D|Spikes
|
|-heal|p1a: Great Tusk|41/100|[from] Grassy Terrain
|-heal|p2a: Gliscor|94/100 tox|[from] ability: Poison Heal
|upkeep
|turn|47
|
|t:|1757910308
|move|p1a: Great Tusk|Ice Spinner|p2a: Gliscor
|-supereffective|p2a: Gliscor
|-damage|p2a: Gliscor|29/100 tox
|-fieldend|move: Grassy Terrain
|move|p2a: Gliscor|Toxic|p1a: Great Tusk
|-status|p1a: Great Tusk|tox
|
|-damage|p1a: Great Tusk|35/100 tox|[from] psn
|-heal|p2a: Gliscor|42/100 tox|[from] ability: Poison Heal
|upkeep
|turn|48
|
|t:|1757910321
|-end|p1a: Great Tusk|Protosynthesis|[silent]
|switch|p1a: Ogerpon|Ogerpon-Teal-Tera, F, tera:Grass|88/100
|-damage|p1a: Ogerpon|72/100|[from] Spikes
|-ability|p1a: Ogerpon|Embody Aspect (Teal)|boost
|-boost|p1a: Ogerpon|spe|1
|move|p2a: Gliscor|Protect||[still]
|-fail|p2a: Gliscor
|
|-heal|p2a: Gliscor|54/100 tox|[from] ability: Poison Heal
|upkeep
|turn|49
|inactive|swimsuitmodel has 120 seconds left.
|
|t:|1757910353
|switch|p2a: Corviknight|Corviknight, F|93/100
|-damage|p2a: Corviknight|81/100|[from] Stealth Rock
|-ability|p2a: Corviknight|Pressure
|move|p1a: Ogerpon|Rock Tomb|p2a: Corviknight
|-damage|p2a: Corviknight|57/100
|-unboost|p2a: Corviknight|spe|1
|
|-heal|p2a: Corviknight|63/100|[from] item: Leftovers
|upkeep
|turn|50
|inactive|swimsuitmodel has 120 seconds left.
|
|t:|1757910372
|switch|p1a: Gholdengo|Gholdengo|41/100
|-damage|p1a: Gholdengo|24/100|[from] Spikes
|move|p2a: Corviknight|Roost|p2a: Corviknight
|-heal|p2a: Corviknight|100/100
|-singleturn|p2a: Corviknight|move: Roost
|
|upkeep
|turn|51
|inactive|swimsuitmodel has 120 seconds left.
|
|t:|1757910381
|switch|p2a: Gliscor|Gliscor, F|54/100 tox
|-damage|p2a: Gliscor|42/100 tox|[from] Stealth Rock
|move|p1a: Gholdengo|Recover|p1a: Gholdengo
|-heal|p1a: Gholdengo|74/100
|
|-heal|p2a: Gliscor|54/100 tox|[from] ability: Poison Heal
|upkeep
|turn|52
|inactive|swimsuitmodel has 120 seconds left.
|
|t:|1757910399
|move|p2a: Gliscor|Protect|p2a: Gliscor
|-singleturn|p2a: Gliscor|Protect
|move|p1a: Gholdengo|Make It Rain|p2a: Gliscor
|-activate|p2a: Gliscor|move: Protect
|
|-heal|p2a: Gliscor|67/100 tox|[from] ability: Poison Heal
|upkeep
|turn|53
|
|t:|1757910409
|switch|p2a: Blissey|Blissey, F|81/100
|move|p1a: Gholdengo|Recover|p1a: Gholdengo
|-heal|p1a: Gholdengo|100/100
|
|upkeep
|turn|54
|
|t:|1757910426
|switch|p1a: Ogerpon|Ogerpon-Teal-Tera, F, tera:Grass|72/100
|-damage|p1a: Ogerpon|55/100|[from] Spikes
|-ability|p1a: Ogerpon|Embody Aspect (Teal)|boost
|-boost|p1a: Ogerpon|spe|1
|move|p2a: Blissey|Calm Mind|p2a: Blissey
|-boost|p2a: Blissey|spa|1
|-boost|p2a: Blissey|spd|1
|
|upkeep
|turn|55
|
|t:|1757910435
|switch|p2a: Corviknight|Corviknight, F|100/100
|-damage|p2a: Corviknight|88/100|[from] Stealth Rock
|-ability|p2a: Corviknight|Pressure
|move|p1a: Ogerpon|Ivy Cudgel|p2a: Corviknight
|-resisted|p2a: Corviknight
|-damage|p2a: Corviknight|66/100
|
|-heal|p2a: Corviknight|72/100|[from] item: Leftovers
|upkeep
|turn|56
|
|t:|1757910451
|switch|p1a: Gholdengo|Gholdengo|100/100
|-damage|p1a: Gholdengo|84/100|[from] Spikes
|move|p2a: Corviknight|Iron Head|p1a: Gholdengo
|-resisted|p1a: Gholdengo
|-damage|p1a: Gholdengo|70/100
|
|-heal|p2a: Corviknight|79/100|[from] item: Leftovers
|upkeep
|turn|57
|
|t:|1757910462
|switch|p2a: Blissey|Blissey, F|81/100
|move|p1a: Gholdengo|Nasty Plot|p1a: Gholdengo
|-boost|p1a: Gholdengo|spa|2
|
|upkeep
|turn|58
|
|t:|1757910469
|move|p1a: Gholdengo|Make It Rain|p2a: Blissey
|-damage|p2a: Blissey|44/100
|-unboost|p1a: Gholdengo|spa|1
|move|p2a: Blissey|Calm Mind|p2a: Blissey
|-boost|p2a: Blissey|spa|1
|-boost|p2a: Blissey|spd|1
|
|upkeep
|turn|59
|
|t:|1757910481
|switch|p1a: Rillaboom|Rillaboom, M|22/100 tox
|-damage|p1a: Rillaboom|5/100 tox|[from] Spikes
|-fieldstart|move: Grassy Terrain|[from] ability: Grassy Surge|[of] p1a: Rillaboom
|move|p2a: Blissey|Soft-Boiled|p2a: Blissey
|-heal|p2a: Blissey|94/100
|
|-heal|p1a: Rillaboom|11/100 tox|[from] Grassy Terrain
|-heal|p2a: Blissey|99/100|[from] Grassy Terrain
|-damage|p1a: Rillaboom|5/100 tox|[from] psn
|upkeep
|turn|60
|
|t:|1757910495
|switch|p2a: Gliscor|Gliscor, F|67/100 tox
|-damage|p2a: Gliscor|54/100 tox|[from] Stealth Rock
|move|p1a: Rillaboom|Knock Off|p2a: Gliscor
|-damage|p2a: Gliscor|40/100 tox
|
|-heal|p1a: Rillaboom|11/100 tox|[from] Grassy Terrain
|-damage|p1a: Rillaboom|0 fnt|[from] psn
|faint|p1a: Rillaboom
|-heal|p2a: Gliscor|52/100 tox|[from] ability: Poison Heal
|upkeep
|
|t:|1757910510
|switch|p1a: Great Tusk|Great Tusk|35/100 tox
|turn|61
|
|t:|1757910519
|move|p2a: Gliscor|Protect|p2a: Gliscor
|-singleturn|p2a: Gliscor|Protect
|move|p1a: Great Tusk|Rapid Spin|p2a: Gliscor
|-activate|p2a: Gliscor|move: Protect
|
|-heal|p1a: Great Tusk|41/100 tox|[from] Grassy Terrain
|-damage|p1a: Great Tusk|35/100 tox|[from] psn
|-heal|p2a: Gliscor|65/100 tox|[from] ability: Poison Heal
|upkeep
|turn|62
|
|t:|1757910529
|switch|p2a: Alomomola|Alomomola, F|100/100
|-damage|p2a: Alomomola|84/100|[from] Spikes
|-damage|p2a: Alomomola|71/100|[from] Stealth Rock
|move|p1a: Great Tusk|Ice Spinner|p2a: Alomomola
|-resisted|p2a: Alomomola
|-damage|p2a: Alomomola|65/100
|-damage|p1a: Great Tusk|18/100 tox|[from] item: Rocky Helmet|[of] p2a: Alomomola
|-fieldend|move: Grassy Terrain
|
|-damage|p1a: Great Tusk|6/100 tox|[from] psn
|upkeep
|turn|63
|
|t:|1757910543
|move|p1a: Great Tusk|Rapid Spin|p2a: Alomomola
|-damage|p2a: Alomomola|54/100
|-boost|p1a: Great Tusk|spe|1
|-damage|p1a: Great Tusk|0 fnt|[from] item: Rocky Helmet|[of] p2a: Alomomola
|faint|p1a: Great Tusk
|-end|p1a: Great Tusk|Protosynthesis|[silent]
|move|p2a: Alomomola|Wish|p2a: Alomomola
|
|upkeep
|c|☆swimsuitmodel|gg
|-message|Alastor_D forfeited.
|
|win|swimsuitmodel
|raw|Alastor_D's rating: 1429 &rarr; <strong>1412</strong><br />(-17 for losing)
|raw|swimsuitmodel's rating: 1473 &rarr; <strong>1490</strong><br />(+17 for winning)
|l|☆Alastor_D
|player|p1|
|l|☆swimsuitmodel
|player|p2|
