|j|☆ercival
|j|☆Vergasaurio MX
|t:|1757919147
|gametype|singles
|player|p1|ercival|hilbert-wonderlauncher|1157
|player|p2|Vergasaurio MX|169|1092
|gen|9
|tier|[Gen 9] OU
|rated|
|rule|HP Percentage Mod: HP is shown in percentages
|rule|Endless Battle Clause: Forcing endless battles is banned
|rule|Species Clause: Limit one of each Pokémon
|rule|OHKO Clause: OHKO moves are banned
|rule|Evasion Items Clause: Evasion items are banned
|rule|Evasion Moves Clause: Evasion moves are banned
|rule|Evasion Abilities Clause: Evasion abilities are banned
|rule|Sleep Moves Clause: Sleep-inducing moves are banned
|clearpoke
|poke|p1|Cinderace, M|
|poke|p1|Meowscarada, F|
|poke|p1|Zamazenta-*|
|poke|p1|Vaporeon, F|
|poke|p1|Ursaluna, M|
|poke|p1|Dragapult, F|
|poke|p2|Hawlucha, M|
|poke|p2|Mudsdale, M|
|poke|p2|Mimikyu, F|
|poke|p2|Arcanine-Hisui, F|
|poke|p2|Leavanny, F|
|poke|p2|Dragalge, M|
|teampreview
|
|t:|1757919159
|teamsize|p1|6
|teamsize|p2|6
|start
|switch|p1a: Egoist|Cinderace, M|100/100
|switch|p2a: Leavanny|Leavanny, F|100/100
|turn|1
|
|t:|1757919166
|switch|p2a: Mudsdale|Mudsdale, M|100/100
|move|p1a: Egoist|Pyro Ball|p2a: Mudsdale
|-damage|p2a: Mudsdale|49/100
|-ability|p2a: Mudsdale|Stamina|boost
|-boost|p2a: Mudsdale|def|1
|
|upkeep
|turn|2
|
|t:|1757919176
|move|p1a: Egoist|High Jump Kick|p2a: Mudsdale
|-start|p1a: Egoist|typechange|Fighting|[from] ability: Libero
|-damage|p2a: Mudsdale|8/100
|-ability|p2a: Mudsdale|Stamina|boost
|-boost|p2a: Mudsdale|def|1
|move|p2a: Mudsdale|Earthquake|p1a: Egoist
|-damage|p1a: Egoist|14/100
|
|upkeep
|turn|3
|
|t:|1757919186
|switch|p2a: Mimikyu|Mimikyu, F, shiny|100/100
|move|p1a: Egoist|Pyro Ball|p2a: Mimikyu
|-activate|p2a: Mimikyu|ability: Disguise
|-damage|p2a: Mimikyu|100/100
|detailschange|p2a: Mimikyu|Mimikyu-Busted, F, shiny
|-damage|p2a: Mimikyu|88/100|[from] pokemon: Mimikyu-Busted
|
|upkeep
|turn|4
|
|t:|1757919195
|move|p2a: Mimikyu|Shadow Sneak|p1a: Egoist
|-damage|p1a: Egoist|0 fnt
|faint|p1a: Egoist
|-damage|p2a: Mimikyu|78/100|[from] item: Life Orb
|
|upkeep
|
|t:|1757919199
|switch|p1a: GoodBoy|Zamazenta|100/100
|-ability|p1a: GoodBoy|Dauntless Shield|boost
|-boost|p1a: GoodBoy|def|1
|turn|5
|
|t:|1757919207
|-terastallize|p1a: GoodBoy|Steel
|move|p1a: GoodBoy|Iron Head|p2a: Mimikyu
|-supereffective|p2a: Mimikyu
|-damage|p2a: Mimikyu|0 fnt
|faint|p2a: Mimikyu
|
|upkeep
|
|t:|1757919215
|switch|p2a: Arcanine|Arcanine-Hisui, F|100/100
|-ability|p2a: Arcanine|Intimidate|boost
|-unboost|p1a: GoodBoy|atk|1
|turn|6
|
|t:|1757919220
|move|p1a: GoodBoy|Body Press|p2a: Arcanine
|-supereffective|p2a: Arcanine
|-damage|p2a: Arcanine|0 fnt
|faint|p2a: Arcanine
|
|upkeep
|
|t:|1757919236
|switch|p2a: Dragalge|Dragalge, M|100/100
|turn|7
|
|t:|1757919245
|-terastallize|p2a: Dragalge|Water
|move|p1a: GoodBoy|Body Press|p2a: Dragalge
|-damage|p2a: Dragalge|42/100
|move|p2a: Dragalge|Draco Meteor|p1a: GoodBoy
|-resisted|p1a: GoodBoy
|-damage|p1a: GoodBoy|78/100
|-unboost|p2a: Dragalge|spa|2
|
|-heal|p1a: GoodBoy|84/100|[from] item: Leftovers
|upkeep
|turn|8
|-activate|p2a: Dragalge|item: Quick Claw
|
|t:|1757919257
|move|p2a: Dragalge|Surf|p1a: GoodBoy
|-damage|p1a: GoodBoy|61/100
|move|p1a: GoodBoy|Body Press|p2a: Dragalge
|-damage|p2a: Dragalge|0 fnt
|faint|p2a: Dragalge
|
|-heal|p1a: GoodBoy|67/100|[from] item: Leftovers
|upkeep
|
|t:|1757919268
|switch|p2a: Hawlucha|Hawlucha, M|100/100
|turn|9
|
|t:|1757919271
|move|p1a: GoodBoy|Body Press|p2a: Hawlucha
|-resisted|p2a: Hawlucha
|-damage|p2a: Hawlucha|61/100
|move|p2a: Hawlucha|Flying Press|p1a: GoodBoy
|-crit|p1a: GoodBoy
|-damage|p1a: GoodBoy|19/100
|
|-heal|p1a: GoodBoy|25/100|[from] item: Leftovers
|upkeep
|turn|10
|
|t:|1757919281
|move|p1a: GoodBoy|Body Press|p2a: Hawlucha
|-resisted|p2a: Hawlucha
|-damage|p2a: Hawlucha|23/100
|-enditem|p2a: Hawlucha|Liechi Berry|[eat]
|-boost|p2a: Hawlucha|atk|1|[from] item: Liechi Berry
|move|p2a: Hawlucha|Flying Press|p1a: GoodBoy
|-damage|p1a: GoodBoy|0 fnt
|faint|p1a: GoodBoy
|
|upkeep
|
|t:|1757919290
|switch|p1a: Gamma|Meowscarada, F|100/100
|turn|11
|
|t:|1757919296
|move|p2a: Hawlucha|Brave Bird|p1a: Gamma
|-supereffective|p1a: Gamma
|-crit|p1a: Gamma
|-damage|p1a: Gamma|0 fnt
|faint|p1a: Gamma
|-damage|p2a: Hawlucha|0 fnt|[from] Recoil
|faint|p2a: Hawlucha
|
|upkeep
|
|t:|1757919309
|switch|p1a: YN GawrGura|Ursaluna, M|100/100
|switch|p2a: Leavanny|Leavanny, F|100/100
|turn|12
|
|t:|1757919317
|move|p2a: Leavanny|Swords Dance|p2a: Leavanny
|-boost|p2a: Leavanny|atk|2
|move|p1a: YN GawrGura|Ice Punch|p2a: Leavanny
|-supereffective|p2a: Leavanny
|-damage|p2a: Leavanny|12/100
|
|-status|p1a: YN GawrGura|brn|[from] item: Flame Orb
|upkeep
|turn|13
|
|t:|1757919324
|move|p2a: Leavanny|Leaf Blade|p1a: YN GawrGura
|-supereffective|p1a: YN GawrGura
|-damage|p1a: YN GawrGura|0 fnt
|faint|p1a: YN GawrGura
|
|upkeep
|
|t:|1757919329
|switch|p1a: Dragapunt|Dragapult, F, shiny|100/100
|turn|14
|
|t:|1757919335
|move|p2a: Leavanny|Protect|p2a: Leavanny
|-singleturn|p2a: Leavanny|Protect
|move|p1a: Dragapunt|Dragon Darts|p2a: Leavanny
|-activate|p2a: Leavanny|move: Protect
|
|upkeep
|turn|15
|
|t:|1757919343
|move|p1a: Dragapunt|Dragon Darts|p2a: Leavanny
|-damage|p2a: Leavanny|0 fnt
|faint|p2a: Leavanny
|
|upkeep
|
|t:|1757919347
|switch|p2a: Mudsdale|Mudsdale, M|8/100
|turn|16
|c|☆Vergasaurio MX|gg
|
|t:|1757919354
|move|p1a: Dragapunt|Dragon Darts|p2a: Mudsdale
|-damage|p2a: Mudsdale|0 fnt
|faint|p2a: Mudsdale
|
|win|ercival
|raw|ercival's rating: 1157 &rarr; <strong>1177</strong><br />(+20 for winning)
|raw|Vergasaurio MX's rating: 1092 &rarr; <strong>1073</strong><br />(-19 for losing)
|l|☆ercival
|player|p1|
|l|☆Vergasaurio MX
|player|p2|
