|j|☆TheSinXer
|j|☆ScarlattiTilt
|t:|1757810764
|gametype|singles
|player|p1|TheSinXer|265|1319
|player|p2|ScarlattiTilt|265|1423
|gen|9
|tier|[Gen 9] OU
|rated|
|rule|HP Percentage Mod: HP is shown in percentages
|rule|Endless Battle Clause: Forcing endless battles is banned
|rule|Species Clause: Limit one of each Pokémon
|rule|OHKO Clause: OHKO moves are banned
|rule|Evasion Items Clause: Evasion items are banned
|rule|Evasion Moves Clause: Evasion moves are banned
|rule|Evasion Abilities Clause: Evasion abilities are banned
|rule|Sleep Moves Clause: Sleep-inducing moves are banned
|clearpoke
|poke|p1|Munkidori, M|
|poke|p1|Dragapult, M|
|poke|p1|Tinkaton, F|
|poke|p1|Manaphy|
|poke|p1|Conkeldurr, M|
|poke|p1|Talonflame, F|
|poke|p2|Slowbro-Galar, M|
|poke|p2|Kingambit, M|
|poke|p2|Ninetales-Alola, F|
|poke|p2|Sinistcha|
|poke|p2|Heatran, F|
|poke|p2|Iron Hands|
|teampreview
|inactive|Battle timer is ON: inactive players will automatically lose when time's up. (requested by TheSinXer)
|j| jdjdjdnnxndd
|
|t:|1757810774
|teamsize|p1|6
|teamsize|p2|6
|start
|switch|p1a: *Bonk*|Tinkaton, F|100/100
|switch|p2a: frances|Heatran, F|100/100
|-item|p1a: *Bonk*|Air Balloon
|turn|1
|
|t:|1757810779
|move|p1a: *Bonk*|Thunder Wave|p2a: frances
|-status|p2a: frances|par
|move|p2a: frances|Lava Plume|p1a: *Bonk*
|-supereffective|p1a: *Bonk*
|-damage|p1a: *Bonk*|26/100
|-enditem|p1a: *Bonk*|Air Balloon
|
|upkeep
|turn|2
|
|t:|1757810790
|move|p1a: *Bonk*|Gigaton Hammer|p2a: frances
|-resisted|p2a: frances
|-damage|p2a: frances|88/100 par
|move|p2a: frances|Tera Blast|p1a: *Bonk*
|-resisted|p1a: *Bonk*
|-damage|p1a: *Bonk*|15/100
|
|upkeep
|turn|3
|
|t:|1757810794
|move|p1a: *Bonk*|Play Rough|p2a: frances
|-resisted|p2a: frances
|-damage|p2a: frances|80/100 par
|move|p2a: frances|Scorching Sands|p1a: *Bonk*
|-supereffective|p1a: *Bonk*
|-damage|p1a: *Bonk*|0 fnt
|faint|p1a: *Bonk*
|
|upkeep
|
|t:|1757810797
|switch|p1a: Juan Punch|Conkeldurr, M|100/100
|turn|4
|
|t:|1757810807
|move|p1a: Juan Punch|Dynamic Punch|p2a: frances
|-supereffective|p2a: frances
|-crit|p2a: frances
|-damage|p2a: frances|0 fnt
|faint|p2a: frances
|
|upkeep
|
|t:|1757810815
|switch|p2a: gallons|Ninetales-Alola, F|100/100
|-weather|Snowscape|[from] ability: Snow Warning|[of] p2a: gallons
|turn|5
|
|t:|1757810835
|switch|p1a: Bo'oh'o'wa'ah|Manaphy|100/100
|move|p2a: gallons|Moonblast|p1a: Bo'oh'o'wa'ah
|-damage|p1a: Bo'oh'o'wa'ah|65/100
|
|-weather|Snowscape|[upkeep]
|upkeep
|turn|6
|
|t:|1757810843
|move|p2a: gallons|Freeze-Dry|p1a: Bo'oh'o'wa'ah
|-supereffective|p1a: Bo'oh'o'wa'ah
|-damage|p1a: Bo'oh'o'wa'ah|7/100
|-enditem|p1a: Bo'oh'o'wa'ah|Salac Berry|[eat]
|-boost|p1a: Bo'oh'o'wa'ah|spe|1|[from] item: Salac Berry
|move|p1a: Bo'oh'o'wa'ah|Hydro Pump|p2a: gallons
|-damage|p2a: gallons|47/100
|
|-weather|Snowscape|[upkeep]
|upkeep
|turn|7
|
|t:|1757810862
|move|p1a: Bo'oh'o'wa'ah|Hydro Pump|p2a: gallons
|-damage|p2a: gallons|0 fnt
|faint|p2a: gallons
|
|-weather|Snowscape|[upkeep]
|upkeep
|
|t:|1757810870
|switch|p2a: floyd|Iron Hands|100/100
|turn|8
|
|t:|1757810874
|move|p1a: Bo'oh'o'wa'ah|Psychic|p2a: floyd
|-supereffective|p2a: floyd
|-crit|p2a: floyd
|-damage|p2a: floyd|48/100
|move|p2a: floyd|Drain Punch|p1a: Bo'oh'o'wa'ah
|-damage|p1a: Bo'oh'o'wa'ah|0 fnt
|-heal|p2a: floyd|50/100|[from] drain|[of] p1a: Bo'oh'o'wa'ah
|faint|p1a: Bo'oh'o'wa'ah
|
|-weather|Snowscape|[upkeep]
|upkeep
|
|t:|1757810880
|switch|p1a: Juan Punch|Conkeldurr, M|100/100
|turn|9
|
|t:|1757810882
|move|p1a: Juan Punch|Dynamic Punch|p2a: floyd
|-damage|p2a: floyd|9/100
|-start|p2a: floyd|confusion
|-activate|p2a: floyd|confusion
|-damage|p2a: floyd|0 fnt|[from] confusion
|faint|p2a: floyd
|-end|p2a: floyd|Quark Drive|[silent]
|
|-weather|none
|upkeep
|
|t:|1757810886
|switch|p2a: inbloom|Slowbro-Galar, M|100/100
|turn|10
|
|t:|1757810893
|move|p1a: Juan Punch|Stomping Tantrum|p2a: inbloom
|-supereffective|p2a: inbloom
|-damage|p2a: inbloom|46/100
|move|p2a: inbloom|Nasty Plot|p2a: inbloom
|-boost|p2a: inbloom|spa|2
|
|upkeep
|turn|11
|-activate|p2a: inbloom|ability: Quick Draw
|
|t:|1757810898
|move|p2a: inbloom|Psyshock|p1a: Juan Punch
|-supereffective|p1a: Juan Punch
|-damage|p1a: Juan Punch|0 fnt
|faint|p1a: Juan Punch
|
|upkeep
|
|t:|1757810910
|switch|p1a: Air Jordan's|Talonflame, F, shiny|100/100
|turn|12
|-activate|p2a: inbloom|ability: Quick Draw
|
|t:|1757810923
|move|p1a: Air Jordan's|Brave Bird|p2a: inbloom
|-damage|p2a: inbloom|8/100
|-damage|p1a: Air Jordan's|84/100|[from] Recoil
|move|p2a: inbloom|Sludge Wave|p1a: Air Jordan's
|-damage|p1a: Air Jordan's|0 fnt
|faint|p1a: Air Jordan's
|
|upkeep
|
|t:|1757810937
|switch|p1a: Kachow|Dragapult, M, shiny|100/100
|turn|13
|
|t:|1757810941
|move|p1a: Kachow|U-turn|p2a: inbloom
|-damage|p2a: inbloom|0 fnt
|faint|p2a: inbloom
|
|t:|1757810944
|switch|p1a: Monke|Munkidori, M|100/100|[from] U-turn
|
|upkeep
|
|t:|1757810946
|switch|p2a: pennyroyal|Sinistcha|100/100
|turn|14
|
|t:|1757810951
|move|p1a: Monke|Sludge Wave|p2a: pennyroyal
|-damage|p2a: pennyroyal|29/100
|-damage|p1a: Monke|91/100|[from] item: Life Orb
|move|p2a: pennyroyal|Shadow Ball|p1a: Monke
|-supereffective|p1a: Monke
|-damage|p1a: Monke|0 fnt
|faint|p1a: Monke
|
|upkeep
|
|t:|1757810958
|switch|p1a: Kachow|Dragapult, M, shiny|100/100
|turn|15
|
|t:|1757810965
|move|p1a: Kachow|U-turn|p2a: pennyroyal
|-crit|p2a: pennyroyal
|-damage|p2a: pennyroyal|0 fnt
|faint|p2a: pennyroyal
|
|upkeep
|
|t:|1757810968
|switch|p2a: bigcheese|Kingambit, M|100/100
|-activate|p2a: bigcheese|ability: Supreme Overlord
|-start|p2a: bigcheese|fallen5|[silent]
|turn|16
|-activate|p2a: bigcheese|item: Quick Claw
|
|t:|1757810971
|move|p2a: bigcheese|Iron Head|p1a: Kachow
|-damage|p1a: Kachow|6/100
|cant|p1a: Kachow|flinch
|
|upkeep
|turn|17
|c|☆TheSinXer|nahhh
|c|☆TheSinXer|dats a crazy proc
|
|t:|1757810998
|move|p1a: Kachow|U-turn|p2a: bigcheese
|-damage|p2a: bigcheese|75/100
|move|p2a: bigcheese|Iron Head|p1a: Kachow
|-damage|p1a: Kachow|0 fnt
|faint|p1a: Kachow
|
|win|ScarlattiTilt
|raw|TheSinXer's rating: 1319 &rarr; <strong>1305</strong><br />(-14 for losing)
|raw|ScarlattiTilt's rating: 1423 &rarr; <strong>1437</strong><br />(+14 for winning)
|l|☆ScarlattiTilt
|player|p2|
|l|☆TheSinXer
|player|p1|
