|j|☆Obling
|j|☆alanfournumbers
|t:|1757943920
|gametype|singles
|player|p1|Obling|player-go|1591
|player|p2|alanfournumbers|2|1724
|gen|9
|tier|[Gen 9] OU
|rated|
|rule|HP Percentage Mod: HP is shown in percentages
|rule|Endless Battle Clause: Forcing endless battles is banned
|rule|Species Clause: Limit one of each Pokémon
|rule|OHKO Clause: OHKO moves are banned
|rule|Evasion Items Clause: Evasion items are banned
|rule|Evasion Moves Clause: Evasion moves are banned
|rule|Evasion Abilities Clause: Evasion abilities are banned
|rule|Sleep Moves Clause: Sleep-inducing moves are banned
|clearpoke
|poke|p1|Kingambit, M|
|poke|p1|Ogerpon-Wellspring, F|
|poke|p1|Latias, F|
|poke|p1|Iron Valiant|
|poke|p1|Iron Moth|
|poke|p1|Azumarill, F|
|poke|p2|Pecharunt|
|poke|p2|Great Tusk|
|poke|p2|Ogerpon-Wellspring, F|
|poke|p2|Iron Crown|
|poke|p2|Landorus-Therian, M|
|poke|p2|Samurott-Hisui, F|
|teampreview
|inactive|Battle timer is ON: inactive players will automatically lose when time's up. (requested by Obling)
|
|t:|1757943935
|teamsize|p1|6
|teamsize|p2|6
|start
|switch|p1a: Azumarill|Azumarill, F|100/100
|switch|p2a: i be doin the most|Landorus-Therian, M|100/100
|-ability|p2a: i be doin the most|Intimidate|boost
|-unboost|p1a: Azumarill|atk|1
|turn|1
|
|t:|1757943948
|switch|p2a: Tahm Pech|Pecharunt|100/100
|move|p1a: Azumarill|Liquidation|p2a: Tahm Pech
|-crit|p2a: Tahm Pech
|-damage|p2a: Tahm Pech|61/100
|-unboost|p2a: Tahm Pech|def|1
|-damage|p1a: Azumarill|84/100|[from] item: Rocky Helmet|[of] p2a: Tahm Pech
|
|upkeep
|turn|2
|
|t:|1757943954
|move|p2a: Tahm Pech|Parting Shot|p1a: Azumarill
|-unboost|p1a: Azumarill|atk|1
|-unboost|p1a: Azumarill|spa|1
|
|t:|1757943959
|switch|p2a: Wokeballion|Iron Crown|100/100|[from] Parting Shot
|move|p1a: Azumarill|Liquidation|p2a: Wokeballion
|-damage|p2a: Wokeballion|73/100
|-unboost|p2a: Wokeballion|def|1
|
|upkeep
|turn|3
|
|t:|1757943963
|move|p2a: Wokeballion|Volt Switch|p1a: Azumarill
|-supereffective|p1a: Azumarill
|-damage|p1a: Azumarill|32/100
|
|t:|1757943966
|-end|p2a: Wokeballion|Quark Drive|[silent]
|switch|p2a: Tahm Pech|Pecharunt|61/100|[from] Volt Switch
|move|p1a: Azumarill|Knock Off|p2a: Tahm Pech
|-supereffective|p2a: Tahm Pech
|-damage|p2a: Tahm Pech|42/100
|-damage|p1a: Azumarill|16/100|[from] item: Rocky Helmet|[of] p2a: Tahm Pech
|-enditem|p2a: Tahm Pech|Rocky Helmet|[from] move: Knock Off|[of] p1a: Azumarill
|
|upkeep
|turn|4
|
|t:|1757943970
|move|p2a: Tahm Pech|Recover|p2a: Tahm Pech
|-heal|p2a: Tahm Pech|92/100
|move|p1a: Azumarill|Liquidation|p2a: Tahm Pech
|-damage|p2a: Tahm Pech|78/100
|
|upkeep
|turn|5
|
|t:|1757943982
|move|p2a: Tahm Pech|Malignant Chain|p1a: Azumarill
|-supereffective|p1a: Azumarill
|-damage|p1a: Azumarill|0 fnt
|faint|p1a: Azumarill
|
|upkeep
|
|t:|1757943985
|switch|p1a: Iron Moth|Iron Moth|100/100
|-enditem|p1a: Iron Moth|Booster Energy
|-activate|p1a: Iron Moth|ability: Quark Drive|[fromitem]
|-start|p1a: Iron Moth|quarkdrivespa
|turn|6
|
|t:|1757943990
|switch|p2a: i be doin the most|Landorus-Therian, M|100/100
|-ability|p2a: i be doin the most|Intimidate|boost
|-unboost|p1a: Iron Moth|atk|1
|move|p1a: Iron Moth|Agility|p1a: Iron Moth
|-boost|p1a: Iron Moth|spe|2
|
|upkeep
|turn|7
|
|t:|1757943999
|switch|p2a: Edging Ceaselessly|Samurott-Hisui, F|100/100
|move|p1a: Iron Moth|Fiery Dance|p2a: Edging Ceaselessly
|-resisted|p2a: Edging Ceaselessly
|-damage|p2a: Edging Ceaselessly|70/100
|-boost|p1a: Iron Moth|spa|1
|
|upkeep
|turn|8
|
|t:|1757944007
|move|p1a: Iron Moth|Dazzling Gleam|p2a: Edging Ceaselessly
|-supereffective|p2a: Edging Ceaselessly
|-crit|p2a: Edging Ceaselessly
|-damage|p2a: Edging Ceaselessly|0 fnt
|faint|p2a: Edging Ceaselessly
|
|upkeep
|
|t:|1757944011
|switch|p2a: i be doin the most|Landorus-Therian, M|100/100
|-ability|p2a: i be doin the most|Intimidate|boost
|-unboost|p1a: Iron Moth|atk|1
|turn|9
|
|t:|1757944017
|move|p1a: Iron Moth|Fiery Dance|p2a: i be doin the most
|-crit|p2a: i be doin the most
|-damage|p2a: i be doin the most|0 fnt
|-boost|p1a: Iron Moth|spa|1
|faint|p2a: i be doin the most
|
|upkeep
|
|t:|1757944021
|switch|p2a: :pensive:|Ogerpon-Wellspring, F|100/100
|turn|10
|
|t:|1757944027
|-terastallize|p2a: :pensive:|Water
|detailschange|p2a: :pensive:|Ogerpon-Wellspring-Tera, F, tera:Water
|-ability|p2a: :pensive:|Embody Aspect (Wellspring)|boost
|-boost|p2a: :pensive:|spd|1
|move|p1a: Iron Moth|Sludge Wave|p2a: :pensive:
|-damage|p2a: :pensive:|0 fnt
|faint|p2a: :pensive:
|detailschange|p2: :pensive:|Ogerpon-Wellspring, F|[silent]
|
|upkeep
|-message|alanfournumbers forfeited.
|
|win|Obling
|raw|Obling's rating: 1591 &rarr; <strong>1618</strong><br />(+27 for winning)
|raw|alanfournumbers's rating: 1724 &rarr; <strong>1697</strong><br />(-27 for losing)
|l|☆alanfournumbers
|player|p2|
|l|☆Obling
|player|p1|
