|j|☆Abby Syclette
|j|☆55555X
|t:|1757857135
|gametype|singles
|player|p1|Abby Syclette|2|1153
|player|p2|55555X|pokemaniac|1113
|gen|9
|tier|[Gen 9] OU
|rated|
|rule|HP Percentage Mod: HP is shown in percentages
|rule|Endless Battle Clause: Forcing endless battles is banned
|rule|Species Clause: Limit one of each Pokémon
|rule|OHKO Clause: OHKO moves are banned
|rule|Evasion Items Clause: Evasion items are banned
|rule|Evasion Moves Clause: Evasion moves are banned
|rule|Evasion Abilities Clause: Evasion abilities are banned
|rule|Sleep Moves Clause: Sleep-inducing moves are banned
|clearpoke
|poke|p1|Gliscor, F|
|poke|p1|Walking Wake|
|poke|p1|Zamazenta-*|
|poke|p1|Gholdengo|
|poke|p1|Pecharunt|
|poke|p1|Raging Bolt|
|poke|p2|Malamar, M|
|poke|p2|Galvantula, M|
|poke|p2|Cinderace, M|
|poke|p2|Serperior, M|
|poke|p2|Falinks|
|poke|p2|Empoleon, M|
|teampreview
|
|t:|1757857147
|teamsize|p1|6
|teamsize|p2|6
|start
|switch|p1a: Zamazenta|Zamazenta|100/100
|switch|p2a: Galvantula|Galvantula, M, shiny|100/100
|-ability|p1a: Zamazenta|Dauntless Shield|boost
|-boost|p1a: Zamazenta|def|1
|turn|1
|j| emmelineevee
|
|t:|1757857161
|switch|p1a: Walking Wake|Walking Wake|100/100
|-enditem|p1a: Walking Wake|Booster Energy
|-activate|p1a: Walking Wake|ability: Protosynthesis|[fromitem]
|-start|p1a: Walking Wake|protosynthesisspa
|move|p2a: Galvantula|Thunder Wave|p1a: Walking Wake
|-status|p1a: Walking Wake|par
|
|upkeep
|turn|2
|l| emmelineevee
|
|t:|1757857170
|move|p2a: Galvantula|Sticky Web|p1a: Walking Wake
|-sidestart|p1: Abby Syclette|move: Sticky Web
|move|p1a: Walking Wake|Flamethrower|p2a: Galvantula
|-supereffective|p2a: Galvantula
|-enditem|p2a: Galvantula|Focus Sash
|-damage|p2a: Galvantula|1/100
|
|upkeep
|turn|3
|
|t:|1757857185
|-end|p1a: Walking Wake|Protosynthesis|[silent]
|switch|p1a: Gliscor|Gliscor, F|100/100
|move|p2a: Galvantula|Thunderbolt|p1a: Gliscor
|-immune|p1a: Gliscor
|
|-status|p1a: Gliscor|tox|[from] item: Toxic Orb
|upkeep
|turn|4
|
|t:|1757857194
|move|p1a: Gliscor|Earthquake|p2a: Galvantula
|-damage|p2a: Galvantula|0 fnt
|faint|p2a: Galvantula
|
|upkeep
|
|t:|1757857206
|switch|p2a: Cinderace|Cinderace, M|100/100
|turn|5
|
|t:|1757857216
|move|p2a: Cinderace|Court Change|p2a: Cinderace
|-swapsideconditions
|-activate|p2a: Cinderace|move: Court Change
|move|p1a: Gliscor|Substitute|p1a: Gliscor
|-start|p1a: Gliscor|Substitute
|-damage|p1a: Gliscor|76/100 tox
|
|-heal|p1a: Gliscor|88/100 tox|[from] ability: Poison Heal
|upkeep
|turn|6
|
|t:|1757857223
|move|p2a: Cinderace|U-turn|p1a: Gliscor
|-resisted|p1a: Gliscor
|-activate|p1a: Gliscor|move: Substitute|[damage]
|
|t:|1757857227
|switch|p2a: Empoleon|Empoleon, M|100/100|[from] U-turn
|-activate|p2a: Empoleon|move: Sticky Web
|-unboost|p2a: Empoleon|spe|1
|-ability|p2a: Empoleon|Competitive|boost
|-boost|p2a: Empoleon|spa|2
|move|p1a: Gliscor|Toxic|p2a: Empoleon
|-immune|p2a: Empoleon
|
|-heal|p1a: Gliscor|100/100 tox|[from] ability: Poison Heal
|upkeep
|turn|7
|
|t:|1757857236
|move|p1a: Gliscor|Earthquake|p2a: Empoleon
|-supereffective|p2a: Empoleon
|-damage|p2a: Empoleon|32/100
|move|p2a: Empoleon|Ice Beam|p1a: Gliscor
|-supereffective|p1a: Gliscor
|-end|p1a: Gliscor|Substitute
|
|upkeep
|turn|8
|
|t:|1757857245
|move|p1a: Gliscor|Earthquake|p2a: Empoleon
|-supereffective|p2a: Empoleon
|-damage|p2a: Empoleon|0 fnt
|faint|p2a: Empoleon
|
|upkeep
|
|t:|1757857250
|switch|p2a: Serperior|Serperior, M|100/100
|-activate|p2a: Serperior|move: Sticky Web
|-boost|p2a: Serperior|spe|1
|turn|9
|
|t:|1757857259
|move|p2a: Serperior|Leaf Storm|p1a: Gliscor
|-crit|p1a: Gliscor
|-damage|p1a: Gliscor|0 fnt
|-boost|p2a: Serperior|spa|2
|faint|p1a: Gliscor
|
|upkeep
|
|t:|1757857266
|switch|p1a: Walking Wake|Walking Wake|100/100 par
|turn|10
|
|t:|1757857274
|-terastallize|p1a: Walking Wake|Flying
|move|p2a: Serperior|Leaf Storm|p1a: Walking Wake
|-resisted|p1a: Walking Wake
|-damage|p1a: Walking Wake|18/100 par
|-boost|p2a: Serperior|spa|2
|move|p1a: Walking Wake|Flamethrower|p2a: Serperior
|-supereffective|p2a: Serperior
|-damage|p2a: Serperior|20/100
|
|upkeep
|turn|11
|
|t:|1757857284
|move|p2a: Serperior|Leaf Storm|p1a: Walking Wake
|-resisted|p1a: Walking Wake
|-damage|p1a: Walking Wake|0 fnt
|-boost|p2a: Serperior|spa|2
|faint|p1a: Walking Wake
|-end|p1a: Walking Wake|Protosynthesis|[silent]
|
|upkeep
|c|☆55555X|Flying?
|
|t:|1757857292
|switch|p1a: Raging Bolt|Raging Bolt|100/100
|-enditem|p1a: Raging Bolt|Booster Energy
|-activate|p1a: Raging Bolt|ability: Protosynthesis|[fromitem]
|-start|p1a: Raging Bolt|protosynthesisspa
|turn|12
|
|t:|1757857297
|move|p1a: Raging Bolt|Thunderclap|p2a: Serperior
|-resisted|p2a: Serperior
|-damage|p2a: Serperior|0 fnt
|faint|p2a: Serperior
|
|upkeep
|
|t:|1757857307
|switch|p2a: Malamar|Malamar, M, shiny|100/100
|-activate|p2a: Malamar|move: Sticky Web
|-boost|p2a: Malamar|spe|1
|turn|13
|
|t:|1757857338
|-terastallize|p2a: Malamar|Stellar
|move|p2a: Malamar|Superpower|p1a: Raging Bolt
|-damage|p1a: Raging Bolt|73/100
|-boost|p2a: Malamar|atk|1
|-boost|p2a: Malamar|def|1
|move|p1a: Raging Bolt|Volt Switch|p2a: Malamar
|-damage|p2a: Malamar|49/100
|
|t:|1757857355
|-end|p1a: Raging Bolt|Protosynthesis|[silent]
|switch|p1a: Zamazenta|Zamazenta|100/100|[from] Volt Switch
|
|-heal|p2a: Malamar|55/100|[from] item: Leftovers
|upkeep
|turn|14
|
|t:|1757857360
|move|p1a: Zamazenta|Body Press|p2a: Malamar
|-damage|p2a: Malamar|24/100
|move|p2a: Malamar|Psycho Cut|p1a: Zamazenta
|-supereffective|p1a: Zamazenta
|-damage|p1a: Zamazenta|31/100
|
|-heal|p1a: Zamazenta|37/100|[from] item: Leftovers
|-heal|p2a: Malamar|31/100|[from] item: Leftovers
|upkeep
|turn|15
|
|t:|1757857368
|move|p1a: Zamazenta|Body Press|p2a: Malamar
|-damage|p2a: Malamar|0 fnt
|faint|p2a: Malamar
|
|-heal|p1a: Zamazenta|43/100|[from] item: Leftovers
|upkeep
|
|t:|1757857380
|switch|p2a: Cinderace|Cinderace, M|100/100
|-activate|p2a: Cinderace|move: Sticky Web
|-unboost|p2a: Cinderace|spe|1
|turn|16
|
|t:|1757857400
|move|p1a: Zamazenta|Body Press|p2a: Cinderace
|-damage|p2a: Cinderace|43/100
|move|p2a: Cinderace|Pyro Ball|p1a: Zamazenta
|-damage|p1a: Zamazenta|1/100
|
|-heal|p1a: Zamazenta|8/100|[from] item: Leftovers
|upkeep
|turn|17
|
|t:|1757857406
|move|p1a: Zamazenta|Body Press|p2a: Cinderace
|-damage|p2a: Cinderace|0 fnt
|faint|p2a: Cinderace
|
|-heal|p1a: Zamazenta|14/100|[from] item: Leftovers
|upkeep
|c|☆55555X|…
|c|☆55555X|how
|
|t:|1757857413
|switch|p2a: Falinks|Falinks|100/100
|-activate|p2a: Falinks|move: Sticky Web
|-unboost|p2a: Falinks|spe|1
|-ability|p2a: Falinks|Defiant|boost
|-boost|p2a: Falinks|atk|2
|turn|18
|c|☆Abby Syclette|^^
|
|t:|1757857424
|move|p1a: Zamazenta|Body Press|p2a: Falinks
|-damage|p2a: Falinks|55/100
|move|p2a: Falinks|Agility|p2a: Falinks
|-boost|p2a: Falinks|spe|2
|
|-heal|p1a: Zamazenta|20/100|[from] item: Leftovers
|upkeep
|turn|19
|c|☆55555X|I know your scarfed
|
|t:|1757857437
|move|p1a: Zamazenta|Body Press|p2a: Falinks
|-damage|p2a: Falinks|3/100
|move|p2a: Falinks|Poison Jab|p1a: Zamazenta
|-damage|p1a: Zamazenta|0 fnt
|faint|p1a: Zamazenta
|
|upkeep
|
|t:|1757857445
|switch|p1a: Raging Bolt|Raging Bolt|73/100
|turn|20
|
|t:|1757857448
|move|p1a: Raging Bolt|Thunderclap||[still]
|-fail|p1a: Raging Bolt
|move|p2a: Falinks|Agility|p2a: Falinks
|-boost|p2a: Falinks|spe|2
|
|upkeep
|turn|21
|
|t:|1757857457
|move|p1a: Raging Bolt|Thunderclap|p2a: Falinks
|-damage|p2a: Falinks|0 fnt
|faint|p2a: Falinks
|
|win|Abby Syclette
|raw|Abby Syclette's rating: 1153 &rarr; <strong>1175</strong><br />(+22 for winning)
|raw|55555X's rating: 1113 &rarr; <strong>1091</strong><br />(-22 for losing)
|c|☆55555X|Aww
|l|☆55555X
|player|p2|
|c|☆Abby Syclette|^^
