|j|☆PixelPenguin2
|j|☆mosfroth
|t:|1757786131
|gametype|singles
|player|p1|PixelPenguin2|guitarist|1575
|player|p2|mosfroth|bruno|1620
|gen|9
|tier|[Gen 9] OU
|rated|
|rule|HP Percentage Mod: HP is shown in percentages
|rule|Endless Battle Clause: Forcing endless battles is banned
|rule|Species Clause: Limit one of each Pokémon
|rule|OHKO Clause: OHKO moves are banned
|rule|Evasion Items Clause: Evasion items are banned
|rule|Evasion Moves Clause: Evasion moves are banned
|rule|Evasion Abilities Clause: Evasion abilities are banned
|rule|Sleep Moves Clause: Sleep-inducing moves are banned
|clearpoke
|poke|p1|Necrozma|
|poke|p1|Samurott-Hisui, M|
|poke|p1|Raging Bolt|
|poke|p1|Ogerpon-Wellspring, F|
|poke|p1|Iron Treads|
|poke|p1|Moltres|
|poke|p2|Blaziken, F|
|poke|p2|Dragonite, F|
|poke|p2|Darkrai|
|poke|p2|Corviknight, M|
|poke|p2|Iron Crown|
|poke|p2|Primarina, F|
|teampreview
|inactive|Battle timer is ON: inactive players will automatically lose when time's up. (requested by PixelPenguin2)
|
|t:|1757786144
|teamsize|p1|6
|teamsize|p2|6
|start
|switch|p1a: Ogerpon|Ogerpon-Wellspring, F|100/100
|switch|p2a: Primarina|Primarina, F|100/100
|turn|1
|
|t:|1757786157
|move|p1a: Ogerpon|Knock Off|p2a: Primarina
|-resisted|p2a: Primarina
|-damage|p2a: Primarina|73/100
|-enditem|p2a: Primarina|Custap Berry|[from] move: Knock Off|[of] p1a: Ogerpon
|move|p2a: Primarina|Moonblast|p1a: Ogerpon
|-damage|p1a: Ogerpon|41/100
|
|upkeep
|turn|2
|
|t:|1757786165
|switch|p1a: Iron Treads|Iron Treads|100/100
|switch|p2a: Corviknight|Corviknight, M|100/100
|-ability|p2a: Corviknight|Pressure
|
|upkeep
|turn|3
|
|t:|1757786168
|move|p1a: Iron Treads|Stealth Rock|p2a: Corviknight
|-sidestart|p2: mosfroth|move: Stealth Rock
|move|p2a: Corviknight|U-turn|p1a: Iron Treads
|-resisted|p1a: Iron Treads
|-damage|p1a: Iron Treads|94/100
|
|t:|1757786176
|switch|p2a: Primarina|Primarina, F|73/100|[from] U-turn
|-damage|p2a: Primarina|61/100|[from] Stealth Rock
|
|upkeep
|turn|4
|
|t:|1757786180
|move|p1a: Iron Treads|Steel Beam|p2a: Primarina
|-damage|p2a: Primarina|14/100
|-damage|p1a: Iron Treads|43/100|[from] steelbeam
|move|p2a: Primarina|Moonblast|p1a: Iron Treads
|-resisted|p1a: Iron Treads
|-damage|p1a: Iron Treads|6/100
|
|upkeep
|turn|5
|
|t:|1757786186
|switch|p2a: Corviknight|Corviknight, M|100/100
|-damage|p2a: Corviknight|88/100|[from] Stealth Rock
|-ability|p2a: Corviknight|Pressure
|move|p1a: Iron Treads|Earth Power|p2a: Corviknight
|-immune|p2a: Corviknight
|
|-heal|p2a: Corviknight|94/100|[from] item: Leftovers
|upkeep
|turn|6
|
|t:|1757786191
|-end|p1a: Iron Treads|Quark Drive|[silent]
|switch|p1a: Moltres|Moltres|100/100
|move|p2a: Corviknight|Defog|p1a: Moltres
|-unboost|p1a: Moltres|evasion|1
|-sideend|p2: mosfroth|Stealth Rock|[from] move: Defog|[of] p2a: Corviknight
|
|-heal|p2a: Corviknight|99/100|[from] item: Leftovers
|upkeep
|turn|7
|
|t:|1757786210
|switch|p2a: Primarina|Primarina, F|14/100
|move|p1a: Moltres|Flamethrower|p2a: Primarina
|-resisted|p2a: Primarina
|-damage|p2a: Primarina|0 fnt
|faint|p2a: Primarina
|
|upkeep
|
|t:|1757786229
|switch|p2a: Darkrai|Darkrai|100/100
|turn|8
|
|t:|1757786238
|switch|p1a: Iron Treads|Iron Treads|6/100
|move|p2a: Darkrai|Dark Pulse|p1a: Iron Treads
|-damage|p1a: Iron Treads|0 fnt
|faint|p1a: Iron Treads
|-end|p1a: Iron Treads|Quark Drive|[silent]
|
|upkeep
|
|t:|1757786243
|switch|p1a: Samurott|Samurott-Hisui, M|100/100
|turn|9
|
|t:|1757786254
|switch|p2a: Corviknight|Corviknight, M|99/100
|-ability|p2a: Corviknight|Pressure
|move|p1a: Samurott|Ceaseless Edge|p2a: Corviknight
|-damage|p2a: Corviknight|72/100
|-sidestart|p2: mosfroth|Spikes
|
|-heal|p2a: Corviknight|78/100|[from] item: Leftovers
|upkeep
|turn|10
|
|t:|1757786261
|move|p1a: Samurott|Taunt|p2a: Corviknight
|-start|p2a: Corviknight|move: Taunt
|move|p2a: Corviknight|Brave Bird|p1a: Samurott
|-damage|p1a: Samurott|55/100
|-damage|p2a: Corviknight|62/100|[from] item: Rocky Helmet|[of] p1a: Samurott
|-damage|p2a: Corviknight|48/100|[from] Recoil
|
|-heal|p2a: Corviknight|54/100|[from] item: Leftovers
|upkeep
|turn|11
|
|t:|1757786267
|switch|p1a: Moltres|Moltres|100/100
|move|p2a: Corviknight|U-turn|p1a: Moltres
|-resisted|p1a: Moltres
|-damage|p1a: Moltres|98/100
|
|t:|1757786275
|switch|p2a: Iron Crown|Iron Crown|100/100|[from] U-turn
|-damage|p2a: Iron Crown|88/100|[from] Spikes
|
|upkeep
|turn|12
|
|t:|1757786279
|move|p2a: Iron Crown|Volt Switch|p1a: Moltres
|-supereffective|p1a: Moltres
|-damage|p1a: Moltres|52/100
|
|t:|1757786296
|-end|p2a: Iron Crown|Quark Drive|[silent]
|switch|p2a: Dragonite|Dragonite, F|100/100|[from] Volt Switch
|move|p1a: Moltres|Flamethrower|p2a: Dragonite
|-resisted|p2a: Dragonite
|-damage|p2a: Dragonite|92/100
|
|upkeep
|turn|13
|
|t:|1757786301
|move|p2a: Dragonite|Encore|p1a: Moltres
|-start|p1a: Moltres|Encore
|move|p1a: Moltres|Flamethrower|p2a: Dragonite
|-resisted|p2a: Dragonite
|-damage|p2a: Dragonite|73/100
|-status|p2a: Dragonite|brn
|
|-damage|p2a: Dragonite|67/100 brn|[from] brn
|upkeep
|turn|14
|
|t:|1757786308
|switch|p1a: Raging Bolt|Raging Bolt|100/100
|-enditem|p1a: Raging Bolt|Booster Energy
|-activate|p1a: Raging Bolt|ability: Protosynthesis|[fromitem]
|-start|p1a: Raging Bolt|protosynthesisspa
|move|p2a: Dragonite|Dragon Dance|p2a: Dragonite
|-boost|p2a: Dragonite|atk|1
|-boost|p2a: Dragonite|spe|1
|
|-damage|p2a: Dragonite|61/100 brn|[from] brn
|upkeep
|turn|15
|
|t:|1757786315
|move|p2a: Dragonite|Earthquake|p1a: Raging Bolt
|-supereffective|p1a: Raging Bolt
|-damage|p1a: Raging Bolt|57/100
|move|p1a: Raging Bolt|Dragon Pulse|p2a: Dragonite
|-supereffective|p2a: Dragonite
|-damage|p2a: Dragonite|0 fnt
|faint|p2a: Dragonite
|
|upkeep
|
|t:|1757786328
|switch|p2a: Iron Crown|Iron Crown|88/100
|-damage|p2a: Iron Crown|76/100|[from] Spikes
|turn|16
|
|t:|1757786332
|move|p2a: Iron Crown|Future Sight|p1a: Raging Bolt
|-start|p2a: Iron Crown|move: Future Sight
|move|p1a: Raging Bolt|Thunderbolt|p2a: Iron Crown
|-damage|p2a: Iron Crown|29/100
|
|upkeep
|turn|17
|
|t:|1757786344
|move|p2a: Iron Crown|Volt Switch|p1a: Raging Bolt
|-resisted|p1a: Raging Bolt
|-damage|p1a: Raging Bolt|51/100
|
|t:|1757786354
|-end|p2a: Iron Crown|Quark Drive|[silent]
|switch|p2a: Corviknight|Corviknight, M|54/100|[from] Volt Switch
|-ability|p2a: Corviknight|Pressure
|move|p1a: Raging Bolt|Thunderbolt|p2a: Corviknight
|-supereffective|p2a: Corviknight
|-damage|p2a: Corviknight|0 fnt
|faint|p2a: Corviknight
|
|upkeep
|
|t:|1757786357
|switch|p2a: Blaziken|Blaziken, F|100/100
|-damage|p2a: Blaziken|88/100|[from] Spikes
|turn|18
|
|t:|1757786362
|-end|p1a: Raging Bolt|Protosynthesis|[silent]
|switch|p1a: Samurott|Samurott-Hisui, M|55/100
|move|p2a: Blaziken|Swords Dance|p2a: Blaziken
|-boost|p2a: Blaziken|atk|2
|
|-end|p1a: Samurott|move: Future Sight
|-immune|p1a: Samurott
|-ability|p2a: Blaziken|Speed Boost|boost
|-boost|p2a: Blaziken|spe|1
|upkeep
|turn|19
|
|t:|1757786378
|-terastallize|p1a: Samurott|Ghost
|move|p1a: Samurott|Sucker Punch|p2a: Blaziken
|-resisted|p2a: Blaziken
|-damage|p2a: Blaziken|59/100
|move|p2a: Blaziken|Close Combat|p1a: Samurott
|-immune|p1a: Samurott
|
|-ability|p2a: Blaziken|Speed Boost|boost
|-boost|p2a: Blaziken|spe|1
|upkeep
|turn|20
|
|t:|1757786389
|switch|p1a: Ogerpon|Ogerpon-Wellspring, F|41/100
|move|p2a: Blaziken|Flare Blitz|p1a: Ogerpon
|-damage|p1a: Ogerpon|0 fnt
|faint|p1a: Ogerpon
|-damage|p2a: Blaziken|46/100|[from] Recoil
|-damage|p2a: Blaziken|36/100|[from] item: Life Orb
|
|-ability|p2a: Blaziken|Speed Boost|boost
|-boost|p2a: Blaziken|spe|1
|upkeep
|
|t:|1757786397
|switch|p1a: Raging Bolt|Raging Bolt|51/100
|turn|21
|
|t:|1757786400
|move|p2a: Blaziken|Protect|p2a: Blaziken
|-singleturn|p2a: Blaziken|Protect
|move|p1a: Raging Bolt|Thunderclap||[still]
|-fail|p1a: Raging Bolt
|
|-ability|p2a: Blaziken|Speed Boost|boost
|-boost|p2a: Blaziken|spe|1
|upkeep
|turn|22
|
|t:|1757786410
|move|p2a: Blaziken|Protect|p2a: Blaziken
|-singleturn|p2a: Blaziken|Protect
|move|p1a: Raging Bolt|Thunderclap||[still]
|-fail|p1a: Raging Bolt
|
|-ability|p2a: Blaziken|Speed Boost|boost
|-boost|p2a: Blaziken|spe|1
|upkeep
|turn|23
|
|t:|1757786415
|move|p1a: Raging Bolt|Thunderclap||[still]
|-fail|p1a: Raging Bolt
|move|p2a: Blaziken|Swords Dance|p2a: Blaziken
|-boost|p2a: Blaziken|atk|2
|
|-ability|p2a: Blaziken|Speed Boost|boost
|-boost|p2a: Blaziken|spe|1
|upkeep
|turn|24
|
|t:|1757786422
|move|p2a: Blaziken|Protect|p2a: Blaziken
|-singleturn|p2a: Blaziken|Protect
|move|p1a: Raging Bolt|Dragon Pulse|p2a: Blaziken
|-activate|p2a: Blaziken|move: Protect
|
|upkeep
|turn|25
|
|t:|1757786427
|move|p1a: Raging Bolt|Thunderclap||[still]
|-fail|p1a: Raging Bolt
|move|p2a: Blaziken|Swords Dance|p2a: Blaziken
|-boost|p2a: Blaziken|atk|2
|
|upkeep
|turn|26
|
|t:|1757786430
|move|p2a: Blaziken|Close Combat|p1a: Raging Bolt
|-damage|p1a: Raging Bolt|0 fnt
|-unboost|p2a: Blaziken|def|1
|-unboost|p2a: Blaziken|spd|1
|faint|p1a: Raging Bolt
|-end|p1a: Raging Bolt|Protosynthesis|[silent]
|-damage|p2a: Blaziken|26/100|[from] item: Life Orb
|
|upkeep
|
|t:|1757786434
|switch|p1a: Samurott|Samurott-Hisui, M, tera:Ghost|55/100
|turn|27
|
|t:|1757786440
|move|p2a: Blaziken|Protect|p2a: Blaziken
|-singleturn|p2a: Blaziken|Protect
|move|p1a: Samurott|Sucker Punch||[still]
|-fail|p1a: Samurott
|
|upkeep
|turn|28
|
|t:|1757786451
|switch|p2a: Iron Crown|Iron Crown|29/100
|-damage|p2a: Iron Crown|17/100|[from] Spikes
|switch|p1a: Moltres|Moltres|52/100
|
|upkeep
|turn|29
|
|t:|1757786460
|move|p2a: Iron Crown|Future Sight|p1a: Moltres
|-start|p2a: Iron Crown|move: Future Sight
|move|p1a: Moltres|Flamethrower|p2a: Iron Crown
|-supereffective|p2a: Iron Crown
|-damage|p2a: Iron Crown|0 fnt
|faint|p2a: Iron Crown
|-end|p2a: Iron Crown|Quark Drive|[silent]
|
|upkeep
|
|t:|1757786468
|switch|p2a: Darkrai|Darkrai|100/100
|-damage|p2a: Darkrai|88/100|[from] Spikes
|turn|30
|
|t:|1757786473
|-terastallize|p2a: Darkrai|Dark
|move|p2a: Darkrai|Dark Pulse|p1a: Moltres
|-damage|p1a: Moltres|0 fnt
|faint|p1a: Moltres
|
|upkeep
|
|t:|1757786487
|switch|p1a: Samurott|Samurott-Hisui, M, tera:Ghost|55/100
|turn|31
|
|t:|1757786489
|move|p1a: Samurott|Sucker Punch|p2a: Darkrai
|-resisted|p2a: Darkrai
|-damage|p2a: Darkrai|62/100
|move|p2a: Darkrai|Dark Pulse|p1a: Samurott
|-supereffective|p1a: Samurott
|-crit|p1a: Samurott
|-damage|p1a: Samurott|0 fnt
|faint|p1a: Samurott
|
|-hint|Future Sight did not hit because the target is fainted.
|upkeep
|
|t:|1757786494
|switch|p1a: Necrozma|Necrozma|100/100
|turn|32
|
|t:|1757786497
|move|p2a: Darkrai|Dark Pulse|p1a: Necrozma
|-supereffective|p1a: Necrozma
|-damage|p1a: Necrozma|0 fnt
|faint|p1a: Necrozma
|
|win|mosfroth
|raw|PixelPenguin2's rating: 1575 &rarr; <strong>1558</strong><br />(-17 for losing)
|raw|mosfroth's rating: 1620 &rarr; <strong>1637</strong><br />(+17 for winning)
|l|☆mosfroth
|player|p2|
|l|☆PixelPenguin2
|player|p1|
