|j|☆RandomTrashBag
|j|☆TREMBLEB4BAST
|t:|1757830927
|gametype|singles
|player|p1|RandomTrashBag|266|1131
|player|p2|TREMBLEB4BAST|geeta|1160
|gen|9
|tier|[Gen 9] OU
|rated|
|rule|HP Percentage Mod: HP is shown in percentages
|rule|Endless Battle Clause: Forcing endless battles is banned
|rule|Species Clause: Limit one of each Pokémon
|rule|OHKO Clause: OHKO moves are banned
|rule|Evasion Items Clause: Evasion items are banned
|rule|Evasion Moves Clause: Evasion moves are banned
|rule|Evasion Abilities Clause: Evasion abilities are banned
|rule|Sleep Moves Clause: Sleep-inducing moves are banned
|clearpoke
|poke|p1|Dragonite, F|
|poke|p1|Kingambit, F|
|poke|p1|Primarina, M|
|poke|p1|Gliscor, M|
|poke|p1|Darkrai|
|poke|p1|Ceruledge, F|
|poke|p2|Scizor, F|
|poke|p2|Haxorus, M|
|poke|p2|Keldeo|
|poke|p2|Enamorus, F|
|poke|p2|Kingdra, M|
|poke|p2|Vikavolt, M|
|teampreview
|
|t:|1757830942
|teamsize|p1|6
|teamsize|p2|6
|start
|switch|p1a: Gliscor|Gliscor, M|100/100
|switch|p2a: Australian|Vikavolt, M|100/100
|turn|1
|inactive|Battle timer is ON: inactive players will automatically lose when time's up. (requested by RandomTrashBag)
|
|t:|1757830953
|-terastallize|p2a: Australian|Ice
|move|p1a: Gliscor|Spikes|p2a: Australian
|-sidestart|p2: TREMBLEB4BAST|Spikes
|move|p2a: Australian|Tera Blast|p1a: Gliscor|[anim] Tera Blast Ice
|-supereffective|p1a: Gliscor
|-damage|p1a: Gliscor|0 fnt
|faint|p1a: Gliscor
|
|upkeep
|
|t:|1757830978
|switch|p1a: Dragonite|Dragonite, F, shiny|100/100
|turn|2
|
|t:|1757830983
|-terastallize|p1a: Dragonite|Normal
|move|p1a: Dragonite|Dragon Dance|p1a: Dragonite
|-boost|p1a: Dragonite|atk|1
|-boost|p1a: Dragonite|spe|1
|move|p2a: Australian|Tera Blast|p1a: Dragonite|[anim] Tera Blast Ice
|-damage|p1a: Dragonite|80/100
|
|upkeep
|turn|3
|
|t:|1757830991
|move|p1a: Dragonite|Dragon Dance|p1a: Dragonite
|-boost|p1a: Dragonite|atk|1
|-boost|p1a: Dragonite|spe|1
|move|p2a: Australian|Volt Switch|p1a: Dragonite
|-damage|p1a: Dragonite|47/100
|
|t:|1757831005
|switch|p2a: Lesbian|Scizor, F|100/100|[from] Volt Switch
|-damage|p2a: Lesbian|88/100|[from] Spikes
|
|upkeep
|turn|4
|
|t:|1757831010
|move|p2a: Lesbian|Bullet Punch|p1a: Dragonite
|-damage|p1a: Dragonite|0 fnt
|faint|p1a: Dragonite
|
|upkeep
|
|t:|1757831020
|switch|p1a: Ceruledge|Ceruledge, F|100/100
|turn|5
|
|t:|1757831024
|switch|p2a: Yakuza|Kingdra, M, shiny|100/100
|-damage|p2a: Yakuza|88/100|[from] Spikes
|move|p1a: Ceruledge|Swords Dance|p1a: Ceruledge
|-boost|p1a: Ceruledge|atk|2
|
|upkeep
|turn|6
|
|t:|1757831042
|move|p2a: Yakuza|Surf|p1a: Ceruledge
|-supereffective|p1a: Ceruledge
|-damage|p1a: Ceruledge|19/100
|move|p1a: Ceruledge|Poltergeist|p2a: Yakuza
|-activate|p2a: Yakuza|move: Poltergeist|Choice Scarf
|-damage|p2a: Yakuza|0 fnt
|faint|p2a: Yakuza
|
|upkeep
|
|t:|1757831052
|switch|p2a: Lesbian|Scizor, F|88/100
|-damage|p2a: Lesbian|76/100|[from] Spikes
|turn|7
|
|t:|1757831056
|move|p1a: Ceruledge|Shadow Sneak|p2a: Lesbian
|-damage|p2a: Lesbian|36/100
|move|p2a: Lesbian|Bullet Punch|p1a: Ceruledge
|-resisted|p1a: Ceruledge
|-damage|p1a: Ceruledge|0 fnt
|faint|p1a: Ceruledge
|
|upkeep
|
|t:|1757831068
|switch|p1a: Darkrai|Darkrai, shiny|100/100
|turn|8
|
|t:|1757831075
|move|p2a: Lesbian|Bullet Punch|p1a: Darkrai
|-damage|p1a: Darkrai|35/100
|move|p1a: Darkrai|Dark Pulse|p2a: Lesbian
|-damage|p2a: Lesbian|0 fnt
|faint|p2a: Lesbian
|
|upkeep
|
|t:|1757831085
|switch|p2a: Bojack|Keldeo|100/100
|-damage|p2a: Bojack|88/100|[from] Spikes
|turn|9
|
|t:|1757831089
|move|p2a: Bojack|Vacuum Wave|p1a: Darkrai
|-supereffective|p1a: Darkrai
|-damage|p1a: Darkrai|0 fnt
|faint|p1a: Darkrai
|
|upkeep
|
|t:|1757831093
|switch|p1a: Primarina|Primarina, M|100/100
|turn|10
|
|t:|1757831097
|switch|p2a: Australian|Vikavolt, M, tera:Ice|100/100
|move|p1a: Primarina|Substitute|p1a: Primarina
|-start|p1a: Primarina|Substitute
|-damage|p1a: Primarina|75/100
|
|-heal|p1a: Primarina|82/100|[from] item: Leftovers
|upkeep
|turn|11
|
|t:|1757831108
|move|p1a: Primarina|Psychic Noise|p2a: Australian
|-damage|p2a: Australian|77/100
|-start|p2a: Australian|move: Heal Block
|move|p2a: Australian|Thunderbolt|p1a: Primarina
|-supereffective|p1a: Primarina
|-end|p1a: Primarina|Substitute
|
|-heal|p1a: Primarina|88/100|[from] item: Leftovers
|upkeep
|turn|12
|
|t:|1757831124
|switch|p1a: Kingambit|Kingambit, F, shiny|100/100
|-activate|p1a: Kingambit|ability: Supreme Overlord
|-start|p1a: Kingambit|fallen4|[silent]
|-item|p1a: Kingambit|Air Balloon
|move|p2a: Australian|Thunderbolt|p1a: Kingambit
|-damage|p1a: Kingambit|48/100
|-enditem|p1a: Kingambit|Air Balloon
|
|-end|p2a: Australian|move: Heal Block
|upkeep
|turn|13
|
|t:|1757831137
|switch|p2a: Bojack|Keldeo|88/100
|-damage|p2a: Bojack|76/100|[from] Spikes
|move|p1a: Kingambit|Sucker Punch||[still]
|-fail|p1a: Kingambit
|
|upkeep
|turn|14
|inactive|TREMBLEB4BAST has 120 seconds left.
|
|t:|1757831184
|move|p2a: Bojack|Vacuum Wave|p1a: Kingambit
|-supereffective|p1a: Kingambit
|-damage|p1a: Kingambit|0 fnt
|faint|p1a: Kingambit
|-end|p1a: Kingambit|fallen4|[silent]
|
|upkeep
|inactive|RandomTrashBag has 120 seconds left.
|
|t:|1757831208
|switch|p1a: Primarina|Primarina, M|88/100
|turn|15
|inactive|RandomTrashBag has 120 seconds left.
|inactive|TREMBLEB4BAST has 90 seconds left.
|
|t:|1757831251
|switch|p2a: Australian|Vikavolt, M, tera:Ice|77/100
|move|p1a: Primarina|Draining Kiss|p2a: Australian
|-damage|p2a: Australian|60/100
|-heal|p1a: Primarina|99/100|[from] drain|[of] p2a: Australian
|
|-heal|p1a: Primarina|100/100|[from] item: Leftovers
|upkeep
|turn|16
|
|t:|1757831260
|move|p1a: Primarina|Substitute|p1a: Primarina
|-start|p1a: Primarina|Substitute
|-damage|p1a: Primarina|75/100
|move|p2a: Australian|Thunderbolt|p1a: Primarina
|-supereffective|p1a: Primarina
|-end|p1a: Primarina|Substitute
|
|-heal|p1a: Primarina|82/100|[from] item: Leftovers
|upkeep
|turn|17
|inactive|RandomTrashBag has 120 seconds left.
|inactive|TREMBLEB4BAST has 90 seconds left.
|-message|RandomTrashBag forfeited.
|
|win|TREMBLEB4BAST
|raw|RandomTrashBag's rating: 1131 &rarr; <strong>1108</strong><br />(-23 for losing)
|raw|TREMBLEB4BAST's rating: 1160 &rarr; <strong>1183</strong><br />(+23 for winning)
|l|☆RandomTrashBag
|player|p1|
|l|☆TREMBLEB4BAST
|player|p2|
