|j|☆brakden
|j|☆941kr
|t:|1757933964
|gametype|singles
|player|p1|brakden|170|1255
|player|p2|941kr|scientist|1237
|gen|9
|tier|[Gen 9] OU
|rated|
|rule|HP Percentage Mod: HP is shown in percentages
|rule|Endless Battle Clause: Forcing endless battles is banned
|rule|Species Clause: Limit one of each Pokémon
|rule|OHKO Clause: OHKO moves are banned
|rule|Evasion Items Clause: Evasion items are banned
|rule|Evasion Moves Clause: Evasion moves are banned
|rule|Evasion Abilities Clause: Evasion abilities are banned
|rule|Sleep Moves Clause: Sleep-inducing moves are banned
|clearpoke
|poke|p1|Deoxys-Speed|
|poke|p1|Dragonite, F|
|poke|p1|Darkrai|
|poke|p1|Iron Moth|
|poke|p1|Scizor, M|
|poke|p1|Great Tusk|
|poke|p2|Volcanion|
|poke|p2|Forretress, M|
|poke|p2|Weavile, M|
|poke|p2|Drifblim, M|
|poke|p2|Mabosstiff, F|
|poke|p2|Latias, F|
|teampreview
|inactive|Battle timer is ON: inactive players will automatically lose when time's up. (requested by 941kr)
|
|t:|1757933967
|teamsize|p1|6
|teamsize|p2|6
|start
|switch|p1a: Dragonite|Dragonite, F|100/100
|switch|p2a: Forretress|Forretress, M|100/100
|turn|1
|
|t:|1757933984
|move|p1a: Dragonite|Dragon Dance|p1a: Dragonite
|-boost|p1a: Dragonite|atk|1
|-boost|p1a: Dragonite|spe|1
|move|p2a: Forretress|Gyro Ball|p1a: Dragonite
|-crit|p1a: Dragonite
|-damage|p1a: Dragonite|44/100
|
|upkeep
|turn|2
|
|t:|1757934003
|move|p1a: Dragonite|Low Kick|p2a: Forretress
|-damage|p2a: Forretress|59/100
|move|p2a: Forretress|Gyro Ball|p1a: Dragonite
|-damage|p1a: Dragonite|0 fnt
|faint|p1a: Dragonite
|
|upkeep
|
|t:|1757934015
|switch|p1a: Iron Moth|Iron Moth|100/100
|-enditem|p1a: Iron Moth|Booster Energy
|-activate|p1a: Iron Moth|ability: Quark Drive|[fromitem]
|-start|p1a: Iron Moth|quarkdrivespe
|turn|3
|
|t:|1757934022
|switch|p2a: Volcanion|Volcanion|100/100
|move|p1a: Iron Moth|Fiery Dance|p2a: Volcanion
|-resisted|p2a: Volcanion
|-damage|p2a: Volcanion|90/100
|
|upkeep
|turn|4
|inactive|brakden has 120 seconds left.
|
|t:|1757934043
|-terastallize|p1a: Iron Moth|Fairy
|move|p1a: Iron Moth|Toxic Spikes|p2a: Volcanion
|-sidestart|p2: 941kr|move: Toxic Spikes
|move|p2a: Volcanion|Steam Eruption|p1a: Iron Moth
|-damage|p1a: Iron Moth|32/100
|
|upkeep
|turn|5
|inactive|brakden has 120 seconds left.
|
|t:|1757934064
|move|p1a: Iron Moth|Dazzling Gleam|p2a: Volcanion
|-resisted|p2a: Volcanion
|-damage|p2a: Volcanion|70/100
|move|p2a: Volcanion|Steam Eruption|p1a: Iron Moth
|-damage|p1a: Iron Moth|0 fnt
|faint|p1a: Iron Moth
|-end|p1a: Iron Moth|Quark Drive|[silent]
|
|upkeep
|
|t:|1757934075
|switch|p1a: Great Tusk|Great Tusk|100/100
|-enditem|p1a: Great Tusk|Booster Energy
|-activate|p1a: Great Tusk|ability: Protosynthesis|[fromitem]
|-start|p1a: Great Tusk|protosynthesisspe
|turn|6
|
|t:|1757934090
|move|p1a: Great Tusk|Headlong Rush|p2a: Volcanion
|-supereffective|p2a: Volcanion
|-damage|p2a: Volcanion|0 fnt
|-unboost|p1a: Great Tusk|def|1
|-unboost|p1a: Great Tusk|spd|1
|faint|p2a: Volcanion
|
|upkeep
|
|t:|1757934097
|switch|p2a: Latias|Latias, F|100/100
|turn|7
|
|t:|1757934119
|-end|p1a: Great Tusk|Protosynthesis|[silent]
|switch|p1a: Darkrai|Darkrai|100/100
|-terastallize|p2a: Latias|Steel
|move|p2a: Latias|Ice Beam|p1a: Darkrai
|-damage|p1a: Darkrai|34/100
|
|upkeep
|turn|8
|inactive|brakden has 90 seconds left.
|
|t:|1757934143
|switch|p2a: Mabosstiff|Mabosstiff, F|100/100
|-status|p2a: Mabosstiff|psn
|move|p1a: Darkrai|Focus Blast|p2a: Mabosstiff|[miss]
|-miss|p1a: Darkrai|p2a: Mabosstiff
|
|-damage|p2a: Mabosstiff|88/100 psn|[from] psn
|upkeep
|turn|9
|inactive|brakden has 90 seconds left.
|
|t:|1757934157
|move|p1a: Darkrai|Dark Pulse|p2a: Mabosstiff
|-resisted|p2a: Mabosstiff
|-damage|p2a: Mabosstiff|43/100 psn
|-damage|p1a: Darkrai|24/100|[from] item: Life Orb
|move|p2a: Mabosstiff|Destiny Bond|p2a: Mabosstiff
|-singlemove|p2a: Mabosstiff|Destiny Bond
|
|-damage|p2a: Mabosstiff|31/100 psn|[from] psn
|upkeep
|turn|10
|inactive|brakden has 90 seconds left.
|
|t:|1757934178
|move|p1a: Darkrai|Ice Beam|p2a: Mabosstiff
|-damage|p2a: Mabosstiff|0 fnt
|faint|p2a: Mabosstiff
|-activate|p2a: Mabosstiff|move: Destiny Bond
|faint|p1a: Darkrai
|
|upkeep
|
|t:|1757934196
|switch|p1a: Deoxys|Deoxys-Speed|100/100
|switch|p2a: Drifblim|Drifblim, M|100/100
|-ability|p1a: Deoxys|Pressure
|turn|11
|
|t:|1757934214
|move|p1a: Deoxys|Ice Beam|p2a: Drifblim
|-supereffective|p2a: Drifblim
|-damage|p2a: Drifblim|49/100
|-enditem|p2a: Drifblim|Sitrus Berry|[eat]
|-heal|p2a: Drifblim|74/100|[from] item: Sitrus Berry
|move|p2a: Drifblim|Tailwind|p2a: Drifblim
|-sidestart|p2: 941kr|move: Tailwind
|
|upkeep
|turn|12
|
|t:|1757934224
|move|p2a: Drifblim|Shadow Ball|p1a: Deoxys
|-supereffective|p1a: Deoxys
|-damage|p1a: Deoxys|33/100
|move|p1a: Deoxys|Ice Beam|p2a: Drifblim
|-supereffective|p2a: Drifblim
|-damage|p2a: Drifblim|20/100
|
|upkeep
|turn|13
|inactive|brakden has 60 seconds left.
|
|t:|1757934247
|switch|p1a: Great Tusk|Great Tusk|100/100
|move|p2a: Drifblim|Shadow Ball|p1a: Great Tusk
|-damage|p1a: Great Tusk|66/100
|
|upkeep
|turn|14
|inactive|brakden has 60 seconds left.
|
|t:|1757934261
|move|p2a: Drifblim|Destiny Bond|p2a: Drifblim
|-singlemove|p2a: Drifblim|Destiny Bond
|move|p1a: Great Tusk|Ice Spinner|p2a: Drifblim
|-supereffective|p2a: Drifblim
|-damage|p2a: Drifblim|0 fnt
|faint|p2a: Drifblim
|-activate|p2a: Drifblim|move: Destiny Bond
|faint|p1a: Great Tusk
|-end|p1a: Great Tusk|Protosynthesis|[silent]
|
|-sideend|p2: 941kr|move: Tailwind
|upkeep
|
|t:|1757934275
|switch|p1a: Scizor|Scizor, M|100/100
|switch|p2a: Forretress|Forretress, M|59/100
|turn|15
|
|t:|1757934297
|move|p1a: Scizor|Knock Off|p2a: Forretress
|-damage|p2a: Forretress|21/100
|-enditem|p2a: Forretress|Custap Berry|[from] move: Knock Off|[of] p1a: Scizor
|move|p2a: Forretress|Rapid Spin|p1a: Scizor
|-resisted|p1a: Scizor
|-damage|p1a: Scizor|92/100
|-boost|p2a: Forretress|spe|1
|-sideend|p2: 941kr|Toxic Spikes|[from] move: Rapid Spin|[of] p2a: Forretress
|
|upkeep
|turn|16
|
|t:|1757934311
|move|p1a: Scizor|Knock Off|p2a: Forretress
|-damage|p2a: Forretress|0 fnt
|faint|p2a: Forretress
|
|upkeep
|
|t:|1757934317
|switch|p2a: Latias|Latias, F, tera:Steel|100/100
|turn|17
|
|t:|1757934323
|move|p2a: Latias|Draco Meteor|p1a: Scizor
|-resisted|p1a: Scizor
|-damage|p1a: Scizor|32/100
|-unboost|p2a: Latias|spa|2
|move|p1a: Scizor|Knock Off|p2a: Latias
|-damage|p2a: Latias|28/100
|-enditem|p2a: Latias|Choice Specs|[from] move: Knock Off|[of] p1a: Scizor
|
|upkeep
|turn|18
|
|t:|1757934332
|move|p2a: Latias|Draco Meteor|p1a: Scizor
|-resisted|p1a: Scizor
|-damage|p1a: Scizor|13/100
|-unboost|p2a: Latias|spa|2
|move|p1a: Scizor|Knock Off|p2a: Latias
|-damage|p2a: Latias|0 fnt
|faint|p2a: Latias
|
|upkeep
|
|t:|1757934335
|switch|p2a: Weavile|Weavile, M|100/100
|-ability|p2a: Weavile|Pressure
|turn|19
|
|t:|1757934344
|move|p2a: Weavile|Ice Shard|p1a: Scizor
|-resisted|p1a: Scizor
|-damage|p1a: Scizor|3/100
|move|p1a: Scizor|Knock Off|p2a: Weavile
|-resisted|p2a: Weavile
|-damage|p2a: Weavile|51/100
|-enditem|p2a: Weavile|Focus Sash|[from] move: Knock Off|[of] p1a: Scizor
|
|upkeep
|turn|20
|
|t:|1757934359
|move|p2a: Weavile|Ice Shard|p1a: Scizor
|-resisted|p1a: Scizor
|-damage|p1a: Scizor|0 fnt
|faint|p1a: Scizor
|
|upkeep
|
|t:|1757934367
|switch|p1a: Deoxys|Deoxys-Speed|33/100
|-ability|p1a: Deoxys|Pressure
|turn|21
|
|t:|1757934387
|move|p2a: Weavile|Ice Shard|p1a: Deoxys
|-damage|p1a: Deoxys|6/100
|move|p1a: Deoxys|Ice Beam|p2a: Weavile
|-resisted|p2a: Weavile
|-damage|p2a: Weavile|35/100
|
|upkeep
|turn|22
|
|t:|1757934396
|move|p2a: Weavile|Ice Shard|p1a: Deoxys
|-damage|p1a: Deoxys|0 fnt
|faint|p1a: Deoxys
|
|win|941kr
|raw|brakden's rating: 1255 &rarr; <strong>1229</strong><br />(-26 for losing)
|raw|941kr's rating: 1237 &rarr; <strong>1263</strong><br />(+26 for winning)
|l|☆941kr
|player|p2|
|l|☆brakden
|player|p1|
