|j|☆Maxlevelcaterpie
|j|☆Xan_Oops
|t:|1757883966
|gametype|singles
|player|p1|Maxlevelcaterpie|170|
|player|p2|Xan_Oops|medium|
|gen|9
|tier|[Gen 9] OU
|rule|HP Percentage Mod: HP is shown in percentages
|rule|Endless Battle Clause: Forcing endless battles is banned
|rule|Species Clause: Limit one of each Pokémon
|rule|OHKO Clause: OHKO moves are banned
|rule|Evasion Items Clause: Evasion items are banned
|rule|Evasion Moves Clause: Evasion moves are banned
|rule|Evasion Abilities Clause: Evasion abilities are banned
|rule|Sleep Moves Clause: Sleep-inducing moves are banned
|clearpoke
|poke|p1|Lokix, F|
|poke|p1|Azumarill, F|
|poke|p1|Zapdos|
|poke|p1|Scizor, M|
|poke|p1|Moltres|
|poke|p1|Kleavor, F|
|poke|p2|Skarmory, F|
|poke|p2|Iron Treads|
|poke|p2|Cobalion|
|poke|p2|Gholdengo|
|poke|p2|Pecharunt|
|poke|p2|Deoxys-Speed|
|teampreview
|j| butts99999
|j| ggbridges
|
|t:|1757884025
|teamsize|p1|6
|teamsize|p2|6
|start
|switch|p1a: glaive|Kleavor, F|100/100
|switch|p2a: Cobalion|Cobalion|100/100
|turn|1
|
|t:|1757884042
|move|p2a: Cobalion|Thunder Wave|p1a: glaive
|-status|p1a: glaive|par
|move|p1a: glaive|Stone Axe|p2a: Cobalion
|-resisted|p2a: Cobalion
|-damage|p2a: Cobalion|92/100
|-damage|p1a: glaive|84/100 par|[from] item: Rocky Helmet|[of] p2a: Cobalion
|-sidestart|p2: Xan_Oops|move: Stealth Rock
|
|upkeep
|turn|2
|
|t:|1757884058
|switch|p1a: shocks|Zapdos|100/100
|move|p2a: Cobalion|Body Press|p1a: shocks
|-resisted|p1a: shocks
|-damage|p1a: shocks|76/100
|
|upkeep
|turn|3
|
|t:|1757884071
|switch|p2a: Pecharunt|Pecharunt|100/100
|move|p1a: shocks|Heat Wave|p2a: Pecharunt|[miss]
|-miss|p1a: shocks|p2a: Pecharunt
|
|upkeep
|turn|4
|
|t:|1757884085
|move|p1a: shocks|Thunderbolt|p2a: Pecharunt
|-damage|p2a: Pecharunt|52/100
|move|p2a: Pecharunt|Malignant Chain|p1a: shocks
|-damage|p1a: shocks|38/100
|
|upkeep
|turn|5
|
|t:|1757884093
|move|p1a: shocks|Thunderbolt|p2a: Pecharunt
|-damage|p2a: Pecharunt|9/100
|move|p2a: Pecharunt|Malignant Chain|p1a: shocks
|-damage|p1a: shocks|3/100
|-status|p1a: shocks|tox
|-start|p1a: shocks|confusion|[from] ability: Poison Puppeteer|[of] p2a: Pecharunt
|
|-damage|p1a: shocks|0 fnt|[from] psn
|faint|p1a: shocks
|upkeep
|
|t:|1757884104
|switch|p1a: rubber duck|Moltres|100/100
|turn|6
|
|t:|1757884115
|move|p2a: Pecharunt|Recover|p2a: Pecharunt
|-heal|p2a: Pecharunt|59/100
|move|p1a: rubber duck|Roar|p2a: Pecharunt
|drag|p2a: Cobalion|Cobalion|92/100
|-damage|p2a: Cobalion|89/100|[from] Stealth Rock
|
|upkeep
|turn|7
|
|t:|1757884127
|move|p2a: Cobalion|Thunder Wave|p1a: rubber duck
|-status|p1a: rubber duck|par
|move|p1a: rubber duck|Flamethrower|p2a: Cobalion
|-supereffective|p2a: Cobalion
|-damage|p2a: Cobalion|0 fnt
|faint|p2a: Cobalion
|
|upkeep
|
|t:|1757884134
|switch|p2a: Pecharunt|Pecharunt|59/100
|turn|8
|
|t:|1757884142
|move|p2a: Pecharunt|Recover|p2a: Pecharunt
|-heal|p2a: Pecharunt|100/100
|move|p1a: rubber duck|Flamethrower|p2a: Pecharunt
|-damage|p2a: Pecharunt|62/100
|-status|p2a: Pecharunt|brn
|
|-damage|p2a: Pecharunt|55/100 brn|[from] brn
|upkeep
|turn|9
|
|t:|1757884150
|move|p2a: Pecharunt|Malignant Chain|p1a: rubber duck
|-damage|p1a: rubber duck|69/100 par
|move|p1a: rubber duck|Flamethrower|p2a: Pecharunt
|-damage|p2a: Pecharunt|19/100 brn
|
|-damage|p2a: Pecharunt|13/100 brn|[from] brn
|upkeep
|turn|10
|
|t:|1757884159
|move|p2a: Pecharunt|Recover|p2a: Pecharunt
|-heal|p2a: Pecharunt|63/100 brn
|move|p1a: rubber duck|Flamethrower|p2a: Pecharunt
|-damage|p2a: Pecharunt|25/100 brn
|
|-damage|p2a: Pecharunt|19/100 brn|[from] brn
|upkeep
|turn|11
|
|t:|1757884167
|move|p2a: Pecharunt|Recover|p2a: Pecharunt
|-heal|p2a: Pecharunt|69/100 brn
|move|p1a: rubber duck|Flamethrower|p2a: Pecharunt
|-damage|p2a: Pecharunt|28/100 brn
|
|-damage|p2a: Pecharunt|22/100 brn|[from] brn
|upkeep
|turn|12
|
|t:|1757884173
|move|p2a: Pecharunt|Recover|p2a: Pecharunt
|-heal|p2a: Pecharunt|72/100 brn
|move|p1a: rubber duck|Flamethrower|p2a: Pecharunt
|-damage|p2a: Pecharunt|38/100 brn
|
|-damage|p2a: Pecharunt|32/100 brn|[from] brn
|upkeep
|turn|13
|
|t:|1757884180
|move|p2a: Pecharunt|Recover|p2a: Pecharunt
|-heal|p2a: Pecharunt|82/100 brn
|move|p1a: rubber duck|Flamethrower|p2a: Pecharunt
|-damage|p2a: Pecharunt|46/100 brn
|
|-damage|p2a: Pecharunt|40/100 brn|[from] brn
|upkeep
|turn|14
|raw|<div class="broadcast-red"><b>The server is restarting soon.</b><br />Please finish your battles quickly. No new battles can be started until the server resets in a few minutes.</div>
|inactive|Battle timer is ON: inactive players will automatically lose when time's up.
|raw|<div class="broadcast-red"><b>Moderated chat was set to +!</b><br />Only users of rank + and higher can talk.</div>
|
|t:|1757884188
|move|p2a: Pecharunt|Recover|p2a: Pecharunt
|-heal|p2a: Pecharunt|90/100 brn
|move|p1a: rubber duck|Flamethrower|p2a: Pecharunt
|-damage|p2a: Pecharunt|52/100 brn
|
|-damage|p2a: Pecharunt|46/100 brn|[from] brn
|upkeep
|turn|15
|
|t:|1757884195
|move|p2a: Pecharunt|Recover|p2a: Pecharunt
|-heal|p2a: Pecharunt|96/100 brn
|cant|p1a: rubber duck|par
|
|-damage|p2a: Pecharunt|90/100 brn|[from] brn
|upkeep
|turn|16
|
|t:|1757884212
|move|p2a: Pecharunt|Malignant Chain|p1a: rubber duck
|-damage|p1a: rubber duck|39/100 par
|cant|p1a: rubber duck|par
|
|-damage|p2a: Pecharunt|84/100 brn|[from] brn
|upkeep
|turn|17
|
|t:|1757884225
|switch|p1a: red|Scizor, M|100/100
|move|p2a: Pecharunt|Malignant Chain|p1a: red
|-immune|p1a: red
|
|-damage|p2a: Pecharunt|78/100 brn|[from] brn
|upkeep
|turn|18
|inactive|Maxlevelcaterpie has 270 seconds left.
|
|t:|1757884252
|move|p2a: Pecharunt|Parting Shot|p1a: red
|-unboost|p1a: red|atk|1
|-unboost|p1a: red|spa|1
|
|t:|1757884261
|switch|p2a: Skarmory|Skarmory, F|100/100|[from] Parting Shot
|-damage|p2a: Skarmory|88/100|[from] Stealth Rock
|move|p1a: red|Knock Off|p2a: Skarmory
|-damage|p2a: Skarmory|64/100
|-damage|p1a: red|84/100|[from] item: Rocky Helmet|[of] p2a: Skarmory
|-enditem|p2a: Skarmory|Rocky Helmet|[from] move: Knock Off|[of] p1a: red
|
|upkeep
|turn|19
|
|t:|1757884271
|move|p1a: red|Knock Off|p2a: Skarmory
|-damage|p2a: Skarmory|48/100
|move|p2a: Skarmory|Body Press|p1a: red
|-damage|p1a: red|54/100
|
|upkeep
|turn|20
|
|t:|1757884284
|switch|p1a: rubber duck|Moltres|39/100 par
|move|p2a: Skarmory|Roost|p2a: Skarmory
|-heal|p2a: Skarmory|98/100
|-singleturn|p2a: Skarmory|move: Roost
|
|upkeep
|turn|21
|
|t:|1757884291
|switch|p2a: Pecharunt|Pecharunt|78/100 brn
|cant|p1a: rubber duck|par
|
|-damage|p2a: Pecharunt|72/100 brn|[from] brn
|upkeep
|turn|22
|
|t:|1757884298
|move|p2a: Pecharunt|Shadow Ball|p1a: rubber duck
|-damage|p1a: rubber duck|16/100 par
|move|p1a: rubber duck|Roost|p1a: rubber duck
|-heal|p1a: rubber duck|66/100 par
|-singleturn|p1a: rubber duck|move: Roost
|
|-damage|p2a: Pecharunt|65/100 brn|[from] brn
|upkeep
|turn|23
|
|t:|1757884306
|move|p2a: Pecharunt|Malignant Chain|p1a: rubber duck
|-crit|p1a: rubber duck
|-damage|p1a: rubber duck|20/100 par
|move|p1a: rubber duck|Flamethrower|p2a: Pecharunt
|-damage|p2a: Pecharunt|30/100 brn
|
|-damage|p2a: Pecharunt|24/100 brn|[from] brn
|upkeep
|turn|24
|
|t:|1757884317
|switch|p1a: terrifier|Lokix, F|100/100
|move|p2a: Pecharunt|Shadow Ball|p1a: terrifier
|-resisted|p1a: terrifier
|-damage|p1a: terrifier|84/100
|
|-damage|p2a: Pecharunt|18/100 brn|[from] brn
|upkeep
|turn|25
|
|t:|1757884328
|move|p1a: terrifier|First Impression|p2a: Pecharunt
|-resisted|p2a: Pecharunt
|-damage|p2a: Pecharunt|9/100 brn
|move|p2a: Pecharunt|Parting Shot|p1a: terrifier
|-unboost|p1a: terrifier|atk|1
|-unboost|p1a: terrifier|spa|1
|
|t:|1757884334
|switch|p2a: Skarmory|Skarmory, F|98/100|[from] Parting Shot
|-damage|p2a: Skarmory|86/100|[from] Stealth Rock
|
|upkeep
|turn|26
|
|t:|1757884344
|move|p1a: terrifier|Astonish|p2a: Skarmory
|-damage|p2a: Skarmory|82/100
|move|p2a: Skarmory|Brave Bird|p1a: terrifier
|-supereffective|p1a: terrifier
|-damage|p1a: terrifier|0 fnt
|faint|p1a: terrifier
|-damage|p2a: Skarmory|58/100|[from] Recoil
|
|upkeep
|
|t:|1757884354
|switch|p1a: rubber duck|Moltres|20/100 par
|turn|27
|
|t:|1757884360
|move|p2a: Skarmory|Brave Bird|p1a: rubber duck
|-damage|p1a: rubber duck|0 fnt
|faint|p1a: rubber duck
|-damage|p2a: Skarmory|51/100|[from] Recoil
|
|upkeep
|
|t:|1757884368
|switch|p1a: wabbit|Azumarill, F|100/100
|turn|28
|
|t:|1757884382
|move|p1a: wabbit|Belly Drum|p1a: wabbit
|-damage|p1a: wabbit|50/100
|-setboost|p1a: wabbit|atk|6|[from] move: Belly Drum
|-enditem|p1a: wabbit|Sitrus Berry|[eat]
|-heal|p1a: wabbit|75/100|[from] item: Sitrus Berry
|move|p2a: Skarmory|Brave Bird|p1a: wabbit
|-damage|p1a: wabbit|31/100
|-damage|p2a: Skarmory|36/100|[from] Recoil
|
|upkeep
|turn|29
|
|t:|1757884394
|move|p1a: wabbit|Aqua Jet|p2a: Skarmory
|-damage|p2a: Skarmory|0 fnt
|faint|p2a: Skarmory
|
|upkeep
|
|t:|1757884416
|switch|p2a: Pecharunt|Pecharunt|9/100 brn
|turn|30
|
|t:|1757884421
|move|p1a: wabbit|Aqua Jet|p2a: Pecharunt
|-damage|p2a: Pecharunt|0 fnt
|faint|p2a: Pecharunt
|
|upkeep
|
|t:|1757884425
|switch|p2a: Iron Treads|Iron Treads|100/100
|-damage|p2a: Iron Treads|97/100|[from] Stealth Rock
|-enditem|p2a: Iron Treads|Booster Energy
|-activate|p2a: Iron Treads|ability: Quark Drive|[fromitem]
|-start|p2a: Iron Treads|quarkdrivespe
|turn|31
|inactive|Xan_Oops has 270 seconds left.
|
|t:|1757884469
|move|p1a: wabbit|Aqua Jet|p2a: Iron Treads
|-supereffective|p2a: Iron Treads
|-damage|p2a: Iron Treads|0 fnt
|faint|p2a: Iron Treads
|-end|p2a: Iron Treads|Quark Drive|[silent]
|
|upkeep
|
|t:|1757884473
|switch|p2a: Gholdengo|Gholdengo|100/100
|-damage|p2a: Gholdengo|94/100|[from] Stealth Rock
|-item|p2a: Gholdengo|Air Balloon
|turn|32
|inactive|Xan_Oops has 270 seconds left.
|
|t:|1757884480
|-terastallize|p2a: Gholdengo|Steel
|move|p1a: wabbit|Aqua Jet|p2a: Gholdengo
|-damage|p2a: Gholdengo|0 fnt
|-enditem|p2a: Gholdengo|Air Balloon
|faint|p2a: Gholdengo
|
|upkeep
|inactive|Xan_Oops has 270 seconds left.
|
|t:|1757884486
|switch|p2a: Deoxys|Deoxys-Speed|100/100
|-ability|p2a: Deoxys|Pressure
|turn|33
|
|t:|1757884494
|move|p1a: wabbit|Aqua Jet|p2a: Deoxys
|-damage|p2a: Deoxys|0 fnt
|faint|p2a: Deoxys
|
|win|Maxlevelcaterpie
