|j|☆henryallain
|j|☆C0nway
|t:|1757823277
|gametype|singles
|player|p1|henryallain|265|1268
|player|p2|C0nway|blaine|1242
|gen|9
|tier|[Gen 9] OU
|rated|
|rule|HP Percentage Mod: HP is shown in percentages
|rule|Endless Battle Clause: Forcing endless battles is banned
|rule|Species Clause: Limit one of each Pokémon
|rule|OHKO Clause: OHKO moves are banned
|rule|Evasion Items Clause: Evasion items are banned
|rule|Evasion Moves Clause: Evasion moves are banned
|rule|Evasion Abilities Clause: Evasion abilities are banned
|rule|Sleep Moves Clause: Sleep-inducing moves are banned
|clearpoke
|poke|p1|Dachsbun, F|
|poke|p1|Corviknight, M|
|poke|p1|Umbreon, F|
|poke|p1|Ribombee, M|
|poke|p1|Hoopa-Unbound|
|poke|p1|Arcanine-Hisui, M|
|poke|p2|Indeedee, M|
|poke|p2|Hatterene, F|
|poke|p2|Ursaluna, F|
|poke|p2|Iron Hands|
|poke|p2|Hoopa-Unbound|
|poke|p2|Mimikyu, F|
|teampreview
|
|t:|1757823286
|teamsize|p1|6
|teamsize|p2|6
|start
|switch|p1a: Ribombee|Ribombee, M|100/100
|switch|p2a: Mimi|Mimikyu, F, shiny|100/100
|turn|1
|
|t:|1757823304
|move|p1a: Ribombee|Moonblast|p2a: Mimi
|-activate|p2a: Mimi|ability: Disguise
|-damage|p2a: Mimi|100/100
|detailschange|p2a: Mimi|Mimikyu-Busted, F, shiny
|-damage|p2a: Mimi|88/100|[from] pokemon: Mimikyu-Busted
|-enditem|p2a: Mimi|Red Card|[of] p1a: Ribombee
|drag|p1a: Corviknight|Corviknight, M|100/100
|move|p2a: Mimi|Trick Room|p2a: Mimi
|-fieldstart|move: Trick Room|[of] p2a: Mimi
|
|upkeep
|turn|2
|
|t:|1757823316
|move|p1a: Corviknight|Iron Defense|p1a: Corviknight
|-boost|p1a: Corviknight|def|2
|move|p2a: Mimi|Curse|p1a: Corviknight
|-start|p1a: Corviknight|Curse|[of] p2a: Mimi
|-damage|p2a: Mimi|38/100
|
|-damage|p1a: Corviknight|75/100|[from] Curse
|upkeep
|turn|3
|
|t:|1757823328
|switch|p2a: LEBRON|Iron Hands, shiny|100/100
|-enditem|p2a: LEBRON|Booster Energy
|-activate|p2a: LEBRON|ability: Quark Drive|[fromitem]
|-start|p2a: LEBRON|quarkdriveatk
|move|p1a: Corviknight|Brave Bird|p2a: LEBRON
|-damage|p2a: LEBRON|76/100
|-damage|p1a: Corviknight|66/100|[from] Recoil
|
|-heal|p1a: Corviknight|73/100|[from] item: Leftovers
|-damage|p1a: Corviknight|48/100|[from] Curse
|upkeep
|turn|4
|
|t:|1757823350
|move|p2a: LEBRON|Supercell Slam|p1a: Corviknight
|-supereffective|p1a: Corviknight
|-damage|p1a: Corviknight|0 fnt
|faint|p1a: Corviknight
|
|upkeep
|
|t:|1757823357
|switch|p1a: Ribombee|Ribombee, M|100/100
|turn|5
|
|t:|1757823362
|move|p2a: LEBRON|Heavy Slam|p1a: Ribombee
|-supereffective|p1a: Ribombee
|-enditem|p1a: Ribombee|Focus Sash
|-damage|p1a: Ribombee|1/100
|move|p1a: Ribombee|Sticky Web|p2a: LEBRON
|-sidestart|p2: C0nway|move: Sticky Web
|
|-fieldend|move: Trick Room
|upkeep
|turn|6
|
|t:|1757823375
|move|p1a: Ribombee|Moonblast|p2a: LEBRON
|-supereffective|p2a: LEBRON
|-damage|p2a: LEBRON|6/100
|move|p2a: LEBRON|Heavy Slam|p1a: Ribombee
|-supereffective|p1a: Ribombee
|-damage|p1a: Ribombee|0 fnt
|faint|p1a: Ribombee
|
|upkeep
|
|t:|1757823382
|switch|p1a: Dachsbun|Dachsbun, F|100/100
|turn|7
|inactive|Battle timer is ON: inactive players will automatically lose when time's up. (requested by henryallain)
|
|t:|1757823401
|-end|p2a: LEBRON|Quark Drive|[silent]
|switch|p2a: Subaru|Indeedee, M, shiny|100/100
|-activate|p2a: Subaru|move: Sticky Web
|-unboost|p2a: Subaru|spe|1
|-fieldstart|move: Psychic Terrain|[from] ability: Psychic Surge|[of] p2a: Subaru
|move|p1a: Dachsbun|Body Press|p2a: Subaru
|-damage|p2a: Subaru|68/100
|
|upkeep
|turn|8
|
|t:|1757823415
|move|p1a: Dachsbun|Play Rough|p2a: Subaru
|-damage|p2a: Subaru|40/100
|move|p2a: Subaru|Trick Room|p2a: Subaru
|-fieldstart|move: Trick Room|[of] p2a: Subaru
|
|upkeep
|turn|9
|
|t:|1757823432
|move|p1a: Dachsbun|Protect|p1a: Dachsbun
|-singleturn|p1a: Dachsbun|Protect
|move|p2a: Subaru|Healing Wish|p2a: Subaru
|faint|p2a: Subaru
|
|upkeep
|
|t:|1757823434
|switch|p2a: LEBRON|Iron Hands, shiny|6/100
|-heal|p2a: LEBRON|100/100|[from] move: Healing Wish
|-activate|p2a: LEBRON|move: Sticky Web
|-unboost|p2a: LEBRON|spe|1
|turn|10
|
|t:|1757823453
|move|p2a: LEBRON|Supercell Slam|p1a: Dachsbun
|-damage|p1a: Dachsbun|56/100
|move|p1a: Dachsbun|Wish|p1a: Dachsbun
|
|-heal|p1a: Dachsbun|62/100|[from] item: Leftovers
|upkeep
|turn|11
|
|t:|1757823464
|-end|p2a: LEBRON|Quark Drive|[silent]
|switch|p2a: Crashout YN|Ursaluna, F, shiny|100/100
|-activate|p2a: Crashout YN|move: Sticky Web
|-unboost|p2a: Crashout YN|spe|1
|move|p1a: Dachsbun|Play Rough|p2a: Crashout YN
|-damage|p2a: Crashout YN|83/100
|
|-heal|p1a: Dachsbun|100/100|[from] move: Wish|[wisher] Dachsbun
|-status|p2a: Crashout YN|brn|[from] item: Flame Orb
|upkeep
|turn|12
|
|t:|1757823477
|-terastallize|p2a: Crashout YN|Normal
|move|p1a: Dachsbun|Protect|p1a: Dachsbun
|-singleturn|p1a: Dachsbun|Protect
|move|p2a: Crashout YN|Facade|p1a: Dachsbun
|-activate|p1a: Dachsbun|move: Protect
|
|-damage|p2a: Crashout YN|77/100 brn|[from] brn
|-fieldend|move: Trick Room
|upkeep
|turn|13
|
|t:|1757823485
|-terastallize|p1a: Dachsbun|Steel
|move|p1a: Dachsbun|Body Press|p2a: Crashout YN
|-supereffective|p2a: Crashout YN
|-damage|p2a: Crashout YN|34/100 brn
|move|p2a: Crashout YN|Facade|p1a: Dachsbun
|-resisted|p1a: Dachsbun
|-damage|p1a: Dachsbun|36/100
|
|-heal|p1a: Dachsbun|42/100|[from] item: Leftovers
|-damage|p2a: Crashout YN|28/100 brn|[from] brn
|upkeep
|turn|14
|
|t:|1757823500
|switch|p2a: King Von|Hoopa-Unbound|100/100
|-activate|p2a: King Von|move: Sticky Web
|-unboost|p2a: King Von|spe|1
|-enditem|p2a: King Von|Psychic Seed
|-boost|p2a: King Von|spd|1|[from] item: Psychic Seed
|move|p1a: Dachsbun|Body Press|p2a: King Von
|-damage|p2a: King Von|70/100
|
|-heal|p1a: Dachsbun|48/100|[from] item: Leftovers
|-fieldend|move: Psychic Terrain
|upkeep
|turn|15
|
|t:|1757823509
|move|p1a: Dachsbun|Protect|p1a: Dachsbun
|-singleturn|p1a: Dachsbun|Protect
|move|p2a: King Von|Trick Room|p2a: King Von
|-fieldstart|move: Trick Room|[of] p2a: King Von
|
|-heal|p1a: Dachsbun|54/100|[from] item: Leftovers
|upkeep
|turn|16
|
|t:|1757823520
|move|p1a: Dachsbun|Protect||[still]
|-fail|p1a: Dachsbun
|move|p2a: King Von|Hyperspace Fury|p1a: Dachsbun
|-damage|p1a: Dachsbun|15/100
|-unboost|p2a: King Von|def|1
|-item|p2a: King Von|Leftovers|[from] ability: Magician|[of] p1a: Dachsbun
|
|-heal|p2a: King Von|76/100|[from] item: Leftovers
|upkeep
|turn|17
|
|t:|1757823546
|move|p1a: Dachsbun|Protect|p1a: Dachsbun
|-singleturn|p1a: Dachsbun|Protect
|move|p2a: King Von|Hyperspace Fury|p1a: Dachsbun
|-activate|p1a: Dachsbun|move: Hyperspace Fury|[broken]
|-damage|p1a: Dachsbun|0 fnt
|-unboost|p2a: King Von|def|1
|faint|p1a: Dachsbun
|
|-heal|p2a: King Von|82/100|[from] item: Leftovers
|upkeep
|
|t:|1757823551
|switch|p1a: Umbreon|Umbreon, F|100/100
|turn|18
|
|t:|1757823563
|move|p2a: King Von|Focus Blast|p1a: Umbreon
|-supereffective|p1a: Umbreon
|-damage|p1a: Umbreon|43/100
|move|p1a: Umbreon|Foul Play|p2a: King Von
|-damage|p2a: King Von|0 fnt
|faint|p2a: King Von
|
|-heal|p1a: Umbreon|49/100|[from] item: Leftovers
|upkeep
|
|t:|1757823575
|switch|p2a: Crashout YN|Ursaluna, F, shiny, tera:Normal|28/100 brn
|-activate|p2a: Crashout YN|move: Sticky Web
|-unboost|p2a: Crashout YN|spe|1
|turn|19
|inactive|henryallain has 120 seconds left.
|inactive|henryallain has 90 seconds left.
|l|☆henryallain
|inactive|henryallain disconnected and has a minute to reconnect!
|player|p1|
|inactive|henryallain has 30 seconds to reconnect!
|inactive|henryallain has 20 seconds to reconnect!
|inactive|henryallain has 15 seconds to reconnect!
|inactive|henryallain has 10 seconds to reconnect!
|inactive|henryallain has 5 seconds to reconnect!
|-message|henryallain lost due to inactivity.
|
|win|C0nway
|raw|henryallain's rating: 1268 &rarr; <strong>1241</strong><br />(-27 for losing)
|raw|C0nway's rating: 1242 &rarr; <strong>1269</strong><br />(+27 for winning)
|l|☆C0nway
|player|p2|
