|j|☆Yugiohvn
|j|☆ChronosXZ
|t:|1757851344
|gametype|singles
|player|p1|Yugiohvn|elesa|1550
|player|p2|ChronosXZ|2|1525
|gen|9
|tier|[Gen 9] OU
|rated|
|rule|HP Percentage Mod: HP is shown in percentages
|rule|Endless Battle Clause: Forcing endless battles is banned
|rule|Species Clause: Limit one of each Pokémon
|rule|OHKO Clause: OHKO moves are banned
|rule|Evasion Items Clause: Evasion items are banned
|rule|Evasion Moves Clause: Evasion moves are banned
|rule|Evasion Abilities Clause: Evasion abilities are banned
|rule|Sleep Moves Clause: Sleep-inducing moves are banned
|clearpoke
|poke|p1|Pelipper, M|
|poke|p1|Clodsire, F|
|poke|p1|Tornadus-Therian, M|
|poke|p1|Barraskewda, F|
|poke|p1|Raging Bolt|
|poke|p1|Scizor, F|
|poke|p2|Great Tusk|
|poke|p2|Heatran, M|
|poke|p2|Weavile, M|
|poke|p2|Primarina, M|
|poke|p2|Ogerpon, F|
|poke|p2|Pecharunt|
|teampreview
|
|t:|1757851352
|teamsize|p1|6
|teamsize|p2|6
|start
|switch|p1a: Scizor|Scizor, F|100/100
|switch|p2a: Anonymous|Ogerpon, F|100/100
|turn|1
|
|t:|1757851356
|move|p2a: Anonymous|U-turn|p1a: Scizor
|-resisted|p1a: Scizor
|-damage|p1a: Scizor|87/100
|
|t:|1757851363
|switch|p2a: Behemoth|Great Tusk, shiny|100/100|[from] U-turn
|move|p1a: Scizor|Knock Off|p2a: Behemoth
|-resisted|p2a: Behemoth
|-crit|p2a: Behemoth
|-damage|p2a: Behemoth|82/100
|-enditem|p2a: Behemoth|Heavy-Duty Boots|[from] move: Knock Off|[of] p1a: Scizor
|
|upkeep
|turn|2
|
|t:|1757851376
|-end|p2a: Behemoth|Protosynthesis|[silent]
|switch|p2a: Overseer|Pecharunt|100/100
|switch|p1a: Pelipper|Pelipper, M|100/100
|-weather|RainDance|[from] ability: Drizzle|[of] p1a: Pelipper
|
|-weather|RainDance|[upkeep]
|upkeep
|turn|3
|
|t:|1757851391
|switch|p1a: Clodsire|Clodsire, F|100/100
|move|p2a: Overseer|Parting Shot|p1a: Clodsire
|-unboost|p1a: Clodsire|atk|1
|-unboost|p1a: Clodsire|spa|1
|
|t:|1757851400
|switch|p2a: Bandit|Weavile, M, shiny|100/100|[from] Parting Shot
|-ability|p2a: Bandit|Pressure
|
|-weather|RainDance|[upkeep]
|upkeep
|turn|4
|
|t:|1757851408
|switch|p1a: Scizor|Scizor, F|87/100
|move|p2a: Bandit|Knock Off|p1a: Scizor
|-damage|p1a: Scizor|29/100
|-enditem|p1a: Scizor|Heavy-Duty Boots|[from] move: Knock Off|[of] p2a: Bandit
|
|-weather|RainDance|[upkeep]
|upkeep
|turn|5
|
|t:|1757851412
|switch|p2a: Overseer|Pecharunt|100/100
|move|p1a: Scizor|U-turn|p2a: Overseer
|-resisted|p2a: Overseer
|-damage|p2a: Overseer|97/100
|-damage|p1a: Scizor|13/100|[from] item: Rocky Helmet|[of] p2a: Overseer
|
|t:|1757851416
|switch|p1a: Tornadus|Tornadus-Therian, M|100/100|[from] U-turn
|
|-weather|RainDance|[upkeep]
|upkeep
|turn|6
|
|t:|1757851422
|switch|p2a: Celestine|Primarina, M, shiny|100/100
|move|p1a: Tornadus|Hurricane|p2a: Celestine
|-damage|p2a: Celestine|80/100
|
|-weather|RainDance|[upkeep]
|upkeep
|turn|7
|
|t:|1757851428
|move|p1a: Tornadus|Hurricane|p2a: Celestine
|-damage|p2a: Celestine|58/100
|-start|p2a: Celestine|confusion
|-activate|p2a: Celestine|confusion
|move|p2a: Celestine|Moonblast|p1a: Tornadus
|-damage|p1a: Tornadus|54/100
|-unboost|p1a: Tornadus|spa|1
|
|-weather|RainDance|[upkeep]
|upkeep
|turn|8
|
|t:|1757851432
|move|p1a: Tornadus|U-turn|p2a: Celestine
|-resisted|p2a: Celestine
|-damage|p2a: Celestine|49/100
|
|t:|1757851435
|switch|p1a: Clodsire|Clodsire, F|100/100|[from] U-turn
|-activate|p2a: Celestine|confusion
|move|p2a: Celestine|Flip Turn|p1a: Clodsire
|-immune|p1a: Clodsire|[from] ability: Water Absorb
|
|-weather|RainDance|[upkeep]
|upkeep
|turn|9
|
|t:|1757851446
|switch|p2a: Behemoth|Great Tusk, shiny|82/100
|move|p1a: Clodsire|Stealth Rock|p2a: Behemoth
|-sidestart|p2: ChronosXZ|move: Stealth Rock
|
|-weather|none
|upkeep
|turn|10
|j| Nikator98
|
|t:|1757851451
|switch|p1a: Pelipper|Pelipper, M|100/100
|-weather|RainDance|[from] ability: Drizzle|[of] p1a: Pelipper
|move|p2a: Behemoth|Rapid Spin|p1a: Pelipper
|-damage|p1a: Pelipper|86/100
|-boost|p2a: Behemoth|spe|1
|-sideend|p2: ChronosXZ|Stealth Rock|[from] move: Rapid Spin|[of] p2a: Behemoth
|
|-weather|RainDance|[upkeep]
|upkeep
|turn|11
|l| Nikator98
|
|t:|1757851462
|-end|p2a: Behemoth|Protosynthesis|[silent]
|switch|p2a: Celestine|Primarina, M, shiny|49/100
|move|p1a: Pelipper|Hurricane|p2a: Celestine
|-damage|p2a: Celestine|28/100
|
|-weather|RainDance|[upkeep]
|upkeep
|turn|12
|
|t:|1757851470
|switch|p1a: Scizor|Scizor, F|13/100
|move|p2a: Celestine|Flip Turn|p1a: Scizor
|-damage|p1a: Scizor|0 fnt
|faint|p1a: Scizor
|
|t:|1757851482
|switch|p2a: Anonymous|Ogerpon, F|100/100|[from] Flip Turn
|
|-weather|RainDance|[upkeep]
|upkeep
|
|t:|1757851485
|switch|p1a: Tornadus|Tornadus-Therian, M|87/100
|turn|13
|
|t:|1757851491
|-terastallize|p2a: Anonymous|Grass
|detailschange|p2a: Anonymous|Ogerpon-Teal-Tera, F, tera:Grass
|-ability|p2a: Anonymous|Embody Aspect (Teal)|boost
|-boost|p2a: Anonymous|spe|1
|move|p2a: Anonymous|Ivy Cudgel|p1a: Tornadus
|-resisted|p1a: Tornadus
|-damage|p1a: Tornadus|28/100
|move|p1a: Tornadus|U-turn|p2a: Anonymous
|-supereffective|p2a: Anonymous
|-damage|p2a: Anonymous|64/100
|
|t:|1757851499
|switch|p1a: Barraskewda|Barraskewda, F|100/100|[from] U-turn
|
|-weather|RainDance|[upkeep]
|upkeep
|turn|14
|
|t:|1757851501
|-terastallize|p1a: Barraskewda|Water
|move|p1a: Barraskewda|Liquidation|p2a: Anonymous
|-resisted|p2a: Anonymous
|-damage|p2a: Anonymous|0 fnt
|faint|p2a: Anonymous
|detailschange|p2: Anonymous|Ogerpon, F|[silent]
|
|-weather|RainDance|[upkeep]
|upkeep
|
|t:|1757851510
|switch|p2a: Overseer|Pecharunt|97/100
|turn|15
|
|t:|1757851515
|switch|p1a: Clodsire|Clodsire, F|100/100
|move|p2a: Overseer|Parting Shot|p1a: Clodsire
|-unboost|p1a: Clodsire|atk|1
|-unboost|p1a: Clodsire|spa|1
|
|t:|1757851518
|switch|p2a: Bandit|Weavile, M, shiny|100/100|[from] Parting Shot
|-ability|p2a: Bandit|Pressure
|
|-weather|RainDance|[upkeep]
|upkeep
|turn|16
|
|t:|1757851524
|switch|p1a: Pelipper|Pelipper, M|86/100
|move|p2a: Bandit|Triple Axel|p1a: Pelipper
|-damage|p1a: Pelipper|74/100
|-damage|p1a: Pelipper|53/100
|-damage|p1a: Pelipper|18/100
|-hitcount|p1a: Pelipper|3
|
|-weather|RainDance|[upkeep]
|upkeep
|turn|17
|
|t:|1757851530
|switch|p1a: Tornadus|Tornadus-Therian, M|61/100
|move|p2a: Bandit|Triple Axel|p1a: Tornadus|[miss]
|-miss|p2a: Bandit|p1a: Tornadus
|
|-weather|none
|upkeep
|turn|18
|
|t:|1757851533
|switch|p1a: Pelipper|Pelipper, M|18/100
|-weather|RainDance|[from] ability: Drizzle|[of] p1a: Pelipper
|move|p2a: Bandit|Triple Axel|p1a: Pelipper
|-damage|p1a: Pelipper|5/100
|-damage|p1a: Pelipper|0 fnt
|faint|p1a: Pelipper
|-hitcount|p1: Pelipper|2
|
|-weather|RainDance|[upkeep]
|upkeep
|
|t:|1757851537
|switch|p1a: Barraskewda|Barraskewda, F, tera:Water|100/100
|turn|19
|
|t:|1757851544
|switch|p2a: Celestine|Primarina, M, shiny|28/100
|move|p1a: Barraskewda|Liquidation|p2a: Celestine
|-resisted|p2a: Celestine
|-damage|p2a: Celestine|0 fnt
|faint|p2a: Celestine
|
|-weather|RainDance|[upkeep]
|upkeep
|
|t:|1757851547
|switch|p2a: Overseer|Pecharunt|97/100
|turn|20
|
|t:|1757851552
|move|p1a: Barraskewda|Liquidation|p2a: Overseer
|-damage|p2a: Overseer|28/100
|-damage|p1a: Barraskewda|84/100|[from] item: Rocky Helmet|[of] p2a: Overseer
|move|p2a: Overseer|Parting Shot|p1a: Barraskewda
|-unboost|p1a: Barraskewda|atk|1
|-unboost|p1a: Barraskewda|spa|1
|
|t:|1757851561
|switch|p2a: Behemoth|Great Tusk, shiny|82/100|[from] Parting Shot
|
|-weather|RainDance|[upkeep]
|upkeep
|turn|21
|
|t:|1757851566
|move|p1a: Barraskewda|Liquidation|p2a: Behemoth
|-supereffective|p2a: Behemoth
|-damage|p2a: Behemoth|0 fnt
|faint|p2a: Behemoth
|-end|p2a: Behemoth|Protosynthesis|[silent]
|
|-weather|RainDance|[upkeep]
|upkeep
|
|t:|1757851570
|switch|p2a: Overseer|Pecharunt|28/100
|turn|22
|
|t:|1757851573
|move|p1a: Barraskewda|Liquidation|p2a: Overseer
|-damage|p2a: Overseer|0 fnt
|-damage|p1a: Barraskewda|67/100|[from] item: Rocky Helmet|[of] p2a: Overseer
|faint|p2a: Overseer
|
|-weather|RainDance|[upkeep]
|upkeep
|
|t:|1757851577
|switch|p2a: Chaos|Heatran, M, shiny|100/100
|-item|p2a: Chaos|Air Balloon
|turn|23
|
|t:|1757851582
|move|p1a: Barraskewda|Liquidation|p2a: Chaos
|-supereffective|p2a: Chaos
|-damage|p2a: Chaos|0 fnt
|-enditem|p2a: Chaos|Air Balloon
|faint|p2a: Chaos
|
|-weather|RainDance|[upkeep]
|upkeep
|
|t:|1757851584
|switch|p2a: Bandit|Weavile, M, shiny|100/100
|-ability|p2a: Bandit|Pressure
|turn|24
|
|t:|1757851586
|move|p1a: Barraskewda|Liquidation|p2a: Bandit
|-damage|p2a: Bandit|0 fnt
|faint|p2a: Bandit
|
|win|Yugiohvn
|raw|Yugiohvn's rating: 1550 &rarr; <strong>1569</strong><br />(+19 for winning)
|raw|ChronosXZ's rating: 1525 &rarr; <strong>1506</strong><br />(-19 for losing)
|l|☆Yugiohvn
|player|p1|
|l|☆ChronosXZ
|player|p2|
