|j|☆ahmijahh
|j|☆ausmafeetfan
|t:|1757829833
|gametype|singles
|player|p1|ahmijahh|101|1056
|player|p2|ausmafeetfan|265|1102
|gen|9
|tier|[Gen 9] OU
|rated|
|rule|HP Percentage Mod: HP is shown in percentages
|rule|Endless Battle Clause: Forcing endless battles is banned
|rule|Species Clause: Limit one of each Pokémon
|rule|OHKO Clause: OHKO moves are banned
|rule|Evasion Items Clause: Evasion items are banned
|rule|Evasion Moves Clause: Evasion moves are banned
|rule|Evasion Abilities Clause: Evasion abilities are banned
|rule|Sleep Moves Clause: Sleep-inducing moves are banned
|clearpoke
|poke|p1|Polteageist|
|poke|p1|Dragonite, M|
|poke|p1|Iron Moth|
|poke|p1|Kyurem|
|poke|p1|Alomomola, F|
|poke|p1|Great Tusk|
|poke|p2|Mismagius, F|
|poke|p2|Araquanid, F|
|poke|p2|Ceruledge, F|
|poke|p2|Rotom-Heat|
|poke|p2|Great Tusk|
|poke|p2|Meowscarada, F|
|teampreview
|
|t:|1757829887
|teamsize|p1|6
|teamsize|p2|6
|start
|switch|p1a: Alomomola|Alomomola, F|100/100
|switch|p2a: Araquanid|Araquanid, F|100/100
|turn|1
|
|t:|1757829890
|move|p1a: Alomomola|Flip Turn|p2a: Araquanid
|-resisted|p2a: Araquanid
|-damage|p2a: Araquanid|91/100
|
|t:|1757829905
|switch|p1a: Kyurem|Kyurem|100/100|[from] Flip Turn
|-ability|p1a: Kyurem|Pressure
|move|p2a: Araquanid|Sticky Web|p1a: Kyurem
|-sidestart|p1: ahmijahh|move: Sticky Web
|
|upkeep
|turn|2
|inactive|Battle timer is ON: inactive players will automatically lose when time's up. (requested by ahmijahh)
|
|t:|1757829947
|move|p1a: Kyurem|Dragon Dance|p1a: Kyurem
|-boost|p1a: Kyurem|atk|1
|-boost|p1a: Kyurem|spe|1
|move|p2a: Araquanid|Surf|p1a: Kyurem
|-resisted|p1a: Kyurem
|-damage|p1a: Kyurem|74/100
|
|upkeep
|turn|3
|
|t:|1757829973
|move|p1a: Kyurem|Dragon Dance|p1a: Kyurem
|-boost|p1a: Kyurem|atk|1
|-boost|p1a: Kyurem|spe|1
|move|p2a: Araquanid|Surf|p1a: Kyurem
|-resisted|p1a: Kyurem
|-damage|p1a: Kyurem|49/100
|
|upkeep
|turn|4
|
|t:|1757829995
|move|p1a: Kyurem|Freeze-Dry|p2a: Araquanid
|-supereffective|p2a: Araquanid
|-damage|p2a: Araquanid|35/100
|-status|p2a: Araquanid|frz
|cant|p2a: Araquanid|frz
|
|upkeep
|turn|5
|
|t:|1757830006
|move|p1a: Kyurem|Dragon Dance|p1a: Kyurem
|-boost|p1a: Kyurem|atk|1
|-boost|p1a: Kyurem|spe|1
|cant|p2a: Araquanid|frz
|
|upkeep
|turn|6
|
|t:|1757830010
|move|p1a: Kyurem|Dragon Dance|p1a: Kyurem
|-boost|p1a: Kyurem|atk|1
|-boost|p1a: Kyurem|spe|1
|cant|p2a: Araquanid|frz
|
|upkeep
|turn|7
|
|t:|1757830013
|move|p1a: Kyurem|Freeze-Dry|p2a: Araquanid
|-supereffective|p2a: Araquanid
|-damage|p2a: Araquanid|0 fnt
|faint|p2a: Araquanid
|
|upkeep
|
|t:|1757830032
|switch|p2a: Ceruledge|Ceruledge, F|100/100
|turn|8
|
|t:|1757830060
|move|p1a: Kyurem|Earth Power|p2a: Ceruledge
|-supereffective|p2a: Ceruledge
|-damage|p2a: Ceruledge|32/100
|-unboost|p2a: Ceruledge|spd|1
|move|p2a: Ceruledge|Poltergeist|p1a: Kyurem
|-activate|p1a: Kyurem|move: Poltergeist|Never-Melt Ice
|-damage|p1a: Kyurem|0 fnt
|faint|p1a: Kyurem
|
|upkeep
|inactive|ahmijahh has 120 seconds left.
|
|t:|1757830084
|switch|p1a: Great Tusk|Great Tusk|100/100
|turn|9
|
|t:|1757830107
|switch|p2a: Mismagius|Mismagius, F|100/100
|move|p1a: Great Tusk|Knock Off|p2a: Mismagius
|-supereffective|p2a: Mismagius
|-damage|p2a: Mismagius|0 fnt
|-enditem|p2a: Mismagius|Life Orb|[from] move: Knock Off|[of] p1a: Great Tusk
|faint|p2a: Mismagius
|
|upkeep
|-message|ausmafeetfan forfeited.
|
|win|ahmijahh
|raw|ahmijahh's rating: 1083 &rarr; <strong>1112</strong><br />(+29 for winning)
|raw|ausmafeetfan's rating: 1102 &rarr; <strong>1076</strong><br />(-26 for losing)
|l|☆ausmafeetfan
|player|p2|
|l|☆ahmijahh
|player|p1|
