|j|☆siphon8
|j|☆cruisinjoelist
|t:|1757952605
|gametype|singles
|player|p1|siphon8|102|1258
|player|p2|cruisinjoelist|266|1304
|gen|9
|tier|[Gen 9] OU
|rated|
|rule|HP Percentage Mod: HP is shown in percentages
|rule|Endless Battle Clause: Forcing endless battles is banned
|rule|Species Clause: Limit one of each Pokémon
|rule|OHKO Clause: OHKO moves are banned
|rule|Evasion Items Clause: Evasion items are banned
|rule|Evasion Moves Clause: Evasion moves are banned
|rule|Evasion Abilities Clause: Evasion abilities are banned
|rule|Sleep Moves Clause: Sleep-inducing moves are banned
|clearpoke
|poke|p1|Regigigas|
|poke|p1|Slaking, M|
|poke|p1|Weavile, M|
|poke|p1|Maushold-Four|
|poke|p1|Iron Hands|
|poke|p1|Hoopa-Unbound|
|poke|p2|Samurott-Hisui, F|
|poke|p2|Tornadus-Therian, M|
|poke|p2|Pecharunt|
|poke|p2|Great Tusk|
|poke|p2|Clefable, F|
|poke|p2|Zamazenta-*|
|teampreview
|inactive|Battle timer is ON: inactive players will automatically lose when time's up. (requested by cruisinjoelist)
|inactive|siphon8 also wants the timer to be on.
|
|t:|1757952610
|teamsize|p1|6
|teamsize|p2|6
|start
|switch|p1a: Weavile|Weavile, M|100/100
|switch|p2a: Pecharunt|Pecharunt|100/100
|-ability|p1a: Weavile|Pressure
|turn|1
|
|t:|1757952618
|move|p1a: Weavile|Beat Up|p2a: Pecharunt
|-supereffective|p2a: Pecharunt
|-damage|p2a: Pecharunt|93/100
|-supereffective|p2a: Pecharunt
|-damage|p2a: Pecharunt|82/100
|-supereffective|p2a: Pecharunt
|-damage|p2a: Pecharunt|72/100
|-supereffective|p2a: Pecharunt
|-damage|p2a: Pecharunt|65/100
|-supereffective|p2a: Pecharunt
|-damage|p2a: Pecharunt|56/100
|-supereffective|p2a: Pecharunt
|-damage|p2a: Pecharunt|46/100
|-hitcount|p2a: Pecharunt|6
|move|p2a: Pecharunt|Malignant Chain|p1a: Weavile
|-damage|p1a: Weavile|58/100
|-status|p1a: Weavile|tox
|-start|p1a: Weavile|confusion|[from] ability: Poison Puppeteer|[of] p2a: Pecharunt
|
|-damage|p1a: Weavile|52/100 tox|[from] psn
|upkeep
|turn|2
|
|t:|1757952634
|switch|p2a: Clefable|Clefable, F|100/100
|-activate|p1a: Weavile|confusion
|move|p1a: Weavile|Triple Axel|p2a: Clefable
|-damage|p2a: Clefable|92/100
|-damage|p2a: Clefable|76/100
|-damage|p2a: Clefable|53/100
|-hitcount|p2a: Clefable|3
|
|-heal|p2a: Clefable|59/100|[from] item: Leftovers
|-damage|p1a: Weavile|40/100 tox|[from] psn
|upkeep
|turn|3
|
|t:|1757952643
|-activate|p1a: Weavile|confusion
|move|p1a: Weavile|Triple Axel|p2a: Clefable
|-damage|p2a: Clefable|52/100
|-hitcount|p2a: Clefable|1
|move|p2a: Clefable|Moonblast|p1a: Weavile
|-supereffective|p1a: Weavile
|-damage|p1a: Weavile|0 fnt
|faint|p1a: Weavile
|
|-heal|p2a: Clefable|58/100|[from] item: Leftovers
|upkeep
|
|t:|1757952651
|switch|p1a: Hoopa|Hoopa-Unbound|100/100
|turn|4
|
|t:|1757952654
|move|p1a: Hoopa|Giga Impact|p2a: Clefable
|-enditem|p1a: Hoopa|Normal Gem|[from] gem
|-damage|p2a: Clefable|0 fnt
|-mustrecharge|p1a: Hoopa
|faint|p2a: Clefable
|
|upkeep
|
|t:|1757952659
|switch|p2a: Samurott|Samurott-Hisui, F|100/100
|turn|5
|
|t:|1757952663
|cant|p1a: Hoopa|recharge
|move|p2a: Samurott|Ceaseless Edge|p1a: Hoopa
|-damage|p1a: Hoopa|30/100
|-sidestart|p1: siphon8|Spikes
|
|upkeep
|turn|6
|
|t:|1757952667
|move|p2a: Samurott|Sucker Punch|p1a: Hoopa
|-damage|p1a: Hoopa|0 fnt
|faint|p1a: Hoopa
|
|upkeep
|
|t:|1757952677
|switch|p1a: Maushold|Maushold-Four|100/100
|-damage|p1a: Maushold|88/100|[from] Spikes
|turn|7
|
|t:|1757952680
|move|p1a: Maushold|Population Bomb|p2a: Samurott
|-damage|p2a: Samurott|88/100
|-damage|p2a: Samurott|75/100
|-damage|p2a: Samurott|62/100
|-damage|p2a: Samurott|49/100
|-damage|p2a: Samurott|37/100
|-damage|p2a: Samurott|24/100
|-damage|p2a: Samurott|11/100
|-damage|p2a: Samurott|0 fnt
|faint|p2a: Samurott
|-hitcount|p2: Samurott|8
|
|upkeep
|
|t:|1757952686
|switch|p2a: Pecharunt|Pecharunt|46/100
|turn|8
|
|t:|1757952690
|move|p1a: Maushold|Beat Up|p2a: Pecharunt
|-supereffective|p2a: Pecharunt
|-damage|p2a: Pecharunt|41/100
|-supereffective|p2a: Pecharunt
|-damage|p2a: Pecharunt|33/100
|-supereffective|p2a: Pecharunt
|-damage|p2a: Pecharunt|26/100
|-supereffective|p2a: Pecharunt
|-damage|p2a: Pecharunt|19/100
|-hitcount|p2a: Pecharunt|4
|move|p2a: Pecharunt|Malignant Chain|p1a: Maushold
|-damage|p1a: Maushold|38/100
|-status|p1a: Maushold|tox
|-start|p1a: Maushold|confusion|[from] ability: Poison Puppeteer|[of] p2a: Pecharunt
|
|-damage|p1a: Maushold|32/100 tox|[from] psn
|upkeep
|turn|9
|
|t:|1757952698
|-activate|p1a: Maushold|confusion
|move|p1a: Maushold|Bite|p2a: Pecharunt
|-supereffective|p2a: Pecharunt
|-damage|p2a: Pecharunt|0 fnt
|faint|p2a: Pecharunt
|
|-damage|p1a: Maushold|19/100 tox|[from] psn
|upkeep
|
|t:|1757952702
|switch|p2a: Tornadus|Tornadus-Therian, M|100/100
|turn|10
|
|t:|1757952709
|move|p2a: Tornadus|Heat Wave|p1a: Maushold
|-damage|p1a: Maushold|0 fnt
|faint|p1a: Maushold
|-damage|p2a: Tornadus|91/100|[from] item: Life Orb
|
|upkeep
|
|t:|1757952713
|switch|p1a: Regigigas|Regigigas|100/100
|-damage|p1a: Regigigas|88/100|[from] Spikes
|-start|p1a: Regigigas|ability: Slow Start
|turn|11
|
|t:|1757952718
|switch|p2a: Zamazenta|Zamazenta|100/100
|-ability|p2a: Zamazenta|Dauntless Shield|boost
|-boost|p2a: Zamazenta|def|1
|move|p1a: Regigigas|Double-Edge|p2a: Zamazenta
|-damage|p2a: Zamazenta|67/100
|-damage|p1a: Regigigas|78/100|[from] Recoil
|
|upkeep
|turn|12
|
|t:|1757952722
|move|p2a: Zamazenta|Close Combat|p1a: Regigigas
|-supereffective|p1a: Regigigas
|-damage|p1a: Regigigas|0 fnt
|-unboost|p2a: Zamazenta|def|1
|-unboost|p2a: Zamazenta|spd|1
|faint|p1a: Regigigas
|
|upkeep
|
|t:|1757952726
|switch|p1a: Iron Hands|Iron Hands|100/100
|-damage|p1a: Iron Hands|88/100|[from] Spikes
|turn|13
|
|t:|1757952729
|move|p2a: Zamazenta|Close Combat|p1a: Iron Hands
|-damage|p1a: Iron Hands|53/100
|-unboost|p2a: Zamazenta|def|1
|-unboost|p2a: Zamazenta|spd|1
|move|p1a: Iron Hands|Iron Defense|p1a: Iron Hands
|-boost|p1a: Iron Hands|def|2
|
|-heal|p1a: Iron Hands|59/100|[from] item: Leftovers
|upkeep
|turn|14
|
|t:|1757952736
|switch|p2a: Great Tusk|Great Tusk|100/100
|move|p1a: Iron Hands|Supercell Slam|p2a: Great Tusk
|-immune|p2a: Great Tusk
|-damage|p1a: Iron Hands|9/100|[from] supercellslam
|
|-heal|p1a: Iron Hands|15/100|[from] item: Leftovers
|upkeep
|turn|15
|
|t:|1757952740
|move|p2a: Great Tusk|Headlong Rush|p1a: Iron Hands
|-supereffective|p1a: Iron Hands
|-damage|p1a: Iron Hands|0 fnt
|-unboost|p2a: Great Tusk|def|1
|-unboost|p2a: Great Tusk|spd|1
|faint|p1a: Iron Hands
|-end|p1a: Iron Hands|Quark Drive|[silent]
|
|upkeep
|
|t:|1757952742
|switch|p1a: Slaking|Slaking, M|100/100
|-damage|p1a: Slaking|88/100|[from] Spikes
|turn|16
|
|t:|1757952745
|move|p1a: Slaking|Giga Impact|p2a: Great Tusk
|-damage|p2a: Great Tusk|5/100
|-mustrecharge|p1a: Slaking
|move|p2a: Great Tusk|Knock Off|p1a: Slaking
|-damage|p1a: Slaking|65/100
|-enditem|p1a: Slaking|Choice Scarf|[from] move: Knock Off|[of] p2a: Great Tusk
|
|upkeep
|turn|17
|
|t:|1757952749
|cant|p1a: Slaking|recharge
|move|p2a: Great Tusk|Headlong Rush|p1a: Slaking
|-damage|p1a: Slaking|22/100
|-unboost|p2a: Great Tusk|def|1
|-unboost|p2a: Great Tusk|spd|1
|
|upkeep
|turn|18
|
|t:|1757952753
|move|p1a: Slaking|Drain Punch|p2a: Great Tusk
|-damage|p2a: Great Tusk|0 fnt
|-heal|p1a: Slaking|24/100|[from] drain|[of] p2a: Great Tusk
|faint|p2a: Great Tusk
|-end|p2a: Great Tusk|Protosynthesis|[silent]
|
|upkeep
|
|t:|1757952756
|switch|p2a: Zamazenta|Zamazenta|67/100
|turn|19
|
|t:|1757952764
|-terastallize|p1a: Slaking|Normal
|move|p2a: Zamazenta|Close Combat|p1a: Slaking
|-supereffective|p1a: Slaking
|-damage|p1a: Slaking|0 fnt
|-unboost|p2a: Zamazenta|def|1
|-unboost|p2a: Zamazenta|spd|1
|faint|p1a: Slaking
|
|win|cruisinjoelist
|raw|siphon8's rating: 1258 &rarr; <strong>1236</strong><br />(-22 for losing)
|raw|cruisinjoelist's rating: 1304 &rarr; <strong>1321</strong><br />(+17 for winning)
|l|☆siphon8
|player|p1|
|l|☆cruisinjoelist
|player|p2|
