|j|☆Baby Key
|j|☆pepepoopoop
|t:|1757911799
|gametype|singles
|player|p1|Baby Key|170|1402
|player|p2|pepepoopoop|1|1364
|gen|9
|tier|[Gen 9] OU
|rated|
|rule|HP Percentage Mod: HP is shown in percentages
|rule|Endless Battle Clause: Forcing endless battles is banned
|rule|Species Clause: Limit one of each Pokémon
|rule|OHKO Clause: OHKO moves are banned
|rule|Evasion Items Clause: Evasion items are banned
|rule|Evasion Moves Clause: Evasion moves are banned
|rule|Evasion Abilities Clause: Evasion abilities are banned
|rule|Sleep Moves Clause: Sleep-inducing moves are banned
|clearpoke
|poke|p1|Ceruledge, M|
|poke|p1|Raging Bolt|
|poke|p1|Latias, F|
|poke|p1|Kyurem|
|poke|p1|Ninetales-Alola, F|
|poke|p1|Iron Moth|
|poke|p2|Jolteon, F|
|poke|p2|Slowking-Galar, M|
|poke|p2|Great Tusk|
|poke|p2|Hydrapple, F|
|poke|p2|Kingambit, M|
|poke|p2|Moltres|
|teampreview
|inactive|Battle timer is ON: inactive players will automatically lose when time's up. (requested by pepepoopoop)
|c|☆pepepoopoop|latias nice
|inactive|Baby Key has 120 seconds left.
|
|t:|1757911837
|teamsize|p1|6
|teamsize|p2|6
|start
|switch|p1a: realpsyspam|Latias, F|100/100
|switch|p2a: Kingambit|Kingambit, M, shiny|100/100
|turn|1
|c|☆pepepoopoop|this team is scaary
|inactive|pepepoopoop has 120 seconds left.
|
|t:|1757911867
|-terastallize|p2a: Kingambit|Ghost
|move|p1a: realpsyspam|Aura Sphere|p2a: Kingambit
|-immune|p2a: Kingambit
|move|p2a: Kingambit|Kowtow Cleave|p1a: realpsyspam
|-supereffective|p1a: realpsyspam
|-damage|p1a: realpsyspam|0 fnt
|faint|p1a: realpsyspam
|
|upkeep
|c|☆pepepoopoop|nice
|
|t:|1757911885
|switch|p1a: bury the light|Ceruledge, M|100/100
|turn|2
|inactive|pepepoopoop has 120 seconds left.
|
|t:|1757911906
|-end|p2a: Kingambit|fallenundefined|[silent]
|switch|p2a: Great Tusk|Great Tusk|100/100
|move|p1a: bury the light|Poltergeist|p2a: Great Tusk
|-activate|p2a: Great Tusk|move: Poltergeist|Rocky Helmet
|-damage|p2a: Great Tusk|72/100
|
|upkeep
|turn|3
|inactive|pepepoopoop has 120 seconds left.
|inactive|pepepoopoop has 90 seconds left.
|
|t:|1757911964
|-end|p2a: Great Tusk|Protosynthesis|[silent]
|switch|p2a: Hydrapple|Hydrapple, F|100/100
|-terastallize|p1a: bury the light|Fighting
|move|p1a: bury the light|Swords Dance|p1a: bury the light
|-boost|p1a: bury the light|atk|2
|
|upkeep
|turn|4
|inactive|pepepoopoop has 60 seconds left.
|
|t:|1757912013
|move|p1a: bury the light|Swords Dance|p1a: bury the light
|-boost|p1a: bury the light|atk|2
|move|p2a: Hydrapple|Fickle Beam|p1a: bury the light
|-damage|p1a: bury the light|65/100
|
|upkeep
|turn|5
|inactive|pepepoopoop has 30 seconds left.
|
|t:|1757912038
|move|p1a: bury the light|Bitter Blade|p2a: Hydrapple
|-damage|p2a: Hydrapple|20/100
|-heal|p1a: bury the light|100/100|[from] drain|[of] p2a: Hydrapple
|move|p2a: Hydrapple|Fickle Beam|p1a: bury the light
|-damage|p1a: bury the light|63/100
|
|upkeep
|turn|6
|inactive|pepepoopoop has 30 seconds left.
|inactive|pepepoopoop has 20 seconds left.
|inactive|pepepoopoop has 15 seconds left.
|
|t:|1757912062
|switch|p2a: Moltres|Moltres|100/100
|move|p1a: bury the light|Bitter Blade|p2a: Moltres
|-resisted|p2a: Moltres
|-damage|p2a: Moltres|48/100
|-heal|p1a: bury the light|98/100|[from] drain|[of] p2a: Moltres
|
|upkeep
|turn|7
|inactive|pepepoopoop has 25 seconds left this turn.
|inactive|pepepoopoop has 20 seconds left.
|inactive|pepepoopoop has 15 seconds left.
|inactive|pepepoopoop has 10 seconds left.
|inactive|pepepoopoop has 5 seconds left.
|
|t:|1757912084
|move|p1a: bury the light|Bitter Blade|p2a: Moltres
|-resisted|p2a: Moltres
|-damage|p2a: Moltres|0 fnt
|-heal|p1a: bury the light|100/100|[from] drain|[of] p2a: Moltres
|faint|p2a: Moltres
|
|upkeep
|inactive|pepepoopoop has 10 seconds left this turn.
|inactive|pepepoopoop has 5 seconds left.
|
|t:|1757912091
|switch|p2a: Great Tusk|Great Tusk|72/100
|turn|8
|inactive|pepepoopoop has 15 seconds left this turn.
|
|t:|1757912094
|move|p1a: bury the light|Bitter Blade|p2a: Great Tusk
|-damage|p2a: Great Tusk|4/100
|-damage|p1a: bury the light|84/100|[from] item: Rocky Helmet|[of] p2a: Great Tusk
|move|p2a: Great Tusk|Body Press|p1a: bury the light
|-damage|p1a: bury the light|18/100
|-ability|p1a: bury the light|Weak Armor|boost
|-unboost|p1a: bury the light|def|1
|-boost|p1a: bury the light|spe|2
|
|upkeep
|turn|9
|inactive|pepepoopoop has 25 seconds left this turn.
|inactive|pepepoopoop has 20 seconds left.
|inactive|pepepoopoop has 15 seconds left.
|
|t:|1757912107
|move|p1a: bury the light|Bitter Blade|p2a: Great Tusk
|-damage|p2a: Great Tusk|0 fnt
|-heal|p1a: bury the light|20/100|[from] drain|[of] p2a: Great Tusk
|-damage|p1a: bury the light|4/100|[from] item: Rocky Helmet|[of] p2a: Great Tusk
|faint|p2a: Great Tusk
|-end|p2a: Great Tusk|Protosynthesis|[silent]
|
|upkeep
|inactive|pepepoopoop has 20 seconds left this turn.
|inactive|pepepoopoop has 15 seconds left.
|
|t:|1757912113
|switch|p2a: Kingambit|Kingambit, M, shiny, tera:Ghost|100/100
|-activate|p2a: Kingambit|ability: Supreme Overlord
|-start|p2a: Kingambit|fallen2|[silent]
|turn|10
|inactive|pepepoopoop has 25 seconds left this turn.
|
|t:|1757912117
|move|p1a: bury the light|Shadow Sneak|p2a: Kingambit
|-supereffective|p2a: Kingambit
|-damage|p2a: Kingambit|0 fnt
|faint|p2a: Kingambit
|-end|p2a: Kingambit|fallen2|[silent]
|
|upkeep
|inactive|pepepoopoop has 30 seconds left this turn.
|c|☆pepepoopoop|hahaha
|c|☆pepepoopoop|gg
|
|t:|1757912124
|switch|p2a: Jolteon|Jolteon, F|100/100
|turn|11
|
|t:|1757912128
|move|p1a: bury the light|Bitter Blade|p2a: Jolteon
|-damage|p2a: Jolteon|0 fnt
|-heal|p1a: bury the light|50/100|[from] drain|[of] p2a: Jolteon
|faint|p2a: Jolteon
|
|upkeep
|
|t:|1757912131
|switch|p2a: Hydrapple|Hydrapple, F|53/100
|turn|12
|
|t:|1757912134
|move|p1a: bury the light|Bitter Blade|p2a: Hydrapple
|-damage|p2a: Hydrapple|0 fnt
|-heal|p1a: bury the light|88/100|[from] drain|[of] p2a: Hydrapple
|faint|p2a: Hydrapple
|
|upkeep
|c|☆pepepoopoop|nice set bro
|
|t:|1757912142
|switch|p2a: Slowking|Slowking-Galar, M|100/100
|turn|13
|-message|pepepoopoop forfeited.
|
|win|Baby Key
|raw|Baby Key's rating: 1402 &rarr; <strong>1420</strong><br />(+18 for winning)
|raw|pepepoopoop's rating: 1364 &rarr; <strong>1346</strong><br />(-18 for losing)
|l|☆pepepoopoop
|player|p2|
|l|☆Baby Key
|player|p1|
