|j|☆Erikisherern
|j|☆zpj123
|t:|1757944612
|gametype|singles
|player|p1|Erikisherern|flannery|1324
|player|p2|zpj123|2|1344
|gen|9
|tier|[Gen 9] OU
|rated|
|rule|HP Percentage Mod: HP is shown in percentages
|rule|Endless Battle Clause: Forcing endless battles is banned
|rule|Species Clause: Limit one of each Pokémon
|rule|OHKO Clause: OHKO moves are banned
|rule|Evasion Items Clause: Evasion items are banned
|rule|Evasion Moves Clause: Evasion moves are banned
|rule|Evasion Abilities Clause: Evasion abilities are banned
|rule|Sleep Moves Clause: Sleep-inducing moves are banned
|clearpoke
|poke|p1|Muk-Alola, M|
|poke|p1|Gliscor, M|
|poke|p1|Cinderace, M|
|poke|p1|Lokix, M|
|poke|p1|Orthworm, M|
|poke|p1|Clefable, F|
|poke|p2|Dragonite, F|
|poke|p2|Cinderace, F|
|poke|p2|Gholdengo|
|poke|p2|Ogerpon-Wellspring, F|
|poke|p2|Great Tusk|
|poke|p2|Dragapult, F|
|teampreview
|
|t:|1757944623
|teamsize|p1|6
|teamsize|p2|6
|start
|switch|p1a: Muk|Muk-Alola, M|100/100
|switch|p2a: Gholdengo|Gholdengo|100/100
|turn|1
|
|t:|1757944629
|move|p2a: Gholdengo|Trick|p1a: Muk
|-activate|p2a: Gholdengo|move: Trick|[of] p1a: Muk
|-item|p1a: Muk|Choice Scarf|[from] move: Trick
|-item|p2a: Gholdengo|Black Sludge|[from] move: Trick
|move|p1a: Muk|Knock Off|p2a: Gholdengo
|-supereffective|p2a: Gholdengo
|-damage|p2a: Gholdengo|22/100
|-enditem|p2a: Gholdengo|Black Sludge|[from] move: Knock Off|[of] p1a: Muk
|
|upkeep
|turn|2
|
|t:|1757944637
|move|p2a: Gholdengo|Thunder Wave|p1a: Muk|[miss]
|-miss|p2a: Gholdengo|p1a: Muk
|move|p1a: Muk|Knock Off|p2a: Gholdengo
|-supereffective|p2a: Gholdengo
|-damage|p2a: Gholdengo|0 fnt
|faint|p2a: Gholdengo
|
|upkeep
|
|t:|1757944646
|switch|p2a: Ogerpon|Ogerpon-Wellspring, F|100/100
|turn|3
|
|t:|1757944656
|move|p2a: Ogerpon|Swords Dance|p2a: Ogerpon
|-boost|p2a: Ogerpon|atk|2
|move|p1a: Muk|Knock Off|p2a: Ogerpon
|-crit|p2a: Ogerpon
|-damage|p2a: Ogerpon|49/100
|-status|p2a: Ogerpon|psn|[from] ability: Poison Touch|[of] p1a: Muk
|
|-damage|p2a: Ogerpon|37/100 psn|[from] psn
|upkeep
|turn|4
|
|t:|1757944667
|-terastallize|p2a: Ogerpon|Water
|detailschange|p2a: Ogerpon|Ogerpon-Wellspring-Tera, F, tera:Water
|-ability|p2a: Ogerpon|Embody Aspect (Wellspring)|boost
|-boost|p2a: Ogerpon|spd|1
|move|p2a: Ogerpon|Ivy Cudgel|p1a: Muk|[anim] Ivy Cudgel Water
|-damage|p1a: Muk|0 fnt
|faint|p1a: Muk
|
|-damage|p2a: Ogerpon|25/100 psn|[from] psn
|upkeep
|
|t:|1757944670
|switch|p1a: Lokix|Lokix, M|100/100
|turn|5
|
|t:|1757944680
|switch|p2a: Great Tusk|Great Tusk|100/100
|move|p1a: Lokix|First Impression|p2a: Great Tusk
|-resisted|p2a: Great Tusk
|-damage|p2a: Great Tusk|82/100
|-damage|p1a: Lokix|84/100|[from] item: Rocky Helmet|[of] p2a: Great Tusk
|
|upkeep
|turn|6
|
|t:|1757944688
|move|p1a: Lokix|U-turn|p2a: Great Tusk
|-resisted|p2a: Great Tusk
|-damage|p2a: Great Tusk|67/100
|-damage|p1a: Lokix|67/100|[from] item: Rocky Helmet|[of] p2a: Great Tusk
|
|t:|1757944692
|switch|p1a: Orthworm|Orthworm, M, shiny|100/100|[from] U-turn
|move|p2a: Great Tusk|Ice Spinner|p1a: Orthworm
|-resisted|p1a: Orthworm
|-damage|p1a: Orthworm|92/100
|
|-heal|p1a: Orthworm|98/100|[from] item: Leftovers
|upkeep
|turn|7
|
|t:|1757944701
|switch|p1a: Clefable|Clefable, F, shiny|100/100
|move|p2a: Great Tusk|Headlong Rush|p1a: Clefable
|-damage|p1a: Clefable|56/100
|-unboost|p2a: Great Tusk|def|1
|-unboost|p2a: Great Tusk|spd|1
|
|upkeep
|turn|8
|
|t:|1757944710
|-end|p2a: Great Tusk|Protosynthesis|[silent]
|switch|p2a: Dragapult|Dragapult, F|100/100
|move|p1a: Clefable|Moonblast|p2a: Dragapult
|-supereffective|p2a: Dragapult
|-damage|p2a: Dragapult|3/100
|-unboost|p2a: Dragapult|spa|1
|
|upkeep
|turn|9
|
|t:|1757944718
|move|p2a: Dragapult|Shadow Ball|p1a: Clefable
|-damage|p1a: Clefable|5/100
|-enditem|p1a: Clefable|Sitrus Berry|[eat]
|-heal|p1a: Clefable|30/100|[from] item: Sitrus Berry
|move|p1a: Clefable|Wish|p1a: Clefable
|
|upkeep
|turn|10
|
|t:|1757944726
|move|p1a: Clefable|Protect|p1a: Clefable
|-singleturn|p1a: Clefable|Protect
|move|p2a: Dragapult|Shadow Ball|p1a: Clefable
|-activate|p1a: Clefable|move: Protect
|
|-heal|p1a: Clefable|80/100|[from] move: Wish|[wisher] Clefable
|upkeep
|turn|11
|
|t:|1757944736
|switch|p2a: Ogerpon|Ogerpon-Wellspring-Tera, F, tera:Water|25/100 psn
|-ability|p2a: Ogerpon|Embody Aspect (Wellspring)|boost
|-boost|p2a: Ogerpon|spd|1
|move|p1a: Clefable|Knock Off|p2a: Ogerpon
|-damage|p2a: Ogerpon|12/100 psn
|
|-damage|p2a: Ogerpon|0 fnt|[from] psn
|faint|p2a: Ogerpon
|detailschange|p2: Ogerpon|Ogerpon-Wellspring, F|[silent]
|upkeep
|
|t:|1757944747
|switch|p2a: Cinderace|Cinderace, F|100/100
|turn|12
|
|t:|1757944752
|move|p2a: Cinderace|Pyro Ball|p1a: Clefable
|-damage|p1a: Clefable|19/100
|-damage|p2a: Cinderace|91/100|[from] item: Life Orb
|move|p1a: Clefable|Knock Off|p2a: Cinderace
|-damage|p2a: Cinderace|70/100
|-enditem|p2a: Cinderace|Life Orb|[from] move: Knock Off|[of] p1a: Clefable
|
|upkeep
|turn|13
|
|t:|1757944761
|move|p1a: Clefable|Protect|p1a: Clefable
|-singleturn|p1a: Clefable|Protect
|move|p2a: Cinderace|Pyro Ball|p1a: Clefable
|-activate|p1a: Clefable|move: Protect
|
|upkeep
|turn|14
|
|t:|1757944767
|move|p2a: Cinderace|Pyro Ball|p1a: Clefable
|-damage|p1a: Clefable|0 fnt
|faint|p1a: Clefable
|
|upkeep
|
|t:|1757944779
|switch|p1a: Orthworm|Orthworm, M, shiny|98/100
|turn|15
|
|t:|1757944783
|-terastallize|p1a: Orthworm|Fire
|move|p2a: Cinderace|Pyro Ball|p1a: Orthworm
|-resisted|p1a: Orthworm
|-damage|p1a: Orthworm|76/100
|move|p1a: Orthworm|Coil|p1a: Orthworm
|-boost|p1a: Orthworm|atk|1
|-boost|p1a: Orthworm|def|1
|-boost|p1a: Orthworm|accuracy|1
|
|-heal|p1a: Orthworm|82/100|[from] item: Leftovers
|upkeep
|turn|16
|
|t:|1757944794
|switch|p2a: Dragonite|Dragonite, F|100/100
|move|p1a: Orthworm|Coil|p1a: Orthworm
|-boost|p1a: Orthworm|atk|1
|-boost|p1a: Orthworm|def|1
|-boost|p1a: Orthworm|accuracy|1
|
|-heal|p1a: Orthworm|89/100|[from] item: Leftovers
|upkeep
|turn|17
|
|t:|1757944803
|move|p2a: Dragonite|Earthquake|p1a: Orthworm
|-heal|p1a: Orthworm|100/100|[from] ability: Earth Eater|[of] p2a: Dragonite
|move|p1a: Orthworm|Coil|p1a: Orthworm
|-boost|p1a: Orthworm|atk|1
|-boost|p1a: Orthworm|def|1
|-boost|p1a: Orthworm|accuracy|1
|
|upkeep
|turn|18
|
|t:|1757944811
|switch|p2a: Great Tusk|Great Tusk|67/100
|move|p1a: Orthworm|Coil|p1a: Orthworm
|-boost|p1a: Orthworm|atk|1
|-boost|p1a: Orthworm|def|1
|-boost|p1a: Orthworm|accuracy|1
|
|upkeep
|turn|19
|
|t:|1757944820
|move|p2a: Great Tusk|Stealth Rock|p1a: Orthworm
|-sidestart|p1: Erikisherern|move: Stealth Rock
|move|p1a: Orthworm|Body Press|p2a: Great Tusk
|-damage|p2a: Great Tusk|33/100
|-damage|p1a: Orthworm|84/100|[from] item: Rocky Helmet|[of] p2a: Great Tusk
|
|-heal|p1a: Orthworm|90/100|[from] item: Leftovers
|upkeep
|turn|20
|
|t:|1757944830
|-end|p2a: Great Tusk|Protosynthesis|[silent]
|switch|p2a: Dragapult|Dragapult, F|3/100
|move|p1a: Orthworm|Coil|p1a: Orthworm
|-boost|p1a: Orthworm|atk|1
|-boost|p1a: Orthworm|def|1
|-boost|p1a: Orthworm|accuracy|1
|
|-heal|p1a: Orthworm|96/100|[from] item: Leftovers
|upkeep
|turn|21
|
|t:|1757944840
|move|p2a: Dragapult|Shadow Ball|p1a: Orthworm
|-damage|p1a: Orthworm|40/100
|move|p1a: Orthworm|Heavy Slam|p2a: Dragapult
|-damage|p2a: Dragapult|0 fnt
|faint|p2a: Dragapult
|
|-heal|p1a: Orthworm|46/100|[from] item: Leftovers
|upkeep
|
|t:|1757944850
|switch|p2a: Cinderace|Cinderace, F|70/100
|turn|22
|
|t:|1757944869
|move|p2a: Cinderace|High Jump Kick|p1a: Orthworm
|-start|p2a: Cinderace|typechange|Fighting|[from] ability: Libero
|-damage|p1a: Orthworm|34/100
|move|p1a: Orthworm|Earthquake|p2a: Cinderace
|-damage|p2a: Cinderace|0 fnt
|faint|p2a: Cinderace
|
|-heal|p1a: Orthworm|40/100|[from] item: Leftovers
|upkeep
|-message|zpj123 forfeited.
|
|win|Erikisherern
|raw|Erikisherern's rating: 1324 &rarr; <strong>1345</strong><br />(+21 for winning)
|raw|zpj123's rating: 1344 &rarr; <strong>1323</strong><br />(-21 for losing)
|l|☆zpj123
|player|p2|
|l|☆Erikisherern
|player|p1|
