|j|☆UnPlatanoQueHabla
|j|☆Boomix
|t:|1757911843
|gametype|singles
|player|p1|UnPlatanoQueHabla|266|1107
|player|p2|Boomix|swimmerf-gen4|1033
|gen|9
|tier|[Gen 9] OU
|rated|
|rule|HP Percentage Mod: HP is shown in percentages
|rule|Endless Battle Clause: Forcing endless battles is banned
|rule|Species Clause: Limit one of each Pokémon
|rule|OHKO Clause: OHKO moves are banned
|rule|Evasion Items Clause: Evasion items are banned
|rule|Evasion Moves Clause: Evasion moves are banned
|rule|Evasion Abilities Clause: Evasion abilities are banned
|rule|Sleep Moves Clause: Sleep-inducing moves are banned
|clearpoke
|poke|p1|Malamar, F|
|poke|p1|Darkrai|
|poke|p1|Hatterene, F|
|poke|p1|Dragonite, F|
|poke|p1|Noivern, M|
|poke|p1|Glimmora, M|
|poke|p2|Tornadus, M|
|poke|p2|Maushold-Four|
|poke|p2|Cloyster, F|
|poke|p2|Serperior, F|
|poke|p2|Azumarill, F|
|poke|p2|Galvantula, F|
|teampreview
|inactive|Battle timer is ON: inactive players will automatically lose when time's up. (requested by Boomix)
|
|t:|1757911852
|teamsize|p1|6
|teamsize|p2|6
|start
|switch|p1a: Glimmora|Glimmora, M|100/100
|switch|p2a: Spooder|Galvantula, F, shiny|100/100
|turn|1
|l|☆Boomix
|inactive|Boomix disconnected and has a minute to reconnect!
|player|p2|
|j|☆Boomix
|inactive|Boomix reconnected.
|player|p2|Boomix|swimmerf-gen4|
|inactive|UnPlatanoQueHabla has 120 seconds left.
|c|☆Boomix|C'mon man
|inactive|UnPlatanoQueHabla has 90 seconds left.
|c|☆Boomix|Don't timestall
|
|t:|1757911915
|move|p2a: Spooder|Thunder|p1a: Glimmora
|-damage|p1a: Glimmora|5/100
|-status|p1a: Glimmora|par
|cant|p1a: Glimmora|par
|
|upkeep
|turn|2
|
|t:|1757911926
|move|p2a: Spooder|Thunder|p1a: Glimmora|[miss]
|-miss|p2a: Spooder|p1a: Glimmora
|cant|p1a: Glimmora|par
|
|upkeep
|turn|3
|
|t:|1757911932
|move|p2a: Spooder|Thunder|p1a: Glimmora
|-damage|p1a: Glimmora|0 fnt
|faint|p1a: Glimmora
|
|upkeep
|
|t:|1757911940
|switch|p1a: Malamar|Malamar, F|100/100
|turn|4
|
|t:|1757911945
|move|p2a: Spooder|Thunder|p1a: Malamar
|-damage|p1a: Malamar|33/100
|move|p1a: Malamar|Flamethrower|p2a: Spooder
|-supereffective|p2a: Spooder
|-damage|p2a: Spooder|27/100
|
|upkeep
|turn|5
|
|t:|1757911952
|move|p2a: Spooder|Thunder|p1a: Malamar
|-damage|p1a: Malamar|0 fnt
|faint|p1a: Malamar
|
|upkeep
|
|t:|1757911962
|switch|p1a: Hatterene|Hatterene, F|100/100
|turn|6
|inactive|UnPlatanoQueHabla has 120 seconds left.
|
|t:|1757911969
|move|p2a: Spooder|Thunder|p1a: Hatterene
|-damage|p1a: Hatterene|25/100
|move|p1a: Hatterene|Mystical Fire|p2a: Spooder
|-supereffective|p2a: Spooder
|-damage|p2a: Spooder|0 fnt
|faint|p2a: Spooder
|
|-heal|p1a: Hatterene|31/100|[from] item: Leftovers
|upkeep
|
|t:|1757911984
|switch|p2a: Balloon|Azumarill, F, shiny|100/100
|turn|7
|
|t:|1757911994
|move|p2a: Balloon|Belly Drum|p2a: Balloon
|-damage|p2a: Balloon|50/100
|-setboost|p2a: Balloon|atk|6|[from] move: Belly Drum
|-enditem|p2a: Balloon|Sitrus Berry|[eat]
|-heal|p2a: Balloon|75/100|[from] item: Sitrus Berry
|move|p1a: Hatterene|Light Screen|p1a: Hatterene
|-sidestart|p1: UnPlatanoQueHabla|move: Light Screen
|
|-heal|p1a: Hatterene|37/100|[from] item: Leftovers
|upkeep
|turn|8
|
|t:|1757912008
|move|p2a: Balloon|Aqua Tail|p1a: Hatterene
|-damage|p1a: Hatterene|0 fnt
|faint|p1a: Hatterene
|
|upkeep
|
|t:|1757912017
|switch|p1a: Noivern|Noivern, M, shiny|100/100
|turn|9
|
|t:|1757912027
|move|p2a: Balloon|Aqua Jet|p1a: Noivern
|-resisted|p1a: Noivern
|-damage|p1a: Noivern|36/100
|move|p1a: Noivern|Air Slash|p2a: Balloon
|-damage|p2a: Balloon|41/100
|
|upkeep
|turn|10
|
|t:|1757912035
|move|p2a: Balloon|Aqua Jet|p1a: Noivern
|-resisted|p1a: Noivern
|-damage|p1a: Noivern|0 fnt
|faint|p1a: Noivern
|
|upkeep
|
|t:|1757912043
|switch|p1a: Darkrai|Darkrai|100/100
|turn|11
|
|t:|1757912048
|move|p2a: Balloon|Aqua Jet|p1a: Darkrai
|-crit|p1a: Darkrai
|-damage|p1a: Darkrai|0 fnt
|faint|p1a: Darkrai
|
|-sideend|p1: UnPlatanoQueHabla|move: Light Screen
|upkeep
|
|t:|1757912055
|switch|p1a: Dragonite|Dragonite, F|100/100
|turn|12
|
|t:|1757912061
|move|p2a: Balloon|Aqua Jet|p1a: Dragonite
|-resisted|p1a: Dragonite
|-damage|p1a: Dragonite|43/100
|-damage|p2a: Balloon|25/100|[from] item: Rocky Helmet|[of] p1a: Dragonite
|move|p1a: Dragonite|Dragon Tail|p2a: Balloon
|-immune|p2a: Balloon
|
|upkeep
|turn|13
|
|t:|1757912070
|move|p1a: Dragonite|Extreme Speed|p2a: Balloon
|-damage|p2a: Balloon|0 fnt
|faint|p2a: Balloon
|
|upkeep
|
|t:|1757912085
|switch|p2a: Sheller|Cloyster, F, shiny|100/100
|turn|14
|
|t:|1757912093
|move|p2a: Sheller|Icicle Spear|p1a: Dragonite
|-supereffective|p1a: Dragonite
|-damage|p1a: Dragonite|0 fnt
|faint|p1a: Dragonite
|-hitcount|p1: Dragonite|1
|
|win|Boomix
|raw|UnPlatanoQueHabla's rating: 1107 &rarr; <strong>1077</strong><br />(-30 for losing)
|raw|Boomix's rating: 1033 &rarr; <strong>1075</strong><br />(+42 for winning)
