|j|☆bogghoul
|j|☆klaraNo1Fan
|t:|1757852680
|gametype|singles
|player|p1|bogghoul|caitlin|1260
|player|p2|klaraNo1Fan|klara|1241
|gen|9
|tier|[Gen 9] OU
|rated|
|rule|HP Percentage Mod: HP is shown in percentages
|rule|Endless Battle Clause: Forcing endless battles is banned
|rule|Species Clause: Limit one of each Pokémon
|rule|OHKO Clause: OHKO moves are banned
|rule|Evasion Items Clause: Evasion items are banned
|rule|Evasion Moves Clause: Evasion moves are banned
|rule|Evasion Abilities Clause: Evasion abilities are banned
|rule|Sleep Moves Clause: Sleep-inducing moves are banned
|clearpoke
|poke|p1|Rillaboom, M|
|poke|p1|Hatterene, F|
|poke|p1|Hawlucha, M|
|poke|p1|Raging Bolt|
|poke|p1|Glimmora, F|
|poke|p1|Moltres-Galar|
|poke|p2|Garganacl, F|
|poke|p2|Hatterene, F|
|poke|p2|Tsareena, F|
|poke|p2|Magnezone|
|poke|p2|Tauros-Paldea-Blaze, M|
|poke|p2|Latias, F|
|teampreview
|inactive|Battle timer is ON: inactive players will automatically lose when time's up. (requested by klaraNo1Fan)
|
|t:|1757852688
|teamsize|p1|6
|teamsize|p2|6
|start
|switch|p1a: Glimmora|Glimmora, F|100/100
|switch|p2a: Magnezone|Magnezone|100/100
|turn|1
|
|t:|1757852694
|move|p2a: Magnezone|Flash Cannon|p1a: Glimmora
|-supereffective|p1a: Glimmora
|-damage|p1a: Glimmora|0 fnt
|faint|p1a: Glimmora
|
|upkeep
|
|t:|1757852699
|switch|p1a: Raging Bolt|Raging Bolt|100/100
|turn|2
|
|t:|1757852714
|switch|p2a: Tsareena|Tsareena, F|100/100
|move|p1a: Raging Bolt|Calm Mind|p1a: Raging Bolt
|-boost|p1a: Raging Bolt|spa|1
|-boost|p1a: Raging Bolt|spd|1
|
|upkeep
|turn|3
|inactive|bogghoul has 120 seconds left.
|
|t:|1757852748
|move|p1a: Raging Bolt|Draco Meteor|p2a: Tsareena|[miss]
|-miss|p1a: Raging Bolt|p2a: Tsareena
|move|p2a: Tsareena|Triple Axel|p1a: Raging Bolt
|-supereffective|p1a: Raging Bolt
|-damage|p1a: Raging Bolt|84/100
|-supereffective|p1a: Raging Bolt
|-damage|p1a: Raging Bolt|52/100
|-supereffective|p1a: Raging Bolt
|-damage|p1a: Raging Bolt|7/100
|-hitcount|p1a: Raging Bolt|3
|
|-heal|p1a: Raging Bolt|13/100|[from] item: Leftovers
|upkeep
|turn|4
|
|t:|1757852753
|move|p1a: Raging Bolt|Draco Meteor|p2a: Tsareena
|-damage|p2a: Tsareena|0 fnt
|-unboost|p1a: Raging Bolt|spa|2
|faint|p2a: Tsareena
|
|-heal|p1a: Raging Bolt|19/100|[from] item: Leftovers
|upkeep
|
|t:|1757852771
|switch|p2a: Hatterene|Hatterene, F|100/100
|turn|5
|
|t:|1757852781
|move|p1a: Raging Bolt|Thunderbolt|p2a: Hatterene
|-damage|p2a: Hatterene|65/100
|move|p2a: Hatterene|Mystical Fire|p1a: Raging Bolt
|-resisted|p1a: Raging Bolt
|-damage|p1a: Raging Bolt|12/100
|-unboost|p1a: Raging Bolt|spa|1
|
|-heal|p1a: Raging Bolt|18/100|[from] item: Leftovers
|-heal|p2a: Hatterene|71/100|[from] item: Leftovers
|upkeep
|turn|6
|
|t:|1757852784
|move|p1a: Raging Bolt|Calm Mind|p1a: Raging Bolt
|-boost|p1a: Raging Bolt|spa|1
|-boost|p1a: Raging Bolt|spd|1
|move|p2a: Hatterene|Draining Kiss|p1a: Raging Bolt
|-supereffective|p1a: Raging Bolt
|-damage|p1a: Raging Bolt|0 fnt
|-heal|p2a: Hatterene|88/100|[from] drain|[of] p1a: Raging Bolt
|faint|p1a: Raging Bolt
|-end|p1a: Raging Bolt|Protosynthesis|[silent]
|
|-heal|p2a: Hatterene|94/100|[from] item: Leftovers
|upkeep
|
|t:|1757852789
|switch|p1a: Rillaboom|Rillaboom, M|100/100
|-fieldstart|move: Grassy Terrain|[from] ability: Grassy Surge|[of] p1a: Rillaboom
|turn|7
|
|t:|1757852796
|move|p1a: Rillaboom|Knock Off|p2a: Hatterene
|-damage|p2a: Hatterene|60/100
|-enditem|p2a: Hatterene|Leftovers|[from] move: Knock Off|[of] p1a: Rillaboom
|move|p2a: Hatterene|Draining Kiss|p1a: Rillaboom
|-damage|p1a: Rillaboom|69/100
|-heal|p2a: Hatterene|89/100|[from] drain|[of] p1a: Rillaboom
|
|-heal|p1a: Rillaboom|75/100|[from] Grassy Terrain
|-heal|p2a: Hatterene|95/100|[from] Grassy Terrain
|upkeep
|turn|8
|
|t:|1757852805
|switch|p1a: Hatterene|Hatterene, F|100/100
|-enditem|p1a: Hatterene|Grassy Seed
|-boost|p1a: Hatterene|def|1|[from] item: Grassy Seed
|move|p2a: Hatterene|Mystical Fire|p1a: Hatterene
|-damage|p1a: Hatterene|74/100
|-unboost|p1a: Hatterene|spa|1
|
|-heal|p1a: Hatterene|80/100|[from] Grassy Terrain
|-heal|p2a: Hatterene|100/100|[from] Grassy Terrain
|upkeep
|turn|9
|
|t:|1757852810
|move|p1a: Hatterene|Calm Mind|p1a: Hatterene
|-boost|p1a: Hatterene|spa|1
|-boost|p1a: Hatterene|spd|1
|move|p2a: Hatterene|Calm Mind|p2a: Hatterene
|-boost|p2a: Hatterene|spa|1
|-boost|p2a: Hatterene|spd|1
|
|-heal|p1a: Hatterene|86/100|[from] Grassy Terrain
|upkeep
|turn|10
|
|t:|1757852813
|move|p1a: Hatterene|Calm Mind|p1a: Hatterene
|-boost|p1a: Hatterene|spa|1
|-boost|p1a: Hatterene|spd|1
|move|p2a: Hatterene|Calm Mind|p2a: Hatterene
|-boost|p2a: Hatterene|spa|1
|-boost|p2a: Hatterene|spd|1
|
|-heal|p1a: Hatterene|92/100|[from] Grassy Terrain
|upkeep
|turn|11
|
|t:|1757852816
|move|p1a: Hatterene|Calm Mind|p1a: Hatterene
|-boost|p1a: Hatterene|spa|1
|-boost|p1a: Hatterene|spd|1
|move|p2a: Hatterene|Calm Mind|p2a: Hatterene
|-boost|p2a: Hatterene|spa|1
|-boost|p2a: Hatterene|spd|1
|
|-heal|p1a: Hatterene|98/100|[from] Grassy Terrain
|upkeep
|turn|12
|
|t:|1757852818
|move|p1a: Hatterene|Stored Power|p2a: Hatterene
|-resisted|p2a: Hatterene
|-damage|p2a: Hatterene|68/100
|move|p2a: Hatterene|Psyshock|p1a: Hatterene
|-resisted|p1a: Hatterene
|-damage|p1a: Hatterene|62/100
|
|-heal|p1a: Hatterene|68/100|[from] Grassy Terrain
|-heal|p2a: Hatterene|74/100|[from] Grassy Terrain
|upkeep
|turn|13
|
|t:|1757852825
|move|p1a: Hatterene|Calm Mind|p1a: Hatterene
|-boost|p1a: Hatterene|spa|1
|-boost|p1a: Hatterene|spd|1
|move|p2a: Hatterene|Psyshock|p1a: Hatterene
|-resisted|p1a: Hatterene
|-damage|p1a: Hatterene|28/100
|
|-heal|p1a: Hatterene|34/100|[from] Grassy Terrain
|-heal|p2a: Hatterene|80/100|[from] Grassy Terrain
|upkeep
|turn|14
|
|t:|1757852828
|move|p1a: Hatterene|Draining Kiss|p2a: Hatterene
|-damage|p2a: Hatterene|49/100
|-heal|p1a: Hatterene|57/100|[from] drain|[of] p2a: Hatterene
|move|p2a: Hatterene|Psyshock|p1a: Hatterene
|-resisted|p1a: Hatterene
|-damage|p1a: Hatterene|22/100
|
|-heal|p1a: Hatterene|28/100|[from] Grassy Terrain
|-heal|p2a: Hatterene|55/100|[from] Grassy Terrain
|-fieldend|move: Grassy Terrain
|upkeep
|turn|15
|
|t:|1757852833
|move|p1a: Hatterene|Stored Power|p2a: Hatterene
|-resisted|p2a: Hatterene
|-damage|p2a: Hatterene|0 fnt
|faint|p2a: Hatterene
|
|upkeep
|
|t:|1757852836
|switch|p2a: Tauros|Tauros-Paldea-Blaze, M|100/100
|-ability|p2a: Tauros|Intimidate|boost
|-unboost|p1a: Hatterene|atk|1
|turn|16
|
|t:|1757852842
|move|p2a: Tauros|Raging Bull|p1a: Hatterene
|-damage|p1a: Hatterene|0 fnt
|faint|p1a: Hatterene
|
|upkeep
|
|t:|1757852846
|switch|p1a: Rillaboom|Rillaboom, M|75/100
|-fieldstart|move: Grassy Terrain|[from] ability: Grassy Surge|[of] p1a: Rillaboom
|turn|17
|
|t:|1757852851
|switch|p1a: Hawlucha|Hawlucha, M|100/100
|-enditem|p1a: Hawlucha|Grassy Seed
|-boost|p1a: Hawlucha|def|1|[from] item: Grassy Seed
|move|p2a: Tauros|Raging Bull|p1a: Hawlucha
|-damage|p1a: Hawlucha|43/100
|
|upkeep
|turn|18
|
|t:|1757852860
|switch|p2a: Latias|Latias, F|100/100
|move|p1a: Hawlucha|Acrobatics|p2a: Latias
|-damage|p2a: Latias|50/100
|
|upkeep
|turn|19
|
|t:|1757852866
|move|p1a: Hawlucha|Acrobatics|p2a: Latias
|-damage|p2a: Latias|2/100
|move|p2a: Latias|Ice Beam|p1a: Hawlucha
|-supereffective|p1a: Hawlucha
|-damage|p1a: Hawlucha|0 fnt
|faint|p1a: Hawlucha
|
|upkeep
|
|t:|1757852869
|switch|p1a: Rillaboom|Rillaboom, M|75/100
|turn|20
|
|t:|1757852871
|move|p1a: Rillaboom|Grassy Glide|p2a: Latias
|-resisted|p2a: Latias
|-damage|p2a: Latias|0 fnt
|faint|p2a: Latias
|
|-heal|p1a: Rillaboom|81/100|[from] Grassy Terrain
|upkeep
|
|t:|1757852874
|switch|p2a: Tauros|Tauros-Paldea-Blaze, M|100/100
|-ability|p2a: Tauros|Intimidate|boost
|-unboost|p1a: Rillaboom|atk|1
|turn|21
|
|t:|1757852881
|switch|p1a: Moltres|Moltres-Galar|100/100
|-enditem|p1a: Moltres|Grassy Seed
|-boost|p1a: Moltres|def|1|[from] item: Grassy Seed
|move|p2a: Tauros|Close Combat|p1a: Moltres
|-damage|p1a: Moltres|36/100
|-unboost|p2a: Tauros|def|1
|-unboost|p2a: Tauros|spd|1
|-ability|p1a: Moltres|Berserk|boost
|-boost|p1a: Moltres|spa|1
|
|upkeep
|turn|22
|
|t:|1757852887
|switch|p2a: Garganacl|Garganacl, F|100/100
|-terastallize|p1a: Moltres|Ghost
|move|p1a: Moltres|Agility|p1a: Moltres
|-boost|p1a: Moltres|spe|2
|
|-heal|p1a: Moltres|42/100|[from] Grassy Terrain
|upkeep
|turn|23
|
|t:|1757852893
|move|p1a: Moltres|Fiery Wrath|p2a: Garganacl
|-damage|p2a: Garganacl|60/100
|move|p2a: Garganacl|Salt Cure|p1a: Moltres
|-damage|p1a: Moltres|31/100
|-start|p1a: Moltres|Salt Cure
|
|-heal|p1a: Moltres|37/100|[from] Grassy Terrain
|-heal|p2a: Garganacl|67/100|[from] Grassy Terrain
|-heal|p2a: Garganacl|73/100|[from] item: Leftovers
|-damage|p1a: Moltres|24/100|[from] Salt Cure
|upkeep
|turn|24
|
|t:|1757852897
|move|p1a: Moltres|Fiery Wrath|p2a: Garganacl
|-damage|p2a: Garganacl|32/100
|cant|p2a: Garganacl|flinch
|
|-heal|p1a: Moltres|31/100|[from] Grassy Terrain
|-heal|p2a: Garganacl|38/100|[from] Grassy Terrain
|-heal|p2a: Garganacl|44/100|[from] item: Leftovers
|-damage|p1a: Moltres|18/100|[from] Salt Cure
|-fieldend|move: Grassy Terrain
|upkeep
|turn|25
|-message|bogghoul forfeited.
|
|win|klaraNo1Fan
|raw|bogghoul's rating: 1260 &rarr; <strong>1234</strong><br />(-26 for losing)
|raw|klaraNo1Fan's rating: 1241 &rarr; <strong>1267</strong><br />(+26 for winning)
|l|☆bogghoul
|player|p1|
|l|☆klaraNo1Fan
|player|p2|
