|j|‽UnderHailZ
|j|☆GlucoseBosom
|t:|1757926324
|gametype|singles
|player|p1|UnderHailZ|blue|1243
|player|p2|GlucoseBosom|pokemonrangerf|1239
|gen|9
|tier|[Gen 9] OU
|rated|
|rule|HP Percentage Mod: HP is shown in percentages
|rule|Endless Battle Clause: Forcing endless battles is banned
|rule|Species Clause: Limit one of each Pokémon
|rule|OHKO Clause: OHKO moves are banned
|rule|Evasion Items Clause: Evasion items are banned
|rule|Evasion Moves Clause: Evasion moves are banned
|rule|Evasion Abilities Clause: Evasion abilities are banned
|rule|Sleep Moves Clause: Sleep-inducing moves are banned
|clearpoke
|poke|p1|Tinkaton, F|
|poke|p1|Moltres|
|poke|p1|Quagsire, M|
|poke|p1|Dragapult, F|
|poke|p1|Gliscor, M|
|poke|p1|Vikavolt, F|
|poke|p2|Eelektross, F|
|poke|p2|Feraligatr, F|
|poke|p2|Drifblim, F|
|poke|p2|Tsareena, F|
|poke|p2|Lapras, F|
|poke|p2|Dragapult, F|
|teampreview
|inactive|Battle timer is ON: inactive players will automatically lose when time's up. (requested by GlucoseBosom)
|
|t:|1757926328
|teamsize|p1|6
|teamsize|p2|6
|start
|switch|p1a: Tinkaton|Tinkaton, F|100/100
|switch|p2a: Lapras|Lapras, F|100/100
|-ability|p1a: Tinkaton|Mold Breaker
|turn|1
|
|t:|1757926337
|move|p1a: Tinkaton|Gigaton Hammer|p2a: Lapras
|-damage|p2a: Lapras|22/100
|move|p2a: Lapras|Hydro Pump|p1a: Tinkaton
|-damage|p1a: Tinkaton|54/100
|
|upkeep
|turn|2
|
|t:|1757926350
|switch|p1a: Vikavolt|Vikavolt, F|100/100
|move|p2a: Lapras|Hydro Pump|p1a: Vikavolt
|-damage|p1a: Vikavolt|47/100
|
|upkeep
|turn|3
|
|t:|1757926360
|move|p2a: Lapras|Hydro Pump|p1a: Vikavolt
|-damage|p1a: Vikavolt|0 fnt
|faint|p1a: Vikavolt
|
|upkeep
|
|t:|1757926373
|switch|p1a: Tinkaton|Tinkaton, F|54/100
|-ability|p1a: Tinkaton|Mold Breaker
|turn|4
|
|t:|1757926382
|move|p1a: Tinkaton|Gigaton Hammer|p2a: Lapras
|-damage|p2a: Lapras|0 fnt
|faint|p2a: Lapras
|
|upkeep
|
|t:|1757926398
|switch|p2a: Feraligatr|Feraligatr, F|100/100
|turn|5
|
|t:|1757926407
|switch|p1a: Dragapult|Dragapult, F|100/100
|move|p2a: Feraligatr|Dragon Dance|p2a: Feraligatr
|-boost|p2a: Feraligatr|atk|1
|-boost|p2a: Feraligatr|spe|1
|
|upkeep
|turn|6
|
|t:|1757926424
|move|p1a: Dragapult|Will-O-Wisp|p2a: Feraligatr|[miss]
|-miss|p1a: Dragapult|p2a: Feraligatr
|move|p2a: Feraligatr|Dragon Dance|p2a: Feraligatr
|-boost|p2a: Feraligatr|atk|1
|-boost|p2a: Feraligatr|spe|1
|
|upkeep
|turn|7
|
|t:|1757926429
|move|p2a: Feraligatr|Crunch|p1a: Dragapult
|-supereffective|p1a: Dragapult
|-damage|p1a: Dragapult|0 fnt
|faint|p1a: Dragapult
|
|upkeep
|
|t:|1757926435
|switch|p1a: Quagsire|Quagsire, M|100/100
|turn|8
|
|t:|1757926441
|move|p2a: Feraligatr|Body Slam|p1a: Quagsire
|-damage|p1a: Quagsire|35/100
|move|p1a: Quagsire|Toxic|p2a: Feraligatr
|-status|p2a: Feraligatr|tox
|
|-heal|p1a: Quagsire|41/100|[from] item: Leftovers
|-damage|p2a: Feraligatr|94/100 tox|[from] psn
|upkeep
|turn|9
|
|t:|1757926452
|move|p2a: Feraligatr|Body Slam|p1a: Quagsire
|-damage|p1a: Quagsire|0 fnt
|faint|p1a: Quagsire
|
|-damage|p2a: Feraligatr|82/100 tox|[from] psn
|upkeep
|
|t:|1757926461
|switch|p1a: Gliscor|Gliscor, M|100/100
|turn|10
|
|t:|1757926467
|move|p2a: Feraligatr|Liquidation|p1a: Gliscor
|-supereffective|p1a: Gliscor
|-damage|p1a: Gliscor|0 fnt
|faint|p1a: Gliscor
|
|-damage|p2a: Feraligatr|64/100 tox|[from] psn
|upkeep
|-message|UnderHailZ forfeited.
|
|win|GlucoseBosom
|raw|UnderHailZ's rating: 1243 &rarr; <strong>1218</strong><br />(-25 for losing)
|raw|GlucoseBosom's rating: 1239 &rarr; <strong>1264</strong><br />(+25 for winning)
|l|‽UnderHailZ
|player|p1|
|l|☆GlucoseBosom
|player|p2|
