|j|☆jpkeeks
|j|☆PixelPenguin2
|t:|1757832700
|gametype|singles
|player|p1|jpkeeks|2|1497
|player|p2|PixelPenguin2|guitarist|1553
|gen|9
|tier|[Gen 9] OU
|rated|
|rule|HP Percentage Mod: HP is shown in percentages
|rule|Endless Battle Clause: Forcing endless battles is banned
|rule|Species Clause: Limit one of each Pokémon
|rule|OHKO Clause: OHKO moves are banned
|rule|Evasion Items Clause: Evasion items are banned
|rule|Evasion Moves Clause: Evasion moves are banned
|rule|Evasion Abilities Clause: Evasion abilities are banned
|rule|Sleep Moves Clause: Sleep-inducing moves are banned
|clearpoke
|poke|p1|Meowscarada, F|
|poke|p1|Cinderace, F|
|poke|p1|Great Tusk|
|poke|p1|Ting-Lu|
|poke|p1|Latios, M|
|poke|p1|Pecharunt|
|poke|p2|Ninetales, M|
|poke|p2|Walking Wake|
|poke|p2|Raging Bolt|
|poke|p2|Venusaur, M|
|poke|p2|Hatterene, F|
|poke|p2|Scizor, F|
|teampreview
|inactive|Battle timer is ON: inactive players will automatically lose when time's up. (requested by PixelPenguin2)
|
|t:|1757832715
|teamsize|p1|6
|teamsize|p2|6
|start
|switch|p1a: Latios|Latios, M|100/100
|switch|p2a: AUUGHH|Hatterene, F|100/100
|turn|1
|
|t:|1757832720
|move|p1a: Latios|Flip Turn|p2a: AUUGHH
|-damage|p2a: AUUGHH|91/100
|-enditem|p2a: AUUGHH|Eject Button
|
|t:|1757832723
|switch|p2a: beetle :)|Scizor, F|100/100
|
|upkeep
|turn|2
|
|t:|1757832725
|switch|p1a: Great Tusk|Great Tusk|100/100
|move|p2a: beetle :)|Knock Off|p1a: Great Tusk
|-resisted|p1a: Great Tusk
|-damage|p1a: Great Tusk|88/100
|-damage|p2a: beetle :)|84/100|[from] item: Rocky Helmet|[of] p1a: Great Tusk
|-enditem|p1a: Great Tusk|Rocky Helmet|[from] move: Knock Off|[of] p2a: beetle :)
|
|upkeep
|turn|3
|
|t:|1757832733
|move|p1a: Great Tusk|Close Combat|p2a: beetle :)
|-damage|p2a: beetle :)|11/100
|-unboost|p1a: Great Tusk|def|1
|-unboost|p1a: Great Tusk|spd|1
|move|p2a: beetle :)|U-turn|p1a: Great Tusk
|-resisted|p1a: Great Tusk
|-damage|p1a: Great Tusk|67/100
|
|t:|1757832736
|switch|p2a: big stepper|Walking Wake|100/100|[from] U-turn
|
|upkeep
|turn|4
|
|t:|1757832738
|-end|p1a: Great Tusk|Protosynthesis|[silent]
|switch|p1a: Ting-Lu|Ting-Lu|100/100
|-ability|p1a: Ting-Lu|Vessel of Ruin
|move|p2a: big stepper|Draco Meteor|p1a: Ting-Lu
|-damage|p1a: Ting-Lu|68/100
|-unboost|p2a: big stepper|spa|2
|
|-heal|p1a: Ting-Lu|74/100|[from] item: Leftovers
|upkeep
|turn|5
|
|t:|1757832742
|-end|p2a: big stepper|Protosynthesis|[silent]
|switch|p2a: AUUGHH|Hatterene, F|91/100
|switch|p1a: Cinderace|Cinderace, F|100/100
|
|upkeep
|turn|6
|
|t:|1757832746
|switch|p2a: iron collarbone|Raging Bolt|100/100
|move|p1a: Cinderace|Pyro Ball|p2a: iron collarbone
|-resisted|p2a: iron collarbone
|-damage|p2a: iron collarbone|68/100
|
|-heal|p2a: iron collarbone|74/100|[from] item: Leftovers
|upkeep
|turn|7
|j| iamfrhaan007
|
|t:|1757832749
|switch|p1a: Ting-Lu|Ting-Lu|74/100
|-ability|p1a: Ting-Lu|Vessel of Ruin
|move|p2a: iron collarbone|Dragon Pulse|p1a: Ting-Lu
|-damage|p1a: Ting-Lu|53/100
|
|-heal|p2a: iron collarbone|80/100|[from] item: Leftovers
|-heal|p1a: Ting-Lu|59/100|[from] item: Leftovers
|upkeep
|turn|8
|
|t:|1757832752
|-end|p2a: iron collarbone|Protosynthesis|[silent]
|switch|p2a: AUUGHH|Hatterene, F|91/100
|move|p1a: Ting-Lu|Ruination|p2a: AUUGHH
|-damage|p2a: AUUGHH|46/100
|
|-heal|p1a: Ting-Lu|65/100|[from] item: Leftovers
|upkeep
|turn|9
|
|t:|1757832755
|switch|p1a: Cinderace|Cinderace, F|100/100
|move|p2a: AUUGHH|Nuzzle|p1a: Cinderace
|-damage|p1a: Cinderace|95/100
|-status|p1a: Cinderace|par
|
|upkeep
|turn|10
|
|t:|1757832757
|switch|p2a: house of rising|Ninetales, M, shiny|100/100
|-weather|SunnyDay|[from] ability: Drought|[of] p2a: house of rising
|move|p1a: Cinderace|U-turn|p2a: house of rising
|-start|p1a: Cinderace|typechange|Bug|[from] ability: Libero
|-resisted|p2a: house of rising
|-damage|p2a: house of rising|69/100
|
|t:|1757832761
|switch|p1a: Latios|Latios, M|100/100|[from] U-turn
|
|-weather|SunnyDay|[upkeep]
|upkeep
|turn|11
|
|t:|1757832765
|switch|p2a: beetle :)|Scizor, F|11/100
|move|p1a: Latios|Luster Purge|p2a: beetle :)
|-resisted|p2a: beetle :)
|-damage|p2a: beetle :)|0 fnt
|faint|p2a: beetle :)
|
|-weather|SunnyDay|[upkeep]
|upkeep
|
|t:|1757832771
|switch|p2a: AUUGHH|Hatterene, F|46/100
|turn|12
|
|t:|1757832775
|switch|p1a: Cinderace|Cinderace, F|95/100 par
|move|p2a: AUUGHH|Nuzzle|p1a: Cinderace
|-damage|p1a: Cinderace|90/100 par
|
|-weather|SunnyDay|[upkeep]
|upkeep
|turn|13
|
|t:|1757832777
|move|p1a: Cinderace|U-turn|p2a: AUUGHH
|-start|p1a: Cinderace|typechange|Bug|[from] ability: Libero
|-damage|p2a: AUUGHH|0 fnt
|faint|p2a: AUUGHH
|
|t:|1757832780
|switch|p1a: Meowscarada|Meowscarada, F|100/100|[from] U-turn
|
|-weather|SunnyDay|[upkeep]
|upkeep
|
|t:|1757832783
|switch|p2a: fog|Venusaur, M|100/100
|turn|14
|
|t:|1757832786
|move|p1a: Meowscarada|Trick|p2a: fog
|-start|p1a: Meowscarada|typechange|Psychic|[from] ability: Protean
|-activate|p1a: Meowscarada|move: Trick|[of] p2a: fog
|-item|p2a: fog|Choice Scarf|[from] move: Trick
|-item|p1a: Meowscarada|Life Orb|[from] move: Trick
|move|p2a: fog|Weather Ball|p1a: Meowscarada
|-damage|p1a: Meowscarada|42/100
|
|-weather|SunnyDay|[upkeep]
|upkeep
|turn|15
|
|t:|1757832790
|switch|p1a: Ting-Lu|Ting-Lu|65/100
|-ability|p1a: Ting-Lu|Vessel of Ruin
|move|p2a: fog|Weather Ball|p1a: Ting-Lu
|-damage|p1a: Ting-Lu|49/100
|
|-weather|SunnyDay|[upkeep]
|-heal|p1a: Ting-Lu|55/100|[from] item: Leftovers
|upkeep
|turn|16
|
|t:|1757832793
|switch|p2a: big stepper|Walking Wake|100/100
|-activate|p2a: big stepper|ability: Protosynthesis
|-start|p2a: big stepper|protosynthesisspe
|move|p1a: Ting-Lu|Stealth Rock|p2a: big stepper
|-sidestart|p2: PixelPenguin2|move: Stealth Rock
|
|-weather|SunnyDay|[upkeep]
|-heal|p1a: Ting-Lu|61/100|[from] item: Leftovers
|upkeep
|turn|17
|
|t:|1757832798
|-terastallize|p1a: Ting-Lu|Ghost
|move|p2a: big stepper|Hydro Steam|p1a: Ting-Lu
|-damage|p1a: Ting-Lu|35/100
|move|p1a: Ting-Lu|Spikes|p2a: big stepper
|-sidestart|p2: PixelPenguin2|Spikes
|
|-weather|none
|-end|p2a: big stepper|Protosynthesis
|-heal|p1a: Ting-Lu|41/100|[from] item: Leftovers
|upkeep
|turn|18
|
|t:|1757832802
|-end|p2a: big stepper|Protosynthesis|[silent]
|switch|p2a: house of rising|Ninetales, M, shiny|69/100
|-damage|p2a: house of rising|44/100|[from] Stealth Rock
|-damage|p2a: house of rising|32/100|[from] Spikes
|-weather|SunnyDay|[from] ability: Drought|[of] p2a: house of rising
|move|p1a: Ting-Lu|Whirlwind|p2a: house of rising
|drag|p2a: iron collarbone|Raging Bolt|80/100
|-damage|p2a: iron collarbone|68/100|[from] Stealth Rock
|-damage|p2a: iron collarbone|55/100|[from] Spikes
|-activate|p2a: iron collarbone|ability: Protosynthesis
|-start|p2a: iron collarbone|protosynthesisspa
|
|-weather|SunnyDay|[upkeep]
|-heal|p2a: iron collarbone|61/100|[from] item: Leftovers
|-heal|p1a: Ting-Lu|48/100|[from] item: Leftovers
|upkeep
|turn|19
|
|t:|1757832809
|-end|p2a: iron collarbone|Protosynthesis|[silent]
|switch|p2a: fog|Venusaur, M|100/100
|-damage|p2a: fog|88/100|[from] Stealth Rock
|-damage|p2a: fog|76/100|[from] Spikes
|move|p1a: Ting-Lu|Whirlwind|p2a: fog
|drag|p2a: house of rising|Ninetales, M, shiny|32/100
|-damage|p2a: house of rising|7/100|[from] Stealth Rock
|-damage|p2a: house of rising|0 fnt|[from] Spikes
|faint|p2a: house of rising
|
|-weather|SunnyDay|[upkeep]
|-heal|p1a: Ting-Lu|54/100|[from] item: Leftovers
|upkeep
|
|t:|1757832810
|switch|p2a: big stepper|Walking Wake|100/100
|-damage|p2a: big stepper|88/100|[from] Stealth Rock
|-damage|p2a: big stepper|76/100|[from] Spikes
|-activate|p2a: big stepper|ability: Protosynthesis
|-start|p2a: big stepper|protosynthesisspe
|turn|20
|l| iamfrhaan007
|
|t:|1757832813
|move|p2a: big stepper|Hydro Steam|p1a: Ting-Lu
|-damage|p1a: Ting-Lu|25/100
|move|p1a: Ting-Lu|Whirlwind|p2a: big stepper
|-end|p2a: big stepper|Protosynthesis|[silent]
|drag|p2a: iron collarbone|Raging Bolt|61/100
|-damage|p2a: iron collarbone|49/100|[from] Stealth Rock
|-damage|p2a: iron collarbone|36/100|[from] Spikes
|-activate|p2a: iron collarbone|ability: Protosynthesis
|-start|p2a: iron collarbone|protosynthesisspa
|
|-weather|SunnyDay|[upkeep]
|-heal|p2a: iron collarbone|43/100|[from] item: Leftovers
|-heal|p1a: Ting-Lu|31/100|[from] item: Leftovers
|upkeep
|turn|21
|
|t:|1757832816
|move|p2a: iron collarbone|Weather Ball|p1a: Ting-Lu
|-crit|p1a: Ting-Lu
|-damage|p1a: Ting-Lu|0 fnt
|faint|p1a: Ting-Lu
|
|-weather|SunnyDay|[upkeep]
|-heal|p2a: iron collarbone|49/100|[from] item: Leftovers
|upkeep
|
|t:|1757832829
|switch|p1a: Great Tusk|Great Tusk|67/100
|-activate|p1a: Great Tusk|ability: Protosynthesis
|-start|p1a: Great Tusk|protosynthesisatk
|turn|22
|
|t:|1757832835
|-end|p2a: iron collarbone|Protosynthesis|[silent]
|switch|p2a: fog|Venusaur, M|76/100
|-damage|p2a: fog|63/100|[from] Stealth Rock
|-damage|p2a: fog|51/100|[from] Spikes
|move|p1a: Great Tusk|Ice Spinner|p2a: fog
|-supereffective|p2a: fog
|-damage|p2a: fog|0 fnt
|faint|p2a: fog
|
|-weather|SunnyDay|[upkeep]
|upkeep
|
|t:|1757832837
|switch|p2a: big stepper|Walking Wake|76/100
|-damage|p2a: big stepper|64/100|[from] Stealth Rock
|-damage|p2a: big stepper|51/100|[from] Spikes
|-activate|p2a: big stepper|ability: Protosynthesis
|-start|p2a: big stepper|protosynthesisspe
|turn|23
|
|t:|1757832841
|-end|p1a: Great Tusk|Protosynthesis|[silent]
|switch|p1a: Meowscarada|Meowscarada, F|42/100
|move|p2a: big stepper|Hydro Steam|p1a: Meowscarada
|-resisted|p1a: Meowscarada
|-damage|p1a: Meowscarada|0 fnt
|faint|p1a: Meowscarada
|
|-weather|SunnyDay|[upkeep]
|upkeep
|
|t:|1757832846
|switch|p1a: Cinderace|Cinderace, F|90/100 par
|turn|24
|
|t:|1757832848
|move|p2a: big stepper|Hydro Steam|p1a: Cinderace
|-supereffective|p1a: Cinderace
|-damage|p1a: Cinderace|0 fnt
|faint|p1a: Cinderace
|
|-weather|SunnyDay|[upkeep]
|upkeep
|
|t:|1757832850
|switch|p1a: Pecharunt|Pecharunt|100/100
|-item|p1a: Pecharunt|Air Balloon
|turn|25
|
|t:|1757832858
|-terastallize|p2a: big stepper|Water
|move|p2a: big stepper|Hydro Steam|p1a: Pecharunt
|-damage|p1a: Pecharunt|4/100
|-enditem|p1a: Pecharunt|Air Balloon
|move|p1a: Pecharunt|Malignant Chain|p2a: big stepper
|-damage|p2a: big stepper|17/100
|
|-weather|none
|-end|p2a: big stepper|Protosynthesis
|upkeep
|turn|26
|
|t:|1757832862
|move|p2a: big stepper|Hydro Steam|p1a: Pecharunt
|-damage|p1a: Pecharunt|0 fnt
|faint|p1a: Pecharunt
|
|upkeep
|
|t:|1757832863
|switch|p1a: Latios|Latios, M|100/100
|turn|27
|
|t:|1757832866
|-end|p2a: big stepper|Protosynthesis|[silent]
|switch|p2a: iron collarbone|Raging Bolt|49/100
|-damage|p2a: iron collarbone|36/100|[from] Stealth Rock
|-damage|p2a: iron collarbone|24/100|[from] Spikes
|move|p1a: Latios|Luster Purge|p2a: iron collarbone
|-damage|p2a: iron collarbone|0 fnt
|faint|p2a: iron collarbone
|-end|p2a: iron collarbone|Protosynthesis|[silent]
|
|upkeep
|-message|PixelPenguin2 forfeited.
|
|win|jpkeeks
|raw|jpkeeks's rating: 1497 &rarr; <strong>1520</strong><br />(+23 for winning)
|raw|PixelPenguin2's rating: 1553 &rarr; <strong>1530</strong><br />(-23 for losing)
|l|☆PixelPenguin2
|player|p2|
|l|☆jpkeeks
|player|p1|
