|inactive|Battle timer is ON: inactive players will automatically lose when time's up.
|t:|1757864659
|gametype|singles
|player|p1|Antetokommo-o|#scl5shoguns|
|player|p2|oldspicemike|#scl5terrors|
|gen|9
|tier|[Gen 9] OU
|rule|HP Percentage Mod: HP is shown in percentages
|rule|Endless Battle Clause: Forcing endless battles is banned
|rule|Species Clause: Limit one of each Pokémon
|rule|OHKO Clause: OHKO moves are banned
|rule|Evasion Items Clause: Evasion items are banned
|rule|Evasion Moves Clause: Evasion moves are banned
|rule|Evasion Abilities Clause: Evasion abilities are banned
|rule|Sleep Moves Clause: Sleep-inducing moves are banned
|clearpoke
|poke|p1|Ogerpon-Wellspring, F|
|poke|p1|Landorus-Therian, M|
|poke|p1|Raging Bolt|
|poke|p1|Iron Valiant|
|poke|p1|Iron Moth|
|poke|p1|Kingambit, M|
|poke|p2|Tyranitar, M|
|poke|p2|Excadrill, M|
|poke|p2|Tornadus-Therian, M|
|poke|p2|Ogerpon-Wellspring, F|
|poke|p2|Pecharunt|
|poke|p2|Zamazenta-*|
|teampreview
|c|☆oldspicemike|hf
|c|☆Antetokommo-o|hf
|inactive|Antetokommo-o has 270 seconds left.
|inactive|oldspicemike has 270 seconds left.
|inactive|Antetokommo-o has 240 seconds left.
|inactive|oldspicemike has 240 seconds left.
|inactive|Antetokommo-o has 210 seconds left.
|inactive|Antetokommo-o has 180 seconds left.
|
|t:|1757864787
|teamsize|p1|6
|teamsize|p2|6
|start
|switch|p1a: Landorus|Landorus-Therian, M|100/100
|switch|p2a: Tornadus|Tornadus-Therian, M|100/100
|-ability|p1a: Landorus|Intimidate|boost
|-unboost|p2a: Tornadus|atk|1
|turn|1
|inactive|Antetokommo-o has 240 seconds left.
|c|+Alpha1013|Lessgo Giannis 
|c|☆Antetokommo-o|i'm goobed 
|
|t:|1757864809
|move|p2a: Tornadus|Bleakwind Storm|p1a: Landorus
|-damage|p1a: Landorus|62/100
|move|p1a: Landorus|Stealth Rock|p2a: Tornadus
|-sidestart|p2: oldspicemike|move: Stealth Rock
|
|upkeep
|turn|2
|inactive|Antetokommo-o has 210 seconds left.
|
|t:|1757864837
|switch|p1a: Raging Bolt|Raging Bolt|100/100
|-enditem|p1a: Raging Bolt|Booster Energy
|-activate|p1a: Raging Bolt|ability: Protosynthesis|[fromitem]
|-start|p1a: Raging Bolt|protosynthesisspa
|move|p2a: Tornadus|Bleakwind Storm|p1a: Raging Bolt|[miss]
|-miss|p2a: Tornadus|p1a: Raging Bolt
|
|upkeep
|turn|3
|inactive|oldspicemike has 270 seconds left.
|inactive|Antetokommo-o has 210 seconds left.
|inactive|Antetokommo-o has 180 seconds left.
|
|t:|1757864894
|move|p2a: Tornadus|U-turn|p1a: Raging Bolt
|-damage|p1a: Raging Bolt|93/100
|inactive|oldspicemike has 240 seconds left.
|
|t:|1757864933
|switch|p2a: Excadrill|Excadrill, M|100/100|[from] U-turn
|-damage|p2a: Excadrill|97/100|[from] Stealth Rock
|-item|p2a: Excadrill|Air Balloon
|move|p1a: Raging Bolt|Calm Mind|p1a: Raging Bolt
|-boost|p1a: Raging Bolt|spa|1
|-boost|p1a: Raging Bolt|spd|1
|
|upkeep
|turn|4
|
|t:|1757864939
|-terastallize|p1a: Raging Bolt|Bug
|move|p2a: Excadrill|Earthquake|p1a: Raging Bolt
|-resisted|p1a: Raging Bolt
|-crit|p1a: Raging Bolt
|-damage|p1a: Raging Bolt|57/100
|move|p1a: Raging Bolt|Dragon Pulse|p2a: Excadrill
|-resisted|p2a: Excadrill
|-damage|p2a: Excadrill|33/100
|-enditem|p2a: Excadrill|Air Balloon
|
|upkeep
|turn|5
|inactive|oldspicemike has 240 seconds left.
|
|t:|1757864953
|switch|p2a: Tyranitar|Tyranitar, M|100/100
|-weather|Sandstorm|[from] ability: Sand Stream|[of] p2a: Tyranitar
|move|p1a: Raging Bolt|Dragon Pulse|p2a: Tyranitar
|-damage|p2a: Tyranitar|60/100
|
|-weather|Sandstorm|[upkeep]
|-damage|p1a: Raging Bolt|51/100|[from] Sandstorm
|upkeep
|turn|6
|inactive|Antetokommo-o has 180 seconds left.
|
|t:|1757864994
|move|p1a: Raging Bolt|Dragon Pulse|p2a: Tyranitar
|-damage|p2a: Tyranitar|18/100
|move|p2a: Tyranitar|Stone Edge|p1a: Raging Bolt|[miss]
|-miss|p2a: Tyranitar|p1a: Raging Bolt
|
|-weather|Sandstorm|[upkeep]
|-damage|p1a: Raging Bolt|45/100|[from] Sandstorm
|upkeep
|turn|7
|inactive|oldspicemike has 240 seconds left.
|
|t:|1757865034
|move|p1a: Raging Bolt|Dragon Pulse|p2a: Tyranitar
|-damage|p2a: Tyranitar|0 fnt
|faint|p2a: Tyranitar
|
|-weather|Sandstorm|[upkeep]
|-damage|p1a: Raging Bolt|38/100|[from] Sandstorm
|upkeep
|
|t:|1757865036
|switch|p2a: Excadrill|Excadrill, M|33/100
|-damage|p2a: Excadrill|30/100|[from] Stealth Rock
|turn|8
|
|t:|1757865062
|move|p2a: Excadrill|Iron Head|p1a: Raging Bolt
|-damage|p1a: Raging Bolt|3/100
|move|p1a: Raging Bolt|Dragon Pulse|p2a: Excadrill
|-resisted|p2a: Excadrill
|-damage|p2a: Excadrill|0 fnt
|faint|p2a: Excadrill
|
|-weather|Sandstorm|[upkeep]
|-damage|p1a: Raging Bolt|0 fnt|[from] Sandstorm
|faint|p1a: Raging Bolt
|-end|p1a: Raging Bolt|Protosynthesis|[silent]
|upkeep
|inactive|oldspicemike has 240 seconds left.
|inactive|Antetokommo-o has 150 seconds left.
|
|t:|1757865097
|switch|p2a: Tornadus|Tornadus-Therian, M|100/100
|switch|p1a: Kingambit|Kingambit, M|100/100
|-damage|p2a: Tornadus|76/100|[from] Stealth Rock
|-activate|p1a: Kingambit|ability: Supreme Overlord
|-start|p1a: Kingambit|fallen1|[silent]
|turn|9
|inactive|Antetokommo-o has 120 seconds left.
|inactive|oldspicemike has 210 seconds left.
|
|t:|1757865137
|switch|p2a: Zamazenta|Zamazenta|100/100
|-damage|p2a: Zamazenta|94/100|[from] Stealth Rock
|-ability|p2a: Zamazenta|Dauntless Shield|boost
|-boost|p2a: Zamazenta|def|1
|move|p1a: Kingambit|Kowtow Cleave|p2a: Zamazenta
|-resisted|p2a: Zamazenta
|-damage|p2a: Zamazenta|77/100
|
|-weather|none
|-heal|p2a: Zamazenta|83/100|[from] item: Leftovers
|upkeep
|turn|10
|inactive|oldspicemike has 210 seconds left.
|
|t:|1757865153
|-end|p1a: Kingambit|fallen1|[silent]
|switch|p1a: Landorus|Landorus-Therian, M|62/100
|-ability|p1a: Landorus|Intimidate|boost
|-unboost|p2a: Zamazenta|atk|1
|move|p2a: Zamazenta|Iron Defense|p2a: Zamazenta
|-boost|p2a: Zamazenta|def|2
|
|-heal|p2a: Zamazenta|89/100|[from] item: Leftovers
|upkeep
|turn|11
|inactive|Antetokommo-o has 120 seconds left.
|
|t:|1757865167
|move|p2a: Zamazenta|Body Press|p1a: Landorus
|-resisted|p1a: Landorus
|-damage|p1a: Landorus|23/100
|-damage|p2a: Zamazenta|73/100|[from] item: Rocky Helmet|[of] p1a: Landorus
|move|p1a: Landorus|Taunt|p2a: Zamazenta
|-start|p2a: Zamazenta|move: Taunt
|
|-heal|p2a: Zamazenta|79/100|[from] item: Leftovers
|upkeep
|turn|12
|inactive|Antetokommo-o has 120 seconds left.
|
|t:|1757865178
|move|p2a: Zamazenta|Body Press|p1a: Landorus
|-resisted|p1a: Landorus
|-damage|p1a: Landorus|0 fnt
|-damage|p2a: Zamazenta|62/100|[from] item: Rocky Helmet|[of] p1a: Landorus
|faint|p1a: Landorus
|
|-heal|p2a: Zamazenta|69/100|[from] item: Leftovers
|upkeep
|inactive|Antetokommo-o has 90 seconds left.
|
|t:|1757865235
|switch|p1a: Iron Valiant|Iron Valiant|100/100
|-enditem|p1a: Iron Valiant|Booster Energy
|-activate|p1a: Iron Valiant|ability: Quark Drive|[fromitem]
|-start|p1a: Iron Valiant|quarkdrivespe
|turn|13
|inactive|oldspicemike has 210 seconds left.
|
|t:|1757865274
|switch|p2a: Pecharunt|Pecharunt|100/100
|move|p1a: Iron Valiant|Calm Mind|p1a: Iron Valiant
|-boost|p1a: Iron Valiant|spa|1
|-boost|p1a: Iron Valiant|spd|1
|
|upkeep
|turn|14
|
|t:|1757865285
|move|p1a: Iron Valiant|Shadow Ball|p2a: Pecharunt
|-supereffective|p2a: Pecharunt
|-damage|p2a: Pecharunt|18/100
|move|p2a: Pecharunt|Malignant Chain|p1a: Iron Valiant
|-supereffective|p1a: Iron Valiant
|-damage|p1a: Iron Valiant|28/100
|
|upkeep
|turn|15
|inactive|Antetokommo-o has 90 seconds left.
|
|t:|1757865295
|move|p1a: Iron Valiant|Moonblast|p2a: Pecharunt
|-resisted|p2a: Pecharunt
|-damage|p2a: Pecharunt|0 fnt
|faint|p2a: Pecharunt
|
|upkeep
|
|t:|1757865301
|switch|p2a: Tornadus|Tornadus-Therian, M|100/100
|-damage|p2a: Tornadus|76/100|[from] Stealth Rock
|turn|16
|inactive|Antetokommo-o has 90 seconds left.
|
|t:|1757865333
|move|p1a: Iron Valiant|Moonblast|p2a: Tornadus
|-damage|p2a: Tornadus|28/100
|move|p2a: Tornadus|Bleakwind Storm|p1a: Iron Valiant|[miss]
|-miss|p2a: Tornadus|p1a: Iron Valiant
|
|upkeep
|turn|17
|inactive|oldspicemike has 210 seconds left.
|
|t:|1757865371
|move|p1a: Iron Valiant|Moonblast|p2a: Tornadus
|-damage|p2a: Tornadus|0 fnt
|faint|p2a: Tornadus
|
|upkeep
|
|t:|1757865373
|switch|p2a: Ogerpon|Ogerpon-Wellspring, F|100/100
|-damage|p2a: Ogerpon|88/100|[from] Stealth Rock
|turn|18
|
|t:|1757865378
|-terastallize|p2a: Ogerpon|Water
|detailschange|p2a: Ogerpon|Ogerpon-Wellspring-Tera, F, tera:Water
|-ability|p2a: Ogerpon|Embody Aspect (Wellspring)|boost
|-boost|p2a: Ogerpon|spd|1
|move|p1a: Iron Valiant|Moonblast|p2a: Ogerpon
|-damage|p2a: Ogerpon|31/100
|-unboost|p2a: Ogerpon|spa|1
|move|p2a: Ogerpon|Ivy Cudgel|p1a: Iron Valiant|[anim] Ivy Cudgel Water
|-damage|p1a: Iron Valiant|0 fnt
|faint|p1a: Iron Valiant
|-end|p1a: Iron Valiant|Quark Drive|[silent]
|
|upkeep
|inactive|Antetokommo-o has 90 seconds left.
|inactive|Antetokommo-o has 60 seconds left.
|
|t:|1757865440
|switch|p1a: Iron Moth|Iron Moth|100/100
|-enditem|p1a: Iron Moth|Booster Energy
|-activate|p1a: Iron Moth|ability: Quark Drive|[fromitem]
|-start|p1a: Iron Moth|quarkdrivespe
|turn|19
|inactive|oldspicemike has 210 seconds left.
|
|t:|1757865452
|move|p1a: Iron Moth|Sludge Wave|p2a: Ogerpon
|-damage|p2a: Ogerpon|0 fnt
|faint|p2a: Ogerpon
|detailschange|p2: Ogerpon|Ogerpon-Wellspring, F|[silent]
|
|upkeep
|
|t:|1757865455
|switch|p2a: Zamazenta|Zamazenta|69/100
|-damage|p2a: Zamazenta|62/100|[from] Stealth Rock
|turn|20
|
|t:|1757865458
|move|p1a: Iron Moth|Dazzling Gleam|p2a: Zamazenta
|-supereffective|p2a: Zamazenta
|-damage|p2a: Zamazenta|11/100
|move|p2a: Zamazenta|Roar|p1a: Iron Moth
|-end|p1a: Iron Moth|Quark Drive|[silent]
|drag|p1a: Kingambit|Kingambit, M|100/100
|-activate|p1a: Kingambit|ability: Supreme Overlord
|-start|p1a: Kingambit|fallen3|[silent]
|
|-heal|p2a: Zamazenta|17/100|[from] item: Leftovers
|upkeep
|turn|21
|
|t:|1757865468
|move|p2a: Zamazenta|Iron Defense|p2a: Zamazenta
|-boost|p2a: Zamazenta|def|2
|move|p1a: Kingambit|Low Kick|p2a: Zamazenta
|-damage|p2a: Zamazenta|0 fnt
|faint|p2a: Zamazenta
|
|win|Antetokommo-o
