|badge|p2|bronze|gen9ou|100-6
|uhtml|medal-msg|<div class="broadcast-blue">Curious what those medals under the avatar are? PS now has Ladder Seasons! For more information, check out the <a href="https://www.smogon.com/forums/threads/3740067/">thread on Smogon.</a></div>
|j|☆Funny Fez
|j|☆Obito 2001
|t:|1757807877
|gametype|singles
|player|p1|Funny Fez|infielder|1576
|player|p2|Obito 2001|blue-gen3two|1691
|gen|9
|tier|[Gen 9] OU
|rated|
|rule|HP Percentage Mod: HP is shown in percentages
|rule|Endless Battle Clause: Forcing endless battles is banned
|rule|Species Clause: Limit one of each Pokémon
|rule|OHKO Clause: OHKO moves are banned
|rule|Evasion Items Clause: Evasion items are banned
|rule|Evasion Moves Clause: Evasion moves are banned
|rule|Evasion Abilities Clause: Evasion abilities are banned
|rule|Sleep Moves Clause: Sleep-inducing moves are banned
|clearpoke
|poke|p1|Latios, M|
|poke|p1|Scizor, M|
|poke|p1|Ting-Lu|
|poke|p1|Pecharunt|
|poke|p1|Iron Treads|
|poke|p1|Moltres|
|poke|p2|Raging Bolt|
|poke|p2|Kingambit, F|
|poke|p2|Great Tusk|
|poke|p2|Iron Valiant|
|poke|p2|Alomomola, F|
|poke|p2|Pecharunt|
|teampreview
|inactive|Battle timer is ON: inactive players will automatically lose when time's up. (requested by Obito 2001)
|inactive|Obito 2001 has 120 seconds left.
|
|t:|1757807911
|teamsize|p1|6
|teamsize|p2|6
|start
|switch|p1a: Ting-Lu|Ting-Lu|100/100
|switch|p2a: Ban Darkrai|Great Tusk|100/100
|-ability|p1a: Ting-Lu|Vessel of Ruin
|turn|1
|
|t:|1757807916
|switch|p1a: Moltres|Moltres|100/100
|move|p2a: Ban Darkrai|Stealth Rock|p1a: Moltres
|-sidestart|p1: Funny Fez|move: Stealth Rock
|
|upkeep
|turn|2
|
|t:|1757807930
|-end|p2a: Ban Darkrai|Protosynthesis|[silent]
|switch|p2a: Ban Gliscor|Pecharunt|100/100
|move|p1a: Moltres|U-turn|p2a: Ban Gliscor
|-resisted|p2a: Ban Gliscor
|-damage|p2a: Ban Gliscor|99/100
|
|t:|1757807940
|switch|p1a: Latios|Latios, M|100/100|[from] U-turn
|-damage|p1a: Latios|88/100|[from] Stealth Rock
|
|upkeep
|turn|3
|j| heatraniac
|
|t:|1757807948
|move|p1a: Latios|Draco Meteor|p2a: Ban Gliscor
|-damage|p2a: Ban Gliscor|0 fnt
|-unboost|p1a: Latios|spa|2
|faint|p2a: Ban Gliscor
|
|upkeep
|
|t:|1757807954
|switch|p2a: Hero|Iron Valiant|100/100
|-enditem|p2a: Hero|Booster Energy
|-activate|p2a: Hero|ability: Quark Drive|[fromitem]
|-start|p2a: Hero|quarkdrivespe
|turn|4
|
|t:|1757807966
|switch|p1a: Pecharunt|Pecharunt|100/100
|move|p2a: Hero|Calm Mind|p2a: Hero
|-boost|p2a: Hero|spa|1
|-boost|p2a: Hero|spd|1
|
|upkeep
|turn|5
|
|t:|1757807977
|move|p2a: Hero|Shadow Ball|p1a: Pecharunt
|-supereffective|p1a: Pecharunt
|-damage|p1a: Pecharunt|20/100
|move|p1a: Pecharunt|Malignant Chain|p2a: Hero
|-supereffective|p2a: Hero
|-damage|p2a: Hero|33/100
|
|upkeep
|turn|6
|
|t:|1757807989
|move|p2a: Hero|Moonblast|p1a: Pecharunt
|-resisted|p1a: Pecharunt
|-damage|p1a: Pecharunt|0 fnt
|faint|p1a: Pecharunt
|
|upkeep
|
|t:|1757807992
|switch|p1a: Scizor|Scizor, M|100/100
|-damage|p1a: Scizor|88/100|[from] Stealth Rock
|turn|7
|
|t:|1757807994
|-terastallize|p2a: Hero|Electric
|move|p1a: Scizor|Bullet Punch|p2a: Hero
|-resisted|p2a: Hero
|-damage|p2a: Hero|0 fnt
|faint|p2a: Hero
|-end|p2a: Hero|Quark Drive|[silent]
|
|upkeep
|j| FaronAan
|
|t:|1757808013
|switch|p2a: Ban Dragonite|Raging Bolt|100/100
|turn|8
|
|t:|1757808027
|-end|p2a: Ban Dragonite|Protosynthesis|[silent]
|switch|p2a: Ban Darkrai|Great Tusk|100/100
|switch|p1a: Ting-Lu|Ting-Lu|100/100
|-damage|p1a: Ting-Lu|94/100|[from] Stealth Rock
|-ability|p1a: Ting-Lu|Vessel of Ruin
|
|-heal|p1a: Ting-Lu|100/100|[from] item: Leftovers
|upkeep
|turn|9
|
|t:|1757808032
|switch|p1a: Moltres|Moltres|100/100
|move|p2a: Ban Darkrai|Ice Spinner|p1a: Moltres
|-damage|p1a: Moltres|81/100
|-status|p2a: Ban Darkrai|brn|[from] ability: Flame Body|[of] p1a: Moltres
|
|-damage|p2a: Ban Darkrai|94/100 brn|[from] brn
|upkeep
|turn|10
|-message|Obito 2001 forfeited.
|
|win|Funny Fez
|raw|Funny Fez's rating: 1576 &rarr; <strong>1602</strong><br />(+26 for winning)
|raw|Obito 2001's rating: 1691 &rarr; <strong>1665</strong><br />(-26 for losing)
|l|☆Obito 2001
|player|p2|
|l| FaronAan
|l| heatraniac
