|j|☆Ghxst of Frogs
|j|☆sauron379
|t:|1757943011
|gametype|singles
|player|p1|Ghxst of Frogs|palmer|1245
|player|p2|sauron379|101|1246
|gen|9
|tier|[Gen 9] OU
|rated|
|rule|HP Percentage Mod: HP is shown in percentages
|rule|Endless Battle Clause: Forcing endless battles is banned
|rule|Species Clause: Limit one of each Pokémon
|rule|OHKO Clause: OHKO moves are banned
|rule|Evasion Items Clause: Evasion items are banned
|rule|Evasion Moves Clause: Evasion moves are banned
|rule|Evasion Abilities Clause: Evasion abilities are banned
|rule|Sleep Moves Clause: Sleep-inducing moves are banned
|clearpoke
|poke|p1|Deoxys-Speed|
|poke|p1|Greninja-*, M|
|poke|p1|Okidogi, M|
|poke|p1|Lokix, F|
|poke|p1|Zamazenta-*|
|poke|p1|Virizion|
|poke|p2|Lokix, M|
|poke|p2|Cinderace, M|
|poke|p2|Great Tusk|
|poke|p2|Alomomola, M|
|poke|p2|Enamorus, F|
|poke|p2|Slowking-Galar, M|
|teampreview
|inactive|Battle timer is ON: inactive players will automatically lose when time's up. (requested by sauron379)
|
|t:|1757943022
|teamsize|p1|6
|teamsize|p2|6
|start
|switch|p1a: Deoxys|Deoxys-Speed, shiny|100/100
|switch|p2a: Cinderace|Cinderace, M|100/100
|-ability|p1a: Deoxys|Pressure
|turn|1
|
|t:|1757943030
|move|p1a: Deoxys|Reflect|p1a: Deoxys
|-sidestart|p1: Ghxst of Frogs|Reflect
|move|p2a: Cinderace|U-turn|p1a: Deoxys
|-supereffective|p1a: Deoxys
|-damage|p1a: Deoxys|76/100
|
|t:|1757943048
|switch|p2a: Enamorus|Enamorus, F|100/100|[from] U-turn
|
|upkeep
|turn|2
|
|t:|1757943050
|move|p1a: Deoxys|Light Screen|p1a: Deoxys
|-sidestart|p1: Ghxst of Frogs|move: Light Screen
|move|p2a: Enamorus|Moonblast|p1a: Deoxys
|-damage|p1a: Deoxys|41/100
|
|upkeep
|turn|3
|
|t:|1757943057
|switch|p2a: Alomomola|Alomomola, M|100/100
|move|p1a: Deoxys|Stealth Rock|p2a: Alomomola
|-sidestart|p2: sauron379|move: Stealth Rock
|
|upkeep
|turn|4
|j| Prince Ghosty
|l| Prince Ghosty
|
|t:|1757943064
|switch|p1a: Virizion|Virizion, shiny|100/100
|move|p2a: Alomomola|Flip Turn|p1a: Virizion
|-resisted|p1a: Virizion
|-damage|p1a: Virizion|95/100
|
|t:|1757943070
|switch|p2a: Cinderace|Cinderace, M|100/100|[from] Flip Turn
|
|upkeep
|turn|5
|
|t:|1757943075
|-terastallize|p1a: Virizion|Fairy
|move|p2a: Cinderace|Court Change|p2a: Cinderace
|-swapsideconditions
|-activate|p2a: Cinderace|move: Court Change
|move|p1a: Virizion|Swords Dance|p1a: Virizion
|-boost|p1a: Virizion|atk|2
|
|upkeep
|turn|6
|
|t:|1757943089
|move|p2a: Cinderace|U-turn|p1a: Virizion
|-resisted|p1a: Virizion
|-damage|p1a: Virizion|81/100
|
|t:|1757943092
|switch|p2a: Slowking|Slowking-Galar, M|100/100|[from] U-turn
|move|p1a: Virizion|Sacred Sword|p2a: Slowking
|-resisted|p2a: Slowking
|-damage|p2a: Slowking|92/100
|-damage|p1a: Virizion|71/100|[from] item: Life Orb
|
|upkeep
|turn|7
|
|t:|1757943102
|switch|p1a: Deoxys|Deoxys-Speed, shiny|41/100
|-damage|p1a: Deoxys|29/100|[from] Stealth Rock
|-ability|p1a: Deoxys|Pressure
|move|p2a: Slowking|Sludge Bomb|p1a: Deoxys
|-damage|p1a: Deoxys|0 fnt
|faint|p1a: Deoxys
|
|upkeep
|
|t:|1757943108
|switch|p1a: Okidogi|Okidogi, M|100/100
|-damage|p1a: Okidogi|94/100|[from] Stealth Rock
|turn|8
|
|t:|1757943115
|move|p1a: Okidogi|Bulk Up|p1a: Okidogi
|-boost|p1a: Okidogi|atk|1
|-boost|p1a: Okidogi|def|1
|move|p2a: Slowking|Future Sight|p1a: Okidogi
|-start|p2a: Slowking|move: Future Sight
|
|-heal|p1a: Okidogi|100/100|[from] item: Leftovers
|-sideend|p2: sauron379|Reflect
|upkeep
|turn|9
|
|t:|1757943129
|move|p1a: Okidogi|Knock Off|p2a: Slowking
|-supereffective|p2a: Slowking
|-damage|p2a: Slowking|34/100
|-enditem|p2a: Slowking|Shuca Berry|[from] move: Knock Off|[of] p1a: Okidogi
|-prepare|p2a: Slowking|Chilly Reception|[premajor]
|move|p2a: Slowking|Chilly Reception|p2a: Slowking
|-weather|Snowscape
|
|t:|1757943137
|switch|p2a: Great Tusk|Great Tusk|100/100|[from] Chilly Reception
|
|-weather|Snowscape|[upkeep]
|-sideend|p2: sauron379|move: Light Screen
|upkeep
|turn|10
|
|t:|1757943148
|switch|p1a: Greninja|Greninja, M|100/100
|-damage|p1a: Greninja|88/100|[from] Stealth Rock
|move|p2a: Great Tusk|Earthquake|p1a: Greninja
|-damage|p1a: Greninja|16/100
|
|-weather|Snowscape|[upkeep]
|-end|p1a: Greninja|move: Future Sight
|-immune|p1a: Greninja
|upkeep
|turn|11
|
|t:|1757943163
|-end|p2a: Great Tusk|Protosynthesis|[silent]
|switch|p2a: Alomomola|Alomomola, M|100/100
|move|p1a: Greninja|Surf|p2a: Alomomola
|-resisted|p2a: Alomomola
|-damage|p2a: Alomomola|87/100
|-damage|p1a: Greninja|6/100|[from] item: Life Orb
|
|-weather|Snowscape|[upkeep]
|upkeep
|turn|12
|
|t:|1757943174
|switch|p1a: Zamazenta|Zamazenta, shiny|100/100
|-damage|p1a: Zamazenta|94/100|[from] Stealth Rock
|-ability|p1a: Zamazenta|Dauntless Shield|boost
|-boost|p1a: Zamazenta|def|1
|move|p2a: Alomomola|Flip Turn|p1a: Zamazenta
|-damage|p1a: Zamazenta|84/100
|
|t:|1757943182
|switch|p2a: Slowking|Slowking-Galar, M|67/100|[from] Flip Turn
|
|-weather|Snowscape|[upkeep]
|-heal|p1a: Zamazenta|90/100|[from] item: Leftovers
|upkeep
|turn|13
|
|t:|1757943186
|move|p1a: Zamazenta|Iron Defense|p1a: Zamazenta
|-boost|p1a: Zamazenta|def|2
|move|p2a: Slowking|Future Sight|p1a: Zamazenta
|-start|p2a: Slowking|move: Future Sight
|
|-weather|none
|-heal|p1a: Zamazenta|96/100|[from] item: Leftovers
|upkeep
|turn|14
|
|t:|1757943193
|move|p1a: Zamazenta|Iron Defense|p1a: Zamazenta
|-boost|p1a: Zamazenta|def|2
|-prepare|p2a: Slowking|Chilly Reception|[premajor]
|move|p2a: Slowking|Chilly Reception|p2a: Slowking
|-weather|Snowscape
|
|t:|1757943200
|switch|p2a: Enamorus|Enamorus, F|100/100|[from] Chilly Reception
|
|-weather|Snowscape|[upkeep]
|-heal|p1a: Zamazenta|100/100|[from] item: Leftovers
|upkeep
|turn|15
|
|t:|1757943209
|-terastallize|p2a: Enamorus|Stellar
|move|p2a: Enamorus|Moonblast|p1a: Zamazenta
|-supereffective|p1a: Zamazenta
|-damage|p1a: Zamazenta|0 fnt
|faint|p1a: Zamazenta
|
|-weather|Snowscape|[upkeep]
|-hint|Future Sight did not hit because the target is fainted.
|upkeep
|
|t:|1757943214
|switch|p1a: Lokix|Lokix, F, shiny|100/100
|-damage|p1a: Lokix|76/100|[from] Stealth Rock
|turn|16
|
|t:|1757943230
|switch|p2a: Cinderace|Cinderace, M|100/100
|move|p1a: Lokix|First Impression|p2a: Cinderace
|-resisted|p2a: Cinderace
|-damage|p2a: Cinderace|28/100
|
|-weather|Snowscape|[upkeep]
|upkeep
|turn|17
|
|t:|1757943240
|switch|p1a: Greninja|Greninja, M|6/100
|-damage|p1a: Greninja|0 fnt|[from] Stealth Rock
|faint|p1a: Greninja
|move|p2a: Cinderace|Will-O-Wisp|p1: Greninja|[notarget]
|-fail|p2a: Cinderace
|
|-weather|Snowscape|[upkeep]
|upkeep
|
|t:|1757943242
|switch|p1a: Lokix|Lokix, F, shiny|76/100
|-damage|p1a: Lokix|51/100|[from] Stealth Rock
|turn|18
|
|t:|1757943259
|switch|p2a: Great Tusk|Great Tusk|100/100
|move|p1a: Lokix|First Impression|p2a: Great Tusk
|-resisted|p2a: Great Tusk
|-damage|p2a: Great Tusk|64/100
|
|-weather|none
|-heal|p2a: Great Tusk|70/100|[from] item: Leftovers
|upkeep
|turn|19
|
|t:|1757943263
|switch|p1a: Virizion|Virizion, shiny, tera:Fairy|71/100
|-damage|p1a: Virizion|59/100|[from] Stealth Rock
|move|p2a: Great Tusk|Bulk Up|p2a: Great Tusk
|-boost|p2a: Great Tusk|atk|1
|-boost|p2a: Great Tusk|def|1
|
|-heal|p2a: Great Tusk|77/100|[from] item: Leftovers
|upkeep
|turn|20
|
|t:|1757943275
|move|p1a: Virizion|Swords Dance|p1a: Virizion
|-boost|p1a: Virizion|atk|2
|move|p2a: Great Tusk|Earthquake|p1a: Virizion
|-damage|p1a: Virizion|0 fnt
|faint|p1a: Virizion
|
|-heal|p2a: Great Tusk|83/100|[from] item: Leftovers
|upkeep
|
|t:|1757943280
|switch|p1a: Lokix|Lokix, F, shiny|51/100
|-damage|p1a: Lokix|26/100|[from] Stealth Rock
|turn|21
|-message|Ghxst of Frogs forfeited.
|
|win|sauron379
|raw|Ghxst of Frogs's rating: 1245 &rarr; <strong>1220</strong><br />(-25 for losing)
|raw|sauron379's rating: 1246 &rarr; <strong>1271</strong><br />(+25 for winning)
|l|☆Ghxst of Frogs
|player|p1|
|l|☆sauron379
|player|p2|
