|j|☆lucktest18
|j|☆barbphobic
|t:|1757794890
|gametype|singles
|player|p1|lucktest18|cynthia-gen4|1134
|player|p2|barbphobic|waitress-gen4|1151
|gen|9
|tier|[Gen 9] OU
|rated|
|rule|HP Percentage Mod: HP is shown in percentages
|rule|Endless Battle Clause: Forcing endless battles is banned
|rule|Species Clause: Limit one of each Pokémon
|rule|OHKO Clause: OHKO moves are banned
|rule|Evasion Items Clause: Evasion items are banned
|rule|Evasion Moves Clause: Evasion moves are banned
|rule|Evasion Abilities Clause: Evasion abilities are banned
|rule|Sleep Moves Clause: Sleep-inducing moves are banned
|clearpoke
|poke|p1|Cinderace, M|
|poke|p1|Dragapult, F|
|poke|p1|Iron Moth|
|poke|p1|Landorus-Therian, M|
|poke|p1|Walking Wake|
|poke|p1|Scizor, F|
|poke|p2|Kingambit, F|
|poke|p2|Bisharp, F|
|poke|p2|Grimmsnarl, M|
|poke|p2|Incineroar, F|
|poke|p2|Krookodile, F|
|poke|p2|Cacturne, M|
|teampreview
|inactive|Battle timer is ON: inactive players will automatically lose when time's up. (requested by lucktest18)
|
|t:|1757794926
|teamsize|p1|6
|teamsize|p2|6
|start
|switch|p1a: Landorus|Landorus-Therian, M|100/100
|switch|p2a: DA SUBSTANCE|Grimmsnarl, M|100/100
|-ability|p1a: Landorus|Intimidate|boost
|-unboost|p2a: DA SUBSTANCE|atk|1
|turn|1
|
|t:|1757794935
|move|p2a: DA SUBSTANCE|Reflect|p2a: DA SUBSTANCE
|-sidestart|p2: barbphobic|Reflect
|move|p1a: Landorus|Earthquake|p2a: DA SUBSTANCE
|-damage|p2a: DA SUBSTANCE|63/100
|
|upkeep
|turn|2
|
|t:|1757794941
|move|p2a: DA SUBSTANCE|Parting Shot|p1a: Landorus
|-unboost|p1a: Landorus|atk|1
|-unboost|p1a: Landorus|spa|1
|
|t:|1757794944
|switch|p2a: PENNYWISE|Cacturne, M|100/100|[from] Parting Shot
|move|p1a: Landorus|Earthquake|p2a: PENNYWISE
|-resisted|p2a: PENNYWISE
|-damage|p2a: PENNYWISE|87/100
|
|upkeep
|turn|3
|
|t:|1757794947
|move|p1a: Landorus|U-turn|p2a: PENNYWISE
|-supereffective|p2a: PENNYWISE
|-damage|p2a: PENNYWISE|29/100
|
|t:|1757794954
|switch|p1a: Scizor|Scizor, F|100/100|[from] U-turn
|move|p2a: PENNYWISE|Nasty Plot|p2a: PENNYWISE
|-boost|p2a: PENNYWISE|spa|2
|
|upkeep
|turn|4
|
|t:|1757794965
|move|p1a: Scizor|Bullet Punch|p2a: PENNYWISE
|-damage|p2a: PENNYWISE|6/100
|-enditem|p2a: PENNYWISE|Aguav Berry|[eat]
|-heal|p2a: PENNYWISE|39/100|[from] item: Aguav Berry
|move|p2a: PENNYWISE|Dark Pulse|p1a: Scizor
|-crit|p1a: Scizor
|-damage|p1a: Scizor|0 fnt
|faint|p1a: Scizor
|
|upkeep
|
|t:|1757794971
|switch|p1a: Landorus|Landorus-Therian, M|100/100
|-ability|p1a: Landorus|Intimidate|boost
|-unboost|p2a: PENNYWISE|atk|1
|turn|5
|
|t:|1757794979
|move|p1a: Landorus|U-turn|p2a: PENNYWISE
|-supereffective|p2a: PENNYWISE
|-damage|p2a: PENNYWISE|0 fnt
|faint|p2a: PENNYWISE
|
|t:|1757795005
|switch|p1a: Iron Moth|Iron Moth|100/100|[from] U-turn
|-enditem|p1a: Iron Moth|Booster Energy
|-activate|p1a: Iron Moth|ability: Quark Drive|[fromitem]
|-start|p1a: Iron Moth|quarkdrivespa
|
|upkeep
|
|t:|1757795011
|switch|p2a: GHOSTFACE|Krookodile, F|100/100
|turn|6
|
|t:|1757795018
|move|p1a: Iron Moth|Bug Buzz|p2a: GHOSTFACE
|-supereffective|p2a: GHOSTFACE
|-damage|p2a: GHOSTFACE|7/100
|-enditem|p2a: GHOSTFACE|Sitrus Berry|[eat]
|-heal|p2a: GHOSTFACE|31/100|[from] item: Sitrus Berry
|move|p2a: GHOSTFACE|Bulk Up|p2a: GHOSTFACE
|-boost|p2a: GHOSTFACE|atk|1
|-boost|p2a: GHOSTFACE|def|1
|
|upkeep
|turn|7
|
|t:|1757795024
|move|p1a: Iron Moth|Bug Buzz|p2a: GHOSTFACE
|-supereffective|p2a: GHOSTFACE
|-damage|p2a: GHOSTFACE|0 fnt
|faint|p2a: GHOSTFACE
|
|upkeep
|
|t:|1757795028
|switch|p2a: DA SUBSTANCE|Grimmsnarl, M|63/100
|turn|8
|
|t:|1757795033
|-end|p1a: Iron Moth|Quark Drive|[silent]
|switch|p1a: Landorus|Landorus-Therian, M|100/100
|-ability|p1a: Landorus|Intimidate|boost
|-unboost|p2a: DA SUBSTANCE|atk|1
|move|p2a: DA SUBSTANCE|Parting Shot|p1a: Landorus
|-unboost|p1a: Landorus|atk|1
|-unboost|p1a: Landorus|spa|1
|
|t:|1757795041
|switch|p2a: MYERS|Incineroar, F|100/100|[from] Parting Shot
|-ability|p2a: MYERS|Intimidate|boost
|-unboost|p1a: Landorus|atk|1
|
|-sideend|p2: barbphobic|Reflect
|upkeep
|turn|9
|
|t:|1757795049
|move|p1a: Landorus|U-turn|p2a: MYERS
|-damage|p2a: MYERS|88/100
|
|t:|1757795052
|switch|p1a: Walking Wake|Walking Wake|100/100|[from] U-turn
|-enditem|p1a: Walking Wake|Booster Energy
|-activate|p1a: Walking Wake|ability: Protosynthesis|[fromitem]
|-start|p1a: Walking Wake|protosynthesisspa
|move|p2a: MYERS|Darkest Lariat|p1a: Walking Wake
|-damage|p1a: Walking Wake|48/100
|
|upkeep
|turn|10
|
|t:|1757795063
|move|p1a: Walking Wake|Hydro Steam|p2a: MYERS
|-supereffective|p2a: MYERS
|-crit|p2a: MYERS
|-damage|p2a: MYERS|0 fnt
|faint|p2a: MYERS
|
|upkeep
|
|t:|1757795067
|switch|p2a: KRUGER|Bisharp, F|100/100
|turn|11
|
|t:|1757795072
|-terastallize|p2a: KRUGER|Dark
|move|p2a: KRUGER|Sucker Punch|p1a: Walking Wake
|-damage|p1a: Walking Wake|0 fnt
|faint|p1a: Walking Wake
|-end|p1a: Walking Wake|Protosynthesis|[silent]
|
|upkeep
|
|t:|1757795077
|switch|p1a: Landorus|Landorus-Therian, M|100/100
|-ability|p1a: Landorus|Intimidate|boost
|-unboost|p2a: KRUGER|atk|1
|-ability|p2a: KRUGER|Defiant|boost
|-boost|p2a: KRUGER|atk|2
|turn|12
|
|t:|1757795085
|move|p1a: Landorus|Earthquake|p2a: KRUGER
|-damage|p2a: KRUGER|64/100
|move|p2a: KRUGER|Throat Chop|p1a: Landorus
|-damage|p1a: Landorus|0 fnt
|faint|p1a: Landorus
|
|upkeep
|
|t:|1757795094
|switch|p1a: Dragapult|Dragapult, F|100/100
|turn|13
|
|t:|1757795096
|move|p1a: Dragapult|Will-O-Wisp|p2a: KRUGER
|-status|p2a: KRUGER|brn
|move|p2a: KRUGER|Throat Chop|p1a: Dragapult
|-supereffective|p1a: Dragapult
|-damage|p1a: Dragapult|0 fnt
|faint|p1a: Dragapult
|
|-damage|p2a: KRUGER|58/100 brn|[from] brn
|upkeep
|
|t:|1757795102
|switch|p1a: Iron Moth|Iron Moth|100/100
|turn|14
|
|t:|1757795107
|move|p2a: KRUGER|Sucker Punch|p1a: Iron Moth
|-damage|p1a: Iron Moth|37/100
|move|p1a: Iron Moth|Bug Buzz|p2a: KRUGER
|-supereffective|p2a: KRUGER
|-damage|p2a: KRUGER|1/100 brn
|
|-damage|p2a: KRUGER|0 fnt|[from] brn
|faint|p2a: KRUGER
|upkeep
|
|t:|1757795110
|switch|p2a: JIGSAW|Kingambit, F|100/100
|-activate|p2a: JIGSAW|ability: Supreme Overlord
|-start|p2a: JIGSAW|fallen4|[silent]
|turn|15
|
|t:|1757795123
|move|p2a: JIGSAW|Sucker Punch|p1a: Iron Moth
|-damage|p1a: Iron Moth|0 fnt
|faint|p1a: Iron Moth
|-end|p1a: Iron Moth|Quark Drive|[silent]
|
|upkeep
|
|t:|1757795126
|switch|p1a: Cinderace|Cinderace, M|100/100
|turn|16
|
|t:|1757795132
|-end|p2a: JIGSAW|fallen4|[silent]
|switch|p2a: DA SUBSTANCE|Grimmsnarl, M|63/100
|move|p1a: Cinderace|High Jump Kick|p2a: DA SUBSTANCE|[miss]
|-start|p1a: Cinderace|typechange|Fighting|[from] ability: Libero
|-miss|p1a: Cinderace|p2a: DA SUBSTANCE
|-damage|p1a: Cinderace|51/100|[from] highjumpkick
|
|upkeep
|turn|17
|
|t:|1757795136
|move|p2a: DA SUBSTANCE|Reflect|p2a: DA SUBSTANCE
|-sidestart|p2: barbphobic|Reflect
|move|p1a: Cinderace|High Jump Kick|p2a: DA SUBSTANCE
|-damage|p2a: DA SUBSTANCE|26/100
|
|upkeep
|turn|18
|
|t:|1757795140
|move|p1a: Cinderace|High Jump Kick|p2a: DA SUBSTANCE
|-damage|p2a: DA SUBSTANCE|0 fnt
|faint|p2a: DA SUBSTANCE
|
|upkeep
|
|t:|1757795143
|switch|p2a: JIGSAW|Kingambit, F|100/100
|-activate|p2a: JIGSAW|ability: Supreme Overlord
|-start|p2a: JIGSAW|fallen5|[silent]
|turn|19
|
|t:|1757795154
|move|p1a: Cinderace|High Jump Kick|p2a: JIGSAW
|-supereffective|p2a: JIGSAW
|-damage|p2a: JIGSAW|14/100
|move|p2a: JIGSAW|Kowtow Cleave|p1a: Cinderace
|-resisted|p1a: Cinderace
|-damage|p1a: Cinderace|0 fnt
|faint|p1a: Cinderace
|
|win|barbphobic
|raw|lucktest18's rating: 1134 &rarr; <strong>1110</strong><br />(-24 for losing)
|raw|barbphobic's rating: 1151 &rarr; <strong>1175</strong><br />(+24 for winning)
|l|☆lucktest18
|player|p1|
|l|☆barbphobic
|player|p2|
