|badge|p2|bronze|gen9doublesou|100-6
|uhtml|medal-msg|<div class="broadcast-blue">Curious what those medals under the avatar are? PS now has Ladder Seasons! For more information, check out the <a href="https://www.smogon.com/forums/threads/3740067/">thread on Smogon.</a></div>
|j|☆call me victini
|j|☆tusk act 984
|t:|1757942604
|gametype|singles
|player|p1|call me victini|170|1422
|player|p2|tusk act 984|265|1388
|gen|9
|tier|[Gen 9] OU
|rated|
|rule|HP Percentage Mod: HP is shown in percentages
|rule|Endless Battle Clause: Forcing endless battles is banned
|rule|Species Clause: Limit one of each Pokémon
|rule|OHKO Clause: OHKO moves are banned
|rule|Evasion Items Clause: Evasion items are banned
|rule|Evasion Moves Clause: Evasion moves are banned
|rule|Evasion Abilities Clause: Evasion abilities are banned
|rule|Sleep Moves Clause: Sleep-inducing moves are banned
|clearpoke
|poke|p1|Scizor, M|
|poke|p1|Raging Bolt|
|poke|p1|Primarina, M|
|poke|p1|Great Tusk|
|poke|p1|Dragapult, F|
|poke|p1|Gliscor, F|
|poke|p2|Rillaboom, M|
|poke|p2|Walking Wake|
|poke|p2|Iron Moth|
|poke|p2|Corviknight, M|
|poke|p2|Hatterene, F|
|poke|p2|Great Tusk|
|teampreview
|
|t:|1757942616
|teamsize|p1|6
|teamsize|p2|6
|start
|switch|p1a: Scizor|Scizor, M|100/100
|switch|p2a: Walking Wake|Walking Wake|100/100
|turn|1
|
|t:|1757942620
|switch|p1a: Primarina|Primarina, M|100/100
|move|p2a: Walking Wake|Flip Turn|p1a: Primarina
|-resisted|p1a: Primarina
|-damage|p1a: Primarina|89/100
|
|t:|1757942624
|-end|p2a: Walking Wake|Protosynthesis|[silent]
|switch|p2a: Rillaboom|Rillaboom, M|100/100|[from] Flip Turn
|-fieldstart|move: Grassy Terrain|[from] ability: Grassy Surge|[of] p2a: Rillaboom
|
|-heal|p1a: Primarina|95/100|[from] Grassy Terrain
|upkeep
|turn|2
|
|t:|1757942632
|switch|p1a: Dragapult|Dragapult, F|100/100
|move|p2a: Rillaboom|Wood Hammer|p1a: Dragapult
|-resisted|p1a: Dragapult
|-damage|p1a: Dragapult|21/100
|-damage|p2a: Rillaboom|76/100|[from] Recoil
|
|-heal|p1a: Dragapult|27/100|[from] Grassy Terrain
|-heal|p2a: Rillaboom|82/100|[from] Grassy Terrain
|upkeep
|turn|3
|
|t:|1757942638
|switch|p2a: Corviknight|Corviknight, M|100/100
|move|p1a: Dragapult|U-turn|p2a: Corviknight
|-resisted|p2a: Corviknight
|-damage|p2a: Corviknight|98/100
|-damage|p1a: Dragapult|11/100|[from] item: Rocky Helmet|[of] p2a: Corviknight
|
|t:|1757942650
|switch|p1a: Gliscor|Gliscor, F|100/100|[from] U-turn
|
|-status|p1a: Gliscor|tox|[from] item: Toxic Orb
|upkeep
|turn|4
|
|t:|1757942655
|switch|p2a: Hatterene|Hatterene, F|100/100
|move|p1a: Gliscor|Knock Off|p2a: Hatterene
|-damage|p2a: Hatterene|76/100
|-enditem|p2a: Hatterene|Assault Vest|[from] move: Knock Off|[of] p1a: Gliscor
|
|-heal|p2a: Hatterene|82/100|[from] Grassy Terrain
|upkeep
|turn|5
|
|t:|1757942661
|switch|p1a: Primarina|Primarina, M|95/100
|move|p2a: Hatterene|Mystical Fire|p1a: Primarina
|-resisted|p1a: Primarina
|-damage|p1a: Primarina|85/100
|-unboost|p1a: Primarina|spa|1
|
|-heal|p1a: Primarina|91/100|[from] Grassy Terrain
|-heal|p2a: Hatterene|88/100|[from] Grassy Terrain
|-fieldend|move: Grassy Terrain
|upkeep
|turn|6
|
|t:|1757942666
|move|p1a: Primarina|Flip Turn|p2a: Hatterene
|-damage|p2a: Hatterene|71/100
|
|t:|1757942669
|switch|p1a: Scizor|Scizor, M|100/100|[from] Flip Turn
|move|p2a: Hatterene|Nuzzle|p1a: Scizor
|-damage|p1a: Scizor|96/100
|-status|p1a: Scizor|par
|
|upkeep
|turn|7
|
|t:|1757942677
|switch|p2a: Corviknight|Corviknight, M|98/100
|move|p1a: Scizor|Knock Off|p2a: Corviknight
|-crit|p2a: Corviknight
|-damage|p2a: Corviknight|50/100
|-damage|p1a: Scizor|79/100 par|[from] item: Rocky Helmet|[of] p2a: Corviknight
|-enditem|p2a: Corviknight|Rocky Helmet|[from] move: Knock Off|[of] p1a: Scizor
|
|upkeep
|turn|8
|
|t:|1757942683
|switch|p1a: Dragapult|Dragapult, F|11/100
|move|p2a: Corviknight|U-turn|p1a: Dragapult
|-resisted|p1a: Dragapult
|-damage|p1a: Dragapult|0 fnt
|faint|p1a: Dragapult
|
|t:|1757942690
|switch|p2a: Great Tusk|Great Tusk|100/100|[from] U-turn
|
|upkeep
|
|t:|1757942698
|switch|p1a: Gliscor|Gliscor, F|100/100 tox
|turn|9
|
|t:|1757942701
|move|p2a: Great Tusk|Ice Spinner|p1a: Gliscor
|-supereffective|p1a: Gliscor
|-damage|p1a: Gliscor|7/100 tox
|move|p1a: Gliscor|Toxic|p2a: Great Tusk
|-status|p2a: Great Tusk|tox
|
|-damage|p2a: Great Tusk|94/100 tox|[from] psn
|-heal|p1a: Gliscor|20/100 tox|[from] ability: Poison Heal
|upkeep
|turn|10
|
|t:|1757942707
|-end|p2a: Great Tusk|Protosynthesis|[silent]
|switch|p2a: Hatterene|Hatterene, F|71/100
|move|p1a: Gliscor|Protect||[still]
|-fail|p1a: Gliscor
|
|-heal|p1a: Gliscor|32/100 tox|[from] ability: Poison Heal
|upkeep
|turn|11
|
|t:|1757942713
|switch|p2a: Corviknight|Corviknight, M|50/100
|move|p1a: Gliscor|Protect||[still]
|-fail|p1a: Gliscor
|
|-heal|p1a: Gliscor|45/100 tox|[from] ability: Poison Heal
|upkeep
|turn|12
|
|t:|1757942717
|switch|p2a: Hatterene|Hatterene, F|71/100
|move|p1a: Gliscor|Spikes|p2a: Hatterene
|move|p2a: Hatterene|Spikes|p1a: Gliscor|[from] ability: Magic Bounce
|-sidestart|p1: call me victini|Spikes
|
|-heal|p1a: Gliscor|57/100 tox|[from] ability: Poison Heal
|upkeep
|turn|13
|
|t:|1757942724
|move|p1a: Gliscor|Protect|p1a: Gliscor
|-singleturn|p1a: Gliscor|Protect
|move|p2a: Hatterene|Dazzling Gleam|p1a: Gliscor
|-activate|p1a: Gliscor|move: Protect
|
|-heal|p1a: Gliscor|70/100 tox|[from] ability: Poison Heal
|upkeep
|turn|14
|
|t:|1757942731
|switch|p1a: Primarina|Primarina, M|91/100
|-damage|p1a: Primarina|79/100|[from] Spikes
|switch|p2a: Iron Moth|Iron Moth|100/100
|
|upkeep
|turn|15
|
|t:|1757942744
|-terastallize|p1a: Primarina|Poison
|move|p2a: Iron Moth|Sludge Wave|p1a: Primarina
|-resisted|p1a: Primarina
|-damage|p1a: Primarina|64/100
|move|p1a: Primarina|Psychic Noise|p2a: Iron Moth
|-supereffective|p2a: Iron Moth
|-crit|p2a: Iron Moth
|-damage|p2a: Iron Moth|0 fnt
|faint|p2a: Iron Moth
|-end|p2a: Iron Moth|Quark Drive|[silent]
|
|upkeep
|
|t:|1757942764
|switch|p2a: Hatterene|Hatterene, F|71/100
|turn|16
|
|t:|1757942768
|switch|p1a: Scizor|Scizor, M|79/100 par
|-damage|p1a: Scizor|67/100 par|[from] Spikes
|move|p2a: Hatterene|Psyshock|p1a: Scizor
|-resisted|p1a: Scizor
|-damage|p1a: Scizor|37/100 par
|
|upkeep
|turn|17
|
|t:|1757942773
|switch|p2a: Corviknight|Corviknight, M|50/100
|move|p1a: Scizor|Bullet Punch|p2a: Corviknight
|-resisted|p2a: Corviknight
|-damage|p2a: Corviknight|34/100
|
|upkeep
|turn|18
|
|t:|1757942784
|switch|p1a: Great Tusk|Great Tusk|100/100
|-damage|p1a: Great Tusk|88/100|[from] Spikes
|move|p2a: Corviknight|Roost|p2a: Corviknight
|-heal|p2a: Corviknight|84/100
|-singleturn|p2a: Corviknight|move: Roost
|
|upkeep
|turn|19
|
|t:|1757942791
|move|p1a: Great Tusk|Rapid Spin|p2a: Corviknight
|-resisted|p2a: Corviknight
|-damage|p2a: Corviknight|80/100
|-boost|p1a: Great Tusk|spe|1
|-sideend|p1: call me victini|Spikes|[from] move: Rapid Spin|[of] p1a: Great Tusk
|move|p2a: Corviknight|Brave Bird|p1a: Great Tusk
|-supereffective|p1a: Great Tusk
|-damage|p1a: Great Tusk|44/100
|-damage|p2a: Corviknight|64/100|[from] item: Rocky Helmet|[of] p1a: Great Tusk
|-damage|p2a: Corviknight|48/100|[from] Recoil
|
|upkeep
|turn|20
|
|t:|1757942797
|-end|p1a: Great Tusk|Protosynthesis|[silent]
|switch|p1a: Raging Bolt|Raging Bolt|100/100
|-enditem|p1a: Raging Bolt|Booster Energy
|-activate|p1a: Raging Bolt|ability: Protosynthesis|[fromitem]
|-start|p1a: Raging Bolt|protosynthesisspa
|move|p2a: Corviknight|Roost|p2a: Corviknight
|-heal|p2a: Corviknight|98/100
|-singleturn|p2a: Corviknight|move: Roost
|
|upkeep
|turn|21
|
|t:|1757942802
|switch|p2a: Hatterene|Hatterene, F|71/100
|move|p1a: Raging Bolt|Calm Mind|p1a: Raging Bolt
|-boost|p1a: Raging Bolt|spa|1
|-boost|p1a: Raging Bolt|spd|1
|
|upkeep
|turn|22
|
|t:|1757942808
|move|p1a: Raging Bolt|Thunderbolt|p2a: Hatterene
|-damage|p2a: Hatterene|0 fnt
|faint|p2a: Hatterene
|
|upkeep
|
|t:|1757942811
|switch|p2a: Great Tusk|Great Tusk|94/100 tox
|turn|23
|
|t:|1757942817
|-end|p1a: Raging Bolt|Protosynthesis|[silent]
|switch|p1a: Gliscor|Gliscor, F|70/100 tox
|move|p2a: Great Tusk|Headlong Rush|p1a: Gliscor
|-immune|p1a: Gliscor
|
|-damage|p2a: Great Tusk|88/100 tox|[from] psn
|-heal|p1a: Gliscor|82/100 tox|[from] ability: Poison Heal
|upkeep
|turn|24
|
|t:|1757942823
|-end|p2a: Great Tusk|Protosynthesis|[silent]
|switch|p2a: Walking Wake|Walking Wake|100/100
|move|p1a: Gliscor|Protect||[still]
|-fail|p1a: Gliscor
|
|-heal|p1a: Gliscor|95/100 tox|[from] ability: Poison Heal
|upkeep
|turn|25
|
|t:|1757942831
|move|p1a: Gliscor|Protect|p1a: Gliscor
|-singleturn|p1a: Gliscor|Protect
|move|p2a: Walking Wake|Flip Turn|p1a: Gliscor
|-activate|p1a: Gliscor|move: Protect
|
|-heal|p1a: Gliscor|100/100 tox|[from] ability: Poison Heal
|upkeep
|turn|26
|
|t:|1757942836
|move|p2a: Walking Wake|Flip Turn|p1a: Gliscor
|-supereffective|p1a: Gliscor
|-damage|p1a: Gliscor|73/100 tox
|
|t:|1757942840
|-end|p2a: Walking Wake|Protosynthesis|[silent]
|switch|p2a: Rillaboom|Rillaboom, M|82/100|[from] Flip Turn
|-fieldstart|move: Grassy Terrain|[from] ability: Grassy Surge|[of] p2a: Rillaboom
|move|p1a: Gliscor|Knock Off|p2a: Rillaboom
|-damage|p2a: Rillaboom|58/100
|-enditem|p2a: Rillaboom|Choice Band|[from] move: Knock Off|[of] p1a: Gliscor
|
|-heal|p2a: Rillaboom|64/100|[from] Grassy Terrain
|-heal|p1a: Gliscor|86/100 tox|[from] ability: Poison Heal
|upkeep
|turn|27
|
|t:|1757942849
|move|p2a: Rillaboom|Knock Off|p1a: Gliscor
|-damage|p1a: Gliscor|60/100 tox
|-enditem|p1a: Gliscor|Toxic Orb|[from] move: Knock Off|[of] p2a: Rillaboom
|move|p1a: Gliscor|Spikes|p2a: Rillaboom
|-sidestart|p2: tusk act 984|Spikes
|
|-heal|p2a: Rillaboom|71/100|[from] Grassy Terrain
|-heal|p1a: Gliscor|72/100 tox|[from] ability: Poison Heal
|upkeep
|turn|28
|
|t:|1757942854
|move|p1a: Gliscor|Protect|p1a: Gliscor
|-singleturn|p1a: Gliscor|Protect
|move|p2a: Rillaboom|Wood Hammer|p1a: Gliscor
|-activate|p1a: Gliscor|move: Protect
|
|-heal|p2a: Rillaboom|77/100|[from] Grassy Terrain
|-heal|p1a: Gliscor|85/100 tox|[from] ability: Poison Heal
|upkeep
|turn|29
|
|t:|1757942857
|move|p2a: Rillaboom|Wood Hammer|p1a: Gliscor
|-damage|p1a: Gliscor|24/100 tox
|-damage|p2a: Rillaboom|56/100|[from] Recoil
|move|p1a: Gliscor|Spikes|p2a: Rillaboom
|-sidestart|p2: tusk act 984|Spikes
|
|-heal|p2a: Rillaboom|62/100|[from] Grassy Terrain
|-heal|p1a: Gliscor|37/100 tox|[from] ability: Poison Heal
|upkeep
|turn|30
|
|t:|1757942864
|switch|p2a: Corviknight|Corviknight, M|98/100
|move|p1a: Gliscor|Protect||[still]
|-fail|p1a: Gliscor
|
|-heal|p1a: Gliscor|49/100 tox|[from] ability: Poison Heal
|-fieldend|move: Grassy Terrain
|upkeep
|turn|31
|
|t:|1757942869
|move|p1a: Gliscor|Protect|p1a: Gliscor
|-singleturn|p1a: Gliscor|Protect
|move|p2a: Corviknight|Defog|p1a: Gliscor
|-activate|p1a: Gliscor|move: Protect
|
|-heal|p1a: Gliscor|62/100 tox|[from] ability: Poison Heal
|upkeep
|turn|32
|
|t:|1757942873
|switch|p1a: Raging Bolt|Raging Bolt|100/100
|move|p2a: Corviknight|Defog|p1a: Raging Bolt
|-unboost|p1a: Raging Bolt|evasion|1
|-sideend|p2: tusk act 984|Spikes|[from] move: Defog|[of] p2a: Corviknight
|
|upkeep
|turn|33
|
|t:|1757942877
|move|p1a: Raging Bolt|Dragon Pulse|p2a: Corviknight
|-resisted|p2a: Corviknight
|-crit|p2a: Corviknight
|-damage|p2a: Corviknight|61/100
|move|p2a: Corviknight|U-turn|p1a: Raging Bolt
|-damage|p1a: Raging Bolt|87/100
|
|t:|1757942883
|switch|p2a: Walking Wake|Walking Wake|100/100|[from] U-turn
|
|upkeep
|turn|34
|
|t:|1757942887
|-end|p1a: Raging Bolt|Protosynthesis|[silent]
|switch|p1a: Primarina|Primarina, M, tera:Poison|64/100
|move|p2a: Walking Wake|Flip Turn|p1a: Primarina
|-damage|p1a: Primarina|42/100
|
|t:|1757942892
|-end|p2a: Walking Wake|Protosynthesis|[silent]
|switch|p2a: Rillaboom|Rillaboom, M|62/100|[from] Flip Turn
|-fieldstart|move: Grassy Terrain|[from] ability: Grassy Surge|[of] p2a: Rillaboom
|
|-heal|p2a: Rillaboom|69/100|[from] Grassy Terrain
|-heal|p1a: Primarina|48/100|[from] Grassy Terrain
|upkeep
|turn|35
|
|t:|1757942897
|switch|p1a: Gliscor|Gliscor, F|62/100 tox
|move|p2a: Rillaboom|Knock Off|p1a: Gliscor
|-damage|p1a: Gliscor|45/100 tox
|
|-heal|p2a: Rillaboom|75/100|[from] Grassy Terrain
|-heal|p1a: Gliscor|57/100 tox|[from] ability: Poison Heal
|upkeep
|turn|36
|
|t:|1757942905
|move|p1a: Gliscor|Protect|p1a: Gliscor
|-singleturn|p1a: Gliscor|Protect
|move|p2a: Rillaboom|Wood Hammer|p1a: Gliscor
|-activate|p1a: Gliscor|move: Protect
|
|-heal|p2a: Rillaboom|81/100|[from] Grassy Terrain
|-heal|p1a: Gliscor|70/100 tox|[from] ability: Poison Heal
|upkeep
|turn|37
|
|t:|1757942908
|move|p2a: Rillaboom|Wood Hammer|p1a: Gliscor
|-damage|p1a: Gliscor|12/100 tox
|-damage|p2a: Rillaboom|61/100|[from] Recoil
|move|p1a: Gliscor|Toxic|p2a: Rillaboom
|-status|p2a: Rillaboom|tox
|
|-heal|p2a: Rillaboom|67/100 tox|[from] Grassy Terrain
|-damage|p2a: Rillaboom|61/100 tox|[from] psn
|-heal|p1a: Gliscor|24/100 tox|[from] ability: Poison Heal
|upkeep
|turn|38
|
|t:|1757942914
|move|p1a: Gliscor|Protect|p1a: Gliscor
|-singleturn|p1a: Gliscor|Protect
|move|p2a: Rillaboom|Wood Hammer|p1a: Gliscor
|-activate|p1a: Gliscor|move: Protect
|
|-heal|p2a: Rillaboom|67/100 tox|[from] Grassy Terrain
|-damage|p2a: Rillaboom|55/100 tox|[from] psn
|-heal|p1a: Gliscor|37/100 tox|[from] ability: Poison Heal
|-fieldend|move: Grassy Terrain
|upkeep
|turn|39
|
|t:|1757942919
|switch|p1a: Scizor|Scizor, M|37/100 par
|move|p2a: Rillaboom|U-turn|p1a: Scizor
|-resisted|p1a: Scizor
|-damage|p1a: Scizor|23/100 par
|
|t:|1757942923
|switch|p2a: Walking Wake|Walking Wake|100/100|[from] U-turn
|
|upkeep
|turn|40
|
|t:|1757942926
|move|p1a: Scizor|Bullet Punch|p2a: Walking Wake
|-resisted|p2a: Walking Wake
|-damage|p2a: Walking Wake|73/100
|move|p2a: Walking Wake|Hydro Steam|p1a: Scizor
|-damage|p1a: Scizor|0 fnt
|faint|p1a: Scizor
|
|upkeep
|
|t:|1757942939
|switch|p1a: Primarina|Primarina, M, tera:Poison|48/100
|turn|41
|
|t:|1757942942
|move|p2a: Walking Wake|Hydro Steam|p1a: Primarina
|-damage|p1a: Primarina|8/100
|move|p1a: Primarina|Flip Turn|p2a: Walking Wake
|-resisted|p2a: Walking Wake
|-damage|p2a: Walking Wake|69/100
|
|t:|1757942947
|switch|p1a: Raging Bolt|Raging Bolt|87/100|[from] Flip Turn
|
|upkeep
|turn|42
|
|t:|1757942952
|-end|p2a: Walking Wake|Protosynthesis|[silent]
|switch|p2a: Corviknight|Corviknight, M|61/100
|move|p1a: Raging Bolt|Dragon Pulse|p2a: Corviknight
|-resisted|p2a: Corviknight
|-damage|p2a: Corviknight|34/100
|
|upkeep
|turn|43
|
|t:|1757942958
|move|p1a: Raging Bolt|Thunderbolt|p2a: Corviknight
|-supereffective|p2a: Corviknight
|-damage|p2a: Corviknight|0 fnt
|faint|p2a: Corviknight
|
|upkeep
|
|t:|1757942963
|switch|p2a: Rillaboom|Rillaboom, M|55/100 tox
|-fieldstart|move: Grassy Terrain|[from] ability: Grassy Surge|[of] p2a: Rillaboom
|turn|44
|
|t:|1757942967
|-end|p1a: Raging Bolt|Protosynthesis|[silent]
|switch|p1a: Primarina|Primarina, M, tera:Poison|8/100
|move|p2a: Rillaboom|U-turn|p1a: Primarina
|-resisted|p1a: Primarina
|-damage|p1a: Primarina|0 fnt
|faint|p1a: Primarina
|
|t:|1757942974
|switch|p2a: Great Tusk|Great Tusk|88/100 tox|[from] U-turn
|
|-heal|p2a: Great Tusk|94/100 tox|[from] Grassy Terrain
|-damage|p2a: Great Tusk|88/100 tox|[from] psn
|upkeep
|
|t:|1757942980
|switch|p1a: Gliscor|Gliscor, F|37/100 tox
|turn|45
|
|t:|1757942983
|move|p1a: Gliscor|Protect|p1a: Gliscor
|-singleturn|p1a: Gliscor|Protect
|move|p2a: Great Tusk|Ice Spinner|p1a: Gliscor
|-activate|p1a: Gliscor|move: Protect
|
|-heal|p2a: Great Tusk|94/100 tox|[from] Grassy Terrain
|-damage|p2a: Great Tusk|82/100 tox|[from] psn
|-heal|p1a: Gliscor|49/100 tox|[from] ability: Poison Heal
|upkeep
|turn|46
|
|t:|1757942987
|move|p1a: Gliscor|Protect|p1a: Gliscor
|-singleturn|p1a: Gliscor|Protect
|move|p2a: Great Tusk|Ice Spinner|p1a: Gliscor
|-activate|p1a: Gliscor|move: Protect
|
|-heal|p2a: Great Tusk|88/100 tox|[from] Grassy Terrain
|-damage|p2a: Great Tusk|70/100 tox|[from] psn
|-heal|p1a: Gliscor|62/100 tox|[from] ability: Poison Heal
|upkeep
|turn|47
|
|t:|1757942990
|switch|p1a: Great Tusk|Great Tusk|44/100
|move|p2a: Great Tusk|Ice Spinner|p1a: Great Tusk
|-supereffective|p1a: Great Tusk
|-damage|p1a: Great Tusk|7/100
|-damage|p2a: Great Tusk|53/100 tox|[from] item: Rocky Helmet|[of] p1a: Great Tusk
|-fieldend|move: Grassy Terrain
|
|-damage|p2a: Great Tusk|28/100 tox|[from] psn
|upkeep
|turn|48
|
|t:|1757942993
|move|p2a: Great Tusk|Ice Spinner|p1a: Great Tusk
|-supereffective|p1a: Great Tusk
|-damage|p1a: Great Tusk|0 fnt
|-damage|p2a: Great Tusk|12/100 tox|[from] item: Rocky Helmet|[of] p1a: Great Tusk
|faint|p1a: Great Tusk
|-end|p1a: Great Tusk|Protosynthesis|[silent]
|
|-damage|p2a: Great Tusk|0 fnt|[from] psn
|faint|p2a: Great Tusk
|-end|p2a: Great Tusk|Protosynthesis|[silent]
|upkeep
|
|t:|1757943000
|switch|p1a: Gliscor|Gliscor, F|62/100 tox
|switch|p2a: Walking Wake|Walking Wake|69/100
|turn|49
|
|t:|1757943005
|move|p1a: Gliscor|Protect|p1a: Gliscor
|-singleturn|p1a: Gliscor|Protect
|move|p2a: Walking Wake|Hydro Steam|p1a: Gliscor
|-activate|p1a: Gliscor|move: Protect
|
|-heal|p1a: Gliscor|74/100 tox|[from] ability: Poison Heal
|upkeep
|turn|50
|
|t:|1757943013
|-end|p2a: Walking Wake|Protosynthesis|[silent]
|switch|p2a: Rillaboom|Rillaboom, M|55/100 tox
|-fieldstart|move: Grassy Terrain|[from] ability: Grassy Surge|[of] p2a: Rillaboom
|move|p1a: Gliscor|Spikes|p2a: Rillaboom
|-sidestart|p2: tusk act 984|Spikes
|
|-heal|p2a: Rillaboom|61/100 tox|[from] Grassy Terrain
|-damage|p2a: Rillaboom|55/100 tox|[from] psn
|-heal|p1a: Gliscor|87/100 tox|[from] ability: Poison Heal
|upkeep
|turn|51
|
|t:|1757943024
|move|p2a: Rillaboom|Wood Hammer|p1a: Gliscor
|-damage|p1a: Gliscor|25/100 tox
|-damage|p2a: Rillaboom|34/100 tox|[from] Recoil
|move|p1a: Gliscor|Spikes|p2a: Rillaboom
|-sidestart|p2: tusk act 984|Spikes
|
|-heal|p2a: Rillaboom|40/100 tox|[from] Grassy Terrain
|-damage|p2a: Rillaboom|28/100 tox|[from] psn
|-heal|p1a: Gliscor|37/100 tox|[from] ability: Poison Heal
|upkeep
|turn|52
|
|t:|1757943032
|move|p2a: Rillaboom|U-turn|p1a: Gliscor
|-resisted|p1a: Gliscor
|-damage|p1a: Gliscor|27/100 tox
|
|t:|1757943035
|switch|p2a: Walking Wake|Walking Wake|69/100|[from] U-turn
|-damage|p2a: Walking Wake|52/100|[from] Spikes
|move|p1a: Gliscor|Knock Off|p2a: Walking Wake
|-damage|p2a: Walking Wake|28/100
|-enditem|p2a: Walking Wake|Choice Specs|[from] move: Knock Off|[of] p1a: Gliscor
|
|-heal|p2a: Walking Wake|34/100|[from] Grassy Terrain
|-heal|p1a: Gliscor|40/100 tox|[from] ability: Poison Heal
|upkeep
|turn|53
|
|t:|1757943042
|move|p2a: Walking Wake|Hydro Steam|p1a: Gliscor
|-supereffective|p1a: Gliscor
|-damage|p1a: Gliscor|0 fnt
|faint|p1a: Gliscor
|
|-heal|p2a: Walking Wake|40/100|[from] Grassy Terrain
|upkeep
|
|t:|1757943045
|switch|p1a: Raging Bolt|Raging Bolt|87/100
|turn|54
|
|t:|1757943052
|-terastallize|p2a: Walking Wake|Fairy
|move|p1a: Raging Bolt|Thunderclap|p2a: Walking Wake
|-damage|p2a: Walking Wake|0 fnt
|faint|p2a: Walking Wake
|-end|p2a: Walking Wake|Protosynthesis|[silent]
|
|-heal|p1a: Raging Bolt|93/100|[from] Grassy Terrain
|-fieldend|move: Grassy Terrain
|upkeep
|
|t:|1757943055
|switch|p2a: Rillaboom|Rillaboom, M|28/100 tox
|-damage|p2a: Rillaboom|11/100 tox|[from] Spikes
|-fieldstart|move: Grassy Terrain|[from] ability: Grassy Surge|[of] p2a: Rillaboom
|turn|55
|
|t:|1757943058
|move|p1a: Raging Bolt|Thunderclap|p2a: Rillaboom
|-resisted|p2a: Rillaboom
|-damage|p2a: Rillaboom|0 fnt
|faint|p2a: Rillaboom
|
|win|call me victini
|raw|call me victini's rating: 1422 &rarr; <strong>1440</strong><br />(+18 for winning)
|raw|tusk act 984's rating: 1388 &rarr; <strong>1370</strong><br />(-18 for losing)
|l|☆tusk act 984
|player|p2|
|c|☆call me victini|gg
