|j|☆middleagepokefan
|j|☆supraxd
|t:|1757842273
|gametype|singles
|player|p1|middleagepokefan|266|1133
|player|p2|supraxd|steven|1199
|gen|9
|tier|[Gen 9] OU
|rated|
|rule|HP Percentage Mod: HP is shown in percentages
|rule|Endless Battle Clause: Forcing endless battles is banned
|rule|Species Clause: Limit one of each Pokémon
|rule|OHKO Clause: OHKO moves are banned
|rule|Evasion Items Clause: Evasion items are banned
|rule|Evasion Moves Clause: Evasion moves are banned
|rule|Evasion Abilities Clause: Evasion abilities are banned
|rule|Sleep Moves Clause: Sleep-inducing moves are banned
|clearpoke
|poke|p1|Slaking, M|
|poke|p1|Medicham, F|
|poke|p1|Tinkaton, F|
|poke|p1|Zapdos|
|poke|p1|Exeggutor-Alola, M|
|poke|p1|Muk-Alola, M|
|poke|p2|Raichu-Alola, F|
|poke|p2|Pincurchin, M|
|poke|p2|Iron Jugulis|
|poke|p2|Iron Hands|
|poke|p2|Iron Valiant|
|poke|p2|Iron Treads|
|teampreview
|inactive|Battle timer is ON: inactive players will automatically lose when time's up. (requested by middleagepokefan)
|
|t:|1757842331
|teamsize|p1|6
|teamsize|p2|6
|start
|switch|p1a: AA-j|Zapdos|100/100
|switch|p2a: Pincurchin|Pincurchin, M|100/100
|-fieldstart|move: Electric Terrain|[from] ability: Electric Surge|[of] p2a: Pincurchin
|turn|1
|inactive|middleagepokefan has 120 seconds left.
|l|☆middleagepokefan
|inactive|middleagepokefan disconnected and has a minute to reconnect!
|player|p1|
|j|☆middleagepokefan
|inactive|middleagepokefan reconnected and has 105 seconds left.
|player|p1|middleagepokefan|266|
|
|t:|1757842387
|switch|p2a: Iron Treads|Iron Treads|100/100
|-activate|p2a: Iron Treads|ability: Quark Drive
|-start|p2a: Iron Treads|quarkdrivespe
|move|p1a: AA-j|Heat Wave|p2a: Iron Treads
|-supereffective|p2a: Iron Treads
|-damage|p2a: Iron Treads|47/100
|-enditem|p2a: Iron Treads|Eject Button
|
|t:|1757842399
|-end|p2a: Iron Treads|Quark Drive|[silent]
|switch|p2a: Iron Jugulis|Iron Jugulis|100/100
|-activate|p2a: Iron Jugulis|ability: Quark Drive
|-start|p2a: Iron Jugulis|quarkdrivespe
|
|upkeep
|turn|2
|
|t:|1757842405
|move|p2a: Iron Jugulis|Meteor Beam||[still]
|-prepare|p2a: Iron Jugulis|Meteor Beam
|-boost|p2a: Iron Jugulis|spa|1
|-enditem|p2a: Iron Jugulis|Power Herb
|-anim|p2a: Iron Jugulis|Meteor Beam|p1a: AA-j
|-supereffective|p1a: AA-j
|-damage|p1a: AA-j|0 fnt
|faint|p1a: AA-j
|
|upkeep
|
|t:|1757842422
|switch|p1a: Bread|Slaking, M|100/100
|turn|3
|
|t:|1757842428
|-terastallize|p2a: Iron Jugulis|Steel
|move|p2a: Iron Jugulis|Meteor Beam||[still]
|-prepare|p2a: Iron Jugulis|Meteor Beam
|-boost|p2a: Iron Jugulis|spa|1
|move|p1a: Bread|Giga Impact|p2a: Iron Jugulis
|-resisted|p2a: Iron Jugulis
|-damage|p2a: Iron Jugulis|16/100
|-mustrecharge|p1a: Bread
|
|upkeep
|turn|4
|
|t:|1757842433
|move|p2a: Iron Jugulis|Meteor Beam|p1a: Bread|[from] lockedmove
|-damage|p1a: Bread|20/100
|cant|p1a: Bread|recharge
|
|upkeep
|turn|5
|
|t:|1757842438
|move|p2a: Iron Jugulis|Dark Pulse|p1a: Bread
|-damage|p1a: Bread|0 fnt
|faint|p1a: Bread
|
|upkeep
|inactive|middleagepokefan has 120 seconds left.
|
|t:|1757842448
|switch|p1a: Shlup|Muk-Alola, M|100/100
|turn|6
|
|t:|1757842455
|move|p1a: Shlup|Shadow Sneak|p2a: Iron Jugulis
|-crit|p2a: Iron Jugulis
|-damage|p2a: Iron Jugulis|0 fnt
|faint|p2a: Iron Jugulis
|-end|p2a: Iron Jugulis|Quark Drive|[silent]
|
|upkeep
|
|t:|1757842459
|switch|p2a: Iron Treads|Iron Treads|47/100
|-activate|p2a: Iron Treads|ability: Quark Drive
|-start|p2a: Iron Treads|quarkdrivespe
|turn|7
|c|☆middleagepokefan|Amazing team btw
|
|t:|1757842468
|switch|p1a: FacePlant|Exeggutor-Alola, M|100/100
|move|p2a: Iron Treads|Earthquake|p1a: FacePlant
|-resisted|p1a: FacePlant
|-damage|p1a: FacePlant|80/100
|
|upkeep
|turn|8
|
|t:|1757842473
|move|p2a: Iron Treads|Knock Off|p1a: FacePlant
|-damage|p1a: FacePlant|58/100
|-enditem|p1a: FacePlant|Eject Pack|[from] move: Knock Off|[of] p2a: Iron Treads
|move|p1a: FacePlant|Giga Drain|p2a: Iron Treads
|-damage|p2a: Iron Treads|6/100
|-heal|p1a: FacePlant|77/100|[from] drain|[of] p2a: Iron Treads
|
|-fieldend|move: Electric Terrain
|-end|p2a: Iron Treads|Quark Drive
|upkeep
|turn|9
|
|t:|1757842485
|-end|p2a: Iron Treads|Quark Drive|[silent]
|switch|p2a: Iron Hands|Iron Hands|100/100
|move|p1a: FacePlant|Giga Drain|p2a: Iron Hands
|-damage|p2a: Iron Hands|75/100
|-heal|p1a: FacePlant|94/100|[from] drain|[of] p2a: Iron Hands
|
|upkeep
|turn|10
|
|t:|1757842502
|move|p2a: Iron Hands|Ice Punch|p1a: FacePlant
|-supereffective|p1a: FacePlant
|-damage|p1a: FacePlant|0 fnt
|faint|p1a: FacePlant
|
|upkeep
|
|t:|1757842504
|switch|p1a: Shlup|Muk-Alola, M|100/100
|turn|11
|
|t:|1757842507
|move|p2a: Iron Hands|Earthquake|p1a: Shlup
|-supereffective|p1a: Shlup
|-damage|p1a: Shlup|21/100
|move|p1a: Shlup|Curse|p1a: Shlup
|-unboost|p1a: Shlup|spe|1
|-boost|p1a: Shlup|atk|1
|-boost|p1a: Shlup|def|1
|
|-heal|p1a: Shlup|27/100|[from] item: Leftovers
|upkeep
|turn|12
|
|t:|1757842510
|-terastallize|p1a: Shlup|Flying
|move|p2a: Iron Hands|Earthquake|p1a: Shlup
|-immune|p1a: Shlup
|move|p1a: Shlup|Curse|p1a: Shlup
|-unboost|p1a: Shlup|spe|1
|-boost|p1a: Shlup|atk|1
|-boost|p1a: Shlup|def|1
|
|-heal|p1a: Shlup|33/100|[from] item: Leftovers
|upkeep
|turn|13
|
|t:|1757842518
|move|p2a: Iron Hands|Supercell Slam|p1a: Shlup
|-supereffective|p1a: Shlup
|-crit|p1a: Shlup
|-damage|p1a: Shlup|0 fnt
|faint|p1a: Shlup
|
|upkeep
|
|t:|1757842522
|switch|p1a: N!ppleKnee|Medicham, F, shiny|100/100
|turn|14
|
|t:|1757842530
|-end|p2a: Iron Hands|Quark Drive|[silent]
|switch|p2a: Pincurchin|Pincurchin, M|100/100
|-fieldstart|move: Electric Terrain|[from] ability: Electric Surge|[of] p2a: Pincurchin
|move|p1a: N!ppleKnee|Zen Headbutt|p2a: Pincurchin
|-damage|p2a: Pincurchin|59/100
|
|upkeep
|turn|15
|
|t:|1757842536
|switch|p2a: Iron Treads|Iron Treads|6/100
|-activate|p2a: Iron Treads|ability: Quark Drive
|-start|p2a: Iron Treads|quarkdrivespe
|move|p1a: N!ppleKnee|Zen Headbutt|p2a: Iron Treads
|-resisted|p2a: Iron Treads
|-damage|p2a: Iron Treads|0 fnt
|faint|p2a: Iron Treads
|-end|p2a: Iron Treads|Quark Drive|[silent]
|
|upkeep
|
|t:|1757842539
|switch|p2a: Raichu|Raichu-Alola, F|100/100
|turn|16
|
|t:|1757842545
|switch|p1a: MC|Tinkaton, F, shiny|100/100
|-ability|p1a: MC|Mold Breaker
|move|p2a: Raichu|Discharge|p1a: MC
|-crit|p1a: MC
|-damage|p1a: MC|39/100
|-status|p1a: MC|par
|-damage|p2a: Raichu|91/100|[from] item: Life Orb
|
|-heal|p1a: MC|45/100 par|[from] item: Leftovers
|upkeep
|turn|17
|
|t:|1757842548
|move|p2a: Raichu|Discharge|p1a: MC
|-damage|p1a: MC|7/100 par
|-damage|p2a: Raichu|81/100|[from] item: Life Orb
|move|p1a: MC|Knock Off|p2a: Raichu
|-supereffective|p2a: Raichu
|-crit|p2a: Raichu
|-damage|p2a: Raichu|0 fnt
|-enditem|p2a: Raichu|Life Orb|[from] move: Knock Off|[of] p1a: MC
|faint|p2a: Raichu
|
|-heal|p1a: MC|13/100 par|[from] item: Leftovers
|upkeep
|
|t:|1757842554
|switch|p2a: Iron Valiant|Iron Valiant|100/100
|-activate|p2a: Iron Valiant|ability: Quark Drive
|-start|p2a: Iron Valiant|quarkdrivespe
|turn|18
|
|t:|1757842559
|move|p2a: Iron Valiant|Thunderbolt|p1a: MC
|-damage|p1a: MC|0 fnt
|faint|p1a: MC
|
|upkeep
|
|t:|1757842563
|switch|p1a: N!ppleKnee|Medicham, F, shiny|100/100
|turn|19
|
|t:|1757842567
|move|p2a: Iron Valiant|Moonblast|p1a: N!ppleKnee
|-supereffective|p1a: N!ppleKnee
|-damage|p1a: N!ppleKnee|0 fnt
|faint|p1a: N!ppleKnee
|
|win|supraxd
|raw|middleagepokefan's rating: 1133 &rarr; <strong>1113</strong><br />(-20 for losing)
|raw|supraxd's rating: 1199 &rarr; <strong>1219</strong><br />(+20 for winning)
