|j|☆LVL62Monoco
|j|☆Liushenwuzhu_Xyt
|t:|1757786971
|gametype|singles
|player|p1|LVL62Monoco|265|1447
|player|p2|Liushenwuzhu_Xyt|2|1448
|gen|9
|tier|[Gen 9] OU
|rated|
|rule|HP Percentage Mod: HP is shown in percentages
|rule|Endless Battle Clause: Forcing endless battles is banned
|rule|Species Clause: Limit one of each Pokémon
|rule|OHKO Clause: OHKO moves are banned
|rule|Evasion Items Clause: Evasion items are banned
|rule|Evasion Moves Clause: Evasion moves are banned
|rule|Evasion Abilities Clause: Evasion abilities are banned
|rule|Sleep Moves Clause: Sleep-inducing moves are banned
|clearpoke
|poke|p1|Grimmsnarl, M|
|poke|p1|Ursaluna, F|
|poke|p1|Slowbro-Galar, M|
|poke|p1|Iron Hands|
|poke|p1|Kingambit, M|
|poke|p1|Enamorus-Therian, F|
|poke|p2|Great Tusk|
|poke|p2|Raging Bolt|
|poke|p2|Dragapult, F|
|poke|p2|Slowking-Galar, M|
|poke|p2|Kingambit, F|
|poke|p2|Ogerpon-Wellspring, F|
|teampreview
|inactive|Battle timer is ON: inactive players will automatically lose when time's up. (requested by Liushenwuzhu_Xyt)
|inactive|Liushenwuzhu_Xyt has 120 seconds left.
|
|t:|1757787020
|teamsize|p1|6
|teamsize|p2|6
|start
|switch|p1a: Grimmsnarl|Grimmsnarl, M|100/100
|switch|p2a: Great Tusk|Great Tusk|100/100
|turn|1
|
|t:|1757787043
|move|p1a: Grimmsnarl|Reflect|p1a: Grimmsnarl
|-sidestart|p1: LVL62Monoco|Reflect
|move|p2a: Great Tusk|Stealth Rock|p1a: Grimmsnarl
|-sidestart|p1: LVL62Monoco|move: Stealth Rock
|
|upkeep
|turn|2
|
|t:|1757787051
|move|p1a: Grimmsnarl|Light Screen|p1a: Grimmsnarl
|-sidestart|p1: LVL62Monoco|move: Light Screen
|move|p2a: Great Tusk|Headlong Rush|p1a: Grimmsnarl
|-damage|p1a: Grimmsnarl|77/100
|-unboost|p2a: Great Tusk|def|1
|-unboost|p2a: Great Tusk|spd|1
|
|upkeep
|turn|3
|
|t:|1757787068
|-end|p2a: Great Tusk|Protosynthesis|[silent]
|switch|p2a: Slowking|Slowking-Galar, M|100/100
|move|p1a: Grimmsnarl|Parting Shot|p2a: Slowking
|-unboost|p2a: Slowking|atk|1
|-unboost|p2a: Slowking|spa|1
|
|t:|1757787074
|switch|p1a: Ursaluna|Ursaluna, F|100/100|[from] Parting Shot
|-damage|p1a: Ursaluna|94/100|[from] Stealth Rock
|
|upkeep
|turn|4
|
|t:|1757787090
|switch|p2a: Ogerpon|Ogerpon-Wellspring, F|100/100
|move|p1a: Ursaluna|Swords Dance|p1a: Ursaluna
|-boost|p1a: Ursaluna|atk|2
|
|upkeep
|turn|5
|inactive|Liushenwuzhu_Xyt has 120 seconds left.
|
|t:|1757787121
|switch|p2a: Dragapult|Dragapult, F|100/100
|-terastallize|p1a: Ursaluna|Normal
|move|p1a: Ursaluna|Facade|p2a: Dragapult
|-immune|p2a: Dragapult
|
|upkeep
|turn|6
|inactive|Liushenwuzhu_Xyt has 120 seconds left.
|
|t:|1757787129
|move|p2a: Dragapult|Will-O-Wisp|p1a: Ursaluna
|-status|p1a: Ursaluna|brn
|move|p1a: Ursaluna|Crunch|p2a: Dragapult
|-supereffective|p2a: Dragapult
|-damage|p2a: Dragapult|0 fnt
|faint|p2a: Dragapult
|
|-damage|p1a: Ursaluna|88/100 brn|[from] brn
|upkeep
|inactive|Liushenwuzhu_Xyt has 120 seconds left.
|c|☆LVL62Monoco|thank you
|
|t:|1757787149
|switch|p2a: Great Tusk|Great Tusk|100/100
|turn|7
|
|t:|1757787158
|move|p2a: Great Tusk|Headlong Rush|p1a: Ursaluna
|-damage|p1a: Ursaluna|66/100 brn
|-unboost|p2a: Great Tusk|def|1
|-unboost|p2a: Great Tusk|spd|1
|move|p1a: Ursaluna|Facade|p2a: Great Tusk
|-damage|p2a: Great Tusk|0 fnt
|-damage|p1a: Ursaluna|50/100 brn|[from] item: Rocky Helmet|[of] p2a: Great Tusk
|faint|p2a: Great Tusk
|-end|p2a: Great Tusk|Protosynthesis|[silent]
|
|-damage|p1a: Ursaluna|44/100 brn|[from] brn
|upkeep
|
|t:|1757787166
|switch|p2a: Ogerpon|Ogerpon-Wellspring, F|100/100
|turn|8
|-activate|p1a: Ursaluna|item: Quick Claw
|
|t:|1757787172
|move|p1a: Ursaluna|Facade|p2a: Ogerpon
|-damage|p2a: Ogerpon|0 fnt
|faint|p2a: Ogerpon
|
|-damage|p1a: Ursaluna|38/100 brn|[from] brn
|-sideend|p1: LVL62Monoco|Reflect
|upkeep
|inactive|Liushenwuzhu_Xyt has 120 seconds left.
|-message|Liushenwuzhu_Xyt forfeited.
|
|win|LVL62Monoco
|raw|LVL62Monoco's rating: 1447 &rarr; <strong>1467</strong><br />(+20 for winning)
|raw|Liushenwuzhu_Xyt's rating: 1448 &rarr; <strong>1428</strong><br />(-20 for losing)
|l|☆Liushenwuzhu_Xyt
|player|p2|
|l|☆LVL62Monoco
|player|p1|
