|j|☆GarbagioFilth
|j|☆poukiewookie
|t:|1757823271
|gametype|singles
|player|p1|GarbagioFilth|byron|1474
|player|p2|poukiewookie|richboy-gen4|1529
|gen|9
|tier|[Gen 9] OU
|rated|
|rule|HP Percentage Mod: HP is shown in percentages
|rule|Endless Battle Clause: Forcing endless battles is banned
|rule|Species Clause: Limit one of each Pokémon
|rule|OHKO Clause: OHKO moves are banned
|rule|Evasion Items Clause: Evasion items are banned
|rule|Evasion Moves Clause: Evasion moves are banned
|rule|Evasion Abilities Clause: Evasion abilities are banned
|rule|Sleep Moves Clause: Sleep-inducing moves are banned
|clearpoke
|poke|p1|Dondozo, F|
|poke|p1|Blissey, F|
|poke|p1|Corviknight, M|
|poke|p1|Weezing-Galar, M|
|poke|p1|Gliscor, F|
|poke|p1|Toxapex, M|
|poke|p2|Iron Valiant|
|poke|p2|Iron Treads|
|poke|p2|Pincurchin, F|
|poke|p2|Corviknight, F|
|poke|p2|Darkrai|
|poke|p2|Iron Moth|
|teampreview
|
|t:|1757823274
|teamsize|p1|6
|teamsize|p2|6
|start
|switch|p1a: Stallking|Toxapex, M|100/100
|switch|p2a: Spiky|Pincurchin, F|100/100
|-fieldstart|move: Electric Terrain|[from] ability: Electric Surge|[of] p2a: Spiky
|turn|1
|inactive|Battle timer is ON: inactive players will automatically lose when time's up. (requested by GarbagioFilth)
|inactive|poukiewookie also wants the timer to be on.
|
|t:|1757823277
|move|p1a: Stallking|Toxic|p2a: Spiky
|-status|p2a: Spiky|tox
|move|p2a: Spiky|Discharge|p1a: Stallking
|-supereffective|p1a: Stallking
|-damage|p1a: Stallking|45/100
|
|-heal|p1a: Stallking|51/100|[from] item: Leftovers
|-damage|p2a: Spiky|94/100 tox|[from] psn
|upkeep
|turn|2
|
|t:|1757823283
|switch|p1a: Stallmate|Gliscor, F|100/100
|switch|p2a: Percy|Iron Valiant|100/100
|-activate|p2a: Percy|ability: Quark Drive
|-start|p2a: Percy|quarkdrivespe
|
|-status|p1a: Stallmate|tox|[from] item: Toxic Orb
|upkeep
|turn|3
|
|t:|1757823289
|-end|p2a: Percy|Quark Drive|[silent]
|switch|p2a: Lenore|Corviknight, F|100/100
|-ability|p2a: Lenore|Pressure
|move|p1a: Stallmate|Knock Off|p2a: Lenore
|-damage|p2a: Lenore|87/100
|-damage|p1a: Stallmate|84/100 tox|[from] item: Rocky Helmet|[of] p2a: Lenore
|-enditem|p2a: Lenore|Rocky Helmet|[from] move: Knock Off|[of] p1a: Stallmate
|
|-heal|p1a: Stallmate|97/100 tox|[from] ability: Poison Heal
|upkeep
|turn|4
|
|t:|1757823291
|move|p1a: Stallmate|Spikes|p2a: Lenore
|-sidestart|p2: poukiewookie|Spikes
|move|p2a: Lenore|U-turn|p1a: Stallmate
|-resisted|p1a: Stallmate
|-crit|p1a: Stallmate
|-damage|p1a: Stallmate|88/100 tox
|
|t:|1757823294
|switch|p2a: Sha|Darkrai|100/100|[from] U-turn
|-damage|p2a: Sha|88/100|[from] Spikes
|
|-heal|p1a: Stallmate|100/100 tox|[from] ability: Poison Heal
|upkeep
|turn|5
|
|t:|1757823296
|move|p2a: Sha|Ice Beam|p1a: Stallmate
|-supereffective|p1a: Stallmate
|-damage|p1a: Stallmate|0 fnt
|faint|p1a: Stallmate
|-damage|p2a: Sha|78/100|[from] item: Life Orb
|
|upkeep
|
|t:|1757823300
|switch|p1a: Stalin|Dondozo, F|100/100
|turn|6
|
|t:|1757823302
|switch|p2a: Lenore|Corviknight, F|87/100
|-ability|p2a: Lenore|Pressure
|move|p1a: Stalin|Body Press|p2a: Lenore
|-damage|p2a: Lenore|71/100
|
|upkeep
|turn|7
|
|t:|1757823306
|switch|p1a: Stallking|Toxapex, M|85/100
|move|p2a: Lenore|U-turn|p1a: Stallking
|-resisted|p1a: Stallking
|-damage|p1a: Stallking|79/100
|
|t:|1757823309
|switch|p2a: Percy|Iron Valiant|100/100|[from] U-turn
|-damage|p2a: Percy|88/100|[from] Spikes
|-activate|p2a: Percy|ability: Quark Drive
|-start|p2a: Percy|quarkdrivespe
|
|-heal|p1a: Stallking|85/100|[from] item: Leftovers
|upkeep
|turn|8
|
|t:|1757823310
|move|p2a: Percy|Thunderbolt|p1a: Stallking
|-supereffective|p1a: Stallking
|-damage|p1a: Stallking|16/100
|move|p1a: Stallking|Toxic|p2a: Percy
|-status|p2a: Percy|tox
|
|-heal|p1a: Stallking|22/100|[from] item: Leftovers
|-damage|p2a: Percy|82/100 tox|[from] psn
|-fieldend|move: Electric Terrain
|-end|p2a: Percy|Quark Drive
|upkeep
|turn|9
|
|t:|1757823315
|switch|p1a: Stalingrad|Blissey, F|100/100
|move|p2a: Percy|Thunderbolt|p1a: Stalingrad
|-damage|p1a: Stalingrad|86/100
|
|-heal|p1a: Stalingrad|93/100|[from] item: Leftovers
|-damage|p2a: Percy|69/100 tox|[from] psn
|upkeep
|turn|10
|
|t:|1757823320
|-end|p2a: Percy|Quark Drive|[silent]
|switch|p2a: Lenore|Corviknight, F|71/100
|-ability|p2a: Lenore|Pressure
|move|p1a: Stalingrad|Stealth Rock|p2a: Lenore
|-sidestart|p2: poukiewookie|move: Stealth Rock
|
|-heal|p1a: Stalingrad|99/100|[from] item: Leftovers
|upkeep
|turn|11
|
|t:|1757823323
|move|p2a: Lenore|Body Press|p1a: Stalingrad
|-supereffective|p1a: Stalingrad
|-damage|p1a: Stalingrad|42/100
|move|p1a: Stalingrad|Seismic Toss|p2a: Lenore
|-damage|p2a: Lenore|46/100
|
|-heal|p1a: Stalingrad|48/100|[from] item: Leftovers
|upkeep
|turn|12
|
|t:|1757823329
|switch|p1a: Stalinski|Corviknight, M|100/100
|-ability|p1a: Stalinski|Pressure
|move|p2a: Lenore|Roost|p2a: Lenore
|-heal|p2a: Lenore|96/100
|-singleturn|p2a: Lenore|move: Roost
|
|upkeep
|turn|13
|
|t:|1757823336
|switch|p2a: Spiky|Pincurchin, F|94/100 tox
|-damage|p2a: Spiky|82/100 tox|[from] Spikes
|-damage|p2a: Spiky|70/100 tox|[from] Stealth Rock
|-fieldstart|move: Electric Terrain|[from] ability: Electric Surge|[of] p2a: Spiky
|move|p1a: Stalinski|Body Press|p2a: Spiky
|-damage|p2a: Spiky|37/100 tox
|
|-damage|p2a: Spiky|31/100 tox|[from] psn
|upkeep
|turn|14
|
|t:|1757823345
|switch|p2a: Lenore|Corviknight, F|96/100
|-damage|p2a: Lenore|84/100|[from] Stealth Rock
|-ability|p2a: Lenore|Pressure
|-terastallize|p1a: Stalinski|Fighting
|move|p1a: Stalinski|Body Press|p2a: Lenore
|-damage|p2a: Lenore|59/100
|
|upkeep
|turn|15
|
|t:|1757823348
|move|p2a: Lenore|Brave Bird|p1a: Stalinski
|-supereffective|p1a: Stalinski
|-damage|p1a: Stalinski|59/100
|-damage|p2a: Lenore|46/100|[from] Recoil
|move|p1a: Stalinski|Iron Defense|p1a: Stalinski
|-boost|p1a: Stalinski|def|2
|
|-heal|p1a: Stalinski|66/100|[from] item: Leftovers
|upkeep
|turn|16
|
|t:|1757823354
|move|p1a: Stalinski|Body Press|p2a: Lenore
|-damage|p2a: Lenore|3/100
|move|p2a: Lenore|Roost|p2a: Lenore
|-heal|p2a: Lenore|53/100
|-singleturn|p2a: Lenore|move: Roost
|
|-heal|p1a: Stalinski|72/100|[from] item: Leftovers
|upkeep
|turn|17
|
|t:|1757823359
|move|p1a: Stalinski|Body Press|p2a: Lenore
|-damage|p2a: Lenore|2/100
|move|p2a: Lenore|Brave Bird|p1a: Stalinski
|-supereffective|p1a: Stalinski
|-damage|p1a: Stalinski|47/100
|-damage|p2a: Lenore|0 fnt|[from] Recoil
|faint|p2a: Lenore
|
|-heal|p1a: Stalinski|54/100|[from] item: Leftovers
|upkeep
|
|t:|1757823365
|switch|p2a: Percy|Iron Valiant|69/100 tox
|-damage|p2a: Percy|57/100 tox|[from] Spikes
|-damage|p2a: Percy|51/100 tox|[from] Stealth Rock
|-activate|p2a: Percy|ability: Quark Drive
|-start|p2a: Percy|quarkdrivespe
|turn|18
|
|t:|1757823371
|switch|p1a: Stalingrad|Blissey, F|48/100
|move|p2a: Percy|Moonblast|p1a: Stalingrad
|-damage|p1a: Stalingrad|27/100
|
|-heal|p1a: Stalingrad|34/100|[from] item: Leftovers
|-damage|p2a: Percy|44/100 tox|[from] psn
|upkeep
|turn|19
|
|t:|1757823378
|move|p2a: Percy|Moonblast|p1a: Stalingrad
|-damage|p1a: Stalingrad|13/100
|move|p1a: Stalingrad|Soft-Boiled|p1a: Stalingrad
|-heal|p1a: Stalingrad|63/100
|
|-heal|p1a: Stalingrad|69/100|[from] item: Leftovers
|-damage|p2a: Percy|32/100 tox|[from] psn
|upkeep
|turn|20
|
|t:|1757823381
|-end|p2a: Percy|Quark Drive|[silent]
|switch|p2a: Trunky boy|Iron Treads|100/100
|-damage|p2a: Trunky boy|97/100|[from] Stealth Rock
|-item|p2a: Trunky boy|Air Balloon
|-activate|p2a: Trunky boy|ability: Quark Drive
|-start|p2a: Trunky boy|quarkdrivespe
|move|p1a: Stalingrad|Soft-Boiled|p1a: Stalingrad
|-heal|p1a: Stalingrad|100/100
|
|-fieldend|move: Electric Terrain
|-end|p2a: Trunky boy|Quark Drive
|upkeep
|turn|21
|
|t:|1757823385
|switch|p1a: Stalin|Dondozo, F|100/100
|move|p2a: Trunky boy|Rapid Spin|p1a: Stalin
|-damage|p1a: Stalin|94/100
|-boost|p2a: Trunky boy|spe|1
|-sideend|p2: poukiewookie|Spikes|[from] move: Rapid Spin|[of] p2a: Trunky boy
|-sideend|p2: poukiewookie|Stealth Rock|[from] move: Rapid Spin|[of] p2a: Trunky boy
|
|-heal|p1a: Stalin|99/100|[from] item: Leftovers
|upkeep
|turn|22
|
|t:|1757823390
|-end|p2a: Trunky boy|Quark Drive|[silent]
|switch|p2a: Spiky|Pincurchin, F|31/100 tox
|-fieldstart|move: Electric Terrain|[from] ability: Electric Surge|[of] p2a: Spiky
|move|p1a: Stalin|Body Press|p2a: Spiky
|-damage|p2a: Spiky|0 fnt
|faint|p2a: Spiky
|
|-heal|p1a: Stalin|100/100|[from] item: Leftovers
|upkeep
|
|t:|1757823397
|switch|p2a: Percy|Iron Valiant|32/100 tox
|-activate|p2a: Percy|ability: Quark Drive
|-start|p2a: Percy|quarkdrivespe
|turn|23
|
|t:|1757823400
|switch|p1a: Stalingrad|Blissey, F|100/100
|move|p2a: Percy|Thunderbolt|p1a: Stalingrad
|-damage|p1a: Stalingrad|83/100
|
|-heal|p1a: Stalingrad|89/100|[from] item: Leftovers
|-damage|p2a: Percy|26/100 tox|[from] psn
|upkeep
|turn|24
|
|t:|1757823406
|-end|p2a: Percy|Quark Drive|[silent]
|switch|p2a: Tank|Iron Moth|100/100
|-activate|p2a: Tank|ability: Quark Drive
|-start|p2a: Tank|quarkdrivespa
|move|p1a: Stalingrad|Seismic Toss|p2a: Tank
|-damage|p2a: Tank|67/100
|
|-heal|p1a: Stalingrad|95/100|[from] item: Leftovers
|upkeep
|turn|25
|
|t:|1757823409
|move|p2a: Tank|Fiery Dance|p1a: Stalingrad
|-damage|p1a: Stalingrad|76/100
|-boost|p2a: Tank|spa|1
|move|p1a: Stalingrad|Calm Mind|p1a: Stalingrad
|-boost|p1a: Stalingrad|spa|1
|-boost|p1a: Stalingrad|spd|1
|
|-heal|p1a: Stalingrad|83/100|[from] item: Leftovers
|upkeep
|turn|26
|
|t:|1757823414
|move|p2a: Tank|Fiery Dance|p1a: Stalingrad
|-damage|p1a: Stalingrad|67/100
|move|p1a: Stalingrad|Calm Mind|p1a: Stalingrad
|-boost|p1a: Stalingrad|spa|1
|-boost|p1a: Stalingrad|spd|1
|
|-heal|p1a: Stalingrad|73/100|[from] item: Leftovers
|upkeep
|turn|27
|
|t:|1757823418
|move|p2a: Tank|Discharge|p1a: Stalingrad
|-damage|p1a: Stalingrad|61/100
|move|p1a: Stalingrad|Seismic Toss|p2a: Tank
|-damage|p2a: Tank|34/100
|
|-heal|p1a: Stalingrad|67/100|[from] item: Leftovers
|upkeep
|turn|28
|
|t:|1757823424
|move|p2a: Tank|Discharge|p1a: Stalingrad
|-damage|p1a: Stalingrad|56/100
|move|p1a: Stalingrad|Seismic Toss|p2a: Tank
|-damage|p2a: Tank|1/100
|
|-heal|p1a: Stalingrad|63/100|[from] item: Leftovers
|upkeep
|turn|29
|
|t:|1757823428
|move|p2a: Tank|Discharge|p1a: Stalingrad
|-damage|p1a: Stalingrad|50/100
|move|p1a: Stalingrad|Seismic Toss|p2a: Tank
|-damage|p2a: Tank|0 fnt
|faint|p2a: Tank
|-end|p2a: Tank|Quark Drive|[silent]
|
|-heal|p1a: Stalingrad|56/100|[from] item: Leftovers
|-fieldend|move: Electric Terrain
|upkeep
|
|t:|1757823432
|switch|p2a: Trunky boy|Iron Treads|97/100
|-item|p2a: Trunky boy|Air Balloon
|turn|30
|
|t:|1757823435
|switch|p1a: Stalin|Dondozo, F|100/100
|move|p2a: Trunky boy|Volt Switch|p1a: Stalin
|-supereffective|p1a: Stalin
|-damage|p1a: Stalin|77/100
|
|t:|1757823437
|-end|p2a: Trunky boy|Quark Drive|[silent]
|switch|p2a: Percy|Iron Valiant|26/100 tox|[from] Volt Switch
|
|-heal|p1a: Stalin|84/100|[from] item: Leftovers
|-damage|p2a: Percy|20/100 tox|[from] psn
|upkeep
|turn|31
|
|t:|1757823442
|-end|p2a: Percy|Quark Drive|[silent]
|switch|p2a: Trunky boy|Iron Treads|97/100
|-item|p2a: Trunky boy|Air Balloon
|switch|p1a: Stalingrad|Blissey, F|56/100
|
|-heal|p1a: Stalingrad|63/100|[from] item: Leftovers
|upkeep
|turn|32
|
|t:|1757823446
|move|p2a: Trunky boy|Iron Head|p1a: Stalingrad
|-damage|p1a: Stalingrad|26/100
|cant|p1a: Stalingrad|flinch
|
|-heal|p1a: Stalingrad|32/100|[from] item: Leftovers
|upkeep
|turn|33
|
|t:|1757823453
|switch|p1a: Stalin|Dondozo, F|84/100
|move|p2a: Trunky boy|Volt Switch|p1a: Stalin
|-supereffective|p1a: Stalin
|-crit|p1a: Stalin
|-damage|p1a: Stalin|54/100
|
|t:|1757823455
|-end|p2a: Trunky boy|Quark Drive|[silent]
|switch|p2a: Sha|Darkrai|78/100|[from] Volt Switch
|
|-heal|p1a: Stalin|60/100|[from] item: Leftovers
|upkeep
|turn|34
|
|t:|1757823458
|move|p2a: Sha|Dark Pulse|p1a: Stalin
|-damage|p1a: Stalin|6/100
|-damage|p2a: Sha|68/100|[from] item: Life Orb
|move|p1a: Stalin|Body Press|p2a: Sha
|-supereffective|p2a: Sha
|-damage|p2a: Sha|0 fnt
|faint|p2a: Sha
|
|-heal|p1a: Stalin|12/100|[from] item: Leftovers
|upkeep
|
|t:|1757823464
|switch|p2a: Trunky boy|Iron Treads|97/100
|-item|p2a: Trunky boy|Air Balloon
|turn|35
|
|t:|1757823469
|switch|p1a: Staletto|Weezing-Galar, M|100/100
|-ability|p1a: Staletto|Neutralizing Gas
|move|p2a: Trunky boy|Iron Head|p1a: Staletto
|-supereffective|p1a: Staletto
|-damage|p1a: Staletto|48/100
|
|upkeep
|turn|36
|
|t:|1757823477
|-end|p1a: Staletto|ability: Neutralizing Gas
|switch|p1a: Stallking|Toxapex, M|55/100
|move|p2a: Trunky boy|Iron Head|p1a: Stallking
|-resisted|p1a: Stallking
|-damage|p1a: Stallking|41/100
|
|-heal|p1a: Stallking|48/100|[from] item: Leftovers
|upkeep
|turn|37
|
|t:|1757823483
|move|p2a: Trunky boy|Iron Head|p1a: Stallking
|-resisted|p1a: Stallking
|-damage|p1a: Stallking|32/100
|move|p1a: Stallking|Recover|p1a: Stallking
|-heal|p1a: Stallking|82/100
|
|-heal|p1a: Stallking|88/100|[from] item: Leftovers
|upkeep
|turn|38
|
|t:|1757823489
|move|p2a: Trunky boy|Earthquake|p1a: Stallking
|-supereffective|p1a: Stallking
|-damage|p1a: Stallking|16/100
|move|p1a: Stallking|Recover|p1a: Stallking
|-heal|p1a: Stallking|66/100
|
|-heal|p1a: Stallking|73/100|[from] item: Leftovers
|upkeep
|turn|39
|
|t:|1757823493
|switch|p1a: Stalinski|Corviknight, M, tera:Fighting|54/100
|-ability|p1a: Stalinski|Pressure
|move|p2a: Trunky boy|Earthquake|p1a: Stalinski
|-damage|p1a: Stalinski|26/100
|
|-heal|p1a: Stalinski|32/100|[from] item: Leftovers
|upkeep
|turn|40
|
|t:|1757823509
|-terastallize|p2a: Trunky boy|Flying
|move|p2a: Trunky boy|Iron Head|p1a: Stalinski
|-damage|p1a: Stalinski|10/100
|move|p1a: Stalinski|Roost|p1a: Stalinski
|-heal|p1a: Stalinski|60/100
|
|-heal|p1a: Stalinski|66/100|[from] item: Leftovers
|upkeep
|turn|41
|
|t:|1757823516
|move|p2a: Trunky boy|Volt Switch|p1a: Stalinski
|-damage|p1a: Stalinski|56/100
|
|t:|1757823518
|-end|p2a: Trunky boy|Quark Drive|[silent]
|switch|p2a: Percy|Iron Valiant|20/100 tox|[from] Volt Switch
|move|p1a: Stalinski|Roost|p1a: Stalinski
|-heal|p1a: Stalinski|100/100
|
|-damage|p2a: Percy|13/100 tox|[from] psn
|upkeep
|turn|42
|
|t:|1757823523
|-end|p2a: Percy|Quark Drive|[silent]
|switch|p2a: Trunky boy|Iron Treads, tera:Flying|97/100
|-item|p2a: Trunky boy|Air Balloon
|switch|p1a: Stalingrad|Blissey, F|32/100
|
|-heal|p1a: Stalingrad|39/100|[from] item: Leftovers
|upkeep
|turn|43
|
|t:|1757823526
|switch|p1a: Stalinski|Corviknight, M, tera:Fighting|100/100
|-ability|p1a: Stalinski|Pressure
|move|p2a: Trunky boy|Volt Switch|p1a: Stalinski
|-damage|p1a: Stalinski|90/100
|
|t:|1757823528
|-end|p2a: Trunky boy|Quark Drive|[silent]
|switch|p2a: Percy|Iron Valiant|13/100 tox|[from] Volt Switch
|
|-heal|p1a: Stalinski|96/100|[from] item: Leftovers
|-damage|p2a: Percy|7/100 tox|[from] psn
|upkeep
|turn|44
|
|t:|1757823533
|switch|p1a: Stalingrad|Blissey, F|39/100
|move|p2a: Percy|Aura Sphere|p1a: Stalingrad
|-supereffective|p1a: Stalingrad
|-damage|p1a: Stalingrad|3/100
|
|-heal|p1a: Stalingrad|9/100|[from] item: Leftovers
|-damage|p2a: Percy|0 fnt|[from] psn
|faint|p2a: Percy
|-end|p2a: Percy|Quark Drive|[silent]
|upkeep
|
|t:|1757823535
|switch|p2a: Trunky boy|Iron Treads, tera:Flying|97/100
|-item|p2a: Trunky boy|Air Balloon
|turn|45
|
|t:|1757823539
|switch|p1a: Stalinski|Corviknight, M, tera:Fighting|96/100
|-ability|p1a: Stalinski|Pressure
|move|p2a: Trunky boy|Iron Head|p1a: Stalinski
|-damage|p1a: Stalinski|74/100
|
|-heal|p1a: Stalinski|81/100|[from] item: Leftovers
|upkeep
|turn|46
|
|t:|1757823546
|move|p2a: Trunky boy|Iron Head|p1a: Stalinski
|-damage|p1a: Stalinski|59/100
|cant|p1a: Stalinski|flinch
|
|-heal|p1a: Stalinski|66/100|[from] item: Leftovers
|upkeep
|turn|47
|
|t:|1757823549
|move|p2a: Trunky boy|Iron Head|p1a: Stalinski
|-damage|p1a: Stalinski|41/100
|move|p1a: Stalinski|Iron Defense|p1a: Stalinski
|-boost|p1a: Stalinski|def|2
|
|-heal|p1a: Stalinski|47/100|[from] item: Leftovers
|upkeep
|turn|48
|
|t:|1757823553
|move|p2a: Trunky boy|Iron Head|p1a: Stalinski
|-crit|p1a: Stalinski
|-damage|p1a: Stalinski|13/100
|move|p1a: Stalinski|Roost|p1a: Stalinski
|-heal|p1a: Stalinski|63/100
|
|-heal|p1a: Stalinski|69/100|[from] item: Leftovers
|upkeep
|turn|49
|
|t:|1757823559
|move|p2a: Trunky boy|Iron Head|p1a: Stalinski
|-damage|p1a: Stalinski|58/100
|move|p1a: Stalinski|Iron Defense|p1a: Stalinski
|-boost|p1a: Stalinski|def|2
|
|-heal|p1a: Stalinski|64/100|[from] item: Leftovers
|upkeep
|turn|50
|-message|poukiewookie forfeited.
|
|win|GarbagioFilth
|raw|GarbagioFilth's rating: 1474 &rarr; <strong>1497</strong><br />(+23 for winning)
|raw|poukiewookie's rating: 1529 &rarr; <strong>1506</strong><br />(-23 for losing)
|l|☆poukiewookie
|player|p2|
|l|☆GarbagioFilth
|player|p1|
