|j|☆mansonabuluting
|j|☆SittinGamer
|t:|1757918674
|gametype|singles
|player|p1|mansonabuluting|bellelba|1641
|player|p2|SittinGamer|dawn-gen4pt|1649
|gen|9
|tier|[Gen 9] OU
|rated|
|rule|HP Percentage Mod: HP is shown in percentages
|rule|Endless Battle Clause: Forcing endless battles is banned
|rule|Species Clause: Limit one of each Pokémon
|rule|OHKO Clause: OHKO moves are banned
|rule|Evasion Items Clause: Evasion items are banned
|rule|Evasion Moves Clause: Evasion moves are banned
|rule|Evasion Abilities Clause: Evasion abilities are banned
|rule|Sleep Moves Clause: Sleep-inducing moves are banned
|clearpoke
|poke|p1|Rillaboom, M|
|poke|p1|Hawlucha, M|
|poke|p1|Thundurus-Therian, M|
|poke|p1|Great Tusk|
|poke|p1|Volcanion|
|poke|p1|Goodra-Hisui, M|
|poke|p2|Infernape, F|
|poke|p2|Samurott-Hisui, M|
|poke|p2|Gholdengo|
|poke|p2|Hatterene, F|
|poke|p2|Great Tusk|
|poke|p2|Zamazenta-*|
|teampreview
|inactive|Battle timer is ON: inactive players will automatically lose when time's up. (requested by mansonabuluting)
|
|t:|1757918689
|teamsize|p1|6
|teamsize|p2|6
|start
|switch|p1a: Thundurus|Thundurus-Therian, M|100/100
|switch|p2a: Infernape|Infernape, F|100/100
|turn|1
|
|t:|1757918695
|-terastallize|p1a: Thundurus|Flying
|move|p1a: Thundurus|Tera Blast|p2a: Infernape|[anim] Tera Blast Flying
|-supereffective|p2a: Infernape
|-enditem|p2a: Infernape|Focus Sash
|-damage|p2a: Infernape|1/100
|move|p2a: Infernape|Stealth Rock|p1a: Thundurus
|-sidestart|p1: mansonabuluting|move: Stealth Rock
|
|upkeep
|turn|2
|inactive|SittinGamer has 120 seconds left.
|
|t:|1757918729
|switch|p2a: Gholdengo|Gholdengo|100/100
|move|p1a: Thundurus|Tera Blast|p2a: Gholdengo|[anim] Tera Blast Flying
|-resisted|p2a: Gholdengo
|-damage|p2a: Gholdengo|63/100
|
|upkeep
|turn|3
|
|t:|1757918736
|switch|p1a: Goodra|Goodra-Hisui, M|100/100
|-damage|p1a: Goodra|94/100|[from] Stealth Rock
|move|p2a: Gholdengo|Shadow Ball|p1a: Goodra
|-damage|p1a: Goodra|74/100
|
|upkeep
|turn|4
|
|t:|1757918740
|switch|p2a: Samurott|Samurott-Hisui, M|100/100
|move|p1a: Goodra|Flamethrower|p2a: Samurott
|-resisted|p2a: Samurott
|-damage|p2a: Samurott|88/100
|
|upkeep
|turn|5
|
|t:|1757918749
|switch|p1a: Rillaboom|Rillaboom, M|100/100
|-damage|p1a: Rillaboom|88/100|[from] Stealth Rock
|-fieldstart|move: Grassy Terrain|[from] ability: Grassy Surge|[of] p1a: Rillaboom
|move|p2a: Samurott|Ceaseless Edge|p1a: Rillaboom
|-damage|p1a: Rillaboom|50/100
|-sidestart|p1: mansonabuluting|Spikes
|
|-heal|p2a: Samurott|94/100|[from] Grassy Terrain
|-heal|p1a: Rillaboom|56/100|[from] Grassy Terrain
|upkeep
|turn|6
|
|t:|1757918779
|switch|p2a: Zamazenta|Zamazenta|100/100
|-ability|p2a: Zamazenta|Dauntless Shield|boost
|-boost|p2a: Zamazenta|def|1
|move|p1a: Rillaboom|Wood Hammer|p2a: Zamazenta
|-damage|p2a: Zamazenta|34/100
|-damage|p1a: Rillaboom|35/100|[from] Recoil
|
|-heal|p2a: Zamazenta|40/100|[from] Grassy Terrain
|-heal|p2a: Zamazenta|46/100|[from] item: Leftovers
|-heal|p1a: Rillaboom|41/100|[from] Grassy Terrain
|upkeep
|turn|7
|
|t:|1757918786
|switch|p1a: Great Tusk|Great Tusk|100/100
|-damage|p1a: Great Tusk|97/100|[from] Stealth Rock
|-damage|p1a: Great Tusk|85/100|[from] Spikes
|move|p2a: Zamazenta|Body Press|p1a: Great Tusk
|-damage|p1a: Great Tusk|63/100
|-damage|p2a: Zamazenta|30/100|[from] item: Rocky Helmet|[of] p1a: Great Tusk
|
|-heal|p2a: Zamazenta|36/100|[from] Grassy Terrain
|-heal|p2a: Zamazenta|42/100|[from] item: Leftovers
|-heal|p1a: Great Tusk|70/100|[from] Grassy Terrain
|upkeep
|turn|8
|
|t:|1757918793
|switch|p2a: Gholdengo|Gholdengo|63/100
|move|p1a: Great Tusk|Stealth Rock|p2a: Gholdengo
|-sidestart|p2: SittinGamer|move: Stealth Rock
|
|-heal|p2a: Gholdengo|69/100|[from] Grassy Terrain
|-heal|p1a: Great Tusk|76/100|[from] Grassy Terrain
|upkeep
|turn|9
|
|t:|1757918805
|-end|p1a: Great Tusk|Protosynthesis|[silent]
|switch|p1a: Goodra|Goodra-Hisui, M|74/100
|-damage|p1a: Goodra|68/100|[from] Stealth Rock
|-damage|p1a: Goodra|56/100|[from] Spikes
|move|p2a: Gholdengo|Shadow Ball|p1a: Goodra
|-damage|p1a: Goodra|38/100
|
|-heal|p2a: Gholdengo|75/100|[from] Grassy Terrain
|-heal|p1a: Goodra|44/100|[from] Grassy Terrain
|-fieldend|move: Grassy Terrain
|upkeep
|turn|10
|
|t:|1757918810
|switch|p2a: Great Tusk|Great Tusk|100/100
|-damage|p2a: Great Tusk|98/100|[from] Stealth Rock
|-enditem|p2a: Great Tusk|Booster Energy
|-activate|p2a: Great Tusk|ability: Protosynthesis|[fromitem]
|-start|p2a: Great Tusk|protosynthesisatk
|move|p1a: Goodra|Flamethrower|p2a: Great Tusk
|-damage|p2a: Great Tusk|58/100
|
|upkeep
|turn|11
|
|t:|1757918820
|switch|p1a: Great Tusk|Great Tusk|76/100
|-damage|p1a: Great Tusk|73/100|[from] Stealth Rock
|-damage|p1a: Great Tusk|60/100|[from] Spikes
|move|p2a: Great Tusk|Rapid Spin|p1a: Great Tusk
|-damage|p1a: Great Tusk|50/100
|-boost|p2a: Great Tusk|spe|1
|-damage|p2a: Great Tusk|42/100|[from] item: Rocky Helmet|[of] p1a: Great Tusk
|-sideend|p2: SittinGamer|Stealth Rock|[from] move: Rapid Spin|[of] p2a: Great Tusk
|
|upkeep
|turn|12
|
|t:|1757918825
|move|p2a: Great Tusk|Headlong Rush|p1a: Great Tusk
|-damage|p1a: Great Tusk|16/100
|-unboost|p2a: Great Tusk|def|1
|-unboost|p2a: Great Tusk|spd|1
|-damage|p2a: Great Tusk|25/100|[from] item: Rocky Helmet|[of] p1a: Great Tusk
|move|p1a: Great Tusk|Headlong Rush|p2a: Great Tusk
|-damage|p2a: Great Tusk|0 fnt
|-unboost|p1a: Great Tusk|def|1
|-unboost|p1a: Great Tusk|spd|1
|faint|p2a: Great Tusk
|-end|p2a: Great Tusk|Protosynthesis|[silent]
|
|upkeep
|
|t:|1757918834
|switch|p2a: Gholdengo|Gholdengo|75/100
|turn|13
|
|t:|1757918838
|move|p2a: Gholdengo|Shadow Ball|p1a: Great Tusk
|-damage|p1a: Great Tusk|0 fnt
|faint|p1a: Great Tusk
|-end|p1a: Great Tusk|Protosynthesis|[silent]
|
|upkeep
|
|t:|1757918845
|switch|p1a: Goodra|Goodra-Hisui, M|44/100
|-damage|p1a: Goodra|38/100|[from] Stealth Rock
|-damage|p1a: Goodra|25/100|[from] Spikes
|turn|14
|
|t:|1757918850
|switch|p2a: Samurott|Samurott-Hisui, M|94/100
|move|p1a: Goodra|Flamethrower|p2a: Samurott
|-resisted|p2a: Samurott
|-damage|p2a: Samurott|82/100
|-status|p2a: Samurott|brn
|
|-damage|p2a: Samurott|75/100 brn|[from] brn
|upkeep
|turn|15
|
|t:|1757918864
|move|p2a: Samurott|Ceaseless Edge|p1a: Goodra
|-damage|p1a: Goodra|7/100
|-ability|p1a: Goodra|Gooey
|-unboost|p2a: Samurott|spe|1
|-sidestart|p1: mansonabuluting|Spikes
|move|p1a: Goodra|Draco Meteor|p2a: Samurott
|-damage|p2a: Samurott|27/100 brn
|-unboost|p1a: Goodra|spa|2
|
|-damage|p2a: Samurott|20/100 brn|[from] brn
|upkeep
|turn|16
|
|t:|1757918869
|move|p2a: Samurott|Ceaseless Edge|p1a: Goodra
|-damage|p1a: Goodra|0 fnt
|-ability|p1a: Goodra|Gooey
|-unboost|p2a: Samurott|spe|1
|-sidestart|p1: mansonabuluting|Spikes
|faint|p1a: Goodra
|
|-damage|p2a: Samurott|14/100 brn|[from] brn
|upkeep
|
|t:|1757918874
|switch|p1a: Rillaboom|Rillaboom, M|41/100
|-damage|p1a: Rillaboom|29/100|[from] Stealth Rock
|-damage|p1a: Rillaboom|4/100|[from] Spikes
|-fieldstart|move: Grassy Terrain|[from] ability: Grassy Surge|[of] p1a: Rillaboom
|turn|17
|
|t:|1757918878
|move|p1a: Rillaboom|Grassy Glide|p2a: Samurott
|-supereffective|p2a: Samurott
|-damage|p2a: Samurott|0 fnt
|faint|p2a: Samurott
|
|-heal|p1a: Rillaboom|10/100|[from] Grassy Terrain
|upkeep
|
|t:|1757918881
|switch|p2a: Infernape|Infernape, F|1/100
|turn|18
|
|t:|1757918885
|move|p2a: Infernape|Vacuum Wave|p1a: Rillaboom
|-damage|p1a: Rillaboom|0 fnt
|faint|p1a: Rillaboom
|
|-heal|p2a: Infernape|7/100|[from] Grassy Terrain
|upkeep
|
|t:|1757918891
|switch|p1a: Hawlucha|Hawlucha, M|100/100
|-damage|p1a: Hawlucha|88/100|[from] Stealth Rock
|-enditem|p1a: Hawlucha|Grassy Seed
|-boost|p1a: Hawlucha|def|1|[from] item: Grassy Seed
|turn|19
|
|t:|1757918899
|switch|p2a: Hatterene|Hatterene, F|100/100
|move|p1a: Hawlucha|Acrobatics|p2a: Hatterene
|-damage|p2a: Hatterene|48/100
|
|-heal|p2a: Hatterene|53/100|[from] Grassy Terrain
|upkeep
|turn|20
|
|t:|1757918911
|switch|p2a: Infernape|Infernape, F|7/100
|move|p1a: Hawlucha|Acrobatics|p2a: Infernape
|-supereffective|p2a: Infernape
|-damage|p2a: Infernape|0 fnt
|faint|p2a: Infernape
|
|upkeep
|
|t:|1757918913
|switch|p2a: Gholdengo|Gholdengo|75/100
|turn|21
|
|t:|1757918917
|move|p1a: Hawlucha|Acrobatics|p2a: Gholdengo
|-resisted|p2a: Gholdengo
|-damage|p2a: Gholdengo|45/100
|move|p2a: Gholdengo|Make It Rain|p1a: Hawlucha
|-damage|p1a: Hawlucha|0 fnt
|-unboost|p2a: Gholdengo|spa|1
|faint|p1a: Hawlucha
|
|-heal|p2a: Gholdengo|51/100|[from] Grassy Terrain
|-fieldend|move: Grassy Terrain
|upkeep
|
|t:|1757918922
|switch|p1a: Volcanion|Volcanion|100/100
|-damage|p1a: Volcanion|76/100|[from] Stealth Rock
|-damage|p1a: Volcanion|51/100|[from] Spikes
|turn|22
|
|t:|1757918927
|switch|p2a: Hatterene|Hatterene, F|53/100
|move|p1a: Volcanion|Steam Eruption|p2a: Hatterene
|-damage|p2a: Hatterene|0 fnt
|faint|p2a: Hatterene
|
|upkeep
|
|t:|1757918934
|switch|p2a: Zamazenta|Zamazenta|42/100
|turn|23
|
|t:|1757918938
|move|p2a: Zamazenta|Body Press|p1a: Volcanion
|-damage|p1a: Volcanion|21/100
|move|p1a: Volcanion|Steam Eruption|p2a: Zamazenta
|-damage|p2a: Zamazenta|0 fnt
|faint|p2a: Zamazenta
|
|upkeep
|
|t:|1757918940
|switch|p2a: Gholdengo|Gholdengo|51/100
|turn|24
|
|t:|1757918944
|move|p2a: Gholdengo|Shadow Ball|p1a: Volcanion
|-damage|p1a: Volcanion|0 fnt
|faint|p1a: Volcanion
|
|upkeep
|
|t:|1757918947
|switch|p1a: Thundurus|Thundurus-Therian, M, tera:Flying|100/100
|-damage|p1a: Thundurus|76/100|[from] Stealth Rock
|turn|25
|
|t:|1757918952
|move|p1a: Thundurus|Tera Blast|p2a: Gholdengo|[anim] Tera Blast Flying
|-resisted|p2a: Gholdengo
|-damage|p2a: Gholdengo|9/100
|move|p2a: Gholdengo|Shadow Ball|p1a: Thundurus
|-damage|p1a: Thundurus|22/100
|
|upkeep
|turn|26
|
|t:|1757918959
|move|p1a: Thundurus|Tera Blast|p2a: Gholdengo|[anim] Tera Blast Flying
|-resisted|p2a: Gholdengo
|-crit|p2a: Gholdengo
|-damage|p2a: Gholdengo|0 fnt
|faint|p2a: Gholdengo
|
|win|mansonabuluting
|raw|mansonabuluting's rating: 1641 &rarr; <strong>1661</strong><br />(+20 for winning)
|raw|SittinGamer's rating: 1649 &rarr; <strong>1629</strong><br />(-20 for losing)
|l|☆SittinGamer
|player|p2|
|c|☆mansonabuluting|gg
|l|☆mansonabuluting
|player|p1|
