|j|☆animeprincess98
|j|☆Chuck2025
|t:|1757906850
|gametype|singles
|player|p1|animeprincess98|harlequin|1205
|player|p2|Chuck2025|266|1234
|gen|9
|tier|[Gen 9] OU
|rated|
|rule|HP Percentage Mod: HP is shown in percentages
|rule|Endless Battle Clause: Forcing endless battles is banned
|rule|Species Clause: Limit one of each Pokémon
|rule|OHKO Clause: OHKO moves are banned
|rule|Evasion Items Clause: Evasion items are banned
|rule|Evasion Moves Clause: Evasion moves are banned
|rule|Evasion Abilities Clause: Evasion abilities are banned
|rule|Sleep Moves Clause: Sleep-inducing moves are banned
|clearpoke
|poke|p1|Chesnaught, F|
|poke|p1|Araquanid, M|
|poke|p1|Rillaboom, F|
|poke|p1|Ditto|
|poke|p1|Iron Valiant|
|poke|p1|Iron Moth|
|poke|p2|Dragonite, M|
|poke|p2|Swampert, M|
|poke|p2|Snorlax, M|
|poke|p2|Iron Leaves|
|poke|p2|Iron Hands|
|poke|p2|Zamazenta-*|
|teampreview
|inactive|Battle timer is ON: inactive players will automatically lose when time's up. (requested by animeprincess98)
|
|t:|1757906861
|teamsize|p1|6
|teamsize|p2|6
|start
|switch|p1a: Araquanid|Araquanid, M|100/100
|switch|p2a: Snorlax|Snorlax, M, shiny|100/100
|turn|1
|
|t:|1757906890
|move|p1a: Araquanid|Reflect|p1a: Araquanid
|-sidestart|p1: animeprincess98|Reflect
|move|p2a: Snorlax|Thunderbolt|p1a: Araquanid
|-supereffective|p1a: Araquanid
|-damage|p1a: Araquanid|65/100
|
|upkeep
|turn|2
|
|t:|1757906896
|move|p1a: Araquanid|Sticky Web|p2a: Snorlax
|-sidestart|p2: Chuck2025|move: Sticky Web
|move|p2a: Snorlax|Thunderbolt|p1a: Araquanid
|-supereffective|p1a: Araquanid
|-damage|p1a: Araquanid|30/100
|
|upkeep
|turn|3
|
|t:|1757906902
|move|p1a: Araquanid|Endeavor|p2a: Snorlax
|-damage|p2a: Snorlax|20/100
|-damage|p1a: Araquanid|14/100|[from] item: Rocky Helmet|[of] p2a: Snorlax
|move|p2a: Snorlax|Thunderbolt|p1a: Araquanid
|-supereffective|p1a: Araquanid
|-damage|p1a: Araquanid|0 fnt
|faint|p1a: Araquanid
|
|upkeep
|
|t:|1757906916
|switch|p1a: Rillaboom|Rillaboom, F|100/100
|-fieldstart|move: Grassy Terrain|[from] ability: Grassy Surge|[of] p1a: Rillaboom
|turn|4
|
|t:|1757906920
|move|p1a: Rillaboom|U-turn|p2a: Snorlax
|-damage|p2a: Snorlax|0 fnt
|-damage|p1a: Rillaboom|84/100|[from] item: Rocky Helmet|[of] p2a: Snorlax
|faint|p2a: Snorlax
|
|t:|1757906923
|switch|p1a: Chesnaught|Chesnaught, F, shiny|100/100|[from] U-turn
|
|upkeep
|
|t:|1757906934
|switch|p2a: Iron Leaves|Iron Leaves|100/100
|turn|5
|
|t:|1757906938
|move|p2a: Iron Leaves|Psyblade|p1a: Chesnaught
|-supereffective|p1a: Chesnaught
|-damage|p1a: Chesnaught|71/100
|move|p1a: Chesnaught|Belly Drum|p1a: Chesnaught
|-damage|p1a: Chesnaught|21/100
|-setboost|p1a: Chesnaught|atk|6|[from] move: Belly Drum
|-enditem|p1a: Chesnaught|Sitrus Berry|[eat]
|-heal|p1a: Chesnaught|46/100|[from] item: Sitrus Berry
|
|-heal|p1a: Chesnaught|52/100|[from] Grassy Terrain
|-sideend|p1: animeprincess98|Reflect
|upkeep
|turn|6
|
|t:|1757906950
|-terastallize|p1a: Chesnaught|Grass
|move|p1a: Chesnaught|Grassy Glide|p2a: Iron Leaves
|-resisted|p2a: Iron Leaves
|-damage|p2a: Iron Leaves|0 fnt
|faint|p2a: Iron Leaves
|-end|p2a: Iron Leaves|Quark Drive|[silent]
|
|-heal|p1a: Chesnaught|58/100|[from] Grassy Terrain
|upkeep
|
|t:|1757906961
|switch|p2a: Dragonite|Dragonite, M|100/100
|turn|7
|
|t:|1757906977
|move|p2a: Dragonite|Extreme Speed|p1a: Chesnaught
|-damage|p1a: Chesnaught|35/100
|move|p1a: Chesnaught|Knock Off|p2a: Dragonite
|-damage|p2a: Dragonite|32/100
|-enditem|p2a: Dragonite|Heavy-Duty Boots|[from] move: Knock Off|[of] p1a: Chesnaught
|
|-heal|p1a: Chesnaught|41/100|[from] Grassy Terrain
|upkeep
|turn|8
|
|t:|1757906992
|move|p2a: Dragonite|Extreme Speed|p1a: Chesnaught
|-damage|p1a: Chesnaught|17/100
|move|p1a: Chesnaught|Grassy Glide|p2a: Dragonite
|-resisted|p2a: Dragonite
|-damage|p2a: Dragonite|0 fnt
|faint|p2a: Dragonite
|
|-heal|p1a: Chesnaught|23/100|[from] Grassy Terrain
|upkeep
|
|t:|1757907006
|switch|p2a: Iron Hands|Iron Hands, shiny|100/100
|-activate|p2a: Iron Hands|move: Sticky Web
|-unboost|p2a: Iron Hands|spe|1
|turn|9
|
|t:|1757907016
|move|p1a: Chesnaught|Grassy Glide|p2a: Iron Hands
|-damage|p2a: Iron Hands|0 fnt
|-damage|p1a: Chesnaught|7/100|[from] item: Rocky Helmet|[of] p2a: Iron Hands
|faint|p2a: Iron Hands
|-end|p2a: Iron Hands|Quark Drive|[silent]
|
|-heal|p1a: Chesnaught|13/100|[from] Grassy Terrain
|upkeep
|
|t:|1757907024
|switch|p2a: Zamazenta|Zamazenta|100/100
|-activate|p2a: Zamazenta|move: Sticky Web
|-unboost|p2a: Zamazenta|spe|1
|-ability|p2a: Zamazenta|Dauntless Shield|boost
|-boost|p2a: Zamazenta|def|1
|turn|10
|
|t:|1757907030
|move|p1a: Chesnaught|Grassy Glide|p2a: Zamazenta
|-damage|p2a: Zamazenta|0 fnt
|faint|p2a: Zamazenta
|
|-heal|p1a: Chesnaught|19/100|[from] Grassy Terrain
|upkeep
|c|☆animeprincess98|graaa
|c|☆Chuck2025|Damn that belly drum move was killer
|
|t:|1757907052
|switch|p2a: Swampert|Swampert, M|100/100
|turn|11
|c|☆animeprincess98|rub ma bellayyy
|
|t:|1757907056
|-terastallize|p2a: Swampert|Fairy
|move|p1a: Chesnaught|Grassy Glide|p2a: Swampert
|-damage|p2a: Swampert|0 fnt
|faint|p2a: Swampert
|
|win|animeprincess98
|raw|animeprincess98's rating: 1205 &rarr; <strong>1232</strong><br />(+27 for winning)
|raw|Chuck2025's rating: 1234 &rarr; <strong>1207</strong><br />(-27 for losing)
