|j|☆jtyjyuyu
|j|☆XTjTnr6CBaDL8Qzy
|t:|1757953269
|gametype|singles
|player|p1|jtyjyuyu|101|1000
|player|p2|XTjTnr6CBaDL8Qzy|265|1000
|gen|9
|tier|[Gen 9] OU
|rated|
|rule|HP Percentage Mod: HP is shown in percentages
|rule|Endless Battle Clause: Forcing endless battles is banned
|rule|Species Clause: Limit one of each Pokémon
|rule|OHKO Clause: OHKO moves are banned
|rule|Evasion Items Clause: Evasion items are banned
|rule|Evasion Moves Clause: Evasion moves are banned
|rule|Evasion Abilities Clause: Evasion abilities are banned
|rule|Sleep Moves Clause: Sleep-inducing moves are banned
|clearpoke
|poke|p1|Ninetales, M|
|poke|p1|Leafeon, F|
|poke|p1|Mismagius, M|
|poke|p1|Milotic, F|
|poke|p1|Gardevoir, F|
|poke|p1|Altaria, F|
|poke|p2|Iron Crown|
|poke|p2|Meowscarada, M|
|poke|p2|Great Tusk|
|poke|p2|Pecharunt|
|poke|p2|Ting-Lu|
|poke|p2|Iron Valiant|
|teampreview
|inactive|Battle timer is ON: inactive players will automatically lose when time's up. (requested by XTjTnr6CBaDL8Qzy)
|
|t:|1757953277
|teamsize|p1|6
|teamsize|p2|6
|start
|switch|p1a: Ninetales|Ninetales, M|100/100
|switch|p2a: Great Tusk|Great Tusk|100/100
|-weather|SunnyDay|[from] ability: Drought|[of] p1a: Ninetales
|-activate|p2a: Great Tusk|ability: Protosynthesis
|-start|p2a: Great Tusk|protosynthesisspe
|turn|1
|
|t:|1757953289
|-terastallize|p1a: Ninetales|Grass
|move|p2a: Great Tusk|Headlong Rush|p1a: Ninetales
|-resisted|p1a: Ninetales
|-damage|p1a: Ninetales|63/100
|-unboost|p2a: Great Tusk|def|1
|-unboost|p2a: Great Tusk|spd|1
|move|p1a: Ninetales|Solar Beam||[still]
|-prepare|p1a: Ninetales|Solar Beam
|-anim|p1a: Ninetales|Solar Beam|p2a: Great Tusk
|-supereffective|p2a: Great Tusk
|-damage|p2a: Great Tusk|0 fnt
|faint|p2a: Great Tusk
|-end|p2a: Great Tusk|Protosynthesis|[silent]
|
|-weather|SunnyDay|[upkeep]
|-heal|p1a: Ninetales|69/100|[from] item: Leftovers
|upkeep
|
|t:|1757953296
|switch|p2a: Meowscarada|Meowscarada, M|100/100
|turn|2
|
|t:|1757953303
|move|p2a: Meowscarada|U-turn|p1a: Ninetales
|-start|p2a: Meowscarada|typechange|Bug|[from] ability: Protean
|-supereffective|p1a: Ninetales
|-damage|p1a: Ninetales|0 fnt
|faint|p1a: Ninetales
|
|t:|1757953307
|switch|p2a: Iron Crown|Iron Crown|100/100|[from] U-turn
|
|-weather|SunnyDay|[upkeep]
|upkeep
|
|t:|1757953311
|switch|p1a: Mismagius|Mismagius, M|100/100
|turn|3
|
|t:|1757953315
|move|p1a: Mismagius|Mystical Fire|p2a: Iron Crown
|-supereffective|p2a: Iron Crown
|-damage|p2a: Iron Crown|28/100
|-unboost|p2a: Iron Crown|spa|1
|move|p2a: Iron Crown|Tachyon Cutter|p1a: Mismagius
|-damage|p1a: Mismagius|71/100
|-crit|p1a: Mismagius
|-damage|p1a: Mismagius|0 fnt
|faint|p1a: Mismagius
|-hitcount|p1: Mismagius|2
|
|-weather|SunnyDay|[upkeep]
|upkeep
|
|t:|1757953324
|switch|p1a: Gardevoir|Gardevoir, F|100/100
|turn|4
|
|t:|1757953327
|move|p2a: Iron Crown|Tachyon Cutter|p1a: Gardevoir
|-supereffective|p1a: Gardevoir
|-damage|p1a: Gardevoir|41/100
|-supereffective|p1a: Gardevoir
|-damage|p1a: Gardevoir|0 fnt
|faint|p1a: Gardevoir
|-hitcount|p1: Gardevoir|2
|
|-weather|SunnyDay|[upkeep]
|upkeep
|
|t:|1757953340
|switch|p1a: Altaria|Altaria, F|100/100
|turn|5
|
|t:|1757953344
|move|p2a: Iron Crown|Tachyon Cutter|p1a: Altaria
|-damage|p1a: Altaria|71/100
|-damage|p1a: Altaria|44/100
|-hitcount|p1a: Altaria|2
|move|p1a: Altaria|Earthquake|p2a: Iron Crown
|-supereffective|p2a: Iron Crown
|-damage|p2a: Iron Crown|0 fnt
|faint|p2a: Iron Crown
|-end|p2a: Iron Crown|Quark Drive|[silent]
|
|-weather|none
|-heal|p1a: Altaria|50/100|[from] item: Leftovers
|upkeep
|
|t:|1757953351
|switch|p2a: Iron Valiant|Iron Valiant|100/100
|-enditem|p2a: Iron Valiant|Booster Energy
|-activate|p2a: Iron Valiant|ability: Quark Drive|[fromitem]
|-start|p2a: Iron Valiant|quarkdrivespe
|turn|6
|
|t:|1757953358
|switch|p1a: Milotic|Milotic, F|100/100
|move|p2a: Iron Valiant|Moonblast|p1a: Milotic
|-damage|p1a: Milotic|62/100
|
|-heal|p1a: Milotic|68/100|[from] item: Leftovers
|upkeep
|turn|7
|
|t:|1757953366
|move|p2a: Iron Valiant|Knock Off|p1a: Milotic
|-damage|p1a: Milotic|35/100
|-enditem|p1a: Milotic|Leftovers|[from] move: Knock Off|[of] p2a: Iron Valiant
|move|p1a: Milotic|Ice Beam|p2a: Iron Valiant
|-damage|p2a: Iron Valiant|47/100
|
|upkeep
|turn|8
|
|t:|1757953373
|move|p2a: Iron Valiant|Moonblast|p1a: Milotic
|-damage|p1a: Milotic|0 fnt
|faint|p1a: Milotic
|
|upkeep
|
|t:|1757953377
|switch|p1a: Leafeon|Leafeon, F|100/100
|turn|9
|
|t:|1757953391
|move|p2a: Iron Valiant|Moonblast|p1a: Leafeon
|-damage|p1a: Leafeon|12/100
|-unboost|p1a: Leafeon|spa|1
|move|p1a: Leafeon|Leaf Blade|p2a: Iron Valiant
|-damage|p2a: Iron Valiant|0 fnt
|faint|p2a: Iron Valiant
|-end|p2a: Iron Valiant|Quark Drive|[silent]
|
|-heal|p1a: Leafeon|17/100|[from] item: Leftovers
|upkeep
|
|t:|1757953395
|switch|p2a: Meowscarada|Meowscarada, M|100/100
|turn|10
|
|t:|1757953403
|move|p2a: Meowscarada|U-turn|p1a: Leafeon
|-start|p2a: Meowscarada|typechange|Bug|[from] ability: Protean
|-supereffective|p1a: Leafeon
|-damage|p1a: Leafeon|0 fnt
|faint|p1a: Leafeon
|
|t:|1757953406
|switch|p2a: Pecharunt|Pecharunt|100/100|[from] U-turn
|
|upkeep
|
|t:|1757953411
|switch|p1a: Altaria|Altaria, F|50/100
|turn|11
|
|t:|1757953415
|move|p1a: Altaria|Sky Attack||[still]
|-prepare|p1a: Altaria|Sky Attack
|move|p2a: Pecharunt|Malignant Chain|p1a: Altaria
|-damage|p1a: Altaria|14/100
|
|-heal|p1a: Altaria|20/100|[from] item: Leftovers
|upkeep
|turn|12
|
|t:|1757953422
|move|p1a: Altaria|Sky Attack|p2a: Pecharunt|[from] lockedmove
|-damage|p2a: Pecharunt|75/100
|move|p2a: Pecharunt|Malignant Chain|p1a: Altaria
|-damage|p1a: Altaria|0 fnt
|faint|p1a: Altaria
|
|win|XTjTnr6CBaDL8Qzy
|raw|jtyjyuyu's rating: 1000 &rarr; <strong>1000</strong><br />(+0 for losing)
|raw|XTjTnr6CBaDL8Qzy's rating: 1000 &rarr; <strong>1040</strong><br />(+40 for winning)
