|j|☆carloss prates
|j|☆daodanguitest
|t:|1757861799
|gametype|singles
|player|p1|carloss prates|bruno|1508
|player|p2|daodanguitest|roughneck|1563
|gen|9
|tier|[Gen 9] OU
|rated|
|rule|HP Percentage Mod: HP is shown in percentages
|rule|Endless Battle Clause: Forcing endless battles is banned
|rule|Species Clause: Limit one of each Pokémon
|rule|OHKO Clause: OHKO moves are banned
|rule|Evasion Items Clause: Evasion items are banned
|rule|Evasion Moves Clause: Evasion moves are banned
|rule|Evasion Abilities Clause: Evasion abilities are banned
|rule|Sleep Moves Clause: Sleep-inducing moves are banned
|clearpoke
|poke|p1|Landorus-Therian, M|
|poke|p1|Samurott-Hisui, F|
|poke|p1|Pecharunt|
|poke|p1|Scizor, F|
|poke|p1|Latios, M|
|poke|p1|Zamazenta-*|
|poke|p2|Clodsire, M|
|poke|p2|Mandibuzz, F|
|poke|p2|Alomomola, F|
|poke|p2|Gholdengo|
|poke|p2|Goodra-Hisui, F|
|poke|p2|Cinderace, F|
|teampreview
|j| Nikator98
|l| Nikator98
|
|t:|1757861816
|teamsize|p1|6
|teamsize|p2|6
|start
|switch|p1a: Samurott|Samurott-Hisui, F|100/100
|switch|p2a: Cinderace|Cinderace, F|100/100
|turn|1
|
|t:|1757861824
|switch|p2a: Alomomola|Alomomola, F|100/100
|switch|p1a: Landorus|Landorus-Therian, M|100/100
|-ability|p1a: Landorus|Intimidate|boost
|-unboost|p2a: Alomomola|atk|1
|
|upkeep
|turn|2
|
|t:|1757861828
|move|p1a: Landorus|Stealth Rock|p2a: Alomomola
|-sidestart|p2: daodanguitest|move: Stealth Rock
|move|p2a: Alomomola|Flip Turn|p1a: Landorus
|-supereffective|p1a: Landorus
|-damage|p1a: Landorus|77/100
|-damage|p2a: Alomomola|84/100|[from] item: Rocky Helmet|[of] p1a: Landorus
|
|t:|1757861833
|switch|p2a: Cinderace|Cinderace, F|100/100|[from] Flip Turn
|
|upkeep
|turn|3
|
|t:|1757861835
|switch|p2a: Alomomola|Alomomola, F|100/100
|-damage|p2a: Alomomola|88/100|[from] Stealth Rock
|move|p1a: Landorus|Earthquake|p2a: Alomomola
|-damage|p2a: Alomomola|62/100
|
|upkeep
|turn|4
|
|t:|1757861841
|move|p1a: Landorus|Earthquake|p2a: Alomomola
|-damage|p2a: Alomomola|35/100
|move|p2a: Alomomola|Flip Turn|p1a: Landorus
|-supereffective|p1a: Landorus
|-damage|p1a: Landorus|45/100
|-damage|p2a: Alomomola|18/100|[from] item: Rocky Helmet|[of] p1a: Landorus
|
|t:|1757861848
|switch|p2a: Cinderace|Cinderace, F|100/100|[from] Flip Turn
|
|upkeep
|turn|5
|
|t:|1757861857
|move|p2a: Cinderace|Court Change|p2a: Cinderace
|-start|p2a: Cinderace|typechange|Normal|[from] ability: Libero
|-swapsideconditions
|-activate|p2a: Cinderace|move: Court Change
|move|p1a: Landorus|Earthquake|p2a: Cinderace
|-damage|p2a: Cinderace|46/100
|
|upkeep
|turn|6
|
|t:|1757861865
|move|p2a: Cinderace|Will-O-Wisp|p1a: Landorus
|-status|p1a: Landorus|brn
|move|p1a: Landorus|Stealth Rock|p2a: Cinderace
|-sidestart|p2: daodanguitest|move: Stealth Rock
|
|-damage|p1a: Landorus|39/100 brn|[from] brn
|upkeep
|turn|7
|
|t:|1757861871
|switch|p2a: Alomomola|Alomomola, F|51/100
|-damage|p2a: Alomomola|39/100|[from] Stealth Rock
|move|p1a: Landorus|U-turn|p2a: Alomomola
|-damage|p2a: Alomomola|33/100
|-damage|p1a: Landorus|23/100 brn|[from] item: Rocky Helmet|[of] p2a: Alomomola
|
|t:|1757861875
|switch|p1a: Samurott|Samurott-Hisui, F|100/100|[from] U-turn
|-damage|p1a: Samurott|88/100|[from] Stealth Rock
|
|upkeep
|turn|8
|
|t:|1757861884
|move|p2a: Alomomola|Protect|p2a: Alomomola
|-singleturn|p2a: Alomomola|Protect
|move|p1a: Samurott|Ceaseless Edge|p2a: Alomomola
|-activate|p2a: Alomomola|move: Protect
|
|upkeep
|turn|9
|
|t:|1757861889
|move|p1a: Samurott|Knock Off|p2a: Alomomola
|-damage|p2a: Alomomola|5/100
|-damage|p1a: Samurott|72/100|[from] item: Rocky Helmet|[of] p2a: Alomomola
|-enditem|p2a: Alomomola|Rocky Helmet|[from] move: Knock Off|[of] p1a: Samurott
|move|p2a: Alomomola|Wish|p2a: Alomomola
|
|upkeep
|turn|10
|
|t:|1757861902
|switch|p1a: Latios|Latios, M|100/100
|-damage|p1a: Latios|88/100|[from] Stealth Rock
|move|p2a: Alomomola|Protect||[still]
|-fail|p2a: Alomomola
|
|-heal|p2a: Alomomola|55/100|[from] move: Wish|[wisher] Alomomola
|upkeep
|turn|11
|
|t:|1757861908
|switch|p2a: Gholdengo|Gholdengo|100/100
|-damage|p2a: Gholdengo|94/100|[from] Stealth Rock
|move|p1a: Latios|Psychic Noise|p2a: Gholdengo
|-resisted|p2a: Gholdengo
|-damage|p2a: Gholdengo|70/100
|-start|p2a: Gholdengo|move: Heal Block
|
|upkeep
|turn|12
|
|t:|1757861916
|switch|p1a: Landorus|Landorus-Therian, M|23/100 brn
|-damage|p1a: Landorus|10/100 brn|[from] Stealth Rock
|-ability|p1a: Landorus|Intimidate|boost
|-unboost|p2a: Gholdengo|atk|1
|move|p2a: Gholdengo|Make It Rain|p1a: Landorus
|-damage|p1a: Landorus|0 fnt
|-unboost|p2a: Gholdengo|spa|1
|faint|p1a: Landorus
|
|-end|p2a: Gholdengo|move: Heal Block
|upkeep
|
|t:|1757861918
|switch|p1a: Samurott|Samurott-Hisui, F|72/100
|-damage|p1a: Samurott|59/100|[from] Stealth Rock
|turn|13
|
|t:|1757861920
|switch|p2a: Alomomola|Alomomola, F|89/100
|-damage|p2a: Alomomola|76/100|[from] Stealth Rock
|move|p1a: Samurott|Ceaseless Edge|p2a: Alomomola
|-damage|p2a: Alomomola|52/100
|-sidestart|p2: daodanguitest|Spikes
|
|upkeep
|turn|14
|
|t:|1757861929
|move|p1a: Samurott|Ceaseless Edge|p2a: Alomomola
|-damage|p2a: Alomomola|29/100
|-sidestart|p2: daodanguitest|Spikes
|move|p2a: Alomomola|Wish|p2a: Alomomola
|
|upkeep
|turn|15
|
|t:|1757861937
|switch|p1a: Latios|Latios, M|88/100
|-damage|p1a: Latios|76/100|[from] Stealth Rock
|move|p2a: Alomomola|Protect||[still]
|-fail|p2a: Alomomola
|
|-heal|p2a: Alomomola|79/100|[from] move: Wish|[wisher] Alomomola
|upkeep
|turn|16
|
|t:|1757861943
|move|p2a: Alomomola|Protect|p2a: Alomomola
|-singleturn|p2a: Alomomola|Protect
|move|p1a: Latios|Draco Meteor|p2a: Alomomola
|-activate|p2a: Alomomola|move: Protect
|
|upkeep
|turn|17
|
|t:|1757861953
|-terastallize|p2a: Alomomola|Fairy
|move|p1a: Latios|Draco Meteor|p2a: Alomomola
|-immune|p2a: Alomomola
|move|p2a: Alomomola|Play Rough|p1a: Latios
|-supereffective|p1a: Latios
|-damage|p1a: Latios|13/100
|
|upkeep
|turn|18
|
|t:|1757861962
|move|p1a: Latios|Recover|p1a: Latios
|-heal|p1a: Latios|64/100
|move|p2a: Alomomola|Wish|p2a: Alomomola
|
|upkeep
|turn|19
|
|t:|1757861972
|switch|p1a: Scizor|Scizor, F|100/100
|switch|p2a: Mandibuzz|Mandibuzz, F|100/100
|-damage|p2a: Mandibuzz|76/100|[from] Stealth Rock
|
|-heal|p2a: Mandibuzz|100/100|[from] move: Wish|[wisher] Alomomola
|upkeep
|turn|20
|
|t:|1757861975
|move|p1a: Scizor|Swords Dance|p1a: Scizor
|-boost|p1a: Scizor|atk|2
|move|p2a: Mandibuzz|Knock Off|p1a: Scizor
|-damage|p1a: Scizor|72/100
|-enditem|p1a: Scizor|Heavy-Duty Boots|[from] move: Knock Off|[of] p2a: Mandibuzz
|
|upkeep
|turn|21
|
|t:|1757861983
|switch|p2a: Clodsire|Clodsire, M|100/100
|-damage|p2a: Clodsire|94/100|[from] Stealth Rock
|-damage|p2a: Clodsire|78/100|[from] Spikes
|move|p1a: Scizor|Knock Off|p2a: Clodsire
|-damage|p2a: Clodsire|51/100
|-enditem|p2a: Clodsire|Leftovers|[from] move: Knock Off|[of] p1a: Scizor
|
|upkeep
|turn|22
|
|t:|1757861990
|switch|p1a: Samurott|Samurott-Hisui, F|59/100
|-damage|p1a: Samurott|47/100|[from] Stealth Rock
|move|p2a: Clodsire|Recover|p2a: Clodsire
|-heal|p2a: Clodsire|100/100
|
|upkeep
|turn|23
|
|t:|1757861999
|switch|p2a: Alomomola|Alomomola, F, tera:Fairy|100/100
|-damage|p2a: Alomomola|88/100|[from] Stealth Rock
|-damage|p2a: Alomomola|71/100|[from] Spikes
|move|p1a: Samurott|Razor Shell|p2a: Alomomola
|-damage|p2a: Alomomola|42/100
|-unboost|p2a: Alomomola|def|1
|
|upkeep
|turn|24
|
|t:|1757862011
|move|p1a: Samurott|Razor Shell|p2a: Alomomola
|-damage|p2a: Alomomola|0 fnt
|faint|p2a: Alomomola
|
|upkeep
|
|t:|1757862016
|switch|p2a: Cinderace|Cinderace, F|46/100
|turn|25
|
|t:|1757862020
|move|p2a: Cinderace|U-turn|p1a: Samurott
|-start|p2a: Cinderace|typechange|Bug|[from] ability: Libero
|-supereffective|p1a: Samurott
|-damage|p1a: Samurott|0 fnt
|faint|p1a: Samurott
|
|t:|1757862028
|switch|p2a: Mandibuzz|Mandibuzz, F|100/100|[from] U-turn
|-damage|p2a: Mandibuzz|76/100|[from] Stealth Rock
|
|upkeep
|
|t:|1757862062
|switch|p1a: Scizor|Scizor, F|72/100
|-damage|p1a: Scizor|59/100|[from] Stealth Rock
|turn|26
|
|t:|1757862068
|move|p1a: Scizor|Swords Dance|p1a: Scizor
|-boost|p1a: Scizor|atk|2
|move|p2a: Mandibuzz|Defog|p1a: Scizor
|-unboost|p1a: Scizor|evasion|1
|-sideend|p1: carloss prates|Stealth Rock|[from] move: Defog|[of] p2a: Mandibuzz
|-sideend|p2: daodanguitest|Spikes|[from] move: Defog|[of] p2a: Mandibuzz
|-sideend|p2: daodanguitest|Stealth Rock|[from] move: Defog|[of] p2a: Mandibuzz
|
|upkeep
|turn|27
|
|t:|1757862072
|switch|p1a: Latios|Latios, M|64/100
|switch|p2a: Clodsire|Clodsire, M|100/100
|
|upkeep
|turn|28
|
|t:|1757862077
|switch|p2a: Gholdengo|Gholdengo|70/100
|move|p1a: Latios|Calm Mind|p1a: Latios
|-boost|p1a: Latios|spa|1
|-boost|p1a: Latios|spd|1
|
|upkeep
|turn|29
|
|t:|1757862096
|switch|p1a: Pecharunt|Pecharunt|100/100
|move|p2a: Gholdengo|Shadow Ball|p1a: Pecharunt
|-supereffective|p1a: Pecharunt
|-damage|p1a: Pecharunt|0 fnt
|faint|p1a: Pecharunt
|
|upkeep
|
|t:|1757862099
|switch|p1a: Scizor|Scizor, F|59/100
|turn|30
|
|t:|1757862106
|switch|p1a: Latios|Latios, M|64/100
|switch|p2a: Clodsire|Clodsire, M|100/100
|
|upkeep
|turn|31
|
|t:|1757862112
|switch|p2a: Gholdengo|Gholdengo|70/100
|move|p1a: Latios|Psychic Noise|p2a: Gholdengo
|-resisted|p2a: Gholdengo
|-damage|p2a: Gholdengo|46/100
|-start|p2a: Gholdengo|move: Heal Block
|
|upkeep
|turn|32
|
|t:|1757862118
|switch|p1a: Zamazenta|Zamazenta|100/100
|-ability|p1a: Zamazenta|Dauntless Shield|boost
|-boost|p1a: Zamazenta|def|1
|move|p2a: Gholdengo|Shadow Ball|p1a: Zamazenta
|-damage|p1a: Zamazenta|43/100
|
|-heal|p1a: Zamazenta|49/100|[from] item: Leftovers
|-end|p2a: Gholdengo|move: Heal Block
|upkeep
|turn|33
|
|t:|1757862123
|switch|p2a: Clodsire|Clodsire, M|100/100
|move|p1a: Zamazenta|Crunch|p2a: Clodsire
|-damage|p2a: Clodsire|85/100
|
|-heal|p1a: Zamazenta|55/100|[from] item: Leftovers
|upkeep
|turn|34
|
|t:|1757862127
|move|p2a: Clodsire|Toxic|p1a: Zamazenta
|-status|p1a: Zamazenta|tox
|move|p1a: Zamazenta|Roar|p2a: Clodsire
|drag|p2a: Cinderace|Cinderace, F|46/100
|
|-heal|p1a: Zamazenta|61/100 tox|[from] item: Leftovers
|-damage|p1a: Zamazenta|55/100 tox|[from] psn
|upkeep
|turn|35
|
|t:|1757862134
|switch|p2a: Clodsire|Clodsire, M|85/100
|move|p1a: Zamazenta|Body Press|p2a: Clodsire
|-resisted|p2a: Clodsire
|-damage|p2a: Clodsire|70/100
|
|-heal|p1a: Zamazenta|61/100 tox|[from] item: Leftovers
|-damage|p1a: Zamazenta|49/100 tox|[from] psn
|upkeep
|turn|36
|
|t:|1757862140
|switch|p1a: Latios|Latios, M|64/100
|move|p2a: Clodsire|Recover|p2a: Clodsire
|-heal|p2a: Clodsire|100/100
|
|upkeep
|turn|37
|
|t:|1757862151
|switch|p1a: Zamazenta|Zamazenta|49/100 tox
|switch|p2a: Mandibuzz|Mandibuzz, F|76/100
|
|-heal|p1a: Zamazenta|55/100 tox|[from] item: Leftovers
|-damage|p1a: Zamazenta|49/100 tox|[from] psn
|upkeep
|turn|38
|
|t:|1757862156
|move|p1a: Zamazenta|Body Press|p2a: Mandibuzz
|-damage|p2a: Mandibuzz|47/100
|move|p2a: Mandibuzz|Roost|p2a: Mandibuzz
|-heal|p2a: Mandibuzz|97/100
|-singleturn|p2a: Mandibuzz|move: Roost
|
|-heal|p1a: Zamazenta|55/100 tox|[from] item: Leftovers
|-damage|p1a: Zamazenta|43/100 tox|[from] psn
|upkeep
|turn|39
|
|t:|1757862159
|switch|p2a: Clodsire|Clodsire, M|100/100
|move|p1a: Zamazenta|Body Press|p2a: Clodsire
|-resisted|p2a: Clodsire
|-damage|p2a: Clodsire|87/100
|
|-heal|p1a: Zamazenta|49/100 tox|[from] item: Leftovers
|-damage|p1a: Zamazenta|30/100 tox|[from] psn
|upkeep
|turn|40
|
|t:|1757862162
|move|p1a: Zamazenta|Crunch|p2a: Clodsire
|-crit|p2a: Clodsire
|-damage|p2a: Clodsire|65/100
|move|p2a: Clodsire|Toxic|p1a: Zamazenta
|-fail|p1a: Zamazenta|tox
|
|-heal|p1a: Zamazenta|37/100 tox|[from] item: Leftovers
|-damage|p1a: Zamazenta|12/100 tox|[from] psn
|upkeep
|turn|41
|
|t:|1757862165
|move|p1a: Zamazenta|Crunch|p2a: Clodsire
|-damage|p2a: Clodsire|50/100
|move|p2a: Clodsire|Recover|p2a: Clodsire
|-heal|p2a: Clodsire|99/100
|
|-heal|p1a: Zamazenta|18/100 tox|[from] item: Leftovers
|-damage|p1a: Zamazenta|0 fnt|[from] psn
|faint|p1a: Zamazenta
|upkeep
|
|t:|1757862167
|switch|p1a: Latios|Latios, M|64/100
|turn|42
|
|t:|1757862171
|switch|p2a: Mandibuzz|Mandibuzz, F|97/100
|move|p1a: Latios|Calm Mind|p1a: Latios
|-boost|p1a: Latios|spa|1
|-boost|p1a: Latios|spd|1
|
|upkeep
|turn|43
|
|t:|1757862176
|-terastallize|p1a: Latios|Steel
|move|p1a: Latios|Calm Mind|p1a: Latios
|-boost|p1a: Latios|spa|1
|-boost|p1a: Latios|spd|1
|move|p2a: Mandibuzz|Toxic|p1a: Latios
|-immune|p1a: Latios
|
|upkeep
|turn|44
|
|t:|1757862194
|move|p1a: Latios|Recover|p1a: Latios
|-heal|p1a: Latios|100/100
|move|p2a: Mandibuzz|Knock Off|p1a: Latios
|-damage|p1a: Latios|68/100
|-enditem|p1a: Latios|Soul Dew|[from] move: Knock Off|[of] p2a: Mandibuzz
|
|upkeep
|turn|45
|
|t:|1757862203
|switch|p2a: Goodra|Goodra-Hisui, F|100/100
|move|p1a: Latios|Calm Mind|p1a: Latios
|-boost|p1a: Latios|spa|1
|-boost|p1a: Latios|spd|1
|
|upkeep
|turn|46
|
|t:|1757862206
|move|p1a: Latios|Draco Meteor|p2a: Goodra
|-damage|p2a: Goodra|1/100
|-unboost|p1a: Latios|spa|2
|move|p2a: Goodra|Fire Blast|p1a: Latios
|-supereffective|p1a: Latios
|-damage|p1a: Latios|42/100
|
|-heal|p2a: Goodra|7/100|[from] item: Leftovers
|upkeep
|turn|47
|
|t:|1757862212
|switch|p2a: Gholdengo|Gholdengo|46/100
|move|p1a: Latios|Recover|p1a: Latios
|-heal|p1a: Latios|92/100
|
|upkeep
|turn|48
|
|t:|1757862228
|move|p1a: Latios|Psychic Noise|p2a: Gholdengo
|-resisted|p2a: Gholdengo
|-damage|p2a: Gholdengo|18/100
|-start|p2a: Gholdengo|move: Heal Block
|move|p2a: Gholdengo|Psyshock|p1a: Latios
|-resisted|p1a: Latios
|-damage|p1a: Latios|59/100
|
|upkeep
|turn|49
|
|t:|1757862239
|move|p1a: Latios|Psychic Noise|p2a: Gholdengo
|-resisted|p2a: Gholdengo
|-crit|p2a: Gholdengo
|-damage|p2a: Gholdengo|0 fnt
|faint|p2a: Gholdengo
|
|upkeep
|
|t:|1757862241
|switch|p2a: Cinderace|Cinderace, F|46/100
|turn|50
|
|t:|1757862244
|switch|p2a: Goodra|Goodra-Hisui, F|7/100
|move|p1a: Latios|Psychic Noise|p2a: Goodra
|-resisted|p2a: Goodra
|-damage|p2a: Goodra|0 fnt
|faint|p2a: Goodra
|
|upkeep
|
|t:|1757862246
|switch|p2a: Cinderace|Cinderace, F|46/100
|turn|51
|
|t:|1757862252
|move|p1a: Latios|Psychic Noise|p2a: Cinderace
|-damage|p2a: Cinderace|0 fnt
|faint|p2a: Cinderace
|
|upkeep
|-message|daodanguitest forfeited.
|
|win|carloss prates
|raw|carloss prates's rating: 1508 &rarr; <strong>1531</strong><br />(+23 for winning)
|raw|daodanguitest's rating: 1563 &rarr; <strong>1540</strong><br />(-23 for losing)
|l|☆daodanguitest
|player|p2|
|l|☆carloss prates
|player|p1|
