|j|☆Chuck2025
|j|☆nuonuozi
|t:|1757923313
|gametype|singles
|player|p1|Chuck2025|dawn|1243
|player|p2|nuonuozi|lass-gen4dp|1197
|gen|9
|tier|[Gen 9] OU
|rated|
|rule|HP Percentage Mod: HP is shown in percentages
|rule|Endless Battle Clause: Forcing endless battles is banned
|rule|Species Clause: Limit one of each Pokémon
|rule|OHKO Clause: OHKO moves are banned
|rule|Evasion Items Clause: Evasion items are banned
|rule|Evasion Moves Clause: Evasion moves are banned
|rule|Evasion Abilities Clause: Evasion abilities are banned
|rule|Sleep Moves Clause: Sleep-inducing moves are banned
|clearpoke
|poke|p1|Dragonite, M|
|poke|p1|Swampert, F|
|poke|p1|Snorlax, F|
|poke|p1|Iron Hands|
|poke|p1|Zamazenta-*|
|poke|p1|Zapdos|
|poke|p2|Greninja-*, M|
|poke|p2|Gliscor, F|
|poke|p2|Gholdengo|
|poke|p2|Kyurem|
|poke|p2|Iron Valiant|
|poke|p2|Blaziken, F|
|teampreview
|
|t:|1757923322
|teamsize|p1|6
|teamsize|p2|6
|start
|switch|p1a: Swampert|Swampert, F|100/100
|switch|p2a: 土地蝎|Gliscor, F|100/100
|turn|1
|inactive|Battle timer is ON: inactive players will automatically lose when time's up. (requested by Chuck2025)
|
|t:|1757923328
|move|p2a: 土地蝎|Protect|p2a: 土地蝎
|-singleturn|p2a: 土地蝎|Protect
|move|p1a: Swampert|Ice Punch|p2a: 土地蝎
|-activate|p2a: 土地蝎|move: Protect
|
|-status|p2a: 土地蝎|tox|[from] item: Toxic Orb
|upkeep
|turn|2
|
|t:|1757923337
|switch|p2a: 金色圆柱体|Gholdengo, shiny|100/100
|move|p1a: Swampert|Ice Punch|p2a: 金色圆柱体
|-resisted|p2a: 金色圆柱体
|-damage|p2a: 金色圆柱体|88/100
|
|-heal|p2a: 金色圆柱体|94/100|[from] item: Leftovers
|upkeep
|turn|3
|
|t:|1757923348
|move|p2a: 金色圆柱体|Shadow Ball|p1a: Swampert
|-damage|p1a: Swampert|60/100
|move|p1a: Swampert|Earthquake|p2a: 金色圆柱体
|-supereffective|p2a: 金色圆柱体
|-damage|p2a: 金色圆柱体|0 fnt
|faint|p2a: 金色圆柱体
|
|upkeep
|
|t:|1757923368
|switch|p2a: 沙奈朵|Iron Valiant|100/100
|-enditem|p2a: 沙奈朵|Booster Energy
|-activate|p2a: 沙奈朵|ability: Quark Drive|[fromitem]
|-start|p2a: 沙奈朵|quarkdrivespe
|turn|4
|
|t:|1757923375
|move|p2a: 沙奈朵|Energy Ball|p1a: Swampert
|-supereffective|p1a: Swampert
|-damage|p1a: Swampert|0 fnt
|faint|p1a: Swampert
|
|upkeep
|
|t:|1757923381
|switch|p1a: Zapdos|Zapdos|100/100
|turn|5
|
|t:|1757923394
|-end|p2a: 沙奈朵|Quark Drive|[silent]
|switch|p2a: 蕾姆|Kyurem, shiny|100/100
|-ability|p2a: 蕾姆|Pressure
|move|p1a: Zapdos|Brave Bird|p2a: 蕾姆
|-damage|p2a: 蕾姆|64/100
|-damage|p1a: Zapdos|88/100|[from] Recoil
|
|upkeep
|turn|6
|
|t:|1757923407
|move|p2a: 蕾姆|Dragon Dance|p2a: 蕾姆
|-boost|p2a: 蕾姆|atk|1
|-boost|p2a: 蕾姆|spe|1
|move|p1a: Zapdos|Volt Switch|p2a: 蕾姆
|-resisted|p2a: 蕾姆
|-damage|p2a: 蕾姆|45/100
|
|t:|1757923414
|switch|p1a: Dragonite|Dragonite, M|100/100|[from] Volt Switch
|
|upkeep
|turn|7
|
|t:|1757923419
|-terastallize|p1a: Dragonite|Fairy
|move|p2a: 蕾姆|Icicle Spear|p1a: Dragonite
|-damage|p1a: Dragonite|88/100
|-damage|p1a: Dragonite|64/100
|-damage|p1a: Dragonite|40/100
|-damage|p1a: Dragonite|18/100
|-damage|p1a: Dragonite|0 fnt
|faint|p1a: Dragonite
|-hitcount|p1: Dragonite|5
|
|upkeep
|
|t:|1757923434
|switch|p1a: Iron Hands|Iron Hands, shiny|100/100
|turn|8
|
|t:|1757923439
|move|p2a: 蕾姆|Scale Shot|p1a: Iron Hands
|-damage|p1a: Iron Hands|86/100
|-damage|p1a: Iron Hands|73/100
|-crit|p1a: Iron Hands
|-damage|p1a: Iron Hands|52/100
|-damage|p1a: Iron Hands|39/100
|-damage|p1a: Iron Hands|26/100
|-hitcount|p1a: Iron Hands|5
|-unboost|p2a: 蕾姆|def|1
|-boost|p2a: 蕾姆|spe|1
|move|p1a: Iron Hands|Drain Punch|p2a: 蕾姆
|-supereffective|p2a: 蕾姆
|-crit|p2a: 蕾姆
|-damage|p2a: 蕾姆|0 fnt
|-heal|p1a: Iron Hands|43/100|[from] drain|[of] p2a: 蕾姆
|faint|p2a: 蕾姆
|
|upkeep
|
|t:|1757923467
|switch|p2a: 土地蝎|Gliscor, F|100/100 tox
|turn|9
|
|t:|1757923470
|-end|p1a: Iron Hands|Quark Drive|[silent]
|switch|p1a: Snorlax|Snorlax, F, shiny|100/100
|move|p2a: 土地蝎|Earthquake|p1a: Snorlax
|-damage|p1a: Snorlax|59/100
|
|upkeep
|turn|10
|
|t:|1757923480
|move|p2a: 土地蝎|Protect|p2a: 土地蝎
|-singleturn|p2a: 土地蝎|Protect
|move|p1a: Snorlax|Ice Beam|p2a: 土地蝎
|-activate|p2a: 土地蝎|move: Protect
|
|upkeep
|turn|11
|
|t:|1757923493
|switch|p2a: 沙奈朵|Iron Valiant|100/100
|move|p1a: Snorlax|Earthquake|p2a: 沙奈朵
|-damage|p2a: 沙奈朵|67/100
|
|upkeep
|turn|12
|
|t:|1757923517
|switch|p1a: Zapdos|Zapdos|88/100
|move|p2a: 沙奈朵|Aura Sphere|p1a: Zapdos
|-resisted|p1a: Zapdos
|-damage|p1a: Zapdos|68/100
|
|upkeep
|turn|13
|
|t:|1757923526
|move|p2a: 沙奈朵|Shadow Ball|p1a: Zapdos
|-damage|p1a: Zapdos|40/100
|move|p1a: Zapdos|Roost|p1a: Zapdos
|-heal|p1a: Zapdos|91/100
|-singleturn|p1a: Zapdos|move: Roost
|
|upkeep
|turn|14
|
|t:|1757923534
|-end|p2a: 沙奈朵|Quark Drive|[silent]
|switch|p2a: 土地蝎|Gliscor, F|100/100 tox
|move|p1a: Zapdos|Brave Bird|p2a: 土地蝎
|-damage|p2a: 土地蝎|69/100 tox
|-damage|p1a: Zapdos|82/100|[from] Recoil
|
|-heal|p2a: 土地蝎|81/100 tox|[from] ability: Poison Heal
|upkeep
|turn|15
|
|t:|1757923546
|move|p1a: Zapdos|Brave Bird|p2a: 土地蝎
|-damage|p2a: 土地蝎|54/100 tox
|-damage|p1a: Zapdos|74/100|[from] Recoil
|move|p2a: 土地蝎|Toxic|p1a: Zapdos|[miss]
|-miss|p2a: 土地蝎|p1a: Zapdos
|
|-heal|p2a: 土地蝎|66/100 tox|[from] ability: Poison Heal
|upkeep
|turn|16
|
|t:|1757923557
|switch|p1a: Snorlax|Snorlax, F, shiny|59/100
|move|p2a: 土地蝎|Toxic|p1a: Snorlax
|-immune|p1a: Snorlax|[from] ability: Immunity
|
|-heal|p2a: 土地蝎|79/100 tox|[from] ability: Poison Heal
|upkeep
|turn|17
|
|t:|1757923566
|move|p2a: 土地蝎|Earthquake|p1a: Snorlax
|-damage|p1a: Snorlax|20/100
|move|p1a: Snorlax|Ice Beam|p2a: 土地蝎
|-supereffective|p2a: 土地蝎
|-damage|p2a: 土地蝎|0 fnt
|faint|p2a: 土地蝎
|
|upkeep
|
|t:|1757923579
|switch|p2a: 坤哥|Blaziken, F, shiny|100/100
|turn|18
|
|t:|1757923584
|move|p2a: 坤哥|Protect|p2a: 坤哥
|-singleturn|p2a: 坤哥|Protect
|move|p1a: Snorlax|Earthquake|p2a: 坤哥
|-activate|p2a: 坤哥|move: Protect
|
|-ability|p2a: 坤哥|Speed Boost|boost
|-boost|p2a: 坤哥|spe|1
|upkeep
|turn|19
|
|t:|1757923593
|-terastallize|p2a: 坤哥|Flying
|move|p2a: 坤哥|Swords Dance|p2a: 坤哥
|-boost|p2a: 坤哥|atk|2
|move|p1a: Snorlax|Earthquake|p2a: 坤哥
|-immune|p2a: 坤哥
|
|-ability|p2a: 坤哥|Speed Boost|boost
|-boost|p2a: 坤哥|spe|1
|upkeep
|turn|20
|
|t:|1757923610
|move|p2a: 坤哥|Swords Dance|p2a: 坤哥
|-boost|p2a: 坤哥|atk|2
|move|p1a: Snorlax|Ice Beam|p2a: 坤哥
|-supereffective|p2a: 坤哥
|-damage|p2a: 坤哥|32/100
|
|-ability|p2a: 坤哥|Speed Boost|boost
|-boost|p2a: 坤哥|spe|1
|upkeep
|turn|21
|
|t:|1757923622
|move|p2a: 坤哥|Close Combat|p1a: Snorlax
|-supereffective|p1a: Snorlax
|-damage|p1a: Snorlax|0 fnt
|-unboost|p2a: 坤哥|def|1
|-unboost|p2a: 坤哥|spd|1
|-damage|p2a: 坤哥|15/100|[from] item: Rocky Helmet|[of] p1a: Snorlax
|faint|p1a: Snorlax
|
|-ability|p2a: 坤哥|Speed Boost|boost
|-boost|p2a: 坤哥|spe|1
|upkeep
|
|t:|1757923635
|switch|p1a: Zapdos|Zapdos|74/100
|turn|22
|
|t:|1757923641
|move|p2a: 坤哥|Blaze Kick|p1a: Zapdos
|-damage|p1a: Zapdos|0 fnt
|faint|p1a: Zapdos
|
|-ability|p2a: 坤哥|Speed Boost|boost
|-boost|p2a: 坤哥|spe|1
|upkeep
|
|t:|1757923649
|switch|p1a: Zamazenta|Zamazenta|100/100
|-ability|p1a: Zamazenta|Dauntless Shield|boost
|-boost|p1a: Zamazenta|def|1
|turn|23
|
|t:|1757923659
|move|p2a: 坤哥|Close Combat|p1a: Zamazenta
|-damage|p1a: Zamazenta|4/100
|-unboost|p2a: 坤哥|def|1
|-unboost|p2a: 坤哥|spd|1
|move|p1a: Zamazenta|Crunch|p2a: 坤哥
|-damage|p2a: 坤哥|0 fnt
|faint|p2a: 坤哥
|
|upkeep
|
|t:|1757923670
|switch|p2a: 沙奈朵|Iron Valiant|67/100
|turn|24
|
|t:|1757923674
|move|p2a: 沙奈朵|Moonblast|p1a: Zamazenta
|-supereffective|p1a: Zamazenta
|-damage|p1a: Zamazenta|0 fnt
|faint|p1a: Zamazenta
|
|upkeep
|
|t:|1757923680
|switch|p1a: Iron Hands|Iron Hands, shiny|43/100
|turn|25
|
|t:|1757923685
|move|p2a: 沙奈朵|Moonblast|p1a: Iron Hands
|-supereffective|p1a: Iron Hands
|-damage|p1a: Iron Hands|0 fnt
|faint|p1a: Iron Hands
|-end|p1a: Iron Hands|Quark Drive|[silent]
|
|win|nuonuozi
|raw|Chuck2025's rating: 1243 &rarr; <strong>1215</strong><br />(-28 for losing)
|raw|nuonuozi's rating: 1197 &rarr; <strong>1225</strong><br />(+28 for winning)
|l|☆Chuck2025
|player|p1|
|l|☆nuonuozi
|player|p2|
