|j|☆shatterstar1998
|j|☆Avl2121
|t:|1757909651
|gametype|singles
|player|p1|shatterstar1998|170|1179
|player|p2|Avl2121|dragontamer|1211
|gen|9
|tier|[Gen 9] OU
|rated|
|rule|HP Percentage Mod: HP is shown in percentages
|rule|Endless Battle Clause: Forcing endless battles is banned
|rule|Species Clause: Limit one of each Pokémon
|rule|OHKO Clause: OHKO moves are banned
|rule|Evasion Items Clause: Evasion items are banned
|rule|Evasion Moves Clause: Evasion moves are banned
|rule|Evasion Abilities Clause: Evasion abilities are banned
|rule|Sleep Moves Clause: Sleep-inducing moves are banned
|clearpoke
|poke|p1|Iron Crown|
|poke|p1|Samurott-Hisui, M|
|poke|p1|Primarina, F|
|poke|p1|Landorus-Therian, M|
|poke|p1|Moltres|
|poke|p1|Weavile, M|
|poke|p2|Sinistcha-Masterpiece|
|poke|p2|Blaziken, M|
|poke|p2|Garganacl, F|
|poke|p2|Weavile, F|
|poke|p2|Garchomp, F|
|poke|p2|Noivern, M|
|teampreview
|inactive|Battle timer is ON: inactive players will automatically lose when time's up. (requested by shatterstar1998)
|
|t:|1757909664
|teamsize|p1|6
|teamsize|p2|6
|start
|switch|p1a: Landorus|Landorus-Therian, M|100/100
|switch|p2a: Noivern|Noivern, M|100/100
|-ability|p1a: Landorus|Intimidate|boost
|-unboost|p2a: Noivern|atk|1
|turn|1
|
|t:|1757909673
|switch|p1a: Primarina|Primarina, F|100/100
|move|p2a: Noivern|Boomburst|p1a: Primarina
|-damage|p1a: Primarina|59/100
|-damage|p2a: Noivern|91/100|[from] item: Life Orb
|
|upkeep
|turn|2
|
|t:|1757909683
|move|p2a: Noivern|U-turn|p1a: Primarina
|-resisted|p1a: Primarina
|-damage|p1a: Primarina|55/100
|-damage|p2a: Noivern|81/100|[from] item: Life Orb
|
|t:|1757909686
|switch|p2a: Sinistcha|Sinistcha-Masterpiece|100/100|[from] U-turn
|move|p1a: Primarina|Draining Kiss|p2a: Sinistcha
|-damage|p2a: Sinistcha|74/100
|-heal|p1a: Primarina|74/100|[from] drain|[of] p2a: Sinistcha
|
|upkeep
|turn|3
|
|t:|1757909698
|-terastallize|p1a: Primarina|Steel
|move|p2a: Sinistcha|Calm Mind|p2a: Sinistcha
|-boost|p2a: Sinistcha|spa|1
|-boost|p2a: Sinistcha|spd|1
|move|p1a: Primarina|Substitute|p1a: Primarina
|-start|p1a: Primarina|Substitute
|-damage|p1a: Primarina|49/100
|
|upkeep
|turn|4
|
|t:|1757909707
|move|p2a: Sinistcha|Hex|p1a: Primarina
|-end|p1a: Primarina|Substitute
|move|p1a: Primarina|Calm Mind|p1a: Primarina
|-boost|p1a: Primarina|spa|1
|-boost|p1a: Primarina|spd|1
|
|upkeep
|turn|5
|
|t:|1757909713
|move|p2a: Sinistcha|Hex|p1a: Primarina
|-damage|p1a: Primarina|21/100
|move|p1a: Primarina|Draining Kiss|p2a: Sinistcha
|-damage|p2a: Sinistcha|48/100
|-heal|p1a: Primarina|40/100|[from] drain|[of] p2a: Sinistcha
|
|upkeep
|turn|6
|
|t:|1757909721
|move|p2a: Sinistcha|Matcha Gotcha|p1a: Primarina
|-resisted|p1a: Primarina
|-damage|p1a: Primarina|21/100
|-heal|p2a: Sinistcha|58/100|[from] drain|[of] p1a: Primarina
|move|p1a: Primarina|Draining Kiss|p2a: Sinistcha
|-damage|p2a: Sinistcha|33/100
|-heal|p1a: Primarina|40/100|[from] drain|[of] p2a: Sinistcha
|
|upkeep
|turn|7
|
|t:|1757909731
|move|p2a: Sinistcha|Matcha Gotcha|p1a: Primarina|[miss]
|-miss|p2a: Sinistcha|p1a: Primarina
|move|p1a: Primarina|Draining Kiss|p2a: Sinistcha
|-damage|p2a: Sinistcha|6/100
|-heal|p1a: Primarina|58/100|[from] drain|[of] p2a: Sinistcha
|
|upkeep
|turn|8
|
|t:|1757909741
|move|p2a: Sinistcha|Strength Sap|p1a: Primarina
|-unboost|p1a: Primarina|atk|1
|-heal|p2a: Sinistcha|46/100
|move|p1a: Primarina|Psychic Noise|p2a: Sinistcha
|-resisted|p2a: Sinistcha
|-damage|p2a: Sinistcha|28/100
|-start|p2a: Sinistcha|move: Heal Block
|
|upkeep
|turn|9
|
|t:|1757909750
|move|p2a: Sinistcha|Hex|p1a: Primarina
|-crit|p1a: Primarina
|-damage|p1a: Primarina|0 fnt
|faint|p1a: Primarina
|
|-end|p2a: Sinistcha|move: Heal Block
|upkeep
|
|t:|1757909758
|switch|p1a: Samurott|Samurott-Hisui, M|100/100
|turn|10
|
|t:|1757909764
|move|p1a: Samurott|Ceaseless Edge|p2a: Sinistcha
|-supereffective|p2a: Sinistcha
|-damage|p2a: Sinistcha|0 fnt
|-sidestart|p2: Avl2121|Spikes
|faint|p2a: Sinistcha
|
|upkeep
|
|t:|1757909769
|switch|p2a: Noivern|Noivern, M|81/100
|turn|11
|
|t:|1757909775
|switch|p1a: Iron Crown|Iron Crown|100/100
|move|p2a: Noivern|Draco Meteor|p1a: Iron Crown
|-resisted|p1a: Iron Crown
|-damage|p1a: Iron Crown|79/100
|-unboost|p2a: Noivern|spa|2
|-damage|p2a: Noivern|71/100|[from] item: Life Orb
|
|upkeep
|turn|12
|
|t:|1757909784
|move|p2a: Noivern|Flamethrower|p1a: Iron Crown
|-supereffective|p1a: Iron Crown
|-damage|p1a: Iron Crown|55/100
|-damage|p2a: Noivern|61/100|[from] item: Life Orb
|move|p1a: Iron Crown|Future Sight|p2a: Noivern
|-start|p1a: Iron Crown|move: Future Sight
|
|upkeep
|turn|13
|
|t:|1757909792
|move|p2a: Noivern|U-turn|p1a: Iron Crown
|-damage|p1a: Iron Crown|41/100
|-damage|p2a: Noivern|51/100|[from] item: Life Orb
|
|t:|1757909795
|switch|p2a: Garganacl|Garganacl, F|100/100|[from] U-turn
|-damage|p2a: Garganacl|88/100|[from] Spikes
|move|p1a: Iron Crown|Volt Switch|p2a: Garganacl
|-damage|p2a: Garganacl|68/100
|
|t:|1757909803
|-end|p1a: Iron Crown|Quark Drive|[silent]
|switch|p1a: Samurott|Samurott-Hisui, M|100/100|[from] Volt Switch
|
|-heal|p2a: Garganacl|75/100|[from] item: Leftovers
|upkeep
|turn|14
|
|t:|1757909810
|-terastallize|p2a: Garganacl|Ghost
|move|p1a: Samurott|Flip Turn|p2a: Garganacl
|-damage|p2a: Garganacl|60/100
|
|t:|1757909818
|switch|p1a: Landorus|Landorus-Therian, M|100/100|[from] Flip Turn
|-ability|p1a: Landorus|Intimidate|boost
|-unboost|p2a: Garganacl|atk|1
|move|p2a: Garganacl|Salt Cure|p1a: Landorus
|-damage|p1a: Landorus|90/100
|-start|p1a: Landorus|Salt Cure
|
|-end|p2a: Garganacl|move: Future Sight
|-damage|p2a: Garganacl|3/100
|-heal|p2a: Garganacl|10/100|[from] item: Leftovers
|-damage|p1a: Landorus|78/100|[from] Salt Cure
|upkeep
|turn|15
|
|t:|1757909832
|move|p2a: Garganacl|Protect|p2a: Garganacl
|-singleturn|p2a: Garganacl|Protect
|move|p1a: Landorus|Earth Power|p2a: Garganacl
|-activate|p2a: Garganacl|move: Protect
|
|-heal|p2a: Garganacl|16/100|[from] item: Leftovers
|-damage|p1a: Landorus|66/100|[from] Salt Cure
|upkeep
|turn|16
|
|t:|1757909845
|move|p1a: Landorus|Earth Power|p2a: Garganacl
|-damage|p2a: Garganacl|0 fnt
|faint|p2a: Garganacl
|
|-damage|p1a: Landorus|53/100|[from] Salt Cure
|upkeep
|
|t:|1757909849
|switch|p2a: Something|Garchomp, F|100/100
|-damage|p2a: Something|88/100|[from] Spikes
|turn|17
|
|t:|1757909856
|move|p2a: Something|Swords Dance|p2a: Something
|-boost|p2a: Something|atk|2
|move|p1a: Landorus|Stealth Rock|p2a: Something
|-sidestart|p2: Avl2121|move: Stealth Rock
|
|-heal|p2a: Something|94/100|[from] item: Leftovers
|-damage|p1a: Landorus|41/100|[from] Salt Cure
|upkeep
|turn|18
|
|t:|1757909865
|move|p2a: Something|Scale Shot|p1a: Landorus
|-damage|p1a: Landorus|14/100
|-damage|p1a: Landorus|0 fnt
|faint|p1a: Landorus
|-hitcount|p1: Landorus|2
|-unboost|p2a: Something|def|1
|-boost|p2a: Something|spe|1
|
|-heal|p2a: Something|100/100|[from] item: Leftovers
|upkeep
|
|t:|1757909875
|switch|p1a: Weavile|Weavile, M|100/100
|-ability|p1a: Weavile|Pressure
|turn|19
|
|t:|1757909880
|move|p1a: Weavile|Ice Shard|p2a: Something
|-supereffective|p2a: Something
|-damage|p2a: Something|0 fnt
|faint|p2a: Something
|
|upkeep
|
|t:|1757909885
|switch|p2a: Blaziken|Blaziken, M|100/100
|-damage|p2a: Blaziken|88/100|[from] Spikes
|-damage|p2a: Blaziken|76/100|[from] Stealth Rock
|turn|20
|
|t:|1757909890
|switch|p1a: Moltres|Moltres|100/100
|move|p2a: Blaziken|Protect||[still]
|-fail|p2a: Blaziken
|
|-heal|p2a: Blaziken|82/100|[from] item: Leftovers
|-ability|p2a: Blaziken|Speed Boost|boost
|-boost|p2a: Blaziken|spe|1
|upkeep
|turn|21
|
|t:|1757909901
|switch|p2a: Noivern|Noivern, M|51/100
|-damage|p2a: Noivern|26/100|[from] Stealth Rock
|move|p1a: Moltres|Roar|p2a: Noivern
|drag|p2a: Blaziken|Blaziken, M|82/100
|-damage|p2a: Blaziken|70/100|[from] Spikes
|-damage|p2a: Blaziken|57/100|[from] Stealth Rock
|
|-heal|p2a: Blaziken|63/100|[from] item: Leftovers
|upkeep
|turn|22
|
|t:|1757909912
|move|p2a: Blaziken|Protect|p2a: Blaziken
|-singleturn|p2a: Blaziken|Protect
|move|p1a: Moltres|Roar|p2a: Blaziken
|drag|p2a: Weavile|Weavile, F|100/100
|-damage|p2a: Weavile|88/100|[from] Spikes
|-damage|p2a: Weavile|63/100|[from] Stealth Rock
|-ability|p2a: Weavile|Pressure
|
|upkeep
|turn|23
|
|t:|1757909923
|switch|p1a: Samurott|Samurott-Hisui, M|100/100
|move|p2a: Weavile|Fake Out|p1a: Samurott
|-damage|p1a: Samurott|79/100
|-damage|p2a: Weavile|53/100|[from] item: Life Orb
|
|upkeep
|turn|24
|
|t:|1757909931
|move|p2a: Weavile|Knock Off|p1a: Samurott
|-resisted|p1a: Samurott
|-damage|p1a: Samurott|40/100
|-enditem|p1a: Samurott|Heavy-Duty Boots|[from] move: Knock Off|[of] p2a: Weavile
|-damage|p2a: Weavile|43/100|[from] item: Life Orb
|move|p1a: Samurott|Ceaseless Edge|p2a: Weavile
|-resisted|p2a: Weavile
|-damage|p2a: Weavile|2/100
|-sidestart|p2: Avl2121|Spikes
|
|upkeep
|turn|25
|
|t:|1757909940
|move|p2a: Weavile|Triple Axel|p1a: Samurott
|-resisted|p1a: Samurott
|-damage|p1a: Samurott|31/100
|-hitcount|p1a: Samurott|1
|-damage|p2a: Weavile|0 fnt|[from] item: Life Orb
|faint|p2a: Weavile
|move|p1a: Samurott|Ceaseless Edge|p2: Weavile|[notarget]
|-fail|p1a: Samurott
|
|upkeep
|
|t:|1757909943
|switch|p2a: Noivern|Noivern, M|26/100
|-damage|p2a: Noivern|1/100|[from] Stealth Rock
|turn|26
|
|t:|1757909952
|move|p2a: Noivern|Boomburst|p1a: Samurott
|-damage|p1a: Samurott|0 fnt
|faint|p1a: Samurott
|-damage|p2a: Noivern|0 fnt|[from] item: Life Orb
|faint|p2a: Noivern
|
|upkeep
|
|t:|1757909966
|switch|p2a: Blaziken|Blaziken, M|63/100
|switch|p1a: Moltres|Moltres|100/100
|-damage|p2a: Blaziken|47/100|[from] Spikes
|-damage|p2a: Blaziken|34/100|[from] Stealth Rock
|turn|27
|
|t:|1757909973
|move|p2a: Blaziken|Protect|p2a: Blaziken
|-singleturn|p2a: Blaziken|Protect
|move|p1a: Moltres|Flamethrower|p2a: Blaziken
|-activate|p2a: Blaziken|move: Protect
|
|-heal|p2a: Blaziken|40/100|[from] item: Leftovers
|-ability|p2a: Blaziken|Speed Boost|boost
|-boost|p2a: Blaziken|spe|1
|upkeep
|turn|28
|
|t:|1757909983
|move|p2a: Blaziken|Swords Dance|p2a: Blaziken
|-boost|p2a: Blaziken|atk|2
|move|p1a: Moltres|Flamethrower|p2a: Blaziken
|-resisted|p2a: Blaziken
|-damage|p2a: Blaziken|14/100
|
|-heal|p2a: Blaziken|20/100|[from] item: Leftovers
|-ability|p2a: Blaziken|Speed Boost|boost
|-boost|p2a: Blaziken|spe|1
|upkeep
|turn|29
|
|t:|1757909992
|move|p2a: Blaziken|Protect|p2a: Blaziken
|-singleturn|p2a: Blaziken|Protect
|move|p1a: Moltres|Flamethrower|p2a: Blaziken
|-activate|p2a: Blaziken|move: Protect
|
|-heal|p2a: Blaziken|26/100|[from] item: Leftovers
|-ability|p2a: Blaziken|Speed Boost|boost
|-boost|p2a: Blaziken|spe|1
|upkeep
|turn|30
|
|t:|1757910002
|move|p2a: Blaziken|Close Combat|p1a: Moltres
|-resisted|p1a: Moltres
|-damage|p1a: Moltres|57/100
|-unboost|p2a: Blaziken|def|1
|-unboost|p2a: Blaziken|spd|1
|move|p1a: Moltres|Flamethrower|p2a: Blaziken
|-resisted|p2a: Blaziken
|-damage|p2a: Blaziken|0 fnt
|faint|p2a: Blaziken
|
|win|shatterstar1998
|raw|shatterstar1998's rating: 1179 &rarr; <strong>1206</strong><br />(+27 for winning)
|raw|Avl2121's rating: 1211 &rarr; <strong>1184</strong><br />(-27 for losing)
|l|☆Avl2121
|player|p2|
|l|☆shatterstar1998
|player|p1|
