|j|‽klefki_did_it
|j|☆Micahblast115
|t:|1757861695
|gametype|singles
|player|p1|klefki_did_it|pokemonbreeder-gen4|1404
|player|p2|Micahblast115|cyclist-gen4|1425
|gen|9
|tier|[Gen 9] OU
|rated|
|rule|HP Percentage Mod: HP is shown in percentages
|rule|Endless Battle Clause: Forcing endless battles is banned
|rule|Species Clause: Limit one of each Pokémon
|rule|OHKO Clause: OHKO moves are banned
|rule|Evasion Items Clause: Evasion items are banned
|rule|Evasion Moves Clause: Evasion moves are banned
|rule|Evasion Abilities Clause: Evasion abilities are banned
|rule|Sleep Moves Clause: Sleep-inducing moves are banned
|clearpoke
|poke|p1|Staraptor, F|
|poke|p1|Metagross|
|poke|p1|Tyranitar, F|
|poke|p1|Kingambit, M|
|poke|p1|Hatterene, F|
|poke|p1|Emboar, M|
|poke|p2|Cinderace, F|
|poke|p2|Corviknight, M|
|poke|p2|Raging Bolt|
|poke|p2|Dragonite, F|
|poke|p2|Samurott-Hisui, M|
|poke|p2|Serperior, M|
|teampreview
|inactive|Battle timer is ON: inactive players will automatically lose when time's up. (requested by Micahblast115)
|inactive|klefki_did_it also wants the timer to be on.
|
|t:|1757861720
|teamsize|p1|6
|teamsize|p2|6
|start
|switch|p1a: Tyranitar|Tyranitar, F|100/100
|switch|p2a: Samurott|Samurott-Hisui, M, shiny|100/100
|-weather|Sandstorm|[from] ability: Sand Stream|[of] p1a: Tyranitar
|turn|1
|
|t:|1757861725
|move|p2a: Samurott|Flip Turn|p1a: Tyranitar
|-supereffective|p1a: Tyranitar
|-damage|p1a: Tyranitar|59/100
|
|t:|1757861728
|switch|p2a: Corviknight|Corviknight, M, shiny|100/100|[from] Flip Turn
|move|p1a: Tyranitar|Rock Slide|p2a: Corviknight|[miss]
|-miss|p1a: Tyranitar|p2a: Corviknight
|
|-weather|Sandstorm|[upkeep]
|upkeep
|turn|2
|
|t:|1757861734
|move|p2a: Corviknight|U-turn|p1a: Tyranitar
|-supereffective|p1a: Tyranitar
|-damage|p1a: Tyranitar|35/100
|
|t:|1757861743
|switch|p2a: Samurott|Samurott-Hisui, M, shiny|100/100|[from] U-turn
|move|p1a: Tyranitar|Thunder Wave|p2a: Samurott
|-status|p2a: Samurott|par
|
|-weather|Sandstorm|[upkeep]
|-damage|p2a: Samurott|94/100 par|[from] Sandstorm
|upkeep
|turn|3
|
|t:|1757861751
|move|p2a: Samurott|Ceaseless Edge|p1a: Tyranitar|[miss]
|-miss|p2a: Samurott|p1a: Tyranitar
|move|p1a: Tyranitar|Rock Slide|p2a: Samurott|[miss]
|-miss|p1a: Tyranitar|p2a: Samurott
|
|-weather|Sandstorm|[upkeep]
|-damage|p2a: Samurott|88/100 par|[from] Sandstorm
|upkeep
|turn|4
|
|t:|1757861757
|switch|p2a: Corviknight|Corviknight, M, shiny|100/100
|move|p1a: Tyranitar|Rock Slide|p2a: Corviknight
|-damage|p2a: Corviknight|73/100
|
|-weather|Sandstorm|[upkeep]
|upkeep
|turn|5
|
|t:|1757861765
|move|p2a: Corviknight|U-turn|p1a: Tyranitar
|-supereffective|p1a: Tyranitar
|-damage|p1a: Tyranitar|13/100
|
|t:|1757861768
|switch|p2a: Samurott|Samurott-Hisui, M, shiny|88/100 par|[from] U-turn
|move|p1a: Tyranitar|Knock Off|p2a: Samurott
|-resisted|p2a: Samurott
|-damage|p2a: Samurott|50/100 par
|-enditem|p2a: Samurott|Choice Scarf|[from] move: Knock Off|[of] p1a: Tyranitar
|
|-weather|Sandstorm|[upkeep]
|-damage|p2a: Samurott|44/100 par|[from] Sandstorm
|upkeep
|turn|6
|
|t:|1757861780
|move|p1a: Tyranitar|Rock Slide|p2a: Samurott
|-damage|p2a: Samurott|0 fnt
|faint|p2a: Samurott
|
|-weather|Sandstorm|[upkeep]
|upkeep
|
|t:|1757861794
|switch|p2a: Serperior|Serperior, M|100/100
|turn|7
|
|t:|1757861802
|move|p2a: Serperior|Leaf Storm|p1a: Tyranitar
|-supereffective|p1a: Tyranitar
|-damage|p1a: Tyranitar|0 fnt
|-boost|p2a: Serperior|spa|2
|faint|p1a: Tyranitar
|
|-weather|Sandstorm|[upkeep]
|-damage|p2a: Serperior|94/100|[from] Sandstorm
|upkeep
|
|t:|1757861810
|switch|p1a: Staraptor|Staraptor, F|100/100
|turn|8
|
|t:|1757861813
|switch|p2a: Corviknight|Corviknight, M, shiny|73/100
|move|p1a: Staraptor|Final Gambit|p2a: Corviknight
|-damage|p2a: Corviknight|0 fnt
|faint|p1a: Staraptor
|faint|p2a: Corviknight
|
|-weather|none
|upkeep
|
|t:|1757861833
|switch|p1a: Emboar|Emboar, M|100/100
|switch|p2a: Cinderace|Cinderace, F|100/100
|turn|9
|
|t:|1757861842
|move|p2a: Cinderace|High Jump Kick|p1a: Emboar
|-start|p2a: Cinderace|typechange|Fighting|[from] ability: Libero
|-damage|p1a: Emboar|0 fnt
|faint|p1a: Emboar
|
|upkeep
|
|t:|1757861849
|switch|p1a: Hatterene|Hatterene, F|100/100
|turn|10
|
|t:|1757861858
|switch|p2a: Serperior|Serperior, M|94/100
|move|p1a: Hatterene|Future Sight|p2a: Serperior
|-start|p1a: Hatterene|move: Future Sight
|
|upkeep
|turn|11
|
|t:|1757861864
|move|p2a: Serperior|Leaf Storm|p1a: Hatterene
|-damage|p1a: Hatterene|48/100
|-boost|p2a: Serperior|spa|2
|move|p1a: Hatterene|Nuzzle|p2a: Serperior
|-resisted|p2a: Serperior
|-damage|p2a: Serperior|91/100
|-status|p2a: Serperior|par
|-enditem|p2a: Serperior|Lum Berry|[eat]
|-curestatus|p2a: Serperior|par|[msg]
|-damage|p1a: Hatterene|39/100|[from] item: Life Orb
|
|upkeep
|turn|12
|
|t:|1757861875
|move|p2a: Serperior|Leaf Storm|p1a: Hatterene
|-damage|p1a: Hatterene|0 fnt
|-boost|p2a: Serperior|spa|2
|faint|p1a: Hatterene
|
|-end|p2a: Serperior|move: Future Sight
|-damage|p2a: Serperior|1/100
|upkeep
|
|t:|1757861882
|switch|p1a: Metagross|Metagross|100/100
|turn|13
|
|t:|1757861887
|move|p1a: Metagross|Bullet Punch|p2a: Serperior
|-damage|p2a: Serperior|0 fnt
|faint|p2a: Serperior
|
|upkeep
|
|t:|1757861904
|switch|p2a: Dragonite|Dragonite, F|100/100
|turn|14
|
|t:|1757861909
|move|p1a: Metagross|Bullet Punch|p2a: Dragonite
|-damage|p2a: Dragonite|80/100
|move|p2a: Dragonite|Dragon Dance|p2a: Dragonite
|-boost|p2a: Dragonite|atk|1
|-boost|p2a: Dragonite|spe|1
|
|upkeep
|turn|15
|
|t:|1757861915
|move|p1a: Metagross|Bullet Punch|p2a: Dragonite
|-damage|p2a: Dragonite|42/100
|move|p2a: Dragonite|Earthquake|p1a: Metagross
|-supereffective|p1a: Metagross
|-damage|p1a: Metagross|0 fnt
|faint|p1a: Metagross
|-damage|p2a: Dragonite|32/100|[from] item: Life Orb
|
|upkeep
|
|t:|1757861921
|switch|p1a: Kingambit|Kingambit, M|100/100
|-activate|p1a: Kingambit|ability: Supreme Overlord
|-start|p1a: Kingambit|fallen5|[silent]
|turn|16
|
|t:|1757861927
|move|p2a: Dragonite|Extreme Speed|p1a: Kingambit
|-resisted|p1a: Kingambit
|-damage|p1a: Kingambit|78/100
|-damage|p2a: Dragonite|22/100|[from] item: Life Orb
|move|p1a: Kingambit|Sucker Punch||[still]
|-fail|p1a: Kingambit
|
|-heal|p1a: Kingambit|84/100|[from] item: Leftovers
|upkeep
|turn|17
|
|t:|1757861931
|move|p1a: Kingambit|Sucker Punch|p2a: Dragonite
|-damage|p2a: Dragonite|0 fnt
|faint|p2a: Dragonite
|
|-heal|p1a: Kingambit|90/100|[from] item: Leftovers
|upkeep
|
|t:|1757861935
|switch|p2a: Raging Bolt|Raging Bolt|100/100
|-enditem|p2a: Raging Bolt|Booster Energy
|-activate|p2a: Raging Bolt|ability: Protosynthesis|[fromitem]
|-start|p2a: Raging Bolt|protosynthesisspa
|turn|18
|
|t:|1757861945
|-terastallize|p2a: Raging Bolt|Fairy
|-terastallize|p1a: Kingambit|Fairy
|move|p2a: Raging Bolt|Thunderbolt|p1a: Kingambit
|-damage|p1a: Kingambit|26/100
|move|p1a: Kingambit|Swords Dance|p1a: Kingambit
|-boost|p1a: Kingambit|atk|2
|
|-heal|p1a: Kingambit|32/100|[from] item: Leftovers
|upkeep
|turn|19
|
|t:|1757861957
|move|p2a: Raging Bolt|Thunderclap|p1a: Kingambit
|-damage|p1a: Kingambit|0 fnt
|faint|p1a: Kingambit
|-end|p1a: Kingambit|fallen5|[silent]
|
|win|Micahblast115
|raw|klefki_did_it's rating: 1404 &rarr; <strong>1385</strong><br />(-19 for losing)
|raw|Micahblast115's rating: 1425 &rarr; <strong>1444</strong><br />(+19 for winning)
|l|‽klefki_did_it
|player|p1|
|l|☆Micahblast115
|player|p2|
