|j|☆fuatchable
|j|☆Silvaa
|t:|1757842268
|gametype|singles
|player|p1|fuatchable|benga|1336
|player|p2|Silvaa|170|1362
|gen|9
|tier|[Gen 9] OU
|rated|
|rule|HP Percentage Mod: HP is shown in percentages
|rule|Endless Battle Clause: Forcing endless battles is banned
|rule|Species Clause: Limit one of each Pokémon
|rule|OHKO Clause: OHKO moves are banned
|rule|Evasion Items Clause: Evasion items are banned
|rule|Evasion Moves Clause: Evasion moves are banned
|rule|Evasion Abilities Clause: Evasion abilities are banned
|rule|Sleep Moves Clause: Sleep-inducing moves are banned
|clearpoke
|poke|p1|Samurott-Hisui, M|
|poke|p1|Iron Treads|
|poke|p1|Conkeldurr, F|
|poke|p1|Incineroar, M|
|poke|p1|Raikou|
|poke|p1|Zoroark-Hisui, F|
|poke|p2|Garganacl, F|
|poke|p2|Moltres|
|poke|p2|Sinistcha|
|poke|p2|Weavile, M|
|poke|p2|Gliscor, M|
|poke|p2|Zamazenta-*|
|teampreview
|inactive|Battle timer is ON: inactive players will automatically lose when time's up. (requested by Silvaa)
|
|t:|1757842306
|teamsize|p1|6
|teamsize|p2|6
|start
|switch|p1a: Demo|Iron Treads, shiny|100/100
|switch|p2a: Zamazenta|Zamazenta|100/100
|-ability|p2a: Zamazenta|Dauntless Shield|boost
|-boost|p2a: Zamazenta|def|1
|-enditem|p1a: Demo|Booster Energy
|-activate|p1a: Demo|ability: Quark Drive|[fromitem]
|-start|p1a: Demo|quarkdrivespe
|turn|1
|
|t:|1757842318
|-terastallize|p1a: Demo|Fighting
|move|p1a: Demo|Iron Defense|p1a: Demo
|-boost|p1a: Demo|def|2
|move|p2a: Zamazenta|Close Combat|p1a: Demo
|-damage|p1a: Demo|80/100
|-unboost|p2a: Zamazenta|def|1
|-unboost|p2a: Zamazenta|spd|1
|
|upkeep
|turn|2
|
|t:|1757842325
|switch|p2a: Moltres|Moltres|100/100
|move|p1a: Demo|Iron Defense|p1a: Demo
|-boost|p1a: Demo|def|2
|
|upkeep
|turn|3
|
|t:|1757842331
|-end|p1a: Demo|Quark Drive|[silent]
|switch|p1a: PUMA LOCO|Incineroar, M|100/100
|-ability|p1a: PUMA LOCO|Intimidate|boost
|-unboost|p2a: Moltres|atk|1
|move|p2a: Moltres|Roar|p1a: PUMA LOCO
|drag|p1a: PILLAR MAN|Conkeldurr, F, shiny|100/100
|
|upkeep
|turn|4
|
|t:|1757842339
|move|p2a: Moltres|U-turn|p1a: PILLAR MAN
|-resisted|p1a: PILLAR MAN
|-damage|p1a: PILLAR MAN|97/100
|
|t:|1757842343
|switch|p2a: Zamazenta|Zamazenta|100/100|[from] U-turn
|move|p1a: PILLAR MAN|Knock Off|p2a: Zamazenta
|-resisted|p2a: Zamazenta
|-damage|p2a: Zamazenta|83/100
|-enditem|p2a: Zamazenta|Heavy-Duty Boots|[from] move: Knock Off|[of] p1a: PILLAR MAN
|
|upkeep
|turn|5
|
|t:|1757842362
|switch|p2a: Moltres|Moltres|100/100
|move|p1a: PILLAR MAN|Drain Punch|p2a: Moltres
|-resisted|p2a: Moltres
|-damage|p2a: Moltres|78/100
|-heal|p1a: PILLAR MAN|100/100|[from] drain|[of] p2a: Moltres
|
|upkeep
|turn|6
|
|t:|1757842368
|move|p2a: Moltres|Flamethrower|p1a: PILLAR MAN
|-damage|p1a: PILLAR MAN|51/100
|move|p1a: PILLAR MAN|Knock Off|p2a: Moltres
|-damage|p2a: Moltres|45/100
|-enditem|p2a: Moltres|Heavy-Duty Boots|[from] move: Knock Off|[of] p1a: PILLAR MAN
|
|upkeep
|turn|7
|
|t:|1757842378
|switch|p1a: PUMA LOCO|Incineroar, M|100/100
|-ability|p1a: PUMA LOCO|Intimidate|boost
|-unboost|p2a: Moltres|atk|1
|move|p2a: Moltres|Roost|p2a: Moltres
|-heal|p2a: Moltres|95/100
|-singleturn|p2a: Moltres|move: Roost
|
|upkeep
|turn|8
|
|t:|1757842387
|move|p1a: PUMA LOCO|Fake Out|p2a: Moltres
|-damage|p2a: Moltres|82/100
|cant|p2a: Moltres|flinch
|
|upkeep
|turn|9
|
|t:|1757842391
|move|p2a: Moltres|U-turn|p1a: PUMA LOCO
|-damage|p1a: PUMA LOCO|91/100
|
|t:|1757842399
|switch|p2a: Gliscor|Gliscor, M|100/100|[from] U-turn
|move|p1a: PUMA LOCO|Crunch|p2a: Gliscor
|-damage|p2a: Gliscor|75/100
|
|-status|p2a: Gliscor|tox|[from] item: Toxic Orb
|upkeep
|turn|10
|
|t:|1757842413
|move|p2a: Gliscor|Earthquake|p1a: PUMA LOCO
|-supereffective|p1a: PUMA LOCO
|-damage|p1a: PUMA LOCO|21/100
|move|p1a: PUMA LOCO|Crunch|p2a: Gliscor
|-damage|p2a: Gliscor|50/100 tox
|
|-heal|p2a: Gliscor|62/100 tox|[from] ability: Poison Heal
|upkeep
|turn|11
|
|t:|1757842418
|move|p2a: Gliscor|Protect|p2a: Gliscor
|-singleturn|p2a: Gliscor|Protect
|move|p1a: PUMA LOCO|Flare Blitz|p2a: Gliscor
|-activate|p2a: Gliscor|move: Protect
|
|-heal|p2a: Gliscor|74/100 tox|[from] ability: Poison Heal
|upkeep
|turn|12
|
|t:|1757842425
|switch|p1a: Demo|Iron Treads, shiny, tera:Fighting|80/100
|move|p2a: Gliscor|Earthquake|p1a: Demo
|-damage|p1a: Demo|57/100
|
|-heal|p2a: Gliscor|86/100 tox|[from] ability: Poison Heal
|upkeep
|turn|13
|
|t:|1757842440
|-end|p1a: Demo|Quark Drive|[silent]
|switch|p1a: PILLAR MAN|Conkeldurr, F, shiny|51/100
|switch|p2a: Moltres|Moltres|82/100
|
|upkeep
|turn|14
|
|t:|1757842444
|move|p2a: Moltres|Flamethrower|p1a: PILLAR MAN
|-damage|p1a: PILLAR MAN|6/100
|move|p1a: PILLAR MAN|Drain Punch|p2a: Moltres
|-resisted|p2a: Moltres
|-damage|p2a: Moltres|58/100
|-heal|p1a: PILLAR MAN|17/100|[from] drain|[of] p2a: Moltres
|
|upkeep
|turn|15
|
|t:|1757842450
|move|p2a: Moltres|Flamethrower|p1a: PILLAR MAN
|-damage|p1a: PILLAR MAN|0 fnt
|faint|p1a: PILLAR MAN
|
|upkeep
|
|t:|1757842452
|switch|p1a: Raikou|Raikou, shiny|100/100
|turn|16
|
|t:|1757842457
|switch|p2a: Garganacl|Garganacl, F|100/100
|move|p1a: Raikou|Calm Mind|p1a: Raikou
|-boost|p1a: Raikou|spa|1
|-boost|p1a: Raikou|spd|1
|
|upkeep
|turn|17
|
|t:|1757842467
|move|p1a: Raikou|Thunderbolt|p2a: Garganacl
|-damage|p2a: Garganacl|40/100
|-damage|p1a: Raikou|91/100|[from] item: Life Orb
|move|p2a: Garganacl|Salt Cure|p1a: Raikou
|-damage|p1a: Raikou|71/100
|-start|p1a: Raikou|Salt Cure
|
|-heal|p2a: Garganacl|47/100|[from] item: Leftovers
|-damage|p1a: Raikou|58/100|[from] Salt Cure
|upkeep
|turn|18
|
|t:|1757842473
|move|p2a: Garganacl|Protect|p2a: Garganacl
|-singleturn|p2a: Garganacl|Protect
|move|p1a: Raikou|Calm Mind|p1a: Raikou
|-boost|p1a: Raikou|spa|1
|-boost|p1a: Raikou|spd|1
|
|-heal|p2a: Garganacl|53/100|[from] item: Leftovers
|-damage|p1a: Raikou|46/100|[from] Salt Cure
|upkeep
|turn|19
|
|t:|1757842476
|switch|p2a: Gliscor|Gliscor, M|86/100 tox
|move|p1a: Raikou|Thunderbolt|p2a: Gliscor
|-immune|p2a: Gliscor
|
|-heal|p2a: Gliscor|99/100 tox|[from] ability: Poison Heal
|-damage|p1a: Raikou|33/100|[from] Salt Cure
|upkeep
|turn|20
|
|t:|1757842480
|move|p2a: Gliscor|Protect|p2a: Gliscor
|-singleturn|p2a: Gliscor|Protect
|move|p1a: Raikou|Tera Blast|p2a: Gliscor
|-activate|p2a: Gliscor|move: Protect
|
|-heal|p2a: Gliscor|100/100 tox|[from] ability: Poison Heal
|-damage|p1a: Raikou|21/100|[from] Salt Cure
|upkeep
|turn|21
|
|t:|1757842484
|switch|p2a: Sinistcha|Sinistcha|100/100
|move|p1a: Raikou|Tera Blast|p2a: Sinistcha
|-immune|p2a: Sinistcha
|
|-damage|p1a: Raikou|8/100|[from] Salt Cure
|upkeep
|turn|22
|
|t:|1757842488
|switch|p2a: Gliscor|Gliscor, M|100/100 tox
|move|p1a: Raikou|Thunderbolt|p2a: Gliscor
|-immune|p2a: Gliscor
|
|-damage|p1a: Raikou|0 fnt|[from] Salt Cure
|faint|p1a: Raikou
|upkeep
|
|t:|1757842490
|switch|p1a: Kenshi|Samurott-Hisui, M|100/100
|turn|23
|
|t:|1757842496
|switch|p2a: Zamazenta|Zamazenta|83/100
|move|p1a: Kenshi|Hyper Voice|p2a: Zamazenta
|-damage|p2a: Zamazenta|40/100
|-enditem|p1a: Kenshi|Throat Spray
|-boost|p1a: Kenshi|spa|1|[from] item: Throat Spray
|
|upkeep
|turn|24
|
|t:|1757842504
|move|p2a: Zamazenta|Close Combat|p1a: Kenshi
|-immune|p1a: Kenshi
|move|p1a: Kenshi|Hyper Voice|p2a: Zamazenta
|-damage|p2a: Zamazenta|0 fnt
|faint|p2a: Zamazenta
|
|upkeep
|c|☆Silvaa|oh
|c|☆Silvaa|okkkk
|
|t:|1757842511
|switch|p2a: Weavile|Weavile, M|100/100
|-ability|p2a: Weavile|Pressure
|turn|25
|
|t:|1757842520
|switch|p1a: PUMA LOCO|Incineroar, M|21/100
|-ability|p1a: PUMA LOCO|Intimidate|boost
|-unboost|p2a: Weavile|atk|1
|move|p2a: Weavile|Knock Off|p1a: PUMA LOCO
|-resisted|p1a: PUMA LOCO
|-damage|p1a: PUMA LOCO|6/100
|-enditem|p1a: PUMA LOCO|Assault Vest|[from] move: Knock Off|[of] p2a: Weavile
|
|upkeep
|turn|26
|
|t:|1757842538
|switch|p2a: Gliscor|Gliscor, M|100/100 tox
|switch|p1a: Demo|Iron Treads, shiny, tera:Fighting|57/100
|
|upkeep
|turn|27
|
|t:|1757842547
|switch|p2a: Moltres|Moltres|58/100
|move|p1a: Demo|Iron Head|p2a: Moltres
|-resisted|p2a: Moltres
|-damage|p2a: Moltres|44/100
|-status|p1a: Demo|brn|[from] ability: Flame Body|[of] p2a: Moltres
|
|-damage|p1a: Demo|50/100 brn|[from] brn
|upkeep
|turn|28
|
|t:|1757842555
|move|p1a: Demo|Iron Head|p2a: Moltres
|-resisted|p2a: Moltres
|-damage|p2a: Moltres|38/100
|cant|p2a: Moltres|flinch
|
|-damage|p1a: Demo|44/100 brn|[from] brn
|upkeep
|turn|29
|
|t:|1757842558
|move|p1a: Demo|Iron Head|p2a: Moltres
|-resisted|p2a: Moltres
|-damage|p2a: Moltres|30/100
|cant|p2a: Moltres|flinch
|
|-damage|p1a: Demo|38/100 brn|[from] brn
|upkeep
|turn|30
|
|t:|1757842560
|move|p1a: Demo|Iron Head|p2a: Moltres
|-resisted|p2a: Moltres
|-damage|p2a: Moltres|23/100
|move|p2a: Moltres|Roost|p2a: Moltres
|-heal|p2a: Moltres|73/100
|-singleturn|p2a: Moltres|move: Roost
|
|-damage|p1a: Demo|32/100 brn|[from] brn
|upkeep
|turn|31
|
|t:|1757842566
|move|p1a: Demo|Iron Head|p2a: Moltres
|-resisted|p2a: Moltres
|-damage|p2a: Moltres|66/100
|move|p2a: Moltres|U-turn|p1a: Demo
|-resisted|p1a: Demo
|-damage|p1a: Demo|26/100 brn
|
|t:|1757842573
|switch|p2a: Sinistcha|Sinistcha|100/100|[from] U-turn
|
|-damage|p1a: Demo|20/100 brn|[from] brn
|upkeep
|turn|32
|
|t:|1757842577
|move|p1a: Demo|Iron Head|p2a: Sinistcha
|-damage|p2a: Sinistcha|88/100
|move|p2a: Sinistcha|Calm Mind|p2a: Sinistcha
|-boost|p2a: Sinistcha|spa|1
|-boost|p2a: Sinistcha|spd|1
|
|-damage|p1a: Demo|14/100 brn|[from] brn
|upkeep
|turn|33
|
|t:|1757842581
|move|p1a: Demo|Iron Head|p2a: Sinistcha
|-damage|p2a: Sinistcha|77/100
|cant|p2a: Sinistcha|flinch
|
|-damage|p1a: Demo|7/100 brn|[from] brn
|upkeep
|turn|34
|
|t:|1757842584
|move|p1a: Demo|Iron Head|p2a: Sinistcha
|-damage|p2a: Sinistcha|65/100
|move|p2a: Sinistcha|Matcha Gotcha|p1a: Demo
|-damage|p1a: Demo|0 fnt
|-heal|p2a: Sinistcha|68/100|[from] drain|[of] p1a: Demo
|faint|p1a: Demo
|-end|p1a: Demo|Quark Drive|[silent]
|
|upkeep
|
|t:|1757842588
|switch|p1a: Kenshi|Samurott-Hisui, M|100/100
|turn|35
|
|t:|1757842596
|-terastallize|p2a: Sinistcha|Poison
|move|p1a: Kenshi|Ceaseless Edge|p2a: Sinistcha
|-damage|p2a: Sinistcha|32/100
|-sidestart|p2: Silvaa|Spikes
|move|p2a: Sinistcha|Matcha Gotcha|p1a: Kenshi
|-supereffective|p1a: Kenshi
|-damage|p1a: Kenshi|13/100
|-heal|p2a: Sinistcha|77/100|[from] drain|[of] p1a: Kenshi
|-status|p1a: Kenshi|brn
|
|-damage|p1a: Kenshi|7/100 brn|[from] brn
|upkeep
|turn|36
|
|t:|1757842607
|move|p1a: Kenshi|Aqua Jet|p2a: Sinistcha
|-damage|p2a: Sinistcha|69/100
|move|p2a: Sinistcha|Matcha Gotcha|p1a: Kenshi
|-supereffective|p1a: Kenshi
|-damage|p1a: Kenshi|0 fnt
|-heal|p2a: Sinistcha|72/100|[from] drain|[of] p1a: Kenshi
|faint|p1a: Kenshi
|
|upkeep
|
|t:|1757842610
|switch|p1a: PUMA LOCO|Incineroar, M|100/100
|turn|37
|
|t:|1757842622
|move|p1a: PUMA LOCO|Hyper Voice|p2a: Sinistcha
|-damage|p2a: Sinistcha|36/100
|move|p2a: Sinistcha|Strength Sap|p1a: PUMA LOCO
|-unboost|p1a: PUMA LOCO|atk|1
|-heal|p2a: Sinistcha|98/100
|
|upkeep
|turn|38
|
|t:|1757842626
|move|p1a: PUMA LOCO|Hyper Voice|p2a: Sinistcha
|-damage|p2a: Sinistcha|60/100
|move|p2a: Sinistcha|Matcha Gotcha|p1a: PUMA LOCO
|-damage|p1a: PUMA LOCO|0 fnt
|-heal|p2a: Sinistcha|97/100|[from] drain|[of] p1a: PUMA LOCO
|replace|p1a: ;)|Zoroark-Hisui, F, shiny
|-end|p1a: ;)|Illusion
|faint|p1a: ;)
|
|upkeep
|
|t:|1757842628
|switch|p1a: PUMA LOCO|Incineroar, M|6/100
|-ability|p1a: PUMA LOCO|Intimidate|boost
|-unboost|p2a: Sinistcha|atk|1
|turn|39
|
|t:|1757842631
|move|p2a: Sinistcha|Matcha Gotcha|p1a: PUMA LOCO
|-resisted|p1a: PUMA LOCO
|-crit|p1a: PUMA LOCO
|-damage|p1a: PUMA LOCO|0 fnt
|-heal|p2a: Sinistcha|99/100|[from] drain|[of] p1a: PUMA LOCO
|faint|p1a: PUMA LOCO
|
|win|Silvaa
|raw|fuatchable's rating: 1336 &rarr; <strong>1317</strong><br />(-19 for losing)
|raw|Silvaa's rating: 1362 &rarr; <strong>1381</strong><br />(+19 for winning)
|l|☆fuatchable
|player|p1|
|l|☆Silvaa
|player|p2|
