|j|☆brxinfreez
|j|☆kqbuto
|t:|1757952541
|gametype|singles
|player|p1|brxinfreez|265|1383
|player|p2|kqbuto|265|1302
|gen|9
|tier|[Gen 9] OU
|rated|
|rule|HP Percentage Mod: HP is shown in percentages
|rule|Endless Battle Clause: Forcing endless battles is banned
|rule|Species Clause: Limit one of each Pokémon
|rule|OHKO Clause: OHKO moves are banned
|rule|Evasion Items Clause: Evasion items are banned
|rule|Evasion Moves Clause: Evasion moves are banned
|rule|Evasion Abilities Clause: Evasion abilities are banned
|rule|Sleep Moves Clause: Sleep-inducing moves are banned
|clearpoke
|poke|p1|Servine, M|
|poke|p1|Clodsire, F|
|poke|p1|Dondozo, M|
|poke|p1|Corviknight, F|
|poke|p1|Dragapult, F|
|poke|p1|Sinistcha|
|poke|p2|Meowscarada, M|
|poke|p2|Skarmory, F|
|poke|p2|Great Tusk|
|poke|p2|Slowking-Galar, F|
|poke|p2|Rotom-Wash|
|poke|p2|Darkrai|
|teampreview
|inactive|Battle timer is ON: inactive players will automatically lose when time's up. (requested by kqbuto)
|inactive|brxinfreez also wants the timer to be on.
|inactive|kqbuto has 120 seconds left.
|inactive|kqbuto has 90 seconds left.
|
|t:|1757952629
|teamsize|p1|6
|teamsize|p2|6
|start
|switch|p1a: Servine|Servine, M|100/100
|switch|p2a: Darkrai|Darkrai|100/100
|turn|1
|inactive|kqbuto has 120 seconds left.
|
|t:|1757952648
|switch|p1a: Clodsire|Clodsire, F|100/100
|move|p2a: Darkrai|Ice Beam|p1a: Clodsire
|-supereffective|p1a: Clodsire
|-damage|p1a: Clodsire|49/100
|
|upkeep
|turn|2
|
|t:|1757952655
|move|p2a: Darkrai|Ice Beam|p1a: Clodsire
|-supereffective|p1a: Clodsire
|-damage|p1a: Clodsire|0 fnt
|faint|p1a: Clodsire
|
|upkeep
|
|t:|1757952663
|switch|p1a: Corviknight|Corviknight, F|100/100
|-ability|p1a: Corviknight|Pressure
|turn|3
|
|t:|1757952682
|switch|p2a: Skarmory|Skarmory, F|100/100
|move|p1a: Corviknight|Body Press|p2a: Skarmory
|-damage|p2a: Skarmory|86/100
|-damage|p1a: Corviknight|84/100|[from] item: Rocky Helmet|[of] p2a: Skarmory
|
|upkeep
|turn|4
|
|t:|1757952687
|switch|p1a: Servine|Servine, M|100/100
|move|p2a: Skarmory|Stealth Rock|p1a: Servine
|-sidestart|p1: brxinfreez|move: Stealth Rock
|
|upkeep
|turn|5
|
|t:|1757952691
|move|p1a: Servine|Glare|p2a: Skarmory
|-status|p2a: Skarmory|par
|move|p2a: Skarmory|Whirlwind|p1a: Servine
|drag|p1a: Dragapult|Dragapult, F|100/100
|
|upkeep
|turn|6
|
|t:|1757952718
|switch|p2a: Great Tusk|Great Tusk|100/100
|move|p1a: Dragapult|U-turn|p2a: Great Tusk
|-resisted|p2a: Great Tusk
|-damage|p2a: Great Tusk|95/100
|-damage|p1a: Dragapult|84/100|[from] item: Rocky Helmet|[of] p2a: Great Tusk
|
|t:|1757952725
|switch|p1a: Servine|Servine, M|100/100|[from] U-turn
|-damage|p1a: Servine|88/100|[from] Stealth Rock
|
|upkeep
|turn|7
|
|t:|1757952744
|move|p2a: Great Tusk|Knock Off|p1a: Servine
|-crit|p1a: Servine
|-damage|p1a: Servine|63/100
|-enditem|p1a: Servine|Eviolite|[from] move: Knock Off|[of] p2a: Great Tusk
|move|p1a: Servine|Glare|p2a: Great Tusk
|-status|p2a: Great Tusk|par
|
|upkeep
|turn|8
|
|t:|1757952753
|move|p1a: Servine|Knock Off|p2a: Great Tusk
|-resisted|p2a: Great Tusk
|-damage|p2a: Great Tusk|90/100 par
|-damage|p1a: Servine|46/100|[from] item: Rocky Helmet|[of] p2a: Great Tusk
|-enditem|p2a: Great Tusk|Rocky Helmet|[from] move: Knock Off|[of] p1a: Servine
|cant|p2a: Great Tusk|par
|
|upkeep
|turn|9
|
|t:|1757952770
|move|p1a: Servine|Glare|p2a: Great Tusk
|-fail|p2a: Great Tusk|par
|move|p2a: Great Tusk|Ice Spinner|p1a: Servine
|-supereffective|p1a: Servine
|-damage|p1a: Servine|0 fnt
|faint|p1a: Servine
|
|upkeep
|
|t:|1757952780
|switch|p1a: Dragapult|Dragapult, F|84/100
|turn|10
|
|t:|1757952783
|move|p1a: Dragapult|Hex|p2a: Great Tusk
|-damage|p2a: Great Tusk|18/100 par
|move|p2a: Great Tusk|Knock Off|p1a: Dragapult
|-supereffective|p1a: Dragapult
|-damage|p1a: Dragapult|5/100
|-enditem|p1a: Dragapult|Heavy-Duty Boots|[from] move: Knock Off|[of] p2a: Great Tusk
|
|upkeep
|turn|11
|
|t:|1757952788
|move|p1a: Dragapult|Hex|p2a: Great Tusk
|-damage|p2a: Great Tusk|0 fnt
|faint|p2a: Great Tusk
|-end|p2a: Great Tusk|Protosynthesis|[silent]
|
|upkeep
|
|t:|1757952812
|switch|p2a: Darkrai|Darkrai|100/100
|turn|12
|
|t:|1757952825
|move|p1a: Dragapult|Dragon Darts|p2a: Darkrai
|-damage|p2a: Darkrai|71/100
|-anim|p1a: Dragapult|Dragon Darts|p2a: Darkrai
|-damage|p2a: Darkrai|43/100
|move|p2a: Darkrai|Dark Pulse|p1a: Dragapult
|-supereffective|p1a: Dragapult
|-crit|p1a: Dragapult
|-damage|p1a: Dragapult|0 fnt
|faint|p1a: Dragapult
|
|upkeep
|
|t:|1757952828
|switch|p1a: Corviknight|Corviknight, F|84/100
|-damage|p1a: Corviknight|72/100|[from] Stealth Rock
|-ability|p1a: Corviknight|Pressure
|turn|13
|
|t:|1757952837
|switch|p2a: Skarmory|Skarmory, F|86/100 par
|move|p1a: Corviknight|Body Press|p2a: Skarmory
|-damage|p2a: Skarmory|72/100 par
|-damage|p1a: Corviknight|55/100|[from] item: Rocky Helmet|[of] p2a: Skarmory
|
|upkeep
|turn|14
|
|t:|1757952845
|move|p1a: Corviknight|Roost|p1a: Corviknight
|-heal|p1a: Corviknight|100/100
|-singleturn|p1a: Corviknight|move: Roost
|move|p2a: Skarmory|Roost|p2a: Skarmory
|-heal|p2a: Skarmory|100/100 par
|-singleturn|p2a: Skarmory|move: Roost
|
|upkeep
|turn|15
|
|t:|1757952847
|move|p1a: Corviknight|Iron Defense|p1a: Corviknight
|-boost|p1a: Corviknight|def|2
|move|p2a: Skarmory|Whirlwind|p1a: Corviknight
|drag|p1a: Sinistcha|Sinistcha|100/100
|
|upkeep
|turn|16
|
|t:|1757952853
|move|p1a: Sinistcha|Calm Mind|p1a: Sinistcha
|-boost|p1a: Sinistcha|spa|1
|-boost|p1a: Sinistcha|spd|1
|move|p2a: Skarmory|Brave Bird|p1a: Sinistcha
|-supereffective|p1a: Sinistcha
|-damage|p1a: Sinistcha|50/100
|-damage|p2a: Skarmory|83/100 par|[from] Recoil
|
|upkeep
|turn|17
|
|t:|1757952856
|move|p1a: Sinistcha|Strength Sap|p2a: Skarmory
|-unboost|p2a: Skarmory|atk|1
|-heal|p1a: Sinistcha|100/100
|move|p2a: Skarmory|Whirlwind|p1a: Sinistcha
|drag|p1a: Corviknight|Corviknight, F|100/100
|-damage|p1a: Corviknight|88/100|[from] Stealth Rock
|-ability|p1a: Corviknight|Pressure
|
|upkeep
|turn|18
|
|t:|1757952871
|move|p1a: Corviknight|Iron Defense|p1a: Corviknight
|-boost|p1a: Corviknight|def|2
|move|p2a: Skarmory|Whirlwind|p1a: Corviknight
|drag|p1a: Sinistcha|Sinistcha|100/100
|
|upkeep
|turn|19
|
|t:|1757952876
|switch|p1a: Corviknight|Corviknight, F|88/100
|-damage|p1a: Corviknight|76/100|[from] Stealth Rock
|-ability|p1a: Corviknight|Pressure
|move|p2a: Skarmory|Roost|p2a: Skarmory
|-heal|p2a: Skarmory|100/100 par
|-singleturn|p2a: Skarmory|move: Roost
|
|upkeep
|turn|20
|
|t:|1757952885
|move|p1a: Corviknight|Body Press|p2a: Skarmory
|-crit|p2a: Skarmory
|-damage|p2a: Skarmory|77/100 par
|-damage|p1a: Corviknight|59/100|[from] item: Rocky Helmet|[of] p2a: Skarmory
|cant|p2a: Skarmory|par
|
|upkeep
|turn|21
|
|t:|1757952889
|move|p1a: Corviknight|Roost|p1a: Corviknight
|-heal|p1a: Corviknight|100/100
|-singleturn|p1a: Corviknight|move: Roost
|cant|p2a: Skarmory|par
|
|upkeep
|turn|22
|
|t:|1757952891
|move|p1a: Corviknight|Iron Defense|p1a: Corviknight
|-boost|p1a: Corviknight|def|2
|move|p2a: Skarmory|Whirlwind|p1a: Corviknight
|drag|p1a: Dondozo|Dondozo, M|100/100
|-damage|p1a: Dondozo|88/100|[from] Stealth Rock
|
|-heal|p1a: Dondozo|94/100|[from] item: Leftovers
|upkeep
|turn|23
|
|t:|1757952898
|move|p1a: Dondozo|Curse|p1a: Dondozo
|-unboost|p1a: Dondozo|spe|1
|-boost|p1a: Dondozo|atk|1
|-boost|p1a: Dondozo|def|1
|cant|p2a: Skarmory|par
|
|-heal|p1a: Dondozo|99/100|[from] item: Leftovers
|upkeep
|turn|24
|
|t:|1757952901
|move|p1a: Dondozo|Curse|p1a: Dondozo
|-unboost|p1a: Dondozo|spe|1
|-boost|p1a: Dondozo|atk|1
|-boost|p1a: Dondozo|def|1
|move|p2a: Skarmory|Whirlwind|p1a: Dondozo
|drag|p1a: Corviknight|Corviknight, F|100/100
|-damage|p1a: Corviknight|88/100|[from] Stealth Rock
|-ability|p1a: Corviknight|Pressure
|
|upkeep
|turn|25
|
|t:|1757952903
|move|p1a: Corviknight|Iron Defense|p1a: Corviknight
|-boost|p1a: Corviknight|def|2
|cant|p2a: Skarmory|par
|
|upkeep
|turn|26
|
|t:|1757952905
|move|p1a: Corviknight|Iron Defense|p1a: Corviknight
|-boost|p1a: Corviknight|def|2
|move|p2a: Skarmory|Whirlwind|p1a: Corviknight
|drag|p1a: Dondozo|Dondozo, M|99/100
|-damage|p1a: Dondozo|88/100|[from] Stealth Rock
|
|-heal|p1a: Dondozo|94/100|[from] item: Leftovers
|upkeep
|turn|27
|
|t:|1757952907
|switch|p1a: Corviknight|Corviknight, F|88/100
|-damage|p1a: Corviknight|76/100|[from] Stealth Rock
|-ability|p1a: Corviknight|Pressure
|move|p2a: Skarmory|Whirlwind|p1a: Corviknight
|drag|p1a: Sinistcha|Sinistcha|100/100
|
|upkeep
|turn|28
|
|t:|1757952910
|switch|p1a: Corviknight|Corviknight, F|76/100
|-damage|p1a: Corviknight|64/100|[from] Stealth Rock
|-ability|p1a: Corviknight|Pressure
|move|p2a: Skarmory|Whirlwind|p1a: Corviknight
|drag|p1a: Dondozo|Dondozo, M|94/100
|-damage|p1a: Dondozo|81/100|[from] Stealth Rock
|
|-heal|p1a: Dondozo|88/100|[from] item: Leftovers
|upkeep
|turn|29
|
|t:|1757952912
|switch|p1a: Corviknight|Corviknight, F|64/100
|-damage|p1a: Corviknight|51/100|[from] Stealth Rock
|-ability|p1a: Corviknight|Pressure
|move|p2a: Skarmory|Whirlwind|p1a: Corviknight
|drag|p1a: Dondozo|Dondozo, M|88/100
|-damage|p1a: Dondozo|75/100|[from] Stealth Rock
|
|-heal|p1a: Dondozo|81/100|[from] item: Leftovers
|upkeep
|turn|30
|
|t:|1757952914
|switch|p1a: Corviknight|Corviknight, F|51/100
|-damage|p1a: Corviknight|39/100|[from] Stealth Rock
|-ability|p1a: Corviknight|Pressure
|cant|p2a: Skarmory|par
|
|upkeep
|turn|31
|
|t:|1757952915
|move|p1a: Corviknight|Roost|p1a: Corviknight
|-heal|p1a: Corviknight|89/100
|-singleturn|p1a: Corviknight|move: Roost
|move|p2a: Skarmory|Whirlwind|p1a: Corviknight
|drag|p1a: Dondozo|Dondozo, M|81/100
|-damage|p1a: Dondozo|69/100|[from] Stealth Rock
|
|-heal|p1a: Dondozo|75/100|[from] item: Leftovers
|upkeep
|turn|32
|
|t:|1757952918
|switch|p1a: Corviknight|Corviknight, F|89/100
|-damage|p1a: Corviknight|77/100|[from] Stealth Rock
|-ability|p1a: Corviknight|Pressure
|move|p2a: Skarmory|Whirlwind|p1a: Corviknight
|drag|p1a: Dondozo|Dondozo, M|75/100
|-damage|p1a: Dondozo|62/100|[from] Stealth Rock
|
|-heal|p1a: Dondozo|69/100|[from] item: Leftovers
|upkeep
|turn|33
|
|t:|1757952922
|move|p1a: Dondozo|Waterfall|p2a: Skarmory
|-damage|p2a: Skarmory|61/100 par
|-damage|p1a: Dondozo|52/100|[from] item: Rocky Helmet|[of] p2a: Skarmory
|move|p2a: Skarmory|Whirlwind|p1a: Dondozo
|drag|p1a: Sinistcha|Sinistcha|100/100
|
|upkeep
|turn|34
|
|t:|1757952925
|switch|p1a: Corviknight|Corviknight, F|77/100
|-damage|p1a: Corviknight|65/100|[from] Stealth Rock
|-ability|p1a: Corviknight|Pressure
|move|p2a: Skarmory|Roost|p2a: Skarmory
|-heal|p2a: Skarmory|100/100 par
|-singleturn|p2a: Skarmory|move: Roost
|
|upkeep
|turn|35
|
|t:|1757952941
|move|p1a: Corviknight|U-turn|p2a: Skarmory
|-resisted|p2a: Skarmory
|-damage|p2a: Skarmory|99/100 par
|-damage|p1a: Corviknight|48/100|[from] item: Rocky Helmet|[of] p2a: Skarmory
|
|t:|1757952943
|switch|p1a: Dondozo|Dondozo, M|52/100|[from] U-turn
|-damage|p1a: Dondozo|39/100|[from] Stealth Rock
|cant|p2a: Skarmory|par
|
|-heal|p1a: Dondozo|46/100|[from] item: Leftovers
|upkeep
|turn|36
|
|t:|1757952954
|move|p1a: Dondozo|Rest|p1a: Dondozo
|-status|p1a: Dondozo|slp|[from] move: Rest
|-heal|p1a: Dondozo|100/100 slp|[silent]
|cant|p2a: Skarmory|par
|
|upkeep
|turn|37
|
|t:|1757952961
|cant|p1a: Dondozo|slp
|move|p2a: Skarmory|Whirlwind|p1a: Dondozo
|drag|p1a: Sinistcha|Sinistcha|100/100
|
|upkeep
|turn|38
|
|t:|1757952974
|switch|p1a: Corviknight|Corviknight, F|48/100
|-damage|p1a: Corviknight|36/100|[from] Stealth Rock
|-ability|p1a: Corviknight|Pressure
|move|p2a: Skarmory|Whirlwind|p1a: Corviknight
|drag|p1a: Dondozo|Dondozo, M|100/100 slp
|-damage|p1a: Dondozo|88/100 slp|[from] Stealth Rock
|
|-heal|p1a: Dondozo|94/100 slp|[from] item: Leftovers
|upkeep
|turn|39
|
|t:|1757952986
|switch|p1a: Corviknight|Corviknight, F|36/100
|-damage|p1a: Corviknight|24/100|[from] Stealth Rock
|-ability|p1a: Corviknight|Pressure
|switch|p2a: Slowking|Slowking-Galar, F|100/100
|
|upkeep
|turn|40
|
|t:|1757952990
|move|p1a: Corviknight|Roost|p1a: Corviknight
|-heal|p1a: Corviknight|74/100
|-singleturn|p1a: Corviknight|move: Roost
|move|p2a: Slowking|Thunder Wave|p1a: Corviknight
|-status|p1a: Corviknight|par
|
|upkeep
|turn|41
|
|t:|1757952998
|switch|p1a: Dondozo|Dondozo, M|94/100 slp
|-damage|p1a: Dondozo|82/100 slp|[from] Stealth Rock
|move|p2a: Slowking|Future Sight|p1a: Dondozo
|-start|p2a: Slowking|move: Future Sight
|
|-heal|p1a: Dondozo|88/100 slp|[from] item: Leftovers
|upkeep
|turn|42
|
|t:|1757953001
|cant|p1a: Dondozo|slp
|-prepare|p2a: Slowking|Chilly Reception|[premajor]
|move|p2a: Slowking|Chilly Reception|p2a: Slowking
|-weather|Snowscape
|inactive|kqbuto has 120 seconds left.
|
|t:|1757953038
|switch|p2a: Rotom|Rotom-Wash|100/100|[from] Chilly Reception
|
|-weather|Snowscape|[upkeep]
|-heal|p1a: Dondozo|94/100 slp|[from] item: Leftovers
|upkeep
|turn|43
|
|t:|1757953049
|move|p2a: Rotom|Volt Switch|p1a: Dondozo
|-supereffective|p1a: Dondozo
|-damage|p1a: Dondozo|42/100 slp
|
|t:|1757953060
|switch|p2a: Slowking|Slowking-Galar, F|100/100|[from] Volt Switch
|-curestatus|p1a: Dondozo|slp|[msg]
|move|p1a: Dondozo|Rest|p1a: Dondozo
|-status|p1a: Dondozo|slp|[from] move: Rest
|-heal|p1a: Dondozo|100/100 slp|[silent]
|
|-weather|Snowscape|[upkeep]
|-end|p1a: Dondozo|move: Future Sight
|-damage|p1a: Dondozo|59/100 slp
|-heal|p1a: Dondozo|65/100 slp|[from] item: Leftovers
|upkeep
|turn|44
|
|t:|1757953067
|switch|p1a: Corviknight|Corviknight, F|74/100 par
|-damage|p1a: Corviknight|61/100 par|[from] Stealth Rock
|-ability|p1a: Corviknight|Pressure
|-prepare|p2a: Slowking|Chilly Reception|[premajor]
|move|p2a: Slowking|Chilly Reception|p2a: Slowking
|
|t:|1757953075
|switch|p2a: Rotom|Rotom-Wash|100/100|[from] Chilly Reception
|
|-weather|Snowscape|[upkeep]
|upkeep
|turn|45
|
|t:|1757953079
|move|p2a: Rotom|Volt Switch|p1a: Corviknight
|-supereffective|p1a: Corviknight
|-damage|p1a: Corviknight|12/100 par
|
|t:|1757953088
|switch|p2a: Slowking|Slowking-Galar, F|100/100|[from] Volt Switch
|move|p1a: Corviknight|Body Press|p2a: Slowking
|-resisted|p2a: Slowking
|-damage|p2a: Slowking|93/100
|
|-weather|Snowscape|[upkeep]
|upkeep
|turn|46
|
|t:|1757953094
|switch|p1a: Dondozo|Dondozo, M|65/100 slp
|-damage|p1a: Dondozo|52/100 slp|[from] Stealth Rock
|move|p2a: Slowking|Future Sight|p1a: Dondozo
|-start|p2a: Slowking|move: Future Sight
|
|-weather|none
|-heal|p1a: Dondozo|58/100 slp|[from] item: Leftovers
|upkeep
|turn|47
|
|t:|1757953103
|cant|p1a: Dondozo|slp
|move|p1a: Dondozo|Sleep Talk|p1a: Dondozo
|move|p1a: Dondozo|Waterfall|p2a: Slowking|[from] move: Sleep Talk
|-damage|p2a: Slowking|63/100
|-prepare|p2a: Slowking|Chilly Reception|[premajor]
|move|p2a: Slowking|Chilly Reception|p2a: Slowking
|-weather|Snowscape
|
|t:|1757953106
|switch|p2a: Rotom|Rotom-Wash|100/100|[from] Chilly Reception
|
|-weather|Snowscape|[upkeep]
|-heal|p1a: Dondozo|65/100 slp|[from] item: Leftovers
|upkeep
|turn|48
|
|t:|1757953113
|move|p2a: Rotom|Volt Switch|p1a: Dondozo
|-supereffective|p1a: Dondozo
|-damage|p1a: Dondozo|18/100 slp
|
|t:|1757953116
|switch|p2a: Slowking|Slowking-Galar, F|97/100|[from] Volt Switch
|cant|p1a: Dondozo|slp
|move|p1a: Dondozo|Sleep Talk|p1a: Dondozo
|move|p1a: Dondozo|Rest||[from] move: Sleep Talk|[still]
|-fail|p1a: Dondozo
|
|-weather|Snowscape|[upkeep]
|-end|p1a: Dondozo|move: Future Sight
|-damage|p1a: Dondozo|0 fnt
|faint|p1a: Dondozo
|upkeep
|
|t:|1757953119
|switch|p1a: Corviknight|Corviknight, F|12/100 par
|-damage|p1a: Corviknight|0 fnt|[from] Stealth Rock
|faint|p1a: Corviknight
|
|t:|1757953122
|switch|p1a: Sinistcha|Sinistcha|100/100
|turn|49
|c|☆kqbuto|ggs
|
|t:|1757953129
|move|p1a: Sinistcha|Calm Mind|p1a: Sinistcha
|-boost|p1a: Sinistcha|spa|1
|-boost|p1a: Sinistcha|spd|1
|move|p2a: Slowking|Future Sight|p1a: Sinistcha
|-start|p2a: Slowking|move: Future Sight
|
|-weather|Snowscape|[upkeep]
|upkeep
|turn|50
|
|t:|1757953134
|move|p1a: Sinistcha|Calm Mind|p1a: Sinistcha
|-boost|p1a: Sinistcha|spa|1
|-boost|p1a: Sinistcha|spd|1
|move|p2a: Slowking|Sludge Bomb|p1a: Sinistcha
|-damage|p1a: Sinistcha|81/100
|
|-weather|Snowscape|[upkeep]
|upkeep
|turn|51
|
|t:|1757953140
|move|p1a: Sinistcha|Calm Mind|p1a: Sinistcha
|-boost|p1a: Sinistcha|spa|1
|-boost|p1a: Sinistcha|spd|1
|move|p2a: Slowking|Thunder Wave|p1a: Sinistcha
|-status|p1a: Sinistcha|par
|
|-weather|none
|-end|p1a: Sinistcha|move: Future Sight
|-damage|p1a: Sinistcha|61/100 par
|upkeep
|turn|52
|
|t:|1757953143
|move|p1a: Sinistcha|Matcha Gotcha|p2a: Slowking
|-resisted|p2a: Slowking
|-damage|p2a: Slowking|75/100
|-heal|p1a: Sinistcha|74/100 par|[from] drain|[of] p2a: Slowking
|-status|p2a: Slowking|brn
|-prepare|p2a: Slowking|Chilly Reception|[premajor]
|move|p2a: Slowking|Chilly Reception|p2a: Slowking
|-weather|Snowscape
|
|t:|1757953150
|switch|p2a: Darkrai|Darkrai|43/100|[from] Chilly Reception
|
|-weather|Snowscape|[upkeep]
|upkeep
|turn|53
|
|t:|1757953169
|-terastallize|p2a: Darkrai|Dark
|move|p2a: Darkrai|Dark Pulse|p1a: Sinistcha
|-supereffective|p1a: Sinistcha
|-damage|p1a: Sinistcha|0 fnt
|faint|p1a: Sinistcha
|
|win|kqbuto
|raw|brxinfreez's rating: 1383 &rarr; <strong>1358</strong><br />(-25 for losing)
|raw|kqbuto's rating: 1302 &rarr; <strong>1327</strong><br />(+25 for winning)
|l|☆brxinfreez
|player|p1|
|l|☆kqbuto
|player|p2|
