|j|☆tregafzzg4
|j|‽Detmys
|t:|1757808532
|gametype|singles
|player|p1|tregafzzg4|sage|1417
|player|p2|Detmys|102|1421
|gen|9
|tier|[Gen 9] OU
|rated|
|rule|HP Percentage Mod: HP is shown in percentages
|rule|Endless Battle Clause: Forcing endless battles is banned
|rule|Species Clause: Limit one of each Pokémon
|rule|OHKO Clause: OHKO moves are banned
|rule|Evasion Items Clause: Evasion items are banned
|rule|Evasion Moves Clause: Evasion moves are banned
|rule|Evasion Abilities Clause: Evasion abilities are banned
|rule|Sleep Moves Clause: Sleep-inducing moves are banned
|clearpoke
|poke|p1|Clodsire, M|
|poke|p1|Dragapult, F|
|poke|p1|Weezing-Galar, M|
|poke|p1|Kyurem|
|poke|p1|Moltres|
|poke|p1|Scizor, F|
|poke|p2|Great Tusk|
|poke|p2|Slowking-Galar, M|
|poke|p2|Alomomola, M|
|poke|p2|Kingambit, M|
|poke|p2|Dragapult, F|
|poke|p2|Toucannon, F|
|teampreview
|inactive|Battle timer is ON: inactive players will automatically lose when time's up. (requested by Detmys)
|
|t:|1757808549
|teamsize|p1|6
|teamsize|p2|6
|start
|switch|p1a: Dragapult|Dragapult, F|100/100
|switch|p2a: Toucannon|Toucannon, F|100/100
|turn|1
|
|t:|1757808570
|switch|p1a: Moltres|Moltres|100/100
|switch|p2a: Alomomola|Alomomola, M|100/100
|
|upkeep
|turn|2
|
|t:|1757808576
|move|p1a: Moltres|U-turn|p2a: Alomomola
|-damage|p2a: Alomomola|92/100
|
|t:|1757808578
|switch|p1a: Weezing|Weezing-Galar, M|100/100|[from] U-turn
|move|p2a: Alomomola|Flip Turn|p1a: Weezing
|-damage|p1a: Weezing|91/100
|-damage|p2a: Alomomola|76/100|[from] item: Rocky Helmet|[of] p1a: Weezing
|
|t:|1757808599
|switch|p2a: Slowking|Slowking-Galar, M|100/100|[from] Flip Turn
|
|upkeep
|turn|3
|
|t:|1757808615
|switch|p1a: Scizor|Scizor, F|100/100
|move|p2a: Slowking|Thunder Wave|p1a: Scizor
|-status|p1a: Scizor|par
|
|upkeep
|turn|4
|
|t:|1757808621
|move|p1a: Scizor|Knock Off|p2a: Slowking
|-supereffective|p2a: Slowking
|-damage|p2a: Slowking|0 fnt
|-enditem|p2a: Slowking|Heavy-Duty Boots|[from] move: Knock Off|[of] p1a: Scizor
|faint|p2a: Slowking
|
|upkeep
|
|t:|1757808627
|switch|p2a: Kingambit|Kingambit, M|100/100
|-activate|p2a: Kingambit|ability: Supreme Overlord
|-start|p2a: Kingambit|fallen1|[silent]
|turn|5
|
|t:|1757808634
|switch|p1a: Moltres|Moltres|100/100
|move|p2a: Kingambit|Swords Dance|p2a: Kingambit
|-boost|p2a: Kingambit|atk|2
|
|upkeep
|turn|6
|
|t:|1757808652
|-terastallize|p2a: Kingambit|Fire
|move|p1a: Moltres|Flamethrower|p2a: Kingambit
|-resisted|p2a: Kingambit
|-damage|p2a: Kingambit|80/100
|move|p2a: Kingambit|Swords Dance|p2a: Kingambit
|-boost|p2a: Kingambit|atk|2
|
|-heal|p2a: Kingambit|86/100|[from] item: Leftovers
|upkeep
|turn|7
|inactive|tregafzzg4 has 120 seconds left.
|
|t:|1757808682
|move|p1a: Moltres|Scorching Sands|p2a: Kingambit
|-supereffective|p2a: Kingambit
|-damage|p2a: Kingambit|38/100
|move|p2a: Kingambit|Kowtow Cleave|p1a: Moltres
|-damage|p1a: Moltres|0 fnt
|faint|p1a: Moltres
|
|-heal|p2a: Kingambit|44/100|[from] item: Leftovers
|upkeep
|inactive|tregafzzg4 has 120 seconds left.
|
|t:|1757808691
|switch|p1a: Dragapult|Dragapult, F|100/100
|turn|8
|
|t:|1757808696
|move|p2a: Kingambit|Sucker Punch||[still]
|-fail|p2a: Kingambit
|move|p1a: Dragapult|Substitute|p1a: Dragapult
|-start|p1a: Dragapult|Substitute
|-damage|p1a: Dragapult|76/100
|
|-heal|p2a: Kingambit|51/100|[from] item: Leftovers
|upkeep
|turn|9
|
|t:|1757808705
|move|p2a: Kingambit|Sucker Punch|p1a: Dragapult
|-supereffective|p1a: Dragapult
|-end|p1a: Dragapult|Substitute
|move|p1a: Dragapult|Dragon Darts|p2a: Kingambit
|-damage|p2a: Kingambit|27/100
|-anim|p1a: Dragapult|Dragon Darts|p2a: Kingambit
|-damage|p2a: Kingambit|4/100
|
|-heal|p2a: Kingambit|10/100|[from] item: Leftovers
|upkeep
|turn|10
|
|t:|1757808714
|switch|p1a: Weezing|Weezing-Galar, M|91/100
|-end|p2a: Kingambit|fallen1|[silent]
|switch|p2a: Alomomola|Alomomola, M|100/100
|
|upkeep
|turn|11
|
|t:|1757808722
|move|p1a: Weezing|Strange Steam|p2a: Alomomola
|-damage|p2a: Alomomola|71/100
|move|p2a: Alomomola|Wish|p2a: Alomomola
|
|upkeep
|turn|12
|
|t:|1757808727
|switch|p1a: Scizor|Scizor, F|100/100 par
|move|p2a: Alomomola|Flip Turn|p1a: Scizor
|-damage|p1a: Scizor|83/100 par
|
|t:|1757808734
|switch|p2a: Kingambit|Kingambit, M, tera:Fire|10/100|[from] Flip Turn
|-activate|p2a: Kingambit|ability: Supreme Overlord
|-start|p2a: Kingambit|fallen1|[silent]
|
|-heal|p2a: Kingambit|88/100|[from] move: Wish|[wisher] Alomomola
|-heal|p2a: Kingambit|94/100|[from] item: Leftovers
|upkeep
|turn|13
|inactive|Detmys has 120 seconds left.
|
|t:|1757808771
|-end|p2a: Kingambit|fallen1|[silent]
|switch|p2a: Great Tusk|Great Tusk|100/100
|move|p1a: Scizor|Close Combat|p2a: Great Tusk
|-damage|p2a: Great Tusk|58/100
|-unboost|p1a: Scizor|def|1
|-unboost|p1a: Scizor|spd|1
|-damage|p1a: Scizor|67/100 par|[from] item: Rocky Helmet|[of] p2a: Great Tusk
|
|upkeep
|turn|14
|inactive|Detmys has 120 seconds left.
|
|t:|1757808779
|switch|p1a: Weezing|Weezing-Galar, M|91/100
|move|p2a: Great Tusk|Stealth Rock|p1a: Weezing
|-sidestart|p1: tregafzzg4|move: Stealth Rock
|
|upkeep
|turn|15
|inactive|Detmys has 120 seconds left.
|
|t:|1757808810
|-end|p2a: Great Tusk|Protosynthesis|[silent]
|switch|p2a: Dragapult|Dragapult, F|100/100
|move|p1a: Weezing|Strange Steam|p2a: Dragapult
|-supereffective|p2a: Dragapult
|-damage|p2a: Dragapult|23/100
|
|upkeep
|turn|16
|
|t:|1757808820
|switch|p2a: Alomomola|Alomomola, M|100/100
|switch|p1a: Clodsire|Clodsire, M|100/100
|
|upkeep
|turn|17
|
|t:|1757808826
|move|p2a: Alomomola|Wish|p2a: Alomomola
|move|p1a: Clodsire|Toxic|p2a: Alomomola
|-status|p2a: Alomomola|tox
|
|-damage|p2a: Alomomola|94/100 tox|[from] psn
|upkeep
|turn|18
|
|t:|1757808835
|switch|p2a: Dragapult|Dragapult, F|23/100
|move|p1a: Clodsire|Stealth Rock|p2a: Dragapult
|-sidestart|p2: Detmys|move: Stealth Rock
|
|-heal|p2a: Dragapult|100/100|[from] move: Wish|[wisher] Alomomola
|upkeep
|turn|19
|inactive|Detmys has 120 seconds left.
|
|t:|1757808853
|move|p2a: Dragapult|Dragon Darts|p1a: Clodsire
|-damage|p1a: Clodsire|77/100
|-anim|p2a: Dragapult|Dragon Darts|p1a: Clodsire
|-damage|p1a: Clodsire|53/100
|move|p1a: Clodsire|Toxic|p2a: Dragapult
|-status|p2a: Dragapult|tox
|
|-damage|p2a: Dragapult|95/100 tox|[from] psn
|upkeep
|turn|20
|
|t:|1757808862
|switch|p1a: Weezing|Weezing-Galar, M|91/100
|-damage|p1a: Weezing|78/100|[from] Stealth Rock
|move|p2a: Dragapult|Will-O-Wisp|p1a: Weezing
|-status|p1a: Weezing|brn
|
|-damage|p2a: Dragapult|83/100 tox|[from] psn
|-damage|p1a: Weezing|72/100 brn|[from] brn
|upkeep
|turn|21
|inactive|Detmys has 120 seconds left.
|
|t:|1757808872
|move|p2a: Dragapult|Hex|p1a: Weezing
|-damage|p1a: Weezing|4/100 brn
|move|p1a: Weezing|Strange Steam|p2a: Dragapult
|-supereffective|p2a: Dragapult
|-damage|p2a: Dragapult|0 fnt
|faint|p2a: Dragapult
|
|-damage|p1a: Weezing|0 fnt|[from] brn
|faint|p1a: Weezing
|upkeep
|inactive|Detmys has 120 seconds left.
|
|t:|1757808891
|switch|p2a: Great Tusk|Great Tusk|58/100
|switch|p1a: Kyurem|Kyurem|100/100
|-damage|p1a: Kyurem|76/100|[from] Stealth Rock
|-ability|p1a: Kyurem|Pressure
|-damage|p2a: Great Tusk|55/100|[from] Stealth Rock
|turn|22
|
|t:|1757808915
|move|p1a: Kyurem|Draco Meteor|p2a: Great Tusk
|-damage|p2a: Great Tusk|0 fnt
|-unboost|p1a: Kyurem|spa|2
|faint|p2a: Great Tusk
|-end|p2a: Great Tusk|Protosynthesis|[silent]
|
|upkeep
|inactive|Detmys has 90 seconds left.
|
|t:|1757808939
|switch|p2a: Kingambit|Kingambit, M, tera:Fire|94/100
|-damage|p2a: Kingambit|69/100|[from] Stealth Rock
|-activate|p2a: Kingambit|ability: Supreme Overlord
|-start|p2a: Kingambit|fallen3|[silent]
|turn|23
|inactive|Detmys has 90 seconds left.
|
|t:|1757808946
|switch|p1a: Clodsire|Clodsire, M|53/100
|move|p2a: Kingambit|Swords Dance|p2a: Kingambit
|-boost|p2a: Kingambit|atk|2
|
|-heal|p2a: Kingambit|76/100|[from] item: Leftovers
|upkeep
|turn|24
|
|t:|1757808954
|move|p2a: Kingambit|Kowtow Cleave|p1a: Clodsire
|-damage|p1a: Clodsire|0 fnt
|faint|p1a: Clodsire
|
|-heal|p2a: Kingambit|82/100|[from] item: Leftovers
|upkeep
|
|t:|1757808957
|switch|p1a: Kyurem|Kyurem|76/100
|-damage|p1a: Kyurem|51/100|[from] Stealth Rock
|-ability|p1a: Kyurem|Pressure
|turn|25
|
|t:|1757808967
|move|p1a: Kyurem|Earth Power|p2a: Kingambit
|-supereffective|p2a: Kingambit
|-damage|p2a: Kingambit|1/100
|move|p2a: Kingambit|Kowtow Cleave|p1a: Kyurem
|-damage|p1a: Kyurem|0 fnt
|faint|p1a: Kyurem
|
|-heal|p2a: Kingambit|8/100|[from] item: Leftovers
|upkeep
|
|t:|1757808971
|switch|p1a: Dragapult|Dragapult, F|76/100
|turn|26
|
|t:|1757808985
|move|p1a: Dragapult|Dragon Darts|p2a: Kingambit
|-damage|p2a: Kingambit|0 fnt
|faint|p2a: Kingambit
|-end|p2a: Kingambit|fallen3|[silent]
|
|upkeep
|
|t:|1757808991
|switch|p2a: Alomomola|Alomomola, M|100/100 tox
|turn|27
|
|t:|1757808996
|move|p1a: Dragapult|Substitute|p1a: Dragapult
|-start|p1a: Dragapult|Substitute
|-damage|p1a: Dragapult|51/100
|move|p2a: Alomomola|Scald|p1a: Dragapult
|-resisted|p1a: Dragapult
|-activate|p1a: Dragapult|move: Substitute|[damage]
|
|-damage|p2a: Alomomola|94/100 tox|[from] psn
|upkeep
|turn|28
|
|t:|1757809004
|move|p1a: Dragapult|Dragon Dance|p1a: Dragapult
|-boost|p1a: Dragapult|atk|1
|-boost|p1a: Dragapult|spe|1
|move|p2a: Alomomola|Scald|p1a: Dragapult
|-resisted|p1a: Dragapult
|-activate|p1a: Dragapult|move: Substitute|[damage]
|
|-damage|p2a: Alomomola|82/100 tox|[from] psn
|upkeep
|turn|29
|
|t:|1757809012
|move|p1a: Dragapult|Dragon Dance|p1a: Dragapult
|-boost|p1a: Dragapult|atk|1
|-boost|p1a: Dragapult|spe|1
|move|p2a: Alomomola|Scald|p1a: Dragapult
|-resisted|p1a: Dragapult
|-end|p1a: Dragapult|Substitute
|
|-damage|p2a: Alomomola|63/100 tox|[from] psn
|upkeep
|turn|30
|
|t:|1757809022
|move|p1a: Dragapult|Substitute|p1a: Dragapult
|-start|p1a: Dragapult|Substitute
|-damage|p1a: Dragapult|26/100
|move|p2a: Alomomola|Wish|p2a: Alomomola
|
|-damage|p2a: Alomomola|39/100 tox|[from] psn
|upkeep
|turn|31
|
|t:|1757809029
|switch|p2a: Toucannon|Toucannon, F|100/100
|-damage|p2a: Toucannon|76/100|[from] Stealth Rock
|move|p1a: Dragapult|Dragon Dance|p1a: Dragapult
|-boost|p1a: Dragapult|atk|1
|-boost|p1a: Dragapult|spe|1
|
|-heal|p2a: Toucannon|100/100|[from] move: Wish|[wisher] Alomomola
|upkeep
|turn|32
|
|t:|1757809040
|move|p1a: Dragapult|Dragon Darts|p2a: Toucannon
|-crit|p2a: Toucannon
|-damage|p2a: Toucannon|0 fnt
|faint|p2a: Toucannon
|
|upkeep
|
|t:|1757809044
|switch|p2a: Alomomola|Alomomola, M|72/100 tox
|turn|33
|c|☆tregafzzg4|gg
|
|t:|1757809049
|-terastallize|p1a: Dragapult|Ghost
|move|p1a: Dragapult|Tera Blast|p2a: Alomomola|[anim] Tera Blast Ghost
|-damage|p2a: Alomomola|1/100 tox
|move|p2a: Alomomola|Scald|p1a: Dragapult
|-activate|p1a: Dragapult|move: Substitute|[damage]
|
|-damage|p2a: Alomomola|0 fnt|[from] psn
|faint|p2a: Alomomola
|
|win|tregafzzg4
|raw|tregafzzg4's rating: 1417 &rarr; <strong>1437</strong><br />(+20 for winning)
|raw|Detmys's rating: 1421 &rarr; <strong>1401</strong><br />(-20 for losing)
|l|‽Detmys
|player|p2|
|l|☆tregafzzg4
|player|p1|
