|j|‽Sdwwwpwp
|j|☆123ezaqsd
|t:|1757832454
|gametype|singles
|player|p1|Sdwwwpwp|265|1115
|player|p2|123ezaqsd|265|1140
|gen|9
|tier|[Gen 9] OU
|rated|
|rule|HP Percentage Mod: HP is shown in percentages
|rule|Endless Battle Clause: Forcing endless battles is banned
|rule|Species Clause: Limit one of each Pokémon
|rule|OHKO Clause: OHKO moves are banned
|rule|Evasion Items Clause: Evasion items are banned
|rule|Evasion Moves Clause: Evasion moves are banned
|rule|Evasion Abilities Clause: Evasion abilities are banned
|rule|Sleep Moves Clause: Sleep-inducing moves are banned
|clearpoke
|poke|p1|Braviary-Hisui, M|
|poke|p1|Kommo-o, F|
|poke|p1|Hatterene, F|
|poke|p1|Ribombee, F|
|poke|p1|Zapdos-Galar|
|poke|p1|Gyarados, F|
|poke|p2|Alomomola, F|
|poke|p2|Slowking-Galar, M|
|poke|p2|Amoonguss, F|
|poke|p2|Dondozo, F|
|poke|p2|Blissey, F|
|poke|p2|Clefable, M|
|teampreview
|inactive|Battle timer is ON: inactive players will automatically lose when time's up. (requested by Sdwwwpwp)
|
|t:|1757832469
|teamsize|p1|6
|teamsize|p2|6
|start
|switch|p1a: Ribombee|Ribombee, F|100/100
|switch|p2a: Clefable|Clefable, M|100/100
|turn|1
|
|t:|1757832476
|move|p1a: Ribombee|Stun Spore|p2a: Clefable
|-status|p2a: Clefable|par
|move|p2a: Clefable|Stealth Rock|p1a: Ribombee
|-sidestart|p1: Sdwwwpwp|move: Stealth Rock
|
|upkeep
|turn|2
|
|t:|1757832484
|move|p1a: Ribombee|Skill Swap|p2a: Clefable
|-activate|p1a: Ribombee|move: Skill Swap|Magic Guard|Honey Gather|[of] p2a: Clefable
|cant|p2a: Clefable|par
|
|upkeep
|turn|3
|
|t:|1757832489
|move|p1a: Ribombee|Moonblast|p2a: Clefable
|-damage|p2a: Clefable|71/100 par
|move|p2a: Clefable|Thunder Wave|p1a: Ribombee|[miss]
|-miss|p2a: Clefable|p1a: Ribombee
|
|-heal|p2a: Clefable|77/100 par|[from] item: Leftovers
|upkeep
|turn|4
|
|t:|1757832497
|switch|p1a: Hatterene|Hatterene, F|100/100
|-damage|p1a: Hatterene|88/100|[from] Stealth Rock
|move|p2a: Clefable|Thunder Wave|p1a: Hatterene
|move|p1a: Hatterene|Thunder Wave|p2a: Clefable|[from] ability: Magic Bounce
|-fail|p2a: Clefable|par
|
|-heal|p2a: Clefable|83/100 par|[from] item: Leftovers
|upkeep
|turn|5
|
|t:|1757832513
|switch|p2a: Blissey|Blissey, F|100/100
|move|p1a: Hatterene|Draining Kiss|p2a: Blissey
|-damage|p2a: Blissey|91/100
|-heal|p1a: Hatterene|100/100|[from] drain|[of] p2a: Blissey
|
|-heal|p2a: Blissey|97/100|[from] item: Leftovers
|upkeep
|turn|6
|
|t:|1757832518
|move|p2a: Blissey|Seismic Toss|p1a: Hatterene
|-damage|p1a: Hatterene|69/100
|move|p1a: Hatterene|Psyshock|p2a: Blissey
|-damage|p2a: Blissey|43/100
|
|-heal|p2a: Blissey|49/100|[from] item: Leftovers
|upkeep
|turn|7
|
|t:|1757832527
|switch|p2a: Alomomola|Alomomola, F|100/100
|move|p1a: Hatterene|Psyshock|p2a: Alomomola
|-damage|p2a: Alomomola|75/100
|
|upkeep
|turn|8
|
|t:|1757832535
|move|p2a: Alomomola|Wish|p2a: Alomomola
|move|p1a: Hatterene|Nuzzle|p2a: Alomomola
|-supereffective|p2a: Alomomola
|-damage|p2a: Alomomola|69/100
|-status|p2a: Alomomola|par
|
|upkeep
|turn|9
|
|t:|1757832540
|move|p1a: Hatterene|Psyshock|p2a: Alomomola
|-damage|p2a: Alomomola|44/100 par
|move|p2a: Alomomola|Flip Turn|p1a: Hatterene
|-damage|p1a: Hatterene|50/100
|
|t:|1757832550
|switch|p2a: Amoonguss|Amoonguss, F|100/100|[from] Flip Turn
|
|upkeep
|turn|10
|
|t:|1757832563
|switch|p2a: Blissey|Blissey, F|49/100
|move|p1a: Hatterene|Nuzzle|p2a: Blissey
|-damage|p2a: Blissey|44/100
|-status|p2a: Blissey|par
|
|-heal|p2a: Blissey|50/100 par|[from] item: Leftovers
|upkeep
|turn|11
|
|t:|1757832570
|-curestatus|p2a: Blissey|par|[from] ability: Natural Cure
|switch|p2a: Alomomola|Alomomola, F|77/100 par
|move|p1a: Hatterene|Psyshock|p2a: Alomomola
|-damage|p2a: Alomomola|53/100 par
|
|upkeep
|turn|12
|
|t:|1757832578
|move|p1a: Hatterene|Draining Kiss|p2a: Alomomola
|-damage|p2a: Alomomola|17/100 par
|-heal|p1a: Hatterene|96/100|[from] drain|[of] p2a: Alomomola
|move|p2a: Alomomola|Wish|p2a: Alomomola
|
|upkeep
|turn|13
|
|t:|1757832584
|move|p2a: Alomomola|Protect|p2a: Alomomola
|-singleturn|p2a: Alomomola|Protect
|move|p1a: Hatterene|Psyshock|p2a: Alomomola
|-activate|p2a: Alomomola|move: Protect
|
|-heal|p2a: Alomomola|67/100 par|[from] move: Wish|[wisher] Alomomola
|upkeep
|turn|14
|
|t:|1757832598
|switch|p2a: Clefable|Clefable, M|83/100 par
|move|p1a: Hatterene|Draining Kiss|p2a: Clefable
|-damage|p2a: Clefable|57/100 par
|-heal|p1a: Hatterene|100/100|[from] drain|[of] p2a: Clefable
|
|-heal|p2a: Clefable|63/100 par|[from] item: Leftovers
|upkeep
|turn|15
|
|t:|1757832608
|move|p1a: Hatterene|Draining Kiss|p2a: Clefable
|-damage|p2a: Clefable|37/100 par
|move|p2a: Clefable|Moonlight|p2a: Clefable
|-heal|p2a: Clefable|87/100 par
|
|-heal|p2a: Clefable|93/100 par|[from] item: Leftovers
|upkeep
|turn|16
|
|t:|1757832617
|move|p1a: Hatterene|Draining Kiss|p2a: Clefable
|-damage|p2a: Clefable|67/100 par
|move|p2a: Clefable|Moonblast|p1a: Hatterene
|-damage|p1a: Hatterene|79/100
|-unboost|p1a: Hatterene|spa|1
|
|-heal|p2a: Clefable|73/100 par|[from] item: Leftovers
|upkeep
|turn|17
|
|t:|1757832631
|switch|p2a: Slowking|Slowking-Galar, M|100/100
|move|p1a: Hatterene|Draining Kiss|p2a: Slowking
|-resisted|p2a: Slowking
|-damage|p2a: Slowking|94/100
|-heal|p1a: Hatterene|84/100|[from] drain|[of] p2a: Slowking
|
|upkeep
|turn|18
|
|t:|1757832639
|move|p1a: Hatterene|Nuzzle|p2a: Slowking
|-damage|p2a: Slowking|90/100
|-status|p2a: Slowking|par
|cant|p2a: Slowking|par
|
|upkeep
|turn|19
|
|t:|1757832645
|move|p1a: Hatterene|Mystical Fire|p2a: Slowking
|-damage|p2a: Slowking|78/100 par
|-unboost|p2a: Slowking|spa|1
|move|p2a: Slowking|Sludge Bomb|p1a: Hatterene
|-supereffective|p1a: Hatterene
|-damage|p1a: Hatterene|54/100
|
|upkeep
|turn|20
|
|t:|1757832656
|move|p1a: Hatterene|Psyshock|p2a: Slowking
|-damage|p2a: Slowking|44/100 par
|move|p2a: Slowking|Sludge Bomb|p1a: Hatterene
|-supereffective|p1a: Hatterene
|-damage|p1a: Hatterene|25/100
|-status|p1a: Hatterene|psn
|
|-damage|p1a: Hatterene|12/100 psn|[from] psn
|upkeep
|turn|21
|
|t:|1757832663
|switch|p2a: Clefable|Clefable, M|73/100 par
|move|p1a: Hatterene|Psyshock|p2a: Clefable
|-crit|p2a: Clefable
|-damage|p2a: Clefable|16/100 par
|
|-heal|p2a: Clefable|22/100 par|[from] item: Leftovers
|-damage|p1a: Hatterene|0 fnt|[from] psn
|faint|p1a: Hatterene
|upkeep
|
|t:|1757832667
|switch|p1a: Gyarados|Gyarados, F|100/100
|-damage|p1a: Gyarados|76/100|[from] Stealth Rock
|turn|22
|
|t:|1757832673
|move|p1a: Gyarados|Waterfall|p2a: Clefable
|-damage|p2a: Clefable|0 fnt
|faint|p2a: Clefable
|-ability|p1a: Gyarados|Moxie|boost
|-boost|p1a: Gyarados|atk|1
|
|-heal|p1a: Gyarados|82/100|[from] item: Leftovers
|upkeep
|
|t:|1757832676
|switch|p2a: Dondozo|Dondozo, F|100/100
|turn|23
|
|t:|1757832682
|move|p1a: Gyarados|Waterfall|p2a: Dondozo
|-resisted|p2a: Dondozo
|-damage|p2a: Dondozo|91/100
|cant|p2a: Dondozo|flinch
|
|-heal|p1a: Gyarados|88/100|[from] item: Leftovers
|-heal|p2a: Dondozo|97/100|[from] item: Leftovers
|upkeep
|turn|24
|
|t:|1757832687
|move|p1a: Gyarados|Earthquake|p2a: Dondozo
|-damage|p2a: Dondozo|83/100
|move|p2a: Dondozo|Curse|p2a: Dondozo
|-unboost|p2a: Dondozo|spe|1
|-boost|p2a: Dondozo|atk|1
|-boost|p2a: Dondozo|def|1
|
|-heal|p1a: Gyarados|94/100|[from] item: Leftovers
|-heal|p2a: Dondozo|89/100|[from] item: Leftovers
|upkeep
|turn|25
|
|t:|1757832702
|move|p1a: Gyarados|Earthquake|p2a: Dondozo
|-damage|p2a: Dondozo|79/100
|move|p2a: Dondozo|Curse|p2a: Dondozo
|-unboost|p2a: Dondozo|spe|1
|-boost|p2a: Dondozo|atk|1
|-boost|p2a: Dondozo|def|1
|
|-heal|p1a: Gyarados|99/100|[from] item: Leftovers
|-heal|p2a: Dondozo|85/100|[from] item: Leftovers
|upkeep
|turn|26
|
|t:|1757832708
|move|p1a: Gyarados|Earthquake|p2a: Dondozo
|-damage|p2a: Dondozo|77/100
|move|p2a: Dondozo|Curse|p2a: Dondozo
|-unboost|p2a: Dondozo|spe|1
|-boost|p2a: Dondozo|atk|1
|-boost|p2a: Dondozo|def|1
|
|-heal|p1a: Gyarados|100/100|[from] item: Leftovers
|-heal|p2a: Dondozo|83/100|[from] item: Leftovers
|upkeep
|turn|27
|
|t:|1757832734
|move|p1a: Gyarados|Waterfall|p2a: Dondozo
|-resisted|p2a: Dondozo
|-damage|p2a: Dondozo|79/100
|cant|p2a: Dondozo|flinch
|
|-heal|p2a: Dondozo|86/100|[from] item: Leftovers
|upkeep
|turn|28
|
|t:|1757832747
|move|p1a: Gyarados|Earthquake|p2a: Dondozo
|-damage|p2a: Dondozo|79/100
|move|p2a: Dondozo|Curse|p2a: Dondozo
|-unboost|p2a: Dondozo|spe|1
|-boost|p2a: Dondozo|atk|1
|-boost|p2a: Dondozo|def|1
|
|-heal|p2a: Dondozo|85/100|[from] item: Leftovers
|upkeep
|turn|29
|
|t:|1757832757
|move|p1a: Gyarados|Earthquake|p2a: Dondozo
|-damage|p2a: Dondozo|81/100
|move|p2a: Dondozo|Waterfall|p1a: Gyarados
|-resisted|p1a: Gyarados
|-damage|p1a: Gyarados|45/100
|
|-heal|p1a: Gyarados|51/100|[from] item: Leftovers
|-heal|p2a: Dondozo|87/100|[from] item: Leftovers
|upkeep
|turn|30
|
|t:|1757832765
|move|p1a: Gyarados|Waterfall|p2a: Dondozo
|-resisted|p2a: Dondozo
|-damage|p2a: Dondozo|84/100
|move|p2a: Dondozo|Curse|p2a: Dondozo
|-unboost|p2a: Dondozo|spe|1
|-boost|p2a: Dondozo|atk|1
|-boost|p2a: Dondozo|def|1
|
|-heal|p1a: Gyarados|57/100|[from] item: Leftovers
|-heal|p2a: Dondozo|90/100|[from] item: Leftovers
|upkeep
|turn|31
|
|t:|1757832771
|move|p1a: Gyarados|Waterfall|p2a: Dondozo
|-resisted|p2a: Dondozo
|-damage|p2a: Dondozo|87/100
|move|p2a: Dondozo|Curse|p2a: Dondozo
|-unboost|p2a: Dondozo|spe|1
|-boost|p2a: Dondozo|atk|1
|-boost|p2a: Dondozo|def|1
|
|-heal|p1a: Gyarados|63/100|[from] item: Leftovers
|-heal|p2a: Dondozo|93/100|[from] item: Leftovers
|upkeep
|turn|32
|
|t:|1757832774
|move|p1a: Gyarados|Waterfall|p2a: Dondozo
|-resisted|p2a: Dondozo
|-damage|p2a: Dondozo|91/100
|move|p2a: Dondozo|Waterfall|p1a: Gyarados
|-resisted|p1a: Gyarados
|-damage|p1a: Gyarados|0 fnt
|faint|p1a: Gyarados
|
|-heal|p2a: Dondozo|97/100|[from] item: Leftovers
|upkeep
|
|t:|1757832780
|switch|p1a: Braviary|Braviary-Hisui, M|100/100
|-damage|p1a: Braviary|76/100|[from] Stealth Rock
|turn|33
|
|t:|1757832785
|move|p1a: Braviary|Hurricane|p2a: Dondozo
|-damage|p2a: Dondozo|42/100
|move|p2a: Dondozo|Waterfall|p1a: Braviary
|-damage|p1a: Braviary|0 fnt
|faint|p1a: Braviary
|
|-heal|p2a: Dondozo|48/100|[from] item: Leftovers
|upkeep
|
|t:|1757832793
|switch|p1a: Ribombee|Ribombee, F|100/100
|-damage|p1a: Ribombee|76/100|[from] Stealth Rock
|turn|34
|
|t:|1757832799
|move|p1a: Ribombee|Skill Swap|p2a: Dondozo
|-activate|p1a: Ribombee|move: Skill Swap|Unaware|Honey Gather|[of] p2a: Dondozo
|move|p2a: Dondozo|Waterfall|p1a: Ribombee
|-damage|p1a: Ribombee|35/100
|
|-heal|p2a: Dondozo|54/100|[from] item: Leftovers
|upkeep
|turn|35
|
|t:|1757832806
|move|p1a: Ribombee|Moonblast|p2a: Dondozo
|-damage|p2a: Dondozo|26/100
|move|p2a: Dondozo|Waterfall|p1a: Ribombee
|-damage|p1a: Ribombee|0 fnt
|faint|p1a: Ribombee
|
|-heal|p2a: Dondozo|32/100|[from] item: Leftovers
|upkeep
|
|t:|1757832818
|switch|p1a: Zapdos|Zapdos-Galar|100/100
|-damage|p1a: Zapdos|88/100|[from] Stealth Rock
|turn|36
|
|t:|1757832822
|move|p1a: Zapdos|Knock Off|p2a: Dondozo
|-damage|p2a: Dondozo|28/100
|-enditem|p2a: Dondozo|Leftovers|[from] move: Knock Off|[of] p1a: Zapdos
|move|p2a: Dondozo|Rest|p2a: Dondozo
|-status|p2a: Dondozo|slp|[from] move: Rest
|-heal|p2a: Dondozo|100/100 slp|[silent]
|
|upkeep
|turn|37
|-message|Sdwwwpwp forfeited.
|
|win|123ezaqsd
|raw|Sdwwwpwp's rating: 1115 &rarr; <strong>1092</strong><br />(-23 for losing)
|raw|123ezaqsd's rating: 1140 &rarr; <strong>1163</strong><br />(+23 for winning)
|l|‽Sdwwwpwp
|player|p1|
|l|☆123ezaqsd
|player|p2|
