|j|☆oasyin
|j|☆birbirb
|t:|1757824528
|gametype|singles
|player|p1|oasyin|bede-masters|1455
|player|p2|birbirb|pokemaniac|1516
|gen|9
|tier|[Gen 9] OU
|rated|
|rule|HP Percentage Mod: HP is shown in percentages
|rule|Endless Battle Clause: Forcing endless battles is banned
|rule|Species Clause: Limit one of each Pokémon
|rule|OHKO Clause: OHKO moves are banned
|rule|Evasion Items Clause: Evasion items are banned
|rule|Evasion Moves Clause: Evasion moves are banned
|rule|Evasion Abilities Clause: Evasion abilities are banned
|rule|Sleep Moves Clause: Sleep-inducing moves are banned
|clearpoke
|poke|p1|Heatran, F|
|poke|p1|Hydrapple, F|
|poke|p1|Blissey, F|
|poke|p1|Alomomola, F|
|poke|p1|Gliscor, F|
|poke|p1|Corviknight, F|
|poke|p2|Landorus-Therian, M|
|poke|p2|Zamazenta-*|
|poke|p2|Pecharunt|
|poke|p2|Samurott-Hisui, M|
|poke|p2|Latios, M|
|poke|p2|Scizor, M|
|teampreview
|inactive|Battle timer is ON: inactive players will automatically lose when time's up. (requested by oasyin)
|
|t:|1757824543
|teamsize|p1|6
|teamsize|p2|6
|start
|switch|p1a: deep blue|Gliscor, F, shiny|100/100
|switch|p2a: Landorus|Landorus-Therian, M|100/100
|-ability|p2a: Landorus|Intimidate|boost
|-unboost|p1a: deep blue|atk|1
|turn|1
|
|t:|1757824547
|move|p1a: deep blue|Protect|p1a: deep blue
|-singleturn|p1a: deep blue|Protect
|move|p2a: Landorus|Stealth Rock|p1a: deep blue
|-sidestart|p1: oasyin|move: Stealth Rock
|
|-status|p1a: deep blue|tox|[from] item: Toxic Orb
|upkeep
|turn|2
|
|t:|1757824550
|switch|p2a: Pecharunt|Pecharunt|100/100
|move|p1a: deep blue|Knock Off|p2a: Pecharunt
|-supereffective|p2a: Pecharunt
|-damage|p2a: Pecharunt|84/100
|-enditem|p2a: Pecharunt|Heavy-Duty Boots|[from] move: Knock Off|[of] p1a: deep blue
|
|upkeep
|turn|3
|
|t:|1757824557
|move|p2a: Pecharunt|Shadow Ball|p1a: deep blue
|-damage|p1a: deep blue|78/100 tox
|move|p1a: deep blue|Spikes|p2a: Pecharunt
|-sidestart|p2: birbirb|Spikes
|
|-heal|p1a: deep blue|91/100 tox|[from] ability: Poison Heal
|upkeep
|turn|4
|
|t:|1757824563
|move|p2a: Pecharunt|Parting Shot|p1a: deep blue
|-unboost|p1a: deep blue|atk|1
|-unboost|p1a: deep blue|spa|1
|
|t:|1757824567
|switch|p2a: Samurott|Samurott-Hisui, M|100/100|[from] Parting Shot
|-damage|p2a: Samurott|88/100|[from] Spikes
|move|p1a: deep blue|Knock Off|p2a: Samurott
|-resisted|p2a: Samurott
|-damage|p2a: Samurott|82/100
|-enditem|p2a: Samurott|Assault Vest|[from] move: Knock Off|[of] p1a: deep blue
|
|-heal|p1a: deep blue|100/100 tox|[from] ability: Poison Heal
|upkeep
|turn|5
|
|t:|1757824577
|switch|p1a: impius arcem|Alomomola, F|100/100
|move|p2a: Samurott|Aqua Cutter|p1a: impius arcem
|-resisted|p1a: impius arcem
|-crit|p1a: impius arcem
|-damage|p1a: impius arcem|78/100
|
|upkeep
|turn|6
|
|t:|1757824585
|move|p2a: Samurott|Knock Off|p1a: impius arcem
|-damage|p1a: impius arcem|53/100
|-enditem|p1a: impius arcem|Heavy-Duty Boots|[from] move: Knock Off|[of] p2a: Samurott
|move|p1a: impius arcem|Scald|p2a: Samurott
|-resisted|p2a: Samurott
|-damage|p2a: Samurott|72/100
|-status|p2a: Samurott|brn
|
|-damage|p2a: Samurott|65/100 brn|[from] brn
|upkeep
|turn|7
|
|t:|1757824591
|move|p2a: Samurott|Ceaseless Edge|p1a: impius arcem
|-damage|p1a: impius arcem|40/100
|-sidestart|p1: oasyin|Spikes
|move|p1a: impius arcem|Wish|p1a: impius arcem
|
|-damage|p2a: Samurott|59/100 brn|[from] brn
|upkeep
|turn|8
|
|t:|1757824598
|switch|p2a: Scizor|Scizor, M|100/100
|move|p1a: impius arcem|Flip Turn|p2a: Scizor
|-damage|p2a: Scizor|81/100
|
|t:|1757824600
|switch|p1a: into the fire|Heatran, F|100/100|[from] Flip Turn
|
|upkeep
|turn|9
|
|t:|1757824610
|switch|p2a: Samurott|Samurott-Hisui, M|59/100 brn
|-damage|p2a: Samurott|47/100 brn|[from] Spikes
|switch|p1a: deep blue|Gliscor, F, shiny|100/100 tox
|-damage|p1a: deep blue|88/100 tox|[from] Stealth Rock
|
|-heal|p1a: deep blue|100/100 tox|[from] ability: Poison Heal
|-damage|p2a: Samurott|41/100 brn|[from] brn
|upkeep
|turn|10
|
|t:|1757824617
|move|p1a: deep blue|Protect|p1a: deep blue
|-singleturn|p1a: deep blue|Protect
|move|p2a: Samurott|Aqua Cutter|p1a: deep blue
|-activate|p1a: deep blue|move: Protect
|
|-damage|p2a: Samurott|34/100 brn|[from] brn
|upkeep
|turn|11
|
|t:|1757824624
|switch|p1a: impius arcem|Alomomola, F|73/100
|-damage|p1a: impius arcem|61/100|[from] Stealth Rock
|-damage|p1a: impius arcem|48/100|[from] Spikes
|move|p2a: Samurott|Ceaseless Edge|p1a: impius arcem
|-damage|p1a: impius arcem|36/100
|-sidestart|p1: oasyin|Spikes
|
|-damage|p2a: Samurott|28/100 brn|[from] brn
|upkeep
|turn|12
|
|t:|1757824629
|move|p2a: Samurott|Ceaseless Edge|p1a: impius arcem
|-damage|p1a: impius arcem|24/100
|-sidestart|p1: oasyin|Spikes
|move|p1a: impius arcem|Wish|p1a: impius arcem
|
|-damage|p2a: Samurott|22/100 brn|[from] brn
|upkeep
|turn|13
|
|t:|1757824633
|switch|p2a: Scizor|Scizor, M|81/100
|move|p1a: impius arcem|Protect||[still]
|-fail|p1a: impius arcem
|
|-heal|p1a: impius arcem|74/100|[from] move: Wish|[wisher] impius arcem
|upkeep
|turn|14
|
|t:|1757824637
|move|p2a: Scizor|Swords Dance|p2a: Scizor
|-boost|p2a: Scizor|atk|2
|move|p1a: impius arcem|Scald|p2a: Scizor
|-damage|p2a: Scizor|62/100
|-status|p2a: Scizor|brn
|
|-damage|p2a: Scizor|56/100 brn|[from] brn
|upkeep
|turn|15
|-message|birbirb forfeited.
|
|win|oasyin
|raw|oasyin's rating: 1455 &rarr; <strong>1478</strong><br />(+23 for winning)
|raw|birbirb's rating: 1516 &rarr; <strong>1493</strong><br />(-23 for losing)
|l|☆birbirb
|player|p2|
|l|☆oasyin
|player|p1|
