|j|☆KingKaido107
|j|☆Punishmeplz
|t:|1757901056
|gametype|singles
|player|p1|KingKaido107|dragontamer-gen6|1688
|player|p2|Punishmeplz|101|1693
|gen|9
|tier|[Gen 9] OU
|rated|
|rule|HP Percentage Mod: HP is shown in percentages
|rule|Endless Battle Clause: Forcing endless battles is banned
|rule|Species Clause: Limit one of each Pokémon
|rule|OHKO Clause: OHKO moves are banned
|rule|Evasion Items Clause: Evasion items are banned
|rule|Evasion Moves Clause: Evasion moves are banned
|rule|Evasion Abilities Clause: Evasion abilities are banned
|rule|Sleep Moves Clause: Sleep-inducing moves are banned
|clearpoke
|poke|p1|Kingambit, M|
|poke|p1|Pecharunt|
|poke|p1|Gholdengo|
|poke|p1|Arcanine-Hisui, F|
|poke|p1|Corviknight, M|
|poke|p1|Blissey, F|
|poke|p2|Blaziken, F|
|poke|p2|Salamence, M|
|poke|p2|Ambipom, F|
|poke|p2|Houndstone, M|
|poke|p2|Iron Hands|
|poke|p2|Scizor, M|
|teampreview
|inactive|Battle timer is ON: inactive players will automatically lose when time's up. (requested by KingKaido107)
|
|t:|1757901081
|teamsize|p1|6
|teamsize|p2|6
|start
|switch|p1a: Arcanine|Arcanine-Hisui, F|100/100
|switch|p2a: Ambipom|Ambipom, F|100/100
|turn|1
|
|t:|1757901084
|switch|p1a: Corviknight|Corviknight, M|100/100
|-ability|p1a: Corviknight|Pressure
|move|p2a: Ambipom|Fake Out|p1a: Corviknight
|-resisted|p1a: Corviknight
|-damage|p1a: Corviknight|93/100
|
|-heal|p1a: Corviknight|99/100|[from] item: Leftovers
|upkeep
|turn|2
|
|t:|1757901086
|move|p2a: Ambipom|Beat Up|p1a: Corviknight
|-damage|p1a: Corviknight|95/100
|-damage|p1a: Corviknight|90/100
|-damage|p1a: Corviknight|86/100
|-damage|p1a: Corviknight|82/100
|-damage|p1a: Corviknight|77/100
|-damage|p1a: Corviknight|72/100
|-hitcount|p1a: Corviknight|6
|move|p1a: Corviknight|Body Press|p2a: Ambipom
|-supereffective|p2a: Ambipom
|-damage|p2a: Ambipom|13/100
|
|-heal|p1a: Corviknight|78/100|[from] item: Leftovers
|upkeep
|turn|3
|
|t:|1757901090
|switch|p2a: Houndstone|Houndstone, M|100/100
|move|p1a: Corviknight|Body Press|p2a: Houndstone
|-immune|p2a: Houndstone
|
|-heal|p1a: Corviknight|84/100|[from] item: Leftovers
|upkeep
|turn|4
|
|t:|1757901097
|switch|p1a: Arcanine|Arcanine-Hisui, F|100/100
|move|p2a: Houndstone|Poltergeist|p1a: Arcanine
|-activate|p1a: Arcanine|move: Poltergeist|Choice Band
|-damage|p1a: Arcanine|31/100
|
|upkeep
|turn|5
|j| nesnot
|
|t:|1757901127
|switch|p2a: Ambipom|Ambipom, F|13/100
|move|p1a: Arcanine|Head Smash|p2a: Ambipom
|-damage|p2a: Ambipom|0 fnt
|faint|p2a: Ambipom
|
|upkeep
|inactive|Punishmeplz has 120 seconds left.
|
|t:|1757901146
|switch|p2a: Iron Hands|Iron Hands|100/100
|-enditem|p2a: Iron Hands|Booster Energy
|-activate|p2a: Iron Hands|ability: Quark Drive|[fromitem]
|-start|p2a: Iron Hands|quarkdriveatk
|turn|6
|inactive|KingKaido107 has 120 seconds left.
|l| nesnot
|j| Large_Rodent
|inactive|KingKaido107 has 90 seconds left.
|inactive|KingKaido107 has 60 seconds left.
|
|t:|1757901252
|switch|p1a: Pecharunt|Pecharunt|100/100
|move|p2a: Iron Hands|Swords Dance|p2a: Iron Hands
|-boost|p2a: Iron Hands|atk|2
|
|upkeep
|turn|7
|
|t:|1757901254
|move|p1a: Pecharunt|Malignant Chain|p2a: Iron Hands
|-damage|p2a: Iron Hands|71/100
|move|p2a: Iron Hands|Thunder Punch|p1a: Pecharunt
|-damage|p1a: Pecharunt|37/100
|
|upkeep
|turn|8
|
|t:|1757901257
|move|p1a: Pecharunt|Malignant Chain|p2a: Iron Hands
|-damage|p2a: Iron Hands|45/100
|-status|p2a: Iron Hands|tox
|-start|p2a: Iron Hands|confusion|[from] ability: Poison Puppeteer|[of] p1a: Pecharunt
|-activate|p2a: Iron Hands|confusion
|move|p2a: Iron Hands|Thunder Punch|p1a: Pecharunt
|-damage|p1a: Pecharunt|0 fnt
|faint|p1a: Pecharunt
|
|-damage|p2a: Iron Hands|39/100 tox|[from] psn
|upkeep
|
|t:|1757901260
|switch|p1a: Arcanine|Arcanine-Hisui, F|31/100
|turn|9
|
|t:|1757901262
|move|p1a: Arcanine|Flare Blitz|p2a: Iron Hands
|-damage|p2a: Iron Hands|0 fnt
|faint|p2a: Iron Hands
|-end|p2a: Iron Hands|Quark Drive|[silent]
|
|upkeep
|
|t:|1757901270
|switch|p2a: Blaziken|Blaziken, F|100/100
|turn|10
|
|t:|1757901273
|move|p1a: Arcanine|Flare Blitz|p2a: Blaziken
|-resisted|p2a: Blaziken
|-damage|p2a: Blaziken|31/100
|move|p2a: Blaziken|Swords Dance|p2a: Blaziken
|-boost|p2a: Blaziken|atk|2
|
|-ability|p2a: Blaziken|Speed Boost|boost
|-boost|p2a: Blaziken|spe|1
|upkeep
|turn|11
|
|t:|1757901282
|switch|p1a: Gholdengo|Gholdengo|100/100
|move|p2a: Blaziken|Flare Blitz|p1a: Gholdengo
|-supereffective|p1a: Gholdengo
|-damage|p1a: Gholdengo|0 fnt
|faint|p1a: Gholdengo
|-damage|p2a: Blaziken|0 fnt|[from] Recoil
|faint|p2a: Blaziken
|
|upkeep
|
|t:|1757901302
|switch|p2a: Scizor|Scizor, M|100/100
|switch|p1a: Arcanine|Arcanine-Hisui, F|31/100
|turn|12
|
|t:|1757901306
|move|p2a: Scizor|Bullet Punch|p1a: Arcanine
|-damage|p1a: Arcanine|0 fnt
|faint|p1a: Arcanine
|
|upkeep
|
|t:|1757901307
|switch|p1a: Corviknight|Corviknight, M|84/100
|-ability|p1a: Corviknight|Pressure
|turn|13
|
|t:|1757901311
|switch|p2a: Houndstone|Houndstone, M|100/100
|move|p1a: Corviknight|Body Press|p2a: Houndstone
|-immune|p2a: Houndstone
|
|-heal|p1a: Corviknight|90/100|[from] item: Leftovers
|upkeep
|turn|14
|
|t:|1757901316
|move|p2a: Houndstone|Will-O-Wisp|p1a: Corviknight|[miss]
|-miss|p2a: Houndstone|p1a: Corviknight
|move|p1a: Corviknight|Body Press|p2a: Houndstone
|-immune|p2a: Houndstone
|
|-heal|p1a: Corviknight|96/100|[from] item: Leftovers
|upkeep
|turn|15
|
|t:|1757901318
|switch|p1a: Blissey|Blissey, F|100/100
|move|p2a: Houndstone|Will-O-Wisp|p1a: Blissey
|-status|p1a: Blissey|brn
|
|-damage|p1a: Blissey|94/100 brn|[from] brn
|upkeep
|turn|16
|
|t:|1757901321
|-curestatus|p1a: Blissey|brn|[from] ability: Natural Cure
|switch|p1a: Kingambit|Kingambit, M|100/100
|-activate|p1a: Kingambit|ability: Supreme Overlord
|-start|p1a: Kingambit|fallen3|[silent]
|move|p2a: Houndstone|Body Press|p1a: Kingambit
|-supereffective|p1a: Kingambit
|-damage|p1a: Kingambit|42/100
|
|-heal|p1a: Kingambit|48/100|[from] item: Leftovers
|upkeep
|turn|17
|
|t:|1757901331
|move|p2a: Houndstone|Body Press|p1a: Kingambit
|-supereffective|p1a: Kingambit
|-damage|p1a: Kingambit|0 fnt
|faint|p1a: Kingambit
|-end|p1a: Kingambit|fallen3|[silent]
|
|upkeep
|
|t:|1757901334
|switch|p1a: Blissey|Blissey, F|94/100
|turn|18
|
|t:|1757901342
|move|p2a: Houndstone|Body Press|p1a: Blissey
|-supereffective|p1a: Blissey
|-damage|p1a: Blissey|54/100
|move|p1a: Blissey|Calm Mind|p1a: Blissey
|-boost|p1a: Blissey|spa|1
|-boost|p1a: Blissey|spd|1
|
|upkeep
|turn|19
|
|t:|1757901348
|move|p2a: Houndstone|Body Press|p1a: Blissey
|-supereffective|p1a: Blissey
|-damage|p1a: Blissey|13/100
|move|p1a: Blissey|Soft-Boiled|p1a: Blissey
|-heal|p1a: Blissey|63/100
|
|upkeep
|turn|20
|
|t:|1757901358
|switch|p2a: Scizor|Scizor, M|100/100
|move|p1a: Blissey|Soft-Boiled|p1a: Blissey
|-heal|p1a: Blissey|100/100
|
|upkeep
|turn|21
|
|t:|1757901363
|switch|p1a: Corviknight|Corviknight, M|96/100
|-ability|p1a: Corviknight|Pressure
|move|p2a: Scizor|Knock Off|p1a: Corviknight
|-damage|p1a: Corviknight|73/100
|-enditem|p1a: Corviknight|Leftovers|[from] move: Knock Off|[of] p2a: Scizor
|
|upkeep
|turn|22
|
|t:|1757901366
|switch|p2a: Houndstone|Houndstone, M|100/100
|move|p1a: Corviknight|Roost|p1a: Corviknight
|-heal|p1a: Corviknight|100/100
|-singleturn|p1a: Corviknight|move: Roost
|
|upkeep
|turn|23
|
|t:|1757901371
|switch|p2a: Scizor|Scizor, M|100/100
|switch|p1a: Blissey|Blissey, F|100/100
|
|upkeep
|turn|24
|
|t:|1757901374
|switch|p1a: Corviknight|Corviknight, M|100/100
|-ability|p1a: Corviknight|Pressure
|move|p2a: Scizor|Fury Cutter|p1a: Corviknight
|-resisted|p1a: Corviknight
|-damage|p1a: Corviknight|95/100
|
|upkeep
|turn|25
|
|t:|1757901377
|move|p2a: Scizor|Fury Cutter|p1a: Corviknight
|-resisted|p1a: Corviknight
|-damage|p1a: Corviknight|86/100
|move|p1a: Corviknight|Iron Defense|p1a: Corviknight
|-boost|p1a: Corviknight|def|2
|
|upkeep
|turn|26
|
|t:|1757901380
|switch|p2a: Houndstone|Houndstone, M|100/100
|switch|p1a: Blissey|Blissey, F|100/100
|
|upkeep
|turn|27
|
|t:|1757901386
|move|p2a: Houndstone|Will-O-Wisp|p1a: Blissey
|-status|p1a: Blissey|brn
|move|p1a: Blissey|Calm Mind|p1a: Blissey
|-boost|p1a: Blissey|spa|1
|-boost|p1a: Blissey|spd|1
|
|-damage|p1a: Blissey|94/100 brn|[from] brn
|upkeep
|turn|28
|
|t:|1757901400
|move|p2a: Houndstone|Body Press|p1a: Blissey
|-supereffective|p1a: Blissey
|-damage|p1a: Blissey|58/100 brn
|move|p1a: Blissey|Shadow Ball|p2a: Houndstone
|-supereffective|p2a: Houndstone
|-damage|p2a: Houndstone|60/100
|
|-heal|p2a: Houndstone|66/100|[from] item: Leftovers
|-damage|p1a: Blissey|52/100 brn|[from] brn
|upkeep
|turn|29
|
|t:|1757901403
|switch|p2a: Salamence|Salamence, M|100/100
|move|p1a: Blissey|Soft-Boiled|p1a: Blissey
|-heal|p1a: Blissey|100/100 brn
|
|-damage|p1a: Blissey|94/100 brn|[from] brn
|upkeep
|turn|30
|
|t:|1757901407
|-curestatus|p1a: Blissey|brn|[from] ability: Natural Cure
|switch|p1a: Corviknight|Corviknight, M|86/100
|-ability|p1a: Corviknight|Pressure
|move|p2a: Salamence|Dragon Dance|p2a: Salamence
|-boost|p2a: Salamence|atk|1
|-boost|p2a: Salamence|spe|1
|
|upkeep
|turn|31
|
|t:|1757901409
|-terastallize|p2a: Salamence|Fire
|move|p2a: Salamence|Temper Flare|p1a: Corviknight
|-supereffective|p1a: Corviknight
|-damage|p1a: Corviknight|10/100
|move|p1a: Corviknight|Iron Defense|p1a: Corviknight
|-boost|p1a: Corviknight|def|2
|
|upkeep
|turn|32
|
|t:|1757901413
|move|p2a: Salamence|Temper Flare|p1a: Corviknight
|-supereffective|p1a: Corviknight
|-damage|p1a: Corviknight|0 fnt
|faint|p1a: Corviknight
|-ability|p2a: Salamence|Moxie|boost
|-boost|p2a: Salamence|atk|1
|
|upkeep
|-message|KingKaido107 forfeited.
|
|win|Punishmeplz
|raw|KingKaido107's rating: 1688 &rarr; <strong>1668</strong><br />(-20 for losing)
|raw|Punishmeplz's rating: 1693 &rarr; <strong>1713</strong><br />(+20 for winning)
|l|☆KingKaido107
|player|p1|
|l| Large_Rodent
|n| Moistham|punishmeplz
|l| Moistham
