|j|☆Max-Elie
|j|☆lzc123456
|t:|1757921255
|gametype|singles
|player|p1|Max-Elie|colress|1545
|player|p2|lzc123456|cynthia-gen4|1683
|gen|9
|tier|[Gen 9] OU
|rated|
|rule|HP Percentage Mod: HP is shown in percentages
|rule|Endless Battle Clause: Forcing endless battles is banned
|rule|Species Clause: Limit one of each Pokémon
|rule|OHKO Clause: OHKO moves are banned
|rule|Evasion Items Clause: Evasion items are banned
|rule|Evasion Moves Clause: Evasion moves are banned
|rule|Evasion Abilities Clause: Evasion abilities are banned
|rule|Sleep Moves Clause: Sleep-inducing moves are banned
|clearpoke
|poke|p1|Torkoal, F|
|poke|p1|Raging Bolt|
|poke|p1|Great Tusk|
|poke|p1|Walking Wake|
|poke|p1|Cinderace, F|
|poke|p1|Moltres|
|poke|p2|Tornadus-Therian, M|
|poke|p2|Garganacl, M|
|poke|p2|Hydrapple, M|
|poke|p2|Gholdengo|
|poke|p2|Great Tusk|
|poke|p2|Kingambit, M|
|teampreview
|inactive|Battle timer is ON: inactive players will automatically lose when time's up. (requested by lzc123456)
|
|t:|1757921267
|teamsize|p1|6
|teamsize|p2|6
|start
|switch|p1a: Torkoal|Torkoal, F|100/100
|switch|p2a: Tornadus|Tornadus-Therian, M, shiny|100/100
|-weather|SunnyDay|[from] ability: Drought|[of] p1a: Torkoal
|turn|1
|
|t:|1757921275
|move|p2a: Tornadus|Knock Off|p1a: Torkoal
|-damage|p1a: Torkoal|86/100
|-enditem|p1a: Torkoal|Heat Rock|[from] move: Knock Off|[of] p2a: Tornadus
|move|p1a: Torkoal|Stealth Rock|p2a: Tornadus
|-sidestart|p2: lzc123456|move: Stealth Rock
|
|-weather|SunnyDay|[upkeep]
|upkeep
|turn|2
|
|t:|1757921282
|switch|p1a: Raging Bolt|Raging Bolt|100/100
|-activate|p1a: Raging Bolt|ability: Protosynthesis
|-start|p1a: Raging Bolt|protosynthesisspa
|move|p2a: Tornadus|Bleakwind Storm|p1a: Raging Bolt
|-resisted|p1a: Raging Bolt
|-damage|p1a: Raging Bolt|82/100
|
|-weather|SunnyDay|[upkeep]
|upkeep
|turn|3
|
|t:|1757921304
|move|p2a: Tornadus|Knock Off|p1a: Raging Bolt
|-damage|p1a: Raging Bolt|62/100
|-enditem|p1a: Raging Bolt|Choice Specs|[from] move: Knock Off|[of] p2a: Tornadus
|move|p1a: Raging Bolt|Draco Meteor|p2a: Tornadus
|-damage|p2a: Tornadus|35/100
|-unboost|p1a: Raging Bolt|spa|2
|
|-weather|SunnyDay|[upkeep]
|upkeep
|turn|4
|
|t:|1757921318
|switch|p2a: Gholdengo|Gholdengo|100/100
|-damage|p2a: Gholdengo|94/100|[from] Stealth Rock
|move|p1a: Raging Bolt|Volt Switch|p2a: Gholdengo
|-damage|p2a: Gholdengo|65/100
|
|t:|1757921321
|-end|p1a: Raging Bolt|Protosynthesis|[silent]
|switch|p1a: Cinderace|Cinderace, F|100/100|[from] Volt Switch
|
|-weather|SunnyDay|[upkeep]
|upkeep
|turn|5
|
|t:|1757921330
|move|p2a: Gholdengo|Thunder Wave|p1a: Cinderace
|-status|p1a: Cinderace|par
|move|p1a: Cinderace|U-turn|p2a: Gholdengo
|-start|p1a: Cinderace|typechange|Bug|[from] ability: Libero
|-resisted|p2a: Gholdengo
|-damage|p2a: Gholdengo|56/100
|
|t:|1757921335
|switch|p1a: Great Tusk|Great Tusk|100/100|[from] U-turn
|-activate|p1a: Great Tusk|ability: Protosynthesis
|-start|p1a: Great Tusk|protosynthesisatk
|
|-weather|SunnyDay|[upkeep]
|upkeep
|turn|6
|
|t:|1757921342
|switch|p2a: Great Tusk|Great Tusk|100/100
|-activate|p2a: Great Tusk|ability: Protosynthesis
|-start|p2a: Great Tusk|protosynthesisatk
|move|p1a: Great Tusk|Bulk Up|p1a: Great Tusk
|-boost|p1a: Great Tusk|atk|1
|-boost|p1a: Great Tusk|def|1
|
|-weather|SunnyDay|[upkeep]
|upkeep
|turn|7
|
|t:|1757921346
|move|p1a: Great Tusk|Rapid Spin|p2a: Great Tusk
|-damage|p2a: Great Tusk|78/100
|-boost|p1a: Great Tusk|spe|1
|move|p2a: Great Tusk|Rapid Spin|p1a: Great Tusk
|-damage|p1a: Great Tusk|89/100
|-boost|p2a: Great Tusk|spe|1
|-sideend|p2: lzc123456|Stealth Rock|[from] move: Rapid Spin|[of] p2a: Great Tusk
|
|-weather|SunnyDay|[upkeep]
|-heal|p1a: Great Tusk|95/100|[from] item: Leftovers
|upkeep
|turn|8
|
|t:|1757921351
|move|p1a: Great Tusk|Bulk Up|p1a: Great Tusk
|-boost|p1a: Great Tusk|atk|1
|-boost|p1a: Great Tusk|def|1
|move|p2a: Great Tusk|Ice Spinner|p1a: Great Tusk
|-supereffective|p1a: Great Tusk
|-damage|p1a: Great Tusk|69/100
|
|-weather|none
|-end|p1a: Great Tusk|Protosynthesis
|-end|p2a: Great Tusk|Protosynthesis
|-heal|p1a: Great Tusk|75/100|[from] item: Leftovers
|upkeep
|turn|9
|
|t:|1757921355
|move|p1a: Great Tusk|Bulk Up|p1a: Great Tusk
|-boost|p1a: Great Tusk|atk|1
|-boost|p1a: Great Tusk|def|1
|move|p2a: Great Tusk|Headlong Rush|p1a: Great Tusk
|-damage|p1a: Great Tusk|57/100
|-unboost|p2a: Great Tusk|def|1
|-unboost|p2a: Great Tusk|spd|1
|
|-heal|p1a: Great Tusk|63/100|[from] item: Leftovers
|upkeep
|turn|10
|
|t:|1757921362
|move|p2a: Great Tusk|Ice Spinner|p1a: Great Tusk
|-supereffective|p1a: Great Tusk
|-damage|p1a: Great Tusk|46/100
|move|p1a: Great Tusk|Bulk Up|p1a: Great Tusk
|-boost|p1a: Great Tusk|atk|1
|-boost|p1a: Great Tusk|def|1
|
|-heal|p1a: Great Tusk|52/100|[from] item: Leftovers
|upkeep
|turn|11
|
|t:|1757921367
|move|p2a: Great Tusk|Ice Spinner|p1a: Great Tusk
|-supereffective|p1a: Great Tusk
|-damage|p1a: Great Tusk|38/100
|move|p1a: Great Tusk|Bulk Up|p1a: Great Tusk
|-boost|p1a: Great Tusk|atk|1
|-boost|p1a: Great Tusk|def|1
|
|-heal|p1a: Great Tusk|44/100|[from] item: Leftovers
|upkeep
|turn|12
|
|t:|1757921371
|move|p1a: Great Tusk|Rapid Spin|p2a: Great Tusk
|-damage|p2a: Great Tusk|13/100
|-boost|p1a: Great Tusk|spe|1
|move|p2a: Great Tusk|Ice Spinner|p1a: Great Tusk
|-supereffective|p1a: Great Tusk
|-damage|p1a: Great Tusk|31/100
|
|-heal|p1a: Great Tusk|37/100|[from] item: Leftovers
|upkeep
|turn|13
|
|t:|1757921377
|move|p1a: Great Tusk|Rapid Spin|p2a: Great Tusk
|-damage|p2a: Great Tusk|0 fnt
|-boost|p1a: Great Tusk|spe|1
|faint|p2a: Great Tusk
|-end|p2a: Great Tusk|Protosynthesis|[silent]
|
|-heal|p1a: Great Tusk|43/100|[from] item: Leftovers
|upkeep
|
|t:|1757921386
|switch|p2a: Hydrapple|Hydrapple, M, shiny|100/100
|turn|14
|
|t:|1757921391
|-terastallize|p1a: Great Tusk|Flying
|-terastallize|p2a: Hydrapple|Poison
|move|p1a: Great Tusk|Stone Edge|p2a: Hydrapple
|-damage|p2a: Hydrapple|31/100
|move|p2a: Hydrapple|Giga Drain|p1a: Great Tusk
|-resisted|p1a: Great Tusk
|-damage|p1a: Great Tusk|20/100
|-heal|p2a: Hydrapple|42/100|[from] drain|[of] p1a: Great Tusk
|
|-heal|p1a: Great Tusk|26/100|[from] item: Leftovers
|upkeep
|turn|15
|
|t:|1757921405
|switch|p2a: Tornadus|Tornadus-Therian, M, shiny|68/100
|move|p1a: Great Tusk|Headlong Rush|p2a: Tornadus
|-immune|p2a: Tornadus
|
|-heal|p1a: Great Tusk|32/100|[from] item: Leftovers
|upkeep
|turn|16
|
|t:|1757921412
|move|p1a: Great Tusk|Stone Edge|p2a: Tornadus
|-supereffective|p2a: Tornadus
|-damage|p2a: Tornadus|0 fnt
|faint|p2a: Tornadus
|
|-heal|p1a: Great Tusk|39/100|[from] item: Leftovers
|upkeep
|
|t:|1757921418
|switch|p2a: Kingambit|Kingambit, M, shiny|100/100
|-activate|p2a: Kingambit|ability: Supreme Overlord
|-start|p2a: Kingambit|fallen2|[silent]
|turn|17
|
|t:|1757921421
|move|p2a: Kingambit|Sucker Punch|p1a: Great Tusk
|-damage|p1a: Great Tusk|28/100
|move|p1a: Great Tusk|Headlong Rush|p2a: Kingambit
|-supereffective|p2a: Kingambit
|-damage|p2a: Kingambit|0 fnt
|-unboost|p1a: Great Tusk|def|1
|-unboost|p1a: Great Tusk|spd|1
|faint|p2a: Kingambit
|-end|p2a: Kingambit|fallen2|[silent]
|
|-heal|p1a: Great Tusk|34/100|[from] item: Leftovers
|upkeep
|-message|lzc123456 forfeited.
|
|win|Max-Elie
|raw|Max-Elie's rating: 1545 &rarr; <strong>1573</strong><br />(+28 for winning)
|raw|lzc123456's rating: 1683 &rarr; <strong>1655</strong><br />(-28 for losing)
|l|☆lzc123456
|player|p2|
