|j|☆TequilaJune
|j|☆Vaismele234941
|t:|1757920789
|gametype|singles
|player|p1|TequilaJune|169|1072
|player|p2|Vaismele234941|1|1107
|gen|9
|tier|[Gen 9] OU
|rated|
|rule|HP Percentage Mod: HP is shown in percentages
|rule|Endless Battle Clause: Forcing endless battles is banned
|rule|Species Clause: Limit one of each Pokémon
|rule|OHKO Clause: OHKO moves are banned
|rule|Evasion Items Clause: Evasion items are banned
|rule|Evasion Moves Clause: Evasion moves are banned
|rule|Evasion Abilities Clause: Evasion abilities are banned
|rule|Sleep Moves Clause: Sleep-inducing moves are banned
|clearpoke
|poke|p1|Goodra, F|
|poke|p1|Pecharunt|
|poke|p1|Flygon, F|
|poke|p1|Milotic, F|
|poke|p1|Regice|
|poke|p1|Porygon-Z|
|poke|p2|Luxray, M|
|poke|p2|Iron Moth|
|poke|p2|Tsareena, F|
|poke|p2|Kingdra, M|
|poke|p2|Scream Tail|
|poke|p2|Orthworm, F|
|teampreview
|inactive|Battle timer is ON: inactive players will automatically lose when time's up. (requested by Vaismele234941)
|
|t:|1757920816
|teamsize|p1|6
|teamsize|p2|6
|start
|switch|p1a: Flygon|Flygon, F|100/100
|switch|p2a: Orthworm|Orthworm, F|100/100
|turn|1
|
|t:|1757920824
|move|p1a: Flygon|Dragon Dance|p1a: Flygon
|-boost|p1a: Flygon|atk|1
|-boost|p1a: Flygon|spe|1
|move|p2a: Orthworm|Stealth Rock|p1a: Flygon
|-sidestart|p1: TequilaJune|move: Stealth Rock
|
|upkeep
|turn|2
|
|t:|1757920829
|move|p1a: Flygon|Dragon Dance|p1a: Flygon
|-boost|p1a: Flygon|atk|1
|-boost|p1a: Flygon|spe|1
|move|p2a: Orthworm|Body Press|p1a: Flygon
|-damage|p1a: Flygon|66/100
|
|upkeep
|turn|3
|
|t:|1757920837
|move|p1a: Flygon|Thunder Punch|p2a: Orthworm
|-damage|p2a: Orthworm|64/100
|move|p2a: Orthworm|Body Press|p1a: Flygon
|-damage|p1a: Flygon|34/100
|
|-heal|p2a: Orthworm|70/100|[from] item: Leftovers
|upkeep
|turn|4
|
|t:|1757920850
|move|p1a: Flygon|Dragon Rush|p2a: Orthworm
|-resisted|p2a: Orthworm
|-damage|p2a: Orthworm|38/100
|cant|p2a: Orthworm|flinch
|
|-heal|p2a: Orthworm|44/100|[from] item: Leftovers
|upkeep
|turn|5
|
|t:|1757920856
|move|p1a: Flygon|Dragon Rush|p2a: Orthworm|[miss]
|-miss|p1a: Flygon|p2a: Orthworm
|move|p2a: Orthworm|Body Press|p1a: Flygon
|-damage|p1a: Flygon|2/100
|
|-heal|p2a: Orthworm|50/100|[from] item: Leftovers
|upkeep
|turn|6
|
|t:|1757920863
|move|p1a: Flygon|Dragon Rush|p2a: Orthworm
|-resisted|p2a: Orthworm
|-damage|p2a: Orthworm|20/100
|move|p2a: Orthworm|Body Press|p1a: Flygon
|-damage|p1a: Flygon|0 fnt
|faint|p1a: Flygon
|
|-heal|p2a: Orthworm|26/100|[from] item: Leftovers
|upkeep
|
|t:|1757920891
|switch|p1a: Goodra|Goodra, F|100/100
|-damage|p1a: Goodra|88/100|[from] Stealth Rock
|turn|7
|
|t:|1757920902
|move|p1a: Goodra|Acid Armor|p1a: Goodra
|-boost|p1a: Goodra|def|2
|move|p2a: Orthworm|Earthquake|p1a: Goodra
|-damage|p1a: Goodra|75/100
|
|-heal|p2a: Orthworm|32/100|[from] item: Leftovers
|upkeep
|turn|8
|
|t:|1757920910
|move|p1a: Goodra|Acid Armor|p1a: Goodra
|-boost|p1a: Goodra|def|2
|move|p2a: Orthworm|Body Press|p1a: Goodra
|-damage|p1a: Goodra|67/100
|-ability|p1a: Goodra|Gooey
|-unboost|p2a: Orthworm|spe|1
|
|-heal|p2a: Orthworm|38/100|[from] item: Leftovers
|upkeep
|turn|9
|
|t:|1757920925
|move|p1a: Goodra|Earthquake|p2a: Orthworm
|-heal|p2a: Orthworm|63/100|[from] ability: Earth Eater|[of] p1a: Goodra
|move|p2a: Orthworm|Body Press|p1a: Goodra
|-damage|p1a: Goodra|59/100
|-ability|p1a: Goodra|Gooey
|-unboost|p2a: Orthworm|spe|1
|
|-heal|p2a: Orthworm|69/100|[from] item: Leftovers
|upkeep
|turn|10
|
|t:|1757920936
|move|p2a: Orthworm|Earthquake|p1a: Goodra
|-damage|p1a: Goodra|50/100
|move|p1a: Goodra|Dragon Tail|p2a: Orthworm
|-resisted|p2a: Orthworm
|-damage|p2a: Orthworm|58/100
|drag|p2a: Iron Moth|Iron Moth|100/100
|-enditem|p2a: Iron Moth|Booster Energy
|-activate|p2a: Iron Moth|ability: Quark Drive|[fromitem]
|-start|p2a: Iron Moth|quarkdrivespe
|
|upkeep
|turn|11
|
|t:|1757920948
|move|p2a: Iron Moth|Dazzling Gleam|p1a: Goodra
|-supereffective|p1a: Goodra
|-damage|p1a: Goodra|10/100
|move|p1a: Goodra|Earthquake|p2a: Iron Moth
|-supereffective|p2a: Iron Moth
|-damage|p2a: Iron Moth|0 fnt
|faint|p2a: Iron Moth
|-end|p2a: Iron Moth|Quark Drive|[silent]
|
|upkeep
|
|t:|1757920957
|switch|p2a: Luxray|Luxray, M|100/100
|turn|12
|
|t:|1757920962
|move|p1a: Goodra|Toxic|p2a: Luxray
|-status|p2a: Luxray|tox
|move|p2a: Luxray|Ice Fang|p1a: Goodra
|-supereffective|p1a: Goodra
|-damage|p1a: Goodra|0 fnt
|-ability|p1a: Goodra|Gooey
|-unboost|p2a: Luxray|spe|1
|faint|p1a: Goodra
|
|-damage|p2a: Luxray|94/100 tox|[from] psn
|upkeep
|
|t:|1757920980
|switch|p1a: Porygon-Z|Porygon-Z, shiny|100/100
|-damage|p1a: Porygon-Z|88/100|[from] Stealth Rock
|-ability|p1a: Porygon-Z|Download|boost
|-boost|p1a: Porygon-Z|atk|1
|turn|13
|
|t:|1757920999
|move|p1a: Porygon-Z|Tri Attack|p2a: Luxray
|-damage|p2a: Luxray|53/100 tox
|move|p2a: Luxray|Wild Charge|p1a: Porygon-Z
|-damage|p1a: Porygon-Z|11/100
|-damage|p2a: Luxray|37/100 tox|[from] Recoil
|
|-damage|p2a: Luxray|25/100 tox|[from] psn
|upkeep
|turn|14
|
|t:|1757921012
|move|p2a: Luxray|Quick Attack|p1a: Porygon-Z
|-damage|p1a: Porygon-Z|0 fnt
|faint|p1a: Porygon-Z
|
|-damage|p2a: Luxray|7/100 tox|[from] psn
|upkeep
|inactive|TequilaJune has 120 seconds left.
|
|t:|1757921041
|switch|p1a: Regice|Regice, shiny|100/100
|-damage|p1a: Regice|75/100|[from] Stealth Rock
|turn|15
|inactive|TequilaJune has 120 seconds left.
|
|t:|1757921062
|move|p1a: Regice|Ancient Power|p2a: Luxray
|-damage|p2a: Luxray|0 fnt
|faint|p2a: Luxray
|
|upkeep
|
|t:|1757921075
|switch|p2a: Scream Tail|Scream Tail|100/100
|turn|16
|
|t:|1757921083
|move|p2a: Scream Tail|Thunder Wave|p1a: Regice
|-status|p1a: Regice|par
|cant|p1a: Regice|par
|
|upkeep
|turn|17
|
|t:|1757921096
|move|p2a: Scream Tail|Dazzling Gleam|p1a: Regice
|-damage|p1a: Regice|68/100 par
|cant|p1a: Regice|par
|
|upkeep
|turn|18
|
|t:|1757921106
|-end|p2a: Scream Tail|Protosynthesis|[silent]
|switch|p2a: Orthworm|Orthworm, F|58/100
|move|p1a: Regice|Ice Beam|p2a: Orthworm
|-resisted|p2a: Orthworm
|-damage|p2a: Orthworm|29/100
|
|-heal|p2a: Orthworm|35/100|[from] item: Leftovers
|upkeep
|turn|19
|
|t:|1757921125
|move|p2a: Orthworm|Body Press|p1a: Regice
|-supereffective|p1a: Regice
|-damage|p1a: Regice|27/100 par
|move|p1a: Regice|Ice Beam|p2a: Orthworm
|-resisted|p2a: Orthworm
|-damage|p2a: Orthworm|6/100
|
|-heal|p2a: Orthworm|12/100|[from] item: Leftovers
|upkeep
|turn|20
|
|t:|1757921134
|move|p2a: Orthworm|Body Press|p1a: Regice
|-supereffective|p1a: Regice
|-damage|p1a: Regice|0 fnt
|faint|p1a: Regice
|
|-heal|p2a: Orthworm|18/100|[from] item: Leftovers
|upkeep
|
|t:|1757921140
|switch|p1a: Milotic|Milotic, F, shiny|100/100
|-damage|p1a: Milotic|88/100|[from] Stealth Rock
|turn|21
|
|t:|1757921161
|move|p1a: Milotic|Hydro Pump|p2a: Orthworm
|-damage|p2a: Orthworm|0 fnt
|faint|p2a: Orthworm
|
|upkeep
|inactive|Vaismele234941 has 120 seconds left.
|
|t:|1757921177
|switch|p2a: Scream Tail|Scream Tail|100/100
|turn|22
|
|t:|1757921180
|move|p2a: Scream Tail|Thunder Wave|p1a: Milotic
|-status|p1a: Milotic|par
|move|p1a: Milotic|Hydro Pump|p2a: Scream Tail
|-damage|p2a: Scream Tail|61/100
|
|-heal|p2a: Scream Tail|67/100|[from] item: Leftovers
|upkeep
|turn|23
|
|t:|1757921189
|move|p2a: Scream Tail|Wish|p2a: Scream Tail
|cant|p1a: Milotic|par
|
|-heal|p2a: Scream Tail|73/100|[from] item: Leftovers
|upkeep
|turn|24
|
|t:|1757921194
|move|p2a: Scream Tail|Psychic Noise|p1a: Milotic
|-damage|p1a: Milotic|71/100 par
|-start|p1a: Milotic|move: Heal Block
|move|p1a: Milotic|Hydro Pump|p2a: Scream Tail
|-damage|p2a: Scream Tail|34/100
|
|-heal|p2a: Scream Tail|84/100|[from] move: Wish|[wisher] Scream Tail
|-heal|p2a: Scream Tail|91/100|[from] item: Leftovers
|upkeep
|turn|25
|
|t:|1757921210
|move|p2a: Scream Tail|Wish|p2a: Scream Tail
|move|p1a: Milotic|Hydro Pump|p2a: Scream Tail
|-damage|p2a: Scream Tail|55/100
|
|-heal|p2a: Scream Tail|62/100|[from] item: Leftovers
|-end|p1a: Milotic|move: Heal Block
|upkeep
|turn|26
|
|t:|1757921221
|move|p2a: Scream Tail|Dazzling Gleam|p1a: Milotic
|-damage|p1a: Milotic|55/100 par
|move|p1a: Milotic|Hydro Pump|p2a: Scream Tail|[miss]
|-miss|p1a: Milotic|p2a: Scream Tail
|
|-heal|p2a: Scream Tail|100/100|[from] move: Wish|[wisher] Scream Tail
|upkeep
|turn|27
|
|t:|1757921233
|move|p2a: Scream Tail|Psychic Noise|p1a: Milotic
|-damage|p1a: Milotic|39/100 par
|-start|p1a: Milotic|move: Heal Block
|move|p1a: Milotic|Hydro Pump|p2a: Scream Tail
|-damage|p2a: Scream Tail|63/100
|
|-heal|p2a: Scream Tail|69/100|[from] item: Leftovers
|upkeep
|turn|28
|
|t:|1757921243
|move|p2a: Scream Tail|Wish|p2a: Scream Tail
|move|p1a: Milotic|Hydro Pump|p2a: Scream Tail
|-damage|p2a: Scream Tail|31/100
|
|-heal|p2a: Scream Tail|37/100|[from] item: Leftovers
|-end|p1a: Milotic|move: Heal Block
|upkeep
|turn|29
|
|t:|1757921249
|move|p2a: Scream Tail|Dazzling Gleam|p1a: Milotic
|-damage|p1a: Milotic|22/100 par
|cant|p1a: Milotic|par
|
|-heal|p2a: Scream Tail|87/100|[from] move: Wish|[wisher] Scream Tail
|-heal|p2a: Scream Tail|93/100|[from] item: Leftovers
|upkeep
|turn|30
|
|t:|1757921257
|move|p2a: Scream Tail|Dazzling Gleam|p1a: Milotic
|-damage|p1a: Milotic|5/100 par
|move|p1a: Milotic|Hydro Pump|p2a: Scream Tail|[miss]
|-miss|p1a: Milotic|p2a: Scream Tail
|
|-heal|p2a: Scream Tail|99/100|[from] item: Leftovers
|upkeep
|turn|31
|
|t:|1757921268
|move|p2a: Scream Tail|Dazzling Gleam|p1a: Milotic
|-damage|p1a: Milotic|0 fnt
|faint|p1a: Milotic
|
|-heal|p2a: Scream Tail|100/100|[from] item: Leftovers
|upkeep
|
|t:|1757921275
|switch|p1a: Pecharunt|Pecharunt|100/100
|-damage|p1a: Pecharunt|88/100|[from] Stealth Rock
|turn|32
|
|t:|1757921283
|move|p2a: Scream Tail|Thunder Wave|p1a: Pecharunt
|-status|p1a: Pecharunt|par
|move|p1a: Pecharunt|Malignant Chain|p2a: Scream Tail
|-supereffective|p2a: Scream Tail
|-crit|p2a: Scream Tail
|-damage|p2a: Scream Tail|34/100
|-status|p2a: Scream Tail|tox
|-start|p2a: Scream Tail|confusion|[from] ability: Poison Puppeteer|[of] p1a: Pecharunt
|
|-heal|p2a: Scream Tail|40/100 tox|[from] item: Leftovers
|-damage|p2a: Scream Tail|34/100 tox|[from] psn
|upkeep
|turn|33
|
|t:|1757921295
|-activate|p2a: Scream Tail|confusion
|move|p2a: Scream Tail|Psychic Noise|p1a: Pecharunt
|-supereffective|p1a: Pecharunt
|-damage|p1a: Pecharunt|54/100 par
|-start|p1a: Pecharunt|move: Heal Block
|-enditem|p1a: Pecharunt|Weakness Policy
|-boost|p1a: Pecharunt|atk|2|[from] item: Weakness Policy
|-boost|p1a: Pecharunt|spa|2|[from] item: Weakness Policy
|move|p1a: Pecharunt|Nasty Plot|p1a: Pecharunt
|-boost|p1a: Pecharunt|spa|2
|
|-heal|p2a: Scream Tail|40/100 tox|[from] item: Leftovers
|-damage|p2a: Scream Tail|27/100 tox|[from] psn
|upkeep
|turn|34
|
|t:|1757921322
|-activate|p2a: Scream Tail|confusion
|move|p2a: Scream Tail|Psychic Noise|p1a: Pecharunt
|-supereffective|p1a: Pecharunt
|-damage|p1a: Pecharunt|18/100 par
|move|p1a: Pecharunt|Malignant Chain|p2a: Scream Tail
|-supereffective|p2a: Scream Tail
|-damage|p2a: Scream Tail|0 fnt
|faint|p2a: Scream Tail
|-end|p2a: Scream Tail|Protosynthesis|[silent]
|
|-end|p1a: Pecharunt|move: Heal Block
|upkeep
|inactive|Vaismele234941 has 120 seconds left.
|
|t:|1757921333
|switch|p2a: Kingdra|Kingdra, M|100/100
|turn|35
|
|t:|1757921336
|move|p2a: Kingdra|Scale Shot|p1a: Pecharunt|[miss]
|-miss|p2a: Kingdra|p1a: Pecharunt
|move|p1a: Pecharunt|Malignant Chain|p2a: Kingdra
|-damage|p2a: Kingdra|0 fnt
|faint|p2a: Kingdra
|
|upkeep
|
|t:|1757921342
|switch|p2a: Tsareena|Tsareena, F|100/100
|turn|36
|
|t:|1757921347
|move|p2a: Tsareena|Triple Axel|p1a: Pecharunt|[miss]
|-miss|p2a: Tsareena|p1a: Pecharunt
|move|p1a: Pecharunt|Malignant Chain|p2a: Tsareena
|-supereffective|p2a: Tsareena
|-damage|p2a: Tsareena|0 fnt
|faint|p2a: Tsareena
|
|win|TequilaJune
|raw|TequilaJune's rating: 1072 &rarr; <strong>1104</strong><br />(+32 for winning)
|raw|Vaismele234941's rating: 1107 &rarr; <strong>1079</strong><br />(-28 for losing)
|c|☆TequilaJune|crazy
|l|☆TequilaJune
|player|p1|
