|j|☆kpo2022
|j|☆Da_Blaze4
|t:|1757911429
|gametype|singles
|player|p1|kpo2022|265|1170
|player|p2|Da_Blaze4|steven|1136
|gen|9
|tier|[Gen 9] OU
|rated|
|rule|HP Percentage Mod: HP is shown in percentages
|rule|Endless Battle Clause: Forcing endless battles is banned
|rule|Species Clause: Limit one of each Pokémon
|rule|OHKO Clause: OHKO moves are banned
|rule|Evasion Items Clause: Evasion items are banned
|rule|Evasion Moves Clause: Evasion moves are banned
|rule|Evasion Abilities Clause: Evasion abilities are banned
|rule|Sleep Moves Clause: Sleep-inducing moves are banned
|clearpoke
|poke|p1|Pelipper, F|
|poke|p1|Overqwil, F|
|poke|p1|Azumarill, M|
|poke|p1|Basculegion, M|
|poke|p1|Greninja-*, M|
|poke|p1|Landorus-Therian, M|
|poke|p2|Glimmora, F|
|poke|p2|Garganacl, M|
|poke|p2|Samurott-Hisui, F|
|poke|p2|Iron Valiant|
|poke|p2|Dragonite, M|
|poke|p2|Zamazenta-*|
|teampreview
|inactive|Battle timer is ON: inactive players will automatically lose when time's up. (requested by kpo2022)
|
|t:|1757911441
|teamsize|p1|6
|teamsize|p2|6
|start
|switch|p1a: Pelipper|Pelipper, F|100/100
|switch|p2a: Flora|Glimmora, F|100/100
|-weather|RainDance|[from] ability: Drizzle|[of] p1a: Pelipper
|turn|1
|
|t:|1757911452
|switch|p2a: DragonKnight|Dragonite, M|100/100
|move|p1a: Pelipper|Weather Ball|p2a: DragonKnight
|-resisted|p2a: DragonKnight
|-damage|p2a: DragonKnight|84/100
|
|-weather|RainDance|[upkeep]
|upkeep
|turn|2
|
|t:|1757911460
|move|p2a: DragonKnight|Thunder Punch|p1a: Pelipper
|-supereffective|p1a: Pelipper
|-damage|p1a: Pelipper|0 fnt
|faint|p1a: Pelipper
|
|-weather|RainDance|[upkeep]
|upkeep
|
|t:|1757911463
|switch|p1a: Greninja|Greninja, M|100/100
|turn|3
|
|t:|1757911481
|switch|p2a: Grievous|Iron Valiant|100/100
|-enditem|p2a: Grievous|Booster Energy
|-activate|p2a: Grievous|ability: Quark Drive|[fromitem]
|-start|p2a: Grievous|quarkdrivespe
|move|p1a: Greninja|Ice Beam|p2a: Grievous
|-crit|p2a: Grievous
|-damage|p2a: Grievous|0 fnt
|faint|p2a: Grievous
|-end|p2a: Grievous|Quark Drive|[silent]
|-ability|p1a: Greninja|Battle Bond|boost
|-boost|p1a: Greninja|atk|1
|-boost|p1a: Greninja|spa|1
|-boost|p1a: Greninja|spe|1
|-activate|p1a: Greninja|ability: Battle Bond
|-damage|p1a: Greninja|91/100|[from] item: Life Orb
|
|-weather|RainDance|[upkeep]
|upkeep
|
|t:|1757911497
|switch|p2a: Sharp Thinker|Samurott-Hisui, F|100/100
|turn|4
|
|t:|1757911511
|-terastallize|p1a: Greninja|Water
|move|p1a: Greninja|Water Shuriken|p2a: Sharp Thinker
|-resisted|p2a: Sharp Thinker
|-damage|p2a: Sharp Thinker|85/100
|-resisted|p2a: Sharp Thinker
|-damage|p2a: Sharp Thinker|70/100
|-resisted|p2a: Sharp Thinker
|-damage|p2a: Sharp Thinker|52/100
|-resisted|p2a: Sharp Thinker
|-damage|p2a: Sharp Thinker|36/100
|-resisted|p2a: Sharp Thinker
|-damage|p2a: Sharp Thinker|19/100
|-enditem|p2a: Sharp Thinker|Aguav Berry|[eat]
|-heal|p2a: Sharp Thinker|53/100|[from] item: Aguav Berry
|-hitcount|p2a: Sharp Thinker|5
|-damage|p1a: Greninja|81/100|[from] item: Life Orb
|move|p2a: Sharp Thinker|Sacred Sword|p1a: Greninja
|-damage|p1a: Greninja|1/100
|
|-weather|RainDance|[upkeep]
|upkeep
|turn|5
|inactive|Da_Blaze4 has 120 seconds left.
|
|t:|1757911534
|move|p1a: Greninja|Water Shuriken|p2a: Sharp Thinker
|-resisted|p2a: Sharp Thinker
|-damage|p2a: Sharp Thinker|37/100
|-resisted|p2a: Sharp Thinker
|-crit|p2a: Sharp Thinker
|-damage|p2a: Sharp Thinker|13/100
|-resisted|p2a: Sharp Thinker
|-damage|p2a: Sharp Thinker|0 fnt
|faint|p2a: Sharp Thinker
|-hitcount|p2: Sharp Thinker|3
|-damage|p1a: Greninja|0 fnt|[from] item: Life Orb
|faint|p1a: Greninja
|
|-weather|RainDance|[upkeep]
|upkeep
|
|t:|1757911554
|switch|p1a: Basculegion|Basculegion, M|100/100
|switch|p2a: Flora|Glimmora, F|100/100
|turn|6
|
|t:|1757911564
|-terastallize|p2a: Flora|Water
|move|p2a: Flora|Mortal Spin|p1a: Basculegion
|-resisted|p1a: Basculegion
|-damage|p1a: Basculegion|97/100
|-status|p1a: Basculegion|psn
|move|p1a: Basculegion|Wave Crash|p2a: Flora
|-resisted|p2a: Flora
|-damage|p2a: Flora|0 fnt
|-activate|p2a: Flora|ability: Toxic Debris
|-sidestart|p1: kpo2022|move: Toxic Spikes
|faint|p2a: Flora
|-damage|p1a: Basculegion|75/100 psn|[from] Recoil
|
|-weather|RainDance|[upkeep]
|-damage|p1a: Basculegion|62/100 psn|[from] psn
|upkeep
|
|t:|1757911588
|switch|p2a: DragonKnight|Dragonite, M|84/100
|turn|7
|
|t:|1757911590
|move|p2a: DragonKnight|Extreme Speed|p1a: Basculegion
|-immune|p1a: Basculegion
|move|p1a: Basculegion|Wave Crash|p2a: DragonKnight
|-resisted|p2a: DragonKnight
|-damage|p2a: DragonKnight|0 fnt
|faint|p2a: DragonKnight
|-damage|p1a: Basculegion|38/100 psn|[from] Recoil
|
|-weather|RainDance|[upkeep]
|-damage|p1a: Basculegion|26/100 psn|[from] psn
|upkeep
|
|t:|1757911603
|switch|p2a: Palace|Garganacl, M|100/100
|turn|8
|
|t:|1757911611
|move|p1a: Basculegion|Wave Crash|p2a: Palace
|-supereffective|p2a: Palace
|-damage|p2a: Palace|0 fnt
|faint|p2a: Palace
|-damage|p1a: Basculegion|0 fnt|[from] Recoil
|faint|p1a: Basculegion
|
|-weather|none
|upkeep
|
|t:|1757911624
|switch|p1a: Azumarill|Azumarill, M|100/100
|switch|p2a: Phee|Zamazenta|100/100
|-ability|p2a: Phee|Dauntless Shield|boost
|-boost|p2a: Phee|def|1
|-status|p1a: Azumarill|psn
|turn|9
|
|t:|1757911636
|move|p2a: Phee|Trailblaze|p1a: Azumarill
|-ability|p1a: Azumarill|Sap Sipper|boost
|-boost|p1a: Azumarill|atk|1
|move|p1a: Azumarill|Play Rough|p2a: Phee
|-supereffective|p2a: Phee
|-damage|p2a: Phee|56/100
|
|-damage|p1a: Azumarill|88/100 psn|[from] psn
|upkeep
|turn|10
|
|t:|1757911647
|move|p2a: Phee|Heavy Slam|p1a: Azumarill
|-damage|p1a: Azumarill|50/100 psn
|move|p1a: Azumarill|Play Rough|p2a: Phee
|-supereffective|p2a: Phee
|-damage|p2a: Phee|13/100
|
|-damage|p1a: Azumarill|38/100 psn|[from] psn
|upkeep
|turn|11
|
|t:|1757911655
|move|p2a: Phee|Heavy Slam|p1a: Azumarill
|-damage|p1a: Azumarill|0 fnt
|faint|p1a: Azumarill
|
|upkeep
|
|t:|1757911661
|switch|p1a: Landorus|Landorus-Therian, M|100/100
|-ability|p1a: Landorus|Intimidate|boost
|-unboost|p2a: Phee|atk|1
|turn|12
|inactive|Da_Blaze4 has 120 seconds left.
|
|t:|1757911668
|move|p2a: Phee|Heavy Slam|p1a: Landorus
|-damage|p1a: Landorus|88/100
|-damage|p2a: Phee|0 fnt|[from] item: Rocky Helmet|[of] p1a: Landorus
|faint|p2a: Phee
|
|win|kpo2022
|raw|kpo2022's rating: 1170 &rarr; <strong>1193</strong><br />(+23 for winning)
|raw|Da_Blaze4's rating: 1136 &rarr; <strong>1113</strong><br />(-23 for losing)
|l|☆kpo2022
|player|p1|
|l|☆Da_Blaze4
|player|p2|
