|j|☆ay cheu
|j|☆jeet999
|t:|1757838858
|gametype|singles
|player|p1|ay cheu|riley|1487
|player|p2|jeet999|cynthia-masters|1581
|gen|9
|tier|[Gen 9] OU
|rated|
|rule|HP Percentage Mod: HP is shown in percentages
|rule|Endless Battle Clause: Forcing endless battles is banned
|rule|Species Clause: Limit one of each Pokémon
|rule|OHKO Clause: OHKO moves are banned
|rule|Evasion Items Clause: Evasion items are banned
|rule|Evasion Moves Clause: Evasion moves are banned
|rule|Evasion Abilities Clause: Evasion abilities are banned
|rule|Sleep Moves Clause: Sleep-inducing moves are banned
|clearpoke
|poke|p1|Hydreigon, M|
|poke|p1|Mimikyu, M|
|poke|p1|Excadrill, M|
|poke|p1|Greninja-*, M|
|poke|p1|Vileplume, F|
|poke|p1|Iron Hands|
|poke|p2|Indeedee, M|
|poke|p2|Hatterene, F|
|poke|p2|Ursaluna, F|
|poke|p2|Iron Hands|
|poke|p2|Hoopa-Unbound|
|poke|p2|Mimikyu, F|
|teampreview
|inactive|Battle timer is ON: inactive players will automatically lose when time's up. (requested by jeet999)
|inactive|ay cheu has 120 seconds left.
|
|t:|1757838901
|teamsize|p1|6
|teamsize|p2|6
|start
|switch|p1a: Greninja|Greninja, M|100/100
|switch|p2a: Mimi|Mimikyu, F, shiny|100/100
|turn|1
|
|t:|1757838911
|move|p1a: Greninja|U-turn|p2a: Mimi
|-start|p1a: Greninja|typechange|Bug|[from] ability: Protean
|-activate|p2a: Mimi|ability: Disguise
|-damage|p2a: Mimi|100/100
|detailschange|p2a: Mimi|Mimikyu-Busted, F, shiny
|-damage|p2a: Mimi|88/100|[from] pokemon: Mimikyu-Busted
|-enditem|p2a: Mimi|Red Card|[of] p1a: Greninja
|drag|p1a: Hydreigon|Hydreigon, M|100/100
|move|p2a: Mimi|Trick Room|p2a: Mimi
|-fieldstart|move: Trick Room|[of] p2a: Mimi
|
|upkeep
|turn|2
|
|t:|1757838922
|switch|p2a: Crashout YN|Ursaluna, F, shiny|100/100
|switch|p1a: Excadrill|Excadrill, M|100/100
|-ability|p1a: Excadrill|Mold Breaker
|
|-status|p2a: Crashout YN|brn|[from] item: Flame Orb
|upkeep
|turn|3
|
|t:|1757838932
|move|p1a: Excadrill|Protect|p1a: Excadrill
|-singleturn|p1a: Excadrill|Protect
|move|p2a: Crashout YN|Facade|p1a: Excadrill
|-activate|p1a: Excadrill|move: Protect
|
|-damage|p2a: Crashout YN|94/100 brn|[from] brn
|upkeep
|turn|4
|
|t:|1757838945
|switch|p1a: Hydreigon|Hydreigon, M|100/100
|move|p2a: Crashout YN|Headlong Rush|p1a: Hydreigon
|-immune|p1a: Hydreigon|[from] ability: Levitate
|
|-damage|p2a: Crashout YN|88/100 brn|[from] brn
|upkeep
|turn|5
|
|t:|1757838953
|switch|p1a: Mimikyu|Mimikyu, M|100/100
|move|p2a: Crashout YN|Facade|p1a: Mimikyu
|-immune|p1a: Mimikyu
|
|-damage|p2a: Crashout YN|82/100 brn|[from] brn
|-fieldend|move: Trick Room
|upkeep
|turn|6
|
|t:|1757838968
|switch|p2a: Subaru|Indeedee, M, shiny|100/100
|-fieldstart|move: Psychic Terrain|[from] ability: Psychic Surge|[of] p2a: Subaru
|move|p1a: Mimikyu|Substitute|p1a: Mimikyu
|-start|p1a: Mimikyu|Substitute
|-damage|p1a: Mimikyu|76/100
|
|upkeep
|turn|7
|
|t:|1757838982
|move|p1a: Mimikyu|Curse|p2a: Subaru
|-start|p2a: Subaru|Curse|[of] p1a: Mimikyu
|-damage|p1a: Mimikyu|26/100
|move|p2a: Subaru|Trick Room|p2a: Subaru
|-fieldstart|move: Trick Room|[of] p2a: Subaru
|
|-damage|p2a: Subaru|76/100|[from] Curse
|upkeep
|turn|8
|
|t:|1757838997
|move|p2a: Subaru|Encore|p1a: Mimikyu
|-start|p1a: Mimikyu|Encore
|move|p1a: Mimikyu|Curse||[still]
|-fail|p1a: Mimikyu
|
|-damage|p2a: Subaru|51/100|[from] Curse
|upkeep
|turn|9
|
|t:|1757839008
|switch|p2a: King Von|Hoopa-Unbound|100/100
|-enditem|p2a: King Von|Psychic Seed
|-boost|p2a: King Von|spd|1|[from] item: Psychic Seed
|switch|p1a: Excadrill|Excadrill, M|100/100
|-ability|p1a: Excadrill|Mold Breaker
|
|upkeep
|turn|10
|
|t:|1757839019
|move|p2a: King Von|Focus Blast|p1a: Excadrill
|-supereffective|p1a: Excadrill
|-damage|p1a: Excadrill|25/100
|-item|p2a: King Von|Leftovers|[from] ability: Magician|[of] p1a: Excadrill
|move|p1a: Excadrill|Stealth Rock|p2a: King Von
|-sidestart|p2: jeet999|move: Stealth Rock
|
|upkeep
|turn|11
|
|t:|1757839027
|move|p1a: Excadrill|Protect|p1a: Excadrill
|-singleturn|p1a: Excadrill|Protect
|move|p2a: King Von|Hyperspace Fury|p1a: Excadrill
|-activate|p1a: Excadrill|move: Hyperspace Fury|[broken]
|-damage|p1a: Excadrill|0 fnt
|-unboost|p2a: King Von|def|1
|faint|p1a: Excadrill
|
|-fieldend|move: Trick Room
|upkeep
|
|t:|1757839034
|switch|p1a: Greninja|Greninja, M|100/100
|turn|12
|
|t:|1757839045
|switch|p2a: Subaru|Indeedee, M, shiny|51/100
|-damage|p2a: Subaru|39/100|[from] Stealth Rock
|move|p1a: Greninja|U-turn|p2a: Subaru
|-start|p1a: Greninja|typechange|Bug|[from] ability: Protean
|-supereffective|p2a: Subaru
|-damage|p2a: Subaru|0 fnt
|faint|p2a: Subaru
|
|t:|1757839051
|switch|p1a: Hydreigon|Hydreigon, M|100/100|[from] U-turn
|
|upkeep
|
|t:|1757839058
|switch|p2a: Satella|Hatterene, F, shiny|100/100
|-damage|p2a: Satella|88/100|[from] Stealth Rock
|turn|13
|
|t:|1757839063
|move|p1a: Hydreigon|Dark Pulse|p2a: Satella
|-damage|p2a: Satella|27/100
|move|p2a: Satella|Trick Room|p2a: Satella
|-fieldstart|move: Trick Room|[of] p2a: Satella
|
|-fieldend|move: Psychic Terrain
|upkeep
|turn|14
|
|t:|1757839071
|switch|p1a: Vileplume|Vileplume, F|100/100
|move|p2a: Satella|Draining Kiss|p1a: Vileplume
|-resisted|p1a: Vileplume
|-damage|p1a: Vileplume|82/100
|-heal|p2a: Satella|42/100|[from] drain|[of] p1a: Vileplume
|-damage|p2a: Satella|26/100|[from] item: Rocky Helmet|[of] p1a: Vileplume
|-damage|p2a: Satella|16/100|[from] item: Life Orb
|
|upkeep
|turn|15
|
|t:|1757839080
|move|p2a: Satella|Mystical Fire|p1a: Vileplume
|-supereffective|p1a: Vileplume
|-damage|p1a: Vileplume|2/100
|-unboost|p1a: Vileplume|spa|1
|-damage|p2a: Satella|6/100|[from] item: Life Orb
|move|p1a: Vileplume|Sludge Bomb|p2a: Satella
|-supereffective|p2a: Satella
|-damage|p2a: Satella|0 fnt
|faint|p2a: Satella
|
|upkeep
|
|t:|1757839089
|switch|p2a: Crashout YN|Ursaluna, F, shiny|82/100 brn
|-damage|p2a: Crashout YN|76/100 brn|[from] Stealth Rock
|turn|16
|
|t:|1757839096
|move|p2a: Crashout YN|Ice Punch|p1a: Vileplume
|-supereffective|p1a: Vileplume
|-damage|p1a: Vileplume|0 fnt
|-damage|p2a: Crashout YN|60/100 brn|[from] item: Rocky Helmet|[of] p1a: Vileplume
|faint|p1a: Vileplume
|
|-damage|p2a: Crashout YN|54/100 brn|[from] brn
|upkeep
|
|t:|1757839103
|switch|p1a: Mimikyu|Mimikyu, M|26/100
|turn|17
|
|t:|1757839109
|move|p2a: Crashout YN|Ice Punch|p1a: Mimikyu
|-activate|p1a: Mimikyu|ability: Disguise
|-damage|p1a: Mimikyu|26/100
|detailschange|p1a: Mimikyu|Mimikyu-Busted, M
|-damage|p1a: Mimikyu|13/100|[from] pokemon: Mimikyu-Busted
|-enditem|p1a: Mimikyu|Salac Berry|[eat]
|-boost|p1a: Mimikyu|spe|1|[from] item: Salac Berry
|move|p1a: Mimikyu|Pain Split|p2a: Crashout YN
|-sethp|p2a: Crashout YN|31/100 brn|[from] move: Pain Split|[silent]
|-sethp|p1a: Mimikyu|46/100|[from] move: Pain Split
|
|-damage|p2a: Crashout YN|25/100 brn|[from] brn
|-fieldend|move: Trick Room
|upkeep
|turn|18
|
|t:|1757839125
|move|p1a: Mimikyu|Substitute|p1a: Mimikyu
|-start|p1a: Mimikyu|Substitute
|-damage|p1a: Mimikyu|21/100
|move|p2a: Crashout YN|Headlong Rush|p1a: Mimikyu
|-end|p1a: Mimikyu|Substitute
|-unboost|p2a: Crashout YN|def|1
|-unboost|p2a: Crashout YN|spd|1
|
|-damage|p2a: Crashout YN|19/100 brn|[from] brn
|upkeep
|turn|19
|
|t:|1757839139
|switch|p2a: LEBRON|Iron Hands, shiny|100/100
|-damage|p2a: LEBRON|94/100|[from] Stealth Rock
|-enditem|p2a: LEBRON|Booster Energy
|-activate|p2a: LEBRON|ability: Quark Drive|[fromitem]
|-start|p2a: LEBRON|quarkdriveatk
|move|p1a: Mimikyu|Play Rough|p2a: LEBRON
|-supereffective|p2a: LEBRON
|-damage|p2a: LEBRON|57/100
|
|upkeep
|turn|20
|
|t:|1757839153
|move|p1a: Mimikyu|Curse|p2a: LEBRON
|-start|p2a: LEBRON|Curse|[of] p1a: Mimikyu
|-damage|p1a: Mimikyu|0 fnt
|faint|p1a: Mimikyu
|move|p2a: LEBRON|Supercell Slam|p1: Mimikyu|[notarget]
|-fail|p2a: LEBRON
|
|-damage|p2a: LEBRON|32/100|[from] Curse
|upkeep
|
|t:|1757839156
|switch|p1a: Iron Hands|Iron Hands|100/100
|turn|21
|
|t:|1757839167
|move|p1a: Iron Hands|Drain Punch|p2a: LEBRON
|-damage|p2a: LEBRON|0 fnt
|faint|p2a: LEBRON
|-end|p2a: LEBRON|Quark Drive|[silent]
|
|upkeep
|
|t:|1757839174
|switch|p2a: Mimi|Mimikyu-Busted, F, shiny|88/100
|-damage|p2a: Mimi|76/100|[from] Stealth Rock
|turn|22
|
|t:|1757839179
|move|p1a: Iron Hands|Swords Dance|p1a: Iron Hands
|-boost|p1a: Iron Hands|atk|2
|move|p2a: Mimi|Trick Room|p2a: Mimi
|-fieldstart|move: Trick Room|[of] p2a: Mimi
|
|upkeep
|turn|23
|
|t:|1757839186
|move|p1a: Iron Hands|Swords Dance|p1a: Iron Hands
|-boost|p1a: Iron Hands|atk|2
|move|p2a: Mimi|Curse|p1a: Iron Hands
|-start|p1a: Iron Hands|Curse|[of] p2a: Mimi
|-damage|p2a: Mimi|26/100
|
|-damage|p1a: Iron Hands|76/100|[from] Curse
|upkeep
|turn|24
|
|t:|1757839194
|move|p1a: Iron Hands|Drain Punch|p2a: Mimi
|-immune|p2a: Mimi
|move|p2a: Mimi|Play Rough|p1a: Iron Hands
|-supereffective|p1a: Iron Hands
|-damage|p1a: Iron Hands|38/100
|
|-damage|p1a: Iron Hands|13/100|[from] Curse
|upkeep
|turn|25
|
|t:|1757839201
|move|p1a: Iron Hands|Ice Punch|p2a: Mimi
|-damage|p2a: Mimi|0 fnt
|faint|p2a: Mimi
|
|-damage|p1a: Iron Hands|0 fnt|[from] Curse
|faint|p1a: Iron Hands
|-end|p1a: Iron Hands|Quark Drive|[silent]
|upkeep
|
|t:|1757839208
|switch|p1a: Hydreigon|Hydreigon, M|100/100
|switch|p2a: Crashout YN|Ursaluna, F, shiny|19/100 brn
|-damage|p2a: Crashout YN|13/100 brn|[from] Stealth Rock
|turn|26
|
|t:|1757839216
|move|p2a: Crashout YN|Facade|p1a: Hydreigon
|-damage|p1a: Hydreigon|0 fnt
|faint|p1a: Hydreigon
|
|-damage|p2a: Crashout YN|7/100 brn|[from] brn
|-fieldend|move: Trick Room
|upkeep
|
|t:|1757839219
|switch|p1a: Greninja|Greninja, M|100/100
|turn|27
|
|t:|1757839229
|move|p1a: Greninja|U-turn|p2a: Crashout YN
|-start|p1a: Greninja|typechange|Bug|[from] ability: Protean
|-damage|p2a: Crashout YN|0 fnt
|faint|p2a: Crashout YN
|
|upkeep
|
|t:|1757839236
|switch|p2a: King Von|Hoopa-Unbound|100/100
|-damage|p2a: King Von|88/100|[from] Stealth Rock
|turn|28
|
|t:|1757839243
|-terastallize|p2a: King Von|Psychic
|move|p1a: Greninja|U-turn|p2a: King Von
|-supereffective|p2a: King Von
|-damage|p2a: King Von|34/100
|move|p2a: King Von|Trick Room|p2a: King Von
|-fieldstart|move: Trick Room|[of] p2a: King Von
|
|-heal|p2a: King Von|40/100|[from] item: Leftovers
|upkeep
|turn|29
|
|t:|1757839251
|move|p2a: King Von|Expanding Force|p1a: Greninja
|-damage|p1a: Greninja|0 fnt
|faint|p1a: Greninja
|
|win|jeet999
|raw|ay cheu's rating: 1487 &rarr; <strong>1472</strong><br />(-15 for losing)
|raw|jeet999's rating: 1581 &rarr; <strong>1596</strong><br />(+15 for winning)
|l|☆ay cheu
|player|p1|
|l|☆jeet999
|player|p2|
