|badge|p2|bronze|gen9doublesou|100-6
|badge|p2|bronze|gen9monotype|100-6
|uhtml|medal-msg|<div class="broadcast-blue">Curious what those medals under the avatar are? PS now has Ladder Seasons! For more information, check out the <a href="https://www.smogon.com/forums/threads/3740067/">thread on Smogon.</a></div>
|j|☆Srita Kaguya
|j|☆Zerotti
|t:|1757910094
|gametype|singles
|player|p1|Srita Kaguya|janine|
|player|p2|Zerotti|#dwcopiv|
|gen|9
|tier|[Gen 9] OU
|rule|HP Percentage Mod: HP is shown in percentages
|rule|Endless Battle Clause: Forcing endless battles is banned
|rule|Species Clause: Limit one of each Pokémon
|rule|OHKO Clause: OHKO moves are banned
|rule|Evasion Items Clause: Evasion items are banned
|rule|Evasion Moves Clause: Evasion moves are banned
|rule|Evasion Abilities Clause: Evasion abilities are banned
|rule|Sleep Moves Clause: Sleep-inducing moves are banned
|clearpoke
|poke|p1|Heatran, M|
|poke|p1|Amoonguss, F|
|poke|p1|Dondozo, M|
|poke|p1|Blissey, F|
|poke|p1|Clefable, F|
|poke|p1|Gliscor, M|
|poke|p2|Hoopa-Unbound|
|poke|p2|Enamorus, F|
|poke|p2|Garchomp, F|
|poke|p2|Pecharunt|
|poke|p2|Hatterene, F|
|poke|p2|Kingambit, F|
|teampreview
|c|☆Srita Kaguya|jolychet
|c|☆Srita Kaguya|gl
|
|t:|1757910198
|teamsize|p1|6
|teamsize|p2|6
|start
|switch|p1a: Clefable|Clefable, F|100/100
|switch|p2a: Garchomp|Garchomp, F|100/100
|turn|1
|
|t:|1757910208
|switch|p2a: Pecharunt|Pecharunt|100/100
|move|p1a: Clefable|Moonblast|p2a: Pecharunt
|-resisted|p2a: Pecharunt
|-damage|p2a: Pecharunt|85/100
|-unboost|p2a: Pecharunt|spa|1
|
|upkeep
|turn|2
|
|t:|1757910218
|move|p2a: Pecharunt|Parting Shot|p1a: Clefable
|-unboost|p1a: Clefable|atk|1
|-unboost|p1a: Clefable|spa|1
|
|t:|1757910230
|switch|p2a: Hatterene|Hatterene, F|100/100|[from] Parting Shot
|move|p1a: Clefable|Knock Off|p2a: Hatterene
|-damage|p2a: Hatterene|92/100
|-enditem|p2a: Hatterene|Assault Vest|[from] move: Knock Off|[of] p1a: Clefable
|
|upkeep
|turn|3
|
|t:|1757910246
|switch|p1a: Gliscor|Gliscor, M|100/100
|move|p2a: Hatterene|Draining Kiss|p1a: Gliscor
|-damage|p1a: Gliscor|78/100
|-heal|p2a: Hatterene|100/100|[from] drain|[of] p1a: Gliscor
|
|-status|p1a: Gliscor|tox|[from] item: Toxic Orb
|upkeep
|turn|4
|
|t:|1757910257
|move|p1a: Gliscor|Protect|p1a: Gliscor
|-singleturn|p1a: Gliscor|Protect
|move|p2a: Hatterene|Psychic Noise|p1a: Gliscor
|-activate|p1a: Gliscor|move: Protect
|
|-heal|p1a: Gliscor|91/100 tox|[from] ability: Poison Heal
|upkeep
|turn|5
|
|t:|1757910272
|switch|p1a: Heatran|Heatran, M|100/100
|switch|p2a: Enamorus|Enamorus, F|100/100
|
|upkeep
|turn|6
|
|t:|1757910282
|move|p1a: Heatran|Protect|p1a: Heatran
|-singleturn|p1a: Heatran|Protect
|move|p2a: Enamorus|Earth Power|p1a: Heatran
|-activate|p1a: Heatran|move: Protect
|
|upkeep
|turn|7
|
|t:|1757910289
|switch|p2a: Garchomp|Garchomp, F|100/100
|move|p1a: Heatran|Stealth Rock|p2a: Garchomp
|-sidestart|p2: Zerotti|move: Stealth Rock
|
|upkeep
|turn|8
|
|t:|1757910294
|switch|p1a: Clefable|Clefable, F|100/100
|move|p2a: Garchomp|Stealth Rock|p1a: Clefable
|-sidestart|p1: Srita Kaguya|move: Stealth Rock
|
|upkeep
|turn|9
|
|t:|1757910298
|switch|p2a: Pecharunt|Pecharunt|85/100
|-damage|p2a: Pecharunt|73/100|[from] Stealth Rock
|move|p1a: Clefable|Knock Off|p2a: Pecharunt
|-supereffective|p2a: Pecharunt
|-damage|p2a: Pecharunt|55/100
|-enditem|p2a: Pecharunt|Shuca Berry|[from] move: Knock Off|[of] p1a: Clefable
|
|upkeep
|turn|10
|
|t:|1757910304
|switch|p1a: Gliscor|Gliscor, M|91/100 tox
|-damage|p1a: Gliscor|78/100 tox|[from] Stealth Rock
|move|p2a: Pecharunt|Recover|p2a: Pecharunt
|-heal|p2a: Pecharunt|100/100
|
|-heal|p1a: Gliscor|91/100 tox|[from] ability: Poison Heal
|upkeep
|turn|11
|
|t:|1757910308
|move|p2a: Pecharunt|Parting Shot|p1a: Gliscor
|-unboost|p1a: Gliscor|atk|1
|-unboost|p1a: Gliscor|spa|1
|
|t:|1757910329
|switch|p2a: Garchomp|Garchomp, F|100/100|[from] Parting Shot
|-damage|p2a: Garchomp|94/100|[from] Stealth Rock
|move|p1a: Gliscor|Earthquake|p2a: Garchomp
|-crit|p2a: Garchomp
|-damage|p2a: Garchomp|66/100
|
|-heal|p1a: Gliscor|100/100 tox|[from] ability: Poison Heal
|upkeep
|turn|12
|
|t:|1757910333
|move|p2a: Garchomp|Spikes|p1a: Gliscor
|-sidestart|p1: Srita Kaguya|Spikes
|move|p1a: Gliscor|Spikes|p2a: Garchomp
|-sidestart|p2: Zerotti|Spikes
|
|upkeep
|turn|13
|
|t:|1757910339
|switch|p2a: Hatterene|Hatterene, F|100/100
|-damage|p2a: Hatterene|88/100|[from] Stealth Rock
|-damage|p2a: Hatterene|76/100|[from] Spikes
|move|p1a: Gliscor|Earthquake|p2a: Hatterene
|-damage|p2a: Hatterene|55/100
|
|upkeep
|turn|14
|
|t:|1757910342
|switch|p1a: Heatran|Heatran, M|100/100
|move|p2a: Hatterene|Psychic Noise|p1a: Heatran
|-resisted|p1a: Heatran
|-damage|p1a: Heatran|89/100
|-start|p1a: Heatran|move: Heal Block
|
|upkeep
|turn|15
|
|t:|1757910374
|switch|p2a: Garchomp|Garchomp, F|66/100
|-damage|p2a: Garchomp|60/100|[from] Stealth Rock
|-damage|p2a: Garchomp|47/100|[from] Spikes
|move|p1a: Heatran|Magma Storm|p2a: Garchomp|[miss]
|-miss|p1a: Heatran|p2a: Garchomp
|
|-end|p1a: Heatran|move: Heal Block
|upkeep
|turn|16
|
|t:|1757910379
|switch|p1a: Clefable|Clefable, F|100/100
|move|p2a: Garchomp|Spikes|p1a: Clefable
|-sidestart|p1: Srita Kaguya|Spikes
|
|upkeep
|turn|17
|
|t:|1757910384
|switch|p2a: Pecharunt|Pecharunt|100/100
|-damage|p2a: Pecharunt|88/100|[from] Stealth Rock
|-damage|p2a: Pecharunt|76/100|[from] Spikes
|move|p1a: Clefable|Moonblast|p2a: Pecharunt
|-resisted|p2a: Pecharunt
|-damage|p2a: Pecharunt|61/100
|-unboost|p2a: Pecharunt|spa|1
|
|upkeep
|turn|18
|
|t:|1757910393
|switch|p1a: Gliscor|Gliscor, M|100/100 tox
|-damage|p1a: Gliscor|88/100 tox|[from] Stealth Rock
|move|p2a: Pecharunt|Malignant Chain|p1a: Gliscor
|-resisted|p1a: Gliscor
|-damage|p1a: Gliscor|78/100 tox
|
|-heal|p1a: Gliscor|91/100 tox|[from] ability: Poison Heal
|upkeep
|turn|19
|
|t:|1757910399
|move|p2a: Pecharunt|Parting Shot|p1a: Gliscor
|-unboost|p1a: Gliscor|atk|1
|-unboost|p1a: Gliscor|spa|1
|
|t:|1757910400
|switch|p2a: Hatterene|Hatterene, F|55/100|[from] Parting Shot
|-damage|p2a: Hatterene|43/100|[from] Stealth Rock
|-damage|p2a: Hatterene|30/100|[from] Spikes
|move|p1a: Gliscor|Earthquake|p2a: Hatterene
|-damage|p2a: Hatterene|8/100
|
|-heal|p1a: Gliscor|100/100 tox|[from] ability: Poison Heal
|upkeep
|turn|20
|
|t:|1757910403
|move|p1a: Gliscor|Earthquake|p2a: Hatterene
|-damage|p2a: Hatterene|0 fnt
|faint|p2a: Hatterene
|
|upkeep
|
|t:|1757910434
|switch|p2a: Hoopa|Hoopa-Unbound|100/100
|-damage|p2a: Hoopa|88/100|[from] Stealth Rock
|-damage|p2a: Hoopa|76/100|[from] Spikes
|turn|21
|
|t:|1757910438
|move|p2a: Hoopa|Knock Off|p1a: Gliscor
|-damage|p1a: Gliscor|22/100 tox
|-enditem|p1a: Gliscor|Toxic Orb|[from] move: Knock Off|[of] p2a: Hoopa
|move|p1a: Gliscor|Knock Off|p2a: Hoopa
|-damage|p2a: Hoopa|50/100
|-enditem|p2a: Hoopa|Choice Band|[from] move: Knock Off|[of] p1a: Gliscor
|
|-heal|p1a: Gliscor|35/100 tox|[from] ability: Poison Heal
|upkeep
|turn|22
|
|t:|1757910444
|move|p1a: Gliscor|Protect|p1a: Gliscor
|-singleturn|p1a: Gliscor|Protect
|move|p2a: Hoopa|Hyperspace Fury|p1a: Gliscor
|-activate|p1a: Gliscor|move: Hyperspace Fury|[broken]
|-damage|p1a: Gliscor|0 fnt
|-unboost|p2a: Hoopa|def|1
|faint|p1a: Gliscor
|
|upkeep
|
|t:|1757910447
|switch|p1a: Clefable|Clefable, F|100/100
|turn|23
|
|t:|1757910450
|switch|p2a: Pecharunt|Pecharunt|61/100
|-damage|p2a: Pecharunt|48/100|[from] Stealth Rock
|-damage|p2a: Pecharunt|36/100|[from] Spikes
|move|p1a: Clefable|Moonblast|p2a: Pecharunt
|-resisted|p2a: Pecharunt
|-damage|p2a: Pecharunt|21/100
|
|upkeep
|turn|24
|
|t:|1757910454
|switch|p1a: Heatran|Heatran, M|89/100
|move|p2a: Pecharunt|Recover|p2a: Pecharunt
|-heal|p2a: Pecharunt|71/100
|
|upkeep
|turn|25
|
|t:|1757910458
|move|p2a: Pecharunt|Parting Shot|p1a: Heatran
|-unboost|p1a: Heatran|atk|1
|-unboost|p1a: Heatran|spa|1
|
|t:|1757910460
|switch|p2a: Garchomp|Garchomp, F|47/100|[from] Parting Shot
|-damage|p2a: Garchomp|41/100|[from] Stealth Rock
|-damage|p2a: Garchomp|29/100|[from] Spikes
|move|p1a: Heatran|Magma Storm|p2a: Garchomp
|-resisted|p2a: Garchomp
|-damage|p2a: Garchomp|15/100
|-activate|p2a: Garchomp|move: Magma Storm|[of] p1a: Heatran
|
|-damage|p2a: Garchomp|3/100|[from] move: Magma Storm|[partiallytrapped]
|upkeep
|turn|26
|
|t:|1757910464
|move|p1a: Heatran|Protect|p1a: Heatran
|-singleturn|p1a: Heatran|Protect
|move|p2a: Garchomp|Spikes|p1a: Heatran
|-sidestart|p1: Srita Kaguya|Spikes
|
|-damage|p2a: Garchomp|0 fnt|[from] move: Magma Storm|[partiallytrapped]
|faint|p2a: Garchomp
|upkeep
|
|t:|1757910476
|switch|p2a: Hoopa|Hoopa-Unbound|50/100
|-damage|p2a: Hoopa|38/100|[from] Stealth Rock
|-damage|p2a: Hoopa|25/100|[from] Spikes
|turn|27
|
|t:|1757910484
|switch|p1a: Amoonguss|Amoonguss, F|100/100
|move|p2a: Hoopa|Drain Punch|p1a: Amoonguss
|-resisted|p1a: Amoonguss
|-damage|p1a: Amoonguss|89/100
|-heal|p2a: Hoopa|34/100|[from] drain|[of] p1a: Amoonguss
|-item|p2a: Hoopa|Heavy-Duty Boots|[from] ability: Magician|[of] p1a: Amoonguss
|
|upkeep
|turn|28
|
|t:|1757910487
|move|p2a: Hoopa|Zen Headbutt|p1a: Amoonguss
|-supereffective|p1a: Amoonguss
|-damage|p1a: Amoonguss|11/100
|move|p1a: Amoonguss|Foul Play|p2a: Hoopa
|-damage|p2a: Hoopa|0 fnt
|faint|p2a: Hoopa
|
|upkeep
|
|t:|1757910506
|switch|p2a: Kingambit|Kingambit, F|100/100
|-damage|p2a: Kingambit|94/100|[from] Stealth Rock
|-damage|p2a: Kingambit|82/100|[from] Spikes
|-activate|p2a: Kingambit|ability: Supreme Overlord
|-start|p2a: Kingambit|fallen3|[silent]
|turn|29
|
|t:|1757910519
|-terastallize|p2a: Kingambit|Dark
|move|p2a: Kingambit|Kowtow Cleave|p1a: Amoonguss
|-damage|p1a: Amoonguss|0 fnt
|faint|p1a: Amoonguss
|
|upkeep
|
|t:|1757910525
|switch|p1a: Dondozo|Dondozo, M|100/100
|turn|30
|
|t:|1757910533
|-end|p2a: Kingambit|fallen3|[silent]
|switch|p2a: Pecharunt|Pecharunt|71/100
|-damage|p2a: Pecharunt|59/100|[from] Stealth Rock
|-damage|p2a: Pecharunt|46/100|[from] Spikes
|move|p1a: Dondozo|Body Press|p2a: Pecharunt
|-immune|p2a: Pecharunt
|
|upkeep
|turn|31
|
|t:|1757910545
|switch|p1a: Heatran|Heatran, M|89/100
|move|p2a: Pecharunt|Recover|p2a: Pecharunt
|-heal|p2a: Pecharunt|97/100
|
|upkeep
|turn|32
|
|t:|1757910551
|move|p2a: Pecharunt|Hex|p1a: Heatran
|-damage|p1a: Heatran|75/100
|move|p1a: Heatran|Magma Storm|p2a: Pecharunt
|-damage|p2a: Pecharunt|53/100
|-activate|p2a: Pecharunt|move: Magma Storm|[of] p1a: Heatran
|
|-damage|p2a: Pecharunt|40/100|[from] move: Magma Storm|[partiallytrapped]
|upkeep
|turn|33
|
|t:|1757910560
|move|p1a: Heatran|Protect|p1a: Heatran
|-singleturn|p1a: Heatran|Protect
|move|p2a: Pecharunt|Recover|p2a: Pecharunt
|-heal|p2a: Pecharunt|90/100
|
|-damage|p2a: Pecharunt|78/100|[from] move: Magma Storm|[partiallytrapped]
|upkeep
|turn|34
|
|t:|1757910566
|move|p2a: Pecharunt|Hex|p1a: Heatran
|-damage|p1a: Heatran|63/100
|move|p1a: Heatran|Magma Storm|p2a: Pecharunt
|-damage|p2a: Pecharunt|37/100
|
|-damage|p2a: Pecharunt|25/100|[from] move: Magma Storm|[partiallytrapped]
|upkeep
|turn|35
|
|t:|1757910570
|move|p2a: Pecharunt|Recover|p2a: Pecharunt
|-heal|p2a: Pecharunt|75/100
|move|p1a: Heatran|Earth Power|p2a: Pecharunt
|-supereffective|p2a: Pecharunt
|-damage|p2a: Pecharunt|25/100
|
|-damage|p2a: Pecharunt|13/100|[from] move: Magma Storm|[partiallytrapped]
|upkeep
|turn|36
|
|t:|1757910576
|move|p2a: Pecharunt|Hex|p1a: Heatran
|-damage|p1a: Heatran|51/100
|move|p1a: Heatran|Earth Power|p2a: Pecharunt
|-supereffective|p2a: Pecharunt
|-damage|p2a: Pecharunt|0 fnt
|faint|p2a: Pecharunt
|
|upkeep
|
|t:|1757910589
|switch|p2a: Kingambit|Kingambit, F, tera:Dark|82/100
|-damage|p2a: Kingambit|70/100|[from] Stealth Rock
|-damage|p2a: Kingambit|57/100|[from] Spikes
|-activate|p2a: Kingambit|ability: Supreme Overlord
|-start|p2a: Kingambit|fallen4|[silent]
|turn|37
|
|t:|1757910594
|move|p2a: Kingambit|Sucker Punch|p1a: Heatran
|-damage|p1a: Heatran|0 fnt
|faint|p1a: Heatran
|
|upkeep
|
|t:|1757910596
|switch|p1a: Dondozo|Dondozo, M|100/100
|turn|38
|
|t:|1757910603
|-end|p2a: Kingambit|fallen4|[silent]
|switch|p2a: Enamorus|Enamorus, F|100/100
|-damage|p2a: Enamorus|76/100|[from] Stealth Rock
|move|p1a: Dondozo|Body Press|p2a: Enamorus
|-resisted|p2a: Enamorus
|-damage|p2a: Enamorus|64/100
|
|upkeep
|turn|39
|
|t:|1757910634
|switch|p1a: Clefable|Clefable, F|100/100
|move|p2a: Enamorus|Healing Wish|p2a: Enamorus
|faint|p2a: Enamorus
|
|upkeep
|
|t:|1757910637
|switch|p2a: Kingambit|Kingambit, F, tera:Dark|57/100
|-heal|p2a: Kingambit|100/100|[from] move: Healing Wish
|-damage|p2a: Kingambit|88/100|[from] Stealth Rock
|-damage|p2a: Kingambit|76/100|[from] Spikes
|-activate|p2a: Kingambit|ability: Supreme Overlord
|-start|p2a: Kingambit|fallen5|[silent]
|turn|40
|
|t:|1757910643
|-terastallize|p1a: Clefable|Steel
|move|p2a: Kingambit|Iron Head|p1a: Clefable
|-resisted|p1a: Clefable
|-damage|p1a: Clefable|76/100
|move|p1a: Clefable|Moonblast|p2a: Kingambit
|-supereffective|p2a: Kingambit
|-crit|p2a: Kingambit
|-damage|p2a: Kingambit|0 fnt
|faint|p2a: Kingambit
|-end|p2a: Kingambit|fallen5|[silent]
|
|win|Srita Kaguya
|c|☆Srita Kaguya|gg
|c|☆Zerotti|gg
