|j|☆Brutalshaman
|j|☆Papagayo32
|t:|1757786537
|gametype|singles
|player|p1|Brutalshaman|blackbelt-gen4dp|1431
|player|p2|Papagayo32|youngster-gen4dp|1421
|gen|9
|tier|[Gen 9] OU
|rated|
|rule|HP Percentage Mod: HP is shown in percentages
|rule|Endless Battle Clause: Forcing endless battles is banned
|rule|Species Clause: Limit one of each Pokémon
|rule|OHKO Clause: OHKO moves are banned
|rule|Evasion Items Clause: Evasion items are banned
|rule|Evasion Moves Clause: Evasion moves are banned
|rule|Evasion Abilities Clause: Evasion abilities are banned
|rule|Sleep Moves Clause: Sleep-inducing moves are banned
|clearpoke
|poke|p1|Excadrill, F|
|poke|p1|Tyranitar, M|
|poke|p1|Tinkaton, F|
|poke|p1|Sinistcha|
|poke|p1|Moltres|
|poke|p1|Ogerpon-Wellspring, F|
|poke|p2|Dragapult, F|
|poke|p2|Slowbro, F|
|poke|p2|Empoleon, F|
|poke|p2|Gliscor, M|
|poke|p2|Darkrai|
|poke|p2|Weezing-Galar, M|
|teampreview
|
|t:|1757786549
|teamsize|p1|6
|teamsize|p2|6
|start
|switch|p1a: Ogerpon|Ogerpon-Wellspring, F|100/100
|switch|p2a: Dragapult|Dragapult, F, shiny|100/100
|turn|1
|
|t:|1757786556
|switch|p1a: Moltres|Moltres|100/100
|move|p2a: Dragapult|Will-O-Wisp|p1a: Moltres
|-immune|p1a: Moltres
|
|upkeep
|turn|2
|
|t:|1757786567
|move|p2a: Dragapult|Thunder Wave|p1a: Moltres
|-status|p1a: Moltres|par
|move|p1a: Moltres|Roost||[still]
|-fail|p1a: Moltres|heal
|
|upkeep
|turn|3
|
|t:|1757786585
|move|p2a: Dragapult|Substitute|p2a: Dragapult
|-start|p2a: Dragapult|Substitute
|-damage|p2a: Dragapult|76/100
|cant|p1a: Moltres|par
|
|-heal|p2a: Dragapult|82/100|[from] item: Leftovers
|upkeep
|turn|4
|
|t:|1757786592
|switch|p1a: Tyranitar|Tyranitar, M|100/100
|-weather|Sandstorm|[from] ability: Sand Stream|[of] p1a: Tyranitar
|move|p2a: Dragapult|Shadow Ball|p1a: Tyranitar
|-resisted|p1a: Tyranitar
|-damage|p1a: Tyranitar|92/100
|
|-weather|Sandstorm|[upkeep]
|-damage|p2a: Dragapult|76/100|[from] Sandstorm
|-heal|p2a: Dragapult|82/100|[from] item: Leftovers
|upkeep
|turn|5
|
|t:|1757786616
|switch|p1a: Moltres|Moltres|100/100 par
|move|p2a: Dragapult|Will-O-Wisp||[still]
|-fail|p2a: Dragapult
|
|-weather|Sandstorm|[upkeep]
|-damage|p2a: Dragapult|76/100|[from] Sandstorm
|-damage|p1a: Moltres|94/100 par|[from] Sandstorm
|-heal|p2a: Dragapult|82/100|[from] item: Leftovers
|upkeep
|turn|6
|
|t:|1757786622
|switch|p2a: Gliscor|Gliscor, M|100/100
|move|p1a: Moltres|Roar|p2a: Gliscor
|drag|p2a: Dragapult|Dragapult, F, shiny|82/100
|
|-weather|Sandstorm|[upkeep]
|-damage|p2a: Dragapult|76/100|[from] Sandstorm
|-damage|p1a: Moltres|88/100 par|[from] Sandstorm
|-heal|p2a: Dragapult|82/100|[from] item: Leftovers
|upkeep
|turn|7
|
|t:|1757786648
|switch|p2a: Gliscor|Gliscor, M|100/100
|move|p1a: Moltres|Roar|p2a: Gliscor
|drag|p2a: Darkrai|Darkrai|100/100
|
|-weather|Sandstorm|[upkeep]
|-damage|p2a: Darkrai|94/100|[from] Sandstorm
|-damage|p1a: Moltres|82/100 par|[from] Sandstorm
|upkeep
|turn|8
|
|t:|1757786656
|switch|p1a: Tinkaton|Tinkaton, F|100/100
|-ability|p1a: Tinkaton|Mold Breaker
|-item|p1a: Tinkaton|Air Balloon
|move|p2a: Darkrai|Dark Pulse|p1a: Tinkaton
|-resisted|p1a: Tinkaton
|-damage|p1a: Tinkaton|71/100
|-enditem|p1a: Tinkaton|Air Balloon
|
|-weather|none
|upkeep
|turn|9
|
|t:|1757786663
|switch|p2a: Gliscor|Gliscor, M|100/100
|move|p1a: Tinkaton|Thunder Wave|p2a: Gliscor
|-immune|p2a: Gliscor
|
|-status|p2a: Gliscor|tox|[from] item: Toxic Orb
|upkeep
|turn|10
|
|t:|1757786675
|move|p1a: Tinkaton|Stealth Rock|p2a: Gliscor
|-sidestart|p2: Papagayo32|move: Stealth Rock
|move|p2a: Gliscor|Knock Off|p1a: Tinkaton
|-resisted|p1a: Tinkaton
|-damage|p1a: Tinkaton|64/100
|
|upkeep
|turn|11
|
|t:|1757786685
|switch|p1a: Moltres|Moltres|82/100 par
|move|p2a: Gliscor|Stealth Rock|p1a: Moltres
|-sidestart|p1: Brutalshaman|move: Stealth Rock
|
|upkeep
|turn|12
|
|t:|1757786690
|move|p2a: Gliscor|Spikes|p1a: Moltres
|-sidestart|p1: Brutalshaman|Spikes
|cant|p1a: Moltres|par
|
|upkeep
|turn|13
|
|t:|1757786695
|move|p2a: Gliscor|Spikes|p1a: Moltres
|-sidestart|p1: Brutalshaman|Spikes
|move|p1a: Moltres|Roar|p2a: Gliscor
|drag|p2a: Empoleon|Empoleon, F, shiny|100/100
|-damage|p2a: Empoleon|94/100|[from] Stealth Rock
|
|upkeep
|turn|14
|
|t:|1757786699
|move|p2a: Empoleon|Hydro Pump|p1a: Moltres
|-supereffective|p1a: Moltres
|-damage|p1a: Moltres|0 fnt
|faint|p1a: Moltres
|
|upkeep
|
|t:|1757786711
|switch|p1a: Sinistcha|Sinistcha|100/100
|turn|15
|
|t:|1757786733
|switch|p2a: Darkrai|Darkrai|94/100
|-damage|p2a: Darkrai|82/100|[from] Stealth Rock
|switch|p1a: Tyranitar|Tyranitar, M|92/100
|-damage|p1a: Tyranitar|79/100|[from] Stealth Rock
|-damage|p1a: Tyranitar|63/100|[from] Spikes
|-weather|Sandstorm|[from] ability: Sand Stream|[of] p1a: Tyranitar
|
|-weather|Sandstorm|[upkeep]
|-damage|p2a: Darkrai|76/100|[from] Sandstorm
|upkeep
|turn|16
|
|t:|1757786745
|move|p2a: Darkrai|Focus Blast|p1a: Tyranitar
|-supereffective|p1a: Tyranitar
|-damage|p1a: Tyranitar|0 fnt
|faint|p1a: Tyranitar
|
|-weather|Sandstorm|[upkeep]
|-damage|p2a: Darkrai|70/100|[from] Sandstorm
|upkeep
|
|t:|1757786747
|switch|p1a: Excadrill|Excadrill, F|100/100
|-damage|p1a: Excadrill|97/100|[from] Stealth Rock
|-damage|p1a: Excadrill|81/100|[from] Spikes
|turn|17
|
|t:|1757786752
|switch|p2a: Dragapult|Dragapult, F, shiny|82/100
|-damage|p2a: Dragapult|69/100|[from] Stealth Rock
|move|p1a: Excadrill|Rapid Spin|p2a: Dragapult
|-immune|p2a: Dragapult
|
|-weather|Sandstorm|[upkeep]
|-damage|p2a: Dragapult|63/100|[from] Sandstorm
|-heal|p1a: Excadrill|87/100|[from] item: Leftovers
|-heal|p2a: Dragapult|69/100|[from] item: Leftovers
|upkeep
|turn|18
|
|t:|1757786755
|move|p1a: Excadrill|Earthquake|p2a: Dragapult
|-damage|p2a: Dragapult|13/100
|move|p2a: Dragapult|Will-O-Wisp|p1a: Excadrill
|-status|p1a: Excadrill|brn
|
|-weather|Sandstorm|[upkeep]
|-damage|p2a: Dragapult|7/100|[from] Sandstorm
|-heal|p1a: Excadrill|93/100 brn|[from] item: Leftovers
|-heal|p2a: Dragapult|13/100|[from] item: Leftovers
|-damage|p1a: Excadrill|87/100 brn|[from] brn
|upkeep
|turn|19
|
|t:|1757786760
|switch|p2a: Gliscor|Gliscor, M|100/100 tox
|-damage|p2a: Gliscor|88/100 tox|[from] Stealth Rock
|move|p1a: Excadrill|Earthquake|p2a: Gliscor
|-immune|p2a: Gliscor
|
|-weather|none
|-heal|p1a: Excadrill|93/100 brn|[from] item: Leftovers
|-heal|p2a: Gliscor|100/100 tox|[from] ability: Poison Heal
|-damage|p1a: Excadrill|87/100 brn|[from] brn
|upkeep
|turn|20
|
|t:|1757786768
|-terastallize|p2a: Gliscor|Ghost
|move|p1a: Excadrill|Rapid Spin|p2a: Gliscor
|-immune|p2a: Gliscor
|move|p2a: Gliscor|Spikes|p1a: Excadrill
|-sidestart|p1: Brutalshaman|Spikes
|
|-heal|p1a: Excadrill|93/100 brn|[from] item: Leftovers
|-damage|p1a: Excadrill|87/100 brn|[from] brn
|upkeep
|turn|21
|
|t:|1757786773
|move|p1a: Excadrill|Substitute|p1a: Excadrill
|-start|p1a: Excadrill|Substitute
|-damage|p1a: Excadrill|62/100 brn
|move|p2a: Gliscor|Knock Off|p1a: Excadrill
|-end|p1a: Excadrill|Substitute
|
|-heal|p1a: Excadrill|68/100 brn|[from] item: Leftovers
|-damage|p1a: Excadrill|62/100 brn|[from] brn
|upkeep
|turn|22
|
|t:|1757786798
|switch|p1a: Ogerpon|Ogerpon-Wellspring, F|100/100
|-damage|p1a: Ogerpon|88/100|[from] Stealth Rock
|-damage|p1a: Ogerpon|63/100|[from] Spikes
|move|p2a: Gliscor|Knock Off|p1a: Ogerpon
|-damage|p1a: Ogerpon|45/100
|
|upkeep
|turn|23
|
|t:|1757786816
|switch|p2a: Dragapult|Dragapult, F, shiny|13/100
|-damage|p2a: Dragapult|1/100|[from] Stealth Rock
|move|p1a: Ogerpon|Knock Off|p2a: Dragapult
|-supereffective|p2a: Dragapult
|-damage|p2a: Dragapult|0 fnt
|-enditem|p2a: Dragapult|Leftovers|[from] move: Knock Off|[of] p1a: Ogerpon
|faint|p2a: Dragapult
|
|upkeep
|
|t:|1757786841
|switch|p2a: Darkrai|Darkrai|70/100
|-damage|p2a: Darkrai|57/100|[from] Stealth Rock
|turn|24
|
|t:|1757786856
|-terastallize|p1a: Ogerpon|Water
|detailschange|p1a: Ogerpon|Ogerpon-Wellspring-Tera, F, tera:Water
|-ability|p1a: Ogerpon|Embody Aspect (Wellspring)|boost
|-boost|p1a: Ogerpon|spd|1
|move|p1a: Ogerpon|Ivy Cudgel|p2a: Darkrai|[anim] Ivy Cudgel Water
|-damage|p2a: Darkrai|0 fnt
|faint|p2a: Darkrai
|
|upkeep
|
|t:|1757786871
|switch|p2a: Empoleon|Empoleon, F, shiny|94/100
|-damage|p2a: Empoleon|88/100|[from] Stealth Rock
|turn|25
|
|t:|1757786883
|move|p2a: Empoleon|Ice Beam|p1a: Ogerpon
|-resisted|p1a: Ogerpon
|-damage|p1a: Ogerpon|35/100
|move|p1a: Ogerpon|U-turn|p2a: Empoleon
|-resisted|p2a: Empoleon
|-damage|p2a: Empoleon|68/100
|
|t:|1757786887
|switch|p1a: Sinistcha|Sinistcha|100/100|[from] U-turn
|
|upkeep
|turn|26
|
|t:|1757786892
|move|p2a: Empoleon|Ice Beam|p1a: Sinistcha
|-supereffective|p1a: Sinistcha
|-damage|p1a: Sinistcha|39/100
|move|p1a: Sinistcha|Calm Mind|p1a: Sinistcha
|-boost|p1a: Sinistcha|spa|1
|-boost|p1a: Sinistcha|spd|1
|
|upkeep
|turn|27
|
|t:|1757786903
|switch|p1a: Tinkaton|Tinkaton, F|64/100
|-damage|p1a: Tinkaton|58/100|[from] Stealth Rock
|-damage|p1a: Tinkaton|33/100|[from] Spikes
|-ability|p1a: Tinkaton|Mold Breaker
|move|p2a: Empoleon|Ice Beam|p1a: Tinkaton
|-resisted|p1a: Tinkaton
|-damage|p1a: Tinkaton|20/100
|
|upkeep
|turn|28
|
|t:|1757786907
|move|p2a: Empoleon|Ice Beam|p1a: Tinkaton
|-resisted|p1a: Tinkaton
|-damage|p1a: Tinkaton|8/100
|move|p1a: Tinkaton|Thunder Wave|p2a: Empoleon
|-status|p2a: Empoleon|par
|
|upkeep
|turn|29
|
|t:|1757786920
|switch|p1a: Excadrill|Excadrill, F|62/100 brn
|-damage|p1a: Excadrill|59/100 brn|[from] Stealth Rock
|-damage|p1a: Excadrill|34/100 brn|[from] Spikes
|switch|p2a: Gliscor|Gliscor, M, tera:Ghost|100/100 tox
|-damage|p2a: Gliscor|88/100 tox|[from] Stealth Rock
|
|-heal|p1a: Excadrill|40/100 brn|[from] item: Leftovers
|-heal|p2a: Gliscor|100/100 tox|[from] ability: Poison Heal
|-damage|p1a: Excadrill|34/100 brn|[from] brn
|upkeep
|turn|30
|
|t:|1757786933
|switch|p1a: Tinkaton|Tinkaton, F|8/100
|-damage|p1a: Tinkaton|2/100|[from] Stealth Rock
|-damage|p1a: Tinkaton|0 fnt|[from] Spikes
|faint|p1a: Tinkaton
|move|p2a: Gliscor|Knock Off|p1: Tinkaton|[notarget]
|-fail|p2a: Gliscor
|
|upkeep
|
|t:|1757786934
|switch|p1a: Sinistcha|Sinistcha|39/100
|turn|31
|
|t:|1757786937
|move|p2a: Gliscor|Knock Off|p1a: Sinistcha
|-supereffective|p1a: Sinistcha
|-damage|p1a: Sinistcha|7/100
|-enditem|p1a: Sinistcha|Heavy-Duty Boots|[from] move: Knock Off|[of] p2a: Gliscor
|move|p1a: Sinistcha|Strength Sap|p2a: Gliscor
|-unboost|p2a: Gliscor|atk|1
|-heal|p1a: Sinistcha|72/100
|
|upkeep
|turn|32
|
|t:|1757786943
|switch|p2a: Weezing|Weezing-Galar, M|100/100
|-ability|p2a: Weezing|Neutralizing Gas
|-damage|p2a: Weezing|88/100|[from] Stealth Rock
|move|p1a: Sinistcha|Calm Mind|p1a: Sinistcha
|-boost|p1a: Sinistcha|spa|1
|-boost|p1a: Sinistcha|spd|1
|
|upkeep
|turn|33
|
|t:|1757786951
|move|p1a: Sinistcha|Calm Mind|p1a: Sinistcha
|-boost|p1a: Sinistcha|spa|1
|-boost|p1a: Sinistcha|spd|1
|move|p2a: Weezing|Sludge Bomb|p1a: Sinistcha
|-damage|p1a: Sinistcha|57/100
|
|upkeep
|turn|34
|
|t:|1757786964
|move|p1a: Sinistcha|Strength Sap|p2a: Weezing
|-unboost|p2a: Weezing|atk|1
|-heal|p1a: Sinistcha|100/100
|move|p2a: Weezing|Sludge Bomb|p1a: Sinistcha
|-damage|p1a: Sinistcha|84/100
|-status|p1a: Sinistcha|psn
|
|-damage|p1a: Sinistcha|72/100 psn|[from] psn
|upkeep
|turn|35
|
|t:|1757786972
|move|p1a: Sinistcha|Shadow Ball|p2a: Weezing
|-damage|p2a: Weezing|49/100
|move|p2a: Weezing|Strange Steam|p1a: Sinistcha
|-damage|p1a: Sinistcha|55/100 psn
|
|-damage|p1a: Sinistcha|42/100 psn|[from] psn
|upkeep
|turn|36
|
|t:|1757786983
|move|p1a: Sinistcha|Matcha Gotcha|p2a: Weezing
|-resisted|p2a: Weezing
|-damage|p2a: Weezing|27/100
|-heal|p1a: Sinistcha|53/100 psn|[from] drain|[of] p2a: Weezing
|move|p2a: Weezing|Strange Steam|p1a: Sinistcha
|-damage|p1a: Sinistcha|36/100 psn
|-start|p1a: Sinistcha|confusion
|
|-damage|p1a: Sinistcha|24/100 psn|[from] psn
|upkeep
|turn|37
|
|t:|1757786995
|-activate|p1a: Sinistcha|confusion
|-damage|p1a: Sinistcha|20/100 psn|[from] confusion
|move|p2a: Weezing|Strange Steam|p1a: Sinistcha
|-damage|p1a: Sinistcha|4/100 psn
|
|-damage|p1a: Sinistcha|0 fnt|[from] psn
|faint|p1a: Sinistcha
|upkeep
|
|t:|1757786997
|switch|p1a: Excadrill|Excadrill, F|34/100 brn
|-damage|p1a: Excadrill|31/100 brn|[from] Stealth Rock
|-damage|p1a: Excadrill|6/100 brn|[from] Spikes
|turn|38
|
|t:|1757787001
|-end|p2a: Weezing|ability: Neutralizing Gas
|switch|p2a: Gliscor|Gliscor, M, tera:Ghost|100/100 tox
|-damage|p2a: Gliscor|88/100 tox|[from] Stealth Rock
|move|p1a: Excadrill|Earthquake|p2a: Gliscor
|-crit|p2a: Gliscor
|-damage|p2a: Gliscor|59/100 tox
|
|-heal|p1a: Excadrill|12/100 brn|[from] item: Leftovers
|-heal|p2a: Gliscor|71/100 tox|[from] ability: Poison Heal
|-damage|p1a: Excadrill|6/100 brn|[from] brn
|upkeep
|turn|39
|
|t:|1757787006
|move|p1a: Excadrill|Rock Slide|p2a: Gliscor
|-damage|p2a: Gliscor|61/100 tox
|cant|p2a: Gliscor|flinch
|
|-heal|p1a: Excadrill|12/100 brn|[from] item: Leftovers
|-heal|p2a: Gliscor|74/100 tox|[from] ability: Poison Heal
|-damage|p1a: Excadrill|6/100 brn|[from] brn
|upkeep
|turn|40
|
|t:|1757787013
|move|p1a: Excadrill|Earthquake|p2a: Gliscor
|-damage|p2a: Gliscor|56/100 tox
|move|p2a: Gliscor|Knock Off|p1a: Excadrill
|-damage|p1a: Excadrill|0 fnt
|-enditem|p1a: Excadrill|Leftovers|[from] move: Knock Off|[of] p2a: Gliscor
|faint|p1a: Excadrill
|
|-heal|p2a: Gliscor|68/100 tox|[from] ability: Poison Heal
|upkeep
|
|t:|1757787014
|switch|p1a: Ogerpon|Ogerpon-Wellspring-Tera, F, tera:Water|35/100
|-damage|p1a: Ogerpon|22/100|[from] Stealth Rock
|-damage|p1a: Ogerpon|0 fnt|[from] Spikes
|faint|p1a: Ogerpon
|detailschange|p1: Ogerpon|Ogerpon-Wellspring, F|[silent]
|
|win|Papagayo32
|raw|Brutalshaman's rating: 1431 &rarr; <strong>1410</strong><br />(-21 for losing)
|raw|Papagayo32's rating: 1421 &rarr; <strong>1442</strong><br />(+21 for winning)
|l|☆Brutalshaman
|player|p1|
