|j|☆suzysleep
|j|☆Yaaboiirusso
|t:|1757899356
|gametype|singles
|player|p1|suzysleep|roxie|1219
|player|p2|Yaaboiirusso|2|1211
|gen|9
|tier|[Gen 9] OU
|rated|
|rule|HP Percentage Mod: HP is shown in percentages
|rule|Endless Battle Clause: Forcing endless battles is banned
|rule|Species Clause: Limit one of each Pokémon
|rule|OHKO Clause: OHKO moves are banned
|rule|Evasion Items Clause: Evasion items are banned
|rule|Evasion Moves Clause: Evasion moves are banned
|rule|Evasion Abilities Clause: Evasion abilities are banned
|rule|Sleep Moves Clause: Sleep-inducing moves are banned
|clearpoke
|poke|p1|Zoroark-Hisui, M|
|poke|p1|Gliscor, F|
|poke|p1|Quaquaval, M|
|poke|p1|Zapdos|
|poke|p1|Dragapult, F|
|poke|p1|Kingambit, M|
|poke|p2|Zamazenta-*|
|poke|p2|Ninetales-Alola, F|
|poke|p2|Darkrai|
|poke|p2|Ceruledge, M|
|poke|p2|Gliscor, M|
|poke|p2|Hatterene, F|
|teampreview
|inactive|Battle timer is ON: inactive players will automatically lose when time's up. (requested by suzysleep)
|c|☆suzysleep|hf
|
|t:|1757899375
|teamsize|p1|6
|teamsize|p2|6
|start
|switch|p1a: Zapdos|Zapdos|100/100
|switch|p2a: Ninetales|Ninetales-Alola, F|100/100
|-weather|Snowscape|[from] ability: Snow Warning|[of] p2a: Ninetales
|turn|1
|
|t:|1757899387
|move|p2a: Ninetales|Aurora Veil|p2a: Ninetales
|-sidestart|p2: Yaaboiirusso|move: Aurora Veil
|move|p1a: Zapdos|Heat Wave|p2a: Ninetales|[miss]
|-miss|p1a: Zapdos|p2a: Ninetales
|
|-weather|Snowscape|[upkeep]
|upkeep
|turn|2
|
|t:|1757899403
|switch|p1a: Quaquaval|Quaquaval, M|100/100
|move|p2a: Ninetales|Freeze-Dry|p1a: Quaquaval
|-supereffective|p1a: Quaquaval
|-damage|p1a: Quaquaval|39/100
|
|-weather|Snowscape|[upkeep]
|upkeep
|turn|3
|
|t:|1757899418
|-terastallize|p1a: Quaquaval|Steel
|move|p2a: Ninetales|Freeze-Dry|p1a: Quaquaval
|-resisted|p1a: Quaquaval
|-damage|p1a: Quaquaval|25/100
|move|p1a: Quaquaval|Aqua Step|p2a: Ninetales
|-crit|p2a: Ninetales
|-damage|p2a: Ninetales|55/100
|-boost|p1a: Quaquaval|spe|1
|
|-weather|Snowscape|[upkeep]
|upkeep
|turn|4
|
|t:|1757899433
|switch|p2a: Zamazenta|Zamazenta|100/100
|-ability|p2a: Zamazenta|Dauntless Shield|boost
|-boost|p2a: Zamazenta|def|1
|move|p1a: Quaquaval|Close Combat|p2a: Zamazenta
|-damage|p2a: Zamazenta|84/100
|-unboost|p1a: Quaquaval|def|1
|-unboost|p1a: Quaquaval|spd|1
|
|-weather|Snowscape|[upkeep]
|upkeep
|turn|5
|
|t:|1757899442
|switch|p1a: Zapdos|Zapdos|100/100
|move|p2a: Zamazenta|Iron Defense|p2a: Zamazenta
|-boost|p2a: Zamazenta|def|2
|
|-weather|none
|upkeep
|turn|6
|
|t:|1757899459
|switch|p2a: Gliscor|Gliscor, M|100/100
|move|p1a: Zapdos|Hurricane|p2a: Gliscor
|-damage|p2a: Gliscor|74/100
|
|-status|p2a: Gliscor|tox|[from] item: Toxic Orb
|upkeep
|turn|7
|
|t:|1757899470
|switch|p1a: Quaquaval|Quaquaval, M, tera:Steel|25/100
|move|p2a: Gliscor|Facade|p1a: Quaquaval
|-resisted|p1a: Quaquaval
|-damage|p1a: Quaquaval|3/100
|
|-heal|p2a: Gliscor|86/100 tox|[from] ability: Poison Heal
|upkeep
|turn|8
|
|t:|1757899481
|switch|p2a: Ceruledge|Ceruledge, M|100/100
|move|p1a: Quaquaval|Ice Spinner|p2a: Ceruledge
|-resisted|p2a: Ceruledge
|-damage|p2a: Ceruledge|93/100
|
|-sideend|p2: Yaaboiirusso|move: Aurora Veil
|upkeep
|turn|9
|
|t:|1757899488
|move|p2a: Ceruledge|Shadow Sneak|p1a: Quaquaval
|-damage|p1a: Quaquaval|0 fnt
|faint|p1a: Quaquaval
|
|upkeep
|
|t:|1757899493
|switch|p1a: Dragapult|Dragapult, F|100/100
|turn|10
|
|t:|1757899504
|move|p2a: Ceruledge|Shadow Sneak|p1a: Dragapult
|-supereffective|p1a: Dragapult
|-damage|p1a: Dragapult|56/100
|move|p1a: Dragapult|Disable|p2a: Ceruledge
|-start|p2a: Ceruledge|Disable|Shadow Sneak
|
|-heal|p1a: Dragapult|62/100|[from] item: Leftovers
|upkeep
|turn|11
|
|t:|1757899513
|switch|p2a: Ninetales|Ninetales-Alola, F|55/100
|-weather|Snowscape|[from] ability: Snow Warning|[of] p2a: Ninetales
|move|p1a: Dragapult|Thunder Wave|p2a: Ninetales
|-status|p2a: Ninetales|par
|
|-weather|Snowscape|[upkeep]
|-heal|p1a: Dragapult|69/100|[from] item: Leftovers
|upkeep
|turn|12
|
|t:|1757899520
|move|p1a: Dragapult|Substitute|p1a: Dragapult
|-start|p1a: Dragapult|Substitute
|-damage|p1a: Dragapult|44/100
|cant|p2a: Ninetales|par
|
|-weather|Snowscape|[upkeep]
|-heal|p1a: Dragapult|50/100|[from] item: Leftovers
|upkeep
|turn|13
|
|t:|1757899527
|move|p1a: Dragapult|Hex|p2a: Ninetales
|-damage|p2a: Ninetales|10/100 par
|cant|p2a: Ninetales|par
|
|-weather|Snowscape|[upkeep]
|-heal|p1a: Dragapult|56/100|[from] item: Leftovers
|upkeep
|turn|14
|
|t:|1757899533
|move|p1a: Dragapult|Hex|p2a: Ninetales
|-damage|p2a: Ninetales|0 fnt
|faint|p2a: Ninetales
|
|-weather|Snowscape|[upkeep]
|-heal|p1a: Dragapult|62/100|[from] item: Leftovers
|upkeep
|
|t:|1757899544
|switch|p2a: Zamazenta|Zamazenta|84/100
|turn|15
|
|t:|1757899547
|move|p2a: Zamazenta|Crunch|p1a: Dragapult
|-supereffective|p1a: Dragapult
|-end|p1a: Dragapult|Substitute
|move|p1a: Dragapult|Thunder Wave|p2a: Zamazenta
|-status|p2a: Zamazenta|par
|
|-weather|none
|-heal|p1a: Dragapult|69/100|[from] item: Leftovers
|upkeep
|turn|16
|
|t:|1757899555
|move|p1a: Dragapult|Disable|p2a: Zamazenta
|-start|p2a: Zamazenta|Disable|Crunch
|cant|p2a: Zamazenta|Disable|Crunch
|
|-heal|p1a: Dragapult|75/100|[from] item: Leftovers
|upkeep
|turn|17
|
|t:|1757899561
|switch|p2a: Darkrai|Darkrai|100/100
|move|p1a: Dragapult|Substitute|p1a: Dragapult
|-start|p1a: Dragapult|Substitute
|-damage|p1a: Dragapult|50/100
|
|-heal|p1a: Dragapult|56/100|[from] item: Leftovers
|upkeep
|turn|18
|
|t:|1757899568
|move|p1a: Dragapult|Thunder Wave|p2a: Darkrai
|-status|p2a: Darkrai|par
|move|p2a: Darkrai|Dark Pulse|p1a: Dragapult
|-supereffective|p1a: Dragapult
|-end|p1a: Dragapult|Substitute
|
|-heal|p1a: Dragapult|62/100|[from] item: Leftovers
|upkeep
|turn|19
|
|t:|1757899575
|move|p1a: Dragapult|Disable|p2a: Darkrai
|-start|p2a: Darkrai|Disable|Dark Pulse
|cant|p2a: Darkrai|Disable|Dark Pulse
|
|-heal|p1a: Dragapult|69/100|[from] item: Leftovers
|upkeep
|turn|20
|
|t:|1757899581
|switch|p2a: Zamazenta|Zamazenta|84/100 par
|move|p1a: Dragapult|Substitute|p1a: Dragapult
|-start|p1a: Dragapult|Substitute
|-damage|p1a: Dragapult|44/100
|
|-heal|p1a: Dragapult|50/100|[from] item: Leftovers
|upkeep
|turn|21
|
|t:|1757899584
|move|p1a: Dragapult|Hex|p2a: Zamazenta
|-damage|p2a: Zamazenta|45/100 par
|move|p2a: Zamazenta|Crunch|p1a: Dragapult
|-supereffective|p1a: Dragapult
|-end|p1a: Dragapult|Substitute
|
|-heal|p1a: Dragapult|56/100|[from] item: Leftovers
|upkeep
|turn|22
|
|t:|1757899592
|move|p1a: Dragapult|Disable|p2a: Zamazenta
|-start|p2a: Zamazenta|Disable|Crunch
|cant|p2a: Zamazenta|par
|
|-heal|p1a: Dragapult|62/100|[from] item: Leftovers
|upkeep
|turn|23
|
|t:|1757899597
|move|p1a: Dragapult|Hex|p2a: Zamazenta
|-damage|p2a: Zamazenta|4/100 par
|move|p2a: Zamazenta|Rest|p2a: Zamazenta
|-status|p2a: Zamazenta|slp|[from] move: Rest
|-heal|p2a: Zamazenta|100/100 slp|[silent]
|-enditem|p2a: Zamazenta|Chesto Berry|[eat]
|-curestatus|p2a: Zamazenta|slp|[msg]
|
|-heal|p1a: Dragapult|69/100|[from] item: Leftovers
|upkeep
|turn|24
|
|t:|1757899608
|switch|p2a: Darkrai|Darkrai|100/100 par
|move|p1a: Dragapult|Thunder Wave|p2a: Darkrai
|-fail|p2a: Darkrai|par
|
|-heal|p1a: Dragapult|75/100|[from] item: Leftovers
|upkeep
|turn|25
|
|t:|1757899623
|switch|p1a: Gliscor|Gliscor, F|100/100
|move|p2a: Darkrai|Dark Pulse|p1a: Gliscor
|-damage|p1a: Gliscor|63/100
|
|-status|p1a: Gliscor|tox|[from] item: Toxic Orb
|upkeep
|turn|26
|
|t:|1757899631
|switch|p2a: Zamazenta|Zamazenta|100/100
|move|p1a: Gliscor|Protect||[still]
|-fail|p1a: Gliscor
|
|-heal|p1a: Gliscor|75/100 tox|[from] ability: Poison Heal
|upkeep
|turn|27
|
|t:|1757899637
|move|p2a: Zamazenta|Iron Defense|p2a: Zamazenta
|-boost|p2a: Zamazenta|def|2
|move|p1a: Gliscor|Stealth Rock|p2a: Zamazenta
|-sidestart|p2: Yaaboiirusso|move: Stealth Rock
|
|-heal|p1a: Gliscor|88/100 tox|[from] ability: Poison Heal
|upkeep
|turn|28
|
|t:|1757899642
|switch|p1a: Zapdos|Zapdos|100/100
|move|p2a: Zamazenta|Iron Defense|p2a: Zamazenta
|-boost|p2a: Zamazenta|def|2
|
|upkeep
|turn|29
|
|t:|1757899660
|switch|p2a: Hatterene|Hatterene, F|100/100
|-damage|p2a: Hatterene|88/100|[from] Stealth Rock
|move|p1a: Zapdos|Hurricane|p2a: Hatterene|[miss]
|-miss|p1a: Zapdos|p2a: Hatterene
|
|-heal|p2a: Hatterene|94/100|[from] item: Leftovers
|upkeep
|turn|30
|
|t:|1757899674
|move|p1a: Zapdos|Discharge|p2a: Hatterene
|-crit|p2a: Hatterene
|-damage|p2a: Hatterene|41/100
|-status|p2a: Hatterene|par
|cant|p2a: Hatterene|par
|
|-heal|p2a: Hatterene|47/100 par|[from] item: Leftovers
|upkeep
|turn|31
|c|☆suzysleep|mb
|c|☆Yaaboiirusso|wow crit para and cant move in 1 turn
|inactive|Yaaboiirusso has 120 seconds left.
|
|t:|1757899703
|switch|p1a: Gliscor|Gliscor, F|88/100 tox
|move|p2a: Hatterene|Mystical Fire|p1a: Gliscor
|-damage|p1a: Gliscor|70/100 tox
|-unboost|p1a: Gliscor|spa|1
|
|-heal|p2a: Hatterene|53/100 par|[from] item: Leftovers
|-heal|p1a: Gliscor|83/100 tox|[from] ability: Poison Heal
|upkeep
|turn|32
|c|☆suzysleep|yea real mons moment
|inactive|Yaaboiirusso has 120 seconds left.
|
|t:|1757899722
|switch|p2a: Gliscor|Gliscor, M|86/100 tox
|-damage|p2a: Gliscor|74/100 tox|[from] Stealth Rock
|move|p1a: Gliscor|Knock Off|p2a: Gliscor
|-damage|p2a: Gliscor|56/100 tox
|-enditem|p2a: Gliscor|Toxic Orb|[from] move: Knock Off|[of] p1a: Gliscor
|
|-heal|p2a: Gliscor|69/100 tox|[from] ability: Poison Heal
|-heal|p1a: Gliscor|95/100 tox|[from] ability: Poison Heal
|upkeep
|turn|33
|inactive|Yaaboiirusso has 120 seconds left.
|
|t:|1757899734
|switch|p1a: Dragapult|Dragapult, F|75/100
|move|p2a: Gliscor|Swords Dance|p2a: Gliscor
|-boost|p2a: Gliscor|atk|2
|
|-heal|p1a: Dragapult|81/100|[from] item: Leftovers
|-heal|p2a: Gliscor|81/100 tox|[from] ability: Poison Heal
|upkeep
|turn|34
|inactive|Yaaboiirusso has 120 seconds left.
|
|t:|1757899742
|move|p1a: Dragapult|Substitute|p1a: Dragapult
|-start|p1a: Dragapult|Substitute
|-damage|p1a: Dragapult|56/100
|move|p2a: Gliscor|Earthquake|p1a: Dragapult
|-end|p1a: Dragapult|Substitute
|
|-heal|p1a: Dragapult|62/100|[from] item: Leftovers
|-heal|p2a: Gliscor|94/100 tox|[from] ability: Poison Heal
|upkeep
|turn|35
|
|t:|1757899746
|move|p1a: Dragapult|Disable|p2a: Gliscor
|-start|p2a: Gliscor|Disable|Earthquake
|cant|p2a: Gliscor|Disable|Earthquake
|
|-heal|p1a: Dragapult|69/100|[from] item: Leftovers
|-heal|p2a: Gliscor|100/100 tox|[from] ability: Poison Heal
|upkeep
|turn|36
|
|t:|1757899752
|switch|p2a: Zamazenta|Zamazenta|100/100
|-damage|p2a: Zamazenta|94/100|[from] Stealth Rock
|move|p1a: Dragapult|Hex|p2a: Zamazenta
|-damage|p2a: Zamazenta|72/100
|
|-heal|p1a: Dragapult|75/100|[from] item: Leftovers
|upkeep
|turn|37
|
|t:|1757899760
|move|p2a: Zamazenta|Crunch|p1a: Dragapult
|-supereffective|p1a: Dragapult
|-damage|p1a: Dragapult|21/100
|move|p1a: Dragapult|Thunder Wave|p2a: Zamazenta
|-status|p2a: Zamazenta|par
|
|-heal|p1a: Dragapult|27/100|[from] item: Leftovers
|upkeep
|turn|38
|
|t:|1757899768
|move|p1a: Dragapult|Disable|p2a: Zamazenta
|-start|p2a: Zamazenta|Disable|Crunch
|cant|p2a: Zamazenta|Disable|Crunch
|
|-heal|p1a: Dragapult|34/100|[from] item: Leftovers
|upkeep
|turn|39
|
|t:|1757899773
|switch|p2a: Ceruledge|Ceruledge, M|93/100
|-damage|p2a: Ceruledge|68/100|[from] Stealth Rock
|move|p1a: Dragapult|Hex|p2a: Ceruledge
|-supereffective|p2a: Ceruledge
|-damage|p2a: Ceruledge|34/100
|
|-heal|p1a: Dragapult|40/100|[from] item: Leftovers
|upkeep
|turn|40
|
|t:|1757899781
|switch|p1a: Kingambit|Kingambit, M|100/100
|move|p2a: Ceruledge|Shadow Sneak|p1a: Kingambit
|-immune|p1a: Kingambit
|
|upkeep
|turn|41
|
|t:|1757899795
|switch|p2a: Gliscor|Gliscor, M|100/100 tox
|-damage|p2a: Gliscor|88/100 tox|[from] Stealth Rock
|move|p1a: Kingambit|Shadow Ball|p2a: Gliscor
|-damage|p2a: Gliscor|43/100 tox
|
|-heal|p2a: Gliscor|55/100 tox|[from] ability: Poison Heal
|upkeep
|turn|42
|
|t:|1757899811
|switch|p2a: Darkrai|Darkrai|100/100 par
|-damage|p2a: Darkrai|88/100 par|[from] Stealth Rock
|move|p1a: Kingambit|Nasty Plot|p1a: Kingambit
|-boost|p1a: Kingambit|spa|2
|
|-heal|p2a: Darkrai|94/100 par|[from] item: Leftovers
|upkeep
|turn|43
|
|t:|1757899816
|move|p1a: Kingambit|Hyper Voice|p2a: Darkrai
|-damage|p2a: Darkrai|0 fnt
|faint|p2a: Darkrai
|
|upkeep
|
|t:|1757899823
|switch|p2a: Ceruledge|Ceruledge, M|34/100
|-damage|p2a: Ceruledge|9/100|[from] Stealth Rock
|turn|44
|
|t:|1757899826
|move|p2a: Ceruledge|Shadow Sneak|p1a: Kingambit
|-immune|p1a: Kingambit
|move|p1a: Kingambit|Shadow Ball|p2a: Ceruledge
|-supereffective|p2a: Ceruledge
|-damage|p2a: Ceruledge|0 fnt
|faint|p2a: Ceruledge
|
|upkeep
|-message|Yaaboiirusso forfeited.
|
|win|suzysleep
|raw|suzysleep's rating: 1219 &rarr; <strong>1243</strong><br />(+24 for winning)
|raw|Yaaboiirusso's rating: 1211 &rarr; <strong>1187</strong><br />(-24 for losing)
|l|☆Yaaboiirusso
|player|p2|
