|j|☆Zombie Nutz
|j|☆jgtyfkyk
|t:|1757826227
|gametype|singles
|player|p1|Zombie Nutz|guitarist|1084
|player|p2|jgtyfkyk|2|1089
|gen|9
|tier|[Gen 9] OU
|rated|
|rule|HP Percentage Mod: HP is shown in percentages
|rule|Endless Battle Clause: Forcing endless battles is banned
|rule|Species Clause: Limit one of each Pokémon
|rule|OHKO Clause: OHKO moves are banned
|rule|Evasion Items Clause: Evasion items are banned
|rule|Evasion Moves Clause: Evasion moves are banned
|rule|Evasion Abilities Clause: Evasion abilities are banned
|rule|Sleep Moves Clause: Sleep-inducing moves are banned
|clearpoke
|poke|p1|Azelf|
|poke|p1|Alomomola, M|
|poke|p1|Ceruledge, F|
|poke|p1|Gholdengo|
|poke|p1|Slowking-Galar, M|
|poke|p1|Haxorus, M|
|poke|p2|Cacturne, F|
|poke|p2|Arbok, F|
|poke|p2|Regice|
|poke|p2|Lucario, M|
|poke|p2|Oricorio-Pom-Pom, F|
|poke|p2|Sableye, F|
|teampreview
|inactive|Battle timer is ON: inactive players will automatically lose when time's up. (requested by Zombie Nutz)
|
|t:|1757826255
|teamsize|p1|6
|teamsize|p2|6
|start
|switch|p1a: Azelf|Azelf|100/100
|switch|p2a: Sableye|Sableye, F|100/100
|turn|1
|
|t:|1757826262
|move|p1a: Azelf|Knock Off|p2a: Sableye
|-damage|p2a: Sableye|45/100
|-enditem|p2a: Sableye|Leftovers|[from] move: Knock Off|[of] p1a: Azelf
|-damage|p1a: Azelf|91/100|[from] item: Life Orb
|move|p2a: Sableye|Foul Play|p1a: Azelf
|-supereffective|p1a: Azelf
|-damage|p1a: Azelf|0 fnt
|faint|p1a: Azelf
|
|upkeep
|
|t:|1757826274
|switch|p1a: Ceruledge|Ceruledge, F|100/100
|turn|2
|
|t:|1757826286
|move|p1a: Ceruledge|Shadow Sneak|p2a: Sableye
|-damage|p2a: Sableye|12/100
|move|p2a: Sableye|Recover|p2a: Sableye
|-heal|p2a: Sableye|62/100
|
|upkeep
|turn|3
|
|t:|1757826291
|move|p1a: Ceruledge|Bitter Blade|p2a: Sableye
|-damage|p2a: Sableye|0 fnt
|faint|p2a: Sableye
|
|upkeep
|
|t:|1757826294
|switch|p2a: Arbok|Arbok, F|100/100
|-ability|p2a: Arbok|Intimidate|boost
|-unboost|p1a: Ceruledge|atk|1
|turn|4
|
|t:|1757826300
|switch|p1a: Alomomola|Alomomola, M|100/100
|move|p2a: Arbok|Glare|p1a: Alomomola
|-status|p1a: Alomomola|par
|
|upkeep
|turn|5
|
|t:|1757826310
|switch|p2a: Oricorio|Oricorio-Pom-Pom, F|100/100
|move|p1a: Alomomola|Whirlpool|p2a: Oricorio
|-damage|p2a: Oricorio|93/100
|-activate|p2a: Oricorio|move: Whirlpool|[of] p1a: Alomomola
|
|-damage|p2a: Oricorio|81/100|[from] move: Whirlpool|[partiallytrapped]
|upkeep
|turn|6
|
|t:|1757826319
|switch|p1a: Slowking|Slowking-Galar, M|100/100
|move|p2a: Oricorio|Revelation Dance|p1a: Slowking
|-damage|p1a: Slowking|81/100
|
|-heal|p1a: Slowking|87/100|[from] item: Leftovers
|-end|p2a: Oricorio|Whirlpool|[partiallytrapped]|[silent]
|upkeep
|turn|7
|
|t:|1757826327
|switch|p2a: Cacturne|Cacturne, F|100/100
|move|p1a: Slowking|Future Sight|p2a: Cacturne
|-start|p1a: Slowking|move: Future Sight
|
|-heal|p1a: Slowking|93/100|[from] item: Leftovers
|upkeep
|turn|8
|
|t:|1757826341
|switch|p1a: Alomomola|Alomomola, M|100/100 par
|move|p2a: Cacturne|Dark Pulse|p1a: Alomomola
|-damage|p1a: Alomomola|53/100 par
|
|upkeep
|turn|9
|
|t:|1757826346
|move|p2a: Cacturne|Energy Ball|p1a: Alomomola
|-supereffective|p1a: Alomomola
|-damage|p1a: Alomomola|0 fnt
|faint|p1a: Alomomola
|
|-end|p2a: Cacturne|move: Future Sight
|-immune|p2a: Cacturne
|upkeep
|
|t:|1757826355
|switch|p1a: Ceruledge|Ceruledge, F|100/100
|turn|10
|
|t:|1757826359
|switch|p2a: Arbok|Arbok, F|100/100
|-ability|p2a: Arbok|Intimidate|boost
|-unboost|p1a: Ceruledge|atk|1
|move|p1a: Ceruledge|Bitter Blade|p2a: Arbok
|-damage|p2a: Arbok|57/100
|
|-heal|p2a: Arbok|63/100|[from] item: Black Sludge
|upkeep
|turn|11
|
|t:|1757826368
|switch|p1a: Slowking|Slowking-Galar, M|100/100
|move|p2a: Arbok|Toxic|p1a: Slowking
|-immune|p1a: Slowking
|
|-heal|p2a: Arbok|69/100|[from] item: Black Sludge
|upkeep
|turn|12
|
|t:|1757826376
|switch|p2a: Regice|Regice|100/100
|move|p1a: Slowking|Future Sight|p2a: Regice
|-start|p1a: Slowking|move: Future Sight
|
|upkeep
|turn|13
|
|t:|1757826381
|move|p2a: Regice|Thunder|p1a: Slowking|[miss]
|-miss|p2a: Regice|p1a: Slowking
|-prepare|p1a: Slowking|Chilly Reception|[premajor]
|move|p1a: Slowking|Chilly Reception|p1a: Slowking
|-weather|Snowscape
|
|t:|1757826389
|switch|p1a: Ceruledge|Ceruledge, F|100/100|[from] Chilly Reception
|
|-weather|Snowscape|[upkeep]
|upkeep
|turn|14
|
|t:|1757826393
|move|p1a: Ceruledge|Swords Dance|p1a: Ceruledge
|-boost|p1a: Ceruledge|atk|2
|move|p2a: Regice|Thunder|p1a: Ceruledge
|-damage|p1a: Ceruledge|64/100
|-status|p1a: Ceruledge|par
|
|-weather|Snowscape|[upkeep]
|-end|p2a: Regice|move: Future Sight
|-damage|p2a: Regice|78/100
|-heal|p2a: Regice|84/100|[from] item: Leftovers
|upkeep
|turn|15
|
|t:|1757826404
|move|p2a: Regice|Thunder|p1a: Ceruledge
|-damage|p1a: Ceruledge|29/100 par
|move|p1a: Ceruledge|Bitter Blade|p2a: Regice
|-supereffective|p2a: Regice
|-damage|p2a: Regice|0 fnt
|-heal|p1a: Ceruledge|72/100 par|[from] drain|[of] p2a: Regice
|faint|p2a: Regice
|
|-weather|Snowscape|[upkeep]
|upkeep
|
|t:|1757826410
|switch|p2a: Cacturne|Cacturne, F|100/100
|turn|16
|
|t:|1757826422
|move|p2a: Cacturne|Spiky Shield|p2a: Cacturne
|-singleturn|p2a: Cacturne|move: Protect
|move|p1a: Ceruledge|Bitter Blade|p2a: Cacturne
|-activate|p2a: Cacturne|move: Protect
|-damage|p1a: Ceruledge|60/100 par|[from] Spiky Shield|[of] p2a: Cacturne
|
|-weather|Snowscape|[upkeep]
|upkeep
|turn|17
|
|t:|1757826430
|move|p2a: Cacturne|Dark Pulse|p1a: Ceruledge
|-supereffective|p1a: Ceruledge
|-damage|p1a: Ceruledge|0 fnt
|faint|p1a: Ceruledge
|
|-weather|none
|upkeep
|
|t:|1757826437
|switch|p1a: Haxorus|Haxorus, M|100/100
|-ability|p1a: Haxorus|Mold Breaker
|turn|18
|
|t:|1757826444
|switch|p2a: Arbok|Arbok, F|69/100
|-ability|p2a: Arbok|Intimidate|boost
|-unboost|p1a: Haxorus|atk|1
|move|p1a: Haxorus|Dragon Dance|p1a: Haxorus
|-boost|p1a: Haxorus|atk|1
|-boost|p1a: Haxorus|spe|1
|
|-heal|p2a: Arbok|75/100|[from] item: Black Sludge
|upkeep
|turn|19
|
|t:|1757826452
|move|p1a: Haxorus|Earthquake|p2a: Arbok
|-supereffective|p2a: Arbok
|-damage|p2a: Arbok|0 fnt
|faint|p2a: Arbok
|
|upkeep
|
|t:|1757826461
|switch|p2a: Cacturne|Cacturne, F|100/100
|turn|20
|
|t:|1757826464
|move|p1a: Haxorus|Scale Shot|p2a: Cacturne
|-damage|p2a: Cacturne|75/100
|-damage|p2a: Cacturne|48/100
|-damage|p2a: Cacturne|23/100
|-damage|p2a: Cacturne|0 fnt
|faint|p2a: Cacturne
|-hitcount|p2: Cacturne|4
|-unboost|p1a: Haxorus|def|1
|-boost|p1a: Haxorus|spe|1
|
|upkeep
|-message|jgtyfkyk forfeited.
|
|win|Zombie Nutz
|raw|Zombie Nutz's rating: 1084 &rarr; <strong>1112</strong><br />(+28 for winning)
|raw|jgtyfkyk's rating: 1089 &rarr; <strong>1065</strong><br />(-24 for losing)
|l|☆jgtyfkyk
|player|p2|
|l|☆Zombie Nutz
|player|p1|
