|j|☆Scopeyyyy
|j|‽Axj5869
|t:|1757824388
|gametype|singles
|player|p1|Scopeyyyy|hanbei-conquest|1344
|player|p2|Axj5869|170|1335
|gen|9
|tier|[Gen 9] OU
|rated|
|rule|HP Percentage Mod: HP is shown in percentages
|rule|Endless Battle Clause: Forcing endless battles is banned
|rule|Species Clause: Limit one of each Pokémon
|rule|OHKO Clause: OHKO moves are banned
|rule|Evasion Items Clause: Evasion items are banned
|rule|Evasion Moves Clause: Evasion moves are banned
|rule|Evasion Abilities Clause: Evasion abilities are banned
|rule|Sleep Moves Clause: Sleep-inducing moves are banned
|clearpoke
|poke|p1|Darkrai|
|poke|p1|Slither Wing|
|poke|p1|Corviknight, M|
|poke|p1|Pecharunt|
|poke|p1|Ogerpon-Wellspring, F|
|poke|p1|Latios, M|
|poke|p2|Glimmora, F|
|poke|p2|Corviknight, F|
|poke|p2|Ninetales-Alola, M|
|poke|p2|Iron Hands|
|poke|p2|Scizor, F|
|poke|p2|Darkrai|
|teampreview
|inactive|Battle timer is ON: inactive players will automatically lose when time's up. (requested by Axj5869)
|
|t:|1757824411
|teamsize|p1|6
|teamsize|p2|6
|start
|switch|p1a: Freddy|Darkrai|100/100
|switch|p2a: Glimmora|Glimmora, F|100/100
|turn|1
|
|t:|1757824419
|move|p1a: Freddy|Knock Off|p2a: Glimmora
|-damage|p2a: Glimmora|65/100
|-activate|p2a: Glimmora|ability: Toxic Debris
|-sidestart|p1: Scopeyyyy|move: Toxic Spikes
|-enditem|p2a: Glimmora|Power Herb|[from] move: Knock Off|[of] p1a: Freddy
|move|p2a: Glimmora|Meteor Beam||[still]
|-prepare|p2a: Glimmora|Meteor Beam
|-boost|p2a: Glimmora|spa|1
|
|upkeep
|turn|2
|
|t:|1757824433
|move|p1a: Freddy|Dark Pulse|p2a: Glimmora
|-damage|p2a: Glimmora|7/100
|cant|p2a: Glimmora|flinch
|
|upkeep
|turn|3
|
|t:|1757824440
|move|p1a: Freddy|Dark Pulse|p2a: Glimmora
|-damage|p2a: Glimmora|0 fnt
|faint|p2a: Glimmora
|
|upkeep
|
|t:|1757824445
|switch|p2a: Scizor|Scizor, F|100/100
|turn|4
|
|t:|1757824448
|switch|p1a: Georgia🇬🇪|Pecharunt|100/100
|-sideend|p1: Scopeyyyy|move: Toxic Spikes|[of] p1a: Georgia🇬🇪
|move|p2a: Scizor|U-turn|p1a: Georgia🇬🇪
|-resisted|p1a: Georgia🇬🇪
|-damage|p1a: Georgia🇬🇪|96/100
|
|t:|1757824454
|switch|p2a: Darkrai|Darkrai|100/100|[from] U-turn
|
|-heal|p1a: Georgia🇬🇪|100/100|[from] item: Leftovers
|upkeep
|turn|5
|
|t:|1757824472
|switch|p1a: Freddy|Darkrai|100/100
|move|p2a: Darkrai|Dark Pulse|p1a: Freddy
|-resisted|p1a: Freddy
|-damage|p1a: Freddy|71/100
|
|upkeep
|turn|6
|
|t:|1757824484
|switch|p2a: Scizor|Scizor, F|100/100
|move|p1a: Freddy|Knock Off|p2a: Scizor
|-damage|p2a: Scizor|70/100
|-enditem|p2a: Scizor|Metal Coat|[from] move: Knock Off|[of] p1a: Freddy
|
|upkeep
|turn|7
|
|t:|1757824494
|switch|p1a: Corviknight|Corviknight, M|100/100
|-ability|p1a: Corviknight|Pressure
|move|p2a: Scizor|U-turn|p1a: Corviknight
|-resisted|p1a: Corviknight
|-damage|p1a: Corviknight|92/100
|-damage|p2a: Scizor|54/100|[from] item: Rocky Helmet|[of] p1a: Corviknight
|
|t:|1757824501
|switch|p2a: Iron Hands|Iron Hands|100/100|[from] U-turn
|
|upkeep
|turn|8
|
|t:|1757824504
|move|p1a: Corviknight|Iron Defense|p1a: Corviknight
|-boost|p1a: Corviknight|def|2
|move|p2a: Iron Hands|Swords Dance|p2a: Iron Hands
|-boost|p2a: Iron Hands|atk|2
|
|upkeep
|turn|9
|
|t:|1757824511
|switch|p1a: Georgia🇬🇪|Pecharunt|100/100
|move|p2a: Iron Hands|Thunder Punch|p1a: Georgia🇬🇪
|-crit|p1a: Georgia🇬🇪
|-damage|p1a: Georgia🇬🇪|31/100
|
|-heal|p1a: Georgia🇬🇪|37/100|[from] item: Leftovers
|upkeep
|turn|10
|
|t:|1757824519
|move|p1a: Georgia🇬🇪|Malignant Chain|p2a: Iron Hands
|-damage|p2a: Iron Hands|72/100
|-status|p2a: Iron Hands|tox
|-start|p2a: Iron Hands|confusion|[from] ability: Poison Puppeteer|[of] p1a: Georgia🇬🇪
|-activate|p2a: Iron Hands|confusion
|move|p2a: Iron Hands|Thunder Punch|p1a: Georgia🇬🇪
|-damage|p1a: Georgia🇬🇪|0 fnt
|faint|p1a: Georgia🇬🇪
|
|-damage|p2a: Iron Hands|66/100 tox|[from] psn
|upkeep
|
|t:|1757824526
|switch|p1a: Volga|Slither Wing, shiny|100/100
|-enditem|p1a: Volga|Booster Energy
|-activate|p1a: Volga|ability: Protosynthesis|[fromitem]
|-start|p1a: Volga|protosynthesisatk
|turn|11
|
|t:|1757824533
|-end|p2a: Iron Hands|Quark Drive|[silent]
|switch|p2a: Corviknight|Corviknight, F|100/100
|move|p1a: Volga|Flame Charge|p2a: Corviknight
|-supereffective|p2a: Corviknight
|-damage|p2a: Corviknight|55/100
|-boost|p1a: Volga|spe|1
|-damage|p1a: Volga|84/100|[from] item: Rocky Helmet|[of] p2a: Corviknight
|
|upkeep
|turn|12
|
|t:|1757824541
|-terastallize|p1a: Volga|Fire
|move|p1a: Volga|Flame Charge|p2a: Corviknight
|-supereffective|p2a: Corviknight
|-damage|p2a: Corviknight|0 fnt
|-boost|p1a: Volga|spe|1
|-damage|p1a: Volga|68/100|[from] item: Rocky Helmet|[of] p2a: Corviknight
|faint|p2a: Corviknight
|
|upkeep
|-message|Axj5869 forfeited.
|
|win|Scopeyyyy
|raw|Scopeyyyy's rating: 1344 &rarr; <strong>1363</strong><br />(+19 for winning)
|raw|Axj5869's rating: 1335 &rarr; <strong>1316</strong><br />(-19 for losing)
|l|‽Axj5869
|player|p2|
|l|☆Scopeyyyy
|player|p1|
