|j|☆surprise blissey
|j|☆hungrymane
|t:|1757849005
|gametype|singles
|player|p1|surprise blissey|lucian|1576
|player|p2|hungrymane|101|1589
|gen|9
|tier|[Gen 9] OU
|rated|
|rule|HP Percentage Mod: HP is shown in percentages
|rule|Endless Battle Clause: Forcing endless battles is banned
|rule|Species Clause: Limit one of each Pokémon
|rule|OHKO Clause: OHKO moves are banned
|rule|Evasion Items Clause: Evasion items are banned
|rule|Evasion Moves Clause: Evasion moves are banned
|rule|Evasion Abilities Clause: Evasion abilities are banned
|rule|Sleep Moves Clause: Sleep-inducing moves are banned
|clearpoke
|poke|p1|Greninja-*, M|
|poke|p1|Thundurus-Therian, M|
|poke|p1|Gliscor, M|
|poke|p1|Corviknight, M|
|poke|p1|Cinderace, M|
|poke|p1|Slowking-Galar, M|
|poke|p2|Whimsicott, F|
|poke|p2|Ninetales, M|
|poke|p2|Walking Wake|
|poke|p2|Great Tusk|
|poke|p2|Slither Wing|
|poke|p2|Sandy Shocks|
|teampreview
|inactive|Battle timer is ON: inactive players will automatically lose when time's up. (requested by surprise blissey)
|
|t:|1757849016
|teamsize|p1|6
|teamsize|p2|6
|start
|switch|p1a: Gliscor|Gliscor, M|100/100
|switch|p2a: Great Tusk|Great Tusk|100/100
|turn|1
|
|t:|1757849019
|move|p1a: Gliscor|Protect|p1a: Gliscor
|-singleturn|p1a: Gliscor|Protect
|move|p2a: Great Tusk|Stealth Rock|p1a: Gliscor
|-sidestart|p1: surprise blissey|move: Stealth Rock
|
|-status|p1a: Gliscor|tox|[from] item: Toxic Orb
|upkeep
|turn|2
|
|t:|1757849023
|switch|p1a: Corviknight|Corviknight, M|100/100
|-damage|p1a: Corviknight|88/100|[from] Stealth Rock
|-ability|p1a: Corviknight|Pressure
|-end|p2a: Great Tusk|Protosynthesis|[silent]
|switch|p2a: Sandy Shocks|Sandy Shocks|100/100
|
|-heal|p1a: Corviknight|94/100|[from] item: Leftovers
|upkeep
|turn|3
|
|t:|1757849028
|switch|p1a: Slowking|Slowking-Galar, M|100/100
|-terastallize|p2a: Sandy Shocks|Fire
|move|p2a: Sandy Shocks|Tera Blast|p1a: Slowking|[anim] Tera Blast Fire
|-damage|p1a: Slowking|64/100
|
|upkeep
|turn|4
|
|t:|1757849036
|move|p2a: Sandy Shocks|Tera Blast|p1a: Slowking|[anim] Tera Blast Fire
|-damage|p1a: Slowking|28/100
|move|p1a: Slowking|Thunder Wave|p2a: Sandy Shocks|[miss]
|-miss|p1a: Slowking|p2a: Sandy Shocks
|
|upkeep
|turn|5
|
|t:|1757849042
|switch|p1a: Cinderace|Cinderace, M|100/100
|move|p2a: Sandy Shocks|Tera Blast|p1a: Cinderace|[anim] Tera Blast Fire
|-resisted|p1a: Cinderace
|-damage|p1a: Cinderace|61/100
|
|upkeep
|turn|6
|
|t:|1757849046
|move|p1a: Cinderace|Court Change|p1a: Cinderace
|-start|p1a: Cinderace|typechange|Normal|[from] ability: Libero
|-swapsideconditions
|-activate|p1a: Cinderace|move: Court Change
|move|p2a: Sandy Shocks|Tera Blast|p1a: Cinderace|[anim] Tera Blast Fire
|-damage|p1a: Cinderace|0 fnt
|faint|p1a: Cinderace
|
|upkeep
|
|t:|1757849050
|switch|p1a: Greninja|Greninja, M|100/100
|turn|7
|
|t:|1757849053
|-end|p2a: Sandy Shocks|Protosynthesis|[silent]
|switch|p2a: Ninetales|Ninetales, M|100/100
|-damage|p2a: Ninetales|76/100|[from] Stealth Rock
|-weather|SunnyDay|[from] ability: Drought|[of] p2a: Ninetales
|move|p1a: Greninja|Hydro Pump|p2a: Ninetales
|-start|p1a: Greninja|typechange|Water|[from] ability: Protean
|-supereffective|p2a: Ninetales
|-damage|p2a: Ninetales|0 fnt
|faint|p2a: Ninetales
|
|-weather|SunnyDay|[upkeep]
|upkeep
|
|t:|1757849057
|switch|p2a: Great Tusk|Great Tusk|100/100
|-activate|p2a: Great Tusk|ability: Protosynthesis
|-start|p2a: Great Tusk|protosynthesisatk
|turn|8
|
|t:|1757849062
|switch|p1a: Corviknight|Corviknight, M|94/100
|-ability|p1a: Corviknight|Pressure
|move|p2a: Great Tusk|Rapid Spin|p1a: Corviknight
|-resisted|p1a: Corviknight
|-damage|p1a: Corviknight|89/100
|-boost|p2a: Great Tusk|spe|1
|-sideend|p2: hungrymane|Stealth Rock|[from] move: Rapid Spin|[of] p2a: Great Tusk
|
|-weather|SunnyDay|[upkeep]
|-heal|p1a: Corviknight|95/100|[from] item: Leftovers
|upkeep
|turn|9
|
|t:|1757849067
|-end|p2a: Great Tusk|Protosynthesis|[silent]
|switch|p2a: Sandy Shocks|Sandy Shocks, tera:Fire|100/100
|-activate|p2a: Sandy Shocks|ability: Protosynthesis
|-start|p2a: Sandy Shocks|protosynthesisspa
|move|p1a: Corviknight|U-turn|p2a: Sandy Shocks
|-resisted|p2a: Sandy Shocks
|-damage|p2a: Sandy Shocks|92/100
|
|t:|1757849074
|switch|p1a: Thundurus|Thundurus-Therian, M|100/100|[from] U-turn
|
|-weather|SunnyDay|[upkeep]
|upkeep
|turn|10
|
|t:|1757849078
|move|p1a: Thundurus|Thunderbolt|p2a: Sandy Shocks
|-damage|p2a: Sandy Shocks|25/100
|move|p2a: Sandy Shocks|Tera Blast|p1a: Thundurus|[anim] Tera Blast Fire
|-damage|p1a: Thundurus|0 fnt
|faint|p1a: Thundurus
|
|-weather|SunnyDay|[upkeep]
|upkeep
|
|t:|1757849080
|switch|p1a: Greninja|Greninja, M|100/100
|turn|11
|
|t:|1757849084
|-end|p2a: Sandy Shocks|Protosynthesis|[silent]
|switch|p2a: Walking Wake|Walking Wake|100/100
|-activate|p2a: Walking Wake|ability: Protosynthesis
|-start|p2a: Walking Wake|protosynthesisspa
|move|p1a: Greninja|Dark Pulse|p2a: Walking Wake
|-start|p1a: Greninja|typechange|Dark|[from] ability: Protean
|-damage|p2a: Walking Wake|35/100
|
|-weather|SunnyDay|[upkeep]
|upkeep
|turn|12
|
|t:|1757849090
|switch|p1a: Corviknight|Corviknight, M|95/100
|-ability|p1a: Corviknight|Pressure
|-end|p2a: Walking Wake|Protosynthesis|[silent]
|switch|p2a: Slither Wing|Slither Wing|100/100
|-activate|p2a: Slither Wing|ability: Protosynthesis
|-start|p2a: Slither Wing|protosynthesisatk
|
|-weather|SunnyDay|[upkeep]
|-heal|p1a: Corviknight|100/100|[from] item: Leftovers
|upkeep
|turn|13
|
|t:|1757849092
|move|p2a: Slither Wing|Close Combat|p1a: Corviknight
|-crit|p1a: Corviknight
|-damage|p1a: Corviknight|20/100
|-unboost|p2a: Slither Wing|def|1
|-unboost|p2a: Slither Wing|spd|1
|move|p1a: Corviknight|U-turn|p2a: Slither Wing
|-resisted|p2a: Slither Wing
|-damage|p2a: Slither Wing|89/100
|
|t:|1757849097
|switch|p1a: Gliscor|Gliscor, M|100/100 tox|[from] U-turn
|
|-weather|SunnyDay|[upkeep]
|upkeep
|turn|14
|
|t:|1757849100
|-end|p2a: Slither Wing|Protosynthesis|[silent]
|switch|p2a: Great Tusk|Great Tusk|100/100
|-activate|p2a: Great Tusk|ability: Protosynthesis
|-start|p2a: Great Tusk|protosynthesisatk
|move|p1a: Gliscor|Protect||[still]
|-fail|p1a: Gliscor
|
|-weather|none
|-end|p2a: Great Tusk|Protosynthesis
|upkeep
|turn|15
|
|t:|1757849104
|switch|p1a: Corviknight|Corviknight, M|20/100
|-ability|p1a: Corviknight|Pressure
|move|p2a: Great Tusk|Stealth Rock|p1a: Corviknight
|-sidestart|p1: surprise blissey|move: Stealth Rock
|
|-heal|p1a: Corviknight|26/100|[from] item: Leftovers
|upkeep
|turn|16
|
|t:|1757849107
|-end|p2a: Great Tusk|Protosynthesis|[silent]
|switch|p2a: Sandy Shocks|Sandy Shocks, tera:Fire|25/100
|move|p1a: Corviknight|Roost|p1a: Corviknight
|-heal|p1a: Corviknight|76/100
|-singleturn|p1a: Corviknight|move: Roost
|
|-heal|p1a: Corviknight|82/100|[from] item: Leftovers
|upkeep
|turn|17
|
|t:|1757849115
|move|p2a: Sandy Shocks|Tera Blast|p1a: Corviknight|[anim] Tera Blast Fire
|-supereffective|p1a: Corviknight
|-damage|p1a: Corviknight|0 fnt
|faint|p1a: Corviknight
|
|upkeep
|
|t:|1757849117
|switch|p1a: Slowking|Slowking-Galar, M|62/100
|turn|18
|
|t:|1757849124
|-end|p2a: Sandy Shocks|Protosynthesis|[silent]
|switch|p2a: Slither Wing|Slither Wing|89/100
|-terastallize|p1a: Slowking|Water
|move|p1a: Slowking|Thunder Wave|p2a: Slither Wing
|-status|p2a: Slither Wing|par
|
|upkeep
|turn|19
|
|t:|1757849132
|switch|p1a: Gliscor|Gliscor, M|100/100 tox
|-damage|p1a: Gliscor|88/100 tox|[from] Stealth Rock
|move|p2a: Slither Wing|Leech Life|p1a: Gliscor
|-resisted|p1a: Gliscor
|-damage|p1a: Gliscor|70/100 tox
|-heal|p2a: Slither Wing|98/100 par|[from] drain|[of] p1a: Gliscor
|
|-heal|p1a: Gliscor|82/100 tox|[from] ability: Poison Heal
|upkeep
|turn|20
|
|t:|1757849144
|-end|p2a: Slither Wing|Protosynthesis|[silent]
|switch|p2a: Great Tusk|Great Tusk|100/100
|move|p1a: Gliscor|Facade|p2a: Great Tusk
|-damage|p2a: Great Tusk|81/100
|
|-heal|p1a: Gliscor|95/100 tox|[from] ability: Poison Heal
|upkeep
|turn|21
|
|t:|1757849155
|-end|p2a: Great Tusk|Protosynthesis|[silent]
|switch|p2a: Whimsicott|Whimsicott, F|100/100
|move|p1a: Gliscor|Protect||[still]
|-fail|p1a: Gliscor
|
|-heal|p1a: Gliscor|100/100 tox|[from] ability: Poison Heal
|upkeep
|turn|22
|
|t:|1757849158
|move|p2a: Whimsicott|Moonblast|p1a: Gliscor
|-damage|p1a: Gliscor|32/100 tox
|move|p1a: Gliscor|Swords Dance|p1a: Gliscor
|-boost|p1a: Gliscor|atk|2
|
|-heal|p1a: Gliscor|45/100 tox|[from] ability: Poison Heal
|upkeep
|turn|23
|
|t:|1757849161
|move|p1a: Gliscor|Protect|p1a: Gliscor
|-singleturn|p1a: Gliscor|Protect
|move|p2a: Whimsicott|Moonblast|p1a: Gliscor
|-activate|p1a: Gliscor|move: Protect
|
|-heal|p1a: Gliscor|57/100 tox|[from] ability: Poison Heal
|upkeep
|turn|24
|
|t:|1757849163
|switch|p1a: Slowking|Slowking-Galar, M, tera:Water|95/100
|move|p2a: Whimsicott|Moonblast|p1a: Slowking
|-damage|p1a: Slowking|61/100
|
|upkeep
|turn|25
|
|t:|1757849169
|move|p2a: Whimsicott|Moonblast|p1a: Slowking
|-damage|p1a: Slowking|28/100
|-prepare|p1a: Slowking|Chilly Reception|[premajor]
|move|p1a: Slowking|Chilly Reception|p1a: Slowking
|-weather|Snowscape
|
|t:|1757849171
|switch|p1a: Greninja|Greninja, M|100/100|[from] Chilly Reception
|-damage|p1a: Greninja|88/100|[from] Stealth Rock
|
|-weather|Snowscape|[upkeep]
|upkeep
|turn|26
|
|t:|1757849173
|switch|p2a: Slither Wing|Slither Wing|98/100 par
|move|p1a: Greninja|Ice Beam|p2a: Slither Wing
|-start|p1a: Greninja|typechange|Ice|[from] ability: Protean
|-damage|p2a: Slither Wing|43/100 par
|
|-weather|Snowscape|[upkeep]
|upkeep
|turn|27
|
|t:|1757849179
|cant|p2a: Slither Wing|par
|move|p1a: Greninja|Ice Beam|p2a: Slither Wing
|-damage|p2a: Slither Wing|0 fnt
|faint|p2a: Slither Wing
|-end|p2a: Slither Wing|Protosynthesis|[silent]
|
|-weather|Snowscape|[upkeep]
|upkeep
|-message|hungrymane forfeited.
|
|win|surprise blissey
|raw|surprise blissey's rating: 1576 &rarr; <strong>1597</strong><br />(+21 for winning)
|raw|hungrymane's rating: 1589 &rarr; <strong>1568</strong><br />(-21 for losing)
|l|☆hungrymane
|player|p2|
