|j|☆BeachLeak
|j|☆jack51
|t:|1757886004
|gametype|singles
|player|p1|BeachLeak|archer|1596
|player|p2|jack51|red|1615
|gen|9
|tier|[Gen 9] OU
|rated|
|rule|HP Percentage Mod: HP is shown in percentages
|rule|Endless Battle Clause: Forcing endless battles is banned
|rule|Species Clause: Limit one of each Pokémon
|rule|OHKO Clause: OHKO moves are banned
|rule|Evasion Items Clause: Evasion items are banned
|rule|Evasion Moves Clause: Evasion moves are banned
|rule|Evasion Abilities Clause: Evasion abilities are banned
|rule|Sleep Moves Clause: Sleep-inducing moves are banned
|clearpoke
|poke|p1|Salamence, M|
|poke|p1|Tyranitar, M|
|poke|p1|Excadrill, F|
|poke|p1|Iron Crown|
|poke|p1|Azumarill, M|
|poke|p1|Zamazenta-*|
|poke|p2|Ninetales, M|
|poke|p2|Raging Bolt|
|poke|p2|Walking Wake|
|poke|p2|Lilligant-Hisui, F|
|poke|p2|Great Tusk|
|poke|p2|Hatterene, F|
|teampreview
|inactive|Battle timer is ON: inactive players will automatically lose when time's up. (requested by jack51)
|
|t:|1757886018
|teamsize|p1|6
|teamsize|p2|6
|start
|switch|p1a: Sherbet|Salamence, M, shiny|100/100
|switch|p2a: Great Tusk|Great Tusk|100/100
|-ability|p1a: Sherbet|Intimidate|boost
|-unboost|p2a: Great Tusk|atk|1
|turn|1
|inactive|BeachLeak has 120 seconds left.
|
|t:|1757886063
|-end|p2a: Great Tusk|Protosynthesis|[silent]
|switch|p2a: Hatterene|Hatterene, F|100/100
|move|p1a: Sherbet|Air Slash|p2a: Hatterene
|-damage|p2a: Hatterene|46/100
|
|upkeep
|turn|2
|
|t:|1757886073
|switch|p1a: Excadrill|Excadrill, F|100/100
|-item|p1a: Excadrill|Air Balloon
|move|p2a: Hatterene|Draining Kiss|p1a: Excadrill
|-resisted|p1a: Excadrill
|-damage|p1a: Excadrill|72/100
|-heal|p2a: Hatterene|71/100|[from] drain|[of] p1a: Excadrill
|-enditem|p1a: Excadrill|Air Balloon
|
|upkeep
|turn|3
|inactive|BeachLeak has 120 seconds left.
|
|t:|1757886084
|switch|p2a: Great Tusk|Great Tusk|100/100
|move|p1a: Excadrill|Iron Head|p2a: Great Tusk
|-damage|p2a: Great Tusk|69/100
|
|upkeep
|turn|4
|
|t:|1757886094
|move|p1a: Excadrill|Earthquake|p2a: Great Tusk
|-damage|p2a: Great Tusk|29/100
|move|p2a: Great Tusk|Rapid Spin|p1a: Excadrill
|-resisted|p1a: Excadrill
|-damage|p1a: Excadrill|59/100
|-boost|p2a: Great Tusk|spe|1
|
|upkeep
|turn|5
|
|t:|1757886103
|switch|p1a: Sherbet|Salamence, M, shiny|100/100
|-ability|p1a: Sherbet|Intimidate|boost
|-unboost|p2a: Great Tusk|atk|1
|move|p2a: Great Tusk|Close Combat|p1a: Sherbet
|-resisted|p1a: Sherbet
|-damage|p1a: Sherbet|74/100
|-unboost|p2a: Great Tusk|def|1
|-unboost|p2a: Great Tusk|spd|1
|
|upkeep
|turn|6
|
|t:|1757886113
|switch|p1a: Iron Crown|Iron Crown|100/100
|move|p2a: Great Tusk|Ice Spinner|p1a: Iron Crown
|-resisted|p1a: Iron Crown
|-damage|p1a: Iron Crown|91/100
|
|upkeep
|turn|7
|
|t:|1757886121
|move|p1a: Iron Crown|Psychic Noise|p2a: Great Tusk
|-supereffective|p2a: Great Tusk
|-crit|p2a: Great Tusk
|-damage|p2a: Great Tusk|0 fnt
|faint|p2a: Great Tusk
|-end|p2a: Great Tusk|Protosynthesis|[silent]
|
|upkeep
|
|t:|1757886129
|switch|p2a: Ninetales|Ninetales, M, shiny|100/100
|-weather|SunnyDay|[from] ability: Drought|[of] p2a: Ninetales
|turn|8
|
|t:|1757886141
|-end|p1a: Iron Crown|Quark Drive|[silent]
|switch|p1a: Tyranitar|Tyranitar, M, shiny|100/100
|-weather|Sandstorm|[from] ability: Sand Stream|[of] p1a: Tyranitar
|switch|p2a: Lilligant|Lilligant-Hisui, F|100/100
|
|-weather|Sandstorm|[upkeep]
|-damage|p2a: Lilligant|94/100|[from] Sandstorm
|upkeep
|turn|9
|
|t:|1757886154
|switch|p2a: Ninetales|Ninetales, M, shiny|100/100
|-weather|SunnyDay|[from] ability: Drought|[of] p2a: Ninetales
|-terastallize|p1a: Tyranitar|Bug
|move|p1a: Tyranitar|Ice Punch|p2a: Ninetales
|-resisted|p2a: Ninetales
|-damage|p2a: Ninetales|71/100
|
|-weather|SunnyDay|[upkeep]
|upkeep
|turn|10
|
|t:|1757886174
|switch|p2a: Lilligant|Lilligant-Hisui, F|94/100
|switch|p1a: Sherbet|Salamence, M, shiny|74/100
|-ability|p1a: Sherbet|Intimidate|boost
|-unboost|p2a: Lilligant|atk|1
|
|-weather|SunnyDay|[upkeep]
|upkeep
|turn|11
|
|t:|1757886185
|switch|p1a: Tyranitar|Tyranitar, M, shiny, tera:Bug|100/100
|-weather|Sandstorm|[from] ability: Sand Stream|[of] p1a: Tyranitar
|move|p2a: Lilligant|Triple Axel|p1a: Tyranitar
|-damage|p1a: Tyranitar|95/100
|-damage|p1a: Tyranitar|85/100
|-damage|p1a: Tyranitar|67/100
|-hitcount|p1a: Tyranitar|3
|-damage|p2a: Lilligant|84/100|[from] item: Life Orb
|
|-weather|Sandstorm|[upkeep]
|-damage|p2a: Lilligant|78/100|[from] Sandstorm
|-damage|p1a: Tyranitar|61/100|[from] Sandstorm
|upkeep
|turn|12
|
|t:|1757886206
|-terastallize|p2a: Lilligant|Fire
|move|p2a: Lilligant|Tera Blast|p1a: Tyranitar|[anim] Tera Blast Fire
|-supereffective|p1a: Tyranitar
|-damage|p1a: Tyranitar|0 fnt
|faint|p1a: Tyranitar
|-damage|p2a: Lilligant|68/100|[from] item: Life Orb
|
|-weather|Sandstorm|[upkeep]
|-damage|p2a: Lilligant|62/100|[from] Sandstorm
|upkeep
|
|t:|1757886214
|switch|p1a: Excadrill|Excadrill, F|59/100
|turn|13
|
|t:|1757886222
|switch|p2a: Ninetales|Ninetales, M, shiny|71/100
|-weather|SunnyDay|[from] ability: Drought|[of] p2a: Ninetales
|move|p1a: Excadrill|Earthquake|p2a: Ninetales
|-supereffective|p2a: Ninetales
|-damage|p2a: Ninetales|0 fnt
|faint|p2a: Ninetales
|
|-weather|SunnyDay|[upkeep]
|upkeep
|
|t:|1757886232
|switch|p2a: Walking Wake|Walking Wake|100/100
|-activate|p2a: Walking Wake|ability: Protosynthesis
|-start|p2a: Walking Wake|protosynthesisspe
|turn|14
|
|t:|1757886246
|switch|p1a: Azumarill|Azumarill, M, shiny|100/100
|move|p2a: Walking Wake|Flip Turn|p1a: Azumarill
|-resisted|p1a: Azumarill
|-damage|p1a: Azumarill|96/100
|
|t:|1757886253
|-end|p2a: Walking Wake|Protosynthesis|[silent]
|switch|p2a: Lilligant|Lilligant-Hisui, F, tera:Fire|62/100|[from] Flip Turn
|
|-weather|SunnyDay|[upkeep]
|upkeep
|turn|15
|
|t:|1757886261
|move|p1a: Azumarill|Aqua Jet|p2a: Lilligant
|-supereffective|p2a: Lilligant
|-damage|p2a: Lilligant|22/100
|move|p2a: Lilligant|Solar Blade||[still]
|-prepare|p2a: Lilligant|Solar Blade
|-anim|p2a: Lilligant|Solar Blade|p1a: Azumarill
|-supereffective|p1a: Azumarill
|-damage|p1a: Azumarill|0 fnt
|faint|p1a: Azumarill
|-damage|p2a: Lilligant|12/100|[from] item: Life Orb
|
|-weather|SunnyDay|[upkeep]
|upkeep
|
|t:|1757886271
|switch|p1a: Sherbet|Salamence, M, shiny|74/100
|-ability|p1a: Sherbet|Intimidate|boost
|-unboost|p2a: Lilligant|atk|1
|turn|16
|
|t:|1757886282
|switch|p1a: Zamazenta|Zamazenta|100/100
|-ability|p1a: Zamazenta|Dauntless Shield|boost
|-boost|p1a: Zamazenta|def|1
|move|p2a: Lilligant|Tera Blast|p1a: Zamazenta|[anim] Tera Blast Fire
|-damage|p1a: Zamazenta|67/100
|-damage|p2a: Lilligant|2/100|[from] item: Life Orb
|
|-weather|SunnyDay|[upkeep]
|upkeep
|turn|17
|
|t:|1757886293
|switch|p1a: Sherbet|Salamence, M, shiny|74/100
|-ability|p1a: Sherbet|Intimidate|boost
|-unboost|p2a: Lilligant|atk|1
|move|p2a: Lilligant|Close Combat|p1a: Sherbet
|-resisted|p1a: Sherbet
|-damage|p1a: Sherbet|51/100
|-unboost|p2a: Lilligant|def|1
|-unboost|p2a: Lilligant|spd|1
|-damage|p2a: Lilligant|0 fnt|[from] item: Life Orb
|faint|p2a: Lilligant
|
|-weather|SunnyDay|[upkeep]
|upkeep
|
|t:|1757886307
|switch|p2a: Walking Wake|Walking Wake|100/100
|-activate|p2a: Walking Wake|ability: Protosynthesis
|-start|p2a: Walking Wake|protosynthesisspe
|turn|18
|
|t:|1757886315
|move|p2a: Walking Wake|Hydro Steam|p1a: Sherbet
|-resisted|p1a: Sherbet
|-damage|p1a: Sherbet|0 fnt
|faint|p1a: Sherbet
|
|-weather|SunnyDay|[upkeep]
|upkeep
|
|t:|1757886328
|switch|p1a: Iron Crown|Iron Crown|91/100
|turn|19
|
|t:|1757886331
|move|p2a: Walking Wake|Hydro Steam|p1a: Iron Crown
|-damage|p1a: Iron Crown|5/100
|move|p1a: Iron Crown|Psychic Noise|p2a: Walking Wake
|-damage|p2a: Walking Wake|55/100
|-start|p2a: Walking Wake|move: Heal Block
|
|-weather|SunnyDay|[upkeep]
|upkeep
|turn|20
|
|t:|1757886341
|move|p2a: Walking Wake|Hydro Steam|p1a: Iron Crown
|-damage|p1a: Iron Crown|0 fnt
|faint|p1a: Iron Crown
|-end|p1a: Iron Crown|Quark Drive|[silent]
|
|-weather|none
|-end|p2a: Walking Wake|Protosynthesis
|-end|p2a: Walking Wake|move: Heal Block
|upkeep
|
|t:|1757886343
|switch|p1a: Zamazenta|Zamazenta|67/100
|turn|21
|
|t:|1757886352
|-end|p2a: Walking Wake|Protosynthesis|[silent]
|switch|p2a: Hatterene|Hatterene, F|71/100
|move|p1a: Zamazenta|Close Combat|p2a: Hatterene
|-resisted|p2a: Hatterene
|-damage|p2a: Hatterene|51/100
|-unboost|p1a: Zamazenta|def|1
|-unboost|p1a: Zamazenta|spd|1
|-damage|p1a: Zamazenta|57/100|[from] item: Life Orb
|
|upkeep
|turn|22
|
|t:|1757886362
|switch|p1a: Excadrill|Excadrill, F|59/100
|move|p2a: Hatterene|Mystical Fire|p1a: Excadrill
|-supereffective|p1a: Excadrill
|-damage|p1a: Excadrill|0 fnt
|faint|p1a: Excadrill
|
|upkeep
|
|t:|1757886366
|switch|p1a: Zamazenta|Zamazenta|57/100
|turn|23
|
|t:|1757886373
|switch|p2a: Walking Wake|Walking Wake|55/100
|move|p1a: Zamazenta|Crunch|p2a: Walking Wake
|-damage|p2a: Walking Wake|16/100
|-damage|p1a: Zamazenta|47/100|[from] item: Life Orb
|
|upkeep
|turn|24
|
|t:|1757886382
|move|p1a: Zamazenta|Crunch|p2a: Walking Wake
|-damage|p2a: Walking Wake|0 fnt
|faint|p2a: Walking Wake
|-end|p2a: Walking Wake|Protosynthesis|[silent]
|-damage|p1a: Zamazenta|37/100|[from] item: Life Orb
|
|upkeep
|
|t:|1757886388
|switch|p2a: Raging Neck|Raging Bolt|100/100
|turn|25
|
|t:|1757886392
|move|p1a: Zamazenta|Close Combat|p2a: Raging Neck
|-damage|p2a: Raging Neck|35/100
|-unboost|p1a: Zamazenta|def|1
|-unboost|p1a: Zamazenta|spd|1
|-damage|p1a: Zamazenta|28/100|[from] item: Life Orb
|move|p2a: Raging Neck|Volt Switch|p1a: Zamazenta
|-damage|p1a: Zamazenta|0 fnt
|faint|p1a: Zamazenta
|
|win|jack51
|raw|BeachLeak's rating: 1596 &rarr; <strong>1577</strong><br />(-19 for losing)
|raw|jack51's rating: 1615 &rarr; <strong>1634</strong><br />(+19 for winning)
|l|☆BeachLeak
|player|p1|
