|j|‽XIXINANA
|j|☆KevinHaHa
|t:|1757900675
|gametype|singles
|player|p1|XIXINANA|nate|1329
|player|p2|KevinHaHa|lucas|1356
|gen|9
|tier|[Gen 9] OU
|rated|
|rule|HP Percentage Mod: HP is shown in percentages
|rule|Endless Battle Clause: Forcing endless battles is banned
|rule|Species Clause: Limit one of each Pokémon
|rule|OHKO Clause: OHKO moves are banned
|rule|Evasion Items Clause: Evasion items are banned
|rule|Evasion Moves Clause: Evasion moves are banned
|rule|Evasion Abilities Clause: Evasion abilities are banned
|rule|Sleep Moves Clause: Sleep-inducing moves are banned
|clearpoke
|poke|p1|Dusknoir, F|
|poke|p1|Lycanroc-Midnight, M|
|poke|p1|Sinistcha-Masterpiece|
|poke|p1|Polteageist-Antique|
|poke|p1|Typhlosion-Hisui, F|
|poke|p1|Regidrago|
|poke|p2|Grimmsnarl, M|
|poke|p2|Araquanid, M|
|poke|p2|Pecharunt|
|poke|p2|Gholdengo|
|poke|p2|Dragapult, M|
|poke|p2|Kingambit, M|
|teampreview
|
|t:|1757900679
|teamsize|p1|6
|teamsize|p2|6
|start
|switch|p1a: Lycanroc|Lycanroc-Midnight, M|100/100
|switch|p2a: Dragapult|Dragapult, M, shiny|100/100
|turn|1
|inactive|Battle timer is ON: inactive players will automatically lose when time's up. (requested by XIXINANA)
|inactive|KevinHaHa also wants the timer to be on.
|
|t:|1757900688
|move|p2a: Dragapult|Will-O-Wisp|p1a: Lycanroc
|-status|p1a: Lycanroc|brn
|move|p1a: Lycanroc|Stone Edge|p2a: Dragapult
|-damage|p2a: Dragapult|51/100
|-damage|p1a: Lycanroc|91/100 brn|[from] item: Life Orb
|
|-damage|p1a: Lycanroc|84/100 brn|[from] brn
|upkeep
|turn|2
|
|t:|1757900696
|move|p2a: Dragapult|Hex|p1a: Lycanroc
|-damage|p1a: Lycanroc|14/100 brn
|move|p1a: Lycanroc|Stone Edge|p2a: Dragapult
|-damage|p2a: Dragapult|5/100
|-damage|p1a: Lycanroc|4/100 brn|[from] item: Life Orb
|
|-damage|p1a: Lycanroc|0 fnt|[from] brn
|faint|p1a: Lycanroc
|upkeep
|
|t:|1757900723
|switch|p1a: Typhlosion|Typhlosion-Hisui, F|100/100
|-item|p2a: Dragapult|Heavy-Duty Boots|[from] ability: Frisk|[of] p1a: Typhlosion
|turn|3
|
|t:|1757900728
|move|p1a: Typhlosion|Shadow Ball|p2a: Dragapult
|-supereffective|p2a: Dragapult
|-damage|p2a: Dragapult|0 fnt
|faint|p2a: Dragapult
|
|upkeep
|
|t:|1757900732
|switch|p2a: Araquanid|Araquanid, M, shiny|100/100
|turn|4
|
|t:|1757900740
|switch|p1a: Dusknoir|Dusknoir, F|100/100
|-item|p2a: Araquanid|Custap Berry|[from] ability: Frisk|[of] p1a: Dusknoir
|move|p2a: Araquanid|Sticky Web|p1a: Dusknoir
|-sidestart|p1: XIXINANA|move: Sticky Web
|
|upkeep
|turn|5
|
|t:|1757900751
|switch|p2a: Grimmsnarl|Grimmsnarl, M, shiny|100/100
|move|p1a: Dusknoir|Poltergeist|p2a: Grimmsnarl
|-activate|p2a: Grimmsnarl|move: Poltergeist|Light Clay
|-resisted|p2a: Grimmsnarl
|-damage|p2a: Grimmsnarl|67/100
|
|upkeep
|turn|6
|
|t:|1757900760
|switch|p1a: Typhlosion|Typhlosion-Hisui, F|100/100
|-activate|p1a: Typhlosion|move: Sticky Web
|-unboost|p1a: Typhlosion|spe|1
|-item|p2a: Grimmsnarl|Light Clay|[from] ability: Frisk|[of] p1a: Typhlosion
|move|p2a: Grimmsnarl|Light Screen|p2a: Grimmsnarl
|-sidestart|p2: KevinHaHa|move: Light Screen
|
|upkeep
|turn|7
|
|t:|1757900767
|switch|p1a: Dusknoir|Dusknoir, F|100/100
|-activate|p1a: Dusknoir|move: Sticky Web
|-unboost|p1a: Dusknoir|spe|1
|-item|p2a: Grimmsnarl|Light Clay|[from] ability: Frisk|[of] p1a: Dusknoir
|move|p2a: Grimmsnarl|Reflect|p2a: Grimmsnarl
|-sidestart|p2: KevinHaHa|Reflect
|
|upkeep
|turn|8
|
|t:|1757900775
|move|p2a: Grimmsnarl|Parting Shot|p1a: Dusknoir
|-unboost|p1a: Dusknoir|atk|1
|-unboost|p1a: Dusknoir|spa|1
|
|t:|1757900788
|switch|p2a: Pecharunt|Pecharunt|100/100|[from] Parting Shot
|move|p1a: Dusknoir|Trick|p2a: Pecharunt
|-activate|p1a: Dusknoir|move: Trick|[of] p2a: Pecharunt
|-item|p2a: Pecharunt|Choice Band|[from] move: Trick
|-item|p1a: Dusknoir|Heavy-Duty Boots|[from] move: Trick
|
|upkeep
|turn|9
|
|t:|1757900801
|move|p2a: Pecharunt|Malignant Chain|p1a: Dusknoir
|-resisted|p1a: Dusknoir
|-damage|p1a: Dusknoir|88/100
|-status|p1a: Dusknoir|tox
|-start|p1a: Dusknoir|confusion|[from] ability: Poison Puppeteer|[of] p2a: Pecharunt
|-activate|p1a: Dusknoir|confusion
|-damage|p1a: Dusknoir|79/100 tox|[from] confusion
|
|-damage|p1a: Dusknoir|73/100 tox|[from] psn
|upkeep
|turn|10
|
|t:|1757900819
|switch|p2a: Araquanid|Araquanid, M, shiny|100/100
|-activate|p1a: Dusknoir|confusion
|-damage|p1a: Dusknoir|65/100 tox|[from] confusion
|
|-damage|p1a: Dusknoir|53/100 tox|[from] psn
|upkeep
|turn|11
|
|t:|1757900825
|move|p2a: Araquanid|Surf|p1a: Dusknoir
|-damage|p1a: Dusknoir|7/100 tox
|-end|p1a: Dusknoir|confusion
|move|p1a: Dusknoir|Brick Break|p2a: Araquanid
|-sideend|p2: KevinHaHa|Reflect
|-sideend|p2: KevinHaHa|move: Light Screen
|-resisted|p2a: Araquanid
|-damage|p2a: Araquanid|92/100
|
|-damage|p1a: Dusknoir|0 fnt|[from] psn
|faint|p1a: Dusknoir
|upkeep
|
|t:|1757900843
|switch|p1a: Sinistcha|Sinistcha-Masterpiece|100/100
|-activate|p1a: Sinistcha|move: Sticky Web
|-unboost|p1a: Sinistcha|spe|1
|turn|12
|
|t:|1757900848
|switch|p2a: Pecharunt|Pecharunt|100/100
|move|p1a: Sinistcha|Calm Mind|p1a: Sinistcha
|-boost|p1a: Sinistcha|spa|1
|-boost|p1a: Sinistcha|spd|1
|
|upkeep
|turn|13
|
|t:|1757900853
|move|p2a: Pecharunt|Malignant Chain|p1a: Sinistcha
|-damage|p1a: Sinistcha|77/100
|-status|p1a: Sinistcha|tox
|-start|p1a: Sinistcha|confusion|[from] ability: Poison Puppeteer|[of] p2a: Pecharunt
|-activate|p1a: Sinistcha|confusion
|-damage|p1a: Sinistcha|72/100 tox|[from] confusion
|
|-heal|p1a: Sinistcha|78/100 tox|[from] item: Leftovers
|-damage|p1a: Sinistcha|72/100 tox|[from] psn
|upkeep
|turn|14
|-message|XIXINANA forfeited.
|
|win|KevinHaHa
|raw|XIXINANA's rating: 1329 &rarr; <strong>1311</strong><br />(-18 for losing)
|raw|KevinHaHa's rating: 1356 &rarr; <strong>1374</strong><br />(+18 for winning)
|l|‽XIXINANA
|player|p1|
|l|☆KevinHaHa
|player|p2|
