|j|☆Trainee Sword
|j|☆IBBXEF
|t:|1757836784
|gametype|singles
|player|p1|Trainee Sword|101|1210
|player|p2|IBBXEF|scientist-gen4|1225
|gen|9
|tier|[Gen 9] OU
|rated|
|rule|HP Percentage Mod: HP is shown in percentages
|rule|Endless Battle Clause: Forcing endless battles is banned
|rule|Species Clause: Limit one of each Pokémon
|rule|OHKO Clause: OHKO moves are banned
|rule|Evasion Items Clause: Evasion items are banned
|rule|Evasion Moves Clause: Evasion moves are banned
|rule|Evasion Abilities Clause: Evasion abilities are banned
|rule|Sleep Moves Clause: Sleep-inducing moves are banned
|clearpoke
|poke|p1|Glimmora, F|
|poke|p1|Salazzle, F|
|poke|p1|Heatran, M|
|poke|p1|Garganacl, M|
|poke|p1|Whimsicott, F|
|poke|p1|Kleavor, M|
|poke|p2|Ditto|
|poke|p2|Scizor, M|
|poke|p2|Mimikyu, F|
|poke|p2|Tinkaton, F|
|poke|p2|Heatran, F|
|poke|p2|Polteageist-Antique|
|teampreview
|inactive|Battle timer is ON: inactive players will automatically lose when time's up. (requested by Trainee Sword)
|inactive|IBBXEF also wants the timer to be on.
|
|t:|1757836801
|teamsize|p1|6
|teamsize|p2|6
|start
|switch|p1a: Salazzle|Salazzle, F|100/100
|switch|p2a: Tinkaton|Tinkaton, F|100/100
|-item|p2a: Tinkaton|Air Balloon
|turn|1
|
|t:|1757836810
|move|p1a: Salazzle|Toxic|p2a: Tinkaton
|-status|p2a: Tinkaton|tox
|move|p2a: Tinkaton|Stealth Rock|p1a: Salazzle
|-sidestart|p1: Trainee Sword|move: Stealth Rock
|
|-damage|p2a: Tinkaton|94/100 tox|[from] psn
|upkeep
|turn|2
|
|t:|1757836819
|move|p1a: Salazzle|Substitute|p1a: Salazzle
|-start|p1a: Salazzle|Substitute
|-damage|p1a: Salazzle|76/100
|move|p2a: Tinkaton|Encore|p1a: Salazzle
|-start|p1a: Salazzle|Encore
|
|-heal|p1a: Salazzle|82/100|[from] item: Leftovers
|-damage|p2a: Tinkaton|82/100 tox|[from] psn
|upkeep
|turn|3
|
|t:|1757836827
|switch|p1a: Whimsicott|Whimsicott, F|100/100
|-damage|p1a: Whimsicott|88/100|[from] Stealth Rock
|switch|p2a: Mimikyu|Mimikyu, F|100/100
|
|-heal|p1a: Whimsicott|94/100|[from] item: Leftovers
|upkeep
|turn|4
|
|t:|1757836832
|move|p1a: Whimsicott|Leech Seed|p2a: Mimikyu
|-start|p2a: Mimikyu|move: Leech Seed
|move|p2a: Mimikyu|Swords Dance|p2a: Mimikyu
|-boost|p2a: Mimikyu|atk|2
|
|-heal|p1a: Whimsicott|100/100|[from] item: Leftovers
|-damage|p2a: Mimikyu|88/100|[from] Leech Seed|[of] p1a: Whimsicott
|upkeep
|turn|5
|
|t:|1757836838
|move|p2a: Mimikyu|Shadow Sneak|p1a: Whimsicott
|-damage|p1a: Whimsicott|59/100
|-damage|p2a: Mimikyu|78/100|[from] item: Life Orb
|move|p1a: Whimsicott|Substitute|p1a: Whimsicott
|-start|p1a: Whimsicott|Substitute
|-damage|p1a: Whimsicott|35/100
|
|-heal|p1a: Whimsicott|41/100|[from] item: Leftovers
|-damage|p2a: Mimikyu|66/100|[from] Leech Seed|[of] p1a: Whimsicott
|-heal|p1a: Whimsicott|50/100|[silent]
|upkeep
|turn|6
|
|t:|1757836847
|move|p1a: Whimsicott|Protect|p1a: Whimsicott
|-singleturn|p1a: Whimsicott|Protect
|move|p2a: Mimikyu|Shadow Claw|p1a: Whimsicott
|-activate|p1a: Whimsicott|move: Protect
|
|-heal|p1a: Whimsicott|57/100|[from] item: Leftovers
|-damage|p2a: Mimikyu|53/100|[from] Leech Seed|[of] p1a: Whimsicott
|-heal|p1a: Whimsicott|66/100|[silent]
|upkeep
|turn|7
|
|t:|1757836852
|switch|p2a: Scizor|Scizor, M|100/100
|move|p1a: Whimsicott|Moonblast|p2a: Scizor
|-resisted|p2a: Scizor
|-damage|p2a: Scizor|84/100
|
|-heal|p1a: Whimsicott|72/100|[from] item: Leftovers
|upkeep
|turn|8
|
|t:|1757836857
|move|p1a: Whimsicott|Leech Seed|p2a: Scizor
|-start|p2a: Scizor|move: Leech Seed
|move|p2a: Scizor|U-turn|p1a: Whimsicott
|-end|p1a: Whimsicott|Substitute
|
|t:|1757836869
|switch|p2a: Heatran|Heatran, F|100/100|[from] U-turn
|
|-heal|p1a: Whimsicott|79/100|[from] item: Leftovers
|upkeep
|turn|9
|
|t:|1757836874
|switch|p1a: Heatran|Heatran, M|100/100
|-damage|p1a: Heatran|88/100|[from] Stealth Rock
|move|p2a: Heatran|Taunt|p1a: Heatran
|-start|p1a: Heatran|move: Taunt
|
|upkeep
|turn|10
|
|t:|1757836882
|move|p2a: Heatran|Earth Power|p1a: Heatran
|-supereffective|p1a: Heatran
|-damage|p1a: Heatran|0 fnt
|faint|p1a: Heatran
|
|upkeep
|
|t:|1757836888
|switch|p1a: Garganacl|Garganacl, M|100/100
|-damage|p1a: Garganacl|88/100|[from] Stealth Rock
|turn|11
|inactive|IBBXEF has 120 seconds left.
|
|t:|1757836926
|move|p2a: Heatran|Magma Storm|p1a: Garganacl
|-resisted|p1a: Garganacl
|-damage|p1a: Garganacl|68/100
|-activate|p1a: Garganacl|move: Magma Storm|[of] p2a: Heatran
|move|p1a: Garganacl|Salt Cure|p2a: Heatran
|-damage|p2a: Heatran|87/100
|-start|p2a: Heatran|Salt Cure
|
|-heal|p2a: Heatran|94/100|[from] item: Leftovers
|-heal|p1a: Garganacl|74/100|[from] item: Leftovers
|-damage|p2a: Heatran|69/100|[from] Salt Cure
|-damage|p1a: Garganacl|61/100|[from] move: Magma Storm|[partiallytrapped]
|upkeep
|turn|12
|inactive|IBBXEF has 120 seconds left.
|
|t:|1757836932
|move|p2a: Heatran|Earth Power|p1a: Garganacl
|-supereffective|p1a: Garganacl
|-damage|p1a: Garganacl|11/100
|move|p1a: Garganacl|Recover|p1a: Garganacl
|-heal|p1a: Garganacl|61/100
|
|-heal|p2a: Heatran|75/100|[from] item: Leftovers
|-heal|p1a: Garganacl|68/100|[from] item: Leftovers
|-damage|p2a: Heatran|50/100|[from] Salt Cure
|-damage|p1a: Garganacl|55/100|[from] move: Magma Storm|[partiallytrapped]
|upkeep
|turn|13
|
|t:|1757836938
|-terastallize|p1a: Garganacl|Water
|move|p2a: Heatran|Earth Power|p1a: Garganacl
|-damage|p1a: Garganacl|32/100
|move|p1a: Garganacl|Recover|p1a: Garganacl
|-heal|p1a: Garganacl|82/100
|
|-heal|p2a: Heatran|57/100|[from] item: Leftovers
|-heal|p1a: Garganacl|89/100|[from] item: Leftovers
|-damage|p2a: Heatran|32/100|[from] Salt Cure
|-damage|p1a: Garganacl|76/100|[from] move: Magma Storm|[partiallytrapped]
|upkeep
|turn|14
|
|t:|1757836950
|switch|p2a: Scizor|Scizor, M|84/100
|move|p1a: Garganacl|Salt Cure|p2a: Scizor
|-damage|p2a: Scizor|69/100
|-start|p2a: Scizor|Salt Cure
|
|-heal|p1a: Garganacl|82/100|[from] item: Leftovers
|-damage|p2a: Scizor|44/100|[from] Salt Cure
|-end|p1a: Garganacl|Magma Storm|[partiallytrapped]|[silent]
|upkeep
|turn|15
|
|t:|1757836958
|move|p2a: Scizor|U-turn|p1a: Garganacl
|-damage|p1a: Garganacl|43/100
|
|t:|1757836966
|switch|p2a: Mimikyu|Mimikyu, F|53/100|[from] U-turn
|move|p1a: Garganacl|Curse|p1a: Garganacl
|-unboost|p1a: Garganacl|spe|1
|-boost|p1a: Garganacl|atk|1
|-boost|p1a: Garganacl|def|1
|
|-heal|p1a: Garganacl|49/100|[from] item: Leftovers
|upkeep
|turn|16
|
|t:|1757836970
|move|p2a: Mimikyu|Swords Dance|p2a: Mimikyu
|-boost|p2a: Mimikyu|atk|2
|move|p1a: Garganacl|Salt Cure|p2a: Mimikyu
|-activate|p2a: Mimikyu|ability: Disguise
|-damage|p2a: Mimikyu|53/100
|-start|p2a: Mimikyu|Salt Cure
|detailschange|p2a: Mimikyu|Mimikyu-Busted, F
|-damage|p2a: Mimikyu|41/100|[from] pokemon: Mimikyu-Busted
|
|-heal|p1a: Garganacl|55/100|[from] item: Leftovers
|-damage|p2a: Mimikyu|29/100|[from] Salt Cure
|upkeep
|turn|17
|
|t:|1757836977
|move|p2a: Mimikyu|Play Rough|p1a: Garganacl
|-damage|p1a: Garganacl|11/100
|-damage|p2a: Mimikyu|19/100|[from] item: Life Orb
|move|p1a: Garganacl|Recover|p1a: Garganacl
|-heal|p1a: Garganacl|61/100
|
|-heal|p1a: Garganacl|67/100|[from] item: Leftovers
|-damage|p2a: Mimikyu|6/100|[from] Salt Cure
|upkeep
|turn|18
|
|t:|1757836983
|move|p2a: Mimikyu|Play Rough|p1a: Garganacl
|-damage|p1a: Garganacl|24/100
|-damage|p2a: Mimikyu|0 fnt|[from] item: Life Orb
|faint|p2a: Mimikyu
|move|p1a: Garganacl|Salt Cure|p2: Mimikyu|[notarget]
|-fail|p1a: Garganacl
|
|-heal|p1a: Garganacl|30/100|[from] item: Leftovers
|upkeep
|
|t:|1757836991
|switch|p2a: Heatran|Heatran, F|32/100
|turn|19
|
|t:|1757836995
|move|p2a: Heatran|Earth Power|p1a: Garganacl
|-damage|p1a: Garganacl|7/100
|move|p1a: Garganacl|Recover|p1a: Garganacl
|-heal|p1a: Garganacl|57/100
|
|-heal|p2a: Heatran|38/100|[from] item: Leftovers
|-heal|p1a: Garganacl|63/100|[from] item: Leftovers
|upkeep
|turn|20
|
|t:|1757837003
|move|p2a: Heatran|Taunt|p1a: Garganacl
|-start|p1a: Garganacl|move: Taunt
|move|p1a: Garganacl|Earthquake|p2a: Heatran
|-supereffective|p2a: Heatran
|-damage|p2a: Heatran|0 fnt
|faint|p2a: Heatran
|
|-heal|p1a: Garganacl|70/100|[from] item: Leftovers
|upkeep
|
|t:|1757837008
|switch|p2a: Scizor|Scizor, M|44/100
|turn|21
|
|t:|1757837011
|move|p2a: Scizor|Close Combat|p1a: Garganacl
|-damage|p1a: Garganacl|40/100
|-unboost|p2a: Scizor|def|1
|-unboost|p2a: Scizor|spd|1
|move|p1a: Garganacl|Salt Cure|p2a: Scizor
|-damage|p2a: Scizor|12/100
|-start|p2a: Scizor|Salt Cure
|
|-heal|p1a: Garganacl|46/100|[from] item: Leftovers
|-damage|p2a: Scizor|0 fnt|[from] Salt Cure
|faint|p2a: Scizor
|upkeep
|
|t:|1757837019
|switch|p2a: Polteageist|Polteageist-Antique|100/100
|turn|22
|
|t:|1757837023
|move|p2a: Polteageist|Shell Smash|p2a: Polteageist
|-unboost|p2a: Polteageist|def|1
|-unboost|p2a: Polteageist|spd|1
|-boost|p2a: Polteageist|atk|2
|-boost|p2a: Polteageist|spa|2
|-boost|p2a: Polteageist|spe|2
|move|p1a: Garganacl|Salt Cure|p2a: Polteageist
|-damage|p2a: Polteageist|45/100
|-start|p2a: Polteageist|Salt Cure
|-ability|p2a: Polteageist|Weak Armor|boost
|-unboost|p2a: Polteageist|def|1
|-boost|p2a: Polteageist|spe|2
|
|-heal|p1a: Garganacl|52/100|[from] item: Leftovers
|-damage|p2a: Polteageist|33/100|[from] Salt Cure
|-end|p1a: Garganacl|move: Taunt
|upkeep
|turn|23
|
|t:|1757837030
|switch|p1a: Whimsicott|Whimsicott, F|79/100
|-damage|p1a: Whimsicott|66/100|[from] Stealth Rock
|move|p2a: Polteageist|Stored Power|p1a: Whimsicott
|-damage|p1a: Whimsicott|0 fnt
|faint|p1a: Whimsicott
|
|-damage|p2a: Polteageist|20/100|[from] Salt Cure
|upkeep
|
|t:|1757837039
|switch|p1a: Garganacl|Garganacl, M, tera:Water|52/100
|-damage|p1a: Garganacl|40/100|[from] Stealth Rock
|turn|24
|
|t:|1757837044
|move|p2a: Polteageist|Stored Power|p1a: Garganacl
|-damage|p1a: Garganacl|0 fnt
|faint|p1a: Garganacl
|
|-damage|p2a: Polteageist|8/100|[from] Salt Cure
|upkeep
|
|t:|1757837047
|switch|p1a: Kleavor|Kleavor, M|100/100
|-damage|p1a: Kleavor|76/100|[from] Stealth Rock
|turn|25
|
|t:|1757837050
|move|p2a: Polteageist|Stored Power|p1a: Kleavor
|-damage|p1a: Kleavor|0 fnt
|faint|p1a: Kleavor
|
|-damage|p2a: Polteageist|0 fnt|[from] Salt Cure
|faint|p2a: Polteageist
|upkeep
|
|t:|1757837058
|switch|p1a: Salazzle|Salazzle, F|82/100
|switch|p2a: Tinkaton|Tinkaton, F|82/100 tox
|-damage|p1a: Salazzle|57/100|[from] Stealth Rock
|-item|p2a: Tinkaton|Air Balloon
|turn|26
|
|t:|1757837064
|move|p1a: Salazzle|Flamethrower|p2a: Tinkaton
|-supereffective|p2a: Tinkaton
|-damage|p2a: Tinkaton|21/100 tox
|-enditem|p2a: Tinkaton|Air Balloon
|move|p2a: Tinkaton|Knock Off|p1a: Salazzle
|-damage|p1a: Salazzle|29/100
|-enditem|p1a: Salazzle|Leftovers|[from] move: Knock Off|[of] p2a: Tinkaton
|
|-damage|p2a: Tinkaton|15/100 tox|[from] psn
|upkeep
|turn|27
|
|t:|1757837072
|move|p1a: Salazzle|Flamethrower|p2a: Tinkaton
|-supereffective|p2a: Tinkaton
|-damage|p2a: Tinkaton|0 fnt
|faint|p2a: Tinkaton
|
|upkeep
|
|t:|1757837074
|switch|p2a: Ditto|Ditto|100/100
|-transform|p2a: Ditto|p1a: Salazzle|[from] ability: Imposter
|turn|28
|
|t:|1757837078
|move|p2a: Ditto|Flamethrower|p1a: Salazzle
|-resisted|p1a: Salazzle
|-damage|p1a: Salazzle|1/100
|move|p1a: Salazzle|Toxic|p2a: Ditto
|-status|p2a: Ditto|tox
|
|-damage|p2a: Ditto|94/100 tox|[from] psn
|upkeep
|turn|29
|
|t:|1757837084
|move|p1a: Salazzle|Protect|p1a: Salazzle
|-singleturn|p1a: Salazzle|Protect
|move|p2a: Ditto|Flamethrower|p1a: Salazzle
|-activate|p1a: Salazzle|move: Protect
|
|-damage|p2a: Ditto|82/100 tox|[from] psn
|upkeep
|turn|30
|
|t:|1757837091
|move|p1a: Salazzle|Protect||[still]
|-fail|p1a: Salazzle
|move|p2a: Ditto|Flamethrower|p1a: Salazzle
|-resisted|p1a: Salazzle
|-damage|p1a: Salazzle|0 fnt
|faint|p1a: Salazzle
|
|-damage|p2a: Ditto|64/100 tox|[from] psn
|upkeep
|
|t:|1757837093
|switch|p1a: Glimmora|Glimmora, F|100/100
|-damage|p1a: Glimmora|88/100|[from] Stealth Rock
|-item|p1a: Glimmora|Air Balloon
|turn|31
|
|t:|1757837097
|move|p2a: Ditto|Flamethrower|p1a: Glimmora
|-resisted|p1a: Glimmora
|-damage|p1a: Glimmora|64/100
|-enditem|p1a: Glimmora|Air Balloon
|move|p1a: Glimmora|Power Gem|p2a: Ditto
|-supereffective|p2a: Ditto
|-damage|p2a: Ditto|0 fnt
|faint|p2a: Ditto
|
|win|Trainee Sword
|raw|Trainee Sword's rating: 1210 &rarr; <strong>1236</strong><br />(+26 for winning)
|raw|IBBXEF's rating: 1225 &rarr; <strong>1199</strong><br />(-26 for losing)
|c|☆Trainee Sword|Gg
|l|☆Trainee Sword
|player|p1|
|l|☆IBBXEF
|player|p2|
