|j|☆emorawr79
|j|☆popswrong4laughing
|t:|1757903554
|gametype|singles
|player|p1|emorawr79|266|1431
|player|p2|popswrong4laughing|galacticgrunt|1458
|gen|9
|tier|[Gen 9] OU
|rated|
|rule|HP Percentage Mod: HP is shown in percentages
|rule|Endless Battle Clause: Forcing endless battles is banned
|rule|Species Clause: Limit one of each Pokémon
|rule|OHKO Clause: OHKO moves are banned
|rule|Evasion Items Clause: Evasion items are banned
|rule|Evasion Moves Clause: Evasion moves are banned
|rule|Evasion Abilities Clause: Evasion abilities are banned
|rule|Sleep Moves Clause: Sleep-inducing moves are banned
|clearpoke
|poke|p1|Serperior, F|
|poke|p1|Gliscor, F|
|poke|p1|Iron Crown|
|poke|p1|Alomomola, M|
|poke|p1|Cinderace, F|
|poke|p1|Kyurem|
|poke|p2|Tornadus-Therian, M|
|poke|p2|Thundurus, M|
|poke|p2|Landorus-Therian, M|
|poke|p2|Entei|
|poke|p2|Suicune|
|poke|p2|Raging Bolt|
|teampreview
|
|t:|1757903572
|teamsize|p1|6
|teamsize|p2|6
|start
|switch|p1a: Kyurem|Kyurem|100/100
|switch|p2a: Suicune|Suicune|100/100
|-ability|p1a: Kyurem|Pressure
|-ability|p2a: Suicune|Pressure
|turn|1
|
|t:|1757903576
|move|p2a: Suicune|Protect|p2a: Suicune
|-singleturn|p2a: Suicune|Protect
|move|p1a: Kyurem|Freeze-Dry|p2a: Suicune
|-activate|p2a: Suicune|move: Protect
|
|upkeep
|turn|2
|
|t:|1757903580
|switch|p1a: Alomomola|Alomomola, M|100/100
|switch|p2a: Entei|Entei|100/100
|
|upkeep
|turn|3
|inactive|Battle timer is ON: inactive players will automatically lose when time's up. (requested by emorawr79)
|
|t:|1757903587
|switch|p2a: Suicune|Suicune|100/100
|-ability|p2a: Suicune|Pressure
|move|p1a: Alomomola|Flip Turn|p2a: Suicune
|-resisted|p2a: Suicune
|-damage|p2a: Suicune|93/100
|
|t:|1757903592
|switch|p1a: Serperior|Serperior, F|100/100|[from] Flip Turn
|
|-heal|p2a: Suicune|99/100|[from] item: Leftovers
|upkeep
|turn|4
|
|t:|1757903594
|switch|p2a: Tornadus|Tornadus-Therian, M|100/100
|move|p1a: Serperior|Leaf Storm|p2a: Tornadus
|-resisted|p2a: Tornadus
|-damage|p2a: Tornadus|70/100
|-boost|p1a: Serperior|spa|2
|
|upkeep
|turn|5
|
|t:|1757903598
|move|p2a: Tornadus|Heat Wave|p1a: Serperior
|-supereffective|p1a: Serperior
|-damage|p1a: Serperior|5/100
|-damage|p2a: Tornadus|60/100|[from] item: Life Orb
|move|p1a: Serperior|Glare|p2a: Tornadus
|-status|p2a: Tornadus|par
|
|-heal|p1a: Serperior|11/100|[from] item: Leftovers
|upkeep
|turn|6
|
|t:|1757903612
|switch|p2a: Entei|Entei|100/100
|move|p1a: Serperior|Leaf Storm|p2a: Entei
|-resisted|p2a: Entei
|-damage|p2a: Entei|50/100
|-boost|p1a: Serperior|spa|2
|
|-heal|p1a: Serperior|18/100|[from] item: Leftovers
|upkeep
|turn|7
|
|t:|1757903618
|move|p2a: Entei|Extreme Speed|p1a: Serperior
|-damage|p1a: Serperior|0 fnt
|faint|p1a: Serperior
|
|upkeep
|
|t:|1757903621
|switch|p1a: Gliscor|Gliscor, F|100/100
|turn|8
|
|t:|1757903623
|move|p1a: Gliscor|Protect|p1a: Gliscor
|-singleturn|p1a: Gliscor|Protect
|move|p2a: Entei|Will-O-Wisp|p1a: Gliscor
|-activate|p1a: Gliscor|move: Protect
|
|-status|p1a: Gliscor|tox|[from] item: Toxic Orb
|upkeep
|turn|9
|
|t:|1757903628
|switch|p2a: Landorus|Landorus-Therian, M|100/100
|-ability|p2a: Landorus|Intimidate|boost
|-unboost|p1a: Gliscor|atk|1
|move|p1a: Gliscor|Substitute|p1a: Gliscor
|-start|p1a: Gliscor|Substitute
|-damage|p1a: Gliscor|76/100 tox
|
|-heal|p1a: Gliscor|88/100 tox|[from] ability: Poison Heal
|upkeep
|turn|10
|
|t:|1757903630
|move|p2a: Landorus|Taunt|p1a: Gliscor
|-start|p1a: Gliscor|move: Taunt
|cant|p1a: Gliscor|move: Taunt|Toxic
|
|-heal|p1a: Gliscor|100/100 tox|[from] ability: Poison Heal
|upkeep
|turn|11
|
|t:|1757903633
|switch|p1a: Alomomola|Alomomola, M|100/100
|move|p2a: Landorus|Stealth Rock|p1a: Alomomola
|-sidestart|p1: emorawr79|move: Stealth Rock
|
|upkeep
|turn|12
|
|t:|1757903638
|move|p2a: Landorus|U-turn|p1a: Alomomola
|-damage|p1a: Alomomola|89/100
|
|t:|1757903640
|switch|p2a: Suicune|Suicune|99/100|[from] U-turn
|-ability|p2a: Suicune|Pressure
|move|p1a: Alomomola|Ice Beam|p2a: Suicune
|-resisted|p2a: Suicune
|-damage|p2a: Suicune|95/100
|
|-heal|p2a: Suicune|100/100|[from] item: Leftovers
|upkeep
|turn|13
|
|t:|1757903644
|move|p2a: Suicune|Calm Mind|p2a: Suicune
|-boost|p2a: Suicune|spa|1
|-boost|p2a: Suicune|spd|1
|move|p1a: Alomomola|Wish|p1a: Alomomola
|
|upkeep
|turn|14
|
|t:|1757903646
|move|p2a: Suicune|Calm Mind|p2a: Suicune
|-boost|p2a: Suicune|spa|1
|-boost|p2a: Suicune|spd|1
|move|p1a: Alomomola|Flip Turn|p2a: Suicune
|-resisted|p2a: Suicune
|-damage|p2a: Suicune|94/100
|
|t:|1757903651
|switch|p1a: Iron Crown|Iron Crown|100/100|[from] Flip Turn
|-damage|p1a: Iron Crown|94/100|[from] Stealth Rock
|
|-heal|p1a: Iron Crown|100/100|[from] move: Wish|[wisher] Alomomola
|-heal|p2a: Suicune|99/100|[from] item: Leftovers
|upkeep
|turn|15
|
|t:|1757903654
|move|p1a: Iron Crown|Agility|p1a: Iron Crown
|-boost|p1a: Iron Crown|spe|2
|move|p2a: Suicune|Scald|p1a: Iron Crown
|-damage|p1a: Iron Crown|39/100
|
|-heal|p2a: Suicune|100/100|[from] item: Leftovers
|upkeep
|turn|16
|-message|emorawr79 forfeited.
|
|win|popswrong4laughing
|raw|emorawr79's rating: 1431 &rarr; <strong>1413</strong><br />(-18 for losing)
|raw|popswrong4laughing's rating: 1458 &rarr; <strong>1476</strong><br />(+18 for winning)
|l|☆emorawr79
|player|p1|
