|j|☆Swag_SerotoninYT
|j|☆thejester3995
|t:|1757846294
|gametype|singles
|player|p1|Swag_SerotoninYT|1|1110
|player|p2|thejester3995|102|1137
|gen|9
|tier|[Gen 9] OU
|rated|
|rule|HP Percentage Mod: HP is shown in percentages
|rule|Endless Battle Clause: Forcing endless battles is banned
|rule|Species Clause: Limit one of each Pokémon
|rule|OHKO Clause: OHKO moves are banned
|rule|Evasion Items Clause: Evasion items are banned
|rule|Evasion Moves Clause: Evasion moves are banned
|rule|Evasion Abilities Clause: Evasion abilities are banned
|rule|Sleep Moves Clause: Sleep-inducing moves are banned
|clearpoke
|poke|p1|Cacturne, M|
|poke|p1|Dodrio, M|
|poke|p1|Malamar, F|
|poke|p1|Blastoise, F|
|poke|p1|Masquerain, F|
|poke|p1|Perrserker, M|
|poke|p2|Garchomp, M|
|poke|p2|Primarina, M|
|poke|p2|Gholdengo|
|poke|p2|Meowscarada, F|
|poke|p2|Slowking-Galar, F|
|poke|p2|Great Tusk|
|teampreview
|
|t:|1757846302
|teamsize|p1|6
|teamsize|p2|6
|start
|switch|p1a: Masquerain|Masquerain, F|100/100
|switch|p2a: Meowscarada|Meowscarada, F|100/100
|-ability|p1a: Masquerain|Intimidate|boost
|-unboost|p2a: Meowscarada|atk|1
|turn|1
|
|t:|1757846312
|move|p2a: Meowscarada|Triple Axel|p1a: Masquerain
|-start|p2a: Meowscarada|typechange|Ice|[from] ability: Protean
|-supereffective|p1a: Masquerain
|-damage|p1a: Masquerain|66/100
|-supereffective|p1a: Masquerain
|-damage|p1a: Masquerain|0 fnt
|faint|p1a: Masquerain
|-hitcount|p1: Masquerain|2
|
|upkeep
|
|t:|1757846336
|switch|p1a: Malamar|Malamar, F|100/100
|turn|2
|
|t:|1757846353
|switch|p2a: Slowking|Slowking-Galar, F|100/100
|move|p1a: Malamar|Superpower|p2a: Slowking
|-resisted|p2a: Slowking
|-damage|p2a: Slowking|93/100
|-boost|p1a: Malamar|atk|1
|-boost|p1a: Malamar|def|1
|
|upkeep
|turn|3
|
|t:|1757846363
|move|p1a: Malamar|Knock Off|p2a: Slowking
|-supereffective|p2a: Slowking
|-damage|p2a: Slowking|20/100
|move|p2a: Slowking|Future Sight|p1a: Malamar
|-start|p2a: Slowking|move: Future Sight
|
|upkeep
|turn|4
|
|t:|1757846381
|switch|p2a: Primarina|Primarina, M|100/100
|move|p1a: Malamar|Knock Off|p2a: Primarina
|-resisted|p2a: Primarina
|-damage|p2a: Primarina|63/100
|-enditem|p2a: Primarina|Assault Vest|[from] move: Knock Off|[of] p1a: Malamar
|
|upkeep
|turn|5
|
|t:|1757846396
|move|p1a: Malamar|Psycho Cut|p2a: Primarina
|-damage|p2a: Primarina|3/100
|move|p2a: Primarina|Alluring Voice|p1a: Malamar
|-damage|p1a: Malamar|53/100
|
|-end|p1a: Malamar|move: Future Sight
|-immune|p1a: Malamar
|upkeep
|turn|6
|
|t:|1757846407
|move|p1a: Malamar|Superpower|p2a: Primarina
|-resisted|p2a: Primarina
|-damage|p2a: Primarina|0 fnt
|-boost|p1a: Malamar|atk|1
|-boost|p1a: Malamar|def|1
|faint|p2a: Primarina
|
|upkeep
|
|t:|1757846420
|switch|p2a: Gholdengo|Gholdengo|100/100
|turn|7
|
|t:|1757846440
|-terastallize|p2a: Gholdengo|Steel
|move|p2a: Gholdengo|Make It Rain|p1a: Malamar
|-damage|p1a: Malamar|0 fnt
|-unboost|p2a: Gholdengo|spa|1
|faint|p1a: Malamar
|
|upkeep
|
|t:|1757846459
|switch|p1a: Perrserker|Perrserker, M|100/100
|turn|8
|
|t:|1757846466
|switch|p2a: Slowking|Slowking-Galar, F|53/100
|move|p1a: Perrserker|Close Combat|p2a: Slowking
|-resisted|p2a: Slowking
|-damage|p2a: Slowking|42/100
|-unboost|p1a: Perrserker|def|1
|-unboost|p1a: Perrserker|spd|1
|-damage|p1a: Perrserker|91/100|[from] item: Life Orb
|
|upkeep
|turn|9
|
|t:|1757846475
|move|p1a: Perrserker|Iron Head|p2a: Slowking
|-damage|p2a: Slowking|0 fnt
|faint|p2a: Slowking
|-damage|p1a: Perrserker|81/100|[from] item: Life Orb
|
|upkeep
|
|t:|1757846486
|switch|p2a: Gholdengo|Gholdengo, tera:Steel|100/100
|turn|10
|
|t:|1757846491
|move|p2a: Gholdengo|Make It Rain|p1a: Perrserker
|-resisted|p1a: Perrserker
|-damage|p1a: Perrserker|0 fnt
|-unboost|p2a: Gholdengo|spa|1
|faint|p1a: Perrserker
|
|upkeep
|
|t:|1757846501
|switch|p1a: Blastoise|Blastoise, F|100/100
|turn|11
|
|t:|1757846509
|switch|p2a: Meowscarada|Meowscarada, F|100/100
|move|p1a: Blastoise|Shell Smash|p1a: Blastoise
|-unboost|p1a: Blastoise|def|1
|-unboost|p1a: Blastoise|spd|1
|-boost|p1a: Blastoise|atk|2
|-boost|p1a: Blastoise|spa|2
|-boost|p1a: Blastoise|spe|2
|-enditem|p1a: Blastoise|White Herb
|-clearnegativeboost|p1a: Blastoise|[silent]
|
|upkeep
|turn|12
|
|t:|1757846522
|move|p1a: Blastoise|Ice Beam|p2a: Meowscarada
|-supereffective|p2a: Meowscarada
|-damage|p2a: Meowscarada|0 fnt
|faint|p2a: Meowscarada
|
|upkeep
|
|t:|1757846535
|switch|p2a: Gholdengo|Gholdengo, tera:Steel|100/100
|turn|13
|
|t:|1757846542
|move|p1a: Blastoise|Hydro Pump|p2a: Gholdengo|[miss]
|-miss|p1a: Blastoise|p2a: Gholdengo
|move|p2a: Gholdengo|Trick|p1a: Blastoise
|-activate|p2a: Gholdengo|move: Trick|[of] p1a: Blastoise
|-item|p1a: Blastoise|Choice Scarf|[from] move: Trick
|-enditem|p2a: Gholdengo|Choice Scarf|[silent]|[from] move: Trick
|
|upkeep
|turn|14
|
|t:|1757846555
|move|p1a: Blastoise|Hydro Pump|p2a: Gholdengo|[miss]
|-miss|p1a: Blastoise|p2a: Gholdengo
|move|p2a: Gholdengo|Make It Rain|p1a: Blastoise
|-resisted|p1a: Blastoise
|-damage|p1a: Blastoise|54/100
|-unboost|p2a: Gholdengo|spa|1
|
|upkeep
|turn|15
|
|t:|1757846565
|move|p1a: Blastoise|Hydro Pump|p2a: Gholdengo
|-crit|p2a: Gholdengo
|-damage|p2a: Gholdengo|0 fnt
|faint|p2a: Gholdengo
|
|upkeep
|
|t:|1757846576
|switch|p2a: Garchomp|Garchomp, M|100/100
|turn|16
|
|t:|1757846583
|-terastallize|p1a: Blastoise|Water
|move|p1a: Blastoise|Hydro Pump|p2a: Garchomp
|-damage|p2a: Garchomp|0 fnt
|faint|p2a: Garchomp
|
|upkeep
|-message|thejester3995 forfeited.
|
|win|Swag_SerotoninYT
|raw|Swag_SerotoninYT's rating: 1110 &rarr; <strong>1137</strong><br />(+27 for winning)
|raw|thejester3995's rating: 1137 &rarr; <strong>1110</strong><br />(-27 for losing)
|l|☆thejester3995
|player|p2|
