|j|☆Don Birria
|j|☆electr0lytes
|t:|1757915354
|gametype|singles
|player|p1|Don Birria|265|1268
|player|p2|electr0lytes|pokemaniac|1252
|gen|9
|tier|[Gen 9] OU
|rated|
|rule|HP Percentage Mod: HP is shown in percentages
|rule|Endless Battle Clause: Forcing endless battles is banned
|rule|Species Clause: Limit one of each Pokémon
|rule|OHKO Clause: OHKO moves are banned
|rule|Evasion Items Clause: Evasion items are banned
|rule|Evasion Moves Clause: Evasion moves are banned
|rule|Evasion Abilities Clause: Evasion abilities are banned
|rule|Sleep Moves Clause: Sleep-inducing moves are banned
|clearpoke
|poke|p1|Meowscarada, M|
|poke|p1|Vaporeon, M|
|poke|p1|Muk-Alola, M|
|poke|p1|Cinderace, M|
|poke|p1|Hydrapple, F|
|poke|p1|Grimmsnarl, M|
|poke|p2|Hawlucha, F|
|poke|p2|Dragonite, F|
|poke|p2|Rillaboom, M|
|poke|p2|Hatterene, F|
|poke|p2|Gholdengo|
|poke|p2|Dondozo, M|
|teampreview
|inactive|Battle timer is ON: inactive players will automatically lose when time's up. (requested by Don Birria)
|
|t:|1757915368
|teamsize|p1|6
|teamsize|p2|6
|start
|switch|p1a: Luceroi|Muk-Alola, M|100/100
|switch|p2a: Gholdengo|Gholdengo|100/100
|-item|p2a: Gholdengo|Air Balloon
|turn|1
|
|t:|1757915375
|move|p2a: Gholdengo|Nasty Plot|p2a: Gholdengo
|-boost|p2a: Gholdengo|spa|2
|move|p1a: Luceroi|Knock Off|p2a: Gholdengo
|-supereffective|p2a: Gholdengo
|-damage|p2a: Gholdengo|0 fnt
|-enditem|p2a: Gholdengo|Air Balloon
|faint|p2a: Gholdengo
|
|upkeep
|
|t:|1757915386
|switch|p2a: Dragonite|Dragonite, F|100/100
|turn|2
|
|t:|1757915393
|switch|p1a: Greegno|Grimmsnarl, M|100/100
|move|p2a: Dragonite|Earthquake|p1a: Greegno
|-damage|p1a: Greegno|51/100
|
|upkeep
|turn|3
|
|t:|1757915400
|move|p1a: Greegno|Trick|p2a: Dragonite
|-activate|p1a: Greegno|move: Trick|[of] p2a: Dragonite
|-item|p2a: Dragonite|Lagging Tail|[from] move: Trick
|-item|p1a: Greegno|Heavy-Duty Boots|[from] move: Trick
|move|p2a: Dragonite|Dragon Dance|p2a: Dragonite
|-boost|p2a: Dragonite|atk|1
|-boost|p2a: Dragonite|spe|1
|
|upkeep
|turn|4
|
|t:|1757915409
|move|p2a: Dragonite|Extreme Speed|p1a: Greegno
|-damage|p1a: Greegno|0 fnt
|faint|p1a: Greegno
|
|upkeep
|
|t:|1757915417
|switch|p1a: Vaporwave|Vaporeon, M, shiny|100/100
|turn|5
|
|t:|1757915421
|move|p2a: Dragonite|Extreme Speed|p1a: Vaporwave
|-damage|p1a: Vaporwave|67/100
|move|p1a: Vaporwave|Ice Beam|p2a: Dragonite
|-supereffective|p2a: Dragonite
|-damage|p2a: Dragonite|58/100
|
|-heal|p1a: Vaporwave|73/100|[from] item: Leftovers
|upkeep
|turn|6
|
|t:|1757915428
|move|p2a: Dragonite|Extreme Speed|p1a: Vaporwave
|-damage|p1a: Vaporwave|39/100
|move|p1a: Vaporwave|Ice Beam|p2a: Dragonite
|-supereffective|p2a: Dragonite
|-damage|p2a: Dragonite|0 fnt
|faint|p2a: Dragonite
|
|-heal|p1a: Vaporwave|45/100|[from] item: Leftovers
|upkeep
|
|t:|1757915431
|switch|p2a: Rillaboom|Rillaboom, M|100/100
|-fieldstart|move: Grassy Terrain|[from] ability: Grassy Surge|[of] p2a: Rillaboom
|turn|7
|
|t:|1757915441
|switch|p1a: Sidra|Hydrapple, F, shiny|100/100
|move|p2a: Rillaboom|Grassy Glide|p1a: Sidra
|-resisted|p1a: Sidra
|-damage|p1a: Sidra|94/100
|
|-heal|p1a: Sidra|100/100|[from] Grassy Terrain
|upkeep
|turn|8
|
|t:|1757915449
|move|p2a: Rillaboom|U-turn|p1a: Sidra
|-supereffective|p1a: Sidra
|-damage|p1a: Sidra|63/100
|
|t:|1757915453
|switch|p2a: Hawlucha|Hawlucha, F|100/100|[from] U-turn
|-enditem|p2a: Hawlucha|Grassy Seed
|-boost|p2a: Hawlucha|def|1|[from] item: Grassy Seed
|move|p1a: Sidra|Fickle Beam|p2a: Hawlucha
|-damage|p2a: Hawlucha|36/100
|
|-heal|p1a: Sidra|69/100|[from] Grassy Terrain
|-heal|p1a: Sidra|76/100|[from] item: Leftovers
|upkeep
|turn|9
|
|t:|1757915464
|move|p2a: Hawlucha|Acrobatics|p1a: Sidra
|-supereffective|p1a: Sidra
|-damage|p1a: Sidra|4/100
|move|p1a: Sidra|Giga Drain|p2a: Hawlucha
|-resisted|p2a: Hawlucha
|-damage|p2a: Hawlucha|0 fnt
|-heal|p1a: Sidra|19/100|[from] drain|[of] p2a: Hawlucha
|faint|p2a: Hawlucha
|
|-heal|p1a: Sidra|26/100|[from] Grassy Terrain
|-heal|p1a: Sidra|32/100|[from] item: Leftovers
|upkeep
|
|t:|1757915472
|switch|p2a: Dondozo|Dondozo, M|100/100
|turn|10
|
|t:|1757915481
|-terastallize|p2a: Dondozo|Fire
|move|p1a: Sidra|Giga Drain|p2a: Dondozo
|-resisted|p2a: Dondozo
|-damage|p2a: Dondozo|77/100
|-heal|p1a: Sidra|49/100|[from] drain|[of] p2a: Dondozo
|move|p2a: Dondozo|Avalanche|p1a: Sidra
|-supereffective|p1a: Sidra
|-damage|p1a: Sidra|0 fnt
|faint|p1a: Sidra
|
|-heal|p2a: Dondozo|83/100|[from] Grassy Terrain
|-heal|p2a: Dondozo|90/100|[from] item: Leftovers
|upkeep
|
|t:|1757915505
|switch|p1a: Luceroi|Muk-Alola, M|100/100
|turn|11
|
|t:|1757915508
|move|p1a: Luceroi|Knock Off|p2a: Dondozo
|-damage|p2a: Dondozo|69/100
|-status|p2a: Dondozo|psn|[from] ability: Poison Touch|[of] p1a: Luceroi
|-enditem|p2a: Dondozo|Leftovers|[from] move: Knock Off|[of] p1a: Luceroi
|move|p2a: Dondozo|Body Press|p1a: Luceroi
|-damage|p1a: Luceroi|71/100
|
|-heal|p1a: Luceroi|77/100|[from] Grassy Terrain
|-heal|p1a: Luceroi|83/100|[from] item: Black Sludge
|-heal|p2a: Dondozo|75/100 psn|[from] Grassy Terrain
|-damage|p2a: Dondozo|63/100 psn|[from] psn
|-fieldend|move: Grassy Terrain
|upkeep
|turn|12
|
|t:|1757915520
|move|p1a: Luceroi|Taunt|p2a: Dondozo
|-start|p2a: Dondozo|move: Taunt
|move|p2a: Dondozo|Body Press|p1a: Luceroi
|-damage|p1a: Luceroi|55/100
|
|-heal|p1a: Luceroi|61/100|[from] item: Black Sludge
|-damage|p2a: Dondozo|50/100 psn|[from] psn
|upkeep
|turn|13
|
|t:|1757915535
|switch|p2a: Rillaboom|Rillaboom, M|100/100
|-fieldstart|move: Grassy Terrain|[from] ability: Grassy Surge|[of] p2a: Rillaboom
|move|p1a: Luceroi|Drain Punch|p2a: Rillaboom
|-damage|p2a: Rillaboom|77/100
|-heal|p1a: Luceroi|72/100|[from] drain|[of] p2a: Rillaboom
|
|-heal|p2a: Rillaboom|84/100|[from] Grassy Terrain
|-heal|p1a: Luceroi|78/100|[from] Grassy Terrain
|-heal|p1a: Luceroi|84/100|[from] item: Black Sludge
|upkeep
|turn|14
|
|t:|1757915545
|move|p2a: Rillaboom|U-turn|p1a: Luceroi
|-damage|p1a: Luceroi|58/100
|
|t:|1757915548
|switch|p2a: Dondozo|Dondozo, M, tera:Fire|50/100 psn|[from] U-turn
|move|p1a: Luceroi|Knock Off|p2a: Dondozo
|-damage|p2a: Dondozo|37/100 psn
|
|-heal|p1a: Luceroi|64/100|[from] Grassy Terrain
|-heal|p1a: Luceroi|70/100|[from] item: Black Sludge
|-heal|p2a: Dondozo|43/100 psn|[from] Grassy Terrain
|-damage|p2a: Dondozo|30/100 psn|[from] psn
|upkeep
|turn|15
|
|t:|1757915557
|move|p1a: Luceroi|Taunt|p2a: Dondozo
|-start|p2a: Dondozo|move: Taunt
|cant|p2a: Dondozo|move: Taunt|Rest
|
|-heal|p1a: Luceroi|76/100|[from] Grassy Terrain
|-heal|p1a: Luceroi|82/100|[from] item: Black Sludge
|-heal|p2a: Dondozo|36/100 psn|[from] Grassy Terrain
|-damage|p2a: Dondozo|24/100 psn|[from] psn
|upkeep
|turn|16
|
|t:|1757915565
|switch|p2a: Rillaboom|Rillaboom, M|84/100
|move|p1a: Luceroi|Knock Off|p2a: Rillaboom
|-damage|p2a: Rillaboom|41/100
|-status|p2a: Rillaboom|psn|[from] ability: Poison Touch|[of] p1a: Luceroi
|-enditem|p2a: Rillaboom|Assault Vest|[from] move: Knock Off|[of] p1a: Luceroi
|
|-heal|p2a: Rillaboom|47/100 psn|[from] Grassy Terrain
|-heal|p1a: Luceroi|88/100|[from] Grassy Terrain
|-heal|p1a: Luceroi|94/100|[from] item: Black Sludge
|-damage|p2a: Rillaboom|34/100 psn|[from] psn
|upkeep
|turn|17
|
|t:|1757915577
|move|p2a: Rillaboom|Wood Hammer|p1a: Luceroi
|-resisted|p1a: Luceroi
|-damage|p1a: Luceroi|51/100
|-damage|p2a: Rillaboom|20/100 psn|[from] Recoil
|move|p1a: Luceroi|Drain Punch|p2a: Rillaboom
|-damage|p2a: Rillaboom|0 fnt
|-heal|p1a: Luceroi|60/100|[from] drain|[of] p2a: Rillaboom
|faint|p2a: Rillaboom
|
|-heal|p1a: Luceroi|66/100|[from] Grassy Terrain
|-heal|p1a: Luceroi|72/100|[from] item: Black Sludge
|-fieldend|move: Grassy Terrain
|upkeep
|
|t:|1757915581
|switch|p2a: Dondozo|Dondozo, M, tera:Fire|24/100 psn
|turn|18
|
|t:|1757915590
|move|p1a: Luceroi|Taunt|p2a: Dondozo
|-start|p2a: Dondozo|move: Taunt
|move|p2a: Dondozo|Body Press|p1a: Luceroi
|-damage|p1a: Luceroi|44/100
|
|-heal|p1a: Luceroi|50/100|[from] item: Black Sludge
|-damage|p2a: Dondozo|11/100 psn|[from] psn
|upkeep
|turn|19
|
|t:|1757915598
|move|p1a: Luceroi|Knock Off|p2a: Dondozo
|-damage|p2a: Dondozo|0 fnt
|faint|p2a: Dondozo
|
|-heal|p1a: Luceroi|57/100|[from] item: Black Sludge
|upkeep
|
|t:|1757915601
|switch|p2a: Hatterene|Hatterene, F|100/100
|turn|20
|
|t:|1757915605
|move|p1a: Luceroi|Knock Off|p2a: Hatterene
|-damage|p2a: Hatterene|45/100
|-enditem|p2a: Hatterene|Leftovers|[from] move: Knock Off|[of] p1a: Luceroi
|move|p2a: Hatterene|Mystical Fire|p1a: Luceroi
|-damage|p1a: Luceroi|31/100
|-unboost|p1a: Luceroi|spa|1
|
|-heal|p1a: Luceroi|37/100|[from] item: Black Sludge
|upkeep
|turn|21
|
|t:|1757915613
|move|p1a: Luceroi|Knock Off|p2a: Hatterene
|-damage|p2a: Hatterene|6/100
|-status|p2a: Hatterene|psn|[from] ability: Poison Touch|[of] p1a: Luceroi
|move|p2a: Hatterene|Mystical Fire|p1a: Luceroi
|-damage|p1a: Luceroi|13/100
|-unboost|p1a: Luceroi|spa|1
|
|-heal|p1a: Luceroi|19/100|[from] item: Black Sludge
|-damage|p2a: Hatterene|0 fnt|[from] psn
|faint|p2a: Hatterene
|
|win|Don Birria
|raw|Don Birria's rating: 1268 &rarr; <strong>1292</strong><br />(+24 for winning)
|raw|electr0lytes's rating: 1252 &rarr; <strong>1228</strong><br />(-24 for losing)
|l|☆electr0lytes
|player|p2|
|l|☆Don Birria
|player|p1|
