|j|☆scarface755
|j|☆Firebreathe
|t:|1757895317
|gametype|singles
|player|p1|scarface755|102|1287
|player|p2|Firebreathe|gambler|1243
|gen|9
|tier|[Gen 9] OU
|rated|
|rule|HP Percentage Mod: HP is shown in percentages
|rule|Endless Battle Clause: Forcing endless battles is banned
|rule|Species Clause: Limit one of each Pokémon
|rule|OHKO Clause: OHKO moves are banned
|rule|Evasion Items Clause: Evasion items are banned
|rule|Evasion Moves Clause: Evasion moves are banned
|rule|Evasion Abilities Clause: Evasion abilities are banned
|rule|Sleep Moves Clause: Sleep-inducing moves are banned
|clearpoke
|poke|p1|Weezing-Galar, M|
|poke|p1|Tornadus-Therian, M|
|poke|p1|Raging Bolt|
|poke|p1|Hoopa-Unbound|
|poke|p1|Cinderace, F|
|poke|p1|Salamence, M|
|poke|p2|Sawsbuck-Winter, F|
|poke|p2|Torkoal, F|
|poke|p2|Lilligant-Hisui, F|
|poke|p2|Cinderace, M|
|poke|p2|Zamazenta-*|
|poke|p2|Walking Wake|
|teampreview
|inactive|Battle timer is ON: inactive players will automatically lose when time's up. (requested by Firebreathe)
|j| Woodij55
|c| Woodij55|HI
|
|t:|1757895336
|teamsize|p1|6
|teamsize|p2|6
|start
|switch|p1a: Raging Bolt|Raging Bolt|100/100
|switch|p2a: Torkoal|Torkoal, F|100/100
|-weather|SunnyDay|[from] ability: Drought|[of] p2a: Torkoal
|-activate|p1a: Raging Bolt|ability: Protosynthesis
|-start|p1a: Raging Bolt|protosynthesisspa
|turn|1
|
|t:|1757895341
|move|p1a: Raging Bolt|Thunderbolt|p2a: Torkoal
|-damage|p2a: Torkoal|0 fnt
|faint|p2a: Torkoal
|
|-weather|SunnyDay|[upkeep]
|upkeep
|
|t:|1757895354
|switch|p2a: Sawsbuck|Sawsbuck-Winter, F|100/100
|turn|2
|
|t:|1757895360
|-end|p1a: Raging Bolt|Protosynthesis|[silent]
|switch|p1a: Weezing|Weezing-Galar, M|100/100
|-ability|p1a: Weezing|Neutralizing Gas
|move|p2a: Sawsbuck|High Horsepower|p1a: Weezing
|-supereffective|p1a: Weezing
|-damage|p1a: Weezing|48/100
|-damage|p2a: Sawsbuck|84/100|[from] item: Rocky Helmet|[of] p1a: Weezing
|-damage|p2a: Sawsbuck|74/100|[from] item: Life Orb
|
|-weather|SunnyDay|[upkeep]
|upkeep
|turn|3
|
|t:|1757895370
|move|p2a: Sawsbuck|Double-Edge|p1a: Weezing
|-damage|p1a: Weezing|0 fnt
|-damage|p2a: Sawsbuck|57/100|[from] item: Rocky Helmet|[of] p1a: Weezing
|faint|p1a: Weezing
|-end|p1a: Weezing|ability: Neutralizing Gas
|-damage|p2a: Sawsbuck|40/100|[from] Recoil
|-damage|p2a: Sawsbuck|30/100|[from] item: Life Orb
|
|-weather|SunnyDay|[upkeep]
|upkeep
|
|t:|1757895394
|switch|p1a: Cinderace|Cinderace, F|100/100
|turn|4
|
|t:|1757895399
|move|p1a: Cinderace|Sucker Punch|p2a: Sawsbuck
|-start|p1a: Cinderace|typechange|Dark|[from] ability: Libero
|-damage|p2a: Sawsbuck|0 fnt
|faint|p2a: Sawsbuck
|
|-weather|SunnyDay|[upkeep]
|upkeep
|c|☆Firebreathe|Hello
|
|t:|1757895407
|switch|p2a: Walking Wake|Walking Wake|100/100
|-activate|p2a: Walking Wake|ability: Protosynthesis
|-start|p2a: Walking Wake|protosynthesisspe
|turn|5
|c|☆Firebreathe|I think you won lol
|c|☆scarface755|not over yet
|c|☆Firebreathe|yo
|inactive|scarface755 has 120 seconds left.
|c|☆Firebreathe|Who this other guy twin
|
|t:|1757895445
|switch|p1a: Hoopa|Hoopa-Unbound|100/100
|move|p2a: Walking Wake|Draco Meteor|p1a: Hoopa
|-damage|p1a: Hoopa|14/100
|-unboost|p2a: Walking Wake|spa|2
|
|-weather|SunnyDay|[upkeep]
|upkeep
|turn|6
|inactive|scarface755 has 120 seconds left.
|
|t:|1757895451
|move|p2a: Walking Wake|Draco Meteor|p1a: Hoopa
|-damage|p1a: Hoopa|0 fnt
|-unboost|p2a: Walking Wake|spa|2
|faint|p1a: Hoopa
|
|-weather|SunnyDay|[upkeep]
|upkeep
|inactive|scarface755 has 120 seconds left.
|c|☆Firebreathe|ur uh raging bolt
|c|☆Firebreathe|its specs im guessing
|
|t:|1757895483
|switch|p1a: Raging Bolt|Raging Bolt|100/100
|-activate|p1a: Raging Bolt|ability: Protosynthesis
|-start|p1a: Raging Bolt|protosynthesisspa
|turn|7
|c|☆Firebreathe|yeah I see it clearly now
|
|t:|1757895500
|-end|p2a: Walking Wake|Protosynthesis|[silent]
|switch|p2a: Zamazenta|Zamazenta|100/100
|-ability|p2a: Zamazenta|Dauntless Shield|boost
|-boost|p2a: Zamazenta|def|1
|move|p1a: Raging Bolt|Draco Meteor|p2a: Zamazenta
|-damage|p2a: Zamazenta|0 fnt
|-unboost|p1a: Raging Bolt|spa|2
|faint|p2a: Zamazenta
|
|-weather|SunnyDay|[upkeep]
|upkeep
|
|t:|1757895502
|switch|p2a: Lilligant|Lilligant-Hisui, F|100/100
|turn|8
|
|t:|1757895508
|move|p2a: Lilligant|Victory Dance|p2a: Lilligant
|-boost|p2a: Lilligant|atk|1
|-boost|p2a: Lilligant|def|1
|-boost|p2a: Lilligant|spe|1
|move|p1a: Raging Bolt|Draco Meteor|p2a: Lilligant
|-damage|p2a: Lilligant|0 fnt
|-unboost|p1a: Raging Bolt|spa|2
|faint|p2a: Lilligant
|
|-weather|none
|-end|p1a: Raging Bolt|Protosynthesis
|upkeep
|
|t:|1757895520
|switch|p2a: Walking Wake|Walking Wake|100/100
|turn|9
|c|☆Firebreathe|lemme try this
|
|t:|1757895530
|-end|p1a: Raging Bolt|Protosynthesis|[silent]
|switch|p1a: Tornadus|Tornadus-Therian, M|100/100
|move|p2a: Walking Wake|Draco Meteor|p1a: Tornadus
|-damage|p1a: Tornadus|0 fnt
|-unboost|p2a: Walking Wake|spa|2
|faint|p1a: Tornadus
|
|upkeep
|c| Woodij55|yaho
|
|t:|1757895535
|switch|p1a: Salamence|Salamence, M|100/100
|turn|10
|c| Woodij55|yahoo
|
|t:|1757895539
|-end|p2a: Walking Wake|Protosynthesis|[silent]
|switch|p2a: Cinderace|Cinderace, M|100/100
|-terastallize|p1a: Salamence|Steel
|move|p1a: Salamence|Dragon Dance|p1a: Salamence
|-boost|p1a: Salamence|atk|1
|-boost|p1a: Salamence|spe|1
|
|upkeep
|turn|11
|
|t:|1757895544
|move|p1a: Salamence|Earthquake|p2a: Cinderace
|-supereffective|p2a: Cinderace
|-damage|p2a: Cinderace|0 fnt
|faint|p2a: Cinderace
|-ability|p1a: Salamence|Moxie|boost
|-boost|p1a: Salamence|atk|1
|
|upkeep
|
|t:|1757895547
|switch|p2a: Walking Wake|Walking Wake|100/100
|turn|12
|c|☆scarface755|gg
|
|t:|1757895552
|move|p1a: Salamence|Outrage|p2a: Walking Wake
|-supereffective|p2a: Walking Wake
|-damage|p2a: Walking Wake|0 fnt
|faint|p2a: Walking Wake
|-end|p2a: Walking Wake|Protosynthesis|[silent]
|
|win|scarface755
|raw|scarface755's rating: 1287 &rarr; <strong>1309</strong><br />(+22 for winning)
|raw|Firebreathe's rating: 1243 &rarr; <strong>1221</strong><br />(-22 for losing)
|c|☆Firebreathe|gg
|c| Woodij55|hewhehe
|c|☆Firebreathe|wow
|c|☆Firebreathe|Who are u gng
|c|☆Firebreathe|why u appearin
|c|☆Firebreathe|yk
|c| Woodij55|me?
|c|☆Firebreathe|yh
|c| Woodij55|im a spectatier
|c| Woodij55|spectater
|c|☆Firebreathe|Ur hb scar lwk touched my willy
|c| Woodij55|oh
|c|☆Firebreathe|yeah
|c| Woodij55|oki bye
|l| Woodij55
|j| Woodij55
|l| Woodij55
|l|☆scarface755
|player|p1|
|l|☆Firebreathe
|player|p2|
