|j|☆sophiebrouwer
|j|☆bjtrbhgnhgv
|t:|1757910106
|gametype|singles
|player|p1|sophiebrouwer|102|1525
|player|p2|bjtrbhgnhgv|2|1577
|gen|9
|tier|[Gen 9] OU
|rated|
|rule|HP Percentage Mod: HP is shown in percentages
|rule|Endless Battle Clause: Forcing endless battles is banned
|rule|Species Clause: Limit one of each Pokémon
|rule|OHKO Clause: OHKO moves are banned
|rule|Evasion Items Clause: Evasion items are banned
|rule|Evasion Moves Clause: Evasion moves are banned
|rule|Evasion Abilities Clause: Evasion abilities are banned
|rule|Sleep Moves Clause: Sleep-inducing moves are banned
|clearpoke
|poke|p1|Dragonite, F|
|poke|p1|Zamazenta-*|
|poke|p1|Landorus-Therian, M|
|poke|p1|Gholdengo|
|poke|p1|Darkrai|
|poke|p1|Hatterene, F|
|poke|p2|Cinderace, F|
|poke|p2|Gliscor, F|
|poke|p2|Magnezone|
|poke|p2|Zapdos|
|poke|p2|Quaquaval, F|
|poke|p2|Scizor, M|
|teampreview
|inactive|Battle timer is ON: inactive players will automatically lose when time's up. (requested by bjtrbhgnhgv)
|inactive|sophiebrouwer has 120 seconds left.
|
|t:|1757910164
|teamsize|p1|6
|teamsize|p2|6
|start
|switch|p1a: Gholdengo|Gholdengo|100/100
|switch|p2a: Scizor|Scizor, M|100/100
|turn|1
|inactive|sophiebrouwer has 120 seconds left.
|
|t:|1757910213
|switch|p1a: Landorus|Landorus-Therian, M|100/100
|-ability|p1a: Landorus|Intimidate|boost
|-unboost|p2a: Scizor|atk|1
|move|p2a: Scizor|Knock Off|p1a: Landorus
|-damage|p1a: Landorus|79/100
|-damage|p2a: Scizor|84/100|[from] item: Rocky Helmet|[of] p1a: Landorus
|-enditem|p1a: Landorus|Rocky Helmet|[from] move: Knock Off|[of] p2a: Scizor
|
|-heal|p2a: Scizor|90/100|[from] item: Leftovers
|upkeep
|turn|2
|
|t:|1757910228
|move|p1a: Landorus|Stealth Rock|p2a: Scizor
|-sidestart|p2: bjtrbhgnhgv|move: Stealth Rock
|move|p2a: Scizor|U-turn|p1a: Landorus
|-resisted|p1a: Landorus
|-damage|p1a: Landorus|67/100
|
|t:|1757910234
|switch|p2a: Gliscor|Gliscor, F|100/100|[from] U-turn
|-damage|p2a: Gliscor|88/100|[from] Stealth Rock
|
|-status|p2a: Gliscor|tox|[from] item: Toxic Orb
|upkeep
|turn|3
|inactive|sophiebrouwer has 120 seconds left.
|
|t:|1757910249
|move|p1a: Landorus|Taunt|p2a: Gliscor
|-start|p2a: Gliscor|move: Taunt
|move|p2a: Gliscor|Fling|p1a: Landorus
|-damage|p1a: Landorus|61/100
|-status|p1a: Landorus|tox
|-enditem|p2a: Gliscor|Toxic Orb|[from] move: Fling
|
|-damage|p1a: Landorus|55/100 tox|[from] psn
|-heal|p2a: Gliscor|100/100 tox|[from] ability: Poison Heal
|upkeep
|turn|4
|inactive|sophiebrouwer has 90 seconds left.
|
|t:|1757910289
|move|p1a: Landorus|U-turn|p2a: Gliscor
|-resisted|p2a: Gliscor
|-damage|p2a: Gliscor|92/100 tox
|
|t:|1757910293
|switch|p1a: Darkrai|Darkrai|100/100|[from] U-turn
|move|p2a: Gliscor|U-turn|p1a: Darkrai
|-supereffective|p1a: Darkrai
|-damage|p1a: Darkrai|62/100
|
|t:|1757910303
|switch|p2a: Scizor|Scizor, M|90/100|[from] U-turn
|-damage|p2a: Scizor|78/100|[from] Stealth Rock
|
|-heal|p2a: Scizor|84/100|[from] item: Leftovers
|upkeep
|turn|5
|inactive|sophiebrouwer has 90 seconds left.
|
|t:|1757910323
|move|p1a: Darkrai|Will-O-Wisp|p2a: Scizor
|-status|p2a: Scizor|brn
|move|p2a: Scizor|U-turn|p1a: Darkrai
|-supereffective|p1a: Darkrai
|-damage|p1a: Darkrai|13/100
|
|t:|1757910337
|switch|p2a: Quaquaval|Quaquaval, F|100/100|[from] U-turn
|-damage|p2a: Quaquaval|94/100|[from] Stealth Rock
|
|upkeep
|turn|6
|inactive|sophiebrouwer has 90 seconds left.
|
|t:|1757910362
|switch|p1a: Zamazenta|Zamazenta|100/100
|-ability|p1a: Zamazenta|Dauntless Shield|boost
|-boost|p1a: Zamazenta|def|1
|move|p2a: Quaquaval|Aqua Step|p1a: Zamazenta
|-damage|p1a: Zamazenta|70/100
|-boost|p2a: Quaquaval|spe|1
|
|-heal|p1a: Zamazenta|76/100|[from] item: Leftovers
|upkeep
|turn|7
|inactive|sophiebrouwer has 60 seconds left.
|
|t:|1757910403
|switch|p2a: Zapdos|Zapdos|100/100
|-damage|p2a: Zapdos|75/100|[from] Stealth Rock
|move|p1a: Zamazenta|Roar|p2a: Zapdos
|drag|p2a: Quaquaval|Quaquaval, F|94/100
|-damage|p2a: Quaquaval|88/100|[from] Stealth Rock
|
|-heal|p1a: Zamazenta|82/100|[from] item: Leftovers
|upkeep
|turn|8
|
|t:|1757910410
|move|p2a: Quaquaval|Flip Turn|p1a: Zamazenta
|-damage|p1a: Zamazenta|57/100
|
|t:|1757910413
|switch|p2a: Zapdos|Zapdos|75/100|[from] Flip Turn
|-damage|p2a: Zapdos|50/100|[from] Stealth Rock
|move|p1a: Zamazenta|Roar|p2a: Zapdos
|drag|p2a: Quaquaval|Quaquaval, F|88/100
|-damage|p2a: Quaquaval|82/100|[from] Stealth Rock
|
|-heal|p1a: Zamazenta|63/100|[from] item: Leftovers
|upkeep
|turn|9
|
|t:|1757910417
|move|p1a: Zamazenta|Iron Defense|p1a: Zamazenta
|-boost|p1a: Zamazenta|def|2
|move|p2a: Quaquaval|Flip Turn|p1a: Zamazenta
|-damage|p1a: Zamazenta|50/100
|
|t:|1757910420
|switch|p2a: Zapdos|Zapdos|50/100|[from] Flip Turn
|-damage|p2a: Zapdos|25/100|[from] Stealth Rock
|
|-heal|p1a: Zamazenta|56/100|[from] item: Leftovers
|-heal|p2a: Zapdos|32/100|[from] item: Leftovers
|upkeep
|turn|10
|
|t:|1757910425
|move|p1a: Zamazenta|Body Press|p2a: Zapdos
|-resisted|p2a: Zapdos
|-damage|p2a: Zapdos|0 fnt
|-status|p1a: Zamazenta|par|[from] ability: Static|[of] p2a: Zapdos
|faint|p2a: Zapdos
|
|-heal|p1a: Zamazenta|62/100 par|[from] item: Leftovers
|upkeep
|j| Shucklepilled
|
|t:|1757910441
|switch|p2a: Magnezone|Magnezone|100/100
|-damage|p2a: Magnezone|94/100|[from] Stealth Rock
|turn|11
|inactive|sophiebrouwer has 60 seconds left.
|
|t:|1757910473
|switch|p1a: Landorus|Landorus-Therian, M|55/100 tox
|-ability|p1a: Landorus|Intimidate|boost
|-unboost|p2a: Magnezone|atk|1
|move|p2a: Magnezone|Discharge|p1a: Landorus
|-immune|p1a: Landorus
|
|-damage|p1a: Landorus|49/100 tox|[from] psn
|upkeep
|turn|12
|inactive|sophiebrouwer has 60 seconds left.
|
|t:|1757910484
|switch|p2a: Gliscor|Gliscor, F|92/100 tox
|-damage|p2a: Gliscor|80/100 tox|[from] Stealth Rock
|move|p1a: Landorus|Earthquake|p2a: Gliscor
|-immune|p2a: Gliscor
|
|-damage|p1a: Landorus|37/100 tox|[from] psn
|-heal|p2a: Gliscor|92/100 tox|[from] ability: Poison Heal
|upkeep
|turn|13
|inactive|sophiebrouwer has 60 seconds left.
|
|t:|1757910495
|switch|p1a: Hatterene|Hatterene, F|100/100
|move|p2a: Gliscor|U-turn|p1a: Hatterene
|-damage|p1a: Hatterene|82/100
|
|t:|1757910501
|switch|p2a: Scizor|Scizor, M|84/100 brn|[from] U-turn
|-damage|p2a: Scizor|72/100 brn|[from] Stealth Rock
|
|-heal|p2a: Scizor|78/100 brn|[from] item: Leftovers
|-damage|p2a: Scizor|72/100 brn|[from] brn
|upkeep
|turn|14
|
|t:|1757910507
|move|p2a: Scizor|Knock Off|p1a: Hatterene
|-damage|p1a: Hatterene|62/100
|-enditem|p1a: Hatterene|Assault Vest|[from] move: Knock Off|[of] p2a: Scizor
|move|p1a: Hatterene|Mystical Fire|p2a: Scizor
|-supereffective|p2a: Scizor
|-crit|p2a: Scizor
|-damage|p2a: Scizor|0 fnt
|faint|p2a: Scizor
|
|upkeep
|
|t:|1757910517
|switch|p2a: Quaquaval|Quaquaval, F|82/100
|-damage|p2a: Quaquaval|76/100|[from] Stealth Rock
|turn|15
|
|t:|1757910527
|move|p2a: Quaquaval|Aqua Step|p1a: Hatterene
|-damage|p1a: Hatterene|0 fnt
|-boost|p2a: Quaquaval|spe|1
|faint|p1a: Hatterene
|-ability|p2a: Quaquaval|Moxie|boost
|-boost|p2a: Quaquaval|atk|1
|
|upkeep
|inactive|sophiebrouwer has 60 seconds left.
|inactive|sophiebrouwer has 30 seconds left.
|
|t:|1757910581
|switch|p1a: Dragonite|Dragonite, F|100/100
|turn|16
|
|t:|1757910588
|-terastallize|p2a: Quaquaval|Water
|move|p2a: Quaquaval|Aqua Step|p1a: Dragonite
|-resisted|p1a: Dragonite
|-damage|p1a: Dragonite|62/100
|-boost|p2a: Quaquaval|spe|1
|move|p1a: Dragonite|Dragon Dance|p1a: Dragonite
|-boost|p1a: Dragonite|atk|1
|-boost|p1a: Dragonite|spe|1
|
|upkeep
|turn|17
|inactive|sophiebrouwer has 30 seconds left.
|inactive|sophiebrouwer has 20 seconds left.
|
|t:|1757910620
|-terastallize|p1a: Dragonite|Flying
|move|p2a: Quaquaval|Aqua Step|p1a: Dragonite
|-damage|p1a: Dragonite|0 fnt
|-boost|p2a: Quaquaval|spe|1
|faint|p1a: Dragonite
|-ability|p2a: Quaquaval|Moxie|boost
|-boost|p2a: Quaquaval|atk|1
|
|upkeep
|inactive|sophiebrouwer has 25 seconds left this turn.
|inactive|sophiebrouwer has 20 seconds left.
|c|☆sophiebrouwer|how is it doign so much damage
|inactive|sophiebrouwer has 15 seconds left.
|inactive|sophiebrouwer has 10 seconds left.
|
|t:|1757910640
|switch|p1a: Landorus|Landorus-Therian, M|37/100 tox
|-ability|p1a: Landorus|Intimidate|boost
|-unboost|p2a: Quaquaval|atk|1
|turn|18
|inactive|sophiebrouwer has 20 seconds left this turn.
|inactive|sophiebrouwer has 15 seconds left.
|
|t:|1757910649
|switch|p1a: Zamazenta|Zamazenta|62/100 par
|move|p2a: Quaquaval|Aqua Step|p1a: Zamazenta
|-damage|p1a: Zamazenta|0 fnt
|-boost|p2a: Quaquaval|spe|1
|faint|p1a: Zamazenta
|-ability|p2a: Quaquaval|Moxie|boost
|-boost|p2a: Quaquaval|atk|1
|
|upkeep
|inactive|sophiebrouwer has 20 seconds left this turn.
|inactive|sophiebrouwer has 15 seconds left.
|c|☆sophiebrouwer|is it choice band?
|inactive|sophiebrouwer has 10 seconds left.
|inactive|sophiebrouwer has 5 seconds left.
|
|t:|1757910664
|switch|p1a: Gholdengo|Gholdengo|100/100
|turn|19
|inactive|sophiebrouwer has 15 seconds left this turn.
|
|t:|1757910669
|move|p2a: Quaquaval|Aqua Step|p1a: Gholdengo
|-damage|p1a: Gholdengo|0 fnt
|-boost|p2a: Quaquaval|spe|1
|faint|p1a: Gholdengo
|-ability|p2a: Quaquaval|Moxie|boost
|-boost|p2a: Quaquaval|atk|1
|
|upkeep
|inactive|sophiebrouwer has 20 seconds left this turn.
|c|☆sophiebrouwer|hello
|inactive|sophiebrouwer has 15 seconds left.
|c|☆sophiebrouwer|can you answer
|inactive|sophiebrouwer has 10 seconds left.
|c|☆sophiebrouwer|you already won
|inactive|sophiebrouwer has 5 seconds left.
|
|t:|1757910686
|switch|p1a: Landorus|Landorus-Therian, M|37/100 tox
|-ability|p1a: Landorus|Intimidate|boost
|-unboost|p2a: Quaquaval|atk|1
|turn|20
|inactive|sophiebrouwer has 15 seconds left this turn.
|inactive|sophiebrouwer has 10 seconds left.
|
|t:|1757910693
|switch|p1a: Darkrai|Darkrai|13/100
|move|p2a: Quaquaval|Aqua Step|p1a: Darkrai
|-damage|p1a: Darkrai|0 fnt
|-boost|p2a: Quaquaval|spe|1
|faint|p1a: Darkrai
|-ability|p2a: Quaquaval|Moxie|boost
|-boost|p2a: Quaquaval|atk|1
|
|upkeep
|inactive|sophiebrouwer has 15 seconds left this turn.
|
|t:|1757910695
|switch|p1a: Landorus|Landorus-Therian, M|37/100 tox
|-ability|p1a: Landorus|Intimidate|boost
|-unboost|p2a: Quaquaval|atk|1
|turn|21
|inactive|sophiebrouwer has 25 seconds left this turn.
|inactive|sophiebrouwer has 20 seconds left.
|inactive|sophiebrouwer has 15 seconds left.
|inactive|sophiebrouwer has 10 seconds left.
|inactive|sophiebrouwer has 5 seconds left.
|c|☆sophiebrouwer|a message doesnt hurt you
|-message|sophiebrouwer lost due to inactivity.
|
|win|bjtrbhgnhgv
|raw|sophiebrouwer's rating: 1525 &rarr; <strong>1508</strong><br />(-17 for losing)
|raw|bjtrbhgnhgv's rating: 1577 &rarr; <strong>1594</strong><br />(+17 for winning)
|l|☆bjtrbhgnhgv
|player|p2|
|l| Shucklepilled
|l| sophiebrouwer
