|j|☆darretyle2
|j|☆hungrymane
|t:|1757855974
|gametype|singles
|player|p1|darretyle2|102|1513
|player|p2|hungrymane|101|1559
|gen|9
|tier|[Gen 9] OU
|rated|
|rule|HP Percentage Mod: HP is shown in percentages
|rule|Endless Battle Clause: Forcing endless battles is banned
|rule|Species Clause: Limit one of each Pokémon
|rule|OHKO Clause: OHKO moves are banned
|rule|Evasion Items Clause: Evasion items are banned
|rule|Evasion Moves Clause: Evasion moves are banned
|rule|Evasion Abilities Clause: Evasion abilities are banned
|rule|Sleep Moves Clause: Sleep-inducing moves are banned
|clearpoke
|poke|p1|Ninetales-Alola, M|
|poke|p1|Maushold|
|poke|p1|Mew|
|poke|p1|Rhyperior, F|
|poke|p1|Slither Wing|
|poke|p1|Gyarados, F|
|poke|p2|Regidrago|
|poke|p2|Drifblim, M|
|poke|p2|Azelf|
|poke|p2|Samurott-Hisui, F|
|poke|p2|Mimikyu, F|
|poke|p2|Kingambit, F|
|teampreview
|
|t:|1757855984
|teamsize|p1|6
|teamsize|p2|6
|start
|switch|p1a: Ninetales|Ninetales-Alola, M|100/100
|switch|p2a: Azelf|Azelf|100/100
|-weather|Snowscape|[from] ability: Snow Warning|[of] p1a: Ninetales
|turn|1
|
|t:|1757855987
|move|p2a: Azelf|Trick|p1a: Ninetales
|-activate|p2a: Azelf|move: Trick|[of] p1a: Ninetales
|-item|p1a: Ninetales|Choice Scarf|[from] move: Trick
|-item|p2a: Azelf|Light Clay|[from] move: Trick
|move|p1a: Ninetales|Aurora Veil|p1a: Ninetales
|-sidestart|p1: darretyle2|move: Aurora Veil
|
|-weather|Snowscape|[upkeep]
|upkeep
|turn|2
|
|t:|1757855996
|switch|p1a: Rhyperior|Rhyperior, F|100/100
|move|p2a: Azelf|Stealth Rock|p1a: Rhyperior
|-sidestart|p1: darretyle2|move: Stealth Rock
|
|-weather|Snowscape|[upkeep]
|upkeep
|turn|3
|
|t:|1757856004
|switch|p2a: Mimikyu|Mimikyu, F|100/100
|move|p1a: Rhyperior|Rock Polish|p1a: Rhyperior
|-boost|p1a: Rhyperior|spe|2
|
|-weather|Snowscape|[upkeep]
|upkeep
|turn|4
|
|t:|1757856006
|move|p1a: Rhyperior|Earthquake|p2a: Mimikyu
|-activate|p2a: Mimikyu|ability: Disguise
|-damage|p2a: Mimikyu|100/100
|detailschange|p2a: Mimikyu|Mimikyu-Busted, F
|-damage|p2a: Mimikyu|88/100|[from] pokemon: Mimikyu-Busted
|-enditem|p2a: Mimikyu|Red Card|[of] p1a: Rhyperior
|drag|p1a: Gyarados|Gyarados, F|100/100
|-damage|p1a: Gyarados|76/100|[from] Stealth Rock
|move|p2a: Mimikyu|Will-O-Wisp|p1a: Gyarados
|-status|p1a: Gyarados|brn
|
|-weather|Snowscape|[upkeep]
|-damage|p1a: Gyarados|69/100 brn|[from] brn
|upkeep
|turn|5
|
|t:|1757856012
|switch|p2a: Samurott|Samurott-Hisui, F|100/100
|move|p1a: Gyarados|Dragon Dance|p1a: Gyarados
|-boost|p1a: Gyarados|atk|1
|-boost|p1a: Gyarados|spe|1
|
|-weather|none
|-damage|p1a: Gyarados|63/100 brn|[from] brn
|-sideend|p1: darretyle2|move: Aurora Veil
|upkeep
|turn|6
|
|t:|1757856015
|move|p1a: Gyarados|Dragon Dance|p1a: Gyarados
|-boost|p1a: Gyarados|atk|1
|-boost|p1a: Gyarados|spe|1
|move|p2a: Samurott|Ceaseless Edge|p1a: Gyarados
|-damage|p1a: Gyarados|0 fnt
|-sidestart|p1: darretyle2|Spikes
|faint|p1a: Gyarados
|
|upkeep
|
|t:|1757856019
|switch|p1a: Maushold|Maushold|100/100
|-damage|p1a: Maushold|88/100|[from] Stealth Rock
|-damage|p1a: Maushold|76/100|[from] Spikes
|turn|7
|
|t:|1757856022
|move|p1a: Maushold|Tidy Up|p1a: Maushold
|-sideend|p1: darretyle2|Spikes
|-sideend|p1: darretyle2|Stealth Rock
|-activate|p1a: Maushold|move: Tidy Up
|-boost|p1a: Maushold|atk|1
|-boost|p1a: Maushold|spe|1
|move|p2a: Samurott|Ceaseless Edge|p1a: Maushold|[miss]
|-miss|p2a: Samurott|p1a: Maushold
|
|upkeep
|turn|8
|
|t:|1757856025
|switch|p2a: Drifblim|Drifblim, M|100/100
|move|p1a: Maushold|Population Bomb|p2a: Drifblim
|-immune|p2a: Drifblim
|
|upkeep
|turn|9
|
|t:|1757856028
|move|p1a: Maushold|Bite|p2a: Drifblim
|-supereffective|p2a: Drifblim
|-damage|p2a: Drifblim|32/100
|-enditem|p2a: Drifblim|Red Card|[of] p1a: Maushold
|drag|p1a: Mew|Mew|100/100
|move|p2a: Drifblim|Acrobatics|p1a: Mew
|-damage|p1a: Mew|54/100
|
|upkeep
|turn|10
|
|t:|1757856034
|move|p2a: Drifblim|Acrobatics|p1a: Mew
|-crit|p1a: Mew
|-damage|p1a: Mew|0 fnt
|faint|p1a: Mew
|
|upkeep
|
|t:|1757856039
|switch|p1a: Ninetales|Ninetales-Alola, M|100/100
|-weather|Snowscape|[from] ability: Snow Warning|[of] p1a: Ninetales
|turn|11
|
|t:|1757856042
|switch|p2a: Azelf|Azelf|100/100
|move|p1a: Ninetales|Freeze-Dry|p2a: Azelf
|-damage|p2a: Azelf|67/100
|
|-weather|Snowscape|[upkeep]
|upkeep
|turn|12
|
|t:|1757856044
|move|p1a: Ninetales|Freeze-Dry|p2a: Azelf
|-damage|p2a: Azelf|37/100
|move|p2a: Azelf|Stealth Rock|p1a: Ninetales
|-sidestart|p1: darretyle2|move: Stealth Rock
|
|-weather|Snowscape|[upkeep]
|upkeep
|turn|13
|
|t:|1757856049
|move|p1a: Ninetales|Freeze-Dry|p2a: Azelf
|-damage|p2a: Azelf|3/100
|move|p2a: Azelf|Explosion|p1a: Ninetales
|-damage|p1a: Ninetales|22/100
|faint|p2a: Azelf
|
|-weather|Snowscape|[upkeep]
|upkeep
|
|t:|1757856052
|switch|p2a: Samurott|Samurott-Hisui, F|100/100
|turn|14
|
|t:|1757856062
|switch|p2a: Mimikyu|Mimikyu-Busted, F|88/100
|move|p1a: Ninetales|Freeze-Dry|p2a: Mimikyu
|-damage|p2a: Mimikyu|65/100
|
|-weather|Snowscape|[upkeep]
|upkeep
|turn|15
|
|t:|1757856067
|move|p1a: Ninetales|Freeze-Dry|p2a: Mimikyu
|-damage|p2a: Mimikyu|43/100
|move|p2a: Mimikyu|Trick Room|p2a: Mimikyu
|-fieldstart|move: Trick Room|[of] p2a: Mimikyu
|
|-weather|none
|upkeep
|turn|16
|
|t:|1757856073
|switch|p2a: Kingambit|Kingambit, F|100/100
|-activate|p2a: Kingambit|ability: Supreme Overlord
|-start|p2a: Kingambit|fallen1|[silent]
|move|p1a: Ninetales|Freeze-Dry|p2a: Kingambit
|-resisted|p2a: Kingambit
|-damage|p2a: Kingambit|91/100
|
|upkeep
|turn|17
|
|t:|1757856076
|move|p2a: Kingambit|Swords Dance|p2a: Kingambit
|-boost|p2a: Kingambit|atk|2
|move|p1a: Ninetales|Freeze-Dry|p2a: Kingambit
|-resisted|p2a: Kingambit
|-damage|p2a: Kingambit|82/100
|
|upkeep
|turn|18
|
|t:|1757856080
|move|p2a: Kingambit|Iron Head|p1a: Ninetales
|-supereffective|p1a: Ninetales
|-damage|p1a: Ninetales|0 fnt
|faint|p1a: Ninetales
|
|upkeep
|
|t:|1757856082
|switch|p1a: Slither Wing|Slither Wing|100/100
|-damage|p1a: Slither Wing|88/100|[from] Stealth Rock
|-enditem|p1a: Slither Wing|Booster Energy
|-activate|p1a: Slither Wing|ability: Protosynthesis|[fromitem]
|-start|p1a: Slither Wing|protosynthesisatk
|turn|19
|
|t:|1757856088
|-terastallize|p2a: Kingambit|Ghost
|move|p2a: Kingambit|Iron Head|p1a: Slither Wing
|-damage|p1a: Slither Wing|0 fnt
|faint|p1a: Slither Wing
|-end|p1a: Slither Wing|Protosynthesis|[silent]
|
|-fieldend|move: Trick Room
|upkeep
|
|t:|1757856090
|switch|p1a: Rhyperior|Rhyperior, F|100/100
|-damage|p1a: Rhyperior|94/100|[from] Stealth Rock
|turn|20
|
|t:|1757856094
|move|p1a: Rhyperior|Earthquake|p2a: Kingambit
|-damage|p2a: Kingambit|40/100
|move|p2a: Kingambit|Iron Head|p1a: Rhyperior
|-supereffective|p1a: Rhyperior
|-damage|p1a: Rhyperior|0 fnt
|faint|p1a: Rhyperior
|
|upkeep
|
|t:|1757856096
|switch|p1a: Maushold|Maushold|76/100
|-damage|p1a: Maushold|63/100|[from] Stealth Rock
|turn|21
|
|t:|1757856102
|move|p1a: Maushold|Bite|p2a: Kingambit
|-supereffective|p2a: Kingambit
|-damage|p2a: Kingambit|6/100
|cant|p2a: Kingambit|flinch
|
|upkeep
|turn|22
|
|t:|1757856106
|move|p2a: Kingambit|Sucker Punch||[still]
|-fail|p2a: Kingambit
|move|p1a: Maushold|Tidy Up|p1a: Maushold
|-sideend|p1: darretyle2|Stealth Rock
|-activate|p1a: Maushold|move: Tidy Up
|-boost|p1a: Maushold|atk|1
|-boost|p1a: Maushold|spe|1
|
|upkeep
|turn|23
|
|t:|1757856108
|move|p2a: Kingambit|Sucker Punch||[still]
|-fail|p2a: Kingambit
|move|p1a: Maushold|Encore|p2a: Kingambit
|-start|p2a: Kingambit|Encore
|
|upkeep
|turn|24
|
|t:|1757856110
|move|p2a: Kingambit|Sucker Punch||[still]
|-fail|p2a: Kingambit
|move|p1a: Maushold|Tidy Up|p1a: Maushold
|-boost|p1a: Maushold|atk|1
|-boost|p1a: Maushold|spe|1
|
|upkeep
|turn|25
|
|t:|1757856114
|move|p2a: Kingambit|Sucker Punch||[still]
|-fail|p2a: Kingambit
|move|p1a: Maushold|Tidy Up|p1a: Maushold
|-boost|p1a: Maushold|atk|1
|-boost|p1a: Maushold|spe|1
|
|upkeep
|turn|26
|
|t:|1757856117
|-end|p2a: Kingambit|fallen1|[silent]
|switch|p2a: Mimikyu|Mimikyu-Busted, F|43/100
|move|p1a: Maushold|Tidy Up|p1a: Maushold
|-boost|p1a: Maushold|atk|1
|-boost|p1a: Maushold|spe|1
|
|upkeep
|turn|27
|
|t:|1757856122
|switch|p2a: Drifblim|Drifblim, M|32/100
|move|p1a: Maushold|Bite|p2a: Drifblim
|-supereffective|p2a: Drifblim
|-damage|p2a: Drifblim|0 fnt
|faint|p2a: Drifblim
|
|upkeep
|
|t:|1757856126
|switch|p2a: Kingambit|Kingambit, F, tera:Ghost|6/100
|-activate|p2a: Kingambit|ability: Supreme Overlord
|-start|p2a: Kingambit|fallen2|[silent]
|turn|28
|
|t:|1757856131
|move|p2a: Kingambit|Sucker Punch|p1a: Maushold
|-damage|p1a: Maushold|0 fnt
|faint|p1a: Maushold
|
|win|hungrymane
|raw|darretyle2's rating: 1513 &rarr; <strong>1496</strong><br />(-17 for losing)
|raw|hungrymane's rating: 1559 &rarr; <strong>1576</strong><br />(+17 for winning)
|l|☆hungrymane
|player|p2|
|l|☆darretyle2
|player|p1|
