|j|☆SemperMamba
|j|☆seethemalldie
|t:|1757942435
|gametype|singles
|player|p1|SemperMamba|266|1283
|player|p2|seethemalldie|unknown|1258
|gen|9
|tier|[Gen 9] OU
|rated|
|rule|HP Percentage Mod: HP is shown in percentages
|rule|Endless Battle Clause: Forcing endless battles is banned
|rule|Species Clause: Limit one of each Pokémon
|rule|OHKO Clause: OHKO moves are banned
|rule|Evasion Items Clause: Evasion items are banned
|rule|Evasion Moves Clause: Evasion moves are banned
|rule|Evasion Abilities Clause: Evasion abilities are banned
|rule|Sleep Moves Clause: Sleep-inducing moves are banned
|clearpoke
|poke|p1|Lokix, F|
|poke|p1|Iron Crown|
|poke|p1|Gliscor, M|
|poke|p1|Garganacl, M|
|poke|p1|Pecharunt|
|poke|p1|Cinderace, F|
|poke|p2|Scizor, M|
|poke|p2|Toxtricity-Low-Key, F|
|poke|p2|Hydreigon, M|
|poke|p2|Iron Valiant|
|poke|p2|Ogerpon-Wellspring, F|
|poke|p2|Arcanine-Hisui, M|
|teampreview
|inactive|Battle timer is ON: inactive players will automatically lose when time's up. (requested by seethemalldie)
|
|t:|1757942460
|teamsize|p1|6
|teamsize|p2|6
|start
|switch|p1a: Iron Crown|Iron Crown|100/100
|switch|p2a: Nite|Iron Valiant, shiny|100/100
|turn|1
|
|t:|1757942470
|-end|p2a: Nite|Quark Drive|[silent]
|switch|p2a: Solid|Scizor, M|100/100
|move|p1a: Iron Crown|Tachyon Cutter|p2a: Solid
|-resisted|p2a: Solid
|-damage|p2a: Solid|85/100
|-resisted|p2a: Solid
|-damage|p2a: Solid|69/100
|-hitcount|p2a: Solid|2
|
|upkeep
|turn|2
|inactive|SemperMamba has 120 seconds left.
|inactive|SemperMamba has 90 seconds left.
|
|t:|1757942533
|-end|p1a: Iron Crown|Quark Drive|[silent]
|switch|p1a: Pecharunt|Pecharunt|100/100
|move|p2a: Solid|Swords Dance|p2a: Solid
|-boost|p2a: Solid|atk|2
|
|upkeep
|turn|3
|
|t:|1757942543
|move|p1a: Pecharunt|Foul Play|p2a: Solid
|-damage|p2a: Solid|22/100
|move|p2a: Solid|Knock Off|p1a: Pecharunt
|-supereffective|p1a: Pecharunt
|-damage|p1a: Pecharunt|52/100
|-enditem|p1a: Pecharunt|Heavy-Duty Boots|[from] move: Knock Off|[of] p2a: Solid
|
|upkeep
|turn|4
|inactive|SemperMamba has 90 seconds left.
|inactive|seethemalldie has 120 seconds left.
|
|t:|1757942563
|switch|p1a: Iron Crown|Iron Crown|100/100
|move|p2a: Solid|Bullet Punch|p1a: Iron Crown
|-resisted|p1a: Iron Crown
|-damage|p1a: Iron Crown|72/100
|
|upkeep
|turn|5
|inactive|seethemalldie has 120 seconds left.
|
|t:|1757942575
|move|p2a: Solid|Bullet Punch|p1a: Iron Crown
|-resisted|p1a: Iron Crown
|-damage|p1a: Iron Crown|46/100
|move|p1a: Iron Crown|Volt Switch|p2a: Solid
|-crit|p2a: Solid
|-damage|p2a: Solid|0 fnt
|faint|p2a: Solid
|inactive|SemperMamba has 90 seconds left.
|
|t:|1757942586
|-end|p1a: Iron Crown|Quark Drive|[silent]
|switch|p1a: Lokix|Lokix, F|100/100|[from] Volt Switch
|
|upkeep
|inactive|seethemalldie has 120 seconds left.
|
|t:|1757942608
|switch|p2a: Nite|Iron Valiant, shiny|100/100
|turn|6
|inactive|SemperMamba has 90 seconds left.
|
|t:|1757942627
|switch|p1a: Garganacl|Garganacl, M|100/100
|move|p2a: Nite|Moonblast|p1a: Garganacl
|-damage|p1a: Garganacl|51/100
|
|-heal|p1a: Garganacl|57/100|[from] item: Leftovers
|upkeep
|turn|7
|inactive|seethemalldie has 120 seconds left.
|inactive|SemperMamba has 90 seconds left.
|
|t:|1757942659
|switch|p1a: Pecharunt|Pecharunt|52/100
|-terastallize|p2a: Nite|Fairy
|move|p2a: Nite|Moonblast|p1a: Pecharunt
|-resisted|p1a: Pecharunt
|-damage|p1a: Pecharunt|8/100
|-unboost|p1a: Pecharunt|spa|1
|
|upkeep
|turn|8
|l|☆SemperMamba
|inactive|SemperMamba disconnected and has a minute to reconnect!
|player|p1|
|j|☆SemperMamba
|inactive|SemperMamba reconnected and has 80 seconds left.
|player|p1|SemperMamba|266|
|inactive|SemperMamba has 60 seconds left.
|
|t:|1757942698
|move|p2a: Nite|Moonblast|p1a: Pecharunt
|-resisted|p1a: Pecharunt
|-damage|p1a: Pecharunt|0 fnt
|faint|p1a: Pecharunt
|
|upkeep
|
|t:|1757942700
|switch|p1a: Iron Crown|Iron Crown|46/100
|turn|9
|inactive|SemperMamba has 60 seconds left.
|inactive|seethemalldie has 90 seconds left.
|
|t:|1757942735
|-end|p2a: Nite|Quark Drive|[silent]
|switch|p2a: Trip|Hydreigon, M, shiny|100/100
|move|p1a: Iron Crown|Volt Switch|p2a: Trip
|-resisted|p2a: Trip
|-damage|p2a: Trip|80/100
|inactive|SemperMamba has 60 seconds left.
|
|t:|1757942745
|-end|p1a: Iron Crown|Quark Drive|[silent]
|switch|p1a: Cinderace|Cinderace, F|100/100|[from] Volt Switch
|
|upkeep
|turn|10
|inactive|SemperMamba has 60 seconds left.
|inactive|seethemalldie has 90 seconds left.
|
|t:|1757942760
|move|p1a: Cinderace|U-turn|p2a: Trip
|-start|p1a: Cinderace|typechange|Bug|[from] ability: Libero
|-supereffective|p2a: Trip
|-damage|p2a: Trip|4/100
|inactive|SemperMamba has 60 seconds left.
|
|t:|1757942770
|switch|p1a: Garganacl|Garganacl, M|57/100|[from] U-turn
|move|p2a: Trip|Draco Meteor|p1a: Garganacl
|-damage|p1a: Garganacl|11/100
|-unboost|p2a: Trip|spa|2
|-enditem|p2a: Trip|Eject Pack
|inactive|seethemalldie has 90 seconds left.
|
|t:|1757942785
|switch|p2a: Nite|Iron Valiant, shiny, tera:Fairy|100/100
|
|-heal|p1a: Garganacl|17/100|[from] item: Leftovers
|upkeep
|turn|11
|inactive|seethemalldie has 90 seconds left.
|
|t:|1757942802
|move|p1a: Garganacl|Protect|p1a: Garganacl
|-singleturn|p1a: Garganacl|Protect
|move|p2a: Nite|Moonblast|p1a: Garganacl
|-activate|p1a: Garganacl|move: Protect
|
|-heal|p1a: Garganacl|23/100|[from] item: Leftovers
|upkeep
|turn|12
|inactive|seethemalldie has 90 seconds left.
|inactive|SemperMamba has 60 seconds left.
|
|t:|1757942833
|switch|p1a: Cinderace|Cinderace, F|100/100
|move|p2a: Nite|Moonblast|p1a: Cinderace
|-resisted|p1a: Cinderace
|-damage|p1a: Cinderace|28/100
|
|upkeep
|turn|13
|
|t:|1757942841
|-end|p2a: Nite|Quark Drive|[silent]
|switch|p2a: Trip|Hydreigon, M, shiny|4/100
|move|p1a: Cinderace|Pyro Ball|p2a: Trip
|-resisted|p2a: Trip
|-damage|p2a: Trip|0 fnt
|faint|p2a: Trip
|
|upkeep
|
|t:|1757942849
|switch|p2a: Berry|Ogerpon-Wellspring, F|100/100
|turn|14
|inactive|SemperMamba has 60 seconds left.
|
|t:|1757942855
|move|p1a: Cinderace|Will-O-Wisp|p2a: Berry
|-status|p2a: Berry|brn
|move|p2a: Berry|Ivy Cudgel|p1a: Cinderace|[anim] Ivy Cudgel Water
|-supereffective|p1a: Cinderace
|-damage|p1a: Cinderace|0 fnt
|faint|p1a: Cinderace
|
|-damage|p2a: Berry|95/100 brn|[from] brn
|upkeep
|inactive|SemperMamba has 60 seconds left.
|
|t:|1757942869
|switch|p1a: Lokix|Lokix, F|100/100
|turn|15
|inactive|SemperMamba has 60 seconds left.
|inactive|seethemalldie has 90 seconds left.
|
|t:|1757942897
|move|p2a: Berry|Ivy Cudgel|p1a: Lokix|[anim] Ivy Cudgel Water
|-crit|p1a: Lokix
|-damage|p1a: Lokix|38/100
|move|p1a: Lokix|U-turn|p2a: Berry
|-supereffective|p2a: Berry
|-damage|p2a: Berry|0 fnt
|faint|p2a: Berry
|
|t:|1757942907
|switch|p1a: Gliscor|Gliscor, M|100/100|[from] U-turn
|
|-status|p1a: Gliscor|tox|[from] item: Toxic Orb
|upkeep
|inactive|seethemalldie has 90 seconds left.
|
|t:|1757942934
|switch|p2a: Nite|Iron Valiant, shiny, tera:Fairy|100/100
|turn|16
|inactive|SemperMamba has 60 seconds left.
|
|t:|1757942942
|move|p2a: Nite|Moonblast|p1a: Gliscor
|-damage|p1a: Gliscor|0 fnt
|faint|p1a: Gliscor
|
|upkeep
|inactive|SemperMamba has 60 seconds left.
|
|t:|1757942948
|switch|p1a: Iron Crown|Iron Crown|46/100
|turn|17
|inactive|seethemalldie has 90 seconds left.
|inactive|SemperMamba has 60 seconds left.
|
|t:|1757942964
|-end|p2a: Nite|Quark Drive|[silent]
|switch|p2a: Archie|Arcanine-Hisui, M|100/100
|move|p1a: Iron Crown|Tachyon Cutter|p2a: Archie
|-damage|p2a: Archie|51/100
|-damage|p2a: Archie|7/100
|-hitcount|p2a: Archie|2
|
|upkeep
|turn|18
|inactive|SemperMamba has 60 seconds left.
|inactive|seethemalldie has 90 seconds left.
|
|t:|1757942978
|-end|p1a: Iron Crown|Quark Drive|[silent]
|switch|p1a: Garganacl|Garganacl, M|23/100
|move|p2a: Archie|Extreme Speed|p1a: Garganacl
|-resisted|p1a: Garganacl
|-damage|p1a: Garganacl|10/100
|
|-heal|p1a: Garganacl|17/100|[from] item: Leftovers
|upkeep
|turn|19
|inactive|SemperMamba has 60 seconds left.
|inactive|seethemalldie has 90 seconds left.
|
|t:|1757942993
|switch|p2a: Chili|Toxtricity-Low-Key, F|100/100
|move|p1a: Garganacl|Protect||[still]
|-fail|p1a: Garganacl
|
|-heal|p1a: Garganacl|23/100|[from] item: Leftovers
|upkeep
|turn|20
|inactive|seethemalldie has 90 seconds left.
|
|t:|1757943008
|move|p2a: Chili|Volt Switch|p1a: Garganacl
|-damage|p1a: Garganacl|0 fnt
|faint|p1a: Garganacl
|inactive|seethemalldie has 90 seconds left.
|
|t:|1757943018
|switch|p2a: Nite|Iron Valiant, shiny, tera:Fairy|100/100|[from] Volt Switch
|
|upkeep
|
|t:|1757943024
|switch|p1a: Iron Crown|Iron Crown|46/100
|turn|21
|inactive|seethemalldie has 90 seconds left.
|
|t:|1757943062
|move|p2a: Nite|Shadow Ball|p1a: Iron Crown
|-supereffective|p1a: Iron Crown
|-damage|p1a: Iron Crown|0 fnt
|faint|p1a: Iron Crown
|-end|p1a: Iron Crown|Quark Drive|[silent]
|
|upkeep
|
|t:|1757943066
|switch|p1a: Lokix|Lokix, F|38/100
|turn|22
|
|t:|1757943075
|-end|p2a: Nite|Quark Drive|[silent]
|switch|p2a: Chili|Toxtricity-Low-Key, F|100/100
|move|p1a: Lokix|Knock Off|p2a: Chili
|-damage|p2a: Chili|21/100
|-enditem|p2a: Chili|Choice Specs|[from] move: Knock Off|[of] p1a: Lokix
|
|upkeep
|turn|23
|inactive|SemperMamba has 90 seconds left.
|
|t:|1757943093
|move|p1a: Lokix|Knock Off|p2a: Chili
|-damage|p2a: Chili|0 fnt
|faint|p2a: Chili
|
|upkeep
|
|t:|1757943097
|switch|p2a: Archie|Arcanine-Hisui, M|7/100
|turn|24
|
|t:|1757943100
|move|p2a: Archie|Extreme Speed|p1a: Lokix
|-damage|p1a: Lokix|0 fnt
|faint|p1a: Lokix
|
|win|seethemalldie
|raw|SemperMamba's rating: 1283 &rarr; <strong>1256</strong><br />(-27 for losing)
|raw|seethemalldie's rating: 1258 &rarr; <strong>1285</strong><br />(+27 for winning)
|l|☆SemperMamba
|player|p1|
|l|☆seethemalldie
|player|p2|
