|j|‽SirPops
|j|☆fghjhgfvbn
|t:|1757901167
|gametype|singles
|player|p1|SirPops|red|1112
|player|p2|fghjhgfvbn|lady|1108
|gen|9
|tier|[Gen 9] OU
|rated|
|rule|HP Percentage Mod: HP is shown in percentages
|rule|Endless Battle Clause: Forcing endless battles is banned
|rule|Species Clause: Limit one of each Pokémon
|rule|OHKO Clause: OHKO moves are banned
|rule|Evasion Items Clause: Evasion items are banned
|rule|Evasion Moves Clause: Evasion moves are banned
|rule|Evasion Abilities Clause: Evasion abilities are banned
|rule|Sleep Moves Clause: Sleep-inducing moves are banned
|clearpoke
|poke|p1|Snorlax, M|
|poke|p1|Masquerain, M|
|poke|p1|Rotom-Frost|
|poke|p1|Weezing-Galar, F|
|poke|p1|Honchkrow, M|
|poke|p1|Sawsbuck-Autumn, M|
|poke|p2|Toxapex, F|
|poke|p2|Gliscor, M|
|poke|p2|Heatran, F|
|poke|p2|Rillaboom, M|
|poke|p2|Forretress, M|
|poke|p2|Alomomola, M|
|teampreview
|inactive|Battle timer is ON: inactive players will automatically lose when time's up. (requested by SirPops)
|
|t:|1757901186
|teamsize|p1|6
|teamsize|p2|6
|start
|switch|p1a: Rotom|Rotom-Frost|100/100
|switch|p2a: og batman|Gliscor, M, shiny|100/100
|turn|1
|
|t:|1757901193
|switch|p2a: Hetrans|Heatran, F|100/100
|move|p1a: Rotom|Will-O-Wisp|p2a: Hetrans
|-start|p2a: Hetrans|ability: Flash Fire
|
|upkeep
|turn|2
|
|t:|1757901205
|switch|p1a: Snorlax|Snorlax, M|100/100
|move|p2a: Hetrans|Magma Storm|p1a: Snorlax
|-damage|p1a: Snorlax|77/100
|-activate|p1a: Snorlax|move: Magma Storm|[of] p2a: Hetrans
|
|-heal|p1a: Snorlax|83/100|[from] item: Leftovers
|-damage|p1a: Snorlax|71/100|[from] move: Magma Storm|[partiallytrapped]
|upkeep
|turn|3
|inactive|SirPops has 120 seconds left.
|inactive|SirPops has 90 seconds left.
|
|t:|1757901267
|move|p2a: Hetrans|Flamethrower|p1a: Snorlax
|-damage|p1a: Snorlax|50/100
|move|p1a: Snorlax|Earthquake|p2a: Hetrans
|-supereffective|p2a: Hetrans
|-damage|p2a: Hetrans|23/100
|
|-heal|p2a: Hetrans|29/100|[from] item: Leftovers
|-heal|p1a: Snorlax|57/100|[from] item: Leftovers
|-damage|p1a: Snorlax|44/100|[from] move: Magma Storm|[partiallytrapped]
|upkeep
|turn|4
|
|t:|1757901282
|move|p2a: Hetrans|Protect|p2a: Hetrans
|-singleturn|p2a: Hetrans|Protect
|move|p1a: Snorlax|Earthquake|p2a: Hetrans
|-activate|p2a: Hetrans|move: Protect
|
|-heal|p2a: Hetrans|35/100|[from] item: Leftovers
|-heal|p1a: Snorlax|50/100|[from] item: Leftovers
|-damage|p1a: Snorlax|38/100|[from] move: Magma Storm|[partiallytrapped]
|upkeep
|turn|5
|inactive|SirPops has 90 seconds left.
|inactive|SirPops has 60 seconds left.
|inactive|SirPops has 30 seconds left.
|
|t:|1757901367
|-terastallize|p2a: Hetrans|Flying
|move|p2a: Hetrans|Flamethrower|p1a: Snorlax
|-damage|p1a: Snorlax|16/100
|move|p1a: Snorlax|Earthquake|p2a: Hetrans
|-immune|p2a: Hetrans
|
|-heal|p2a: Hetrans|41/100|[from] item: Leftovers
|-heal|p1a: Snorlax|22/100|[from] item: Leftovers
|-damage|p1a: Snorlax|10/100|[from] move: Magma Storm|[partiallytrapped]
|upkeep
|turn|6
|
|t:|1757901377
|move|p2a: Hetrans|Flamethrower|p1a: Snorlax
|-damage|p1a: Snorlax|0 fnt
|faint|p1a: Snorlax
|
|-heal|p2a: Hetrans|48/100|[from] item: Leftovers
|upkeep
|inactive|SirPops has 30 seconds left.
|inactive|SirPops has 20 seconds left.
|inactive|SirPops has 15 seconds left.
|inactive|SirPops has 10 seconds left.
|inactive|SirPops has 5 seconds left.
|
|t:|1757901412
|switch|p1a: Rotom|Rotom-Frost|100/100
|turn|7
|inactive|SirPops has 15 seconds left this turn.
|inactive|SirPops has 10 seconds left.
|
|t:|1757901420
|-end|p2a: Hetrans|ability: Flash Fire|[silent]
|switch|p2a: Britney spears|Toxapex, F|100/100
|move|p1a: Rotom|Thunder|p2a: Britney spears|[miss]
|-miss|p1a: Rotom|p2a: Britney spears
|
|upkeep
|turn|8
|inactive|SirPops has 20 seconds left this turn.
|inactive|SirPops has 15 seconds left.
|inactive|SirPops has 10 seconds left.
|
|t:|1757901433
|move|p1a: Rotom|Thunder|p2a: Britney spears|[miss]
|-miss|p1a: Rotom|p2a: Britney spears
|move|p2a: Britney spears|Toxic|p1a: Rotom
|-status|p1a: Rotom|tox
|
|-damage|p1a: Rotom|95/100 tox|[from] psn
|upkeep
|turn|9
|inactive|SirPops has 20 seconds left this turn.
|inactive|SirPops has 15 seconds left.
|
|t:|1757901441
|move|p2a: Britney spears|Baneful Bunker|p2a: Britney spears
|-singleturn|p2a: Britney spears|move: Protect
|move|p1a: Rotom|Thunder|p2a: Britney spears
|-activate|p2a: Britney spears|move: Protect
|
|-damage|p1a: Rotom|83/100 tox|[from] psn
|upkeep
|turn|10
|inactive|SirPops has 25 seconds left this turn.
|inactive|SirPops has 20 seconds left.
|
|t:|1757901449
|switch|p2a: og batman|Gliscor, M, shiny|100/100
|move|p1a: Rotom|Thunder|p2a: og batman
|-immune|p2a: og batman
|
|-damage|p1a: Rotom|65/100 tox|[from] psn
|-status|p2a: og batman|tox|[from] item: Toxic Orb
|upkeep
|turn|11
|inactive|SirPops has 30 seconds left this turn.
|
|t:|1757901465
|switch|p2a: Alomomomomomomola|Alomomola, M, shiny|100/100
|move|p1a: Rotom|Blizzard|p2a: Alomomomomomomola
|-resisted|p2a: Alomomomomomomola
|-damage|p2a: Alomomomomomomola|76/100
|
|-damage|p1a: Rotom|41/100 tox|[from] psn
|upkeep
|turn|12
|
|t:|1757901478
|move|p1a: Rotom|Thunder|p2a: Alomomomomomomola|[miss]
|-miss|p1a: Rotom|p2a: Alomomomomomomola
|move|p2a: Alomomomomomomola|Whirlpool|p1a: Rotom|[miss]
|-miss|p2a: Alomomomomomomola|p1a: Rotom
|
|-damage|p1a: Rotom|11/100 tox|[from] psn
|upkeep
|turn|13
|
|t:|1757901486
|move|p2a: Alomomomomomomola|Protect|p2a: Alomomomomomomola
|-singleturn|p2a: Alomomomomomomola|Protect
|move|p1a: Rotom|Blizzard|p2a: Alomomomomomomola
|-activate|p2a: Alomomomomomomola|move: Protect
|
|-damage|p1a: Rotom|0 fnt|[from] psn
|faint|p1a: Rotom
|upkeep
|inactive|SirPops has 30 seconds left.
|inactive|SirPops has 20 seconds left.
|
|t:|1757901523
|switch|p1a: Weezing|Weezing-Galar, F|100/100
|turn|14
|inactive|SirPops has 30 seconds left this turn.
|
|t:|1757901534
|move|p2a: Alomomomomomomola|Protect|p2a: Alomomomomomomola
|-singleturn|p2a: Alomomomomomomola|Protect
|move|p1a: Weezing|Toxic|p2a: Alomomomomomomola
|-activate|p2a: Alomomomomomomola|move: Protect
|
|upkeep
|turn|15
|
|t:|1757901542
|switch|p2a: fidget spinner|Forretress, M, shiny|100/100
|move|p1a: Weezing|Toxic|p2a: fidget spinner
|-immune|p2a: fidget spinner
|
|upkeep
|turn|16
|
|t:|1757901551
|move|p1a: Weezing|Heat Wave|p2a: fidget spinner
|-supereffective|p2a: fidget spinner
|-ability|p2a: fidget spinner|Sturdy
|-damage|p2a: fidget spinner|1/100
|move|p2a: fidget spinner|Iron Head|p1a: Weezing
|-supereffective|p1a: Weezing
|-damage|p1a: Weezing|51/100
|
|upkeep
|turn|17
|
|t:|1757901560
|switch|p2a: Hetrans|Heatran, F, tera:Flying|48/100
|move|p1a: Weezing|Heat Wave|p2a: Hetrans
|-start|p2a: Hetrans|ability: Flash Fire
|
|-heal|p2a: Hetrans|54/100|[from] item: Leftovers
|upkeep
|turn|18
|
|t:|1757901578
|move|p2a: Hetrans|Flamethrower|p1a: Weezing
|-damage|p1a: Weezing|0 fnt
|faint|p1a: Weezing
|
|-heal|p2a: Hetrans|60/100|[from] item: Leftovers
|upkeep
|
|t:|1757901589
|switch|p1a: Honchkrow|Honchkrow, M|100/100
|turn|19
|
|t:|1757901597
|-end|p2a: Hetrans|ability: Flash Fire|[silent]
|switch|p2a: Britney spears|Toxapex, F|100/100
|move|p1a: Honchkrow|Night Slash|p2a: Britney spears
|-crit|p2a: Britney spears
|-damage|p2a: Britney spears|63/100
|
|-heal|p2a: Britney spears|69/100|[from] item: Black Sludge
|upkeep
|turn|20
|
|t:|1757901606
|-terastallize|p1a: Honchkrow|Steel
|move|p1a: Honchkrow|Night Slash|p2a: Britney spears
|-crit|p2a: Britney spears
|-damage|p2a: Britney spears|31/100
|move|p2a: Britney spears|Toxic|p1a: Honchkrow
|-immune|p1a: Honchkrow
|
|-heal|p2a: Britney spears|37/100|[from] item: Black Sludge
|upkeep
|turn|21
|
|t:|1757901620
|switch|p2a: boom x5|Rillaboom, M, shiny|100/100
|-fieldstart|move: Grassy Terrain|[from] ability: Grassy Surge|[of] p2a: boom x5
|move|p1a: Honchkrow|Night Slash|p2a: boom x5
|-crit|p2a: boom x5
|-damage|p2a: boom x5|44/100
|
|-heal|p2a: boom x5|51/100|[from] Grassy Terrain
|upkeep
|turn|22
|
|t:|1757901635
|move|p2a: boom x5|Drain Punch|p1a: Honchkrow
|-supereffective|p1a: Honchkrow
|-damage|p1a: Honchkrow|47/100
|-heal|p2a: boom x5|79/100|[from] drain|[of] p1a: Honchkrow
|move|p1a: Honchkrow|Night Slash|p2a: boom x5
|-crit|p2a: boom x5
|-damage|p2a: boom x5|30/100
|
|-heal|p2a: boom x5|36/100|[from] Grassy Terrain
|-heal|p1a: Honchkrow|53/100|[from] Grassy Terrain
|upkeep
|turn|23
|
|t:|1757901644
|move|p1a: Honchkrow|Sucker Punch|p2a: boom x5
|-crit|p2a: boom x5
|-damage|p2a: boom x5|0 fnt
|faint|p2a: boom x5
|
|-heal|p1a: Honchkrow|59/100|[from] Grassy Terrain
|upkeep
|
|t:|1757901654
|switch|p2a: Hetrans|Heatran, F, tera:Flying|60/100
|turn|24
|
|t:|1757901665
|move|p2a: Hetrans|Flamethrower|p1a: Honchkrow
|-supereffective|p1a: Honchkrow
|-damage|p1a: Honchkrow|0 fnt
|faint|p1a: Honchkrow
|
|-heal|p2a: Hetrans|66/100|[from] item: Leftovers
|upkeep
|
|t:|1757901668
|switch|p1a: Masquerain|Masquerain, M|100/100
|-ability|p1a: Masquerain|Intimidate|boost
|-unboost|p2a: Hetrans|atk|1
|turn|25
|
|t:|1757901677
|move|p1a: Masquerain|Quiver Dance|p1a: Masquerain
|-boost|p1a: Masquerain|spa|1
|-boost|p1a: Masquerain|spd|1
|-boost|p1a: Masquerain|spe|1
|move|p2a: Hetrans|Flamethrower|p1a: Masquerain
|-supereffective|p1a: Masquerain
|-enditem|p1a: Masquerain|Focus Sash
|-damage|p1a: Masquerain|1/100
|
|-heal|p2a: Hetrans|73/100|[from] item: Leftovers
|upkeep
|turn|26
|
|t:|1757901690
|move|p1a: Masquerain|Air Slash|p2a: Hetrans
|-damage|p2a: Hetrans|29/100
|move|p2a: Hetrans|Flamethrower|p1a: Masquerain
|-supereffective|p1a: Masquerain
|-damage|p1a: Masquerain|0 fnt
|faint|p1a: Masquerain
|
|-heal|p2a: Hetrans|35/100|[from] item: Leftovers
|upkeep
|
|t:|1757901694
|switch|p1a: Sawsbuck|Sawsbuck-Autumn, M|100/100
|turn|27
|
|t:|1757901699
|move|p1a: Sawsbuck|Headbutt|p2a: Hetrans
|-damage|p2a: Hetrans|11/100
|cant|p2a: Hetrans|flinch
|
|-heal|p2a: Hetrans|17/100|[from] item: Leftovers
|upkeep
|turn|28
|inactive|SirPops has 120 seconds left.
|
|t:|1757901712
|switch|p2a: og batman|Gliscor, M, shiny|100/100 tox
|move|p1a: Sawsbuck|Headbutt|p2a: og batman
|-damage|p2a: og batman|78/100 tox
|
|-heal|p2a: og batman|90/100 tox|[from] ability: Poison Heal
|-fieldend|move: Grassy Terrain
|upkeep
|turn|29
|inactive|SirPops has 120 seconds left.
|-message|SirPops forfeited.
|
|win|fghjhgfvbn
|raw|SirPops's rating: 1112 &rarr; <strong>1087</strong><br />(-25 for losing)
|raw|fghjhgfvbn's rating: 1108 &rarr; <strong>1133</strong><br />(+25 for winning)
|l|‽SirPops
|player|p1|
|l|☆fghjhgfvbn
|player|p2|
