|j|☆peewee mcgee xxx
|j|☆mansonabuluting
|t:|1757867453
|gametype|singles
|player|p1|peewee mcgee xxx|102|1774
|player|p2|mansonabuluting|bellelba|1707
|gen|9
|tier|[Gen 9] OU
|rated|
|rule|HP Percentage Mod: HP is shown in percentages
|rule|Endless Battle Clause: Forcing endless battles is banned
|rule|Species Clause: Limit one of each Pokémon
|rule|OHKO Clause: OHKO moves are banned
|rule|Evasion Items Clause: Evasion items are banned
|rule|Evasion Moves Clause: Evasion moves are banned
|rule|Evasion Abilities Clause: Evasion abilities are banned
|rule|Sleep Moves Clause: Sleep-inducing moves are banned
|clearpoke
|poke|p1|Alomomola, M|
|poke|p1|Sinistcha-Masterpiece|
|poke|p1|Scizor, F|
|poke|p1|Cinderace, M|
|poke|p1|Zamazenta-*|
|poke|p1|Kyurem|
|poke|p2|Rillaboom, M|
|poke|p2|Hawlucha, F|
|poke|p2|Thundurus-Therian, M|
|poke|p2|Great Tusk|
|poke|p2|Volcanion|
|poke|p2|Goodra-Hisui, F|
|teampreview
|inactive|Battle timer is ON: inactive players will automatically lose when time's up. (requested by peewee mcgee xxx)
|
|t:|1757867497
|teamsize|p1|6
|teamsize|p2|6
|start
|switch|p1a: Kyurem|Kyurem|100/100
|switch|p2a: Volcanion|Volcanion|100/100
|-ability|p1a: Kyurem|Pressure
|turn|1
|inactive|mansonabuluting has 120 seconds left.
|
|t:|1757867532
|switch|p1a: Alomomola|Alomomola, M|100/100
|move|p2a: Volcanion|Overheat|p1a: Alomomola
|-resisted|p1a: Alomomola
|-damage|p1a: Alomomola|73/100
|-unboost|p2a: Volcanion|spa|2
|
|upkeep
|turn|2
|
|t:|1757867535
|switch|p2a: Rillaboom|Rillaboom, M|100/100
|-fieldstart|move: Grassy Terrain|[from] ability: Grassy Surge|[of] p2a: Rillaboom
|move|p1a: Alomomola|Flip Turn|p2a: Rillaboom
|-resisted|p2a: Rillaboom
|-damage|p2a: Rillaboom|93/100
|
|t:|1757867537
|switch|p1a: Kyurem|Kyurem|100/100|[from] Flip Turn
|-ability|p1a: Kyurem|Pressure
|
|-heal|p2a: Rillaboom|99/100|[from] Grassy Terrain
|upkeep
|turn|3
|
|t:|1757867546
|switch|p2a: Goodra|Goodra-Hisui, F|100/100
|move|p1a: Kyurem|Freeze-Dry|p2a: Goodra
|-damage|p2a: Goodra|76/100
|
|-heal|p2a: Goodra|82/100|[from] Grassy Terrain
|upkeep
|turn|4
|
|t:|1757867551
|switch|p1a: Alomomola|Alomomola, M|100/100
|move|p2a: Goodra|Draco Meteor|p1a: Alomomola
|-crit|p1a: Alomomola
|-damage|p1a: Alomomola|48/100
|-unboost|p2a: Goodra|spa|2
|
|-heal|p2a: Goodra|88/100|[from] Grassy Terrain
|-heal|p1a: Alomomola|54/100|[from] Grassy Terrain
|upkeep
|turn|5
|
|t:|1757867566
|switch|p2a: Thundurus|Thundurus-Therian, M|100/100
|switch|p1a: Kyurem|Kyurem|100/100
|-ability|p1a: Kyurem|Pressure
|
|upkeep
|turn|6
|
|t:|1757867570
|move|p2a: Thundurus|Volt Switch|p1a: Kyurem
|-resisted|p1a: Kyurem
|-damage|p1a: Kyurem|79/100
|
|t:|1757867574
|switch|p2a: Volcanion|Volcanion|100/100|[from] Volt Switch
|move|p1a: Kyurem|Ice Beam|p2a: Volcanion
|-resisted|p2a: Volcanion
|-damage|p2a: Volcanion|82/100
|
|-heal|p1a: Kyurem|85/100|[from] Grassy Terrain
|-heal|p2a: Volcanion|88/100|[from] Grassy Terrain
|-fieldend|move: Grassy Terrain
|upkeep
|turn|7
|
|t:|1757867579
|switch|p1a: Alomomola|Alomomola, M|87/100
|move|p2a: Volcanion|Overheat|p1a: Alomomola
|-resisted|p1a: Alomomola
|-damage|p1a: Alomomola|59/100
|-unboost|p2a: Volcanion|spa|2
|
|upkeep
|turn|8
|
|t:|1757867587
|switch|p2a: Rillaboom|Rillaboom, M|99/100
|-fieldstart|move: Grassy Terrain|[from] ability: Grassy Surge|[of] p2a: Rillaboom
|move|p1a: Alomomola|Flip Turn|p2a: Rillaboom
|-resisted|p2a: Rillaboom
|-damage|p2a: Rillaboom|92/100
|
|t:|1757867589
|switch|p1a: Kyurem|Kyurem|85/100|[from] Flip Turn
|-ability|p1a: Kyurem|Pressure
|
|-heal|p1a: Kyurem|91/100|[from] Grassy Terrain
|-heal|p2a: Rillaboom|98/100|[from] Grassy Terrain
|upkeep
|turn|9
|
|t:|1757867595
|switch|p2a: Goodra|Goodra-Hisui, F|88/100
|move|p1a: Kyurem|Earth Power|p2a: Goodra
|-supereffective|p2a: Goodra
|-crit|p2a: Goodra
|-damage|p2a: Goodra|27/100
|
|-heal|p1a: Kyurem|97/100|[from] Grassy Terrain
|-heal|p2a: Goodra|33/100|[from] Grassy Terrain
|upkeep
|turn|10
|
|t:|1757867603
|switch|p1a: Alomomola|Alomomola, M|92/100
|move|p2a: Goodra|Draco Meteor|p1a: Alomomola
|-damage|p1a: Alomomola|60/100
|-unboost|p2a: Goodra|spa|2
|
|-heal|p2a: Goodra|39/100|[from] Grassy Terrain
|-heal|p1a: Alomomola|66/100|[from] Grassy Terrain
|upkeep
|turn|11
|
|t:|1757867613
|switch|p2a: Thundurus|Thundurus-Therian, M|100/100
|switch|p1a: Cinderace|Cinderace, M|100/100
|
|upkeep
|turn|12
|j| wgw2333
|
|t:|1757867618
|move|p2a: Thundurus|Volt Switch|p1a: Cinderace
|-damage|p1a: Cinderace|35/100
|
|t:|1757867624
|switch|p2a: Volcanion|Volcanion|88/100|[from] Volt Switch
|move|p1a: Cinderace|Pyro Ball|p2a: Volcanion
|-resisted|p2a: Volcanion
|-damage|p2a: Volcanion|77/100
|
|-heal|p1a: Cinderace|41/100|[from] Grassy Terrain
|-heal|p2a: Volcanion|83/100|[from] Grassy Terrain
|-fieldend|move: Grassy Terrain
|upkeep
|turn|13
|
|t:|1757867629
|move|p1a: Cinderace|U-turn|p2a: Volcanion
|-start|p1a: Cinderace|typechange|Bug|[from] ability: Libero
|-resisted|p2a: Volcanion
|-crit|p2a: Volcanion
|-damage|p2a: Volcanion|61/100
|
|t:|1757867631
|switch|p1a: Alomomola|Alomomola, M|99/100|[from] U-turn
|move|p2a: Volcanion|Steam Eruption|p1a: Alomomola
|-resisted|p1a: Alomomola
|-damage|p1a: Alomomola|78/100
|
|upkeep
|turn|14
|
|t:|1757867636
|switch|p2a: Rillaboom|Rillaboom, M|98/100
|-fieldstart|move: Grassy Terrain|[from] ability: Grassy Surge|[of] p2a: Rillaboom
|move|p1a: Alomomola|Mirror Coat||[still]
|-fail|p1a: Alomomola
|
|-heal|p2a: Rillaboom|100/100|[from] Grassy Terrain
|-heal|p1a: Alomomola|84/100|[from] Grassy Terrain
|upkeep
|turn|15
|
|t:|1757867652
|switch|p1a: Sinistcha|Sinistcha-Masterpiece|100/100
|move|p2a: Rillaboom|Knock Off|p1a: Sinistcha
|-supereffective|p1a: Sinistcha
|-damage|p1a: Sinistcha|30/100
|-enditem|p1a: Sinistcha|Leftovers|[from] move: Knock Off|[of] p2a: Rillaboom
|
|-heal|p1a: Sinistcha|36/100|[from] Grassy Terrain
|upkeep
|turn|16
|
|t:|1757867661
|move|p2a: Rillaboom|Knock Off|p1a: Sinistcha
|-supereffective|p1a: Sinistcha
|-damage|p1a: Sinistcha|0 fnt
|faint|p1a: Sinistcha
|
|upkeep
|
|t:|1757867664
|switch|p1a: Kyurem|Kyurem|97/100
|-ability|p1a: Kyurem|Pressure
|turn|17
|
|t:|1757867668
|switch|p2a: Goodra|Goodra-Hisui, F|39/100
|move|p1a: Kyurem|Freeze-Dry|p2a: Goodra
|-damage|p2a: Goodra|16/100
|
|-heal|p1a: Kyurem|100/100|[from] Grassy Terrain
|-heal|p2a: Goodra|22/100|[from] Grassy Terrain
|upkeep
|turn|18
|j| firecharmander004
|
|t:|1757867672
|move|p1a: Kyurem|Freeze-Dry|p2a: Goodra
|-damage|p2a: Goodra|0 fnt
|faint|p2a: Goodra
|
|-fieldend|move: Grassy Terrain
|upkeep
|
|t:|1757867676
|switch|p2a: Rillaboom|Rillaboom, M|100/100
|-fieldstart|move: Grassy Terrain|[from] ability: Grassy Surge|[of] p2a: Rillaboom
|turn|19
|j| Golem Rising
|j| Rakshards
|
|t:|1757867693
|switch|p2a: Great Tusk|Great Tusk|100/100
|move|p1a: Kyurem|Freeze-Dry|p2a: Great Tusk
|-supereffective|p2a: Great Tusk
|-damage|p2a: Great Tusk|0 fnt
|faint|p2a: Great Tusk
|-end|p2a: Great Tusk|Protosynthesis|[silent]
|
|upkeep
|
|t:|1757867696
|switch|p2a: Hawlucha|Hawlucha, F|100/100
|-enditem|p2a: Hawlucha|Grassy Seed
|-boost|p2a: Hawlucha|def|1|[from] item: Grassy Seed
|turn|20
|
|t:|1757867705
|move|p2a: Hawlucha|Substitute|p2a: Hawlucha
|-start|p2a: Hawlucha|Substitute
|-damage|p2a: Hawlucha|76/100
|move|p1a: Kyurem|Freeze-Dry|p2a: Hawlucha
|-supereffective|p2a: Hawlucha
|-end|p2a: Hawlucha|Substitute
|
|upkeep
|turn|21
|j| frutillaroja
|l| Rakshards
|
|t:|1757867708
|move|p2a: Hawlucha|Close Combat|p1a: Kyurem
|-supereffective|p1a: Kyurem
|-damage|p1a: Kyurem|0 fnt
|-unboost|p2a: Hawlucha|def|1
|-unboost|p2a: Hawlucha|spd|1
|faint|p1a: Kyurem
|
|upkeep
|
|t:|1757867713
|switch|p1a: Scizor|Scizor, F|100/100
|turn|22
|
|t:|1757867719
|-terastallize|p1a: Scizor|Steel
|move|p1a: Scizor|Bullet Punch|p2a: Hawlucha
|-damage|p2a: Hawlucha|0 fnt
|faint|p2a: Hawlucha
|
|upkeep
|
|t:|1757867727
|switch|p2a: Thundurus|Thundurus-Therian, M|100/100
|turn|23
|
|t:|1757867736
|move|p1a: Scizor|Bullet Punch|p2a: Thundurus
|-resisted|p2a: Thundurus
|-damage|p2a: Thundurus|48/100
|move|p2a: Thundurus|Volt Switch|p1a: Scizor
|-damage|p1a: Scizor|44/100
|
|t:|1757867739
|switch|p2a: Volcanion|Volcanion|61/100|[from] Volt Switch
|
|-heal|p2a: Volcanion|67/100|[from] Grassy Terrain
|-heal|p1a: Scizor|50/100|[from] Grassy Terrain
|-fieldend|move: Grassy Terrain
|upkeep
|turn|24
|
|t:|1757867742
|switch|p1a: Alomomola|Alomomola, M|100/100
|move|p2a: Volcanion|Steam Eruption|p1a: Alomomola
|-resisted|p1a: Alomomola
|-damage|p1a: Alomomola|77/100
|
|upkeep
|turn|25
|
|t:|1757867747
|switch|p2a: Rillaboom|Rillaboom, M|100/100
|-fieldstart|move: Grassy Terrain|[from] ability: Grassy Surge|[of] p2a: Rillaboom
|move|p1a: Alomomola|Flip Turn|p2a: Rillaboom
|-resisted|p2a: Rillaboom
|-damage|p2a: Rillaboom|93/100
|
|t:|1757867749
|switch|p1a: Cinderace|Cinderace, M|41/100|[from] Flip Turn
|
|-heal|p1a: Cinderace|47/100|[from] Grassy Terrain
|-heal|p2a: Rillaboom|99/100|[from] Grassy Terrain
|upkeep
|turn|26
|j| AmGodzchild
|
|t:|1757867756
|switch|p2a: Volcanion|Volcanion|67/100
|move|p1a: Cinderace|U-turn|p2a: Volcanion
|-start|p1a: Cinderace|typechange|Bug|[from] ability: Libero
|-resisted|p2a: Volcanion
|-damage|p2a: Volcanion|53/100
|
|t:|1757867759
|switch|p1a: Zamazenta|Zamazenta|100/100|[from] U-turn
|-ability|p1a: Zamazenta|Dauntless Shield|boost
|-boost|p1a: Zamazenta|def|1
|
|-heal|p2a: Volcanion|59/100|[from] Grassy Terrain
|upkeep
|turn|27
|
|t:|1757867766
|move|p1a: Zamazenta|Body Press|p2a: Volcanion
|-damage|p2a: Volcanion|24/100
|move|p2a: Volcanion|Overheat|p1a: Zamazenta
|-crit|p1a: Zamazenta
|-damage|p1a: Zamazenta|0 fnt
|-unboost|p2a: Volcanion|spa|2
|faint|p1a: Zamazenta
|
|-heal|p2a: Volcanion|30/100|[from] Grassy Terrain
|upkeep
|
|t:|1757867772
|switch|p1a: Cinderace|Cinderace, M|47/100
|turn|28
|
|t:|1757867776
|move|p1a: Cinderace|Pyro Ball|p2a: Volcanion
|-resisted|p2a: Volcanion
|-damage|p2a: Volcanion|18/100
|move|p2a: Volcanion|Overheat|p1a: Cinderace
|-resisted|p1a: Cinderace
|-damage|p1a: Cinderace|9/100
|-unboost|p2a: Volcanion|spa|2
|
|-heal|p1a: Cinderace|15/100|[from] Grassy Terrain
|-heal|p2a: Volcanion|24/100|[from] Grassy Terrain
|upkeep
|turn|29
|
|t:|1757867783
|move|p1a: Cinderace|U-turn|p2a: Volcanion
|-start|p1a: Cinderace|typechange|Bug|[from] ability: Libero
|-resisted|p2a: Volcanion
|-damage|p2a: Volcanion|10/100
|
|t:|1757867785
|switch|p1a: Alomomola|Alomomola, M|100/100|[from] U-turn
|move|p2a: Volcanion|Overheat|p1a: Alomomola
|-resisted|p1a: Alomomola
|-damage|p1a: Alomomola|91/100
|-unboost|p2a: Volcanion|spa|2
|
|-heal|p2a: Volcanion|16/100|[from] Grassy Terrain
|-heal|p1a: Alomomola|97/100|[from] Grassy Terrain
|-fieldend|move: Grassy Terrain
|upkeep
|turn|30
|j| Rakshards
|
|t:|1757867795
|switch|p2a: Rillaboom|Rillaboom, M|99/100
|-fieldstart|move: Grassy Terrain|[from] ability: Grassy Surge|[of] p2a: Rillaboom
|switch|p1a: Cinderace|Cinderace, M|15/100
|
|-heal|p1a: Cinderace|21/100|[from] Grassy Terrain
|-heal|p2a: Rillaboom|100/100|[from] Grassy Terrain
|upkeep
|turn|31
|
|t:|1757867802
|move|p1a: Cinderace|Sucker Punch|p2a: Rillaboom
|-start|p1a: Cinderace|typechange|Dark|[from] ability: Libero
|-damage|p2a: Rillaboom|70/100
|move|p2a: Rillaboom|Grassy Glide|p1a: Cinderace
|-damage|p1a: Cinderace|0 fnt
|faint|p1a: Cinderace
|
|-heal|p2a: Rillaboom|76/100|[from] Grassy Terrain
|upkeep
|
|t:|1757867805
|switch|p1a: Scizor|Scizor, F, tera:Steel|50/100
|turn|32
|
|t:|1757867819
|-terastallize|p2a: Rillaboom|Grass
|move|p2a: Rillaboom|Grassy Glide|p1a: Scizor
|-resisted|p1a: Scizor
|-damage|p1a: Scizor|8/100
|move|p1a: Scizor|Bullet Punch|p2a: Rillaboom
|-damage|p2a: Rillaboom|16/100
|
|-heal|p2a: Rillaboom|22/100|[from] Grassy Terrain
|-heal|p1a: Scizor|14/100|[from] Grassy Terrain
|upkeep
|turn|33
|c|☆mansonabuluting|gg
|l| firecharmander004
|
|t:|1757867831
|switch|p1a: Alomomola|Alomomola, M|100/100
|move|p2a: Rillaboom|Grassy Glide|p1a: Alomomola
|-supereffective|p1a: Alomomola
|-damage|p1a: Alomomola|0 fnt
|faint|p1a: Alomomola
|
|-heal|p2a: Rillaboom|28/100|[from] Grassy Terrain
|upkeep
|
|t:|1757867832
|switch|p1a: Scizor|Scizor, F, tera:Steel|14/100
|turn|34
|
|t:|1757867835
|move|p2a: Rillaboom|Grassy Glide|p1a: Scizor
|-resisted|p1a: Scizor
|-damage|p1a: Scizor|0 fnt
|faint|p1a: Scizor
|
|win|mansonabuluting
|raw|peewee mcgee xxx's rating: 1774 &rarr; <strong>1750</strong><br />(-24 for losing)
|raw|mansonabuluting's rating: 1707 &rarr; <strong>1731</strong><br />(+24 for winning)
|l| Golem Rising
|l|☆mansonabuluting
|player|p2|
|l| frutillaroja
|j| firecharmander004
|l| firecharmander004
|l| Rakshards
|l|☆peewee mcgee xxx
|player|p1|
