|j|☆xinhuo666
|j|☆parashooter15
|t:|1757824326
|gametype|singles
|player|p1|xinhuo666|byron|1209
|player|p2|parashooter15|li|1187
|gen|9
|tier|[Gen 9] OU
|rated|
|rule|HP Percentage Mod: HP is shown in percentages
|rule|Endless Battle Clause: Forcing endless battles is banned
|rule|Species Clause: Limit one of each Pokémon
|rule|OHKO Clause: OHKO moves are banned
|rule|Evasion Items Clause: Evasion items are banned
|rule|Evasion Moves Clause: Evasion moves are banned
|rule|Evasion Abilities Clause: Evasion abilities are banned
|rule|Sleep Moves Clause: Sleep-inducing moves are banned
|clearpoke
|poke|p1|Ursaluna, F|
|poke|p1|Cresselia, F|
|poke|p1|Enamorus-Therian, F|
|poke|p1|Hoopa-Unbound|
|poke|p1|Hattrem, F|
|poke|p1|Ogerpon-Wellspring, F|
|poke|p2|Scizor, F|
|poke|p2|Ceruledge, M|
|poke|p2|Dondozo, M|
|poke|p2|Tornadus-Therian, M|
|poke|p2|Serperior, F|
|poke|p2|Glimmora, F|
|teampreview
|inactive|Battle timer is ON: inactive players will automatically lose when time's up. (requested by xinhuo666)
|
|t:|1757824349
|teamsize|p1|6
|teamsize|p2|6
|start
|switch|p1a: Hattrem|Hattrem, F|100/100
|switch|p2a: Tornadus|Tornadus-Therian, M|100/100
|turn|1
|
|t:|1757824356
|move|p2a: Tornadus|Taunt|p1a: Hattrem
|move|p1a: Hattrem|Taunt|p2a: Tornadus|[from] ability: Magic Bounce
|-start|p2a: Tornadus|move: Taunt
|move|p1a: Hattrem|Trick Room|p1a: Hattrem
|-fieldstart|move: Trick Room|[of] p1a: Hattrem
|
|upkeep
|turn|2
|
|t:|1757824375
|switch|p1a: Ursaluna|Ursaluna, F|100/100
|switch|p2a: Serperior|Serperior, F|100/100
|
|-status|p1a: Ursaluna|brn|[from] item: Flame Orb
|upkeep
|turn|3
|
|t:|1757824385
|-terastallize|p1a: Ursaluna|Normal
|move|p2a: Serperior|Protect|p2a: Serperior
|-singleturn|p2a: Serperior|Protect
|move|p1a: Ursaluna|Facade|p2a: Serperior
|-activate|p2a: Serperior|move: Protect
|
|-damage|p1a: Ursaluna|94/100 brn|[from] brn
|upkeep
|turn|4
|
|t:|1757824396
|switch|p2a: Ceruledge|Ceruledge, M|100/100
|move|p1a: Ursaluna|Facade|p2a: Ceruledge
|-immune|p2a: Ceruledge
|
|-damage|p1a: Ursaluna|88/100 brn|[from] brn
|upkeep
|turn|5
|
|t:|1757824404
|switch|p2a: Glimmora|Glimmora, F|100/100
|move|p1a: Ursaluna|Facade|p2a: Glimmora
|-resisted|p2a: Glimmora
|-damage|p2a: Glimmora|19/100
|-activate|p2a: Glimmora|ability: Toxic Debris
|-sidestart|p1: xinhuo666|move: Toxic Spikes
|
|-damage|p1a: Ursaluna|82/100 brn|[from] brn
|-fieldend|move: Trick Room
|upkeep
|turn|6
|
|t:|1757824417
|switch|p1a: Hattrem|Hattrem, F|100/100
|-status|p1a: Hattrem|psn
|move|p2a: Glimmora|Stealth Rock|p1a: Hattrem
|move|p1a: Hattrem|Stealth Rock|p2a: Glimmora|[from] ability: Magic Bounce
|-sidestart|p2: parashooter15|move: Stealth Rock
|
|-damage|p1a: Hattrem|88/100 psn|[from] psn
|upkeep
|turn|7
|
|t:|1757824428
|move|p2a: Glimmora|Mortal Spin|p1a: Hattrem
|-damage|p1a: Hattrem|83/100 psn
|-sideend|p2: parashooter15|Stealth Rock|[from] move: Mortal Spin|[of] p2a: Glimmora
|move|p1a: Hattrem|Trick Room|p1a: Hattrem
|-fieldstart|move: Trick Room|[of] p1a: Hattrem
|
|-damage|p1a: Hattrem|71/100 psn|[from] psn
|upkeep
|turn|8
|
|t:|1757824440
|switch|p1a: Ursaluna|Ursaluna, F, tera:Normal|82/100 brn
|move|p2a: Glimmora|Mortal Spin|p1a: Ursaluna
|-damage|p1a: Ursaluna|78/100 brn
|
|-damage|p1a: Ursaluna|72/100 brn|[from] brn
|upkeep
|turn|9
|
|t:|1757824448
|move|p2a: Glimmora|Spiky Shield|p2a: Glimmora
|-singleturn|p2a: Glimmora|move: Protect
|move|p1a: Ursaluna|Swords Dance|p1a: Ursaluna
|-boost|p1a: Ursaluna|atk|2
|
|-damage|p1a: Ursaluna|66/100 brn|[from] brn
|upkeep
|turn|10
|
|t:|1757824456
|move|p2a: Glimmora|Spiky Shield|p2a: Glimmora
|-singleturn|p2a: Glimmora|move: Protect
|move|p1a: Ursaluna|Headlong Rush|p2a: Glimmora
|-activate|p2a: Glimmora|move: Protect
|-damage|p1a: Ursaluna|54/100 brn|[from] Spiky Shield|[of] p2a: Glimmora
|
|-damage|p1a: Ursaluna|48/100 brn|[from] brn
|upkeep
|turn|11
|
|t:|1757824469
|-terastallize|p2a: Glimmora|Flying
|move|p1a: Ursaluna|Headlong Rush|p2a: Glimmora
|-immune|p2a: Glimmora
|move|p2a: Glimmora|Stealth Rock|p1a: Ursaluna
|-sidestart|p1: xinhuo666|move: Stealth Rock
|
|-damage|p1a: Ursaluna|42/100 brn|[from] brn
|-fieldend|move: Trick Room
|upkeep
|turn|12
|
|t:|1757824480
|move|p2a: Glimmora|Earth Power|p1a: Ursaluna
|-damage|p1a: Ursaluna|15/100 brn
|move|p1a: Ursaluna|Crunch|p2a: Glimmora
|-damage|p2a: Glimmora|0 fnt
|-activate|p2a: Glimmora|ability: Toxic Debris
|-sidestart|p1: xinhuo666|move: Toxic Spikes
|faint|p2a: Glimmora
|
|-damage|p1a: Ursaluna|9/100 brn|[from] brn
|upkeep
|
|t:|1757824491
|switch|p2a: Serperior|Serperior, F|100/100
|turn|13
|
|t:|1757824495
|switch|p1a: Hattrem|Hattrem, F|71/100 psn
|-damage|p1a: Hattrem|59/100 psn|[from] Stealth Rock
|move|p2a: Serperior|Leaf Storm|p1a: Hattrem
|-damage|p1a: Hattrem|22/100 psn
|-boost|p2a: Serperior|spa|2
|
|-damage|p1a: Hattrem|10/100 psn|[from] psn
|upkeep
|turn|14
|
|t:|1757824506
|move|p2a: Serperior|Giga Drain|p1a: Hattrem
|-damage|p1a: Hattrem|0 fnt
|faint|p1a: Hattrem
|
|upkeep
|
|t:|1757824511
|switch|p1a: Cresselia|Cresselia, F|100/100
|-damage|p1a: Cresselia|88/100|[from] Stealth Rock
|turn|15
|
|t:|1757824519
|move|p2a: Serperior|Protect|p2a: Serperior
|-singleturn|p2a: Serperior|Protect
|move|p1a: Cresselia|Trick Room|p1a: Cresselia
|-fieldstart|move: Trick Room|[of] p1a: Cresselia
|
|upkeep
|turn|16
|
|t:|1757824524
|move|p1a: Cresselia|Ice Beam|p2a: Serperior
|-supereffective|p2a: Serperior
|-damage|p2a: Serperior|61/100
|-status|p2a: Serperior|frz
|cant|p2a: Serperior|frz
|
|upkeep
|turn|17
|
|t:|1757824532
|move|p1a: Cresselia|Ice Beam|p2a: Serperior
|-supereffective|p2a: Serperior
|-damage|p2a: Serperior|20/100 frz
|cant|p2a: Serperior|frz
|
|upkeep
|turn|18
|
|t:|1757824538
|cant|p2a: Serperior|frz
|move|p1a: Cresselia|Ice Beam|p2a: Serperior
|-supereffective|p2a: Serperior
|-damage|p2a: Serperior|0 fnt
|faint|p2a: Serperior
|
|upkeep
|
|t:|1757824549
|switch|p2a: Ceruledge|Ceruledge, M|100/100
|turn|19
|
|t:|1757824554
|move|p1a: Cresselia|Moonlight|p1a: Cresselia
|-heal|p1a: Cresselia|100/100
|move|p2a: Ceruledge|Bitter Blade|p1a: Cresselia
|-damage|p1a: Cresselia|81/100
|
|-fieldend|move: Trick Room
|upkeep
|turn|20
|
|t:|1757824563
|move|p2a: Ceruledge|Bitter Blade|p1a: Cresselia
|-damage|p1a: Cresselia|63/100
|move|p1a: Cresselia|Trick Room|p1a: Cresselia
|-fieldstart|move: Trick Room|[of] p1a: Cresselia
|
|upkeep
|turn|21
|
|t:|1757824570
|switch|p1a: Enamorus|Enamorus-Therian, F|100/100
|-damage|p1a: Enamorus|76/100|[from] Stealth Rock
|move|p2a: Ceruledge|Bitter Blade|p1a: Enamorus
|-damage|p1a: Enamorus|43/100
|
|upkeep
|turn|22
|
|t:|1757824580
|switch|p2a: Tornadus|Tornadus-Therian, M|100/100
|move|p1a: Enamorus|Earth Power|p2a: Tornadus
|-immune|p2a: Tornadus
|
|upkeep
|turn|23
|
|t:|1757824589
|switch|p1a: Cresselia|Cresselia, F|63/100
|-damage|p1a: Cresselia|50/100|[from] Stealth Rock
|move|p2a: Tornadus|Bleakwind Storm|p1a: Cresselia
|-damage|p1a: Cresselia|27/100
|
|upkeep
|turn|24
|
|t:|1757824597
|move|p1a: Cresselia|Lunar Dance|p1a: Cresselia
|faint|p1a: Cresselia
|move|p2a: Tornadus|Taunt|p1: Cresselia|[notarget]
|-fail|p2a: Tornadus
|
|-fieldend|move: Trick Room
|upkeep
|
|t:|1757824601
|switch|p1a: Hoopa|Hoopa-Unbound|100/100
|-status|p1a: Hoopa|tox
|-damage|p1a: Hoopa|88/100 tox|[from] Stealth Rock
|turn|25
|
|t:|1757824609
|move|p2a: Tornadus|U-turn|p1a: Hoopa
|-supereffective|p1a: Hoopa
|-crit|p1a: Hoopa
|-damage|p1a: Hoopa|0 fnt
|faint|p1a: Hoopa
|
|t:|1757824614
|switch|p2a: Scizor|Scizor, F|100/100|[from] U-turn
|
|upkeep
|
|t:|1757824619
|switch|p1a: Ursaluna|Ursaluna, F, tera:Normal|9/100 brn
|-heal|p1a: Ursaluna|100/100|[from] move: Lunar Dance
|-status|p1a: Ursaluna|tox
|-damage|p1a: Ursaluna|88/100 tox|[from] Stealth Rock
|turn|26
|
|t:|1757824627
|move|p2a: Scizor|Swords Dance|p2a: Scizor
|-boost|p2a: Scizor|atk|2
|move|p1a: Ursaluna|Facade|p2a: Scizor
|-resisted|p2a: Scizor
|-damage|p2a: Scizor|11/100
|
|-damage|p1a: Ursaluna|82/100 tox|[from] psn
|upkeep
|turn|27
|
|t:|1757824636
|move|p2a: Scizor|Bullet Punch|p1a: Ursaluna
|-damage|p1a: Ursaluna|39/100 tox
|move|p1a: Ursaluna|Crunch|p2a: Scizor
|-damage|p2a: Scizor|0 fnt
|faint|p2a: Scizor
|
|-damage|p1a: Ursaluna|27/100 tox|[from] psn
|upkeep
|
|t:|1757824646
|switch|p2a: Tornadus|Tornadus-Therian, M|100/100
|turn|28
|
|t:|1757824650
|move|p2a: Tornadus|Bleakwind Storm|p1a: Ursaluna
|-damage|p1a: Ursaluna|0 fnt
|faint|p1a: Ursaluna
|
|upkeep
|
|t:|1757824654
|switch|p1a: Enamorus|Enamorus-Therian, F|43/100
|-damage|p1a: Enamorus|18/100|[from] Stealth Rock
|turn|29
|
|t:|1757824658
|move|p2a: Tornadus|Bleakwind Storm|p1a: Enamorus|[miss]
|-miss|p2a: Tornadus|p1a: Enamorus
|move|p1a: Enamorus|Moonblast|p2a: Tornadus
|-damage|p2a: Tornadus|13/100
|-unboost|p2a: Tornadus|spa|1
|
|upkeep
|turn|30
|
|t:|1757824666
|move|p2a: Tornadus|Bleakwind Storm|p1a: Enamorus
|-damage|p1a: Enamorus|0 fnt
|faint|p1a: Enamorus
|
|upkeep
|
|t:|1757824669
|switch|p1a: Ogerpon|Ogerpon-Wellspring, F|100/100
|-status|p1a: Ogerpon|tox
|-damage|p1a: Ogerpon|88/100 tox|[from] Stealth Rock
|turn|31
|
|t:|1757824676
|move|p2a: Tornadus|Taunt|p1a: Ogerpon
|-start|p1a: Ogerpon|move: Taunt
|move|p1a: Ogerpon|Knock Off|p2a: Tornadus
|-damage|p2a: Tornadus|0 fnt
|-enditem|p2a: Tornadus|Heavy-Duty Boots|[from] move: Knock Off|[of] p1a: Ogerpon
|faint|p2a: Tornadus
|
|-damage|p1a: Ogerpon|82/100 tox|[from] psn
|upkeep
|
|t:|1757824690
|switch|p2a: Dondozo|Dondozo, M|100/100
|turn|32
|
|t:|1757824694
|move|p1a: Ogerpon|Horn Leech|p2a: Dondozo
|-supereffective|p2a: Dondozo
|-damage|p2a: Dondozo|60/100
|-heal|p1a: Ogerpon|100/100 tox|[from] drain|[of] p2a: Dondozo
|move|p2a: Dondozo|Body Press|p1a: Ogerpon
|-damage|p1a: Ogerpon|61/100 tox
|
|-damage|p1a: Ogerpon|50/100 tox|[from] psn
|upkeep
|turn|33
|
|t:|1757824704
|move|p1a: Ogerpon|Horn Leech|p2a: Dondozo
|-supereffective|p2a: Dondozo
|-damage|p2a: Dondozo|15/100
|-heal|p1a: Ogerpon|87/100 tox|[from] drain|[of] p2a: Dondozo
|move|p2a: Dondozo|Rest|p2a: Dondozo
|-status|p2a: Dondozo|slp|[from] move: Rest
|-heal|p2a: Dondozo|100/100 slp|[silent]
|
|-damage|p1a: Ogerpon|69/100 tox|[from] psn
|-end|p1a: Ogerpon|move: Taunt
|upkeep
|turn|34
|
|t:|1757824716
|move|p1a: Ogerpon|Horn Leech|p2a: Dondozo
|-supereffective|p2a: Dondozo
|-damage|p2a: Dondozo|58/100 slp
|-heal|p1a: Ogerpon|100/100 tox|[from] drain|[of] p2a: Dondozo
|cant|p2a: Dondozo|slp
|
|-damage|p1a: Ogerpon|77/100 tox|[from] psn
|upkeep
|turn|35
|
|t:|1757824727
|switch|p2a: Ceruledge|Ceruledge, M|100/100
|move|p1a: Ogerpon|Horn Leech|p2a: Ceruledge
|-resisted|p2a: Ceruledge
|-damage|p2a: Ceruledge|72/100
|-heal|p1a: Ogerpon|94/100 tox|[from] drain|[of] p2a: Ceruledge
|
|-damage|p1a: Ogerpon|64/100 tox|[from] psn
|upkeep
|turn|36
|
|t:|1757824752
|switch|p2a: Dondozo|Dondozo, M|58/100 slp
|move|p1a: Ogerpon|Horn Leech|p2a: Dondozo
|-supereffective|p2a: Dondozo
|-damage|p2a: Dondozo|15/100 slp
|-heal|p1a: Ogerpon|99/100 tox|[from] drain|[of] p2a: Dondozo
|
|-damage|p1a: Ogerpon|64/100 tox|[from] psn
|upkeep
|turn|37
|
|t:|1757824763
|switch|p2a: Ceruledge|Ceruledge, M|72/100
|move|p1a: Ogerpon|Horn Leech|p2a: Ceruledge
|-resisted|p2a: Ceruledge
|-damage|p2a: Ceruledge|42/100
|-heal|p1a: Ogerpon|82/100 tox|[from] drain|[of] p2a: Ceruledge
|
|-damage|p1a: Ogerpon|40/100 tox|[from] psn
|upkeep
|turn|38
|
|t:|1757824774
|move|p2a: Ceruledge|Shadow Sneak|p1a: Ogerpon
|-damage|p1a: Ogerpon|16/100 tox
|move|p1a: Ogerpon|Knock Off|p2a: Ceruledge
|-supereffective|p2a: Ceruledge
|-damage|p2a: Ceruledge|0 fnt
|-enditem|p2a: Ceruledge|Assault Vest|[from] move: Knock Off|[of] p1a: Ogerpon
|faint|p2a: Ceruledge
|
|-damage|p1a: Ogerpon|0 fnt|[from] psn
|faint|p1a: Ogerpon
|
|win|parashooter15
|raw|xinhuo666's rating: 1209 &rarr; <strong>1182</strong><br />(-27 for losing)
|raw|parashooter15's rating: 1187 &rarr; <strong>1214</strong><br />(+27 for winning)
