|j|☆supmydudeee
|j|☆kretchemup
|t:|1757841359
|gametype|singles
|player|p1|supmydudeee|1|1261
|player|p2|kretchemup|lusamine-masters|1329
|gen|9
|tier|[Gen 9] OU
|rated|
|rule|HP Percentage Mod: HP is shown in percentages
|rule|Endless Battle Clause: Forcing endless battles is banned
|rule|Species Clause: Limit one of each Pokémon
|rule|OHKO Clause: OHKO moves are banned
|rule|Evasion Items Clause: Evasion items are banned
|rule|Evasion Moves Clause: Evasion moves are banned
|rule|Evasion Abilities Clause: Evasion abilities are banned
|rule|Sleep Moves Clause: Sleep-inducing moves are banned
|clearpoke
|poke|p1|Samurott-Hisui, F|
|poke|p1|Iron Treads|
|poke|p1|Ceruledge, F|
|poke|p1|Hydrapple, M|
|poke|p1|Zapdos|
|poke|p1|Iron Valiant|
|poke|p2|Feraligatr, F|
|poke|p2|Fezandipiti, M|
|poke|p2|Frosmoth, M|
|poke|p2|Flareon, M|
|poke|p2|Froslass, F|
|poke|p2|Forretress, F|
|teampreview
|inactive|Battle timer is ON: inactive players will automatically lose when time's up. (requested by kretchemup)
|inactive|supmydudeee also wants the timer to be on.
|
|t:|1757841368
|teamsize|p1|6
|teamsize|p2|6
|start
|switch|p1a: Zapdos|Zapdos|100/100
|switch|p2a: Forretrezgeg|Forretress, F|100/100
|turn|1
|
|t:|1757841374
|move|p1a: Zapdos|Discharge|p2a: Forretrezgeg
|-damage|p2a: Forretrezgeg|59/100
|move|p2a: Forretrezgeg|Stealth Rock|p1a: Zapdos
|-sidestart|p1: supmydudeee|move: Stealth Rock
|
|-heal|p2a: Forretrezgeg|65/100|[from] item: Leftovers
|upkeep
|turn|2
|
|t:|1757841385
|move|p1a: Zapdos|Discharge|p2a: Forretrezgeg
|-damage|p2a: Forretrezgeg|23/100
|move|p2a: Forretrezgeg|Spikes|p1a: Zapdos
|-sidestart|p1: supmydudeee|Spikes
|
|-heal|p2a: Forretrezgeg|29/100|[from] item: Leftovers
|upkeep
|turn|3
|
|t:|1757841396
|switch|p1a: Iron Treads|Iron Treads|100/100
|move|p2a: Forretrezgeg|Body Press|p1a: Iron Treads
|-supereffective|p1a: Iron Treads
|-damage|p1a: Iron Treads|49/100
|
|-heal|p2a: Forretrezgeg|35/100|[from] item: Leftovers
|upkeep
|turn|4
|
|t:|1757841405
|switch|p2a: Frozgeg|Froslass, F|100/100
|move|p1a: Iron Treads|Knock Off|p2a: Frozgeg
|-supereffective|p2a: Frozgeg
|-damage|p2a: Frozgeg|22/100
|-start|p1a: Iron Treads|Disable|Knock Off|[from] ability: Cursed Body|[of] p2a: Frozgeg
|-enditem|p2a: Frozgeg|Focus Sash|[from] move: Knock Off|[of] p1a: Iron Treads
|
|upkeep
|turn|5
|
|t:|1757841418
|-end|p1a: Iron Treads|Quark Drive|[silent]
|switch|p1a: Samurott|Samurott-Hisui, F|100/100
|-damage|p1a: Samurott|88/100|[from] Stealth Rock
|-damage|p1a: Samurott|76/100|[from] Spikes
|move|p2a: Frozgeg|Destiny Bond|p2a: Frozgeg
|-singlemove|p2a: Frozgeg|Destiny Bond
|
|upkeep
|turn|6
|
|t:|1757841434
|switch|p1a: Zapdos|Zapdos|100/100
|switch|p2a: Forretrezgeg|Forretress, F|35/100
|
|-heal|p2a: Forretrezgeg|41/100|[from] item: Leftovers
|upkeep
|turn|7
|
|t:|1757841446
|move|p1a: Zapdos|Hurricane|p2a: Forretrezgeg
|-damage|p2a: Forretrezgeg|0 fnt
|faint|p2a: Forretrezgeg
|
|upkeep
|
|t:|1757841454
|switch|p2a: frsikbidi|Frosmoth, M|100/100
|turn|8
|
|t:|1757841458
|move|p1a: Zapdos|U-turn|p2a: frsikbidi
|-damage|p2a: frsikbidi|76/100
|
|t:|1757841461
|switch|p1a: Iron Valiant|Iron Valiant|100/100|[from] U-turn
|-damage|p1a: Iron Valiant|94/100|[from] Stealth Rock
|-damage|p1a: Iron Valiant|82/100|[from] Spikes
|-enditem|p1a: Iron Valiant|Booster Energy
|-activate|p1a: Iron Valiant|ability: Quark Drive|[fromitem]
|-start|p1a: Iron Valiant|quarkdrivespe
|move|p2a: frsikbidi|Quiver Dance|p2a: frsikbidi
|-boost|p2a: frsikbidi|spa|1
|-boost|p2a: frsikbidi|spd|1
|-boost|p2a: frsikbidi|spe|1
|
|-heal|p2a: frsikbidi|82/100|[from] item: Leftovers
|upkeep
|turn|9
|
|t:|1757841479
|-terastallize|p2a: frsikbidi|Fire
|move|p1a: Iron Valiant|Encore|p2a: frsikbidi
|-start|p2a: frsikbidi|Encore
|move|p2a: frsikbidi|Quiver Dance|p2a: frsikbidi
|-boost|p2a: frsikbidi|spa|1
|-boost|p2a: frsikbidi|spd|1
|-boost|p2a: frsikbidi|spe|1
|
|-heal|p2a: frsikbidi|88/100|[from] item: Leftovers
|upkeep
|turn|10
|
|t:|1757841490
|-end|p1a: Iron Valiant|Quark Drive|[silent]
|switch|p1a: Iron Treads|Iron Treads|49/100
|move|p2a: frsikbidi|Quiver Dance|p2a: frsikbidi
|-boost|p2a: frsikbidi|spa|1
|-boost|p2a: frsikbidi|spd|1
|-boost|p2a: frsikbidi|spe|1
|
|-heal|p2a: frsikbidi|94/100|[from] item: Leftovers
|upkeep
|turn|11
|
|t:|1757841503
|switch|p2a: Frozgeg|Froslass, F|22/100
|move|p1a: Iron Treads|Earthquake|p2a: Frozgeg
|-damage|p2a: Frozgeg|0 fnt
|-start|p1a: Iron Treads|Disable|Earthquake|[from] ability: Cursed Body|[of] p2a: Frozgeg
|faint|p2a: Frozgeg
|
|upkeep
|
|t:|1757841504
|switch|p2a: Flopaligatr|Feraligatr, F|100/100
|turn|12
|
|t:|1757841514
|-terastallize|p1a: Iron Treads|Water
|move|p1a: Iron Treads|Rapid Spin|p2a: Flopaligatr
|-damage|p2a: Flopaligatr|84/100
|-boost|p1a: Iron Treads|spe|1
|-sideend|p1: supmydudeee|Spikes|[from] move: Rapid Spin|[of] p1a: Iron Treads
|-sideend|p1: supmydudeee|Stealth Rock|[from] move: Rapid Spin|[of] p1a: Iron Treads
|move|p2a: Flopaligatr|Dragon Dance|p2a: Flopaligatr
|-boost|p2a: Flopaligatr|atk|1
|-boost|p2a: Flopaligatr|spe|1
|
|upkeep
|turn|13
|
|t:|1757841524
|move|p1a: Iron Treads|Volt Switch|p2a: Flopaligatr
|-supereffective|p2a: Flopaligatr
|-damage|p2a: Flopaligatr|57/100
|
|t:|1757841531
|-end|p1a: Iron Treads|Quark Drive|[silent]
|switch|p1a: Zapdos|Zapdos|100/100|[from] Volt Switch
|move|p2a: Flopaligatr|Dragon Dance|p2a: Flopaligatr
|-boost|p2a: Flopaligatr|atk|1
|-boost|p2a: Flopaligatr|spe|1
|
|upkeep
|turn|14
|
|t:|1757841539
|move|p2a: Flopaligatr|Ice Punch|p1a: Zapdos
|-supereffective|p1a: Zapdos
|-damage|p1a: Zapdos|0 fnt
|faint|p1a: Zapdos
|
|upkeep
|
|t:|1757841546
|switch|p1a: Ceruledge|Ceruledge, F|100/100
|turn|15
|
|t:|1757841551
|move|p2a: Flopaligatr|Liquidation|p1a: Ceruledge
|-supereffective|p1a: Ceruledge
|-enditem|p1a: Ceruledge|Focus Sash
|-damage|p1a: Ceruledge|1/100
|-ability|p1a: Ceruledge|Weak Armor|boost
|-unboost|p1a: Ceruledge|def|1
|-boost|p1a: Ceruledge|spe|2
|move|p1a: Ceruledge|Close Combat|p2a: Flopaligatr
|-damage|p2a: Flopaligatr|10/100
|-unboost|p1a: Ceruledge|def|1
|-unboost|p1a: Ceruledge|spd|1
|
|upkeep
|turn|16
|
|t:|1757841563
|move|p1a: Ceruledge|Shadow Sneak|p2a: Flopaligatr
|-damage|p2a: Flopaligatr|0 fnt
|faint|p2a: Flopaligatr
|
|upkeep
|inactive|kretchemup has 120 seconds left.
|
|t:|1757841621
|switch|p2a: faisan prime|Fezandipiti, M|100/100
|turn|17
|
|t:|1757841629
|move|p1a: Ceruledge|Bitter Blade|p2a: faisan prime
|-damage|p2a: faisan prime|49/100
|-heal|p1a: Ceruledge|35/100|[from] drain|[of] p2a: faisan prime
|move|p2a: faisan prime|Beat Up|p1a: Ceruledge
|-supereffective|p1a: Ceruledge
|-damage|p1a: Ceruledge|16/100
|-ability|p1a: Ceruledge|Weak Armor|boost
|-unboost|p1a: Ceruledge|def|1
|-boost|p1a: Ceruledge|spe|2
|-status|p1a: Ceruledge|tox|[from] ability: Toxic Chain|[of] p2a: faisan prime
|-supereffective|p1a: Ceruledge
|-damage|p1a: Ceruledge|0 fnt
|faint|p1a: Ceruledge
|-hitcount|p1: Ceruledge|2
|
|upkeep
|
|t:|1757841644
|switch|p1a: Samurott|Samurott-Hisui, F|76/100
|turn|18
|
|t:|1757841648
|move|p1a: Samurott|Aqua Cutter|p2a: faisan prime
|-damage|p2a: faisan prime|0 fnt
|faint|p2a: faisan prime
|
|upkeep
|
|t:|1757841651
|switch|p2a: frsikbidi|Frosmoth, M, tera:Fire|94/100
|turn|19
|
|t:|1757841656
|move|p1a: Samurott|Aqua Cutter|p2a: frsikbidi
|-supereffective|p2a: frsikbidi
|-damage|p2a: frsikbidi|0 fnt
|faint|p2a: frsikbidi
|
|upkeep
|
|t:|1757841657
|switch|p2a: flarezob|Flareon, M|100/100
|turn|20
|
|t:|1757841664
|move|p1a: Samurott|Aqua Cutter|p2a: flarezob
|-supereffective|p2a: flarezob
|-enditem|p2a: flarezob|Focus Sash
|-damage|p2a: flarezob|1/100
|move|p2a: flarezob|Endeavor|p1a: Samurott
|-damage|p1a: Samurott|1/100
|
|upkeep
|turn|21
|
|t:|1757841672
|move|p2a: flarezob|Quick Attack|p1a: Samurott
|-damage|p1a: Samurott|0 fnt
|faint|p1a: Samurott
|
|upkeep
|
|t:|1757841678
|switch|p1a: Iron Treads|Iron Treads, tera:Water|49/100
|turn|22
|
|t:|1757841682
|move|p2a: flarezob|Quick Attack|p1a: Iron Treads
|-damage|p1a: Iron Treads|36/100
|move|p1a: Iron Treads|Rapid Spin|p2a: flarezob
|-damage|p2a: flarezob|0 fnt
|-boost|p1a: Iron Treads|spe|1
|faint|p2a: flarezob
|
|win|supmydudeee
|raw|supmydudeee's rating: 1261 &rarr; <strong>1291</strong><br />(+30 for winning)
|raw|kretchemup's rating: 1329 &rarr; <strong>1305</strong><br />(-24 for losing)
|l|☆kretchemup
|player|p2|
|l|☆supmydudeee
|player|p1|
