|j|☆Buy my book azul
|j|☆Kat_XIII
|t:|1757902713
|gametype|singles
|player|p1|Buy my book azul|diantha-masters|1382
|player|p2|Kat_XIII|rood|1376
|gen|9
|tier|[Gen 9] OU
|rated|
|rule|HP Percentage Mod: HP is shown in percentages
|rule|Endless Battle Clause: Forcing endless battles is banned
|rule|Species Clause: Limit one of each Pokémon
|rule|OHKO Clause: OHKO moves are banned
|rule|Evasion Items Clause: Evasion items are banned
|rule|Evasion Moves Clause: Evasion moves are banned
|rule|Evasion Abilities Clause: Evasion abilities are banned
|rule|Sleep Moves Clause: Sleep-inducing moves are banned
|clearpoke
|poke|p1|Garchomp, F|
|poke|p1|Dragapult, F|
|poke|p1|Samurott-Hisui, M|
|poke|p1|Scizor, M|
|poke|p1|Gholdengo|
|poke|p1|Ting-Lu|
|poke|p2|Gliscor, M|
|poke|p2|Clefable, M|
|poke|p2|Dondozo, M|
|poke|p2|Tornadus-Therian, M|
|poke|p2|Toxapex, F|
|poke|p2|Blissey, F|
|teampreview
|inactive|Battle timer is ON: inactive players will automatically lose when time's up. (requested by Kat_XIII)
|
|t:|1757902727
|teamsize|p1|6
|teamsize|p2|6
|start
|switch|p1a: Dragapult|Dragapult, F, shiny|100/100
|switch|p2a: Gliscor|Gliscor, M|100/100
|turn|1
|
|t:|1757902733
|move|p2a: Gliscor|Protect|p2a: Gliscor
|-singleturn|p2a: Gliscor|Protect
|move|p1a: Dragapult|Will-O-Wisp|p2a: Gliscor
|-activate|p2a: Gliscor|move: Protect
|
|-status|p2a: Gliscor|tox|[from] item: Toxic Orb
|upkeep
|turn|2
|
|t:|1757902738
|move|p1a: Dragapult|Hex|p2a: Gliscor
|-crit|p2a: Gliscor
|-damage|p2a: Gliscor|3/100 tox
|move|p2a: Gliscor|Spikes|p1a: Dragapult
|-sidestart|p1: Buy my book azul|Spikes
|
|-heal|p2a: Gliscor|15/100 tox|[from] ability: Poison Heal
|upkeep
|turn|3
|
|t:|1757902745
|move|p2a: Gliscor|Protect|p2a: Gliscor
|-singleturn|p2a: Gliscor|Protect
|move|p1a: Dragapult|Dragon Darts|p2a: Gliscor
|-activate|p2a: Gliscor|move: Protect
|
|-heal|p2a: Gliscor|28/100 tox|[from] ability: Poison Heal
|upkeep
|turn|4
|
|t:|1757902764
|switch|p2a: Toxapex|Toxapex, F|100/100
|move|p1a: Dragapult|U-turn|p2a: Toxapex
|-resisted|p2a: Toxapex
|-damage|p2a: Toxapex|93/100
|
|t:|1757902770
|switch|p1a: Samurott|Samurott-Hisui, M, shiny|100/100|[from] U-turn
|-damage|p1a: Samurott|88/100|[from] Spikes
|
|upkeep
|turn|5
|
|t:|1757902783
|move|p1a: Samurott|Ceaseless Edge|p2a: Toxapex
|-damage|p2a: Toxapex|57/100
|-sidestart|p2: Kat_XIII|Spikes
|move|p2a: Toxapex|Toxic|p1a: Samurott
|-status|p1a: Samurott|tox
|
|-damage|p1a: Samurott|82/100 tox|[from] psn
|upkeep
|turn|6
|
|t:|1757902794
|switch|p2a: Clefable|Clefable, M|100/100
|move|p1a: Samurott|Knock Off|p2a: Clefable
|-resisted|p2a: Clefable
|-damage|p2a: Clefable|83/100
|-enditem|p2a: Clefable|Leftovers|[from] move: Knock Off|[of] p1a: Samurott
|
|-damage|p1a: Samurott|69/100 tox|[from] psn
|upkeep
|turn|7
|
|t:|1757902802
|move|p1a: Samurott|Razor Shell|p2a: Clefable
|-damage|p2a: Clefable|46/100
|-unboost|p2a: Clefable|def|1
|move|p2a: Clefable|Stealth Rock|p1a: Samurott
|-sidestart|p1: Buy my book azul|move: Stealth Rock
|
|-damage|p1a: Samurott|51/100 tox|[from] psn
|upkeep
|turn|8
|
|t:|1757902811
|move|p2a: Clefable|Protect|p2a: Clefable
|-singleturn|p2a: Clefable|Protect
|move|p1a: Samurott|Ceaseless Edge|p2a: Clefable
|-activate|p2a: Clefable|move: Protect
|
|-damage|p1a: Samurott|26/100 tox|[from] psn
|upkeep
|turn|9
|
|t:|1757902817
|switch|p2a: Toxapex|Toxapex, F|90/100
|move|p1a: Samurott|Razor Shell|p2a: Toxapex
|-resisted|p2a: Toxapex
|-damage|p2a: Toxapex|71/100
|-unboost|p2a: Toxapex|def|1
|
|-damage|p1a: Samurott|0 fnt|[from] psn
|faint|p1a: Samurott
|upkeep
|
|t:|1757902844
|switch|p1a: Ting-Lu|Ting-Lu|100/100
|-damage|p1a: Ting-Lu|88/100|[from] Spikes
|-damage|p1a: Ting-Lu|82/100|[from] Stealth Rock
|-ability|p1a: Ting-Lu|Vessel of Ruin
|turn|10
|
|t:|1757902849
|switch|p2a: Gliscor|Gliscor, M|28/100 tox
|move|p1a: Ting-Lu|Stealth Rock|p2a: Gliscor
|-sidestart|p2: Kat_XIII|move: Stealth Rock
|
|-heal|p1a: Ting-Lu|88/100|[from] item: Leftovers
|-heal|p2a: Gliscor|40/100 tox|[from] ability: Poison Heal
|upkeep
|turn|11
|
|t:|1757902856
|move|p2a: Gliscor|Toxic|p1a: Ting-Lu
|-status|p1a: Ting-Lu|tox
|move|p1a: Ting-Lu|Whirlwind|p2a: Gliscor
|drag|p2a: Dondozo|Dondozo, M|100/100
|
|-heal|p1a: Ting-Lu|94/100 tox|[from] item: Leftovers
|-damage|p1a: Ting-Lu|88/100 tox|[from] psn
|upkeep
|turn|12
|
|t:|1757902865
|move|p1a: Ting-Lu|Ruination|p2a: Dondozo
|-damage|p2a: Dondozo|50/100
|move|p2a: Dondozo|Wave Crash|p1a: Ting-Lu
|-supereffective|p1a: Ting-Lu
|-damage|p1a: Ting-Lu|46/100 tox
|-damage|p2a: Dondozo|36/100|[from] Recoil
|
|-heal|p1a: Ting-Lu|52/100 tox|[from] item: Leftovers
|-damage|p1a: Ting-Lu|39/100 tox|[from] psn
|upkeep
|turn|13
|
|t:|1757902877
|move|p2a: Dondozo|Rest|p2a: Dondozo
|-status|p2a: Dondozo|slp|[from] move: Rest
|-heal|p2a: Dondozo|100/100 slp|[silent]
|move|p1a: Ting-Lu|Whirlwind|p2a: Dondozo
|drag|p2a: Toxapex|Toxapex, F|100/100
|
|-heal|p1a: Ting-Lu|46/100 tox|[from] item: Leftovers
|-damage|p1a: Ting-Lu|27/100 tox|[from] psn
|upkeep
|turn|14
|
|t:|1757902886
|move|p1a: Ting-Lu|Earthquake|p2a: Toxapex
|-supereffective|p2a: Toxapex
|-damage|p2a: Toxapex|43/100
|move|p2a: Toxapex|Infestation|p1a: Ting-Lu
|-supereffective|p1a: Ting-Lu
|-damage|p1a: Ting-Lu|24/100 tox
|-activate|p1a: Ting-Lu|move: Infestation|[of] p2a: Toxapex
|
|-heal|p1a: Ting-Lu|30/100 tox|[from] item: Leftovers
|-damage|p1a: Ting-Lu|6/100 tox|[from] psn
|-damage|p1a: Ting-Lu|0 fnt|[from] move: Infestation|[partiallytrapped]
|faint|p1a: Ting-Lu
|upkeep
|
|t:|1757902901
|switch|p1a: Garchomp|Garchomp, F|100/100
|-damage|p1a: Garchomp|88/100|[from] Spikes
|-damage|p1a: Garchomp|82/100|[from] Stealth Rock
|turn|15
|
|t:|1757902912
|switch|p2a: Dondozo|Dondozo, M|100/100 slp
|move|p1a: Garchomp|Scale Shot|p2a: Dondozo
|-damage|p2a: Dondozo|94/100 slp
|-damage|p2a: Dondozo|87/100 slp
|-damage|p2a: Dondozo|81/100 slp
|-damage|p2a: Dondozo|74/100 slp
|-crit|p2a: Dondozo
|-damage|p2a: Dondozo|63/100 slp
|-hitcount|p2a: Dondozo|5
|-unboost|p1a: Garchomp|def|1
|-boost|p1a: Garchomp|spe|1
|
|upkeep
|turn|16
|
|t:|1757902921
|switch|p1a: Dragapult|Dragapult, F, shiny|100/100
|cant|p2a: Dondozo|slp
|move|p2a: Dondozo|Sleep Talk|p2a: Dondozo
|move|p2a: Dondozo|Curse|p2a: Dondozo|[from] move: Sleep Talk
|-unboost|p2a: Dondozo|spe|1
|-boost|p2a: Dondozo|atk|1
|-boost|p2a: Dondozo|def|1
|
|upkeep
|turn|17
|
|t:|1757902925
|switch|p2a: Blissey|Blissey, F|100/100
|move|p1a: Dragapult|Will-O-Wisp|p2a: Blissey
|-status|p2a: Blissey|brn
|
|-damage|p2a: Blissey|94/100 brn|[from] brn
|upkeep
|turn|18
|inactive|Kat_XIII has 120 seconds left.
|
|t:|1757902979
|-curestatus|p2a: Blissey|brn|[from] ability: Natural Cure
|switch|p2a: Tornadus|Tornadus-Therian, M|100/100
|move|p1a: Dragapult|Dragon Darts|p2a: Tornadus
|-damage|p2a: Tornadus|72/100
|-anim|p1a: Dragapult|Dragon Darts|p2a: Tornadus
|-damage|p2a: Tornadus|42/100
|
|upkeep
|turn|19
|
|t:|1757902987
|switch|p2a: Clefable|Clefable, M|46/100
|move|p1a: Dragapult|Dragon Darts|p2a: Clefable
|-immune|p2a: Clefable
|
|upkeep
|turn|20
|
|t:|1757902991
|move|p1a: Dragapult|Will-O-Wisp|p2a: Clefable
|-status|p2a: Clefable|brn
|move|p2a: Clefable|Wish|p2a: Clefable
|
|upkeep
|turn|21
|
|t:|1757902995
|move|p2a: Clefable|Protect|p2a: Clefable
|-singleturn|p2a: Clefable|Protect
|move|p1a: Dragapult|Hex|p2a: Clefable
|-activate|p2a: Clefable|move: Protect
|
|-heal|p2a: Clefable|96/100 brn|[from] move: Wish|[wisher] Clefable
|upkeep
|turn|22
|
|t:|1757902999
|move|p1a: Dragapult|Hex|p2a: Clefable
|-damage|p2a: Clefable|44/100 brn
|move|p2a: Clefable|Moonblast|p1a: Dragapult
|-supereffective|p1a: Dragapult
|-damage|p1a: Dragapult|11/100
|
|upkeep
|turn|23
|
|t:|1757903019
|move|p2a: Clefable|Protect|p2a: Clefable
|-singleturn|p2a: Clefable|Protect
|move|p1a: Dragapult|Hex|p2a: Clefable
|-activate|p2a: Clefable|move: Protect
|
|upkeep
|turn|24
|
|t:|1757903025
|switch|p2a: Toxapex|Toxapex, F|76/100
|move|p1a: Dragapult|Hex|p2a: Toxapex
|-damage|p2a: Toxapex|59/100
|
|upkeep
|turn|25
|
|t:|1757903034
|switch|p1a: Scizor|Scizor, M|100/100
|-damage|p1a: Scizor|88/100|[from] Spikes
|-damage|p1a: Scizor|76/100|[from] Stealth Rock
|move|p2a: Toxapex|Recover|p2a: Toxapex
|-heal|p2a: Toxapex|100/100
|
|upkeep
|turn|26
|
|t:|1757903040
|move|p1a: Scizor|Knock Off|p2a: Toxapex
|-damage|p2a: Toxapex|61/100
|-enditem|p2a: Toxapex|Heavy-Duty Boots|[from] move: Knock Off|[of] p1a: Scizor
|move|p2a: Toxapex|Infestation|p1a: Scizor
|-resisted|p1a: Scizor
|-damage|p1a: Scizor|74/100
|-activate|p1a: Scizor|move: Infestation|[of] p2a: Toxapex
|
|-damage|p1a: Scizor|62/100|[from] move: Infestation|[partiallytrapped]
|upkeep
|turn|27
|
|t:|1757903048
|move|p1a: Scizor|Knock Off|p2a: Toxapex
|-damage|p2a: Toxapex|30/100
|move|p2a: Toxapex|Recover|p2a: Toxapex
|-heal|p2a: Toxapex|80/100
|
|-damage|p1a: Scizor|50/100|[from] move: Infestation|[partiallytrapped]
|upkeep
|turn|28
|
|t:|1757903060
|move|p1a: Scizor|Knock Off|p2a: Toxapex
|-damage|p2a: Toxapex|52/100
|move|p2a: Toxapex|Recover|p2a: Toxapex
|-heal|p2a: Toxapex|100/100
|
|-damage|p1a: Scizor|37/100|[from] move: Infestation|[partiallytrapped]
|upkeep
|turn|29
|
|t:|1757903075
|move|p1a: Scizor|Knock Off|p2a: Toxapex
|-damage|p2a: Toxapex|72/100
|move|p2a: Toxapex|Infestation|p1a: Scizor
|-resisted|p1a: Scizor
|-crit|p1a: Scizor
|-damage|p1a: Scizor|34/100
|
|-damage|p1a: Scizor|22/100|[from] move: Infestation|[partiallytrapped]
|upkeep
|turn|30
|
|t:|1757903081
|move|p1a: Scizor|Knock Off|p2a: Toxapex
|-damage|p2a: Toxapex|45/100
|move|p2a: Toxapex|Recover|p2a: Toxapex
|-heal|p2a: Toxapex|95/100
|
|-damage|p1a: Scizor|10/100|[from] move: Infestation|[partiallytrapped]
|upkeep
|turn|31
|
|t:|1757903090
|move|p1a: Scizor|Knock Off|p2a: Toxapex
|-damage|p2a: Toxapex|65/100
|move|p2a: Toxapex|Infestation|p1a: Scizor
|-resisted|p1a: Scizor
|-damage|p1a: Scizor|8/100
|
|-end|p1a: Scizor|Infestation|[partiallytrapped]
|upkeep
|turn|32
|
|t:|1757903096
|switch|p1a: Gholdengo|Gholdengo|100/100
|-damage|p1a: Gholdengo|94/100|[from] Stealth Rock
|-item|p1a: Gholdengo|Air Balloon
|move|p2a: Toxapex|Recover|p2a: Toxapex
|-heal|p2a: Toxapex|100/100
|
|upkeep
|turn|33
|
|t:|1757903105
|switch|p2a: Blissey|Blissey, F|94/100
|move|p1a: Gholdengo|Shadow Ball|p2a: Blissey
|-immune|p2a: Blissey
|
|upkeep
|turn|34
|
|t:|1757903108
|move|p1a: Gholdengo|Nasty Plot|p1a: Gholdengo
|-boost|p1a: Gholdengo|spa|2
|move|p2a: Blissey|Heal Bell|p2a: Blissey
|-activate|p2a: Blissey|move: Heal Bell
|-curestatus|p2: Gliscor|tox|[msg]
|-curestatus|p2: Clefable|brn|[msg]
|-curestatus|p2: Dondozo|slp|[msg]
|
|upkeep
|turn|35
|
|t:|1757903123
|switch|p2a: Toxapex|Toxapex, F|100/100
|-damage|p2a: Toxapex|88/100|[from] Spikes
|-damage|p2a: Toxapex|75/100|[from] Stealth Rock
|move|p1a: Gholdengo|Focus Blast|p2a: Toxapex|[miss]
|-miss|p1a: Gholdengo|p2a: Toxapex
|
|upkeep
|turn|36
|
|t:|1757903128
|move|p1a: Gholdengo|Shadow Ball|p2a: Toxapex
|-damage|p2a: Toxapex|17/100
|move|p2a: Toxapex|Infestation|p1a: Gholdengo
|-resisted|p1a: Gholdengo
|-damage|p1a: Gholdengo|94/100
|-activate|p1a: Gholdengo|move: Infestation|[of] p2a: Toxapex
|-enditem|p1a: Gholdengo|Air Balloon
|
|-damage|p1a: Gholdengo|81/100|[from] move: Infestation|[partiallytrapped]
|upkeep
|turn|37
|
|t:|1757903142
|switch|p2a: Blissey|Blissey, F|94/100
|move|p1a: Gholdengo|Nasty Plot|p1a: Gholdengo
|-boost|p1a: Gholdengo|spa|2
|
|-end|p1a: Gholdengo|Infestation|[partiallytrapped]|[silent]
|upkeep
|turn|38
|
|t:|1757903151
|move|p2a: Blissey|Protect|p2a: Blissey
|-singleturn|p2a: Blissey|Protect
|move|p1a: Gholdengo|Make It Rain|p2a: Blissey
|-activate|p2a: Blissey|move: Protect
|
|upkeep
|turn|39
|
|t:|1757903166
|switch|p2a: Toxapex|Toxapex, F|50/100
|-damage|p2a: Toxapex|38/100|[from] Spikes
|-damage|p2a: Toxapex|25/100|[from] Stealth Rock
|move|p1a: Gholdengo|Shadow Ball|p2a: Toxapex
|-damage|p2a: Toxapex|0 fnt
|faint|p2a: Toxapex
|
|upkeep
|
|t:|1757903171
|switch|p2a: Dondozo|Dondozo, M|63/100
|turn|40
|
|t:|1757903176
|move|p1a: Gholdengo|Shadow Ball|p2a: Dondozo
|-damage|p2a: Dondozo|22/100
|move|p2a: Dondozo|Wave Crash|p1a: Gholdengo
|-damage|p1a: Gholdengo|32/100
|-damage|p2a: Dondozo|11/100|[from] Recoil
|
|upkeep
|turn|41
|
|t:|1757903181
|move|p1a: Gholdengo|Shadow Ball|p2a: Dondozo
|-damage|p2a: Dondozo|0 fnt
|faint|p2a: Dondozo
|
|upkeep
|
|t:|1757903182
|switch|p2a: Tornadus|Tornadus-Therian, M|75/100
|turn|42
|inactive|Kat_XIII has 120 seconds left.
|inactive|Buy my book azul has 120 seconds left.
|
|t:|1757903237
|-terastallize|p2a: Tornadus|Fire
|move|p2a: Tornadus|Heat Wave|p1a: Gholdengo
|-supereffective|p1a: Gholdengo
|-crit|p1a: Gholdengo
|-damage|p1a: Gholdengo|0 fnt
|faint|p1a: Gholdengo
|
|upkeep
|
|t:|1757903243
|switch|p1a: Dragapult|Dragapult, F, shiny|11/100
|turn|43
|
|t:|1757903252
|move|p1a: Dragapult|Dragon Darts|p2a: Tornadus
|-damage|p2a: Tornadus|48/100
|-anim|p1a: Dragapult|Dragon Darts|p2a: Tornadus
|-damage|p2a: Tornadus|17/100
|move|p2a: Tornadus|Knock Off|p1a: Dragapult
|-supereffective|p1a: Dragapult
|-crit|p1a: Dragapult
|-damage|p1a: Dragapult|0 fnt
|-enditem|p1a: Dragapult|Heavy-Duty Boots|[from] move: Knock Off|[of] p2a: Tornadus
|faint|p1a: Dragapult
|
|upkeep
|
|t:|1757903259
|switch|p1a: Garchomp|Garchomp, F|82/100
|-damage|p1a: Garchomp|70/100|[from] Spikes
|-damage|p1a: Garchomp|64/100|[from] Stealth Rock
|turn|44
|
|t:|1757903265
|switch|p2a: Clefable|Clefable, M|44/100
|-terastallize|p1a: Garchomp|Fire
|move|p1a: Garchomp|Scale Shot|p2a: Clefable
|-immune|p2a: Clefable
|
|upkeep
|turn|45
|inactive|Buy my book azul has 120 seconds left.
|
|t:|1757903274
|move|p1a: Garchomp|Earthquake|p2a: Clefable
|-damage|p2a: Clefable|0 fnt
|faint|p2a: Clefable
|
|upkeep
|
|t:|1757903294
|switch|p2a: Gliscor|Gliscor, M|40/100
|-damage|p2a: Gliscor|28/100|[from] Stealth Rock
|turn|46
|
|t:|1757903297
|move|p1a: Garchomp|Scale Shot|p2a: Gliscor
|-damage|p2a: Gliscor|19/100
|-damage|p2a: Gliscor|11/100
|-damage|p2a: Gliscor|2/100
|-damage|p2a: Gliscor|0 fnt
|faint|p2a: Gliscor
|-hitcount|p2: Gliscor|4
|-unboost|p1a: Garchomp|def|1
|-boost|p1a: Garchomp|spe|1
|
|upkeep
|-message|Kat_XIII forfeited.
|
|win|Buy my book azul
|raw|Buy my book azul's rating: 1382 &rarr; <strong>1402</strong><br />(+20 for winning)
|raw|Kat_XIII's rating: 1376 &rarr; <strong>1356</strong><br />(-20 for losing)
|l|☆Kat_XIII
|player|p2|
