|inactive|Battle timer is ON: inactive players will automatically lose when time's up.
|t:|1757800719
|gametype|singles
|player|p1|yyyyyfyyyyy|170|
|player|p2|Digo1003M|lucas|
|gen|9
|tier|[Gen 9] OU
|rule|HP Percentage Mod: HP is shown in percentages
|rule|Endless Battle Clause: Forcing endless battles is banned
|rule|Species Clause: Limit one of each Pokémon
|rule|OHKO Clause: OHKO moves are banned
|rule|Evasion Items Clause: Evasion items are banned
|rule|Evasion Moves Clause: Evasion moves are banned
|rule|Evasion Abilities Clause: Evasion abilities are banned
|rule|Sleep Moves Clause: Sleep-inducing moves are banned
|clearpoke
|poke|p1|Ogerpon-Wellspring, F|
|poke|p1|Kingambit, F|
|poke|p1|Landorus-Therian, M|
|poke|p1|Glimmora, F|
|poke|p1|Dragapult, F|
|poke|p1|Iron Valiant|
|poke|p2|Walking Wake|
|poke|p2|Raging Bolt|
|poke|p2|Torkoal, M|
|poke|p2|Kingambit, F|
|poke|p2|Landorus-Therian, M|
|poke|p2|Iron Moth|
|teampreview
|c|☆Digo1003M|hf
|c|☆yyyyyfyyyyy|glhf
|inactive|yyyyyfyyyyy has 270 seconds left.
|inactive|Digo1003M has 270 seconds left.
|
|t:|1757800773
|teamsize|p1|6
|teamsize|p2|6
|start
|switch|p1a: Landorus|Landorus-Therian, M|100/100
|switch|p2a: Landorus|Landorus-Therian, M|100/100
|-ability|p1a: Landorus|Intimidate|boost
|-unboost|p2a: Landorus|atk|1
|-ability|p2a: Landorus|Intimidate|boost
|-unboost|p1a: Landorus|atk|1
|turn|1
|
|t:|1757800784
|-terastallize|p2a: Landorus|Ice
|move|p1a: Landorus|Stealth Rock|p2a: Landorus
|-sidestart|p2: Digo1003M|move: Stealth Rock
|move|p2a: Landorus|Tera Blast|p1a: Landorus|[anim] Tera Blast Ice
|-supereffective|p1a: Landorus
|-damage|p1a: Landorus|0 fnt
|faint|p1a: Landorus
|
|upkeep
|inactive|yyyyyfyyyyy has 270 seconds left.
|
|t:|1757800830
|switch|p1a: Dragapult|Dragapult, F, shiny|100/100
|turn|2
|
|t:|1757800850
|move|p1a: Dragapult|Flamethrower|p2a: Landorus
|-supereffective|p2a: Landorus
|-damage|p2a: Landorus|50/100
|move|p2a: Landorus|Tera Blast|p1a: Dragapult|[anim] Tera Blast Ice
|-supereffective|p1a: Dragapult
|-damage|p1a: Dragapult|15/100
|
|upkeep
|turn|3
|
|t:|1757800860
|switch|p2a: Walking Wake|Walking Wake|100/100
|-damage|p2a: Walking Wake|88/100|[from] Stealth Rock
|move|p1a: Dragapult|Flamethrower|p2a: Walking Wake
|-resisted|p2a: Walking Wake
|-damage|p2a: Walking Wake|76/100
|
|upkeep
|turn|4
|
|t:|1757800876
|switch|p1a: Ogerpon|Ogerpon-Wellspring, F|100/100
|move|p2a: Walking Wake|Draco Meteor|p1a: Ogerpon
|-damage|p1a: Ogerpon|0 fnt
|-unboost|p2a: Walking Wake|spa|2
|faint|p1a: Ogerpon
|
|upkeep
|inactive|yyyyyfyyyyy has 240 seconds left.
|inactive|yyyyyfyyyyy has 210 seconds left.
|
|t:|1757800936
|switch|p1a: Iron Valiant|Iron Valiant|100/100
|-enditem|p1a: Iron Valiant|Booster Energy
|-activate|p1a: Iron Valiant|ability: Quark Drive|[fromitem]
|-start|p1a: Iron Valiant|quarkdrivespe
|turn|5
|
|t:|1757800947
|-end|p2a: Walking Wake|Protosynthesis|[silent]
|switch|p2a: Torkoal|Torkoal, M|100/100
|-damage|p2a: Torkoal|76/100|[from] Stealth Rock
|-weather|SunnyDay|[from] ability: Drought|[of] p2a: Torkoal
|move|p1a: Iron Valiant|Swords Dance|p1a: Iron Valiant
|-boost|p1a: Iron Valiant|atk|2
|
|-weather|SunnyDay|[upkeep]
|upkeep
|turn|6
|
|t:|1757800967
|move|p1a: Iron Valiant|Knock Off|p2a: Torkoal
|-damage|p2a: Torkoal|30/100
|-enditem|p2a: Torkoal|Heat Rock|[from] move: Knock Off|[of] p1a: Iron Valiant
|move|p2a: Torkoal|Will-O-Wisp|p1a: Iron Valiant
|-status|p1a: Iron Valiant|brn
|
|-weather|SunnyDay|[upkeep]
|-damage|p1a: Iron Valiant|94/100 brn|[from] brn
|upkeep
|turn|7
|
|t:|1757800974
|switch|p2a: Landorus|Landorus-Therian, M, tera:Ice|50/100
|-damage|p2a: Landorus|25/100|[from] Stealth Rock
|-ability|p2a: Landorus|Intimidate|boost
|-unboost|p1a: Iron Valiant|atk|1
|move|p1a: Iron Valiant|Encore||[still]
|-fail|p1a: Iron Valiant
|
|-weather|SunnyDay|[upkeep]
|-damage|p1a: Iron Valiant|88/100 brn|[from] brn
|upkeep
|turn|8
|
|t:|1757800980
|move|p1a: Iron Valiant|Spirit Break|p2a: Landorus
|-damage|p2a: Landorus|0 fnt
|faint|p2a: Landorus
|
|-weather|SunnyDay|[upkeep]
|-damage|p1a: Iron Valiant|82/100 brn|[from] brn
|upkeep
|
|t:|1757800984
|switch|p2a: Iron Moth|Iron Moth|100/100
|-damage|p2a: Iron Moth|76/100|[from] Stealth Rock
|-enditem|p2a: Iron Moth|Booster Energy
|-activate|p2a: Iron Moth|ability: Quark Drive|[fromitem]
|-start|p2a: Iron Moth|quarkdrivespe
|turn|9
|inactive|yyyyyfyyyyy has 210 seconds left.
|
|t:|1757800998
|move|p1a: Iron Valiant|Knock Off|p2a: Iron Moth
|-damage|p2a: Iron Moth|53/100
|move|p2a: Iron Moth|Fiery Dance|p1a: Iron Valiant
|-damage|p1a: Iron Valiant|0 fnt
|-boost|p2a: Iron Moth|spa|1
|faint|p1a: Iron Valiant
|-end|p1a: Iron Valiant|Quark Drive|[silent]
|
|-weather|SunnyDay|[upkeep]
|upkeep
|
|t:|1757801006
|switch|p1a: Glimmora|Glimmora, F|100/100
|turn|10
|
|t:|1757801011
|move|p2a: Iron Moth|Fiery Dance|p1a: Glimmora
|-resisted|p1a: Glimmora
|-damage|p1a: Glimmora|45/100
|move|p1a: Glimmora|Meteor Beam||[still]
|-prepare|p1a: Glimmora|Meteor Beam
|-boost|p1a: Glimmora|spa|1
|-enditem|p1a: Glimmora|Power Herb
|-anim|p1a: Glimmora|Meteor Beam|p2a: Iron Moth
|-supereffective|p2a: Iron Moth
|-damage|p2a: Iron Moth|0 fnt
|faint|p2a: Iron Moth
|-end|p2a: Iron Moth|Quark Drive|[silent]
|
|-weather|SunnyDay|[upkeep]
|upkeep
|
|t:|1757801017
|switch|p2a: Walking Wake|Walking Wake|76/100
|-damage|p2a: Walking Wake|64/100|[from] Stealth Rock
|-activate|p2a: Walking Wake|ability: Protosynthesis
|-start|p2a: Walking Wake|protosynthesisspa
|turn|11
|
|t:|1757801023
|move|p2a: Walking Wake|Hydro Steam|p1a: Glimmora
|-supereffective|p1a: Glimmora
|-damage|p1a: Glimmora|0 fnt
|faint|p1a: Glimmora
|
|-weather|SunnyDay|[upkeep]
|upkeep
|
|t:|1757801028
|switch|p1a: Dragapult|Dragapult, F, shiny|15/100
|turn|12
|inactive|yyyyyfyyyyy has 210 seconds left.
|
|t:|1757801059
|move|p1a: Dragapult|Draco Meteor|p2a: Walking Wake
|-supereffective|p2a: Walking Wake
|-damage|p2a: Walking Wake|0 fnt
|-unboost|p1a: Dragapult|spa|2
|faint|p2a: Walking Wake
|-end|p2a: Walking Wake|Protosynthesis|[silent]
|
|-weather|none
|upkeep
|
|t:|1757801062
|switch|p2a: Kingambit|Kingambit, F|100/100
|-damage|p2a: Kingambit|94/100|[from] Stealth Rock
|-activate|p2a: Kingambit|ability: Supreme Overlord
|-start|p2a: Kingambit|fallen3|[silent]
|-item|p2a: Kingambit|Air Balloon
|turn|13
|
|t:|1757801072
|move|p1a: Dragapult|Draco Meteor|p2a: Kingambit
|-resisted|p2a: Kingambit
|-damage|p2a: Kingambit|69/100
|-unboost|p1a: Dragapult|spa|2
|-enditem|p2a: Kingambit|Air Balloon
|move|p2a: Kingambit|Kowtow Cleave|p1a: Dragapult
|-supereffective|p1a: Dragapult
|-damage|p1a: Dragapult|0 fnt
|faint|p1a: Dragapult
|
|upkeep
|
|t:|1757801079
|switch|p1a: Kingambit|Kingambit, F|100/100
|-activate|p1a: Kingambit|ability: Supreme Overlord
|-start|p1a: Kingambit|fallen5|[silent]
|turn|14
|inactive|yyyyyfyyyyy has 210 seconds left.
|inactive|yyyyyfyyyyy has 180 seconds left.
|
|t:|1757801127
|move|p2a: Kingambit|Low Kick|p1a: Kingambit
|-supereffective|p1a: Kingambit
|-damage|p1a: Kingambit|0 fnt
|faint|p1a: Kingambit
|-end|p1a: Kingambit|fallen5|[silent]
|
|win|Digo1003M
|c|☆Digo1003M|gg
|c|☆Digo1003M|adv now right
|c|☆yyyyyfyyyyy|gg wil chall gen 3
|c|☆yyyyyfyyyyy|yea
