|j|☆leosyspu
|j|☆Nebmeister
|t:|1757942640
|gametype|singles
|player|p1|leosyspu|cynthia|1413
|player|p2|Nebmeister|102|1462
|gen|9
|tier|[Gen 9] OU
|rated|
|rule|HP Percentage Mod: HP is shown in percentages
|rule|Endless Battle Clause: Forcing endless battles is banned
|rule|Species Clause: Limit one of each Pokémon
|rule|OHKO Clause: OHKO moves are banned
|rule|Evasion Items Clause: Evasion items are banned
|rule|Evasion Moves Clause: Evasion moves are banned
|rule|Evasion Abilities Clause: Evasion abilities are banned
|rule|Sleep Moves Clause: Sleep-inducing moves are banned
|clearpoke
|poke|p1|Heracross, M|
|poke|p1|Pelipper, M|
|poke|p1|Gholdengo|
|poke|p1|Gliscor, M|
|poke|p1|Dragonite, M|
|poke|p1|Kingdra, M|
|poke|p2|Iron Crown|
|poke|p2|Meowscarada, M|
|poke|p2|Great Tusk|
|poke|p2|Pecharunt|
|poke|p2|Ting-Lu|
|poke|p2|Iron Valiant|
|teampreview
|inactive|Battle timer is ON: inactive players will automatically lose when time's up. (requested by leosyspu)
|
|t:|1757942657
|teamsize|p1|6
|teamsize|p2|6
|start
|switch|p1a: 铁甲卡布达|Heracross, M|100/100
|switch|p2a: Ting-Lu|Ting-Lu|100/100
|-ability|p2a: Ting-Lu|Vessel of Ruin
|turn|1
|
|t:|1757942664
|move|p1a: 铁甲卡布达|Trailblaze|p2a: Ting-Lu
|-supereffective|p2a: Ting-Lu
|-damage|p2a: Ting-Lu|81/100
|-boost|p1a: 铁甲卡布达|spe|1
|move|p2a: Ting-Lu|Stealth Rock|p1a: 铁甲卡布达
|-sidestart|p1: leosyspu|move: Stealth Rock
|
|-heal|p2a: Ting-Lu|87/100|[from] item: Leftovers
|-status|p1a: 铁甲卡布达|brn|[from] item: Flame Orb
|upkeep
|turn|2
|
|t:|1757942676
|switch|p2a: Pecharunt|Pecharunt|100/100
|move|p1a: 铁甲卡布达|Knock Off|p2a: Pecharunt
|-supereffective|p2a: Pecharunt
|-damage|p2a: Pecharunt|54/100
|-enditem|p2a: Pecharunt|Heavy-Duty Boots|[from] move: Knock Off|[of] p1a: 铁甲卡布达
|
|-damage|p1a: 铁甲卡布达|95/100 brn|[from] brn
|upkeep
|turn|3
|
|t:|1757942685
|move|p1a: 铁甲卡布达|Knock Off|p2a: Pecharunt
|-supereffective|p2a: Pecharunt
|-damage|p2a: Pecharunt|23/100
|move|p2a: Pecharunt|Recover|p2a: Pecharunt
|-heal|p2a: Pecharunt|73/100
|
|-damage|p1a: 铁甲卡布达|89/100 brn|[from] brn
|upkeep
|turn|4
|
|t:|1757942695
|move|p1a: 铁甲卡布达|Knock Off|p2a: Pecharunt
|-supereffective|p2a: Pecharunt
|-damage|p2a: Pecharunt|40/100
|move|p2a: Pecharunt|Recover|p2a: Pecharunt
|-heal|p2a: Pecharunt|90/100
|
|-damage|p1a: 铁甲卡布达|83/100 brn|[from] brn
|upkeep
|turn|5
|
|t:|1757942709
|move|p1a: 铁甲卡布达|Knock Off|p2a: Pecharunt
|-supereffective|p2a: Pecharunt
|-damage|p2a: Pecharunt|59/100
|move|p2a: Pecharunt|Parting Shot|p1a: 铁甲卡布达
|-unboost|p1a: 铁甲卡布达|atk|1
|-unboost|p1a: 铁甲卡布达|spa|1
|
|t:|1757942717
|switch|p2a: Iron Valiant|Iron Valiant|100/100|[from] Parting Shot
|-enditem|p2a: Iron Valiant|Booster Energy
|-activate|p2a: Iron Valiant|ability: Quark Drive|[fromitem]
|-start|p2a: Iron Valiant|quarkdrivespe
|
|-damage|p1a: 铁甲卡布达|77/100 brn|[from] brn
|upkeep
|turn|6
|
|t:|1757942726
|move|p2a: Iron Valiant|Moonblast|p1a: 铁甲卡布达
|-supereffective|p1a: 铁甲卡布达
|-damage|p1a: 铁甲卡布达|0 fnt
|faint|p1a: 铁甲卡布达
|
|upkeep
|
|t:|1757942733
|switch|p1a: 易拉罐超人o|Gholdengo|100/100
|-damage|p1a: 易拉罐超人o|94/100|[from] Stealth Rock
|turn|7
|
|t:|1757942738
|-end|p2a: Iron Valiant|Quark Drive|[silent]
|switch|p2a: Ting-Lu|Ting-Lu|87/100
|-ability|p2a: Ting-Lu|Vessel of Ruin
|move|p1a: 易拉罐超人o|Trick|p2a: Ting-Lu
|-activate|p1a: 易拉罐超人o|move: Trick|[of] p2a: Ting-Lu
|-item|p2a: Ting-Lu|Choice Scarf|[from] move: Trick
|-item|p1a: 易拉罐超人o|Leftovers|[from] move: Trick
|
|-heal|p1a: 易拉罐超人o|100/100|[from] item: Leftovers
|upkeep
|turn|8
|
|t:|1757942751
|move|p1a: 易拉罐超人o|Shadow Ball|p2a: Ting-Lu
|-resisted|p2a: Ting-Lu
|-crit|p2a: Ting-Lu
|-damage|p2a: Ting-Lu|75/100
|move|p2a: Ting-Lu|Ruination|p1a: 易拉罐超人o
|-damage|p1a: 易拉罐超人o|50/100
|
|-heal|p1a: 易拉罐超人o|57/100|[from] item: Leftovers
|upkeep
|turn|9
|
|t:|1757942762
|move|p1a: 易拉罐超人o|Shadow Ball|p2a: Ting-Lu
|-resisted|p2a: Ting-Lu
|-crit|p2a: Ting-Lu
|-damage|p2a: Ting-Lu|62/100
|move|p2a: Ting-Lu|Ruination|p1a: 易拉罐超人o
|-damage|p1a: 易拉罐超人o|29/100
|
|-heal|p1a: 易拉罐超人o|35/100|[from] item: Leftovers
|upkeep
|turn|10
|
|t:|1757942771
|switch|p2a: Meowscarada|Meowscarada, M|100/100
|move|p1a: 易拉罐超人o|Shadow Ball|p2a: Meowscarada
|-resisted|p2a: Meowscarada
|-damage|p2a: Meowscarada|68/100
|
|-heal|p1a: 易拉罐超人o|41/100|[from] item: Leftovers
|upkeep
|turn|11
|
|t:|1757942780
|switch|p1a: 最快最强技最多|Pelipper, M|100/100
|-damage|p1a: 最快最强技最多|76/100|[from] Stealth Rock
|-weather|RainDance|[from] ability: Drizzle|[of] p1a: 最快最强技最多
|move|p2a: Meowscarada|Knock Off|p1a: 最快最强技最多
|-start|p2a: Meowscarada|typechange|Dark|[from] ability: Protean
|-damage|p1a: 最快最强技最多|27/100
|-enditem|p1a: 最快最强技最多|Damp Rock|[from] move: Knock Off|[of] p2a: Meowscarada
|
|-weather|RainDance|[upkeep]
|upkeep
|turn|12
|
|t:|1757942801
|move|p2a: Meowscarada|Knock Off|p1a: 最快最强技最多
|-damage|p1a: 最快最强技最多|0 fnt
|faint|p1a: 最快最强技最多
|
|-weather|RainDance|[upkeep]
|upkeep
|
|t:|1757942807
|switch|p1a: 东海水泡王|Kingdra, M|100/100
|-damage|p1a: 东海水泡王|88/100|[from] Stealth Rock
|turn|13
|
|t:|1757942814
|switch|p2a: Ting-Lu|Ting-Lu|62/100
|-ability|p2a: Ting-Lu|Vessel of Ruin
|move|p1a: 东海水泡王|Weather Ball|p2a: Ting-Lu
|-supereffective|p2a: Ting-Lu
|-damage|p2a: Ting-Lu|0 fnt
|faint|p2a: Ting-Lu
|
|-weather|RainDance|[upkeep]
|upkeep
|
|t:|1757942816
|switch|p2a: Pecharunt|Pecharunt|59/100
|turn|14
|
|t:|1757942827
|-terastallize|p1a: 东海水泡王|Water
|move|p1a: 东海水泡王|Weather Ball|p2a: Pecharunt
|-damage|p2a: Pecharunt|0 fnt
|faint|p2a: Pecharunt
|
|-weather|RainDance|[upkeep]
|upkeep
|
|t:|1757942833
|switch|p2a: Meowscarada|Meowscarada, M|68/100
|turn|15
|
|t:|1757942837
|move|p1a: 东海水泡王|Weather Ball|p2a: Meowscarada
|-resisted|p2a: Meowscarada
|-damage|p2a: Meowscarada|0 fnt
|faint|p2a: Meowscarada
|
|-weather|RainDance|[upkeep]
|upkeep
|-message|Nebmeister forfeited.
|
|win|leosyspu
|raw|leosyspu's rating: 1413 &rarr; <strong>1436</strong><br />(+23 for winning)
|raw|Nebmeister's rating: 1462 &rarr; <strong>1439</strong><br />(-23 for losing)
|l|☆Nebmeister
|player|p2|
|l|☆leosyspu
|player|p1|
