|j|☆ABraviousTinkaton
|j|☆Spyro190 testing
|t:|1757871263
|gametype|singles
|player|p1|ABraviousTinkaton|miku-ice|1596
|player|p2|Spyro190 testing|bugcatcher-gen4dp|1611
|gen|9
|tier|[Gen 9] OU
|rated|
|rule|HP Percentage Mod: HP is shown in percentages
|rule|Endless Battle Clause: Forcing endless battles is banned
|rule|Species Clause: Limit one of each Pokémon
|rule|OHKO Clause: OHKO moves are banned
|rule|Evasion Items Clause: Evasion items are banned
|rule|Evasion Moves Clause: Evasion moves are banned
|rule|Evasion Abilities Clause: Evasion abilities are banned
|rule|Sleep Moves Clause: Sleep-inducing moves are banned
|clearpoke
|poke|p1|Kyurem|
|poke|p1|Corviknight, M|
|poke|p1|Ting-Lu|
|poke|p1|Dondozo, F|
|poke|p1|Slowking-Galar, L99, F|
|poke|p1|Cinderace, F|
|poke|p2|Enamorus, F|
|poke|p2|Slowking-Galar, M|
|poke|p2|Cinderace, M|
|poke|p2|Alomomola, F|
|poke|p2|Lokix, F|
|poke|p2|Great Tusk|
|teampreview
|inactive|Battle timer is ON: inactive players will automatically lose when time's up. (requested by Spyro190 testing)
|
|t:|1757871276
|teamsize|p1|6
|teamsize|p2|6
|start
|switch|p1a: Kyurem|Kyurem|100/100
|switch|p2a: Slowking|Slowking-Galar, M|100/100
|-ability|p1a: Kyurem|Pressure
|turn|1
|
|t:|1757871281
|move|p1a: Kyurem|Substitute|p1a: Kyurem
|-start|p1a: Kyurem|Substitute
|-damage|p1a: Kyurem|75/100
|move|p2a: Slowking|Future Sight|p1a: Kyurem
|-start|p2a: Slowking|move: Future Sight
|
|-heal|p1a: Kyurem|82/100|[from] item: Leftovers
|upkeep
|turn|2
|
|t:|1757871288
|move|p1a: Kyurem|Earth Power|p2a: Slowking
|-supereffective|p2a: Slowking
|-enditem|p2a: Slowking|Shuca Berry|[eat]
|-enditem|p2a: Slowking|Shuca Berry|[weaken]
|-damage|p2a: Slowking|78/100
|move|p2a: Slowking|Sludge Bomb|p1a: Kyurem
|-end|p1a: Kyurem|Substitute
|
|-heal|p1a: Kyurem|88/100|[from] item: Leftovers
|upkeep
|turn|3
|
|t:|1757871296
|switch|p1a: Ting-Lu|Ting-Lu|100/100
|-ability|p1a: Ting-Lu|Vessel of Ruin
|move|p2a: Slowking|Sludge Bomb|p1a: Ting-Lu
|-resisted|p1a: Ting-Lu
|-damage|p1a: Ting-Lu|93/100
|
|-end|p1a: Ting-Lu|move: Future Sight
|-immune|p1a: Ting-Lu
|-heal|p1a: Ting-Lu|99/100|[from] item: Leftovers
|upkeep
|turn|4
|
|t:|1757871302
|switch|p1a: Kyurem|Kyurem|88/100
|-ability|p1a: Kyurem|Pressure
|switch|p2a: Alomomola|Alomomola, F|100/100
|
|-heal|p1a: Kyurem|94/100|[from] item: Leftovers
|upkeep
|turn|5
|
|t:|1757871305
|move|p1a: Kyurem|Substitute|p1a: Kyurem
|-start|p1a: Kyurem|Substitute
|-damage|p1a: Kyurem|69/100
|move|p2a: Alomomola|Flip Turn|p1a: Kyurem
|-resisted|p1a: Kyurem
|-activate|p1a: Kyurem|move: Substitute|[damage]
|
|t:|1757871312
|switch|p2a: Cinderace|Cinderace, M|100/100|[from] Flip Turn
|
|-heal|p1a: Kyurem|75/100|[from] item: Leftovers
|upkeep
|turn|6
|
|t:|1757871314
|move|p1a: Kyurem|Protect|p1a: Kyurem
|-singleturn|p1a: Kyurem|Protect
|move|p2a: Cinderace|U-turn|p1a: Kyurem
|-activate|p1a: Kyurem|move: Protect
|
|-heal|p1a: Kyurem|81/100|[from] item: Leftovers
|upkeep
|turn|7
|
|t:|1757871316
|move|p2a: Cinderace|U-turn|p1a: Kyurem
|-activate|p1a: Kyurem|move: Substitute|[damage]
|
|t:|1757871319
|switch|p2a: Alomomola|Alomomola, F|100/100|[from] U-turn
|move|p1a: Kyurem|Freeze-Dry|p2a: Alomomola
|-supereffective|p2a: Alomomola
|-damage|p2a: Alomomola|66/100
|
|-heal|p1a: Kyurem|88/100|[from] item: Leftovers
|upkeep
|turn|8
|
|t:|1757871327
|switch|p2a: Slowking|Slowking-Galar, M|100/100
|move|p1a: Kyurem|Protect||[still]
|-fail|p1a: Kyurem
|
|-heal|p1a: Kyurem|94/100|[from] item: Leftovers
|upkeep
|turn|9
|
|t:|1757871333
|move|p1a: Kyurem|Earth Power|p2a: Slowking
|-supereffective|p2a: Slowking
|-damage|p2a: Slowking|55/100
|move|p2a: Slowking|Sludge Bomb|p1a: Kyurem
|-end|p1a: Kyurem|Substitute
|
|-heal|p1a: Kyurem|99/100|[from] item: Leftovers
|upkeep
|turn|10
|
|t:|1757871336
|switch|p2a: Alomomola|Alomomola, F|99/100
|move|p1a: Kyurem|Substitute|p1a: Kyurem
|-start|p1a: Kyurem|Substitute
|-damage|p1a: Kyurem|75/100
|
|-heal|p1a: Kyurem|81/100|[from] item: Leftovers
|upkeep
|turn|11
|
|t:|1757871344
|move|p1a: Kyurem|Freeze-Dry|p2a: Alomomola
|-supereffective|p2a: Alomomola
|-damage|p2a: Alomomola|64/100
|move|p2a: Alomomola|Flip Turn|p1a: Kyurem
|-resisted|p1a: Kyurem
|-activate|p1a: Kyurem|move: Substitute|[damage]
|
|t:|1757871347
|switch|p2a: Slowking|Slowking-Galar, M|88/100|[from] Flip Turn
|
|-heal|p1a: Kyurem|87/100|[from] item: Leftovers
|upkeep
|turn|12
|
|t:|1757871351
|switch|p2a: Alomomola|Alomomola, F|98/100
|move|p1a: Kyurem|Earth Power|p2a: Alomomola
|-damage|p2a: Alomomola|83/100
|
|-heal|p1a: Kyurem|94/100|[from] item: Leftovers
|upkeep
|turn|13
|
|t:|1757871358
|move|p1a: Kyurem|Freeze-Dry|p2a: Alomomola
|-supereffective|p2a: Alomomola
|-damage|p2a: Alomomola|50/100
|move|p2a: Alomomola|Flip Turn|p1a: Kyurem
|-resisted|p1a: Kyurem
|-activate|p1a: Kyurem|move: Substitute|[damage]
|
|t:|1757871361
|switch|p2a: Slowking|Slowking-Galar, M|100/100|[from] Flip Turn
|
|-heal|p1a: Kyurem|99/100|[from] item: Leftovers
|upkeep
|turn|14
|
|t:|1757871363
|move|p1a: Kyurem|Freeze-Dry|p2a: Slowking
|-damage|p2a: Slowking|72/100
|move|p2a: Slowking|Sludge Bomb|p1a: Kyurem
|-end|p1a: Kyurem|Substitute
|
|-heal|p1a: Kyurem|100/100|[from] item: Leftovers
|upkeep
|turn|15
|
|t:|1757871367
|move|p1a: Kyurem|Substitute|p1a: Kyurem
|-start|p1a: Kyurem|Substitute
|-damage|p1a: Kyurem|75/100
|move|p2a: Slowking|Future Sight|p1a: Kyurem
|-start|p2a: Slowking|move: Future Sight
|
|-heal|p1a: Kyurem|82/100|[from] item: Leftovers
|upkeep
|turn|16
|
|t:|1757871371
|switch|p2a: Alomomola|Alomomola, F|83/100
|move|p1a: Kyurem|Freeze-Dry|p2a: Alomomola
|-supereffective|p2a: Alomomola
|-damage|p2a: Alomomola|51/100
|
|-heal|p1a: Kyurem|88/100|[from] item: Leftovers
|upkeep
|turn|17
|
|t:|1757871377
|switch|p2a: Slowking|Slowking-Galar, M|100/100
|move|p1a: Kyurem|Freeze-Dry|p2a: Slowking
|-damage|p2a: Slowking|71/100
|
|-end|p1a: Kyurem|move: Future Sight
|-end|p1a: Kyurem|Substitute
|-heal|p1a: Kyurem|94/100|[from] item: Leftovers
|upkeep
|turn|18
|
|t:|1757871384
|move|p1a: Kyurem|Substitute|p1a: Kyurem
|-start|p1a: Kyurem|Substitute
|-damage|p1a: Kyurem|69/100
|move|p2a: Slowking|Sludge Bomb|p1a: Kyurem
|-end|p1a: Kyurem|Substitute
|
|-heal|p1a: Kyurem|75/100|[from] item: Leftovers
|upkeep
|turn|19
|
|t:|1757871387
|move|p1a: Kyurem|Substitute|p1a: Kyurem
|-start|p1a: Kyurem|Substitute
|-damage|p1a: Kyurem|50/100
|move|p2a: Slowking|Future Sight|p1a: Kyurem
|-start|p2a: Slowking|move: Future Sight
|
|-heal|p1a: Kyurem|56/100|[from] item: Leftovers
|upkeep
|turn|20
|
|t:|1757871390
|switch|p2a: Alomomola|Alomomola, F|84/100
|-terastallize|p1a: Kyurem|Ground
|move|p1a: Kyurem|Earth Power|p2a: Alomomola
|-damage|p2a: Alomomola|60/100
|
|-heal|p1a: Kyurem|63/100|[from] item: Leftovers
|upkeep
|turn|21
|
|t:|1757871399
|move|p1a: Kyurem|Protect|p1a: Kyurem
|-singleturn|p1a: Kyurem|Protect
|move|p2a: Alomomola|Mirror Coat||[still]
|-fail|p2a: Alomomola
|
|-end|p1a: Kyurem|move: Future Sight
|-end|p1a: Kyurem|Substitute
|-heal|p1a: Kyurem|69/100|[from] item: Leftovers
|upkeep
|turn|22
|
|t:|1757871406
|move|p2a: Alomomola|Aqua Jet|p1a: Kyurem
|-supereffective|p1a: Kyurem
|-crit|p1a: Kyurem
|-damage|p1a: Kyurem|39/100
|move|p1a: Kyurem|Freeze-Dry|p2a: Alomomola
|-supereffective|p2a: Alomomola
|-damage|p2a: Alomomola|22/100
|
|-heal|p1a: Kyurem|45/100|[from] item: Leftovers
|upkeep
|turn|23
|
|t:|1757871412
|switch|p2a: Slowking|Slowking-Galar, M|100/100
|move|p1a: Kyurem|Earth Power|p2a: Slowking
|-supereffective|p2a: Slowking
|-damage|p2a: Slowking|27/100
|
|-heal|p1a: Kyurem|51/100|[from] item: Leftovers
|upkeep
|turn|24
|
|t:|1757871422
|switch|p2a: Cinderace|Cinderace, M|100/100
|move|p1a: Kyurem|Freeze-Dry|p2a: Cinderace
|-resisted|p2a: Cinderace
|-damage|p2a: Cinderace|81/100
|
|-heal|p1a: Kyurem|58/100|[from] item: Leftovers
|upkeep
|turn|25
|
|t:|1757871431
|move|p1a: Kyurem|Protect|p1a: Kyurem
|-singleturn|p1a: Kyurem|Protect
|move|p2a: Cinderace|Pyro Ball|p1a: Kyurem
|-activate|p1a: Kyurem|move: Protect
|
|-heal|p1a: Kyurem|64/100|[from] item: Leftovers
|upkeep
|turn|26
|
|t:|1757871434
|switch|p1a: Cinderace|Cinderace, F|100/100
|move|p2a: Cinderace|U-turn|p1a: Cinderace
|-resisted|p1a: Cinderace
|-damage|p1a: Cinderace|89/100
|
|t:|1757871438
|switch|p2a: Alomomola|Alomomola, F|56/100|[from] U-turn
|
|upkeep
|turn|27
|
|t:|1757871440
|move|p1a: Cinderace|Will-O-Wisp|p2a: Alomomola
|-status|p2a: Alomomola|brn
|move|p2a: Alomomola|Flip Turn|p1a: Cinderace
|-supereffective|p1a: Cinderace
|-damage|p1a: Cinderace|68/100
|
|t:|1757871443
|switch|p2a: Slowking|Slowking-Galar, M|60/100|[from] Flip Turn
|
|upkeep
|turn|28
|
|t:|1757871446
|switch|p2a: Alomomola|Alomomola, F|89/100 brn
|move|p1a: Cinderace|Will-O-Wisp|p2a: Alomomola|[miss]
|-miss|p1a: Cinderace|p2a: Alomomola
|
|-damage|p2a: Alomomola|83/100 brn|[from] brn
|upkeep
|turn|29
|
|t:|1757871451
|move|p1a: Cinderace|U-turn|p2a: Alomomola
|-damage|p2a: Alomomola|68/100 brn
|
|t:|1757871452
|switch|p1a: Kyurem|Kyurem, tera:Ground|64/100|[from] U-turn
|-ability|p1a: Kyurem|Pressure
|move|p2a: Alomomola|Flip Turn|p1a: Kyurem
|-supereffective|p1a: Kyurem
|-damage|p1a: Kyurem|49/100
|
|t:|1757871458
|switch|p2a: Cinderace|Cinderace, M|81/100|[from] Flip Turn
|
|-heal|p1a: Kyurem|55/100|[from] item: Leftovers
|upkeep
|turn|30
|
|t:|1757871462
|move|p1a: Kyurem|Protect|p1a: Kyurem
|-singleturn|p1a: Kyurem|Protect
|move|p2a: Cinderace|Pyro Ball|p1a: Kyurem
|-activate|p1a: Kyurem|move: Protect
|
|-heal|p1a: Kyurem|61/100|[from] item: Leftovers
|upkeep
|turn|31
|
|t:|1757871466
|switch|p1a: Dondozo|Dondozo, F|100/100
|move|p2a: Cinderace|U-turn|p1a: Dondozo
|-damage|p1a: Dondozo|92/100
|
|t:|1757871470
|switch|p2a: Slowking|Slowking-Galar, M|93/100|[from] U-turn
|
|-heal|p1a: Dondozo|98/100|[from] item: Leftovers
|upkeep
|turn|32
|
|t:|1757871476
|switch|p1a: Slowking|Slowking-Galar, L99, F|100/100
|move|p2a: Slowking|Future Sight|p1a: Slowking
|-start|p2a: Slowking|move: Future Sight
|
|upkeep
|turn|33
|
|t:|1757871480
|-prepare|p2a: Slowking|Chilly Reception|[premajor]
|move|p2a: Slowking|Chilly Reception|p2a: Slowking
|-weather|Snowscape
|
|t:|1757871484
|switch|p2a: Alomomola|Alomomola, F|100/100 brn|[from] Chilly Reception
|move|p1a: Slowking|Future Sight|p2a: Alomomola
|-start|p1a: Slowking|move: Future Sight
|
|-weather|Snowscape|[upkeep]
|-damage|p2a: Alomomola|94/100 brn|[from] brn
|upkeep
|turn|34
|
|t:|1757871490
|move|p2a: Alomomola|Body Slam|p1a: Slowking
|-damage|p1a: Slowking|93/100
|-status|p1a: Slowking|par
|-prepare|p1a: Slowking|Chilly Reception|[premajor]
|move|p1a: Slowking|Chilly Reception|p1a: Slowking
|
|t:|1757871492
|switch|p1a: Ting-Lu|Ting-Lu|99/100|[from] Chilly Reception
|-ability|p1a: Ting-Lu|Vessel of Ruin
|
|-weather|Snowscape|[upkeep]
|-end|p1a: Ting-Lu|move: Future Sight
|-immune|p1a: Ting-Lu
|-heal|p1a: Ting-Lu|100/100|[from] item: Leftovers
|-damage|p2a: Alomomola|88/100 brn|[from] brn
|upkeep
|turn|35
|
|t:|1757871501
|switch|p1a: Slowking|Slowking-Galar, L99, F|100/100 par
|move|p2a: Alomomola|Flip Turn|p1a: Slowking
|-damage|p1a: Slowking|92/100 par
|
|t:|1757871504
|switch|p2a: Lokix|Lokix, F|100/100|[from] Flip Turn
|
|-weather|Snowscape|[upkeep]
|-end|p2a: Lokix|move: Future Sight
|-immune|p2a: Lokix
|upkeep
|turn|36
|
|t:|1757871510
|switch|p1a: Corviknight|Corviknight, M|100/100
|-ability|p1a: Corviknight|Pressure
|move|p2a: Lokix|Knock Off|p1a: Corviknight
|-damage|p1a: Corviknight|58/100
|-damage|p2a: Lokix|84/100|[from] item: Rocky Helmet|[of] p1a: Corviknight
|-enditem|p1a: Corviknight|Rocky Helmet|[from] move: Knock Off|[of] p2a: Lokix
|
|-weather|Snowscape|[upkeep]
|upkeep
|turn|37
|
|t:|1757871514
|switch|p2a: Alomomola|Alomomola, F|100/100 brn
|move|p1a: Corviknight|Roost|p1a: Corviknight
|-heal|p1a: Corviknight|100/100
|-singleturn|p1a: Corviknight|move: Roost
|
|-weather|none
|-damage|p2a: Alomomola|94/100 brn|[from] brn
|upkeep
|turn|38
|
|t:|1757871519
|move|p1a: Corviknight|U-turn|p2a: Alomomola
|-damage|p2a: Alomomola|83/100 brn
|
|t:|1757871520
|switch|p1a: Slowking|Slowking-Galar, L99, F|100/100 par|[from] U-turn
|move|p2a: Alomomola|Flip Turn|p1a: Slowking
|-damage|p1a: Slowking|92/100 par
|
|t:|1757871523
|switch|p2a: Lokix|Lokix, F|84/100|[from] Flip Turn
|
|upkeep
|turn|39
|
|t:|1757871525
|switch|p1a: Corviknight|Corviknight, M|100/100
|-ability|p1a: Corviknight|Pressure
|move|p2a: Lokix|U-turn|p1a: Corviknight
|-resisted|p1a: Corviknight
|-damage|p1a: Corviknight|85/100
|
|t:|1757871528
|switch|p2a: Cinderace|Cinderace, M|81/100|[from] U-turn
|
|upkeep
|turn|40
|
|t:|1757871531
|switch|p1a: Dondozo|Dondozo, F|98/100
|move|p2a: Cinderace|Will-O-Wisp|p1a: Dondozo
|-status|p1a: Dondozo|brn
|
|-heal|p1a: Dondozo|100/100 brn|[from] item: Leftovers
|-damage|p1a: Dondozo|94/100 brn|[from] brn
|upkeep
|turn|41
|
|t:|1757871534
|move|p2a: Cinderace|U-turn|p1a: Dondozo
|-damage|p1a: Dondozo|86/100 brn
|
|t:|1757871538
|switch|p2a: Slowking|Slowking-Galar, M|100/100|[from] U-turn
|move|p1a: Dondozo|Rest|p1a: Dondozo
|-status|p1a: Dondozo|slp|[from] move: Rest
|-heal|p1a: Dondozo|100/100 slp|[silent]
|
|upkeep
|turn|42
|
|t:|1757871543
|switch|p1a: Slowking|Slowking-Galar, L99, F|100/100 par
|move|p2a: Slowking|Future Sight|p1a: Slowking
|-start|p2a: Slowking|move: Future Sight
|
|upkeep
|turn|43
|
|t:|1757871550
|switch|p2a: Alomomola|Alomomola, F|100/100 brn
|move|p1a: Slowking|Toxic||[still]
|-fail|p1a: Slowking
|
|-damage|p2a: Alomomola|94/100 brn|[from] brn
|upkeep
|turn|44
|
|t:|1757871555
|switch|p2a: Slowking|Slowking-Galar, M|100/100
|cant|p1a: Slowking|par
|
|-end|p1a: Slowking|move: Future Sight
|-damage|p1a: Slowking|73/100 par
|upkeep
|turn|45
|
|t:|1757871565
|move|p2a: Slowking|Future Sight|p1a: Slowking
|-start|p2a: Slowking|move: Future Sight
|cant|p1a: Slowking|par
|
|upkeep
|turn|46
|
|t:|1757871570
|switch|p2a: Lokix|Lokix, F|84/100
|cant|p1a: Slowking|par
|
|upkeep
|turn|47
|
|t:|1757871575
|move|p2a: Lokix|U-turn|p1a: Slowking
|-damage|p1a: Slowking|23/100 par
|
|t:|1757871579
|switch|p2a: Slowking|Slowking-Galar, M|100/100|[from] U-turn
|move|p1a: Slowking|Toxic|p2a: Slowking
|-immune|p2a: Slowking
|
|-end|p1a: Slowking|move: Future Sight
|-damage|p1a: Slowking|0 fnt
|faint|p1a: Slowking
|upkeep
|
|t:|1757871582
|switch|p1a: Kyurem|Kyurem, tera:Ground|61/100
|-ability|p1a: Kyurem|Pressure
|turn|48
|
|t:|1757871587
|move|p1a: Kyurem|Substitute|p1a: Kyurem
|-start|p1a: Kyurem|Substitute
|-damage|p1a: Kyurem|36/100
|move|p2a: Slowking|Ice Beam|p1a: Kyurem
|-supereffective|p1a: Kyurem
|-end|p1a: Kyurem|Substitute
|
|-heal|p1a: Kyurem|42/100|[from] item: Leftovers
|upkeep
|turn|49
|
|t:|1757871590
|move|p1a: Kyurem|Protect|p1a: Kyurem
|-singleturn|p1a: Kyurem|Protect
|move|p2a: Slowking|Ice Beam|p1a: Kyurem
|-activate|p1a: Kyurem|move: Protect
|
|-heal|p1a: Kyurem|49/100|[from] item: Leftovers
|upkeep
|turn|50
|-message|ABraviousTinkaton forfeited.
|
|win|Spyro190 testing
|raw|ABraviousTinkaton's rating: 1596 &rarr; <strong>1577</strong><br />(-19 for losing)
|raw|Spyro190 testing's rating: 1611 &rarr; <strong>1630</strong><br />(+19 for winning)
|l|☆ABraviousTinkaton
|player|p1|
