|j|☆bowling12345
|j|☆SlugDragon
|t:|1757790508
|gametype|singles
|player|p1|bowling12345|169|1374
|player|p2|SlugDragon|vessa|1399
|gen|9
|tier|[Gen 9] OU
|rated|
|rule|HP Percentage Mod: HP is shown in percentages
|rule|Endless Battle Clause: Forcing endless battles is banned
|rule|Species Clause: Limit one of each Pokémon
|rule|OHKO Clause: OHKO moves are banned
|rule|Evasion Items Clause: Evasion items are banned
|rule|Evasion Moves Clause: Evasion moves are banned
|rule|Evasion Abilities Clause: Evasion abilities are banned
|rule|Sleep Moves Clause: Sleep-inducing moves are banned
|clearpoke
|poke|p1|Zoroark-Hisui, F|
|poke|p1|Corviknight, M|
|poke|p1|Munkidori, M|
|poke|p1|Sinistcha|
|poke|p1|Alomomola, M|
|poke|p1|Entei|
|poke|p2|Araquanid, F|
|poke|p2|Great Tusk|
|poke|p2|Iron Valiant|
|poke|p2|Dragonite, M|
|poke|p2|Kingambit, F|
|poke|p2|Malamar, F|
|teampreview
|
|t:|1757790537
|teamsize|p1|6
|teamsize|p2|6
|start
|switch|p1a: Corviknight|Corviknight, M|100/100
|switch|p2a: Araquaphobia|Araquanid, F|100/100
|turn|1
|inactive|Battle timer is ON: inactive players will automatically lose when time's up. (requested by bowling12345)
|
|t:|1757790550
|move|p1a: Corviknight|Brave Bird|p2a: Araquaphobia
|-supereffective|p2a: Araquaphobia
|-damage|p2a: Araquaphobia|22/100
|-damage|p1a: Corviknight|74/100|[from] Recoil
|move|p2a: Araquaphobia|Surf|p1a: Corviknight
|-damage|p1a: Corviknight|43/100
|
|upkeep
|turn|2
|inactive|SlugDragon has 120 seconds left.
|
|t:|1757790603
|switch|p2a: Peanut Eater|Great Tusk|100/100
|-enditem|p2a: Peanut Eater|Booster Energy
|-activate|p2a: Peanut Eater|ability: Protosynthesis|[fromitem]
|-start|p2a: Peanut Eater|protosynthesisatk
|move|p1a: Corviknight|Roost|p1a: Corviknight
|-heal|p1a: Corviknight|93/100
|-singleturn|p1a: Corviknight|move: Roost
|
|upkeep
|turn|3
|inactive|bowling12345 has 120 seconds left.
|
|t:|1757790643
|move|p2a: Peanut Eater|Supercell Slam|p1a: Corviknight|[miss]
|-miss|p2a: Peanut Eater|p1a: Corviknight
|-damage|p2a: Peanut Eater|51/100|[from] supercellslam
|move|p1a: Corviknight|Brave Bird|p2a: Peanut Eater
|-supereffective|p2a: Peanut Eater
|-damage|p2a: Peanut Eater|0 fnt
|faint|p2a: Peanut Eater
|-end|p2a: Peanut Eater|Protosynthesis|[silent]
|-damage|p1a: Corviknight|75/100|[from] Recoil
|
|upkeep
|
|t:|1757790653
|switch|p2a: Thicccums|Dragonite, M|100/100
|turn|4
|
|t:|1757790658
|move|p2a: Thicccums|Dragon Dance|p2a: Thicccums
|-boost|p2a: Thicccums|atk|1
|-boost|p2a: Thicccums|spe|1
|move|p1a: Corviknight|U-turn|p2a: Thicccums
|-resisted|p2a: Thicccums
|-damage|p2a: Thicccums|93/100
|
|t:|1757790665
|switch|p1a: Alomomola|Alomomola, M|100/100|[from] U-turn
|
|upkeep
|turn|5
|
|t:|1757790674
|move|p2a: Thicccums|Scale Shot|p1a: Alomomola
|-damage|p1a: Alomomola|88/100
|-damage|p1a: Alomomola|77/100
|-damage|p1a: Alomomola|66/100
|-damage|p1a: Alomomola|54/100
|-hitcount|p1a: Alomomola|4
|-unboost|p2a: Thicccums|def|1
|-boost|p2a: Thicccums|spe|1
|move|p1a: Alomomola|Scald|p2a: Thicccums
|-resisted|p2a: Thicccums
|-damage|p2a: Thicccums|86/100
|-status|p2a: Thicccums|brn
|
|-damage|p2a: Thicccums|79/100 brn|[from] brn
|upkeep
|turn|6
|
|t:|1757790690
|move|p2a: Thicccums|Encore|p1a: Alomomola
|-start|p1a: Alomomola|Encore
|move|p1a: Alomomola|Scald|p2a: Thicccums
|-resisted|p2a: Thicccums
|-damage|p2a: Thicccums|73/100 brn
|
|-damage|p2a: Thicccums|66/100 brn|[from] brn
|upkeep
|turn|7
|
|t:|1757790700
|switch|p2a: Araquaphobia|Araquanid, F|22/100
|switch|p1a: Corviknight|Corviknight, M|75/100
|
|upkeep
|turn|8
|-enditem|p2a: Araquaphobia|Custap Berry|[eat]
|-activate|p2a: Araquaphobia|item: Custap Berry|[consumed]
|
|t:|1757790722
|move|p2a: Araquaphobia|Sticky Web|p1a: Corviknight
|-sidestart|p1: bowling12345|move: Sticky Web
|move|p1a: Corviknight|Brave Bird|p2a: Araquaphobia
|-supereffective|p2a: Araquaphobia
|-damage|p2a: Araquaphobia|0 fnt
|faint|p2a: Araquaphobia
|-damage|p1a: Corviknight|68/100|[from] Recoil
|
|upkeep
|
|t:|1757790729
|switch|p2a: My Friend|Malamar, F|100/100
|turn|9
|
|t:|1757790743
|move|p2a: My Friend|Superpower|p1a: Corviknight
|-damage|p1a: Corviknight|41/100
|-boost|p2a: My Friend|atk|1
|-boost|p2a: My Friend|def|1
|-damage|p2a: My Friend|84/100|[from] item: Rocky Helmet|[of] p1a: Corviknight
|move|p1a: Corviknight|U-turn|p2a: My Friend
|-supereffective|p2a: My Friend
|-damage|p2a: My Friend|34/100
|inactive|bowling12345 has 120 seconds left.
|
|t:|1757790781
|switch|p1a: Sinistcha|Sinistcha|100/100|[from] U-turn
|-activate|p1a: Sinistcha|move: Sticky Web
|-unboost|p1a: Sinistcha|spe|1
|
|upkeep
|turn|10
|
|t:|1757790791
|-terastallize|p2a: My Friend|Stellar
|-terastallize|p1a: Sinistcha|Fire
|move|p2a: My Friend|Knock Off|p1a: Sinistcha
|-enditem|p1a: Sinistcha|Focus Sash
|-damage|p1a: Sinistcha|1/100
|replace|p1a: Zoroark|Zoroark-Hisui, F
|-end|p1a: Zoroark|Illusion
|move|p1a: Zoroark|Flamethrower|p2a: My Friend
|-damage|p2a: My Friend|0 fnt
|faint|p2a: My Friend
|
|upkeep
|
|t:|1757790805
|switch|p2a: 0-0-0|Kingambit, F|100/100
|-activate|p2a: 0-0-0|ability: Supreme Overlord
|-start|p2a: 0-0-0|fallen3|[silent]
|turn|11
|
|t:|1757790810
|move|p1a: Zoroark|Flamethrower|p2a: 0-0-0
|-supereffective|p2a: 0-0-0
|-damage|p2a: 0-0-0|0 fnt
|faint|p2a: 0-0-0
|-end|p2a: 0-0-0|fallen3|[silent]
|
|upkeep
|
|t:|1757790814
|switch|p2a: Twink|Iron Valiant|100/100
|-enditem|p2a: Twink|Booster Energy
|-activate|p2a: Twink|ability: Quark Drive|[fromitem]
|-start|p2a: Twink|quarkdrivespa
|turn|12
|
|t:|1757790821
|move|p2a: Twink|Vacuum Wave|p1a: Zoroark
|-damage|p1a: Zoroark|0 fnt
|faint|p1a: Zoroark
|
|upkeep
|
|t:|1757790836
|switch|p1a: Corviknight|Corviknight, M|41/100
|turn|13
|
|t:|1757790849
|move|p2a: Twink|Calm Mind|p2a: Twink
|-boost|p2a: Twink|spa|1
|-boost|p2a: Twink|spd|1
|move|p1a: Corviknight|Roost|p1a: Corviknight
|-heal|p1a: Corviknight|91/100
|-singleturn|p1a: Corviknight|move: Roost
|
|upkeep
|turn|14
|
|t:|1757790858
|move|p2a: Twink|Shadow Ball|p1a: Corviknight
|-crit|p1a: Corviknight
|-damage|p1a: Corviknight|24/100
|move|p1a: Corviknight|Brave Bird|p2a: Twink
|-supereffective|p2a: Twink
|-damage|p2a: Twink|11/100
|-damage|p1a: Corviknight|0 fnt|[from] Recoil
|faint|p1a: Corviknight
|
|upkeep
|
|t:|1757790868
|switch|p1a: Entei|Entei|100/100
|-activate|p1a: Entei|move: Sticky Web
|-unboost|p1a: Entei|spe|1
|turn|15
|
|t:|1757790872
|move|p1a: Entei|Extreme Speed|p2a: Twink
|-damage|p2a: Twink|0 fnt
|faint|p2a: Twink
|-end|p2a: Twink|Quark Drive|[silent]
|
|upkeep
|-message|SlugDragon forfeited.
|
|win|bowling12345
|raw|bowling12345's rating: 1374 &rarr; <strong>1395</strong><br />(+21 for winning)
|raw|SlugDragon's rating: 1399 &rarr; <strong>1378</strong><br />(-21 for losing)
|l|☆SlugDragon
|player|p2|
|l|☆bowling12345
|player|p1|
