|j|☆Prateekkp
|j|☆Arpitraj1 ♪
|inactive|Battle timer is ON: inactive players will automatically lose when time's up.
|t:|1757825142
|gametype|singles
|player|p1|Prateekkp|hero2-conquest|
|player|p2|Arpitraj1 ♪|anabel-gen7|
|gen|9
|tier|[Gen 9] OU
|rated|Tournament battle
|rule|HP Percentage Mod: HP is shown in percentages
|rule|Endless Battle Clause: Forcing endless battles is banned
|rule|Species Clause: Limit one of each Pokémon
|rule|OHKO Clause: OHKO moves are banned
|rule|Evasion Items Clause: Evasion items are banned
|rule|Evasion Moves Clause: Evasion moves are banned
|rule|Evasion Abilities Clause: Evasion abilities are banned
|rule|Sleep Moves Clause: Sleep-inducing moves are banned
|raw|<div class="infobox"><details class="readmore" open><summary><strong>3 custom rules:</strong></summary> adjust level=5, -dragon rage, -sonic boom</details></div>
|clearpoke
|poke|p1|Ribombee, L5, F|
|poke|p1|Great Tusk, L5|
|poke|p1|Gholdengo, L5|
|poke|p1|Manaphy, L5|
|poke|p1|Kingambit, L5, F|
|poke|p1|Iron Valiant, L5|
|poke|p2|Landorus-Therian, L5, M|
|poke|p2|Samurott-Hisui, L5, M|
|poke|p2|Pecharunt, L5|
|poke|p2|Scizor, L5, F|
|poke|p2|Latios, L5, M|
|poke|p2|Zamazenta-*, L5|
|teampreview
|j|*Lady Monita ☀
|inactive|Arpitraj1 ♪ also wants the timer to be on.
|inactive|Prateekkp also wants the timer to be on.
|c|☆Prateekkp|Hf
|
|t:|1757825162
|teamsize|p1|6
|teamsize|p2|6
|start
|switch|p1a: Ribombee|Ribombee, L5, F|100/100
|switch|p2a: Landorus|Landorus-Therian, L5, M|100/100
|-ability|p2a: Landorus|Intimidate|boost
|-unboost|p1a: Ribombee|atk|1
|turn|1
|inactive|Prateekkp has 120 seconds left.
|
|t:|1757825199
|move|p1a: Ribombee|Sticky Web|p2a: Landorus
|-sidestart|p2: Arpitraj1 ♪|move: Sticky Web
|move|p2a: Landorus|U-turn|p1a: Ribombee
|-resisted|p1a: Ribombee
|-damage|p1a: Ribombee|82/100
|inactive|Arpitraj1 ♪ has 120 seconds left.
|
|t:|1757825231
|switch|p2a: Pecharunt|Pecharunt, L5|100/100|[from] U-turn
|
|upkeep
|turn|2
|inactive|Prateekkp has 120 seconds left.
|
|t:|1757825255
|move|p1a: Ribombee|Stun Spore|p2a: Pecharunt
|-status|p2a: Pecharunt|par
|cant|p2a: Pecharunt|par
|
|upkeep
|turn|3
|
|t:|1757825267
|move|p1a: Ribombee|Skill Swap||[still]
|-fail|p1a: Ribombee
|cant|p2a: Pecharunt|par
|
|upkeep
|turn|4
|inactive|Prateekkp has 120 seconds left.
|
|t:|1757825288
|switch|p1a: Gholdengo|Gholdengo, L5|100/100
|-item|p1a: Gholdengo|Air Balloon
|move|p2a: Pecharunt|Malignant Chain|p1a: Gholdengo
|-immune|p1a: Gholdengo
|
|upkeep
|turn|5
|
|t:|1757825295
|switch|p2a: Landorus|Landorus-Therian, L5, M|100/100
|-ability|p2a: Landorus|Intimidate|boost
|-unboost|p1a: Gholdengo|atk|1
|move|p1a: Gholdengo|Nasty Plot|p1a: Gholdengo
|-boost|p1a: Gholdengo|spa|2
|
|upkeep
|turn|6
|
|t:|1757825304
|move|p1a: Gholdengo|Make It Rain|p2a: Landorus
|-damage|p2a: Landorus|0 fnt
|-unboost|p1a: Gholdengo|spa|1
|faint|p2a: Landorus
|
|upkeep
|
|t:|1757825322
|switch|p2a: Samurott|Samurott-Hisui, L5, M|100/100
|-activate|p2a: Samurott|move: Sticky Web
|-unboost|p2a: Samurott|spe|1
|turn|7
|
|t:|1757825326
|move|p1a: Gholdengo|Dazzling Gleam|p2a: Samurott
|-supereffective|p2a: Samurott
|-damage|p2a: Samurott|16/100
|move|p2a: Samurott|Ceaseless Edge|p1a: Gholdengo
|-supereffective|p1a: Gholdengo
|-damage|p1a: Gholdengo|0 fnt
|-enditem|p1a: Gholdengo|Air Balloon
|-sidestart|p1: Prateekkp|Spikes
|faint|p1a: Gholdengo
|
|upkeep
|
|t:|1757825329
|switch|p1a: Ribombee|Ribombee, L5, F|82/100
|-damage|p1a: Ribombee|73/100|[from] Spikes
|turn|8
|
|t:|1757825354
|move|p2a: Samurott|Aqua Jet|p1a: Ribombee
|-damage|p1a: Ribombee|32/100
|move|p1a: Ribombee|Moonblast|p2a: Samurott
|-supereffective|p2a: Samurott
|-damage|p2a: Samurott|0 fnt
|faint|p2a: Samurott
|
|upkeep
|
|t:|1757825363
|switch|p2a: Latios|Latios, L5, M|100/100
|turn|9
|
|t:|1757825374
|move|p1a: Ribombee|Moonblast|p2a: Latios
|-supereffective|p2a: Latios
|-damage|p2a: Latios|0 fnt
|faint|p2a: Latios
|
|upkeep
|
|t:|1757825378
|switch|p2a: Scizor|Scizor, L5, F|100/100
|turn|10
|
|t:|1757825398
|move|p1a: Ribombee|Stun Spore|p2a: Scizor|[miss]
|-miss|p1a: Ribombee|p2a: Scizor
|move|p2a: Scizor|Swords Dance|p2a: Scizor
|-boost|p2a: Scizor|atk|2
|
|upkeep
|turn|11
|
|t:|1757825406
|move|p2a: Scizor|Bullet Punch|p1a: Ribombee
|-supereffective|p1a: Ribombee
|-damage|p1a: Ribombee|0 fnt
|faint|p1a: Ribombee
|
|upkeep
|
|t:|1757825414
|switch|p1a: Great Tusk|Great Tusk, L5|100/100
|-damage|p1a: Great Tusk|90/100|[from] Spikes
|-enditem|p1a: Great Tusk|Booster Energy
|-activate|p1a: Great Tusk|ability: Protosynthesis|[fromitem]
|-start|p1a: Great Tusk|protosynthesisatk
|turn|12
|
|t:|1757825428
|move|p2a: Scizor|Bullet Punch|p1a: Great Tusk
|-damage|p1a: Great Tusk|22/100
|move|p1a: Great Tusk|Headlong Rush|p2a: Scizor
|-damage|p2a: Scizor|0 fnt
|-unboost|p1a: Great Tusk|def|1
|-unboost|p1a: Great Tusk|spd|1
|faint|p2a: Scizor
|
|upkeep
|
|t:|1757825432
|switch|p2a: Zamazenta|Zamazenta, L5|100/100
|-activate|p2a: Zamazenta|move: Sticky Web
|-unboost|p2a: Zamazenta|spe|1
|-ability|p2a: Zamazenta|Dauntless Shield|boost
|-boost|p2a: Zamazenta|def|1
|turn|13
|
|t:|1757825440
|move|p1a: Great Tusk|Headlong Rush|p2a: Zamazenta
|-damage|p2a: Zamazenta|43/100
|-unboost|p1a: Great Tusk|def|1
|-unboost|p1a: Great Tusk|spd|1
|move|p2a: Zamazenta|Iron Defense|p2a: Zamazenta
|-boost|p2a: Zamazenta|def|2
|
|-heal|p2a: Zamazenta|47/100|[from] item: Leftovers
|upkeep
|turn|14
|
|t:|1757825463
|move|p1a: Great Tusk|Headlong Rush|p2a: Zamazenta
|-damage|p2a: Zamazenta|12/100
|-unboost|p1a: Great Tusk|def|1
|-unboost|p1a: Great Tusk|spd|1
|move|p2a: Zamazenta|Body Press|p1a: Great Tusk
|-damage|p1a: Great Tusk|0 fnt
|faint|p1a: Great Tusk
|-end|p1a: Great Tusk|Protosynthesis|[silent]
|
|-heal|p2a: Zamazenta|16/100|[from] item: Leftovers
|upkeep
|l|☆Prateekkp
|inactive|Prateekkp disconnected and has a minute to reconnect!
|player|p1|
|j|☆Prateekkp
|inactive|Prateekkp reconnected and has 115 seconds left.
|player|p1|Prateekkp|hero2-conquest|
|l|☆Prateekkp
|inactive|Prateekkp disconnected and has a minute to reconnect!
|player|p1|
|c|☆Arpitraj1 ♪|//Summon prateek
|j|☆Prateekkp
|inactive|Prateekkp reconnected and has 95 seconds left.
|player|p1|Prateekkp|hero2-conquest|
|inactive|Prateekkp has 90 seconds left.
|c|☆Arpitraj1 ♪|Magiccc😶
|c|☆Prateekkp|Uhh
|
|t:|1757825536
|switch|p1a: Iron Valiant|Iron Valiant, L5|100/100
|-damage|p1a: Iron Valiant|92/100|[from] Spikes
|-enditem|p1a: Iron Valiant|Booster Energy
|-activate|p1a: Iron Valiant|ability: Quark Drive|[fromitem]
|-start|p1a: Iron Valiant|quarkdrivespa
|turn|15
|
|t:|1757825544
|move|p1a: Iron Valiant|Shadow Ball|p2a: Zamazenta
|-damage|p2a: Zamazenta|0 fnt
|faint|p2a: Zamazenta
|
|upkeep
|
|t:|1757825547
|switch|p2a: Pecharunt|Pecharunt, L5|100/100 par
|turn|16
|
|t:|1757825553
|-terastallize|p1a: Iron Valiant|Ghost
|-terastallize|p2a: Pecharunt|Dark
|move|p1a: Iron Valiant|Shadow Ball|p2a: Pecharunt
|-resisted|p2a: Pecharunt
|-damage|p2a: Pecharunt|68/100 par
|move|p2a: Pecharunt|Malignant Chain|p1a: Iron Valiant
|-resisted|p1a: Iron Valiant
|-damage|p1a: Iron Valiant|61/100
|-status|p1a: Iron Valiant|tox
|-start|p1a: Iron Valiant|confusion|[from] ability: Poison Puppeteer|[of] p2a: Pecharunt
|
|-damage|p1a: Iron Valiant|57/100 tox|[from] psn
|upkeep
|turn|17
|
|t:|1757825559
|-activate|p1a: Iron Valiant|confusion
|move|p1a: Iron Valiant|Moonblast|p2a: Pecharunt
|-supereffective|p2a: Pecharunt
|-damage|p2a: Pecharunt|0 fnt
|faint|p2a: Pecharunt
|
|win|Prateekkp
|n|☆Arpitraj1 ♪|arpitraj1
|n|*Lady Monita ☀|ladymonita
|n|☆Prateekkp|prateekkp
