|j|☆Newt 2099
|j|☆RK Earth 9000
|t:|1757861179
|gametype|singles
|player|p1|Newt 2099|lucas|1233
|player|p2|RK Earth 9000|volkner|1167
|gen|9
|tier|[Gen 9] OU
|rated|
|rule|HP Percentage Mod: HP is shown in percentages
|rule|Endless Battle Clause: Forcing endless battles is banned
|rule|Species Clause: Limit one of each Pokémon
|rule|OHKO Clause: OHKO moves are banned
|rule|Evasion Items Clause: Evasion items are banned
|rule|Evasion Moves Clause: Evasion moves are banned
|rule|Evasion Abilities Clause: Evasion abilities are banned
|rule|Sleep Moves Clause: Sleep-inducing moves are banned
|clearpoke
|poke|p1|Chesnaught, M|
|poke|p1|Sableye, M|
|poke|p1|Great Tusk|
|poke|p1|Chansey, F|
|poke|p1|Alomomola, F|
|poke|p1|Gholdengo|
|poke|p2|Oricorio-Sensu, M|
|poke|p2|Latios, M|
|poke|p2|Corviknight, M|
|poke|p2|Hatterene, F|
|poke|p2|Landorus-Therian, M|
|poke|p2|Hitmontop, M|
|teampreview
|inactive|Battle timer is ON: inactive players will automatically lose when time's up. (requested by Newt 2099)
|
|t:|1757861198
|teamsize|p1|6
|teamsize|p2|6
|start
|switch|p1a: Sableye|Sableye, M|100/100
|switch|p2a: Landorus|Landorus-Therian, M, shiny|100/100
|-ability|p2a: Landorus|Intimidate|boost
|-unboost|p1a: Sableye|atk|1
|turn|1
|
|t:|1757861208
|move|p1a: Sableye|Reflect|p1a: Sableye
|-sidestart|p1: Newt 2099|Reflect
|move|p2a: Landorus|Earth Power|p1a: Sableye
|-damage|p1a: Sableye|32/100
|-unboost|p1a: Sableye|spd|1
|
|upkeep
|turn|2
|
|t:|1757861216
|switch|p1a: Alomomola|Alomomola, F, shiny|100/100
|move|p2a: Landorus|Earth Power|p1a: Alomomola
|-damage|p1a: Alomomola|59/100
|
|-heal|p1a: Alomomola|65/100|[from] item: Leftovers
|upkeep
|turn|3
|
|t:|1757861228
|switch|p2a: Hatterene|Hatterene, F|100/100
|move|p1a: Alomomola|Flip Turn|p2a: Hatterene
|-damage|p2a: Hatterene|84/100
|
|t:|1757861232
|switch|p1a: Gholdengo|Gholdengo|100/100|[from] Flip Turn
|-item|p1a: Gholdengo|Air Balloon
|
|-heal|p2a: Hatterene|90/100|[from] item: Leftovers
|upkeep
|turn|4
|
|t:|1757861247
|switch|p2a: Corviknight|Corviknight, M, shiny|100/100
|move|p1a: Gholdengo|Nasty Plot|p1a: Gholdengo
|-boost|p1a: Gholdengo|spa|2
|
|upkeep
|turn|5
|
|t:|1757861256
|move|p1a: Gholdengo|Make It Rain|p2a: Corviknight
|-resisted|p2a: Corviknight
|-damage|p2a: Corviknight|29/100
|-unboost|p1a: Gholdengo|spa|1
|move|p2a: Corviknight|Agility|p2a: Corviknight
|-boost|p2a: Corviknight|spe|2
|
|-heal|p2a: Corviknight|35/100|[from] item: Leftovers
|upkeep
|turn|6
|
|t:|1757861270
|move|p2a: Corviknight|Power Trip|p1a: Gholdengo
|-supereffective|p1a: Gholdengo
|-damage|p1a: Gholdengo|83/100
|-enditem|p1a: Gholdengo|Air Balloon
|move|p1a: Gholdengo|Make It Rain|p2a: Corviknight
|-resisted|p2a: Corviknight
|-damage|p2a: Corviknight|0 fnt
|-unboost|p1a: Gholdengo|spa|1
|faint|p2a: Corviknight
|
|upkeep
|
|t:|1757861282
|switch|p2a: Landorus|Landorus-Therian, M, shiny|100/100
|-ability|p2a: Landorus|Intimidate|boost
|-unboost|p1a: Gholdengo|atk|1
|turn|7
|
|t:|1757861288
|switch|p1a: Chansey|Chansey, F|100/100
|move|p2a: Landorus|Earth Power|p1a: Chansey
|-damage|p1a: Chansey|88/100
|
|upkeep
|turn|8
|
|t:|1757861302
|switch|p2a: Hatterene|Hatterene, F|90/100
|switch|p1a: Alomomola|Alomomola, F, shiny|99/100
|
|-heal|p1a: Alomomola|100/100|[from] item: Leftovers
|-heal|p2a: Hatterene|96/100|[from] item: Leftovers
|-sideend|p1: Newt 2099|Reflect
|upkeep
|turn|9
|
|t:|1757861314
|move|p1a: Alomomola|Flip Turn|p2a: Hatterene
|-damage|p2a: Hatterene|80/100
|
|t:|1757861318
|switch|p1a: Chansey|Chansey, F|88/100|[from] Flip Turn
|move|p2a: Hatterene|Mystical Fire|p1a: Chansey
|-crit|p1a: Chansey
|-damage|p1a: Chansey|78/100
|-unboost|p1a: Chansey|spa|1
|
|-heal|p2a: Hatterene|86/100|[from] item: Leftovers
|upkeep
|turn|10
|
|t:|1757861332
|move|p1a: Chansey|Seismic Toss|p2a: Hatterene
|-damage|p2a: Hatterene|53/100
|move|p2a: Hatterene|Nuzzle|p1a: Chansey
|-damage|p1a: Chansey|72/100
|-status|p1a: Chansey|par
|
|-heal|p2a: Hatterene|59/100|[from] item: Leftovers
|upkeep
|turn|11
|
|t:|1757861345
|move|p2a: Hatterene|Draining Kiss|p1a: Chansey
|-damage|p1a: Chansey|66/100 par
|-heal|p2a: Hatterene|69/100|[from] drain|[of] p1a: Chansey
|move|p1a: Chansey|Seismic Toss|p2a: Hatterene
|-damage|p2a: Hatterene|36/100
|
|-heal|p2a: Hatterene|42/100|[from] item: Leftovers
|upkeep
|turn|12
|
|t:|1757861359
|switch|p2a: Oricorio|Oricorio-Sensu, M, shiny|100/100
|move|p1a: Chansey|Seismic Toss|p2a: Oricorio
|-immune|p2a: Oricorio
|
|upkeep
|turn|13
|
|t:|1757861366
|-curestatus|p1a: Chansey|par|[from] ability: Natural Cure
|switch|p1a: Alomomola|Alomomola, F, shiny|100/100
|move|p2a: Oricorio|Substitute|p2a: Oricorio
|-start|p2a: Oricorio|Substitute
|-damage|p2a: Oricorio|76/100
|
|-heal|p2a: Oricorio|82/100|[from] item: Leftovers
|upkeep
|turn|14
|
|t:|1757861375
|move|p2a: Oricorio|Quiver Dance|p2a: Oricorio
|-boost|p2a: Oricorio|spa|1
|-boost|p2a: Oricorio|spd|1
|-boost|p2a: Oricorio|spe|1
|move|p1a: Alomomola|Flip Turn|p2a: Oricorio
|-end|p2a: Oricorio|Substitute
|
|t:|1757861379
|switch|p1a: Sableye|Sableye, M|32/100|[from] Flip Turn
|
|-heal|p2a: Oricorio|88/100|[from] item: Leftovers
|upkeep
|turn|15
|
|t:|1757861389
|move|p1a: Sableye|Will-O-Wisp|p2a: Oricorio
|-status|p2a: Oricorio|brn
|move|p2a: Oricorio|Air Slash|p1a: Sableye
|-damage|p1a: Sableye|0 fnt
|faint|p1a: Sableye
|
|-heal|p2a: Oricorio|94/100 brn|[from] item: Leftovers
|-damage|p2a: Oricorio|88/100 brn|[from] brn
|upkeep
|
|t:|1757861399
|switch|p1a: Alomomola|Alomomola, F, shiny|100/100
|turn|16
|
|t:|1757861406
|move|p2a: Oricorio|Quiver Dance|p2a: Oricorio
|-boost|p2a: Oricorio|spa|1
|-boost|p2a: Oricorio|spd|1
|-boost|p2a: Oricorio|spe|1
|move|p1a: Alomomola|Mirror Coat||[still]
|-fail|p1a: Alomomola
|
|-heal|p2a: Oricorio|94/100 brn|[from] item: Leftovers
|-damage|p2a: Oricorio|88/100 brn|[from] brn
|upkeep
|turn|17
|
|t:|1757861416
|move|p2a: Oricorio|Quiver Dance|p2a: Oricorio
|-boost|p2a: Oricorio|spa|1
|-boost|p2a: Oricorio|spd|1
|-boost|p2a: Oricorio|spe|1
|move|p1a: Alomomola|Wish|p1a: Alomomola
|
|-heal|p2a: Oricorio|94/100 brn|[from] item: Leftovers
|-damage|p2a: Oricorio|88/100 brn|[from] brn
|upkeep
|turn|18
|
|t:|1757861430
|move|p2a: Oricorio|Substitute|p2a: Oricorio
|-start|p2a: Oricorio|Substitute
|-damage|p2a: Oricorio|63/100 brn
|move|p1a: Alomomola|Mirror Coat||[still]
|-fail|p1a: Alomomola
|
|-heal|p2a: Oricorio|69/100 brn|[from] item: Leftovers
|-damage|p2a: Oricorio|63/100 brn|[from] brn
|upkeep
|turn|19
|
|t:|1757861440
|move|p2a: Oricorio|Quiver Dance|p2a: Oricorio
|-boost|p2a: Oricorio|spa|1
|-boost|p2a: Oricorio|spd|1
|-boost|p2a: Oricorio|spe|1
|move|p1a: Alomomola|Flip Turn|p2a: Oricorio
|-end|p2a: Oricorio|Substitute
|
|t:|1757861451
|switch|p1a: Chansey|Chansey, F|66/100|[from] Flip Turn
|
|-heal|p2a: Oricorio|69/100 brn|[from] item: Leftovers
|-damage|p2a: Oricorio|63/100 brn|[from] brn
|upkeep
|turn|20
|
|t:|1757861462
|move|p2a: Oricorio|Air Slash|p1a: Chansey
|-damage|p1a: Chansey|44/100
|move|p1a: Chansey|Stealth Rock|p2a: Oricorio
|-sidestart|p2: RK Earth 9000|move: Stealth Rock
|
|-heal|p2a: Oricorio|69/100 brn|[from] item: Leftovers
|-damage|p2a: Oricorio|63/100 brn|[from] brn
|upkeep
|turn|21
|
|t:|1757861471
|move|p2a: Oricorio|Air Slash|p1a: Chansey
|-damage|p1a: Chansey|23/100
|cant|p1a: Chansey|flinch
|
|-heal|p2a: Oricorio|69/100 brn|[from] item: Leftovers
|-damage|p2a: Oricorio|63/100 brn|[from] brn
|upkeep
|turn|22
|
|t:|1757861480
|move|p2a: Oricorio|Air Slash|p1a: Chansey
|-damage|p1a: Chansey|0 fnt
|faint|p1a: Chansey
|
|-heal|p2a: Oricorio|69/100 brn|[from] item: Leftovers
|-damage|p2a: Oricorio|63/100 brn|[from] brn
|upkeep
|
|t:|1757861483
|switch|p1a: Alomomola|Alomomola, F, shiny|100/100
|turn|23
|
|t:|1757861494
|move|p2a: Oricorio|Revelation Dance|p1a: Alomomola
|-damage|p1a: Alomomola|16/100
|move|p1a: Alomomola|Flip Turn|p2a: Oricorio
|-damage|p2a: Oricorio|37/100 brn
|
|t:|1757861498
|switch|p1a: Gholdengo|Gholdengo|83/100|[from] Flip Turn
|
|-heal|p2a: Oricorio|43/100 brn|[from] item: Leftovers
|-damage|p2a: Oricorio|37/100 brn|[from] brn
|upkeep
|turn|24
|
|t:|1757861514
|move|p2a: Oricorio|Revelation Dance|p1a: Gholdengo
|-supereffective|p1a: Gholdengo
|-damage|p1a: Gholdengo|0 fnt
|faint|p1a: Gholdengo
|
|-heal|p2a: Oricorio|43/100 brn|[from] item: Leftovers
|-damage|p2a: Oricorio|37/100 brn|[from] brn
|upkeep
|
|t:|1757861519
|switch|p1a: Alomomola|Alomomola, F, shiny|49/100
|turn|25
|-message|Newt 2099 forfeited.
|
|win|RK Earth 9000
|raw|Newt 2099's rating: 1233 &rarr; <strong>1203</strong><br />(-30 for losing)
|raw|RK Earth 9000's rating: 1167 &rarr; <strong>1197</strong><br />(+30 for winning)
|l|☆Newt 2099
|player|p1|
|l|☆RK Earth 9000
|player|p2|
