|j|☆V4rgasS
|j|☆TEATRERO MUGROSO
|t:|1757872128
|gametype|singles
|player|p1|V4rgasS|102|1234
|player|p2|TEATRERO MUGROSO|cynthia-gen4|1232
|gen|9
|tier|[Gen 9] OU
|rated|
|rule|HP Percentage Mod: HP is shown in percentages
|rule|Endless Battle Clause: Forcing endless battles is banned
|rule|Species Clause: Limit one of each Pokémon
|rule|OHKO Clause: OHKO moves are banned
|rule|Evasion Items Clause: Evasion items are banned
|rule|Evasion Moves Clause: Evasion moves are banned
|rule|Evasion Abilities Clause: Evasion abilities are banned
|rule|Sleep Moves Clause: Sleep-inducing moves are banned
|clearpoke
|poke|p1|Kingambit, F|
|poke|p1|Deoxys-Speed|
|poke|p1|Great Tusk|
|poke|p1|Dragonite, F|
|poke|p1|Iron Moth|
|poke|p1|Primarina, M|
|poke|p2|Clefable, M|
|poke|p2|Blastoise, M|
|poke|p2|Gengar, M|
|poke|p2|Magneton|
|poke|p2|Dragonite, F|
|poke|p2|Moltres|
|teampreview
|inactive|Battle timer is ON: inactive players will automatically lose when time's up. (requested by TEATRERO MUGROSO)
|inactive|TEATRERO MUGROSO has 120 seconds left.
|inactive|TEATRERO MUGROSO has 90 seconds left.
|inactive|TEATRERO MUGROSO has 60 seconds left.
|
|t:|1757872234
|teamsize|p1|6
|teamsize|p2|6
|start
|switch|p1a: Siren|Primarina, M|100/100
|switch|p2a: Gengar|Gengar, M|100/100
|turn|1
|
|t:|1757872254
|move|p2a: Gengar|Sludge Wave|p1a: Siren
|-supereffective|p1a: Siren
|-damage|p1a: Siren|42/100
|move|p1a: Siren|Moonblast|p2a: Gengar
|-resisted|p2a: Gengar
|-damage|p2a: Gengar|53/100
|-start|p1a: Siren|Disable|Moonblast|[from] ability: Cursed Body|[of] p2a: Gengar
|
|upkeep
|turn|2
|
|t:|1757872263
|switch|p1a: Meruem|Kingambit, F|100/100
|move|p2a: Gengar|Sludge Wave|p1a: Meruem
|-immune|p1a: Meruem
|
|upkeep
|turn|3
|inactive|TEATRERO MUGROSO has 120 seconds left.
|
|t:|1757872269
|move|p2a: Gengar|Destiny Bond|p2a: Gengar
|-singlemove|p2a: Gengar|Destiny Bond
|move|p1a: Meruem|Swords Dance|p1a: Meruem
|-boost|p1a: Meruem|atk|2
|
|upkeep
|turn|4
|
|t:|1757872274
|move|p1a: Meruem|Sucker Punch|p2a: Gengar
|-supereffective|p2a: Gengar
|-damage|p2a: Gengar|0 fnt
|faint|p2a: Gengar
|-activate|p2a: Gengar|move: Destiny Bond
|faint|p1a: Meruem
|-end|p1a: Meruem|fallenundefined|[silent]
|
|upkeep
|inactive|TEATRERO MUGROSO has 120 seconds left.
|
|t:|1757872305
|switch|p2a: Dragonite|Dragonite, F|100/100
|switch|p1a: Anomaly|Great Tusk|100/100
|-enditem|p1a: Anomaly|Booster Energy
|-activate|p1a: Anomaly|ability: Protosynthesis|[fromitem]
|-start|p1a: Anomaly|protosynthesisatk
|turn|5
|
|t:|1757872311
|switch|p2a: Moltres|Moltres|100/100
|move|p1a: Anomaly|Ice Spinner|p2a: Moltres
|-damage|p2a: Moltres|66/100
|
|upkeep
|turn|6
|
|t:|1757872319
|move|p2a: Moltres|Air Slash|p1a: Anomaly
|-supereffective|p1a: Anomaly
|-damage|p1a: Anomaly|6/100
|move|p1a: Anomaly|Close Combat|p2a: Moltres
|-resisted|p2a: Moltres
|-damage|p2a: Moltres|25/100
|-unboost|p1a: Anomaly|def|1
|-unboost|p1a: Anomaly|spd|1
|-status|p1a: Anomaly|brn|[from] ability: Flame Body|[of] p2a: Moltres
|
|-damage|p1a: Anomaly|0 fnt|[from] brn
|faint|p1a: Anomaly
|-end|p1a: Anomaly|Protosynthesis|[silent]
|upkeep
|
|t:|1757872330
|switch|p1a: Siren|Primarina, M|42/100
|turn|7
|inactive|TEATRERO MUGROSO has 120 seconds left.
|
|t:|1757872336
|switch|p2a: Clefable|Clefable, M|100/100
|move|p1a: Siren|Surf|p2a: Clefable
|-damage|p2a: Clefable|68/100
|
|-heal|p2a: Clefable|74/100|[from] item: Leftovers
|upkeep
|turn|8
|
|t:|1757872349
|move|p1a: Siren|Whirlpool|p2a: Clefable
|-damage|p2a: Clefable|60/100
|-activate|p2a: Clefable|move: Whirlpool|[of] p1a: Siren
|move|p2a: Clefable|Thunder Wave|p1a: Siren
|-status|p1a: Siren|par
|
|-heal|p2a: Clefable|66/100|[from] item: Leftovers
|-damage|p2a: Clefable|53/100|[from] move: Whirlpool|[partiallytrapped]
|upkeep
|turn|9
|
|t:|1757872359
|switch|p1a: Anomаly|Iron Moth|100/100
|-enditem|p1a: Anomаly|Booster Energy
|-activate|p1a: Anomаly|ability: Quark Drive|[fromitem]
|-start|p1a: Anomаly|quarkdrivespe
|move|p2a: Clefable|Moonlight|p2a: Clefable
|-heal|p2a: Clefable|100/100
|
|-end|p2a: Clefable|Whirlpool|[partiallytrapped]|[silent]
|upkeep
|turn|10
|
|t:|1757872369
|move|p1a: Anomаly|Sludge Wave|p2a: Clefable
|-supereffective|p2a: Clefable
|-damage|p2a: Clefable|40/100
|move|p2a: Clefable|Thunder Wave|p1a: Anomаly
|-status|p1a: Anomаly|par
|
|-heal|p2a: Clefable|47/100|[from] item: Leftovers
|upkeep
|turn|11
|
|t:|1757872379
|switch|p2a: Magneton|Magneton|100/100
|move|p1a: Anomаly|Sludge Wave|p2a: Magneton
|-immune|p2a: Magneton
|
|upkeep
|turn|12
|inactive|TEATRERO MUGROSO has 120 seconds left.
|inactive|TEATRERO MUGROSO has 90 seconds left.
|
|t:|1757872436
|move|p1a: Anomаly|Fiery Dance|p2a: Magneton
|-supereffective|p2a: Magneton
|-damage|p2a: Magneton|0 fnt
|-boost|p1a: Anomаly|spa|1
|faint|p2a: Magneton
|
|upkeep
|
|t:|1757872443
|switch|p2a: Dragonite|Dragonite, F|100/100
|turn|13
|inactive|TEATRERO MUGROSO has 90 seconds left.
|
|t:|1757872464
|-end|p1a: Anomаly|Quark Drive|[silent]
|switch|p1a: Siren|Primarina, M|42/100 par
|move|p2a: Dragonite|Earthquake|p1a: Siren
|-damage|p1a: Siren|0 fnt
|faint|p1a: Siren
|
|upkeep
|
|t:|1757872472
|switch|p1a: Moebius|Deoxys-Speed|100/100
|-ability|p1a: Moebius|Pressure
|turn|14
|inactive|TEATRERO MUGROSO has 90 seconds left.
|
|t:|1757872492
|switch|p2a: Blastoise|Blastoise, M|100/100
|move|p1a: Moebius|Nasty Plot|p1a: Moebius
|-boost|p1a: Moebius|spa|2
|
|upkeep
|turn|15
|inactive|TEATRERO MUGROSO has 90 seconds left.
|
|t:|1757872499
|move|p1a: Moebius|Psycho Boost|p2a: Blastoise
|-damage|p2a: Blastoise|0 fnt
|-unboost|p1a: Moebius|spa|2
|faint|p2a: Blastoise
|-damage|p1a: Moebius|91/100|[from] item: Life Orb
|
|upkeep
|inactive|TEATRERO MUGROSO has 90 seconds left.
|
|t:|1757872506
|switch|p2a: Clefable|Clefable, M|47/100
|turn|16
|
|t:|1757872528
|move|p1a: Moebius|Nasty Plot|p1a: Moebius
|-boost|p1a: Moebius|spa|2
|move|p2a: Clefable|Moonlight|p2a: Clefable
|-heal|p2a: Clefable|96/100
|
|-heal|p2a: Clefable|100/100|[from] item: Leftovers
|upkeep
|turn|17
|
|t:|1757872535
|move|p1a: Moebius|Psycho Boost|p2a: Clefable
|-damage|p2a: Clefable|49/100
|-unboost|p1a: Moebius|spa|2
|-damage|p1a: Moebius|81/100|[from] item: Life Orb
|move|p2a: Clefable|Thunder Wave|p1a: Moebius
|-status|p1a: Moebius|par
|
|-heal|p2a: Clefable|55/100|[from] item: Leftovers
|upkeep
|turn|18
|
|t:|1757872548
|move|p1a: Moebius|Nasty Plot|p1a: Moebius
|-boost|p1a: Moebius|spa|2
|move|p2a: Clefable|Stealth Rock|p1a: Moebius
|-sidestart|p1: V4rgasS|move: Stealth Rock
|
|-heal|p2a: Clefable|61/100|[from] item: Leftovers
|upkeep
|turn|19
|
|t:|1757872555
|move|p1a: Moebius|Nasty Plot|p1a: Moebius
|-boost|p1a: Moebius|spa|2
|move|p2a: Clefable|Moonlight|p2a: Clefable
|-heal|p2a: Clefable|100/100
|
|upkeep
|turn|20
|
|t:|1757872561
|move|p1a: Moebius|Nasty Plot|p1a: Moebius
|-boost|p1a: Moebius|spa|2
|move|p2a: Clefable|Moonblast|p1a: Moebius
|-damage|p1a: Moebius|36/100 par
|
|upkeep
|turn|21
|inactive|TEATRERO MUGROSO has 120 seconds left.
|
|t:|1757872570
|cant|p1a: Moebius|par
|move|p2a: Clefable|Moonlight|p2a: Clefable
|-fail|p2a: Clefable|heal
|
|upkeep
|turn|22
|
|t:|1757872576
|move|p1a: Moebius|Psycho Boost|p2a: Clefable
|-damage|p2a: Clefable|47/100
|-unboost|p1a: Moebius|spa|2
|-damage|p1a: Moebius|27/100 par|[from] item: Life Orb
|move|p2a: Clefable|Moonlight|p2a: Clefable
|-heal|p2a: Clefable|96/100
|
|-heal|p2a: Clefable|100/100|[from] item: Leftovers
|upkeep
|turn|23
|
|t:|1757872586
|move|p1a: Moebius|Nasty Plot|p1a: Moebius
|-boost|p1a: Moebius|spa|2
|move|p2a: Clefable|Moonlight|p2a: Clefable
|-fail|p2a: Clefable|heal
|
|upkeep
|turn|24
|
|t:|1757872594
|move|p1a: Moebius|Nasty Plot|p1a: Moebius
|-boost|p1a: Moebius|spa|0
|move|p2a: Clefable|Moonlight|p2a: Clefable
|-fail|p2a: Clefable|heal
|
|upkeep
|turn|25
|
|t:|1757872613
|move|p1a: Moebius|Focus Blast|p2a: Clefable|[miss]
|-miss|p1a: Moebius|p2a: Clefable
|move|p2a: Clefable|Moonblast|p1a: Moebius
|-damage|p1a: Moebius|0 fnt
|faint|p1a: Moebius
|
|upkeep
|
|t:|1757872620
|switch|p1a: Yoshi|Dragonite, F, shiny|100/100
|-damage|p1a: Yoshi|76/100|[from] Stealth Rock
|turn|26
|
|t:|1757872625
|-terastallize|p1a: Yoshi|Normal
|move|p1a: Yoshi|Extreme Speed|p2a: Clefable
|-damage|p2a: Clefable|25/100
|move|p2a: Clefable|Moonblast|p1a: Yoshi
|-damage|p1a: Yoshi|44/100
|
|-heal|p2a: Clefable|32/100|[from] item: Leftovers
|upkeep
|turn|27
|
|t:|1757872638
|switch|p2a: Moltres|Moltres|25/100
|move|p1a: Yoshi|Extreme Speed|p2a: Moltres
|-damage|p2a: Moltres|0 fnt
|faint|p2a: Moltres
|
|upkeep
|
|t:|1757872646
|switch|p2a: Clefable|Clefable, M|32/100
|turn|28
|
|t:|1757872650
|move|p1a: Yoshi|Extreme Speed|p2a: Clefable
|-damage|p2a: Clefable|0 fnt
|faint|p2a: Clefable
|
|upkeep
|
|t:|1757872655
|switch|p2a: Dragonite|Dragonite, F|100/100
|turn|29
|
|t:|1757872661
|-terastallize|p2a: Dragonite|Normal
|move|p2a: Dragonite|Extreme Speed|p1a: Yoshi
|-damage|p1a: Yoshi|0 fnt
|faint|p1a: Yoshi
|
|upkeep
|
|t:|1757872667
|switch|p1a: Anomаly|Iron Moth|100/100 par
|-damage|p1a: Anomаly|76/100 par|[from] Stealth Rock
|turn|30
|
|t:|1757872674
|move|p2a: Dragonite|Extreme Speed|p1a: Anomаly
|-damage|p1a: Anomаly|0 fnt
|faint|p1a: Anomаly
|-end|p1a: Anomаly|Quark Drive|[silent]
|
|win|TEATRERO MUGROSO
|raw|V4rgasS's rating: 1234 &rarr; <strong>1209</strong><br />(-25 for losing)
|raw|TEATRERO MUGROSO's rating: 1232 &rarr; <strong>1257</strong><br />(+25 for winning)
|c|☆TEATRERO MUGROSO|gg
|l|☆V4rgasS
|player|p1|
|l|☆TEATRERO MUGROSO
|player|p2|
