|j|☆Railio
|j|☆jawnpilgrim
|t:|1757910577
|gametype|singles
|player|p1|Railio|2|1239
|player|p2|jawnpilgrim|n|1192
|gen|9
|tier|[Gen 9] OU
|rated|
|rule|HP Percentage Mod: HP is shown in percentages
|rule|Endless Battle Clause: Forcing endless battles is banned
|rule|Species Clause: Limit one of each Pokémon
|rule|OHKO Clause: OHKO moves are banned
|rule|Evasion Items Clause: Evasion items are banned
|rule|Evasion Moves Clause: Evasion moves are banned
|rule|Evasion Abilities Clause: Evasion abilities are banned
|rule|Sleep Moves Clause: Sleep-inducing moves are banned
|clearpoke
|poke|p1|Kyurem|
|poke|p1|Rillaboom, M|
|poke|p1|Ting-Lu|
|poke|p1|Weezing-Galar, F|
|poke|p1|Moltres|
|poke|p1|Iron Crown|
|poke|p2|Excadrill, F|
|poke|p2|Tyranitar, M|
|poke|p2|Zapdos|
|poke|p2|Dragapult, M|
|poke|p2|Tinkaton, F|
|poke|p2|Typhlosion, M|
|teampreview
|inactive|Battle timer is ON: inactive players will automatically lose when time's up. (requested by Railio)
|
|t:|1757910593
|teamsize|p1|6
|teamsize|p2|6
|start
|switch|p1a: Rillaboom|Rillaboom, M|100/100
|switch|p2a: Tinkaton|Tinkaton, F|100/100
|-fieldstart|move: Grassy Terrain|[from] ability: Grassy Surge|[of] p1a: Rillaboom
|turn|1
|
|t:|1757910609
|move|p2a: Tinkaton|Stealth Rock|p1a: Rillaboom
|-sidestart|p1: Railio|move: Stealth Rock
|move|p1a: Rillaboom|Wood Hammer|p2a: Tinkaton
|-resisted|p2a: Tinkaton
|-damage|p2a: Tinkaton|37/100
|-damage|p1a: Rillaboom|81/100|[from] Recoil
|-enditem|p1a: Rillaboom|Leftovers|[silent]|[from] ability: Pickpocket|[of] p1a: Rillaboom
|-item|p2a: Tinkaton|Leftovers|[from] ability: Pickpocket|[of] p1a: Rillaboom
|
|-heal|p2a: Tinkaton|43/100|[from] Grassy Terrain
|-heal|p2a: Tinkaton|49/100|[from] item: Leftovers
|-heal|p1a: Rillaboom|88/100|[from] Grassy Terrain
|upkeep
|turn|2
|
|t:|1757910623
|switch|p2a: Typhlosion|Typhlosion, M, shiny|100/100
|move|p1a: Rillaboom|U-turn|p2a: Typhlosion
|-resisted|p2a: Typhlosion
|-damage|p2a: Typhlosion|83/100
|
|t:|1757910637
|switch|p1a: Weezing|Weezing-Galar, F|100/100|[from] U-turn
|-ability|p1a: Weezing|Neutralizing Gas
|-damage|p1a: Weezing|88/100|[from] Stealth Rock
|
|-heal|p2a: Typhlosion|89/100|[from] Grassy Terrain
|-heal|p2a: Typhlosion|95/100|[from] item: Leftovers
|-heal|p1a: Weezing|94/100|[from] Grassy Terrain
|-heal|p1a: Weezing|99/100|[from] item: Leftovers
|upkeep
|turn|3
|
|t:|1757910649
|move|p2a: Typhlosion|Scorching Sands|p1a: Weezing
|-supereffective|p1a: Weezing
|-damage|p1a: Weezing|46/100
|move|p1a: Weezing|Defog|p2a: Typhlosion
|-unboost|p2a: Typhlosion|evasion|1
|-sideend|p1: Railio|Stealth Rock|[from] move: Defog|[of] p1a: Weezing
|-fieldend|move: Grassy Terrain
|
|-heal|p2a: Typhlosion|100/100|[from] item: Leftovers
|-heal|p1a: Weezing|52/100|[from] item: Leftovers
|upkeep
|turn|4
|
|t:|1757910658
|-end|p1a: Weezing|ability: Neutralizing Gas
|switch|p1a: Rillaboom|Rillaboom, M|88/100
|-fieldstart|move: Grassy Terrain|[from] ability: Grassy Surge|[of] p1a: Rillaboom
|move|p2a: Typhlosion|Scorching Sands|p1a: Rillaboom
|-resisted|p1a: Rillaboom
|-damage|p1a: Rillaboom|74/100
|
|-heal|p1a: Rillaboom|80/100|[from] Grassy Terrain
|upkeep
|turn|5
|
|t:|1757910670
|switch|p1a: Ting-Lu|Ting-Lu|100/100
|-ability|p1a: Ting-Lu|Vessel of Ruin
|move|p2a: Typhlosion|Eruption|p1a: Ting-Lu
|-damage|p1a: Ting-Lu|74/100
|
|-heal|p1a: Ting-Lu|80/100|[from] Grassy Terrain
|-heal|p1a: Ting-Lu|86/100|[from] item: Leftovers
|upkeep
|turn|6
|
|t:|1757910682
|move|p2a: Typhlosion|Focus Blast|p1a: Ting-Lu
|-supereffective|p1a: Ting-Lu
|-damage|p1a: Ting-Lu|53/100
|move|p1a: Ting-Lu|Ruination|p2a: Typhlosion
|-damage|p2a: Typhlosion|51/100
|
|-heal|p2a: Typhlosion|57/100|[from] Grassy Terrain
|-heal|p2a: Typhlosion|63/100|[from] item: Leftovers
|-heal|p1a: Ting-Lu|60/100|[from] Grassy Terrain
|-heal|p1a: Ting-Lu|66/100|[from] item: Leftovers
|upkeep
|turn|7
|
|t:|1757910698
|move|p2a: Typhlosion|Focus Blast|p1a: Ting-Lu
|-supereffective|p1a: Ting-Lu
|-damage|p1a: Ting-Lu|32/100
|move|p1a: Ting-Lu|Stealth Rock|p2a: Typhlosion
|-sidestart|p2: jawnpilgrim|move: Stealth Rock
|
|-heal|p2a: Typhlosion|69/100|[from] Grassy Terrain
|-heal|p2a: Typhlosion|75/100|[from] item: Leftovers
|-heal|p1a: Ting-Lu|39/100|[from] Grassy Terrain
|-heal|p1a: Ting-Lu|45/100|[from] item: Leftovers
|upkeep
|turn|8
|
|t:|1757910717
|move|p2a: Typhlosion|Focus Blast|p1a: Ting-Lu
|-supereffective|p1a: Ting-Lu
|-damage|p1a: Ting-Lu|11/100
|move|p1a: Ting-Lu|Ruination|p2a: Typhlosion
|-damage|p2a: Typhlosion|38/100
|
|-heal|p2a: Typhlosion|44/100|[from] Grassy Terrain
|-heal|p2a: Typhlosion|50/100|[from] item: Leftovers
|-heal|p1a: Ting-Lu|17/100|[from] Grassy Terrain
|-heal|p1a: Ting-Lu|24/100|[from] item: Leftovers
|-fieldend|move: Grassy Terrain
|upkeep
|turn|9
|
|t:|1757910737
|move|p2a: Typhlosion|Eruption|p1a: Ting-Lu
|-damage|p1a: Ting-Lu|9/100
|move|p1a: Ting-Lu|Earthquake|p2a: Typhlosion
|-supereffective|p2a: Typhlosion
|-damage|p2a: Typhlosion|0 fnt
|faint|p2a: Typhlosion
|
|-heal|p1a: Ting-Lu|15/100|[from] item: Leftovers
|upkeep
|
|t:|1757910747
|switch|p2a: Tyranitar|Tyranitar, M|100/100
|-damage|p2a: Tyranitar|88/100|[from] Stealth Rock
|-weather|Sandstorm|[from] ability: Sand Stream|[of] p2a: Tyranitar
|turn|10
|
|t:|1757910759
|switch|p1a: Rillaboom|Rillaboom, M|80/100
|-fieldstart|move: Grassy Terrain|[from] ability: Grassy Surge|[of] p1a: Rillaboom
|move|p2a: Tyranitar|Ice Punch|p1a: Rillaboom
|-supereffective|p1a: Rillaboom
|-damage|p1a: Rillaboom|14/100
|
|-weather|Sandstorm|[upkeep]
|-damage|p1a: Rillaboom|8/100|[from] Sandstorm
|-heal|p1a: Rillaboom|14/100|[from] Grassy Terrain
|-heal|p2a: Tyranitar|94/100|[from] Grassy Terrain
|upkeep
|turn|11
|
|t:|1757910771
|-terastallize|p2a: Tyranitar|Flying
|move|p1a: Rillaboom|Knock Off|p2a: Tyranitar
|-damage|p2a: Tyranitar|65/100
|-enditem|p2a: Tyranitar|Smooth Rock|[from] move: Knock Off|[of] p1a: Rillaboom
|move|p2a: Tyranitar|Ice Punch|p1a: Rillaboom
|-supereffective|p1a: Rillaboom
|-damage|p1a: Rillaboom|0 fnt
|faint|p1a: Rillaboom
|
|-weather|Sandstorm|[upkeep]
|-damage|p2a: Tyranitar|59/100|[from] Sandstorm
|upkeep
|
|t:|1757910784
|switch|p1a: Kyurem|Kyurem|100/100
|-ability|p1a: Kyurem|Pressure
|turn|12
|
|t:|1757910791
|move|p1a: Kyurem|Dragon Dance|p1a: Kyurem
|-boost|p1a: Kyurem|atk|1
|-boost|p1a: Kyurem|spe|1
|move|p2a: Tyranitar|Earthquake|p1a: Kyurem
|-damage|p1a: Kyurem|83/100
|
|-weather|Sandstorm|[upkeep]
|-damage|p1a: Kyurem|76/100|[from] Sandstorm
|-damage|p2a: Tyranitar|52/100|[from] Sandstorm
|-heal|p1a: Kyurem|83/100|[from] Grassy Terrain
|upkeep
|turn|13
|
|t:|1757910805
|switch|p2a: Tinkaton|Tinkaton, F|49/100
|-damage|p2a: Tinkaton|43/100|[from] Stealth Rock
|move|p1a: Kyurem|Icicle Spear|p2a: Tinkaton
|-resisted|p2a: Tinkaton
|-damage|p2a: Tinkaton|28/100
|-resisted|p2a: Tinkaton
|-damage|p2a: Tinkaton|14/100
|-resisted|p2a: Tinkaton
|-damage|p2a: Tinkaton|0 fnt
|faint|p2a: Tinkaton
|-hitcount|p2: Tinkaton|3
|
|-weather|Sandstorm|[upkeep]
|-damage|p1a: Kyurem|76/100|[from] Sandstorm
|-heal|p1a: Kyurem|83/100|[from] Grassy Terrain
|upkeep
|
|t:|1757910824
|switch|p2a: Dragapult|Dragapult, M|100/100
|-damage|p2a: Dragapult|88/100|[from] Stealth Rock
|turn|14
|
|t:|1757910832
|move|p1a: Kyurem|Icicle Spear|p2a: Dragapult
|-supereffective|p2a: Dragapult
|-damage|p2a: Dragapult|24/100
|-supereffective|p2a: Dragapult
|-damage|p2a: Dragapult|0 fnt
|faint|p2a: Dragapult
|-hitcount|p2: Dragapult|2
|
|-weather|Sandstorm|[upkeep]
|-damage|p1a: Kyurem|76/100|[from] Sandstorm
|-heal|p1a: Kyurem|83/100|[from] Grassy Terrain
|-fieldend|move: Grassy Terrain
|upkeep
|
|t:|1757910846
|switch|p2a: Excadrill|Excadrill, F|100/100
|-damage|p2a: Excadrill|97/100|[from] Stealth Rock
|turn|15
|
|t:|1757910850
|move|p2a: Excadrill|Earthquake|p1a: Kyurem
|-damage|p1a: Kyurem|12/100
|move|p1a: Kyurem|Icicle Spear|p2a: Excadrill
|-damage|p2a: Excadrill|69/100
|-damage|p2a: Excadrill|39/100
|-damage|p2a: Excadrill|7/100
|-damage|p2a: Excadrill|0 fnt
|faint|p2a: Excadrill
|-hitcount|p2: Excadrill|4
|
|-weather|Sandstorm|[upkeep]
|-damage|p1a: Kyurem|6/100|[from] Sandstorm
|upkeep
|
|t:|1757910862
|switch|p2a: Tyranitar|Tyranitar, M, tera:Flying|52/100
|-damage|p2a: Tyranitar|27/100|[from] Stealth Rock
|turn|16
|
|t:|1757910867
|move|p1a: Kyurem|Icicle Spear|p2a: Tyranitar
|-supereffective|p2a: Tyranitar
|-damage|p2a: Tyranitar|0 fnt
|faint|p2a: Tyranitar
|-hitcount|p2: Tyranitar|1
|
|-weather|Sandstorm|[upkeep]
|-damage|p1a: Kyurem|0 fnt|[from] Sandstorm
|faint|p1a: Kyurem
|upkeep
|
|t:|1757910879
|switch|p1a: Ting-Lu|Ting-Lu|15/100
|switch|p2a: Zapdos|Zapdos, shiny|100/100
|-ability|p1a: Ting-Lu|Vessel of Ruin
|turn|17
|
|t:|1757910885
|move|p2a: Zapdos|Hurricane|p1a: Ting-Lu
|-damage|p1a: Ting-Lu|0 fnt
|faint|p1a: Ting-Lu
|
|-weather|none
|upkeep
|
|t:|1757910907
|switch|p1a: Weezing|Weezing-Galar, F|52/100
|-ability|p1a: Weezing|Neutralizing Gas
|turn|18
|
|t:|1757910916
|move|p2a: Zapdos|Hurricane|p1a: Weezing|[miss]
|-miss|p2a: Zapdos|p1a: Weezing
|move|p1a: Weezing|Pain Split|p2a: Zapdos
|-sethp|p2a: Zapdos|73/100|[from] move: Pain Split|[silent]
|-sethp|p1a: Weezing|84/100|[from] move: Pain Split
|
|-heal|p1a: Weezing|90/100|[from] item: Leftovers
|upkeep
|turn|19
|
|t:|1757910924
|move|p2a: Zapdos|Hurricane|p1a: Weezing|[miss]
|-miss|p2a: Zapdos|p1a: Weezing
|move|p1a: Weezing|Sludge Bomb|p2a: Zapdos
|-damage|p2a: Zapdos|44/100
|
|-heal|p1a: Weezing|96/100|[from] item: Leftovers
|upkeep
|turn|20
|
|t:|1757910932
|move|p2a: Zapdos|Roost|p2a: Zapdos
|-heal|p2a: Zapdos|94/100
|-singleturn|p2a: Zapdos|move: Roost
|move|p1a: Weezing|Sludge Bomb|p2a: Zapdos
|-damage|p2a: Zapdos|68/100
|
|-heal|p1a: Weezing|100/100|[from] item: Leftovers
|upkeep
|turn|21
|
|t:|1757910941
|move|p2a: Zapdos|Hurricane|p1a: Weezing
|-damage|p1a: Weezing|11/100
|move|p1a: Weezing|Sludge Bomb|p2a: Zapdos
|-damage|p2a: Zapdos|40/100
|
|-heal|p1a: Weezing|17/100|[from] item: Leftovers
|upkeep
|turn|22
|
|t:|1757910952
|move|p2a: Zapdos|Roost|p2a: Zapdos
|-heal|p2a: Zapdos|90/100
|-singleturn|p2a: Zapdos|move: Roost
|move|p1a: Weezing|Sludge Bomb|p2a: Zapdos
|-damage|p2a: Zapdos|64/100
|
|-heal|p1a: Weezing|23/100|[from] item: Leftovers
|upkeep
|turn|23
|
|t:|1757910961
|move|p2a: Zapdos|Volt Switch|p1a: Weezing
|-damage|p1a: Weezing|0 fnt
|faint|p1a: Weezing
|-end|p1a: Weezing|ability: Neutralizing Gas
|
|upkeep
|
|t:|1757910965
|switch|p1a: Moltres|Moltres|100/100
|-ability|p1a: Moltres|Pressure
|turn|24
|
|t:|1757910973
|-terastallize|p1a: Moltres|Ground
|move|p2a: Zapdos|Volt Switch|p1a: Moltres
|-immune|p1a: Moltres
|move|p1a: Moltres|Flamethrower|p2a: Zapdos
|-damage|p2a: Zapdos|26/100
|
|upkeep
|turn|25
|
|t:|1757910981
|move|p2a: Zapdos|Roost|p2a: Zapdos
|-heal|p2a: Zapdos|76/100
|-singleturn|p2a: Zapdos|move: Roost
|move|p1a: Moltres|Flamethrower|p2a: Zapdos
|-damage|p2a: Zapdos|39/100
|
|upkeep
|turn|26
|
|t:|1757910988
|move|p2a: Zapdos|Roost|p2a: Zapdos
|-heal|p2a: Zapdos|90/100
|-singleturn|p2a: Zapdos|move: Roost
|move|p1a: Moltres|Flamethrower|p2a: Zapdos
|-damage|p2a: Zapdos|56/100
|
|upkeep
|turn|27
|
|t:|1757910995
|move|p2a: Zapdos|Hurricane|p1a: Moltres|[miss]
|-miss|p2a: Zapdos|p1a: Moltres
|move|p1a: Moltres|Flamethrower|p2a: Zapdos
|-damage|p2a: Zapdos|22/100
|
|upkeep
|turn|28
|
|t:|1757911003
|move|p2a: Zapdos|Roost|p2a: Zapdos
|-heal|p2a: Zapdos|72/100
|-singleturn|p2a: Zapdos|move: Roost
|move|p1a: Moltres|Flamethrower|p2a: Zapdos
|-damage|p2a: Zapdos|37/100
|-status|p2a: Zapdos|brn
|
|-damage|p2a: Zapdos|31/100 brn|[from] brn
|upkeep
|turn|29
|
|t:|1757911012
|move|p2a: Zapdos|Roost|p2a: Zapdos
|-heal|p2a: Zapdos|81/100 brn
|-singleturn|p2a: Zapdos|move: Roost
|move|p1a: Moltres|Flamethrower|p2a: Zapdos
|-damage|p2a: Zapdos|44/100 brn
|
|-damage|p2a: Zapdos|38/100 brn|[from] brn
|upkeep
|turn|30
|
|t:|1757911021
|move|p2a: Zapdos|Hurricane|p1a: Moltres
|-damage|p1a: Moltres|34/100
|-start|p1a: Moltres|confusion
|-activate|p1a: Moltres|confusion
|move|p1a: Moltres|Flamethrower|p2a: Zapdos
|-damage|p2a: Zapdos|0 fnt
|faint|p2a: Zapdos
|
|win|Railio
|raw|Railio's rating: 1239 &rarr; <strong>1261</strong><br />(+22 for winning)
|raw|jawnpilgrim's rating: 1192 &rarr; <strong>1170</strong><br />(-22 for losing)
|l|☆Railio
|player|p1|
|c|☆jawnpilgrim|gg
|l|☆jawnpilgrim
|player|p2|
