|j|☆mach95a113
|j|☆ratrotation
|t:|1757812616
|gametype|singles
|player|p1|mach95a113|gardenia|1159
|player|p2|ratrotation|pokemaniac|1131
|gen|9
|tier|[Gen 9] OU
|rated|
|rule|HP Percentage Mod: HP is shown in percentages
|rule|Endless Battle Clause: Forcing endless battles is banned
|rule|Species Clause: Limit one of each Pokémon
|rule|OHKO Clause: OHKO moves are banned
|rule|Evasion Items Clause: Evasion items are banned
|rule|Evasion Moves Clause: Evasion moves are banned
|rule|Evasion Abilities Clause: Evasion abilities are banned
|rule|Sleep Moves Clause: Sleep-inducing moves are banned
|clearpoke
|poke|p1|Ninetales-Alola, M|
|poke|p1|Slowking-Galar, M|
|poke|p1|Primarina, F|
|poke|p1|Kyurem|
|poke|p1|Gastrodon, M|
|poke|p1|Cryogonal|
|poke|p2|Pecharunt|
|poke|p2|Heatran, M|
|poke|p2|Primarina, M|
|poke|p2|Great Tusk|
|poke|p2|Scizor, M|
|poke|p2|Dragonite, F|
|teampreview
|c|☆mach95a113|Good luck!
|
|t:|1757812638
|teamsize|p1|6
|teamsize|p2|6
|start
|switch|p1a: Slowking|Slowking-Galar, M|100/100
|switch|p2a: Primarina|Primarina, M, shiny|100/100
|turn|1
|c|☆ratrotation|glhf
|
|t:|1757812649
|move|p2a: Primarina|Calm Mind|p2a: Primarina
|-boost|p2a: Primarina|spa|1
|-boost|p2a: Primarina|spd|1
|-prepare|p1a: Slowking|Chilly Reception|[premajor]
|move|p1a: Slowking|Chilly Reception|p1a: Slowking
|-weather|Snowscape
|
|t:|1757812657
|switch|p1a: Ninetales|Ninetales-Alola, M|100/100|[from] Chilly Reception
|
|-weather|Snowscape|[upkeep]
|upkeep
|turn|2
|
|t:|1757812663
|move|p1a: Ninetales|Encore|p2a: Primarina
|-start|p2a: Primarina|Encore
|move|p2a: Primarina|Calm Mind|p2a: Primarina
|-boost|p2a: Primarina|spa|1
|-boost|p2a: Primarina|spd|1
|
|-weather|Snowscape|[upkeep]
|upkeep
|turn|3
|
|t:|1757812674
|move|p1a: Ninetales|Blizzard|p2a: Primarina
|-resisted|p2a: Primarina
|-damage|p2a: Primarina|92/100
|move|p2a: Primarina|Calm Mind|p2a: Primarina
|-boost|p2a: Primarina|spa|1
|-boost|p2a: Primarina|spd|1
|
|-weather|Snowscape|[upkeep]
|-heal|p2a: Primarina|98/100|[from] item: Leftovers
|upkeep
|turn|4
|
|t:|1757812682
|move|p1a: Ninetales|Nasty Plot|p1a: Ninetales
|-boost|p1a: Ninetales|spa|2
|move|p2a: Primarina|Calm Mind|p2a: Primarina
|-boost|p2a: Primarina|spa|1
|-boost|p2a: Primarina|spd|1
|
|-weather|Snowscape|[upkeep]
|-heal|p2a: Primarina|100/100|[from] item: Leftovers
|-end|p2a: Primarina|Encore
|upkeep
|turn|5
|
|t:|1757812697
|move|p1a: Ninetales|Encore|p2a: Primarina
|-start|p2a: Primarina|Encore
|move|p2a: Primarina|Calm Mind|p2a: Primarina
|-boost|p2a: Primarina|spa|1
|-boost|p2a: Primarina|spd|1
|
|-weather|none
|upkeep
|turn|6
|
|t:|1757812703
|move|p1a: Ninetales|Nasty Plot|p1a: Ninetales
|-boost|p1a: Ninetales|spa|2
|move|p2a: Primarina|Calm Mind|p2a: Primarina
|-boost|p2a: Primarina|spa|1
|-boost|p2a: Primarina|spd|1
|
|upkeep
|turn|7
|
|t:|1757812709
|move|p1a: Ninetales|Nasty Plot|p1a: Ninetales
|-boost|p1a: Ninetales|spa|2
|move|p2a: Primarina|Calm Mind|p2a: Primarina
|-boost|p2a: Primarina|spa|0
|-boost|p2a: Primarina|spd|0
|
|-end|p2a: Primarina|Encore
|upkeep
|turn|8
|
|t:|1757812717
|move|p1a: Ninetales|Encore|p2a: Primarina
|-start|p2a: Primarina|Encore
|move|p2a: Primarina|Calm Mind|p2a: Primarina
|-boost|p2a: Primarina|spa|0
|-boost|p2a: Primarina|spd|0
|
|upkeep
|turn|9
|
|t:|1757812741
|switch|p1a: Slowking|Slowking-Galar, M|100/100
|move|p2a: Primarina|Calm Mind|p2a: Primarina
|-boost|p2a: Primarina|spa|0
|-boost|p2a: Primarina|spd|0
|
|upkeep
|turn|10
|
|t:|1757812749
|switch|p1a: Ninetales|Ninetales-Alola, M|100/100
|-weather|Snowscape|[from] ability: Snow Warning|[of] p1a: Ninetales
|move|p2a: Primarina|Calm Mind|p2a: Primarina
|-boost|p2a: Primarina|spa|0
|-boost|p2a: Primarina|spd|0
|
|-weather|Snowscape|[upkeep]
|-end|p2a: Primarina|Encore
|upkeep
|turn|11
|
|t:|1757812757
|move|p1a: Ninetales|Encore|p2a: Primarina
|-start|p2a: Primarina|Encore
|move|p2a: Primarina|Calm Mind|p2a: Primarina
|-boost|p2a: Primarina|spa|0
|-boost|p2a: Primarina|spd|0
|
|-weather|Snowscape|[upkeep]
|upkeep
|turn|12
|
|t:|1757812763
|move|p1a: Ninetales|Blizzard|p2a: Primarina
|-resisted|p2a: Primarina
|-damage|p2a: Primarina|96/100
|move|p2a: Primarina|Calm Mind|p2a: Primarina
|-boost|p2a: Primarina|spa|0
|-boost|p2a: Primarina|spd|0
|
|-weather|Snowscape|[upkeep]
|-heal|p2a: Primarina|100/100|[from] item: Leftovers
|upkeep
|turn|13
|
|t:|1757812776
|move|p1a: Ninetales|Blizzard|p2a: Primarina
|-resisted|p2a: Primarina
|-damage|p2a: Primarina|96/100
|move|p2a: Primarina|Calm Mind|p2a: Primarina
|-boost|p2a: Primarina|spa|0
|-boost|p2a: Primarina|spd|0
|
|-weather|Snowscape|[upkeep]
|-heal|p2a: Primarina|100/100|[from] item: Leftovers
|-end|p2a: Primarina|Encore
|upkeep
|turn|14
|
|t:|1757812788
|move|p1a: Ninetales|Aurora Veil|p1a: Ninetales
|-sidestart|p1: mach95a113|move: Aurora Veil
|move|p2a: Primarina|Shadow Ball|p1a: Ninetales
|-damage|p1a: Ninetales|34/100
|
|-weather|Snowscape|[upkeep]
|upkeep
|turn|15
|
|t:|1757812798
|move|p1a: Ninetales|Blizzard|p2a: Primarina
|-resisted|p2a: Primarina
|-damage|p2a: Primarina|96/100
|move|p2a: Primarina|Shadow Ball|p1a: Ninetales
|-damage|p1a: Ninetales|0 fnt
|faint|p1a: Ninetales
|
|-weather|Snowscape|[upkeep]
|-heal|p2a: Primarina|100/100|[from] item: Leftovers
|upkeep
|
|t:|1757812824
|switch|p1a: Slowking|Slowking-Galar, M|100/100
|turn|16
|
|t:|1757812828
|move|p2a: Primarina|Shadow Ball|p1a: Slowking
|-supereffective|p1a: Slowking
|-damage|p1a: Slowking|12/100
|move|p1a: Slowking|Nasty Plot|p1a: Slowking
|-boost|p1a: Slowking|spa|2
|
|-weather|Snowscape|[upkeep]
|upkeep
|turn|17
|
|t:|1757812850
|move|p2a: Primarina|Shadow Ball|p1a: Slowking
|-supereffective|p1a: Slowking
|-damage|p1a: Slowking|0 fnt
|faint|p1a: Slowking
|
|-weather|none
|upkeep
|
|t:|1757812865
|switch|p1a: Kyurem|Kyurem|100/100
|-ability|p1a: Kyurem|Pressure
|turn|18
|
|t:|1757812870
|move|p1a: Kyurem|Shadow Ball|p2a: Primarina
|-damage|p2a: Primarina|94/100
|move|p2a: Primarina|Draining Kiss|p1a: Kyurem
|-supereffective|p1a: Kyurem
|-damage|p1a: Kyurem|0 fnt
|-heal|p2a: Primarina|100/100|[from] drain|[of] p1a: Kyurem
|faint|p1a: Kyurem
|
|-sideend|p1: mach95a113|move: Aurora Veil
|upkeep
|
|t:|1757812875
|switch|p1a: Primarina|Primarina, F|100/100
|turn|19
|
|t:|1757812881
|move|p1a: Primarina|Psychic Noise|p2a: Primarina
|-resisted|p2a: Primarina
|-damage|p2a: Primarina|96/100
|-start|p2a: Primarina|move: Heal Block
|move|p2a: Primarina|Shadow Ball|p1a: Primarina
|-crit|p1a: Primarina
|-damage|p1a: Primarina|0 fnt
|faint|p1a: Primarina
|
|upkeep
|
|t:|1757812884
|switch|p1a: Gastrodon|Gastrodon, M|100/100
|turn|20
|
|t:|1757812892
|move|p2a: Primarina|Shadow Ball|p1a: Gastrodon
|-damage|p1a: Gastrodon|0 fnt
|faint|p1a: Gastrodon
|
|-end|p2a: Primarina|move: Heal Block
|upkeep
|
|t:|1757812895
|switch|p1a: Cryogonal|Cryogonal|100/100
|turn|21
|
|t:|1757812901
|move|p1a: Cryogonal|Blizzard|p2a: Primarina|[miss]
|-miss|p1a: Cryogonal|p2a: Primarina
|move|p2a: Primarina|Draining Kiss|p1a: Cryogonal
|-damage|p1a: Cryogonal|19/100
|-heal|p2a: Primarina|100/100|[from] drain|[of] p1a: Cryogonal
|
|upkeep
|turn|22
|c|☆mach95a113|Gg
|
|t:|1757812910
|move|p1a: Cryogonal|Blizzard|p2a: Primarina
|-resisted|p2a: Primarina
|-damage|p2a: Primarina|96/100
|move|p2a: Primarina|Draining Kiss|p1a: Cryogonal
|-damage|p1a: Cryogonal|0 fnt
|-heal|p2a: Primarina|100/100|[from] drain|[of] p1a: Cryogonal
|faint|p1a: Cryogonal
|
|win|ratrotation
|raw|mach95a113's rating: 1159 &rarr; <strong>1132</strong><br />(-27 for losing)
|raw|ratrotation's rating: 1131 &rarr; <strong>1158</strong><br />(+27 for winning)
|c|☆ratrotation|gg
