|j|☆Kraffty
|j|☆skater66
|t:|1757841484
|gametype|singles
|player|p1|Kraffty|oak|1258
|player|p2|skater66|101|1234
|gen|9
|tier|[Gen 9] OU
|rated|
|rule|HP Percentage Mod: HP is shown in percentages
|rule|Endless Battle Clause: Forcing endless battles is banned
|rule|Species Clause: Limit one of each Pokémon
|rule|OHKO Clause: OHKO moves are banned
|rule|Evasion Items Clause: Evasion items are banned
|rule|Evasion Moves Clause: Evasion moves are banned
|rule|Evasion Abilities Clause: Evasion abilities are banned
|rule|Sleep Moves Clause: Sleep-inducing moves are banned
|clearpoke
|poke|p1|Comfey, F|
|poke|p1|Cryogonal|
|poke|p1|Glimmora, M|
|poke|p1|Maushold-Four|
|poke|p1|Mew|
|poke|p1|Clefable, M|
|poke|p2|Porygon2|
|poke|p2|Pecharunt|
|poke|p2|Cloyster, F|
|poke|p2|Ditto|
|poke|p2|Latios, M|
|poke|p2|Samurott-Hisui, M|
|teampreview
|inactive|Battle timer is ON: inactive players will automatically lose when time's up. (requested by Kraffty)
|
|t:|1757841497
|teamsize|p1|6
|teamsize|p2|6
|start
|switch|p1a: Cryogonal|Cryogonal|100/100
|switch|p2a: Latios|Latios, M|100/100
|turn|1
|
|t:|1757841503
|switch|p2a: Porygon2|Porygon2, shiny|100/100
|-ability|p2a: Porygon2|Download|boost
|-boost|p2a: Porygon2|atk|1
|move|p1a: Cryogonal|Freeze-Dry|p2a: Porygon2
|-damage|p2a: Porygon2|87/100
|-status|p2a: Porygon2|frz
|
|upkeep
|turn|2
|
|t:|1757841512
|switch|p1a: Comfey|Comfey, F|100/100
|cant|p2a: Porygon2|frz
|
|upkeep
|turn|3
|
|t:|1757841517
|move|p1a: Comfey|Trick|p2a: Porygon2
|-activate|p1a: Comfey|move: Trick|[of] p2a: Porygon2
|-item|p2a: Porygon2|Choice Band|[from] move: Trick
|-item|p1a: Comfey|Eviolite|[from] move: Trick
|cant|p2a: Porygon2|frz
|
|upkeep
|turn|4
|
|t:|1757841525
|move|p1a: Comfey|U-turn|p2a: Porygon2
|-damage|p2a: Porygon2|73/100 frz
|
|t:|1757841529
|switch|p1a: Maushold|Maushold-Four|100/100|[from] U-turn
|-curestatus|p2a: Porygon2|frz|[msg]
|move|p2a: Porygon2|Discharge|p1a: Maushold
|-damage|p1a: Maushold|69/100
|
|upkeep
|turn|5
|
|t:|1757841538
|move|p1a: Maushold|Tidy Up|p1a: Maushold
|-boost|p1a: Maushold|atk|1
|-boost|p1a: Maushold|spe|1
|move|p2a: Porygon2|Discharge|p1a: Maushold
|-damage|p1a: Maushold|41/100
|
|upkeep
|turn|6
|
|t:|1757841545
|-terastallize|p2a: Porygon2|Ghost
|move|p1a: Maushold|Population Bomb|p2a: Porygon2
|-immune|p2a: Porygon2
|move|p2a: Porygon2|Discharge|p1a: Maushold
|-damage|p1a: Maushold|13/100
|
|upkeep
|turn|7
|
|t:|1757841552
|move|p1a: Maushold|U-turn|p2a: Porygon2
|-resisted|p2a: Porygon2
|-damage|p2a: Porygon2|60/100
|
|t:|1757841557
|switch|p1a: Cryogonal|Cryogonal|100/100|[from] U-turn
|move|p2a: Porygon2|Discharge|p1a: Cryogonal
|-damage|p1a: Cryogonal|90/100
|
|upkeep
|turn|8
|
|t:|1757841563
|move|p1a: Cryogonal|Freeze-Dry|p2a: Porygon2
|-crit|p2a: Porygon2
|-damage|p2a: Porygon2|30/100
|move|p2a: Porygon2|Discharge|p1a: Cryogonal
|-damage|p1a: Cryogonal|79/100
|
|upkeep
|turn|9
|
|t:|1757841570
|move|p1a: Cryogonal|Freeze-Dry|p2a: Porygon2
|-damage|p2a: Porygon2|11/100
|move|p2a: Porygon2|Discharge|p1a: Cryogonal
|-damage|p1a: Cryogonal|67/100
|-status|p1a: Cryogonal|par
|
|upkeep
|turn|10
|
|t:|1757841577
|move|p1a: Cryogonal|Freeze-Dry|p2a: Porygon2
|-damage|p2a: Porygon2|0 fnt
|faint|p2a: Porygon2
|
|upkeep
|
|t:|1757841586
|switch|p2a: Samurott|Samurott-Hisui, M|100/100
|turn|11
|
|t:|1757841590
|switch|p1a: Glimmora|Glimmora, M|100/100
|move|p2a: Samurott|Ceaseless Edge|p1a: Glimmora
|-damage|p1a: Glimmora|59/100
|-activate|p1a: Glimmora|ability: Toxic Debris
|-sidestart|p2: skater66|move: Toxic Spikes
|-sidestart|p1: Kraffty|Spikes
|
|upkeep
|turn|12
|
|t:|1757841599
|move|p2a: Samurott|Ceaseless Edge|p1a: Glimmora|[miss]
|-miss|p2a: Samurott|p1a: Glimmora
|move|p1a: Glimmora|Stealth Rock|p2a: Samurott
|-sidestart|p2: skater66|move: Stealth Rock
|
|upkeep
|turn|13
|
|t:|1757841605
|move|p1a: Glimmora|Spiky Shield|p1a: Glimmora
|-singleturn|p1a: Glimmora|move: Protect
|move|p2a: Samurott|Ceaseless Edge|p1a: Glimmora
|-activate|p1a: Glimmora|move: Protect
|-damage|p2a: Samurott|88/100|[from] Spiky Shield|[of] p1a: Glimmora
|
|upkeep
|turn|14
|
|t:|1757841611
|move|p2a: Samurott|Ceaseless Edge|p1a: Glimmora
|-damage|p1a: Glimmora|15/100
|-activate|p1a: Glimmora|ability: Toxic Debris
|-sidestart|p2: skater66|move: Toxic Spikes
|-sidestart|p1: Kraffty|Spikes
|move|p1a: Glimmora|Spikes|p2a: Samurott
|-sidestart|p2: skater66|Spikes
|
|upkeep
|turn|15
|
|t:|1757841617
|move|p2a: Samurott|Ceaseless Edge|p1a: Glimmora
|-crit|p1a: Glimmora
|-damage|p1a: Glimmora|0 fnt
|-sidestart|p1: Kraffty|Spikes
|faint|p1a: Glimmora
|
|upkeep
|
|t:|1757841628
|switch|p1a: Comfey|Comfey, F|100/100
|-damage|p1a: Comfey|76/100|[from] Spikes
|turn|16
|
|t:|1757841631
|switch|p2a: Pecharunt|Pecharunt|100/100
|-sideend|p2: skater66|move: Toxic Spikes|[of] p2a: Pecharunt
|move|p1a: Comfey|Trick|p2a: Pecharunt
|-activate|p1a: Comfey|move: Trick|[of] p2a: Pecharunt
|-item|p2a: Pecharunt|Eviolite|[from] move: Trick
|-item|p1a: Comfey|Heavy-Duty Boots|[from] move: Trick
|
|upkeep
|turn|17
|
|t:|1757841641
|move|p1a: Comfey|Knock Off|p2a: Pecharunt
|-supereffective|p2a: Pecharunt
|-damage|p2a: Pecharunt|83/100
|-enditem|p2a: Pecharunt|Eviolite|[from] move: Knock Off|[of] p1a: Comfey
|move|p2a: Pecharunt|Malignant Chain|p1a: Comfey
|-supereffective|p1a: Comfey
|-damage|p1a: Comfey|0 fnt
|faint|p1a: Comfey
|
|upkeep
|
|t:|1757841651
|switch|p1a: Clefable|Clefable, M|100/100
|turn|18
|
|t:|1757841668
|-terastallize|p1a: Clefable|Steel
|move|p2a: Pecharunt|Parting Shot|p1a: Clefable
|-unboost|p1a: Clefable|atk|1
|-unboost|p1a: Clefable|spa|1
|
|t:|1757841674
|switch|p2a: Latios|Latios, M|100/100|[from] Parting Shot
|-damage|p2a: Latios|88/100|[from] Stealth Rock
|move|p1a: Clefable|Future Sight|p2a: Latios
|-start|p1a: Clefable|move: Future Sight
|
|upkeep
|turn|19
|
|t:|1757841684
|switch|p1a: Cryogonal|Cryogonal|67/100 par
|move|p2a: Latios|Trick|p1a: Cryogonal
|-activate|p2a: Latios|move: Trick|[of] p1a: Cryogonal
|-item|p1a: Cryogonal|Choice Specs|[from] move: Trick
|-item|p2a: Latios|Assault Vest|[from] move: Trick
|
|upkeep
|turn|20
|
|t:|1757841693
|move|p2a: Latios|Luster Purge|p1a: Cryogonal
|-damage|p1a: Cryogonal|25/100 par
|-unboost|p1a: Cryogonal|spd|1
|move|p1a: Cryogonal|Rapid Spin|p2a: Latios
|-damage|p2a: Latios|80/100
|-boost|p1a: Cryogonal|spe|1
|-sideend|p1: Kraffty|Spikes|[from] move: Rapid Spin|[of] p1a: Cryogonal
|
|-end|p2a: Latios|move: Future Sight
|-resisted|p2a: Latios
|-damage|p2a: Latios|67/100
|upkeep
|turn|21
|
|t:|1757841703
|move|p2a: Latios|Luster Purge|p1a: Cryogonal
|-damage|p1a: Cryogonal|0 fnt
|faint|p1a: Cryogonal
|
|upkeep
|
|t:|1757841709
|switch|p1a: Mew|Mew|100/100
|turn|22
|
|t:|1757841719
|switch|p2a: Samurott|Samurott-Hisui, M|88/100
|-damage|p2a: Samurott|76/100|[from] Stealth Rock
|-damage|p2a: Samurott|63/100|[from] Spikes
|move|p1a: Mew|Bug Buzz|p2a: Samurott
|-supereffective|p2a: Samurott
|-damage|p2a: Samurott|0 fnt
|faint|p2a: Samurott
|
|upkeep
|
|t:|1757841729
|switch|p2a: Pecharunt|Pecharunt|83/100
|-damage|p2a: Pecharunt|71/100|[from] Stealth Rock
|-damage|p2a: Pecharunt|58/100|[from] Spikes
|turn|23
|
|t:|1757841737
|move|p1a: Mew|Earth Power|p2a: Pecharunt
|-supereffective|p2a: Pecharunt
|-damage|p2a: Pecharunt|0 fnt
|faint|p2a: Pecharunt
|
|upkeep
|
|t:|1757841745
|switch|p2a: Cloyster|Cloyster, F|100/100
|-damage|p2a: Cloyster|76/100|[from] Stealth Rock
|-damage|p2a: Cloyster|63/100|[from] Spikes
|turn|24
|
|t:|1757841753
|move|p1a: Mew|Sludge Wave|p2a: Cloyster
|-damage|p2a: Cloyster|0 fnt
|faint|p2a: Cloyster
|
|upkeep
|
|t:|1757841759
|switch|p2a: Ditto|Ditto|100/100
|-damage|p2a: Ditto|88/100|[from] Stealth Rock
|-damage|p2a: Ditto|76/100|[from] Spikes
|-transform|p2a: Ditto|p1a: Mew|[from] ability: Imposter
|turn|25
|
|t:|1757841766
|move|p2a: Ditto|Bug Buzz|p1a: Mew
|-supereffective|p1a: Mew
|-damage|p1a: Mew|52/100
|move|p1a: Mew|Bug Buzz|p2a: Ditto
|-supereffective|p2a: Ditto
|-damage|p2a: Ditto|9/100
|
|upkeep
|turn|26
|
|t:|1757841778
|move|p2a: Ditto|Bug Buzz|p1a: Mew
|-supereffective|p1a: Mew
|-damage|p1a: Mew|3/100
|move|p1a: Mew|Bug Buzz|p2a: Ditto
|-supereffective|p2a: Ditto
|-damage|p2a: Ditto|0 fnt
|faint|p2a: Ditto
|
|upkeep
|
|t:|1757841785
|switch|p2a: Latios|Latios, M|67/100
|-damage|p2a: Latios|55/100|[from] Stealth Rock
|turn|27
|
|t:|1757841791
|move|p2a: Latios|Surf|p1a: Mew
|-damage|p1a: Mew|0 fnt
|faint|p1a: Mew
|
|upkeep
|
|t:|1757841794
|switch|p1a: Clefable|Clefable, M, tera:Steel|100/100
|turn|28
|
|t:|1757841798
|move|p2a: Latios|Luster Purge|p1a: Clefable
|-resisted|p1a: Clefable
|-damage|p1a: Clefable|77/100
|-unboost|p1a: Clefable|spd|1
|move|p1a: Clefable|Moonblast|p2a: Latios
|-supereffective|p2a: Latios
|-damage|p2a: Latios|0 fnt
|faint|p2a: Latios
|
|win|Kraffty
|raw|Kraffty's rating: 1258 &rarr; <strong>1281</strong><br />(+23 for winning)
|raw|skater66's rating: 1234 &rarr; <strong>1211</strong><br />(-23 for losing)
|l|☆skater66
|player|p2|
|l|☆Kraffty
|player|p1|
