|j|☆ZudinRadinSadin
|j|☆destroyermanii
|t:|1757828673
|gametype|singles
|player|p1|ZudinRadinSadin|266|1114
|player|p2|destroyermanii|pokekid|1057
|gen|9
|tier|[Gen 9] OU
|rated|
|rule|HP Percentage Mod: HP is shown in percentages
|rule|Endless Battle Clause: Forcing endless battles is banned
|rule|Species Clause: Limit one of each Pokémon
|rule|OHKO Clause: OHKO moves are banned
|rule|Evasion Items Clause: Evasion items are banned
|rule|Evasion Moves Clause: Evasion moves are banned
|rule|Evasion Abilities Clause: Evasion abilities are banned
|rule|Sleep Moves Clause: Sleep-inducing moves are banned
|clearpoke
|poke|p1|Excadrill, M|
|poke|p1|Ambipom, M|
|poke|p1|Lokix, F|
|poke|p1|Medicham, F|
|poke|p1|Garchomp, M|
|poke|p1|Braviary, M|
|poke|p2|Kingambit, M|
|poke|p2|Deoxys-Speed|
|poke|p2|Great Tusk|
|poke|p2|Dragonite, M|
|poke|p2|Iron Moth|
|poke|p2|Primarina, M|
|teampreview
|
|t:|1757828683
|teamsize|p1|6
|teamsize|p2|6
|start
|switch|p1a: Medicham|Medicham, F, shiny|100/100
|switch|p2a: Moebius|Deoxys-Speed|100/100
|-ability|p2a: Moebius|Pressure
|turn|1
|
|t:|1757828695
|switch|p1a: Lokix|Lokix, F|100/100
|move|p2a: Moebius|Shadow Ball|p1a: Lokix
|-resisted|p1a: Lokix
|-damage|p1a: Lokix|69/100
|-damage|p2a: Moebius|91/100|[from] item: Life Orb
|
|upkeep
|turn|2
|
|t:|1757828709
|switch|p2a: Anomаly|Iron Moth|100/100
|-enditem|p2a: Anomаly|Booster Energy
|-activate|p2a: Anomаly|ability: Quark Drive|[fromitem]
|-start|p2a: Anomаly|quarkdrivespe
|move|p1a: Lokix|First Impression|p2a: Anomаly
|-resisted|p2a: Anomаly
|-damage|p2a: Anomаly|70/100
|
|upkeep
|turn|3
|
|t:|1757828721
|move|p2a: Anomаly|Fiery Dance|p1a: Lokix
|-supereffective|p1a: Lokix
|-damage|p1a: Lokix|0 fnt
|faint|p1a: Lokix
|
|upkeep
|
|t:|1757828730
|switch|p1a: Ambipom|Ambipom, M|100/100
|turn|4
|
|t:|1757828736
|move|p1a: Ambipom|Fake Out|p2a: Anomаly
|-damage|p2a: Anomаly|23/100
|cant|p2a: Anomаly|flinch
|
|upkeep
|turn|5
|
|t:|1757828750
|-end|p2a: Anomаly|Quark Drive|[silent]
|switch|p2a: Yoshi|Dragonite, M, shiny|100/100
|switch|p1a: Braviary|Braviary, M|100/100
|
|upkeep
|turn|6
|
|t:|1757828758
|move|p2a: Yoshi|Ice Spinner|p1a: Braviary
|-supereffective|p1a: Braviary
|-damage|p1a: Braviary|0 fnt
|faint|p1a: Braviary
|
|upkeep
|
|t:|1757828765
|switch|p1a: Medicham|Medicham, F, shiny|100/100
|turn|7
|
|t:|1757828780
|move|p1a: Medicham|Ice Punch|p2a: Yoshi
|-supereffective|p2a: Yoshi
|-damage|p2a: Yoshi|28/100
|move|p2a: Yoshi|Ice Spinner|p1a: Medicham
|-damage|p1a: Medicham|23/100
|
|upkeep
|turn|8
|
|t:|1757828788
|switch|p2a: Meruem|Kingambit, M|100/100
|move|p1a: Medicham|Ice Punch|p2a: Meruem
|-resisted|p2a: Meruem
|-crit|p2a: Meruem
|-damage|p2a: Meruem|79/100
|
|-heal|p2a: Meruem|85/100|[from] item: Leftovers
|upkeep
|turn|9
|
|t:|1757828800
|switch|p1a: Excadrill|Excadrill, M|100/100
|-ability|p1a: Excadrill|Mold Breaker
|move|p2a: Meruem|Sucker Punch||[still]
|-fail|p2a: Meruem
|
|-heal|p2a: Meruem|91/100|[from] item: Leftovers
|upkeep
|turn|10
|
|t:|1757828810
|move|p1a: Excadrill|Swords Dance|p1a: Excadrill
|-boost|p1a: Excadrill|atk|2
|move|p2a: Meruem|Kowtow Cleave|p1a: Excadrill
|-damage|p1a: Excadrill|26/100
|
|-heal|p1a: Excadrill|33/100|[from] item: Leftovers
|-heal|p2a: Meruem|97/100|[from] item: Leftovers
|upkeep
|turn|11
|
|t:|1757828819
|move|p1a: Excadrill|Swords Dance|p1a: Excadrill
|-boost|p1a: Excadrill|atk|2
|move|p2a: Meruem|Kowtow Cleave|p1a: Excadrill
|-damage|p1a: Excadrill|0 fnt
|faint|p1a: Excadrill
|
|-heal|p2a: Meruem|100/100|[from] item: Leftovers
|upkeep
|
|t:|1757828830
|switch|p1a: Medicham|Medicham, F, shiny|23/100
|turn|12
|
|t:|1757828835
|move|p1a: Medicham|High Jump Kick|p2a: Meruem
|-supereffective|p2a: Meruem
|-damage|p2a: Meruem|0 fnt
|faint|p2a: Meruem
|-end|p2a: Meruem|fallenundefined|[silent]
|
|upkeep
|
|t:|1757828843
|switch|p2a: Moebius|Deoxys-Speed|91/100
|-ability|p2a: Moebius|Pressure
|turn|13
|
|t:|1757828852
|move|p2a: Moebius|Focus Blast|p1a: Medicham
|-resisted|p1a: Medicham
|-damage|p1a: Medicham|0 fnt
|faint|p1a: Medicham
|-damage|p2a: Moebius|81/100|[from] item: Life Orb
|
|upkeep
|
|t:|1757828860
|switch|p1a: Ambipom|Ambipom, M|100/100
|turn|14
|
|t:|1757828866
|-terastallize|p2a: Moebius|Psychic
|move|p1a: Ambipom|Fake Out|p2a: Moebius
|-damage|p2a: Moebius|34/100
|cant|p2a: Moebius|flinch
|
|upkeep
|turn|15
|
|t:|1757828880
|switch|p2a: Anomaly|Great Tusk|100/100
|-enditem|p2a: Anomaly|Booster Energy
|-activate|p2a: Anomaly|ability: Protosynthesis|[fromitem]
|-start|p2a: Anomaly|protosynthesisatk
|move|p1a: Ambipom|Double Hit|p2a: Anomaly
|-damage|p2a: Anomaly|80/100
|-damage|p2a: Anomaly|56/100
|-hitcount|p2a: Anomaly|2
|
|upkeep
|turn|16
|
|t:|1757828892
|-terastallize|p1a: Ambipom|Ghost
|move|p1a: Ambipom|Double Hit|p2a: Anomaly
|-damage|p2a: Anomaly|32/100
|-damage|p2a: Anomaly|9/100
|-hitcount|p2a: Anomaly|2
|move|p2a: Anomaly|Close Combat|p1a: Ambipom
|-immune|p1a: Ambipom
|
|upkeep
|turn|17
|
|t:|1757828906
|-end|p2a: Anomaly|Protosynthesis|[silent]
|switch|p2a: Siren|Primarina, M|100/100
|move|p1a: Ambipom|Double Hit|p2a: Siren|[miss]
|-miss|p1a: Ambipom|p2a: Siren
|
|upkeep
|turn|18
|
|t:|1757828915
|move|p1a: Ambipom|Double Hit|p2a: Siren
|-damage|p2a: Siren|56/100
|-damage|p2a: Siren|17/100
|-hitcount|p2a: Siren|2
|move|p2a: Siren|Moonblast|p1a: Ambipom
|-damage|p1a: Ambipom|14/100
|
|upkeep
|turn|19
|
|t:|1757828926
|switch|p2a: Yoshi|Dragonite, M, shiny|28/100
|move|p1a: Ambipom|Double Hit|p2a: Yoshi
|-damage|p2a: Yoshi|0 fnt
|faint|p2a: Yoshi
|-hitcount|p2: Yoshi|1
|
|upkeep
|
|t:|1757828941
|switch|p2a: Anomаly|Iron Moth|23/100
|turn|20
|
|t:|1757828945
|move|p2a: Anomаly|Tera Blast|p1a: Ambipom
|-immune|p1a: Ambipom
|move|p1a: Ambipom|Double Hit|p2a: Anomаly
|-damage|p2a: Anomаly|0 fnt
|faint|p2a: Anomаly
|-end|p2a: Anomаly|Quark Drive|[silent]
|-hitcount|p2: Anomаly|1
|
|upkeep
|
|t:|1757828953
|switch|p2a: Moebius|Deoxys-Speed, tera:Psychic|34/100
|-ability|p2a: Moebius|Pressure
|turn|21
|
|t:|1757828959
|switch|p1a: Garchomp|Garchomp, M|100/100
|move|p2a: Moebius|Focus Blast|p1a: Garchomp|[miss]
|-miss|p2a: Moebius|p1a: Garchomp
|
|upkeep
|turn|22
|
|t:|1757828973
|move|p2a: Moebius|Psycho Boost|p1a: Garchomp
|-damage|p1a: Garchomp|0 fnt
|-unboost|p2a: Moebius|spa|2
|faint|p1a: Garchomp
|-damage|p2a: Moebius|24/100|[from] item: Life Orb
|
|upkeep
|
|t:|1757828981
|switch|p1a: Ambipom|Ambipom, M, tera:Ghost|14/100
|turn|23
|
|t:|1757828984
|move|p1a: Ambipom|Fake Out|p2a: Moebius
|-damage|p2a: Moebius|0 fnt
|faint|p2a: Moebius
|
|upkeep
|
|t:|1757828990
|switch|p2a: Siren|Primarina, M|17/100
|turn|24
|
|t:|1757828993
|move|p1a: Ambipom|Double Hit|p2a: Siren
|-damage|p2a: Siren|0 fnt
|faint|p2a: Siren
|-hitcount|p2: Siren|1
|
|upkeep
|
|t:|1757828998
|switch|p2a: Anomaly|Great Tusk|9/100
|turn|25
|
|t:|1757829002
|move|p1a: Ambipom|Double Hit|p2a: Anomaly
|-damage|p2a: Anomaly|0 fnt
|faint|p2a: Anomaly
|-end|p2a: Anomaly|Protosynthesis|[silent]
|-hitcount|p2: Anomaly|1
|
|win|ZudinRadinSadin
|raw|ZudinRadinSadin's rating: 1114 &rarr; <strong>1135</strong><br />(+21 for winning)
|raw|destroyermanii's rating: 1057 &rarr; <strong>1041</strong><br />(-16 for losing)
|l|☆destroyermanii
|player|p2|
|c|☆ZudinRadinSadin|Thats crazy
|l|☆ZudinRadinSadin
|player|p1|
