|j|☆Only Infinite
|j|☆TREMBLEB4BAST
|t:|1757825768
|gametype|singles
|player|p1|Only Infinite|clemont|1213
|player|p2|TREMBLEB4BAST|gambler|1180
|gen|9
|tier|[Gen 9] OU
|rated|
|rule|HP Percentage Mod: HP is shown in percentages
|rule|Endless Battle Clause: Forcing endless battles is banned
|rule|Species Clause: Limit one of each Pokémon
|rule|OHKO Clause: OHKO moves are banned
|rule|Evasion Items Clause: Evasion items are banned
|rule|Evasion Moves Clause: Evasion moves are banned
|rule|Evasion Abilities Clause: Evasion abilities are banned
|rule|Sleep Moves Clause: Sleep-inducing moves are banned
|clearpoke
|poke|p1|Latias, F|
|poke|p1|Ogerpon-Wellspring, F|
|poke|p1|Glimmora, M|
|poke|p1|Gholdengo|
|poke|p1|Ting-Lu|
|poke|p1|Cinderace, F|
|poke|p2|Deoxys-Speed|
|poke|p2|Indeedee, M|
|poke|p2|Meowscarada, M|
|poke|p2|Araquanid, F|
|poke|p2|Hitmonlee, M|
|poke|p2|Scream Tail|
|teampreview
|
|t:|1757825802
|teamsize|p1|6
|teamsize|p2|6
|start
|switch|p1a: Latias|Latias, F|100/100
|switch|p2a: Puss in Boots|Meowscarada, M|100/100
|turn|1
|inactive|Battle timer is ON: inactive players will automatically lose when time's up. (requested by Only Infinite)
|inactive|TREMBLEB4BAST has 120 seconds left.
|
|t:|1757825870
|switch|p1a: Glimmora|Glimmora, M|100/100
|move|p2a: Puss in Boots|Triple Axel|p1a: Glimmora
|-start|p2a: Puss in Boots|typechange|Ice|[from] ability: Protean
|-damage|p1a: Glimmora|89/100
|-activate|p1a: Glimmora|ability: Toxic Debris
|-sidestart|p2: TREMBLEB4BAST|move: Toxic Spikes
|-damage|p1a: Glimmora|66/100
|-activate|p1a: Glimmora|ability: Toxic Debris
|-sidestart|p2: TREMBLEB4BAST|move: Toxic Spikes
|-hitcount|p1a: Glimmora|2
|
|upkeep
|turn|2
|inactive|TREMBLEB4BAST has 120 seconds left.
|
|t:|1757825908
|move|p2a: Puss in Boots|Triple Axel|p1a: Glimmora
|-damage|p1a: Glimmora|55/100
|-damage|p1a: Glimmora|30/100
|-damage|p1a: Glimmora|0 fnt
|faint|p1a: Glimmora
|-hitcount|p1: Glimmora|3
|
|upkeep
|
|t:|1757825918
|switch|p1a: Cinderace|Cinderace, F|100/100
|turn|3
|
|t:|1757825925
|move|p2a: Puss in Boots|U-turn|p1a: Cinderace
|-resisted|p1a: Cinderace
|-damage|p1a: Cinderace|87/100
|inactive|TREMBLEB4BAST has 120 seconds left.
|inactive|TREMBLEB4BAST has 90 seconds left.
|
|t:|1757825968
|switch|p2a: Bubble07|Araquanid, F, shiny|100/100|[from] U-turn
|move|p1a: Cinderace|Pyro Ball|p2a: Bubble07
|-damage|p2a: Bubble07|75/100
|
|upkeep
|turn|4
|
|t:|1757825981
|move|p1a: Cinderace|U-turn|p2a: Bubble07
|-damage|p2a: Bubble07|53/100
|
|t:|1757825984
|switch|p1a: Gholdengo|Gholdengo|100/100|[from] U-turn
|-item|p1a: Gholdengo|Air Balloon
|move|p2a: Bubble07|Liquidation|p1a: Gholdengo
|-damage|p1a: Gholdengo|32/100
|-enditem|p1a: Gholdengo|Air Balloon
|
|upkeep
|turn|5
|inactive|TREMBLEB4BAST has 90 seconds left.
|
|t:|1757826020
|switch|p1a: Latias|Latias, F|100/100
|move|p2a: Bubble07|Liquidation|p1a: Latias
|-resisted|p1a: Latias
|-damage|p1a: Latias|75/100
|
|upkeep
|turn|6
|
|t:|1757826027
|move|p1a: Latias|Agility|p1a: Latias
|-boost|p1a: Latias|spe|2
|move|p2a: Bubble07|Leech Life|p1a: Latias
|-supereffective|p1a: Latias
|-damage|p1a: Latias|22/100
|-heal|p2a: Bubble07|81/100|[from] drain|[of] p1a: Latias
|-enditem|p1a: Latias|Weakness Policy
|-boost|p1a: Latias|atk|2|[from] item: Weakness Policy
|-boost|p1a: Latias|spa|2|[from] item: Weakness Policy
|
|upkeep
|turn|7
|c|☆TREMBLEB4BAST|Hmm
|
|t:|1757826046
|move|p1a: Latias|Stored Power|p2a: Bubble07
|-damage|p2a: Bubble07|0 fnt
|faint|p2a: Bubble07
|
|upkeep
|c|☆TREMBLEB4BAST|genius picking the bulkier option
|
|t:|1757826057
|switch|p2a: Puss in Boots|Meowscarada, M|100/100
|turn|8
|
|t:|1757826063
|move|p1a: Latias|Aura Sphere|p2a: Puss in Boots
|-supereffective|p2a: Puss in Boots
|-damage|p2a: Puss in Boots|0 fnt
|faint|p2a: Puss in Boots
|
|upkeep
|inactive|TREMBLEB4BAST has 90 seconds left.
|
|t:|1757826091
|switch|p2a: Golliad|Scream Tail, shiny|100/100
|-status|p2a: Golliad|tox
|-enditem|p2a: Golliad|Booster Energy
|-activate|p2a: Golliad|ability: Protosynthesis|[fromitem]
|-start|p2a: Golliad|protosynthesisspe
|turn|9
|
|t:|1757826102
|-terastallize|p1a: Latias|Poison
|move|p1a: Latias|Stored Power|p2a: Golliad
|-resisted|p2a: Golliad
|-damage|p2a: Golliad|56/100 tox
|move|p2a: Golliad|Boomburst|p1a: Latias
|-damage|p1a: Latias|0 fnt
|faint|p1a: Latias
|
|-damage|p2a: Golliad|50/100 tox|[from] psn
|upkeep
|
|t:|1757826115
|switch|p1a: Gholdengo|Gholdengo|32/100
|turn|10
|
|t:|1757826118
|move|p2a: Golliad|Calm Mind|p2a: Golliad
|-boost|p2a: Golliad|spa|1
|-boost|p2a: Golliad|spd|1
|move|p1a: Gholdengo|Recover|p1a: Gholdengo
|-heal|p1a: Gholdengo|82/100
|
|-damage|p2a: Golliad|37/100 tox|[from] psn
|upkeep
|turn|11
|
|t:|1757826124
|move|p2a: Golliad|Flamethrower|p1a: Gholdengo
|-supereffective|p1a: Gholdengo
|-damage|p1a: Gholdengo|7/100
|-status|p1a: Gholdengo|brn
|move|p1a: Gholdengo|Make It Rain|p2a: Golliad
|-supereffective|p2a: Golliad
|-damage|p2a: Golliad|0 fnt
|-unboost|p1a: Gholdengo|spa|1
|faint|p2a: Golliad
|-end|p2a: Golliad|Protosynthesis|[silent]
|
|-damage|p1a: Gholdengo|1/100 brn|[from] brn
|upkeep
|
|t:|1757826131
|switch|p2a: Alakadam|Deoxys-Speed, shiny|100/100
|-status|p2a: Alakadam|tox
|-ability|p2a: Alakadam|Pressure
|turn|12
|
|t:|1757826148
|move|p2a: Alakadam|Ice Beam|p1a: Gholdengo
|-resisted|p1a: Gholdengo
|-damage|p1a: Gholdengo|0 fnt
|faint|p1a: Gholdengo
|
|-damage|p2a: Alakadam|94/100 tox|[from] psn
|upkeep
|
|t:|1757826152
|switch|p1a: Ting-Lu|Ting-Lu|100/100
|-ability|p1a: Ting-Lu|Vessel of Ruin
|turn|13
|
|t:|1757826171
|switch|p2a: Hitmon Ali|Hitmonlee, M|100/100
|-status|p2a: Hitmon Ali|tox
|move|p1a: Ting-Lu|Ruination|p2a: Hitmon Ali
|-damage|p2a: Hitmon Ali|50/100 tox
|
|-damage|p2a: Hitmon Ali|44/100 tox|[from] psn
|upkeep
|turn|14
|
|t:|1757826179
|switch|p1a: Cinderace|Cinderace, F|87/100
|move|p2a: Hitmon Ali|Close Combat|p1a: Cinderace
|-damage|p1a: Cinderace|12/100
|-unboost|p2a: Hitmon Ali|def|1
|-unboost|p2a: Hitmon Ali|spd|1
|
|-damage|p2a: Hitmon Ali|32/100 tox|[from] psn
|upkeep
|turn|15
|
|t:|1757826190
|switch|p2a: Mob 100|Indeedee, M|100/100
|-status|p2a: Mob 100|tox
|-fieldstart|move: Psychic Terrain|[from] ability: Psychic Surge|[of] p2a: Mob 100
|move|p1a: Cinderace|U-turn|p2a: Mob 100
|-supereffective|p2a: Mob 100
|-damage|p2a: Mob 100|17/100 tox
|
|t:|1757826199
|switch|p1a: Ogerpon|Ogerpon-Wellspring, F|100/100|[from] U-turn
|
|-damage|p2a: Mob 100|11/100 tox|[from] psn
|upkeep
|turn|16
|
|t:|1757826201
|move|p2a: Mob 100|Expanding Force|p1a: Ogerpon
|-damage|p1a: Ogerpon|19/100
|move|p1a: Ogerpon|U-turn|p2a: Mob 100
|-supereffective|p2a: Mob 100
|-damage|p2a: Mob 100|0 fnt
|faint|p2a: Mob 100
|
|t:|1757826208
|switch|p1a: Cinderace|Cinderace, F|12/100|[from] U-turn
|
|upkeep
|c|☆TREMBLEB4BAST|gg
|
|t:|1757826215
|switch|p2a: Alakadam|Deoxys-Speed, shiny|94/100 tox
|-ability|p2a: Alakadam|Pressure
|turn|17
|
|t:|1757826225
|switch|p1a: Ting-Lu|Ting-Lu|100/100
|-ability|p1a: Ting-Lu|Vessel of Ruin
|move|p2a: Alakadam|Ice Beam|p1a: Ting-Lu
|-supereffective|p1a: Ting-Lu
|-crit|p1a: Ting-Lu
|-damage|p1a: Ting-Lu|53/100
|
|-heal|p1a: Ting-Lu|60/100|[from] item: Leftovers
|-damage|p2a: Alakadam|88/100 tox|[from] psn
|upkeep
|turn|18
|
|t:|1757826230
|switch|p2a: Hitmon Ali|Hitmonlee, M|32/100 tox
|-enditem|p2a: Hitmon Ali|Psychic Seed
|-boost|p2a: Hitmon Ali|spd|1|[from] item: Psychic Seed
|move|p1a: Ting-Lu|Ruination|p2a: Hitmon Ali
|-damage|p2a: Hitmon Ali|16/100 tox
|
|-heal|p1a: Ting-Lu|66/100|[from] item: Leftovers
|-damage|p2a: Hitmon Ali|10/100 tox|[from] psn
|upkeep
|turn|19
|
|t:|1757826246
|switch|p1a: Cinderace|Cinderace, F|12/100
|move|p2a: Hitmon Ali|Close Combat|p1a: Cinderace
|-damage|p1a: Cinderace|0 fnt
|-unboost|p2a: Hitmon Ali|def|1
|-unboost|p2a: Hitmon Ali|spd|1
|faint|p1a: Cinderace
|
|-damage|p2a: Hitmon Ali|0 fnt|[from] psn
|faint|p2a: Hitmon Ali
|-fieldend|move: Psychic Terrain
|upkeep
|
|t:|1757826256
|switch|p1a: Ting-Lu|Ting-Lu|66/100
|switch|p2a: Alakadam|Deoxys-Speed, shiny|88/100 tox
|-ability|p2a: Alakadam|Pressure
|-ability|p1a: Ting-Lu|Vessel of Ruin
|turn|20
|
|t:|1757826283
|move|p2a: Alakadam|Ice Beam|p1a: Ting-Lu
|-supereffective|p1a: Ting-Lu
|-damage|p1a: Ting-Lu|35/100
|move|p1a: Ting-Lu|Ruination|p2a: Alakadam
|-damage|p2a: Alakadam|44/100 tox
|
|-heal|p1a: Ting-Lu|41/100|[from] item: Leftovers
|-damage|p2a: Alakadam|38/100 tox|[from] psn
|upkeep
|turn|21
|
|t:|1757826292
|switch|p1a: Ogerpon|Ogerpon-Wellspring, F|19/100
|move|p2a: Alakadam|Ice Beam|p1a: Ogerpon
|-damage|p1a: Ogerpon|0 fnt
|faint|p1a: Ogerpon
|
|-damage|p2a: Alakadam|26/100 tox|[from] psn
|upkeep
|
|t:|1757826294
|switch|p1a: Ting-Lu|Ting-Lu|41/100
|-ability|p1a: Ting-Lu|Vessel of Ruin
|turn|22
|inactive|TREMBLEB4BAST has 120 seconds left.
|
|t:|1757826331
|move|p2a: Alakadam|Ice Beam|p1a: Ting-Lu
|-supereffective|p1a: Ting-Lu
|-damage|p1a: Ting-Lu|8/100
|move|p1a: Ting-Lu|Earthquake|p2a: Alakadam
|-damage|p2a: Alakadam|0 fnt
|faint|p2a: Alakadam
|
|win|Only Infinite
|raw|Only Infinite's rating: 1213 &rarr; <strong>1236</strong><br />(+23 for winning)
|raw|TREMBLEB4BAST's rating: 1180 &rarr; <strong>1157</strong><br />(-23 for losing)
|c|☆Only Infinite|latias so ass
|c|☆Only Infinite|gg
|l|☆Only Infinite
|player|p1|
