|j|☆LucyLikePizza
|j|☆School1138
|t:|1757952296
|gametype|singles
|player|p1|LucyLikePizza|iris-gen5bw2|1476
|player|p2|School1138|morty|1425
|gen|9
|tier|[Gen 9] OU
|rated|
|rule|HP Percentage Mod: HP is shown in percentages
|rule|Endless Battle Clause: Forcing endless battles is banned
|rule|Species Clause: Limit one of each Pokémon
|rule|OHKO Clause: OHKO moves are banned
|rule|Evasion Items Clause: Evasion items are banned
|rule|Evasion Moves Clause: Evasion moves are banned
|rule|Evasion Abilities Clause: Evasion abilities are banned
|rule|Sleep Moves Clause: Sleep-inducing moves are banned
|clearpoke
|poke|p1|Greninja-*, M|
|poke|p1|Zarude-Dada|
|poke|p1|Moltres|
|poke|p1|Great Tusk|
|poke|p1|Goodra-Hisui, F|
|poke|p1|Gholdengo|
|poke|p2|Moltres-Galar|
|poke|p2|Iron Valiant|
|poke|p2|Iron Moth|
|poke|p2|Kingambit, F|
|poke|p2|Dragonite, M|
|poke|p2|Samurott-Hisui, M|
|teampreview
|inactive|Battle timer is ON: inactive players will automatically lose when time's up. (requested by LucyLikePizza)
|inactive|School1138 also wants the timer to be on.
|
|t:|1757952315
|teamsize|p1|6
|teamsize|p2|6
|start
|switch|p1a: Greninja|Greninja, M|100/100
|switch|p2a: Samurott|Samurott-Hisui, M, shiny|100/100
|turn|1
|
|t:|1757952323
|move|p1a: Greninja|U-turn|p2a: Samurott
|-start|p1a: Greninja|typechange|Bug|[from] ability: Protean
|-supereffective|p2a: Samurott
|-enditem|p2a: Samurott|Focus Sash
|-damage|p2a: Samurott|1/100
|
|t:|1757952327
|switch|p1a: Great Tusk|Great Tusk|100/100|[from] U-turn
|move|p2a: Samurott|Ceaseless Edge|p1a: Great Tusk
|-resisted|p1a: Great Tusk
|-damage|p1a: Great Tusk|89/100
|-damage|p2a: Samurott|0 fnt|[from] item: Rocky Helmet|[of] p1a: Great Tusk
|faint|p2a: Samurott
|
|upkeep
|
|t:|1757952345
|switch|p2a: Iron Valiant|Iron Valiant, shiny|100/100
|-enditem|p2a: Iron Valiant|Booster Energy
|-activate|p2a: Iron Valiant|ability: Quark Drive|[fromitem]
|-start|p2a: Iron Valiant|quarkdrivespe
|turn|2
|
|t:|1757952350
|-end|p1a: Great Tusk|Protosynthesis|[silent]
|switch|p1a: Moltres|Moltres|100/100
|move|p2a: Iron Valiant|Moonblast|p1a: Moltres
|-resisted|p1a: Moltres
|-damage|p1a: Moltres|78/100
|
|upkeep
|turn|3
|
|t:|1757952374
|-end|p2a: Iron Valiant|Quark Drive|[silent]
|switch|p2a: Moltres|Moltres-Galar|100/100
|move|p1a: Moltres|Flamethrower|p2a: Moltres
|-damage|p2a: Moltres|65/100
|
|upkeep
|turn|4
|
|t:|1757952402
|switch|p1a: Goodra|Goodra-Hisui, F|100/100
|move|p2a: Moltres|Fiery Wrath|p1a: Goodra
|-damage|p1a: Goodra|82/100
|
|upkeep
|turn|5
|
|t:|1757952419
|switch|p2a: Kingambit|Kingambit, F|100/100
|-activate|p2a: Kingambit|ability: Supreme Overlord
|-start|p2a: Kingambit|fallen1|[silent]
|-item|p2a: Kingambit|Air Balloon
|move|p1a: Goodra|Dragon Tail|p2a: Kingambit|[miss]
|-miss|p1a: Goodra|p2a: Kingambit
|
|upkeep
|turn|6
|
|t:|1757952437
|-end|p2a: Kingambit|fallen1|[silent]
|switch|p2a: Moltres|Moltres-Galar|65/100
|move|p1a: Goodra|Flamethrower|p2a: Moltres
|-damage|p2a: Moltres|40/100
|-ability|p2a: Moltres|Berserk|boost
|-boost|p2a: Moltres|spa|1
|-enditem|p2a: Moltres|Sitrus Berry|[eat]
|-heal|p2a: Moltres|65/100|[from] item: Sitrus Berry
|
|upkeep
|turn|7
|
|t:|1757952446
|move|p2a: Moltres|Agility|p2a: Moltres
|-boost|p2a: Moltres|spe|2
|move|p1a: Goodra|Dragon Tail|p2a: Moltres
|-damage|p2a: Moltres|41/100
|-ability|p2a: Moltres|Berserk|boost
|-boost|p2a: Moltres|spa|1
|drag|p2a: Kingambit|Kingambit, F|100/100
|-activate|p2a: Kingambit|ability: Supreme Overlord
|-start|p2a: Kingambit|fallen1|[silent]
|-item|p2a: Kingambit|Air Balloon
|
|upkeep
|turn|8
|
|t:|1757952456
|move|p2a: Kingambit|Low Kick|p1a: Goodra
|-supereffective|p1a: Goodra
|-damage|p1a: Goodra|0 fnt
|-ability|p1a: Goodra|Gooey
|-unboost|p2a: Kingambit|spe|1
|faint|p1a: Goodra
|
|upkeep
|
|t:|1757952464
|switch|p1a: Great Tusk|Great Tusk|89/100
|turn|9
|
|t:|1757952473
|move|p1a: Great Tusk|Rapid Spin|p2a: Kingambit
|-resisted|p2a: Kingambit
|-damage|p2a: Kingambit|95/100
|-boost|p1a: Great Tusk|spe|1
|-enditem|p2a: Kingambit|Air Balloon
|move|p2a: Kingambit|Low Kick|p1a: Great Tusk
|-damage|p1a: Great Tusk|62/100
|-damage|p2a: Kingambit|78/100|[from] item: Rocky Helmet|[of] p1a: Great Tusk
|
|upkeep
|turn|10
|
|t:|1757952483
|-end|p2a: Kingambit|fallen1|[silent]
|switch|p2a: Moltres|Moltres-Galar|41/100
|move|p1a: Great Tusk|Stealth Rock|p2a: Moltres
|-sidestart|p2: School1138|move: Stealth Rock
|
|upkeep
|turn|11
|
|t:|1757952494
|-end|p1a: Great Tusk|Protosynthesis|[silent]
|switch|p1a: Moltres|Moltres|78/100
|move|p2a: Moltres|Fiery Wrath|p1a: Moltres
|-damage|p1a: Moltres|38/100
|
|upkeep
|turn|12
|
|t:|1757952499
|move|p2a: Moltres|Fiery Wrath|p1a: Moltres
|-damage|p1a: Moltres|0 fnt
|faint|p1a: Moltres
|
|upkeep
|
|t:|1757952503
|switch|p1a: Greninja|Greninja, M|100/100
|turn|13
|
|t:|1757952507
|move|p1a: Greninja|Gunk Shot|p2a: Moltres
|-start|p1a: Greninja|typechange|Poison|[from] ability: Protean
|-damage|p2a: Moltres|0 fnt
|faint|p2a: Moltres
|
|upkeep
|
|t:|1757952515
|switch|p2a: Iron Moth|Iron Moth|100/100
|-damage|p2a: Iron Moth|76/100|[from] Stealth Rock
|-enditem|p2a: Iron Moth|Booster Energy
|-activate|p2a: Iron Moth|ability: Quark Drive|[fromitem]
|-start|p2a: Iron Moth|quarkdrivespe
|turn|14
|
|t:|1757952521
|move|p2a: Iron Moth|Psychic|p1a: Greninja
|-supereffective|p1a: Greninja
|-damage|p1a: Greninja|4/100
|move|p1a: Greninja|Gunk Shot|p2a: Iron Moth
|-resisted|p2a: Iron Moth
|-damage|p2a: Iron Moth|18/100
|
|upkeep
|turn|15
|
|t:|1757952528
|move|p2a: Iron Moth|Fiery Dance|p1a: Greninja
|-damage|p1a: Greninja|0 fnt
|-boost|p2a: Iron Moth|spa|1
|faint|p1a: Greninja
|
|upkeep
|
|t:|1757952530
|switch|p1a: Gholdengo|Gholdengo|100/100
|turn|16
|
|t:|1757952535
|-terastallize|p1a: Gholdengo|Dark
|move|p2a: Iron Moth|Fiery Dance|p1a: Gholdengo
|-damage|p1a: Gholdengo|53/100
|-boost|p2a: Iron Moth|spa|1
|move|p1a: Gholdengo|Hex|p2a: Iron Moth
|-damage|p2a: Iron Moth|0 fnt
|faint|p2a: Iron Moth
|-end|p2a: Iron Moth|Quark Drive|[silent]
|
|-heal|p1a: Gholdengo|59/100|[from] item: Leftovers
|upkeep
|
|t:|1757952545
|switch|p2a: Iron Valiant|Iron Valiant, shiny|100/100
|-damage|p2a: Iron Valiant|94/100|[from] Stealth Rock
|turn|17
|
|t:|1757952549
|move|p2a: Iron Valiant|Moonblast|p1a: Gholdengo
|-supereffective|p1a: Gholdengo
|-damage|p1a: Gholdengo|0 fnt
|faint|p1a: Gholdengo
|
|upkeep
|
|t:|1757952550
|switch|p1a: Zarude|Zarude-Dada|100/100
|turn|18
|
|t:|1757952555
|move|p2a: Iron Valiant|Moonblast|p1a: Zarude
|-supereffective|p1a: Zarude
|-damage|p1a: Zarude|19/100
|move|p1a: Zarude|Trailblaze|p2a: Iron Valiant
|-damage|p2a: Iron Valiant|62/100
|-boost|p1a: Zarude|spe|1
|
|-heal|p1a: Zarude|25/100|[from] item: Leftovers
|upkeep
|turn|19
|
|t:|1757952564
|move|p1a: Zarude|Trailblaze|p2a: Iron Valiant
|-damage|p2a: Iron Valiant|29/100
|-boost|p1a: Zarude|spe|1
|move|p2a: Iron Valiant|Moonblast|p1a: Zarude
|-supereffective|p1a: Zarude
|-damage|p1a: Zarude|0 fnt
|faint|p1a: Zarude
|
|upkeep
|-message|LucyLikePizza forfeited.
|
|win|School1138
|raw|LucyLikePizza's rating: 1476 &rarr; <strong>1453</strong><br />(-23 for losing)
|raw|School1138's rating: 1425 &rarr; <strong>1448</strong><br />(+23 for winning)
|l|☆LucyLikePizza
|player|p1|
|l|☆School1138
|player|p2|
