|j|☆vegancrosfit
|j|☆lupiit
|t:|1757925683
|gametype|singles
|player|p1|vegancrosfit|cyclist-gen4|1627
|player|p2|lupiit|dragontamer|1588
|gen|9
|tier|[Gen 9] OU
|rated|
|rule|HP Percentage Mod: HP is shown in percentages
|rule|Endless Battle Clause: Forcing endless battles is banned
|rule|Species Clause: Limit one of each Pokémon
|rule|OHKO Clause: OHKO moves are banned
|rule|Evasion Items Clause: Evasion items are banned
|rule|Evasion Moves Clause: Evasion moves are banned
|rule|Evasion Abilities Clause: Evasion abilities are banned
|rule|Sleep Moves Clause: Sleep-inducing moves are banned
|clearpoke
|poke|p1|Pelipper, F|
|poke|p1|Raging Bolt|
|poke|p1|Hatterene, F|
|poke|p1|Barraskewda, F|
|poke|p1|Great Tusk|
|poke|p1|Tornadus-Therian, M|
|poke|p2|Iron Crown|
|poke|p2|Meowscarada, F|
|poke|p2|Great Tusk|
|poke|p2|Pecharunt|
|poke|p2|Ting-Lu|
|poke|p2|Iron Valiant|
|teampreview
|inactive|Battle timer is ON: inactive players will automatically lose when time's up. (requested by lupiit)
|inactive|vegancrosfit also wants the timer to be on.
|
|t:|1757925692
|teamsize|p1|6
|teamsize|p2|6
|start
|switch|p1a: Pelipper|Pelipper, F|100/100
|switch|p2a: Iron Crown|Iron Crown|100/100
|-weather|RainDance|[from] ability: Drizzle|[of] p1a: Pelipper
|turn|1
|
|t:|1757925696
|switch|p1a: Tornadus|Tornadus-Therian, M|100/100
|move|p2a: Iron Crown|Psychic Noise|p1a: Tornadus
|-damage|p1a: Tornadus|75/100
|-start|p1a: Tornadus|move: Heal Block
|
|-weather|RainDance|[upkeep]
|upkeep
|turn|2
|
|t:|1757925702
|move|p2a: Iron Crown|Psychic Noise|p1a: Tornadus
|-damage|p1a: Tornadus|48/100
|move|p1a: Tornadus|U-turn|p2a: Iron Crown
|-damage|p2a: Iron Crown|86/100
|
|t:|1757925708
|switch|p1a: Barraskewda|Barraskewda, F|100/100|[from] U-turn
|
|-weather|RainDance|[upkeep]
|upkeep
|turn|3
|
|t:|1757925717
|-terastallize|p1a: Barraskewda|Water
|move|p1a: Barraskewda|Liquidation|p2a: Iron Crown
|-crit|p2a: Iron Crown
|-damage|p2a: Iron Crown|0 fnt
|faint|p2a: Iron Crown
|-end|p2a: Iron Crown|Quark Drive|[silent]
|
|-weather|RainDance|[upkeep]
|upkeep
|
|t:|1757925727
|switch|p2a: Ting-Lu|Ting-Lu|100/100
|-ability|p2a: Ting-Lu|Vessel of Ruin
|turn|4
|
|t:|1757925732
|switch|p1a: Hatterene|Hatterene, F|100/100
|-terastallize|p2a: Ting-Lu|Water
|move|p2a: Ting-Lu|Ruination|p1a: Hatterene
|-damage|p1a: Hatterene|50/100
|
|-weather|RainDance|[upkeep]
|-heal|p1a: Hatterene|56/100|[from] item: Leftovers
|upkeep
|turn|5
|
|t:|1757925742
|switch|p2a: Great Tusk|Great Tusk|100/100
|move|p1a: Hatterene|Nuzzle|p2a: Great Tusk
|-immune|p2a: Great Tusk
|
|-weather|RainDance|[upkeep]
|-heal|p1a: Hatterene|62/100|[from] item: Leftovers
|upkeep
|turn|6
|
|t:|1757925747
|-end|p2a: Great Tusk|Protosynthesis|[silent]
|switch|p2a: Pecharunt|Pecharunt|100/100
|move|p1a: Hatterene|Draining Kiss|p2a: Pecharunt
|-resisted|p2a: Pecharunt
|-damage|p2a: Pecharunt|89/100
|-heal|p1a: Hatterene|73/100|[from] drain|[of] p2a: Pecharunt
|
|-weather|RainDance|[upkeep]
|-heal|p1a: Hatterene|79/100|[from] item: Leftovers
|upkeep
|turn|7
|
|t:|1757925755
|move|p2a: Pecharunt|Malignant Chain|p1a: Hatterene
|-supereffective|p1a: Hatterene
|-damage|p1a: Hatterene|17/100
|-status|p1a: Hatterene|tox
|-start|p1a: Hatterene|confusion|[from] ability: Poison Puppeteer|[of] p2a: Pecharunt
|-activate|p1a: Hatterene|confusion
|move|p1a: Hatterene|Nuzzle|p2a: Pecharunt
|-damage|p2a: Pecharunt|87/100
|-status|p2a: Pecharunt|par
|
|-weather|RainDance|[upkeep]
|-heal|p1a: Hatterene|23/100 tox|[from] item: Leftovers
|-damage|p1a: Hatterene|17/100 tox|[from] psn
|upkeep
|turn|8
|
|t:|1757925759
|switch|p2a: Meowscarada|Meowscarada, F|100/100
|switch|p1a: Great Tusk|Great Tusk|100/100
|
|-weather|none
|upkeep
|turn|9
|
|t:|1757925765
|move|p2a: Meowscarada|Triple Axel|p1a: Great Tusk
|-start|p2a: Meowscarada|typechange|Ice|[from] ability: Protean
|-supereffective|p1a: Great Tusk
|-damage|p1a: Great Tusk|85/100
|-supereffective|p1a: Great Tusk
|-damage|p1a: Great Tusk|58/100
|-supereffective|p1a: Great Tusk
|-damage|p1a: Great Tusk|18/100
|-hitcount|p1a: Great Tusk|3
|move|p1a: Great Tusk|Knock Off|p2a: Meowscarada
|-damage|p2a: Meowscarada|55/100
|-enditem|p2a: Meowscarada|Choice Band|[from] move: Knock Off|[of] p1a: Great Tusk
|
|-heal|p1a: Great Tusk|25/100|[from] item: Leftovers
|upkeep
|turn|10
|
|t:|1757925776
|-end|p1a: Great Tusk|Protosynthesis|[silent]
|switch|p1a: Pelipper|Pelipper, F|100/100
|-weather|RainDance|[from] ability: Drizzle|[of] p1a: Pelipper
|move|p2a: Meowscarada|Flower Trick|p1a: Pelipper
|-crit|p1a: Pelipper
|-damage|p1a: Pelipper|76/100
|
|-weather|RainDance|[upkeep]
|upkeep
|turn|11
|c|☆lupiit|ofc max phys def
|
|t:|1757925784
|move|p2a: Meowscarada|U-turn|p1a: Pelipper
|-resisted|p1a: Pelipper
|-damage|p1a: Pelipper|67/100
|
|t:|1757925786
|switch|p2a: Ting-Lu|Ting-Lu, tera:Water|100/100|[from] U-turn
|-ability|p2a: Ting-Lu|Vessel of Ruin
|move|p1a: Pelipper|U-turn|p2a: Ting-Lu
|-damage|p2a: Ting-Lu|95/100
|
|t:|1757925792
|switch|p1a: Raging Bolt|Raging Bolt|100/100|[from] U-turn
|
|-weather|RainDance|[upkeep]
|-heal|p2a: Ting-Lu|100/100|[from] item: Leftovers
|upkeep
|turn|12
|
|t:|1757925797
|move|p1a: Raging Bolt|Thunder|p2a: Ting-Lu
|-supereffective|p2a: Ting-Lu
|-damage|p2a: Ting-Lu|20/100
|move|p2a: Ting-Lu|Stealth Rock|p1a: Raging Bolt
|-sidestart|p1: vegancrosfit|move: Stealth Rock
|
|-weather|RainDance|[upkeep]
|-heal|p2a: Ting-Lu|26/100|[from] item: Leftovers
|upkeep
|turn|13
|
|t:|1757925812
|-end|p1a: Raging Bolt|Protosynthesis|[silent]
|switch|p1a: Great Tusk|Great Tusk|25/100
|-damage|p1a: Great Tusk|22/100|[from] Stealth Rock
|move|p2a: Ting-Lu|Earthquake|p1a: Great Tusk
|-damage|p1a: Great Tusk|3/100
|
|-weather|RainDance|[upkeep]
|-heal|p1a: Great Tusk|10/100|[from] item: Leftovers
|-heal|p2a: Ting-Lu|32/100|[from] item: Leftovers
|upkeep
|turn|14
|
|t:|1757925821
|switch|p2a: Pecharunt|Pecharunt|87/100 par
|move|p1a: Great Tusk|Rapid Spin|p2a: Pecharunt
|-immune|p2a: Pecharunt
|
|-weather|RainDance|[upkeep]
|-heal|p1a: Great Tusk|16/100|[from] item: Leftovers
|upkeep
|turn|15
|
|t:|1757925827
|move|p1a: Great Tusk|Knock Off|p2a: Pecharunt
|-supereffective|p2a: Pecharunt
|-damage|p2a: Pecharunt|58/100 par
|-enditem|p2a: Pecharunt|Heavy-Duty Boots|[from] move: Knock Off|[of] p1a: Great Tusk
|move|p2a: Pecharunt|Parting Shot|p1a: Great Tusk
|-unboost|p1a: Great Tusk|atk|1
|-unboost|p1a: Great Tusk|spa|1
|
|t:|1757925829
|switch|p2a: Great Tusk|Great Tusk|100/100|[from] Parting Shot
|
|-weather|RainDance|[upkeep]
|-heal|p1a: Great Tusk|22/100|[from] item: Leftovers
|upkeep
|turn|16
|
|t:|1757925836
|move|p2a: Great Tusk|Bulk Up|p2a: Great Tusk
|-boost|p2a: Great Tusk|atk|1
|-boost|p2a: Great Tusk|def|1
|move|p1a: Great Tusk|Rapid Spin|p2a: Great Tusk
|-damage|p2a: Great Tusk|97/100
|-boost|p1a: Great Tusk|spe|1
|-sideend|p1: vegancrosfit|Stealth Rock|[from] move: Rapid Spin|[of] p1a: Great Tusk
|
|-weather|RainDance|[upkeep]
|-heal|p1a: Great Tusk|28/100|[from] item: Leftovers
|-heal|p2a: Great Tusk|100/100|[from] item: Leftovers
|upkeep
|turn|17
|
|t:|1757925840
|-end|p1a: Great Tusk|Protosynthesis|[silent]
|switch|p1a: Pelipper|Pelipper, F|67/100
|move|p2a: Great Tusk|Bulk Up|p2a: Great Tusk
|-boost|p2a: Great Tusk|atk|1
|-boost|p2a: Great Tusk|def|1
|
|-weather|none
|upkeep
|turn|18
|
|t:|1757925855
|move|p2a: Great Tusk|Ice Spinner|p1a: Pelipper
|-damage|p1a: Pelipper|33/100
|move|p1a: Pelipper|Feather Dance|p2a: Great Tusk
|-unboost|p2a: Great Tusk|atk|2
|
|upkeep
|turn|19
|
|t:|1757925859
|move|p2a: Great Tusk|Ice Spinner|p1a: Pelipper
|-damage|p1a: Pelipper|14/100
|move|p1a: Pelipper|Roost|p1a: Pelipper
|-heal|p1a: Pelipper|65/100
|-singleturn|p1a: Pelipper|move: Roost
|
|upkeep
|turn|20
|c|☆lupiit|that is a whack ass tech
|
|t:|1757925870
|move|p2a: Great Tusk|Bulk Up|p2a: Great Tusk
|-boost|p2a: Great Tusk|atk|1
|-boost|p2a: Great Tusk|def|1
|move|p1a: Pelipper|Hurricane|p2a: Great Tusk
|-supereffective|p2a: Great Tusk
|-damage|p2a: Great Tusk|10/100
|
|-heal|p2a: Great Tusk|16/100|[from] item: Leftovers
|upkeep
|turn|21
|c|☆vegancrosfit|it works great against dragonite
|
|t:|1757925889
|move|p2a: Great Tusk|Ice Spinner|p1a: Pelipper
|-damage|p1a: Pelipper|38/100
|move|p1a: Pelipper|U-turn|p2a: Great Tusk
|-resisted|p2a: Great Tusk
|-damage|p2a: Great Tusk|15/100
|c|☆lupiit|but ur max phys def
|c|☆lupiit|u dont need it lol
|
|t:|1757925895
|switch|p1a: Barraskewda|Barraskewda, F, tera:Water|100/100|[from] U-turn
|
|-heal|p2a: Great Tusk|21/100|[from] item: Leftovers
|upkeep
|turn|22
|c|☆vegancrosfit|usualy dragonite outdances me
|c|☆lupiit|ahh
|
|t:|1757925911
|move|p1a: Barraskewda|Flip Turn|p2a: Great Tusk
|-supereffective|p2a: Great Tusk
|-damage|p2a: Great Tusk|0 fnt
|faint|p2a: Great Tusk
|-end|p2a: Great Tusk|Protosynthesis|[silent]
|c|☆vegancrosfit|without the featherdance
|c|☆vegancrosfit|and dance battles are awesome
|c|☆lupiit|I see
|
|t:|1757925927
|switch|p1a: Pelipper|Pelipper, F|38/100|[from] Flip Turn
|-weather|RainDance|[from] ability: Drizzle|[of] p1a: Pelipper
|
|-weather|RainDance|[upkeep]
|upkeep
|
|t:|1757925936
|switch|p2a: Meowscarada|Meowscarada, F|55/100
|turn|23
|j| nuzlockingpikachu
|
|t:|1757925950
|switch|p1a: Hatterene|Hatterene, F|17/100 tox
|move|p2a: Meowscarada|Triple Axel|p1a: Hatterene|[miss]
|-start|p2a: Meowscarada|typechange|Ice|[from] ability: Protean
|-miss|p2a: Meowscarada|p1a: Hatterene
|
|-weather|RainDance|[upkeep]
|-heal|p1a: Hatterene|23/100 tox|[from] item: Leftovers
|-damage|p1a: Hatterene|17/100 tox|[from] psn
|upkeep
|turn|24
|
|t:|1757925954
|switch|p2a: Ting-Lu|Ting-Lu, tera:Water|32/100
|-ability|p2a: Ting-Lu|Vessel of Ruin
|move|p1a: Hatterene|Nuzzle|p2a: Ting-Lu
|-supereffective|p2a: Ting-Lu
|-damage|p2a: Ting-Lu|27/100
|-status|p2a: Ting-Lu|par
|
|-weather|RainDance|[upkeep]
|-heal|p2a: Ting-Lu|33/100 par|[from] item: Leftovers
|-heal|p1a: Hatterene|23/100 tox|[from] item: Leftovers
|-damage|p1a: Hatterene|11/100 tox|[from] psn
|upkeep
|turn|25
|
|t:|1757925961
|switch|p2a: Pecharunt|Pecharunt|58/100 par
|switch|p1a: Raging Bolt|Raging Bolt|100/100
|
|-weather|RainDance|[upkeep]
|upkeep
|turn|26
|
|t:|1757925964
|move|p1a: Raging Bolt|Thunder|p2a: Pecharunt
|-damage|p2a: Pecharunt|0 fnt
|faint|p2a: Pecharunt
|
|-weather|RainDance|[upkeep]
|upkeep
|
|t:|1757925966
|switch|p2a: Iron Valiant|Iron Valiant|100/100
|-enditem|p2a: Iron Valiant|Booster Energy
|-activate|p2a: Iron Valiant|ability: Quark Drive|[fromitem]
|-start|p2a: Iron Valiant|quarkdrivespe
|turn|27
|
|t:|1757925970
|-end|p1a: Raging Bolt|Protosynthesis|[silent]
|switch|p1a: Tornadus|Tornadus-Therian, M|81/100
|move|p2a: Iron Valiant|Moonblast|p1a: Tornadus
|-damage|p1a: Tornadus|58/100
|-unboost|p1a: Tornadus|spa|1
|
|-weather|RainDance|[upkeep]
|upkeep
|turn|28
|l| nuzlockingpikachu
|
|t:|1757925975
|move|p2a: Iron Valiant|Knock Off|p1a: Tornadus
|-damage|p1a: Tornadus|25/100
|-enditem|p1a: Tornadus|Assault Vest|[from] move: Knock Off|[of] p2a: Iron Valiant
|move|p1a: Tornadus|U-turn|p2a: Iron Valiant
|-resisted|p2a: Iron Valiant
|-damage|p2a: Iron Valiant|96/100
|
|t:|1757925982
|switch|p1a: Barraskewda|Barraskewda, F, tera:Water|100/100|[from] U-turn
|
|-weather|RainDance|[upkeep]
|upkeep
|turn|29
|c|☆lupiit|gg
|-message|lupiit forfeited.
|
|win|vegancrosfit
|raw|vegancrosfit's rating: 1627 &rarr; <strong>1645</strong><br />(+18 for winning)
|raw|lupiit's rating: 1588 &rarr; <strong>1570</strong><br />(-18 for losing)
|c|☆vegancrosfit|gg
|l|☆lupiit
|player|p2|
|l|☆vegancrosfit
|player|p1|
