|j|☆rolenbogat
|j|☆owl_with_scarf
|t:|1757944914
|gametype|singles
|player|p1|rolenbogat|dawn|1447
|player|p2|owl_with_scarf|#owlwithscarf|1555
|gen|9
|tier|[Gen 9] OU
|rated|
|rule|HP Percentage Mod: HP is shown in percentages
|rule|Endless Battle Clause: Forcing endless battles is banned
|rule|Species Clause: Limit one of each Pokémon
|rule|OHKO Clause: OHKO moves are banned
|rule|Evasion Items Clause: Evasion items are banned
|rule|Evasion Moves Clause: Evasion moves are banned
|rule|Evasion Abilities Clause: Evasion abilities are banned
|rule|Sleep Moves Clause: Sleep-inducing moves are banned
|clearpoke
|poke|p1|Necrozma|
|poke|p1|Raging Bolt|
|poke|p1|Dragapult, F|
|poke|p1|Ninetales-Alola, M|
|poke|p1|Quaquaval, F|
|poke|p1|Iron Treads|
|poke|p2|Ceruledge, M|
|poke|p2|Torkoal, F|
|poke|p2|Raging Bolt|
|poke|p2|Comfey, M|
|poke|p2|Lilligant-Hisui, F|
|poke|p2|Hatterene, F|
|teampreview
|inactive|Battle timer is ON: inactive players will automatically lose when time's up. (requested by owl_with_scarf)
|
|t:|1757944919
|teamsize|p1|6
|teamsize|p2|6
|start
|switch|p1a: Raging Bolt|Raging Bolt|100/100
|switch|p2a: Torkoal|Torkoal, F|100/100
|-weather|SunnyDay|[from] ability: Drought|[of] p2a: Torkoal
|-activate|p1a: Raging Bolt|ability: Protosynthesis
|-start|p1a: Raging Bolt|protosynthesisspa
|turn|1
|
|t:|1757944926
|switch|p2a: Raging Bolt|Raging Bolt|100/100
|-activate|p2a: Raging Bolt|ability: Protosynthesis
|-start|p2a: Raging Bolt|protosynthesisspa
|move|p1a: Raging Bolt|Thunderbolt|p2a: Raging Bolt
|-resisted|p2a: Raging Bolt
|-damage|p2a: Raging Bolt|90/100
|
|-weather|SunnyDay|[upkeep]
|upkeep
|turn|2
|
|t:|1757944943
|move|p1a: Raging Bolt|Dragon Pulse|p2a: Raging Bolt
|-supereffective|p2a: Raging Bolt
|-damage|p2a: Raging Bolt|18/100
|move|p2a: Raging Bolt|Draco Meteor|p1a: Raging Bolt
|-supereffective|p1a: Raging Bolt
|-damage|p1a: Raging Bolt|0 fnt
|-unboost|p2a: Raging Bolt|spa|2
|faint|p1a: Raging Bolt
|-end|p1a: Raging Bolt|Protosynthesis|[silent]
|
|-weather|SunnyDay|[upkeep]
|upkeep
|
|t:|1757944958
|switch|p1a: Necrozma|Necrozma|100/100
|turn|3
|
|t:|1757944960
|move|p1a: Necrozma|Calm Mind|p1a: Necrozma
|-boost|p1a: Necrozma|spa|1
|-boost|p1a: Necrozma|spd|1
|move|p2a: Raging Bolt|Draco Meteor|p1a: Necrozma
|-damage|p1a: Necrozma|71/100
|-unboost|p2a: Raging Bolt|spa|2
|
|-weather|SunnyDay|[upkeep]
|-heal|p1a: Necrozma|77/100|[from] item: Leftovers
|upkeep
|turn|4
|
|t:|1757944964
|-end|p2a: Raging Bolt|Protosynthesis|[silent]
|switch|p2a: Lilligant|Lilligant-Hisui, F|100/100
|move|p1a: Necrozma|Calm Mind|p1a: Necrozma
|-boost|p1a: Necrozma|spa|1
|-boost|p1a: Necrozma|spd|1
|
|-weather|SunnyDay|[upkeep]
|-heal|p1a: Necrozma|83/100|[from] item: Leftovers
|upkeep
|turn|5
|
|t:|1757944966
|move|p2a: Lilligant|Encore|p1a: Necrozma
|-start|p1a: Necrozma|Encore
|move|p1a: Necrozma|Calm Mind|p1a: Necrozma
|-boost|p1a: Necrozma|spa|1
|-boost|p1a: Necrozma|spd|1
|
|-weather|SunnyDay|[upkeep]
|-heal|p1a: Necrozma|89/100|[from] item: Leftovers
|upkeep
|turn|6
|
|t:|1757944970
|switch|p1a: Ninetales|Ninetales-Alola, M|100/100
|-weather|Snowscape|[from] ability: Snow Warning|[of] p1a: Ninetales
|move|p2a: Lilligant|Solar Blade||[still]
|-prepare|p2a: Lilligant|Solar Blade
|
|-weather|Snowscape|[upkeep]
|upkeep
|turn|7
|
|t:|1757944974
|move|p1a: Ninetales|Aurora Veil|p1a: Ninetales
|-sidestart|p1: rolenbogat|move: Aurora Veil
|move|p2a: Lilligant|Solar Blade|p1a: Ninetales|[from] lockedmove
|-damage|p1a: Ninetales|83/100
|-damage|p2a: Lilligant|91/100|[from] item: Life Orb
|
|-weather|Snowscape|[upkeep]
|upkeep
|turn|8
|
|t:|1757944976
|switch|p2a: Torkoal|Torkoal, F|100/100
|-weather|SunnyDay|[from] ability: Drought|[of] p2a: Torkoal
|move|p1a: Ninetales|Moonblast|p2a: Torkoal
|-resisted|p2a: Torkoal
|-damage|p2a: Torkoal|79/100
|
|-weather|SunnyDay|[upkeep]
|upkeep
|turn|9
|
|t:|1757944986
|switch|p1a: Quaquaval|Quaquaval, F|100/100
|move|p2a: Torkoal|Stealth Rock|p1a: Quaquaval
|-sidestart|p1: rolenbogat|move: Stealth Rock
|
|-weather|SunnyDay|[upkeep]
|upkeep
|turn|10
|
|t:|1757944992
|switch|p2a: Lilligant|Lilligant-Hisui, F|91/100
|move|p1a: Quaquaval|Knock Off|p2a: Lilligant
|-resisted|p2a: Lilligant
|-damage|p2a: Lilligant|69/100
|-enditem|p2a: Lilligant|Life Orb|[from] move: Knock Off|[of] p1a: Quaquaval
|
|-weather|SunnyDay|[upkeep]
|upkeep
|turn|11
|
|t:|1757944999
|switch|p1a: Ninetales|Ninetales-Alola, M|83/100
|-damage|p1a: Ninetales|58/100|[from] Stealth Rock
|-weather|Snowscape|[from] ability: Snow Warning|[of] p1a: Ninetales
|move|p2a: Lilligant|Solar Blade||[still]
|-prepare|p2a: Lilligant|Solar Blade
|
|-weather|Snowscape|[upkeep]
|upkeep
|turn|12
|
|t:|1757945001
|move|p1a: Ninetales|Moonblast|p2a: Lilligant
|-supereffective|p2a: Lilligant
|-damage|p2a: Lilligant|0 fnt
|faint|p2a: Lilligant
|
|-weather|Snowscape|[upkeep]
|upkeep
|
|t:|1757945006
|switch|p2a: Torkoal|Torkoal, F|79/100
|-weather|SunnyDay|[from] ability: Drought|[of] p2a: Torkoal
|turn|13
|
|t:|1757945014
|switch|p1a: Necrozma|Necrozma|89/100
|-damage|p1a: Necrozma|77/100|[from] Stealth Rock
|switch|p2a: Ceruledge|Ceruledge, M|100/100
|
|-weather|SunnyDay|[upkeep]
|-heal|p1a: Necrozma|83/100|[from] item: Leftovers
|upkeep
|turn|14
|
|t:|1757945024
|move|p2a: Ceruledge|Bulk Up|p2a: Ceruledge
|-boost|p2a: Ceruledge|atk|1
|-boost|p2a: Ceruledge|def|1
|move|p1a: Necrozma|Earth Power|p2a: Ceruledge
|-supereffective|p2a: Ceruledge
|-crit|p2a: Ceruledge
|-damage|p2a: Ceruledge|0 fnt
|faint|p2a: Ceruledge
|
|-weather|SunnyDay|[upkeep]
|-heal|p1a: Necrozma|89/100|[from] item: Leftovers
|-sideend|p1: rolenbogat|move: Aurora Veil
|upkeep
|
|t:|1757945032
|switch|p2a: Raging Bolt|Raging Bolt|18/100
|-activate|p2a: Raging Bolt|ability: Protosynthesis
|-start|p2a: Raging Bolt|protosynthesisspa
|turn|15
|
|t:|1757945035
|switch|p1a: Ninetales|Ninetales-Alola, M|58/100
|-damage|p1a: Ninetales|33/100|[from] Stealth Rock
|-weather|Snowscape|[from] ability: Snow Warning|[of] p1a: Ninetales
|-end|p2a: Raging Bolt|Protosynthesis
|move|p2a: Raging Bolt|Weather Ball|p1a: Ninetales
|-resisted|p1a: Ninetales
|-damage|p1a: Ninetales|13/100
|
|-weather|Snowscape|[upkeep]
|upkeep
|turn|16
|
|t:|1757945047
|switch|p1a: Necrozma|Necrozma|89/100
|-damage|p1a: Necrozma|77/100|[from] Stealth Rock
|-end|p2a: Raging Bolt|Protosynthesis|[silent]
|switch|p2a: Torkoal|Torkoal, F|79/100
|-weather|SunnyDay|[from] ability: Drought|[of] p2a: Torkoal
|
|-weather|SunnyDay|[upkeep]
|-heal|p1a: Necrozma|83/100|[from] item: Leftovers
|upkeep
|turn|17
|
|t:|1757945054
|switch|p2a: Hatterene|Hatterene, F|100/100
|move|p1a: Necrozma|Calm Mind|p1a: Necrozma
|-boost|p1a: Necrozma|spa|1
|-boost|p1a: Necrozma|spd|1
|
|-weather|SunnyDay|[upkeep]
|-heal|p1a: Necrozma|89/100|[from] item: Leftovers
|upkeep
|turn|18
|
|t:|1757945058
|move|p1a: Necrozma|Calm Mind|p1a: Necrozma
|-boost|p1a: Necrozma|spa|1
|-boost|p1a: Necrozma|spd|1
|move|p2a: Hatterene|Dazzling Gleam|p1a: Necrozma
|-damage|p1a: Necrozma|69/100
|
|-weather|SunnyDay|[upkeep]
|-heal|p1a: Necrozma|75/100|[from] item: Leftovers
|upkeep
|turn|19
|
|t:|1757945062
|move|p1a: Necrozma|Calm Mind|p1a: Necrozma
|-boost|p1a: Necrozma|spa|1
|-boost|p1a: Necrozma|spd|1
|move|p2a: Hatterene|Dazzling Gleam|p1a: Necrozma
|-damage|p1a: Necrozma|60/100
|
|-weather|SunnyDay|[upkeep]
|-heal|p1a: Necrozma|66/100|[from] item: Leftovers
|upkeep
|turn|20
|
|t:|1757945065
|move|p1a: Necrozma|Calm Mind|p1a: Necrozma
|-boost|p1a: Necrozma|spa|1
|-boost|p1a: Necrozma|spd|1
|move|p2a: Hatterene|Dazzling Gleam|p1a: Necrozma
|-damage|p1a: Necrozma|53/100
|
|-weather|SunnyDay|[upkeep]
|-heal|p1a: Necrozma|59/100|[from] item: Leftovers
|upkeep
|turn|21
|
|t:|1757945073
|move|p1a: Necrozma|Morning Sun|p1a: Necrozma
|-heal|p1a: Necrozma|100/100
|move|p2a: Hatterene|Psychic Noise|p1a: Necrozma
|-resisted|p1a: Necrozma
|-damage|p1a: Necrozma|95/100
|-start|p1a: Necrozma|move: Heal Block
|
|-weather|SunnyDay|[upkeep]
|upkeep
|turn|22
|
|t:|1757945076
|move|p1a: Necrozma|Earth Power|p2a: Hatterene
|-damage|p2a: Hatterene|0 fnt
|faint|p2a: Hatterene
|
|-weather|SunnyDay|[upkeep]
|-end|p1a: Necrozma|move: Heal Block
|upkeep
|
|t:|1757945079
|switch|p2a: Comfey|Comfey, M, shiny|100/100
|turn|23
|
|t:|1757945082
|move|p2a: Comfey|Encore|p1a: Necrozma
|-start|p1a: Necrozma|Encore
|move|p1a: Necrozma|Earth Power|p2a: Comfey
|-damage|p2a: Comfey|0 fnt
|faint|p2a: Comfey
|
|-weather|none
|-heal|p1a: Necrozma|100/100|[from] item: Leftovers
|upkeep
|-message|owl_with_scarf forfeited.
|
|win|rolenbogat
|raw|rolenbogat's rating: 1447 &rarr; <strong>1473</strong><br />(+26 for winning)
|raw|owl_with_scarf's rating: 1555 &rarr; <strong>1529</strong><br />(-26 for losing)
|l|☆owl_with_scarf
|player|p2|
