|j|☆kinsword
|j|☆blisteringbigfoot
|t:|1757866696
|gametype|singles
|player|p1|kinsword|101|1346
|player|p2|blisteringbigfoot|roxie-masters|1381
|gen|9
|tier|[Gen 9] OU
|rated|
|rule|HP Percentage Mod: HP is shown in percentages
|rule|Endless Battle Clause: Forcing endless battles is banned
|rule|Species Clause: Limit one of each Pokémon
|rule|OHKO Clause: OHKO moves are banned
|rule|Evasion Items Clause: Evasion items are banned
|rule|Evasion Moves Clause: Evasion moves are banned
|rule|Evasion Abilities Clause: Evasion abilities are banned
|rule|Sleep Moves Clause: Sleep-inducing moves are banned
|clearpoke
|poke|p1|Iron Thorns|
|poke|p1|Samurott, F|
|poke|p1|Zapdos-Galar|
|poke|p1|Excadrill, F|
|poke|p1|Enamorus-Therian, F|
|poke|p1|Overqwil, F|
|poke|p2|Cloyster, M|
|poke|p2|Raging Bolt|
|poke|p2|Primarina, M|
|poke|p2|Iron Treads|
|poke|p2|Ogerpon-Wellspring, F|
|poke|p2|Dragapult, F|
|teampreview
|inactive|Battle timer is ON: inactive players will automatically lose when time's up. (requested by kinsword)
|
|t:|1757866722
|teamsize|p1|6
|teamsize|p2|6
|start
|switch|p1a: Zapdos|Zapdos-Galar|100/100
|switch|p2a: Ogerpon|Ogerpon-Wellspring, F|100/100
|turn|1
|
|t:|1757866732
|switch|p2a: Raging Bolt|Raging Bolt|100/100
|-enditem|p2a: Raging Bolt|Booster Energy
|-activate|p2a: Raging Bolt|ability: Protosynthesis|[fromitem]
|-start|p2a: Raging Bolt|protosynthesisspa
|move|p1a: Zapdos|U-turn|p2a: Raging Bolt
|-damage|p2a: Raging Bolt|80/100
|
|t:|1757866742
|switch|p1a: Excadrill|Excadrill, F|100/100|[from] U-turn
|-ability|p1a: Excadrill|Mold Breaker
|
|upkeep
|turn|2
|
|t:|1757866761
|-end|p2a: Raging Bolt|Protosynthesis|[silent]
|switch|p2a: Cloyster|Cloyster, M, shiny|100/100
|move|p1a: Excadrill|Earthquake|p2a: Cloyster
|-damage|p2a: Cloyster|61/100
|
|upkeep
|turn|3
|
|t:|1757866771
|move|p1a: Excadrill|Iron Head|p2a: Cloyster
|-damage|p2a: Cloyster|29/100
|move|p2a: Cloyster|Shell Smash|p2a: Cloyster
|-unboost|p2a: Cloyster|def|1
|-unboost|p2a: Cloyster|spd|1
|-boost|p2a: Cloyster|atk|2
|-boost|p2a: Cloyster|spa|2
|-boost|p2a: Cloyster|spe|2
|
|upkeep
|turn|4
|
|t:|1757866781
|switch|p1a: Overqwil|Overqwil, F|100/100
|-ability|p1a: Overqwil|Intimidate|boost
|-unboost|p2a: Cloyster|atk|1
|move|p2a: Cloyster|Icicle Spear|p1a: Overqwil
|-damage|p1a: Overqwil|81/100
|-damage|p1a: Overqwil|63/100
|-damage|p1a: Overqwil|43/100
|-damage|p1a: Overqwil|24/100
|-damage|p1a: Overqwil|5/100
|-hitcount|p1a: Overqwil|5
|
|-heal|p1a: Overqwil|11/100|[from] item: Leftovers
|upkeep
|turn|5
|
|t:|1757866796
|move|p2a: Cloyster|Ice Shard|p1a: Overqwil
|-damage|p1a: Overqwil|0 fnt
|faint|p1a: Overqwil
|
|upkeep
|
|t:|1757866802
|switch|p1a: Samurott|Samurott, F|100/100
|turn|6
|
|t:|1757866805
|move|p2a: Cloyster|Rock Blast|p1a: Samurott
|-damage|p1a: Samurott|88/100
|-damage|p1a: Samurott|74/100
|-damage|p1a: Samurott|61/100
|-damage|p1a: Samurott|47/100
|-damage|p1a: Samurott|34/100
|-hitcount|p1a: Samurott|5
|move|p1a: Samurott|Surf|p2a: Cloyster
|-resisted|p2a: Cloyster
|-damage|p2a: Cloyster|0 fnt
|faint|p2a: Cloyster
|
|upkeep
|
|t:|1757866822
|switch|p2a: Dragapult|Dragapult, F|100/100
|turn|7
|
|t:|1757866825
|move|p2a: Dragapult|U-turn|p1a: Samurott
|-damage|p1a: Samurott|0 fnt
|faint|p1a: Samurott
|
|t:|1757866829
|switch|p2a: Iron Treads|Iron Treads|100/100|[from] U-turn
|-enditem|p2a: Iron Treads|Booster Energy
|-activate|p2a: Iron Treads|ability: Quark Drive|[fromitem]
|-start|p2a: Iron Treads|quarkdrivespe
|
|upkeep
|
|t:|1757866839
|switch|p1a: Zapdos|Zapdos-Galar|100/100
|turn|8
|
|t:|1757866848
|move|p2a: Iron Treads|Steel Beam|p1a: Zapdos
|-damage|p1a: Zapdos|48/100
|-damage|p2a: Iron Treads|50/100|[from] steelbeam
|move|p1a: Zapdos|Close Combat|p2a: Iron Treads
|-supereffective|p2a: Iron Treads
|-damage|p2a: Iron Treads|0 fnt
|-unboost|p1a: Zapdos|def|1
|-unboost|p1a: Zapdos|spd|1
|faint|p2a: Iron Treads
|-end|p2a: Iron Treads|Quark Drive|[silent]
|
|upkeep
|
|t:|1757866854
|switch|p2a: Dragapult|Dragapult, F|100/100
|turn|9
|
|t:|1757866863
|switch|p1a: Enamorus|Enamorus-Therian, F|100/100
|-terastallize|p2a: Dragapult|Ghost
|move|p2a: Dragapult|Tera Blast|p1a: Enamorus|[anim] Tera Blast Ghost
|-damage|p1a: Enamorus|24/100
|
|upkeep
|turn|10
|
|t:|1757866873
|move|p2a: Dragapult|Tera Blast|p1a: Enamorus|[anim] Tera Blast Ghost
|-damage|p1a: Enamorus|0 fnt
|faint|p1a: Enamorus
|
|upkeep
|
|t:|1757866881
|switch|p1a: Zapdos|Zapdos-Galar|48/100
|turn|11
|
|t:|1757866896
|switch|p2a: Raging Bolt|Raging Bolt|80/100
|move|p1a: Zapdos|Knock Off|p2a: Raging Bolt
|-damage|p2a: Raging Bolt|59/100
|
|upkeep
|turn|12
|
|t:|1757866909
|switch|p1a: Excadrill|Excadrill, F|100/100
|-ability|p1a: Excadrill|Mold Breaker
|-end|p2a: Raging Bolt|Protosynthesis|[silent]
|switch|p2a: Ogerpon|Ogerpon-Wellspring, F|100/100
|
|upkeep
|turn|13
|
|t:|1757866923
|switch|p1a: Zapdos|Zapdos-Galar|48/100
|move|p2a: Ogerpon|Ivy Cudgel|p1a: Zapdos|[anim] Ivy Cudgel Water
|-damage|p1a: Zapdos|0 fnt
|faint|p1a: Zapdos
|
|upkeep
|
|t:|1757866932
|switch|p1a: Iron Thorns|Iron Thorns|100/100
|turn|14
|
|t:|1757866937
|-terastallize|p1a: Iron Thorns|Grass
|move|p2a: Ogerpon|Ivy Cudgel|p1a: Iron Thorns|[anim] Ivy Cudgel Water
|-resisted|p1a: Iron Thorns
|-damage|p1a: Iron Thorns|72/100
|move|p1a: Iron Thorns|Dragon Dance|p1a: Iron Thorns
|-boost|p1a: Iron Thorns|atk|1
|-boost|p1a: Iron Thorns|spe|1
|
|upkeep
|turn|15
|
|t:|1757866952
|move|p1a: Iron Thorns|Dragon Dance|p1a: Iron Thorns
|-boost|p1a: Iron Thorns|atk|1
|-boost|p1a: Iron Thorns|spe|1
|move|p2a: Ogerpon|U-turn|p1a: Iron Thorns
|-supereffective|p1a: Iron Thorns
|-damage|p1a: Iron Thorns|25/100
|
|t:|1757866959
|switch|p2a: Raging Bolt|Raging Bolt|59/100|[from] U-turn
|
|upkeep
|turn|16
|
|t:|1757866967
|move|p2a: Raging Bolt|Thunderclap|p1a: Iron Thorns
|-resisted|p1a: Iron Thorns
|-damage|p1a: Iron Thorns|3/100
|move|p1a: Iron Thorns|Rock Blast|p2a: Raging Bolt
|-damage|p2a: Raging Bolt|32/100
|-damage|p2a: Raging Bolt|5/100
|-damage|p2a: Raging Bolt|0 fnt
|faint|p2a: Raging Bolt
|-end|p2a: Raging Bolt|Protosynthesis|[silent]
|-hitcount|p2: Raging Bolt|3
|
|upkeep
|
|t:|1757866975
|switch|p2a: Primarina|Primarina, M|100/100
|turn|17
|
|t:|1757866979
|move|p1a: Iron Thorns|Supercell Slam|p2a: Primarina
|-supereffective|p2a: Primarina
|-damage|p2a: Primarina|0 fnt
|faint|p2a: Primarina
|
|upkeep
|
|t:|1757866988
|switch|p2a: Dragapult|Dragapult, F, tera:Ghost|100/100
|turn|18
|
|t:|1757866996
|move|p1a: Iron Thorns|Rock Blast|p2a: Dragapult
|-damage|p2a: Dragapult|58/100
|-damage|p2a: Dragapult|17/100
|-damage|p2a: Dragapult|0 fnt
|faint|p2a: Dragapult
|-hitcount|p2: Dragapult|3
|
|upkeep
|
|t:|1757866998
|switch|p2a: Ogerpon|Ogerpon-Wellspring, F|100/100
|turn|19
|
|t:|1757867010
|move|p1a: Iron Thorns|Rock Blast|p2a: Ogerpon
|-damage|p2a: Ogerpon|63/100
|-damage|p2a: Ogerpon|26/100
|-damage|p2a: Ogerpon|0 fnt
|faint|p2a: Ogerpon
|-hitcount|p2: Ogerpon|3
|
|win|kinsword
|raw|kinsword's rating: 1346 &rarr; <strong>1368</strong><br />(+22 for winning)
|raw|blisteringbigfoot's rating: 1381 &rarr; <strong>1359</strong><br />(-22 for losing)
|l|☆blisteringbigfoot
|player|p2|
|l|☆kinsword
|player|p1|
