|j|☆cr aries
|j|☆KingPikaPika
|t:|1757945262
|gametype|singles
|player|p1|cr aries|2|1614
|player|p2|KingPikaPika|pokekid|1704
|gen|9
|tier|[Gen 9] OU
|rated|
|rule|HP Percentage Mod: HP is shown in percentages
|rule|Endless Battle Clause: Forcing endless battles is banned
|rule|Species Clause: Limit one of each Pokémon
|rule|OHKO Clause: OHKO moves are banned
|rule|Evasion Items Clause: Evasion items are banned
|rule|Evasion Moves Clause: Evasion moves are banned
|rule|Evasion Abilities Clause: Evasion abilities are banned
|rule|Sleep Moves Clause: Sleep-inducing moves are banned
|clearpoke
|poke|p1|Weavile, M|
|poke|p1|Gholdengo|
|poke|p1|Slowking-Galar, M|
|poke|p1|Corviknight, M|
|poke|p1|Sandy Shocks|
|poke|p1|Heatran, F|
|poke|p2|Landorus-Therian, M|
|poke|p2|Clefable, M|
|poke|p2|Iron Treads|
|poke|p2|Dragapult, M|
|poke|p2|Corviknight, M|
|poke|p2|Darkrai|
|teampreview
|inactive|Battle timer is ON: inactive players will automatically lose when time's up. (requested by cr aries)
|
|t:|1757945334
|teamsize|p1|6
|teamsize|p2|6
|start
|switch|p1a: Heatran|Heatran, F|100/100
|switch|p2a: Iron Treads|Iron Treads|100/100
|-enditem|p2a: Iron Treads|Booster Energy
|-activate|p2a: Iron Treads|ability: Quark Drive|[fromitem]
|-start|p2a: Iron Treads|quarkdrivespe
|turn|1
|j| amefurikoneko
|inactive|cr aries has 120 seconds left.
|inactive|cr aries has 90 seconds left.
|
|t:|1757945416
|switch|p1a: Corviknight|Corviknight, M|100/100
|-ability|p1a: Corviknight|Pressure
|move|p2a: Iron Treads|Earth Power|p1a: Corviknight
|-immune|p1a: Corviknight
|
|upkeep
|turn|2
|
|t:|1757945419
|move|p2a: Iron Treads|Stealth Rock|p1a: Corviknight
|-sidestart|p1: cr aries|move: Stealth Rock
|move|p1a: Corviknight|U-turn|p2a: Iron Treads
|-resisted|p2a: Iron Treads
|-damage|p2a: Iron Treads|94/100
|
|t:|1757945422
|switch|p1a: Slowking|Slowking-Galar, M|100/100|[from] U-turn
|
|upkeep
|turn|3
|inactive|cr aries has 90 seconds left.
|inactive|KingPikaPika has 120 seconds left.
|
|t:|1757945468
|move|p2a: Iron Treads|Steel Beam|p1a: Slowking
|-damage|p1a: Slowking|70/100
|-damage|p2a: Iron Treads|44/100|[from] steelbeam
|move|p1a: Slowking|Future Sight|p2a: Iron Treads
|-start|p1a: Slowking|move: Future Sight
|
|upkeep
|turn|4
|l| amefurikoneko
|
|t:|1757945473
|move|p2a: Iron Treads|Earth Power|p1a: Slowking
|-supereffective|p1a: Slowking
|-damage|p1a: Slowking|35/100
|-prepare|p1a: Slowking|Chilly Reception|[premajor]
|move|p1a: Slowking|Chilly Reception|p1a: Slowking
|-weather|Snowscape
|
|t:|1757945478
|switch|p1a: Weavile|Weavile, M|100/100|[from] Chilly Reception
|
|-weather|Snowscape|[upkeep]
|upkeep
|turn|5
|
|t:|1757945481
|switch|p1a: Heatran|Heatran, F|100/100
|-damage|p1a: Heatran|88/100|[from] Stealth Rock
|move|p2a: Iron Treads|Steel Beam|p1a: Heatran
|-resisted|p1a: Heatran
|-damage|p1a: Heatran|78/100
|-damage|p2a: Iron Treads|0 fnt|[from] steelbeam
|faint|p2a: Iron Treads
|-end|p2a: Iron Treads|Quark Drive|[silent]
|
|-weather|Snowscape|[upkeep]
|-hint|Future Sight did not hit because the target is fainted.
|-heal|p1a: Heatran|84/100|[from] item: Leftovers
|upkeep
|
|t:|1757945487
|switch|p2a: Landorus|Landorus-Therian, M|100/100
|-ability|p2a: Landorus|Intimidate|boost
|-unboost|p1a: Heatran|atk|1
|turn|6
|
|t:|1757945491
|switch|p1a: Corviknight|Corviknight, M|100/100
|-damage|p1a: Corviknight|88/100|[from] Stealth Rock
|-ability|p1a: Corviknight|Pressure
|move|p2a: Landorus|Substitute|p2a: Landorus
|-start|p2a: Landorus|Substitute
|-damage|p2a: Landorus|76/100
|
|-weather|Snowscape|[upkeep]
|-heal|p2a: Landorus|82/100|[from] item: Leftovers
|upkeep
|turn|7
|
|t:|1757945493
|move|p2a: Landorus|Bulk Up|p2a: Landorus
|-boost|p2a: Landorus|atk|1
|-boost|p2a: Landorus|def|1
|move|p1a: Corviknight|Defog|p2a: Landorus
|-sideend|p1: cr aries|Stealth Rock|[from] move: Defog|[of] p1a: Corviknight
|
|-weather|Snowscape|[upkeep]
|-heal|p2a: Landorus|88/100|[from] item: Leftovers
|upkeep
|turn|8
|
|t:|1757945498
|move|p2a: Landorus|Bulk Up|p2a: Landorus
|-boost|p2a: Landorus|atk|1
|-boost|p2a: Landorus|def|1
|move|p1a: Corviknight|Brave Bird|p2a: Landorus
|-activate|p2a: Landorus|move: Substitute|[damage]
|-damage|p1a: Corviknight|82/100|[from] Recoil|[of] p2a: Landorus
|
|-weather|none
|-heal|p2a: Landorus|94/100|[from] item: Leftovers
|upkeep
|turn|9
|
|t:|1757945504
|move|p2a: Landorus|Bulk Up|p2a: Landorus
|-boost|p2a: Landorus|atk|1
|-boost|p2a: Landorus|def|1
|move|p1a: Corviknight|U-turn|p2a: Landorus
|-resisted|p2a: Landorus
|-activate|p2a: Landorus|move: Substitute|[damage]
|
|t:|1757945507
|switch|p1a: Weavile|Weavile, M|100/100|[from] U-turn
|
|-heal|p2a: Landorus|99/100|[from] item: Leftovers
|upkeep
|turn|10
|
|t:|1757945511
|-terastallize|p2a: Landorus|Water
|move|p1a: Weavile|Triple Axel|p2a: Landorus
|-resisted|p2a: Landorus
|-activate|p2a: Landorus|move: Substitute|[damage]
|-resisted|p2a: Landorus
|-end|p2a: Landorus|Substitute
|-resisted|p2a: Landorus
|-damage|p2a: Landorus|94/100
|-hitcount|p2a: Landorus|3
|move|p2a: Landorus|Earthquake|p1a: Weavile
|-damage|p1a: Weavile|0 fnt
|faint|p1a: Weavile
|
|-heal|p2a: Landorus|99/100|[from] item: Leftovers
|upkeep
|
|t:|1757945520
|switch|p1a: Sandy Shocks|Sandy Shocks|100/100
|-enditem|p1a: Sandy Shocks|Booster Energy
|-activate|p1a: Sandy Shocks|ability: Protosynthesis|[fromitem]
|-start|p1a: Sandy Shocks|protosynthesisspe
|turn|11
|
|t:|1757945530
|switch|p2a: Corviknight|Corviknight, M|100/100
|move|p1a: Sandy Shocks|Thunderbolt|p2a: Corviknight
|-supereffective|p2a: Corviknight
|-damage|p2a: Corviknight|46/100
|
|-heal|p2a: Corviknight|52/100|[from] item: Leftovers
|upkeep
|turn|12
|
|t:|1757945536
|move|p1a: Sandy Shocks|Thunderbolt|p2a: Corviknight
|-supereffective|p2a: Corviknight
|-damage|p2a: Corviknight|0 fnt
|faint|p2a: Corviknight
|
|upkeep
|
|t:|1757945539
|switch|p2a: Darkrai|Darkrai|100/100
|turn|13
|
|t:|1757945554
|move|p2a: Darkrai|Ice Beam|p1a: Sandy Shocks
|-supereffective|p1a: Sandy Shocks
|-damage|p1a: Sandy Shocks|22/100
|move|p1a: Sandy Shocks|Thunderbolt|p2a: Darkrai
|-damage|p2a: Darkrai|41/100
|
|upkeep
|turn|14
|
|t:|1757945559
|switch|p2a: Landorus|Landorus-Therian, M, tera:Water|99/100
|-ability|p2a: Landorus|Intimidate|boost
|-unboost|p1a: Sandy Shocks|atk|1
|-end|p1a: Sandy Shocks|Protosynthesis|[silent]
|switch|p1a: Heatran|Heatran, F|84/100
|
|-heal|p2a: Landorus|100/100|[from] item: Leftovers
|-heal|p1a: Heatran|90/100|[from] item: Leftovers
|upkeep
|turn|15
|
|t:|1757945564
|move|p2a: Landorus|Substitute|p2a: Landorus
|-start|p2a: Landorus|Substitute
|-damage|p2a: Landorus|76/100
|move|p1a: Heatran|Taunt|p2a: Landorus
|-start|p2a: Landorus|move: Taunt
|
|-heal|p2a: Landorus|82/100|[from] item: Leftovers
|-heal|p1a: Heatran|96/100|[from] item: Leftovers
|upkeep
|turn|16
|
|t:|1757945568
|switch|p1a: Corviknight|Corviknight, M|82/100
|-ability|p1a: Corviknight|Pressure
|move|p2a: Landorus|Smack Down|p1a: Corviknight
|-damage|p1a: Corviknight|72/100
|-start|p1a: Corviknight|Smack Down
|
|-heal|p2a: Landorus|88/100|[from] item: Leftovers
|upkeep
|turn|17
|
|t:|1757945573
|move|p2a: Landorus|Earthquake|p1a: Corviknight
|-supereffective|p1a: Corviknight
|-damage|p1a: Corviknight|12/100
|move|p1a: Corviknight|Brave Bird|p2a: Landorus
|-end|p2a: Landorus|Substitute
|-damage|p1a: Corviknight|4/100|[from] Recoil|[of] p2a: Landorus
|
|-heal|p2a: Landorus|94/100|[from] item: Leftovers
|upkeep
|turn|18
|
|t:|1757945577
|move|p2a: Landorus|Smack Down|p1a: Corviknight
|-damage|p1a: Corviknight|0 fnt
|faint|p1a: Corviknight
|
|-heal|p2a: Landorus|99/100|[from] item: Leftovers
|-end|p2a: Landorus|move: Taunt
|upkeep
|
|t:|1757945579
|switch|p1a: Sandy Shocks|Sandy Shocks|22/100
|turn|19
|
|t:|1757945585
|switch|p2a: Dragapult|Dragapult, M|100/100
|move|p1a: Sandy Shocks|Volt Switch|p2a: Dragapult
|-resisted|p2a: Dragapult
|-damage|p2a: Dragapult|82/100
|
|t:|1757945594
|-end|p1a: Sandy Shocks|Protosynthesis|[silent]
|switch|p1a: Slowking|Slowking-Galar, M|68/100|[from] Volt Switch
|
|upkeep
|turn|20
|
|t:|1757945599
|move|p2a: Dragapult|Light Screen|p2a: Dragapult
|-sidestart|p2: KingPikaPika|move: Light Screen
|move|p1a: Slowking|Toxic Spikes|p2a: Dragapult
|-sidestart|p2: KingPikaPika|move: Toxic Spikes
|
|upkeep
|turn|21
|
|t:|1757945610
|move|p2a: Dragapult|U-turn|p1a: Slowking
|-damage|p1a: Slowking|50/100
|
|t:|1757945612
|switch|p2a: Landorus|Landorus-Therian, M, tera:Water|99/100|[from] U-turn
|-status|p2a: Landorus|psn
|-ability|p2a: Landorus|Intimidate|boost
|-unboost|p1a: Slowking|atk|1
|move|p1a: Slowking|Future Sight|p2a: Landorus
|-start|p1a: Slowking|move: Future Sight
|
|-heal|p2a: Landorus|100/100 psn|[from] item: Leftovers
|-damage|p2a: Landorus|88/100 psn|[from] psn
|upkeep
|turn|22
|
|t:|1757945615
|move|p2a: Landorus|Earthquake|p1a: Slowking
|-supereffective|p1a: Slowking
|-damage|p1a: Slowking|0 fnt
|faint|p1a: Slowking
|
|-heal|p2a: Landorus|94/100 psn|[from] item: Leftovers
|-damage|p2a: Landorus|82/100 psn|[from] psn
|upkeep
|
|t:|1757945618
|switch|p1a: Sandy Shocks|Sandy Shocks|22/100
|turn|23
|
|t:|1757945622
|move|p1a: Sandy Shocks|Volt Switch|p2a: Landorus
|-supereffective|p2a: Landorus
|-damage|p2a: Landorus|45/100 psn
|
|t:|1757945625
|-end|p1a: Sandy Shocks|Protosynthesis|[silent]
|switch|p1a: Gholdengo|Gholdengo|100/100|[from] Volt Switch
|move|p2a: Landorus|Earthquake|p1a: Gholdengo
|-supereffective|p1a: Gholdengo
|-damage|p1a: Gholdengo|34/100
|
|-end|p2a: Landorus|move: Future Sight
|-damage|p2a: Landorus|21/100 psn
|-heal|p2a: Landorus|27/100 psn|[from] item: Leftovers
|-damage|p2a: Landorus|15/100 psn|[from] psn
|upkeep
|turn|24
|
|t:|1757945637
|move|p2a: Landorus|Earthquake|p1a: Gholdengo
|-supereffective|p1a: Gholdengo
|-damage|p1a: Gholdengo|0 fnt
|faint|p1a: Gholdengo
|
|-heal|p2a: Landorus|21/100 psn|[from] item: Leftovers
|-damage|p2a: Landorus|9/100 psn|[from] psn
|upkeep
|
|t:|1757945640
|switch|p1a: Sandy Shocks|Sandy Shocks|22/100
|turn|25
|
|t:|1757945647
|switch|p2a: Dragapult|Dragapult, M|82/100
|-status|p2a: Dragapult|psn
|move|p1a: Sandy Shocks|Volt Switch|p2a: Dragapult
|-resisted|p2a: Dragapult
|-damage|p2a: Dragapult|73/100 psn
|
|t:|1757945650
|-end|p1a: Sandy Shocks|Protosynthesis|[silent]
|switch|p1a: Heatran|Heatran, F|96/100|[from] Volt Switch
|
|-heal|p1a: Heatran|100/100|[from] item: Leftovers
|-damage|p2a: Dragapult|60/100 psn|[from] psn
|upkeep
|turn|26
|
|t:|1757945656
|move|p2a: Dragapult|Curse|p1a: Heatran
|-start|p1a: Heatran|Curse|[of] p2a: Dragapult
|-damage|p2a: Dragapult|10/100 psn
|move|p1a: Heatran|Stealth Rock|p2a: Dragapult
|-sidestart|p2: KingPikaPika|move: Stealth Rock
|
|-damage|p2a: Dragapult|0 fnt|[from] psn
|faint|p2a: Dragapult
|-damage|p1a: Heatran|76/100|[from] Curse
|upkeep
|
|t:|1757945670
|switch|p2a: Clefable|Clefable, M|100/100
|-status|p2a: Clefable|psn
|-damage|p2a: Clefable|88/100 psn|[from] Stealth Rock
|turn|27
|
|t:|1757945680
|move|p1a: Heatran|Taunt|p2a: Clefable
|-start|p2a: Clefable|move: Taunt
|move|p2a: Clefable|Moonblast|p1a: Heatran
|-resisted|p1a: Heatran
|-damage|p1a: Heatran|69/100
|
|-heal|p1a: Heatran|76/100|[from] item: Leftovers
|-heal|p2a: Clefable|94/100 psn|[from] item: Leftovers
|-damage|p2a: Clefable|82/100 psn|[from] psn
|-damage|p1a: Heatran|51/100|[from] Curse
|-sideend|p2: KingPikaPika|move: Light Screen
|upkeep
|turn|28
|
|t:|1757945684
|switch|p1a: Sandy Shocks|Sandy Shocks|22/100
|move|p2a: Clefable|Moonblast|p1a: Sandy Shocks
|-damage|p1a: Sandy Shocks|0 fnt
|faint|p1a: Sandy Shocks
|-end|p1a: Sandy Shocks|Protosynthesis|[silent]
|
|-heal|p2a: Clefable|88/100 psn|[from] item: Leftovers
|-damage|p2a: Clefable|75/100 psn|[from] psn
|upkeep
|
|t:|1757945687
|switch|p1a: Heatran|Heatran, F|51/100
|turn|29
|
|t:|1757945689
|switch|p2a: Landorus|Landorus-Therian, M, tera:Water|9/100 psn
|-damage|p2a: Landorus|0 fnt|[from] Stealth Rock
|faint|p2a: Landorus
|move|p1a: Heatran|Magma Storm|p2: Landorus|[notarget]
|-fail|p1a: Heatran
|
|-heal|p1a: Heatran|57/100|[from] item: Leftovers
|upkeep
|
|t:|1757945691
|switch|p2a: Darkrai|Darkrai|41/100
|-status|p2a: Darkrai|psn
|-damage|p2a: Darkrai|28/100 psn|[from] Stealth Rock
|turn|30
|
|t:|1757945694
|move|p1a: Heatran|Protect|p1a: Heatran
|-singleturn|p1a: Heatran|Protect
|move|p2a: Darkrai|Trick|p1a: Heatran
|-activate|p1a: Heatran|move: Protect
|
|-heal|p1a: Heatran|63/100|[from] item: Leftovers
|-damage|p2a: Darkrai|16/100 psn|[from] psn
|upkeep
|turn|31
|
|t:|1757945703
|move|p2a: Darkrai|Trick|p1a: Heatran
|-activate|p2a: Darkrai|move: Trick|[of] p1a: Heatran
|-item|p1a: Heatran|Choice Scarf|[from] move: Trick
|-item|p2a: Darkrai|Leftovers|[from] move: Trick
|move|p1a: Heatran|Magma Storm|p2a: Darkrai|[miss]
|-miss|p1a: Heatran|p2a: Darkrai
|
|-heal|p2a: Darkrai|22/100 psn|[from] item: Leftovers
|-damage|p2a: Darkrai|9/100 psn|[from] psn
|upkeep
|turn|32
|
|t:|1757945708
|move|p2a: Darkrai|Dark Pulse|p1a: Heatran
|-crit|p1a: Heatran
|-damage|p1a: Heatran|5/100
|move|p1a: Heatran|Magma Storm|p2a: Darkrai|[miss]
|-miss|p1a: Heatran|p2a: Darkrai
|
|-heal|p2a: Darkrai|15/100 psn|[from] item: Leftovers
|-damage|p2a: Darkrai|3/100 psn|[from] psn
|upkeep
|turn|33
|
|t:|1757945713
|move|p2a: Darkrai|Dark Pulse|p1a: Heatran
|-damage|p1a: Heatran|0 fnt
|faint|p1a: Heatran
|
|win|KingPikaPika
|raw|cr aries's rating: 1614 &rarr; <strong>1600</strong><br />(-14 for losing)
|raw|KingPikaPika's rating: 1722 &rarr; <strong>1736</strong><br />(+14 for winning)
|c|☆cr aries|waouh
|l|☆KingPikaPika
|player|p2|
|c|☆cr aries|gg
|l|☆cr aries
|player|p1|
