|j|☆darktrainerben
|j|☆AdrianGossler
|t:|1757900343
|gametype|singles
|player|p1|darktrainerben|gambler|1101
|player|p2|AdrianGossler|picnicker|1115
|gen|9
|tier|[Gen 9] OU
|rated|
|rule|HP Percentage Mod: HP is shown in percentages
|rule|Endless Battle Clause: Forcing endless battles is banned
|rule|Species Clause: Limit one of each Pokémon
|rule|OHKO Clause: OHKO moves are banned
|rule|Evasion Items Clause: Evasion items are banned
|rule|Evasion Moves Clause: Evasion moves are banned
|rule|Evasion Abilities Clause: Evasion abilities are banned
|rule|Sleep Moves Clause: Sleep-inducing moves are banned
|clearpoke
|poke|p1|Toxtricity, F|
|poke|p1|Honchkrow, F|
|poke|p1|Weezing-Galar, F|
|poke|p1|Ogerpon-Wellspring, F|
|poke|p1|Malamar, F|
|poke|p1|Rabsca, F|
|poke|p2|Leafeon, F|
|poke|p2|Garganacl, F|
|poke|p2|Ditto|
|poke|p2|Talonflame, F|
|poke|p2|Spidops, M|
|poke|p2|Slowking-Galar, M|
|teampreview
|
|t:|1757900356
|teamsize|p1|6
|teamsize|p2|6
|start
|switch|p1a: Me when no malamar|Ogerpon-Wellspring, F|100/100
|switch|p2a: ARANHA HOMEM|Spidops, M|100/100
|turn|1
|c|☆darktrainerben|Hi
|
|t:|1757900363
|move|p1a: Me when no malamar|Swords Dance|p1a: Me when no malamar
|-boost|p1a: Me when no malamar|atk|2
|move|p2a: ARANHA HOMEM|Sticky Web|p1a: Me when no malamar
|-sidestart|p1: darktrainerben|move: Sticky Web
|
|upkeep
|turn|2
|
|t:|1757900368
|move|p1a: Me when no malamar|Ivy Cudgel|p2a: ARANHA HOMEM|[anim] Ivy Cudgel Water
|-damage|p2a: ARANHA HOMEM|0 fnt
|faint|p2a: ARANHA HOMEM
|
|upkeep
|
|t:|1757900377
|switch|p2a: Slowking|Slowking-Galar, M|100/100
|turn|3
|c|☆AdrianGossler|hi
|l|☆darktrainerben
|player|p1|
|j|☆darktrainerben
|player|p1|darktrainerben|gambler|
|
|t:|1757900406
|move|p1a: Me when no malamar|Spiky Shield|p1a: Me when no malamar
|-singleturn|p1a: Me when no malamar|move: Protect
|move|p2a: Slowking|Disable|p1a: Me when no malamar
|-activate|p1a: Me when no malamar|move: Protect
|
|upkeep
|turn|4
|
|t:|1757900413
|move|p1a: Me when no malamar|Swords Dance|p1a: Me when no malamar
|-boost|p1a: Me when no malamar|atk|2
|move|p2a: Slowking|Toxic Spikes|p1a: Me when no malamar
|-sidestart|p1: darktrainerben|move: Toxic Spikes
|
|upkeep
|turn|5
|
|t:|1757900419
|move|p1a: Me when no malamar|Swords Dance|p1a: Me when no malamar
|-boost|p1a: Me when no malamar|atk|2
|move|p2a: Slowking|Toxic Spikes|p1a: Me when no malamar
|-sidestart|p1: darktrainerben|move: Toxic Spikes
|
|upkeep
|turn|6
|
|t:|1757900426
|move|p1a: Me when no malamar|Ivy Cudgel|p2a: Slowking|[anim] Ivy Cudgel Water
|-damage|p2a: Slowking|0 fnt
|faint|p2a: Slowking
|
|upkeep
|
|t:|1757900431
|switch|p2a: Vo ti copia|Ditto|100/100
|-transform|p2a: Vo ti copia|p1a: Me when no malamar|[from] ability: Imposter
|turn|7
|c|☆darktrainerben|I think I just sweep
|
|t:|1757900446
|move|p1a: Me when no malamar|Spiky Shield|p1a: Me when no malamar
|-singleturn|p1a: Me when no malamar|move: Protect
|move|p2a: Vo ti copia|Horn Leech|p1a: Me when no malamar
|-activate|p1a: Me when no malamar|move: Protect
|-damage|p2a: Vo ti copia|88/100|[from] Spiky Shield|[of] p1a: Me when no malamar
|
|upkeep
|turn|8
|
|t:|1757900456
|move|p2a: Vo ti copia|Horn Leech|p1a: Me when no malamar
|-damage|p1a: Me when no malamar|0 fnt
|-heal|p2a: Vo ti copia|100/100|[from] drain|[of] p1a: Me when no malamar
|faint|p1a: Me when no malamar
|
|upkeep
|c|☆darktrainerben|Nvm
|c|☆AdrianGossler|ok...
|
|t:|1757900479
|switch|p1a: Shell-by|Weezing-Galar, F, shiny|100/100
|turn|9
|
|t:|1757900490
|-terastallize|p1a: Shell-by|Steel
|move|p2a: Vo ti copia|Horn Leech|p1a: Shell-by
|-resisted|p1a: Shell-by
|-damage|p1a: Shell-by|36/100
|move|p1a: Shell-by|Haze|p1a: Shell-by
|-clearallboost
|
|-heal|p1a: Shell-by|42/100|[from] item: Leftovers
|upkeep
|turn|10
|
|t:|1757900502
|move|p2a: Vo ti copia|Horn Leech|p1a: Shell-by
|-resisted|p1a: Shell-by
|-damage|p1a: Shell-by|26/100
|move|p1a: Shell-by|Defog|p2a: Vo ti copia
|-unboost|p2a: Vo ti copia|evasion|1
|-sideend|p1: darktrainerben|Toxic Spikes|[from] move: Defog|[of] p1a: Shell-by
|-sideend|p1: darktrainerben|Sticky Web|[from] move: Defog|[of] p1a: Shell-by
|
|-heal|p1a: Shell-by|32/100|[from] item: Leftovers
|upkeep
|turn|11
|
|t:|1757900512
|switch|p2a: VO TE QUEIMA!!!|Talonflame, F|100/100
|move|p1a: Shell-by|Gunk Shot|p2a: VO TE QUEIMA!!!
|-crit|p2a: VO TE QUEIMA!!!
|-damage|p2a: VO TE QUEIMA!!!|17/100
|
|-heal|p1a: Shell-by|38/100|[from] item: Leftovers
|upkeep
|turn|12
|
|t:|1757900527
|switch|p1a: Pal-amar|Malamar, F, shiny|100/100
|move|p2a: VO TE QUEIMA!!!|Flare Blitz|p1a: Pal-amar
|-damage|p1a: Pal-amar|35/100
|-damage|p2a: VO TE QUEIMA!!!|0 fnt|[from] Recoil
|faint|p2a: VO TE QUEIMA!!!
|
|-heal|p1a: Pal-amar|41/100|[from] item: Leftovers
|upkeep
|
|t:|1757900538
|switch|p2a: É o Gramas|Leafeon, F, shiny|100/100
|turn|13
|
|t:|1757900551
|move|p2a: É o Gramas|Substitute|p2a: É o Gramas
|-start|p2a: É o Gramas|Substitute
|-damage|p2a: É o Gramas|76/100
|move|p1a: Pal-amar|Trick Room|p1a: Pal-amar
|-fieldstart|move: Trick Room|[of] p1a: Pal-amar
|
|-heal|p1a: Pal-amar|47/100|[from] item: Leftovers
|-heal|p2a: É o Gramas|82/100|[from] item: Leftovers
|upkeep
|turn|14
|
|t:|1757900559
|move|p1a: Pal-amar|Superpower|p2a: É o Gramas
|-end|p2a: É o Gramas|Substitute
|-boost|p1a: Pal-amar|atk|1
|-boost|p1a: Pal-amar|def|1
|move|p2a: É o Gramas|Leech Seed|p1a: Pal-amar|[miss]
|-miss|p2a: É o Gramas|p1a: Pal-amar
|
|-heal|p1a: Pal-amar|53/100|[from] item: Leftovers
|-heal|p2a: É o Gramas|88/100|[from] item: Leftovers
|upkeep
|turn|15
|
|t:|1757900569
|move|p1a: Pal-amar|Superpower|p2a: É o Gramas
|-damage|p2a: É o Gramas|30/100
|-boost|p1a: Pal-amar|atk|1
|-boost|p1a: Pal-amar|def|1
|move|p2a: É o Gramas|Leech Seed|p1a: Pal-amar
|-start|p1a: Pal-amar|move: Leech Seed
|
|-heal|p1a: Pal-amar|60/100|[from] item: Leftovers
|-heal|p2a: É o Gramas|36/100|[from] item: Leftovers
|-damage|p1a: Pal-amar|47/100|[from] Leech Seed|[of] p2a: É o Gramas
|-heal|p2a: É o Gramas|54/100|[silent]
|upkeep
|turn|16
|
|t:|1757900580
|move|p1a: Pal-amar|Superpower|p2a: É o Gramas
|-damage|p2a: É o Gramas|0 fnt
|-boost|p1a: Pal-amar|atk|1
|-boost|p1a: Pal-amar|def|1
|faint|p2a: É o Gramas
|
|-heal|p1a: Pal-amar|53/100|[from] item: Leftovers
|upkeep
|c|☆darktrainerben|Now I think I sweep
|
|t:|1757900595
|switch|p2a: Vo ti copia|Ditto|100/100
|-transform|p2a: Vo ti copia|p1a: Pal-amar|[from] ability: Imposter
|turn|17
|c|☆darktrainerben|Ah
|c|☆darktrainerben|You forgot one thing
|c|☆darktrainerben|You're actually slower now
|
|t:|1757900627
|move|p1a: Pal-amar|Superpower|p2a: Vo ti copia
|-damage|p2a: Vo ti copia|39/100
|-boost|p1a: Pal-amar|atk|1
|-boost|p1a: Pal-amar|def|1
|move|p2a: Vo ti copia|Lash Out|p1a: Pal-amar
|-damage|p1a: Pal-amar|27/100
|
|-heal|p1a: Pal-amar|33/100|[from] item: Leftovers
|-damage|p1a: Pal-amar|20/100|[from] Leech Seed|[of] p2a: Vo ti copia
|-heal|p2a: Vo ti copia|59/100|[silent]
|-fieldend|move: Trick Room
|upkeep
|turn|18
|c|☆AdrianGossler|ok
|
|t:|1757900641
|switch|p2a: MONSTRÃO|Garganacl, F|100/100
|move|p1a: Pal-amar|Trick Room|p1a: Pal-amar
|-fieldstart|move: Trick Room|[of] p1a: Pal-amar
|
|-heal|p1a: Pal-amar|27/100|[from] item: Leftovers
|-damage|p1a: Pal-amar|14/100|[from] Leech Seed|[of] p2a: MONSTRÃO
|upkeep
|turn|19
|c|☆AdrianGossler|Now?
|
|t:|1757900655
|move|p2a: MONSTRÃO|Iron Defense|p2a: MONSTRÃO
|-boost|p2a: MONSTRÃO|def|2
|move|p1a: Pal-amar|Superpower|p2a: MONSTRÃO
|-supereffective|p2a: MONSTRÃO
|-damage|p2a: MONSTRÃO|42/100
|-boost|p1a: Pal-amar|atk|1
|-boost|p1a: Pal-amar|def|1
|
|-heal|p2a: MONSTRÃO|48/100|[from] item: Leftovers
|-heal|p1a: Pal-amar|20/100|[from] item: Leftovers
|-damage|p1a: Pal-amar|8/100|[from] Leech Seed|[of] p2a: MONSTRÃO
|-heal|p2a: MONSTRÃO|61/100|[silent]
|upkeep
|turn|20
|c|☆darktrainerben|Now you're practically dead
|
|t:|1757900670
|move|p2a: MONSTRÃO|Recover|p2a: MONSTRÃO
|-heal|p2a: MONSTRÃO|100/100
|move|p1a: Pal-amar|Superpower|p2a: MONSTRÃO
|-supereffective|p2a: MONSTRÃO
|-damage|p2a: MONSTRÃO|27/100
|-boost|p1a: Pal-amar|atk|1
|-boost|p1a: Pal-amar|def|1
|
|-heal|p2a: MONSTRÃO|33/100|[from] item: Leftovers
|-heal|p1a: Pal-amar|14/100|[from] item: Leftovers
|-damage|p1a: Pal-amar|1/100|[from] Leech Seed|[of] p2a: MONSTRÃO
|-heal|p2a: MONSTRÃO|46/100|[silent]
|upkeep
|turn|21
|
|t:|1757900687
|move|p2a: MONSTRÃO|Recover|p2a: MONSTRÃO
|-heal|p2a: MONSTRÃO|96/100
|move|p1a: Pal-amar|Psycho Cut|p2a: MONSTRÃO
|-damage|p2a: MONSTRÃO|61/100
|
|-heal|p2a: MONSTRÃO|67/100|[from] item: Leftovers
|-heal|p1a: Pal-amar|7/100|[from] item: Leftovers
|-damage|p1a: Pal-amar|0 fnt|[from] Leech Seed|[of] p2a: MONSTRÃO
|-heal|p2a: MONSTRÃO|75/100|[silent]
|faint|p1a: Pal-amar
|upkeep
|
|t:|1757900706
|switch|p1a: Shell-by|Weezing-Galar, F, shiny, tera:Steel|38/100
|turn|22
|
|t:|1757900717
|move|p2a: MONSTRÃO|Recover|p2a: MONSTRÃO
|-heal|p2a: MONSTRÃO|100/100
|move|p1a: Shell-by|Haze|p1a: Shell-by
|-clearallboost
|
|-heal|p1a: Shell-by|44/100|[from] item: Leftovers
|-fieldend|move: Trick Room
|upkeep
|turn|23
|
|t:|1757900742
|move|p1a: Shell-by|Play Rough|p2a: MONSTRÃO|[miss]
|-miss|p1a: Shell-by|p2a: MONSTRÃO
|move|p2a: MONSTRÃO|Iron Defense|p2a: MONSTRÃO
|-boost|p2a: MONSTRÃO|def|2
|
|-heal|p1a: Shell-by|50/100|[from] item: Leftovers
|upkeep
|turn|24
|c|☆darktrainerben|Ok
|c|☆AdrianGossler|no no no
|
|t:|1757900752
|move|p1a: Shell-by|Haze|p1a: Shell-by
|-clearallboost
|move|p2a: MONSTRÃO|Hammer Arm|p1a: Shell-by
|-supereffective|p1a: Shell-by
|-damage|p1a: Shell-by|5/100
|-unboost|p2a: MONSTRÃO|spe|1
|
|-heal|p1a: Shell-by|11/100|[from] item: Leftovers
|upkeep
|turn|25
|c|☆AdrianGossler|Ok
|
|t:|1757900762
|move|p1a: Shell-by|Play Rough|p2a: MONSTRÃO
|-crit|p2a: MONSTRÃO
|-damage|p2a: MONSTRÃO|75/100
|move|p2a: MONSTRÃO|Iron Defense|p2a: MONSTRÃO
|-boost|p2a: MONSTRÃO|def|2
|
|-heal|p1a: Shell-by|17/100|[from] item: Leftovers
|-heal|p2a: MONSTRÃO|82/100|[from] item: Leftovers
|upkeep
|turn|26
|c|☆AdrianGossler|haze?
|l|☆darktrainerben
|player|p1|
|j|☆darktrainerben
|player|p1|darktrainerben|gambler|
|c|☆darktrainerben|Noooo
|
|t:|1757900796
|move|p1a: Shell-by|Play Rough|p2a: MONSTRÃO|[miss]
|-miss|p1a: Shell-by|p2a: MONSTRÃO
|move|p2a: MONSTRÃO|Iron Defense|p2a: MONSTRÃO
|-boost|p2a: MONSTRÃO|def|2
|
|-heal|p1a: Shell-by|23/100|[from] item: Leftovers
|-heal|p2a: MONSTRÃO|88/100|[from] item: Leftovers
|upkeep
|turn|27
|c|☆AdrianGossler|ok, predictable.
|c|☆AdrianGossler|Haze?
|c|☆AdrianGossler|Go
|c|☆AdrianGossler|Haze
|
|t:|1757900816
|move|p1a: Shell-by|Haze|p1a: Shell-by
|-clearallboost
|move|p2a: MONSTRÃO|Hammer Arm|p1a: Shell-by
|-supereffective|p1a: Shell-by
|-damage|p1a: Shell-by|0 fnt
|-unboost|p2a: MONSTRÃO|spe|1
|faint|p1a: Shell-by
|
|-heal|p2a: MONSTRÃO|94/100|[from] item: Leftovers
|upkeep
|c|☆AdrianGossler|yes
|c|☆darktrainerben|You guess haze TF you mean predictable
|c|☆AdrianGossler|thank you
|
|t:|1757900834
|switch|p1a: Bugga|Rabsca, F|100/100
|turn|28
|
|t:|1757900840
|move|p1a: Bugga|Revival Blessing|p1a: Bugga
|-enditem|p1a: Bugga|Leppa Berry|[eat]
|-activate|p1a: Bugga|item: Leppa Berry|Revival Blessing|[consumed]
|c|☆darktrainerben|This is my FFA team btw
|
|t:|1757900849
|-heal|p1: Me when no malamar|50/100|[from] move: Revival Blessing
|move|p2a: MONSTRÃO|Salt Cure|p1a: Bugga
|-supereffective|p1a: Bugga
|-damage|p1a: Bugga|65/100
|-start|p1a: Bugga|Salt Cure
|
|-heal|p2a: MONSTRÃO|99/100|[from] item: Leftovers
|-damage|p1a: Bugga|52/100|[from] Salt Cure
|upkeep
|turn|29
|
|t:|1757900860
|move|p1a: Bugga|Reflect|p1a: Bugga
|-sidestart|p1: darktrainerben|Reflect
|move|p2a: MONSTRÃO|Iron Defense|p2a: MONSTRÃO
|-boost|p2a: MONSTRÃO|def|2
|
|-heal|p2a: MONSTRÃO|100/100|[from] item: Leftovers
|-damage|p1a: Bugga|40/100|[from] Salt Cure
|upkeep
|turn|30
|
|t:|1757900869
|move|p1a: Bugga|Revival Blessing|p1a: Bugga
|
|t:|1757900873
|-heal|p1: Shell-by|50/100|[from] move: Revival Blessing
|move|p2a: MONSTRÃO|Iron Defense|p2a: MONSTRÃO
|-boost|p2a: MONSTRÃO|def|2
|
|-damage|p1a: Bugga|28/100|[from] Salt Cure
|upkeep
|turn|31
|
|t:|1757900883
|move|p1a: Bugga|Future Sight|p2a: MONSTRÃO
|-start|p1a: Bugga|move: Future Sight
|move|p2a: MONSTRÃO|Hammer Arm|p1a: Bugga|[miss]
|-miss|p2a: MONSTRÃO|p1a: Bugga
|
|-damage|p1a: Bugga|15/100|[from] Salt Cure
|upkeep
|turn|32
|
|t:|1757900895
|switch|p2a: Vo ti copia|Ditto|59/100
|-transform|p2a: Vo ti copia|p1a: Bugga|[from] ability: Imposter
|move|p1a: Bugga|Future Sight||[still]
|-fail|p1a: Bugga
|
|-damage|p1a: Bugga|3/100|[from] Salt Cure
|upkeep
|turn|33
|c|☆AdrianGossler|thanks
|c|☆darktrainerben|Oh
|c|☆darktrainerben|I see
|
|t:|1757900914
|move|p2a: Vo ti copia|Revival Blessing|p2a: Vo ti copia
|c|☆darktrainerben|It's practically I trade fhot
|c|☆darktrainerben|Tho*
|
|t:|1757900942
|-heal|p2: É o Gramas|50/100|[from] move: Revival Blessing
|move|p1a: Bugga|Bug Buzz|p2a: Vo ti copia
|-supereffective|p2a: Vo ti copia
|-damage|p2a: Vo ti copia|0 fnt
|faint|p2a: Vo ti copia
|
|-hint|Future Sight did not hit because the target is fainted.
|-damage|p1a: Bugga|0 fnt|[from] Salt Cure
|faint|p1a: Bugga
|-sideend|p1: darktrainerben|Reflect
|upkeep
|c|☆AdrianGossler|ok
|c|☆AdrianGossler|just
|
|t:|1757900961
|switch|p2a: É o Gramas|Leafeon, F, shiny|50/100
|switch|p1a: Unorthodox|Honchkrow, F, shiny|100/100
|turn|34
|
|t:|1757900967
|move|p1a: Unorthodox|U-turn|p2a: É o Gramas
|-supereffective|p2a: É o Gramas
|-damage|p2a: É o Gramas|0 fnt
|faint|p2a: É o Gramas
|c|☆AdrianGossler|ok
|c|☆AdrianGossler|malamar?
|c|☆AdrianGossler|go
|
|t:|1757900979
|switch|p1a: Me when no malamar|Ogerpon-Wellspring, F|50/100|[from] U-turn
|
|upkeep
|
|t:|1757900983
|switch|p2a: MONSTRÃO|Garganacl, F|100/100
|turn|35
|c|☆darktrainerben|My malamar is dead.
|c|☆AdrianGossler|oh...
|
|t:|1757900995
|-terastallize|p2a: MONSTRÃO|Steel
|move|p1a: Me when no malamar|Horn Leech|p2a: MONSTRÃO
|-resisted|p2a: MONSTRÃO
|-damage|p2a: MONSTRÃO|87/100
|-heal|p1a: Me when no malamar|58/100|[from] drain|[of] p2a: MONSTRÃO
|move|p2a: MONSTRÃO|Iron Defense|p2a: MONSTRÃO
|-boost|p2a: MONSTRÃO|def|2
|
|-heal|p2a: MONSTRÃO|93/100|[from] item: Leftovers
|upkeep
|turn|36
|c|☆AdrianGossler|real
|
|t:|1757901007
|move|p1a: Me when no malamar|Ivy Cudgel|p2a: MONSTRÃO|[anim] Ivy Cudgel Water
|-damage|p2a: MONSTRÃO|76/100
|move|p2a: MONSTRÃO|Iron Defense|p2a: MONSTRÃO
|-boost|p2a: MONSTRÃO|def|2
|
|-heal|p2a: MONSTRÃO|82/100|[from] item: Leftovers
|upkeep
|turn|37
|
|t:|1757901015
|move|p1a: Me when no malamar|Swords Dance|p1a: Me when no malamar
|-boost|p1a: Me when no malamar|atk|2
|move|p2a: MONSTRÃO|Hammer Arm|p1a: Me when no malamar
|-damage|p1a: Me when no malamar|22/100
|-unboost|p2a: MONSTRÃO|spe|1
|
|-heal|p2a: MONSTRÃO|88/100|[from] item: Leftovers
|upkeep
|turn|38
|
|t:|1757901025
|move|p1a: Me when no malamar|Spiky Shield|p1a: Me when no malamar
|-singleturn|p1a: Me when no malamar|move: Protect
|move|p2a: MONSTRÃO|Hammer Arm|p1a: Me when no malamar
|-activate|p1a: Me when no malamar|move: Protect
|-damage|p2a: MONSTRÃO|75/100|[from] Spiky Shield|[of] p1a: Me when no malamar
|
|-heal|p2a: MONSTRÃO|82/100|[from] item: Leftovers
|upkeep
|turn|39
|c|☆AdrianGossler|ok...
|
|t:|1757901036
|move|p1a: Me when no malamar|Horn Leech|p2a: MONSTRÃO
|-resisted|p2a: MONSTRÃO
|-damage|p2a: MONSTRÃO|74/100
|-heal|p1a: Me when no malamar|27/100|[from] drain|[of] p2a: MONSTRÃO
|move|p2a: MONSTRÃO|Hammer Arm|p1a: Me when no malamar
|-crit|p1a: Me when no malamar
|-damage|p1a: Me when no malamar|0 fnt
|-unboost|p2a: MONSTRÃO|spe|1
|faint|p1a: Me when no malamar
|
|-heal|p2a: MONSTRÃO|80/100|[from] item: Leftovers
|upkeep
|
|t:|1757901051
|switch|p1a: Unorthodox|Honchkrow, F, shiny|100/100
|turn|40
|c|☆AdrianGossler|-50 Speed Lol
|c|☆darktrainerben|Also crit right here
|
|t:|1757901067
|move|p1a: Unorthodox|Night Slash|p2a: MONSTRÃO
|-damage|p2a: MONSTRÃO|68/100
|move|p2a: MONSTRÃO|Salt Cure|p1a: Unorthodox
|-supereffective|p1a: Unorthodox
|-damage|p1a: Unorthodox|51/100
|-start|p1a: Unorthodox|Salt Cure
|
|-heal|p2a: MONSTRÃO|74/100|[from] item: Leftovers
|-damage|p1a: Unorthodox|39/100|[from] Salt Cure
|upkeep
|turn|41
|c|☆darktrainerben|Wtf bull
|
|t:|1757901078
|move|p1a: Unorthodox|Night Slash|p2a: MONSTRÃO
|-crit|p2a: MONSTRÃO
|-damage|p2a: MONSTRÃO|28/100
|move|p2a: MONSTRÃO|Iron Defense|p2a: MONSTRÃO
|-boost|p2a: MONSTRÃO|def|2
|
|-heal|p2a: MONSTRÃO|34/100|[from] item: Leftovers
|-damage|p1a: Unorthodox|27/100|[from] Salt Cure
|upkeep
|turn|42
|c|☆darktrainerben|Watch this crit back to back
|
|t:|1757901090
|move|p1a: Unorthodox|Night Slash|p2a: MONSTRÃO
|-damage|p2a: MONSTRÃO|26/100
|move|p2a: MONSTRÃO|Recover|p2a: MONSTRÃO
|-heal|p2a: MONSTRÃO|76/100
|
|-heal|p2a: MONSTRÃO|82/100|[from] item: Leftovers
|-damage|p1a: Unorthodox|14/100|[from] Salt Cure
|upkeep
|turn|43
|c|☆AdrianGossler|oh mo
|c|☆AdrianGossler|oh no
|c|☆darktrainerben|This BULLLLLLL
|
|t:|1757901107
|move|p1a: Unorthodox|Night Slash|p2a: MONSTRÃO
|-crit|p2a: MONSTRÃO
|-damage|p2a: MONSTRÃO|28/100
|move|p2a: MONSTRÃO|Recover|p2a: MONSTRÃO
|-heal|p2a: MONSTRÃO|78/100
|
|-heal|p2a: MONSTRÃO|84/100|[from] item: Leftovers
|-damage|p1a: Unorthodox|2/100|[from] Salt Cure
|upkeep
|turn|44
|
|t:|1757901119
|switch|p1a: Shell-by|Weezing-Galar, F, shiny|50/100
|move|p2a: MONSTRÃO|Salt Cure|p1a: Shell-by
|-damage|p1a: Shell-by|38/100
|-start|p1a: Shell-by|Salt Cure
|
|-heal|p1a: Shell-by|44/100|[from] item: Leftovers
|-heal|p2a: MONSTRÃO|90/100|[from] item: Leftovers
|-damage|p1a: Shell-by|31/100|[from] Salt Cure
|upkeep
|turn|45
|
|t:|1757901130
|move|p1a: Shell-by|Haze|p1a: Shell-by
|-clearallboost
|move|p2a: MONSTRÃO|Iron Defense|p2a: MONSTRÃO
|-boost|p2a: MONSTRÃO|def|2
|
|-heal|p1a: Shell-by|37/100|[from] item: Leftovers
|-heal|p2a: MONSTRÃO|96/100|[from] item: Leftovers
|-damage|p1a: Shell-by|25/100|[from] Salt Cure
|upkeep
|turn|46
|
|t:|1757901142
|switch|p1a: Blink-182|Toxtricity, F|100/100
|move|p2a: MONSTRÃO|Iron Defense|p2a: MONSTRÃO
|-boost|p2a: MONSTRÃO|def|2
|
|-heal|p2a: MONSTRÃO|100/100|[from] item: Leftovers
|upkeep
|turn|47
|c|☆darktrainerben|All the
|
|t:|1757901158
|move|p1a: Blink-182|Volt Switch|p2a: MONSTRÃO
|-damage|p2a: MONSTRÃO|64/100
|
|t:|1757901162
|switch|p1a: Unorthodox|Honchkrow, F, shiny|2/100|[from] Volt Switch
|move|p2a: MONSTRÃO|Iron Defense|p2a: MONSTRÃO
|-boost|p2a: MONSTRÃO|def|2
|
|-heal|p2a: MONSTRÃO|70/100|[from] item: Leftovers
|upkeep
|turn|48
|c|☆darktrainerben|Anyways crit
|
|t:|1757901171
|move|p1a: Unorthodox|Night Slash|p2a: MONSTRÃO
|-crit|p2a: MONSTRÃO
|-damage|p2a: MONSTRÃO|16/100
|move|p2a: MONSTRÃO|Salt Cure|p1a: Unorthodox
|-supereffective|p1a: Unorthodox
|-damage|p1a: Unorthodox|0 fnt
|faint|p1a: Unorthodox
|
|-heal|p2a: MONSTRÃO|22/100|[from] item: Leftovers
|upkeep
|c|☆darktrainerben|It's that simple
|
|t:|1757901182
|switch|p1a: Blink-182|Toxtricity, F|100/100
|turn|49
|c|☆darktrainerben|!dt super luck
|raw|<ul class="utilichart"><li class="result"><span class="col namecol"><a href="https://dex.pokemonshowdown.com/abilities/superluck">Super Luck</a></span> <span class="col abilitydesccol">This Pokemon's critical hit ratio is raised by 1 stage.</span> </li><li style="clear:both"></li></ul>
|raw|<font size="1"><font color="#686868">Gen:</font> 4</font>

|c|☆AdrianGossler|It's not over yet.7
|c|☆AdrianGossler|It's not over yet.
|c|☆AdrianGossler|It's not over yet.
|c|☆AdrianGossler|It's not over yet.
|c|☆AdrianGossler|It's not over yet.
|
|t:|1757901196
|move|p1a: Blink-182|Boomburst|p2a: MONSTRÃO
|-resisted|p2a: MONSTRÃO
|-crit|p2a: MONSTRÃO
|-damage|p2a: MONSTRÃO|0 fnt
|faint|p2a: MONSTRÃO
|-enditem|p1a: Blink-182|Throat Spray
|
|win|darktrainerben
|raw|darktrainerben's rating: 1101 &rarr; <strong>1127</strong><br />(+26 for winning)
|raw|AdrianGossler's rating: 1115 &rarr; <strong>1089</strong><br />(-26 for losing)
|c|☆AdrianGossler|ok
|c|☆darktrainerben|No its very over now
|c|☆AdrianGossler|good game
|c|☆darktrainerben|Gg
|c|☆AdrianGossler|gg
|l|☆AdrianGossler
|player|p2|
|l|☆darktrainerben
|player|p1|
