|j|☆Nyksytin
|j|☆St. Saturn
|t:|1757932294
|gametype|singles
|player|p1|Nyksytin|swimmer-gen4dp|1245
|player|p2|St. Saturn|hilbert|1225
|gen|9
|tier|[Gen 9] OU
|rated|
|rule|HP Percentage Mod: HP is shown in percentages
|rule|Endless Battle Clause: Forcing endless battles is banned
|rule|Species Clause: Limit one of each Pokémon
|rule|OHKO Clause: OHKO moves are banned
|rule|Evasion Items Clause: Evasion items are banned
|rule|Evasion Moves Clause: Evasion moves are banned
|rule|Evasion Abilities Clause: Evasion abilities are banned
|rule|Sleep Moves Clause: Sleep-inducing moves are banned
|clearpoke
|poke|p1|Meloetta|
|poke|p1|Pecharunt|
|poke|p1|Kingambit, M|
|poke|p1|Torkoal, M|
|poke|p1|Lilligant-Hisui, F|
|poke|p1|Walking Wake|
|poke|p2|Clefable, F|
|poke|p2|Dondozo, F|
|poke|p2|Blissey, F|
|poke|p2|Clodsire, F|
|poke|p2|Corviknight, M|
|poke|p2|Gliscor, F|
|teampreview
|inactive|Battle timer is ON: inactive players will automatically lose when time's up. (requested by St. Saturn)
|inactive|Nyksytin also wants the timer to be on.
|
|t:|1757932320
|teamsize|p1|6
|teamsize|p2|6
|start
|switch|p1a: Meloetta|Meloetta|100/100
|switch|p2a: Gliscor|Gliscor, F|100/100
|turn|1
|
|t:|1757932326
|move|p1a: Meloetta|Trick|p2a: Gliscor
|-activate|p1a: Meloetta|move: Trick|[of] p2a: Gliscor
|-item|p2a: Gliscor|Choice Scarf|[from] move: Trick
|-item|p1a: Meloetta|Toxic Orb|[from] move: Trick
|move|p2a: Gliscor|Toxic|p1a: Meloetta
|-status|p1a: Meloetta|tox
|
|-damage|p1a: Meloetta|94/100 tox|[from] psn
|upkeep
|turn|2
|inactive|St. Saturn has 120 seconds left.
|
|t:|1757932357
|switch|p2a: Blissey|Blissey, F|100/100
|move|p1a: Meloetta|U-turn|p2a: Blissey
|-damage|p2a: Blissey|87/100
|
|t:|1757932362
|switch|p1a: Torkoal|Torkoal, M|100/100|[from] U-turn
|-weather|SunnyDay|[from] ability: Drought|[of] p1a: Torkoal
|
|-weather|SunnyDay|[upkeep]
|upkeep
|turn|3
|
|t:|1757932374
|switch|p2a: Dondozo|Dondozo, F|100/100
|move|p1a: Torkoal|Stealth Rock|p2a: Dondozo
|-sidestart|p2: St. Saturn|move: Stealth Rock
|
|-weather|SunnyDay|[upkeep]
|upkeep
|turn|4
|
|t:|1757932380
|switch|p1a: Meloetta|Meloetta|94/100 tox
|move|p2a: Dondozo|Waterfall|p1a: Meloetta
|-damage|p1a: Meloetta|81/100 tox
|
|-weather|SunnyDay|[upkeep]
|-damage|p1a: Meloetta|75/100 tox|[from] psn
|upkeep
|turn|5
|
|t:|1757932389
|switch|p2a: Blissey|Blissey, F|87/100
|move|p1a: Meloetta|Trick|p2a: Blissey
|-activate|p1a: Meloetta|move: Trick|[of] p2a: Blissey
|-item|p2a: Blissey|Toxic Orb|[from] move: Trick
|-item|p1a: Meloetta|Heavy-Duty Boots|[from] move: Trick
|
|-weather|SunnyDay|[upkeep]
|-damage|p1a: Meloetta|62/100 tox|[from] psn
|-status|p2a: Blissey|tox|[from] item: Toxic Orb
|upkeep
|turn|6
|
|t:|1757932397
|move|p1a: Meloetta|U-turn|p2a: Blissey
|-damage|p2a: Blissey|74/100 tox
|
|t:|1757932400
|switch|p1a: Pecharunt|Pecharunt|100/100|[from] U-turn
|move|p2a: Blissey|Seismic Toss|p1a: Pecharunt
|-immune|p1a: Pecharunt
|
|-weather|SunnyDay|[upkeep]
|-damage|p2a: Blissey|68/100 tox|[from] psn
|upkeep
|turn|7
|
|t:|1757932408
|move|p1a: Pecharunt|Parting Shot|p2a: Blissey
|-unboost|p2a: Blissey|atk|1
|-unboost|p2a: Blissey|spa|1
|
|t:|1757932413
|switch|p1a: Lilligant|Lilligant-Hisui, F|100/100|[from] Parting Shot
|move|p2a: Blissey|Shadow Ball|p1a: Lilligant
|-damage|p1a: Lilligant|84/100
|
|-weather|SunnyDay|[upkeep]
|-damage|p2a: Blissey|56/100 tox|[from] psn
|upkeep
|turn|8
|
|t:|1757932421
|-curestatus|p2a: Blissey|tox|[from] ability: Natural Cure
|switch|p2a: Gliscor|Gliscor, F|100/100
|-damage|p2a: Gliscor|88/100|[from] Stealth Rock
|move|p1a: Lilligant|Swords Dance|p1a: Lilligant
|-boost|p1a: Lilligant|atk|2
|
|-weather|SunnyDay|[upkeep]
|upkeep
|turn|9
|
|t:|1757932432
|move|p1a: Lilligant|Ice Spinner|p2a: Gliscor
|-supereffective|p2a: Gliscor
|-damage|p2a: Gliscor|0 fnt
|faint|p2a: Gliscor
|-heal|p1a: Lilligant|98/100|[from] item: Shell Bell|[of] p2: Gliscor
|
|-weather|none
|upkeep
|
|t:|1757932439
|switch|p2a: Corviknight|Corviknight, M|100/100
|-damage|p2a: Corviknight|88/100|[from] Stealth Rock
|-ability|p2a: Corviknight|Pressure
|turn|10
|
|t:|1757932449
|switch|p1a: Torkoal|Torkoal, M|100/100
|-weather|SunnyDay|[from] ability: Drought|[of] p1a: Torkoal
|move|p2a: Corviknight|Iron Defense|p2a: Corviknight
|-boost|p2a: Corviknight|def|2
|
|-weather|SunnyDay|[upkeep]
|upkeep
|turn|11
|
|t:|1757932464
|-terastallize|p2a: Corviknight|Dragon
|move|p2a: Corviknight|Body Press|p1a: Torkoal
|-damage|p1a: Torkoal|57/100
|move|p1a: Torkoal|Overheat|p2a: Corviknight
|-resisted|p2a: Corviknight
|-damage|p2a: Corviknight|49/100
|-unboost|p1a: Torkoal|spa|2
|
|-weather|SunnyDay|[upkeep]
|upkeep
|turn|12
|
|t:|1757932476
|switch|p1a: Pecharunt|Pecharunt|100/100
|move|p2a: Corviknight|Roost|p2a: Corviknight
|-heal|p2a: Corviknight|99/100
|
|-weather|SunnyDay|[upkeep]
|upkeep
|turn|13
|
|t:|1757932485
|move|p2a: Corviknight|Brave Bird|p1a: Pecharunt
|-damage|p1a: Pecharunt|84/100
|-damage|p2a: Corviknight|94/100|[from] Recoil
|move|p1a: Pecharunt|Toxic|p2a: Corviknight
|-status|p2a: Corviknight|tox
|-start|p2a: Corviknight|confusion|[from] ability: Poison Puppeteer|[of] p1a: Pecharunt
|
|-weather|SunnyDay|[upkeep]
|-heal|p1a: Pecharunt|90/100|[from] item: Leftovers
|-damage|p2a: Corviknight|88/100 tox|[from] psn
|upkeep
|turn|14
|
|t:|1757932497
|switch|p2a: Blissey|Blissey, F|56/100
|-damage|p2a: Blissey|43/100|[from] Stealth Rock
|move|p1a: Pecharunt|Shadow Ball|p2a: Blissey
|-immune|p2a: Blissey
|
|-weather|SunnyDay|[upkeep]
|-heal|p1a: Pecharunt|97/100|[from] item: Leftovers
|-status|p2a: Blissey|tox|[from] item: Toxic Orb
|upkeep
|turn|15
|
|t:|1757932502
|move|p1a: Pecharunt|Parting Shot|p2a: Blissey
|-unboost|p2a: Blissey|atk|1
|-unboost|p2a: Blissey|spa|1
|
|t:|1757932507
|switch|p1a: Meloetta|Meloetta|62/100 tox|[from] Parting Shot
|move|p2a: Blissey|Soft-Boiled|p2a: Blissey
|-heal|p2a: Blissey|93/100 tox
|
|-weather|SunnyDay|[upkeep]
|-damage|p1a: Meloetta|56/100 tox|[from] psn
|-damage|p2a: Blissey|87/100 tox|[from] psn
|upkeep
|turn|16
|
|t:|1757932514
|move|p1a: Meloetta|Protect|p1a: Meloetta
|-singleturn|p1a: Meloetta|Protect
|move|p2a: Blissey|Shadow Ball|p1a: Meloetta
|-activate|p1a: Meloetta|move: Protect
|
|-weather|SunnyDay|[upkeep]
|-damage|p1a: Meloetta|44/100 tox|[from] psn
|-damage|p2a: Blissey|75/100 tox|[from] psn
|upkeep
|turn|17
|
|t:|1757932523
|move|p1a: Meloetta|Thunder Wave||[still]
|-fail|p1a: Meloetta
|move|p2a: Blissey|Shadow Ball|p1a: Meloetta
|-immune|p1a: Meloetta
|
|-weather|none
|-damage|p1a: Meloetta|25/100 tox|[from] psn
|-damage|p2a: Blissey|57/100 tox|[from] psn
|upkeep
|turn|18
|
|t:|1757932537
|-curestatus|p2a: Blissey|tox|[from] ability: Natural Cure
|switch|p2a: Corviknight|Corviknight, M, tera:Dragon|88/100 tox
|-damage|p2a: Corviknight|75/100 tox|[from] Stealth Rock
|-ability|p2a: Corviknight|Pressure
|move|p1a: Meloetta|Thunder Wave||[still]
|-fail|p1a: Meloetta
|
|-damage|p1a: Meloetta|0 fnt|[from] psn
|faint|p1a: Meloetta
|-damage|p2a: Corviknight|69/100 tox|[from] psn
|upkeep
|
|t:|1757932545
|switch|p1a: Torkoal|Torkoal, M|57/100
|-weather|SunnyDay|[from] ability: Drought|[of] p1a: Torkoal
|turn|19
|
|t:|1757932550
|switch|p1a: Kingambit|Kingambit, M|100/100
|-item|p1a: Kingambit|Air Balloon
|move|p2a: Corviknight|Brave Bird|p1a: Kingambit
|-resisted|p1a: Kingambit
|-damage|p1a: Kingambit|87/100
|-enditem|p1a: Kingambit|Air Balloon
|-damage|p2a: Corviknight|64/100 tox|[from] Recoil
|
|-weather|SunnyDay|[upkeep]
|-damage|p2a: Corviknight|52/100 tox|[from] psn
|upkeep
|turn|20
|
|t:|1757932556
|move|p2a: Corviknight|Body Press|p1a: Kingambit
|-supereffective|p1a: Kingambit
|-damage|p1a: Kingambit|5/100
|move|p1a: Kingambit|Swords Dance|p1a: Kingambit
|-boost|p1a: Kingambit|atk|2
|
|-weather|SunnyDay|[upkeep]
|-damage|p2a: Corviknight|33/100 tox|[from] psn
|upkeep
|turn|21
|
|t:|1757932562
|switch|p2a: Dondozo|Dondozo, F|100/100
|move|p1a: Kingambit|Sucker Punch||[still]
|-fail|p1a: Kingambit
|
|-weather|SunnyDay|[upkeep]
|upkeep
|turn|22
|
|t:|1757932567
|switch|p1a: Pecharunt|Pecharunt|97/100
|move|p2a: Dondozo|Waterfall|p1a: Pecharunt
|-damage|p1a: Pecharunt|90/100
|
|-weather|SunnyDay|[upkeep]
|-heal|p1a: Pecharunt|96/100|[from] item: Leftovers
|upkeep
|turn|23
|
|t:|1757932578
|switch|p2a: Blissey|Blissey, F|57/100
|-damage|p2a: Blissey|44/100|[from] Stealth Rock
|move|p1a: Pecharunt|Toxic|p2a: Blissey
|-status|p2a: Blissey|tox
|-start|p2a: Blissey|confusion|[from] ability: Poison Puppeteer|[of] p1a: Pecharunt
|
|-weather|SunnyDay|[upkeep]
|-heal|p1a: Pecharunt|100/100|[from] item: Leftovers
|-damage|p2a: Blissey|38/100 tox|[from] psn
|upkeep
|turn|24
|
|t:|1757932583
|move|p1a: Pecharunt|Parting Shot|p2a: Blissey
|-unboost|p2a: Blissey|atk|1
|-unboost|p2a: Blissey|spa|1
|
|t:|1757932592
|switch|p1a: Walking Wake|Walking Wake|100/100|[from] Parting Shot
|-activate|p1a: Walking Wake|ability: Protosynthesis
|-start|p1a: Walking Wake|protosynthesisspe
|-activate|p2a: Blissey|confusion
|move|p2a: Blissey|Soft-Boiled|p2a: Blissey
|-heal|p2a: Blissey|88/100 tox
|
|-weather|SunnyDay|[upkeep]
|-damage|p2a: Blissey|76/100 tox|[from] psn
|upkeep
|turn|25
|
|t:|1757932599
|move|p1a: Walking Wake|Flip Turn|p2a: Blissey
|-damage|p2a: Blissey|67/100 tox
|
|t:|1757932605
|-end|p1a: Walking Wake|Protosynthesis|[silent]
|switch|p1a: Pecharunt|Pecharunt|100/100|[from] Flip Turn
|-activate|p2a: Blissey|confusion
|move|p2a: Blissey|Seismic Toss|p1a: Pecharunt
|-immune|p1a: Pecharunt
|
|-weather|SunnyDay|[upkeep]
|-damage|p2a: Blissey|49/100 tox|[from] psn
|upkeep
|turn|26
|
|t:|1757932619
|-curestatus|p2a: Blissey|tox|[from] ability: Natural Cure
|switch|p2a: Clodsire|Clodsire, F|100/100
|move|p1a: Pecharunt|Parting Shot|p2a: Clodsire
|-unboost|p2a: Clodsire|atk|1
|-unboost|p2a: Clodsire|spa|1
|
|t:|1757932629
|switch|p1a: Kingambit|Kingambit, M|5/100|[from] Parting Shot
|
|-weather|none
|upkeep
|turn|27
|
|t:|1757932637
|switch|p2a: Dondozo|Dondozo, F|100/100
|move|p1a: Kingambit|Kowtow Cleave|p2a: Dondozo
|-damage|p2a: Dondozo|77/100
|
|upkeep
|turn|28
|
|t:|1757932646
|switch|p1a: Torkoal|Torkoal, M|57/100
|-weather|SunnyDay|[from] ability: Drought|[of] p1a: Torkoal
|switch|p2a: Clodsire|Clodsire, F|100/100
|
|-weather|SunnyDay|[upkeep]
|upkeep
|turn|29
|
|t:|1757932655
|switch|p1a: Pecharunt|Pecharunt|100/100
|move|p2a: Clodsire|Earthquake|p1a: Pecharunt
|-supereffective|p1a: Pecharunt
|-damage|p1a: Pecharunt|77/100
|
|-weather|SunnyDay|[upkeep]
|-heal|p1a: Pecharunt|83/100|[from] item: Leftovers
|upkeep
|turn|30
|
|t:|1757932663
|move|p1a: Pecharunt|Parting Shot|p2a: Clodsire
|-unboost|p2a: Clodsire|atk|1
|-unboost|p2a: Clodsire|spa|1
|
|t:|1757932667
|switch|p1a: Lilligant|Lilligant-Hisui, F|98/100|[from] Parting Shot
|move|p2a: Clodsire|Earthquake|p1a: Lilligant
|-resisted|p1a: Lilligant
|-damage|p1a: Lilligant|84/100
|
|-weather|SunnyDay|[upkeep]
|upkeep
|turn|31
|
|t:|1757932677
|switch|p2a: Corviknight|Corviknight, M, tera:Dragon|33/100 tox
|-damage|p2a: Corviknight|21/100 tox|[from] Stealth Rock
|-ability|p2a: Corviknight|Pressure
|-terastallize|p1a: Lilligant|Ground
|move|p1a: Lilligant|Tera Blast|p2a: Corviknight|[anim] Tera Blast Ground
|-damage|p2a: Corviknight|0 fnt
|faint|p2a: Corviknight
|-heal|p1a: Lilligant|88/100|[from] item: Shell Bell|[of] p2: Corviknight
|
|-weather|SunnyDay|[upkeep]
|upkeep
|
|t:|1757932688
|switch|p2a: Blissey|Blissey, F|49/100
|-damage|p2a: Blissey|37/100|[from] Stealth Rock
|turn|32
|
|t:|1757932692
|move|p1a: Lilligant|Solar Blade||[still]
|-prepare|p1a: Lilligant|Solar Blade
|-anim|p1a: Lilligant|Solar Blade|p2a: Blissey
|-damage|p2a: Blissey|0 fnt
|faint|p2a: Blissey
|-heal|p1a: Lilligant|98/100|[from] item: Shell Bell|[of] p2: Blissey
|
|-weather|SunnyDay|[upkeep]
|upkeep
|
|t:|1757932700
|switch|p2a: Dondozo|Dondozo, F|77/100
|turn|33
|
|t:|1757932707
|switch|p1a: Pecharunt|Pecharunt|83/100
|move|p2a: Dondozo|Waterfall|p1a: Pecharunt
|-damage|p1a: Pecharunt|77/100
|
|-weather|SunnyDay|[upkeep]
|-heal|p1a: Pecharunt|83/100|[from] item: Leftovers
|upkeep
|turn|34
|
|t:|1757932713
|switch|p2a: Clefable|Clefable, F|100/100
|move|p1a: Pecharunt|Toxic|p2a: Clefable
|-status|p2a: Clefable|tox
|-start|p2a: Clefable|confusion|[from] ability: Poison Puppeteer|[of] p1a: Pecharunt
|
|-weather|SunnyDay|[upkeep]
|-heal|p1a: Pecharunt|89/100|[from] item: Leftovers
|upkeep
|turn|35
|
|t:|1757932719
|move|p1a: Pecharunt|Shadow Ball|p2a: Clefable
|-damage|p2a: Clefable|77/100 tox
|-unboost|p2a: Clefable|spd|1
|-activate|p2a: Clefable|confusion
|move|p2a: Clefable|Knock Off|p1a: Pecharunt
|-supereffective|p1a: Pecharunt
|-damage|p1a: Pecharunt|74/100
|-enditem|p1a: Pecharunt|Leftovers|[from] move: Knock Off|[of] p2a: Clefable
|
|-weather|none
|-heal|p2a: Clefable|83/100 tox|[from] item: Leftovers
|upkeep
|turn|36
|
|t:|1757932729
|switch|p2a: Clodsire|Clodsire, F|100/100
|move|p1a: Pecharunt|Shadow Ball|p2a: Clodsire
|-damage|p2a: Clodsire|87/100
|
|upkeep
|turn|37
|
|t:|1757932735
|move|p1a: Pecharunt|Parting Shot|p2a: Clodsire
|-unboost|p2a: Clodsire|atk|1
|-unboost|p2a: Clodsire|spa|1
|
|t:|1757932738
|switch|p1a: Torkoal|Torkoal, M|57/100|[from] Parting Shot
|-weather|SunnyDay|[from] ability: Drought|[of] p1a: Torkoal
|move|p2a: Clodsire|Poison Jab|p1a: Torkoal
|-damage|p1a: Torkoal|43/100
|-status|p1a: Torkoal|psn
|
|-weather|SunnyDay|[upkeep]
|-damage|p1a: Torkoal|31/100 psn|[from] psn
|upkeep
|turn|38
|
|t:|1757932747
|switch|p1a: Kingambit|Kingambit, M|5/100
|move|p2a: Clodsire|Recover|p2a: Clodsire
|-heal|p2a: Clodsire|100/100
|
|-weather|SunnyDay|[upkeep]
|upkeep
|turn|39
|
|t:|1757932752
|switch|p2a: Dondozo|Dondozo, F|77/100
|move|p1a: Kingambit|Kowtow Cleave|p2a: Dondozo
|-crit|p2a: Dondozo
|-damage|p2a: Dondozo|44/100
|
|-weather|SunnyDay|[upkeep]
|upkeep
|turn|40
|
|t:|1757932756
|move|p1a: Kingambit|Kowtow Cleave|p2a: Dondozo
|-damage|p2a: Dondozo|22/100
|move|p2a: Dondozo|Rest|p2a: Dondozo
|-status|p2a: Dondozo|slp|[from] move: Rest
|-heal|p2a: Dondozo|100/100 slp|[silent]
|
|-weather|SunnyDay|[upkeep]
|upkeep
|turn|41
|
|t:|1757932762
|move|p1a: Kingambit|Kowtow Cleave|p2a: Dondozo
|-damage|p2a: Dondozo|77/100 slp
|cant|p2a: Dondozo|slp
|move|p2a: Dondozo|Sleep Talk|p2a: Dondozo
|move|p2a: Dondozo|Rest||[from] move: Sleep Talk|[still]
|-fail|p2a: Dondozo
|
|-weather|SunnyDay|[upkeep]
|upkeep
|turn|42
|
|t:|1757932770
|move|p1a: Kingambit|Kowtow Cleave|p2a: Dondozo
|-damage|p2a: Dondozo|56/100 slp
|cant|p2a: Dondozo|slp
|move|p2a: Dondozo|Sleep Talk|p2a: Dondozo
|move|p2a: Dondozo|Rest||[from] move: Sleep Talk|[still]
|-fail|p2a: Dondozo
|
|-weather|SunnyDay|[upkeep]
|upkeep
|turn|43
|
|t:|1757932776
|move|p1a: Kingambit|Kowtow Cleave|p2a: Dondozo
|-damage|p2a: Dondozo|32/100 slp
|-curestatus|p2a: Dondozo|slp|[msg]
|move|p2a: Dondozo|Rest|p2a: Dondozo
|-status|p2a: Dondozo|slp|[from] move: Rest
|-heal|p2a: Dondozo|100/100 slp|[silent]
|
|-weather|SunnyDay|[upkeep]
|upkeep
|turn|44
|
|t:|1757932782
|move|p1a: Kingambit|Kowtow Cleave|p2a: Dondozo
|-damage|p2a: Dondozo|80/100 slp
|cant|p2a: Dondozo|slp
|move|p2a: Dondozo|Sleep Talk|p2a: Dondozo
|move|p2a: Dondozo|Curse|p2a: Dondozo|[from] move: Sleep Talk
|-unboost|p2a: Dondozo|spe|1
|-boost|p2a: Dondozo|atk|1
|-boost|p2a: Dondozo|def|1
|
|-weather|none
|upkeep
|turn|45
|
|t:|1757932792
|move|p1a: Kingambit|Kowtow Cleave|p2a: Dondozo
|-damage|p2a: Dondozo|64/100 slp
|cant|p2a: Dondozo|slp
|move|p2a: Dondozo|Sleep Talk|p2a: Dondozo
|move|p2a: Dondozo|Curse|p2a: Dondozo|[from] move: Sleep Talk
|-unboost|p2a: Dondozo|spe|1
|-boost|p2a: Dondozo|atk|1
|-boost|p2a: Dondozo|def|1
|
|upkeep
|turn|46
|
|t:|1757932801
|move|p1a: Kingambit|Kowtow Cleave|p2a: Dondozo
|-damage|p2a: Dondozo|52/100 slp
|-curestatus|p2a: Dondozo|slp|[msg]
|move|p2a: Dondozo|Waterfall|p1a: Kingambit
|-damage|p1a: Kingambit|0 fnt
|faint|p1a: Kingambit
|
|upkeep
|
|t:|1757932809
|switch|p1a: Torkoal|Torkoal, M|31/100 psn
|-weather|SunnyDay|[from] ability: Drought|[of] p1a: Torkoal
|turn|47
|
|t:|1757932817
|move|p1a: Torkoal|Earth Power|p2a: Dondozo
|-damage|p2a: Dondozo|29/100
|move|p2a: Dondozo|Waterfall|p1a: Torkoal
|-supereffective|p1a: Torkoal
|-crit|p1a: Torkoal
|-damage|p1a: Torkoal|0 fnt
|faint|p1a: Torkoal
|
|-weather|SunnyDay|[upkeep]
|upkeep
|
|t:|1757932822
|switch|p1a: Walking Wake|Walking Wake|100/100
|-activate|p1a: Walking Wake|ability: Protosynthesis
|-start|p1a: Walking Wake|protosynthesisspe
|turn|48
|
|t:|1757932830
|switch|p2a: Clodsire|Clodsire, F|100/100
|move|p1a: Walking Wake|Draco Meteor|p2a: Clodsire
|-damage|p2a: Clodsire|60/100
|-unboost|p1a: Walking Wake|spa|2
|
|-weather|SunnyDay|[upkeep]
|upkeep
|turn|49
|
|t:|1757932838
|move|p1a: Walking Wake|Draco Meteor|p2a: Clodsire
|-damage|p2a: Clodsire|21/100
|-unboost|p1a: Walking Wake|spa|2
|move|p2a: Clodsire|Amnesia|p2a: Clodsire
|-boost|p2a: Clodsire|spd|2
|
|-weather|SunnyDay|[upkeep]
|upkeep
|turn|50
|
|t:|1757932843
|move|p1a: Walking Wake|Draco Meteor|p2a: Clodsire
|-damage|p2a: Clodsire|2/100
|-unboost|p1a: Walking Wake|spa|2
|move|p2a: Clodsire|Recover|p2a: Clodsire
|-heal|p2a: Clodsire|52/100
|
|-weather|SunnyDay|[upkeep]
|upkeep
|turn|51
|
|t:|1757932851
|move|p1a: Walking Wake|Draco Meteor|p2a: Clodsire
|-damage|p2a: Clodsire|32/100
|move|p2a: Clodsire|Recover|p2a: Clodsire
|-heal|p2a: Clodsire|82/100
|
|-weather|SunnyDay|[upkeep]
|upkeep
|turn|52
|
|t:|1757932857
|move|p1a: Walking Wake|Hydro Steam|p2a: Clodsire
|-supereffective|p2a: Clodsire
|-damage|p2a: Clodsire|46/100
|move|p2a: Clodsire|Poison Jab|p1a: Walking Wake
|-damage|p1a: Walking Wake|77/100
|
|-weather|SunnyDay|[upkeep]
|upkeep
|turn|53
|
|t:|1757932865
|-end|p1a: Walking Wake|Protosynthesis|[silent]
|switch|p1a: Lilligant|Lilligant-Hisui, F, tera:Ground|98/100
|move|p2a: Clodsire|Recover|p2a: Clodsire
|-heal|p2a: Clodsire|96/100
|
|-weather|SunnyDay|[upkeep]
|upkeep
|turn|54
|
|t:|1757932873
|switch|p2a: Dondozo|Dondozo, F|29/100
|move|p1a: Lilligant|Tera Blast|p2a: Dondozo|[anim] Tera Blast Ground
|-damage|p2a: Dondozo|10/100
|-heal|p1a: Lilligant|100/100|[from] item: Shell Bell|[of] p2a: Dondozo
|
|-weather|none
|upkeep
|turn|55
|
|t:|1757932880
|move|p1a: Lilligant|Tera Blast|p2a: Dondozo|[anim] Tera Blast Ground
|-damage|p2a: Dondozo|0 fnt
|faint|p2a: Dondozo
|
|upkeep
|
|t:|1757932884
|switch|p2a: Clefable|Clefable, F|83/100 tox
|turn|56
|
|t:|1757932891
|move|p1a: Lilligant|Tera Blast|p2a: Clefable|[anim] Tera Blast Ground
|-damage|p2a: Clefable|52/100 tox
|move|p2a: Clefable|Moonblast|p1a: Lilligant
|-damage|p1a: Lilligant|51/100
|-unboost|p1a: Lilligant|spa|1
|
|-heal|p2a: Clefable|58/100 tox|[from] item: Leftovers
|upkeep
|turn|57
|
|t:|1757932903
|move|p1a: Lilligant|Tera Blast|p2a: Clefable|[anim] Tera Blast Ground
|-damage|p2a: Clefable|30/100 tox
|-heal|p1a: Lilligant|56/100|[from] item: Shell Bell|[of] p2a: Clefable
|move|p2a: Clefable|Moonlight|p2a: Clefable
|-heal|p2a: Clefable|80/100 tox
|
|-heal|p2a: Clefable|86/100 tox|[from] item: Leftovers
|upkeep
|turn|58
|
|t:|1757932913
|move|p1a: Lilligant|Swords Dance|p1a: Lilligant
|-boost|p1a: Lilligant|atk|2
|move|p2a: Clefable|Knock Off|p1a: Lilligant
|-damage|p1a: Lilligant|35/100
|-enditem|p1a: Lilligant|Shell Bell|[from] move: Knock Off|[of] p2a: Clefable
|
|-heal|p2a: Clefable|92/100 tox|[from] item: Leftovers
|upkeep
|turn|59
|
|t:|1757932925
|move|p1a: Lilligant|Tera Blast|p2a: Clefable|[anim] Tera Blast Ground
|-damage|p2a: Clefable|29/100 tox
|move|p2a: Clefable|Moonblast|p1a: Lilligant
|-damage|p1a: Lilligant|0 fnt
|faint|p1a: Lilligant
|
|-heal|p2a: Clefable|35/100 tox|[from] item: Leftovers
|upkeep
|
|t:|1757932936
|switch|p1a: Walking Wake|Walking Wake|77/100
|turn|60
|
|t:|1757932940
|move|p1a: Walking Wake|Hydro Steam|p2a: Clefable
|-damage|p2a: Clefable|0 fnt
|faint|p2a: Clefable
|
|upkeep
|
|t:|1757932944
|switch|p2a: Clodsire|Clodsire, F|96/100
|turn|61
|
|t:|1757932947
|move|p1a: Walking Wake|Hydro Steam|p2a: Clodsire
|-supereffective|p2a: Clodsire
|-damage|p2a: Clodsire|46/100
|move|p2a: Clodsire|Amnesia|p2a: Clodsire
|-boost|p2a: Clodsire|spd|2
|
|upkeep
|turn|62
|
|t:|1757932953
|move|p1a: Walking Wake|Hydro Steam|p2a: Clodsire
|-supereffective|p2a: Clodsire
|-damage|p2a: Clodsire|21/100
|move|p2a: Clodsire|Recover|p2a: Clodsire
|-heal|p2a: Clodsire|71/100
|
|upkeep
|turn|63
|
|t:|1757932960
|move|p1a: Walking Wake|Hydro Steam|p2a: Clodsire
|-supereffective|p2a: Clodsire
|-damage|p2a: Clodsire|49/100
|move|p2a: Clodsire|Amnesia|p2a: Clodsire
|-boost|p2a: Clodsire|spd|2
|
|upkeep
|turn|64
|
|t:|1757932966
|move|p1a: Walking Wake|Hydro Steam|p2a: Clodsire
|-supereffective|p2a: Clodsire
|-damage|p2a: Clodsire|32/100
|move|p2a: Clodsire|Recover|p2a: Clodsire
|-heal|p2a: Clodsire|82/100
|
|upkeep
|turn|65
|
|t:|1757932973
|move|p1a: Walking Wake|Hydro Steam|p2a: Clodsire
|-supereffective|p2a: Clodsire
|-damage|p2a: Clodsire|66/100
|move|p2a: Clodsire|Poison Jab|p1a: Walking Wake
|-damage|p1a: Walking Wake|53/100
|-status|p1a: Walking Wake|psn
|
|-damage|p1a: Walking Wake|40/100 psn|[from] psn
|upkeep
|turn|66
|
|t:|1757932979
|move|p1a: Walking Wake|Flip Turn|p2a: Clodsire
|-supereffective|p2a: Clodsire
|-damage|p2a: Clodsire|34/100
|
|t:|1757932985
|-end|p1a: Walking Wake|Protosynthesis|[silent]
|switch|p1a: Pecharunt|Pecharunt|74/100|[from] Flip Turn
|move|p2a: Clodsire|Recover|p2a: Clodsire
|-heal|p2a: Clodsire|84/100
|
|upkeep
|turn|67
|
|t:|1757932992
|move|p1a: Pecharunt|Shadow Ball|p2a: Clodsire
|-damage|p2a: Clodsire|79/100
|-unboost|p2a: Clodsire|spd|1
|move|p2a: Clodsire|Earthquake|p1a: Pecharunt
|-supereffective|p1a: Pecharunt
|-damage|p1a: Pecharunt|50/100
|
|upkeep
|turn|68
|
|t:|1757933002
|move|p1a: Pecharunt|Shadow Ball|p2a: Clodsire
|-crit|p2a: Clodsire
|-damage|p2a: Clodsire|58/100
|move|p2a: Clodsire|Earthquake|p1a: Pecharunt
|-supereffective|p1a: Pecharunt
|-damage|p1a: Pecharunt|24/100
|
|upkeep
|turn|69
|
|t:|1757933010
|move|p1a: Pecharunt|Shadow Ball|p2a: Clodsire
|-damage|p2a: Clodsire|52/100
|move|p2a: Clodsire|Amnesia|p2a: Clodsire
|-boost|p2a: Clodsire|spd|2
|
|upkeep
|turn|70
|
|t:|1757933017
|move|p1a: Pecharunt|Shadow Ball|p2a: Clodsire
|-damage|p2a: Clodsire|48/100
|move|p2a: Clodsire|Recover|p2a: Clodsire
|-heal|p2a: Clodsire|98/100
|
|upkeep
|turn|71
|
|t:|1757933025
|move|p1a: Pecharunt|Protect|p1a: Pecharunt
|-singleturn|p1a: Pecharunt|Protect
|move|p2a: Clodsire|Earthquake|p1a: Pecharunt
|-activate|p1a: Pecharunt|move: Protect
|
|upkeep
|turn|72
|
|t:|1757933033
|move|p1a: Pecharunt|Shadow Ball|p2a: Clodsire
|-damage|p2a: Clodsire|94/100
|move|p2a: Clodsire|Earthquake|p1a: Pecharunt
|-supereffective|p1a: Pecharunt
|-damage|p1a: Pecharunt|0 fnt
|faint|p1a: Pecharunt
|
|upkeep
|
|t:|1757933040
|switch|p1a: Walking Wake|Walking Wake|40/100 psn
|turn|73
|
|t:|1757933043
|move|p1a: Walking Wake|Flip Turn|p2a: Clodsire
|-supereffective|p2a: Clodsire
|-damage|p2a: Clodsire|60/100
|move|p2a: Clodsire|Poison Jab|p1a: Walking Wake
|-damage|p1a: Walking Wake|18/100 psn
|
|-damage|p1a: Walking Wake|6/100 psn|[from] psn
|upkeep
|turn|74
|
|t:|1757933050
|move|p1a: Walking Wake|Hydro Steam|p2a: Clodsire
|-supereffective|p2a: Clodsire
|-damage|p2a: Clodsire|47/100
|move|p2a: Clodsire|Poison Jab|p1a: Walking Wake
|-damage|p1a: Walking Wake|0 fnt
|faint|p1a: Walking Wake
|-end|p1a: Walking Wake|Protosynthesis|[silent]
|
|win|St. Saturn
|raw|Nyksytin's rating: 1245 &rarr; <strong>1219</strong><br />(-26 for losing)
|raw|St. Saturn's rating: 1225 &rarr; <strong>1251</strong><br />(+26 for winning)
|c|☆St. Saturn|gg
