|j|☆thebacchusbraviary
|j|‽Wellez
|t:|1757950062
|gametype|singles
|player|p1|thebacchusbraviary|winona|1403
|player|p2|Wellez|169|1440
|gen|9
|tier|[Gen 9] OU
|rated|
|rule|HP Percentage Mod: HP is shown in percentages
|rule|Endless Battle Clause: Forcing endless battles is banned
|rule|Species Clause: Limit one of each Pokémon
|rule|OHKO Clause: OHKO moves are banned
|rule|Evasion Items Clause: Evasion items are banned
|rule|Evasion Moves Clause: Evasion moves are banned
|rule|Evasion Abilities Clause: Evasion abilities are banned
|rule|Sleep Moves Clause: Sleep-inducing moves are banned
|clearpoke
|poke|p1|Braviary, M|
|poke|p1|Tyranitar, M|
|poke|p1|Regice|
|poke|p1|Greninja-*, M|
|poke|p1|Arcanine-Hisui, F|
|poke|p1|Thundurus-Therian, M|
|poke|p2|Ninetales-Alola, F|
|poke|p2|Raging Bolt|
|poke|p2|Rillaboom, M|
|poke|p2|Iron Hands|
|poke|p2|Corviknight, M|
|poke|p2|Dragapult, M|
|teampreview
|inactive|Battle timer is ON: inactive players will automatically lose when time's up. (requested by thebacchusbraviary)
|
|t:|1757950073
|teamsize|p1|6
|teamsize|p2|6
|start
|switch|p1a: Tyranitar|Tyranitar, M|100/100
|switch|p2a: Dragapult|Dragapult, M|100/100
|-weather|Sandstorm|[from] ability: Sand Stream|[of] p1a: Tyranitar
|turn|1
|
|t:|1757950076
|move|p2a: Dragapult|U-turn|p1a: Tyranitar
|-supereffective|p1a: Tyranitar
|-damage|p1a: Tyranitar|49/100
|
|t:|1757950087
|switch|p2a: Corviknight|Corviknight, M|100/100|[from] U-turn
|-ability|p2a: Corviknight|Pressure
|move|p1a: Tyranitar|Knock Off|p2a: Corviknight
|-damage|p2a: Corviknight|53/100
|-enditem|p2a: Corviknight|Choice Band|[from] move: Knock Off|[of] p1a: Tyranitar
|
|-weather|Sandstorm|[upkeep]
|upkeep
|turn|2
|
|t:|1757950096
|switch|p1a: Thundurus|Thundurus-Therian, M|100/100
|move|p2a: Corviknight|U-turn|p1a: Thundurus
|-resisted|p1a: Thundurus
|-damage|p1a: Thundurus|84/100
|
|t:|1757950100
|switch|p2a: Ninetales|Ninetales-Alola, F|100/100|[from] U-turn
|-weather|Snowscape|[from] ability: Snow Warning|[of] p2a: Ninetales
|
|-weather|Snowscape|[upkeep]
|upkeep
|turn|3
|
|t:|1757950104
|move|p2a: Ninetales|Aurora Veil|p2a: Ninetales
|-sidestart|p2: Wellez|move: Aurora Veil
|move|p1a: Thundurus|Sludge Wave|p2a: Ninetales
|-supereffective|p2a: Ninetales
|-damage|p2a: Ninetales|48/100
|
|-weather|Snowscape|[upkeep]
|upkeep
|turn|4
|
|t:|1757950115
|switch|p1a: Arcanine|Arcanine-Hisui, F|100/100
|-item|p1a: Arcanine|Air Balloon
|move|p2a: Ninetales|Freeze-Dry|p1a: Arcanine
|-resisted|p1a: Arcanine
|-damage|p1a: Arcanine|88/100
|-enditem|p1a: Arcanine|Air Balloon
|
|-weather|Snowscape|[upkeep]
|upkeep
|turn|5
|
|t:|1757950126
|switch|p2a: Rillaboom|Rillaboom, M|100/100
|-fieldstart|move: Grassy Terrain|[from] ability: Grassy Surge|[of] p2a: Rillaboom
|move|p1a: Arcanine|Flare Blitz|p2a: Rillaboom
|-supereffective|p2a: Rillaboom
|-damage|p2a: Rillaboom|52/100
|-status|p2a: Rillaboom|brn
|
|-weather|Snowscape|[upkeep]
|-heal|p1a: Arcanine|94/100|[from] Grassy Terrain
|-heal|p2a: Rillaboom|58/100 brn|[from] Grassy Terrain
|-damage|p2a: Rillaboom|52/100 brn|[from] brn
|upkeep
|turn|6
|
|t:|1757950131
|move|p1a: Arcanine|Flare Blitz|p2a: Rillaboom
|-supereffective|p2a: Rillaboom
|-damage|p2a: Rillaboom|3/100 brn
|move|p2a: Rillaboom|U-turn|p1a: Arcanine
|-resisted|p1a: Arcanine
|-damage|p1a: Arcanine|82/100
|
|t:|1757950153
|switch|p2a: Iron Hands|Iron Hands|100/100|[from] U-turn
|-enditem|p2a: Iron Hands|Grassy Seed
|-boost|p2a: Iron Hands|def|1|[from] item: Grassy Seed
|
|-weather|none
|-heal|p1a: Arcanine|88/100|[from] Grassy Terrain
|upkeep
|turn|7
|
|t:|1757950165
|switch|p1a: Thundurus|Thundurus-Therian, M|84/100
|move|p2a: Iron Hands|Swords Dance|p2a: Iron Hands
|-boost|p2a: Iron Hands|atk|2
|
|upkeep
|turn|8
|
|t:|1757950176
|move|p1a: Thundurus|Sludge Wave|p2a: Iron Hands
|-damage|p2a: Iron Hands|85/100
|move|p2a: Iron Hands|Ice Punch|p1a: Thundurus
|-supereffective|p1a: Thundurus
|-damage|p1a: Thundurus|0 fnt
|faint|p1a: Thundurus
|
|-heal|p2a: Iron Hands|91/100|[from] Grassy Terrain
|upkeep
|
|t:|1757950182
|switch|p1a: Regice|Regice|100/100
|turn|9
|
|t:|1757950188
|-terastallize|p1a: Regice|Ghost
|move|p2a: Iron Hands|Swords Dance|p2a: Iron Hands
|-boost|p2a: Iron Hands|atk|2
|move|p1a: Regice|Ice Beam|p2a: Iron Hands
|-damage|p2a: Iron Hands|82/100
|-status|p2a: Iron Hands|frz
|
|-heal|p2a: Iron Hands|88/100 frz|[from] Grassy Terrain
|-fieldend|move: Grassy Terrain
|upkeep
|turn|10
|
|t:|1757950199
|switch|p1a: Greninja|Greninja, M|100/100
|cant|p2a: Iron Hands|frz
|
|-sideend|p2: Wellez|move: Aurora Veil
|upkeep
|turn|11
|
|t:|1757950219
|move|p1a: Greninja|Water Shuriken|p2a: Iron Hands
|-damage|p2a: Iron Hands|84/100 frz
|-damage|p2a: Iron Hands|79/100 frz
|-damage|p2a: Iron Hands|76/100 frz
|-damage|p2a: Iron Hands|71/100 frz
|-hitcount|p2a: Iron Hands|4
|cant|p2a: Iron Hands|frz
|
|upkeep
|turn|12
|
|t:|1757950227
|move|p1a: Greninja|Sludge Wave|p2a: Iron Hands
|-damage|p2a: Iron Hands|55/100 frz
|cant|p2a: Iron Hands|frz
|
|upkeep
|turn|13
|
|t:|1757950234
|move|p1a: Greninja|Sludge Wave|p2a: Iron Hands
|-damage|p2a: Iron Hands|37/100 frz
|-curestatus|p2a: Iron Hands|frz|[msg]
|move|p2a: Iron Hands|Drain Punch|p1a: Greninja
|-supereffective|p1a: Greninja
|-damage|p1a: Greninja|0 fnt
|-heal|p2a: Iron Hands|65/100|[from] drain|[of] p1a: Greninja
|faint|p1a: Greninja
|
|upkeep
|
|t:|1757950237
|switch|p1a: Regice|Regice, tera:Ghost|100/100
|turn|14
|
|t:|1757950245
|move|p2a: Iron Hands|Thunder Punch|p1a: Regice
|-damage|p1a: Regice|32/100
|move|p1a: Regice|Ice Beam|p2a: Iron Hands
|-damage|p2a: Iron Hands|47/100
|
|-heal|p1a: Regice|38/100|[from] item: Leftovers
|upkeep
|turn|15
|-message|thebacchusbraviary forfeited.
|
|win|Wellez
|raw|thebacchusbraviary's rating: 1403 &rarr; <strong>1385</strong><br />(-18 for losing)
|raw|Wellez's rating: 1440 &rarr; <strong>1458</strong><br />(+18 for winning)
|l|☆thebacchusbraviary
|player|p1|
|l|‽Wellez
|player|p2|
