|j|☆Clwredemption
|j|☆gryan4
|t:|1757955391
|gametype|singles
|player|p1|Clwredemption|265|1465
|player|p2|gryan4|doctor|1442
|gen|9
|tier|[Gen 9] OU
|rated|
|rule|HP Percentage Mod: HP is shown in percentages
|rule|Endless Battle Clause: Forcing endless battles is banned
|rule|Species Clause: Limit one of each Pokémon
|rule|OHKO Clause: OHKO moves are banned
|rule|Evasion Items Clause: Evasion items are banned
|rule|Evasion Moves Clause: Evasion moves are banned
|rule|Evasion Abilities Clause: Evasion abilities are banned
|rule|Sleep Moves Clause: Sleep-inducing moves are banned
|clearpoke
|poke|p1|Weavile, F|
|poke|p1|Landorus-Therian, M|
|poke|p1|Scizor, M|
|poke|p1|Primarina, M|
|poke|p1|Raging Bolt|
|poke|p1|Pecharunt|
|poke|p2|Cinderace, F|
|poke|p2|Mimikyu, M|
|poke|p2|Froslass, F|
|poke|p2|Ceruledge, M|
|poke|p2|Pecharunt|
|poke|p2|Dragapult, F|
|teampreview
|inactive|Battle timer is ON: inactive players will automatically lose when time's up. (requested by gryan4)
|
|t:|1757955404
|teamsize|p1|6
|teamsize|p2|6
|start
|switch|p1a: Weavile|Weavile, F|100/100
|switch|p2a: Froslass|Froslass, F|100/100
|-ability|p1a: Weavile|Pressure
|turn|1
|
|t:|1757955411
|move|p1a: Weavile|Knock Off|p2a: Froslass
|-supereffective|p2a: Froslass
|-enditem|p2a: Froslass|Focus Sash
|-damage|p2a: Froslass|1/100
|-start|p1a: Weavile|Disable|Knock Off|[from] ability: Cursed Body|[of] p2a: Froslass
|move|p2a: Froslass|Thunder Wave|p1a: Weavile
|-status|p1a: Weavile|par
|
|upkeep
|turn|2
|
|t:|1757955420
|switch|p2a: Ceruledge|Ceruledge, M|100/100
|move|p1a: Weavile|Ice Shard|p2a: Ceruledge
|-resisted|p2a: Ceruledge
|-damage|p2a: Ceruledge|87/100
|-ability|p2a: Ceruledge|Weak Armor|boost
|-unboost|p2a: Ceruledge|def|1
|-boost|p2a: Ceruledge|spe|2
|
|upkeep
|turn|3
|
|t:|1757955424
|switch|p1a: Landorus|Landorus-Therian, M|100/100
|-ability|p1a: Landorus|Intimidate|boost
|-unboost|p2a: Ceruledge|atk|1
|move|p2a: Ceruledge|Swords Dance|p2a: Ceruledge
|-boost|p2a: Ceruledge|atk|2
|
|upkeep
|turn|4
|
|t:|1757955430
|move|p2a: Ceruledge|Bitter Blade|p1a: Landorus
|-damage|p1a: Landorus|31/100
|-heal|p2a: Ceruledge|100/100|[from] drain|[of] p1a: Landorus
|-damage|p2a: Ceruledge|84/100|[from] item: Rocky Helmet|[of] p1a: Landorus
|move|p1a: Landorus|Earthquake|p2a: Ceruledge
|-supereffective|p2a: Ceruledge
|-damage|p2a: Ceruledge|0 fnt
|faint|p2a: Ceruledge
|
|upkeep
|
|t:|1757955434
|switch|p2a: Froslass|Froslass, F|1/100
|turn|5
|
|t:|1757955440
|switch|p1a: Weavile|Weavile, F|100/100 par
|-ability|p1a: Weavile|Pressure
|move|p2a: Froslass|Ice Beam|p1a: Weavile
|-resisted|p1a: Weavile
|-damage|p1a: Weavile|84/100 par
|
|upkeep
|turn|6
|
|t:|1757955444
|move|p1a: Weavile|Ice Shard|p2a: Froslass
|-resisted|p2a: Froslass
|-damage|p2a: Froslass|0 fnt
|faint|p2a: Froslass
|
|upkeep
|
|t:|1757955446
|switch|p2a: Mimikyu|Mimikyu, M|100/100
|turn|7
|
|t:|1757955449
|switch|p1a: Pecharunt|Pecharunt|100/100
|move|p2a: Mimikyu|Swords Dance|p2a: Mimikyu
|-boost|p2a: Mimikyu|atk|2
|
|upkeep
|turn|8
|
|t:|1757955466
|-terastallize|p1a: Pecharunt|Fairy
|move|p2a: Mimikyu|Shadow Sneak|p1a: Pecharunt
|-damage|p1a: Pecharunt|74/100
|-damage|p2a: Mimikyu|91/100|[from] item: Life Orb
|move|p1a: Pecharunt|Malignant Chain|p2a: Mimikyu
|-activate|p2a: Mimikyu|ability: Disguise
|-damage|p2a: Mimikyu|91/100
|-status|p2a: Mimikyu|tox
|-start|p2a: Mimikyu|confusion|[from] ability: Poison Puppeteer|[of] p1a: Pecharunt
|detailschange|p2a: Mimikyu|Mimikyu-Busted, M
|-damage|p2a: Mimikyu|78/100 tox|[from] pokemon: Mimikyu-Busted
|
|-damage|p2a: Mimikyu|73/100 tox|[from] psn
|upkeep
|turn|9
|
|t:|1757955479
|switch|p1a: Landorus|Landorus-Therian, M|31/100
|-ability|p1a: Landorus|Intimidate|boost
|-unboost|p2a: Mimikyu|atk|1
|switch|p2a: Pecharunt|Pecharunt|100/100
|
|upkeep
|turn|10
|
|t:|1757955486
|switch|p2a: Mimikyu|Mimikyu-Busted, M|73/100 tox
|move|p1a: Landorus|Stealth Rock|p2a: Mimikyu
|-sidestart|p2: gryan4|move: Stealth Rock
|
|-damage|p2a: Mimikyu|67/100 tox|[from] psn
|upkeep
|turn|11
|
|t:|1757955491
|switch|p1a: Pecharunt|Pecharunt, tera:Fairy|74/100
|move|p2a: Mimikyu|Play Rough|p1a: Pecharunt
|-damage|p1a: Pecharunt|44/100
|-damage|p2a: Mimikyu|57/100 tox|[from] item: Life Orb
|
|-damage|p2a: Mimikyu|45/100 tox|[from] psn
|upkeep
|turn|12
|
|t:|1757955495
|switch|p2a: Pecharunt|Pecharunt|100/100
|-damage|p2a: Pecharunt|88/100|[from] Stealth Rock
|move|p1a: Pecharunt|Recover|p1a: Pecharunt
|-heal|p1a: Pecharunt|94/100
|
|-heal|p2a: Pecharunt|94/100|[from] item: Leftovers
|upkeep
|turn|13
|
|t:|1757955501
|switch|p1a: Scizor|Scizor, M|100/100
|switch|p2a: Dragapult|Dragapult, F|100/100
|-damage|p2a: Dragapult|88/100|[from] Stealth Rock
|
|upkeep
|turn|14
|
|t:|1757955506
|move|p2a: Dragapult|Flamethrower|p1a: Scizor
|-supereffective|p1a: Scizor
|-damage|p1a: Scizor|0 fnt
|faint|p1a: Scizor
|
|upkeep
|
|t:|1757955509
|switch|p1a: Primarina|Primarina, M|100/100
|turn|15
|
|t:|1757955514
|switch|p2a: Mimikyu|Mimikyu-Busted, M|45/100 tox
|-damage|p2a: Mimikyu|33/100 tox|[from] Stealth Rock
|move|p1a: Primarina|Sparkling Aria|p2a: Mimikyu
|-damage|p2a: Mimikyu|0 fnt
|faint|p2a: Mimikyu
|
|upkeep
|
|t:|1757955516
|switch|p2a: Pecharunt|Pecharunt|94/100
|-damage|p2a: Pecharunt|82/100|[from] Stealth Rock
|turn|16
|
|t:|1757955520
|switch|p1a: Weavile|Weavile, F|84/100 par
|-ability|p1a: Weavile|Pressure
|move|p2a: Pecharunt|Malignant Chain|p1a: Weavile
|-damage|p1a: Weavile|24/100 par
|
|-heal|p2a: Pecharunt|88/100|[from] item: Leftovers
|upkeep
|turn|17
|
|t:|1757955529
|move|p2a: Pecharunt|Hex|p1a: Weavile
|-resisted|p1a: Weavile
|-damage|p1a: Weavile|0 fnt
|faint|p1a: Weavile
|
|-heal|p2a: Pecharunt|94/100|[from] item: Leftovers
|upkeep
|
|t:|1757955534
|switch|p1a: Raging Bolt|Raging Bolt|100/100
|-enditem|p1a: Raging Bolt|Booster Energy
|-activate|p1a: Raging Bolt|ability: Protosynthesis|[fromitem]
|-start|p1a: Raging Bolt|protosynthesisspa
|turn|18
|
|t:|1757955539
|switch|p2a: Cinderace|Cinderace, F|100/100
|move|p1a: Raging Bolt|Dragon Pulse|p2a: Cinderace
|-damage|p2a: Cinderace|14/100
|
|upkeep
|turn|19
|
|t:|1757955542
|move|p1a: Raging Bolt|Thunderclap||[still]
|-fail|p1a: Raging Bolt
|move|p2a: Cinderace|Court Change|p2a: Cinderace
|-start|p2a: Cinderace|typechange|Normal|[from] ability: Libero
|-swapsideconditions
|-activate|p2a: Cinderace|move: Court Change
|
|upkeep
|turn|20
|
|t:|1757955548
|move|p1a: Raging Bolt|Thunderclap|p2a: Cinderace
|-damage|p2a: Cinderace|0 fnt
|faint|p2a: Cinderace
|
|upkeep
|
|t:|1757955550
|switch|p2a: Dragapult|Dragapult, F|88/100
|turn|21
|
|t:|1757955554
|-end|p1a: Raging Bolt|Protosynthesis|[silent]
|switch|p1a: Primarina|Primarina, M|100/100
|-damage|p1a: Primarina|88/100|[from] Stealth Rock
|move|p2a: Dragapult|Shadow Ball|p1a: Primarina
|-damage|p1a: Primarina|57/100
|-unboost|p1a: Primarina|spd|1
|
|upkeep
|turn|22
|
|t:|1757955564
|move|p2a: Dragapult|Shadow Ball|p1a: Primarina
|-damage|p1a: Primarina|4/100
|-unboost|p1a: Primarina|spd|1
|move|p1a: Primarina|Moonblast|p2a: Dragapult
|-supereffective|p2a: Dragapult
|-damage|p2a: Dragapult|0 fnt
|faint|p2a: Dragapult
|
|upkeep
|
|t:|1757955566
|switch|p2a: Pecharunt|Pecharunt|94/100
|turn|23
|
|t:|1757955569
|move|p2a: Pecharunt|Hex|p1a: Primarina
|-damage|p1a: Primarina|0 fnt
|faint|p1a: Primarina
|
|-heal|p2a: Pecharunt|99/100|[from] item: Leftovers
|upkeep
|
|t:|1757955573
|switch|p1a: Landorus|Landorus-Therian, M|31/100
|-damage|p1a: Landorus|19/100|[from] Stealth Rock
|-ability|p1a: Landorus|Intimidate|boost
|-unboost|p2a: Pecharunt|atk|1
|turn|24
|
|t:|1757955580
|move|p2a: Pecharunt|Protect|p2a: Pecharunt
|-singleturn|p2a: Pecharunt|Protect
|move|p1a: Landorus|Earthquake|p2a: Pecharunt
|-activate|p2a: Pecharunt|move: Protect
|
|-heal|p2a: Pecharunt|100/100|[from] item: Leftovers
|upkeep
|turn|25
|
|t:|1757955582
|move|p1a: Landorus|Taunt|p2a: Pecharunt
|-start|p2a: Pecharunt|move: Taunt
|move|p2a: Pecharunt|Malignant Chain|p1a: Landorus
|-resisted|p1a: Landorus
|-damage|p1a: Landorus|0 fnt
|faint|p1a: Landorus
|
|upkeep
|
|t:|1757955585
|switch|p1a: Pecharunt|Pecharunt, tera:Fairy|94/100
|turn|26
|
|t:|1757955588
|move|p1a: Pecharunt|Hex|p2a: Pecharunt
|-supereffective|p2a: Pecharunt
|-damage|p2a: Pecharunt|65/100
|move|p2a: Pecharunt|Malignant Chain|p1a: Pecharunt
|-supereffective|p1a: Pecharunt
|-damage|p1a: Pecharunt|8/100
|
|-heal|p2a: Pecharunt|71/100|[from] item: Leftovers
|upkeep
|turn|27
|
|t:|1757955600
|move|p1a: Pecharunt|Hex|p2a: Pecharunt
|-supereffective|p2a: Pecharunt
|-damage|p2a: Pecharunt|38/100
|move|p2a: Pecharunt|Malignant Chain|p1a: Pecharunt
|-supereffective|p1a: Pecharunt
|-damage|p1a: Pecharunt|0 fnt
|faint|p1a: Pecharunt
|
|-heal|p2a: Pecharunt|44/100|[from] item: Leftovers
|-end|p2a: Pecharunt|move: Taunt
|upkeep
|
|t:|1757955603
|switch|p1a: Raging Bolt|Raging Bolt|100/100
|-damage|p1a: Raging Bolt|88/100|[from] Stealth Rock
|turn|28
|
|t:|1757955607
|move|p1a: Raging Bolt|Dragon Pulse|p2a: Pecharunt
|-damage|p2a: Pecharunt|0 fnt
|faint|p2a: Pecharunt
|
|win|Clwredemption
|raw|Clwredemption's rating: 1465 &rarr; <strong>1484</strong><br />(+19 for winning)
|raw|gryan4's rating: 1442 &rarr; <strong>1423</strong><br />(-19 for losing)
|c|☆Clwredemption|g
|c|☆Clwredemption|gg
|l|☆gryan4
|player|p2|
