|j|☆raspv7777777
|j|☆stonefree_2400
|t:|1757952393
|gametype|singles
|player|p1|raspv7777777|n|1140
|player|p2|stonefree_2400|roxie|1167
|gen|9
|tier|[Gen 9] OU
|rated|
|rule|HP Percentage Mod: HP is shown in percentages
|rule|Endless Battle Clause: Forcing endless battles is banned
|rule|Species Clause: Limit one of each Pokémon
|rule|OHKO Clause: OHKO moves are banned
|rule|Evasion Items Clause: Evasion items are banned
|rule|Evasion Moves Clause: Evasion moves are banned
|rule|Evasion Abilities Clause: Evasion abilities are banned
|rule|Sleep Moves Clause: Sleep-inducing moves are banned
|clearpoke
|poke|p1|Zamazenta-*|
|poke|p1|Ninetales-Alola, M|
|poke|p1|Gliscor, M|
|poke|p1|Raging Bolt|
|poke|p1|Pecharunt|
|poke|p1|Cinderace, M|
|poke|p2|Feraligatr, F|
|poke|p2|Clefable, M|
|poke|p2|Lokix, F|
|poke|p2|Skarmory, F|
|poke|p2|Arboliva, F|
|poke|p2|Sandaconda, F|
|teampreview
|
|t:|1757952403
|teamsize|p1|6
|teamsize|p2|6
|start
|switch|p1a: Ninetales|Ninetales-Alola, M|100/100
|switch|p2a: Arboliva|Arboliva, F|100/100
|-weather|Snowscape|[from] ability: Snow Warning|[of] p1a: Ninetales
|turn|1
|
|t:|1757952421
|switch|p2a: Skarmory|Skarmory, F|100/100
|move|p1a: Ninetales|Aurora Veil|p1a: Ninetales
|-sidestart|p1: raspv7777777|move: Aurora Veil
|
|-weather|Snowscape|[upkeep]
|upkeep
|turn|2
|
|t:|1757952430
|switch|p1a: Cinderace|Cinderace, M|100/100
|move|p2a: Skarmory|Iron Defense|p2a: Skarmory
|-boost|p2a: Skarmory|def|2
|
|-weather|Snowscape|[upkeep]
|upkeep
|turn|3
|
|t:|1757952432
|move|p1a: Cinderace|Pyro Ball|p2a: Skarmory|[miss]
|-miss|p1a: Cinderace|p2a: Skarmory
|move|p2a: Skarmory|Iron Defense|p2a: Skarmory
|-boost|p2a: Skarmory|def|2
|
|-weather|Snowscape|[upkeep]
|upkeep
|turn|4
|
|t:|1757952438
|switch|p2a: Feraligatr|Feraligatr, F|100/100
|move|p1a: Cinderace|Will-O-Wisp|p2a: Feraligatr
|-status|p2a: Feraligatr|brn
|
|-weather|Snowscape|[upkeep]
|-damage|p2a: Feraligatr|94/100 brn|[from] brn
|upkeep
|turn|5
|
|t:|1757952447
|move|p1a: Cinderace|Iron Head|p2a: Feraligatr
|-start|p1a: Cinderace|typechange|Steel|[from] ability: Libero
|-resisted|p2a: Feraligatr
|-damage|p2a: Feraligatr|74/100 brn
|move|p2a: Feraligatr|Liquidation|p1a: Cinderace
|-damage|p1a: Cinderace|79/100
|
|-weather|none
|-damage|p2a: Feraligatr|68/100 brn|[from] brn
|upkeep
|turn|6
|
|t:|1757952457
|switch|p2a: Sandaconda|Sandaconda, F|100/100
|move|p1a: Cinderace|Sucker Punch||[still]
|-fail|p1a: Cinderace
|
|upkeep
|turn|7
|
|t:|1757952461
|move|p1a: Cinderace|Will-O-Wisp|p2a: Sandaconda
|-status|p2a: Sandaconda|brn
|move|p2a: Sandaconda|Coil|p2a: Sandaconda
|-boost|p2a: Sandaconda|atk|1
|-boost|p2a: Sandaconda|def|1
|-boost|p2a: Sandaconda|accuracy|1
|
|-activate|p2a: Sandaconda|ability: Shed Skin
|-curestatus|p2a: Sandaconda|brn|[msg]
|upkeep
|turn|8
|
|t:|1757952473
|switch|p1a: Pecharunt|Pecharunt|100/100
|move|p2a: Sandaconda|Coil|p2a: Sandaconda
|-boost|p2a: Sandaconda|atk|1
|-boost|p2a: Sandaconda|def|1
|-boost|p2a: Sandaconda|accuracy|1
|
|-sideend|p1: raspv7777777|move: Aurora Veil
|upkeep
|turn|9
|
|t:|1757952478
|move|p1a: Pecharunt|Malignant Chain|p2a: Sandaconda
|-resisted|p2a: Sandaconda
|-damage|p2a: Sandaconda|86/100
|-status|p2a: Sandaconda|tox
|-start|p2a: Sandaconda|confusion|[from] ability: Poison Puppeteer|[of] p1a: Pecharunt
|-enditem|p2a: Sandaconda|Maranga Berry|[eat]
|-boost|p2a: Sandaconda|spd|1|[from] item: Maranga Berry
|-activate|p2a: Sandaconda|confusion
|-damage|p2a: Sandaconda|77/100 tox|[from] confusion
|
|-damage|p2a: Sandaconda|71/100 tox|[from] psn
|upkeep
|turn|10
|
|t:|1757952484
|move|p1a: Pecharunt|Hex|p2a: Sandaconda
|-damage|p2a: Sandaconda|40/100 tox
|-end|p2a: Sandaconda|confusion
|move|p2a: Sandaconda|Earthquake|p1a: Pecharunt
|-supereffective|p1a: Pecharunt
|-damage|p1a: Pecharunt|8/100
|-enditem|p1a: Pecharunt|Weakness Policy
|-boost|p1a: Pecharunt|atk|2|[from] item: Weakness Policy
|-boost|p1a: Pecharunt|spa|2|[from] item: Weakness Policy
|
|-activate|p2a: Sandaconda|ability: Shed Skin
|-curestatus|p2a: Sandaconda|tox|[msg]
|upkeep
|turn|11
|
|t:|1757952496
|move|p1a: Pecharunt|Hex|p2a: Sandaconda
|-damage|p2a: Sandaconda|13/100
|move|p2a: Sandaconda|Iron Head|p1a: Pecharunt
|-damage|p1a: Pecharunt|0 fnt
|faint|p1a: Pecharunt
|
|upkeep
|
|t:|1757952504
|switch|p1a: Ninetales|Ninetales-Alola, M|100/100
|-weather|Snowscape|[from] ability: Snow Warning|[of] p1a: Ninetales
|turn|12
|
|t:|1757952522
|move|p1a: Ninetales|Aurora Veil|p1a: Ninetales
|-sidestart|p1: raspv7777777|move: Aurora Veil
|move|p2a: Sandaconda|Iron Head|p1a: Ninetales
|-supereffective|p1a: Ninetales
|-crit|p1a: Ninetales
|-damage|p1a: Ninetales|0 fnt
|faint|p1a: Ninetales
|
|-weather|Snowscape|[upkeep]
|upkeep
|
|t:|1757952529
|switch|p1a: Cinderace|Cinderace, M|79/100
|turn|13
|
|t:|1757952532
|move|p1a: Cinderace|Sucker Punch|p2a: Sandaconda
|-start|p1a: Cinderace|typechange|Dark|[from] ability: Libero
|-damage|p2a: Sandaconda|0 fnt
|faint|p2a: Sandaconda
|
|-weather|Snowscape|[upkeep]
|upkeep
|
|t:|1757952536
|switch|p2a: Arboliva|Arboliva, F|100/100
|turn|14
|
|t:|1757952539
|move|p1a: Cinderace|Pyro Ball|p2a: Arboliva
|-supereffective|p2a: Arboliva
|-damage|p2a: Arboliva|27/100
|-fieldstart|move: Grassy Terrain|[from] ability: Seed Sower|[of] p2a: Arboliva
|move|p2a: Arboliva|Alluring Voice|p1a: Cinderace
|-supereffective|p1a: Cinderace
|-damage|p1a: Cinderace|20/100
|
|-weather|Snowscape|[upkeep]
|-heal|p1a: Cinderace|26/100|[from] Grassy Terrain
|-heal|p2a: Arboliva|33/100|[from] Grassy Terrain
|upkeep
|turn|15
|
|t:|1757952546
|move|p1a: Cinderace|Pyro Ball|p2a: Arboliva
|-supereffective|p2a: Arboliva
|-crit|p2a: Arboliva
|-damage|p2a: Arboliva|0 fnt
|faint|p2a: Arboliva
|
|-weather|Snowscape|[upkeep]
|-heal|p1a: Cinderace|32/100|[from] Grassy Terrain
|upkeep
|
|t:|1757952549
|switch|p2a: Lokix|Lokix, F|100/100
|turn|16
|
|t:|1757952556
|-terastallize|p1a: Cinderace|Fire
|move|p2a: Lokix|First Impression|p1a: Cinderace
|-resisted|p1a: Cinderace
|-damage|p1a: Cinderace|3/100
|move|p1a: Cinderace|Pyro Ball|p2a: Lokix
|-supereffective|p2a: Lokix
|-damage|p2a: Lokix|0 fnt
|faint|p2a: Lokix
|
|-weather|none
|-heal|p1a: Cinderace|9/100|[from] Grassy Terrain
|upkeep
|
|t:|1757952561
|switch|p2a: Clefable|Clefable, M|100/100
|turn|17
|
|t:|1757952572
|move|p1a: Cinderace|Iron Head|p2a: Clefable
|-supereffective|p2a: Clefable
|-damage|p2a: Clefable|58/100
|move|p2a: Clefable|Moonblast|p1a: Cinderace
|-resisted|p1a: Cinderace
|-damage|p1a: Cinderace|0 fnt
|faint|p1a: Cinderace
|
|-heal|p2a: Clefable|64/100|[from] Grassy Terrain
|-heal|p2a: Clefable|70/100|[from] item: Leftovers
|upkeep
|
|t:|1757952580
|switch|p1a: Gliscor|Gliscor, M|100/100
|turn|18
|
|t:|1757952584
|move|p1a: Gliscor|Taunt|p2a: Clefable
|-start|p2a: Clefable|move: Taunt
|cant|p2a: Clefable|move: Taunt|Moonlight
|
|-heal|p2a: Clefable|76/100|[from] Grassy Terrain
|-heal|p2a: Clefable|82/100|[from] item: Leftovers
|-fieldend|move: Grassy Terrain
|-status|p1a: Gliscor|tox|[from] item: Toxic Orb
|upkeep
|turn|19
|
|t:|1757952592
|move|p1a: Gliscor|Swords Dance|p1a: Gliscor
|-boost|p1a: Gliscor|atk|2
|move|p2a: Clefable|Moonblast|p1a: Gliscor
|-damage|p1a: Gliscor|79/100 tox
|-unboost|p1a: Gliscor|spa|1
|
|-heal|p2a: Clefable|88/100|[from] item: Leftovers
|-heal|p1a: Gliscor|91/100 tox|[from] ability: Poison Heal
|-sideend|p1: raspv7777777|move: Aurora Veil
|upkeep
|turn|20
|
|t:|1757952611
|move|p1a: Gliscor|Facade|p2a: Clefable
|-damage|p2a: Clefable|61/100
|move|p2a: Clefable|Moonblast|p1a: Gliscor
|-damage|p1a: Gliscor|53/100 tox
|
|-heal|p2a: Clefable|67/100|[from] item: Leftovers
|-heal|p1a: Gliscor|66/100 tox|[from] ability: Poison Heal
|-end|p2a: Clefable|move: Taunt
|upkeep
|turn|21
|
|t:|1757952621
|move|p1a: Gliscor|Taunt|p2a: Clefable
|-start|p2a: Clefable|move: Taunt
|cant|p2a: Clefable|move: Taunt|Calm Mind
|
|-heal|p2a: Clefable|73/100|[from] item: Leftovers
|-heal|p1a: Gliscor|78/100 tox|[from] ability: Poison Heal
|upkeep
|turn|22
|
|t:|1757952625
|move|p1a: Gliscor|Earthquake|p2a: Clefable
|-damage|p2a: Clefable|44/100
|move|p2a: Clefable|Moonblast|p1a: Gliscor
|-damage|p1a: Gliscor|36/100 tox
|
|-heal|p2a: Clefable|50/100|[from] item: Leftovers
|-heal|p1a: Gliscor|48/100 tox|[from] ability: Poison Heal
|upkeep
|turn|23
|
|t:|1757952628
|switch|p2a: Feraligatr|Feraligatr, F|68/100 brn
|move|p1a: Gliscor|Earthquake|p2a: Feraligatr
|-crit|p2a: Feraligatr
|-damage|p2a: Feraligatr|0 fnt
|faint|p2a: Feraligatr
|
|-heal|p1a: Gliscor|60/100 tox|[from] ability: Poison Heal
|upkeep
|
|t:|1757952634
|switch|p2a: Skarmory|Skarmory, F|100/100
|turn|24
|
|t:|1757952643
|move|p1a: Gliscor|Taunt|p2a: Skarmory
|-start|p2a: Skarmory|move: Taunt
|cant|p2a: Skarmory|move: Taunt|Iron Defense
|
|-heal|p1a: Gliscor|72/100 tox|[from] ability: Poison Heal
|upkeep
|turn|25
|
|t:|1757952662
|move|p1a: Gliscor|Swords Dance|p1a: Gliscor
|-boost|p1a: Gliscor|atk|2
|move|p2a: Skarmory|Body Press|p1a: Gliscor
|-resisted|p1a: Gliscor
|-damage|p1a: Gliscor|57/100 tox
|
|-heal|p1a: Gliscor|69/100 tox|[from] ability: Poison Heal
|upkeep
|turn|26
|
|t:|1757952667
|move|p1a: Gliscor|Swords Dance|p1a: Gliscor
|-boost|p1a: Gliscor|atk|2
|move|p2a: Skarmory|Body Press|p1a: Gliscor
|-resisted|p1a: Gliscor
|-damage|p1a: Gliscor|56/100 tox
|
|-heal|p1a: Gliscor|68/100 tox|[from] ability: Poison Heal
|-end|p2a: Skarmory|move: Taunt
|upkeep
|turn|27
|
|t:|1757952672
|move|p1a: Gliscor|Taunt|p2a: Skarmory
|-start|p2a: Skarmory|move: Taunt
|move|p2a: Skarmory|Body Press|p1a: Gliscor
|-resisted|p1a: Gliscor
|-damage|p1a: Gliscor|54/100 tox
|
|-heal|p1a: Gliscor|66/100 tox|[from] ability: Poison Heal
|upkeep
|turn|28
|
|t:|1757952675
|move|p1a: Gliscor|Facade|p2a: Skarmory
|-resisted|p2a: Skarmory
|-damage|p2a: Skarmory|51/100
|move|p2a: Skarmory|Body Press|p1a: Gliscor
|-resisted|p1a: Gliscor
|-damage|p1a: Gliscor|51/100 tox
|
|-heal|p2a: Skarmory|57/100|[from] item: Leftovers
|-heal|p1a: Gliscor|64/100 tox|[from] ability: Poison Heal
|upkeep
|turn|29
|
|t:|1757952678
|move|p1a: Gliscor|Facade|p2a: Skarmory
|-resisted|p2a: Skarmory
|-damage|p2a: Skarmory|5/100
|move|p2a: Skarmory|Body Press|p1a: Gliscor
|-resisted|p1a: Gliscor
|-damage|p1a: Gliscor|49/100 tox
|
|-heal|p2a: Skarmory|11/100|[from] item: Leftovers
|-heal|p1a: Gliscor|61/100 tox|[from] ability: Poison Heal
|-end|p2a: Skarmory|move: Taunt
|upkeep
|turn|30
|
|t:|1757952681
|move|p1a: Gliscor|Facade|p2a: Skarmory
|-resisted|p2a: Skarmory
|-damage|p2a: Skarmory|0 fnt
|faint|p2a: Skarmory
|
|-heal|p1a: Gliscor|74/100 tox|[from] ability: Poison Heal
|upkeep
|
|t:|1757952683
|switch|p2a: Clefable|Clefable, M|50/100
|turn|31
|
|t:|1757952690
|move|p1a: Gliscor|Taunt|p2a: Clefable
|-start|p2a: Clefable|move: Taunt
|cant|p2a: Clefable|move: Taunt|Moonlight
|
|-heal|p2a: Clefable|56/100|[from] item: Leftovers
|-heal|p1a: Gliscor|86/100 tox|[from] ability: Poison Heal
|upkeep
|turn|32
|
|t:|1757952699
|move|p1a: Gliscor|Earthquake|p2a: Clefable
|-damage|p2a: Clefable|30/100
|move|p2a: Clefable|Moonblast|p1a: Gliscor
|-damage|p1a: Gliscor|46/100 tox
|
|-heal|p2a: Clefable|36/100|[from] item: Leftovers
|-heal|p1a: Gliscor|59/100 tox|[from] ability: Poison Heal
|upkeep
|turn|33
|
|t:|1757952706
|move|p1a: Gliscor|Facade|p2a: Clefable
|-damage|p2a: Clefable|9/100
|move|p2a: Clefable|Moonblast|p1a: Gliscor
|-damage|p1a: Gliscor|16/100 tox
|
|-heal|p2a: Clefable|15/100|[from] item: Leftovers
|-heal|p1a: Gliscor|28/100 tox|[from] ability: Poison Heal
|-end|p2a: Clefable|move: Taunt
|upkeep
|turn|34
|
|t:|1757952709
|move|p1a: Gliscor|Facade|p2a: Clefable
|-crit|p2a: Clefable
|-damage|p2a: Clefable|0 fnt
|faint|p2a: Clefable
|
|win|raspv7777777
|raw|raspv7777777's rating: 1140 &rarr; <strong>1167</strong><br />(+27 for winning)
|raw|stonefree_2400's rating: 1167 &rarr; <strong>1140</strong><br />(-27 for losing)
|l|☆stonefree_2400
|player|p2|
|l|☆raspv7777777
|player|p1|
