|j|☆blacksoxx
|j|☆chongtong
|t:|1757823542
|gametype|singles
|player|p1|blacksoxx|169|1380
|player|p2|chongtong|170|1333
|gen|9
|tier|[Gen 9] OU
|rated|
|rule|HP Percentage Mod: HP is shown in percentages
|rule|Endless Battle Clause: Forcing endless battles is banned
|rule|Species Clause: Limit one of each Pokémon
|rule|OHKO Clause: OHKO moves are banned
|rule|Evasion Items Clause: Evasion items are banned
|rule|Evasion Moves Clause: Evasion moves are banned
|rule|Evasion Abilities Clause: Evasion abilities are banned
|rule|Sleep Moves Clause: Sleep-inducing moves are banned
|clearpoke
|poke|p1|Torkoal, F|
|poke|p1|Walking Wake|
|poke|p1|Raging Bolt|
|poke|p1|Venusaur, F|
|poke|p1|Hatterene, F|
|poke|p1|Landorus-Therian, M|
|poke|p2|Dragonite, M|
|poke|p2|Garchomp, M|
|poke|p2|Excadrill, F|
|poke|p2|Latios, M|
|poke|p2|Tyranitar, M|
|poke|p2|Salamence, M|
|teampreview
|
|t:|1757823547
|teamsize|p1|6
|teamsize|p2|6
|start
|switch|p1a: Pompeii|Torkoal, F|100/100
|switch|p2a: Salamence|Salamence, M|100/100
|-weather|SunnyDay|[from] ability: Drought|[of] p1a: Pompeii
|turn|1
|
|t:|1757823554
|switch|p1a: Mad Hattee|Hatterene, F|100/100
|move|p2a: Salamence|Fire Blast|p1a: Mad Hattee
|-damage|p1a: Mad Hattee|47/100
|-status|p1a: Mad Hattee|brn
|-enditem|p1a: Mad Hattee|Eject Button
|-damage|p2a: Salamence|91/100|[from] item: Life Orb
|
|t:|1757823566
|switch|p1a: Walking Wake|Walking Wake|100/100
|-activate|p1a: Walking Wake|ability: Protosynthesis
|-start|p1a: Walking Wake|protosynthesisspa
|
|-weather|SunnyDay|[upkeep]
|upkeep
|turn|2
|
|t:|1757823573
|switch|p2a: Tyranitar|Tyranitar, M, shiny|100/100
|-weather|Sandstorm|[from] ability: Sand Stream|[of] p2a: Tyranitar
|-end|p1a: Walking Wake|Protosynthesis
|move|p1a: Walking Wake|Flip Turn|p2a: Tyranitar
|-supereffective|p2a: Tyranitar
|-damage|p2a: Tyranitar|74/100
|
|t:|1757823584
|-end|p1a: Walking Wake|Protosynthesis|[silent]
|switch|p1a: Landorus|Landorus-Therian, M|100/100|[from] Flip Turn
|-ability|p1a: Landorus|Intimidate|boost
|-unboost|p2a: Tyranitar|atk|1
|
|-weather|Sandstorm|[upkeep]
|upkeep
|turn|3
|
|t:|1757823588
|switch|p2a: Salamence|Salamence, M|91/100
|move|p1a: Landorus|U-turn|p2a: Salamence
|-resisted|p2a: Salamence
|-damage|p2a: Salamence|74/100
|
|t:|1757823596
|switch|p1a: Walking Wake|Walking Wake|100/100|[from] U-turn
|
|-weather|Sandstorm|[upkeep]
|-damage|p1a: Walking Wake|94/100|[from] Sandstorm
|-damage|p2a: Salamence|68/100|[from] Sandstorm
|upkeep
|turn|4
|
|t:|1757823602
|switch|p2a: Excadrill|Excadrill, F, shiny|100/100
|move|p1a: Walking Wake|Dragon Pulse|p2a: Excadrill
|-resisted|p2a: Excadrill
|-damage|p2a: Excadrill|54/100
|
|-weather|Sandstorm|[upkeep]
|-damage|p1a: Walking Wake|88/100|[from] Sandstorm
|upkeep
|turn|5
|
|t:|1757823608
|-end|p1a: Walking Wake|Protosynthesis|[silent]
|switch|p1a: Landorus|Landorus-Therian, M|100/100
|-ability|p1a: Landorus|Intimidate|boost
|-unboost|p2a: Excadrill|atk|1
|move|p2a: Excadrill|Earthquake|p1a: Landorus
|-immune|p1a: Landorus
|
|-weather|Sandstorm|[upkeep]
|upkeep
|turn|6
|
|t:|1757823619
|switch|p2a: Garchomp|Garchomp, M, shiny|100/100
|move|p1a: Landorus|U-turn|p2a: Garchomp
|-damage|p2a: Garchomp|79/100
|-damage|p1a: Landorus|88/100|[from] ability: Rough Skin|[of] p2a: Garchomp
|
|t:|1757823626
|switch|p1a: Walking Wake|Walking Wake|88/100|[from] U-turn
|
|-weather|none
|upkeep
|turn|7
|
|t:|1757823639
|-terastallize|p2a: Garchomp|Steel
|move|p1a: Walking Wake|Dragon Pulse|p2a: Garchomp
|-resisted|p2a: Garchomp
|-damage|p2a: Garchomp|45/100
|move|p2a: Garchomp|Stealth Rock|p1a: Walking Wake
|-sidestart|p1: blacksoxx|move: Stealth Rock
|
|upkeep
|turn|8
|
|t:|1757823647
|-end|p1a: Walking Wake|Protosynthesis|[silent]
|switch|p1a: Landorus|Landorus-Therian, M|88/100
|-damage|p1a: Landorus|76/100|[from] Stealth Rock
|-ability|p1a: Landorus|Intimidate|boost
|-unboost|p2a: Garchomp|atk|1
|switch|p2a: Tyranitar|Tyranitar, M, shiny|74/100
|-weather|Sandstorm|[from] ability: Sand Stream|[of] p2a: Tyranitar
|
|-weather|Sandstorm|[upkeep]
|upkeep
|turn|9
|
|t:|1757823655
|move|p1a: Landorus|U-turn|p2a: Tyranitar
|-supereffective|p2a: Tyranitar
|-damage|p2a: Tyranitar|37/100
|
|t:|1757823658
|switch|p1a: Pompeii|Torkoal, F|100/100|[from] U-turn
|-damage|p1a: Pompeii|76/100|[from] Stealth Rock
|-weather|SunnyDay|[from] ability: Drought|[of] p1a: Pompeii
|move|p2a: Tyranitar|Knock Off|p1a: Pompeii
|-damage|p1a: Pompeii|13/100
|-enditem|p1a: Pompeii|Heat Rock|[from] move: Knock Off|[of] p2a: Tyranitar
|
|-weather|SunnyDay|[upkeep]
|upkeep
|turn|10
|
|t:|1757823662
|switch|p2a: Salamence|Salamence, M|68/100
|move|p1a: Pompeii|Rapid Spin|p2a: Salamence
|-damage|p2a: Salamence|56/100
|-boost|p1a: Pompeii|spe|1
|-sideend|p1: blacksoxx|Stealth Rock|[from] move: Rapid Spin|[of] p1a: Pompeii
|
|-weather|SunnyDay|[upkeep]
|upkeep
|turn|11
|
|t:|1757823670
|switch|p1a: Walking Wake|Walking Wake|88/100
|-activate|p1a: Walking Wake|ability: Protosynthesis
|-start|p1a: Walking Wake|protosynthesisspa
|move|p2a: Salamence|Fire Blast|p1a: Walking Wake
|-resisted|p1a: Walking Wake
|-damage|p1a: Walking Wake|69/100
|-damage|p2a: Salamence|46/100|[from] item: Life Orb
|
|-weather|SunnyDay|[upkeep]
|upkeep
|turn|12
|
|t:|1757823677
|switch|p2a: Tyranitar|Tyranitar, M, shiny|37/100
|-weather|Sandstorm|[from] ability: Sand Stream|[of] p2a: Tyranitar
|-end|p1a: Walking Wake|Protosynthesis
|move|p1a: Walking Wake|Hydro Steam|p2a: Tyranitar
|-supereffective|p2a: Tyranitar
|-damage|p2a: Tyranitar|0 fnt
|faint|p2a: Tyranitar
|
|-weather|Sandstorm|[upkeep]
|-damage|p1a: Walking Wake|63/100|[from] Sandstorm
|upkeep
|
|t:|1757823681
|switch|p2a: Excadrill|Excadrill, F, shiny|54/100
|turn|13
|
|t:|1757823686
|-end|p1a: Walking Wake|Protosynthesis|[silent]
|switch|p1a: Pompeii|Torkoal, F|13/100
|-weather|SunnyDay|[from] ability: Drought|[of] p1a: Pompeii
|move|p2a: Excadrill|Iron Head|p1a: Pompeii
|-resisted|p1a: Pompeii
|-damage|p1a: Pompeii|0 fnt
|faint|p1a: Pompeii
|-damage|p2a: Excadrill|44/100|[from] item: Life Orb
|
|-weather|SunnyDay|[upkeep]
|upkeep
|inactive|Battle timer is ON: inactive players will automatically lose when time's up. (requested by chongtong)
|
|t:|1757823704
|switch|p1a: Replace V with P|Venusaur, F|100/100
|turn|14
|
|t:|1757823717
|move|p1a: Replace V with P|Giga Drain|p2a: Excadrill
|-damage|p2a: Excadrill|0 fnt
|faint|p2a: Excadrill
|-damage|p1a: Replace V with P|91/100|[from] item: Life Orb
|
|-weather|SunnyDay|[upkeep]
|upkeep
|
|t:|1757823721
|switch|p2a: Latios|Latios, M, shiny|100/100
|turn|15
|inactive|blacksoxx has 120 seconds left.
|
|t:|1757823759
|move|p2a: Latios|Luster Purge|p1a: Replace V with P
|-supereffective|p1a: Replace V with P
|-damage|p1a: Replace V with P|0 fnt
|faint|p1a: Replace V with P
|
|-weather|SunnyDay|[upkeep]
|upkeep
|
|t:|1757823764
|switch|p1a: Walking Wake|Walking Wake|63/100
|-activate|p1a: Walking Wake|ability: Protosynthesis
|-start|p1a: Walking Wake|protosynthesisspa
|turn|16
|
|t:|1757823770
|move|p2a: Latios|Luster Purge|p1a: Walking Wake
|-damage|p1a: Walking Wake|5/100
|move|p1a: Walking Wake|Dragon Pulse|p2a: Latios
|-supereffective|p2a: Latios
|-crit|p2a: Latios
|-damage|p2a: Latios|0 fnt
|faint|p2a: Latios
|
|-weather|SunnyDay|[upkeep]
|upkeep
|
|t:|1757823773
|switch|p2a: Dragonite|Dragonite, M|100/100
|turn|17
|
|t:|1757823777
|-end|p1a: Walking Wake|Protosynthesis|[silent]
|switch|p1a: Landorus|Landorus-Therian, M|76/100
|-ability|p1a: Landorus|Intimidate|boost
|-unboost|p2a: Dragonite|atk|1
|move|p2a: Dragonite|Extreme Speed|p1a: Landorus
|-damage|p1a: Landorus|58/100
|-damage|p2a: Dragonite|84/100|[from] item: Rocky Helmet|[of] p1a: Landorus
|
|-weather|none
|upkeep
|turn|18
|
|t:|1757823784
|move|p1a: Landorus|Taunt|p2a: Dragonite
|-start|p2a: Dragonite|move: Taunt
|move|p2a: Dragonite|Fire Spin|p1a: Landorus|[miss]
|-miss|p2a: Dragonite|p1a: Landorus
|
|upkeep
|turn|19
|
|t:|1757823795
|move|p1a: Landorus|U-turn|p2a: Dragonite
|-resisted|p2a: Dragonite
|-damage|p2a: Dragonite|76/100
|-damage|p1a: Landorus|41/100|[from] item: Rocky Helmet|[of] p2a: Dragonite
|
|t:|1757823797
|switch|p1a: Neck Deep|Raging Bolt|100/100|[from] U-turn
|move|p2a: Dragonite|Fire Spin|p1a: Neck Deep
|-resisted|p1a: Neck Deep
|-damage|p1a: Neck Deep|97/100
|-activate|p1a: Neck Deep|move: Fire Spin|[of] p2a: Dragonite
|
|-damage|p1a: Neck Deep|85/100|[from] move: Fire Spin|[partiallytrapped]
|upkeep
|turn|20
|
|t:|1757823801
|switch|p2a: Garchomp|Garchomp, M, shiny, tera:Steel|45/100
|move|p1a: Neck Deep|Dragon Pulse|p2a: Garchomp
|-resisted|p2a: Garchomp
|-damage|p2a: Garchomp|16/100
|
|-end|p1a: Neck Deep|Fire Spin|[partiallytrapped]|[silent]
|upkeep
|turn|21
|
|t:|1757823811
|-end|p1a: Neck Deep|Protosynthesis|[silent]
|switch|p1a: Walking Wake|Walking Wake|5/100
|move|p2a: Garchomp|Outrage|p1a: Walking Wake
|-supereffective|p1a: Walking Wake
|-damage|p1a: Walking Wake|0 fnt
|faint|p1a: Walking Wake
|-end|p1a: Walking Wake|Protosynthesis|[silent]
|-damage|p2a: Garchomp|6/100|[from] item: Life Orb
|
|upkeep
|
|t:|1757823826
|switch|p1a: Neck Deep|Raging Bolt|85/100
|turn|22
|
|t:|1757823829
|-terastallize|p1a: Neck Deep|Fairy
|move|p2a: Garchomp|Outrage|p1a: Neck Deep|[from] lockedmove
|-immune|p1a: Neck Deep
|-start|p2a: Garchomp|confusion|[fatigue]
|move|p1a: Neck Deep|Calm Mind|p1a: Neck Deep
|-boost|p1a: Neck Deep|spa|1
|-boost|p1a: Neck Deep|spd|1
|
|upkeep
|turn|23
|
|t:|1757823837
|move|p1a: Neck Deep|Thunderclap|p2a: Garchomp
|-damage|p2a: Garchomp|0 fnt
|faint|p2a: Garchomp
|
|upkeep
|
|t:|1757823840
|switch|p2a: Dragonite|Dragonite, M|76/100
|turn|24
|
|t:|1757823844
|move|p2a: Dragonite|Extreme Speed|p1a: Neck Deep
|-damage|p1a: Neck Deep|67/100
|move|p1a: Neck Deep|Tera Blast|p2a: Dragonite|[anim] Tera Blast Fairy
|-supereffective|p2a: Dragonite
|-damage|p2a: Dragonite|0 fnt
|faint|p2a: Dragonite
|
|upkeep
|
|t:|1757823849
|switch|p2a: Salamence|Salamence, M|46/100
|turn|25
|
|t:|1757823852
|move|p2a: Salamence|Fire Blast|p1a: Neck Deep
|-damage|p1a: Neck Deep|41/100
|-status|p1a: Neck Deep|brn
|-damage|p2a: Salamence|36/100|[from] item: Life Orb
|move|p1a: Neck Deep|Tera Blast|p2a: Salamence|[anim] Tera Blast Fairy
|-supereffective|p2a: Salamence
|-damage|p2a: Salamence|0 fnt
|faint|p2a: Salamence
|
|win|blacksoxx
|raw|blacksoxx's rating: 1380 &rarr; <strong>1397</strong><br />(+17 for winning)
|raw|chongtong's rating: 1333 &rarr; <strong>1316</strong><br />(-17 for losing)
