|j|☆Made in BraziL
|j|☆ayushfcb
|t:|1757947396
|gametype|singles
|player|p1|Made in BraziL|gentleman|1312
|player|p2|ayushfcb|red-masters|1305
|gen|9
|tier|[Gen 9] OU
|rated|
|rule|HP Percentage Mod: HP is shown in percentages
|rule|Endless Battle Clause: Forcing endless battles is banned
|rule|Species Clause: Limit one of each Pokémon
|rule|OHKO Clause: OHKO moves are banned
|rule|Evasion Items Clause: Evasion items are banned
|rule|Evasion Moves Clause: Evasion moves are banned
|rule|Evasion Abilities Clause: Evasion abilities are banned
|rule|Sleep Moves Clause: Sleep-inducing moves are banned
|clearpoke
|poke|p1|Gyarados, M|
|poke|p1|Serperior, M|
|poke|p1|Blissey, F|
|poke|p1|Hippowdon, F|
|poke|p1|Jirachi|
|poke|p1|Garchomp, M|
|poke|p2|Hydrapple, M|
|poke|p2|Samurott-Hisui, F|
|poke|p2|Kyurem|
|poke|p2|Slowking-Galar, M|
|poke|p2|Corviknight, M|
|poke|p2|Ceruledge, F|
|teampreview
|inactive|Battle timer is ON: inactive players will automatically lose when time's up. (requested by Made in BraziL)
|
|t:|1757947401
|teamsize|p1|6
|teamsize|p2|6
|start
|switch|p1a: Serperior|Serperior, M|100/100
|switch|p2a: Kyurem|Kyurem, shiny|100/100
|-ability|p2a: Kyurem|Pressure
|turn|1
|
|t:|1757947428
|move|p1a: Serperior|Glare|p2a: Kyurem
|-status|p2a: Kyurem|par
|move|p2a: Kyurem|Icicle Spear|p1a: Serperior
|-supereffective|p1a: Serperior
|-damage|p1a: Serperior|70/100
|-supereffective|p1a: Serperior
|-damage|p1a: Serperior|39/100
|-supereffective|p1a: Serperior
|-damage|p1a: Serperior|5/100
|-supereffective|p1a: Serperior
|-damage|p1a: Serperior|0 fnt
|faint|p1a: Serperior
|-hitcount|p1: Serperior|4
|
|upkeep
|inactive|Made in BraziL has 120 seconds left.
|
|t:|1757947458
|switch|p1a: Jirachi|Jirachi|100/100
|turn|2
|
|t:|1757947462
|-terastallize|p2a: Kyurem|Fire
|move|p1a: Jirachi|Iron Head|p2a: Kyurem
|-resisted|p2a: Kyurem
|-damage|p2a: Kyurem|85/100 par
|cant|p2a: Kyurem|flinch
|
|upkeep
|turn|3
|
|t:|1757947468
|switch|p1a: Hippowdon|Hippowdon, F|100/100
|-weather|Sandstorm|[from] ability: Sand Stream|[of] p1a: Hippowdon
|move|p2a: Kyurem|Tera Blast|p1a: Hippowdon|[anim] Tera Blast Fire
|-damage|p1a: Hippowdon|72/100
|
|-weather|Sandstorm|[upkeep]
|-damage|p2a: Kyurem|79/100 par|[from] Sandstorm
|upkeep
|turn|4
|inactive|Made in BraziL has 120 seconds left.
|
|t:|1757947477
|move|p2a: Kyurem|Icicle Spear|p1a: Hippowdon
|-supereffective|p1a: Hippowdon
|-crit|p1a: Hippowdon
|-damage|p1a: Hippowdon|45/100
|-supereffective|p1a: Hippowdon
|-damage|p1a: Hippowdon|26/100
|-supereffective|p1a: Hippowdon
|-damage|p1a: Hippowdon|9/100
|-supereffective|p1a: Hippowdon
|-damage|p1a: Hippowdon|0 fnt
|faint|p1a: Hippowdon
|-hitcount|p1: Hippowdon|4
|
|-weather|Sandstorm|[upkeep]
|-damage|p2a: Kyurem|73/100 par|[from] Sandstorm
|upkeep
|inactive|Made in BraziL has 120 seconds left.
|
|t:|1757947491
|switch|p1a: Garchomp|Garchomp, M|100/100
|turn|5
|
|t:|1757947495
|switch|p2a: Corviknight|Corviknight, M|100/100
|move|p1a: Garchomp|Earthquake|p2a: Corviknight
|-immune|p2a: Corviknight
|
|-weather|Sandstorm|[upkeep]
|upkeep
|turn|6
|
|t:|1757947501
|switch|p1a: Jirachi|Jirachi|100/100
|move|p2a: Corviknight|U-turn|p1a: Jirachi
|-damage|p1a: Jirachi|88/100
|
|t:|1757947504
|switch|p2a: Samurott|Samurott-Hisui, F, shiny|100/100|[from] U-turn
|
|-weather|Sandstorm|[upkeep]
|-damage|p2a: Samurott|94/100|[from] Sandstorm
|-heal|p1a: Jirachi|95/100|[from] item: Leftovers
|upkeep
|turn|7
|-message|Made in BraziL forfeited.
|
|win|ayushfcb
|raw|Made in BraziL's rating: 1312 &rarr; <strong>1292</strong><br />(-20 for losing)
|raw|ayushfcb's rating: 1305 &rarr; <strong>1325</strong><br />(+20 for winning)
|l|☆Made in BraziL
|player|p1|
