|j|☆Jacob14203
|j|☆arriot
|t:|1757846364
|gametype|singles
|player|p1|Jacob14203|2|1280
|player|p2|arriot|caitlin|1298
|gen|9
|tier|[Gen 9] OU
|rated|
|rule|HP Percentage Mod: HP is shown in percentages
|rule|Endless Battle Clause: Forcing endless battles is banned
|rule|Species Clause: Limit one of each Pokémon
|rule|OHKO Clause: OHKO moves are banned
|rule|Evasion Items Clause: Evasion items are banned
|rule|Evasion Moves Clause: Evasion moves are banned
|rule|Evasion Abilities Clause: Evasion abilities are banned
|rule|Sleep Moves Clause: Sleep-inducing moves are banned
|clearpoke
|poke|p1|Iron Valiant|
|poke|p1|Iron Crown|
|poke|p1|Pincurchin, F|
|poke|p1|Iron Moth|
|poke|p1|Alomomola, F|
|poke|p1|Raging Bolt|
|poke|p2|Dragonite, M|
|poke|p2|Keldeo|
|poke|p2|Maushold|
|poke|p2|Ninetales-Alola, M|
|poke|p2|Gyarados, M|
|poke|p2|Rhyperior, M|
|teampreview
|inactive|Battle timer is ON: inactive players will automatically lose when time's up. (requested by Jacob14203)
|
|t:|1757846370
|teamsize|p1|6
|teamsize|p2|6
|start
|switch|p1a: Pincurchin|Pincurchin, F|100/100
|switch|p2a: Ninetales|Ninetales-Alola, M|100/100
|-weather|Snowscape|[from] ability: Snow Warning|[of] p2a: Ninetales
|-fieldstart|move: Electric Terrain|[from] ability: Electric Surge|[of] p1a: Pincurchin
|turn|1
|
|t:|1757846380
|move|p2a: Ninetales|Aurora Veil|p2a: Ninetales
|-sidestart|p2: arriot|move: Aurora Veil
|move|p1a: Pincurchin|Spikes|p2a: Ninetales
|-sidestart|p2: arriot|Spikes
|
|-weather|Snowscape|[upkeep]
|upkeep
|turn|2
|
|t:|1757846393
|switch|p1a: Iron Valiant|Iron Valiant, shiny|100/100
|-activate|p1a: Iron Valiant|ability: Quark Drive
|-start|p1a: Iron Valiant|quarkdrivespa
|move|p2a: Ninetales|Encore||[still]
|-fail|p2a: Ninetales
|
|-weather|Snowscape|[upkeep]
|upkeep
|turn|3
|
|t:|1757846403
|-end|p1a: Iron Valiant|Quark Drive|[silent]
|switch|p1a: Iron Moth|Iron Moth|100/100
|-activate|p1a: Iron Moth|ability: Quark Drive
|-start|p1a: Iron Moth|quarkdrivespa
|move|p2a: Ninetales|Freeze-Dry|p1a: Iron Moth
|-resisted|p1a: Iron Moth
|-damage|p1a: Iron Moth|90/100
|
|-weather|Snowscape|[upkeep]
|upkeep
|turn|4
|
|t:|1757846418
|switch|p2a: Rhyperior|Rhyperior, M|100/100
|-damage|p2a: Rhyperior|88/100|[from] Spikes
|move|p1a: Iron Moth|Energy Ball|p2a: Rhyperior
|-supereffective|p2a: Rhyperior
|-damage|p2a: Rhyperior|0 fnt
|faint|p2a: Rhyperior
|
|-weather|Snowscape|[upkeep]
|upkeep
|
|t:|1757846429
|switch|p2a: Dragonite|Dragonite, M|100/100
|turn|5
|
|t:|1757846436
|move|p1a: Iron Moth|U-turn|p2a: Dragonite
|-resisted|p2a: Dragonite
|-damage|p2a: Dragonite|99/100
|
|t:|1757846444
|-end|p1a: Iron Moth|Quark Drive|[silent]
|switch|p1a: Iron Valiant|Iron Valiant, shiny|100/100|[from] U-turn
|-activate|p1a: Iron Valiant|ability: Quark Drive
|-start|p1a: Iron Valiant|quarkdrivespa
|move|p2a: Dragonite|Dragon Dance|p2a: Dragonite
|-boost|p2a: Dragonite|atk|1
|-boost|p2a: Dragonite|spe|1
|
|-weather|Snowscape|[upkeep]
|-sideend|p2: arriot|move: Aurora Veil
|upkeep
|turn|6
|
|t:|1757846462
|-terastallize|p2a: Dragonite|Normal
|move|p1a: Iron Valiant|Moonblast|p2a: Dragonite
|-damage|p2a: Dragonite|34/100
|move|p2a: Dragonite|Dragon Dance|p2a: Dragonite
|-boost|p2a: Dragonite|atk|1
|-boost|p2a: Dragonite|spe|1
|
|-weather|Snowscape|[upkeep]
|upkeep
|turn|7
|
|t:|1757846472
|move|p2a: Dragonite|Extreme Speed|p1a: Iron Valiant
|-damage|p1a: Iron Valiant|0 fnt
|faint|p1a: Iron Valiant
|-end|p1a: Iron Valiant|Quark Drive|[silent]
|
|-weather|Snowscape|[upkeep]
|upkeep
|
|t:|1757846500
|switch|p1a: Raging Bolt|Raging Bolt|100/100
|turn|8
|
|t:|1757846523
|move|p2a: Dragonite|Extreme Speed|p1a: Raging Bolt
|-damage|p1a: Raging Bolt|19/100
|-enditem|p1a: Raging Bolt|Sitrus Berry|[eat]
|-heal|p1a: Raging Bolt|44/100|[from] item: Sitrus Berry
|move|p1a: Raging Bolt|Rising Voltage|p2a: Dragonite
|-hint|Rising Voltage's BP doubled on grounded target.
|-damage|p2a: Dragonite|0 fnt
|faint|p2a: Dragonite
|
|-weather|none
|-fieldend|move: Electric Terrain
|upkeep
|inactive|arriot has 120 seconds left.
|
|t:|1757846541
|switch|p2a: Ninetales|Ninetales-Alola, M|100/100
|-damage|p2a: Ninetales|88/100|[from] Spikes
|-weather|Snowscape|[from] ability: Snow Warning|[of] p2a: Ninetales
|turn|9
|
|t:|1757846549
|-end|p1a: Raging Bolt|Protosynthesis|[silent]
|switch|p1a: Pincurchin|Pincurchin, F|100/100
|-fieldstart|move: Electric Terrain|[from] ability: Electric Surge|[of] p1a: Pincurchin
|move|p2a: Ninetales|Aurora Veil|p2a: Ninetales
|-sidestart|p2: arriot|move: Aurora Veil
|
|-weather|Snowscape|[upkeep]
|upkeep
|turn|10
|
|t:|1757846562
|switch|p2a: Maushold|Maushold|100/100
|-damage|p2a: Maushold|88/100|[from] Spikes
|switch|p1a: Iron Moth|Iron Moth|90/100
|-activate|p1a: Iron Moth|ability: Quark Drive
|-start|p1a: Iron Moth|quarkdrivespa
|
|-weather|Snowscape|[upkeep]
|upkeep
|turn|11
|
|t:|1757846572
|move|p2a: Maushold|Population Bomb|p1a: Iron Moth
|-damage|p1a: Iron Moth|71/100
|-damage|p1a: Iron Moth|53/100
|-crit|p1a: Iron Moth
|-damage|p1a: Iron Moth|26/100
|-damage|p1a: Iron Moth|6/100
|-damage|p1a: Iron Moth|0 fnt
|faint|p1a: Iron Moth
|-end|p1a: Iron Moth|Quark Drive|[silent]
|-hitcount|p1: Iron Moth|5
|
|-weather|Snowscape|[upkeep]
|upkeep
|
|t:|1757846586
|switch|p1a: Alomomola|Alomomola, F|100/100
|turn|12
|
|t:|1757846594
|move|p2a: Maushold|Tidy Up|p2a: Maushold
|-sideend|p2: arriot|Spikes
|-activate|p2a: Maushold|move: Tidy Up
|-boost|p2a: Maushold|atk|1
|-boost|p2a: Maushold|spe|1
|move|p1a: Alomomola|Scald|p2a: Maushold
|-damage|p2a: Maushold|78/100
|
|-weather|Snowscape|[upkeep]
|upkeep
|turn|13
|
|t:|1757846604
|move|p2a: Maushold|Population Bomb|p1a: Alomomola
|-damage|p1a: Alomomola|92/100
|-damage|p1a: Alomomola|83/100
|-damage|p1a: Alomomola|75/100
|-damage|p1a: Alomomola|66/100
|-damage|p1a: Alomomola|56/100
|-damage|p1a: Alomomola|47/100
|-damage|p1a: Alomomola|39/100
|-damage|p1a: Alomomola|29/100
|-damage|p1a: Alomomola|21/100
|-damage|p1a: Alomomola|12/100
|-hitcount|p1a: Alomomola|10
|move|p1a: Alomomola|Scald|p2a: Maushold
|-damage|p2a: Maushold|68/100
|-status|p2a: Maushold|brn
|
|-weather|Snowscape|[upkeep]
|-damage|p2a: Maushold|62/100 brn|[from] brn
|-sideend|p2: arriot|move: Aurora Veil
|upkeep
|turn|14
|
|t:|1757846626
|move|p2a: Maushold|Population Bomb|p1a: Alomomola
|-damage|p1a: Alomomola|8/100
|-damage|p1a: Alomomola|3/100
|-damage|p1a: Alomomola|0 fnt
|faint|p1a: Alomomola
|-hitcount|p1: Alomomola|3
|
|-weather|Snowscape|[upkeep]
|-damage|p2a: Maushold|56/100 brn|[from] brn
|upkeep
|
|t:|1757846633
|switch|p1a: Iron Crown|Iron Crown|100/100
|-activate|p1a: Iron Crown|ability: Quark Drive
|-start|p1a: Iron Crown|quarkdrivespa
|turn|15
|
|t:|1757846645
|move|p2a: Maushold|Bite|p1a: Iron Crown
|-supereffective|p1a: Iron Crown
|-damage|p1a: Iron Crown|63/100
|cant|p1a: Iron Crown|flinch
|
|-weather|Snowscape|[upkeep]
|-damage|p2a: Maushold|50/100 brn|[from] brn
|upkeep
|turn|16
|
|t:|1757846653
|move|p2a: Maushold|Bite|p1a: Iron Crown
|-supereffective|p1a: Iron Crown
|-damage|p1a: Iron Crown|31/100
|move|p1a: Iron Crown|Tachyon Cutter|p2a: Maushold
|-damage|p2a: Maushold|3/100 brn
|-damage|p2a: Maushold|0 fnt
|faint|p2a: Maushold
|-hitcount|p2: Maushold|2
|
|-weather|none
|-fieldend|move: Electric Terrain
|-end|p1a: Iron Crown|Quark Drive
|upkeep
|
|t:|1757846667
|switch|p2a: Gyarados|Gyarados, M|100/100
|turn|17
|
|t:|1757846673
|move|p1a: Iron Crown|Volt Switch|p2a: Gyarados
|-supereffective|p2a: Gyarados
|-damage|p2a: Gyarados|19/100
|
|t:|1757846679
|-end|p1a: Iron Crown|Quark Drive|[silent]
|switch|p1a: Pincurchin|Pincurchin, F|100/100|[from] Volt Switch
|-fieldstart|move: Electric Terrain|[from] ability: Electric Surge|[of] p1a: Pincurchin
|move|p2a: Gyarados|Earthquake|p1a: Pincurchin
|-supereffective|p1a: Pincurchin
|-damage|p1a: Pincurchin|42/100
|
|upkeep
|turn|18
|
|t:|1757846688
|move|p2a: Gyarados|Earthquake|p1a: Pincurchin
|-supereffective|p1a: Pincurchin
|-damage|p1a: Pincurchin|0 fnt
|faint|p1a: Pincurchin
|-ability|p2a: Gyarados|Moxie|boost
|-boost|p2a: Gyarados|atk|1
|
|upkeep
|
|t:|1757846698
|switch|p1a: Iron Crown|Iron Crown|31/100
|-activate|p1a: Iron Crown|ability: Quark Drive
|-start|p1a: Iron Crown|quarkdrivespa
|turn|19
|
|t:|1757846705
|move|p1a: Iron Crown|Psyshock|p2a: Gyarados
|-damage|p2a: Gyarados|0 fnt
|faint|p2a: Gyarados
|
|upkeep
|
|t:|1757846711
|switch|p2a: Keldeo|Keldeo|100/100
|turn|20
|
|t:|1757846720
|move|p2a: Keldeo|Surf|p1a: Iron Crown
|-damage|p1a: Iron Crown|0 fnt
|faint|p1a: Iron Crown
|-end|p1a: Iron Crown|Quark Drive|[silent]
|
|upkeep
|
|t:|1757846723
|switch|p1a: Raging Bolt|Raging Bolt|44/100
|turn|21
|
|t:|1757846733
|move|p2a: Keldeo|Surf|p1a: Raging Bolt
|-resisted|p1a: Raging Bolt
|-damage|p1a: Raging Bolt|17/100
|move|p1a: Raging Bolt|Rising Voltage|p2a: Keldeo
|-hint|Rising Voltage's BP doubled on grounded target.
|-supereffective|p2a: Keldeo
|-damage|p2a: Keldeo|0 fnt
|faint|p2a: Keldeo
|
|upkeep
|
|t:|1757846742
|switch|p2a: Ninetales|Ninetales-Alola, M|88/100
|-weather|Snowscape|[from] ability: Snow Warning|[of] p2a: Ninetales
|turn|22
|
|t:|1757846748
|-terastallize|p1a: Raging Bolt|Electric
|move|p2a: Ninetales|Freeze-Dry|p1a: Raging Bolt
|-damage|p1a: Raging Bolt|0 fnt
|faint|p1a: Raging Bolt
|-end|p1a: Raging Bolt|Protosynthesis|[silent]
|
|win|arriot
|raw|Jacob14203's rating: 1280 &rarr; <strong>1256</strong><br />(-24 for losing)
|raw|arriot's rating: 1298 &rarr; <strong>1322</strong><br />(+24 for winning)
|l|☆arriot
|player|p2|
|l|☆Jacob14203
|player|p1|
