|j|☆Black Man Lover
|j|☆redkaa
|t:|1757909431
|gametype|singles
|player|p1|Black Man Lover|emmet|1624
|player|p2|redkaa|1|1590
|gen|9
|tier|[Gen 9] OU
|rated|
|rule|HP Percentage Mod: HP is shown in percentages
|rule|Endless Battle Clause: Forcing endless battles is banned
|rule|Species Clause: Limit one of each Pokémon
|rule|OHKO Clause: OHKO moves are banned
|rule|Evasion Items Clause: Evasion items are banned
|rule|Evasion Moves Clause: Evasion moves are banned
|rule|Evasion Abilities Clause: Evasion abilities are banned
|rule|Sleep Moves Clause: Sleep-inducing moves are banned
|clearpoke
|poke|p1|Darkrai|
|poke|p1|Iron Jugulis|
|poke|p1|Iron Treads|
|poke|p1|Primarina, F|
|poke|p1|Cinderace, F|
|poke|p1|Raging Bolt|
|poke|p2|Dragapult, M|
|poke|p2|Pelipper, F|
|poke|p2|Rotom-Wash|
|poke|p2|Great Tusk|
|poke|p2|Slowking-Galar, F|
|poke|p2|Iron Valiant|
|teampreview
|
|t:|1757909455
|teamsize|p1|6
|teamsize|p2|6
|start
|switch|p1a: Raging Bolt|Raging Bolt|100/100
|switch|p2a: Dragapult|Dragapult, M|100/100
|-enditem|p1a: Raging Bolt|Booster Energy
|-activate|p1a: Raging Bolt|ability: Protosynthesis|[fromitem]
|-start|p1a: Raging Bolt|protosynthesisspa
|turn|1
|
|t:|1757909472
|-terastallize|p1a: Raging Bolt|Flying
|move|p2a: Dragapult|U-turn|p1a: Raging Bolt
|-resisted|p1a: Raging Bolt
|-damage|p1a: Raging Bolt|85/100
|
|t:|1757909481
|switch|p2a: Slowking|Slowking-Galar, F|100/100|[from] U-turn
|move|p1a: Raging Bolt|Calm Mind|p1a: Raging Bolt
|-boost|p1a: Raging Bolt|spa|1
|-boost|p1a: Raging Bolt|spd|1
|
|upkeep
|turn|2
|
|t:|1757909491
|move|p1a: Raging Bolt|Thunderbolt|p2a: Slowking
|-damage|p2a: Slowking|42/100
|-prepare|p2a: Slowking|Chilly Reception|[premajor]
|move|p2a: Slowking|Chilly Reception|p2a: Slowking
|-weather|Snowscape
|
|t:|1757909497
|switch|p2a: Great Tusk|Great Tusk|100/100|[from] Chilly Reception
|
|-weather|Snowscape|[upkeep]
|upkeep
|turn|3
|
|t:|1757909509
|-end|p2a: Great Tusk|Protosynthesis|[silent]
|switch|p2a: Iron Valiant|Iron Valiant|100/100
|-enditem|p2a: Iron Valiant|Booster Energy
|-activate|p2a: Iron Valiant|ability: Quark Drive|[fromitem]
|-start|p2a: Iron Valiant|quarkdrivespe
|move|p1a: Raging Bolt|Dragon Pulse|p2a: Iron Valiant
|-immune|p2a: Iron Valiant
|
|-weather|Snowscape|[upkeep]
|upkeep
|turn|4
|
|t:|1757909514
|move|p1a: Raging Bolt|Thunderclap||[still]
|-fail|p1a: Raging Bolt
|move|p2a: Iron Valiant|Encore|p1a: Raging Bolt
|-start|p1a: Raging Bolt|Encore
|
|-weather|Snowscape|[upkeep]
|upkeep
|turn|5
|
|t:|1757909519
|move|p1a: Raging Bolt|Thunderclap||[still]
|-fail|p1a: Raging Bolt
|move|p2a: Iron Valiant|Calm Mind|p2a: Iron Valiant
|-boost|p2a: Iron Valiant|spa|1
|-boost|p2a: Iron Valiant|spd|1
|
|-weather|Snowscape|[upkeep]
|upkeep
|turn|6
|
|t:|1757909529
|-end|p1a: Raging Bolt|Protosynthesis|[silent]
|switch|p1a: Primarina|Primarina, F|100/100
|move|p2a: Iron Valiant|Calm Mind|p2a: Iron Valiant
|-boost|p2a: Iron Valiant|spa|1
|-boost|p2a: Iron Valiant|spd|1
|
|-weather|none
|upkeep
|turn|7
|
|t:|1757909546
|-terastallize|p2a: Iron Valiant|Ghost
|move|p2a: Iron Valiant|Calm Mind|p2a: Iron Valiant
|-boost|p2a: Iron Valiant|spa|1
|-boost|p2a: Iron Valiant|spd|1
|move|p1a: Primarina|Moonblast|p2a: Iron Valiant
|-damage|p2a: Iron Valiant|62/100
|
|upkeep
|turn|8
|
|t:|1757909559
|move|p2a: Iron Valiant|Moonblast|p1a: Primarina
|-damage|p1a: Primarina|28/100
|move|p1a: Primarina|Moonblast|p2a: Iron Valiant
|-damage|p2a: Iron Valiant|23/100
|-unboost|p2a: Iron Valiant|spa|1
|
|upkeep
|turn|9
|
|t:|1757909568
|move|p2a: Iron Valiant|Moonblast|p1a: Primarina
|-damage|p1a: Primarina|0 fnt
|faint|p1a: Primarina
|
|upkeep
|
|t:|1757909596
|switch|p1a: Raging Bolt|Raging Bolt, tera:Flying|85/100
|turn|10
|
|t:|1757909647
|move|p2a: Iron Valiant|Shadow Ball|p1a: Raging Bolt
|-damage|p1a: Raging Bolt|6/100
|move|p1a: Raging Bolt|Dragon Pulse|p2a: Iron Valiant
|-damage|p2a: Iron Valiant|0 fnt
|faint|p2a: Iron Valiant
|-end|p2a: Iron Valiant|Quark Drive|[silent]
|
|upkeep
|
|t:|1757909651
|switch|p2a: Great Tusk|Great Tusk|100/100
|turn|11
|
|t:|1757909654
|move|p2a: Great Tusk|Rapid Spin|p1a: Raging Bolt
|-damage|p1a: Raging Bolt|0 fnt
|-boost|p2a: Great Tusk|spe|1
|faint|p1a: Raging Bolt
|-end|p1a: Raging Bolt|Protosynthesis|[silent]
|
|upkeep
|
|t:|1757909658
|switch|p1a: Iron Jugulis|Iron Jugulis|100/100
|-enditem|p1a: Iron Jugulis|Booster Energy
|-activate|p1a: Iron Jugulis|ability: Quark Drive|[fromitem]
|-start|p1a: Iron Jugulis|quarkdrivespe
|turn|12
|
|t:|1757909666
|move|p1a: Iron Jugulis|Hurricane|p2a: Great Tusk
|-supereffective|p2a: Great Tusk
|-damage|p2a: Great Tusk|0 fnt
|faint|p2a: Great Tusk
|-end|p2a: Great Tusk|Protosynthesis|[silent]
|
|upkeep
|
|t:|1757909678
|switch|p2a: Rotom|Rotom-Wash|100/100
|turn|13
|
|t:|1757909690
|-end|p1a: Iron Jugulis|Quark Drive|[silent]
|switch|p1a: Iron Treads|Iron Treads|100/100
|-item|p1a: Iron Treads|Air Balloon
|move|p2a: Rotom|Volt Switch|p1a: Iron Treads
|-immune|p1a: Iron Treads
|
|upkeep
|turn|14
|
|t:|1757909695
|move|p1a: Iron Treads|Stealth Rock|p2a: Rotom
|-sidestart|p2: redkaa|move: Stealth Rock
|move|p2a: Rotom|Will-O-Wisp|p1a: Iron Treads
|-status|p1a: Iron Treads|brn
|
|-damage|p1a: Iron Treads|94/100 brn|[from] brn
|upkeep
|turn|15
|
|t:|1757909699
|move|p1a: Iron Treads|Knock Off|p2a: Rotom
|-damage|p2a: Rotom|90/100
|-enditem|p2a: Rotom|Leftovers|[from] move: Knock Off|[of] p1a: Iron Treads
|move|p2a: Rotom|Hydro Pump|p1a: Iron Treads
|-supereffective|p1a: Iron Treads
|-damage|p1a: Iron Treads|0 fnt
|-enditem|p1a: Iron Treads|Air Balloon
|faint|p1a: Iron Treads
|-end|p1a: Iron Treads|Quark Drive|[silent]
|
|upkeep
|
|t:|1757909707
|switch|p1a: Darkrai|Darkrai|100/100
|turn|16
|inactive|Battle timer is ON: inactive players will automatically lose when time's up. (requested by Black Man Lover)
|
|t:|1757909715
|move|p1a: Darkrai|Dark Pulse|p2a: Rotom
|-damage|p2a: Rotom|18/100
|move|p2a: Rotom|Volt Switch|p1a: Darkrai
|-damage|p1a: Darkrai|66/100
|
|t:|1757909721
|switch|p2a: Dragapult|Dragapult, M|100/100|[from] Volt Switch
|-damage|p2a: Dragapult|88/100|[from] Stealth Rock
|
|upkeep
|turn|17
|
|t:|1757909740
|switch|p1a: Cinderace|Cinderace, F|100/100
|move|p2a: Dragapult|Dragon Darts|p1a: Cinderace
|-damage|p1a: Cinderace|57/100
|-anim|p2a: Dragapult|Dragon Darts|p1a: Cinderace
|-damage|p1a: Cinderace|14/100
|
|upkeep
|turn|18
|
|t:|1757909747
|switch|p2a: Rotom|Rotom-Wash|18/100
|-damage|p2a: Rotom|6/100|[from] Stealth Rock
|move|p1a: Cinderace|Will-O-Wisp|p2a: Rotom
|-status|p2a: Rotom|brn
|
|-damage|p2a: Rotom|0 fnt|[from] brn
|faint|p2a: Rotom
|upkeep
|
|t:|1757909750
|switch|p2a: Pelipper|Pelipper, F|100/100
|-damage|p2a: Pelipper|76/100|[from] Stealth Rock
|-weather|RainDance|[from] ability: Drizzle|[of] p2a: Pelipper
|turn|19
|
|t:|1757909759
|move|p1a: Cinderace|Pyro Ball|p2a: Pelipper
|-resisted|p2a: Pelipper
|-damage|p2a: Pelipper|61/100
|move|p2a: Pelipper|Surf|p1a: Cinderace
|-supereffective|p1a: Cinderace
|-damage|p1a: Cinderace|0 fnt
|faint|p1a: Cinderace
|
|-weather|RainDance|[upkeep]
|upkeep
|
|t:|1757909789
|switch|p1a: Darkrai|Darkrai|66/100
|turn|20
|
|t:|1757909793
|move|p1a: Darkrai|Dark Pulse|p2a: Pelipper
|-damage|p2a: Pelipper|0 fnt
|faint|p2a: Pelipper
|
|-weather|RainDance|[upkeep]
|upkeep
|
|t:|1757909796
|switch|p2a: Dragapult|Dragapult, M|88/100
|-damage|p2a: Dragapult|76/100|[from] Stealth Rock
|turn|21
|
|t:|1757909799
|move|p2a: Dragapult|U-turn|p1a: Darkrai
|-supereffective|p1a: Darkrai
|-damage|p1a: Darkrai|0 fnt
|faint|p1a: Darkrai
|
|t:|1757909802
|switch|p2a: Slowking|Slowking-Galar, F|75/100|[from] U-turn
|
|-weather|RainDance|[upkeep]
|upkeep
|
|t:|1757909805
|switch|p1a: Iron Jugulis|Iron Jugulis|100/100
|turn|22
|
|t:|1757909808
|move|p1a: Iron Jugulis|Dark Pulse|p2a: Slowking
|-supereffective|p2a: Slowking
|-damage|p2a: Slowking|32/100
|move|p2a: Slowking|Sludge Bomb|p1a: Iron Jugulis
|-damage|p1a: Iron Jugulis|62/100
|
|-weather|RainDance|[upkeep]
|upkeep
|turn|23
|
|t:|1757909815
|move|p1a: Iron Jugulis|Dark Pulse|p2a: Slowking
|-supereffective|p2a: Slowking
|-damage|p2a: Slowking|0 fnt
|faint|p2a: Slowking
|
|-weather|none
|upkeep
|
|t:|1757909817
|switch|p2a: Dragapult|Dragapult, M|76/100
|-damage|p2a: Dragapult|64/100|[from] Stealth Rock
|turn|24
|
|t:|1757909820
|move|p2a: Dragapult|Dragon Darts|p1a: Iron Jugulis
|-crit|p1a: Iron Jugulis
|-damage|p1a: Iron Jugulis|2/100
|-anim|p2a: Dragapult|Dragon Darts|p1a: Iron Jugulis
|-damage|p1a: Iron Jugulis|0 fnt
|faint|p1a: Iron Jugulis
|-end|p1a: Iron Jugulis|Quark Drive|[silent]
|
|win|redkaa
|raw|Black Man Lover's rating: 1624 &rarr; <strong>1602</strong><br />(-22 for losing)
|raw|redkaa's rating: 1590 &rarr; <strong>1612</strong><br />(+22 for winning)
|c|☆redkaa|lmao if i lost to that spattack drop
|l|☆Black Man Lover
|player|p1|
|c|☆redkaa|id be so mad
|l|☆redkaa
|player|p2|
