|j|☆homojeff
|j|☆dvdegvedgebed
|t:|1757796419
|gametype|singles
|player|p1|homojeff|swimmer-gen4|1285
|player|p2|dvdegvedgebed|101|1270
|gen|9
|tier|[Gen 9] OU
|rated|
|rule|HP Percentage Mod: HP is shown in percentages
|rule|Endless Battle Clause: Forcing endless battles is banned
|rule|Species Clause: Limit one of each Pokémon
|rule|OHKO Clause: OHKO moves are banned
|rule|Evasion Items Clause: Evasion items are banned
|rule|Evasion Moves Clause: Evasion moves are banned
|rule|Evasion Abilities Clause: Evasion abilities are banned
|rule|Sleep Moves Clause: Sleep-inducing moves are banned
|clearpoke
|poke|p1|Slowbro, M|
|poke|p1|Gliscor, M|
|poke|p1|Deoxys-Defense|
|poke|p1|Arboliva, F|
|poke|p1|Clefable, M|
|poke|p1|Garganacl, M|
|poke|p2|Toxicroak, F|
|poke|p2|Houndoom, F|
|poke|p2|Shaymin|
|poke|p2|Orthworm, M|
|poke|p2|Hoopa-Unbound|
|poke|p2|Altaria, M|
|teampreview
|
|t:|1757796429
|teamsize|p1|6
|teamsize|p2|6
|start
|switch|p1a: Deoxys|Deoxys-Defense|100/100
|switch|p2a: Hoopa|Hoopa-Unbound|100/100
|-ability|p1a: Deoxys|Pressure
|turn|1
|
|t:|1757796433
|-terastallize|p1a: Deoxys|Steel
|move|p2a: Hoopa|Hyperspace Fury|p1a: Deoxys
|-crit|p1a: Deoxys
|-damage|p1a: Deoxys|43/100
|-unboost|p2a: Hoopa|def|1
|move|p1a: Deoxys|Cosmic Power|p1a: Deoxys
|-boost|p1a: Deoxys|def|1
|-boost|p1a: Deoxys|spd|1
|
|-heal|p1a: Deoxys|49/100|[from] item: Leftovers
|upkeep
|turn|2
|
|t:|1757796442
|move|p2a: Hoopa|Drain Punch|p1a: Deoxys
|-supereffective|p1a: Deoxys
|-damage|p1a: Deoxys|25/100
|move|p1a: Deoxys|Recover|p1a: Deoxys
|-heal|p1a: Deoxys|75/100
|
|-heal|p1a: Deoxys|82/100|[from] item: Leftovers
|upkeep
|turn|3
|
|t:|1757796448
|switch|p2a: Houndoom|Houndoom, F|100/100
|move|p1a: Deoxys|Cosmic Power|p1a: Deoxys
|-boost|p1a: Deoxys|def|1
|-boost|p1a: Deoxys|spd|1
|
|-heal|p1a: Deoxys|88/100|[from] item: Leftovers
|upkeep
|turn|4
|
|t:|1757796451
|move|p2a: Houndoom|Overheat|p1a: Deoxys|[miss]
|-miss|p2a: Houndoom|p1a: Deoxys
|move|p1a: Deoxys|Cosmic Power|p1a: Deoxys
|-boost|p1a: Deoxys|def|1
|-boost|p1a: Deoxys|spd|1
|
|-heal|p1a: Deoxys|94/100|[from] item: Leftovers
|upkeep
|turn|5
|
|t:|1757796457
|move|p2a: Houndoom|Overheat|p1a: Deoxys
|-supereffective|p1a: Deoxys
|-damage|p1a: Deoxys|48/100
|-unboost|p2a: Houndoom|spa|2
|move|p1a: Deoxys|Cosmic Power|p1a: Deoxys
|-boost|p1a: Deoxys|def|1
|-boost|p1a: Deoxys|spd|1
|
|-heal|p1a: Deoxys|54/100|[from] item: Leftovers
|upkeep
|turn|6
|
|t:|1757796466
|switch|p2a: Shaymin|Shaymin|100/100
|move|p1a: Deoxys|Recover|p1a: Deoxys
|-heal|p1a: Deoxys|100/100
|
|upkeep
|turn|7
|
|t:|1757796470
|move|p2a: Shaymin|Seed Flare|p1a: Deoxys
|-resisted|p1a: Deoxys
|-damage|p1a: Deoxys|96/100
|-unboost|p1a: Deoxys|spd|2
|move|p1a: Deoxys|Cosmic Power|p1a: Deoxys
|-boost|p1a: Deoxys|def|1
|-boost|p1a: Deoxys|spd|1
|
|-heal|p1a: Deoxys|100/100|[from] item: Leftovers
|upkeep
|turn|8
|
|t:|1757796479
|switch|p2a: Hoopa|Hoopa-Unbound|100/100
|move|p1a: Deoxys|Cosmic Power|p1a: Deoxys
|-boost|p1a: Deoxys|def|1
|-boost|p1a: Deoxys|spd|1
|
|upkeep
|turn|9
|
|t:|1757796484
|move|p2a: Hoopa|Substitute|p2a: Hoopa
|-start|p2a: Hoopa|Substitute
|-damage|p2a: Hoopa|76/100
|move|p1a: Deoxys|Cosmic Power|p1a: Deoxys
|-boost|p1a: Deoxys|def|0
|-boost|p1a: Deoxys|spd|1
|
|upkeep
|turn|10
|
|t:|1757796491
|move|p2a: Hoopa|Psychic|p1a: Deoxys
|-resisted|p1a: Deoxys
|-damage|p1a: Deoxys|96/100
|move|p1a: Deoxys|Cosmic Power|p1a: Deoxys
|-boost|p1a: Deoxys|def|0
|-boost|p1a: Deoxys|spd|1
|
|-heal|p1a: Deoxys|100/100|[from] item: Leftovers
|upkeep
|turn|11
|
|t:|1757796499
|move|p2a: Hoopa|Drain Punch|p1a: Deoxys
|-supereffective|p1a: Deoxys
|-damage|p1a: Deoxys|90/100
|-heal|p2a: Hoopa|80/100|[from] drain|[of] p1a: Deoxys
|move|p1a: Deoxys|Flash Cannon|p2a: Hoopa
|-activate|p2a: Hoopa|move: Substitute|[damage]
|
|-heal|p1a: Deoxys|96/100|[from] item: Leftovers
|upkeep
|turn|12
|
|t:|1757796507
|move|p2a: Hoopa|Drain Punch|p1a: Deoxys
|-supereffective|p1a: Deoxys
|-damage|p1a: Deoxys|86/100
|-heal|p2a: Hoopa|85/100|[from] drain|[of] p1a: Deoxys
|move|p1a: Deoxys|Flash Cannon|p2a: Hoopa
|-end|p2a: Hoopa|Substitute
|
|-heal|p1a: Deoxys|92/100|[from] item: Leftovers
|upkeep
|turn|13
|
|t:|1757796515
|switch|p2a: Orthworm|Orthworm, M|100/100
|move|p1a: Deoxys|Flash Cannon|p2a: Orthworm
|-resisted|p2a: Orthworm
|-crit|p2a: Orthworm
|-damage|p2a: Orthworm|76/100
|
|-heal|p1a: Deoxys|98/100|[from] item: Leftovers
|upkeep
|turn|14
|
|t:|1757796522
|move|p1a: Deoxys|Stored Power|p2a: Orthworm
|-resisted|p2a: Orthworm
|-damage|p2a: Orthworm|27/100
|move|p2a: Orthworm|Coil|p2a: Orthworm
|-boost|p2a: Orthworm|atk|1
|-boost|p2a: Orthworm|def|1
|-boost|p2a: Orthworm|accuracy|1
|
|-heal|p1a: Deoxys|100/100|[from] item: Leftovers
|upkeep
|turn|15
|
|t:|1757796527
|switch|p2a: Hoopa|Hoopa-Unbound|85/100
|move|p1a: Deoxys|Stored Power|p2a: Hoopa
|-immune|p2a: Hoopa
|
|upkeep
|turn|16
|
|t:|1757796533
|move|p2a: Hoopa|Substitute|p2a: Hoopa
|-start|p2a: Hoopa|Substitute
|-damage|p2a: Hoopa|60/100
|move|p1a: Deoxys|Flash Cannon|p2a: Hoopa
|-activate|p2a: Hoopa|move: Substitute|[damage]
|
|upkeep
|turn|17
|
|t:|1757796537
|move|p2a: Hoopa|Drain Punch|p1a: Deoxys
|-supereffective|p1a: Deoxys
|-damage|p1a: Deoxys|90/100
|-heal|p2a: Hoopa|65/100|[from] drain|[of] p1a: Deoxys
|move|p1a: Deoxys|Cosmic Power|p1a: Deoxys
|-boost|p1a: Deoxys|def|0
|-boost|p1a: Deoxys|spd|0
|
|-heal|p1a: Deoxys|96/100|[from] item: Leftovers
|upkeep
|turn|18
|
|t:|1757796541
|move|p2a: Hoopa|Drain Punch|p1a: Deoxys
|-supereffective|p1a: Deoxys
|-damage|p1a: Deoxys|86/100
|-heal|p2a: Hoopa|69/100|[from] drain|[of] p1a: Deoxys
|move|p1a: Deoxys|Cosmic Power|p1a: Deoxys
|-boost|p1a: Deoxys|def|0
|-boost|p1a: Deoxys|spd|0
|
|-heal|p1a: Deoxys|92/100|[from] item: Leftovers
|upkeep
|turn|19
|
|t:|1757796544
|switch|p2a: Orthworm|Orthworm, M|27/100
|move|p1a: Deoxys|Cosmic Power|p1a: Deoxys
|-boost|p1a: Deoxys|def|0
|-boost|p1a: Deoxys|spd|0
|
|-heal|p1a: Deoxys|98/100|[from] item: Leftovers
|upkeep
|turn|20
|
|t:|1757796547
|switch|p2a: Hoopa|Hoopa-Unbound|69/100
|move|p1a: Deoxys|Flash Cannon|p2a: Hoopa
|-damage|p2a: Hoopa|56/100
|
|-heal|p1a: Deoxys|100/100|[from] item: Leftovers
|upkeep
|turn|21
|
|t:|1757796552
|switch|p2a: Orthworm|Orthworm, M|27/100
|move|p1a: Deoxys|Cosmic Power|p1a: Deoxys
|-boost|p1a: Deoxys|def|0
|-boost|p1a: Deoxys|spd|0
|
|upkeep
|turn|22
|
|t:|1757796555
|move|p1a: Deoxys|Flash Cannon|p2a: Orthworm
|-resisted|p2a: Orthworm
|-damage|p2a: Orthworm|11/100
|move|p2a: Orthworm|Stealth Rock|p1a: Deoxys
|-sidestart|p1: homojeff|move: Stealth Rock
|
|upkeep
|turn|23
|
|t:|1757796558
|move|p1a: Deoxys|Flash Cannon|p2a: Orthworm
|-resisted|p2a: Orthworm
|-damage|p2a: Orthworm|0 fnt
|faint|p2a: Orthworm
|
|upkeep
|
|t:|1757796561
|switch|p2a: Altaria|Altaria, M|100/100
|turn|24
|inactive|Battle timer is ON: inactive players will automatically lose when time's up. (requested by homojeff)
|
|t:|1757796564
|switch|p2a: Hoopa|Hoopa-Unbound|56/100
|move|p1a: Deoxys|Stored Power|p2a: Hoopa
|-immune|p2a: Hoopa
|
|upkeep
|turn|25
|
|t:|1757796569
|move|p2a: Hoopa|Substitute|p2a: Hoopa
|-start|p2a: Hoopa|Substitute
|-damage|p2a: Hoopa|31/100
|move|p1a: Deoxys|Flash Cannon|p2a: Hoopa
|-activate|p2a: Hoopa|move: Substitute|[damage]
|
|upkeep
|turn|26
|
|t:|1757796571
|move|p2a: Hoopa|Drain Punch|p1a: Deoxys
|-supereffective|p1a: Deoxys
|-crit|p1a: Deoxys
|-damage|p1a: Deoxys|42/100
|-heal|p2a: Hoopa|57/100|[from] drain|[of] p1a: Deoxys
|move|p1a: Deoxys|Stored Power|p2a: Hoopa
|-immune|p2a: Hoopa
|
|-heal|p1a: Deoxys|48/100|[from] item: Leftovers
|upkeep
|turn|27
|
|t:|1757796578
|move|p2a: Hoopa|Drain Punch|p1a: Deoxys
|-supereffective|p1a: Deoxys
|-damage|p1a: Deoxys|39/100
|-heal|p2a: Hoopa|61/100|[from] drain|[of] p1a: Deoxys
|move|p1a: Deoxys|Cosmic Power|p1a: Deoxys
|-boost|p1a: Deoxys|def|0
|-boost|p1a: Deoxys|spd|0
|
|-heal|p1a: Deoxys|45/100|[from] item: Leftovers
|upkeep
|turn|28
|
|t:|1757796586
|move|p2a: Hoopa|Psychic|p1a: Deoxys
|-resisted|p1a: Deoxys
|-damage|p1a: Deoxys|41/100
|move|p1a: Deoxys|Cosmic Power|p1a: Deoxys
|-boost|p1a: Deoxys|def|0
|-boost|p1a: Deoxys|spd|0
|
|-heal|p1a: Deoxys|48/100|[from] item: Leftovers
|upkeep
|turn|29
|
|t:|1757796592
|switch|p2a: Houndoom|Houndoom, F|100/100
|move|p1a: Deoxys|Cosmic Power|p1a: Deoxys
|-boost|p1a: Deoxys|def|0
|-boost|p1a: Deoxys|spd|0
|
|-heal|p1a: Deoxys|54/100|[from] item: Leftovers
|upkeep
|turn|30
|
|t:|1757796597
|switch|p2a: Hoopa|Hoopa-Unbound|61/100
|move|p1a: Deoxys|Recover|p1a: Deoxys
|-heal|p1a: Deoxys|100/100
|
|upkeep
|turn|31
|
|t:|1757796602
|switch|p2a: Houndoom|Houndoom, F|100/100
|move|p1a: Deoxys|Flash Cannon|p2a: Houndoom
|-resisted|p2a: Houndoom
|-damage|p2a: Houndoom|87/100
|
|upkeep
|turn|32
|
|t:|1757796610
|move|p2a: Houndoom|Overheat|p1a: Deoxys
|-supereffective|p1a: Deoxys
|-damage|p1a: Deoxys|71/100
|-unboost|p2a: Houndoom|spa|2
|move|p1a: Deoxys|Cosmic Power|p1a: Deoxys
|-boost|p1a: Deoxys|def|0
|-boost|p1a: Deoxys|spd|0
|
|-heal|p1a: Deoxys|77/100|[from] item: Leftovers
|upkeep
|turn|33
|
|t:|1757796616
|switch|p2a: Hoopa|Hoopa-Unbound|61/100
|move|p1a: Deoxys|Cosmic Power|p1a: Deoxys
|-boost|p1a: Deoxys|def|0
|-boost|p1a: Deoxys|spd|0
|
|-heal|p1a: Deoxys|83/100|[from] item: Leftovers
|upkeep
|turn|34
|
|t:|1757796622
|switch|p2a: Houndoom|Houndoom, F|87/100
|move|p1a: Deoxys|Stored Power|p2a: Houndoom
|-immune|p2a: Houndoom
|
|-heal|p1a: Deoxys|90/100|[from] item: Leftovers
|upkeep
|turn|35
|
|t:|1757796629
|switch|p2a: Shaymin|Shaymin|100/100
|move|p1a: Deoxys|Cosmic Power|p1a: Deoxys
|-boost|p1a: Deoxys|def|0
|-boost|p1a: Deoxys|spd|0
|
|-heal|p1a: Deoxys|96/100|[from] item: Leftovers
|upkeep
|turn|36
|
|t:|1757796634
|switch|p2a: Hoopa|Hoopa-Unbound|61/100
|move|p1a: Deoxys|Cosmic Power|p1a: Deoxys
|-boost|p1a: Deoxys|def|0
|-boost|p1a: Deoxys|spd|0
|
|-heal|p1a: Deoxys|100/100|[from] item: Leftovers
|upkeep
|turn|37
|
|t:|1757796643
|switch|p2a: Houndoom|Houndoom, F|87/100
|move|p1a: Deoxys|Stored Power|p2a: Houndoom
|-immune|p2a: Houndoom
|
|upkeep
|turn|38
|
|t:|1757796652
|move|p2a: Houndoom|Sludge Bomb|p1a: Deoxys
|-immune|p1a: Deoxys
|move|p1a: Deoxys|Flash Cannon|p2a: Houndoom
|-resisted|p2a: Houndoom
|-damage|p2a: Houndoom|71/100
|
|upkeep
|turn|39
|
|t:|1757796655
|move|p2a: Houndoom|Sludge Bomb|p1a: Deoxys
|-immune|p1a: Deoxys
|move|p1a: Deoxys|Flash Cannon|p2a: Houndoom
|-resisted|p2a: Houndoom
|-damage|p2a: Houndoom|57/100
|-unboost|p2a: Houndoom|spd|1
|
|upkeep
|turn|40
|
|t:|1757796659
|switch|p2a: Hoopa|Hoopa-Unbound|61/100
|move|p1a: Deoxys|Stored Power|p2a: Hoopa
|-immune|p2a: Hoopa
|
|upkeep
|turn|41
|
|t:|1757796663
|switch|p2a: Shaymin|Shaymin|100/100
|move|p1a: Deoxys|Flash Cannon|p2a: Shaymin
|-damage|p2a: Shaymin|83/100
|
|-heal|p2a: Shaymin|90/100|[from] item: Leftovers
|upkeep
|turn|42
|
|t:|1757796668
|switch|p2a: Houndoom|Houndoom, F|57/100
|move|p1a: Deoxys|Cosmic Power|p1a: Deoxys
|-boost|p1a: Deoxys|def|0
|-boost|p1a: Deoxys|spd|0
|
|upkeep
|turn|43
|
|t:|1757796674
|switch|p2a: Hoopa|Hoopa-Unbound|61/100
|move|p1a: Deoxys|Cosmic Power|p1a: Deoxys
|-boost|p1a: Deoxys|def|0
|-boost|p1a: Deoxys|spd|0
|
|upkeep
|turn|44
|
|t:|1757796681
|switch|p2a: Shaymin|Shaymin|90/100
|move|p1a: Deoxys|Cosmic Power|p1a: Deoxys
|-boost|p1a: Deoxys|def|0
|-boost|p1a: Deoxys|spd|0
|
|-heal|p2a: Shaymin|96/100|[from] item: Leftovers
|upkeep
|turn|45
|
|t:|1757796687
|switch|p2a: Houndoom|Houndoom, F|57/100
|move|p1a: Deoxys|Cosmic Power|p1a: Deoxys
|-boost|p1a: Deoxys|def|0
|-boost|p1a: Deoxys|spd|0
|
|upkeep
|turn|46
|
|t:|1757796713
|switch|p2a: Hoopa|Hoopa-Unbound|61/100
|move|p1a: Deoxys|Stored Power|p2a: Hoopa
|-immune|p2a: Hoopa
|
|upkeep
|turn|47
|
|t:|1757796718
|switch|p2a: Altaria|Altaria, M|100/100
|move|p1a: Deoxys|Cosmic Power|p1a: Deoxys
|-boost|p1a: Deoxys|def|0
|-boost|p1a: Deoxys|spd|0
|
|upkeep
|turn|48
|
|t:|1757796731
|switch|p2a: Hoopa|Hoopa-Unbound|61/100
|move|p1a: Deoxys|Flash Cannon|p2a: Hoopa
|-damage|p2a: Hoopa|47/100
|
|upkeep
|turn|49
|
|t:|1757796737
|switch|p2a: Altaria|Altaria, M|100/100
|move|p1a: Deoxys|Stored Power|p2a: Altaria
|-damage|p2a: Altaria|50/100
|
|upkeep
|turn|50
|
|t:|1757796743
|move|p1a: Deoxys|Flash Cannon|p2a: Altaria
|-damage|p2a: Altaria|33/100
|move|p2a: Altaria|Rest|p2a: Altaria
|-status|p2a: Altaria|slp|[from] move: Rest
|-heal|p2a: Altaria|100/100 slp|[silent]
|
|upkeep
|turn|51
|
|t:|1757796750
|-curestatus|p2a: Altaria|slp|[from] ability: Natural Cure
|switch|p2a: Houndoom|Houndoom, F|57/100
|move|p1a: Deoxys|Stored Power|p2a: Houndoom
|-immune|p2a: Houndoom
|
|upkeep
|turn|52
|
|t:|1757796757
|move|p2a: Houndoom|Dark Pulse|p1a: Deoxys
|-damage|p1a: Deoxys|91/100
|move|p1a: Deoxys|Flash Cannon|p2a: Houndoom
|-resisted|p2a: Houndoom
|-damage|p2a: Houndoom|41/100
|
|-heal|p1a: Deoxys|98/100|[from] item: Leftovers
|upkeep
|turn|53
|
|t:|1757796779
|switch|p2a: Altaria|Altaria, M|100/100
|move|p1a: Deoxys|Flash Cannon|p2a: Altaria
|-damage|p2a: Altaria|83/100
|
|-heal|p1a: Deoxys|100/100|[from] item: Leftovers
|upkeep
|turn|54
|
|t:|1757796785
|move|p1a: Deoxys|Stored Power|p2a: Altaria
|-damage|p2a: Altaria|27/100
|move|p2a: Altaria|Rest|p2a: Altaria
|-status|p2a: Altaria|slp|[from] move: Rest
|-heal|p2a: Altaria|100/100 slp|[silent]
|
|upkeep
|turn|55
|inactive|homojeff has 120 seconds left.
|
|t:|1757796822
|-curestatus|p2a: Altaria|slp|[from] ability: Natural Cure
|switch|p2a: Hoopa|Hoopa-Unbound|47/100
|move|p1a: Deoxys|Cosmic Power|p1a: Deoxys
|-boost|p1a: Deoxys|def|0
|-boost|p1a: Deoxys|spd|0
|
|upkeep
|turn|56
|
|t:|1757796829
|move|p2a: Hoopa|Substitute|p2a: Hoopa
|-start|p2a: Hoopa|Substitute
|-damage|p2a: Hoopa|22/100
|move|p1a: Deoxys|Cosmic Power|p1a: Deoxys
|-boost|p1a: Deoxys|def|0
|-boost|p1a: Deoxys|spd|0
|
|upkeep
|turn|57
|
|t:|1757796832
|move|p2a: Hoopa|Substitute|p2a: Hoopa
|-fail|p2a: Hoopa|move: Substitute
|move|p1a: Deoxys|Cosmic Power|p1a: Deoxys
|-boost|p1a: Deoxys|def|0
|-boost|p1a: Deoxys|spd|0
|
|upkeep
|turn|58
|
|t:|1757796835
|move|p2a: Hoopa|Substitute|p2a: Hoopa
|-fail|p2a: Hoopa|move: Substitute
|move|p1a: Deoxys|Cosmic Power|p1a: Deoxys
|-boost|p1a: Deoxys|def|0
|-boost|p1a: Deoxys|spd|0
|
|upkeep
|turn|59
|
|t:|1757796841
|move|p2a: Hoopa|Substitute|p2a: Hoopa
|-fail|p2a: Hoopa|move: Substitute
|move|p1a: Deoxys|Cosmic Power|p1a: Deoxys
|-boost|p1a: Deoxys|def|0
|-boost|p1a: Deoxys|spd|0
|
|upkeep
|turn|60
|
|t:|1757796846
|move|p2a: Hoopa|Substitute|p2a: Hoopa
|-fail|p2a: Hoopa|move: Substitute
|move|p1a: Deoxys|Cosmic Power|p1a: Deoxys
|-boost|p1a: Deoxys|def|0
|-boost|p1a: Deoxys|spd|0
|
|upkeep
|turn|61
|
|t:|1757796849
|move|p2a: Hoopa|Substitute|p2a: Hoopa
|-fail|p2a: Hoopa|move: Substitute
|move|p1a: Deoxys|Cosmic Power|p1a: Deoxys
|-boost|p1a: Deoxys|def|0
|-boost|p1a: Deoxys|spd|0
|
|upkeep
|turn|62
|
|t:|1757796852
|move|p2a: Hoopa|Substitute|p2a: Hoopa
|-fail|p2a: Hoopa|move: Substitute
|move|p1a: Deoxys|Cosmic Power|p1a: Deoxys
|-boost|p1a: Deoxys|def|0
|-boost|p1a: Deoxys|spd|0
|
|upkeep
|turn|63
|
|t:|1757796858
|move|p2a: Hoopa|Psychic|p1a: Deoxys
|-resisted|p1a: Deoxys
|-damage|p1a: Deoxys|97/100
|move|p1a: Deoxys|Stored Power|p2a: Hoopa
|-immune|p2a: Hoopa
|
|-heal|p1a: Deoxys|100/100|[from] item: Leftovers
|upkeep
|turn|64
|
|t:|1757796861
|move|p2a: Hoopa|Drain Punch|p1a: Deoxys
|-supereffective|p1a: Deoxys
|-damage|p1a: Deoxys|90/100
|-heal|p2a: Hoopa|27/100|[from] drain|[of] p1a: Deoxys
|move|p1a: Deoxys|Recover|p1a: Deoxys
|-heal|p1a: Deoxys|100/100
|
|upkeep
|turn|65
|
|t:|1757796864
|move|p2a: Hoopa|Hyperspace Fury|p1a: Deoxys
|-damage|p1a: Deoxys|91/100
|-unboost|p2a: Hoopa|def|1
|move|p1a: Deoxys|Recover|p1a: Deoxys
|-heal|p1a: Deoxys|100/100
|
|upkeep
|turn|66
|
|t:|1757796869
|move|p2a: Hoopa|Psychic|p1a: Deoxys
|-resisted|p1a: Deoxys
|-damage|p1a: Deoxys|97/100
|move|p1a: Deoxys|Recover|p1a: Deoxys
|-heal|p1a: Deoxys|100/100
|
|upkeep
|turn|67
|
|t:|1757796874
|switch|p2a: Houndoom|Houndoom, F|41/100
|move|p1a: Deoxys|Recover||[still]
|-fail|p1a: Deoxys|heal
|
|upkeep
|turn|68
|
|t:|1757796876
|switch|p2a: Hoopa|Hoopa-Unbound|27/100
|move|p1a: Deoxys|Recover||[still]
|-fail|p1a: Deoxys|heal
|
|upkeep
|turn|69
|
|t:|1757796879
|switch|p2a: Houndoom|Houndoom, F|41/100
|move|p1a: Deoxys|Stored Power|p2a: Houndoom
|-immune|p2a: Houndoom
|
|upkeep
|turn|70
|
|t:|1757796883
|switch|p2a: Hoopa|Hoopa-Unbound|27/100
|move|p1a: Deoxys|Stored Power|p2a: Hoopa
|-immune|p2a: Hoopa
|
|upkeep
|turn|71
|
|t:|1757796886
|switch|p2a: Houndoom|Houndoom, F|41/100
|move|p1a: Deoxys|Stored Power|p2a: Houndoom
|-immune|p2a: Houndoom
|
|upkeep
|turn|72
|
|t:|1757796891
|switch|p2a: Altaria|Altaria, M|100/100
|move|p1a: Deoxys|Stored Power|p2a: Altaria
|-crit|p2a: Altaria
|-damage|p2a: Altaria|23/100
|
|upkeep
|turn|73
|
|t:|1757796894
|-activate|p1a: Deoxys|move: Struggle
|move|p1a: Deoxys|Struggle|p2a: Altaria
|-damage|p2a: Altaria|16/100
|-damage|p1a: Deoxys|75/100|[from] recoil
|move|p2a: Altaria|Rest|p2a: Altaria
|-status|p2a: Altaria|slp|[from] move: Rest
|-heal|p2a: Altaria|100/100 slp|[silent]
|
|-heal|p1a: Deoxys|82/100|[from] item: Leftovers
|upkeep
|turn|74
|
|t:|1757796900
|switch|p1a: Gliscor|Gliscor, M|100/100
|-damage|p1a: Gliscor|88/100|[from] Stealth Rock
|cant|p2a: Altaria|slp
|
|-status|p1a: Gliscor|tox|[from] item: Toxic Orb
|upkeep
|turn|75
|
|t:|1757796903
|move|p1a: Gliscor|Knock Off|p2a: Altaria
|-damage|p2a: Altaria|81/100 slp
|-enditem|p2a: Altaria|Heavy-Duty Boots|[from] move: Knock Off|[of] p1a: Gliscor
|cant|p2a: Altaria|slp
|
|-heal|p1a: Gliscor|100/100 tox|[from] ability: Poison Heal
|upkeep
|turn|76
|
|t:|1757796907
|move|p1a: Gliscor|Toxic||[still]
|-fail|p1a: Gliscor
|-curestatus|p2a: Altaria|slp|[msg]
|move|p2a: Altaria|Ice Beam|p1a: Gliscor
|-supereffective|p1a: Gliscor
|-damage|p1a: Gliscor|48/100 tox
|
|-heal|p1a: Gliscor|61/100 tox|[from] ability: Poison Heal
|upkeep
|turn|77
|
|t:|1757796909
|move|p1a: Gliscor|Toxic|p2a: Altaria
|-status|p2a: Altaria|tox
|move|p2a: Altaria|Ice Beam|p1a: Gliscor
|-supereffective|p1a: Gliscor
|-damage|p1a: Gliscor|2/100 tox
|
|-heal|p1a: Gliscor|14/100 tox|[from] ability: Poison Heal
|-damage|p2a: Altaria|75/100 tox|[from] psn
|upkeep
|turn|78
|
|t:|1757796914
|-curestatus|p2a: Altaria|tox|[from] ability: Natural Cure
|switch|p2a: Shaymin|Shaymin|96/100
|move|p1a: Gliscor|Protect||[still]
|-fail|p1a: Gliscor
|
|-heal|p2a: Shaymin|100/100|[from] item: Leftovers
|-heal|p1a: Gliscor|27/100 tox|[from] ability: Poison Heal
|upkeep
|turn|79
|
|t:|1757796919
|switch|p1a: Deoxys|Deoxys-Defense, tera:Steel|82/100
|-damage|p1a: Deoxys|75/100|[from] Stealth Rock
|-ability|p1a: Deoxys|Pressure
|move|p2a: Shaymin|Seed Flare|p1a: Deoxys
|-resisted|p1a: Deoxys
|-damage|p1a: Deoxys|61/100
|-unboost|p1a: Deoxys|spd|2
|
|-heal|p1a: Deoxys|68/100|[from] item: Leftovers
|upkeep
|turn|80
|
|t:|1757796923
|move|p2a: Shaymin|Earth Power|p1a: Deoxys
|-supereffective|p1a: Deoxys
|-damage|p1a: Deoxys|7/100
|-unboost|p1a: Deoxys|spd|1
|-activate|p1a: Deoxys|move: Struggle
|move|p1a: Deoxys|Struggle|p2a: Shaymin
|-damage|p2a: Shaymin|94/100
|-damage|p1a: Deoxys|0 fnt|[from] recoil
|faint|p1a: Deoxys
|
|-heal|p2a: Shaymin|99/100|[from] item: Leftovers
|upkeep
|
|t:|1757796933
|switch|p1a: Arboliva|Arboliva, F|100/100
|-damage|p1a: Arboliva|88/100|[from] Stealth Rock
|turn|81
|
|t:|1757796938
|switch|p2a: Houndoom|Houndoom, F|41/100
|move|p1a: Arboliva|Strength Sap|p2a: Houndoom
|-unboost|p2a: Houndoom|atk|1
|-heal|p1a: Arboliva|100/100
|
|upkeep
|turn|82
|
|t:|1757796943
|move|p1a: Arboliva|Protect|p1a: Arboliva
|-singleturn|p1a: Arboliva|Protect
|move|p2a: Houndoom|Overheat|p1a: Arboliva
|-activate|p1a: Arboliva|move: Protect
|
|upkeep
|turn|83
|
|t:|1757796948
|switch|p2a: Shaymin|Shaymin|99/100
|switch|p1a: Garganacl|Garganacl, M|100/100
|-damage|p1a: Garganacl|88/100|[from] Stealth Rock
|
|-heal|p2a: Shaymin|100/100|[from] item: Leftovers
|-heal|p1a: Garganacl|94/100|[from] item: Leftovers
|upkeep
|turn|84
|
|t:|1757796955
|switch|p1a: Arboliva|Arboliva, F|100/100
|-damage|p1a: Arboliva|88/100|[from] Stealth Rock
|move|p2a: Shaymin|Earth Power|p1a: Arboliva
|-resisted|p1a: Arboliva
|-damage|p1a: Arboliva|79/100
|-fieldstart|move: Grassy Terrain|[from] ability: Seed Sower|[of] p1a: Arboliva
|
|-heal|p1a: Arboliva|85/100|[from] Grassy Terrain
|upkeep
|turn|85
|
|t:|1757796962
|switch|p2a: Altaria|Altaria, M|75/100
|move|p1a: Arboliva|Strength Sap|p2a: Altaria
|-unboost|p2a: Altaria|atk|1
|-heal|p1a: Arboliva|100/100
|
|upkeep
|turn|86
|
|t:|1757796969
|switch|p2a: Shaymin|Shaymin|100/100
|move|p1a: Arboliva|Protect||[still]
|-fail|p1a: Arboliva
|
|upkeep
|turn|87
|
|t:|1757796977
|switch|p2a: Hoopa|Hoopa-Unbound|27/100
|move|p1a: Arboliva|Leech Seed|p2a: Hoopa
|-start|p2a: Hoopa|move: Leech Seed
|
|-heal|p2a: Hoopa|33/100|[from] Grassy Terrain
|-damage|p2a: Hoopa|20/100|[from] Leech Seed|[of] p1a: Arboliva
|upkeep
|turn|88
|
|t:|1757796983
|switch|p2a: Shaymin|Shaymin|100/100
|move|p1a: Arboliva|Giga Drain|p2a: Shaymin
|-resisted|p2a: Shaymin
|-damage|p2a: Shaymin|83/100
|
|-heal|p2a: Shaymin|89/100|[from] Grassy Terrain
|-heal|p2a: Shaymin|95/100|[from] item: Leftovers
|-fieldend|move: Grassy Terrain
|upkeep
|turn|89
|
|t:|1757796989
|switch|p2a: Altaria|Altaria, M|75/100
|move|p1a: Arboliva|Strength Sap|p2a: Altaria
|-unboost|p2a: Altaria|atk|1
|
|upkeep
|turn|90
|
|t:|1757796994
|switch|p1a: Garganacl|Garganacl, M|94/100
|-damage|p1a: Garganacl|82/100|[from] Stealth Rock
|move|p2a: Altaria|Hurricane|p1a: Garganacl
|-resisted|p1a: Garganacl
|-damage|p1a: Garganacl|73/100
|
|-heal|p1a: Garganacl|79/100|[from] item: Leftovers
|upkeep
|turn|91
|
|t:|1757796999
|move|p2a: Altaria|Hurricane|p1a: Garganacl
|-resisted|p1a: Garganacl
|-damage|p1a: Garganacl|68/100
|-start|p1a: Garganacl|confusion
|-activate|p1a: Garganacl|confusion
|move|p1a: Garganacl|Salt Cure|p2a: Altaria
|-supereffective|p2a: Altaria
|-damage|p2a: Altaria|48/100
|-start|p2a: Altaria|Salt Cure
|
|-heal|p1a: Garganacl|75/100|[from] item: Leftovers
|-damage|p2a: Altaria|36/100|[from] Salt Cure
|upkeep
|turn|92
|
|t:|1757797009
|switch|p2a: Shaymin|Shaymin|95/100
|switch|p1a: Slowbro|Slowbro, M|100/100
|-damage|p1a: Slowbro|88/100|[from] Stealth Rock
|
|-heal|p2a: Shaymin|100/100|[from] item: Leftovers
|-heal|p1a: Slowbro|94/100|[from] item: Leftovers
|upkeep
|turn|93
|
|t:|1757797015
|switch|p2a: Toxicroak|Toxicroak, F|100/100
|switch|p1a: Arboliva|Arboliva, F|100/100
|-damage|p1a: Arboliva|88/100|[from] Stealth Rock
|
|upkeep
|turn|94
|
|t:|1757797023
|move|p2a: Toxicroak|Swords Dance|p2a: Toxicroak
|-boost|p2a: Toxicroak|atk|2
|move|p1a: Arboliva|Leech Seed|p2a: Toxicroak|[miss]
|-miss|p1a: Arboliva|p2a: Toxicroak
|
|upkeep
|turn|95
|
|t:|1757797029
|move|p2a: Toxicroak|Gunk Shot|p1a: Arboliva
|-supereffective|p1a: Arboliva
|-damage|p1a: Arboliva|0 fnt
|-fieldstart|move: Grassy Terrain|[from] ability: Seed Sower|[of] p1a: Arboliva
|faint|p1a: Arboliva
|
|upkeep
|
|t:|1757797032
|switch|p1a: Gliscor|Gliscor, M|27/100 tox
|-damage|p1a: Gliscor|14/100 tox|[from] Stealth Rock
|turn|96
|
|t:|1757797035
|move|p1a: Gliscor|Protect|p1a: Gliscor
|-singleturn|p1a: Gliscor|Protect
|move|p2a: Toxicroak|Close Combat|p1a: Gliscor
|-activate|p1a: Gliscor|move: Protect
|
|-heal|p1a: Gliscor|27/100 tox|[from] ability: Poison Heal
|upkeep
|turn|97
|
|t:|1757797038
|move|p2a: Toxicroak|Close Combat|p1a: Gliscor
|-resisted|p1a: Gliscor
|-damage|p1a: Gliscor|0 fnt
|-unboost|p2a: Toxicroak|def|1
|-unboost|p2a: Toxicroak|spd|1
|faint|p1a: Gliscor
|
|upkeep
|l|☆homojeff
|inactive|homojeff disconnected and has a minute to reconnect!
|player|p1|
|inactive|homojeff has 30 seconds to reconnect!
|inactive|homojeff has 20 seconds to reconnect!
|inactive|homojeff has 15 seconds to reconnect!
|inactive|homojeff has 10 seconds to reconnect!
|inactive|homojeff has 5 seconds to reconnect!
|-message|homojeff lost due to inactivity.
|
|win|dvdegvedgebed
|raw|homojeff's rating: 1285 &rarr; <strong>1259</strong><br />(-26 for losing)
|raw|dvdegvedgebed's rating: 1270 &rarr; <strong>1296</strong><br />(+26 for winning)
