|j|☆kevlmao
|j|☆Timi-alex
|t:|1757828729
|gametype|singles
|player|p1|kevlmao|102|1198
|player|p2|Timi-alex|169|1206
|gen|9
|tier|[Gen 9] OU
|rated|
|rule|HP Percentage Mod: HP is shown in percentages
|rule|Endless Battle Clause: Forcing endless battles is banned
|rule|Species Clause: Limit one of each Pokémon
|rule|OHKO Clause: OHKO moves are banned
|rule|Evasion Items Clause: Evasion items are banned
|rule|Evasion Moves Clause: Evasion moves are banned
|rule|Evasion Abilities Clause: Evasion abilities are banned
|rule|Sleep Moves Clause: Sleep-inducing moves are banned
|clearpoke
|poke|p1|Gliscor, M|
|poke|p1|Gholdengo|
|poke|p1|Arcanine-Hisui, M|
|poke|p1|Weavile, M|
|poke|p1|Quaquaval, M|
|poke|p1|Bisharp, M|
|poke|p2|Tinkaton, F|
|poke|p2|Jolteon, M|
|poke|p2|Lokix, F|
|poke|p2|Alomomola, F|
|poke|p2|Dragalge, M|
|poke|p2|Conkeldurr, F|
|teampreview
|inactive|Battle timer is ON: inactive players will automatically lose when time's up. (requested by kevlmao)
|inactive|Timi-alex also wants the timer to be on.
|inactive|Timi-alex has 120 seconds left.
|
|t:|1757828765
|teamsize|p1|6
|teamsize|p2|6
|start
|switch|p1a: Arcanine|Arcanine-Hisui, M|100/100
|switch|p2a: Conkeldurr|Conkeldurr, F|100/100
|turn|1
|
|t:|1757828776
|move|p1a: Arcanine|Stealth Rock|p2a: Conkeldurr
|-sidestart|p2: Timi-alex|move: Stealth Rock
|move|p2a: Conkeldurr|Bulk Up|p2a: Conkeldurr
|-boost|p2a: Conkeldurr|atk|1
|-boost|p2a: Conkeldurr|def|1
|
|-status|p2a: Conkeldurr|brn|[from] item: Flame Orb
|upkeep
|turn|2
|
|t:|1757828785
|switch|p1a: Gholdengo|Gholdengo|100/100
|move|p2a: Conkeldurr|Drain Punch|p1a: Gholdengo
|-immune|p1a: Gholdengo
|
|-damage|p2a: Conkeldurr|94/100 brn|[from] brn
|upkeep
|turn|3
|
|t:|1757828794
|move|p1a: Gholdengo|Trick|p2a: Conkeldurr
|-activate|p1a: Gholdengo|move: Trick|[of] p2a: Conkeldurr
|-item|p2a: Conkeldurr|Choice Scarf|[from] move: Trick
|-item|p1a: Gholdengo|Flame Orb|[from] move: Trick
|move|p2a: Conkeldurr|Knock Off|p1a: Gholdengo
|-supereffective|p1a: Gholdengo
|-damage|p1a: Gholdengo|0 fnt
|-enditem|p1a: Gholdengo|Flame Orb|[from] move: Knock Off|[of] p2a: Conkeldurr
|faint|p1a: Gholdengo
|
|-damage|p2a: Conkeldurr|88/100 brn|[from] brn
|upkeep
|
|t:|1757828802
|switch|p1a: Arcanine|Arcanine-Hisui, M|100/100
|turn|4
|
|t:|1757828811
|move|p1a: Arcanine|Head Smash|p2a: Conkeldurr
|-resisted|p2a: Conkeldurr
|-damage|p2a: Conkeldurr|68/100 brn
|move|p2a: Conkeldurr|Knock Off|p1a: Arcanine
|-enditem|p1a: Arcanine|Focus Sash
|-damage|p1a: Arcanine|1/100
|
|-damage|p2a: Conkeldurr|62/100 brn|[from] brn
|upkeep
|turn|5
|
|t:|1757828822
|move|p1a: Arcanine|Head Smash|p2a: Conkeldurr
|-resisted|p2a: Conkeldurr
|-damage|p2a: Conkeldurr|44/100 brn
|move|p2a: Conkeldurr|Knock Off|p1a: Arcanine
|-damage|p1a: Arcanine|0 fnt
|faint|p1a: Arcanine
|
|-damage|p2a: Conkeldurr|37/100 brn|[from] brn
|upkeep
|
|t:|1757828826
|switch|p1a: Gliscor|Gliscor, M|100/100
|turn|6
|
|t:|1757828834
|move|p1a: Gliscor|Protect|p1a: Gliscor
|-singleturn|p1a: Gliscor|Protect
|move|p2a: Conkeldurr|Knock Off|p1a: Gliscor
|-activate|p1a: Gliscor|move: Protect
|
|-damage|p2a: Conkeldurr|31/100 brn|[from] brn
|-status|p1a: Gliscor|tox|[from] item: Toxic Orb
|upkeep
|turn|7
|
|t:|1757828843
|move|p1a: Gliscor|U-turn|p2a: Conkeldurr
|-resisted|p2a: Conkeldurr
|-damage|p2a: Conkeldurr|27/100 brn
|
|t:|1757828845
|switch|p1a: Bisharp|Bisharp, M|100/100|[from] U-turn
|move|p2a: Conkeldurr|Knock Off|p1a: Bisharp
|-resisted|p1a: Bisharp
|-damage|p1a: Bisharp|65/100
|-enditem|p1a: Bisharp|Eviolite|[from] move: Knock Off|[of] p2a: Conkeldurr
|
|-damage|p2a: Conkeldurr|20/100 brn|[from] brn
|upkeep
|turn|8
|
|t:|1757828856
|move|p1a: Bisharp|Substitute|p1a: Bisharp
|-start|p1a: Bisharp|Substitute
|-damage|p1a: Bisharp|40/100
|move|p2a: Conkeldurr|Knock Off|p1a: Bisharp
|-resisted|p1a: Bisharp
|-end|p1a: Bisharp|Substitute
|
|-damage|p2a: Conkeldurr|14/100 brn|[from] brn
|upkeep
|turn|9
|
|t:|1757828864
|move|p1a: Bisharp|Substitute|p1a: Bisharp
|-start|p1a: Bisharp|Substitute
|-damage|p1a: Bisharp|15/100
|move|p2a: Conkeldurr|Knock Off|p1a: Bisharp
|-resisted|p1a: Bisharp
|-end|p1a: Bisharp|Substitute
|
|-damage|p2a: Conkeldurr|8/100 brn|[from] brn
|upkeep
|turn|10
|
|t:|1757828873
|move|p1a: Bisharp|Iron Head|p2a: Conkeldurr
|-damage|p2a: Conkeldurr|0 fnt
|faint|p2a: Conkeldurr
|
|upkeep
|
|t:|1757828883
|switch|p2a: Jolteon|Jolteon, M|100/100
|-damage|p2a: Jolteon|88/100|[from] Stealth Rock
|turn|11
|
|t:|1757828888
|move|p1a: Bisharp|Sucker Punch|p2a: Jolteon
|-damage|p2a: Jolteon|19/100
|move|p2a: Jolteon|Alluring Voice|p1a: Bisharp
|-damage|p1a: Bisharp|0 fnt
|faint|p1a: Bisharp
|
|upkeep
|
|t:|1757828894
|switch|p1a: Gliscor|Gliscor, M|100/100 tox
|turn|12
|
|t:|1757828898
|move|p2a: Jolteon|Alluring Voice|p1a: Gliscor
|-damage|p1a: Gliscor|45/100 tox
|move|p1a: Gliscor|Spikes|p2a: Jolteon
|-sidestart|p2: Timi-alex|Spikes
|
|-heal|p1a: Gliscor|57/100 tox|[from] ability: Poison Heal
|upkeep
|turn|13
|
|t:|1757828908
|switch|p2a: Lokix|Lokix, F|100/100
|-damage|p2a: Lokix|76/100|[from] Stealth Rock
|-damage|p2a: Lokix|63/100|[from] Spikes
|move|p1a: Gliscor|Protect||[still]
|-fail|p1a: Gliscor
|
|-heal|p1a: Gliscor|70/100 tox|[from] ability: Poison Heal
|upkeep
|turn|14
|
|t:|1757828921
|-terastallize|p2a: Lokix|Bug
|move|p1a: Gliscor|Protect|p1a: Gliscor
|-singleturn|p1a: Gliscor|Protect
|move|p2a: Lokix|Leech Life|p1a: Gliscor
|-activate|p1a: Gliscor|move: Protect
|
|-heal|p1a: Gliscor|82/100 tox|[from] ability: Poison Heal
|upkeep
|turn|15
|
|t:|1757828932
|move|p2a: Lokix|Leech Life|p1a: Gliscor
|-resisted|p1a: Gliscor
|-damage|p1a: Gliscor|23/100 tox
|-heal|p2a: Lokix|99/100|[from] drain|[of] p1a: Gliscor
|move|p1a: Gliscor|Spikes|p2a: Lokix
|-sidestart|p2: Timi-alex|Spikes
|
|-heal|p1a: Gliscor|35/100 tox|[from] ability: Poison Heal
|upkeep
|turn|16
|
|t:|1757828945
|switch|p2a: Dragalge|Dragalge, M|100/100
|-damage|p2a: Dragalge|88/100|[from] Stealth Rock
|-damage|p2a: Dragalge|72/100|[from] Spikes
|move|p1a: Gliscor|Protect||[still]
|-fail|p1a: Gliscor
|
|-heal|p1a: Gliscor|47/100 tox|[from] ability: Poison Heal
|upkeep
|turn|17
|
|t:|1757828954
|move|p1a: Gliscor|Protect|p1a: Gliscor
|-singleturn|p1a: Gliscor|Protect
|move|p2a: Dragalge|Sludge Wave|p1a: Gliscor
|-activate|p1a: Gliscor|move: Protect
|
|-heal|p1a: Gliscor|60/100 tox|[from] ability: Poison Heal
|upkeep
|turn|18
|
|t:|1757828963
|move|p1a: Gliscor|Spikes|p2a: Dragalge
|-sidestart|p2: Timi-alex|Spikes
|move|p2a: Dragalge|Sludge Wave|p1a: Gliscor
|-resisted|p1a: Gliscor
|-damage|p1a: Gliscor|24/100 tox
|
|-heal|p1a: Gliscor|36/100 tox|[from] ability: Poison Heal
|upkeep
|turn|19
|
|t:|1757828972
|move|p1a: Gliscor|Protect|p1a: Gliscor
|-singleturn|p1a: Gliscor|Protect
|move|p2a: Dragalge|Draco Meteor|p1a: Gliscor
|-activate|p1a: Gliscor|move: Protect
|
|-heal|p1a: Gliscor|48/100 tox|[from] ability: Poison Heal
|upkeep
|turn|20
|
|t:|1757828981
|move|p1a: Gliscor|Earthquake|p2a: Dragalge
|-supereffective|p2a: Dragalge
|-damage|p2a: Dragalge|0 fnt
|faint|p2a: Dragalge
|
|-heal|p1a: Gliscor|60/100 tox|[from] ability: Poison Heal
|upkeep
|
|t:|1757828989
|switch|p2a: Tinkaton|Tinkaton, F|100/100
|-damage|p2a: Tinkaton|94/100|[from] Stealth Rock
|-item|p2a: Tinkaton|Air Balloon
|turn|21
|
|t:|1757828999
|move|p1a: Gliscor|U-turn|p2a: Tinkaton
|-resisted|p2a: Tinkaton
|-damage|p2a: Tinkaton|90/100
|-enditem|p2a: Tinkaton|Air Balloon
|-enditem|p1a: Gliscor|Toxic Orb|[silent]|[from] ability: Pickpocket|[of] p1a: Gliscor
|-item|p2a: Tinkaton|Toxic Orb|[from] ability: Pickpocket|[of] p1a: Gliscor
|
|t:|1757829003
|switch|p1a: Weavile|Weavile, M|100/100|[from] U-turn
|-ability|p1a: Weavile|Pressure
|move|p2a: Tinkaton|Encore||[still]
|-fail|p2a: Tinkaton
|
|upkeep
|turn|22
|
|t:|1757829012
|switch|p1a: Gliscor|Gliscor, M|60/100 tox
|move|p2a: Tinkaton|Gigaton Hammer|p1a: Gliscor
|-damage|p1a: Gliscor|23/100 tox
|
|-heal|p1a: Gliscor|36/100 tox|[from] ability: Poison Heal
|upkeep
|turn|23
|
|t:|1757829023
|switch|p2a: Lokix|Lokix, F, tera:Bug|99/100
|-damage|p2a: Lokix|74/100|[from] Stealth Rock
|-damage|p2a: Lokix|50/100|[from] Spikes
|move|p1a: Gliscor|Earthquake|p2a: Lokix
|-resisted|p2a: Lokix
|-damage|p2a: Lokix|21/100
|
|-heal|p1a: Gliscor|48/100 tox|[from] ability: Poison Heal
|upkeep
|turn|24
|
|t:|1757829034
|move|p1a: Gliscor|Protect|p1a: Gliscor
|-singleturn|p1a: Gliscor|Protect
|move|p2a: Lokix|Leech Life|p1a: Gliscor
|-activate|p1a: Gliscor|move: Protect
|
|-heal|p1a: Gliscor|60/100 tox|[from] ability: Poison Heal
|upkeep
|turn|25
|
|t:|1757829048
|move|p2a: Lokix|Leech Life|p1a: Gliscor
|-resisted|p1a: Gliscor
|-damage|p1a: Gliscor|3/100 tox
|-heal|p2a: Lokix|55/100|[from] drain|[of] p1a: Gliscor
|move|p1a: Gliscor|U-turn|p2a: Lokix
|-damage|p2a: Lokix|29/100
|
|t:|1757829055
|switch|p1a: Quaquaval|Quaquaval, M|100/100|[from] U-turn
|
|upkeep
|turn|26
|c|☆Timi-alex|Lol rare that ive seen a player as bad as you
|
|t:|1757829061
|move|p2a: Lokix|Leech Life|p1a: Quaquaval
|-resisted|p1a: Quaquaval
|-damage|p1a: Quaquaval|3/100
|-heal|p2a: Lokix|82/100|[from] drain|[of] p1a: Quaquaval
|move|p1a: Quaquaval|Aqua Step|p2a: Lokix
|-damage|p2a: Lokix|27/100
|-boost|p1a: Quaquaval|spe|1
|
|-heal|p1a: Quaquaval|9/100|[from] item: Leftovers
|upkeep
|turn|27
|
|t:|1757829072
|switch|p1a: Gliscor|Gliscor, M|3/100 tox
|move|p2a: Lokix|Leech Life|p1a: Gliscor
|-resisted|p1a: Gliscor
|-damage|p1a: Gliscor|0 fnt
|-heal|p2a: Lokix|29/100|[from] drain|[of] p1a: Gliscor
|faint|p1a: Gliscor
|
|upkeep
|
|t:|1757829077
|switch|p1a: Weavile|Weavile, M|100/100
|-ability|p1a: Weavile|Pressure
|turn|28
|
|t:|1757829091
|switch|p2a: Tinkaton|Tinkaton, F|90/100
|-damage|p2a: Tinkaton|84/100|[from] Stealth Rock
|-damage|p2a: Tinkaton|59/100|[from] Spikes
|move|p1a: Weavile|Ice Shard|p2a: Tinkaton
|-resisted|p2a: Tinkaton
|-damage|p2a: Tinkaton|50/100
|
|upkeep
|turn|29
|
|t:|1757829105
|switch|p1a: Quaquaval|Quaquaval, M|9/100
|move|p2a: Tinkaton|Knock Off|p1a: Quaquaval
|-resisted|p1a: Quaquaval
|-crit|p1a: Quaquaval
|-damage|p1a: Quaquaval|0 fnt
|-enditem|p1a: Quaquaval|Leftovers|[from] move: Knock Off|[of] p2a: Tinkaton
|faint|p1a: Quaquaval
|
|upkeep
|
|t:|1757829110
|switch|p1a: Weavile|Weavile, M|100/100
|-ability|p1a: Weavile|Pressure
|turn|30
|
|t:|1757829118
|-terastallize|p1a: Weavile|Ghost
|move|p1a: Weavile|Triple Axel|p2a: Tinkaton
|-resisted|p2a: Tinkaton
|-damage|p2a: Tinkaton|46/100
|-resisted|p2a: Tinkaton
|-damage|p2a: Tinkaton|37/100
|-hitcount|p2a: Tinkaton|2
|move|p2a: Tinkaton|Gigaton Hammer|p1a: Weavile
|-damage|p1a: Weavile|24/100
|
|upkeep
|turn|31
|
|t:|1757829129
|move|p1a: Weavile|Triple Axel|p2a: Tinkaton|[miss]
|-miss|p1a: Weavile|p2a: Tinkaton
|move|p2a: Tinkaton|Knock Off|p1a: Weavile
|-supereffective|p1a: Weavile
|-damage|p1a: Weavile|0 fnt
|-enditem|p1a: Weavile|Black Glasses|[from] move: Knock Off|[of] p2a: Tinkaton
|faint|p1a: Weavile
|
|win|Timi-alex
|raw|kevlmao's rating: 1198 &rarr; <strong>1174</strong><br />(-24 for losing)
|raw|Timi-alex's rating: 1206 &rarr; <strong>1230</strong><br />(+24 for winning)
|l|☆kevlmao
|player|p1|
|l|☆Timi-alex
|player|p2|
