|j|☆cocoabassboy
|j|☆kirasai
|t:|1757896779
|gametype|singles
|player|p1|cocoabassboy|emmet|1131
|player|p2|kirasai|jasmine|1110
|gen|9
|tier|[Gen 9] OU
|rated|
|rule|HP Percentage Mod: HP is shown in percentages
|rule|Endless Battle Clause: Forcing endless battles is banned
|rule|Species Clause: Limit one of each Pokémon
|rule|OHKO Clause: OHKO moves are banned
|rule|Evasion Items Clause: Evasion items are banned
|rule|Evasion Moves Clause: Evasion moves are banned
|rule|Evasion Abilities Clause: Evasion abilities are banned
|rule|Sleep Moves Clause: Sleep-inducing moves are banned
|clearpoke
|poke|p1|Ninetales, M|
|poke|p1|Walking Wake|
|poke|p1|Lilligant-Hisui, F|
|poke|p1|Volcanion|
|poke|p1|Arcanine-Hisui, M|
|poke|p1|Ceruledge, F|
|poke|p2|Lokix, M|
|poke|p2|Hatterene, F|
|poke|p2|Drifblim, M|
|poke|p2|Indeedee-F, F|
|poke|p2|Iron Treads|
|poke|p2|Raging Bolt|
|teampreview
|inactive|Battle timer is ON: inactive players will automatically lose when time's up. (requested by cocoabassboy)
|
|t:|1757896794
|teamsize|p1|6
|teamsize|p2|6
|start
|switch|p1a: Kurama|Ninetales, M, shiny|100/100
|switch|p2a: Raging Bolt|Raging Bolt|100/100
|-weather|SunnyDay|[from] ability: Drought|[of] p1a: Kurama
|-activate|p2a: Raging Bolt|ability: Protosynthesis
|-start|p2a: Raging Bolt|protosynthesisspa
|turn|1
|
|t:|1757896801
|move|p1a: Kurama|Encore||[still]
|-fail|p1a: Kurama
|move|p2a: Raging Bolt|Ancient Power|p1a: Kurama
|-supereffective|p1a: Kurama
|-damage|p1a: Kurama|29/100
|
|-weather|SunnyDay|[upkeep]
|upkeep
|turn|2
|
|t:|1757896806
|move|p1a: Kurama|Scorching Sands|p2a: Raging Bolt
|-supereffective|p2a: Raging Bolt
|-damage|p2a: Raging Bolt|71/100
|move|p2a: Raging Bolt|Ancient Power|p1a: Kurama
|-supereffective|p1a: Kurama
|-damage|p1a: Kurama|0 fnt
|faint|p1a: Kurama
|
|-weather|SunnyDay|[upkeep]
|upkeep
|
|t:|1757896815
|switch|p1a: Chun-Li|Lilligant-Hisui, F, shiny|100/100
|turn|3
|
|t:|1757896819
|move|p1a: Chun-Li|Victory Dance|p1a: Chun-Li
|-boost|p1a: Chun-Li|atk|1
|-boost|p1a: Chun-Li|def|1
|-boost|p1a: Chun-Li|spe|1
|move|p2a: Raging Bolt|Dragon Pulse|p1a: Chun-Li
|-damage|p1a: Chun-Li|8/100
|
|-weather|SunnyDay|[upkeep]
|upkeep
|turn|4
|
|t:|1757896826
|move|p2a: Raging Bolt|Thunderclap|p1a: Chun-Li
|-resisted|p1a: Chun-Li
|-damage|p1a: Chun-Li|0 fnt
|faint|p1a: Chun-Li
|
|-weather|SunnyDay|[upkeep]
|upkeep
|
|t:|1757896829
|switch|p1a: Erza|Ceruledge, F, shiny|100/100
|turn|5
|
|t:|1757896834
|move|p1a: Erza|Swords Dance|p1a: Erza
|-boost|p1a: Erza|atk|2
|move|p2a: Raging Bolt|Ancient Power|p1a: Erza
|-supereffective|p1a: Erza
|-damage|p1a: Erza|29/100
|
|-weather|SunnyDay|[upkeep]
|upkeep
|turn|6
|
|t:|1757896839
|-end|p2a: Raging Bolt|Protosynthesis|[silent]
|switch|p2a: Indeedee|Indeedee-F, F|100/100
|-fieldstart|move: Psychic Terrain|[from] ability: Psychic Surge|[of] p2a: Indeedee
|move|p1a: Erza|Swords Dance|p1a: Erza
|-boost|p1a: Erza|atk|2
|
|-weather|SunnyDay|[upkeep]
|upkeep
|turn|7
|
|t:|1757896851
|move|p2a: Indeedee|Trick|p1a: Erza
|-activate|p2a: Indeedee|move: Trick|[of] p1a: Erza
|-item|p1a: Erza|Choice Scarf|[from] move: Trick
|-item|p2a: Indeedee|Focus Sash|[from] move: Trick
|move|p1a: Erza|Bitter Blade|p2a: Indeedee
|-crit|p2a: Indeedee
|-enditem|p2a: Indeedee|Focus Sash
|-damage|p2a: Indeedee|1/100
|-heal|p1a: Erza|77/100|[from] drain|[of] p2a: Indeedee
|
|-weather|SunnyDay|[upkeep]
|upkeep
|turn|8
|
|t:|1757896865
|move|p1a: Erza|Bitter Blade|p2a: Indeedee
|-damage|p2a: Indeedee|0 fnt
|-heal|p1a: Erza|77/100|[from] drain|[of] p2a: Indeedee
|faint|p2a: Indeedee
|
|-weather|none
|upkeep
|
|t:|1757896870
|switch|p2a: Raging Bolt|Raging Bolt|71/100
|turn|9
|
|t:|1757896874
|-terastallize|p2a: Raging Bolt|Electric
|move|p2a: Raging Bolt|Thunderclap|p1a: Erza
|-activate|p1a: Erza|move: Psychic Terrain
|move|p1a: Erza|Bitter Blade|p2a: Raging Bolt
|-damage|p2a: Raging Bolt|0 fnt
|-heal|p1a: Erza|100/100|[from] drain|[of] p2a: Raging Bolt
|faint|p2a: Raging Bolt
|-end|p2a: Raging Bolt|Protosynthesis|[silent]
|
|upkeep
|
|t:|1757896887
|switch|p2a: Drifblim|Drifblim, M|100/100
|turn|10
|c|☆cocoabassboy|yeah
|
|t:|1757896890
|move|p1a: Erza|Bitter Blade|p2a: Drifblim
|-damage|p2a: Drifblim|0 fnt
|faint|p2a: Drifblim
|
|-fieldend|move: Psychic Terrain
|upkeep
|
|t:|1757896893
|switch|p2a: Lokix|Lokix, M|100/100
|turn|11
|
|t:|1757896896
|move|p2a: Lokix|First Impression|p1a: Erza
|-resisted|p1a: Erza
|-damage|p1a: Erza|52/100
|-ability|p1a: Erza|Weak Armor|boost
|-unboost|p1a: Erza|def|1
|-boost|p1a: Erza|spe|2
|move|p1a: Erza|Bitter Blade|p2a: Lokix
|-supereffective|p2a: Lokix
|-damage|p2a: Lokix|0 fnt
|-heal|p1a: Erza|100/100|[from] drain|[of] p2a: Lokix
|faint|p2a: Lokix
|
|upkeep
|c|☆kirasai|i know
|c|☆kirasai|i played myself
|
|t:|1757896908
|switch|p2a: Iron Treads|Iron Treads|100/100
|turn|12
|
|t:|1757896911
|move|p1a: Erza|Bitter Blade|p2a: Iron Treads
|-supereffective|p2a: Iron Treads
|-damage|p2a: Iron Treads|0 fnt
|faint|p2a: Iron Treads
|-end|p2a: Iron Treads|Quark Drive|[silent]
|
|upkeep
|
|t:|1757896914
|switch|p2a: Hatterene|Hatterene, F|100/100
|turn|13
|
|t:|1757896917
|move|p1a: Erza|Bitter Blade|p2a: Hatterene
|-damage|p2a: Hatterene|0 fnt
|faint|p2a: Hatterene
|
|win|cocoabassboy
|raw|cocoabassboy's rating: 1131 &rarr; <strong>1154</strong><br />(+23 for winning)
|raw|kirasai's rating: 1110 &rarr; <strong>1087</strong><br />(-23 for losing)
|l|☆kirasai
|player|p2|
|c|☆cocoabassboy|gg
