|j|☆unguslybungusly
|j|☆LT124YH Prav33n
|t:|1757810400
|gametype|singles
|player|p1|unguslybungusly|giovanni|1622
|player|p2|LT124YH Prav33n|koga|1832
|gen|9
|tier|[Gen 9] OU
|rated|
|rule|HP Percentage Mod: HP is shown in percentages
|rule|Endless Battle Clause: Forcing endless battles is banned
|rule|Species Clause: Limit one of each Pokémon
|rule|OHKO Clause: OHKO moves are banned
|rule|Evasion Items Clause: Evasion items are banned
|rule|Evasion Moves Clause: Evasion moves are banned
|rule|Evasion Abilities Clause: Evasion abilities are banned
|rule|Sleep Moves Clause: Sleep-inducing moves are banned
|clearpoke
|poke|p1|Zarude|
|poke|p1|Blissey, F|
|poke|p1|Weezing-Galar, F|
|poke|p1|Sinistcha|
|poke|p1|Gliscor, F|
|poke|p1|Dragapult, F|
|poke|p2|Deoxys-Speed|
|poke|p2|Kyurem|
|poke|p2|Gholdengo|
|poke|p2|Great Tusk|
|poke|p2|Primarina, F|
|poke|p2|Dragonite, M|
|teampreview
|inactive|Battle timer is ON: inactive players will automatically lose when time's up. (requested by unguslybungusly)
|
|t:|1757810413
|teamsize|p1|6
|teamsize|p2|6
|start
|switch|p1a: Gliscor|Gliscor, F|100/100
|switch|p2a: Deoxys|Deoxys-Speed|100/100
|-ability|p2a: Deoxys|Pressure
|turn|1
|
|t:|1757810418
|move|p1a: Gliscor|Protect|p1a: Gliscor
|-singleturn|p1a: Gliscor|Protect
|move|p2a: Deoxys|Knock Off|p1a: Gliscor
|-activate|p1a: Gliscor|move: Protect
|
|-status|p1a: Gliscor|tox|[from] item: Toxic Orb
|upkeep
|turn|2
|
|t:|1757810422
|move|p2a: Deoxys|Taunt|p1a: Gliscor
|-start|p1a: Gliscor|move: Taunt
|move|p1a: Gliscor|Knock Off|p2a: Deoxys
|-supereffective|p2a: Deoxys
|-damage|p2a: Deoxys|53/100
|-enditem|p2a: Deoxys|Red Card|[from] move: Knock Off|[of] p1a: Gliscor
|
|upkeep
|turn|3
|
|t:|1757810425
|move|p2a: Deoxys|Spikes|p1a: Gliscor
|-sidestart|p1: unguslybungusly|Spikes
|move|p1a: Gliscor|Knock Off|p2a: Deoxys
|-supereffective|p2a: Deoxys
|-damage|p2a: Deoxys|21/100
|
|upkeep
|turn|4
|
|t:|1757810427
|move|p2a: Deoxys|Psychic Noise|p1a: Gliscor
|-damage|p1a: Gliscor|67/100 tox
|-start|p1a: Gliscor|move: Heal Block
|move|p1a: Gliscor|Earthquake|p2a: Deoxys
|-damage|p2a: Deoxys|0 fnt
|faint|p2a: Deoxys
|
|-end|p1a: Gliscor|move: Taunt
|upkeep
|
|t:|1757810430
|switch|p2a: Primarina|Primarina, F|100/100
|turn|5
|
|t:|1757810435
|move|p1a: Gliscor|Toxic|p2a: Primarina
|-status|p2a: Primarina|tox
|move|p2a: Primarina|Psychic Noise|p1a: Gliscor
|-supereffective|p1a: Gliscor
|-damage|p1a: Gliscor|0 fnt
|faint|p1a: Gliscor
|
|-damage|p2a: Primarina|94/100 tox|[from] psn
|upkeep
|
|t:|1757810446
|switch|p1a: Blissey|Blissey, F|100/100
|turn|6
|
|t:|1757810450
|move|p2a: Primarina|Psychic Noise|p1a: Blissey
|-damage|p1a: Blissey|87/100
|-start|p1a: Blissey|move: Heal Block
|move|p1a: Blissey|Stealth Rock|p2a: Primarina
|-sidestart|p2: LT124YH Prav33n|move: Stealth Rock
|
|-damage|p2a: Primarina|82/100 tox|[from] psn
|upkeep
|turn|7
|
|t:|1757810454
|move|p2a: Primarina|Flip Turn|p1a: Blissey
|-damage|p1a: Blissey|73/100
|
|t:|1757810457
|switch|p2a: Great Tusk|Great Tusk|100/100|[from] Flip Turn
|-damage|p2a: Great Tusk|98/100|[from] Stealth Rock
|move|p1a: Blissey|Seismic Toss|p2a: Great Tusk
|-damage|p2a: Great Tusk|71/100
|-damage|p1a: Blissey|57/100|[from] item: Rocky Helmet|[of] p2a: Great Tusk
|
|-end|p1a: Blissey|move: Heal Block
|upkeep
|turn|8
|
|t:|1757810461
|switch|p1a: Sinistcha|Sinistcha|100/100
|move|p2a: Great Tusk|Stealth Rock|p1a: Sinistcha
|-sidestart|p1: unguslybungusly|move: Stealth Rock
|
|upkeep
|turn|9
|
|t:|1757810466
|move|p2a: Great Tusk|Ice Spinner|p1a: Sinistcha
|-supereffective|p1a: Sinistcha
|-damage|p1a: Sinistcha|65/100
|move|p1a: Sinistcha|Shadow Ball|p2a: Great Tusk
|-damage|p2a: Great Tusk|23/100
|
|upkeep
|turn|10
|
|t:|1757810469
|-end|p2a: Great Tusk|Protosynthesis|[silent]
|switch|p2a: Gholdengo|Gholdengo|100/100
|-damage|p2a: Gholdengo|94/100|[from] Stealth Rock
|move|p1a: Sinistcha|Strength Sap|p2a: Gholdengo
|-immune|p2a: Gholdengo|[from] ability: Good as Gold
|
|upkeep
|turn|11
|
|t:|1757810473
|switch|p1a: Blissey|Blissey, F|57/100
|move|p2a: Gholdengo|Trick|p1a: Blissey
|-activate|p2a: Gholdengo|move: Trick|[of] p1a: Blissey
|-item|p1a: Blissey|Choice Scarf|[from] move: Trick
|-item|p2a: Gholdengo|Heavy-Duty Boots|[from] move: Trick
|
|upkeep
|turn|12
|
|t:|1757810480
|move|p2a: Gholdengo|Focus Blast|p1a: Blissey|[miss]
|-miss|p2a: Gholdengo|p1a: Blissey
|move|p1a: Blissey|Soft-Boiled|p1a: Blissey
|-heal|p1a: Blissey|100/100
|
|upkeep
|turn|13
|
|t:|1757810485
|move|p2a: Gholdengo|Make It Rain|p1a: Blissey
|-damage|p1a: Blissey|82/100
|-unboost|p2a: Gholdengo|spa|1
|move|p1a: Blissey|Soft-Boiled|p1a: Blissey
|-heal|p1a: Blissey|100/100
|
|upkeep
|turn|14
|
|t:|1757810491
|switch|p1a: Zarude|Zarude|100/100
|-damage|p1a: Zarude|88/100|[from] Spikes
|-damage|p1a: Zarude|76/100|[from] Stealth Rock
|move|p2a: Gholdengo|Focus Blast|p1a: Zarude|[miss]
|-miss|p2a: Gholdengo|p1a: Zarude
|
|-heal|p1a: Zarude|82/100|[from] item: Leftovers
|upkeep
|turn|15
|
|t:|1757810505
|switch|p2a: Great Tusk|Great Tusk|23/100
|-damage|p2a: Great Tusk|20/100|[from] Stealth Rock
|move|p1a: Zarude|Knock Off|p2a: Great Tusk
|-resisted|p2a: Great Tusk
|-crit|p2a: Great Tusk
|-damage|p2a: Great Tusk|0 fnt
|-damage|p1a: Zarude|65/100|[from] item: Rocky Helmet|[of] p2a: Great Tusk
|-enditem|p2a: Great Tusk|Rocky Helmet|[from] move: Knock Off|[of] p1a: Zarude
|faint|p2a: Great Tusk
|-end|p2a: Great Tusk|Protosynthesis|[silent]
|
|-heal|p1a: Zarude|71/100|[from] item: Leftovers
|upkeep
|
|t:|1757810522
|switch|p2a: Dragonite|Dragonite, M, shiny|100/100
|turn|16
|
|t:|1757810525
|move|p1a: Zarude|Bulk Up|p1a: Zarude
|-boost|p1a: Zarude|atk|1
|-boost|p1a: Zarude|def|1
|move|p2a: Dragonite|Dragon Dance|p2a: Dragonite
|-boost|p2a: Dragonite|atk|1
|-boost|p2a: Dragonite|spe|1
|
|-heal|p1a: Zarude|77/100|[from] item: Leftovers
|upkeep
|turn|17
|
|t:|1757810531
|move|p2a: Dragonite|Dragon Dance|p2a: Dragonite
|-boost|p2a: Dragonite|atk|1
|-boost|p2a: Dragonite|spe|1
|move|p1a: Zarude|Bulk Up|p1a: Zarude
|-boost|p1a: Zarude|atk|1
|-boost|p1a: Zarude|def|1
|
|-heal|p1a: Zarude|83/100|[from] item: Leftovers
|upkeep
|turn|18
|
|t:|1757810539
|move|p2a: Dragonite|Dragon Dance|p2a: Dragonite
|-boost|p2a: Dragonite|atk|1
|-boost|p2a: Dragonite|spe|1
|move|p1a: Zarude|Knock Off|p2a: Dragonite
|-damage|p2a: Dragonite|57/100
|-enditem|p2a: Dragonite|Heavy-Duty Boots|[from] move: Knock Off|[of] p1a: Zarude
|
|-heal|p1a: Zarude|89/100|[from] item: Leftovers
|upkeep
|turn|19
|
|t:|1757810547
|-terastallize|p2a: Dragonite|Fairy
|move|p2a: Dragonite|Tera Blast|p1a: Zarude|[anim] Tera Blast Fairy
|-supereffective|p1a: Zarude
|-damage|p1a: Zarude|14/100
|move|p1a: Zarude|Bulk Up|p1a: Zarude
|-boost|p1a: Zarude|atk|1
|-boost|p1a: Zarude|def|1
|
|-heal|p1a: Zarude|20/100|[from] item: Leftovers
|upkeep
|turn|20
|
|t:|1757810559
|-terastallize|p1a: Zarude|Poison
|move|p2a: Dragonite|Tera Blast|p1a: Zarude|[anim] Tera Blast Fairy
|-resisted|p1a: Zarude
|-damage|p1a: Zarude|4/100
|move|p1a: Zarude|Jungle Healing|p1a: Zarude
|-heal|p1a: Zarude|29/100
|
|-heal|p1a: Zarude|35/100|[from] item: Leftovers
|upkeep
|turn|21
|
|t:|1757810563
|move|p2a: Dragonite|Earthquake|p1a: Zarude
|-supereffective|p1a: Zarude
|-crit|p1a: Zarude
|-damage|p1a: Zarude|0 fnt
|faint|p1a: Zarude
|
|upkeep
|
|t:|1757810565
|switch|p1a: Weezing|Weezing-Galar, F|100/100
|-ability|p1a: Weezing|Neutralizing Gas
|-damage|p1a: Weezing|88/100|[from] Spikes
|-damage|p1a: Weezing|76/100|[from] Stealth Rock
|turn|22
|
|t:|1757810569
|move|p2a: Dragonite|Earthquake|p1a: Weezing
|-supereffective|p1a: Weezing
|-damage|p1a: Weezing|0 fnt
|faint|p1a: Weezing
|-end|p1a: Weezing|ability: Neutralizing Gas
|
|upkeep
|
|t:|1757810574
|switch|p1a: Sinistcha|Sinistcha|65/100
|turn|23
|-message|unguslybungusly forfeited.
|
|win|LT124YH Prav33n
|raw|unguslybungusly's rating: 1622 &rarr; <strong>1613</strong><br />(-9 for losing)
|raw|LT124YH Prav33n's rating: 1832 &rarr; <strong>1841</strong><br />(+9 for winning)
|l|☆unguslybungusly
|player|p1|
|l|☆LT124YH Prav33n
|player|p2|
