|j|☆lucashwin196
|j|☆swimsuitmodel
|t:|1757912779
|gametype|singles
|player|p1|lucashwin196|blue|1537
|player|p2|swimsuitmodel|tuberf|1585
|gen|9
|tier|[Gen 9] OU
|rated|
|rule|HP Percentage Mod: HP is shown in percentages
|rule|Endless Battle Clause: Forcing endless battles is banned
|rule|Species Clause: Limit one of each Pokémon
|rule|OHKO Clause: OHKO moves are banned
|rule|Evasion Items Clause: Evasion items are banned
|rule|Evasion Moves Clause: Evasion moves are banned
|rule|Evasion Abilities Clause: Evasion abilities are banned
|rule|Sleep Moves Clause: Sleep-inducing moves are banned
|clearpoke
|poke|p1|Great Tusk|
|poke|p1|Slowking-Galar, F|
|poke|p1|Alomomola, F|
|poke|p1|Kingambit, F|
|poke|p1|Dragapult, M|
|poke|p1|Dragonite, F|
|poke|p2|Dondozo, F|
|poke|p2|Talonflame, M|
|poke|p2|Gliscor, F|
|poke|p2|Clodsire, F|
|poke|p2|Toxapex, M|
|poke|p2|Clefable, M|
|teampreview
|inactive|Battle timer is ON: inactive players will automatically lose when time's up. (requested by lucashwin196)
|
|t:|1757912808
|teamsize|p1|6
|teamsize|p2|6
|start
|switch|p1a: Great Tusk|Great Tusk|100/100
|switch|p2a: Clefable|Clefable, M|100/100
|turn|1
|
|t:|1757912816
|-end|p1a: Great Tusk|Protosynthesis|[silent]
|switch|p1a: Slowking|Slowking-Galar, F|100/100
|move|p2a: Clefable|Moonblast|p1a: Slowking
|-resisted|p1a: Slowking
|-damage|p1a: Slowking|91/100
|
|upkeep
|turn|2
|
|t:|1757912822
|switch|p2a: Gliscor|Gliscor, F|100/100
|move|p1a: Slowking|Future Sight|p2a: Gliscor
|-start|p1a: Slowking|move: Future Sight
|
|-status|p2a: Gliscor|tox|[from] item: Toxic Orb
|upkeep
|turn|3
|
|t:|1757912833
|switch|p1a: Great Tusk|Great Tusk|100/100
|move|p2a: Gliscor|Knock Off|p1a: Great Tusk
|-resisted|p1a: Great Tusk
|-damage|p1a: Great Tusk|93/100
|-damage|p2a: Gliscor|84/100 tox|[from] item: Rocky Helmet|[of] p1a: Great Tusk
|-enditem|p1a: Great Tusk|Rocky Helmet|[from] move: Knock Off|[of] p2a: Gliscor
|
|-heal|p2a: Gliscor|97/100 tox|[from] ability: Poison Heal
|upkeep
|turn|4
|
|t:|1757912844
|move|p1a: Great Tusk|Stealth Rock|p2a: Gliscor
|-sidestart|p2: swimsuitmodel|move: Stealth Rock
|move|p2a: Gliscor|Spikes|p1a: Great Tusk
|-sidestart|p1: lucashwin196|Spikes
|
|-end|p2a: Gliscor|move: Future Sight
|-damage|p2a: Gliscor|40/100 tox
|-heal|p2a: Gliscor|52/100 tox|[from] ability: Poison Heal
|upkeep
|turn|5
|
|t:|1757912849
|move|p2a: Gliscor|Protect|p2a: Gliscor
|-singleturn|p2a: Gliscor|Protect
|move|p1a: Great Tusk|Ice Spinner|p2a: Gliscor
|-activate|p2a: Gliscor|move: Protect
|
|-heal|p2a: Gliscor|65/100 tox|[from] ability: Poison Heal
|upkeep
|turn|6
|
|t:|1757912856
|switch|p2a: Talonflame|Talonflame, M|100/100
|move|p1a: Great Tusk|Rapid Spin|p2a: Talonflame
|-damage|p2a: Talonflame|87/100
|-boost|p1a: Great Tusk|spe|1
|-sideend|p1: lucashwin196|Spikes|[from] move: Rapid Spin|[of] p1a: Great Tusk
|
|upkeep
|turn|7
|
|t:|1757912867
|-end|p1a: Great Tusk|Protosynthesis|[silent]
|switch|p1a: Alomomola|Alomomola, F|100/100
|move|p2a: Talonflame|Will-O-Wisp|p1a: Alomomola
|-status|p1a: Alomomola|brn
|
|-damage|p1a: Alomomola|94/100 brn|[from] brn
|upkeep
|turn|8
|
|t:|1757912875
|move|p2a: Talonflame|Defog|p1a: Alomomola
|-unboost|p1a: Alomomola|evasion|1
|-sideend|p2: swimsuitmodel|Stealth Rock|[from] move: Defog|[of] p2a: Talonflame
|move|p1a: Alomomola|Flip Turn|p2a: Talonflame
|-supereffective|p2a: Talonflame
|-damage|p2a: Talonflame|72/100
|
|t:|1757912882
|switch|p1a: Slowking|Slowking-Galar, F|100/100|[from] Flip Turn
|
|upkeep
|turn|9
|
|t:|1757912908
|move|p2a: Talonflame|Will-O-Wisp|p1a: Slowking
|-status|p1a: Slowking|brn
|move|p1a: Slowking|Future Sight|p2a: Talonflame
|-start|p1a: Slowking|move: Future Sight
|
|-damage|p1a: Slowking|94/100 brn|[from] brn
|upkeep
|turn|10
|
|t:|1757912913
|switch|p2a: Toxapex|Toxapex, M|100/100
|-prepare|p1a: Slowking|Chilly Reception|[premajor]
|move|p1a: Slowking|Chilly Reception|p1a: Slowking
|-weather|Snowscape
|
|t:|1757912916
|switch|p1a: Great Tusk|Great Tusk|93/100|[from] Chilly Reception
|
|-weather|Snowscape|[upkeep]
|upkeep
|turn|11
|
|t:|1757912921
|-terastallize|p2a: Toxapex|Steel
|move|p2a: Toxapex|Baneful Bunker|p2a: Toxapex
|-singleturn|p2a: Toxapex|move: Protect
|move|p1a: Great Tusk|Headlong Rush|p2a: Toxapex
|-activate|p2a: Toxapex|move: Protect
|-status|p1a: Great Tusk|psn
|
|-weather|Snowscape|[upkeep]
|-end|p2a: Toxapex|move: Future Sight
|-resisted|p2a: Toxapex
|-crit|p2a: Toxapex
|-damage|p2a: Toxapex|79/100
|-damage|p1a: Great Tusk|81/100 psn|[from] psn
|upkeep
|turn|12
|
|t:|1757912932
|switch|p2a: Talonflame|Talonflame, M|72/100
|move|p1a: Great Tusk|Headlong Rush|p2a: Talonflame
|-immune|p2a: Talonflame
|
|-weather|Snowscape|[upkeep]
|-damage|p1a: Great Tusk|68/100 psn|[from] psn
|upkeep
|turn|13
|
|t:|1757912942
|-end|p1a: Great Tusk|Protosynthesis|[silent]
|switch|p1a: Slowking|Slowking-Galar, F|100/100 brn
|move|p2a: Talonflame|Roost|p2a: Talonflame
|-heal|p2a: Talonflame|100/100
|-singleturn|p2a: Talonflame|move: Roost
|
|-weather|Snowscape|[upkeep]
|-damage|p1a: Slowking|94/100 brn|[from] brn
|upkeep
|turn|14
|
|t:|1757912949
|switch|p2a: Toxapex|Toxapex, M, tera:Steel|100/100
|move|p1a: Slowking|Future Sight|p2a: Toxapex
|-start|p1a: Slowking|move: Future Sight
|
|-weather|none
|-damage|p1a: Slowking|88/100 brn|[from] brn
|upkeep
|turn|15
|
|t:|1757912955
|move|p2a: Toxapex|Poison Jab|p1a: Slowking
|-resisted|p1a: Slowking
|-damage|p1a: Slowking|79/100 brn
|move|p1a: Slowking|Thunder Wave|p2a: Toxapex
|-status|p2a: Toxapex|par
|
|-damage|p1a: Slowking|73/100 brn|[from] brn
|upkeep
|turn|16
|
|t:|1757912959
|-prepare|p1a: Slowking|Chilly Reception|[premajor]
|move|p1a: Slowking|Chilly Reception|p1a: Slowking
|-weather|Snowscape
|
|t:|1757912970
|switch|p1a: Dragonite|Dragonite, F|100/100|[from] Chilly Reception
|cant|p2a: Toxapex|par
|
|-weather|Snowscape|[upkeep]
|-end|p2a: Toxapex|move: Future Sight
|-resisted|p2a: Toxapex
|-damage|p2a: Toxapex|85/100 par
|upkeep
|turn|17
|
|t:|1757912974
|switch|p2a: Dondozo|Dondozo, F|100/100
|move|p1a: Dragonite|Earthquake|p2a: Dondozo
|-damage|p2a: Dondozo|75/100
|
|-weather|Snowscape|[upkeep]
|upkeep
|turn|18
|j| Shucklepilled
|
|t:|1757912996
|switch|p1a: Dragapult|Dragapult, M|100/100
|switch|p2a: Gliscor|Gliscor, F|65/100 tox
|
|-weather|Snowscape|[upkeep]
|-heal|p2a: Gliscor|77/100 tox|[from] ability: Poison Heal
|upkeep
|turn|19
|
|t:|1757913002
|move|p2a: Gliscor|Protect|p2a: Gliscor
|-singleturn|p2a: Gliscor|Protect
|move|p1a: Dragapult|Hex|p2a: Gliscor
|-activate|p2a: Gliscor|move: Protect
|
|-weather|Snowscape|[upkeep]
|-heal|p2a: Gliscor|90/100 tox|[from] ability: Poison Heal
|upkeep
|turn|20
|
|t:|1757913014
|switch|p2a: Clodsire|Clodsire, F|100/100
|move|p1a: Dragapult|U-turn|p2a: Clodsire
|-resisted|p2a: Clodsire
|-damage|p2a: Clodsire|91/100
|
|t:|1757913023
|switch|p1a: Slowking|Slowking-Galar, F|100/100 brn|[from] U-turn
|
|-weather|none
|-damage|p1a: Slowking|94/100 brn|[from] brn
|upkeep
|turn|21
|
|t:|1757913031
|move|p2a: Clodsire|Stealth Rock|p1a: Slowking
|-sidestart|p1: lucashwin196|move: Stealth Rock
|move|p1a: Slowking|Future Sight|p2a: Clodsire
|-start|p1a: Slowking|move: Future Sight
|
|-damage|p1a: Slowking|88/100 brn|[from] brn
|upkeep
|turn|22
|
|t:|1757913040
|move|p2a: Clodsire|Amnesia|p2a: Clodsire
|-boost|p2a: Clodsire|spd|2
|-prepare|p1a: Slowking|Chilly Reception|[premajor]
|move|p1a: Slowking|Chilly Reception|p1a: Slowking
|-weather|Snowscape
|
|t:|1757913042
|switch|p1a: Great Tusk|Great Tusk|68/100 psn|[from] Chilly Reception
|-damage|p1a: Great Tusk|65/100 psn|[from] Stealth Rock
|
|-weather|Snowscape|[upkeep]
|-damage|p1a: Great Tusk|53/100 psn|[from] psn
|upkeep
|turn|23
|
|t:|1757913053
|switch|p2a: Talonflame|Talonflame, M|100/100
|move|p1a: Great Tusk|Rapid Spin|p2a: Talonflame
|-damage|p2a: Talonflame|88/100
|-boost|p1a: Great Tusk|spe|1
|-sideend|p1: lucashwin196|Stealth Rock|[from] move: Rapid Spin|[of] p1a: Great Tusk
|
|-weather|Snowscape|[upkeep]
|-end|p2a: Talonflame|move: Future Sight
|-damage|p2a: Talonflame|28/100
|-damage|p1a: Great Tusk|41/100 psn|[from] psn
|upkeep
|turn|24
|
|t:|1757913065
|-end|p1a: Great Tusk|Protosynthesis|[silent]
|switch|p1a: Alomomola|Alomomola, F|100/100 brn
|switch|p2a: Gliscor|Gliscor, F|90/100 tox
|
|-weather|Snowscape|[upkeep]
|-heal|p2a: Gliscor|100/100 tox|[from] ability: Poison Heal
|-damage|p1a: Alomomola|94/100 brn|[from] brn
|upkeep
|turn|25
|
|t:|1757913072
|move|p2a: Gliscor|Knock Off|p1a: Alomomola
|-damage|p1a: Alomomola|82/100 brn
|-enditem|p1a: Alomomola|Heavy-Duty Boots|[from] move: Knock Off|[of] p2a: Gliscor
|move|p1a: Alomomola|Wish|p1a: Alomomola
|
|-weather|Snowscape|[upkeep]
|-damage|p1a: Alomomola|76/100 brn|[from] brn
|upkeep
|turn|26
|
|t:|1757913087
|switch|p1a: Great Tusk|Great Tusk|41/100 psn
|move|p2a: Gliscor|Spikes|p1a: Great Tusk
|-sidestart|p1: lucashwin196|Spikes
|
|-weather|none
|-heal|p1a: Great Tusk|100/100 psn|[from] move: Wish|[wisher] Alomomola
|-damage|p1a: Great Tusk|88/100 psn|[from] psn
|upkeep
|turn|27
|
|t:|1757913099
|-end|p1a: Great Tusk|Protosynthesis|[silent]
|switch|p1a: Alomomola|Alomomola, F|100/100 brn
|-damage|p1a: Alomomola|88/100 brn|[from] Spikes
|switch|p2a: Dondozo|Dondozo, F|75/100
|
|-damage|p1a: Alomomola|82/100 brn|[from] brn
|upkeep
|turn|28
|l|☆lucashwin196
|inactive|lucashwin196 disconnected and has a minute to reconnect!
|player|p1|
|inactive|swimsuitmodel has 120 seconds left.
|j|☆lucashwin196
|inactive|lucashwin196 reconnected.
|player|p1|lucashwin196|blue|
|
|t:|1757913136
|switch|p2a: Clefable|Clefable, M|100/100
|move|p1a: Alomomola|Scald|p2a: Clefable
|-damage|p2a: Clefable|92/100
|
|-damage|p1a: Alomomola|76/100 brn|[from] brn
|upkeep
|turn|29
|
|t:|1757913155
|switch|p2a: Talonflame|Talonflame, M|28/100
|move|p1a: Alomomola|Flip Turn|p2a: Talonflame
|-supereffective|p2a: Talonflame
|-damage|p2a: Talonflame|14/100
|
|t:|1757913160
|switch|p1a: Dragapult|Dragapult, M|100/100|[from] Flip Turn
|
|upkeep
|turn|30
|
|t:|1757913167
|switch|p2a: Clodsire|Clodsire, F|91/100
|move|p1a: Dragapult|Hex|p2a: Clodsire
|-damage|p2a: Clodsire|75/100
|
|upkeep
|turn|31
|inactive|swimsuitmodel has 120 seconds left.
|
|t:|1757913184
|switch|p2a: Gliscor|Gliscor, F|100/100 tox
|move|p1a: Dragapult|Will-O-Wisp|p2a: Gliscor|[miss]
|-miss|p1a: Dragapult|p2a: Gliscor
|
|upkeep
|turn|32
|
|t:|1757913193
|move|p1a: Dragapult|U-turn|p2a: Gliscor
|-resisted|p2a: Gliscor
|-crit|p2a: Gliscor
|-damage|p2a: Gliscor|91/100 tox
|
|t:|1757913196
|switch|p1a: Alomomola|Alomomola, F|100/100 brn|[from] U-turn
|-damage|p1a: Alomomola|88/100 brn|[from] Spikes
|move|p2a: Gliscor|Toxic||[still]
|-fail|p2a: Gliscor
|
|-heal|p2a: Gliscor|100/100 tox|[from] ability: Poison Heal
|-damage|p1a: Alomomola|82/100 brn|[from] brn
|upkeep
|turn|33
|
|t:|1757913205
|move|p2a: Gliscor|Spikes|p1a: Alomomola
|-sidestart|p1: lucashwin196|Spikes
|move|p1a: Alomomola|Flip Turn|p2a: Gliscor
|-supereffective|p2a: Gliscor
|-damage|p2a: Gliscor|91/100 tox
|
|t:|1757913208
|switch|p1a: Great Tusk|Great Tusk|88/100 psn|[from] Flip Turn
|-damage|p1a: Great Tusk|71/100 psn|[from] Spikes
|
|-damage|p1a: Great Tusk|59/100 psn|[from] psn
|-heal|p2a: Gliscor|100/100 tox|[from] ability: Poison Heal
|upkeep
|turn|34
|
|t:|1757913219
|move|p1a: Great Tusk|Ice Spinner|p2a: Gliscor
|-supereffective|p2a: Gliscor
|-damage|p2a: Gliscor|47/100 tox
|move|p2a: Gliscor|Spikes|p1a: Great Tusk
|-sidestart|p1: lucashwin196|Spikes
|
|-damage|p1a: Great Tusk|47/100 psn|[from] psn
|-heal|p2a: Gliscor|60/100 tox|[from] ability: Poison Heal
|upkeep
|turn|35
|
|t:|1757913227
|move|p2a: Gliscor|Protect|p2a: Gliscor
|-singleturn|p2a: Gliscor|Protect
|move|p1a: Great Tusk|Stealth Rock|p2a: Gliscor
|-sidestart|p2: swimsuitmodel|move: Stealth Rock
|
|-damage|p1a: Great Tusk|34/100 psn|[from] psn
|-heal|p2a: Gliscor|72/100 tox|[from] ability: Poison Heal
|upkeep
|turn|36
|
|t:|1757913235
|switch|p2a: Toxapex|Toxapex, M, tera:Steel|100/100 par
|move|p1a: Great Tusk|Rapid Spin|p2a: Toxapex
|-resisted|p2a: Toxapex
|-damage|p2a: Toxapex|95/100 par
|-boost|p1a: Great Tusk|spe|1
|-sideend|p1: lucashwin196|Spikes|[from] move: Rapid Spin|[of] p1a: Great Tusk
|
|-damage|p1a: Great Tusk|22/100 psn|[from] psn
|upkeep
|turn|37
|
|t:|1757913248
|-end|p1a: Great Tusk|Protosynthesis|[silent]
|switch|p1a: Dragonite|Dragonite, F|100/100
|switch|p2a: Clefable|Clefable, M|92/100
|
|upkeep
|turn|38
|
|t:|1757913258
|switch|p2a: Gliscor|Gliscor, F|72/100 tox
|-damage|p2a: Gliscor|60/100 tox|[from] Stealth Rock
|-terastallize|p1a: Dragonite|Normal
|move|p1a: Dragonite|Extreme Speed|p2a: Gliscor
|-damage|p2a: Gliscor|18/100 tox
|
|-heal|p2a: Gliscor|30/100 tox|[from] ability: Poison Heal
|upkeep
|turn|39
|
|t:|1757913268
|switch|p2a: Clefable|Clefable, M|92/100
|move|p1a: Dragonite|Extreme Speed|p2a: Clefable
|-damage|p2a: Clefable|9/100
|
|upkeep
|turn|40
|-message|swimsuitmodel forfeited.
|
|win|lucashwin196
|raw|lucashwin196's rating: 1537 &rarr; <strong>1560</strong><br />(+23 for winning)
|raw|swimsuitmodel's rating: 1585 &rarr; <strong>1562</strong><br />(-23 for losing)
|l|☆swimsuitmodel
|player|p2|
|l|☆lucashwin196
|player|p1|
