|j|☆bishop1
|j|☆suprya
|t:|1757904673
|gametype|singles
|player|p1|bishop1|266|1589
|player|p2|suprya|preschooler|1583
|gen|9
|tier|[Gen 9] OU
|rated|
|rule|HP Percentage Mod: HP is shown in percentages
|rule|Endless Battle Clause: Forcing endless battles is banned
|rule|Species Clause: Limit one of each Pokémon
|rule|OHKO Clause: OHKO moves are banned
|rule|Evasion Items Clause: Evasion items are banned
|rule|Evasion Moves Clause: Evasion moves are banned
|rule|Evasion Abilities Clause: Evasion abilities are banned
|rule|Sleep Moves Clause: Sleep-inducing moves are banned
|clearpoke
|poke|p1|Zamazenta-*|
|poke|p1|Ninetales-Alola, M|
|poke|p1|Darkrai|
|poke|p1|Ceruledge, F|
|poke|p1|Gliscor, M|
|poke|p1|Hatterene, F|
|poke|p2|Samurott-Hisui, F|
|poke|p2|Fezandipiti, M|
|poke|p2|Zamazenta-*|
|poke|p2|Weavile, F|
|poke|p2|Corviknight, M|
|poke|p2|Palossand, F|
|teampreview
|inactive|Battle timer is ON: inactive players will automatically lose when time's up. (requested by suprya)
|
|t:|1757904679
|teamsize|p1|6
|teamsize|p2|6
|start
|switch|p1a: Ninetales|Ninetales-Alola, M|100/100
|switch|p2a: Zamazenta|Zamazenta|100/100
|-ability|p2a: Zamazenta|Dauntless Shield|boost
|-boost|p2a: Zamazenta|def|1
|-weather|Snowscape|[from] ability: Snow Warning|[of] p1a: Ninetales
|turn|1
|
|t:|1757904683
|switch|p1a: Ceruledge|Ceruledge, F|100/100
|move|p2a: Zamazenta|Heavy Slam|p1a: Ceruledge
|-resisted|p1a: Ceruledge
|-damage|p1a: Ceruledge|89/100
|
|-weather|Snowscape|[upkeep]
|upkeep
|turn|2
|
|t:|1757904692
|move|p2a: Zamazenta|Iron Defense|p2a: Zamazenta
|-boost|p2a: Zamazenta|def|2
|move|p1a: Ceruledge|Bulk Up|p1a: Ceruledge
|-boost|p1a: Ceruledge|atk|1
|-boost|p1a: Ceruledge|def|1
|
|-weather|Snowscape|[upkeep]
|upkeep
|turn|3
|
|t:|1757904696
|move|p2a: Zamazenta|Crunch|p1a: Ceruledge
|-supereffective|p1a: Ceruledge
|-crit|p1a: Ceruledge
|-damage|p1a: Ceruledge|21/100
|move|p1a: Ceruledge|Taunt|p2a: Zamazenta
|-start|p2a: Zamazenta|move: Taunt
|
|-weather|Snowscape|[upkeep]
|upkeep
|turn|4
|
|t:|1757904705
|move|p2a: Zamazenta|Crunch|p1a: Ceruledge
|-supereffective|p1a: Ceruledge
|-damage|p1a: Ceruledge|0 fnt
|faint|p1a: Ceruledge
|
|-weather|Snowscape|[upkeep]
|upkeep
|
|t:|1757904711
|switch|p1a: Hatterene|Hatterene, F|100/100
|turn|5
|
|t:|1757904726
|switch|p2a: Palossand|Palossand, F|100/100
|-terastallize|p1a: Hatterene|Water
|move|p1a: Hatterene|Draining Kiss|p2a: Palossand
|-damage|p2a: Palossand|75/100
|-damage|p1a: Hatterene|84/100|[from] item: Rocky Helmet|[of] p2a: Palossand
|
|-weather|none
|-heal|p1a: Hatterene|90/100|[from] item: Leftovers
|upkeep
|turn|6
|
|t:|1757904738
|move|p1a: Hatterene|Calm Mind|p1a: Hatterene
|-boost|p1a: Hatterene|spa|1
|-boost|p1a: Hatterene|spd|1
|move|p2a: Palossand|Earth Power|p1a: Hatterene
|-damage|p1a: Hatterene|70/100
|
|-heal|p1a: Hatterene|76/100|[from] item: Leftovers
|upkeep
|turn|7
|
|t:|1757904744
|switch|p2a: Samurott|Samurott-Hisui, F|100/100
|move|p1a: Hatterene|Calm Mind|p1a: Hatterene
|-boost|p1a: Hatterene|spa|1
|-boost|p1a: Hatterene|spd|1
|
|-heal|p1a: Hatterene|82/100|[from] item: Leftovers
|upkeep
|turn|8
|
|t:|1757904747
|-terastallize|p2a: Samurott|Poison
|move|p2a: Samurott|Ceaseless Edge|p1a: Hatterene
|-damage|p1a: Hatterene|44/100
|-sidestart|p1: bishop1|Spikes
|move|p1a: Hatterene|Draining Kiss|p2a: Samurott
|-resisted|p2a: Samurott
|-damage|p2a: Samurott|71/100
|-heal|p1a: Hatterene|70/100|[from] drain|[of] p2a: Samurott
|
|-heal|p1a: Hatterene|76/100|[from] item: Leftovers
|upkeep
|turn|9
|
|t:|1757904753
|move|p2a: Samurott|Ceaseless Edge|p1a: Hatterene
|-damage|p1a: Hatterene|34/100
|-sidestart|p1: bishop1|Spikes
|move|p1a: Hatterene|Psyshock|p2a: Samurott
|-supereffective|p2a: Samurott
|-damage|p2a: Samurott|0 fnt
|faint|p2a: Samurott
|
|-heal|p1a: Hatterene|40/100|[from] item: Leftovers
|upkeep
|
|t:|1757904761
|switch|p2a: Weavile|Weavile, F|100/100
|-ability|p2a: Weavile|Pressure
|turn|10
|
|t:|1757904763
|move|p2a: Weavile|Knock Off|p1a: Hatterene
|-damage|p1a: Hatterene|0 fnt
|-enditem|p1a: Hatterene|Leftovers|[from] move: Knock Off|[of] p2a: Weavile
|faint|p1a: Hatterene
|
|upkeep
|
|t:|1757904783
|switch|p1a: Ninetales|Ninetales-Alola, M|100/100
|-damage|p1a: Ninetales|84/100|[from] Spikes
|-weather|Snowscape|[from] ability: Snow Warning|[of] p1a: Ninetales
|turn|11
|
|t:|1757904785
|move|p2a: Weavile|Knock Off|p1a: Ninetales
|-resisted|p1a: Ninetales
|-damage|p1a: Ninetales|64/100
|-enditem|p1a: Ninetales|Light Clay|[from] move: Knock Off|[of] p2a: Weavile
|move|p1a: Ninetales|Aurora Veil|p1a: Ninetales
|-sidestart|p1: bishop1|move: Aurora Veil
|
|-weather|Snowscape|[upkeep]
|upkeep
|turn|12
|
|t:|1757904792
|move|p2a: Weavile|Swords Dance|p2a: Weavile
|-boost|p2a: Weavile|atk|2
|move|p1a: Ninetales|Roar|p2a: Weavile
|drag|p2a: Zamazenta|Zamazenta|100/100
|
|-weather|Snowscape|[upkeep]
|upkeep
|turn|13
|
|t:|1757904797
|switch|p1a: Zamazenta|Zamazenta|100/100
|-damage|p1a: Zamazenta|84/100|[from] Spikes
|-ability|p1a: Zamazenta|Dauntless Shield|boost
|-boost|p1a: Zamazenta|def|1
|move|p2a: Zamazenta|Heavy Slam|p1a: Zamazenta
|-damage|p1a: Zamazenta|81/100
|
|-weather|Snowscape|[upkeep]
|upkeep
|turn|14
|
|t:|1757904805
|switch|p2a: Corviknight|Corviknight, M|100/100
|-ability|p2a: Corviknight|Pressure
|move|p1a: Zamazenta|Iron Defense|p1a: Zamazenta
|-boost|p1a: Zamazenta|def|2
|
|-weather|Snowscape|[upkeep]
|upkeep
|turn|15
|
|t:|1757904808
|move|p1a: Zamazenta|Body Press|p2a: Corviknight
|-damage|p2a: Corviknight|46/100
|-damage|p1a: Zamazenta|64/100|[from] item: Rocky Helmet|[of] p2a: Corviknight
|move|p2a: Corviknight|U-turn|p1a: Zamazenta
|-resisted|p1a: Zamazenta
|-damage|p1a: Zamazenta|63/100
|
|t:|1757904810
|switch|p2a: Palossand|Palossand, F|75/100|[from] U-turn
|
|-weather|none
|-sideend|p1: bishop1|move: Aurora Veil
|upkeep
|turn|16
|
|t:|1757904815
|move|p1a: Zamazenta|Crunch|p2a: Palossand
|-supereffective|p2a: Palossand
|-damage|p2a: Palossand|47/100
|-unboost|p2a: Palossand|def|1
|-damage|p1a: Zamazenta|47/100|[from] item: Rocky Helmet|[of] p2a: Palossand
|move|p2a: Palossand|Shore Up|p2a: Palossand
|-heal|p2a: Palossand|97/100
|
|upkeep
|turn|17
|
|t:|1757904823
|switch|p2a: Corviknight|Corviknight, M|46/100
|-ability|p2a: Corviknight|Pressure
|move|p1a: Zamazenta|Crunch|p2a: Corviknight
|-damage|p2a: Corviknight|31/100
|-damage|p1a: Zamazenta|30/100|[from] item: Rocky Helmet|[of] p2a: Corviknight
|
|upkeep
|turn|18
|
|t:|1757904826
|switch|p2a: Palossand|Palossand, F|97/100
|move|p1a: Zamazenta|Body Press|p2a: Palossand
|-immune|p2a: Palossand
|
|upkeep
|turn|19
|
|t:|1757904832
|move|p1a: Zamazenta|Rest|p1a: Zamazenta
|-status|p1a: Zamazenta|slp|[from] move: Rest
|-heal|p1a: Zamazenta|100/100 slp|[silent]
|-enditem|p1a: Zamazenta|Chesto Berry|[eat]
|-curestatus|p1a: Zamazenta|slp|[msg]
|move|p2a: Palossand|Stealth Rock|p1a: Zamazenta
|-sidestart|p1: bishop1|move: Stealth Rock
|
|upkeep
|turn|20
|
|t:|1757904835
|move|p1a: Zamazenta|Crunch|p2a: Palossand
|-supereffective|p2a: Palossand
|-damage|p2a: Palossand|67/100
|-damage|p1a: Zamazenta|84/100|[from] item: Rocky Helmet|[of] p2a: Palossand
|move|p2a: Palossand|Earth Power|p1a: Zamazenta
|-damage|p1a: Zamazenta|54/100
|
|upkeep
|turn|21
|
|t:|1757904839
|move|p1a: Zamazenta|Crunch|p2a: Palossand
|-supereffective|p2a: Palossand
|-damage|p2a: Palossand|37/100
|-unboost|p2a: Palossand|def|1
|-damage|p1a: Zamazenta|37/100|[from] item: Rocky Helmet|[of] p2a: Palossand
|move|p2a: Palossand|Shore Up|p2a: Palossand
|-heal|p2a: Palossand|87/100
|
|upkeep
|turn|22
|
|t:|1757904844
|move|p1a: Zamazenta|Body Press|p2a: Palossand
|-immune|p2a: Palossand
|move|p2a: Palossand|Earth Power|p1a: Zamazenta
|-damage|p1a: Zamazenta|8/100
|
|upkeep
|turn|23
|
|t:|1757904851
|move|p1a: Zamazenta|Crunch|p2a: Palossand
|-supereffective|p2a: Palossand
|-damage|p2a: Palossand|44/100
|-unboost|p2a: Palossand|def|1
|-damage|p1a: Zamazenta|0 fnt|[from] item: Rocky Helmet|[of] p2a: Palossand
|faint|p1a: Zamazenta
|move|p2a: Palossand|Earth Power|p1: Zamazenta|[notarget]
|-fail|p2a: Palossand
|
|upkeep
|
|t:|1757904857
|switch|p1a: Ninetales|Ninetales-Alola, M|64/100
|-damage|p1a: Ninetales|47/100|[from] Spikes
|-damage|p1a: Ninetales|22/100|[from] Stealth Rock
|-weather|Snowscape|[from] ability: Snow Warning|[of] p1a: Ninetales
|turn|24
|
|t:|1757904868
|switch|p2a: Corviknight|Corviknight, M|31/100
|-ability|p2a: Corviknight|Pressure
|move|p1a: Ninetales|Aurora Veil|p1a: Ninetales
|-sidestart|p1: bishop1|move: Aurora Veil
|
|-weather|Snowscape|[upkeep]
|upkeep
|turn|25
|
|t:|1757904872
|move|p1a: Ninetales|Freeze-Dry|p2a: Corviknight
|-damage|p2a: Corviknight|15/100
|move|p2a: Corviknight|U-turn|p1a: Ninetales
|-resisted|p1a: Ninetales
|-damage|p1a: Ninetales|19/100
|
|t:|1757904881
|switch|p2a: Fezandipiti|Fezandipiti, M|100/100|[from] U-turn
|
|-weather|Snowscape|[upkeep]
|upkeep
|turn|26
|
|t:|1757904889
|move|p1a: Ninetales|Freeze-Dry|p2a: Fezandipiti
|-damage|p2a: Fezandipiti|82/100
|move|p2a: Fezandipiti|Nasty Plot|p2a: Fezandipiti
|-boost|p2a: Fezandipiti|spa|2
|
|-weather|Snowscape|[upkeep]
|-heal|p2a: Fezandipiti|88/100|[from] item: Leftovers
|upkeep
|turn|27
|
|t:|1757904911
|move|p1a: Ninetales|Encore|p2a: Fezandipiti
|-start|p2a: Fezandipiti|Encore
|move|p2a: Fezandipiti|Nasty Plot|p2a: Fezandipiti
|-boost|p2a: Fezandipiti|spa|2
|
|-weather|Snowscape|[upkeep]
|-heal|p2a: Fezandipiti|94/100|[from] item: Leftovers
|upkeep
|turn|28
|
|t:|1757904914
|switch|p1a: Darkrai|Darkrai|100/100
|-damage|p1a: Darkrai|84/100|[from] Spikes
|-damage|p1a: Darkrai|72/100|[from] Stealth Rock
|switch|p2a: Weavile|Weavile, F|100/100
|-ability|p2a: Weavile|Pressure
|
|-weather|none
|-heal|p1a: Darkrai|78/100|[from] item: Leftovers
|-sideend|p1: bishop1|move: Aurora Veil
|upkeep
|turn|29
|
|t:|1757904923
|switch|p2a: Fezandipiti|Fezandipiti, M|94/100
|move|p1a: Darkrai|Focus Blast|p2a: Fezandipiti
|-resisted|p2a: Fezandipiti
|-damage|p2a: Fezandipiti|84/100
|
|-heal|p1a: Darkrai|84/100|[from] item: Leftovers
|-heal|p2a: Fezandipiti|90/100|[from] item: Leftovers
|upkeep
|turn|30
|
|t:|1757904926
|move|p1a: Darkrai|Psyshock|p2a: Fezandipiti
|-supereffective|p2a: Fezandipiti
|-damage|p2a: Fezandipiti|11/100
|move|p2a: Fezandipiti|Moonblast|p1a: Darkrai
|-supereffective|p1a: Darkrai
|-damage|p1a: Darkrai|0 fnt
|faint|p1a: Darkrai
|
|-heal|p2a: Fezandipiti|17/100|[from] item: Leftovers
|upkeep
|-message|bishop1 forfeited.
|
|win|suprya
|raw|bishop1's rating: 1589 &rarr; <strong>1569</strong><br />(-20 for losing)
|raw|suprya's rating: 1583 &rarr; <strong>1603</strong><br />(+20 for winning)
|l|☆bishop1
|player|p1|
|l|☆suprya
|player|p2|
