|j|☆jietouxiaoyu
|j|☆Gameprom4
|t:|1757819192
|gametype|singles
|player|p1|jietouxiaoyu|101|1620
|player|p2|Gameprom4|265|1678
|gen|9
|tier|[Gen 9] OU
|rated|
|rule|HP Percentage Mod: HP is shown in percentages
|rule|Endless Battle Clause: Forcing endless battles is banned
|rule|Species Clause: Limit one of each Pokémon
|rule|OHKO Clause: OHKO moves are banned
|rule|Evasion Items Clause: Evasion items are banned
|rule|Evasion Moves Clause: Evasion moves are banned
|rule|Evasion Abilities Clause: Evasion abilities are banned
|rule|Sleep Moves Clause: Sleep-inducing moves are banned
|clearpoke
|poke|p1|Dragapult, M|
|poke|p1|Primarina, F|
|poke|p1|Great Tusk|
|poke|p1|Moltres|
|poke|p1|Ting-Lu|
|poke|p1|Raging Bolt|
|poke|p2|Sinistcha|
|poke|p2|Primarina, F|
|poke|p2|Iron Hands|
|poke|p2|Scizor, M|
|poke|p2|Araquanid, F|
|poke|p2|Great Tusk|
|teampreview
|inactive|Battle timer is ON: inactive players will automatically lose when time's up. (requested by Gameprom4)
|
|t:|1757819217
|teamsize|p1|6
|teamsize|p2|6
|start
|switch|p1a: 多龙巴鲁托|Dragapult, M|100/100
|switch|p2a: Araquanid|Araquanid, F|100/100
|turn|1
|
|t:|1757819223
|move|p1a: 多龙巴鲁托|Dragon Darts|p2a: Araquanid
|-damage|p2a: Araquanid|68/100
|-anim|p1a: 多龙巴鲁托|Dragon Darts|p2a: Araquanid
|-damage|p2a: Araquanid|37/100
|move|p2a: Araquanid|Sticky Web|p1a: 多龙巴鲁托
|-sidestart|p1: jietouxiaoyu|move: Sticky Web
|
|upkeep
|turn|2
|
|t:|1757819235
|switch|p2a: Primarina|Primarina, F|100/100
|move|p1a: 多龙巴鲁托|Dragon Darts|p2a: Primarina
|-immune|p2a: Primarina
|
|upkeep
|turn|3
|j| hirumjack
|
|t:|1757819245
|switch|p1a: Moltres|Moltres|100/100
|move|p2a: Primarina|Moonblast|p1a: Moltres
|-resisted|p1a: Moltres
|-damage|p1a: Moltres|61/100
|
|upkeep
|turn|4
|
|t:|1757819254
|switch|p2a: Araquanid|Araquanid, F|37/100
|move|p1a: Moltres|U-turn|p2a: Araquanid
|-damage|p2a: Araquanid|25/100
|
|t:|1757819260
|switch|p1a: 多龙巴鲁托|Dragapult, M|100/100|[from] U-turn
|-activate|p1a: 多龙巴鲁托|move: Sticky Web
|-fail|p1a: 多龙巴鲁托|unboost|[from] ability: Clear Body|[of] p1a: 多龙巴鲁托
|
|upkeep
|turn|5
|
|t:|1757819266
|switch|p2a: Primarina|Primarina, F|100/100
|-terastallize|p1a: 多龙巴鲁托|Ghost
|move|p1a: 多龙巴鲁托|Tera Blast|p2a: Primarina|[anim] Tera Blast Ghost
|-damage|p2a: Primarina|0 fnt
|faint|p2a: Primarina
|
|upkeep
|
|t:|1757819278
|switch|p2a: Great Tusk|Great Tusk|100/100
|-enditem|p2a: Great Tusk|Booster Energy
|-activate|p2a: Great Tusk|ability: Protosynthesis|[fromitem]
|-start|p2a: Great Tusk|protosynthesisatk
|turn|6
|
|t:|1757819292
|switch|p1a: Moltres|Moltres|61/100
|move|p2a: Great Tusk|Knock Off|p1a: Moltres
|-crit|p1a: Moltres
|-damage|p1a: Moltres|11/100
|-enditem|p1a: Moltres|Heavy-Duty Boots|[from] move: Knock Off|[of] p2a: Great Tusk
|
|upkeep
|turn|7
|j| Raining Drawing
|
|t:|1757819302
|move|p2a: Great Tusk|Knock Off|p1a: Moltres
|-damage|p1a: Moltres|0 fnt
|faint|p1a: Moltres
|
|upkeep
|
|t:|1757819307
|switch|p1a: Great Tusk|Great Tusk|100/100
|-activate|p1a: Great Tusk|move: Sticky Web
|-unboost|p1a: Great Tusk|spe|1
|turn|8
|
|t:|1757819311
|move|p2a: Great Tusk|Headlong Rush|p1a: Great Tusk
|-damage|p1a: Great Tusk|30/100
|-unboost|p2a: Great Tusk|def|1
|-unboost|p2a: Great Tusk|spd|1
|-damage|p2a: Great Tusk|84/100|[from] item: Rocky Helmet|[of] p1a: Great Tusk
|move|p1a: Great Tusk|Rapid Spin|p2a: Great Tusk
|-damage|p2a: Great Tusk|64/100
|-boost|p1a: Great Tusk|spe|1
|-sideend|p1: jietouxiaoyu|Sticky Web|[from] move: Rapid Spin|[of] p1a: Great Tusk
|
|upkeep
|turn|9
|
|t:|1757819321
|move|p1a: Great Tusk|Headlong Rush|p2a: Great Tusk
|-damage|p2a: Great Tusk|0 fnt
|-unboost|p1a: Great Tusk|def|1
|-unboost|p1a: Great Tusk|spd|1
|faint|p2a: Great Tusk
|-end|p2a: Great Tusk|Protosynthesis|[silent]
|
|upkeep
|
|t:|1757819324
|switch|p2a: Araquanid|Araquanid, F|25/100
|turn|10
|-enditem|p2a: Araquanid|Custap Berry|[eat]
|-activate|p2a: Araquanid|item: Custap Berry|[consumed]
|
|t:|1757819333
|move|p2a: Araquanid|Sticky Web|p1a: Great Tusk
|-sidestart|p1: jietouxiaoyu|move: Sticky Web
|move|p1a: Great Tusk|Rapid Spin|p2a: Araquanid
|-damage|p2a: Araquanid|11/100
|-boost|p1a: Great Tusk|spe|1
|-sideend|p1: jietouxiaoyu|Sticky Web|[from] move: Rapid Spin|[of] p1a: Great Tusk
|
|upkeep
|turn|11
|
|t:|1757819343
|switch|p2a: Sinistcha|Sinistcha|100/100
|move|p1a: Great Tusk|Knock Off|p2a: Sinistcha
|-supereffective|p2a: Sinistcha
|-damage|p2a: Sinistcha|54/100
|-enditem|p2a: Sinistcha|Leftovers|[from] move: Knock Off|[of] p1a: Great Tusk
|
|upkeep
|turn|12
|
|t:|1757819352
|move|p1a: Great Tusk|Headlong Rush|p2a: Sinistcha
|-resisted|p2a: Sinistcha
|-damage|p2a: Sinistcha|33/100
|-unboost|p1a: Great Tusk|def|1
|-unboost|p1a: Great Tusk|spd|1
|move|p2a: Sinistcha|Strength Sap|p1a: Great Tusk
|-unboost|p1a: Great Tusk|atk|1
|-heal|p2a: Sinistcha|100/100
|
|upkeep
|turn|13
|
|t:|1757819364
|-end|p1a: Great Tusk|Protosynthesis|[silent]
|switch|p1a: Raging Bolt|Raging Bolt|100/100
|-enditem|p1a: Raging Bolt|Booster Energy
|-activate|p1a: Raging Bolt|ability: Protosynthesis|[fromitem]
|-start|p1a: Raging Bolt|protosynthesisspa
|move|p2a: Sinistcha|Calm Mind|p2a: Sinistcha
|-boost|p2a: Sinistcha|spa|1
|-boost|p2a: Sinistcha|spd|1
|
|upkeep
|turn|14
|
|t:|1757819371
|switch|p2a: Araquanid|Araquanid, F|11/100
|move|p1a: Raging Bolt|Calm Mind|p1a: Raging Bolt
|-boost|p1a: Raging Bolt|spa|1
|-boost|p1a: Raging Bolt|spd|1
|
|upkeep
|turn|15
|
|t:|1757819382
|move|p1a: Raging Bolt|Thunderbolt|p2a: Araquanid
|-supereffective|p2a: Araquanid
|-damage|p2a: Araquanid|0 fnt
|faint|p2a: Araquanid
|
|upkeep
|
|t:|1757819385
|switch|p2a: Iron Hands|Iron Hands|100/100
|turn|16
|j| LuLuNaNaRaRa
|
|t:|1757819394
|move|p1a: Raging Bolt|Thunderclap|p2a: Iron Hands
|-resisted|p2a: Iron Hands
|-damage|p2a: Iron Hands|81/100
|move|p2a: Iron Hands|Drain Punch|p1a: Raging Bolt
|-damage|p1a: Raging Bolt|61/100
|-heal|p2a: Iron Hands|100/100|[from] drain|[of] p1a: Raging Bolt
|
|upkeep
|turn|17
|l| LuLuNaNaRaRa
|
|t:|1757819402
|move|p1a: Raging Bolt|Dragon Pulse|p2a: Iron Hands
|-crit|p2a: Iron Hands
|-damage|p2a: Iron Hands|30/100
|move|p2a: Iron Hands|Earthquake|p1a: Raging Bolt
|-supereffective|p1a: Raging Bolt
|-damage|p1a: Raging Bolt|0 fnt
|faint|p1a: Raging Bolt
|-end|p1a: Raging Bolt|Protosynthesis|[silent]
|
|upkeep
|
|t:|1757819409
|switch|p1a: 多龙巴鲁托|Dragapult, M, tera:Ghost|100/100
|turn|18
|
|t:|1757819412
|move|p1a: 多龙巴鲁托|Tera Blast|p2a: Iron Hands|[anim] Tera Blast Ghost
|-damage|p2a: Iron Hands|0 fnt
|faint|p2a: Iron Hands
|-end|p2a: Iron Hands|Quark Drive|[silent]
|
|upkeep
|
|t:|1757819414
|switch|p2a: Sinistcha|Sinistcha|100/100
|turn|19
|
|t:|1757819421
|switch|p1a: Primarina|Primarina, F|100/100
|-terastallize|p2a: Sinistcha|Poison
|move|p2a: Sinistcha|Strength Sap|p1a: Primarina
|-unboost|p1a: Primarina|atk|1
|
|upkeep
|turn|20
|
|t:|1757819430
|move|p2a: Sinistcha|Calm Mind|p2a: Sinistcha
|-boost|p2a: Sinistcha|spa|1
|-boost|p2a: Sinistcha|spd|1
|move|p1a: Primarina|Psychic Noise|p2a: Sinistcha
|-supereffective|p2a: Sinistcha
|-damage|p2a: Sinistcha|52/100
|-start|p2a: Sinistcha|move: Heal Block
|
|upkeep
|turn|21
|
|t:|1757819440
|move|p2a: Sinistcha|Shadow Ball|p1a: Primarina
|-damage|p1a: Primarina|73/100
|-unboost|p1a: Primarina|spd|1
|move|p1a: Primarina|Surf|p2a: Sinistcha
|-damage|p2a: Sinistcha|15/100
|
|-end|p2a: Sinistcha|move: Heal Block
|upkeep
|turn|22
|
|t:|1757819448
|move|p2a: Sinistcha|Matcha Gotcha|p1a: Primarina
|-supereffective|p1a: Primarina
|-damage|p1a: Primarina|0 fnt
|-heal|p2a: Sinistcha|54/100|[from] drain|[of] p1a: Primarina
|faint|p1a: Primarina
|
|upkeep
|
|t:|1757819455
|switch|p1a: Great Tusk|Great Tusk|30/100
|turn|23
|
|t:|1757819458
|switch|p2a: Scizor|Scizor, M|100/100
|move|p1a: Great Tusk|Headlong Rush|p2a: Scizor
|-damage|p2a: Scizor|25/100
|-unboost|p1a: Great Tusk|def|1
|-unboost|p1a: Great Tusk|spd|1
|
|upkeep
|turn|24
|
|t:|1757819465
|-end|p1a: Great Tusk|Protosynthesis|[silent]
|switch|p1a: Ting-Lu|Ting-Lu|100/100
|-ability|p1a: Ting-Lu|Vessel of Ruin
|move|p2a: Scizor|U-turn|p1a: Ting-Lu
|-supereffective|p1a: Ting-Lu
|-damage|p1a: Ting-Lu|29/100
|
|t:|1757819467
|switch|p2a: Sinistcha|Sinistcha, tera:Poison|54/100|[from] U-turn
|
|-heal|p1a: Ting-Lu|35/100|[from] item: Leftovers
|upkeep
|turn|25
|
|t:|1757819476
|move|p2a: Sinistcha|Strength Sap|p1a: Ting-Lu
|-unboost|p1a: Ting-Lu|atk|1
|-heal|p2a: Sinistcha|100/100
|move|p1a: Ting-Lu|Earthquake|p2a: Sinistcha
|-supereffective|p2a: Sinistcha
|-damage|p2a: Sinistcha|69/100
|
|-heal|p1a: Ting-Lu|41/100|[from] item: Leftovers
|upkeep
|turn|26
|
|t:|1757819485
|move|p2a: Sinistcha|Matcha Gotcha|p1a: Ting-Lu
|-supereffective|p1a: Ting-Lu
|-damage|p1a: Ting-Lu|16/100
|-heal|p2a: Sinistcha|88/100|[from] drain|[of] p1a: Ting-Lu
|move|p1a: Ting-Lu|Earthquake|p2a: Sinistcha
|-supereffective|p2a: Sinistcha
|-damage|p2a: Sinistcha|53/100
|
|-heal|p1a: Ting-Lu|22/100|[from] item: Leftovers
|upkeep
|turn|27
|j| LuLuNaNaRaRa
|l| hirumjack
|
|t:|1757819495
|move|p2a: Sinistcha|Strength Sap|p1a: Ting-Lu
|-unboost|p1a: Ting-Lu|atk|1
|-heal|p2a: Sinistcha|100/100
|move|p1a: Ting-Lu|Earthquake|p2a: Sinistcha
|-supereffective|p2a: Sinistcha
|-damage|p2a: Sinistcha|76/100
|
|-heal|p1a: Ting-Lu|28/100|[from] item: Leftovers
|upkeep
|turn|28
|
|t:|1757819504
|move|p2a: Sinistcha|Matcha Gotcha|p1a: Ting-Lu
|-supereffective|p1a: Ting-Lu
|-damage|p1a: Ting-Lu|0 fnt
|-heal|p2a: Sinistcha|97/100|[from] drain|[of] p1a: Ting-Lu
|faint|p1a: Ting-Lu
|
|upkeep
|
|t:|1757819511
|switch|p1a: 多龙巴鲁托|Dragapult, M, tera:Ghost|100/100
|turn|29
|
|t:|1757819514
|move|p1a: 多龙巴鲁托|Tera Blast|p2a: Sinistcha|[anim] Tera Blast Ghost
|-damage|p2a: Sinistcha|42/100
|move|p2a: Sinistcha|Strength Sap|p1a: 多龙巴鲁托
|-fail|p1a: 多龙巴鲁托|unboost|[from] ability: Clear Body|[of] p1a: 多龙巴鲁托
|-heal|p2a: Sinistcha|100/100
|
|upkeep
|turn|30
|
|t:|1757819522
|move|p1a: 多龙巴鲁托|Tera Blast|p2a: Sinistcha|[anim] Tera Blast Ghost
|-damage|p2a: Sinistcha|44/100
|move|p2a: Sinistcha|Strength Sap|p1a: 多龙巴鲁托
|-fail|p1a: 多龙巴鲁托|unboost|[from] ability: Clear Body|[of] p1a: 多龙巴鲁托
|-heal|p2a: Sinistcha|100/100
|
|upkeep
|turn|31
|
|t:|1757819530
|move|p1a: 多龙巴鲁托|Tera Blast|p2a: Sinistcha|[anim] Tera Blast Ghost
|-damage|p2a: Sinistcha|41/100
|move|p2a: Sinistcha|Strength Sap|p1a: 多龙巴鲁托
|-fail|p1a: 多龙巴鲁托|unboost|[from] ability: Clear Body|[of] p1a: 多龙巴鲁托
|-heal|p2a: Sinistcha|100/100
|
|upkeep
|turn|32
|
|t:|1757819537
|move|p1a: 多龙巴鲁托|Tera Blast|p2a: Sinistcha|[anim] Tera Blast Ghost
|-damage|p2a: Sinistcha|46/100
|move|p2a: Sinistcha|Strength Sap|p1a: 多龙巴鲁托
|-fail|p1a: 多龙巴鲁托|unboost|[from] ability: Clear Body|[of] p1a: 多龙巴鲁托
|-heal|p2a: Sinistcha|100/100
|
|upkeep
|turn|33
|
|t:|1757819546
|move|p1a: 多龙巴鲁托|Tera Blast|p2a: Sinistcha|[anim] Tera Blast Ghost
|-damage|p2a: Sinistcha|46/100
|move|p2a: Sinistcha|Matcha Gotcha|p1a: 多龙巴鲁托
|-damage|p1a: 多龙巴鲁托|59/100
|-heal|p2a: Sinistcha|64/100|[from] drain|[of] p1a: 多龙巴鲁托
|
|upkeep
|turn|34
|
|t:|1757819554
|move|p1a: 多龙巴鲁托|Tera Blast|p2a: Sinistcha|[anim] Tera Blast Ghost
|-damage|p2a: Sinistcha|7/100
|move|p2a: Sinistcha|Strength Sap|p1a: 多龙巴鲁托
|-fail|p1a: 多龙巴鲁托|unboost|[from] ability: Clear Body|[of] p1a: 多龙巴鲁托
|-heal|p2a: Sinistcha|100/100
|
|upkeep
|turn|35
|
|t:|1757819562
|move|p1a: 多龙巴鲁托|Tera Blast|p2a: Sinistcha|[anim] Tera Blast Ghost
|-damage|p2a: Sinistcha|46/100
|move|p2a: Sinistcha|Matcha Gotcha|p1a: 多龙巴鲁托
|-damage|p1a: 多龙巴鲁托|16/100
|-heal|p2a: Sinistcha|66/100|[from] drain|[of] p1a: 多龙巴鲁托
|
|upkeep
|turn|36
|
|t:|1757819572
|move|p1a: 多龙巴鲁托|Tera Blast|p2a: Sinistcha|[anim] Tera Blast Ghost
|-damage|p2a: Sinistcha|5/100
|move|p2a: Sinistcha|Strength Sap|p1a: 多龙巴鲁托
|-fail|p1a: 多龙巴鲁托|unboost|[from] ability: Clear Body|[of] p1a: 多龙巴鲁托
|-heal|p2a: Sinistcha|100/100
|
|upkeep
|turn|37
|
|t:|1757819579
|move|p1a: 多龙巴鲁托|Tera Blast|p2a: Sinistcha|[anim] Tera Blast Ghost
|-damage|p2a: Sinistcha|41/100
|move|p2a: Sinistcha|Shadow Ball|p1a: 多龙巴鲁托
|-supereffective|p1a: 多龙巴鲁托
|-damage|p1a: 多龙巴鲁托|0 fnt
|faint|p1a: 多龙巴鲁托
|
|upkeep
|
|t:|1757819586
|switch|p1a: Great Tusk|Great Tusk|30/100
|turn|38
|
|t:|1757819595
|move|p1a: Great Tusk|Headlong Rush|p2a: Sinistcha
|-supereffective|p2a: Sinistcha
|-damage|p2a: Sinistcha|0 fnt
|-unboost|p1a: Great Tusk|def|1
|-unboost|p1a: Great Tusk|spd|1
|faint|p2a: Sinistcha
|
|upkeep
|
|t:|1757819597
|switch|p2a: Scizor|Scizor, M|25/100
|turn|39
|
|t:|1757819603
|move|p2a: Scizor|Bullet Punch|p1a: Great Tusk
|-damage|p1a: Great Tusk|0 fnt
|-damage|p2a: Scizor|8/100|[from] item: Rocky Helmet|[of] p1a: Great Tusk
|faint|p1a: Great Tusk
|-end|p1a: Great Tusk|Protosynthesis|[silent]
|
|win|Gameprom4
|raw|jietouxiaoyu's rating: 1620 &rarr; <strong>1603</strong><br />(-17 for losing)
|raw|Gameprom4's rating: 1678 &rarr; <strong>1695</strong><br />(+17 for winning)
|l|☆Gameprom4
|player|p2|
|l|☆jietouxiaoyu
|player|p1|
|l| Raining Drawing
