|j|☆BluTurtle_
|j|☆Polgo
|t:|1757865745
|gametype|singles
|player|p1|BluTurtle_|steven|1101
|player|p2|Polgo|swimmer-gen4|1150
|gen|9
|tier|[Gen 9] OU
|rated|
|rule|HP Percentage Mod: HP is shown in percentages
|rule|Endless Battle Clause: Forcing endless battles is banned
|rule|Species Clause: Limit one of each Pokémon
|rule|OHKO Clause: OHKO moves are banned
|rule|Evasion Items Clause: Evasion items are banned
|rule|Evasion Moves Clause: Evasion moves are banned
|rule|Evasion Abilities Clause: Evasion abilities are banned
|rule|Sleep Moves Clause: Sleep-inducing moves are banned
|clearpoke
|poke|p1|Gholdengo|
|poke|p1|Glimmora, M|
|poke|p1|Comfey, F|
|poke|p1|Kingambit, M|
|poke|p1|Ogerpon-Wellspring, F|
|poke|p1|Blaziken, F|
|poke|p2|Krookodile, M|
|poke|p2|Ariados, M|
|poke|p2|Scrafty, M|
|poke|p2|Drifblim, F|
|poke|p2|Dewgong, M|
|teampreview
|inactive|Battle timer is ON: inactive players will automatically lose when time's up. (requested by BluTurtle_)
|
|t:|1757865764
|teamsize|p1|6
|teamsize|p2|5
|start
|switch|p1a: Glimmora|Glimmora, M, shiny|100/100
|switch|p2a: Krookodile|Krookodile, M|100/100
|turn|1
|
|t:|1757865768
|switch|p1a: Gholdengo|Gholdengo, shiny|100/100
|-item|p1a: Gholdengo|Air Balloon
|move|p2a: Krookodile|Taunt|p1a: Gholdengo
|-immune|p1a: Gholdengo|[from] ability: Good as Gold
|
|upkeep
|turn|2
|
|t:|1757865781
|switch|p1a: Glimmora|Glimmora, M, shiny|100/100
|move|p2a: Krookodile|Bulk Up|p2a: Krookodile
|-boost|p2a: Krookodile|atk|1
|-boost|p2a: Krookodile|def|1
|
|upkeep
|turn|3
|
|t:|1757865785
|switch|p1a: Gholdengo|Gholdengo, shiny|100/100
|-item|p1a: Gholdengo|Air Balloon
|move|p2a: Krookodile|Taunt|p1a: Gholdengo
|-immune|p1a: Gholdengo|[from] ability: Good as Gold
|
|upkeep
|turn|4
|
|t:|1757865793
|move|p2a: Krookodile|Knock Off|p1a: Gholdengo
|-supereffective|p1a: Gholdengo
|-damage|p1a: Gholdengo|0 fnt
|-enditem|p1a: Gholdengo|Air Balloon
|faint|p1a: Gholdengo
|-ability|p2a: Krookodile|Moxie|boost
|-boost|p2a: Krookodile|atk|1
|
|upkeep
|
|t:|1757865795
|switch|p1a: Glimmora|Glimmora, M, shiny|100/100
|turn|5
|
|t:|1757865803
|move|p2a: Krookodile|Earthquake|p1a: Glimmora
|-supereffective|p1a: Glimmora
|-damage|p1a: Glimmora|0 fnt
|-activate|p1a: Glimmora|ability: Toxic Debris
|-sidestart|p2: Polgo|move: Toxic Spikes
|faint|p1a: Glimmora
|-ability|p2a: Krookodile|Moxie|boost
|-boost|p2a: Krookodile|atk|1
|
|upkeep
|
|t:|1757865806
|switch|p1a: Comfey|Comfey, F, shiny|100/100
|turn|6
|
|t:|1757865809
|move|p2a: Krookodile|Earthquake|p1a: Comfey
|-damage|p1a: Comfey|0 fnt
|faint|p1a: Comfey
|-ability|p2a: Krookodile|Moxie|boost
|-boost|p2a: Krookodile|atk|1
|
|upkeep
|
|t:|1757865811
|switch|p1a: Kingambit|Kingambit, M, shiny|100/100
|-activate|p1a: Kingambit|ability: Supreme Overlord
|-start|p1a: Kingambit|fallen3|[silent]
|turn|7
|
|t:|1757865816
|move|p1a: Kingambit|Sucker Punch|p2a: Krookodile
|-resisted|p2a: Krookodile
|-damage|p2a: Krookodile|81/100
|move|p2a: Krookodile|Earthquake|p1a: Kingambit
|-supereffective|p1a: Kingambit
|-damage|p1a: Kingambit|0 fnt
|faint|p1a: Kingambit
|-end|p1a: Kingambit|fallen3|[silent]
|-ability|p2a: Krookodile|Moxie|boost
|-boost|p2a: Krookodile|atk|1
|
|upkeep
|
|t:|1757865818
|switch|p1a: Ogerpon|Ogerpon-Wellspring, F|100/100
|turn|8
|
|t:|1757865823
|move|p1a: Ogerpon|Ivy Cudgel|p2a: Krookodile|[anim] Ivy Cudgel Water
|-supereffective|p2a: Krookodile
|-damage|p2a: Krookodile|0 fnt
|faint|p2a: Krookodile
|
|upkeep
|
|t:|1757865826
|switch|p2a: Ariados|Ariados, M|100/100
|-sideend|p2: Polgo|move: Toxic Spikes|[of] p2a: Ariados
|turn|9
|
|t:|1757865836
|-terastallize|p1a: Ogerpon|Water
|detailschange|p1a: Ogerpon|Ogerpon-Wellspring-Tera, F, tera:Water
|-ability|p1a: Ogerpon|Embody Aspect (Wellspring)|boost
|-boost|p1a: Ogerpon|spd|1
|move|p1a: Ogerpon|Ivy Cudgel|p2a: Ariados|[anim] Ivy Cudgel Water
|-enditem|p2a: Ariados|Focus Sash
|-damage|p2a: Ariados|1/100
|move|p2a: Ariados|Megahorn|p1a: Ogerpon
|-damage|p1a: Ogerpon|0 fnt
|faint|p1a: Ogerpon
|detailschange|p1: Ogerpon|Ogerpon-Wellspring, F|[silent]
|
|upkeep
|
|t:|1757865838
|switch|p1a: Blaziken|Blaziken, F, shiny|100/100
|turn|10
|
|t:|1757865848
|move|p1a: Blaziken|Protect|p1a: Blaziken
|-singleturn|p1a: Blaziken|Protect
|move|p2a: Ariados|Toxic Thread|p1a: Blaziken
|-activate|p1a: Blaziken|move: Protect
|
|-ability|p1a: Blaziken|Speed Boost|boost
|-boost|p1a: Blaziken|spe|1
|upkeep
|turn|11
|
|t:|1757865860
|move|p1a: Blaziken|Knock Off|p2a: Ariados
|-damage|p2a: Ariados|0 fnt
|faint|p2a: Ariados
|-damage|p1a: Blaziken|91/100|[from] item: Life Orb
|
|-ability|p1a: Blaziken|Speed Boost|boost
|-boost|p1a: Blaziken|spe|1
|upkeep
|
|t:|1757865871
|switch|p2a: Drifblim|Drifblim, F, shiny|100/100
|turn|12
|
|t:|1757865875
|move|p1a: Blaziken|Protect|p1a: Blaziken
|-singleturn|p1a: Blaziken|Protect
|move|p2a: Drifblim|Strength Sap|p1a: Blaziken
|-activate|p1a: Blaziken|move: Protect
|
|-ability|p1a: Blaziken|Speed Boost|boost
|-boost|p1a: Blaziken|spe|1
|-status|p2a: Drifblim|brn|[from] item: Flame Orb
|upkeep
|turn|13
|
|t:|1757865890
|move|p1a: Blaziken|Knock Off|p2a: Drifblim
|-supereffective|p2a: Drifblim
|-damage|p2a: Drifblim|0 fnt
|-enditem|p2a: Drifblim|Flame Orb|[from] move: Knock Off|[of] p1a: Blaziken
|faint|p2a: Drifblim
|-damage|p1a: Blaziken|81/100|[from] item: Life Orb
|
|-ability|p1a: Blaziken|Speed Boost|boost
|-boost|p1a: Blaziken|spe|1
|upkeep
|
|t:|1757865898
|switch|p2a: Dewgong|Dewgong, M, shiny|100/100
|turn|14
|
|t:|1757865901
|move|p2a: Dewgong|Fake Out|p1a: Blaziken
|-damage|p1a: Blaziken|71/100
|cant|p1a: Blaziken|flinch
|
|-ability|p1a: Blaziken|Speed Boost|boost
|-boost|p1a: Blaziken|spe|1
|upkeep
|turn|15
|
|t:|1757865913
|-terastallize|p2a: Dewgong|Steel
|move|p1a: Blaziken|Protect|p1a: Blaziken
|-singleturn|p1a: Blaziken|Protect
|move|p2a: Dewgong|Perish Song|p2a: Dewgong
|-start|p1a: Blaziken|perish3|[silent]
|-start|p2a: Dewgong|perish3|[silent]
|-fieldactivate|move: Perish Song
|
|-start|p1a: Blaziken|perish3
|-start|p2a: Dewgong|perish3
|-ability|p1a: Blaziken|Speed Boost|boost
|-boost|p1a: Blaziken|spe|1
|upkeep
|turn|16
|
|t:|1757865919
|switch|p2a: Scrafty|Scrafty, M, shiny|100/100
|move|p1a: Blaziken|Close Combat|p2a: Scrafty
|-supereffective|p2a: Scrafty
|-damage|p2a: Scrafty|0 fnt
|-unboost|p1a: Blaziken|def|1
|-unboost|p1a: Blaziken|spd|1
|faint|p2a: Scrafty
|-damage|p1a: Blaziken|61/100|[from] item: Life Orb
|
|-start|p1a: Blaziken|perish2
|upkeep
|
|t:|1757865926
|switch|p2a: Dewgong|Dewgong, M, shiny, tera:Steel|100/100
|turn|17
|
|t:|1757865929
|move|p2a: Dewgong|Fake Out|p1a: Blaziken
|-damage|p1a: Blaziken|48/100
|cant|p1a: Blaziken|flinch
|
|-start|p1a: Blaziken|perish1
|upkeep
|turn|18
|
|t:|1757865935
|move|p1a: Blaziken|Close Combat|p2a: Dewgong
|-supereffective|p2a: Dewgong
|-damage|p2a: Dewgong|0 fnt
|-unboost|p1a: Blaziken|def|1
|-unboost|p1a: Blaziken|spd|1
|faint|p2a: Dewgong
|-damage|p1a: Blaziken|38/100|[from] item: Life Orb
|
|win|BluTurtle_
|raw|BluTurtle_'s rating: 1101 &rarr; <strong>1130</strong><br />(+29 for winning)
|raw|Polgo's rating: 1150 &rarr; <strong>1121</strong><br />(-29 for losing)
|l|☆Polgo
|player|p2|
|l|☆BluTurtle_
|player|p1|
