|j|☆jsd717
|j|☆Driz0
|t:|1757790307
|gametype|singles
|player|p1|jsd717|gambler|1442
|player|p2|Driz0|265|1454
|gen|9
|tier|[Gen 9] OU
|rated|
|rule|HP Percentage Mod: HP is shown in percentages
|rule|Endless Battle Clause: Forcing endless battles is banned
|rule|Species Clause: Limit one of each Pokémon
|rule|OHKO Clause: OHKO moves are banned
|rule|Evasion Items Clause: Evasion items are banned
|rule|Evasion Moves Clause: Evasion moves are banned
|rule|Evasion Abilities Clause: Evasion abilities are banned
|rule|Sleep Moves Clause: Sleep-inducing moves are banned
|clearpoke
|poke|p1|Alomomola, F|
|poke|p1|Dragalge, F|
|poke|p1|Lokix, M|
|poke|p1|Great Tusk|
|poke|p1|Gholdengo|
|poke|p1|Moltres|
|poke|p2|Bellibolt, M|
|poke|p2|Bisharp, M|
|poke|p2|Froslass, F|
|poke|p2|Great Tusk|
|poke|p2|Iron Valiant|
|poke|p2|Gholdengo|
|teampreview
|inactive|Battle timer is ON: inactive players will automatically lose when time's up. (requested by Driz0)
|
|t:|1757790331
|teamsize|p1|6
|teamsize|p2|6
|start
|switch|p1a: Moltres|Moltres|100/100
|switch|p2a: Froslass|Froslass, F|100/100
|turn|1
|
|t:|1757790338
|move|p2a: Froslass|Trick|p1a: Moltres
|-activate|p2a: Froslass|move: Trick|[of] p1a: Moltres
|-item|p1a: Moltres|Choice Scarf|[from] move: Trick
|-item|p2a: Froslass|Heavy-Duty Boots|[from] move: Trick
|move|p1a: Moltres|U-turn|p2a: Froslass
|-resisted|p2a: Froslass
|-damage|p2a: Froslass|91/100
|
|t:|1757790347
|switch|p1a: Gholdengo|Gholdengo|100/100|[from] U-turn
|
|upkeep
|turn|2
|
|t:|1757790351
|move|p1a: Gholdengo|Shadow Ball|p2a: Froslass
|-supereffective|p2a: Froslass
|-damage|p2a: Froslass|0 fnt
|faint|p2a: Froslass
|
|upkeep
|
|t:|1757790360
|switch|p2a: Bisharp|Bisharp, M|100/100
|turn|3
|
|t:|1757790363
|switch|p1a: Moltres|Moltres|100/100
|move|p2a: Bisharp|Stealth Rock|p1a: Moltres
|-sidestart|p1: jsd717|move: Stealth Rock
|
|upkeep
|turn|4
|
|t:|1757790368
|switch|p2a: Bellibolt|Bellibolt, M|100/100
|move|p1a: Moltres|Flamethrower|p2a: Bellibolt
|-damage|p2a: Bellibolt|67/100
|-start|p2a: Bellibolt|Charge|Flamethrower|[from] ability: Electromorphosis
|
|-heal|p2a: Bellibolt|73/100|[from] item: Leftovers
|upkeep
|turn|5
|
|t:|1757790383
|switch|p1a: Alomomola|Alomomola, F|100/100
|-damage|p1a: Alomomola|88/100|[from] Stealth Rock
|move|p2a: Bellibolt|Muddy Water|p1a: Alomomola
|-resisted|p1a: Alomomola
|-damage|p1a: Alomomola|80/100
|
|-heal|p2a: Bellibolt|79/100|[from] item: Leftovers
|upkeep
|turn|6
|
|t:|1757790392
|move|p2a: Bellibolt|Muddy Water|p1a: Alomomola
|-resisted|p1a: Alomomola
|-damage|p1a: Alomomola|72/100
|-unboost|p1a: Alomomola|accuracy|1
|move|p1a: Alomomola|Mirror Coat|p2a: Bellibolt|[miss]
|-miss|p1a: Alomomola|p2a: Bellibolt
|
|-heal|p2a: Bellibolt|85/100|[from] item: Leftovers
|upkeep
|turn|7
|
|t:|1757790401
|move|p2a: Bellibolt|Parabolic Charge|p1a: Alomomola
|-supereffective|p1a: Alomomola
|-damage|p1a: Alomomola|0 fnt
|-heal|p2a: Bellibolt|100/100|[from] drain|[of] p1a: Alomomola
|faint|p1a: Alomomola
|-end|p2a: Bellibolt|Charge|[silent]
|
|upkeep
|
|t:|1757790407
|switch|p1a: Dragalge|Dragalge, F|100/100
|-damage|p1a: Dragalge|88/100|[from] Stealth Rock
|turn|8
|
|t:|1757790423
|switch|p2a: Great Tusk|Great Tusk|100/100
|move|p1a: Dragalge|Draco Meteor|p2a: Great Tusk
|-damage|p2a: Great Tusk|0 fnt
|-unboost|p1a: Dragalge|spa|2
|faint|p2a: Great Tusk
|-end|p2a: Great Tusk|Protosynthesis|[silent]
|
|upkeep
|inactive|Driz0 has 120 seconds left.
|
|t:|1757790445
|switch|p2a: Gholdengo|Gholdengo|100/100
|turn|9
|
|t:|1757790452
|switch|p1a: Moltres|Moltres|100/100
|-damage|p1a: Moltres|51/100|[from] Stealth Rock
|move|p2a: Gholdengo|Shadow Ball|p1a: Moltres
|-damage|p1a: Moltres|14/100
|
|upkeep
|turn|10
|
|t:|1757790461
|switch|p2a: Bellibolt|Bellibolt, M|100/100
|move|p1a: Moltres|Flamethrower|p2a: Bellibolt
|-damage|p2a: Bellibolt|68/100
|-start|p2a: Bellibolt|Charge|Flamethrower|[from] ability: Electromorphosis
|
|-heal|p2a: Bellibolt|74/100|[from] item: Leftovers
|upkeep
|turn|11
|
|t:|1757790470
|move|p1a: Moltres|Flamethrower|p2a: Bellibolt
|-damage|p2a: Bellibolt|37/100
|-status|p2a: Bellibolt|brn
|-start|p2a: Bellibolt|Charge|Flamethrower|[from] ability: Electromorphosis
|move|p2a: Bellibolt|Muddy Water|p1a: Moltres
|-supereffective|p1a: Moltres
|-damage|p1a: Moltres|0 fnt
|faint|p1a: Moltres
|
|-heal|p2a: Bellibolt|43/100 brn|[from] item: Leftovers
|-damage|p2a: Bellibolt|37/100 brn|[from] brn
|upkeep
|
|t:|1757790481
|switch|p1a: Great Tusk|Great Tusk|100/100
|turn|12
|
|t:|1757790486
|-terastallize|p2a: Bellibolt|Grass
|move|p1a: Great Tusk|Headlong Rush|p2a: Bellibolt
|-resisted|p2a: Bellibolt
|-damage|p2a: Bellibolt|9/100 brn
|-unboost|p1a: Great Tusk|def|1
|-unboost|p1a: Great Tusk|spd|1
|-start|p2a: Bellibolt|Charge|Headlong Rush|[from] ability: Electromorphosis
|move|p2a: Bellibolt|Tera Blast|p1a: Great Tusk|[anim] Tera Blast Grass
|-supereffective|p1a: Great Tusk
|-damage|p1a: Great Tusk|0 fnt
|faint|p1a: Great Tusk
|-end|p1a: Great Tusk|Protosynthesis|[silent]
|
|-heal|p2a: Bellibolt|15/100 brn|[from] item: Leftovers
|-damage|p2a: Bellibolt|9/100 brn|[from] brn
|upkeep
|
|t:|1757790499
|switch|p1a: Lokix|Lokix, M|100/100
|-damage|p1a: Lokix|76/100|[from] Stealth Rock
|turn|13
|
|t:|1757790504
|move|p1a: Lokix|U-turn|p2a: Bellibolt
|-supereffective|p2a: Bellibolt
|-damage|p2a: Bellibolt|0 fnt
|faint|p2a: Bellibolt
|
|t:|1757790513
|switch|p1a: Dragalge|Dragalge, F|88/100|[from] U-turn
|-damage|p1a: Dragalge|76/100|[from] Stealth Rock
|
|upkeep
|
|t:|1757790522
|switch|p2a: Bisharp|Bisharp, M|100/100
|turn|14
|
|t:|1757790527
|move|p2a: Bisharp|Iron Head|p1a: Dragalge
|-damage|p1a: Dragalge|28/100
|move|p1a: Dragalge|Draco Meteor|p2a: Bisharp
|-resisted|p2a: Bisharp
|-damage|p2a: Bisharp|46/100
|-unboost|p1a: Dragalge|spa|2
|
|upkeep
|turn|15
|
|t:|1757790534
|move|p2a: Bisharp|Iron Head|p1a: Dragalge
|-damage|p1a: Dragalge|0 fnt
|faint|p1a: Dragalge
|
|upkeep
|
|t:|1757790539
|switch|p1a: Lokix|Lokix, M|76/100
|-damage|p1a: Lokix|51/100|[from] Stealth Rock
|turn|16
|
|t:|1757790546
|move|p1a: Lokix|U-turn|p2a: Bisharp
|-damage|p2a: Bisharp|17/100
|
|t:|1757790550
|switch|p1a: Gholdengo|Gholdengo|100/100|[from] U-turn
|-damage|p1a: Gholdengo|94/100|[from] Stealth Rock
|move|p2a: Bisharp|Iron Head|p1a: Gholdengo
|-resisted|p1a: Gholdengo
|-damage|p1a: Gholdengo|71/100
|
|upkeep
|turn|17
|
|t:|1757790561
|switch|p1a: Lokix|Lokix, M|51/100
|-damage|p1a: Lokix|26/100|[from] Stealth Rock
|move|p2a: Bisharp|Sucker Punch||[still]
|-fail|p2a: Bisharp
|
|upkeep
|turn|18
|
|t:|1757790567
|move|p2a: Bisharp|Sucker Punch|p1a: Lokix
|-resisted|p1a: Lokix
|-damage|p1a: Lokix|0 fnt
|faint|p1a: Lokix
|
|upkeep
|-message|jsd717 forfeited.
|
|win|Driz0
|raw|jsd717's rating: 1442 &rarr; <strong>1423</strong><br />(-19 for losing)
|raw|Driz0's rating: 1454 &rarr; <strong>1473</strong><br />(+19 for winning)
|l|☆jsd717
|player|p1|
|l|☆Driz0
|player|p2|
