|j|☆Nubaidpros7
|j|☆kinsword
|t:|1757846303
|gametype|singles
|player|p1|Nubaidpros7|102|1360
|player|p2|kinsword|170|1299
|gen|9
|tier|[Gen 9] OU
|rated|
|rule|HP Percentage Mod: HP is shown in percentages
|rule|Endless Battle Clause: Forcing endless battles is banned
|rule|Species Clause: Limit one of each Pokémon
|rule|OHKO Clause: OHKO moves are banned
|rule|Evasion Items Clause: Evasion items are banned
|rule|Evasion Moves Clause: Evasion moves are banned
|rule|Evasion Abilities Clause: Evasion abilities are banned
|rule|Sleep Moves Clause: Sleep-inducing moves are banned
|clearpoke
|poke|p1|Ogerpon-Wellspring, F|
|poke|p1|Kingambit, F|
|poke|p1|Landorus-Therian, M|
|poke|p1|Glimmora, M|
|poke|p1|Dragapult, F|
|poke|p1|Iron Valiant|
|poke|p2|Tyranitar, F|
|poke|p2|Samurott, M|
|poke|p2|Zapdos-Galar|
|poke|p2|Excadrill, M|
|poke|p2|Enamorus-Therian, F|
|poke|p2|Overqwil, F|
|teampreview
|inactive|Battle timer is ON: inactive players will automatically lose when time's up. (requested by kinsword)
|inactive|Nubaidpros7 also wants the timer to be on.
|
|t:|1757846321
|teamsize|p1|6
|teamsize|p2|6
|start
|switch|p1a: Landorus|Landorus-Therian, M|100/100
|switch|p2a: Zapdos|Zapdos-Galar|100/100
|-ability|p1a: Landorus|Intimidate|boost
|-unboost|p2a: Zapdos|atk|1
|-ability|p2a: Zapdos|Defiant|boost
|-boost|p2a: Zapdos|atk|2
|turn|1
|
|t:|1757846330
|move|p2a: Zapdos|Brave Bird|p1a: Landorus
|-damage|p1a: Landorus|15/100
|-damage|p2a: Zapdos|84/100|[from] item: Rocky Helmet|[of] p1a: Landorus
|-damage|p2a: Zapdos|51/100|[from] Recoil
|move|p1a: Landorus|Stealth Rock|p2a: Zapdos
|-sidestart|p2: kinsword|move: Stealth Rock
|
|upkeep
|turn|2
|inactive|Nubaidpros7 has 120 seconds left.
|
|t:|1757846363
|move|p2a: Zapdos|Brave Bird|p1a: Landorus
|-damage|p1a: Landorus|0 fnt
|-damage|p2a: Zapdos|34/100|[from] item: Rocky Helmet|[of] p1a: Landorus
|faint|p1a: Landorus
|-damage|p2a: Zapdos|28/100|[from] Recoil
|
|upkeep
|inactive|Nubaidpros7 has 120 seconds left.
|
|t:|1757846373
|switch|p1a: Glimmora|Glimmora, M|100/100
|turn|3
|
|t:|1757846377
|switch|p2a: Excadrill|Excadrill, M|100/100
|-damage|p2a: Excadrill|97/100|[from] Stealth Rock
|-ability|p2a: Excadrill|Mold Breaker
|move|p1a: Glimmora|Spikes|p2a: Excadrill
|-sidestart|p2: kinsword|Spikes
|
|upkeep
|turn|4
|
|t:|1757846396
|switch|p1a: Dragapult|Dragapult, F|100/100
|move|p2a: Excadrill|Earthquake|p1a: Dragapult
|-damage|p1a: Dragapult|33/100
|
|upkeep
|turn|5
|
|t:|1757846406
|move|p1a: Dragapult|Flamethrower|p2a: Excadrill
|-supereffective|p2a: Excadrill
|-damage|p2a: Excadrill|27/100
|move|p2a: Excadrill|Earthquake|p1a: Dragapult
|-damage|p1a: Dragapult|0 fnt
|faint|p1a: Dragapult
|
|upkeep
|
|t:|1757846412
|switch|p1a: Ogerpon|Ogerpon-Wellspring, F|100/100
|turn|6
|
|t:|1757846422
|switch|p2a: Overqwil|Overqwil, F|100/100
|-damage|p2a: Overqwil|88/100|[from] Stealth Rock
|-damage|p2a: Overqwil|76/100|[from] Spikes
|-ability|p2a: Overqwil|Intimidate|boost
|-unboost|p1a: Ogerpon|atk|1
|move|p1a: Ogerpon|Ivy Cudgel|p2a: Overqwil|[anim] Ivy Cudgel Water
|-damage|p2a: Overqwil|37/100
|
|-heal|p2a: Overqwil|43/100|[from] item: Leftovers
|upkeep
|turn|7
|
|t:|1757846441
|move|p1a: Ogerpon|Ivy Cudgel|p2a: Overqwil|[anim] Ivy Cudgel Water
|-damage|p2a: Overqwil|10/100
|move|p2a: Overqwil|Liquidation|p1a: Ogerpon
|-immune|p1a: Ogerpon|[from] ability: Water Absorb
|
|-heal|p2a: Overqwil|16/100|[from] item: Leftovers
|upkeep
|turn|8
|
|t:|1757846450
|move|p1a: Ogerpon|Ivy Cudgel|p2a: Overqwil|[anim] Ivy Cudgel Water
|-damage|p2a: Overqwil|0 fnt
|faint|p2a: Overqwil
|
|upkeep
|
|t:|1757846464
|switch|p2a: Zapdos|Zapdos-Galar|28/100
|-damage|p2a: Zapdos|16/100|[from] Stealth Rock
|turn|9
|
|t:|1757846473
|switch|p1a: Glimmora|Glimmora, M|100/100
|move|p2a: Zapdos|Brave Bird|p1a: Glimmora
|-resisted|p1a: Glimmora
|-damage|p1a: Glimmora|62/100
|-activate|p1a: Glimmora|ability: Toxic Debris
|-sidestart|p2: kinsword|move: Toxic Spikes
|-damage|p2a: Zapdos|3/100|[from] Recoil
|
|upkeep
|turn|10
|
|t:|1757846483
|switch|p2a: Excadrill|Excadrill, M|27/100
|-damage|p2a: Excadrill|23/100|[from] Stealth Rock
|-damage|p2a: Excadrill|11/100|[from] Spikes
|-ability|p2a: Excadrill|Mold Breaker
|move|p1a: Glimmora|Spikes|p2a: Excadrill
|-sidestart|p2: kinsword|Spikes
|
|upkeep
|turn|11
|
|t:|1757846492
|-terastallize|p1a: Glimmora|Ghost
|move|p2a: Excadrill|Rapid Spin|p1a: Glimmora
|-immune|p1a: Glimmora
|move|p1a: Glimmora|Meteor Beam||[still]
|-prepare|p1a: Glimmora|Meteor Beam
|-boost|p1a: Glimmora|spa|1
|-enditem|p1a: Glimmora|Power Herb
|-anim|p1a: Glimmora|Meteor Beam|p2a: Excadrill
|-resisted|p2a: Excadrill
|-damage|p2a: Excadrill|0 fnt
|faint|p2a: Excadrill
|
|upkeep
|
|t:|1757846508
|switch|p2a: Tyranitar|Tyranitar, F|100/100
|-damage|p2a: Tyranitar|88/100|[from] Stealth Rock
|-damage|p2a: Tyranitar|72/100|[from] Spikes
|-status|p2a: Tyranitar|psn
|-weather|Sandstorm|[from] ability: Sand Stream|[of] p2a: Tyranitar
|turn|12
|
|t:|1757846520
|move|p1a: Glimmora|Earth Power|p2a: Tyranitar
|-supereffective|p2a: Tyranitar
|-damage|p2a: Tyranitar|17/100 psn
|move|p2a: Tyranitar|Crunch|p1a: Glimmora
|-supereffective|p1a: Glimmora
|-damage|p1a: Glimmora|0 fnt
|-activate|p1a: Glimmora|ability: Toxic Debris
|-sidestart|p2: kinsword|move: Toxic Spikes
|faint|p1a: Glimmora
|
|-weather|Sandstorm|[upkeep]
|-damage|p2a: Tyranitar|4/100 psn|[from] psn
|upkeep
|
|t:|1757846531
|switch|p1a: Iron Valiant|Iron Valiant|100/100
|-enditem|p1a: Iron Valiant|Booster Energy
|-activate|p1a: Iron Valiant|ability: Quark Drive|[fromitem]
|-start|p1a: Iron Valiant|quarkdrivespe
|turn|13
|inactive|kinsword has 120 seconds left.
|
|t:|1757846569
|move|p1a: Iron Valiant|Swords Dance|p1a: Iron Valiant
|-boost|p1a: Iron Valiant|atk|2
|move|p2a: Tyranitar|Stone Edge|p1a: Iron Valiant
|-resisted|p1a: Iron Valiant
|-damage|p1a: Iron Valiant|61/100
|
|-weather|Sandstorm|[upkeep]
|-damage|p1a: Iron Valiant|55/100|[from] Sandstorm
|-damage|p2a: Tyranitar|0 fnt|[from] psn
|faint|p2a: Tyranitar
|upkeep
|
|t:|1757846580
|switch|p2a: Enamorus|Enamorus-Therian, F|100/100
|-damage|p2a: Enamorus|75/100|[from] Stealth Rock
|turn|14
|
|t:|1757846598
|move|p1a: Iron Valiant|Spirit Break|p2a: Enamorus
|-damage|p2a: Enamorus|9/100
|-unboost|p2a: Enamorus|spa|1
|move|p2a: Enamorus|Moonblast|p1a: Iron Valiant
|-supereffective|p1a: Iron Valiant
|-damage|p1a: Iron Valiant|0 fnt
|faint|p1a: Iron Valiant
|-end|p1a: Iron Valiant|Quark Drive|[silent]
|
|-weather|Sandstorm|[upkeep]
|upkeep
|
|t:|1757846605
|switch|p1a: Ogerpon|Ogerpon-Wellspring, F|100/100
|turn|15
|inactive|kinsword has 90 seconds left.
|
|t:|1757846639
|move|p1a: Ogerpon|Ivy Cudgel|p2a: Enamorus|[anim] Ivy Cudgel Water
|-damage|p2a: Enamorus|0 fnt
|faint|p2a: Enamorus
|
|-weather|Sandstorm|[upkeep]
|-damage|p1a: Ogerpon|95/100|[from] Sandstorm
|upkeep
|inactive|kinsword has 90 seconds left.
|
|t:|1757846647
|switch|p2a: Samurott|Samurott, M|100/100
|-damage|p2a: Samurott|88/100|[from] Stealth Rock
|-damage|p2a: Samurott|72/100|[from] Spikes
|-status|p2a: Samurott|tox
|turn|16
|
|t:|1757846655
|-terastallize|p2a: Samurott|Grass
|move|p1a: Ogerpon|Horn Leech|p2a: Samurott
|-resisted|p2a: Samurott
|-damage|p2a: Samurott|50/100 tox
|-heal|p1a: Ogerpon|100/100|[from] drain|[of] p2a: Samurott
|move|p2a: Samurott|Ice Beam|p1a: Ogerpon
|-damage|p1a: Ogerpon|69/100
|
|-weather|none
|-damage|p2a: Samurott|44/100 tox|[from] psn
|upkeep
|turn|17
|
|t:|1757846668
|move|p1a: Ogerpon|Play Rough|p2a: Samurott|[miss]
|-miss|p1a: Ogerpon|p2a: Samurott
|move|p2a: Samurott|Ice Beam|p1a: Ogerpon
|-damage|p1a: Ogerpon|33/100
|
|-damage|p2a: Samurott|31/100 tox|[from] psn
|upkeep
|turn|18
|
|t:|1757846677
|move|p1a: Ogerpon|Horn Leech|p2a: Samurott
|-resisted|p2a: Samurott
|-damage|p2a: Samurott|10/100 tox
|-heal|p1a: Ogerpon|47/100|[from] drain|[of] p2a: Samurott
|move|p2a: Samurott|Ice Beam|p1a: Ogerpon
|-damage|p1a: Ogerpon|16/100
|
|-damage|p2a: Samurott|0 fnt|[from] psn
|faint|p2a: Samurott
|upkeep
|c|☆Nubaidpros7|gg
|inactive|kinsword has 90 seconds left.
|inactive|kinsword has 60 seconds left.
|inactive|kinsword has 30 seconds left.
|inactive|kinsword has 20 seconds left.
|inactive|kinsword has 15 seconds left.
|inactive|kinsword has 10 seconds left.
|inactive|kinsword has 5 seconds left.
|-message|kinsword lost due to inactivity.
|
|win|Nubaidpros7
|raw|Nubaidpros7's rating: 1360 &rarr; <strong>1377</strong><br />(+17 for winning)
|raw|kinsword's rating: 1299 &rarr; <strong>1278</strong><br />(-21 for losing)
|l|☆kinsword
|player|p2|
