|j|☆kqbuto
|j|☆Shubway
|t:|1757846843
|gametype|singles
|player|p1|kqbuto|170|1320
|player|p2|Shubway|265|1381
|gen|9
|tier|[Gen 9] OU
|rated|
|rule|HP Percentage Mod: HP is shown in percentages
|rule|Endless Battle Clause: Forcing endless battles is banned
|rule|Species Clause: Limit one of each Pokémon
|rule|OHKO Clause: OHKO moves are banned
|rule|Evasion Items Clause: Evasion items are banned
|rule|Evasion Moves Clause: Evasion moves are banned
|rule|Evasion Abilities Clause: Evasion abilities are banned
|rule|Sleep Moves Clause: Sleep-inducing moves are banned
|clearpoke
|poke|p1|Kingambit, F|
|poke|p1|Gholdengo|
|poke|p1|Ogerpon-Cornerstone, F|
|poke|p1|Great Tusk|
|poke|p1|Araquanid, F|
|poke|p1|Iron Moth|
|poke|p2|Polteageist|
|poke|p2|Grimmsnarl, M|
|poke|p2|Indeedee, M|
|poke|p2|Salazzle, F|
|poke|p2|Hawlucha, F|
|poke|p2|Ogerpon-Wellspring, F|
|teampreview
|inactive|Battle timer is ON: inactive players will automatically lose when time's up. (requested by kqbuto)
|
|t:|1757846854
|teamsize|p1|6
|teamsize|p2|6
|start
|switch|p1a: Araquanid|Araquanid, F|100/100
|switch|p2a: Salazzle|Salazzle, F|100/100
|turn|1
|
|t:|1757846864
|move|p2a: Salazzle|Toxic|p1a: Araquanid
|-status|p1a: Araquanid|tox
|move|p1a: Araquanid|Sticky Web|p2a: Salazzle
|-sidestart|p2: Shubway|move: Sticky Web
|
|-damage|p1a: Araquanid|94/100 tox|[from] psn
|upkeep
|turn|2
|
|t:|1757846868
|switch|p2a: Ogerpon|Ogerpon-Wellspring, F|100/100
|-activate|p2a: Ogerpon|move: Sticky Web
|-unboost|p2a: Ogerpon|spe|1
|move|p1a: Araquanid|Surf|p2a: Ogerpon
|-immune|p2a: Ogerpon|[from] ability: Water Absorb
|
|-damage|p1a: Araquanid|82/100 tox|[from] psn
|upkeep
|turn|3
|inactive|kqbuto has 120 seconds left.
|
|t:|1757846921
|switch|p2a: Salazzle|Salazzle, F|100/100
|-activate|p2a: Salazzle|move: Sticky Web
|-unboost|p2a: Salazzle|spe|1
|switch|p1a: Great Tusk|Great Tusk|100/100
|
|upkeep
|turn|4
|inactive|Shubway has 120 seconds left.
|
|t:|1757846970
|switch|p2a: Grimmsnarl|Grimmsnarl, M|100/100
|-activate|p2a: Grimmsnarl|move: Sticky Web
|-unboost|p2a: Grimmsnarl|spe|1
|move|p1a: Great Tusk|Bulk Up|p1a: Great Tusk
|-boost|p1a: Great Tusk|atk|1
|-boost|p1a: Great Tusk|def|1
|
|upkeep
|turn|5
|
|t:|1757846991
|move|p1a: Great Tusk|Earthquake|p2a: Grimmsnarl
|-damage|p2a: Grimmsnarl|14/100
|move|p2a: Grimmsnarl|Spirit Break|p1a: Great Tusk
|-supereffective|p1a: Great Tusk
|-damage|p1a: Great Tusk|70/100
|-unboost|p1a: Great Tusk|spa|1
|
|-heal|p1a: Great Tusk|76/100|[from] item: Leftovers
|upkeep
|turn|6
|inactive|Shubway has 120 seconds left.
|inactive|kqbuto has 90 seconds left.
|
|t:|1757847014
|move|p2a: Grimmsnarl|Reflect|p2a: Grimmsnarl
|-sidestart|p2: Shubway|Reflect
|move|p1a: Great Tusk|Bulk Up|p1a: Great Tusk
|-boost|p1a: Great Tusk|atk|1
|-boost|p1a: Great Tusk|def|1
|
|-heal|p1a: Great Tusk|82/100|[from] item: Leftovers
|upkeep
|turn|7
|
|t:|1757847017
|move|p2a: Grimmsnarl|Light Screen|p2a: Grimmsnarl
|-sidestart|p2: Shubway|move: Light Screen
|move|p1a: Great Tusk|Bulk Up|p1a: Great Tusk
|-boost|p1a: Great Tusk|atk|1
|-boost|p1a: Great Tusk|def|1
|
|-heal|p1a: Great Tusk|88/100|[from] item: Leftovers
|upkeep
|turn|8
|
|t:|1757847027
|switch|p2a: Indeedee|Indeedee, M|100/100
|-activate|p2a: Indeedee|move: Sticky Web
|-unboost|p2a: Indeedee|spe|1
|-fieldstart|move: Psychic Terrain|[from] ability: Psychic Surge|[of] p2a: Indeedee
|move|p1a: Great Tusk|Rapid Spin|p2a: Indeedee
|-damage|p2a: Indeedee|64/100
|-boost|p1a: Great Tusk|spe|1
|
|-heal|p1a: Great Tusk|94/100|[from] item: Leftovers
|upkeep
|turn|9
|inactive|kqbuto has 90 seconds left.
|inactive|Shubway has 120 seconds left.
|inactive|Shubway has 90 seconds left.
|inactive|Shubway has 60 seconds left.
|inactive|Shubway has 30 seconds left.
|inactive|Shubway has 20 seconds left.
|inactive|Shubway has 15 seconds left.
|inactive|Shubway has 10 seconds left.
|inactive|Shubway has 5 seconds left.
|-message|Shubway lost due to inactivity.
|
|win|kqbuto
|raw|kqbuto's rating: 1320 &rarr; <strong>1343</strong><br />(+23 for winning)
|raw|Shubway's rating: 1381 &rarr; <strong>1358</strong><br />(-23 for losing)
|l|☆kqbuto
|player|p1|
