|badge|p1|silver|gen9uu|30-6
|uhtml|medal-msg|<div class="broadcast-blue">Curious what those medals under the avatar are? PS now has Ladder Seasons! For more information, check out the <a href="https://www.smogon.com/forums/threads/3740067/">thread on Smogon.</a></div>
|j|☆FP.//06
|j|☆SittinGamer
|t:|1757919338
|gametype|singles
|player|p1|FP.//06|swimmerf2-gen6|1561
|player|p2|SittinGamer|dawn-gen4pt|1616
|gen|9
|tier|[Gen 9] OU
|rated|
|rule|HP Percentage Mod: HP is shown in percentages
|rule|Endless Battle Clause: Forcing endless battles is banned
|rule|Species Clause: Limit one of each Pokémon
|rule|OHKO Clause: OHKO moves are banned
|rule|Evasion Items Clause: Evasion items are banned
|rule|Evasion Moves Clause: Evasion moves are banned
|rule|Evasion Abilities Clause: Evasion abilities are banned
|rule|Sleep Moves Clause: Sleep-inducing moves are banned
|clearpoke
|poke|p1|Ceruledge, F|
|poke|p1|Ninetales, M|
|poke|p1|Leavanny, M|
|poke|p1|Great Tusk|
|poke|p1|Walking Wake|
|poke|p1|Cinderace, F|
|poke|p2|Infernape, M|
|poke|p2|Samurott-Hisui, M|
|poke|p2|Gholdengo|
|poke|p2|Hatterene, F|
|poke|p2|Great Tusk|
|poke|p2|Zamazenta-*|
|teampreview
|
|t:|1757919382
|teamsize|p1|6
|teamsize|p2|6
|start
|switch|p1a: Ninetales|Ninetales, M|100/100
|switch|p2a: Hatterene|Hatterene, F|100/100
|-weather|SunnyDay|[from] ability: Drought|[of] p1a: Ninetales
|turn|1
|
|t:|1757919391
|move|p1a: Ninetales|Weather Ball|p2a: Hatterene
|-damage|p2a: Hatterene|73/100
|move|p2a: Hatterene|Psychic Noise|p1a: Ninetales
|-damage|p1a: Ninetales|61/100
|-start|p1a: Ninetales|move: Heal Block
|
|-weather|SunnyDay|[upkeep]
|upkeep
|turn|2
|
|t:|1757919402
|switch|p1a: Cinderace|Cinderace, F|100/100
|move|p2a: Hatterene|Psyshock|p1a: Cinderace
|-damage|p1a: Cinderace|41/100
|
|-weather|SunnyDay|[upkeep]
|upkeep
|turn|3
|
|t:|1757919416
|switch|p2a: Zamazenta|Zamazenta|100/100
|-ability|p2a: Zamazenta|Dauntless Shield|boost
|-boost|p2a: Zamazenta|def|1
|move|p1a: Cinderace|Pyro Ball|p2a: Zamazenta
|-damage|p2a: Zamazenta|38/100
|
|-weather|SunnyDay|[upkeep]
|-heal|p2a: Zamazenta|44/100|[from] item: Leftovers
|upkeep
|turn|4
|
|t:|1757919421
|switch|p1a: Leavanny|Leavanny, M|100/100
|move|p2a: Zamazenta|Body Press|p1a: Leavanny
|-resisted|p1a: Leavanny
|-damage|p1a: Leavanny|64/100
|
|-weather|SunnyDay|[upkeep]
|-heal|p2a: Zamazenta|50/100|[from] item: Leftovers
|upkeep
|turn|5
|
|t:|1757919442
|switch|p2a: Hatterene|Hatterene, F|73/100
|move|p1a: Leavanny|Leaf Storm|p2a: Hatterene
|-crit|p2a: Hatterene
|-damage|p2a: Hatterene|30/100
|-unboost|p1a: Leavanny|spa|2
|-enditem|p1a: Leavanny|Eject Pack
|
|t:|1757919445
|switch|p1a: Cinderace|Cinderace, F|41/100
|
|-weather|SunnyDay|[upkeep]
|upkeep
|turn|6
|
|t:|1757919462
|switch|p2a: Great Tusk|Great Tusk|100/100
|-activate|p2a: Great Tusk|ability: Protosynthesis
|-start|p2a: Great Tusk|protosynthesisatk
|move|p1a: Cinderace|Pyro Ball|p2a: Great Tusk|[miss]
|-miss|p1a: Cinderace|p2a: Great Tusk
|
|-weather|SunnyDay|[upkeep]
|upkeep
|turn|7
|
|t:|1757919469
|switch|p1a: Leavanny|Leavanny, M|64/100
|move|p2a: Great Tusk|Rapid Spin|p1a: Leavanny
|-damage|p1a: Leavanny|33/100
|-boost|p2a: Great Tusk|spe|1
|
|-weather|SunnyDay|[upkeep]
|upkeep
|turn|8
|
|t:|1757919475
|-terastallize|p2a: Great Tusk|Steel
|move|p1a: Leavanny|Leaf Storm|p2a: Great Tusk|[miss]
|-miss|p1a: Leavanny|p2a: Great Tusk
|move|p2a: Great Tusk|Rapid Spin|p1a: Leavanny
|-damage|p1a: Leavanny|2/100
|-boost|p2a: Great Tusk|spe|1
|
|-weather|none
|-end|p2a: Great Tusk|Protosynthesis
|upkeep
|-enditem|p2a: Great Tusk|Booster Energy
|-activate|p2a: Great Tusk|ability: Protosynthesis|[fromitem]
|-start|p2a: Great Tusk|protosynthesisspe
|turn|9
|
|t:|1757919488
|-terastallize|p1a: Leavanny|Ghost
|move|p2a: Great Tusk|Knock Off|p1a: Leavanny
|-supereffective|p1a: Leavanny
|-damage|p1a: Leavanny|0 fnt
|faint|p1a: Leavanny
|
|upkeep
|
|t:|1757919491
|switch|p1a: Ninetales|Ninetales, M|61/100
|-weather|SunnyDay|[from] ability: Drought|[of] p1a: Ninetales
|turn|10
|
|t:|1757919495
|move|p2a: Great Tusk|Headlong Rush|p1a: Ninetales
|-supereffective|p1a: Ninetales
|-damage|p1a: Ninetales|0 fnt
|-unboost|p2a: Great Tusk|def|1
|-unboost|p2a: Great Tusk|spd|1
|faint|p1a: Ninetales
|
|-weather|SunnyDay|[upkeep]
|upkeep
|
|t:|1757919497
|switch|p1a: Ceruledge|Ceruledge, F|100/100
|turn|11
|
|t:|1757919501
|-end|p2a: Great Tusk|Protosynthesis|[silent]
|switch|p2a: Samurott|Samurott-Hisui, M|100/100
|move|p1a: Ceruledge|Swords Dance|p1a: Ceruledge
|-boost|p1a: Ceruledge|atk|2
|
|-weather|SunnyDay|[upkeep]
|upkeep
|turn|12
|
|t:|1757919504
|move|p1a: Ceruledge|Solar Blade||[still]
|-prepare|p1a: Ceruledge|Solar Blade
|-anim|p1a: Ceruledge|Solar Blade|p2a: Samurott
|-supereffective|p2a: Samurott
|-damage|p2a: Samurott|0 fnt
|faint|p2a: Samurott
|
|-weather|SunnyDay|[upkeep]
|upkeep
|
|t:|1757919524
|switch|p2a: Gholdengo|Gholdengo|100/100
|turn|13
|
|t:|1757919530
|move|p2a: Gholdengo|Shadow Ball|p1a: Ceruledge
|-supereffective|p1a: Ceruledge
|-enditem|p1a: Ceruledge|Focus Sash
|-damage|p1a: Ceruledge|1/100
|-unboost|p1a: Ceruledge|spd|1
|move|p1a: Ceruledge|Bitter Blade|p2a: Gholdengo
|-supereffective|p2a: Gholdengo
|-damage|p2a: Gholdengo|0 fnt
|-heal|p1a: Ceruledge|55/100|[from] drain|[of] p2a: Gholdengo
|faint|p2a: Gholdengo
|
|-weather|SunnyDay|[upkeep]
|upkeep
|j| rainbow chrome
|
|t:|1757919535
|switch|p2a: Great Tusk|Great Tusk, tera:Steel|100/100
|-activate|p2a: Great Tusk|ability: Protosynthesis
|-start|p2a: Great Tusk|protosynthesisatk
|turn|14
|
|t:|1757919544
|switch|p1a: Walking Wake|Walking Wake|100/100
|-activate|p1a: Walking Wake|ability: Protosynthesis
|-start|p1a: Walking Wake|protosynthesisspa
|move|p2a: Great Tusk|Knock Off|p1a: Walking Wake
|-damage|p1a: Walking Wake|57/100
|-enditem|p1a: Walking Wake|Choice Specs|[from] move: Knock Off|[of] p2a: Great Tusk
|
|-weather|SunnyDay|[upkeep]
|upkeep
|turn|15
|
|t:|1757919551
|-end|p2a: Great Tusk|Protosynthesis|[silent]
|switch|p2a: Hatterene|Hatterene, F|30/100
|move|p1a: Walking Wake|Hydro Steam|p2a: Hatterene
|-damage|p2a: Hatterene|0 fnt
|faint|p2a: Hatterene
|
|-weather|SunnyDay|[upkeep]
|upkeep
|
|t:|1757919553
|switch|p2a: Zamazenta|Zamazenta|50/100
|turn|16
|
|t:|1757919557
|-end|p1a: Walking Wake|Protosynthesis|[silent]
|switch|p1a: Ceruledge|Ceruledge, F|55/100
|move|p2a: Zamazenta|Body Press|p1a: Ceruledge
|-immune|p1a: Ceruledge
|
|-weather|SunnyDay|[upkeep]
|-heal|p2a: Zamazenta|56/100|[from] item: Leftovers
|upkeep
|turn|17
|
|t:|1757919560
|move|p1a: Ceruledge|Bitter Blade|p2a: Zamazenta
|-crit|p2a: Zamazenta
|-damage|p2a: Zamazenta|0 fnt
|-heal|p1a: Ceruledge|93/100|[from] drain|[of] p2a: Zamazenta
|faint|p2a: Zamazenta
|
|-weather|none
|upkeep
|
|t:|1757919564
|switch|p2a: Infernape|Infernape, M|100/100
|turn|18
|
|t:|1757919570
|move|p2a: Infernape|Stealth Rock|p1a: Ceruledge
|-sidestart|p1: FP.//06|move: Stealth Rock
|move|p1a: Ceruledge|Swords Dance|p1a: Ceruledge
|-boost|p1a: Ceruledge|atk|2
|
|upkeep
|turn|19
|
|t:|1757919579
|switch|p2a: Great Tusk|Great Tusk, tera:Steel|100/100
|move|p1a: Ceruledge|Bitter Blade|p2a: Great Tusk
|-supereffective|p2a: Great Tusk
|-damage|p2a: Great Tusk|0 fnt
|-heal|p1a: Ceruledge|100/100|[from] drain|[of] p2a: Great Tusk
|faint|p2a: Great Tusk
|-end|p2a: Great Tusk|Protosynthesis|[silent]
|
|upkeep
|
|t:|1757919581
|switch|p2a: Infernape|Infernape, M|100/100
|turn|20
|
|t:|1757919584
|move|p1a: Ceruledge|Shadow Sneak|p2a: Infernape
|-damage|p2a: Infernape|22/100
|move|p2a: Infernape|Overheat|p1a: Ceruledge
|-resisted|p1a: Ceruledge
|-damage|p1a: Ceruledge|50/100
|-unboost|p2a: Infernape|spa|2
|
|upkeep
|turn|21
|-message|SittinGamer forfeited.
|
|win|FP.//06
|raw|FP.&#x2f;&#x2f;06's rating: 1561 &rarr; <strong>1584</strong><br />(+23 for winning)
|raw|SittinGamer's rating: 1616 &rarr; <strong>1593</strong><br />(-23 for losing)
|l|☆SittinGamer
|player|p2|
|l|☆FP.//06
|player|p1|
|l| rainbow chrome
