|j|☆wafuuuer
|j|☆36hpdc
|t:|1757787528
|gametype|singles
|player|p1|wafuuuer|265|1326
|player|p2|36hpdc|265|1292
|gen|9
|tier|[Gen 9] OU
|rated|
|rule|HP Percentage Mod: HP is shown in percentages
|rule|Endless Battle Clause: Forcing endless battles is banned
|rule|Species Clause: Limit one of each Pokémon
|rule|OHKO Clause: OHKO moves are banned
|rule|Evasion Items Clause: Evasion items are banned
|rule|Evasion Moves Clause: Evasion moves are banned
|rule|Evasion Abilities Clause: Evasion abilities are banned
|rule|Sleep Moves Clause: Sleep-inducing moves are banned
|clearpoke
|poke|p1|Dragapult, M|
|poke|p1|Glastrier|
|poke|p1|Tinkaton, F|
|poke|p1|Ting-Lu|
|poke|p1|Iron Hands|
|poke|p1|Moltres|
|poke|p2|Dusclops, F|
|poke|p2|Klefki, F|
|poke|p2|Conkeldurr, F|
|poke|p2|Ursaluna, F|
|poke|p2|Kingdra, M|
|poke|p2|Politoed, F|
|teampreview
|inactive|Battle timer is ON: inactive players will automatically lose when time's up. (requested by wafuuuer)
|
|t:|1757787541
|teamsize|p1|6
|teamsize|p2|6
|start
|switch|p1a: Tinkaton|Tinkaton, F|100/100
|switch|p2a: Conkeldurr|Conkeldurr, F|100/100
|-item|p1a: Tinkaton|Air Balloon
|turn|1
|
|t:|1757787549
|switch|p1a: Moltres|Moltres|100/100
|move|p2a: Conkeldurr|Drain Punch|p1a: Moltres
|-resisted|p1a: Moltres
|-damage|p1a: Moltres|85/100
|
|-status|p2a: Conkeldurr|brn|[from] item: Flame Orb
|upkeep
|turn|2
|
|t:|1757787560
|-terastallize|p2a: Conkeldurr|Normal
|move|p1a: Moltres|Flamethrower|p2a: Conkeldurr
|-damage|p2a: Conkeldurr|61/100 brn
|move|p2a: Conkeldurr|Facade|p1a: Moltres
|-damage|p1a: Moltres|0 fnt
|faint|p1a: Moltres
|
|-damage|p2a: Conkeldurr|55/100 brn|[from] brn
|upkeep
|
|t:|1757787583
|switch|p1a: Dragapult|Dragapult, M|100/100
|turn|3
|
|t:|1757787592
|move|p1a: Dragapult|Hex|p2a: Conkeldurr
|-immune|p2a: Conkeldurr
|move|p2a: Conkeldurr|Knock Off|p1a: Dragapult
|-supereffective|p1a: Dragapult
|-damage|p1a: Dragapult|0 fnt
|-enditem|p1a: Dragapult|Heavy-Duty Boots|[from] move: Knock Off|[of] p2a: Conkeldurr
|faint|p1a: Dragapult
|
|-damage|p2a: Conkeldurr|49/100 brn|[from] brn
|upkeep
|
|t:|1757787600
|switch|p1a: Iron Hands|Iron Hands|100/100
|turn|4
|
|t:|1757787606
|switch|p2a: Dusclops|Dusclops, F|100/100
|-item|p1a: Iron Hands|Heavy-Duty Boots|[from] ability: Frisk|[of] p2a: Dusclops
|move|p1a: Iron Hands|Drain Punch|p2a: Dusclops
|-immune|p2a: Dusclops
|
|upkeep
|turn|5
|
|t:|1757787615
|move|p1a: Iron Hands|Swords Dance|p1a: Iron Hands
|-boost|p1a: Iron Hands|atk|2
|move|p2a: Dusclops|Trick Room|p2a: Dusclops
|-fieldstart|move: Trick Room|[of] p2a: Dusclops
|
|upkeep
|turn|6
|
|t:|1757787621
|move|p2a: Dusclops|Will-O-Wisp|p1a: Iron Hands
|-status|p1a: Iron Hands|brn
|move|p1a: Iron Hands|Swords Dance|p1a: Iron Hands
|-boost|p1a: Iron Hands|atk|2
|
|-damage|p1a: Iron Hands|94/100 brn|[from] brn
|upkeep
|turn|7
|
|t:|1757787631
|move|p2a: Dusclops|Curse|p1a: Iron Hands
|-start|p1a: Iron Hands|Curse|[of] p2a: Dusclops
|-damage|p2a: Dusclops|50/100
|move|p1a: Iron Hands|Swords Dance|p1a: Iron Hands
|-boost|p1a: Iron Hands|atk|2
|
|-damage|p1a: Iron Hands|88/100 brn|[from] brn
|-damage|p1a: Iron Hands|63/100 brn|[from] Curse
|upkeep
|turn|8
|
|t:|1757787642
|move|p2a: Dusclops|Pain Split|p1a: Iron Hands
|-sethp|p1a: Iron Hands|46/100 brn|[from] move: Pain Split|[silent]
|-sethp|p2a: Dusclops|80/100|[from] move: Pain Split
|move|p1a: Iron Hands|Ice Punch|p2a: Dusclops
|-damage|p2a: Dusclops|46/100
|
|-damage|p1a: Iron Hands|40/100 brn|[from] brn
|-damage|p1a: Iron Hands|15/100 brn|[from] Curse
|upkeep
|turn|9
|
|t:|1757787654
|switch|p2a: Klefki|Klefki, F|100/100
|move|p1a: Iron Hands|Ice Punch|p2a: Klefki
|-resisted|p2a: Klefki
|-damage|p2a: Klefki|67/100
|
|-damage|p1a: Iron Hands|9/100 brn|[from] brn
|-damage|p1a: Iron Hands|0 fnt|[from] Curse
|faint|p1a: Iron Hands
|-end|p1a: Iron Hands|Quark Drive|[silent]
|-fieldend|move: Trick Room
|upkeep
|
|t:|1757787659
|switch|p1a: Glastrier|Glastrier|100/100
|turn|10
|
|t:|1757787667
|move|p2a: Klefki|Switcheroo|p1a: Glastrier
|-activate|p2a: Klefki|move: Trick|[of] p1a: Glastrier
|-item|p1a: Glastrier|Choice Scarf|[from] move: Switcheroo
|-item|p2a: Klefki|Heavy-Duty Boots|[from] move: Switcheroo
|move|p1a: Glastrier|High Horsepower|p2a: Klefki
|-supereffective|p2a: Klefki
|-damage|p2a: Klefki|0 fnt
|faint|p2a: Klefki
|-ability|p1a: Glastrier|Chilling Neigh|boost
|-boost|p1a: Glastrier|atk|1
|
|upkeep
|
|t:|1757787677
|switch|p2a: Dusclops|Dusclops, F|46/100
|-item|p1a: Glastrier|Choice Scarf|[from] ability: Frisk|[of] p2a: Dusclops
|turn|11
|
|t:|1757787682
|-terastallize|p1a: Glastrier|Ground
|move|p1a: Glastrier|High Horsepower|p2a: Dusclops
|-damage|p2a: Dusclops|0 fnt
|faint|p2a: Dusclops
|-ability|p1a: Glastrier|Chilling Neigh|boost
|-boost|p1a: Glastrier|atk|1
|
|upkeep
|
|t:|1757787690
|switch|p2a: Politoed|Politoed, F|100/100
|-weather|RainDance|[from] ability: Drizzle|[of] p2a: Politoed
|turn|12
|
|t:|1757787695
|move|p2a: Politoed|Weather Ball|p1a: Glastrier
|-supereffective|p1a: Glastrier
|-damage|p1a: Glastrier|21/100
|move|p1a: Glastrier|High Horsepower|p2a: Politoed
|-damage|p2a: Politoed|0 fnt
|faint|p2a: Politoed
|-ability|p1a: Glastrier|Chilling Neigh|boost
|-boost|p1a: Glastrier|atk|1
|
|-weather|RainDance|[upkeep]
|upkeep
|
|t:|1757787712
|switch|p2a: Kingdra|Kingdra, M|100/100
|turn|13
|
|t:|1757787715
|move|p2a: Kingdra|Weather Ball|p1a: Glastrier
|-supereffective|p1a: Glastrier
|-damage|p1a: Glastrier|0 fnt
|faint|p1a: Glastrier
|-damage|p2a: Kingdra|91/100|[from] item: Life Orb
|
|-weather|RainDance|[upkeep]
|upkeep
|-message|wafuuuer forfeited.
|
|win|36hpdc
|raw|wafuuuer's rating: 1326 &rarr; <strong>1304</strong><br />(-22 for losing)
|raw|36hpdc's rating: 1292 &rarr; <strong>1319</strong><br />(+27 for winning)
|l|☆wafuuuer
|player|p1|
|l|☆36hpdc
|player|p2|
