|j|☆jarrodbennett
|j|☆Perola Z
|t:|1757866942
|gametype|singles
|player|p1|jarrodbennett|170|1460
|player|p2|Perola Z|elesa|1468
|gen|9
|tier|[Gen 9] OU
|rated|
|rule|HP Percentage Mod: HP is shown in percentages
|rule|Endless Battle Clause: Forcing endless battles is banned
|rule|Species Clause: Limit one of each Pokémon
|rule|OHKO Clause: OHKO moves are banned
|rule|Evasion Items Clause: Evasion items are banned
|rule|Evasion Moves Clause: Evasion moves are banned
|rule|Evasion Abilities Clause: Evasion abilities are banned
|rule|Sleep Moves Clause: Sleep-inducing moves are banned
|clearpoke
|poke|p1|Ribombee, F|
|poke|p1|Cinderace, M|
|poke|p1|Serperior, F|
|poke|p1|Hitmonlee, M|
|poke|p1|Empoleon, M|
|poke|p1|Kingambit, F|
|poke|p2|Enamorus, F|
|poke|p2|Zapdos-Galar|
|poke|p2|Cinderace, M|
|poke|p2|Iron Moth|
|poke|p2|Latios, M|
|poke|p2|Primarina, M|
|teampreview
|
|t:|1757866961
|teamsize|p1|6
|teamsize|p2|6
|start
|switch|p1a: Ya Like Jazz?|Ribombee, F|100/100
|switch|p2a: Primarina|Primarina, M|100/100
|turn|1
|
|t:|1757866967
|move|p1a: Ya Like Jazz?|Sticky Web|p2a: Primarina
|-sidestart|p2: Perola Z|move: Sticky Web
|move|p2a: Primarina|Moonblast|p1a: Ya Like Jazz?
|-enditem|p1a: Ya Like Jazz?|Focus Sash
|-damage|p1a: Ya Like Jazz?|1/100
|
|upkeep
|turn|2
|
|t:|1757866974
|move|p1a: Ya Like Jazz?|Struggle Bug|p2a: Primarina
|-resisted|p2a: Primarina
|-damage|p2a: Primarina|91/100
|-unboost|p2a: Primarina|spa|1
|move|p2a: Primarina|Moonblast|p1a: Ya Like Jazz?
|-damage|p1a: Ya Like Jazz?|0 fnt
|faint|p1a: Ya Like Jazz?
|
|upkeep
|
|t:|1757866984
|switch|p1a: Slytherin|Serperior, F|100/100
|turn|3
|
|t:|1757866988
|move|p1a: Slytherin|Leaf Storm|p2a: Primarina
|-supereffective|p2a: Primarina
|-damage|p2a: Primarina|11/100
|-boost|p1a: Slytherin|spa|2
|move|p2a: Primarina|Moonblast|p1a: Slytherin
|-damage|p1a: Slytherin|40/100
|-boost|p1a: Slytherin|spa|1
|
|upkeep
|turn|4
|
|t:|1757866999
|move|p1a: Slytherin|Leaf Storm|p2a: Primarina
|-supereffective|p2a: Primarina
|-damage|p2a: Primarina|0 fnt
|-boost|p1a: Slytherin|spa|2
|faint|p2a: Primarina
|
|upkeep
|
|t:|1757867002
|switch|p2a: Cinderace|Cinderace, M|100/100
|turn|5
|
|t:|1757867010
|move|p2a: Cinderace|U-turn|p1a: Slytherin
|-start|p2a: Cinderace|typechange|Bug|[from] ability: Libero
|-supereffective|p1a: Slytherin
|-damage|p1a: Slytherin|0 fnt
|faint|p1a: Slytherin
|
|t:|1757867036
|switch|p2a: Zapdos|Zapdos-Galar|100/100|[from] U-turn
|
|upkeep
|
|t:|1757867061
|switch|p1a: What's Up Doc?|Cinderace, M|100/100
|turn|6
|
|t:|1757867081
|move|p1a: What's Up Doc?|Court Change|p1a: What's Up Doc?
|-start|p1a: What's Up Doc?|typechange|Normal|[from] ability: Libero
|-swapsideconditions
|-activate|p1a: What's Up Doc?|move: Court Change
|move|p2a: Zapdos|Brave Bird|p1a: What's Up Doc?
|-damage|p1a: What's Up Doc?|0 fnt
|faint|p1a: What's Up Doc?
|-damage|p2a: Zapdos|70/100|[from] Recoil
|
|upkeep
|
|t:|1757867092
|switch|p1a: Taking a Dump|Kingambit, F|100/100
|-activate|p1a: Taking a Dump|move: Sticky Web
|-unboost|p1a: Taking a Dump|spe|1
|-ability|p1a: Taking a Dump|Defiant|boost
|-boost|p1a: Taking a Dump|atk|2
|turn|7
|
|t:|1757867099
|-terastallize|p1a: Taking a Dump|Fairy
|move|p2a: Zapdos|Brave Bird|p1a: Taking a Dump
|-damage|p1a: Taking a Dump|40/100
|-damage|p2a: Zapdos|44/100|[from] Recoil
|move|p1a: Taking a Dump|Iron Head|p2a: Zapdos
|-damage|p2a: Zapdos|0 fnt
|faint|p2a: Zapdos
|
|upkeep
|
|t:|1757867130
|switch|p2a: Cinderace|Cinderace, M|100/100
|turn|8
|
|t:|1757867141
|move|p2a: Cinderace|Court Change|p2a: Cinderace
|-start|p2a: Cinderace|typechange|Normal|[from] ability: Libero
|-swapsideconditions
|-activate|p2a: Cinderace|move: Court Change
|move|p1a: Taking a Dump|Kowtow Cleave|p2a: Cinderace
|-damage|p2a: Cinderace|0 fnt
|faint|p2a: Cinderace
|
|upkeep
|c|☆jarrodbennett|No, give it back!
|
|t:|1757867151
|switch|p2a: Enamorus|Enamorus, F|100/100
|turn|9
|
|t:|1757867159
|move|p2a: Enamorus|Moonblast|p1a: Taking a Dump
|-damage|p1a: Taking a Dump|0 fnt
|faint|p1a: Taking a Dump
|
|upkeep
|
|t:|1757867165
|switch|p1a: Big Z|Empoleon, M|100/100
|turn|10
|
|t:|1757867173
|move|p2a: Enamorus|Earth Power|p1a: Big Z
|-supereffective|p1a: Big Z
|-damage|p1a: Big Z|62/100
|move|p1a: Big Z|Flash Cannon|p2a: Enamorus
|-supereffective|p2a: Enamorus
|-enditem|p2a: Enamorus|Focus Sash
|-damage|p2a: Enamorus|1/100
|
|upkeep
|turn|11
|
|t:|1757867183
|-terastallize|p2a: Enamorus|Ground
|move|p1a: Big Z|Vacuum Wave|p2a: Enamorus
|-damage|p2a: Enamorus|0 fnt
|faint|p2a: Enamorus
|
|upkeep
|
|t:|1757867215
|switch|p2a: Latios|Latios, M|100/100
|turn|12
|
|t:|1757867223
|move|p2a: Latios|Luster Purge|p1a: Big Z
|-resisted|p1a: Big Z
|-damage|p1a: Big Z|40/100
|-unboost|p1a: Big Z|spd|1
|-ability|p1a: Big Z|Competitive|boost
|-boost|p1a: Big Z|spa|2
|move|p1a: Big Z|Ice Beam|p2a: Latios
|-supereffective|p2a: Latios
|-damage|p2a: Latios|0 fnt
|faint|p2a: Latios
|
|upkeep
|-message|Perola Z forfeited.
|
|win|jarrodbennett
|raw|jarrodbennett's rating: 1460 &rarr; <strong>1480</strong><br />(+20 for winning)
|raw|Perola Z's rating: 1468 &rarr; <strong>1448</strong><br />(-20 for losing)
|l|☆Perola Z
|player|p2|
|l|☆jarrodbennett
|player|p1|
