|badge|p2|bronze|gen9ou|100-6
|uhtml|medal-msg|<div class="broadcast-blue">Curious what those medals under the avatar are? PS now has Ladder Seasons! For more information, check out the <a href="https://www.smogon.com/forums/threads/3740067/">thread on Smogon.</a></div>
|j|☆KingPikaPika
|j|☆Auburn Hills
|t:|1757947565
|gametype|singles
|player|p1|KingPikaPika|pokekid|1772
|player|p2|Auburn Hills|alder|1841
|gen|9
|tier|[Gen 9] OU
|rated|
|rule|HP Percentage Mod: HP is shown in percentages
|rule|Endless Battle Clause: Forcing endless battles is banned
|rule|Species Clause: Limit one of each Pokémon
|rule|OHKO Clause: OHKO moves are banned
|rule|Evasion Items Clause: Evasion items are banned
|rule|Evasion Moves Clause: Evasion moves are banned
|rule|Evasion Abilities Clause: Evasion abilities are banned
|rule|Sleep Moves Clause: Sleep-inducing moves are banned
|clearpoke
|poke|p1|Landorus-Therian, M|
|poke|p1|Clefable, M|
|poke|p1|Iron Treads|
|poke|p1|Dragapult, M|
|poke|p1|Ceruledge, F|
|poke|p1|Darkrai|
|poke|p2|Iron Moth|
|poke|p2|Umbreon, M|
|poke|p2|Garchomp, F|
|poke|p2|Glimmora, M|
|poke|p2|Gholdengo|
|poke|p2|Dragonite, M|
|teampreview
|
|t:|1757947571
|teamsize|p1|6
|teamsize|p2|6
|start
|switch|p1a: Iron Treads|Iron Treads|100/100
|switch|p2a: Julia Jacklin|Glimmora, M|100/100
|-enditem|p1a: Iron Treads|Booster Energy
|-activate|p1a: Iron Treads|ability: Quark Drive|[fromitem]
|-start|p1a: Iron Treads|quarkdrivespe
|turn|1
|
|t:|1757947574
|move|p1a: Iron Treads|Earth Power|p2a: Julia Jacklin
|-supereffective|p2a: Julia Jacklin
|-enditem|p2a: Julia Jacklin|Focus Sash
|-damage|p2a: Julia Jacklin|1/100
|-unboost|p2a: Julia Jacklin|spd|1
|move|p2a: Julia Jacklin|Earth Power|p1a: Iron Treads
|-supereffective|p1a: Iron Treads
|-damage|p1a: Iron Treads|10/100
|
|upkeep
|turn|2
|
|t:|1757947579
|move|p1a: Iron Treads|Rapid Spin|p2a: Julia Jacklin
|-resisted|p2a: Julia Jacklin
|-damage|p2a: Julia Jacklin|0 fnt
|-boost|p1a: Iron Treads|spe|1
|-activate|p2a: Julia Jacklin|ability: Toxic Debris
|-sidestart|p1: KingPikaPika|move: Toxic Spikes
|-sideend|p1: KingPikaPika|Toxic Spikes|[from] move: Rapid Spin|[of] p1a: Iron Treads
|faint|p2a: Julia Jacklin
|
|upkeep
|
|t:|1757947582
|switch|p2a: Elucid|Dragonite, M|100/100
|turn|3
|
|t:|1757947598
|-end|p1a: Iron Treads|Quark Drive|[silent]
|switch|p1a: Clefable|Clefable, M|100/100
|move|p2a: Elucid|Dragon Dance|p2a: Elucid
|-boost|p2a: Elucid|atk|1
|-boost|p2a: Elucid|spe|1
|
|upkeep
|turn|4
|
|t:|1757947602
|switch|p2a: Smino|Gholdengo|100/100
|move|p1a: Clefable|Cosmic Power|p1a: Clefable
|-boost|p1a: Clefable|def|1
|-boost|p1a: Clefable|spd|1
|
|upkeep
|turn|5
|
|t:|1757947617
|switch|p1a: Iron Treads|Iron Treads|10/100
|move|p2a: Smino|Make It Rain|p1a: Iron Treads
|-resisted|p1a: Iron Treads
|-damage|p1a: Iron Treads|0 fnt
|-unboost|p2a: Smino|spa|1
|faint|p1a: Iron Treads
|-end|p1a: Iron Treads|Quark Drive|[silent]
|
|upkeep
|
|t:|1757947629
|switch|p1a: Darkrai|Darkrai|100/100
|turn|6
|
|t:|1757947632
|switch|p2a: Alvvays|Umbreon, M|100/100
|move|p1a: Darkrai|Trick|p2a: Alvvays
|-activate|p1a: Darkrai|move: Trick|[of] p2a: Alvvays
|-item|p2a: Alvvays|Choice Scarf|[from] move: Trick
|-item|p1a: Darkrai|Leftovers|[from] move: Trick
|
|upkeep
|turn|7
|j| ebizi
|
|t:|1757947637
|switch|p1a: Landorus|Landorus-Therian, M|100/100
|-ability|p1a: Landorus|Intimidate|boost
|-fail|p2a: Alvvays|unboost|Attack|[from] ability: Inner Focus|[of] p2a: Alvvays
|move|p2a: Alvvays|Foul Play|p1a: Landorus
|-damage|p1a: Landorus|54/100
|
|-heal|p1a: Landorus|60/100|[from] item: Leftovers
|upkeep
|turn|8
|
|t:|1757947643
|switch|p1a: Clefable|Clefable, M|100/100
|move|p2a: Alvvays|Foul Play|p1a: Clefable
|-resisted|p1a: Clefable
|-damage|p1a: Clefable|93/100
|
|-heal|p1a: Clefable|99/100|[from] item: Leftovers
|upkeep
|turn|9
|
|t:|1757947646
|switch|p2a: Smino|Gholdengo|100/100
|switch|p1a: Landorus|Landorus-Therian, M|60/100
|-ability|p1a: Landorus|Intimidate|boost
|-unboost|p2a: Smino|atk|1
|
|-heal|p1a: Landorus|66/100|[from] item: Leftovers
|upkeep
|turn|10
|
|t:|1757947653
|switch|p2a: Elucid|Dragonite, M|100/100
|move|p1a: Landorus|Earthquake|p2a: Elucid
|-immune|p2a: Elucid
|
|-heal|p1a: Landorus|72/100|[from] item: Leftovers
|upkeep
|turn|11
|
|t:|1757947656
|switch|p1a: Clefable|Clefable, M|99/100
|move|p2a: Elucid|Ice Spinner|p1a: Clefable
|-damage|p1a: Clefable|75/100
|
|-heal|p1a: Clefable|81/100|[from] item: Leftovers
|upkeep
|turn|12
|
|t:|1757947660
|switch|p2a: Smino|Gholdengo|100/100
|switch|p1a: Landorus|Landorus-Therian, M|72/100
|-ability|p1a: Landorus|Intimidate|boost
|-unboost|p2a: Smino|atk|1
|
|-heal|p1a: Landorus|78/100|[from] item: Leftovers
|upkeep
|turn|13
|
|t:|1757947666
|switch|p2a: Elucid|Dragonite, M|100/100
|move|p1a: Landorus|Earthquake|p2a: Elucid
|-immune|p2a: Elucid
|
|-heal|p1a: Landorus|84/100|[from] item: Leftovers
|upkeep
|turn|14
|
|t:|1757947670
|switch|p2a: Smino|Gholdengo|100/100
|move|p1a: Landorus|Substitute|p1a: Landorus
|-start|p1a: Landorus|Substitute
|-damage|p1a: Landorus|59/100
|
|-heal|p1a: Landorus|65/100|[from] item: Leftovers
|upkeep
|turn|15
|
|t:|1757947673
|switch|p2a: Rat Tally|Garchomp, F|100/100
|move|p1a: Landorus|Bulk Up|p1a: Landorus
|-boost|p1a: Landorus|atk|1
|-boost|p1a: Landorus|def|1
|
|-heal|p1a: Landorus|71/100|[from] item: Leftovers
|upkeep
|turn|16
|
|t:|1757947676
|move|p2a: Rat Tally|Scale Shot|p1a: Landorus|[miss]
|-miss|p2a: Rat Tally|p1a: Landorus
|move|p1a: Landorus|Earthquake|p2a: Rat Tally
|-damage|p2a: Rat Tally|35/100
|
|-heal|p1a: Landorus|77/100|[from] item: Leftovers
|upkeep
|turn|17
|
|t:|1757947678
|move|p2a: Rat Tally|Scale Shot|p1a: Landorus|[miss]
|-miss|p2a: Rat Tally|p1a: Landorus
|move|p1a: Landorus|Earthquake|p2a: Rat Tally
|-damage|p2a: Rat Tally|0 fnt
|faint|p2a: Rat Tally
|
|-heal|p1a: Landorus|83/100|[from] item: Leftovers
|upkeep
|-message|Auburn Hills forfeited.
|
|win|KingPikaPika
|raw|KingPikaPika's rating: 1772 &rarr; <strong>1796</strong><br />(+24 for winning)
|raw|Auburn Hills's rating: 1841 &rarr; <strong>1817</strong><br />(-24 for losing)
|l|☆Auburn Hills
|player|p2|
|l|☆KingPikaPika
|player|p1|
|l| ebizi
