|j|☆mach95a113
|j|☆kzkskdbdj
|t:|1757819929
|gametype|singles
|player|p1|mach95a113|gardenia|1075
|player|p2|kzkskdbdj|101|1069
|gen|9
|tier|[Gen 9] OU
|rated|
|rule|HP Percentage Mod: HP is shown in percentages
|rule|Endless Battle Clause: Forcing endless battles is banned
|rule|Species Clause: Limit one of each Pokémon
|rule|OHKO Clause: OHKO moves are banned
|rule|Evasion Items Clause: Evasion items are banned
|rule|Evasion Moves Clause: Evasion moves are banned
|rule|Evasion Abilities Clause: Evasion abilities are banned
|rule|Sleep Moves Clause: Sleep-inducing moves are banned
|clearpoke
|poke|p1|Ninetales-Alola, F|
|poke|p1|Slowking-Galar, F|
|poke|p1|Primarina, F|
|poke|p1|Kyurem|
|poke|p1|Gastrodon-East, M|
|poke|p1|Cryogonal|
|poke|p2|Rotom-Wash|
|poke|p2|Corviknight, M|
|poke|p2|Incineroar, F|
|poke|p2|Dragapult, M|
|poke|p2|Gholdengo|
|poke|p2|Alomomola, M|
|teampreview
|c|☆mach95a113|Good luck!
|inactive|Battle timer is ON: inactive players will automatically lose when time's up. (requested by kzkskdbdj)
|
|t:|1757819976
|teamsize|p1|6
|teamsize|p2|6
|start
|switch|p1a: Slowking|Slowking-Galar, F|100/100
|switch|p2a: Gholdengo|Gholdengo|100/100
|-item|p2a: Gholdengo|Air Balloon
|turn|1
|inactive|kzkskdbdj has 120 seconds left.
|
|t:|1757820009
|move|p2a: Gholdengo|Shadow Ball|p1a: Slowking
|-supereffective|p1a: Slowking
|-damage|p1a: Slowking|37/100
|-prepare|p1a: Slowking|Chilly Reception|[premajor]
|move|p1a: Slowking|Chilly Reception|p1a: Slowking
|-weather|Snowscape
|inactive|mach95a113 has 120 seconds left.
|
|t:|1757820042
|switch|p1a: Primarina|Primarina, F|100/100|[from] Chilly Reception
|
|-weather|Snowscape|[upkeep]
|upkeep
|turn|2
|
|t:|1757820056
|switch|p2a: Rotom|Rotom-Wash|100/100
|move|p1a: Primarina|Psychic Noise|p2a: Rotom
|-resisted|p2a: Rotom
|-damage|p2a: Rotom|83/100
|-start|p2a: Rotom|move: Heal Block
|
|-weather|Snowscape|[upkeep]
|upkeep
|turn|3
|
|t:|1757820067
|move|p1a: Primarina|Calm Mind|p1a: Primarina
|-boost|p1a: Primarina|spa|1
|-boost|p1a: Primarina|spd|1
|move|p2a: Rotom|Volt Switch|p1a: Primarina
|-supereffective|p1a: Primarina
|-damage|p1a: Primarina|66/100
|
|t:|1757820075
|switch|p2a: Alomomola|Alomomola, M|100/100|[from] Volt Switch
|
|-weather|Snowscape|[upkeep]
|upkeep
|turn|4
|
|t:|1757820082
|switch|p1a: Slowking|Slowking-Galar, F|70/100
|move|p2a: Alomomola|Wish|p2a: Alomomola
|
|-weather|Snowscape|[upkeep]
|upkeep
|turn|5
|
|t:|1757820093
|switch|p2a: Rotom|Rotom-Wash|83/100
|move|p1a: Slowking|Future Sight|p2a: Rotom
|-start|p1a: Slowking|move: Future Sight
|
|-weather|none
|-heal|p2a: Rotom|100/100|[from] move: Wish|[wisher] Alomomola
|upkeep
|turn|6
|
|t:|1757820103
|switch|p1a: Gastrodon|Gastrodon-East, M|100/100
|move|p2a: Rotom|Will-O-Wisp|p1a: Gastrodon
|-status|p1a: Gastrodon|brn
|
|-damage|p1a: Gastrodon|94/100 brn|[from] brn
|upkeep
|turn|7
|
|t:|1757820115
|move|p2a: Rotom|Hydro Pump|p1a: Gastrodon
|-ability|p1a: Gastrodon|Storm Drain|boost
|-boost|p1a: Gastrodon|spa|1
|move|p1a: Gastrodon|Stealth Rock|p2a: Rotom
|-sidestart|p2: kzkskdbdj|move: Stealth Rock
|
|-end|p2a: Rotom|move: Future Sight
|-damage|p2a: Rotom|56/100
|-heal|p2a: Rotom|62/100|[from] item: Leftovers
|-damage|p1a: Gastrodon|88/100 brn|[from] brn
|upkeep
|turn|8
|inactive|kzkskdbdj has 120 seconds left.
|
|t:|1757820141
|switch|p2a: Corviknight|Corviknight, M|100/100
|-ability|p2a: Corviknight|Pressure
|switch|p1a: Ninetales|Ninetales-Alola, F|100/100
|-weather|Snowscape|[from] ability: Snow Warning|[of] p1a: Ninetales
|
|-weather|Snowscape|[upkeep]
|upkeep
|turn|9
|inactive|kzkskdbdj has 120 seconds left.
|
|t:|1757820156
|move|p1a: Ninetales|Blizzard|p2a: Corviknight
|-damage|p2a: Corviknight|72/100
|move|p2a: Corviknight|Brave Bird|p1a: Ninetales
|-damage|p1a: Ninetales|61/100
|-damage|p2a: Corviknight|62/100|[from] Recoil
|
|-weather|Snowscape|[upkeep]
|upkeep
|turn|10
|inactive|kzkskdbdj has 120 seconds left.
|
|t:|1757820167
|switch|p1a: Gastrodon|Gastrodon-East, M|88/100 brn
|move|p2a: Corviknight|Roost|p2a: Corviknight
|-heal|p2a: Corviknight|100/100
|-singleturn|p2a: Corviknight|move: Roost
|
|-weather|Snowscape|[upkeep]
|-damage|p1a: Gastrodon|82/100 brn|[from] brn
|upkeep
|turn|11
|inactive|kzkskdbdj has 120 seconds left.
|
|t:|1757820179
|move|p2a: Corviknight|Bulk Up|p2a: Corviknight
|-boost|p2a: Corviknight|atk|1
|-boost|p2a: Corviknight|def|1
|move|p1a: Gastrodon|Surf|p2a: Corviknight
|-damage|p2a: Corviknight|69/100
|
|-weather|Snowscape|[upkeep]
|-damage|p1a: Gastrodon|76/100 brn|[from] brn
|upkeep
|turn|12
|inactive|kzkskdbdj has 120 seconds left.
|
|t:|1757820191
|move|p2a: Corviknight|Bulk Up|p2a: Corviknight
|-boost|p2a: Corviknight|atk|1
|-boost|p2a: Corviknight|def|1
|move|p1a: Gastrodon|Surf|p2a: Corviknight
|-damage|p2a: Corviknight|38/100
|
|-weather|Snowscape|[upkeep]
|-damage|p1a: Gastrodon|70/100 brn|[from] brn
|upkeep
|turn|13
|inactive|kzkskdbdj has 120 seconds left.
|
|t:|1757820204
|move|p2a: Corviknight|Roost|p2a: Corviknight
|-heal|p2a: Corviknight|88/100
|-singleturn|p2a: Corviknight|move: Roost
|move|p1a: Gastrodon|Blizzard|p2a: Corviknight
|-resisted|p2a: Corviknight
|-damage|p2a: Corviknight|77/100
|
|-weather|Snowscape|[upkeep]
|-damage|p1a: Gastrodon|64/100 brn|[from] brn
|upkeep
|turn|14
|inactive|kzkskdbdj has 120 seconds left.
|
|t:|1757820219
|move|p2a: Corviknight|Body Press|p1a: Gastrodon
|-damage|p1a: Gastrodon|25/100 brn
|-damage|p2a: Corviknight|60/100|[from] item: Rocky Helmet|[of] p1a: Gastrodon
|move|p1a: Gastrodon|Surf|p2a: Corviknight
|-damage|p2a: Corviknight|31/100
|
|-weather|Snowscape|[upkeep]
|-damage|p1a: Gastrodon|19/100 brn|[from] brn
|upkeep
|turn|15
|inactive|kzkskdbdj has 120 seconds left.
|
|t:|1757820234
|-terastallize|p1a: Gastrodon|Ghost
|move|p2a: Corviknight|Roost|p2a: Corviknight
|-heal|p2a: Corviknight|81/100
|-singleturn|p2a: Corviknight|move: Roost
|move|p1a: Gastrodon|Blizzard|p2a: Corviknight
|-resisted|p2a: Corviknight
|-damage|p2a: Corviknight|69/100
|
|-weather|none
|-damage|p1a: Gastrodon|13/100 brn|[from] brn
|upkeep
|turn|16
|inactive|kzkskdbdj has 120 seconds left.
|
|t:|1757820263
|-terastallize|p2a: Corviknight|Flying
|move|p2a: Corviknight|Brave Bird|p1a: Gastrodon
|-crit|p1a: Gastrodon
|-damage|p1a: Gastrodon|0 fnt
|-damage|p2a: Corviknight|52/100|[from] item: Rocky Helmet|[of] p1a: Gastrodon
|faint|p1a: Gastrodon
|-damage|p2a: Corviknight|48/100|[from] Recoil
|
|upkeep
|
|t:|1757820279
|switch|p1a: Ninetales|Ninetales-Alola, F|61/100
|-weather|Snowscape|[from] ability: Snow Warning|[of] p1a: Ninetales
|turn|17
|
|t:|1757820287
|move|p1a: Ninetales|Blizzard|p2a: Corviknight
|-supereffective|p2a: Corviknight
|-damage|p2a: Corviknight|0 fnt
|faint|p2a: Corviknight
|
|-weather|Snowscape|[upkeep]
|upkeep
|
|t:|1757820304
|switch|p2a: Gholdengo|Gholdengo|100/100
|-damage|p2a: Gholdengo|94/100|[from] Stealth Rock
|-item|p2a: Gholdengo|Air Balloon
|turn|18
|
|t:|1757820313
|move|p1a: Ninetales|Aurora Veil|p1a: Ninetales
|-sidestart|p1: mach95a113|move: Aurora Veil
|move|p2a: Gholdengo|Make It Rain|p1a: Ninetales
|-supereffective|p1a: Ninetales
|-damage|p1a: Ninetales|0 fnt
|-unboost|p2a: Gholdengo|spa|1
|faint|p1a: Ninetales
|
|-weather|Snowscape|[upkeep]
|upkeep
|
|t:|1757820326
|switch|p1a: Primarina|Primarina, F|66/100
|turn|19
|
|t:|1757820336
|switch|p2a: Alomomola|Alomomola, M|100/100
|-damage|p2a: Alomomola|88/100|[from] Stealth Rock
|move|p1a: Primarina|Calm Mind|p1a: Primarina
|-boost|p1a: Primarina|spa|1
|-boost|p1a: Primarina|spd|1
|
|-weather|Snowscape|[upkeep]
|upkeep
|turn|20
|inactive|kzkskdbdj has 120 seconds left.
|
|t:|1757820351
|move|p1a: Primarina|Psychic Noise|p2a: Alomomola
|-resisted|p2a: Alomomola
|-damage|p2a: Alomomola|48/100
|-start|p2a: Alomomola|move: Heal Block
|cant|p2a: Alomomola|move: Heal Block|Wish
|
|-weather|Snowscape|[upkeep]
|upkeep
|turn|21
|inactive|kzkskdbdj has 120 seconds left.
|
|t:|1757820366
|move|p1a: Primarina|Moonblast|p2a: Alomomola
|-damage|p2a: Alomomola|0 fnt
|faint|p2a: Alomomola
|
|-weather|Snowscape|[upkeep]
|upkeep
|
|t:|1757820376
|switch|p2a: Rotom|Rotom-Wash|62/100
|-damage|p2a: Rotom|49/100|[from] Stealth Rock
|turn|22
|
|t:|1757820387
|move|p1a: Primarina|Blizzard|p2a: Rotom
|-resisted|p2a: Rotom
|-damage|p2a: Rotom|22/100
|move|p2a: Rotom|Volt Switch|p1a: Primarina
|-supereffective|p1a: Primarina
|-damage|p1a: Primarina|49/100
|
|t:|1757820405
|switch|p2a: Incineroar|Incineroar, F|100/100|[from] Volt Switch
|-damage|p2a: Incineroar|76/100|[from] Stealth Rock
|-ability|p2a: Incineroar|Intimidate|boost
|-unboost|p1a: Primarina|atk|1
|
|-weather|Snowscape|[upkeep]
|-sideend|p1: mach95a113|move: Aurora Veil
|upkeep
|turn|23
|
|t:|1757820422
|move|p2a: Incineroar|Fake Out|p1a: Primarina
|-crit|p1a: Primarina
|-damage|p1a: Primarina|25/100
|cant|p1a: Primarina|flinch
|
|-weather|Snowscape|[upkeep]
|upkeep
|turn|24
|
|t:|1757820434
|move|p1a: Primarina|Psychic Noise|p2a: Incineroar
|-supereffective|p2a: Incineroar
|-damage|p2a: Incineroar|0 fnt
|faint|p2a: Incineroar
|
|-weather|none
|upkeep
|
|t:|1757820444
|switch|p2a: Dragapult|Dragapult, M|100/100
|-damage|p2a: Dragapult|88/100|[from] Stealth Rock
|turn|25
|
|t:|1757820457
|switch|p1a: Cryogonal|Cryogonal|100/100
|move|p2a: Dragapult|Phantom Force||[still]
|-prepare|p2a: Dragapult|Phantom Force
|
|upkeep
|turn|26
|
|t:|1757820466
|move|p2a: Dragapult|Phantom Force|p1a: Cryogonal|[from] lockedmove
|-damage|p1a: Cryogonal|13/100
|-damage|p2a: Dragapult|78/100|[from] item: Life Orb
|move|p1a: Cryogonal|Snowscape|p1a: Cryogonal
|-weather|Snowscape
|
|-weather|Snowscape|[upkeep]
|upkeep
|turn|27
|
|t:|1757820480
|move|p2a: Dragapult|Dragon Dance|p2a: Dragapult
|-boost|p2a: Dragapult|atk|1
|-boost|p2a: Dragapult|spe|1
|move|p1a: Cryogonal|Recover|p1a: Cryogonal
|-heal|p1a: Cryogonal|63/100
|
|-weather|Snowscape|[upkeep]
|upkeep
|turn|28
|
|t:|1757820492
|move|p2a: Dragapult|Phantom Force||[still]
|-prepare|p2a: Dragapult|Phantom Force
|move|p1a: Cryogonal|Blizzard|p2a: Dragapult|[miss]
|-miss|p1a: Cryogonal|p2a: Dragapult
|
|-weather|Snowscape|[upkeep]
|upkeep
|turn|29
|
|t:|1757820511
|move|p2a: Dragapult|Phantom Force|p1a: Cryogonal|[from] lockedmove
|-damage|p1a: Cryogonal|0 fnt
|faint|p1a: Cryogonal
|-damage|p2a: Dragapult|69/100|[from] item: Life Orb
|
|-weather|Snowscape|[upkeep]
|upkeep
|
|t:|1757820516
|switch|p1a: Primarina|Primarina, F|25/100
|turn|30
|
|t:|1757820527
|move|p2a: Dragapult|Phantom Force||[still]
|-prepare|p2a: Dragapult|Phantom Force
|move|p1a: Primarina|Blizzard|p2a: Dragapult|[miss]
|-miss|p1a: Primarina|p2a: Dragapult
|
|-weather|none
|upkeep
|turn|31
|
|t:|1757820538
|move|p2a: Dragapult|Phantom Force|p1a: Primarina|[from] lockedmove
|-damage|p1a: Primarina|0 fnt
|faint|p1a: Primarina
|-damage|p2a: Dragapult|59/100|[from] item: Life Orb
|
|upkeep
|
|t:|1757820546
|switch|p1a: Slowking|Slowking-Galar, F|100/100
|turn|32
|
|t:|1757820551
|move|p2a: Dragapult|Phantom Force||[still]
|-prepare|p2a: Dragapult|Phantom Force
|-prepare|p1a: Slowking|Chilly Reception|[premajor]
|move|p1a: Slowking|Chilly Reception|p1a: Slowking
|-weather|Snowscape
|
|t:|1757820555
|switch|p1a: Kyurem|Kyurem|100/100|[from] Chilly Reception
|-ability|p1a: Kyurem|Pressure
|
|-weather|Snowscape|[upkeep]
|upkeep
|turn|33
|
|t:|1757820568
|move|p2a: Dragapult|Phantom Force|p1a: Kyurem|[from] lockedmove
|-damage|p1a: Kyurem|46/100
|-damage|p2a: Dragapult|49/100|[from] item: Life Orb
|move|p1a: Kyurem|Blizzard|p2a: Dragapult
|-supereffective|p2a: Dragapult
|-damage|p2a: Dragapult|0 fnt
|faint|p2a: Dragapult
|
|-weather|Snowscape|[upkeep]
|upkeep
|
|t:|1757820573
|switch|p2a: Gholdengo|Gholdengo|94/100
|-damage|p2a: Gholdengo|88/100|[from] Stealth Rock
|-item|p2a: Gholdengo|Air Balloon
|turn|34
|
|t:|1757820585
|move|p1a: Kyurem|Shadow Ball|p2a: Gholdengo
|-supereffective|p2a: Gholdengo
|-damage|p2a: Gholdengo|27/100
|-unboost|p2a: Gholdengo|spd|1
|-enditem|p2a: Gholdengo|Air Balloon
|move|p2a: Gholdengo|Thunder Wave|p1a: Kyurem
|-status|p1a: Kyurem|par
|
|-weather|Snowscape|[upkeep]
|upkeep
|turn|35
|
|t:|1757820595
|move|p2a: Gholdengo|Make It Rain|p1a: Kyurem
|-supereffective|p1a: Kyurem
|-damage|p1a: Kyurem|0 fnt
|-unboost|p2a: Gholdengo|spa|1
|faint|p1a: Kyurem
|
|-weather|Snowscape|[upkeep]
|upkeep
|
|t:|1757820599
|switch|p1a: Slowking|Slowking-Galar, F|100/100
|turn|36
|
|t:|1757820604
|move|p2a: Gholdengo|Shadow Ball|p1a: Slowking
|-supereffective|p1a: Slowking
|-damage|p1a: Slowking|57/100
|move|p1a: Slowking|Blizzard|p2a: Gholdengo
|-resisted|p2a: Gholdengo
|-damage|p2a: Gholdengo|0 fnt
|faint|p2a: Gholdengo
|
|-weather|none
|upkeep
|
|t:|1757820614
|switch|p2a: Rotom|Rotom-Wash|22/100
|-damage|p2a: Rotom|10/100|[from] Stealth Rock
|turn|37
|
|t:|1757820627
|move|p2a: Rotom|Pain Split|p1a: Slowking
|-sethp|p1a: Slowking|32/100|[from] move: Pain Split|[silent]
|-sethp|p2a: Rotom|42/100|[from] move: Pain Split
|-prepare|p1a: Slowking|Chilly Reception|[premajor]
|move|p1a: Slowking|Chilly Reception|p1a: Slowking
|-weather|Snowscape
|
|-weather|Snowscape|[upkeep]
|-heal|p2a: Rotom|48/100|[from] item: Leftovers
|upkeep
|turn|38
|
|t:|1757820633
|move|p2a: Rotom|Hydro Pump|p1a: Slowking
|-crit|p1a: Slowking
|-damage|p1a: Slowking|0 fnt
|faint|p1a: Slowking
|
|win|kzkskdbdj
|raw|mach95a113's rating: 1075 &rarr; <strong>1053</strong><br />(-22 for losing)
|raw|kzkskdbdj's rating: 1069 &rarr; <strong>1099</strong><br />(+30 for winning)
|c|☆mach95a113|Gg
|l|☆kzkskdbdj
|player|p2|
