|j|☆Gekimobile
|j|☆chamu rye
|t:|1757927525
|gametype|singles
|player|p1|Gekimobile|169|1311
|player|p2|chamu rye|lucas|1259
|gen|9
|tier|[Gen 9] OU
|rated|
|rule|HP Percentage Mod: HP is shown in percentages
|rule|Endless Battle Clause: Forcing endless battles is banned
|rule|Species Clause: Limit one of each Pokémon
|rule|OHKO Clause: OHKO moves are banned
|rule|Evasion Items Clause: Evasion items are banned
|rule|Evasion Moves Clause: Evasion moves are banned
|rule|Evasion Abilities Clause: Evasion abilities are banned
|rule|Sleep Moves Clause: Sleep-inducing moves are banned
|clearpoke
|poke|p1|Deoxys-Speed|
|poke|p1|Ceruledge, M|
|poke|p1|Samurott-Hisui, F|
|poke|p1|Darkrai|
|poke|p1|Gholdengo|
|poke|p1|Zamazenta-*|
|poke|p2|Milotic, F|
|poke|p2|Comfey, F|
|poke|p2|Scizor, F|
|poke|p2|Rotom-Heat|
|poke|p2|Heracross, M|
|poke|p2|Tyranitar, F|
|teampreview
|inactive|Battle timer is ON: inactive players will automatically lose when time's up. (requested by chamu rye)
|
|t:|1757927539
|teamsize|p1|6
|teamsize|p2|6
|start
|switch|p1a: Samurott|Samurott-Hisui, F|100/100
|switch|p2a: Tyranitar|Tyranitar, F|100/100
|-weather|Sandstorm|[from] ability: Sand Stream|[of] p2a: Tyranitar
|turn|1
|
|t:|1757927551
|-terastallize|p2a: Tyranitar|Flying
|move|p1a: Samurott|Razor Shell|p2a: Tyranitar
|-damage|p2a: Tyranitar|46/100
|move|p2a: Tyranitar|Body Slam|p1a: Samurott
|-damage|p1a: Samurott|57/100
|
|-weather|Sandstorm|[upkeep]
|-damage|p1a: Samurott|51/100|[from] Sandstorm
|-damage|p2a: Tyranitar|40/100|[from] Sandstorm
|-heal|p2a: Tyranitar|46/100|[from] item: Leftovers
|upkeep
|turn|2
|
|t:|1757927571
|switch|p2a: Comfey|Comfey, F|100/100
|move|p1a: Samurott|Razor Shell|p2a: Comfey
|-damage|p2a: Comfey|13/100
|-unboost|p2a: Comfey|def|1
|
|-weather|Sandstorm|[upkeep]
|-damage|p1a: Samurott|45/100|[from] Sandstorm
|-damage|p2a: Comfey|7/100|[from] Sandstorm
|upkeep
|turn|3
|
|t:|1757927582
|switch|p1a: Gholdengo|Gholdengo|100/100
|-item|p1a: Gholdengo|Air Balloon
|move|p2a: Comfey|Draining Kiss|p1a: Gholdengo
|-resisted|p1a: Gholdengo
|-damage|p1a: Gholdengo|92/100
|-heal|p2a: Comfey|15/100|[from] drain|[of] p1a: Gholdengo
|-enditem|p1a: Gholdengo|Air Balloon
|
|-weather|Sandstorm|[upkeep]
|-damage|p2a: Comfey|9/100|[from] Sandstorm
|upkeep
|turn|4
|
|t:|1757927594
|switch|p2a: Rotom|Rotom-Heat|100/100
|move|p1a: Gholdengo|Shadow Ball|p2a: Rotom
|-damage|p2a: Rotom|63/100
|
|-weather|Sandstorm|[upkeep]
|-damage|p2a: Rotom|57/100|[from] Sandstorm
|-heal|p2a: Rotom|63/100|[from] item: Leftovers
|upkeep
|turn|5
|
|t:|1757927608
|switch|p1a: Deoxys|Deoxys-Speed|100/100
|-ability|p1a: Deoxys|Pressure
|move|p2a: Rotom|Foul Play|p1a: Deoxys
|-supereffective|p1a: Deoxys
|-crit|p1a: Deoxys
|-damage|p1a: Deoxys|26/100
|
|-weather|none
|-heal|p2a: Rotom|69/100|[from] item: Leftovers
|upkeep
|turn|6
|
|t:|1757927623
|move|p1a: Deoxys|Stealth Rock|p2a: Rotom
|-sidestart|p2: chamu rye|move: Stealth Rock
|move|p2a: Rotom|Foul Play|p1a: Deoxys
|-supereffective|p1a: Deoxys
|-damage|p1a: Deoxys|0 fnt
|faint|p1a: Deoxys
|
|-heal|p2a: Rotom|75/100|[from] item: Leftovers
|upkeep
|
|t:|1757927629
|switch|p1a: Darkrai|Darkrai|100/100
|turn|7
|
|t:|1757927637
|move|p1a: Darkrai|Dark Pulse|p2a: Rotom
|-damage|p2a: Rotom|31/100
|-damage|p1a: Darkrai|91/100|[from] item: Life Orb
|move|p2a: Rotom|Volt Switch|p1a: Darkrai
|-crit|p1a: Darkrai
|-damage|p1a: Darkrai|43/100
|
|t:|1757927648
|switch|p2a: Heracross|Heracross, M|100/100|[from] Volt Switch
|-damage|p2a: Heracross|88/100|[from] Stealth Rock
|
|upkeep
|turn|8
|
|t:|1757927658
|move|p2a: Heracross|Megahorn|p1a: Darkrai
|-supereffective|p1a: Darkrai
|-damage|p1a: Darkrai|0 fnt
|faint|p1a: Darkrai
|-ability|p2a: Heracross|Moxie|boost
|-boost|p2a: Heracross|atk|1
|
|upkeep
|
|t:|1757927669
|switch|p1a: Zamazenta|Zamazenta|100/100
|-ability|p1a: Zamazenta|Dauntless Shield|boost
|-boost|p1a: Zamazenta|def|1
|turn|9
|
|t:|1757927682
|switch|p2a: Milotic|Milotic, F|100/100
|-damage|p2a: Milotic|88/100|[from] Stealth Rock
|move|p1a: Zamazenta|Body Press|p2a: Milotic
|-damage|p2a: Milotic|48/100
|
|-status|p2a: Milotic|brn|[from] item: Flame Orb
|upkeep
|turn|10
|
|t:|1757927691
|switch|p1a: Gholdengo|Gholdengo|92/100
|move|p2a: Milotic|Recover|p2a: Milotic
|-heal|p2a: Milotic|98/100 brn
|
|-damage|p2a: Milotic|92/100 brn|[from] brn
|upkeep
|turn|11
|
|t:|1757927705
|move|p1a: Gholdengo|Nasty Plot|p1a: Gholdengo
|-boost|p1a: Gholdengo|spa|2
|move|p2a: Milotic|Scald|p1a: Gholdengo
|-damage|p1a: Gholdengo|57/100
|
|-damage|p2a: Milotic|86/100 brn|[from] brn
|upkeep
|turn|12
|
|t:|1757927714
|move|p1a: Gholdengo|Shadow Ball|p2a: Milotic
|-damage|p2a: Milotic|26/100 brn
|move|p2a: Milotic|Haze|p2a: Milotic
|-clearallboost
|
|-damage|p2a: Milotic|20/100 brn|[from] brn
|upkeep
|turn|13
|
|t:|1757927724
|move|p1a: Gholdengo|Shadow Ball|p2a: Milotic
|-damage|p2a: Milotic|0 fnt
|faint|p2a: Milotic
|
|upkeep
|
|t:|1757927732
|switch|p2a: Heracross|Heracross, M|88/100
|-damage|p2a: Heracross|76/100|[from] Stealth Rock
|turn|14
|
|t:|1757927738
|switch|p1a: Zamazenta|Zamazenta|100/100
|move|p2a: Heracross|Earthquake|p1a: Zamazenta
|-damage|p1a: Zamazenta|75/100
|
|-heal|p1a: Zamazenta|82/100|[from] item: Leftovers
|upkeep
|turn|15
|
|t:|1757927747
|switch|p2a: Tyranitar|Tyranitar, F, tera:Flying|46/100
|-damage|p2a: Tyranitar|21/100|[from] Stealth Rock
|-weather|Sandstorm|[from] ability: Sand Stream|[of] p2a: Tyranitar
|move|p1a: Zamazenta|Body Press|p2a: Tyranitar
|-resisted|p2a: Tyranitar
|-damage|p2a: Tyranitar|11/100
|
|-weather|Sandstorm|[upkeep]
|-damage|p1a: Zamazenta|75/100|[from] Sandstorm
|-damage|p2a: Tyranitar|5/100|[from] Sandstorm
|-heal|p1a: Zamazenta|82/100|[from] item: Leftovers
|-heal|p2a: Tyranitar|11/100|[from] item: Leftovers
|upkeep
|turn|16
|
|t:|1757927761
|move|p1a: Zamazenta|Iron Defense|p1a: Zamazenta
|-boost|p1a: Zamazenta|def|2
|move|p2a: Tyranitar|Stealth Rock|p1a: Zamazenta
|-sidestart|p1: Gekimobile|move: Stealth Rock
|
|-weather|Sandstorm|[upkeep]
|-damage|p1a: Zamazenta|75/100|[from] Sandstorm
|-damage|p2a: Tyranitar|5/100|[from] Sandstorm
|-heal|p1a: Zamazenta|82/100|[from] item: Leftovers
|-heal|p2a: Tyranitar|11/100|[from] item: Leftovers
|upkeep
|turn|17
|
|t:|1757927771
|move|p1a: Zamazenta|Crunch|p2a: Tyranitar
|-damage|p2a: Tyranitar|0 fnt
|faint|p2a: Tyranitar
|
|-weather|Sandstorm|[upkeep]
|-damage|p1a: Zamazenta|75/100|[from] Sandstorm
|-heal|p1a: Zamazenta|82/100|[from] item: Leftovers
|upkeep
|
|t:|1757927779
|switch|p2a: Scizor|Scizor, F|100/100
|-damage|p2a: Scizor|88/100|[from] Stealth Rock
|turn|18
|
|t:|1757927787
|move|p1a: Zamazenta|Body Press|p2a: Scizor
|-damage|p2a: Scizor|31/100
|-enditem|p2a: Scizor|Sitrus Berry|[eat]
|-heal|p2a: Scizor|56/100|[from] item: Sitrus Berry
|move|p2a: Scizor|Dual Wingbeat|p1a: Zamazenta
|-supereffective|p1a: Zamazenta
|-damage|p1a: Zamazenta|63/100
|-supereffective|p1a: Zamazenta
|-damage|p1a: Zamazenta|45/100
|-hitcount|p1a: Zamazenta|2
|
|-weather|Sandstorm|[upkeep]
|-damage|p1a: Zamazenta|39/100|[from] Sandstorm
|-heal|p1a: Zamazenta|45/100|[from] item: Leftovers
|upkeep
|turn|19
|
|t:|1757927801
|move|p1a: Zamazenta|Body Press|p2a: Scizor
|-crit|p2a: Scizor
|-damage|p2a: Scizor|0 fnt
|faint|p2a: Scizor
|
|-weather|none
|-heal|p1a: Zamazenta|51/100|[from] item: Leftovers
|upkeep
|
|t:|1757927810
|switch|p2a: Comfey|Comfey, F|9/100
|-damage|p2a: Comfey|0 fnt|[from] Stealth Rock
|faint|p2a: Comfey
|
|t:|1757927814
|switch|p2a: Rotom|Rotom-Heat|31/100
|-damage|p2a: Rotom|6/100|[from] Stealth Rock
|turn|20
|
|t:|1757927821
|move|p1a: Zamazenta|Body Press|p2a: Rotom
|-damage|p2a: Rotom|0 fnt
|faint|p2a: Rotom
|
|-heal|p1a: Zamazenta|57/100|[from] item: Leftovers
|upkeep
|
|t:|1757927828
|switch|p2a: Heracross|Heracross, M|76/100
|-damage|p2a: Heracross|64/100|[from] Stealth Rock
|turn|21
|
|t:|1757927840
|move|p2a: Heracross|Earthquake|p1a: Zamazenta
|-damage|p1a: Zamazenta|44/100
|move|p1a: Zamazenta|Body Press|p2a: Heracross
|-resisted|p2a: Heracross
|-damage|p2a: Heracross|17/100
|
|-heal|p1a: Zamazenta|50/100|[from] item: Leftovers
|upkeep
|turn|22
|
|t:|1757927848
|move|p2a: Heracross|Earthquake|p1a: Zamazenta
|-damage|p1a: Zamazenta|38/100
|move|p1a: Zamazenta|Body Press|p2a: Heracross
|-resisted|p2a: Heracross
|-damage|p2a: Heracross|0 fnt
|faint|p2a: Heracross
|
|win|Gekimobile
|raw|Gekimobile's rating: 1311 &rarr; <strong>1328</strong><br />(+17 for winning)
|raw|chamu rye's rating: 1259 &rarr; <strong>1238</strong><br />(-21 for losing)
|l|☆Gekimobile
|player|p1|
|l|☆chamu rye
|player|p2|
