|j|‽wwesucks
|j|☆lupiit
|t:|1757912310
|gametype|singles
|player|p1|wwesucks|miku-ice|1446
|player|p2|lupiit|dragontamer|1471
|gen|9
|tier|[Gen 9] OU
|rated|
|rule|HP Percentage Mod: HP is shown in percentages
|rule|Endless Battle Clause: Forcing endless battles is banned
|rule|Species Clause: Limit one of each Pokémon
|rule|OHKO Clause: OHKO moves are banned
|rule|Evasion Items Clause: Evasion items are banned
|rule|Evasion Moves Clause: Evasion moves are banned
|rule|Evasion Abilities Clause: Evasion abilities are banned
|rule|Sleep Moves Clause: Sleep-inducing moves are banned
|clearpoke
|poke|p1|Rotom-Wash|
|poke|p1|Blaziken, F|
|poke|p1|Sinistcha|
|poke|p1|Excadrill, M|
|poke|p1|Zamazenta-*|
|poke|p1|Tyranitar, M|
|poke|p2|Kyurem|
|poke|p2|Latias, F|
|poke|p2|Skeledirge, M|
|poke|p2|Cinderace, F|
|poke|p2|Garchomp, F|
|poke|p2|Mew|
|teampreview
|inactive|Battle timer is ON: inactive players will automatically lose when time's up. (requested by lupiit)
|
|t:|1757912324
|teamsize|p1|6
|teamsize|p2|6
|start
|switch|p1a: Rotom|Rotom-Wash|100/100
|switch|p2a: Cinderace|Cinderace, F|100/100
|turn|1
|
|t:|1757912328
|move|p2a: Cinderace|U-turn|p1a: Rotom
|-start|p2a: Cinderace|typechange|Bug|[from] ability: Libero
|-damage|p1a: Rotom|66/100
|
|t:|1757912330
|switch|p2a: Garchomp|Garchomp, F|100/100|[from] U-turn
|move|p1a: Rotom|Volt Switch|p2a: Garchomp
|-immune|p2a: Garchomp
|
|-heal|p1a: Rotom|71/100|[from] item: Leftovers
|upkeep
|turn|2
|
|t:|1757912338
|move|p2a: Garchomp|Stealth Rock|p1a: Rotom
|-sidestart|p1: wwesucks|move: Stealth Rock
|move|p1a: Rotom|Will-O-Wisp|p2a: Garchomp|[miss]
|-miss|p1a: Rotom|p2a: Garchomp
|
|-heal|p1a: Rotom|77/100|[from] item: Leftovers
|upkeep
|turn|3
|
|t:|1757912344
|switch|p2a: Mew|Mew|100/100
|move|p1a: Rotom|Will-O-Wisp|p2a: Mew
|-status|p2a: Mew|brn
|-activate|p2a: Mew|ability: Synchronize
|-status|p1a: Rotom|brn
|
|-heal|p1a: Rotom|83/100 brn|[from] item: Leftovers
|-damage|p2a: Mew|94/100 brn|[from] brn
|-damage|p1a: Rotom|77/100 brn|[from] brn
|upkeep
|turn|4
|
|t:|1757912355
|move|p2a: Mew|Reflect|p2a: Mew
|-sidestart|p2: lupiit|Reflect
|move|p1a: Rotom|Volt Switch|p2a: Mew
|-damage|p2a: Mew|72/100 brn
|
|t:|1757912360
|switch|p1a: Excadrill|Excadrill, M|100/100|[from] Volt Switch
|-damage|p1a: Excadrill|97/100|[from] Stealth Rock
|
|-heal|p1a: Excadrill|100/100|[from] item: Leftovers
|-damage|p2a: Mew|66/100 brn|[from] brn
|upkeep
|turn|5
|
|t:|1757912365
|switch|p2a: Garchomp|Garchomp, F|100/100
|move|p1a: Excadrill|Rapid Spin|p2a: Garchomp
|-damage|p2a: Garchomp|94/100
|-boost|p1a: Excadrill|spe|1
|-damage|p1a: Excadrill|88/100|[from] ability: Rough Skin|[of] p2a: Garchomp
|-damage|p1a: Excadrill|71/100|[from] item: Rocky Helmet|[of] p2a: Garchomp
|-sideend|p1: wwesucks|Stealth Rock|[from] move: Rapid Spin|[of] p1a: Excadrill
|
|-heal|p1a: Excadrill|78/100|[from] item: Leftovers
|upkeep
|turn|6
|
|t:|1757912373
|switch|p1a: Rotom|Rotom-Wash|77/100 brn
|move|p2a: Garchomp|Earthquake|p1a: Rotom
|-immune|p1a: Rotom|[from] ability: Levitate
|
|-heal|p1a: Rotom|83/100 brn|[from] item: Leftovers
|-damage|p1a: Rotom|77/100 brn|[from] brn
|upkeep
|turn|7
|
|t:|1757912388
|move|p2a: Garchomp|Stealth Rock|p1a: Rotom
|-sidestart|p1: wwesucks|move: Stealth Rock
|move|p1a: Rotom|Will-O-Wisp|p2a: Garchomp|[miss]
|-miss|p1a: Rotom|p2a: Garchomp
|
|-heal|p1a: Rotom|83/100 brn|[from] item: Leftovers
|-damage|p1a: Rotom|77/100 brn|[from] brn
|upkeep
|turn|8
|
|t:|1757912397
|switch|p2a: Mew|Mew|66/100 brn
|move|p1a: Rotom|Will-O-Wisp|p2a: Mew
|-fail|p2a: Mew|brn
|
|-heal|p1a: Rotom|83/100 brn|[from] item: Leftovers
|-damage|p2a: Mew|59/100 brn|[from] brn
|-damage|p1a: Rotom|77/100 brn|[from] brn
|upkeep
|turn|9
|
|t:|1757912421
|move|p2a: Mew|Light Screen|p2a: Mew
|-sidestart|p2: lupiit|move: Light Screen
|move|p1a: Rotom|Volt Switch|p2a: Mew
|-damage|p2a: Mew|49/100 brn
|
|t:|1757912434
|switch|p1a: Tyranitar|Tyranitar, M|100/100|[from] Volt Switch
|-damage|p1a: Tyranitar|88/100|[from] Stealth Rock
|-weather|Sandstorm|[from] ability: Sand Stream|[of] p1a: Tyranitar
|
|-weather|Sandstorm|[upkeep]
|-damage|p2a: Mew|43/100 brn|[from] Sandstorm
|-damage|p2a: Mew|36/100 brn|[from] brn
|upkeep
|turn|10
|inactive|lupiit has 120 seconds left.
|
|t:|1757912463
|move|p2a: Mew|Toxic|p1a: Tyranitar
|-status|p1a: Tyranitar|tox
|move|p1a: Tyranitar|Stealth Rock|p2a: Mew
|-sidestart|p2: lupiit|move: Stealth Rock
|
|-weather|Sandstorm|[upkeep]
|-damage|p2a: Mew|30/100 brn|[from] Sandstorm
|-damage|p1a: Tyranitar|82/100 tox|[from] psn
|-damage|p2a: Mew|24/100 brn|[from] brn
|upkeep
|turn|11
|
|t:|1757912473
|move|p2a: Mew|Protect|p2a: Mew
|-singleturn|p2a: Mew|Protect
|move|p1a: Tyranitar|Knock Off|p2a: Mew
|-activate|p2a: Mew|move: Protect
|
|-weather|Sandstorm|[upkeep]
|-damage|p2a: Mew|18/100 brn|[from] Sandstorm
|-damage|p1a: Tyranitar|70/100 tox|[from] psn
|-damage|p2a: Mew|12/100 brn|[from] brn
|-sideend|p2: lupiit|Reflect
|upkeep
|turn|12
|inactive|lupiit has 120 seconds left.
|inactive|lupiit has 90 seconds left.
|
|t:|1757912543
|move|p2a: Mew|Protect||[still]
|-fail|p2a: Mew
|move|p1a: Tyranitar|Knock Off|p2a: Mew
|-supereffective|p2a: Mew
|-damage|p2a: Mew|0 fnt
|-enditem|p2a: Mew|Light Clay|[from] move: Knock Off|[of] p1a: Tyranitar
|faint|p2a: Mew
|
|-weather|Sandstorm|[upkeep]
|-damage|p1a: Tyranitar|51/100 tox|[from] psn
|upkeep
|
|t:|1757912545
|switch|p2a: Cinderace|Cinderace, F|100/100
|turn|13
|
|t:|1757912551
|switch|p1a: Rotom|Rotom-Wash|77/100 brn
|-damage|p1a: Rotom|65/100 brn|[from] Stealth Rock
|move|p2a: Cinderace|U-turn|p1a: Rotom
|-start|p2a: Cinderace|typechange|Bug|[from] ability: Libero
|-damage|p1a: Rotom|30/100 brn
|inactive|lupiit has 90 seconds left.
|
|t:|1757912583
|switch|p2a: Kyurem|Kyurem|100/100|[from] U-turn
|-damage|p2a: Kyurem|75/100|[from] Stealth Rock
|-ability|p2a: Kyurem|Pressure
|
|-weather|Sandstorm|[upkeep]
|-damage|p2a: Kyurem|69/100|[from] Sandstorm
|-damage|p1a: Rotom|24/100 brn|[from] Sandstorm
|-heal|p1a: Rotom|30/100 brn|[from] item: Leftovers
|-damage|p1a: Rotom|24/100 brn|[from] brn
|upkeep
|turn|14
|
|t:|1757912597
|move|p2a: Kyurem|Freeze-Dry|p1a: Rotom
|-supereffective|p1a: Rotom
|-damage|p1a: Rotom|0 fnt
|faint|p1a: Rotom
|
|-weather|Sandstorm|[upkeep]
|-damage|p2a: Kyurem|63/100|[from] Sandstorm
|upkeep
|
|t:|1757912600
|switch|p1a: Blaziken|Blaziken, F|100/100
|-damage|p1a: Blaziken|88/100|[from] Stealth Rock
|turn|15
|
|t:|1757912602
|switch|p2a: Garchomp|Garchomp, F|94/100
|-damage|p2a: Garchomp|88/100|[from] Stealth Rock
|move|p1a: Blaziken|Protect||[still]
|-fail|p1a: Blaziken
|
|-weather|Sandstorm|[upkeep]
|-damage|p1a: Blaziken|82/100|[from] Sandstorm
|-ability|p1a: Blaziken|Speed Boost|boost
|-boost|p1a: Blaziken|spe|1
|upkeep
|turn|16
|
|t:|1757912607
|switch|p1a: Sinistcha|Sinistcha|100/100
|move|p2a: Garchomp|Earthquake|p1a: Sinistcha
|-resisted|p1a: Sinistcha
|-damage|p1a: Sinistcha|85/100
|
|-weather|none
|-sideend|p2: lupiit|move: Light Screen
|upkeep
|turn|17
|
|t:|1757912611
|move|p1a: Sinistcha|Calm Mind|p1a: Sinistcha
|-boost|p1a: Sinistcha|spa|1
|-boost|p1a: Sinistcha|spd|1
|move|p2a: Garchomp|Dragon Tail|p1a: Sinistcha
|-damage|p1a: Sinistcha|65/100
|drag|p1a: Zamazenta|Zamazenta|100/100
|-damage|p1a: Zamazenta|94/100|[from] Stealth Rock
|-ability|p1a: Zamazenta|Dauntless Shield|boost
|-boost|p1a: Zamazenta|def|1
|
|-heal|p1a: Zamazenta|100/100|[from] item: Leftovers
|upkeep
|turn|18
|
|t:|1757912619
|move|p1a: Zamazenta|Body Press|p2a: Garchomp
|-damage|p2a: Garchomp|57/100
|-damage|p1a: Zamazenta|88/100|[from] ability: Rough Skin|[of] p2a: Garchomp
|-damage|p1a: Zamazenta|72/100|[from] item: Rocky Helmet|[of] p2a: Garchomp
|move|p2a: Garchomp|Dragon Tail|p1a: Zamazenta
|-damage|p1a: Zamazenta|58/100
|drag|p1a: Sinistcha|Sinistcha|65/100
|
|upkeep
|turn|19
|
|t:|1757912624
|switch|p2a: Kyurem|Kyurem|63/100
|-damage|p2a: Kyurem|38/100|[from] Stealth Rock
|-ability|p2a: Kyurem|Pressure
|move|p1a: Sinistcha|Matcha Gotcha|p2a: Kyurem
|-resisted|p2a: Kyurem
|-damage|p2a: Kyurem|23/100
|-heal|p1a: Sinistcha|74/100|[from] drain|[of] p2a: Kyurem
|-status|p2a: Kyurem|brn
|
|-damage|p2a: Kyurem|17/100 brn|[from] brn
|upkeep
|turn|20
|
|t:|1757912642
|switch|p1a: Tyranitar|Tyranitar, M|51/100 tox
|-damage|p1a: Tyranitar|39/100 tox|[from] Stealth Rock
|-weather|Sandstorm|[from] ability: Sand Stream|[of] p1a: Tyranitar
|move|p2a: Kyurem|Ice Beam|p1a: Tyranitar
|-damage|p1a: Tyranitar|18/100 tox
|
|-weather|Sandstorm|[upkeep]
|-damage|p2a: Kyurem|11/100 brn|[from] Sandstorm
|-damage|p1a: Tyranitar|12/100 tox|[from] psn
|-damage|p2a: Kyurem|5/100 brn|[from] brn
|upkeep
|turn|21
|
|t:|1757912669
|move|p2a: Kyurem|Ice Beam|p1a: Tyranitar
|-damage|p1a: Tyranitar|0 fnt
|faint|p1a: Tyranitar
|
|-weather|Sandstorm|[upkeep]
|-damage|p2a: Kyurem|0 fnt|[from] Sandstorm
|faint|p2a: Kyurem
|upkeep
|
|t:|1757912677
|switch|p2a: Cinderace|Cinderace, F|100/100
|switch|p1a: Excadrill|Excadrill, M|78/100
|-damage|p1a: Excadrill|74/100|[from] Stealth Rock
|turn|22
|
|t:|1757912687
|move|p1a: Excadrill|Earthquake|p2a: Cinderace
|-supereffective|p2a: Cinderace
|-crit|p2a: Cinderace
|-damage|p2a: Cinderace|0 fnt
|faint|p2a: Cinderace
|
|-weather|Sandstorm|[upkeep]
|-heal|p1a: Excadrill|81/100|[from] item: Leftovers
|upkeep
|
|t:|1757912690
|switch|p2a: Garchomp|Garchomp, F|57/100
|-damage|p2a: Garchomp|51/100|[from] Stealth Rock
|turn|23
|
|t:|1757912697
|-terastallize|p1a: Excadrill|Ice
|move|p1a: Excadrill|Tera Blast|p2a: Garchomp|[anim] Tera Blast Ice
|-supereffective|p2a: Garchomp
|-damage|p2a: Garchomp|0 fnt
|faint|p2a: Garchomp
|
|-weather|Sandstorm|[upkeep]
|-heal|p1a: Excadrill|87/100|[from] item: Leftovers
|upkeep
|
|t:|1757912700
|switch|p2a: Skeledirge|Skeledirge, M, shiny|100/100
|-damage|p2a: Skeledirge|75/100|[from] Stealth Rock
|turn|24
|
|t:|1757912702
|-terastallize|p2a: Skeledirge|Grass
|move|p1a: Excadrill|Earthquake|p2a: Skeledirge
|-resisted|p2a: Skeledirge
|-damage|p2a: Skeledirge|50/100
|move|p2a: Skeledirge|Torch Song|p1a: Excadrill
|-supereffective|p1a: Excadrill
|-damage|p1a: Excadrill|0 fnt
|-boost|p2a: Skeledirge|spa|1
|faint|p1a: Excadrill
|
|-weather|Sandstorm|[upkeep]
|-damage|p2a: Skeledirge|44/100|[from] Sandstorm
|upkeep
|
|t:|1757912708
|switch|p1a: Blaziken|Blaziken, F|82/100
|-damage|p1a: Blaziken|70/100|[from] Stealth Rock
|turn|25
|
|t:|1757912711
|move|p1a: Blaziken|Fire Blast|p2a: Skeledirge
|-supereffective|p2a: Skeledirge
|-damage|p2a: Skeledirge|0 fnt
|faint|p2a: Skeledirge
|
|-weather|Sandstorm|[upkeep]
|-damage|p1a: Blaziken|64/100|[from] Sandstorm
|-ability|p1a: Blaziken|Speed Boost|boost
|-boost|p1a: Blaziken|spe|1
|upkeep
|
|t:|1757912712
|switch|p2a: Latias|Latias, F|100/100
|-damage|p2a: Latias|88/100|[from] Stealth Rock
|turn|26
|
|t:|1757912719
|switch|p1a: Zamazenta|Zamazenta|58/100
|-damage|p1a: Zamazenta|52/100|[from] Stealth Rock
|move|p2a: Latias|Calm Mind|p2a: Latias
|-boost|p2a: Latias|spa|1
|-boost|p2a: Latias|spd|1
|
|-weather|Sandstorm|[upkeep]
|-damage|p1a: Zamazenta|46/100|[from] Sandstorm
|-damage|p2a: Latias|82/100|[from] Sandstorm
|-heal|p1a: Zamazenta|52/100|[from] item: Leftovers
|-heal|p2a: Latias|88/100|[from] item: Leftovers
|upkeep
|turn|27
|
|t:|1757912727
|move|p1a: Zamazenta|Crunch|p2a: Latias
|-supereffective|p2a: Latias
|-damage|p2a: Latias|52/100
|move|p2a: Latias|Calm Mind|p2a: Latias
|-boost|p2a: Latias|spa|1
|-boost|p2a: Latias|spd|1
|
|-weather|none
|-heal|p1a: Zamazenta|58/100|[from] item: Leftovers
|-heal|p2a: Latias|58/100|[from] item: Leftovers
|upkeep
|turn|28
|
|t:|1757912731
|move|p1a: Zamazenta|Crunch|p2a: Latias
|-supereffective|p2a: Latias
|-damage|p2a: Latias|22/100
|move|p2a: Latias|Recover|p2a: Latias
|-heal|p2a: Latias|72/100
|
|-heal|p1a: Zamazenta|65/100|[from] item: Leftovers
|-heal|p2a: Latias|78/100|[from] item: Leftovers
|upkeep
|turn|29
|
|t:|1757912735
|move|p1a: Zamazenta|Crunch|p2a: Latias
|-supereffective|p2a: Latias
|-damage|p2a: Latias|45/100
|move|p2a: Latias|Stored Power|p1a: Zamazenta
|-supereffective|p1a: Zamazenta
|-damage|p1a: Zamazenta|0 fnt
|faint|p1a: Zamazenta
|
|-heal|p2a: Latias|51/100|[from] item: Leftovers
|upkeep
|l|‽wwesucks
|inactive|wwesucks disconnected and has a minute to reconnect!
|player|p1|
|inactive|wwesucks has 30 seconds to reconnect!
|inactive|wwesucks has 20 seconds to reconnect!
|inactive|wwesucks has 15 seconds to reconnect!
|inactive|wwesucks has 10 seconds to reconnect!
|inactive|wwesucks has 5 seconds to reconnect!
|-message|wwesucks lost due to inactivity.
|
|win|lupiit
|raw|wwesucks's rating: 1446 &rarr; <strong>1428</strong><br />(-18 for losing)
|raw|lupiit's rating: 1489 &rarr; <strong>1507</strong><br />(+18 for winning)
|l|☆lupiit
|player|p2|
