|j|☆weezer_mid
|j|☆habeshsoulja
|t:|1757919791
|gametype|singles
|player|p1|weezer_mid|swimmerf|1102
|player|p2|habeshsoulja|shadowtriad|1102
|gen|9
|tier|[Gen 9] OU
|rated|
|rule|HP Percentage Mod: HP is shown in percentages
|rule|Endless Battle Clause: Forcing endless battles is banned
|rule|Species Clause: Limit one of each Pokémon
|rule|OHKO Clause: OHKO moves are banned
|rule|Evasion Items Clause: Evasion items are banned
|rule|Evasion Moves Clause: Evasion moves are banned
|rule|Evasion Abilities Clause: Evasion abilities are banned
|rule|Sleep Moves Clause: Sleep-inducing moves are banned
|clearpoke
|poke|p1|Bastiodon, M|
|poke|p1|Cinderace, M|
|poke|p1|Spidops, M|
|poke|p1|Serperior, M|
|poke|p1|Ursaring, M|
|poke|p1|Luxray, M|
|poke|p2|Iron Moth|
|poke|p2|Slowking-Galar, F|
|poke|p2|Dragonite, M|
|poke|p2|Kingambit, M|
|poke|p2|Quaquaval, F|
|poke|p2|Landorus-Therian, M|
|teampreview
|
|t:|1757919810
|teamsize|p1|6
|teamsize|p2|6
|start
|switch|p1a: Spidops|Spidops, M|100/100
|switch|p2a: Slowking|Slowking-Galar, F|100/100
|turn|1
|
|t:|1757919820
|move|p1a: Spidops|First Impression|p2a: Slowking
|-damage|p2a: Slowking|61/100
|move|p2a: Slowking|Sludge Bomb|p1a: Spidops
|-damage|p1a: Spidops|60/100
|
|upkeep
|turn|2
|
|t:|1757919831
|move|p1a: Spidops|Sticky Web|p2a: Slowking
|-sidestart|p2: habeshsoulja|move: Sticky Web
|move|p2a: Slowking|Future Sight|p1a: Spidops
|-start|p2a: Slowking|move: Future Sight
|
|upkeep
|turn|3
|
|t:|1757919846
|move|p2a: Slowking|Psychic Noise|p1a: Spidops
|-damage|p1a: Spidops|26/100
|-start|p1a: Spidops|move: Heal Block
|move|p1a: Spidops|Circle Throw|p2a: Slowking
|-resisted|p2a: Slowking
|-damage|p2a: Slowking|57/100
|drag|p2a: Kingambit|Kingambit, M|100/100
|-activate|p2a: Kingambit|move: Sticky Web
|-unboost|p2a: Kingambit|spe|1
|
|upkeep
|turn|4
|
|t:|1757919880
|-end|p2a: Kingambit|fallenundefined|[silent]
|switch|p2a: Iron Moth|Iron Moth|100/100
|-activate|p2a: Iron Moth|move: Sticky Web
|-unboost|p2a: Iron Moth|spe|1
|switch|p1a: Cinderace|Cinderace, M|100/100
|
|-end|p1a: Cinderace|move: Future Sight
|-damage|p1a: Cinderace|41/100
|upkeep
|turn|5
|
|t:|1757919901
|move|p1a: Cinderace|Court Change|p1a: Cinderace
|-start|p1a: Cinderace|typechange|Normal|[from] ability: Libero
|-swapsideconditions
|-activate|p1a: Cinderace|move: Court Change
|move|p2a: Iron Moth|Fiery Dance|p1a: Cinderace
|-damage|p1a: Cinderace|0 fnt
|faint|p1a: Cinderace
|
|upkeep
|
|t:|1757919908
|switch|p1a: Serperior|Serperior, M|100/100
|-activate|p1a: Serperior|move: Sticky Web
|-boost|p1a: Serperior|spe|1
|turn|6
|
|t:|1757919914
|-terastallize|p1a: Serperior|Stellar
|move|p1a: Serperior|Tera Blast|p2a: Iron Moth|[anim] Tera Blast Stellar
|-damage|p2a: Iron Moth|67/100
|-boost|p1a: Serperior|atk|1
|-boost|p1a: Serperior|spa|1
|move|p2a: Iron Moth|Fiery Dance|p1a: Serperior
|-supereffective|p1a: Serperior
|-damage|p1a: Serperior|0 fnt
|-boost|p2a: Iron Moth|spa|1
|faint|p1a: Serperior
|
|upkeep
|
|t:|1757919937
|switch|p1a: Bastiodon|Bastiodon, M|100/100
|-activate|p1a: Bastiodon|move: Sticky Web
|-unboost|p1a: Bastiodon|spe|1
|turn|7
|
|t:|1757919943
|move|p2a: Iron Moth|Fiery Dance|p1a: Bastiodon
|-damage|p1a: Bastiodon|19/100
|-boost|p2a: Iron Moth|spa|1
|move|p1a: Bastiodon|Earthquake|p2a: Iron Moth
|-supereffective|p2a: Iron Moth
|-damage|p2a: Iron Moth|0 fnt
|faint|p2a: Iron Moth
|-end|p2a: Iron Moth|Quark Drive|[silent]
|
|upkeep
|
|t:|1757919954
|switch|p2a: Slowking|Slowking-Galar, F|90/100
|turn|8
|-enditem|p1a: Bastiodon|Custap Berry|[eat]
|-activate|p1a: Bastiodon|item: Custap Berry|[consumed]
|
|t:|1757919974
|move|p1a: Bastiodon|Earthquake|p2a: Slowking
|-supereffective|p2a: Slowking
|-crit|p2a: Slowking
|-damage|p2a: Slowking|51/100
|move|p2a: Slowking|Future Sight|p1a: Bastiodon
|-start|p2a: Slowking|move: Future Sight
|
|upkeep
|turn|9
|
|t:|1757919999
|move|p1a: Bastiodon|Earthquake|p2a: Slowking
|-supereffective|p2a: Slowking
|-damage|p2a: Slowking|20/100
|move|p2a: Slowking|Psychic Noise|p1a: Bastiodon
|-resisted|p1a: Bastiodon
|-damage|p1a: Bastiodon|7/100
|-start|p1a: Bastiodon|move: Heal Block
|
|upkeep
|turn|10
|
|t:|1757920013
|move|p1a: Bastiodon|Earthquake|p2a: Slowking
|-supereffective|p2a: Slowking
|-damage|p2a: Slowking|0 fnt
|faint|p2a: Slowking
|
|-end|p1a: Bastiodon|move: Future Sight
|-resisted|p1a: Bastiodon
|-damage|p1a: Bastiodon|0 fnt
|faint|p1a: Bastiodon
|upkeep
|
|t:|1757920034
|switch|p1a: Ursaring|Ursaring, M|100/100
|switch|p2a: Landorus|Landorus-Therian, M|100/100
|-ability|p2a: Landorus|Intimidate|boost
|-unboost|p1a: Ursaring|atk|1
|-activate|p1a: Ursaring|move: Sticky Web
|-unboost|p1a: Ursaring|spe|1
|turn|11
|
|t:|1757920049
|move|p2a: Landorus|Earth Power|p1a: Ursaring
|-damage|p1a: Ursaring|69/100
|move|p1a: Ursaring|Trailblaze|p2a: Landorus
|-damage|p2a: Landorus|91/100
|-boost|p1a: Ursaring|spe|1
|-damage|p1a: Ursaring|52/100|[from] item: Rocky Helmet|[of] p2a: Landorus
|
|upkeep
|turn|12
|
|t:|1757920077
|move|p2a: Landorus|Stealth Rock|p1a: Ursaring
|-sidestart|p1: weezer_mid|move: Stealth Rock
|move|p1a: Ursaring|Play Rough|p2a: Landorus
|-damage|p2a: Landorus|75/100
|-damage|p1a: Ursaring|36/100|[from] item: Rocky Helmet|[of] p2a: Landorus
|
|upkeep
|turn|13
|-message|weezer_mid forfeited.
|
|win|habeshsoulja
|raw|weezer_mid's rating: 1102 &rarr; <strong>1077</strong><br />(-25 for losing)
|raw|habeshsoulja's rating: 1102 &rarr; <strong>1127</strong><br />(+25 for winning)
|l|☆weezer_mid
|player|p1|
|l|☆habeshsoulja
|player|p2|
