|j|☆Aggrhy
|j|☆browoo42
|t:|1757811666
|gametype|singles
|player|p1|Aggrhy|red-masters|1363
|player|p2|browoo42|102|1405
|gen|9
|tier|[Gen 9] OU
|rated|
|rule|HP Percentage Mod: HP is shown in percentages
|rule|Endless Battle Clause: Forcing endless battles is banned
|rule|Species Clause: Limit one of each Pokémon
|rule|OHKO Clause: OHKO moves are banned
|rule|Evasion Items Clause: Evasion items are banned
|rule|Evasion Moves Clause: Evasion moves are banned
|rule|Evasion Abilities Clause: Evasion abilities are banned
|rule|Sleep Moves Clause: Sleep-inducing moves are banned
|clearpoke
|poke|p1|Pikachu, M|
|poke|p1|Metagross|
|poke|p1|Gardevoir, M|
|poke|p1|Glimmora, M|
|poke|p1|Milotic, M|
|poke|p1|Hydrapple, F|
|poke|p2|Jirachi|
|poke|p2|Dragonite, F|
|poke|p2|Crawdaunt, F|
|poke|p2|Mew|
|poke|p2|Corviknight, M|
|poke|p2|Dragapult, M|
|teampreview
|inactive|Battle timer is ON: inactive players will automatically lose when time's up. (requested by Aggrhy)
|
|t:|1757811682
|teamsize|p1|6
|teamsize|p2|6
|start
|switch|p1a: Pikachu|Pikachu, M|100/100
|switch|p2a: Crawdaunt|Crawdaunt, F|100/100
|turn|1
|
|t:|1757811709
|move|p1a: Pikachu|Volt Tackle|p2a: Crawdaunt
|-supereffective|p2a: Crawdaunt
|-enditem|p2a: Crawdaunt|Focus Sash
|-damage|p2a: Crawdaunt|1/100
|-damage|p1a: Pikachu|59/100|[from] Recoil
|move|p2a: Crawdaunt|Knock Off|p1a: Pikachu
|-damage|p1a: Pikachu|0 fnt
|-enditem|p1a: Pikachu|Light Ball|[from] move: Knock Off|[of] p2a: Crawdaunt
|faint|p1a: Pikachu
|
|upkeep
|
|t:|1757811732
|switch|p1a: Glimmora|Glimmora, M|100/100
|turn|2
|
|t:|1757811736
|switch|p1a: Hydrapple|Hydrapple, F|100/100
|move|p2a: Crawdaunt|Aqua Jet|p1a: Hydrapple
|-resisted|p1a: Hydrapple
|-damage|p1a: Hydrapple|96/100
|-damage|p2a: Crawdaunt|0 fnt|[from] item: Rocky Helmet|[of] p1a: Hydrapple
|faint|p2a: Crawdaunt
|
|upkeep
|
|t:|1757811744
|switch|p2a: Mew|Mew|100/100
|turn|3
|
|t:|1757811748
|switch|p1a: Metagross|Metagross|100/100
|move|p2a: Mew|Ice Beam|p1a: Metagross
|-resisted|p1a: Metagross
|-crit|p1a: Metagross
|-damage|p1a: Metagross|81/100
|-damage|p2a: Mew|91/100|[from] item: Life Orb
|
|upkeep
|turn|4
|
|t:|1757811757
|-terastallize|p2a: Mew|Ground
|move|p2a: Mew|Earth Power|p1a: Metagross
|-supereffective|p1a: Metagross
|-damage|p1a: Metagross|0 fnt
|faint|p1a: Metagross
|-damage|p2a: Mew|81/100|[from] item: Life Orb
|
|upkeep
|
|t:|1757811766
|switch|p1a: Milotic|Milotic, M|100/100
|turn|5
|
|t:|1757811770
|move|p2a: Mew|Volt Switch|p1a: Milotic
|-supereffective|p1a: Milotic
|-damage|p1a: Milotic|73/100
|-damage|p2a: Mew|71/100|[from] item: Life Orb
|
|t:|1757811779
|switch|p2a: Jirachi|Jirachi|100/100|[from] Volt Switch
|move|p1a: Milotic|Scald|p2a: Jirachi
|-damage|p2a: Jirachi|74/100
|-status|p2a: Jirachi|brn
|
|-heal|p1a: Milotic|79/100|[from] item: Leftovers
|-damage|p2a: Jirachi|68/100 brn|[from] brn
|upkeep
|turn|6
|
|t:|1757811791
|switch|p1a: Glimmora|Glimmora, M|100/100
|move|p2a: Jirachi|Trick|p1a: Glimmora
|-activate|p2a: Jirachi|move: Trick|[of] p1a: Glimmora
|-item|p1a: Glimmora|Choice Scarf|[from] move: Trick
|-item|p2a: Jirachi|Light Clay|[from] move: Trick
|
|-damage|p2a: Jirachi|62/100 brn|[from] brn
|upkeep
|turn|7
|
|t:|1757811803
|switch|p2a: Mew|Mew, tera:Ground|71/100
|move|p1a: Glimmora|Reflect|p1a: Glimmora
|-sidestart|p1: Aggrhy|Reflect
|
|upkeep
|turn|8
|
|t:|1757811809
|switch|p1a: Milotic|Milotic, M|79/100
|move|p2a: Mew|Giga Drain|p1a: Milotic
|-supereffective|p1a: Milotic
|-damage|p1a: Milotic|48/100
|-heal|p2a: Mew|88/100|[from] drain|[of] p1a: Milotic
|-damage|p2a: Mew|79/100|[from] item: Life Orb
|
|-heal|p1a: Milotic|54/100|[from] item: Leftovers
|upkeep
|turn|9
|
|t:|1757811820
|move|p2a: Mew|Volt Switch|p1a: Milotic
|-supereffective|p1a: Milotic
|-damage|p1a: Milotic|24/100
|-damage|p2a: Mew|69/100|[from] item: Life Orb
|
|t:|1757811825
|switch|p2a: Dragapult|Dragapult, M|100/100|[from] Volt Switch
|move|p1a: Milotic|Recover|p1a: Milotic
|-heal|p1a: Milotic|74/100
|
|-heal|p1a: Milotic|80/100|[from] item: Leftovers
|upkeep
|turn|10
|
|t:|1757811836
|move|p2a: Dragapult|Shadow Ball|p1a: Milotic
|-damage|p1a: Milotic|61/100
|-unboost|p1a: Milotic|spd|1
|-ability|p1a: Milotic|Competitive|boost
|-boost|p1a: Milotic|spa|2
|move|p1a: Milotic|Scald|p2a: Dragapult
|-resisted|p2a: Dragapult
|-damage|p2a: Dragapult|61/100
|
|-heal|p1a: Milotic|67/100|[from] item: Leftovers
|upkeep
|turn|11
|
|t:|1757811848
|move|p2a: Dragapult|Shadow Ball|p1a: Milotic
|-damage|p1a: Milotic|38/100
|-unboost|p1a: Milotic|spd|1
|-ability|p1a: Milotic|Competitive|boost
|-boost|p1a: Milotic|spa|2
|move|p1a: Milotic|Mirror Coat|p2a: Dragapult
|-damage|p2a: Dragapult|0 fnt
|faint|p2a: Dragapult
|
|-heal|p1a: Milotic|44/100|[from] item: Leftovers
|-sideend|p1: Aggrhy|Reflect
|upkeep
|
|t:|1757811859
|switch|p2a: Mew|Mew, tera:Ground|69/100
|turn|12
|
|t:|1757811866
|switch|p1a: Gardevoir|Gardevoir, M|100/100
|-ability|p1a: Gardevoir|Synchronize|Trace|[from] ability: Trace|[of] p2a: Mew
|move|p2a: Mew|Volt Switch|p1a: Gardevoir
|-damage|p1a: Gardevoir|84/100
|-damage|p2a: Mew|59/100|[from] item: Life Orb
|
|t:|1757811875
|switch|p2a: Dragonite|Dragonite, F|100/100|[from] Volt Switch
|
|upkeep
|turn|13
|
|t:|1757811884
|switch|p1a: Glimmora|Glimmora, M|100/100
|move|p2a: Dragonite|Extreme Speed|p1a: Glimmora
|-resisted|p1a: Glimmora
|-damage|p1a: Glimmora|78/100
|-activate|p1a: Glimmora|ability: Toxic Debris
|-sidestart|p2: browoo42|move: Toxic Spikes
|
|upkeep
|turn|14
|
|t:|1757811900
|switch|p2a: Corviknight|Corviknight, M|100/100
|move|p1a: Glimmora|Reflect|p1a: Glimmora
|-sidestart|p1: Aggrhy|Reflect
|
|upkeep
|turn|15
|
|t:|1757811906
|switch|p1a: Milotic|Milotic, M|44/100
|move|p2a: Corviknight|Defog|p1a: Milotic
|-unboost|p1a: Milotic|evasion|1
|-ability|p1a: Milotic|Competitive|boost
|-boost|p1a: Milotic|spa|2
|-sideend|p1: Aggrhy|Reflect
|-sideend|p2: browoo42|Toxic Spikes|[from] move: Defog|[of] p2a: Corviknight
|
|-heal|p1a: Milotic|50/100|[from] item: Leftovers
|upkeep
|turn|16
|
|t:|1757811916
|move|p1a: Milotic|Recover|p1a: Milotic
|-heal|p1a: Milotic|99/100
|move|p2a: Corviknight|U-turn|p1a: Milotic
|-damage|p1a: Milotic|86/100
|
|t:|1757811925
|switch|p2a: Dragonite|Dragonite, F|100/100|[from] U-turn
|
|-heal|p1a: Milotic|92/100|[from] item: Leftovers
|upkeep
|turn|17
|
|t:|1757811933
|switch|p1a: Hydrapple|Hydrapple, F|100/100
|move|p2a: Dragonite|Outrage|p1a: Hydrapple
|-supereffective|p1a: Hydrapple
|-damage|p1a: Hydrapple|0 fnt
|-damage|p2a: Dragonite|84/100|[from] item: Rocky Helmet|[of] p1a: Hydrapple
|faint|p1a: Hydrapple
|
|upkeep
|
|t:|1757811942
|switch|p1a: Gardevoir|Gardevoir, M|84/100
|-ability|p1a: Gardevoir|Multiscale|Trace|[from] ability: Trace|[of] p2a: Dragonite
|turn|18
|
|t:|1757811948
|move|p2a: Dragonite|Outrage|p1a: Gardevoir|[from] lockedmove
|-immune|p1a: Gardevoir
|-start|p2a: Dragonite|confusion|[fatigue]
|move|p1a: Gardevoir|Moonblast|p2a: Dragonite
|-supereffective|p2a: Dragonite
|-damage|p2a: Dragonite|0 fnt
|faint|p2a: Dragonite
|
|upkeep
|
|t:|1757811959
|switch|p2a: Jirachi|Jirachi|62/100 brn
|turn|19
|
|t:|1757811971
|switch|p2a: Mew|Mew, tera:Ground|59/100
|switch|p1a: Glimmora|Glimmora, M|78/100
|
|upkeep
|turn|20
|
|t:|1757811981
|move|p1a: Glimmora|Light Screen|p1a: Glimmora
|-sidestart|p1: Aggrhy|move: Light Screen
|move|p2a: Mew|Earth Power|p1a: Glimmora
|-supereffective|p1a: Glimmora
|-damage|p1a: Glimmora|0 fnt
|faint|p1a: Glimmora
|-damage|p2a: Mew|49/100|[from] item: Life Orb
|
|upkeep
|
|t:|1757811990
|switch|p1a: Gardevoir|Gardevoir, M|84/100
|-ability|p1a: Gardevoir|Synchronize|Trace|[from] ability: Trace|[of] p2a: Mew
|turn|21
|
|t:|1757811996
|switch|p2a: Corviknight|Corviknight, M|100/100
|move|p1a: Gardevoir|Mystical Fire|p2a: Corviknight
|-supereffective|p2a: Corviknight
|-damage|p2a: Corviknight|49/100
|-ability|p2a: Corviknight|Mirror Armor
|-unboost|p1a: Gardevoir|spa|1
|
|upkeep
|turn|22
|
|t:|1757812006
|switch|p1a: Milotic|Milotic, M|92/100
|move|p2a: Corviknight|Roost|p2a: Corviknight
|-heal|p2a: Corviknight|99/100
|-singleturn|p2a: Corviknight|move: Roost
|
|-heal|p1a: Milotic|98/100|[from] item: Leftovers
|upkeep
|turn|23
|
|t:|1757812016
|move|p1a: Milotic|Scald|p2a: Corviknight
|-damage|p2a: Corviknight|73/100
|move|p2a: Corviknight|Defog|p1a: Milotic
|-unboost|p1a: Milotic|evasion|1
|-ability|p1a: Milotic|Competitive|boost
|-boost|p1a: Milotic|spa|2
|-sideend|p1: Aggrhy|move: Light Screen
|
|-heal|p1a: Milotic|100/100|[from] item: Leftovers
|upkeep
|turn|24
|
|t:|1757812029
|move|p1a: Milotic|Scald|p2a: Corviknight
|-damage|p2a: Corviknight|19/100
|-status|p2a: Corviknight|brn
|move|p2a: Corviknight|U-turn|p1a: Milotic
|-damage|p1a: Milotic|94/100
|
|t:|1757812035
|switch|p2a: Mew|Mew, tera:Ground|49/100|[from] U-turn
|
|-heal|p1a: Milotic|99/100|[from] item: Leftovers
|upkeep
|turn|25
|
|t:|1757812042
|move|p2a: Mew|Volt Switch|p1a: Milotic
|-supereffective|p1a: Milotic
|-damage|p1a: Milotic|69/100
|-damage|p2a: Mew|39/100|[from] item: Life Orb
|
|t:|1757812046
|switch|p2a: Corviknight|Corviknight, M|19/100 brn|[from] Volt Switch
|move|p1a: Milotic|Scald|p2a: Corviknight
|-damage|p2a: Corviknight|0 fnt
|faint|p2a: Corviknight
|
|-heal|p1a: Milotic|75/100|[from] item: Leftovers
|upkeep
|
|t:|1757812055
|switch|p2a: Mew|Mew, tera:Ground|39/100
|turn|26
|
|t:|1757812060
|move|p2a: Mew|Giga Drain|p1a: Milotic
|-supereffective|p1a: Milotic
|-damage|p1a: Milotic|47/100
|-heal|p2a: Mew|55/100|[from] drain|[of] p1a: Milotic
|-damage|p2a: Mew|45/100|[from] item: Life Orb
|move|p1a: Milotic|Recover|p1a: Milotic
|-heal|p1a: Milotic|97/100
|
|-heal|p1a: Milotic|100/100|[from] item: Leftovers
|upkeep
|turn|27
|
|t:|1757812071
|move|p2a: Mew|Giga Drain|p1a: Milotic
|-supereffective|p1a: Milotic
|-damage|p1a: Milotic|69/100
|-heal|p2a: Mew|64/100|[from] drain|[of] p1a: Milotic
|-damage|p2a: Mew|54/100|[from] item: Life Orb
|move|p1a: Milotic|Scald|p2a: Mew
|-supereffective|p2a: Mew
|-damage|p2a: Mew|0 fnt
|faint|p2a: Mew
|
|-heal|p1a: Milotic|75/100|[from] item: Leftovers
|upkeep
|-message|browoo42 forfeited.
|
|win|Aggrhy
|raw|Aggrhy's rating: 1363 &rarr; <strong>1385</strong><br />(+22 for winning)
|raw|browoo42's rating: 1405 &rarr; <strong>1383</strong><br />(-22 for losing)
|l|☆browoo42
|player|p2|
|l|☆Aggrhy
|player|p1|
