|j|☆janeofalltrades
|j|☆enormouschilli
|t:|1757893263
|gametype|singles
|player|p1|janeofalltrades|fennel|1431
|player|p2|enormouschilli|170|1412
|gen|9
|tier|[Gen 9] OU
|rated|
|rule|HP Percentage Mod: HP is shown in percentages
|rule|Endless Battle Clause: Forcing endless battles is banned
|rule|Species Clause: Limit one of each Pokémon
|rule|OHKO Clause: OHKO moves are banned
|rule|Evasion Items Clause: Evasion items are banned
|rule|Evasion Moves Clause: Evasion moves are banned
|rule|Evasion Abilities Clause: Evasion abilities are banned
|rule|Sleep Moves Clause: Sleep-inducing moves are banned
|clearpoke
|poke|p1|Dragonite, F|
|poke|p1|Sandy Shocks|
|poke|p1|Scizor, M|
|poke|p1|Hydrapple, M|
|poke|p1|Alomomola, M|
|poke|p1|Cinderace, M|
|poke|p2|Zamazenta-*|
|poke|p2|Glimmora, F|
|poke|p2|Meowscarada, F|
|poke|p2|Gholdengo|
|poke|p2|Ting-Lu|
|poke|p2|Hydrapple, F|
|teampreview
|inactive|Battle timer is ON: inactive players will automatically lose when time's up. (requested by janeofalltrades)
|
|t:|1757893270
|teamsize|p1|6
|teamsize|p2|6
|start
|switch|p1a: Scizor|Scizor, M|100/100
|switch|p2a: Meowscarada|Meowscarada, F|100/100
|turn|1
|
|t:|1757893277
|move|p2a: Meowscarada|U-turn|p1a: Scizor
|-start|p2a: Meowscarada|typechange|Bug|[from] ability: Protean
|-resisted|p1a: Scizor
|-damage|p1a: Scizor|83/100
|
|t:|1757893282
|switch|p2a: Gholdengo|Gholdengo|100/100|[from] U-turn
|-item|p2a: Gholdengo|Air Balloon
|move|p1a: Scizor|U-turn|p2a: Gholdengo
|-resisted|p2a: Gholdengo
|-damage|p2a: Gholdengo|94/100
|-enditem|p2a: Gholdengo|Air Balloon
|
|t:|1757893290
|switch|p1a: Sandy Shocks|Sandy Shocks|100/100|[from] U-turn
|-enditem|p1a: Sandy Shocks|Booster Energy
|-activate|p1a: Sandy Shocks|ability: Protosynthesis|[fromitem]
|-start|p1a: Sandy Shocks|protosynthesisspe
|
|upkeep
|turn|2
|
|t:|1757893295
|switch|p2a: Ting-Lu|Ting-Lu|100/100
|-ability|p2a: Ting-Lu|Vessel of Ruin
|move|p1a: Sandy Shocks|Earth Power|p2a: Ting-Lu
|-damage|p2a: Ting-Lu|83/100
|
|-heal|p2a: Ting-Lu|90/100|[from] item: Leftovers
|upkeep
|turn|3
|
|t:|1757893299
|-end|p1a: Sandy Shocks|Protosynthesis|[silent]
|switch|p1a: Hydrapple|Hydrapple, M|100/100
|move|p2a: Ting-Lu|Earthquake|p1a: Hydrapple
|-resisted|p1a: Hydrapple
|-damage|p1a: Hydrapple|90/100
|
|-heal|p2a: Ting-Lu|96/100|[from] item: Leftovers
|upkeep
|turn|4
|
|t:|1757893304
|switch|p2a: Gholdengo|Gholdengo|94/100
|move|p1a: Hydrapple|Nasty Plot|p1a: Hydrapple
|-boost|p1a: Hydrapple|spa|2
|
|upkeep
|turn|5
|
|t:|1757893310
|switch|p1a: Alomomola|Alomomola, M|100/100
|-terastallize|p2a: Gholdengo|Fairy
|move|p2a: Gholdengo|Dazzling Gleam|p1a: Alomomola
|-damage|p1a: Alomomola|85/100
|
|upkeep
|turn|6
|
|t:|1757893317
|move|p2a: Gholdengo|Nasty Plot|p2a: Gholdengo
|-boost|p2a: Gholdengo|spa|2
|move|p1a: Alomomola|Scald|p2a: Gholdengo
|-crit|p2a: Gholdengo
|-damage|p2a: Gholdengo|75/100
|-status|p2a: Gholdengo|brn
|
|-damage|p2a: Gholdengo|68/100 brn|[from] brn
|upkeep
|turn|7
|
|t:|1757893320
|move|p2a: Gholdengo|Dazzling Gleam|p1a: Alomomola
|-damage|p1a: Alomomola|48/100
|move|p1a: Alomomola|Flip Turn|p2a: Gholdengo
|-damage|p2a: Gholdengo|56/100 brn
|
|t:|1757893325
|switch|p1a: Scizor|Scizor, M|83/100|[from] Flip Turn
|
|-damage|p2a: Gholdengo|50/100 brn|[from] brn
|upkeep
|turn|8
|
|t:|1757893334
|switch|p2a: Ting-Lu|Ting-Lu|96/100
|-ability|p2a: Ting-Lu|Vessel of Ruin
|move|p1a: Scizor|Bullet Punch|p2a: Ting-Lu
|-damage|p2a: Ting-Lu|78/100
|
|-heal|p2a: Ting-Lu|84/100|[from] item: Leftovers
|upkeep
|turn|9
|
|t:|1757893354
|move|p1a: Scizor|U-turn|p2a: Ting-Lu
|-supereffective|p2a: Ting-Lu
|-damage|p2a: Ting-Lu|36/100
|
|t:|1757893357
|switch|p1a: Hydrapple|Hydrapple, M|100/100|[from] U-turn
|move|p2a: Ting-Lu|Earthquake|p1a: Hydrapple
|-resisted|p1a: Hydrapple
|-damage|p1a: Hydrapple|89/100
|
|-heal|p2a: Ting-Lu|43/100|[from] item: Leftovers
|upkeep
|turn|10
|
|t:|1757893377
|move|p1a: Hydrapple|Giga Drain|p2a: Ting-Lu
|-supereffective|p2a: Ting-Lu
|-damage|p2a: Ting-Lu|20/100
|-heal|p1a: Hydrapple|100/100|[from] drain|[of] p2a: Ting-Lu
|move|p2a: Ting-Lu|Rest|p2a: Ting-Lu
|-status|p2a: Ting-Lu|slp|[from] move: Rest
|-heal|p2a: Ting-Lu|100/100 slp|[silent]
|
|upkeep
|turn|11
|
|t:|1757893387
|move|p1a: Hydrapple|Nasty Plot|p1a: Hydrapple
|-boost|p1a: Hydrapple|spa|2
|cant|p2a: Ting-Lu|slp
|move|p2a: Ting-Lu|Sleep Talk|p2a: Ting-Lu
|move|p2a: Ting-Lu|Earthquake|p1a: Hydrapple|[from] move: Sleep Talk
|-resisted|p1a: Hydrapple
|-damage|p1a: Hydrapple|90/100
|
|upkeep
|turn|12
|
|t:|1757893391
|move|p1a: Hydrapple|Giga Drain|p2a: Ting-Lu
|-supereffective|p2a: Ting-Lu
|-damage|p2a: Ting-Lu|53/100 slp
|-heal|p1a: Hydrapple|100/100|[from] drain|[of] p2a: Ting-Lu
|cant|p2a: Ting-Lu|slp
|move|p2a: Ting-Lu|Sleep Talk|p2a: Ting-Lu
|move|p2a: Ting-Lu|Earthquake|p1a: Hydrapple|[from] move: Sleep Talk
|-resisted|p1a: Hydrapple
|-damage|p1a: Hydrapple|91/100
|
|-heal|p2a: Ting-Lu|60/100 slp|[from] item: Leftovers
|upkeep
|turn|13
|
|t:|1757893398
|switch|p2a: Glimmora|Glimmora, F|100/100
|move|p1a: Hydrapple|Fickle Beam|p2a: Glimmora
|-damage|p2a: Glimmora|22/100
|
|upkeep
|turn|14
|
|t:|1757893403
|switch|p1a: Scizor|Scizor, M|83/100
|move|p2a: Glimmora|Mortal Spin|p1a: Scizor
|-immune|p1a: Scizor
|
|upkeep
|turn|15
|
|t:|1757893406
|move|p1a: Scizor|Bullet Punch|p2a: Glimmora
|-supereffective|p2a: Glimmora
|-damage|p2a: Glimmora|0 fnt
|-activate|p2a: Glimmora|ability: Toxic Debris
|-sidestart|p1: janeofalltrades|move: Toxic Spikes
|faint|p2a: Glimmora
|
|upkeep
|
|t:|1757893412
|switch|p2a: Zamazenta|Zamazenta|100/100
|-ability|p2a: Zamazenta|Dauntless Shield|boost
|-boost|p2a: Zamazenta|def|1
|turn|16
|
|t:|1757893418
|move|p2a: Zamazenta|Close Combat|p1a: Scizor
|-damage|p1a: Scizor|21/100
|-unboost|p2a: Zamazenta|def|1
|-unboost|p2a: Zamazenta|spd|1
|move|p1a: Scizor|Defog|p2a: Zamazenta
|-unboost|p2a: Zamazenta|evasion|1
|-sideend|p1: janeofalltrades|Toxic Spikes|[from] move: Defog|[of] p1a: Scizor
|
|upkeep
|turn|17
|
|t:|1757893424
|switch|p1a: Hydrapple|Hydrapple, M|100/100
|move|p2a: Zamazenta|Close Combat|p1a: Hydrapple
|-damage|p1a: Hydrapple|69/100
|-unboost|p2a: Zamazenta|def|1
|-unboost|p2a: Zamazenta|spd|1
|-damage|p2a: Zamazenta|84/100|[from] item: Rocky Helmet|[of] p1a: Hydrapple
|
|upkeep
|turn|18
|
|t:|1757893435
|switch|p2a: Gholdengo|Gholdengo, tera:Fairy|50/100 brn
|move|p1a: Hydrapple|Giga Drain|p2a: Gholdengo
|-damage|p2a: Gholdengo|23/100 brn
|-heal|p1a: Hydrapple|81/100|[from] drain|[of] p2a: Gholdengo
|
|-damage|p2a: Gholdengo|17/100 brn|[from] brn
|upkeep
|turn|19
|
|t:|1757893439
|switch|p1a: Alomomola|Alomomola, M|82/100
|move|p2a: Gholdengo|Recover|p2a: Gholdengo
|-heal|p2a: Gholdengo|67/100 brn
|
|-damage|p2a: Gholdengo|61/100 brn|[from] brn
|upkeep
|turn|20
|
|t:|1757893443
|move|p2a: Gholdengo|Recover|p2a: Gholdengo
|-heal|p2a: Gholdengo|100/100 brn
|move|p1a: Alomomola|Scald|p2a: Gholdengo
|-damage|p2a: Gholdengo|88/100 brn
|
|-damage|p2a: Gholdengo|82/100 brn|[from] brn
|upkeep
|turn|21
|
|t:|1757893447
|switch|p2a: Hydrapple|Hydrapple, F|100/100
|move|p1a: Alomomola|Play Rough|p2a: Hydrapple
|-supereffective|p2a: Hydrapple
|-crit|p2a: Hydrapple
|-damage|p2a: Hydrapple|73/100
|
|upkeep
|turn|22
|
|t:|1757893451
|move|p1a: Alomomola|Flip Turn|p2a: Hydrapple
|-resisted|p2a: Hydrapple
|-damage|p2a: Hydrapple|71/100
|
|t:|1757893454
|switch|p1a: Scizor|Scizor, M|21/100|[from] Flip Turn
|move|p2a: Hydrapple|Fickle Beam|p1a: Scizor
|-resisted|p1a: Scizor
|-damage|p1a: Scizor|3/100
|
|upkeep
|turn|23
|
|t:|1757893458
|move|p1a: Scizor|U-turn|p2a: Hydrapple
|-supereffective|p2a: Hydrapple
|-damage|p2a: Hydrapple|26/100
|
|t:|1757893467
|switch|p1a: Alomomola|Alomomola, M|100/100|[from] U-turn
|move|p2a: Hydrapple|Giga Drain|p1a: Alomomola
|-supereffective|p1a: Alomomola
|-damage|p1a: Alomomola|69/100
|-heal|p2a: Hydrapple|46/100|[from] drain|[of] p1a: Alomomola
|
|upkeep
|turn|24
|
|t:|1757893473
|move|p2a: Hydrapple|Giga Drain|p1a: Alomomola
|-supereffective|p1a: Alomomola
|-damage|p1a: Alomomola|41/100
|-heal|p2a: Hydrapple|64/100|[from] drain|[of] p1a: Alomomola
|move|p1a: Alomomola|Mirror Coat|p2a: Hydrapple
|-damage|p2a: Hydrapple|0 fnt
|faint|p2a: Hydrapple
|
|upkeep
|
|t:|1757893479
|switch|p2a: Meowscarada|Meowscarada, F|100/100
|turn|25
|
|t:|1757893483
|switch|p1a: Hydrapple|Hydrapple, M|100/100
|move|p2a: Meowscarada|Flower Trick|p1a: Hydrapple
|-start|p2a: Meowscarada|typechange|Grass|[from] ability: Protean
|-resisted|p1a: Hydrapple
|-crit|p1a: Hydrapple
|-damage|p1a: Hydrapple|94/100
|
|upkeep
|turn|26
|
|t:|1757893489
|switch|p2a: Gholdengo|Gholdengo, tera:Fairy|82/100 brn
|move|p1a: Hydrapple|Fickle Beam|p2a: Gholdengo
|-immune|p2a: Gholdengo
|
|-damage|p2a: Gholdengo|76/100 brn|[from] brn
|upkeep
|turn|27
|
|t:|1757893493
|switch|p1a: Alomomola|Alomomola, M|74/100
|move|p2a: Gholdengo|Dazzling Gleam|p1a: Alomomola
|-crit|p1a: Alomomola
|-damage|p1a: Alomomola|49/100
|
|-damage|p2a: Gholdengo|70/100 brn|[from] brn
|upkeep
|turn|28
|
|t:|1757893496
|move|p2a: Gholdengo|Nasty Plot|p2a: Gholdengo
|-boost|p2a: Gholdengo|spa|2
|move|p1a: Alomomola|Flip Turn|p2a: Gholdengo
|-damage|p2a: Gholdengo|57/100 brn
|
|t:|1757893498
|switch|p1a: Scizor|Scizor, M|3/100|[from] Flip Turn
|
|-damage|p2a: Gholdengo|51/100 brn|[from] brn
|upkeep
|turn|29
|
|t:|1757893501
|switch|p2a: Zamazenta|Zamazenta|84/100
|move|p1a: Scizor|Bullet Punch|p2a: Zamazenta
|-damage|p2a: Zamazenta|51/100
|
|upkeep
|turn|30
|
|t:|1757893506
|switch|p1a: Hydrapple|Hydrapple, M|100/100
|move|p2a: Zamazenta|Crunch|p1a: Hydrapple
|-damage|p1a: Hydrapple|85/100
|-damage|p2a: Zamazenta|34/100|[from] item: Rocky Helmet|[of] p1a: Hydrapple
|
|upkeep
|turn|31
|
|t:|1757893513
|switch|p2a: Meowscarada|Meowscarada, F|100/100
|move|p1a: Hydrapple|Giga Drain|p2a: Meowscarada
|-resisted|p2a: Meowscarada
|-damage|p2a: Meowscarada|76/100
|-heal|p1a: Hydrapple|94/100|[from] drain|[of] p2a: Meowscarada
|
|upkeep
|turn|32
|
|t:|1757893519
|switch|p1a: Alomomola|Alomomola, M|82/100
|move|p2a: Meowscarada|U-turn|p1a: Alomomola
|-start|p2a: Meowscarada|typechange|Bug|[from] ability: Protean
|-damage|p1a: Alomomola|55/100
|
|t:|1757893523
|switch|p2a: Gholdengo|Gholdengo, tera:Fairy|51/100 brn|[from] U-turn
|
|-damage|p2a: Gholdengo|45/100 brn|[from] brn
|upkeep
|turn|33
|
|t:|1757893525
|move|p2a: Gholdengo|Recover|p2a: Gholdengo
|-heal|p2a: Gholdengo|95/100 brn
|move|p1a: Alomomola|Flip Turn|p2a: Gholdengo
|-damage|p2a: Gholdengo|83/100 brn
|
|t:|1757893529
|switch|p1a: Scizor|Scizor, M|3/100|[from] Flip Turn
|
|-damage|p2a: Gholdengo|76/100 brn|[from] brn
|upkeep
|turn|34
|
|t:|1757893534
|-terastallize|p1a: Scizor|Steel
|move|p1a: Scizor|Bullet Punch|p2a: Gholdengo
|-supereffective|p2a: Gholdengo
|-damage|p2a: Gholdengo|16/100 brn
|move|p2a: Gholdengo|Dazzling Gleam|p1a: Scizor
|-resisted|p1a: Scizor
|-damage|p1a: Scizor|0 fnt
|faint|p1a: Scizor
|
|-damage|p2a: Gholdengo|10/100 brn|[from] brn
|upkeep
|
|t:|1757893553
|switch|p1a: Sandy Shocks|Sandy Shocks|100/100
|turn|35
|
|t:|1757893556
|move|p1a: Sandy Shocks|Earth Power|p2a: Gholdengo
|-crit|p2a: Gholdengo
|-damage|p2a: Gholdengo|0 fnt
|faint|p2a: Gholdengo
|
|upkeep
|
|t:|1757893558
|switch|p2a: Meowscarada|Meowscarada, F|76/100
|turn|36
|
|t:|1757893560
|-end|p1a: Sandy Shocks|Protosynthesis|[silent]
|switch|p1a: Hydrapple|Hydrapple, M|100/100
|move|p2a: Meowscarada|Flower Trick|p1a: Hydrapple
|-start|p2a: Meowscarada|typechange|Grass|[from] ability: Protean
|-resisted|p1a: Hydrapple
|-crit|p1a: Hydrapple
|-damage|p1a: Hydrapple|94/100
|
|upkeep
|turn|37
|
|t:|1757893564
|switch|p2a: Ting-Lu|Ting-Lu|60/100 slp
|-ability|p2a: Ting-Lu|Vessel of Ruin
|move|p1a: Hydrapple|Fickle Beam|p2a: Ting-Lu
|-damage|p2a: Ting-Lu|47/100 slp
|
|-heal|p2a: Ting-Lu|53/100 slp|[from] item: Leftovers
|upkeep
|turn|38
|
|t:|1757893567
|move|p1a: Hydrapple|Nasty Plot|p1a: Hydrapple
|-boost|p1a: Hydrapple|spa|2
|-curestatus|p2a: Ting-Lu|slp|[msg]
|move|p2a: Ting-Lu|Rest|p2a: Ting-Lu
|-status|p2a: Ting-Lu|slp|[from] move: Rest
|-heal|p2a: Ting-Lu|100/100 slp|[silent]
|
|upkeep
|turn|39
|
|t:|1757893569
|move|p1a: Hydrapple|Nasty Plot|p1a: Hydrapple
|-boost|p1a: Hydrapple|spa|2
|cant|p2a: Ting-Lu|slp
|move|p2a: Ting-Lu|Sleep Talk|p2a: Ting-Lu
|move|p2a: Ting-Lu|Ruination|p1a: Hydrapple|[from] move: Sleep Talk
|-damage|p1a: Hydrapple|47/100
|
|upkeep
|turn|40
|
|t:|1757893572
|move|p1a: Hydrapple|Giga Drain|p2a: Ting-Lu
|-supereffective|p2a: Ting-Lu
|-damage|p2a: Ting-Lu|27/100 slp
|-heal|p1a: Hydrapple|93/100|[from] drain|[of] p2a: Ting-Lu
|cant|p2a: Ting-Lu|slp
|move|p2a: Ting-Lu|Sleep Talk|p2a: Ting-Lu
|move|p2a: Ting-Lu|Earthquake|p1a: Hydrapple|[from] move: Sleep Talk
|-resisted|p1a: Hydrapple
|-damage|p1a: Hydrapple|82/100
|
|-heal|p2a: Ting-Lu|33/100 slp|[from] item: Leftovers
|upkeep
|turn|41
|
|t:|1757893576
|move|p1a: Hydrapple|Giga Drain|p2a: Ting-Lu
|-supereffective|p2a: Ting-Lu
|-damage|p2a: Ting-Lu|0 fnt
|-heal|p1a: Hydrapple|100/100|[from] drain|[of] p2a: Ting-Lu
|faint|p2a: Ting-Lu
|
|upkeep
|
|t:|1757893578
|switch|p2a: Meowscarada|Meowscarada, F|76/100
|turn|42
|
|t:|1757893582
|switch|p1a: Alomomola|Alomomola, M|89/100
|move|p2a: Meowscarada|Triple Axel|p1a: Alomomola
|-start|p2a: Meowscarada|typechange|Ice|[from] ability: Protean
|-resisted|p1a: Alomomola
|-damage|p1a: Alomomola|85/100
|-resisted|p1a: Alomomola
|-damage|p1a: Alomomola|78/100
|-resisted|p1a: Alomomola
|-damage|p1a: Alomomola|67/100
|-hitcount|p1a: Alomomola|3
|
|upkeep
|turn|43
|
|t:|1757893606
|switch|p2a: Zamazenta|Zamazenta|34/100
|move|p1a: Alomomola|Flip Turn|p2a: Zamazenta
|-damage|p2a: Zamazenta|19/100
|
|t:|1757893620
|switch|p1a: Dragonite|Dragonite, F|100/100|[from] Flip Turn
|
|upkeep
|turn|44
|
|t:|1757893634
|move|p1a: Dragonite|Extreme Speed|p2a: Zamazenta
|-damage|p2a: Zamazenta|0 fnt
|faint|p2a: Zamazenta
|
|upkeep
|
|t:|1757893638
|switch|p2a: Meowscarada|Meowscarada, F|76/100
|turn|45
|
|t:|1757893640
|move|p1a: Dragonite|Extreme Speed|p2a: Meowscarada
|-damage|p2a: Meowscarada|28/100
|move|p2a: Meowscarada|Knock Off|p1a: Dragonite
|-start|p2a: Meowscarada|typechange|Dark|[from] ability: Protean
|-damage|p1a: Dragonite|77/100
|-enditem|p1a: Dragonite|Heavy-Duty Boots|[from] move: Knock Off|[of] p2a: Meowscarada
|
|upkeep
|turn|46
|
|t:|1757893644
|move|p1a: Dragonite|Extreme Speed|p2a: Meowscarada
|-damage|p2a: Meowscarada|0 fnt
|faint|p2a: Meowscarada
|
|win|janeofalltrades
|raw|janeofalltrades's rating: 1431 &rarr; <strong>1450</strong><br />(+19 for winning)
|raw|enormouschilli's rating: 1412 &rarr; <strong>1393</strong><br />(-19 for losing)
|l|☆enormouschilli
|player|p2|
|l|☆janeofalltrades
|player|p1|
|j|☆janeofalltrades
|player|p1|janeofalltrades|fennel|
