|j|☆yeyibu
|j|☆miscellandorus
|t:|1757838882
|gametype|singles
|player|p1|yeyibu|miku-ghost|1291
|player|p2|miscellandorus|266|1274
|gen|9
|tier|[Gen 9] OU
|rated|
|rule|HP Percentage Mod: HP is shown in percentages
|rule|Endless Battle Clause: Forcing endless battles is banned
|rule|Species Clause: Limit one of each Pokémon
|rule|OHKO Clause: OHKO moves are banned
|rule|Evasion Items Clause: Evasion items are banned
|rule|Evasion Moves Clause: Evasion moves are banned
|rule|Evasion Abilities Clause: Evasion abilities are banned
|rule|Sleep Moves Clause: Sleep-inducing moves are banned
|clearpoke
|poke|p1|Dragonite, M|
|poke|p1|Hatterene, F|
|poke|p1|Great Tusk|
|poke|p1|Ceruledge, F|
|poke|p1|Ting-Lu|
|poke|p1|Kyurem|
|poke|p2|Bellibolt, F|
|poke|p2|Slowking-Galar, M|
|poke|p2|Gliscor, F|
|poke|p2|Alomomola, M|
|poke|p2|Tauros-Paldea-Blaze, M|
|poke|p2|Dragapult, M|
|teampreview
|
|t:|1757838909
|teamsize|p1|6
|teamsize|p2|6
|start
|switch|p1a: Hatterene|Hatterene, F|100/100
|switch|p2a: Gliscor|Gliscor, F|100/100
|turn|1
|
|t:|1757838922
|switch|p1a: Kyurem|Kyurem|100/100
|-ability|p1a: Kyurem|Pressure
|move|p2a: Gliscor|Earthquake|p1a: Kyurem
|-damage|p1a: Kyurem|71/100
|
|-status|p2a: Gliscor|tox|[from] item: Toxic Orb
|upkeep
|turn|2
|
|t:|1757838928
|switch|p2a: Bellibolt|Bellibolt, F|100/100
|move|p1a: Kyurem|Freeze-Dry|p2a: Bellibolt
|-damage|p2a: Bellibolt|63/100
|-start|p2a: Bellibolt|Charge|Freeze-Dry|[from] ability: Electromorphosis
|
|upkeep
|turn|3
|
|t:|1757838934
|-terastallize|p1a: Kyurem|Ground
|move|p1a: Kyurem|Freeze-Dry|p2a: Bellibolt
|-damage|p2a: Bellibolt|30/100
|-start|p2a: Bellibolt|Charge|Freeze-Dry|[from] ability: Electromorphosis
|move|p2a: Bellibolt|Slack Off|p2a: Bellibolt
|-heal|p2a: Bellibolt|80/100
|
|upkeep
|turn|4
|
|t:|1757838945
|move|p1a: Kyurem|Freeze-Dry|p2a: Bellibolt
|-damage|p2a: Bellibolt|43/100
|-start|p2a: Bellibolt|Charge|Freeze-Dry|[from] ability: Electromorphosis
|move|p2a: Bellibolt|Toxic|p1a: Kyurem|[miss]
|-miss|p2a: Bellibolt|p1a: Kyurem
|
|upkeep
|turn|5
|
|t:|1757838950
|switch|p1a: Hatterene|Hatterene, F|100/100
|move|p2a: Bellibolt|Slack Off|p2a: Bellibolt
|-heal|p2a: Bellibolt|93/100
|
|upkeep
|turn|6
|
|t:|1757838957
|move|p2a: Bellibolt|Parabolic Charge|p1a: Hatterene
|-damage|p1a: Hatterene|72/100
|-heal|p2a: Bellibolt|100/100|[from] drain|[of] p1a: Hatterene
|-end|p2a: Bellibolt|Charge|[silent]
|move|p1a: Hatterene|Psychic Noise|p2a: Bellibolt
|-damage|p2a: Bellibolt|73/100
|-start|p2a: Bellibolt|move: Heal Block
|-start|p2a: Bellibolt|Charge|Psychic Noise|[from] ability: Electromorphosis
|
|upkeep
|turn|7
|
|t:|1757838966
|switch|p2a: Slowking|Slowking-Galar, M|100/100
|switch|p1a: Kyurem|Kyurem, tera:Ground|71/100
|-ability|p1a: Kyurem|Pressure
|
|upkeep
|turn|8
|
|t:|1757838971
|switch|p2a: Gliscor|Gliscor, F|100/100 tox
|move|p1a: Kyurem|Ice Beam|p2a: Gliscor
|-supereffective|p2a: Gliscor
|-damage|p2a: Gliscor|0 fnt
|faint|p2a: Gliscor
|
|upkeep
|
|t:|1757838981
|switch|p2a: Tauros|Tauros-Paldea-Blaze, M|100/100
|-ability|p2a: Tauros|Intimidate|boost
|-unboost|p1a: Kyurem|atk|1
|turn|9
|
|t:|1757838995
|switch|p1a: Ting-Lu|Ting-Lu|100/100
|-ability|p1a: Ting-Lu|Vessel of Ruin
|move|p2a: Tauros|Body Press|p1a: Ting-Lu
|-supereffective|p1a: Ting-Lu
|-damage|p1a: Ting-Lu|58/100
|
|-heal|p1a: Ting-Lu|65/100|[from] item: Leftovers
|upkeep
|turn|10
|
|t:|1757838999
|move|p2a: Tauros|Body Press|p1a: Ting-Lu
|-supereffective|p1a: Ting-Lu
|-damage|p1a: Ting-Lu|27/100
|move|p1a: Ting-Lu|Stealth Rock|p2a: Tauros
|-sidestart|p2: miscellandorus|move: Stealth Rock
|
|-heal|p1a: Ting-Lu|33/100|[from] item: Leftovers
|upkeep
|turn|11
|
|t:|1757839014
|switch|p2a: Dragapult|Dragapult, M|100/100
|switch|p1a: Ceruledge|Ceruledge, F|100/100
|
|upkeep
|turn|12
|
|t:|1757839021
|move|p2a: Dragapult|Hex|p1a: Ceruledge
|-supereffective|p1a: Ceruledge
|-damage|p1a: Ceruledge|36/100
|move|p1a: Ceruledge|Swords Dance|p1a: Ceruledge
|-boost|p1a: Ceruledge|atk|2
|
|upkeep
|turn|13
|
|t:|1757839031
|-terastallize|p2a: Dragapult|Dragon
|move|p1a: Ceruledge|Shadow Sneak|p2a: Dragapult
|-damage|p2a: Dragapult|37/100
|move|p2a: Dragapult|Hex|p1a: Ceruledge
|-supereffective|p1a: Ceruledge
|-damage|p1a: Ceruledge|0 fnt
|faint|p1a: Ceruledge
|
|upkeep
|
|t:|1757839058
|switch|p1a: Dragonite|Dragonite, M|100/100
|turn|14
|
|t:|1757839063
|switch|p2a: Tauros|Tauros-Paldea-Blaze, M|100/100
|-damage|p2a: Tauros|88/100|[from] Stealth Rock
|-ability|p2a: Tauros|Intimidate|boost
|-unboost|p1a: Dragonite|atk|1
|move|p1a: Dragonite|Dragon Dance|p1a: Dragonite
|-boost|p1a: Dragonite|atk|1
|-boost|p1a: Dragonite|spe|1
|
|-heal|p2a: Tauros|94/100|[from] item: Leftovers
|upkeep
|turn|15
|
|t:|1757839069
|move|p1a: Dragonite|Dragon Dance|p1a: Dragonite
|-boost|p1a: Dragonite|atk|1
|-boost|p1a: Dragonite|spe|1
|move|p2a: Tauros|Will-O-Wisp|p1a: Dragonite
|-status|p1a: Dragonite|brn
|
|-heal|p2a: Tauros|99/100|[from] item: Leftovers
|-damage|p1a: Dragonite|95/100 brn|[from] brn
|upkeep
|turn|16
|
|t:|1757839078
|switch|p2a: Alomomola|Alomomola, M|100/100
|move|p1a: Dragonite|Dragon Dance|p1a: Dragonite
|-boost|p1a: Dragonite|atk|1
|-boost|p1a: Dragonite|spe|1
|
|-heal|p1a: Dragonite|100/100 brn|[from] item: Leftovers
|-damage|p1a: Dragonite|95/100 brn|[from] brn
|upkeep
|turn|17
|
|t:|1757839088
|move|p1a: Dragonite|Earthquake|p2a: Alomomola
|-damage|p2a: Alomomola|76/100
|move|p2a: Alomomola|Flip Turn|p1a: Dragonite
|-resisted|p1a: Dragonite
|-damage|p1a: Dragonite|86/100 brn
|
|t:|1757839096
|switch|p2a: Tauros|Tauros-Paldea-Blaze, M|99/100|[from] Flip Turn
|-damage|p2a: Tauros|88/100|[from] Stealth Rock
|-ability|p2a: Tauros|Intimidate|boost
|-unboost|p1a: Dragonite|atk|1
|
|-heal|p1a: Dragonite|92/100 brn|[from] item: Leftovers
|-heal|p2a: Tauros|94/100|[from] item: Leftovers
|-damage|p1a: Dragonite|86/100 brn|[from] brn
|upkeep
|turn|18
|
|t:|1757839111
|move|p1a: Dragonite|Dragon Dance|p1a: Dragonite
|-boost|p1a: Dragonite|atk|1
|-boost|p1a: Dragonite|spe|1
|move|p2a: Tauros|Body Press|p1a: Dragonite
|-resisted|p1a: Dragonite
|-damage|p1a: Dragonite|67/100 brn
|
|-heal|p1a: Dragonite|73/100 brn|[from] item: Leftovers
|-heal|p2a: Tauros|99/100|[from] item: Leftovers
|-damage|p1a: Dragonite|67/100 brn|[from] brn
|upkeep
|turn|19
|
|t:|1757839119
|switch|p2a: Alomomola|Alomomola, M|100/100
|move|p1a: Dragonite|Dragon Dance|p1a: Dragonite
|-boost|p1a: Dragonite|atk|1
|-boost|p1a: Dragonite|spe|1
|
|-heal|p1a: Dragonite|73/100 brn|[from] item: Leftovers
|-damage|p1a: Dragonite|67/100 brn|[from] brn
|upkeep
|turn|20
|
|t:|1757839122
|move|p1a: Dragonite|Dragon Dance|p1a: Dragonite
|-boost|p1a: Dragonite|atk|1
|-boost|p1a: Dragonite|spe|1
|move|p2a: Alomomola|Flip Turn|p1a: Dragonite
|-resisted|p1a: Dragonite
|-damage|p1a: Dragonite|59/100 brn
|
|t:|1757839144
|switch|p2a: Bellibolt|Bellibolt, F|73/100|[from] Flip Turn
|
|-heal|p1a: Dragonite|65/100 brn|[from] item: Leftovers
|-damage|p1a: Dragonite|59/100 brn|[from] brn
|upkeep
|turn|21
|
|t:|1757839149
|switch|p2a: Alomomola|Alomomola, M|100/100
|move|p1a: Dragonite|Roost|p1a: Dragonite
|-heal|p1a: Dragonite|100/100 brn
|-singleturn|p1a: Dragonite|move: Roost
|
|-damage|p1a: Dragonite|95/100 brn|[from] brn
|upkeep
|turn|22
|-message|miscellandorus forfeited.
|
|win|yeyibu
|raw|yeyibu's rating: 1266 &rarr; <strong>1292</strong><br />(+26 for winning)
|raw|miscellandorus's rating: 1274 &rarr; <strong>1248</strong><br />(-26 for losing)
|l|☆miscellandorus
|player|p2|
|l|☆yeyibu
|player|p1|
