|j|☆thejay1224
|j|☆rayeru
|t:|1757851358
|gametype|singles
|player|p1|thejay1224|169|1503
|player|p2|rayeru|265|1456
|gen|9
|tier|[Gen 9] OU
|rated|
|rule|HP Percentage Mod: HP is shown in percentages
|rule|Endless Battle Clause: Forcing endless battles is banned
|rule|Species Clause: Limit one of each Pokémon
|rule|OHKO Clause: OHKO moves are banned
|rule|Evasion Items Clause: Evasion items are banned
|rule|Evasion Moves Clause: Evasion moves are banned
|rule|Evasion Abilities Clause: Evasion abilities are banned
|rule|Sleep Moves Clause: Sleep-inducing moves are banned
|clearpoke
|poke|p1|Torkoal, F|
|poke|p1|Serperior, M|
|poke|p1|Okidogi, M|
|poke|p1|Hatterene, F|
|poke|p1|Dragapult, M|
|poke|p1|Dragonite, M|
|poke|p2|Torkoal, M|
|poke|p2|Walking Wake|
|poke|p2|Great Tusk|
|poke|p2|Mew|
|poke|p2|Raging Bolt|
|poke|p2|Ogerpon-Cornerstone, F|
|teampreview
|
|t:|1757851373
|teamsize|p1|6
|teamsize|p2|6
|start
|switch|p1a: Dragapult|Dragapult, M|100/100
|switch|p2a: Ogerpon|Ogerpon-Cornerstone, F|100/100
|turn|1
|inactive|Battle timer is ON: inactive players will automatically lose when time's up. (requested by thejay1224)
|
|t:|1757851387
|switch|p2a: Mew|Mew|100/100
|move|p1a: Dragapult|Will-O-Wisp|p2a: Mew
|-status|p2a: Mew|brn
|-activate|p2a: Mew|ability: Synchronize
|-status|p1a: Dragapult|brn
|
|-damage|p2a: Mew|94/100 brn|[from] brn
|-damage|p1a: Dragapult|95/100 brn|[from] brn
|upkeep
|turn|2
|
|t:|1757851405
|switch|p2a: Torkoal|Torkoal, M|100/100
|-weather|SunnyDay|[from] ability: Drought|[of] p2a: Torkoal
|switch|p1a: Hatterene|Hatterene, F|100/100
|
|-weather|SunnyDay|[upkeep]
|upkeep
|turn|3
|
|t:|1757851415
|switch|p2a: Ogerpon|Ogerpon-Cornerstone, F|100/100
|move|p1a: Hatterene|Psychic Noise|p2a: Ogerpon
|-damage|p2a: Ogerpon|45/100
|-start|p2a: Ogerpon|move: Heal Block
|
|-weather|SunnyDay|[upkeep]
|upkeep
|turn|4
|
|t:|1757851427
|move|p2a: Ogerpon|Ivy Cudgel|p1a: Hatterene|[anim] Ivy Cudgel Rock
|-damage|p1a: Hatterene|31/100
|move|p1a: Hatterene|Psychic Noise|p2a: Ogerpon
|-damage|p2a: Ogerpon|0 fnt
|faint|p2a: Ogerpon
|
|-weather|SunnyDay|[upkeep]
|upkeep
|
|t:|1757851440
|switch|p2a: Raging Bolt|Raging Bolt|100/100
|-activate|p2a: Raging Bolt|ability: Protosynthesis
|-start|p2a: Raging Bolt|protosynthesisspa
|turn|5
|
|t:|1757851450
|move|p2a: Raging Bolt|Thunderbolt|p1a: Hatterene
|-damage|p1a: Hatterene|0 fnt
|faint|p1a: Hatterene
|
|-weather|SunnyDay|[upkeep]
|upkeep
|
|t:|1757851457
|switch|p1a: Dragapult|Dragapult, M|95/100 brn
|turn|6
|
|t:|1757851462
|move|p1a: Dragapult|Draco Meteor|p2a: Raging Bolt
|-supereffective|p2a: Raging Bolt
|-damage|p2a: Raging Bolt|23/100
|-unboost|p1a: Dragapult|spa|2
|-damage|p1a: Dragapult|85/100 brn|[from] item: Life Orb
|move|p2a: Raging Bolt|Draco Meteor|p1a: Dragapult
|-supereffective|p1a: Dragapult
|-damage|p1a: Dragapult|0 fnt
|-unboost|p2a: Raging Bolt|spa|2
|faint|p1a: Dragapult
|
|-weather|none
|-end|p2a: Raging Bolt|Protosynthesis
|upkeep
|
|t:|1757851471
|switch|p1a: Serperior|Serperior, M|100/100
|turn|7
|
|t:|1757851480
|-end|p2a: Raging Bolt|Protosynthesis|[silent]
|switch|p2a: Torkoal|Torkoal, M|100/100
|-weather|SunnyDay|[from] ability: Drought|[of] p2a: Torkoal
|move|p1a: Serperior|Leaf Storm|p2a: Torkoal
|-resisted|p2a: Torkoal
|-damage|p2a: Torkoal|73/100
|-boost|p1a: Serperior|spa|2
|
|-weather|SunnyDay|[upkeep]
|upkeep
|turn|8
|inactive|thejay1224 has 120 seconds left.
|
|t:|1757851529
|switch|p1a: Okidogi|Okidogi, M|100/100
|move|p2a: Torkoal|Stealth Rock|p1a: Okidogi
|-sidestart|p1: thejay1224|move: Stealth Rock
|
|-weather|SunnyDay|[upkeep]
|upkeep
|turn|9
|
|t:|1757851537
|switch|p2a: Great Tusk|Great Tusk|100/100
|-activate|p2a: Great Tusk|ability: Protosynthesis
|-start|p2a: Great Tusk|protosynthesisatk
|move|p1a: Okidogi|Close Combat|p2a: Great Tusk
|-damage|p2a: Great Tusk|60/100
|-unboost|p1a: Okidogi|def|1
|-unboost|p1a: Okidogi|spd|1
|-status|p2a: Great Tusk|tox|[from] ability: Toxic Chain|[of] p1a: Okidogi
|
|-weather|SunnyDay|[upkeep]
|-heal|p2a: Great Tusk|66/100 tox|[from] item: Leftovers
|-damage|p2a: Great Tusk|60/100 tox|[from] psn
|upkeep
|turn|10
|inactive|thejay1224 has 120 seconds left.
|
|t:|1757851558
|switch|p1a: Serperior|Serperior, M|100/100
|-damage|p1a: Serperior|88/100|[from] Stealth Rock
|move|p2a: Great Tusk|Rapid Spin|p1a: Serperior
|-damage|p1a: Serperior|64/100
|-boost|p2a: Great Tusk|spe|1
|
|-weather|SunnyDay|[upkeep]
|-heal|p2a: Great Tusk|66/100 tox|[from] item: Leftovers
|-damage|p2a: Great Tusk|54/100 tox|[from] psn
|upkeep
|turn|11
|
|t:|1757851570
|switch|p1a: Torkoal|Torkoal, F|100/100
|-damage|p1a: Torkoal|76/100|[from] Stealth Rock
|move|p2a: Great Tusk|Ice Spinner|p1a: Torkoal
|-resisted|p1a: Torkoal
|-damage|p1a: Torkoal|60/100
|
|-weather|none
|-end|p2a: Great Tusk|Protosynthesis
|-heal|p2a: Great Tusk|60/100 tox|[from] item: Leftovers
|-damage|p2a: Great Tusk|42/100 tox|[from] psn
|upkeep
|turn|12
|
|t:|1757851580
|move|p2a: Great Tusk|Headlong Rush|p1a: Torkoal
|-supereffective|p1a: Torkoal
|-damage|p1a: Torkoal|0 fnt
|-unboost|p2a: Great Tusk|def|1
|-unboost|p2a: Great Tusk|spd|1
|faint|p1a: Torkoal
|
|-heal|p2a: Great Tusk|48/100 tox|[from] item: Leftovers
|-damage|p2a: Great Tusk|23/100 tox|[from] psn
|upkeep
|inactive|thejay1224 has 120 seconds left.
|
|t:|1757851592
|switch|p1a: Dragonite|Dragonite, M|100/100
|turn|13
|inactive|thejay1224 has 120 seconds left.
|
|t:|1757851598
|move|p1a: Dragonite|Extreme Speed|p2a: Great Tusk
|-damage|p2a: Great Tusk|0 fnt
|faint|p2a: Great Tusk
|-end|p2a: Great Tusk|Protosynthesis|[silent]
|
|upkeep
|
|t:|1757851604
|switch|p2a: Mew|Mew|94/100 brn
|turn|14
|
|t:|1757851615
|move|p2a: Mew|Ice Beam|p1a: Dragonite
|-supereffective|p1a: Dragonite
|-damage|p1a: Dragonite|40/100
|move|p1a: Dragonite|Dragon Dance|p1a: Dragonite
|-boost|p1a: Dragonite|atk|1
|-boost|p1a: Dragonite|spe|1
|
|-damage|p2a: Mew|88/100 brn|[from] brn
|upkeep
|turn|15
|
|t:|1757851624
|move|p1a: Dragonite|Extreme Speed|p2a: Mew
|-damage|p2a: Mew|43/100 brn
|move|p2a: Mew|Ice Beam|p1a: Dragonite
|-supereffective|p1a: Dragonite
|-damage|p1a: Dragonite|0 fnt
|faint|p1a: Dragonite
|
|-damage|p2a: Mew|37/100 brn|[from] brn
|upkeep
|
|t:|1757851629
|switch|p1a: Okidogi|Okidogi, M|100/100
|-damage|p1a: Okidogi|95/100|[from] Stealth Rock
|turn|16
|
|t:|1757851645
|switch|p2a: Torkoal|Torkoal, M|73/100
|-weather|SunnyDay|[from] ability: Drought|[of] p2a: Torkoal
|move|p1a: Okidogi|Close Combat|p2a: Torkoal
|-damage|p2a: Torkoal|35/100
|-unboost|p1a: Okidogi|def|1
|-unboost|p1a: Okidogi|spd|1
|-status|p2a: Torkoal|tox|[from] ability: Toxic Chain|[of] p1a: Okidogi
|
|-weather|SunnyDay|[upkeep]
|-damage|p2a: Torkoal|28/100 tox|[from] psn
|upkeep
|turn|17
|
|t:|1757851663
|move|p1a: Okidogi|Close Combat|p2a: Torkoal
|-crit|p2a: Torkoal
|-damage|p2a: Torkoal|0 fnt
|-unboost|p1a: Okidogi|def|1
|-unboost|p1a: Okidogi|spd|1
|faint|p2a: Torkoal
|
|-weather|SunnyDay|[upkeep]
|upkeep
|
|t:|1757851674
|switch|p2a: Mew|Mew|37/100 brn
|turn|18
|
|t:|1757851684
|-terastallize|p2a: Mew|Psychic
|move|p2a: Mew|Psychic|p1a: Okidogi
|-supereffective|p1a: Okidogi
|-damage|p1a: Okidogi|0 fnt
|faint|p1a: Okidogi
|
|-weather|SunnyDay|[upkeep]
|-damage|p2a: Mew|31/100 brn|[from] brn
|upkeep
|
|t:|1757851688
|switch|p1a: Serperior|Serperior, M|64/100
|-damage|p1a: Serperior|52/100|[from] Stealth Rock
|turn|19
|
|t:|1757851693
|move|p2a: Mew|Psychic|p1a: Serperior
|-damage|p1a: Serperior|0 fnt
|faint|p1a: Serperior
|
|win|rayeru
|raw|thejay1224's rating: 1503 &rarr; <strong>1480</strong><br />(-23 for losing)
|raw|rayeru's rating: 1456 &rarr; <strong>1479</strong><br />(+23 for winning)
|l|☆thejay1224
|player|p1|
|l|☆rayeru
|player|p2|
