|j|‽Flocking glock
|j|☆K2Shiest.E
|t:|1757928539
|gametype|singles
|player|p1|Flocking glock|102|1441
|player|p2|K2Shiest.E|266|1432
|gen|9
|tier|[Gen 9] OU
|rated|
|rule|HP Percentage Mod: HP is shown in percentages
|rule|Endless Battle Clause: Forcing endless battles is banned
|rule|Species Clause: Limit one of each Pokémon
|rule|OHKO Clause: OHKO moves are banned
|rule|Evasion Items Clause: Evasion items are banned
|rule|Evasion Moves Clause: Evasion moves are banned
|rule|Evasion Abilities Clause: Evasion abilities are banned
|rule|Sleep Moves Clause: Sleep-inducing moves are banned
|clearpoke
|poke|p1|Heatran, M|
|poke|p1|Ogerpon-Wellspring, F|
|poke|p1|Rillaboom, M|
|poke|p1|Great Tusk|
|poke|p1|Dragapult, M|
|poke|p1|Bronzong|
|poke|p2|Ting-Lu|
|poke|p2|Darkrai|
|poke|p2|Corviknight, M|
|poke|p2|Fezandipiti, M|
|poke|p2|Pecharunt|
|poke|p2|Latios, M|
|teampreview
|
|t:|1757928550
|teamsize|p1|6
|teamsize|p2|6
|start
|switch|p1a: Great Tusk|Great Tusk|100/100
|switch|p2a: Ting-Lu|Ting-Lu|100/100
|-ability|p2a: Ting-Lu|Vessel of Ruin
|turn|1
|
|t:|1757928562
|switch|p2a: Corviknight|Corviknight, M, shiny|100/100
|-ability|p2a: Corviknight|Pressure
|move|p1a: Great Tusk|Close Combat|p2a: Corviknight
|-damage|p2a: Corviknight|63/100
|-unboost|p1a: Great Tusk|def|1
|-unboost|p1a: Great Tusk|spd|1
|-damage|p1a: Great Tusk|84/100|[from] item: Rocky Helmet|[of] p2a: Corviknight
|
|upkeep
|turn|2
|
|t:|1757928569
|-end|p1a: Great Tusk|Protosynthesis|[silent]
|switch|p1a: Heatran|Heatran, M|100/100
|move|p2a: Corviknight|Roost|p2a: Corviknight
|-heal|p2a: Corviknight|100/100
|-singleturn|p2a: Corviknight|move: Roost
|
|upkeep
|turn|3
|
|t:|1757928576
|switch|p1a: Rillaboom|Rillaboom, M|100/100
|-fieldstart|move: Grassy Terrain|[from] ability: Grassy Surge|[of] p1a: Rillaboom
|switch|p2a: Ting-Lu|Ting-Lu|100/100
|-ability|p2a: Ting-Lu|Vessel of Ruin
|
|upkeep
|turn|4
|
|t:|1757928581
|switch|p2a: Corviknight|Corviknight, M, shiny|100/100
|-ability|p2a: Corviknight|Pressure
|move|p1a: Rillaboom|U-turn|p2a: Corviknight
|-resisted|p2a: Corviknight
|-damage|p2a: Corviknight|96/100
|-damage|p1a: Rillaboom|84/100|[from] item: Rocky Helmet|[of] p2a: Corviknight
|
|t:|1757928585
|switch|p1a: Heatran|Heatran, M|100/100|[from] U-turn
|
|upkeep
|turn|5
|
|t:|1757928588
|switch|p1a: Ogerpon|Ogerpon-Wellspring, F|100/100
|switch|p2a: Ting-Lu|Ting-Lu|100/100
|-ability|p2a: Ting-Lu|Vessel of Ruin
|
|upkeep
|turn|6
|
|t:|1757928597
|switch|p2a: Pecharunt|Pecharunt|100/100
|move|p1a: Ogerpon|Swords Dance|p1a: Ogerpon
|-boost|p1a: Ogerpon|atk|2
|
|upkeep
|turn|7
|
|t:|1757928603
|-terastallize|p1a: Ogerpon|Water
|detailschange|p1a: Ogerpon|Ogerpon-Wellspring-Tera, F, tera:Water
|-ability|p1a: Ogerpon|Embody Aspect (Wellspring)|boost
|-boost|p1a: Ogerpon|spd|1
|move|p1a: Ogerpon|Ivy Cudgel|p2a: Pecharunt|[anim] Ivy Cudgel Water
|-damage|p2a: Pecharunt|23/100
|move|p2a: Pecharunt|Foul Play|p1a: Ogerpon
|-damage|p1a: Ogerpon|11/100
|
|-heal|p1a: Ogerpon|17/100|[from] Grassy Terrain
|-heal|p2a: Pecharunt|30/100|[from] Grassy Terrain
|upkeep
|turn|8
|
|t:|1757928627
|move|p1a: Ogerpon|Ivy Cudgel|p2a: Pecharunt|[anim] Ivy Cudgel Water
|-damage|p2a: Pecharunt|0 fnt
|faint|p2a: Pecharunt
|
|-heal|p1a: Ogerpon|23/100|[from] Grassy Terrain
|upkeep
|
|t:|1757928629
|switch|p2a: Darkrai|Darkrai, shiny|100/100
|turn|9
|
|t:|1757928632
|move|p1a: Ogerpon|Grassy Glide|p2a: Darkrai
|-damage|p2a: Darkrai|0 fnt
|faint|p2a: Darkrai
|
|-heal|p1a: Ogerpon|29/100|[from] Grassy Terrain
|upkeep
|
|t:|1757928640
|switch|p2a: Latios|Latios, M, shiny|100/100
|turn|10
|
|t:|1757928650
|switch|p1a: Heatran|Heatran, M|100/100
|move|p2a: Latios|Dragon Pulse|p1a: Heatran
|-resisted|p1a: Heatran
|-damage|p1a: Heatran|85/100
|
|-heal|p1a: Heatran|91/100|[from] Grassy Terrain
|-heal|p1a: Heatran|98/100|[from] item: Leftovers
|-fieldend|move: Grassy Terrain
|upkeep
|turn|11
|
|t:|1757928657
|switch|p2a: Ting-Lu|Ting-Lu|100/100
|-ability|p2a: Ting-Lu|Vessel of Ruin
|move|p1a: Heatran|Magma Storm|p2a: Ting-Lu
|-damage|p2a: Ting-Lu|83/100
|-activate|p2a: Ting-Lu|move: Magma Storm|[of] p1a: Heatran
|
|-heal|p1a: Heatran|100/100|[from] item: Leftovers
|-heal|p2a: Ting-Lu|89/100|[from] item: Leftovers
|-damage|p2a: Ting-Lu|77/100|[from] move: Magma Storm|[partiallytrapped]
|upkeep
|turn|12
|
|t:|1757928662
|switch|p1a: Rillaboom|Rillaboom, M|84/100
|-fieldstart|move: Grassy Terrain|[from] ability: Grassy Surge|[of] p1a: Rillaboom
|move|p2a: Ting-Lu|Earthquake|p1a: Rillaboom
|-resisted|p1a: Rillaboom
|-damage|p1a: Rillaboom|75/100
|
|-heal|p1a: Rillaboom|81/100|[from] Grassy Terrain
|-heal|p2a: Ting-Lu|83/100|[from] Grassy Terrain
|-heal|p2a: Ting-Lu|89/100|[from] item: Leftovers
|-end|p2a: Ting-Lu|Magma Storm|[partiallytrapped]|[silent]
|upkeep
|turn|13
|
|t:|1757928668
|move|p1a: Rillaboom|U-turn|p2a: Ting-Lu
|-supereffective|p2a: Ting-Lu
|-damage|p2a: Ting-Lu|60/100
|
|t:|1757928670
|switch|p1a: Ogerpon|Ogerpon-Wellspring-Tera, F, tera:Water|29/100|[from] U-turn
|-ability|p1a: Ogerpon|Embody Aspect (Wellspring)|boost
|-boost|p1a: Ogerpon|spd|1
|move|p2a: Ting-Lu|Stealth Rock|p1a: Ogerpon
|-sidestart|p1: Flocking glock|move: Stealth Rock
|
|-heal|p1a: Ogerpon|35/100|[from] Grassy Terrain
|-heal|p2a: Ting-Lu|66/100|[from] Grassy Terrain
|-heal|p2a: Ting-Lu|73/100|[from] item: Leftovers
|upkeep
|turn|14
|
|t:|1757928677
|switch|p2a: Latios|Latios, M, shiny|100/100
|move|p1a: Ogerpon|Ivy Cudgel|p2a: Latios|[anim] Ivy Cudgel Water
|-resisted|p2a: Latios
|-damage|p2a: Latios|40/100
|
|-heal|p1a: Ogerpon|41/100|[from] Grassy Terrain
|upkeep
|turn|15
|
|t:|1757928684
|switch|p1a: Bronzong|Bronzong, shiny|100/100
|-damage|p1a: Bronzong|94/100|[from] Stealth Rock
|move|p2a: Latios|Dragon Pulse|p1a: Bronzong
|-resisted|p1a: Bronzong
|-damage|p1a: Bronzong|74/100
|
|upkeep
|turn|16
|
|t:|1757928696
|switch|p1a: Ogerpon|Ogerpon-Wellspring-Tera, F, tera:Water|41/100
|-damage|p1a: Ogerpon|29/100|[from] Stealth Rock
|-ability|p1a: Ogerpon|Embody Aspect (Wellspring)|boost
|-boost|p1a: Ogerpon|spd|1
|move|p2a: Latios|Recover|p2a: Latios
|-heal|p2a: Latios|90/100
|
|-heal|p1a: Ogerpon|35/100|[from] Grassy Terrain
|upkeep
|turn|17
|
|t:|1757928702
|switch|p1a: Heatran|Heatran, M|100/100
|-damage|p1a: Heatran|88/100|[from] Stealth Rock
|move|p2a: Latios|Psychic Noise|p1a: Heatran
|-resisted|p1a: Heatran
|-damage|p1a: Heatran|75/100
|-start|p1a: Heatran|move: Heal Block
|
|upkeep
|turn|18
|
|t:|1757928707
|move|p2a: Latios|Aura Sphere|p1a: Heatran
|-supereffective|p1a: Heatran
|-damage|p1a: Heatran|40/100
|move|p1a: Heatran|Magma Storm|p2a: Latios
|-resisted|p2a: Latios
|-damage|p2a: Latios|66/100
|-activate|p2a: Latios|move: Magma Storm|[of] p1a: Heatran
|
|-damage|p2a: Latios|54/100|[from] move: Magma Storm|[partiallytrapped]
|-end|p1a: Heatran|move: Heal Block
|upkeep
|turn|19
|
|t:|1757928715
|move|p2a: Latios|Recover|p2a: Latios
|-heal|p2a: Latios|100/100
|move|p1a: Heatran|Heavy Slam|p2a: Latios
|-damage|p2a: Latios|57/100
|
|-heal|p1a: Heatran|46/100|[from] Grassy Terrain
|-heal|p1a: Heatran|52/100|[from] item: Leftovers
|-damage|p2a: Latios|45/100|[from] move: Magma Storm|[partiallytrapped]
|-fieldend|move: Grassy Terrain
|upkeep
|turn|20
|
|t:|1757928730
|move|p2a: Latios|Recover|p2a: Latios
|-heal|p2a: Latios|95/100
|move|p1a: Heatran|Heavy Slam|p2a: Latios
|-damage|p2a: Latios|52/100
|
|-heal|p1a: Heatran|58/100|[from] item: Leftovers
|-damage|p2a: Latios|40/100|[from] move: Magma Storm|[partiallytrapped]
|upkeep
|turn|21
|
|t:|1757928738
|move|p2a: Latios|Aura Sphere|p1a: Heatran
|-supereffective|p1a: Heatran
|-damage|p1a: Heatran|22/100
|move|p1a: Heatran|Heavy Slam|p2a: Latios
|-damage|p2a: Latios|0 fnt
|faint|p2a: Latios
|
|-heal|p1a: Heatran|29/100|[from] item: Leftovers
|upkeep
|
|t:|1757928744
|switch|p2a: Ting-Lu|Ting-Lu|73/100
|-ability|p2a: Ting-Lu|Vessel of Ruin
|turn|22
|
|t:|1757928751
|switch|p1a: Great Tusk|Great Tusk|84/100
|move|p2a: Ting-Lu|Ruination|p1a: Great Tusk
|-damage|p1a: Great Tusk|42/100
|
|-heal|p2a: Ting-Lu|79/100|[from] item: Leftovers
|upkeep
|turn|23
|
|t:|1757928758
|switch|p2a: Corviknight|Corviknight, M, shiny|96/100
|-ability|p2a: Corviknight|Pressure
|move|p1a: Great Tusk|Rapid Spin|p2a: Corviknight
|-resisted|p2a: Corviknight
|-damage|p2a: Corviknight|91/100
|-boost|p1a: Great Tusk|spe|1
|-damage|p1a: Great Tusk|26/100|[from] item: Rocky Helmet|[of] p2a: Corviknight
|-sideend|p1: Flocking glock|Stealth Rock|[from] move: Rapid Spin|[of] p1a: Great Tusk
|
|upkeep
|turn|24
|
|t:|1757928762
|-end|p1a: Great Tusk|Protosynthesis|[silent]
|switch|p1a: Heatran|Heatran, M|29/100
|move|p2a: Corviknight|U-turn|p1a: Heatran
|-resisted|p1a: Heatran
|-damage|p1a: Heatran|26/100
|
|t:|1757928764
|switch|p2a: Ting-Lu|Ting-Lu|79/100|[from] U-turn
|-ability|p2a: Ting-Lu|Vessel of Ruin
|
|-heal|p1a: Heatran|32/100|[from] item: Leftovers
|-heal|p2a: Ting-Lu|85/100|[from] item: Leftovers
|upkeep
|turn|25
|
|t:|1757928770
|switch|p1a: Rillaboom|Rillaboom, M|81/100
|-fieldstart|move: Grassy Terrain|[from] ability: Grassy Surge|[of] p1a: Rillaboom
|move|p2a: Ting-Lu|Stealth Rock|p1a: Rillaboom
|-sidestart|p1: Flocking glock|move: Stealth Rock
|
|-heal|p1a: Rillaboom|87/100|[from] Grassy Terrain
|-heal|p2a: Ting-Lu|91/100|[from] Grassy Terrain
|-heal|p2a: Ting-Lu|98/100|[from] item: Leftovers
|upkeep
|turn|26
|
|t:|1757928773
|switch|p2a: Corviknight|Corviknight, M, shiny|91/100
|-ability|p2a: Corviknight|Pressure
|move|p1a: Rillaboom|Grassy Glide|p2a: Corviknight
|-resisted|p2a: Corviknight
|-damage|p2a: Corviknight|84/100
|-damage|p1a: Rillaboom|71/100|[from] item: Rocky Helmet|[of] p2a: Corviknight
|
|-heal|p1a: Rillaboom|77/100|[from] Grassy Terrain
|upkeep
|turn|27
|
|t:|1757928778
|move|p1a: Rillaboom|U-turn|p2a: Corviknight
|-resisted|p2a: Corviknight
|-damage|p2a: Corviknight|80/100
|-damage|p1a: Rillaboom|60/100|[from] item: Rocky Helmet|[of] p2a: Corviknight
|
|t:|1757928780
|switch|p1a: Great Tusk|Great Tusk|26/100|[from] U-turn
|move|p2a: Corviknight|U-turn|p1a: Great Tusk
|-resisted|p1a: Great Tusk
|-damage|p1a: Great Tusk|21/100
|
|t:|1757928785
|switch|p2a: Ting-Lu|Ting-Lu|98/100|[from] U-turn
|-ability|p2a: Ting-Lu|Vessel of Ruin
|
|-heal|p1a: Great Tusk|27/100|[from] Grassy Terrain
|-heal|p2a: Ting-Lu|100/100|[from] Grassy Terrain
|upkeep
|turn|28
|
|t:|1757928789
|switch|p2a: Corviknight|Corviknight, M, shiny|80/100
|-ability|p2a: Corviknight|Pressure
|move|p1a: Great Tusk|Rapid Spin|p2a: Corviknight
|-resisted|p2a: Corviknight
|-damage|p2a: Corviknight|75/100
|-boost|p1a: Great Tusk|spe|1
|-damage|p1a: Great Tusk|11/100|[from] item: Rocky Helmet|[of] p2a: Corviknight
|-sideend|p1: Flocking glock|Stealth Rock|[from] move: Rapid Spin|[of] p1a: Great Tusk
|
|-heal|p1a: Great Tusk|17/100|[from] Grassy Terrain
|upkeep
|turn|29
|
|t:|1757928792
|move|p1a: Great Tusk|Close Combat|p2a: Corviknight
|-damage|p2a: Corviknight|35/100
|-unboost|p1a: Great Tusk|def|1
|-unboost|p1a: Great Tusk|spd|1
|-damage|p1a: Great Tusk|0 fnt|[from] item: Rocky Helmet|[of] p2a: Corviknight
|faint|p1a: Great Tusk
|-end|p1a: Great Tusk|Protosynthesis|[silent]
|move|p2a: Corviknight|Body Press|p1: Great Tusk|[notarget]
|-fail|p2a: Corviknight
|
|upkeep
|
|t:|1757928798
|switch|p1a: Ogerpon|Ogerpon-Wellspring-Tera, F, tera:Water|35/100
|-ability|p1a: Ogerpon|Embody Aspect (Wellspring)|boost
|-boost|p1a: Ogerpon|spd|1
|turn|30
|
|t:|1757928805
|move|p1a: Ogerpon|Ivy Cudgel|p2a: Corviknight|[anim] Ivy Cudgel Water
|-damage|p2a: Corviknight|0 fnt
|faint|p2a: Corviknight
|
|-heal|p1a: Ogerpon|41/100|[from] Grassy Terrain
|upkeep
|
|t:|1757928808
|switch|p2a: Fezandipiti|Fezandipiti, M|100/100
|turn|31
|
|t:|1757928816
|move|p1a: Ogerpon|Ivy Cudgel|p2a: Fezandipiti|[anim] Ivy Cudgel Water
|-damage|p2a: Fezandipiti|11/100
|move|p2a: Fezandipiti|Moonblast|p1a: Ogerpon
|-damage|p1a: Ogerpon|21/100
|-status|p1a: Ogerpon|tox|[from] ability: Toxic Chain|[of] p2a: Fezandipiti
|
|-heal|p1a: Ogerpon|27/100 tox|[from] Grassy Terrain
|-heal|p2a: Fezandipiti|17/100|[from] Grassy Terrain
|-damage|p1a: Ogerpon|21/100 tox|[from] psn
|upkeep
|turn|32
|
|t:|1757928823
|move|p1a: Ogerpon|Ivy Cudgel|p2a: Fezandipiti|[anim] Ivy Cudgel Water
|-damage|p2a: Fezandipiti|0 fnt
|faint|p2a: Fezandipiti
|
|-heal|p1a: Ogerpon|27/100 tox|[from] Grassy Terrain
|-damage|p1a: Ogerpon|15/100 tox|[from] psn
|-fieldend|move: Grassy Terrain
|upkeep
|-message|K2Shiest.E forfeited.
|
|win|Flocking glock
|raw|Flocking glock's rating: 1441 &rarr; <strong>1460</strong><br />(+19 for winning)
|raw|K2Shiest.E's rating: 1432 &rarr; <strong>1413</strong><br />(-19 for losing)
|l|☆K2Shiest.E
|player|p2|
