|j|☆yourragez
|j|☆adow
|t:|1757833486
|gametype|singles
|player|p1|yourragez|101|1213
|player|p2|adow|veteran|1222
|gen|9
|tier|[Gen 9] OU
|rated|
|rule|HP Percentage Mod: HP is shown in percentages
|rule|Endless Battle Clause: Forcing endless battles is banned
|rule|Species Clause: Limit one of each Pokémon
|rule|OHKO Clause: OHKO moves are banned
|rule|Evasion Items Clause: Evasion items are banned
|rule|Evasion Moves Clause: Evasion moves are banned
|rule|Evasion Abilities Clause: Evasion abilities are banned
|rule|Sleep Moves Clause: Sleep-inducing moves are banned
|clearpoke
|poke|p1|Dragonite, F|
|poke|p1|Great Tusk|
|poke|p1|Magnezone|
|poke|p1|Cinderace, M|
|poke|p1|Slowking-Galar, F|
|poke|p1|Rillaboom, F|
|poke|p2|Toucannon, M|
|poke|p2|Incineroar, M|
|poke|p2|Komala, M|
|poke|p2|Ninetales-Alola, F|
|poke|p2|Electrode-Hisui|
|poke|p2|Kommo-o, F|
|teampreview
|
|t:|1757833516
|teamsize|p1|6
|teamsize|p2|6
|start
|switch|p1a: Cinderace|Cinderace, M|100/100
|switch|p2a: Incineroar|Incineroar, M|100/100
|-ability|p2a: Incineroar|Intimidate|boost
|-unboost|p1a: Cinderace|atk|1
|turn|1
|
|t:|1757833526
|move|p1a: Cinderace|U-turn|p2a: Incineroar
|-crit|p2a: Incineroar
|-damage|p2a: Incineroar|79/100
|
|t:|1757833546
|switch|p1a: Great Tusk|Great Tusk|100/100|[from] U-turn
|move|p2a: Incineroar|Parting Shot|p1a: Great Tusk
|-unboost|p1a: Great Tusk|atk|1
|-unboost|p1a: Great Tusk|spa|1
|
|t:|1757833555
|switch|p2a: Electrode|Electrode-Hisui|100/100|[from] Parting Shot
|
|upkeep
|turn|2
|
|t:|1757833571
|-end|p1a: Great Tusk|Protosynthesis|[silent]
|switch|p1a: Slowking|Slowking-Galar, F|100/100
|move|p2a: Electrode|Taunt|p1a: Slowking
|-start|p1a: Slowking|move: Taunt
|
|upkeep
|turn|3
|
|t:|1757833581
|move|p2a: Electrode|Volt Switch|p1a: Slowking
|-damage|p1a: Slowking|89/100
|
|t:|1757833584
|switch|p2a: Incineroar|Incineroar, M|79/100|[from] Volt Switch
|-ability|p2a: Incineroar|Intimidate|boost
|-unboost|p1a: Slowking|atk|1
|move|p1a: Slowking|Sludge Bomb|p2a: Incineroar
|-damage|p2a: Incineroar|49/100
|
|upkeep
|turn|4
|
|t:|1757833594
|switch|p1a: Great Tusk|Great Tusk|100/100
|move|p2a: Incineroar|Will-O-Wisp|p1a: Great Tusk
|-status|p1a: Great Tusk|brn
|
|-damage|p1a: Great Tusk|94/100 brn|[from] brn
|upkeep
|turn|5
|
|t:|1757833603
|switch|p2a: Ninetales|Ninetales-Alola, F, shiny|100/100
|-weather|Snowscape|[from] ability: Snow Warning|[of] p2a: Ninetales
|move|p1a: Great Tusk|Headlong Rush|p2a: Ninetales
|-damage|p2a: Ninetales|82/100
|-unboost|p1a: Great Tusk|def|1
|-unboost|p1a: Great Tusk|spd|1
|
|-weather|Snowscape|[upkeep]
|-heal|p1a: Great Tusk|100/100 brn|[from] item: Leftovers
|-damage|p1a: Great Tusk|94/100 brn|[from] brn
|upkeep
|turn|6
|
|t:|1757833608
|-end|p1a: Great Tusk|Protosynthesis|[silent]
|switch|p1a: Cinderace|Cinderace, M|100/100
|move|p2a: Ninetales|Aurora Veil|p2a: Ninetales
|-sidestart|p2: adow|move: Aurora Veil
|
|-weather|Snowscape|[upkeep]
|upkeep
|turn|7
|
|t:|1757833623
|move|p1a: Cinderace|Pyro Ball|p2a: Ninetales
|-supereffective|p2a: Ninetales
|-damage|p2a: Ninetales|47/100
|move|p2a: Ninetales|Encore|p1a: Cinderace
|-start|p1a: Cinderace|Encore
|
|-weather|Snowscape|[upkeep]
|upkeep
|turn|8
|
|t:|1757833629
|switch|p2a: Kommo-o|Kommo-o, F|100/100
|move|p1a: Cinderace|Pyro Ball|p2a: Kommo-o
|-immune|p2a: Kommo-o|[from] ability: Bulletproof
|
|-weather|Snowscape|[upkeep]
|upkeep
|turn|9
|
|t:|1757833664
|switch|p1a: Slowking|Slowking-Galar, F|100/100
|move|p2a: Kommo-o|Clangorous Soul|p2a: Kommo-o
|-boost|p2a: Kommo-o|atk|1
|-boost|p2a: Kommo-o|def|1
|-boost|p2a: Kommo-o|spa|1
|-boost|p2a: Kommo-o|spd|1
|-boost|p2a: Kommo-o|spe|1
|-damage|p2a: Kommo-o|68/100
|
|-weather|none
|-heal|p2a: Kommo-o|74/100|[from] item: Leftovers
|upkeep
|turn|10
|
|t:|1757833685
|-terastallize|p2a: Kommo-o|Steel
|move|p2a: Kommo-o|Clangorous Soul|p2a: Kommo-o
|-boost|p2a: Kommo-o|atk|1
|-boost|p2a: Kommo-o|def|1
|-boost|p2a: Kommo-o|spa|1
|-boost|p2a: Kommo-o|spd|1
|-boost|p2a: Kommo-o|spe|1
|-damage|p2a: Kommo-o|41/100
|move|p1a: Slowking|Thunder Wave|p2a: Kommo-o
|-status|p2a: Kommo-o|par
|
|-heal|p2a: Kommo-o|47/100 par|[from] item: Leftovers
|upkeep
|turn|11
|
|t:|1757833695
|cant|p2a: Kommo-o|par
|-prepare|p1a: Slowking|Chilly Reception|[premajor]
|move|p1a: Slowking|Chilly Reception|p1a: Slowking
|-weather|Snowscape
|
|t:|1757833698
|switch|p1a: Cinderace|Cinderace, M|100/100|[from] Chilly Reception
|
|-weather|Snowscape|[upkeep]
|-heal|p2a: Kommo-o|53/100 par|[from] item: Leftovers
|upkeep
|turn|12
|
|t:|1757833707
|move|p1a: Cinderace|Court Change|p1a: Cinderace
|-swapsideconditions
|-activate|p1a: Cinderace|move: Court Change
|move|p2a: Kommo-o|Clangorous Soul|p2a: Kommo-o
|-boost|p2a: Kommo-o|atk|1
|-boost|p2a: Kommo-o|def|1
|-boost|p2a: Kommo-o|spa|1
|-boost|p2a: Kommo-o|spd|1
|-boost|p2a: Kommo-o|spe|1
|-damage|p2a: Kommo-o|20/100 par
|
|-weather|Snowscape|[upkeep]
|-heal|p2a: Kommo-o|27/100 par|[from] item: Leftovers
|upkeep
|turn|13
|
|t:|1757833718
|move|p1a: Cinderace|Pyro Ball|p2a: Kommo-o
|-immune|p2a: Kommo-o|[from] ability: Bulletproof
|move|p2a: Kommo-o|Drain Punch|p1a: Cinderace
|-damage|p1a: Cinderace|57/100
|-heal|p2a: Kommo-o|53/100 par|[from] drain|[of] p1a: Cinderace
|
|-weather|Snowscape|[upkeep]
|-heal|p2a: Kommo-o|59/100 par|[from] item: Leftovers
|-sideend|p1: yourragez|move: Aurora Veil
|upkeep
|turn|14
|
|t:|1757833731
|move|p1a: Cinderace|U-turn|p2a: Kommo-o
|-resisted|p2a: Kommo-o
|-damage|p2a: Kommo-o|56/100 par
|
|t:|1757833734
|switch|p1a: Great Tusk|Great Tusk|94/100 brn|[from] U-turn
|cant|p2a: Kommo-o|par
|
|-weather|Snowscape|[upkeep]
|-heal|p2a: Kommo-o|62/100 par|[from] item: Leftovers
|-heal|p1a: Great Tusk|100/100 brn|[from] item: Leftovers
|-damage|p1a: Great Tusk|94/100 brn|[from] brn
|upkeep
|turn|15
|
|t:|1757833742
|cant|p2a: Kommo-o|par
|move|p1a: Great Tusk|Bulk Up|p1a: Great Tusk
|-boost|p1a: Great Tusk|atk|1
|-boost|p1a: Great Tusk|def|1
|
|-weather|none
|-heal|p2a: Kommo-o|68/100 par|[from] item: Leftovers
|-heal|p1a: Great Tusk|100/100 brn|[from] item: Leftovers
|-damage|p1a: Great Tusk|94/100 brn|[from] brn
|upkeep
|turn|16
|
|t:|1757833746
|cant|p2a: Kommo-o|par
|move|p1a: Great Tusk|Bulk Up|p1a: Great Tusk
|-boost|p1a: Great Tusk|atk|1
|-boost|p1a: Great Tusk|def|1
|
|-heal|p2a: Kommo-o|74/100 par|[from] item: Leftovers
|-heal|p1a: Great Tusk|100/100 brn|[from] item: Leftovers
|-damage|p1a: Great Tusk|94/100 brn|[from] brn
|upkeep
|turn|17
|
|t:|1757833749
|cant|p2a: Kommo-o|par
|move|p1a: Great Tusk|Rapid Spin|p2a: Kommo-o
|-resisted|p2a: Kommo-o
|-damage|p2a: Kommo-o|72/100 par
|-boost|p1a: Great Tusk|spe|1
|
|-heal|p2a: Kommo-o|78/100 par|[from] item: Leftovers
|-heal|p1a: Great Tusk|100/100 brn|[from] item: Leftovers
|-damage|p1a: Great Tusk|94/100 brn|[from] brn
|upkeep
|turn|18
|
|t:|1757833751
|move|p2a: Kommo-o|Flamethrower|p1a: Great Tusk
|-damage|p1a: Great Tusk|9/100 brn
|move|p1a: Great Tusk|Bulk Up|p1a: Great Tusk
|-boost|p1a: Great Tusk|atk|1
|-boost|p1a: Great Tusk|def|1
|
|-heal|p2a: Kommo-o|84/100 par|[from] item: Leftovers
|-heal|p1a: Great Tusk|15/100 brn|[from] item: Leftovers
|-damage|p1a: Great Tusk|9/100 brn|[from] brn
|upkeep
|turn|19
|
|t:|1757833761
|move|p2a: Kommo-o|Flamethrower|p1a: Great Tusk
|-damage|p1a: Great Tusk|0 fnt
|faint|p1a: Great Tusk
|-end|p1a: Great Tusk|Protosynthesis|[silent]
|
|-heal|p2a: Kommo-o|90/100 par|[from] item: Leftovers
|upkeep
|
|t:|1757833774
|switch|p1a: Magnezone|Magnezone|100/100
|turn|20
|
|t:|1757833783
|-terastallize|p1a: Magnezone|Fighting
|move|p2a: Kommo-o|Drain Punch|p1a: Magnezone
|-damage|p1a: Magnezone|21/100
|-heal|p2a: Kommo-o|100/100 par|[from] drain|[of] p1a: Magnezone
|move|p1a: Magnezone|Body Press|p2a: Kommo-o
|-supereffective|p2a: Kommo-o
|-damage|p2a: Kommo-o|66/100 par
|
|-heal|p2a: Kommo-o|72/100 par|[from] item: Leftovers
|upkeep
|turn|21
|
|t:|1757833791
|move|p2a: Kommo-o|Drain Punch|p1a: Magnezone
|-crit|p1a: Magnezone
|-damage|p1a: Magnezone|0 fnt
|-heal|p2a: Kommo-o|82/100 par|[from] drain|[of] p1a: Magnezone
|faint|p1a: Magnezone
|
|-heal|p2a: Kommo-o|88/100 par|[from] item: Leftovers
|upkeep
|
|t:|1757833798
|switch|p1a: Dragonite|Dragonite, F, shiny|100/100
|turn|22
|
|t:|1757833801
|move|p2a: Kommo-o|Flash Cannon|p1a: Dragonite
|-damage|p1a: Dragonite|53/100
|move|p1a: Dragonite|Fire Punch|p2a: Kommo-o
|-supereffective|p2a: Kommo-o
|-damage|p2a: Kommo-o|54/100 par
|
|-heal|p2a: Kommo-o|60/100 par|[from] item: Leftovers
|upkeep
|turn|23
|
|t:|1757833806
|move|p2a: Kommo-o|Flash Cannon|p1a: Dragonite
|-damage|p1a: Dragonite|0 fnt
|faint|p1a: Dragonite
|
|-heal|p2a: Kommo-o|67/100 par|[from] item: Leftovers
|upkeep
|
|t:|1757833813
|switch|p1a: Rillaboom|Rillaboom, F|100/100
|-fieldstart|move: Grassy Terrain|[from] ability: Grassy Surge|[of] p1a: Rillaboom
|turn|24
|
|t:|1757833817
|move|p2a: Kommo-o|Drain Punch|p1a: Rillaboom
|-damage|p1a: Rillaboom|25/100
|-heal|p2a: Kommo-o|100/100 par|[from] drain|[of] p1a: Rillaboom
|move|p1a: Rillaboom|Wood Hammer|p2a: Kommo-o
|-resisted|p2a: Kommo-o
|-damage|p2a: Kommo-o|73/100 par
|-damage|p1a: Rillaboom|17/100|[from] Recoil
|
|-heal|p2a: Kommo-o|79/100 par|[from] Grassy Terrain
|-heal|p2a: Kommo-o|85/100 par|[from] item: Leftovers
|-heal|p1a: Rillaboom|23/100|[from] Grassy Terrain
|upkeep
|turn|25
|
|t:|1757833830
|cant|p2a: Kommo-o|par
|move|p1a: Rillaboom|Wood Hammer|p2a: Kommo-o
|-resisted|p2a: Kommo-o
|-damage|p2a: Kommo-o|60/100 par
|-damage|p1a: Rillaboom|16/100|[from] Recoil
|
|-heal|p2a: Kommo-o|66/100 par|[from] Grassy Terrain
|-heal|p2a: Kommo-o|72/100 par|[from] item: Leftovers
|-heal|p1a: Rillaboom|22/100|[from] Grassy Terrain
|upkeep
|turn|26
|
|t:|1757833836
|move|p2a: Kommo-o|Drain Punch|p1a: Rillaboom
|-damage|p1a: Rillaboom|0 fnt
|-heal|p2a: Kommo-o|85/100 par|[from] drain|[of] p1a: Rillaboom
|faint|p1a: Rillaboom
|
|-heal|p2a: Kommo-o|91/100 par|[from] Grassy Terrain
|-heal|p2a: Kommo-o|97/100 par|[from] item: Leftovers
|upkeep
|-message|yourragez forfeited.
|
|win|adow
|raw|yourragez's rating: 1213 &rarr; <strong>1189</strong><br />(-24 for losing)
|raw|adow's rating: 1222 &rarr; <strong>1246</strong><br />(+24 for winning)
|l|☆adow
|player|p2|
