|j|☆gmatthew271
|j|☆Aimsss
|t:|1757914812
|gametype|singles
|player|p1|gmatthew271|170|1405
|player|p2|Aimsss|policeman-gen4|1403
|gen|9
|tier|[Gen 9] OU
|rated|
|rule|HP Percentage Mod: HP is shown in percentages
|rule|Endless Battle Clause: Forcing endless battles is banned
|rule|Species Clause: Limit one of each Pokémon
|rule|OHKO Clause: OHKO moves are banned
|rule|Evasion Items Clause: Evasion items are banned
|rule|Evasion Moves Clause: Evasion moves are banned
|rule|Evasion Abilities Clause: Evasion abilities are banned
|rule|Sleep Moves Clause: Sleep-inducing moves are banned
|clearpoke
|poke|p1|Dragonite, F|
|poke|p1|Raging Bolt|
|poke|p1|Alomomola, F|
|poke|p1|Garganacl, F|
|poke|p1|Great Tusk|
|poke|p1|Deoxys-Speed|
|poke|p2|Dragapult, M|
|poke|p2|Kingambit, M|
|poke|p2|Hawlucha, F|
|poke|p2|Glimmora, F|
|poke|p2|Chesnaught, M|
|poke|p2|Gallade, M|
|teampreview
|
|t:|1757914824
|teamsize|p1|6
|teamsize|p2|6
|start
|switch|p1a: Deoxys|Deoxys-Speed|100/100
|switch|p2a: Gallade|Gallade, M, shiny|100/100
|-ability|p1a: Deoxys|Pressure
|turn|1
|
|t:|1757914832
|move|p1a: Deoxys|Knock Off|p2a: Gallade
|-damage|p2a: Gallade|65/100
|-enditem|p2a: Gallade|Sitrus Berry|[from] move: Knock Off|[of] p1a: Deoxys
|move|p2a: Gallade|Night Slash|p1a: Deoxys
|-supereffective|p1a: Deoxys
|-enditem|p1a: Deoxys|Colbur Berry|[eat]
|-enditem|p1a: Deoxys|Colbur Berry|[weaken]
|-damage|p1a: Deoxys|59/100
|
|upkeep
|turn|2
|
|t:|1757914860
|switch|p1a: Alomomola|Alomomola, F|100/100
|move|p2a: Gallade|Night Slash|p1a: Alomomola
|-damage|p1a: Alomomola|76/100
|
|upkeep
|turn|3
|
|t:|1757914866
|move|p2a: Gallade|Sacred Sword|p1a: Alomomola
|-damage|p1a: Alomomola|32/100
|move|p1a: Alomomola|Flip Turn|p2a: Gallade
|-damage|p2a: Gallade|34/100
|
|t:|1757914877
|switch|p1a: Dragonite|Dragonite, F|100/100|[from] Flip Turn
|
|upkeep
|turn|4
|
|t:|1757914896
|move|p1a: Dragonite|Extreme Speed|p2a: Gallade
|-damage|p2a: Gallade|0 fnt
|faint|p2a: Gallade
|
|upkeep
|
|t:|1757914903
|switch|p2a: Dragapult|Dragapult, M|100/100
|turn|5
|
|t:|1757914910
|switch|p1a: Garganacl|Garganacl, F|100/100
|move|p2a: Dragapult|Will-O-Wisp|p1a: Garganacl|[miss]
|-miss|p2a: Dragapult|p1a: Garganacl
|
|upkeep
|turn|6
|
|t:|1757914917
|switch|p2a: Glimmora|Glimmora, F|100/100
|-item|p2a: Glimmora|Air Balloon
|move|p1a: Garganacl|Salt Cure|p2a: Glimmora
|-damage|p2a: Glimmora|86/100
|-start|p2a: Glimmora|Salt Cure
|-activate|p2a: Glimmora|ability: Toxic Debris
|-sidestart|p1: gmatthew271|move: Toxic Spikes
|-enditem|p2a: Glimmora|Air Balloon
|
|-damage|p2a: Glimmora|74/100|[from] Salt Cure
|upkeep
|turn|7
|
|t:|1757914929
|move|p2a: Glimmora|Stealth Rock|p1a: Garganacl
|-sidestart|p1: gmatthew271|move: Stealth Rock
|move|p1a: Garganacl|Earthquake|p2a: Glimmora
|-supereffective|p2a: Glimmora
|-damage|p2a: Glimmora|0 fnt
|-activate|p2a: Glimmora|ability: Toxic Debris
|-sidestart|p1: gmatthew271|move: Toxic Spikes
|faint|p2a: Glimmora
|
|upkeep
|
|t:|1757914938
|switch|p2a: Kingambit|Kingambit, M|100/100
|turn|8
|
|t:|1757914946
|move|p2a: Kingambit|Substitute|p2a: Kingambit
|-start|p2a: Kingambit|Substitute
|-damage|p2a: Kingambit|76/100
|move|p1a: Garganacl|Curse|p1a: Garganacl
|-unboost|p1a: Garganacl|spe|1
|-boost|p1a: Garganacl|atk|1
|-boost|p1a: Garganacl|def|1
|
|upkeep
|turn|9
|
|t:|1757914954
|move|p2a: Kingambit|Swords Dance|p2a: Kingambit
|-boost|p2a: Kingambit|atk|2
|move|p1a: Garganacl|Earthquake|p2a: Kingambit
|-supereffective|p2a: Kingambit
|-end|p2a: Kingambit|Substitute
|
|upkeep
|turn|10
|
|t:|1757914961
|move|p2a: Kingambit|Iron Head|p1a: Garganacl
|-supereffective|p1a: Garganacl
|-damage|p1a: Garganacl|14/100
|cant|p1a: Garganacl|flinch
|
|-heal|p1a: Garganacl|21/100|[from] item: Leftovers
|upkeep
|turn|11
|
|t:|1757914969
|move|p2a: Kingambit|Iron Head|p1a: Garganacl
|-supereffective|p1a: Garganacl
|-damage|p1a: Garganacl|0 fnt
|faint|p1a: Garganacl
|
|upkeep
|
|t:|1757914974
|switch|p1a: Great Tusk|Great Tusk|100/100
|-status|p1a: Great Tusk|tox
|-damage|p1a: Great Tusk|98/100 tox|[from] Stealth Rock
|turn|12
|
|t:|1757914981
|switch|p2a: Dragapult|Dragapult, M|100/100
|move|p1a: Great Tusk|Ice Spinner|p2a: Dragapult
|-supereffective|p2a: Dragapult
|-damage|p2a: Dragapult|27/100
|
|-damage|p1a: Great Tusk|91/100 tox|[from] psn
|upkeep
|turn|13
|inactive|Battle timer is ON: inactive players will automatically lose when time's up. (requested by Aimsss)
|
|t:|1757915013
|-end|p1a: Great Tusk|Protosynthesis|[silent]
|switch|p1a: Alomomola|Alomomola, F|66/100
|move|p2a: Dragapult|Hex|p1a: Alomomola
|-damage|p1a: Alomomola|40/100
|
|upkeep
|turn|14
|
|t:|1757915023
|move|p2a: Dragapult|Shadow Ball|p1a: Alomomola
|-damage|p1a: Alomomola|11/100
|move|p1a: Alomomola|Flip Turn|p2a: Dragapult
|-resisted|p2a: Dragapult
|-damage|p2a: Dragapult|13/100
|
|t:|1757915031
|switch|p1a: Deoxys|Deoxys-Speed|59/100|[from] Flip Turn
|-status|p1a: Deoxys|tox
|-damage|p1a: Deoxys|46/100 tox|[from] Stealth Rock
|-ability|p1a: Deoxys|Pressure
|
|-damage|p1a: Deoxys|40/100 tox|[from] psn
|upkeep
|turn|15
|
|t:|1757915042
|switch|p2a: Chesnaught|Chesnaught, M|100/100
|move|p1a: Deoxys|Knock Off|p2a: Chesnaught
|-resisted|p2a: Chesnaught
|-damage|p2a: Chesnaught|93/100
|-enditem|p2a: Chesnaught|Sitrus Berry|[from] move: Knock Off|[of] p1a: Deoxys
|
|-damage|p1a: Deoxys|29/100 tox|[from] psn
|upkeep
|turn|16
|
|t:|1757915052
|switch|p2a: Kingambit|Kingambit, M|76/100
|move|p1a: Deoxys|Psychic Noise|p2a: Kingambit
|-immune|p2a: Kingambit
|
|-damage|p1a: Deoxys|11/100 tox|[from] psn
|upkeep
|turn|17
|
|t:|1757915069
|switch|p2a: Dragapult|Dragapult, M|13/100
|move|p1a: Deoxys|Taunt|p2a: Dragapult
|-start|p2a: Dragapult|move: Taunt
|
|-damage|p1a: Deoxys|0 fnt|[from] psn
|faint|p1a: Deoxys
|upkeep
|
|t:|1757915089
|switch|p1a: Great Tusk|Great Tusk|91/100 tox
|-damage|p1a: Great Tusk|88/100 tox|[from] Stealth Rock
|turn|18
|
|t:|1757915094
|move|p2a: Dragapult|Hex|p1a: Great Tusk
|-damage|p1a: Great Tusk|11/100 tox
|move|p1a: Great Tusk|Ice Spinner|p2a: Dragapult
|-supereffective|p2a: Dragapult
|-damage|p2a: Dragapult|0 fnt
|faint|p2a: Dragapult
|
|-damage|p1a: Great Tusk|4/100 tox|[from] psn
|upkeep
|
|t:|1757915107
|switch|p2a: Hawlucha|Hawlucha, F|100/100
|turn|19
|
|t:|1757915111
|move|p2a: Hawlucha|Acrobatics|p1a: Great Tusk
|-supereffective|p1a: Great Tusk
|-damage|p1a: Great Tusk|0 fnt
|-damage|p2a: Hawlucha|84/100|[from] item: Rocky Helmet|[of] p1a: Great Tusk
|faint|p1a: Great Tusk
|-end|p1a: Great Tusk|Protosynthesis|[silent]
|
|upkeep
|
|t:|1757915128
|switch|p1a: Raging Bolt|Raging Bolt|100/100
|-status|p1a: Raging Bolt|tox
|-damage|p1a: Raging Bolt|88/100 tox|[from] Stealth Rock
|turn|20
|
|t:|1757915137
|switch|p2a: Kingambit|Kingambit, M|76/100
|move|p1a: Raging Bolt|Thunderbolt|p2a: Kingambit
|-damage|p2a: Kingambit|23/100
|
|-heal|p1a: Raging Bolt|94/100 tox|[from] item: Leftovers
|-damage|p1a: Raging Bolt|88/100 tox|[from] psn
|upkeep
|turn|21
|
|t:|1757915153
|move|p1a: Raging Bolt|Thunderbolt|p2a: Kingambit
|-damage|p2a: Kingambit|0 fnt
|faint|p2a: Kingambit
|
|-heal|p1a: Raging Bolt|94/100 tox|[from] item: Leftovers
|-damage|p1a: Raging Bolt|82/100 tox|[from] psn
|upkeep
|
|t:|1757915161
|switch|p2a: Chesnaught|Chesnaught, M|93/100
|turn|22
|
|t:|1757915176
|move|p1a: Raging Bolt|Draco Meteor|p2a: Chesnaught
|-damage|p2a: Chesnaught|22/100
|-unboost|p1a: Raging Bolt|spa|2
|move|p2a: Chesnaught|Leech Seed|p1a: Raging Bolt
|-start|p1a: Raging Bolt|move: Leech Seed
|
|-heal|p1a: Raging Bolt|88/100 tox|[from] item: Leftovers
|-damage|p1a: Raging Bolt|76/100 tox|[from] Leech Seed|[of] p2a: Chesnaught
|-heal|p2a: Chesnaught|34/100|[silent]
|-damage|p1a: Raging Bolt|58/100 tox|[from] psn
|upkeep
|turn|23
|
|t:|1757915190
|move|p1a: Raging Bolt|Draco Meteor|p2a: Chesnaught
|-damage|p2a: Chesnaught|0 fnt
|-unboost|p1a: Raging Bolt|spa|2
|faint|p2a: Chesnaught
|
|-heal|p1a: Raging Bolt|64/100 tox|[from] item: Leftovers
|-damage|p1a: Raging Bolt|39/100 tox|[from] psn
|upkeep
|
|t:|1757915199
|switch|p2a: Hawlucha|Hawlucha, F|84/100
|turn|24
|
|t:|1757915205
|-terastallize|p2a: Hawlucha|Steel
|move|p2a: Hawlucha|Swords Dance|p2a: Hawlucha
|-boost|p2a: Hawlucha|atk|2
|move|p1a: Raging Bolt|Thunderbolt|p2a: Hawlucha
|-damage|p2a: Hawlucha|59/100
|-enditem|p2a: Hawlucha|Red Card|[of] p1a: Raging Bolt
|-end|p1a: Raging Bolt|Protosynthesis|[silent]
|drag|p1a: Dragonite|Dragonite, F|100/100
|-damage|p1a: Dragonite|76/100|[from] Stealth Rock
|
|upkeep
|turn|25
|
|t:|1757915231
|move|p1a: Dragonite|Extreme Speed|p2a: Hawlucha
|-resisted|p2a: Hawlucha
|-damage|p2a: Hawlucha|29/100
|move|p2a: Hawlucha|Acrobatics|p1a: Dragonite
|-damage|p1a: Dragonite|0 fnt
|faint|p1a: Dragonite
|
|upkeep
|
|t:|1757915238
|switch|p1a: Raging Bolt|Raging Bolt|39/100 tox
|-damage|p1a: Raging Bolt|27/100 tox|[from] Stealth Rock
|turn|26
|
|t:|1757915243
|move|p1a: Raging Bolt|Thunderclap||[still]
|-fail|p1a: Raging Bolt
|move|p2a: Hawlucha|Swords Dance|p2a: Hawlucha
|-boost|p2a: Hawlucha|atk|2
|
|-heal|p1a: Raging Bolt|33/100 tox|[from] item: Leftovers
|-damage|p1a: Raging Bolt|27/100 tox|[from] psn
|upkeep
|turn|27
|
|t:|1757915252
|move|p1a: Raging Bolt|Thunderclap|p2a: Hawlucha
|-damage|p2a: Hawlucha|0 fnt
|faint|p2a: Hawlucha
|
|win|gmatthew271
|raw|gmatthew271's rating: 1405 &rarr; <strong>1425</strong><br />(+20 for winning)
|raw|Aimsss's rating: 1403 &rarr; <strong>1383</strong><br />(-20 for losing)
|l|☆Aimsss
|player|p2|
