|j|☆Nameless Moron
|j|☆nescauzuxx
|t:|1757848847
|gametype|singles
|player|p1|Nameless Moron|unknown|1095
|player|p2|nescauzuxx|brock|1050
|gen|9
|tier|[Gen 9] OU
|rated|
|rule|HP Percentage Mod: HP is shown in percentages
|rule|Endless Battle Clause: Forcing endless battles is banned
|rule|Species Clause: Limit one of each Pokémon
|rule|OHKO Clause: OHKO moves are banned
|rule|Evasion Items Clause: Evasion items are banned
|rule|Evasion Moves Clause: Evasion moves are banned
|rule|Evasion Abilities Clause: Evasion abilities are banned
|rule|Sleep Moves Clause: Sleep-inducing moves are banned
|clearpoke
|poke|p1|Scizor, M|
|poke|p1|Ceruledge, M|
|poke|p1|Greninja-*, M|
|poke|p1|Clodsire, F|
|poke|p1|Great Tusk|
|poke|p1|Dragapult, F|
|poke|p2|Araquanid, M|
|poke|p2|Breloom, M|
|poke|p2|Garchomp, F|
|poke|p2|Toucannon, M|
|poke|p2|Kommo-o, M|
|poke|p2|Whimsicott, F|
|teampreview
|inactive|Battle timer is ON: inactive players will automatically lose when time's up. (requested by Nameless Moron)
|
|t:|1757848864
|teamsize|p1|6
|teamsize|p2|6
|start
|switch|p1a: Dragapult|Dragapult, F|100/100
|switch|p2a: Araquanid|Araquanid, M, shiny|100/100
|turn|1
|
|t:|1757848869
|move|p1a: Dragapult|Thunderbolt|p2a: Araquanid
|-supereffective|p2a: Araquanid
|-damage|p2a: Araquanid|39/100
|-enditem|p2a: Araquanid|Sitrus Berry|[eat]
|-heal|p2a: Araquanid|64/100|[from] item: Sitrus Berry
|move|p2a: Araquanid|Sticky Web|p1a: Dragapult
|-sidestart|p1: Nameless Moron|move: Sticky Web
|
|upkeep
|turn|2
|
|t:|1757848879
|-terastallize|p2a: Araquanid|Bug
|move|p1a: Dragapult|Thunderbolt|p2a: Araquanid
|-damage|p2a: Araquanid|30/100
|move|p2a: Araquanid|Infestation|p1a: Dragapult
|-resisted|p1a: Dragapult
|-damage|p1a: Dragapult|90/100
|-activate|p1a: Dragapult|move: Infestation|[of] p2a: Araquanid
|
|-damage|p1a: Dragapult|78/100|[from] move: Infestation|[partiallytrapped]
|upkeep
|turn|3
|
|t:|1757848891
|switch|p2a: Garchomp|Garchomp, F|100/100
|move|p1a: Dragapult|Thunderbolt|p2a: Garchomp
|-immune|p2a: Garchomp
|
|-end|p1a: Dragapult|Infestation|[partiallytrapped]|[silent]
|upkeep
|turn|4
|
|t:|1757848902
|switch|p1a: Great Tusk|Great Tusk|100/100
|-activate|p1a: Great Tusk|move: Sticky Web
|-unboost|p1a: Great Tusk|spe|1
|move|p2a: Garchomp|Dragon Tail|p1a: Great Tusk
|-damage|p1a: Great Tusk|86/100
|-end|p1a: Great Tusk|Protosynthesis|[silent]
|drag|p1a: Scizor|Scizor, M|100/100
|-activate|p1a: Scizor|move: Sticky Web
|-unboost|p1a: Scizor|spe|1
|
|upkeep
|turn|5
|
|t:|1757848925
|move|p2a: Garchomp|Swords Dance|p2a: Garchomp
|-boost|p2a: Garchomp|atk|2
|move|p1a: Scizor|U-turn|p2a: Garchomp
|-damage|p2a: Garchomp|44/100
|-damage|p1a: Scizor|88/100|[from] ability: Rough Skin|[of] p2a: Garchomp
|-damage|p1a: Scizor|72/100|[from] item: Rocky Helmet|[of] p2a: Garchomp
|
|t:|1757848933
|switch|p1a: Greninja|Greninja, M|100/100|[from] U-turn
|-activate|p1a: Greninja|move: Sticky Web
|-unboost|p1a: Greninja|spe|1
|
|upkeep
|turn|6
|
|t:|1757848948
|switch|p2a: Toucannon|Toucannon, M|100/100
|move|p1a: Greninja|Water Shuriken|p2a: Toucannon
|-damage|p2a: Toucannon|91/100
|-damage|p2a: Toucannon|81/100
|-damage|p2a: Toucannon|72/100
|-damage|p2a: Toucannon|63/100
|-hitcount|p2a: Toucannon|4
|
|upkeep
|turn|7
|
|t:|1757848959
|move|p2a: Toucannon|Bullet Seed|p1a: Greninja
|-supereffective|p1a: Greninja
|-damage|p1a: Greninja|74/100
|-supereffective|p1a: Greninja
|-damage|p1a: Greninja|45/100
|-supereffective|p1a: Greninja
|-damage|p1a: Greninja|17/100
|-supereffective|p1a: Greninja
|-damage|p1a: Greninja|0 fnt
|faint|p1a: Greninja
|-hitcount|p1: Greninja|4
|
|upkeep
|
|t:|1757848971
|switch|p1a: Great Tusk|Great Tusk|86/100
|-activate|p1a: Great Tusk|move: Sticky Web
|-unboost|p1a: Great Tusk|spe|1
|turn|8
|
|t:|1757848976
|move|p2a: Toucannon|Bullet Seed|p1a: Great Tusk
|-supereffective|p1a: Great Tusk
|-damage|p1a: Great Tusk|78/100
|-supereffective|p1a: Great Tusk
|-damage|p1a: Great Tusk|70/100
|-supereffective|p1a: Great Tusk
|-damage|p1a: Great Tusk|62/100
|-supereffective|p1a: Great Tusk
|-damage|p1a: Great Tusk|53/100
|-supereffective|p1a: Great Tusk
|-damage|p1a: Great Tusk|45/100
|-hitcount|p1a: Great Tusk|5
|move|p1a: Great Tusk|Rapid Spin|p2a: Toucannon
|-damage|p2a: Toucannon|41/100
|-boost|p1a: Great Tusk|spe|1
|-sideend|p1: Nameless Moron|Sticky Web|[from] move: Rapid Spin|[of] p1a: Great Tusk
|
|-heal|p1a: Great Tusk|51/100|[from] item: Leftovers
|upkeep
|turn|9
|
|t:|1757848998
|switch|p2a: Araquanid|Araquanid, M, shiny, tera:Bug|30/100
|-end|p1a: Great Tusk|Protosynthesis|[silent]
|switch|p1a: Ceruledge|Ceruledge, M|100/100
|
|upkeep
|turn|10
|
|t:|1757849007
|move|p1a: Ceruledge|Taunt|p2a: Araquanid
|-start|p2a: Araquanid|move: Taunt
|cant|p2a: Araquanid|move: Taunt|Substitute
|
|upkeep
|turn|11
|
|t:|1757849013
|move|p1a: Ceruledge|Bulk Up|p1a: Ceruledge
|-boost|p1a: Ceruledge|atk|1
|-boost|p1a: Ceruledge|def|1
|move|p2a: Araquanid|Infestation|p1a: Ceruledge
|-resisted|p1a: Ceruledge
|-damage|p1a: Ceruledge|98/100
|-activate|p1a: Ceruledge|move: Infestation|[of] p2a: Araquanid
|
|-damage|p1a: Ceruledge|86/100|[from] move: Infestation|[partiallytrapped]
|upkeep
|turn|12
|
|t:|1757849023
|switch|p2a: Garchomp|Garchomp, F|44/100
|move|p1a: Ceruledge|Bulk Up|p1a: Ceruledge
|-boost|p1a: Ceruledge|atk|1
|-boost|p1a: Ceruledge|def|1
|
|-end|p1a: Ceruledge|Infestation|[partiallytrapped]|[silent]
|upkeep
|turn|13
|
|t:|1757849035
|move|p1a: Ceruledge|Shadow Sneak|p2a: Garchomp
|-damage|p2a: Garchomp|12/100
|-damage|p1a: Ceruledge|73/100|[from] ability: Rough Skin|[of] p2a: Garchomp
|-damage|p1a: Ceruledge|56/100|[from] item: Rocky Helmet|[of] p2a: Garchomp
|move|p2a: Garchomp|Dragon Tail|p1a: Ceruledge
|-damage|p1a: Ceruledge|37/100
|drag|p1a: Clodsire|Clodsire, F|100/100
|
|upkeep
|turn|14
|
|t:|1757849046
|move|p2a: Garchomp|Liquidation|p1a: Clodsire
|-immune|p1a: Clodsire|[from] ability: Water Absorb
|move|p1a: Clodsire|Toxic Spikes|p2a: Garchomp
|-sidestart|p2: nescauzuxx|move: Toxic Spikes
|
|upkeep
|turn|15
|
|t:|1757849055
|move|p2a: Garchomp|Earthquake|p1a: Clodsire
|-supereffective|p1a: Clodsire
|-damage|p1a: Clodsire|0 fnt
|faint|p1a: Clodsire
|
|upkeep
|
|t:|1757849060
|switch|p1a: Scizor|Scizor, M|72/100
|turn|16
|
|t:|1757849067
|move|p1a: Scizor|Bullet Punch|p2a: Garchomp
|-damage|p2a: Garchomp|0 fnt
|-damage|p1a: Scizor|60/100|[from] ability: Rough Skin|[of] p2a: Garchomp
|-damage|p1a: Scizor|43/100|[from] item: Rocky Helmet|[of] p2a: Garchomp
|faint|p2a: Garchomp
|
|upkeep
|
|t:|1757849070
|switch|p2a: Breloom|Breloom, M, shiny|100/100
|-status|p2a: Breloom|psn
|turn|17
|
|t:|1757849081
|switch|p1a: Ceruledge|Ceruledge, M|37/100
|move|p2a: Breloom|Mach Punch|p1a: Ceruledge
|-immune|p1a: Ceruledge
|
|-damage|p2a: Breloom|88/100 psn|[from] psn
|upkeep
|turn|18
|
|t:|1757849091
|switch|p2a: Whimsicott|Whimsicott, F|100/100
|-status|p2a: Whimsicott|psn
|move|p1a: Ceruledge|Bitter Blade|p2a: Whimsicott
|-supereffective|p2a: Whimsicott
|-enditem|p2a: Whimsicott|Focus Sash
|-damage|p2a: Whimsicott|1/100 psn
|-heal|p1a: Ceruledge|74/100|[from] drain|[of] p2a: Whimsicott
|
|-damage|p2a: Whimsicott|0 fnt|[from] psn
|faint|p2a: Whimsicott
|upkeep
|
|t:|1757849099
|switch|p2a: Kommo-o|Kommo-o, M|100/100
|-status|p2a: Kommo-o|psn
|turn|19
|
|t:|1757849122
|move|p2a: Kommo-o|Clanging Scales|p1a: Ceruledge
|-damage|p1a: Ceruledge|40/100
|-unboost|p2a: Kommo-o|def|1
|move|p1a: Ceruledge|Bitter Blade|p2a: Kommo-o
|-resisted|p2a: Kommo-o
|-damage|p2a: Kommo-o|75/100 psn
|-heal|p1a: Ceruledge|50/100|[from] drain|[of] p2a: Kommo-o
|
|-damage|p2a: Kommo-o|62/100 psn|[from] psn
|upkeep
|turn|20
|
|t:|1757849132
|move|p2a: Kommo-o|Flash Cannon|p1a: Ceruledge
|-resisted|p1a: Ceruledge
|-damage|p1a: Ceruledge|41/100
|move|p1a: Ceruledge|Bulk Up|p1a: Ceruledge
|-boost|p1a: Ceruledge|atk|1
|-boost|p1a: Ceruledge|def|1
|
|-damage|p2a: Kommo-o|50/100 psn|[from] psn
|upkeep
|turn|21
|
|t:|1757849140
|move|p2a: Kommo-o|Clanging Scales|p1a: Ceruledge
|-damage|p1a: Ceruledge|2/100
|-unboost|p2a: Kommo-o|def|1
|move|p1a: Ceruledge|Bulk Up|p1a: Ceruledge
|-boost|p1a: Ceruledge|atk|1
|-boost|p1a: Ceruledge|def|1
|
|-damage|p2a: Kommo-o|38/100 psn|[from] psn
|upkeep
|turn|22
|
|t:|1757849148
|move|p1a: Ceruledge|Shadow Sneak|p2a: Kommo-o
|-damage|p2a: Kommo-o|0 fnt
|faint|p2a: Kommo-o
|
|upkeep
|
|t:|1757849153
|switch|p2a: Araquanid|Araquanid, M, shiny, tera:Bug|30/100
|-status|p2a: Araquanid|psn
|turn|23
|
|t:|1757849157
|move|p1a: Ceruledge|Shadow Sneak|p2a: Araquanid
|-damage|p2a: Araquanid|1/100 psn
|move|p2a: Araquanid|Substitute|p2a: Araquanid
|-fail|p2a: Araquanid|move: Substitute|[weak]
|
|-damage|p2a: Araquanid|0 fnt|[from] psn
|faint|p2a: Araquanid
|upkeep
|
|t:|1757849162
|switch|p2a: Breloom|Breloom, M, shiny|88/100 psn
|turn|24
|
|t:|1757849172
|move|p1a: Ceruledge|Shadow Sneak|p2a: Breloom
|-damage|p2a: Breloom|32/100 psn
|move|p2a: Breloom|Aerial Ace|p1a: Ceruledge
|-damage|p1a: Ceruledge|0 fnt
|faint|p1a: Ceruledge
|
|-damage|p2a: Breloom|20/100 psn|[from] psn
|upkeep
|
|t:|1757849180
|switch|p1a: Dragapult|Dragapult, F|78/100
|turn|25
|
|t:|1757849184
|move|p1a: Dragapult|Thunderbolt|p2a: Breloom
|-resisted|p2a: Breloom
|-damage|p2a: Breloom|0 fnt
|faint|p2a: Breloom
|
|upkeep
|
|t:|1757849188
|switch|p2a: Toucannon|Toucannon, M|41/100
|turn|26
|
|t:|1757849191
|move|p1a: Dragapult|Thunderbolt|p2a: Toucannon
|-supereffective|p2a: Toucannon
|-damage|p2a: Toucannon|0 fnt
|faint|p2a: Toucannon
|
|win|Nameless Moron
|raw|Nameless Moron's rating: 1095 &rarr; <strong>1117</strong><br />(+22 for winning)
|raw|nescauzuxx's rating: 1050 &rarr; <strong>1035</strong><br />(-15 for losing)
|l|☆nescauzuxx
|player|p2|
