|j|☆Kaleor
|j|☆niccommoc
|t:|1757938509
|gametype|singles
|player|p1|Kaleor|swimmer-gen4dp|1466
|player|p2|niccommoc|cyclist|1518
|gen|9
|tier|[Gen 9] OU
|rated|
|rule|HP Percentage Mod: HP is shown in percentages
|rule|Endless Battle Clause: Forcing endless battles is banned
|rule|Species Clause: Limit one of each Pokémon
|rule|OHKO Clause: OHKO moves are banned
|rule|Evasion Items Clause: Evasion items are banned
|rule|Evasion Moves Clause: Evasion moves are banned
|rule|Evasion Abilities Clause: Evasion abilities are banned
|rule|Sleep Moves Clause: Sleep-inducing moves are banned
|clearpoke
|poke|p1|Samurott-Hisui, M|
|poke|p1|Great Tusk|
|poke|p1|Hoopa-Unbound|
|poke|p1|Kyurem|
|poke|p1|Scizor, F|
|poke|p1|Zapdos|
|poke|p2|Avalugg, M|
|poke|p2|Slowking-Galar, M|
|poke|p2|Iron Treads|
|poke|p2|Kyurem|
|poke|p2|Enamorus, F|
|poke|p2|Iron Moth|
|teampreview
|inactive|Battle timer is ON: inactive players will automatically lose when time's up. (requested by Kaleor)
|inactive|niccommoc has 120 seconds left.
|
|t:|1757938564
|teamsize|p1|6
|teamsize|p2|6
|start
|switch|p1a: Samurott|Samurott-Hisui, M|100/100
|switch|p2a: Enamorus|Enamorus, F|100/100
|turn|1
|
|t:|1757938584
|move|p2a: Enamorus|Moonblast|p1a: Samurott
|-supereffective|p1a: Samurott
|-enditem|p1a: Samurott|Focus Sash
|-damage|p1a: Samurott|1/100
|move|p1a: Samurott|Razor Shell|p2a: Enamorus
|-damage|p2a: Enamorus|20/100
|
|upkeep
|turn|2
|
|t:|1757938590
|move|p1a: Samurott|Aqua Jet|p2a: Enamorus
|-damage|p2a: Enamorus|0 fnt
|faint|p2a: Enamorus
|
|upkeep
|
|t:|1757938603
|switch|p2a: Iron Treads|Iron Treads|100/100
|-enditem|p2a: Iron Treads|Booster Energy
|-activate|p2a: Iron Treads|ability: Quark Drive|[fromitem]
|-start|p2a: Iron Treads|quarkdriveatk
|turn|3
|
|t:|1757938609
|move|p1a: Samurott|Aqua Jet|p2a: Iron Treads
|-supereffective|p2a: Iron Treads
|-damage|p2a: Iron Treads|65/100
|move|p2a: Iron Treads|Rapid Spin|p1a: Samurott
|-damage|p1a: Samurott|0 fnt
|-boost|p2a: Iron Treads|spe|1
|faint|p1a: Samurott
|
|upkeep
|
|t:|1757938612
|switch|p1a: Great Tusk|Great Tusk|100/100
|turn|4
|
|t:|1757938617
|-terastallize|p2a: Iron Treads|Ghost
|move|p2a: Iron Treads|Ice Spinner|p1a: Great Tusk
|-supereffective|p1a: Great Tusk
|-damage|p1a: Great Tusk|47/100
|move|p1a: Great Tusk|Headlong Rush|p2a: Iron Treads
|-damage|p2a: Iron Treads|4/100
|-unboost|p1a: Great Tusk|def|1
|-unboost|p1a: Great Tusk|spd|1
|-enditem|p1a: Great Tusk|Eject Pack
|
|t:|1757938623
|-end|p1a: Great Tusk|Protosynthesis|[silent]
|switch|p1a: Scizor|Scizor, F|100/100
|
|upkeep
|turn|5
|
|t:|1757938629
|-end|p2a: Iron Treads|Quark Drive|[silent]
|switch|p2a: Slowking|Slowking-Galar, M|100/100
|move|p1a: Scizor|Bullet Punch|p2a: Slowking
|-damage|p2a: Slowking|50/100
|
|upkeep
|turn|6
|
|t:|1757938643
|switch|p2a: Iron Treads|Iron Treads, tera:Ghost|4/100
|-terastallize|p1a: Scizor|Steel
|move|p1a: Scizor|Bullet Punch|p2a: Iron Treads
|-damage|p2a: Iron Treads|0 fnt
|faint|p2a: Iron Treads
|-end|p2a: Iron Treads|Quark Drive|[silent]
|
|upkeep
|
|t:|1757938652
|switch|p2a: Iron Moth|Iron Moth|100/100
|-enditem|p2a: Iron Moth|Booster Energy
|-activate|p2a: Iron Moth|ability: Quark Drive|[fromitem]
|-start|p2a: Iron Moth|quarkdrivespe
|turn|7
|
|t:|1757938662
|switch|p1a: Hoopa|Hoopa-Unbound|100/100
|move|p2a: Iron Moth|Substitute|p2a: Iron Moth
|-start|p2a: Iron Moth|Substitute
|-damage|p2a: Iron Moth|76/100
|
|upkeep
|turn|8
|
|t:|1757938666
|move|p2a: Iron Moth|Fiery Dance|p1a: Hoopa
|-damage|p1a: Hoopa|78/100
|move|p1a: Hoopa|Psychic Noise|p2a: Iron Moth
|-supereffective|p2a: Iron Moth
|-damage|p2a: Iron Moth|0 fnt
|faint|p2a: Iron Moth
|-end|p2a: Iron Moth|Quark Drive|[silent]
|
|upkeep
|
|t:|1757938684
|switch|p2a: Kyurem|Kyurem|100/100
|-ability|p2a: Kyurem|Pressure
|turn|9
|
|t:|1757938694
|move|p2a: Kyurem|Draco Meteor|p1a: Hoopa
|-damage|p1a: Hoopa|20/100
|-unboost|p2a: Kyurem|spa|2
|move|p1a: Hoopa|Knock Off|p2a: Kyurem
|-damage|p2a: Kyurem|56/100
|-enditem|p2a: Kyurem|Choice Specs|[from] move: Knock Off|[of] p1a: Hoopa
|
|upkeep
|turn|10
|
|t:|1757938702
|move|p2a: Kyurem|Draco Meteor|p1a: Hoopa
|-damage|p1a: Hoopa|1/100
|-unboost|p2a: Kyurem|spa|2
|move|p1a: Hoopa|Drain Punch|p2a: Kyurem
|-supereffective|p2a: Kyurem
|-damage|p2a: Kyurem|8/100
|-heal|p1a: Hoopa|29/100|[from] drain|[of] p2a: Kyurem
|
|upkeep
|turn|11
|
|t:|1757938707
|switch|p2a: Slowking|Slowking-Galar, M|83/100
|move|p1a: Hoopa|Drain Punch|p2a: Slowking
|-resisted|p2a: Slowking
|-damage|p2a: Slowking|77/100
|-heal|p1a: Hoopa|32/100|[from] drain|[of] p2a: Slowking
|
|upkeep
|turn|12
|
|t:|1757938711
|move|p1a: Hoopa|Knock Off|p2a: Slowking
|-supereffective|p2a: Slowking
|-damage|p2a: Slowking|0 fnt
|-enditem|p2a: Slowking|Icy Rock|[from] move: Knock Off|[of] p1a: Hoopa
|faint|p2a: Slowking
|
|upkeep
|
|t:|1757938713
|switch|p2a: AvaBUM|Avalugg, M, shiny|100/100
|turn|13
|
|t:|1757938723
|move|p1a: Hoopa|Psychic Noise|p2a: AvaBUM
|-damage|p2a: AvaBUM|21/100
|-start|p2a: AvaBUM|move: Heal Block
|move|p2a: AvaBUM|Rapid Spin|p1a: Hoopa
|-damage|p1a: Hoopa|13/100
|-boost|p2a: AvaBUM|spe|1
|
|upkeep
|turn|14
|
|t:|1757938729
|move|p1a: Hoopa|Psychic Noise|p2a: AvaBUM
|-damage|p2a: AvaBUM|0 fnt
|faint|p2a: AvaBUM
|
|upkeep
|-message|niccommoc forfeited.
|
|win|Kaleor
|raw|Kaleor's rating: 1466 &rarr; <strong>1489</strong><br />(+23 for winning)
|raw|niccommoc's rating: 1518 &rarr; <strong>1495</strong><br />(-23 for losing)
|l|☆niccommoc
|player|p2|
|l|☆Kaleor
|player|p1|
