|inactive|Battle timer is ON: inactive players will automatically lose when time's up.
|t:|1757869512
|gametype|singles
|player|p1|Electric win|#scl5islanders|
|player|p2|bhkg|#wcop2025usnortheast2|
|gen|9
|tier|[Gen 9] OU
|rule|HP Percentage Mod: HP is shown in percentages
|rule|Endless Battle Clause: Forcing endless battles is banned
|rule|Species Clause: Limit one of each Pokémon
|rule|OHKO Clause: OHKO moves are banned
|rule|Evasion Items Clause: Evasion items are banned
|rule|Evasion Moves Clause: Evasion moves are banned
|rule|Evasion Abilities Clause: Evasion abilities are banned
|rule|Sleep Moves Clause: Sleep-inducing moves are banned
|clearpoke
|poke|p1|Pecharunt|
|poke|p1|Zamazenta-*|
|poke|p1|Gliscor, M|
|poke|p1|Cinderace, F|
|poke|p1|Rillaboom, F|
|poke|p1|Kingambit, F|
|poke|p2|Deoxys-Speed|
|poke|p2|Ting-Lu|
|poke|p2|Dragonite, M|
|poke|p2|Cinderace, F|
|poke|p2|Gholdengo|
|poke|p2|Iron Hands|
|teampreview
|c|☆bhkg|hf
|rated|Smogon Champions League
|c|☆Electric win|U2 
|inactive|Electric win has 270 seconds left.
|inactive|bhkg has 270 seconds left.
|inactive|Electric win has 240 seconds left.
|inactive|bhkg has 240 seconds left.
|inactive|Electric win has 210 seconds left.
|inactive|bhkg has 210 seconds left.
|inactive|Electric win has 180 seconds left.
|inactive|bhkg has 180 seconds left.
|inactive|bhkg has 150 seconds left.
|
|t:|1757869688
|teamsize|p1|6
|teamsize|p2|6
|start
|switch|p1a: Rillaboom|Rillaboom, F|100/100
|switch|p2a: Cinderace|Cinderace, F|100/100
|-fieldstart|move: Grassy Terrain|[from] ability: Grassy Surge|[of] p1a: Rillaboom
|turn|1
|
|t:|1757869696
|move|p1a: Rillaboom|U-turn|p2a: Cinderace
|-resisted|p2a: Cinderace
|-damage|p2a: Cinderace|86/100
|
|t:|1757869698
|switch|p1a: Cinderace|Cinderace, F|100/100|[from] U-turn
|move|p2a: Cinderace|Pyro Ball|p1a: Cinderace
|-resisted|p1a: Cinderace
|-damage|p1a: Cinderace|73/100
|
|-heal|p2a: Cinderace|93/100|[from] Grassy Terrain
|-heal|p1a: Cinderace|79/100|[from] Grassy Terrain
|upkeep
|turn|2
|
|t:|1757869729
|switch|p1a: Gliscor|Gliscor, M|100/100
|move|p2a: Cinderace|Pyro Ball|p1a: Gliscor
|-damage|p1a: Gliscor|65/100
|-status|p1a: Gliscor|brn
|
|-heal|p2a: Cinderace|99/100|[from] Grassy Terrain
|-damage|p1a: Gliscor|58/100 brn|[from] brn
|upkeep
|turn|3
|inactive|Electric win has 210 seconds left.
|
|t:|1757869770
|move|p2a: Cinderace|U-turn|p1a: Gliscor
|-resisted|p1a: Gliscor
|-damage|p1a: Gliscor|50/100 brn
|
|t:|1757869784
|switch|p2a: Iron Hands|Iron Hands|100/100|[from] U-turn
|-enditem|p2a: Iron Hands|Booster Energy
|-activate|p2a: Iron Hands|ability: Quark Drive|[fromitem]
|-start|p2a: Iron Hands|quarkdriveatk
|move|p1a: Gliscor|Stealth Rock|p2a: Iron Hands
|-sidestart|p2: bhkg|move: Stealth Rock
|
|-damage|p1a: Gliscor|44/100 brn|[from] brn
|upkeep
|turn|4
|
|t:|1757869793
|move|p1a: Gliscor|Toxic|p2a: Iron Hands
|-status|p2a: Iron Hands|tox
|move|p2a: Iron Hands|Swords Dance|p2a: Iron Hands
|-boost|p2a: Iron Hands|atk|2
|
|-damage|p2a: Iron Hands|94/100 tox|[from] psn
|-damage|p1a: Gliscor|38/100 brn|[from] brn
|upkeep
|turn|5
|
|t:|1757869799
|move|p1a: Gliscor|Protect|p1a: Gliscor
|-singleturn|p1a: Gliscor|Protect
|move|p2a: Iron Hands|Ice Punch|p1a: Gliscor
|-activate|p1a: Gliscor|move: Protect
|
|-heal|p2a: Iron Hands|100/100 tox|[from] Grassy Terrain
|-damage|p2a: Iron Hands|88/100 tox|[from] psn
|-damage|p1a: Gliscor|32/100 brn|[from] brn
|-fieldend|move: Grassy Terrain
|upkeep
|turn|6
|inactive|Electric win has 180 seconds left.
|inactive|Electric win has 150 seconds left.
|inactive|Electric win has 120 seconds left.
|
|t:|1757869892
|move|p1a: Gliscor|Earthquake|p2a: Iron Hands
|-supereffective|p2a: Iron Hands
|-damage|p2a: Iron Hands|65/100 tox
|move|p2a: Iron Hands|Ice Punch|p1a: Gliscor
|-supereffective|p1a: Gliscor
|-damage|p1a: Gliscor|0 fnt
|faint|p1a: Gliscor
|
|-damage|p2a: Iron Hands|46/100 tox|[from] psn
|upkeep
|inactive|Electric win has 120 seconds left.
|
|t:|1757869908
|switch|p1a: Rillaboom|Rillaboom, F|100/100
|-fieldstart|move: Grassy Terrain|[from] ability: Grassy Surge|[of] p1a: Rillaboom
|turn|7
|
|t:|1757869922
|-end|p2a: Iron Hands|Quark Drive|[silent]
|switch|p2a: Dragonite|Dragonite, M|100/100
|move|p1a: Rillaboom|U-turn|p2a: Dragonite
|-resisted|p2a: Dragonite
|-damage|p2a: Dragonite|95/100
|inactive|Electric win has 90 seconds left.
|
|t:|1757869950
|switch|p1a: Kingambit|Kingambit, F|100/100|[from] U-turn
|-activate|p1a: Kingambit|ability: Supreme Overlord
|-start|p1a: Kingambit|fallen1|[silent]
|
|upkeep
|turn|8
|inactive|Electric win has 90 seconds left.
|
|t:|1757869966
|switch|p2a: Ting-Lu|Ting-Lu|100/100
|-damage|p2a: Ting-Lu|94/100|[from] Stealth Rock
|-ability|p2a: Ting-Lu|Vessel of Ruin
|move|p1a: Kingambit|Iron Head|p2a: Ting-Lu
|-damage|p2a: Ting-Lu|68/100
|-damage|p1a: Kingambit|84/100|[from] item: Rocky Helmet|[of] p2a: Ting-Lu
|
|-heal|p2a: Ting-Lu|74/100|[from] Grassy Terrain
|-heal|p1a: Kingambit|90/100|[from] Grassy Terrain
|-heal|p1a: Kingambit|96/100|[from] item: Leftovers
|upkeep
|turn|9
|
|t:|1757869970
|move|p2a: Ting-Lu|Ruination|p1a: Kingambit
|-damage|p1a: Kingambit|49/100
|move|p1a: Kingambit|Swords Dance|p1a: Kingambit
|-boost|p1a: Kingambit|atk|2
|
|-heal|p2a: Ting-Lu|80/100|[from] Grassy Terrain
|-heal|p1a: Kingambit|55/100|[from] Grassy Terrain
|-heal|p1a: Kingambit|61/100|[from] item: Leftovers
|upkeep
|turn|10
|inactive|bhkg has 240 seconds left.
|
|t:|1757869995
|move|p2a: Ting-Lu|Earthquake|p1a: Kingambit
|-supereffective|p1a: Kingambit
|-damage|p1a: Kingambit|30/100
|move|p1a: Kingambit|Low Kick|p2a: Ting-Lu
|-supereffective|p2a: Ting-Lu
|-damage|p2a: Ting-Lu|0 fnt
|-damage|p1a: Kingambit|13/100|[from] item: Rocky Helmet|[of] p2a: Ting-Lu
|faint|p2a: Ting-Lu
|
|-heal|p1a: Kingambit|20/100|[from] Grassy Terrain
|-heal|p1a: Kingambit|26/100|[from] item: Leftovers
|upkeep
|
|t:|1757870005
|switch|p2a: Cinderace|Cinderace, F|99/100
|turn|11
|
|t:|1757870015
|-end|p1a: Kingambit|fallen1|[silent]
|switch|p1a: Cinderace|Cinderace, F|79/100
|move|p2a: Cinderace|Will-O-Wisp|p1a: Cinderace|[miss]
|-miss|p2a: Cinderace|p1a: Cinderace
|
|-heal|p2a: Cinderace|100/100|[from] Grassy Terrain
|-heal|p1a: Cinderace|86/100|[from] Grassy Terrain
|-fieldend|move: Grassy Terrain
|upkeep
|turn|12
|inactive|Electric win has 120 seconds left.
|
|t:|1757870040
|move|p2a: Cinderace|Pyro Ball|p1a: Cinderace
|-resisted|p1a: Cinderace
|-damage|p1a: Cinderace|56/100
|move|p1a: Cinderace|Pyro Ball|p2a: Cinderace
|-resisted|p2a: Cinderace
|-damage|p2a: Cinderace|69/100
|
|upkeep
|turn|13
|inactive|bhkg has 240 seconds left.
|inactive|Electric win has 90 seconds left.
|
|t:|1757870072
|move|p2a: Cinderace|Pyro Ball|p1a: Cinderace|[miss]
|-miss|p2a: Cinderace|p1a: Cinderace
|move|p1a: Cinderace|Pyro Ball|p2a: Cinderace
|-resisted|p2a: Cinderace
|-damage|p2a: Cinderace|40/100
|
|upkeep
|turn|14
|inactive|Electric win has 90 seconds left.
|
|t:|1757870078
|move|p2a: Cinderace|Pyro Ball|p1a: Cinderace
|-resisted|p1a: Cinderace
|-crit|p1a: Cinderace
|-damage|p1a: Cinderace|13/100
|move|p1a: Cinderace|U-turn|p2a: Cinderace
|-resisted|p2a: Cinderace
|-damage|p2a: Cinderace|29/100
|inactive|Electric win has 90 seconds left.
|
|t:|1757870087
|switch|p1a: Rillaboom|Rillaboom, F|100/100|[from] U-turn
|-fieldstart|move: Grassy Terrain|[from] ability: Grassy Surge|[of] p1a: Rillaboom
|
|-heal|p2a: Cinderace|35/100|[from] Grassy Terrain
|upkeep
|turn|15
|inactive|Electric win has 90 seconds left.
|
|t:|1757870100
|switch|p2a: Dragonite|Dragonite, M|95/100
|move|p1a: Rillaboom|Knock Off|p2a: Dragonite
|-damage|p2a: Dragonite|63/100
|-enditem|p2a: Dragonite|Heavy-Duty Boots|[from] move: Knock Off|[of] p1a: Rillaboom
|
|upkeep
|turn|16
|
|t:|1757870104
|switch|p1a: PFHxS|Pecharunt|100/100
|move|p2a: Dragonite|Roost|p2a: Dragonite
|-heal|p2a: Dragonite|100/100
|-singleturn|p2a: Dragonite|move: Roost
|
|upkeep
|turn|17
|
|t:|1757870131
|switch|p2a: Iron Hands|Iron Hands|46/100 tox
|-damage|p2a: Iron Hands|40/100 tox|[from] Stealth Rock
|move|p1a: PFHxS|Shadow Ball|p2a: Iron Hands
|-damage|p2a: Iron Hands|15/100 tox
|
|-heal|p2a: Iron Hands|21/100 tox|[from] Grassy Terrain
|-damage|p2a: Iron Hands|15/100 tox|[from] psn
|upkeep
|turn|18
|
|t:|1757870136
|move|p1a: PFHxS|Shadow Ball|p2a: Iron Hands
|-damage|p2a: Iron Hands|0 fnt
|faint|p2a: Iron Hands
|-end|p2a: Iron Hands|Quark Drive|[silent]
|
|-fieldend|move: Grassy Terrain
|upkeep
|inactive|bhkg has 240 seconds left.
|
|t:|1757870165
|switch|p2a: Cinderace|Cinderace, F|35/100
|turn|19
|
|t:|1757870180
|move|p2a: Cinderace|Court Change|p2a: Cinderace
|-swapsideconditions
|-activate|p2a: Cinderace|move: Court Change
|move|p1a: PFHxS|Malignant Chain|p2a: Cinderace
|-damage|p2a: Cinderace|0 fnt
|faint|p2a: Cinderace
|
|upkeep
|
|t:|1757870183
|switch|p2a: Deoxys|Deoxys-Speed|100/100
|-ability|p2a: Deoxys|Pressure
|turn|20
|inactive|Electric win has 120 seconds left.
|inactive|Electric win has 90 seconds left.
|inactive|Electric win has 60 seconds left.
|
|t:|1757870265
|switch|p1a: Cinderace|Cinderace, F|13/100
|move|p2a: Deoxys|Psycho Boost|p1a: Cinderace
|-damage|p1a: Cinderace|0 fnt
|-unboost|p2a: Deoxys|spa|2
|faint|p1a: Cinderace
|
|upkeep
|inactive|Electric win has 30 seconds left.
|
|t:|1757870292
|switch|p1a: Rillaboom|Rillaboom, F|100/100
|-damage|p1a: Rillaboom|88/100|[from] Stealth Rock
|-fieldstart|move: Grassy Terrain|[from] ability: Grassy Surge|[of] p1a: Rillaboom
|turn|21
|inactive|Electric win has 30 seconds left.
|inactive|bhkg has 240 seconds left.
|
|t:|1757870313
|switch|p2a: Gholdengo|Gholdengo|100/100
|-item|p2a: Gholdengo|Air Balloon
|move|p1a: Rillaboom|U-turn|p2a: Gholdengo
|-resisted|p2a: Gholdengo
|-damage|p2a: Gholdengo|97/100
|-enditem|p2a: Gholdengo|Air Balloon
|inactive|Electric win has 30 seconds left.
|
|t:|1757870319
|switch|p1a: Kingambit|Kingambit, F|26/100|[from] U-turn
|-damage|p1a: Kingambit|20/100|[from] Stealth Rock
|-activate|p1a: Kingambit|ability: Supreme Overlord
|-start|p1a: Kingambit|fallen2|[silent]
|
|-heal|p2a: Gholdengo|100/100|[from] Grassy Terrain
|-heal|p1a: Kingambit|26/100|[from] Grassy Terrain
|-heal|p1a: Kingambit|32/100|[from] item: Leftovers
|upkeep
|turn|22
|inactive|Electric win has 30 seconds left.
|inactive|bhkg has 240 seconds left.
|inactive|Electric win has 20 seconds left.
|inactive|Electric win has 15 seconds left.
|
|t:|1757870347
|move|p2a: Gholdengo|Thunder Wave|p1a: Kingambit
|-status|p1a: Kingambit|par
|move|p1a: Kingambit|Swords Dance|p1a: Kingambit
|-boost|p1a: Kingambit|atk|2
|
|-heal|p1a: Kingambit|38/100 par|[from] Grassy Terrain
|-heal|p1a: Kingambit|44/100 par|[from] item: Leftovers
|upkeep
|turn|23
|inactive|Electric win has 25 seconds left this turn.
|inactive|Electric win has 20 seconds left.
|inactive|bhkg has 240 seconds left.
|inactive|Electric win has 15 seconds left.
|inactive|Electric win has 10 seconds left.
|inactive|bhkg has 210 seconds left.
|
|t:|1757870407
|move|p2a: Gholdengo|Hex|p1a: Kingambit
|-resisted|p1a: Kingambit
|-damage|p1a: Kingambit|14/100 par
|move|p1a: Kingambit|Iron Head|p2a: Gholdengo
|-resisted|p2a: Gholdengo
|-damage|p2a: Gholdengo|62/100
|
|-heal|p2a: Gholdengo|68/100|[from] Grassy Terrain
|-heal|p1a: Kingambit|20/100 par|[from] Grassy Terrain
|-heal|p1a: Kingambit|26/100 par|[from] item: Leftovers
|upkeep
|turn|24
|inactive|Electric win has 20 seconds left this turn.
|inactive|Electric win has 15 seconds left.
|inactive|Electric win has 10 seconds left.
|
|t:|1757870418
|switch|p2a: Dragonite|Dragonite, M|100/100
|move|p1a: Kingambit|Sucker Punch||[still]
|-fail|p1a: Kingambit
|
|-heal|p1a: Kingambit|32/100 par|[from] Grassy Terrain
|-heal|p1a: Kingambit|38/100 par|[from] item: Leftovers
|upkeep
|turn|25
|inactive|Electric win has 20 seconds left this turn.
|
|t:|1757870425
|move|p2a: Dragonite|Earthquake|p1a: Kingambit
|-supereffective|p1a: Kingambit
|-damage|p1a: Kingambit|12/100 par
|move|p1a: Kingambit|Iron Head|p2a: Dragonite
|-damage|p2a: Dragonite|47/100
|
|-heal|p1a: Kingambit|18/100 par|[from] Grassy Terrain
|-heal|p1a: Kingambit|24/100 par|[from] item: Leftovers
|-fieldend|move: Grassy Terrain
|upkeep
|turn|26
|inactive|Electric win has 30 seconds left this turn.
|inactive|Electric win has 20 seconds left.
|
|t:|1757870439
|move|p2a: Dragonite|Earthquake|p1a: Kingambit
|-supereffective|p1a: Kingambit
|-damage|p1a: Kingambit|0 fnt
|faint|p1a: Kingambit
|-end|p1a: Kingambit|fallen2|[silent]
|
|upkeep
|inactive|Electric win has 25 seconds left this turn.
|inactive|Electric win has 20 seconds left.
|
|t:|1757870444
|switch|p1a: PFHxS|Pecharunt|100/100
|turn|27
|inactive|Electric win has 30 seconds left this turn.
|
|t:|1757870450
|move|p1a: PFHxS|Nasty Plot|p1a: PFHxS
|-boost|p1a: PFHxS|spa|2
|move|p2a: Dragonite|Roost|p2a: Dragonite
|-heal|p2a: Dragonite|97/100
|-singleturn|p2a: Dragonite|move: Roost
|
|upkeep
|turn|28
|inactive|bhkg has 210 seconds left.
|
|t:|1757870462
|switch|p2a: Gholdengo|Gholdengo|68/100
|move|p1a: PFHxS|Malignant Chain|p2a: Gholdengo
|-immune|p2a: Gholdengo
|
|upkeep
|turn|29
|inactive|bhkg has 210 seconds left.
|inactive|Electric win has 30 seconds left.
|inactive|Electric win has 20 seconds left.
|inactive|Electric win has 15 seconds left.
|
|t:|1757870497
|-terastallize|p2a: Gholdengo|Fairy
|move|p1a: PFHxS|Shadow Ball|p2a: Gholdengo
|-damage|p2a: Gholdengo|17/100
|move|p2a: Gholdengo|Thunder Wave|p1a: PFHxS
|-status|p1a: PFHxS|par
|
|upkeep
|turn|30
|inactive|Electric win has 25 seconds left this turn.
|inactive|Electric win has 20 seconds left.
|
|t:|1757870506
|move|p2a: Gholdengo|Hex|p1a: PFHxS
|-supereffective|p1a: PFHxS
|-damage|p1a: PFHxS|0 fnt
|faint|p1a: PFHxS
|
|upkeep
|inactive|Electric win has 25 seconds left this turn.
|inactive|Electric win has 20 seconds left.
|
|t:|1757870512
|switch|p1a: Rillaboom|Rillaboom, F|88/100
|-damage|p1a: Rillaboom|76/100|[from] Stealth Rock
|-fieldstart|move: Grassy Terrain|[from] ability: Grassy Surge|[of] p1a: Rillaboom
|turn|31
|inactive|Electric win has 30 seconds left this turn.
|
|t:|1757870527
|move|p1a: Rillaboom|Wood Hammer|p2a: Gholdengo
|-damage|p2a: Gholdengo|0 fnt
|faint|p2a: Gholdengo
|-damage|p1a: Rillaboom|70/100|[from] Recoil
|
|-heal|p1a: Rillaboom|76/100|[from] Grassy Terrain
|upkeep
|
|t:|1757870529
|switch|p2a: Dragonite|Dragonite, M|97/100
|turn|32
|inactive|Electric win has 30 seconds left.
|inactive|Electric win has 20 seconds left.
|inactive|bhkg has 180 seconds left.
|inactive|Electric win has 15 seconds left.
|inactive|Electric win has 10 seconds left.
|
|t:|1757870571
|switch|p1a: Zamazenta|Zamazenta|100/100
|-damage|p1a: Zamazenta|94/100|[from] Stealth Rock
|-ability|p1a: Zamazenta|Dauntless Shield|boost
|-boost|p1a: Zamazenta|def|1
|switch|p2a: Deoxys|Deoxys-Speed|100/100
|-ability|p2a: Deoxys|Pressure
|
|-heal|p1a: Zamazenta|100/100|[from] Grassy Terrain
|upkeep
|turn|33
|inactive|Electric win has 20 seconds left this turn.
|inactive|Electric win has 15 seconds left.
|
|t:|1757870581
|switch|p1a: Rillaboom|Rillaboom, F|76/100
|-damage|p1a: Rillaboom|64/100|[from] Stealth Rock
|move|p2a: Deoxys|Focus Blast|p1a: Rillaboom
|-damage|p1a: Rillaboom|10/100
|-unboost|p1a: Rillaboom|spd|1
|
|-heal|p1a: Rillaboom|16/100|[from] Grassy Terrain
|upkeep
|turn|34
|inactive|Electric win has 25 seconds left this turn.
|inactive|Electric win has 20 seconds left.
|
|t:|1757870590
|switch|p2a: Dragonite|Dragonite, M|97/100
|move|p1a: Rillaboom|Grassy Glide|p2a: Dragonite
|-resisted|p2a: Dragonite
|-damage|p2a: Dragonite|88/100
|
|-heal|p1a: Rillaboom|22/100|[from] Grassy Terrain
|upkeep
|turn|35
|inactive|Electric win has 30 seconds left this turn.
|
|t:|1757870593
|switch|p1a: Zamazenta|Zamazenta|100/100
|-damage|p1a: Zamazenta|94/100|[from] Stealth Rock
|move|p2a: Dragonite|Dragon Dance|p2a: Dragonite
|-boost|p2a: Dragonite|atk|1
|-boost|p2a: Dragonite|spe|1
|
|-heal|p1a: Zamazenta|100/100|[from] Grassy Terrain
|-fieldend|move: Grassy Terrain
|upkeep
|turn|36
|
|t:|1757870601
|move|p1a: Zamazenta|Iron Defense|p1a: Zamazenta
|-boost|p1a: Zamazenta|def|2
|move|p2a: Dragonite|Roost|p2a: Dragonite
|-heal|p2a: Dragonite|100/100
|-singleturn|p2a: Dragonite|move: Roost
|
|upkeep
|turn|37
|
|t:|1757870622
|move|p1a: Zamazenta|Crunch|p2a: Dragonite
|-damage|p2a: Dragonite|89/100
|move|p2a: Dragonite|Earthquake|p1a: Zamazenta
|-damage|p1a: Zamazenta|81/100
|
|-heal|p1a: Zamazenta|87/100|[from] item: Leftovers
|upkeep
|turn|38
|inactive|bhkg has 210 seconds left.
|
|t:|1757870627
|move|p1a: Zamazenta|Iron Defense|p1a: Zamazenta
|-boost|p1a: Zamazenta|def|2
|move|p2a: Dragonite|Earthquake|p1a: Zamazenta
|-damage|p1a: Zamazenta|72/100
|
|-heal|p1a: Zamazenta|78/100|[from] item: Leftovers
|upkeep
|turn|39
|inactive|bhkg has 210 seconds left.
|
|t:|1757870646
|switch|p2a: Deoxys|Deoxys-Speed|100/100
|-ability|p2a: Deoxys|Pressure
|move|p1a: Zamazenta|Body Press|p2a: Deoxys
|-resisted|p2a: Deoxys
|-damage|p2a: Deoxys|19/100
|
|-heal|p1a: Zamazenta|84/100|[from] item: Leftovers
|upkeep
|turn|40
|
|t:|1757870653
|-terastallize|p1a: Zamazenta|Fire
|move|p2a: Deoxys|Psycho Boost|p1a: Zamazenta
|-damage|p1a: Zamazenta|23/100
|-unboost|p2a: Deoxys|spa|2
|move|p1a: Zamazenta|Body Press|p2a: Deoxys
|-resisted|p2a: Deoxys
|-damage|p2a: Deoxys|0 fnt
|faint|p2a: Deoxys
|
|-heal|p1a: Zamazenta|29/100|[from] item: Leftovers
|upkeep
|
|t:|1757870657
|switch|p2a: Dragonite|Dragonite, M|89/100
|turn|41
|
|t:|1757870660
|move|p1a: Zamazenta|Body Press|p2a: Dragonite
|-resisted|p2a: Dragonite
|-damage|p2a: Dragonite|33/100
|move|p2a: Dragonite|Earthquake|p1a: Zamazenta
|-supereffective|p1a: Zamazenta
|-damage|p1a: Zamazenta|9/100
|
|-heal|p1a: Zamazenta|15/100|[from] item: Leftovers
|upkeep
|turn|42
|
|t:|1757870670
|move|p2a: Dragonite|Extreme Speed|p1a: Zamazenta
|-damage|p1a: Zamazenta|7/100
|move|p1a: Zamazenta|Body Press|p2a: Dragonite
|-resisted|p2a: Dragonite
|-damage|p2a: Dragonite|0 fnt
|faint|p2a: Dragonite
|
|win|Electric win
|c|☆bhkg|gg
|c|☆Electric win|gg
|player|p2|
|player|p1|
|player|p2|bhkg|#wcop2025usnortheast2|
