|j|☆she's not noob
|j|☆frost_kun27
|t:|1757868271
|gametype|singles
|player|p1|she's not noob|sada-ai|1330
|player|p2|frost_kun27|silver|1374
|gen|9
|tier|[Gen 9] OU
|rated|
|rule|HP Percentage Mod: HP is shown in percentages
|rule|Endless Battle Clause: Forcing endless battles is banned
|rule|Species Clause: Limit one of each Pokémon
|rule|OHKO Clause: OHKO moves are banned
|rule|Evasion Items Clause: Evasion items are banned
|rule|Evasion Moves Clause: Evasion moves are banned
|rule|Evasion Abilities Clause: Evasion abilities are banned
|rule|Sleep Moves Clause: Sleep-inducing moves are banned
|clearpoke
|poke|p1|Ceruledge, F|
|poke|p1|Darkrai|
|poke|p1|Iron Treads|
|poke|p1|Kingambit, M|
|poke|p1|Dragonite, M|
|poke|p1|Iron Moth|
|poke|p2|Rhyperior, M|
|poke|p2|Articuno|
|poke|p2|Heatran, F|
|poke|p2|Decidueye-Hisui, M|
|poke|p2|Latios, M|
|poke|p2|Zebstrika, M|
|teampreview
|inactive|Battle timer is ON: inactive players will automatically lose when time's up. (requested by frost_kun27)
|
|t:|1757868284
|teamsize|p1|6
|teamsize|p2|6
|start
|switch|p1a: Iron Treads|Iron Treads, shiny|100/100
|switch|p2a: Heatran|Heatran, F|100/100
|-enditem|p1a: Iron Treads|Booster Energy
|-activate|p1a: Iron Treads|ability: Quark Drive|[fromitem]
|-start|p1a: Iron Treads|quarkdrivespe
|turn|1
|
|t:|1757868292
|switch|p2a: Decidueye|Decidueye-Hisui, M|100/100
|move|p1a: Iron Treads|Earthquake|p2a: Decidueye
|-resisted|p2a: Decidueye
|-damage|p2a: Decidueye|84/100
|
|upkeep
|turn|2
|
|t:|1757868295
|move|p1a: Iron Treads|Stealth Rock|p2a: Decidueye
|-sidestart|p2: frost_kun27|move: Stealth Rock
|move|p2a: Decidueye|Triple Arrows|p1a: Iron Treads
|-supereffective|p1a: Iron Treads
|-crit|p1a: Iron Treads
|-damage|p1a: Iron Treads|9/100
|-unboost|p1a: Iron Treads|def|1
|
|upkeep
|turn|3
|
|t:|1757868304
|move|p1a: Iron Treads|Earthquake|p2a: Decidueye
|-resisted|p2a: Decidueye
|-damage|p2a: Decidueye|66/100
|move|p2a: Decidueye|Defog|p1a: Iron Treads
|-unboost|p1a: Iron Treads|evasion|1
|-sideend|p2: frost_kun27|Stealth Rock|[from] move: Defog|[of] p2a: Decidueye
|
|upkeep
|turn|4
|
|t:|1757868312
|move|p1a: Iron Treads|Stealth Rock|p2a: Decidueye
|-sidestart|p2: frost_kun27|move: Stealth Rock
|move|p2a: Decidueye|Roost|p2a: Decidueye
|-heal|p2a: Decidueye|100/100
|-singleturn|p2a: Decidueye|move: Roost
|
|upkeep
|turn|5
|
|t:|1757868317
|move|p1a: Iron Treads|Earthquake|p2a: Decidueye
|-resisted|p2a: Decidueye
|-damage|p2a: Decidueye|81/100
|move|p2a: Decidueye|Defog|p1a: Iron Treads
|-unboost|p1a: Iron Treads|evasion|1
|-sideend|p2: frost_kun27|Stealth Rock|[from] move: Defog|[of] p2a: Decidueye
|
|upkeep
|turn|6
|
|t:|1757868325
|move|p1a: Iron Treads|Stealth Rock|p2a: Decidueye
|-sidestart|p2: frost_kun27|move: Stealth Rock
|move|p2a: Decidueye|Rock Tomb|p1a: Iron Treads
|-resisted|p1a: Iron Treads
|-damage|p1a: Iron Treads|4/100
|-unboost|p1a: Iron Treads|spe|1
|
|upkeep
|turn|7
|
|t:|1757868330
|move|p1a: Iron Treads|Earthquake|p2a: Decidueye
|-resisted|p2a: Decidueye
|-damage|p2a: Decidueye|63/100
|move|p2a: Decidueye|Defog|p1a: Iron Treads
|-unboost|p1a: Iron Treads|evasion|1
|-sideend|p2: frost_kun27|Stealth Rock|[from] move: Defog|[of] p2a: Decidueye
|
|upkeep
|turn|8
|
|t:|1757868337
|move|p1a: Iron Treads|Stealth Rock|p2a: Decidueye
|-sidestart|p2: frost_kun27|move: Stealth Rock
|move|p2a: Decidueye|Roost|p2a: Decidueye
|-heal|p2a: Decidueye|100/100
|-singleturn|p2a: Decidueye|move: Roost
|
|upkeep
|turn|9
|
|t:|1757868342
|move|p1a: Iron Treads|Earthquake|p2a: Decidueye
|-resisted|p2a: Decidueye
|-damage|p2a: Decidueye|83/100
|move|p2a: Decidueye|Defog|p1a: Iron Treads
|-unboost|p1a: Iron Treads|evasion|1
|-sideend|p2: frost_kun27|Stealth Rock|[from] move: Defog|[of] p2a: Decidueye
|
|upkeep
|turn|10
|
|t:|1757868346
|move|p1a: Iron Treads|Stealth Rock|p2a: Decidueye
|-sidestart|p2: frost_kun27|move: Stealth Rock
|move|p2a: Decidueye|Rock Tomb|p1a: Iron Treads
|-resisted|p1a: Iron Treads
|-damage|p1a: Iron Treads|0 fnt
|faint|p1a: Iron Treads
|-end|p1a: Iron Treads|Quark Drive|[silent]
|
|upkeep
|
|t:|1757868348
|switch|p1a: Ceruledge|Ceruledge, F, shiny|100/100
|turn|11
|
|t:|1757868358
|move|p1a: Ceruledge|Swords Dance|p1a: Ceruledge
|-boost|p1a: Ceruledge|atk|2
|move|p2a: Decidueye|Defog|p1a: Ceruledge
|-unboost|p1a: Ceruledge|evasion|1
|-sideend|p2: frost_kun27|Stealth Rock|[from] move: Defog|[of] p2a: Decidueye
|
|upkeep
|turn|12
|
|t:|1757868367
|switch|p2a: Rhyperior|Rhyperior, M|100/100
|move|p1a: Ceruledge|Bitter Blade|p2a: Rhyperior
|-resisted|p2a: Rhyperior
|-damage|p2a: Rhyperior|72/100
|
|upkeep
|turn|13
|
|t:|1757868375
|switch|p2a: Heatran|Heatran, F|100/100
|move|p1a: Ceruledge|Swords Dance|p1a: Ceruledge
|-boost|p1a: Ceruledge|atk|2
|
|upkeep
|turn|14
|
|t:|1757868381
|move|p1a: Ceruledge|Poltergeist|p2a: Heatran
|-activate|p2a: Heatran|move: Poltergeist|Leftovers
|-damage|p2a: Heatran|0 fnt
|faint|p2a: Heatran
|
|upkeep
|
|t:|1757868387
|switch|p2a: Rhyperior|Rhyperior, M|72/100
|turn|15
|
|t:|1757868389
|move|p1a: Ceruledge|Poltergeist|p2a: Rhyperior
|-activate|p2a: Rhyperior|move: Poltergeist|Assault Vest
|-damage|p2a: Rhyperior|0 fnt
|faint|p2a: Rhyperior
|
|upkeep
|
|t:|1757868395
|switch|p2a: Zebstrika|Zebstrika, M, shiny|100/100
|turn|16
|
|t:|1757868405
|move|p2a: Zebstrika|Supercell Slam|p1a: Ceruledge
|-damage|p1a: Ceruledge|40/100
|-ability|p1a: Ceruledge|Weak Armor|boost
|-unboost|p1a: Ceruledge|def|1
|-boost|p1a: Ceruledge|spe|2
|move|p1a: Ceruledge|Bitter Blade|p2a: Zebstrika
|-damage|p2a: Zebstrika|0 fnt
|-heal|p1a: Ceruledge|91/100|[from] drain|[of] p2a: Zebstrika
|faint|p2a: Zebstrika
|
|upkeep
|
|t:|1757868410
|switch|p2a: Latios|Latios, M, shiny|100/100
|turn|17
|
|t:|1757868414
|move|p1a: Ceruledge|Shadow Sneak|p2a: Latios
|-supereffective|p2a: Latios
|-damage|p2a: Latios|0 fnt
|faint|p2a: Latios
|
|upkeep
|-message|frost_kun27 forfeited.
|
|win|she's not noob
|raw|she&apos;s not noob's rating: 1330 &rarr; <strong>1351</strong><br />(+21 for winning)
|raw|frost_kun27's rating: 1352 &rarr; <strong>1331</strong><br />(-21 for losing)
|l|☆frost_kun27
|player|p2|
|l|☆she's not noob
|player|p1|
