|j|☆michael00000000
|j|‽harc
|t:|1757840117
|gametype|singles
|player|p1|michael00000000|clair|1372
|player|p2|harc|lady|1334
|gen|9
|tier|[Gen 9] OU
|rated|
|rule|HP Percentage Mod: HP is shown in percentages
|rule|Endless Battle Clause: Forcing endless battles is banned
|rule|Species Clause: Limit one of each Pokémon
|rule|OHKO Clause: OHKO moves are banned
|rule|Evasion Items Clause: Evasion items are banned
|rule|Evasion Moves Clause: Evasion moves are banned
|rule|Evasion Abilities Clause: Evasion abilities are banned
|rule|Sleep Moves Clause: Sleep-inducing moves are banned
|clearpoke
|poke|p1|Gardevoir, F|
|poke|p1|Iron Valiant|
|poke|p1|Arcanine, M|
|poke|p1|Hatterene, F|
|poke|p1|Dragapult, F|
|poke|p1|Milotic, F|
|poke|p2|Dachsbun, F|
|poke|p2|Dondozo, M|
|poke|p2|Corviknight, F|
|poke|p2|Goodra, M|
|poke|p2|Reuniclus, M|
|poke|p2|Tyranitar, F|
|teampreview
|
|t:|1757840154
|teamsize|p1|6
|teamsize|p2|6
|start
|switch|p1a: Nimbus|Arcanine, M|100/100
|switch|p2a: Tyranitar|Tyranitar, F|100/100
|-ability|p1a: Nimbus|Intimidate|boost
|-unboost|p2a: Tyranitar|atk|1
|-weather|Sandstorm|[from] ability: Sand Stream|[of] p2a: Tyranitar
|turn|1
|
|t:|1757840168
|switch|p2a: Dachsbun|Dachsbun, F|100/100
|move|p1a: Nimbus|Close Combat|p2a: Dachsbun
|-resisted|p2a: Dachsbun
|-damage|p2a: Dachsbun|78/100
|-unboost|p1a: Nimbus|def|1
|-unboost|p1a: Nimbus|spd|1
|
|-weather|Sandstorm|[upkeep]
|-damage|p1a: Nimbus|94/100|[from] Sandstorm
|-damage|p2a: Dachsbun|72/100|[from] Sandstorm
|-heal|p2a: Dachsbun|78/100|[from] item: Leftovers
|upkeep
|turn|2
|
|t:|1757840182
|switch|p1a: Noir|Hatterene, F, shiny|100/100
|move|p2a: Dachsbun|Body Press|p1a: Noir
|-resisted|p1a: Noir
|-damage|p1a: Noir|93/100
|
|-weather|Sandstorm|[upkeep]
|-damage|p2a: Dachsbun|72/100|[from] Sandstorm
|-damage|p1a: Noir|86/100|[from] Sandstorm
|-heal|p2a: Dachsbun|78/100|[from] item: Leftovers
|upkeep
|turn|3
|
|t:|1757840193
|move|p2a: Dachsbun|Wish|p2a: Dachsbun
|move|p1a: Noir|Future Sight|p2a: Dachsbun
|-start|p1a: Noir|move: Future Sight
|
|-weather|Sandstorm|[upkeep]
|-damage|p2a: Dachsbun|72/100|[from] Sandstorm
|-damage|p1a: Noir|80/100|[from] Sandstorm
|-heal|p2a: Dachsbun|78/100|[from] item: Leftovers
|upkeep
|turn|4
|
|t:|1757840216
|switch|p2a: Tyranitar|Tyranitar, F|100/100
|move|p1a: Noir|Draining Kiss|p2a: Tyranitar
|-supereffective|p2a: Tyranitar
|-damage|p2a: Tyranitar|84/100
|-heal|p1a: Noir|97/100|[from] drain|[of] p2a: Tyranitar
|
|-weather|Sandstorm|[upkeep]
|-damage|p1a: Noir|90/100|[from] Sandstorm
|-heal|p2a: Tyranitar|100/100|[from] move: Wish|[wisher] Dachsbun
|upkeep
|turn|5
|
|t:|1757840228
|move|p2a: Tyranitar|Knock Off|p1a: Noir
|-damage|p1a: Noir|42/100
|-enditem|p1a: Noir|Assault Vest|[from] move: Knock Off|[of] p2a: Tyranitar
|move|p1a: Noir|Future Sight||[still]
|-fail|p1a: Noir
|
|-weather|none
|-end|p2a: Tyranitar|move: Future Sight
|-immune|p2a: Tyranitar
|upkeep
|turn|6
|
|t:|1757840239
|switch|p1a: Nimbus|Arcanine, M|94/100
|-ability|p1a: Nimbus|Intimidate|boost
|-unboost|p2a: Tyranitar|atk|1
|move|p2a: Tyranitar|Earthquake|p1a: Nimbus
|-supereffective|p1a: Nimbus
|-damage|p1a: Nimbus|42/100
|
|upkeep
|turn|7
|
|t:|1757840248
|switch|p2a: Dachsbun|Dachsbun, F|78/100
|move|p1a: Nimbus|Close Combat|p2a: Dachsbun
|-resisted|p2a: Dachsbun
|-damage|p2a: Dachsbun|57/100
|-unboost|p1a: Nimbus|def|1
|-unboost|p1a: Nimbus|spd|1
|
|-heal|p2a: Dachsbun|63/100|[from] item: Leftovers
|upkeep
|turn|8
|
|t:|1757840272
|switch|p1a: Noir|Hatterene, F, shiny|42/100
|move|p2a: Dachsbun|Wish|p2a: Dachsbun
|
|-heal|p2a: Dachsbun|69/100|[from] item: Leftovers
|upkeep
|turn|9
|
|t:|1757840281
|move|p2a: Dachsbun|Alluring Voice|p1a: Noir
|-damage|p1a: Noir|24/100
|move|p1a: Noir|Future Sight|p2a: Dachsbun
|-start|p1a: Noir|move: Future Sight
|
|-heal|p2a: Dachsbun|100/100|[from] move: Wish|[wisher] Dachsbun
|upkeep
|turn|10
|
|t:|1757840290
|switch|p2a: Tyranitar|Tyranitar, F|100/100
|-weather|Sandstorm|[from] ability: Sand Stream|[of] p2a: Tyranitar
|move|p1a: Noir|Draining Kiss|p2a: Tyranitar
|-supereffective|p2a: Tyranitar
|-damage|p2a: Tyranitar|85/100
|-heal|p1a: Noir|40/100|[from] drain|[of] p2a: Tyranitar
|
|-weather|Sandstorm|[upkeep]
|-damage|p1a: Noir|33/100|[from] Sandstorm
|upkeep
|turn|11
|
|t:|1757840302
|-terastallize|p1a: Noir|Grass
|move|p2a: Tyranitar|Earthquake|p1a: Noir
|-resisted|p1a: Noir
|-damage|p1a: Noir|17/100
|move|p1a: Noir|Giga Drain|p2a: Tyranitar
|-supereffective|p2a: Tyranitar
|-damage|p2a: Tyranitar|61/100
|-heal|p1a: Noir|33/100|[from] drain|[of] p2a: Tyranitar
|
|-weather|Sandstorm|[upkeep]
|-damage|p1a: Noir|27/100|[from] Sandstorm
|-end|p2a: Tyranitar|move: Future Sight
|-immune|p2a: Tyranitar
|upkeep
|turn|12
|
|t:|1757840321
|move|p1a: Noir|Giga Drain|p2a: Tyranitar
|-supereffective|p2a: Tyranitar
|-damage|p2a: Tyranitar|37/100
|-heal|p1a: Noir|43/100|[from] drain|[of] p2a: Tyranitar
|move|p2a: Tyranitar|Dragon Tail|p1a: Noir
|-damage|p1a: Noir|24/100
|drag|p1a: Ceteres|Milotic, F, shiny|100/100
|
|-weather|Sandstorm|[upkeep]
|-damage|p1a: Ceteres|94/100|[from] Sandstorm
|-heal|p1a: Ceteres|100/100|[from] item: Leftovers
|upkeep
|turn|13
|
|t:|1757840337
|switch|p2a: Goodra|Goodra, M|100/100
|move|p1a: Ceteres|Scald|p2a: Goodra
|-resisted|p2a: Goodra
|-damage|p2a: Goodra|96/100
|
|-weather|Sandstorm|[upkeep]
|-damage|p1a: Ceteres|94/100|[from] Sandstorm
|-damage|p2a: Goodra|90/100|[from] Sandstorm
|-heal|p1a: Ceteres|100/100|[from] item: Leftovers
|upkeep
|turn|14
|
|t:|1757840347
|switch|p1a: Hermé|Iron Valiant, shiny|100/100
|-enditem|p1a: Hermé|Booster Energy
|-activate|p1a: Hermé|ability: Quark Drive|[fromitem]
|-start|p1a: Hermé|quarkdrivespe
|move|p2a: Goodra|Knock Off|p1a: Hermé
|-resisted|p1a: Hermé
|-damage|p1a: Hermé|96/100
|
|-weather|none
|upkeep
|turn|15
|
|t:|1757840364
|switch|p2a: Dachsbun|Dachsbun, F|100/100
|move|p1a: Hermé|Knock Off|p2a: Dachsbun
|-resisted|p2a: Dachsbun
|-damage|p2a: Dachsbun|89/100
|-enditem|p2a: Dachsbun|Leftovers|[from] move: Knock Off|[of] p1a: Hermé
|
|upkeep
|turn|16
|
|t:|1757840373
|-end|p1a: Hermé|Quark Drive|[silent]
|switch|p1a: Rhea|Gardevoir, F, shiny|100/100
|-ability|p1a: Rhea|Well-Baked Body|Trace|[from] ability: Trace|[of] p2a: Dachsbun
|move|p2a: Dachsbun|Alluring Voice|p1a: Rhea
|-damage|p1a: Rhea|90/100
|
|upkeep
|turn|17
|
|t:|1757840385
|move|p2a: Dachsbun|Wish|p2a: Dachsbun
|move|p1a: Rhea|Moonblast|p2a: Dachsbun
|-damage|p2a: Dachsbun|17/100
|-unboost|p2a: Dachsbun|spa|1
|
|upkeep
|turn|18
|
|t:|1757840394
|switch|p2a: Tyranitar|Tyranitar, F|37/100
|-weather|Sandstorm|[from] ability: Sand Stream|[of] p2a: Tyranitar
|move|p1a: Rhea|Moonblast|p2a: Tyranitar
|-supereffective|p2a: Tyranitar
|-damage|p2a: Tyranitar|7/100
|
|-weather|Sandstorm|[upkeep]
|-damage|p1a: Rhea|84/100|[from] Sandstorm
|-heal|p2a: Tyranitar|46/100|[from] move: Wish|[wisher] Dachsbun
|upkeep
|turn|19
|
|t:|1757840410
|switch|p1a: Hermé|Iron Valiant, shiny|96/100
|move|p2a: Tyranitar|Knock Off|p1a: Hermé
|-resisted|p1a: Hermé
|-damage|p1a: Hermé|87/100
|
|-weather|Sandstorm|[upkeep]
|-damage|p1a: Hermé|81/100|[from] Sandstorm
|upkeep
|turn|20
|
|t:|1757840420
|switch|p2a: Dondozo|Dondozo, M|100/100
|move|p1a: Hermé|Knock Off|p2a: Dondozo
|-damage|p2a: Dondozo|86/100
|-enditem|p2a: Dondozo|Leftovers|[from] move: Knock Off|[of] p1a: Hermé
|
|-weather|Sandstorm|[upkeep]
|-damage|p1a: Hermé|75/100|[from] Sandstorm
|-damage|p2a: Dondozo|80/100|[from] Sandstorm
|upkeep
|turn|21
|
|t:|1757840432
|move|p1a: Hermé|Moonblast|p2a: Dondozo
|-damage|p2a: Dondozo|44/100
|-unboost|p2a: Dondozo|spa|1
|move|p2a: Dondozo|Liquidation|p1a: Hermé
|-damage|p1a: Hermé|34/100
|
|-weather|Sandstorm|[upkeep]
|-damage|p1a: Hermé|28/100|[from] Sandstorm
|-damage|p2a: Dondozo|38/100|[from] Sandstorm
|upkeep
|turn|22
|
|t:|1757840453
|-end|p1a: Hermé|Quark Drive|[silent]
|switch|p1a: Ceteres|Milotic, F, shiny|100/100
|move|p2a: Dondozo|Protect||[still]
|-fail|p2a: Dondozo
|
|-weather|none
|upkeep
|turn|23
|
|t:|1757840465
|switch|p2a: Dachsbun|Dachsbun, F|17/100
|move|p1a: Ceteres|Scald|p2a: Dachsbun
|-damage|p2a: Dachsbun|0 fnt
|faint|p2a: Dachsbun
|
|upkeep
|
|t:|1757840477
|switch|p2a: Tyranitar|Tyranitar, F|46/100
|-weather|Sandstorm|[from] ability: Sand Stream|[of] p2a: Tyranitar
|turn|24
|
|t:|1757840482
|move|p1a: Ceteres|Scald|p2a: Tyranitar
|-supereffective|p2a: Tyranitar
|-damage|p2a: Tyranitar|30/100
|move|p2a: Tyranitar|Stone Edge|p1a: Ceteres
|-damage|p1a: Ceteres|70/100
|
|-weather|Sandstorm|[upkeep]
|-damage|p1a: Ceteres|64/100|[from] Sandstorm
|-heal|p1a: Ceteres|70/100|[from] item: Leftovers
|upkeep
|turn|25
|
|t:|1757840493
|move|p1a: Ceteres|Scald|p2a: Tyranitar
|-supereffective|p2a: Tyranitar
|-damage|p2a: Tyranitar|15/100
|move|p2a: Tyranitar|Knock Off|p1a: Ceteres
|-damage|p1a: Ceteres|40/100
|-enditem|p1a: Ceteres|Leftovers|[from] move: Knock Off|[of] p2a: Tyranitar
|
|-weather|Sandstorm|[upkeep]
|-damage|p1a: Ceteres|33/100|[from] Sandstorm
|upkeep
|turn|26
|
|t:|1757840509
|move|p1a: Ceteres|Scald|p2a: Tyranitar
|-supereffective|p2a: Tyranitar
|-damage|p2a: Tyranitar|0 fnt
|faint|p2a: Tyranitar
|
|-weather|Sandstorm|[upkeep]
|-damage|p1a: Ceteres|27/100|[from] Sandstorm
|upkeep
|c|☆michael00000000|this Ttar goin awf
|
|t:|1757840528
|switch|p2a: Reuniclus|Reuniclus, M|100/100
|turn|27
|
|t:|1757840532
|move|p1a: Ceteres|Recover|p1a: Ceteres
|-heal|p1a: Ceteres|77/100
|move|p2a: Reuniclus|Calm Mind|p2a: Reuniclus
|-boost|p2a: Reuniclus|spa|1
|-boost|p2a: Reuniclus|spd|1
|
|-weather|Sandstorm|[upkeep]
|-damage|p1a: Ceteres|71/100|[from] Sandstorm
|upkeep
|turn|28
|
|t:|1757840542
|move|p1a: Ceteres|Haze|p1a: Ceteres
|-clearallboost
|move|p2a: Reuniclus|Calm Mind|p2a: Reuniclus
|-boost|p2a: Reuniclus|spa|1
|-boost|p2a: Reuniclus|spd|1
|
|-weather|none
|upkeep
|turn|29
|
|t:|1757840550
|move|p1a: Ceteres|Haze|p1a: Ceteres
|-clearallboost
|move|p2a: Reuniclus|Psychic Noise|p1a: Ceteres
|-damage|p1a: Ceteres|48/100
|-start|p1a: Ceteres|move: Heal Block
|
|upkeep
|turn|30
|
|t:|1757840559
|switch|p1a: Hermé|Iron Valiant, shiny|28/100
|move|p2a: Reuniclus|Calm Mind|p2a: Reuniclus
|-boost|p2a: Reuniclus|spa|1
|-boost|p2a: Reuniclus|spd|1
|
|upkeep
|turn|31
|
|t:|1757840578
|-terastallize|p2a: Reuniclus|Normal
|move|p1a: Hermé|Destiny Bond|p1a: Hermé
|-singlemove|p1a: Hermé|Destiny Bond
|move|p2a: Reuniclus|Psychic Noise|p1a: Hermé
|-supereffective|p1a: Hermé
|-damage|p1a: Hermé|0 fnt
|faint|p1a: Hermé
|-activate|p1a: Hermé|move: Destiny Bond
|-end|p1a: Hermé|Quark Drive|[silent]
|faint|p2a: Reuniclus
|
|upkeep
|
|t:|1757840594
|switch|p1a: Mercé|Dragapult, F, shiny|100/100
|switch|p2a: Dondozo|Dondozo, M|38/100
|turn|32
|
|t:|1757840601
|move|p1a: Mercé|Draco Meteor|p2a: Dondozo
|-damage|p2a: Dondozo|0 fnt
|-unboost|p1a: Mercé|spa|2
|faint|p2a: Dondozo
|
|upkeep
|
|t:|1757840615
|switch|p2a: Goodra|Goodra, M|90/100
|turn|33
|
|t:|1757840624
|move|p1a: Mercé|Thunder Wave|p2a: Goodra
|-status|p2a: Goodra|par
|move|p2a: Goodra|Knock Off|p1a: Mercé
|-supereffective|p1a: Mercé
|-damage|p1a: Mercé|34/100
|-enditem|p1a: Mercé|Focus Sash|[from] move: Knock Off|[of] p2a: Goodra
|
|upkeep
|turn|34
|
|t:|1757840633
|switch|p1a: Noir|Hatterene, F, shiny, tera:Grass|24/100
|move|p2a: Goodra|Ice Beam|p1a: Noir
|-supereffective|p1a: Noir
|-damage|p1a: Noir|0 fnt
|faint|p1a: Noir
|
|upkeep
|
|t:|1757840640
|switch|p1a: Ceteres|Milotic, F, shiny|48/100
|turn|35
|
|t:|1757840646
|move|p1a: Ceteres|Recover|p1a: Ceteres
|-heal|p1a: Ceteres|98/100
|cant|p2a: Goodra|par
|
|upkeep
|turn|36
|
|t:|1757840652
|move|p1a: Ceteres|Ice Beam|p2a: Goodra
|-supereffective|p2a: Goodra
|-damage|p2a: Goodra|77/100 par
|move|p2a: Goodra|Dragon Tail|p1a: Ceteres
|-damage|p1a: Ceteres|82/100
|drag|p1a: Mercé|Dragapult, F, shiny|34/100
|
|upkeep
|turn|37
|
|t:|1757840662
|move|p1a: Mercé|Draco Meteor|p2a: Goodra
|-supereffective|p2a: Goodra
|-damage|p2a: Goodra|37/100 par
|-unboost|p1a: Mercé|spa|2
|move|p2a: Goodra|Ice Beam|p1a: Mercé
|-supereffective|p1a: Mercé
|-damage|p1a: Mercé|0 fnt
|faint|p1a: Mercé
|
|upkeep
|
|t:|1757840665
|switch|p1a: Rhea|Gardevoir, F, shiny|84/100
|-ability|p1a: Rhea|Sap Sipper|Trace|[from] ability: Trace|[of] p2a: Goodra
|turn|38
|
|t:|1757840679
|move|p1a: Rhea|Moonblast|p2a: Goodra
|-supereffective|p2a: Goodra
|-damage|p2a: Goodra|5/100 par
|-unboost|p2a: Goodra|spa|1
|move|p2a: Goodra|Knock Off|p1a: Rhea
|-damage|p1a: Rhea|45/100
|-enditem|p1a: Rhea|Assault Vest|[from] move: Knock Off|[of] p2a: Goodra
|
|upkeep
|turn|39
|
|t:|1757840695
|move|p1a: Rhea|Moonblast|p2a: Goodra
|-supereffective|p2a: Goodra
|-damage|p2a: Goodra|0 fnt
|faint|p2a: Goodra
|
|upkeep
|
|t:|1757840701
|switch|p2a: Corviknight|Corviknight, F|100/100
|turn|40
|
|t:|1757840704
|move|p1a: Rhea|Thunderbolt|p2a: Corviknight
|-supereffective|p2a: Corviknight
|-damage|p2a: Corviknight|50/100
|move|p2a: Corviknight|Bulk Up|p2a: Corviknight
|-boost|p2a: Corviknight|atk|1
|-boost|p2a: Corviknight|def|1
|
|-heal|p2a: Corviknight|57/100|[from] item: Leftovers
|upkeep
|turn|41
|
|t:|1757840716
|move|p1a: Rhea|Thunderbolt|p2a: Corviknight
|-supereffective|p2a: Corviknight
|-damage|p2a: Corviknight|10/100
|move|p2a: Corviknight|Roost|p2a: Corviknight
|-heal|p2a: Corviknight|60/100
|-singleturn|p2a: Corviknight|move: Roost
|
|-heal|p2a: Corviknight|66/100|[from] item: Leftovers
|upkeep
|turn|42
|
|t:|1757840726
|move|p1a: Rhea|Thunderbolt|p2a: Corviknight
|-supereffective|p2a: Corviknight
|-damage|p2a: Corviknight|17/100
|move|p2a: Corviknight|Roost|p2a: Corviknight
|-heal|p2a: Corviknight|67/100
|-singleturn|p2a: Corviknight|move: Roost
|
|-heal|p2a: Corviknight|74/100|[from] item: Leftovers
|upkeep
|turn|43
|
|t:|1757840747
|move|p1a: Rhea|Thunderbolt|p2a: Corviknight
|-supereffective|p2a: Corviknight
|-damage|p2a: Corviknight|24/100
|move|p2a: Corviknight|Roost|p2a: Corviknight
|-heal|p2a: Corviknight|74/100
|-singleturn|p2a: Corviknight|move: Roost
|
|-heal|p2a: Corviknight|80/100|[from] item: Leftovers
|upkeep
|turn|44
|
|t:|1757840759
|move|p1a: Rhea|Thunderbolt|p2a: Corviknight
|-supereffective|p2a: Corviknight
|-damage|p2a: Corviknight|34/100
|move|p2a: Corviknight|Roost|p2a: Corviknight
|-heal|p2a: Corviknight|84/100
|-singleturn|p2a: Corviknight|move: Roost
|
|-heal|p2a: Corviknight|91/100|[from] item: Leftovers
|upkeep
|turn|45
|
|t:|1757840779
|move|p1a: Rhea|Thunderbolt|p2a: Corviknight
|-supereffective|p2a: Corviknight
|-damage|p2a: Corviknight|42/100
|move|p2a: Corviknight|Roost|p2a: Corviknight
|-heal|p2a: Corviknight|92/100
|-singleturn|p2a: Corviknight|move: Roost
|
|-heal|p2a: Corviknight|98/100|[from] item: Leftovers
|upkeep
|turn|46
|
|t:|1757840797
|move|p1a: Rhea|Thunderbolt|p2a: Corviknight
|-supereffective|p2a: Corviknight
|-damage|p2a: Corviknight|53/100
|move|p2a: Corviknight|Power Trip|p1a: Rhea
|-damage|p1a: Rhea|16/100
|
|-heal|p2a: Corviknight|60/100|[from] item: Leftovers
|upkeep
|turn|47
|
|t:|1757840807
|move|p1a: Rhea|Thunderbolt|p2a: Corviknight
|-supereffective|p2a: Corviknight
|-damage|p2a: Corviknight|14/100
|move|p2a: Corviknight|Roost|p2a: Corviknight
|-heal|p2a: Corviknight|64/100
|-singleturn|p2a: Corviknight|move: Roost
|
|-heal|p2a: Corviknight|70/100|[from] item: Leftovers
|upkeep
|turn|48
|
|t:|1757840816
|move|p1a: Rhea|Thunderbolt|p2a: Corviknight
|-supereffective|p2a: Corviknight
|-damage|p2a: Corviknight|23/100
|move|p2a: Corviknight|Roost|p2a: Corviknight
|-heal|p2a: Corviknight|73/100
|-singleturn|p2a: Corviknight|move: Roost
|
|-heal|p2a: Corviknight|80/100|[from] item: Leftovers
|upkeep
|turn|49
|c|☆michael00000000|No para is wild
|
|t:|1757840826
|move|p1a: Rhea|Thunderbolt|p2a: Corviknight
|-supereffective|p2a: Corviknight
|-damage|p2a: Corviknight|32/100
|move|p2a: Corviknight|Roost|p2a: Corviknight
|-heal|p2a: Corviknight|82/100
|-singleturn|p2a: Corviknight|move: Roost
|
|-heal|p2a: Corviknight|88/100|[from] item: Leftovers
|upkeep
|turn|50
|
|t:|1757840836
|move|p1a: Rhea|Thunderbolt|p2a: Corviknight
|-supereffective|p2a: Corviknight
|-damage|p2a: Corviknight|41/100
|move|p2a: Corviknight|Power Trip|p1a: Rhea
|-damage|p1a: Rhea|0 fnt
|faint|p1a: Rhea
|
|-heal|p2a: Corviknight|47/100|[from] item: Leftovers
|upkeep
|
|t:|1757840842
|switch|p1a: Ceteres|Milotic, F, shiny|82/100
|turn|51
|
|t:|1757840855
|move|p1a: Ceteres|Haze|p1a: Ceteres
|-clearallboost
|move|p2a: Corviknight|Body Press|p1a: Ceteres
|-damage|p1a: Ceteres|69/100
|
|-heal|p2a: Corviknight|53/100|[from] item: Leftovers
|upkeep
|turn|52
|
|t:|1757840863
|move|p1a: Ceteres|Scald|p2a: Corviknight
|-damage|p2a: Corviknight|33/100
|move|p2a: Corviknight|Body Press|p1a: Ceteres
|-crit|p1a: Ceteres
|-damage|p1a: Ceteres|49/100
|
|-heal|p2a: Corviknight|39/100|[from] item: Leftovers
|upkeep
|turn|53
|
|t:|1757840873
|move|p1a: Ceteres|Scald|p2a: Corviknight
|-damage|p2a: Corviknight|20/100
|move|p2a: Corviknight|Bulk Up|p2a: Corviknight
|-boost|p2a: Corviknight|atk|1
|-boost|p2a: Corviknight|def|1
|
|-heal|p2a: Corviknight|27/100|[from] item: Leftovers
|upkeep
|turn|54
|
|t:|1757840883
|move|p1a: Ceteres|Scald|p2a: Corviknight
|-damage|p2a: Corviknight|7/100
|move|p2a: Corviknight|Body Press|p1a: Ceteres
|-damage|p1a: Ceteres|29/100
|
|-heal|p2a: Corviknight|13/100|[from] item: Leftovers
|upkeep
|turn|55
|
|t:|1757840892
|move|p1a: Ceteres|Scald|p2a: Corviknight
|-damage|p2a: Corviknight|0 fnt
|faint|p2a: Corviknight
|
|win|michael00000000
|raw|michael00000000's rating: 1372 &rarr; <strong>1390</strong><br />(+18 for winning)
|raw|harc's rating: 1334 &rarr; <strong>1316</strong><br />(-18 for losing)
|l|‽harc
|player|p2|
|c|☆michael00000000|gg wp
