|j|☆Dragonitekilla100
|j|☆heatedrhombus
|t:|1757906212
|gametype|singles
|player|p1|Dragonitekilla100|266|1480
|player|p2|heatedrhombus|2|1455
|gen|9
|tier|[Gen 9] OU
|rated|
|rule|HP Percentage Mod: HP is shown in percentages
|rule|Endless Battle Clause: Forcing endless battles is banned
|rule|Species Clause: Limit one of each Pokémon
|rule|OHKO Clause: OHKO moves are banned
|rule|Evasion Items Clause: Evasion items are banned
|rule|Evasion Moves Clause: Evasion moves are banned
|rule|Evasion Abilities Clause: Evasion abilities are banned
|rule|Sleep Moves Clause: Sleep-inducing moves are banned
|clearpoke
|poke|p1|Hoopa-Unbound|
|poke|p1|Iron Valiant|
|poke|p1|Cinderace, F|
|poke|p1|Ting-Lu|
|poke|p1|Iron Thorns|
|poke|p1|Conkeldurr, M|
|poke|p2|Entei|
|poke|p2|Kyurem|
|poke|p2|Gholdengo|
|poke|p2|Zapdos|
|poke|p2|Darkrai|
|poke|p2|Great Tusk|
|teampreview
|inactive|Battle timer is ON: inactive players will automatically lose when time's up. (requested by Dragonitekilla100)
|inactive|heatedrhombus also wants the timer to be on.
|
|t:|1757906223
|teamsize|p1|6
|teamsize|p2|6
|start
|switch|p1a: Cinderace|Cinderace, F|100/100
|switch|p2a: Darkrai|Darkrai|100/100
|turn|1
|
|t:|1757906232
|switch|p2a: Great Tusk|Great Tusk|100/100
|move|p1a: Cinderace|U-turn|p2a: Great Tusk
|-start|p1a: Cinderace|typechange|Bug|[from] ability: Libero
|-resisted|p2a: Great Tusk
|-damage|p2a: Great Tusk|82/100
|
|t:|1757906243
|switch|p1a: Conkeldurr|Conkeldurr, M|100/100|[from] U-turn
|
|upkeep
|turn|2
|
|t:|1757906245
|move|p2a: Great Tusk|Knock Off|p1a: Conkeldurr
|-resisted|p1a: Conkeldurr
|-damage|p1a: Conkeldurr|86/100
|-enditem|p1a: Conkeldurr|Life Orb|[from] move: Knock Off|[of] p2a: Great Tusk
|move|p1a: Conkeldurr|Close Combat|p2a: Great Tusk
|-damage|p2a: Great Tusk|26/100
|-unboost|p1a: Conkeldurr|def|1
|-unboost|p1a: Conkeldurr|spd|1
|
|upkeep
|turn|3
|
|t:|1757906249
|move|p2a: Great Tusk|Earthquake|p1a: Conkeldurr
|-crit|p1a: Conkeldurr
|-damage|p1a: Conkeldurr|0 fnt
|faint|p1a: Conkeldurr
|
|upkeep
|
|t:|1757906254
|switch|p1a: Hoopa|Hoopa-Unbound|100/100
|turn|4
|
|t:|1757906256
|move|p1a: Hoopa|Hyperspace Fury|p2a: Great Tusk
|-resisted|p2a: Great Tusk
|-damage|p2a: Great Tusk|0 fnt
|-unboost|p1a: Hoopa|def|1
|faint|p2a: Great Tusk
|-end|p2a: Great Tusk|Protosynthesis|[silent]
|
|upkeep
|
|t:|1757906260
|switch|p2a: Darkrai|Darkrai|100/100
|turn|5
|
|t:|1757906264
|switch|p1a: Ting-Lu|Ting-Lu|100/100
|-ability|p1a: Ting-Lu|Vessel of Ruin
|move|p2a: Darkrai|Knock Off|p1a: Ting-Lu
|-resisted|p1a: Ting-Lu
|-damage|p1a: Ting-Lu|90/100
|-enditem|p1a: Ting-Lu|Iapapa Berry|[from] move: Knock Off|[of] p2a: Darkrai
|
|upkeep
|turn|6
|
|t:|1757906272
|switch|p2a: Zapdos|Zapdos|100/100
|-ability|p2a: Zapdos|Pressure
|move|p1a: Ting-Lu|Stealth Rock|p2a: Zapdos
|-sidestart|p2: heatedrhombus|move: Stealth Rock
|
|upkeep
|turn|7
|
|t:|1757906275
|move|p2a: Zapdos|Hurricane|p1a: Ting-Lu
|-damage|p1a: Ting-Lu|65/100
|move|p1a: Ting-Lu|Spikes|p2a: Zapdos
|-sidestart|p2: heatedrhombus|Spikes
|
|upkeep
|turn|8
|
|t:|1757906278
|move|p2a: Zapdos|Hurricane|p1a: Ting-Lu
|-damage|p1a: Ting-Lu|36/100
|move|p1a: Ting-Lu|Whirlwind|p2a: Zapdos
|drag|p2a: Kyurem|Kyurem|100/100
|-damage|p2a: Kyurem|76/100|[from] Stealth Rock
|-damage|p2a: Kyurem|63/100|[from] Spikes
|-ability|p2a: Kyurem|Pressure
|
|upkeep
|turn|9
|
|t:|1757906281
|move|p2a: Kyurem|Icicle Spear|p1a: Ting-Lu
|-supereffective|p1a: Ting-Lu
|-damage|p1a: Ting-Lu|23/100
|-supereffective|p1a: Ting-Lu
|-damage|p1a: Ting-Lu|11/100
|-supereffective|p1a: Ting-Lu
|-damage|p1a: Ting-Lu|0 fnt
|faint|p1a: Ting-Lu
|-hitcount|p1: Ting-Lu|3
|
|upkeep
|
|t:|1757906284
|switch|p1a: Cinderace|Cinderace, F|100/100
|turn|10
|
|t:|1757906289
|move|p1a: Cinderace|Flare Blitz|p2a: Kyurem
|-damage|p2a: Kyurem|0 fnt
|faint|p2a: Kyurem
|-damage|p1a: Cinderace|74/100|[from] Recoil
|
|upkeep
|
|t:|1757906303
|switch|p2a: Entei|Entei|100/100
|-damage|p2a: Entei|76/100|[from] Stealth Rock
|-damage|p2a: Entei|63/100|[from] Spikes
|-ability|p2a: Entei|Pressure
|turn|11
|
|t:|1757906307
|move|p1a: Cinderace|Flare Blitz|p2a: Entei
|-resisted|p2a: Entei
|-damage|p2a: Entei|27/100
|-damage|p1a: Cinderace|58/100|[from] Recoil
|move|p2a: Entei|Substitute|p2a: Entei
|-start|p2a: Entei|Substitute
|-damage|p2a: Entei|2/100
|
|-heal|p2a: Entei|8/100|[from] item: Leftovers
|upkeep
|turn|12
|
|t:|1757906313
|move|p1a: Cinderace|Flare Blitz|p2a: Entei
|-resisted|p2a: Entei
|-end|p2a: Entei|Substitute
|-damage|p1a: Cinderace|48/100|[from] Recoil|[of] p2a: Entei
|move|p2a: Entei|Lava Plume|p1a: Cinderace
|-resisted|p1a: Cinderace
|-damage|p1a: Cinderace|27/100
|
|-heal|p2a: Entei|14/100|[from] item: Leftovers
|upkeep
|turn|13
|
|t:|1757906317
|move|p2a: Entei|Extreme Speed|p1a: Cinderace
|-damage|p1a: Cinderace|3/100
|move|p1a: Cinderace|Flare Blitz|p2a: Entei
|-resisted|p2a: Entei
|-damage|p2a: Entei|0 fnt
|faint|p2a: Entei
|-damage|p1a: Cinderace|0 fnt|[from] Recoil
|faint|p1a: Cinderace
|
|upkeep
|
|t:|1757906322
|switch|p1a: Hoopa|Hoopa-Unbound|100/100
|switch|p2a: Zapdos|Zapdos|100/100
|-ability|p2a: Zapdos|Pressure
|turn|14
|
|t:|1757906327
|move|p1a: Hoopa|Hyperspace Fury|p2a: Zapdos
|-damage|p2a: Zapdos|28/100
|-unboost|p1a: Hoopa|def|1
|move|p2a: Zapdos|Thunder Wave|p1a: Hoopa|[miss]
|-miss|p2a: Zapdos|p1a: Hoopa
|
|upkeep
|turn|15
|
|t:|1757906332
|move|p1a: Hoopa|Hyperspace Fury|p2a: Zapdos
|-damage|p2a: Zapdos|0 fnt
|-unboost|p1a: Hoopa|def|1
|faint|p2a: Zapdos
|
|upkeep
|
|t:|1757906333
|switch|p2a: Darkrai|Darkrai|100/100
|-damage|p2a: Darkrai|88/100|[from] Stealth Rock
|-damage|p2a: Darkrai|76/100|[from] Spikes
|turn|16
|
|t:|1757906340
|switch|p1a: Iron Thorns|Iron Thorns, shiny|100/100
|-enditem|p1a: Iron Thorns|Booster Energy
|-activate|p1a: Iron Thorns|ability: Quark Drive|[fromitem]
|-start|p1a: Iron Thorns|quarkdriveatk
|move|p2a: Darkrai|Nasty Plot|p2a: Darkrai
|-boost|p2a: Darkrai|spa|2
|
|upkeep
|turn|17
|
|t:|1757906343
|move|p2a: Darkrai|Dark Pulse|p1a: Iron Thorns
|-damage|p1a: Iron Thorns|0 fnt
|faint|p1a: Iron Thorns
|-end|p1a: Iron Thorns|Quark Drive|[silent]
|
|upkeep
|
|t:|1757906349
|switch|p1a: Iron Valiant|Iron Valiant|100/100
|-enditem|p1a: Iron Valiant|Booster Energy
|-activate|p1a: Iron Valiant|ability: Quark Drive|[fromitem]
|-start|p1a: Iron Valiant|quarkdrivespe
|turn|18
|
|t:|1757906353
|switch|p2a: Gholdengo|Gholdengo|100/100
|-damage|p2a: Gholdengo|94/100|[from] Stealth Rock
|-damage|p2a: Gholdengo|82/100|[from] Spikes
|-terastallize|p1a: Iron Valiant|Steel
|move|p1a: Iron Valiant|Swords Dance|p1a: Iron Valiant
|-boost|p1a: Iron Valiant|atk|2
|
|upkeep
|turn|19
|c|☆Dragonitekilla100|Gg
|
|t:|1757906371
|-terastallize|p2a: Gholdengo|Dark
|move|p1a: Iron Valiant|Knock Off|p2a: Gholdengo
|-resisted|p2a: Gholdengo
|-damage|p2a: Gholdengo|46/100
|-enditem|p2a: Gholdengo|Choice Scarf|[from] move: Knock Off|[of] p1a: Iron Valiant
|move|p2a: Gholdengo|Shadow Ball|p1a: Iron Valiant
|-damage|p1a: Iron Valiant|11/100
|
|upkeep
|turn|20
|
|t:|1757906379
|move|p1a: Iron Valiant|Close Combat|p2a: Gholdengo
|-supereffective|p2a: Gholdengo
|-damage|p2a: Gholdengo|0 fnt
|-unboost|p1a: Iron Valiant|def|1
|-unboost|p1a: Iron Valiant|spd|1
|faint|p2a: Gholdengo
|
|upkeep
|
|t:|1757906380
|switch|p2a: Darkrai|Darkrai|76/100
|-damage|p2a: Darkrai|63/100|[from] Stealth Rock
|-damage|p2a: Darkrai|51/100|[from] Spikes
|turn|21
|
|t:|1757906388
|move|p2a: Darkrai|Sucker Punch|p1a: Iron Valiant
|-damage|p1a: Iron Valiant|0 fnt
|faint|p1a: Iron Valiant
|-end|p1a: Iron Valiant|Quark Drive|[silent]
|
|upkeep
|
|t:|1757906390
|switch|p1a: Hoopa|Hoopa-Unbound|100/100
|turn|22
|
|t:|1757906393
|move|p1a: Hoopa|Drain Punch|p2a: Darkrai
|-supereffective|p2a: Darkrai
|-damage|p2a: Darkrai|0 fnt
|faint|p2a: Darkrai
|
|win|Dragonitekilla100
|raw|Dragonitekilla100's rating: 1480 &rarr; <strong>1499</strong><br />(+19 for winning)
|raw|heatedrhombus's rating: 1455 &rarr; <strong>1436</strong><br />(-19 for losing)
|l|☆Dragonitekilla100
|player|p1|
|l|☆heatedrhombus
|player|p2|
