|j|☆BettyLaBonita
|j|☆potayo
|t:|1757907004
|gametype|singles
|player|p1|BettyLaBonita|1|1664
|player|p2|potayo|1|1605
|gen|9
|tier|[Gen 9] OU
|rated|
|rule|HP Percentage Mod: HP is shown in percentages
|rule|Endless Battle Clause: Forcing endless battles is banned
|rule|Species Clause: Limit one of each Pokémon
|rule|OHKO Clause: OHKO moves are banned
|rule|Evasion Items Clause: Evasion items are banned
|rule|Evasion Moves Clause: Evasion moves are banned
|rule|Evasion Abilities Clause: Evasion abilities are banned
|rule|Sleep Moves Clause: Sleep-inducing moves are banned
|clearpoke
|poke|p1|Darkrai|
|poke|p1|Ogerpon-Cornerstone, F|
|poke|p1|Great Tusk|
|poke|p1|Kyurem|
|poke|p1|Primarina, F|
|poke|p1|Dragonite, M|
|poke|p2|Volcanion|
|poke|p2|Iron Hands|
|poke|p2|Scizor, M|
|poke|p2|Hoopa-Unbound|
|poke|p2|Hatterene, F|
|poke|p2|Cresselia, F|
|teampreview
|
|t:|1757907033
|teamsize|p1|6
|teamsize|p2|6
|start
|switch|p1a: Ogerpon|Ogerpon-Cornerstone, F|100/100
|switch|p2a: Iron Hands|Iron Hands|100/100
|turn|1
|
|t:|1757907057
|move|p1a: Ogerpon|Spikes|p2a: Iron Hands
|-sidestart|p2: potayo|Spikes
|move|p2a: Iron Hands|Close Combat|p1a: Ogerpon
|-supereffective|p1a: Ogerpon
|-ability|p1a: Ogerpon|Sturdy
|-damage|p1a: Ogerpon|1/100
|-unboost|p2a: Iron Hands|def|1
|-unboost|p2a: Iron Hands|spd|1
|
|upkeep
|turn|2
|
|t:|1757907069
|-end|p2a: Iron Hands|Quark Drive|[silent]
|switch|p2a: Scizor|Scizor, M|100/100
|move|p1a: Ogerpon|Low Kick|p2a: Scizor
|-damage|p2a: Scizor|63/100
|
|upkeep
|turn|3
|
|t:|1757907075
|move|p2a: Scizor|Bullet Punch|p1a: Ogerpon
|-supereffective|p1a: Ogerpon
|-damage|p1a: Ogerpon|0 fnt
|faint|p1a: Ogerpon
|
|upkeep
|
|t:|1757907085
|switch|p1a: Great Tusk|Great Tusk|100/100
|turn|4
|
|t:|1757907100
|switch|p2a: Cresselia|Cresselia, F|100/100
|move|p1a: Great Tusk|Knock Off|p2a: Cresselia
|-supereffective|p2a: Cresselia
|-enditem|p2a: Cresselia|Colbur Berry|[eat]
|-enditem|p2a: Cresselia|Colbur Berry|[weaken]
|-damage|p2a: Cresselia|82/100
|
|upkeep
|turn|5
|
|t:|1757907107
|move|p1a: Great Tusk|Stealth Rock|p2a: Cresselia
|-sidestart|p2: potayo|move: Stealth Rock
|move|p2a: Cresselia|Psychic|p1a: Great Tusk
|-supereffective|p1a: Great Tusk
|-damage|p1a: Great Tusk|21/100
|
|upkeep
|turn|6
|
|t:|1757907119
|-end|p1a: Great Tusk|Protosynthesis|[silent]
|switch|p1a: Primarina|Primarina, F|100/100
|move|p2a: Cresselia|Trick Room|p2a: Cresselia
|-fieldstart|move: Trick Room|[of] p2a: Cresselia
|
|upkeep
|turn|7
|
|t:|1757907143
|switch|p2a: Scizor|Scizor, M|63/100
|move|p1a: Primarina|Psychic Noise|p2a: Scizor
|-resisted|p2a: Scizor
|-damage|p2a: Scizor|45/100
|-start|p2a: Scizor|move: Heal Block
|
|upkeep
|turn|8
|
|t:|1757907153
|move|p1a: Primarina|Surf|p2a: Scizor
|-damage|p2a: Scizor|0 fnt
|faint|p2a: Scizor
|
|upkeep
|
|t:|1757907160
|switch|p2a: Iron Hands|Iron Hands|100/100
|-damage|p2a: Iron Hands|88/100|[from] Spikes
|-damage|p2a: Iron Hands|82/100|[from] Stealth Rock
|turn|9
|
|t:|1757907170
|switch|p1a: Great Tusk|Great Tusk|21/100
|move|p2a: Iron Hands|Wild Charge|p1a: Great Tusk
|-immune|p1a: Great Tusk
|
|upkeep
|turn|10
|
|t:|1757907174
|-end|p2a: Iron Hands|Quark Drive|[silent]
|switch|p2a: Hatterene|Hatterene, F|100/100
|-damage|p2a: Hatterene|88/100|[from] Spikes
|-damage|p2a: Hatterene|76/100|[from] Stealth Rock
|-end|p1a: Great Tusk|Protosynthesis|[silent]
|switch|p1a: Primarina|Primarina, F|100/100
|
|-fieldend|move: Trick Room
|upkeep
|turn|11
|
|t:|1757907180
|move|p1a: Primarina|Moonblast|p2a: Hatterene
|-crit|p2a: Hatterene
|-damage|p2a: Hatterene|0 fnt
|faint|p2a: Hatterene
|
|upkeep
|-message|potayo forfeited.
|
|win|BettyLaBonita
|raw|BettyLaBonita's rating: 1664 &rarr; <strong>1681</strong><br />(+17 for winning)
|raw|potayo's rating: 1605 &rarr; <strong>1588</strong><br />(-17 for losing)
|l|☆potayo
|player|p2|
|l|☆BettyLaBonita
|player|p1|
