|j|☆themeestermoofin
|j|☆zelklie
|t:|1757789860
|gametype|singles
|player|p1|themeestermoofin|169|1091
|player|p2|zelklie|bugcatcher-gen4dp|1122
|gen|9
|tier|[Gen 9] OU
|rated|
|rule|HP Percentage Mod: HP is shown in percentages
|rule|Endless Battle Clause: Forcing endless battles is banned
|rule|Species Clause: Limit one of each Pokémon
|rule|OHKO Clause: OHKO moves are banned
|rule|Evasion Items Clause: Evasion items are banned
|rule|Evasion Moves Clause: Evasion moves are banned
|rule|Evasion Abilities Clause: Evasion abilities are banned
|rule|Sleep Moves Clause: Sleep-inducing moves are banned
|clearpoke
|poke|p1|Garganacl, M|
|poke|p1|Blissey, F|
|poke|p1|Corviknight, M|
|poke|p1|Alomomola, M|
|poke|p1|Clefable, F|
|poke|p1|Clodsire, F|
|poke|p2|Masquerain, M|
|poke|p2|Dragapult, M|
|poke|p2|Gholdengo|
|poke|p2|Cinderace, F|
|poke|p2|Azumarill, M|
|poke|p2|Great Tusk|
|teampreview
|
|t:|1757789879
|teamsize|p1|6
|teamsize|p2|6
|start
|switch|p1a: Rocks + Scure|Garganacl, M|100/100
|switch|p2a: Masquerain|Masquerain, M|100/100
|-ability|p2a: Masquerain|Intimidate|boost
|-unboost|p1a: Rocks + Scure|atk|1
|turn|1
|c|☆themeestermoofin|hi
|
|t:|1757789888
|move|p2a: Masquerain|Sticky Web|p1a: Rocks + Scure
|-sidestart|p1: themeestermoofin|move: Sticky Web
|move|p1a: Rocks + Scure|Stealth Rock|p2a: Masquerain
|-sidestart|p2: zelklie|move: Stealth Rock
|
|upkeep
|turn|2
|
|t:|1757789894
|move|p2a: Masquerain|U-turn|p1a: Rocks + Scure
|-damage|p1a: Rocks + Scure|92/100
|c|☆zelklie|hi
|c|☆themeestermoofin|hyd
|
|t:|1757789921
|switch|p2a: Azumarill|Azumarill, M|100/100|[from] U-turn
|-damage|p2a: Azumarill|88/100|[from] Stealth Rock
|move|p1a: Rocks + Scure|Salt Cure|p2a: Azumarill
|-damage|p2a: Azumarill|78/100
|-start|p2a: Azumarill|Salt Cure
|
|-heal|p1a: Rocks + Scure|98/100|[from] item: Leftovers
|-damage|p2a: Azumarill|53/100|[from] Salt Cure
|upkeep
|turn|3
|c|☆zelklie|good
|c|☆themeestermoofin|that's good
|
|t:|1757789936
|move|p2a: Azumarill|Liquidation|p1a: Rocks + Scure
|-supereffective|p1a: Rocks + Scure
|-damage|p1a: Rocks + Scure|0 fnt
|faint|p1a: Rocks + Scure
|
|-damage|p2a: Azumarill|29/100|[from] Salt Cure
|upkeep
|
|t:|1757789945
|switch|p1a: wish + def|Alomomola, M|100/100
|-activate|p1a: wish + def|move: Sticky Web
|-unboost|p1a: wish + def|spe|1
|turn|4
|c|☆zelklie|interesting team
|
|t:|1757789952
|move|p2a: Azumarill|Liquidation|p1a: wish + def
|-resisted|p1a: wish + def
|-damage|p1a: wish + def|79/100
|-unboost|p1a: wish + def|def|1
|move|p1a: wish + def|Flip Turn|p2a: Azumarill
|-resisted|p2a: Azumarill
|-damage|p2a: Azumarill|19/100
|c|☆themeestermoofin|lol
|
|t:|1757789961
|switch|p1a: sweep|Clefable, F|100/100|[from] Flip Turn
|-activate|p1a: sweep|move: Sticky Web
|-unboost|p1a: sweep|spe|1
|
|-damage|p2a: Azumarill|0 fnt|[from] Salt Cure
|faint|p2a: Azumarill
|upkeep
|
|t:|1757789975
|switch|p2a: Gholdengo|Gholdengo|100/100
|-damage|p2a: Gholdengo|94/100|[from] Stealth Rock
|turn|5
|
|t:|1757789996
|switch|p1a: stat boost bye bye|Clodsire, F|100/100
|-activate|p1a: stat boost bye bye|move: Sticky Web
|-unboost|p1a: stat boost bye bye|spe|1
|move|p2a: Gholdengo|Substitute|p2a: Gholdengo
|-start|p2a: Gholdengo|Substitute
|-damage|p2a: Gholdengo|70/100
|
|-heal|p2a: Gholdengo|76/100|[from] item: Leftovers
|upkeep
|turn|6
|
|t:|1757790004
|move|p2a: Gholdengo|Shadow Ball|p1a: stat boost bye bye
|-damage|p1a: stat boost bye bye|74/100
|move|p1a: stat boost bye bye|Earthquake|p2a: Gholdengo
|-supereffective|p2a: Gholdengo
|-end|p2a: Gholdengo|Substitute
|
|-heal|p2a: Gholdengo|82/100|[from] item: Leftovers
|-heal|p1a: stat boost bye bye|80/100|[from] item: Black Sludge
|upkeep
|turn|7
|
|t:|1757790017
|switch|p2a: Masquerain|Masquerain, M|100/100
|-ability|p2a: Masquerain|Intimidate|boost
|-unboost|p1a: stat boost bye bye|atk|1
|move|p1a: stat boost bye bye|Earthquake|p2a: Masquerain
|-immune|p2a: Masquerain
|
|-heal|p1a: stat boost bye bye|86/100|[from] item: Black Sludge
|upkeep
|turn|8
|
|t:|1757790030
|switch|p1a: Hazards bye bye|Corviknight, M|100/100
|move|p2a: Masquerain|Ice Beam|p1a: Hazards bye bye
|-damage|p1a: Hazards bye bye|84/100
|
|upkeep
|turn|9
|
|t:|1757790040
|move|p2a: Masquerain|U-turn|p1a: Hazards bye bye
|-resisted|p1a: Hazards bye bye
|-damage|p1a: Hazards bye bye|81/100
|-damage|p2a: Masquerain|84/100|[from] item: Rocky Helmet|[of] p1a: Hazards bye bye
|
|t:|1757790047
|switch|p2a: Great Tusk|Great Tusk|100/100|[from] U-turn
|-damage|p2a: Great Tusk|97/100|[from] Stealth Rock
|move|p1a: Hazards bye bye|Bulk Up|p1a: Hazards bye bye
|-boost|p1a: Hazards bye bye|atk|1
|-boost|p1a: Hazards bye bye|def|1
|
|-heal|p2a: Great Tusk|100/100|[from] item: Leftovers
|upkeep
|turn|10
|
|t:|1757790065
|move|p2a: Great Tusk|Rapid Spin|p1a: Hazards bye bye
|-resisted|p1a: Hazards bye bye
|-damage|p1a: Hazards bye bye|77/100
|-boost|p2a: Great Tusk|spe|1
|-damage|p2a: Great Tusk|84/100|[from] item: Rocky Helmet|[of] p1a: Hazards bye bye
|-sideend|p2: zelklie|Stealth Rock|[from] move: Rapid Spin|[of] p2a: Great Tusk
|move|p1a: Hazards bye bye|Body Press|p2a: Great Tusk
|-damage|p2a: Great Tusk|58/100
|
|-heal|p2a: Great Tusk|65/100|[from] item: Leftovers
|upkeep
|turn|11
|
|t:|1757790077
|-end|p2a: Great Tusk|Protosynthesis|[silent]
|switch|p2a: Gholdengo|Gholdengo|82/100
|move|p1a: Hazards bye bye|Bulk Up|p1a: Hazards bye bye
|-boost|p1a: Hazards bye bye|atk|1
|-boost|p1a: Hazards bye bye|def|1
|
|-heal|p2a: Gholdengo|88/100|[from] item: Leftovers
|upkeep
|turn|12
|
|t:|1757790092
|switch|p1a: Sp def|Blissey, F|100/100
|-activate|p1a: Sp def|move: Sticky Web
|-unboost|p1a: Sp def|spe|1
|move|p2a: Gholdengo|Shadow Ball|p1a: Sp def
|-immune|p1a: Sp def
|
|-heal|p2a: Gholdengo|94/100|[from] item: Leftovers
|upkeep
|turn|13
|c|☆themeestermoofin|lol
|c|☆zelklie|hm
|
|t:|1757790107
|move|p2a: Gholdengo|Substitute|p2a: Gholdengo
|-start|p2a: Gholdengo|Substitute
|-damage|p2a: Gholdengo|69/100
|move|p1a: Sp def|Light Screen|p1a: Sp def
|-sidestart|p1: themeestermoofin|move: Light Screen
|
|-heal|p2a: Gholdengo|75/100|[from] item: Leftovers
|upkeep
|turn|14
|
|t:|1757790115
|switch|p1a: sweep|Clefable, F|100/100
|-activate|p1a: sweep|move: Sticky Web
|-unboost|p1a: sweep|spe|1
|move|p2a: Gholdengo|Nasty Plot|p2a: Gholdengo
|-boost|p2a: Gholdengo|spa|2
|
|-heal|p2a: Gholdengo|81/100|[from] item: Leftovers
|upkeep
|turn|15
|
|t:|1757790126
|move|p2a: Gholdengo|Shadow Ball|p1a: sweep
|-damage|p1a: sweep|63/100
|move|p1a: sweep|Cosmic Power|p1a: sweep
|-boost|p1a: sweep|def|1
|-boost|p1a: sweep|spd|1
|
|-heal|p2a: Gholdengo|87/100|[from] item: Leftovers
|-heal|p1a: sweep|69/100|[from] item: Leftovers
|upkeep
|turn|16
|
|t:|1757790139
|move|p2a: Gholdengo|Nasty Plot|p2a: Gholdengo
|-boost|p2a: Gholdengo|spa|2
|move|p1a: sweep|Cosmic Power|p1a: sweep
|-boost|p1a: sweep|def|1
|-boost|p1a: sweep|spd|1
|
|-heal|p2a: Gholdengo|93/100|[from] item: Leftovers
|-heal|p1a: sweep|75/100|[from] item: Leftovers
|upkeep
|turn|17
|
|t:|1757790149
|switch|p1a: stat boost bye bye|Clodsire, F|86/100
|-activate|p1a: stat boost bye bye|move: Sticky Web
|-unboost|p1a: stat boost bye bye|spe|1
|move|p2a: Gholdengo|Nasty Plot|p2a: Gholdengo
|-boost|p2a: Gholdengo|spa|2
|
|-heal|p2a: Gholdengo|99/100|[from] item: Leftovers
|-heal|p1a: stat boost bye bye|92/100|[from] item: Black Sludge
|-sideend|p1: themeestermoofin|move: Light Screen
|upkeep
|turn|18
|c|☆themeestermoofin|lol
|c|☆zelklie|hyper defence ah team
|c|☆themeestermoofin|frfr
|
|t:|1757790181
|move|p2a: Gholdengo|Shadow Ball|p1a: stat boost bye bye
|-damage|p1a: stat boost bye bye|62/100
|move|p1a: stat boost bye bye|Stockpile|p1a: stat boost bye bye
|-start|p1a: stat boost bye bye|stockpile1
|-boost|p1a: stat boost bye bye|def|1
|-boost|p1a: stat boost bye bye|spd|1
|
|-heal|p2a: Gholdengo|100/100|[from] item: Leftovers
|-heal|p1a: stat boost bye bye|68/100|[from] item: Black Sludge
|upkeep
|turn|19
|c|☆zelklie|thats odd
|
|t:|1757790213
|move|p2a: Gholdengo|Shadow Ball|p1a: stat boost bye bye
|-damage|p1a: stat boost bye bye|48/100
|move|p1a: stat boost bye bye|Stockpile|p1a: stat boost bye bye
|-start|p1a: stat boost bye bye|stockpile2
|-boost|p1a: stat boost bye bye|def|1
|-boost|p1a: stat boost bye bye|spd|1
|
|-heal|p1a: stat boost bye bye|54/100|[from] item: Black Sludge
|upkeep
|turn|20
|c|☆themeestermoofin|lol how so
|
|t:|1757790223
|move|p2a: Gholdengo|Shadow Ball|p1a: stat boost bye bye
|-damage|p1a: stat boost bye bye|40/100
|move|p1a: stat boost bye bye|Recover|p1a: stat boost bye bye
|-heal|p1a: stat boost bye bye|90/100
|
|-heal|p1a: stat boost bye bye|96/100|[from] item: Black Sludge
|upkeep
|turn|21
|
|t:|1757790235
|move|p2a: Gholdengo|Shadow Ball|p1a: stat boost bye bye
|-damage|p1a: stat boost bye bye|82/100
|move|p1a: stat boost bye bye|Stockpile|p1a: stat boost bye bye
|-start|p1a: stat boost bye bye|stockpile3
|-boost|p1a: stat boost bye bye|def|1
|-boost|p1a: stat boost bye bye|spd|1
|
|-heal|p1a: stat boost bye bye|88/100|[from] item: Black Sludge
|upkeep
|turn|22
|
|t:|1757790253
|move|p2a: Gholdengo|Shadow Ball|p1a: stat boost bye bye
|-damage|p1a: stat boost bye bye|76/100
|move|p1a: stat boost bye bye|Earthquake|p2a: Gholdengo
|-supereffective|p2a: Gholdengo
|-crit|p2a: Gholdengo
|-end|p2a: Gholdengo|Substitute
|
|-heal|p1a: stat boost bye bye|82/100|[from] item: Black Sludge
|upkeep
|turn|23
|
|t:|1757790265
|move|p2a: Gholdengo|Substitute|p2a: Gholdengo
|-start|p2a: Gholdengo|Substitute
|-damage|p2a: Gholdengo|76/100
|move|p1a: stat boost bye bye|Earthquake|p2a: Gholdengo
|-supereffective|p2a: Gholdengo
|-end|p2a: Gholdengo|Substitute
|
|-heal|p2a: Gholdengo|82/100|[from] item: Leftovers
|-heal|p1a: stat boost bye bye|88/100|[from] item: Black Sludge
|upkeep
|turn|24
|
|t:|1757790280
|switch|p2a: Masquerain|Masquerain, M|84/100
|-ability|p2a: Masquerain|Intimidate|boost
|-unboost|p1a: stat boost bye bye|atk|1
|move|p1a: stat boost bye bye|Earthquake|p2a: Masquerain
|-immune|p2a: Masquerain
|
|-heal|p1a: stat boost bye bye|94/100|[from] item: Black Sludge
|upkeep
|turn|25
|c|☆themeestermoofin|aw
|
|t:|1757790289
|move|p2a: Masquerain|U-turn|p1a: stat boost bye bye
|-resisted|p1a: stat boost bye bye
|-damage|p1a: stat boost bye bye|92/100
|
|t:|1757790298
|switch|p2a: Great Tusk|Great Tusk|65/100|[from] U-turn
|move|p1a: stat boost bye bye|Toxic|p2a: Great Tusk
|-status|p2a: Great Tusk|tox
|
|-heal|p2a: Great Tusk|71/100 tox|[from] item: Leftovers
|-heal|p1a: stat boost bye bye|98/100|[from] item: Black Sludge
|-damage|p2a: Great Tusk|65/100 tox|[from] psn
|upkeep
|turn|26
|c|☆themeestermoofin|ice spinner?
|c|☆zelklie|no
|
|t:|1757790316
|-end|p2a: Great Tusk|Protosynthesis|[silent]
|switch|p2a: Masquerain|Masquerain, M|84/100
|-ability|p2a: Masquerain|Intimidate|boost
|-unboost|p1a: stat boost bye bye|atk|1
|move|p1a: stat boost bye bye|Earthquake|p2a: Masquerain
|-immune|p2a: Masquerain
|
|-heal|p1a: stat boost bye bye|100/100|[from] item: Black Sludge
|upkeep
|turn|27
|c|☆themeestermoofin|oh
|c|☆zelklie|im funny
|c|☆themeestermoofin|ohhhhh I see your lowering my attack
|
|t:|1757790332
|switch|p2a: Great Tusk|Great Tusk|65/100 tox
|switch|p1a: wish + def|Alomomola, M|100/100
|-activate|p1a: wish + def|move: Sticky Web
|-unboost|p1a: wish + def|spe|1
|
|-heal|p2a: Great Tusk|71/100 tox|[from] item: Leftovers
|-damage|p2a: Great Tusk|65/100 tox|[from] psn
|upkeep
|turn|28
|
|t:|1757790352
|move|p2a: Great Tusk|Close Combat|p1a: wish + def
|-damage|p1a: wish + def|69/100
|-unboost|p2a: Great Tusk|def|1
|-unboost|p2a: Great Tusk|spd|1
|move|p1a: wish + def|Scald|p2a: Great Tusk
|-supereffective|p2a: Great Tusk
|-damage|p2a: Great Tusk|21/100 tox
|
|-heal|p2a: Great Tusk|27/100 tox|[from] item: Leftovers
|-heal|p1a: wish + def|76/100|[from] item: Leftovers
|-damage|p2a: Great Tusk|15/100 tox|[from] psn
|upkeep
|turn|29
|c|☆themeestermoofin|ow
|
|t:|1757790366
|move|p2a: Great Tusk|Close Combat|p1a: wish + def
|-damage|p1a: wish + def|48/100
|-unboost|p2a: Great Tusk|def|1
|-unboost|p2a: Great Tusk|spd|1
|move|p1a: wish + def|Flip Turn|p2a: Great Tusk
|-supereffective|p2a: Great Tusk
|-damage|p2a: Great Tusk|0 fnt
|faint|p2a: Great Tusk
|-end|p2a: Great Tusk|Protosynthesis|[silent]
|c|☆themeestermoofin|ow
|
|t:|1757790392
|switch|p1a: stat boost bye bye|Clodsire, F|100/100|[from] Flip Turn
|-activate|p1a: stat boost bye bye|move: Sticky Web
|-unboost|p1a: stat boost bye bye|spe|1
|
|upkeep
|
|t:|1757790398
|switch|p2a: Dragapult|Dragapult, M|100/100
|turn|30
|c|☆zelklie|hes annoying
|c|☆themeestermoofin|hmmm ok
|c|☆themeestermoofin|lol
|c|☆zelklie|why doesnt he just die
|c|☆themeestermoofin|because he's him frfr
|
|t:|1757790422
|-terastallize|p2a: Dragapult|Water
|move|p2a: Dragapult|Surf|p1a: stat boost bye bye
|-supereffective|p1a: stat boost bye bye
|-damage|p1a: stat boost bye bye|14/100
|move|p1a: stat boost bye bye|Toxic|p2a: Dragapult
|-status|p2a: Dragapult|tox
|
|-heal|p1a: stat boost bye bye|20/100|[from] item: Black Sludge
|-damage|p2a: Dragapult|95/100 tox|[from] psn
|upkeep
|turn|31
|c|☆themeestermoofin|OH SHI-
|c|☆zelklie|die mf
|
|t:|1757790434
|switch|p1a: Sp def|Blissey, F|100/100
|-activate|p1a: Sp def|move: Sticky Web
|-unboost|p1a: Sp def|spe|1
|move|p2a: Dragapult|Surf|p1a: Sp def
|-damage|p1a: Sp def|82/100
|
|-heal|p1a: Sp def|88/100|[from] item: Leftovers
|-damage|p2a: Dragapult|83/100 tox|[from] psn
|upkeep
|turn|32
|c|☆themeestermoofin|I ain't realize u were a special attacker lol
|c|☆zelklie|not so nice
|
|t:|1757790452
|switch|p2a: Gholdengo|Gholdengo|82/100
|move|p1a: Sp def|Light Screen|p1a: Sp def
|-sidestart|p1: themeestermoofin|move: Light Screen
|
|-heal|p2a: Gholdengo|88/100|[from] item: Leftovers
|-heal|p1a: Sp def|94/100|[from] item: Leftovers
|upkeep
|turn|33
|
|t:|1757790465
|switch|p1a: sweep|Clefable, F|75/100
|-activate|p1a: sweep|move: Sticky Web
|-unboost|p1a: sweep|spe|1
|move|p2a: Gholdengo|Substitute|p2a: Gholdengo
|-start|p2a: Gholdengo|Substitute
|-damage|p2a: Gholdengo|63/100
|
|-heal|p2a: Gholdengo|69/100|[from] item: Leftovers
|-heal|p1a: sweep|81/100|[from] item: Leftovers
|upkeep
|turn|34
|
|t:|1757790476
|move|p2a: Gholdengo|Nasty Plot|p2a: Gholdengo
|-boost|p2a: Gholdengo|spa|2
|move|p1a: sweep|Cosmic Power|p1a: sweep
|-boost|p1a: sweep|def|1
|-boost|p1a: sweep|spd|1
|
|-heal|p2a: Gholdengo|75/100|[from] item: Leftovers
|-heal|p1a: sweep|87/100|[from] item: Leftovers
|upkeep
|turn|35
|
|t:|1757790484
|move|p2a: Gholdengo|Nasty Plot|p2a: Gholdengo
|-boost|p2a: Gholdengo|spa|2
|move|p1a: sweep|Cosmic Power|p1a: sweep
|-boost|p1a: sweep|def|1
|-boost|p1a: sweep|spd|1
|
|-heal|p2a: Gholdengo|81/100|[from] item: Leftovers
|-heal|p1a: sweep|93/100|[from] item: Leftovers
|upkeep
|turn|36
|c|☆zelklie|u think that thing can take my goldy
|
|t:|1757790498
|move|p2a: Gholdengo|Nasty Plot|p2a: Gholdengo
|-boost|p2a: Gholdengo|spa|2
|move|p1a: sweep|Cosmic Power|p1a: sweep
|-boost|p1a: sweep|def|1
|-boost|p1a: sweep|spd|1
|
|-heal|p2a: Gholdengo|87/100|[from] item: Leftovers
|-heal|p1a: sweep|99/100|[from] item: Leftovers
|-sideend|p1: themeestermoofin|move: Light Screen
|upkeep
|turn|37
|c|☆themeestermoofin|do u have good as gold?
|c|☆themeestermoofin|wait no sorry
|c|☆zelklie|u sers rn?
|c|☆themeestermoofin|do you have let make it rain
|c|☆themeestermoofin|lmao I said the wrong thing
|c|☆themeestermoofin|do u?
|c|☆themeestermoofin|...
|c|☆zelklie|u either die  by make it rain
|c|☆themeestermoofin|gulp
|c|☆zelklie|or
|c|☆zelklie|shadow ball
|c|☆themeestermoofin|or
|c|☆themeestermoofin|how about neither?
|c|☆zelklie|pick your poison
|c|☆themeestermoofin|:)
|
|t:|1757790552
|-terastallize|p1a: sweep|Electric
|move|p2a: Gholdengo|Make It Rain|p1a: sweep
|-resisted|p1a: sweep
|-damage|p1a: sweep|53/100
|-unboost|p2a: Gholdengo|spa|1
|move|p1a: sweep|Cosmic Power|p1a: sweep
|-boost|p1a: sweep|def|1
|-boost|p1a: sweep|spd|1
|
|-heal|p2a: Gholdengo|93/100|[from] item: Leftovers
|-heal|p1a: sweep|59/100|[from] item: Leftovers
|upkeep
|turn|38
|c|☆themeestermoofin|gottem
|c|☆zelklie|ah i see
|
|t:|1757790566
|move|p2a: Gholdengo|Shadow Ball|p1a: sweep
|-damage|p1a: sweep|12/100
|move|p1a: sweep|Moonlight|p1a: sweep
|-heal|p1a: sweep|62/100
|
|-heal|p2a: Gholdengo|99/100|[from] item: Leftovers
|-heal|p1a: sweep|68/100|[from] item: Leftovers
|upkeep
|turn|39
|c|☆zelklie|u chose shadow ball
|
|t:|1757790576
|move|p2a: Gholdengo|Shadow Ball|p1a: sweep
|-damage|p1a: sweep|24/100
|-unboost|p1a: sweep|spd|1
|move|p1a: sweep|Moonlight|p1a: sweep
|-heal|p1a: sweep|74/100
|
|-heal|p2a: Gholdengo|100/100|[from] item: Leftovers
|-heal|p1a: sweep|80/100|[from] item: Leftovers
|upkeep
|turn|40
|c|☆themeestermoofin|nah
|c|☆themeestermoofin|I choose winning
|c|☆themeestermoofin|BRH
|c|☆themeestermoofin|SP DEF DROP???
|c|☆zelklie|yeah
|c|☆zelklie|i can just spam
|c|☆zelklie|and youll slowly die
|c|☆themeestermoofin|oh fudge
|
|t:|1757790604
|move|p2a: Gholdengo|Shadow Ball|p1a: sweep
|-damage|p1a: sweep|30/100
|-unboost|p1a: sweep|spd|1
|move|p1a: sweep|Cosmic Power|p1a: sweep
|-boost|p1a: sweep|def|1
|-boost|p1a: sweep|spd|1
|
|-heal|p1a: sweep|36/100|[from] item: Leftovers
|upkeep
|turn|41
|c|☆zelklie|lol
|c|☆themeestermoofin|bruh
|
|t:|1757790615
|switch|p1a: Sp def|Blissey, F|94/100
|-activate|p1a: Sp def|move: Sticky Web
|-unboost|p1a: Sp def|spe|1
|move|p2a: Gholdengo|Shadow Ball|p1a: Sp def
|-immune|p1a: Sp def
|
|-heal|p1a: Sp def|99/100|[from] item: Leftovers
|upkeep
|turn|42
|c|☆zelklie|wooow
|c|☆themeestermoofin|and then I just do this
|
|t:|1757790624
|move|p2a: Gholdengo|Make It Rain|p1a: Sp def
|-damage|p1a: Sp def|37/100
|-unboost|p2a: Gholdengo|spa|1
|move|p1a: Sp def|Light Screen|p1a: Sp def
|-sidestart|p1: themeestermoofin|move: Light Screen
|
|-heal|p1a: Sp def|43/100|[from] item: Leftovers
|upkeep
|turn|43
|c|☆themeestermoofin|and the this
|
|t:|1757790632
|move|p2a: Gholdengo|Nasty Plot|p2a: Gholdengo
|-boost|p2a: Gholdengo|spa|2
|move|p1a: Sp def|Soft-Boiled|p1a: Sp def
|-heal|p1a: Sp def|93/100
|
|-heal|p1a: Sp def|99/100|[from] item: Leftovers
|upkeep
|turn|44
|c|☆themeestermoofin|and then heal
|
|t:|1757790656
|switch|p1a: wish + def|Alomomola, M|81/100
|-activate|p1a: wish + def|move: Sticky Web
|-unboost|p1a: wish + def|spe|1
|move|p2a: Gholdengo|Make It Rain|p1a: wish + def
|-resisted|p1a: wish + def
|-damage|p1a: wish + def|1/100
|-unboost|p2a: Gholdengo|spa|1
|
|-heal|p1a: wish + def|7/100|[from] item: Leftovers
|upkeep
|turn|45
|c|☆themeestermoofin|JESUS CHRIST
|c|☆zelklie|nice one
|
|t:|1757790671
|switch|p1a: Sp def|Blissey, F|99/100
|-activate|p1a: Sp def|move: Sticky Web
|-unboost|p1a: Sp def|spe|1
|move|p2a: Gholdengo|Make It Rain|p1a: Sp def
|-damage|p1a: Sp def|71/100
|-unboost|p2a: Gholdengo|spa|1
|
|-heal|p1a: Sp def|77/100|[from] item: Leftovers
|upkeep
|turn|46
|c|☆themeestermoofin|LOL
|c|☆themeestermoofin|wtv its fine
|
|t:|1757790690
|move|p2a: Gholdengo|Nasty Plot|p2a: Gholdengo
|-boost|p2a: Gholdengo|spa|2
|move|p1a: Sp def|Soft-Boiled|p1a: Sp def
|-heal|p1a: Sp def|100/100
|
|-sideend|p1: themeestermoofin|move: Light Screen
|upkeep
|turn|47
|c|☆zelklie|goldy might just sweep
|c|☆themeestermoofin|nah
|
|t:|1757790704
|move|p2a: Gholdengo|Nasty Plot|p2a: Gholdengo
|-boost|p2a: Gholdengo|spa|0
|move|p1a: Sp def|Light Screen|p1a: Sp def
|-sidestart|p1: themeestermoofin|move: Light Screen
|
|upkeep
|turn|48
|c|☆themeestermoofin|?
|
|t:|1757790720
|move|p2a: Gholdengo|Substitute|p2a: Gholdengo
|-fail|p2a: Gholdengo|move: Substitute
|move|p1a: Sp def|Light Screen||[still]
|-fail|p1a: Sp def
|
|upkeep
|turn|49
|c|☆themeestermoofin|ah you realize ur running out of pp
|c|☆themeestermoofin|:)
|c|☆themeestermoofin|luckily light Screen has 50
|c|☆themeestermoofin|so I'll pp stall you now lol
|
|t:|1757790746
|switch|p2a: Cinderace|Cinderace, F|100/100
|move|p1a: Sp def|Light Screen||[still]
|-fail|p1a: Sp def
|
|upkeep
|turn|50
|c|☆zelklie|ok
|
|t:|1757790760
|switch|p1a: wish + def|Alomomola, M|40/100
|-activate|p1a: wish + def|move: Sticky Web
|-unboost|p1a: wish + def|spe|1
|move|p2a: Cinderace|Pyro Ball|p1a: wish + def
|-resisted|p1a: wish + def
|-damage|p1a: wish + def|23/100
|
|-heal|p1a: wish + def|29/100|[from] item: Leftovers
|upkeep
|turn|51
|
|t:|1757790775
|switch|p1a: Hazards bye bye|Corviknight, M|77/100
|move|p2a: Cinderace|U-turn|p1a: Hazards bye bye
|-start|p2a: Cinderace|typechange|Bug|[from] ability: Libero
|-resisted|p1a: Hazards bye bye
|-damage|p1a: Hazards bye bye|69/100
|-damage|p2a: Cinderace|84/100|[from] item: Rocky Helmet|[of] p1a: Hazards bye bye
|c|☆themeestermoofin|w reads
|
|t:|1757790786
|switch|p2a: Dragapult|Dragapult, M, tera:Water|83/100 tox|[from] U-turn
|
|-damage|p2a: Dragapult|77/100 tox|[from] psn
|-sideend|p1: themeestermoofin|move: Light Screen
|upkeep
|turn|52
|
|t:|1757790807
|switch|p1a: Sp def|Blissey, F|100/100
|-activate|p1a: Sp def|move: Sticky Web
|-unboost|p1a: Sp def|spe|1
|move|p2a: Dragapult|Surf|p1a: Sp def
|-damage|p1a: Sp def|82/100
|
|-heal|p1a: Sp def|88/100|[from] item: Leftovers
|-damage|p2a: Dragapult|65/100 tox|[from] psn
|upkeep
|turn|53
|c|☆zelklie|mean
|c|☆themeestermoofin|yeah idk what u thought I was gonna do lmao
|
|t:|1757790827
|switch|p2a: Gholdengo|Gholdengo|100/100
|move|p1a: Sp def|Light Screen|p1a: Sp def
|-sidestart|p1: themeestermoofin|move: Light Screen
|
|-heal|p1a: Sp def|94/100|[from] item: Leftovers
|upkeep
|turn|54
|c|☆themeestermoofin|actually take the hit? lmao
|
|t:|1757790842
|switch|p2a: Masquerain|Masquerain, M|84/100
|-ability|p2a: Masquerain|Intimidate|boost
|-unboost|p1a: Sp def|atk|1
|switch|p1a: sweep|Clefable, F, tera:Electric|36/100
|-activate|p1a: sweep|move: Sticky Web
|-unboost|p1a: sweep|spe|1
|
|-heal|p1a: sweep|42/100|[from] item: Leftovers
|upkeep
|turn|55
|c|☆themeestermoofin|finally
|
|t:|1757790856
|move|p2a: Masquerain|U-turn|p1a: sweep
|-damage|p1a: sweep|29/100
|
|t:|1757790869
|switch|p2a: Dragapult|Dragapult, M, tera:Water|65/100 tox|[from] U-turn
|move|p1a: sweep|Moonlight|p1a: sweep
|-heal|p1a: sweep|79/100
|
|-heal|p1a: sweep|85/100|[from] item: Leftovers
|-damage|p2a: Dragapult|59/100 tox|[from] psn
|upkeep
|turn|56
|c|☆themeestermoofin|so
|c|☆themeestermoofin|blissey
|c|☆themeestermoofin|lol
|
|t:|1757790881
|move|p2a: Dragapult|Draco Meteor|p1a: sweep
|-damage|p1a: sweep|6/100
|-unboost|p2a: Dragapult|spa|2
|move|p1a: sweep|Cosmic Power|p1a: sweep
|-boost|p1a: sweep|def|1
|-boost|p1a: sweep|spd|1
|
|-heal|p1a: sweep|12/100|[from] item: Leftovers
|-damage|p2a: Dragapult|47/100 tox|[from] psn
|upkeep
|turn|57
|c|☆themeestermoofin|oh.
|c|☆themeestermoofin|that's not fun
|
|t:|1757790908
|switch|p2a: Masquerain|Masquerain, M|84/100
|-ability|p2a: Masquerain|Intimidate|boost
|-unboost|p1a: sweep|atk|1
|switch|p1a: stat boost bye bye|Clodsire, F|20/100
|-activate|p1a: stat boost bye bye|move: Sticky Web
|-unboost|p1a: stat boost bye bye|spe|1
|
|-heal|p1a: stat boost bye bye|26/100|[from] item: Black Sludge
|-sideend|p1: themeestermoofin|move: Light Screen
|upkeep
|turn|58
|c|☆themeestermoofin|read that
|
|t:|1757790920
|move|p2a: Masquerain|Ice Beam|p1a: stat boost bye bye
|-supereffective|p1a: stat boost bye bye
|-damage|p1a: stat boost bye bye|0 fnt
|faint|p1a: stat boost bye bye
|
|upkeep
|c|☆themeestermoofin|OH
|c|☆zelklie|yeah
|c|☆zelklie|read
|c|☆themeestermoofin|dam, nice
|c|☆zelklie|this bug bites backl
|c|☆themeestermoofin|!dt masquerain
|raw|<div class="message"><ul class="utilichart"><li class="result"><span class="col numcol">ZU</span> <span class="col iconcol"><psicon pokemon="masquerain"/></span> <span class="col pokemonnamecol" style="white-space:nowrap"><a href="https://dex.pokemonshowdown.com/pokemon/masquerain" target="_blank">Masquerain</a></span> <span class="col typecol"><img src="https://play.pokemonshowdown.com/sprites/types/Bug.png" alt="Bug" height="14" width="32"><img src="https://play.pokemonshowdown.com/sprites/types/Flying.png" alt="Flying" height="14" width="32"></span> <span style="float:left;min-height:26px"><span class="col abilitycol">Intimidate</span><span class="col abilitycol"><em>Unnerve</em></span></span><span style="float:left;min-height:26px"><span class="col statcol"><em>HP</em><br />70</span> <span class="col statcol"><em>Atk</em><br />60</span> <span class="col statcol"><em>Def</em><br />62</span> <span class="col statcol"><em>SpA</em><br />100</span> <span class="col statcol"><em>SpD</em><br />82</span> <span class="col statcol"><em>Spe</em><br />80</span> <span class="col bstcol"><em>BST<br />454</em></span> </span></li><li style="clear:both"></li></ul></div>
|raw|<font size="1"><font color="#686868">Dex#:</font> 284&nbsp;|&ThickSpace;<font color="#686868">Gen:</font> 3&nbsp;|&ThickSpace;<font color="#686868">Height:</font> 0.8 m&nbsp;|&ThickSpace;<font color="#686868">Weight:</font> 3.6 kg <em>(20 BP)</em>&nbsp;|&ThickSpace;<font color="#686868">Dex Colour:</font> Blue&nbsp;|&ThickSpace;<font color="#686868">Egg Group(s):</font> Water 1, Bug&nbsp;|&ThickSpace;<font color="#686868">Pre-Evolution:</font> Surskit&nbsp;|&ThickSpace;<font color="#686868">Does Not Evolve</font></font>

|c|☆themeestermoofin|oh.
|
|t:|1757790947
|switch|p1a: Sp def|Blissey, F|94/100
|-activate|p1a: Sp def|move: Sticky Web
|-unboost|p1a: Sp def|spe|1
|turn|59
|c|☆themeestermoofin|so blissey
|
|t:|1757790970
|move|p2a: Masquerain|U-turn|p1a: Sp def
|-damage|p1a: Sp def|67/100
|
|t:|1757790973
|switch|p2a: Cinderace|Cinderace, F|84/100|[from] U-turn
|move|p1a: Sp def|Thunder Wave|p2a: Cinderace
|-status|p2a: Cinderace|par
|
|-heal|p1a: Sp def|73/100|[from] item: Leftovers
|upkeep
|turn|60
|c|☆themeestermoofin|nice.
|
|t:|1757790983
|switch|p1a: wish + def|Alomomola, M|62/100
|-activate|p1a: wish + def|move: Sticky Web
|-unboost|p1a: wish + def|spe|1
|move|p2a: Cinderace|Pyro Ball|p1a: wish + def
|-resisted|p1a: wish + def
|-damage|p1a: wish + def|47/100
|
|-heal|p1a: wish + def|53/100|[from] item: Leftovers
|upkeep
|turn|61
|c|☆themeestermoofin|:)
|
|t:|1757791004
|move|p2a: Cinderace|Pyro Ball|p1a: wish + def
|-resisted|p1a: wish + def
|-damage|p1a: wish + def|35/100
|-status|p1a: wish + def|brn
|move|p1a: wish + def|Wish|p1a: wish + def
|
|-heal|p1a: wish + def|41/100 brn|[from] item: Leftovers
|-damage|p1a: wish + def|35/100 brn|[from] brn
|upkeep
|turn|62
|c|☆themeestermoofin|L burn
|c|☆zelklie|yawn
|
|t:|1757791018
|move|p2a: Cinderace|U-turn|p1a: wish + def
|-start|p2a: Cinderace|typechange|Bug|[from] ability: Libero
|-damage|p1a: wish + def|16/100 brn
|c|☆themeestermoofin|ouch
|
|t:|1757791024
|switch|p2a: Masquerain|Masquerain, M|84/100|[from] U-turn
|-ability|p2a: Masquerain|Intimidate|boost
|-unboost|p1a: wish + def|atk|1
|move|p1a: wish + def|Scald|p2a: Masquerain
|-damage|p2a: Masquerain|68/100
|
|-heal|p1a: wish + def|66/100 brn|[from] move: Wish|[wisher] wish + def
|-heal|p1a: wish + def|72/100 brn|[from] item: Leftovers
|-damage|p1a: wish + def|66/100 brn|[from] brn
|upkeep
|turn|63
|c|☆themeestermoofin|back to the bug huh?
|
|t:|1757791043
|switch|p1a: Hazards bye bye|Corviknight, M|69/100
|move|p2a: Masquerain|U-turn|p1a: Hazards bye bye
|-resisted|p1a: Hazards bye bye
|-damage|p1a: Hazards bye bye|66/100
|-damage|p2a: Masquerain|51/100|[from] item: Rocky Helmet|[of] p1a: Hazards bye bye
|
|t:|1757791052
|switch|p2a: Cinderace|Cinderace, F|84/100 par|[from] U-turn
|
|upkeep
|turn|64
|
|t:|1757791058
|switch|p1a: wish + def|Alomomola, M|99/100 brn
|-activate|p1a: wish + def|move: Sticky Web
|-unboost|p1a: wish + def|spe|1
|move|p2a: Cinderace|Pyro Ball|p1a: wish + def
|-resisted|p1a: wish + def
|-damage|p1a: wish + def|82/100 brn
|
|-heal|p1a: wish + def|89/100 brn|[from] item: Leftovers
|-damage|p1a: wish + def|82/100 brn|[from] brn
|upkeep
|turn|65
|c|☆themeestermoofin|lol
|
|t:|1757791078
|move|p2a: Cinderace|Pyro Ball|p1a: wish + def
|-resisted|p1a: wish + def
|-damage|p1a: wish + def|65/100 brn
|move|p1a: wish + def|Wish|p1a: wish + def
|
|-heal|p1a: wish + def|71/100 brn|[from] item: Leftovers
|-damage|p1a: wish + def|65/100 brn|[from] brn
|upkeep
|turn|66
|
|t:|1757791102
|switch|p2a: Gholdengo|Gholdengo|100/100
|move|p1a: wish + def|Scald|p2a: Gholdengo
|-damage|p2a: Gholdengo|85/100
|-status|p2a: Gholdengo|brn
|
|-heal|p1a: wish + def|100/100 brn|[from] move: Wish|[wisher] wish + def
|-heal|p2a: Gholdengo|91/100 brn|[from] item: Leftovers
|-damage|p2a: Gholdengo|85/100 brn|[from] brn
|-damage|p1a: wish + def|94/100 brn|[from] brn
|upkeep
|turn|67
|c|☆themeestermoofin|W burn
|c|☆zelklie|doesnt matter
|
|t:|1757791116
|move|p2a: Gholdengo|Substitute|p2a: Gholdengo
|-start|p2a: Gholdengo|Substitute
|-damage|p2a: Gholdengo|60/100 brn
|move|p1a: wish + def|Wish|p1a: wish + def
|
|-heal|p2a: Gholdengo|67/100 brn|[from] item: Leftovers
|-heal|p1a: wish + def|100/100 brn|[from] item: Leftovers
|-damage|p2a: Gholdengo|60/100 brn|[from] brn
|-damage|p1a: wish + def|94/100 brn|[from] brn
|upkeep
|turn|68
|c|☆themeestermoofin|it does tho
|c|☆themeestermoofin|no more leftovers essentally
|c|☆zelklie|no more gold counter
|
|t:|1757791135
|switch|p1a: sweep|Clefable, F, tera:Electric|12/100
|-activate|p1a: sweep|move: Sticky Web
|-unboost|p1a: sweep|spe|1
|move|p2a: Gholdengo|Nasty Plot|p2a: Gholdengo
|-boost|p2a: Gholdengo|spa|2
|
|-heal|p1a: sweep|92/100|[from] move: Wish|[wisher] wish + def
|-heal|p2a: Gholdengo|67/100 brn|[from] item: Leftovers
|-heal|p1a: sweep|98/100|[from] item: Leftovers
|-damage|p2a: Gholdengo|60/100 brn|[from] brn
|upkeep
|turn|69
|c|☆zelklie|ong
|c|☆themeestermoofin|I still have blissey wdym no more gold counter
|c|☆themeestermoofin|I also have corvi
|c|☆themeestermoofin|lol
|
|t:|1757791158
|switch|p1a: Sp def|Blissey, F|73/100
|-activate|p1a: Sp def|move: Sticky Web
|-unboost|p1a: Sp def|spe|1
|move|p2a: Gholdengo|Shadow Ball|p1a: Sp def
|-immune|p1a: Sp def
|
|-heal|p2a: Gholdengo|67/100 brn|[from] item: Leftovers
|-heal|p1a: Sp def|79/100|[from] item: Leftovers
|-damage|p2a: Gholdengo|60/100 brn|[from] brn
|upkeep
|turn|70
|c|☆themeestermoofin|u can only hit me with rain
|
|t:|1757791181
|switch|p2a: Cinderace|Cinderace, F|84/100 par
|move|p1a: Sp def|Light Screen|p1a: Sp def
|-sidestart|p1: themeestermoofin|move: Light Screen
|
|-heal|p1a: Sp def|85/100|[from] item: Leftovers
|upkeep
|turn|71
|c|☆themeestermoofin|or u can do that ig
|c|☆themeestermoofin|but I can js do dis
|
|t:|1757791196
|switch|p1a: wish + def|Alomomola, M|100/100 brn
|-activate|p1a: wish + def|move: Sticky Web
|-unboost|p1a: wish + def|spe|1
|cant|p2a: Cinderace|par
|
|-damage|p1a: wish + def|94/100 brn|[from] brn
|upkeep
|turn|72
|c|☆themeestermoofin|W para
|c|☆zelklie|annoying
|
|t:|1757791208
|switch|p2a: Masquerain|Masquerain, M|51/100
|-ability|p2a: Masquerain|Intimidate|boost
|-unboost|p1a: wish + def|atk|1
|move|p1a: wish + def|Wish|p1a: wish + def
|
|-heal|p1a: wish + def|100/100 brn|[from] item: Leftovers
|-damage|p1a: wish + def|94/100 brn|[from] brn
|upkeep
|turn|73
|
|t:|1757791220
|switch|p1a: Hazards bye bye|Corviknight, M|66/100
|move|p2a: Masquerain|U-turn|p1a: Hazards bye bye
|-resisted|p1a: Hazards bye bye
|-damage|p1a: Hazards bye bye|64/100
|-damage|p2a: Masquerain|35/100|[from] item: Rocky Helmet|[of] p1a: Hazards bye bye
|
|t:|1757791230
|switch|p2a: Dragapult|Dragapult, M, tera:Water|47/100 tox|[from] U-turn
|
|-heal|p1a: Hazards bye bye|100/100|[from] move: Wish|[wisher] wish + def
|-damage|p2a: Dragapult|41/100 tox|[from] psn
|upkeep
|turn|74
|c|☆themeestermoofin|lol
|c|☆themeestermoofin|back to blissey!
|
|t:|1757791244
|switch|p1a: Sp def|Blissey, F|85/100
|-activate|p1a: Sp def|move: Sticky Web
|-unboost|p1a: Sp def|spe|1
|move|p2a: Dragapult|U-turn|p1a: Sp def
|-damage|p1a: Sp def|52/100
|c|☆themeestermoofin|ow
|
|t:|1757791281
|switch|p2a: Cinderace|Cinderace, F|84/100 par|[from] U-turn
|
|-heal|p1a: Sp def|58/100|[from] item: Leftovers
|-sideend|p1: themeestermoofin|move: Light Screen
|upkeep
|turn|75
|c|☆themeestermoofin|I think you can guess what I'm about to do
|
|t:|1757791315
|switch|p1a: wish + def|Alomomola, M|100/100 brn
|-activate|p1a: wish + def|move: Sticky Web
|-unboost|p1a: wish + def|spe|1
|move|p2a: Cinderace|U-turn|p1a: wish + def
|-start|p2a: Cinderace|typechange|Bug|[from] ability: Libero
|-damage|p1a: wish + def|80/100 brn
|
|t:|1757791331
|switch|p2a: Dragapult|Dragapult, M, tera:Water|41/100 tox|[from] U-turn
|
|-heal|p1a: wish + def|86/100 brn|[from] item: Leftovers
|-damage|p2a: Dragapult|35/100 tox|[from] psn
|-damage|p1a: wish + def|80/100 brn|[from] brn
|upkeep
|turn|76
|c|☆themeestermoofin|:0
|c|☆themeestermoofin|:)
|
|t:|1757791353
|switch|p1a: Hazards bye bye|Corviknight, M|100/100
|move|p2a: Dragapult|Surf|p1a: Hazards bye bye
|-damage|p1a: Hazards bye bye|52/100
|
|-damage|p2a: Dragapult|23/100 tox|[from] psn
|upkeep
|turn|77
|c|☆themeestermoofin|oh
|c|☆themeestermoofin|dang
|
|t:|1757791367
|switch|p2a: Cinderace|Cinderace, F|84/100 par
|switch|p1a: Sp def|Blissey, F|58/100
|-activate|p1a: Sp def|move: Sticky Web
|-unboost|p1a: Sp def|spe|1
|
|-heal|p1a: Sp def|64/100|[from] item: Leftovers
|upkeep
|turn|78
|
|t:|1757791382
|switch|p1a: wish + def|Alomomola, M|100/100 brn
|-activate|p1a: wish + def|move: Sticky Web
|-unboost|p1a: wish + def|spe|1
|move|p2a: Cinderace|Pyro Ball|p1a: wish + def|[miss]
|-miss|p2a: Cinderace|p1a: wish + def
|
|-damage|p1a: wish + def|94/100 brn|[from] brn
|upkeep
|turn|79
|
|t:|1757791406
|switch|p2a: Masquerain|Masquerain, M|35/100
|-ability|p2a: Masquerain|Intimidate|boost
|-unboost|p1a: wish + def|atk|1
|move|p1a: wish + def|Wish|p1a: wish + def
|
|-heal|p1a: wish + def|100/100 brn|[from] item: Leftovers
|-damage|p1a: wish + def|94/100 brn|[from] brn
|upkeep
|turn|80
|c|☆zelklie|stall is annoying
|c|☆themeestermoofin|I know right
|c|☆zelklie|my team isnt built to counter it
|c|☆zelklie|because peoplem who use it are pussies
|
|t:|1757791455
|switch|p2a: Gholdengo|Gholdengo|60/100 brn
|switch|p1a: Hazards bye bye|Corviknight, M|52/100
|
|-heal|p1a: Hazards bye bye|100/100|[from] move: Wish|[wisher] wish + def
|-heal|p2a: Gholdengo|67/100 brn|[from] item: Leftovers
|-damage|p2a: Gholdengo|60/100 brn|[from] brn
|upkeep
|turn|81
|c|☆themeestermoofin|i just use it to get back at the ppl that did it do me
|c|☆themeestermoofin|bruh
|c|☆themeestermoofin|I needs change body press for iron head
|
|t:|1757791481
|switch|p1a: Sp def|Blissey, F|64/100
|-activate|p1a: Sp def|move: Sticky Web
|-unboost|p1a: Sp def|spe|1
|move|p2a: Gholdengo|Make It Rain|p1a: Sp def
|-damage|p1a: Sp def|46/100
|-unboost|p2a: Gholdengo|spa|1
|
|-heal|p2a: Gholdengo|67/100 brn|[from] item: Leftovers
|-heal|p1a: Sp def|52/100|[from] item: Leftovers
|-damage|p2a: Gholdengo|60/100 brn|[from] brn
|upkeep
|turn|82
|
|t:|1757791493
|switch|p2a: Cinderace|Cinderace, F|84/100 par
|move|p1a: Sp def|Soft-Boiled|p1a: Sp def
|-heal|p1a: Sp def|100/100
|
|upkeep
|turn|83
|c|☆zelklie|should never use it period
|
|t:|1757791522
|switch|p1a: wish + def|Alomomola, M|100/100 brn
|-activate|p1a: wish + def|move: Sticky Web
|-unboost|p1a: wish + def|spe|1
|move|p2a: Cinderace|U-turn|p1a: wish + def
|-start|p2a: Cinderace|typechange|Bug|[from] ability: Libero
|-damage|p1a: wish + def|81/100 brn
|c|☆themeestermoofin|I mean
|c|☆themeestermoofin|kinda fair
|c|☆themeestermoofin|ye
|c|☆themeestermoofin|lol
|
|t:|1757791534
|switch|p2a: Dragapult|Dragapult, M, tera:Water|23/100 tox|[from] U-turn
|
|-heal|p1a: wish + def|87/100 brn|[from] item: Leftovers
|-damage|p2a: Dragapult|17/100 tox|[from] psn
|-damage|p1a: wish + def|81/100 brn|[from] brn
|upkeep
|turn|84
|
|t:|1757791560
|switch|p1a: Sp def|Blissey, F|100/100
|-activate|p1a: Sp def|move: Sticky Web
|-unboost|p1a: Sp def|spe|1
|move|p2a: Dragapult|Draco Meteor|p1a: Sp def
|-damage|p1a: Sp def|73/100
|-unboost|p2a: Dragapult|spa|2
|
|-heal|p1a: Sp def|80/100|[from] item: Leftovers
|-damage|p2a: Dragapult|5/100 tox|[from] psn
|upkeep
|turn|85
|c|☆themeestermoofin|finally pults dead
|
|t:|1757791578
|move|p2a: Dragapult|Draco Meteor|p1a: Sp def
|-crit|p1a: Sp def
|-damage|p1a: Sp def|38/100
|-unboost|p2a: Dragapult|spa|2
|move|p1a: Sp def|Light Screen|p1a: Sp def
|-sidestart|p1: themeestermoofin|move: Light Screen
|
|-heal|p1a: Sp def|44/100|[from] item: Leftovers
|-damage|p2a: Dragapult|0 fnt|[from] psn
|faint|p2a: Dragapult
|upkeep
|n|!zelklie|zelklie
|c|☆themeestermoofin|OW
|
|t:|1757791589
|switch|p2a: Cinderace|Cinderace, F|84/100 par
|turn|86
|
|t:|1757791596
|switch|p2a: Gholdengo|Gholdengo|60/100 brn
|switch|p1a: wish + def|Alomomola, M|100/100 brn
|-activate|p1a: wish + def|move: Sticky Web
|-unboost|p1a: wish + def|spe|1
|
|-heal|p2a: Gholdengo|67/100 brn|[from] item: Leftovers
|-damage|p2a: Gholdengo|60/100 brn|[from] brn
|-damage|p1a: wish + def|94/100 brn|[from] brn
|upkeep
|turn|87
|
|t:|1757791621
|switch|p1a: Sp def|Blissey, F|44/100
|-activate|p1a: Sp def|move: Sticky Web
|-unboost|p1a: Sp def|spe|1
|move|p2a: Gholdengo|Shadow Ball|p1a: Sp def
|-immune|p1a: Sp def
|
|-heal|p2a: Gholdengo|67/100 brn|[from] item: Leftovers
|-heal|p1a: Sp def|50/100|[from] item: Leftovers
|-damage|p2a: Gholdengo|60/100 brn|[from] brn
|upkeep
|turn|88
|c|☆themeestermoofin|alo + blissey is an insane comp
|
|t:|1757791635
|switch|p2a: Masquerain|Masquerain, M|35/100
|-ability|p2a: Masquerain|Intimidate|boost
|-unboost|p1a: Sp def|atk|1
|move|p1a: Sp def|Soft-Boiled|p1a: Sp def
|-heal|p1a: Sp def|99/100
|
|-heal|p1a: Sp def|100/100|[from] item: Leftovers
|upkeep
|turn|89
|
|t:|1757791660
|switch|p1a: Hazards bye bye|Corviknight, M|100/100
|move|p2a: Masquerain|U-turn|p1a: Hazards bye bye
|-resisted|p1a: Hazards bye bye
|-damage|p1a: Hazards bye bye|98/100
|-damage|p2a: Masquerain|18/100|[from] item: Rocky Helmet|[of] p1a: Hazards bye bye
|-message|zelklie forfeited.
|
|win|themeestermoofin
|raw|themeestermoofin's rating: 1091 &rarr; <strong>1120</strong><br />(+29 for winning)
|raw|zelklie's rating: 1122 &rarr; <strong>1095</strong><br />(-27 for losing)
|l|!zelklie
|player|p2|
|c|☆themeestermoofin|gg
