|j|☆undertalethemovie
|j|☆jeremy202024
|t:|1757909152
|gametype|singles
|player|p1|undertalethemovie|n|1274
|player|p2|jeremy202024|dawn|1211
|gen|9
|tier|[Gen 9] OU
|rated|
|rule|HP Percentage Mod: HP is shown in percentages
|rule|Endless Battle Clause: Forcing endless battles is banned
|rule|Species Clause: Limit one of each Pokémon
|rule|OHKO Clause: OHKO moves are banned
|rule|Evasion Items Clause: Evasion items are banned
|rule|Evasion Moves Clause: Evasion moves are banned
|rule|Evasion Abilities Clause: Evasion abilities are banned
|rule|Sleep Moves Clause: Sleep-inducing moves are banned
|clearpoke
|poke|p1|Clodsire, F|
|poke|p1|Ogerpon-Wellspring, F|
|poke|p1|Zoroark-Hisui, F|
|poke|p1|Zamazenta-*|
|poke|p1|Cinderace, F|
|poke|p1|Deoxys-Speed|
|poke|p2|Mimikyu, F|
|poke|p2|Ogerpon-Wellspring, F|
|poke|p2|Dragonite, M|
|poke|p2|Darkrai|
|poke|p2|Primarina, M|
|poke|p2|Landorus-Therian, M|
|teampreview
|inactive|Battle timer is ON: inactive players will automatically lose when time's up. (requested by jeremy202024)
|
|t:|1757909191
|teamsize|p1|6
|teamsize|p2|6
|start
|switch|p1a: Minami Torishima|Deoxys-Speed|100/100
|switch|p2a: Primarina|Primarina, M|100/100
|-ability|p1a: Minami Torishima|Pressure
|turn|1
|
|t:|1757909196
|move|p1a: Minami Torishima|Energy Ball|p2a: Primarina
|-supereffective|p2a: Primarina
|-damage|p2a: Primarina|54/100
|move|p2a: Primarina|Surf|p1a: Minami Torishima
|-damage|p1a: Minami Torishima|22/100
|
|upkeep
|turn|2
|
|t:|1757909202
|move|p2a: Primarina|Aqua Jet|p1a: Minami Torishima
|-damage|p1a: Minami Torishima|6/100
|move|p1a: Minami Torishima|Energy Ball|p2a: Primarina
|-supereffective|p2a: Primarina
|-damage|p2a: Primarina|5/100
|
|upkeep
|turn|3
|
|t:|1757909206
|switch|p1a: The Writer|Ogerpon-Wellspring, F|100/100
|move|p2a: Primarina|Aqua Jet|p1a: The Writer
|-immune|p1a: The Writer|[from] ability: Water Absorb
|
|upkeep
|turn|4
|
|t:|1757909210
|-terastallize|p1a: The Writer|Water
|detailschange|p1a: The Writer|Ogerpon-Wellspring-Tera, F, tera:Water
|-ability|p1a: The Writer|Embody Aspect (Wellspring)|boost
|-boost|p1a: The Writer|spd|1
|move|p1a: The Writer|Ivy Cudgel|p2a: Primarina|[anim] Ivy Cudgel Water
|-resisted|p2a: Primarina
|-damage|p2a: Primarina|0 fnt
|faint|p2a: Primarina
|
|upkeep
|
|t:|1757909220
|switch|p2a: Ogerpon|Ogerpon-Wellspring, F|100/100
|turn|5
|
|t:|1757909223
|move|p2a: Ogerpon|Power Whip|p1a: The Writer
|-supereffective|p1a: The Writer
|-damage|p1a: The Writer|0 fnt
|faint|p1a: The Writer
|detailschange|p1: The Writer|Ogerpon-Wellspring, F|[silent]
|
|upkeep
|
|t:|1757909226
|switch|p1a: Ingerland|Cinderace, F|100/100
|turn|6
|
|t:|1757909232
|move|p1a: Ingerland|U-turn|p2a: Ogerpon
|-start|p1a: Ingerland|typechange|Bug|[from] ability: Libero
|-supereffective|p2a: Ogerpon
|-damage|p2a: Ogerpon|17/100
|
|t:|1757909239
|switch|p1a: Pokemon Shield|Zamazenta|100/100|[from] U-turn
|-ability|p1a: Pokemon Shield|Dauntless Shield|boost
|-boost|p1a: Pokemon Shield|def|1
|move|p2a: Ogerpon|Ivy Cudgel|p1a: Pokemon Shield|[anim] Ivy Cudgel Water
|-damage|p1a: Pokemon Shield|62/100
|
|-heal|p1a: Pokemon Shield|68/100|[from] item: Leftovers
|upkeep
|turn|7
|
|t:|1757909247
|move|p1a: Pokemon Shield|Crunch|p2a: Ogerpon
|-damage|p2a: Ogerpon|0 fnt
|faint|p2a: Ogerpon
|
|-heal|p1a: Pokemon Shield|74/100|[from] item: Leftovers
|upkeep
|
|t:|1757909263
|switch|p2a: Mimikyu|Mimikyu, F|100/100
|turn|8
|
|t:|1757909272
|switch|p1a: Mumbo|Clodsire, F|100/100
|-item|p1a: Mumbo|Air Balloon
|move|p2a: Mimikyu|Play Rough|p1a: Mumbo|[miss]
|-miss|p2a: Mimikyu|p1a: Mumbo
|
|upkeep
|turn|9
|
|t:|1757909279
|switch|p2a: Darkrai|Darkrai|100/100
|move|p1a: Mumbo|Hex|p2a: Darkrai
|-resisted|p2a: Darkrai
|-damage|p2a: Darkrai|77/100
|
|upkeep
|turn|10
|
|t:|1757909287
|switch|p1a: Mumbo|Clodsire, F|100/100
|-item|p1a: Mumbo|Air Balloon
|-terastallize|p2a: Darkrai|Poison
|move|p2a: Darkrai|Trick|p1a: Mumbo
|-activate|p2a: Darkrai|move: Trick|[of] p1a: Mumbo
|-item|p1a: Mumbo|Choice Scarf|[from] move: Trick
|-item|p2a: Darkrai|Air Balloon
|-item|p2a: Darkrai|Air Balloon|[from] move: Trick
|
|upkeep
|turn|11
|
|t:|1757909308
|move|p2a: Darkrai|Ice Beam|p1a: Mumbo
|-supereffective|p1a: Mumbo
|-damage|p1a: Mumbo|66/100
|-status|p1a: Mumbo|frz
|cant|p1a: Mumbo|frz
|
|upkeep
|turn|12
|
|t:|1757909316
|switch|p2a: Dragonite|Dragonite, M|100/100
|switch|p1a: Mumbo|Clodsire, F|100/100
|-item|p1a: Mumbo|Air Balloon
|
|upkeep
|turn|13
|
|t:|1757909334
|move|p1a: Mumbo|Will-O-Wisp|p2a: Dragonite
|-status|p2a: Dragonite|brn
|move|p2a: Dragonite|Ice Spinner|p1a: Mumbo
|-crit|p1a: Mumbo
|-damage|p1a: Mumbo|56/100
|replace|p1a: Revolver|Zoroark-Hisui, F, shiny
|-end|p1a: Revolver|Illusion
|-enditem|p1a: Revolver|Air Balloon
|
|-damage|p2a: Dragonite|94/100 brn|[from] brn
|upkeep
|turn|14
|
|t:|1757909340
|move|p1a: Revolver|Hex|p2a: Dragonite
|-damage|p2a: Dragonite|21/100 brn
|move|p2a: Dragonite|Dragon Dance|p2a: Dragonite
|-boost|p2a: Dragonite|atk|1
|-boost|p2a: Dragonite|spe|1
|
|-damage|p2a: Dragonite|14/100 brn|[from] brn
|upkeep
|turn|15
|
|t:|1757909345
|move|p1a: Revolver|Detect|p1a: Revolver
|-singleturn|p1a: Revolver|Protect
|move|p2a: Dragonite|Earthquake|p1a: Revolver
|-activate|p1a: Revolver|move: Protect
|
|-damage|p2a: Dragonite|8/100 brn|[from] brn
|upkeep
|turn|16
|
|t:|1757909349
|move|p1a: Revolver|Shadow Sneak|p2a: Dragonite
|-damage|p2a: Dragonite|0 fnt
|faint|p2a: Dragonite
|
|upkeep
|
|t:|1757909358
|switch|p2a: Darkrai|Darkrai, tera:Poison|77/100
|-item|p2a: Darkrai|Air Balloon
|turn|17
|
|t:|1757909362
|move|p1a: Revolver|Shadow Sneak|p2a: Darkrai
|-damage|p2a: Darkrai|61/100
|-enditem|p2a: Darkrai|Air Balloon
|move|p2a: Darkrai|Dark Pulse|p1a: Revolver
|-supereffective|p1a: Revolver
|-damage|p1a: Revolver|0 fnt
|faint|p1a: Revolver
|
|upkeep
|
|t:|1757909365
|switch|p1a: Minami Torishima|Deoxys-Speed|6/100
|-ability|p1a: Minami Torishima|Pressure
|turn|18
|
|t:|1757909375
|move|p1a: Minami Torishima|Psycho Boost|p2a: Darkrai
|-supereffective|p2a: Darkrai
|-damage|p2a: Darkrai|0 fnt
|-unboost|p1a: Minami Torishima|spa|2
|faint|p2a: Darkrai
|
|upkeep
|
|t:|1757909378
|switch|p2a: Mimikyu|Mimikyu, F|100/100
|turn|19
|
|t:|1757909389
|switch|p1a: Ingerland|Cinderace, F|100/100
|move|p2a: Mimikyu|Play Rough|p1a: Ingerland
|-resisted|p1a: Ingerland
|-damage|p1a: Ingerland|66/100
|-damage|p2a: Mimikyu|91/100|[from] item: Life Orb
|
|upkeep
|turn|20
|
|t:|1757909394
|move|p1a: Ingerland|U-turn|p2a: Mimikyu
|-start|p1a: Ingerland|typechange|Bug|[from] ability: Libero
|-activate|p2a: Mimikyu|ability: Disguise
|-damage|p2a: Mimikyu|91/100
|detailschange|p2a: Mimikyu|Mimikyu-Busted, F
|-damage|p2a: Mimikyu|78/100|[from] pokemon: Mimikyu-Busted
|
|t:|1757909396
|switch|p1a: Mumbo|Clodsire, F|66/100 frz|[from] U-turn
|move|p2a: Mimikyu|Shadow Claw|p1a: Mumbo
|-crit|p1a: Mumbo
|-damage|p1a: Mumbo|4/100 frz
|-damage|p2a: Mimikyu|68/100|[from] item: Life Orb
|
|upkeep
|turn|21
|
|t:|1757909403
|move|p2a: Mimikyu|Play Rough|p1a: Mumbo
|-resisted|p1a: Mumbo
|-damage|p1a: Mumbo|0 fnt
|faint|p1a: Mumbo
|-damage|p2a: Mimikyu|58/100|[from] item: Life Orb
|
|upkeep
|
|t:|1757909408
|switch|p1a: Minami Torishima|Deoxys-Speed|6/100
|-ability|p1a: Minami Torishima|Pressure
|turn|22
|
|t:|1757909415
|switch|p1a: Ingerland|Cinderace, F|66/100
|move|p2a: Mimikyu|Shadow Sneak|p1a: Ingerland
|-damage|p1a: Ingerland|33/100
|-damage|p2a: Mimikyu|48/100|[from] item: Life Orb
|
|upkeep
|turn|23
|
|t:|1757909419
|move|p2a: Mimikyu|Shadow Sneak|p1a: Ingerland
|-crit|p1a: Ingerland
|-damage|p1a: Ingerland|0 fnt
|faint|p1a: Ingerland
|-damage|p2a: Mimikyu|38/100|[from] item: Life Orb
|
|upkeep
|
|t:|1757909421
|switch|p1a: Pokemon Shield|Zamazenta|74/100
|turn|24
|
|t:|1757909423
|move|p1a: Pokemon Shield|Crunch|p2a: Mimikyu
|-damage|p2a: Mimikyu|0 fnt
|faint|p2a: Mimikyu
|
|-heal|p1a: Pokemon Shield|80/100|[from] item: Leftovers
|upkeep
|
|t:|1757909425
|switch|p2a: Landorus|Landorus-Therian, M|100/100
|-ability|p2a: Landorus|Intimidate|boost
|-unboost|p1a: Pokemon Shield|atk|1
|turn|25
|
|t:|1757909431
|move|p1a: Pokemon Shield|Iron Head|p2a: Landorus
|-damage|p2a: Landorus|81/100
|-damage|p1a: Pokemon Shield|64/100|[from] item: Rocky Helmet|[of] p2a: Landorus
|cant|p2a: Landorus|flinch
|
|-heal|p1a: Pokemon Shield|70/100|[from] item: Leftovers
|upkeep
|turn|26
|
|t:|1757909435
|move|p1a: Pokemon Shield|Iron Head|p2a: Landorus
|-damage|p2a: Landorus|63/100
|-damage|p1a: Pokemon Shield|53/100|[from] item: Rocky Helmet|[of] p2a: Landorus
|move|p2a: Landorus|Earth Power|p1a: Pokemon Shield
|-damage|p1a: Pokemon Shield|23/100
|
|-heal|p1a: Pokemon Shield|29/100|[from] item: Leftovers
|upkeep
|turn|27
|
|t:|1757909441
|move|p1a: Pokemon Shield|Iron Head|p2a: Landorus
|-damage|p2a: Landorus|43/100
|-damage|p1a: Pokemon Shield|13/100|[from] item: Rocky Helmet|[of] p2a: Landorus
|move|p2a: Landorus|Earth Power|p1a: Pokemon Shield
|-damage|p1a: Pokemon Shield|0 fnt
|faint|p1a: Pokemon Shield
|
|upkeep
|
|t:|1757909443
|switch|p1a: Minami Torishima|Deoxys-Speed|6/100
|-ability|p1a: Minami Torishima|Pressure
|turn|28
|
|t:|1757909445
|move|p1a: Minami Torishima|Ice Beam|p2a: Landorus
|-supereffective|p2a: Landorus
|-damage|p2a: Landorus|0 fnt
|faint|p2a: Landorus
|
|win|undertalethemovie
|raw|undertalethemovie's rating: 1274 &rarr; <strong>1295</strong><br />(+21 for winning)
|raw|jeremy202024's rating: 1211 &rarr; <strong>1190</strong><br />(-21 for losing)
|l|☆undertalethemovie
|player|p1|
|l|☆jeremy202024
|player|p2|
