|j|☆Ostenberg
|j|☆chibronlaser
|t:|1757833732
|gametype|singles
|player|p1|Ostenberg|265|1247
|player|p2|chibronlaser|1|1241
|gen|9
|tier|[Gen 9] OU
|rated|
|rule|HP Percentage Mod: HP is shown in percentages
|rule|Endless Battle Clause: Forcing endless battles is banned
|rule|Species Clause: Limit one of each Pokémon
|rule|OHKO Clause: OHKO moves are banned
|rule|Evasion Items Clause: Evasion items are banned
|rule|Evasion Moves Clause: Evasion moves are banned
|rule|Evasion Abilities Clause: Evasion abilities are banned
|rule|Sleep Moves Clause: Sleep-inducing moves are banned
|clearpoke
|poke|p1|Serperior, M|
|poke|p1|Greninja-*, M|
|poke|p1|Metagross|
|poke|p1|Gyarados, F|
|poke|p1|Blaziken, M|
|poke|p1|Scizor, F|
|poke|p2|Ceruledge, F|
|poke|p2|Rotom-Wash|
|poke|p2|Scizor, F|
|poke|p2|Iron Moth|
|poke|p2|Iron Valiant|
|poke|p2|Kingambit, M|
|teampreview
|inactive|Battle timer is ON: inactive players will automatically lose when time's up. (requested by chibronlaser)
|inactive|Ostenberg has 120 seconds left.
|
|t:|1757833771
|teamsize|p1|6
|teamsize|p2|6
|start
|switch|p1a: Serperior|Serperior, M|100/100
|switch|p2a: Rotom|Rotom-Wash|100/100
|turn|1
|
|t:|1757833783
|switch|p2a: Kingambit|Kingambit, M|100/100
|move|p1a: Serperior|Leaf Storm|p2a: Kingambit
|-resisted|p2a: Kingambit
|-damage|p2a: Kingambit|76/100
|-boost|p1a: Serperior|spa|2
|
|-heal|p2a: Kingambit|83/100|[from] item: Leftovers
|upkeep
|turn|2
|
|t:|1757833798
|move|p1a: Serperior|Leaf Storm|p2a: Kingambit
|-resisted|p2a: Kingambit
|-damage|p2a: Kingambit|40/100
|-boost|p1a: Serperior|spa|2
|move|p2a: Kingambit|Kowtow Cleave|p1a: Serperior
|-damage|p1a: Serperior|40/100
|
|-heal|p2a: Kingambit|46/100|[from] item: Leftovers
|upkeep
|turn|3
|
|t:|1757833809
|move|p2a: Kingambit|Sucker Punch|p1a: Serperior
|-damage|p1a: Serperior|0 fnt
|faint|p1a: Serperior
|
|-heal|p2a: Kingambit|52/100|[from] item: Leftovers
|upkeep
|
|t:|1757833820
|switch|p1a: Blaziken|Blaziken, M|100/100
|turn|4
|
|t:|1757833825
|-end|p2a: Kingambit|fallenundefined|[silent]
|switch|p2a: Rotom|Rotom-Wash|100/100
|move|p1a: Blaziken|Swords Dance|p1a: Blaziken
|-boost|p1a: Blaziken|atk|2
|
|-ability|p1a: Blaziken|Speed Boost|boost
|-boost|p1a: Blaziken|spe|1
|upkeep
|turn|5
|
|t:|1757833835
|move|p1a: Blaziken|Protect|p1a: Blaziken
|-singleturn|p1a: Blaziken|Protect
|move|p2a: Rotom|Trick|p1a: Blaziken
|-activate|p1a: Blaziken|move: Protect
|
|-ability|p1a: Blaziken|Speed Boost|boost
|-boost|p1a: Blaziken|spe|1
|upkeep
|turn|6
|
|t:|1757833854
|move|p1a: Blaziken|Close Combat|p2a: Rotom
|-damage|p2a: Rotom|4/100
|-unboost|p1a: Blaziken|def|1
|-unboost|p1a: Blaziken|spd|1
|move|p2a: Rotom|Trick|p1a: Blaziken
|-activate|p2a: Rotom|move: Trick|[of] p1a: Blaziken
|-item|p1a: Blaziken|Choice Scarf|[from] move: Trick
|-item|p2a: Rotom|Focus Sash|[from] move: Trick
|
|-ability|p1a: Blaziken|Speed Boost|boost
|-boost|p1a: Blaziken|spe|1
|upkeep
|turn|7
|
|t:|1757833872
|move|p1a: Blaziken|Close Combat|p2a: Rotom
|-damage|p2a: Rotom|0 fnt
|-unboost|p1a: Blaziken|def|1
|-unboost|p1a: Blaziken|spd|1
|faint|p2a: Rotom
|
|-ability|p1a: Blaziken|Speed Boost|boost
|-boost|p1a: Blaziken|spe|1
|upkeep
|
|t:|1757833881
|switch|p2a: Ceruledge|Ceruledge, F|100/100
|turn|8
|
|t:|1757833893
|switch|p1a: Metagross|Metagross|100/100
|move|p2a: Ceruledge|Swords Dance|p2a: Ceruledge
|-boost|p2a: Ceruledge|atk|2
|
|upkeep
|turn|9
|
|t:|1757833901
|move|p2a: Ceruledge|Bitter Blade|p1a: Metagross
|-supereffective|p1a: Metagross
|-damage|p1a: Metagross|0 fnt
|-damage|p2a: Ceruledge|84/100|[from] item: Rocky Helmet|[of] p1a: Metagross
|faint|p1a: Metagross
|
|upkeep
|inactive|Ostenberg has 120 seconds left.
|
|t:|1757833929
|switch|p1a: Greninja|Greninja, M|100/100
|turn|10
|
|t:|1757833938
|move|p1a: Greninja|Surf|p2a: Ceruledge
|-supereffective|p2a: Ceruledge
|-damage|p2a: Ceruledge|0 fnt
|faint|p2a: Ceruledge
|-ability|p1a: Greninja|Battle Bond|boost
|-boost|p1a: Greninja|atk|1
|-boost|p1a: Greninja|spa|1
|-boost|p1a: Greninja|spe|1
|-activate|p1a: Greninja|ability: Battle Bond
|
|upkeep
|
|t:|1757833948
|switch|p2a: Iron Valiant|Iron Valiant|100/100
|-enditem|p2a: Iron Valiant|Booster Energy
|-activate|p2a: Iron Valiant|ability: Quark Drive|[fromitem]
|-start|p2a: Iron Valiant|quarkdrivespe
|turn|11
|
|t:|1757833968
|move|p1a: Greninja|Sludge Wave|p2a: Iron Valiant
|-supereffective|p2a: Iron Valiant
|-damage|p2a: Iron Valiant|0 fnt
|faint|p2a: Iron Valiant
|-end|p2a: Iron Valiant|Quark Drive|[silent]
|
|upkeep
|
|t:|1757833974
|switch|p2a: Iron Moth|Iron Moth|100/100
|turn|12
|inactive|Ostenberg has 120 seconds left.
|
|t:|1757834000
|-terastallize|p2a: Iron Moth|Grass
|move|p1a: Greninja|Surf|p2a: Iron Moth
|-resisted|p2a: Iron Moth
|-damage|p2a: Iron Moth|69/100
|move|p2a: Iron Moth|Agility|p2a: Iron Moth
|-boost|p2a: Iron Moth|spe|2
|
|upkeep
|turn|13
|inactive|Ostenberg has 120 seconds left.
|
|t:|1757834010
|move|p2a: Iron Moth|Energy Ball|p1a: Greninja
|-supereffective|p1a: Greninja
|-damage|p1a: Greninja|0 fnt
|faint|p1a: Greninja
|
|upkeep
|
|t:|1757834035
|switch|p1a: Gyarados|Gyarados, F|100/100
|-ability|p1a: Gyarados|Intimidate|boost
|-unboost|p2a: Iron Moth|atk|1
|turn|14
|
|t:|1757834051
|move|p2a: Iron Moth|Meteor Beam||[still]
|-prepare|p2a: Iron Moth|Meteor Beam
|-boost|p2a: Iron Moth|spa|1
|-enditem|p2a: Iron Moth|Power Herb
|-anim|p2a: Iron Moth|Meteor Beam|p1a: Gyarados|[miss]
|-miss|p2a: Iron Moth|p1a: Gyarados
|move|p1a: Gyarados|Earthquake|p2a: Iron Moth
|-resisted|p2a: Iron Moth
|-damage|p2a: Iron Moth|39/100
|
|upkeep
|turn|15
|inactive|Ostenberg has 90 seconds left.
|
|t:|1757834066
|move|p2a: Iron Moth|Energy Ball|p1a: Gyarados
|-damage|p1a: Gyarados|37/100
|move|p1a: Gyarados|Temper Flare|p2a: Iron Moth
|-supereffective|p2a: Iron Moth
|-damage|p2a: Iron Moth|0 fnt
|faint|p2a: Iron Moth
|-end|p2a: Iron Moth|Quark Drive|[silent]
|
|upkeep
|
|t:|1757834075
|switch|p2a: Kingambit|Kingambit, M|52/100
|-activate|p2a: Kingambit|ability: Supreme Overlord
|-start|p2a: Kingambit|fallen4|[silent]
|turn|16
|
|t:|1757834086
|switch|p1a: Scizor|Scizor, F|100/100
|move|p2a: Kingambit|Kowtow Cleave|p1a: Scizor
|-damage|p1a: Scizor|27/100
|-damage|p2a: Kingambit|35/100|[from] item: Rocky Helmet|[of] p1a: Scizor
|
|-heal|p2a: Kingambit|42/100|[from] item: Leftovers
|upkeep
|turn|17
|inactive|Ostenberg has 90 seconds left.
|
|t:|1757834102
|-end|p2a: Kingambit|fallen4|[silent]
|switch|p2a: Scizor|Scizor, F|100/100
|move|p1a: Scizor|Bullet Punch|p2a: Scizor
|-resisted|p2a: Scizor
|-damage|p2a: Scizor|83/100
|
|-heal|p2a: Scizor|89/100|[from] item: Leftovers
|upkeep
|turn|18
|inactive|Ostenberg has 90 seconds left.
|
|t:|1757834128
|move|p1a: Scizor|Dual Wingbeat|p2a: Scizor
|-damage|p2a: Scizor|66/100
|-damage|p2a: Scizor|45/100
|-hitcount|p2a: Scizor|2
|move|p2a: Scizor|Close Combat|p1a: Scizor
|-damage|p1a: Scizor|0 fnt
|-unboost|p2a: Scizor|def|1
|-unboost|p2a: Scizor|spd|1
|-damage|p2a: Scizor|28/100|[from] item: Rocky Helmet|[of] p1a: Scizor
|faint|p1a: Scizor
|
|-heal|p2a: Scizor|34/100|[from] item: Leftovers
|upkeep
|
|t:|1757834148
|switch|p1a: Gyarados|Gyarados, F|37/100
|-ability|p1a: Gyarados|Intimidate|boost
|-unboost|p2a: Scizor|atk|1
|turn|19
|
|t:|1757834154
|move|p2a: Scizor|Bullet Punch|p1a: Gyarados
|-resisted|p1a: Gyarados
|-damage|p1a: Gyarados|25/100
|-damage|p2a: Scizor|18/100|[from] item: Rocky Helmet|[of] p1a: Gyarados
|move|p1a: Gyarados|Temper Flare|p2a: Scizor
|-supereffective|p2a: Scizor
|-damage|p2a: Scizor|0 fnt
|faint|p2a: Scizor
|
|upkeep
|
|t:|1757834164
|switch|p2a: Kingambit|Kingambit, M|42/100
|-activate|p2a: Kingambit|ability: Supreme Overlord
|-start|p2a: Kingambit|fallen5|[silent]
|turn|20
|
|t:|1757834174
|move|p2a: Kingambit|Sucker Punch|p1a: Gyarados
|-damage|p1a: Gyarados|0 fnt
|-damage|p2a: Kingambit|25/100|[from] item: Rocky Helmet|[of] p1a: Gyarados
|faint|p1a: Gyarados
|
|-heal|p2a: Kingambit|31/100|[from] item: Leftovers
|upkeep
|
|t:|1757834182
|switch|p1a: Blaziken|Blaziken, M|100/100
|turn|21
|
|t:|1757834187
|move|p1a: Blaziken|Protect|p1a: Blaziken
|-singleturn|p1a: Blaziken|Protect
|move|p2a: Kingambit|Sucker Punch||[still]
|-fail|p2a: Kingambit
|
|-heal|p2a: Kingambit|37/100|[from] item: Leftovers
|-ability|p1a: Blaziken|Speed Boost|boost
|-boost|p1a: Blaziken|spe|1
|upkeep
|turn|22
|inactive|Ostenberg has 90 seconds left.
|-message|Ostenberg forfeited.
|
|win|chibronlaser
|raw|Ostenberg's rating: 1247 &rarr; <strong>1222</strong><br />(-25 for losing)
|raw|chibronlaser's rating: 1241 &rarr; <strong>1266</strong><br />(+25 for winning)
|l|☆Ostenberg
|player|p1|
|l|☆chibronlaser
|player|p2|
