|j|☆despotia
|j|☆Gourgeist Mega
|t:|1757963831
|gametype|singles
|player|p1|despotia|gardenia-masters|
|player|p2|Gourgeist Mega|pokemonbreederf-gen4|
|gen|9
|tier|[Gen 9] OU
|rated|Tournament battle
|rule|HP Percentage Mod: HP is shown in percentages
|rule|Endless Battle Clause: Forcing endless battles is banned
|rule|OHKO Clause: OHKO moves are banned
|rule|Evasion Items Clause: Evasion items are banned
|rule|Evasion Moves Clause: Evasion moves are banned
|rule|Evasion Abilities Clause: Evasion abilities are banned
|rule|Sleep Moves Clause: Sleep-inducing moves are banned
|rule|Bonus Type Mod: Pokémon have their Tera Type added onto their current ones.
|raw|<div class="infobox"><details class="readmore" open><summary><strong>3 custom rules:</strong></summary> bonustypemod, minlevel=100, !speciesclause</details></div>
|clearpoke
|poke|p1|Litleo, F|
|poke|p1|Piloswine, F|
|poke|p1|Lucario, F|
|poke|p2|Pichu, F|
|poke|p2|Brionne, M|
|poke|p2|Toxicroak, F|
|teampreview
|inactive|Battle timer is ON: inactive players will automatically lose when time's up. (requested by despotia)
|inactive|Gourgeist Mega also wants the timer to be on.
|c|☆despotia|glhf
|c|☆Gourgeist Mega|Hf'
|
|t:|1757963845
|teamsize|p1|3
|teamsize|p2|3
|start
|switch|p1a: golden furr|Piloswine, F, shiny|100/100
|switch|p2a: Gustave|Brionne, M|100/100
|-start|p2a: Gustave|typechange|Water/Fairy|[silent]
|-start|p1a: golden furr|typechange|Ice/Ground/Water|[silent]
|-start|p1a: golden furr|typechange|Ice/Ground/Water|[silent]
|-start|p2a: Gustave|typechange|Water/Fairy|[silent]
|turn|1
|
|t:|1757963859
|move|p2a: Gustave|Moonblast|p1a: golden furr
|-damage|p1a: golden furr|67/100
|-unboost|p1a: golden furr|spa|1
|move|p1a: golden furr|Stealth Rock|p2a: Gustave
|-sidestart|p2: Gourgeist Mega|move: Stealth Rock
|
|upkeep
|turn|2
|
|t:|1757963864
|move|p1a: golden furr|Earthquake|p2a: Gustave
|-damage|p2a: Gustave|55/100
|move|p2a: Gustave|Flip Turn|p1a: golden furr
|-damage|p1a: golden furr|58/100
|
|t:|1757963875
|switch|p2a: Charles|Pichu, F|100/100|[from] Flip Turn
|-damage|p2a: Charles|75/100|[from] Stealth Rock
|-start|p2a: Charles|typechange|Electric/Flying|[silent]
|
|upkeep
|-start|p2a: Charles|typechange|Electric/Flying|[silent]
|turn|3
|
|t:|1757963888
|move|p2a: Charles|Encore|p1a: golden furr
|-start|p1a: golden furr|Encore
|move|p1a: golden furr|Earthquake|p2a: Charles
|-immune|p2a: Charles
|
|upkeep
|turn|4
|
|t:|1757963893
|switch|p1a: léon|Litleo, F, shiny|100/100
|-ability|p1a: léon|Unnerve
|-start|p1a: léon|typechange|Fire/Normal/Water|[silent]
|move|p2a: Charles|Light Screen|p2a: Charles
|-sidestart|p2: Gourgeist Mega|move: Light Screen
|
|upkeep
|-start|p1a: léon|typechange|Fire/Normal/Water|[silent]
|turn|5
|
|t:|1757963899
|switch|p1a: golden furr|Piloswine, F, shiny|58/100
|-start|p1a: golden furr|typechange|Ice/Ground/Water|[silent]
|move|p2a: Charles|Nuzzle|p1a: golden furr
|-immune|p1a: golden furr
|
|upkeep
|-start|p1a: golden furr|typechange|Ice/Ground/Water|[silent]
|turn|6
|
|t:|1757963905
|move|p2a: Charles|Reflect|p2a: Charles
|-sidestart|p2: Gourgeist Mega|Reflect
|move|p1a: golden furr|Icicle Crash|p2a: Charles
|-supereffective|p2a: Charles
|-crit|p2a: Charles
|-damage|p2a: Charles|0 fnt
|faint|p2a: Charles
|
|upkeep
|
|t:|1757963908
|switch|p2a: Henri|Toxicroak, F|100/100
|-damage|p2a: Henri|94/100|[from] Stealth Rock
|-start|p2a: Henri|typechange|Poison/Fighting/Dark|[silent]
|-start|p2a: Henri|typechange|Poison/Fighting/Dark|[silent]
|turn|7
|
|t:|1757963912
|move|p2a: Henri|Swords Dance|p2a: Henri
|-boost|p2a: Henri|atk|2
|move|p1a: golden furr|Earthquake|p2a: Henri
|-supereffective|p2a: Henri
|-damage|p2a: Henri|24/100
|
|upkeep
|turn|8
|
|t:|1757963921
|-terastallize|p2a: Henri|Dark
|move|p1a: golden furr|Ice Shard|p2a: Henri
|-damage|p2a: Henri|9/100
|move|p2a: Henri|Knock Off|p1a: golden furr
|-damage|p1a: golden furr|0 fnt
|-enditem|p1a: golden furr|Eviolite|[from] move: Knock Off|[of] p2a: Henri
|faint|p1a: golden furr
|
|-sideend|p2: Gourgeist Mega|move: Light Screen
|upkeep
|
|t:|1757963927
|switch|p1a: icon|Lucario, F, shiny|100/100
|-start|p1a: icon|typechange|Fighting/Steel/Flying|[silent]
|-start|p1a: icon|typechange|Fighting/Steel/Flying|[silent]
|turn|9
|
|t:|1757963931
|move|p1a: icon|Vacuum Wave|p2a: Henri
|-supereffective|p2a: Henri
|-damage|p2a: Henri|0 fnt
|faint|p2a: Henri
|-damage|p1a: icon|91/100|[from] item: Life Orb
|
|upkeep
|
|t:|1757963933
|switch|p2a: Gustave|Brionne, M|55/100
|-damage|p2a: Gustave|42/100|[from] Stealth Rock
|-start|p2a: Gustave|typechange|Water/Fairy|[silent]
|-start|p2a: Gustave|typechange|Water/Fairy|[silent]
|turn|10
|
|t:|1757963938
|move|p1a: icon|Flash Cannon|p2a: Gustave
|-damage|p2a: Gustave|4/100
|-damage|p1a: icon|81/100|[from] item: Life Orb
|move|p2a: Gustave|Surf|p1a: icon
|-damage|p1a: icon|0 fnt
|faint|p1a: icon
|
|-sideend|p2: Gourgeist Mega|Reflect
|upkeep
|
|t:|1757963944
|switch|p1a: léon|Litleo, F, shiny|100/100
|-ability|p1a: léon|Unnerve
|-start|p1a: léon|typechange|Fire/Normal/Water|[silent]
|-start|p1a: léon|typechange|Fire/Normal/Water|[silent]
|turn|11
|
|t:|1757963949
|-terastallize|p1a: léon|Water
|move|p1a: léon|Hyper Voice|p2a: Gustave
|-damage|p2a: Gustave|0 fnt
|faint|p2a: Gustave
|
|win|despotia
|n|☆despotia|despotia
|n|☆Gourgeist Mega|gourgeistmega
|c|☆Gourgeist Mega|gg
|c|☆despotia|gg
|l|☆Gourgeist Mega
|player|p2|
|j| Giga㋛Chandelure-☂
|j| Thorys
|l| Thorys
|l| Giga㋛Chandelure-☂
|j|+palapapop
|l|+palapapop
