|j|☆DrMira
|j|☆SSStyl1sh
|t:|1757900708
|gametype|singles
|player|p1|DrMira|1|1209
|player|p2|SSStyl1sh|giovanni|1234
|gen|9
|tier|[Gen 9] OU
|rated|
|rule|HP Percentage Mod: HP is shown in percentages
|rule|Endless Battle Clause: Forcing endless battles is banned
|rule|Species Clause: Limit one of each Pokémon
|rule|OHKO Clause: OHKO moves are banned
|rule|Evasion Items Clause: Evasion items are banned
|rule|Evasion Moves Clause: Evasion moves are banned
|rule|Evasion Abilities Clause: Evasion abilities are banned
|rule|Sleep Moves Clause: Sleep-inducing moves are banned
|clearpoke
|poke|p1|Greninja-*, F|
|poke|p1|Azelf|
|poke|p1|Great Tusk|
|poke|p1|Moltres|
|poke|p1|Galvantula, F|
|poke|p1|Dragonite, F|
|poke|p2|Araquanid, M|
|poke|p2|Crawdaunt, F|
|poke|p2|Tornadus-Therian, M|
|poke|p2|Ting-Lu|
|poke|p2|Gholdengo|
|poke|p2|Great Tusk|
|teampreview
|
|t:|1757900719
|teamsize|p1|6
|teamsize|p2|6
|start
|switch|p1a: Galvantula|Galvantula, F|100/100
|switch|p2a: Araquanid|Araquanid, M|100/100
|turn|1
|
|t:|1757900726
|move|p1a: Galvantula|Sticky Web|p2a: Araquanid
|-sidestart|p2: SSStyl1sh|move: Sticky Web
|move|p2a: Araquanid|Sticky Web|p1a: Galvantula
|-sidestart|p1: DrMira|move: Sticky Web
|
|upkeep
|turn|2
|
|t:|1757900730
|switch|p2a: Great Tusk|Great Tusk|100/100
|-activate|p2a: Great Tusk|move: Sticky Web
|-unboost|p2a: Great Tusk|spe|1
|move|p1a: Galvantula|Thunder|p2a: Great Tusk
|-immune|p2a: Great Tusk
|
|upkeep
|turn|3
|
|t:|1757900745
|switch|p1a: Dragonite|Dragonite, F|100/100
|move|p2a: Great Tusk|Rapid Spin|p1a: Dragonite
|-crit|p1a: Dragonite
|-damage|p1a: Dragonite|87/100
|-boost|p2a: Great Tusk|spe|1
|-sideend|p2: SSStyl1sh|Sticky Web|[from] move: Rapid Spin|[of] p2a: Great Tusk
|
|-heal|p1a: Dragonite|94/100|[from] item: Leftovers
|upkeep
|turn|4
|
|t:|1757900753
|move|p2a: Great Tusk|Ice Spinner|p1a: Dragonite
|-supereffective|p1a: Dragonite
|-damage|p1a: Dragonite|0 fnt
|faint|p1a: Dragonite
|
|upkeep
|
|t:|1757900765
|switch|p1a: Azelf|Azelf|100/100
|turn|5
|
|t:|1757900770
|move|p1a: Azelf|Mystical Power|p2a: Great Tusk
|-supereffective|p2a: Great Tusk
|-damage|p2a: Great Tusk|3/100
|-boost|p1a: Azelf|spa|1
|move|p2a: Great Tusk|Knock Off|p1a: Azelf
|-supereffective|p1a: Azelf
|-damage|p1a: Azelf|8/100
|-enditem|p1a: Azelf|Shell Bell|[from] move: Knock Off|[of] p2a: Great Tusk
|
|upkeep
|turn|6
|
|t:|1757900782
|move|p1a: Azelf|Mystical Power|p2a: Great Tusk
|-supereffective|p2a: Great Tusk
|-damage|p2a: Great Tusk|0 fnt
|-boost|p1a: Azelf|spa|1
|faint|p2a: Great Tusk
|-end|p2a: Great Tusk|Protosynthesis|[silent]
|
|upkeep
|
|t:|1757900795
|switch|p2a: Crawdaunt|Crawdaunt, F|100/100
|turn|7
|
|t:|1757900807
|move|p2a: Crawdaunt|Aqua Jet|p1a: Azelf
|-damage|p1a: Azelf|0 fnt
|faint|p1a: Azelf
|
|upkeep
|
|t:|1757900814
|switch|p1a: Galvantula|Galvantula, F|100/100
|turn|8
|
|t:|1757900817
|move|p2a: Crawdaunt|Aqua Jet|p1a: Galvantula
|-damage|p1a: Galvantula|24/100
|move|p1a: Galvantula|Thunder|p2a: Crawdaunt
|-supereffective|p2a: Crawdaunt
|-damage|p2a: Crawdaunt|0 fnt
|faint|p2a: Crawdaunt
|
|upkeep
|
|t:|1757900825
|switch|p2a: Tornadus|Tornadus-Therian, M|100/100
|turn|9
|
|t:|1757900833
|switch|p1a: Moltres|Moltres|100/100
|-ability|p1a: Moltres|Pressure
|move|p2a: Tornadus|Bleakwind Storm|p1a: Moltres
|-damage|p1a: Moltres|56/100
|
|upkeep
|turn|10
|
|t:|1757900846
|move|p2a: Tornadus|Nasty Plot|p2a: Tornadus
|-boost|p2a: Tornadus|spa|2
|move|p1a: Moltres|Fire Blast|p2a: Tornadus
|-damage|p2a: Tornadus|30/100
|
|upkeep
|turn|11
|
|t:|1757900852
|move|p2a: Tornadus|Bleakwind Storm|p1a: Moltres
|-damage|p1a: Moltres|0 fnt
|faint|p1a: Moltres
|
|upkeep
|
|t:|1757900856
|switch|p1a: Greninja|Greninja, F|100/100
|-activate|p1a: Greninja|move: Sticky Web
|-unboost|p1a: Greninja|spe|1
|turn|12
|
|t:|1757900864
|move|p2a: Tornadus|Focus Blast|p1a: Greninja
|-supereffective|p1a: Greninja
|-damage|p1a: Greninja|0 fnt
|faint|p1a: Greninja
|
|upkeep
|
|t:|1757900871
|switch|p1a: Great Tusk|Great Tusk|100/100
|-activate|p1a: Great Tusk|move: Sticky Web
|-unboost|p1a: Great Tusk|spe|1
|-enditem|p1a: Great Tusk|Booster Energy
|-activate|p1a: Great Tusk|ability: Protosynthesis|[fromitem]
|-start|p1a: Great Tusk|protosynthesisdef
|turn|13
|
|t:|1757900878
|-terastallize|p1a: Great Tusk|Fairy
|move|p2a: Tornadus|Bleakwind Storm|p1a: Great Tusk
|-damage|p1a: Great Tusk|0 fnt
|faint|p1a: Great Tusk
|-end|p1a: Great Tusk|Protosynthesis|[silent]
|
|upkeep
|
|t:|1757900883
|switch|p1a: Galvantula|Galvantula, F|24/100
|turn|14
|
|t:|1757900887
|move|p2a: Tornadus|Bleakwind Storm|p1a: Galvantula
|-damage|p1a: Galvantula|0 fnt
|faint|p1a: Galvantula
|
|win|SSStyl1sh
|raw|DrMira's rating: 1209 &rarr; <strong>1186</strong><br />(-23 for losing)
|raw|SSStyl1sh's rating: 1234 &rarr; <strong>1257</strong><br />(+23 for winning)
|l|☆DrMira
|player|p1|
|c|☆SSStyl1sh|gg
