|j|☆Edward Wang
|j|☆ikthoizzykil
|t:|1757822302
|gametype|singles
|player|p1|Edward Wang|preschooler|1378
|player|p2|ikthoizzykil|pokemaniac-gen3rs|1390
|gen|9
|tier|[Gen 9] OU
|rated|
|rule|HP Percentage Mod: HP is shown in percentages
|rule|Endless Battle Clause: Forcing endless battles is banned
|rule|Species Clause: Limit one of each Pokémon
|rule|OHKO Clause: OHKO moves are banned
|rule|Evasion Items Clause: Evasion items are banned
|rule|Evasion Moves Clause: Evasion moves are banned
|rule|Evasion Abilities Clause: Evasion abilities are banned
|rule|Sleep Moves Clause: Sleep-inducing moves are banned
|clearpoke
|poke|p1|Garganacl, F|
|poke|p1|Jirachi|
|poke|p1|Serperior, M|
|poke|p1|Weezing-Galar, M|
|poke|p1|Landorus-Therian, M|
|poke|p1|Blissey, F|
|poke|p2|Kingambit, F|
|poke|p2|Dragapult, F|
|poke|p2|Great Tusk|
|poke|p2|Ogerpon-Wellspring, F|
|poke|p2|Enamorus, F|
|poke|p2|Armarouge, F|
|teampreview
|inactive|Battle timer is ON: inactive players will automatically lose when time's up. (requested by ikthoizzykil)
|
|t:|1757822309
|teamsize|p1|6
|teamsize|p2|6
|start
|switch|p1a: Landorus|Landorus-Therian, M|100/100
|switch|p2a: Enamorus|Enamorus, F|100/100
|-ability|p1a: Landorus|Intimidate|boost
|-boost|p2a: Enamorus|atk|1
|turn|1
|
|t:|1757822315
|move|p1a: Landorus|U-turn|p2a: Enamorus
|-resisted|p2a: Enamorus
|-damage|p2a: Enamorus|90/100
|
|t:|1757822324
|switch|p1a: Weezing|Weezing-Galar, M|100/100|[from] U-turn
|-ability|p1a: Weezing|Neutralizing Gas
|move|p2a: Enamorus|Moonblast|p1a: Weezing
|-resisted|p1a: Weezing
|-damage|p1a: Weezing|56/100
|-unboost|p1a: Weezing|spa|1
|
|-heal|p1a: Weezing|62/100|[from] item: Black Sludge
|upkeep
|turn|2
|
|t:|1757822339
|-terastallize|p2a: Enamorus|Fairy
|move|p2a: Enamorus|Moonblast|p1a: Weezing
|-resisted|p1a: Weezing
|-damage|p1a: Weezing|3/100
|move|p1a: Weezing|Toxic Spikes|p2a: Enamorus
|-sidestart|p2: ikthoizzykil|move: Toxic Spikes
|
|-heal|p1a: Weezing|10/100|[from] item: Black Sludge
|upkeep
|turn|3
|
|t:|1757822347
|move|p2a: Enamorus|Moonblast|p1a: Weezing
|-resisted|p1a: Weezing
|-damage|p1a: Weezing|0 fnt
|faint|p1a: Weezing
|-end|p1a: Weezing|ability: Neutralizing Gas
|
|upkeep
|
|t:|1757822348
|switch|p1a: Blissey|Blissey, F, shiny|100/100
|turn|4
|
|t:|1757822361
|switch|p2a: Dragapult|Dragapult, F|100/100
|move|p1a: Blissey|Trick|p2a: Dragapult
|-activate|p1a: Blissey|move: Trick|[of] p2a: Dragapult
|-item|p2a: Dragapult|Choice Specs|[from] move: Trick
|-item|p1a: Blissey|Heavy-Duty Boots|[from] move: Trick
|
|upkeep
|turn|5
|
|t:|1757822373
|switch|p1a: Landorus|Landorus-Therian, M|100/100
|-ability|p1a: Landorus|Intimidate|boost
|-unboost|p2a: Dragapult|atk|1
|move|p2a: Dragapult|Will-O-Wisp|p1a: Landorus
|-status|p1a: Landorus|brn
|
|-damage|p1a: Landorus|94/100 brn|[from] brn
|upkeep
|turn|6
|
|t:|1757822384
|switch|p2a: Great Tusk|Great Tusk|100/100
|-status|p2a: Great Tusk|psn
|move|p1a: Landorus|U-turn|p2a: Great Tusk
|-resisted|p2a: Great Tusk
|-damage|p2a: Great Tusk|96/100 psn
|
|t:|1757822395
|switch|p1a: Jirachi|Jirachi|100/100|[from] U-turn
|
|-heal|p2a: Great Tusk|100/100 psn|[from] item: Leftovers
|-damage|p2a: Great Tusk|88/100 psn|[from] psn
|upkeep
|turn|7
|
|t:|1757822401
|switch|p1a: Landorus|Landorus-Therian, M|94/100 brn
|-ability|p1a: Landorus|Intimidate|boost
|-unboost|p2a: Great Tusk|atk|1
|move|p2a: Great Tusk|Rapid Spin|p1a: Landorus
|-damage|p1a: Landorus|81/100 brn
|-boost|p2a: Great Tusk|spe|1
|-sideend|p2: ikthoizzykil|Toxic Spikes|[from] move: Rapid Spin|[of] p2a: Great Tusk
|
|-heal|p2a: Great Tusk|94/100 psn|[from] item: Leftovers
|-damage|p2a: Great Tusk|82/100 psn|[from] psn
|-damage|p1a: Landorus|75/100 brn|[from] brn
|upkeep
|turn|8
|
|t:|1757822412
|switch|p1a: Jirachi|Jirachi|100/100
|move|p2a: Great Tusk|Stealth Rock|p1a: Jirachi
|-sidestart|p1: Edward Wang|move: Stealth Rock
|
|-heal|p2a: Great Tusk|88/100 psn|[from] item: Leftovers
|-damage|p2a: Great Tusk|76/100 psn|[from] psn
|upkeep
|turn|9
|
|t:|1757822422
|-end|p2a: Great Tusk|Protosynthesis|[silent]
|switch|p2a: Dragapult|Dragapult, F|100/100
|move|p1a: Jirachi|Cosmic Power|p1a: Jirachi
|-boost|p1a: Jirachi|def|1
|-boost|p1a: Jirachi|spd|1
|
|upkeep
|turn|10
|
|t:|1757822430
|move|p2a: Dragapult|U-turn|p1a: Jirachi
|-damage|p1a: Jirachi|90/100
|
|t:|1757822433
|switch|p2a: Ogerpon|Ogerpon-Wellspring, F|100/100|[from] U-turn
|move|p1a: Jirachi|Cosmic Power|p1a: Jirachi
|-boost|p1a: Jirachi|def|1
|-boost|p1a: Jirachi|spd|1
|
|upkeep
|turn|11
|
|t:|1757822441
|move|p2a: Ogerpon|Encore|p1a: Jirachi
|-start|p1a: Jirachi|Encore
|move|p1a: Jirachi|Cosmic Power|p1a: Jirachi
|-boost|p1a: Jirachi|def|1
|-boost|p1a: Jirachi|spd|1
|
|upkeep
|turn|12
|
|t:|1757822448
|switch|p1a: Serperior|Serperior, M|100/100
|-damage|p1a: Serperior|88/100|[from] Stealth Rock
|move|p2a: Ogerpon|Knock Off|p1a: Serperior
|-damage|p1a: Serperior|52/100
|-enditem|p1a: Serperior|Leftovers|[from] move: Knock Off|[of] p2a: Ogerpon
|
|upkeep
|turn|13
|
|t:|1757822463
|switch|p2a: Dragapult|Dragapult, F|100/100
|move|p1a: Serperior|Glare|p2a: Dragapult
|-status|p2a: Dragapult|par
|
|upkeep
|turn|14
|
|t:|1757822468
|move|p1a: Serperior|Substitute|p1a: Serperior
|-start|p1a: Serperior|Substitute
|-damage|p1a: Serperior|27/100
|move|p2a: Dragapult|Dragon Darts|p1a: Serperior
|-damage|p1a: Serperior|6/100
|-anim|p2a: Dragapult|Dragon Darts|p1a: Serperior
|-crit|p1a: Serperior
|-damage|p1a: Serperior|0 fnt
|faint|p1a: Serperior
|
|upkeep
|
|t:|1757822474
|switch|p1a: Jirachi|Jirachi|90/100
|-damage|p1a: Jirachi|84/100|[from] Stealth Rock
|turn|15
|
|t:|1757822480
|switch|p2a: Ogerpon|Ogerpon-Wellspring, F|100/100
|move|p1a: Jirachi|Cosmic Power|p1a: Jirachi
|-boost|p1a: Jirachi|def|1
|-boost|p1a: Jirachi|spd|1
|
|upkeep
|turn|16
|
|t:|1757822490
|switch|p1a: Garganacl|Garganacl, F, shiny|100/100
|-damage|p1a: Garganacl|88/100|[from] Stealth Rock
|-item|p1a: Garganacl|Air Balloon
|move|p2a: Ogerpon|Knock Off|p1a: Garganacl
|-damage|p1a: Garganacl|70/100
|-enditem|p1a: Garganacl|Air Balloon
|
|upkeep
|turn|17
|
|t:|1757822499
|switch|p2a: Great Tusk|Great Tusk|76/100 psn
|-terastallize|p1a: Garganacl|Ghost
|move|p1a: Garganacl|Iron Defense|p1a: Garganacl
|-boost|p1a: Garganacl|def|2
|
|-heal|p2a: Great Tusk|82/100 psn|[from] item: Leftovers
|-damage|p2a: Great Tusk|69/100 psn|[from] psn
|upkeep
|turn|18
|inactive|ikthoizzykil has 120 seconds left.
|
|t:|1757822542
|move|p2a: Great Tusk|Earthquake|p1a: Garganacl
|-damage|p1a: Garganacl|57/100
|move|p1a: Garganacl|Iron Defense|p1a: Garganacl
|-boost|p1a: Garganacl|def|2
|
|-heal|p2a: Great Tusk|76/100 psn|[from] item: Leftovers
|-damage|p2a: Great Tusk|63/100 psn|[from] psn
|upkeep
|turn|19
|
|t:|1757822560
|move|p2a: Great Tusk|Earthquake|p1a: Garganacl
|-damage|p1a: Garganacl|49/100
|move|p1a: Garganacl|Recover|p1a: Garganacl
|-heal|p1a: Garganacl|99/100
|
|-heal|p2a: Great Tusk|69/100 psn|[from] item: Leftovers
|-damage|p2a: Great Tusk|57/100 psn|[from] psn
|upkeep
|turn|20
|
|t:|1757822567
|move|p2a: Great Tusk|Earthquake|p1a: Garganacl
|-damage|p1a: Garganacl|90/100
|move|p1a: Garganacl|Iron Defense|p1a: Garganacl
|-boost|p1a: Garganacl|def|2
|
|-heal|p2a: Great Tusk|63/100 psn|[from] item: Leftovers
|-damage|p2a: Great Tusk|51/100 psn|[from] psn
|upkeep
|turn|21
|
|t:|1757822574
|move|p2a: Great Tusk|Earthquake|p1a: Garganacl
|-damage|p1a: Garganacl|83/100
|move|p1a: Garganacl|Body Press|p2a: Great Tusk
|-damage|p2a: Great Tusk|0 fnt
|faint|p2a: Great Tusk
|-end|p2a: Great Tusk|Protosynthesis|[silent]
|
|upkeep
|
|t:|1757822589
|switch|p2a: Enamorus|Enamorus, F, tera:Fairy|90/100
|turn|22
|
|t:|1757822594
|move|p2a: Enamorus|Moonblast|p1a: Garganacl
|-damage|p1a: Garganacl|0 fnt
|faint|p1a: Garganacl
|
|upkeep
|
|t:|1757822597
|switch|p1a: Blissey|Blissey, F, shiny|100/100
|turn|23
|
|t:|1757822603
|switch|p2a: Dragapult|Dragapult, F|100/100 par
|move|p1a: Blissey|Ice Beam|p2a: Dragapult
|-supereffective|p2a: Dragapult
|-damage|p2a: Dragapult|27/100 par
|
|upkeep
|turn|24
|
|t:|1757822612
|move|p2a: Dragapult|Dragon Darts|p1a: Blissey
|-damage|p1a: Blissey|52/100
|-anim|p2a: Dragapult|Dragon Darts|p1a: Blissey
|-damage|p1a: Blissey|8/100
|move|p1a: Blissey|Ice Beam|p2a: Dragapult
|-supereffective|p2a: Dragapult
|-damage|p2a: Dragapult|0 fnt
|faint|p2a: Dragapult
|
|upkeep
|
|t:|1757822620
|switch|p2a: Ogerpon|Ogerpon-Wellspring, F|100/100
|turn|25
|
|t:|1757822623
|move|p2a: Ogerpon|Ivy Cudgel|p1a: Blissey|[anim] Ivy Cudgel Water
|-damage|p1a: Blissey|0 fnt
|faint|p1a: Blissey
|
|upkeep
|
|t:|1757822625
|switch|p1a: Jirachi|Jirachi|84/100
|-damage|p1a: Jirachi|78/100|[from] Stealth Rock
|turn|26
|
|t:|1757822630
|move|p2a: Ogerpon|Ivy Cudgel|p1a: Jirachi|[anim] Ivy Cudgel Water
|-damage|p1a: Jirachi|24/100
|move|p1a: Jirachi|Ice Punch|p2a: Ogerpon
|-damage|p2a: Ogerpon|77/100
|-status|p2a: Ogerpon|frz
|
|upkeep
|turn|27
|
|t:|1757822638
|switch|p2a: Armarouge|Armarouge, F|100/100
|move|p1a: Jirachi|Cosmic Power|p1a: Jirachi
|-boost|p1a: Jirachi|def|1
|-boost|p1a: Jirachi|spd|1
|
|upkeep
|turn|28
|
|t:|1757822646
|move|p1a: Jirachi|Drain Punch|p2a: Armarouge
|-resisted|p2a: Armarouge
|-damage|p2a: Armarouge|94/100
|-heal|p1a: Jirachi|26/100|[from] drain|[of] p2a: Armarouge
|move|p2a: Armarouge|Fire Blast|p1a: Jirachi|[miss]
|-miss|p2a: Armarouge|p1a: Jirachi
|
|-heal|p2a: Armarouge|100/100|[from] item: Leftovers
|upkeep
|turn|29
|
|t:|1757822655
|move|p1a: Jirachi|Ice Punch|p2a: Armarouge
|-resisted|p2a: Armarouge
|-damage|p2a: Armarouge|94/100
|move|p2a: Armarouge|Fire Blast|p1a: Jirachi
|-supereffective|p1a: Jirachi
|-damage|p1a: Jirachi|0 fnt
|faint|p1a: Jirachi
|
|-heal|p2a: Armarouge|100/100|[from] item: Leftovers
|upkeep
|-message|Edward Wang forfeited.
|
|win|ikthoizzykil
|raw|Edward Wang's rating: 1378 &rarr; <strong>1359</strong><br />(-19 for losing)
|raw|ikthoizzykil's rating: 1390 &rarr; <strong>1409</strong><br />(+19 for winning)
|l|☆Edward Wang
|player|p1|
|l|☆ikthoizzykil
|player|p2|
