|j|☆Garg749494
|j|☆PlayerBlitzM
|t:|1757949993
|gametype|singles
|player|p1|Garg749494|266|1143
|player|p2|PlayerBlitzM|bellelba|1191
|gen|9
|tier|[Gen 9] OU
|rated|
|rule|HP Percentage Mod: HP is shown in percentages
|rule|Endless Battle Clause: Forcing endless battles is banned
|rule|Species Clause: Limit one of each Pokémon
|rule|OHKO Clause: OHKO moves are banned
|rule|Evasion Items Clause: Evasion items are banned
|rule|Evasion Moves Clause: Evasion moves are banned
|rule|Evasion Abilities Clause: Evasion abilities are banned
|rule|Sleep Moves Clause: Sleep-inducing moves are banned
|clearpoke
|poke|p1|Kleavor, F|
|poke|p1|Dragapult, M|
|poke|p1|Gyarados, M|
|poke|p1|Galvantula, F|
|poke|p1|Meganium, M|
|poke|p1|Great Tusk|
|poke|p2|Rillaboom, M|
|poke|p2|Moltres|
|poke|p2|Ogerpon, F|
|poke|p2|Great Tusk|
|poke|p2|Gholdengo|
|poke|p2|Muk-Alola, M|
|teampreview
|
|t:|1757950016
|teamsize|p1|6
|teamsize|p2|6
|start
|switch|p1a: Kleavor|Kleavor, F|100/100
|switch|p2a: Great Tusk|Great Tusk, shiny|100/100
|turn|1
|
|t:|1757950040
|move|p1a: Kleavor|U-turn|p2a: Great Tusk
|-resisted|p2a: Great Tusk
|-damage|p2a: Great Tusk|87/100
|
|t:|1757950045
|switch|p1a: Meganium|Meganium, M|100/100|[from] U-turn
|move|p2a: Great Tusk|Headlong Rush|p1a: Meganium
|-resisted|p1a: Meganium
|-damage|p1a: Meganium|66/100
|-unboost|p2a: Great Tusk|def|1
|-unboost|p2a: Great Tusk|spd|1
|
|-heal|p2a: Great Tusk|93/100|[from] item: Leftovers
|-heal|p1a: Meganium|72/100|[from] item: Leftovers
|upkeep
|turn|2
|
|t:|1757950062
|-end|p2a: Great Tusk|Protosynthesis|[silent]
|switch|p2a: Muk|Muk-Alola, M, shiny|100/100
|move|p1a: Meganium|Trailblaze|p2a: Muk
|-resisted|p2a: Muk
|-damage|p2a: Muk|90/100
|-boost|p1a: Meganium|spe|1
|
|-heal|p1a: Meganium|78/100|[from] item: Leftovers
|upkeep
|turn|3
|
|t:|1757950077
|move|p1a: Meganium|Swords Dance|p1a: Meganium
|-boost|p1a: Meganium|atk|2
|move|p2a: Muk|Poison Jab|p1a: Meganium
|-supereffective|p1a: Meganium
|-damage|p1a: Meganium|7/100
|
|-heal|p1a: Meganium|13/100|[from] item: Leftovers
|upkeep
|turn|4
|
|t:|1757950087
|move|p1a: Meganium|Earthquake|p2a: Muk
|-supereffective|p2a: Muk
|-damage|p2a: Muk|0 fnt
|faint|p2a: Muk
|
|-heal|p1a: Meganium|19/100|[from] item: Leftovers
|upkeep
|
|t:|1757950093
|switch|p2a: Rillaboom|Rillaboom, M|100/100
|-fieldstart|move: Grassy Terrain|[from] ability: Grassy Surge|[of] p2a: Rillaboom
|turn|5
|
|t:|1757950098
|move|p2a: Rillaboom|Grassy Glide|p1a: Meganium
|-resisted|p1a: Meganium
|-damage|p1a: Meganium|0 fnt
|faint|p1a: Meganium
|
|upkeep
|
|t:|1757950103
|switch|p1a: Galvantula|Galvantula, F|100/100
|turn|6
|
|t:|1757950105
|move|p1a: Galvantula|Sticky Web|p2a: Rillaboom
|-sidestart|p2: PlayerBlitzM|move: Sticky Web
|move|p2a: Rillaboom|Swords Dance|p2a: Rillaboom
|-boost|p2a: Rillaboom|atk|2
|
|upkeep
|turn|7
|
|t:|1757950111
|move|p1a: Galvantula|Bug Buzz|p2a: Rillaboom
|-supereffective|p2a: Rillaboom
|-damage|p2a: Rillaboom|3/100
|-unboost|p2a: Rillaboom|spd|1
|move|p2a: Rillaboom|Swords Dance|p2a: Rillaboom
|-boost|p2a: Rillaboom|atk|2
|
|-heal|p2a: Rillaboom|10/100|[from] Grassy Terrain
|upkeep
|turn|8
|
|t:|1757950120
|move|p2a: Rillaboom|Grassy Glide|p1a: Galvantula
|-resisted|p1a: Galvantula
|-enditem|p1a: Galvantula|Focus Sash
|-damage|p1a: Galvantula|1/100
|move|p1a: Galvantula|Bug Buzz|p2a: Rillaboom
|-supereffective|p2a: Rillaboom
|-damage|p2a: Rillaboom|0 fnt
|faint|p2a: Rillaboom
|
|-heal|p1a: Galvantula|7/100|[from] Grassy Terrain
|upkeep
|
|t:|1757950130
|switch|p2a: Great Tusk|Great Tusk, shiny|93/100
|-activate|p2a: Great Tusk|move: Sticky Web
|-unboost|p2a: Great Tusk|spe|1
|turn|9
|
|t:|1757950135
|switch|p1a: Dragapult|Dragapult, M|100/100
|move|p2a: Great Tusk|Rapid Spin|p1a: Dragapult
|-immune|p1a: Dragapult
|
|-heal|p2a: Great Tusk|99/100|[from] Grassy Terrain
|-heal|p2a: Great Tusk|100/100|[from] item: Leftovers
|upkeep
|turn|10
|
|t:|1757950150
|move|p1a: Dragapult|Draco Meteor|p2a: Great Tusk
|-damage|p2a: Great Tusk|0 fnt
|-unboost|p1a: Dragapult|spa|2
|faint|p2a: Great Tusk
|-end|p2a: Great Tusk|Protosynthesis|[silent]
|
|upkeep
|
|t:|1757950157
|switch|p2a: Gholdengo|Gholdengo|100/100
|-activate|p2a: Gholdengo|move: Sticky Web
|-unboost|p2a: Gholdengo|spe|1
|turn|11
|
|t:|1757950164
|switch|p1a: Galvantula|Galvantula, F|7/100
|move|p2a: Gholdengo|Shadow Ball|p1a: Galvantula
|-damage|p1a: Galvantula|0 fnt
|faint|p1a: Galvantula
|
|upkeep
|
|t:|1757950172
|switch|p1a: Dragapult|Dragapult, M|100/100
|turn|12
|
|t:|1757950176
|switch|p2a: Moltres|Moltres, shiny|100/100
|move|p1a: Dragapult|Shadow Ball|p2a: Moltres
|-damage|p2a: Moltres|55/100
|
|-fieldend|move: Grassy Terrain
|upkeep
|turn|13
|
|t:|1757950184
|move|p1a: Dragapult|Shadow Ball|p2a: Moltres
|-damage|p2a: Moltres|2/100
|move|p2a: Moltres|Flamethrower|p1a: Dragapult
|-resisted|p1a: Dragapult
|-damage|p1a: Dragapult|77/100
|
|upkeep
|turn|14
|
|t:|1757950193
|switch|p2a: Gholdengo|Gholdengo|100/100
|-activate|p2a: Gholdengo|move: Sticky Web
|-unboost|p2a: Gholdengo|spe|1
|move|p1a: Dragapult|Shadow Ball|p2a: Gholdengo
|-supereffective|p2a: Gholdengo
|-damage|p2a: Gholdengo|0 fnt
|faint|p2a: Gholdengo
|
|upkeep
|
|t:|1757950201
|switch|p2a: Ogerpon|Ogerpon, F|100/100
|-activate|p2a: Ogerpon|move: Sticky Web
|-unboost|p2a: Ogerpon|spe|1
|-ability|p2a: Ogerpon|Defiant|boost
|-boost|p2a: Ogerpon|atk|2
|turn|15
|
|t:|1757950215
|-terastallize|p2a: Ogerpon|Grass
|detailschange|p2a: Ogerpon|Ogerpon-Teal-Tera, F, tera:Grass
|-ability|p2a: Ogerpon|Embody Aspect (Teal)|boost
|-boost|p2a: Ogerpon|spe|1
|move|p1a: Dragapult|Shadow Ball|p2a: Ogerpon
|-damage|p2a: Ogerpon|39/100
|move|p2a: Ogerpon|U-turn|p1a: Dragapult
|-resisted|p1a: Dragapult
|-damage|p1a: Dragapult|27/100
|
|t:|1757950225
|switch|p2a: Moltres|Moltres, shiny|2/100|[from] U-turn
|
|upkeep
|turn|16
|
|t:|1757950230
|move|p1a: Dragapult|Shadow Ball|p2a: Moltres
|-damage|p2a: Moltres|0 fnt
|faint|p2a: Moltres
|
|upkeep
|
|t:|1757950235
|switch|p2a: Ogerpon|Ogerpon-Teal-Tera, F, tera:Grass|39/100
|-activate|p2a: Ogerpon|move: Sticky Web
|-unboost|p2a: Ogerpon|spe|1
|-ability|p2a: Ogerpon|Embody Aspect (Teal)|boost
|-boost|p2a: Ogerpon|spe|1
|turn|17
|
|t:|1757950243
|move|p1a: Dragapult|Shadow Ball|p2a: Ogerpon
|-damage|p2a: Ogerpon|0 fnt
|faint|p2a: Ogerpon
|detailschange|p2: Ogerpon|Ogerpon, F|[silent]
|
|win|Garg749494
|raw|Garg749494's rating: 1143 &rarr; <strong>1171</strong><br />(+28 for winning)
|raw|PlayerBlitzM's rating: 1191 &rarr; <strong>1163</strong><br />(-28 for losing)
|l|☆Garg749494
|player|p1|
