|j|☆cr aries
|j|☆BeachLeak
|t:|1757871562
|gametype|singles
|player|p1|cr aries|101|1602
|player|p2|BeachLeak|archer|1603
|gen|9
|tier|[Gen 9] OU
|rated|
|rule|HP Percentage Mod: HP is shown in percentages
|rule|Endless Battle Clause: Forcing endless battles is banned
|rule|Species Clause: Limit one of each Pokémon
|rule|OHKO Clause: OHKO moves are banned
|rule|Evasion Items Clause: Evasion items are banned
|rule|Evasion Moves Clause: Evasion moves are banned
|rule|Evasion Abilities Clause: Evasion abilities are banned
|rule|Sleep Moves Clause: Sleep-inducing moves are banned
|clearpoke
|poke|p1|Weavile, M|
|poke|p1|Gholdengo|
|poke|p1|Slowking-Galar, F|
|poke|p1|Corviknight, F|
|poke|p1|Sandy Shocks|
|poke|p1|Heatran, M|
|poke|p2|Salamence, M|
|poke|p2|Tyranitar, M|
|poke|p2|Excadrill, M|
|poke|p2|Iron Crown|
|poke|p2|Azumarill, F|
|poke|p2|Zamazenta-*|
|teampreview
|inactive|Battle timer is ON: inactive players will automatically lose when time's up. (requested by BeachLeak)
|
|t:|1757871597
|teamsize|p1|6
|teamsize|p2|6
|start
|switch|p1a: Slowking|Slowking-Galar, F|100/100
|switch|p2a: Excadrill|Excadrill, M|100/100
|-item|p2a: Excadrill|Air Balloon
|turn|1
|
|t:|1757871610
|switch|p1a: Corviknight|Corviknight, F|100/100
|-ability|p1a: Corviknight|Pressure
|move|p2a: Excadrill|Iron Head|p1a: Corviknight
|-resisted|p1a: Corviknight
|-damage|p1a: Corviknight|88/100
|-damage|p2a: Excadrill|84/100|[from] item: Rocky Helmet|[of] p1a: Corviknight
|
|upkeep
|turn|2
|
|t:|1757871623
|switch|p2a: Sherbet|Salamence, M, shiny|100/100
|-ability|p2a: Sherbet|Intimidate|boost
|-unboost|p1a: Corviknight|atk|1
|move|p1a: Corviknight|U-turn|p2a: Sherbet
|-resisted|p2a: Sherbet
|-damage|p2a: Sherbet|95/100
|
|t:|1757871625
|switch|p1a: Weavile|Weavile, M|100/100|[from] U-turn
|
|upkeep
|turn|3
|
|t:|1757871630
|-terastallize|p2a: Sherbet|Fire
|move|p1a: Weavile|Triple Axel|p2a: Sherbet|[miss]
|-miss|p1a: Weavile|p2a: Sherbet
|move|p2a: Sherbet|Fire Blast|p1a: Weavile
|-supereffective|p1a: Weavile
|-damage|p1a: Weavile|0 fnt
|faint|p1a: Weavile
|
|upkeep
|
|t:|1757871641
|switch|p1a: Slowking|Slowking-Galar, F|100/100
|turn|4
|
|t:|1757871645
|switch|p2a: Excadrill|Excadrill, M|84/100
|-item|p2a: Excadrill|Air Balloon
|move|p1a: Slowking|Future Sight|p2a: Excadrill
|-start|p1a: Slowking|move: Future Sight
|
|upkeep
|turn|5
|
|t:|1757871651
|switch|p2a: Tyranitar|Tyranitar, M, shiny|100/100
|-weather|Sandstorm|[from] ability: Sand Stream|[of] p2a: Tyranitar
|switch|p1a: Corviknight|Corviknight, F|88/100
|-ability|p1a: Corviknight|Pressure
|
|-weather|Sandstorm|[upkeep]
|upkeep
|turn|6
|
|t:|1757871661
|switch|p2a: Iron Crown|Iron Crown|100/100
|move|p1a: Corviknight|U-turn|p2a: Iron Crown
|-damage|p2a: Iron Crown|85/100
|
|t:|1757871665
|switch|p1a: Heatran|Heatran, M|100/100|[from] U-turn
|
|-weather|Sandstorm|[upkeep]
|-end|p2a: Iron Crown|move: Future Sight
|-resisted|p2a: Iron Crown
|-damage|p2a: Iron Crown|73/100
|upkeep
|turn|7
|
|t:|1757871669
|move|p2a: Iron Crown|Volt Switch|p1a: Heatran
|-damage|p1a: Heatran|82/100
|
|t:|1757871673
|-end|p2a: Iron Crown|Quark Drive|[silent]
|switch|p2a: Tyranitar|Tyranitar, M, shiny|100/100|[from] Volt Switch
|move|p1a: Heatran|Magma Storm|p2a: Tyranitar
|-resisted|p2a: Tyranitar
|-crit|p2a: Tyranitar
|-damage|p2a: Tyranitar|78/100
|-activate|p2a: Tyranitar|move: Magma Storm|[of] p1a: Heatran
|
|-weather|Sandstorm|[upkeep]
|-heal|p1a: Heatran|88/100|[from] item: Leftovers
|-damage|p2a: Tyranitar|65/100|[from] move: Magma Storm|[partiallytrapped]
|upkeep
|turn|8
|
|t:|1757871678
|move|p1a: Heatran|Protect|p1a: Heatran
|-singleturn|p1a: Heatran|Protect
|move|p2a: Tyranitar|Knock Off|p1a: Heatran
|-activate|p1a: Heatran|move: Protect
|
|-weather|Sandstorm|[upkeep]
|-heal|p1a: Heatran|94/100|[from] item: Leftovers
|-damage|p2a: Tyranitar|53/100|[from] move: Magma Storm|[partiallytrapped]
|upkeep
|turn|9
|
|t:|1757871683
|move|p2a: Tyranitar|Knock Off|p1a: Heatran
|-damage|p1a: Heatran|39/100
|-enditem|p1a: Heatran|Leftovers|[from] move: Knock Off|[of] p2a: Tyranitar
|move|p1a: Heatran|Stealth Rock|p2a: Tyranitar
|-sidestart|p2: BeachLeak|move: Stealth Rock
|
|-weather|none
|-damage|p2a: Tyranitar|41/100|[from] move: Magma Storm|[partiallytrapped]
|upkeep
|turn|10
|
|t:|1757871691
|move|p1a: Heatran|Protect|p1a: Heatran
|-singleturn|p1a: Heatran|Protect
|move|p2a: Tyranitar|Knock Off|p1a: Heatran
|-activate|p1a: Heatran|move: Protect
|
|-damage|p2a: Tyranitar|29/100|[from] move: Magma Storm|[partiallytrapped]
|upkeep
|turn|11
|
|t:|1757871710
|move|p2a: Tyranitar|Knock Off|p1a: Heatran
|-damage|p1a: Heatran|2/100
|move|p1a: Heatran|Magma Storm|p2a: Tyranitar|[miss]
|-miss|p1a: Heatran|p2a: Tyranitar
|
|-damage|p2a: Tyranitar|16/100|[from] move: Magma Storm|[partiallytrapped]
|upkeep
|turn|12
|
|t:|1757871713
|move|p1a: Heatran|Protect|p1a: Heatran
|-singleturn|p1a: Heatran|Protect
|move|p2a: Tyranitar|Knock Off|p1a: Heatran
|-activate|p1a: Heatran|move: Protect
|
|-end|p2a: Tyranitar|Magma Storm|[partiallytrapped]
|upkeep
|turn|13
|
|t:|1757871716
|move|p2a: Tyranitar|Knock Off|p1a: Heatran
|-damage|p1a: Heatran|0 fnt
|faint|p1a: Heatran
|
|upkeep
|
|t:|1757871721
|switch|p1a: Sandy Shocks|Sandy Shocks|100/100
|-enditem|p1a: Sandy Shocks|Booster Energy
|-activate|p1a: Sandy Shocks|ability: Protosynthesis|[fromitem]
|-start|p1a: Sandy Shocks|protosynthesisspe
|turn|14
|
|t:|1757871728
|switch|p2a: Zamazenta|Zamazenta|100/100
|-damage|p2a: Zamazenta|94/100|[from] Stealth Rock
|-ability|p2a: Zamazenta|Dauntless Shield|boost
|-boost|p2a: Zamazenta|def|1
|move|p1a: Sandy Shocks|Earth Power|p2a: Zamazenta
|-damage|p2a: Zamazenta|51/100
|
|upkeep
|turn|15
|
|t:|1757871734
|move|p1a: Sandy Shocks|Thunderbolt|p2a: Zamazenta
|-damage|p2a: Zamazenta|13/100
|move|p2a: Zamazenta|Close Combat|p1a: Sandy Shocks
|-damage|p1a: Sandy Shocks|17/100
|-unboost|p2a: Zamazenta|def|1
|-unboost|p2a: Zamazenta|spd|1
|-damage|p2a: Zamazenta|3/100|[from] item: Life Orb
|
|upkeep
|turn|16
|
|t:|1757871747
|switch|p2a: Tyranitar|Tyranitar, M, shiny|16/100
|-damage|p2a: Tyranitar|4/100|[from] Stealth Rock
|-weather|Sandstorm|[from] ability: Sand Stream|[of] p2a: Tyranitar
|move|p1a: Sandy Shocks|Thunderbolt|p2a: Tyranitar
|-damage|p2a: Tyranitar|0 fnt
|faint|p2a: Tyranitar
|
|-weather|Sandstorm|[upkeep]
|upkeep
|
|t:|1757871753
|switch|p2a: Excadrill|Excadrill, M|84/100
|-damage|p2a: Excadrill|81/100|[from] Stealth Rock
|-item|p2a: Excadrill|Air Balloon
|turn|17
|
|t:|1757871758
|-end|p1a: Sandy Shocks|Protosynthesis|[silent]
|switch|p1a: Corviknight|Corviknight, F|88/100
|-ability|p1a: Corviknight|Pressure
|move|p2a: Excadrill|Rapid Spin|p1a: Corviknight
|-resisted|p1a: Corviknight
|-damage|p1a: Corviknight|83/100
|-boost|p2a: Excadrill|spe|1
|-damage|p2a: Excadrill|64/100|[from] item: Rocky Helmet|[of] p1a: Corviknight
|-sideend|p2: BeachLeak|Stealth Rock|[from] move: Rapid Spin|[of] p2a: Excadrill
|
|-weather|Sandstorm|[upkeep]
|upkeep
|turn|18
|
|t:|1757871762
|switch|p2a: Sherbet|Salamence, M, shiny, tera:Fire|95/100
|-ability|p2a: Sherbet|Intimidate|boost
|-unboost|p1a: Corviknight|atk|1
|move|p1a: Corviknight|U-turn|p2a: Sherbet
|-resisted|p2a: Sherbet
|-damage|p2a: Sherbet|88/100
|
|t:|1757871767
|switch|p1a: Sandy Shocks|Sandy Shocks|17/100|[from] U-turn
|
|-weather|Sandstorm|[upkeep]
|-damage|p2a: Sherbet|82/100|[from] Sandstorm
|upkeep
|turn|19
|
|t:|1757871781
|switch|p2a: Zamazenta|Zamazenta|3/100
|move|p1a: Sandy Shocks|Earth Power|p2a: Zamazenta
|-damage|p2a: Zamazenta|0 fnt
|faint|p2a: Zamazenta
|
|-weather|Sandstorm|[upkeep]
|upkeep
|
|t:|1757871789
|switch|p2a: Excadrill|Excadrill, M|64/100
|-item|p2a: Excadrill|Air Balloon
|turn|20
|
|t:|1757871799
|-end|p1a: Sandy Shocks|Protosynthesis|[silent]
|switch|p1a: Corviknight|Corviknight, F|83/100
|-ability|p1a: Corviknight|Pressure
|move|p2a: Excadrill|Iron Head|p1a: Corviknight
|-resisted|p1a: Corviknight
|-damage|p1a: Corviknight|71/100
|-damage|p2a: Excadrill|48/100|[from] item: Rocky Helmet|[of] p1a: Corviknight
|
|-weather|none
|upkeep
|turn|21
|
|t:|1757871802
|switch|p2a: Sherbet|Salamence, M, shiny, tera:Fire|82/100
|-ability|p2a: Sherbet|Intimidate|boost
|-unboost|p1a: Corviknight|atk|1
|move|p1a: Corviknight|Roost|p1a: Corviknight
|-heal|p1a: Corviknight|100/100
|-singleturn|p1a: Corviknight|move: Roost
|
|upkeep
|turn|22
|
|t:|1757871811
|switch|p1a: Slowking|Slowking-Galar, F|100/100
|move|p2a: Sherbet|Fire Blast|p1a: Slowking
|-damage|p1a: Slowking|54/100
|
|upkeep
|turn|23
|
|t:|1757871817
|switch|p2a: Iron Crown|Iron Crown|73/100
|-prepare|p1a: Slowking|Chilly Reception|[premajor]
|move|p1a: Slowking|Chilly Reception|p1a: Slowking
|-weather|Snowscape
|
|t:|1757871821
|switch|p1a: Gholdengo|Gholdengo|100/100|[from] Chilly Reception
|
|-weather|Snowscape|[upkeep]
|upkeep
|turn|24
|
|t:|1757871831
|move|p2a: Iron Crown|Volt Switch|p1a: Gholdengo
|-damage|p1a: Gholdengo|79/100
|
|t:|1757871841
|-end|p2a: Iron Crown|Quark Drive|[silent]
|switch|p2a: Excadrill|Excadrill, M|48/100|[from] Volt Switch
|-item|p2a: Excadrill|Air Balloon
|move|p1a: Gholdengo|Shadow Ball|p2a: Excadrill
|-damage|p2a: Excadrill|0 fnt
|-enditem|p2a: Excadrill|Air Balloon
|faint|p2a: Excadrill
|
|-weather|Snowscape|[upkeep]
|upkeep
|
|t:|1757871848
|switch|p2a: Sherbet|Salamence, M, shiny, tera:Fire|82/100
|-ability|p2a: Sherbet|Intimidate|boost
|-unboost|p1a: Gholdengo|atk|1
|turn|25
|
|t:|1757871855
|switch|p1a: Slowking|Slowking-Galar, F|87/100
|move|p2a: Sherbet|Draco Meteor|p1a: Slowking
|-damage|p1a: Slowking|36/100
|-unboost|p2a: Sherbet|spa|2
|
|-weather|Snowscape|[upkeep]
|upkeep
|turn|26
|
|t:|1757871867
|switch|p2a: Azumarill|Azumarill, F, shiny|100/100
|switch|p1a: Gholdengo|Gholdengo|79/100
|
|-weather|Snowscape|[upkeep]
|upkeep
|turn|27
|
|t:|1757871880
|switch|p2a: Sherbet|Salamence, M, shiny, tera:Fire|82/100
|-ability|p2a: Sherbet|Intimidate|boost
|-unboost|p1a: Gholdengo|atk|1
|move|p1a: Gholdengo|Shadow Ball|p2a: Sherbet
|-damage|p2a: Sherbet|39/100
|
|-weather|none
|upkeep
|turn|28
|
|t:|1757871888
|switch|p1a: Slowking|Slowking-Galar, F|69/100
|move|p2a: Sherbet|Fire Blast|p1a: Slowking
|-damage|p1a: Slowking|25/100
|
|upkeep
|turn|29
|
|t:|1757871900
|-terastallize|p1a: Slowking|Water
|move|p2a: Sherbet|Fire Blast|p1a: Slowking
|-resisted|p1a: Slowking
|-damage|p1a: Slowking|3/100
|-prepare|p1a: Slowking|Chilly Reception|[premajor]
|move|p1a: Slowking|Chilly Reception|p1a: Slowking
|-weather|Snowscape
|
|t:|1757871906
|switch|p1a: Sandy Shocks|Sandy Shocks|17/100|[from] Chilly Reception
|
|-weather|Snowscape|[upkeep]
|upkeep
|turn|30
|
|t:|1757871911
|move|p1a: Sandy Shocks|Earth Power|p2a: Sherbet
|-supereffective|p2a: Sherbet
|-damage|p2a: Sherbet|0 fnt
|faint|p2a: Sherbet
|
|-weather|Snowscape|[upkeep]
|upkeep
|
|t:|1757871915
|switch|p2a: Azumarill|Azumarill, F, shiny|100/100
|turn|31
|
|t:|1757871931
|-end|p1a: Sandy Shocks|Protosynthesis|[silent]
|switch|p1a: Corviknight|Corviknight, F|100/100
|-ability|p1a: Corviknight|Pressure
|move|p2a: Azumarill|Aqua Jet|p1a: Corviknight
|-damage|p1a: Corviknight|85/100
|-damage|p2a: Azumarill|84/100|[from] item: Rocky Helmet|[of] p1a: Corviknight
|
|-weather|Snowscape|[upkeep]
|upkeep
|turn|32
|
|t:|1757871937
|move|p2a: Azumarill|Belly Drum|p2a: Azumarill
|-damage|p2a: Azumarill|34/100
|-setboost|p2a: Azumarill|atk|6|[from] move: Belly Drum
|-enditem|p2a: Azumarill|Sitrus Berry|[eat]
|-heal|p2a: Azumarill|59/100|[from] item: Sitrus Berry
|move|p1a: Corviknight|Brave Bird|p2a: Azumarill
|-damage|p2a: Azumarill|17/100
|-damage|p1a: Corviknight|72/100|[from] Recoil
|
|-weather|Snowscape|[upkeep]
|upkeep
|turn|33
|
|t:|1757871948
|move|p2a: Azumarill|Liquidation|p1a: Corviknight
|-damage|p1a: Corviknight|0 fnt
|-damage|p2a: Azumarill|0 fnt|[from] item: Rocky Helmet|[of] p1a: Corviknight
|faint|p1a: Corviknight
|faint|p2a: Azumarill
|
|-weather|none
|upkeep
|
|t:|1757871952
|switch|p2a: Iron Crown|Iron Crown|73/100
|switch|p1a: Sandy Shocks|Sandy Shocks|17/100
|turn|34
|
|t:|1757871957
|move|p2a: Iron Crown|Psychic Noise|p1a: Sandy Shocks
|-damage|p1a: Sandy Shocks|0 fnt
|faint|p1a: Sandy Shocks
|-end|p1a: Sandy Shocks|Protosynthesis|[silent]
|
|upkeep
|
|t:|1757871961
|switch|p1a: Slowking|Slowking-Galar, F, tera:Water|36/100
|turn|35
|
|t:|1757871963
|move|p2a: Iron Crown|Psychic Noise|p1a: Slowking
|-damage|p1a: Slowking|13/100
|-start|p1a: Slowking|move: Heal Block
|move|p1a: Slowking|Future Sight|p2a: Iron Crown
|-start|p1a: Slowking|move: Future Sight
|
|upkeep
|turn|36
|
|t:|1757871967
|move|p2a: Iron Crown|Psychic Noise|p1a: Slowking
|-damage|p1a: Slowking|0 fnt
|faint|p1a: Slowking
|
|upkeep
|
|t:|1757871969
|switch|p1a: Gholdengo|Gholdengo|79/100
|turn|37
|
|t:|1757871971
|move|p2a: Iron Crown|Psychic Noise|p1a: Gholdengo
|-resisted|p1a: Gholdengo
|-damage|p1a: Gholdengo|61/100
|move|p1a: Gholdengo|Shadow Ball|p2a: Iron Crown
|-supereffective|p2a: Iron Crown
|-damage|p2a: Iron Crown|5/100
|
|-end|p2a: Iron Crown|move: Future Sight
|-resisted|p2a: Iron Crown
|-damage|p2a: Iron Crown|0 fnt
|faint|p2a: Iron Crown
|-end|p2a: Iron Crown|Quark Drive|[silent]
|
|win|cr aries
|raw|cr aries's rating: 1602 &rarr; <strong>1622</strong><br />(+20 for winning)
|raw|BeachLeak's rating: 1603 &rarr; <strong>1583</strong><br />(-20 for losing)
|l|☆BeachLeak
|player|p2|
|l|☆cr aries
|player|p1|
