|j|☆tommy3002
|j|☆cjba
|t:|1757940656
|gametype|singles
|player|p1|tommy3002|supernerd|1073
|player|p2|cjba|169|1060
|gen|9
|tier|[Gen 9] OU
|rated|
|rule|HP Percentage Mod: HP is shown in percentages
|rule|Endless Battle Clause: Forcing endless battles is banned
|rule|Species Clause: Limit one of each Pokémon
|rule|OHKO Clause: OHKO moves are banned
|rule|Evasion Items Clause: Evasion items are banned
|rule|Evasion Moves Clause: Evasion moves are banned
|rule|Evasion Abilities Clause: Evasion abilities are banned
|rule|Sleep Moves Clause: Sleep-inducing moves are banned
|clearpoke
|poke|p1|Salamence, M|
|poke|p1|Rotom-Frost|
|poke|p1|Ninetales-Alola, F|
|poke|p1|Blaziken, F|
|poke|p1|Hydreigon, M|
|poke|p1|Iron Valiant|
|poke|p2|Glimmora, M|
|poke|p2|Blaziken, M|
|poke|p2|Dragonite, F|
|poke|p2|Enamorus, F|
|poke|p2|Iron Crown|
|poke|p2|Great Tusk|
|teampreview
|inactive|Battle timer is ON: inactive players will automatically lose when time's up. (requested by tommy3002)
|
|t:|1757940663
|teamsize|p1|6
|teamsize|p2|6
|start
|switch|p1a: Ninetales|Ninetales-Alola, F|100/100
|switch|p2a: Glimmora|Glimmora, M|100/100
|-weather|Snowscape|[from] ability: Snow Warning|[of] p1a: Ninetales
|turn|1
|
|t:|1757940671
|move|p1a: Ninetales|Aurora Veil|p1a: Ninetales
|-sidestart|p1: tommy3002|move: Aurora Veil
|move|p2a: Glimmora|Stealth Rock|p1a: Ninetales
|-sidestart|p1: tommy3002|move: Stealth Rock
|
|-weather|Snowscape|[upkeep]
|upkeep
|turn|2
|
|t:|1757940677
|switch|p1a: Rotom|Rotom-Frost|100/100
|-damage|p1a: Rotom|76/100|[from] Stealth Rock
|move|p2a: Glimmora|Power Gem|p1a: Rotom
|-supereffective|p1a: Rotom
|-damage|p1a: Rotom|28/100
|
|-weather|Snowscape|[upkeep]
|upkeep
|turn|3
|
|t:|1757940685
|move|p1a: Rotom|Blizzard|p2a: Glimmora
|-damage|p2a: Glimmora|41/100
|move|p2a: Glimmora|Power Gem|p1a: Rotom
|-supereffective|p1a: Rotom
|-damage|p1a: Rotom|0 fnt
|faint|p1a: Rotom
|
|-weather|Snowscape|[upkeep]
|-heal|p2a: Glimmora|48/100|[from] item: Leftovers
|upkeep
|
|t:|1757940693
|switch|p1a: Hydreigon|Hydreigon, M|100/100
|-damage|p1a: Hydreigon|88/100|[from] Stealth Rock
|turn|4
|
|t:|1757940696
|move|p1a: Hydreigon|Nasty Plot|p1a: Hydreigon
|-boost|p1a: Hydreigon|spa|2
|move|p2a: Glimmora|Sludge Wave|p1a: Hydreigon
|-damage|p1a: Hydreigon|63/100
|
|-weather|Snowscape|[upkeep]
|-heal|p2a: Glimmora|54/100|[from] item: Leftovers
|upkeep
|turn|5
|
|t:|1757940704
|move|p1a: Hydreigon|Dark Pulse|p2a: Glimmora
|-damage|p2a: Glimmora|0 fnt
|faint|p2a: Glimmora
|
|-weather|none
|upkeep
|
|t:|1757940707
|switch|p2a: Enamorus|Enamorus, F|100/100
|turn|6
|
|t:|1757940717
|-terastallize|p1a: Hydreigon|Fire
|move|p1a: Hydreigon|Flash Cannon|p2a: Enamorus
|-supereffective|p2a: Enamorus
|-damage|p2a: Enamorus|0 fnt
|faint|p2a: Enamorus
|
|upkeep
|
|t:|1757940726
|switch|p2a: Dragonite|Dragonite, F|100/100
|turn|7
|
|t:|1757940731
|move|p1a: Hydreigon|Dragon Pulse|p2a: Dragonite
|-supereffective|p2a: Dragonite
|-damage|p2a: Dragonite|2/100
|-enditem|p2a: Dragonite|Weakness Policy
|-boost|p2a: Dragonite|atk|2|[from] item: Weakness Policy
|-boost|p2a: Dragonite|spa|2|[from] item: Weakness Policy
|move|p2a: Dragonite|Dragon Dance|p2a: Dragonite
|-boost|p2a: Dragonite|atk|1
|-boost|p2a: Dragonite|spe|1
|
|upkeep
|turn|8
|
|t:|1757940740
|move|p2a: Dragonite|Scale Shot|p1a: Hydreigon
|-damage|p1a: Hydreigon|45/100
|-damage|p1a: Hydreigon|26/100
|-hitcount|p1a: Hydreigon|2
|-unboost|p2a: Dragonite|def|1
|-boost|p2a: Dragonite|spe|1
|move|p1a: Hydreigon|Dragon Pulse|p2a: Dragonite
|-supereffective|p2a: Dragonite
|-crit|p2a: Dragonite
|-damage|p2a: Dragonite|0 fnt
|faint|p2a: Dragonite
|
|-sideend|p1: tommy3002|move: Aurora Veil
|upkeep
|
|t:|1757940748
|switch|p2a: Iron Crown|Iron Crown|100/100
|turn|9
|
|t:|1757940753
|move|p1a: Hydreigon|Dark Pulse|p2a: Iron Crown
|-supereffective|p2a: Iron Crown
|-damage|p2a: Iron Crown|0 fnt
|faint|p2a: Iron Crown
|-end|p2a: Iron Crown|Quark Drive|[silent]
|
|upkeep
|
|t:|1757940756
|switch|p2a: Blaziken|Blaziken, M|100/100
|turn|10
|
|t:|1757940759
|move|p1a: Hydreigon|Dragon Pulse|p2a: Blaziken
|-damage|p2a: Blaziken|0 fnt
|faint|p2a: Blaziken
|
|upkeep
|
|t:|1757940762
|switch|p2a: Great Tusk|Great Tusk|100/100
|turn|11
|
|t:|1757940765
|move|p1a: Hydreigon|Dragon Pulse|p2a: Great Tusk
|-damage|p2a: Great Tusk|29/100
|move|p2a: Great Tusk|Rapid Spin|p1a: Hydreigon
|-damage|p1a: Hydreigon|8/100
|-boost|p2a: Great Tusk|spe|1
|
|upkeep
|turn|12
|inactive|cjba has 120 seconds left.
|inactive|cjba has 90 seconds left.
|inactive|cjba has 60 seconds left.
|inactive|cjba has 30 seconds left.
|inactive|cjba has 20 seconds left.
|inactive|cjba has 15 seconds left.
|inactive|cjba has 10 seconds left.
|inactive|cjba has 5 seconds left.
|-message|cjba lost due to inactivity.
|
|win|tommy3002
|raw|tommy3002's rating: 1073 &rarr; <strong>1101</strong><br />(+28 for winning)
|raw|cjba's rating: 1060 &rarr; <strong>1042</strong><br />(-18 for losing)
|l|☆tommy3002
|player|p1|
|l|☆cjba
|player|p2|
