|j|☆merlinji
|j|☆hotsauce2910
|t:|1757830018
|gametype|singles
|player|p1|merlinji|2|
|player|p2|hotsauce2910|170|
|gen|9
|tier|[Gen 9] OU
|rule|HP Percentage Mod: HP is shown in percentages
|rule|Endless Battle Clause: Forcing endless battles is banned
|rule|Species Clause: Limit one of each Pokémon
|rule|OHKO Clause: OHKO moves are banned
|rule|Evasion Items Clause: Evasion items are banned
|rule|Evasion Moves Clause: Evasion moves are banned
|rule|Evasion Abilities Clause: Evasion abilities are banned
|rule|Sleep Moves Clause: Sleep-inducing moves are banned
|clearpoke
|poke|p1|Gholdengo|
|poke|p1|Basculegion-F, F|
|poke|p1|Primarina, F|
|poke|p1|Chansey, F|
|poke|p1|Glimmora, F|
|poke|p1|Sinistcha-Masterpiece|
|poke|p2|Rotom-Heat|
|poke|p2|Toxapex, F|
|poke|p2|Landorus-Therian, M|
|poke|p2|Mamoswine, F|
|poke|p2|Corviknight, F|
|poke|p2|Garganacl, M|
|teampreview
|
|t:|1757830035
|teamsize|p1|6
|teamsize|p2|6
|start
|switch|p1a: Chansey|Chansey, F|100/100
|switch|p2a: Manny|Mamoswine, F|100/100
|turn|1
|
|t:|1757830048
|move|p2a: Manny|Earthquake|p1a: Chansey
|-damage|p1a: Chansey|68/100
|move|p1a: Chansey|Stealth Rock|p2a: Manny
|-sidestart|p2: hotsauce2910|move: Stealth Rock
|
|upkeep
|turn|2
|j| lazorcat
|
|t:|1757830067
|switch|p1a: Sinistcha|Sinistcha-Masterpiece|100/100
|move|p2a: Manny|Stealth Rock|p1a: Sinistcha
|-sidestart|p1: merlinji|move: Stealth Rock
|
|upkeep
|turn|3
|
|t:|1757830076
|move|p2a: Manny|Icicle Crash|p1a: Sinistcha
|-supereffective|p1a: Sinistcha
|-damage|p1a: Sinistcha|22/100
|move|p1a: Sinistcha|Matcha Gotcha|p2a: Manny
|-supereffective|p2a: Manny
|-damage|p2a: Manny|15/100
|-heal|p1a: Sinistcha|67/100|[from] drain|[of] p2a: Manny
|-status|p2a: Manny|brn
|
|-heal|p1a: Sinistcha|73/100|[from] item: Leftovers
|-damage|p2a: Manny|9/100 brn|[from] brn
|upkeep
|turn|4
|
|t:|1757830110
|move|p2a: Manny|Icicle Crash|p1a: Sinistcha|[miss]
|-miss|p2a: Manny|p1a: Sinistcha
|move|p1a: Sinistcha|Matcha Gotcha|p2a: Manny
|-supereffective|p2a: Manny
|-damage|p2a: Manny|0 fnt
|-heal|p1a: Sinistcha|78/100|[from] drain|[of] p2a: Manny
|faint|p2a: Manny
|
|-heal|p1a: Sinistcha|84/100|[from] item: Leftovers
|upkeep
|
|t:|1757830121
|switch|p2a: Fred Upton|Rotom-Heat, shiny|100/100
|turn|5
|
|t:|1757830141
|switch|p1a: Basculegion|Basculegion-F, F|100/100
|-damage|p1a: Basculegion|88/100|[from] Stealth Rock
|move|p2a: Fred Upton|Nasty Plot|p2a: Fred Upton
|-boost|p2a: Fred Upton|spa|2
|
|upkeep
|turn|6
|
|t:|1757830151
|move|p2a: Fred Upton|Volt Switch|p1a: Basculegion
|-supereffective|p1a: Basculegion
|-damage|p1a: Basculegion|0 fnt
|faint|p1a: Basculegion
|
|t:|1757830171
|switch|p2a: Bird|Corviknight, F, shiny|100/100|[from] Volt Switch
|-damage|p2a: Bird|88/100|[from] Stealth Rock
|
|upkeep
|
|t:|1757830194
|switch|p1a: Gholdengo|Gholdengo|100/100
|turn|7
|
|t:|1757830200
|move|p1a: Gholdengo|Nasty Plot|p1a: Gholdengo
|-boost|p1a: Gholdengo|spa|2
|move|p2a: Bird|U-turn|p1a: Gholdengo
|-resisted|p1a: Gholdengo
|-damage|p1a: Gholdengo|96/100
|
|t:|1757830207
|switch|p2a: Baihu|Landorus-Therian, M|100/100|[from] U-turn
|-damage|p2a: Baihu|88/100|[from] Stealth Rock
|-ability|p2a: Baihu|Intimidate|boost
|-unboost|p1a: Gholdengo|atk|1
|
|upkeep
|turn|8
|
|t:|1757830233
|-terastallize|p1a: Gholdengo|Fairy
|move|p2a: Baihu|Earthquake|p1a: Gholdengo
|-damage|p1a: Gholdengo|35/100
|move|p1a: Gholdengo|Make It Rain|p2a: Baihu
|-damage|p2a: Baihu|0 fnt
|-unboost|p1a: Gholdengo|spa|1
|faint|p2a: Baihu
|
|upkeep
|
|t:|1757830249
|switch|p2a: Fred Upton|Rotom-Heat, shiny|100/100
|turn|9
|
|t:|1757830295
|move|p2a: Fred Upton|Overheat|p1a: Gholdengo|[miss]
|-miss|p2a: Fred Upton|p1a: Gholdengo
|move|p1a: Gholdengo|Shadow Ball|p2a: Fred Upton
|-damage|p2a: Fred Upton|33/100
|
|upkeep
|turn|10
|
|t:|1757830304
|move|p2a: Fred Upton|Overheat|p1a: Gholdengo
|-damage|p1a: Gholdengo|0 fnt
|-unboost|p2a: Fred Upton|spa|2
|faint|p1a: Gholdengo
|
|upkeep
|
|t:|1757830313
|switch|p1a: Glimmora|Glimmora, F|100/100
|-damage|p1a: Glimmora|88/100|[from] Stealth Rock
|turn|11
|
|t:|1757830333
|move|p1a: Glimmora|Mortal Spin|p2a: Fred Upton
|-damage|p2a: Fred Upton|27/100
|-status|p2a: Fred Upton|psn
|-sideend|p1: merlinji|Stealth Rock|[from] move: Mortal Spin|[of] p1a: Glimmora
|move|p2a: Fred Upton|Pain Split|p1a: Glimmora
|-sethp|p1a: Glimmora|57/100|[from] move: Pain Split|[silent]
|-sethp|p2a: Fred Upton|58/100 psn|[from] move: Pain Split
|
|-damage|p2a: Fred Upton|46/100 psn|[from] psn
|upkeep
|turn|12
|
|t:|1757830346
|move|p1a: Glimmora|Earth Power|p2a: Fred Upton
|-immune|p2a: Fred Upton|[from] ability: Levitate
|move|p2a: Fred Upton|Volt Switch|p1a: Glimmora
|-damage|p1a: Glimmora|40/100
|-enditem|p1a: Glimmora|Red Card|[of] p2a: Fred Upton
|drag|p2a: Evil|Toxapex, F|100/100
|-damage|p2a: Evil|88/100|[from] Stealth Rock
|
|-heal|p2a: Evil|94/100|[from] item: Black Sludge
|upkeep
|turn|13
|
|t:|1757830364
|move|p1a: Glimmora|Earth Power|p2a: Evil
|-supereffective|p2a: Evil
|-damage|p2a: Evil|51/100
|move|p2a: Evil|Toxic Spikes|p1a: Glimmora
|-sidestart|p1: merlinji|move: Toxic Spikes
|
|-heal|p2a: Evil|58/100|[from] item: Black Sludge
|upkeep
|turn|14
|
|t:|1757830369
|move|p1a: Glimmora|Earth Power|p2a: Evil
|-supereffective|p2a: Evil
|-damage|p2a: Evil|7/100
|move|p2a: Evil|Toxic Spikes|p1a: Glimmora
|-sidestart|p1: merlinji|move: Toxic Spikes
|
|-heal|p2a: Evil|13/100|[from] item: Black Sludge
|upkeep
|turn|15
|
|t:|1757830375
|switch|p2a: Bird|Corviknight, F, shiny|88/100
|-damage|p2a: Bird|76/100|[from] Stealth Rock
|move|p1a: Glimmora|Earth Power|p2a: Bird
|-immune|p2a: Bird
|
|upkeep
|turn|16
|
|t:|1757830384
|move|p1a: Glimmora|Mortal Spin|p2a: Bird
|-immune|p2a: Bird
|move|p2a: Bird|Iron Defense|p2a: Bird
|-boost|p2a: Bird|def|2
|
|upkeep
|turn|17
|
|t:|1757830409
|move|p1a: Glimmora|Power Gem|p2a: Bird
|-damage|p2a: Bird|49/100
|move|p2a: Bird|Iron Defense|p2a: Bird
|-boost|p2a: Bird|def|2
|
|upkeep
|turn|18
|
|t:|1757830414
|move|p1a: Glimmora|Power Gem|p2a: Bird
|-damage|p2a: Bird|22/100
|move|p2a: Bird|Roost|p2a: Bird
|-heal|p2a: Bird|72/100
|-singleturn|p2a: Bird|move: Roost
|
|upkeep
|turn|19
|
|t:|1757830421
|move|p1a: Glimmora|Power Gem|p2a: Bird
|-damage|p2a: Bird|44/100
|move|p2a: Bird|Roost|p2a: Bird
|-heal|p2a: Bird|94/100
|-singleturn|p2a: Bird|move: Roost
|
|upkeep
|turn|20
|
|t:|1757830426
|move|p1a: Glimmora|Power Gem|p2a: Bird
|-damage|p2a: Bird|66/100
|move|p2a: Bird|Body Press|p1a: Glimmora
|-damage|p1a: Glimmora|0 fnt
|-activate|p1a: Glimmora|ability: Toxic Debris
|-sidestart|p2: hotsauce2910|move: Toxic Spikes
|faint|p1a: Glimmora
|
|upkeep
|
|t:|1757830452
|switch|p1a: Sinistcha|Sinistcha-Masterpiece|84/100
|-status|p1a: Sinistcha|tox
|turn|21
|
|t:|1757830469
|move|p1a: Sinistcha|Shadow Ball|p2a: Bird
|-crit|p2a: Bird
|-damage|p2a: Bird|31/100
|move|p2a: Bird|Roost|p2a: Bird
|-heal|p2a: Bird|81/100
|-singleturn|p2a: Bird|move: Roost
|
|-heal|p1a: Sinistcha|90/100 tox|[from] item: Leftovers
|-damage|p1a: Sinistcha|84/100 tox|[from] psn
|upkeep
|turn|22
|
|t:|1757830481
|switch|p1a: Chansey|Chansey, F|68/100
|-status|p1a: Chansey|tox
|move|p2a: Bird|Body Press|p1a: Chansey
|-supereffective|p1a: Chansey
|-damage|p1a: Chansey|0 fnt
|faint|p1a: Chansey
|
|upkeep
|
|t:|1757830498
|switch|p1a: Primarina|Primarina, F|100/100
|-status|p1a: Primarina|tox
|turn|23
|
|t:|1757830511
|move|p1a: Primarina|Psychic Noise|p2a: Bird
|-resisted|p2a: Bird
|-damage|p2a: Bird|73/100
|-start|p2a: Bird|move: Heal Block
|move|p2a: Bird|Body Press|p1a: Primarina
|-resisted|p1a: Primarina
|-damage|p1a: Primarina|64/100 tox
|
|-damage|p1a: Primarina|58/100 tox|[from] psn
|upkeep
|turn|24
|
|t:|1757830526
|move|p1a: Primarina|Moonblast|p2a: Bird
|-resisted|p2a: Bird
|-damage|p2a: Bird|56/100
|move|p2a: Bird|Body Press|p1a: Primarina
|-resisted|p1a: Primarina
|-damage|p1a: Primarina|17/100 tox
|
|-damage|p1a: Primarina|4/100 tox|[from] psn
|-end|p2a: Bird|move: Heal Block
|upkeep
|turn|25
|
|t:|1757830537
|move|p1a: Primarina|Whirlpool|p2a: Bird
|-damage|p2a: Bird|36/100
|-activate|p2a: Bird|move: Whirlpool|[of] p1a: Primarina
|move|p2a: Bird|Roost|p2a: Bird
|-heal|p2a: Bird|86/100
|-singleturn|p2a: Bird|move: Roost
|
|-damage|p1a: Primarina|0 fnt|[from] psn
|faint|p1a: Primarina
|-end|p2a: Bird|Whirlpool|[partiallytrapped]|[silent]
|upkeep
|
|t:|1757830540
|switch|p1a: Sinistcha|Sinistcha-Masterpiece|84/100 tox
|turn|26
|
|t:|1757830551
|move|p1a: Sinistcha|Shadow Ball|p2a: Bird
|-damage|p2a: Bird|63/100
|move|p2a: Bird|Body Press|p1a: Sinistcha
|-immune|p1a: Sinistcha
|
|-heal|p1a: Sinistcha|90/100 tox|[from] item: Leftovers
|-damage|p1a: Sinistcha|84/100 tox|[from] psn
|upkeep
|turn|27
|
|t:|1757830559
|move|p1a: Sinistcha|Calm Mind|p1a: Sinistcha
|-boost|p1a: Sinistcha|spa|1
|-boost|p1a: Sinistcha|spd|1
|move|p2a: Bird|Roost|p2a: Bird
|-heal|p2a: Bird|100/100
|-singleturn|p2a: Bird|move: Roost
|
|-heal|p1a: Sinistcha|90/100 tox|[from] item: Leftovers
|-damage|p1a: Sinistcha|78/100 tox|[from] psn
|upkeep
|turn|28
|
|t:|1757830564
|move|p1a: Sinistcha|Calm Mind|p1a: Sinistcha
|-boost|p1a: Sinistcha|spa|1
|-boost|p1a: Sinistcha|spd|1
|move|p2a: Bird|Body Press|p1a: Sinistcha
|-immune|p1a: Sinistcha
|
|-heal|p1a: Sinistcha|84/100 tox|[from] item: Leftovers
|-damage|p1a: Sinistcha|66/100 tox|[from] psn
|upkeep
|turn|29
|
|t:|1757830572
|move|p1a: Sinistcha|Calm Mind|p1a: Sinistcha
|-boost|p1a: Sinistcha|spa|1
|-boost|p1a: Sinistcha|spd|1
|move|p2a: Bird|Roost||[still]
|-fail|p2a: Bird|heal
|
|-heal|p1a: Sinistcha|72/100 tox|[from] item: Leftovers
|-damage|p1a: Sinistcha|47/100 tox|[from] psn
|upkeep
|turn|30
|
|t:|1757830583
|move|p1a: Sinistcha|Strength Sap|p2a: Bird
|-ability|p2a: Bird|Mirror Armor
|-unboost|p1a: Sinistcha|atk|1
|-heal|p1a: Sinistcha|100/100 tox
|move|p2a: Bird|Roost||[still]
|-fail|p2a: Bird|heal
|
|-damage|p1a: Sinistcha|70/100 tox|[from] psn
|upkeep
|turn|31
|
|t:|1757830595
|move|p1a: Sinistcha|Shadow Ball|p2a: Bird
|-damage|p2a: Bird|40/100
|move|p2a: Bird|Roost|p2a: Bird
|-heal|p2a: Bird|90/100
|-singleturn|p2a: Bird|move: Roost
|
|-heal|p1a: Sinistcha|76/100 tox|[from] item: Leftovers
|-damage|p1a: Sinistcha|40/100 tox|[from] psn
|upkeep
|turn|32
|
|t:|1757830610
|move|p1a: Sinistcha|Strength Sap|p2a: Bird
|-ability|p2a: Bird|Mirror Armor
|-unboost|p1a: Sinistcha|atk|1
|-heal|p1a: Sinistcha|100/100 tox
|move|p2a: Bird|U-turn|p1a: Sinistcha
|-damage|p1a: Sinistcha|88/100 tox
|
|t:|1757830617
|switch|p2a: Salty Man|Garganacl, M|100/100|[from] U-turn
|-damage|p2a: Salty Man|88/100|[from] Stealth Rock
|
|-heal|p1a: Sinistcha|94/100 tox|[from] item: Leftovers
|-heal|p2a: Salty Man|94/100|[from] item: Leftovers
|-damage|p1a: Sinistcha|52/100 tox|[from] psn
|upkeep
|turn|33
|
|t:|1757830629
|move|p2a: Salty Man|Protect|p2a: Salty Man
|-singleturn|p2a: Salty Man|Protect
|move|p1a: Sinistcha|Matcha Gotcha|p2a: Salty Man
|-activate|p2a: Salty Man|move: Protect
|
|-heal|p1a: Sinistcha|58/100 tox|[from] item: Leftovers
|-heal|p2a: Salty Man|100/100|[from] item: Leftovers
|-damage|p1a: Sinistcha|9/100 tox|[from] psn
|upkeep
|turn|34
|
|t:|1757830641
|switch|p2a: Bird|Corviknight, F, shiny|90/100
|-damage|p2a: Bird|78/100|[from] Stealth Rock
|move|p1a: Sinistcha|Matcha Gotcha|p2a: Bird
|-resisted|p2a: Bird
|-damage|p2a: Bird|63/100
|-heal|p1a: Sinistcha|18/100 tox|[from] drain|[of] p2a: Bird
|-status|p2a: Bird|brn
|
|-heal|p1a: Sinistcha|24/100 tox|[from] item: Leftovers
|-damage|p1a: Sinistcha|0 fnt|[from] psn
|faint|p1a: Sinistcha
|
|win|hotsauce2910
|l|☆merlinji
|player|p1|
