|j|☆Yusuf241
|j|☆Passerby bye
|t:|1757866369
|gametype|singles
|player|p1|Yusuf241|red|1402
|player|p2|Passerby bye|cyclist|1472
|gen|9
|tier|[Gen 9] OU
|rated|
|rule|HP Percentage Mod: HP is shown in percentages
|rule|Endless Battle Clause: Forcing endless battles is banned
|rule|Species Clause: Limit one of each Pokémon
|rule|OHKO Clause: OHKO moves are banned
|rule|Evasion Items Clause: Evasion items are banned
|rule|Evasion Moves Clause: Evasion moves are banned
|rule|Evasion Abilities Clause: Evasion abilities are banned
|rule|Sleep Moves Clause: Sleep-inducing moves are banned
|clearpoke
|poke|p1|Slowking-Galar, F|
|poke|p1|Hydrapple, F|
|poke|p1|Iron Treads|
|poke|p1|Mandibuzz, F|
|poke|p1|Clefable, F|
|poke|p1|Tauros-Paldea-Aqua, M|
|poke|p2|Magnezone|
|poke|p2|Vileplume, F|
|poke|p2|Gyarados, M|
|poke|p2|Houndoom, M|
|poke|p2|Mamoswine, F|
|poke|p2|Azumarill, F|
|teampreview
|
|t:|1757866381
|teamsize|p1|6
|teamsize|p2|6
|start
|switch|p1a: Iron Treads|Iron Treads, shiny|100/100
|switch|p2a: BST＞540 Pkmn sucks|Gyarados, M, shiny|100/100
|-ability|p2a: BST＞540 Pkmn sucks|Intimidate|boost
|-unboost|p1a: Iron Treads|atk|1
|turn|1
|
|t:|1757866389
|-end|p1a: Iron Treads|Quark Drive|[silent]
|switch|p1a: Hydrapple|Hydrapple, F, shiny|100/100
|move|p2a: BST＞540 Pkmn sucks|Dragon Dance|p2a: BST＞540 Pkmn sucks
|-boost|p2a: BST＞540 Pkmn sucks|atk|1
|-boost|p2a: BST＞540 Pkmn sucks|spe|1
|
|upkeep
|turn|2
|inactive|Battle timer is ON: inactive players will automatically lose when time's up. (requested by Yusuf241)
|
|t:|1757866408
|move|p2a: BST＞540 Pkmn sucks|Thunder Wave|p1a: Hydrapple
|-status|p1a: Hydrapple|par
|move|p1a: Hydrapple|Nasty Plot|p1a: Hydrapple
|-boost|p1a: Hydrapple|spa|2
|
|upkeep
|turn|3
|
|t:|1757866423
|switch|p2a: Ordinary Pkmn only|Vileplume, F|100/100
|move|p1a: Hydrapple|Fickle Beam|p2a: Ordinary Pkmn only
|-damage|p2a: Ordinary Pkmn only|36/100
|
|upkeep
|turn|4
|
|t:|1757866435
|switch|p1a: Slowking|Slowking-Galar, F, shiny|100/100
|move|p2a: Ordinary Pkmn only|Sludge Wave|p1a: Slowking
|-resisted|p1a: Slowking
|-damage|p1a: Slowking|90/100
|
|-heal|p1a: Slowking|96/100|[from] item: Black Sludge
|upkeep
|turn|5
|
|t:|1757866440
|move|p2a: Ordinary Pkmn only|Strength Sap|p1a: Slowking
|-unboost|p1a: Slowking|atk|1
|-heal|p2a: Ordinary Pkmn only|74/100
|move|p1a: Slowking|Psyshock|p2a: Ordinary Pkmn only
|-supereffective|p2a: Ordinary Pkmn only
|-damage|p2a: Ordinary Pkmn only|26/100
|
|-heal|p1a: Slowking|100/100|[from] item: Black Sludge
|upkeep
|turn|6
|
|t:|1757866449
|switch|p2a: Weather Team sucks|Houndoom, M|100/100
|move|p1a: Slowking|Psyshock|p2a: Weather Team sucks
|-immune|p2a: Weather Team sucks
|
|upkeep
|turn|7
|
|t:|1757866454
|move|p2a: Weather Team sucks|Dark Pulse|p1a: Slowking
|-supereffective|p1a: Slowking
|-damage|p1a: Slowking|56/100
|move|p1a: Slowking|Trick|p2a: Weather Team sucks
|-activate|p1a: Slowking|move: Trick|[of] p2a: Weather Team sucks
|-item|p2a: Weather Team sucks|Black Sludge|[from] move: Trick
|-item|p1a: Slowking|Heavy-Duty Boots|[from] move: Trick
|
|-damage|p2a: Weather Team sucks|88/100|[from] item: Black Sludge
|upkeep
|turn|8
|
|t:|1757866465
|move|p2a: Weather Team sucks|Nasty Plot|p2a: Weather Team sucks
|-boost|p2a: Weather Team sucks|spa|2
|move|p1a: Slowking|Sludge Bomb|p2a: Weather Team sucks
|-crit|p2a: Weather Team sucks
|-damage|p2a: Weather Team sucks|14/100
|
|-damage|p2a: Weather Team sucks|1/100|[from] item: Black Sludge
|upkeep
|turn|9
|
|t:|1757866483
|switch|p1a: Clefable|Clefable, F, shiny|100/100
|move|p2a: Weather Team sucks|Dark Pulse|p1a: Clefable
|-resisted|p1a: Clefable
|-damage|p1a: Clefable|83/100
|
|-damage|p2a: Weather Team sucks|0 fnt|[from] item: Black Sludge
|faint|p2a: Weather Team sucks
|-heal|p1a: Clefable|89/100|[from] item: Leftovers
|upkeep
|
|t:|1757866489
|switch|p2a: Legend Pkmn sucks|Magnezone|100/100
|turn|10
|
|t:|1757866503
|switch|p1a: Iron Treads|Iron Treads, shiny|100/100
|move|p2a: Legend Pkmn sucks|Flash Cannon|p1a: Iron Treads
|-resisted|p1a: Iron Treads
|-damage|p1a: Iron Treads|63/100
|
|-heal|p1a: Iron Treads|69/100|[from] item: Leftovers
|upkeep
|turn|11
|
|t:|1757866512
|switch|p2a: BST＞540 Pkmn sucks|Gyarados, M, shiny|100/100
|-ability|p2a: BST＞540 Pkmn sucks|Intimidate|boost
|-unboost|p1a: Iron Treads|atk|1
|move|p1a: Iron Treads|Earthquake|p2a: BST＞540 Pkmn sucks
|-immune|p2a: BST＞540 Pkmn sucks
|
|-heal|p1a: Iron Treads|75/100|[from] item: Leftovers
|upkeep
|turn|12
|
|t:|1757866517
|-end|p1a: Iron Treads|Quark Drive|[silent]
|switch|p1a: Hydrapple|Hydrapple, F, shiny|100/100 par
|move|p2a: BST＞540 Pkmn sucks|Waterfall|p1a: Hydrapple
|-resisted|p1a: Hydrapple
|-damage|p1a: Hydrapple|94/100 par
|-damage|p2a: BST＞540 Pkmn sucks|84/100|[from] item: Rocky Helmet|[of] p1a: Hydrapple
|
|upkeep
|turn|13
|
|t:|1757866522
|switch|p2a: Ordinary Pkmn only|Vileplume, F|26/100
|cant|p1a: Hydrapple|par
|
|upkeep
|turn|14
|
|t:|1757866529
|switch|p1a: Slowking|Slowking-Galar, F, shiny|90/100
|move|p2a: Ordinary Pkmn only|Strength Sap|p1a: Slowking
|-unboost|p1a: Slowking|atk|1
|-heal|p2a: Ordinary Pkmn only|64/100
|
|upkeep
|turn|15
|
|t:|1757866534
|switch|p2a: Legend Pkmn sucks|Magnezone|100/100
|move|p1a: Slowking|Psyshock|p2a: Legend Pkmn sucks
|-resisted|p2a: Legend Pkmn sucks
|-damage|p2a: Legend Pkmn sucks|87/100
|
|upkeep
|turn|16
|
|t:|1757866541
|switch|p1a: Iron Treads|Iron Treads, shiny|75/100
|move|p2a: Legend Pkmn sucks|Flash Cannon|p1a: Iron Treads
|-resisted|p1a: Iron Treads
|-damage|p1a: Iron Treads|41/100
|
|-heal|p1a: Iron Treads|47/100|[from] item: Leftovers
|upkeep
|turn|17
|
|t:|1757866546
|switch|p2a: BST＞540 Pkmn sucks|Gyarados, M, shiny|84/100
|-ability|p2a: BST＞540 Pkmn sucks|Intimidate|boost
|-unboost|p1a: Iron Treads|atk|1
|move|p1a: Iron Treads|Knock Off|p2a: BST＞540 Pkmn sucks
|-damage|p2a: BST＞540 Pkmn sucks|67/100
|-enditem|p2a: BST＞540 Pkmn sucks|Heavy-Duty Boots|[from] move: Knock Off|[of] p1a: Iron Treads
|
|-heal|p1a: Iron Treads|54/100|[from] item: Leftovers
|upkeep
|turn|18
|
|t:|1757866561
|-end|p1a: Iron Treads|Quark Drive|[silent]
|switch|p1a: Hydrapple|Hydrapple, F, shiny|100/100 par
|switch|p2a: Ordinary Pkmn only|Vileplume, F|64/100
|
|upkeep
|turn|19
|
|t:|1757866572
|switch|p1a: Slowking|Slowking-Galar, F, shiny|100/100
|move|p2a: Ordinary Pkmn only|Sludge Wave|p1a: Slowking
|-resisted|p1a: Slowking
|-damage|p1a: Slowking|91/100
|
|upkeep
|turn|20
|
|t:|1757866578
|switch|p2a: Legend Pkmn sucks|Magnezone|87/100
|move|p1a: Slowking|Psyshock|p2a: Legend Pkmn sucks
|-resisted|p2a: Legend Pkmn sucks
|-crit|p2a: Legend Pkmn sucks
|-damage|p2a: Legend Pkmn sucks|66/100
|
|upkeep
|turn|21
|
|t:|1757866582
|move|p2a: Legend Pkmn sucks|Flash Cannon|p1a: Slowking
|-damage|p1a: Slowking|48/100
|-prepare|p1a: Slowking|Chilly Reception|[premajor]
|move|p1a: Slowking|Chilly Reception|p1a: Slowking
|-weather|Snowscape
|
|t:|1757866599
|switch|p1a: Tauros|Tauros-Paldea-Aqua, M, shiny|100/100|[from] Chilly Reception
|-ability|p1a: Tauros|Intimidate|boost
|-unboost|p2a: Legend Pkmn sucks|atk|1
|
|-weather|Snowscape|[upkeep]
|upkeep
|turn|22
|
|t:|1757866623
|switch|p2a: BST＞540 Pkmn sucks|Gyarados, M, shiny|67/100
|-ability|p2a: BST＞540 Pkmn sucks|Intimidate|boost
|-unboost|p1a: Tauros|atk|1
|move|p1a: Tauros|Body Press|p2a: BST＞540 Pkmn sucks
|-resisted|p2a: BST＞540 Pkmn sucks
|-damage|p2a: BST＞540 Pkmn sucks|48/100
|
|-weather|Snowscape|[upkeep]
|upkeep
|turn|23
|
|t:|1757866633
|switch|p1a: Iron Treads|Iron Treads, shiny|54/100
|move|p2a: BST＞540 Pkmn sucks|Thunder Wave|p1a: Iron Treads
|-immune|p1a: Iron Treads
|
|-weather|Snowscape|[upkeep]
|-heal|p1a: Iron Treads|60/100|[from] item: Leftovers
|upkeep
|turn|24
|
|t:|1757866639
|-end|p1a: Iron Treads|Quark Drive|[silent]
|switch|p1a: Hydrapple|Hydrapple, F, shiny|100/100 par
|move|p2a: BST＞540 Pkmn sucks|Waterfall|p1a: Hydrapple
|-resisted|p1a: Hydrapple
|-damage|p1a: Hydrapple|95/100 par
|-damage|p2a: BST＞540 Pkmn sucks|31/100|[from] item: Rocky Helmet|[of] p1a: Hydrapple
|
|-weather|Snowscape|[upkeep]
|upkeep
|turn|25
|
|t:|1757866650
|switch|p2a: Sample Team sucks|Azumarill, F|100/100
|move|p1a: Hydrapple|Fickle Beam|p2a: Sample Team sucks
|-immune|p2a: Sample Team sucks
|
|-weather|none
|upkeep
|turn|26
|
|t:|1757866657
|move|p2a: Sample Team sucks|Play Rough|p1a: Hydrapple
|-supereffective|p1a: Hydrapple
|-damage|p1a: Hydrapple|26/100 par
|-damage|p2a: Sample Team sucks|84/100|[from] item: Rocky Helmet|[of] p1a: Hydrapple
|cant|p1a: Hydrapple|par
|
|upkeep
|turn|27
|
|t:|1757866667
|switch|p1a: Slowking|Slowking-Galar, F, shiny|81/100
|move|p2a: Sample Team sucks|Knock Off|p1a: Slowking
|-supereffective|p1a: Slowking
|-damage|p1a: Slowking|0 fnt
|-enditem|p1a: Slowking|Heavy-Duty Boots|[from] move: Knock Off|[of] p2a: Sample Team sucks
|faint|p1a: Slowking
|
|upkeep
|
|t:|1757866693
|switch|p1a: Hydrapple|Hydrapple, F, shiny|60/100 par
|turn|28
|
|t:|1757866698
|-terastallize|p1a: Hydrapple|Steel
|move|p2a: Sample Team sucks|Play Rough|p1a: Hydrapple
|-resisted|p1a: Hydrapple
|-damage|p1a: Hydrapple|43/100 par
|-damage|p2a: Sample Team sucks|67/100|[from] item: Rocky Helmet|[of] p1a: Hydrapple
|move|p1a: Hydrapple|Nasty Plot|p1a: Hydrapple
|-boost|p1a: Hydrapple|spa|2
|
|upkeep
|turn|29
|
|t:|1757866714
|move|p2a: Sample Team sucks|Liquidation|p1a: Hydrapple
|-damage|p1a: Hydrapple|15/100 par
|-damage|p2a: Sample Team sucks|51/100|[from] item: Rocky Helmet|[of] p1a: Hydrapple
|move|p1a: Hydrapple|Giga Drain|p2a: Sample Team sucks
|-supereffective|p2a: Sample Team sucks
|-damage|p2a: Sample Team sucks|0 fnt
|-heal|p1a: Hydrapple|40/100 par|[from] drain|[of] p2a: Sample Team sucks
|faint|p2a: Sample Team sucks
|
|upkeep
|
|t:|1757866724
|switch|p2a: BST＞540 Pkmn sucks|Gyarados, M, shiny|31/100
|-ability|p2a: BST＞540 Pkmn sucks|Intimidate|boost
|-unboost|p1a: Hydrapple|atk|1
|turn|30
|
|t:|1757866729
|switch|p1a: Mandibuzz|Mandibuzz, F, shiny|100/100
|move|p2a: BST＞540 Pkmn sucks|Earthquake|p1a: Mandibuzz
|-immune|p1a: Mandibuzz
|
|upkeep
|turn|31
|
|t:|1757866733
|move|p1a: Mandibuzz|Foul Play|p2a: BST＞540 Pkmn sucks
|-damage|p2a: BST＞540 Pkmn sucks|0 fnt
|faint|p2a: BST＞540 Pkmn sucks
|
|upkeep
|
|t:|1757866739
|switch|p2a: Legend Pkmn sucks|Magnezone|66/100
|turn|32
|
|t:|1757866743
|switch|p1a: Iron Treads|Iron Treads, shiny|60/100
|move|p2a: Legend Pkmn sucks|Flash Cannon|p1a: Iron Treads
|-resisted|p1a: Iron Treads
|-damage|p1a: Iron Treads|26/100
|
|-heal|p1a: Iron Treads|32/100|[from] item: Leftovers
|upkeep
|turn|33
|
|t:|1757866750
|-terastallize|p2a: Legend Pkmn sucks|Flying
|move|p1a: Iron Treads|Earthquake|p2a: Legend Pkmn sucks
|-immune|p2a: Legend Pkmn sucks
|move|p2a: Legend Pkmn sucks|Flash Cannon|p1a: Iron Treads
|-resisted|p1a: Iron Treads
|-damage|p1a: Iron Treads|0 fnt
|faint|p1a: Iron Treads
|-end|p1a: Iron Treads|Quark Drive|[silent]
|
|upkeep
|
|t:|1757866773
|switch|p1a: Tauros|Tauros-Paldea-Aqua, M, shiny|100/100
|-ability|p1a: Tauros|Intimidate|boost
|-unboost|p2a: Legend Pkmn sucks|atk|1
|turn|34
|
|t:|1757866779
|move|p1a: Tauros|Bulk Up|p1a: Tauros
|-boost|p1a: Tauros|atk|1
|-boost|p1a: Tauros|def|1
|move|p2a: Legend Pkmn sucks|Flash Cannon|p1a: Tauros
|-resisted|p1a: Tauros
|-damage|p1a: Tauros|41/100
|
|-heal|p1a: Tauros|47/100|[from] item: Leftovers
|upkeep
|turn|35
|
|t:|1757866783
|move|p1a: Tauros|Protect|p1a: Tauros
|-singleturn|p1a: Tauros|Protect
|move|p2a: Legend Pkmn sucks|Flash Cannon|p1a: Tauros
|-activate|p1a: Tauros|move: Protect
|
|-heal|p1a: Tauros|54/100|[from] item: Leftovers
|upkeep
|turn|36
|
|t:|1757866787
|move|p1a: Tauros|Raging Bull|p2a: Legend Pkmn sucks
|-damage|p2a: Legend Pkmn sucks|21/100
|move|p2a: Legend Pkmn sucks|Flash Cannon|p1a: Tauros
|-resisted|p1a: Tauros
|-damage|p1a: Tauros|0 fnt
|faint|p1a: Tauros
|
|upkeep
|
|t:|1757866799
|switch|p1a: Hydrapple|Hydrapple, F, shiny, tera:Steel|73/100 par
|turn|37
|
|t:|1757866804
|move|p2a: Legend Pkmn sucks|Flash Cannon|p1a: Hydrapple
|-resisted|p1a: Hydrapple
|-crit|p1a: Hydrapple
|-damage|p1a: Hydrapple|20/100 par
|move|p1a: Hydrapple|Fickle Beam|p2a: Legend Pkmn sucks
|-damage|p2a: Legend Pkmn sucks|0 fnt
|faint|p2a: Legend Pkmn sucks
|
|upkeep
|
|t:|1757866812
|switch|p2a: Terrain Team sucks|Mamoswine, F|100/100
|turn|38
|
|t:|1757866817
|switch|p1a: Mandibuzz|Mandibuzz, F, shiny|100/100
|move|p2a: Terrain Team sucks|High Horsepower|p1a: Mandibuzz
|-immune|p1a: Mandibuzz
|
|upkeep
|turn|39
|
|t:|1757866820
|switch|p2a: Ordinary Pkmn only|Vileplume, F|64/100
|move|p1a: Mandibuzz|Foul Play|p2a: Ordinary Pkmn only
|-damage|p2a: Ordinary Pkmn only|49/100
|-damage|p1a: Mandibuzz|84/100|[from] item: Rocky Helmet|[of] p2a: Ordinary Pkmn only
|
|upkeep
|turn|40
|
|t:|1757866830
|switch|p1a: Hydrapple|Hydrapple, F, shiny, tera:Steel|54/100 par
|move|p2a: Ordinary Pkmn only|Leech Seed|p1a: Hydrapple
|-start|p1a: Hydrapple|move: Leech Seed
|
|-damage|p1a: Hydrapple|41/100 par|[from] Leech Seed|[of] p2a: Ordinary Pkmn only
|-heal|p2a: Ordinary Pkmn only|64/100|[silent]
|upkeep
|turn|41
|
|t:|1757866838
|switch|p2a: Terrain Team sucks|Mamoswine, F|100/100
|move|p1a: Hydrapple|Fickle Beam|p2a: Terrain Team sucks
|-damage|p2a: Terrain Team sucks|74/100
|
|-damage|p1a: Hydrapple|29/100 par|[from] Leech Seed|[of] p2a: Terrain Team sucks
|-heal|p2a: Terrain Team sucks|86/100|[silent]
|upkeep
|turn|42
|
|t:|1757866847
|switch|p1a: Mandibuzz|Mandibuzz, F, shiny|84/100
|move|p2a: Terrain Team sucks|Avalanche|p1a: Mandibuzz
|-supereffective|p1a: Mandibuzz
|-damage|p1a: Mandibuzz|43/100
|
|upkeep
|turn|43
|
|t:|1757866855
|switch|p2a: Ordinary Pkmn only|Vileplume, F|64/100
|move|p1a: Mandibuzz|Roost|p1a: Mandibuzz
|-heal|p1a: Mandibuzz|93/100
|-singleturn|p1a: Mandibuzz|move: Roost
|
|upkeep
|turn|44
|
|t:|1757866860
|switch|p1a: Hydrapple|Hydrapple, F, shiny, tera:Steel|62/100 par
|move|p2a: Ordinary Pkmn only|Leech Seed|p1a: Hydrapple
|-start|p1a: Hydrapple|move: Leech Seed
|
|-damage|p1a: Hydrapple|49/100 par|[from] Leech Seed|[of] p2a: Ordinary Pkmn only
|-heal|p2a: Ordinary Pkmn only|78/100|[silent]
|upkeep
|turn|45
|
|t:|1757866872
|switch|p1a: Mandibuzz|Mandibuzz, F, shiny|93/100
|move|p2a: Ordinary Pkmn only|Strength Sap|p1a: Mandibuzz
|-unboost|p1a: Mandibuzz|atk|1
|-heal|p2a: Ordinary Pkmn only|100/100
|
|upkeep
|turn|46
|
|t:|1757866878
|switch|p1a: Hydrapple|Hydrapple, F, shiny, tera:Steel|82/100 par
|move|p2a: Ordinary Pkmn only|Leech Seed|p1a: Hydrapple
|-start|p1a: Hydrapple|move: Leech Seed
|
|-damage|p1a: Hydrapple|70/100 par|[from] Leech Seed|[of] p2a: Ordinary Pkmn only
|upkeep
|turn|47
|
|t:|1757866886
|move|p2a: Ordinary Pkmn only|Leech Seed|p1a: Hydrapple|[miss]
|-miss|p2a: Ordinary Pkmn only|p1a: Hydrapple
|cant|p1a: Hydrapple|par
|
|-damage|p1a: Hydrapple|57/100 par|[from] Leech Seed|[of] p2a: Ordinary Pkmn only
|upkeep
|turn|48
|
|t:|1757866893
|switch|p1a: Mandibuzz|Mandibuzz, F, shiny|93/100
|move|p2a: Ordinary Pkmn only|Giga Drain|p1a: Mandibuzz
|-resisted|p1a: Mandibuzz
|-damage|p1a: Mandibuzz|82/100
|
|upkeep
|turn|49
|
|t:|1757866899
|switch|p1a: Hydrapple|Hydrapple, F, shiny, tera:Steel|91/100 par
|move|p2a: Ordinary Pkmn only|Leech Seed|p1a: Hydrapple|[miss]
|-miss|p2a: Ordinary Pkmn only|p1a: Hydrapple
|
|upkeep
|turn|50
|
|t:|1757866906
|move|p2a: Ordinary Pkmn only|Leech Seed|p1a: Hydrapple|[miss]
|-miss|p2a: Ordinary Pkmn only|p1a: Hydrapple
|move|p1a: Hydrapple|Nasty Plot|p1a: Hydrapple
|-boost|p1a: Hydrapple|spa|2
|
|upkeep
|turn|51
|
|t:|1757866913
|move|p2a: Ordinary Pkmn only|Leech Seed|p1a: Hydrapple|[miss]
|-miss|p2a: Ordinary Pkmn only|p1a: Hydrapple
|move|p1a: Hydrapple|Fickle Beam|p2a: Ordinary Pkmn only|[anim] Fickle Beam All Out
|-activate|p1a: Hydrapple|move: Fickle Beam
|-damage|p2a: Ordinary Pkmn only|0 fnt
|faint|p2a: Ordinary Pkmn only
|
|upkeep
|
|t:|1757866916
|switch|p2a: Terrain Team sucks|Mamoswine, F|86/100
|turn|52
|
|t:|1757866920
|move|p2a: Terrain Team sucks|High Horsepower|p1a: Hydrapple
|-supereffective|p1a: Hydrapple
|-damage|p1a: Hydrapple|28/100 par
|-damage|p2a: Terrain Team sucks|70/100|[from] item: Rocky Helmet|[of] p1a: Hydrapple
|move|p1a: Hydrapple|Giga Drain|p2a: Terrain Team sucks
|-supereffective|p2a: Terrain Team sucks
|-damage|p2a: Terrain Team sucks|0 fnt
|-heal|p1a: Hydrapple|63/100 par|[from] drain|[of] p2a: Terrain Team sucks
|faint|p2a: Terrain Team sucks
|
|win|Yusuf241
|raw|Yusuf241's rating: 1402 &rarr; <strong>1426</strong><br />(+24 for winning)
|raw|Passerby bye's rating: 1472 &rarr; <strong>1448</strong><br />(-24 for losing)
|c|☆Yusuf241|Gg
|l|☆Passerby bye
|player|p2|
|l|☆Yusuf241
|player|p1|
