|j|☆Montagesq
|j|☆jessies boyfriend
|t:|1757851742
|gametype|singles
|player|p1|Montagesq|101|1206
|player|p2|jessies boyfriend|brock|1288
|gen|9
|tier|[Gen 9] OU
|rated|
|rule|HP Percentage Mod: HP is shown in percentages
|rule|Endless Battle Clause: Forcing endless battles is banned
|rule|Species Clause: Limit one of each Pokémon
|rule|OHKO Clause: OHKO moves are banned
|rule|Evasion Items Clause: Evasion items are banned
|rule|Evasion Moves Clause: Evasion moves are banned
|rule|Evasion Abilities Clause: Evasion abilities are banned
|rule|Sleep Moves Clause: Sleep-inducing moves are banned
|clearpoke
|poke|p1|Deoxys-Defense|
|poke|p1|Corviknight, M|
|poke|p1|Alomomola, F|
|poke|p1|Tentacruel, F|
|poke|p1|Moltres|
|poke|p1|Dudunsparce-*, F|
|poke|p2|Cinderace, M|
|poke|p2|Krookodile, M|
|poke|p2|Tsareena, F|
|poke|p2|Polteageist-Antique|
|poke|p2|Regigigas|
|poke|p2|Slowking, M|
|teampreview
|inactive|Battle timer is ON: inactive players will automatically lose when time's up. (requested by jessies boyfriend)
|
|t:|1757851749
|teamsize|p1|6
|teamsize|p2|6
|start
|switch|p1a: Deoxys|Deoxys-Defense|100/100
|switch|p2a: Krookodile|Krookodile, M|100/100
|-ability|p2a: Krookodile|Intimidate|boost
|-unboost|p1a: Deoxys|atk|1
|-ability|p1a: Deoxys|Pressure
|turn|1
|
|t:|1757851757
|switch|p1a: Corviknight|Corviknight, M|100/100
|-ability|p1a: Corviknight|Pressure
|move|p2a: Krookodile|Knock Off|p1a: Corviknight
|-damage|p1a: Corviknight|76/100
|-damage|p2a: Krookodile|84/100|[from] item: Rocky Helmet|[of] p1a: Corviknight
|-enditem|p1a: Corviknight|Rocky Helmet|[from] move: Knock Off|[of] p2a: Krookodile
|
|upkeep
|turn|2
|
|t:|1757851768
|switch|p2a: Slowking|Slowking, M|100/100
|switch|p1a: Deoxys|Deoxys-Defense|100/100
|-ability|p1a: Deoxys|Pressure
|
|upkeep
|turn|3
|
|t:|1757851777
|move|p1a: Deoxys|Trick|p2a: Slowking
|-activate|p1a: Deoxys|move: Trick|[of] p2a: Slowking
|-item|p2a: Slowking|Choice Scarf|[from] move: Trick
|-item|p1a: Deoxys|Leftovers|[from] move: Trick
|move|p2a: Slowking|Future Sight|p1a: Deoxys
|-start|p2a: Slowking|move: Future Sight
|
|upkeep
|turn|4
|
|t:|1757851785
|switch|p2a: Krookodile|Krookodile, M|84/100
|-ability|p2a: Krookodile|Intimidate|boost
|-unboost|p1a: Deoxys|atk|1
|move|p1a: Deoxys|Thunder Wave|p2a: Krookodile
|-immune|p2a: Krookodile
|
|upkeep
|turn|5
|
|t:|1757851796
|switch|p1a: Corviknight|Corviknight, M|76/100
|-ability|p1a: Corviknight|Pressure
|move|p2a: Krookodile|Knock Off|p1a: Corviknight
|-damage|p1a: Corviknight|60/100
|
|-end|p1a: Corviknight|move: Future Sight
|-resisted|p1a: Corviknight
|-damage|p1a: Corviknight|33/100
|upkeep
|turn|6
|
|t:|1757851816
|switch|p2a: Polteageist|Polteageist-Antique|100/100
|move|p1a: Corviknight|Roost|p1a: Corviknight
|-heal|p1a: Corviknight|83/100
|-singleturn|p1a: Corviknight|move: Roost
|
|upkeep
|turn|7
|
|t:|1757851823
|switch|p1a: Moltres|Moltres|100/100
|-ability|p1a: Moltres|Pressure
|move|p2a: Polteageist|Shadow Ball|p1a: Moltres
|-crit|p1a: Moltres
|-damage|p1a: Moltres|26/100
|
|upkeep
|turn|8
|
|t:|1757851835
|switch|p1a: Tentacruel|Tentacruel, F|100/100
|move|p2a: Polteageist|Shadow Ball|p1a: Tentacruel
|-damage|p1a: Tentacruel|73/100
|
|-heal|p1a: Tentacruel|79/100|[from] item: Black Sludge
|upkeep
|turn|9
|
|t:|1757851844
|switch|p2a: Tsareena|Tsareena, F, shiny|100/100
|move|p1a: Tentacruel|Acid Spray|p2a: Tsareena
|-supereffective|p2a: Tsareena
|-damage|p2a: Tsareena|85/100
|-unboost|p2a: Tsareena|spd|2
|
|-heal|p1a: Tentacruel|85/100|[from] item: Black Sludge
|upkeep
|turn|10
|
|t:|1757851850
|switch|p1a: Corviknight|Corviknight, M|83/100
|-ability|p1a: Corviknight|Pressure
|move|p2a: Tsareena|U-turn|p1a: Corviknight
|-resisted|p1a: Corviknight
|-damage|p1a: Corviknight|79/100
|
|t:|1757851858
|switch|p2a: Polteageist|Polteageist-Antique|100/100|[from] U-turn
|
|upkeep
|turn|11
|
|t:|1757851869
|switch|p1a: Deoxys|Deoxys-Defense|100/100
|-ability|p1a: Deoxys|Pressure
|move|p2a: Polteageist|Shadow Ball|p1a: Deoxys
|-supereffective|p1a: Deoxys
|-damage|p1a: Deoxys|35/100
|
|-heal|p1a: Deoxys|42/100|[from] item: Leftovers
|upkeep
|turn|12
|
|t:|1757851875
|-terastallize|p1a: Deoxys|Dark
|move|p2a: Polteageist|Shadow Ball|p1a: Deoxys
|-resisted|p1a: Deoxys
|-damage|p1a: Deoxys|25/100
|move|p1a: Deoxys|Thunder Wave|p2a: Polteageist
|-status|p2a: Polteageist|par
|
|-heal|p1a: Deoxys|31/100|[from] item: Leftovers
|upkeep
|turn|13
|
|t:|1757851887
|move|p1a: Deoxys|Recover|p1a: Deoxys
|-heal|p1a: Deoxys|81/100
|move|p2a: Polteageist|Will-O-Wisp|p1a: Deoxys|[miss]
|-miss|p2a: Polteageist|p1a: Deoxys
|
|-heal|p1a: Deoxys|87/100|[from] item: Leftovers
|upkeep
|turn|14
|
|t:|1757851899
|move|p1a: Deoxys|Night Shade|p2a: Polteageist
|-damage|p2a: Polteageist|66/100 par
|cant|p2a: Polteageist|par
|
|-heal|p1a: Deoxys|93/100|[from] item: Leftovers
|upkeep
|turn|15
|
|t:|1757851904
|move|p1a: Deoxys|Night Shade|p2a: Polteageist
|-damage|p2a: Polteageist|32/100 par
|move|p2a: Polteageist|Strength Sap|p1a: Deoxys
|-unboost|p1a: Deoxys|atk|1
|-heal|p2a: Polteageist|82/100 par
|
|-heal|p1a: Deoxys|99/100|[from] item: Leftovers
|upkeep
|turn|16
|
|t:|1757851912
|move|p1a: Deoxys|Night Shade|p2a: Polteageist
|-damage|p2a: Polteageist|47/100 par
|cant|p2a: Polteageist|par
|
|-heal|p1a: Deoxys|100/100|[from] item: Leftovers
|upkeep
|turn|17
|
|t:|1757851917
|switch|p2a: Slowking|Slowking, M|100/100
|move|p1a: Deoxys|Night Shade|p2a: Slowking
|-damage|p2a: Slowking|73/100
|
|upkeep
|turn|18
|
|t:|1757851920
|move|p1a: Deoxys|Thunder Wave|p2a: Slowking
|-status|p2a: Slowking|par
|move|p2a: Slowking|Trick Room|p2a: Slowking
|-fieldstart|move: Trick Room|[of] p2a: Slowking
|
|upkeep
|turn|19
|
|t:|1757851927
|switch|p2a: Regigigas|Regigigas|100/100
|-start|p2a: Regigigas|ability: Slow Start
|move|p1a: Deoxys|Night Shade|p2a: Regigigas
|-immune|p2a: Regigigas
|
|upkeep
|turn|20
|
|t:|1757851930
|move|p2a: Regigigas|Substitute|p2a: Regigigas
|-start|p2a: Regigigas|Substitute
|-damage|p2a: Regigigas|76/100
|move|p1a: Deoxys|Thunder Wave||[still]
|-fail|p1a: Deoxys
|
|-heal|p2a: Regigigas|82/100|[from] item: Leftovers
|upkeep
|turn|21
|
|t:|1757851942
|switch|p1a: Moltres|Moltres|26/100
|-ability|p1a: Moltres|Pressure
|move|p2a: Regigigas|Body Slam|p1a: Moltres
|-damage|p1a: Moltres|0 fnt
|faint|p1a: Moltres
|
|-heal|p2a: Regigigas|88/100|[from] item: Leftovers
|upkeep
|
|t:|1757851948
|switch|p1a: Corviknight|Corviknight, M|79/100
|-ability|p1a: Corviknight|Pressure
|turn|22
|
|t:|1757851955
|move|p2a: Regigigas|Heat Crash|p1a: Corviknight
|-supereffective|p1a: Corviknight
|-damage|p1a: Corviknight|47/100
|move|p1a: Corviknight|Body Press|p2a: Regigigas
|-supereffective|p2a: Regigigas
|-end|p2a: Regigigas|Substitute
|
|-heal|p2a: Regigigas|94/100|[from] item: Leftovers
|-fieldend|move: Trick Room
|upkeep
|turn|23
|
|t:|1757851966
|-terastallize|p2a: Regigigas|Fighting
|move|p1a: Corviknight|Roost|p1a: Corviknight
|-heal|p1a: Corviknight|97/100
|-singleturn|p1a: Corviknight|move: Roost
|move|p2a: Regigigas|Drain Punch|p1a: Corviknight
|-supereffective|p1a: Corviknight
|-damage|p1a: Corviknight|67/100
|-heal|p2a: Regigigas|100/100|[from] drain|[of] p1a: Corviknight
|
|upkeep
|turn|24
|
|t:|1757851977
|move|p1a: Corviknight|Body Slam|p2a: Regigigas
|-damage|p2a: Regigigas|86/100
|move|p2a: Regigigas|Substitute|p2a: Regigigas
|-start|p2a: Regigigas|Substitute
|-damage|p2a: Regigigas|61/100
|
|-heal|p2a: Regigigas|68/100|[from] item: Leftovers
|-end|p2a: Regigigas|Slow Start
|upkeep
|turn|25
|
|t:|1757851983
|move|p2a: Regigigas|Drain Punch|p1a: Corviknight
|-damage|p1a: Corviknight|39/100
|-heal|p2a: Regigigas|83/100|[from] drain|[of] p1a: Corviknight
|move|p1a: Corviknight|Body Slam|p2a: Regigigas
|-activate|p2a: Regigigas|move: Substitute|[damage]
|
|-heal|p2a: Regigigas|89/100|[from] item: Leftovers
|upkeep
|turn|26
|
|t:|1757851992
|switch|p1a: Alomomola|Alomomola, F|100/100
|move|p2a: Regigigas|Heat Crash|p1a: Alomomola
|-resisted|p1a: Alomomola
|-damage|p1a: Alomomola|87/100
|-damage|p2a: Regigigas|73/100|[from] item: Rocky Helmet|[of] p1a: Alomomola
|
|-heal|p2a: Regigigas|79/100|[from] item: Leftovers
|upkeep
|turn|27
|
|t:|1757851995
|move|p2a: Regigigas|Body Slam|p1a: Alomomola
|-damage|p1a: Alomomola|55/100
|-damage|p2a: Regigigas|62/100|[from] item: Rocky Helmet|[of] p1a: Alomomola
|move|p1a: Alomomola|Flip Turn|p2a: Regigigas
|-end|p2a: Regigigas|Substitute
|
|t:|1757852001
|switch|p1a: Deoxys|Deoxys-Defense, tera:Dark|100/100|[from] Flip Turn
|-ability|p1a: Deoxys|Pressure
|
|-heal|p2a: Regigigas|68/100|[from] item: Leftovers
|upkeep
|turn|28
|
|t:|1757852004
|move|p2a: Regigigas|Drain Punch|p1a: Deoxys
|-supereffective|p1a: Deoxys
|-damage|p1a: Deoxys|37/100
|-heal|p2a: Regigigas|95/100|[from] drain|[of] p1a: Deoxys
|move|p1a: Deoxys|Night Shade|p2a: Regigigas
|-damage|p2a: Regigigas|68/100
|
|-heal|p2a: Regigigas|74/100|[from] item: Leftovers
|-heal|p1a: Deoxys|43/100|[from] item: Leftovers
|upkeep
|turn|29
|
|t:|1757852010
|switch|p1a: Alomomola|Alomomola, F|88/100
|move|p2a: Regigigas|Drain Punch|p1a: Alomomola
|-damage|p1a: Alomomola|60/100
|-heal|p2a: Regigigas|94/100|[from] drain|[of] p1a: Alomomola
|-damage|p2a: Regigigas|78/100|[from] item: Rocky Helmet|[of] p1a: Alomomola
|
|-heal|p2a: Regigigas|84/100|[from] item: Leftovers
|upkeep
|turn|30
|
|t:|1757852016
|move|p2a: Regigigas|Substitute|p2a: Regigigas
|-start|p2a: Regigigas|Substitute
|-damage|p2a: Regigigas|59/100
|move|p1a: Alomomola|Wish|p1a: Alomomola
|
|-heal|p2a: Regigigas|65/100|[from] item: Leftovers
|upkeep
|turn|31
|
|t:|1757852020
|move|p2a: Regigigas|Body Slam|p1a: Alomomola
|-crit|p1a: Alomomola
|-damage|p1a: Alomomola|11/100
|-status|p1a: Alomomola|par
|-damage|p2a: Regigigas|48/100|[from] item: Rocky Helmet|[of] p1a: Alomomola
|move|p1a: Alomomola|Flip Turn|p2a: Regigigas
|-activate|p2a: Regigigas|move: Substitute|[damage]
|
|t:|1757852031
|switch|p1a: Corviknight|Corviknight, M|39/100|[from] Flip Turn
|-ability|p1a: Corviknight|Pressure
|
|-heal|p1a: Corviknight|100/100|[from] move: Wish|[wisher] Alomomola
|-heal|p2a: Regigigas|54/100|[from] item: Leftovers
|upkeep
|turn|32
|
|t:|1757852040
|move|p2a: Regigigas|Drain Punch|p1a: Corviknight
|-damage|p1a: Corviknight|69/100
|-heal|p2a: Regigigas|72/100|[from] drain|[of] p1a: Corviknight
|move|p1a: Corviknight|Bulk Up|p1a: Corviknight
|-boost|p1a: Corviknight|atk|1
|-boost|p1a: Corviknight|def|1
|
|-heal|p2a: Regigigas|78/100|[from] item: Leftovers
|upkeep
|turn|33
|
|t:|1757852047
|move|p2a: Regigigas|Heat Crash|p1a: Corviknight
|-supereffective|p1a: Corviknight
|-damage|p1a: Corviknight|25/100
|move|p1a: Corviknight|Body Press|p2a: Regigigas
|-end|p2a: Regigigas|Substitute
|
|-heal|p2a: Regigigas|84/100|[from] item: Leftovers
|upkeep
|turn|34
|
|t:|1757852062
|switch|p1a: Alomomola|Alomomola, F|45/100 par
|move|p2a: Regigigas|Heat Crash|p1a: Alomomola
|-resisted|p1a: Alomomola
|-damage|p1a: Alomomola|29/100 par
|-damage|p2a: Regigigas|68/100|[from] item: Rocky Helmet|[of] p1a: Alomomola
|
|-heal|p2a: Regigigas|74/100|[from] item: Leftovers
|upkeep
|turn|35
|inactive|Montagesq has 120 seconds left.
|l|☆Montagesq
|inactive|Montagesq disconnected and has a minute to reconnect!
|player|p1|
|inactive|Montagesq has 30 seconds to reconnect!
|inactive|Montagesq has 20 seconds to reconnect!
|inactive|Montagesq has 15 seconds to reconnect!
|inactive|Montagesq has 10 seconds to reconnect!
|inactive|Montagesq has 5 seconds to reconnect!
|-message|Montagesq lost due to inactivity.
|
|win|jessies boyfriend
|raw|Montagesq's rating: 1206 &rarr; <strong>1187</strong><br />(-19 for losing)
|raw|jessies boyfriend's rating: 1288 &rarr; <strong>1307</strong><br />(+19 for winning)
