|j|☆ArcayneXO
|j|☆ii el bunneh ii
|t:|1757909109
|gametype|singles
|player|p1|ArcayneXO|170|1052
|player|p2|ii el bunneh ii|266|1106
|gen|9
|tier|[Gen 9] OU
|rated|
|rule|HP Percentage Mod: HP is shown in percentages
|rule|Endless Battle Clause: Forcing endless battles is banned
|rule|Species Clause: Limit one of each Pokémon
|rule|OHKO Clause: OHKO moves are banned
|rule|Evasion Items Clause: Evasion items are banned
|rule|Evasion Moves Clause: Evasion moves are banned
|rule|Evasion Abilities Clause: Evasion abilities are banned
|rule|Sleep Moves Clause: Sleep-inducing moves are banned
|clearpoke
|poke|p1|Weezing-Galar, F|
|poke|p1|Dragapult, F|
|poke|p1|Iron Crown|
|poke|p1|Ting-Lu|
|poke|p1|Blaziken, M|
|poke|p1|Gliscor, M|
|poke|p2|Iron Valiant|
|poke|p2|Raging Bolt|
|poke|p2|Great Tusk|
|poke|p2|Dragonite, F|
|poke|p2|Kingambit, M|
|poke|p2|Ceruledge, M|
|teampreview
|
|t:|1757909134
|teamsize|p1|6
|teamsize|p2|6
|start
|switch|p1a: Dragapult|Dragapult, F, shiny|100/100
|switch|p2a: Iron Valiant|Iron Valiant|100/100
|-enditem|p2a: Iron Valiant|Booster Energy
|-activate|p2a: Iron Valiant|ability: Quark Drive|[fromitem]
|-start|p2a: Iron Valiant|quarkdrivespe
|turn|1
|
|t:|1757909145
|move|p2a: Iron Valiant|Moonblast|p1a: Dragapult
|-supereffective|p1a: Dragapult
|-damage|p1a: Dragapult|0 fnt
|faint|p1a: Dragapult
|
|upkeep
|inactive|Battle timer is ON: inactive players will automatically lose when time's up. (requested by ii el bunneh ii)
|c|☆ArcayneXO|Man fuck quark drive for giving me the false hope i would actually go first
|
|t:|1757909196
|switch|p1a: Weezing|Weezing-Galar, F, shiny|100/100
|turn|2
|
|t:|1757909211
|move|p2a: Iron Valiant|Destiny Bond|p2a: Iron Valiant
|-singlemove|p2a: Iron Valiant|Destiny Bond
|move|p1a: Weezing|Toxic Spikes|p2a: Iron Valiant
|-sidestart|p2: ii el bunneh ii|move: Toxic Spikes
|
|upkeep
|turn|3
|
|t:|1757909216
|move|p2a: Iron Valiant|Encore|p1a: Weezing
|-start|p1a: Weezing|Encore
|move|p1a: Weezing|Toxic Spikes|p2a: Iron Valiant
|-sidestart|p2: ii el bunneh ii|move: Toxic Spikes
|
|upkeep
|turn|4
|
|t:|1757909220
|move|p2a: Iron Valiant|Moonblast|p1a: Weezing
|-resisted|p1a: Weezing
|-damage|p1a: Weezing|69/100
|-unboost|p1a: Weezing|spa|1
|move|p1a: Weezing|Toxic Spikes||[still]
|-fail|p1a: Weezing
|
|-heal|p1a: Weezing|75/100|[from] item: Leftovers
|upkeep
|turn|5
|
|t:|1757909229
|move|p2a: Iron Valiant|Moonblast|p1a: Weezing
|-resisted|p1a: Weezing
|-damage|p1a: Weezing|45/100
|move|p1a: Weezing|Toxic Spikes||[still]
|-fail|p1a: Weezing
|
|-heal|p1a: Weezing|51/100|[from] item: Leftovers
|-end|p1a: Weezing|Encore
|upkeep
|turn|6
|
|t:|1757909241
|move|p2a: Iron Valiant|Encore|p1a: Weezing
|-start|p1a: Weezing|Encore
|move|p1a: Weezing|Toxic Spikes||[still]
|-fail|p1a: Weezing
|
|-heal|p1a: Weezing|57/100|[from] item: Leftovers
|upkeep
|turn|7
|
|t:|1757909254
|switch|p1a: Blaziken|Blaziken, M, shiny|100/100
|move|p2a: Iron Valiant|Moonblast|p1a: Blaziken
|-damage|p1a: Blaziken|30/100
|
|upkeep
|turn|8
|
|t:|1757909281
|move|p2a: Iron Valiant|Moonblast|p1a: Blaziken
|-damage|p1a: Blaziken|0 fnt
|faint|p1a: Blaziken
|
|upkeep
|
|t:|1757909289
|switch|p1a: Gliscor|Gliscor, M, shiny|100/100
|turn|9
|
|t:|1757909294
|move|p2a: Iron Valiant|Moonblast|p1a: Gliscor
|-damage|p1a: Gliscor|28/100
|move|p1a: Gliscor|Swords Dance|p1a: Gliscor
|-boost|p1a: Gliscor|atk|2
|
|-status|p1a: Gliscor|tox|[from] item: Toxic Orb
|upkeep
|turn|10
|
|t:|1757909307
|move|p1a: Gliscor|Protect|p1a: Gliscor
|-singleturn|p1a: Gliscor|Protect
|move|p2a: Iron Valiant|Encore|p1a: Gliscor
|-activate|p1a: Gliscor|move: Protect
|
|-heal|p1a: Gliscor|41/100 tox|[from] ability: Poison Heal
|upkeep
|turn|11
|
|t:|1757909321
|move|p2a: Iron Valiant|Moonblast|p1a: Gliscor
|-damage|p1a: Gliscor|0 fnt
|faint|p1a: Gliscor
|
|upkeep
|
|t:|1757909329
|switch|p1a: Iron Crown|Iron Crown|100/100
|-enditem|p1a: Iron Crown|Booster Energy
|-activate|p1a: Iron Crown|ability: Quark Drive|[fromitem]
|-start|p1a: Iron Crown|quarkdrivespa
|turn|12
|
|t:|1757909338
|move|p2a: Iron Valiant|Destiny Bond|p2a: Iron Valiant
|-singlemove|p2a: Iron Valiant|Destiny Bond
|move|p1a: Iron Crown|Calm Mind|p1a: Iron Crown
|-boost|p1a: Iron Crown|spa|1
|-boost|p1a: Iron Crown|spd|1
|
|upkeep
|turn|13
|
|t:|1757909345
|move|p2a: Iron Valiant|Encore|p1a: Iron Crown
|-start|p1a: Iron Crown|Encore
|move|p1a: Iron Crown|Calm Mind|p1a: Iron Crown
|-boost|p1a: Iron Crown|spa|1
|-boost|p1a: Iron Crown|spd|1
|
|upkeep
|turn|14
|
|t:|1757909353
|-end|p2a: Iron Valiant|Quark Drive|[silent]
|switch|p2a: Dragonite|Dragonite, F|100/100
|move|p1a: Iron Crown|Calm Mind|p1a: Iron Crown
|-boost|p1a: Iron Crown|spa|1
|-boost|p1a: Iron Crown|spd|1
|
|upkeep
|turn|15
|
|t:|1757909362
|-terastallize|p1a: Iron Crown|Steel
|move|p2a: Dragonite|Dragon Dance|p2a: Dragonite
|-boost|p2a: Dragonite|atk|1
|-boost|p2a: Dragonite|spe|1
|move|p1a: Iron Crown|Calm Mind|p1a: Iron Crown
|-boost|p1a: Iron Crown|spa|1
|-boost|p1a: Iron Crown|spd|1
|
|-end|p1a: Iron Crown|Encore
|upkeep
|turn|16
|
|t:|1757909373
|move|p2a: Dragonite|Encore|p1a: Iron Crown
|-start|p1a: Iron Crown|Encore
|move|p1a: Iron Crown|Calm Mind|p1a: Iron Crown
|-boost|p1a: Iron Crown|spa|1
|-boost|p1a: Iron Crown|spd|1
|
|upkeep
|turn|17
|
|t:|1757909378
|move|p2a: Dragonite|Dragon Dance|p2a: Dragonite
|-boost|p2a: Dragonite|atk|1
|-boost|p2a: Dragonite|spe|1
|move|p1a: Iron Crown|Calm Mind|p1a: Iron Crown
|-boost|p1a: Iron Crown|spa|1
|-boost|p1a: Iron Crown|spd|1
|
|upkeep
|turn|18
|
|t:|1757909387
|move|p2a: Dragonite|Dragon Dance|p2a: Dragonite
|-boost|p2a: Dragonite|atk|1
|-boost|p2a: Dragonite|spe|1
|move|p1a: Iron Crown|Calm Mind|p1a: Iron Crown
|-boost|p1a: Iron Crown|spa|0
|-boost|p1a: Iron Crown|spd|0
|
|-end|p1a: Iron Crown|Encore
|upkeep
|turn|19
|
|t:|1757909395
|move|p2a: Dragonite|Encore|p1a: Iron Crown
|-start|p1a: Iron Crown|Encore
|move|p1a: Iron Crown|Calm Mind|p1a: Iron Crown
|-boost|p1a: Iron Crown|spa|0
|-boost|p1a: Iron Crown|spd|0
|
|upkeep
|turn|20
|c|☆ArcayneXO|Hey this is really lame
|c|☆ArcayneXO|Just gotta say
|
|t:|1757909411
|move|p2a: Dragonite|Dragon Dance|p2a: Dragonite
|-boost|p2a: Dragonite|atk|1
|-boost|p2a: Dragonite|spe|1
|move|p1a: Iron Crown|Calm Mind|p1a: Iron Crown
|-boost|p1a: Iron Crown|spa|0
|-boost|p1a: Iron Crown|spd|0
|
|upkeep
|turn|21
|
|t:|1757909416
|move|p2a: Dragonite|Dragon Dance|p2a: Dragonite
|-boost|p2a: Dragonite|atk|1
|-boost|p2a: Dragonite|spe|1
|move|p1a: Iron Crown|Calm Mind|p1a: Iron Crown
|-boost|p1a: Iron Crown|spa|0
|-boost|p1a: Iron Crown|spd|0
|
|-end|p1a: Iron Crown|Encore
|upkeep
|turn|22
|
|t:|1757909423
|move|p2a: Dragonite|Encore|p1a: Iron Crown
|-start|p1a: Iron Crown|Encore
|move|p1a: Iron Crown|Calm Mind|p1a: Iron Crown
|-boost|p1a: Iron Crown|spa|0
|-boost|p1a: Iron Crown|spd|0
|
|upkeep
|turn|23
|
|t:|1757909438
|move|p2a: Dragonite|Dragon Dance|p2a: Dragonite
|-boost|p2a: Dragonite|atk|1
|-boost|p2a: Dragonite|spe|1
|move|p1a: Iron Crown|Calm Mind|p1a: Iron Crown
|-boost|p1a: Iron Crown|spa|0
|-boost|p1a: Iron Crown|spd|0
|
|upkeep
|turn|24
|
|t:|1757909445
|move|p2a: Dragonite|Earthquake|p1a: Iron Crown
|-supereffective|p1a: Iron Crown
|-damage|p1a: Iron Crown|0 fnt
|faint|p1a: Iron Crown
|-end|p1a: Iron Crown|Quark Drive|[silent]
|
|upkeep
|c|☆ArcayneXO|I hope your family dies
|n|‽ArcayneXO|arcaynexo
|c|~|/log ArcayneXO was locked from talking by Artemis. (☆ArcayneXO: I hope your family dies)
|c|~|/raw <small>This action was done automatically. Want to learn more about the AI? <a href="https://www.smogon.com/forums/threads/3570628/#post-9056769">Visit the information thread</a>.</small>
|
|t:|1757909464
|switch|p1a: Ting-Lu|Ting-Lu|100/100
|-ability|p1a: Ting-Lu|Vessel of Ruin
|turn|25
|
|t:|1757909481
|-terastallize|p2a: Dragonite|Normal
|move|p2a: Dragonite|Extreme Speed|p1a: Ting-Lu
|-damage|p1a: Ting-Lu|0 fnt
|-damage|p2a: Dragonite|84/100|[from] item: Rocky Helmet|[of] p1a: Ting-Lu
|faint|p1a: Ting-Lu
|
|upkeep
|-message|ArcayneXO forfeited.
|
|win|ii el bunneh ii
