|j|☆gabrielt2
|j|☆SixEyed
|t:|1757822299
|gametype|singles
|player|p1|gabrielt2|1|1242
|player|p2|SixEyed|lance|1237
|gen|9
|tier|[Gen 9] OU
|rated|
|rule|HP Percentage Mod: HP is shown in percentages
|rule|Endless Battle Clause: Forcing endless battles is banned
|rule|Species Clause: Limit one of each Pokémon
|rule|OHKO Clause: OHKO moves are banned
|rule|Evasion Items Clause: Evasion items are banned
|rule|Evasion Moves Clause: Evasion moves are banned
|rule|Evasion Abilities Clause: Evasion abilities are banned
|rule|Sleep Moves Clause: Sleep-inducing moves are banned
|clearpoke
|poke|p1|Slowking-Galar, F|
|poke|p1|Kyurem|
|poke|p1|Ting-Lu|
|poke|p1|Ogerpon-Wellspring, F|
|poke|p1|Great Tusk|
|poke|p1|Dragapult, F|
|poke|p2|Hatterene, F|
|poke|p2|Ursaluna, M|
|poke|p2|Porygon2|
|poke|p2|Cresselia, F|
|poke|p2|Iron Hands|
|poke|p2|Volcanion|
|teampreview
|inactive|Battle timer is ON: inactive players will automatically lose when time's up. (requested by gabrielt2)
|
|t:|1757822323
|teamsize|p1|6
|teamsize|p2|6
|start
|switch|p1a: Dragapult|Dragapult, F|100/100
|switch|p2a: Volcanion|Volcanion|100/100
|turn|1
|
|t:|1757822330
|move|p1a: Dragapult|U-turn|p2a: Volcanion
|-resisted|p2a: Volcanion
|-damage|p2a: Volcanion|94/100
|
|t:|1757822336
|switch|p1a: Slowking|Slowking-Galar, F|100/100|[from] U-turn
|move|p2a: Volcanion|Steam Eruption|p1a: Slowking
|-damage|p1a: Slowking|65/100
|
|-heal|p1a: Slowking|71/100|[from] item: Black Sludge
|upkeep
|turn|2
|
|t:|1757822346
|move|p2a: Volcanion|Earth Power|p1a: Slowking
|-supereffective|p1a: Slowking
|-damage|p1a: Slowking|32/100
|move|p1a: Slowking|Psychic|p2a: Volcanion
|-damage|p2a: Volcanion|73/100
|
|-heal|p1a: Slowking|38/100|[from] item: Black Sludge
|upkeep
|turn|3
|
|t:|1757822365
|switch|p1a: Ogerpon|Ogerpon-Wellspring, F|100/100
|move|p2a: Volcanion|Steam Eruption|p1a: Ogerpon
|-immune|p1a: Ogerpon|[from] ability: Water Absorb
|
|upkeep
|turn|4
|
|t:|1757822376
|move|p1a: Ogerpon|U-turn|p2a: Volcanion
|-resisted|p2a: Volcanion
|-damage|p2a: Volcanion|63/100
|
|t:|1757822380
|switch|p1a: Ting-Lu|Ting-Lu|100/100|[from] U-turn
|-ability|p1a: Ting-Lu|Vessel of Ruin
|move|p2a: Volcanion|Flamethrower|p1a: Ting-Lu
|-damage|p1a: Ting-Lu|82/100
|
|upkeep
|turn|5
|
|t:|1757822392
|-terastallize|p2a: Volcanion|Water
|move|p2a: Volcanion|Steam Eruption|p1a: Ting-Lu
|-supereffective|p1a: Ting-Lu
|-damage|p1a: Ting-Lu|14/100
|-status|p1a: Ting-Lu|brn
|move|p1a: Ting-Lu|Earthquake|p2a: Volcanion
|-damage|p2a: Volcanion|50/100
|
|-damage|p1a: Ting-Lu|8/100 brn|[from] brn
|upkeep
|turn|6
|
|t:|1757822410
|move|p2a: Volcanion|Flamethrower|p1a: Ting-Lu
|-damage|p1a: Ting-Lu|0 fnt
|faint|p1a: Ting-Lu
|
|upkeep
|
|t:|1757822428
|switch|p1a: Kyurem|Kyurem|100/100
|-ability|p1a: Kyurem|Pressure
|turn|7
|
|t:|1757822437
|move|p1a: Kyurem|Freeze-Dry|p2a: Volcanion
|-supereffective|p2a: Volcanion
|-damage|p2a: Volcanion|0 fnt
|faint|p2a: Volcanion
|
|upkeep
|
|t:|1757822441
|switch|p2a: Hatterene|Hatterene, F|100/100
|turn|8
|
|t:|1757822447
|switch|p1a: Dragapult|Dragapult, F|100/100
|move|p2a: Hatterene|Trick Room|p2a: Hatterene
|-fieldstart|move: Trick Room|[of] p2a: Hatterene
|
|upkeep
|turn|9
|
|t:|1757822453
|move|p2a: Hatterene|Dazzling Gleam|p1a: Dragapult
|-supereffective|p1a: Dragapult
|-damage|p1a: Dragapult|0 fnt
|faint|p1a: Dragapult
|
|upkeep
|
|t:|1757822457
|switch|p1a: Slowking|Slowking-Galar, F|71/100
|turn|10
|
|t:|1757822475
|switch|p2a: Ursaluna|Ursaluna, M|100/100
|move|p1a: Slowking|Sludge Bomb|p2a: Ursaluna
|-resisted|p2a: Ursaluna
|-damage|p2a: Ursaluna|85/100
|
|-heal|p1a: Slowking|77/100|[from] item: Black Sludge
|-status|p2a: Ursaluna|brn|[from] item: Flame Orb
|upkeep
|turn|11
|
|t:|1757822488
|switch|p1a: Great Tusk|Great Tusk|100/100
|move|p2a: Ursaluna|Headlong Rush|p1a: Great Tusk
|-damage|p1a: Great Tusk|29/100
|-unboost|p2a: Ursaluna|def|1
|-unboost|p2a: Ursaluna|spd|1
|-damage|p2a: Ursaluna|68/100 brn|[from] item: Rocky Helmet|[of] p1a: Great Tusk
|
|-damage|p2a: Ursaluna|62/100 brn|[from] brn
|upkeep
|turn|12
|
|t:|1757822506
|move|p2a: Ursaluna|Facade|p1a: Great Tusk
|-damage|p1a: Great Tusk|0 fnt
|-damage|p2a: Ursaluna|45/100 brn|[from] item: Rocky Helmet|[of] p1a: Great Tusk
|faint|p1a: Great Tusk
|-end|p1a: Great Tusk|Protosynthesis|[silent]
|
|-damage|p2a: Ursaluna|39/100 brn|[from] brn
|-fieldend|move: Trick Room
|upkeep
|inactive|gabrielt2 has 120 seconds left.
|
|t:|1757822522
|switch|p1a: Ogerpon|Ogerpon-Wellspring, F|100/100
|turn|13
|
|t:|1757822532
|move|p1a: Ogerpon|Ivy Cudgel|p2a: Ursaluna|[anim] Ivy Cudgel Water
|-supereffective|p2a: Ursaluna
|-crit|p2a: Ursaluna
|-damage|p2a: Ursaluna|0 fnt
|faint|p2a: Ursaluna
|
|upkeep
|
|t:|1757822547
|switch|p2a: Porygon2|Porygon2|100/100
|-ability|p2a: Porygon2|Download|boost
|-boost|p2a: Porygon2|atk|1
|turn|14
|
|t:|1757822555
|move|p1a: Ogerpon|Taunt|p2a: Porygon2
|-start|p2a: Porygon2|move: Taunt
|cant|p2a: Porygon2|move: Taunt|Trick Room
|
|upkeep
|turn|15
|
|t:|1757822561
|move|p1a: Ogerpon|Knock Off|p2a: Porygon2
|-damage|p2a: Porygon2|73/100
|-enditem|p2a: Porygon2|Eviolite|[from] move: Knock Off|[of] p1a: Ogerpon
|move|p2a: Porygon2|Tera Blast|p1a: Ogerpon
|-damage|p1a: Ogerpon|64/100
|
|upkeep
|turn|16
|
|t:|1757822581
|-terastallize|p1a: Ogerpon|Water
|detailschange|p1a: Ogerpon|Ogerpon-Wellspring-Tera, F, tera:Water
|-ability|p1a: Ogerpon|Embody Aspect (Wellspring)|boost
|-boost|p1a: Ogerpon|spd|1
|move|p1a: Ogerpon|Ivy Cudgel|p2a: Porygon2|[anim] Ivy Cudgel Water
|-damage|p2a: Porygon2|0 fnt
|faint|p2a: Porygon2
|
|upkeep
|
|t:|1757822594
|switch|p2a: Cresselia|Cresselia, F|100/100
|turn|17
|
|t:|1757822607
|move|p1a: Ogerpon|Taunt|p2a: Cresselia
|-start|p2a: Cresselia|move: Taunt
|-enditem|p2a: Cresselia|Mental Herb
|-end|p2a: Cresselia|move: Taunt
|move|p2a: Cresselia|Trick Room|p2a: Cresselia
|-fieldstart|move: Trick Room|[of] p2a: Cresselia
|
|upkeep
|turn|18
|
|t:|1757822616
|move|p2a: Cresselia|Lunar Dance|p2a: Cresselia
|faint|p2a: Cresselia
|move|p1a: Ogerpon|U-turn|p2: Cresselia|[notarget]
|-fail|p1a: Ogerpon
|
|upkeep
|
|t:|1757822619
|switch|p2a: Iron Hands|Iron Hands|100/100
|-enditem|p2a: Iron Hands|Booster Energy
|-activate|p2a: Iron Hands|ability: Quark Drive|[fromitem]
|-start|p2a: Iron Hands|quarkdriveatk
|turn|19
|
|t:|1757822641
|switch|p1a: Kyurem|Kyurem|100/100
|-ability|p1a: Kyurem|Pressure
|move|p2a: Iron Hands|Wild Charge|p1a: Kyurem
|-resisted|p1a: Kyurem
|-damage|p1a: Kyurem|68/100
|-damage|p2a: Iron Hands|94/100|[from] Recoil
|
|upkeep
|turn|20
|
|t:|1757822651
|switch|p1a: Slowking|Slowking-Galar, F|100/100
|move|p2a: Iron Hands|Drain Punch|p1a: Slowking
|-resisted|p1a: Slowking
|-damage|p1a: Slowking|85/100
|-heal|p2a: Iron Hands|100/100|[from] drain|[of] p1a: Slowking
|
|-heal|p1a: Slowking|91/100|[from] item: Black Sludge
|upkeep
|turn|21
|
|t:|1757822670
|switch|p1a: Kyurem|Kyurem|68/100
|-ability|p1a: Kyurem|Pressure
|move|p2a: Iron Hands|Wild Charge|p1a: Kyurem
|-resisted|p1a: Kyurem
|-damage|p1a: Kyurem|36/100
|-damage|p2a: Iron Hands|94/100|[from] Recoil
|
|-fieldend|move: Trick Room
|upkeep
|turn|22
|inactive|gabrielt2 has 120 seconds left.
|
|t:|1757822685
|move|p1a: Kyurem|Earth Power|p2a: Iron Hands
|-supereffective|p2a: Iron Hands
|-damage|p2a: Iron Hands|37/100
|move|p2a: Iron Hands|Drain Punch|p1a: Kyurem
|-supereffective|p1a: Kyurem
|-damage|p1a: Kyurem|0 fnt
|-heal|p2a: Iron Hands|51/100|[from] drain|[of] p1a: Kyurem
|faint|p1a: Kyurem
|
|upkeep
|inactive|gabrielt2 has 120 seconds left.
|
|t:|1757822701
|switch|p1a: Slowking|Slowking-Galar, F|100/100
|turn|23
|
|t:|1757822706
|move|p2a: Iron Hands|Swords Dance|p2a: Iron Hands
|-boost|p2a: Iron Hands|atk|2
|move|p1a: Slowking|Psychic|p2a: Iron Hands
|-supereffective|p2a: Iron Hands
|-damage|p2a: Iron Hands|0 fnt
|faint|p2a: Iron Hands
|-end|p2a: Iron Hands|Quark Drive|[silent]
|
|upkeep
|
|t:|1757822709
|switch|p2a: Hatterene|Hatterene, F|100/100
|-heal|p2a: Hatterene|100/100|[from] move: Lunar Dance
|turn|24
|
|t:|1757822719
|move|p2a: Hatterene|Psychic Noise|p1a: Slowking
|-damage|p1a: Slowking|74/100
|-start|p1a: Slowking|move: Heal Block
|move|p1a: Slowking|Sludge Bomb|p2a: Hatterene
|-supereffective|p2a: Hatterene
|-damage|p2a: Hatterene|29/100
|-status|p2a: Hatterene|psn
|
|-damage|p2a: Hatterene|17/100 psn|[from] psn
|upkeep
|turn|25
|
|t:|1757822730
|move|p2a: Hatterene|Psychic Noise|p1a: Slowking
|-damage|p1a: Slowking|47/100
|move|p1a: Slowking|Psychic|p2a: Hatterene
|-resisted|p2a: Hatterene
|-damage|p2a: Hatterene|0 fnt
|faint|p2a: Hatterene
|
|win|gabrielt2
|raw|gabrielt2's rating: 1242 &rarr; <strong>1267</strong><br />(+25 for winning)
|raw|SixEyed's rating: 1237 &rarr; <strong>1212</strong><br />(-25 for losing)
|l|☆SixEyed
|player|p2|
