|j|☆Devrai
|j|☆biglilcuh
|t:|1757909327
|gametype|singles
|player|p1|Devrai|zinnia|1401
|player|p2|biglilcuh|101|1415
|gen|9
|tier|[Gen 9] OU
|rated|
|rule|HP Percentage Mod: HP is shown in percentages
|rule|Endless Battle Clause: Forcing endless battles is banned
|rule|Species Clause: Limit one of each Pokémon
|rule|OHKO Clause: OHKO moves are banned
|rule|Evasion Items Clause: Evasion items are banned
|rule|Evasion Moves Clause: Evasion moves are banned
|rule|Evasion Abilities Clause: Evasion abilities are banned
|rule|Sleep Moves Clause: Sleep-inducing moves are banned
|clearpoke
|poke|p1|Araquanid, M|
|poke|p1|Skeledirge, F|
|poke|p1|Enamorus, F|
|poke|p1|Iron Treads|
|poke|p1|Latios, M|
|poke|p1|Raichu, F|
|poke|p2|Pecharunt|
|poke|p2|Zapdos|
|poke|p2|Cinderace, F|
|poke|p2|Latios, M|
|poke|p2|Crawdaunt, M|
|poke|p2|Iron Treads|
|teampreview
|inactive|Battle timer is ON: inactive players will automatically lose when time's up. (requested by Devrai)
|
|t:|1757909336
|teamsize|p1|6
|teamsize|p2|6
|start
|switch|p1a: Jet Lag|Latios, M, shiny|100/100
|switch|p2a: Pecharunt|Pecharunt|100/100
|turn|1
|
|t:|1757909343
|switch|p2a: Zapdos|Zapdos|100/100
|move|p1a: Jet Lag|Trick|p2a: Zapdos
|-activate|p1a: Jet Lag|move: Trick|[of] p2a: Zapdos
|-item|p2a: Zapdos|Choice Specs|[from] move: Trick
|-item|p1a: Jet Lag|Heavy-Duty Boots|[from] move: Trick
|
|upkeep
|turn|2
|
|t:|1757909350
|switch|p1a: Ampere|Raichu, F|100/100
|move|p2a: Zapdos|Hurricane|p1a: Ampere|[miss]
|-miss|p2a: Zapdos|p1a: Ampere
|
|upkeep
|turn|3
|
|t:|1757909355
|switch|p2a: Iron Treads|Iron Treads|100/100
|-enditem|p2a: Iron Treads|Booster Energy
|-activate|p2a: Iron Treads|ability: Quark Drive|[fromitem]
|-start|p2a: Iron Treads|quarkdriveatk
|move|p1a: Ampere|Surf|p2a: Iron Treads
|-supereffective|p2a: Iron Treads
|-damage|p2a: Iron Treads|13/100
|-damage|p1a: Ampere|91/100|[from] item: Life Orb
|
|upkeep
|turn|4
|
|t:|1757909362
|move|p1a: Ampere|Alluring Voice|p2a: Iron Treads
|-resisted|p2a: Iron Treads
|-damage|p2a: Iron Treads|0 fnt
|faint|p2a: Iron Treads
|-end|p2a: Iron Treads|Quark Drive|[silent]
|-damage|p1a: Ampere|81/100|[from] item: Life Orb
|
|upkeep
|
|t:|1757909369
|switch|p2a: Latios|Latios, M|100/100
|turn|5
|
|t:|1757909373
|switch|p1a: Treadmill|Iron Treads, shiny|100/100
|move|p2a: Latios|Draco Meteor|p1a: Treadmill
|-resisted|p1a: Treadmill
|-damage|p1a: Treadmill|60/100
|-unboost|p2a: Latios|spa|2
|
|upkeep
|turn|6
|
|t:|1757909377
|switch|p2a: Zapdos|Zapdos|100/100
|move|p1a: Treadmill|Knock Off|p2a: Zapdos
|-damage|p2a: Zapdos|68/100
|-enditem|p2a: Zapdos|Choice Specs|[from] move: Knock Off|[of] p1a: Treadmill
|
|upkeep
|turn|7
|
|t:|1757909386
|-end|p1a: Treadmill|Quark Drive|[silent]
|switch|p1a: Ampere|Raichu, F|81/100
|move|p2a: Zapdos|Roost|p2a: Zapdos
|-heal|p2a: Zapdos|100/100
|-singleturn|p2a: Zapdos|move: Roost
|
|upkeep
|turn|8
|
|t:|1757909389
|move|p1a: Ampere|Encore|p2a: Zapdos
|-start|p2a: Zapdos|Encore
|move|p2a: Zapdos|Roost||[still]
|-fail|p2a: Zapdos|heal
|
|upkeep
|turn|9
|
|t:|1757909393
|switch|p2a: Latios|Latios, M|100/100
|move|p1a: Ampere|Thunderbolt|p2a: Latios
|-resisted|p2a: Latios
|-damage|p2a: Latios|73/100
|-damage|p1a: Ampere|71/100|[from] item: Life Orb
|
|upkeep
|turn|10
|
|t:|1757909397
|switch|p1a: Mistress|Enamorus, F, shiny|100/100
|move|p2a: Latios|Draco Meteor|p1a: Mistress
|-immune|p1a: Mistress
|
|upkeep
|turn|11
|
|t:|1757909400
|switch|p2a: Pecharunt|Pecharunt|100/100
|-terastallize|p1a: Mistress|Stellar
|move|p1a: Mistress|Tera Blast|p2a: Pecharunt|[anim] Tera Blast Stellar
|-damage|p2a: Pecharunt|62/100
|-boost|p1a: Mistress|atk|1
|-boost|p1a: Mistress|spa|1
|
|upkeep
|turn|12
|
|t:|1757909403
|move|p1a: Mistress|Earth Power|p2a: Pecharunt
|-supereffective|p2a: Pecharunt
|-damage|p2a: Pecharunt|0 fnt
|faint|p2a: Pecharunt
|
|upkeep
|
|t:|1757909413
|switch|p2a: Latios|Latios, M|73/100
|turn|13
|
|t:|1757909433
|move|p2a: Latios|Luster Purge|p1a: Mistress
|-damage|p1a: Mistress|56/100
|-boost|p1a: Mistress|spd|1
|move|p1a: Mistress|Draining Kiss|p2a: Latios
|-supereffective|p2a: Latios
|-damage|p2a: Latios|0 fnt
|-heal|p1a: Mistress|100/100|[from] drain|[of] p2a: Latios
|faint|p2a: Latios
|
|upkeep
|-message|biglilcuh forfeited.
|
|win|Devrai
|raw|Devrai's rating: 1401 &rarr; <strong>1422</strong><br />(+21 for winning)
|raw|biglilcuh's rating: 1415 &rarr; <strong>1394</strong><br />(-21 for losing)
|l|☆biglilcuh
|player|p2|
|l|☆Devrai
|player|p1|
