|j|☆mt pear
|j|☆agzGADVavdAVC
|t:|1757893999
|gametype|singles
|player|p1|mt pear|morty|1108
|player|p2|agzGADVavdAVC|skierf|1000
|gen|9
|tier|[Gen 9] OU
|rated|
|rule|HP Percentage Mod: HP is shown in percentages
|rule|Endless Battle Clause: Forcing endless battles is banned
|rule|Species Clause: Limit one of each Pokémon
|rule|OHKO Clause: OHKO moves are banned
|rule|Evasion Items Clause: Evasion items are banned
|rule|Evasion Moves Clause: Evasion moves are banned
|rule|Evasion Abilities Clause: Evasion abilities are banned
|rule|Sleep Moves Clause: Sleep-inducing moves are banned
|clearpoke
|poke|p1|Magnezone|
|poke|p1|Garchomp, M|
|poke|p1|Meowscarada, M|
|poke|p1|Talonflame, M|
|poke|p1|Gengar, M|
|poke|p1|Primarina, M|
|poke|p2|Charizard, M|
|poke|p2|Ninetales, M|
|poke|p2|Blaziken, M|
|poke|p2|Scrafty, M|
|poke|p2|Cinderace, F|
|poke|p2|Ceruledge, M|
|teampreview
|inactive|Battle timer is ON: inactive players will automatically lose when time's up. (requested by agzGADVavdAVC)
|c|☆agzGADVavdAVC|hf
|c|☆mt pear|hf
|
|t:|1757894030
|teamsize|p1|6
|teamsize|p2|6
|start
|switch|p1a: sharko|Garchomp, M|100/100
|switch|p2a: George|Ninetales, M|100/100
|-weather|SunnyDay|[from] ability: Drought|[of] p2a: George
|turn|1
|
|t:|1757894048
|switch|p2a: Smaug|Charizard, M, shiny|100/100
|move|p1a: sharko|Stealth Rock|p2a: Smaug
|-sidestart|p2: agzGADVavdAVC|move: Stealth Rock
|
|-weather|SunnyDay|[upkeep]
|-damage|p2a: Smaug|88/100|[from] ability: Solar Power|[of] p2a: Smaug
|upkeep
|turn|2
|
|t:|1757894063
|move|p2a: Smaug|Overheat|p1a: sharko
|-resisted|p1a: sharko
|-damage|p1a: sharko|44/100
|-unboost|p2a: Smaug|spa|2
|move|p1a: sharko|Spikes|p2a: Smaug
|-sidestart|p2: agzGADVavdAVC|Spikes
|
|-weather|SunnyDay|[upkeep]
|-damage|p2a: Smaug|76/100|[from] ability: Solar Power|[of] p2a: Smaug
|upkeep
|turn|3
|
|t:|1757894071
|move|p2a: Smaug|Overheat|p1a: sharko
|-resisted|p1a: sharko
|-damage|p1a: sharko|14/100
|-unboost|p2a: Smaug|spa|2
|move|p1a: sharko|Spikes|p2a: Smaug
|-sidestart|p2: agzGADVavdAVC|Spikes
|
|-weather|SunnyDay|[upkeep]
|-damage|p2a: Smaug|63/100|[from] ability: Solar Power|[of] p2a: Smaug
|upkeep
|turn|4
|
|t:|1757894087
|move|p2a: Smaug|Weather Ball|p1a: sharko
|-resisted|p1a: sharko
|-damage|p1a: sharko|0 fnt
|faint|p1a: sharko
|
|-weather|SunnyDay|[upkeep]
|-damage|p2a: Smaug|51/100|[from] ability: Solar Power|[of] p2a: Smaug
|upkeep
|
|t:|1757894094
|switch|p1a: felix|Meowscarada, M|100/100
|turn|5
|
|t:|1757894099
|move|p1a: felix|Knock Off|p2a: Smaug
|-start|p1a: felix|typechange|Dark|[from] ability: Protean
|-damage|p2a: Smaug|0 fnt
|-enditem|p2a: Smaug|Assault Vest|[from] move: Knock Off|[of] p1a: felix
|faint|p2a: Smaug
|
|-weather|SunnyDay|[upkeep]
|upkeep
|inactive|agzGADVavdAVC has 120 seconds left.
|
|t:|1757894130
|switch|p2a: Kristine|Cinderace, F, shiny|100/100
|turn|6
|
|t:|1757894135
|move|p1a: felix|Knock Off|p2a: Kristine
|-damage|p2a: Kristine|14/100
|-enditem|p2a: Kristine|Heavy-Duty Boots|[from] move: Knock Off|[of] p1a: felix
|move|p2a: Kristine|Court Change|p2a: Kristine
|-start|p2a: Kristine|typechange|Normal|[from] ability: Libero
|-swapsideconditions
|-activate|p2a: Kristine|move: Court Change
|
|-weather|SunnyDay|[upkeep]
|upkeep
|turn|7
|
|t:|1757894151
|switch|p2a: Jesse|Scrafty, M|100/100
|move|p1a: felix|Knock Off|p2a: Jesse
|-resisted|p2a: Jesse
|-damage|p2a: Jesse|81/100
|-enditem|p2a: Jesse|Lum Berry|[from] move: Knock Off|[of] p1a: felix
|
|-weather|SunnyDay|[upkeep]
|upkeep
|turn|8
|-message|mt pear forfeited.
|
|win|agzGADVavdAVC
|raw|mt pear's rating: 1108 &rarr; <strong>1075</strong><br />(-33 for losing)
|raw|agzGADVavdAVC's rating: 1000 &rarr; <strong>1052</strong><br />(+52 for winning)
|l|☆mt pear
|player|p1|
