|j|☆ZeNiN_K1
|j|☆cvgtf
|t:|1757957950
|gametype|singles
|player|p1|ZeNiN_K1|acetrainer-gen4|1197
|player|p2|cvgtf|102|1270
|gen|9
|tier|[Gen 9] OU
|rated|
|rule|HP Percentage Mod: HP is shown in percentages
|rule|Endless Battle Clause: Forcing endless battles is banned
|rule|Species Clause: Limit one of each Pokémon
|rule|OHKO Clause: OHKO moves are banned
|rule|Evasion Items Clause: Evasion items are banned
|rule|Evasion Moves Clause: Evasion moves are banned
|rule|Evasion Abilities Clause: Evasion abilities are banned
|rule|Sleep Moves Clause: Sleep-inducing moves are banned
|clearpoke
|poke|p1|Zamazenta-*|
|poke|p1|Ninetales-Alola, F|
|poke|p1|Darkrai|
|poke|p1|Ceruledge, M|
|poke|p1|Gliscor, M|
|poke|p1|Hatterene, F|
|poke|p2|Excadrill, F|
|poke|p2|Fezandipiti, M|
|poke|p2|Latias, F|
|poke|p2|Kommo-o, M|
|poke|p2|Tinkaton, F|
|poke|p2|Skeledirge, F|
|teampreview
|
|t:|1757957959
|teamsize|p1|6
|teamsize|p2|6
|start
|switch|p1a: Ceruledge|Ceruledge, M|100/100
|switch|p2a: Tinkaton|Tinkaton, F|100/100
|-ability|p2a: Tinkaton|Mold Breaker
|turn|1
|inactive|Battle timer is ON: inactive players will automatically lose when time's up. (requested by ZeNiN_K1)
|
|t:|1757957971
|switch|p2a: Skeledirge|Skeledirge, F|100/100
|switch|p1a: Hatterene|Hatterene, F|100/100
|
|upkeep
|turn|2
|
|t:|1757957988
|-terastallize|p1a: Hatterene|Water
|move|p2a: Skeledirge|Torch Song|p1a: Hatterene
|-resisted|p1a: Hatterene
|-damage|p1a: Hatterene|92/100
|-boost|p2a: Skeledirge|spa|1
|move|p1a: Hatterene|Nuzzle|p2a: Skeledirge
|-damage|p2a: Skeledirge|98/100
|-status|p2a: Skeledirge|par
|
|upkeep
|turn|3
|
|t:|1757958000
|move|p1a: Hatterene|Mystical Fire|p2a: Skeledirge
|-resisted|p2a: Skeledirge
|-damage|p2a: Skeledirge|84/100 par
|-unboost|p2a: Skeledirge|spa|1
|cant|p2a: Skeledirge|par
|
|upkeep
|turn|4
|
|t:|1757958011
|switch|p2a: Fezandipiti|Fezandipiti, M|100/100
|move|p1a: Hatterene|Mystical Fire|p2a: Fezandipiti
|-damage|p2a: Fezandipiti|76/100
|-unboost|p2a: Fezandipiti|spa|1
|
|upkeep
|turn|5
|
|t:|1757958020
|move|p2a: Fezandipiti|U-turn|p1a: Hatterene
|-damage|p1a: Hatterene|78/100
|inactive|cvgtf has 120 seconds left.
|
|t:|1757958051
|switch|p2a: Excadrill|Excadrill, F|100/100|[from] U-turn
|-ability|p2a: Excadrill|Mold Breaker
|move|p1a: Hatterene|Nuzzle|p2a: Excadrill
|-immune|p2a: Excadrill
|
|upkeep
|turn|6
|
|t:|1757958067
|move|p2a: Excadrill|Earthquake|p1a: Hatterene
|-damage|p1a: Hatterene|26/100
|move|p1a: Hatterene|Mystical Fire|p2a: Excadrill
|-supereffective|p2a: Excadrill
|-damage|p2a: Excadrill|41/100
|-unboost|p2a: Excadrill|spa|1
|
|-heal|p2a: Excadrill|48/100|[from] item: Leftovers
|upkeep
|turn|7
|
|t:|1757958090
|switch|p1a: Zamazenta|Zamazenta|100/100
|-ability|p1a: Zamazenta|Dauntless Shield|boost
|-boost|p1a: Zamazenta|def|1
|move|p2a: Excadrill|Earthquake|p1a: Zamazenta
|-damage|p1a: Zamazenta|74/100
|
|-heal|p2a: Excadrill|54/100|[from] item: Leftovers
|upkeep
|turn|8
|
|t:|1757958100
|switch|p2a: Fezandipiti|Fezandipiti, M|76/100
|move|p1a: Zamazenta|Body Press|p2a: Fezandipiti
|-resisted|p2a: Fezandipiti
|-damage|p2a: Fezandipiti|59/100
|
|upkeep
|turn|9
|
|t:|1757958111
|switch|p1a: Gliscor|Gliscor, M|100/100
|move|p2a: Fezandipiti|Moonblast|p1a: Gliscor
|-damage|p1a: Gliscor|49/100
|
|-status|p1a: Gliscor|tox|[from] item: Toxic Orb
|upkeep
|turn|10
|inactive|ZeNiN_K1 has 120 seconds left.
|
|t:|1757958131
|move|p2a: Fezandipiti|Moonblast|p1a: Gliscor
|-damage|p1a: Gliscor|0 fnt
|faint|p1a: Gliscor
|
|upkeep
|
|t:|1757958134
|switch|p1a: Ninetales|Ninetales-Alola, F|100/100
|-weather|Snowscape|[from] ability: Snow Warning|[of] p1a: Ninetales
|turn|11
|
|t:|1757958140
|move|p1a: Ninetales|Aurora Veil|p1a: Ninetales
|-sidestart|p1: ZeNiN_K1|move: Aurora Veil
|move|p2a: Fezandipiti|Moonblast|p1a: Ninetales
|-damage|p1a: Ninetales|75/100
|
|-weather|Snowscape|[upkeep]
|upkeep
|turn|12
|
|t:|1757958161
|switch|p2a: Excadrill|Excadrill, F|54/100
|-ability|p2a: Excadrill|Mold Breaker
|move|p1a: Ninetales|Roar|p2a: Excadrill
|drag|p2a: Latias|Latias, F|100/100
|
|-weather|Snowscape|[upkeep]
|upkeep
|turn|13
|
|t:|1757958170
|switch|p2a: Tinkaton|Tinkaton, F|100/100
|-ability|p2a: Tinkaton|Mold Breaker
|move|p1a: Ninetales|Freeze-Dry|p2a: Tinkaton
|-resisted|p2a: Tinkaton
|-damage|p2a: Tinkaton|91/100
|
|-weather|Snowscape|[upkeep]
|-heal|p2a: Tinkaton|98/100|[from] item: Leftovers
|upkeep
|turn|14
|
|t:|1757958179
|switch|p1a: Hatterene|Hatterene, F, tera:Water|26/100
|move|p2a: Tinkaton|Swords Dance|p2a: Tinkaton
|-boost|p2a: Tinkaton|atk|2
|
|-weather|Snowscape|[upkeep]
|-heal|p2a: Tinkaton|100/100|[from] item: Leftovers
|upkeep
|turn|15
|
|t:|1757958193
|move|p2a: Tinkaton|Knock Off|p1a: Hatterene
|-damage|p1a: Hatterene|5/100
|-enditem|p1a: Hatterene|Assault Vest|[from] move: Knock Off|[of] p2a: Tinkaton
|move|p1a: Hatterene|Nuzzle|p2a: Tinkaton
|-damage|p2a: Tinkaton|97/100
|-status|p2a: Tinkaton|par
|
|-weather|none
|-heal|p2a: Tinkaton|100/100 par|[from] item: Leftovers
|upkeep
|turn|16
|
|t:|1757958209
|switch|p1a: Ceruledge|Ceruledge, M|100/100
|move|p2a: Tinkaton|Play Rough|p1a: Ceruledge
|-resisted|p1a: Ceruledge
|-damage|p1a: Ceruledge|87/100
|
|upkeep
|turn|17
|
|t:|1757958229
|switch|p2a: Kommo-o|Kommo-o, M|100/100
|move|p1a: Ceruledge|Bulk Up|p1a: Ceruledge
|-boost|p1a: Ceruledge|atk|1
|-boost|p1a: Ceruledge|def|1
|
|upkeep
|turn|18
|
|t:|1757958237
|move|p1a: Ceruledge|Taunt|p2a: Kommo-o
|-start|p2a: Kommo-o|move: Taunt
|cant|p2a: Kommo-o|move: Taunt|Stealth Rock
|
|-sideend|p1: ZeNiN_K1|move: Aurora Veil
|upkeep
|turn|19
|
|t:|1757958246
|move|p1a: Ceruledge|Bitter Blade|p2a: Kommo-o
|-resisted|p2a: Kommo-o
|-damage|p2a: Kommo-o|83/100
|-heal|p1a: Ceruledge|96/100|[from] drain|[of] p2a: Kommo-o
|move|p2a: Kommo-o|Dragon Tail|p1a: Ceruledge
|-crit|p1a: Ceruledge
|-damage|p1a: Ceruledge|60/100
|drag|p1a: Zamazenta|Zamazenta|74/100
|
|-heal|p2a: Kommo-o|89/100|[from] item: Leftovers
|upkeep
|turn|20
|
|t:|1757958257
|move|p1a: Zamazenta|Iron Defense|p1a: Zamazenta
|-boost|p1a: Zamazenta|def|2
|move|p2a: Kommo-o|Dragon Tail|p1a: Zamazenta
|-damage|p1a: Zamazenta|65/100
|drag|p1a: Ninetales|Ninetales-Alola, F|75/100
|-weather|Snowscape|[from] ability: Snow Warning|[of] p1a: Ninetales
|
|-weather|Snowscape|[upkeep]
|-heal|p2a: Kommo-o|95/100|[from] item: Leftovers
|-end|p2a: Kommo-o|move: Taunt
|upkeep
|turn|21
|
|t:|1757958268
|switch|p1a: Hatterene|Hatterene, F, tera:Water|5/100
|switch|p2a: Excadrill|Excadrill, F|54/100
|-ability|p2a: Excadrill|Mold Breaker
|
|-weather|Snowscape|[upkeep]
|-heal|p2a: Excadrill|60/100|[from] item: Leftovers
|upkeep
|turn|22
|
|t:|1757958283
|switch|p1a: Zamazenta|Zamazenta|65/100
|move|p2a: Excadrill|Rapid Spin|p1a: Zamazenta
|-damage|p1a: Zamazenta|53/100
|-boost|p2a: Excadrill|spe|1
|
|-weather|Snowscape|[upkeep]
|-heal|p2a: Excadrill|66/100|[from] item: Leftovers
|upkeep
|turn|23
|
|t:|1757958291
|move|p2a: Excadrill|Iron Head|p1a: Zamazenta
|-damage|p1a: Zamazenta|23/100
|move|p1a: Zamazenta|Body Press|p2a: Excadrill
|-supereffective|p2a: Excadrill
|-damage|p2a: Excadrill|0 fnt
|faint|p2a: Excadrill
|
|-weather|Snowscape|[upkeep]
|upkeep
|
|t:|1757958302
|switch|p2a: Latias|Latias, F|100/100
|turn|24
|
|t:|1757958318
|switch|p1a: Ninetales|Ninetales-Alola, F|75/100
|move|p2a: Latias|Psyshock|p1a: Ninetales
|-damage|p1a: Ninetales|40/100
|
|-weather|none
|upkeep
|turn|25
|
|t:|1757958325
|move|p2a: Latias|Psyshock|p1a: Ninetales
|-damage|p1a: Ninetales|0 fnt
|faint|p1a: Ninetales
|
|upkeep
|
|t:|1757958328
|switch|p1a: Darkrai|Darkrai|100/100
|turn|26
|
|t:|1757958334
|switch|p2a: Tinkaton|Tinkaton, F|100/100 par
|-ability|p2a: Tinkaton|Mold Breaker
|move|p1a: Darkrai|Nasty Plot|p1a: Darkrai
|-boost|p1a: Darkrai|spa|2
|
|upkeep
|turn|27
|
|t:|1757958343
|move|p1a: Darkrai|Psyshock|p2a: Tinkaton
|-resisted|p2a: Tinkaton
|-damage|p2a: Tinkaton|68/100 par
|move|p2a: Tinkaton|Play Rough|p1a: Darkrai
|-supereffective|p1a: Darkrai
|-damage|p1a: Darkrai|36/100
|-unboost|p1a: Darkrai|atk|1
|
|-heal|p1a: Darkrai|42/100|[from] item: Leftovers
|-heal|p2a: Tinkaton|74/100 par|[from] item: Leftovers
|upkeep
|turn|28
|
|t:|1757958352
|switch|p1a: Ceruledge|Ceruledge, M|60/100
|cant|p2a: Tinkaton|par
|
|-heal|p2a: Tinkaton|80/100 par|[from] item: Leftovers
|upkeep
|turn|29
|
|t:|1757958360
|switch|p2a: Kommo-o|Kommo-o, M|95/100
|move|p1a: Ceruledge|Bitter Blade|p2a: Kommo-o
|-resisted|p2a: Kommo-o
|-damage|p2a: Kommo-o|84/100
|-heal|p1a: Ceruledge|66/100|[from] drain|[of] p2a: Kommo-o
|
|-heal|p2a: Kommo-o|90/100|[from] item: Leftovers
|upkeep
|turn|30
|
|t:|1757958372
|move|p1a: Ceruledge|Taunt|p2a: Kommo-o
|-start|p2a: Kommo-o|move: Taunt
|move|p2a: Kommo-o|Dragon Tail|p1a: Ceruledge
|-damage|p1a: Ceruledge|44/100
|drag|p1a: Hatterene|Hatterene, F, tera:Water|5/100
|
|-heal|p2a: Kommo-o|96/100|[from] item: Leftovers
|upkeep
|turn|31
|
|t:|1757958384
|switch|p1a: Zamazenta|Zamazenta|23/100
|move|p2a: Kommo-o|Body Press|p1a: Zamazenta
|-damage|p1a: Zamazenta|0 fnt
|faint|p1a: Zamazenta
|
|-heal|p2a: Kommo-o|100/100|[from] item: Leftovers
|upkeep
|
|t:|1757958391
|switch|p1a: Darkrai|Darkrai|42/100
|turn|32
|
|t:|1757958394
|move|p1a: Darkrai|Psyshock|p2a: Kommo-o
|-supereffective|p2a: Kommo-o
|-damage|p2a: Kommo-o|66/100
|move|p2a: Kommo-o|Body Press|p1a: Darkrai
|-supereffective|p1a: Darkrai
|-damage|p1a: Darkrai|0 fnt
|faint|p1a: Darkrai
|
|-heal|p2a: Kommo-o|72/100|[from] item: Leftovers
|-end|p2a: Kommo-o|move: Taunt
|upkeep
|
|t:|1757958399
|switch|p1a: Ceruledge|Ceruledge, M|44/100
|turn|33
|
|t:|1757958406
|move|p1a: Ceruledge|Bulk Up|p1a: Ceruledge
|-boost|p1a: Ceruledge|atk|1
|-boost|p1a: Ceruledge|def|1
|move|p2a: Kommo-o|Dragon Tail|p1a: Ceruledge
|-damage|p1a: Ceruledge|27/100
|drag|p1a: Hatterene|Hatterene, F, tera:Water|5/100
|
|-heal|p2a: Kommo-o|78/100|[from] item: Leftovers
|upkeep
|turn|34
|
|t:|1757958416
|move|p2a: Kommo-o|Body Press|p1a: Hatterene
|-crit|p1a: Hatterene
|-damage|p1a: Hatterene|0 fnt
|faint|p1a: Hatterene
|
|-heal|p2a: Kommo-o|84/100|[from] item: Leftovers
|upkeep
|
|t:|1757958418
|switch|p1a: Ceruledge|Ceruledge, M|27/100
|turn|35
|
|t:|1757958424
|move|p1a: Ceruledge|Bulk Up|p1a: Ceruledge
|-boost|p1a: Ceruledge|atk|1
|-boost|p1a: Ceruledge|def|1
|move|p2a: Kommo-o|Iron Defense|p2a: Kommo-o
|-boost|p2a: Kommo-o|def|2
|
|-heal|p2a: Kommo-o|90/100|[from] item: Leftovers
|upkeep
|turn|36
|
|t:|1757958431
|move|p1a: Ceruledge|Bulk Up|p1a: Ceruledge
|-boost|p1a: Ceruledge|atk|1
|-boost|p1a: Ceruledge|def|1
|move|p2a: Kommo-o|Iron Defense|p2a: Kommo-o
|-boost|p2a: Kommo-o|def|2
|
|-heal|p2a: Kommo-o|96/100|[from] item: Leftovers
|upkeep
|turn|37
|
|t:|1757958438
|move|p1a: Ceruledge|Bulk Up|p1a: Ceruledge
|-boost|p1a: Ceruledge|atk|1
|-boost|p1a: Ceruledge|def|1
|move|p2a: Kommo-o|Dragon Tail|p1a: Ceruledge
|-damage|p1a: Ceruledge|16/100
|
|-heal|p2a: Kommo-o|100/100|[from] item: Leftovers
|upkeep
|turn|38
|
|t:|1757958447
|switch|p2a: Skeledirge|Skeledirge, F|84/100 par
|move|p1a: Ceruledge|Bitter Blade|p2a: Skeledirge
|-resisted|p2a: Skeledirge
|-damage|p2a: Skeledirge|72/100 par
|-heal|p1a: Ceruledge|23/100|[from] drain|[of] p2a: Skeledirge
|
|upkeep
|turn|39
|
|t:|1757958455
|move|p1a: Ceruledge|Shadow Sneak|p2a: Skeledirge
|-supereffective|p2a: Skeledirge
|-damage|p2a: Skeledirge|51/100 par
|cant|p2a: Skeledirge|par
|
|upkeep
|turn|40
|
|t:|1757958459
|move|p1a: Ceruledge|Shadow Sneak|p2a: Skeledirge
|-supereffective|p2a: Skeledirge
|-damage|p2a: Skeledirge|32/100 par
|move|p2a: Skeledirge|Earth Power|p1a: Ceruledge
|-supereffective|p1a: Ceruledge
|-damage|p1a: Ceruledge|0 fnt
|faint|p1a: Ceruledge
|
|win|cvgtf
|raw|ZeNiN_K1's rating: 1197 &rarr; <strong>1177</strong><br />(-20 for losing)
|raw|cvgtf's rating: 1270 &rarr; <strong>1290</strong><br />(+20 for winning)
