|j|☆fac4
|j|☆Portguitas
|html|<table width="100%"><tr><td align="left">fac4</td><td align="right">Portguitas</tr><tr><td align="left"><i class="fa fa-circle-o"></i> <i class="fa fa-circle-o"></i> </td><td align="right"><i class="fa fa-circle-o"></i> <i class="fa fa-circle-o"></i> </tr></table>
|uhtml|bestof|<h2><strong>Game 1</strong> of <a href="/game-bestof3-gen9ou-2441554062">a best-of-3</a></h2>
|t:|1757867436
|gametype|singles
|player|p1|fac4|unknown|
|player|p2|Portguitas|ethan|
|gen|9
|tier|[Gen 9] OU
|rule|HP Percentage Mod: HP is shown in percentages
|rule|Endless Battle Clause: Forcing endless battles is banned
|rule|Species Clause: Limit one of each Pokémon
|rule|OHKO Clause: OHKO moves are banned
|rule|Evasion Items Clause: Evasion items are banned
|rule|Evasion Moves Clause: Evasion moves are banned
|rule|Evasion Abilities Clause: Evasion abilities are banned
|rule|Sleep Moves Clause: Sleep-inducing moves are banned
|raw|<div class="infobox"><details class="readmore"><summary><strong>6 custom rules:</strong></summary> Force Open Team Sheets, Anything Goes, maxteamsize=8, Picked Team Size = 6, Adjust Level = 100, bestof=3</details></div>
|clearpoke
|poke|p1|Blissey, F|
|poke|p1|Corviknight, M|
|poke|p1|Toxapex, F|
|poke|p1|Hatterene, F|
|poke|p1|Rotom-Wash|
|poke|p1|Excadrill, M|
|poke|p1|Meowscarada, F|
|poke|p1|Gholdengo|
|poke|p2|Clefable, F|
|poke|p2|Quaquaval, F|
|poke|p2|Dragapult, M|
|poke|p2|Rillaboom, M|
|poke|p2|Slowking-Galar, F|
|poke|p2|Kingambit, M|
|poke|p2|Dragonite, M|
|poke|p2|Alomomola, F|
|teampreview|6
|showteam|p1|Blissey||HeavyDutyBoots|NaturalCure|SoftBoiled,SeismicToss,ThunderWave,StealthRock|||F||||,,,,,Normal]Corviknight||RockyHelmet|Pressure|Defog,Roost,BraveBird,BodyPress|||M||||,,,,,Flying]Toxapex||BlackSludge|Regenerator|Toxic,Recover,BanefulBunker,Liquidation|||F||||,,,,,Poison]Hatterene||CovertCloak|MagicBounce|MysticalFire,DrainingKiss,Nuzzle,HealingWish|||F||||,,,,,Psychic]Rotom-Wash||Leftovers|Levitate|VoltSwitch,HydroPump,WillOWisp,PainSplit|||||||,,,,,Electric]Excadrill||AirBalloon|MoldBreaker|SwordsDance,Earthquake,IronHead,RapidSpin|||M||||,,,,,Ground]Meowscarada||ChoiceBand|Protean|FlowerTrick,TripleAxel,Uturn,KnockOff|||F||||,,,,,Grass]Gholdengo||ChoiceScarf|GoodasGold|MakeItRain,ShadowBall,Thunderbolt,FocusBlast|||||||,,,,,Steel
|showteam|p2|Clefable||Leftovers|MagicGuard|Moonblast,Moonlight,StealthRock,CalmMind|||F||||,,,,,Fairy]Quaquaval||AssaultVest|Moxie|AquaStep,CloseCombat,RapidSpin,Uturn|||F||||,,,,,Water]Dragapult||ChoiceSpecs|Infiltrator|Uturn,DracoMeteor,ShadowBall,Flamethrower|||M||||,,,,,Dragon]Rillaboom||ChoiceBand|GrassySurge|DrainPunch,GrassyGlide,HighHorsepower,Uturn|||M||||,,,,,Grass]Slowking-Galar||HeavyDutyBoots|Regenerator|SludgeBomb,IceBeam,Flamethrower,PsychicNoise|||F||||,,,,,Poison]Kingambit||AirBalloon|SupremeOverlord|SuckerPunch,SwordsDance,IronHead,KowtowCleave|||M||||,,,,,Dark]Dragonite||LumBerry|Multiscale|ExtremeSpeed,Earthquake,DragonDance,Roost|||M||||,,,,,Dragon]Alomomola||RockyHelmet|Regenerator|FlipTurn,Wish,Scald,Protect|||F||||,,,,,Water
|c|☆fac4|Toca analizar
|c|☆Portguitas|hacemos regresiva y decimos??
|c|☆fac4|Ok tengo mi ban
|c|☆fac4|Tenes?
|c|☆fac4|Si hacemos eso
|c|☆Portguitas|un momento y decidimos
|c|☆Portguitas|adelante
|c|☆fac4|1
|c|☆fac4|2
|c|☆fac4|3
|c|☆fac4|king
|c|☆Portguitas|gholdengo
|c|☆fac4|Ok
|c|☆fac4|Bien
|c|☆fac4|Bien
|
|t:|1757867653
|teamsize|p1|6
|teamsize|p2|6
|start
|switch|p1a: Hatterene|Hatterene, F, shiny|100/100
|switch|p2a: B-2 Spirit|Dragapult, M|100/100
|turn|1
|c|☆fac4|ahora decimos a quien dejamos afuera
|c|☆fac4|Yo excadrill
|c|☆fac4|Vos?
|inactive|Battle timer is ON: inactive players will automatically lose when time's up. (requested by fac4)
|c|☆Portguitas|eso se decia??
|c|☆fac4|si
|c|☆Portguitas|en los otros no lo dije
|
|t:|1757867699
|switch|p1a: Blissey|Blissey, F, shiny|100/100
|move|p2a: B-2 Spirit|U-turn|p1a: Blissey
|-damage|p1a: Blissey|86/100
|c|☆fac4|se tenia q decir xd
|c|☆Portguitas|Dragonite
|c|☆fac4|Ok
|
|t:|1757867715
|switch|p2a: Garp|Rillaboom, M|100/100|[from] U-turn
|-fieldstart|move: Grassy Terrain|[from] ability: Grassy Surge|[of] p2a: Garp
|
|-heal|p1a: Blissey|92/100|[from] Grassy Terrain
|upkeep
|turn|2
|
|t:|1757867730
|switch|p1a: Corviknight|Corviknight, M, shiny|100/100
|-ability|p1a: Corviknight|Pressure
|move|p2a: Garp|Grassy Glide|p1a: Corviknight
|-resisted|p1a: Corviknight
|-damage|p1a: Corviknight|91/100
|-damage|p2a: Garp|84/100|[from] item: Rocky Helmet|[of] p1a: Corviknight
|
|-heal|p2a: Garp|90/100|[from] Grassy Terrain
|upkeep
|turn|3
|
|t:|1757867744
|switch|p2a: Mamambou|Alomomola, F|100/100
|move|p1a: Corviknight|Brave Bird|p2a: Mamambou
|-damage|p2a: Mamambou|79/100
|-damage|p1a: Corviknight|74/100|[from] item: Rocky Helmet|[of] p2a: Mamambou
|-damage|p1a: Corviknight|65/100|[from] Recoil
|
|-heal|p2a: Mamambou|85/100|[from] Grassy Terrain
|upkeep
|turn|4
|
|t:|1757867757
|switch|p1a: Blissey|Blissey, F, shiny|92/100
|move|p2a: Mamambou|Scald|p1a: Blissey
|-damage|p1a: Blissey|87/100
|
|-heal|p2a: Mamambou|92/100|[from] Grassy Terrain
|-heal|p1a: Blissey|93/100|[from] Grassy Terrain
|upkeep
|turn|5
|
|t:|1757867765
|move|p2a: Mamambou|Flip Turn|p1a: Blissey
|-damage|p1a: Blissey|79/100
|
|t:|1757867778
|switch|p2a: Clefable|Clefable, F|100/100|[from] Flip Turn
|move|p1a: Blissey|Thunder Wave|p2a: Clefable|[miss]
|-miss|p1a: Blissey|p2a: Clefable
|
|-heal|p1a: Blissey|85/100|[from] Grassy Terrain
|-fieldend|move: Grassy Terrain
|upkeep
|turn|6
|
|t:|1757867795
|move|p2a: Clefable|Calm Mind|p2a: Clefable
|-boost|p2a: Clefable|spa|1
|-boost|p2a: Clefable|spd|1
|move|p1a: Blissey|Thunder Wave|p2a: Clefable
|-status|p2a: Clefable|par
|
|upkeep
|turn|7
|
|t:|1757867800
|move|p1a: Blissey|Stealth Rock|p2a: Clefable
|-sidestart|p2: Portguitas|move: Stealth Rock
|move|p2a: Clefable|Calm Mind|p2a: Clefable
|-boost|p2a: Clefable|spa|1
|-boost|p2a: Clefable|spd|1
|
|upkeep
|turn|8
|
|t:|1757867812
|move|p1a: Blissey|Seismic Toss|p2a: Clefable
|-damage|p2a: Clefable|75/100 par
|move|p2a: Clefable|Stealth Rock|p1a: Blissey
|-sidestart|p1: fac4|move: Stealth Rock
|
|-heal|p2a: Clefable|81/100 par|[from] item: Leftovers
|upkeep
|turn|9
|
|t:|1757867818
|move|p1a: Blissey|Seismic Toss|p2a: Clefable
|-damage|p2a: Clefable|56/100 par
|move|p2a: Clefable|Moonblast|p1a: Blissey
|-damage|p1a: Blissey|62/100
|
|-heal|p2a: Clefable|62/100 par|[from] item: Leftovers
|upkeep
|turn|10
|
|t:|1757867826
|move|p1a: Blissey|Seismic Toss|p2a: Clefable
|-damage|p2a: Clefable|37/100 par
|move|p2a: Clefable|Moonlight|p2a: Clefable
|-heal|p2a: Clefable|87/100 par
|
|-heal|p2a: Clefable|93/100 par|[from] item: Leftovers
|upkeep
|turn|11
|
|t:|1757867834
|move|p1a: Blissey|Seismic Toss|p2a: Clefable
|-damage|p2a: Clefable|67/100 par
|cant|p2a: Clefable|par
|
|-heal|p2a: Clefable|73/100 par|[from] item: Leftovers
|upkeep
|turn|12
|
|t:|1757867844
|switch|p2a: Garp|Rillaboom, M|90/100
|-damage|p2a: Garp|78/100|[from] Stealth Rock
|-fieldstart|move: Grassy Terrain|[from] ability: Grassy Surge|[of] p2a: Garp
|move|p1a: Blissey|Seismic Toss|p2a: Garp
|-damage|p2a: Garp|49/100
|
|-heal|p2a: Garp|55/100|[from] Grassy Terrain
|-heal|p1a: Blissey|68/100|[from] Grassy Terrain
|upkeep
|turn|13
|
|t:|1757867854
|switch|p1a: Corviknight|Corviknight, M, shiny|65/100
|-damage|p1a: Corviknight|52/100|[from] Stealth Rock
|-ability|p1a: Corviknight|Pressure
|move|p2a: Garp|Drain Punch|p1a: Corviknight
|-damage|p1a: Corviknight|24/100
|-heal|p2a: Garp|71/100|[from] drain|[of] p1a: Corviknight
|-damage|p2a: Garp|55/100|[from] item: Rocky Helmet|[of] p1a: Corviknight
|
|-heal|p2a: Garp|61/100|[from] Grassy Terrain
|upkeep
|turn|14
|
|t:|1757867870
|switch|p1a: Hatterene|Hatterene, F, shiny|100/100
|-damage|p1a: Hatterene|88/100|[from] Stealth Rock
|move|p2a: Garp|Drain Punch|p1a: Hatterene
|-resisted|p1a: Hatterene
|-damage|p1a: Hatterene|80/100
|-heal|p2a: Garp|65/100|[from] drain|[of] p1a: Hatterene
|
|-heal|p2a: Garp|71/100|[from] Grassy Terrain
|-heal|p1a: Hatterene|86/100|[from] Grassy Terrain
|upkeep
|turn|15
|
|t:|1757867883
|switch|p2a: Clefable|Clefable, F|73/100 par
|move|p1a: Hatterene|Nuzzle|p2a: Clefable
|-damage|p2a: Clefable|70/100 par
|
|-heal|p1a: Hatterene|92/100|[from] Grassy Terrain
|-heal|p2a: Clefable|76/100 par|[from] Grassy Terrain
|-heal|p2a: Clefable|82/100 par|[from] item: Leftovers
|upkeep
|turn|16
|
|t:|1757867894
|switch|p1a: Blissey|Blissey, F, shiny|68/100
|move|p2a: Clefable|Moonblast|p1a: Blissey
|-damage|p1a: Blissey|57/100
|
|-heal|p1a: Blissey|63/100|[from] Grassy Terrain
|-heal|p2a: Clefable|89/100 par|[from] Grassy Terrain
|-heal|p2a: Clefable|95/100 par|[from] item: Leftovers
|-fieldend|move: Grassy Terrain
|upkeep
|turn|17
|
|t:|1757867903
|move|p1a: Blissey|Soft-Boiled|p1a: Blissey
|-heal|p1a: Blissey|100/100
|move|p2a: Clefable|Calm Mind|p2a: Clefable
|-boost|p2a: Clefable|spa|1
|-boost|p2a: Clefable|spd|1
|
|-heal|p2a: Clefable|100/100 par|[from] item: Leftovers
|upkeep
|turn|18
|
|t:|1757867911
|switch|p2a: PATO|Quaquaval, F|100/100
|-damage|p2a: PATO|94/100|[from] Stealth Rock
|move|p1a: Blissey|Seismic Toss|p2a: PATO
|-damage|p2a: PATO|64/100
|
|upkeep
|turn|19
|
|t:|1757867922
|switch|p1a: Toxapex|Toxapex, F|100/100
|-damage|p1a: Toxapex|88/100|[from] Stealth Rock
|move|p2a: PATO|Aqua Step|p1a: Toxapex
|-resisted|p1a: Toxapex
|-damage|p1a: Toxapex|75/100
|-boost|p2a: PATO|spe|1
|
|-heal|p1a: Toxapex|81/100|[from] item: Black Sludge
|upkeep
|turn|20
|
|t:|1757867932
|move|p2a: PATO|U-turn|p1a: Toxapex
|-resisted|p1a: Toxapex
|-crit|p1a: Toxapex
|-damage|p1a: Toxapex|71/100
|
|t:|1757867938
|switch|p2a: Big Mom|Slowking-Galar, F|100/100|[from] U-turn
|move|p1a: Toxapex|Toxic|p2a: Big Mom
|-immune|p2a: Big Mom
|
|-heal|p1a: Toxapex|77/100|[from] item: Black Sludge
|upkeep
|turn|21
|
|t:|1757867949
|switch|p1a: Corviknight|Corviknight, M, shiny|24/100
|-damage|p1a: Corviknight|11/100|[from] Stealth Rock
|-ability|p1a: Corviknight|Pressure
|move|p2a: Big Mom|Flamethrower|p1a: Corviknight
|-supereffective|p1a: Corviknight
|-damage|p1a: Corviknight|0 fnt
|faint|p1a: Corviknight
|
|upkeep
|
|t:|1757867960
|switch|p1a: Meowscarada|Meowscarada, F, shiny|100/100
|-damage|p1a: Meowscarada|88/100|[from] Stealth Rock
|turn|22
|
|t:|1757867970
|switch|p2a: Mamambou|Alomomola, F|100/100
|-damage|p2a: Mamambou|88/100|[from] Stealth Rock
|move|p1a: Meowscarada|Knock Off|p2a: Mamambou
|-start|p1a: Meowscarada|typechange|Dark|[from] ability: Protean
|-damage|p2a: Mamambou|52/100
|-damage|p1a: Meowscarada|72/100|[from] item: Rocky Helmet|[of] p2a: Mamambou
|-enditem|p2a: Mamambou|Rocky Helmet|[from] move: Knock Off|[of] p1a: Meowscarada
|
|upkeep
|turn|23
|
|t:|1757867981
|switch|p1a: Rotom|Rotom-Wash, shiny|100/100
|-damage|p1a: Rotom|88/100|[from] Stealth Rock
|move|p2a: Mamambou|Wish|p2a: Mamambou
|
|-heal|p1a: Rotom|94/100|[from] item: Leftovers
|upkeep
|turn|24
|
|t:|1757867989
|move|p2a: Mamambou|Protect|p2a: Mamambou
|-singleturn|p2a: Mamambou|Protect
|move|p1a: Rotom|Will-O-Wisp|p2a: Mamambou
|-activate|p2a: Mamambou|move: Protect
|
|-heal|p2a: Mamambou|100/100|[from] move: Wish|[wisher] Mamambou
|-heal|p1a: Rotom|99/100|[from] item: Leftovers
|upkeep
|turn|25
|
|t:|1757868005
|switch|p2a: Clefable|Clefable, F|100/100 par
|move|p1a: Rotom|Will-O-Wisp||[still]
|-fail|p1a: Rotom
|
|-heal|p1a: Rotom|100/100|[from] item: Leftovers
|upkeep
|turn|26
|
|t:|1757868013
|move|p1a: Rotom|Volt Switch|p2a: Clefable
|-damage|p2a: Clefable|75/100 par
|
|t:|1757868022
|switch|p1a: Blissey|Blissey, F, shiny|100/100|[from] Volt Switch
|move|p2a: Clefable|Moonblast|p1a: Blissey
|-damage|p1a: Blissey|89/100
|
|-heal|p2a: Clefable|81/100 par|[from] item: Leftovers
|upkeep
|turn|27
|
|t:|1757868033
|move|p1a: Blissey|Seismic Toss|p2a: Clefable
|-damage|p2a: Clefable|56/100 par
|move|p2a: Clefable|Calm Mind|p2a: Clefable
|-boost|p2a: Clefable|spa|1
|-boost|p2a: Clefable|spd|1
|
|-heal|p2a: Clefable|62/100 par|[from] item: Leftovers
|upkeep
|turn|28
|
|t:|1757868049
|switch|p2a: PATO|Quaquaval, F|64/100
|-damage|p2a: PATO|58/100|[from] Stealth Rock
|move|p1a: Blissey|Seismic Toss|p2a: PATO
|-damage|p2a: PATO|28/100
|
|upkeep
|turn|29
|
|t:|1757868069
|switch|p1a: Toxapex|Toxapex, F|100/100
|-damage|p1a: Toxapex|88/100|[from] Stealth Rock
|move|p2a: PATO|Rapid Spin|p1a: Toxapex
|-crit|p1a: Toxapex
|-damage|p1a: Toxapex|73/100
|-boost|p2a: PATO|spe|1
|-sideend|p2: Portguitas|Stealth Rock|[from] move: Rapid Spin|[of] p2a: PATO
|
|-heal|p1a: Toxapex|79/100|[from] item: Black Sludge
|upkeep
|turn|30
|
|t:|1757868079
|move|p2a: PATO|U-turn|p1a: Toxapex
|-resisted|p1a: Toxapex
|-damage|p1a: Toxapex|72/100
|
|t:|1757868083
|switch|p2a: Big Mom|Slowking-Galar, F|100/100|[from] U-turn
|move|p1a: Toxapex|Liquidation|p2a: Big Mom
|-damage|p2a: Big Mom|79/100
|
|-heal|p1a: Toxapex|78/100|[from] item: Black Sludge
|upkeep
|turn|31
|
|t:|1757868098
|move|p1a: Toxapex|Baneful Bunker|p1a: Toxapex
|-singleturn|p1a: Toxapex|move: Protect
|move|p2a: Big Mom|Psychic Noise|p1a: Toxapex
|-activate|p1a: Toxapex|move: Protect
|
|-heal|p1a: Toxapex|84/100|[from] item: Black Sludge
|upkeep
|turn|32
|
|t:|1757868116
|switch|p1a: Blissey|Blissey, F, shiny|89/100
|move|p2a: Big Mom|Flamethrower|p1a: Blissey
|-damage|p1a: Blissey|80/100
|
|upkeep
|turn|33
|
|t:|1757868126
|switch|p2a: Clefable|Clefable, F|62/100 par
|move|p1a: Blissey|Seismic Toss|p2a: Clefable
|-damage|p2a: Clefable|37/100 par
|
|-heal|p2a: Clefable|43/100 par|[from] item: Leftovers
|upkeep
|turn|34
|
|t:|1757868133
|move|p1a: Blissey|Stealth Rock|p2a: Clefable
|-sidestart|p2: Portguitas|move: Stealth Rock
|move|p2a: Clefable|Moonlight|p2a: Clefable
|-heal|p2a: Clefable|93/100 par
|
|-heal|p2a: Clefable|99/100 par|[from] item: Leftovers
|upkeep
|turn|35
|
|t:|1757868141
|move|p1a: Blissey|Seismic Toss|p2a: Clefable
|-damage|p2a: Clefable|74/100 par
|move|p2a: Clefable|Calm Mind|p2a: Clefable
|-boost|p2a: Clefable|spa|1
|-boost|p2a: Clefable|spd|1
|
|-heal|p2a: Clefable|80/100 par|[from] item: Leftovers
|upkeep
|turn|36
|
|t:|1757868150
|switch|p2a: Mamambou|Alomomola, F|100/100
|-damage|p2a: Mamambou|88/100|[from] Stealth Rock
|move|p1a: Blissey|Seismic Toss|p2a: Mamambou
|-damage|p2a: Mamambou|69/100
|
|upkeep
|turn|37
|
|t:|1757868158
|move|p2a: Mamambou|Wish|p2a: Mamambou
|move|p1a: Blissey|Thunder Wave|p2a: Mamambou
|-status|p2a: Mamambou|par
|
|upkeep
|turn|38
|
|t:|1757868165
|switch|p2a: PATO|Quaquaval, F|28/100
|-damage|p2a: PATO|22/100|[from] Stealth Rock
|move|p1a: Blissey|Seismic Toss|p2a: PATO
|-damage|p2a: PATO|0 fnt
|faint|p2a: PATO
|
|upkeep
|
|t:|1757868172
|switch|p2a: Garp|Rillaboom, M|71/100
|-damage|p2a: Garp|59/100|[from] Stealth Rock
|-fieldstart|move: Grassy Terrain|[from] ability: Grassy Surge|[of] p2a: Garp
|turn|39
|
|t:|1757868184
|switch|p1a: Toxapex|Toxapex, F|100/100
|-damage|p1a: Toxapex|88/100|[from] Stealth Rock
|move|p2a: Garp|High Horsepower|p1a: Toxapex
|-supereffective|p1a: Toxapex
|-damage|p1a: Toxapex|22/100
|
|-heal|p2a: Garp|65/100|[from] Grassy Terrain
|-heal|p1a: Toxapex|28/100|[from] Grassy Terrain
|-heal|p1a: Toxapex|34/100|[from] item: Black Sludge
|upkeep
|turn|40
|
|t:|1757868204
|switch|p2a: Big Mom|Slowking-Galar, F|100/100
|switch|p1a: Rotom|Rotom-Wash, shiny|100/100
|-damage|p1a: Rotom|88/100|[from] Stealth Rock
|
|-heal|p1a: Rotom|94/100|[from] item: Leftovers
|upkeep
|turn|41
|
|t:|1757868213
|move|p1a: Rotom|Will-O-Wisp|p2a: Big Mom
|-status|p2a: Big Mom|brn
|move|p2a: Big Mom|Psychic Noise|p1a: Rotom
|-crit|p1a: Rotom
|-damage|p1a: Rotom|48/100
|-start|p1a: Rotom|move: Heal Block
|
|-damage|p2a: Big Mom|94/100 brn|[from] brn
|upkeep
|turn|42
|
|t:|1757868229
|switch|p1a: Blissey|Blissey, F, shiny|80/100
|move|p2a: Big Mom|Sludge Bomb|p1a: Blissey
|-damage|p1a: Blissey|68/100
|-status|p1a: Blissey|psn
|
|-heal|p1a: Blissey|74/100 psn|[from] Grassy Terrain
|-heal|p2a: Big Mom|100/100 brn|[from] Grassy Terrain
|-damage|p1a: Blissey|62/100 psn|[from] psn
|-damage|p2a: Big Mom|94/100 brn|[from] brn
|upkeep
|turn|43
|
|t:|1757868242
|move|p1a: Blissey|Soft-Boiled|p1a: Blissey
|-heal|p1a: Blissey|100/100 psn
|move|p2a: Big Mom|Psychic Noise|p1a: Blissey
|-damage|p1a: Blissey|90/100 psn
|-start|p1a: Blissey|move: Heal Block
|
|-heal|p2a: Big Mom|100/100 brn|[from] Grassy Terrain
|-damage|p1a: Blissey|78/100 psn|[from] psn
|-damage|p2a: Big Mom|94/100 brn|[from] brn
|-fieldend|move: Grassy Terrain
|upkeep
|turn|44
|
|t:|1757868259
|-curestatus|p1a: Blissey|psn|[from] ability: Natural Cure
|switch|p1a: Meowscarada|Meowscarada, F, shiny|72/100
|-damage|p1a: Meowscarada|60/100|[from] Stealth Rock
|move|p2a: Big Mom|Sludge Bomb|p1a: Meowscarada
|-supereffective|p1a: Meowscarada
|-damage|p1a: Meowscarada|0 fnt
|faint|p1a: Meowscarada
|
|-damage|p2a: Big Mom|88/100 brn|[from] brn
|upkeep
|
|t:|1757868271
|switch|p1a: Blissey|Blissey, F, shiny|78/100
|turn|45
|
|t:|1757868276
|move|p1a: Blissey|Seismic Toss|p2a: Big Mom
|-damage|p2a: Big Mom|63/100 brn
|move|p2a: Big Mom|Psychic Noise|p1a: Blissey
|-damage|p1a: Blissey|67/100
|-start|p1a: Blissey|move: Heal Block
|
|-damage|p2a: Big Mom|57/100 brn|[from] brn
|upkeep
|turn|46
|
|t:|1757868287
|switch|p2a: Garp|Rillaboom, M|65/100
|-damage|p2a: Garp|53/100|[from] Stealth Rock
|-fieldstart|move: Grassy Terrain|[from] ability: Grassy Surge|[of] p2a: Garp
|move|p1a: Blissey|Seismic Toss|p2a: Garp
|-damage|p2a: Garp|23/100
|
|-heal|p2a: Garp|30/100|[from] Grassy Terrain
|-end|p1a: Blissey|move: Heal Block
|upkeep
|turn|47
|
|t:|1757868305
|switch|p1a: Rotom|Rotom-Wash, shiny|48/100
|-damage|p1a: Rotom|36/100|[from] Stealth Rock
|move|p2a: Garp|Drain Punch|p1a: Rotom
|-damage|p1a: Rotom|0 fnt
|-heal|p2a: Garp|45/100|[from] drain|[of] p1a: Rotom
|faint|p1a: Rotom
|
|-heal|p2a: Garp|52/100|[from] Grassy Terrain
|upkeep
|
|t:|1757868311
|switch|p1a: Hatterene|Hatterene, F, shiny|92/100
|-damage|p1a: Hatterene|80/100|[from] Stealth Rock
|turn|48
|
|t:|1757868322
|switch|p2a: Big Mom|Slowking-Galar, F|90/100 brn
|move|p1a: Hatterene|Healing Wish|p1a: Hatterene
|faint|p1a: Hatterene
|
|-heal|p2a: Big Mom|96/100 brn|[from] Grassy Terrain
|-damage|p2a: Big Mom|90/100 brn|[from] brn
|upkeep
|
|t:|1757868332
|switch|p1a: Blissey|Blissey, F, shiny|67/100
|-heal|p1a: Blissey|100/100|[from] move: Healing Wish
|turn|49
|c|☆fac4|Que
|
|t:|1757868340
|switch|p2a: Garp|Rillaboom, M|52/100
|-damage|p2a: Garp|39/100|[from] Stealth Rock
|move|p1a: Blissey|Seismic Toss|p2a: Garp
|-damage|p2a: Garp|10/100
|
|-heal|p2a: Garp|16/100|[from] Grassy Terrain
|upkeep
|turn|50
|c|☆fac4|pense q eso revivia
|
|t:|1757868350
|move|p2a: Garp|Drain Punch|p1a: Blissey
|-supereffective|p1a: Blissey
|-damage|p1a: Blissey|27/100
|-heal|p2a: Garp|93/100|[from] drain|[of] p1a: Blissey
|move|p1a: Blissey|Seismic Toss|p2a: Garp
|-damage|p2a: Garp|64/100
|
|-heal|p2a: Garp|70/100|[from] Grassy Terrain
|-heal|p1a: Blissey|33/100|[from] Grassy Terrain
|-fieldend|move: Grassy Terrain
|upkeep
|turn|51
|
|t:|1757868359
|switch|p1a: Toxapex|Toxapex, F|67/100
|-damage|p1a: Toxapex|55/100|[from] Stealth Rock
|move|p2a: Garp|Drain Punch|p1a: Toxapex
|-resisted|p1a: Toxapex
|-crit|p1a: Toxapex
|-damage|p1a: Toxapex|37/100
|-heal|p2a: Garp|78/100|[from] drain|[of] p1a: Toxapex
|
|-heal|p1a: Toxapex|43/100|[from] item: Black Sludge
|upkeep
|turn|52
|
|t:|1757868374
|switch|p2a: Big Mom|Slowking-Galar, F|100/100 brn
|move|p1a: Toxapex|Recover|p1a: Toxapex
|-heal|p1a: Toxapex|93/100
|
|-heal|p1a: Toxapex|99/100|[from] item: Black Sludge
|-damage|p2a: Big Mom|94/100 brn|[from] brn
|upkeep
|turn|53
|
|t:|1757868381
|move|p1a: Toxapex|Liquidation|p2a: Big Mom
|-damage|p2a: Big Mom|74/100 brn
|move|p2a: Big Mom|Psychic Noise|p1a: Toxapex
|-supereffective|p1a: Toxapex
|-damage|p1a: Toxapex|51/100
|-start|p1a: Toxapex|move: Heal Block
|
|-damage|p2a: Big Mom|68/100 brn|[from] brn
|upkeep
|turn|54
|
|t:|1757868391
|move|p1a: Toxapex|Baneful Bunker|p1a: Toxapex
|-singleturn|p1a: Toxapex|move: Protect
|move|p2a: Big Mom|Psychic Noise|p1a: Toxapex
|-activate|p1a: Toxapex|move: Protect
|
|-damage|p2a: Big Mom|62/100 brn|[from] brn
|-end|p1a: Toxapex|move: Heal Block
|upkeep
|turn|55
|
|t:|1757868400
|switch|p1a: Blissey|Blissey, F, shiny|33/100
|move|p2a: Big Mom|Psychic Noise|p1a: Blissey
|-damage|p1a: Blissey|23/100
|-start|p1a: Blissey|move: Heal Block
|
|-damage|p2a: Big Mom|56/100 brn|[from] brn
|upkeep
|turn|56
|
|t:|1757868408
|move|p1a: Blissey|Seismic Toss|p2a: Big Mom
|-damage|p2a: Big Mom|31/100 brn
|move|p2a: Big Mom|Sludge Bomb|p1a: Blissey
|-damage|p1a: Blissey|11/100
|
|-damage|p2a: Big Mom|25/100 brn|[from] brn
|-end|p1a: Blissey|move: Heal Block
|upkeep
|turn|57
|
|t:|1757868418
|switch|p2a: B-2 Spirit|Dragapult, M|100/100
|-damage|p2a: B-2 Spirit|88/100|[from] Stealth Rock
|move|p1a: Blissey|Soft-Boiled|p1a: Blissey
|-heal|p1a: Blissey|61/100
|
|upkeep
|turn|58
|
|t:|1757868425
|move|p2a: B-2 Spirit|U-turn|p1a: Blissey
|-damage|p1a: Blissey|46/100
|
|t:|1757868427
|switch|p2a: Garp|Rillaboom, M|78/100|[from] U-turn
|-damage|p2a: Garp|66/100|[from] Stealth Rock
|-fieldstart|move: Grassy Terrain|[from] ability: Grassy Surge|[of] p2a: Garp
|move|p1a: Blissey|Soft-Boiled|p1a: Blissey
|-heal|p1a: Blissey|96/100
|
|-heal|p2a: Garp|72/100|[from] Grassy Terrain
|-heal|p1a: Blissey|100/100|[from] Grassy Terrain
|upkeep
|turn|59
|
|t:|1757868437
|move|p2a: Garp|Drain Punch|p1a: Blissey
|-supereffective|p1a: Blissey
|-damage|p1a: Blissey|32/100
|-heal|p2a: Garp|100/100|[from] drain|[of] p1a: Blissey
|move|p1a: Blissey|Thunder Wave|p2a: Garp
|-status|p2a: Garp|par
|
|-heal|p1a: Blissey|39/100|[from] Grassy Terrain
|upkeep
|turn|60
|
|t:|1757868445
|switch|p1a: Toxapex|Toxapex, F|84/100
|-damage|p1a: Toxapex|72/100|[from] Stealth Rock
|cant|p2a: Garp|par
|
|-heal|p1a: Toxapex|78/100|[from] Grassy Terrain
|-heal|p1a: Toxapex|84/100|[from] item: Black Sludge
|upkeep
|turn|61
|
|t:|1757868454
|switch|p2a: Big Mom|Slowking-Galar, F|58/100 brn
|move|p1a: Toxapex|Liquidation|p2a: Big Mom
|-damage|p2a: Big Mom|38/100 brn
|-unboost|p2a: Big Mom|def|1
|
|-heal|p1a: Toxapex|91/100|[from] Grassy Terrain
|-heal|p1a: Toxapex|97/100|[from] item: Black Sludge
|-heal|p2a: Big Mom|44/100 brn|[from] Grassy Terrain
|-damage|p2a: Big Mom|38/100 brn|[from] brn
|upkeep
|turn|62
|
|t:|1757868466
|switch|p2a: Mamambou|Alomomola, F|100/100 par
|-damage|p2a: Mamambou|88/100 par|[from] Stealth Rock
|move|p1a: Toxapex|Liquidation|p2a: Mamambou
|-resisted|p2a: Mamambou
|-damage|p2a: Mamambou|83/100 par
|
|-heal|p1a: Toxapex|100/100|[from] Grassy Terrain
|-heal|p2a: Mamambou|89/100 par|[from] Grassy Terrain
|-fieldend|move: Grassy Terrain
|upkeep
|turn|63
|
|t:|1757868477
|switch|p1a: Blissey|Blissey, F, shiny|39/100
|move|p2a: Mamambou|Scald|p1a: Blissey
|-damage|p1a: Blissey|34/100
|
|upkeep
|turn|64
|
|t:|1757868483
|move|p1a: Blissey|Soft-Boiled|p1a: Blissey
|-heal|p1a: Blissey|84/100
|move|p2a: Mamambou|Wish|p2a: Mamambou
|
|upkeep
|turn|65
|
|t:|1757868493
|switch|p2a: Garp|Rillaboom, M|100/100 par
|-damage|p2a: Garp|88/100 par|[from] Stealth Rock
|-fieldstart|move: Grassy Terrain|[from] ability: Grassy Surge|[of] p2a: Garp
|move|p1a: Blissey|Seismic Toss|p2a: Garp
|-damage|p2a: Garp|59/100 par
|
|-heal|p2a: Garp|100/100 par|[from] move: Wish|[wisher] Mamambou
|-heal|p1a: Blissey|90/100|[from] Grassy Terrain
|upkeep
|turn|66
|
|t:|1757868504
|move|p1a: Blissey|Seismic Toss|p2a: Garp
|-damage|p2a: Garp|71/100 par
|move|p2a: Garp|High Horsepower|p1a: Blissey
|-damage|p1a: Blissey|45/100
|
|-heal|p1a: Blissey|51/100|[from] Grassy Terrain
|-heal|p2a: Garp|77/100 par|[from] Grassy Terrain
|upkeep
|turn|67
|
|t:|1757868513
|move|p1a: Blissey|Soft-Boiled|p1a: Blissey
|-heal|p1a: Blissey|100/100
|move|p2a: Garp|High Horsepower|p1a: Blissey
|-damage|p1a: Blissey|58/100
|
|-heal|p1a: Blissey|64/100|[from] Grassy Terrain
|-heal|p2a: Garp|83/100 par|[from] Grassy Terrain
|upkeep
|turn|68
|
|t:|1757868522
|move|p1a: Blissey|Seismic Toss|p2a: Garp
|-damage|p2a: Garp|54/100 par
|move|p2a: Garp|High Horsepower|p1a: Blissey|[miss]
|-miss|p2a: Garp|p1a: Blissey
|
|-heal|p1a: Blissey|70/100|[from] Grassy Terrain
|-heal|p2a: Garp|60/100 par|[from] Grassy Terrain
|upkeep
|turn|69
|
|t:|1757868530
|move|p1a: Blissey|Seismic Toss|p2a: Garp
|-damage|p2a: Garp|31/100 par
|move|p2a: Garp|High Horsepower|p1a: Blissey|[miss]
|-miss|p2a: Garp|p1a: Blissey
|
|-heal|p1a: Blissey|76/100|[from] Grassy Terrain
|-heal|p2a: Garp|37/100 par|[from] Grassy Terrain
|-fieldend|move: Grassy Terrain
|upkeep
|turn|70
|
|t:|1757868539
|switch|p2a: Mamambou|Alomomola, F|100/100 par
|-damage|p2a: Mamambou|88/100 par|[from] Stealth Rock
|move|p1a: Blissey|Seismic Toss|p2a: Mamambou
|-damage|p2a: Mamambou|69/100 par
|
|upkeep
|turn|71
|
|t:|1757868547
|move|p1a: Blissey|Seismic Toss|p2a: Mamambou
|-damage|p2a: Mamambou|51/100 par
|move|p2a: Mamambou|Wish|p2a: Mamambou
|
|upkeep
|turn|72
|
|t:|1757868553
|switch|p2a: Garp|Rillaboom, M|37/100 par
|-damage|p2a: Garp|25/100 par|[from] Stealth Rock
|-fieldstart|move: Grassy Terrain|[from] ability: Grassy Surge|[of] p2a: Garp
|move|p1a: Blissey|Seismic Toss|p2a: Garp
|-damage|p2a: Garp|0 fnt
|faint|p2a: Garp
|
|-heal|p1a: Blissey|83/100|[from] Grassy Terrain
|upkeep
|
|t:|1757868572
|switch|p2a: Big Mom|Slowking-Galar, F|71/100 brn
|turn|73
|
|t:|1757868578
|move|p1a: Blissey|Seismic Toss|p2a: Big Mom
|-damage|p2a: Big Mom|46/100 brn
|move|p2a: Big Mom|Psychic Noise|p1a: Blissey
|-damage|p1a: Blissey|72/100
|-start|p1a: Blissey|move: Heal Block
|
|-heal|p2a: Big Mom|52/100 brn|[from] Grassy Terrain
|-damage|p2a: Big Mom|46/100 brn|[from] brn
|upkeep
|turn|74
|
|t:|1757868588
|move|p1a: Blissey|Seismic Toss|p2a: Big Mom
|-damage|p2a: Big Mom|21/100 brn
|move|p2a: Big Mom|Sludge Bomb|p1a: Blissey
|-damage|p1a: Blissey|58/100
|-status|p1a: Blissey|psn
|
|-heal|p2a: Big Mom|27/100 brn|[from] Grassy Terrain
|-damage|p1a: Blissey|46/100 psn|[from] psn
|-damage|p2a: Big Mom|21/100 brn|[from] brn
|-end|p1a: Blissey|move: Heal Block
|upkeep
|turn|75
|
|t:|1757868599
|move|p1a: Blissey|Seismic Toss|p2a: Big Mom
|-damage|p2a: Big Mom|0 fnt
|faint|p2a: Big Mom
|
|-heal|p1a: Blissey|52/100 psn|[from] Grassy Terrain
|-damage|p1a: Blissey|40/100 psn|[from] psn
|upkeep
|
|t:|1757868607
|switch|p2a: B-2 Spirit|Dragapult, M|88/100
|-damage|p2a: B-2 Spirit|76/100|[from] Stealth Rock
|turn|76
|
|t:|1757868613
|-curestatus|p1a: Blissey|psn|[from] ability: Natural Cure
|switch|p1a: Toxapex|Toxapex, F|100/100
|-damage|p1a: Toxapex|88/100|[from] Stealth Rock
|move|p2a: B-2 Spirit|U-turn|p1a: Toxapex
|-resisted|p1a: Toxapex
|-crit|p1a: Toxapex
|-damage|p1a: Toxapex|81/100
|
|t:|1757868620
|switch|p2a: Clefable|Clefable, F|80/100 par|[from] U-turn
|
|-heal|p1a: Toxapex|87/100|[from] Grassy Terrain
|-heal|p1a: Toxapex|93/100|[from] item: Black Sludge
|-heal|p2a: Clefable|86/100 par|[from] Grassy Terrain
|-heal|p2a: Clefable|92/100 par|[from] item: Leftovers
|-fieldend|move: Grassy Terrain
|upkeep
|turn|77
|
|t:|1757868635
|switch|p1a: Blissey|Blissey, F, shiny|40/100
|cant|p2a: Clefable|par
|
|-heal|p2a: Clefable|98/100 par|[from] item: Leftovers
|upkeep
|turn|78
|
|t:|1757868643
|move|p1a: Blissey|Soft-Boiled|p1a: Blissey
|-heal|p1a: Blissey|90/100
|move|p2a: Clefable|Calm Mind|p2a: Clefable
|-boost|p2a: Clefable|spa|1
|-boost|p2a: Clefable|spd|1
|
|-heal|p2a: Clefable|100/100 par|[from] item: Leftovers
|upkeep
|turn|79
|
|t:|1757868654
|switch|p1a: Toxapex|Toxapex, F|100/100
|-damage|p1a: Toxapex|88/100|[from] Stealth Rock
|move|p2a: Clefable|Calm Mind|p2a: Clefable
|-boost|p2a: Clefable|spa|1
|-boost|p2a: Clefable|spd|1
|
|-heal|p1a: Toxapex|94/100|[from] item: Black Sludge
|upkeep
|turn|80
|
|t:|1757868663
|move|p1a: Toxapex|Liquidation|p2a: Clefable
|-damage|p2a: Clefable|85/100 par
|cant|p2a: Clefable|par
|
|-heal|p1a: Toxapex|100/100|[from] item: Black Sludge
|-heal|p2a: Clefable|91/100 par|[from] item: Leftovers
|upkeep
|turn|81
|
|t:|1757868670
|move|p1a: Toxapex|Liquidation|p2a: Clefable
|-damage|p2a: Clefable|76/100 par
|move|p2a: Clefable|Calm Mind|p2a: Clefable
|-boost|p2a: Clefable|spa|1
|-boost|p2a: Clefable|spd|1
|
|-heal|p2a: Clefable|82/100 par|[from] item: Leftovers
|upkeep
|turn|82
|
|t:|1757868677
|move|p1a: Toxapex|Liquidation|p2a: Clefable
|-damage|p2a: Clefable|66/100 par
|-unboost|p2a: Clefable|def|1
|move|p2a: Clefable|Moonblast|p1a: Toxapex
|-resisted|p1a: Toxapex
|-damage|p1a: Toxapex|67/100
|
|-heal|p1a: Toxapex|73/100|[from] item: Black Sludge
|-heal|p2a: Clefable|72/100 par|[from] item: Leftovers
|upkeep
|turn|83
|
|t:|1757868693
|switch|p2a: Mamambou|Alomomola, F|84/100 par
|-damage|p2a: Mamambou|72/100 par|[from] Stealth Rock
|move|p1a: Toxapex|Liquidation|p2a: Mamambou
|-resisted|p2a: Mamambou
|-damage|p2a: Mamambou|67/100 par
|-unboost|p2a: Mamambou|def|1
|
|-heal|p1a: Toxapex|79/100|[from] item: Black Sludge
|upkeep
|turn|84
|
|t:|1757868709
|switch|p2a: B-2 Spirit|Dragapult, M|76/100
|-damage|p2a: B-2 Spirit|64/100|[from] Stealth Rock
|move|p1a: Toxapex|Liquidation|p2a: B-2 Spirit
|-resisted|p2a: B-2 Spirit
|-damage|p2a: B-2 Spirit|51/100
|
|-heal|p1a: Toxapex|86/100|[from] item: Black Sludge
|upkeep
|turn|85
|
|t:|1757868720
|move|p2a: B-2 Spirit|Draco Meteor|p1a: Toxapex
|-damage|p1a: Toxapex|15/100
|-unboost|p2a: B-2 Spirit|spa|2
|move|p1a: Toxapex|Toxic|p2a: B-2 Spirit
|-status|p2a: B-2 Spirit|tox
|
|-heal|p1a: Toxapex|21/100|[from] item: Black Sludge
|-damage|p2a: B-2 Spirit|45/100 tox|[from] psn
|upkeep
|turn|86
|
|t:|1757868730
|switch|p2a: Clefable|Clefable, F|72/100 par
|move|p1a: Toxapex|Baneful Bunker||[still]
|-fail|p1a: Toxapex
|
|-heal|p1a: Toxapex|27/100|[from] item: Black Sludge
|-heal|p2a: Clefable|78/100 par|[from] item: Leftovers
|upkeep
|turn|87
|
|t:|1757868738
|move|p1a: Toxapex|Recover|p1a: Toxapex
|-heal|p1a: Toxapex|77/100
|move|p2a: Clefable|Calm Mind|p2a: Clefable
|-boost|p2a: Clefable|spa|1
|-boost|p2a: Clefable|spd|1
|
|-heal|p1a: Toxapex|83/100|[from] item: Black Sludge
|-heal|p2a: Clefable|84/100 par|[from] item: Leftovers
|upkeep
|turn|88
|
|t:|1757868746
|move|p1a: Toxapex|Liquidation|p2a: Clefable
|-damage|p2a: Clefable|68/100 par
|move|p2a: Clefable|Calm Mind|p2a: Clefable
|-boost|p2a: Clefable|spa|1
|-boost|p2a: Clefable|spd|1
|
|-heal|p1a: Toxapex|90/100|[from] item: Black Sludge
|-heal|p2a: Clefable|74/100 par|[from] item: Leftovers
|upkeep
|turn|89
|
|t:|1757868754
|move|p1a: Toxapex|Liquidation|p2a: Clefable
|-damage|p2a: Clefable|58/100 par
|-unboost|p2a: Clefable|def|1
|move|p2a: Clefable|Calm Mind|p2a: Clefable
|-boost|p2a: Clefable|spa|1
|-boost|p2a: Clefable|spd|1
|
|-heal|p1a: Toxapex|96/100|[from] item: Black Sludge
|-heal|p2a: Clefable|64/100 par|[from] item: Leftovers
|upkeep
|turn|90
|
|t:|1757868763
|move|p1a: Toxapex|Liquidation|p2a: Clefable
|-damage|p2a: Clefable|40/100 par
|move|p2a: Clefable|Moonblast|p1a: Toxapex
|-resisted|p1a: Toxapex
|-damage|p1a: Toxapex|65/100
|
|-heal|p1a: Toxapex|71/100|[from] item: Black Sludge
|-heal|p2a: Clefable|46/100 par|[from] item: Leftovers
|upkeep
|turn|91
|
|t:|1757868773
|switch|p2a: Mamambou|Alomomola, F|99/100 par
|-damage|p2a: Mamambou|88/100 par|[from] Stealth Rock
|move|p1a: Toxapex|Liquidation|p2a: Mamambou
|-resisted|p2a: Mamambou
|-damage|p2a: Mamambou|82/100 par
|
|-heal|p1a: Toxapex|77/100|[from] item: Black Sludge
|upkeep
|turn|92
|
|t:|1757868781
|switch|p1a: Blissey|Blissey, F, shiny|90/100
|move|p2a: Mamambou|Wish|p2a: Mamambou
|
|upkeep
|turn|93
|
|t:|1757868788
|move|p1a: Blissey|Seismic Toss|p2a: Mamambou
|-damage|p2a: Mamambou|63/100 par
|cant|p2a: Mamambou|par
|
|-heal|p2a: Mamambou|100/100 par|[from] move: Wish|[wisher] Mamambou
|upkeep
|turn|94
|
|t:|1757868795
|move|p1a: Blissey|Seismic Toss|p2a: Mamambou
|-damage|p2a: Mamambou|82/100 par
|move|p2a: Mamambou|Scald|p1a: Blissey
|-damage|p1a: Blissey|85/100
|
|upkeep
|turn|95
|
|t:|1757868803
|move|p1a: Blissey|Seismic Toss|p2a: Mamambou
|-damage|p2a: Mamambou|63/100 par
|move|p2a: Mamambou|Scald|p1a: Blissey
|-damage|p1a: Blissey|79/100
|
|upkeep
|turn|96
|
|t:|1757868809
|move|p2a: Mamambou|Protect|p2a: Mamambou
|-singleturn|p2a: Mamambou|Protect
|move|p1a: Blissey|Seismic Toss|p2a: Mamambou
|-activate|p2a: Mamambou|move: Protect
|
|upkeep
|turn|97
|
|t:|1757868815
|move|p1a: Blissey|Seismic Toss|p2a: Mamambou
|-damage|p2a: Mamambou|44/100 par
|cant|p2a: Mamambou|par
|
|upkeep
|turn|98
|
|t:|1757868820
|move|p1a: Blissey|Stealth Rock||[still]
|-fail|p1a: Blissey
|move|p2a: Mamambou|Wish|p2a: Mamambou
|
|upkeep
|turn|99
|
|t:|1757868830
|switch|p1a: Toxapex|Toxapex, F|100/100
|-damage|p1a: Toxapex|88/100|[from] Stealth Rock
|cant|p2a: Mamambou|par
|
|-heal|p2a: Mamambou|94/100 par|[from] move: Wish|[wisher] Mamambou
|-heal|p1a: Toxapex|94/100|[from] item: Black Sludge
|upkeep
|turn|100
|
|t:|1757868839
|move|p1a: Toxapex|Baneful Bunker|p1a: Toxapex
|-singleturn|p1a: Toxapex|move: Protect
|cant|p2a: Mamambou|par
|
|-heal|p1a: Toxapex|100/100|[from] item: Black Sludge
|upkeep
|turn|101
|
|t:|1757868845
|move|p2a: Mamambou|Protect|p2a: Mamambou
|-singleturn|p2a: Mamambou|Protect
|move|p1a: Toxapex|Toxic|p2a: Mamambou
|-activate|p2a: Mamambou|move: Protect
|
|upkeep
|turn|102
|c|☆fac4|Bueno te parece empate?
|
|t:|1757868859
|move|p1a: Toxapex|Toxic||[still]
|-fail|p1a: Toxapex
|move|p2a: Mamambou|Scald|p1a: Toxapex
|-resisted|p1a: Toxapex
|-damage|p1a: Toxapex|95/100
|
|-heal|p1a: Toxapex|100/100|[from] item: Black Sludge
|upkeep
|turn|103
|
|t:|1757868867
|move|p2a: Mamambou|Protect|p2a: Mamambou
|-singleturn|p2a: Mamambou|Protect
|move|p1a: Toxapex|Toxic|p2a: Mamambou
|-activate|p2a: Mamambou|move: Protect
|
|upkeep
|turn|104
|
|t:|1757868872
|move|p1a: Toxapex|Toxic||[still]
|-fail|p1a: Toxapex
|move|p2a: Mamambou|Scald|p1a: Toxapex
|-resisted|p1a: Toxapex
|-damage|p1a: Toxapex|95/100
|-status|p1a: Toxapex|brn
|
|-heal|p1a: Toxapex|100/100 brn|[from] item: Black Sludge
|-damage|p1a: Toxapex|94/100 brn|[from] brn
|upkeep
|turn|105
|
|t:|1757868882
|move|p1a: Toxapex|Toxic||[still]
|-fail|p1a: Toxapex
|move|p2a: Mamambou|Scald|p1a: Toxapex
|-resisted|p1a: Toxapex
|-crit|p1a: Toxapex
|-damage|p1a: Toxapex|85/100 brn
|
|-heal|p1a: Toxapex|91/100 brn|[from] item: Black Sludge
|-damage|p1a: Toxapex|85/100 brn|[from] brn
|upkeep
|turn|106
|
|t:|1757868891
|move|p1a: Toxapex|Toxic||[still]
|-fail|p1a: Toxapex
|cant|p2a: Mamambou|par
|
|-heal|p1a: Toxapex|91/100 brn|[from] item: Black Sludge
|-damage|p1a: Toxapex|85/100 brn|[from] brn
|upkeep
|turn|107
|
|t:|1757868899
|move|p1a: Toxapex|Toxic||[still]
|-fail|p1a: Toxapex
|move|p2a: Mamambou|Scald|p1a: Toxapex
|-resisted|p1a: Toxapex
|-damage|p1a: Toxapex|79/100 brn
|
|-heal|p1a: Toxapex|85/100 brn|[from] item: Black Sludge
|-damage|p1a: Toxapex|79/100 brn|[from] brn
|upkeep
|turn|108
|
|t:|1757868908
|move|p1a: Toxapex|Toxic||[still]
|-fail|p1a: Toxapex
|cant|p2a: Mamambou|par
|
|-heal|p1a: Toxapex|85/100 brn|[from] item: Black Sludge
|-damage|p1a: Toxapex|79/100 brn|[from] brn
|upkeep
|turn|109
|
|t:|1757868915
|move|p1a: Toxapex|Toxic||[still]
|-fail|p1a: Toxapex
|move|p2a: Mamambou|Wish|p2a: Mamambou
|
|-heal|p1a: Toxapex|85/100 brn|[from] item: Black Sludge
|-damage|p1a: Toxapex|79/100 brn|[from] brn
|upkeep
|turn|110
|
|t:|1757868922
|switch|p2a: Clefable|Clefable, F|46/100 par
|move|p1a: Toxapex|Toxic||[still]
|-fail|p1a: Toxapex
|
|-heal|p2a: Clefable|100/100 par|[from] move: Wish|[wisher] Mamambou
|-heal|p1a: Toxapex|85/100 brn|[from] item: Black Sludge
|-damage|p1a: Toxapex|79/100 brn|[from] brn
|upkeep
|turn|111
|
|t:|1757868932
|move|p1a: Toxapex|Liquidation|p2a: Clefable
|-damage|p2a: Clefable|93/100 par
|cant|p2a: Clefable|par
|
|-heal|p1a: Toxapex|85/100 brn|[from] item: Black Sludge
|-heal|p2a: Clefable|99/100 par|[from] item: Leftovers
|-damage|p1a: Toxapex|79/100 brn|[from] brn
|upkeep
|turn|112
|
|t:|1757868941
|move|p1a: Toxapex|Liquidation|p2a: Clefable
|-damage|p2a: Clefable|91/100 par
|move|p2a: Clefable|Calm Mind|p2a: Clefable
|-boost|p2a: Clefable|spa|1
|-boost|p2a: Clefable|spd|1
|
|-heal|p1a: Toxapex|85/100 brn|[from] item: Black Sludge
|-heal|p2a: Clefable|97/100 par|[from] item: Leftovers
|-damage|p1a: Toxapex|79/100 brn|[from] brn
|upkeep
|turn|113
|
|t:|1757868950
|move|p1a: Toxapex|Liquidation|p2a: Clefable
|-damage|p2a: Clefable|90/100 par
|move|p2a: Clefable|Calm Mind|p2a: Clefable
|-boost|p2a: Clefable|spa|1
|-boost|p2a: Clefable|spd|1
|
|-heal|p1a: Toxapex|85/100 brn|[from] item: Black Sludge
|-heal|p2a: Clefable|96/100 par|[from] item: Leftovers
|-damage|p1a: Toxapex|79/100 brn|[from] brn
|upkeep
|turn|114
|c|☆fac4|Bueno dale
|c|☆fac4|Me rindo
|c|☆fac4|Vamos con la siguiente
|
|t:|1757868978
|move|p1a: Toxapex|Baneful Bunker|p1a: Toxapex
|-singleturn|p1a: Toxapex|move: Protect
|move|p2a: Clefable|Calm Mind|p2a: Clefable
|-boost|p2a: Clefable|spa|1
|-boost|p2a: Clefable|spd|1
|
|-heal|p1a: Toxapex|85/100 brn|[from] item: Black Sludge
|-heal|p2a: Clefable|100/100 par|[from] item: Leftovers
|-damage|p1a: Toxapex|79/100 brn|[from] brn
|upkeep
|turn|115
|-message|fac4 forfeited.
|
|win|Portguitas
|l|☆fac4
|player|p1|
||fac4 is ready for game 2.
|c|☆Portguitas|Te rindes??
||Portguitas is ready for game 2.
|uhtml|next|Next: <a href="/battle-gen9ou-2441568020"><strong>Game 2 of 3</strong></a>
