|j|☆DickbuttWasTaken
|j|☆kattenkg
|t:|1757923453
|gametype|singles
|player|p1|DickbuttWasTaken|clown|1135
|player|p2|kattenkg|dawn|1083
|gen|9
|tier|[Gen 9] OU
|rated|
|rule|HP Percentage Mod: HP is shown in percentages
|rule|Endless Battle Clause: Forcing endless battles is banned
|rule|Species Clause: Limit one of each Pokémon
|rule|OHKO Clause: OHKO moves are banned
|rule|Evasion Items Clause: Evasion items are banned
|rule|Evasion Moves Clause: Evasion moves are banned
|rule|Evasion Abilities Clause: Evasion abilities are banned
|rule|Sleep Moves Clause: Sleep-inducing moves are banned
|clearpoke
|poke|p1|Blaziken, F|
|poke|p1|Metagross|
|poke|p1|Chesnaught, M|
|poke|p1|Garchomp, F|
|poke|p1|Tentacruel, M|
|poke|p1|Greninja-*, M|
|poke|p2|Furret, F|
|poke|p2|Vivillon-Pokeball, M|
|poke|p2|Iron Moth|
|poke|p2|Dragonite, F|
|poke|p2|Gholdengo|
|poke|p2|Ursaluna, F|
|teampreview
|
|t:|1757923493
|teamsize|p1|6
|teamsize|p2|6
|start
|switch|p1a: Greninja|Greninja, M|100/100
|switch|p2a: Vivillon|Vivillon-Pokeball, M|100/100
|turn|1
|
|t:|1757923505
|move|p1a: Greninja|Toxic Spikes|p2a: Vivillon
|-sidestart|p2: kattenkg|move: Toxic Spikes
|move|p2a: Vivillon|Quiver Dance|p2a: Vivillon
|-boost|p2a: Vivillon|spa|1
|-boost|p2a: Vivillon|spd|1
|-boost|p2a: Vivillon|spe|1
|
|upkeep
|turn|2
|
|t:|1757923511
|move|p2a: Vivillon|Bug Buzz|p1a: Greninja
|-supereffective|p1a: Greninja
|-enditem|p1a: Greninja|Focus Sash
|-damage|p1a: Greninja|1/100
|move|p1a: Greninja|Toxic Spikes|p2a: Vivillon
|-sidestart|p2: kattenkg|move: Toxic Spikes
|
|upkeep
|turn|3
|
|t:|1757923518
|move|p2a: Vivillon|Bug Buzz|p1a: Greninja
|-supereffective|p1a: Greninja
|-damage|p1a: Greninja|0 fnt
|faint|p1a: Greninja
|
|upkeep
|
|t:|1757923531
|switch|p1a: Blaziken|Blaziken, F|100/100
|turn|4
|
|t:|1757923537
|move|p1a: Blaziken|Protect|p1a: Blaziken
|-singleturn|p1a: Blaziken|Protect
|move|p2a: Vivillon|Quiver Dance|p2a: Vivillon
|-boost|p2a: Vivillon|spa|1
|-boost|p2a: Vivillon|spd|1
|-boost|p2a: Vivillon|spe|1
|
|-ability|p1a: Blaziken|Speed Boost|boost
|-boost|p1a: Blaziken|spe|1
|upkeep
|turn|5
|
|t:|1757923551
|move|p2a: Vivillon|Hurricane|p1a: Blaziken|[miss]
|-miss|p2a: Vivillon|p1a: Blaziken
|move|p1a: Blaziken|Close Combat|p2a: Vivillon
|-resisted|p2a: Vivillon
|-damage|p2a: Vivillon|66/100
|-unboost|p1a: Blaziken|def|1
|-unboost|p1a: Blaziken|spd|1
|-damage|p1a: Blaziken|91/100|[from] item: Life Orb
|
|-ability|p1a: Blaziken|Speed Boost|boost
|-boost|p1a: Blaziken|spe|1
|upkeep
|turn|6
|
|t:|1757923564
|move|p1a: Blaziken|Protect|p1a: Blaziken
|-singleturn|p1a: Blaziken|Protect
|move|p2a: Vivillon|Hurricane|p1a: Blaziken
|-activate|p1a: Blaziken|move: Protect
|
|-ability|p1a: Blaziken|Speed Boost|boost
|-boost|p1a: Blaziken|spe|1
|upkeep
|turn|7
|
|t:|1757923571
|move|p1a: Blaziken|Flare Blitz|p2a: Vivillon
|-supereffective|p2a: Vivillon
|-damage|p2a: Vivillon|0 fnt
|faint|p2a: Vivillon
|-damage|p1a: Blaziken|69/100|[from] Recoil
|-damage|p1a: Blaziken|59/100|[from] item: Life Orb
|
|-ability|p1a: Blaziken|Speed Boost|boost
|-boost|p1a: Blaziken|spe|1
|upkeep
|
|t:|1757923573
|switch|p2a: Iron Moth|Iron Moth|100/100
|-sideend|p2: kattenkg|move: Toxic Spikes|[of] p2a: Iron Moth
|-enditem|p2a: Iron Moth|Booster Energy
|-activate|p2a: Iron Moth|ability: Quark Drive|[fromitem]
|-start|p2a: Iron Moth|quarkdrivespa
|turn|8
|
|t:|1757923595
|switch|p1a: Garchomp|Garchomp, F|100/100
|move|p2a: Iron Moth|Sludge Wave|p1a: Garchomp
|-resisted|p1a: Garchomp
|-crit|p1a: Garchomp
|-damage|p1a: Garchomp|41/100
|
|upkeep
|turn|9
|
|t:|1757923614
|move|p2a: Iron Moth|Dazzling Gleam|p1a: Garchomp
|-supereffective|p1a: Garchomp
|-damage|p1a: Garchomp|0 fnt
|faint|p1a: Garchomp
|
|upkeep
|
|t:|1757923623
|switch|p1a: Tentacruel|Tentacruel, M|100/100
|turn|10
|
|t:|1757923633
|-end|p2a: Iron Moth|Quark Drive|[silent]
|switch|p2a: Gholdengo|Gholdengo|100/100
|move|p1a: Tentacruel|Protect||[still]
|-fail|p1a: Tentacruel
|
|upkeep
|turn|11
|
|t:|1757923642
|switch|p1a: Chesnaught|Chesnaught, M|100/100
|move|p2a: Gholdengo|Trick|p1a: Chesnaught
|-activate|p2a: Gholdengo|move: Trick|[of] p1a: Chesnaught
|-item|p1a: Chesnaught|Choice Scarf|[from] move: Trick
|-item|p2a: Gholdengo|Heavy-Duty Boots|[from] move: Trick
|
|upkeep
|turn|12
|
|t:|1757923658
|move|p2a: Gholdengo|Psyshock|p1a: Chesnaught
|-supereffective|p1a: Chesnaught
|-damage|p1a: Chesnaught|57/100
|move|p1a: Chesnaught|Wood Hammer|p2a: Gholdengo
|-resisted|p2a: Gholdengo
|-damage|p2a: Gholdengo|68/100
|-damage|p1a: Chesnaught|46/100|[from] Recoil
|
|upkeep
|turn|13
|
|t:|1757923671
|switch|p2a: Dragonite|Dragonite, F|100/100
|move|p1a: Chesnaught|Wood Hammer|p2a: Dragonite
|-resisted|p2a: Dragonite
|-damage|p2a: Dragonite|92/100
|-damage|p1a: Chesnaught|43/100|[from] Recoil
|
|upkeep
|turn|14
|
|t:|1757923682
|switch|p1a: Blaziken|Blaziken, F|59/100
|move|p2a: Dragonite|Dragon Dance|p2a: Dragonite
|-boost|p2a: Dragonite|atk|1
|-boost|p2a: Dragonite|spe|1
|
|upkeep
|turn|15
|
|t:|1757923695
|move|p2a: Dragonite|Earthquake|p1a: Blaziken
|-supereffective|p1a: Blaziken
|-damage|p1a: Blaziken|0 fnt
|faint|p1a: Blaziken
|
|upkeep
|
|t:|1757923701
|switch|p1a: Metagross|Metagross, shiny|100/100
|turn|16
|
|t:|1757923707
|move|p2a: Dragonite|Earthquake|p1a: Metagross
|-supereffective|p1a: Metagross
|-damage|p1a: Metagross|20/100
|move|p1a: Metagross|Meteor Mash|p2a: Dragonite|[miss]
|-miss|p1a: Metagross|p2a: Dragonite
|
|upkeep
|turn|17
|-message|DickbuttWasTaken forfeited.
|
|win|kattenkg
|raw|DickbuttWasTaken's rating: 1135 &rarr; <strong>1106</strong><br />(-29 for losing)
|raw|kattenkg's rating: 1083 &rarr; <strong>1115</strong><br />(+32 for winning)
|l|☆DickbuttWasTaken
|player|p1|
