|j|☆MartinWolf7
|j|‽Shine1996
|t:|1757845454
|gametype|singles
|player|p1|MartinWolf7|backpacker|1118
|player|p2|Shine1996|ghetsis|1097
|gen|9
|tier|[Gen 9] OU
|rated|
|rule|HP Percentage Mod: HP is shown in percentages
|rule|Endless Battle Clause: Forcing endless battles is banned
|rule|Species Clause: Limit one of each Pokémon
|rule|OHKO Clause: OHKO moves are banned
|rule|Evasion Items Clause: Evasion items are banned
|rule|Evasion Moves Clause: Evasion moves are banned
|rule|Evasion Abilities Clause: Evasion abilities are banned
|rule|Sleep Moves Clause: Sleep-inducing moves are banned
|clearpoke
|poke|p1|Corviknight, F|
|poke|p1|Iron Valiant|
|poke|p1|Ting-Lu|
|poke|p1|Walking Wake|
|poke|p1|Ceruledge, F|
|poke|p1|Okidogi, M|
|poke|p2|Weavile, M|
|poke|p2|Scizor, F|
|poke|p2|Zoroark-Hisui, F|
|poke|p2|Golduck, M|
|poke|p2|Dragapult, M|
|poke|p2|Yanmega, F|
|teampreview
|
|t:|1757845486
|teamsize|p1|6
|teamsize|p2|6
|start
|switch|p1a: Ceruledge|Ceruledge, F|100/100
|switch|p2a: Yanmega|Yanmega, F, shiny|100/100
|-item|p1a: Ceruledge|Air Balloon
|turn|1
|inactive|Battle timer is ON: inactive players will automatically lose when time's up. (requested by Shine1996)
|
|t:|1757845504
|move|p2a: Yanmega|Shadow Ball|p1a: Ceruledge
|-supereffective|p1a: Ceruledge
|-damage|p1a: Ceruledge|2/100
|-enditem|p1a: Ceruledge|Air Balloon
|move|p1a: Ceruledge|Sunny Day|p1a: Ceruledge
|-weather|SunnyDay
|
|-weather|SunnyDay|[upkeep]
|upkeep
|turn|2
|
|t:|1757845518
|switch|p1a: Walking Wake|Walking Wake|100/100
|-activate|p1a: Walking Wake|ability: Protosynthesis
|-start|p1a: Walking Wake|protosynthesisspa
|move|p2a: Yanmega|Shadow Sneak|p1a: Walking Wake
|-damage|p1a: Walking Wake|87/100
|
|-weather|SunnyDay|[upkeep]
|upkeep
|turn|3
|
|t:|1757845535
|switch|p2a: Golduck|Golduck, M|100/100
|-ability|p2a: Golduck|Cloud Nine
|-end|p1a: Walking Wake|Protosynthesis
|move|p1a: Walking Wake|Flamethrower|p2a: Golduck
|-resisted|p2a: Golduck
|-damage|p2a: Golduck|76/100
|
|-weather|SunnyDay|[upkeep]
|upkeep
|turn|4
|
|t:|1757845546
|-end|p1a: Walking Wake|Protosynthesis|[silent]
|switch|p1a: Corviknight|Corviknight, F|100/100
|move|p2a: Golduck|Ice Beam|p1a: Corviknight
|-damage|p1a: Corviknight|74/100
|
|-weather|SunnyDay|[upkeep]
|upkeep
|turn|5
|
|t:|1757845554
|move|p2a: Golduck|Simple Beam|p1a: Corviknight
|-ability|p1a: Corviknight|Simple|Mirror Armor|[from] move: Simple Beam
|move|p1a: Corviknight|Tailwind|p1a: Corviknight
|-sidestart|p1: MartinWolf7|move: Tailwind
|
|-weather|none
|upkeep
|turn|6
|
|t:|1757845562
|switch|p2a: Scizor|Scizor, F|100/100
|move|p1a: Corviknight|Brave Bird|p2a: Scizor
|-damage|p2a: Scizor|15/100
|-damage|p1a: Corviknight|53/100|[from] Recoil
|-damage|p1a: Corviknight|43/100|[from] item: Life Orb
|
|upkeep
|turn|7
|
|t:|1757845574
|move|p2a: Scizor|Bullet Punch|p1a: Corviknight
|-resisted|p1a: Corviknight
|-damage|p1a: Corviknight|29/100
|move|p1a: Corviknight|Reflect|p1a: Corviknight
|-sidestart|p1: MartinWolf7|Reflect
|
|upkeep
|turn|8
|
|t:|1757845580
|move|p1a: Corviknight|Brave Bird|p2a: Scizor
|-damage|p2a: Scizor|0 fnt
|faint|p2a: Scizor
|-damage|p1a: Corviknight|25/100|[from] Recoil
|-damage|p1a: Corviknight|15/100|[from] item: Life Orb
|
|-sideend|p1: MartinWolf7|move: Tailwind
|upkeep
|
|t:|1757845590
|switch|p2a: Yanmega|Yanmega, F, shiny|100/100
|turn|9
|
|t:|1757845593
|move|p2a: Yanmega|Flamethrower|p1a: Corviknight
|-supereffective|p1a: Corviknight
|-damage|p1a: Corviknight|0 fnt
|faint|p1a: Corviknight
|
|upkeep
|
|t:|1757845606
|switch|p1a: Walking Wake|Walking Wake|87/100
|turn|10
|
|t:|1757845619
|switch|p2a: Golduck|Golduck, M|76/100
|-ability|p2a: Golduck|Cloud Nine
|move|p1a: Walking Wake|Scald|p2a: Golduck
|-resisted|p2a: Golduck
|-damage|p2a: Golduck|47/100
|
|upkeep
|turn|11
|
|t:|1757845627
|move|p1a: Walking Wake|Scald|p2a: Golduck
|-resisted|p2a: Golduck
|-damage|p2a: Golduck|17/100
|move|p2a: Golduck|Ice Beam|p1a: Walking Wake
|-crit|p1a: Walking Wake
|-damage|p1a: Walking Wake|42/100
|
|-sideend|p1: MartinWolf7|Reflect
|upkeep
|turn|12
|
|t:|1757845637
|-terastallize|p1a: Walking Wake|Water
|move|p2a: Golduck|Aqua Jet|p1a: Walking Wake
|-resisted|p1a: Walking Wake
|-damage|p1a: Walking Wake|36/100
|move|p1a: Walking Wake|Scald|p2a: Golduck
|-resisted|p2a: Golduck
|-damage|p2a: Golduck|0 fnt
|faint|p2a: Golduck
|
|upkeep
|
|t:|1757845649
|switch|p2a: Yanmega|Yanmega, F, shiny|100/100
|turn|13
|
|t:|1757845658
|move|p2a: Yanmega|Protect|p2a: Yanmega
|-singleturn|p2a: Yanmega|Protect
|move|p1a: Walking Wake|Scald|p2a: Yanmega
|-activate|p2a: Yanmega|move: Protect
|
|-ability|p2a: Yanmega|Speed Boost|boost
|-boost|p2a: Yanmega|spe|1
|upkeep
|turn|14
|
|t:|1757845671
|move|p1a: Walking Wake|Scald|p2a: Yanmega
|-damage|p2a: Yanmega|11/100
|-status|p2a: Yanmega|brn
|move|p2a: Yanmega|Bug Buzz|p1a: Walking Wake
|-damage|p1a: Walking Wake|0 fnt
|faint|p1a: Walking Wake
|-end|p1a: Walking Wake|Protosynthesis|[silent]
|-enditem|p2a: Yanmega|Throat Spray
|-boost|p2a: Yanmega|spa|1|[from] item: Throat Spray
|
|-damage|p2a: Yanmega|4/100 brn|[from] brn
|-ability|p2a: Yanmega|Speed Boost|boost
|-boost|p2a: Yanmega|spe|1
|upkeep
|
|t:|1757845688
|switch|p1a: Ting-Lu|Ting-Lu|100/100
|-ability|p1a: Ting-Lu|Vessel of Ruin
|turn|15
|
|t:|1757845696
|move|p2a: Yanmega|Bug Buzz|p1a: Ting-Lu
|-supereffective|p1a: Ting-Lu
|-damage|p1a: Ting-Lu|15/100
|move|p1a: Ting-Lu|Ruination|p2a: Yanmega
|-damage|p2a: Yanmega|3/100 brn
|
|-damage|p2a: Yanmega|0 fnt|[from] brn
|faint|p2a: Yanmega
|upkeep
|
|t:|1757845717
|switch|p2a: Weavile|Weavile, M|100/100
|turn|16
|
|t:|1757845727
|move|p2a: Weavile|Icicle Spear|p1a: Ting-Lu
|-supereffective|p1a: Ting-Lu
|-damage|p1a: Ting-Lu|0 fnt
|faint|p1a: Ting-Lu
|-hitcount|p1: Ting-Lu|1
|-damage|p2a: Weavile|91/100|[from] item: Life Orb
|
|upkeep
|
|t:|1757845735
|switch|p1a: Okidogi|Okidogi, M|100/100
|turn|17
|
|t:|1757845760
|-terastallize|p2a: Weavile|Fairy
|move|p2a: Weavile|Knock Off|p1a: Okidogi
|-resisted|p1a: Okidogi
|-damage|p1a: Okidogi|76/100
|-enditem|p1a: Okidogi|Expert Belt|[from] move: Knock Off|[of] p2a: Weavile
|-damage|p2a: Weavile|81/100|[from] item: Life Orb
|move|p1a: Okidogi|Bulk Up|p1a: Okidogi
|-boost|p1a: Okidogi|atk|1
|-boost|p1a: Okidogi|def|1
|
|upkeep
|turn|18
|inactive|Shine1996 has 120 seconds left.
|
|t:|1757845780
|switch|p2a: Dragapult|Dragapult, M|100/100
|move|p1a: Okidogi|Gunk Shot|p2a: Dragapult|[miss]
|-miss|p1a: Okidogi|p2a: Dragapult
|
|upkeep
|turn|19
|inactive|Shine1996 has 120 seconds left.
|
|t:|1757845797
|move|p2a: Dragapult|Shadow Ball|p1a: Okidogi
|-damage|p1a: Okidogi|30/100
|move|p1a: Okidogi|Knock Off|p2a: Dragapult
|-supereffective|p2a: Dragapult
|-damage|p2a: Dragapult|0 fnt
|replace|p2a: Zoroark|Zoroark-Hisui, F
|-end|p2a: Zoroark|Illusion
|-enditem|p2a: Zoroark|Mirror Herb|[from] move: Knock Off|[of] p1a: Okidogi
|faint|p2a: Zoroark
|
|upkeep
|
|t:|1757845808
|switch|p2a: Weavile|Weavile, M, tera:Fairy|81/100
|turn|20
|
|t:|1757845811
|move|p2a: Weavile|Icicle Spear|p1a: Okidogi
|-damage|p1a: Okidogi|21/100
|-crit|p1a: Okidogi
|-damage|p1a: Okidogi|1/100
|-damage|p1a: Okidogi|0 fnt
|faint|p1a: Okidogi
|-hitcount|p1: Okidogi|3
|-damage|p2a: Weavile|71/100|[from] item: Life Orb
|
|upkeep
|
|t:|1757845823
|switch|p1a: Ceruledge|Ceruledge, F|2/100
|turn|21
|
|t:|1757845827
|move|p2a: Weavile|Ice Shard|p1a: Ceruledge
|-resisted|p1a: Ceruledge
|-damage|p1a: Ceruledge|0 fnt
|faint|p1a: Ceruledge
|-damage|p2a: Weavile|61/100|[from] item: Life Orb
|
|upkeep
|
|t:|1757845833
|switch|p1a: Iron Valiant|Iron Valiant|100/100
|-enditem|p1a: Iron Valiant|Booster Energy
|-activate|p1a: Iron Valiant|ability: Quark Drive|[fromitem]
|-start|p1a: Iron Valiant|quarkdrivespa
|turn|22
|
|t:|1757845845
|move|p2a: Weavile|Poison Jab|p1a: Iron Valiant
|-supereffective|p1a: Iron Valiant
|-crit|p1a: Iron Valiant
|-damage|p1a: Iron Valiant|0 fnt
|faint|p1a: Iron Valiant
|-end|p1a: Iron Valiant|Quark Drive|[silent]
|-damage|p2a: Weavile|51/100|[from] item: Life Orb
|
|win|Shine1996
|raw|MartinWolf7's rating: 1118 &rarr; <strong>1091</strong><br />(-27 for losing)
|raw|Shine1996's rating: 1097 &rarr; <strong>1124</strong><br />(+27 for winning)
|l|☆MartinWolf7
|player|p1|
