|j|☆shiki_nanaya623
|j|☆pyrotrainer kai
|t:|1757839803
|gametype|singles
|player|p1|shiki_nanaya623|acetrainerf|1059
|player|p2|pyrotrainer kai|170|1100
|gen|9
|tier|[Gen 9] OU
|rated|
|rule|HP Percentage Mod: HP is shown in percentages
|rule|Endless Battle Clause: Forcing endless battles is banned
|rule|Species Clause: Limit one of each Pokémon
|rule|OHKO Clause: OHKO moves are banned
|rule|Evasion Items Clause: Evasion items are banned
|rule|Evasion Moves Clause: Evasion moves are banned
|rule|Evasion Abilities Clause: Evasion abilities are banned
|rule|Sleep Moves Clause: Sleep-inducing moves are banned
|clearpoke
|poke|p1|Samurott-Hisui, M|
|poke|p1|Gholdengo|
|poke|p1|Excadrill, F|
|poke|p1|Toxapex, F|
|poke|p1|Hydreigon, F|
|poke|p1|Braviary-Hisui, M|
|poke|p2|Charizard, M|
|poke|p2|Pawmot, F|
|poke|p2|Squawkabilly-Yellow, M|
|poke|p2|Ceruledge, F|
|poke|p2|Kingambit, M|
|poke|p2|Empoleon, M|
|teampreview
|
|t:|1757839820
|teamsize|p1|6
|teamsize|p2|6
|start
|switch|p1a: Samurott|Samurott-Hisui, M, shiny|100/100
|switch|p2a: Pawmot|Pawmot, F|100/100
|turn|1
|
|t:|1757839833
|switch|p1a: Excadrill|Excadrill, F|100/100
|-ability|p1a: Excadrill|Mold Breaker
|move|p2a: Pawmot|Nuzzle|p1a: Excadrill
|-immune|p1a: Excadrill
|
|upkeep
|turn|2
|
|t:|1757839847
|switch|p2a: Charizard|Charizard, M|100/100
|move|p1a: Excadrill|Stealth Rock|p2a: Charizard
|-sidestart|p2: pyrotrainer kai|move: Stealth Rock
|
|upkeep
|turn|3
|
|t:|1757839860
|switch|p1a: Toxapex|Toxapex, F|100/100
|-terastallize|p2a: Charizard|Dragon
|move|p2a: Charizard|Fire Spin|p1a: Toxapex
|-resisted|p1a: Toxapex
|-damage|p1a: Toxapex|96/100
|-activate|p1a: Toxapex|move: Fire Spin|[of] p2a: Charizard
|
|-damage|p1a: Toxapex|83/100|[from] move: Fire Spin|[partiallytrapped]
|upkeep
|turn|4
|
|t:|1757839869
|move|p2a: Charizard|Protect|p2a: Charizard
|-singleturn|p2a: Charizard|Protect
|move|p1a: Toxapex|Toxic|p2a: Charizard
|-activate|p2a: Charizard|move: Protect
|
|-damage|p1a: Toxapex|71/100|[from] move: Fire Spin|[partiallytrapped]
|upkeep
|turn|5
|
|t:|1757839881
|switch|p2a: Kingambit|Kingambit, M|100/100
|-damage|p2a: Kingambit|94/100|[from] Stealth Rock
|move|p1a: Toxapex|Recover|p1a: Toxapex
|-heal|p1a: Toxapex|100/100
|
|-end|p1a: Toxapex|Fire Spin|[partiallytrapped]|[silent]
|upkeep
|turn|6
|
|t:|1757839919
|switch|p1a: Hydreigon|Hydreigon, F|100/100
|move|p2a: Kingambit|Swords Dance|p2a: Kingambit
|-boost|p2a: Kingambit|atk|2
|
|upkeep
|turn|7
|
|t:|1757839929
|move|p1a: Hydreigon|Earth Power|p2a: Kingambit
|-supereffective|p2a: Kingambit
|-damage|p2a: Kingambit|36/100
|move|p2a: Kingambit|Poison Jab|p1a: Hydreigon
|-damage|p1a: Hydreigon|28/100
|-status|p1a: Hydreigon|psn
|
|-damage|p1a: Hydreigon|16/100 psn|[from] psn
|upkeep
|turn|8
|
|t:|1757839938
|move|p2a: Kingambit|Sucker Punch|p1a: Hydreigon
|-resisted|p1a: Hydreigon
|-damage|p1a: Hydreigon|0 fnt
|faint|p1a: Hydreigon
|
|upkeep
|
|t:|1757839944
|switch|p1a: Excadrill|Excadrill, F|100/100
|-ability|p1a: Excadrill|Mold Breaker
|turn|9
|
|t:|1757839951
|move|p2a: Kingambit|Sucker Punch|p1a: Excadrill
|-damage|p1a: Excadrill|0 fnt
|faint|p1a: Excadrill
|
|upkeep
|
|t:|1757839961
|switch|p1a: Samurott|Samurott-Hisui, M, shiny|100/100
|turn|10
|
|t:|1757839965
|move|p1a: Samurott|Sacred Sword|p2a: Kingambit
|-supereffective|p2a: Kingambit
|-damage|p2a: Kingambit|0 fnt
|faint|p2a: Kingambit
|-end|p2a: Kingambit|fallenundefined|[silent]
|
|upkeep
|
|t:|1757839989
|switch|p2a: Charizard|Charizard, M, tera:Dragon|100/100
|-damage|p2a: Charizard|88/100|[from] Stealth Rock
|turn|11
|
|t:|1757840002
|switch|p1a: Toxapex|Toxapex, F|100/100
|move|p2a: Charizard|Will-O-Wisp|p1a: Toxapex
|-status|p1a: Toxapex|brn
|
|-heal|p2a: Charizard|94/100|[from] item: Leftovers
|-damage|p1a: Toxapex|95/100 brn|[from] brn
|upkeep
|turn|12
|
|t:|1757840015
|move|p2a: Charizard|Protect|p2a: Charizard
|-singleturn|p2a: Charizard|Protect
|move|p1a: Toxapex|Toxic|p2a: Charizard
|-activate|p2a: Charizard|move: Protect
|
|-heal|p2a: Charizard|100/100|[from] item: Leftovers
|-damage|p1a: Toxapex|89/100 brn|[from] brn
|upkeep
|turn|13
|
|t:|1757840022
|switch|p2a: Empoleon|Empoleon, M|100/100
|-damage|p2a: Empoleon|94/100|[from] Stealth Rock
|move|p1a: Toxapex|Toxic|p2a: Empoleon
|-immune|p2a: Empoleon
|
|-damage|p1a: Toxapex|83/100 brn|[from] brn
|upkeep
|turn|14
|
|t:|1757840036
|switch|p1a: Samurott|Samurott-Hisui, M, shiny|100/100
|move|p2a: Empoleon|Roar|p1a: Samurott
|-enditem|p2a: Empoleon|Throat Spray
|-boost|p2a: Empoleon|spa|1|[from] item: Throat Spray
|drag|p1a: Toxapex|Toxapex, F|100/100 brn
|
|-damage|p1a: Toxapex|95/100 brn|[from] brn
|upkeep
|turn|15
|
|t:|1757840047
|switch|p1a: Samurott|Samurott-Hisui, M, shiny|100/100
|move|p2a: Empoleon|Whirlpool|p1a: Samurott
|-resisted|p1a: Samurott
|-damage|p1a: Samurott|81/100
|-activate|p1a: Samurott|move: Whirlpool|[of] p2a: Empoleon
|
|-damage|p1a: Samurott|69/100|[from] move: Whirlpool|[partiallytrapped]
|upkeep
|turn|16
|
|t:|1757840056
|switch|p2a: Ceruledge|Ceruledge, F|100/100
|-damage|p2a: Ceruledge|75/100|[from] Stealth Rock
|move|p1a: Samurott|Sacred Sword|p2a: Ceruledge
|-immune|p2a: Ceruledge
|
|-end|p1a: Samurott|Whirlpool|[partiallytrapped]|[silent]
|upkeep
|turn|17
|
|t:|1757840063
|move|p1a: Samurott|Ceaseless Edge|p2a: Ceruledge
|-supereffective|p2a: Ceruledge
|-damage|p2a: Ceruledge|0 fnt
|-sidestart|p2: pyrotrainer kai|Spikes
|faint|p2a: Ceruledge
|
|upkeep
|
|t:|1757840073
|switch|p2a: Squawkabilly|Squawkabilly-Yellow, M|100/100
|-damage|p2a: Squawkabilly|75/100|[from] Stealth Rock
|turn|18
|
|t:|1757840081
|move|p1a: Samurott|Ceaseless Edge|p2a: Squawkabilly
|-damage|p2a: Squawkabilly|0 fnt
|-sidestart|p2: pyrotrainer kai|Spikes
|faint|p2a: Squawkabilly
|
|upkeep
|
|t:|1757840088
|switch|p2a: Pawmot|Pawmot, F|100/100
|-damage|p2a: Pawmot|94/100|[from] Stealth Rock
|-damage|p2a: Pawmot|78/100|[from] Spikes
|turn|19
|l|☆shiki_nanaya623
|player|p1|
|inactive|Battle timer is ON: inactive players will automatically lose when time's up. (requested by pyrotrainer kai)
|j|☆shiki_nanaya623
|inactive|shiki_nanaya623 reconnected and has 145 seconds left.
|player|p1|shiki_nanaya623|acetrainerf|
|
|t:|1757840145
|switch|p1a: Gholdengo|Gholdengo|100/100
|-item|p1a: Gholdengo|Air Balloon
|move|p2a: Pawmot|Brick Break|p1a: Gholdengo
|-immune|p1a: Gholdengo
|
|upkeep
|turn|20
|
|t:|1757840166
|move|p2a: Pawmot|Nuzzle|p1a: Gholdengo
|-damage|p1a: Gholdengo|93/100
|-status|p1a: Gholdengo|par
|-enditem|p1a: Gholdengo|Air Balloon
|move|p1a: Gholdengo|Hex|p2a: Pawmot
|-damage|p2a: Pawmot|46/100
|
|upkeep
|turn|21
|
|t:|1757840177
|move|p2a: Pawmot|Bite|p1a: Gholdengo
|-supereffective|p1a: Gholdengo
|-damage|p1a: Gholdengo|60/100 par
|move|p1a: Gholdengo|Hex|p2a: Pawmot
|-damage|p2a: Pawmot|11/100
|
|upkeep
|turn|22
|
|t:|1757840194
|move|p2a: Pawmot|Bite|p1a: Gholdengo
|-supereffective|p1a: Gholdengo
|-damage|p1a: Gholdengo|30/100 par
|move|p1a: Gholdengo|Hex|p2a: Pawmot
|-damage|p2a: Pawmot|0 fnt
|faint|p2a: Pawmot
|
|upkeep
|
|t:|1757840210
|switch|p2a: Charizard|Charizard, M, tera:Dragon|100/100
|-damage|p2a: Charizard|88/100|[from] Stealth Rock
|-damage|p2a: Charizard|72/100|[from] Spikes
|turn|23
|
|t:|1757840221
|move|p2a: Charizard|Fire Spin|p1a: Gholdengo
|-supereffective|p1a: Gholdengo
|-damage|p1a: Gholdengo|3/100 par
|-activate|p1a: Gholdengo|move: Fire Spin|[of] p2a: Charizard
|move|p1a: Gholdengo|Thunder Wave|p2a: Charizard
|-status|p2a: Charizard|par
|
|-heal|p2a: Charizard|78/100 par|[from] item: Leftovers
|-damage|p1a: Gholdengo|0 fnt|[from] move: Fire Spin|[partiallytrapped]
|faint|p1a: Gholdengo
|upkeep
|
|t:|1757840229
|switch|p1a: Braviary|Braviary-Hisui, M|100/100
|turn|24
|
|t:|1757840241
|move|p1a: Braviary|Esper Wing|p2a: Charizard
|-damage|p2a: Charizard|9/100 par
|move|p2a: Charizard|Fire Spin|p1a: Braviary
|-damage|p1a: Braviary|76/100
|-activate|p1a: Braviary|move: Fire Spin|[of] p2a: Charizard
|
|-heal|p2a: Charizard|15/100 par|[from] item: Leftovers
|-damage|p1a: Braviary|64/100|[from] move: Fire Spin|[partiallytrapped]
|upkeep
|turn|25
|
|t:|1757840250
|cant|p2a: Charizard|par
|move|p1a: Braviary|Esper Wing|p2a: Charizard
|-damage|p2a: Charizard|0 fnt
|faint|p2a: Charizard
|
|-end|p1a: Braviary|Fire Spin|[partiallytrapped]|[silent]
|upkeep
|
|t:|1757840256
|switch|p2a: Empoleon|Empoleon, M|94/100
|-damage|p2a: Empoleon|88/100|[from] Stealth Rock
|-damage|p2a: Empoleon|71/100|[from] Spikes
|turn|26
|
|t:|1757840263
|move|p1a: Braviary|Esper Wing|p2a: Empoleon
|-resisted|p2a: Empoleon
|-damage|p2a: Empoleon|40/100
|move|p2a: Empoleon|Whirlpool|p1a: Braviary
|-damage|p1a: Braviary|45/100
|-activate|p1a: Braviary|move: Whirlpool|[of] p2a: Empoleon
|
|-damage|p1a: Braviary|32/100|[from] move: Whirlpool|[partiallytrapped]
|upkeep
|turn|27
|
|t:|1757840272
|move|p1a: Braviary|Hurricane|p2a: Empoleon
|-resisted|p2a: Empoleon
|-damage|p2a: Empoleon|0 fnt
|faint|p2a: Empoleon
|
|win|shiki_nanaya623
|raw|shiki_nanaya623's rating: 1059 &rarr; <strong>1094</strong><br />(+35 for winning)
|raw|pyrotrainer kai's rating: 1100 &rarr; <strong>1072</strong><br />(-28 for losing)
|l|☆pyrotrainer kai
|player|p2|
|l|☆shiki_nanaya623
|player|p1|
