|j|☆kazuho haneyama
|j|☆Jinx Havoc
|t:|1757916973
|gametype|singles
|player|p1|kazuho haneyama|whitney|1155
|player|p2|Jinx Havoc|rocketgruntf|1152
|gen|9
|tier|[Gen 9] OU
|rated|
|rule|HP Percentage Mod: HP is shown in percentages
|rule|Endless Battle Clause: Forcing endless battles is banned
|rule|Species Clause: Limit one of each Pokémon
|rule|OHKO Clause: OHKO moves are banned
|rule|Evasion Items Clause: Evasion items are banned
|rule|Evasion Moves Clause: Evasion moves are banned
|rule|Evasion Abilities Clause: Evasion abilities are banned
|rule|Sleep Moves Clause: Sleep-inducing moves are banned
|clearpoke
|poke|p1|Cresselia, F|
|poke|p1|Necrozma|
|poke|p1|Hatterene, F|
|poke|p1|Araquanid, F|
|poke|p1|Reuniclus, F|
|poke|p1|Conkeldurr, F|
|poke|p2|Weezing, F|
|poke|p2|Poliwrath, F|
|poke|p2|Gengar, F|
|poke|p2|Scyther, F|
|poke|p2|Dugtrio, F|
|poke|p2|Blastoise, F|
|teampreview
|inactive|Battle timer is ON: inactive players will automatically lose when time's up. (requested by Jinx Havoc)
|
|t:|1757917000
|teamsize|p1|6
|teamsize|p2|6
|start
|switch|p1a: Necrozma|Necrozma|100/100
|switch|p2a: Sugar Crash|Scyther, F|100/100
|turn|1
|
|t:|1757917011
|move|p2a: Sugar Crash|Skitter Smack|p1a: Necrozma
|-supereffective|p1a: Necrozma
|-damage|p1a: Necrozma|63/100
|-unboost|p1a: Necrozma|spa|1
|move|p1a: Necrozma|Meteor Beam||[still]
|-prepare|p1a: Necrozma|Meteor Beam
|-boost|p1a: Necrozma|spa|1
|-enditem|p1a: Necrozma|Power Herb
|-anim|p1a: Necrozma|Meteor Beam|p2a: Sugar Crash
|-supereffective|p2a: Sugar Crash
|-damage|p2a: Sugar Crash|0 fnt
|faint|p2a: Sugar Crash
|
|upkeep
|
|t:|1757917025
|switch|p2a: Peach|Gengar, F|100/100
|turn|2
|
|t:|1757917032
|-terastallize|p2a: Peach|Ghost
|move|p2a: Peach|Shadow Ball|p1a: Necrozma
|-supereffective|p1a: Necrozma
|-damage|p1a: Necrozma|0 fnt
|faint|p1a: Necrozma
|
|upkeep
|inactive|kazuho haneyama has 120 seconds left.
|
|t:|1757917073
|switch|p1a: Cresselia|Cresselia, F|100/100
|turn|3
|
|t:|1757917080
|move|p2a: Peach|Shadow Ball|p1a: Cresselia
|-supereffective|p1a: Cresselia
|-damage|p1a: Cresselia|0 fnt
|faint|p1a: Cresselia
|
|upkeep
|
|t:|1757917088
|switch|p1a: Araquanid|Araquanid, F, shiny|100/100
|turn|4
|inactive|kazuho haneyama has 120 seconds left.
|
|t:|1757917095
|switch|p2a: Bounce|Poliwrath, F|100/100
|move|p1a: Araquanid|Liquidation|p2a: Bounce
|-immune|p2a: Bounce|[from] ability: Water Absorb
|
|upkeep
|turn|5
|
|t:|1757917099
|switch|p1a: Hatterene|Hatterene, F|100/100
|move|p2a: Bounce|Knock Off|p1a: Hatterene
|-damage|p1a: Hatterene|77/100
|-damage|p2a: Bounce|84/100|[from] item: Rocky Helmet|[of] p1a: Hatterene
|-enditem|p1a: Hatterene|Rocky Helmet|[from] move: Knock Off|[of] p2a: Bounce
|
|upkeep
|turn|6
|
|t:|1757917104
|switch|p2a: Squirts|Blastoise, F|100/100
|move|p1a: Hatterene|Trick Room|p1a: Hatterene
|-fieldstart|move: Trick Room|[of] p1a: Hatterene
|
|upkeep
|turn|7
|
|t:|1757917114
|switch|p1a: Reuniclus|Reuniclus, F|100/100
|move|p2a: Squirts|Hydro Pump|p1a: Reuniclus
|-damage|p1a: Reuniclus|63/100
|
|upkeep
|turn|8
|
|t:|1757917123
|move|p1a: Reuniclus|Psychic|p2a: Squirts
|-damage|p2a: Squirts|62/100
|move|p2a: Squirts|Hydro Pump|p1a: Reuniclus
|-damage|p1a: Reuniclus|21/100
|
|upkeep
|turn|9
|
|t:|1757917138
|move|p1a: Reuniclus|Psychic|p2a: Squirts
|-damage|p2a: Squirts|22/100
|move|p2a: Squirts|Hydro Pump|p1a: Reuniclus
|-damage|p1a: Reuniclus|0 fnt
|faint|p1a: Reuniclus
|
|upkeep
|
|t:|1757917150
|switch|p1a: Conkeldurr|Conkeldurr, F|100/100
|turn|10
|
|t:|1757917156
|move|p1a: Conkeldurr|Knock Off|p2a: Squirts
|-damage|p2a: Squirts|0 fnt
|-enditem|p2a: Squirts|Assault Vest|[from] move: Knock Off|[of] p1a: Conkeldurr
|faint|p2a: Squirts
|
|-fieldend|move: Trick Room
|-status|p1a: Conkeldurr|brn|[from] item: Flame Orb
|upkeep
|
|t:|1757917159
|switch|p2a: Vibe Check|Dugtrio, F|100/100
|turn|11
|
|t:|1757917169
|switch|p2a: Soma|Weezing, F|100/100
|move|p1a: Conkeldurr|Mach Punch|p2a: Soma
|-resisted|p2a: Soma
|-damage|p2a: Soma|89/100
|
|-heal|p2a: Soma|95/100|[from] item: Black Sludge
|-damage|p1a: Conkeldurr|94/100 brn|[from] brn
|upkeep
|turn|12
|
|t:|1757917175
|move|p2a: Soma|Sludge Bomb|p1a: Conkeldurr
|-damage|p1a: Conkeldurr|57/100 brn
|move|p1a: Conkeldurr|Knock Off|p2a: Soma
|-damage|p2a: Soma|50/100
|-enditem|p2a: Soma|Black Sludge|[from] move: Knock Off|[of] p1a: Conkeldurr
|
|-damage|p1a: Conkeldurr|51/100 brn|[from] brn
|upkeep
|turn|13
|
|t:|1757917193
|move|p2a: Soma|Sludge Bomb|p1a: Conkeldurr
|-damage|p1a: Conkeldurr|16/100 brn
|move|p1a: Conkeldurr|Facade|p2a: Soma
|-damage|p2a: Soma|0 fnt
|faint|p2a: Soma
|
|-damage|p1a: Conkeldurr|10/100 brn|[from] brn
|upkeep
|
|t:|1757917200
|switch|p2a: Vibe Check|Dugtrio, F|100/100
|turn|14
|
|t:|1757917204
|switch|p2a: Peach|Gengar, F, tera:Ghost|100/100
|switch|p1a: Hatterene|Hatterene, F|77/100
|
|upkeep
|turn|15
|
|t:|1757917215
|-terastallize|p1a: Hatterene|Steel
|move|p2a: Peach|Shadow Ball|p1a: Hatterene
|-damage|p1a: Hatterene|0 fnt
|faint|p1a: Hatterene
|
|upkeep
|
|t:|1757917223
|switch|p1a: Conkeldurr|Conkeldurr, F|10/100 brn
|turn|16
|
|t:|1757917226
|move|p2a: Peach|Shadow Ball|p1a: Conkeldurr
|-damage|p1a: Conkeldurr|0 fnt
|faint|p1a: Conkeldurr
|
|upkeep
|
|t:|1757917228
|switch|p1a: Araquanid|Araquanid, F, shiny|100/100
|turn|17
|
|t:|1757917234
|move|p2a: Peach|Shadow Ball|p1a: Araquanid
|-damage|p1a: Araquanid|33/100
|move|p1a: Araquanid|Crunch|p2a: Peach
|-supereffective|p2a: Peach
|-damage|p2a: Peach|0 fnt
|-start|p1a: Araquanid|Disable|Crunch|[from] ability: Cursed Body|[of] p2a: Peach
|faint|p2a: Peach
|
|upkeep
|
|t:|1757917241
|switch|p2a: Vibe Check|Dugtrio, F|100/100
|turn|18
|
|t:|1757917244
|move|p2a: Vibe Check|Swords Dance|p2a: Vibe Check
|-boost|p2a: Vibe Check|atk|2
|-activate|p1a: Araquanid|move: Struggle
|move|p1a: Araquanid|Struggle|p2a: Vibe Check
|-damage|p2a: Vibe Check|46/100
|-damage|p1a: Araquanid|8/100|[from] recoil
|
|upkeep
|turn|19
|
|t:|1757917251
|move|p2a: Vibe Check|Reversal|p1a: Araquanid
|-resisted|p1a: Araquanid
|-damage|p1a: Araquanid|0 fnt
|faint|p1a: Araquanid
|
|win|Jinx Havoc
|raw|kazuho haneyama's rating: 1155 &rarr; <strong>1130</strong><br />(-25 for losing)
|raw|Jinx Havoc's rating: 1152 &rarr; <strong>1177</strong><br />(+25 for winning)
|l|☆kazuho haneyama
|player|p1|
|l|☆Jinx Havoc
|player|p2|
