|j|☆Partynparadise
|j|☆LVL62Monoco
|t:|1757812307
|gametype|singles
|player|p1|Partynparadise|brock|1507
|player|p2|LVL62Monoco|1|1522
|gen|9
|tier|[Gen 9] OU
|rated|
|rule|HP Percentage Mod: HP is shown in percentages
|rule|Endless Battle Clause: Forcing endless battles is banned
|rule|Species Clause: Limit one of each Pokémon
|rule|OHKO Clause: OHKO moves are banned
|rule|Evasion Items Clause: Evasion items are banned
|rule|Evasion Moves Clause: Evasion moves are banned
|rule|Evasion Abilities Clause: Evasion abilities are banned
|rule|Sleep Moves Clause: Sleep-inducing moves are banned
|clearpoke
|poke|p1|Great Tusk|
|poke|p1|Kyurem|
|poke|p1|Slowking-Galar, F|
|poke|p1|Moltres|
|poke|p1|Iron Valiant|
|poke|p1|Darkrai|
|poke|p2|Grimmsnarl, M|
|poke|p2|Ursaluna, M|
|poke|p2|Slowbro-Galar, M|
|poke|p2|Iron Hands|
|poke|p2|Kingambit, M|
|poke|p2|Enamorus-Therian, F|
|teampreview
|l|☆Partynparadise
|player|p1|
|inactive|Battle timer is ON: inactive players will automatically lose when time's up. (requested by LVL62Monoco)
|c|☆LVL62Monoco|no come back
|j|☆Partynparadise
|inactive|Partynparadise reconnected and has 125 seconds left.
|player|p1|Partynparadise|brock|
|
|t:|1757812393
|teamsize|p1|6
|teamsize|p2|6
|start
|switch|p1a: Darkrai|Darkrai|100/100
|switch|p2a: Grimmsnarl|Grimmsnarl, M, shiny|100/100
|turn|1
|
|t:|1757812409
|move|p1a: Darkrai|Trick|p2a: Grimmsnarl
|-activate|p1a: Darkrai|move: Trick|[of] p2a: Grimmsnarl
|-item|p2a: Grimmsnarl|Choice Scarf|[from] move: Trick
|-item|p1a: Darkrai|Light Clay|[from] move: Trick
|move|p2a: Grimmsnarl|Spirit Break|p1a: Darkrai
|-supereffective|p1a: Darkrai
|-damage|p1a: Darkrai|15/100
|-unboost|p1a: Darkrai|spa|1
|
|upkeep
|turn|2
|
|t:|1757812417
|switch|p1a: Slowking|Slowking-Galar, F|100/100
|move|p2a: Grimmsnarl|Spirit Break|p1a: Slowking
|-resisted|p1a: Slowking
|-damage|p1a: Slowking|84/100
|-unboost|p1a: Slowking|spa|1
|
|upkeep
|turn|3
|
|t:|1757812427
|switch|p2a: Kingambit|Kingambit, M, shiny|100/100
|-prepare|p1a: Slowking|Chilly Reception|[premajor]
|move|p1a: Slowking|Chilly Reception|p1a: Slowking
|-weather|Snowscape
|
|t:|1757812439
|switch|p1a: Great Tusk|Great Tusk|100/100|[from] Chilly Reception
|
|-weather|Snowscape|[upkeep]
|upkeep
|turn|4
|
|t:|1757812450
|-end|p2a: Kingambit|fallenundefined|[silent]
|switch|p2a: Enamorus|Enamorus-Therian, F|100/100
|move|p1a: Great Tusk|Stealth Rock|p2a: Enamorus
|-sidestart|p2: LVL62Monoco|move: Stealth Rock
|
|-weather|Snowscape|[upkeep]
|upkeep
|turn|5
|
|t:|1757812456
|-end|p1a: Great Tusk|Protosynthesis|[silent]
|switch|p1a: Slowking|Slowking-Galar, F|100/100
|move|p2a: Enamorus|Calm Mind|p2a: Enamorus
|-boost|p2a: Enamorus|spa|1
|-boost|p2a: Enamorus|spd|1
|
|-weather|Snowscape|[upkeep]
|upkeep
|turn|6
|
|t:|1757812467
|move|p2a: Enamorus|Earth Power|p1a: Slowking
|-supereffective|p1a: Slowking
|-damage|p1a: Slowking|40/100
|-unboost|p1a: Slowking|spd|1
|move|p1a: Slowking|Toxic|p2a: Enamorus
|-status|p2a: Enamorus|tox
|
|-weather|Snowscape|[upkeep]
|-damage|p2a: Enamorus|95/100 tox|[from] psn
|upkeep
|turn|7
|-activate|p2a: Enamorus|item: Quick Claw
|
|t:|1757812478
|switch|p1a: Darkrai|Darkrai|15/100
|move|p2a: Enamorus|Mystical Fire|p1a: Darkrai
|-damage|p1a: Darkrai|0 fnt
|faint|p1a: Darkrai
|
|-weather|none
|-damage|p2a: Enamorus|83/100 tox|[from] psn
|upkeep
|
|t:|1757812490
|switch|p1a: Kyurem|Kyurem, shiny|100/100
|-ability|p1a: Kyurem|Pressure
|turn|8
|
|t:|1757812508
|-terastallize|p2a: Enamorus|Fire
|move|p1a: Kyurem|Protect|p1a: Kyurem
|-singleturn|p1a: Kyurem|Protect
|move|p2a: Enamorus|Moonblast|p1a: Kyurem
|-activate|p1a: Kyurem|move: Protect
|
|-damage|p2a: Enamorus|65/100 tox|[from] psn
|upkeep
|turn|9
|
|t:|1757812522
|switch|p1a: Slowking|Slowking-Galar, F|73/100
|switch|p2a: Grimmsnarl|Grimmsnarl, M, shiny|100/100
|-damage|p2a: Grimmsnarl|88/100|[from] Stealth Rock
|
|upkeep
|turn|10
|
|t:|1757812528
|move|p2a: Grimmsnarl|Light Screen|p2a: Grimmsnarl
|-sidestart|p2: LVL62Monoco|move: Light Screen
|move|p1a: Slowking|Toxic|p2a: Grimmsnarl
|-status|p2a: Grimmsnarl|tox
|
|-damage|p2a: Grimmsnarl|82/100 tox|[from] psn
|upkeep
|turn|11
|
|t:|1757812540
|switch|p2a: Ursaluna|Ursaluna, M|100/100
|-damage|p2a: Ursaluna|94/100|[from] Stealth Rock
|-prepare|p1a: Slowking|Chilly Reception|[premajor]
|move|p1a: Slowking|Chilly Reception|p1a: Slowking
|-weather|Snowscape
|
|t:|1757812544
|switch|p1a: Kyurem|Kyurem, shiny|100/100|[from] Chilly Reception
|-ability|p1a: Kyurem|Pressure
|
|-weather|Snowscape|[upkeep]
|upkeep
|turn|12
|inactive|LVL62Monoco has 120 seconds left.
|
|t:|1757812574
|move|p1a: Kyurem|Substitute|p1a: Kyurem
|-start|p1a: Kyurem|Substitute
|-damage|p1a: Kyurem|76/100
|move|p2a: Ursaluna|Facade|p1a: Kyurem
|-activate|p1a: Kyurem|move: Substitute|[damage]
|
|-weather|Snowscape|[upkeep]
|-heal|p1a: Kyurem|82/100|[from] item: Leftovers
|upkeep
|turn|13
|inactive|LVL62Monoco has 120 seconds left.
|
|t:|1757812586
|move|p1a: Kyurem|Freeze-Dry|p2a: Ursaluna
|-supereffective|p2a: Ursaluna
|-damage|p2a: Ursaluna|59/100
|move|p2a: Ursaluna|Crunch|p1a: Kyurem
|-end|p1a: Kyurem|Substitute
|
|-weather|Snowscape|[upkeep]
|-heal|p1a: Kyurem|88/100|[from] item: Leftovers
|upkeep
|turn|14
|
|t:|1757812594
|move|p1a: Kyurem|Substitute|p1a: Kyurem
|-start|p1a: Kyurem|Substitute
|-damage|p1a: Kyurem|63/100
|move|p2a: Ursaluna|Swords Dance|p2a: Ursaluna
|-boost|p2a: Ursaluna|atk|2
|
|-weather|Snowscape|[upkeep]
|-heal|p1a: Kyurem|69/100|[from] item: Leftovers
|-sideend|p2: LVL62Monoco|move: Light Screen
|upkeep
|turn|15
|inactive|LVL62Monoco has 120 seconds left.
|inactive|LVL62Monoco has 90 seconds left.
|
|t:|1757812642
|move|p1a: Kyurem|Freeze-Dry|p2a: Ursaluna
|-supereffective|p2a: Ursaluna
|-damage|p2a: Ursaluna|0 fnt
|faint|p2a: Ursaluna
|
|-weather|none
|-heal|p1a: Kyurem|75/100|[from] item: Leftovers
|upkeep
|-message|LVL62Monoco forfeited.
|
|win|Partynparadise
|raw|Partynparadise's rating: 1507 &rarr; <strong>1528</strong><br />(+21 for winning)
|raw|LVL62Monoco's rating: 1522 &rarr; <strong>1501</strong><br />(-21 for losing)
|l|☆LVL62Monoco
|player|p2|
|l|☆Partynparadise
|player|p1|
|j|☆Partynparadise
|player|p1|Partynparadise|brock|
|l|☆Partynparadise
|player|p1|
