|j|☆sfinch1
|j|☆ShpuW
|t:|1757854079
|gametype|singles
|player|p1|sfinch1|101|1388
|player|p2|ShpuW|266|1450
|gen|9
|tier|[Gen 9] OU
|rated|
|rule|HP Percentage Mod: HP is shown in percentages
|rule|Endless Battle Clause: Forcing endless battles is banned
|rule|Species Clause: Limit one of each Pokémon
|rule|OHKO Clause: OHKO moves are banned
|rule|Evasion Items Clause: Evasion items are banned
|rule|Evasion Moves Clause: Evasion moves are banned
|rule|Evasion Abilities Clause: Evasion abilities are banned
|rule|Sleep Moves Clause: Sleep-inducing moves are banned
|clearpoke
|poke|p1|Kyurem|
|poke|p1|Landorus-Therian, M|
|poke|p1|Hatterene, F|
|poke|p1|Tinkaton, F|
|poke|p1|Zamazenta-*|
|poke|p1|Entei|
|poke|p2|Kyurem|
|poke|p2|Garganacl, F|
|poke|p2|Hoopa-Unbound|
|poke|p2|Kommo-o, M|
|poke|p2|Ribombee, F|
|poke|p2|Ogerpon-Wellspring, F|
|teampreview
|inactive|Battle timer is ON: inactive players will automatically lose when time's up. (requested by ShpuW)
|
|t:|1757854101
|teamsize|p1|6
|teamsize|p2|6
|start
|switch|p1a: Entei|Entei|100/100
|switch|p2a: Ribombee|Ribombee, F|100/100
|turn|1
|
|t:|1757854115
|switch|p1a: Hatterene|Hatterene, F|100/100
|move|p2a: Ribombee|Switcheroo|p1a: Hatterene
|-activate|p2a: Ribombee|move: Trick|[of] p1a: Hatterene
|-item|p1a: Hatterene|Focus Sash|[from] move: Switcheroo
|-item|p2a: Ribombee|Leftovers|[from] move: Switcheroo
|
|upkeep
|turn|2
|
|t:|1757854133
|move|p2a: Ribombee|Moonblast|p1a: Hatterene
|-damage|p1a: Hatterene|57/100
|move|p1a: Hatterene|Mystical Fire|p2a: Ribombee
|-supereffective|p2a: Ribombee
|-damage|p2a: Ribombee|0 fnt
|faint|p2a: Ribombee
|
|upkeep
|
|t:|1757854149
|switch|p2a: Hoopa|Hoopa-Unbound|100/100
|turn|3
|
|t:|1757854165
|move|p2a: Hoopa|Gunk Shot|p1a: Hatterene|[miss]
|-miss|p2a: Hoopa|p1a: Hatterene
|move|p1a: Hatterene|Draining Kiss|p2a: Hoopa
|-supereffective|p2a: Hoopa
|-damage|p2a: Hoopa|49/100
|-heal|p1a: Hatterene|94/100|[from] drain|[of] p2a: Hoopa
|
|upkeep
|turn|4
|
|t:|1757854172
|switch|p1a: Landorus|Landorus-Therian, M|100/100
|-ability|p1a: Landorus|Intimidate|boost
|-unboost|p2a: Hoopa|atk|1
|move|p2a: Hoopa|Gunk Shot|p1a: Landorus|[miss]
|-miss|p2a: Hoopa|p1a: Landorus
|
|upkeep
|turn|5
|
|t:|1757854181
|switch|p2a: Ogerpon|Ogerpon-Wellspring, F|100/100
|move|p1a: Landorus|Stealth Rock|p2a: Ogerpon
|-sidestart|p2: ShpuW|move: Stealth Rock
|
|upkeep
|turn|6
|
|t:|1757854201
|switch|p1a: Kyurem|Kyurem|100/100
|-ability|p1a: Kyurem|Pressure
|-terastallize|p2a: Ogerpon|Water
|detailschange|p2a: Ogerpon|Ogerpon-Wellspring-Tera, F, tera:Water
|-ability|p2a: Ogerpon|Embody Aspect (Wellspring)|boost
|-boost|p2a: Ogerpon|spd|1
|move|p2a: Ogerpon|Swords Dance|p2a: Ogerpon
|-boost|p2a: Ogerpon|atk|2
|
|upkeep
|turn|7
|
|t:|1757854223
|move|p2a: Ogerpon|Play Rough|p1a: Kyurem|[miss]
|-miss|p2a: Ogerpon|p1a: Kyurem
|move|p1a: Kyurem|Dragon Dance|p1a: Kyurem
|-boost|p1a: Kyurem|atk|1
|-boost|p1a: Kyurem|spe|1
|
|upkeep
|turn|8
|
|t:|1757854228
|move|p1a: Kyurem|Scale Shot|p2a: Ogerpon
|-damage|p2a: Ogerpon|70/100
|-damage|p2a: Ogerpon|42/100
|-damage|p2a: Ogerpon|13/100
|-damage|p2a: Ogerpon|0 fnt
|faint|p2a: Ogerpon
|detailschange|p2: Ogerpon|Ogerpon-Wellspring, F|[silent]
|-hitcount|p2: Ogerpon|4
|-unboost|p1a: Kyurem|def|1
|-boost|p1a: Kyurem|spe|1
|
|upkeep
|c|☆sfinch1|bad day
|
|t:|1757854241
|switch|p2a: Garganacl|Garganacl, F|100/100
|-damage|p2a: Garganacl|88/100|[from] Stealth Rock
|turn|9
|
|t:|1757854247
|move|p1a: Kyurem|Icicle Spear|p2a: Garganacl
|-damage|p2a: Garganacl|74/100
|-damage|p2a: Garganacl|59/100
|-damage|p2a: Garganacl|45/100
|-damage|p2a: Garganacl|30/100
|-damage|p2a: Garganacl|15/100
|-hitcount|p2a: Garganacl|5
|move|p2a: Garganacl|Salt Cure|p1a: Kyurem
|-supereffective|p1a: Kyurem
|-damage|p1a: Kyurem|60/100
|-start|p1a: Kyurem|Salt Cure
|
|-heal|p2a: Garganacl|21/100|[from] item: Leftovers
|-damage|p1a: Kyurem|48/100|[from] Salt Cure
|upkeep
|turn|10
|
|t:|1757854260
|move|p2a: Garganacl|Protect|p2a: Garganacl
|-singleturn|p2a: Garganacl|Protect
|move|p1a: Kyurem|Icicle Spear|p2a: Garganacl
|-activate|p2a: Garganacl|move: Protect
|
|-heal|p2a: Garganacl|27/100|[from] item: Leftovers
|-damage|p1a: Kyurem|36/100|[from] Salt Cure
|upkeep
|turn|11
|
|t:|1757854276
|move|p1a: Kyurem|Icicle Spear|p2a: Garganacl
|-damage|p2a: Garganacl|12/100
|-damage|p2a: Garganacl|0 fnt
|faint|p2a: Garganacl
|-hitcount|p2: Garganacl|2
|
|-damage|p1a: Kyurem|23/100|[from] Salt Cure
|upkeep
|
|t:|1757854281
|switch|p2a: Kommo-o|Kommo-o, M|100/100
|-damage|p2a: Kommo-o|94/100|[from] Stealth Rock
|turn|12
|
|t:|1757854286
|move|p2a: Kommo-o|Vacuum Wave|p1a: Kyurem
|-supereffective|p1a: Kyurem
|-damage|p1a: Kyurem|0 fnt
|faint|p1a: Kyurem
|
|-heal|p2a: Kommo-o|100/100|[from] item: Leftovers
|upkeep
|
|t:|1757854293
|switch|p1a: Hatterene|Hatterene, F|94/100
|turn|13
|
|t:|1757854312
|move|p2a: Kommo-o|Flamethrower|p1a: Hatterene
|-damage|p1a: Hatterene|68/100
|move|p1a: Hatterene|Draining Kiss|p2a: Kommo-o
|-supereffective|p2a: Kommo-o
|-damage|p2a: Kommo-o|0 fnt
|-heal|p1a: Hatterene|100/100|[from] drain|[of] p2a: Kommo-o
|faint|p2a: Kommo-o
|
|upkeep
|
|t:|1757854317
|switch|p2a: Hoopa|Hoopa-Unbound|49/100
|-damage|p2a: Hoopa|36/100|[from] Stealth Rock
|turn|14
|
|t:|1757854334
|switch|p1a: Tinkaton|Tinkaton, F|100/100
|-ability|p1a: Tinkaton|Mold Breaker
|move|p2a: Hoopa|Gunk Shot|p1a: Tinkaton
|-immune|p1a: Tinkaton
|
|upkeep
|turn|15
|
|t:|1757854351
|move|p1a: Tinkaton|Gigaton Hammer|p2a: Hoopa
|-damage|p2a: Hoopa|0 fnt
|faint|p2a: Hoopa
|
|upkeep
|
|t:|1757854358
|switch|p2a: Kyurem|Kyurem|100/100
|-damage|p2a: Kyurem|76/100|[from] Stealth Rock
|-ability|p2a: Kyurem|Pressure
|turn|16
|
|t:|1757854364
|move|p2a: Kyurem|Earth Power|p1a: Tinkaton
|-supereffective|p1a: Tinkaton
|-damage|p1a: Tinkaton|27/100
|-unboost|p1a: Tinkaton|spd|1
|move|p1a: Tinkaton|Swords Dance|p1a: Tinkaton
|-boost|p1a: Tinkaton|atk|2
|
|upkeep
|turn|17
|
|t:|1757854370
|move|p2a: Kyurem|Earth Power|p1a: Tinkaton
|-supereffective|p1a: Tinkaton
|-damage|p1a: Tinkaton|0 fnt
|faint|p1a: Tinkaton
|
|upkeep
|
|t:|1757854378
|switch|p1a: Entei|Entei|100/100
|turn|18
|
|t:|1757854383
|move|p2a: Kyurem|Earth Power|p1a: Entei
|-supereffective|p1a: Entei
|-damage|p1a: Entei|23/100
|move|p1a: Entei|Sacred Fire|p2a: Kyurem
|-damage|p2a: Kyurem|29/100
|
|upkeep
|turn|19
|
|t:|1757854391
|move|p1a: Entei|Extreme Speed|p2a: Kyurem
|-damage|p2a: Kyurem|5/100
|move|p2a: Kyurem|Earth Power|p1a: Entei
|-supereffective|p1a: Entei
|-damage|p1a: Entei|0 fnt
|faint|p1a: Entei
|
|upkeep
|
|t:|1757854398
|switch|p1a: Landorus|Landorus-Therian, M|100/100
|-ability|p1a: Landorus|Intimidate|boost
|-unboost|p2a: Kyurem|atk|1
|turn|20
|
|t:|1757854402
|move|p2a: Kyurem|Earth Power|p1a: Landorus
|-immune|p1a: Landorus
|move|p1a: Landorus|Earthquake|p2a: Kyurem
|-damage|p2a: Kyurem|0 fnt
|faint|p2a: Kyurem
|
|win|sfinch1
|raw|sfinch1's rating: 1388 &rarr; <strong>1412</strong><br />(+24 for winning)
|raw|ShpuW's rating: 1450 &rarr; <strong>1426</strong><br />(-24 for losing)
|l|☆ShpuW
|player|p2|
|l|☆sfinch1
|player|p1|
