|j|☆Mystix Hu Tao
|j|☆IronBundleForOU
|t:|1757912227
|gametype|singles
|player|p1|Mystix Hu Tao|whitney|
|player|p2|IronBundleForOU|acetrainer-gen4dp|
|gen|9
|tier|[Gen 9] OU
|rule|HP Percentage Mod: HP is shown in percentages
|rule|Endless Battle Clause: Forcing endless battles is banned
|rule|Species Clause: Limit one of each Pokémon
|rule|OHKO Clause: OHKO moves are banned
|rule|Evasion Items Clause: Evasion items are banned
|rule|Evasion Moves Clause: Evasion moves are banned
|rule|Evasion Abilities Clause: Evasion abilities are banned
|rule|Sleep Moves Clause: Sleep-inducing moves are banned
|clearpoke
|poke|p1|Ting-Lu|
|poke|p1|Pecharunt|
|poke|p1|Iron Valiant|
|poke|p1|Garganacl, M|
|poke|p1|Lokix, M|
|poke|p1|Hydrapple, M|
|poke|p2|Bellibolt, F|
|poke|p2|Clefable, M|
|poke|p2|Corviknight, F|
|poke|p2|Dragapult, F|
|poke|p2|Great Tusk|
|poke|p2|Manaphy|
|teampreview
|
|t:|1757912246
|teamsize|p1|6
|teamsize|p2|6
|start
|switch|p1a: Ting-Lu|Ting-Lu|100/100
|switch|p2a: Dragapult|Dragapult, F|100/100
|-ability|p1a: Ting-Lu|Vessel of Ruin
|turn|1
|
|t:|1757912260
|move|p2a: Dragapult|U-turn|p1a: Ting-Lu
|-supereffective|p1a: Ting-Lu
|-damage|p1a: Ting-Lu|79/100
|
|t:|1757912287
|switch|p2a: Manaphy|Manaphy|100/100|[from] U-turn
|move|p1a: Ting-Lu|Ruination|p2a: Manaphy
|-damage|p2a: Manaphy|50/100
|
|-heal|p2a: Manaphy|57/100|[from] item: Leftovers
|-heal|p1a: Ting-Lu|86/100|[from] item: Leftovers
|upkeep
|turn|2
|
|t:|1757912304
|move|p2a: Manaphy|Acid Armor|p2a: Manaphy
|-boost|p2a: Manaphy|def|2
|move|p1a: Ting-Lu|Whirlwind|p2a: Manaphy
|drag|p2a: Corviknight|Corviknight, F|100/100
|-ability|p2a: Corviknight|Pressure
|
|-heal|p1a: Ting-Lu|92/100|[from] item: Leftovers
|upkeep
|turn|3
|
|t:|1757912313
|move|p2a: Corviknight|Body Press|p1a: Ting-Lu
|-supereffective|p1a: Ting-Lu
|-damage|p1a: Ting-Lu|65/100
|move|p1a: Ting-Lu|Spikes|p2a: Corviknight
|-sidestart|p2: IronBundleForOU|Spikes
|
|-heal|p1a: Ting-Lu|71/100|[from] item: Leftovers
|upkeep
|turn|4
|
|t:|1757912328
|switch|p1a: Pecharunt|Pecharunt|100/100
|move|p2a: Corviknight|U-turn|p1a: Pecharunt
|-resisted|p1a: Pecharunt
|-damage|p1a: Pecharunt|99/100
|
|t:|1757912345
|switch|p2a: Great Tusk|Great Tusk|100/100|[from] U-turn
|-damage|p2a: Great Tusk|88/100|[from] Spikes
|
|-heal|p2a: Great Tusk|94/100|[from] item: Leftovers
|upkeep
|turn|5
|
|t:|1757912358
|move|p1a: Pecharunt|Parting Shot|p2a: Great Tusk
|-unboost|p2a: Great Tusk|atk|1
|-unboost|p2a: Great Tusk|spa|1
|
|t:|1757912387
|switch|p1a: Hydrapple|Hydrapple, M|100/100|[from] Parting Shot
|move|p2a: Great Tusk|Knock Off|p1a: Hydrapple
|-damage|p1a: Hydrapple|87/100
|-enditem|p1a: Hydrapple|Heavy-Duty Boots|[from] move: Knock Off|[of] p2a: Great Tusk
|
|-heal|p2a: Great Tusk|100/100|[from] item: Leftovers
|upkeep
|turn|6
|
|t:|1757912398
|-end|p2a: Great Tusk|Protosynthesis|[silent]
|switch|p2a: Clefable|Clefable, M|100/100
|move|p1a: Hydrapple|Giga Drain|p2a: Clefable
|-damage|p2a: Clefable|81/100
|-heal|p1a: Hydrapple|97/100|[from] drain|[of] p2a: Clefable
|
|-heal|p2a: Clefable|87/100|[from] item: Leftovers
|upkeep
|turn|7
|
|t:|1757912403
|switch|p1a: Pecharunt|Pecharunt|99/100
|move|p2a: Clefable|Thunder Wave|p1a: Pecharunt
|-status|p1a: Pecharunt|par
|
|-heal|p2a: Clefable|93/100|[from] item: Leftovers
|upkeep
|turn|8
|
|t:|1757912414
|switch|p2a: Great Tusk|Great Tusk|100/100
|-damage|p2a: Great Tusk|88/100|[from] Spikes
|move|p1a: Pecharunt|Parting Shot|p2a: Great Tusk
|-unboost|p2a: Great Tusk|atk|1
|-unboost|p2a: Great Tusk|spa|1
|
|t:|1757912420
|switch|p1a: Iron Valiant|Iron Valiant|100/100|[from] Parting Shot
|
|-heal|p2a: Great Tusk|94/100|[from] item: Leftovers
|upkeep
|turn|9
|
|t:|1757912428
|move|p1a: Iron Valiant|Moonblast|p2a: Great Tusk
|-supereffective|p2a: Great Tusk
|-damage|p2a: Great Tusk|0 fnt
|faint|p2a: Great Tusk
|-end|p2a: Great Tusk|Protosynthesis|[silent]
|
|upkeep
|
|t:|1757912434
|switch|p2a: Clefable|Clefable, M|93/100
|turn|10
|
|t:|1757912447
|-end|p1a: Iron Valiant|Quark Drive|[silent]
|switch|p1a: Pecharunt|Pecharunt|99/100 par
|move|p2a: Clefable|Moonblast|p1a: Pecharunt
|-resisted|p1a: Pecharunt
|-damage|p1a: Pecharunt|82/100 par
|
|-heal|p2a: Clefable|99/100|[from] item: Leftovers
|upkeep
|turn|11
|
|t:|1757912451
|move|p2a: Clefable|Stealth Rock|p1a: Pecharunt
|-sidestart|p1: Mystix Hu Tao|move: Stealth Rock
|move|p1a: Pecharunt|Parting Shot|p2a: Clefable
|-unboost|p2a: Clefable|atk|1
|-unboost|p2a: Clefable|spa|1
|
|t:|1757912455
|switch|p1a: Garganacl|Garganacl, M|100/100|[from] Parting Shot
|
|-heal|p2a: Clefable|100/100|[from] item: Leftovers
|upkeep
|turn|12
|
|t:|1757912462
|switch|p2a: Manaphy|Manaphy|57/100
|-damage|p2a: Manaphy|44/100|[from] Spikes
|move|p1a: Garganacl|Stealth Rock|p2a: Manaphy
|-sidestart|p2: IronBundleForOU|move: Stealth Rock
|
|-heal|p2a: Manaphy|50/100|[from] item: Leftovers
|upkeep
|turn|13
|
|t:|1757912478
|-terastallize|p1a: Garganacl|Water
|move|p2a: Manaphy|Take Heart|p2a: Manaphy
|-boost|p2a: Manaphy|spa|1
|-boost|p2a: Manaphy|spd|1
|move|p1a: Garganacl|Salt Cure|p2a: Manaphy
|-damage|p2a: Manaphy|41/100
|-start|p2a: Manaphy|Salt Cure
|
|-heal|p2a: Manaphy|47/100|[from] item: Leftovers
|-damage|p2a: Manaphy|22/100|[from] Salt Cure
|upkeep
|turn|14
|
|t:|1757912493
|move|p2a: Manaphy|Take Heart|p2a: Manaphy
|-boost|p2a: Manaphy|spa|1
|-boost|p2a: Manaphy|spd|1
|move|p1a: Garganacl|Salt Cure|p2a: Manaphy
|-damage|p2a: Manaphy|12/100
|
|-heal|p2a: Manaphy|18/100|[from] item: Leftovers
|-damage|p2a: Manaphy|0 fnt|[from] Salt Cure
|faint|p2a: Manaphy
|upkeep
|
|t:|1757912506
|switch|p2a: Bellibolt|Bellibolt, F, shiny|100/100
|-damage|p2a: Bellibolt|88/100|[from] Spikes
|-damage|p2a: Bellibolt|76/100|[from] Stealth Rock
|turn|15
|
|t:|1757912529
|switch|p1a: Hydrapple|Hydrapple, M|100/100
|-damage|p1a: Hydrapple|88/100|[from] Stealth Rock
|move|p2a: Bellibolt|Charge Beam|p1a: Hydrapple
|-resisted|p1a: Hydrapple
|-damage|p1a: Hydrapple|84/100
|-boost|p2a: Bellibolt|spa|1
|
|-heal|p2a: Bellibolt|82/100|[from] item: Leftovers
|upkeep
|turn|16
|
|t:|1757912554
|-terastallize|p2a: Bellibolt|Flying
|move|p1a: Hydrapple|Earth Power|p2a: Bellibolt
|-immune|p2a: Bellibolt
|move|p2a: Bellibolt|Toxic|p1a: Hydrapple
|-status|p1a: Hydrapple|tox
|
|-heal|p2a: Bellibolt|88/100|[from] item: Leftovers
|-damage|p1a: Hydrapple|78/100 tox|[from] psn
|upkeep
|turn|17
|
|t:|1757912561
|move|p1a: Hydrapple|Nasty Plot|p1a: Hydrapple
|-boost|p1a: Hydrapple|spa|2
|move|p2a: Bellibolt|Slack Off|p2a: Bellibolt
|-heal|p2a: Bellibolt|100/100
|
|-damage|p1a: Hydrapple|66/100 tox|[from] psn
|upkeep
|turn|18
|
|t:|1757912568
|move|p1a: Hydrapple|Draco Meteor|p2a: Bellibolt
|-damage|p2a: Bellibolt|9/100
|-unboost|p1a: Hydrapple|spa|2
|-start|p2a: Bellibolt|Charge|Draco Meteor|[from] ability: Electromorphosis
|move|p2a: Bellibolt|Charge Beam|p1a: Hydrapple
|-resisted|p1a: Hydrapple
|-damage|p1a: Hydrapple|52/100 tox
|-boost|p2a: Bellibolt|spa|1
|-end|p2a: Bellibolt|Charge|[silent]
|
|-heal|p2a: Bellibolt|15/100|[from] item: Leftovers
|-damage|p1a: Hydrapple|34/100 tox|[from] psn
|upkeep
|turn|19
|inactive|Battle timer is ON: inactive players will automatically lose when time's up. (requested by Mystix Hu Tao)
|
|t:|1757912613
|switch|p2a: Clefable|Clefable, M|100/100
|move|p1a: Hydrapple|Draco Meteor|p2a: Clefable
|-immune|p2a: Clefable
|
|-damage|p1a: Hydrapple|10/100 tox|[from] psn
|upkeep
|turn|20
|
|t:|1757912619
|switch|p2a: Bellibolt|Bellibolt, F, shiny, tera:Flying|15/100
|-damage|p2a: Bellibolt|0 fnt|[from] Stealth Rock
|faint|p2a: Bellibolt
|switch|p1a: Pecharunt|Pecharunt|82/100 par
|
|upkeep
|
|t:|1757912626
|switch|p2a: Dragapult|Dragapult, F|100/100
|turn|21
|
|t:|1757912635
|switch|p1a: Ting-Lu|Ting-Lu|71/100
|-damage|p1a: Ting-Lu|65/100|[from] Stealth Rock
|-ability|p1a: Ting-Lu|Vessel of Ruin
|move|p2a: Dragapult|Dragon Darts|p1a: Ting-Lu
|-damage|p1a: Ting-Lu|53/100
|-anim|p2a: Dragapult|Dragon Darts|p1a: Ting-Lu
|-damage|p1a: Ting-Lu|42/100
|
|-heal|p1a: Ting-Lu|48/100|[from] item: Leftovers
|upkeep
|turn|22
|
|t:|1757912649
|move|p2a: Dragapult|U-turn|p1a: Ting-Lu
|-supereffective|p1a: Ting-Lu
|-damage|p1a: Ting-Lu|26/100
|
|t:|1757912655
|switch|p2a: Corviknight|Corviknight, F|100/100|[from] U-turn
|-damage|p2a: Corviknight|88/100|[from] Stealth Rock
|-ability|p2a: Corviknight|Pressure
|move|p1a: Ting-Lu|Whirlwind|p2a: Corviknight
|drag|p2a: Dragapult|Dragapult, F|100/100
|
|-heal|p1a: Ting-Lu|32/100|[from] item: Leftovers
|upkeep
|turn|23
|
|t:|1757912672
|move|p2a: Dragapult|U-turn|p1a: Ting-Lu
|-supereffective|p1a: Ting-Lu
|-damage|p1a: Ting-Lu|13/100
|
|t:|1757912674
|switch|p2a: Clefable|Clefable, M|100/100|[from] U-turn
|move|p1a: Ting-Lu|Ruination|p2a: Clefable
|-damage|p2a: Clefable|50/100
|
|-heal|p2a: Clefable|57/100|[from] item: Leftovers
|-heal|p1a: Ting-Lu|19/100|[from] item: Leftovers
|upkeep
|turn|24
|
|t:|1757912679
|switch|p1a: Pecharunt|Pecharunt|82/100 par
|move|p2a: Clefable|Moonlight|p2a: Clefable
|-heal|p2a: Clefable|100/100
|
|upkeep
|turn|25
|
|t:|1757912685
|switch|p2a: Dragapult|Dragapult, F|100/100
|cant|p1a: Pecharunt|par
|
|upkeep
|turn|26
|
|t:|1757912695
|move|p2a: Dragapult|Hex|p1a: Pecharunt
|-supereffective|p1a: Pecharunt
|-damage|p1a: Pecharunt|0 fnt
|faint|p1a: Pecharunt
|
|upkeep
|
|t:|1757912707
|switch|p1a: Garganacl|Garganacl, M, tera:Water|100/100
|turn|27
|
|t:|1757912715
|move|p2a: Dragapult|Dragon Darts|p1a: Garganacl
|-damage|p1a: Garganacl|87/100
|-anim|p2a: Dragapult|Dragon Darts|p1a: Garganacl
|-damage|p1a: Garganacl|73/100
|move|p1a: Garganacl|Salt Cure|p2a: Dragapult
|-damage|p2a: Dragapult|79/100
|-start|p2a: Dragapult|Salt Cure
|
|-damage|p2a: Dragapult|66/100|[from] Salt Cure
|upkeep
|turn|28
|
|t:|1757912725
|move|p2a: Dragapult|Hex|p1a: Garganacl
|-damage|p1a: Garganacl|62/100
|move|p1a: Garganacl|Ice Punch|p2a: Dragapult
|-supereffective|p2a: Dragapult
|-damage|p2a: Dragapult|13/100
|
|-damage|p2a: Dragapult|0 fnt|[from] Salt Cure
|faint|p2a: Dragapult
|upkeep
|
|t:|1757912731
|switch|p2a: Clefable|Clefable, M|100/100
|turn|29
|
|t:|1757912741
|switch|p1a: Ting-Lu|Ting-Lu|19/100
|-damage|p1a: Ting-Lu|13/100|[from] Stealth Rock
|-ability|p1a: Ting-Lu|Vessel of Ruin
|move|p2a: Clefable|Moonblast|p1a: Ting-Lu
|-supereffective|p1a: Ting-Lu
|-damage|p1a: Ting-Lu|0 fnt
|faint|p1a: Ting-Lu
|
|upkeep
|
|t:|1757912748
|switch|p1a: Garganacl|Garganacl, M, tera:Water|62/100
|turn|30
|
|t:|1757912759
|move|p2a: Clefable|Moonblast|p1a: Garganacl
|-crit|p1a: Garganacl
|-damage|p1a: Garganacl|29/100
|move|p1a: Garganacl|Salt Cure|p2a: Clefable
|-damage|p2a: Clefable|84/100
|-start|p2a: Clefable|Salt Cure
|
|-heal|p2a: Clefable|90/100|[from] item: Leftovers
|upkeep
|turn|31
|
|t:|1757912764
|move|p2a: Clefable|Moonblast|p1a: Garganacl
|-damage|p1a: Garganacl|7/100
|-unboost|p1a: Garganacl|spa|1
|move|p1a: Garganacl|Recover|p1a: Garganacl
|-heal|p1a: Garganacl|57/100
|
|-heal|p2a: Clefable|96/100|[from] item: Leftovers
|upkeep
|turn|32
|
|t:|1757912772
|move|p2a: Clefable|Moonblast|p1a: Garganacl
|-damage|p1a: Garganacl|38/100
|move|p1a: Garganacl|Recover|p1a: Garganacl
|-heal|p1a: Garganacl|88/100
|
|-heal|p2a: Clefable|100/100|[from] item: Leftovers
|upkeep
|turn|33
|
|t:|1757912778
|switch|p1a: Hydrapple|Hydrapple, M|43/100 tox
|-damage|p1a: Hydrapple|31/100 tox|[from] Stealth Rock
|move|p2a: Clefable|Stealth Rock||[still]
|-fail|p2a: Clefable
|
|-damage|p1a: Hydrapple|25/100 tox|[from] psn
|upkeep
|turn|34
|
|t:|1757912784
|move|p2a: Clefable|Stealth Rock||[still]
|-fail|p2a: Clefable
|move|p1a: Hydrapple|Giga Drain|p2a: Clefable
|-damage|p2a: Clefable|81/100
|-heal|p1a: Hydrapple|34/100 tox|[from] drain|[of] p2a: Clefable
|
|-heal|p2a: Clefable|87/100|[from] item: Leftovers
|-damage|p1a: Hydrapple|22/100 tox|[from] psn
|upkeep
|turn|35
|
|t:|1757912787
|move|p2a: Clefable|Stealth Rock||[still]
|-fail|p2a: Clefable
|move|p1a: Hydrapple|Giga Drain|p2a: Clefable
|-damage|p2a: Clefable|67/100
|-heal|p1a: Hydrapple|31/100 tox|[from] drain|[of] p2a: Clefable
|
|-heal|p2a: Clefable|73/100|[from] item: Leftovers
|-damage|p1a: Hydrapple|13/100 tox|[from] psn
|upkeep
|turn|36
|
|t:|1757912796
|move|p2a: Clefable|Moonlight|p2a: Clefable
|-heal|p2a: Clefable|100/100
|move|p1a: Hydrapple|Giga Drain|p2a: Clefable
|-damage|p2a: Clefable|79/100
|-heal|p1a: Hydrapple|23/100 tox|[from] drain|[of] p2a: Clefable
|
|-heal|p2a: Clefable|85/100|[from] item: Leftovers
|-damage|p1a: Hydrapple|0 fnt|[from] psn
|faint|p1a: Hydrapple
|upkeep
|
|t:|1757912798
|switch|p1a: Lokix|Lokix, M|100/100
|turn|37
|
|t:|1757912805
|move|p1a: Lokix|Knock Off|p2a: Clefable
|-resisted|p2a: Clefable
|-damage|p2a: Clefable|37/100
|-enditem|p2a: Clefable|Leftovers|[from] move: Knock Off|[of] p1a: Lokix
|move|p2a: Clefable|Moonlight|p2a: Clefable
|-heal|p2a: Clefable|87/100
|
|upkeep
|turn|38
|
|t:|1757912808
|move|p1a: Lokix|U-turn|p2a: Clefable
|-resisted|p2a: Clefable
|-crit|p2a: Clefable
|-damage|p2a: Clefable|29/100
|
|t:|1757912814
|switch|p1a: Garganacl|Garganacl, M, tera:Water|88/100|[from] U-turn
|move|p2a: Clefable|Moonblast|p1a: Garganacl
|-damage|p1a: Garganacl|68/100
|-unboost|p1a: Garganacl|spa|1
|
|upkeep
|turn|39
|
|t:|1757912818
|switch|p1a: Lokix|Lokix, M|100/100
|move|p2a: Clefable|Moonlight|p2a: Clefable
|-heal|p2a: Clefable|79/100
|
|upkeep
|turn|40
|
|t:|1757912822
|move|p1a: Lokix|First Impression|p2a: Clefable
|-resisted|p2a: Clefable
|-damage|p2a: Clefable|33/100
|move|p2a: Clefable|Moonblast|p1a: Lokix
|-supereffective|p1a: Lokix
|-damage|p1a: Lokix|0 fnt
|faint|p1a: Lokix
|
|upkeep
|
|t:|1757912825
|switch|p1a: Iron Valiant|Iron Valiant|100/100
|turn|41
|
|t:|1757912834
|move|p1a: Iron Valiant|Moonblast|p2a: Clefable
|-damage|p2a: Clefable|2/100
|move|p2a: Clefable|Moonlight|p2a: Clefable
|-heal|p2a: Clefable|52/100
|
|upkeep
|turn|42
|
|t:|1757912839
|move|p1a: Iron Valiant|Encore|p2a: Clefable
|-start|p2a: Clefable|Encore
|move|p2a: Clefable|Moonlight|p2a: Clefable
|-heal|p2a: Clefable|100/100
|
|upkeep
|turn|43
|
|t:|1757912843
|switch|p2a: Corviknight|Corviknight, F|88/100
|-damage|p2a: Corviknight|75/100|[from] Stealth Rock
|-ability|p2a: Corviknight|Pressure
|move|p1a: Iron Valiant|Moonblast|p2a: Corviknight
|-resisted|p2a: Corviknight
|-damage|p2a: Corviknight|51/100
|
|-heal|p2a: Corviknight|58/100|[from] item: Leftovers
|upkeep
|turn|44
|
|t:|1757912851
|move|p1a: Iron Valiant|Knock Off|p2a: Corviknight
|-damage|p2a: Corviknight|41/100
|-enditem|p2a: Corviknight|Leftovers|[from] move: Knock Off|[of] p1a: Iron Valiant
|move|p2a: Corviknight|Roost|p2a: Corviknight
|-heal|p2a: Corviknight|91/100
|-singleturn|p2a: Corviknight|move: Roost
|
|upkeep
|turn|45
|
|t:|1757912854
|move|p1a: Iron Valiant|Encore|p2a: Corviknight
|-start|p2a: Corviknight|Encore
|move|p2a: Corviknight|Roost|p2a: Corviknight
|-heal|p2a: Corviknight|100/100
|-singleturn|p2a: Corviknight|move: Roost
|
|upkeep
|turn|46
|
|t:|1757912860
|switch|p2a: Clefable|Clefable, M|100/100
|move|p1a: Iron Valiant|Moonblast|p2a: Clefable
|-damage|p2a: Clefable|68/100
|-unboost|p2a: Clefable|spa|1
|
|upkeep
|turn|47
|
|t:|1757912866
|move|p1a: Iron Valiant|Moonblast|p2a: Clefable
|-damage|p2a: Clefable|35/100
|move|p2a: Clefable|Moonblast|p1a: Iron Valiant
|-supereffective|p1a: Iron Valiant
|-damage|p1a: Iron Valiant|13/100
|-unboost|p1a: Iron Valiant|spa|1
|
|upkeep
|turn|48
|
|t:|1757912884
|move|p1a: Iron Valiant|Encore|p2a: Clefable
|-start|p2a: Clefable|Encore
|move|p2a: Clefable|Moonblast|p1a: Iron Valiant
|-supereffective|p1a: Iron Valiant
|-damage|p1a: Iron Valiant|0 fnt
|faint|p1a: Iron Valiant
|-end|p1a: Iron Valiant|Quark Drive|[silent]
|
|upkeep
|
|t:|1757912885
|switch|p1a: Garganacl|Garganacl, M, tera:Water|68/100
|turn|49
|
|t:|1757912894
|move|p2a: Clefable|Moonblast|p1a: Garganacl
|-damage|p1a: Garganacl|53/100
|-unboost|p1a: Garganacl|spa|1
|move|p1a: Garganacl|Ice Punch|p2a: Clefable
|-damage|p2a: Clefable|17/100
|
|upkeep
|turn|50
|
|t:|1757912900
|switch|p2a: Corviknight|Corviknight, F|100/100
|-damage|p2a: Corviknight|88/100|[from] Stealth Rock
|-ability|p2a: Corviknight|Pressure
|move|p1a: Garganacl|Ice Punch|p2a: Corviknight
|-damage|p2a: Corviknight|77/100
|
|upkeep
|turn|51
|
|t:|1757912916
|move|p2a: Corviknight|Iron Defense|p2a: Corviknight
|-boost|p2a: Corviknight|def|2
|move|p1a: Garganacl|Ice Punch|p2a: Corviknight
|-damage|p2a: Corviknight|71/100
|
|upkeep
|turn|52
|
|t:|1757912924
|move|p2a: Corviknight|Iron Defense|p2a: Corviknight
|-boost|p2a: Corviknight|def|2
|move|p1a: Garganacl|Recover|p1a: Garganacl
|-heal|p1a: Garganacl|100/100
|
|upkeep
|turn|53
|
|t:|1757912927
|move|p2a: Corviknight|Iron Defense|p2a: Corviknight
|-boost|p2a: Corviknight|def|2
|move|p1a: Garganacl|Salt Cure|p2a: Corviknight
|-damage|p2a: Corviknight|69/100
|-start|p2a: Corviknight|Salt Cure
|
|-damage|p2a: Corviknight|44/100|[from] Salt Cure
|upkeep
|turn|54
|
|t:|1757912931
|move|p2a: Corviknight|Body Press|p1a: Garganacl
|-damage|p1a: Garganacl|30/100
|move|p1a: Garganacl|Recover|p1a: Garganacl
|-heal|p1a: Garganacl|80/100
|
|-damage|p2a: Corviknight|19/100|[from] Salt Cure
|upkeep
|turn|55
|
|t:|1757912937
|move|p2a: Corviknight|Roost|p2a: Corviknight
|-heal|p2a: Corviknight|69/100
|-singleturn|p2a: Corviknight|move: Roost
|move|p1a: Garganacl|Recover|p1a: Garganacl
|-heal|p1a: Garganacl|100/100
|
|-damage|p2a: Corviknight|44/100|[from] Salt Cure
|upkeep
|turn|56
|
|t:|1757912946
|move|p2a: Corviknight|Roost|p2a: Corviknight
|-heal|p2a: Corviknight|94/100
|-singleturn|p2a: Corviknight|move: Roost
|move|p1a: Garganacl|Ice Punch|p2a: Corviknight
|-resisted|p2a: Corviknight
|-damage|p2a: Corviknight|93/100
|
|-damage|p2a: Corviknight|68/100|[from] Salt Cure
|upkeep
|turn|57
|
|t:|1757912955
|move|p2a: Corviknight|Body Press|p1a: Garganacl
|-damage|p1a: Garganacl|34/100
|move|p1a: Garganacl|Recover|p1a: Garganacl
|-heal|p1a: Garganacl|84/100
|
|-damage|p2a: Corviknight|43/100|[from] Salt Cure
|upkeep
|turn|58
|
|t:|1757912960
|move|p2a: Corviknight|Roost|p2a: Corviknight
|-heal|p2a: Corviknight|93/100
|-singleturn|p2a: Corviknight|move: Roost
|move|p1a: Garganacl|Ice Punch|p2a: Corviknight
|-resisted|p2a: Corviknight
|-damage|p2a: Corviknight|91/100
|
|-damage|p2a: Corviknight|66/100|[from] Salt Cure
|upkeep
|turn|59
|
|t:|1757912971
|move|p2a: Corviknight|Body Press|p1a: Garganacl
|-damage|p1a: Garganacl|11/100
|move|p1a: Garganacl|Recover|p1a: Garganacl
|-heal|p1a: Garganacl|61/100
|
|-damage|p2a: Corviknight|41/100|[from] Salt Cure
|upkeep
|turn|60
|
|t:|1757912977
|move|p2a: Corviknight|Body Press|p1a: Garganacl
|-damage|p1a: Garganacl|0 fnt
|faint|p1a: Garganacl
|
|win|IronBundleForOU
