|j|☆Neggets
|j|☆MaxBat6411*
|t:|1757796069
|gametype|singles
|player|p1|Neggets|ninjaboy|1136
|player|p2|MaxBat6411*|giovanni|1094
|gen|9
|tier|[Gen 9] OU
|rated|
|rule|HP Percentage Mod: HP is shown in percentages
|rule|Endless Battle Clause: Forcing endless battles is banned
|rule|Species Clause: Limit one of each Pokémon
|rule|OHKO Clause: OHKO moves are banned
|rule|Evasion Items Clause: Evasion items are banned
|rule|Evasion Moves Clause: Evasion moves are banned
|rule|Evasion Abilities Clause: Evasion abilities are banned
|rule|Sleep Moves Clause: Sleep-inducing moves are banned
|clearpoke
|poke|p1|Coalossal, M|
|poke|p1|Dragapult, M|
|poke|p1|Ting-Lu|
|poke|p1|Staraptor, F|
|poke|p1|Copperajah, F|
|poke|p1|Pecharunt|
|poke|p2|Kyurem|
|poke|p2|Moltres|
|poke|p2|Iron Valiant|
|poke|p2|Quaquaval, F|
|poke|p2|Ribombee, F|
|poke|p2|Garchomp, F|
|teampreview
|c|☆Neggets|oo moltres
|c|☆Neggets|What does moltres have over ho-oh
|c|☆MaxBat6411*|basically a full on counter to iron valiant
|
|t:|1757796101
|teamsize|p1|6
|teamsize|p2|6
|start
|switch|p1a: Trant|Copperajah, F|100/100
|switch|p2a: Ribombee|Ribombee, F|100/100
|turn|1
|c|☆MaxBat6411*|iirc
|
|t:|1757796108
|move|p2a: Ribombee|Stun Spore|p1a: Trant
|-status|p1a: Trant|par
|move|p1a: Trant|Taunt|p2a: Ribombee
|-start|p2a: Ribombee|move: Taunt
|
|upkeep
|turn|2
|
|t:|1757796119
|switch|p2a: Moltres|Moltres|100/100
|move|p1a: Trant|Play Rough|p2a: Moltres
|-resisted|p2a: Moltres
|-damage|p2a: Moltres|81/100
|
|upkeep
|turn|3
|
|t:|1757796149
|move|p2a: Moltres|U-turn|p1a: Trant
|-resisted|p1a: Trant
|-damage|p1a: Trant|93/100 par
|
|t:|1757796157
|switch|p2a: Ribombee|Ribombee, F|100/100|[from] U-turn
|cant|p1a: Trant|par
|
|upkeep
|turn|4
|
|t:|1757796177
|move|p2a: Ribombee|Sticky Web|p1a: Trant
|-sidestart|p1: Neggets|move: Sticky Web
|move|p1a: Trant|Iron Head|p2a: Ribombee
|-supereffective|p2a: Ribombee
|-enditem|p2a: Ribombee|Focus Sash
|-damage|p2a: Ribombee|1/100
|
|upkeep
|turn|5
|
|t:|1757796195
|switch|p2a: Moltres|Moltres|81/100
|move|p1a: Trant|Play Rough|p2a: Moltres
|-resisted|p2a: Moltres
|-damage|p2a: Moltres|63/100
|
|upkeep
|turn|6
|
|t:|1757796215
|move|p2a: Moltres|Roost|p2a: Moltres
|-heal|p2a: Moltres|100/100
|-singleturn|p2a: Moltres|move: Roost
|move|p1a: Trant|Iron Head|p2a: Moltres
|-resisted|p2a: Moltres
|-damage|p2a: Moltres|76/100
|
|upkeep
|turn|7
|
|t:|1757796251
|move|p2a: Moltres|Flamethrower|p1a: Trant
|-supereffective|p1a: Trant
|-damage|p1a: Trant|19/100 par
|move|p1a: Trant|Taunt|p2a: Moltres
|-start|p2a: Moltres|move: Taunt
|
|upkeep
|turn|8
|
|t:|1757796263
|switch|p1a: Richard|Coalossal, M|100/100
|move|p2a: Moltres|Flamethrower|p1a: Richard
|-start|p1a: Richard|ability: Flash Fire
|
|upkeep
|turn|9
|
|t:|1757796269
|switch|p2a: Ribombee|Ribombee, F|1/100
|move|p1a: Richard|Rapid Spin|p2a: Ribombee
|-damage|p2a: Ribombee|0 fnt
|-boost|p1a: Richard|spe|1
|-sideend|p1: Neggets|Sticky Web|[from] move: Rapid Spin|[of] p1a: Richard
|faint|p2a: Ribombee
|
|upkeep
|
|t:|1757796274
|switch|p2a: Quaquaval|Quaquaval, F|100/100
|turn|10
|
|t:|1757796288
|-end|p1a: Richard|ability: Flash Fire|[silent]
|switch|p1a: Chip|Dragapult, M|100/100
|move|p2a: Quaquaval|Aqua Step|p1a: Chip
|-resisted|p1a: Chip
|-damage|p1a: Chip|71/100
|-boost|p2a: Quaquaval|spe|1
|
|upkeep
|turn|11
|inactive|Battle timer is ON: inactive players will automatically lose when time's up. (requested by MaxBat6411*)
|
|t:|1757796311
|move|p2a: Quaquaval|Triple Axel|p1a: Chip
|-supereffective|p1a: Chip
|-damage|p1a: Chip|51/100
|-supereffective|p1a: Chip
|-damage|p1a: Chip|10/100
|-supereffective|p1a: Chip
|-damage|p1a: Chip|0 fnt
|faint|p1a: Chip
|-ability|p2a: Quaquaval|Moxie|boost
|-boost|p2a: Quaquaval|atk|1
|-hitcount|p1: Chip|3
|
|upkeep
|
|t:|1757796333
|switch|p1a: Pecharunt|Pecharunt|100/100
|turn|12
|inactive|MaxBat6411* has 120 seconds left.
|
|t:|1757796365
|move|p2a: Quaquaval|Triple Axel|p1a: Pecharunt
|-damage|p1a: Pecharunt|95/100
|-damage|p1a: Pecharunt|85/100
|-damage|p1a: Pecharunt|71/100
|-hitcount|p1a: Pecharunt|3
|move|p1a: Pecharunt|Malignant Chain|p2a: Quaquaval
|-damage|p2a: Quaquaval|49/100
|-status|p2a: Quaquaval|tox
|-start|p2a: Quaquaval|confusion|[from] ability: Poison Puppeteer|[of] p1a: Pecharunt
|
|-heal|p2a: Quaquaval|55/100 tox|[from] item: Leftovers
|-heal|p1a: Pecharunt|77/100|[from] item: Black Sludge
|-damage|p2a: Quaquaval|49/100 tox|[from] psn
|upkeep
|turn|13
|
|t:|1757796380
|-activate|p2a: Quaquaval|confusion
|move|p2a: Quaquaval|Triple Axel|p1a: Pecharunt
|-damage|p1a: Pecharunt|72/100
|-damage|p1a: Pecharunt|61/100
|-hitcount|p1a: Pecharunt|2
|move|p1a: Pecharunt|Substitute|p1a: Pecharunt
|-start|p1a: Pecharunt|Substitute
|-damage|p1a: Pecharunt|36/100
|
|-heal|p2a: Quaquaval|55/100 tox|[from] item: Leftovers
|-heal|p1a: Pecharunt|42/100|[from] item: Black Sludge
|-damage|p2a: Quaquaval|43/100 tox|[from] psn
|upkeep
|turn|14
|
|t:|1757796392
|-activate|p2a: Quaquaval|confusion
|move|p2a: Quaquaval|Triple Axel|p1a: Pecharunt
|-activate|p1a: Pecharunt|move: Substitute|[damage]
|-activate|p1a: Pecharunt|move: Substitute|[damage]
|-end|p1a: Pecharunt|Substitute
|-hitcount|p1a: Pecharunt|3
|move|p1a: Pecharunt|Malignant Chain|p2a: Quaquaval
|-damage|p2a: Quaquaval|0 fnt
|faint|p2a: Quaquaval
|
|-heal|p1a: Pecharunt|48/100|[from] item: Black Sludge
|upkeep
|inactive|MaxBat6411* has 120 seconds left.
|
|t:|1757796416
|switch|p2a: Moltres|Moltres|76/100
|turn|15
|inactive|Neggets has 120 seconds left.
|
|t:|1757796456
|switch|p1a: Fake corv|Staraptor, F|100/100
|move|p2a: Moltres|Roar|p1a: Fake corv
|drag|p1a: Lu-Ting|Ting-Lu|100/100
|-ability|p1a: Lu-Ting|Vessel of Ruin
|
|upkeep
|turn|16
|inactive|MaxBat6411* has 120 seconds left.
|
|t:|1757796468
|move|p2a: Moltres|U-turn|p1a: Lu-Ting
|-supereffective|p1a: Lu-Ting
|-damage|p1a: Lu-Ting|86/100
|-enditem|p1a: Lu-Ting|Weakness Policy
|-boost|p1a: Lu-Ting|atk|2|[from] item: Weakness Policy
|-boost|p1a: Lu-Ting|spa|2|[from] item: Weakness Policy
|
|t:|1757796473
|switch|p2a: Iron Valiant|Iron Valiant|100/100|[from] U-turn
|-enditem|p2a: Iron Valiant|Booster Energy
|-activate|p2a: Iron Valiant|ability: Quark Drive|[fromitem]
|-start|p2a: Iron Valiant|quarkdrivespe
|move|p1a: Lu-Ting|Stealth Rock|p2a: Iron Valiant
|-sidestart|p2: MaxBat6411*|move: Stealth Rock
|
|upkeep
|turn|17
|inactive|Neggets has 120 seconds left.
|inactive|MaxBat6411* has 120 seconds left.
|
|t:|1757796486
|-terastallize|p1a: Lu-Ting|Ground
|move|p2a: Iron Valiant|Swords Dance|p2a: Iron Valiant
|-boost|p2a: Iron Valiant|atk|2
|move|p1a: Lu-Ting|Earthquake|p2a: Iron Valiant
|-damage|p2a: Iron Valiant|0 fnt
|faint|p2a: Iron Valiant
|-end|p2a: Iron Valiant|Quark Drive|[silent]
|
|upkeep
|
|t:|1757796493
|switch|p2a: Moltres|Moltres|76/100
|turn|18
|inactive|MaxBat6411* has 120 seconds left.
|
|t:|1757796504
|move|p1a: Lu-Ting|Payback|p2a: Moltres
|-damage|p2a: Moltres|42/100
|move|p2a: Moltres|Roar|p1a: Lu-Ting
|drag|p1a: Fake corv|Staraptor, F|100/100
|
|upkeep
|turn|19
|inactive|MaxBat6411* has 120 seconds left.
|
|t:|1757796525
|move|p1a: Fake corv|Double-Edge|p2a: Moltres
|-damage|p2a: Moltres|0 fnt
|faint|p2a: Moltres
|-damage|p1a: Fake corv|84/100|[from] Recoil
|
|upkeep
|
|t:|1757796531
|switch|p2a: Garchomp|Garchomp, F|100/100
|-damage|p2a: Garchomp|94/100|[from] Stealth Rock
|turn|20
|inactive|MaxBat6411* has 120 seconds left.
|
|t:|1757796539
|move|p2a: Garchomp|Swords Dance|p2a: Garchomp
|-boost|p2a: Garchomp|atk|2
|move|p1a: Fake corv|Double-Edge|p2a: Garchomp
|-damage|p2a: Garchomp|0 fnt
|-damage|p1a: Fake corv|72/100|[from] ability: Rough Skin|[of] p2a: Garchomp
|faint|p2a: Garchomp
|-damage|p1a: Fake corv|36/100|[from] Recoil
|
|upkeep
|
|t:|1757796542
|switch|p2a: Kyurem|Kyurem|100/100
|-damage|p2a: Kyurem|76/100|[from] Stealth Rock
|-ability|p2a: Kyurem|Pressure
|turn|21
|c|☆Neggets|How is this mon pu
|
|t:|1757796557
|move|p1a: Fake corv|Double-Edge|p2a: Kyurem
|-damage|p2a: Kyurem|0 fnt
|faint|p2a: Kyurem
|-damage|p1a: Fake corv|5/100|[from] Recoil
|
|win|Neggets
|raw|Neggets's rating: 1136 &rarr; <strong>1158</strong><br />(+22 for winning)
|raw|MaxBat6411*'s rating: 1094 &rarr; <strong>1073</strong><br />(-21 for losing)
|c|☆MaxBat6411*|not entirely sure
|l|☆MaxBat6411*
|player|p2|
|c|☆Neggets|Starraptor should be at least ru
|l|☆Neggets
|player|p1|
