|j|☆regas_2706
|j|☆Running to Im
|t:|1757825278
|gametype|singles
|player|p1|regas_2706|169|1104
|player|p2|Running to Im|170|1113
|gen|9
|tier|[Gen 9] OU
|rated|
|rule|HP Percentage Mod: HP is shown in percentages
|rule|Endless Battle Clause: Forcing endless battles is banned
|rule|Species Clause: Limit one of each Pokémon
|rule|OHKO Clause: OHKO moves are banned
|rule|Evasion Items Clause: Evasion items are banned
|rule|Evasion Moves Clause: Evasion moves are banned
|rule|Evasion Abilities Clause: Evasion abilities are banned
|rule|Sleep Moves Clause: Sleep-inducing moves are banned
|clearpoke
|poke|p1|Hippowdon, F|
|poke|p1|Excadrill, F|
|poke|p1|Corviknight, F|
|poke|p1|Dragapult, M|
|poke|p1|Rotom-Wash|
|poke|p1|Garganacl, F|
|poke|p2|Raichu, F|
|poke|p2|Keldeo-Resolute|
|poke|p2|Iron Treads|
|poke|p2|Moltres|
|poke|p2|Sinistcha|
|poke|p2|Slowking-Galar, F|
|teampreview
|
|t:|1757825283
|teamsize|p1|6
|teamsize|p2|6
|start
|switch|p1a: Hippowdon|Hippowdon, F|100/100
|switch|p2a: Raichu|Raichu, F, shiny|100/100
|-weather|Sandstorm|[from] ability: Sand Stream|[of] p1a: Hippowdon
|turn|1
|
|t:|1757825290
|move|p2a: Raichu|Grass Knot|p1a: Hippowdon
|-supereffective|p1a: Hippowdon
|-damage|p1a: Hippowdon|11/100
|move|p1a: Hippowdon|Stealth Rock|p2a: Raichu
|-sidestart|p2: Running to Im|move: Stealth Rock
|
|-weather|Sandstorm|[upkeep]
|-damage|p2a: Raichu|94/100|[from] Sandstorm
|-heal|p1a: Hippowdon|18/100|[from] item: Leftovers
|upkeep
|turn|2
|inactive|Battle timer is ON: inactive players will automatically lose when time's up. (requested by Running to Im)
|
|t:|1757825298
|move|p2a: Raichu|Grass Knot|p1a: Hippowdon
|-supereffective|p1a: Hippowdon
|-damage|p1a: Hippowdon|0 fnt
|faint|p1a: Hippowdon
|
|-weather|Sandstorm|[upkeep]
|-damage|p2a: Raichu|88/100|[from] Sandstorm
|upkeep
|
|t:|1757825302
|switch|p1a: Excadrill|Excadrill, F|100/100
|turn|3
|
|t:|1757825310
|switch|p2a: Moltres|Moltres|100/100
|move|p1a: Excadrill|Earthquake|p2a: Moltres
|-immune|p2a: Moltres
|
|-weather|Sandstorm|[upkeep]
|-damage|p2a: Moltres|94/100|[from] Sandstorm
|upkeep
|turn|4
|
|t:|1757825327
|switch|p1a: Garganacl|Garganacl, F|100/100
|move|p2a: Moltres|Flamethrower|p1a: Garganacl
|-resisted|p1a: Garganacl
|-damage|p1a: Garganacl|92/100
|
|-weather|Sandstorm|[upkeep]
|-damage|p2a: Moltres|88/100|[from] Sandstorm
|-heal|p1a: Garganacl|99/100|[from] item: Leftovers
|upkeep
|turn|5
|
|t:|1757825336
|move|p2a: Moltres|U-turn|p1a: Garganacl
|-damage|p1a: Garganacl|89/100
|
|t:|1757825338
|switch|p2a: Iron Treads|Iron Treads|100/100|[from] U-turn
|-damage|p2a: Iron Treads|97/100|[from] Stealth Rock
|move|p1a: Garganacl|Salt Cure|p2a: Iron Treads
|-resisted|p2a: Iron Treads
|-damage|p2a: Iron Treads|95/100
|-start|p2a: Iron Treads|Salt Cure
|
|-weather|none
|-heal|p2a: Iron Treads|100/100|[from] item: Leftovers
|-heal|p1a: Garganacl|96/100|[from] item: Leftovers
|-damage|p2a: Iron Treads|75/100|[from] Salt Cure
|upkeep
|turn|6
|
|t:|1757825351
|move|p1a: Garganacl|Protect|p1a: Garganacl
|-singleturn|p1a: Garganacl|Protect
|move|p2a: Iron Treads|Knock Off|p1a: Garganacl
|-activate|p1a: Garganacl|move: Protect
|
|-heal|p2a: Iron Treads|82/100|[from] item: Leftovers
|-heal|p1a: Garganacl|100/100|[from] item: Leftovers
|-damage|p2a: Iron Treads|57/100|[from] Salt Cure
|upkeep
|turn|7
|
|t:|1757825364
|move|p2a: Iron Treads|Rapid Spin|p1a: Garganacl
|-resisted|p1a: Garganacl
|-crit|p1a: Garganacl
|-damage|p1a: Garganacl|94/100
|-boost|p2a: Iron Treads|spe|1
|-sideend|p2: Running to Im|Stealth Rock|[from] move: Rapid Spin|[of] p2a: Iron Treads
|move|p1a: Garganacl|Iron Defense|p1a: Garganacl
|-boost|p1a: Garganacl|def|2
|
|-heal|p2a: Iron Treads|63/100|[from] item: Leftovers
|-heal|p1a: Garganacl|99/100|[from] item: Leftovers
|-damage|p2a: Iron Treads|38/100|[from] Salt Cure
|upkeep
|turn|8
|
|t:|1757825370
|move|p2a: Iron Treads|Knock Off|p1a: Garganacl
|-damage|p1a: Garganacl|92/100
|-enditem|p1a: Garganacl|Leftovers|[from] move: Knock Off|[of] p2a: Iron Treads
|move|p1a: Garganacl|Iron Defense|p1a: Garganacl
|-boost|p1a: Garganacl|def|2
|
|-heal|p2a: Iron Treads|44/100|[from] item: Leftovers
|-damage|p2a: Iron Treads|19/100|[from] Salt Cure
|upkeep
|turn|9
|
|t:|1757825375
|move|p2a: Iron Treads|Stealth Rock|p1a: Garganacl
|-sidestart|p1: regas_2706|move: Stealth Rock
|move|p1a: Garganacl|Iron Defense|p1a: Garganacl
|-boost|p1a: Garganacl|def|2
|
|-heal|p2a: Iron Treads|25/100|[from] item: Leftovers
|-damage|p2a: Iron Treads|0 fnt|[from] Salt Cure
|faint|p2a: Iron Treads
|-end|p2a: Iron Treads|Quark Drive|[silent]
|upkeep
|
|t:|1757825377
|switch|p2a: Raichu|Raichu, F, shiny|88/100
|turn|10
|
|t:|1757825385
|move|p2a: Raichu|Grass Knot|p1a: Garganacl
|-supereffective|p1a: Garganacl
|-damage|p1a: Garganacl|29/100
|move|p1a: Garganacl|Salt Cure|p2a: Raichu
|-damage|p2a: Raichu|57/100
|-start|p2a: Raichu|Salt Cure
|
|-damage|p2a: Raichu|45/100|[from] Salt Cure
|upkeep
|turn|11
|
|t:|1757825389
|move|p1a: Garganacl|Protect|p1a: Garganacl
|-singleturn|p1a: Garganacl|Protect
|move|p2a: Raichu|Grass Knot|p1a: Garganacl
|-activate|p1a: Garganacl|move: Protect
|
|-damage|p2a: Raichu|33/100|[from] Salt Cure
|upkeep
|turn|12
|
|t:|1757825394
|move|p2a: Raichu|Grass Knot|p1a: Garganacl
|-supereffective|p1a: Garganacl
|-damage|p1a: Garganacl|0 fnt
|faint|p1a: Garganacl
|
|-damage|p2a: Raichu|20/100|[from] Salt Cure
|upkeep
|
|t:|1757825399
|switch|p1a: Excadrill|Excadrill, F|100/100
|-damage|p1a: Excadrill|97/100|[from] Stealth Rock
|turn|13
|
|t:|1757825402
|switch|p2a: Moltres|Moltres|88/100
|move|p1a: Excadrill|Rapid Spin|p2a: Moltres
|-damage|p2a: Moltres|73/100
|-boost|p1a: Excadrill|spe|1
|-status|p1a: Excadrill|brn|[from] ability: Flame Body|[of] p2a: Moltres
|-sideend|p1: regas_2706|Stealth Rock|[from] move: Rapid Spin|[of] p1a: Excadrill
|-damage|p1a: Excadrill|87/100 brn|[from] item: Life Orb
|
|-damage|p1a: Excadrill|81/100 brn|[from] brn
|upkeep
|turn|14
|
|t:|1757825411
|-terastallize|p1a: Excadrill|Ground
|move|p1a: Excadrill|Rock Slide|p2a: Moltres
|-supereffective|p2a: Moltres
|-damage|p2a: Moltres|26/100
|-damage|p1a: Excadrill|71/100 brn|[from] item: Life Orb
|move|p2a: Moltres|U-turn|p1a: Excadrill
|-damage|p1a: Excadrill|51/100 brn
|
|t:|1757825421
|switch|p2a: Keldeo|Keldeo-Resolute|100/100|[from] U-turn
|
|-damage|p1a: Excadrill|45/100 brn|[from] brn
|upkeep
|turn|15
|
|t:|1757825439
|switch|p1a: Rotom|Rotom-Wash|100/100
|switch|p2a: Moltres|Moltres|26/100
|
|upkeep
|turn|16
|
|t:|1757825444
|switch|p2a: Slowking|Slowking-Galar, F|100/100
|move|p1a: Rotom|Volt Switch|p2a: Slowking
|-damage|p2a: Slowking|85/100
|
|t:|1757825451
|switch|p1a: Corviknight|Corviknight, F|100/100|[from] Volt Switch
|-ability|p1a: Corviknight|Pressure
|
|upkeep
|turn|17
|
|t:|1757825461
|move|p1a: Corviknight|Brave Bird|p2a: Slowking
|-damage|p2a: Slowking|48/100
|-damage|p1a: Corviknight|89/100|[from] Recoil
|move|p2a: Slowking|Thunder Wave|p1a: Corviknight
|-status|p1a: Corviknight|par
|
|upkeep
|turn|18
|
|t:|1757825468
|move|p1a: Corviknight|U-turn|p2a: Slowking
|-crit|p2a: Slowking
|-damage|p2a: Slowking|27/100
|
|t:|1757825475
|switch|p1a: Excadrill|Excadrill, F, tera:Ground|45/100 brn|[from] U-turn
|move|p2a: Slowking|Future Sight|p1a: Excadrill
|-start|p2a: Slowking|move: Future Sight
|
|-damage|p1a: Excadrill|39/100 brn|[from] brn
|upkeep
|turn|19
|
|t:|1757825479
|switch|p2a: Moltres|Moltres|26/100
|move|p1a: Excadrill|Rapid Spin|p2a: Moltres
|-damage|p2a: Moltres|18/100
|-boost|p1a: Excadrill|spe|1
|-damage|p1a: Excadrill|29/100 brn|[from] item: Life Orb
|
|-damage|p1a: Excadrill|23/100 brn|[from] brn
|upkeep
|turn|20
|
|t:|1757825483
|move|p1a: Excadrill|Rapid Spin|p2a: Moltres
|-damage|p2a: Moltres|10/100
|-boost|p1a: Excadrill|spe|1
|-damage|p1a: Excadrill|13/100 brn|[from] item: Life Orb
|move|p2a: Moltres|Roost|p2a: Moltres
|-heal|p2a: Moltres|60/100
|-singleturn|p2a: Moltres|move: Roost
|
|-end|p1a: Excadrill|move: Future Sight
|-damage|p1a: Excadrill|0 fnt
|faint|p1a: Excadrill
|upkeep
|
|t:|1757825489
|switch|p1a: Rotom|Rotom-Wash|100/100
|turn|21
|
|t:|1757825495
|switch|p2a: Raichu|Raichu, F, shiny|20/100
|move|p1a: Rotom|Hydro Pump|p2a: Raichu
|-damage|p2a: Raichu|0 fnt
|faint|p2a: Raichu
|
|upkeep
|
|t:|1757825500
|switch|p2a: Sinistcha|Sinistcha|100/100
|turn|22
|
|t:|1757825509
|move|p1a: Rotom|Volt Switch|p2a: Sinistcha
|-resisted|p2a: Sinistcha
|-damage|p2a: Sinistcha|85/100
|
|t:|1757825511
|switch|p1a: Corviknight|Corviknight, F|89/100 par|[from] Volt Switch
|-ability|p1a: Corviknight|Pressure
|move|p2a: Sinistcha|Calm Mind|p2a: Sinistcha
|-boost|p2a: Sinistcha|spa|1
|-boost|p2a: Sinistcha|spd|1
|
|-heal|p2a: Sinistcha|91/100|[from] item: Leftovers
|upkeep
|turn|23
|
|t:|1757825519
|-terastallize|p2a: Sinistcha|Poison
|move|p2a: Sinistcha|Calm Mind|p2a: Sinistcha
|-boost|p2a: Sinistcha|spa|1
|-boost|p2a: Sinistcha|spd|1
|move|p1a: Corviknight|U-turn|p2a: Sinistcha
|-resisted|p2a: Sinistcha
|-damage|p2a: Sinistcha|86/100
|
|t:|1757825526
|switch|p1a: Dragapult|Dragapult, M|100/100|[from] U-turn
|
|-heal|p2a: Sinistcha|92/100|[from] item: Leftovers
|upkeep
|turn|24
|
|t:|1757825530
|move|p1a: Dragapult|Sucker Punch|p2a: Sinistcha
|-damage|p2a: Sinistcha|70/100
|move|p2a: Sinistcha|Shadow Ball|p1a: Dragapult
|-supereffective|p1a: Dragapult
|-damage|p1a: Dragapult|0 fnt
|faint|p1a: Dragapult
|
|-heal|p2a: Sinistcha|76/100|[from] item: Leftovers
|upkeep
|
|t:|1757825535
|switch|p1a: Corviknight|Corviknight, F|89/100 par
|-ability|p1a: Corviknight|Pressure
|turn|25
|
|t:|1757825539
|move|p2a: Sinistcha|Calm Mind|p2a: Sinistcha
|-boost|p2a: Sinistcha|spa|1
|-boost|p2a: Sinistcha|spd|1
|move|p1a: Corviknight|Brave Bird|p2a: Sinistcha
|-damage|p2a: Sinistcha|49/100
|-damage|p1a: Corviknight|81/100 par|[from] Recoil
|
|-heal|p2a: Sinistcha|55/100|[from] item: Leftovers
|upkeep
|turn|26
|
|t:|1757825543
|move|p2a: Sinistcha|Strength Sap|p1a: Corviknight
|-unboost|p1a: Corviknight|atk|1
|-heal|p2a: Sinistcha|100/100
|move|p1a: Corviknight|U-turn|p2a: Sinistcha
|-resisted|p2a: Sinistcha
|-damage|p2a: Sinistcha|97/100
|
|t:|1757825547
|switch|p1a: Rotom|Rotom-Wash|100/100|[from] U-turn
|
|-heal|p2a: Sinistcha|100/100|[from] item: Leftovers
|upkeep
|turn|27
|
|t:|1757825552
|move|p1a: Rotom|Hydro Pump|p2a: Sinistcha
|-damage|p2a: Sinistcha|80/100
|move|p2a: Sinistcha|Shadow Ball|p1a: Rotom
|-crit|p1a: Rotom
|-damage|p1a: Rotom|0 fnt
|faint|p1a: Rotom
|
|-heal|p2a: Sinistcha|86/100|[from] item: Leftovers
|upkeep
|
|t:|1757825555
|switch|p1a: Corviknight|Corviknight, F|81/100 par
|-ability|p1a: Corviknight|Pressure
|turn|28
|
|t:|1757825577
|move|p2a: Sinistcha|Shadow Ball|p1a: Corviknight
|-damage|p1a: Corviknight|12/100 par
|cant|p1a: Corviknight|par
|
|-heal|p2a: Sinistcha|92/100|[from] item: Leftovers
|upkeep
|turn|29
|
|t:|1757825586
|move|p2a: Sinistcha|Shadow Ball|p1a: Corviknight
|-crit|p1a: Corviknight
|-damage|p1a: Corviknight|0 fnt
|faint|p1a: Corviknight
|
|win|Running to Im
|raw|regas_2706's rating: 1104 &rarr; <strong>1080</strong><br />(-24 for losing)
|raw|Running to Im's rating: 1113 &rarr; <strong>1137</strong><br />(+24 for winning)
|l|☆regas_2706
|player|p1|
|l|☆Running to Im
|player|p2|
