|j|☆damorush
|j|☆Naz-sama
|t:|1757917018
|gametype|singles
|player|p1|damorush|169|1488
|player|p2|Naz-sama|lady|1594
|gen|9
|tier|[Gen 9] OU
|rated|
|rule|HP Percentage Mod: HP is shown in percentages
|rule|Endless Battle Clause: Forcing endless battles is banned
|rule|Species Clause: Limit one of each Pokémon
|rule|OHKO Clause: OHKO moves are banned
|rule|Evasion Items Clause: Evasion items are banned
|rule|Evasion Moves Clause: Evasion moves are banned
|rule|Evasion Abilities Clause: Evasion abilities are banned
|rule|Sleep Moves Clause: Sleep-inducing moves are banned
|clearpoke
|poke|p1|Glimmora, M|
|poke|p1|Zamazenta-*|
|poke|p1|Gholdengo|
|poke|p1|Iron Valiant|
|poke|p1|Dragonite, M|
|poke|p1|Ogerpon-Wellspring, F|
|poke|p2|Pelipper, M|
|poke|p2|Iron Treads|
|poke|p2|Hatterene, F|
|poke|p2|Toxicroak, F|
|poke|p2|Barraskewda, M|
|poke|p2|Talonflame, M|
|teampreview
|inactive|Battle timer is ON: inactive players will automatically lose when time's up. (requested by Naz-sama)
|inactive|Naz-sama has 120 seconds left.
|inactive|Naz-sama has 90 seconds left.
|
|t:|1757917095
|teamsize|p1|6
|teamsize|p2|6
|start
|switch|p1a: Glimmora|Glimmora, M|100/100
|switch|p2a: Barraskewda|Barraskewda, M|100/100
|turn|1
|
|t:|1757917107
|move|p2a: Barraskewda|Flip Turn|p1a: Glimmora
|-supereffective|p1a: Glimmora
|-enditem|p1a: Glimmora|Focus Sash
|-damage|p1a: Glimmora|1/100
|-activate|p1a: Glimmora|ability: Toxic Debris
|-sidestart|p2: Naz-sama|move: Toxic Spikes
|
|t:|1757917132
|switch|p2a: Pelipper|Pelipper, M|100/100|[from] Flip Turn
|-weather|RainDance|[from] ability: Drizzle|[of] p2a: Pelipper
|move|p1a: Glimmora|Stealth Rock|p2a: Pelipper
|-sidestart|p2: Naz-sama|move: Stealth Rock
|
|-weather|RainDance|[upkeep]
|upkeep
|turn|2
|inactive|damorush has 120 seconds left.
|
|t:|1757917166
|move|p1a: Glimmora|Power Gem|p2a: Pelipper
|-supereffective|p2a: Pelipper
|-damage|p2a: Pelipper|9/100
|move|p2a: Pelipper|Hurricane|p1a: Glimmora
|-resisted|p1a: Glimmora
|-damage|p1a: Glimmora|0 fnt
|faint|p1a: Glimmora
|
|-weather|RainDance|[upkeep]
|upkeep
|inactive|damorush has 120 seconds left.
|
|t:|1757917178
|switch|p1a: Ogerpon|Ogerpon-Wellspring, F|100/100
|turn|3
|
|t:|1757917183
|switch|p2a: Toxicroak|Toxicroak, F|100/100
|-sideend|p2: Naz-sama|move: Toxic Spikes|[of] p2a: Toxicroak
|-damage|p2a: Toxicroak|94/100|[from] Stealth Rock
|move|p1a: Ogerpon|Ivy Cudgel|p2a: Toxicroak|[anim] Ivy Cudgel Water
|-heal|p2a: Toxicroak|100/100|[from] ability: Dry Skin|[of] p1a: Ogerpon
|
|-weather|RainDance|[upkeep]
|upkeep
|turn|4
|
|t:|1757917192
|move|p1a: Ogerpon|Play Rough|p2a: Toxicroak
|-damage|p2a: Toxicroak|70/100
|-damage|p1a: Ogerpon|84/100|[from] item: Rocky Helmet|[of] p2a: Toxicroak
|move|p2a: Toxicroak|Knock Off|p1a: Ogerpon
|-damage|p1a: Ogerpon|62/100
|
|-weather|RainDance|[upkeep]
|-heal|p2a: Toxicroak|83/100|[from] ability: Dry Skin
|upkeep
|turn|5
|
|t:|1757917200
|switch|p1a: Gholdengo|Gholdengo|100/100
|-item|p1a: Gholdengo|Air Balloon
|move|p2a: Toxicroak|Encore|p1a: Gholdengo
|-immune|p1a: Gholdengo|[from] ability: Good as Gold
|
|-weather|RainDance|[upkeep]
|-heal|p2a: Toxicroak|95/100|[from] ability: Dry Skin
|upkeep
|turn|6
|
|t:|1757917207
|move|p1a: Gholdengo|Make It Rain|p2a: Toxicroak
|-damage|p2a: Toxicroak|19/100
|-unboost|p1a: Gholdengo|spa|1
|move|p2a: Toxicroak|Knock Off|p1a: Gholdengo
|-supereffective|p1a: Gholdengo
|-damage|p1a: Gholdengo|48/100
|-enditem|p1a: Gholdengo|Air Balloon
|
|-weather|RainDance|[upkeep]
|-heal|p2a: Toxicroak|31/100|[from] ability: Dry Skin
|upkeep
|turn|7
|
|t:|1757917221
|switch|p2a: Iron Treads|Iron Treads|100/100
|-damage|p2a: Iron Treads|97/100|[from] Stealth Rock
|move|p1a: Gholdengo|Make It Rain|p2a: Iron Treads
|-resisted|p2a: Iron Treads
|-damage|p2a: Iron Treads|79/100
|-unboost|p1a: Gholdengo|spa|1
|
|-weather|RainDance|[upkeep]
|-heal|p2a: Iron Treads|85/100|[from] item: Leftovers
|upkeep
|turn|8
|
|t:|1757917232
|move|p1a: Gholdengo|Focus Blast|p2a: Iron Treads
|-supereffective|p2a: Iron Treads
|-damage|p2a: Iron Treads|51/100
|move|p2a: Iron Treads|Stealth Rock|p1a: Gholdengo
|-sidestart|p1: damorush|move: Stealth Rock
|
|-weather|none
|-heal|p2a: Iron Treads|57/100|[from] item: Leftovers
|upkeep
|turn|9
|
|t:|1757917240
|move|p1a: Gholdengo|Focus Blast|p2a: Iron Treads|[miss]
|-miss|p1a: Gholdengo|p2a: Iron Treads
|move|p2a: Iron Treads|Earthquake|p1a: Gholdengo
|-supereffective|p1a: Gholdengo
|-damage|p1a: Gholdengo|0 fnt
|faint|p1a: Gholdengo
|
|-heal|p2a: Iron Treads|63/100|[from] item: Leftovers
|upkeep
|
|t:|1757917242
|switch|p1a: Ogerpon|Ogerpon-Wellspring, F|62/100
|-damage|p1a: Ogerpon|50/100|[from] Stealth Rock
|turn|10
|
|t:|1757917255
|-end|p2a: Iron Treads|Quark Drive|[silent]
|switch|p2a: Toxicroak|Toxicroak, F|31/100
|-damage|p2a: Toxicroak|25/100|[from] Stealth Rock
|move|p1a: Ogerpon|Power Whip|p2a: Toxicroak
|-resisted|p2a: Toxicroak
|-damage|p2a: Toxicroak|0 fnt
|-damage|p1a: Ogerpon|33/100|[from] item: Rocky Helmet|[of] p2a: Toxicroak
|faint|p2a: Toxicroak
|
|upkeep
|
|t:|1757917274
|switch|p2a: Barraskewda|Barraskewda, M|100/100
|-damage|p2a: Barraskewda|88/100|[from] Stealth Rock
|turn|11
|
|t:|1757917277
|move|p2a: Barraskewda|Close Combat|p1a: Ogerpon
|-damage|p1a: Ogerpon|0 fnt
|-unboost|p2a: Barraskewda|def|1
|-unboost|p2a: Barraskewda|spd|1
|faint|p1a: Ogerpon
|
|upkeep
|
|t:|1757917281
|switch|p1a: Dragonite|Dragonite, M|100/100
|turn|12
|
|t:|1757917292
|switch|p2a: Iron Treads|Iron Treads|63/100
|-damage|p2a: Iron Treads|60/100|[from] Stealth Rock
|move|p1a: Dragonite|Dragon Dance|p1a: Dragonite
|-boost|p1a: Dragonite|atk|1
|-boost|p1a: Dragonite|spe|1
|
|-heal|p2a: Iron Treads|66/100|[from] item: Leftovers
|upkeep
|turn|13
|inactive|damorush has 120 seconds left.
|
|t:|1757917322
|-terastallize|p2a: Iron Treads|Ghost
|move|p1a: Dragonite|Earthquake|p2a: Iron Treads
|-damage|p2a: Iron Treads|27/100
|move|p2a: Iron Treads|Rapid Spin|p1a: Dragonite
|-damage|p1a: Dragonite|93/100
|-boost|p2a: Iron Treads|spe|1
|-sideend|p2: Naz-sama|Stealth Rock|[from] move: Rapid Spin|[of] p2a: Iron Treads
|
|-heal|p2a: Iron Treads|34/100|[from] item: Leftovers
|upkeep
|turn|14
|inactive|damorush has 120 seconds left.
|
|t:|1757917339
|-terastallize|p1a: Dragonite|Flying
|move|p1a: Dragonite|Dragon Dance|p1a: Dragonite
|-boost|p1a: Dragonite|atk|1
|-boost|p1a: Dragonite|spe|1
|move|p2a: Iron Treads|Volt Switch|p1a: Dragonite
|-supereffective|p1a: Dragonite
|-damage|p1a: Dragonite|70/100
|
|t:|1757917358
|-end|p2a: Iron Treads|Quark Drive|[silent]
|switch|p2a: Pelipper|Pelipper, M|9/100|[from] Volt Switch
|-weather|RainDance|[from] ability: Drizzle|[of] p2a: Pelipper
|
|-weather|RainDance|[upkeep]
|upkeep
|turn|15
|inactive|Naz-sama has 120 seconds left.
|
|t:|1757917384
|move|p1a: Dragonite|Dragon Dance|p1a: Dragonite
|-boost|p1a: Dragonite|atk|1
|-boost|p1a: Dragonite|spe|1
|move|p2a: Pelipper|U-turn|p1a: Dragonite
|-resisted|p1a: Dragonite
|-damage|p1a: Dragonite|65/100
|
|t:|1757917388
|switch|p2a: Talonflame|Talonflame, M|100/100|[from] U-turn
|
|-weather|RainDance|[upkeep]
|upkeep
|turn|16
|
|t:|1757917391
|move|p2a: Talonflame|Hurricane|p1a: Dragonite
|-damage|p1a: Dragonite|0 fnt
|faint|p1a: Dragonite
|
|-weather|RainDance|[upkeep]
|upkeep
|-message|damorush forfeited.
|
|win|Naz-sama
|raw|damorush's rating: 1488 &rarr; <strong>1474</strong><br />(-14 for losing)
|raw|Naz-sama's rating: 1594 &rarr; <strong>1608</strong><br />(+14 for winning)
|l|☆damorush
|player|p1|
|l|☆Naz-sama
|player|p2|
