|j|‽DiceyRice
|j|☆lolproplayer
|t:|1757802718
|gametype|singles
|player|p1|DiceyRice|hilda-wonderlauncher|1672
|player|p2|lolproplayer|pokekid|1581
|gen|9
|tier|[Gen 9] OU
|rated|
|rule|HP Percentage Mod: HP is shown in percentages
|rule|Endless Battle Clause: Forcing endless battles is banned
|rule|Species Clause: Limit one of each Pokémon
|rule|OHKO Clause: OHKO moves are banned
|rule|Evasion Items Clause: Evasion items are banned
|rule|Evasion Moves Clause: Evasion moves are banned
|rule|Evasion Abilities Clause: Evasion abilities are banned
|rule|Sleep Moves Clause: Sleep-inducing moves are banned
|clearpoke
|poke|p1|Indeedee, M|
|poke|p1|Hatterene, F|
|poke|p1|Armarouge, F|
|poke|p1|Cinderace, F|
|poke|p1|Ursaluna, F|
|poke|p1|Porygon2|
|poke|p2|Ursaluna, F|
|poke|p2|Cresselia, F|
|poke|p2|Iron Hands|
|poke|p2|Volcanion|
|poke|p2|Hatterene, F|
|poke|p2|Porygon2|
|teampreview
|inactive|Battle timer is ON: inactive players will automatically lose when time's up. (requested by lolproplayer)
|c|☆lolproplayer|woah
|inactive|lolproplayer has 120 seconds left.
|
|t:|1757802753
|teamsize|p1|6
|teamsize|p2|6
|start
|switch|p1a: Ursaluna|Ursaluna, F|100/100
|switch|p2a: Molester|Volcanion|100/100
|turn|1
|
|t:|1757802781
|-terastallize|p1a: Ursaluna|Normal
|move|p2a: Molester|Steam Eruption|p1a: Ursaluna
|-damage|p1a: Ursaluna|18/100
|move|p1a: Ursaluna|Headlong Rush|p2a: Molester
|-supereffective|p2a: Molester
|-damage|p2a: Molester|0 fnt
|-unboost|p1a: Ursaluna|def|1
|-unboost|p1a: Ursaluna|spd|1
|faint|p2a: Molester
|
|-status|p1a: Ursaluna|brn|[from] item: Flame Orb
|upkeep
|inactive|lolproplayer has 120 seconds left.
|
|t:|1757802795
|switch|p2a: Neckless|Porygon2|100/100
|-ability|p2a: Neckless|Download|boost
|-boost|p2a: Neckless|spa|1
|turn|2
|
|t:|1757802800
|switch|p1a: Indeedee|Indeedee, M|100/100
|-fieldstart|move: Psychic Terrain|[from] ability: Psychic Surge|[of] p1a: Indeedee
|move|p2a: Neckless|Tera Blast|p1a: Indeedee
|-damage|p1a: Indeedee|20/100
|
|upkeep
|turn|3
|
|t:|1757802813
|move|p1a: Indeedee|Healing Wish|p1a: Indeedee
|faint|p1a: Indeedee
|move|p2a: Neckless|Tera Blast|p1: Indeedee|[notarget]
|-fail|p2a: Neckless
|
|upkeep
|
|t:|1757802823
|switch|p1a: Cinderace|Cinderace, F|100/100
|turn|4
|
|t:|1757802839
|move|p1a: Cinderace|High Jump Kick|p2a: Neckless
|-start|p1a: Cinderace|typechange|Fighting|[from] ability: Libero
|-supereffective|p2a: Neckless
|-crit|p2a: Neckless
|-damage|p2a: Neckless|0 fnt
|faint|p2a: Neckless
|
|upkeep
|
|t:|1757802853
|switch|p2a: big mike|Iron Hands|100/100
|-enditem|p2a: big mike|Booster Energy
|-activate|p2a: big mike|ability: Quark Drive|[fromitem]
|-start|p2a: big mike|quarkdriveatk
|turn|5
|
|t:|1757802858
|switch|p1a: Hatterene|Hatterene, F|100/100
|move|p2a: big mike|Swords Dance|p2a: big mike
|-boost|p2a: big mike|atk|2
|
|upkeep
|turn|6
|
|t:|1757802869
|move|p1a: Hatterene|Psychic Noise|p2a: big mike
|-supereffective|p2a: big mike
|-damage|p2a: big mike|15/100
|-start|p2a: big mike|move: Heal Block
|move|p2a: big mike|Wild Charge|p1a: Hatterene
|-damage|p1a: Hatterene|0 fnt
|-damage|p2a: big mike|0 fnt|[from] item: Rocky Helmet|[of] p1a: Hatterene
|faint|p1a: Hatterene
|faint|p2a: big mike
|-end|p2a: big mike|Quark Drive|[silent]
|
|upkeep
|
|t:|1757802882
|switch|p1a: Ursaluna|Ursaluna, F, tera:Normal|18/100 brn
|switch|p2a: queer|Hatterene, F|100/100
|-heal|p1a: Ursaluna|100/100|[from] move: Healing Wish
|turn|7
|
|t:|1757802888
|move|p1a: Ursaluna|Swords Dance|p1a: Ursaluna
|-boost|p1a: Ursaluna|atk|2
|move|p2a: queer|Trick Room|p2a: queer
|-fieldstart|move: Trick Room|[of] p2a: queer
|
|-status|p1a: Ursaluna|brn|[from] item: Flame Orb
|upkeep
|turn|8
|
|t:|1757802899
|move|p2a: queer|Psychic Noise|p1a: Ursaluna
|-damage|p1a: Ursaluna|50/100 brn
|-start|p1a: Ursaluna|move: Heal Block
|move|p1a: Ursaluna|Facade|p2a: queer
|-enditem|p2a: queer|Focus Sash
|-damage|p2a: queer|1/100
|
|-damage|p1a: Ursaluna|44/100 brn|[from] brn
|upkeep
|turn|9
|
|t:|1757802912
|switch|p1a: Armarouge|Armarouge, F|100/100
|move|p2a: queer|Psychic Noise|p1a: Armarouge
|-resisted|p1a: Armarouge
|-damage|p1a: Armarouge|65/100
|-start|p1a: Armarouge|move: Heal Block
|
|-fieldend|move: Psychic Terrain
|upkeep
|turn|10
|
|t:|1757802928
|move|p2a: queer|Healing Wish|p2a: queer
|faint|p2a: queer
|move|p1a: Armarouge|Expanding Force|p2: queer|[notarget]
|-fail|p1a: Armarouge
|
|-end|p1a: Armarouge|move: Heal Block
|upkeep
|
|t:|1757802934
|switch|p2a: AssFrasser|Ursaluna, F|100/100
|turn|11
|
|t:|1757802938
|move|p1a: Armarouge|Endure|p1a: Armarouge
|-singleturn|p1a: Armarouge|move: Endure
|move|p2a: AssFrasser|Headlong Rush|p1a: Armarouge
|-supereffective|p1a: Armarouge
|-activate|p1a: Armarouge|move: Endure
|-damage|p1a: Armarouge|1/100
|-unboost|p2a: AssFrasser|def|1
|-unboost|p2a: AssFrasser|spd|1
|-ability|p1a: Armarouge|Weak Armor|boost
|-unboost|p1a: Armarouge|def|1
|-boost|p1a: Armarouge|spe|2
|-enditem|p1a: Armarouge|Weakness Policy
|-boost|p1a: Armarouge|atk|2|[from] item: Weakness Policy
|-boost|p1a: Armarouge|spa|2|[from] item: Weakness Policy
|
|-fieldend|move: Trick Room
|-status|p2a: AssFrasser|brn|[from] item: Flame Orb
|upkeep
|turn|12
|j| just-jaype
|inactive|lolproplayer has 120 seconds left.
|
|t:|1757802966
|switch|p2a: Moonboy|Cresselia, F, shiny|100/100
|move|p1a: Armarouge|Armor Cannon|p2a: Moonboy
|-damage|p2a: Moonboy|30/100
|-unboost|p1a: Armarouge|def|1
|-unboost|p1a: Armarouge|spd|1
|
|upkeep
|turn|13
|-message|lolproplayer forfeited.
|
|win|DiceyRice
|raw|DiceyRice's rating: 1672 &rarr; <strong>1687</strong><br />(+15 for winning)
|raw|lolproplayer's rating: 1581 &rarr; <strong>1566</strong><br />(-15 for losing)
|l| just-jaype
