|j|☆Malakos
|j|☆romandlui
|t:|1757954646
|gametype|singles
|player|p1|Malakos|169|1370
|player|p2|romandlui|170|1471
|gen|9
|tier|[Gen 9] OU
|rated|
|rule|HP Percentage Mod: HP is shown in percentages
|rule|Endless Battle Clause: Forcing endless battles is banned
|rule|Species Clause: Limit one of each Pokémon
|rule|OHKO Clause: OHKO moves are banned
|rule|Evasion Items Clause: Evasion items are banned
|rule|Evasion Moves Clause: Evasion moves are banned
|rule|Evasion Abilities Clause: Evasion abilities are banned
|rule|Sleep Moves Clause: Sleep-inducing moves are banned
|clearpoke
|poke|p1|Glimmora, F|
|poke|p1|Kingambit, M|
|poke|p1|Darkrai|
|poke|p1|Zamazenta-*|
|poke|p1|Dragonite, F|
|poke|p1|Iron Valiant|
|poke|p2|Toucannon, M|
|poke|p2|Dragonite, M|
|poke|p2|Zamazenta-*|
|poke|p2|Iron Treads|
|poke|p2|Zapdos|
|poke|p2|Primarina, F|
|teampreview
|inactive|Battle timer is ON: inactive players will automatically lose when time's up. (requested by Malakos)
|
|t:|1757954652
|teamsize|p1|6
|teamsize|p2|6
|start
|switch|p1a: Glimmora|Glimmora, F|100/100
|switch|p2a: Eustass Kid|Iron Treads|100/100
|-item|p2a: Eustass Kid|Air Balloon
|turn|1
|
|t:|1757954661
|move|p2a: Eustass Kid|Earthquake|p1a: Glimmora
|-supereffective|p1a: Glimmora
|-enditem|p1a: Glimmora|Focus Sash
|-damage|p1a: Glimmora|1/100
|-activate|p1a: Glimmora|ability: Toxic Debris
|-sidestart|p2: romandlui|move: Toxic Spikes
|move|p1a: Glimmora|Stealth Rock|p2a: Eustass Kid
|-sidestart|p2: romandlui|move: Stealth Rock
|
|upkeep
|turn|2
|
|t:|1757954666
|move|p2a: Eustass Kid|Knock Off|p1a: Glimmora
|-damage|p1a: Glimmora|0 fnt
|-activate|p1a: Glimmora|ability: Toxic Debris
|-sidestart|p2: romandlui|move: Toxic Spikes
|faint|p1a: Glimmora
|
|upkeep
|
|t:|1757954673
|switch|p1a: Iron Valiant|Iron Valiant|100/100
|-enditem|p1a: Iron Valiant|Booster Energy
|-activate|p1a: Iron Valiant|ability: Quark Drive|[fromitem]
|-start|p1a: Iron Valiant|quarkdrivespe
|turn|3
|
|t:|1757954680
|-terastallize|p1a: Iron Valiant|Ghost
|-terastallize|p2a: Eustass Kid|Flying
|move|p1a: Iron Valiant|Shadow Ball|p2a: Eustass Kid
|-damage|p2a: Eustass Kid|47/100
|-enditem|p2a: Eustass Kid|Air Balloon
|move|p2a: Eustass Kid|Rapid Spin|p1a: Iron Valiant
|-immune|p1a: Iron Valiant
|
|upkeep
|turn|4
|
|t:|1757954688
|-end|p2a: Eustass Kid|Quark Drive|[silent]
|switch|p2a: Franky|Toucannon, M|100/100
|-damage|p2a: Franky|76/100|[from] Stealth Rock
|move|p1a: Iron Valiant|Shadow Ball|p2a: Franky
|-immune|p2a: Franky
|
|upkeep
|turn|5
|
|t:|1757954700
|-end|p1a: Iron Valiant|Quark Drive|[silent]
|switch|p1a: Dragonite|Dragonite, F|100/100
|-singleturn|p2a: Franky|move: Beak Blast
|move|p2a: Franky|Beak Blast|p1a: Dragonite
|-damage|p1a: Dragonite|69/100
|
|upkeep
|turn|6
|
|t:|1757954706
|move|p1a: Dragonite|Dragon Dance|p1a: Dragonite
|-boost|p1a: Dragonite|atk|1
|-boost|p1a: Dragonite|spe|1
|move|p2a: Franky|Rock Blast|p1a: Dragonite
|-supereffective|p1a: Dragonite
|-damage|p1a: Dragonite|49/100
|-supereffective|p1a: Dragonite
|-damage|p1a: Dragonite|30/100
|-supereffective|p1a: Dragonite
|-damage|p1a: Dragonite|9/100
|-supereffective|p1a: Dragonite
|-damage|p1a: Dragonite|0 fnt
|faint|p1a: Dragonite
|-hitcount|p1: Dragonite|4
|
|upkeep
|
|t:|1757954709
|switch|p1a: Darkrai|Darkrai|100/100
|turn|7
|
|t:|1757954715
|-singleturn|p2a: Franky|move: Beak Blast
|move|p1a: Darkrai|Sludge Bomb|p2a: Franky
|-damage|p2a: Franky|50/100
|move|p2a: Franky|Beak Blast|p1a: Darkrai
|-damage|p1a: Darkrai|33/100
|
|upkeep
|turn|8
|
|t:|1757954729
|switch|p1a: Kingambit|Kingambit, M|100/100
|-activate|p1a: Kingambit|ability: Supreme Overlord
|-start|p1a: Kingambit|fallen2|[silent]
|move|p2a: Franky|Brick Break|p1a: Kingambit
|-supereffective|p1a: Kingambit
|-damage|p1a: Kingambit|4/100
|
|upkeep
|turn|9
|
|t:|1757954732
|-singleturn|p2a: Franky|move: Beak Blast
|move|p1a: Kingambit|Sucker Punch|p2a: Franky
|-damage|p2a: Franky|0 fnt
|-status|p1a: Kingambit|brn
|faint|p2a: Franky
|
|-damage|p1a: Kingambit|0 fnt|[from] brn
|faint|p1a: Kingambit
|-end|p1a: Kingambit|fallen2|[silent]
|upkeep
|
|t:|1757954743
|switch|p1a: Darkrai|Darkrai|33/100
|switch|p2a: Eustass Kid|Iron Treads, tera:Flying|47/100
|-damage|p2a: Eustass Kid|22/100|[from] Stealth Rock
|turn|10
|
|t:|1757954749
|move|p1a: Darkrai|Dark Pulse|p2a: Eustass Kid
|-crit|p2a: Eustass Kid
|-damage|p2a: Eustass Kid|0 fnt
|faint|p2a: Eustass Kid
|-end|p2a: Eustass Kid|Quark Drive|[silent]
|
|upkeep
|
|t:|1757954751
|switch|p2a: Shirahoshi|Primarina, F|100/100
|-status|p2a: Shirahoshi|tox
|-damage|p2a: Shirahoshi|88/100 tox|[from] Stealth Rock
|turn|11
|
|t:|1757954758
|switch|p1a: Zamazenta|Zamazenta|100/100
|-ability|p1a: Zamazenta|Dauntless Shield|boost
|-boost|p1a: Zamazenta|def|1
|move|p2a: Shirahoshi|Moonblast|p1a: Zamazenta
|-supereffective|p1a: Zamazenta
|-damage|p1a: Zamazenta|20/100
|-unboost|p1a: Zamazenta|spa|1
|
|-heal|p1a: Zamazenta|26/100|[from] item: Leftovers
|-damage|p2a: Shirahoshi|82/100 tox|[from] psn
|upkeep
|turn|12
|
|t:|1757954764
|move|p1a: Zamazenta|Body Press|p2a: Shirahoshi
|-resisted|p2a: Shirahoshi
|-damage|p2a: Shirahoshi|55/100 tox
|move|p2a: Shirahoshi|Moonblast|p1a: Zamazenta
|-supereffective|p1a: Zamazenta
|-damage|p1a: Zamazenta|0 fnt
|faint|p1a: Zamazenta
|
|-damage|p2a: Shirahoshi|43/100 tox|[from] psn
|upkeep
|
|t:|1757954767
|switch|p1a: Darkrai|Darkrai|33/100
|turn|13
|
|t:|1757954771
|move|p1a: Darkrai|Sludge Bomb|p2a: Shirahoshi
|-supereffective|p2a: Shirahoshi
|-damage|p2a: Shirahoshi|10/100 tox
|move|p2a: Shirahoshi|Moonblast|p1a: Darkrai
|-supereffective|p1a: Darkrai
|-damage|p1a: Darkrai|0 fnt
|faint|p1a: Darkrai
|
|-damage|p2a: Shirahoshi|0 fnt|[from] psn
|faint|p2a: Shirahoshi
|upkeep
|
|t:|1757954777
|switch|p1a: Iron Valiant|Iron Valiant, tera:Ghost|100/100
|switch|p2a: Enel|Zapdos|100/100
|-damage|p2a: Enel|76/100|[from] Stealth Rock
|turn|14
|
|t:|1757954783
|move|p1a: Iron Valiant|Calm Mind|p1a: Iron Valiant
|-boost|p1a: Iron Valiant|spa|1
|-boost|p1a: Iron Valiant|spd|1
|move|p2a: Enel|Thunderbolt|p1a: Iron Valiant
|-damage|p1a: Iron Valiant|14/100
|-status|p1a: Iron Valiant|par
|
|upkeep
|turn|15
|c|☆romandlui|gg
|c|☆Malakos|..
|c|☆Malakos|more hax please
|
|t:|1757954793
|move|p2a: Enel|Thunderbolt|p1a: Iron Valiant
|-damage|p1a: Iron Valiant|0 fnt
|faint|p1a: Iron Valiant
|-end|p1a: Iron Valiant|Quark Drive|[silent]
|
|win|romandlui
|raw|Malakos's rating: 1370 &rarr; <strong>1356</strong><br />(-14 for losing)
|raw|romandlui's rating: 1471 &rarr; <strong>1485</strong><br />(+14 for winning)
|c|☆romandlui|buddy
|l|☆Malakos
|player|p1|
|c|☆romandlui|that didnt matter
|c|☆romandlui|xd
|l|☆romandlui
|player|p2|
