|j|☆TheJobApplication
|j|☆tea chai
|t:|1757929570
|gametype|singles
|player|p1|TheJobApplication|1|1399
|player|p2|tea chai|iris|1335
|gen|9
|tier|[Gen 9] OU
|rated|
|rule|HP Percentage Mod: HP is shown in percentages
|rule|Endless Battle Clause: Forcing endless battles is banned
|rule|Species Clause: Limit one of each Pokémon
|rule|OHKO Clause: OHKO moves are banned
|rule|Evasion Items Clause: Evasion items are banned
|rule|Evasion Moves Clause: Evasion moves are banned
|rule|Evasion Abilities Clause: Evasion abilities are banned
|rule|Sleep Moves Clause: Sleep-inducing moves are banned
|clearpoke
|poke|p1|Chandelure, F|
|poke|p1|Great Tusk|
|poke|p1|Kingambit, F|
|poke|p1|Dragapult, F|
|poke|p1|Rillaboom, F|
|poke|p1|Corviknight, M|
|poke|p2|Corviknight, M|
|poke|p2|Rillaboom, M|
|poke|p2|Iron Moth|
|poke|p2|Iron Treads|
|poke|p2|Primarina, M|
|poke|p2|Scyther, F|
|teampreview
|inactive|Battle timer is ON: inactive players will automatically lose when time's up. (requested by TheJobApplication)
|inactive|tea chai has 120 seconds left.
|inactive|tea chai has 90 seconds left.
|
|t:|1757929642
|teamsize|p1|6
|teamsize|p2|6
|start
|switch|p1a: Steven|Dragapult, F|100/100
|switch|p2a: Corviknight|Corviknight, M, shiny|100/100
|turn|1
|
|t:|1757929649
|move|p1a: Steven|U-turn|p2a: Corviknight
|-resisted|p2a: Corviknight
|-damage|p2a: Corviknight|98/100
|-damage|p1a: Steven|84/100|[from] item: Rocky Helmet|[of] p2a: Corviknight
|
|t:|1757929654
|switch|p1a: Evan|Corviknight, M|100/100|[from] U-turn
|-ability|p1a: Evan|Pressure
|move|p2a: Corviknight|U-turn|p1a: Evan
|-resisted|p1a: Evan
|-damage|p1a: Evan|98/100
|-damage|p2a: Corviknight|81/100|[from] item: Rocky Helmet|[of] p1a: Evan
|
|t:|1757929664
|switch|p2a: Iron Moth|Iron Moth|100/100|[from] U-turn
|
|upkeep
|turn|2
|
|t:|1757929681
|-end|p2a: Iron Moth|Quark Drive|[silent]
|switch|p2a: Primarina|Primarina, M|100/100
|switch|p1a: Lebron|Chandelure, F|100/100
|
|upkeep
|turn|3
|
|t:|1757929691
|switch|p1a: Nicholas|Rillaboom, F|100/100
|-fieldstart|move: Grassy Terrain|[from] ability: Grassy Surge|[of] p1a: Nicholas
|move|p2a: Primarina|Surf|p1a: Nicholas
|-resisted|p1a: Nicholas
|-damage|p1a: Nicholas|66/100
|
|-heal|p1a: Nicholas|72/100|[from] Grassy Terrain
|upkeep
|turn|4
|
|t:|1757929696
|switch|p2a: Corviknight|Corviknight, M, shiny|81/100
|move|p1a: Nicholas|Knock Off|p2a: Corviknight
|-damage|p2a: Corviknight|48/100
|-damage|p1a: Nicholas|56/100|[from] item: Rocky Helmet|[of] p2a: Corviknight
|-enditem|p2a: Corviknight|Rocky Helmet|[from] move: Knock Off|[of] p1a: Nicholas
|
|-heal|p1a: Nicholas|62/100|[from] Grassy Terrain
|upkeep
|turn|5
|
|t:|1757929705
|switch|p1a: Evan|Corviknight, M|98/100
|-ability|p1a: Evan|Pressure
|move|p2a: Corviknight|U-turn|p1a: Evan
|-resisted|p1a: Evan
|-damage|p1a: Evan|96/100
|-damage|p2a: Corviknight|31/100|[from] item: Rocky Helmet|[of] p1a: Evan
|
|t:|1757929712
|switch|p2a: Iron Moth|Iron Moth|100/100|[from] U-turn
|
|upkeep
|turn|6
|
|t:|1757929722
|-end|p2a: Iron Moth|Quark Drive|[silent]
|switch|p2a: Primarina|Primarina, M|100/100
|switch|p1a: Lebron|Chandelure, F|100/100
|
|upkeep
|turn|7
|
|t:|1757929731
|move|p1a: Lebron|Trick|p2a: Primarina
|-activate|p1a: Lebron|move: Trick|[of] p2a: Primarina
|-item|p2a: Primarina|Choice Scarf|[from] move: Trick
|-item|p1a: Lebron|Expert Belt|[from] move: Trick
|move|p2a: Primarina|Moonblast|p1a: Lebron
|-resisted|p1a: Lebron
|-damage|p1a: Lebron|60/100
|
|-heal|p1a: Lebron|66/100|[from] Grassy Terrain
|-fieldend|move: Grassy Terrain
|upkeep
|turn|8
|inactive|tea chai has 120 seconds left.
|inactive|tea chai has 90 seconds left.
|
|t:|1757929797
|switch|p2a: Iron Treads|Iron Treads|100/100
|move|p1a: Lebron|Fire Blast|p2a: Iron Treads
|-supereffective|p2a: Iron Treads
|-damage|p2a: Iron Treads|0 fnt
|faint|p2a: Iron Treads
|-end|p2a: Iron Treads|Quark Drive|[silent]
|
|upkeep
|-message|tea chai forfeited.
|
|win|TheJobApplication
|raw|TheJobApplication's rating: 1399 &rarr; <strong>1415</strong><br />(+16 for winning)
|raw|tea chai's rating: 1335 &rarr; <strong>1319</strong><br />(-16 for losing)
|l|☆tea chai
|player|p2|
|l|☆TheJobApplication
|player|p1|
