|j|☆foremostslam
|j|☆Blank_Playe_pract
|t:|1757798829
|gametype|singles
|player|p1|foremostslam|ballguy|1375
|player|p2|Blank_Playe_pract|266|1344
|gen|9
|tier|[Gen 9] OU
|rated|
|rule|HP Percentage Mod: HP is shown in percentages
|rule|Endless Battle Clause: Forcing endless battles is banned
|rule|Species Clause: Limit one of each Pokémon
|rule|OHKO Clause: OHKO moves are banned
|rule|Evasion Items Clause: Evasion items are banned
|rule|Evasion Moves Clause: Evasion moves are banned
|rule|Evasion Abilities Clause: Evasion abilities are banned
|rule|Sleep Moves Clause: Sleep-inducing moves are banned
|clearpoke
|poke|p1|Grimmsnarl, M|
|poke|p1|Hawlucha, F|
|poke|p1|Emboar, M|
|poke|p1|Hatterene, F|
|poke|p1|Rillaboom, M|
|poke|p1|Kyurem|
|poke|p2|Pikachu, M|
|poke|p2|Keldeo-Resolute|
|poke|p2|Iron Treads|
|poke|p2|Moltres|
|poke|p2|Sinistcha|
|poke|p2|Slowking-Galar, M|
|teampreview
|inactive|Battle timer is ON: inactive players will automatically lose when time's up. (requested by Blank_Playe_pract)
|
|t:|1757798837
|teamsize|p1|6
|teamsize|p2|6
|start
|switch|p1a: Grimmsnarl|Grimmsnarl, M|100/100
|switch|p2a: Pikachu|Pikachu, M|100/100
|turn|1
|
|t:|1757798842
|move|p1a: Grimmsnarl|Light Screen|p1a: Grimmsnarl
|-sidestart|p1: foremostslam|move: Light Screen
|move|p2a: Pikachu|Alluring Voice|p1a: Grimmsnarl
|-supereffective|p1a: Grimmsnarl
|-damage|p1a: Grimmsnarl|73/100
|
|upkeep
|turn|2
|
|t:|1757798847
|move|p1a: Grimmsnarl|Reflect|p1a: Grimmsnarl
|-sidestart|p1: foremostslam|Reflect
|move|p2a: Pikachu|Volt Switch|p1a: Grimmsnarl
|-damage|p1a: Grimmsnarl|57/100
|
|t:|1757798854
|switch|p2a: Iron Treads|Iron Treads|100/100|[from] Volt Switch
|
|upkeep
|turn|3
|
|t:|1757798857
|move|p1a: Grimmsnarl|Parting Shot|p2a: Iron Treads
|-unboost|p2a: Iron Treads|atk|1
|-unboost|p2a: Iron Treads|spa|1
|
|t:|1757798871
|switch|p1a: Rillaboom|Rillaboom, M, shiny|100/100|[from] Parting Shot
|-fieldstart|move: Grassy Terrain|[from] ability: Grassy Surge|[of] p1a: Rillaboom
|move|p2a: Iron Treads|Stealth Rock|p1a: Rillaboom
|-sidestart|p1: foremostslam|move: Stealth Rock
|
|upkeep
|turn|4
|inactive|foremostslam has 120 seconds left.
|
|t:|1757798901
|-end|p2a: Iron Treads|Quark Drive|[silent]
|switch|p2a: Moltres|Moltres|100/100
|move|p1a: Rillaboom|Swords Dance|p1a: Rillaboom
|-boost|p1a: Rillaboom|atk|2
|
|upkeep
|turn|5
|inactive|foremostslam has 120 seconds left.
|
|t:|1757798916
|switch|p1a: Emboar|Emboar, M, shiny|100/100
|-damage|p1a: Emboar|88/100|[from] Stealth Rock
|-item|p1a: Emboar|Air Balloon
|move|p2a: Moltres|Roost||[still]
|-fail|p2a: Moltres|heal
|
|upkeep
|turn|6
|
|t:|1757798928
|move|p1a: Emboar|Trailblaze|p2a: Moltres
|-resisted|p2a: Moltres
|-damage|p2a: Moltres|98/100
|-boost|p1a: Emboar|spe|1
|move|p2a: Moltres|U-turn|p1a: Emboar
|-resisted|p1a: Emboar
|-damage|p1a: Emboar|86/100
|-enditem|p1a: Emboar|Air Balloon
|
|t:|1757798937
|switch|p2a: Sinistcha|Sinistcha|100/100|[from] U-turn
|
|-heal|p1a: Emboar|92/100|[from] Grassy Terrain
|upkeep
|turn|7
|
|t:|1757798942
|move|p1a: Emboar|Flare Blitz|p2a: Sinistcha
|-supereffective|p2a: Sinistcha
|-damage|p2a: Sinistcha|54/100
|-status|p2a: Sinistcha|brn
|-damage|p1a: Emboar|77/100|[from] Recoil
|move|p2a: Sinistcha|Strength Sap|p1a: Emboar
|-unboost|p1a: Emboar|atk|1
|-heal|p2a: Sinistcha|100/100 brn
|
|-heal|p1a: Emboar|83/100|[from] Grassy Terrain
|-damage|p2a: Sinistcha|98/100 brn|[from] brn
|upkeep
|turn|8
|
|t:|1757798960
|switch|p1a: Kyurem|Kyurem, shiny|100/100
|-damage|p1a: Kyurem|76/100|[from] Stealth Rock
|-ability|p1a: Kyurem|Pressure
|move|p2a: Sinistcha|Calm Mind|p2a: Sinistcha
|-boost|p2a: Sinistcha|spa|1
|-boost|p2a: Sinistcha|spd|1
|
|-heal|p1a: Kyurem|82/100|[from] Grassy Terrain
|-heal|p2a: Sinistcha|100/100 brn|[from] Grassy Terrain
|-damage|p2a: Sinistcha|98/100 brn|[from] brn
|-sideend|p1: foremostslam|move: Light Screen
|upkeep
|turn|9
|
|t:|1757798969
|-terastallize|p2a: Sinistcha|Poison
|move|p1a: Kyurem|Icicle Spear|p2a: Sinistcha
|-damage|p2a: Sinistcha|89/100 brn
|-damage|p2a: Sinistcha|80/100 brn
|-damage|p2a: Sinistcha|71/100 brn
|-damage|p2a: Sinistcha|62/100 brn
|-hitcount|p2a: Sinistcha|4
|move|p2a: Sinistcha|Matcha Gotcha|p1a: Kyurem
|-resisted|p1a: Kyurem
|-damage|p1a: Kyurem|49/100
|-heal|p2a: Sinistcha|81/100 brn|[from] drain|[of] p1a: Kyurem
|
|-heal|p1a: Kyurem|55/100|[from] Grassy Terrain
|-heal|p2a: Sinistcha|87/100 brn|[from] Grassy Terrain
|-heal|p2a: Sinistcha|93/100 brn|[from] item: Leftovers
|-damage|p2a: Sinistcha|90/100 brn|[from] brn
|-sideend|p1: foremostslam|Reflect
|upkeep
|turn|10
|inactive|foremostslam has 120 seconds left.
|
|t:|1757799000
|switch|p1a: Hatterene|Hatterene, F|100/100
|-damage|p1a: Hatterene|88/100|[from] Stealth Rock
|move|p2a: Sinistcha|Matcha Gotcha|p1a: Hatterene
|-damage|p1a: Hatterene|18/100
|-heal|p2a: Sinistcha|100/100 brn|[from] drain|[of] p1a: Hatterene
|
|-heal|p1a: Hatterene|24/100|[from] Grassy Terrain
|-heal|p1a: Hatterene|30/100|[from] item: Leftovers
|-damage|p2a: Sinistcha|98/100 brn|[from] brn
|-fieldend|move: Grassy Terrain
|upkeep
|turn|11
|inactive|foremostslam has 120 seconds left.
|
|t:|1757799020
|move|p2a: Sinistcha|Shadow Ball|p1a: Hatterene
|-supereffective|p1a: Hatterene
|-damage|p1a: Hatterene|0 fnt
|faint|p1a: Hatterene
|
|-heal|p2a: Sinistcha|100/100 brn|[from] item: Leftovers
|-damage|p2a: Sinistcha|98/100 brn|[from] brn
|upkeep
|
|t:|1757799043
|switch|p1a: Grimmsnarl|Grimmsnarl, M|57/100
|-damage|p1a: Grimmsnarl|44/100|[from] Stealth Rock
|turn|12
|
|t:|1757799046
|move|p1a: Grimmsnarl|Light Screen|p1a: Grimmsnarl
|-sidestart|p1: foremostslam|move: Light Screen
|move|p2a: Sinistcha|Matcha Gotcha|p1a: Grimmsnarl
|-damage|p1a: Grimmsnarl|23/100
|-heal|p2a: Sinistcha|100/100 brn|[from] drain|[of] p1a: Grimmsnarl
|
|-damage|p2a: Sinistcha|98/100 brn|[from] brn
|upkeep
|turn|13
|
|t:|1757799054
|move|p1a: Grimmsnarl|Reflect|p1a: Grimmsnarl
|-sidestart|p1: foremostslam|Reflect
|move|p2a: Sinistcha|Calm Mind|p2a: Sinistcha
|-boost|p2a: Sinistcha|spa|1
|-boost|p2a: Sinistcha|spd|1
|
|-heal|p2a: Sinistcha|100/100 brn|[from] item: Leftovers
|-damage|p2a: Sinistcha|98/100 brn|[from] brn
|upkeep
|turn|14
|
|t:|1757799058
|move|p1a: Grimmsnarl|Parting Shot|p2a: Sinistcha
|-unboost|p2a: Sinistcha|atk|1
|-unboost|p2a: Sinistcha|spa|1
|inactive|foremostslam has 120 seconds left.
|
|t:|1757799070
|switch|p1a: Rillaboom|Rillaboom, M, shiny|100/100|[from] Parting Shot
|-damage|p1a: Rillaboom|88/100|[from] Stealth Rock
|-fieldstart|move: Grassy Terrain|[from] ability: Grassy Surge|[of] p1a: Rillaboom
|move|p2a: Sinistcha|Calm Mind|p2a: Sinistcha
|-boost|p2a: Sinistcha|spa|1
|-boost|p2a: Sinistcha|spd|1
|
|-heal|p1a: Rillaboom|94/100|[from] Grassy Terrain
|-heal|p2a: Sinistcha|100/100 brn|[from] Grassy Terrain
|-damage|p2a: Sinistcha|98/100 brn|[from] brn
|upkeep
|turn|15
|inactive|foremostslam has 120 seconds left.
|
|t:|1757799079
|move|p1a: Rillaboom|Swords Dance|p1a: Rillaboom
|-boost|p1a: Rillaboom|atk|2
|move|p2a: Sinistcha|Shadow Ball|p1a: Rillaboom
|-damage|p1a: Rillaboom|49/100
|
|-heal|p1a: Rillaboom|55/100|[from] Grassy Terrain
|-heal|p2a: Sinistcha|100/100 brn|[from] Grassy Terrain
|-damage|p2a: Sinistcha|98/100 brn|[from] brn
|upkeep
|turn|16
|
|t:|1757799084
|switch|p2a: Moltres|Moltres|98/100
|move|p1a: Rillaboom|High Horsepower|p2a: Moltres
|-immune|p2a: Moltres
|
|-heal|p1a: Rillaboom|61/100|[from] Grassy Terrain
|upkeep
|turn|17
|
|t:|1757799093
|move|p1a: Rillaboom|Swords Dance|p1a: Rillaboom
|-boost|p1a: Rillaboom|atk|2
|move|p2a: Moltres|Roar|p1a: Rillaboom
|drag|p1a: NACHO LIBRE|Hawlucha, F|100/100
|-damage|p1a: NACHO LIBRE|88/100|[from] Stealth Rock
|-enditem|p1a: NACHO LIBRE|Grassy Seed
|-boost|p1a: NACHO LIBRE|def|1|[from] item: Grassy Seed
|
|upkeep
|turn|18
|
|t:|1757799102
|move|p1a: NACHO LIBRE|Acrobatics|p2a: Moltres
|-damage|p2a: Moltres|62/100
|move|p2a: Moltres|Roar|p1a: NACHO LIBRE
|drag|p1a: Emboar|Emboar, M, shiny|83/100
|-damage|p1a: Emboar|71/100|[from] Stealth Rock
|
|-heal|p1a: Emboar|77/100|[from] Grassy Terrain
|upkeep
|turn|19
|
|t:|1757799107
|switch|p2a: Sinistcha|Sinistcha, tera:Poison|98/100 brn
|move|p1a: Emboar|Head Smash|p2a: Sinistcha
|-damage|p2a: Sinistcha|60/100 brn
|-damage|p1a: Emboar|59/100|[from] Recoil
|
|-heal|p1a: Emboar|65/100|[from] Grassy Terrain
|-heal|p2a: Sinistcha|66/100 brn|[from] Grassy Terrain
|-heal|p2a: Sinistcha|72/100 brn|[from] item: Leftovers
|-damage|p2a: Sinistcha|69/100 brn|[from] brn
|-sideend|p1: foremostslam|move: Light Screen
|upkeep
|turn|20
|
|t:|1757799129
|switch|p1a: Rillaboom|Rillaboom, M, shiny|61/100
|-damage|p1a: Rillaboom|49/100|[from] Stealth Rock
|move|p2a: Sinistcha|Matcha Gotcha|p1a: Rillaboom
|-resisted|p1a: Rillaboom
|-damage|p1a: Rillaboom|22/100
|-heal|p2a: Sinistcha|83/100 brn|[from] drain|[of] p1a: Rillaboom
|
|-heal|p1a: Rillaboom|28/100|[from] Grassy Terrain
|-heal|p2a: Sinistcha|89/100 brn|[from] Grassy Terrain
|-heal|p2a: Sinistcha|95/100 brn|[from] item: Leftovers
|-damage|p2a: Sinistcha|92/100 brn|[from] brn
|-sideend|p1: foremostslam|Reflect
|upkeep
|turn|21
|
|t:|1757799143
|move|p1a: Rillaboom|High Horsepower|p2a: Sinistcha
|-supereffective|p2a: Sinistcha
|-damage|p2a: Sinistcha|46/100 brn
|move|p2a: Sinistcha|Strength Sap|p1a: Rillaboom
|-unboost|p1a: Rillaboom|atk|1
|-heal|p2a: Sinistcha|100/100 brn
|
|-heal|p1a: Rillaboom|35/100|[from] Grassy Terrain
|-damage|p2a: Sinistcha|98/100 brn|[from] brn
|-fieldend|move: Grassy Terrain
|upkeep
|turn|22
|
|t:|1757799152
|move|p1a: Rillaboom|High Horsepower|p2a: Sinistcha
|-supereffective|p2a: Sinistcha
|-damage|p2a: Sinistcha|65/100 brn
|move|p2a: Sinistcha|Calm Mind|p2a: Sinistcha
|-boost|p2a: Sinistcha|spa|1
|-boost|p2a: Sinistcha|spd|1
|
|-heal|p2a: Sinistcha|71/100 brn|[from] item: Leftovers
|-damage|p2a: Sinistcha|68/100 brn|[from] brn
|upkeep
|turn|23
|
|t:|1757799156
|move|p1a: Rillaboom|High Horsepower|p2a: Sinistcha
|-supereffective|p2a: Sinistcha
|-damage|p2a: Sinistcha|39/100 brn
|move|p2a: Sinistcha|Strength Sap|p1a: Rillaboom
|-unboost|p1a: Rillaboom|atk|1
|-heal|p2a: Sinistcha|100/100 brn
|
|-damage|p2a: Sinistcha|98/100 brn|[from] brn
|upkeep
|turn|24
|
|t:|1757799159
|move|p1a: Rillaboom|High Horsepower|p2a: Sinistcha
|-supereffective|p2a: Sinistcha
|-damage|p2a: Sinistcha|73/100 brn
|move|p2a: Sinistcha|Matcha Gotcha|p1a: Rillaboom
|-resisted|p1a: Rillaboom
|-damage|p1a: Rillaboom|4/100
|-heal|p2a: Sinistcha|88/100 brn|[from] drain|[of] p1a: Rillaboom
|-status|p1a: Rillaboom|brn
|
|-heal|p2a: Sinistcha|94/100 brn|[from] item: Leftovers
|-damage|p1a: Rillaboom|0 fnt|[from] brn
|faint|p1a: Rillaboom
|-damage|p2a: Sinistcha|92/100 brn|[from] brn
|upkeep
|-message|foremostslam forfeited.
|
|win|Blank_Playe_pract
|raw|foremostslam's rating: 1375 &rarr; <strong>1353</strong><br />(-22 for losing)
|raw|Blank_Playe_pract's rating: 1344 &rarr; <strong>1366</strong><br />(+22 for winning)
|l|☆foremostslam
|player|p1|
|l|☆Blank_Playe_pract
|player|p2|
