|j|☆krampus gon get u
|j|☆AP Precalculus
|t:|1757899703
|gametype|singles
|player|p1|krampus gon get u|ninjaboy|1559
|player|p2|AP Precalculus|gentleman|1503
|gen|9
|tier|[Gen 9] OU
|rated|
|rule|HP Percentage Mod: HP is shown in percentages
|rule|Endless Battle Clause: Forcing endless battles is banned
|rule|Species Clause: Limit one of each Pokémon
|rule|OHKO Clause: OHKO moves are banned
|rule|Evasion Items Clause: Evasion items are banned
|rule|Evasion Moves Clause: Evasion moves are banned
|rule|Evasion Abilities Clause: Evasion abilities are banned
|rule|Sleep Moves Clause: Sleep-inducing moves are banned
|clearpoke
|poke|p1|Ceruledge, M|
|poke|p1|Iron Treads|
|poke|p1|Kyurem|
|poke|p1|Ogerpon-Wellspring, F|
|poke|p1|Iron Valiant|
|poke|p1|Pecharunt|
|poke|p2|Grimmsnarl, M|
|poke|p2|Latios, M|
|poke|p2|Glimmora, M|
|poke|p2|Iron Moth|
|poke|p2|Kommo-o, M|
|poke|p2|Raging Bolt|
|teampreview
|inactive|Battle timer is ON: inactive players will automatically lose when time's up. (requested by AP Precalculus)
|inactive|krampus gon get u has 120 seconds left.
|
|t:|1757899737
|teamsize|p1|6
|teamsize|p2|6
|start
|switch|p1a: Iron Treads|Iron Treads|100/100
|switch|p2a: Bing Bong|Glimmora, M|100/100
|turn|1
|inactive|AP Precalculus has 120 seconds left.
|
|t:|1757899769
|move|p2a: Bing Bong|Earth Power|p1a: Iron Treads
|-supereffective|p1a: Iron Treads
|-damage|p1a: Iron Treads|49/100
|move|p1a: Iron Treads|Rapid Spin|p2a: Bing Bong
|-resisted|p2a: Bing Bong
|-damage|p2a: Bing Bong|92/100
|-boost|p1a: Iron Treads|spe|1
|-activate|p2a: Bing Bong|ability: Toxic Debris
|-sidestart|p1: krampus gon get u|move: Toxic Spikes
|-sideend|p1: krampus gon get u|Toxic Spikes|[from] move: Rapid Spin|[of] p1a: Iron Treads
|
|-heal|p1a: Iron Treads|55/100|[from] item: Leftovers
|upkeep
|turn|2
|
|t:|1757899783
|-terastallize|p2a: Bing Bong|Flying
|move|p1a: Iron Treads|Earthquake|p2a: Bing Bong
|-immune|p2a: Bing Bong
|move|p2a: Bing Bong|Earth Power|p1a: Iron Treads
|-supereffective|p1a: Iron Treads
|-damage|p1a: Iron Treads|0 fnt
|faint|p1a: Iron Treads
|-end|p1a: Iron Treads|Quark Drive|[silent]
|
|upkeep
|
|t:|1757899789
|switch|p1a: Kyurem|Kyurem|100/100
|-ability|p1a: Kyurem|Pressure
|turn|3
|
|t:|1757899796
|move|p1a: Kyurem|Ice Beam|p2a: Bing Bong
|-supereffective|p2a: Bing Bong
|-damage|p2a: Bing Bong|0 fnt
|faint|p2a: Bing Bong
|
|upkeep
|
|t:|1757899808
|switch|p2a: Mr Grimm|Grimmsnarl, M|100/100
|turn|4
|
|t:|1757899835
|switch|p1a: Ogerpon|Ogerpon-Wellspring, F|100/100
|move|p2a: Mr Grimm|Light Screen|p2a: Mr Grimm
|-sidestart|p2: AP Precalculus|move: Light Screen
|
|upkeep
|turn|5
|
|t:|1757899854
|move|p2a: Mr Grimm|Taunt|p1a: Ogerpon
|-start|p1a: Ogerpon|move: Taunt
|cant|p1a: Ogerpon|move: Taunt|Spikes
|
|upkeep
|turn|6
|
|t:|1757899860
|move|p2a: Mr Grimm|Reflect|p2a: Mr Grimm
|-sidestart|p2: AP Precalculus|Reflect
|move|p1a: Ogerpon|Knock Off|p2a: Mr Grimm
|-resisted|p2a: Mr Grimm
|-damage|p2a: Mr Grimm|95/100
|-enditem|p2a: Mr Grimm|Light Clay|[from] move: Knock Off|[of] p1a: Ogerpon
|
|upkeep
|turn|7
|
|t:|1757899872
|switch|p2a: Which One|Latios, M, shiny|100/100
|move|p1a: Ogerpon|U-turn|p2a: Which One
|-supereffective|p2a: Which One
|-damage|p2a: Which One|74/100
|-enditem|p2a: Which One|Weakness Policy
|-boost|p2a: Which One|atk|2|[from] item: Weakness Policy
|-boost|p2a: Which One|spa|2|[from] item: Weakness Policy
|inactive|krampus gon get u has 120 seconds left.
|
|t:|1757899909
|switch|p1a: Iron Valiant|Iron Valiant|100/100|[from] U-turn
|-enditem|p1a: Iron Valiant|Booster Energy
|-activate|p1a: Iron Valiant|ability: Quark Drive|[fromitem]
|-start|p1a: Iron Valiant|quarkdrivespe
|
|upkeep
|turn|8
|
|t:|1757899919
|-terastallize|p1a: Iron Valiant|Steel
|move|p1a: Iron Valiant|Moonblast|p2a: Which One
|-supereffective|p2a: Which One
|-damage|p2a: Which One|33/100
|-unboost|p2a: Which One|spa|1
|move|p2a: Which One|Agility|p2a: Which One
|-boost|p2a: Which One|spe|2
|
|upkeep
|turn|9
|inactive|krampus gon get u has 120 seconds left.
|
|t:|1757899944
|move|p2a: Which One|Stored Power|p1a: Iron Valiant
|-resisted|p1a: Iron Valiant
|-damage|p1a: Iron Valiant|25/100
|move|p1a: Iron Valiant|Encore|p2a: Which One
|-start|p2a: Which One|Encore
|
|upkeep
|turn|10
|
|t:|1757899954
|move|p2a: Which One|Stored Power|p1a: Iron Valiant
|-resisted|p1a: Iron Valiant
|-damage|p1a: Iron Valiant|0 fnt
|faint|p1a: Iron Valiant
|-end|p1a: Iron Valiant|Quark Drive|[silent]
|
|upkeep
|
|t:|1757899959
|switch|p1a: Ceruledge|Ceruledge, M|100/100
|turn|11
|inactive|krampus gon get u has 120 seconds left.
|
|t:|1757899972
|move|p1a: Ceruledge|Shadow Sneak|p2a: Which One
|-supereffective|p2a: Which One
|-damage|p2a: Which One|14/100
|move|p2a: Which One|Stored Power|p1a: Ceruledge
|-damage|p1a: Ceruledge|9/100
|
|-sideend|p2: AP Precalculus|move: Light Screen
|upkeep
|turn|12
|
|t:|1757899980
|move|p1a: Ceruledge|Shadow Sneak|p2a: Which One
|-supereffective|p2a: Which One
|-damage|p2a: Which One|0 fnt
|faint|p2a: Which One
|
|upkeep
|
|t:|1757899994
|switch|p2a: Kommoko's Basilisk|Kommo-o, M|100/100
|turn|13
|
|t:|1757900008
|move|p1a: Ceruledge|Swords Dance|p1a: Ceruledge
|-boost|p1a: Ceruledge|atk|2
|move|p2a: Kommoko's Basilisk|Substitute|p2a: Kommoko's Basilisk
|-start|p2a: Kommoko's Basilisk|Substitute
|-damage|p2a: Kommoko's Basilisk|75/100
|
|-sideend|p2: AP Precalculus|Reflect
|upkeep
|turn|14
|
|t:|1757900027
|move|p1a: Ceruledge|Bitter Blade|p2a: Kommoko's Basilisk
|-resisted|p2a: Kommoko's Basilisk
|-end|p2a: Kommoko's Basilisk|Substitute
|-heal|p1a: Ceruledge|22/100|[from] drain|[of] p2a: Kommoko's Basilisk
|move|p2a: Kommoko's Basilisk|Ice Punch|p1a: Ceruledge
|-resisted|p1a: Ceruledge
|-damage|p1a: Ceruledge|4/100
|-status|p1a: Ceruledge|frz
|-ability|p1a: Ceruledge|Weak Armor|boost
|-unboost|p1a: Ceruledge|def|1
|-boost|p1a: Ceruledge|spe|2
|
|upkeep
|turn|15
|inactive|krampus gon get u has 120 seconds left.
|
|t:|1757900060
|-curestatus|p1a: Ceruledge|frz|[msg]
|move|p1a: Ceruledge|Bitter Blade|p2a: Kommoko's Basilisk
|-resisted|p2a: Kommoko's Basilisk
|-damage|p2a: Kommoko's Basilisk|35/100
|-heal|p1a: Ceruledge|25/100|[from] drain|[of] p2a: Kommoko's Basilisk
|move|p2a: Kommoko's Basilisk|Substitute|p2a: Kommoko's Basilisk
|-start|p2a: Kommoko's Basilisk|Substitute
|-damage|p2a: Kommoko's Basilisk|10/100
|-enditem|p2a: Kommoko's Basilisk|Salac Berry|[eat]
|-boost|p2a: Kommoko's Basilisk|spe|1|[from] item: Salac Berry
|
|upkeep
|turn|16
|inactive|krampus gon get u has 120 seconds left.
|
|t:|1757900074
|move|p1a: Ceruledge|Bitter Blade|p2a: Kommoko's Basilisk
|-resisted|p2a: Kommoko's Basilisk
|-end|p2a: Kommoko's Basilisk|Substitute
|-heal|p1a: Ceruledge|38/100|[from] drain|[of] p2a: Kommoko's Basilisk
|move|p2a: Kommoko's Basilisk|Ice Punch|p1a: Ceruledge
|-resisted|p1a: Ceruledge
|-damage|p1a: Ceruledge|12/100
|-ability|p1a: Ceruledge|Weak Armor|boost
|-unboost|p1a: Ceruledge|def|1
|-boost|p1a: Ceruledge|spe|2
|
|upkeep
|turn|17
|-message|AP Precalculus forfeited.
|
|win|krampus gon get u
|raw|krampus gon get u's rating: 1559 &rarr; <strong>1576</strong><br />(+17 for winning)
|raw|AP Precalculus's rating: 1503 &rarr; <strong>1486</strong><br />(-17 for losing)
|l|☆AP Precalculus
|player|p2|
