|j|☆ybg mihan
|j|☆mathismathin
|t:|1757899019
|gametype|singles
|player|p1|ybg mihan|266|1667
|player|p2|mathismathin|hilbert|1589
|gen|9
|tier|[Gen 9] OU
|rated|
|rule|HP Percentage Mod: HP is shown in percentages
|rule|Endless Battle Clause: Forcing endless battles is banned
|rule|Species Clause: Limit one of each Pokémon
|rule|OHKO Clause: OHKO moves are banned
|rule|Evasion Items Clause: Evasion items are banned
|rule|Evasion Moves Clause: Evasion moves are banned
|rule|Evasion Abilities Clause: Evasion abilities are banned
|rule|Sleep Moves Clause: Sleep-inducing moves are banned
|clearpoke
|poke|p1|Hatterene, F|
|poke|p1|Ogerpon-Wellspring, F|
|poke|p1|Slowking-Galar, F|
|poke|p1|Gholdengo|
|poke|p1|Dragonite, M|
|poke|p1|Great Tusk|
|poke|p2|Kyurem|
|poke|p2|Great Tusk|
|poke|p2|Dragapult, F|
|poke|p2|Dragonite, F|
|poke|p2|Haxorus, F|
|poke|p2|Galvantula, F|
|teampreview
|inactive|Battle timer is ON: inactive players will automatically lose when time's up. (requested by ybg mihan)
|
|t:|1757899034
|teamsize|p1|6
|teamsize|p2|6
|start
|switch|p1a: Ogerpon|Ogerpon-Wellspring, F|100/100
|switch|p2a: Araclash|Galvantula, F|100/100
|turn|1
|
|t:|1757899051
|move|p1a: Ogerpon|Ivy Cudgel|p2a: Araclash|[anim] Ivy Cudgel Water
|-enditem|p2a: Araclash|Focus Sash
|-damage|p2a: Araclash|1/100
|move|p2a: Araclash|Sticky Web|p1a: Ogerpon
|-sidestart|p1: ybg mihan|move: Sticky Web
|
|upkeep
|turn|2
|
|t:|1757899058
|move|p1a: Ogerpon|Encore|p2a: Araclash
|-start|p2a: Araclash|Encore
|move|p2a: Araclash|Sticky Web||[still]
|-fail|p2a: Araclash
|
|upkeep
|turn|3
|
|t:|1757899087
|move|p1a: Ogerpon|Swords Dance|p1a: Ogerpon
|-boost|p1a: Ogerpon|atk|2
|move|p2a: Araclash|Sticky Web||[still]
|-fail|p2a: Araclash
|
|upkeep
|turn|4
|
|t:|1757899092
|move|p1a: Ogerpon|Swords Dance|p1a: Ogerpon
|-boost|p1a: Ogerpon|atk|2
|move|p2a: Araclash|Sticky Web||[still]
|-fail|p2a: Araclash
|
|-end|p2a: Araclash|Encore
|upkeep
|turn|5
|
|t:|1757899095
|move|p1a: Ogerpon|Ivy Cudgel|p2a: Araclash|[anim] Ivy Cudgel Water
|-damage|p2a: Araclash|0 fnt
|faint|p2a: Araclash
|
|upkeep
|
|t:|1757899098
|switch|p2a: Seraphim|Dragonite, F, shiny|100/100
|turn|6
|
|t:|1757899100
|move|p1a: Ogerpon|Ivy Cudgel|p2a: Seraphim|[anim] Ivy Cudgel Water
|-resisted|p2a: Seraphim
|-damage|p2a: Seraphim|51/100
|move|p2a: Seraphim|Scale Shot|p1a: Ogerpon
|-damage|p1a: Ogerpon|80/100
|-crit|p1a: Ogerpon
|-damage|p1a: Ogerpon|48/100
|-damage|p1a: Ogerpon|29/100
|-damage|p1a: Ogerpon|8/100
|-hitcount|p1a: Ogerpon|4
|-unboost|p2a: Seraphim|def|1
|-boost|p2a: Seraphim|spe|1
|
|upkeep
|turn|7
|
|t:|1757899109
|switch|p1a: Hatterene|Hatterene, F|100/100
|-activate|p1a: Hatterene|move: Sticky Web
|-unboost|p1a: Hatterene|spe|1
|move|p2a: Seraphim|Fire Punch|p1a: Hatterene
|-damage|p1a: Hatterene|66/100
|
|upkeep
|turn|8
|
|t:|1757899128
|move|p2a: Seraphim|Fire Punch|p1a: Hatterene
|-damage|p1a: Hatterene|33/100
|move|p1a: Hatterene|Draining Kiss|p2a: Seraphim
|-supereffective|p2a: Seraphim
|-damage|p2a: Seraphim|0 fnt
|-heal|p1a: Hatterene|72/100|[from] drain|[of] p2a: Seraphim
|faint|p2a: Seraphim
|
|upkeep
|
|t:|1757899132
|switch|p2a: Cryogod|Kyurem|100/100
|-ability|p2a: Cryogod|Pressure
|turn|9
|
|t:|1757899135
|move|p2a: Cryogod|Dragon Dance|p2a: Cryogod
|-boost|p2a: Cryogod|atk|1
|-boost|p2a: Cryogod|spe|1
|move|p1a: Hatterene|Draining Kiss|p2a: Cryogod
|-supereffective|p2a: Cryogod
|-damage|p2a: Cryogod|52/100
|-heal|p1a: Hatterene|100/100|[from] drain|[of] p2a: Cryogod
|
|upkeep
|turn|10
|inactive|mathismathin has 120 seconds left.
|
|t:|1757899168
|move|p2a: Cryogod|Icicle Spear|p1a: Hatterene
|-damage|p1a: Hatterene|78/100
|-damage|p1a: Hatterene|54/100
|-damage|p1a: Hatterene|30/100
|-damage|p1a: Hatterene|7/100
|-hitcount|p1a: Hatterene|4
|move|p1a: Hatterene|Psyshock|p2a: Cryogod
|-damage|p2a: Cryogod|7/100
|
|upkeep
|turn|11
|
|t:|1757899175
|move|p2a: Cryogod|Icicle Spear|p1a: Hatterene
|-damage|p1a: Hatterene|0 fnt
|faint|p1a: Hatterene
|-hitcount|p1: Hatterene|1
|
|upkeep
|
|t:|1757899176
|switch|p1a: Slowking|Slowking-Galar, F|100/100
|-activate|p1a: Slowking|move: Sticky Web
|-unboost|p1a: Slowking|spe|1
|turn|12
|
|t:|1757899187
|move|p2a: Cryogod|Icicle Spear|p1a: Slowking
|-damage|p1a: Slowking|86/100
|-damage|p1a: Slowking|70/100
|-damage|p1a: Slowking|56/100
|-damage|p1a: Slowking|40/100
|-hitcount|p1a: Slowking|4
|move|p1a: Slowking|Ice Beam|p2a: Cryogod
|-damage|p2a: Cryogod|0 fnt
|faint|p2a: Cryogod
|
|upkeep
|
|t:|1757899199
|switch|p2a: Razorclaw|Haxorus, F|100/100
|-ability|p2a: Razorclaw|Mold Breaker
|turn|13
|
|t:|1757899206
|move|p2a: Razorclaw|Swords Dance|p2a: Razorclaw
|-boost|p2a: Razorclaw|atk|2
|move|p1a: Slowking|Future Sight|p2a: Razorclaw
|-start|p1a: Slowking|move: Future Sight
|
|upkeep
|turn|14
|
|t:|1757899211
|switch|p1a: Ogerpon|Ogerpon-Wellspring, F|8/100
|-activate|p1a: Ogerpon|move: Sticky Web
|-unboost|p1a: Ogerpon|spe|1
|move|p2a: Razorclaw|Scale Shot|p1a: Ogerpon
|-damage|p1a: Ogerpon|0 fnt
|faint|p1a: Ogerpon
|-hitcount|p1: Ogerpon|1
|-unboost|p2a: Razorclaw|def|1
|-boost|p2a: Razorclaw|spe|1
|
|upkeep
|
|t:|1757899214
|switch|p1a: Great Tusk|Great Tusk|100/100
|turn|15
|
|t:|1757899216
|move|p2a: Razorclaw|Scale Shot|p1a: Great Tusk
|-damage|p1a: Great Tusk|79/100
|-damage|p1a: Great Tusk|56/100
|-damage|p1a: Great Tusk|35/100
|-damage|p1a: Great Tusk|11/100
|-hitcount|p1a: Great Tusk|4
|-unboost|p2a: Razorclaw|def|1
|-boost|p2a: Razorclaw|spe|1
|move|p1a: Great Tusk|Headlong Rush|p2a: Razorclaw
|-damage|p2a: Razorclaw|0 fnt
|-unboost|p1a: Great Tusk|def|1
|-unboost|p1a: Great Tusk|spd|1
|faint|p2a: Razorclaw
|
|-hint|Future Sight did not hit because the target is fainted.
|upkeep
|
|t:|1757899226
|switch|p2a: Gargantua|Great Tusk|100/100
|-enditem|p2a: Gargantua|Booster Energy
|-activate|p2a: Gargantua|ability: Protosynthesis|[fromitem]
|-start|p2a: Gargantua|protosynthesisatk
|turn|16
|
|t:|1757899230
|move|p2a: Gargantua|Ice Spinner|p1a: Great Tusk
|-supereffective|p1a: Great Tusk
|-damage|p1a: Great Tusk|0 fnt
|faint|p1a: Great Tusk
|-end|p1a: Great Tusk|Protosynthesis|[silent]
|
|upkeep
|
|t:|1757899234
|switch|p1a: Slowking|Slowking-Galar, F|74/100
|-activate|p1a: Slowking|move: Sticky Web
|-unboost|p1a: Slowking|spe|1
|turn|17
|
|t:|1757899251
|move|p2a: Gargantua|Headlong Rush|p1a: Slowking
|-supereffective|p1a: Slowking
|-enditem|p1a: Slowking|Shuca Berry|[eat]
|-enditem|p1a: Slowking|Shuca Berry|[weaken]
|-damage|p1a: Slowking|15/100
|-unboost|p2a: Gargantua|def|1
|-unboost|p2a: Gargantua|spd|1
|move|p1a: Slowking|Ice Beam|p2a: Gargantua
|-supereffective|p2a: Gargantua
|-damage|p2a: Gargantua|6/100
|
|upkeep
|turn|18
|
|t:|1757899265
|move|p2a: Gargantua|Ice Spinner|p1a: Slowking
|-crit|p1a: Slowking
|-damage|p1a: Slowking|0 fnt
|faint|p1a: Slowking
|
|upkeep
|
|t:|1757899271
|switch|p1a: Dragonite|Dragonite, M|100/100
|turn|19
|
|t:|1757899298
|-end|p2a: Gargantua|Protosynthesis|[silent]
|switch|p2a: Dreadshot|Dragapult, F|100/100
|move|p1a: Dragonite|Earthquake|p2a: Dreadshot
|-damage|p2a: Dreadshot|51/100
|
|upkeep
|turn|20
|
|t:|1757899307
|switch|p1a: Gholdengo|Gholdengo|100/100
|-activate|p1a: Gholdengo|move: Sticky Web
|-unboost|p1a: Gholdengo|spe|1
|move|p2a: Dreadshot|Dragon Darts|p1a: Gholdengo
|-resisted|p1a: Gholdengo
|-damage|p1a: Gholdengo|84/100
|-anim|p2a: Dreadshot|Dragon Darts|p1a: Gholdengo
|-resisted|p1a: Gholdengo
|-damage|p1a: Gholdengo|69/100
|-damage|p2a: Dreadshot|42/100|[from] item: Life Orb
|
|upkeep
|turn|21
|
|t:|1757899324
|move|p2a: Dreadshot|Fire Blast|p1a: Gholdengo
|-supereffective|p1a: Gholdengo
|-damage|p1a: Gholdengo|0 fnt
|faint|p1a: Gholdengo
|-damage|p2a: Dreadshot|32/100|[from] item: Life Orb
|
|upkeep
|
|t:|1757899328
|switch|p1a: Dragonite|Dragonite, M|100/100
|turn|22
|
|t:|1757899338
|-terastallize|p1a: Dragonite|Fairy
|move|p2a: Dreadshot|Dragon Darts|p1a: Dragonite
|-immune|p1a: Dragonite
|move|p1a: Dragonite|Tera Blast|p2a: Dreadshot|[anim] Tera Blast Fairy
|-supereffective|p2a: Dreadshot
|-damage|p2a: Dreadshot|0 fnt
|faint|p2a: Dreadshot
|
|upkeep
|c|☆ybg mihan|gg
|
|t:|1757899350
|switch|p2a: Gargantua|Great Tusk|6/100
|turn|23
|
|t:|1757899352
|move|p2a: Gargantua|Headlong Rush|p1a: Dragonite
|-crit|p1a: Dragonite
|-damage|p1a: Dragonite|60/100
|-unboost|p2a: Gargantua|def|1
|-unboost|p2a: Gargantua|spd|1
|move|p1a: Dragonite|Tera Blast|p2a: Gargantua|[anim] Tera Blast Fairy
|-supereffective|p2a: Gargantua
|-damage|p2a: Gargantua|0 fnt
|faint|p2a: Gargantua
|-end|p2a: Gargantua|Protosynthesis|[silent]
|
|win|ybg mihan
|raw|ybg mihan's rating: 1667 &rarr; <strong>1683</strong><br />(+16 for winning)
|raw|mathismathin's rating: 1589 &rarr; <strong>1573</strong><br />(-16 for losing)
|l|☆ybg mihan
|player|p1|
|c|☆mathismathin|gg
|l|☆mathismathin
|player|p2|
