|j|☆skater66
|j|☆emeryns88
|t:|1757869238
|gametype|singles
|player|p1|skater66|1|1369
|player|p2|emeryns88|hilbert|1334
|gen|9
|tier|[Gen 9] OU
|rated|
|rule|HP Percentage Mod: HP is shown in percentages
|rule|Endless Battle Clause: Forcing endless battles is banned
|rule|Species Clause: Limit one of each Pokémon
|rule|OHKO Clause: OHKO moves are banned
|rule|Evasion Items Clause: Evasion items are banned
|rule|Evasion Moves Clause: Evasion moves are banned
|rule|Evasion Abilities Clause: Evasion abilities are banned
|rule|Sleep Moves Clause: Sleep-inducing moves are banned
|clearpoke
|poke|p1|Porygon2|
|poke|p1|Pecharunt|
|poke|p1|Cloyster, F|
|poke|p1|Ditto|
|poke|p1|Samurott-Hisui, M|
|poke|p1|Mew|
|poke|p2|Glimmora, F|
|poke|p2|Dragonite, F|
|poke|p2|Scizor, F|
|poke|p2|Zapdos|
|poke|p2|Primarina, F|
|poke|p2|Ceruledge, M|
|teampreview
|inactive|Battle timer is ON: inactive players will automatically lose when time's up. (requested by emeryns88)
|
|t:|1757869252
|teamsize|p1|6
|teamsize|p2|6
|start
|switch|p1a: Samurott|Samurott-Hisui, M|100/100
|switch|p2a: Glimmora|Glimmora, F, shiny|100/100
|turn|1
|
|t:|1757869259
|move|p1a: Samurott|Razor Shell|p2a: Glimmora
|-supereffective|p2a: Glimmora
|-enditem|p2a: Glimmora|Focus Sash
|-damage|p2a: Glimmora|1/100
|-unboost|p2a: Glimmora|def|1
|-activate|p2a: Glimmora|ability: Toxic Debris
|-sidestart|p1: skater66|move: Toxic Spikes
|move|p2a: Glimmora|Stealth Rock|p1a: Samurott
|-sidestart|p1: skater66|move: Stealth Rock
|
|upkeep
|turn|2
|
|t:|1757869274
|switch|p2a: Zapdos|Zapdos|100/100
|move|p1a: Samurott|Razor Shell|p2a: Zapdos
|-damage|p2a: Zapdos|54/100
|-damage|p1a: Samurott|84/100|[from] item: Rocky Helmet|[of] p2a: Zapdos
|-status|p1a: Samurott|par|[from] ability: Static|[of] p2a: Zapdos
|
|upkeep
|turn|3
|
|t:|1757869285
|switch|p1a: Pecharunt|Pecharunt|100/100
|-sideend|p1: skater66|move: Toxic Spikes|[of] p1a: Pecharunt
|move|p2a: Zapdos|Roost|p2a: Zapdos
|-heal|p2a: Zapdos|100/100
|-singleturn|p2a: Zapdos|move: Roost
|
|upkeep
|turn|4
|
|t:|1757869302
|move|p2a: Zapdos|Volt Switch|p1a: Pecharunt
|-damage|p1a: Pecharunt|69/100
|
|t:|1757869304
|switch|p2a: Scizor|Scizor, F|100/100|[from] Volt Switch
|move|p1a: Pecharunt|Malignant Chain|p2a: Scizor
|-immune|p2a: Scizor
|
|upkeep
|turn|5
|
|t:|1757869311
|move|p1a: Pecharunt|Parting Shot|p2a: Scizor
|-unboost|p2a: Scizor|atk|1
|-unboost|p2a: Scizor|spa|1
|
|t:|1757869321
|switch|p1a: Ditto|Ditto|100/100|[from] Parting Shot
|-damage|p1a: Ditto|88/100|[from] Stealth Rock
|-transform|p1a: Ditto|p2a: Scizor|[from] ability: Imposter
|move|p2a: Scizor|Knock Off|p1a: Ditto
|-damage|p1a: Ditto|59/100
|-enditem|p1a: Ditto|Choice Scarf|[from] move: Knock Off|[of] p2a: Scizor
|
|upkeep
|turn|6
|
|t:|1757869331
|move|p1a: Ditto|U-turn|p2a: Scizor
|-resisted|p2a: Scizor
|-damage|p2a: Scizor|88/100
|
|t:|1757869336
|switch|p1a: Pecharunt|Pecharunt|69/100|[from] U-turn
|move|p2a: Scizor|U-turn|p1a: Pecharunt
|-resisted|p1a: Pecharunt
|-crit|p1a: Pecharunt
|-damage|p1a: Pecharunt|62/100
|
|t:|1757869343
|switch|p2a: Ceruledge|Ceruledge, M|100/100|[from] U-turn
|
|upkeep
|turn|7
|inactive|skater66 has 120 seconds left.
|
|t:|1757869381
|move|p2a: Ceruledge|Taunt|p1a: Pecharunt
|-start|p1a: Pecharunt|move: Taunt
|cant|p1a: Pecharunt|move: Taunt|Recover
|
|upkeep
|turn|8
|inactive|skater66 has 120 seconds left.
|
|t:|1757869394
|-terastallize|p1a: Pecharunt|Dark
|move|p2a: Ceruledge|Poltergeist|p1a: Pecharunt|[miss]
|-miss|p2a: Ceruledge|p1a: Pecharunt
|move|p1a: Pecharunt|Shadow Ball|p2a: Ceruledge
|-supereffective|p2a: Ceruledge
|-damage|p2a: Ceruledge|46/100
|-unboost|p2a: Ceruledge|spd|1
|
|upkeep
|turn|9
|inactive|skater66 has 120 seconds left.
|inactive|skater66 has 90 seconds left.
|inactive|skater66 has 60 seconds left.
|
|t:|1757869465
|switch|p2a: Scizor|Scizor, F|88/100
|move|p1a: Pecharunt|Shadow Ball|p2a: Scizor
|-damage|p2a: Scizor|60/100
|
|-end|p1a: Pecharunt|move: Taunt
|upkeep
|turn|10
|inactive|skater66 has 60 seconds left.
|
|t:|1757869495
|move|p1a: Pecharunt|Shadow Ball|p2a: Scizor
|-damage|p2a: Scizor|33/100
|-unboost|p2a: Scizor|spd|1
|move|p2a: Scizor|U-turn|p1a: Pecharunt
|-supereffective|p1a: Pecharunt
|-damage|p1a: Pecharunt|23/100
|
|t:|1757869504
|switch|p2a: Primarina|Primarina, F|100/100|[from] U-turn
|
|upkeep
|turn|11
|
|t:|1757869510
|move|p1a: Pecharunt|Recover|p1a: Pecharunt
|-heal|p1a: Pecharunt|73/100
|move|p2a: Primarina|Moonblast|p1a: Pecharunt
|-supereffective|p1a: Pecharunt
|-damage|p1a: Pecharunt|0 fnt
|faint|p1a: Pecharunt
|
|upkeep
|
|t:|1757869522
|switch|p1a: Porygon2|Porygon2, shiny|100/100
|-damage|p1a: Porygon2|88/100|[from] Stealth Rock
|-ability|p1a: Porygon2|Download|boost
|-boost|p1a: Porygon2|atk|1
|turn|12
|inactive|skater66 has 30 seconds left.
|
|t:|1757869543
|switch|p2a: Glimmora|Glimmora, F, shiny|1/100
|move|p1a: Porygon2|Discharge|p2a: Glimmora
|-damage|p2a: Glimmora|0 fnt
|faint|p2a: Glimmora
|
|upkeep
|
|t:|1757869549
|switch|p2a: Scizor|Scizor, F|33/100
|turn|13
|inactive|skater66 has 30 seconds left.
|
|t:|1757869573
|move|p2a: Scizor|Knock Off|p1a: Porygon2
|-damage|p1a: Porygon2|63/100
|-enditem|p1a: Porygon2|Eviolite|[from] move: Knock Off|[of] p2a: Scizor
|move|p1a: Porygon2|Discharge|p2a: Scizor
|-damage|p2a: Scizor|10/100
|-status|p2a: Scizor|par
|
|upkeep
|turn|14
|inactive|skater66 has 30 seconds left.
|
|t:|1757869592
|switch|p2a: Zapdos|Zapdos|100/100
|move|p1a: Porygon2|Discharge|p2a: Zapdos
|-damage|p2a: Zapdos|82/100
|
|upkeep
|turn|15
|
|t:|1757869597
|move|p2a: Zapdos|Hurricane|p1a: Porygon2
|-damage|p1a: Porygon2|29/100
|move|p1a: Porygon2|Ice Beam|p2a: Zapdos
|-supereffective|p2a: Zapdos
|-damage|p2a: Zapdos|41/100
|
|upkeep
|turn|16
|
|t:|1757869603
|move|p2a: Zapdos|Roost|p2a: Zapdos
|-heal|p2a: Zapdos|91/100
|-singleturn|p2a: Zapdos|move: Roost
|move|p1a: Porygon2|Recover|p1a: Porygon2
|-heal|p1a: Porygon2|79/100
|
|upkeep
|turn|17
|
|t:|1757869611
|move|p2a: Zapdos|Hurricane|p1a: Porygon2
|-damage|p1a: Porygon2|44/100
|-start|p1a: Porygon2|confusion
|-activate|p1a: Porygon2|confusion
|-damage|p1a: Porygon2|33/100|[from] confusion
|
|upkeep
|turn|18
|
|t:|1757869635
|switch|p1a: Ditto|Ditto|59/100
|-damage|p1a: Ditto|47/100|[from] Stealth Rock
|-transform|p1a: Ditto|p2a: Zapdos|[from] ability: Imposter
|move|p2a: Zapdos|Volt Switch|p1a: Ditto
|-damage|p1a: Ditto|7/100
|
|t:|1757869639
|switch|p2a: Scizor|Scizor, F|10/100 par|[from] Volt Switch
|
|upkeep
|turn|19
|inactive|skater66 has 60 seconds left.
|
|t:|1757869653
|move|p2a: Scizor|Bullet Punch|p1a: Ditto
|-resisted|p1a: Ditto
|-damage|p1a: Ditto|0 fnt
|faint|p1a: Ditto
|
|upkeep
|inactive|skater66 has 30 seconds left.
|
|t:|1757869685
|switch|p1a: Cloyster|Cloyster, F|100/100
|-damage|p1a: Cloyster|76/100|[from] Stealth Rock
|turn|20
|
|t:|1757869689
|move|p2a: Scizor|Bullet Punch|p1a: Cloyster
|-damage|p1a: Cloyster|47/100
|move|p1a: Cloyster|Shell Smash|p1a: Cloyster
|-unboost|p1a: Cloyster|def|1
|-unboost|p1a: Cloyster|spd|1
|-boost|p1a: Cloyster|atk|2
|-boost|p1a: Cloyster|spa|2
|-boost|p1a: Cloyster|spe|2
|
|upkeep
|turn|21
|
|t:|1757869698
|move|p1a: Cloyster|Ice Shard|p2a: Scizor
|-resisted|p2a: Scizor
|-damage|p2a: Scizor|0 fnt
|faint|p2a: Scizor
|
|upkeep
|
|t:|1757869703
|switch|p2a: Dragonite|Dragonite, F|100/100
|turn|22
|
|t:|1757869709
|-terastallize|p2a: Dragonite|Normal
|move|p2a: Dragonite|Extreme Speed|p1a: Cloyster
|-crit|p1a: Cloyster
|-damage|p1a: Cloyster|0 fnt
|faint|p1a: Cloyster
|
|upkeep
|
|t:|1757869721
|switch|p1a: Mew|Mew|100/100
|-damage|p1a: Mew|88/100|[from] Stealth Rock
|turn|23
|
|t:|1757869727
|move|p1a: Mew|Future Sight|p2a: Dragonite
|-start|p1a: Mew|move: Future Sight
|move|p2a: Dragonite|Dragon Dance|p2a: Dragonite
|-boost|p2a: Dragonite|atk|1
|-boost|p2a: Dragonite|spe|1
|
|-heal|p1a: Mew|94/100|[from] item: Leftovers
|upkeep
|turn|24
|
|t:|1757869734
|move|p2a: Dragonite|Dragon Dance|p2a: Dragonite
|-boost|p2a: Dragonite|atk|1
|-boost|p2a: Dragonite|spe|1
|move|p1a: Mew|Sludge Wave|p2a: Dragonite
|-damage|p2a: Dragonite|86/100
|
|-heal|p1a: Mew|100/100|[from] item: Leftovers
|upkeep
|turn|25
|
|t:|1757869741
|move|p2a: Dragonite|Extreme Speed|p1a: Mew
|-damage|p1a: Mew|10/100
|move|p1a: Mew|Sludge Wave|p2a: Dragonite
|-damage|p2a: Dragonite|59/100
|
|-end|p2a: Dragonite|move: Future Sight
|-damage|p2a: Dragonite|0 fnt
|faint|p2a: Dragonite
|-heal|p1a: Mew|17/100|[from] item: Leftovers
|upkeep
|
|t:|1757869748
|switch|p2a: Zapdos|Zapdos|91/100
|turn|26
|
|t:|1757869756
|move|p1a: Mew|Sludge Wave|p2a: Zapdos
|-damage|p2a: Zapdos|65/100
|move|p2a: Zapdos|Volt Switch|p1a: Mew
|-damage|p1a: Mew|0 fnt
|faint|p1a: Mew
|
|t:|1757869763
|switch|p2a: Ceruledge|Ceruledge, M|46/100|[from] Volt Switch
|
|upkeep
|
|t:|1757869771
|switch|p1a: Samurott|Samurott-Hisui, M|84/100 par
|-damage|p1a: Samurott|72/100 par|[from] Stealth Rock
|turn|27
|
|t:|1757869776
|switch|p2a: Zapdos|Zapdos|65/100
|move|p1a: Samurott|Ceaseless Edge|p2a: Zapdos|[miss]
|-miss|p1a: Samurott|p2a: Zapdos
|
|upkeep
|turn|28
|-message|skater66 forfeited.
|
|win|emeryns88
|raw|skater66's rating: 1369 &rarr; <strong>1347</strong><br />(-22 for losing)
|raw|emeryns88's rating: 1334 &rarr; <strong>1356</strong><br />(+22 for winning)
|l|☆skater66
|player|p1|
