|j|☆CoffinSquad
|j|☆AdmKuruthi
|t:|1757917687
|gametype|singles
|player|p1|CoffinSquad|byron|1112
|player|p2|AdmKuruthi|veteran|1161
|gen|9
|tier|[Gen 9] OU
|rated|
|rule|HP Percentage Mod: HP is shown in percentages
|rule|Endless Battle Clause: Forcing endless battles is banned
|rule|Species Clause: Limit one of each Pokémon
|rule|OHKO Clause: OHKO moves are banned
|rule|Evasion Items Clause: Evasion items are banned
|rule|Evasion Moves Clause: Evasion moves are banned
|rule|Evasion Abilities Clause: Evasion abilities are banned
|rule|Sleep Moves Clause: Sleep-inducing moves are banned
|clearpoke
|poke|p1|Dragapult, M|
|poke|p1|Darkrai|
|poke|p1|Zapdos|
|poke|p1|Great Tusk|
|poke|p1|Araquanid, M|
|poke|p1|Gliscor, M|
|poke|p2|Skeledirge, F|
|poke|p2|Iron Hands|
|poke|p2|Araquanid, M|
|poke|p2|Dragonite, M|
|poke|p2|Glimmora, F|
|poke|p2|Hatterene, F|
|teampreview
|
|t:|1757917695
|teamsize|p1|6
|teamsize|p2|6
|start
|switch|p1a: Araquanid|Araquanid, M, shiny|100/100
|switch|p2a: Retep|Araquanid, M|100/100
|turn|1
|inactive|Battle timer is ON: inactive players will automatically lose when time's up. (requested by CoffinSquad)
|
|t:|1757917701
|switch|p2a: Basket|Hatterene, F|100/100
|move|p1a: Araquanid|Sticky Web|p2a: Basket
|move|p2a: Basket|Sticky Web|p1a: Araquanid|[from] ability: Magic Bounce
|-sidestart|p1: CoffinSquad|move: Sticky Web
|
|upkeep
|turn|2
|
|t:|1757917714
|switch|p1a: Gliscor|Gliscor, M, shiny|100/100
|move|p2a: Basket|Reflect|p2a: Basket
|-sidestart|p2: AdmKuruthi|Reflect
|
|-status|p1a: Gliscor|tox|[from] item: Toxic Orb
|upkeep
|turn|3
|
|t:|1757917719
|move|p1a: Gliscor|Toxic|p2a: Basket
|move|p2a: Basket|Toxic|p1a: Gliscor|[from] ability: Magic Bounce
|-fail|p1a: Gliscor|tox
|move|p2a: Basket|Light Screen|p2a: Basket
|-sidestart|p2: AdmKuruthi|move: Light Screen
|
|upkeep
|turn|4
|
|t:|1757917729
|move|p1a: Gliscor|Knock Off|p2a: Basket
|-damage|p2a: Basket|89/100
|-enditem|p2a: Basket|Light Clay|[from] move: Knock Off|[of] p1a: Gliscor
|move|p2a: Basket|Draining Kiss|p1a: Gliscor
|-damage|p1a: Gliscor|80/100 tox
|-heal|p2a: Basket|100/100|[from] drain|[of] p1a: Gliscor
|
|-heal|p1a: Gliscor|93/100 tox|[from] ability: Poison Heal
|upkeep
|turn|5
|
|t:|1757917743
|switch|p1a: Great Tusk|Great Tusk, shiny|100/100
|switch|p2a: Mickey|Iron Hands|100/100
|
|upkeep
|turn|6
|
|t:|1757917752
|-end|p2a: Mickey|Quark Drive|[silent]
|switch|p2a: Celia|Skeledirge, F|100/100
|move|p1a: Great Tusk|Rapid Spin|p2a: Celia
|-immune|p2a: Celia
|
|upkeep
|turn|7
|
|t:|1757917759
|move|p1a: Great Tusk|Headlong Rush|p2a: Celia
|-supereffective|p2a: Celia
|-damage|p2a: Celia|49/100
|-unboost|p1a: Great Tusk|def|1
|-unboost|p1a: Great Tusk|spd|1
|move|p2a: Celia|Alluring Voice|p1a: Great Tusk
|-supereffective|p1a: Great Tusk
|-damage|p1a: Great Tusk|30/100
|-enditem|p2a: Celia|Throat Spray
|-boost|p2a: Celia|spa|1|[from] item: Throat Spray
|
|upkeep
|turn|8
|
|t:|1757917772
|move|p1a: Great Tusk|Headlong Rush|p2a: Celia
|-supereffective|p2a: Celia
|-damage|p2a: Celia|0 fnt
|-unboost|p1a: Great Tusk|def|1
|-unboost|p1a: Great Tusk|spd|1
|faint|p2a: Celia
|
|upkeep
|
|t:|1757917783
|switch|p2a: Michael|Dragonite, M|100/100
|turn|9
|
|t:|1757917789
|move|p1a: Great Tusk|Rapid Spin|p2a: Michael
|-damage|p2a: Michael|97/100
|-boost|p1a: Great Tusk|spe|1
|-sideend|p1: CoffinSquad|Sticky Web|[from] move: Rapid Spin|[of] p1a: Great Tusk
|move|p2a: Michael|Dragon Dance|p2a: Michael
|-boost|p2a: Michael|atk|1
|-boost|p2a: Michael|spe|1
|
|-heal|p2a: Michael|100/100|[from] item: Leftovers
|-sideend|p2: AdmKuruthi|Reflect
|upkeep
|turn|10
|
|t:|1757917798
|move|p1a: Great Tusk|Ice Spinner|p2a: Michael
|-supereffective|p2a: Michael
|-damage|p2a: Michael|45/100
|move|p2a: Michael|Dragon Claw|p1a: Great Tusk
|-damage|p1a: Great Tusk|0 fnt
|faint|p1a: Great Tusk
|-end|p1a: Great Tusk|Protosynthesis|[silent]
|
|-heal|p2a: Michael|51/100|[from] item: Leftovers
|-sideend|p2: AdmKuruthi|move: Light Screen
|upkeep
|
|t:|1757917817
|switch|p1a: Zapdos|Zapdos|100/100
|turn|11
|
|t:|1757917825
|move|p2a: Michael|Roost|p2a: Michael
|-heal|p2a: Michael|100/100
|-singleturn|p2a: Michael|move: Roost
|move|p1a: Zapdos|Thunder Wave|p2a: Michael
|-status|p2a: Michael|par
|
|upkeep
|turn|12
|
|t:|1757917836
|switch|p2a: Basket|Hatterene, F|100/100
|move|p1a: Zapdos|Volt Switch|p2a: Basket
|-damage|p2a: Basket|77/100
|
|t:|1757917844
|switch|p1a: Araquanid|Araquanid, M, shiny|100/100|[from] Volt Switch
|
|upkeep
|turn|13
|
|t:|1757917850
|move|p1a: Araquanid|Surf|p2a: Basket
|-damage|p2a: Basket|30/100
|move|p2a: Basket|Reflect|p2a: Basket
|-sidestart|p2: AdmKuruthi|Reflect
|
|upkeep
|turn|14
|
|t:|1757917855
|switch|p2a: Retep|Araquanid, M|100/100
|move|p1a: Araquanid|Surf|p2a: Retep
|-resisted|p2a: Retep
|-damage|p2a: Retep|72/100
|
|upkeep
|turn|15
|
|t:|1757917862
|move|p1a: Araquanid|Surf|p2a: Retep
|-resisted|p2a: Retep
|-damage|p2a: Retep|47/100
|move|p2a: Retep|Sticky Web|p1a: Araquanid
|-sidestart|p1: CoffinSquad|move: Sticky Web
|
|upkeep
|turn|16
|
|t:|1757917868
|move|p1a: Araquanid|Surf|p2a: Retep
|-resisted|p2a: Retep
|-damage|p2a: Retep|22/100
|move|p2a: Retep|Infestation|p1a: Araquanid
|-damage|p1a: Araquanid|98/100
|-activate|p1a: Araquanid|move: Infestation|[of] p2a: Retep
|
|-damage|p1a: Araquanid|85/100|[from] move: Infestation|[partiallytrapped]
|upkeep
|turn|17
|
|t:|1757917876
|move|p1a: Araquanid|Sticky Web|p2a: Retep
|-sidestart|p2: AdmKuruthi|move: Sticky Web
|move|p2a: Retep|Leech Life|p1a: Araquanid
|-damage|p1a: Araquanid|55/100
|-heal|p2a: Retep|41/100|[from] drain|[of] p1a: Araquanid
|
|-damage|p1a: Araquanid|43/100|[from] move: Infestation|[partiallytrapped]
|-sideend|p2: AdmKuruthi|Reflect
|upkeep
|turn|18
|
|t:|1757917889
|move|p2a: Retep|Leech Life|p1a: Araquanid
|-damage|p1a: Araquanid|12/100
|-heal|p2a: Retep|59/100|[from] drain|[of] p1a: Araquanid
|move|p1a: Araquanid|Endeavor|p2a: Retep
|-damage|p2a: Retep|15/100
|
|-damage|p1a: Araquanid|0 fnt|[from] move: Infestation|[partiallytrapped]
|faint|p1a: Araquanid
|upkeep
|
|t:|1757917901
|switch|p1a: Dragapult|Dragapult, M, shiny|100/100
|-activate|p1a: Dragapult|move: Sticky Web
|-unboost|p1a: Dragapult|spe|1
|turn|19
|
|t:|1757917908
|move|p1a: Dragapult|Shadow Ball|p2a: Retep
|-damage|p2a: Retep|0 fnt
|faint|p2a: Retep
|
|upkeep
|
|t:|1757917914
|switch|p2a: Kirby|Glimmora, F|100/100
|turn|20
|
|t:|1757917923
|switch|p1a: Gliscor|Gliscor, M, shiny|93/100 tox
|move|p2a: Kirby|Mortal Spin|p1a: Gliscor
|-resisted|p1a: Gliscor
|-damage|p1a: Gliscor|90/100 tox
|-sideend|p2: AdmKuruthi|Sticky Web|[from] move: Mortal Spin|[of] p2a: Kirby
|
|-heal|p1a: Gliscor|100/100 tox|[from] ability: Poison Heal
|upkeep
|turn|21
|
|t:|1757917933
|move|p1a: Gliscor|Knock Off|p2a: Kirby
|-damage|p2a: Kirby|82/100
|-activate|p2a: Kirby|ability: Toxic Debris
|-sidestart|p1: CoffinSquad|move: Toxic Spikes
|-enditem|p2a: Kirby|Heavy-Duty Boots|[from] move: Knock Off|[of] p1a: Gliscor
|move|p2a: Kirby|Stealth Rock|p1a: Gliscor
|-sidestart|p1: CoffinSquad|move: Stealth Rock
|
|upkeep
|turn|22
|
|t:|1757917945
|switch|p1a: Dragapult|Dragapult, M, shiny|100/100
|-activate|p1a: Dragapult|move: Sticky Web
|-unboost|p1a: Dragapult|spe|1
|-status|p1a: Dragapult|psn
|-damage|p1a: Dragapult|88/100 psn|[from] Stealth Rock
|move|p2a: Kirby|Sludge Bomb|p1a: Dragapult
|-resisted|p1a: Dragapult
|-damage|p1a: Dragapult|60/100 psn
|
|-damage|p1a: Dragapult|48/100 psn|[from] psn
|upkeep
|turn|23
|
|t:|1757917957
|move|p2a: Kirby|Spiky Shield|p2a: Kirby
|-singleturn|p2a: Kirby|move: Protect
|move|p1a: Dragapult|Draco Meteor|p2a: Kirby
|-activate|p2a: Kirby|move: Protect
|
|-damage|p1a: Dragapult|36/100 psn|[from] psn
|upkeep
|turn|24
|
|t:|1757917970
|switch|p2a: Basket|Hatterene, F|30/100
|move|p1a: Dragapult|Draco Meteor|p2a: Basket
|-immune|p2a: Basket
|
|-damage|p1a: Dragapult|24/100 psn|[from] psn
|upkeep
|turn|25
|
|t:|1757917979
|switch|p1a: Zapdos|Zapdos|100/100
|-terastallize|p2a: Basket|Normal
|move|p2a: Basket|Draining Kiss|p1a: Zapdos
|-damage|p1a: Zapdos|80/100
|-heal|p2a: Basket|49/100|[from] drain|[of] p1a: Zapdos
|
|upkeep
|turn|26
|
|t:|1757917992
|move|p1a: Zapdos|Hurricane|p2a: Basket
|-damage|p2a: Basket|9/100
|move|p2a: Basket|Healing Wish|p2a: Basket
|faint|p2a: Basket
|
|upkeep
|
|t:|1757917996
|switch|p2a: Michael|Dragonite, M|100/100 par
|-heal|p2a: Michael|100/100|[from] move: Healing Wish
|turn|27
|
|t:|1757918006
|move|p2a: Michael|Dragon Dance|p2a: Michael
|-boost|p2a: Michael|atk|1
|-boost|p2a: Michael|spe|1
|move|p1a: Zapdos|Thunder Wave|p2a: Michael
|-status|p2a: Michael|par
|
|upkeep
|turn|28
|
|t:|1757918016
|move|p1a: Zapdos|Volt Switch|p2a: Michael
|-damage|p2a: Michael|88/100 par
|
|t:|1757918020
|switch|p1a: Gliscor|Gliscor, M, shiny|100/100 tox|[from] Volt Switch
|-damage|p1a: Gliscor|88/100 tox|[from] Stealth Rock
|move|p2a: Michael|Dragon Dance|p2a: Michael
|-boost|p2a: Michael|atk|1
|-boost|p2a: Michael|spe|1
|
|-heal|p2a: Michael|94/100 par|[from] item: Leftovers
|-heal|p1a: Gliscor|100/100 tox|[from] ability: Poison Heal
|upkeep
|turn|29
|
|t:|1757918030
|cant|p2a: Michael|par
|move|p1a: Gliscor|Toxic||[still]
|-fail|p1a: Gliscor
|
|-heal|p2a: Michael|99/100 par|[from] item: Leftovers
|upkeep
|turn|30
|
|t:|1757918039
|move|p2a: Michael|Dragon Dance|p2a: Michael
|-boost|p2a: Michael|atk|1
|-boost|p2a: Michael|spe|1
|move|p1a: Gliscor|Knock Off|p2a: Michael
|-damage|p2a: Michael|81/100 par
|-enditem|p2a: Michael|Leftovers|[from] move: Knock Off|[of] p1a: Gliscor
|
|upkeep
|turn|31
|
|t:|1757918068
|switch|p1a: Darkrai|Darkrai, shiny|100/100
|-activate|p1a: Darkrai|move: Sticky Web
|-unboost|p1a: Darkrai|spe|1
|-status|p1a: Darkrai|psn
|-damage|p1a: Darkrai|88/100 psn|[from] Stealth Rock
|move|p2a: Michael|Dragon Dance|p2a: Michael
|-boost|p2a: Michael|atk|1
|-boost|p2a: Michael|spe|1
|
|-damage|p1a: Darkrai|76/100 psn|[from] psn
|upkeep
|turn|32
|
|t:|1757918080
|cant|p2a: Michael|par
|move|p1a: Darkrai|Ice Beam|p2a: Michael
|-supereffective|p2a: Michael
|-damage|p2a: Michael|0 fnt
|faint|p2a: Michael
|-damage|p1a: Darkrai|66/100 psn|[from] item: Life Orb
|
|-damage|p1a: Darkrai|53/100 psn|[from] psn
|upkeep
|
|t:|1757918092
|switch|p2a: Mickey|Iron Hands|100/100
|turn|33
|
|t:|1757918101
|switch|p1a: Zapdos|Zapdos|80/100
|-end|p2a: Mickey|Quark Drive|[silent]
|switch|p2a: Kirby|Glimmora, F|82/100
|
|upkeep
|turn|34
|
|t:|1757918115
|-terastallize|p1a: Zapdos|Steel
|move|p1a: Zapdos|Hurricane|p2a: Kirby
|-resisted|p2a: Kirby
|-damage|p2a: Kirby|61/100
|-start|p2a: Kirby|confusion
|-activate|p2a: Kirby|confusion
|move|p2a: Kirby|Sludge Bomb|p1a: Zapdos
|-immune|p1a: Zapdos
|
|upkeep
|turn|35
|
|t:|1757918127
|switch|p2a: Mickey|Iron Hands|100/100
|move|p1a: Zapdos|Hurricane|p2a: Mickey|[miss]
|-miss|p1a: Zapdos|p2a: Mickey
|
|upkeep
|turn|36
|
|t:|1757918139
|move|p1a: Zapdos|Volt Switch|p2a: Mickey
|-resisted|p2a: Mickey
|-damage|p2a: Mickey|87/100
|
|t:|1757918143
|switch|p1a: Gliscor|Gliscor, M, shiny|100/100 tox|[from] Volt Switch
|-damage|p1a: Gliscor|88/100 tox|[from] Stealth Rock
|move|p2a: Mickey|Ice Punch|p1a: Gliscor
|-supereffective|p1a: Gliscor
|-damage|p1a: Gliscor|0 fnt
|faint|p1a: Gliscor
|
|upkeep
|
|t:|1757918157
|switch|p1a: Darkrai|Darkrai, shiny|53/100 psn
|-activate|p1a: Darkrai|move: Sticky Web
|-unboost|p1a: Darkrai|spe|1
|-damage|p1a: Darkrai|41/100 psn|[from] Stealth Rock
|turn|37
|
|t:|1757918166
|-end|p2a: Mickey|Quark Drive|[silent]
|switch|p2a: Kirby|Glimmora, F|61/100
|move|p1a: Darkrai|Dark Pulse|p2a: Kirby
|-damage|p2a: Kirby|10/100
|-damage|p1a: Darkrai|31/100 psn|[from] item: Life Orb
|
|-damage|p1a: Darkrai|18/100 psn|[from] psn
|upkeep
|turn|38
|
|t:|1757918174
|move|p2a: Kirby|Spiky Shield|p2a: Kirby
|-singleturn|p2a: Kirby|move: Protect
|move|p1a: Darkrai|Dark Pulse|p2a: Kirby
|-activate|p2a: Kirby|move: Protect
|
|-damage|p1a: Darkrai|6/100 psn|[from] psn
|upkeep
|turn|39
|
|t:|1757918185
|move|p1a: Darkrai|Dark Pulse|p2a: Kirby
|-damage|p2a: Kirby|0 fnt
|faint|p2a: Kirby
|-damage|p1a: Darkrai|0 fnt|[from] item: Life Orb
|faint|p1a: Darkrai
|
|upkeep
|
|t:|1757918196
|switch|p1a: Zapdos|Zapdos, tera:Steel|80/100
|switch|p2a: Mickey|Iron Hands|87/100
|turn|40
|
|t:|1757918201
|switch|p1a: Dragapult|Dragapult, M, shiny|24/100 psn
|-activate|p1a: Dragapult|move: Sticky Web
|-unboost|p1a: Dragapult|spe|1
|-damage|p1a: Dragapult|11/100 psn|[from] Stealth Rock
|move|p2a: Mickey|Drain Punch|p1a: Dragapult
|-immune|p1a: Dragapult
|
|-damage|p1a: Dragapult|0 fnt|[from] psn
|faint|p1a: Dragapult
|upkeep
|
|t:|1757918211
|switch|p1a: Zapdos|Zapdos, tera:Steel|80/100
|turn|41
|
|t:|1757918218
|move|p1a: Zapdos|Hurricane|p2a: Mickey
|-damage|p2a: Mickey|48/100
|-start|p2a: Mickey|confusion
|-activate|p2a: Mickey|confusion
|-damage|p2a: Mickey|38/100|[from] confusion
|
|upkeep
|turn|42
|
|t:|1757918224
|move|p1a: Zapdos|Hurricane|p2a: Mickey
|-damage|p2a: Mickey|0 fnt
|faint|p2a: Mickey
|-end|p2a: Mickey|Quark Drive|[silent]
|
|win|CoffinSquad
|raw|CoffinSquad's rating: 1112 &rarr; <strong>1141</strong><br />(+29 for winning)
|raw|AdmKuruthi's rating: 1161 &rarr; <strong>1132</strong><br />(-29 for losing)
|c|☆CoffinSquad|gg
