|j|☆MRH1106
|j|☆OnArceus
|t:|1757902271
|gametype|singles
|player|p1|MRH1106|miku-ghost|1750
|player|p2|OnArceus|#scl2spartans|1788
|gen|9
|tier|[Gen 9] OU
|rated|
|rule|HP Percentage Mod: HP is shown in percentages
|rule|Endless Battle Clause: Forcing endless battles is banned
|rule|Species Clause: Limit one of each Pokémon
|rule|OHKO Clause: OHKO moves are banned
|rule|Evasion Items Clause: Evasion items are banned
|rule|Evasion Moves Clause: Evasion moves are banned
|rule|Evasion Abilities Clause: Evasion abilities are banned
|rule|Sleep Moves Clause: Sleep-inducing moves are banned
|clearpoke
|poke|p1|Pelipper, F|
|poke|p1|Barraskewda, F|
|poke|p1|Quaquaval, F|
|poke|p1|Raging Bolt|
|poke|p1|Excadrill, F|
|poke|p1|Ogerpon-Wellspring, F|
|poke|p2|Ursaluna, M|
|poke|p2|Meowscarada, F|
|poke|p2|Gholdengo|
|poke|p2|Great Tusk|
|poke|p2|Slowking-Galar, M|
|poke|p2|Moltres|
|teampreview
|
|t:|1757902277
|teamsize|p1|6
|teamsize|p2|6
|start
|switch|p1a: LAMRON STRT|Pelipper, F|100/100
|switch|p2a: Slowking|Slowking-Galar, M|100/100
|-weather|RainDance|[from] ability: Drizzle|[of] p1a: LAMRON STRT
|turn|1
|
|t:|1757902280
|move|p1a: LAMRON STRT|U-turn|p2a: Slowking
|-damage|p2a: Slowking|94/100
|
|t:|1757902282
|switch|p1a: JHONSTOCKTON|Excadrill, F|100/100|[from] U-turn
|-ability|p1a: JHONSTOCKTON|Mold Breaker
|-prepare|p2a: Slowking|Chilly Reception|[premajor]
|move|p2a: Slowking|Chilly Reception|p2a: Slowking
|-weather|Snowscape
|
|t:|1757902285
|switch|p2a: Great Tusk|Great Tusk|100/100|[from] Chilly Reception
|
|-weather|Snowscape|[upkeep]
|upkeep
|turn|2
|
|t:|1757902287
|switch|p1a: LAMRON STRT|Pelipper, F|100/100
|-weather|RainDance|[from] ability: Drizzle|[of] p1a: LAMRON STRT
|move|p2a: Great Tusk|Stealth Rock|p1a: LAMRON STRT
|-sidestart|p1: MRH1106|move: Stealth Rock
|
|-weather|RainDance|[upkeep]
|upkeep
|turn|3
|
|t:|1757902292
|-end|p2a: Great Tusk|Protosynthesis|[silent]
|switch|p2a: Slowking|Slowking-Galar, M|100/100
|move|p1a: LAMRON STRT|U-turn|p2a: Slowking
|-damage|p2a: Slowking|94/100
|j| heatraniac
|
|t:|1757902294
|switch|p1a: JHONSTOCKTON|Excadrill, F|100/100|[from] U-turn
|-damage|p1a: JHONSTOCKTON|97/100|[from] Stealth Rock
|-ability|p1a: JHONSTOCKTON|Mold Breaker
|
|-weather|RainDance|[upkeep]
|upkeep
|turn|4
|
|t:|1757902301
|switch|p2a: Great Tusk|Great Tusk|100/100
|move|p1a: JHONSTOCKTON|Rapid Spin|p2a: Great Tusk
|-damage|p2a: Great Tusk|89/100
|-boost|p1a: JHONSTOCKTON|spe|1
|-damage|p1a: JHONSTOCKTON|81/100|[from] item: Rocky Helmet|[of] p2a: Great Tusk
|-sideend|p1: MRH1106|Stealth Rock|[from] move: Rapid Spin|[of] p1a: JHONSTOCKTON
|
|-weather|RainDance|[upkeep]
|upkeep
|turn|5
|
|t:|1757902308
|switch|p1a: Nah I'd Win|Ogerpon-Wellspring, F|100/100
|move|p2a: Great Tusk|Headlong Rush|p1a: Nah I'd Win
|-resisted|p1a: Nah I'd Win
|-damage|p1a: Nah I'd Win|57/100
|-unboost|p2a: Great Tusk|def|1
|-unboost|p2a: Great Tusk|spd|1
|
|-weather|RainDance|[upkeep]
|upkeep
|turn|6
|
|t:|1757902313
|-end|p2a: Great Tusk|Protosynthesis|[silent]
|switch|p2a: Meowscarada|Meowscarada, F|100/100
|move|p1a: Nah I'd Win|Swords Dance|p1a: Nah I'd Win
|-boost|p1a: Nah I'd Win|atk|2
|
|-weather|RainDance|[upkeep]
|upkeep
|turn|7
|
|t:|1757902326
|-terastallize|p1a: Nah I'd Win|Water
|detailschange|p1a: Nah I'd Win|Ogerpon-Wellspring-Tera, F, tera:Water
|-ability|p1a: Nah I'd Win|Embody Aspect (Wellspring)|boost
|-boost|p1a: Nah I'd Win|spd|1
|move|p2a: Meowscarada|U-turn|p1a: Nah I'd Win
|-damage|p1a: Nah I'd Win|29/100
|
|t:|1757902329
|switch|p2a: Great Tusk|Great Tusk|89/100|[from] U-turn
|move|p1a: Nah I'd Win|Horn Leech|p2a: Great Tusk
|-supereffective|p2a: Great Tusk
|-damage|p2a: Great Tusk|0 fnt
|-heal|p1a: Nah I'd Win|84/100|[from] drain|[of] p2a: Great Tusk
|-damage|p1a: Nah I'd Win|68/100|[from] item: Rocky Helmet|[of] p2a: Great Tusk
|faint|p2a: Great Tusk
|-end|p2a: Great Tusk|Protosynthesis|[silent]
|
|-weather|RainDance|[upkeep]
|upkeep
|
|t:|1757902331
|switch|p2a: Meowscarada|Meowscarada, F|100/100
|turn|8
|
|t:|1757902342
|switch|p1a: JHONSTOCKTON|Excadrill, F|81/100
|-ability|p1a: JHONSTOCKTON|Mold Breaker
|move|p2a: Meowscarada|Flower Trick|p1a: JHONSTOCKTON
|-crit|p1a: JHONSTOCKTON
|-damage|p1a: JHONSTOCKTON|25/100
|-enditem|p1a: JHONSTOCKTON|Eject Button
|
|t:|1757902353
|switch|p1a: ONFOENEM|Barraskewda, F|100/100
|
|-weather|RainDance|[upkeep]
|upkeep
|turn|9
|
|t:|1757902361
|switch|p2a: Slowking|Slowking-Galar, M|100/100
|move|p1a: ONFOENEM|Poison Jab|p2a: Slowking
|-resisted|p2a: Slowking
|-damage|p2a: Slowking|85/100
|
|-weather|none
|upkeep
|turn|10
|
|t:|1757902365
|switch|p1a: JHONSTOCKTON|Excadrill, F|25/100
|-ability|p1a: JHONSTOCKTON|Mold Breaker
|move|p2a: Slowking|Toxic Spikes|p1a: JHONSTOCKTON
|-sidestart|p1: MRH1106|move: Toxic Spikes
|
|upkeep
|turn|11
|
|t:|1757902369
|switch|p2a: Ursaluna|Ursaluna, M|100/100
|move|p1a: JHONSTOCKTON|Earthquake|p2a: Ursaluna
|-damage|p2a: Ursaluna|70/100
|
|-heal|p2a: Ursaluna|76/100|[from] item: Leftovers
|upkeep
|turn|12
|
|t:|1757902372
|move|p1a: JHONSTOCKTON|Rapid Spin|p2a: Ursaluna
|-damage|p2a: Ursaluna|66/100
|-boost|p1a: JHONSTOCKTON|spe|1
|-sideend|p1: MRH1106|Toxic Spikes|[from] move: Rapid Spin|[of] p1a: JHONSTOCKTON
|move|p2a: Ursaluna|Bulk Up|p2a: Ursaluna
|-boost|p2a: Ursaluna|atk|1
|-boost|p2a: Ursaluna|def|1
|
|-heal|p2a: Ursaluna|72/100|[from] item: Leftovers
|upkeep
|turn|13
|
|t:|1757902380
|switch|p1a: LAMRON STRT|Pelipper, F|100/100
|-weather|RainDance|[from] ability: Drizzle|[of] p1a: LAMRON STRT
|move|p2a: Ursaluna|Bulk Up|p2a: Ursaluna
|-boost|p2a: Ursaluna|atk|1
|-boost|p2a: Ursaluna|def|1
|
|-weather|RainDance|[upkeep]
|-heal|p2a: Ursaluna|78/100|[from] item: Leftovers
|upkeep
|turn|14
|
|t:|1757902384
|switch|p1a: JHONSTOCKTON|Excadrill, F|25/100
|-ability|p1a: JHONSTOCKTON|Mold Breaker
|move|p2a: Ursaluna|Protect||[still]
|-fail|p2a: Ursaluna
|
|-weather|RainDance|[upkeep]
|-heal|p2a: Ursaluna|85/100|[from] item: Leftovers
|upkeep
|turn|15
|
|t:|1757902387
|move|p2a: Ursaluna|Protect|p2a: Ursaluna
|-singleturn|p2a: Ursaluna|Protect
|move|p1a: JHONSTOCKTON|Stealth Rock|p2a: Ursaluna
|-sidestart|p2: OnArceus|move: Stealth Rock
|
|-weather|RainDance|[upkeep]
|-heal|p2a: Ursaluna|91/100|[from] item: Leftovers
|upkeep
|turn|16
|
|t:|1757902390
|move|p1a: JHONSTOCKTON|Earthquake|p2a: Ursaluna
|-damage|p2a: Ursaluna|74/100
|move|p2a: Ursaluna|Bulk Up|p2a: Ursaluna
|-boost|p2a: Ursaluna|atk|1
|-boost|p2a: Ursaluna|def|1
|
|-weather|RainDance|[upkeep]
|-heal|p2a: Ursaluna|81/100|[from] item: Leftovers
|upkeep
|turn|17
|
|t:|1757902399
|switch|p1a: The Honoured One|Raging Bolt|100/100
|-enditem|p1a: The Honoured One|Booster Energy
|-activate|p1a: The Honoured One|ability: Protosynthesis|[fromitem]
|-start|p1a: The Honoured One|protosynthesisspa
|move|p2a: Ursaluna|Bulk Up|p2a: Ursaluna
|-boost|p2a: Ursaluna|atk|1
|-boost|p2a: Ursaluna|def|1
|
|-weather|RainDance|[upkeep]
|-heal|p2a: Ursaluna|87/100|[from] item: Leftovers
|upkeep
|turn|18
|
|t:|1757902405
|-terastallize|p2a: Ursaluna|Fairy
|move|p1a: The Honoured One|Weather Ball|p2a: Ursaluna
|-damage|p2a: Ursaluna|42/100
|move|p2a: Ursaluna|Earthquake|p1a: The Honoured One
|-supereffective|p1a: The Honoured One
|-damage|p1a: The Honoured One|0 fnt
|faint|p1a: The Honoured One
|-end|p1a: The Honoured One|Protosynthesis|[silent]
|
|-weather|RainDance|[upkeep]
|-heal|p2a: Ursaluna|48/100|[from] item: Leftovers
|upkeep
|
|t:|1757902412
|switch|p1a: JHONSTOCKTON|Excadrill, F|25/100
|-ability|p1a: JHONSTOCKTON|Mold Breaker
|turn|19
|
|t:|1757902414
|move|p2a: Ursaluna|Protect|p2a: Ursaluna
|-singleturn|p2a: Ursaluna|Protect
|move|p1a: JHONSTOCKTON|Iron Head|p2a: Ursaluna
|-activate|p2a: Ursaluna|move: Protect
|
|-weather|RainDance|[upkeep]
|-heal|p2a: Ursaluna|54/100|[from] item: Leftovers
|upkeep
|turn|20
|
|t:|1757902416
|move|p1a: JHONSTOCKTON|Iron Head|p2a: Ursaluna
|-supereffective|p2a: Ursaluna
|-damage|p2a: Ursaluna|38/100
|move|p2a: Ursaluna|Ice Punch|p1a: JHONSTOCKTON
|-damage|p1a: JHONSTOCKTON|0 fnt
|faint|p1a: JHONSTOCKTON
|
|-weather|none
|-heal|p2a: Ursaluna|45/100|[from] item: Leftovers
|upkeep
|c|☆MRH1106|wow
|c|☆MRH1106|thats a fire tech
|
|t:|1757902425
|switch|p1a: LAMRON STRT|Pelipper, F|100/100
|-weather|RainDance|[from] ability: Drizzle|[of] p1a: LAMRON STRT
|turn|21
|
|t:|1757902429
|move|p2a: Ursaluna|Protect|p2a: Ursaluna
|-singleturn|p2a: Ursaluna|Protect
|move|p1a: LAMRON STRT|Surf|p2a: Ursaluna
|-activate|p2a: Ursaluna|move: Protect
|
|-weather|RainDance|[upkeep]
|-heal|p2a: Ursaluna|51/100|[from] item: Leftovers
|upkeep
|turn|22
|c|☆OnArceus|ty goat
|
|t:|1757902432
|move|p2a: Ursaluna|Ice Punch|p1a: LAMRON STRT
|-damage|p1a: LAMRON STRT|50/100
|move|p1a: LAMRON STRT|Surf|p2a: Ursaluna
|-damage|p2a: Ursaluna|22/100
|
|-weather|RainDance|[upkeep]
|-heal|p2a: Ursaluna|29/100|[from] item: Leftovers
|upkeep
|turn|23
|
|t:|1757902437
|move|p2a: Ursaluna|Ice Punch|p1a: LAMRON STRT
|-damage|p1a: LAMRON STRT|0 fnt
|faint|p1a: LAMRON STRT
|
|-weather|RainDance|[upkeep]
|-heal|p2a: Ursaluna|35/100|[from] item: Leftovers
|upkeep
|c|☆MRH1106|np bro
|
|t:|1757902443
|switch|p1a: KINGGAMBIT K|Quaquaval, F|100/100
|turn|24
|
|t:|1757902446
|move|p1a: KINGGAMBIT K|Wave Crash|p2a: Ursaluna
|-damage|p2a: Ursaluna|0 fnt
|faint|p2a: Ursaluna
|-ability|p1a: KINGGAMBIT K|Moxie|boost
|-boost|p1a: KINGGAMBIT K|atk|1
|-damage|p1a: KINGGAMBIT K|84/100|[from] Recoil
|
|-weather|RainDance|[upkeep]
|upkeep
|
|t:|1757902449
|switch|p2a: Meowscarada|Meowscarada, F|100/100
|turn|25
|c|☆MRH1106|heat recognizes heat
|
|t:|1757902454
|switch|p1a: Nah I'd Win|Ogerpon-Wellspring-Tera, F, tera:Water|68/100
|-ability|p1a: Nah I'd Win|Embody Aspect (Wellspring)|boost
|-boost|p1a: Nah I'd Win|spd|1
|move|p2a: Meowscarada|Flower Trick|p1a: Nah I'd Win
|-supereffective|p1a: Nah I'd Win
|-crit|p1a: Nah I'd Win
|-damage|p1a: Nah I'd Win|0 fnt
|faint|p1a: Nah I'd Win
|detailschange|p1: Nah I'd Win|Ogerpon-Wellspring, F|[silent]
|
|-weather|RainDance|[upkeep]
|upkeep
|
|t:|1757902455
|switch|p1a: ONFOENEM|Barraskewda, F|100/100
|turn|26
|
|t:|1757902457
|switch|p2a: Moltres|Moltres|100/100
|move|p1a: ONFOENEM|Flip Turn|p2a: Moltres
|-supereffective|p2a: Moltres
|-damage|p2a: Moltres|5/100
|-status|p1a: ONFOENEM|brn|[from] ability: Flame Body|[of] p2a: Moltres
|
|t:|1757902459
|switch|p1a: KINGGAMBIT K|Quaquaval, F|84/100|[from] Flip Turn
|
|-weather|RainDance|[upkeep]
|upkeep
|turn|27
|
|t:|1757902461
|move|p1a: KINGGAMBIT K|Aqua Step|p2a: Moltres
|-supereffective|p2a: Moltres
|-damage|p2a: Moltres|0 fnt
|-boost|p1a: KINGGAMBIT K|spe|1
|faint|p2a: Moltres
|-ability|p1a: KINGGAMBIT K|Moxie|boost
|-boost|p1a: KINGGAMBIT K|atk|1
|
|-weather|RainDance|[upkeep]
|upkeep
|c|☆MRH1106|pls be boots
|
|t:|1757902473
|switch|p2a: Slowking|Slowking-Galar, M|100/100
|turn|28
|
|t:|1757902476
|move|p1a: KINGGAMBIT K|Aqua Step|p2a: Slowking
|-damage|p2a: Slowking|0 fnt
|-boost|p1a: KINGGAMBIT K|spe|1
|faint|p2a: Slowking
|-ability|p1a: KINGGAMBIT K|Moxie|boost
|-boost|p1a: KINGGAMBIT K|atk|1
|
|-weather|none
|upkeep
|
|t:|1757902479
|switch|p2a: Meowscarada|Meowscarada, F|100/100
|turn|29
|
|t:|1757902482
|move|p1a: KINGGAMBIT K|Aqua Step|p2a: Meowscarada
|-resisted|p2a: Meowscarada
|-damage|p2a: Meowscarada|5/100
|-boost|p1a: KINGGAMBIT K|spe|1
|move|p2a: Meowscarada|Flower Trick|p1a: KINGGAMBIT K
|-supereffective|p1a: KINGGAMBIT K
|-crit|p1a: KINGGAMBIT K
|-damage|p1a: KINGGAMBIT K|0 fnt
|faint|p1a: KINGGAMBIT K
|
|upkeep
|
|t:|1757902486
|switch|p1a: ONFOENEM|Barraskewda, F|100/100 brn
|turn|30
|
|t:|1757902489
|move|p2a: Meowscarada|Flower Trick|p1a: ONFOENEM
|-supereffective|p1a: ONFOENEM
|-crit|p1a: ONFOENEM
|-damage|p1a: ONFOENEM|0 fnt
|faint|p1a: ONFOENEM
|
|win|OnArceus
|raw|MRH1106's rating: 1750 &rarr; <strong>1732</strong><br />(-18 for losing)
|raw|OnArceus's rating: 1788 &rarr; <strong>1806</strong><br />(+18 for winning)
|c|☆OnArceus|gg
|c|☆MRH1106|tuff
|c|☆MRH1106|thought id kill
|c|☆OnArceus|that guys strong
|l|☆OnArceus
|player|p2|
|c|☆MRH1106|band duck
|l|☆MRH1106
|player|p1|
|l| heatraniac
