|j|☆monkeyooooooo
|j|☆randombananaYAY
|t:|1757917840
|gametype|singles
|player|p1|monkeyooooooo|swimmerf-gen4|1551
|player|p2|randombananaYAY|2|1550
|gen|9
|tier|[Gen 9] OU
|rated|
|rule|HP Percentage Mod: HP is shown in percentages
|rule|Endless Battle Clause: Forcing endless battles is banned
|rule|Species Clause: Limit one of each Pokémon
|rule|OHKO Clause: OHKO moves are banned
|rule|Evasion Items Clause: Evasion items are banned
|rule|Evasion Moves Clause: Evasion moves are banned
|rule|Evasion Abilities Clause: Evasion abilities are banned
|rule|Sleep Moves Clause: Sleep-inducing moves are banned
|clearpoke
|poke|p1|Dragapult, M|
|poke|p1|Slowking-Galar, M|
|poke|p1|Golem-Alola, F|
|poke|p1|Keldeo|
|poke|p1|Enamorus, F|
|poke|p1|Iron Treads|
|poke|p2|Alomomola, M|
|poke|p2|Gliscor, F|
|poke|p2|Dondozo, M|
|poke|p2|Blissey, F|
|poke|p2|Toxapex, F|
|poke|p2|Clodsire, M|
|teampreview
|inactive|Battle timer is ON: inactive players will automatically lose when time's up. (requested by randombananaYAY)
|
|t:|1757917874
|teamsize|p1|6
|teamsize|p2|6
|start
|switch|p1a: Slowking|Slowking-Galar, M|100/100
|switch|p2a: Gliscor|Gliscor, F|100/100
|turn|1
|
|t:|1757917891
|move|p2a: Gliscor|Protect|p2a: Gliscor
|-singleturn|p2a: Gliscor|Protect
|move|p1a: Slowking|Psychic Noise|p2a: Gliscor
|-activate|p2a: Gliscor|move: Protect
|
|-status|p2a: Gliscor|tox|[from] item: Toxic Orb
|upkeep
|turn|2
|
|t:|1757917896
|move|p2a: Gliscor|Earthquake|p1a: Slowking
|-supereffective|p1a: Slowking
|-damage|p1a: Slowking|51/100
|move|p1a: Slowking|Ice Beam|p2a: Gliscor
|-supereffective|p2a: Gliscor
|-damage|p2a: Gliscor|26/100 tox
|
|-heal|p2a: Gliscor|38/100 tox|[from] ability: Poison Heal
|upkeep
|turn|3
|
|t:|1757917911
|move|p2a: Gliscor|Protect|p2a: Gliscor
|-singleturn|p2a: Gliscor|Protect
|move|p1a: Slowking|Ice Beam|p2a: Gliscor
|-activate|p2a: Gliscor|move: Protect
|
|-heal|p2a: Gliscor|51/100 tox|[from] ability: Poison Heal
|upkeep
|turn|4
|
|t:|1757917916
|switch|p2a: Toxapex|Toxapex, F|100/100
|move|p1a: Slowking|Ice Beam|p2a: Toxapex
|-resisted|p2a: Toxapex
|-damage|p2a: Toxapex|91/100
|
|upkeep
|turn|5
|
|t:|1757917926
|switch|p2a: Alomomola|Alomomola, M|100/100
|move|p1a: Slowking|Psychic Noise|p2a: Alomomola
|-damage|p2a: Alomomola|66/100
|-start|p2a: Alomomola|move: Heal Block
|
|upkeep
|turn|6
|
|t:|1757917934
|switch|p2a: Blissey|Blissey, F|100/100
|move|p1a: Slowking|Sludge Bomb|p2a: Blissey
|-damage|p2a: Blissey|91/100
|
|upkeep
|turn|7
|
|t:|1757917941
|move|p2a: Blissey|Stealth Rock|p1a: Slowking
|-sidestart|p1: monkeyooooooo|move: Stealth Rock
|-prepare|p1a: Slowking|Chilly Reception|[premajor]
|move|p1a: Slowking|Chilly Reception|p1a: Slowking
|-weather|Snowscape
|
|t:|1757917945
|switch|p1a: Iron Treads|Iron Treads|100/100|[from] Chilly Reception
|-damage|p1a: Iron Treads|97/100|[from] Stealth Rock
|-item|p1a: Iron Treads|Air Balloon
|
|-weather|Snowscape|[upkeep]
|upkeep
|turn|8
|
|t:|1757917967
|switch|p2a: Alomomola|Alomomola, M|99/100
|move|p1a: Iron Treads|Rapid Spin|p2a: Alomomola
|-damage|p2a: Alomomola|91/100
|-boost|p1a: Iron Treads|spe|1
|-sideend|p1: monkeyooooooo|Stealth Rock|[from] move: Rapid Spin|[of] p1a: Iron Treads
|
|-weather|Snowscape|[upkeep]
|upkeep
|turn|9
|
|t:|1757917977
|-end|p1a: Iron Treads|Quark Drive|[silent]
|switch|p1a: Slowking|Slowking-Galar, M|84/100
|move|p2a: Alomomola|Scald|p1a: Slowking
|-damage|p1a: Slowking|74/100
|
|-weather|Snowscape|[upkeep]
|upkeep
|turn|10
|
|t:|1757917995
|switch|p2a: Blissey|Blissey, F|91/100
|-prepare|p1a: Slowking|Chilly Reception|[premajor]
|move|p1a: Slowking|Chilly Reception|p1a: Slowking
|
|t:|1757918004
|switch|p1a: Dragapult|Dragapult, M|100/100|[from] Chilly Reception
|
|-weather|Snowscape|[upkeep]
|upkeep
|turn|11
|
|t:|1757918012
|move|p1a: Dragapult|Dragon Darts|p2a: Blissey
|-damage|p2a: Blissey|47/100
|-anim|p1a: Dragapult|Dragon Darts|p2a: Blissey
|-damage|p2a: Blissey|6/100
|move|p2a: Blissey|Stealth Rock|p1a: Dragapult
|-sidestart|p1: monkeyooooooo|move: Stealth Rock
|
|-weather|none
|upkeep
|turn|12
|
|t:|1757918020
|switch|p2a: Alomomola|Alomomola, M|100/100
|move|p1a: Dragapult|Dragon Darts|p2a: Alomomola
|-damage|p2a: Alomomola|79/100
|-anim|p1a: Dragapult|Dragon Darts|p2a: Alomomola
|-damage|p2a: Alomomola|59/100
|
|upkeep
|turn|13
|
|t:|1757918028
|move|p1a: Dragapult|Dragon Darts|p2a: Alomomola
|-damage|p2a: Alomomola|39/100
|-anim|p1a: Dragapult|Dragon Darts|p2a: Alomomola
|-damage|p2a: Alomomola|16/100
|move|p2a: Alomomola|Wish|p2a: Alomomola
|
|upkeep
|turn|14
|
|t:|1757918033
|move|p2a: Alomomola|Protect|p2a: Alomomola
|-singleturn|p2a: Alomomola|Protect
|move|p1a: Dragapult|Dragon Darts|p2a: Alomomola
|-activate|p2a: Alomomola|move: Protect
|
|-heal|p2a: Alomomola|66/100|[from] move: Wish|[wisher] Alomomola
|upkeep
|turn|15
|
|t:|1757918040
|switch|p1a: Slowking|Slowking-Galar, M|100/100
|-damage|p1a: Slowking|88/100|[from] Stealth Rock
|move|p2a: Alomomola|Wish|p2a: Alomomola
|
|upkeep
|turn|16
|
|t:|1757918051
|move|p2a: Alomomola|Flip Turn|p1a: Slowking
|-damage|p1a: Slowking|76/100
|-damage|p2a: Alomomola|50/100|[from] item: Rocky Helmet|[of] p1a: Slowking
|
|t:|1757918056
|switch|p2a: Clodsire|Clodsire, M|100/100|[from] Flip Turn
|move|p1a: Slowking|Psychic Noise|p2a: Clodsire
|-supereffective|p2a: Clodsire
|-damage|p2a: Clodsire|67/100
|-start|p2a: Clodsire|move: Heal Block
|
|upkeep
|turn|17
|
|t:|1757918067
|switch|p2a: Alomomola|Alomomola, M|83/100
|-prepare|p1a: Slowking|Chilly Reception|[premajor]
|move|p1a: Slowking|Chilly Reception|p1a: Slowking
|-weather|Snowscape
|
|t:|1757918075
|switch|p1a: Iron Treads|Iron Treads|97/100|[from] Chilly Reception
|-damage|p1a: Iron Treads|94/100|[from] Stealth Rock
|-item|p1a: Iron Treads|Air Balloon
|
|-weather|Snowscape|[upkeep]
|upkeep
|turn|18
|
|t:|1757918082
|move|p1a: Iron Treads|Rapid Spin|p2a: Alomomola
|-damage|p2a: Alomomola|74/100
|-boost|p1a: Iron Treads|spe|1
|-sideend|p1: monkeyooooooo|Stealth Rock|[from] move: Rapid Spin|[of] p1a: Iron Treads
|move|p2a: Alomomola|Wish|p2a: Alomomola
|
|-weather|Snowscape|[upkeep]
|upkeep
|turn|19
|
|t:|1757918090
|-end|p1a: Iron Treads|Quark Drive|[silent]
|switch|p1a: Golem|Golem-Alola, F|100/100
|move|p2a: Alomomola|Flip Turn|p1a: Golem
|-supereffective|p1a: Golem
|-damage|p1a: Golem|69/100
|
|t:|1757918101
|switch|p2a: Blissey|Blissey, F|6/100|[from] Flip Turn
|
|-weather|Snowscape|[upkeep]
|-heal|p2a: Blissey|47/100|[from] move: Wish|[wisher] Alomomola
|upkeep
|turn|20
|
|t:|1757918109
|switch|p2a: Gliscor|Gliscor, F|51/100 tox
|move|p1a: Golem|Stealth Rock|p2a: Gliscor
|-sidestart|p2: randombananaYAY|move: Stealth Rock
|
|-weather|Snowscape|[upkeep]
|-heal|p2a: Gliscor|63/100 tox|[from] ability: Poison Heal
|upkeep
|turn|21
|
|t:|1757918120
|switch|p1a: Keldeo|Keldeo|100/100
|move|p2a: Gliscor|Protect||[still]
|-fail|p2a: Gliscor
|
|-weather|none
|-heal|p2a: Gliscor|76/100 tox|[from] ability: Poison Heal
|upkeep
|turn|22
|
|t:|1757918128
|move|p2a: Gliscor|Protect|p2a: Gliscor
|-singleturn|p2a: Gliscor|Protect
|move|p1a: Keldeo|Surf|p2a: Gliscor
|-activate|p2a: Gliscor|move: Protect
|
|-heal|p2a: Gliscor|88/100 tox|[from] ability: Poison Heal
|upkeep
|turn|23
|
|t:|1757918133
|switch|p2a: Toxapex|Toxapex, F|100/100
|move|p1a: Keldeo|Calm Mind|p1a: Keldeo
|-boost|p1a: Keldeo|spa|1
|-boost|p1a: Keldeo|spd|1
|
|upkeep
|turn|24
|
|t:|1757918139
|switch|p1a: Slowking|Slowking-Galar, M|100/100
|move|p2a: Toxapex|Toxic|p1a: Slowking
|-immune|p1a: Slowking
|
|upkeep
|turn|25
|
|t:|1757918156
|switch|p2a: Alomomola|Alomomola, M|100/100
|move|p1a: Slowking|Psychic Noise|p2a: Alomomola
|-damage|p2a: Alomomola|67/100
|-start|p2a: Alomomola|move: Heal Block
|
|upkeep
|turn|26
|
|t:|1757918170
|switch|p2a: Toxapex|Toxapex, F|100/100
|move|p1a: Slowking|Sludge Bomb|p2a: Toxapex
|-resisted|p2a: Toxapex
|-damage|p2a: Toxapex|87/100
|
|upkeep
|turn|27
|
|t:|1757918180
|switch|p2a: Alomomola|Alomomola, M|100/100
|move|p1a: Slowking|Psychic Noise|p2a: Alomomola
|-damage|p2a: Alomomola|65/100
|-start|p2a: Alomomola|move: Heal Block
|
|upkeep
|turn|28
|
|t:|1757918187
|move|p2a: Alomomola|Protect|p2a: Alomomola
|-singleturn|p2a: Alomomola|Protect
|move|p1a: Slowking|Psychic Noise|p2a: Alomomola
|-activate|p2a: Alomomola|move: Protect
|
|-end|p2a: Alomomola|move: Heal Block
|upkeep
|turn|29
|inactive|randombananaYAY has 120 seconds left.
|
|t:|1757918220
|-terastallize|p2a: Alomomola|Dark
|move|p2a: Alomomola|Scald|p1a: Slowking
|-damage|p1a: Slowking|90/100
|-status|p1a: Slowking|brn
|move|p1a: Slowking|Psychic Noise|p2a: Alomomola
|-immune|p2a: Alomomola
|
|-damage|p1a: Slowking|84/100 brn|[from] brn
|upkeep
|turn|30
|inactive|randombananaYAY has 120 seconds left.
|
|t:|1757918231
|switch|p2a: Toxapex|Toxapex, F|100/100
|move|p1a: Slowking|Sludge Bomb|p2a: Toxapex
|-resisted|p2a: Toxapex
|-damage|p2a: Toxapex|87/100
|
|-damage|p1a: Slowking|78/100 brn|[from] brn
|upkeep
|turn|31
|inactive|randombananaYAY has 120 seconds left.
|
|t:|1757918243
|switch|p2a: Blissey|Blissey, F|47/100
|-prepare|p1a: Slowking|Chilly Reception|[premajor]
|move|p1a: Slowking|Chilly Reception|p1a: Slowking
|-weather|Snowscape
|
|t:|1757918247
|switch|p1a: Dragapult|Dragapult, M|100/100|[from] Chilly Reception
|
|-weather|Snowscape|[upkeep]
|upkeep
|turn|32
|
|t:|1757918253
|switch|p2a: Alomomola|Alomomola, M, tera:Dark|98/100
|move|p1a: Dragapult|Dragon Darts|p2a: Alomomola
|-damage|p2a: Alomomola|77/100
|-anim|p1a: Dragapult|Dragon Darts|p2a: Alomomola
|-damage|p2a: Alomomola|55/100
|
|-weather|Snowscape|[upkeep]
|upkeep
|turn|33
|
|t:|1757918259
|move|p2a: Alomomola|Protect|p2a: Alomomola
|-singleturn|p2a: Alomomola|Protect
|move|p1a: Dragapult|Dragon Darts|p2a: Alomomola
|-activate|p2a: Alomomola|move: Protect
|
|-weather|Snowscape|[upkeep]
|upkeep
|turn|34
|
|t:|1757918265
|move|p1a: Dragapult|Dragon Darts|p2a: Alomomola
|-damage|p2a: Alomomola|32/100
|-anim|p1a: Dragapult|Dragon Darts|p2a: Alomomola
|-damage|p2a: Alomomola|10/100
|move|p2a: Alomomola|Wish|p2a: Alomomola
|
|-weather|Snowscape|[upkeep]
|upkeep
|turn|35
|
|t:|1757918269
|move|p2a: Alomomola|Protect|p2a: Alomomola
|-singleturn|p2a: Alomomola|Protect
|move|p1a: Dragapult|Dragon Darts|p2a: Alomomola
|-activate|p2a: Alomomola|move: Protect
|
|-weather|none
|-heal|p2a: Alomomola|60/100|[from] move: Wish|[wisher] Alomomola
|upkeep
|turn|36
|
|t:|1757918281
|switch|p1a: Golem|Golem-Alola, F|69/100
|move|p2a: Alomomola|Wish|p2a: Alomomola
|
|upkeep
|turn|37
|
|t:|1757918286
|switch|p2a: Gliscor|Gliscor, F|88/100 tox
|-damage|p2a: Gliscor|76/100 tox|[from] Stealth Rock
|move|p1a: Golem|Explosion|p2a: Gliscor
|-damage|p2a: Gliscor|9/100 tox
|faint|p1a: Golem
|
|-heal|p2a: Gliscor|85/100 tox|[from] move: Wish|[wisher] Alomomola
|-heal|p2a: Gliscor|97/100 tox|[from] ability: Poison Heal
|upkeep
|
|t:|1757918303
|switch|p1a: Slowking|Slowking-Galar, M|100/100 brn
|turn|38
|
|t:|1757918308
|switch|p2a: Blissey|Blissey, F|47/100
|move|p1a: Slowking|Ice Beam|p2a: Blissey
|-damage|p2a: Blissey|40/100
|
|-damage|p1a: Slowking|94/100 brn|[from] brn
|upkeep
|turn|39
|
|t:|1757918314
|move|p2a: Blissey|Soft-Boiled|p2a: Blissey
|-heal|p2a: Blissey|90/100
|move|p1a: Slowking|Psychic Noise|p2a: Blissey
|-damage|p2a: Blissey|82/100
|-start|p2a: Blissey|move: Heal Block
|
|-damage|p1a: Slowking|88/100 brn|[from] brn
|upkeep
|turn|40
|
|t:|1757918318
|switch|p1a: Dragapult|Dragapult, M|100/100
|move|p2a: Blissey|Stealth Rock|p1a: Dragapult
|-sidestart|p1: monkeyooooooo|move: Stealth Rock
|
|-end|p2a: Blissey|move: Heal Block
|upkeep
|turn|41
|
|t:|1757918325
|switch|p2a: Alomomola|Alomomola, M, tera:Dark|94/100
|move|p1a: Dragapult|Dragon Darts|p2a: Alomomola
|-damage|p2a: Alomomola|71/100
|-anim|p1a: Dragapult|Dragon Darts|p2a: Alomomola
|-damage|p2a: Alomomola|49/100
|
|upkeep
|turn|42
|
|t:|1757918332
|move|p2a: Alomomola|Protect|p2a: Alomomola
|-singleturn|p2a: Alomomola|Protect
|move|p1a: Dragapult|Dragon Darts|p2a: Alomomola
|-activate|p2a: Alomomola|move: Protect
|
|upkeep
|turn|43
|
|t:|1757918339
|switch|p2a: Dondozo|Dondozo, M|100/100
|move|p1a: Dragapult|Dragon Darts|p2a: Dondozo
|-damage|p2a: Dondozo|84/100
|-anim|p1a: Dragapult|Dragon Darts|p2a: Dondozo
|-damage|p2a: Dondozo|64/100
|
|upkeep
|turn|44
|
|t:|1757918351
|move|p1a: Dragapult|Dragon Darts|p2a: Dondozo
|-damage|p2a: Dondozo|45/100
|-anim|p1a: Dragapult|Dragon Darts|p2a: Dondozo
|-damage|p2a: Dondozo|28/100
|move|p2a: Dondozo|Curse|p2a: Dondozo
|-unboost|p2a: Dondozo|spe|1
|-boost|p2a: Dondozo|atk|1
|-boost|p2a: Dondozo|def|1
|
|upkeep
|turn|45
|
|t:|1757918370
|move|p1a: Dragapult|Dragon Darts|p2a: Dondozo
|-damage|p2a: Dondozo|16/100
|-anim|p1a: Dragapult|Dragon Darts|p2a: Dondozo
|-damage|p2a: Dondozo|4/100
|move|p2a: Dondozo|Rest|p2a: Dondozo
|-status|p2a: Dondozo|slp|[from] move: Rest
|-heal|p2a: Dondozo|100/100 slp|[silent]
|
|upkeep
|turn|46
|
|t:|1757918380
|switch|p1a: Iron Treads|Iron Treads|94/100
|-damage|p1a: Iron Treads|91/100|[from] Stealth Rock
|-item|p1a: Iron Treads|Air Balloon
|cant|p2a: Dondozo|slp
|move|p2a: Dondozo|Sleep Talk|p2a: Dondozo
|move|p2a: Dondozo|Rest||[from] move: Sleep Talk|[still]
|-fail|p2a: Dondozo
|
|upkeep
|turn|47
|
|t:|1757918389
|move|p1a: Iron Treads|Rapid Spin|p2a: Dondozo
|-damage|p2a: Dondozo|95/100 slp
|-boost|p1a: Iron Treads|spe|1
|-sideend|p1: monkeyooooooo|Stealth Rock|[from] move: Rapid Spin|[of] p1a: Iron Treads
|cant|p2a: Dondozo|slp
|move|p2a: Dondozo|Sleep Talk|p2a: Dondozo
|move|p2a: Dondozo|Curse|p2a: Dondozo|[from] move: Sleep Talk
|-unboost|p2a: Dondozo|spe|1
|-boost|p2a: Dondozo|atk|1
|-boost|p2a: Dondozo|def|1
|
|upkeep
|turn|48
|
|t:|1757918396
|-end|p1a: Iron Treads|Quark Drive|[silent]
|switch|p1a: Slowking|Slowking-Galar, M|100/100 brn
|-curestatus|p2a: Dondozo|slp|[msg]
|move|p2a: Dondozo|Avalanche|p1a: Slowking
|-damage|p1a: Slowking|80/100 brn
|-damage|p2a: Dondozo|78/100|[from] item: Rocky Helmet|[of] p1a: Slowking
|
|-damage|p1a: Slowking|74/100 brn|[from] brn
|upkeep
|turn|49
|
|t:|1757918407
|switch|p2a: Blissey|Blissey, F|82/100
|move|p1a: Slowking|Psychic Noise|p2a: Blissey
|-damage|p2a: Blissey|73/100
|-start|p2a: Blissey|move: Heal Block
|
|-damage|p1a: Slowking|68/100 brn|[from] brn
|upkeep
|turn|50
|
|t:|1757918412
|switch|p1a: Dragapult|Dragapult, M|100/100
|move|p2a: Blissey|Stealth Rock|p1a: Dragapult
|-sidestart|p1: monkeyooooooo|move: Stealth Rock
|
|-end|p2a: Blissey|move: Heal Block
|upkeep
|turn|51
|
|t:|1757918421
|switch|p2a: Alomomola|Alomomola, M, tera:Dark|82/100
|move|p1a: Dragapult|U-turn|p2a: Alomomola
|-supereffective|p2a: Alomomola
|-damage|p2a: Alomomola|41/100
|
|t:|1757918436
|switch|p1a: Iron Treads|Iron Treads|91/100|[from] U-turn
|-damage|p1a: Iron Treads|88/100|[from] Stealth Rock
|-item|p1a: Iron Treads|Air Balloon
|
|upkeep
|turn|52
|
|t:|1757918446
|switch|p2a: Gliscor|Gliscor, F|97/100 tox
|-damage|p2a: Gliscor|85/100 tox|[from] Stealth Rock
|move|p1a: Iron Treads|Rapid Spin|p2a: Gliscor
|-damage|p2a: Gliscor|71/100 tox
|-boost|p1a: Iron Treads|spe|1
|-sideend|p1: monkeyooooooo|Stealth Rock|[from] move: Rapid Spin|[of] p1a: Iron Treads
|
|-heal|p2a: Gliscor|83/100 tox|[from] ability: Poison Heal
|upkeep
|turn|53
|
|t:|1757918456
|switch|p2a: Alomomola|Alomomola, M, tera:Dark|74/100
|move|p1a: Iron Treads|Ice Spinner|p2a: Alomomola
|-damage|p2a: Alomomola|58/100
|
|upkeep
|turn|54
|
|t:|1757918465
|switch|p2a: Gliscor|Gliscor, F|83/100 tox
|-damage|p2a: Gliscor|71/100 tox|[from] Stealth Rock
|move|p1a: Iron Treads|Earthquake|p2a: Gliscor
|-immune|p2a: Gliscor
|
|-heal|p2a: Gliscor|83/100 tox|[from] ability: Poison Heal
|upkeep
|turn|55
|
|t:|1757918475
|-end|p1a: Iron Treads|Quark Drive|[silent]
|switch|p1a: Dragapult|Dragapult, M|100/100
|switch|p2a: Alomomola|Alomomola, M, tera:Dark|91/100
|
|upkeep
|turn|56
|
|t:|1757918479
|move|p2a: Alomomola|Protect|p2a: Alomomola
|-singleturn|p2a: Alomomola|Protect
|move|p1a: Dragapult|U-turn|p2a: Alomomola
|-activate|p2a: Alomomola|move: Protect
|
|upkeep
|turn|57
|
|t:|1757918485
|switch|p2a: Toxapex|Toxapex, F|100/100
|move|p1a: Dragapult|U-turn|p2a: Toxapex
|-resisted|p2a: Toxapex
|-damage|p2a: Toxapex|89/100
|
|t:|1757918505
|switch|p1a: Iron Treads|Iron Treads|88/100|[from] U-turn
|-item|p1a: Iron Treads|Air Balloon
|
|upkeep
|turn|58
|
|t:|1757918524
|switch|p2a: Alomomola|Alomomola, M, tera:Dark|100/100
|move|p1a: Iron Treads|Ice Spinner|p2a: Alomomola
|-damage|p2a: Alomomola|86/100
|
|upkeep
|turn|59
|
|t:|1757918532
|-end|p1a: Iron Treads|Quark Drive|[silent]
|switch|p1a: Slowking|Slowking-Galar, M|100/100 brn
|move|p2a: Alomomola|Flip Turn|p1a: Slowking
|-damage|p1a: Slowking|90/100 brn
|-damage|p2a: Alomomola|69/100|[from] item: Rocky Helmet|[of] p1a: Slowking
|
|t:|1757918539
|switch|p2a: Blissey|Blissey, F|73/100|[from] Flip Turn
|
|-damage|p1a: Slowking|83/100 brn|[from] brn
|upkeep
|turn|60
|
|t:|1757918547
|switch|p1a: Iron Treads|Iron Treads|88/100
|-item|p1a: Iron Treads|Air Balloon
|move|p2a: Blissey|Stealth Rock|p1a: Iron Treads
|-sidestart|p1: monkeyooooooo|move: Stealth Rock
|
|upkeep
|turn|61
|
|t:|1757918554
|switch|p2a: Alomomola|Alomomola, M, tera:Dark|100/100
|move|p1a: Iron Treads|Rapid Spin|p2a: Alomomola
|-damage|p2a: Alomomola|91/100
|-boost|p1a: Iron Treads|spe|1
|-sideend|p1: monkeyooooooo|Stealth Rock|[from] move: Rapid Spin|[of] p1a: Iron Treads
|
|upkeep
|turn|62
|
|t:|1757918566
|-end|p1a: Iron Treads|Quark Drive|[silent]
|switch|p1a: Slowking|Slowking-Galar, M|100/100 brn
|move|p2a: Alomomola|Flip Turn|p1a: Slowking
|-damage|p1a: Slowking|88/100 brn
|-damage|p2a: Alomomola|74/100|[from] item: Rocky Helmet|[of] p1a: Slowking
|
|t:|1757918576
|switch|p2a: Blissey|Blissey, F|73/100|[from] Flip Turn
|
|-damage|p1a: Slowking|81/100 brn|[from] brn
|upkeep
|turn|63
|
|t:|1757918585
|switch|p1a: Iron Treads|Iron Treads|88/100
|-item|p1a: Iron Treads|Air Balloon
|move|p2a: Blissey|Stealth Rock|p1a: Iron Treads
|-sidestart|p1: monkeyooooooo|move: Stealth Rock
|
|upkeep
|turn|64
|
|t:|1757918600
|switch|p2a: Alomomola|Alomomola, M, tera:Dark|100/100
|move|p1a: Iron Treads|Rapid Spin|p2a: Alomomola
|-damage|p2a: Alomomola|91/100
|-boost|p1a: Iron Treads|spe|1
|-sideend|p1: monkeyooooooo|Stealth Rock|[from] move: Rapid Spin|[of] p1a: Iron Treads
|
|upkeep
|turn|65
|
|t:|1757918606
|-end|p1a: Iron Treads|Quark Drive|[silent]
|switch|p1a: Slowking|Slowking-Galar, M|100/100 brn
|switch|p2a: Blissey|Blissey, F|73/100
|
|-damage|p1a: Slowking|94/100 brn|[from] brn
|upkeep
|turn|66
|
|t:|1757918613
|switch|p1a: Iron Treads|Iron Treads|88/100
|-item|p1a: Iron Treads|Air Balloon
|move|p2a: Blissey|Seismic Toss|p1a: Iron Treads
|-damage|p1a: Iron Treads|57/100
|-enditem|p1a: Iron Treads|Air Balloon
|
|upkeep
|turn|67
|inactive|monkeyooooooo has 120 seconds left.
|
|t:|1757918656
|switch|p2a: Alomomola|Alomomola, M, tera:Dark|100/100
|move|p1a: Iron Treads|Earthquake|p2a: Alomomola
|-damage|p2a: Alomomola|74/100
|
|upkeep
|turn|68
|
|t:|1757918668
|-end|p1a: Iron Treads|Quark Drive|[silent]
|switch|p1a: Slowking|Slowking-Galar, M|100/100 brn
|move|p2a: Alomomola|Scald|p1a: Slowking
|-damage|p1a: Slowking|89/100 brn
|
|-damage|p1a: Slowking|83/100 brn|[from] brn
|upkeep
|turn|69
|
|t:|1757918675
|switch|p2a: Blissey|Blissey, F|73/100
|-prepare|p1a: Slowking|Chilly Reception|[premajor]
|move|p1a: Slowking|Chilly Reception|p1a: Slowking
|-weather|Snowscape
|inactive|monkeyooooooo has 120 seconds left.
|
|t:|1757918682
|switch|p1a: Dragapult|Dragapult, M|100/100|[from] Chilly Reception
|
|-weather|Snowscape|[upkeep]
|upkeep
|turn|70
|
|t:|1757918687
|switch|p2a: Toxapex|Toxapex, F|100/100
|move|p1a: Dragapult|Dragon Darts|p2a: Toxapex
|-damage|p2a: Toxapex|76/100
|-anim|p1a: Dragapult|Dragon Darts|p2a: Toxapex
|-damage|p2a: Toxapex|53/100
|
|-weather|Snowscape|[upkeep]
|upkeep
|turn|71
|
|t:|1757918695
|switch|p1a: Slowking|Slowking-Galar, M|100/100 brn
|switch|p2a: Alomomola|Alomomola, M, tera:Dark|100/100
|
|-weather|Snowscape|[upkeep]
|-damage|p1a: Slowking|94/100 brn|[from] brn
|upkeep
|turn|72
|
|t:|1757918703
|switch|p2a: Blissey|Blissey, F|73/100
|-prepare|p1a: Slowking|Chilly Reception|[premajor]
|move|p1a: Slowking|Chilly Reception|p1a: Slowking
|
|t:|1757918707
|switch|p1a: Dragapult|Dragapult, M|100/100|[from] Chilly Reception
|
|-weather|Snowscape|[upkeep]
|upkeep
|turn|73
|
|t:|1757918714
|switch|p2a: Toxapex|Toxapex, F|86/100
|move|p1a: Dragapult|U-turn|p2a: Toxapex
|-resisted|p2a: Toxapex
|-damage|p2a: Toxapex|74/100
|inactive|monkeyooooooo has 120 seconds left.
|
|t:|1757918745
|switch|p1a: Iron Treads|Iron Treads|57/100|[from] U-turn
|
|-weather|none
|upkeep
|turn|74
|
|t:|1757918752
|switch|p2a: Alomomola|Alomomola, M, tera:Dark|100/100
|move|p1a: Iron Treads|Earthquake|p2a: Alomomola
|-damage|p2a: Alomomola|75/100
|
|upkeep
|turn|75
|
|t:|1757918763
|-end|p1a: Iron Treads|Quark Drive|[silent]
|switch|p1a: Slowking|Slowking-Galar, M|100/100 brn
|move|p2a: Alomomola|Flip Turn|p1a: Slowking
|-damage|p1a: Slowking|87/100 brn
|-damage|p2a: Alomomola|59/100|[from] item: Rocky Helmet|[of] p1a: Slowking
|
|t:|1757918775
|switch|p2a: Blissey|Blissey, F|73/100|[from] Flip Turn
|
|-damage|p1a: Slowking|81/100 brn|[from] brn
|upkeep
|turn|76
|
|t:|1757918783
|switch|p1a: Iron Treads|Iron Treads|57/100
|move|p2a: Blissey|Stealth Rock|p1a: Iron Treads
|-sidestart|p1: monkeyooooooo|move: Stealth Rock
|
|upkeep
|turn|77
|
|t:|1757918793
|switch|p2a: Alomomola|Alomomola, M, tera:Dark|92/100
|move|p1a: Iron Treads|Rapid Spin|p2a: Alomomola
|-damage|p2a: Alomomola|82/100
|-boost|p1a: Iron Treads|spe|1
|-sideend|p1: monkeyooooooo|Stealth Rock|[from] move: Rapid Spin|[of] p1a: Iron Treads
|
|upkeep
|turn|78
|
|t:|1757918802
|-end|p1a: Iron Treads|Quark Drive|[silent]
|switch|p1a: Dragapult|Dragapult, M|100/100
|move|p2a: Alomomola|Flip Turn|p1a: Dragapult
|-resisted|p1a: Dragapult
|-damage|p1a: Dragapult|90/100
|
|t:|1757918807
|switch|p2a: Toxapex|Toxapex, F|100/100|[from] Flip Turn
|
|upkeep
|turn|79
|
|t:|1757918812
|switch|p1a: Slowking|Slowking-Galar, M|100/100 brn
|move|p2a: Toxapex|Infestation|p1a: Slowking
|-damage|p1a: Slowking|98/100 brn
|-activate|p1a: Slowking|move: Infestation|[of] p2a: Toxapex
|-damage|p2a: Toxapex|84/100|[from] item: Rocky Helmet|[of] p1a: Slowking
|
|-damage|p1a: Slowking|92/100 brn|[from] brn
|-damage|p1a: Slowking|79/100 brn|[from] move: Infestation|[partiallytrapped]
|upkeep
|turn|80
|
|t:|1757918824
|switch|p2a: Alomomola|Alomomola, M, tera:Dark|100/100
|-prepare|p1a: Slowking|Chilly Reception|[premajor]
|move|p1a: Slowking|Chilly Reception|p1a: Slowking
|-weather|Snowscape
|
|t:|1757918830
|switch|p1a: Enamorus|Enamorus, F|100/100|[from] Chilly Reception
|
|-weather|Snowscape|[upkeep]
|upkeep
|turn|81
|
|t:|1757918841
|switch|p2a: Clodsire|Clodsire, M|67/100
|move|p1a: Enamorus|Moonblast|p2a: Clodsire
|-resisted|p2a: Clodsire
|-damage|p2a: Clodsire|50/100
|
|-weather|Snowscape|[upkeep]
|upkeep
|turn|82
|
|t:|1757918855
|switch|p1a: Slowking|Slowking-Galar, M|100/100 brn
|move|p2a: Clodsire|Recover|p2a: Clodsire
|-heal|p2a: Clodsire|100/100
|
|-weather|Snowscape|[upkeep]
|-damage|p1a: Slowking|94/100 brn|[from] brn
|upkeep
|turn|83
|
|t:|1757918867
|switch|p2a: Blissey|Blissey, F|73/100
|-prepare|p1a: Slowking|Chilly Reception|[premajor]
|move|p1a: Slowking|Chilly Reception|p1a: Slowking
|
|t:|1757918870
|switch|p1a: Dragapult|Dragapult, M|90/100|[from] Chilly Reception
|
|-weather|Snowscape|[upkeep]
|upkeep
|turn|84
|
|t:|1757918878
|switch|p2a: Toxapex|Toxapex, F|100/100
|move|p1a: Dragapult|Dragon Darts|p2a: Toxapex
|-damage|p2a: Toxapex|76/100
|-anim|p1a: Dragapult|Dragon Darts|p2a: Toxapex
|-damage|p2a: Toxapex|50/100
|
|-weather|none
|upkeep
|turn|85
|
|t:|1757918886
|switch|p2a: Alomomola|Alomomola, M, tera:Dark|100/100
|move|p1a: Dragapult|Dragon Darts|p2a: Alomomola
|-damage|p2a: Alomomola|77/100
|-anim|p1a: Dragapult|Dragon Darts|p2a: Alomomola
|-damage|p2a: Alomomola|56/100
|
|upkeep
|turn|86
|
|t:|1757918900
|switch|p1a: Slowking|Slowking-Galar, M|100/100 brn
|switch|p2a: Toxapex|Toxapex, F|83/100
|
|-damage|p1a: Slowking|94/100 brn|[from] brn
|upkeep
|turn|87
|
|t:|1757918908
|switch|p2a: Alomomola|Alomomola, M, tera:Dark|89/100
|move|p1a: Slowking|Sludge Bomb|p2a: Alomomola
|-damage|p2a: Alomomola|46/100
|
|-damage|p1a: Slowking|88/100 brn|[from] brn
|upkeep
|turn|88
|
|t:|1757918919
|switch|p2a: Toxapex|Toxapex, F|100/100
|move|p1a: Slowking|Psychic Noise|p2a: Toxapex
|-supereffective|p2a: Toxapex
|-damage|p2a: Toxapex|52/100
|-start|p2a: Toxapex|move: Heal Block
|
|-damage|p1a: Slowking|82/100 brn|[from] brn
|upkeep
|turn|89
|
|t:|1757918925
|switch|p2a: Blissey|Blissey, F|73/100
|-prepare|p1a: Slowking|Chilly Reception|[premajor]
|move|p1a: Slowking|Chilly Reception|p1a: Slowking
|-weather|Snowscape
|
|t:|1757918927
|switch|p1a: Dragapult|Dragapult, M|90/100|[from] Chilly Reception
|
|-weather|Snowscape|[upkeep]
|upkeep
|turn|90
|
|t:|1757918938
|switch|p2a: Toxapex|Toxapex, F|86/100
|move|p1a: Dragapult|U-turn|p2a: Toxapex
|-resisted|p2a: Toxapex
|-damage|p2a: Toxapex|73/100
|
|t:|1757918943
|switch|p1a: Iron Treads|Iron Treads|57/100|[from] U-turn
|
|-weather|Snowscape|[upkeep]
|upkeep
|turn|91
|
|t:|1757918951
|switch|p2a: Alomomola|Alomomola, M, tera:Dark|79/100
|move|p1a: Iron Treads|Earthquake|p2a: Alomomola
|-damage|p2a: Alomomola|53/100
|
|-weather|Snowscape|[upkeep]
|upkeep
|turn|92
|
|t:|1757918968
|-end|p1a: Iron Treads|Quark Drive|[silent]
|switch|p1a: Dragapult|Dragapult, M|90/100
|move|p2a: Alomomola|Scald|p1a: Dragapult
|-resisted|p1a: Dragapult
|-damage|p1a: Dragapult|82/100
|
|-weather|Snowscape|[upkeep]
|upkeep
|turn|93
|
|t:|1757918984
|switch|p2a: Toxapex|Toxapex, F|100/100
|move|p1a: Dragapult|U-turn|p2a: Toxapex
|-resisted|p2a: Toxapex
|-damage|p2a: Toxapex|88/100
|
|t:|1757918991
|switch|p1a: Slowking|Slowking-Galar, M|100/100 brn|[from] U-turn
|
|-weather|none
|-damage|p1a: Slowking|94/100 brn|[from] brn
|upkeep
|turn|94
|
|t:|1757919001
|switch|p2a: Blissey|Blissey, F|73/100
|-prepare|p1a: Slowking|Chilly Reception|[premajor]
|move|p1a: Slowking|Chilly Reception|p1a: Slowking
|-weather|Snowscape
|
|t:|1757919004
|switch|p1a: Keldeo|Keldeo|100/100|[from] Chilly Reception
|
|-weather|Snowscape|[upkeep]
|upkeep
|turn|95
|
|t:|1757919011
|switch|p2a: Toxapex|Toxapex, F|100/100
|move|p1a: Keldeo|Calm Mind|p1a: Keldeo
|-boost|p1a: Keldeo|spa|1
|-boost|p1a: Keldeo|spd|1
|
|-weather|Snowscape|[upkeep]
|upkeep
|turn|96
|
|t:|1757919021
|switch|p1a: Slowking|Slowking-Galar, M|100/100 brn
|move|p2a: Toxapex|Toxic||[still]
|-fail|p2a: Toxapex
|
|-weather|Snowscape|[upkeep]
|-damage|p1a: Slowking|94/100 brn|[from] brn
|upkeep
|turn|97
|
|t:|1757919028
|switch|p2a: Blissey|Blissey, F|73/100
|move|p1a: Slowking|Sludge Bomb|p2a: Blissey
|-damage|p2a: Blissey|63/100
|
|-weather|Snowscape|[upkeep]
|-damage|p1a: Slowking|88/100 brn|[from] brn
|upkeep
|turn|98
|
|t:|1757919033
|move|p2a: Blissey|Stealth Rock|p1a: Slowking
|-sidestart|p1: monkeyooooooo|move: Stealth Rock
|move|p1a: Slowking|Sludge Bomb|p2a: Blissey
|-damage|p2a: Blissey|52/100
|
|-weather|none
|-damage|p1a: Slowking|82/100 brn|[from] brn
|upkeep
|turn|99
|
|t:|1757919041
|move|p2a: Blissey|Soft-Boiled|p2a: Blissey
|-heal|p2a: Blissey|100/100
|move|p1a: Slowking|Sludge Bomb|p2a: Blissey
|-damage|p2a: Blissey|89/100
|
|-damage|p1a: Slowking|76/100 brn|[from] brn
|upkeep
|turn|100
|
|t:|1757919048
|switch|p2a: Toxapex|Toxapex, F|100/100
|-prepare|p1a: Slowking|Chilly Reception|[premajor]
|move|p1a: Slowking|Chilly Reception|p1a: Slowking
|-weather|Snowscape
|
|t:|1757919050
|switch|p1a: Iron Treads|Iron Treads|57/100|[from] Chilly Reception
|-damage|p1a: Iron Treads|54/100|[from] Stealth Rock
|
|-weather|Snowscape|[upkeep]
|upkeep
|turn|101
|
|t:|1757919060
|switch|p2a: Alomomola|Alomomola, M, tera:Dark|86/100
|move|p1a: Iron Treads|Rapid Spin|p2a: Alomomola
|-damage|p2a: Alomomola|76/100
|-boost|p1a: Iron Treads|spe|1
|-sideend|p1: monkeyooooooo|Stealth Rock|[from] move: Rapid Spin|[of] p1a: Iron Treads
|
|-weather|Snowscape|[upkeep]
|upkeep
|turn|102
|
|t:|1757919067
|-end|p1a: Iron Treads|Quark Drive|[silent]
|switch|p1a: Slowking|Slowking-Galar, M|100/100 brn
|switch|p2a: Toxapex|Toxapex, F|100/100
|
|-weather|Snowscape|[upkeep]
|-damage|p1a: Slowking|94/100 brn|[from] brn
|upkeep
|turn|103
|
|t:|1757919077
|move|p2a: Toxapex|Infestation|p1a: Slowking
|-damage|p1a: Slowking|92/100 brn
|-activate|p1a: Slowking|move: Infestation|[of] p2a: Toxapex
|-damage|p2a: Toxapex|84/100|[from] item: Rocky Helmet|[of] p1a: Slowking
|move|p1a: Slowking|Psychic Noise|p2a: Toxapex
|-supereffective|p2a: Toxapex
|-damage|p2a: Toxapex|38/100
|-start|p2a: Toxapex|move: Heal Block
|
|-weather|Snowscape|[upkeep]
|-damage|p1a: Slowking|86/100 brn|[from] brn
|-damage|p1a: Slowking|73/100 brn|[from] move: Infestation|[partiallytrapped]
|upkeep
|turn|104
|
|t:|1757919083
|switch|p2a: Blissey|Blissey, F|89/100
|move|p1a: Slowking|Sludge Bomb|p2a: Blissey
|-damage|p2a: Blissey|78/100
|
|-weather|none
|-damage|p1a: Slowking|67/100 brn|[from] brn
|-end|p1a: Slowking|Infestation|[partiallytrapped]|[silent]
|upkeep
|turn|105
|
|t:|1757919089
|switch|p1a: Iron Treads|Iron Treads|54/100
|move|p2a: Blissey|Stealth Rock|p1a: Iron Treads
|-sidestart|p1: monkeyooooooo|move: Stealth Rock
|
|upkeep
|turn|106
|
|t:|1757919094
|switch|p2a: Alomomola|Alomomola, M, tera:Dark|100/100
|move|p1a: Iron Treads|Rapid Spin|p2a: Alomomola
|-damage|p2a: Alomomola|91/100
|-boost|p1a: Iron Treads|spe|1
|-sideend|p1: monkeyooooooo|Stealth Rock|[from] move: Rapid Spin|[of] p1a: Iron Treads
|
|upkeep
|turn|107
|
|t:|1757919099
|-end|p1a: Iron Treads|Quark Drive|[silent]
|switch|p1a: Slowking|Slowking-Galar, M|100/100 brn
|move|p2a: Alomomola|Flip Turn|p1a: Slowking
|-damage|p1a: Slowking|89/100 brn
|-damage|p2a: Alomomola|74/100|[from] item: Rocky Helmet|[of] p1a: Slowking
|
|t:|1757919103
|switch|p2a: Toxapex|Toxapex, F|72/100|[from] Flip Turn
|
|-damage|p1a: Slowking|83/100 brn|[from] brn
|upkeep
|turn|108
|
|t:|1757919110
|switch|p2a: Blissey|Blissey, F|78/100
|move|p1a: Slowking|Psychic Noise|p2a: Blissey
|-damage|p2a: Blissey|69/100
|-start|p2a: Blissey|move: Heal Block
|
|-damage|p1a: Slowking|77/100 brn|[from] brn
|upkeep
|turn|109
|
|t:|1757919118
|switch|p2a: Toxapex|Toxapex, F|100/100
|switch|p1a: Iron Treads|Iron Treads|54/100
|
|upkeep
|turn|110
|
|t:|1757919125
|switch|p2a: Alomomola|Alomomola, M, tera:Dark|100/100
|move|p1a: Iron Treads|Earthquake|p2a: Alomomola
|-damage|p2a: Alomomola|75/100
|
|upkeep
|turn|111
|
|t:|1757919133
|-end|p1a: Iron Treads|Quark Drive|[silent]
|switch|p1a: Slowking|Slowking-Galar, M|100/100 brn
|switch|p2a: Toxapex|Toxapex, F|100/100
|
|-damage|p1a: Slowking|94/100 brn|[from] brn
|upkeep
|turn|112
|
|t:|1757919139
|switch|p2a: Blissey|Blissey, F|69/100
|-prepare|p1a: Slowking|Chilly Reception|[premajor]
|move|p1a: Slowking|Chilly Reception|p1a: Slowking
|-weather|Snowscape
|
|t:|1757919142
|switch|p1a: Dragapult|Dragapult, M|82/100|[from] Chilly Reception
|
|-weather|Snowscape|[upkeep]
|upkeep
|turn|113
|
|t:|1757919147
|switch|p2a: Toxapex|Toxapex, F|100/100
|move|p1a: Dragapult|U-turn|p2a: Toxapex
|-resisted|p2a: Toxapex
|-damage|p2a: Toxapex|90/100
|
|t:|1757919155
|switch|p1a: Slowking|Slowking-Galar, M|100/100 brn|[from] U-turn
|
|-weather|Snowscape|[upkeep]
|-damage|p1a: Slowking|94/100 brn|[from] brn
|upkeep
|turn|114
|
|t:|1757919163
|move|p2a: Toxapex|Infestation|p1a: Slowking
|-damage|p1a: Slowking|92/100 brn
|-activate|p1a: Slowking|move: Infestation|[of] p2a: Toxapex
|-damage|p2a: Toxapex|73/100|[from] item: Rocky Helmet|[of] p1a: Slowking
|-prepare|p1a: Slowking|Chilly Reception|[premajor]
|move|p1a: Slowking|Chilly Reception|p1a: Slowking
|
|t:|1757919173
|switch|p1a: Iron Treads|Iron Treads|54/100|[from] Chilly Reception
|
|-weather|Snowscape|[upkeep]
|upkeep
|turn|115
|
|t:|1757919176
|switch|p2a: Alomomola|Alomomola, M, tera:Dark|100/100
|move|p1a: Iron Treads|Earthquake|p2a: Alomomola
|-damage|p2a: Alomomola|73/100
|
|-weather|Snowscape|[upkeep]
|upkeep
|turn|116
|
|t:|1757919182
|-end|p1a: Iron Treads|Quark Drive|[silent]
|switch|p1a: Slowking|Slowking-Galar, M|100/100 brn
|move|p2a: Alomomola|Scald|p1a: Slowking
|-damage|p1a: Slowking|88/100 brn
|
|-weather|none
|-damage|p1a: Slowking|82/100 brn|[from] brn
|upkeep
|turn|117
|
|t:|1757919189
|switch|p2a: Toxapex|Toxapex, F|100/100
|-prepare|p1a: Slowking|Chilly Reception|[premajor]
|move|p1a: Slowking|Chilly Reception|p1a: Slowking
|-weather|Snowscape
|
|t:|1757919200
|switch|p1a: Dragapult|Dragapult, M|82/100|[from] Chilly Reception
|
|-weather|Snowscape|[upkeep]
|upkeep
|turn|118
|
|t:|1757919208
|-terastallize|p1a: Dragapult|Ghost
|move|p1a: Dragapult|Tera Blast|p2a: Toxapex|[anim] Tera Blast Ghost
|-damage|p2a: Toxapex|49/100
|move|p2a: Toxapex|Infestation|p1a: Dragapult
|-resisted|p1a: Dragapult
|-damage|p1a: Dragapult|80/100
|-activate|p1a: Dragapult|move: Infestation|[of] p2a: Toxapex
|
|-weather|Snowscape|[upkeep]
|-damage|p1a: Dragapult|67/100|[from] move: Infestation|[partiallytrapped]
|upkeep
|turn|119
|
|t:|1757919222
|switch|p2a: Alomomola|Alomomola, M, tera:Dark|100/100
|move|p1a: Dragapult|Tera Blast|p2a: Alomomola|[anim] Tera Blast Ghost
|-resisted|p2a: Alomomola
|-damage|p2a: Alomomola|78/100
|
|-weather|Snowscape|[upkeep]
|-end|p1a: Dragapult|Infestation|[partiallytrapped]|[silent]
|upkeep
|turn|120
|
|t:|1757919233
|switch|p2a: Toxapex|Toxapex, F|82/100
|move|p1a: Dragapult|Tera Blast|p2a: Toxapex|[anim] Tera Blast Ghost
|-damage|p2a: Toxapex|30/100
|
|-weather|Snowscape|[upkeep]
|upkeep
|turn|121
|
|t:|1757919239
|switch|p2a: Alomomola|Alomomola, M, tera:Dark|100/100
|move|p1a: Dragapult|Tera Blast|p2a: Alomomola|[anim] Tera Blast Ghost
|-resisted|p2a: Alomomola
|-damage|p2a: Alomomola|79/100
|
|-weather|none
|upkeep
|turn|122
|
|t:|1757919246
|move|p1a: Dragapult|Tera Blast|p2a: Alomomola|[anim] Tera Blast Ghost
|-resisted|p2a: Alomomola
|-damage|p2a: Alomomola|54/100
|move|p2a: Alomomola|Scald|p1a: Dragapult
|-damage|p1a: Dragapult|48/100
|-status|p1a: Dragapult|brn
|
|-damage|p1a: Dragapult|42/100 brn|[from] brn
|upkeep
|turn|123
|inactive|monkeyooooooo has 120 seconds left.
|inactive|monkeyooooooo has 90 seconds left.
|inactive|monkeyooooooo has 60 seconds left.
|inactive|monkeyooooooo has 30 seconds left.
|inactive|monkeyooooooo has 20 seconds left.
|inactive|monkeyooooooo has 15 seconds left.
|inactive|monkeyooooooo has 10 seconds left.
|inactive|monkeyooooooo has 5 seconds left.
|-message|monkeyooooooo lost due to inactivity.
|
|win|randombananaYAY
|raw|monkeyooooooo's rating: 1551 &rarr; <strong>1531</strong><br />(-20 for losing)
|raw|randombananaYAY's rating: 1550 &rarr; <strong>1570</strong><br />(+20 for winning)
|l|☆randombananaYAY
|player|p2|
