|j|☆Typrim
|j|☆Midorinome
|t:|1757897301
|gametype|singles
|player|p1|Typrim|hugh|1237
|player|p2|Midorinome|169|1309
|gen|9
|tier|[Gen 9] OU
|rated|
|rule|HP Percentage Mod: HP is shown in percentages
|rule|Endless Battle Clause: Forcing endless battles is banned
|rule|Species Clause: Limit one of each Pokémon
|rule|OHKO Clause: OHKO moves are banned
|rule|Evasion Items Clause: Evasion items are banned
|rule|Evasion Moves Clause: Evasion moves are banned
|rule|Evasion Abilities Clause: Evasion abilities are banned
|rule|Sleep Moves Clause: Sleep-inducing moves are banned
|clearpoke
|poke|p1|Empoleon, M|
|poke|p1|Garchomp, F|
|poke|p1|Cinderace, M|
|poke|p1|Serperior, M|
|poke|p1|Latias, F|
|poke|p1|Corviknight, M|
|poke|p2|Ursaluna, F|
|poke|p2|Salamence, M|
|poke|p2|Umbreon, M|
|poke|p2|Skeledirge, F|
|poke|p2|Avalugg, M|
|poke|p2|Farigiraf, F|
|teampreview
|inactive|Battle timer is ON: inactive players will automatically lose when time's up. (requested by Typrim)
|
|t:|1757897316
|teamsize|p1|6
|teamsize|p2|6
|start
|switch|p1a: Latias|Latias, F|100/100
|switch|p2a: Ellie s Bear|Ursaluna, F|100/100
|turn|1
|
|t:|1757897338
|move|p1a: Latias|Draco Meteor|p2a: Ellie s Bear
|-damage|p2a: Ellie s Bear|42/100
|-unboost|p1a: Latias|spa|2
|move|p2a: Ellie s Bear|Ice Punch|p1a: Latias
|-supereffective|p1a: Latias
|-damage|p1a: Latias|29/100
|
|-status|p2a: Ellie s Bear|brn|[from] item: Flame Orb
|upkeep
|turn|2
|
|t:|1757897346
|switch|p1a: Corviknight|Corviknight, M|100/100
|move|p2a: Ellie s Bear|Facade|p1a: Corviknight
|-resisted|p1a: Corviknight
|-damage|p1a: Corviknight|67/100
|-damage|p2a: Ellie s Bear|26/100 brn|[from] item: Rocky Helmet|[of] p1a: Corviknight
|
|-damage|p2a: Ellie s Bear|19/100 brn|[from] brn
|upkeep
|turn|3
|
|t:|1757897350
|switch|p2a: Salamence|Salamence, M|100/100
|-ability|p2a: Salamence|Intimidate|boost
|-ability|p1a: Corviknight|Mirror Armor
|-unboost|p2a: Salamence|atk|1
|move|p1a: Corviknight|Roost|p1a: Corviknight
|-heal|p1a: Corviknight|100/100
|-singleturn|p1a: Corviknight|move: Roost
|
|upkeep
|turn|4
|
|t:|1757897364
|move|p2a: Salamence|Fire Blast|p1a: Corviknight
|-supereffective|p1a: Corviknight
|-damage|p1a: Corviknight|30/100
|move|p1a: Corviknight|Brave Bird|p2a: Salamence
|-damage|p2a: Salamence|56/100
|-damage|p1a: Corviknight|17/100|[from] Recoil
|
|upkeep
|turn|5
|
|t:|1757897377
|move|p2a: Salamence|Air Slash|p1a: Corviknight
|-resisted|p1a: Corviknight
|-damage|p1a: Corviknight|0 fnt
|faint|p1a: Corviknight
|
|upkeep
|
|t:|1757897383
|switch|p1a: Garchomp|Garchomp, F|100/100
|turn|6
|
|t:|1757897411
|switch|p2a: Avalugg|Avalugg, M|100/100
|move|p1a: Garchomp|Outrage|p2a: Avalugg
|-crit|p2a: Avalugg
|-damage|p2a: Avalugg|57/100
|
|upkeep
|turn|7
|
|t:|1757897430
|move|p1a: Garchomp|Outrage|p2a: Avalugg|[from] lockedmove
|-damage|p2a: Avalugg|28/100
|-start|p1a: Garchomp|confusion|[fatigue]
|move|p2a: Avalugg|Recover|p2a: Avalugg
|-heal|p2a: Avalugg|78/100
|
|upkeep
|turn|8
|
|t:|1757897444
|switch|p1a: Empoleon|Empoleon, M|100/100
|move|p2a: Avalugg|Body Press|p1a: Empoleon
|-supereffective|p1a: Empoleon
|-damage|p1a: Empoleon|20/100
|
|-heal|p1a: Empoleon|27/100|[from] item: Leftovers
|upkeep
|turn|9
|
|t:|1757897456
|switch|p2a: Lightie|Umbreon, M, shiny|100/100
|move|p1a: Empoleon|Flash Cannon|p2a: Lightie
|-damage|p2a: Lightie|74/100
|
|-heal|p1a: Empoleon|33/100|[from] item: Leftovers
|upkeep
|turn|10
|
|t:|1757897463
|move|p1a: Empoleon|Roost|p1a: Empoleon
|-heal|p1a: Empoleon|83/100
|-singleturn|p1a: Empoleon|move: Roost
|move|p2a: Lightie|Calm Mind|p2a: Lightie
|-boost|p2a: Lightie|spa|1
|-boost|p2a: Lightie|spd|1
|
|-heal|p1a: Empoleon|89/100|[from] item: Leftovers
|upkeep
|turn|11
|
|t:|1757897482
|switch|p1a: Cinderace|Cinderace, M|100/100
|move|p2a: Lightie|Calm Mind|p2a: Lightie
|-boost|p2a: Lightie|spa|1
|-boost|p2a: Lightie|spd|1
|
|upkeep
|turn|12
|
|t:|1757897490
|switch|p2a: Salamence|Salamence, M|56/100
|-ability|p2a: Salamence|Intimidate|boost
|-unboost|p1a: Cinderace|atk|1
|move|p1a: Cinderace|Pyro Ball|p2a: Salamence
|-resisted|p2a: Salamence
|-damage|p2a: Salamence|34/100
|
|upkeep
|turn|13
|
|t:|1757897500
|switch|p2a: Farigiraf|Farigiraf, F|100/100
|move|p1a: Cinderace|U-turn|p2a: Farigiraf
|-start|p1a: Cinderace|typechange|Bug|[from] ability: Libero
|-supereffective|p2a: Farigiraf
|-damage|p2a: Farigiraf|53/100
|
|t:|1757897525
|switch|p1a: Serperior|Serperior, M|100/100|[from] U-turn
|
|upkeep
|turn|14
|
|t:|1757897528
|move|p1a: Serperior|Leaf Storm|p2a: Farigiraf
|-damage|p2a: Farigiraf|5/100
|-boost|p1a: Serperior|spa|2
|move|p2a: Farigiraf|Trick Room|p2a: Farigiraf
|-fieldstart|move: Trick Room|[of] p2a: Farigiraf
|
|upkeep
|turn|15
|
|t:|1757897541
|move|p2a: Farigiraf|Endeavor|p1a: Serperior
|-damage|p1a: Serperior|8/100
|move|p1a: Serperior|Dragon Pulse|p2a: Farigiraf
|-damage|p2a: Farigiraf|0 fnt
|faint|p2a: Farigiraf
|
|upkeep
|
|t:|1757897549
|switch|p2a: Ellie s Bear|Ursaluna, F|19/100 brn
|turn|16
|
|t:|1757897560
|move|p2a: Ellie s Bear|Facade|p1a: Serperior
|-damage|p1a: Serperior|0 fnt
|faint|p1a: Serperior
|
|-damage|p2a: Ellie s Bear|13/100 brn|[from] brn
|upkeep
|
|t:|1757897564
|switch|p1a: Cinderace|Cinderace, M|100/100
|turn|17
|
|t:|1757897567
|move|p1a: Cinderace|Sucker Punch|p2a: Ellie s Bear
|-start|p1a: Cinderace|typechange|Dark|[from] ability: Libero
|-damage|p2a: Ellie s Bear|0 fnt
|faint|p2a: Ellie s Bear
|
|upkeep
|
|t:|1757897582
|switch|p2a: Avalugg|Avalugg, M|78/100
|turn|18
|
|t:|1757897600
|switch|p1a: Garchomp|Garchomp, F|100/100
|move|p2a: Avalugg|Ice Spinner|p1a: Garchomp
|-supereffective|p1a: Garchomp
|-damage|p1a: Garchomp|0 fnt
|-damage|p2a: Avalugg|66/100|[from] ability: Rough Skin|[of] p1a: Garchomp
|faint|p1a: Garchomp
|
|-fieldend|move: Trick Room
|upkeep
|
|t:|1757897609
|switch|p1a: Cinderace|Cinderace, M|100/100
|turn|19
|
|t:|1757897616
|move|p1a: Cinderace|Pyro Ball|p2a: Avalugg
|-supereffective|p2a: Avalugg
|-damage|p2a: Avalugg|15/100
|move|p2a: Avalugg|Recover|p2a: Avalugg
|-heal|p2a: Avalugg|65/100
|
|upkeep
|turn|20
|
|t:|1757897623
|-terastallize|p2a: Avalugg|Fighting
|move|p1a: Cinderace|Pyro Ball|p2a: Avalugg
|-damage|p2a: Avalugg|40/100
|move|p2a: Avalugg|Recover|p2a: Avalugg
|-heal|p2a: Avalugg|90/100
|
|upkeep
|turn|21
|
|t:|1757897633
|move|p1a: Cinderace|Pyro Ball|p2a: Avalugg
|-damage|p2a: Avalugg|66/100
|move|p2a: Avalugg|Body Press|p1a: Cinderace
|-damage|p1a: Cinderace|14/100
|
|upkeep
|turn|22
|
|t:|1757897644
|move|p1a: Cinderace|Pyro Ball|p2a: Avalugg
|-damage|p2a: Avalugg|39/100
|move|p2a: Avalugg|Recover|p2a: Avalugg
|-heal|p2a: Avalugg|89/100
|
|upkeep
|turn|23
|
|t:|1757897654
|move|p1a: Cinderace|Pyro Ball|p2a: Avalugg
|-damage|p2a: Avalugg|62/100
|move|p2a: Avalugg|Body Press|p1a: Cinderace
|-damage|p1a: Cinderace|0 fnt
|faint|p1a: Cinderace
|
|upkeep
|
|t:|1757897656
|switch|p1a: Latias|Latias, F|29/100
|turn|24
|
|t:|1757897665
|move|p1a: Latias|Draco Meteor|p2a: Avalugg|[miss]
|-miss|p1a: Latias|p2a: Avalugg
|move|p2a: Avalugg|Ice Spinner|p1a: Latias
|-supereffective|p1a: Latias
|-damage|p1a: Latias|0 fnt
|faint|p1a: Latias
|
|upkeep
|
|t:|1757897667
|switch|p1a: Empoleon|Empoleon, M|89/100
|turn|25
|
|t:|1757897679
|-terastallize|p1a: Empoleon|Water
|move|p1a: Empoleon|Surf|p2a: Avalugg
|-damage|p2a: Avalugg|0 fnt
|faint|p2a: Avalugg
|
|-heal|p1a: Empoleon|95/100|[from] item: Leftovers
|upkeep
|
|t:|1757897694
|switch|p2a: Lightie|Umbreon, M, shiny|74/100
|turn|26
|
|t:|1757897697
|move|p1a: Empoleon|Ice Beam|p2a: Lightie
|-damage|p2a: Lightie|54/100
|move|p2a: Lightie|Moonlight|p2a: Lightie
|-heal|p2a: Lightie|100/100
|
|-heal|p1a: Empoleon|100/100|[from] item: Leftovers
|upkeep
|turn|27
|
|t:|1757897700
|move|p1a: Empoleon|Ice Beam|p2a: Lightie
|-damage|p2a: Lightie|79/100
|move|p2a: Lightie|Calm Mind|p2a: Lightie
|-boost|p2a: Lightie|spa|1
|-boost|p2a: Lightie|spd|1
|
|upkeep
|turn|28
|
|t:|1757897704
|move|p1a: Empoleon|Ice Beam|p2a: Lightie
|-damage|p2a: Lightie|66/100
|move|p2a: Lightie|Calm Mind|p2a: Lightie
|-boost|p2a: Lightie|spa|1
|-boost|p2a: Lightie|spd|1
|
|upkeep
|turn|29
|
|t:|1757897707
|move|p1a: Empoleon|Ice Beam|p2a: Lightie
|-damage|p2a: Lightie|56/100
|move|p2a: Lightie|Moonlight|p2a: Lightie
|-heal|p2a: Lightie|100/100
|
|upkeep
|turn|30
|
|t:|1757897709
|move|p1a: Empoleon|Surf|p2a: Lightie
|-damage|p2a: Lightie|79/100
|move|p2a: Lightie|Calm Mind|p2a: Lightie
|-boost|p2a: Lightie|spa|1
|-boost|p2a: Lightie|spd|1
|
|upkeep
|turn|31
|
|t:|1757897713
|move|p1a: Empoleon|Surf|p2a: Lightie
|-damage|p2a: Lightie|62/100
|move|p2a: Lightie|Dark Pulse|p1a: Empoleon
|-damage|p1a: Empoleon|50/100
|
|-heal|p1a: Empoleon|56/100|[from] item: Leftovers
|upkeep
|turn|32
|
|t:|1757897720
|move|p1a: Empoleon|Surf|p2a: Lightie
|-damage|p2a: Lightie|45/100
|move|p2a: Lightie|Dark Pulse|p1a: Empoleon
|-damage|p1a: Empoleon|8/100
|
|-heal|p1a: Empoleon|14/100|[from] item: Leftovers
|upkeep
|turn|33
|
|t:|1757897723
|move|p1a: Empoleon|Roost|p1a: Empoleon
|-heal|p1a: Empoleon|64/100
|move|p2a: Lightie|Dark Pulse|p1a: Empoleon
|-damage|p1a: Empoleon|18/100
|
|-heal|p1a: Empoleon|24/100|[from] item: Leftovers
|upkeep
|turn|34
|
|t:|1757897726
|move|p1a: Empoleon|Roost|p1a: Empoleon
|-heal|p1a: Empoleon|74/100
|move|p2a: Lightie|Moonlight|p2a: Lightie
|-heal|p2a: Lightie|95/100
|
|-heal|p1a: Empoleon|80/100|[from] item: Leftovers
|upkeep
|turn|35
|
|t:|1757897728
|move|p1a: Empoleon|Surf|p2a: Lightie
|-damage|p2a: Lightie|79/100
|move|p2a: Lightie|Calm Mind|p2a: Lightie
|-boost|p2a: Lightie|spa|1
|-boost|p2a: Lightie|spd|1
|
|-heal|p1a: Empoleon|86/100|[from] item: Leftovers
|upkeep
|turn|36
|
|t:|1757897731
|move|p1a: Empoleon|Surf|p2a: Lightie
|-damage|p2a: Lightie|65/100
|move|p2a: Lightie|Dark Pulse|p1a: Empoleon
|-damage|p1a: Empoleon|29/100
|
|-heal|p1a: Empoleon|35/100|[from] item: Leftovers
|upkeep
|turn|37
|
|t:|1757897736
|move|p1a: Empoleon|Roost|p1a: Empoleon
|-heal|p1a: Empoleon|85/100
|move|p2a: Lightie|Dark Pulse|p1a: Empoleon
|-damage|p1a: Empoleon|26/100
|
|-heal|p1a: Empoleon|32/100|[from] item: Leftovers
|upkeep
|turn|38
|
|t:|1757897739
|move|p1a: Empoleon|Surf|p2a: Lightie
|-damage|p2a: Lightie|52/100
|move|p2a: Lightie|Dark Pulse|p1a: Empoleon
|-damage|p1a: Empoleon|0 fnt
|faint|p1a: Empoleon
|
|win|Midorinome
|raw|Typrim's rating: 1237 &rarr; <strong>1217</strong><br />(-20 for losing)
|raw|Midorinome's rating: 1309 &rarr; <strong>1325</strong><br />(+16 for winning)
|l|☆Typrim
|player|p1|
|l|☆Midorinome
|player|p2|
