|j|☆hongbong
|j|☆randombananaYAY
|t:|1757901004
|gametype|singles
|player|p1|hongbong|n|1509
|player|p2|randombananaYAY|2|1539
|gen|9
|tier|[Gen 9] OU
|rated|
|rule|HP Percentage Mod: HP is shown in percentages
|rule|Endless Battle Clause: Forcing endless battles is banned
|rule|Species Clause: Limit one of each Pokémon
|rule|OHKO Clause: OHKO moves are banned
|rule|Evasion Items Clause: Evasion items are banned
|rule|Evasion Moves Clause: Evasion moves are banned
|rule|Evasion Abilities Clause: Evasion abilities are banned
|rule|Sleep Moves Clause: Sleep-inducing moves are banned
|clearpoke
|poke|p1|Blaziken, F|
|poke|p1|Tentacruel, M|
|poke|p1|Zoroark-Hisui, F|
|poke|p1|Lycanroc-Dusk, F|
|poke|p1|Ogerpon, F|
|poke|p1|Hoopa-Unbound|
|poke|p2|Alomomola, F|
|poke|p2|Gliscor, F|
|poke|p2|Dondozo, F|
|poke|p2|Blissey, F|
|poke|p2|Toxapex, F|
|poke|p2|Clodsire, M|
|teampreview
|inactive|Battle timer is ON: inactive players will automatically lose when time's up. (requested by randombananaYAY)
|
|t:|1757901033
|teamsize|p1|6
|teamsize|p2|6
|start
|switch|p1a: Ogerpon|Ogerpon, F|100/100
|switch|p2a: Gliscor|Gliscor, F|100/100
|turn|1
|
|t:|1757901044
|switch|p2a: Toxapex|Toxapex, F|100/100
|move|p1a: Ogerpon|Knock Off|p2a: Toxapex
|-damage|p2a: Toxapex|71/100
|-enditem|p2a: Toxapex|Heavy-Duty Boots|[from] move: Knock Off|[of] p1a: Ogerpon
|
|upkeep
|turn|2
|
|t:|1757901050
|switch|p1a: Tentacruel|Tentacruel, M|100/100
|move|p2a: Toxapex|Toxic|p1a: Tentacruel
|-immune|p1a: Tentacruel
|
|upkeep
|turn|3
|
|t:|1757901056
|switch|p2a: Gliscor|Gliscor, F|100/100
|move|p1a: Tentacruel|Sludge Bomb|p2a: Gliscor
|-resisted|p2a: Gliscor
|-damage|p2a: Gliscor|89/100
|
|-status|p2a: Gliscor|tox|[from] item: Toxic Orb
|upkeep
|turn|4
|
|t:|1757901064
|move|p1a: Tentacruel|Flip Turn|p2a: Gliscor
|-supereffective|p2a: Gliscor
|-damage|p2a: Gliscor|65/100 tox
|
|t:|1757901066
|switch|p1a: Ogerpon|Ogerpon, F|100/100|[from] Flip Turn
|move|p2a: Gliscor|Knock Off|p1a: Ogerpon
|-damage|p1a: Ogerpon|71/100
|-enditem|p1a: Ogerpon|Choice Band|[from] move: Knock Off|[of] p2a: Gliscor
|
|-heal|p2a: Gliscor|77/100 tox|[from] ability: Poison Heal
|upkeep
|turn|5
|
|t:|1757901074
|move|p2a: Gliscor|Protect|p2a: Gliscor
|-singleturn|p2a: Gliscor|Protect
|move|p1a: Ogerpon|Ivy Cudgel|p2a: Gliscor
|-activate|p2a: Gliscor|move: Protect
|
|-heal|p2a: Gliscor|89/100 tox|[from] ability: Poison Heal
|upkeep
|turn|6
|
|t:|1757901080
|switch|p2a: Toxapex|Toxapex, F|100/100
|move|p1a: Ogerpon|Ivy Cudgel|p2a: Toxapex
|-damage|p2a: Toxapex|73/100
|
|upkeep
|turn|7
|
|t:|1757901087
|move|p1a: Ogerpon|U-turn|p2a: Toxapex
|-resisted|p2a: Toxapex
|-damage|p2a: Toxapex|66/100
|
|t:|1757901089
|switch|p1a: Tentacruel|Tentacruel, M|100/100|[from] U-turn
|move|p2a: Toxapex|Infestation|p1a: Tentacruel
|-resisted|p1a: Tentacruel
|-damage|p1a: Tentacruel|99/100
|-activate|p1a: Tentacruel|move: Infestation|[of] p2a: Toxapex
|
|-damage|p1a: Tentacruel|87/100|[from] move: Infestation|[partiallytrapped]
|upkeep
|turn|8
|
|t:|1757901102
|switch|p2a: Alomomola|Alomomola, F|100/100
|move|p1a: Tentacruel|Flip Turn|p2a: Alomomola
|-resisted|p2a: Alomomola
|-damage|p2a: Alomomola|97/100
|
|t:|1757901109
|switch|p1a: Hoopa|Hoopa-Unbound|100/100|[from] Flip Turn
|
|upkeep
|turn|9
|
|t:|1757901114
|move|p2a: Alomomola|Protect|p2a: Alomomola
|-singleturn|p2a: Alomomola|Protect
|move|p1a: Hoopa|Nasty Plot|p1a: Hoopa
|-boost|p1a: Hoopa|spa|2
|
|upkeep
|turn|10
|
|t:|1757901119
|switch|p2a: Clodsire|Clodsire, M|100/100
|move|p1a: Hoopa|Dark Pulse|p2a: Clodsire
|-damage|p2a: Clodsire|68/100
|
|upkeep
|turn|11
|
|t:|1757901126
|-terastallize|p2a: Clodsire|Steel
|move|p1a: Hoopa|Psyshock|p2a: Clodsire
|-resisted|p2a: Clodsire
|-damage|p2a: Clodsire|45/100
|move|p2a: Clodsire|Amnesia|p2a: Clodsire
|-boost|p2a: Clodsire|spd|2
|
|upkeep
|turn|12
|
|t:|1757901130
|move|p1a: Hoopa|Focus Blast|p2a: Clodsire|[miss]
|-miss|p1a: Hoopa|p2a: Clodsire
|-enditem|p1a: Hoopa|Blunder Policy
|-boost|p1a: Hoopa|spe|2
|move|p2a: Clodsire|Recover|p2a: Clodsire
|-heal|p2a: Clodsire|95/100
|
|upkeep
|turn|13
|
|t:|1757901134
|move|p1a: Hoopa|Focus Blast|p2a: Clodsire
|-supereffective|p2a: Clodsire
|-damage|p2a: Clodsire|66/100
|-item|p1a: Hoopa|Heavy-Duty Boots|[from] ability: Magician|[of] p2a: Clodsire
|move|p2a: Clodsire|Amnesia|p2a: Clodsire
|-boost|p2a: Clodsire|spd|2
|
|upkeep
|turn|14
|
|t:|1757901151
|switch|p1a: Ogerpon|Ogerpon, F|71/100
|move|p2a: Clodsire|Poison Sting|p1a: Ogerpon
|-supereffective|p1a: Ogerpon
|-damage|p1a: Ogerpon|60/100
|-status|p1a: Ogerpon|psn
|
|-damage|p1a: Ogerpon|48/100 psn|[from] psn
|upkeep
|turn|15
|c|☆hongbong|wow
|
|t:|1757901162
|switch|p2a: Toxapex|Toxapex, F|99/100
|move|p1a: Ogerpon|Superpower|p2a: Toxapex
|-resisted|p2a: Toxapex
|-damage|p2a: Toxapex|88/100
|-unboost|p1a: Ogerpon|atk|1
|-unboost|p1a: Ogerpon|def|1
|
|-damage|p1a: Ogerpon|36/100 psn|[from] psn
|upkeep
|turn|16
|
|t:|1757901172
|move|p1a: Ogerpon|U-turn|p2a: Toxapex
|-resisted|p2a: Toxapex
|-damage|p2a: Toxapex|84/100
|
|t:|1757901174
|switch|p1a: Tentacruel|Tentacruel, M|87/100|[from] U-turn
|move|p2a: Toxapex|Toxic|p1a: Tentacruel
|-immune|p1a: Tentacruel
|
|upkeep
|turn|17
|
|t:|1757901181
|switch|p2a: Alomomola|Alomomola, F|100/100
|move|p1a: Tentacruel|Sludge Bomb|p2a: Alomomola
|-damage|p2a: Alomomola|72/100
|
|upkeep
|turn|18
|
|t:|1757901186
|move|p1a: Tentacruel|Sludge Bomb|p2a: Alomomola
|-damage|p2a: Alomomola|44/100
|-status|p2a: Alomomola|psn
|move|p2a: Alomomola|Wish|p2a: Alomomola
|
|-damage|p2a: Alomomola|32/100 psn|[from] psn
|upkeep
|turn|19
|
|t:|1757901190
|switch|p2a: Clodsire|Clodsire, M, tera:Steel|66/100
|move|p1a: Tentacruel|Flip Turn|p2a: Clodsire
|-damage|p2a: Clodsire|52/100
|
|t:|1757901194
|switch|p1a: Blaziken|Blaziken, F|100/100|[from] Flip Turn
|
|-heal|p2a: Clodsire|100/100|[from] move: Wish|[wisher] Alomomola
|upkeep
|turn|20
|
|t:|1757901201
|switch|p1a: Hoopa|Hoopa-Unbound|100/100
|switch|p2a: Dondozo|Dondozo, F|100/100
|
|upkeep
|turn|21
|
|t:|1757901214
|switch|p2a: Clodsire|Clodsire, M, tera:Steel|100/100
|move|p1a: Hoopa|Dark Pulse|p2a: Clodsire
|-damage|p2a: Clodsire|73/100
|
|upkeep
|turn|22
|
|t:|1757901223
|move|p1a: Hoopa|Focus Blast|p2a: Clodsire|[miss]
|-miss|p1a: Hoopa|p2a: Clodsire
|move|p2a: Clodsire|Recover|p2a: Clodsire
|-heal|p2a: Clodsire|100/100
|
|upkeep
|turn|23
|
|t:|1757901226
|move|p1a: Hoopa|Focus Blast|p2a: Clodsire|[miss]
|-miss|p1a: Hoopa|p2a: Clodsire
|move|p2a: Clodsire|Amnesia|p2a: Clodsire
|-boost|p2a: Clodsire|spd|2
|
|upkeep
|turn|24
|
|t:|1757901230
|switch|p1a: Blaziken|Blaziken, F|100/100
|move|p2a: Clodsire|Poison Sting|p1a: Blaziken
|-crit|p1a: Blaziken
|-damage|p1a: Blaziken|91/100
|
|upkeep
|turn|25
|
|t:|1757901240
|switch|p2a: Dondozo|Dondozo, F|100/100
|move|p1a: Blaziken|Knock Off|p2a: Dondozo
|-damage|p2a: Dondozo|85/100
|-enditem|p2a: Dondozo|Heavy-Duty Boots|[from] move: Knock Off|[of] p1a: Blaziken
|
|-ability|p1a: Blaziken|Speed Boost|boost
|-boost|p1a: Blaziken|spe|1
|upkeep
|turn|26
|
|t:|1757901249
|switch|p1a: Tentacruel|Tentacruel, M|87/100
|switch|p2a: Alomomola|Alomomola, F|65/100 psn
|
|-damage|p2a: Alomomola|53/100 psn|[from] psn
|upkeep
|turn|27
|
|t:|1757901256
|switch|p2a: Toxapex|Toxapex, F|100/100
|move|p1a: Tentacruel|Flip Turn|p2a: Toxapex
|-resisted|p2a: Toxapex
|-damage|p2a: Toxapex|96/100
|
|t:|1757901258
|switch|p1a: Hoopa|Hoopa-Unbound|100/100|[from] Flip Turn
|
|upkeep
|turn|28
|
|t:|1757901267
|move|p1a: Hoopa|Nasty Plot|p1a: Hoopa
|-boost|p1a: Hoopa|spa|2
|move|p2a: Toxapex|Toxic|p1a: Hoopa
|-status|p1a: Hoopa|tox
|
|-damage|p1a: Hoopa|95/100 tox|[from] psn
|upkeep
|turn|29
|
|t:|1757901272
|switch|p2a: Clodsire|Clodsire, M, tera:Steel|100/100
|move|p1a: Hoopa|Focus Blast|p2a: Clodsire
|-supereffective|p2a: Clodsire
|-damage|p2a: Clodsire|45/100
|-unboost|p2a: Clodsire|spd|1
|
|-damage|p1a: Hoopa|83/100 tox|[from] psn
|upkeep
|turn|30
|
|t:|1757901297
|switch|p2a: Toxapex|Toxapex, F|100/100
|move|p1a: Hoopa|Focus Blast|p2a: Toxapex|[miss]
|-miss|p1a: Hoopa|p2a: Toxapex
|
|-damage|p1a: Hoopa|65/100 tox|[from] psn
|upkeep
|turn|31
|
|t:|1757901314
|switch|p2a: Clodsire|Clodsire, M, tera:Steel|45/100
|move|p1a: Hoopa|Psyshock|p2a: Clodsire
|-resisted|p2a: Clodsire
|-damage|p2a: Clodsire|22/100
|
|-damage|p1a: Hoopa|41/100 tox|[from] psn
|upkeep
|turn|32
|
|t:|1757901322
|move|p1a: Hoopa|Dark Pulse|p2a: Clodsire
|-damage|p2a: Clodsire|0 fnt
|faint|p2a: Clodsire
|
|-damage|p1a: Hoopa|11/100 tox|[from] psn
|upkeep
|
|t:|1757901327
|switch|p2a: Gliscor|Gliscor, F|89/100 tox
|turn|33
|
|t:|1757901332
|switch|p1a: Tentacruel|Tentacruel, M|87/100
|move|p2a: Gliscor|Protect||[still]
|-fail|p2a: Gliscor
|
|-heal|p2a: Gliscor|100/100 tox|[from] ability: Poison Heal
|upkeep
|turn|34
|
|t:|1757901339
|switch|p2a: Alomomola|Alomomola, F|86/100 psn
|move|p1a: Tentacruel|Flip Turn|p2a: Alomomola
|-resisted|p2a: Alomomola
|-damage|p2a: Alomomola|82/100 psn
|
|t:|1757901343
|switch|p1a: Lycanroc|Lycanroc-Dusk, F|100/100|[from] Flip Turn
|
|-damage|p2a: Alomomola|70/100 psn|[from] psn
|upkeep
|turn|35
|
|t:|1757901350
|switch|p2a: Dondozo|Dondozo, F|85/100
|move|p1a: Lycanroc|Hyper Voice|p2a: Dondozo
|-damage|p2a: Dondozo|25/100
|
|upkeep
|turn|36
|
|t:|1757901362
|switch|p1a: Lycanroc|Lycanroc-Dusk, F|100/100
|switch|p2a: Toxapex|Toxapex, F|100/100
|
|upkeep
|turn|37
|
|t:|1757901369
|switch|p1a: Tentacruel|Tentacruel, M|87/100
|move|p2a: Toxapex|Infestation|p1a: Tentacruel
|-resisted|p1a: Tentacruel
|-damage|p1a: Tentacruel|86/100
|-activate|p1a: Tentacruel|move: Infestation|[of] p2a: Toxapex
|
|-damage|p1a: Tentacruel|74/100|[from] move: Infestation|[partiallytrapped]
|upkeep
|turn|38
|
|t:|1757901380
|move|p1a: Tentacruel|Sludge Bomb|p2a: Toxapex
|-resisted|p2a: Toxapex
|-damage|p2a: Toxapex|90/100
|move|p2a: Toxapex|Infestation|p1a: Tentacruel
|-resisted|p1a: Tentacruel
|-damage|p1a: Tentacruel|73/100
|
|-damage|p1a: Tentacruel|61/100|[from] move: Infestation|[partiallytrapped]
|upkeep
|turn|39
|
|t:|1757901385
|move|p1a: Tentacruel|Flip Turn|p2a: Toxapex
|-resisted|p2a: Toxapex
|-damage|p2a: Toxapex|85/100
|
|t:|1757901390
|switch|p1a: Blaziken|Blaziken, F|91/100|[from] Flip Turn
|move|p2a: Toxapex|Toxic|p1a: Blaziken
|-status|p1a: Blaziken|tox
|
|-damage|p1a: Blaziken|85/100 tox|[from] psn
|upkeep
|turn|40
|
|t:|1757901398
|move|p1a: Blaziken|Knock Off|p2a: Toxapex
|-damage|p2a: Toxapex|70/100
|move|p2a: Toxapex|Infestation|p1a: Blaziken
|-resisted|p1a: Blaziken
|-damage|p1a: Blaziken|84/100 tox
|-activate|p1a: Blaziken|move: Infestation|[of] p2a: Toxapex
|
|-damage|p1a: Blaziken|72/100 tox|[from] psn
|-damage|p1a: Blaziken|60/100 tox|[from] move: Infestation|[partiallytrapped]
|-ability|p1a: Blaziken|Speed Boost|boost
|-boost|p1a: Blaziken|spe|1
|upkeep
|turn|41
|
|t:|1757901405
|move|p1a: Blaziken|Knock Off|p2a: Toxapex
|-damage|p2a: Toxapex|56/100
|move|p2a: Toxapex|Recover|p2a: Toxapex
|-heal|p2a: Toxapex|100/100
|
|-damage|p1a: Blaziken|42/100 tox|[from] psn
|-damage|p1a: Blaziken|30/100 tox|[from] move: Infestation|[partiallytrapped]
|-ability|p1a: Blaziken|Speed Boost|boost
|-boost|p1a: Blaziken|spe|1
|upkeep
|turn|42
|
|t:|1757901410
|move|p1a: Blaziken|Reversal|p2a: Toxapex
|-resisted|p2a: Toxapex
|-damage|p2a: Toxapex|89/100
|move|p2a: Toxapex|Haze|p2a: Toxapex
|-clearallboost
|
|-damage|p1a: Blaziken|6/100 tox|[from] psn
|-damage|p1a: Blaziken|0 fnt|[from] move: Infestation|[partiallytrapped]
|faint|p1a: Blaziken
|upkeep
|
|t:|1757901433
|switch|p1a: Hoopa|Hoopa-Unbound|11/100 tox
|turn|43
|
|t:|1757901447
|switch|p2a: Gliscor|Gliscor, F|100/100 tox
|move|p1a: Hoopa|Psyshock|p2a: Gliscor
|-damage|p2a: Gliscor|60/100 tox
|
|-damage|p1a: Hoopa|5/100 tox|[from] psn
|-heal|p2a: Gliscor|73/100 tox|[from] ability: Poison Heal
|upkeep
|turn|44
|
|t:|1757901457
|switch|p1a: Tentacruel|Tentacruel, M|61/100
|move|p2a: Gliscor|Protect||[still]
|-fail|p2a: Gliscor
|
|-heal|p2a: Gliscor|85/100 tox|[from] ability: Poison Heal
|upkeep
|turn|45
|
|t:|1757901466
|move|p2a: Gliscor|Protect|p2a: Gliscor
|-singleturn|p2a: Gliscor|Protect
|move|p1a: Tentacruel|Sludge Bomb|p2a: Gliscor
|-activate|p2a: Gliscor|move: Protect
|
|-heal|p2a: Gliscor|98/100 tox|[from] ability: Poison Heal
|upkeep
|turn|46
|
|t:|1757901470
|move|p1a: Tentacruel|Flip Turn|p2a: Gliscor
|-supereffective|p2a: Gliscor
|-damage|p2a: Gliscor|77/100 tox
|
|t:|1757901472
|switch|p1a: Ogerpon|Ogerpon, F|36/100 psn|[from] Flip Turn
|move|p2a: Gliscor|Knock Off|p1a: Ogerpon
|-damage|p1a: Ogerpon|17/100 psn
|
|-damage|p1a: Ogerpon|4/100 psn|[from] psn
|-heal|p2a: Gliscor|89/100 tox|[from] ability: Poison Heal
|upkeep
|turn|47
|
|t:|1757901478
|move|p2a: Gliscor|Protect|p2a: Gliscor
|-singleturn|p2a: Gliscor|Protect
|move|p1a: Ogerpon|U-turn|p2a: Gliscor
|-activate|p2a: Gliscor|move: Protect
|
|-damage|p1a: Ogerpon|0 fnt|[from] psn
|faint|p1a: Ogerpon
|-heal|p2a: Gliscor|100/100 tox|[from] ability: Poison Heal
|upkeep
|
|t:|1757901480
|switch|p1a: Hoopa|Hoopa-Unbound|100/100
|turn|48
|inactive|randombananaYAY has 120 seconds left.
|
|t:|1757901522
|-terastallize|p1a: Hoopa|Normal
|move|p1a: Hoopa|Hyper Voice|p2a: Gliscor
|-damage|p2a: Gliscor|28/100 tox
|move|p2a: Gliscor|Knock Off|p1a: Hoopa
|-damage|p1a: Hoopa|56/100
|replace|p1a: Zoroark|Zoroark-Hisui, F
|-end|p1a: Zoroark|Illusion
|-enditem|p1a: Zoroark|Choice Specs|[from] move: Knock Off|[of] p2a: Gliscor
|
|-heal|p2a: Gliscor|40/100 tox|[from] ability: Poison Heal
|upkeep
|turn|49
|
|t:|1757901533
|move|p2a: Gliscor|Protect|p2a: Gliscor
|-singleturn|p2a: Gliscor|Protect
|move|p1a: Zoroark|Hyper Voice|p2a: Gliscor
|-activate|p2a: Gliscor|move: Protect
|
|-heal|p2a: Gliscor|52/100 tox|[from] ability: Poison Heal
|upkeep
|turn|50
|
|t:|1757901540
|switch|p1a: Lycanroc|Lycanroc-Dusk, F|100/100
|switch|p2a: Blissey|Blissey, F|100/100
|
|upkeep
|turn|51
|inactive|randombananaYAY has 120 seconds left.
|
|t:|1757901546
|switch|p2a: Toxapex|Toxapex, F|100/100
|move|p1a: Lycanroc|Stone Edge|p2a: Toxapex
|-damage|p2a: Toxapex|68/100
|
|upkeep
|turn|52
|
|t:|1757901552
|move|p1a: Lycanroc|Stone Edge|p2a: Toxapex
|-damage|p2a: Toxapex|39/100
|move|p2a: Toxapex|Toxic|p1a: Lycanroc
|-status|p1a: Lycanroc|tox
|
|-damage|p1a: Lycanroc|94/100 tox|[from] psn
|upkeep
|turn|53
|
|t:|1757901558
|switch|p2a: Alomomola|Alomomola, F|100/100 psn
|move|p1a: Lycanroc|Stone Edge|p2a: Alomomola
|-crit|p2a: Alomomola
|-damage|p2a: Alomomola|62/100 psn
|
|-damage|p1a: Lycanroc|82/100 tox|[from] psn
|-damage|p2a: Alomomola|49/100 psn|[from] psn
|upkeep
|turn|54
|
|t:|1757901564
|move|p1a: Lycanroc|Stone Edge|p2a: Alomomola
|-crit|p2a: Alomomola
|-damage|p2a: Alomomola|9/100 psn
|move|p2a: Alomomola|Flip Turn|p1a: Lycanroc
|-supereffective|p1a: Lycanroc
|-damage|p1a: Lycanroc|32/100 tox
|
|t:|1757901570
|switch|p2a: Dondozo|Dondozo, F|25/100|[from] Flip Turn
|
|-damage|p1a: Lycanroc|13/100 tox|[from] psn
|upkeep
|turn|55
|
|t:|1757901578
|move|p1a: Lycanroc|Stone Edge|p2a: Dondozo
|-damage|p2a: Dondozo|2/100
|move|p2a: Dondozo|Rest|p2a: Dondozo
|-status|p2a: Dondozo|slp|[from] move: Rest
|-heal|p2a: Dondozo|100/100 slp|[silent]
|
|-damage|p1a: Lycanroc|0 fnt|[from] psn
|faint|p1a: Lycanroc
|upkeep
|
|t:|1757901581
|switch|p1a: Hoopa|Hoopa-Unbound, tera:Normal|56/100
|turn|56
|
|t:|1757901585
|switch|p2a: Blissey|Blissey, F|100/100
|move|p1a: Hoopa|Hyper Voice|p2a: Blissey
|-damage|p2a: Blissey|81/100
|
|upkeep
|turn|57
|-message|hongbong forfeited.
|
|win|randombananaYAY
|raw|hongbong's rating: 1509 &rarr; <strong>1491</strong><br />(-18 for losing)
|raw|randombananaYAY's rating: 1539 &rarr; <strong>1557</strong><br />(+18 for winning)
|l|☆hongbong
|player|p1|
