|j|☆oxlerd11
|j|☆sbob9638
|t:|1757914499
|gametype|singles
|player|p1|oxlerd11|169|1088
|player|p2|sbob9638|101|1146
|gen|9
|tier|[Gen 9] OU
|rated|
|rule|HP Percentage Mod: HP is shown in percentages
|rule|Endless Battle Clause: Forcing endless battles is banned
|rule|Species Clause: Limit one of each Pokémon
|rule|OHKO Clause: OHKO moves are banned
|rule|Evasion Items Clause: Evasion items are banned
|rule|Evasion Moves Clause: Evasion moves are banned
|rule|Evasion Abilities Clause: Evasion abilities are banned
|rule|Sleep Moves Clause: Sleep-inducing moves are banned
|clearpoke
|poke|p1|Toxapex, F|
|poke|p1|Raging Bolt|
|poke|p1|Alomomola, F|
|poke|p1|Corviknight, M|
|poke|p1|Heatran, M|
|poke|p1|Ogerpon-Wellspring, F|
|poke|p2|Glimmora, M|
|poke|p2|Greninja-*, M|
|poke|p2|Dragapult, M|
|poke|p2|Great Tusk|
|poke|p2|Appletun, F|
|poke|p2|Iron Crown|
|teampreview
|inactive|Battle timer is ON: inactive players will automatically lose when time's up. (requested by sbob9638)
|
|t:|1757914517
|teamsize|p1|6
|teamsize|p2|6
|start
|switch|p1a: Heatran|Heatran, M|100/100
|switch|p2a: Greninja|Greninja, M|100/100
|-item|p1a: Heatran|Air Balloon
|turn|1
|
|t:|1757914534
|switch|p1a: Ogerpon|Ogerpon-Wellspring, F|100/100
|move|p2a: Greninja|Water Shuriken|p1a: Ogerpon
|-immune|p1a: Ogerpon|[from] ability: Water Absorb
|
|upkeep
|turn|2
|
|t:|1757914545
|switch|p1a: Corviknight|Corviknight, M|100/100
|-ability|p1a: Corviknight|Pressure
|move|p2a: Greninja|Sludge Wave|p1a: Corviknight
|-immune|p1a: Corviknight
|
|upkeep
|turn|3
|
|t:|1757914557
|move|p2a: Greninja|Ice Beam|p1a: Corviknight
|-damage|p1a: Corviknight|79/100
|move|p1a: Corviknight|Bulk Up|p1a: Corviknight
|-boost|p1a: Corviknight|atk|1
|-boost|p1a: Corviknight|def|1
|
|-heal|p1a: Corviknight|86/100|[from] item: Leftovers
|upkeep
|turn|4
|
|t:|1757914567
|switch|p2a: Dragapult|Dragapult, M|100/100
|move|p1a: Corviknight|Body Press|p2a: Dragapult
|-immune|p2a: Dragapult
|
|-heal|p1a: Corviknight|92/100|[from] item: Leftovers
|upkeep
|turn|5
|
|t:|1757914578
|move|p2a: Dragapult|Fire Blast|p1a: Corviknight
|-supereffective|p1a: Corviknight
|-damage|p1a: Corviknight|56/100
|move|p1a: Corviknight|Drill Peck|p2a: Dragapult
|-crit|p2a: Dragapult
|-damage|p2a: Dragapult|20/100
|
|-heal|p1a: Corviknight|63/100|[from] item: Leftovers
|upkeep
|turn|6
|
|t:|1757914590
|move|p2a: Dragapult|Fire Blast|p1a: Corviknight
|-supereffective|p1a: Corviknight
|-damage|p1a: Corviknight|23/100
|move|p1a: Corviknight|Roost|p1a: Corviknight
|-heal|p1a: Corviknight|73/100
|-singleturn|p1a: Corviknight|move: Roost
|
|-heal|p1a: Corviknight|79/100|[from] item: Leftovers
|upkeep
|turn|7
|
|t:|1757914600
|move|p2a: Dragapult|Fire Blast|p1a: Corviknight
|-supereffective|p1a: Corviknight
|-damage|p1a: Corviknight|43/100
|move|p1a: Corviknight|Drill Peck|p2a: Dragapult
|-damage|p2a: Dragapult|0 fnt
|faint|p2a: Dragapult
|
|-heal|p1a: Corviknight|49/100|[from] item: Leftovers
|upkeep
|
|t:|1757914608
|switch|p2a: Appletun|Appletun, F|100/100
|turn|8
|
|t:|1757914613
|move|p1a: Corviknight|Roost|p1a: Corviknight
|-heal|p1a: Corviknight|99/100
|-singleturn|p1a: Corviknight|move: Roost
|move|p2a: Appletun|Leech Seed|p1a: Corviknight
|-start|p1a: Corviknight|move: Leech Seed
|
|-heal|p1a: Corviknight|100/100|[from] item: Leftovers
|-damage|p1a: Corviknight|88/100|[from] Leech Seed|[of] p2a: Appletun
|upkeep
|turn|9
|
|t:|1757914622
|move|p2a: Appletun|Protect|p2a: Appletun
|-singleturn|p2a: Appletun|Protect
|move|p1a: Corviknight|Drill Peck|p2a: Appletun
|-activate|p2a: Appletun|move: Protect
|
|-heal|p1a: Corviknight|94/100|[from] item: Leftovers
|-damage|p1a: Corviknight|82/100|[from] Leech Seed|[of] p2a: Appletun
|upkeep
|turn|10
|
|t:|1757914634
|switch|p2a: Iron Crown|Iron Crown|100/100
|-enditem|p2a: Iron Crown|Booster Energy
|-activate|p2a: Iron Crown|ability: Quark Drive|[fromitem]
|-start|p2a: Iron Crown|quarkdrivespa
|move|p1a: Corviknight|Drill Peck|p2a: Iron Crown
|-resisted|p2a: Iron Crown
|-damage|p2a: Iron Crown|80/100
|
|-heal|p1a: Corviknight|88/100|[from] item: Leftovers
|-damage|p1a: Corviknight|75/100|[from] Leech Seed|[of] p2a: Iron Crown
|-heal|p2a: Iron Crown|95/100|[silent]
|upkeep
|turn|11
|
|t:|1757914649
|switch|p1a: Heatran|Heatran, M|100/100
|-item|p1a: Heatran|Air Balloon
|move|p2a: Iron Crown|Volt Switch|p1a: Heatran
|-damage|p1a: Heatran|75/100
|-enditem|p1a: Heatran|Air Balloon
|
|t:|1757914660
|-end|p2a: Iron Crown|Quark Drive|[silent]
|switch|p2a: Greninja|Greninja, M|100/100|[from] Volt Switch
|
|upkeep
|turn|12
|
|t:|1757914681
|switch|p1a: Raging Bolt|Raging Bolt|100/100
|move|p2a: Greninja|Water Shuriken|p1a: Raging Bolt
|-resisted|p1a: Raging Bolt
|-damage|p1a: Raging Bolt|98/100
|-resisted|p1a: Raging Bolt
|-damage|p1a: Raging Bolt|95/100
|-resisted|p1a: Raging Bolt
|-damage|p1a: Raging Bolt|92/100
|-resisted|p1a: Raging Bolt
|-damage|p1a: Raging Bolt|89/100
|-resisted|p1a: Raging Bolt
|-damage|p1a: Raging Bolt|87/100
|-hitcount|p1a: Raging Bolt|5
|
|upkeep
|turn|13
|inactive|sbob9638 has 120 seconds left.
|
|t:|1757914700
|switch|p2a: Great Tusk|Great Tusk|100/100
|-enditem|p2a: Great Tusk|Booster Energy
|-activate|p2a: Great Tusk|ability: Protosynthesis|[fromitem]
|-start|p2a: Great Tusk|protosynthesisatk
|move|p1a: Raging Bolt|Calm Mind|p1a: Raging Bolt
|-boost|p1a: Raging Bolt|spa|1
|-boost|p1a: Raging Bolt|spd|1
|
|upkeep
|turn|14
|inactive|sbob9638 has 120 seconds left.
|
|t:|1757914713
|-end|p1a: Raging Bolt|Protosynthesis|[silent]
|switch|p1a: Corviknight|Corviknight, M|75/100
|-ability|p1a: Corviknight|Pressure
|move|p2a: Great Tusk|Bulk Up|p2a: Great Tusk
|-boost|p2a: Great Tusk|atk|1
|-boost|p2a: Great Tusk|def|1
|
|-heal|p1a: Corviknight|82/100|[from] item: Leftovers
|upkeep
|turn|15
|
|t:|1757914723
|move|p2a: Great Tusk|Ice Spinner|p1a: Corviknight
|-damage|p1a: Corviknight|29/100
|move|p1a: Corviknight|Drill Peck|p2a: Great Tusk
|-supereffective|p2a: Great Tusk
|-damage|p2a: Great Tusk|76/100
|
|-heal|p1a: Corviknight|35/100|[from] item: Leftovers
|upkeep
|turn|16
|
|t:|1757914735
|switch|p1a: Toxapex|Toxapex, F|100/100
|move|p2a: Great Tusk|Ice Spinner|p1a: Toxapex
|-resisted|p1a: Toxapex
|-damage|p1a: Toxapex|83/100
|
|-heal|p1a: Toxapex|89/100|[from] item: Black Sludge
|upkeep
|turn|17
|
|t:|1757914747
|move|p1a: Toxapex|Baneful Bunker|p1a: Toxapex
|-singleturn|p1a: Toxapex|move: Protect
|move|p2a: Great Tusk|Ice Spinner|p1a: Toxapex
|-activate|p1a: Toxapex|move: Protect
|-status|p2a: Great Tusk|psn
|
|-heal|p1a: Toxapex|95/100|[from] item: Black Sludge
|-damage|p2a: Great Tusk|64/100 psn|[from] psn
|upkeep
|turn|18
|
|t:|1757914763
|move|p2a: Great Tusk|Headlong Rush|p1a: Toxapex
|-supereffective|p1a: Toxapex
|-damage|p1a: Toxapex|0 fnt
|-unboost|p2a: Great Tusk|def|1
|-unboost|p2a: Great Tusk|spd|1
|faint|p1a: Toxapex
|
|-damage|p2a: Great Tusk|51/100 psn|[from] psn
|upkeep
|
|t:|1757914781
|switch|p1a: Ogerpon|Ogerpon-Wellspring, F|100/100
|turn|19
|
|t:|1757914792
|move|p1a: Ogerpon|Spiky Shield|p1a: Ogerpon
|-singleturn|p1a: Ogerpon|move: Protect
|move|p2a: Great Tusk|Headlong Rush|p1a: Ogerpon
|-activate|p1a: Ogerpon|move: Protect
|-damage|p2a: Great Tusk|39/100 psn|[from] Spiky Shield|[of] p1a: Ogerpon
|
|-damage|p2a: Great Tusk|27/100 psn|[from] psn
|upkeep
|turn|20
|
|t:|1757914806
|move|p1a: Ogerpon|Horn Leech|p2a: Great Tusk
|-supereffective|p2a: Great Tusk
|-damage|p2a: Great Tusk|0 fnt
|faint|p2a: Great Tusk
|-end|p2a: Great Tusk|Protosynthesis|[silent]
|
|upkeep
|
|t:|1757914812
|switch|p2a: Glimmora|Glimmora, M|100/100
|turn|21
|
|t:|1757914828
|move|p1a: Ogerpon|Ivy Cudgel|p2a: Glimmora|[anim] Ivy Cudgel Water
|-supereffective|p2a: Glimmora
|-damage|p2a: Glimmora|28/100
|-activate|p2a: Glimmora|ability: Toxic Debris
|-sidestart|p1: oxlerd11|move: Toxic Spikes
|move|p2a: Glimmora|Stealth Rock|p1a: Ogerpon
|-sidestart|p1: oxlerd11|move: Stealth Rock
|
|-heal|p2a: Glimmora|34/100|[from] item: Leftovers
|upkeep
|turn|22
|
|t:|1757914841
|move|p2a: Glimmora|Protect|p2a: Glimmora
|-singleturn|p2a: Glimmora|Protect
|move|p1a: Ogerpon|Ivy Cudgel|p2a: Glimmora|[anim] Ivy Cudgel Water
|-activate|p2a: Glimmora|move: Protect
|
|-heal|p2a: Glimmora|40/100|[from] item: Leftovers
|upkeep
|turn|23
|
|t:|1757914867
|switch|p2a: Iron Crown|Iron Crown|95/100
|move|p1a: Ogerpon|Ivy Cudgel|p2a: Iron Crown|[anim] Ivy Cudgel Water
|-damage|p2a: Iron Crown|46/100
|
|upkeep
|turn|24
|inactive|sbob9638 has 120 seconds left.
|
|t:|1757914888
|move|p1a: Ogerpon|Ivy Cudgel|p2a: Iron Crown|[anim] Ivy Cudgel Water
|-damage|p2a: Iron Crown|0 fnt
|faint|p2a: Iron Crown
|-end|p2a: Iron Crown|Quark Drive|[silent]
|
|upkeep
|
|t:|1757914900
|switch|p2a: Greninja|Greninja, M|100/100
|turn|25
|
|t:|1757914908
|move|p1a: Ogerpon|Spiky Shield|p1a: Ogerpon
|-singleturn|p1a: Ogerpon|move: Protect
|move|p2a: Greninja|Sludge Wave|p1a: Ogerpon
|-activate|p1a: Ogerpon|move: Protect
|
|upkeep
|turn|26
|
|t:|1757914918
|switch|p1a: Corviknight|Corviknight, M|35/100
|-damage|p1a: Corviknight|23/100|[from] Stealth Rock
|-ability|p1a: Corviknight|Pressure
|move|p2a: Greninja|Sludge Wave|p1a: Corviknight
|-immune|p1a: Corviknight
|
|-heal|p1a: Corviknight|29/100|[from] item: Leftovers
|upkeep
|turn|27
|
|t:|1757914927
|move|p2a: Greninja|Ice Beam|p1a: Corviknight
|-damage|p1a: Corviknight|11/100
|move|p1a: Corviknight|Roost|p1a: Corviknight
|-heal|p1a: Corviknight|61/100
|-singleturn|p1a: Corviknight|move: Roost
|
|-heal|p1a: Corviknight|67/100|[from] item: Leftovers
|upkeep
|turn|28
|
|t:|1757914944
|move|p2a: Greninja|Dark Pulse|p1a: Corviknight
|-damage|p1a: Corviknight|41/100
|cant|p1a: Corviknight|flinch
|
|-heal|p1a: Corviknight|47/100|[from] item: Leftovers
|upkeep
|turn|29
|
|t:|1757914956
|move|p2a: Greninja|Dark Pulse|p1a: Corviknight
|-damage|p1a: Corviknight|19/100
|move|p1a: Corviknight|Roost|p1a: Corviknight
|-heal|p1a: Corviknight|69/100
|-singleturn|p1a: Corviknight|move: Roost
|
|-heal|p1a: Corviknight|75/100|[from] item: Leftovers
|upkeep
|turn|30
|
|t:|1757914970
|move|p2a: Greninja|Dark Pulse|p1a: Corviknight
|-damage|p1a: Corviknight|50/100
|cant|p1a: Corviknight|flinch
|
|-heal|p1a: Corviknight|56/100|[from] item: Leftovers
|upkeep
|turn|31
|
|t:|1757914980
|move|p2a: Greninja|Dark Pulse|p1a: Corviknight
|-damage|p1a: Corviknight|30/100
|move|p1a: Corviknight|Bulk Up|p1a: Corviknight
|-boost|p1a: Corviknight|atk|1
|-boost|p1a: Corviknight|def|1
|
|-heal|p1a: Corviknight|36/100|[from] item: Leftovers
|upkeep
|turn|32
|inactive|sbob9638 has 120 seconds left.
|inactive|sbob9638 has 90 seconds left.
|
|t:|1757915043
|move|p2a: Greninja|Ice Beam|p1a: Corviknight
|-damage|p1a: Corviknight|18/100
|-status|p1a: Corviknight|frz
|cant|p1a: Corviknight|frz
|
|-heal|p1a: Corviknight|24/100 frz|[from] item: Leftovers
|upkeep
|turn|33
|inactive|sbob9638 has 90 seconds left.
|
|t:|1757915057
|move|p2a: Greninja|Dark Pulse|p1a: Corviknight
|-damage|p1a: Corviknight|0 fnt
|faint|p1a: Corviknight
|-ability|p2a: Greninja|Battle Bond|boost
|-boost|p2a: Greninja|atk|1
|-boost|p2a: Greninja|spa|1
|-boost|p2a: Greninja|spe|1
|-activate|p2a: Greninja|ability: Battle Bond
|
|upkeep
|
|t:|1757915072
|switch|p1a: Raging Bolt|Raging Bolt|87/100
|turn|34
|inactive|sbob9638 has 90 seconds left.
|
|t:|1757915093
|move|p1a: Raging Bolt|Thunderclap|p2a: Greninja
|-supereffective|p2a: Greninja
|-damage|p2a: Greninja|0 fnt
|faint|p2a: Greninja
|
|upkeep
|
|t:|1757915104
|switch|p2a: Appletun|Appletun, F|100/100
|turn|35
|inactive|oxlerd11 has 120 seconds left.
|
|t:|1757915163
|move|p1a: Raging Bolt|Dragon Pulse|p2a: Appletun
|-supereffective|p2a: Appletun
|-damage|p2a: Appletun|34/100
|move|p2a: Appletun|Leech Seed|p1a: Raging Bolt
|-start|p1a: Raging Bolt|move: Leech Seed
|
|-heal|p2a: Appletun|40/100|[from] item: Leftovers
|-damage|p1a: Raging Bolt|74/100|[from] Leech Seed|[of] p2a: Appletun
|-heal|p2a: Appletun|53/100|[silent]
|upkeep
|turn|36
|
|t:|1757915172
|move|p2a: Appletun|Protect|p2a: Appletun
|-singleturn|p2a: Appletun|Protect
|move|p1a: Raging Bolt|Dragon Pulse|p2a: Appletun
|-activate|p2a: Appletun|move: Protect
|
|-heal|p2a: Appletun|59/100|[from] item: Leftovers
|-damage|p1a: Raging Bolt|62/100|[from] Leech Seed|[of] p2a: Appletun
|-heal|p2a: Appletun|73/100|[silent]
|upkeep
|turn|37
|
|t:|1757915183
|-terastallize|p2a: Appletun|Fairy
|move|p1a: Raging Bolt|Dragon Pulse|p2a: Appletun
|-immune|p2a: Appletun
|move|p2a: Appletun|Apple Acid|p1a: Raging Bolt
|-resisted|p1a: Raging Bolt
|-damage|p1a: Raging Bolt|51/100
|-unboost|p1a: Raging Bolt|spd|1
|
|-heal|p2a: Appletun|79/100|[from] item: Leftovers
|-damage|p1a: Raging Bolt|39/100|[from] Leech Seed|[of] p2a: Appletun
|-heal|p2a: Appletun|92/100|[silent]
|upkeep
|turn|38
|
|t:|1757915198
|-end|p1a: Raging Bolt|Protosynthesis|[silent]
|switch|p1a: Ogerpon|Ogerpon-Wellspring, F|100/100
|-status|p1a: Ogerpon|psn
|-damage|p1a: Ogerpon|88/100 psn|[from] Stealth Rock
|move|p2a: Appletun|Leech Seed|p1a: Ogerpon
|-immune|p1a: Ogerpon
|
|-heal|p2a: Appletun|98/100|[from] item: Leftovers
|-damage|p1a: Ogerpon|76/100 psn|[from] psn
|upkeep
|turn|39
|
|t:|1757915212
|move|p2a: Appletun|Protect|p2a: Appletun
|-singleturn|p2a: Appletun|Protect
|move|p1a: Ogerpon|Leech Seed|p2a: Appletun
|-activate|p2a: Appletun|move: Protect
|
|-heal|p2a: Appletun|100/100|[from] item: Leftovers
|-damage|p1a: Ogerpon|63/100 psn|[from] psn
|upkeep
|turn|40
|
|t:|1757915220
|move|p1a: Ogerpon|Horn Leech|p2a: Appletun
|-damage|p2a: Appletun|64/100
|-heal|p1a: Ogerpon|85/100 psn|[from] drain|[of] p2a: Appletun
|move|p2a: Appletun|Apple Acid|p1a: Ogerpon
|-damage|p1a: Ogerpon|59/100 psn
|-unboost|p1a: Ogerpon|spd|1
|
|-heal|p2a: Appletun|70/100|[from] item: Leftovers
|-damage|p1a: Ogerpon|47/100 psn|[from] psn
|upkeep
|turn|41
|
|t:|1757915235
|move|p2a: Appletun|Protect|p2a: Appletun
|-singleturn|p2a: Appletun|Protect
|move|p1a: Ogerpon|Horn Leech|p2a: Appletun
|-activate|p2a: Appletun|move: Protect
|
|-heal|p2a: Appletun|76/100|[from] item: Leftovers
|-damage|p1a: Ogerpon|35/100 psn|[from] psn
|upkeep
|turn|42
|
|t:|1757915247
|switch|p1a: Heatran|Heatran, M|75/100
|-damage|p1a: Heatran|63/100|[from] Stealth Rock
|move|p2a: Appletun|Recover|p2a: Appletun
|-heal|p2a: Appletun|100/100
|
|upkeep
|turn|43
|
|t:|1757915257
|move|p1a: Heatran|Substitute|p1a: Heatran
|-start|p1a: Heatran|Substitute
|-damage|p1a: Heatran|38/100
|move|p2a: Appletun|Leech Seed||[still]
|-fail|p2a: Appletun
|
|upkeep
|turn|44
|
|t:|1757915266
|move|p1a: Heatran|Magma Storm|p2a: Appletun
|-damage|p2a: Appletun|84/100
|-activate|p2a: Appletun|move: Magma Storm|[of] p1a: Heatran
|move|p2a: Appletun|Apple Acid|p1a: Heatran
|-resisted|p1a: Heatran
|-activate|p1a: Heatran|move: Substitute|[damage]
|
|-heal|p2a: Appletun|90/100|[from] item: Leftovers
|-damage|p2a: Appletun|78/100|[from] move: Magma Storm|[partiallytrapped]
|upkeep
|turn|45
|inactive|sbob9638 has 120 seconds left.
|
|t:|1757915280
|move|p1a: Heatran|Earth Power|p2a: Appletun
|-damage|p2a: Appletun|57/100
|move|p2a: Appletun|Apple Acid|p1a: Heatran
|-resisted|p1a: Heatran
|-activate|p1a: Heatran|move: Substitute|[damage]
|
|-heal|p2a: Appletun|63/100|[from] item: Leftovers
|-damage|p2a: Appletun|51/100|[from] move: Magma Storm|[partiallytrapped]
|upkeep
|turn|46
|
|t:|1757915292
|move|p1a: Heatran|Magma Storm|p2a: Appletun
|-damage|p2a: Appletun|35/100
|move|p2a: Appletun|Recover|p2a: Appletun
|-heal|p2a: Appletun|85/100
|
|-heal|p2a: Appletun|92/100|[from] item: Leftovers
|-damage|p2a: Appletun|79/100|[from] move: Magma Storm|[partiallytrapped]
|upkeep
|turn|47
|
|t:|1757915303
|move|p1a: Heatran|Earth Power|p2a: Appletun
|-damage|p2a: Appletun|59/100
|move|p2a: Appletun|Apple Acid|p1a: Heatran
|-resisted|p1a: Heatran
|-activate|p1a: Heatran|move: Substitute|[damage]
|
|-heal|p2a: Appletun|65/100|[from] item: Leftovers
|-damage|p2a: Appletun|52/100|[from] move: Magma Storm|[partiallytrapped]
|upkeep
|turn|48
|
|t:|1757915312
|move|p1a: Heatran|Earth Power|p2a: Appletun
|-damage|p2a: Appletun|32/100
|-unboost|p2a: Appletun|spd|1
|move|p2a: Appletun|Recover|p2a: Appletun
|-heal|p2a: Appletun|82/100
|
|-heal|p2a: Appletun|88/100|[from] item: Leftovers
|-end|p2a: Appletun|Magma Storm|[partiallytrapped]
|upkeep
|turn|49
|
|t:|1757915323
|move|p1a: Heatran|Earth Power|p2a: Appletun
|-damage|p2a: Appletun|57/100
|move|p2a: Appletun|Apple Acid|p1a: Heatran
|-resisted|p1a: Heatran
|-activate|p1a: Heatran|move: Substitute|[damage]
|
|-heal|p2a: Appletun|63/100|[from] item: Leftovers
|upkeep
|turn|50
|
|t:|1757915335
|move|p2a: Appletun|Protect|p2a: Appletun
|-singleturn|p2a: Appletun|Protect
|move|p1a: Heatran|Earth Power|p2a: Appletun
|-activate|p2a: Appletun|move: Protect
|
|-heal|p2a: Appletun|69/100|[from] item: Leftovers
|upkeep
|turn|51
|inactive|oxlerd11 has 120 seconds left.
|l|☆oxlerd11
|inactive|oxlerd11 disconnected and has a minute to reconnect!
|player|p1|
|inactive|oxlerd11 has 30 seconds to reconnect!
|inactive|oxlerd11 has 20 seconds to reconnect!
|inactive|oxlerd11 has 15 seconds to reconnect!
|inactive|oxlerd11 has 10 seconds to reconnect!
|inactive|oxlerd11 has 5 seconds to reconnect!
|-message|oxlerd11 lost due to inactivity.
|
|win|sbob9638
|raw|oxlerd11's rating: 1088 &rarr; <strong>1069</strong><br />(-19 for losing)
|raw|sbob9638's rating: 1146 &rarr; <strong>1167</strong><br />(+21 for winning)
|l|☆sbob9638
|player|p2|
