|j|☆player killer8
|j|☆KevinHaHa
|t:|1757822947
|gametype|singles
|player|p1|player killer8|giovanni|1345
|player|p2|KevinHaHa|lucas|1366
|gen|9
|tier|[Gen 9] OU
|rated|
|rule|HP Percentage Mod: HP is shown in percentages
|rule|Endless Battle Clause: Forcing endless battles is banned
|rule|Species Clause: Limit one of each Pokémon
|rule|OHKO Clause: OHKO moves are banned
|rule|Evasion Items Clause: Evasion items are banned
|rule|Evasion Moves Clause: Evasion moves are banned
|rule|Evasion Abilities Clause: Evasion abilities are banned
|rule|Sleep Moves Clause: Sleep-inducing moves are banned
|clearpoke
|poke|p1|Weezing-Galar, F|
|poke|p1|Zamazenta-*|
|poke|p1|Dragonite, M|
|poke|p1|Gholdengo|
|poke|p1|Kingambit, M|
|poke|p1|Darkrai|
|poke|p2|Grimmsnarl, M|
|poke|p2|Araquanid, M|
|poke|p2|Pecharunt|
|poke|p2|Gholdengo|
|poke|p2|Dragapult, F|
|poke|p2|Kingambit, M|
|teampreview
|
|t:|1757822950
|teamsize|p1|6
|teamsize|p2|6
|start
|switch|p1a: Dragonite|Dragonite, M|100/100
|switch|p2a: Dragapult|Dragapult, F|100/100
|turn|1
|
|t:|1757822980
|move|p2a: Dragapult|Will-O-Wisp|p1a: Dragonite
|-status|p1a: Dragonite|brn
|move|p1a: Dragonite|Outrage|p2a: Dragapult
|-supereffective|p2a: Dragapult
|-damage|p2a: Dragapult|0 fnt
|faint|p2a: Dragapult
|-damage|p1a: Dragonite|91/100 brn|[from] item: Life Orb
|
|-damage|p1a: Dragonite|84/100 brn|[from] brn
|upkeep
|
|t:|1757822992
|switch|p2a: Grimmsnarl|Grimmsnarl, M, shiny|100/100
|turn|2
|
|t:|1757822997
|move|p2a: Grimmsnarl|Reflect|p2a: Grimmsnarl
|-sidestart|p2: KevinHaHa|Reflect
|move|p1a: Dragonite|Outrage|p2a: Grimmsnarl|[from] lockedmove
|-immune|p2a: Grimmsnarl
|
|-damage|p1a: Dragonite|78/100 brn|[from] brn
|upkeep
|turn|3
|inactive|Battle timer is ON: inactive players will automatically lose when time's up. (requested by KevinHaHa)
|
|t:|1757823009
|move|p2a: Grimmsnarl|Light Screen|p2a: Grimmsnarl
|-sidestart|p2: KevinHaHa|move: Light Screen
|move|p1a: Dragonite|Dragon Dance|p1a: Dragonite
|-boost|p1a: Dragonite|atk|1
|-boost|p1a: Dragonite|spe|1
|
|-damage|p1a: Dragonite|72/100 brn|[from] brn
|upkeep
|turn|4
|
|t:|1757823017
|move|p2a: Grimmsnarl|Taunt|p1a: Dragonite
|-start|p1a: Dragonite|move: Taunt
|move|p1a: Dragonite|Fly||[still]
|-prepare|p1a: Dragonite|Fly
|
|-damage|p1a: Dragonite|66/100 brn|[from] brn
|upkeep
|turn|5
|
|t:|1757823027
|switch|p2a: Pecharunt|Pecharunt|100/100
|move|p1a: Dragonite|Fly|p2a: Pecharunt|[from] lockedmove
|-damage|p2a: Pecharunt|89/100
|-damage|p1a: Dragonite|56/100 brn|[from] item: Life Orb
|
|-damage|p1a: Dragonite|50/100 brn|[from] brn
|upkeep
|turn|6
|
|t:|1757823047
|move|p1a: Dragonite|Earthquake|p2a: Pecharunt
|-supereffective|p2a: Pecharunt
|-damage|p2a: Pecharunt|73/100
|-damage|p1a: Dragonite|40/100 brn|[from] item: Life Orb
|move|p2a: Pecharunt|Hex|p1a: Dragonite
|-damage|p1a: Dragonite|1/100 brn
|
|-damage|p1a: Dragonite|0 fnt|[from] brn
|faint|p1a: Dragonite
|upkeep
|
|t:|1757823061
|switch|p1a: Darkrai|Darkrai|100/100
|turn|7
|
|t:|1757823066
|switch|p2a: Araquanid|Araquanid, M, shiny|100/100
|move|p1a: Darkrai|Dark Pulse|p2a: Araquanid
|-damage|p2a: Araquanid|73/100
|
|upkeep
|turn|8
|
|t:|1757823071
|switch|p1a: Weezing|Weezing-Galar, F|100/100
|move|p2a: Araquanid|Surf|p1a: Weezing
|-damage|p1a: Weezing|51/100
|
|-heal|p1a: Weezing|57/100|[from] item: Leftovers
|upkeep
|turn|9
|
|t:|1757823078
|move|p1a: Weezing|Strange Steam|p2a: Araquanid
|-damage|p2a: Araquanid|63/100
|move|p2a: Araquanid|Surf|p1a: Weezing
|-damage|p1a: Weezing|9/100
|
|-heal|p1a: Weezing|15/100|[from] item: Leftovers
|-sideend|p2: KevinHaHa|Reflect
|upkeep
|turn|10
|
|t:|1757823085
|switch|p1a: Zamazenta|Zamazenta|100/100
|-ability|p1a: Zamazenta|Dauntless Shield|boost
|-boost|p1a: Zamazenta|def|1
|move|p2a: Araquanid|Surf|p1a: Zamazenta
|-damage|p1a: Zamazenta|47/100
|
|-sideend|p2: KevinHaHa|move: Light Screen
|upkeep
|turn|11
|
|t:|1757823092
|move|p1a: Zamazenta|Wild Charge|p2a: Araquanid
|-supereffective|p2a: Araquanid
|-damage|p2a: Araquanid|6/100
|-damage|p1a: Zamazenta|32/100|[from] Recoil
|move|p2a: Araquanid|Surf|p1a: Zamazenta
|-damage|p1a: Zamazenta|0 fnt
|faint|p1a: Zamazenta
|
|upkeep
|
|t:|1757823097
|switch|p1a: Gholdengo|Gholdengo|100/100
|-item|p1a: Gholdengo|Air Balloon
|turn|12
|-enditem|p2a: Araquanid|Custap Berry|[eat]
|-activate|p2a: Araquanid|item: Custap Berry|[consumed]
|
|t:|1757823102
|move|p2a: Araquanid|Sticky Web|p1a: Gholdengo
|-sidestart|p1: player killer8|move: Sticky Web
|move|p1a: Gholdengo|Shadow Ball|p2a: Araquanid
|-damage|p2a: Araquanid|0 fnt
|faint|p2a: Araquanid
|
|upkeep
|
|t:|1757823115
|switch|p2a: Kingambit|Kingambit, M, shiny|100/100
|-activate|p2a: Kingambit|ability: Supreme Overlord
|-start|p2a: Kingambit|fallen2|[silent]
|turn|13
|
|t:|1757823119
|move|p1a: Gholdengo|Thunder|p2a: Kingambit
|-damage|p2a: Kingambit|62/100
|-status|p2a: Kingambit|par
|move|p2a: Kingambit|Swords Dance|p2a: Kingambit
|-boost|p2a: Kingambit|atk|2
|
|upkeep
|turn|14
|
|t:|1757823126
|-terastallize|p1a: Gholdengo|Electric
|move|p2a: Kingambit|Sucker Punch|p1a: Gholdengo
|-damage|p1a: Gholdengo|0 fnt
|-enditem|p1a: Gholdengo|Air Balloon
|faint|p1a: Gholdengo
|
|upkeep
|
|t:|1757823130
|switch|p1a: Weezing|Weezing-Galar, F|15/100
|turn|15
|
|t:|1757823135
|move|p1a: Weezing|Defog|p2a: Kingambit
|-unboost|p2a: Kingambit|evasion|1
|-sideend|p1: player killer8|Sticky Web|[from] move: Defog|[of] p1a: Weezing
|move|p2a: Kingambit|Kowtow Cleave|p1a: Weezing
|-resisted|p1a: Weezing
|-damage|p1a: Weezing|0 fnt
|faint|p1a: Weezing
|
|upkeep
|
|t:|1757823141
|switch|p1a: Kingambit|Kingambit, M|100/100
|-activate|p1a: Kingambit|ability: Supreme Overlord
|-start|p1a: Kingambit|fallen4|[silent]
|turn|16
|
|t:|1757823145
|move|p1a: Kingambit|Low Kick|p2a: Kingambit
|-supereffective|p2a: Kingambit
|-damage|p2a: Kingambit|0 fnt
|faint|p2a: Kingambit
|-end|p2a: Kingambit|fallen2|[silent]
|
|upkeep
|
|t:|1757823153
|switch|p2a: Grimmsnarl|Grimmsnarl, M, shiny|100/100
|turn|17
|
|t:|1757823157
|-end|p1a: Kingambit|fallen4|[silent]
|switch|p1a: Darkrai|Darkrai|100/100
|move|p2a: Grimmsnarl|Reflect|p2a: Grimmsnarl
|-sidestart|p2: KevinHaHa|Reflect
|
|upkeep
|turn|18
|
|t:|1757823161
|move|p2a: Grimmsnarl|Light Screen|p2a: Grimmsnarl
|-sidestart|p2: KevinHaHa|move: Light Screen
|move|p1a: Darkrai|Sludge Bomb|p2a: Grimmsnarl
|-supereffective|p2a: Grimmsnarl
|-damage|p2a: Grimmsnarl|45/100
|-status|p2a: Grimmsnarl|psn
|
|-damage|p2a: Grimmsnarl|33/100 psn|[from] psn
|upkeep
|turn|19
|
|t:|1757823169
|switch|p2a: Pecharunt|Pecharunt|73/100
|move|p1a: Darkrai|Sludge Bomb|p2a: Pecharunt
|-resisted|p2a: Pecharunt
|-damage|p2a: Pecharunt|67/100
|
|upkeep
|turn|20
|
|t:|1757823175
|switch|p1a: Kingambit|Kingambit, M|100/100
|-activate|p1a: Kingambit|ability: Supreme Overlord
|-start|p1a: Kingambit|fallen4|[silent]
|move|p2a: Pecharunt|Parting Shot|p1a: Kingambit
|-unboost|p1a: Kingambit|atk|1
|-unboost|p1a: Kingambit|spa|1
|
|t:|1757823181
|switch|p2a: Gholdengo|Gholdengo, shiny|100/100|[from] Parting Shot
|-item|p2a: Gholdengo|Air Balloon
|
|upkeep
|turn|21
|
|t:|1757823188
|-terastallize|p2a: Gholdengo|Water
|move|p2a: Gholdengo|Nasty Plot|p2a: Gholdengo
|-boost|p2a: Gholdengo|spa|2
|move|p1a: Kingambit|Swords Dance|p1a: Kingambit
|-boost|p1a: Kingambit|atk|2
|
|upkeep
|turn|22
|
|t:|1757823197
|move|p2a: Gholdengo|Nasty Plot|p2a: Gholdengo
|-boost|p2a: Gholdengo|spa|2
|move|p1a: Kingambit|Zen Headbutt|p2a: Gholdengo
|-damage|p2a: Gholdengo|78/100
|-enditem|p2a: Gholdengo|Air Balloon
|
|upkeep
|turn|23
|
|t:|1757823203
|move|p2a: Gholdengo|Make It Rain|p1a: Kingambit
|-resisted|p1a: Kingambit
|-damage|p1a: Kingambit|6/100
|-unboost|p2a: Gholdengo|spa|1
|move|p1a: Kingambit|Zen Headbutt|p2a: Gholdengo
|-damage|p2a: Gholdengo|56/100
|
|upkeep
|turn|24
|
|t:|1757823210
|move|p1a: Kingambit|Sucker Punch|p2a: Gholdengo
|-damage|p2a: Gholdengo|25/100
|move|p2a: Gholdengo|Shadow Ball|p1a: Kingambit
|-resisted|p1a: Kingambit
|-damage|p1a: Kingambit|0 fnt
|faint|p1a: Kingambit
|-end|p1a: Kingambit|fallen4|[silent]
|
|-sideend|p2: KevinHaHa|Reflect
|upkeep
|
|t:|1757823212
|switch|p1a: Darkrai|Darkrai|100/100
|turn|25
|
|t:|1757823223
|switch|p2a: Pecharunt|Pecharunt|67/100
|move|p1a: Darkrai|Dark Pulse|p2a: Pecharunt
|-supereffective|p2a: Pecharunt
|-damage|p2a: Pecharunt|6/100
|
|-sideend|p2: KevinHaHa|move: Light Screen
|upkeep
|turn|26
|
|t:|1757823229
|move|p1a: Darkrai|Dark Pulse|p2a: Pecharunt
|-supereffective|p2a: Pecharunt
|-damage|p2a: Pecharunt|0 fnt
|faint|p2a: Pecharunt
|
|upkeep
|
|t:|1757823233
|switch|p2a: Grimmsnarl|Grimmsnarl, M, shiny|33/100 psn
|turn|27
|
|t:|1757823239
|move|p2a: Grimmsnarl|Light Screen|p2a: Grimmsnarl
|-sidestart|p2: KevinHaHa|move: Light Screen
|move|p1a: Darkrai|Dark Pulse|p2a: Grimmsnarl
|-resisted|p2a: Grimmsnarl
|-damage|p2a: Grimmsnarl|24/100 psn
|
|-damage|p2a: Grimmsnarl|12/100 psn|[from] psn
|upkeep
|turn|28
|
|t:|1757823248
|move|p2a: Grimmsnarl|Parting Shot|p1a: Darkrai
|-hint|Since gen 7, Dark is immune to Prankster moves.
|-immune|p1a: Darkrai
|move|p1a: Darkrai|Dark Pulse|p2a: Grimmsnarl
|-resisted|p2a: Grimmsnarl
|-damage|p2a: Grimmsnarl|4/100 psn
|
|-damage|p2a: Grimmsnarl|0 fnt|[from] psn
|faint|p2a: Grimmsnarl
|upkeep
|
|t:|1757823256
|switch|p2a: Gholdengo|Gholdengo, shiny, tera:Water|25/100
|turn|29
|c|☆player killer8|funnily enough
|-message|KevinHaHa forfeited.
|
|win|player killer8
|raw|player killer8's rating: 1345 &rarr; <strong>1366</strong><br />(+21 for winning)
|raw|KevinHaHa's rating: 1366 &rarr; <strong>1345</strong><br />(-21 for losing)
|l|☆KevinHaHa
|player|p2|
|l|☆player killer8
|player|p1|
|j| Shucklepilled
|l| Shucklepilled
