|j|☆BeachLeak
|j|☆Saturation1
|t:|1757909141
|gametype|singles
|player|p1|BeachLeak|archer|1519
|player|p2|Saturation1|brock|1606
|gen|9
|tier|[Gen 9] OU
|rated|
|rule|HP Percentage Mod: HP is shown in percentages
|rule|Endless Battle Clause: Forcing endless battles is banned
|rule|Species Clause: Limit one of each Pokémon
|rule|OHKO Clause: OHKO moves are banned
|rule|Evasion Items Clause: Evasion items are banned
|rule|Evasion Moves Clause: Evasion moves are banned
|rule|Evasion Abilities Clause: Evasion abilities are banned
|rule|Sleep Moves Clause: Sleep-inducing moves are banned
|clearpoke
|poke|p1|Salamence, M|
|poke|p1|Tyranitar, M|
|poke|p1|Excadrill, F|
|poke|p1|Iron Crown|
|poke|p1|Azumarill, F|
|poke|p1|Zamazenta-*|
|poke|p2|Pecharunt|
|poke|p2|Great Tusk|
|poke|p2|Ogerpon-Wellspring, F|
|poke|p2|Iron Crown|
|poke|p2|Landorus-Therian, M|
|poke|p2|Samurott-Hisui, F|
|teampreview
|inactive|Battle timer is ON: inactive players will automatically lose when time's up. (requested by BeachLeak)
|
|t:|1757909163
|teamsize|p1|6
|teamsize|p2|6
|start
|switch|p1a: Sherbet|Salamence, M, shiny|100/100
|switch|p2a: Great Tusk|Great Tusk|100/100
|-ability|p1a: Sherbet|Intimidate|boost
|-unboost|p2a: Great Tusk|atk|1
|-enditem|p2a: Great Tusk|Booster Energy
|-activate|p2a: Great Tusk|ability: Protosynthesis|[fromitem]
|-start|p2a: Great Tusk|protosynthesisspe
|turn|1
|
|t:|1757909169
|move|p2a: Great Tusk|Knock Off|p1a: Sherbet
|-damage|p1a: Sherbet|78/100
|-enditem|p1a: Sherbet|Choice Specs|[from] move: Knock Off|[of] p2a: Great Tusk
|move|p1a: Sherbet|Air Slash|p2a: Great Tusk
|-supereffective|p2a: Great Tusk
|-damage|p2a: Great Tusk|12/100
|
|upkeep
|turn|2
|
|t:|1757909175
|move|p2a: Great Tusk|Stealth Rock|p1a: Sherbet
|-sidestart|p1: BeachLeak|move: Stealth Rock
|move|p1a: Sherbet|Air Slash|p2a: Great Tusk
|-supereffective|p2a: Great Tusk
|-damage|p2a: Great Tusk|0 fnt
|faint|p2a: Great Tusk
|-end|p2a: Great Tusk|Protosynthesis|[silent]
|
|upkeep
|
|t:|1757909183
|switch|p2a: Samurott|Samurott-Hisui, F|100/100
|turn|3
|
|t:|1757909188
|move|p1a: Sherbet|Draco Meteor|p2a: Samurott
|-damage|p2a: Samurott|49/100
|-unboost|p1a: Sherbet|spa|2
|move|p2a: Samurott|Ceaseless Edge|p1a: Sherbet
|-damage|p1a: Sherbet|14/100
|-sidestart|p1: BeachLeak|Spikes
|
|upkeep
|turn|4
|
|t:|1757909199
|switch|p1a: Azumarill|Azumarill, F, shiny|100/100
|-damage|p1a: Azumarill|88/100|[from] Stealth Rock
|-damage|p1a: Azumarill|76/100|[from] Spikes
|move|p2a: Samurott|Flip Turn|p1a: Azumarill
|-resisted|p1a: Azumarill
|-damage|p1a: Azumarill|58/100
|
|t:|1757909206
|switch|p2a: Iron Crown|Iron Crown|100/100|[from] Flip Turn
|
|upkeep
|turn|5
|
|t:|1757909211
|move|p2a: Iron Crown|Tachyon Cutter|p1a: Azumarill
|-damage|p1a: Azumarill|14/100
|-enditem|p1a: Azumarill|Sitrus Berry|[eat]
|-heal|p1a: Azumarill|39/100|[from] item: Sitrus Berry
|-damage|p1a: Azumarill|0 fnt
|faint|p1a: Azumarill
|-hitcount|p1: Azumarill|2
|
|upkeep
|
|t:|1757909220
|switch|p1a: Excadrill|Excadrill, F|100/100
|-damage|p1a: Excadrill|97/100|[from] Stealth Rock
|-item|p1a: Excadrill|Air Balloon
|turn|6
|
|t:|1757909226
|-end|p2a: Iron Crown|Quark Drive|[silent]
|switch|p2a: Pecharunt|Pecharunt|100/100
|move|p1a: Excadrill|Rapid Spin|p2a: Pecharunt
|-immune|p2a: Pecharunt
|
|upkeep
|turn|7
|
|t:|1757909231
|move|p1a: Excadrill|Swords Dance|p1a: Excadrill
|-boost|p1a: Excadrill|atk|2
|move|p2a: Pecharunt|Parting Shot|p1a: Excadrill
|-unboost|p1a: Excadrill|atk|1
|-unboost|p1a: Excadrill|spa|1
|
|t:|1757909237
|switch|p2a: Landorus|Landorus-Therian, M|100/100|[from] Parting Shot
|-ability|p2a: Landorus|Intimidate|boost
|-unboost|p1a: Excadrill|atk|1
|
|upkeep
|turn|8
|
|t:|1757909243
|move|p2a: Landorus|U-turn|p1a: Excadrill
|-resisted|p1a: Excadrill
|-damage|p1a: Excadrill|76/100
|-enditem|p1a: Excadrill|Air Balloon
|
|t:|1757909247
|switch|p2a: Pecharunt|Pecharunt|100/100|[from] U-turn
|move|p1a: Excadrill|Rapid Spin|p2a: Pecharunt
|-immune|p2a: Pecharunt
|
|upkeep
|turn|9
|
|t:|1757909252
|move|p1a: Excadrill|Swords Dance|p1a: Excadrill
|-boost|p1a: Excadrill|atk|2
|move|p2a: Pecharunt|Parting Shot|p1a: Excadrill
|-unboost|p1a: Excadrill|atk|1
|-unboost|p1a: Excadrill|spa|1
|
|t:|1757909256
|switch|p2a: Landorus|Landorus-Therian, M|100/100|[from] Parting Shot
|-ability|p2a: Landorus|Intimidate|boost
|-unboost|p1a: Excadrill|atk|1
|
|upkeep
|turn|10
|
|t:|1757909261
|switch|p1a: Sherbet|Salamence, M, shiny|14/100
|-damage|p1a: Sherbet|0 fnt|[from] Stealth Rock
|faint|p1a: Sherbet
|move|p2a: Landorus|Earthquake|p1: Sherbet|[notarget]
|-fail|p2a: Landorus
|
|upkeep
|
|t:|1757909268
|switch|p1a: Zamazenta|Zamazenta|100/100
|-damage|p1a: Zamazenta|94/100|[from] Stealth Rock
|-damage|p1a: Zamazenta|82/100|[from] Spikes
|-ability|p1a: Zamazenta|Dauntless Shield|boost
|-boost|p1a: Zamazenta|def|1
|turn|11
|
|t:|1757909273
|switch|p2a: Pecharunt|Pecharunt|100/100
|move|p1a: Zamazenta|Stone Edge|p2a: Pecharunt
|-damage|p2a: Pecharunt|80/100
|-damage|p1a: Zamazenta|72/100|[from] item: Life Orb
|
|upkeep
|turn|12
|
|t:|1757909278
|move|p1a: Zamazenta|Crunch|p2a: Pecharunt
|-supereffective|p2a: Pecharunt
|-damage|p2a: Pecharunt|47/100
|-damage|p1a: Zamazenta|56/100|[from] item: Rocky Helmet|[of] p2a: Pecharunt
|-damage|p1a: Zamazenta|46/100|[from] item: Life Orb
|move|p2a: Pecharunt|Parting Shot|p1a: Zamazenta
|-unboost|p1a: Zamazenta|atk|1
|-unboost|p1a: Zamazenta|spa|1
|
|t:|1757909286
|switch|p2a: Landorus|Landorus-Therian, M|100/100|[from] Parting Shot
|-ability|p2a: Landorus|Intimidate|boost
|-unboost|p1a: Zamazenta|atk|1
|
|upkeep
|turn|13
|
|t:|1757909289
|switch|p2a: Pecharunt|Pecharunt|47/100
|move|p1a: Zamazenta|Stone Edge|p2a: Pecharunt
|-damage|p2a: Pecharunt|37/100
|-damage|p1a: Zamazenta|36/100|[from] item: Life Orb
|
|upkeep
|turn|14
|
|t:|1757909296
|move|p1a: Zamazenta|Crunch|p2a: Pecharunt
|-supereffective|p2a: Pecharunt
|-damage|p2a: Pecharunt|21/100
|-damage|p1a: Zamazenta|19/100|[from] item: Rocky Helmet|[of] p2a: Pecharunt
|-damage|p1a: Zamazenta|9/100|[from] item: Life Orb
|move|p2a: Pecharunt|Recover|p2a: Pecharunt
|-heal|p2a: Pecharunt|71/100
|
|upkeep
|turn|15
|
|t:|1757909301
|move|p1a: Zamazenta|Crunch|p2a: Pecharunt
|-supereffective|p2a: Pecharunt
|-damage|p2a: Pecharunt|55/100
|-damage|p1a: Zamazenta|0 fnt|[from] item: Rocky Helmet|[of] p2a: Pecharunt
|faint|p1a: Zamazenta
|move|p2a: Pecharunt|Recover|p2a: Pecharunt
|-heal|p2a: Pecharunt|100/100
|
|upkeep
|
|t:|1757909303
|switch|p1a: Tyranitar|Tyranitar, M, shiny|100/100
|-damage|p1a: Tyranitar|88/100|[from] Stealth Rock
|-damage|p1a: Tyranitar|76/100|[from] Spikes
|-weather|Sandstorm|[from] ability: Sand Stream|[of] p1a: Tyranitar
|turn|16
|
|t:|1757909309
|move|p1a: Tyranitar|Knock Off|p2a: Pecharunt
|-supereffective|p2a: Pecharunt
|-damage|p2a: Pecharunt|17/100
|-damage|p1a: Tyranitar|59/100|[from] item: Rocky Helmet|[of] p2a: Pecharunt
|-enditem|p2a: Pecharunt|Rocky Helmet|[from] move: Knock Off|[of] p1a: Tyranitar
|move|p2a: Pecharunt|Parting Shot|p1a: Tyranitar
|-unboost|p1a: Tyranitar|atk|1
|-unboost|p1a: Tyranitar|spa|1
|
|t:|1757909316
|switch|p2a: Landorus|Landorus-Therian, M|100/100|[from] Parting Shot
|-ability|p2a: Landorus|Intimidate|boost
|-unboost|p1a: Tyranitar|atk|1
|
|-weather|Sandstorm|[upkeep]
|upkeep
|turn|17
|
|t:|1757909319
|move|p2a: Landorus|Earthquake|p1a: Tyranitar
|-supereffective|p1a: Tyranitar
|-damage|p1a: Tyranitar|0 fnt
|faint|p1a: Tyranitar
|
|-weather|Sandstorm|[upkeep]
|upkeep
|
|t:|1757909321
|switch|p1a: Excadrill|Excadrill, F|76/100
|-damage|p1a: Excadrill|73/100|[from] Stealth Rock
|-damage|p1a: Excadrill|60/100|[from] Spikes
|turn|18
|
|t:|1757909325
|switch|p2a: Pecharunt|Pecharunt|17/100
|-terastallize|p1a: Excadrill|Dragon
|move|p1a: Excadrill|Swords Dance|p1a: Excadrill
|-boost|p1a: Excadrill|atk|2
|
|-weather|Sandstorm|[upkeep]
|-damage|p2a: Pecharunt|11/100|[from] Sandstorm
|upkeep
|turn|19
|
|t:|1757909338
|move|p1a: Excadrill|Iron Head|p2a: Pecharunt
|-damage|p2a: Pecharunt|0 fnt
|faint|p2a: Pecharunt
|
|-weather|Sandstorm|[upkeep]
|upkeep
|
|t:|1757909342
|switch|p2a: Landorus|Landorus-Therian, M|100/100
|-ability|p2a: Landorus|Intimidate|boost
|-unboost|p1a: Excadrill|atk|1
|turn|20
|
|t:|1757909349
|switch|p2a: Samurott|Samurott-Hisui, F|49/100
|move|p1a: Excadrill|Iron Head|p2a: Samurott
|-resisted|p2a: Samurott
|-crit|p2a: Samurott
|-damage|p2a: Samurott|0 fnt
|faint|p2a: Samurott
|
|-weather|none
|upkeep
|
|t:|1757909355
|switch|p2a: Landorus|Landorus-Therian, M|100/100
|-ability|p2a: Landorus|Intimidate|boost
|-unboost|p1a: Excadrill|atk|1
|turn|21
|
|t:|1757909357
|move|p2a: Landorus|Earthquake|p1a: Excadrill
|-damage|p1a: Excadrill|0 fnt
|faint|p1a: Excadrill
|
|upkeep
|
|t:|1757909359
|switch|p1a: Iron Crown|Iron Crown|100/100
|-damage|p1a: Iron Crown|94/100|[from] Stealth Rock
|-damage|p1a: Iron Crown|82/100|[from] Spikes
|turn|22
|-message|BeachLeak forfeited.
|
|win|Saturation1
|raw|BeachLeak's rating: 1519 &rarr; <strong>1504</strong><br />(-15 for losing)
|raw|Saturation1's rating: 1606 &rarr; <strong>1621</strong><br />(+15 for winning)
|l|☆BeachLeak
|player|p1|
|l|☆Saturation1
|player|p2|
