|j|☆vitos86
|j|☆saap9a4fut16
|t:|1757865943
|gametype|singles
|player|p1|vitos86|biker|1106
|player|p2|saap9a4fut16|170|1081
|gen|9
|tier|[Gen 9] OU
|rated|
|rule|HP Percentage Mod: HP is shown in percentages
|rule|Endless Battle Clause: Forcing endless battles is banned
|rule|Species Clause: Limit one of each Pokémon
|rule|OHKO Clause: OHKO moves are banned
|rule|Evasion Items Clause: Evasion items are banned
|rule|Evasion Moves Clause: Evasion moves are banned
|rule|Evasion Abilities Clause: Evasion abilities are banned
|rule|Sleep Moves Clause: Sleep-inducing moves are banned
|clearpoke
|poke|p1|Mightyena, M|
|poke|p1|Jolteon, M|
|poke|p1|Noctowl, F|
|poke|p1|Typhlosion, M|
|poke|p1|Lapras, M|
|poke|p1|Blastoise, M|
|poke|p2|Beartic, F|
|poke|p2|Alomomola, M|
|poke|p2|Slowking-Galar, M|
|poke|p2|Thundurus-Therian, M|
|poke|p2|Ting-Lu|
|poke|p2|Typhlosion-Hisui, M|
|teampreview
|inactive|Battle timer is ON: inactive players will automatically lose when time's up. (requested by saap9a4fut16)
|
|t:|1757865957
|teamsize|p1|6
|teamsize|p2|6
|start
|switch|p1a: Blastoise|Blastoise, M|100/100
|switch|p2a: Slowking|Slowking-Galar, M|100/100
|turn|1
|inactive|vitos86 has 120 seconds left.
|
|t:|1757865990
|move|p1a: Blastoise|Shell Smash|p1a: Blastoise
|-unboost|p1a: Blastoise|def|1
|-unboost|p1a: Blastoise|spd|1
|-boost|p1a: Blastoise|atk|2
|-boost|p1a: Blastoise|spa|2
|-boost|p1a: Blastoise|spe|2
|-enditem|p1a: Blastoise|White Herb
|-clearnegativeboost|p1a: Blastoise|[silent]
|move|p2a: Slowking|Toxic Spikes|p1a: Blastoise
|-sidestart|p1: vitos86|move: Toxic Spikes
|
|upkeep
|turn|2
|inactive|vitos86 has 120 seconds left.
|
|t:|1757866002
|move|p1a: Blastoise|Water Spout|p2a: Slowking
|-damage|p2a: Slowking|15/100
|move|p2a: Slowking|Toxic Spikes|p1a: Blastoise
|-sidestart|p1: vitos86|move: Toxic Spikes
|
|upkeep
|turn|3
|
|t:|1757866011
|move|p1a: Blastoise|Water Spout|p2a: Slowking
|-damage|p2a: Slowking|0 fnt
|faint|p2a: Slowking
|
|upkeep
|
|t:|1757866021
|switch|p2a: Alomomola|Alomomola, M|100/100
|turn|4
|
|t:|1757866027
|move|p1a: Blastoise|Water Spout|p2a: Alomomola
|-resisted|p2a: Alomomola
|-damage|p2a: Alomomola|23/100
|move|p2a: Alomomola|Mirror Coat|p1a: Blastoise
|-damage|p1a: Blastoise|0 fnt
|faint|p1a: Blastoise
|
|upkeep
|
|t:|1757866040
|switch|p1a: Noctowl|Noctowl, F|100/100
|turn|5
|
|t:|1757866045
|move|p1a: Noctowl|Calm Mind|p1a: Noctowl
|-boost|p1a: Noctowl|spa|1
|-boost|p1a: Noctowl|spd|1
|move|p2a: Alomomola|Wish|p2a: Alomomola
|
|upkeep
|turn|6
|
|t:|1757866052
|move|p1a: Noctowl|Calm Mind|p1a: Noctowl
|-boost|p1a: Noctowl|spa|1
|-boost|p1a: Noctowl|spd|1
|move|p2a: Alomomola|Flip Turn|p1a: Noctowl
|-damage|p1a: Noctowl|84/100
|-damage|p2a: Alomomola|7/100|[from] item: Rocky Helmet|[of] p1a: Noctowl
|
|t:|1757866058
|switch|p2a: Typhlosion|Typhlosion-Hisui, M|100/100|[from] Flip Turn
|-item|p1a: Noctowl|Rocky Helmet|[from] ability: Frisk|[of] p2a: Typhlosion
|
|upkeep
|turn|7
|
|t:|1757866073
|move|p2a: Typhlosion|Eruption|p1a: Noctowl
|-damage|p1a: Noctowl|52/100
|move|p1a: Noctowl|Calm Mind|p1a: Noctowl
|-boost|p1a: Noctowl|spa|1
|-boost|p1a: Noctowl|spd|1
|
|upkeep
|turn|8
|
|t:|1757866085
|move|p2a: Typhlosion|Eruption|p1a: Noctowl
|-damage|p1a: Noctowl|28/100
|move|p1a: Noctowl|Stored Power|p2a: Typhlosion
|-damage|p2a: Typhlosion|5/100
|
|upkeep
|turn|9
|
|t:|1757866093
|move|p2a: Typhlosion|Eruption|p1a: Noctowl
|-damage|p1a: Noctowl|27/100
|move|p1a: Noctowl|Roost|p1a: Noctowl
|-heal|p1a: Noctowl|77/100
|-singleturn|p1a: Noctowl|move: Roost
|
|upkeep
|turn|10
|
|t:|1757866108
|switch|p2a: Ting-Lu|Ting-Lu, shiny|100/100
|-ability|p2a: Ting-Lu|Vessel of Ruin
|move|p1a: Noctowl|Roost|p1a: Noctowl
|-heal|p1a: Noctowl|100/100
|-singleturn|p1a: Noctowl|move: Roost
|
|upkeep
|turn|11
|inactive|vitos86 has 120 seconds left.
|
|t:|1757866137
|move|p1a: Noctowl|Hyper Voice|p2a: Ting-Lu
|-damage|p2a: Ting-Lu|59/100
|move|p2a: Ting-Lu|Stealth Rock|p1a: Noctowl
|-sidestart|p1: vitos86|move: Stealth Rock
|
|-heal|p2a: Ting-Lu|65/100|[from] item: Leftovers
|upkeep
|turn|12
|inactive|vitos86 has 120 seconds left.
|
|t:|1757866151
|move|p1a: Noctowl|Stored Power|p2a: Ting-Lu
|-immune|p2a: Ting-Lu
|move|p2a: Ting-Lu|Payback|p1a: Noctowl
|-damage|p1a: Noctowl|64/100
|-damage|p2a: Ting-Lu|49/100|[from] item: Rocky Helmet|[of] p1a: Noctowl
|
|-heal|p2a: Ting-Lu|55/100|[from] item: Leftovers
|upkeep
|turn|13
|inactive|vitos86 has 120 seconds left.
|
|t:|1757866162
|move|p1a: Noctowl|Hyper Voice|p2a: Ting-Lu
|-damage|p2a: Ting-Lu|13/100
|move|p2a: Ting-Lu|Payback|p1a: Noctowl
|-damage|p1a: Noctowl|30/100
|-damage|p2a: Ting-Lu|0 fnt|[from] item: Rocky Helmet|[of] p1a: Noctowl
|faint|p2a: Ting-Lu
|
|upkeep
|
|t:|1757866171
|switch|p2a: Typhlosion|Typhlosion-Hisui, M|5/100
|-item|p1a: Noctowl|Rocky Helmet|[from] ability: Frisk|[of] p2a: Typhlosion
|turn|14
|
|t:|1757866177
|move|p2a: Typhlosion|Focus Blast|p1a: Noctowl|[miss]
|-miss|p2a: Typhlosion|p1a: Noctowl
|move|p1a: Noctowl|Roost|p1a: Noctowl
|-heal|p1a: Noctowl|80/100
|-singleturn|p1a: Noctowl|move: Roost
|
|upkeep
|turn|15
|
|t:|1757866191
|move|p2a: Typhlosion|Focus Blast|p1a: Noctowl
|-damage|p1a: Noctowl|67/100
|move|p1a: Noctowl|Roost|p1a: Noctowl
|-heal|p1a: Noctowl|100/100
|-singleturn|p1a: Noctowl|move: Roost
|
|upkeep
|turn|16
|
|t:|1757866203
|move|p2a: Typhlosion|Focus Blast|p1a: Noctowl
|-damage|p1a: Noctowl|86/100
|move|p1a: Noctowl|Calm Mind|p1a: Noctowl
|-boost|p1a: Noctowl|spa|1
|-boost|p1a: Noctowl|spd|1
|
|upkeep
|turn|17
|
|t:|1757866213
|move|p2a: Typhlosion|Focus Blast|p1a: Noctowl|[miss]
|-miss|p2a: Typhlosion|p1a: Noctowl
|move|p1a: Noctowl|Calm Mind|p1a: Noctowl
|-boost|p1a: Noctowl|spa|1
|-boost|p1a: Noctowl|spd|1
|
|upkeep
|turn|18
|
|t:|1757866221
|move|p2a: Typhlosion|Focus Blast|p1a: Noctowl
|-damage|p1a: Noctowl|75/100
|move|p1a: Noctowl|Calm Mind|p1a: Noctowl
|-boost|p1a: Noctowl|spa|1
|-boost|p1a: Noctowl|spd|1
|
|upkeep
|turn|19
|
|t:|1757866231
|move|p2a: Typhlosion|Focus Blast|p1a: Noctowl
|-damage|p1a: Noctowl|66/100
|move|p1a: Noctowl|Roost|p1a: Noctowl
|-heal|p1a: Noctowl|100/100
|-singleturn|p1a: Noctowl|move: Roost
|
|upkeep
|turn|20
|
|t:|1757866240
|move|p2a: Typhlosion|Focus Blast|p1a: Noctowl
|-damage|p1a: Noctowl|92/100
|move|p1a: Noctowl|Stored Power|p2a: Typhlosion
|-damage|p2a: Typhlosion|0 fnt
|faint|p2a: Typhlosion
|
|upkeep
|
|t:|1757866253
|switch|p2a: Alomomola|Alomomola, M|40/100
|turn|21
|
|t:|1757866260
|move|p1a: Noctowl|Stored Power|p2a: Alomomola
|-damage|p2a: Alomomola|0 fnt
|faint|p2a: Alomomola
|
|upkeep
|
|t:|1757866263
|switch|p2a: Beartic|Beartic, F|100/100
|turn|22
|
|t:|1757866276
|move|p2a: Beartic|Icicle Crash|p1a: Noctowl
|-supereffective|p1a: Noctowl
|-damage|p1a: Noctowl|9/100
|move|p1a: Noctowl|Stored Power|p2a: Beartic
|-damage|p2a: Beartic|0 fnt
|faint|p2a: Beartic
|
|upkeep
|
|t:|1757866280
|switch|p2a: Thundurus|Thundurus-Therian, M|100/100
|turn|23
|
|t:|1757866288
|move|p2a: Thundurus|Knock Off|p1a: Noctowl
|-damage|p1a: Noctowl|0 fnt
|-damage|p2a: Thundurus|84/100|[from] item: Rocky Helmet|[of] p1a: Noctowl
|-enditem|p1a: Noctowl|Rocky Helmet|[from] move: Knock Off|[of] p2a: Thundurus
|faint|p1a: Noctowl
|
|upkeep
|
|t:|1757866298
|switch|p1a: Typhlosion|Typhlosion, M|100/100
|-status|p1a: Typhlosion|tox
|-damage|p1a: Typhlosion|76/100 tox|[from] Stealth Rock
|turn|24
|
|t:|1757866321
|move|p1a: Typhlosion|Flamethrower|p2a: Thundurus
|-damage|p2a: Thundurus|33/100
|move|p2a: Thundurus|Wildbolt Storm|p1a: Typhlosion
|-damage|p1a: Typhlosion|0 fnt
|faint|p1a: Typhlosion
|
|upkeep
|
|t:|1757866330
|switch|p1a: Mightyena|Mightyena, M|100/100
|-status|p1a: Mightyena|tox
|-damage|p1a: Mightyena|88/100 tox|[from] Stealth Rock
|turn|25
|
|t:|1757866348
|-terastallize|p2a: Thundurus|Dark
|-terastallize|p1a: Mightyena|Dark
|move|p1a: Mightyena|Sucker Punch|p2a: Thundurus
|-resisted|p2a: Thundurus
|-damage|p2a: Thundurus|0 fnt
|faint|p2a: Thundurus
|-damage|p1a: Mightyena|78/100 tox|[from] item: Life Orb
|
|win|vitos86
|raw|vitos86's rating: 1106 &rarr; <strong>1129</strong><br />(+23 for winning)
|raw|saap9a4fut16's rating: 1081 &rarr; <strong>1060</strong><br />(-21 for losing)
|l|☆vitos86
|player|p1|
|l|☆saap9a4fut16
|player|p2|
