|j|☆PrimeXStriker
|j|☆bluebrine
|t:|1757837591
|gametype|singles
|player|p1|PrimeXStriker|marshal|1462
|player|p2|bluebrine|tuber|1449
|gen|9
|tier|[Gen 9] OU
|rated|
|rule|HP Percentage Mod: HP is shown in percentages
|rule|Endless Battle Clause: Forcing endless battles is banned
|rule|Species Clause: Limit one of each Pokémon
|rule|OHKO Clause: OHKO moves are banned
|rule|Evasion Items Clause: Evasion items are banned
|rule|Evasion Moves Clause: Evasion moves are banned
|rule|Evasion Abilities Clause: Evasion abilities are banned
|rule|Sleep Moves Clause: Sleep-inducing moves are banned
|clearpoke
|poke|p1|Pawmot, F|
|poke|p1|Primarina, F|
|poke|p1|Tyranitar, F|
|poke|p1|Gholdengo|
|poke|p1|Latios, M|
|poke|p1|Corviknight, F|
|poke|p2|Dragonite, F|
|poke|p2|Zamazenta-*|
|poke|p2|Landorus-Therian, M|
|poke|p2|Gholdengo|
|poke|p2|Darkrai|
|poke|p2|Quaquaval, F|
|teampreview
|inactive|Battle timer is ON: inactive players will automatically lose when time's up. (requested by bluebrine)
|
|t:|1757837628
|teamsize|p1|6
|teamsize|p2|6
|start
|switch|p1a: Latios|Latios, M|100/100
|switch|p2a: Landorus|Landorus-Therian, M|100/100
|-ability|p2a: Landorus|Intimidate|boost
|-unboost|p1a: Latios|atk|1
|turn|1
|
|t:|1757837637
|move|p1a: Latios|Draco Meteor|p2a: Landorus
|-damage|p2a: Landorus|23/100
|-unboost|p1a: Latios|spa|2
|move|p2a: Landorus|Stealth Rock|p1a: Latios
|-sidestart|p1: PrimeXStriker|move: Stealth Rock
|
|upkeep
|turn|2
|
|t:|1757837648
|switch|p2a: Gholdengo|Gholdengo|100/100
|move|p1a: Latios|Draco Meteor|p2a: Gholdengo
|-resisted|p2a: Gholdengo
|-damage|p2a: Gholdengo|83/100
|-unboost|p1a: Latios|spa|2
|
|upkeep
|turn|3
|
|t:|1757837657
|switch|p1a: Tyranitar|Tyranitar, F|100/100
|-damage|p1a: Tyranitar|88/100|[from] Stealth Rock
|-weather|Sandstorm|[from] ability: Sand Stream|[of] p1a: Tyranitar
|move|p2a: Gholdengo|Make It Rain|p1a: Tyranitar
|-supereffective|p1a: Tyranitar
|-damage|p1a: Tyranitar|19/100
|-unboost|p2a: Gholdengo|spa|1
|
|-weather|Sandstorm|[upkeep]
|-heal|p1a: Tyranitar|25/100|[from] item: Leftovers
|upkeep
|turn|4
|
|t:|1757837675
|switch|p1a: Pawmot|Pawmot, F|100/100
|-damage|p1a: Pawmot|94/100|[from] Stealth Rock
|move|p2a: Gholdengo|Make It Rain|p1a: Pawmot
|-resisted|p1a: Pawmot
|-damage|p1a: Pawmot|49/100
|-unboost|p2a: Gholdengo|spa|1
|
|-weather|Sandstorm|[upkeep]
|-damage|p1a: Pawmot|42/100|[from] Sandstorm
|upkeep
|turn|5
|
|t:|1757837690
|switch|p2a: Landorus|Landorus-Therian, M|23/100
|-ability|p2a: Landorus|Intimidate|boost
|-unboost|p1a: Pawmot|atk|1
|move|p1a: Pawmot|Ice Punch|p2a: Landorus
|-supereffective|p2a: Landorus
|-damage|p2a: Landorus|0 fnt
|-damage|p1a: Pawmot|26/100|[from] item: Rocky Helmet|[of] p2a: Landorus
|faint|p2a: Landorus
|-damage|p1a: Pawmot|16/100|[from] item: Life Orb
|
|-weather|Sandstorm|[upkeep]
|-damage|p1a: Pawmot|10/100|[from] Sandstorm
|upkeep
|
|t:|1757837698
|switch|p2a: Darkrai|Darkrai|100/100
|turn|6
|
|t:|1757837711
|switch|p1a: Corviknight|Corviknight, F|100/100
|-damage|p1a: Corviknight|88/100|[from] Stealth Rock
|-ability|p1a: Corviknight|Pressure
|move|p2a: Darkrai|Knock Off|p1a: Corviknight
|-damage|p1a: Corviknight|71/100
|-damage|p2a: Darkrai|84/100|[from] item: Rocky Helmet|[of] p1a: Corviknight
|-enditem|p1a: Corviknight|Rocky Helmet|[from] move: Knock Off|[of] p2a: Darkrai
|
|-weather|Sandstorm|[upkeep]
|-damage|p2a: Darkrai|78/100|[from] Sandstorm
|upkeep
|turn|7
|
|t:|1757837731
|switch|p2a: Gholdengo|Gholdengo|83/100
|move|p1a: Corviknight|U-turn|p2a: Gholdengo
|-resisted|p2a: Gholdengo
|-damage|p2a: Gholdengo|79/100
|
|t:|1757837754
|switch|p1a: Pawmot|Pawmot, F|10/100|[from] U-turn
|-damage|p1a: Pawmot|4/100|[from] Stealth Rock
|
|-weather|none
|upkeep
|turn|8
|inactive|PrimeXStriker has 120 seconds left.
|
|t:|1757837776
|switch|p2a: Zamazenta|Zamazenta|100/100
|-ability|p2a: Zamazenta|Dauntless Shield|boost
|-boost|p2a: Zamazenta|def|1
|move|p1a: Pawmot|Knock Off|p2a: Zamazenta
|-resisted|p2a: Zamazenta
|-damage|p2a: Zamazenta|90/100
|-enditem|p2a: Zamazenta|Leftovers|[from] move: Knock Off|[of] p1a: Pawmot
|-damage|p1a: Pawmot|0 fnt|[from] item: Life Orb
|faint|p1a: Pawmot
|
|upkeep
|inactive|PrimeXStriker has 120 seconds left.
|
|t:|1757837797
|switch|p1a: Primarina|Primarina, F|100/100
|-damage|p1a: Primarina|88/100|[from] Stealth Rock
|turn|9
|
|t:|1757837802
|switch|p2a: Quaquaval|Quaquaval, F|100/100
|move|p1a: Primarina|Moonblast|p2a: Quaquaval
|-supereffective|p2a: Quaquaval
|-damage|p2a: Quaquaval|0 fnt
|faint|p2a: Quaquaval
|
|upkeep
|
|t:|1757837805
|switch|p2a: Gholdengo|Gholdengo|79/100
|turn|10
|inactive|PrimeXStriker has 120 seconds left.
|
|t:|1757837818
|switch|p1a: Tyranitar|Tyranitar, F|25/100
|-damage|p1a: Tyranitar|13/100|[from] Stealth Rock
|-weather|Sandstorm|[from] ability: Sand Stream|[of] p1a: Tyranitar
|move|p2a: Gholdengo|Nasty Plot|p2a: Gholdengo
|-boost|p2a: Gholdengo|spa|2
|
|-weather|Sandstorm|[upkeep]
|-heal|p1a: Tyranitar|19/100|[from] item: Leftovers
|upkeep
|turn|11
|
|t:|1757837824
|move|p2a: Gholdengo|Thunderbolt|p1a: Tyranitar
|-damage|p1a: Tyranitar|0 fnt
|faint|p1a: Tyranitar
|
|-weather|Sandstorm|[upkeep]
|upkeep
|inactive|PrimeXStriker has 120 seconds left.
|
|t:|1757837834
|switch|p1a: Primarina|Primarina, F|88/100
|-damage|p1a: Primarina|76/100|[from] Stealth Rock
|turn|12
|
|t:|1757837849
|move|p2a: Gholdengo|Make It Rain|p1a: Primarina
|-damage|p1a: Primarina|0 fnt
|-unboost|p2a: Gholdengo|spa|1
|faint|p1a: Primarina
|
|-weather|Sandstorm|[upkeep]
|upkeep
|
|t:|1757837857
|switch|p1a: Gholdengo|Gholdengo|100/100
|-damage|p1a: Gholdengo|94/100|[from] Stealth Rock
|-item|p1a: Gholdengo|Air Balloon
|turn|13
|
|t:|1757837867
|switch|p2a: Darkrai|Darkrai|78/100
|-terastallize|p1a: Gholdengo|Fairy
|move|p1a: Gholdengo|Nasty Plot|p1a: Gholdengo
|-boost|p1a: Gholdengo|spa|2
|
|-weather|Sandstorm|[upkeep]
|-damage|p2a: Darkrai|72/100|[from] Sandstorm
|-damage|p1a: Gholdengo|88/100|[from] Sandstorm
|upkeep
|turn|14
|
|t:|1757837888
|move|p2a: Darkrai|Ice Beam|p1a: Gholdengo
|-damage|p1a: Gholdengo|61/100
|-enditem|p1a: Gholdengo|Air Balloon
|move|p1a: Gholdengo|Make It Rain|p2a: Darkrai
|-damage|p2a: Darkrai|0 fnt
|-unboost|p1a: Gholdengo|spa|1
|faint|p2a: Darkrai
|
|-weather|none
|upkeep
|
|t:|1757837913
|switch|p2a: Gholdengo|Gholdengo|79/100
|turn|15
|
|t:|1757837921
|-terastallize|p2a: Gholdengo|Steel
|move|p2a: Gholdengo|Make It Rain|p1a: Gholdengo
|-supereffective|p1a: Gholdengo
|-damage|p1a: Gholdengo|0 fnt
|-unboost|p2a: Gholdengo|spa|1
|faint|p1a: Gholdengo
|
|upkeep
|
|t:|1757837929
|switch|p1a: Latios|Latios, M|100/100
|-damage|p1a: Latios|88/100|[from] Stealth Rock
|turn|16
|
|t:|1757837936
|switch|p2a: Zamazenta|Zamazenta|90/100
|move|p1a: Latios|Aura Sphere|p2a: Zamazenta
|-damage|p2a: Zamazenta|62/100
|
|upkeep
|turn|17
|
|t:|1757837951
|move|p1a: Latios|Aura Sphere|p2a: Zamazenta
|-damage|p2a: Zamazenta|36/100
|move|p2a: Zamazenta|Roar|p1a: Latios
|drag|p1a: Corviknight|Corviknight, F|71/100
|-damage|p1a: Corviknight|59/100|[from] Stealth Rock
|-ability|p1a: Corviknight|Pressure
|
|upkeep
|turn|18
|
|t:|1757837956
|move|p2a: Zamazenta|Iron Defense|p2a: Zamazenta
|-boost|p2a: Zamazenta|def|2
|move|p1a: Corviknight|Roost|p1a: Corviknight
|-heal|p1a: Corviknight|100/100
|-singleturn|p1a: Corviknight|move: Roost
|
|upkeep
|turn|19
|
|t:|1757837970
|move|p2a: Zamazenta|Body Press|p1a: Corviknight
|-damage|p1a: Corviknight|51/100
|move|p1a: Corviknight|Defog|p2a: Zamazenta
|-unboost|p2a: Zamazenta|evasion|1
|-sideend|p1: PrimeXStriker|Stealth Rock|[from] move: Defog|[of] p1a: Corviknight
|
|upkeep
|turn|20
|
|t:|1757837981
|switch|p1a: Latios|Latios, M|88/100
|move|p2a: Zamazenta|Iron Defense|p2a: Zamazenta
|-boost|p2a: Zamazenta|def|2
|
|upkeep
|turn|21
|
|t:|1757837987
|move|p1a: Latios|Draco Meteor|p2a: Zamazenta
|-damage|p2a: Zamazenta|0 fnt
|-unboost|p1a: Latios|spa|2
|faint|p2a: Zamazenta
|
|upkeep
|
|t:|1757837991
|switch|p2a: Gholdengo|Gholdengo, tera:Steel|79/100
|turn|22
|
|t:|1757837994
|switch|p1a: Corviknight|Corviknight, F|51/100
|-ability|p1a: Corviknight|Pressure
|move|p2a: Gholdengo|Nasty Plot|p2a: Gholdengo
|-boost|p2a: Gholdengo|spa|2
|
|upkeep
|turn|23
|
|t:|1757837996
|move|p2a: Gholdengo|Thunderbolt|p1a: Corviknight
|-supereffective|p1a: Corviknight
|-damage|p1a: Corviknight|0 fnt
|faint|p1a: Corviknight
|
|upkeep
|
|t:|1757837998
|switch|p1a: Latios|Latios, M|88/100
|turn|24
|
|t:|1757838001
|move|p1a: Latios|Aura Sphere|p2a: Gholdengo
|-supereffective|p2a: Gholdengo
|-damage|p2a: Gholdengo|20/100
|move|p2a: Gholdengo|Make It Rain|p1a: Latios
|-damage|p1a: Latios|0 fnt
|-unboost|p2a: Gholdengo|spa|1
|faint|p1a: Latios
|
|win|bluebrine
|raw|PrimeXStriker's rating: 1462 &rarr; <strong>1441</strong><br />(-21 for losing)
|raw|bluebrine's rating: 1449 &rarr; <strong>1470</strong><br />(+21 for winning)
|l|☆PrimeXStriker
|player|p1|
|l|☆bluebrine
|player|p2|
