|j|☆RTYYUU7
|j|☆SmeargleBasquiat27
|t:|1757812794
|gametype|singles
|player|p1|RTYYUU7|lyra|1043
|player|p2|SmeargleBasquiat27|byron|1078
|gen|9
|tier|[Gen 9] OU
|rated|
|rule|HP Percentage Mod: HP is shown in percentages
|rule|Endless Battle Clause: Forcing endless battles is banned
|rule|Species Clause: Limit one of each Pokémon
|rule|OHKO Clause: OHKO moves are banned
|rule|Evasion Items Clause: Evasion items are banned
|rule|Evasion Moves Clause: Evasion moves are banned
|rule|Evasion Abilities Clause: Evasion abilities are banned
|rule|Sleep Moves Clause: Sleep-inducing moves are banned
|clearpoke
|poke|p1|Meowscarada, M|
|poke|p1|Gengar, M|
|poke|p1|Rotom-Heat|
|poke|p1|Great Tusk|
|poke|p1|Walking Wake|
|poke|p1|Iron Valiant|
|poke|p2|Iron Moth|
|poke|p2|Iron Crown|
|poke|p2|Ogerpon-Wellspring, F|
|poke|p2|Araquanid, F|
|poke|p2|Jolteon, F|
|poke|p2|Iron Treads|
|teampreview
|inactive|Battle timer is ON: inactive players will automatically lose when time's up. (requested by RTYYUU7)
|
|t:|1757812797
|teamsize|p1|6
|teamsize|p2|6
|start
|switch|p1a: Gengar|Gengar, M, shiny|100/100
|switch|p2a: Archnadroid|Araquanid, F|100/100
|turn|1
|
|t:|1757812802
|move|p1a: Gengar|Mean Look|p2a: Archnadroid
|-activate|p2a: Archnadroid|trapped
|move|p2a: Archnadroid|Sticky Web|p1a: Gengar
|-sidestart|p1: RTYYUU7|move: Sticky Web
|
|upkeep
|turn|2
|
|t:|1757812808
|move|p1a: Gengar|Encore|p2a: Archnadroid
|-start|p2a: Archnadroid|Encore
|move|p2a: Archnadroid|Sticky Web||[still]
|-fail|p2a: Archnadroid
|
|upkeep
|turn|3
|
|t:|1757812819
|move|p1a: Gengar|Nasty Plot|p1a: Gengar
|-boost|p1a: Gengar|spa|2
|move|p2a: Archnadroid|Sticky Web||[still]
|-fail|p2a: Archnadroid
|
|upkeep
|turn|4
|
|t:|1757812825
|move|p1a: Gengar|Nasty Plot|p1a: Gengar
|-boost|p1a: Gengar|spa|2
|move|p2a: Archnadroid|Sticky Web||[still]
|-fail|p2a: Archnadroid
|
|-end|p2a: Archnadroid|Encore
|upkeep
|turn|5
|
|t:|1757812832
|move|p1a: Gengar|Encore|p2a: Archnadroid
|-start|p2a: Archnadroid|Encore
|move|p2a: Archnadroid|Sticky Web||[still]
|-fail|p2a: Archnadroid
|
|upkeep
|turn|6
|
|t:|1757812842
|move|p1a: Gengar|Nasty Plot|p1a: Gengar
|-boost|p1a: Gengar|spa|2
|move|p2a: Archnadroid|Sticky Web||[still]
|-fail|p2a: Archnadroid
|
|upkeep
|turn|7
|
|t:|1757812847
|move|p1a: Gengar|Tera Blast|p2a: Archnadroid
|-damage|p2a: Archnadroid|34/100
|move|p2a: Archnadroid|Sticky Web||[still]
|-fail|p2a: Archnadroid
|
|-end|p2a: Archnadroid|Encore
|upkeep
|turn|8
|
|t:|1757812855
|move|p1a: Gengar|Tera Blast|p2a: Archnadroid
|-damage|p2a: Archnadroid|0 fnt
|faint|p2a: Archnadroid
|
|upkeep
|
|t:|1757812858
|switch|p2a: Baku|Iron Moth|100/100
|turn|9
|
|t:|1757812864
|move|p2a: Baku|Meteor Beam||[still]
|-prepare|p2a: Baku|Meteor Beam
|-boost|p2a: Baku|spa|1
|-enditem|p2a: Baku|Power Herb
|-anim|p2a: Baku|Meteor Beam|p1a: Gengar
|-enditem|p1a: Gengar|Focus Sash
|-damage|p1a: Gengar|1/100
|move|p1a: Gengar|Tera Blast|p2a: Baku
|-crit|p2a: Baku
|-damage|p2a: Baku|0 fnt
|faint|p2a: Baku
|-end|p2a: Baku|Quark Drive|[silent]
|
|upkeep
|
|t:|1757812869
|switch|p2a: Marisol|Jolteon, F|100/100
|turn|10
|
|t:|1757812878
|switch|p1a: Great Tusk|Great Tusk|100/100
|-activate|p1a: Great Tusk|move: Sticky Web
|-unboost|p1a: Great Tusk|spe|1
|move|p2a: Marisol|Alluring Voice|p1a: Great Tusk
|-supereffective|p1a: Great Tusk
|-damage|p1a: Great Tusk|47/100
|-enditem|p2a: Marisol|Throat Spray
|-boost|p2a: Marisol|spa|1|[from] item: Throat Spray
|
|upkeep
|turn|11
|
|t:|1757812890
|-terastallize|p2a: Marisol|Fairy
|-terastallize|p1a: Great Tusk|Ice
|move|p2a: Marisol|Alluring Voice|p1a: Great Tusk
|-damage|p1a: Great Tusk|0 fnt
|faint|p1a: Great Tusk
|-end|p1a: Great Tusk|Protosynthesis|[silent]
|
|upkeep
|
|t:|1757812898
|switch|p1a: Rotom|Rotom-Heat|100/100
|turn|12
|
|t:|1757812905
|switch|p2a: Ogerdroid|Ogerpon-Wellspring, F|100/100
|move|p1a: Rotom|Trick||[still]
|-fail|p1a: Rotom
|
|upkeep
|turn|13
|
|t:|1757812912
|switch|p1a: Meowscarada|Meowscarada, M|100/100
|-activate|p1a: Meowscarada|move: Sticky Web
|-unboost|p1a: Meowscarada|spe|1
|move|p2a: Ogerdroid|Taunt|p1a: Meowscarada
|-start|p1a: Meowscarada|move: Taunt
|
|upkeep
|turn|14
|
|t:|1757812923
|move|p1a: Meowscarada|Flower Trick|p2a: Ogerdroid
|-start|p1a: Meowscarada|typechange|Grass|[from] ability: Protean
|-crit|p2a: Ogerdroid
|-damage|p2a: Ogerdroid|36/100
|move|p2a: Ogerdroid|Ivy Cudgel|p1a: Meowscarada|[anim] Ivy Cudgel Water
|-resisted|p1a: Meowscarada
|-damage|p1a: Meowscarada|57/100
|
|upkeep
|turn|15
|
|t:|1757812931
|move|p1a: Meowscarada|Flower Trick|p2a: Ogerdroid
|-crit|p2a: Ogerdroid
|-damage|p2a: Ogerdroid|0 fnt
|faint|p2a: Ogerdroid
|
|-end|p1a: Meowscarada|move: Taunt
|upkeep
|
|t:|1757812938
|switch|p2a: Marisol|Jolteon, F, tera:Fairy|100/100
|turn|16
|
|t:|1757812941
|switch|p1a: Gengar|Gengar, M, shiny|1/100
|-activate|p1a: Gengar|move: Sticky Web
|-unboost|p1a: Gengar|spe|1
|move|p2a: Marisol|Alluring Voice|p1a: Gengar
|-resisted|p1a: Gengar
|-damage|p1a: Gengar|0 fnt
|faint|p1a: Gengar
|
|upkeep
|
|t:|1757812956
|switch|p1a: Rotom|Rotom-Heat|100/100
|turn|17
|
|t:|1757812959
|move|p1a: Rotom|Overheat|p2a: Marisol
|-crit|p2a: Marisol
|-damage|p2a: Marisol|0 fnt
|-unboost|p1a: Rotom|spa|2
|faint|p2a: Marisol
|
|upkeep
|
|t:|1757812967
|switch|p2a: Jon Snowdroid|Iron Crown|100/100
|-item|p2a: Jon Snowdroid|Air Balloon
|turn|18
|
|t:|1757812975
|switch|p1a: Walking Wake|Walking Wake|100/100
|-activate|p1a: Walking Wake|move: Sticky Web
|-unboost|p1a: Walking Wake|spe|1
|move|p2a: Jon Snowdroid|Future Sight|p1a: Walking Wake
|-start|p2a: Jon Snowdroid|move: Future Sight
|
|upkeep
|turn|19
|
|t:|1757812982
|move|p2a: Jon Snowdroid|Metal Sound|p1a: Walking Wake
|-unboost|p1a: Walking Wake|spd|2
|move|p1a: Walking Wake|Flamethrower|p2a: Jon Snowdroid
|-supereffective|p2a: Jon Snowdroid
|-damage|p2a: Jon Snowdroid|48/100
|-enditem|p2a: Jon Snowdroid|Air Balloon
|
|upkeep
|turn|20
|
|t:|1757812990
|-end|p1a: Walking Wake|Protosynthesis|[silent]
|switch|p1a: Rotom|Rotom-Heat|100/100
|move|p2a: Jon Snowdroid|Electric Terrain|p2a: Jon Snowdroid
|-fieldstart|move: Electric Terrain
|-activate|p2a: Jon Snowdroid|ability: Quark Drive
|-start|p2a: Jon Snowdroid|quarkdrivespa
|
|-end|p1a: Rotom|move: Future Sight
|-crit|p1a: Rotom
|-damage|p1a: Rotom|0 fnt
|faint|p1a: Rotom
|upkeep
|
|t:|1757813001
|switch|p1a: Meowscarada|Meowscarada, M|57/100
|-activate|p1a: Meowscarada|move: Sticky Web
|-unboost|p1a: Meowscarada|spe|1
|turn|21
|
|t:|1757813008
|move|p1a: Meowscarada|Knock Off|p2a: Jon Snowdroid
|-start|p1a: Meowscarada|typechange|Dark|[from] ability: Protean
|-supereffective|p2a: Jon Snowdroid
|-damage|p2a: Jon Snowdroid|0 fnt
|faint|p2a: Jon Snowdroid
|-end|p2a: Jon Snowdroid|Quark Drive|[silent]
|
|upkeep
|
|t:|1757813012
|switch|p2a: Chrome Zennies|Iron Treads, shiny|100/100
|-activate|p2a: Chrome Zennies|ability: Quark Drive
|-start|p2a: Chrome Zennies|quarkdrivespe
|turn|22
|
|t:|1757813018
|switch|p1a: Iron Valiant|Iron Valiant|100/100
|-activate|p1a: Iron Valiant|move: Sticky Web
|-unboost|p1a: Iron Valiant|spe|1
|-activate|p1a: Iron Valiant|ability: Quark Drive
|-start|p1a: Iron Valiant|quarkdriveatk
|move|p2a: Chrome Zennies|Earthquake|p1a: Iron Valiant
|-damage|p1a: Iron Valiant|39/100
|
|upkeep
|turn|23
|
|t:|1757813028
|move|p2a: Chrome Zennies|Earthquake|p1a: Iron Valiant
|-damage|p1a: Iron Valiant|0 fnt
|faint|p1a: Iron Valiant
|-end|p1a: Iron Valiant|Quark Drive|[silent]
|
|upkeep
|
|t:|1757813032
|switch|p1a: Walking Wake|Walking Wake|100/100
|-activate|p1a: Walking Wake|move: Sticky Web
|-unboost|p1a: Walking Wake|spe|1
|turn|24
|
|t:|1757813036
|move|p2a: Chrome Zennies|Earthquake|p1a: Walking Wake
|-damage|p1a: Walking Wake|45/100
|move|p1a: Walking Wake|Flamethrower|p2a: Chrome Zennies
|-supereffective|p2a: Chrome Zennies
|-damage|p2a: Chrome Zennies|8/100
|-status|p2a: Chrome Zennies|brn
|
|-damage|p2a: Chrome Zennies|2/100 brn|[from] brn
|-fieldend|move: Electric Terrain
|-end|p2a: Chrome Zennies|Quark Drive
|upkeep
|turn|25
|inactiveoff|Battle timer is now OFF.
|inactive|Battle timer is ON: inactive players will automatically lose when time's up. (requested by SmeargleBasquiat27)
|c|☆SmeargleBasquiat27|Im claiming a head
|inactive|RTYYUU7 has 120 seconds left.
|inactive|RTYYUU7 has 90 seconds left.
|inactive|RTYYUU7 has 60 seconds left.
|inactive|RTYYUU7 has 30 seconds left.
|inactive|RTYYUU7 has 20 seconds left.
|inactive|RTYYUU7 has 15 seconds left.
|inactive|RTYYUU7 has 10 seconds left.
|inactive|RTYYUU7 has 5 seconds left.
|
|t:|1757813193
|-end|p1a: Walking Wake|Protosynthesis|[silent]
|switch|p1a: Meowscarada|Meowscarada, M|57/100
|-activate|p1a: Meowscarada|move: Sticky Web
|-unboost|p1a: Meowscarada|spe|1
|move|p2a: Chrome Zennies|Earthquake|p1a: Meowscarada
|-resisted|p1a: Meowscarada
|-damage|p1a: Meowscarada|40/100
|
|-damage|p2a: Chrome Zennies|0 fnt|[from] brn
|faint|p2a: Chrome Zennies
|-end|p2a: Chrome Zennies|Quark Drive|[silent]
|
|win|RTYYUU7
|raw|RTYYUU7's rating: 1043 &rarr; <strong>1080</strong><br />(+37 for winning)
|raw|SmeargleBasquiat27's rating: 1078 &rarr; <strong>1054</strong><br />(-24 for losing)
