|j|☆henry151th
|j|☆lupiit
|t:|1757945461
|gametype|singles
|player|p1|henry151th|wallace|1414
|player|p2|lupiit|dragontamer|1427
|gen|9
|tier|[Gen 9] OU
|rated|
|rule|HP Percentage Mod: HP is shown in percentages
|rule|Endless Battle Clause: Forcing endless battles is banned
|rule|Species Clause: Limit one of each Pokémon
|rule|OHKO Clause: OHKO moves are banned
|rule|Evasion Items Clause: Evasion items are banned
|rule|Evasion Moves Clause: Evasion moves are banned
|rule|Evasion Abilities Clause: Evasion abilities are banned
|rule|Sleep Moves Clause: Sleep-inducing moves are banned
|clearpoke
|poke|p1|Pelipper, F|
|poke|p1|Kingdra, M|
|poke|p1|Barraskewda, F|
|poke|p1|Iron Treads|
|poke|p1|Raging Bolt|
|poke|p1|Tornadus-Therian, M|
|poke|p2|Indeedee, M|
|poke|p2|Hoopa-Unbound|
|poke|p2|Ogerpon-Wellspring, F|
|poke|p2|Garganacl, M|
|poke|p2|Scizor, F|
|poke|p2|Zamazenta-*|
|teampreview
|j| Thatmothbean
|inactive|Battle timer is ON: inactive players will automatically lose when time's up. (requested by lupiit)
|
|t:|1757945475
|teamsize|p1|6
|teamsize|p2|6
|start
|switch|p1a: Pelipper|Pelipper, F|100/100
|switch|p2a: Indeedee|Indeedee, M|100/100
|-fieldstart|move: Psychic Terrain|[from] ability: Psychic Surge|[of] p2a: Indeedee
|-weather|RainDance|[from] ability: Drizzle|[of] p1a: Pelipper
|turn|1
|
|t:|1757945480
|move|p1a: Pelipper|U-turn|p2a: Indeedee
|-supereffective|p2a: Indeedee
|-damage|p2a: Indeedee|60/100
|
|t:|1757945483
|switch|p1a: Iron Treads|Iron Treads|100/100|[from] U-turn
|move|p2a: Indeedee|Trick Room|p2a: Indeedee
|-fieldstart|move: Trick Room|[of] p2a: Indeedee
|
|-weather|RainDance|[upkeep]
|upkeep
|turn|2
|
|t:|1757945486
|move|p1a: Iron Treads|Knock Off|p2a: Indeedee
|-supereffective|p2a: Indeedee
|-damage|p2a: Indeedee|0 fnt
|-enditem|p2a: Indeedee|Terrain Extender|[from] move: Knock Off|[of] p1a: Iron Treads
|faint|p2a: Indeedee
|
|-weather|RainDance|[upkeep]
|upkeep
|
|t:|1757945489
|switch|p2a: Hoopa|Hoopa-Unbound|100/100
|turn|3
|
|t:|1757945492
|move|p2a: Hoopa|Expanding Force|p1a: Iron Treads
|-resisted|p1a: Iron Treads
|-damage|p1a: Iron Treads|14/100
|move|p1a: Iron Treads|Knock Off|p2a: Hoopa
|-damage|p2a: Hoopa|59/100
|-enditem|p2a: Hoopa|Choice Specs|[from] move: Knock Off|[of] p1a: Iron Treads
|
|-weather|RainDance|[upkeep]
|-heal|p1a: Iron Treads|20/100|[from] item: Leftovers
|upkeep
|turn|4
|
|t:|1757945495
|move|p2a: Hoopa|Expanding Force|p1a: Iron Treads
|-resisted|p1a: Iron Treads
|-damage|p1a: Iron Treads|0 fnt
|faint|p1a: Iron Treads
|-end|p1a: Iron Treads|Quark Drive|[silent]
|-item|p2a: Hoopa|Leftovers|[from] ability: Magician|[of] p1: Iron Treads
|
|-weather|RainDance|[upkeep]
|-heal|p2a: Hoopa|65/100|[from] item: Leftovers
|upkeep
|
|t:|1757945498
|switch|p1a: Raging Bolt|Raging Bolt|100/100
|turn|5
|
|t:|1757945504
|move|p1a: Raging Bolt|Volt Switch|p2a: Hoopa
|-damage|p2a: Hoopa|26/100
|
|t:|1757945507
|-end|p1a: Raging Bolt|Protosynthesis|[silent]
|switch|p1a: Tornadus|Tornadus-Therian, M|100/100|[from] Volt Switch
|move|p2a: Hoopa|Expanding Force|p1a: Tornadus
|-damage|p1a: Tornadus|0 fnt
|faint|p1a: Tornadus
|
|-weather|RainDance|[upkeep]
|-heal|p2a: Hoopa|32/100|[from] item: Leftovers
|-fieldend|move: Trick Room
|upkeep
|
|t:|1757945510
|switch|p1a: Barraskewda|Barraskewda, F|100/100
|turn|6
|
|t:|1757945512
|switch|p2a: Ogerpon|Ogerpon-Wellspring, F|100/100
|move|p1a: Barraskewda|Flip Turn|p2a: Ogerpon
|-immune|p2a: Ogerpon|[from] ability: Water Absorb
|
|-weather|RainDance|[upkeep]
|upkeep
|turn|7
|
|t:|1757945518
|move|p1a: Barraskewda|Poison Jab|p2a: Ogerpon
|-supereffective|p2a: Ogerpon
|-crit|p2a: Ogerpon
|-damage|p2a: Ogerpon|0 fnt
|faint|p2a: Ogerpon
|-damage|p1a: Barraskewda|91/100|[from] item: Life Orb
|
|-weather|RainDance|[upkeep]
|upkeep
|c|☆lupiit|what the helly?
|
|t:|1757945530
|switch|p2a: Zamazenta|Zamazenta|100/100
|-ability|p2a: Zamazenta|Dauntless Shield|boost
|-boost|p2a: Zamazenta|def|1
|turn|8
|
|t:|1757945540
|move|p1a: Barraskewda|Flip Turn|p2a: Zamazenta
|-damage|p2a: Zamazenta|67/100
|-damage|p1a: Barraskewda|81/100|[from] item: Life Orb
|c|☆henry151th|Lupiit thats normal
|c|☆lupiit|no it most certainly is not
|c|☆henry151th|Pjab barra to snipe woger is normal my man
|inactive|henry151th has 120 seconds left.
|c|☆henry151th|No it is
|c|☆lupiit|its banded like 90% of the time lol
|c|☆henry151th|No
|c|☆lupiit|yes LOOOOOOOOOL
|c|☆lupiit|but its cool I like the set
|c|☆henry151th|More people have started running mystic water
|c|☆henry151th|And lo
|c|☆henry151th|Genuinely
|inactive|henry151th has 90 seconds left.
|
|t:|1757945601
|switch|p1a: Raging Bolt|Raging Bolt|100/100|[from] Flip Turn
|move|p2a: Zamazenta|Body Press|p1a: Raging Bolt
|-damage|p1a: Raging Bolt|56/100
|
|-weather|none
|-heal|p2a: Zamazenta|73/100|[from] item: Leftovers
|-fieldend|move: Psychic Terrain
|upkeep
|turn|9
|
|t:|1757945605
|-end|p1a: Raging Bolt|Protosynthesis|[silent]
|switch|p1a: Pelipper|Pelipper, F|100/100
|-weather|RainDance|[from] ability: Drizzle|[of] p1a: Pelipper
|move|p2a: Zamazenta|Body Press|p1a: Pelipper
|-resisted|p1a: Pelipper
|-damage|p1a: Pelipper|80/100
|
|-weather|RainDance|[upkeep]
|-heal|p2a: Zamazenta|79/100|[from] item: Leftovers
|upkeep
|turn|10
|
|t:|1757945608
|move|p2a: Zamazenta|Body Press|p1a: Pelipper
|-resisted|p1a: Pelipper
|-damage|p1a: Pelipper|60/100
|move|p1a: Pelipper|Hurricane|p2a: Zamazenta
|-supereffective|p2a: Zamazenta
|-damage|p2a: Zamazenta|13/100
|
|-weather|RainDance|[upkeep]
|-heal|p2a: Zamazenta|19/100|[from] item: Leftovers
|upkeep
|turn|11
|
|t:|1757945611
|move|p2a: Zamazenta|Body Press|p1a: Pelipper
|-resisted|p1a: Pelipper
|-damage|p1a: Pelipper|38/100
|move|p1a: Pelipper|U-turn|p2a: Zamazenta
|-resisted|p2a: Zamazenta
|-damage|p2a: Zamazenta|17/100
|
|t:|1757945614
|switch|p1a: Barraskewda|Barraskewda, F|81/100|[from] U-turn
|
|-weather|RainDance|[upkeep]
|-heal|p2a: Zamazenta|23/100|[from] item: Leftovers
|upkeep
|turn|12
|
|t:|1757945616
|move|p1a: Barraskewda|Flip Turn|p2a: Zamazenta
|-damage|p2a: Zamazenta|0 fnt
|faint|p2a: Zamazenta
|-damage|p1a: Barraskewda|71/100|[from] item: Life Orb
|
|t:|1757945618
|switch|p1a: Kingdra|Kingdra, M|100/100|[from] Flip Turn
|
|-weather|RainDance|[upkeep]
|upkeep
|
|t:|1757945622
|switch|p2a: Garganacl|Garganacl, M|100/100
|turn|13
|
|t:|1757945626
|move|p2a: Garganacl|Protect|p2a: Garganacl
|-singleturn|p2a: Garganacl|Protect
|move|p1a: Kingdra|Weather Ball|p2a: Garganacl
|-activate|p2a: Garganacl|move: Protect
|
|-weather|RainDance|[upkeep]
|upkeep
|turn|14
|
|t:|1757945630
|-terastallize|p2a: Garganacl|Grass
|move|p1a: Kingdra|Weather Ball|p2a: Garganacl
|-resisted|p2a: Garganacl
|-damage|p2a: Garganacl|64/100
|-damage|p1a: Kingdra|91/100|[from] item: Life Orb
|move|p2a: Garganacl|Salt Cure|p1a: Kingdra
|-damage|p1a: Kingdra|73/100
|-start|p1a: Kingdra|Salt Cure
|
|-weather|RainDance|[upkeep]
|-heal|p2a: Garganacl|70/100|[from] item: Leftovers
|-damage|p1a: Kingdra|48/100|[from] Salt Cure
|upkeep
|turn|15
|
|t:|1757945637
|move|p1a: Kingdra|Weather Ball|p2a: Garganacl
|-resisted|p2a: Garganacl
|-damage|p2a: Garganacl|33/100
|-damage|p1a: Kingdra|38/100|[from] item: Life Orb
|move|p2a: Garganacl|Recover|p2a: Garganacl
|-heal|p2a: Garganacl|83/100
|
|-weather|RainDance|[upkeep]
|-heal|p2a: Garganacl|89/100|[from] item: Leftovers
|-damage|p1a: Kingdra|13/100|[from] Salt Cure
|upkeep
|turn|16
|
|t:|1757945641
|switch|p1a: Raging Bolt|Raging Bolt|56/100
|move|p2a: Garganacl|Protect||[still]
|-fail|p2a: Garganacl
|
|-weather|none
|-heal|p2a: Garganacl|95/100|[from] item: Leftovers
|upkeep
|turn|17
|
|t:|1757945643
|move|p1a: Raging Bolt|Volt Switch|p2a: Garganacl
|-resisted|p2a: Garganacl
|-damage|p2a: Garganacl|77/100
|
|t:|1757945644
|-end|p1a: Raging Bolt|Protosynthesis|[silent]
|switch|p1a: Pelipper|Pelipper, F|38/100|[from] Volt Switch
|-weather|RainDance|[from] ability: Drizzle|[of] p1a: Pelipper
|move|p2a: Garganacl|Salt Cure|p1a: Pelipper
|-supereffective|p1a: Pelipper
|-damage|p1a: Pelipper|17/100
|-start|p1a: Pelipper|Salt Cure
|
|-weather|RainDance|[upkeep]
|-heal|p2a: Garganacl|83/100|[from] item: Leftovers
|-damage|p1a: Pelipper|0 fnt|[from] Salt Cure
|faint|p1a: Pelipper
|upkeep
|
|t:|1757945647
|switch|p1a: Kingdra|Kingdra, M|13/100
|turn|18
|
|t:|1757945650
|switch|p2a: Hoopa|Hoopa-Unbound|32/100
|move|p1a: Kingdra|Hurricane|p2a: Hoopa
|-damage|p2a: Hoopa|0 fnt
|faint|p2a: Hoopa
|-damage|p1a: Kingdra|3/100|[from] item: Life Orb
|
|-weather|RainDance|[upkeep]
|upkeep
|
|t:|1757945652
|switch|p2a: Scizor|Scizor, F|100/100
|turn|19
|
|t:|1757945655
|move|p2a: Scizor|Bullet Punch|p1a: Kingdra
|-resisted|p1a: Kingdra
|-damage|p1a: Kingdra|0 fnt
|faint|p1a: Kingdra
|
|-weather|RainDance|[upkeep]
|upkeep
|
|t:|1757945658
|switch|p1a: Barraskewda|Barraskewda, F|71/100
|turn|20
|
|t:|1757945661
|move|p2a: Scizor|Bullet Punch|p1a: Barraskewda
|-resisted|p1a: Barraskewda
|-crit|p1a: Barraskewda
|-damage|p1a: Barraskewda|0 fnt
|faint|p1a: Barraskewda
|
|-weather|RainDance|[upkeep]
|upkeep
|
|t:|1757945664
|switch|p1a: Raging Bolt|Raging Bolt|56/100
|turn|21
|c|☆lupiit|gg
|
|t:|1757945668
|move|p1a: Raging Bolt|Thunderclap|p2a: Scizor
|-damage|p2a: Scizor|48/100
|move|p2a: Scizor|Bullet Punch|p1a: Raging Bolt
|-resisted|p1a: Raging Bolt
|-damage|p1a: Raging Bolt|36/100
|
|-weather|RainDance|[upkeep]
|upkeep
|turn|22
|
|t:|1757945674
|move|p1a: Raging Bolt|Thunderclap|p2a: Scizor
|-damage|p2a: Scizor|0 fnt
|faint|p2a: Scizor
|
|-weather|RainDance|[upkeep]
|upkeep
|
|t:|1757945675
|switch|p2a: Garganacl|Garganacl, M, tera:Grass|83/100
|turn|23
|
|t:|1757945677
|move|p1a: Raging Bolt|Dragon Pulse|p2a: Garganacl
|-damage|p2a: Garganacl|45/100
|move|p2a: Garganacl|Salt Cure|p1a: Raging Bolt
|-damage|p1a: Raging Bolt|24/100
|-start|p1a: Raging Bolt|Salt Cure
|
|-weather|RainDance|[upkeep]
|-heal|p2a: Garganacl|51/100|[from] item: Leftovers
|-damage|p1a: Raging Bolt|11/100|[from] Salt Cure
|upkeep
|turn|24
|
|t:|1757945679
|move|p2a: Garganacl|Protect|p2a: Garganacl
|-singleturn|p2a: Garganacl|Protect
|move|p1a: Raging Bolt|Dragon Pulse|p2a: Garganacl
|-activate|p2a: Garganacl|move: Protect
|
|-weather|none
|-heal|p2a: Garganacl|57/100|[from] item: Leftovers
|-damage|p1a: Raging Bolt|0 fnt|[from] Salt Cure
|faint|p1a: Raging Bolt
|-end|p1a: Raging Bolt|Protosynthesis|[silent]
|
|win|lupiit
|raw|henry151th's rating: 1414 &rarr; <strong>1395</strong><br />(-19 for losing)
|raw|lupiit's rating: 1427 &rarr; <strong>1446</strong><br />(+19 for winning)
|l|☆lupiit
|player|p2|
|c|☆henry151th|Ggs
