|j|☆beuhiam
|j|☆lolproplayer
|t:|1757921090
|gametype|singles
|player|p1|beuhiam|cogita|1558
|player|p2|lolproplayer|pokekid|1582
|gen|9
|tier|[Gen 9] OU
|rated|
|rule|HP Percentage Mod: HP is shown in percentages
|rule|Endless Battle Clause: Forcing endless battles is banned
|rule|Species Clause: Limit one of each Pokémon
|rule|OHKO Clause: OHKO moves are banned
|rule|Evasion Items Clause: Evasion items are banned
|rule|Evasion Moves Clause: Evasion moves are banned
|rule|Evasion Abilities Clause: Evasion abilities are banned
|rule|Sleep Moves Clause: Sleep-inducing moves are banned
|clearpoke
|poke|p1|Ninetales, M|
|poke|p1|Hatterene, F|
|poke|p1|Walking Wake|
|poke|p1|Great Tusk|
|poke|p1|Blaziken, M|
|poke|p1|Raging Bolt|
|poke|p2|Ursaluna, M|
|poke|p2|Cresselia, F|
|poke|p2|Iron Hands|
|poke|p2|Volcanion|
|poke|p2|Hatterene, F|
|poke|p2|Porygon2|
|teampreview
|inactive|Battle timer is ON: inactive players will automatically lose when time's up. (requested by lolproplayer)
|
|t:|1757921112
|teamsize|p1|6
|teamsize|p2|6
|start
|switch|p1a: Ninetales|Ninetales, M|100/100
|switch|p2a: AssFrasser|Ursaluna, M|100/100
|-weather|SunnyDay|[from] ability: Drought|[of] p1a: Ninetales
|turn|1
|
|t:|1757921122
|switch|p1a: Hatterene|Hatterene, F|100/100
|move|p2a: AssFrasser|Headlong Rush|p1a: Hatterene
|-crit|p1a: Hatterene
|-damage|p1a: Hatterene|8/100
|-unboost|p2a: AssFrasser|def|1
|-unboost|p2a: AssFrasser|spd|1
|-enditem|p1a: Hatterene|Eject Button
|
|t:|1757921131
|switch|p1a: Walking Wake|Walking Wake|100/100
|-activate|p1a: Walking Wake|ability: Protosynthesis
|-start|p1a: Walking Wake|protosynthesisspe
|
|-weather|SunnyDay|[upkeep]
|-status|p2a: AssFrasser|brn|[from] item: Flame Orb
|upkeep
|turn|2
|
|t:|1757921140
|move|p2a: AssFrasser|Protect|p2a: AssFrasser
|-singleturn|p2a: AssFrasser|Protect
|move|p1a: Walking Wake|Draco Meteor|p2a: AssFrasser
|-activate|p2a: AssFrasser|move: Protect
|
|-weather|SunnyDay|[upkeep]
|-damage|p2a: AssFrasser|94/100 brn|[from] brn
|upkeep
|turn|3
|inactive|lolproplayer has 120 seconds left.
|
|t:|1757921172
|-end|p1a: Walking Wake|Protosynthesis|[silent]
|switch|p1a: Blaziken|Blaziken, M|100/100
|switch|p2a: Molester|Volcanion|100/100
|
|-weather|SunnyDay|[upkeep]
|upkeep
|turn|4
|inactive|lolproplayer has 120 seconds left.
|
|t:|1757921193
|switch|p1a: Hatterene|Hatterene, F|8/100
|move|p2a: Molester|Earth Power|p1a: Hatterene
|-damage|p1a: Hatterene|0 fnt
|faint|p1a: Hatterene
|
|-weather|SunnyDay|[upkeep]
|upkeep
|
|t:|1757921196
|switch|p1a: Raging Bolt|Raging Bolt|100/100
|-activate|p1a: Raging Bolt|ability: Protosynthesis
|-start|p1a: Raging Bolt|protosynthesisspa
|turn|5
|inactive|lolproplayer has 120 seconds left.
|
|t:|1757921229
|switch|p2a: Moonboy|Cresselia, F, shiny|100/100
|move|p1a: Raging Bolt|Draco Meteor|p2a: Moonboy|[miss]
|-miss|p1a: Raging Bolt|p2a: Moonboy
|
|-weather|SunnyDay|[upkeep]
|upkeep
|turn|6
|
|t:|1757921238
|move|p1a: Raging Bolt|Draco Meteor|p2a: Moonboy
|-damage|p2a: Moonboy|19/100
|-unboost|p1a: Raging Bolt|spa|2
|move|p2a: Moonboy|Trick Room|p2a: Moonboy
|-fieldstart|move: Trick Room|[of] p2a: Moonboy
|
|-weather|SunnyDay|[upkeep]
|upkeep
|turn|7
|j| wgw2333
|
|t:|1757921245
|move|p2a: Moonboy|Lunar Dance|p2a: Moonboy
|faint|p2a: Moonboy
|move|p1a: Raging Bolt|Draco Meteor|p2: Moonboy|[notarget]
|-fail|p1a: Raging Bolt
|
|-weather|SunnyDay|[upkeep]
|upkeep
|
|t:|1757921253
|switch|p2a: Iron Hands|Iron Hands|100/100
|-enditem|p2a: Iron Hands|Booster Energy
|-activate|p2a: Iron Hands|ability: Quark Drive|[fromitem]
|-start|p2a: Iron Hands|quarkdriveatk
|turn|8
|
|t:|1757921269
|-end|p1a: Raging Bolt|Protosynthesis|[silent]
|switch|p1a: Blaziken|Blaziken, M|100/100
|move|p2a: Iron Hands|Swords Dance|p2a: Iron Hands
|-boost|p2a: Iron Hands|atk|2
|
|-weather|none
|upkeep
|turn|9
|
|t:|1757921277
|switch|p1a: Ninetales|Ninetales, M|100/100
|-weather|SunnyDay|[from] ability: Drought|[of] p1a: Ninetales
|move|p2a: Iron Hands|Drain Punch|p1a: Ninetales
|-damage|p1a: Ninetales|0 fnt
|faint|p1a: Ninetales
|
|-weather|SunnyDay|[upkeep]
|upkeep
|
|t:|1757921296
|switch|p1a: Great Tusk|Great Tusk|100/100
|-activate|p1a: Great Tusk|ability: Protosynthesis
|-start|p1a: Great Tusk|protosynthesisspe
|turn|10
|
|t:|1757921301
|move|p2a: Iron Hands|Ice Punch|p1a: Great Tusk
|-supereffective|p1a: Great Tusk
|-damage|p1a: Great Tusk|0 fnt
|-damage|p2a: Iron Hands|84/100|[from] item: Rocky Helmet|[of] p1a: Great Tusk
|faint|p1a: Great Tusk
|-end|p1a: Great Tusk|Protosynthesis|[silent]
|
|-weather|SunnyDay|[upkeep]
|-fieldend|move: Trick Room
|upkeep
|
|t:|1757921313
|switch|p1a: Walking Wake|Walking Wake|100/100
|-activate|p1a: Walking Wake|ability: Protosynthesis
|-start|p1a: Walking Wake|protosynthesisspe
|turn|11
|
|t:|1757921322
|move|p1a: Walking Wake|Hydro Steam|p2a: Iron Hands
|-damage|p2a: Iron Hands|0 fnt
|faint|p2a: Iron Hands
|-end|p2a: Iron Hands|Quark Drive|[silent]
|
|-weather|SunnyDay|[upkeep]
|upkeep
|
|t:|1757921332
|switch|p2a: queer|Hatterene, F|100/100
|turn|12
|
|t:|1757921339
|move|p1a: Walking Wake|Hydro Steam|p2a: queer
|-damage|p2a: queer|6/100
|move|p2a: queer|Trick Room|p2a: queer
|-fieldstart|move: Trick Room|[of] p2a: queer
|
|-weather|SunnyDay|[upkeep]
|upkeep
|turn|13
|
|t:|1757921345
|move|p2a: queer|Dazzling Gleam|p1a: Walking Wake
|-supereffective|p1a: Walking Wake
|-damage|p1a: Walking Wake|0 fnt
|faint|p1a: Walking Wake
|-end|p1a: Walking Wake|Protosynthesis|[silent]
|
|-weather|SunnyDay|[upkeep]
|upkeep
|
|t:|1757921350
|switch|p1a: Blaziken|Blaziken, M|100/100
|turn|14
|
|t:|1757921357
|switch|p1a: Raging Bolt|Raging Bolt|100/100
|-activate|p1a: Raging Bolt|ability: Protosynthesis
|-start|p1a: Raging Bolt|protosynthesisspa
|move|p2a: queer|Psychic Noise|p1a: Raging Bolt
|-crit|p1a: Raging Bolt
|-damage|p1a: Raging Bolt|40/100
|-start|p1a: Raging Bolt|move: Heal Block
|
|-weather|SunnyDay|[upkeep]
|upkeep
|turn|15
|
|t:|1757921368
|move|p2a: queer|Healing Wish|p2a: queer
|faint|p2a: queer
|move|p1a: Raging Bolt|Draco Meteor|p2: queer|[notarget]
|-fail|p1a: Raging Bolt
|
|-weather|SunnyDay|[upkeep]
|-end|p1a: Raging Bolt|move: Heal Block
|upkeep
|
|t:|1757921382
|switch|p2a: Neckless|Porygon2|100/100
|-ability|p2a: Neckless|Download|boost
|-boost|p2a: Neckless|spa|1
|turn|16
|
|t:|1757921396
|move|p2a: Neckless|Ice Beam|p1a: Raging Bolt
|-supereffective|p1a: Raging Bolt
|-damage|p1a: Raging Bolt|0 fnt
|faint|p1a: Raging Bolt
|-end|p1a: Raging Bolt|Protosynthesis|[silent]
|
|-weather|none
|-fieldend|move: Trick Room
|upkeep
|
|t:|1757921399
|switch|p1a: Blaziken|Blaziken, M|100/100
|turn|17
|
|t:|1757921404
|-terastallize|p1a: Blaziken|Fire
|move|p1a: Blaziken|Focus Energy|p1a: Blaziken
|-start|p1a: Blaziken|move: Focus Energy
|move|p2a: Neckless|Hyper Beam|p1a: Blaziken
|-damage|p1a: Blaziken|0 fnt
|-mustrecharge|p2a: Neckless
|faint|p1a: Blaziken
|
|win|lolproplayer
|raw|beuhiam's rating: 1558 &rarr; <strong>1539</strong><br />(-19 for losing)
|raw|lolproplayer's rating: 1582 &rarr; <strong>1601</strong><br />(+19 for winning)
|l|☆beuhiam
|player|p1|
|l|☆lolproplayer
|player|p2|
|l| wgw2333
