|j|☆fadingstrawberry
|j|☆Cunklord
|t:|1757825904
|gametype|singles
|player|p1|fadingstrawberry|swimmerf-gen4|1450
|player|p2|Cunklord|cynthia-gen4|1508
|gen|9
|tier|[Gen 9] OU
|rated|
|rule|HP Percentage Mod: HP is shown in percentages
|rule|Endless Battle Clause: Forcing endless battles is banned
|rule|Species Clause: Limit one of each Pokémon
|rule|OHKO Clause: OHKO moves are banned
|rule|Evasion Items Clause: Evasion items are banned
|rule|Evasion Moves Clause: Evasion moves are banned
|rule|Evasion Abilities Clause: Evasion abilities are banned
|rule|Sleep Moves Clause: Sleep-inducing moves are banned
|clearpoke
|poke|p1|Torkoal, F|
|poke|p1|Great Tusk|
|poke|p1|Hatterene, F|
|poke|p1|Walking Wake|
|poke|p1|Slither Wing|
|poke|p1|Raging Bolt|
|poke|p2|Dragapult, M|
|poke|p2|Cinderace, F|
|poke|p2|Ogerpon-Wellspring, F|
|poke|p2|Zamazenta-*|
|poke|p2|Landorus-Therian, M|
|poke|p2|Iron Crown|
|teampreview
|
|t:|1757825915
|teamsize|p1|6
|teamsize|p2|6
|start
|switch|p1a: Torkoal|Torkoal, F|100/100
|switch|p2a: Striker II|Cinderace, F, shiny|100/100
|-weather|SunnyDay|[from] ability: Drought|[of] p1a: Torkoal
|turn|1
|
|t:|1757825926
|-terastallize|p2a: Striker II|Fire
|move|p2a: Striker II|Pyro Ball|p1a: Torkoal
|-resisted|p1a: Torkoal
|-damage|p1a: Torkoal|70/100
|move|p1a: Torkoal|Will-O-Wisp|p2a: Striker II|[miss]
|-miss|p1a: Torkoal|p2a: Striker II
|
|-weather|SunnyDay|[upkeep]
|upkeep
|turn|2
|
|t:|1757825939
|move|p2a: Striker II|Pyro Ball|p1a: Torkoal
|-resisted|p1a: Torkoal
|-damage|p1a: Torkoal|38/100
|move|p1a: Torkoal|Stealth Rock|p2a: Striker II
|-sidestart|p2: Cunklord|move: Stealth Rock
|
|-weather|SunnyDay|[upkeep]
|upkeep
|turn|3
|
|t:|1757825949
|switch|p1a: Walking Wake|Walking Wake|100/100
|-activate|p1a: Walking Wake|ability: Protosynthesis
|-start|p1a: Walking Wake|protosynthesisspe
|move|p2a: Striker II|Pyro Ball|p1a: Walking Wake
|-resisted|p1a: Walking Wake
|-damage|p1a: Walking Wake|67/100
|
|-weather|SunnyDay|[upkeep]
|upkeep
|turn|4
|
|t:|1757825957
|switch|p2a: Creepy|Dragapult, M, shiny|100/100
|move|p1a: Walking Wake|Dragon Pulse|p2a: Creepy
|-supereffective|p2a: Creepy
|-damage|p2a: Creepy|0 fnt
|faint|p2a: Creepy
|
|-weather|SunnyDay|[upkeep]
|upkeep
|
|t:|1757825967
|switch|p2a: C0b41t|Iron Crown|100/100
|-damage|p2a: C0b41t|94/100|[from] Stealth Rock
|turn|5
|
|t:|1757825974
|-end|p1a: Walking Wake|Protosynthesis|[silent]
|switch|p1a: Slither Wing|Slither Wing|100/100
|-activate|p1a: Slither Wing|ability: Protosynthesis
|-start|p1a: Slither Wing|protosynthesisatk
|move|p2a: C0b41t|Psychic Noise|p1a: Slither Wing
|-supereffective|p1a: Slither Wing
|-damage|p1a: Slither Wing|55/100
|-start|p1a: Slither Wing|move: Heal Block
|
|-weather|SunnyDay|[upkeep]
|upkeep
|turn|6
|
|t:|1757825983
|move|p1a: Slither Wing|First Impression|p2a: C0b41t
|-damage|p2a: C0b41t|26/100
|move|p2a: C0b41t|Volt Switch|p1a: Slither Wing
|-damage|p1a: Slither Wing|42/100
|
|t:|1757825988
|-end|p2a: C0b41t|Quark Drive|[silent]
|switch|p2a: Striker II|Cinderace, F, shiny, tera:Fire|100/100|[from] Volt Switch
|
|-weather|SunnyDay|[upkeep]
|-end|p1a: Slither Wing|move: Heal Block
|upkeep
|turn|7
|
|t:|1757825994
|-end|p1a: Slither Wing|Protosynthesis|[silent]
|switch|p1a: Great Tusk|Great Tusk|100/100
|-activate|p1a: Great Tusk|ability: Protosynthesis
|-start|p1a: Great Tusk|protosynthesisdef
|move|p2a: Striker II|Court Change|p2a: Striker II
|-swapsideconditions
|-activate|p2a: Striker II|move: Court Change
|
|-weather|SunnyDay|[upkeep]
|upkeep
|turn|8
|
|t:|1757826006
|move|p2a: Striker II|U-turn|p1a: Great Tusk
|-resisted|p1a: Great Tusk
|-damage|p1a: Great Tusk|96/100
|-damage|p2a: Striker II|84/100|[from] item: Rocky Helmet|[of] p1a: Great Tusk
|
|t:|1757826013
|switch|p2a: C0b41t|Iron Crown|26/100|[from] U-turn
|move|p1a: Great Tusk|Rapid Spin|p2a: C0b41t
|-resisted|p2a: C0b41t
|-crit|p2a: C0b41t
|-damage|p2a: C0b41t|15/100
|-boost|p1a: Great Tusk|spe|1
|-sideend|p1: fadingstrawberry|Stealth Rock|[from] move: Rapid Spin|[of] p1a: Great Tusk
|
|-weather|none
|-end|p1a: Great Tusk|Protosynthesis
|upkeep
|turn|9
|
|t:|1757826022
|move|p1a: Great Tusk|Earthquake|p2a: C0b41t
|-supereffective|p2a: C0b41t
|-damage|p2a: C0b41t|0 fnt
|faint|p2a: C0b41t
|-end|p2a: C0b41t|Quark Drive|[silent]
|
|upkeep
|
|t:|1757826035
|switch|p2a: Ponyo|Ogerpon-Wellspring, F|100/100
|turn|10
|
|t:|1757826044
|move|p2a: Ponyo|Horn Leech|p1a: Great Tusk
|-supereffective|p1a: Great Tusk
|-damage|p1a: Great Tusk|54/100
|-damage|p2a: Ponyo|84/100|[from] item: Rocky Helmet|[of] p1a: Great Tusk
|move|p1a: Great Tusk|Body Press|p2a: Ponyo
|-damage|p2a: Ponyo|25/100
|
|upkeep
|turn|11
|
|t:|1757826052
|-end|p1a: Great Tusk|Protosynthesis|[silent]
|switch|p1a: Torkoal|Torkoal, F|38/100
|-weather|SunnyDay|[from] ability: Drought|[of] p1a: Torkoal
|move|p2a: Ponyo|Horn Leech|p1a: Torkoal
|-resisted|p1a: Torkoal
|-damage|p1a: Torkoal|25/100
|-heal|p2a: Ponyo|32/100|[from] drain|[of] p1a: Torkoal
|
|-weather|SunnyDay|[upkeep]
|upkeep
|turn|12
|
|t:|1757826065
|switch|p1a: Walking Wake|Walking Wake|67/100
|-activate|p1a: Walking Wake|ability: Protosynthesis
|-start|p1a: Walking Wake|protosynthesisspe
|move|p2a: Ponyo|Ivy Cudgel|p1a: Walking Wake|[anim] Ivy Cudgel Water
|-resisted|p1a: Walking Wake
|-damage|p1a: Walking Wake|59/100
|
|-weather|SunnyDay|[upkeep]
|upkeep
|turn|13
|
|t:|1757826072
|move|p1a: Walking Wake|Dragon Pulse|p2a: Ponyo
|-damage|p2a: Ponyo|0 fnt
|faint|p2a: Ponyo
|
|-weather|SunnyDay|[upkeep]
|upkeep
|
|t:|1757826075
|switch|p2a: Striker II|Cinderace, F, shiny, tera:Fire|84/100
|turn|14
|-message|Cunklord forfeited.
|
|win|fadingstrawberry
|raw|fadingstrawberry's rating: 1450 &rarr; <strong>1473</strong><br />(+23 for winning)
|raw|Cunklord's rating: 1508 &rarr; <strong>1485</strong><br />(-23 for losing)
|l|☆Cunklord
|player|p2|
|l|☆fadingstrawberry
|player|p1|
