|j|☆SittinGamer
|j|‽myree
|t:|1757918136
|gametype|singles
|player|p1|SittinGamer|dawn-gen4pt|1659
|player|p2|myree|benga|1567
|gen|9
|tier|[Gen 9] OU
|rated|
|rule|HP Percentage Mod: HP is shown in percentages
|rule|Endless Battle Clause: Forcing endless battles is banned
|rule|Species Clause: Limit one of each Pokémon
|rule|OHKO Clause: OHKO moves are banned
|rule|Evasion Items Clause: Evasion items are banned
|rule|Evasion Moves Clause: Evasion moves are banned
|rule|Evasion Abilities Clause: Evasion abilities are banned
|rule|Sleep Moves Clause: Sleep-inducing moves are banned
|clearpoke
|poke|p1|Infernape, F|
|poke|p1|Samurott-Hisui, M|
|poke|p1|Gholdengo|
|poke|p1|Hatterene, F|
|poke|p1|Great Tusk|
|poke|p1|Zamazenta-*|
|poke|p2|Fezandipiti, M|
|poke|p2|Iron Crown|
|poke|p2|Iron Boulder|
|poke|p2|Iron Hands|
|poke|p2|Samurott-Hisui, F|
|poke|p2|Enamorus-Therian, F|
|teampreview
|
|t:|1757918149
|teamsize|p1|6
|teamsize|p2|6
|start
|switch|p1a: Gholdengo|Gholdengo|100/100
|switch|p2a: Iron Boulder|Iron Boulder|100/100
|turn|1
|
|t:|1757918154
|-end|p2a: Iron Boulder|Quark Drive|[silent]
|switch|p2a: Samurott|Samurott-Hisui, F|100/100
|move|p1a: Gholdengo|Make It Rain|p2a: Samurott
|-resisted|p2a: Samurott
|-damage|p2a: Samurott|77/100
|-unboost|p1a: Gholdengo|spa|1
|
|upkeep
|turn|2
|
|t:|1757918158
|switch|p1a: Samurott|Samurott-Hisui, M|100/100
|move|p2a: Samurott|Ceaseless Edge|p1a: Samurott
|-resisted|p1a: Samurott
|-crit|p1a: Samurott
|-damage|p1a: Samurott|60/100
|-sidestart|p1: SittinGamer|Spikes
|
|upkeep
|turn|3
|
|t:|1757918161
|move|p1a: Samurott|Ceaseless Edge|p2a: Samurott
|-resisted|p2a: Samurott
|-damage|p2a: Samurott|55/100
|-sidestart|p2: myree|Spikes
|move|p2a: Samurott|Sacred Sword|p1a: Samurott
|-supereffective|p1a: Samurott
|-damage|p1a: Samurott|0 fnt
|faint|p1a: Samurott
|
|upkeep
|
|t:|1757918166
|switch|p1a: Great Tusk|Great Tusk|100/100
|-damage|p1a: Great Tusk|88/100|[from] Spikes
|-enditem|p1a: Great Tusk|Booster Energy
|-activate|p1a: Great Tusk|ability: Protosynthesis|[fromitem]
|-start|p1a: Great Tusk|protosynthesisatk
|turn|4
|
|t:|1757918176
|switch|p2a: Fezandipiti|Fezandipiti, M|100/100
|-item|p2a: Fezandipiti|Air Balloon
|move|p1a: Great Tusk|Headlong Rush|p2a: Fezandipiti
|-immune|p2a: Fezandipiti
|
|upkeep
|turn|5
|
|t:|1757918207
|-terastallize|p1a: Great Tusk|Steel
|move|p2a: Fezandipiti|Moonblast|p1a: Great Tusk
|-resisted|p1a: Great Tusk
|-damage|p1a: Great Tusk|65/100
|move|p1a: Great Tusk|Rapid Spin|p2a: Fezandipiti
|-damage|p2a: Fezandipiti|76/100
|-boost|p1a: Great Tusk|spe|1
|-enditem|p2a: Fezandipiti|Air Balloon
|-sideend|p1: SittinGamer|Spikes|[from] move: Rapid Spin|[of] p1a: Great Tusk
|
|upkeep
|turn|6
|
|t:|1757918218
|switch|p2a: Enamorus|Enamorus-Therian, F|100/100
|move|p1a: Great Tusk|Headlong Rush|p2a: Enamorus
|-immune|p2a: Enamorus
|
|upkeep
|turn|7
|
|t:|1757918221
|move|p1a: Great Tusk|Ice Spinner|p2a: Enamorus
|-supereffective|p2a: Enamorus
|-damage|p2a: Enamorus|49/100
|move|p2a: Enamorus|Earth Power|p1a: Great Tusk
|-supereffective|p1a: Great Tusk
|-damage|p1a: Great Tusk|0 fnt
|faint|p1a: Great Tusk
|-end|p1a: Great Tusk|Protosynthesis|[silent]
|
|upkeep
|
|t:|1757918226
|switch|p1a: Infernape|Infernape, F|100/100
|turn|8
|
|t:|1757918250
|switch|p2a: Iron Boulder|Iron Boulder|100/100
|move|p1a: Infernape|Stealth Rock|p2a: Iron Boulder
|-sidestart|p2: myree|move: Stealth Rock
|
|upkeep
|turn|9
|
|t:|1757918258
|move|p2a: Iron Boulder|Earthquake|p1a: Infernape
|-supereffective|p1a: Infernape
|-enditem|p1a: Infernape|Focus Sash
|-damage|p1a: Infernape|1/100
|move|p1a: Infernape|Knock Off|p2a: Iron Boulder
|-supereffective|p2a: Iron Boulder
|-damage|p2a: Iron Boulder|40/100
|-enditem|p2a: Iron Boulder|Heavy-Duty Boots|[from] move: Knock Off|[of] p1a: Infernape
|
|upkeep
|turn|10
|
|t:|1757918266
|switch|p1a: Zamazenta|Zamazenta|100/100
|-ability|p1a: Zamazenta|Dauntless Shield|boost
|-boost|p1a: Zamazenta|def|1
|move|p2a: Iron Boulder|Mighty Cleave|p1a: Zamazenta
|-resisted|p1a: Zamazenta
|-damage|p1a: Zamazenta|90/100
|
|-heal|p1a: Zamazenta|96/100|[from] item: Leftovers
|upkeep
|turn|11
|
|t:|1757918290
|-end|p2a: Iron Boulder|Quark Drive|[silent]
|switch|p2a: Enamorus|Enamorus-Therian, F|49/100
|move|p1a: Zamazenta|Iron Defense|p1a: Zamazenta
|-boost|p1a: Zamazenta|def|2
|
|-heal|p1a: Zamazenta|100/100|[from] item: Leftovers
|upkeep
|turn|12
|
|t:|1757918297
|move|p1a: Zamazenta|Body Press|p2a: Enamorus
|-resisted|p2a: Enamorus
|-damage|p2a: Enamorus|31/100
|move|p2a: Enamorus|Draining Kiss|p1a: Zamazenta
|-supereffective|p1a: Zamazenta
|-damage|p1a: Zamazenta|57/100
|-heal|p2a: Enamorus|67/100|[from] drain|[of] p1a: Zamazenta
|
|-heal|p1a: Zamazenta|63/100|[from] item: Leftovers
|upkeep
|turn|13
|
|t:|1757918306
|switch|p1a: Gholdengo|Gholdengo|100/100
|move|p2a: Enamorus|Earth Power|p1a: Gholdengo
|-supereffective|p1a: Gholdengo
|-damage|p1a: Gholdengo|17/100
|
|upkeep
|turn|14
|
|t:|1757918314
|switch|p2a: Iron Crown|Iron Crown|100/100
|-damage|p2a: Iron Crown|88/100|[from] Spikes
|-damage|p2a: Iron Crown|82/100|[from] Stealth Rock
|move|p1a: Gholdengo|Make It Rain|p2a: Iron Crown
|-resisted|p2a: Iron Crown
|-damage|p2a: Iron Crown|62/100
|-unboost|p1a: Gholdengo|spa|1
|
|upkeep
|turn|15
|
|t:|1757918320
|switch|p1a: Zamazenta|Zamazenta|63/100
|move|p2a: Iron Crown|Volt Switch|p1a: Zamazenta
|-crit|p1a: Zamazenta
|-damage|p1a: Zamazenta|34/100
|
|t:|1757918328
|-end|p2a: Iron Crown|Quark Drive|[silent]
|switch|p2a: Enamorus|Enamorus-Therian, F|67/100|[from] Volt Switch
|
|-heal|p1a: Zamazenta|40/100|[from] item: Leftovers
|upkeep
|turn|16
|
|t:|1757918331
|switch|p1a: Hatterene|Hatterene, F|100/100
|move|p2a: Enamorus|Draining Kiss|p1a: Hatterene
|-damage|p1a: Hatterene|83/100
|-heal|p2a: Enamorus|79/100|[from] drain|[of] p1a: Hatterene
|
|upkeep
|turn|17
|
|t:|1757918354
|switch|p2a: Iron Hands|Iron Hands|100/100
|move|p1a: Hatterene|Draining Kiss|p2a: Iron Hands
|-supereffective|p2a: Iron Hands
|-damage|p2a: Iron Hands|52/100
|-heal|p1a: Hatterene|100/100|[from] drain|[of] p2a: Iron Hands
|
|upkeep
|turn|18
|
|t:|1757918359
|move|p2a: Iron Hands|Thunder Punch|p1a: Hatterene
|-damage|p1a: Hatterene|52/100
|move|p1a: Hatterene|Psychic Noise|p2a: Iron Hands
|-supereffective|p2a: Iron Hands
|-damage|p2a: Iron Hands|0 fnt
|faint|p2a: Iron Hands
|-end|p2a: Iron Hands|Quark Drive|[silent]
|
|upkeep
|
|t:|1757918361
|switch|p2a: Samurott|Samurott-Hisui, F|55/100
|-damage|p2a: Samurott|43/100|[from] Spikes
|-damage|p2a: Samurott|30/100|[from] Stealth Rock
|turn|19
|
|t:|1757918365
|move|p2a: Samurott|Ceaseless Edge|p1a: Hatterene
|-damage|p1a: Hatterene|1/100
|-sidestart|p1: SittinGamer|Spikes
|move|p1a: Hatterene|Draining Kiss|p2a: Samurott
|-supereffective|p2a: Samurott
|-damage|p2a: Samurott|0 fnt
|-heal|p1a: Hatterene|27/100|[from] drain|[of] p2a: Samurott
|faint|p2a: Samurott
|
|upkeep
|
|t:|1757918391
|switch|p2a: Fezandipiti|Fezandipiti, M|76/100
|-damage|p2a: Fezandipiti|63/100|[from] Spikes
|-damage|p2a: Fezandipiti|51/100|[from] Stealth Rock
|turn|20
|
|t:|1757918395
|switch|p1a: Gholdengo|Gholdengo|17/100
|-damage|p1a: Gholdengo|4/100|[from] Spikes
|move|p2a: Fezandipiti|Moonblast|p1a: Gholdengo
|-resisted|p1a: Gholdengo
|-damage|p1a: Gholdengo|0 fnt
|faint|p1a: Gholdengo
|
|upkeep
|-message|SittinGamer forfeited.
|
|win|myree
|raw|SittinGamer's rating: 1659 &rarr; <strong>1634</strong><br />(-25 for losing)
|raw|myree's rating: 1567 &rarr; <strong>1592</strong><br />(+25 for winning)
|l|☆SittinGamer
|player|p1|
|l|‽myree
|player|p2|
