|j|☆sheility_elite
|j|☆dormeur69
|t:|1757913935
|gametype|singles
|player|p1|sheility_elite|steven|1218
|player|p2|dormeur69|170|1179
|gen|9
|tier|[Gen 9] OU
|rated|
|rule|HP Percentage Mod: HP is shown in percentages
|rule|Endless Battle Clause: Forcing endless battles is banned
|rule|Species Clause: Limit one of each Pokémon
|rule|OHKO Clause: OHKO moves are banned
|rule|Evasion Items Clause: Evasion items are banned
|rule|Evasion Moves Clause: Evasion moves are banned
|rule|Evasion Abilities Clause: Evasion abilities are banned
|rule|Sleep Moves Clause: Sleep-inducing moves are banned
|clearpoke
|poke|p1|Araquanid, M|
|poke|p1|Magmortar, F|
|poke|p1|Conkeldurr, F|
|poke|p1|Porygon2|
|poke|p1|Persian-Alola, M|
|poke|p1|Scream Tail|
|poke|p2|Gliscor, M|
|poke|p2|Dragonite, M|
|poke|p2|Samurott-Hisui, F|
|poke|p2|Iron Valiant|
|poke|p2|Gholdengo|
|poke|p2|Scizor, M|
|teampreview
|inactive|Battle timer is ON: inactive players will automatically lose when time's up. (requested by sheility_elite)
|
|t:|1757913947
|teamsize|p1|6
|teamsize|p2|6
|start
|switch|p1a: Persian|Persian-Alola, M|100/100
|switch|p2a: Gholdengo|Gholdengo|100/100
|-item|p2a: Gholdengo|Air Balloon
|turn|1
|
|t:|1757913956
|switch|p2a: Scizor|Scizor, M|100/100
|move|p1a: Persian|Parting Shot|p2a: Scizor
|-unboost|p2a: Scizor|atk|1
|-unboost|p2a: Scizor|spa|1
|
|t:|1757913962
|switch|p1a: Magmortar|Magmortar, F|100/100|[from] Parting Shot
|
|upkeep
|turn|2
|
|t:|1757913992
|switch|p2a: Gliscor|Gliscor, M|100/100
|move|p1a: Magmortar|Belly Drum|p1a: Magmortar
|-damage|p1a: Magmortar|50/100
|-setboost|p1a: Magmortar|atk|6|[from] move: Belly Drum
|-enditem|p1a: Magmortar|Sitrus Berry|[eat]
|-heal|p1a: Magmortar|75/100|[from] item: Sitrus Berry
|
|-status|p2a: Gliscor|tox|[from] item: Toxic Orb
|upkeep
|turn|3
|
|t:|1757914000
|-terastallize|p1a: Magmortar|Grass
|move|p1a: Magmortar|Flame Charge|p2a: Gliscor
|-damage|p2a: Gliscor|38/100 tox
|-boost|p1a: Magmortar|spe|1
|move|p2a: Gliscor|Earthquake|p1a: Magmortar
|-resisted|p1a: Magmortar
|-damage|p1a: Magmortar|50/100
|
|-heal|p2a: Gliscor|51/100 tox|[from] ability: Poison Heal
|upkeep
|turn|4
|
|t:|1757914010
|move|p2a: Gliscor|Protect|p2a: Gliscor
|-singleturn|p2a: Gliscor|Protect
|move|p1a: Magmortar|Tera Blast|p2a: Gliscor|[anim] Tera Blast Grass
|-activate|p2a: Gliscor|move: Protect
|
|-heal|p2a: Gliscor|63/100 tox|[from] ability: Poison Heal
|upkeep
|turn|5
|
|t:|1757914013
|move|p1a: Magmortar|Flame Charge|p2a: Gliscor
|-damage|p2a: Gliscor|3/100 tox
|-boost|p1a: Magmortar|spe|1
|move|p2a: Gliscor|Knock Off|p1a: Magmortar
|-damage|p1a: Magmortar|29/100
|
|-heal|p2a: Gliscor|15/100 tox|[from] ability: Poison Heal
|upkeep
|turn|6
|
|t:|1757914021
|move|p1a: Magmortar|Tera Blast|p2a: Gliscor|[anim] Tera Blast Grass
|-damage|p2a: Gliscor|0 fnt
|faint|p2a: Gliscor
|
|upkeep
|
|t:|1757914028
|switch|p2a: Iron Valiant|Iron Valiant|100/100
|-enditem|p2a: Iron Valiant|Booster Energy
|-activate|p2a: Iron Valiant|ability: Quark Drive|[fromitem]
|-start|p2a: Iron Valiant|quarkdrivespe
|turn|7
|
|t:|1757914031
|move|p1a: Magmortar|Flame Charge|p2a: Iron Valiant
|-damage|p2a: Iron Valiant|0 fnt
|-boost|p1a: Magmortar|spe|1
|faint|p2a: Iron Valiant
|-end|p2a: Iron Valiant|Quark Drive|[silent]
|
|upkeep
|-message|dormeur69 forfeited.
|
|win|sheility_elite
|raw|sheility_elite's rating: 1218 &rarr; <strong>1240</strong><br />(+22 for winning)
|raw|dormeur69's rating: 1179 &rarr; <strong>1157</strong><br />(-22 for losing)
|l|☆dormeur69
|player|p2|
|l|☆sheility_elite
|player|p1|
