|j|☆thepetrey
|j|☆Mr.X&Y97
|t:|1757786322
|gametype|singles
|player|p1|thepetrey|265|1478
|player|p2|Mr.X&Y97|ingo|1521
|gen|9
|tier|[Gen 9] OU
|rated|
|rule|HP Percentage Mod: HP is shown in percentages
|rule|Endless Battle Clause: Forcing endless battles is banned
|rule|Species Clause: Limit one of each Pokémon
|rule|OHKO Clause: OHKO moves are banned
|rule|Evasion Items Clause: Evasion items are banned
|rule|Evasion Moves Clause: Evasion moves are banned
|rule|Evasion Abilities Clause: Evasion abilities are banned
|rule|Sleep Moves Clause: Sleep-inducing moves are banned
|clearpoke
|poke|p1|Kingambit, M|
|poke|p1|Darkrai|
|poke|p1|Dragapult, F|
|poke|p1|Primarina, M|
|poke|p1|Great Tusk|
|poke|p1|Iron Moth|
|poke|p2|Cinderace, M|
|poke|p2|Ursaluna, M|
|poke|p2|Torkoal, M|
|poke|p2|Hatterene, F|
|poke|p2|Iron Hands|
|poke|p2|Cresselia, F|
|teampreview
|inactive|Battle timer is ON: inactive players will automatically lose when time's up. (requested by Mr.X&Y97)
|
|t:|1757786352
|teamsize|p1|6
|teamsize|p2|6
|start
|switch|p1a: Great Tusk|Great Tusk|100/100
|switch|p2a: Hatterene|Hatterene, F|100/100
|turn|1
|
|t:|1757786358
|-end|p1a: Great Tusk|Protosynthesis|[silent]
|switch|p1a: Darkrai|Darkrai|100/100
|move|p2a: Hatterene|Psychic|p1a: Darkrai
|-immune|p1a: Darkrai
|
|upkeep
|turn|2
|
|t:|1757786361
|move|p1a: Darkrai|Sludge Bomb|p2a: Hatterene
|-supereffective|p2a: Hatterene
|-damage|p2a: Hatterene|32/100
|move|p2a: Hatterene|Trick Room|p2a: Hatterene
|-fieldstart|move: Trick Room|[of] p2a: Hatterene
|
|upkeep
|turn|3
|
|t:|1757786369
|move|p2a: Hatterene|Dazzling Gleam|p1a: Darkrai
|-supereffective|p1a: Darkrai
|-damage|p1a: Darkrai|34/100
|move|p1a: Darkrai|Knock Off|p2a: Hatterene
|-crit|p2a: Hatterene
|-damage|p2a: Hatterene|1/100
|-enditem|p2a: Hatterene|Focus Sash|[from] move: Knock Off|[of] p1a: Darkrai
|
|upkeep
|turn|4
|
|t:|1757786376
|move|p2a: Hatterene|Dazzling Gleam|p1a: Darkrai
|-supereffective|p1a: Darkrai
|-damage|p1a: Darkrai|0 fnt
|faint|p1a: Darkrai
|
|upkeep
|
|t:|1757786382
|switch|p1a: Primarina|Primarina, M|100/100
|turn|5
|
|t:|1757786385
|move|p2a: Hatterene|Healing Wish|p2a: Hatterene
|faint|p2a: Hatterene
|move|p1a: Primarina|Flip Turn|p2: Hatterene|[notarget]
|-fail|p1a: Primarina
|
|upkeep
|
|t:|1757786393
|switch|p2a: Ursaluna|Ursaluna, M|100/100
|turn|6
|
|t:|1757786411
|move|p2a: Ursaluna|Headlong Rush|p1a: Primarina
|-damage|p1a: Primarina|8/100
|-unboost|p2a: Ursaluna|def|1
|-unboost|p2a: Ursaluna|spd|1
|move|p1a: Primarina|Surf|p2a: Ursaluna
|-supereffective|p2a: Ursaluna
|-damage|p2a: Ursaluna|0 fnt
|faint|p2a: Ursaluna
|
|-fieldend|move: Trick Room
|upkeep
|
|t:|1757786415
|switch|p2a: Cresselia|Cresselia, F|100/100
|turn|7
|
|t:|1757786419
|move|p1a: Primarina|Surf|p2a: Cresselia
|-damage|p2a: Cresselia|47/100
|move|p2a: Cresselia|Trick Room|p2a: Cresselia
|-fieldstart|move: Trick Room|[of] p2a: Cresselia
|
|upkeep
|turn|8
|
|t:|1757786437
|move|p1a: Primarina|Surf|p2a: Cresselia
|-damage|p2a: Cresselia|0 fnt
|faint|p2a: Cresselia
|
|upkeep
|
|t:|1757786455
|switch|p2a: Brian|Iron Hands, shiny|100/100
|turn|9
|
|t:|1757786459
|move|p2a: Brian|Ice Punch|p1a: Primarina
|-resisted|p1a: Primarina
|-damage|p1a: Primarina|0 fnt
|faint|p1a: Primarina
|
|upkeep
|
|t:|1757786470
|switch|p1a: Great Tusk|Great Tusk|100/100
|turn|10
|
|t:|1757786494
|-terastallize|p2a: Brian|Bug
|move|p2a: Brian|Belly Drum|p2a: Brian
|-damage|p2a: Brian|51/100
|-setboost|p2a: Brian|atk|6|[from] move: Belly Drum
|move|p1a: Great Tusk|Headlong Rush|p2a: Brian
|-resisted|p2a: Brian
|-damage|p2a: Brian|34/100
|-unboost|p1a: Great Tusk|def|1
|-unboost|p1a: Great Tusk|spd|1
|-enditem|p2a: Brian|Sitrus Berry|[eat]
|-heal|p2a: Brian|59/100|[from] item: Sitrus Berry
|
|upkeep
|turn|11
|
|t:|1757786508
|move|p2a: Brian|Drain Punch|p1a: Great Tusk
|-damage|p1a: Great Tusk|0 fnt
|-heal|p2a: Brian|100/100|[from] drain|[of] p1a: Great Tusk
|faint|p1a: Great Tusk
|-end|p1a: Great Tusk|Protosynthesis|[silent]
|
|-fieldend|move: Trick Room
|upkeep
|
|t:|1757786519
|switch|p1a: Iron Moth|Iron Moth|100/100
|-enditem|p1a: Iron Moth|Booster Energy
|-activate|p1a: Iron Moth|ability: Quark Drive|[fromitem]
|-start|p1a: Iron Moth|quarkdrivespe
|turn|12
|
|t:|1757786522
|move|p1a: Iron Moth|Fiery Dance|p2a: Brian
|-supereffective|p2a: Brian
|-damage|p2a: Brian|43/100
|move|p2a: Brian|Drain Punch|p1a: Iron Moth
|-resisted|p1a: Iron Moth
|-damage|p1a: Iron Moth|0 fnt
|-heal|p2a: Brian|77/100|[from] drain|[of] p1a: Iron Moth
|faint|p1a: Iron Moth
|-end|p1a: Iron Moth|Quark Drive|[silent]
|
|upkeep
|
|t:|1757786538
|switch|p1a: Dragapult|Dragapult, F|100/100
|turn|13
|
|t:|1757786543
|move|p1a: Dragapult|Dragon Darts|p2a: Brian
|-damage|p2a: Brian|65/100
|-anim|p1a: Dragapult|Dragon Darts|p2a: Brian
|-damage|p2a: Brian|52/100
|move|p2a: Brian|Ice Punch|p1a: Dragapult
|-supereffective|p1a: Dragapult
|-damage|p1a: Dragapult|0 fnt
|faint|p1a: Dragapult
|
|upkeep
|
|t:|1757786545
|switch|p1a: Kingambit|Kingambit, M|100/100
|-activate|p1a: Kingambit|ability: Supreme Overlord
|-start|p1a: Kingambit|fallen5|[silent]
|-item|p1a: Kingambit|Air Balloon
|turn|14
|
|t:|1757786552
|move|p1a: Kingambit|Sucker Punch|p2a: Brian
|-damage|p2a: Brian|13/100
|move|p2a: Brian|Thunder Punch|p1a: Kingambit
|-damage|p1a: Kingambit|0 fnt
|-enditem|p1a: Kingambit|Air Balloon
|faint|p1a: Kingambit
|-end|p1a: Kingambit|fallen5|[silent]
|
|win|Mr.X&Y97
|raw|thepetrey's rating: 1478 &rarr; <strong>1460</strong><br />(-18 for losing)
|raw|Mr.X&amp;Y97's rating: 1521 &rarr; <strong>1539</strong><br />(+18 for winning)
