|j|☆loneslopeman
|j|☆belphegorr
|t:|1757831206
|gametype|singles
|player|p1|loneslopeman|169|1147
|player|p2|belphegorr|hoopster|1174
|gen|9
|tier|[Gen 9] OU
|rated|
|rule|HP Percentage Mod: HP is shown in percentages
|rule|Endless Battle Clause: Forcing endless battles is banned
|rule|Species Clause: Limit one of each Pokémon
|rule|OHKO Clause: OHKO moves are banned
|rule|Evasion Items Clause: Evasion items are banned
|rule|Evasion Moves Clause: Evasion moves are banned
|rule|Evasion Abilities Clause: Evasion abilities are banned
|rule|Sleep Moves Clause: Sleep-inducing moves are banned
|clearpoke
|poke|p1|Zarude-Dada|
|poke|p1|Torkoal, F|
|poke|p1|Scream Tail|
|poke|p1|Great Tusk|
|poke|p1|Zamazenta-*|
|poke|p1|Slither Wing|
|poke|p2|Samurott-Hisui, M|
|poke|p2|Coalossal, F|
|poke|p2|Scyther, M|
|poke|p2|Ogerpon, F|
|poke|p2|Weavile, M|
|poke|p2|Gengar, M|
|teampreview
|inactive|Battle timer is ON: inactive players will automatically lose when time's up. (requested by belphegorr)
|
|t:|1757831214
|teamsize|p1|6
|teamsize|p2|6
|start
|switch|p1a: Slither Wing|Slither Wing|100/100
|switch|p2a: Samurott|Samurott-Hisui, M, shiny|100/100
|turn|1
|
|t:|1757831222
|switch|p2a: Coalossal|Coalossal, F|100/100
|move|p1a: Slither Wing|U-turn|p2a: Coalossal
|-resisted|p2a: Coalossal
|-damage|p2a: Coalossal|90/100
|-damage|p1a: Slither Wing|84/100|[from] item: Rocky Helmet|[of] p2a: Coalossal
|-status|p1a: Slither Wing|brn|[from] ability: Flame Body|[of] p2a: Coalossal
|
|t:|1757831231
|-end|p1a: Slither Wing|Protosynthesis|[silent]
|switch|p1a: Great Tusk|Great Tusk|100/100|[from] U-turn
|
|upkeep
|turn|2
|
|t:|1757831246
|switch|p2a: Scyther|Scyther, M, shiny|100/100
|move|p1a: Great Tusk|Earthquake|p2a: Scyther
|-immune|p2a: Scyther
|
|upkeep
|turn|3
|
|t:|1757831251
|move|p2a: Scyther|Aerial Ace|p1a: Great Tusk
|-supereffective|p1a: Great Tusk
|-damage|p1a: Great Tusk|52/100
|move|p1a: Great Tusk|Supercell Slam|p2a: Scyther
|-supereffective|p2a: Scyther
|-damage|p2a: Scyther|31/100
|
|upkeep
|turn|4
|
|t:|1757831260
|-end|p1a: Great Tusk|Protosynthesis|[silent]
|switch|p1a: Torkoal|Torkoal, F|100/100
|-weather|SunnyDay|[from] ability: Drought|[of] p1a: Torkoal
|move|p2a: Scyther|Aerial Ace|p1a: Torkoal
|-damage|p1a: Torkoal|76/100
|
|-weather|SunnyDay|[upkeep]
|upkeep
|turn|5
|
|t:|1757831267
|switch|p2a: Samurott|Samurott-Hisui, M, shiny|100/100
|move|p1a: Torkoal|Stealth Rock|p2a: Samurott
|-sidestart|p2: belphegorr|move: Stealth Rock
|
|-weather|SunnyDay|[upkeep]
|upkeep
|turn|6
|
|t:|1757831275
|switch|p1a: Slither Wing|Slither Wing|84/100 brn
|-activate|p1a: Slither Wing|ability: Protosynthesis
|-start|p1a: Slither Wing|protosynthesisatk
|move|p2a: Samurott|Ceaseless Edge|p1a: Slither Wing
|-resisted|p1a: Slither Wing
|-damage|p1a: Slither Wing|53/100 brn
|-sidestart|p1: loneslopeman|Spikes
|
|-weather|SunnyDay|[upkeep]
|-damage|p1a: Slither Wing|47/100 brn|[from] brn
|upkeep
|turn|7
|
|t:|1757831287
|move|p1a: Slither Wing|Close Combat|p2a: Samurott
|-supereffective|p2a: Samurott
|-enditem|p2a: Samurott|Focus Sash
|-damage|p2a: Samurott|1/100
|-unboost|p1a: Slither Wing|def|1
|-unboost|p1a: Slither Wing|spd|1
|move|p2a: Samurott|Ceaseless Edge|p1a: Slither Wing
|-resisted|p1a: Slither Wing
|-damage|p1a: Slither Wing|2/100 brn
|-sidestart|p1: loneslopeman|Spikes
|
|-weather|SunnyDay|[upkeep]
|-damage|p1a: Slither Wing|0 fnt|[from] brn
|faint|p1a: Slither Wing
|-end|p1a: Slither Wing|Protosynthesis|[silent]
|upkeep
|
|t:|1757831293
|switch|p1a: Torkoal|Torkoal, F|76/100
|-damage|p1a: Torkoal|59/100|[from] Spikes
|turn|8
|
|t:|1757831305
|move|p2a: Samurott|Aqua Cutter|p1a: Torkoal
|-supereffective|p1a: Torkoal
|-crit|p1a: Torkoal
|-damage|p1a: Torkoal|17/100
|move|p1a: Torkoal|Lava Plume|p2a: Samurott
|-resisted|p2a: Samurott
|-damage|p2a: Samurott|0 fnt
|faint|p2a: Samurott
|
|-weather|SunnyDay|[upkeep]
|upkeep
|
|t:|1757831312
|switch|p2a: Coalossal|Coalossal, F|90/100
|-damage|p2a: Coalossal|65/100|[from] Stealth Rock
|turn|9
|
|t:|1757831316
|switch|p1a: Scream Tail|Scream Tail|100/100
|-damage|p1a: Scream Tail|84/100|[from] Spikes
|-activate|p1a: Scream Tail|ability: Protosynthesis
|-start|p1a: Scream Tail|protosynthesisspd
|move|p2a: Coalossal|Rapid Spin|p1a: Scream Tail
|-damage|p1a: Scream Tail|78/100
|-boost|p2a: Coalossal|spe|1
|-sideend|p2: belphegorr|Stealth Rock|[from] move: Rapid Spin|[of] p2a: Coalossal
|
|-weather|SunnyDay|[upkeep]
|upkeep
|turn|10
|
|t:|1757831325
|move|p1a: Scream Tail|Reflect|p1a: Scream Tail
|-sidestart|p1: loneslopeman|Reflect
|move|p2a: Coalossal|Fire Spin|p1a: Scream Tail
|-damage|p1a: Scream Tail|70/100
|-activate|p1a: Scream Tail|move: Fire Spin|[of] p2a: Coalossal
|
|-weather|SunnyDay|[upkeep]
|-damage|p1a: Scream Tail|58/100|[from] move: Fire Spin|[partiallytrapped]
|upkeep
|turn|11
|
|t:|1757831335
|move|p1a: Scream Tail|Thunder Wave|p2a: Coalossal
|-status|p2a: Coalossal|par
|move|p2a: Coalossal|Fire Spin|p1a: Scream Tail|[miss]
|-miss|p2a: Coalossal|p1a: Scream Tail
|
|-weather|none
|-end|p1a: Scream Tail|Protosynthesis
|-damage|p1a: Scream Tail|46/100|[from] move: Fire Spin|[partiallytrapped]
|upkeep
|turn|12
|
|t:|1757831341
|move|p1a: Scream Tail|Psychic Noise|p2a: Coalossal
|-damage|p2a: Coalossal|48/100 par
|-start|p2a: Coalossal|move: Heal Block
|move|p2a: Coalossal|Rapid Spin|p1a: Scream Tail
|-damage|p1a: Scream Tail|43/100
|-boost|p2a: Coalossal|spe|1
|
|-damage|p1a: Scream Tail|31/100|[from] move: Fire Spin|[partiallytrapped]
|upkeep
|turn|13
|
|t:|1757831354
|move|p1a: Scream Tail|Psychic Noise|p2a: Coalossal
|-damage|p2a: Coalossal|31/100 par
|cant|p2a: Coalossal|par
|
|-damage|p1a: Scream Tail|19/100|[from] move: Fire Spin|[partiallytrapped]
|-end|p2a: Coalossal|move: Heal Block
|upkeep
|turn|14
|
|t:|1757831360
|move|p1a: Scream Tail|Light Screen|p1a: Scream Tail
|-sidestart|p1: loneslopeman|move: Light Screen
|move|p2a: Coalossal|Fire Spin|p1a: Scream Tail
|-damage|p1a: Scream Tail|15/100
|
|-damage|p1a: Scream Tail|3/100|[from] move: Fire Spin|[partiallytrapped]
|upkeep
|turn|15
|
|t:|1757831367
|move|p1a: Scream Tail|Psychic Noise|p2a: Coalossal
|-damage|p2a: Coalossal|16/100 par
|-start|p2a: Coalossal|move: Heal Block
|cant|p2a: Coalossal|par
|
|-end|p1a: Scream Tail|Fire Spin|[partiallytrapped]
|upkeep
|turn|16
|
|t:|1757831376
|move|p1a: Scream Tail|Psychic Noise|p2a: Coalossal
|-damage|p2a: Coalossal|0 fnt
|faint|p2a: Coalossal
|
|upkeep
|
|t:|1757831386
|switch|p2a: Gengar|Gengar, M|100/100
|turn|17
|
|t:|1757831392
|move|p2a: Gengar|Sludge Wave|p1a: Scream Tail
|-supereffective|p1a: Scream Tail
|-crit|p1a: Scream Tail
|-damage|p1a: Scream Tail|0 fnt
|faint|p1a: Scream Tail
|-end|p1a: Scream Tail|Protosynthesis|[silent]
|
|-sideend|p1: loneslopeman|Reflect
|upkeep
|
|t:|1757831400
|switch|p1a: Torkoal|Torkoal, F|17/100
|-damage|p1a: Torkoal|0 fnt|[from] Spikes
|faint|p1a: Torkoal
|
|t:|1757831405
|switch|p1a: Zarude|Zarude-Dada|100/100
|-damage|p1a: Zarude|84/100|[from] Spikes
|turn|18
|inactive|loneslopeman has 120 seconds left.
|inactive|loneslopeman has 90 seconds left.
|inactive|loneslopeman has 60 seconds left.
|inactive|loneslopeman has 30 seconds left.
|inactive|loneslopeman has 20 seconds left.
|inactive|loneslopeman has 15 seconds left.
|inactive|loneslopeman has 10 seconds left.
|inactive|loneslopeman has 5 seconds left.
|-message|loneslopeman lost due to inactivity.
|
|win|belphegorr
|raw|loneslopeman's rating: 1147 &rarr; <strong>1124</strong><br />(-23 for losing)
|raw|belphegorr's rating: 1174 &rarr; <strong>1197</strong><br />(+23 for winning)
|l|☆belphegorr
|player|p2|
