|j|☆fregene97
|j|☆Brainfly
|t:|1757952793
|gametype|singles
|player|p1|fregene97|red|1341
|player|p2|Brainfly|wattson|1306
|gen|9
|tier|[Gen 9] OU
|rated|
|rule|HP Percentage Mod: HP is shown in percentages
|rule|Endless Battle Clause: Forcing endless battles is banned
|rule|Species Clause: Limit one of each Pokémon
|rule|OHKO Clause: OHKO moves are banned
|rule|Evasion Items Clause: Evasion items are banned
|rule|Evasion Moves Clause: Evasion moves are banned
|rule|Evasion Abilities Clause: Evasion abilities are banned
|rule|Sleep Moves Clause: Sleep-inducing moves are banned
|clearpoke
|poke|p1|Dragonite, M|
|poke|p1|Lucario, F|
|poke|p1|Goodra, M|
|poke|p1|Snorlax, F|
|poke|p1|Hawlucha, F|
|poke|p1|Greninja-*, M|
|poke|p2|Rillaboom, M|
|poke|p2|Tauros-Paldea-Blaze, M|
|poke|p2|Alomomola, F|
|poke|p2|Great Tusk|
|poke|p2|Scizor, M|
|poke|p2|Meowscarada, F|
|teampreview
|inactive|Battle timer is ON: inactive players will automatically lose when time's up. (requested by Brainfly)
|
|t:|1757952804
|teamsize|p1|6
|teamsize|p2|6
|start
|switch|p1a: Lucario|Lucario, F|100/100
|switch|p2a: Meowscarada|Meowscarada, F|100/100
|turn|1
|c|☆Brainfly|hf
|
|t:|1757952810
|move|p2a: Meowscarada|U-turn|p1a: Lucario
|-start|p2a: Meowscarada|typechange|Bug|[from] ability: Protean
|-resisted|p1a: Lucario
|-damage|p1a: Lucario|88/100
|
|t:|1757952815
|switch|p2a: Tauros|Tauros-Paldea-Blaze, M|100/100|[from] U-turn
|-ability|p2a: Tauros|Intimidate|boost
|-fail|p1a: Lucario|unboost|Attack|[from] ability: Inner Focus|[of] p1a: Lucario
|move|p1a: Lucario|Bulk Up|p1a: Lucario
|-boost|p1a: Lucario|atk|1
|-boost|p1a: Lucario|def|1
|
|upkeep
|turn|2
|
|t:|1757952821
|move|p1a: Lucario|Close Combat|p2a: Tauros
|-damage|p2a: Tauros|17/100
|-unboost|p1a: Lucario|def|1
|-unboost|p1a: Lucario|spd|1
|-damage|p1a: Lucario|78/100|[from] item: Life Orb
|move|p2a: Tauros|Will-O-Wisp|p1a: Lucario
|-status|p1a: Lucario|brn
|
|-heal|p2a: Tauros|24/100|[from] item: Leftovers
|-damage|p1a: Lucario|72/100 brn|[from] brn
|upkeep
|turn|3
|
|t:|1757952831
|switch|p2a: Alomomola|Alomomola, F|100/100
|move|p1a: Lucario|Close Combat|p2a: Alomomola
|-damage|p2a: Alomomola|59/100
|-unboost|p1a: Lucario|def|1
|-unboost|p1a: Lucario|spd|1
|-damage|p1a: Lucario|62/100 brn|[from] item: Life Orb
|
|-damage|p1a: Lucario|56/100 brn|[from] brn
|upkeep
|turn|4
|
|t:|1757952836
|move|p1a: Lucario|Bulk Up|p1a: Lucario
|-boost|p1a: Lucario|atk|1
|-boost|p1a: Lucario|def|1
|move|p2a: Alomomola|Wish|p2a: Alomomola
|
|-damage|p1a: Lucario|50/100 brn|[from] brn
|upkeep
|turn|5
|
|t:|1757952843
|move|p2a: Alomomola|Protect|p2a: Alomomola
|-singleturn|p2a: Alomomola|Protect
|move|p1a: Lucario|Close Combat|p2a: Alomomola
|-activate|p2a: Alomomola|move: Protect
|
|-heal|p2a: Alomomola|100/100|[from] move: Wish|[wisher] Alomomola
|-damage|p1a: Lucario|44/100 brn|[from] brn
|upkeep
|turn|6
|
|t:|1757952857
|move|p1a: Lucario|Close Combat|p2a: Alomomola
|-damage|p2a: Alomomola|50/100
|-unboost|p1a: Lucario|def|1
|-unboost|p1a: Lucario|spd|1
|-damage|p1a: Lucario|34/100 brn|[from] item: Life Orb
|move|p2a: Alomomola|Wish|p2a: Alomomola
|
|-damage|p1a: Lucario|28/100 brn|[from] brn
|upkeep
|turn|7
|
|t:|1757952865
|move|p2a: Alomomola|Protect|p2a: Alomomola
|-singleturn|p2a: Alomomola|Protect
|move|p1a: Lucario|Bulk Up|p1a: Lucario
|-boost|p1a: Lucario|atk|1
|-boost|p1a: Lucario|def|1
|
|-heal|p2a: Alomomola|99/100|[from] move: Wish|[wisher] Alomomola
|-damage|p1a: Lucario|21/100 brn|[from] brn
|upkeep
|turn|8
|
|t:|1757952871
|move|p1a: Lucario|Close Combat|p2a: Alomomola
|-damage|p2a: Alomomola|34/100
|-unboost|p1a: Lucario|def|1
|-unboost|p1a: Lucario|spd|1
|-damage|p1a: Lucario|12/100 brn|[from] item: Life Orb
|move|p2a: Alomomola|Tickle|p1a: Lucario
|-unboost|p1a: Lucario|atk|1
|-unboost|p1a: Lucario|def|1
|
|-damage|p1a: Lucario|5/100 brn|[from] brn
|upkeep
|turn|9
|
|t:|1757952875
|move|p2a: Alomomola|Protect|p2a: Alomomola
|-singleturn|p2a: Alomomola|Protect
|move|p1a: Lucario|Bulk Up|p1a: Lucario
|-boost|p1a: Lucario|atk|1
|-boost|p1a: Lucario|def|1
|
|-damage|p1a: Lucario|0 fnt|[from] brn
|faint|p1a: Lucario
|upkeep
|
|t:|1757952880
|switch|p1a: Snorlax|Snorlax, F|100/100
|turn|10
|
|t:|1757952883
|switch|p2a: Tauros|Tauros-Paldea-Blaze, M|24/100
|-ability|p2a: Tauros|Intimidate|boost
|-unboost|p1a: Snorlax|atk|1
|move|p1a: Snorlax|Curse|p1a: Snorlax
|-unboost|p1a: Snorlax|spe|1
|-boost|p1a: Snorlax|atk|1
|-boost|p1a: Snorlax|def|1
|
|-heal|p2a: Tauros|30/100|[from] item: Leftovers
|upkeep
|turn|11
|
|t:|1757952889
|-terastallize|p1a: Snorlax|Ground
|move|p2a: Tauros|Will-O-Wisp|p1a: Snorlax
|-status|p1a: Snorlax|brn
|move|p1a: Snorlax|Earthquake|p2a: Tauros
|-supereffective|p2a: Tauros
|-damage|p2a: Tauros|0 fnt
|faint|p2a: Tauros
|
|-damage|p1a: Snorlax|94/100 brn|[from] brn
|upkeep
|
|t:|1757952904
|switch|p2a: Rillaboom|Rillaboom, M|100/100
|-fieldstart|move: Grassy Terrain|[from] ability: Grassy Surge|[of] p2a: Rillaboom
|turn|12
|
|t:|1757952906
|move|p2a: Rillaboom|Wood Hammer|p1a: Snorlax
|-supereffective|p1a: Snorlax
|-damage|p1a: Snorlax|0 fnt
|faint|p1a: Snorlax
|-damage|p2a: Rillaboom|53/100|[from] Recoil
|
|-heal|p2a: Rillaboom|59/100|[from] Grassy Terrain
|upkeep
|
|t:|1757952910
|switch|p1a: Hawlucha|Hawlucha, F|100/100
|turn|13
|
|t:|1757952921
|switch|p2a: Alomomola|Alomomola, F|67/100
|move|p1a: Hawlucha|Bulk Up|p1a: Hawlucha
|-boost|p1a: Hawlucha|atk|1
|-boost|p1a: Hawlucha|def|1
|
|-heal|p2a: Alomomola|73/100|[from] Grassy Terrain
|upkeep
|turn|14
|
|t:|1757952924
|move|p1a: Hawlucha|Bulk Up|p1a: Hawlucha
|-boost|p1a: Hawlucha|atk|1
|-boost|p1a: Hawlucha|def|1
|move|p2a: Alomomola|Tickle|p1a: Hawlucha
|-unboost|p1a: Hawlucha|atk|1
|-unboost|p1a: Hawlucha|def|1
|
|-heal|p2a: Alomomola|79/100|[from] Grassy Terrain
|upkeep
|turn|15
|
|t:|1757952928
|move|p1a: Hawlucha|Bulk Up|p1a: Hawlucha
|-boost|p1a: Hawlucha|atk|1
|-boost|p1a: Hawlucha|def|1
|move|p2a: Alomomola|Tickle|p1a: Hawlucha
|-unboost|p1a: Hawlucha|atk|1
|-unboost|p1a: Hawlucha|def|1
|
|-heal|p2a: Alomomola|85/100|[from] Grassy Terrain
|upkeep
|turn|16
|
|t:|1757952935
|move|p1a: Hawlucha|Acrobatics|p2a: Alomomola
|-damage|p2a: Alomomola|55/100
|-damage|p1a: Hawlucha|91/100|[from] item: Life Orb
|move|p2a: Alomomola|Tickle|p1a: Hawlucha
|-unboost|p1a: Hawlucha|atk|1
|-unboost|p1a: Hawlucha|def|1
|
|-heal|p2a: Alomomola|62/100|[from] Grassy Terrain
|-fieldend|move: Grassy Terrain
|upkeep
|turn|17
|
|t:|1757952939
|move|p1a: Hawlucha|Bulk Up|p1a: Hawlucha
|-boost|p1a: Hawlucha|atk|1
|-boost|p1a: Hawlucha|def|1
|move|p2a: Alomomola|Wish|p2a: Alomomola
|
|upkeep
|turn|18
|
|t:|1757952944
|move|p1a: Hawlucha|Close Combat|p2a: Alomomola
|-damage|p2a: Alomomola|0 fnt
|-unboost|p1a: Hawlucha|def|1
|-unboost|p1a: Hawlucha|spd|1
|faint|p2a: Alomomola
|-damage|p1a: Hawlucha|81/100|[from] item: Life Orb
|
|upkeep
|
|t:|1757952951
|switch|p2a: Meowscarada|Meowscarada, F|100/100
|turn|19
|
|t:|1757952955
|move|p2a: Meowscarada|Triple Axel|p1a: Hawlucha
|-start|p2a: Meowscarada|typechange|Ice|[from] ability: Protean
|-supereffective|p1a: Hawlucha
|-damage|p1a: Hawlucha|52/100
|-supereffective|p1a: Hawlucha
|-damage|p1a: Hawlucha|0 fnt
|faint|p1a: Hawlucha
|-hitcount|p1: Hawlucha|2
|
|upkeep
|
|t:|1757952958
|switch|p1a: Goodra|Goodra, M|100/100
|turn|20
|
|t:|1757952966
|move|p2a: Meowscarada|Triple Axel|p1a: Goodra
|-supereffective|p1a: Goodra
|-damage|p1a: Goodra|72/100
|-supereffective|p1a: Goodra
|-damage|p1a: Goodra|23/100
|-supereffective|p1a: Goodra
|-damage|p1a: Goodra|0 fnt
|faint|p1a: Goodra
|-hitcount|p1: Goodra|3
|
|upkeep
|
|t:|1757952973
|switch|p1a: Greninja|Greninja, M|100/100
|turn|21
|
|t:|1757952978
|switch|p2a: Scizor|Scizor, M|100/100
|move|p1a: Greninja|Hydro Pump|p2a: Scizor|[miss]
|-miss|p1a: Greninja|p2a: Scizor
|
|upkeep
|turn|22
|
|t:|1757952983
|switch|p1a: Dragonite|Dragonite, M|100/100
|move|p2a: Scizor|Swords Dance|p2a: Scizor
|-boost|p2a: Scizor|atk|2
|
|upkeep
|turn|23
|
|t:|1757952985
|move|p2a: Scizor|Bullet Punch|p1a: Dragonite
|-damage|p1a: Dragonite|48/100
|-damage|p2a: Scizor|91/100|[from] item: Life Orb
|move|p1a: Dragonite|Dragon Dance|p1a: Dragonite
|-boost|p1a: Dragonite|atk|1
|-boost|p1a: Dragonite|spe|1
|
|-heal|p1a: Dragonite|55/100|[from] item: Leftovers
|upkeep
|turn|24
|
|t:|1757952989
|move|p2a: Scizor|Bullet Punch|p1a: Dragonite
|-damage|p1a: Dragonite|0 fnt
|faint|p1a: Dragonite
|-damage|p2a: Scizor|81/100|[from] item: Life Orb
|
|upkeep
|
|t:|1757952991
|switch|p1a: Greninja|Greninja, M|100/100
|turn|25
|
|t:|1757952994
|move|p1a: Greninja|Water Shuriken|p2a: Scizor
|-damage|p2a: Scizor|70/100
|-damage|p2a: Scizor|60/100
|-damage|p2a: Scizor|47/100
|-hitcount|p2a: Scizor|3
|-damage|p1a: Greninja|91/100|[from] item: Life Orb
|move|p2a: Scizor|Close Combat|p1a: Greninja
|-supereffective|p1a: Greninja
|-damage|p1a: Greninja|0 fnt
|-unboost|p2a: Scizor|def|1
|-unboost|p2a: Scizor|spd|1
|faint|p1a: Greninja
|-damage|p2a: Scizor|37/100|[from] item: Life Orb
|
|win|Brainfly
|raw|fregene97's rating: 1341 &rarr; <strong>1319</strong><br />(-22 for losing)
|raw|Brainfly's rating: 1306 &rarr; <strong>1328</strong><br />(+22 for winning)
|c|☆Brainfly|gg
|l|☆fregene97
|player|p1|
|l|☆Brainfly
|player|p2|
