|j|☆itkenreiza
|j|☆Superhjkdetective
|t:|1757848035
|gametype|singles
|player|p1|itkenreiza|1|1614
|player|p2|Superhjkdetective|brock|1705
|gen|9
|tier|[Gen 9] OU
|rated|
|rule|HP Percentage Mod: HP is shown in percentages
|rule|Endless Battle Clause: Forcing endless battles is banned
|rule|Species Clause: Limit one of each Pokémon
|rule|OHKO Clause: OHKO moves are banned
|rule|Evasion Items Clause: Evasion items are banned
|rule|Evasion Moves Clause: Evasion moves are banned
|rule|Evasion Abilities Clause: Evasion abilities are banned
|rule|Sleep Moves Clause: Sleep-inducing moves are banned
|clearpoke
|poke|p1|Ursaluna, M|
|poke|p1|Araquanid, M|
|poke|p1|Gholdengo|
|poke|p1|Iron Moth|
|poke|p1|Corviknight, F|
|poke|p1|Kingambit, M|
|poke|p2|Darkrai|
|poke|p2|Landorus-Therian, M|
|poke|p2|Dragonite, F|
|poke|p2|Gholdengo|
|poke|p2|Samurott-Hisui, M|
|poke|p2|Scizor, F|
|teampreview
|inactive|Battle timer is ON: inactive players will automatically lose when time's up. (requested by Superhjkdetective)
|
|t:|1757848061
|teamsize|p1|6
|teamsize|p2|6
|start
|switch|p1a: Corviknight|Corviknight, F|100/100
|switch|p2a: Landorus|Landorus-Therian, M|100/100
|-ability|p2a: Landorus|Intimidate|boost
|-unboost|p1a: Corviknight|atk|1
|-ability|p1a: Corviknight|Pressure
|turn|1
|
|t:|1757848065
|move|p2a: Landorus|Stealth Rock|p1a: Corviknight
|-sidestart|p1: itkenreiza|move: Stealth Rock
|move|p1a: Corviknight|U-turn|p2a: Landorus
|-resisted|p2a: Landorus
|-damage|p2a: Landorus|96/100
|-damage|p1a: Corviknight|84/100|[from] item: Rocky Helmet|[of] p2a: Landorus
|
|t:|1757848071
|switch|p1a: Araquanid|Araquanid, M|100/100|[from] U-turn
|-damage|p1a: Araquanid|76/100|[from] Stealth Rock
|
|upkeep
|turn|2
|
|t:|1757848077
|move|p2a: Landorus|Taunt|p1a: Araquanid
|-start|p1a: Araquanid|move: Taunt
|cant|p1a: Araquanid|move: Taunt|Sticky Web
|
|upkeep
|turn|3
|
|t:|1757848080
|move|p2a: Landorus|U-turn|p1a: Araquanid
|-damage|p1a: Araquanid|54/100
|
|t:|1757848088
|switch|p2a: Scizor|Scizor, F|100/100|[from] U-turn
|move|p1a: Araquanid|Surf|p2a: Scizor
|-damage|p2a: Scizor|24/100
|
|upkeep
|turn|4
|
|t:|1757848106
|switch|p1a: Corviknight|Corviknight, F|84/100
|-damage|p1a: Corviknight|72/100|[from] Stealth Rock
|-ability|p1a: Corviknight|Pressure
|move|p2a: Scizor|Dual Wingbeat|p1a: Corviknight
|-resisted|p1a: Corviknight
|-damage|p1a: Corviknight|62/100
|-damage|p2a: Scizor|8/100|[from] item: Rocky Helmet|[of] p1a: Corviknight
|-resisted|p1a: Corviknight
|-damage|p1a: Corviknight|51/100
|-damage|p2a: Scizor|0 fnt|[from] item: Rocky Helmet|[of] p1a: Corviknight
|faint|p2a: Scizor
|-hitcount|p1a: Corviknight|2
|
|upkeep
|
|t:|1757848122
|switch|p2a: Gholdengo|Gholdengo|100/100
|turn|5
|
|t:|1757848128
|move|p2a: Gholdengo|Nasty Plot|p2a: Gholdengo
|-boost|p2a: Gholdengo|spa|2
|move|p1a: Corviknight|Roost|p1a: Corviknight
|-heal|p1a: Corviknight|100/100
|-singleturn|p1a: Corviknight|move: Roost
|
|upkeep
|turn|6
|
|t:|1757848138
|move|p2a: Gholdengo|Shadow Ball|p1a: Corviknight
|-damage|p1a: Corviknight|29/100
|move|p1a: Corviknight|U-turn|p2a: Gholdengo
|-resisted|p2a: Gholdengo
|-damage|p2a: Gholdengo|98/100
|
|t:|1757848151
|switch|p1a: Kingambit|Kingambit, M|100/100|[from] U-turn
|-damage|p1a: Kingambit|94/100|[from] Stealth Rock
|
|upkeep
|turn|7
|
|t:|1757848171
|switch|p2a: Darkrai|Darkrai|100/100
|-end|p1a: Kingambit|fallenundefined|[silent]
|switch|p1a: Corviknight|Corviknight, F|29/100
|-damage|p1a: Corviknight|17/100|[from] Stealth Rock
|-ability|p1a: Corviknight|Pressure
|
|upkeep
|turn|8
|
|t:|1757848178
|move|p2a: Darkrai|Dark Pulse|p1a: Corviknight
|-damage|p1a: Corviknight|0 fnt
|faint|p1a: Corviknight
|
|upkeep
|
|t:|1757848191
|switch|p1a: Iron Moth|Iron Moth|100/100
|-damage|p1a: Iron Moth|76/100|[from] Stealth Rock
|-enditem|p1a: Iron Moth|Booster Energy
|-activate|p1a: Iron Moth|ability: Quark Drive|[fromitem]
|-start|p1a: Iron Moth|quarkdrivespa
|turn|9
|inactive|Superhjkdetective has 120 seconds left.
|
|t:|1757848242
|switch|p2a: Gholdengo|Gholdengo|98/100
|move|p1a: Iron Moth|Fiery Dance|p2a: Gholdengo
|-supereffective|p2a: Gholdengo
|-damage|p2a: Gholdengo|0 fnt
|-boost|p1a: Iron Moth|spa|1
|faint|p2a: Gholdengo
|
|upkeep
|
|t:|1757848245
|switch|p2a: Samurott|Samurott-Hisui, M|100/100
|turn|10
|
|t:|1757848250
|move|p2a: Samurott|Aqua Cutter|p1a: Iron Moth
|-supereffective|p1a: Iron Moth
|-damage|p1a: Iron Moth|0 fnt
|faint|p1a: Iron Moth
|-end|p1a: Iron Moth|Quark Drive|[silent]
|
|upkeep
|
|t:|1757848253
|switch|p1a: Araquanid|Araquanid, M|54/100
|-damage|p1a: Araquanid|30/100|[from] Stealth Rock
|turn|11
|inactive|Superhjkdetective has 120 seconds left.
|
|t:|1757848270
|switch|p2a: Darkrai|Darkrai|100/100
|move|p1a: Araquanid|Sticky Web|p2a: Darkrai
|-sidestart|p2: Superhjkdetective|move: Sticky Web
|
|upkeep
|turn|12
|
|t:|1757848282
|move|p2a: Darkrai|Dark Pulse|p1a: Araquanid
|-crit|p1a: Araquanid
|-damage|p1a: Araquanid|0 fnt
|faint|p1a: Araquanid
|
|upkeep
|
|t:|1757848287
|switch|p1a: Ursaluna|Ursaluna, M|100/100
|-damage|p1a: Ursaluna|94/100|[from] Stealth Rock
|turn|13
|
|t:|1757848292
|move|p2a: Darkrai|Ice Beam|p1a: Ursaluna
|-supereffective|p1a: Ursaluna
|-damage|p1a: Ursaluna|35/100
|move|p1a: Ursaluna|Swords Dance|p1a: Ursaluna
|-boost|p1a: Ursaluna|atk|2
|
|-status|p1a: Ursaluna|brn|[from] item: Flame Orb
|upkeep
|turn|14
|inactive|Superhjkdetective has 120 seconds left.
|inactive|Superhjkdetective has 90 seconds left.
|inactive|Superhjkdetective has 60 seconds left.
|
|t:|1757848384
|-terastallize|p1a: Ursaluna|Fighting
|move|p2a: Darkrai|Ice Beam|p1a: Ursaluna
|-damage|p1a: Ursaluna|12/100 brn
|move|p1a: Ursaluna|Drain Punch|p2a: Darkrai
|-supereffective|p2a: Darkrai
|-damage|p2a: Darkrai|0 fnt
|-heal|p1a: Ursaluna|47/100 brn|[from] drain|[of] p2a: Darkrai
|faint|p2a: Darkrai
|
|-damage|p1a: Ursaluna|41/100 brn|[from] brn
|upkeep
|inactive|Superhjkdetective has 60 seconds left.
|
|t:|1757848410
|switch|p2a: Dragonite|Dragonite, F|100/100
|turn|15
|
|t:|1757848417
|move|p2a: Dragonite|Earthquake|p1a: Ursaluna
|-damage|p1a: Ursaluna|10/100 brn
|move|p1a: Ursaluna|Ice Punch|p2a: Dragonite
|-supereffective|p2a: Dragonite
|-damage|p2a: Dragonite|0 fnt
|faint|p2a: Dragonite
|
|-damage|p1a: Ursaluna|4/100 brn|[from] brn
|upkeep
|j| Jey2
|
|t:|1757848433
|switch|p2a: Landorus|Landorus-Therian, M|96/100
|-ability|p2a: Landorus|Intimidate|boost
|-unboost|p1a: Ursaluna|atk|1
|turn|16
|
|t:|1757848439
|move|p2a: Landorus|Earth Power|p1a: Ursaluna
|-crit|p1a: Ursaluna
|-damage|p1a: Ursaluna|0 fnt
|faint|p1a: Ursaluna
|
|upkeep
|
|t:|1757848447
|switch|p1a: Gholdengo|Gholdengo|100/100
|-damage|p1a: Gholdengo|94/100|[from] Stealth Rock
|-item|p1a: Gholdengo|Air Balloon
|turn|17
|j| Pokeniceguy
|
|t:|1757848455
|move|p2a: Landorus|U-turn|p1a: Gholdengo
|-resisted|p1a: Gholdengo
|-damage|p1a: Gholdengo|89/100
|-enditem|p1a: Gholdengo|Air Balloon
|
|t:|1757848457
|switch|p2a: Samurott|Samurott-Hisui, M|100/100|[from] U-turn
|-activate|p2a: Samurott|move: Sticky Web
|-unboost|p2a: Samurott|spe|1
|move|p1a: Gholdengo|Make It Rain|p2a: Samurott
|-resisted|p2a: Samurott
|-damage|p2a: Samurott|49/100
|-unboost|p1a: Gholdengo|spa|1
|
|upkeep
|turn|18
|inactive|Superhjkdetective has 60 seconds left.
|
|t:|1757848469
|move|p2a: Samurott|Aqua Cutter|p1a: Gholdengo
|-damage|p1a: Gholdengo|35/100
|move|p1a: Gholdengo|Dazzling Gleam|p2a: Samurott
|-supereffective|p2a: Samurott
|-damage|p2a: Samurott|0 fnt
|faint|p2a: Samurott
|
|upkeep
|
|t:|1757848470
|switch|p2a: Landorus|Landorus-Therian, M|96/100
|-ability|p2a: Landorus|Intimidate|boost
|-unboost|p1a: Gholdengo|atk|1
|turn|19
|
|t:|1757848474
|move|p2a: Landorus|Earth Power|p1a: Gholdengo
|-supereffective|p1a: Gholdengo
|-damage|p1a: Gholdengo|0 fnt
|faint|p1a: Gholdengo
|
|upkeep
|
|t:|1757848475
|switch|p1a: Kingambit|Kingambit, M|94/100
|-damage|p1a: Kingambit|88/100|[from] Stealth Rock
|-activate|p1a: Kingambit|ability: Supreme Overlord
|-start|p1a: Kingambit|fallen5|[silent]
|turn|20
|
|t:|1757848487
|move|p2a: Landorus|Earth Power|p1a: Kingambit
|-supereffective|p1a: Kingambit
|-damage|p1a: Kingambit|23/100
|move|p1a: Kingambit|Kowtow Cleave|p2a: Landorus
|-damage|p2a: Landorus|11/100
|-damage|p1a: Kingambit|6/100|[from] item: Rocky Helmet|[of] p2a: Landorus
|
|upkeep
|turn|21
|
|t:|1757848491
|move|p1a: Kingambit|Sucker Punch||[still]
|-fail|p1a: Kingambit
|move|p2a: Landorus|Stealth Rock||[still]
|-fail|p2a: Landorus
|
|upkeep
|turn|22
|
|t:|1757848502
|move|p1a: Kingambit|Sucker Punch||[still]
|-fail|p1a: Kingambit
|move|p2a: Landorus|Stealth Rock||[still]
|-fail|p2a: Landorus
|
|upkeep
|turn|23
|
|t:|1757848512
|move|p1a: Kingambit|Sucker Punch||[still]
|-fail|p1a: Kingambit
|move|p2a: Landorus|Taunt|p1a: Kingambit
|-start|p1a: Kingambit|move: Taunt
|
|upkeep
|turn|24
|
|t:|1757848518
|move|p2a: Landorus|Stealth Rock||[still]
|-fail|p2a: Landorus
|move|p1a: Kingambit|Kowtow Cleave|p2a: Landorus
|-damage|p2a: Landorus|0 fnt
|-damage|p1a: Kingambit|0 fnt|[from] item: Rocky Helmet|[of] p2a: Landorus
|faint|p2a: Landorus
|faint|p1a: Kingambit
|-end|p1a: Kingambit|fallen5|[silent]
|
|win|itkenreiza
|raw|itkenreiza's rating: 1614 &rarr; <strong>1639</strong><br />(+25 for winning)
|raw|Superhjkdetective's rating: 1705 &rarr; <strong>1680</strong><br />(-25 for losing)
|c|☆itkenreiza|gg
|l| Pokeniceguy
|l|☆Superhjkdetective
|player|p2|
|l| Jey2
|l|☆itkenreiza
|player|p1|
|j|☆Superhjkdetective
|player|p2|Superhjkdetective|brock|
