|j|☆fengbingyuan520
|j|☆fregene97
|t:|1757852535
|gametype|singles
|player|p1|fengbingyuan520|1|1108
|player|p2|fregene97|tuber|1109
|gen|9
|tier|[Gen 9] OU
|rated|
|rule|HP Percentage Mod: HP is shown in percentages
|rule|Endless Battle Clause: Forcing endless battles is banned
|rule|Species Clause: Limit one of each Pokémon
|rule|OHKO Clause: OHKO moves are banned
|rule|Evasion Items Clause: Evasion items are banned
|rule|Evasion Moves Clause: Evasion moves are banned
|rule|Evasion Abilities Clause: Evasion abilities are banned
|rule|Sleep Moves Clause: Sleep-inducing moves are banned
|clearpoke
|poke|p1|Ogerpon, F|
|poke|p1|Rillaboom, M|
|poke|p1|Great Tusk|
|poke|p1|Gholdengo|
|poke|p1|Moltres|
|poke|p1|Samurott-Hisui, M|
|poke|p2|Pincurchin, F|
|poke|p2|Iron Valiant|
|poke|p2|Iron Crown|
|poke|p2|Iron Treads|
|poke|p2|Raging Bolt|
|poke|p2|Hawlucha, F|
|teampreview
|inactive|Battle timer is ON: inactive players will automatically lose when time's up. (requested by fregene97)
|
|t:|1757852546
|teamsize|p1|6
|teamsize|p2|6
|start
|switch|p1a: Great Tusk|Great Tusk|100/100
|switch|p2a: SpongeShock|Pincurchin, F|100/100
|-fieldstart|move: Electric Terrain|[from] ability: Electric Surge|[of] p2a: SpongeShock
|turn|1
|
|t:|1757852558
|-terastallize|p2a: SpongeShock|Ghost
|move|p1a: Great Tusk|Ice Spinner|p2a: SpongeShock
|-damage|p2a: SpongeShock|65/100
|-fieldend|move: Electric Terrain
|move|p2a: SpongeShock|Hydro Pump|p1a: Great Tusk
|-supereffective|p1a: Great Tusk
|-damage|p1a: Great Tusk|20/100
|
|upkeep
|turn|2
|
|t:|1757852571
|switch|p2a: Dumbo|Iron Treads|100/100
|-item|p2a: Dumbo|Air Balloon
|move|p1a: Great Tusk|Stealth Rock|p2a: Dumbo
|-sidestart|p2: fregene97|move: Stealth Rock
|
|upkeep
|turn|3
|
|t:|1757852580
|move|p2a: Dumbo|Stealth Rock|p1a: Great Tusk
|-sidestart|p1: fengbingyuan520|move: Stealth Rock
|move|p1a: Great Tusk|Rapid Spin|p2a: Dumbo
|-resisted|p2a: Dumbo
|-damage|p2a: Dumbo|93/100
|-boost|p1a: Great Tusk|spe|1
|-enditem|p2a: Dumbo|Air Balloon
|-sideend|p1: fengbingyuan520|Stealth Rock|[from] move: Rapid Spin|[of] p1a: Great Tusk
|
|upkeep
|turn|4
|
|t:|1757852587
|move|p1a: Great Tusk|Headlong Rush|p2a: Dumbo
|-supereffective|p2a: Dumbo
|-damage|p2a: Dumbo|0 fnt
|-unboost|p1a: Great Tusk|def|1
|-unboost|p1a: Great Tusk|spd|1
|faint|p2a: Dumbo
|-end|p2a: Dumbo|Quark Drive|[silent]
|
|upkeep
|
|t:|1757852593
|switch|p2a: Executioner|Iron Valiant, shiny|100/100
|-damage|p2a: Executioner|94/100|[from] Stealth Rock
|turn|5
|
|t:|1757852603
|move|p1a: Great Tusk|Headlong Rush|p2a: Executioner
|-damage|p2a: Executioner|9/100
|-unboost|p1a: Great Tusk|def|1
|-unboost|p1a: Great Tusk|spd|1
|move|p2a: Executioner|Moonblast|p1a: Great Tusk
|-supereffective|p1a: Great Tusk
|-damage|p1a: Great Tusk|0 fnt
|faint|p1a: Great Tusk
|-end|p1a: Great Tusk|Protosynthesis|[silent]
|
|upkeep
|
|t:|1757852612
|switch|p1a: Ogerpon|Ogerpon, F|100/100
|turn|6
|
|t:|1757852617
|move|p2a: Executioner|Ice Punch|p1a: Ogerpon
|-supereffective|p1a: Ogerpon
|-damage|p1a: Ogerpon|13/100
|move|p1a: Ogerpon|U-turn|p2a: Executioner
|-resisted|p2a: Executioner
|-damage|p2a: Executioner|0 fnt
|faint|p2a: Executioner
|-end|p2a: Executioner|Quark Drive|[silent]
|
|t:|1757852625
|switch|p1a: Samurott|Samurott-Hisui, M|100/100|[from] U-turn
|
|upkeep
|
|t:|1757852627
|switch|p2a: SpongeShock|Pincurchin, F, tera:Ghost|65/100
|-damage|p2a: SpongeShock|53/100|[from] Stealth Rock
|-fieldstart|move: Electric Terrain|[from] ability: Electric Surge|[of] p2a: SpongeShock
|turn|7
|
|t:|1757852632
|move|p1a: Samurott|Ceaseless Edge|p2a: SpongeShock
|-supereffective|p2a: SpongeShock
|-damage|p2a: SpongeShock|0 fnt
|-sidestart|p2: fregene97|Spikes
|faint|p2a: SpongeShock
|
|upkeep
|
|t:|1757852643
|switch|p2a: Jurassic|Raging Bolt|100/100
|-damage|p2a: Jurassic|88/100|[from] Stealth Rock
|-damage|p2a: Jurassic|76/100|[from] Spikes
|turn|8
|
|t:|1757852651
|switch|p1a: Rillaboom|Rillaboom, M|100/100
|-fieldstart|move: Grassy Terrain|[from] ability: Grassy Surge|[of] p1a: Rillaboom
|move|p2a: Jurassic|Rising Voltage|p1a: Rillaboom
|-resisted|p1a: Rillaboom
|-damage|p1a: Rillaboom|75/100
|
|-heal|p2a: Jurassic|82/100|[from] Grassy Terrain
|-heal|p2a: Jurassic|88/100|[from] item: Leftovers
|-heal|p1a: Rillaboom|81/100|[from] Grassy Terrain
|upkeep
|turn|9
|
|t:|1757852659
|move|p2a: Jurassic|Calm Mind|p2a: Jurassic
|-boost|p2a: Jurassic|spa|1
|-boost|p2a: Jurassic|spd|1
|move|p1a: Rillaboom|High Horsepower|p2a: Jurassic
|-supereffective|p2a: Jurassic
|-damage|p2a: Jurassic|26/100
|
|-heal|p2a: Jurassic|32/100|[from] Grassy Terrain
|-heal|p2a: Jurassic|38/100|[from] item: Leftovers
|-heal|p1a: Rillaboom|87/100|[from] Grassy Terrain
|upkeep
|turn|10
|
|t:|1757852667
|move|p2a: Jurassic|Dragon Pulse|p1a: Rillaboom
|-damage|p1a: Rillaboom|6/100
|move|p1a: Rillaboom|High Horsepower|p2a: Jurassic
|-supereffective|p2a: Jurassic
|-crit|p2a: Jurassic
|-damage|p2a: Jurassic|0 fnt
|faint|p2a: Jurassic
|-end|p2a: Jurassic|Protosynthesis|[silent]
|
|-heal|p1a: Rillaboom|12/100|[from] Grassy Terrain
|upkeep
|
|t:|1757852671
|switch|p2a: Ronda|Hawlucha, F|100/100
|-damage|p2a: Ronda|88/100|[from] Stealth Rock
|turn|11
|
|t:|1757852680
|switch|p1a: Moltres|Moltres|100/100
|move|p2a: Ronda|Acrobatics|p1a: Moltres
|-damage|p1a: Moltres|86/100
|
|upkeep
|turn|12
|
|t:|1757852687
|move|p2a: Ronda|Swords Dance|p2a: Ronda
|-boost|p2a: Ronda|atk|2
|move|p1a: Moltres|Will-O-Wisp|p2a: Ronda
|-status|p2a: Ronda|brn
|
|-damage|p2a: Ronda|82/100 brn|[from] brn
|upkeep
|turn|13
|
|t:|1757852690
|move|p2a: Ronda|Acrobatics|p1a: Moltres
|-damage|p1a: Moltres|69/100
|move|p1a: Moltres|Hurricane|p2a: Ronda|[miss]
|-miss|p1a: Moltres|p2a: Ronda
|
|-damage|p2a: Ronda|76/100 brn|[from] brn
|upkeep
|turn|14
|
|t:|1757852694
|move|p2a: Ronda|Swords Dance|p2a: Ronda
|-boost|p2a: Ronda|atk|2
|move|p1a: Moltres|Roost|p1a: Moltres
|-heal|p1a: Moltres|100/100
|-singleturn|p1a: Moltres|move: Roost
|
|-damage|p2a: Ronda|70/100 brn|[from] brn
|upkeep
|turn|15
|
|t:|1757852697
|move|p2a: Ronda|Close Combat|p1a: Moltres
|-resisted|p1a: Moltres
|-damage|p1a: Moltres|75/100
|-unboost|p2a: Ronda|def|1
|-unboost|p2a: Ronda|spd|1
|move|p1a: Moltres|Hurricane|p2a: Ronda
|-supereffective|p2a: Ronda
|-crit|p2a: Ronda
|-damage|p2a: Ronda|0 fnt
|faint|p2a: Ronda
|
|-fieldend|move: Grassy Terrain
|upkeep
|
|t:|1757852700
|switch|p2a: TASER|Iron Crown|100/100
|-damage|p2a: TASER|94/100|[from] Stealth Rock
|-damage|p2a: TASER|82/100|[from] Spikes
|turn|16
|
|t:|1757852706
|switch|p1a: Rillaboom|Rillaboom, M|12/100
|-fieldstart|move: Grassy Terrain|[from] ability: Grassy Surge|[of] p1a: Rillaboom
|move|p2a: TASER|Volt Switch|p1a: Rillaboom
|-resisted|p1a: Rillaboom
|-damage|p1a: Rillaboom|0 fnt
|faint|p1a: Rillaboom
|
|-heal|p2a: TASER|88/100|[from] Grassy Terrain
|upkeep
|
|t:|1757852713
|switch|p1a: Gholdengo|Gholdengo|100/100
|-item|p1a: Gholdengo|Air Balloon
|turn|17
|
|t:|1757852723
|move|p2a: TASER|Volt Switch|p1a: Gholdengo
|-damage|p1a: Gholdengo|58/100
|-enditem|p1a: Gholdengo|Air Balloon
|move|p1a: Gholdengo|Nasty Plot|p1a: Gholdengo
|-boost|p1a: Gholdengo|spa|2
|
|-heal|p2a: TASER|94/100|[from] Grassy Terrain
|-heal|p1a: Gholdengo|64/100|[from] Grassy Terrain
|upkeep
|turn|18
|
|t:|1757852727
|move|p2a: TASER|Volt Switch|p1a: Gholdengo
|-damage|p1a: Gholdengo|21/100
|move|p1a: Gholdengo|Shadow Ball|p2a: TASER
|-supereffective|p2a: TASER
|-crit|p2a: TASER
|-damage|p2a: TASER|0 fnt
|faint|p2a: TASER
|-end|p2a: TASER|Quark Drive|[silent]
|
|win|fengbingyuan520
|raw|fengbingyuan520's rating: 1108 &rarr; <strong>1133</strong><br />(+25 for winning)
|raw|fregene97's rating: 1109 &rarr; <strong>1084</strong><br />(-25 for losing)
|l|☆fregene97
|player|p2|
