|j|☆ludwin_lannister
|j|☆LOCO90
|t:|1757813092
|gametype|singles
|player|p1|ludwin_lannister|170|1415
|player|p2|LOCO90|rocketgrunt|1518
|gen|9
|tier|[Gen 9] OU
|rated|
|rule|HP Percentage Mod: HP is shown in percentages
|rule|Endless Battle Clause: Forcing endless battles is banned
|rule|Species Clause: Limit one of each Pokémon
|rule|OHKO Clause: OHKO moves are banned
|rule|Evasion Items Clause: Evasion items are banned
|rule|Evasion Moves Clause: Evasion moves are banned
|rule|Evasion Abilities Clause: Evasion abilities are banned
|rule|Sleep Moves Clause: Sleep-inducing moves are banned
|clearpoke
|poke|p1|Ogerpon-Wellspring, F|
|poke|p1|Kingambit, F|
|poke|p1|Landorus-Therian, M|
|poke|p1|Glimmora, F|
|poke|p1|Dragapult, F|
|poke|p1|Iron Valiant|
|poke|p2|Zapdos|
|poke|p2|Mew|
|poke|p2|Dragonite, M|
|poke|p2|Tauros, M|
|poke|p2|Clefable, F|
|poke|p2|Tentacruel, M|
|teampreview
|
|t:|1757813102
|teamsize|p1|6
|teamsize|p2|6
|start
|switch|p1a: Glimmora|Glimmora, F|100/100
|switch|p2a: Mew|Mew|100/100
|turn|1
|inactive|Battle timer is ON: inactive players will automatically lose when time's up. (requested by ludwin_lannister)
|
|t:|1757813109
|move|p1a: Glimmora|Meteor Beam||[still]
|-prepare|p1a: Glimmora|Meteor Beam
|-boost|p1a: Glimmora|spa|1
|-enditem|p1a: Glimmora|Power Herb
|-anim|p1a: Glimmora|Meteor Beam|p2a: Mew
|-damage|p2a: Mew|12/100
|move|p2a: Mew|Psyshock|p1a: Glimmora
|-supereffective|p1a: Glimmora
|-damage|p1a: Glimmora|3/100
|
|-heal|p2a: Mew|18/100|[from] item: Leftovers
|upkeep
|turn|2
|
|t:|1757813117
|switch|p2a: Tentacruel|Tentacruel, M|100/100
|move|p1a: Glimmora|Earth Power|p2a: Tentacruel
|-supereffective|p2a: Tentacruel
|-damage|p2a: Tentacruel|17/100
|
|-heal|p2a: Tentacruel|23/100|[from] item: Black Sludge
|upkeep
|turn|3
|
|t:|1757813123
|move|p1a: Glimmora|Earth Power|p2a: Tentacruel
|-supereffective|p2a: Tentacruel
|-crit|p2a: Tentacruel
|-damage|p2a: Tentacruel|0 fnt
|faint|p2a: Tentacruel
|
|upkeep
|c|☆ludwin_lannister|In gen 1 ubers tentacruel was good?
|
|t:|1757813150
|switch|p2a: Tauros|Tauros, M|100/100
|turn|4
|
|t:|1757813154
|move|p2a: Tauros|Body Slam|p1a: Glimmora
|-resisted|p1a: Glimmora
|-damage|p1a: Glimmora|0 fnt
|-activate|p1a: Glimmora|ability: Toxic Debris
|-sidestart|p2: LOCO90|move: Toxic Spikes
|faint|p1a: Glimmora
|
|upkeep
|
|t:|1757813161
|switch|p1a: Dragapult|Dragapult, F|100/100
|turn|5
|
|t:|1757813167
|switch|p2a: Zapdos|Zapdos|100/100
|move|p1a: Dragapult|Draco Meteor|p2a: Zapdos|[miss]
|-miss|p1a: Dragapult|p2a: Zapdos
|
|upkeep
|turn|6
|
|t:|1757813173
|switch|p1a: Landorus|Landorus-Therian, M|100/100
|-ability|p1a: Landorus|Intimidate|boost
|-unboost|p2a: Zapdos|atk|1
|switch|p2a: Clefable|Clefable, F, shiny|100/100
|-status|p2a: Clefable|psn
|
|-damage|p2a: Clefable|88/100 psn|[from] psn
|upkeep
|turn|7
|
|t:|1757813180
|move|p1a: Landorus|Taunt|p2a: Clefable
|-start|p2a: Clefable|move: Taunt
|cant|p2a: Clefable|move: Taunt|Stealth Rock
|
|-heal|p2a: Clefable|94/100 psn|[from] item: Leftovers
|-damage|p2a: Clefable|82/100 psn|[from] psn
|upkeep
|turn|8
|
|t:|1757813185
|switch|p2a: Zapdos|Zapdos|100/100
|move|p1a: Landorus|Stealth Rock|p2a: Zapdos
|-sidestart|p2: LOCO90|move: Stealth Rock
|
|upkeep
|turn|9
|
|t:|1757813195
|move|p1a: Landorus|Taunt|p2a: Zapdos
|-start|p2a: Zapdos|move: Taunt
|move|p2a: Zapdos|Hurricane|p1a: Landorus
|-damage|p1a: Landorus|51/100
|
|upkeep
|turn|10
|
|t:|1757813201
|switch|p1a: Kingambit|Kingambit, F|100/100
|-activate|p1a: Kingambit|ability: Supreme Overlord
|-start|p1a: Kingambit|fallen1|[silent]
|move|p2a: Zapdos|Hurricane|p1a: Kingambit
|-resisted|p1a: Kingambit
|-damage|p1a: Kingambit|79/100
|
|-heal|p1a: Kingambit|85/100|[from] item: Leftovers
|upkeep
|turn|11
|
|t:|1757813208
|move|p2a: Zapdos|Discharge|p1a: Kingambit
|-damage|p1a: Kingambit|51/100
|move|p1a: Kingambit|Swords Dance|p1a: Kingambit
|-boost|p1a: Kingambit|atk|2
|
|-heal|p1a: Kingambit|57/100|[from] item: Leftovers
|-end|p2a: Zapdos|move: Taunt
|upkeep
|turn|12
|
|t:|1757813214
|move|p2a: Zapdos|Discharge|p1a: Kingambit
|-damage|p1a: Kingambit|21/100
|-status|p1a: Kingambit|par
|move|p1a: Kingambit|Kowtow Cleave|p2a: Zapdos
|-damage|p2a: Zapdos|16/100
|
|-heal|p1a: Kingambit|28/100 par|[from] item: Leftovers
|upkeep
|turn|13
|
|t:|1757813221
|move|p1a: Kingambit|Sucker Punch||[still]
|-fail|p1a: Kingambit
|move|p2a: Zapdos|Roost|p2a: Zapdos
|-heal|p2a: Zapdos|66/100
|-singleturn|p2a: Zapdos|move: Roost
|
|-heal|p1a: Kingambit|34/100 par|[from] item: Leftovers
|upkeep
|turn|14
|
|t:|1757813226
|move|p1a: Kingambit|Sucker Punch|p2a: Zapdos
|-damage|p2a: Zapdos|0 fnt
|faint|p2a: Zapdos
|
|-heal|p1a: Kingambit|40/100 par|[from] item: Leftovers
|upkeep
|
|t:|1757813230
|switch|p2a: Clefable|Clefable, F, shiny|82/100 psn
|-damage|p2a: Clefable|70/100 psn|[from] Stealth Rock
|turn|15
|
|t:|1757813234
|move|p2a: Clefable|Stealth Rock|p1a: Kingambit
|-sidestart|p1: ludwin_lannister|move: Stealth Rock
|cant|p1a: Kingambit|par
|
|-heal|p2a: Clefable|76/100 psn|[from] item: Leftovers
|-heal|p1a: Kingambit|46/100 par|[from] item: Leftovers
|-damage|p2a: Clefable|64/100 psn|[from] psn
|upkeep
|turn|16
|
|t:|1757813238
|move|p2a: Clefable|Moonblast|p1a: Kingambit
|-damage|p1a: Kingambit|15/100 par
|move|p1a: Kingambit|Iron Head|p2a: Clefable
|-supereffective|p2a: Clefable
|-damage|p2a: Clefable|0 fnt
|faint|p2a: Clefable
|
|-heal|p1a: Kingambit|21/100 par|[from] item: Leftovers
|upkeep
|
|t:|1757813246
|switch|p2a: Dragonite|Dragonite, M|100/100
|-damage|p2a: Dragonite|76/100|[from] Stealth Rock
|turn|17
|
|t:|1757813250
|move|p2a: Dragonite|Dragon Dance|p2a: Dragonite
|-boost|p2a: Dragonite|atk|1
|-boost|p2a: Dragonite|spe|1
|move|p1a: Kingambit|Kowtow Cleave|p2a: Dragonite
|-damage|p2a: Dragonite|0 fnt
|faint|p2a: Dragonite
|
|-heal|p1a: Kingambit|27/100 par|[from] item: Leftovers
|upkeep
|
|t:|1757813253
|switch|p2a: Tauros|Tauros, M|100/100
|-status|p2a: Tauros|psn
|-damage|p2a: Tauros|88/100 psn|[from] Stealth Rock
|turn|18
|
|t:|1757813258
|move|p1a: Kingambit|Sucker Punch||[still]
|-fail|p1a: Kingambit
|move|p2a: Tauros|Work Up|p2a: Tauros
|-boost|p2a: Tauros|atk|1
|-boost|p2a: Tauros|spa|1
|
|-heal|p1a: Kingambit|34/100 par|[from] item: Leftovers
|-damage|p2a: Tauros|76/100 psn|[from] psn
|upkeep
|turn|19
|
|t:|1757813262
|move|p2a: Tauros|Body Slam|p1a: Kingambit
|-resisted|p1a: Kingambit
|-damage|p1a: Kingambit|0 fnt
|faint|p1a: Kingambit
|-end|p1a: Kingambit|fallen1|[silent]
|
|-damage|p2a: Tauros|63/100 psn|[from] psn
|upkeep
|
|t:|1757813268
|switch|p1a: Landorus|Landorus-Therian, M|51/100
|-damage|p1a: Landorus|38/100|[from] Stealth Rock
|-ability|p1a: Landorus|Intimidate|boost
|-unboost|p2a: Tauros|atk|1
|turn|20
|
|t:|1757813274
|move|p2a: Tauros|Body Slam|p1a: Landorus
|-damage|p1a: Landorus|0 fnt
|-damage|p2a: Tauros|47/100 psn|[from] item: Rocky Helmet|[of] p1a: Landorus
|faint|p1a: Landorus
|
|-damage|p2a: Tauros|35/100 psn|[from] psn
|upkeep
|
|t:|1757813278
|switch|p1a: Dragapult|Dragapult, F|100/100
|-damage|p1a: Dragapult|88/100|[from] Stealth Rock
|turn|21
|
|t:|1757813282
|move|p1a: Dragapult|Draco Meteor|p2a: Tauros
|-damage|p2a: Tauros|0 fnt
|-unboost|p1a: Dragapult|spa|2
|faint|p2a: Tauros
|
|upkeep
|
|t:|1757813284
|switch|p2a: Mew|Mew|18/100
|-status|p2a: Mew|psn
|-damage|p2a: Mew|6/100 psn|[from] Stealth Rock
|turn|22
|
|t:|1757813287
|move|p1a: Dragapult|Draco Meteor|p2a: Mew
|-damage|p2a: Mew|0 fnt
|-unboost|p1a: Dragapult|spa|2
|faint|p2a: Mew
|
|win|ludwin_lannister
|raw|ludwin_lannister's rating: 1415 &rarr; <strong>1441</strong><br />(+26 for winning)
|raw|LOCO90's rating: 1518 &rarr; <strong>1492</strong><br />(-26 for losing)
|l|☆LOCO90
|player|p2|
|l|☆ludwin_lannister
|player|p1|
