|j|☆lightcreater127
|j|☆niloswan
|t:|1757857265
|gametype|singles
|player|p1|lightcreater127|roxie|1515
|player|p2|niloswan|zinzolin|1512
|gen|9
|tier|[Gen 9] OU
|rated|
|rule|HP Percentage Mod: HP is shown in percentages
|rule|Endless Battle Clause: Forcing endless battles is banned
|rule|Species Clause: Limit one of each Pokémon
|rule|OHKO Clause: OHKO moves are banned
|rule|Evasion Items Clause: Evasion items are banned
|rule|Evasion Moves Clause: Evasion moves are banned
|rule|Evasion Abilities Clause: Evasion abilities are banned
|rule|Sleep Moves Clause: Sleep-inducing moves are banned
|clearpoke
|poke|p1|Dragonite, F|
|poke|p1|Kingambit, M|
|poke|p1|Iron Moth|
|poke|p1|Samurott-Hisui, F|
|poke|p1|Iron Valiant|
|poke|p1|Moltres-Galar|
|poke|p2|Iron Valiant|
|poke|p2|Tinkaton, F|
|poke|p2|Sinistcha|
|poke|p2|Great Tusk|
|poke|p2|Scizor, F|
|poke|p2|Slowbro, F|
|teampreview
|inactive|Battle timer is ON: inactive players will automatically lose when time's up. (requested by lightcreater127)
|inactive|niloswan also wants the timer to be on.
|inactive|niloswan has 120 seconds left.
|
|t:|1757857308
|teamsize|p1|6
|teamsize|p2|6
|start
|switch|p1a: Samurott|Samurott-Hisui, F|100/100
|switch|p2a: Scizor|Scizor, F|100/100
|turn|1
|
|t:|1757857316
|move|p1a: Samurott|Ceaseless Edge|p2a: Scizor
|-damage|p2a: Scizor|52/100
|-sidestart|p2: niloswan|Spikes
|move|p2a: Scizor|U-turn|p1a: Samurott
|-supereffective|p1a: Samurott
|-enditem|p1a: Samurott|Focus Sash
|-damage|p1a: Samurott|1/100
|
|t:|1757857336
|switch|p2a: Tinkaton|Tinkaton, F|100/100|[from] U-turn
|-ability|p2a: Tinkaton|Mold Breaker
|-item|p2a: Tinkaton|Air Balloon
|
|upkeep
|turn|2
|
|t:|1757857353
|move|p1a: Samurott|Sucker Punch|p2a: Tinkaton
|-resisted|p2a: Tinkaton
|-damage|p2a: Tinkaton|79/100
|-enditem|p2a: Tinkaton|Air Balloon
|move|p2a: Tinkaton|Play Rough|p1a: Samurott
|-supereffective|p1a: Samurott
|-damage|p1a: Samurott|0 fnt
|faint|p1a: Samurott
|
|upkeep
|inactive|lightcreater127 has 120 seconds left.
|
|t:|1757857386
|switch|p1a: Iron Moth|Iron Moth|100/100
|-enditem|p1a: Iron Moth|Booster Energy
|-activate|p1a: Iron Moth|ability: Quark Drive|[fromitem]
|-start|p1a: Iron Moth|quarkdrivespe
|turn|3
|
|t:|1757857394
|-terastallize|p2a: Tinkaton|Water
|move|p1a: Iron Moth|Fiery Dance|p2a: Tinkaton
|-resisted|p2a: Tinkaton
|-damage|p2a: Tinkaton|62/100
|-boost|p1a: Iron Moth|spa|1
|move|p2a: Tinkaton|Thunder Wave|p1a: Iron Moth
|-status|p1a: Iron Moth|par
|
|upkeep
|turn|4
|inactive|lightcreater127 has 120 seconds left.
|
|t:|1757857405
|move|p2a: Tinkaton|Encore|p1a: Iron Moth
|-start|p1a: Iron Moth|Encore
|move|p1a: Iron Moth|Fiery Dance|p2a: Tinkaton
|-resisted|p2a: Tinkaton
|-damage|p2a: Tinkaton|34/100
|-boost|p1a: Iron Moth|spa|1
|
|upkeep
|turn|5
|inactive|lightcreater127 has 120 seconds left.
|
|t:|1757857418
|move|p2a: Tinkaton|Stealth Rock|p1a: Iron Moth
|-sidestart|p1: lightcreater127|move: Stealth Rock
|move|p1a: Iron Moth|Fiery Dance|p2a: Tinkaton
|-resisted|p2a: Tinkaton
|-damage|p2a: Tinkaton|0 fnt
|-boost|p1a: Iron Moth|spa|1
|faint|p2a: Tinkaton
|
|upkeep
|
|t:|1757857447
|switch|p2a: Great Tusk|Great Tusk|100/100
|-damage|p2a: Great Tusk|88/100|[from] Spikes
|-enditem|p2a: Great Tusk|Booster Energy
|-activate|p2a: Great Tusk|ability: Protosynthesis|[fromitem]
|-start|p2a: Great Tusk|protosynthesisatk
|turn|6
|
|t:|1757857457
|move|p2a: Great Tusk|Headlong Rush|p1a: Iron Moth
|-supereffective|p1a: Iron Moth
|-damage|p1a: Iron Moth|0 fnt
|-unboost|p2a: Great Tusk|def|1
|-unboost|p2a: Great Tusk|spd|1
|faint|p1a: Iron Moth
|-end|p1a: Iron Moth|Quark Drive|[silent]
|
|upkeep
|
|t:|1757857466
|switch|p1a: metal-cooler|Iron Valiant, shiny|100/100
|-damage|p1a: metal-cooler|94/100|[from] Stealth Rock
|-enditem|p1a: metal-cooler|Booster Energy
|-activate|p1a: metal-cooler|ability: Quark Drive|[fromitem]
|-start|p1a: metal-cooler|quarkdrivespe
|turn|7
|c|☆niloswan|metal cooler lmao
|inactive|niloswan has 120 seconds left.
|
|t:|1757857498
|-end|p2a: Great Tusk|Protosynthesis|[silent]
|switch|p2a: Scizor|Scizor, F|52/100
|-damage|p2a: Scizor|39/100|[from] Spikes
|move|p1a: metal-cooler|Knock Off|p2a: Scizor
|-damage|p2a: Scizor|9/100
|-enditem|p2a: Scizor|Choice Band|[from] move: Knock Off|[of] p1a: metal-cooler
|
|upkeep
|turn|8
|inactive|niloswan has 120 seconds left.
|c|☆lightcreater127|right
|inactive|lightcreater127 has 120 seconds left.
|
|t:|1757857529
|-end|p1a: metal-cooler|Quark Drive|[silent]
|switch|p1a: Dragonite|Dragonite, F|100/100
|move|p2a: Scizor|Bullet Punch|p1a: Dragonite
|-damage|p1a: Dragonite|83/100
|
|upkeep
|turn|9
|inactive|niloswan has 120 seconds left.
|
|t:|1757857561
|switch|p2a: Great Tusk|Great Tusk|88/100
|-damage|p2a: Great Tusk|76/100|[from] Spikes
|move|p1a: Dragonite|Dragon Dance|p1a: Dragonite
|-boost|p1a: Dragonite|atk|1
|-boost|p1a: Dragonite|spe|1
|
|upkeep
|turn|10
|
|t:|1757857581
|move|p1a: Dragonite|Outrage|p2a: Great Tusk
|-damage|p2a: Great Tusk|0 fnt
|faint|p2a: Great Tusk
|-end|p2a: Great Tusk|Protosynthesis|[silent]
|
|upkeep
|
|t:|1757857586
|switch|p2a: Iron Valiant|Iron Valiant|100/100
|-damage|p2a: Iron Valiant|88/100|[from] Spikes
|-enditem|p2a: Iron Valiant|Booster Energy
|-activate|p2a: Iron Valiant|ability: Quark Drive|[fromitem]
|-start|p2a: Iron Valiant|quarkdrivespe
|turn|11
|
|t:|1757857596
|move|p2a: Iron Valiant|Swords Dance|p2a: Iron Valiant
|-boost|p2a: Iron Valiant|atk|2
|move|p1a: Dragonite|Outrage|p2a: Iron Valiant|[from] lockedmove
|-immune|p2a: Iron Valiant
|-start|p1a: Dragonite|confusion|[fatigue]
|
|upkeep
|turn|12
|inactive|lightcreater127 has 120 seconds left.
|
|t:|1757857626
|-terastallize|p1a: Dragonite|Normal
|-activate|p1a: Dragonite|confusion
|move|p1a: Dragonite|Extreme Speed|p2a: Iron Valiant
|-damage|p2a: Iron Valiant|0 fnt
|faint|p2a: Iron Valiant
|-end|p2a: Iron Valiant|Quark Drive|[silent]
|
|upkeep
|
|t:|1757857635
|switch|p2a: Sinistcha|Sinistcha|100/100
|-damage|p2a: Sinistcha|88/100|[from] Spikes
|turn|13
|
|t:|1757857642
|-activate|p1a: Dragonite|confusion
|move|p1a: Dragonite|Outrage|p2a: Sinistcha
|-damage|p2a: Sinistcha|20/100
|move|p2a: Sinistcha|Strength Sap|p1a: Dragonite
|-unboost|p1a: Dragonite|atk|1
|-heal|p2a: Sinistcha|100/100
|
|upkeep
|turn|14
|
|t:|1757857653
|-activate|p1a: Dragonite|confusion
|move|p1a: Dragonite|Outrage|p2a: Sinistcha|[from] lockedmove
|-damage|p2a: Sinistcha|50/100
|move|p2a: Sinistcha|Calm Mind|p2a: Sinistcha
|-boost|p2a: Sinistcha|spa|1
|-boost|p2a: Sinistcha|spd|1
|
|-heal|p2a: Sinistcha|56/100|[from] item: Leftovers
|upkeep
|turn|15
|inactive|lightcreater127 has 120 seconds left.
|
|t:|1757857662
|-end|p1a: Dragonite|confusion
|move|p1a: Dragonite|Outrage|p2a: Sinistcha
|-damage|p2a: Sinistcha|12/100
|move|p2a: Sinistcha|Strength Sap|p1a: Dragonite
|-unboost|p1a: Dragonite|atk|1
|-heal|p2a: Sinistcha|100/100
|
|upkeep
|turn|16
|inactive|niloswan has 120 seconds left.
|inactive|lightcreater127 has 120 seconds left.
|
|t:|1757857675
|move|p1a: Dragonite|Outrage|p2a: Sinistcha|[from] lockedmove
|-damage|p2a: Sinistcha|69/100
|move|p2a: Sinistcha|Matcha Gotcha|p1a: Dragonite
|-damage|p1a: Dragonite|35/100
|-heal|p2a: Sinistcha|92/100|[from] drain|[of] p1a: Dragonite
|
|-heal|p2a: Sinistcha|98/100|[from] item: Leftovers
|upkeep
|turn|17
|inactive|niloswan has 120 seconds left.
|
|t:|1757857689
|move|p1a: Dragonite|Outrage|p2a: Sinistcha|[from] lockedmove
|-damage|p2a: Sinistcha|64/100
|-start|p1a: Dragonite|confusion|[fatigue]
|move|p2a: Sinistcha|Calm Mind|p2a: Sinistcha
|-boost|p2a: Sinistcha|spa|1
|-boost|p2a: Sinistcha|spd|1
|
|-heal|p2a: Sinistcha|70/100|[from] item: Leftovers
|upkeep
|turn|18
|inactive|niloswan has 120 seconds left.
|
|t:|1757857699
|switch|p1a: metal-cooler|Iron Valiant, shiny|94/100
|-damage|p1a: metal-cooler|88/100|[from] Stealth Rock
|move|p2a: Sinistcha|Strength Sap|p1a: metal-cooler
|-unboost|p1a: metal-cooler|atk|1
|-heal|p2a: Sinistcha|100/100
|
|upkeep
|turn|19
|
|t:|1757857717
|move|p1a: metal-cooler|Destiny Bond|p1a: metal-cooler
|-singlemove|p1a: metal-cooler|Destiny Bond
|move|p2a: Sinistcha|Matcha Gotcha|p1a: metal-cooler
|-damage|p1a: metal-cooler|0 fnt
|faint|p1a: metal-cooler
|-activate|p1a: metal-cooler|move: Destiny Bond
|-end|p1a: metal-cooler|Quark Drive|[silent]
|faint|p2a: Sinistcha
|
|upkeep
|c|☆niloswan|noooooooooooooo
|inactive|lightcreater127 has 120 seconds left.
|inactive|niloswan has 120 seconds left.
|
|t:|1757857738
|switch|p1a: Moltres|Moltres-Galar|100/100
|switch|p2a: Slowbro|Slowbro, F|100/100
|-damage|p1a: Moltres|76/100|[from] Stealth Rock
|-damage|p2a: Slowbro|88/100|[from] Spikes
|turn|20
|
|t:|1757857745
|move|p1a: Moltres|Fiery Wrath|p2a: Slowbro
|-supereffective|p2a: Slowbro
|-damage|p2a: Slowbro|0 fnt
|faint|p2a: Slowbro
|
|upkeep
|c|☆niloswan|gg
|c|☆lightcreater127|gg
|c|☆niloswan|cooler had me
|-message|niloswan forfeited.
|
|win|lightcreater127
|raw|lightcreater127's rating: 1515 &rarr; <strong>1535</strong><br />(+20 for winning)
|raw|niloswan's rating: 1512 &rarr; <strong>1492</strong><br />(-20 for losing)
|l|☆niloswan
|player|p2|
|l|☆lightcreater127
|player|p1|
