|j|☆SamuB
|j|‽Itswinefri
|t:|1757950683
|gametype|singles
|player|p1|SamuB|psychic|1263
|player|p2|Itswinefri|cynthia|1312
|gen|9
|tier|[Gen 9] OU
|rated|
|rule|HP Percentage Mod: HP is shown in percentages
|rule|Endless Battle Clause: Forcing endless battles is banned
|rule|Species Clause: Limit one of each Pokémon
|rule|OHKO Clause: OHKO moves are banned
|rule|Evasion Items Clause: Evasion items are banned
|rule|Evasion Moves Clause: Evasion moves are banned
|rule|Evasion Abilities Clause: Evasion abilities are banned
|rule|Sleep Moves Clause: Sleep-inducing moves are banned
|clearpoke
|poke|p1|Staraptor, M|
|poke|p1|Dragapult, M|
|poke|p1|Zapdos|
|poke|p1|Samurott-Hisui, M|
|poke|p1|Great Tusk|
|poke|p1|Gholdengo|
|poke|p2|Hippowdon, M|
|poke|p2|Excadrill, M|
|poke|p2|Hydrapple, F|
|poke|p2|Tornadus-Therian, M|
|poke|p2|Heatran, M|
|poke|p2|Keldeo-Resolute, M|
|teampreview
|inactive|Battle timer is ON: inactive players will automatically lose when time's up. (requested by SamuB)
|
|t:|1757950698
|teamsize|p1|6
|teamsize|p2|6
|start
|switch|p1a: Great Tusk|Great Tusk|100/100
|switch|p2a: Hydrapple|Hydrapple, F|100/100
|turn|1
|
|t:|1757950704
|-end|p1a: Great Tusk|Protosynthesis|[silent]
|switch|p1a: Zapdos|Zapdos|100/100
|move|p2a: Hydrapple|Giga Drain|p1a: Zapdos
|-resisted|p1a: Zapdos
|-damage|p1a: Zapdos|80/100
|
|upkeep
|turn|2
|
|t:|1757950712
|switch|p2a: Heatran|Heatran, M, shiny|100/100
|move|p1a: Zapdos|Hurricane|p2a: Heatran|[miss]
|-miss|p1a: Zapdos|p2a: Heatran
|
|upkeep
|turn|3
|
|t:|1757950721
|move|p1a: Zapdos|Volt Switch|p2a: Heatran
|-damage|p2a: Heatran|82/100
|
|t:|1757950725
|switch|p1a: Samurott|Samurott-Hisui, M|100/100|[from] Volt Switch
|move|p2a: Heatran|Magma Storm|p1a: Samurott
|-resisted|p1a: Samurott
|-damage|p1a: Samurott|71/100
|-activate|p1a: Samurott|move: Magma Storm|[of] p2a: Heatran
|
|-heal|p2a: Heatran|88/100|[from] item: Leftovers
|-damage|p1a: Samurott|58/100|[from] move: Magma Storm|[partiallytrapped]
|upkeep
|turn|4
|
|t:|1757950737
|move|p2a: Heatran|Protect|p2a: Heatran
|-singleturn|p2a: Heatran|Protect
|move|p1a: Samurott|Flip Turn|p2a: Heatran
|-activate|p2a: Heatran|move: Protect
|
|-heal|p2a: Heatran|94/100|[from] item: Leftovers
|-damage|p1a: Samurott|46/100|[from] move: Magma Storm|[partiallytrapped]
|upkeep
|turn|5
|
|t:|1757950747
|switch|p2a: Hydrapple|Hydrapple, F|100/100
|move|p1a: Samurott|Flip Turn|p2a: Hydrapple
|-resisted|p2a: Hydrapple
|-damage|p2a: Hydrapple|96/100
|
|t:|1757950757
|switch|p1a: Staraptor|Staraptor, M|100/100|[from] Flip Turn
|-ability|p1a: Staraptor|Intimidate|boost
|-unboost|p2a: Hydrapple|atk|1
|
|upkeep
|turn|6
|
|t:|1757950764
|switch|p2a: Hippowdon|Hippowdon, M, shiny|100/100
|-weather|Sandstorm|[from] ability: Sand Stream|[of] p2a: Hippowdon
|move|p1a: Staraptor|U-turn|p2a: Hippowdon
|-damage|p2a: Hippowdon|88/100
|
|t:|1757950769
|switch|p1a: Great Tusk|Great Tusk|100/100|[from] U-turn
|
|-weather|Sandstorm|[upkeep]
|upkeep
|turn|7
|
|t:|1757950778
|move|p1a: Great Tusk|Stealth Rock|p2a: Hippowdon
|-sidestart|p2: Itswinefri|move: Stealth Rock
|move|p2a: Hippowdon|Stealth Rock|p1a: Great Tusk
|-sidestart|p1: SamuB|move: Stealth Rock
|
|-weather|Sandstorm|[upkeep]
|upkeep
|turn|8
|
|t:|1757950784
|move|p1a: Great Tusk|Knock Off|p2a: Hippowdon
|-damage|p2a: Hippowdon|74/100
|-enditem|p2a: Hippowdon|Smooth Rock|[from] move: Knock Off|[of] p1a: Great Tusk
|move|p2a: Hippowdon|Whirlwind|p1a: Great Tusk
|-end|p1a: Great Tusk|Protosynthesis|[silent]
|drag|p1a: Zapdos|Zapdos|80/100
|
|-weather|Sandstorm|[upkeep]
|-damage|p1a: Zapdos|74/100|[from] Sandstorm
|upkeep
|turn|9
|
|t:|1757950794
|switch|p2a: Heatran|Heatran, M, shiny|94/100
|-damage|p2a: Heatran|82/100|[from] Stealth Rock
|move|p1a: Zapdos|Roost|p1a: Zapdos
|-heal|p1a: Zapdos|100/100
|-singleturn|p1a: Zapdos|move: Roost
|
|-weather|Sandstorm|[upkeep]
|-damage|p1a: Zapdos|94/100|[from] Sandstorm
|-heal|p2a: Heatran|88/100|[from] item: Leftovers
|upkeep
|turn|10
|
|t:|1757950806
|move|p1a: Zapdos|Volt Switch|p2a: Heatran
|-damage|p2a: Heatran|71/100
|
|t:|1757950811
|switch|p1a: Dragapult|Dragapult, M|100/100|[from] Volt Switch
|move|p2a: Heatran|Magma Storm|p1a: Dragapult|[miss]
|-miss|p2a: Heatran|p1a: Dragapult
|
|-weather|Sandstorm|[upkeep]
|-damage|p1a: Dragapult|95/100|[from] Sandstorm
|-heal|p2a: Heatran|77/100|[from] item: Leftovers
|upkeep
|turn|11
|
|t:|1757950821
|move|p1a: Dragapult|Hex|p2a: Heatran
|-damage|p2a: Heatran|61/100
|move|p2a: Heatran|Magma Storm|p1a: Dragapult
|-resisted|p1a: Dragapult
|-damage|p1a: Dragapult|62/100
|-activate|p1a: Dragapult|move: Magma Storm|[of] p2a: Heatran
|
|-weather|Sandstorm|[upkeep]
|-damage|p1a: Dragapult|56/100|[from] Sandstorm
|-heal|p2a: Heatran|67/100|[from] item: Leftovers
|-damage|p1a: Dragapult|44/100|[from] move: Magma Storm|[partiallytrapped]
|upkeep
|turn|12
|
|t:|1757950832
|move|p2a: Heatran|Protect|p2a: Heatran
|-singleturn|p2a: Heatran|Protect
|move|p1a: Dragapult|U-turn|p2a: Heatran
|-activate|p2a: Heatran|move: Protect
|
|-weather|Sandstorm|[upkeep]
|-damage|p1a: Dragapult|38/100|[from] Sandstorm
|-heal|p2a: Heatran|73/100|[from] item: Leftovers
|-damage|p1a: Dragapult|25/100|[from] move: Magma Storm|[partiallytrapped]
|upkeep
|turn|13
|
|t:|1757950842
|move|p1a: Dragapult|U-turn|p2a: Heatran
|-resisted|p2a: Heatran
|-damage|p2a: Heatran|69/100
|c|☆SamuB|annoying set
|
|t:|1757950849
|switch|p1a: Great Tusk|Great Tusk|100/100|[from] U-turn
|-damage|p1a: Great Tusk|97/100|[from] Stealth Rock
|move|p2a: Heatran|Magma Storm|p1a: Great Tusk
|-damage|p1a: Great Tusk|36/100
|-activate|p1a: Great Tusk|move: Magma Storm|[of] p2a: Heatran
|
|-weather|none
|-heal|p2a: Heatran|76/100|[from] item: Leftovers
|-damage|p1a: Great Tusk|24/100|[from] move: Magma Storm|[partiallytrapped]
|upkeep
|turn|14
|
|t:|1757950860
|move|p2a: Heatran|Protect|p2a: Heatran
|-singleturn|p2a: Heatran|Protect
|move|p1a: Great Tusk|Headlong Rush|p2a: Heatran
|-activate|p2a: Heatran|move: Protect
|
|-heal|p2a: Heatran|82/100|[from] item: Leftovers
|-damage|p1a: Great Tusk|11/100|[from] move: Magma Storm|[partiallytrapped]
|upkeep
|turn|15
|
|t:|1757950870
|switch|p2a: Tornadus|Tornadus-Therian, M, shiny|100/100
|-damage|p2a: Tornadus|76/100|[from] Stealth Rock
|move|p1a: Great Tusk|Ice Spinner|p2a: Tornadus
|-supereffective|p2a: Tornadus
|-damage|p2a: Tornadus|20/100
|
|-end|p1a: Great Tusk|Magma Storm|[partiallytrapped]|[silent]
|upkeep
|turn|16
|
|t:|1757950879
|-end|p1a: Great Tusk|Protosynthesis|[silent]
|switch|p1a: Zapdos|Zapdos|94/100
|move|p2a: Tornadus|Hurricane|p1a: Zapdos
|-resisted|p1a: Zapdos
|-damage|p1a: Zapdos|74/100
|
|upkeep
|turn|17
|
|t:|1757950888
|switch|p2a: Heatran|Heatran, M, shiny|82/100
|-damage|p2a: Heatran|69/100|[from] Stealth Rock
|move|p1a: Zapdos|Heat Wave|p2a: Heatran
|-start|p2a: Heatran|ability: Flash Fire
|
|-heal|p2a: Heatran|76/100|[from] item: Leftovers
|upkeep
|turn|18
|n|!SamuB|samub
|
|t:|1757950898
|move|p1a: Zapdos|Hurricane|p2a: Heatran|[miss]
|-miss|p1a: Zapdos|p2a: Heatran
|move|p2a: Heatran|Magma Storm|p1a: Zapdos
|-damage|p1a: Zapdos|14/100
|-activate|p1a: Zapdos|move: Magma Storm|[of] p2a: Heatran
|
|-heal|p2a: Heatran|82/100|[from] item: Leftovers
|-damage|p1a: Zapdos|1/100|[from] move: Magma Storm|[partiallytrapped]
|upkeep
|turn|19
|
|t:|1757950908
|move|p1a: Zapdos|Roost|p1a: Zapdos
|-heal|p1a: Zapdos|51/100
|-singleturn|p1a: Zapdos|move: Roost
|move|p2a: Heatran|Earth Power|p1a: Zapdos
|-supereffective|p1a: Zapdos
|-damage|p1a: Zapdos|3/100
|
|-heal|p2a: Heatran|88/100|[from] item: Leftovers
|-damage|p1a: Zapdos|0 fnt|[from] move: Magma Storm|[partiallytrapped]
|faint|p1a: Zapdos
|upkeep
|
|t:|1757950918
|switch|p1a: Gholdengo|Gholdengo|100/100
|-damage|p1a: Gholdengo|94/100|[from] Stealth Rock
|turn|20
|
|t:|1757950923
|move|p2a: Heatran|Protect|p2a: Heatran
|-singleturn|p2a: Heatran|Protect
|move|p1a: Gholdengo|Trick|p2a: Heatran
|-activate|p2a: Heatran|move: Protect
|
|-heal|p2a: Heatran|94/100|[from] item: Leftovers
|upkeep
|turn|21
|
|t:|1757950938
|switch|p1a: Samurott|Samurott-Hisui, M|46/100
|-damage|p1a: Samurott|33/100|[from] Stealth Rock
|-end|p2a: Heatran|ability: Flash Fire|[silent]
|switch|p2a: Keldeo|Keldeo-Resolute, M|100/100
|-damage|p2a: Keldeo|94/100|[from] Stealth Rock
|
|upkeep
|turn|22
|
|t:|1757950947
|move|p1a: Samurott|Ceaseless Edge|p2a: Keldeo
|-resisted|p2a: Keldeo
|-damage|p2a: Keldeo|68/100
|-ability|p2a: Keldeo|Justified|boost
|-boost|p2a: Keldeo|atk|1
|-sidestart|p2: Itswinefri|Spikes
|move|p2a: Keldeo|Secret Sword|p1a: Samurott
|-supereffective|p1a: Samurott
|-damage|p1a: Samurott|0 fnt
|faint|p1a: Samurott
|
|upkeep
|
|t:|1757950955
|switch|p1a: Dragapult|Dragapult, M|25/100
|turn|23
|
|t:|1757950960
|switch|p2a: Heatran|Heatran, M, shiny|94/100
|-damage|p2a: Heatran|82/100|[from] Stealth Rock
|-damage|p2a: Heatran|69/100|[from] Spikes
|move|p1a: Dragapult|U-turn|p2a: Heatran
|-resisted|p2a: Heatran
|-damage|p2a: Heatran|66/100
|
|t:|1757950963
|switch|p1a: Great Tusk|Great Tusk|11/100|[from] U-turn
|-damage|p1a: Great Tusk|8/100|[from] Stealth Rock
|
|-heal|p2a: Heatran|72/100|[from] item: Leftovers
|upkeep
|turn|24
|
|t:|1757950973
|move|p1a: Great Tusk|Headlong Rush|p2a: Heatran
|-supereffective|p2a: Heatran
|-damage|p2a: Heatran|0 fnt
|-unboost|p1a: Great Tusk|def|1
|-unboost|p1a: Great Tusk|spd|1
|faint|p2a: Heatran
|
|upkeep
|
|t:|1757950983
|switch|p2a: Keldeo|Keldeo-Resolute, M|68/100
|-damage|p2a: Keldeo|62/100|[from] Stealth Rock
|-damage|p2a: Keldeo|49/100|[from] Spikes
|turn|25
|
|t:|1757950999
|move|p2a: Keldeo|Hydro Pump|p1a: Great Tusk
|-supereffective|p1a: Great Tusk
|-damage|p1a: Great Tusk|0 fnt
|faint|p1a: Great Tusk
|-end|p1a: Great Tusk|Protosynthesis|[silent]
|
|upkeep
|
|t:|1757951002
|switch|p1a: Dragapult|Dragapult, M|25/100
|turn|26
|
|t:|1757951011
|move|p1a: Dragapult|Dragon Darts|p2a: Keldeo
|-damage|p2a: Keldeo|24/100
|-anim|p1a: Dragapult|Dragon Darts|p2a: Keldeo
|-damage|p2a: Keldeo|1/100
|move|p2a: Keldeo|Hydro Pump|p1a: Dragapult
|-resisted|p1a: Dragapult
|-damage|p1a: Dragapult|0 fnt
|faint|p1a: Dragapult
|
|upkeep
|
|t:|1757951029
|switch|p1a: Staraptor|Staraptor, M|100/100
|-ability|p1a: Staraptor|Intimidate|boost
|-unboost|p2a: Keldeo|atk|1
|turn|27
|
|t:|1757951033
|move|p1a: Staraptor|Quick Attack|p2a: Keldeo
|-damage|p2a: Keldeo|0 fnt
|faint|p2a: Keldeo
|
|upkeep
|
|t:|1757951043
|switch|p2a: Excadrill|Excadrill, M, shiny|100/100
|-damage|p2a: Excadrill|97/100|[from] Stealth Rock
|-damage|p2a: Excadrill|85/100|[from] Spikes
|turn|28
|
|t:|1757951049
|move|p1a: Staraptor|Close Combat|p2a: Excadrill
|-supereffective|p2a: Excadrill
|-damage|p2a: Excadrill|0 fnt
|-unboost|p1a: Staraptor|def|1
|-unboost|p1a: Staraptor|spd|1
|faint|p2a: Excadrill
|
|upkeep
|
|t:|1757951056
|switch|p2a: Hippowdon|Hippowdon, M, shiny|74/100
|-damage|p2a: Hippowdon|68/100|[from] Stealth Rock
|-damage|p2a: Hippowdon|55/100|[from] Spikes
|-weather|Sandstorm|[from] ability: Sand Stream|[of] p2a: Hippowdon
|turn|29
|
|t:|1757951062
|move|p1a: Staraptor|Brave Bird|p2a: Hippowdon
|-crit|p2a: Hippowdon
|-damage|p2a: Hippowdon|8/100
|-damage|p1a: Staraptor|79/100|[from] Recoil
|move|p2a: Hippowdon|Slack Off|p2a: Hippowdon
|-heal|p2a: Hippowdon|58/100
|
|-weather|Sandstorm|[upkeep]
|-damage|p1a: Staraptor|73/100|[from] Sandstorm
|upkeep
|turn|30
|
|t:|1757951072
|move|p1a: Staraptor|U-turn|p2a: Hippowdon
|-damage|p2a: Hippowdon|46/100
|
|t:|1757951074
|switch|p1a: Gholdengo|Gholdengo|94/100|[from] U-turn
|-damage|p1a: Gholdengo|88/100|[from] Stealth Rock
|move|p2a: Hippowdon|Slack Off|p2a: Hippowdon
|-heal|p2a: Hippowdon|96/100
|
|-weather|Sandstorm|[upkeep]
|upkeep
|turn|31
|
|t:|1757951083
|switch|p2a: Tornadus|Tornadus-Therian, M, shiny|53/100
|-damage|p2a: Tornadus|28/100|[from] Stealth Rock
|-terastallize|p1a: Gholdengo|Fighting
|move|p1a: Gholdengo|Shadow Ball|p2a: Tornadus
|-damage|p2a: Tornadus|0 fnt
|faint|p2a: Tornadus
|
|-weather|Sandstorm|[upkeep]
|-damage|p1a: Gholdengo|82/100|[from] Sandstorm
|upkeep
|
|t:|1757951096
|switch|p2a: Hydrapple|Hydrapple, F|100/100
|turn|32
|
|t:|1757951100
|move|p1a: Gholdengo|Shadow Ball|p2a: Hydrapple
|-damage|p2a: Hydrapple|43/100
|move|p2a: Hydrapple|Nasty Plot|p2a: Hydrapple
|-boost|p2a: Hydrapple|spa|2
|
|-weather|Sandstorm|[upkeep]
|-damage|p1a: Gholdengo|76/100|[from] Sandstorm
|-damage|p2a: Hydrapple|37/100|[from] Sandstorm
|upkeep
|turn|33
|
|t:|1757951109
|switch|p2a: Hippowdon|Hippowdon, M, shiny|96/100
|-damage|p2a: Hippowdon|90/100|[from] Stealth Rock
|-damage|p2a: Hippowdon|77/100|[from] Spikes
|move|p1a: Gholdengo|Shadow Ball|p2a: Hippowdon
|-damage|p2a: Hippowdon|10/100
|
|-weather|none
|upkeep
|turn|34
|
|t:|1757951119
|move|p1a: Gholdengo|Shadow Ball|p2a: Hippowdon
|-damage|p2a: Hippowdon|0 fnt
|faint|p2a: Hippowdon
|
|upkeep
|
|t:|1757951124
|switch|p2a: Hydrapple|Hydrapple, F|70/100
|turn|35
|
|t:|1757951127
|move|p1a: Gholdengo|Shadow Ball|p2a: Hydrapple
|-damage|p2a: Hydrapple|9/100
|-unboost|p2a: Hydrapple|spd|1
|move|p2a: Hydrapple|Giga Drain|p1a: Gholdengo
|-damage|p1a: Gholdengo|27/100
|-heal|p2a: Hydrapple|28/100|[from] drain|[of] p1a: Gholdengo
|
|upkeep
|turn|36
|l|‽Itswinefri
|inactive|Itswinefri disconnected and has a minute to reconnect!
|player|p2|
|inactive|Itswinefri has 30 seconds to reconnect!
|inactive|Itswinefri has 20 seconds to reconnect!
|inactive|Itswinefri has 15 seconds to reconnect!
|inactive|Itswinefri has 10 seconds to reconnect!
|inactive|Itswinefri has 5 seconds to reconnect!
|-message|Itswinefri lost due to inactivity.
|
|win|SamuB
