|j|☆sumatra1234
|j|☆Poke Chenn
|t:|1757942503
|gametype|singles
|player|p1|sumatra1234|266|1064
|player|p2|Poke Chenn|dawn|1062
|gen|9
|tier|[Gen 9] OU
|rated|
|rule|HP Percentage Mod: HP is shown in percentages
|rule|Endless Battle Clause: Forcing endless battles is banned
|rule|Species Clause: Limit one of each Pokémon
|rule|OHKO Clause: OHKO moves are banned
|rule|Evasion Items Clause: Evasion items are banned
|rule|Evasion Moves Clause: Evasion moves are banned
|rule|Evasion Abilities Clause: Evasion abilities are banned
|rule|Sleep Moves Clause: Sleep-inducing moves are banned
|clearpoke
|poke|p1|Dragonite, M|
|poke|p1|Darkrai|
|poke|p1|Ninetales-Alola, F|
|poke|p1|Blastoise, M|
|poke|p1|Rotom|
|poke|p1|Bulbasaur, M|
|poke|p2|Dragonite, M|
|poke|p2|Gholdengo|
|poke|p2|Weavile, M|
|poke|p2|Gliscor, M|
|poke|p2|Pecharunt|
|poke|p2|Mimikyu, M|
|teampreview
|inactive|Battle timer is ON: inactive players will automatically lose when time's up. (requested by Poke Chenn)
|
|t:|1757942523
|teamsize|p1|6
|teamsize|p2|6
|start
|switch|p1a: Rotom|Rotom|100/100
|switch|p2a: Weavile|Weavile, M|100/100
|-ability|p2a: Weavile|Pressure
|turn|1
|
|t:|1757942543
|-terastallize|p1a: Rotom|Electric
|move|p2a: Weavile|Knock Off|p1a: Rotom
|-damage|p1a: Rotom|10/100
|-enditem|p1a: Rotom|Leftovers|[from] move: Knock Off|[of] p2a: Weavile
|-damage|p2a: Weavile|91/100|[from] item: Life Orb
|move|p1a: Rotom|Discharge|p2a: Weavile
|-damage|p2a: Weavile|39/100
|
|upkeep
|turn|2
|
|t:|1757942565
|move|p2a: Weavile|Ice Shard|p1a: Rotom
|-damage|p1a: Rotom|0 fnt
|faint|p1a: Rotom
|-damage|p2a: Weavile|29/100|[from] item: Life Orb
|
|upkeep
|
|t:|1757942571
|switch|p1a: Dragonite|Dragonite, M|100/100
|-item|p1a: Dragonite|Air Balloon
|turn|3
|
|t:|1757942592
|move|p2a: Weavile|Triple Axel|p1a: Dragonite
|-supereffective|p1a: Dragonite
|-damage|p1a: Dragonite|49/100
|-enditem|p1a: Dragonite|Air Balloon
|-supereffective|p1a: Dragonite
|-damage|p1a: Dragonite|0 fnt
|faint|p1a: Dragonite
|-hitcount|p1: Dragonite|2
|-damage|p2a: Weavile|19/100|[from] item: Life Orb
|
|upkeep
|
|t:|1757942609
|switch|p1a: Darkrai|Darkrai|100/100
|turn|4
|
|t:|1757942619
|move|p2a: Weavile|Brick Break|p1a: Darkrai
|-supereffective|p1a: Darkrai
|-damage|p1a: Darkrai|20/100
|-damage|p2a: Weavile|9/100|[from] item: Life Orb
|move|p1a: Darkrai|Knock Off|p2a: Weavile
|-resisted|p2a: Weavile
|-damage|p2a: Weavile|0 fnt
|-enditem|p2a: Weavile|Life Orb|[from] move: Knock Off|[of] p1a: Darkrai
|faint|p2a: Weavile
|
|upkeep
|
|t:|1757942633
|switch|p2a: Pecharunt|Pecharunt|100/100
|turn|5
|
|t:|1757942640
|move|p1a: Darkrai|Drain Punch|p2a: Pecharunt
|-immune|p2a: Pecharunt
|move|p2a: Pecharunt|Malignant Chain|p1a: Darkrai
|-damage|p1a: Darkrai|0 fnt
|faint|p1a: Darkrai
|
|upkeep
|
|t:|1757942650
|switch|p1a: Blastoise|Blastoise, M|100/100
|turn|6
|
|t:|1757942660
|move|p1a: Blastoise|Dragon Pulse|p2a: Pecharunt
|-damage|p2a: Pecharunt|87/100
|move|p2a: Pecharunt|Malignant Chain|p1a: Blastoise
|-damage|p1a: Blastoise|71/100
|-status|p1a: Blastoise|tox
|-start|p1a: Blastoise|confusion|[from] ability: Poison Puppeteer|[of] p2a: Pecharunt
|
|-heal|p2a: Pecharunt|93/100|[from] item: Leftovers
|-damage|p1a: Blastoise|65/100 tox|[from] psn
|upkeep
|turn|7
|
|t:|1757942674
|-activate|p1a: Blastoise|confusion
|-damage|p1a: Blastoise|56/100 tox|[from] confusion
|move|p2a: Pecharunt|Malignant Chain|p1a: Blastoise
|-damage|p1a: Blastoise|26/100 tox
|
|-heal|p2a: Pecharunt|99/100|[from] item: Leftovers
|-damage|p1a: Blastoise|14/100 tox|[from] psn
|upkeep
|turn|8
|
|t:|1757942688
|-end|p1a: Blastoise|confusion
|move|p1a: Blastoise|Hydro Pump|p2a: Pecharunt
|-damage|p2a: Pecharunt|58/100
|move|p2a: Pecharunt|Malignant Chain|p1a: Blastoise
|-damage|p1a: Blastoise|0 fnt
|faint|p1a: Blastoise
|
|-heal|p2a: Pecharunt|64/100|[from] item: Leftovers
|upkeep
|
|t:|1757942700
|switch|p1a: Bulbasaur|Bulbasaur, M|100/100
|turn|9
|
|t:|1757942708
|move|p1a: Bulbasaur|Protect|p1a: Bulbasaur
|-singleturn|p1a: Bulbasaur|Protect
|move|p2a: Pecharunt|Malignant Chain|p1a: Bulbasaur
|-activate|p1a: Bulbasaur|move: Protect
|
|-heal|p2a: Pecharunt|70/100|[from] item: Leftovers
|upkeep
|turn|10
|
|t:|1757942720
|move|p2a: Pecharunt|Malignant Chain|p1a: Bulbasaur
|-damage|p1a: Bulbasaur|64/100
|move|p1a: Bulbasaur|Leaf Storm|p2a: Pecharunt|[miss]
|-miss|p1a: Bulbasaur|p2a: Pecharunt
|
|-heal|p2a: Pecharunt|76/100|[from] item: Leftovers
|upkeep
|turn|11
|
|t:|1757942729
|move|p2a: Pecharunt|Malignant Chain|p1a: Bulbasaur
|-damage|p1a: Bulbasaur|29/100
|move|p1a: Bulbasaur|Leech Seed|p2a: Pecharunt|[miss]
|-miss|p1a: Bulbasaur|p2a: Pecharunt
|
|-heal|p2a: Pecharunt|82/100|[from] item: Leftovers
|upkeep
|turn|12
|
|t:|1757942738
|move|p2a: Pecharunt|Malignant Chain|p1a: Bulbasaur
|-damage|p1a: Bulbasaur|0 fnt
|faint|p1a: Bulbasaur
|
|-heal|p2a: Pecharunt|88/100|[from] item: Leftovers
|upkeep
|
|t:|1757942744
|switch|p1a: Ninetales|Ninetales-Alola, F|100/100
|-weather|Snowscape|[from] ability: Snow Warning|[of] p1a: Ninetales
|turn|13
|
|t:|1757942751
|move|p1a: Ninetales|Psyshock|p2a: Pecharunt
|-supereffective|p2a: Pecharunt
|-damage|p2a: Pecharunt|68/100
|move|p2a: Pecharunt|Parting Shot|p1a: Ninetales
|-unboost|p1a: Ninetales|atk|1
|-unboost|p1a: Ninetales|spa|1
|
|t:|1757942762
|switch|p2a: Gliscor|Gliscor, M, shiny|100/100|[from] Parting Shot
|
|-weather|Snowscape|[upkeep]
|-status|p2a: Gliscor|tox|[from] item: Toxic Orb
|upkeep
|turn|14
|
|t:|1757942769
|move|p2a: Gliscor|Earthquake|p1a: Ninetales
|-damage|p1a: Ninetales|60/100
|move|p1a: Ninetales|Draining Kiss|p2a: Gliscor
|-crit|p2a: Gliscor
|-damage|p2a: Gliscor|66/100 tox
|-heal|p1a: Ninetales|84/100|[from] drain|[of] p2a: Gliscor
|
|-weather|Snowscape|[upkeep]
|-heal|p2a: Gliscor|79/100 tox|[from] ability: Poison Heal
|upkeep
|turn|15
|
|t:|1757942784
|move|p2a: Gliscor|Earthquake|p1a: Ninetales
|-damage|p1a: Ninetales|43/100
|move|p1a: Ninetales|Blizzard|p2a: Gliscor
|-supereffective|p2a: Gliscor
|-damage|p2a: Gliscor|0 fnt
|faint|p2a: Gliscor
|
|-weather|Snowscape|[upkeep]
|upkeep
|
|t:|1757942795
|switch|p2a: Gholdengo|Gholdengo|100/100
|turn|16
|
|t:|1757942800
|move|p1a: Ninetales|Protect|p1a: Ninetales
|-singleturn|p1a: Ninetales|Protect
|move|p2a: Gholdengo|Make It Rain|p1a: Ninetales
|-activate|p1a: Ninetales|move: Protect
|
|-weather|Snowscape|[upkeep]
|upkeep
|turn|17
|
|t:|1757942809
|move|p2a: Gholdengo|Make It Rain|p1a: Ninetales
|-supereffective|p1a: Ninetales
|-damage|p1a: Ninetales|0 fnt
|-unboost|p2a: Gholdengo|spa|1
|faint|p1a: Ninetales
|
|win|Poke Chenn
|raw|sumatra1234's rating: 1064 &rarr; <strong>1044</strong><br />(-20 for losing)
|raw|Poke Chenn's rating: 1062 &rarr; <strong>1093</strong><br />(+31 for winning)
|l|☆sumatra1234
|player|p1|
