|j|☆driderwebs
|j|☆overheat xyz
|t:|1757825859
|gametype|singles
|player|p1|driderwebs|1|1603
|player|p2|overheat xyz|170|1645
|gen|9
|tier|[Gen 9] OU
|rated|
|rule|HP Percentage Mod: HP is shown in percentages
|rule|Endless Battle Clause: Forcing endless battles is banned
|rule|Species Clause: Limit one of each Pokémon
|rule|OHKO Clause: OHKO moves are banned
|rule|Evasion Items Clause: Evasion items are banned
|rule|Evasion Moves Clause: Evasion moves are banned
|rule|Evasion Abilities Clause: Evasion abilities are banned
|rule|Sleep Moves Clause: Sleep-inducing moves are banned
|clearpoke
|poke|p1|Iron Valiant|
|poke|p1|Garganacl, M|
|poke|p1|Moltres|
|poke|p1|Iron Treads|
|poke|p1|Meowscarada, M|
|poke|p1|Araquanid, M|
|poke|p2|Kingambit, F|
|poke|p2|Garganacl, M|
|poke|p2|Rillaboom, M|
|poke|p2|Hatterene, F|
|poke|p2|Dragapult, F|
|poke|p2|Corviknight, M|
|teampreview
|
|t:|1757825865
|teamsize|p1|6
|teamsize|p2|6
|start
|switch|p1a: Meowscarada|Meowscarada, M|100/100
|switch|p2a: Dragapult|Dragapult, F|100/100
|turn|1
|
|t:|1757825872
|switch|p2a: Corviknight|Corviknight, M|100/100
|-ability|p2a: Corviknight|Pressure
|switch|p1a: Garganacl|Garganacl, M|100/100
|
|upkeep
|turn|2
|
|t:|1757825876
|switch|p2a: Garganacl|Garganacl, M|100/100
|move|p1a: Garganacl|Salt Cure|p2a: Garganacl
|-damage|p2a: Garganacl|92/100
|-start|p2a: Garganacl|Salt Cure
|
|-heal|p2a: Garganacl|98/100|[from] item: Leftovers
|-damage|p2a: Garganacl|85/100|[from] Salt Cure
|upkeep
|turn|3
|
|t:|1757825880
|move|p1a: Garganacl|Body Press|p2a: Garganacl
|-supereffective|p2a: Garganacl
|-damage|p2a: Garganacl|46/100
|move|p2a: Garganacl|Stealth Rock|p1a: Garganacl
|-sidestart|p1: driderwebs|move: Stealth Rock
|
|-heal|p2a: Garganacl|52/100|[from] item: Leftovers
|-damage|p2a: Garganacl|40/100|[from] Salt Cure
|upkeep
|turn|4
|
|t:|1757825888
|switch|p2a: Hatterene|Hatterene, F|100/100
|move|p1a: Garganacl|Body Press|p2a: Hatterene
|-resisted|p2a: Hatterene
|-damage|p2a: Hatterene|92/100
|
|upkeep
|turn|5
|
|t:|1757825898
|switch|p1a: Araquanid|Araquanid, M|100/100
|-damage|p1a: Araquanid|76/100|[from] Stealth Rock
|move|p2a: Hatterene|Psychic Noise|p1a: Araquanid
|-damage|p1a: Araquanid|53/100
|-start|p1a: Araquanid|move: Heal Block
|
|upkeep
|turn|6
|
|t:|1757825912
|switch|p2a: Corviknight|Corviknight, M|100/100
|-ability|p2a: Corviknight|Pressure
|move|p1a: Araquanid|Liquidation|p2a: Corviknight
|-damage|p2a: Corviknight|61/100
|-damage|p1a: Araquanid|37/100|[from] item: Rocky Helmet|[of] p2a: Corviknight
|
|-end|p1a: Araquanid|move: Heal Block
|upkeep
|turn|7
|
|t:|1757825917
|switch|p2a: Hatterene|Hatterene, F|92/100
|switch|p1a: Moltres|Moltres|100/100
|
|upkeep
|turn|8
|
|t:|1757825924
|move|p1a: Moltres|Flamethrower|p2a: Hatterene
|-damage|p2a: Hatterene|58/100
|-status|p2a: Hatterene|brn
|move|p2a: Hatterene|Nuzzle|p1a: Moltres
|-supereffective|p1a: Moltres
|-damage|p1a: Moltres|97/100
|-status|p1a: Moltres|par
|
|-damage|p2a: Hatterene|52/100 brn|[from] brn
|upkeep
|turn|9
|
|t:|1757825936
|move|p1a: Moltres|Hurricane|p2a: Hatterene|[miss]
|-miss|p1a: Moltres|p2a: Hatterene
|move|p2a: Hatterene|Psychic Noise|p1a: Moltres
|-damage|p1a: Moltres|49/100 par
|-start|p1a: Moltres|move: Heal Block
|
|-damage|p2a: Hatterene|46/100 brn|[from] brn
|upkeep
|turn|10
|
|t:|1757825942
|switch|p2a: Garganacl|Garganacl, M|40/100
|move|p1a: Moltres|Hurricane|p2a: Garganacl
|-resisted|p2a: Garganacl
|-damage|p2a: Garganacl|20/100
|
|-heal|p2a: Garganacl|26/100|[from] item: Leftovers
|-end|p1a: Moltres|move: Heal Block
|upkeep
|turn|11
|
|t:|1757825949
|move|p1a: Moltres|Hurricane|p2a: Garganacl|[miss]
|-miss|p1a: Moltres|p2a: Garganacl
|move|p2a: Garganacl|Recover|p2a: Garganacl
|-heal|p2a: Garganacl|76/100
|
|-heal|p2a: Garganacl|83/100|[from] item: Leftovers
|upkeep
|turn|12
|
|t:|1757825953
|move|p1a: Moltres|U-turn|p2a: Garganacl
|-damage|p2a: Garganacl|73/100
|
|t:|1757825957
|switch|p1a: Meowscarada|Meowscarada, M|100/100|[from] U-turn
|-damage|p1a: Meowscarada|88/100|[from] Stealth Rock
|move|p2a: Garganacl|Salt Cure|p1a: Meowscarada
|-damage|p1a: Meowscarada|68/100
|-start|p1a: Meowscarada|Salt Cure
|
|-heal|p2a: Garganacl|79/100|[from] item: Leftovers
|-damage|p1a: Meowscarada|55/100|[from] Salt Cure
|upkeep
|turn|13
|
|t:|1757825961
|move|p2a: Garganacl|Protect|p2a: Garganacl
|-singleturn|p2a: Garganacl|Protect
|move|p1a: Meowscarada|Knock Off|p2a: Garganacl
|-start|p1a: Meowscarada|typechange|Dark|[from] ability: Protean
|-activate|p2a: Garganacl|move: Protect
|
|-heal|p2a: Garganacl|86/100|[from] item: Leftovers
|-damage|p1a: Meowscarada|43/100|[from] Salt Cure
|upkeep
|turn|14
|
|t:|1757825969
|switch|p2a: Kingambit|Kingambit, F|100/100
|move|p1a: Meowscarada|Knock Off|p2a: Kingambit
|-resisted|p2a: Kingambit
|-damage|p2a: Kingambit|74/100
|-enditem|p2a: Kingambit|Grassy Seed|[from] move: Knock Off|[of] p1a: Meowscarada
|
|-damage|p1a: Meowscarada|31/100|[from] Salt Cure
|upkeep
|turn|15
|
|t:|1757825982
|switch|p1a: Moltres|Moltres|49/100 par
|move|p2a: Kingambit|Sucker Punch||[still]
|-fail|p2a: Kingambit
|
|upkeep
|turn|16
|
|t:|1757825987
|-end|p2a: Kingambit|fallenundefined|[silent]
|switch|p2a: Garganacl|Garganacl, M|86/100
|cant|p1a: Moltres|par
|
|-heal|p2a: Garganacl|92/100|[from] item: Leftovers
|upkeep
|turn|17
|
|t:|1757825992
|move|p1a: Moltres|U-turn|p2a: Garganacl
|-damage|p2a: Garganacl|82/100
|inactive|Battle timer is ON: inactive players will automatically lose when time's up. (requested by overheat xyz)
|
|t:|1757826004
|switch|p1a: Iron Treads|Iron Treads|100/100|[from] U-turn
|move|p2a: Garganacl|Salt Cure|p1a: Iron Treads
|-resisted|p1a: Iron Treads
|-damage|p1a: Iron Treads|97/100
|-start|p1a: Iron Treads|Salt Cure
|
|-heal|p2a: Garganacl|88/100|[from] item: Leftovers
|-damage|p1a: Iron Treads|72/100|[from] Salt Cure
|upkeep
|turn|18
|-message|driderwebs forfeited.
|
|win|overheat xyz
|raw|driderwebs's rating: 1603 &rarr; <strong>1585</strong><br />(-18 for losing)
|raw|overheat xyz's rating: 1645 &rarr; <strong>1663</strong><br />(+18 for winning)
|l|☆driderwebs
|player|p1|
