|j|☆Alligatorgolden2
|j|☆ganese
|t:|1757953512
|gametype|singles
|player|p1|Alligatorgolden2|lance|1371
|player|p2|ganese|170|1477
|gen|9
|tier|[Gen 9] OU
|rated|
|rule|HP Percentage Mod: HP is shown in percentages
|rule|Endless Battle Clause: Forcing endless battles is banned
|rule|Species Clause: Limit one of each Pokémon
|rule|OHKO Clause: OHKO moves are banned
|rule|Evasion Items Clause: Evasion items are banned
|rule|Evasion Moves Clause: Evasion moves are banned
|rule|Evasion Abilities Clause: Evasion abilities are banned
|rule|Sleep Moves Clause: Sleep-inducing moves are banned
|clearpoke
|poke|p1|Feraligatr, M|
|poke|p1|Arcanine-Hisui, M|
|poke|p1|Haxorus, M|
|poke|p1|Zoroark-Hisui, F|
|poke|p1|Great Tusk|
|poke|p1|Skeledirge, M|
|poke|p2|Ogerpon-Wellspring, F|
|poke|p2|Lokix, F|
|poke|p2|Slowking-Galar, M|
|poke|p2|Dragonite, M|
|poke|p2|Great Tusk|
|poke|p2|Heatran, F|
|teampreview
|
|t:|1757953534
|teamsize|p1|6
|teamsize|p2|6
|start
|switch|p1a: Helllcycle|Arcanine-Hisui, M|100/100
|switch|p2a: Stone Free|Ogerpon-Wellspring, F|100/100
|turn|1
|
|t:|1757953543
|switch|p2a: Tusk|Great Tusk|100/100
|move|p1a: Helllcycle|Bitter Malice|p2a: Tusk
|-damage|p2a: Tusk|50/100
|-unboost|p2a: Tusk|atk|1
|
|upkeep
|turn|2
|
|t:|1757953552
|-end|p2a: Tusk|Protosynthesis|[silent]
|switch|p2a: Speed King|Heatran, F|100/100
|move|p1a: Helllcycle|Bitter Malice|p2a: Speed King
|-damage|p2a: Speed King|76/100
|-unboost|p2a: Speed King|atk|1
|
|-heal|p2a: Speed King|82/100|[from] item: Leftovers
|upkeep
|turn|3
|
|t:|1757953566
|switch|p1a: Helllcycle|Arcanine-Hisui, M|100/100
|move|p2a: Speed King|Stealth Rock|p1a: Helllcycle
|-sidestart|p1: Alligatorgolden2|move: Stealth Rock
|
|-heal|p2a: Speed King|88/100|[from] item: Leftovers
|upkeep
|turn|4
|
|t:|1757953573
|switch|p2a: Tusk|Great Tusk|50/100
|move|p1a: Helllcycle|Head Smash|p2a: Tusk
|-resisted|p2a: Tusk
|-damage|p2a: Tusk|36/100
|-damage|p1a: Helllcycle|84/100|[from] item: Rocky Helmet|[of] p2a: Tusk
|-damage|p1a: Helllcycle|74/100|[from] item: Life Orb
|
|upkeep
|turn|5
|
|t:|1757953587
|switch|p1a: Hannibal|Great Tusk|100/100
|-damage|p1a: Hannibal|98/100|[from] Stealth Rock
|-enditem|p1a: Hannibal|Booster Energy
|-activate|p1a: Hannibal|ability: Protosynthesis|[fromitem]
|-start|p1a: Hannibal|protosynthesisatk
|move|p2a: Tusk|Close Combat|p1a: Hannibal
|-damage|p1a: Hannibal|63/100
|-unboost|p2a: Tusk|def|1
|-unboost|p2a: Tusk|spd|1
|
|upkeep
|turn|6
|
|t:|1757953607
|move|p2a: Tusk|Close Combat|p1a: Hannibal
|-damage|p1a: Hannibal|29/100
|-unboost|p2a: Tusk|def|1
|-unboost|p2a: Tusk|spd|1
|move|p1a: Hannibal|Rapid Spin|p2a: Tusk
|-damage|p2a: Tusk|6/100
|-boost|p1a: Hannibal|spe|1
|-damage|p1a: Hannibal|13/100|[from] item: Rocky Helmet|[of] p2a: Tusk
|-sideend|p1: Alligatorgolden2|Stealth Rock|[from] move: Rapid Spin|[of] p1a: Hannibal
|
|upkeep
|turn|7
|
|t:|1757953622
|move|p1a: Hannibal|Rapid Spin|p2a: Tusk
|-damage|p2a: Tusk|0 fnt
|-boost|p1a: Hannibal|spe|1
|-damage|p1a: Hannibal|0 fnt|[from] item: Rocky Helmet|[of] p2a: Tusk
|faint|p2a: Tusk
|-end|p2a: Tusk|Protosynthesis|[silent]
|faint|p1a: Hannibal
|-end|p1a: Hannibal|Protosynthesis|[silent]
|
|upkeep
|
|t:|1757953631
|switch|p2a: Stone Free|Ogerpon-Wellspring, F|100/100
|switch|p1a: Alligator|Feraligatr, M|100/100
|turn|8
|
|t:|1757953636
|move|p1a: Alligator|Bitter Malice|p2a: Stone Free
|-damage|p2a: Stone Free|57/100
|-unboost|p2a: Stone Free|atk|1
|move|p2a: Stone Free|Power Whip|p1a: Alligator
|-damage|p1a: Alligator|2/100
|replace|p1a: Bella|Zoroark-Hisui, F
|-end|p1a: Bella|Illusion
|
|upkeep
|turn|9
|
|t:|1757953647
|switch|p2a: Speed King|Heatran, F|88/100
|move|p1a: Bella|Bitter Malice|p2a: Speed King
|-damage|p2a: Speed King|64/100
|-unboost|p2a: Speed King|atk|1
|
|-heal|p2a: Speed King|71/100|[from] item: Leftovers
|upkeep
|turn|10
|
|t:|1757953669
|switch|p1a: Helllcycle|Arcanine-Hisui, M|74/100
|move|p2a: Speed King|Earth Power|p1a: Helllcycle
|-supereffective|p1a: Helllcycle
|-damage|p1a: Helllcycle|0 fnt
|faint|p1a: Helllcycle
|
|-heal|p2a: Speed King|77/100|[from] item: Leftovers
|upkeep
|
|t:|1757953681
|switch|p1a: Alligator|Feraligatr, M|100/100
|turn|11
|
|t:|1757953687
|switch|p2a: Stone Free|Ogerpon-Wellspring, F|57/100
|move|p1a: Alligator|Ice Punch|p2a: Stone Free
|-damage|p2a: Stone Free|9/100
|
|upkeep
|turn|12
|
|t:|1757953695
|move|p2a: Stone Free|Power Whip|p1a: Alligator
|-supereffective|p1a: Alligator
|-damage|p1a: Alligator|0 fnt
|faint|p1a: Alligator
|
|upkeep
|
|t:|1757953702
|switch|p1a: Skully|Skeledirge, M, shiny|100/100
|turn|13
|
|t:|1757953710
|switch|p2a: Speed King|Heatran, F|77/100
|-terastallize|p1a: Skully|Fairy
|move|p1a: Skully|Alluring Voice|p2a: Speed King
|-resisted|p2a: Speed King
|-damage|p2a: Speed King|72/100
|
|-heal|p2a: Speed King|78/100|[from] item: Leftovers
|upkeep
|turn|14
|
|t:|1757953725
|move|p2a: Speed King|Stealth Rock|p1a: Skully
|-sidestart|p1: Alligatorgolden2|move: Stealth Rock
|move|p1a: Skully|Torch Song|p2a: Speed King
|-start|p2a: Speed King|ability: Flash Fire
|
|-heal|p2a: Speed King|85/100|[from] item: Leftovers
|upkeep
|turn|15
|
|t:|1757953738
|move|p2a: Speed King|Fire Blast|p1a: Skully
|-damage|p1a: Skully|48/100
|move|p1a: Skully|Alluring Voice|p2a: Speed King
|-resisted|p2a: Speed King
|-damage|p2a: Speed King|80/100
|
|-heal|p2a: Speed King|87/100|[from] item: Leftovers
|-heal|p1a: Skully|54/100|[from] item: Leftovers
|upkeep
|turn|16
|
|t:|1757953748
|move|p2a: Speed King|Fire Blast|p1a: Skully
|-damage|p1a: Skully|5/100
|move|p1a: Skully|Slack Off|p1a: Skully
|-heal|p1a: Skully|55/100
|
|-heal|p2a: Speed King|93/100|[from] item: Leftovers
|-heal|p1a: Skully|61/100|[from] item: Leftovers
|upkeep
|turn|17
|
|t:|1757953758
|move|p2a: Speed King|Will-O-Wisp|p1a: Skully
|-status|p1a: Skully|brn
|move|p1a: Skully|Slack Off|p1a: Skully
|-heal|p1a: Skully|100/100 brn
|
|-heal|p2a: Speed King|99/100|[from] item: Leftovers
|-damage|p1a: Skully|94/100 brn|[from] brn
|upkeep
|turn|18
|
|t:|1757953769
|switch|p1a: Dexter Morgan|Haxorus, M|100/100
|-damage|p1a: Dexter Morgan|88/100|[from] Stealth Rock
|-ability|p1a: Dexter Morgan|Mold Breaker
|move|p2a: Speed King|Earth Power|p1a: Dexter Morgan
|-damage|p1a: Dexter Morgan|48/100
|
|-heal|p2a: Speed King|100/100|[from] item: Leftovers
|upkeep
|turn|19
|
|t:|1757953786
|-end|p2a: Speed King|ability: Flash Fire|[silent]
|switch|p2a: Stone Free|Ogerpon-Wellspring, F|9/100
|move|p1a: Dexter Morgan|Dragon Claw|p2a: Stone Free
|-damage|p2a: Stone Free|0 fnt
|faint|p2a: Stone Free
|-damage|p1a: Dexter Morgan|38/100|[from] item: Life Orb
|
|upkeep
|
|t:|1757953793
|switch|p2a: Nut King|Lokix, F|100/100
|turn|20
|
|t:|1757953798
|move|p2a: Nut King|First Impression|p1a: Dexter Morgan
|-damage|p1a: Dexter Morgan|0 fnt
|faint|p1a: Dexter Morgan
|
|upkeep
|
|t:|1757953805
|switch|p1a: Skully|Skeledirge, M, shiny, tera:Fairy|94/100 brn
|-damage|p1a: Skully|82/100 brn|[from] Stealth Rock
|turn|21
|
|t:|1757953811
|switch|p2a: Speed King|Heatran, F|100/100
|move|p1a: Skully|Alluring Voice|p2a: Speed King
|-resisted|p2a: Speed King
|-damage|p2a: Speed King|96/100
|
|-heal|p2a: Speed King|100/100|[from] item: Leftovers
|-heal|p1a: Skully|88/100 brn|[from] item: Leftovers
|-damage|p1a: Skully|82/100 brn|[from] brn
|upkeep
|turn|22
|
|t:|1757953824
|switch|p2a: Purple Haze|Slowking-Galar, M|100/100
|move|p1a: Skully|Alluring Voice|p2a: Purple Haze
|-resisted|p2a: Purple Haze
|-damage|p2a: Purple Haze|92/100
|
|-heal|p1a: Skully|88/100 brn|[from] item: Leftovers
|-damage|p1a: Skully|82/100 brn|[from] brn
|upkeep
|turn|23
|
|t:|1757953833
|move|p1a: Skully|Torch Song|p2a: Purple Haze
|-damage|p2a: Purple Haze|75/100
|-boost|p1a: Skully|spa|1
|move|p2a: Purple Haze|Sludge Bomb|p1a: Skully
|-supereffective|p1a: Skully
|-crit|p1a: Skully
|-damage|p1a: Skully|10/100 brn
|
|-heal|p1a: Skully|16/100 brn|[from] item: Leftovers
|-damage|p1a: Skully|10/100 brn|[from] brn
|upkeep
|turn|24
|
|t:|1757953845
|move|p1a: Skully|Torch Song|p2a: Purple Haze
|-damage|p2a: Purple Haze|48/100
|-boost|p1a: Skully|spa|1
|move|p2a: Purple Haze|Psychic Noise|p1a: Skully
|-damage|p1a: Skully|0 fnt
|faint|p1a: Skully
|
|upkeep
|l|☆Alligatorgolden2
|player|p1|
|inactive|Battle timer is ON: inactive players will automatically lose when time's up. (requested by ganese)
|inactive|Alligatorgolden2 has 30 seconds to reconnect!
|inactive|Alligatorgolden2 has 20 seconds to reconnect!
|inactive|Alligatorgolden2 has 15 seconds to reconnect!
|inactive|Alligatorgolden2 has 10 seconds to reconnect!
|inactive|Alligatorgolden2 has 5 seconds to reconnect!
|-message|Alligatorgolden2 lost due to inactivity.
|
|win|ganese
|raw|Alligatorgolden2's rating: 1371 &rarr; <strong>1357</strong><br />(-14 for losing)
|raw|ganese's rating: 1477 &rarr; <strong>1491</strong><br />(+14 for winning)
|l|☆ganese
|player|p2|
