|j|☆eviolitenumel
|j|☆LC0404
|t:|1757815595
|gametype|singles
|player|p1|eviolitenumel|pokefanf-gen2|1349
|player|p2|LC0404|2|1311
|gen|9
|tier|[Gen 9] OU
|rated|
|rule|HP Percentage Mod: HP is shown in percentages
|rule|Endless Battle Clause: Forcing endless battles is banned
|rule|Species Clause: Limit one of each Pokémon
|rule|OHKO Clause: OHKO moves are banned
|rule|Evasion Items Clause: Evasion items are banned
|rule|Evasion Moves Clause: Evasion moves are banned
|rule|Evasion Abilities Clause: Evasion abilities are banned
|rule|Sleep Moves Clause: Sleep-inducing moves are banned
|clearpoke
|poke|p1|Mamoswine, M|
|poke|p1|Weezing-Galar, M|
|poke|p1|Great Tusk|
|poke|p1|Muk-Alola, F|
|poke|p1|Garchomp, F|
|poke|p1|Quagsire, F|
|poke|p2|Landorus-Therian, M|
|poke|p2|Meowscarada, M|
|poke|p2|Keldeo-Resolute|
|poke|p2|Alomomola, M|
|poke|p2|Raging Bolt|
|poke|p2|Scizor, M|
|teampreview
|inactive|Battle timer is ON: inactive players will automatically lose when time's up. (requested by eviolitenumel)
|inactive|LC0404 has 120 seconds left.
|
|t:|1757815631
|teamsize|p1|6
|teamsize|p2|6
|start
|switch|p1a: Quagsire|Quagsire, F|100/100
|switch|p2a: Landorus|Landorus-Therian, M|100/100
|-ability|p2a: Landorus|Intimidate|boost
|-unboost|p1a: Quagsire|atk|1
|turn|1
|
|t:|1757815638
|move|p2a: Landorus|Taunt|p1a: Quagsire
|-start|p1a: Quagsire|move: Taunt
|cant|p1a: Quagsire|move: Taunt|Stealth Rock
|
|upkeep
|turn|2
|
|t:|1757815644
|move|p2a: Landorus|Stealth Rock|p1a: Quagsire
|-sidestart|p1: eviolitenumel|move: Stealth Rock
|move|p1a: Quagsire|Earthquake|p2a: Landorus
|-immune|p2a: Landorus
|
|upkeep
|turn|3
|
|t:|1757815655
|move|p2a: Landorus|Earthquake|p1a: Quagsire
|-damage|p1a: Quagsire|70/100
|move|p1a: Quagsire|Earthquake|p2a: Landorus
|-immune|p2a: Landorus
|
|-end|p1a: Quagsire|move: Taunt
|upkeep
|turn|4
|
|t:|1757815670
|switch|p1a: Great Tusk|Great Tusk|100/100
|move|p2a: Landorus|Taunt|p1a: Great Tusk
|-start|p1a: Great Tusk|move: Taunt
|
|upkeep
|turn|5
|
|t:|1757815696
|switch|p2a: Alomomola|Alomomola, M|100/100
|move|p1a: Great Tusk|Rapid Spin|p2a: Alomomola
|-damage|p2a: Alomomola|90/100
|-boost|p1a: Great Tusk|spe|1
|-damage|p1a: Great Tusk|84/100|[from] item: Rocky Helmet|[of] p2a: Alomomola
|-sideend|p1: eviolitenumel|Stealth Rock|[from] move: Rapid Spin|[of] p1a: Great Tusk
|
|upkeep
|turn|6
|
|t:|1757815710
|-end|p1a: Great Tusk|Protosynthesis|[silent]
|switch|p1a: Quagsire|Quagsire, F|70/100
|move|p2a: Alomomola|Flip Turn|p1a: Quagsire
|-heal|p1a: Quagsire|95/100|[from] ability: Water Absorb|[of] p2a: Alomomola
|
|upkeep
|turn|7
|
|t:|1757815718
|switch|p2a: Landorus|Landorus-Therian, M|100/100
|-ability|p2a: Landorus|Intimidate|boost
|-unboost|p1a: Quagsire|atk|1
|move|p1a: Quagsire|Stealth Rock|p2a: Landorus
|-sidestart|p2: LC0404|move: Stealth Rock
|
|upkeep
|turn|8
|
|t:|1757815727
|switch|p1a: Mamoswine|Mamoswine, M|100/100
|move|p2a: Landorus|Taunt|p1a: Mamoswine
|-start|p1a: Mamoswine|move: Taunt
|
|upkeep
|turn|9
|
|t:|1757815747
|switch|p2a: Scizor|Scizor, M|100/100
|-damage|p2a: Scizor|88/100|[from] Stealth Rock
|move|p1a: Mamoswine|Trailblaze|p2a: Scizor
|-resisted|p2a: Scizor
|-damage|p2a: Scizor|84/100
|-boost|p1a: Mamoswine|spe|1
|
|upkeep
|turn|10
|
|t:|1757815759
|switch|p1a: Garchomp|Garchomp, F|100/100
|move|p2a: Scizor|Bullet Punch|p1a: Garchomp
|-damage|p1a: Garchomp|79/100
|-damage|p2a: Scizor|72/100|[from] ability: Rough Skin|[of] p1a: Garchomp
|-damage|p2a: Scizor|55/100|[from] item: Rocky Helmet|[of] p1a: Garchomp
|
|upkeep
|turn|11
|inactive|LC0404 has 120 seconds left.
|
|t:|1757815780
|move|p1a: Garchomp|Spikes|p2a: Scizor
|-sidestart|p2: LC0404|Spikes
|move|p2a: Scizor|Defog|p1a: Garchomp
|-unboost|p1a: Garchomp|evasion|1
|-sideend|p2: LC0404|Spikes|[from] move: Defog|[of] p2a: Scizor
|-sideend|p2: LC0404|Stealth Rock|[from] move: Defog|[of] p2a: Scizor
|
|upkeep
|turn|12
|inactive|LC0404 has 120 seconds left.
|
|t:|1757815793
|switch|p2a: Meowscarada|Meowscarada, M|100/100
|move|p1a: Garchomp|Stealth Rock|p2a: Meowscarada
|-sidestart|p2: LC0404|move: Stealth Rock
|
|upkeep
|turn|13
|
|t:|1757815802
|switch|p1a: Weezing|Weezing-Galar, M|100/100
|-ability|p1a: Weezing|Neutralizing Gas
|move|p2a: Meowscarada|Triple Axel|p1a: Weezing
|-damage|p1a: Weezing|96/100
|-damage|p1a: Weezing|89/100
|-hitcount|p1a: Weezing|2
|
|-heal|p1a: Weezing|95/100|[from] item: Leftovers
|upkeep
|turn|14
|
|t:|1757815815
|move|p2a: Meowscarada|U-turn|p1a: Weezing
|-resisted|p1a: Weezing
|-damage|p1a: Weezing|91/100
|
|t:|1757815824
|switch|p2a: Keldeo|Keldeo-Resolute|100/100|[from] U-turn
|-damage|p2a: Keldeo|94/100|[from] Stealth Rock
|move|p1a: Weezing|Will-O-Wisp|p2a: Keldeo
|-status|p2a: Keldeo|brn
|
|-heal|p1a: Weezing|97/100|[from] item: Leftovers
|-damage|p2a: Keldeo|88/100 brn|[from] brn
|upkeep
|turn|15
|inactive|LC0404 has 120 seconds left.
|
|t:|1757815852
|switch|p2a: Meowscarada|Meowscarada, M|100/100
|-damage|p2a: Meowscarada|88/100|[from] Stealth Rock
|-end|p1a: Weezing|ability: Neutralizing Gas
|switch|p1a: Quagsire|Quagsire, F|95/100
|
|upkeep
|turn|16
|
|t:|1757815864
|switch|p1a: Weezing|Weezing-Galar, M|97/100
|-ability|p1a: Weezing|Neutralizing Gas
|move|p2a: Meowscarada|Knock Off|p1a: Weezing
|-resisted|p1a: Weezing
|-damage|p1a: Weezing|83/100
|-enditem|p1a: Weezing|Leftovers|[from] move: Knock Off|[of] p2a: Meowscarada
|
|upkeep
|turn|17
|
|t:|1757815876
|move|p2a: Meowscarada|U-turn|p1a: Weezing
|-resisted|p1a: Weezing
|-damage|p1a: Weezing|79/100
|
|t:|1757815892
|switch|p2a: Keldeo|Keldeo-Resolute|88/100 brn|[from] U-turn
|-damage|p2a: Keldeo|82/100 brn|[from] Stealth Rock
|move|p1a: Weezing|Will-O-Wisp|p2a: Keldeo
|-fail|p2a: Keldeo|brn
|
|-damage|p2a: Keldeo|76/100 brn|[from] brn
|upkeep
|turn|18
|inactive|LC0404 has 90 seconds left.
|
|t:|1757815917
|-end|p1a: Weezing|ability: Neutralizing Gas
|switch|p1a: Quagsire|Quagsire, F|95/100
|move|p2a: Keldeo|Secret Sword|p1a: Quagsire
|-damage|p1a: Quagsire|52/100
|
|-damage|p2a: Keldeo|70/100 brn|[from] brn
|upkeep
|turn|19
|inactive|LC0404 has 90 seconds left.
|
|t:|1757815936
|switch|p2a: Landorus|Landorus-Therian, M|100/100
|-damage|p2a: Landorus|88/100|[from] Stealth Rock
|-ability|p2a: Landorus|Intimidate|boost
|-unboost|p1a: Quagsire|atk|1
|-terastallize|p1a: Quagsire|Poison
|move|p1a: Quagsire|Recover|p1a: Quagsire
|-heal|p1a: Quagsire|100/100
|
|upkeep
|turn|20
|
|t:|1757815949
|switch|p1a: Mamoswine|Mamoswine, M|100/100
|move|p2a: Landorus|Stealth Rock|p1a: Mamoswine
|-sidestart|p1: eviolitenumel|move: Stealth Rock
|
|upkeep
|turn|21
|
|t:|1757815959
|switch|p2a: Scizor|Scizor, M|55/100
|-damage|p2a: Scizor|43/100|[from] Stealth Rock
|-enditem|p2a: Scizor|Sitrus Berry|[eat]
|-heal|p2a: Scizor|68/100|[from] item: Sitrus Berry
|move|p1a: Mamoswine|Icicle Spear|p2a: Scizor
|-resisted|p2a: Scizor
|-damage|p2a: Scizor|60/100
|-resisted|p2a: Scizor
|-damage|p2a: Scizor|53/100
|-resisted|p2a: Scizor
|-damage|p2a: Scizor|45/100
|-resisted|p2a: Scizor
|-damage|p2a: Scizor|38/100
|-hitcount|p2a: Scizor|4
|
|upkeep
|turn|22
|inactive|LC0404 has 90 seconds left.
|
|t:|1757815987
|switch|p1a: Garchomp|Garchomp, F|79/100
|-damage|p1a: Garchomp|73/100|[from] Stealth Rock
|move|p2a: Scizor|Bullet Punch|p1a: Garchomp
|-damage|p1a: Garchomp|50/100
|-damage|p2a: Scizor|26/100|[from] ability: Rough Skin|[of] p1a: Garchomp
|-damage|p2a: Scizor|9/100|[from] item: Rocky Helmet|[of] p1a: Garchomp
|
|upkeep
|turn|23
|
|t:|1757816007
|move|p2a: Scizor|Bullet Punch|p1a: Garchomp
|-damage|p1a: Garchomp|30/100
|-damage|p2a: Scizor|0 fnt|[from] ability: Rough Skin|[of] p1a: Garchomp
|faint|p2a: Scizor
|move|p1a: Garchomp|Spikes|p2: Scizor
|-sidestart|p2: LC0404|Spikes
|
|upkeep
|
|t:|1757816026
|switch|p2a: Landorus|Landorus-Therian, M|88/100
|-damage|p2a: Landorus|76/100|[from] Stealth Rock
|-ability|p2a: Landorus|Intimidate|boost
|-unboost|p1a: Garchomp|atk|1
|turn|24
|
|t:|1757816034
|move|p2a: Landorus|Earthquake|p1a: Garchomp
|-damage|p1a: Garchomp|3/100
|move|p1a: Garchomp|Spikes|p2a: Landorus
|-sidestart|p2: LC0404|Spikes
|
|upkeep
|turn|25
|
|t:|1757816040
|move|p2a: Landorus|Earthquake|p1a: Garchomp
|-damage|p1a: Garchomp|0 fnt
|faint|p1a: Garchomp
|
|upkeep
|
|t:|1757816045
|switch|p1a: Great Tusk|Great Tusk|84/100
|turn|26
|
|t:|1757816053
|move|p2a: Landorus|Taunt|p1a: Great Tusk
|-start|p1a: Great Tusk|move: Taunt
|move|p1a: Great Tusk|Rapid Spin|p2a: Landorus
|-crit|p2a: Landorus
|-damage|p2a: Landorus|48/100
|-boost|p1a: Great Tusk|spe|1
|-damage|p1a: Great Tusk|68/100|[from] item: Rocky Helmet|[of] p2a: Landorus
|-sideend|p1: eviolitenumel|Stealth Rock|[from] move: Rapid Spin|[of] p1a: Great Tusk
|
|upkeep
|turn|27
|inactive|LC0404 has 90 seconds left.
|
|t:|1757816069
|switch|p2a: Alomomola|Alomomola, M|100/100
|-damage|p2a: Alomomola|88/100|[from] Stealth Rock
|-damage|p2a: Alomomola|71/100|[from] Spikes
|move|p1a: Great Tusk|Knock Off|p2a: Alomomola
|-damage|p2a: Alomomola|51/100
|-damage|p1a: Great Tusk|51/100|[from] item: Rocky Helmet|[of] p2a: Alomomola
|-enditem|p2a: Alomomola|Rocky Helmet|[from] move: Knock Off|[of] p1a: Great Tusk
|
|upkeep
|turn|28
|
|t:|1757816083
|-end|p1a: Great Tusk|Protosynthesis|[silent]
|switch|p1a: Weezing|Weezing-Galar, M|79/100
|-ability|p1a: Weezing|Neutralizing Gas
|move|p2a: Alomomola|Wish|p2a: Alomomola
|
|upkeep
|turn|29
|
|t:|1757816096
|move|p1a: Weezing|Sludge Bomb|p2a: Alomomola
|-damage|p2a: Alomomola|19/100
|move|p2a: Alomomola|Flip Turn|p1a: Weezing
|-damage|p1a: Weezing|68/100
|
|t:|1757816102
|switch|p2a: Landorus|Landorus-Therian, M|48/100|[from] Flip Turn
|-damage|p2a: Landorus|35/100|[from] Stealth Rock
|
|-heal|p2a: Landorus|100/100|[from] move: Wish|[wisher] Alomomola
|upkeep
|turn|30
|
|t:|1757816116
|-end|p1a: Weezing|ability: Neutralizing Gas
|-ability|p2a: Landorus|Intimidate|boost
|-unboost|p1a: Weezing|atk|1
|switch|p1a: Mamoswine|Mamoswine, M|100/100
|move|p2a: Landorus|Earthquake|p1a: Mamoswine
|-damage|p1a: Mamoswine|46/100
|
|upkeep
|turn|31
|
|t:|1757816128
|move|p2a: Landorus|Earthquake|p1a: Mamoswine
|-damage|p1a: Mamoswine|0 fnt
|faint|p1a: Mamoswine
|
|upkeep
|
|t:|1757816136
|switch|p1a: Weezing|Weezing-Galar, M|68/100
|-ability|p1a: Weezing|Neutralizing Gas
|turn|32
|inactive|LC0404 has 90 seconds left.
|
|t:|1757816150
|switch|p2a: Raging Bolt|Raging Bolt|100/100
|-damage|p2a: Raging Bolt|88/100|[from] Stealth Rock
|-damage|p2a: Raging Bolt|72/100|[from] Spikes
|move|p1a: Weezing|Pain Split|p2a: Raging Bolt
|-sethp|p2a: Raging Bolt|61/100|[from] move: Pain Split|[silent]
|-sethp|p1a: Weezing|83/100|[from] move: Pain Split
|
|upkeep
|turn|33
|inactive|LC0404 has 90 seconds left.
|
|t:|1757816168
|-end|p1a: Weezing|ability: Neutralizing Gas
|switch|p1a: Muk|Muk-Alola, F|100/100
|move|p2a: Raging Bolt|Calm Mind|p2a: Raging Bolt
|-boost|p2a: Raging Bolt|spa|1
|-boost|p2a: Raging Bolt|spd|1
|
|upkeep
|turn|34
|
|t:|1757816186
|move|p2a: Raging Bolt|Draco Meteor|p1a: Muk
|-damage|p1a: Muk|50/100
|-unboost|p2a: Raging Bolt|spa|2
|-enditem|p2a: Raging Bolt|Eject Pack
|
|t:|1757816193
|-end|p2a: Raging Bolt|Protosynthesis|[silent]
|switch|p2a: Landorus|Landorus-Therian, M|100/100
|-damage|p2a: Landorus|88/100|[from] Stealth Rock
|-ability|p2a: Landorus|Intimidate|boost
|-unboost|p1a: Muk|atk|1
|move|p1a: Muk|Knock Off|p2a: Landorus
|-damage|p2a: Landorus|68/100
|-damage|p1a: Muk|34/100|[from] item: Rocky Helmet|[of] p2a: Landorus
|-enditem|p2a: Landorus|Rocky Helmet|[from] move: Knock Off|[of] p1a: Muk
|
|upkeep
|turn|35
|
|t:|1757816205
|move|p2a: Landorus|Earthquake|p1a: Muk
|-supereffective|p1a: Muk
|-damage|p1a: Muk|0 fnt
|faint|p1a: Muk
|
|upkeep
|c|☆eviolitenumel|Gg! I totally threw with that Tera haha
|-message|eviolitenumel forfeited.
|
|win|LC0404
|raw|eviolitenumel's rating: 1349 &rarr; <strong>1327</strong><br />(-22 for losing)
|raw|LC0404's rating: 1311 &rarr; <strong>1333</strong><br />(+22 for winning)
|c|☆LC0404|gg
|c|☆eviolitenumel|gl next wp
|c|☆LC0404|thx you 2
|l|☆eviolitenumel
|player|p1|
|c|☆LC0404|I was wondering why
