|j|☆Kr4ntz
|j|☆CaptainFreeze1
|t:|1757953366
|gametype|singles
|player|p1|Kr4ntz|265|1373
|player|p2|CaptainFreeze1|scientist|1417
|gen|9
|tier|[Gen 9] OU
|rated|
|rule|HP Percentage Mod: HP is shown in percentages
|rule|Endless Battle Clause: Forcing endless battles is banned
|rule|Species Clause: Limit one of each Pokémon
|rule|OHKO Clause: OHKO moves are banned
|rule|Evasion Items Clause: Evasion items are banned
|rule|Evasion Moves Clause: Evasion moves are banned
|rule|Evasion Abilities Clause: Evasion abilities are banned
|rule|Sleep Moves Clause: Sleep-inducing moves are banned
|clearpoke
|poke|p1|Avalugg-Hisui, F|
|poke|p1|Dragonite, M|
|poke|p1|Scizor, F|
|poke|p1|Cinderace, F|
|poke|p1|Iron Valiant|
|poke|p1|Ogerpon-Wellspring, F|
|poke|p2|Araquanid, M|
|poke|p2|Gholdengo|
|poke|p2|Iron Treads|
|poke|p2|Raging Bolt|
|poke|p2|Iron Valiant|
|poke|p2|Dragonite, M|
|teampreview
|inactive|Battle timer is ON: inactive players will automatically lose when time's up. (requested by CaptainFreeze1)
|
|t:|1757953381
|teamsize|p1|6
|teamsize|p2|6
|start
|switch|p1a: Avalugg|Avalugg-Hisui, F|100/100
|switch|p2a: Raging Bolt|Raging Bolt|100/100
|-enditem|p2a: Raging Bolt|Booster Energy
|-activate|p2a: Raging Bolt|ability: Protosynthesis|[fromitem]
|-start|p2a: Raging Bolt|protosynthesisspa
|turn|1
|
|t:|1757953391
|-end|p2a: Raging Bolt|Protosynthesis|[silent]
|switch|p2a: Iron Treads|Iron Treads|100/100
|-enditem|p2a: Iron Treads|Booster Energy
|-activate|p2a: Iron Treads|ability: Quark Drive|[fromitem]
|-start|p2a: Iron Treads|quarkdriveatk
|move|p1a: Avalugg|Icicle Spear|p2a: Iron Treads
|-damage|p2a: Iron Treads|88/100
|-damage|p2a: Iron Treads|75/100
|-damage|p2a: Iron Treads|62/100
|-damage|p2a: Iron Treads|50/100
|-hitcount|p2a: Iron Treads|4
|
|upkeep
|turn|2
|
|t:|1757953396
|move|p2a: Iron Treads|Earthquake|p1a: Avalugg
|-supereffective|p1a: Avalugg
|-damage|p1a: Avalugg|13/100
|move|p1a: Avalugg|Icicle Spear|p2a: Iron Treads
|-damage|p2a: Iron Treads|37/100
|-damage|p2a: Iron Treads|24/100
|-damage|p2a: Iron Treads|10/100
|-damage|p2a: Iron Treads|0 fnt
|faint|p2a: Iron Treads
|-end|p2a: Iron Treads|Quark Drive|[silent]
|-hitcount|p2: Iron Treads|4
|
|upkeep
|
|t:|1757953403
|switch|p2a: Araquanid|Araquanid, M|100/100
|turn|3
|
|t:|1757953413
|move|p1a: Avalugg|Rock Blast|p2a: Araquanid
|-supereffective|p2a: Araquanid
|-damage|p2a: Araquanid|72/100
|-supereffective|p2a: Araquanid
|-damage|p2a: Araquanid|42/100
|-supereffective|p2a: Araquanid
|-damage|p2a: Araquanid|14/100
|-supereffective|p2a: Araquanid
|-damage|p2a: Araquanid|0 fnt
|faint|p2a: Araquanid
|-hitcount|p2: Araquanid|4
|
|upkeep
|
|t:|1757953423
|switch|p2a: Dragonite|Dragonite, M|100/100
|turn|4
|
|t:|1757953432
|move|p2a: Dragonite|Scale Shot|p1a: Avalugg
|-crit|p1a: Avalugg
|-damage|p1a: Avalugg|0 fnt
|faint|p1a: Avalugg
|-hitcount|p1: Avalugg|1
|-unboost|p2a: Dragonite|def|1
|-boost|p2a: Dragonite|spe|1
|
|upkeep
|
|t:|1757953441
|switch|p1a: Iron Valiant|Iron Valiant|100/100
|turn|5
|
|t:|1757953452
|move|p2a: Dragonite|Dragon Dance|p2a: Dragonite
|-boost|p2a: Dragonite|atk|1
|-boost|p2a: Dragonite|spe|1
|move|p1a: Iron Valiant|Moonblast|p2a: Dragonite
|-supereffective|p2a: Dragonite
|-damage|p2a: Dragonite|29/100
|-unboost|p2a: Dragonite|spa|1
|
|upkeep
|turn|6
|
|t:|1757953460
|-end|p1a: Iron Valiant|Quark Drive|[silent]
|switch|p1a: Scizor|Scizor, F|100/100
|move|p2a: Dragonite|Fire Punch|p1a: Scizor
|-supereffective|p1a: Scizor
|-crit|p1a: Scizor
|-damage|p1a: Scizor|0 fnt
|faint|p1a: Scizor
|
|upkeep
|inactive|Kr4ntz has 120 seconds left.
|
|t:|1757953493
|switch|p1a: Iron Valiant|Iron Valiant|100/100
|turn|7
|
|t:|1757953497
|move|p2a: Dragonite|Fire Punch|p1a: Iron Valiant
|-damage|p1a: Iron Valiant|43/100
|move|p1a: Iron Valiant|Moonblast|p2a: Dragonite
|-supereffective|p2a: Dragonite
|-damage|p2a: Dragonite|0 fnt
|faint|p2a: Dragonite
|
|upkeep
|
|t:|1757953502
|switch|p2a: Gholdengo|Gholdengo|100/100
|-item|p2a: Gholdengo|Air Balloon
|turn|8
|
|t:|1757953512
|-end|p1a: Iron Valiant|Quark Drive|[silent]
|switch|p1a: Cinderace|Cinderace, F|100/100
|move|p2a: Gholdengo|Psyshock|p1a: Cinderace
|-damage|p1a: Cinderace|58/100
|
|upkeep
|turn|9
|
|t:|1757953519
|switch|p2a: Raging Bolt|Raging Bolt|100/100
|move|p1a: Cinderace|U-turn|p2a: Raging Bolt
|-damage|p2a: Raging Bolt|79/100
|
|t:|1757953522
|switch|p1a: Iron Valiant|Iron Valiant|43/100|[from] U-turn
|
|upkeep
|turn|10
|
|t:|1757953526
|-terastallize|p2a: Raging Bolt|Electric
|move|p1a: Iron Valiant|Trick|p2a: Raging Bolt
|-activate|p1a: Iron Valiant|move: Trick|[of] p2a: Raging Bolt
|-item|p2a: Raging Bolt|Choice Specs|[from] move: Trick
|-enditem|p1a: Iron Valiant|Choice Specs|[silent]|[from] move: Trick
|move|p2a: Raging Bolt|Thunderbolt|p1a: Iron Valiant
|-damage|p1a: Iron Valiant|0 fnt
|faint|p1a: Iron Valiant
|-end|p1a: Iron Valiant|Quark Drive|[silent]
|
|upkeep
|
|t:|1757953539
|switch|p1a: Dragonite|Dragonite, M|100/100
|turn|11
|
|t:|1757953542
|move|p1a: Dragonite|Earthquake|p2a: Raging Bolt
|-supereffective|p2a: Raging Bolt
|-damage|p2a: Raging Bolt|4/100
|move|p2a: Raging Bolt|Thunderbolt|p1a: Dragonite
|-damage|p1a: Dragonite|44/100
|
|upkeep
|turn|12
|
|t:|1757953549
|-end|p2a: Raging Bolt|Protosynthesis|[silent]
|switch|p2a: Gholdengo|Gholdengo|100/100
|-item|p2a: Gholdengo|Air Balloon
|move|p1a: Dragonite|Earthquake|p2a: Gholdengo
|-immune|p2a: Gholdengo
|
|upkeep
|turn|13
|
|t:|1757953556
|switch|p1a: Cinderace|Cinderace, F|58/100
|move|p2a: Gholdengo|Psyshock|p1a: Cinderace
|-damage|p1a: Cinderace|12/100
|
|upkeep
|turn|14
|
|t:|1757953567
|switch|p2a: Iron Valiant|Iron Valiant|100/100
|-enditem|p2a: Iron Valiant|Booster Energy
|-activate|p2a: Iron Valiant|ability: Quark Drive|[fromitem]
|-start|p2a: Iron Valiant|quarkdrivespa
|move|p1a: Cinderace|Pyro Ball|p2a: Iron Valiant
|-damage|p2a: Iron Valiant|0 fnt
|faint|p2a: Iron Valiant
|-end|p2a: Iron Valiant|Quark Drive|[silent]
|
|upkeep
|
|t:|1757953573
|switch|p2a: Raging Bolt|Raging Bolt, tera:Electric|4/100
|turn|15
|
|t:|1757953588
|move|p1a: Cinderace|U-turn|p2a: Raging Bolt
|-damage|p2a: Raging Bolt|0 fnt
|faint|p2a: Raging Bolt
|-end|p2a: Raging Bolt|Protosynthesis|[silent]
|
|t:|1757953593
|switch|p1a: Ogerpon|Ogerpon-Wellspring, F|100/100|[from] U-turn
|
|upkeep
|
|t:|1757953595
|switch|p2a: Gholdengo|Gholdengo|100/100
|-item|p2a: Gholdengo|Air Balloon
|turn|16
|
|t:|1757953598
|move|p1a: Ogerpon|Ivy Cudgel|p2a: Gholdengo|[anim] Ivy Cudgel Water
|-damage|p2a: Gholdengo|34/100
|-enditem|p2a: Gholdengo|Air Balloon
|move|p2a: Gholdengo|Nasty Plot|p2a: Gholdengo
|-boost|p2a: Gholdengo|spa|2
|
|upkeep
|turn|17
|-message|CaptainFreeze1 forfeited.
|
|win|Kr4ntz
|raw|Kr4ntz's rating: 1373 &rarr; <strong>1396</strong><br />(+23 for winning)
|raw|CaptainFreeze1's rating: 1417 &rarr; <strong>1394</strong><br />(-23 for losing)
|l|☆CaptainFreeze1
|player|p2|
|l|☆Kr4ntz
|player|p1|
