|j|☆leezee-yy
|j|☆blunts89
|t:|1757913528
|gametype|singles
|player|p1|leezee-yy|steven|1512
|player|p2|blunts89|ghetsis|1487
|gen|9
|tier|[Gen 9] OU
|rated|
|rule|HP Percentage Mod: HP is shown in percentages
|rule|Endless Battle Clause: Forcing endless battles is banned
|rule|Species Clause: Limit one of each Pokémon
|rule|OHKO Clause: OHKO moves are banned
|rule|Evasion Items Clause: Evasion items are banned
|rule|Evasion Moves Clause: Evasion moves are banned
|rule|Evasion Abilities Clause: Evasion abilities are banned
|rule|Sleep Moves Clause: Sleep-inducing moves are banned
|clearpoke
|poke|p1|Zapdos|
|poke|p1|Gengar, F|
|poke|p1|Metagross|
|poke|p1|Conkeldurr, F|
|poke|p1|Meowscarada, F|
|poke|p1|Zamazenta-*|
|poke|p2|Great Tusk|
|poke|p2|Kingambit, F|
|poke|p2|Dragonite, F|
|poke|p2|Ogerpon-Wellspring, F|
|poke|p2|Heatran, M|
|poke|p2|Iron Crown|
|teampreview
|inactive|Battle timer is ON: inactive players will automatically lose when time's up. (requested by leezee-yy)
|inactive|blunts89 also wants the timer to be on.
|
|t:|1757913560
|teamsize|p1|6
|teamsize|p2|6
|start
|switch|p1a: Meowscarada|Meowscarada, F|100/100
|switch|p2a: Heatran|Heatran, M|100/100
|turn|1
|
|t:|1757913568
|move|p1a: Meowscarada|Knock Off|p2a: Heatran
|-start|p1a: Meowscarada|typechange|Dark|[from] ability: Protean
|-damage|p2a: Heatran|52/100
|-enditem|p2a: Heatran|Leftovers|[from] move: Knock Off|[of] p1a: Meowscarada
|move|p2a: Heatran|Stealth Rock|p1a: Meowscarada
|-sidestart|p1: leezee-yy|move: Stealth Rock
|
|upkeep
|turn|2
|
|t:|1757913576
|switch|p1a: Conkeldurr|Conkeldurr, F|100/100
|-damage|p1a: Conkeldurr|94/100|[from] Stealth Rock
|move|p2a: Heatran|Will-O-Wisp|p1a: Conkeldurr
|-status|p1a: Conkeldurr|brn
|
|-heal|p1a: Conkeldurr|100/100 brn|[from] item: Leftovers
|-damage|p1a: Conkeldurr|94/100 brn|[from] brn
|upkeep
|turn|3
|
|t:|1757913587
|switch|p2a: Great Tusk|Great Tusk, shiny|100/100
|move|p1a: Conkeldurr|Defog|p2a: Great Tusk
|-unboost|p2a: Great Tusk|evasion|1
|-sideend|p1: leezee-yy|Stealth Rock|[from] move: Defog|[of] p1a: Conkeldurr
|
|-heal|p1a: Conkeldurr|100/100 brn|[from] item: Leftovers
|-damage|p1a: Conkeldurr|94/100 brn|[from] brn
|upkeep
|turn|4
|
|t:|1757913593
|switch|p1a: Zapdos|Zapdos|100/100
|move|p2a: Great Tusk|Rapid Spin|p1a: Zapdos
|-crit|p1a: Zapdos
|-damage|p1a: Zapdos|79/100
|-boost|p2a: Great Tusk|spe|1
|-damage|p2a: Great Tusk|84/100|[from] item: Rocky Helmet|[of] p1a: Zapdos
|
|upkeep
|turn|5
|
|t:|1757913617
|move|p2a: Great Tusk|Ice Spinner|p1a: Zapdos
|-supereffective|p1a: Zapdos
|-damage|p1a: Zapdos|40/100
|-damage|p2a: Great Tusk|67/100|[from] item: Rocky Helmet|[of] p1a: Zapdos
|move|p1a: Zapdos|Heat Wave|p2a: Great Tusk
|-damage|p2a: Great Tusk|49/100
|
|upkeep
|turn|6
|
|t:|1757913624
|move|p2a: Great Tusk|Ice Spinner|p1a: Zapdos
|-supereffective|p1a: Zapdos
|-damage|p1a: Zapdos|1/100
|-damage|p2a: Great Tusk|33/100|[from] item: Rocky Helmet|[of] p1a: Zapdos
|-status|p2a: Great Tusk|par|[from] ability: Static|[of] p1a: Zapdos
|move|p1a: Zapdos|Roost|p1a: Zapdos
|-heal|p1a: Zapdos|51/100
|-singleturn|p1a: Zapdos|move: Roost
|
|upkeep
|turn|7
|
|t:|1757913632
|-end|p2a: Great Tusk|Protosynthesis|[silent]
|switch|p2a: Heatran|Heatran, M|52/100
|move|p1a: Zapdos|Heat Wave|p2a: Heatran
|-damage|p2a: Heatran|25/100
|
|upkeep
|turn|8
|
|t:|1757913636
|move|p2a: Heatran|Magma Storm|p1a: Zapdos
|-damage|p1a: Zapdos|11/100
|-activate|p1a: Zapdos|move: Magma Storm|[of] p2a: Heatran
|move|p1a: Zapdos|Discharge|p2a: Heatran
|-damage|p2a: Heatran|0 fnt
|faint|p2a: Heatran
|
|-end|p1a: Zapdos|Magma Storm|[partiallytrapped]|[silent]
|upkeep
|
|t:|1757913640
|switch|p2a: Ogerpon|Ogerpon-Wellspring, F|100/100
|turn|9
|
|t:|1757913649
|switch|p1a: Meowscarada|Meowscarada, F|100/100
|move|p2a: Ogerpon|Swords Dance|p2a: Ogerpon
|-boost|p2a: Ogerpon|atk|2
|
|upkeep
|turn|10
|
|t:|1757913655
|move|p1a: Meowscarada|U-turn|p2a: Ogerpon
|-start|p1a: Meowscarada|typechange|Bug|[from] ability: Protean
|-supereffective|p2a: Ogerpon
|-damage|p2a: Ogerpon|0 fnt
|faint|p2a: Ogerpon
|
|t:|1757913664
|switch|p1a: Gengar|Gengar, F|100/100|[from] U-turn
|
|upkeep
|
|t:|1757913669
|switch|p2a: Kingambit|Kingambit, F|100/100
|-activate|p2a: Kingambit|ability: Supreme Overlord
|-start|p2a: Kingambit|fallen2|[silent]
|turn|11
|
|t:|1757913672
|move|p1a: Gengar|Focus Blast|p2a: Kingambit
|-supereffective|p2a: Kingambit
|-damage|p2a: Kingambit|0 fnt
|faint|p2a: Kingambit
|-end|p2a: Kingambit|fallen2|[silent]
|
|upkeep
|
|t:|1757913674
|switch|p2a: Dragonite|Dragonite, F|100/100
|turn|12
|
|t:|1757913676
|move|p1a: Gengar|Sludge Bomb|p2a: Dragonite
|-damage|p2a: Dragonite|75/100
|move|p2a: Dragonite|Dragon Dance|p2a: Dragonite
|-boost|p2a: Dragonite|atk|1
|-boost|p2a: Dragonite|spe|1
|
|upkeep
|turn|13
|
|t:|1757913681
|move|p2a: Dragonite|Earthquake|p1a: Gengar
|-supereffective|p1a: Gengar
|-enditem|p1a: Gengar|Focus Sash
|-damage|p1a: Gengar|1/100
|move|p1a: Gengar|Sludge Bomb|p2a: Dragonite
|-damage|p2a: Dragonite|24/100
|
|upkeep
|turn|14
|
|t:|1757913688
|switch|p1a: Zapdos|Zapdos|11/100
|move|p2a: Dragonite|Earthquake|p1a: Zapdos
|-immune|p1a: Zapdos
|
|upkeep
|turn|15
|
|t:|1757913693
|move|p2a: Dragonite|Dragon Claw|p1a: Zapdos
|-damage|p1a: Zapdos|0 fnt
|-damage|p2a: Dragonite|8/100|[from] item: Rocky Helmet|[of] p1a: Zapdos
|faint|p1a: Zapdos
|
|upkeep
|
|t:|1757913697
|switch|p1a: Metagross|Metagross|100/100
|turn|16
|
|t:|1757913699
|move|p1a: Metagross|Bullet Punch|p2a: Dragonite
|-damage|p2a: Dragonite|0 fnt
|faint|p2a: Dragonite
|
|upkeep
|
|t:|1757913701
|switch|p2a: Great Tusk|Great Tusk, shiny|33/100 par
|turn|17
|
|t:|1757913705
|move|p1a: Metagross|Psychic Fangs|p2a: Great Tusk
|-supereffective|p2a: Great Tusk
|-damage|p2a: Great Tusk|0 fnt
|faint|p2a: Great Tusk
|-end|p2a: Great Tusk|Protosynthesis|[silent]
|
|upkeep
|
|t:|1757913707
|switch|p2a: Iron Crown|Iron Crown|100/100
|-enditem|p2a: Iron Crown|Booster Energy
|-activate|p2a: Iron Crown|ability: Quark Drive|[fromitem]
|-start|p2a: Iron Crown|quarkdrivespe
|turn|18
|
|t:|1757913713
|move|p2a: Iron Crown|Calm Mind|p2a: Iron Crown
|-boost|p2a: Iron Crown|spa|1
|-boost|p2a: Iron Crown|spd|1
|move|p1a: Metagross|Knock Off|p2a: Iron Crown
|-supereffective|p2a: Iron Crown
|-damage|p2a: Iron Crown|46/100
|
|upkeep
|turn|19
|
|t:|1757913721
|-terastallize|p2a: Iron Crown|Dark
|move|p2a: Iron Crown|Tera Blast|p1a: Metagross|[anim] Tera Blast Dark
|-supereffective|p1a: Metagross
|-damage|p1a: Metagross|0 fnt
|faint|p1a: Metagross
|
|upkeep
|
|t:|1757913726
|switch|p1a: Zamazenta|Zamazenta|100/100
|-ability|p1a: Zamazenta|Dauntless Shield|boost
|-boost|p1a: Zamazenta|def|1
|turn|20
|
|t:|1757913728
|-terastallize|p1a: Zamazenta|Steel
|move|p2a: Iron Crown|Psychic|p1a: Zamazenta
|-resisted|p1a: Zamazenta
|-damage|p1a: Zamazenta|81/100
|-unboost|p1a: Zamazenta|spd|1
|move|p1a: Zamazenta|Close Combat|p2a: Iron Crown
|-supereffective|p2a: Iron Crown
|-damage|p2a: Iron Crown|0 fnt
|-unboost|p1a: Zamazenta|def|1
|-unboost|p1a: Zamazenta|spd|1
|faint|p2a: Iron Crown
|-end|p2a: Iron Crown|Quark Drive|[silent]
|
|win|leezee-yy
|raw|leezee-yy's rating: 1512 &rarr; <strong>1531</strong><br />(+19 for winning)
|raw|blunts89's rating: 1487 &rarr; <strong>1468</strong><br />(-19 for losing)
|l|☆blunts89
|player|p2|
|l|☆leezee-yy
|player|p1|
