|j|☆rookie22
|j|☆mkyn
|t:|1757857929
|gametype|singles
|player|p1|rookie22|iris-gen5bw2|1673
|player|p2|mkyn|1|1670
|gen|9
|tier|[Gen 9] OU
|rated|
|rule|HP Percentage Mod: HP is shown in percentages
|rule|Endless Battle Clause: Forcing endless battles is banned
|rule|Species Clause: Limit one of each Pokémon
|rule|OHKO Clause: OHKO moves are banned
|rule|Evasion Items Clause: Evasion items are banned
|rule|Evasion Moves Clause: Evasion moves are banned
|rule|Evasion Abilities Clause: Evasion abilities are banned
|rule|Sleep Moves Clause: Sleep-inducing moves are banned
|clearpoke
|poke|p1|Dragonite, F|
|poke|p1|Meowscarada, M|
|poke|p1|Keldeo|
|poke|p1|Iron Crown|
|poke|p1|Raging Bolt|
|poke|p1|Great Tusk|
|poke|p2|Tyranitar, M|
|poke|p2|Excadrill, F|
|poke|p2|Pecharunt|
|poke|p2|Alomomola, F|
|poke|p2|Ogerpon, F|
|poke|p2|Iron Valiant|
|teampreview
|inactive|Battle timer is ON: inactive players will automatically lose when time's up. (requested by rookie22)
|j| wgw2333
|inactive|mkyn has 120 seconds left.
|inactive|mkyn has 90 seconds left.
|inactive|mkyn has 60 seconds left.
|inactive|mkyn has 30 seconds left.
|
|t:|1757858055
|teamsize|p1|6
|teamsize|p2|6
|start
|switch|p1a: Meowscarada|Meowscarada, M|100/100
|switch|p2a: Ogerpon|Ogerpon, F|100/100
|turn|1
|l| wgw2333
|
|t:|1757858069
|switch|p2a: Pecharunt|Pecharunt|100/100
|move|p1a: Meowscarada|Knock Off|p2a: Pecharunt
|-start|p1a: Meowscarada|typechange|Dark|[from] ability: Protean
|-supereffective|p2a: Pecharunt
|-damage|p2a: Pecharunt|46/100
|-damage|p1a: Meowscarada|84/100|[from] item: Rocky Helmet|[of] p2a: Pecharunt
|-enditem|p2a: Pecharunt|Rocky Helmet|[from] move: Knock Off|[of] p1a: Meowscarada
|
|upkeep
|turn|2
|
|t:|1757858074
|move|p1a: Meowscarada|Taunt|p2a: Pecharunt
|-start|p2a: Pecharunt|move: Taunt
|cant|p2a: Pecharunt|move: Taunt|Recover
|
|upkeep
|turn|3
|
|t:|1757858079
|switch|p1a: Bene Gesserit|Iron Crown|100/100
|move|p2a: Pecharunt|Malignant Chain|p1a: Bene Gesserit
|-immune|p1a: Bene Gesserit
|
|upkeep
|turn|4
|inactive|mkyn has 120 seconds left.
|
|t:|1757858100
|switch|p2a: Alomomola|Alomomola, F|100/100
|move|p1a: Bene Gesserit|Tachyon Cutter|p2a: Alomomola
|-resisted|p2a: Alomomola
|-damage|p2a: Alomomola|86/100
|-resisted|p2a: Alomomola
|-damage|p2a: Alomomola|71/100
|-hitcount|p2a: Alomomola|2
|
|upkeep
|turn|5
|
|t:|1757858105
|move|p1a: Bene Gesserit|Focus Blast|p2a: Alomomola|[miss]
|-miss|p1a: Bene Gesserit|p2a: Alomomola
|move|p2a: Alomomola|Wish|p2a: Alomomola
|
|upkeep
|turn|6
|
|t:|1757858110
|move|p1a: Bene Gesserit|Volt Switch|p2a: Alomomola
|-supereffective|p2a: Alomomola
|-damage|p2a: Alomomola|13/100
|
|t:|1757858114
|-end|p1a: Bene Gesserit|Quark Drive|[silent]
|switch|p1a: Meowscarada|Meowscarada, M|84/100|[from] Volt Switch
|move|p2a: Alomomola|Flip Turn|p1a: Meowscarada
|-resisted|p1a: Meowscarada
|-damage|p1a: Meowscarada|72/100
|
|t:|1757858117
|switch|p2a: Pecharunt|Pecharunt|46/100|[from] Flip Turn
|
|-heal|p2a: Pecharunt|100/100|[from] move: Wish|[wisher] Alomomola
|upkeep
|turn|7
|
|t:|1757858124
|switch|p1a: Bene Gesserit|Iron Crown|100/100
|move|p2a: Pecharunt|Malignant Chain|p1a: Bene Gesserit
|-immune|p1a: Bene Gesserit
|
|upkeep
|turn|8
|
|t:|1757858129
|move|p1a: Bene Gesserit|Tachyon Cutter|p2a: Pecharunt
|-damage|p2a: Pecharunt|77/100
|-damage|p2a: Pecharunt|52/100
|-hitcount|p2a: Pecharunt|2
|move|p2a: Pecharunt|Shadow Ball|p1a: Bene Gesserit
|-supereffective|p1a: Bene Gesserit
|-damage|p1a: Bene Gesserit|70/100
|
|upkeep
|turn|9
|
|t:|1757858138
|switch|p2a: Ogerpon|Ogerpon, F|100/100
|move|p1a: Bene Gesserit|Tachyon Cutter|p2a: Ogerpon
|-damage|p2a: Ogerpon|69/100
|-damage|p2a: Ogerpon|37/100
|-hitcount|p2a: Ogerpon|2
|
|upkeep
|turn|10
|
|t:|1757858145
|-end|p1a: Bene Gesserit|Quark Drive|[silent]
|switch|p1a: Raging Bolt|Raging Bolt|100/100
|move|p2a: Ogerpon|U-turn|p1a: Raging Bolt
|-damage|p1a: Raging Bolt|79/100
|
|t:|1757858150
|switch|p2a: Alomomola|Alomomola, F|46/100|[from] U-turn
|
|-heal|p1a: Raging Bolt|85/100|[from] item: Leftovers
|upkeep
|turn|11
|
|t:|1757858156
|switch|p2a: Tyranitar|Tyranitar, M|100/100
|-weather|Sandstorm|[from] ability: Sand Stream|[of] p2a: Tyranitar
|move|p1a: Raging Bolt|Thunderbolt|p2a: Tyranitar
|-damage|p2a: Tyranitar|67/100
|
|-weather|Sandstorm|[upkeep]
|-damage|p1a: Raging Bolt|79/100|[from] Sandstorm
|-heal|p1a: Raging Bolt|85/100|[from] item: Leftovers
|upkeep
|turn|12
|
|t:|1757858167
|-end|p1a: Raging Bolt|Protosynthesis|[silent]
|switch|p1a: Great Tusk|Great Tusk|100/100
|move|p2a: Tyranitar|Stealth Rock|p1a: Great Tusk
|-sidestart|p1: rookie22|move: Stealth Rock
|
|-weather|Sandstorm|[upkeep]
|upkeep
|turn|13
|
|t:|1757858173
|switch|p2a: Pecharunt|Pecharunt|52/100
|move|p1a: Great Tusk|Earthquake|p2a: Pecharunt
|-supereffective|p2a: Pecharunt
|-damage|p2a: Pecharunt|0 fnt
|faint|p2a: Pecharunt
|
|-weather|Sandstorm|[upkeep]
|upkeep
|
|t:|1757858177
|switch|p2a: Iron Valiant|Iron Valiant|100/100
|-enditem|p2a: Iron Valiant|Booster Energy
|-activate|p2a: Iron Valiant|ability: Quark Drive|[fromitem]
|-start|p2a: Iron Valiant|quarkdrivespe
|turn|14
|
|t:|1757858180
|-end|p1a: Great Tusk|Protosynthesis|[silent]
|switch|p1a: Bene Gesserit|Iron Crown|70/100
|-damage|p1a: Bene Gesserit|64/100|[from] Stealth Rock
|move|p2a: Iron Valiant|Moonblast|p1a: Bene Gesserit
|-resisted|p1a: Bene Gesserit
|-damage|p1a: Bene Gesserit|49/100
|
|-weather|Sandstorm|[upkeep]
|-damage|p2a: Iron Valiant|94/100|[from] Sandstorm
|upkeep
|turn|15
|
|t:|1757858188
|move|p2a: Iron Valiant|Knock Off|p1a: Bene Gesserit
|-supereffective|p1a: Bene Gesserit
|-damage|p1a: Bene Gesserit|0 fnt
|-enditem|p1a: Bene Gesserit|Assault Vest|[from] move: Knock Off|[of] p2a: Iron Valiant
|faint|p1a: Bene Gesserit
|-end|p1a: Bene Gesserit|Quark Drive|[silent]
|
|-weather|Sandstorm|[upkeep]
|-damage|p2a: Iron Valiant|88/100|[from] Sandstorm
|upkeep
|
|t:|1757858198
|switch|p1a: MEGA DRAGONITE|Dragonite, F|100/100
|turn|16
|j| Disscratch
|
|t:|1757858219
|-end|p2a: Iron Valiant|Quark Drive|[silent]
|switch|p2a: Alomomola|Alomomola, F|80/100
|-terastallize|p1a: MEGA DRAGONITE|Flying
|move|p1a: MEGA DRAGONITE|Tera Blast|p2a: Alomomola|[anim] Tera Blast Flying
|-damage|p2a: Alomomola|48/100
|
|-weather|Sandstorm|[upkeep]
|-damage|p1a: MEGA DRAGONITE|94/100|[from] Sandstorm
|-damage|p2a: Alomomola|42/100|[from] Sandstorm
|upkeep
|turn|17
|inactive|rookie22 has 120 seconds left.
|
|t:|1757858266
|switch|p1a: Lisan Al Gaib|Keldeo|100/100
|-damage|p1a: Lisan Al Gaib|94/100|[from] Stealth Rock
|move|p2a: Alomomola|Flip Turn|p1a: Lisan Al Gaib
|-resisted|p1a: Lisan Al Gaib
|-damage|p1a: Lisan Al Gaib|86/100
|
|t:|1757858278
|switch|p2a: Iron Valiant|Iron Valiant|88/100|[from] Flip Turn
|
|-weather|Sandstorm|[upkeep]
|-damage|p2a: Iron Valiant|82/100|[from] Sandstorm
|-damage|p1a: Lisan Al Gaib|79/100|[from] Sandstorm
|upkeep
|turn|18
|inactive|rookie22 has 90 seconds left.
|
|t:|1757858312
|switch|p1a: Meowscarada|Meowscarada, M|72/100
|move|p2a: Iron Valiant|Moonblast|p1a: Meowscarada
|-supereffective|p1a: Meowscarada
|-damage|p1a: Meowscarada|0 fnt
|faint|p1a: Meowscarada
|
|-weather|none
|upkeep
|
|t:|1757858315
|switch|p1a: MEGA DRAGONITE|Dragonite, F, tera:Flying|94/100
|turn|19
|
|t:|1757858325
|move|p2a: Iron Valiant|Knock Off|p1a: MEGA DRAGONITE
|-damage|p1a: MEGA DRAGONITE|63/100
|-enditem|p1a: MEGA DRAGONITE|Heavy-Duty Boots|[from] move: Knock Off|[of] p2a: Iron Valiant
|move|p1a: MEGA DRAGONITE|Dragon Dance|p1a: MEGA DRAGONITE
|-boost|p1a: MEGA DRAGONITE|atk|1
|-boost|p1a: MEGA DRAGONITE|spe|1
|
|upkeep
|turn|20
|
|t:|1757858329
|-end|p2a: Iron Valiant|Quark Drive|[silent]
|switch|p2a: Alomomola|Alomomola, F|75/100
|move|p1a: MEGA DRAGONITE|Tera Blast|p2a: Alomomola|[anim] Tera Blast Flying
|-damage|p2a: Alomomola|27/100
|
|upkeep
|turn|21
|
|t:|1757858334
|move|p1a: MEGA DRAGONITE|Tera Blast|p2a: Alomomola|[anim] Tera Blast Flying
|-damage|p2a: Alomomola|0 fnt
|faint|p2a: Alomomola
|
|upkeep
|
|t:|1757858340
|switch|p2a: Tyranitar|Tyranitar, M|67/100
|-weather|Sandstorm|[from] ability: Sand Stream|[of] p2a: Tyranitar
|turn|22
|
|t:|1757858344
|-terastallize|p2a: Tyranitar|Flying
|move|p1a: MEGA DRAGONITE|Earthquake|p2a: Tyranitar
|-immune|p2a: Tyranitar
|move|p2a: Tyranitar|Stone Edge|p1a: MEGA DRAGONITE
|-supereffective|p1a: MEGA DRAGONITE
|-damage|p1a: MEGA DRAGONITE|0 fnt
|faint|p1a: MEGA DRAGONITE
|
|-weather|Sandstorm|[upkeep]
|-damage|p2a: Tyranitar|61/100|[from] Sandstorm
|upkeep
|
|t:|1757858352
|switch|p1a: Lisan Al Gaib|Keldeo|79/100
|-damage|p1a: Lisan Al Gaib|73/100|[from] Stealth Rock
|turn|23
|
|t:|1757858368
|switch|p1a: Great Tusk|Great Tusk|100/100
|-damage|p1a: Great Tusk|97/100|[from] Stealth Rock
|move|p2a: Tyranitar|Thunder Wave|p1a: Great Tusk
|-immune|p1a: Great Tusk
|
|-weather|Sandstorm|[upkeep]
|-damage|p2a: Tyranitar|55/100|[from] Sandstorm
|-heal|p1a: Great Tusk|100/100|[from] item: Leftovers
|upkeep
|turn|24
|
|t:|1757858380
|move|p1a: Great Tusk|Rapid Spin|p2a: Tyranitar
|-damage|p2a: Tyranitar|38/100
|-boost|p1a: Great Tusk|spe|1
|-sideend|p1: rookie22|Stealth Rock|[from] move: Rapid Spin|[of] p1a: Great Tusk
|move|p2a: Tyranitar|Knock Off|p1a: Great Tusk
|-resisted|p1a: Great Tusk
|-damage|p1a: Great Tusk|83/100
|-enditem|p1a: Great Tusk|Leftovers|[from] move: Knock Off|[of] p2a: Tyranitar
|
|-weather|Sandstorm|[upkeep]
|-damage|p2a: Tyranitar|32/100|[from] Sandstorm
|upkeep
|turn|25
|
|t:|1757858391
|move|p1a: Great Tusk|Rapid Spin|p2a: Tyranitar
|-damage|p2a: Tyranitar|15/100
|-boost|p1a: Great Tusk|spe|1
|move|p2a: Tyranitar|Stealth Rock|p1a: Great Tusk
|-sidestart|p1: rookie22|move: Stealth Rock
|
|-weather|Sandstorm|[upkeep]
|-damage|p2a: Tyranitar|9/100|[from] Sandstorm
|upkeep
|turn|26
|
|t:|1757858396
|move|p1a: Great Tusk|Rapid Spin|p2a: Tyranitar
|-damage|p2a: Tyranitar|0 fnt
|-boost|p1a: Great Tusk|spe|1
|-sideend|p1: rookie22|Stealth Rock|[from] move: Rapid Spin|[of] p1a: Great Tusk
|faint|p2a: Tyranitar
|
|-weather|Sandstorm|[upkeep]
|upkeep
|
|t:|1757858400
|switch|p2a: Iron Valiant|Iron Valiant|82/100
|turn|27
|
|t:|1757858405
|move|p1a: Great Tusk|Earthquake|p2a: Iron Valiant
|-damage|p2a: Iron Valiant|5/100
|move|p2a: Iron Valiant|Moonblast|p1a: Great Tusk
|-supereffective|p1a: Great Tusk
|-damage|p1a: Great Tusk|0 fnt
|faint|p1a: Great Tusk
|-end|p1a: Great Tusk|Protosynthesis|[silent]
|
|-weather|Sandstorm|[upkeep]
|-damage|p2a: Iron Valiant|0 fnt|[from] Sandstorm
|faint|p2a: Iron Valiant
|-end|p2a: Iron Valiant|Quark Drive|[silent]
|upkeep
|
|t:|1757858415
|switch|p2a: Excadrill|Excadrill, F|100/100
|switch|p1a: Lisan Al Gaib|Keldeo|73/100
|-item|p2a: Excadrill|Air Balloon
|turn|28
|
|t:|1757858426
|move|p2a: Excadrill|Earthquake|p1a: Lisan Al Gaib
|-damage|p1a: Lisan Al Gaib|10/100
|move|p1a: Lisan Al Gaib|Aura Sphere|p2a: Excadrill
|-supereffective|p2a: Excadrill
|-damage|p2a: Excadrill|0 fnt
|-enditem|p2a: Excadrill|Air Balloon
|faint|p2a: Excadrill
|
|-weather|Sandstorm|[upkeep]
|-damage|p1a: Lisan Al Gaib|4/100|[from] Sandstorm
|upkeep
|
|t:|1757858429
|switch|p2a: Ogerpon|Ogerpon, F|37/100
|turn|29
|
|t:|1757858442
|move|p2a: Ogerpon|Knock Off|p1a: Lisan Al Gaib
|-resisted|p1a: Lisan Al Gaib
|-damage|p1a: Lisan Al Gaib|0 fnt
|-enditem|p1a: Lisan Al Gaib|Choice Specs|[from] move: Knock Off|[of] p2a: Ogerpon
|faint|p1a: Lisan Al Gaib
|
|-weather|none
|upkeep
|
|t:|1757858444
|switch|p1a: Raging Bolt|Raging Bolt|85/100
|turn|30
|j| huejack
|
|t:|1757858449
|move|p2a: Ogerpon|Knock Off|p1a: Raging Bolt
|-damage|p1a: Raging Bolt|56/100
|-enditem|p1a: Raging Bolt|Leftovers|[from] move: Knock Off|[of] p2a: Ogerpon
|move|p1a: Raging Bolt|Dragon Pulse|p2a: Ogerpon
|-damage|p2a: Ogerpon|0 fnt
|faint|p2a: Ogerpon
|
|win|rookie22
|raw|rookie22's rating: 1673 &rarr; <strong>1693</strong><br />(+20 for winning)
|raw|mkyn's rating: 1670 &rarr; <strong>1650</strong><br />(-20 for losing)
|l|☆mkyn
|player|p2|
|l|☆rookie22
|player|p1|
|l| huejack
|l| Disscratch
