|j|☆Aimsss
|j|☆Charle_phate
|t:|1757913662
|gametype|singles
|player|p1|Aimsss|policeman-gen4|1363
|player|p2|Charle_phate|blue|1418
|gen|9
|tier|[Gen 9] OU
|rated|
|rule|HP Percentage Mod: HP is shown in percentages
|rule|Endless Battle Clause: Forcing endless battles is banned
|rule|Species Clause: Limit one of each Pokémon
|rule|OHKO Clause: OHKO moves are banned
|rule|Evasion Items Clause: Evasion items are banned
|rule|Evasion Moves Clause: Evasion moves are banned
|rule|Evasion Abilities Clause: Evasion abilities are banned
|rule|Sleep Moves Clause: Sleep-inducing moves are banned
|clearpoke
|poke|p1|Dragapult, F|
|poke|p1|Kingambit, M|
|poke|p1|Hawlucha, F|
|poke|p1|Glimmora, M|
|poke|p1|Chesnaught, F|
|poke|p1|Gallade, M|
|poke|p2|Serperior, M|
|poke|p2|Rotom-Wash|
|poke|p2|Zapdos|
|poke|p2|Heatran, M|
|poke|p2|Clefable, M|
|poke|p2|Landorus-Therian, M|
|teampreview
|inactive|Battle timer is ON: inactive players will automatically lose when time's up. (requested by Aimsss)
|
|t:|1757913691
|teamsize|p1|6
|teamsize|p2|6
|start
|switch|p1a: Chesnaught|Chesnaught, F|100/100
|switch|p2a: Rotom|Rotom-Wash|100/100
|turn|1
|
|t:|1757913698
|switch|p2a: Zapdos|Zapdos|100/100
|move|p1a: Chesnaught|Belly Drum|p1a: Chesnaught
|-damage|p1a: Chesnaught|50/100
|-setboost|p1a: Chesnaught|atk|6|[from] move: Belly Drum
|-enditem|p1a: Chesnaught|Sitrus Berry|[eat]
|-heal|p1a: Chesnaught|75/100|[from] item: Sitrus Berry
|
|upkeep
|turn|2
|
|t:|1757913708
|move|p2a: Zapdos|Heat Wave|p1a: Chesnaught
|-supereffective|p1a: Chesnaught
|-damage|p1a: Chesnaught|27/100
|move|p1a: Chesnaught|Knock Off|p2a: Zapdos
|-crit|p2a: Zapdos
|-damage|p2a: Zapdos|0 fnt
|-status|p1a: Chesnaught|par|[from] ability: Static|[of] p2a: Zapdos
|-enditem|p2a: Zapdos|Leftovers|[from] move: Knock Off|[of] p1a: Chesnaught
|faint|p2a: Zapdos
|
|upkeep
|
|t:|1757913721
|switch|p2a: Heatran|Heatran, M|100/100
|turn|3
|
|t:|1757913726
|move|p2a: Heatran|Substitute|p2a: Heatran
|-start|p2a: Heatran|Substitute
|-damage|p2a: Heatran|76/100
|cant|p1a: Chesnaught|par
|
|-heal|p2a: Heatran|82/100|[from] item: Leftovers
|upkeep
|turn|4
|
|t:|1757913734
|move|p2a: Heatran|Ancient Power|p1a: Chesnaught
|-resisted|p1a: Chesnaught
|-damage|p1a: Chesnaught|19/100 par
|move|p1a: Chesnaught|Drain Punch|p2a: Heatran
|-supereffective|p2a: Heatran
|-end|p2a: Heatran|Substitute
|-heal|p1a: Chesnaught|32/100 par|[from] drain|[of] p2a: Heatran
|
|-heal|p2a: Heatran|88/100|[from] item: Leftovers
|upkeep
|turn|5
|
|t:|1757913746
|move|p2a: Heatran|Substitute|p2a: Heatran
|-start|p2a: Heatran|Substitute
|-damage|p2a: Heatran|63/100
|move|p1a: Chesnaught|Drain Punch|p2a: Heatran
|-supereffective|p2a: Heatran
|-end|p2a: Heatran|Substitute
|-heal|p1a: Chesnaught|44/100 par|[from] drain|[of] p2a: Heatran
|
|-heal|p2a: Heatran|69/100|[from] item: Leftovers
|upkeep
|turn|6
|
|t:|1757913758
|move|p2a: Heatran|Substitute|p2a: Heatran
|-start|p2a: Heatran|Substitute
|-damage|p2a: Heatran|45/100
|cant|p1a: Chesnaught|par
|
|-heal|p2a: Heatran|51/100|[from] item: Leftovers
|upkeep
|turn|7
|
|t:|1757913766
|move|p2a: Heatran|Ancient Power|p1a: Chesnaught
|-resisted|p1a: Chesnaught
|-damage|p1a: Chesnaught|37/100 par
|move|p1a: Chesnaught|Drain Punch|p2a: Heatran
|-supereffective|p2a: Heatran
|-end|p2a: Heatran|Substitute
|-heal|p1a: Chesnaught|50/100 par|[from] drain|[of] p2a: Heatran
|
|-heal|p2a: Heatran|57/100|[from] item: Leftovers
|upkeep
|turn|8
|
|t:|1757913778
|move|p2a: Heatran|Substitute|p2a: Heatran
|-start|p2a: Heatran|Substitute
|-damage|p2a: Heatran|32/100
|cant|p1a: Chesnaught|par
|
|-heal|p2a: Heatran|38/100|[from] item: Leftovers
|upkeep
|turn|9
|
|t:|1757913790
|move|p2a: Heatran|Lava Plume|p1a: Chesnaught
|-supereffective|p1a: Chesnaught
|-damage|p1a: Chesnaught|0 fnt
|faint|p1a: Chesnaught
|
|-heal|p2a: Heatran|45/100|[from] item: Leftovers
|upkeep
|
|t:|1757913798
|switch|p1a: Hawlucha|Hawlucha, F|100/100
|turn|10
|
|t:|1757913803
|move|p1a: Hawlucha|Swords Dance|p1a: Hawlucha
|-boost|p1a: Hawlucha|atk|2
|move|p2a: Heatran|Lava Plume|p1a: Hawlucha
|-damage|p1a: Hawlucha|52/100
|-enditem|p1a: Hawlucha|Red Card|[of] p2a: Heatran
|drag|p2a: Serperior|Serperior, M|100/100
|
|upkeep
|turn|11
|
|t:|1757913814
|switch|p2a: Heatran|Heatran, M|45/100
|move|p1a: Hawlucha|Acrobatics|p2a: Heatran
|-resisted|p2a: Heatran
|-damage|p2a: Heatran|1/100
|
|-heal|p2a: Heatran|7/100|[from] item: Leftovers
|upkeep
|turn|12
|
|t:|1757913832
|move|p1a: Hawlucha|Acrobatics|p2a: Heatran
|-resisted|p2a: Heatran
|-damage|p2a: Heatran|0 fnt
|faint|p2a: Heatran
|
|upkeep
|
|t:|1757913838
|switch|p2a: Rotom|Rotom-Wash|100/100
|turn|13
|
|t:|1757913842
|move|p1a: Hawlucha|Drain Punch|p2a: Rotom
|-damage|p2a: Rotom|25/100
|-heal|p1a: Hawlucha|83/100|[from] drain|[of] p2a: Rotom
|move|p2a: Rotom|Thunder Wave|p1a: Hawlucha
|-status|p1a: Hawlucha|par
|
|-heal|p2a: Rotom|32/100|[from] item: Leftovers
|upkeep
|turn|14
|
|t:|1757913853
|move|p1a: Hawlucha|Drain Punch|p2a: Rotom
|-damage|p2a: Rotom|0 fnt
|-heal|p1a: Hawlucha|95/100 par|[from] drain|[of] p2a: Rotom
|faint|p2a: Rotom
|
|upkeep
|
|t:|1757913860
|switch|p2a: Serperior|Serperior, M|100/100
|turn|15
|
|t:|1757913865
|move|p2a: Serperior|Substitute|p2a: Serperior
|-start|p2a: Serperior|Substitute
|-damage|p2a: Serperior|75/100
|move|p1a: Hawlucha|Acrobatics|p2a: Serperior
|-supereffective|p2a: Serperior
|-end|p2a: Serperior|Substitute
|
|-heal|p2a: Serperior|82/100|[from] item: Leftovers
|upkeep
|turn|16
|
|t:|1757913875
|move|p2a: Serperior|Substitute|p2a: Serperior
|-start|p2a: Serperior|Substitute
|-damage|p2a: Serperior|57/100
|move|p1a: Hawlucha|Taunt|p2a: Serperior
|-start|p2a: Serperior|move: Taunt
|
|-heal|p2a: Serperior|63/100|[from] item: Leftovers
|upkeep
|turn|17
|
|t:|1757913886
|move|p2a: Serperior|Leaf Storm|p1a: Hawlucha
|-resisted|p1a: Hawlucha
|-damage|p1a: Hawlucha|61/100 par
|-boost|p2a: Serperior|spa|2
|cant|p1a: Hawlucha|par
|
|-heal|p2a: Serperior|69/100|[from] item: Leftovers
|upkeep
|turn|18
|
|t:|1757913897
|move|p2a: Serperior|Leaf Storm|p1a: Hawlucha
|-resisted|p1a: Hawlucha
|-damage|p1a: Hawlucha|0 fnt
|-boost|p2a: Serperior|spa|2
|faint|p1a: Hawlucha
|
|-heal|p2a: Serperior|75/100|[from] item: Leftovers
|upkeep
|
|t:|1757913906
|switch|p1a: Dragapult|Dragapult, F|100/100
|turn|19
|
|t:|1757913918
|move|p1a: Dragapult|Dragon Darts|p2a: Serperior
|-damage|p2a: Serperior|48/100
|-anim|p1a: Dragapult|Dragon Darts|p2a: Serperior
|-damage|p2a: Serperior|21/100
|move|p2a: Serperior|Leaf Storm|p1a: Dragapult
|-resisted|p1a: Dragapult
|-damage|p1a: Dragapult|4/100
|-boost|p2a: Serperior|spa|2
|
|-heal|p2a: Serperior|28/100|[from] item: Leftovers
|-end|p2a: Serperior|move: Taunt
|upkeep
|turn|20
|
|t:|1757913932
|switch|p2a: Clefable|Clefable, M|100/100
|move|p1a: Dragapult|Dragon Darts|p2a: Clefable
|-immune|p2a: Clefable
|
|upkeep
|turn|21
|
|t:|1757913945
|move|p1a: Dragapult|Shadow Ball|p2a: Clefable
|-damage|p2a: Clefable|74/100
|move|p2a: Clefable|Cosmic Power|p2a: Clefable
|-boost|p2a: Clefable|def|1
|-boost|p2a: Clefable|spd|1
|
|-heal|p2a: Clefable|80/100|[from] item: Leftovers
|upkeep
|turn|22
|
|t:|1757913955
|switch|p1a: Glimmora|Glimmora, M|100/100
|-item|p1a: Glimmora|Air Balloon
|move|p2a: Clefable|Cosmic Power|p2a: Clefable
|-boost|p2a: Clefable|def|1
|-boost|p2a: Clefable|spd|1
|
|-heal|p2a: Clefable|86/100|[from] item: Leftovers
|upkeep
|turn|23
|
|t:|1757913969
|move|p1a: Glimmora|Sludge Bomb|p2a: Clefable
|-supereffective|p2a: Clefable
|-damage|p2a: Clefable|41/100
|move|p2a: Clefable|Cosmic Power|p2a: Clefable
|-boost|p2a: Clefable|def|1
|-boost|p2a: Clefable|spd|1
|
|-heal|p2a: Clefable|47/100|[from] item: Leftovers
|upkeep
|turn|24
|
|t:|1757913986
|-terastallize|p2a: Clefable|Fire
|move|p1a: Glimmora|Sludge Bomb|p2a: Clefable
|-damage|p2a: Clefable|31/100
|move|p2a: Clefable|Cosmic Power|p2a: Clefable
|-boost|p2a: Clefable|def|1
|-boost|p2a: Clefable|spd|1
|
|-heal|p2a: Clefable|37/100|[from] item: Leftovers
|upkeep
|turn|25
|
|t:|1757913998
|move|p1a: Glimmora|Mortal Spin|p2a: Clefable
|-damage|p2a: Clefable|35/100
|-status|p2a: Clefable|psn
|move|p2a: Clefable|Cosmic Power|p2a: Clefable
|-boost|p2a: Clefable|def|1
|-boost|p2a: Clefable|spd|1
|
|-heal|p2a: Clefable|41/100 psn|[from] item: Leftovers
|upkeep
|turn|26
|
|t:|1757914010
|move|p1a: Glimmora|Sludge Bomb|p2a: Clefable
|-damage|p2a: Clefable|30/100 psn
|move|p2a: Clefable|Cosmic Power|p2a: Clefable
|-boost|p2a: Clefable|def|1
|-boost|p2a: Clefable|spd|1
|
|-heal|p2a: Clefable|36/100 psn|[from] item: Leftovers
|upkeep
|turn|27
|
|t:|1757914026
|move|p1a: Glimmora|Sludge Bomb|p2a: Clefable
|-damage|p2a: Clefable|25/100 psn
|move|p2a: Clefable|Charge Beam|p1a: Glimmora
|-damage|p1a: Glimmora|90/100
|-boost|p2a: Clefable|spa|1
|-enditem|p1a: Glimmora|Air Balloon
|
|-heal|p2a: Clefable|31/100 psn|[from] item: Leftovers
|upkeep
|turn|28
|
|t:|1757914038
|switch|p1a: Gallade|Gallade, M, shiny|100/100
|move|p2a: Clefable|Stored Power|p1a: Gallade
|-damage|p1a: Gallade|4/100
|-enditem|p1a: Gallade|Sitrus Berry|[eat]
|-heal|p1a: Gallade|29/100|[from] item: Sitrus Berry
|
|-heal|p2a: Clefable|37/100 psn|[from] item: Leftovers
|upkeep
|turn|29
|
|t:|1757914052
|move|p1a: Gallade|Sacred Sword|p2a: Clefable
|-damage|p2a: Clefable|0 fnt
|faint|p2a: Clefable
|
|upkeep
|inactive|Charle_phate has 120 seconds left.
|
|t:|1757914094
|switch|p2a: Landorus|Landorus-Therian, M|100/100
|-ability|p2a: Landorus|Intimidate|boost
|-unboost|p1a: Gallade|atk|1
|turn|30
|
|t:|1757914105
|move|p2a: Landorus|Earthquake|p1a: Gallade
|-damage|p1a: Gallade|0 fnt
|faint|p1a: Gallade
|-damage|p2a: Landorus|90/100|[from] item: Life Orb
|
|upkeep
|
|t:|1757914111
|switch|p1a: Dragapult|Dragapult, F|4/100
|turn|31
|inactive|Charle_phate has 90 seconds left.
|
|t:|1757914153
|move|p1a: Dragapult|Will-O-Wisp|p2a: Landorus
|-status|p2a: Landorus|brn
|move|p2a: Landorus|Earthquake|p1a: Dragapult
|-damage|p1a: Dragapult|0 fnt
|faint|p1a: Dragapult
|-damage|p2a: Landorus|80/100 brn|[from] item: Life Orb
|
|-damage|p2a: Landorus|74/100 brn|[from] brn
|upkeep
|
|t:|1757914169
|switch|p1a: Glimmora|Glimmora, M|90/100
|turn|32
|
|t:|1757914174
|move|p2a: Landorus|Earthquake|p1a: Glimmora
|-supereffective|p1a: Glimmora
|-damage|p1a: Glimmora|0 fnt
|-activate|p1a: Glimmora|ability: Toxic Debris
|-sidestart|p2: Charle_phate|move: Toxic Spikes
|faint|p1a: Glimmora
|-damage|p2a: Landorus|64/100 brn|[from] item: Life Orb
|
|-damage|p2a: Landorus|58/100 brn|[from] brn
|upkeep
|
|t:|1757914192
|switch|p1a: Kingambit|Kingambit, M|100/100
|turn|33
|
|t:|1757914200
|-terastallize|p1a: Kingambit|Fairy
|move|p2a: Landorus|Swords Dance|p2a: Landorus
|-boost|p2a: Landorus|atk|2
|move|p1a: Kingambit|Iron Head|p2a: Landorus
|-damage|p2a: Landorus|6/100 brn
|
|-damage|p2a: Landorus|0 fnt|[from] brn
|faint|p2a: Landorus
|upkeep
|
|t:|1757914211
|switch|p2a: Serperior|Serperior, M|28/100
|-status|p2a: Serperior|psn
|turn|34
|
|t:|1757914217
|move|p2a: Serperior|Glare|p1a: Kingambit
|-status|p1a: Kingambit|par
|cant|p1a: Kingambit|par
|
|-heal|p2a: Serperior|34/100 psn|[from] item: Leftovers
|-damage|p2a: Serperior|21/100 psn|[from] psn
|upkeep
|turn|35
|
|t:|1757914228
|move|p2a: Serperior|Leech Seed|p1a: Kingambit|[miss]
|-miss|p2a: Serperior|p1a: Kingambit
|move|p1a: Kingambit|Iron Head|p2a: Serperior
|-damage|p2a: Serperior|0 fnt
|faint|p2a: Serperior
|
|win|Aimsss
|raw|Aimsss's rating: 1363 &rarr; <strong>1386</strong><br />(+23 for winning)
|raw|Charle_phate's rating: 1418 &rarr; <strong>1395</strong><br />(-23 for losing)
|l|☆Aimsss
|player|p1|
|l|☆Charle_phate
|player|p2|
