|j|☆Mreda
|j|☆gjibao
|t:|1757961093
|gametype|singles
|player|p1|Mreda|steven|1403
|player|p2|gjibao|miku-fire|1440
|gen|9
|tier|[Gen 9] OU
|rated|
|rule|HP Percentage Mod: HP is shown in percentages
|rule|Endless Battle Clause: Forcing endless battles is banned
|rule|Species Clause: Limit one of each Pokémon
|rule|OHKO Clause: OHKO moves are banned
|rule|Evasion Items Clause: Evasion items are banned
|rule|Evasion Moves Clause: Evasion moves are banned
|rule|Evasion Abilities Clause: Evasion abilities are banned
|rule|Sleep Moves Clause: Sleep-inducing moves are banned
|clearpoke
|poke|p1|Kommo-o, M|
|poke|p1|Zapdos|
|poke|p1|Slowking-Galar, M|
|poke|p1|Gholdengo|
|poke|p1|Great Tusk|
|poke|p1|Meowscarada, M|
|poke|p2|Kyurem|
|poke|p2|Landorus-Therian, M|
|poke|p2|Darkrai|
|poke|p2|Garganacl, F|
|poke|p2|Great Tusk|
|poke|p2|Alomomola, M|
|teampreview
|inactive|Battle timer is ON: inactive players will automatically lose when time's up. (requested by gjibao)
|
|t:|1757961101
|teamsize|p1|6
|teamsize|p2|6
|start
|switch|p1a: Jocker|Meowscarada, M, shiny|100/100
|switch|p2a: Darkrai|Darkrai|100/100
|turn|1
|
|t:|1757961113
|switch|p2a: Landorus|Landorus-Therian, M|100/100
|-ability|p2a: Landorus|Intimidate|boost
|-unboost|p1a: Jocker|atk|1
|move|p1a: Jocker|U-turn|p2a: Landorus
|-start|p1a: Jocker|typechange|Bug|[from] ability: Protean
|-resisted|p2a: Landorus
|-damage|p2a: Landorus|82/100
|
|t:|1757961124
|switch|p1a: Destroyer|Great Tusk|100/100|[from] U-turn
|
|upkeep
|turn|2
|
|t:|1757961129
|-terastallize|p2a: Landorus|Flying
|move|p2a: Landorus|Tera Blast|p1a: Destroyer|[anim] Tera Blast Flying
|-supereffective|p1a: Destroyer
|-damage|p1a: Destroyer|7/100
|move|p1a: Destroyer|Ice Spinner|p2a: Landorus
|-supereffective|p2a: Landorus
|-damage|p2a: Landorus|20/100
|
|upkeep
|turn|3
|
|t:|1757961143
|switch|p2a: Garganacl|Garganacl, F|100/100
|-end|p1a: Destroyer|Protosynthesis|[silent]
|switch|p1a: Thor|Zapdos|100/100
|
|upkeep
|turn|4
|
|t:|1757961150
|move|p1a: Thor|Volt Switch|p2a: Garganacl
|-damage|p2a: Garganacl|79/100
|
|t:|1757961158
|switch|p1a: Gold|Gholdengo|100/100|[from] Volt Switch
|move|p2a: Garganacl|Stealth Rock|p1a: Gold
|-sidestart|p1: Mreda|move: Stealth Rock
|
|-heal|p2a: Garganacl|86/100|[from] item: Leftovers
|upkeep
|turn|5
|
|t:|1757961167
|move|p1a: Gold|Trick|p2a: Garganacl
|-activate|p1a: Gold|move: Trick|[of] p2a: Garganacl
|-item|p2a: Garganacl|Choice Scarf|[from] move: Trick
|-item|p1a: Gold|Leftovers|[from] move: Trick
|move|p2a: Garganacl|Salt Cure|p1a: Gold
|-resisted|p1a: Gold
|-damage|p1a: Gold|93/100
|-start|p1a: Gold|Salt Cure
|
|-heal|p1a: Gold|99/100|[from] item: Leftovers
|-damage|p1a: Gold|74/100|[from] Salt Cure
|upkeep
|turn|6
|
|t:|1757961178
|switch|p2a: Darkrai|Darkrai|100/100
|move|p1a: Gold|Make It Rain|p2a: Darkrai
|-damage|p2a: Darkrai|19/100
|-unboost|p1a: Gold|spa|1
|
|-heal|p2a: Darkrai|25/100|[from] item: Leftovers
|-heal|p1a: Gold|80/100|[from] item: Leftovers
|-damage|p1a: Gold|55/100|[from] Salt Cure
|upkeep
|turn|7
|
|t:|1757961190
|switch|p1a: Donald T.|Slowking-Galar, M|100/100
|-damage|p1a: Donald T.|88/100|[from] Stealth Rock
|move|p2a: Darkrai|Nasty Plot|p2a: Darkrai
|-boost|p2a: Darkrai|spa|2
|
|-heal|p2a: Darkrai|31/100|[from] item: Leftovers
|upkeep
|turn|8
|
|t:|1757961200
|move|p2a: Darkrai|Dark Pulse|p1a: Donald T.
|-supereffective|p1a: Donald T.
|-damage|p1a: Donald T.|20/100
|cant|p1a: Donald T.|flinch
|
|-heal|p2a: Darkrai|37/100|[from] item: Leftovers
|upkeep
|turn|9
|
|t:|1757961214
|switch|p1a: Destroyer|Great Tusk|7/100
|move|p2a: Darkrai|Dark Pulse|p1a: Destroyer
|-resisted|p1a: Destroyer
|-damage|p1a: Destroyer|0 fnt
|faint|p1a: Destroyer
|-end|p1a: Destroyer|Protosynthesis|[silent]
|
|-heal|p2a: Darkrai|43/100|[from] item: Leftovers
|upkeep
|
|t:|1757961226
|switch|p1a: Kaisar|Kommo-o, M|100/100
|-damage|p1a: Kaisar|94/100|[from] Stealth Rock
|turn|10
|
|t:|1757961232
|-terastallize|p1a: Kaisar|Normal
|move|p2a: Darkrai|Ice Beam|p1a: Kaisar
|-damage|p1a: Kaisar|30/100
|-status|p1a: Kaisar|frz
|cant|p1a: Kaisar|frz
|
|-heal|p2a: Darkrai|49/100|[from] item: Leftovers
|upkeep
|turn|11
|c|☆gjibao|gg
|c|☆Mreda|Fuck this game
|c|☆gjibao|hhh
|c|☆gjibao|sry
|inactive|Mreda has 120 seconds left.
|
|t:|1757961268
|move|p2a: Darkrai|Dark Pulse|p1a: Kaisar
|-damage|p1a: Kaisar|0 fnt
|faint|p1a: Kaisar
|
|-heal|p2a: Darkrai|55/100|[from] item: Leftovers
|upkeep
|
|t:|1757961275
|switch|p1a: Jocker|Meowscarada, M, shiny|100/100
|-damage|p1a: Jocker|88/100|[from] Stealth Rock
|turn|12
|
|t:|1757961279
|move|p2a: Darkrai|Sludge Bomb|p1a: Jocker
|-supereffective|p1a: Jocker
|-damage|p1a: Jocker|0 fnt
|faint|p1a: Jocker
|
|-heal|p2a: Darkrai|61/100|[from] item: Leftovers
|upkeep
|
|t:|1757961287
|switch|p1a: Thor|Zapdos|100/100
|turn|13
|
|t:|1757961297
|move|p2a: Darkrai|Ice Beam|p1a: Thor
|-supereffective|p1a: Thor
|-damage|p1a: Thor|1/100
|move|p1a: Thor|Hurricane|p2a: Darkrai|[miss]
|-miss|p1a: Thor|p2a: Darkrai
|
|-heal|p2a: Darkrai|67/100|[from] item: Leftovers
|upkeep
|turn|14
|
|t:|1757961307
|move|p2a: Darkrai|Dark Pulse|p1a: Thor
|-damage|p1a: Thor|0 fnt
|faint|p1a: Thor
|
|-heal|p2a: Darkrai|73/100|[from] item: Leftovers
|upkeep
|
|t:|1757961314
|switch|p1a: Donald T.|Slowking-Galar, M|54/100
|-damage|p1a: Donald T.|41/100|[from] Stealth Rock
|turn|15
|
|t:|1757961326
|switch|p1a: Gold|Gholdengo|55/100
|-damage|p1a: Gold|49/100|[from] Stealth Rock
|move|p2a: Darkrai|Dark Pulse|p1a: Gold
|-supereffective|p1a: Gold
|-damage|p1a: Gold|0 fnt
|faint|p1a: Gold
|
|-heal|p2a: Darkrai|80/100|[from] item: Leftovers
|upkeep
|
|t:|1757961337
|switch|p1a: Donald T.|Slowking-Galar, M|74/100
|-damage|p1a: Donald T.|62/100|[from] Stealth Rock
|turn|16
|
|t:|1757961342
|move|p2a: Darkrai|Dark Pulse|p1a: Donald T.
|-supereffective|p1a: Donald T.
|-damage|p1a: Donald T.|0 fnt
|faint|p1a: Donald T.
|
|win|gjibao
|raw|Mreda's rating: 1403 &rarr; <strong>1385</strong><br />(-18 for losing)
|raw|gjibao's rating: 1440 &rarr; <strong>1458</strong><br />(+18 for winning)
|c|☆gjibao|gg
