|j|☆sanmedina
|j|☆Antwan670
|t:|1757857932
|gametype|singles
|player|p1|sanmedina|ltsurge-gen2|1148
|player|p2|Antwan670|102|1139
|gen|9
|tier|[Gen 9] OU
|rated|
|rule|HP Percentage Mod: HP is shown in percentages
|rule|Endless Battle Clause: Forcing endless battles is banned
|rule|Species Clause: Limit one of each Pokémon
|rule|OHKO Clause: OHKO moves are banned
|rule|Evasion Items Clause: Evasion items are banned
|rule|Evasion Moves Clause: Evasion moves are banned
|rule|Evasion Abilities Clause: Evasion abilities are banned
|rule|Sleep Moves Clause: Sleep-inducing moves are banned
|clearpoke
|poke|p1|Weavile, M|
|poke|p1|Corviknight, M|
|poke|p1|Swampert, M|
|poke|p1|Latios, M|
|poke|p1|Iron Moth|
|poke|p1|Dragapult, M|
|poke|p2|Dragonite, F|
|poke|p2|Metagross|
|poke|p2|Typhlosion, M|
|poke|p2|Espeon, F|
|poke|p2|Sceptile, F|
|poke|p2|Blastoise, F|
|teampreview
|inactive|Battle timer is ON: inactive players will automatically lose when time's up. (requested by sanmedina)
|
|t:|1757857958
|teamsize|p1|6
|teamsize|p2|6
|start
|switch|p1a: Swampert|Swampert, M|100/100
|switch|p2a: Espeon|Espeon, F|100/100
|turn|1
|
|t:|1757857965
|move|p2a: Espeon|Psychic|p1a: Swampert
|-crit|p1a: Swampert
|-damage|p1a: Swampert|46/100
|move|p1a: Swampert|Knock Off|p2a: Espeon
|-supereffective|p2a: Espeon
|-damage|p2a: Espeon|14/100
|-enditem|p2a: Espeon|Focus Sash|[from] move: Knock Off|[of] p1a: Swampert
|
|-heal|p1a: Swampert|52/100|[from] item: Leftovers
|upkeep
|turn|2
|
|t:|1757857978
|move|p2a: Espeon|Alluring Voice|p1a: Swampert
|-damage|p1a: Swampert|29/100
|move|p1a: Swampert|Flip Turn|p2a: Espeon
|-damage|p2a: Espeon|0 fnt
|faint|p2a: Espeon
|
|t:|1757857991
|switch|p1a: Weavile|Weavile, M|100/100|[from] Flip Turn
|-ability|p1a: Weavile|Pressure
|
|upkeep
|
|t:|1757858003
|switch|p2a: Sceptile|Sceptile, F|100/100
|turn|3
|
|t:|1757858013
|move|p1a: Weavile|Knock Off|p2a: Sceptile
|-enditem|p2a: Sceptile|Focus Sash
|-damage|p2a: Sceptile|1/100
|move|p2a: Sceptile|Endeavor|p1a: Weavile
|-damage|p1a: Weavile|1/100
|
|upkeep
|turn|4
|
|t:|1757858036
|move|p2a: Sceptile|Quick Attack|p1a: Weavile
|-damage|p1a: Weavile|0 fnt
|faint|p1a: Weavile
|
|upkeep
|
|t:|1757858049
|switch|p1a: Corviknight|Corviknight, M|100/100
|-ability|p1a: Corviknight|Pressure
|turn|5
|
|t:|1757858056
|move|p2a: Sceptile|Endeavor|p1a: Corviknight
|-damage|p1a: Corviknight|1/100
|move|p1a: Corviknight|U-turn|p2a: Sceptile
|-supereffective|p2a: Sceptile
|-damage|p2a: Sceptile|0 fnt
|faint|p2a: Sceptile
|
|t:|1757858065
|switch|p1a: Swampert|Swampert, M|29/100|[from] U-turn
|
|-heal|p1a: Swampert|35/100|[from] item: Leftovers
|upkeep
|
|t:|1757858073
|switch|p2a: Blastoise|Blastoise, F|100/100
|turn|6
|
|t:|1757858086
|move|p2a: Blastoise|Fake Out|p1a: Swampert
|-damage|p1a: Swampert|29/100
|cant|p1a: Swampert|flinch
|
|-heal|p1a: Swampert|35/100|[from] item: Leftovers
|upkeep
|turn|7
|
|t:|1757858093
|move|p2a: Blastoise|Hydro Cannon|p1a: Swampert
|-damage|p1a: Swampert|0 fnt
|-mustrecharge|p2a: Blastoise
|faint|p1a: Swampert
|
|upkeep
|
|t:|1757858108
|switch|p1a: Corviknight|Corviknight, M|1/100
|-ability|p1a: Corviknight|Pressure
|turn|8
|
|t:|1757858114
|cant|p2a: Blastoise|recharge
|move|p1a: Corviknight|Roost|p1a: Corviknight
|-heal|p1a: Corviknight|51/100
|-singleturn|p1a: Corviknight|move: Roost
|
|-heal|p1a: Corviknight|57/100|[from] item: Leftovers
|upkeep
|turn|9
|inactive|sanmedina has 120 seconds left.
|
|t:|1757858148
|move|p2a: Blastoise|Hydro Cannon|p1a: Corviknight
|-damage|p1a: Corviknight|0 fnt
|-mustrecharge|p2a: Blastoise
|faint|p1a: Corviknight
|
|upkeep
|inactive|sanmedina has 120 seconds left.
|
|t:|1757858155
|switch|p1a: Latios|Latios, M|100/100
|turn|10
|
|t:|1757858163
|move|p1a: Latios|Luster Purge|p2a: Blastoise
|-damage|p2a: Blastoise|73/100
|-unboost|p2a: Blastoise|spd|1
|cant|p2a: Blastoise|recharge
|
|upkeep
|turn|11
|
|t:|1757858169
|move|p1a: Latios|Luster Purge|p2a: Blastoise
|-damage|p2a: Blastoise|30/100
|move|p2a: Blastoise|Dark Pulse|p1a: Latios
|-supereffective|p1a: Latios
|-damage|p1a: Latios|48/100
|
|upkeep
|turn|12
|c|☆sanmedina|wtf is this team i swear to god
|
|t:|1757858185
|move|p1a: Latios|Luster Purge|p2a: Blastoise
|-damage|p2a: Blastoise|0 fnt
|faint|p2a: Blastoise
|
|upkeep
|c|☆Antwan670|it's beautiful
|c|☆sanmedina|looks straight out of a tempt6t video
|
|t:|1757858196
|switch|p2a: Dragonite|Dragonite, F|100/100
|turn|13
|c|☆Antwan670|thank you
|c|☆sanmedina|i hope ur making slop off this
|c|☆sanmedina|that was not a compliment
|c|☆sanmedina|lmao
|c|☆Antwan670|definitely
|
|t:|1757858216
|-terastallize|p2a: Dragonite|Normal
|move|p1a: Latios|Luster Purge|p2a: Dragonite
|-damage|p2a: Dragonite|74/100
|move|p2a: Dragonite|Dragon Dance|p2a: Dragonite
|-boost|p2a: Dragonite|atk|1
|-boost|p2a: Dragonite|spe|1
|
|upkeep
|turn|14
|c|☆Antwan670|don't be rude
|
|t:|1757858237
|move|p1a: Latios|Luster Purge|p2a: Dragonite
|-crit|p2a: Dragonite
|-damage|p2a: Dragonite|2/100
|-unboost|p2a: Dragonite|spd|1
|move|p2a: Dragonite|Outrage|p1a: Latios
|-supereffective|p1a: Latios
|-damage|p1a: Latios|0 fnt
|faint|p1a: Latios
|
|upkeep
|
|t:|1757858248
|switch|p1a: Iron Moth|Iron Moth|100/100
|-enditem|p1a: Iron Moth|Booster Energy
|-activate|p1a: Iron Moth|ability: Quark Drive|[fromitem]
|-start|p1a: Iron Moth|quarkdrivespe
|turn|15
|
|t:|1757858257
|move|p1a: Iron Moth|Fiery Dance|p2a: Dragonite
|-damage|p2a: Dragonite|0 fnt
|-boost|p1a: Iron Moth|spa|1
|faint|p2a: Dragonite
|
|upkeep
|
|t:|1757858269
|switch|p2a: Metagross|Metagross|100/100
|-item|p2a: Metagross|Air Balloon
|turn|16
|
|t:|1757858293
|move|p2a: Metagross|Bullet Punch|p1a: Iron Moth
|-resisted|p1a: Iron Moth
|-damage|p1a: Iron Moth|84/100
|move|p1a: Iron Moth|Fiery Dance|p2a: Metagross
|-supereffective|p2a: Metagross
|-damage|p2a: Metagross|0 fnt
|-enditem|p2a: Metagross|Air Balloon
|faint|p2a: Metagross
|
|upkeep
|
|t:|1757858301
|switch|p2a: Typhlosion|Typhlosion, M|100/100
|turn|17
|
|t:|1757858322
|move|p1a: Iron Moth|Sludge Wave|p2a: Typhlosion
|-damage|p2a: Typhlosion|5/100
|move|p2a: Typhlosion|Scorching Sands|p1a: Iron Moth
|-supereffective|p1a: Iron Moth
|-damage|p1a: Iron Moth|0 fnt
|faint|p1a: Iron Moth
|-end|p1a: Iron Moth|Quark Drive|[silent]
|
|upkeep
|c|☆Antwan670|g
|c|☆Antwan670|gg
|c|☆Antwan670|don't be rude in the future
|
|t:|1757858331
|switch|p1a: Dragapult|Dragapult, M|100/100
|turn|18
|c|☆Antwan670|it's really not cool
|
|t:|1757858338
|-terastallize|p1a: Dragapult|Dragon
|move|p2a: Typhlosion|Scorching Sands|p1a: Dragapult
|-damage|p1a: Dragapult|67/100
|move|p1a: Dragapult|Shadow Ball|p2a: Typhlosion
|-damage|p2a: Typhlosion|0 fnt
|faint|p2a: Typhlosion
|-damage|p1a: Dragapult|57/100|[from] item: Life Orb
|
|win|sanmedina
|raw|sanmedina's rating: 1148 &rarr; <strong>1172</strong><br />(+24 for winning)
|raw|Antwan670's rating: 1139 &rarr; <strong>1115</strong><br />(-24 for losing)
|c|☆sanmedina|lmao
|c|☆Antwan670|cool team
|c|☆sanmedina|i stole it from 1400s main
|c|☆sanmedina|trying to figure it out
|c|☆Antwan670|it's at least different.  I like unique teams
|c|☆Antwan670|it's more fun
|l|☆sanmedina
|player|p1|
|c|☆Antwan670|I don't see enough weaville or swampert these days
|l|☆Antwan670
|player|p2|
