|j|☆Krabarabarab
|j|☆bnar19
|inactive|Battle timer is ON: inactive players will automatically lose when time's up.
|t:|1757904102
|gametype|singles
|player|p1|Krabarabarab|barry|
|player|p2|bnar19|palmer|
|gen|9
|tier|[Gen 9] OU
|rated|Tournament battle
|rule|HP Percentage Mod: HP is shown in percentages
|rule|Endless Battle Clause: Forcing endless battles is banned
|rule|Species Clause: Limit one of each Pokémon
|rule|OHKO Clause: OHKO moves are banned
|rule|Evasion Items Clause: Evasion items are banned
|rule|Evasion Moves Clause: Evasion moves are banned
|rule|Evasion Abilities Clause: Evasion abilities are banned
|rule|Sleep Moves Clause: Sleep-inducing moves are banned
|raw|<div class="infobox"><details class="readmore"><summary><strong>15 custom rules:</strong></summary> -burmy, -caterpie, -combee, -kricketot, -magikarp, -scatterbug, -sunkern, -tynamo, -typenull, -weedle, -wurmple, -cosmog, -blipbug, -snom, -wynaut</details></div>
|clearpoke
|poke|p1|Munchlax, M|
|poke|p1|Electrode-Hisui|
|poke|p1|Swanna, F|
|poke|p2|Houndoom, F|
|poke|p2|Hippowdon, F|
|poke|p2|Cloyster, M|
|teampreview
|j|*Lady Monita ☀
|inactive|Krabarabarab also wants the timer to be on.
|c|☆Krabarabarab|glhf
|c|☆bnar19|you too!
|
|t:|1757904123
|teamsize|p1|3
|teamsize|p2|3
|start
|switch|p1a: Swanna|Swanna, F, shiny|100/100
|switch|p2a: Hippowdon|Hippowdon, F|100/100
|-weather|Sandstorm|[from] ability: Sand Stream|[of] p2a: Hippowdon
|turn|1
|
|t:|1757904130
|move|p1a: Swanna|Hydro Pump|p2a: Hippowdon
|-supereffective|p2a: Hippowdon
|-damage|p2a: Hippowdon|0 fnt
|faint|p2a: Hippowdon
|-damage|p1a: Swanna|91/100|[from] item: Life Orb
|
|-weather|Sandstorm|[upkeep]
|-damage|p1a: Swanna|84/100|[from] Sandstorm
|upkeep
|
|t:|1757904138
|switch|p2a: Cloyster|Cloyster, M|100/100
|turn|2
|
|t:|1757904143
|move|p1a: Swanna|Air Slash|p2a: Cloyster
|-damage|p2a: Cloyster|43/100
|-damage|p1a: Swanna|74/100|[from] item: Life Orb
|move|p2a: Cloyster|Ice Spinner|p1a: Swanna
|-damage|p1a: Swanna|15/100
|
|-weather|Sandstorm|[upkeep]
|-damage|p1a: Swanna|9/100|[from] Sandstorm
|-damage|p2a: Cloyster|37/100|[from] Sandstorm
|upkeep
|turn|3
|
|t:|1757904151
|move|p2a: Cloyster|Ice Shard|p1a: Swanna
|-damage|p1a: Swanna|0 fnt
|faint|p1a: Swanna
|
|-weather|Sandstorm|[upkeep]
|-damage|p2a: Cloyster|32/100|[from] Sandstorm
|upkeep
|
|t:|1757904154
|switch|p1a: Electrode|Electrode-Hisui, shiny|100/100
|turn|4
|
|t:|1757904169
|move|p2a: Cloyster|Ice Shard|p1a: Electrode
|-supereffective|p1a: Electrode
|-damage|p1a: Electrode|35/100
|move|p1a: Electrode|Thunderbolt|p2a: Cloyster
|-supereffective|p2a: Cloyster
|-damage|p2a: Cloyster|0 fnt
|faint|p2a: Cloyster
|
|-weather|Sandstorm|[upkeep]
|-damage|p1a: Electrode|29/100|[from] Sandstorm
|upkeep
|
|t:|1757904179
|switch|p2a: Houndoom|Houndoom, F|100/100
|turn|5
|
|t:|1757904190
|move|p1a: Electrode|Thunderbolt|p2a: Houndoom
|-damage|p2a: Houndoom|32/100
|move|p2a: Houndoom|Flamethrower|p1a: Electrode
|-supereffective|p1a: Electrode
|-damage|p1a: Electrode|0 fnt
|faint|p1a: Electrode
|
|-weather|none
|upkeep
|
|t:|1757904195
|switch|p1a: Munchlax|Munchlax, M|100/100
|turn|6
|
|t:|1757904201
|move|p2a: Houndoom|Flamethrower|p1a: Munchlax
|-damage|p1a: Munchlax|88/100
|move|p1a: Munchlax|Substitute|p1a: Munchlax
|-start|p1a: Munchlax|Substitute
|-damage|p1a: Munchlax|63/100
|
|upkeep
|turn|7
|
|t:|1757904209
|move|p2a: Houndoom|Dark Pulse|p1a: Munchlax
|-activate|p1a: Munchlax|move: Substitute|[damage]
|move|p1a: Munchlax|Curse|p1a: Munchlax
|-unboost|p1a: Munchlax|spe|1
|-boost|p1a: Munchlax|atk|1
|-boost|p1a: Munchlax|def|1
|
|upkeep
|turn|8
|
|t:|1757904218
|move|p2a: Houndoom|Dark Pulse|p1a: Munchlax
|-end|p1a: Munchlax|Substitute
|move|p1a: Munchlax|Body Slam|p2a: Houndoom
|-damage|p2a: Houndoom|0 fnt
|faint|p2a: Houndoom
|
|win|Krabarabarab
|n|☆Krabarabarab|krabarabarab
|n|☆bnar19|bnar19
|n|*Lady Monita ☀|ladymonita
