|j|☆GreenSpot
|j|☆blunderscore
|t:|1757862653
|gametype|singles
|player|p1|GreenSpot|skyla|1299
|player|p2|blunderscore|medium|1294
|gen|9
|tier|[Gen 9] OU
|rated|
|rule|HP Percentage Mod: HP is shown in percentages
|rule|Endless Battle Clause: Forcing endless battles is banned
|rule|Species Clause: Limit one of each Pokémon
|rule|OHKO Clause: OHKO moves are banned
|rule|Evasion Items Clause: Evasion items are banned
|rule|Evasion Moves Clause: Evasion moves are banned
|rule|Evasion Abilities Clause: Evasion abilities are banned
|rule|Sleep Moves Clause: Sleep-inducing moves are banned
|clearpoke
|poke|p1|Meowscarada, M|
|poke|p1|Scizor, F|
|poke|p1|Garchomp, F|
|poke|p1|Raikou|
|poke|p1|Sylveon, M|
|poke|p1|Metagross|
|poke|p2|Torkoal, F|
|poke|p2|Hatterene, F|
|poke|p2|Raging Bolt|
|poke|p2|Slither Wing|
|poke|p2|Venusaur, F|
|poke|p2|Walking Wake|
|teampreview
|inactive|Battle timer is ON: inactive players will automatically lose when time's up. (requested by GreenSpot)
|
|t:|1757862669
|teamsize|p1|6
|teamsize|p2|6
|start
|switch|p1a: Metagross|Metagross|100/100
|switch|p2a: Torkoal|Torkoal, F|100/100
|-weather|SunnyDay|[from] ability: Drought|[of] p2a: Torkoal
|turn|1
|
|t:|1757862676
|move|p1a: Metagross|Earthquake|p2a: Torkoal
|-supereffective|p2a: Torkoal
|-damage|p2a: Torkoal|35/100
|move|p2a: Torkoal|Stealth Rock|p1a: Metagross
|-sidestart|p1: GreenSpot|move: Stealth Rock
|
|-weather|SunnyDay|[upkeep]
|upkeep
|turn|2
|
|t:|1757862685
|switch|p2a: Slither Wing|Slither Wing|100/100
|-activate|p2a: Slither Wing|ability: Protosynthesis
|-start|p2a: Slither Wing|protosynthesisatk
|move|p1a: Metagross|Earthquake|p2a: Slither Wing
|-resisted|p2a: Slither Wing
|-damage|p2a: Slither Wing|75/100
|
|-weather|SunnyDay|[upkeep]
|upkeep
|turn|3
|
|t:|1757862693
|move|p2a: Slither Wing|Temper Flare|p1a: Metagross
|-supereffective|p1a: Metagross
|-damage|p1a: Metagross|3/100
|move|p1a: Metagross|Zen Headbutt|p2a: Slither Wing
|-supereffective|p2a: Slither Wing
|-damage|p2a: Slither Wing|0 fnt
|faint|p2a: Slither Wing
|-end|p2a: Slither Wing|Protosynthesis|[silent]
|
|-weather|SunnyDay|[upkeep]
|upkeep
|c|☆GreenSpot|lol
|
|t:|1757862702
|switch|p2a: Venusaur|Venusaur, F|100/100
|turn|4
|-enditem|p1a: Metagross|Custap Berry|[eat]
|-activate|p1a: Metagross|item: Custap Berry|[consumed]
|
|t:|1757862707
|move|p1a: Metagross|Explosion|p2a: Venusaur
|-damage|p2a: Venusaur|0 fnt
|faint|p1a: Metagross
|faint|p2a: Venusaur
|
|-weather|SunnyDay|[upkeep]
|upkeep
|c|☆blunderscore|f
|
|t:|1757862725
|switch|p2a: Walking Wake|Walking Wake|100/100
|switch|p1a: Garchomp|Garchomp, F|100/100
|-damage|p1a: Garchomp|94/100|[from] Stealth Rock
|-activate|p2a: Walking Wake|ability: Protosynthesis
|-start|p2a: Walking Wake|protosynthesisspe
|turn|5
|
|t:|1757862733
|move|p2a: Walking Wake|Flip Turn|p1a: Garchomp
|-damage|p1a: Garchomp|86/100
|-damage|p2a: Walking Wake|88/100|[from] ability: Rough Skin|[of] p1a: Garchomp
|-damage|p2a: Walking Wake|72/100|[from] item: Rocky Helmet|[of] p1a: Garchomp
|
|t:|1757862735
|-end|p2a: Walking Wake|Protosynthesis|[silent]
|switch|p2a: Hatterene|Hatterene, F|100/100|[from] Flip Turn
|-item|p2a: Hatterene|Air Balloon
|move|p1a: Garchomp|Outrage|p2a: Hatterene
|-immune|p2a: Hatterene
|
|-weather|SunnyDay|[upkeep]
|upkeep
|turn|6
|
|t:|1757862749
|move|p1a: Garchomp|Stealth Rock|p2a: Hatterene
|move|p2a: Hatterene|Stealth Rock||[from] ability: Magic Bounce|[still]
|-fail|p2a: Hatterene
|move|p2a: Hatterene|Trick Room|p2a: Hatterene
|-fieldstart|move: Trick Room|[of] p2a: Hatterene
|
|-weather|SunnyDay|[upkeep]
|upkeep
|turn|7
|
|t:|1757862765
|switch|p1a: Raikou|Raikou|100/100
|-ability|p1a: Raikou|Pressure
|move|p2a: Hatterene|Dazzling Gleam|p1a: Raikou
|-damage|p1a: Raikou|60/100
|
|-weather|SunnyDay|[upkeep]
|upkeep
|turn|8
|
|t:|1757862778
|move|p2a: Hatterene|Psychic Noise|p1a: Raikou
|-damage|p1a: Raikou|23/100
|-start|p1a: Raikou|move: Heal Block
|move|p1a: Raikou|Volt Switch|p2a: Hatterene
|-damage|p2a: Hatterene|63/100
|-enditem|p2a: Hatterene|Air Balloon
|
|t:|1757862790
|switch|p1a: Scizor|Scizor, F|100/100|[from] Volt Switch
|
|-weather|none
|upkeep
|turn|9
|
|t:|1757862794
|switch|p2a: Torkoal|Torkoal, F|35/100
|-weather|SunnyDay|[from] ability: Drought|[of] p2a: Torkoal
|move|p1a: Scizor|Bullet Punch|p2a: Torkoal
|-resisted|p2a: Torkoal
|-damage|p2a: Torkoal|20/100
|
|-weather|SunnyDay|[upkeep]
|upkeep
|turn|10
|
|t:|1757862807
|switch|p1a: Garchomp|Garchomp, F|86/100
|-damage|p1a: Garchomp|80/100|[from] Stealth Rock
|move|p2a: Torkoal|Overheat|p1a: Garchomp
|-resisted|p1a: Garchomp
|-damage|p1a: Garchomp|32/100
|-unboost|p2a: Torkoal|spa|2
|
|-weather|SunnyDay|[upkeep]
|-fieldend|move: Trick Room
|upkeep
|turn|11
|
|t:|1757862816
|switch|p2a: Hatterene|Hatterene, F|63/100
|move|p1a: Garchomp|Stealth Rock|p2a: Hatterene
|move|p2a: Hatterene|Stealth Rock||[from] ability: Magic Bounce|[still]
|-fail|p2a: Hatterene
|
|-weather|SunnyDay|[upkeep]
|upkeep
|turn|12
|
|t:|1757862830
|move|p1a: Garchomp|Earthquake|p2a: Hatterene
|-damage|p2a: Hatterene|23/100
|move|p2a: Hatterene|Trick Room|p2a: Hatterene
|-fieldstart|move: Trick Room|[of] p2a: Hatterene
|
|-weather|SunnyDay|[upkeep]
|upkeep
|turn|13
|
|t:|1757862836
|move|p2a: Hatterene|Healing Wish|p2a: Hatterene
|faint|p2a: Hatterene
|move|p1a: Garchomp|Earthquake|p2: Hatterene|[notarget]
|-fail|p1a: Garchomp
|
|-weather|SunnyDay|[upkeep]
|upkeep
|
|t:|1757862839
|switch|p2a: Torkoal|Torkoal, F|20/100
|-heal|p2a: Torkoal|100/100|[from] move: Healing Wish
|turn|14
|
|t:|1757862843
|move|p2a: Torkoal|Eruption|p1a: Garchomp
|-resisted|p1a: Garchomp
|-damage|p1a: Garchomp|0 fnt
|faint|p1a: Garchomp
|
|-weather|SunnyDay|[upkeep]
|upkeep
|
|t:|1757862864
|switch|p1a: Raikou|Raikou|23/100
|-ability|p1a: Raikou|Pressure
|turn|15
|
|t:|1757862871
|move|p2a: Torkoal|Earthquake|p1a: Raikou
|-supereffective|p1a: Raikou
|-damage|p1a: Raikou|0 fnt
|faint|p1a: Raikou
|
|-weather|SunnyDay|[upkeep]
|upkeep
|
|t:|1757862877
|switch|p1a: Scizor|Scizor, F|100/100
|turn|16
|
|t:|1757862881
|move|p1a: Scizor|Bullet Punch|p2a: Torkoal
|-resisted|p2a: Torkoal
|-damage|p2a: Torkoal|85/100
|move|p2a: Torkoal|Eruption|p1a: Scizor
|-supereffective|p1a: Scizor
|-damage|p1a: Scizor|0 fnt
|faint|p1a: Scizor
|
|-weather|none
|-fieldend|move: Trick Room
|upkeep
|
|t:|1757862888
|switch|p1a: Meowscarada|Meowscarada, M|100/100
|turn|17
|
|t:|1757862894
|move|p1a: Meowscarada|Knock Off|p2a: Torkoal
|-start|p1a: Meowscarada|typechange|Dark|[from] ability: Protean
|-damage|p2a: Torkoal|47/100
|-enditem|p2a: Torkoal|Heat Rock|[from] move: Knock Off|[of] p1a: Meowscarada
|move|p2a: Torkoal|Overheat|p1a: Meowscarada
|-damage|p1a: Meowscarada|7/100
|-unboost|p2a: Torkoal|spa|2
|
|upkeep
|turn|18
|
|t:|1757862904
|switch|p2a: Raging Bolt|Raging Bolt|100/100
|move|p1a: Meowscarada|Knock Off|p2a: Raging Bolt
|-damage|p2a: Raging Bolt|58/100
|-enditem|p2a: Raging Bolt|Life Orb|[from] move: Knock Off|[of] p1a: Meowscarada
|
|upkeep
|turn|19
|
|t:|1757862910
|move|p2a: Raging Bolt|Thunderclap|p1a: Meowscarada
|-damage|p1a: Meowscarada|0 fnt
|faint|p1a: Meowscarada
|
|upkeep
|
|t:|1757862914
|switch|p1a: Sylveon|Sylveon, M, shiny|100/100
|-damage|p1a: Sylveon|88/100|[from] Stealth Rock
|turn|20
|
|t:|1757862918
|-end|p2a: Raging Bolt|Protosynthesis|[silent]
|switch|p2a: Torkoal|Torkoal, F|47/100
|-weather|SunnyDay|[from] ability: Drought|[of] p2a: Torkoal
|-terastallize|p1a: Sylveon|Fairy
|move|p1a: Sylveon|Hyper Voice|p2a: Torkoal
|-resisted|p2a: Torkoal
|-damage|p2a: Torkoal|3/100
|
|-weather|SunnyDay|[upkeep]
|upkeep
|turn|21
|
|t:|1757862927
|move|p1a: Sylveon|Hyper Voice|p2a: Torkoal
|-resisted|p2a: Torkoal
|-damage|p2a: Torkoal|0 fnt
|faint|p2a: Torkoal
|
|-weather|SunnyDay|[upkeep]
|upkeep
|
|t:|1757862930
|switch|p2a: Walking Wake|Walking Wake|72/100
|-activate|p2a: Walking Wake|ability: Protosynthesis
|-start|p2a: Walking Wake|protosynthesisspe
|turn|22
|
|t:|1757862936
|-terastallize|p2a: Walking Wake|Fairy
|move|p2a: Walking Wake|Hydro Steam|p1a: Sylveon
|-damage|p1a: Sylveon|37/100
|move|p1a: Sylveon|Hyper Voice|p2a: Walking Wake
|-crit|p2a: Walking Wake
|-damage|p2a: Walking Wake|0 fnt
|faint|p2a: Walking Wake
|-end|p2a: Walking Wake|Protosynthesis|[silent]
|
|-weather|SunnyDay|[upkeep]
|upkeep
|
|t:|1757862940
|switch|p2a: Raging Bolt|Raging Bolt|58/100
|-activate|p2a: Raging Bolt|ability: Protosynthesis
|-start|p2a: Raging Bolt|protosynthesisspa
|turn|23
|
|t:|1757862948
|move|p2a: Raging Bolt|Thunderclap|p1a: Sylveon
|-damage|p1a: Sylveon|0 fnt
|faint|p1a: Sylveon
|
|win|blunderscore
|raw|GreenSpot's rating: 1299 &rarr; <strong>1274</strong><br />(-25 for losing)
|raw|blunderscore's rating: 1294 &rarr; <strong>1319</strong><br />(+25 for winning)
|c|☆blunderscore|gg
|l|☆GreenSpot
|player|p1|
