|j|☆Fachemaispasfacho
|j|☆WQX jiahe
|t:|1757943125
|gametype|singles
|player|p1|Fachemaispasfacho|backpacker|1301
|player|p2|WQX jiahe|rosa-masters|1243
|gen|9
|tier|[Gen 9] OU
|rated|
|rule|HP Percentage Mod: HP is shown in percentages
|rule|Endless Battle Clause: Forcing endless battles is banned
|rule|Species Clause: Limit one of each Pokémon
|rule|OHKO Clause: OHKO moves are banned
|rule|Evasion Items Clause: Evasion items are banned
|rule|Evasion Moves Clause: Evasion moves are banned
|rule|Evasion Abilities Clause: Evasion abilities are banned
|rule|Sleep Moves Clause: Sleep-inducing moves are banned
|clearpoke
|poke|p1|Golduck, M|
|poke|p1|Dragapult, M|
|poke|p1|Zapdos|
|poke|p1|Pelipper, M|
|poke|p1|Iron Treads|
|poke|p1|Samurott-Hisui, M|
|poke|p2|Raging Bolt|
|poke|p2|Pecharunt|
|poke|p2|Iron Treads|
|poke|p2|Greninja-*, M|
|poke|p2|Rillaboom, M|
|poke|p2|Moltres|
|teampreview
|inactive|Battle timer is ON: inactive players will automatically lose when time's up. (requested by WQX jiahe)
|
|t:|1757943137
|teamsize|p1|6
|teamsize|p2|6
|start
|switch|p1a: WingedRat|Pelipper, M|100/100
|switch|p2a: Raging Bolt|Raging Bolt|100/100
|-weather|RainDance|[from] ability: Drizzle|[of] p1a: WingedRat
|turn|1
|
|t:|1757943146
|switch|p1a: Droideka|Iron Treads|100/100
|move|p2a: Raging Bolt|Draco Meteor|p1a: Droideka
|-resisted|p1a: Droideka
|-damage|p1a: Droideka|52/100
|-unboost|p2a: Raging Bolt|spa|2
|
|-weather|RainDance|[upkeep]
|-heal|p1a: Droideka|59/100|[from] item: Leftovers
|upkeep
|turn|2
|
|t:|1757943152
|-end|p2a: Raging Bolt|Protosynthesis|[silent]
|switch|p2a: Moltres|Moltres|100/100
|move|p1a: Droideka|Stealth Rock|p2a: Moltres
|-sidestart|p2: WQX jiahe|move: Stealth Rock
|
|-weather|RainDance|[upkeep]
|-heal|p1a: Droideka|65/100|[from] item: Leftovers
|upkeep
|turn|3
|
|t:|1757943157
|move|p1a: Droideka|Volt Switch|p2a: Moltres
|-supereffective|p2a: Moltres
|-damage|p2a: Moltres|84/100
|
|t:|1757943161
|-end|p1a: Droideka|Quark Drive|[silent]
|switch|p1a: BigBird|Zapdos|100/100|[from] Volt Switch
|move|p2a: Moltres|Flamethrower|p1a: BigBird
|-damage|p1a: BigBird|82/100
|-status|p1a: BigBird|brn
|
|-weather|RainDance|[upkeep]
|-damage|p1a: BigBird|76/100 brn|[from] brn
|upkeep
|turn|4
|
|t:|1757943167
|switch|p2a: Raging Bolt|Raging Bolt|100/100
|-damage|p2a: Raging Bolt|88/100|[from] Stealth Rock
|move|p1a: BigBird|U-turn|p2a: Raging Bolt
|-damage|p2a: Raging Bolt|82/100
|
|t:|1757943170
|switch|p1a: Droideka|Iron Treads|65/100|[from] U-turn
|
|-weather|RainDance|[upkeep]
|-heal|p1a: Droideka|71/100|[from] item: Leftovers
|upkeep
|turn|5
|
|t:|1757943179
|-end|p2a: Raging Bolt|Protosynthesis|[silent]
|switch|p2a: Moltres|Moltres|84/100
|move|p1a: Droideka|Volt Switch|p2a: Moltres
|-supereffective|p2a: Moltres
|-damage|p2a: Moltres|66/100
|
|t:|1757943182
|-end|p1a: Droideka|Quark Drive|[silent]
|switch|p1a: Misty's Psyduck|Golduck, M|100/100|[from] Volt Switch
|
|-weather|RainDance|[upkeep]
|upkeep
|turn|6
|
|t:|1757943186
|switch|p2a: Raging Bolt|Raging Bolt|82/100
|-damage|p2a: Raging Bolt|69/100|[from] Stealth Rock
|move|p1a: Misty's Psyduck|Surf|p2a: Raging Bolt
|-resisted|p2a: Raging Bolt
|-damage|p2a: Raging Bolt|35/100
|-damage|p1a: Misty's Psyduck|91/100|[from] item: Life Orb
|
|-weather|RainDance|[upkeep]
|upkeep
|turn|7
|
|t:|1757943195
|switch|p1a: Droideka|Iron Treads|71/100
|move|p2a: Raging Bolt|Draco Meteor|p1a: Droideka
|-resisted|p1a: Droideka
|-damage|p1a: Droideka|23/100
|-unboost|p2a: Raging Bolt|spa|2
|
|-weather|RainDance|[upkeep]
|-heal|p1a: Droideka|30/100|[from] item: Leftovers
|upkeep
|turn|8
|
|t:|1757943202
|-end|p2a: Raging Bolt|Protosynthesis|[silent]
|switch|p2a: Rillaboom|Rillaboom, M, shiny|100/100
|-damage|p2a: Rillaboom|88/100|[from] Stealth Rock
|-fieldstart|move: Grassy Terrain|[from] ability: Grassy Surge|[of] p2a: Rillaboom
|move|p1a: Droideka|Earthquake|p2a: Rillaboom
|-resisted|p2a: Rillaboom
|-damage|p2a: Rillaboom|78/100
|
|-weather|none
|-heal|p1a: Droideka|36/100|[from] Grassy Terrain
|-heal|p1a: Droideka|42/100|[from] item: Leftovers
|-heal|p2a: Rillaboom|84/100|[from] Grassy Terrain
|-heal|p2a: Rillaboom|91/100|[from] item: Leftovers
|upkeep
|turn|9
|
|t:|1757943209
|-end|p1a: Droideka|Quark Drive|[silent]
|switch|p1a: BigBird|Zapdos|76/100 brn
|move|p2a: Rillaboom|Knock Off|p1a: BigBird
|-damage|p1a: BigBird|49/100 brn
|-status|p2a: Rillaboom|par|[from] ability: Static|[of] p1a: BigBird
|-enditem|p1a: BigBird|Heavy-Duty Boots|[from] move: Knock Off|[of] p2a: Rillaboom
|
|-heal|p2a: Rillaboom|97/100 par|[from] Grassy Terrain
|-heal|p2a: Rillaboom|100/100 par|[from] item: Leftovers
|-damage|p1a: BigBird|43/100 brn|[from] brn
|upkeep
|turn|10
|
|t:|1757943221
|switch|p2a: Iron Treads|Iron Treads|100/100
|-damage|p2a: Iron Treads|97/100|[from] Stealth Rock
|-enditem|p2a: Iron Treads|Booster Energy
|-activate|p2a: Iron Treads|ability: Quark Drive|[fromitem]
|-start|p2a: Iron Treads|quarkdrivespe
|move|p1a: BigBird|Roost|p1a: BigBird
|-heal|p1a: BigBird|93/100 brn
|-singleturn|p1a: BigBird|move: Roost
|
|-heal|p2a: Iron Treads|100/100|[from] Grassy Terrain
|-heal|p1a: BigBird|99/100 brn|[from] Grassy Terrain
|-damage|p1a: BigBird|93/100 brn|[from] brn
|upkeep
|turn|11
|
|t:|1757943228
|move|p2a: Iron Treads|Rapid Spin|p1a: BigBird
|-damage|p1a: BigBird|81/100 brn
|-boost|p2a: Iron Treads|spe|1
|-sideend|p2: WQX jiahe|Stealth Rock|[from] move: Rapid Spin|[of] p2a: Iron Treads
|move|p1a: BigBird|U-turn|p2a: Iron Treads
|-resisted|p2a: Iron Treads
|-damage|p2a: Iron Treads|97/100
|
|t:|1757943233
|switch|p1a: WingedRat|Pelipper, M|100/100|[from] U-turn
|-weather|RainDance|[from] ability: Drizzle|[of] p1a: WingedRat
|
|-weather|RainDance|[upkeep]
|-heal|p2a: Iron Treads|100/100|[from] Grassy Terrain
|upkeep
|turn|12
|l|☆WQX jiahe
|inactive|WQX jiahe disconnected and has a minute to reconnect!
|player|p2|
|inactive|WQX jiahe has 30 seconds to reconnect!
|inactive|WQX jiahe has 20 seconds to reconnect!
|inactive|WQX jiahe has 15 seconds to reconnect!
|inactive|WQX jiahe has 10 seconds to reconnect!
|inactive|WQX jiahe has 5 seconds to reconnect!
|-message|WQX jiahe lost due to inactivity.
|
|win|Fachemaispasfacho
|raw|Fachemaispasfacho's rating: 1301 &rarr; <strong>1318</strong><br />(+17 for winning)
|raw|WQX jiahe's rating: 1243 &rarr; <strong>1222</strong><br />(-21 for losing)
|l|☆Fachemaispasfacho
|player|p1|
