|j|☆dnite dancer
|j|☆douadyrabbit
|t:|1757911622
|gametype|singles
|player|p1|dnite dancer|dragontamer|1245
|player|p2|douadyrabbit|pokefanf-gen2|1225
|gen|9
|tier|[Gen 9] OU
|rated|
|rule|HP Percentage Mod: HP is shown in percentages
|rule|Endless Battle Clause: Forcing endless battles is banned
|rule|Species Clause: Limit one of each Pokémon
|rule|OHKO Clause: OHKO moves are banned
|rule|Evasion Items Clause: Evasion items are banned
|rule|Evasion Moves Clause: Evasion moves are banned
|rule|Evasion Abilities Clause: Evasion abilities are banned
|rule|Sleep Moves Clause: Sleep-inducing moves are banned
|clearpoke
|poke|p1|Deoxys-Speed|
|poke|p1|Ogerpon-Wellspring, F|
|poke|p1|Alomomola, M|
|poke|p1|Iron Crown|
|poke|p1|Great Tusk|
|poke|p1|Gliscor, M|
|poke|p2|Slowking, F|
|poke|p2|Blissey, F|
|poke|p2|Alomomola, F|
|poke|p2|Clefable, F|
|poke|p2|Hatterene, F|
|poke|p2|Slowbro, M|
|teampreview
|
|t:|1757911632
|teamsize|p1|6
|teamsize|p2|6
|start
|switch|p1a: Ogerpon|Ogerpon-Wellspring, F|100/100
|switch|p2a: Slowbro|Slowbro, M|100/100
|turn|1
|inactive|Battle timer is ON: inactive players will automatically lose when time's up. (requested by douadyrabbit)
|
|t:|1757911637
|switch|p2a: Clefable|Clefable, F|100/100
|move|p1a: Ogerpon|Knock Off|p2a: Clefable
|-resisted|p2a: Clefable
|-damage|p2a: Clefable|87/100
|-enditem|p2a: Clefable|Leftovers|[from] move: Knock Off|[of] p1a: Ogerpon
|
|upkeep
|turn|2
|
|t:|1757911645
|switch|p1a: Gliscor|Gliscor, M|100/100
|-terastallize|p2a: Clefable|Grass
|move|p2a: Clefable|Thunder Wave|p1a: Gliscor
|-immune|p1a: Gliscor
|
|-status|p1a: Gliscor|tox|[from] item: Toxic Orb
|upkeep
|turn|3
|
|t:|1757911654
|switch|p2a: Slowbro|Slowbro, M|100/100
|move|p1a: Gliscor|Stealth Rock|p2a: Slowbro
|-sidestart|p2: douadyrabbit|move: Stealth Rock
|
|upkeep
|turn|4
|
|t:|1757911659
|move|p1a: Gliscor|Spikes|p2a: Slowbro
|-sidestart|p2: douadyrabbit|Spikes
|move|p2a: Slowbro|Trick|p1a: Gliscor
|-activate|p2a: Slowbro|move: Trick|[of] p1a: Gliscor
|-item|p1a: Gliscor|Choice Specs|[from] move: Trick
|-item|p2a: Slowbro|Toxic Orb|[from] move: Trick
|
|-status|p2a: Slowbro|tox|[from] item: Toxic Orb
|upkeep
|turn|5
|
|t:|1757911666
|move|p1a: Gliscor|Earthquake|p2a: Slowbro
|-damage|p2a: Slowbro|81/100 tox
|move|p2a: Slowbro|Scald|p1a: Gliscor
|-supereffective|p1a: Gliscor
|-damage|p1a: Gliscor|38/100 tox
|
|-heal|p1a: Gliscor|50/100 tox|[from] ability: Poison Heal
|-damage|p2a: Slowbro|75/100 tox|[from] psn
|upkeep
|turn|6
|
|t:|1757911680
|switch|p1a: Iron Crown|Iron Crown|100/100
|switch|p2a: Alomomola|Alomomola, F|100/100
|
|upkeep
|turn|7
|
|t:|1757911686
|move|p2a: Alomomola|Protect|p2a: Alomomola
|-singleturn|p2a: Alomomola|Protect
|move|p1a: Iron Crown|Volt Switch|p2a: Alomomola
|-activate|p2a: Alomomola|move: Protect
|
|upkeep
|turn|8
|
|t:|1757911692
|switch|p2a: Blissey|Blissey, F|100/100
|move|p1a: Iron Crown|Future Sight|p2a: Blissey
|-start|p1a: Iron Crown|move: Future Sight
|
|upkeep
|turn|9
|
|t:|1757911698
|move|p1a: Iron Crown|Volt Switch|p2a: Blissey
|-damage|p2a: Blissey|92/100
|
|t:|1757911700
|-end|p1a: Iron Crown|Quark Drive|[silent]
|switch|p1a: Great Tusk|Great Tusk|100/100|[from] Volt Switch
|move|p2a: Blissey|Seismic Toss|p1a: Great Tusk
|-damage|p1a: Great Tusk|74/100
|
|-heal|p1a: Great Tusk|80/100|[from] item: Leftovers
|upkeep
|turn|10
|
|t:|1757911710
|switch|p2a: Alomomola|Alomomola, F|100/100
|move|p1a: Great Tusk|Headlong Rush|p2a: Alomomola
|-damage|p2a: Alomomola|67/100
|-unboost|p1a: Great Tusk|def|1
|-unboost|p1a: Great Tusk|spd|1
|
|-end|p2a: Alomomola|move: Future Sight
|-damage|p2a: Alomomola|0 fnt
|faint|p2a: Alomomola
|-heal|p1a: Great Tusk|86/100|[from] item: Leftovers
|upkeep
|
|t:|1757911730
|switch|p2a: Slowbro|Slowbro, M|100/100 tox
|-damage|p2a: Slowbro|88/100 tox|[from] Stealth Rock
|-damage|p2a: Slowbro|76/100 tox|[from] Spikes
|turn|11
|
|t:|1757911735
|-end|p1a: Great Tusk|Protosynthesis|[silent]
|switch|p1a: Iron Crown|Iron Crown|100/100
|move|p2a: Slowbro|Scald|p1a: Iron Crown
|-damage|p1a: Iron Crown|84/100
|
|-damage|p2a: Slowbro|70/100 tox|[from] psn
|upkeep
|turn|12
|
|t:|1757911744
|switch|p2a: Blissey|Blissey, F|92/100
|move|p1a: Iron Crown|Future Sight|p2a: Blissey
|-start|p1a: Iron Crown|move: Future Sight
|
|upkeep
|turn|13
|
|t:|1757911751
|move|p1a: Iron Crown|Tachyon Cutter|p2a: Blissey
|-damage|p2a: Blissey|82/100
|-damage|p2a: Blissey|73/100
|-hitcount|p2a: Blissey|2
|move|p2a: Blissey|Seismic Toss|p1a: Iron Crown
|-damage|p1a: Iron Crown|56/100
|
|upkeep
|turn|14
|
|t:|1757911758
|move|p1a: Iron Crown|Psychic Noise|p2a: Blissey
|-damage|p2a: Blissey|59/100
|-start|p2a: Blissey|move: Heal Block
|cant|p2a: Blissey|move: Heal Block|Soft-Boiled
|
|-end|p2a: Blissey|move: Future Sight
|-damage|p2a: Blissey|37/100
|upkeep
|turn|15
|
|t:|1757911769
|switch|p2a: Slowking|Slowking, F|100/100
|move|p1a: Iron Crown|Volt Switch|p2a: Slowking
|-supereffective|p2a: Slowking
|-damage|p2a: Slowking|65/100
|
|t:|1757911774
|-end|p1a: Iron Crown|Quark Drive|[silent]
|switch|p1a: Ogerpon|Ogerpon-Wellspring, F|100/100|[from] Volt Switch
|
|upkeep
|turn|16
|
|t:|1757911785
|move|p1a: Ogerpon|Knock Off|p2a: Slowking
|-supereffective|p2a: Slowking
|-damage|p2a: Slowking|0 fnt
|-enditem|p2a: Slowking|Heavy-Duty Boots|[from] move: Knock Off|[of] p1a: Ogerpon
|faint|p2a: Slowking
|
|upkeep
|
|t:|1757911790
|switch|p2a: Clefable|Clefable, F, tera:Grass|87/100
|-damage|p2a: Clefable|75/100|[from] Stealth Rock
|-damage|p2a: Clefable|62/100|[from] Spikes
|turn|17
|
|t:|1757911797
|switch|p1a: Gliscor|Gliscor, M|50/100 tox
|move|p2a: Clefable|Wish|p2a: Clefable
|
|-heal|p1a: Gliscor|63/100 tox|[from] ability: Poison Heal
|upkeep
|turn|18
|
|t:|1757911806
|switch|p2a: Slowbro|Slowbro, M|100/100 tox
|-damage|p2a: Slowbro|88/100 tox|[from] Stealth Rock
|-damage|p2a: Slowbro|76/100 tox|[from] Spikes
|move|p1a: Gliscor|Spikes|p2a: Slowbro
|-sidestart|p2: douadyrabbit|Spikes
|
|-heal|p2a: Slowbro|100/100 tox|[from] move: Wish|[wisher] Clefable
|-heal|p1a: Gliscor|75/100 tox|[from] ability: Poison Heal
|-damage|p2a: Slowbro|94/100 tox|[from] psn
|upkeep
|turn|19
|
|t:|1757911820
|switch|p1a: Iron Crown|Iron Crown|56/100
|move|p2a: Slowbro|Scald|p1a: Iron Crown
|-crit|p1a: Iron Crown
|-damage|p1a: Iron Crown|29/100
|-status|p1a: Iron Crown|brn
|
|-damage|p2a: Slowbro|82/100 tox|[from] psn
|-damage|p1a: Iron Crown|23/100 brn|[from] brn
|upkeep
|turn|20
|
|t:|1757911833
|-end|p1a: Iron Crown|Quark Drive|[silent]
|switch|p1a: Ogerpon|Ogerpon-Wellspring, F|100/100
|switch|p2a: Hatterene|Hatterene, F|100/100
|-damage|p2a: Hatterene|88/100|[from] Stealth Rock
|-damage|p2a: Hatterene|72/100|[from] Spikes
|
|-heal|p2a: Hatterene|78/100|[from] item: Leftovers
|upkeep
|turn|21
|
|t:|1757911843
|move|p1a: Ogerpon|Ivy Cudgel|p2a: Hatterene|[anim] Ivy Cudgel Water
|-damage|p2a: Hatterene|10/100
|move|p2a: Hatterene|Draining Kiss|p1a: Ogerpon
|-damage|p1a: Ogerpon|67/100
|-heal|p2a: Hatterene|34/100|[from] drain|[of] p1a: Ogerpon
|
|-heal|p2a: Hatterene|40/100|[from] item: Leftovers
|upkeep
|turn|22
|
|t:|1757911853
|switch|p2a: Clefable|Clefable, F, tera:Grass|62/100
|-damage|p2a: Clefable|50/100|[from] Stealth Rock
|-damage|p2a: Clefable|33/100|[from] Spikes
|move|p1a: Ogerpon|Ivy Cudgel|p2a: Clefable|[anim] Ivy Cudgel Water
|-resisted|p2a: Clefable
|-crit|p2a: Clefable
|-damage|p2a: Clefable|0 fnt
|faint|p2a: Clefable
|
|upkeep
|
|t:|1757911863
|switch|p2a: Hatterene|Hatterene, F|40/100
|-damage|p2a: Hatterene|28/100|[from] Stealth Rock
|-damage|p2a: Hatterene|12/100|[from] Spikes
|turn|23
|
|t:|1757911868
|move|p1a: Ogerpon|Horn Leech|p2a: Hatterene
|-damage|p2a: Hatterene|0 fnt
|-heal|p1a: Ogerpon|73/100|[from] drain|[of] p2a: Hatterene
|faint|p2a: Hatterene
|
|upkeep
|-message|douadyrabbit forfeited.
|
|win|dnite dancer
|raw|dnite dancer's rating: 1245 &rarr; <strong>1269</strong><br />(+24 for winning)
|raw|douadyrabbit's rating: 1225 &rarr; <strong>1201</strong><br />(-24 for losing)
|l|☆douadyrabbit
|player|p2|
|l|☆dnite dancer
|player|p1|
