|j|☆mathismathin
|j|‽theonlydork
|t:|1757962469
|gametype|singles
|player|p1|mathismathin|hilbert|1552
|player|p2|theonlydork|1|1548
|gen|9
|tier|[Gen 9] OU
|rated|
|rule|HP Percentage Mod: HP is shown in percentages
|rule|Endless Battle Clause: Forcing endless battles is banned
|rule|Species Clause: Limit one of each Pokémon
|rule|OHKO Clause: OHKO moves are banned
|rule|Evasion Items Clause: Evasion items are banned
|rule|Evasion Moves Clause: Evasion moves are banned
|rule|Evasion Abilities Clause: Evasion abilities are banned
|rule|Sleep Moves Clause: Sleep-inducing moves are banned
|clearpoke
|poke|p1|Inteleon, M|
|poke|p1|Zapdos|
|poke|p1|Iron Crown|
|poke|p1|Iron Valiant|
|poke|p1|Glimmora, F|
|poke|p1|Arboliva, F|
|poke|p2|Ogerpon-Wellspring, F|
|poke|p2|Great Tusk|
|poke|p2|Deoxys-Speed|
|poke|p2|Dragonite, M|
|poke|p2|Iron Moth|
|poke|p2|Hatterene, F|
|teampreview
|inactive|Battle timer is ON: inactive players will automatically lose when time's up. (requested by theonlydork)
|
|t:|1757962503
|teamsize|p1|6
|teamsize|p2|6
|start
|switch|p1a: Arboliva|Arboliva, F|100/100
|switch|p2a: Hatterene|Hatterene, F|100/100
|turn|1
|
|t:|1757962518
|move|p1a: Arboliva|Giga Drain|p2a: Hatterene
|-damage|p2a: Hatterene|70/100
|move|p2a: Hatterene|Nuzzle|p1a: Arboliva
|-resisted|p1a: Arboliva
|-damage|p1a: Arboliva|99/100
|-status|p1a: Arboliva|par
|-fieldstart|move: Grassy Terrain|[from] ability: Seed Sower|[of] p1a: Arboliva
|
|-heal|p2a: Hatterene|76/100|[from] Grassy Terrain
|-heal|p1a: Arboliva|100/100 par|[from] Grassy Terrain
|upkeep
|turn|2
|
|t:|1757962522
|move|p2a: Hatterene|Mystical Fire|p1a: Arboliva
|-supereffective|p1a: Arboliva
|-damage|p1a: Arboliva|62/100 par
|-unboost|p1a: Arboliva|spa|1
|cant|p1a: Arboliva|par
|
|-heal|p2a: Hatterene|82/100|[from] Grassy Terrain
|-heal|p1a: Arboliva|68/100 par|[from] Grassy Terrain
|-heal|p1a: Arboliva|74/100 par|[from] item: Leftovers
|upkeep
|turn|3
|
|t:|1757962529
|move|p2a: Hatterene|Mystical Fire|p1a: Arboliva
|-supereffective|p1a: Arboliva
|-damage|p1a: Arboliva|32/100 par
|-unboost|p1a: Arboliva|spa|1
|move|p1a: Arboliva|Mirror Coat|p2a: Hatterene
|-damage|p2a: Hatterene|0 fnt
|faint|p2a: Hatterene
|
|-heal|p1a: Arboliva|38/100 par|[from] Grassy Terrain
|-heal|p1a: Arboliva|44/100 par|[from] item: Leftovers
|upkeep
|
|t:|1757962539
|switch|p2a: Iron Moth|Iron Moth|100/100
|-enditem|p2a: Iron Moth|Booster Energy
|-activate|p2a: Iron Moth|ability: Quark Drive|[fromitem]
|-start|p2a: Iron Moth|quarkdrivespe
|turn|4
|
|t:|1757962542
|move|p2a: Iron Moth|Substitute|p2a: Iron Moth
|-start|p2a: Iron Moth|Substitute
|-damage|p2a: Iron Moth|76/100
|cant|p1a: Arboliva|par
|
|-heal|p2a: Iron Moth|82/100|[from] Grassy Terrain
|-heal|p1a: Arboliva|50/100 par|[from] Grassy Terrain
|-heal|p1a: Arboliva|56/100 par|[from] item: Leftovers
|upkeep
|turn|5
|
|t:|1757962547
|move|p2a: Iron Moth|Fiery Dance|p1a: Arboliva
|-supereffective|p1a: Arboliva
|-crit|p1a: Arboliva
|-damage|p1a: Arboliva|0 fnt
|faint|p1a: Arboliva
|
|-heal|p2a: Iron Moth|88/100|[from] Grassy Terrain
|-fieldend|move: Grassy Terrain
|upkeep
|
|t:|1757962551
|switch|p1a: Glimmora|Glimmora, F, shiny|100/100
|turn|6
|
|t:|1757962554
|move|p2a: Iron Moth|Energy Ball|p1a: Glimmora
|-damage|p1a: Glimmora|63/100
|move|p1a: Glimmora|Earth Power|p2a: Iron Moth
|-supereffective|p2a: Iron Moth
|-end|p2a: Iron Moth|Substitute
|
|upkeep
|turn|7
|
|t:|1757962562
|-terastallize|p2a: Iron Moth|Grass
|move|p2a: Iron Moth|Energy Ball|p1a: Glimmora
|-damage|p1a: Glimmora|6/100
|move|p1a: Glimmora|Meteor Beam||[still]
|-prepare|p1a: Glimmora|Meteor Beam
|-boost|p1a: Glimmora|spa|1
|-enditem|p1a: Glimmora|Power Herb
|-anim|p1a: Glimmora|Meteor Beam|p2a: Iron Moth
|-damage|p2a: Iron Moth|0 fnt
|faint|p2a: Iron Moth
|-end|p2a: Iron Moth|Quark Drive|[silent]
|
|upkeep
|
|t:|1757962572
|switch|p2a: Deoxys|Deoxys-Speed|100/100
|-ability|p2a: Deoxys|Pressure
|turn|8
|
|t:|1757962586
|move|p2a: Deoxys|Shadow Ball|p1a: Glimmora
|-damage|p1a: Glimmora|0 fnt
|faint|p1a: Glimmora
|-damage|p2a: Deoxys|91/100|[from] item: Life Orb
|
|upkeep
|
|t:|1757962590
|switch|p1a: Iron Crown|Iron Crown|100/100
|turn|9
|
|t:|1757962597
|move|p1a: Iron Crown|Tachyon Cutter|p2a: Deoxys
|-crit|p2a: Deoxys
|-damage|p2a: Deoxys|39/100
|-damage|p2a: Deoxys|4/100
|-hitcount|p2a: Deoxys|2
|move|p2a: Deoxys|Shadow Ball|p1a: Iron Crown
|-supereffective|p1a: Iron Crown
|-damage|p1a: Iron Crown|40/100
|-damage|p2a: Deoxys|0 fnt|[from] item: Life Orb
|faint|p2a: Deoxys
|
|upkeep
|
|t:|1757962602
|switch|p2a: Ogerpon|Ogerpon-Wellspring, F|100/100
|turn|10
|
|t:|1757962616
|move|p1a: Iron Crown|Tachyon Cutter|p2a: Ogerpon
|-resisted|p2a: Ogerpon
|-damage|p2a: Ogerpon|88/100
|-resisted|p2a: Ogerpon
|-damage|p2a: Ogerpon|75/100
|-hitcount|p2a: Ogerpon|2
|move|p2a: Ogerpon|Swords Dance|p2a: Ogerpon
|-boost|p2a: Ogerpon|atk|2
|
|upkeep
|turn|11
|
|t:|1757962619
|move|p1a: Iron Crown|Tachyon Cutter|p2a: Ogerpon
|-resisted|p2a: Ogerpon
|-damage|p2a: Ogerpon|62/100
|-resisted|p2a: Ogerpon
|-damage|p2a: Ogerpon|49/100
|-hitcount|p2a: Ogerpon|2
|move|p2a: Ogerpon|Ivy Cudgel|p1a: Iron Crown|[anim] Ivy Cudgel Water
|-damage|p1a: Iron Crown|0 fnt
|faint|p1a: Iron Crown
|-end|p1a: Iron Crown|Quark Drive|[silent]
|
|upkeep
|
|t:|1757962648
|switch|p1a: seek help|Iron Valiant|100/100
|-enditem|p1a: seek help|Booster Energy
|-activate|p1a: seek help|ability: Quark Drive|[fromitem]
|-start|p1a: seek help|quarkdrivespe
|turn|12
|
|t:|1757962659
|move|p1a: seek help|Moonblast|p2a: Ogerpon
|-damage|p2a: Ogerpon|0 fnt
|faint|p2a: Ogerpon
|
|upkeep
|
|t:|1757962661
|switch|p2a: Dragonite|Dragonite, M|100/100
|turn|13
|
|t:|1757962665
|move|p2a: Dragonite|Extreme Speed|p1a: seek help
|-damage|p1a: seek help|45/100
|move|p1a: seek help|Moonblast|p2a: Dragonite
|-supereffective|p2a: Dragonite
|-damage|p2a: Dragonite|55/100
|
|upkeep
|turn|14
|
|t:|1757962670
|move|p2a: Dragonite|Extreme Speed|p1a: seek help
|-damage|p1a: seek help|0 fnt
|faint|p1a: seek help
|-end|p1a: seek help|Quark Drive|[silent]
|
|upkeep
|
|t:|1757962674
|switch|p1a: Inteleon|Inteleon, M|100/100
|turn|15
|
|t:|1757962677
|move|p2a: Dragonite|Extreme Speed|p1a: Inteleon
|-damage|p1a: Inteleon|22/100
|-enditem|p1a: Inteleon|Lansat Berry|[eat]
|-start|p1a: Inteleon|move: Focus Energy
|move|p1a: Inteleon|Ice Beam|p2a: Dragonite
|-supereffective|p2a: Dragonite
|-damage|p2a: Dragonite|0 fnt
|faint|p2a: Dragonite
|
|upkeep
|
|t:|1757962683
|switch|p2a: Great Tusk|Great Tusk|100/100
|-enditem|p2a: Great Tusk|Booster Energy
|-activate|p2a: Great Tusk|ability: Protosynthesis|[fromitem]
|-start|p2a: Great Tusk|protosynthesisspe
|turn|16
|
|t:|1757962686
|move|p2a: Great Tusk|Headlong Rush|p1a: Inteleon
|-damage|p1a: Inteleon|0 fnt
|-unboost|p2a: Great Tusk|def|1
|-unboost|p2a: Great Tusk|spd|1
|faint|p1a: Inteleon
|
|upkeep
|
|t:|1757962687
|switch|p1a: Zapdos|Zapdos|100/100
|turn|17
|
|t:|1757962690
|move|p2a: Great Tusk|Bulk Up|p2a: Great Tusk
|-boost|p2a: Great Tusk|atk|1
|-boost|p2a: Great Tusk|def|1
|move|p1a: Zapdos|Hurricane|p2a: Great Tusk
|-supereffective|p2a: Great Tusk
|-damage|p2a: Great Tusk|0 fnt
|faint|p2a: Great Tusk
|-end|p2a: Great Tusk|Protosynthesis|[silent]
|
|win|mathismathin
|raw|mathismathin's rating: 1552 &rarr; <strong>1572</strong><br />(+20 for winning)
|raw|theonlydork's rating: 1548 &rarr; <strong>1528</strong><br />(-20 for losing)
