|j|☆RobinMuisterr
|j|☆dia-geo
|t:|1757787139
|gametype|singles
|player|p1|RobinMuisterr|2|1156
|player|p2|dia-geo|gambler|1173
|gen|9
|tier|[Gen 9] OU
|rated|
|rule|HP Percentage Mod: HP is shown in percentages
|rule|Endless Battle Clause: Forcing endless battles is banned
|rule|Species Clause: Limit one of each Pokémon
|rule|OHKO Clause: OHKO moves are banned
|rule|Evasion Items Clause: Evasion items are banned
|rule|Evasion Moves Clause: Evasion moves are banned
|rule|Evasion Abilities Clause: Evasion abilities are banned
|rule|Sleep Moves Clause: Sleep-inducing moves are banned
|clearpoke
|poke|p1|Great Tusk|
|poke|p1|Vikavolt, M|
|poke|p1|Noivern, F|
|poke|p1|Dondozo, F|
|poke|p1|Rabsca, F|
|poke|p1|Ceruledge, M|
|poke|p2|Scrafty, M|
|poke|p2|Maushold-Four|
|poke|p2|Iron Valiant|
|poke|p2|Metagross|
|poke|p2|Serperior, F|
|poke|p2|Rotom-Wash|
|teampreview
|inactive|Battle timer is ON: inactive players will automatically lose when time's up. (requested by dia-geo)
|
|t:|1757787147
|teamsize|p1|6
|teamsize|p2|6
|start
|switch|p1a: Vikavolt|Vikavolt, M|100/100
|switch|p2a: Maushold|Maushold-Four|100/100
|turn|1
|c|☆dia-geo|No
|c|☆dia-geo|No
|c|☆dia-geo|Not dondozo
|c|☆RobinMuisterr|Oh
|c|☆RobinMuisterr|sorry
|
|t:|1757787166
|-terastallize|p1a: Vikavolt|Electric
|move|p2a: Maushold|U-turn|p1a: Vikavolt
|-damage|p1a: Vikavolt|79/100
|c|☆RobinMuisterr|Im trying out different defensive mons
|c|☆dia-geo|Its good
|c|☆RobinMuisterr|you will probably win anyways
|inactive|dia-geo has 120 seconds left.
|c|☆dia-geo|I have had so many bad battles against it though
|
|t:|1757787193
|switch|p2a: Scrafty|Scrafty, M|100/100|[from] U-turn
|-ability|p2a: Scrafty|Intimidate|boost
|-unboost|p1a: Vikavolt|atk|1
|move|p1a: Vikavolt|Agility|p1a: Vikavolt
|-boost|p1a: Vikavolt|spe|2
|
|upkeep
|turn|2
|c|☆RobinMuisterr|well my previous victim did too
|
|t:|1757787203
|move|p2a: Scrafty|Fake Out|p1a: Vikavolt
|-damage|p1a: Vikavolt|68/100
|cant|p1a: Vikavolt|flinch
|
|upkeep
|turn|3
|
|t:|1757787212
|move|p1a: Vikavolt|Bug Buzz|p2a: Scrafty
|-damage|p2a: Scrafty|62/100
|-enditem|p1a: Vikavolt|Throat Spray
|-boost|p1a: Vikavolt|spa|1|[from] item: Throat Spray
|move|p2a: Scrafty|Throat Chop|p1a: Vikavolt
|-damage|p1a: Vikavolt|39/100
|-start|p1a: Vikavolt|Throat Chop|[silent]
|
|upkeep
|turn|4
|c|☆RobinMuisterr|bruh
|
|t:|1757787226
|switch|p2a: Rotom|Rotom-Wash, shiny|100/100
|move|p1a: Vikavolt|Thunderbolt|p2a: Rotom
|-damage|p2a: Rotom|1/100
|
|-heal|p2a: Rotom|7/100|[from] item: Leftovers
|-end|p1a: Vikavolt|Throat Chop|[silent]
|upkeep
|turn|5
|
|t:|1757787233
|move|p1a: Vikavolt|Energy Ball|p2a: Rotom
|-supereffective|p2a: Rotom
|-damage|p2a: Rotom|0 fnt
|faint|p2a: Rotom
|
|upkeep
|
|t:|1757787242
|switch|p2a: Iron Valiant|Iron Valiant, shiny|100/100
|-enditem|p2a: Iron Valiant|Booster Energy
|-activate|p2a: Iron Valiant|ability: Quark Drive|[fromitem]
|-start|p2a: Iron Valiant|quarkdrivespe
|turn|6
|
|t:|1757787248
|move|p2a: Iron Valiant|Spirit Break|p1a: Vikavolt
|-damage|p1a: Vikavolt|0 fnt
|faint|p1a: Vikavolt
|
|upkeep
|c|☆dia-geo|Victim????
|c|☆RobinMuisterr|hehe
|c|☆RobinMuisterr|he had a garchomp, and I just spammed curse
|c|☆RobinMuisterr|he didnt stand a chance
|c|☆dia-geo|Oh
|inactive|RobinMuisterr has 120 seconds left.
|
|t:|1757787279
|switch|p1a: Noivern|Noivern, F|100/100
|turn|7
|
|t:|1757787287
|move|p2a: Iron Valiant|Spirit Break|p1a: Noivern
|-supereffective|p1a: Noivern
|-damage|p1a: Noivern|0 fnt
|faint|p1a: Noivern
|
|upkeep
|
|t:|1757787294
|switch|p1a: Ceruledge|Ceruledge, M|100/100
|turn|8
|
|t:|1757787304
|move|p2a: Iron Valiant|Knock Off|p1a: Ceruledge
|-supereffective|p1a: Ceruledge
|-damage|p1a: Ceruledge|10/100
|-ability|p1a: Ceruledge|Weak Armor|boost
|-unboost|p1a: Ceruledge|def|1
|-boost|p1a: Ceruledge|spe|2
|-enditem|p1a: Ceruledge|Weakness Policy
|-boost|p1a: Ceruledge|atk|2|[from] item: Weakness Policy
|-boost|p1a: Ceruledge|spa|2|[from] item: Weakness Policy
|move|p1a: Ceruledge|Swords Dance|p1a: Ceruledge
|-boost|p1a: Ceruledge|atk|2
|
|upkeep
|turn|9
|
|t:|1757787317
|move|p1a: Ceruledge|Bitter Blade|p2a: Iron Valiant
|-damage|p2a: Iron Valiant|0 fnt
|-heal|p1a: Ceruledge|60/100|[from] drain|[of] p2a: Iron Valiant
|faint|p2a: Iron Valiant
|-end|p2a: Iron Valiant|Quark Drive|[silent]
|
|upkeep
|
|t:|1757787322
|switch|p2a: Scrafty|Scrafty, M|62/100
|-ability|p2a: Scrafty|Intimidate|boost
|-unboost|p1a: Ceruledge|atk|1
|turn|10
|
|t:|1757787329
|move|p1a: Ceruledge|Bitter Blade|p2a: Scrafty
|-damage|p2a: Scrafty|0 fnt
|-heal|p1a: Ceruledge|89/100|[from] drain|[of] p2a: Scrafty
|faint|p2a: Scrafty
|
|upkeep
|c|☆dia-geo|Well
|c|☆dia-geo|I just lose now
|c|☆RobinMuisterr|unlucky
|c|☆RobinMuisterr|weakness policy
|
|t:|1757787348
|switch|p2a: Metagross|Metagross, shiny|100/100
|turn|11
|
|t:|1757787352
|-terastallize|p2a: Metagross|Flying
|move|p1a: Ceruledge|Bitter Blade|p2a: Metagross
|-damage|p2a: Metagross|25/100
|-heal|p1a: Ceruledge|100/100|[from] drain|[of] p2a: Metagross
|move|p2a: Metagross|Earthquake|p1a: Ceruledge
|-supereffective|p1a: Ceruledge
|-crit|p1a: Ceruledge
|-damage|p1a: Ceruledge|0 fnt
|faint|p1a: Ceruledge
|
|upkeep
|c|☆RobinMuisterr|oh well
|c|☆RobinMuisterr|I shouldve done poltergeist
|
|t:|1757787371
|switch|p1a: Rabsca|Rabsca, F|100/100
|turn|12
|c|☆RobinMuisterr|Ima revive it rq
|
|t:|1757787379
|move|p2a: Metagross|Heavy Slam|p1a: Rabsca
|-damage|p1a: Rabsca|46/100
|move|p1a: Rabsca|Revival Blessing|p1a: Rabsca
|-enditem|p1a: Rabsca|Leppa Berry|[eat]
|-activate|p1a: Rabsca|item: Leppa Berry|Revival Blessing|[consumed]
|
|t:|1757787385
|-heal|p1: Ceruledge|50/100|[from] move: Revival Blessing
|
|upkeep
|turn|13
|c|☆dia-geo|...
|c|☆RobinMuisterr|if u dont mind
|
|t:|1757787399
|move|p2a: Metagross|Earthquake|p1a: Rabsca
|-resisted|p1a: Rabsca
|-damage|p1a: Rabsca|30/100
|move|p1a: Rabsca|Recover|p1a: Rabsca
|-heal|p1a: Rabsca|80/100
|
|upkeep
|turn|14
|
|t:|1757787405
|move|p2a: Metagross|Heavy Slam|p1a: Rabsca
|-damage|p1a: Rabsca|26/100
|move|p1a: Rabsca|Calm Mind|p1a: Rabsca
|-boost|p1a: Rabsca|spa|1
|-boost|p1a: Rabsca|spd|1
|
|upkeep
|turn|15
|
|t:|1757787414
|move|p2a: Metagross|Heavy Slam|p1a: Rabsca
|-damage|p1a: Rabsca|0 fnt
|faint|p1a: Rabsca
|
|upkeep
|
|t:|1757787423
|switch|p1a: Ceruledge|Ceruledge, M|50/100
|turn|16
|
|t:|1757787428
|move|p2a: Metagross|Bullet Punch|p1a: Ceruledge
|-resisted|p1a: Ceruledge
|-damage|p1a: Ceruledge|38/100
|-ability|p1a: Ceruledge|Weak Armor|boost
|-unboost|p1a: Ceruledge|def|1
|-boost|p1a: Ceruledge|spe|2
|move|p1a: Ceruledge|Poltergeist|p2a: Metagross|[miss]
|-miss|p1a: Ceruledge|p2a: Metagross
|
|upkeep
|turn|17
|
|t:|1757787439
|move|p1a: Ceruledge|Poltergeist|p2a: Metagross
|-activate|p2a: Metagross|move: Poltergeist|Assault Vest
|-damage|p2a: Metagross|0 fnt
|faint|p2a: Metagross
|
|upkeep
|c|☆dia-geo|NOOOO
|c|☆RobinMuisterr|assault vest.. dang
|c|☆dia-geo|i should have clicked earthquake
|c|☆RobinMuisterr|well Im faster
|inactive|dia-geo has 120 seconds left.
|
|t:|1757787465
|switch|p2a: Maushold|Maushold-Four|100/100
|turn|18
|c|☆RobinMuisterr|so youd be dead
|inactive|dia-geo has 120 seconds left.
|
|t:|1757787477
|move|p1a: Ceruledge|Bitter Blade|p2a: Maushold
|-damage|p2a: Maushold|34/100
|-heal|p1a: Ceruledge|71/100|[from] drain|[of] p2a: Maushold
|move|p2a: Maushold|Play Rough|p1a: Ceruledge
|-resisted|p1a: Ceruledge
|-damage|p1a: Ceruledge|50/100
|-ability|p1a: Ceruledge|Weak Armor|boost
|-unboost|p1a: Ceruledge|def|1
|-boost|p1a: Ceruledge|spe|2
|
|upkeep
|turn|19
|inactive|dia-geo has 120 seconds left.
|c|☆dia-geo|Now i definitely lose lol
|
|t:|1757787496
|move|p1a: Ceruledge|Bitter Blade|p2a: Maushold
|-crit|p2a: Maushold
|-damage|p2a: Maushold|0 fnt
|-heal|p1a: Ceruledge|66/100|[from] drain|[of] p2a: Maushold
|faint|p2a: Maushold
|
|upkeep
|c|☆RobinMuisterr|no doubt
|
|t:|1757787499
|switch|p2a: Serperior|Serperior, F, shiny|100/100
|turn|20
|c|☆RobinMuisterr|I didnt even have to use the dondozo
|c|☆dia-geo|Gg
|
|t:|1757787508
|move|p1a: Ceruledge|Bitter Blade|p2a: Serperior
|-supereffective|p2a: Serperior
|-damage|p2a: Serperior|0 fnt
|-heal|p1a: Ceruledge|100/100|[from] drain|[of] p2a: Serperior
|faint|p2a: Serperior
|
|win|RobinMuisterr
|raw|RobinMuisterr's rating: 1156 &rarr; <strong>1182</strong><br />(+26 for winning)
|raw|dia-geo's rating: 1173 &rarr; <strong>1147</strong><br />(-26 for losing)
|c|☆RobinMuisterr|gg
|l|☆dia-geo
|player|p2|
|l|☆RobinMuisterr
|player|p1|
