|j|☆ex1400
|j|☆Hedgehog415
|t:|1757900558
|gametype|singles
|player|p1|ex1400|266|
|player|p2|Hedgehog415|iris-gen5bw2|
|gen|9
|tier|[Gen 9] OU
|rule|HP Percentage Mod: HP is shown in percentages
|rule|Endless Battle Clause: Forcing endless battles is banned
|rule|Species Clause: Limit one of each Pokémon
|rule|OHKO Clause: OHKO moves are banned
|rule|Evasion Items Clause: Evasion items are banned
|rule|Evasion Moves Clause: Evasion moves are banned
|rule|Evasion Abilities Clause: Evasion abilities are banned
|rule|Sleep Moves Clause: Sleep-inducing moves are banned
|clearpoke
|poke|p1|Pelipper, M|
|poke|p1|Barraskewda, F|
|poke|p1|Krookodile, M|
|poke|p1|Kyurem|
|poke|p1|Thundurus, M|
|poke|p1|Fezandipiti, M|
|poke|p2|Great Tusk|
|poke|p2|Dragonite, M|
|poke|p2|Iron Moth|
|poke|p2|Tyranitar, F|
|poke|p2|Mimikyu, M|
|poke|p2|Sinistcha|
|teampreview
|j| kosmicBAD
|
|t:|1757900707
|teamsize|p1|6
|teamsize|p2|6
|start
|switch|p1a: Gone by Week 3|Fezandipiti, M|100/100
|switch|p2a: Godzilla|Tyranitar, F|100/100
|-weather|Sandstorm|[from] ability: Sand Stream|[of] p2a: Godzilla
|turn|1
|c|☆Hedgehog415|!weakness Fezendipiti
No Pokémon or type named 'Fezendipiti' was found. Searching for 'Fezandipiti' instead.
|c| Hedgehog415|/raw <div class="infobox">Fezandipiti (ignoring abilities):<br /><span class="message-effect-weak">Weaknesses</span>: Ground, Psychic, Steel<br /><span class="message-effect-resist">Resistances</span>: <b>Bug</b>, Dark, Fairy, <b>Fighting</b>, Grass<br /><span class="message-effect-immune">Immunities</span>: Dragon, Toxic</div>
|
|t:|1757900794
|move|p1a: Gone by Week 3|U-turn|p2a: Godzilla
|-supereffective|p2a: Godzilla
|-damage|p2a: Godzilla|69/100
|
|t:|1757900797
|switch|p1a: Day After Tom|Kyurem|100/100|[from] U-turn
|-ability|p1a: Day After Tom|Pressure
|move|p2a: Godzilla|Thunder Wave|p1a: Day After Tom
|-status|p1a: Day After Tom|par
|
|-weather|Sandstorm|[upkeep]
|-damage|p1a: Day After Tom|94/100 par|[from] Sandstorm
|-heal|p2a: Godzilla|75/100|[from] item: Leftovers
|upkeep
|turn|2
|
|t:|1757900870
|switch|p1a: Gone by Week 3|Fezandipiti, M|100/100
|move|p2a: Godzilla|Rock Slide|p1a: Gone by Week 3
|-damage|p1a: Gone by Week 3|61/100
|
|-weather|Sandstorm|[upkeep]
|-damage|p1a: Gone by Week 3|55/100|[from] Sandstorm
|-heal|p2a: Godzilla|82/100|[from] item: Leftovers
|upkeep
|turn|3
|
|t:|1757900884
|move|p1a: Gone by Week 3|Play Rough|p2a: Godzilla
|-supereffective|p2a: Godzilla
|-damage|p2a: Godzilla|22/100
|move|p2a: Godzilla|Thunder Wave|p1a: Gone by Week 3
|-status|p1a: Gone by Week 3|par
|
|-weather|Sandstorm|[upkeep]
|-damage|p1a: Gone by Week 3|49/100 par|[from] Sandstorm
|-heal|p2a: Godzilla|28/100|[from] item: Leftovers
|upkeep
|turn|4
|
|t:|1757900896
|move|p2a: Godzilla|Rock Slide|p1a: Gone by Week 3
|-damage|p1a: Gone by Week 3|7/100 par
|move|p1a: Gone by Week 3|Play Rough|p2a: Godzilla
|-supereffective|p2a: Godzilla
|-damage|p2a: Godzilla|0 fnt
|faint|p2a: Godzilla
|
|-weather|Sandstorm|[upkeep]
|-damage|p1a: Gone by Week 3|1/100 par|[from] Sandstorm
|upkeep
|
|t:|1757900926
|switch|p2a: Illegal Immigrant|Mimikyu, M|100/100
|turn|5
|
|t:|1757900946
|move|p2a: Illegal Immigrant|Shadow Claw|p1a: Gone by Week 3
|-damage|p1a: Gone by Week 3|0 fnt
|faint|p1a: Gone by Week 3
|-damage|p2a: Illegal Immigrant|91/100|[from] item: Life Orb
|
|-weather|none
|upkeep
|
|t:|1757900962
|switch|p1a: Day After Tom|Kyurem|94/100 par
|-ability|p1a: Day After Tom|Pressure
|turn|6
|
|t:|1757900968
|move|p2a: Illegal Immigrant|Swords Dance|p2a: Illegal Immigrant
|-boost|p2a: Illegal Immigrant|atk|2
|cant|p1a: Day After Tom|par
|
|upkeep
|turn|7
|
|t:|1757901006
|switch|p1a: Batman|Krookodile, M|100/100
|-ability|p1a: Batman|Intimidate|boost
|-unboost|p2a: Illegal Immigrant|atk|1
|move|p2a: Illegal Immigrant|Play Rough|p1a: Batman
|-supereffective|p1a: Batman
|-damage|p1a: Batman|0 fnt
|faint|p1a: Batman
|-damage|p2a: Illegal Immigrant|81/100|[from] item: Life Orb
|
|upkeep
|
|t:|1757901048
|switch|p1a: Aj's Exact Type|Pelipper, M|100/100
|-weather|RainDance|[from] ability: Drizzle|[of] p1a: Aj's Exact Type
|turn|8
|
|t:|1757901068
|move|p2a: Illegal Immigrant|Swords Dance|p2a: Illegal Immigrant
|-boost|p2a: Illegal Immigrant|atk|2
|move|p1a: Aj's Exact Type|Knock Off|p2a: Illegal Immigrant
|-activate|p2a: Illegal Immigrant|ability: Disguise
|-damage|p2a: Illegal Immigrant|81/100
|-enditem|p2a: Illegal Immigrant|Life Orb|[from] move: Knock Off|[of] p1a: Aj's Exact Type
|detailschange|p2a: Illegal Immigrant|Mimikyu-Busted, M
|-damage|p2a: Illegal Immigrant|68/100|[from] pokemon: Mimikyu-Busted
|
|-weather|RainDance|[upkeep]
|upkeep
|turn|9
|
|t:|1757901093
|move|p2a: Illegal Immigrant|Play Rough|p1a: Aj's Exact Type
|-damage|p1a: Aj's Exact Type|26/100
|move|p1a: Aj's Exact Type|Hurricane|p2a: Illegal Immigrant
|-damage|p2a: Illegal Immigrant|21/100
|-start|p2a: Illegal Immigrant|confusion
|
|-weather|RainDance|[upkeep]
|upkeep
|turn|10
|
|t:|1757901130
|-activate|p2a: Illegal Immigrant|confusion
|move|p2a: Illegal Immigrant|Shadow Claw|p1a: Aj's Exact Type
|-damage|p1a: Aj's Exact Type|0 fnt
|faint|p1a: Aj's Exact Type
|
|-weather|RainDance|[upkeep]
|upkeep
|
|t:|1757901153
|switch|p1a: Not Therian|Thundurus, M|100/100
|turn|11
|
|t:|1757901163
|move|p1a: Not Therian|Volt Switch|p2a: Illegal Immigrant
|-damage|p2a: Illegal Immigrant|0 fnt
|faint|p2a: Illegal Immigrant
|
|t:|1757901179
|switch|p1a: Day After Tom|Kyurem|94/100 par|[from] Volt Switch
|-ability|p1a: Day After Tom|Pressure
|
|-weather|RainDance|[upkeep]
|upkeep
|
|t:|1757901193
|switch|p2a: ELEPHANT!!!|Great Tusk|100/100
|-enditem|p2a: ELEPHANT!!!|Booster Energy
|-activate|p2a: ELEPHANT!!!|ability: Protosynthesis|[fromitem]
|-start|p2a: ELEPHANT!!!|protosynthesisspe
|turn|12
|
|t:|1757901236
|move|p2a: ELEPHANT!!!|Iron Head|p1a: Day After Tom
|-supereffective|p1a: Day After Tom
|-damage|p1a: Day After Tom|50/100 par
|cant|p1a: Day After Tom|par
|
|-weather|none
|upkeep
|turn|13
|
|t:|1757901253
|move|p2a: ELEPHANT!!!|Iron Head|p1a: Day After Tom
|-supereffective|p1a: Day After Tom
|-damage|p1a: Day After Tom|9/100 par
|move|p1a: Day After Tom|Icicle Spear|p2a: ELEPHANT!!!
|-supereffective|p2a: ELEPHANT!!!
|-crit|p2a: ELEPHANT!!!
|-damage|p2a: ELEPHANT!!!|72/100
|-supereffective|p2a: ELEPHANT!!!
|-damage|p2a: ELEPHANT!!!|53/100
|-supereffective|p2a: ELEPHANT!!!
|-damage|p2a: ELEPHANT!!!|35/100
|-supereffective|p2a: ELEPHANT!!!
|-damage|p2a: ELEPHANT!!!|16/100
|-hitcount|p2a: ELEPHANT!!!|4
|
|upkeep
|turn|14
|
|t:|1757901280
|move|p2a: ELEPHANT!!!|Iron Head|p1a: Day After Tom
|-supereffective|p1a: Day After Tom
|-damage|p1a: Day After Tom|0 fnt
|faint|p1a: Day After Tom
|
|upkeep
|
|t:|1757901284
|switch|p1a: Not Therian|Thundurus, M|100/100
|turn|15
|
|t:|1757901301
|move|p2a: ELEPHANT!!!|Supercell Slam|p1a: Not Therian
|-damage|p1a: Not Therian|60/100
|move|p1a: Not Therian|Sludge Bomb|p2a: ELEPHANT!!!
|-resisted|p2a: ELEPHANT!!!
|-damage|p2a: ELEPHANT!!!|0 fnt
|faint|p2a: ELEPHANT!!!
|-end|p2a: ELEPHANT!!!|Protosynthesis|[silent]
|
|-heal|p1a: Not Therian|66/100|[from] item: Leftovers
|upkeep
|
|t:|1757901338
|switch|p2a: Sunny D|Iron Moth|100/100
|-enditem|p2a: Sunny D|Booster Energy
|-activate|p2a: Sunny D|ability: Quark Drive|[fromitem]
|-start|p2a: Sunny D|quarkdrivespa
|turn|16
|
|t:|1757901368
|move|p1a: Not Therian|Thunder Wave|p2a: Sunny D
|-status|p2a: Sunny D|par
|move|p2a: Sunny D|Fiery Dance|p1a: Not Therian
|-damage|p1a: Not Therian|0 fnt
|-boost|p2a: Sunny D|spa|1
|faint|p1a: Not Therian
|
|upkeep
|
|t:|1757901373
|switch|p1a: Baskerito|Barraskewda, F|100/100
|turn|17
|
|t:|1757901388
|move|p1a: Baskerito|Liquidation|p2a: Sunny D
|-supereffective|p2a: Sunny D
|-damage|p2a: Sunny D|0 fnt
|faint|p2a: Sunny D
|-end|p2a: Sunny D|Quark Drive|[silent]
|
|upkeep
|
|t:|1757901396
|switch|p2a: 212°F|Sinistcha|100/100
|turn|18
|
|t:|1757901411
|-terastallize|p1a: Baskerito|Water
|move|p1a: Baskerito|Liquidation|p2a: 212°F
|-resisted|p2a: 212°F
|-damage|p2a: 212°F|57/100
|move|p2a: 212°F|Strength Sap|p1a: Baskerito
|-unboost|p1a: Baskerito|atk|1
|-heal|p2a: 212°F|100/100
|
|upkeep
|turn|19
|
|t:|1757901421
|move|p1a: Baskerito|Liquidation|p2a: 212°F
|-resisted|p2a: 212°F
|-damage|p2a: 212°F|70/100
|move|p2a: 212°F|Matcha Gotcha|p1a: Baskerito
|-supereffective|p1a: Baskerito
|-damage|p1a: Baskerito|0 fnt
|-heal|p2a: 212°F|100/100|[from] drain|[of] p1a: Baskerito
|faint|p1a: Baskerito
|
|win|Hedgehog415
|l|☆ex1400
|player|p1|
