|j|☆StrykerMan81
|j|☆caijin
|t:|1757828636
|gametype|singles
|player|p1|StrykerMan81|265|1130
|player|p2|caijin|bianca|1102
|gen|9
|tier|[Gen 9] OU
|rated|
|rule|HP Percentage Mod: HP is shown in percentages
|rule|Endless Battle Clause: Forcing endless battles is banned
|rule|Species Clause: Limit one of each Pokémon
|rule|OHKO Clause: OHKO moves are banned
|rule|Evasion Items Clause: Evasion items are banned
|rule|Evasion Moves Clause: Evasion moves are banned
|rule|Evasion Abilities Clause: Evasion abilities are banned
|rule|Sleep Moves Clause: Sleep-inducing moves are banned
|clearpoke
|poke|p1|Staraptor, F|
|poke|p1|Zapdos|
|poke|p1|Swampert, M|
|poke|p1|Naclstack, M|
|poke|p1|Latios, M|
|poke|p1|Slowking-Galar, M|
|poke|p2|Serperior, F|
|poke|p2|Meowstic, M|
|poke|p2|Chandelure, M|
|poke|p2|Pawmot, F|
|poke|p2|Noivern, M|
|poke|p2|Florges-Blue, F|
|teampreview
|inactive|Battle timer is ON: inactive players will automatically lose when time's up. (requested by caijin)
|
|t:|1757828643
|teamsize|p1|6
|teamsize|p2|6
|start
|switch|p1a: Latios|Latios, M|100/100
|switch|p2a: Mirror|Meowstic, M|100/100
|turn|1
|
|t:|1757828656
|switch|p1a: Slowking|Slowking-Galar, M|100/100
|move|p2a: Mirror|Thunder Wave|p1a: Slowking
|-status|p1a: Slowking|par
|
|upkeep
|turn|2
|
|t:|1757828666
|move|p2a: Mirror|Psychic|p1a: Slowking
|-damage|p1a: Slowking|79/100 par
|move|p1a: Slowking|Future Sight|p2a: Mirror
|-start|p1a: Slowking|move: Future Sight
|
|-heal|p1a: Slowking|85/100 par|[from] item: Leftovers
|upkeep
|turn|3
|
|t:|1757828673
|move|p2a: Mirror|Psychic|p1a: Slowking
|-damage|p1a: Slowking|62/100 par
|-prepare|p1a: Slowking|Chilly Reception|[premajor]
|move|p1a: Slowking|Chilly Reception|p1a: Slowking
|-weather|Snowscape
|
|t:|1757828692
|switch|p1a: Swampert|Swampert, M|100/100|[from] Chilly Reception
|
|-weather|Snowscape|[upkeep]
|upkeep
|turn|4
|
|t:|1757828700
|move|p2a: Mirror|Light Screen|p2a: Mirror
|-sidestart|p2: caijin|move: Light Screen
|move|p1a: Swampert|Surf|p2a: Mirror
|-damage|p2a: Mirror|77/100
|
|-weather|Snowscape|[upkeep]
|-end|p2a: Mirror|move: Future Sight
|-resisted|p2a: Mirror
|-damage|p2a: Mirror|60/100
|upkeep
|turn|5
|
|t:|1757828710
|move|p2a: Mirror|Psychic|p1a: Swampert
|-damage|p1a: Swampert|75/100
|move|p1a: Swampert|Stealth Rock|p2a: Mirror
|-sidestart|p2: caijin|move: Stealth Rock
|
|-weather|Snowscape|[upkeep]
|-heal|p1a: Swampert|81/100|[from] item: Leftovers
|upkeep
|turn|6
|
|t:|1757828719
|move|p2a: Mirror|Reflect|p2a: Mirror
|-sidestart|p2: caijin|Reflect
|move|p1a: Swampert|Earth Power|p2a: Mirror
|-damage|p2a: Mirror|39/100
|
|-weather|Snowscape|[upkeep]
|-heal|p1a: Swampert|87/100|[from] item: Leftovers
|upkeep
|turn|7
|
|t:|1757828727
|switch|p2a: Misty|Noivern, M|100/100
|move|p1a: Swampert|Earth Power|p2a: Misty
|-immune|p2a: Misty
|
|-weather|none
|-heal|p1a: Swampert|94/100|[from] item: Leftovers
|upkeep
|turn|8
|
|t:|1757828736
|move|p2a: Misty|Defog|p1a: Swampert
|-unboost|p1a: Swampert|evasion|1
|-sideend|p2: caijin|Stealth Rock|[from] move: Defog|[of] p2a: Misty
|move|p1a: Swampert|Ice Beam|p2a: Misty
|-supereffective|p2a: Misty
|-damage|p2a: Misty|31/100
|
|-heal|p1a: Swampert|99/100|[from] item: Leftovers
|upkeep
|turn|9
|
|t:|1757828747
|switch|p2a: Lisianthus|Florges-Blue, F|100/100
|move|p1a: Swampert|Stealth Rock|p2a: Lisianthus
|-sidestart|p2: caijin|move: Stealth Rock
|
|-heal|p1a: Swampert|100/100|[from] item: Leftovers
|upkeep
|turn|10
|
|t:|1757828756
|switch|p1a: Staraptor|Staraptor, F|100/100
|move|p2a: Lisianthus|Calm Mind|p2a: Lisianthus
|-boost|p2a: Lisianthus|spa|1
|-boost|p2a: Lisianthus|spd|1
|
|upkeep
|turn|11
|
|t:|1757828762
|move|p1a: Staraptor|Brave Bird|p2a: Lisianthus
|-damage|p2a: Lisianthus|28/100
|-damage|p1a: Staraptor|73/100|[from] Recoil
|move|p2a: Lisianthus|Chilling Water|p1a: Staraptor
|-damage|p1a: Staraptor|32/100
|-unboost|p1a: Staraptor|atk|1
|
|-sideend|p2: caijin|move: Light Screen
|upkeep
|turn|12
|
|t:|1757828780
|switch|p1a: Slowking|Slowking-Galar, M|95/100 par
|move|p2a: Lisianthus|Giga Drain|p1a: Slowking
|-resisted|p1a: Slowking
|-damage|p1a: Slowking|80/100 par
|-heal|p2a: Lisianthus|37/100|[from] drain|[of] p1a: Slowking
|
|-heal|p1a: Slowking|86/100 par|[from] item: Leftovers
|upkeep
|turn|13
|
|t:|1757828790
|move|p2a: Lisianthus|Giga Drain|p1a: Slowking
|-resisted|p1a: Slowking
|-damage|p1a: Slowking|71/100 par
|-heal|p2a: Lisianthus|45/100|[from] drain|[of] p1a: Slowking
|move|p1a: Slowking|Thunder Wave|p2a: Lisianthus
|-status|p2a: Lisianthus|par
|-enditem|p2a: Lisianthus|Lum Berry|[eat]
|-curestatus|p2a: Lisianthus|par|[msg]
|
|-heal|p1a: Slowking|77/100 par|[from] item: Leftovers
|-sideend|p2: caijin|Reflect
|upkeep
|turn|14
|
|t:|1757828807
|-terastallize|p2a: Lisianthus|Grass
|move|p2a: Lisianthus|Giga Drain|p1a: Slowking
|-resisted|p1a: Slowking
|-damage|p1a: Slowking|54/100 par
|-heal|p2a: Lisianthus|58/100|[from] drain|[of] p1a: Slowking
|move|p1a: Slowking|Thunder Wave|p2a: Lisianthus
|-block|p2a: Lisianthus|ability: Flower Veil|[of] p2a: Lisianthus
|
|-heal|p1a: Slowking|60/100 par|[from] item: Leftovers
|upkeep
|turn|15
|
|t:|1757828819
|move|p2a: Lisianthus|Giga Drain|p1a: Slowking
|-resisted|p1a: Slowking
|-damage|p1a: Slowking|36/100 par
|-heal|p2a: Lisianthus|71/100|[from] drain|[of] p1a: Slowking
|-prepare|p1a: Slowking|Chilly Reception|[premajor]
|cant|p1a: Slowking|par
|
|-heal|p1a: Slowking|42/100 par|[from] item: Leftovers
|upkeep
|turn|16
|
|t:|1757828828
|move|p2a: Lisianthus|Giga Drain|p1a: Slowking
|-resisted|p1a: Slowking
|-damage|p1a: Slowking|20/100 par
|-heal|p2a: Lisianthus|83/100|[from] drain|[of] p1a: Slowking
|-prepare|p1a: Slowking|Chilly Reception|[premajor]
|move|p1a: Slowking|Chilly Reception|p1a: Slowking
|-weather|Snowscape
|
|t:|1757828843
|switch|p1a: Staraptor|Staraptor, F|32/100|[from] Chilly Reception
|
|-weather|Snowscape|[upkeep]
|upkeep
|turn|17
|
|t:|1757828850
|switch|p2a: Mirror|Meowstic, M|39/100
|-damage|p2a: Mirror|26/100|[from] Stealth Rock
|move|p1a: Staraptor|Brave Bird|p2a: Mirror
|-damage|p2a: Mirror|0 fnt
|faint|p2a: Mirror
|-damage|p1a: Staraptor|22/100|[from] Recoil
|
|-weather|Snowscape|[upkeep]
|upkeep
|
|t:|1757828864
|switch|p2a: Apricot|Pawmot, F|100/100
|-damage|p2a: Apricot|94/100|[from] Stealth Rock
|turn|18
|
|t:|1757828877
|switch|p1a: Zapdos|Zapdos|100/100
|-ability|p1a: Zapdos|Pressure
|move|p2a: Apricot|Ice Punch|p1a: Zapdos
|-supereffective|p1a: Zapdos
|-damage|p1a: Zapdos|56/100
|
|-weather|Snowscape|[upkeep]
|upkeep
|turn|19
|
|t:|1757828894
|move|p2a: Apricot|Ice Punch|p1a: Zapdos
|-supereffective|p1a: Zapdos
|-damage|p1a: Zapdos|8/100
|move|p1a: Zapdos|Hurricane|p2a: Apricot
|-damage|p2a: Apricot|13/100
|
|-weather|Snowscape|[upkeep]
|upkeep
|turn|20
|
|t:|1757828903
|move|p2a: Apricot|Mach Punch|p1a: Zapdos
|-resisted|p1a: Zapdos
|-damage|p1a: Zapdos|0 fnt
|faint|p1a: Zapdos
|
|-weather|none
|upkeep
|
|t:|1757828912
|switch|p1a: Latios|Latios, M|100/100
|turn|21
|
|t:|1757828921
|switch|p2a: Misty|Noivern, M|31/100
|move|p1a: Latios|Psychic|p2a: Misty
|-damage|p2a: Misty|0 fnt
|faint|p2a: Misty
|
|upkeep
|
|t:|1757828930
|switch|p2a: Lisianthus|Florges-Blue, F, tera:Grass|83/100
|-damage|p2a: Lisianthus|71/100|[from] Stealth Rock
|turn|22
|
|t:|1757828936
|move|p1a: Latios|Psyshock|p2a: Lisianthus
|-damage|p2a: Lisianthus|10/100
|move|p2a: Lisianthus|Calm Mind|p2a: Lisianthus
|-boost|p2a: Lisianthus|spa|1
|-boost|p2a: Lisianthus|spd|1
|
|upkeep
|turn|23
|
|t:|1757828943
|move|p1a: Latios|Psyshock|p2a: Lisianthus
|-damage|p2a: Lisianthus|0 fnt
|faint|p2a: Lisianthus
|
|upkeep
|
|t:|1757828948
|switch|p2a: Camellia|Serperior, F|100/100
|-damage|p2a: Camellia|88/100|[from] Stealth Rock
|turn|24
|
|t:|1757828953
|move|p2a: Camellia|Coil|p2a: Camellia
|-boost|p2a: Camellia|atk|1
|-boost|p2a: Camellia|def|1
|-boost|p2a: Camellia|accuracy|1
|move|p1a: Latios|Psychic|p2a: Camellia
|-damage|p2a: Camellia|20/100
|
|upkeep
|turn|25
|
|t:|1757828964
|move|p2a: Camellia|Scale Shot|p1a: Latios
|-supereffective|p1a: Latios
|-damage|p1a: Latios|74/100
|-supereffective|p1a: Latios
|-damage|p1a: Latios|50/100
|-supereffective|p1a: Latios
|-damage|p1a: Latios|26/100
|-supereffective|p1a: Latios
|-damage|p1a: Latios|1/100
|-hitcount|p1a: Latios|4
|-unboost|p2a: Camellia|def|1
|-boost|p2a: Camellia|spe|1
|move|p1a: Latios|Psychic|p2a: Camellia
|-damage|p2a: Camellia|0 fnt
|faint|p2a: Camellia
|
|upkeep
|
|t:|1757828980
|switch|p2a: Apricot|Pawmot, F|13/100
|-damage|p2a: Apricot|7/100|[from] Stealth Rock
|turn|26
|
|t:|1757828985
|switch|p1a: Swampert|Swampert, M|100/100
|move|p2a: Apricot|Mach Punch|p1a: Swampert
|-damage|p1a: Swampert|79/100
|
|-heal|p1a: Swampert|85/100|[from] item: Leftovers
|upkeep
|turn|27
|
|t:|1757828994
|move|p2a: Apricot|Ice Punch|p1a: Swampert
|-damage|p1a: Swampert|55/100
|move|p1a: Swampert|Surf|p2a: Apricot
|-damage|p2a: Apricot|0 fnt
|faint|p2a: Apricot
|
|-heal|p1a: Swampert|61/100|[from] item: Leftovers
|upkeep
|
|t:|1757829003
|switch|p2a: Shyouko|Chandelure, M|100/100
|-damage|p2a: Shyouko|76/100|[from] Stealth Rock
|turn|28
|
|t:|1757829007
|move|p2a: Shyouko|Energy Ball|p1a: Swampert
|-supereffective|p1a: Swampert
|-damage|p1a: Swampert|0 fnt
|faint|p1a: Swampert
|-damage|p2a: Shyouko|66/100|[from] item: Life Orb
|
|upkeep
|
|t:|1757829010
|switch|p1a: Latios|Latios, M|1/100
|turn|29
|
|t:|1757829019
|move|p1a: Latios|Psychic|p2a: Shyouko
|-crit|p2a: Shyouko
|-damage|p2a: Shyouko|0 fnt
|faint|p2a: Shyouko
|
|win|StrykerMan81
|raw|StrykerMan81's rating: 1130 &rarr; <strong>1153</strong><br />(+23 for winning)
|raw|caijin's rating: 1102 &rarr; <strong>1079</strong><br />(-23 for losing)
|l|☆caijin
|player|p2|
|l|☆StrykerMan81
|player|p1|
