|j|☆rmo27
|j|☆S11xSummarized
|t:|1757943347
|gametype|singles
|player|p1|rmo27|1|1156
|player|p2|S11xSummarized|rosa|1151
|gen|9
|tier|[Gen 9] OU
|rated|
|rule|HP Percentage Mod: HP is shown in percentages
|rule|Endless Battle Clause: Forcing endless battles is banned
|rule|Species Clause: Limit one of each Pokémon
|rule|OHKO Clause: OHKO moves are banned
|rule|Evasion Items Clause: Evasion items are banned
|rule|Evasion Moves Clause: Evasion moves are banned
|rule|Evasion Abilities Clause: Evasion abilities are banned
|rule|Sleep Moves Clause: Sleep-inducing moves are banned
|clearpoke
|poke|p1|Darkrai|
|poke|p1|Zamazenta-*|
|poke|p1|Pecharunt|
|poke|p1|Primarina, M|
|poke|p1|Ogerpon-Wellspring, F|
|poke|p1|Moltres|
|poke|p2|Indeedee-F, F|
|poke|p2|Armarouge, F|
|poke|p2|Polteageist-Antique|
|poke|p2|Hatterene, F|
|poke|p2|Great Tusk|
|poke|p2|Serperior, F|
|teampreview
|
|t:|1757943364
|teamsize|p1|6
|teamsize|p2|6
|start
|switch|p1a: Ogerpon|Ogerpon-Wellspring, F|100/100
|switch|p2a: Indeedee|Indeedee-F, F|100/100
|-fieldstart|move: Psychic Terrain|[from] ability: Psychic Surge|[of] p2a: Indeedee
|turn|1
|
|t:|1757943380
|switch|p2a: Hatterene|Hatterene, F|100/100
|move|p1a: Ogerpon|Swords Dance|p1a: Ogerpon
|-boost|p1a: Ogerpon|atk|2
|
|upkeep
|turn|2
|
|t:|1757943391
|move|p1a: Ogerpon|Ivy Cudgel|p2a: Hatterene|[anim] Ivy Cudgel Water
|-damage|p2a: Hatterene|25/100
|move|p2a: Hatterene|Mystical Fire|p1a: Ogerpon
|-damage|p1a: Ogerpon|78/100
|-unboost|p1a: Ogerpon|spa|1
|
|-heal|p2a: Hatterene|31/100|[from] item: Leftovers
|upkeep
|turn|3
|
|t:|1757943407
|move|p1a: Ogerpon|Ivy Cudgel|p2a: Hatterene|[anim] Ivy Cudgel Water
|-damage|p2a: Hatterene|0 fnt
|faint|p2a: Hatterene
|
|upkeep
|
|t:|1757943412
|switch|p2a: Polteageist|Polteageist-Antique|100/100
|turn|4
|
|t:|1757943420
|move|p1a: Ogerpon|Swords Dance|p1a: Ogerpon
|-boost|p1a: Ogerpon|atk|2
|move|p2a: Polteageist|Shell Smash|p2a: Polteageist
|-unboost|p2a: Polteageist|def|1
|-unboost|p2a: Polteageist|spd|1
|-boost|p2a: Polteageist|atk|2
|-boost|p2a: Polteageist|spa|2
|-boost|p2a: Polteageist|spe|2
|
|upkeep
|turn|5
|
|t:|1757943429
|move|p2a: Polteageist|Stored Power|p1a: Ogerpon
|-damage|p1a: Ogerpon|0 fnt
|faint|p1a: Ogerpon
|
|upkeep
|
|t:|1757943444
|switch|p1a: Zamazenta|Zamazenta, shiny|100/100
|-ability|p1a: Zamazenta|Dauntless Shield|boost
|-boost|p1a: Zamazenta|def|1
|turn|6
|
|t:|1757943461
|move|p2a: Polteageist|Stored Power|p1a: Zamazenta
|-supereffective|p1a: Zamazenta
|-damage|p1a: Zamazenta|0 fnt
|faint|p1a: Zamazenta
|
|upkeep
|
|t:|1757943473
|switch|p1a: Primarina|Primarina, M|100/100
|turn|7
|
|t:|1757943489
|move|p2a: Polteageist|Stored Power|p1a: Primarina
|-damage|p1a: Primarina|4/100
|move|p1a: Primarina|Moonblast|p2a: Polteageist
|-damage|p2a: Polteageist|6/100
|-unboost|p2a: Polteageist|spa|1
|
|upkeep
|turn|8
|
|t:|1757943534
|move|p2a: Polteageist|Stored Power|p1a: Primarina
|-damage|p1a: Primarina|0 fnt
|faint|p1a: Primarina
|
|-fieldend|move: Psychic Terrain
|upkeep
|
|t:|1757943545
|switch|p1a: Pecharunt|Pecharunt|100/100
|turn|9
|
|t:|1757943550
|switch|p2a: Indeedee|Indeedee-F, F|100/100
|-fieldstart|move: Psychic Terrain|[from] ability: Psychic Surge|[of] p2a: Indeedee
|-terastallize|p1a: Pecharunt|Dark
|move|p1a: Pecharunt|Shadow Ball|p2a: Indeedee
|-immune|p2a: Indeedee
|
|upkeep
|turn|10
|
|t:|1757943560
|move|p1a: Pecharunt|Malignant Chain|p2a: Indeedee
|-damage|p2a: Indeedee|66/100
|-status|p2a: Indeedee|tox
|-start|p2a: Indeedee|confusion|[from] ability: Poison Puppeteer|[of] p1a: Pecharunt
|-activate|p2a: Indeedee|confusion
|-damage|p2a: Indeedee|59/100 tox|[from] confusion
|
|-damage|p2a: Indeedee|53/100 tox|[from] psn
|upkeep
|turn|11
|
|t:|1757943570
|move|p1a: Pecharunt|Malignant Chain|p2a: Indeedee
|-damage|p2a: Indeedee|18/100 tox
|-end|p2a: Indeedee|confusion
|move|p2a: Indeedee|Healing Wish|p2a: Indeedee
|faint|p2a: Indeedee
|
|upkeep
|
|t:|1757943580
|switch|p2a: Polteageist|Polteageist-Antique|6/100
|-heal|p2a: Polteageist|100/100|[from] move: Healing Wish
|turn|12
|
|t:|1757943586
|move|p1a: Pecharunt|Shadow Ball|p2a: Polteageist
|-supereffective|p2a: Polteageist
|-damage|p2a: Polteageist|38/100
|move|p2a: Polteageist|Shell Smash|p2a: Polteageist
|-unboost|p2a: Polteageist|def|1
|-unboost|p2a: Polteageist|spd|1
|-boost|p2a: Polteageist|atk|2
|-boost|p2a: Polteageist|spa|2
|-boost|p2a: Polteageist|spe|2
|
|upkeep
|turn|13
|
|t:|1757943597
|-terastallize|p2a: Polteageist|Fighting
|move|p2a: Polteageist|Tera Blast|p1a: Pecharunt|[anim] Tera Blast Fighting
|-supereffective|p1a: Pecharunt
|-crit|p1a: Pecharunt
|-damage|p1a: Pecharunt|0 fnt
|faint|p1a: Pecharunt
|
|upkeep
|
|t:|1757943604
|switch|p1a: Moltres|Moltres|100/100
|turn|14
|
|t:|1757943613
|move|p2a: Polteageist|Stored Power|p1a: Moltres
|-damage|p1a: Moltres|0 fnt
|faint|p1a: Moltres
|
|upkeep
|
|t:|1757943617
|switch|p1a: Darkrai|Darkrai|100/100
|turn|15
|
|t:|1757943623
|move|p2a: Polteageist|Tera Blast|p1a: Darkrai|[anim] Tera Blast Fighting
|-supereffective|p1a: Darkrai
|-damage|p1a: Darkrai|0 fnt
|faint|p1a: Darkrai
|
|win|S11xSummarized
|raw|rmo27's rating: 1156 &rarr; <strong>1131</strong><br />(-25 for losing)
|raw|S11xSummarized's rating: 1151 &rarr; <strong>1176</strong><br />(+25 for winning)
|l|☆rmo27
|player|p1|
|l|☆S11xSummarized
|player|p2|
