|j|☆mulinhan
|j|☆spreadcrosser
|t:|1757908771
|gametype|singles
|player|p1|mulinhan|1|1323
|player|p2|spreadcrosser|266|1327
|gen|9
|tier|[Gen 9] OU
|rated|
|rule|HP Percentage Mod: HP is shown in percentages
|rule|Endless Battle Clause: Forcing endless battles is banned
|rule|Species Clause: Limit one of each Pokémon
|rule|OHKO Clause: OHKO moves are banned
|rule|Evasion Items Clause: Evasion items are banned
|rule|Evasion Moves Clause: Evasion moves are banned
|rule|Evasion Abilities Clause: Evasion abilities are banned
|rule|Sleep Moves Clause: Sleep-inducing moves are banned
|clearpoke
|poke|p1|Dragapult, M|
|poke|p1|Meowscarada, F|
|poke|p1|Iron Treads|
|poke|p1|Gardevoir, F|
|poke|p1|Zoroark-Hisui, F|
|poke|p1|Kingambit, F|
|poke|p2|Serperior, F|
|poke|p2|Kingambit, F|
|poke|p2|Excadrill, F|
|poke|p2|Iron Hands|
|poke|p2|Ceruledge, F|
|poke|p2|Raging Bolt|
|teampreview
|inactive|Battle timer is ON: inactive players will automatically lose when time's up. (requested by spreadcrosser)
|
|t:|1757908789
|teamsize|p1|6
|teamsize|p2|6
|start
|switch|p1a: Kingambit|Kingambit, F|100/100
|switch|p2a: Kingambit|Kingambit, F|100/100
|-item|p2a: Kingambit|Air Balloon
|turn|1
|c|☆spreadcrosser|huh
|
|t:|1757908807
|switch|p1a: Dragapult|Dragapult, M|100/100
|move|p2a: Kingambit|Swords Dance|p2a: Kingambit
|-boost|p2a: Kingambit|atk|2
|
|upkeep
|turn|2
|
|t:|1757908814
|move|p2a: Kingambit|Sucker Punch||[still]
|-fail|p2a: Kingambit
|move|p1a: Dragapult|Will-O-Wisp|p2a: Kingambit
|-status|p2a: Kingambit|brn
|
|-damage|p2a: Kingambit|94/100 brn|[from] brn
|upkeep
|turn|3
|
|t:|1757908831
|switch|p1a: Kingambit|Kingambit, F|100/100
|move|p2a: Kingambit|Swords Dance|p2a: Kingambit
|-boost|p2a: Kingambit|atk|2
|
|-damage|p2a: Kingambit|88/100 brn|[from] brn
|upkeep
|turn|4
|
|t:|1757908838
|move|p1a: Kingambit|Low Kick|p2a: Kingambit
|-supereffective|p2a: Kingambit
|-damage|p2a: Kingambit|0 fnt
|-enditem|p2a: Kingambit|Air Balloon
|faint|p2a: Kingambit
|
|upkeep
|
|t:|1757908841
|switch|p2a: Ceruledge|Ceruledge, F|100/100
|turn|5
|
|t:|1757908849
|-end|p1a: Kingambit|fallenundefined|[silent]
|switch|p1a: Gardevoir|Gardevoir, F|100/100
|-ability|p1a: Gardevoir|Weak Armor|Trace|[from] ability: Trace|[of] p2a: Ceruledge
|move|p2a: Ceruledge|Swords Dance|p2a: Ceruledge
|-boost|p2a: Ceruledge|atk|2
|
|upkeep
|turn|6
|
|t:|1757908857
|move|p1a: Gardevoir|Trick|p2a: Ceruledge
|-activate|p1a: Gardevoir|move: Trick|[of] p2a: Ceruledge
|-item|p2a: Ceruledge|Choice Scarf|[from] move: Trick
|-item|p1a: Gardevoir|Focus Sash|[from] move: Trick
|move|p2a: Ceruledge|Bitter Blade|p1a: Gardevoir
|-enditem|p1a: Gardevoir|Focus Sash
|-damage|p1a: Gardevoir|1/100
|-ability|p1a: Gardevoir|Weak Armor|boost
|-unboost|p1a: Gardevoir|def|1
|-boost|p1a: Gardevoir|spe|2
|
|upkeep
|turn|7
|c|☆spreadcrosser|what is even going on
|c|☆spreadcrosser|is this a showdown bot
|
|t:|1757908883
|move|p1a: Gardevoir|Moonblast|p2a: Ceruledge
|-resisted|p2a: Ceruledge
|-crit|p2a: Ceruledge
|-damage|p2a: Ceruledge|58/100
|move|p2a: Ceruledge|Bitter Blade|p1a: Gardevoir
|-damage|p1a: Gardevoir|0 fnt
|-heal|p2a: Ceruledge|59/100|[from] drain|[of] p1a: Gardevoir
|faint|p1a: Gardevoir
|
|upkeep
|inactive|mulinhan has 120 seconds left.
|
|t:|1757908904
|switch|p1a: Iron Treads|Iron Treads|100/100
|turn|8
|
|t:|1757908912
|-terastallize|p2a: Ceruledge|Grass
|-terastallize|p1a: Iron Treads|Ground
|move|p2a: Ceruledge|Bitter Blade|p1a: Iron Treads
|-damage|p1a: Iron Treads|27/100
|-heal|p2a: Ceruledge|100/100|[from] drain|[of] p1a: Iron Treads
|move|p1a: Iron Treads|Earthquake|p2a: Ceruledge
|-resisted|p2a: Ceruledge
|-damage|p2a: Ceruledge|64/100
|-ability|p2a: Ceruledge|Weak Armor|boost
|-unboost|p2a: Ceruledge|def|1
|-boost|p2a: Ceruledge|spe|2
|
|upkeep
|turn|9
|inactive|mulinhan has 120 seconds left.
|
|t:|1757908926
|move|p2a: Ceruledge|Bitter Blade|p1a: Iron Treads
|-damage|p1a: Iron Treads|0 fnt
|-heal|p2a: Ceruledge|81/100|[from] drain|[of] p1a: Iron Treads
|faint|p1a: Iron Treads
|-end|p1a: Iron Treads|Quark Drive|[silent]
|
|upkeep
|inactive|mulinhan has 120 seconds left.
|
|t:|1757908935
|switch|p1a: Dragapult|Dragapult, M|100/100
|turn|10
|
|t:|1757908939
|move|p2a: Ceruledge|Bitter Blade|p1a: Dragapult
|-resisted|p1a: Dragapult
|-damage|p1a: Dragapult|37/100
|-heal|p2a: Ceruledge|100/100|[from] drain|[of] p1a: Dragapult
|move|p1a: Dragapult|Will-O-Wisp|p2a: Ceruledge
|-status|p2a: Ceruledge|brn
|
|-heal|p1a: Dragapult|43/100|[from] item: Leftovers
|-damage|p2a: Ceruledge|94/100 brn|[from] brn
|upkeep
|turn|11
|
|t:|1757908951
|move|p2a: Ceruledge|Bitter Blade|p1a: Dragapult
|-resisted|p1a: Dragapult
|-damage|p1a: Dragapult|11/100
|-heal|p2a: Ceruledge|100/100 brn|[from] drain|[of] p1a: Dragapult
|move|p1a: Dragapult|U-turn|p2a: Ceruledge
|-supereffective|p2a: Ceruledge
|-damage|p2a: Ceruledge|15/100 brn
|-ability|p2a: Ceruledge|Weak Armor|boost
|-unboost|p2a: Ceruledge|def|1
|-boost|p2a: Ceruledge|spe|2
|
|t:|1757908961
|switch|p1a: Dragapult|Dragapult, M|100/100|[from] U-turn
|
|-damage|p2a: Ceruledge|8/100 brn|[from] brn
|upkeep
|turn|12
|
|t:|1757908968
|move|p2a: Ceruledge|Bitter Blade|p1a: Dragapult
|-damage|p1a: Dragapult|9/100
|-heal|p2a: Ceruledge|48/100 brn|[from] drain|[of] p1a: Dragapult
|replace|p1a: Zoroark|Zoroark-Hisui, F
|-end|p1a: Zoroark|Illusion
|move|p1a: Zoroark|Flamethrower|p2a: Ceruledge
|-supereffective|p2a: Ceruledge
|-damage|p2a: Ceruledge|0 fnt
|faint|p2a: Ceruledge
|
|upkeep
|
|t:|1757908976
|switch|p2a: Serperior|Serperior, F|100/100
|turn|13
|
|t:|1757908980
|move|p2a: Serperior|Leaf Storm|p1a: Zoroark
|-damage|p1a: Zoroark|0 fnt
|-boost|p2a: Serperior|spa|2
|faint|p1a: Zoroark
|
|upkeep
|
|t:|1757908984
|switch|p1a: Meowscarada|Meowscarada, F|100/100
|turn|14
|
|t:|1757908988
|move|p1a: Meowscarada|Triple Axel|p2a: Serperior
|-start|p1a: Meowscarada|typechange|Ice|[from] ability: Protean
|-supereffective|p2a: Serperior
|-damage|p2a: Serperior|66/100
|-supereffective|p2a: Serperior
|-damage|p2a: Serperior|0 fnt
|faint|p2a: Serperior
|-hitcount|p2: Serperior|2
|
|upkeep
|
|t:|1757908993
|switch|p2a: Excadrill|Excadrill, F|100/100
|-ability|p2a: Excadrill|Mold Breaker
|turn|15
|
|t:|1757909004
|switch|p1a: Dragapult|Dragapult, M|11/100
|move|p2a: Excadrill|Rock Tomb|p1a: Dragapult
|-damage|p1a: Dragapult|0 fnt
|faint|p1a: Dragapult
|
|upkeep
|
|t:|1757909013
|switch|p1a: Meowscarada|Meowscarada, F|100/100
|turn|16
|
|t:|1757909017
|switch|p2a: Iron Hands|Iron Hands|100/100
|-enditem|p2a: Iron Hands|Booster Energy
|-activate|p2a: Iron Hands|ability: Quark Drive|[fromitem]
|-start|p2a: Iron Hands|quarkdriveatk
|move|p1a: Meowscarada|Flower Trick|p2a: Iron Hands
|-start|p1a: Meowscarada|typechange|Grass|[from] ability: Protean
|-crit|p2a: Iron Hands
|-damage|p2a: Iron Hands|49/100
|
|upkeep
|turn|17
|
|t:|1757909029
|move|p1a: Meowscarada|Flower Trick|p2a: Iron Hands
|-crit|p2a: Iron Hands
|-damage|p2a: Iron Hands|0 fnt
|faint|p2a: Iron Hands
|-end|p2a: Iron Hands|Quark Drive|[silent]
|
|upkeep
|
|t:|1757909030
|switch|p2a: Raging Bolt|Raging Bolt|100/100
|turn|18
|
|t:|1757909037
|move|p1a: Meowscarada|Flower Trick|p2a: Raging Bolt
|-resisted|p2a: Raging Bolt
|-crit|p2a: Raging Bolt
|-damage|p2a: Raging Bolt|69/100
|move|p2a: Raging Bolt|Calm Mind|p2a: Raging Bolt
|-boost|p2a: Raging Bolt|spa|1
|-boost|p2a: Raging Bolt|spd|1
|
|-heal|p2a: Raging Bolt|75/100|[from] item: Leftovers
|upkeep
|turn|19
|
|t:|1757909049
|move|p1a: Meowscarada|Flower Trick|p2a: Raging Bolt
|-resisted|p2a: Raging Bolt
|-crit|p2a: Raging Bolt
|-damage|p2a: Raging Bolt|45/100
|move|p2a: Raging Bolt|Dragon Pulse|p1a: Meowscarada
|-damage|p1a: Meowscarada|0 fnt
|faint|p1a: Meowscarada
|
|-heal|p2a: Raging Bolt|51/100|[from] item: Leftovers
|upkeep
|
|t:|1757909055
|switch|p1a: Kingambit|Kingambit, F|100/100
|-activate|p1a: Kingambit|ability: Supreme Overlord
|-start|p1a: Kingambit|fallen5|[silent]
|turn|20
|
|t:|1757909060
|move|p2a: Raging Bolt|Thunderbolt|p1a: Kingambit
|-damage|p1a: Kingambit|18/100
|move|p1a: Kingambit|Kowtow Cleave|p2a: Raging Bolt
|-damage|p2a: Raging Bolt|0 fnt
|faint|p2a: Raging Bolt
|-end|p2a: Raging Bolt|Protosynthesis|[silent]
|
|upkeep
|
|t:|1757909065
|switch|p2a: Excadrill|Excadrill, F|100/100
|-ability|p2a: Excadrill|Mold Breaker
|turn|21
|
|t:|1757909081
|move|p1a: Kingambit|Sucker Punch|p2a: Excadrill
|-enditem|p2a: Excadrill|Focus Sash
|-damage|p2a: Excadrill|1/100
|move|p2a: Excadrill|Earthquake|p1a: Kingambit
|-supereffective|p1a: Kingambit
|-damage|p1a: Kingambit|0 fnt
|faint|p1a: Kingambit
|-end|p1a: Kingambit|fallen5|[silent]
|
|win|spreadcrosser
|raw|mulinhan's rating: 1323 &rarr; <strong>1303</strong><br />(-20 for losing)
|raw|spreadcrosser's rating: 1327 &rarr; <strong>1347</strong><br />(+20 for winning)
|c|☆spreadcrosser|gg
