|j|☆CORNILLO
|j|☆Gayroach
|t:|1757825179
|gametype|singles
|player|p1|CORNILLO|iris-gen5bw2|1087
|player|p2|Gayroach|bruno|1069
|gen|9
|tier|[Gen 9] OU
|rated|
|rule|HP Percentage Mod: HP is shown in percentages
|rule|Endless Battle Clause: Forcing endless battles is banned
|rule|Species Clause: Limit one of each Pokémon
|rule|OHKO Clause: OHKO moves are banned
|rule|Evasion Items Clause: Evasion items are banned
|rule|Evasion Moves Clause: Evasion moves are banned
|rule|Evasion Abilities Clause: Evasion abilities are banned
|rule|Sleep Moves Clause: Sleep-inducing moves are banned
|clearpoke
|poke|p1|Lokix, M|
|poke|p1|Sceptile, M|
|poke|p1|Snorlax, M|
|poke|p1|Rotom-Wash|
|poke|p1|Grimmsnarl, M|
|poke|p1|Torkoal, M|
|poke|p2|Glimmora, F|
|poke|p2|Salazzle, F|
|poke|p2|Overqwil, M|
|poke|p2|Okidogi, M|
|poke|p2|Clodsire, M|
|poke|p2|Gengar, F|
|teampreview
|
|t:|1757825187
|teamsize|p1|6
|teamsize|p2|6
|start
|switch|p1a: Sceptile|Sceptile, M|100/100
|switch|p2a: Glimmora|Glimmora, F|100/100
|turn|1
|
|t:|1757825196
|move|p2a: Glimmora|Mortal Spin|p1a: Sceptile
|-supereffective|p1a: Sceptile
|-damage|p1a: Sceptile|77/100
|-status|p1a: Sceptile|psn
|move|p1a: Sceptile|Roar|p2a: Glimmora
|-enditem|p1a: Sceptile|Throat Spray
|-boost|p1a: Sceptile|spa|1|[from] item: Throat Spray
|drag|p2a: Clodsire|Clodsire, M|100/100
|
|-damage|p1a: Sceptile|65/100 psn|[from] psn
|upkeep
|turn|2
|inactive|Battle timer is ON: inactive players will automatically lose when time's up. (requested by CORNILLO)
|
|t:|1757825208
|-terastallize|p1a: Sceptile|Ice
|move|p1a: Sceptile|Tera Blast|p2a: Clodsire|[anim] Tera Blast Ice
|-supereffective|p2a: Clodsire
|-damage|p2a: Clodsire|47/100
|move|p2a: Clodsire|Toxic Spikes|p1a: Sceptile
|-sidestart|p1: CORNILLO|move: Toxic Spikes
|
|-heal|p2a: Clodsire|54/100|[from] item: Black Sludge
|-damage|p1a: Sceptile|52/100 psn|[from] psn
|upkeep
|turn|3
|
|t:|1757825222
|move|p1a: Sceptile|Tera Blast|p2a: Clodsire|[anim] Tera Blast Ice
|-supereffective|p2a: Clodsire
|-damage|p2a: Clodsire|0 fnt
|faint|p2a: Clodsire
|
|-damage|p1a: Sceptile|40/100 psn|[from] psn
|upkeep
|
|t:|1757825230
|switch|p2a: Salazzle|Salazzle, F|100/100
|-item|p2a: Salazzle|Air Balloon
|turn|4
|
|t:|1757825237
|move|p2a: Salazzle|Flamethrower|p1a: Sceptile
|-supereffective|p1a: Sceptile
|-damage|p1a: Sceptile|0 fnt
|faint|p1a: Sceptile
|
|upkeep
|c|☆CORNILLO|how?
|
|t:|1757825256
|switch|p1a: Torkoal|Torkoal, M, shiny|100/100
|turn|5
|
|t:|1757825262
|move|p2a: Salazzle|Toxic|p1a: Torkoal
|-status|p1a: Torkoal|tox
|move|p1a: Torkoal|Rapid Spin|p2a: Salazzle
|-damage|p2a: Salazzle|84/100
|-boost|p1a: Torkoal|spe|1
|-enditem|p2a: Salazzle|Air Balloon
|-sideend|p1: CORNILLO|Toxic Spikes|[from] move: Rapid Spin|[of] p1a: Torkoal
|
|-damage|p1a: Torkoal|94/100 tox|[from] psn
|upkeep
|turn|6
|
|t:|1757825277
|move|p2a: Salazzle|Venoshock|p1a: Torkoal
|-damage|p1a: Torkoal|16/100 tox
|move|p1a: Torkoal|Stealth Rock|p2a: Salazzle
|-sidestart|p2: Gayroach|move: Stealth Rock
|
|-damage|p1a: Torkoal|3/100 tox|[from] psn
|upkeep
|turn|7
|
|t:|1757825296
|switch|p2a: Overqwil|Overqwil, M|100/100
|-damage|p2a: Overqwil|88/100|[from] Stealth Rock
|move|p1a: Torkoal|Lava Plume|p2a: Overqwil
|-damage|p2a: Overqwil|63/100
|-status|p2a: Overqwil|brn
|
|-damage|p1a: Torkoal|0 fnt|[from] psn
|faint|p1a: Torkoal
|-damage|p2a: Overqwil|57/100 brn|[from] brn
|upkeep
|
|t:|1757825307
|switch|p1a: Snorlax|Snorlax, M, shiny|100/100
|turn|8
|
|t:|1757825312
|move|p2a: Overqwil|Barb Barrage|p1a: Snorlax
|-damage|p1a: Snorlax|89/100
|move|p1a: Snorlax|Belly Drum|p1a: Snorlax
|-damage|p1a: Snorlax|39/100
|-setboost|p1a: Snorlax|atk|6|[from] move: Belly Drum
|-enditem|p1a: Snorlax|Salac Berry|[eat]
|-boost|p1a: Snorlax|spe|1|[from] item: Salac Berry
|
|-damage|p2a: Overqwil|51/100 brn|[from] brn
|upkeep
|turn|9
|
|t:|1757825323
|move|p2a: Overqwil|Barb Barrage|p1a: Snorlax
|-damage|p1a: Snorlax|27/100
|-status|p1a: Snorlax|psn
|move|p1a: Snorlax|Trailblaze|p2a: Overqwil
|-resisted|p2a: Overqwil
|-damage|p2a: Overqwil|21/100 brn
|-boost|p1a: Snorlax|spe|1
|
|-damage|p1a: Snorlax|15/100 psn|[from] psn
|-damage|p2a: Overqwil|15/100 brn|[from] brn
|upkeep
|turn|10
|inactive|Gayroach has 120 seconds left.
|
|t:|1757825355
|move|p2a: Overqwil|Aqua Jet|p1a: Snorlax
|-crit|p1a: Snorlax
|-damage|p1a: Snorlax|7/100 psn
|move|p1a: Snorlax|Earthquake|p2a: Overqwil
|-supereffective|p2a: Overqwil
|-damage|p2a: Overqwil|0 fnt
|faint|p2a: Overqwil
|
|-damage|p1a: Snorlax|0 fnt|[from] psn
|faint|p1a: Snorlax
|upkeep
|inactive|Gayroach has 120 seconds left.
|
|t:|1757825369
|switch|p2a: Glimmora|Glimmora, F|100/100
|switch|p1a: Grimmsnarl|Grimmsnarl, M|100/100
|-damage|p2a: Glimmora|88/100|[from] Stealth Rock
|turn|11
|inactive|Gayroach has 120 seconds left.
|
|t:|1757825379
|move|p1a: Grimmsnarl|Light Screen|p1a: Grimmsnarl
|-sidestart|p1: CORNILLO|move: Light Screen
|move|p2a: Glimmora|Stealth Rock|p1a: Grimmsnarl
|-sidestart|p1: CORNILLO|move: Stealth Rock
|
|upkeep
|turn|12
|
|t:|1757825385
|move|p1a: Grimmsnarl|Reflect|p1a: Grimmsnarl
|-sidestart|p1: CORNILLO|Reflect
|move|p2a: Glimmora|Mortal Spin|p1a: Grimmsnarl
|-supereffective|p1a: Grimmsnarl
|-damage|p1a: Grimmsnarl|93/100
|-status|p1a: Grimmsnarl|psn
|-sideend|p2: Gayroach|Stealth Rock|[from] move: Mortal Spin|[of] p2a: Glimmora
|
|-damage|p1a: Grimmsnarl|80/100 psn|[from] psn
|upkeep
|turn|13
|
|t:|1757825398
|move|p2a: Glimmora|Spiky Shield|p2a: Glimmora
|-singleturn|p2a: Glimmora|move: Protect
|move|p1a: Grimmsnarl|Spirit Break|p2a: Glimmora
|-activate|p2a: Glimmora|move: Protect
|-damage|p1a: Grimmsnarl|68/100 psn|[from] Spiky Shield|[of] p2a: Glimmora
|
|-damage|p1a: Grimmsnarl|56/100 psn|[from] psn
|upkeep
|turn|14
|inactive|Gayroach has 120 seconds left.
|
|t:|1757825414
|move|p2a: Glimmora|Spiky Shield||[still]
|-fail|p2a: Glimmora
|move|p1a: Grimmsnarl|Spirit Break|p2a: Glimmora
|-resisted|p2a: Glimmora
|-damage|p2a: Glimmora|73/100
|-unboost|p2a: Glimmora|spa|1
|-activate|p2a: Glimmora|ability: Toxic Debris
|-sidestart|p1: CORNILLO|move: Toxic Spikes
|-enditem|p2a: Glimmora|Red Card|[of] p1a: Grimmsnarl
|drag|p1a: Rotom|Rotom-Wash, shiny|100/100
|-damage|p1a: Rotom|88/100|[from] Stealth Rock
|
|-heal|p1a: Rotom|94/100|[from] item: Leftovers
|upkeep
|turn|15
|inactive|Gayroach has 120 seconds left.
|
|t:|1757825429
|move|p2a: Glimmora|Mortal Spin|p1a: Rotom
|-damage|p1a: Rotom|91/100
|-status|p1a: Rotom|psn
|move|p1a: Rotom|Hydro Pump|p2a: Glimmora
|-supereffective|p2a: Glimmora
|-damage|p2a: Glimmora|0 fnt
|faint|p2a: Glimmora
|
|-heal|p1a: Rotom|98/100 psn|[from] item: Leftovers
|-damage|p1a: Rotom|85/100 psn|[from] psn
|upkeep
|
|t:|1757825444
|switch|p2a: Okidogi|Okidogi, M|100/100
|turn|16
|
|t:|1757825448
|move|p1a: Rotom|Will-O-Wisp|p2a: Okidogi
|-status|p2a: Okidogi|brn
|move|p2a: Okidogi|Psychic Fangs|p1a: Rotom
|-sideend|p1: CORNILLO|Reflect
|-sideend|p1: CORNILLO|move: Light Screen
|-damage|p1a: Rotom|67/100 psn
|
|-heal|p1a: Rotom|73/100 psn|[from] item: Leftovers
|-damage|p1a: Rotom|61/100 psn|[from] psn
|-damage|p2a: Okidogi|94/100 brn|[from] brn
|upkeep
|turn|17
|inactive|Gayroach has 120 seconds left.
|
|t:|1757825461
|move|p1a: Rotom|Pain Split|p2a: Okidogi
|-sethp|p2a: Okidogi|72/100 brn|[from] move: Pain Split|[silent]
|-sethp|p1a: Rotom|89/100 psn|[from] move: Pain Split
|move|p2a: Okidogi|Knock Off|p1a: Rotom
|-damage|p1a: Rotom|69/100 psn
|-enditem|p1a: Rotom|Leftovers|[from] move: Knock Off|[of] p2a: Okidogi
|
|-damage|p1a: Rotom|57/100 psn|[from] psn
|-damage|p2a: Okidogi|65/100 brn|[from] brn
|upkeep
|turn|18
|inactive|Gayroach has 120 seconds left.
|
|t:|1757825474
|move|p1a: Rotom|Hydro Pump|p2a: Okidogi
|-damage|p2a: Okidogi|40/100 brn
|move|p2a: Okidogi|Drain Punch|p1a: Rotom
|-damage|p1a: Rotom|34/100 psn
|-heal|p2a: Okidogi|49/100 brn|[from] drain|[of] p1a: Rotom
|
|-damage|p1a: Rotom|22/100 psn|[from] psn
|-damage|p2a: Okidogi|43/100 brn|[from] brn
|upkeep
|turn|19
|inactive|Gayroach has 120 seconds left.
|
|t:|1757825488
|move|p1a: Rotom|Pain Split|p2a: Okidogi
|-sethp|p2a: Okidogi|30/100 brn|[from] move: Pain Split|[silent]
|-sethp|p1a: Rotom|38/100 psn|[from] move: Pain Split
|move|p2a: Okidogi|Drain Punch|p1a: Rotom
|-damage|p1a: Rotom|14/100 psn
|-heal|p2a: Okidogi|40/100 brn|[from] drain|[of] p1a: Rotom
|
|-damage|p1a: Rotom|1/100 psn|[from] psn
|-damage|p2a: Okidogi|34/100 brn|[from] brn
|upkeep
|turn|20
|inactive|Gayroach has 120 seconds left.
|
|t:|1757825505
|move|p1a: Rotom|Hydro Pump|p2a: Okidogi|[miss]
|-miss|p1a: Rotom|p2a: Okidogi
|move|p2a: Okidogi|Drain Punch|p1a: Rotom
|-damage|p1a: Rotom|0 fnt
|-heal|p2a: Okidogi|34/100 brn|[from] drain|[of] p1a: Rotom
|faint|p1a: Rotom
|
|-damage|p2a: Okidogi|28/100 brn|[from] brn
|upkeep
|
|t:|1757825511
|switch|p1a: Grimmsnarl|Grimmsnarl, M|56/100 psn
|-damage|p1a: Grimmsnarl|43/100 psn|[from] Stealth Rock
|turn|21
|inactive|Gayroach has 120 seconds left.
|
|t:|1757825522
|move|p2a: Okidogi|Knock Off|p1a: Grimmsnarl
|-resisted|p1a: Grimmsnarl
|-damage|p1a: Grimmsnarl|38/100 psn
|-enditem|p1a: Grimmsnarl|Light Clay|[from] move: Knock Off|[of] p2a: Okidogi
|move|p1a: Grimmsnarl|Spirit Break|p2a: Okidogi
|-damage|p2a: Okidogi|5/100 brn
|-unboost|p2a: Okidogi|spa|1
|
|-damage|p1a: Grimmsnarl|26/100 psn|[from] psn
|-damage|p2a: Okidogi|0 fnt|[from] brn
|faint|p2a: Okidogi
|upkeep
|inactive|Gayroach has 120 seconds left.
|
|t:|1757825539
|switch|p2a: Salazzle|Salazzle, F|84/100
|turn|22
|
|t:|1757825545
|move|p1a: Grimmsnarl|Light Screen|p1a: Grimmsnarl
|-sidestart|p1: CORNILLO|move: Light Screen
|move|p2a: Salazzle|Venoshock|p1a: Grimmsnarl
|-supereffective|p1a: Grimmsnarl
|-damage|p1a: Grimmsnarl|0 fnt
|faint|p1a: Grimmsnarl
|
|upkeep
|
|t:|1757825548
|switch|p1a: Lokix|Lokix, M|100/100
|-damage|p1a: Lokix|76/100|[from] Stealth Rock
|-status|p1a: Lokix|psn
|turn|23
|
|t:|1757825558
|move|p2a: Salazzle|Flamethrower|p1a: Lokix
|-supereffective|p1a: Lokix
|-damage|p1a: Lokix|0 fnt
|faint|p1a: Lokix
|
|win|Gayroach
|raw|CORNILLO's rating: 1087 &rarr; <strong>1063</strong><br />(-24 for losing)
|raw|Gayroach's rating: 1069 &rarr; <strong>1100</strong><br />(+31 for winning)
|l|☆CORNILLO
|player|p1|
|l|☆Gayroach
|player|p2|
