|j|☆M0nk3MAN
|j|☆StormBladeBPB
|t:|1757825389
|gametype|singles
|player|p1|M0nk3MAN|clair|1127
|player|p2|StormBladeBPB|riley|1145
|gen|9
|tier|[Gen 9] OU
|rated|
|rule|HP Percentage Mod: HP is shown in percentages
|rule|Endless Battle Clause: Forcing endless battles is banned
|rule|Species Clause: Limit one of each Pokémon
|rule|OHKO Clause: OHKO moves are banned
|rule|Evasion Items Clause: Evasion items are banned
|rule|Evasion Moves Clause: Evasion moves are banned
|rule|Evasion Abilities Clause: Evasion abilities are banned
|rule|Sleep Moves Clause: Sleep-inducing moves are banned
|clearpoke
|poke|p1|Landorus-Therian, M|
|poke|p1|Samurott-Hisui, M|
|poke|p1|Gholdengo|
|poke|p1|Thundurus-Therian, M|
|poke|p1|Scizor, M|
|poke|p1|Zamazenta-*|
|poke|p2|Blaziken, M|
|poke|p2|Ursaluna, M|
|poke|p2|Suicune|
|poke|p2|Breloom, F|
|poke|p2|Tyranitar, F|
|poke|p2|Goodra-Hisui, M|
|teampreview
|
|t:|1757825395
|teamsize|p1|6
|teamsize|p2|6
|start
|switch|p1a: Samurott|Samurott-Hisui, M|100/100
|switch|p2a: Champ|Blaziken, M|100/100
|turn|1
|inactive|Battle timer is ON: inactive players will automatically lose when time's up. (requested by StormBladeBPB)
|
|t:|1757825416
|switch|p1a: Gholdengo|Gholdengo|100/100
|move|p2a: Champ|Protect||[still]
|-fail|p2a: Champ
|
|-ability|p2a: Champ|Speed Boost|boost
|-boost|p2a: Champ|spe|1
|upkeep
|turn|2
|
|t:|1757825427
|move|p1a: Gholdengo|Trick|p2a: Champ
|-activate|p1a: Gholdengo|move: Trick|[of] p2a: Champ
|-item|p2a: Champ|Choice Scarf|[from] move: Trick
|-item|p1a: Gholdengo|Focus Sash|[from] move: Trick
|move|p2a: Champ|Flare Blitz|p1a: Gholdengo
|-supereffective|p1a: Gholdengo
|-enditem|p1a: Gholdengo|Focus Sash
|-damage|p1a: Gholdengo|1/100
|-damage|p2a: Champ|66/100|[from] Recoil
|
|-ability|p2a: Champ|Speed Boost|boost
|-boost|p2a: Champ|spe|1
|upkeep
|turn|3
|
|t:|1757825439
|switch|p1a: Samurott|Samurott-Hisui, M|100/100
|move|p2a: Champ|Flare Blitz|p1a: Samurott
|-resisted|p1a: Samurott
|-damage|p1a: Samurott|66/100
|-damage|p2a: Champ|53/100|[from] Recoil
|
|-ability|p2a: Champ|Speed Boost|boost
|-boost|p2a: Champ|spe|1
|upkeep
|turn|4
|
|t:|1757825448
|move|p2a: Champ|Flare Blitz|p1a: Samurott
|-resisted|p1a: Samurott
|-damage|p1a: Samurott|32/100
|-damage|p2a: Champ|40/100|[from] Recoil
|move|p1a: Samurott|Razor Shell|p2a: Champ
|-supereffective|p2a: Champ
|-damage|p2a: Champ|0 fnt
|faint|p2a: Champ
|
|upkeep
|
|t:|1757825461
|switch|p2a: Forg|Breloom, F, shiny|100/100
|turn|5
|
|t:|1757825476
|switch|p1a: Landorus|Landorus-Therian, M|100/100
|-ability|p1a: Landorus|Intimidate|boost
|-unboost|p2a: Forg|atk|1
|move|p2a: Forg|Bullet Seed|p1a: Landorus
|-damage|p1a: Landorus|88/100
|-damage|p1a: Landorus|75/100
|-damage|p1a: Landorus|63/100
|-damage|p1a: Landorus|50/100
|-hitcount|p1a: Landorus|4
|
|upkeep
|turn|6
|
|t:|1757825492
|move|p1a: Landorus|Stealth Rock|p2a: Forg
|-sidestart|p2: StormBladeBPB|move: Stealth Rock
|move|p2a: Forg|Bullet Seed|p1a: Landorus
|-damage|p1a: Landorus|38/100
|-damage|p1a: Landorus|25/100
|-damage|p1a: Landorus|12/100
|-damage|p1a: Landorus|0 fnt
|faint|p1a: Landorus
|-hitcount|p1: Landorus|4
|
|upkeep
|
|t:|1757825501
|switch|p1a: Scizor|Scizor, M|100/100
|turn|7
|
|t:|1757825506
|move|p2a: Forg|Close Combat|p1a: Scizor
|-damage|p1a: Scizor|54/100
|-unboost|p2a: Forg|def|1
|-unboost|p2a: Forg|spd|1
|move|p1a: Scizor|Swords Dance|p1a: Scizor
|-boost|p1a: Scizor|atk|2
|
|upkeep
|turn|8
|
|t:|1757825517
|move|p1a: Scizor|Bullet Punch|p2a: Forg
|-damage|p2a: Forg|0 fnt
|faint|p2a: Forg
|
|upkeep
|
|t:|1757825522
|switch|p2a: Doggo|Suicune|100/100
|-damage|p2a: Doggo|88/100|[from] Stealth Rock
|turn|9
|
|t:|1757825530
|move|p1a: Scizor|U-turn|p2a: Doggo
|-damage|p2a: Doggo|26/100
|
|t:|1757825534
|switch|p1a: Thundurus|Thundurus-Therian, M|100/100|[from] U-turn
|move|p2a: Doggo|Hydro Pump|p1a: Thundurus
|-damage|p1a: Thundurus|3/100
|
|upkeep
|turn|10
|
|t:|1757825543
|move|p1a: Thundurus|Knock Off|p2a: Doggo
|-damage|p2a: Doggo|11/100
|-enditem|p2a: Doggo|Choice Specs|[from] move: Knock Off|[of] p1a: Thundurus
|move|p2a: Doggo|Hydro Pump|p1a: Thundurus
|-crit|p1a: Thundurus
|-damage|p1a: Thundurus|0 fnt
|faint|p1a: Thundurus
|
|upkeep
|
|t:|1757825547
|switch|p1a: Scizor|Scizor, M|54/100
|turn|11
|
|t:|1757825557
|move|p1a: Scizor|Bullet Punch|p2a: Doggo
|-resisted|p2a: Doggo
|-damage|p2a: Doggo|0 fnt
|faint|p2a: Doggo
|
|upkeep
|
|t:|1757825566
|switch|p2a: Slug|Goodra-Hisui, M|100/100
|-damage|p2a: Slug|95/100|[from] Stealth Rock
|turn|12
|
|t:|1757825573
|move|p1a: Scizor|Knock Off|p2a: Slug
|-damage|p2a: Slug|60/100
|-damage|p1a: Scizor|37/100|[from] item: Rocky Helmet|[of] p2a: Slug
|-enditem|p2a: Slug|Rocky Helmet|[from] move: Knock Off|[of] p1a: Scizor
|move|p2a: Slug|Draco Meteor|p1a: Scizor
|-resisted|p1a: Scizor
|-damage|p1a: Scizor|0 fnt
|-unboost|p2a: Slug|spa|2
|faint|p1a: Scizor
|
|upkeep
|
|t:|1757825580
|switch|p1a: Samurott|Samurott-Hisui, M|32/100
|turn|13
|
|t:|1757825588
|move|p1a: Samurott|Ceaseless Edge|p2a: Slug
|-damage|p2a: Slug|13/100
|-sidestart|p2: StormBladeBPB|Spikes
|move|p2a: Slug|Dragon Claw|p1a: Samurott
|-damage|p1a: Samurott|0 fnt
|faint|p1a: Samurott
|
|upkeep
|
|t:|1757825594
|switch|p1a: Gholdengo|Gholdengo|1/100
|turn|14
|
|t:|1757825599
|move|p1a: Gholdengo|Recover|p1a: Gholdengo
|-heal|p1a: Gholdengo|51/100
|move|p2a: Slug|Rest|p2a: Slug
|-status|p2a: Slug|slp|[from] move: Rest
|-heal|p2a: Slug|100/100 slp|[silent]
|
|upkeep
|turn|15
|
|t:|1757825610
|move|p1a: Gholdengo|Recover|p1a: Gholdengo
|-heal|p1a: Gholdengo|100/100
|cant|p2a: Slug|slp
|
|upkeep
|turn|16
|
|t:|1757825615
|switch|p1a: Zamazenta|Zamazenta|100/100
|-ability|p1a: Zamazenta|Dauntless Shield|boost
|-boost|p1a: Zamazenta|def|1
|cant|p2a: Slug|slp
|
|upkeep
|turn|17
|
|t:|1757825630
|move|p1a: Zamazenta|Iron Defense|p1a: Zamazenta
|-boost|p1a: Zamazenta|def|2
|-curestatus|p2a: Slug|slp|[msg]
|move|p2a: Slug|Draco Meteor|p1a: Zamazenta
|-damage|p1a: Zamazenta|74/100
|-unboost|p2a: Slug|spa|2
|
|-heal|p1a: Zamazenta|80/100|[from] item: Leftovers
|upkeep
|turn|18
|
|t:|1757825640
|move|p1a: Zamazenta|Body Press|p2a: Slug
|-supereffective|p2a: Slug
|-damage|p2a: Slug|0 fnt
|faint|p2a: Slug
|
|-heal|p1a: Zamazenta|87/100|[from] item: Leftovers
|upkeep
|
|t:|1757825646
|switch|p2a: Rocky|Tyranitar, F|100/100
|-damage|p2a: Rocky|88/100|[from] Stealth Rock
|-damage|p2a: Rocky|76/100|[from] Spikes
|-weather|Sandstorm|[from] ability: Sand Stream|[of] p2a: Rocky
|turn|19
|
|t:|1757825655
|move|p1a: Zamazenta|Body Press|p2a: Rocky
|-supereffective|p2a: Rocky
|-damage|p2a: Rocky|0 fnt
|faint|p2a: Rocky
|
|-weather|Sandstorm|[upkeep]
|-damage|p1a: Zamazenta|80/100|[from] Sandstorm
|-heal|p1a: Zamazenta|87/100|[from] item: Leftovers
|upkeep
|c|☆StormBladeBPB|gg
|-message|StormBladeBPB forfeited.
|
|win|M0nk3MAN
|raw|M0nk3MAN's rating: 1127 &rarr; <strong>1153</strong><br />(+26 for winning)
|raw|StormBladeBPB's rating: 1145 &rarr; <strong>1119</strong><br />(-26 for losing)
|l|☆StormBladeBPB
|player|p2|
|l|☆M0nk3MAN
|player|p1|
