|j|☆xilandrekawaiuwu
|j|☆JJJKD
|t:|1757901860
|gametype|singles
|player|p1|xilandrekawaiuwu|2|1123
|player|p2|JJJKD|170|1126
|gen|9
|tier|[Gen 9] OU
|rated|
|rule|HP Percentage Mod: HP is shown in percentages
|rule|Endless Battle Clause: Forcing endless battles is banned
|rule|Species Clause: Limit one of each Pokémon
|rule|OHKO Clause: OHKO moves are banned
|rule|Evasion Items Clause: Evasion items are banned
|rule|Evasion Moves Clause: Evasion moves are banned
|rule|Evasion Abilities Clause: Evasion abilities are banned
|rule|Sleep Moves Clause: Sleep-inducing moves are banned
|clearpoke
|poke|p1|Blaziken, M|
|poke|p1|Scizor, M|
|poke|p1|Goodra-Hisui, F|
|poke|p1|Hawlucha, M|
|poke|p1|Gengar, M|
|poke|p1|Rotom-Frost|
|poke|p2|Electivire, F|
|poke|p2|Lucario, F|
|poke|p2|Scizor, F|
|poke|p2|Garchomp, M|
|poke|p2|Tyranitar, F|
|poke|p2|Excadrill, F|
|teampreview
|
|t:|1757901866
|teamsize|p1|6
|teamsize|p2|6
|start
|switch|p1a: Blaziken|Blaziken, M|100/100
|switch|p2a: Tyranitar|Tyranitar, F|100/100
|-weather|Sandstorm|[from] ability: Sand Stream|[of] p2a: Tyranitar
|turn|1
|
|t:|1757901877
|move|p1a: Blaziken|Close Combat|p2a: Tyranitar
|-supereffective|p2a: Tyranitar
|-damage|p2a: Tyranitar|0 fnt
|-unboost|p1a: Blaziken|def|1
|-unboost|p1a: Blaziken|spd|1
|faint|p2a: Tyranitar
|-damage|p1a: Blaziken|91/100|[from] item: Life Orb
|
|-weather|Sandstorm|[upkeep]
|-damage|p1a: Blaziken|85/100|[from] Sandstorm
|-ability|p1a: Blaziken|Speed Boost|boost
|-boost|p1a: Blaziken|spe|1
|upkeep
|
|t:|1757901887
|switch|p2a: Excadrill|Excadrill, F|100/100
|turn|2
|
|t:|1757901892
|move|p1a: Blaziken|Protect|p1a: Blaziken
|-singleturn|p1a: Blaziken|Protect
|move|p2a: Excadrill|Earthquake|p1a: Blaziken
|-activate|p1a: Blaziken|move: Protect
|
|-weather|Sandstorm|[upkeep]
|-damage|p1a: Blaziken|79/100|[from] Sandstorm
|-ability|p1a: Blaziken|Speed Boost|boost
|-boost|p1a: Blaziken|spe|1
|upkeep
|turn|3
|
|t:|1757901903
|move|p2a: Excadrill|Earthquake|p1a: Blaziken
|-supereffective|p1a: Blaziken
|-damage|p1a: Blaziken|0 fnt
|faint|p1a: Blaziken
|
|-weather|Sandstorm|[upkeep]
|upkeep
|
|t:|1757901918
|switch|p1a: Hawlucha|Hawlucha, M|100/100
|turn|4
|
|t:|1757901926
|move|p2a: Excadrill|Swords Dance|p2a: Excadrill
|-boost|p2a: Excadrill|atk|2
|move|p1a: Hawlucha|Close Combat|p2a: Excadrill
|-supereffective|p2a: Excadrill
|-enditem|p2a: Excadrill|Focus Sash
|-damage|p2a: Excadrill|1/100
|-unboost|p1a: Hawlucha|def|1
|-unboost|p1a: Hawlucha|spd|1
|-enditem|p1a: Hawlucha|White Herb
|-clearnegativeboost|p1a: Hawlucha|[silent]
|
|-weather|Sandstorm|[upkeep]
|-damage|p1a: Hawlucha|94/100|[from] Sandstorm
|upkeep
|turn|5
|
|t:|1757901938
|move|p1a: Hawlucha|Close Combat|p2a: Excadrill
|-supereffective|p2a: Excadrill
|-damage|p2a: Excadrill|0 fnt
|-unboost|p1a: Hawlucha|def|1
|-unboost|p1a: Hawlucha|spd|1
|faint|p2a: Excadrill
|
|-weather|Sandstorm|[upkeep]
|-damage|p1a: Hawlucha|88/100|[from] Sandstorm
|upkeep
|
|t:|1757901951
|switch|p2a: Lucario|Lucario, F|100/100
|turn|6
|
|t:|1757901960
|move|p1a: Hawlucha|Close Combat|p2a: Lucario
|-supereffective|p2a: Lucario
|-damage|p2a: Lucario|0 fnt
|-unboost|p1a: Hawlucha|def|1
|-unboost|p1a: Hawlucha|spd|1
|faint|p2a: Lucario
|
|-weather|Sandstorm|[upkeep]
|-damage|p1a: Hawlucha|82/100|[from] Sandstorm
|upkeep
|
|t:|1757901968
|switch|p2a: Scizor|Scizor, F|100/100
|turn|7
|
|t:|1757901975
|-terastallize|p2a: Scizor|Flying
|move|p1a: Hawlucha|Close Combat|p2a: Scizor
|-resisted|p2a: Scizor
|-damage|p2a: Scizor|78/100
|-unboost|p1a: Hawlucha|def|1
|-unboost|p1a: Hawlucha|spd|1
|move|p2a: Scizor|Swords Dance|p2a: Scizor
|-boost|p2a: Scizor|atk|2
|
|-weather|Sandstorm|[upkeep]
|-damage|p1a: Hawlucha|76/100|[from] Sandstorm
|-damage|p2a: Scizor|72/100|[from] Sandstorm
|-heal|p2a: Scizor|78/100|[from] item: Leftovers
|upkeep
|turn|8
|
|t:|1757901987
|move|p1a: Hawlucha|Stone Edge|p2a: Scizor
|-supereffective|p2a: Scizor
|-damage|p2a: Scizor|22/100
|move|p2a: Scizor|Swords Dance|p2a: Scizor
|-boost|p2a: Scizor|atk|2
|
|-weather|none
|-heal|p2a: Scizor|28/100|[from] item: Leftovers
|upkeep
|turn|9
|
|t:|1757901996
|move|p2a: Scizor|Bullet Punch|p1a: Hawlucha
|-damage|p1a: Hawlucha|0 fnt
|faint|p1a: Hawlucha
|
|-heal|p2a: Scizor|34/100|[from] item: Leftovers
|upkeep
|
|t:|1757902013
|switch|p1a: Scizor|Scizor, M|100/100
|turn|10
|
|t:|1757902021
|move|p1a: Scizor|Bullet Punch|p2a: Scizor
|-damage|p2a: Scizor|1/100
|move|p2a: Scizor|Wing Attack|p1a: Scizor
|-damage|p1a: Scizor|0 fnt
|faint|p1a: Scizor
|
|-heal|p2a: Scizor|7/100|[from] item: Leftovers
|upkeep
|
|t:|1757902029
|switch|p1a: Goodra|Goodra-Hisui, F|100/100
|turn|11
|
|t:|1757902044
|move|p2a: Scizor|Wing Attack|p1a: Goodra
|-resisted|p1a: Goodra
|-damage|p1a: Goodra|27/100
|move|p1a: Goodra|Flash Cannon|p2a: Scizor
|-damage|p2a: Scizor|0 fnt
|faint|p2a: Scizor
|
|upkeep
|
|t:|1757902053
|switch|p2a: Garchomp|Garchomp, M|100/100
|turn|12
|
|t:|1757902056
|move|p2a: Garchomp|Dragon Claw|p1a: Goodra
|-damage|p1a: Goodra|0 fnt
|faint|p1a: Goodra
|
|upkeep
|
|t:|1757902064
|switch|p1a: Rotom|Rotom-Frost|100/100
|turn|13
|
|t:|1757902072
|move|p2a: Garchomp|Protect|p2a: Garchomp
|-singleturn|p2a: Garchomp|Protect
|move|p1a: Rotom|Blizzard|p2a: Garchomp
|-activate|p2a: Garchomp|move: Protect
|
|upkeep
|turn|14
|
|t:|1757902082
|switch|p2a: Electivire|Electivire, F|100/100
|move|p1a: Rotom|Blizzard|p2a: Electivire
|-damage|p2a: Electivire|29/100
|
|upkeep
|turn|15
|
|t:|1757902089
|move|p2a: Electivire|Wild Charge|p1a: Rotom
|-resisted|p1a: Rotom
|-damage|p1a: Rotom|67/100
|-damage|p2a: Electivire|20/100|[from] Recoil
|-damage|p2a: Electivire|10/100|[from] item: Life Orb
|move|p1a: Rotom|Thunderbolt|p2a: Electivire
|-ability|p2a: Electivire|Motor Drive|boost
|-boost|p2a: Electivire|spe|1
|
|upkeep
|turn|16
|
|t:|1757902101
|move|p2a: Electivire|Earthquake|p1a: Rotom
|-immune|p1a: Rotom|[from] ability: Levitate
|move|p1a: Rotom|Blizzard|p2a: Electivire
|-damage|p2a: Electivire|0 fnt
|faint|p2a: Electivire
|
|upkeep
|
|t:|1757902108
|switch|p2a: Garchomp|Garchomp, M|100/100
|turn|17
|
|t:|1757902112
|move|p2a: Garchomp|Rock Slide|p1a: Rotom
|-supereffective|p1a: Rotom
|-damage|p1a: Rotom|16/100
|cant|p1a: Rotom|flinch
|
|upkeep
|turn|18
|
|t:|1757902118
|move|p2a: Garchomp|Rock Slide|p1a: Rotom
|-supereffective|p1a: Rotom
|-damage|p1a: Rotom|0 fnt
|faint|p1a: Rotom
|
|upkeep
|
|t:|1757902128
|switch|p1a: Gengar|Gengar, M|100/100
|turn|19
|
|t:|1757902171
|-terastallize|p1a: Gengar|Fighting
|move|p2a: Garchomp|Earthquake|p1a: Gengar
|-damage|p1a: Gengar|1/100
|move|p1a: Gengar|Psychic|p2a: Garchomp
|-damage|p2a: Garchomp|64/100
|
|upkeep
|turn|20
|-message|xilandrekawaiuwu forfeited.
|
|win|JJJKD
|raw|xilandrekawaiuwu's rating: 1123 &rarr; <strong>1098</strong><br />(-25 for losing)
|raw|JJJKD's rating: 1126 &rarr; <strong>1151</strong><br />(+25 for winning)
|l|☆xilandrekawaiuwu
|player|p1|
|l|☆JJJKD
|player|p2|
