|j|☆theory76
|j|☆EM3RLD
|t:|1757861639
|gametype|singles
|player|p1|theory76|shadowtriad|1486
|player|p2|EM3RLD|101|1530
|gen|9
|tier|[Gen 9] OU
|rated|
|rule|HP Percentage Mod: HP is shown in percentages
|rule|Endless Battle Clause: Forcing endless battles is banned
|rule|Species Clause: Limit one of each Pokémon
|rule|OHKO Clause: OHKO moves are banned
|rule|Evasion Items Clause: Evasion items are banned
|rule|Evasion Moves Clause: Evasion moves are banned
|rule|Evasion Abilities Clause: Evasion abilities are banned
|rule|Sleep Moves Clause: Sleep-inducing moves are banned
|clearpoke
|poke|p1|Jolteon, F|
|poke|p1|Iron Treads|
|poke|p1|Dragapult, F|
|poke|p1|Corviknight, M|
|poke|p1|Zapdos-Galar|
|poke|p1|Ogerpon-Wellspring, F|
|poke|p2|Ninetales-Alola, M|
|poke|p2|Kyurem|
|poke|p2|Great Tusk|
|poke|p2|Iron Crown|
|poke|p2|Iron Moth|
|poke|p2|Ogerpon-Wellspring, F|
|teampreview
|inactive|Battle timer is ON: inactive players will automatically lose when time's up. (requested by theory76)
|inactive|EM3RLD has 120 seconds left.
|inactive|EM3RLD has 90 seconds left.
|inactive|EM3RLD has 60 seconds left.
|
|t:|1757861736
|teamsize|p1|6
|teamsize|p2|6
|start
|switch|p1a: Iron Treads|Iron Treads|100/100
|switch|p2a: Ninetales|Ninetales-Alola, M|100/100
|-weather|Snowscape|[from] ability: Snow Warning|[of] p2a: Ninetales
|turn|1
|inactive|EM3RLD has 120 seconds left.
|
|t:|1757861752
|move|p2a: Ninetales|Aurora Veil|p2a: Ninetales
|-sidestart|p2: EM3RLD|move: Aurora Veil
|move|p1a: Iron Treads|Knock Off|p2a: Ninetales
|-resisted|p2a: Ninetales
|-damage|p2a: Ninetales|96/100
|-enditem|p2a: Ninetales|Light Clay|[from] move: Knock Off|[of] p1a: Iron Treads
|
|-weather|Snowscape|[upkeep]
|upkeep
|turn|2
|
|t:|1757861762
|switch|p2a: Ogerpon|Ogerpon-Wellspring, F|100/100
|move|p1a: Iron Treads|Knock Off|p2a: Ogerpon
|-damage|p2a: Ogerpon|89/100
|
|-weather|Snowscape|[upkeep]
|upkeep
|turn|3
|
|t:|1757861768
|move|p2a: Ogerpon|Trailblaze|p1a: Iron Treads
|-damage|p1a: Iron Treads|79/100
|-boost|p2a: Ogerpon|spe|1
|move|p1a: Iron Treads|Volt Switch|p2a: Ogerpon
|-damage|p2a: Ogerpon|83/100
|
|t:|1757861773
|-end|p1a: Iron Treads|Quark Drive|[silent]
|switch|p1a: Corviknight|Corviknight, M|100/100|[from] Volt Switch
|
|-weather|Snowscape|[upkeep]
|upkeep
|turn|4
|
|t:|1757861776
|move|p2a: Ogerpon|Swords Dance|p2a: Ogerpon
|-boost|p2a: Ogerpon|atk|2
|move|p1a: Corviknight|Brave Bird|p2a: Ogerpon
|-supereffective|p2a: Ogerpon
|-damage|p2a: Ogerpon|35/100
|-damage|p1a: Corviknight|88/100|[from] Recoil
|
|-weather|Snowscape|[upkeep]
|upkeep
|turn|5
|
|t:|1757861782
|-terastallize|p2a: Ogerpon|Water
|detailschange|p2a: Ogerpon|Ogerpon-Wellspring-Tera, F, tera:Water
|-ability|p2a: Ogerpon|Embody Aspect (Wellspring)|boost
|-boost|p2a: Ogerpon|spd|1
|move|p2a: Ogerpon|Ivy Cudgel|p1a: Corviknight|[anim] Ivy Cudgel Water
|-crit|p1a: Corviknight
|-damage|p1a: Corviknight|0 fnt
|faint|p1a: Corviknight
|
|-weather|none
|upkeep
|
|t:|1757861791
|switch|p1a: Dragapult|Dragapult, F|100/100
|turn|6
|
|t:|1757861793
|move|p2a: Ogerpon|Play Rough|p1a: Dragapult
|-supereffective|p1a: Dragapult
|-damage|p1a: Dragapult|0 fnt
|faint|p1a: Dragapult
|
|upkeep
|
|t:|1757861796
|switch|p1a: Ogerpon|Ogerpon-Wellspring, F|100/100
|turn|7
|
|t:|1757861801
|move|p2a: Ogerpon|Play Rough|p1a: Ogerpon
|-damage|p1a: Ogerpon|6/100
|move|p1a: Ogerpon|Power Whip|p2a: Ogerpon
|-supereffective|p2a: Ogerpon
|-damage|p2a: Ogerpon|0 fnt
|faint|p2a: Ogerpon
|detailschange|p2: Ogerpon|Ogerpon-Wellspring, F|[silent]
|
|upkeep
|
|t:|1757861831
|switch|p2a: Kyurem|Kyurem|100/100
|-ability|p2a: Kyurem|Pressure
|turn|8
|
|t:|1757861845
|move|p1a: Ogerpon|U-turn|p2a: Kyurem
|-damage|p2a: Kyurem|85/100
|
|t:|1757861847
|switch|p1a: Iron Treads|Iron Treads|79/100|[from] U-turn
|move|p2a: Kyurem|Dragon Dance|p2a: Kyurem
|-boost|p2a: Kyurem|atk|1
|-boost|p2a: Kyurem|spe|1
|
|-sideend|p2: EM3RLD|move: Aurora Veil
|upkeep
|turn|9
|
|t:|1757861867
|move|p2a: Kyurem|Earth Power|p1a: Iron Treads
|-supereffective|p1a: Iron Treads
|-damage|p1a: Iron Treads|52/100
|move|p1a: Iron Treads|Volt Switch|p2a: Kyurem
|-resisted|p2a: Kyurem
|-damage|p2a: Kyurem|80/100
|
|t:|1757861871
|-end|p1a: Iron Treads|Quark Drive|[silent]
|switch|p1a: Zapdos|Zapdos-Galar|100/100|[from] Volt Switch
|
|upkeep
|turn|10
|
|t:|1757861882
|move|p1a: Zapdos|Close Combat|p2a: Kyurem
|-supereffective|p2a: Kyurem
|-damage|p2a: Kyurem|0 fnt
|-unboost|p1a: Zapdos|def|1
|-unboost|p1a: Zapdos|spd|1
|faint|p2a: Kyurem
|
|upkeep
|
|t:|1757861888
|switch|p2a: Iron Moth|Iron Moth|100/100
|-enditem|p2a: Iron Moth|Booster Energy
|-activate|p2a: Iron Moth|ability: Quark Drive|[fromitem]
|-start|p2a: Iron Moth|quarkdrivespe
|turn|11
|
|t:|1757861895
|switch|p1a: Iron Treads|Iron Treads|52/100
|move|p2a: Iron Moth|Fiery Dance|p1a: Iron Treads
|-supereffective|p1a: Iron Treads
|-damage|p1a: Iron Treads|10/100
|-boost|p2a: Iron Moth|spa|1
|
|upkeep
|turn|12
|
|t:|1757861901
|move|p2a: Iron Moth|Fiery Dance|p1a: Iron Treads
|-supereffective|p1a: Iron Treads
|-damage|p1a: Iron Treads|0 fnt
|-boost|p2a: Iron Moth|spa|1
|faint|p1a: Iron Treads
|-end|p1a: Iron Treads|Quark Drive|[silent]
|
|upkeep
|
|t:|1757861904
|switch|p1a: Zapdos|Zapdos-Galar|100/100
|turn|13
|
|t:|1757861907
|move|p2a: Iron Moth|Substitute|p2a: Iron Moth
|-start|p2a: Iron Moth|Substitute
|-damage|p2a: Iron Moth|76/100
|move|p1a: Zapdos|Brave Bird|p2a: Iron Moth
|-end|p2a: Iron Moth|Substitute
|-damage|p1a: Zapdos|93/100|[from] Recoil|[of] p2a: Iron Moth
|
|upkeep
|turn|14
|
|t:|1757861915
|-terastallize|p1a: Zapdos|Steel
|move|p2a: Iron Moth|Sludge Wave|p1a: Zapdos
|-immune|p1a: Zapdos
|move|p1a: Zapdos|Brave Bird|p2a: Iron Moth
|-damage|p2a: Iron Moth|0 fnt
|faint|p2a: Iron Moth
|-end|p2a: Iron Moth|Quark Drive|[silent]
|-damage|p1a: Zapdos|69/100|[from] Recoil
|
|upkeep
|
|t:|1757861926
|switch|p2a: Ninetales|Ninetales-Alola, M|96/100
|-weather|Snowscape|[from] ability: Snow Warning|[of] p2a: Ninetales
|turn|15
|
|t:|1757861929
|move|p1a: Zapdos|Brave Bird|p2a: Ninetales
|-damage|p2a: Ninetales|46/100
|-damage|p1a: Zapdos|52/100|[from] Recoil
|move|p2a: Ninetales|Aurora Veil|p2a: Ninetales
|-sidestart|p2: EM3RLD|move: Aurora Veil
|
|-weather|Snowscape|[upkeep]
|upkeep
|turn|16
|
|t:|1757861933
|move|p1a: Zapdos|Brave Bird|p2a: Ninetales
|-damage|p2a: Ninetales|22/100
|-damage|p1a: Zapdos|43/100|[from] Recoil
|move|p2a: Ninetales|Freeze-Dry|p1a: Zapdos
|-resisted|p1a: Zapdos
|-damage|p1a: Zapdos|30/100
|
|-weather|Snowscape|[upkeep]
|upkeep
|turn|17
|
|t:|1757861941
|switch|p1a: Ogerpon|Ogerpon-Wellspring, F|6/100
|switch|p2a: Iron Crown|Iron Crown|100/100
|-enditem|p2a: Iron Crown|Booster Energy
|-activate|p2a: Iron Crown|ability: Quark Drive|[fromitem]
|-start|p2a: Iron Crown|quarkdrivespe
|
|-weather|Snowscape|[upkeep]
|upkeep
|turn|18
|
|t:|1757861954
|move|p2a: Iron Crown|Calm Mind|p2a: Iron Crown
|-boost|p2a: Iron Crown|spa|1
|-boost|p2a: Iron Crown|spd|1
|move|p1a: Ogerpon|Encore|p2a: Iron Crown
|-start|p2a: Iron Crown|Encore
|
|-weather|Snowscape|[upkeep]
|upkeep
|turn|19
|
|t:|1757861958
|move|p2a: Iron Crown|Calm Mind|p2a: Iron Crown
|-boost|p2a: Iron Crown|spa|1
|-boost|p2a: Iron Crown|spd|1
|move|p1a: Ogerpon|Ivy Cudgel|p2a: Iron Crown|[anim] Ivy Cudgel Water
|-damage|p2a: Iron Crown|71/100
|
|-weather|none
|-sideend|p2: EM3RLD|move: Aurora Veil
|upkeep
|turn|20
|
|t:|1757861964
|move|p2a: Iron Crown|Calm Mind|p2a: Iron Crown
|-boost|p2a: Iron Crown|spa|1
|-boost|p2a: Iron Crown|spd|1
|move|p1a: Ogerpon|Ivy Cudgel|p2a: Iron Crown|[anim] Ivy Cudgel Water
|-damage|p2a: Iron Crown|7/100
|
|upkeep
|turn|21
|
|t:|1757861969
|move|p2a: Iron Crown|Calm Mind|p2a: Iron Crown
|-boost|p2a: Iron Crown|spa|1
|-boost|p2a: Iron Crown|spd|1
|move|p1a: Ogerpon|U-turn|p2a: Iron Crown
|-damage|p2a: Iron Crown|0 fnt
|faint|p2a: Iron Crown
|-end|p2a: Iron Crown|Quark Drive|[silent]
|
|t:|1757861974
|switch|p1a: Dog|Jolteon, F|100/100|[from] U-turn
|
|upkeep
|
|t:|1757861979
|switch|p2a: Great Tusk|Great Tusk|100/100
|-enditem|p2a: Great Tusk|Booster Energy
|-activate|p2a: Great Tusk|ability: Protosynthesis|[fromitem]
|-start|p2a: Great Tusk|protosynthesisspe
|turn|22
|
|t:|1757861991
|move|p2a: Great Tusk|Rapid Spin|p1a: Dog
|-damage|p1a: Dog|74/100
|-boost|p2a: Great Tusk|spe|1
|move|p1a: Dog|Alluring Voice|p2a: Great Tusk
|-supereffective|p2a: Great Tusk
|-damage|p2a: Great Tusk|5/100
|-start|p2a: Great Tusk|confusion
|
|upkeep
|turn|23
|
|t:|1757861999
|-activate|p2a: Great Tusk|confusion
|move|p2a: Great Tusk|Headlong Rush|p1a: Dog
|-supereffective|p1a: Dog
|-damage|p1a: Dog|0 fnt
|-unboost|p2a: Great Tusk|def|1
|-unboost|p2a: Great Tusk|spd|1
|faint|p1a: Dog
|
|upkeep
|
|t:|1757862002
|switch|p1a: Ogerpon|Ogerpon-Wellspring, F|6/100
|turn|24
|
|t:|1757862005
|-activate|p2a: Great Tusk|confusion
|move|p2a: Great Tusk|Rapid Spin|p1a: Ogerpon
|-damage|p1a: Ogerpon|0 fnt
|-boost|p2a: Great Tusk|spe|1
|faint|p1a: Ogerpon
|
|upkeep
|
|t:|1757862007
|switch|p1a: Zapdos|Zapdos-Galar, tera:Steel|30/100
|turn|25
|
|t:|1757862009
|-activate|p2a: Great Tusk|confusion
|move|p2a: Great Tusk|Headlong Rush|p1a: Zapdos
|-supereffective|p1a: Zapdos
|-damage|p1a: Zapdos|0 fnt
|-unboost|p2a: Great Tusk|def|1
|-unboost|p2a: Great Tusk|spd|1
|faint|p1a: Zapdos
|
|win|EM3RLD
|raw|theory76's rating: 1486 &rarr; <strong>1469</strong><br />(-17 for losing)
|raw|EM3RLD's rating: 1530 &rarr; <strong>1547</strong><br />(+17 for winning)
|c|☆EM3RLD|Gg
|l|☆EM3RLD
|player|p2|
|l|☆theory76
|player|p1|
