|j|☆H0llo
|j|☆spidermathou
|t:|1757844308
|gametype|singles
|player|p1|H0llo|idol|1541
|player|p2|spidermathou|harlequin|1526
|gen|9
|tier|[Gen 9] OU
|rated|
|rule|HP Percentage Mod: HP is shown in percentages
|rule|Endless Battle Clause: Forcing endless battles is banned
|rule|Species Clause: Limit one of each Pokémon
|rule|OHKO Clause: OHKO moves are banned
|rule|Evasion Items Clause: Evasion items are banned
|rule|Evasion Moves Clause: Evasion moves are banned
|rule|Evasion Abilities Clause: Evasion abilities are banned
|rule|Sleep Moves Clause: Sleep-inducing moves are banned
|clearpoke
|poke|p1|Lokix, M|
|poke|p1|Cinderace, F|
|poke|p1|Great Tusk|
|poke|p1|Alomomola, F|
|poke|p1|Enamorus, F|
|poke|p1|Slowking-Galar, F|
|poke|p2|Chesnaught, M|
|poke|p2|Weezing-Galar, F|
|poke|p2|Ting-Lu|
|poke|p2|Corviknight, F|
|poke|p2|Skeledirge, F|
|poke|p2|Primarina, M|
|teampreview
|inactive|Battle timer is ON: inactive players will automatically lose when time's up. (requested by spidermathou)
|
|t:|1757844325
|teamsize|p1|6
|teamsize|p2|6
|start
|switch|p1a: Lokix|Lokix, M|100/100
|switch|p2a: Corviknight|Corviknight, F|100/100
|-ability|p2a: Corviknight|Pressure
|turn|1
|j| favfav
|
|t:|1757844341
|switch|p1a: Alomomola|Alomomola, F|100/100
|move|p2a: Corviknight|U-turn|p1a: Alomomola
|-damage|p1a: Alomomola|90/100
|
|t:|1757844366
|switch|p2a: Chesnaught|Chesnaught, M|100/100|[from] U-turn
|
|upkeep
|turn|2
|
|t:|1757844371
|switch|p1a: Slowking|Slowking-Galar, F|100/100
|move|p2a: Chesnaught|Spikes|p1a: Slowking
|-sidestart|p1: H0llo|Spikes
|
|upkeep
|turn|3
|
|t:|1757844378
|move|p2a: Chesnaught|Knock Off|p1a: Slowking
|-supereffective|p1a: Slowking
|-damage|p1a: Slowking|65/100
|-enditem|p1a: Slowking|Shuca Berry|[from] move: Knock Off|[of] p2a: Chesnaught
|move|p1a: Slowking|Future Sight|p2a: Chesnaught
|-start|p1a: Slowking|move: Future Sight
|
|upkeep
|turn|4
|
|t:|1757844383
|move|p2a: Chesnaught|Spikes|p1a: Slowking
|-sidestart|p1: H0llo|Spikes
|-prepare|p1a: Slowking|Chilly Reception|[premajor]
|move|p1a: Slowking|Chilly Reception|p1a: Slowking
|-weather|Snowscape
|
|t:|1757844402
|switch|p1a: Cinderace|Cinderace, F|100/100|[from] Chilly Reception
|
|-weather|Snowscape|[upkeep]
|upkeep
|turn|5
|
|t:|1757844409
|switch|p2a: Ting-Lu|Ting-Lu|100/100
|-ability|p2a: Ting-Lu|Vessel of Ruin
|move|p1a: Cinderace|Court Change|p1a: Cinderace
|-swapsideconditions
|-activate|p1a: Cinderace|move: Court Change
|
|-weather|Snowscape|[upkeep]
|-end|p2a: Ting-Lu|move: Future Sight
|-immune|p2a: Ting-Lu
|upkeep
|turn|6
|
|t:|1757844412
|move|p1a: Cinderace|Will-O-Wisp|p2a: Ting-Lu
|-status|p2a: Ting-Lu|brn
|move|p2a: Ting-Lu|Earthquake|p1a: Cinderace
|-supereffective|p1a: Cinderace
|-damage|p1a: Cinderace|57/100
|
|-weather|Snowscape|[upkeep]
|-damage|p2a: Ting-Lu|94/100 brn|[from] brn
|upkeep
|turn|7
|
|t:|1757844417
|move|p1a: Cinderace|U-turn|p2a: Ting-Lu
|-supereffective|p2a: Ting-Lu
|-damage|p2a: Ting-Lu|74/100 brn
|
|t:|1757844422
|switch|p1a: Great Tusk|Great Tusk|100/100|[from] U-turn
|move|p2a: Ting-Lu|Stealth Rock|p1a: Great Tusk
|-sidestart|p1: H0llo|move: Stealth Rock
|
|-weather|Snowscape|[upkeep]
|-damage|p2a: Ting-Lu|68/100 brn|[from] brn
|upkeep
|turn|8
|
|t:|1757844426
|switch|p2a: Corviknight|Corviknight, F|100/100
|-ability|p2a: Corviknight|Pressure
|move|p1a: Great Tusk|Rapid Spin|p2a: Corviknight
|-resisted|p2a: Corviknight
|-damage|p2a: Corviknight|96/100
|-boost|p1a: Great Tusk|spe|1
|-damage|p1a: Great Tusk|84/100|[from] item: Rocky Helmet|[of] p2a: Corviknight
|-sideend|p1: H0llo|Stealth Rock|[from] move: Rapid Spin|[of] p1a: Great Tusk
|
|-weather|none
|-heal|p1a: Great Tusk|90/100|[from] item: Leftovers
|upkeep
|turn|9
|
|t:|1757844430
|move|p1a: Great Tusk|Knock Off|p2a: Corviknight
|-damage|p2a: Corviknight|79/100
|-damage|p1a: Great Tusk|74/100|[from] item: Rocky Helmet|[of] p2a: Corviknight
|-enditem|p2a: Corviknight|Rocky Helmet|[from] move: Knock Off|[of] p1a: Great Tusk
|move|p2a: Corviknight|Defog|p1a: Great Tusk
|-unboost|p1a: Great Tusk|evasion|1
|-sideend|p2: spidermathou|Spikes|[from] move: Defog|[of] p2a: Corviknight
|
|-heal|p1a: Great Tusk|80/100|[from] item: Leftovers
|upkeep
|turn|10
|
|t:|1757844455
|-end|p1a: Great Tusk|Protosynthesis|[silent]
|switch|p1a: Cinderace|Cinderace, F|57/100
|move|p2a: Corviknight|Brave Bird|p1a: Cinderace
|-damage|p1a: Cinderace|17/100
|-damage|p2a: Corviknight|67/100|[from] Recoil
|
|upkeep
|turn|11
|
|t:|1757844465
|switch|p2a: Skeledirge|Skeledirge, F|100/100
|-item|p2a: Skeledirge|Air Balloon
|move|p1a: Cinderace|Pyro Ball|p2a: Skeledirge
|-resisted|p2a: Skeledirge
|-damage|p2a: Skeledirge|78/100
|-enditem|p2a: Skeledirge|Air Balloon
|
|upkeep
|turn|12
|
|t:|1757844469
|move|p1a: Cinderace|U-turn|p2a: Skeledirge
|-resisted|p2a: Skeledirge
|-damage|p2a: Skeledirge|75/100
|
|t:|1757844475
|switch|p1a: Alomomola|Alomomola, F|100/100|[from] U-turn
|move|p2a: Skeledirge|Torch Song|p1a: Alomomola
|-resisted|p1a: Alomomola
|-damage|p1a: Alomomola|93/100
|-boost|p2a: Skeledirge|spa|1
|
|upkeep
|turn|13
|
|t:|1757844480
|move|p2a: Skeledirge|Torch Song|p1a: Alomomola
|-resisted|p1a: Alomomola
|-damage|p1a: Alomomola|83/100
|-boost|p2a: Skeledirge|spa|1
|move|p1a: Alomomola|Flip Turn|p2a: Skeledirge
|-supereffective|p2a: Skeledirge
|-crit|p2a: Skeledirge
|-damage|p2a: Skeledirge|46/100
|
|t:|1757844490
|switch|p1a: Lokix|Lokix, M|100/100|[from] Flip Turn
|
|upkeep
|turn|14
|
|t:|1757844494
|switch|p2a: Corviknight|Corviknight, F|67/100
|-ability|p2a: Corviknight|Pressure
|move|p1a: Lokix|Knock Off|p2a: Corviknight
|-damage|p2a: Corviknight|38/100
|
|upkeep
|turn|15
|
|t:|1757844514
|switch|p1a: Cinderace|Cinderace, F|17/100
|move|p2a: Corviknight|Roost|p2a: Corviknight
|-heal|p2a: Corviknight|88/100
|-singleturn|p2a: Corviknight|move: Roost
|
|upkeep
|turn|16
|
|t:|1757844517
|move|p1a: Cinderace|Pyro Ball|p2a: Corviknight
|-supereffective|p2a: Corviknight
|-damage|p2a: Corviknight|4/100
|move|p2a: Corviknight|Brave Bird|p1a: Cinderace
|-damage|p1a: Cinderace|0 fnt
|faint|p1a: Cinderace
|-damage|p2a: Corviknight|0 fnt|[from] Recoil
|faint|p2a: Corviknight
|
|upkeep
|
|t:|1757844528
|switch|p1a: Alomomola|Alomomola, F|100/100
|switch|p2a: Weezing|Weezing-Galar, F|100/100
|-ability|p2a: Weezing|Neutralizing Gas
|turn|17
|
|t:|1757844531
|move|p2a: Weezing|Will-O-Wisp|p1a: Alomomola
|-status|p1a: Alomomola|brn
|move|p1a: Alomomola|Flip Turn|p2a: Weezing
|-damage|p2a: Weezing|95/100
|
|t:|1757844537
|switch|p1a: Slowking|Slowking-Galar, F|98/100|[from] Flip Turn
|
|upkeep
|turn|18
|
|t:|1757844542
|move|p2a: Weezing|Will-O-Wisp|p1a: Slowking
|-status|p1a: Slowking|brn
|move|p1a: Slowking|Future Sight|p2a: Weezing
|-start|p1a: Slowking|move: Future Sight
|
|-damage|p1a: Slowking|92/100 brn|[from] brn
|upkeep
|turn|19
|
|t:|1757844545
|-end|p2a: Weezing|ability: Neutralizing Gas
|switch|p2a: Ting-Lu|Ting-Lu|68/100 brn
|-ability|p2a: Ting-Lu|Vessel of Ruin
|-prepare|p1a: Slowking|Chilly Reception|[premajor]
|move|p1a: Slowking|Chilly Reception|p1a: Slowking
|-weather|Snowscape
|
|t:|1757844548
|switch|p1a: Lokix|Lokix, M|100/100|[from] Chilly Reception
|
|-weather|Snowscape|[upkeep]
|-damage|p2a: Ting-Lu|62/100 brn|[from] brn
|upkeep
|turn|20
|
|t:|1757844553
|-terastallize|p2a: Ting-Lu|Poison
|move|p1a: Lokix|Leech Life|p2a: Ting-Lu
|-resisted|p2a: Ting-Lu
|-damage|p2a: Ting-Lu|28/100 brn
|move|p2a: Ting-Lu|Rest|p2a: Ting-Lu
|-status|p2a: Ting-Lu|slp|[from] move: Rest
|-heal|p2a: Ting-Lu|100/100 slp|[silent]
|-enditem|p2a: Ting-Lu|Chesto Berry|[eat]
|-curestatus|p2a: Ting-Lu|slp|[msg]
|
|-weather|Snowscape|[upkeep]
|-end|p2a: Ting-Lu|move: Future Sight
|-supereffective|p2a: Ting-Lu
|-damage|p2a: Ting-Lu|62/100
|upkeep
|turn|21
|
|t:|1757844571
|switch|p2a: Chesnaught|Chesnaught, M|100/100
|move|p1a: Lokix|Leech Life|p2a: Chesnaught
|-damage|p2a: Chesnaught|69/100
|-damage|p1a: Lokix|84/100|[from] item: Rocky Helmet|[of] p2a: Chesnaught
|
|-weather|Snowscape|[upkeep]
|upkeep
|turn|22
|
|t:|1757844579
|switch|p1a: Slowking|Slowking-Galar, F|100/100 brn
|move|p2a: Chesnaught|Spikes|p1a: Slowking
|-sidestart|p1: H0llo|Spikes
|
|-weather|Snowscape|[upkeep]
|-damage|p1a: Slowking|94/100 brn|[from] brn
|upkeep
|turn|23
|
|t:|1757844582
|move|p2a: Chesnaught|Spikes|p1a: Slowking
|-sidestart|p1: H0llo|Spikes
|move|p1a: Slowking|Future Sight|p2a: Chesnaught
|-start|p1a: Slowking|move: Future Sight
|
|-weather|none
|-damage|p1a: Slowking|88/100 brn|[from] brn
|upkeep
|turn|24
|
|t:|1757844595
|move|p2a: Chesnaught|Body Press|p1a: Slowking
|-resisted|p1a: Slowking
|-damage|p1a: Slowking|80/100 brn
|-prepare|p1a: Slowking|Chilly Reception|[premajor]
|move|p1a: Slowking|Chilly Reception|p1a: Slowking
|-weather|Snowscape
|
|t:|1757844597
|switch|p1a: Enamorus|Enamorus, F|100/100|[from] Chilly Reception
|
|-weather|Snowscape|[upkeep]
|upkeep
|turn|25
|
|t:|1757844602
|switch|p2a: Skeledirge|Skeledirge, F|46/100
|move|p1a: Enamorus|Moonblast|p2a: Skeledirge
|-resisted|p2a: Skeledirge
|-damage|p2a: Skeledirge|19/100
|
|-weather|Snowscape|[upkeep]
|-end|p2a: Skeledirge|move: Future Sight
|-damage|p2a: Skeledirge|0 fnt
|faint|p2a: Skeledirge
|upkeep
|
|t:|1757844607
|switch|p2a: Primarina|Primarina, M|100/100
|turn|26
|
|t:|1757844609
|switch|p1a: Alomomola|Alomomola, F|100/100 brn
|-damage|p1a: Alomomola|84/100 brn|[from] Spikes
|move|p2a: Primarina|Calm Mind|p2a: Primarina
|-boost|p2a: Primarina|spa|1
|-boost|p2a: Primarina|spd|1
|
|-weather|Snowscape|[upkeep]
|-damage|p1a: Alomomola|78/100 brn|[from] brn
|upkeep
|turn|27
|
|t:|1757844613
|move|p2a: Primarina|Substitute|p2a: Primarina
|-start|p2a: Primarina|Substitute
|-damage|p2a: Primarina|76/100
|move|p1a: Alomomola|Body Slam|p2a: Primarina
|-activate|p2a: Primarina|move: Substitute|[damage]
|
|-weather|Snowscape|[upkeep]
|-heal|p2a: Primarina|82/100|[from] item: Leftovers
|-damage|p1a: Alomomola|71/100 brn|[from] brn
|upkeep
|turn|28
|
|t:|1757844618
|move|p2a: Primarina|Calm Mind|p2a: Primarina
|-boost|p2a: Primarina|spa|1
|-boost|p2a: Primarina|spd|1
|move|p1a: Alomomola|Flip Turn|p2a: Primarina
|-resisted|p2a: Primarina
|-activate|p2a: Primarina|move: Substitute|[damage]
|
|t:|1757844621
|switch|p1a: Great Tusk|Great Tusk|80/100|[from] Flip Turn
|-damage|p1a: Great Tusk|63/100|[from] Spikes
|
|-weather|none
|-heal|p1a: Great Tusk|69/100|[from] item: Leftovers
|-heal|p2a: Primarina|88/100|[from] item: Leftovers
|upkeep
|turn|29
|j| Jey2
|
|t:|1757844623
|move|p1a: Great Tusk|Rapid Spin|p2a: Primarina
|-activate|p2a: Primarina|move: Substitute|[damage]
|-sideend|p1: H0llo|Spikes|[from] move: Rapid Spin|[of] p1a: Great Tusk
|-boost|p1a: Great Tusk|spe|1
|move|p2a: Primarina|Draining Kiss|p1a: Great Tusk
|-supereffective|p1a: Great Tusk
|-damage|p1a: Great Tusk|0 fnt
|-heal|p2a: Primarina|100/100|[from] drain|[of] p1a: Great Tusk
|faint|p1a: Great Tusk
|-end|p1a: Great Tusk|Protosynthesis|[silent]
|
|upkeep
|
|t:|1757844628
|switch|p1a: Slowking|Slowking-Galar, F|100/100 brn
|turn|30
|
|t:|1757844630
|move|p2a: Primarina|Psychic Noise|p1a: Slowking
|-damage|p1a: Slowking|48/100 brn
|-start|p1a: Slowking|move: Heal Block
|move|p1a: Slowking|Sludge Bomb|p2a: Primarina
|-supereffective|p2a: Primarina
|-end|p2a: Primarina|Substitute
|
|-damage|p1a: Slowking|42/100 brn|[from] brn
|upkeep
|turn|31
|
|t:|1757844634
|move|p2a: Primarina|Psychic Noise|p1a: Slowking
|-damage|p1a: Slowking|0 fnt
|faint|p1a: Slowking
|
|upkeep
|
|t:|1757844639
|switch|p1a: Lokix|Lokix, M|84/100
|turn|32
|
|t:|1757844647
|move|p1a: Lokix|U-turn|p2a: Primarina
|-resisted|p2a: Primarina
|-damage|p2a: Primarina|59/100
|
|t:|1757844649
|switch|p1a: Enamorus|Enamorus, F|100/100|[from] U-turn
|move|p2a: Primarina|Draining Kiss|p1a: Enamorus
|-damage|p1a: Enamorus|39/100
|-heal|p2a: Primarina|96/100|[from] drain|[of] p1a: Enamorus
|
|-heal|p2a: Primarina|100/100|[from] item: Leftovers
|upkeep
|turn|33
|c| favfav|omg primaria
|
|t:|1757844655
|move|p1a: Enamorus|Healing Wish|p1a: Enamorus
|faint|p1a: Enamorus
|move|p2a: Primarina|Draining Kiss|p1: Enamorus|[notarget]
|-fail|p2a: Primarina
|
|upkeep
|
|t:|1757844657
|switch|p1a: Lokix|Lokix, M|84/100
|-heal|p1a: Lokix|100/100|[from] move: Healing Wish
|turn|34
|
|t:|1757844659
|-terastallize|p1a: Lokix|Bug
|move|p1a: Lokix|Leech Life|p2a: Primarina
|-resisted|p2a: Primarina
|-damage|p2a: Primarina|32/100
|move|p2a: Primarina|Draining Kiss|p1a: Lokix
|-damage|p1a: Lokix|24/100
|-heal|p2a: Primarina|78/100|[from] drain|[of] p1a: Lokix
|
|-heal|p2a: Primarina|84/100|[from] item: Leftovers
|upkeep
|turn|35
|c| favfav|god
|
|t:|1757844662
|move|p1a: Lokix|Leech Life|p2a: Primarina
|-resisted|p2a: Primarina
|-damage|p2a: Primarina|15/100
|-heal|p1a: Lokix|66/100|[from] drain|[of] p2a: Primarina
|move|p2a: Primarina|Draining Kiss|p1a: Lokix
|-damage|p1a: Lokix|0 fnt
|-heal|p2a: Primarina|55/100|[from] drain|[of] p1a: Lokix
|faint|p1a: Lokix
|
|-heal|p2a: Primarina|61/100|[from] item: Leftovers
|upkeep
|
|t:|1757844667
|switch|p1a: Alomomola|Alomomola, F|100/100 brn
|turn|36
|-message|H0llo forfeited.
|
|win|spidermathou
|raw|H0llo's rating: 1541 &rarr; <strong>1520</strong><br />(-21 for losing)
|raw|spidermathou's rating: 1526 &rarr; <strong>1547</strong><br />(+21 for winning)
|l|☆H0llo
|player|p1|
|l|☆spidermathou
|player|p2|
|l| Jey2
|l| favfav
