|j|☆jdavidnew0
|j|☆mntymuj jcgy
|t:|1757801549
|gametype|singles
|player|p1|jdavidnew0|102|1040
|player|p2|mntymuj jcgy|linebacker|1000
|gen|9
|tier|[Gen 9] OU
|rated|
|rule|HP Percentage Mod: HP is shown in percentages
|rule|Endless Battle Clause: Forcing endless battles is banned
|rule|Species Clause: Limit one of each Pokémon
|rule|OHKO Clause: OHKO moves are banned
|rule|Evasion Items Clause: Evasion items are banned
|rule|Evasion Moves Clause: Evasion moves are banned
|rule|Evasion Abilities Clause: Evasion abilities are banned
|rule|Sleep Moves Clause: Sleep-inducing moves are banned
|clearpoke
|poke|p1|Alomomola, F|
|poke|p1|Clefable, M|
|poke|p1|Serperior, M|
|poke|p1|Malamar, F|
|poke|p1|Gholdengo|
|poke|p1|Excadrill, F|
|poke|p2|Haxorus, M|
|poke|p2|Glimmora, M|
|poke|p2|Weavile, F|
|poke|p2|Blaziken, M|
|poke|p2|Latias, F|
|poke|p2|Dragapult, F|
|teampreview
|
|t:|1757801556
|teamsize|p1|6
|teamsize|p2|6
|start
|switch|p1a: Clefable|Clefable, M|100/100
|switch|p2a: Weavile|Weavile, F|100/100
|-ability|p2a: Weavile|Pressure
|turn|1
|
|t:|1757801562
|move|p2a: Weavile|Fake Out|p1a: Clefable
|-damage|p1a: Clefable|80/100
|-damage|p2a: Weavile|91/100|[from] item: Life Orb
|cant|p1a: Clefable|flinch
|
|-heal|p1a: Clefable|87/100|[from] item: Leftovers
|upkeep
|turn|2
|
|t:|1757801569
|switch|p2a: Glimmora|Glimmora, M|100/100
|move|p1a: Clefable|Substitute|p1a: Clefable
|-start|p1a: Clefable|Substitute
|-damage|p1a: Clefable|62/100
|
|-heal|p1a: Clefable|68/100|[from] item: Leftovers
|upkeep
|turn|3
|
|t:|1757801584
|move|p1a: Clefable|Protect|p1a: Clefable
|-singleturn|p1a: Clefable|Protect
|move|p2a: Glimmora|Stealth Rock|p1a: Clefable
|-sidestart|p1: jdavidnew0|move: Stealth Rock
|
|-heal|p1a: Clefable|74/100|[from] item: Leftovers
|upkeep
|turn|4
|
|t:|1757801592
|move|p2a: Glimmora|Venoshock|p1a: Clefable
|-supereffective|p1a: Clefable
|-end|p1a: Clefable|Substitute
|move|p1a: Clefable|Alluring Voice|p2a: Glimmora
|-resisted|p2a: Glimmora
|-damage|p2a: Glimmora|87/100
|
|-heal|p2a: Glimmora|93/100|[from] item: Leftovers
|-heal|p1a: Clefable|80/100|[from] item: Leftovers
|upkeep
|turn|5
|
|t:|1757801601
|switch|p1a: Excadrill|Excadrill, F|100/100
|-damage|p1a: Excadrill|97/100|[from] Stealth Rock
|-ability|p1a: Excadrill|Mold Breaker
|move|p2a: Glimmora|Toxic|p1a: Excadrill
|-status|p1a: Excadrill|tox
|
|-heal|p2a: Glimmora|99/100|[from] item: Leftovers
|-damage|p1a: Excadrill|91/100 tox|[from] psn
|upkeep
|turn|6
|
|t:|1757801611
|move|p2a: Glimmora|Protect|p2a: Glimmora
|-singleturn|p2a: Glimmora|Protect
|move|p1a: Excadrill|Earthquake|p2a: Glimmora
|-activate|p2a: Glimmora|move: Protect
|
|-heal|p2a: Glimmora|100/100|[from] item: Leftovers
|-damage|p1a: Excadrill|79/100 tox|[from] psn
|upkeep
|turn|7
|
|t:|1757801618
|switch|p2a: Latias|Latias, F|100/100
|move|p1a: Excadrill|Earthquake|p2a: Latias
|-damage|p2a: Latias|17/100
|-damage|p1a: Excadrill|69/100 tox|[from] item: Life Orb
|
|-damage|p1a: Excadrill|51/100 tox|[from] psn
|upkeep
|turn|8
|
|t:|1757801634
|switch|p1a: Clefable|Clefable, M|80/100
|-damage|p1a: Clefable|68/100|[from] Stealth Rock
|move|p2a: Latias|Draco Meteor|p1a: Clefable
|-immune|p1a: Clefable
|
|-heal|p1a: Clefable|74/100|[from] item: Leftovers
|upkeep
|turn|9
|c|☆jdavidnew0|Had no clue gimmora even got corrosion
|
|t:|1757801643
|switch|p2a: Glimmora|Glimmora, M|100/100
|move|p1a: Clefable|Protect||[still]
|-fail|p1a: Clefable
|
|-heal|p1a: Clefable|80/100|[from] item: Leftovers
|upkeep
|turn|10
|
|t:|1757801659
|move|p2a: Glimmora|Toxic|p1a: Clefable
|-status|p1a: Clefable|tox
|move|p1a: Clefable|Wish|p1a: Clefable
|
|-heal|p1a: Clefable|86/100 tox|[from] item: Leftovers
|-damage|p1a: Clefable|80/100 tox|[from] psn
|upkeep
|turn|11
|
|t:|1757801665
|switch|p1a: Excadrill|Excadrill, F|51/100 tox
|-damage|p1a: Excadrill|48/100 tox|[from] Stealth Rock
|-ability|p1a: Excadrill|Mold Breaker
|move|p2a: Glimmora|Venoshock|p1a: Excadrill
|-immune|p1a: Excadrill
|
|-heal|p1a: Excadrill|100/100 tox|[from] move: Wish|[wisher] Clefable
|-damage|p1a: Excadrill|94/100 tox|[from] psn
|upkeep
|turn|12
|
|t:|1757801676
|move|p2a: Glimmora|Protect|p2a: Glimmora
|-singleturn|p2a: Glimmora|Protect
|move|p1a: Excadrill|Stealth Rock|p2a: Glimmora
|-sidestart|p2: mntymuj jcgy|move: Stealth Rock
|
|-damage|p1a: Excadrill|82/100 tox|[from] psn
|upkeep
|turn|13
|
|t:|1757801686
|switch|p2a: Latias|Latias, F|17/100
|-damage|p2a: Latias|4/100|[from] Stealth Rock
|move|p1a: Excadrill|Earthquake|p2a: Latias
|-damage|p2a: Latias|0 fnt
|faint|p2a: Latias
|-damage|p1a: Excadrill|72/100 tox|[from] item: Life Orb
|
|-damage|p1a: Excadrill|54/100 tox|[from] psn
|upkeep
|
|t:|1757801696
|switch|p2a: Weavile|Weavile, F|91/100
|-damage|p2a: Weavile|66/100|[from] Stealth Rock
|-ability|p2a: Weavile|Pressure
|turn|14
|
|t:|1757801701
|switch|p1a: Gholdengo|Gholdengo|100/100
|-damage|p1a: Gholdengo|94/100|[from] Stealth Rock
|-item|p1a: Gholdengo|Air Balloon
|move|p2a: Weavile|Low Kick|p1a: Gholdengo
|-immune|p1a: Gholdengo
|
|upkeep
|turn|15
|
|t:|1757801719
|move|p2a: Weavile|Knock Off|p1a: Gholdengo
|-supereffective|p1a: Gholdengo
|-damage|p1a: Gholdengo|0 fnt
|-enditem|p1a: Gholdengo|Air Balloon
|faint|p1a: Gholdengo
|-damage|p2a: Weavile|56/100|[from] item: Life Orb
|
|upkeep
|
|t:|1757801735
|switch|p1a: Alomomola|Alomomola, F|100/100
|-damage|p1a: Alomomola|88/100|[from] Stealth Rock
|turn|16
|
|t:|1757801739
|move|p2a: Weavile|Knock Off|p1a: Alomomola
|-damage|p1a: Alomomola|54/100
|-enditem|p1a: Alomomola|Leftovers|[from] move: Knock Off|[of] p2a: Weavile
|-damage|p2a: Weavile|46/100|[from] item: Life Orb
|move|p1a: Alomomola|Scald|p2a: Weavile
|-damage|p2a: Weavile|27/100
|
|upkeep
|turn|17
|
|t:|1757801750
|move|p2a: Weavile|Low Kick|p1a: Alomomola
|-damage|p1a: Alomomola|40/100
|-damage|p2a: Weavile|17/100|[from] item: Life Orb
|move|p1a: Alomomola|Wish|p1a: Alomomola
|
|upkeep
|turn|18
|
|t:|1757801779
|move|p2a: Weavile|Knock Off|p1a: Alomomola
|-damage|p1a: Alomomola|17/100
|-damage|p2a: Weavile|7/100|[from] item: Life Orb
|move|p1a: Alomomola|Scald|p2a: Weavile
|-damage|p2a: Weavile|0 fnt
|faint|p2a: Weavile
|
|-heal|p1a: Alomomola|67/100|[from] move: Wish|[wisher] Alomomola
|upkeep
|
|t:|1757801792
|switch|p2a: Glimmora|Glimmora, M|100/100
|-damage|p2a: Glimmora|88/100|[from] Stealth Rock
|turn|19
|
|t:|1757801798
|move|p1a: Alomomola|Protect|p1a: Alomomola
|-singleturn|p1a: Alomomola|Protect
|move|p2a: Glimmora|Toxic|p1a: Alomomola
|-activate|p1a: Alomomola|move: Protect
|
|-heal|p2a: Glimmora|94/100|[from] item: Leftovers
|upkeep
|turn|20
|
|t:|1757801812
|move|p2a: Glimmora|Venoshock|p1a: Alomomola
|-damage|p1a: Alomomola|27/100
|move|p1a: Alomomola|Flip Turn|p2a: Glimmora
|-supereffective|p2a: Glimmora
|-crit|p2a: Glimmora
|-damage|p2a: Glimmora|53/100
|
|t:|1757801820
|switch|p1a: Excadrill|Excadrill, F|54/100 tox|[from] Flip Turn
|-damage|p1a: Excadrill|51/100 tox|[from] Stealth Rock
|-ability|p1a: Excadrill|Mold Breaker
|
|-heal|p2a: Glimmora|59/100|[from] item: Leftovers
|-damage|p1a: Excadrill|45/100 tox|[from] psn
|upkeep
|turn|21
|
|t:|1757801829
|move|p2a: Glimmora|Protect|p2a: Glimmora
|-singleturn|p2a: Glimmora|Protect
|move|p1a: Excadrill|Rapid Spin|p2a: Glimmora
|-activate|p2a: Glimmora|move: Protect
|
|-heal|p2a: Glimmora|65/100|[from] item: Leftovers
|-damage|p1a: Excadrill|33/100 tox|[from] psn
|upkeep
|turn|22
|
|t:|1757801837
|switch|p2a: Dragapult|Dragapult, F|100/100
|-damage|p2a: Dragapult|88/100|[from] Stealth Rock
|move|p1a: Excadrill|Earthquake|p2a: Dragapult
|-damage|p2a: Dragapult|0 fnt
|faint|p2a: Dragapult
|-damage|p1a: Excadrill|23/100 tox|[from] item: Life Orb
|
|-damage|p1a: Excadrill|4/100 tox|[from] psn
|upkeep
|inactive|Battle timer is ON: inactive players will automatically lose when time's up. (requested by jdavidnew0)
|
|t:|1757801847
|switch|p2a: Blaziken|Blaziken, M|100/100
|-damage|p2a: Blaziken|88/100|[from] Stealth Rock
|turn|23
|
|t:|1757801864
|switch|p1a: Alomomola|Alomomola, F|61/100
|-damage|p1a: Alomomola|48/100|[from] Stealth Rock
|move|p2a: Blaziken|Protect||[still]
|-fail|p2a: Blaziken
|
|-heal|p2a: Blaziken|94/100|[from] item: Leftovers
|-ability|p2a: Blaziken|Speed Boost|boost
|-boost|p2a: Blaziken|spe|1
|upkeep
|turn|24
|
|t:|1757801873
|switch|p1a: Excadrill|Excadrill, F|4/100 tox
|-damage|p1a: Excadrill|1/100 tox|[from] Stealth Rock
|-ability|p1a: Excadrill|Mold Breaker
|move|p2a: Blaziken|Close Combat|p1a: Excadrill
|-supereffective|p1a: Excadrill
|-damage|p1a: Excadrill|0 fnt
|-unboost|p2a: Blaziken|def|1
|-unboost|p2a: Blaziken|spd|1
|faint|p1a: Excadrill
|
|-heal|p2a: Blaziken|99/100|[from] item: Leftovers
|-ability|p2a: Blaziken|Speed Boost|boost
|-boost|p2a: Blaziken|spe|1
|upkeep
|
|t:|1757801886
|switch|p1a: Alomomola|Alomomola, F|82/100
|-damage|p1a: Alomomola|69/100|[from] Stealth Rock
|turn|25
|
|t:|1757801892
|switch|p2a: Haxorus|Haxorus, M|100/100
|-damage|p2a: Haxorus|88/100|[from] Stealth Rock
|-ability|p2a: Haxorus|Mold Breaker
|move|p1a: Alomomola|Protect||[still]
|-fail|p1a: Alomomola
|
|-heal|p2a: Haxorus|94/100|[from] item: Leftovers
|upkeep
|turn|26
|
|t:|1757801900
|move|p2a: Haxorus|Dragon Dance|p2a: Haxorus
|-boost|p2a: Haxorus|atk|1
|-boost|p2a: Haxorus|spe|1
|move|p1a: Alomomola|Scald|p2a: Haxorus
|-resisted|p2a: Haxorus
|-damage|p2a: Haxorus|87/100
|-status|p2a: Haxorus|brn
|
|-heal|p2a: Haxorus|93/100 brn|[from] item: Leftovers
|-damage|p2a: Haxorus|87/100 brn|[from] brn
|upkeep
|turn|27
|
|t:|1757801911
|move|p2a: Haxorus|Dragon Dance|p2a: Haxorus
|-boost|p2a: Haxorus|atk|1
|-boost|p2a: Haxorus|spe|1
|move|p1a: Alomomola|Flip Turn|p2a: Haxorus
|-resisted|p2a: Haxorus
|-damage|p2a: Haxorus|80/100 brn
|
|t:|1757801914
|switch|p1a: Clefable|Clefable, M|80/100 tox|[from] Flip Turn
|-damage|p1a: Clefable|67/100 tox|[from] Stealth Rock
|
|-heal|p2a: Haxorus|86/100 brn|[from] item: Leftovers
|-heal|p1a: Clefable|73/100 tox|[from] item: Leftovers
|-damage|p1a: Clefable|67/100 tox|[from] psn
|-damage|p2a: Haxorus|80/100 brn|[from] brn
|upkeep
|turn|28
|
|t:|1757801925
|move|p2a: Haxorus|Earthquake|p1a: Clefable
|-damage|p1a: Clefable|34/100 tox
|move|p1a: Clefable|Alluring Voice|p2a: Haxorus
|-supereffective|p2a: Haxorus
|-damage|p2a: Haxorus|19/100 brn
|
|-heal|p2a: Haxorus|25/100 brn|[from] item: Leftovers
|-heal|p1a: Clefable|40/100 tox|[from] item: Leftovers
|-damage|p1a: Clefable|28/100 tox|[from] psn
|-damage|p2a: Haxorus|19/100 brn|[from] brn
|upkeep
|turn|29
|
|t:|1757801935
|move|p2a: Haxorus|Earthquake|p1a: Clefable
|-damage|p1a: Clefable|0 fnt
|faint|p1a: Clefable
|
|-heal|p2a: Haxorus|25/100 brn|[from] item: Leftovers
|-damage|p2a: Haxorus|19/100 brn|[from] brn
|upkeep
|
|t:|1757801948
|switch|p1a: Malamar|Malamar, F|100/100
|-damage|p1a: Malamar|88/100|[from] Stealth Rock
|turn|30
|
|t:|1757801963
|-terastallize|p1a: Malamar|Fighting
|move|p2a: Haxorus|Dragon Claw|p1a: Malamar
|-damage|p1a: Malamar|45/100
|move|p1a: Malamar|Superpower|p2a: Haxorus
|-damage|p2a: Haxorus|0 fnt
|-boost|p1a: Malamar|atk|1
|-boost|p1a: Malamar|def|1
|faint|p2a: Haxorus
|
|upkeep
|
|t:|1757801976
|switch|p2a: Blaziken|Blaziken, M|99/100
|-damage|p2a: Blaziken|88/100|[from] Stealth Rock
|turn|31
|
|t:|1757801980
|move|p1a: Malamar|Superpower|p2a: Blaziken
|-damage|p2a: Blaziken|0 fnt
|-boost|p1a: Malamar|atk|1
|-boost|p1a: Malamar|def|1
|faint|p2a: Blaziken
|
|upkeep
|
|t:|1757801987
|switch|p2a: Glimmora|Glimmora, M|65/100
|-damage|p2a: Glimmora|53/100|[from] Stealth Rock
|turn|32
|
|t:|1757801993
|move|p1a: Malamar|Superpower|p2a: Glimmora
|-damage|p2a: Glimmora|0 fnt
|-boost|p1a: Malamar|atk|1
|-boost|p1a: Malamar|def|1
|faint|p2a: Glimmora
|
|win|jdavidnew0
|raw|jdavidnew0's rating: 1040 &rarr; <strong>1070</strong><br />(+30 for winning)
|raw|mntymuj jcgy's rating: 1000 &rarr; <strong>1000</strong><br />(+0 for losing)
