|j|☆4DEF+4SPD=GG
|j|☆serpeme93
|t:|1757872181
|gametype|singles
|player|p1|4DEF+4SPD=GG|preschooler|1361
|player|p2|serpeme93|lucas|1367
|gen|9
|tier|[Gen 9] OU
|rated|
|rule|HP Percentage Mod: HP is shown in percentages
|rule|Endless Battle Clause: Forcing endless battles is banned
|rule|Species Clause: Limit one of each Pokémon
|rule|OHKO Clause: OHKO moves are banned
|rule|Evasion Items Clause: Evasion items are banned
|rule|Evasion Moves Clause: Evasion moves are banned
|rule|Evasion Abilities Clause: Evasion abilities are banned
|rule|Sleep Moves Clause: Sleep-inducing moves are banned
|clearpoke
|poke|p1|Tyranitar, M|
|poke|p1|Excadrill, M|
|poke|p1|Corviknight, M|
|poke|p1|Glimmora, M|
|poke|p1|Hippowdon, M|
|poke|p1|Scizor, M|
|poke|p2|Zamazenta-*|
|poke|p2|Iron Treads|
|poke|p2|Dragapult, F|
|poke|p2|Ogerpon-Wellspring, F|
|poke|p2|Iron Moth|
|poke|p2|Comfey, M|
|teampreview
|inactive|Battle timer is ON: inactive players will automatically lose when time's up. (requested by 4DEF+4SPD=GG)
|
|t:|1757872198
|teamsize|p1|6
|teamsize|p2|6
|start
|switch|p1a: Scizor|Scizor, M|100/100
|switch|p2a: Ogerpon|Ogerpon-Wellspring, F|100/100
|turn|1
|
|t:|1757872205
|move|p2a: Ogerpon|U-turn|p1a: Scizor
|-resisted|p1a: Scizor
|-damage|p1a: Scizor|87/100
|
|t:|1757872212
|switch|p2a: Iron Treads|Iron Treads|100/100|[from] U-turn
|move|p1a: Scizor|U-turn|p2a: Iron Treads
|-resisted|p2a: Iron Treads
|-damage|p2a: Iron Treads|73/100
|
|t:|1757872219
|switch|p1a: Hippowdon|Hippowdon, M|100/100|[from] U-turn
|-weather|Sandstorm|[from] ability: Sand Stream|[of] p1a: Hippowdon
|
|-weather|Sandstorm|[upkeep]
|upkeep
|turn|2
|
|t:|1757872224
|move|p2a: Iron Treads|Ice Spinner|p1a: Hippowdon
|-supereffective|p1a: Hippowdon
|-damage|p1a: Hippowdon|76/100
|move|p1a: Hippowdon|Bulldoze|p2a: Iron Treads
|-supereffective|p2a: Iron Treads
|-damage|p2a: Iron Treads|30/100
|-unboost|p2a: Iron Treads|spe|1
|
|-weather|Sandstorm|[upkeep]
|upkeep
|turn|3
|
|t:|1757872234
|-end|p2a: Iron Treads|Quark Drive|[silent]
|switch|p2a: Ogerpon|Ogerpon-Wellspring, F|100/100
|move|p1a: Hippowdon|Stealth Rock|p2a: Ogerpon
|-sidestart|p2: serpeme93|move: Stealth Rock
|
|-weather|Sandstorm|[upkeep]
|-damage|p2a: Ogerpon|95/100|[from] Sandstorm
|upkeep
|turn|4
|
|t:|1757872237
|switch|p1a: Corviknight|Corviknight, M|100/100
|move|p2a: Ogerpon|Ivy Cudgel|p1a: Corviknight|[anim] Ivy Cudgel Water
|-damage|p1a: Corviknight|64/100
|
|-weather|Sandstorm|[upkeep]
|-damage|p2a: Ogerpon|89/100|[from] Sandstorm
|upkeep
|turn|5
|
|t:|1757872251
|-terastallize|p2a: Ogerpon|Water
|detailschange|p2a: Ogerpon|Ogerpon-Wellspring-Tera, F, tera:Water
|-ability|p2a: Ogerpon|Embody Aspect (Wellspring)|boost
|-boost|p2a: Ogerpon|spd|1
|move|p2a: Ogerpon|Ivy Cudgel|p1a: Corviknight|[anim] Ivy Cudgel Water
|-damage|p1a: Corviknight|21/100
|move|p1a: Corviknight|U-turn|p2a: Ogerpon
|-damage|p2a: Ogerpon|69/100
|
|t:|1757872255
|switch|p1a: Excadrill|Excadrill, M|100/100|[from] U-turn
|
|-weather|Sandstorm|[upkeep]
|-damage|p2a: Ogerpon|63/100|[from] Sandstorm
|upkeep
|turn|6
|
|t:|1757872262
|switch|p2a: Zamazenta|Zamazenta|100/100
|-damage|p2a: Zamazenta|94/100|[from] Stealth Rock
|-ability|p2a: Zamazenta|Dauntless Shield|boost
|-boost|p2a: Zamazenta|def|1
|move|p1a: Excadrill|Earthquake|p2a: Zamazenta
|-damage|p2a: Zamazenta|70/100
|
|-weather|Sandstorm|[upkeep]
|-damage|p2a: Zamazenta|63/100|[from] Sandstorm
|-heal|p2a: Zamazenta|70/100|[from] item: Leftovers
|upkeep
|turn|7
|
|t:|1757872265
|switch|p1a: Hippowdon|Hippowdon, M|76/100
|move|p2a: Zamazenta|Body Press|p1a: Hippowdon
|-damage|p1a: Hippowdon|46/100
|
|-weather|Sandstorm|[upkeep]
|-damage|p2a: Zamazenta|63/100|[from] Sandstorm
|-heal|p2a: Zamazenta|70/100|[from] item: Leftovers
|upkeep
|turn|8
|
|t:|1757872269
|move|p2a: Zamazenta|Iron Defense|p2a: Zamazenta
|-boost|p2a: Zamazenta|def|2
|move|p1a: Hippowdon|Slack Off|p1a: Hippowdon
|-heal|p1a: Hippowdon|96/100
|
|-weather|none
|-heal|p2a: Zamazenta|76/100|[from] item: Leftovers
|upkeep
|turn|9
|
|t:|1757872271
|move|p2a: Zamazenta|Body Press|p1a: Hippowdon
|-damage|p1a: Hippowdon|37/100
|move|p1a: Hippowdon|Whirlwind|p2a: Zamazenta
|drag|p2a: Dragapult|Dragapult, F|100/100
|-damage|p2a: Dragapult|88/100|[from] Stealth Rock
|
|upkeep
|turn|10
|
|t:|1757872276
|switch|p1a: Tyranitar|Tyranitar, M|100/100
|-weather|Sandstorm|[from] ability: Sand Stream|[of] p1a: Tyranitar
|move|p2a: Dragapult|Shadow Ball|p1a: Tyranitar
|-resisted|p1a: Tyranitar
|-damage|p1a: Tyranitar|91/100
|
|-weather|Sandstorm|[upkeep]
|-damage|p2a: Dragapult|82/100|[from] Sandstorm
|upkeep
|turn|11
|
|t:|1757872279
|move|p2a: Dragapult|Will-O-Wisp|p1a: Tyranitar|[miss]
|-miss|p2a: Dragapult|p1a: Tyranitar
|move|p1a: Tyranitar|Knock Off|p2a: Dragapult
|-supereffective|p2a: Dragapult
|-damage|p2a: Dragapult|0 fnt
|-enditem|p2a: Dragapult|Expert Belt|[from] move: Knock Off|[of] p1a: Tyranitar
|faint|p2a: Dragapult
|
|-weather|Sandstorm|[upkeep]
|upkeep
|
|t:|1757872282
|switch|p2a: Zamazenta|Zamazenta|76/100
|-damage|p2a: Zamazenta|70/100|[from] Stealth Rock
|turn|12
|
|t:|1757872285
|switch|p1a: Corviknight|Corviknight, M|21/100
|move|p2a: Zamazenta|Iron Defense|p2a: Zamazenta
|-boost|p2a: Zamazenta|def|2
|
|-weather|Sandstorm|[upkeep]
|-damage|p2a: Zamazenta|63/100|[from] Sandstorm
|-heal|p2a: Zamazenta|70/100|[from] item: Leftovers
|upkeep
|turn|13
|
|t:|1757872288
|move|p2a: Zamazenta|Body Press|p1a: Corviknight
|-damage|p1a: Corviknight|0 fnt
|-damage|p2a: Zamazenta|53/100|[from] item: Rocky Helmet|[of] p1a: Corviknight
|faint|p1a: Corviknight
|
|-weather|Sandstorm|[upkeep]
|-damage|p2a: Zamazenta|47/100|[from] Sandstorm
|-heal|p2a: Zamazenta|53/100|[from] item: Leftovers
|upkeep
|
|t:|1757872291
|switch|p1a: Glimmora|Glimmora, M|100/100
|turn|14
|
|t:|1757872295
|-terastallize|p1a: Glimmora|Bug
|move|p2a: Zamazenta|Body Press|p1a: Glimmora
|-resisted|p1a: Glimmora
|-damage|p1a: Glimmora|52/100
|-activate|p1a: Glimmora|ability: Toxic Debris
|-sidestart|p2: serpeme93|move: Toxic Spikes
|move|p1a: Glimmora|Rock Polish|p1a: Glimmora
|-boost|p1a: Glimmora|spe|2
|
|-weather|Sandstorm|[upkeep]
|-damage|p1a: Glimmora|46/100|[from] Sandstorm
|-damage|p2a: Zamazenta|47/100|[from] Sandstorm
|-heal|p2a: Zamazenta|53/100|[from] item: Leftovers
|upkeep
|turn|15
|
|t:|1757872302
|move|p1a: Glimmora|Meteor Beam||[still]
|-prepare|p1a: Glimmora|Meteor Beam
|-boost|p1a: Glimmora|spa|1
|-enditem|p1a: Glimmora|Power Herb
|-anim|p1a: Glimmora|Meteor Beam|p2a: Zamazenta
|-resisted|p2a: Zamazenta
|-crit|p2a: Zamazenta
|-damage|p2a: Zamazenta|0 fnt
|faint|p2a: Zamazenta
|
|-weather|Sandstorm|[upkeep]
|-damage|p1a: Glimmora|40/100|[from] Sandstorm
|upkeep
|
|t:|1757872319
|switch|p2a: Iron Moth|Iron Moth|100/100
|-sideend|p2: serpeme93|move: Toxic Spikes|[of] p2a: Iron Moth
|turn|16
|
|t:|1757872322
|move|p1a: Glimmora|Earth Power|p2a: Iron Moth
|-supereffective|p2a: Iron Moth
|-damage|p2a: Iron Moth|0 fnt
|faint|p2a: Iron Moth
|-end|p2a: Iron Moth|Quark Drive|[silent]
|
|-weather|Sandstorm|[upkeep]
|-damage|p1a: Glimmora|34/100|[from] Sandstorm
|upkeep
|
|t:|1757872324
|switch|p2a: Comfey|Comfey, M, shiny|100/100
|-damage|p2a: Comfey|88/100|[from] Stealth Rock
|turn|17
|
|t:|1757872328
|move|p2a: Comfey|Draining Kiss|p1a: Glimmora
|-damage|p1a: Glimmora|11/100
|-heal|p2a: Comfey|100/100|[from] drain|[of] p1a: Glimmora
|move|p1a: Glimmora|Sludge Wave|p2a: Comfey
|-supereffective|p2a: Comfey
|-crit|p2a: Comfey
|-damage|p2a: Comfey|0 fnt
|faint|p2a: Comfey
|
|-weather|none
|upkeep
|
|t:|1757872332
|switch|p2a: Ogerpon|Ogerpon-Wellspring-Tera, F, tera:Water|63/100
|-damage|p2a: Ogerpon|51/100|[from] Stealth Rock
|-ability|p2a: Ogerpon|Embody Aspect (Wellspring)|boost
|-boost|p2a: Ogerpon|spd|1
|turn|18
|
|t:|1757872336
|move|p1a: Glimmora|Sludge Wave|p2a: Ogerpon
|-damage|p2a: Ogerpon|0 fnt
|faint|p2a: Ogerpon
|detailschange|p2: Ogerpon|Ogerpon-Wellspring, F|[silent]
|
|upkeep
|-message|serpeme93 forfeited.
|
|win|4DEF+4SPD=GG
|raw|4DEF+4SPD=GG's rating: 1361 &rarr; <strong>1381</strong><br />(+20 for winning)
|raw|serpeme93's rating: 1367 &rarr; <strong>1347</strong><br />(-20 for losing)
|l|☆serpeme93
|player|p2|
