|j|☆khoai3
|j|☆KingKaido107
|t:|1757910683
|gametype|singles
|player|p1|khoai3|pokemaniac|1538
|player|p2|KingKaido107|dragontamer-gen6|1765
|gen|9
|tier|[Gen 9] OU
|rated|
|rule|HP Percentage Mod: HP is shown in percentages
|rule|Endless Battle Clause: Forcing endless battles is banned
|rule|Species Clause: Limit one of each Pokémon
|rule|OHKO Clause: OHKO moves are banned
|rule|Evasion Items Clause: Evasion items are banned
|rule|Evasion Moves Clause: Evasion moves are banned
|rule|Evasion Abilities Clause: Evasion abilities are banned
|rule|Sleep Moves Clause: Sleep-inducing moves are banned
|clearpoke
|poke|p1|Latios, M|
|poke|p1|Rotom-Wash|
|poke|p1|Gholdengo|
|poke|p1|Ting-Lu|
|poke|p1|Iron Valiant|
|poke|p1|Hydreigon, M|
|poke|p2|Slowking-Galar, F|
|poke|p2|Kyurem|
|poke|p2|Cinderace, F|
|poke|p2|Tornadus-Therian, M|
|poke|p2|Hydrapple, F|
|poke|p2|Kingambit, M|
|teampreview
|inactive|Battle timer is ON: inactive players will automatically lose when time's up. (requested by KingKaido107)
|
|t:|1757910711
|teamsize|p1|6
|teamsize|p2|6
|start
|switch|p1a: Bottom-Wash|Rotom-Wash|100/100
|switch|p2a: Thieving Drunk|Tornadus-Therian, M|100/100
|turn|1
|
|t:|1757910724
|move|p2a: Thieving Drunk|U-turn|p1a: Bottom-Wash
|-damage|p1a: Bottom-Wash|88/100
|
|t:|1757910726
|switch|p2a: Depressed Drunk|Slowking-Galar, F|100/100|[from] U-turn
|move|p1a: Bottom-Wash|Volt Switch|p2a: Depressed Drunk
|-damage|p2a: Depressed Drunk|83/100
|
|t:|1757910741
|switch|p1a: Shmatios|Latios, M|100/100|[from] Volt Switch
|
|upkeep
|turn|2
|
|t:|1757910746
|move|p1a: Shmatios|Trick|p2a: Depressed Drunk
|-activate|p1a: Shmatios|move: Trick|[of] p2a: Depressed Drunk
|-item|p2a: Depressed Drunk|Choice Scarf|[from] move: Trick
|-item|p1a: Shmatios|Colbur Berry|[from] move: Trick
|move|p2a: Depressed Drunk|Sludge Bomb|p1a: Shmatios
|-damage|p1a: Shmatios|64/100
|
|upkeep
|turn|3
|
|t:|1757910754
|switch|p1a: Shmoldengo|Gholdengo|100/100
|-item|p1a: Shmoldengo|Air Balloon
|switch|p2a: Thieving Drunk|Tornadus-Therian, M|100/100
|
|upkeep
|turn|4
|
|t:|1757910772
|move|p2a: Thieving Drunk|U-turn|p1a: Shmoldengo
|-resisted|p1a: Shmoldengo
|-damage|p1a: Shmoldengo|98/100
|-enditem|p1a: Shmoldengo|Air Balloon
|
|t:|1757910777
|switch|p2a: Depressed Drunk|Slowking-Galar, F|100/100|[from] U-turn
|move|p1a: Shmoldengo|Thunder Wave|p2a: Depressed Drunk
|-status|p2a: Depressed Drunk|par
|
|upkeep
|turn|5
|
|t:|1757910793
|move|p1a: Shmoldengo|Hex|p2a: Depressed Drunk
|-supereffective|p2a: Depressed Drunk
|-damage|p2a: Depressed Drunk|9/100 par
|-prepare|p2a: Depressed Drunk|Chilly Reception|[premajor]
|move|p2a: Depressed Drunk|Chilly Reception|p2a: Depressed Drunk
|-weather|Snowscape
|
|t:|1757910796
|switch|p2a: Boro Breath|Cinderace, F|100/100|[from] Chilly Reception
|
|-weather|Snowscape|[upkeep]
|upkeep
|turn|6
|
|t:|1757910802
|switch|p1a: Bottom-Wash|Rotom-Wash|88/100
|move|p2a: Boro Breath|Pyro Ball|p1a: Bottom-Wash
|-resisted|p1a: Bottom-Wash
|-damage|p1a: Bottom-Wash|66/100
|
|-weather|Snowscape|[upkeep]
|-heal|p1a: Bottom-Wash|72/100|[from] item: Leftovers
|upkeep
|turn|7
|
|t:|1757910813
|move|p2a: Boro Breath|Will-O-Wisp|p1a: Bottom-Wash
|-status|p1a: Bottom-Wash|brn
|move|p1a: Bottom-Wash|Volt Switch|p2a: Boro Breath
|-damage|p2a: Boro Breath|65/100
|inactive|khoai3 has 120 seconds left.
|
|t:|1757910845
|switch|p1a: 3HeadedSnake|Hydreigon, M|100/100|[from] Volt Switch
|
|-weather|Snowscape|[upkeep]
|upkeep
|turn|8
|
|t:|1757910850
|switch|p1a: Bottom-Wash|Rotom-Wash|72/100 brn
|move|p2a: Boro Breath|U-turn|p1a: Bottom-Wash
|-start|p2a: Boro Breath|typechange|Bug|[from] ability: Libero
|-damage|p1a: Bottom-Wash|47/100 brn
|
|t:|1757910852
|switch|p2a: Ragnaraku|Kyurem|100/100|[from] U-turn
|-ability|p2a: Ragnaraku|Pressure
|
|-weather|Snowscape|[upkeep]
|-heal|p1a: Bottom-Wash|53/100 brn|[from] item: Leftovers
|-damage|p1a: Bottom-Wash|47/100 brn|[from] brn
|upkeep
|turn|9
|
|t:|1757910866
|switch|p1a: LuLu|Ting-Lu|100/100
|-ability|p1a: LuLu|Vessel of Ruin
|move|p2a: Ragnaraku|Blizzard|p1a: LuLu
|-supereffective|p1a: LuLu
|-crit|p1a: LuLu
|-damage|p1a: LuLu|0 fnt
|faint|p1a: LuLu
|
|-weather|none
|upkeep
|
|t:|1757910878
|switch|p1a: 3HeadedSnake|Hydreigon, M|100/100
|turn|10
|
|t:|1757910884
|switch|p2a: Depressed Drunk|Slowking-Galar, F|42/100 par
|move|p1a: 3HeadedSnake|U-turn|p2a: Depressed Drunk
|-damage|p2a: Depressed Drunk|31/100 par
|
|t:|1757910895
|switch|p1a: MissThang|Iron Valiant|100/100|[from] U-turn
|
|upkeep
|turn|11
|
|t:|1757910899
|move|p1a: MissThang|Knock Off|p2a: Depressed Drunk
|-supereffective|p2a: Depressed Drunk
|-damage|p2a: Depressed Drunk|0 fnt
|-enditem|p2a: Depressed Drunk|Choice Scarf|[from] move: Knock Off|[of] p1a: MissThang
|faint|p2a: Depressed Drunk
|
|upkeep
|
|t:|1757910901
|switch|p2a: Thieving Drunk|Tornadus-Therian, M|100/100
|turn|12
|
|t:|1757910912
|-end|p1a: MissThang|Quark Drive|[silent]
|switch|p1a: Bottom-Wash|Rotom-Wash|47/100 brn
|move|p2a: Thieving Drunk|U-turn|p1a: Bottom-Wash
|-damage|p1a: Bottom-Wash|34/100 brn
|
|t:|1757910916
|switch|p2a: Ragnaraku|Kyurem|100/100|[from] U-turn
|-ability|p2a: Ragnaraku|Pressure
|
|-heal|p1a: Bottom-Wash|40/100 brn|[from] item: Leftovers
|-damage|p1a: Bottom-Wash|34/100 brn|[from] brn
|upkeep
|turn|13
|
|t:|1757910925
|-terastallize|p1a: Bottom-Wash|Steel
|move|p2a: Ragnaraku|Freeze-Dry|p1a: Bottom-Wash
|-resisted|p1a: Bottom-Wash
|-damage|p1a: Bottom-Wash|1/100 brn
|move|p1a: Bottom-Wash|Pain Split|p2a: Ragnaraku
|-sethp|p2a: Ragnaraku|51/100|[from] move: Pain Split|[silent]
|-sethp|p1a: Bottom-Wash|65/100 brn|[from] move: Pain Split
|
|-heal|p1a: Bottom-Wash|71/100 brn|[from] item: Leftovers
|-damage|p1a: Bottom-Wash|65/100 brn|[from] brn
|upkeep
|turn|14
|
|t:|1757910936
|move|p2a: Ragnaraku|Freeze-Dry|p1a: Bottom-Wash
|-resisted|p1a: Bottom-Wash
|-damage|p1a: Bottom-Wash|31/100 brn
|move|p1a: Bottom-Wash|Volt Switch|p2a: Ragnaraku
|-resisted|p2a: Ragnaraku
|-damage|p2a: Ragnaraku|39/100
|
|t:|1757910942
|switch|p1a: MissThang|Iron Valiant|100/100|[from] Volt Switch
|
|upkeep
|turn|15
|
|t:|1757910947
|switch|p2a: Thieving Drunk|Tornadus-Therian, M|100/100
|move|p1a: MissThang|Moonblast|p2a: Thieving Drunk
|-damage|p2a: Thieving Drunk|53/100
|
|upkeep
|turn|16
|
|t:|1757910960
|-end|p1a: MissThang|Quark Drive|[silent]
|switch|p1a: Shmoldengo|Gholdengo|98/100
|move|p2a: Thieving Drunk|Bleakwind Storm|p1a: Shmoldengo
|-resisted|p1a: Shmoldengo
|-damage|p1a: Shmoldengo|80/100
|
|upkeep
|turn|17
|
|t:|1757910966
|move|p2a: Thieving Drunk|U-turn|p1a: Shmoldengo
|-resisted|p1a: Shmoldengo
|-damage|p1a: Shmoldengo|77/100
|
|t:|1757910969
|switch|p2a: Laughing Drunk|Hydrapple, F|100/100|[from] U-turn
|move|p1a: Shmoldengo|Thunder Wave|p2a: Laughing Drunk
|-status|p2a: Laughing Drunk|par
|
|upkeep
|turn|18
|
|t:|1757910977
|switch|p2a: Boro Breath|Cinderace, F|65/100
|move|p1a: Shmoldengo|Hex|p2a: Boro Breath
|-damage|p2a: Boro Breath|25/100
|
|upkeep
|turn|19
|
|t:|1757910996
|move|p2a: Boro Breath|Pyro Ball|p1a: Shmoldengo
|-supereffective|p1a: Shmoldengo
|-damage|p1a: Shmoldengo|0 fnt
|faint|p1a: Shmoldengo
|
|upkeep
|
|t:|1757911004
|switch|p1a: Bottom-Wash|Rotom-Wash, tera:Steel|31/100 brn
|turn|20
|
|t:|1757911010
|move|p2a: Boro Breath|Pyro Ball|p1a: Bottom-Wash
|-supereffective|p1a: Bottom-Wash
|-damage|p1a: Bottom-Wash|0 fnt
|faint|p1a: Bottom-Wash
|
|upkeep
|
|t:|1757911015
|switch|p1a: MissThang|Iron Valiant|100/100
|turn|21
|
|t:|1757911018
|move|p2a: Boro Breath|U-turn|p1a: MissThang
|-start|p2a: Boro Breath|typechange|Bug|[from] ability: Libero
|-resisted|p1a: MissThang
|-damage|p1a: MissThang|90/100
|
|t:|1757911020
|switch|p2a: Thieving Drunk|Tornadus-Therian, M|87/100|[from] U-turn
|move|p1a: MissThang|Knock Off|p2a: Thieving Drunk
|-damage|p2a: Thieving Drunk|55/100
|-enditem|p2a: Thieving Drunk|Heavy-Duty Boots|[from] move: Knock Off|[of] p1a: MissThang
|
|upkeep
|turn|22
|
|t:|1757911031
|-end|p1a: MissThang|Quark Drive|[silent]
|switch|p1a: 3HeadedSnake|Hydreigon, M|100/100
|move|p2a: Thieving Drunk|Bleakwind Storm|p1a: 3HeadedSnake
|-damage|p1a: 3HeadedSnake|54/100
|-unboost|p1a: 3HeadedSnake|spe|1
|
|upkeep
|turn|23
|
|t:|1757911042
|move|p2a: Thieving Drunk|U-turn|p1a: 3HeadedSnake
|-supereffective|p1a: 3HeadedSnake
|-damage|p1a: 3HeadedSnake|21/100
|
|t:|1757911045
|switch|p2a: Laughing Drunk|Hydrapple, F|100/100 par|[from] U-turn
|move|p1a: 3HeadedSnake|Draco Meteor|p2a: Laughing Drunk
|-supereffective|p2a: Laughing Drunk
|-crit|p2a: Laughing Drunk
|-damage|p2a: Laughing Drunk|0 fnt
|-unboost|p1a: 3HeadedSnake|spa|2
|faint|p2a: Laughing Drunk
|
|upkeep
|
|t:|1757911047
|switch|p2a: Boro Breath|Cinderace, F|25/100
|turn|24
|
|t:|1757911055
|switch|p1a: MissThang|Iron Valiant|90/100
|move|p2a: Boro Breath|U-turn|p1a: MissThang
|-start|p2a: Boro Breath|typechange|Bug|[from] ability: Libero
|-resisted|p1a: MissThang
|-damage|p1a: MissThang|79/100
|
|t:|1757911057
|switch|p2a: Thieving Drunk|Tornadus-Therian, M|88/100|[from] U-turn
|
|upkeep
|turn|25
|
|t:|1757911067
|-end|p1a: MissThang|Quark Drive|[silent]
|switch|p1a: 3HeadedSnake|Hydreigon, M|21/100
|move|p2a: Thieving Drunk|Bleakwind Storm|p1a: 3HeadedSnake
|-damage|p1a: 3HeadedSnake|0 fnt
|faint|p1a: 3HeadedSnake
|
|upkeep
|
|t:|1757911071
|switch|p1a: Shmatios|Latios, M|64/100
|turn|26
|
|t:|1757911076
|move|p2a: Thieving Drunk|U-turn|p1a: Shmatios
|-supereffective|p1a: Shmatios
|-damage|p1a: Shmatios|24/100
|
|t:|1757911078
|switch|p2a: Ragnaraku|Kyurem|39/100|[from] U-turn
|-ability|p2a: Ragnaraku|Pressure
|move|p1a: Shmatios|Luster Purge|p2a: Ragnaraku
|-damage|p2a: Ragnaraku|0 fnt
|faint|p2a: Ragnaraku
|
|upkeep
|
|t:|1757911079
|switch|p2a: Thieving Drunk|Tornadus-Therian, M|100/100
|turn|27
|
|t:|1757911084
|move|p2a: Thieving Drunk|U-turn|p1a: Shmatios
|-supereffective|p1a: Shmatios
|-damage|p1a: Shmatios|0 fnt
|faint|p1a: Shmatios
|
|t:|1757911086
|switch|p2a: Boro Breath|Cinderace, F|25/100|[from] U-turn
|
|upkeep
|
|t:|1757911089
|switch|p1a: MissThang|Iron Valiant|79/100
|turn|28
|
|t:|1757911091
|move|p2a: Boro Breath|Pyro Ball|p1a: MissThang
|-damage|p1a: MissThang|1/100
|move|p1a: MissThang|Knock Off|p2a: Boro Breath
|-damage|p2a: Boro Breath|0 fnt
|-enditem|p2a: Boro Breath|Heavy-Duty Boots|[from] move: Knock Off|[of] p1a: MissThang
|faint|p2a: Boro Breath
|
|upkeep
|
|t:|1757911094
|switch|p2a: Raging Drunk|Kingambit, M|100/100
|-activate|p2a: Raging Drunk|ability: Supreme Overlord
|-start|p2a: Raging Drunk|fallen4|[silent]
|turn|29
|
|t:|1757911097
|move|p2a: Raging Drunk|Sucker Punch|p1a: MissThang
|-resisted|p1a: MissThang
|-damage|p1a: MissThang|0 fnt
|faint|p1a: MissThang
|-end|p1a: MissThang|Quark Drive|[silent]
|
|win|KingKaido107
|raw|khoai3's rating: 1538 &rarr; <strong>1529</strong><br />(-9 for losing)
|raw|KingKaido107's rating: 1765 &rarr; <strong>1774</strong><br />(+9 for winning)
|l|☆KingKaido107
|player|p2|
