|j|☆RoddyJ
|j|☆djgrooves213
|t:|1757911821
|gametype|singles
|player|p1|RoddyJ|ethan|1410
|player|p2|djgrooves213|zinnia|1393
|gen|9
|tier|[Gen 9] OU
|rated|
|rule|HP Percentage Mod: HP is shown in percentages
|rule|Endless Battle Clause: Forcing endless battles is banned
|rule|Species Clause: Limit one of each Pokémon
|rule|OHKO Clause: OHKO moves are banned
|rule|Evasion Items Clause: Evasion items are banned
|rule|Evasion Moves Clause: Evasion moves are banned
|rule|Evasion Abilities Clause: Evasion abilities are banned
|rule|Sleep Moves Clause: Sleep-inducing moves are banned
|clearpoke
|poke|p1|Iron Crown|
|poke|p1|Articuno-Galar|
|poke|p1|Kingambit, F|
|poke|p1|Weezing-Galar, F|
|poke|p1|Muk-Alola, M|
|poke|p1|Goodra-Hisui, F|
|poke|p2|Iron Crown|
|poke|p2|Samurott-Hisui, M|
|poke|p2|Okidogi, M|
|poke|p2|Great Tusk|
|poke|p2|Hydrapple, M|
|poke|p2|Enamorus, F|
|teampreview
|inactive|Battle timer is ON: inactive players will automatically lose when time's up. (requested by RoddyJ)
|
|t:|1757911847
|teamsize|p1|6
|teamsize|p2|6
|start
|switch|p1a: Muk|Muk-Alola, M, shiny|100/100
|switch|p2a: Samurott|Samurott-Hisui, M, shiny|100/100
|turn|1
|
|t:|1757911853
|move|p2a: Samurott|Knock Off|p1a: Muk
|-resisted|p1a: Muk
|-damage|p1a: Muk|76/100
|-enditem|p1a: Muk|Assault Vest|[from] move: Knock Off|[of] p2a: Samurott
|move|p1a: Muk|Poison Jab|p2a: Samurott
|-damage|p2a: Samurott|48/100
|-status|p2a: Samurott|psn|[from] ability: Poison Touch|[of] p1a: Muk
|
|-damage|p2a: Samurott|36/100 psn|[from] psn
|upkeep
|turn|2
|
|t:|1757911869
|move|p2a: Samurott|Razor Shell|p1a: Muk
|-damage|p1a: Muk|19/100
|move|p1a: Muk|Knock Off|p2a: Samurott
|-resisted|p2a: Samurott
|-damage|p2a: Samurott|5/100 psn
|-enditem|p2a: Samurott|Blunder Policy|[from] move: Knock Off|[of] p1a: Muk
|
|-damage|p2a: Samurott|0 fnt|[from] psn
|faint|p2a: Samurott
|upkeep
|
|t:|1757911884
|switch|p2a: Enamorus|Enamorus, F, shiny|100/100
|turn|3
|
|t:|1757911890
|move|p1a: Muk|Shadow Sneak|p2a: Enamorus
|-damage|p2a: Enamorus|80/100
|-status|p2a: Enamorus|psn|[from] ability: Poison Touch|[of] p1a: Muk
|move|p2a: Enamorus|Mystical Fire|p1a: Muk
|-damage|p1a: Muk|0 fnt
|faint|p1a: Muk
|-damage|p2a: Enamorus|70/100 psn|[from] item: Life Orb
|
|-damage|p2a: Enamorus|58/100 psn|[from] psn
|upkeep
|
|t:|1757911903
|switch|p1a: Goodra|Goodra-Hisui, F, shiny|100/100
|turn|4
|
|t:|1757911907
|move|p2a: Enamorus|Springtide Storm|p1a: Goodra
|-damage|p1a: Goodra|70/100
|-damage|p2a: Enamorus|48/100 psn|[from] item: Life Orb
|move|p1a: Goodra|Flamethrower|p2a: Enamorus
|-damage|p2a: Enamorus|4/100 psn
|
|-damage|p2a: Enamorus|0 fnt|[from] psn
|faint|p2a: Enamorus
|upkeep
|
|t:|1757911916
|switch|p2a: Great Tusk|Great Tusk, shiny|100/100
|turn|5
|
|t:|1757911919
|switch|p1a: Weezing|Weezing-Galar, F, shiny|100/100
|move|p2a: Great Tusk|Taunt|p1a: Weezing
|-start|p1a: Weezing|move: Taunt
|
|upkeep
|turn|6
|
|t:|1757911933
|-end|p2a: Great Tusk|Protosynthesis|[silent]
|switch|p2a: Okidogi|Okidogi, M|100/100
|move|p1a: Weezing|Strange Steam|p2a: Okidogi|[miss]
|-miss|p1a: Weezing|p2a: Okidogi
|
|upkeep
|turn|7
|
|t:|1757911938
|move|p2a: Okidogi|Knock Off|p1a: Weezing
|-resisted|p1a: Weezing
|-damage|p1a: Weezing|89/100
|-enditem|p1a: Weezing|Leftovers|[from] move: Knock Off|[of] p2a: Okidogi
|move|p1a: Weezing|Strange Steam|p2a: Okidogi
|-damage|p2a: Okidogi|73/100
|
|-heal|p2a: Okidogi|79/100|[from] item: Leftovers
|-end|p1a: Weezing|move: Taunt
|upkeep
|turn|8
|
|t:|1757911945
|switch|p2a: Iron Crown|Iron Crown|100/100
|-enditem|p2a: Iron Crown|Booster Energy
|-activate|p2a: Iron Crown|ability: Quark Drive|[fromitem]
|-start|p2a: Iron Crown|quarkdrivespe
|move|p1a: Weezing|Will-O-Wisp|p2a: Iron Crown
|-status|p2a: Iron Crown|brn
|
|-damage|p2a: Iron Crown|94/100 brn|[from] brn
|upkeep
|turn|9
|
|t:|1757911950
|switch|p1a: Goodra|Goodra-Hisui, F, shiny|70/100
|move|p2a: Iron Crown|Focus Blast|p1a: Goodra
|-supereffective|p1a: Goodra
|-damage|p1a: Goodra|39/100
|
|-damage|p2a: Iron Crown|88/100 brn|[from] brn
|upkeep
|turn|10
|
|t:|1757911977
|move|p2a: Iron Crown|Calm Mind|p2a: Iron Crown
|-boost|p2a: Iron Crown|spa|1
|-boost|p2a: Iron Crown|spd|1
|move|p1a: Goodra|Flamethrower|p2a: Iron Crown
|-supereffective|p2a: Iron Crown
|-damage|p2a: Iron Crown|47/100 brn
|
|-damage|p2a: Iron Crown|41/100 brn|[from] brn
|upkeep
|turn|11
|
|t:|1757911987
|move|p2a: Iron Crown|Focus Blast|p1a: Goodra
|-supereffective|p1a: Goodra
|-damage|p1a: Goodra|0 fnt
|faint|p1a: Goodra
|
|-damage|p2a: Iron Crown|35/100 brn|[from] brn
|upkeep
|
|t:|1757911997
|switch|p1a: Iron Crown|Iron Crown|100/100
|turn|12
|
|t:|1757912003
|move|p2a: Iron Crown|Focus Blast|p1a: Iron Crown|[miss]
|-miss|p2a: Iron Crown|p1a: Iron Crown
|move|p1a: Iron Crown|Agility|p1a: Iron Crown
|-boost|p1a: Iron Crown|spe|2
|
|-damage|p2a: Iron Crown|28/100 brn|[from] brn
|upkeep
|turn|13
|
|t:|1757912008
|move|p1a: Iron Crown|Calm Mind|p1a: Iron Crown
|-boost|p1a: Iron Crown|spa|1
|-boost|p1a: Iron Crown|spd|1
|move|p2a: Iron Crown|Focus Blast|p1a: Iron Crown
|-damage|p1a: Iron Crown|67/100
|-unboost|p1a: Iron Crown|spd|1
|
|-damage|p2a: Iron Crown|22/100 brn|[from] brn
|upkeep
|turn|14
|
|t:|1757912017
|move|p1a: Iron Crown|Calm Mind|p1a: Iron Crown
|-boost|p1a: Iron Crown|spa|1
|-boost|p1a: Iron Crown|spd|1
|move|p2a: Iron Crown|Focus Blast|p1a: Iron Crown|[miss]
|-miss|p2a: Iron Crown|p1a: Iron Crown
|
|-damage|p2a: Iron Crown|16/100 brn|[from] brn
|upkeep
|turn|15
|
|t:|1757912027
|move|p1a: Iron Crown|Calm Mind|p1a: Iron Crown
|-boost|p1a: Iron Crown|spa|1
|-boost|p1a: Iron Crown|spd|1
|move|p2a: Iron Crown|Focus Blast|p1a: Iron Crown
|-damage|p1a: Iron Crown|45/100
|
|-damage|p2a: Iron Crown|10/100 brn|[from] brn
|upkeep
|turn|16
|
|t:|1757912036
|move|p1a: Iron Crown|Calm Mind|p1a: Iron Crown
|-boost|p1a: Iron Crown|spa|1
|-boost|p1a: Iron Crown|spd|1
|move|p2a: Iron Crown|Focus Blast|p1a: Iron Crown
|-damage|p1a: Iron Crown|25/100
|-unboost|p1a: Iron Crown|spd|1
|
|-damage|p2a: Iron Crown|4/100 brn|[from] brn
|upkeep
|turn|17
|
|t:|1757912044
|move|p1a: Iron Crown|Stored Power|p2a: Iron Crown
|-resisted|p2a: Iron Crown
|-damage|p2a: Iron Crown|0 fnt
|faint|p2a: Iron Crown
|-end|p2a: Iron Crown|Quark Drive|[silent]
|
|upkeep
|
|t:|1757912047
|switch|p2a: Great Tusk|Great Tusk, shiny|100/100
|turn|18
|
|t:|1757912050
|-terastallize|p2a: Great Tusk|Steel
|move|p1a: Iron Crown|Stored Power|p2a: Great Tusk
|-resisted|p2a: Great Tusk
|-damage|p2a: Great Tusk|0 fnt
|faint|p2a: Great Tusk
|-end|p2a: Great Tusk|Protosynthesis|[silent]
|
|upkeep
|
|t:|1757912053
|switch|p2a: Hydrapple|Hydrapple, M, shiny|100/100
|turn|19
|
|t:|1757912055
|move|p1a: Iron Crown|Stored Power|p2a: Hydrapple
|-damage|p2a: Hydrapple|0 fnt
|faint|p2a: Hydrapple
|
|upkeep
|
|t:|1757912058
|switch|p2a: Okidogi|Okidogi, M|79/100
|turn|20
|
|t:|1757912060
|move|p1a: Iron Crown|Stored Power|p2a: Okidogi
|-supereffective|p2a: Okidogi
|-damage|p2a: Okidogi|0 fnt
|faint|p2a: Okidogi
|
|win|RoddyJ
|raw|RoddyJ's rating: 1410 &rarr; <strong>1429</strong><br />(+19 for winning)
|raw|djgrooves213's rating: 1393 &rarr; <strong>1374</strong><br />(-19 for losing)
|l|☆djgrooves213
|player|p2|
|l|☆RoddyJ
|player|p1|
