|j|☆Clodmired
|j|☆TheInfiniteCrafter
|t:|1757806755
|gametype|singles
|player|p1|Clodmired|psychic-gen4|1096
|player|p2|TheInfiniteCrafter|hilbert|1083
|gen|9
|tier|[Gen 9] OU
|rated|
|rule|HP Percentage Mod: HP is shown in percentages
|rule|Endless Battle Clause: Forcing endless battles is banned
|rule|Species Clause: Limit one of each Pokémon
|rule|OHKO Clause: OHKO moves are banned
|rule|Evasion Items Clause: Evasion items are banned
|rule|Evasion Moves Clause: Evasion moves are banned
|rule|Evasion Abilities Clause: Evasion abilities are banned
|rule|Sleep Moves Clause: Sleep-inducing moves are banned
|clearpoke
|poke|p1|Ninetales, F|
|poke|p1|Walking Wake|
|poke|p1|Venusaur, M|
|poke|p1|Hatterene, F|
|poke|p1|Regirock|
|poke|p1|Great Tusk|
|poke|p2|Lilligant-Hisui, F|
|poke|p2|Ninetales, M|
|poke|p2|Ceruledge, M|
|poke|p2|Iron Valiant|
|poke|p2|Clefable, M|
|poke|p2|Garganacl, F|
|teampreview
|c|☆TheInfiniteCrafter|glhf
|
|t:|1757806770
|teamsize|p1|6
|teamsize|p2|6
|start
|switch|p1a: Walking Wake|Walking Wake|100/100
|switch|p2a: Ninetales|Ninetales, M|100/100
|-weather|SunnyDay|[from] ability: Drought|[of] p2a: Ninetales
|-activate|p1a: Walking Wake|ability: Protosynthesis
|-start|p1a: Walking Wake|protosynthesisspa
|turn|1
|c|☆Clodmired|Lol
|c|☆Clodmired|glhf
|
|t:|1757806793
|move|p1a: Walking Wake|Hydro Steam|p2a: Ninetales
|-supereffective|p2a: Ninetales
|-crit|p2a: Ninetales
|-damage|p2a: Ninetales|0 fnt
|faint|p2a: Ninetales
|
|-weather|SunnyDay|[upkeep]
|upkeep
|
|t:|1757806811
|switch|p2a: Lilligant|Lilligant-Hisui, F|100/100
|turn|2
|
|t:|1757806827
|move|p2a: Lilligant|Solar Blade||[still]
|-prepare|p2a: Lilligant|Solar Blade
|-anim|p2a: Lilligant|Solar Blade|p1a: Walking Wake
|-damage|p1a: Walking Wake|8/100
|-damage|p2a: Lilligant|91/100|[from] item: Life Orb
|move|p1a: Walking Wake|Weather Ball|p2a: Lilligant
|-supereffective|p2a: Lilligant
|-damage|p2a: Lilligant|0 fnt
|faint|p2a: Lilligant
|
|-weather|SunnyDay|[upkeep]
|upkeep
|
|t:|1757806841
|switch|p2a: Ceruledge|Ceruledge, M|100/100
|turn|3
|
|t:|1757806850
|move|p2a: Ceruledge|Shadow Sneak|p1a: Walking Wake
|-damage|p1a: Walking Wake|0 fnt
|faint|p1a: Walking Wake
|-end|p1a: Walking Wake|Protosynthesis|[silent]
|
|-weather|SunnyDay|[upkeep]
|upkeep
|
|t:|1757806859
|switch|p1a: Great Tusk|Great Tusk|100/100
|-activate|p1a: Great Tusk|ability: Protosynthesis
|-start|p1a: Great Tusk|protosynthesisatk
|turn|4
|
|t:|1757806881
|-terastallize|p2a: Ceruledge|Ghost
|move|p1a: Great Tusk|Earthquake|p2a: Ceruledge
|-damage|p2a: Ceruledge|12/100
|-ability|p2a: Ceruledge|Weak Armor|boost
|-unboost|p2a: Ceruledge|def|1
|-boost|p2a: Ceruledge|spe|2
|move|p2a: Ceruledge|Swords Dance|p2a: Ceruledge
|-boost|p2a: Ceruledge|atk|2
|
|-weather|SunnyDay|[upkeep]
|upkeep
|turn|5
|
|t:|1757806897
|move|p2a: Ceruledge|Bitter Blade|p1a: Great Tusk
|-damage|p1a: Great Tusk|0 fnt
|-heal|p2a: Ceruledge|76/100|[from] drain|[of] p1a: Great Tusk
|faint|p1a: Great Tusk
|-end|p1a: Great Tusk|Protosynthesis|[silent]
|
|-weather|SunnyDay|[upkeep]
|upkeep
|
|t:|1757806904
|switch|p1a: Regirock|Regirock|100/100
|turn|6
|
|t:|1757806914
|move|p2a: Ceruledge|Bitter Blade|p1a: Regirock
|-resisted|p1a: Regirock
|-damage|p1a: Regirock|58/100
|-heal|p2a: Ceruledge|98/100|[from] drain|[of] p1a: Regirock
|move|p1a: Regirock|Fire Punch|p2a: Ceruledge
|-damage|p2a: Ceruledge|29/100
|-ability|p2a: Ceruledge|Weak Armor|boost
|-unboost|p2a: Ceruledge|def|1
|-boost|p2a: Ceruledge|spe|2
|
|-weather|SunnyDay|[upkeep]
|-heal|p1a: Regirock|64/100|[from] item: Leftovers
|upkeep
|turn|7
|
|t:|1757806929
|move|p2a: Ceruledge|Poltergeist|p1a: Regirock
|-activate|p1a: Regirock|move: Poltergeist|Leftovers
|-damage|p1a: Regirock|0 fnt
|faint|p1a: Regirock
|
|-weather|SunnyDay|[upkeep]
|upkeep
|
|t:|1757806945
|switch|p1a: Hatterene|Hatterene, F|100/100
|turn|8
|
|t:|1757806951
|move|p2a: Ceruledge|Bitter Blade|p1a: Hatterene
|-damage|p1a: Hatterene|0 fnt
|-heal|p2a: Ceruledge|84/100|[from] drain|[of] p1a: Hatterene
|-damage|p2a: Ceruledge|67/100|[from] item: Rocky Helmet|[of] p1a: Hatterene
|faint|p1a: Hatterene
|
|-weather|none
|upkeep
|-message|Clodmired forfeited.
|
|win|TheInfiniteCrafter
|raw|Clodmired's rating: 1096 &rarr; <strong>1071</strong><br />(-25 for losing)
|raw|TheInfiniteCrafter's rating: 1083 &rarr; <strong>1112</strong><br />(+29 for winning)
|l|☆Clodmired
|player|p1|
