|j|☆3idk
|j|☆magikarp soup
|t:|1757935515
|gametype|singles
|player|p1|3idk|lusamine-masters|1568
|player|p2|magikarp soup|265|1574
|gen|9
|tier|[Gen 9] OU
|rated|
|rule|HP Percentage Mod: HP is shown in percentages
|rule|Endless Battle Clause: Forcing endless battles is banned
|rule|Species Clause: Limit one of each Pokémon
|rule|OHKO Clause: OHKO moves are banned
|rule|Evasion Items Clause: Evasion items are banned
|rule|Evasion Moves Clause: Evasion moves are banned
|rule|Evasion Abilities Clause: Evasion abilities are banned
|rule|Sleep Moves Clause: Sleep-inducing moves are banned
|clearpoke
|poke|p1|Tyranitar, M|
|poke|p1|Excadrill, M|
|poke|p1|Keldeo-Resolute|
|poke|p1|Tornadus-Therian, M|
|poke|p1|Heatran, F|
|poke|p1|Hydrapple, M|
|poke|p2|Indeedee, M|
|poke|p2|Hatterene, F|
|poke|p2|Polteageist|
|poke|p2|Hoopa-Unbound|
|poke|p2|Deoxys-Speed|
|poke|p2|Great Tusk|
|teampreview
|inactive|Battle timer is ON: inactive players will automatically lose when time's up. (requested by 3idk)
|
|t:|1757935538
|teamsize|p1|6
|teamsize|p2|6
|start
|switch|p1a: Tornadus|Tornadus-Therian, M|100/100
|switch|p2a: Indeedee|Indeedee, M|100/100
|-fieldstart|move: Psychic Terrain|[from] ability: Psychic Surge|[of] p2a: Indeedee
|turn|1
|
|t:|1757935549
|switch|p2a: Hatterene|Hatterene, F|100/100
|move|p1a: Tornadus|U-turn|p2a: Hatterene
|-damage|p2a: Hatterene|89/100
|-enditem|p2a: Hatterene|Eject Button
|j| isaac_lmaoo
|inactive|magikarp soup has 120 seconds left.
|inactive|magikarp soup has 90 seconds left.
|
|t:|1757935610
|switch|p2a: Polteageist|Polteageist|100/100
|
|upkeep
|turn|2
|
|t:|1757935617
|move|p1a: Tornadus|Taunt|p2a: Polteageist
|-start|p2a: Polteageist|move: Taunt
|cant|p2a: Polteageist|move: Taunt|Shell Smash
|
|upkeep
|turn|3
|inactive|magikarp soup has 90 seconds left.
|inactive|magikarp soup has 60 seconds left.
|
|t:|1757935673
|switch|p2a: Great Tusk|Great Tusk|100/100
|-enditem|p2a: Great Tusk|Booster Energy
|-activate|p2a: Great Tusk|ability: Protosynthesis|[fromitem]
|-start|p2a: Great Tusk|protosynthesisspe
|move|p1a: Tornadus|Bleakwind Storm|p2a: Great Tusk|[miss]
|-miss|p1a: Tornadus|p2a: Great Tusk
|
|upkeep
|turn|4
|
|t:|1757935680
|-terastallize|p2a: Great Tusk|Steel
|move|p2a: Great Tusk|Bulk Up|p2a: Great Tusk
|-boost|p2a: Great Tusk|atk|1
|-boost|p2a: Great Tusk|def|1
|move|p1a: Tornadus|Bleakwind Storm|p2a: Great Tusk
|-resisted|p2a: Great Tusk
|-damage|p2a: Great Tusk|75/100
|
|upkeep
|turn|5
|
|t:|1757935685
|move|p2a: Great Tusk|Bulk Up|p2a: Great Tusk
|-boost|p2a: Great Tusk|atk|1
|-boost|p2a: Great Tusk|def|1
|move|p1a: Tornadus|Heat Wave|p2a: Great Tusk
|-supereffective|p2a: Great Tusk
|-damage|p2a: Great Tusk|16/100
|
|upkeep
|turn|6
|
|t:|1757935691
|switch|p1a: Heatran|Heatran, F|100/100
|move|p2a: Great Tusk|Ice Spinner|p1a: Heatran
|-resisted|p1a: Heatran
|-damage|p1a: Heatran|91/100
|-fieldend|move: Psychic Terrain
|
|-heal|p1a: Heatran|97/100|[from] item: Leftovers
|upkeep
|turn|7
|inactive|magikarp soup has 90 seconds left.
|
|t:|1757935701
|switch|p1a: Hydrapple|Hydrapple, M|100/100
|move|p2a: Great Tusk|Headlong Rush|p1a: Hydrapple
|-resisted|p1a: Hydrapple
|-damage|p1a: Hydrapple|73/100
|-unboost|p2a: Great Tusk|def|1
|-unboost|p2a: Great Tusk|spd|1
|-damage|p2a: Great Tusk|0 fnt|[from] item: Rocky Helmet|[of] p1a: Hydrapple
|faint|p2a: Great Tusk
|-end|p2a: Great Tusk|Protosynthesis|[silent]
|
|upkeep
|inactive|magikarp soup has 90 seconds left.
|
|t:|1757935706
|switch|p2a: Indeedee|Indeedee, M|100/100
|-fieldstart|move: Psychic Terrain|[from] ability: Psychic Surge|[of] p2a: Indeedee
|turn|8
|
|t:|1757935711
|switch|p2a: Hoopa|Hoopa-Unbound|100/100
|-enditem|p2a: Hoopa|Psychic Seed
|-boost|p2a: Hoopa|spd|1|[from] item: Psychic Seed
|switch|p1a: Heatran|Heatran, F|97/100
|
|-heal|p1a: Heatran|100/100|[from] item: Leftovers
|upkeep
|turn|9
|inactive|magikarp soup has 90 seconds left.
|
|t:|1757935732
|switch|p1a: Tornadus|Tornadus-Therian, M|100/100
|move|p2a: Hoopa|Trick Room|p2a: Hoopa
|-fieldstart|move: Trick Room|[of] p2a: Hoopa
|
|upkeep
|turn|10
|
|t:|1757935741
|switch|p1a: Tyranitar|Tyranitar, M|100/100
|-weather|Sandstorm|[from] ability: Sand Stream|[of] p1a: Tyranitar
|move|p2a: Hoopa|Hyperspace Fury|p1a: Tyranitar
|-resisted|p1a: Tyranitar
|-damage|p1a: Tyranitar|69/100
|-unboost|p2a: Hoopa|def|1
|-item|p2a: Hoopa|Choice Band|[from] ability: Magician|[of] p1a: Tyranitar
|
|-weather|Sandstorm|[upkeep]
|-damage|p2a: Hoopa|94/100|[from] Sandstorm
|upkeep
|turn|11
|
|t:|1757935749
|switch|p1a: Tornadus|Tornadus-Therian, M|100/100
|move|p2a: Hoopa|Drain Punch|p1a: Tornadus
|-resisted|p1a: Tornadus
|-damage|p1a: Tornadus|72/100
|-heal|p2a: Hoopa|100/100|[from] drain|[of] p1a: Tornadus
|
|-weather|Sandstorm|[upkeep]
|-damage|p2a: Hoopa|94/100|[from] Sandstorm
|-damage|p1a: Tornadus|66/100|[from] Sandstorm
|upkeep
|turn|12
|
|t:|1757935759
|switch|p2a: Hatterene|Hatterene, F|89/100
|switch|p1a: Heatran|Heatran, F|100/100
|
|-weather|Sandstorm|[upkeep]
|-damage|p2a: Hatterene|83/100|[from] Sandstorm
|upkeep
|turn|13
|
|t:|1757935767
|move|p2a: Hatterene|Healing Wish|p2a: Hatterene
|faint|p2a: Hatterene
|move|p1a: Heatran|Magma Storm|p2: Hatterene|[notarget]
|-fail|p1a: Heatran
|
|-weather|Sandstorm|[upkeep]
|-fieldend|move: Trick Room
|upkeep
|
|t:|1757935769
|switch|p2a: Deoxys|Deoxys-Speed|100/100
|-ability|p2a: Deoxys|Pressure
|turn|14
|
|t:|1757935774
|switch|p1a: Tornadus|Tornadus-Therian, M|99/100
|move|p2a: Deoxys|Nasty Plot|p2a: Deoxys
|-boost|p2a: Deoxys|spa|2
|
|-weather|none
|upkeep
|turn|15
|
|t:|1757935782
|switch|p1a: Tyranitar|Tyranitar, M|69/100
|-weather|Sandstorm|[from] ability: Sand Stream|[of] p1a: Tyranitar
|move|p2a: Deoxys|Expanding Force|p1a: Tyranitar
|-immune|p1a: Tyranitar
|
|-weather|Sandstorm|[upkeep]
|-damage|p2a: Deoxys|94/100|[from] Sandstorm
|-fieldend|move: Psychic Terrain
|upkeep
|turn|16
|
|t:|1757935793
|switch|p1a: Tornadus|Tornadus-Therian, M|100/100
|move|p2a: Deoxys|Focus Blast|p1a: Tornadus|[miss]
|-miss|p2a: Deoxys|p1a: Tornadus
|
|-weather|Sandstorm|[upkeep]
|-damage|p2a: Deoxys|88/100|[from] Sandstorm
|-damage|p1a: Tornadus|94/100|[from] Sandstorm
|upkeep
|turn|17
|
|t:|1757935799
|switch|p2a: Indeedee|Indeedee, M|100/100
|-fieldstart|move: Psychic Terrain|[from] ability: Psychic Surge|[of] p2a: Indeedee
|move|p1a: Tornadus|U-turn|p2a: Indeedee
|-supereffective|p2a: Indeedee
|-damage|p2a: Indeedee|62/100
|
|t:|1757935805
|switch|p1a: Tyranitar|Tyranitar, M|69/100|[from] U-turn
|
|-weather|Sandstorm|[upkeep]
|-damage|p2a: Indeedee|55/100|[from] Sandstorm
|upkeep
|turn|18
|
|t:|1757935817
|move|p2a: Indeedee|Expanding Force|p1a: Tyranitar
|-immune|p1a: Tyranitar
|move|p1a: Tyranitar|Knock Off|p2a: Indeedee
|-supereffective|p2a: Indeedee
|-damage|p2a: Indeedee|0 fnt
|-enditem|p2a: Indeedee|Terrain Extender|[from] move: Knock Off|[of] p1a: Tyranitar
|faint|p2a: Indeedee
|
|-weather|Sandstorm|[upkeep]
|upkeep
|
|t:|1757935829
|switch|p2a: Deoxys|Deoxys-Speed|88/100
|-heal|p2a: Deoxys|100/100|[from] move: Healing Wish
|-ability|p2a: Deoxys|Pressure
|turn|19
|
|t:|1757935834
|switch|p1a: Tornadus|Tornadus-Therian, M|100/100
|move|p2a: Deoxys|Nasty Plot|p2a: Deoxys
|-boost|p2a: Deoxys|spa|2
|
|-weather|none
|upkeep
|turn|20
|
|t:|1757935843
|switch|p1a: Tyranitar|Tyranitar, M|69/100
|-weather|Sandstorm|[from] ability: Sand Stream|[of] p1a: Tyranitar
|move|p2a: Deoxys|Expanding Force|p1a: Tyranitar
|-immune|p1a: Tyranitar
|
|-weather|Sandstorm|[upkeep]
|-damage|p2a: Deoxys|94/100|[from] Sandstorm
|upkeep
|turn|21
|
|t:|1757935849
|move|p2a: Deoxys|Focus Blast|p1a: Tyranitar
|-supereffective|p1a: Tyranitar
|-damage|p1a: Tyranitar|0 fnt
|faint|p1a: Tyranitar
|-damage|p2a: Deoxys|84/100|[from] item: Life Orb
|
|-weather|Sandstorm|[upkeep]
|-damage|p2a: Deoxys|78/100|[from] Sandstorm
|upkeep
|
|t:|1757935853
|switch|p1a: Excadrill|Excadrill, M|100/100
|-item|p1a: Excadrill|Air Balloon
|turn|22
|
|t:|1757935857
|move|p1a: Excadrill|Earthquake|p2a: Deoxys
|-damage|p2a: Deoxys|0 fnt
|faint|p2a: Deoxys
|
|-weather|Sandstorm|[upkeep]
|upkeep
|
|t:|1757935860
|switch|p2a: Polteageist|Polteageist|100/100
|turn|23
|
|t:|1757935867
|move|p1a: Excadrill|Earthquake|p2a: Polteageist
|-enditem|p2a: Polteageist|Focus Sash
|-damage|p2a: Polteageist|1/100
|-ability|p2a: Polteageist|Weak Armor|boost
|-unboost|p2a: Polteageist|def|1
|-boost|p2a: Polteageist|spe|2
|move|p2a: Polteageist|Shell Smash|p2a: Polteageist
|-unboost|p2a: Polteageist|def|1
|-unboost|p2a: Polteageist|spd|1
|-boost|p2a: Polteageist|atk|2
|-boost|p2a: Polteageist|spa|2
|-boost|p2a: Polteageist|spe|2
|
|-weather|Sandstorm|[upkeep]
|-damage|p2a: Polteageist|0 fnt|[from] Sandstorm
|faint|p2a: Polteageist
|upkeep
|
|t:|1757935875
|switch|p2a: Hoopa|Hoopa-Unbound|94/100
|turn|24
|
|t:|1757935881
|-terastallize|p1a: Excadrill|Ghost
|move|p1a: Excadrill|Earthquake|p2a: Hoopa
|-damage|p2a: Hoopa|12/100
|move|p2a: Hoopa|Drain Punch|p1a: Excadrill
|-immune|p1a: Excadrill
|
|-weather|none
|-fieldend|move: Psychic Terrain
|upkeep
|turn|25
|-message|magikarp soup forfeited.
|
|win|3idk
|raw|3idk's rating: 1568 &rarr; <strong>1588</strong><br />(+20 for winning)
|raw|magikarp soup's rating: 1574 &rarr; <strong>1554</strong><br />(-20 for losing)
|l|☆magikarp soup
|player|p2|
|l| isaac_lmaoo
