|j|☆Vibravva
|j|☆smurtgurt
|t:|1757833946
|gametype|singles
|player|p1|Vibravva|102|1145
|player|p2|smurtgurt|unknown|1235
|gen|9
|tier|[Gen 9] OU
|rated|
|rule|HP Percentage Mod: HP is shown in percentages
|rule|Endless Battle Clause: Forcing endless battles is banned
|rule|Species Clause: Limit one of each Pokémon
|rule|OHKO Clause: OHKO moves are banned
|rule|Evasion Items Clause: Evasion items are banned
|rule|Evasion Moves Clause: Evasion moves are banned
|rule|Evasion Abilities Clause: Evasion abilities are banned
|rule|Sleep Moves Clause: Sleep-inducing moves are banned
|clearpoke
|poke|p1|Torkoal, F|
|poke|p1|Lilligant-Hisui, F|
|poke|p1|Ceruledge, F|
|poke|p1|Great Tusk|
|poke|p1|Venusaur, F|
|poke|p1|Raging Bolt|
|poke|p2|Tyranitar, F|
|poke|p2|Vikavolt, M|
|poke|p2|Diancie|
|poke|p2|Clodsire, M|
|poke|p2|Mew|
|poke|p2|Glimmora, F|
|teampreview
|
|t:|1757833960
|teamsize|p1|6
|teamsize|p2|6
|start
|switch|p1a: Torkoal|Torkoal, F|100/100
|switch|p2a: Diancie|Diancie|100/100
|-weather|SunnyDay|[from] ability: Drought|[of] p1a: Torkoal
|turn|1
|inactive|Battle timer is ON: inactive players will automatically lose when time's up. (requested by smurtgurt)
|
|t:|1757833970
|move|p1a: Torkoal|Earthquake|p2a: Diancie
|-supereffective|p2a: Diancie
|-damage|p2a: Diancie|61/100
|move|p2a: Diancie|Trick Room|p2a: Diancie
|-fieldstart|move: Trick Room|[of] p2a: Diancie
|
|-weather|SunnyDay|[upkeep]
|upkeep
|turn|2
|
|t:|1757833978
|move|p1a: Torkoal|Earthquake|p2a: Diancie
|-supereffective|p2a: Diancie
|-damage|p2a: Diancie|24/100
|move|p2a: Diancie|Meteor Beam||[still]
|-prepare|p2a: Diancie|Meteor Beam
|-boost|p2a: Diancie|spa|1
|-enditem|p2a: Diancie|Power Herb
|-anim|p2a: Diancie|Meteor Beam|p1a: Torkoal
|-supereffective|p1a: Torkoal
|-damage|p1a: Torkoal|0 fnt
|faint|p1a: Torkoal
|
|-weather|SunnyDay|[upkeep]
|upkeep
|
|t:|1757833996
|switch|p1a: Ceruledge|Ceruledge, F|100/100
|turn|3
|
|t:|1757834000
|move|p1a: Ceruledge|Shadow Sneak|p2a: Diancie
|-damage|p2a: Diancie|6/100
|move|p2a: Diancie|Earth Power|p1a: Ceruledge
|-supereffective|p1a: Ceruledge
|-enditem|p1a: Ceruledge|Focus Sash
|-damage|p1a: Ceruledge|1/100
|
|-weather|SunnyDay|[upkeep]
|upkeep
|turn|4
|
|t:|1757834007
|switch|p2a: Tyranitar|Tyranitar, F|100/100
|-weather|Sandstorm|[from] ability: Sand Stream|[of] p2a: Tyranitar
|move|p1a: Ceruledge|Shadow Sneak|p2a: Tyranitar
|-resisted|p2a: Tyranitar
|-damage|p2a: Tyranitar|94/100
|
|-weather|Sandstorm|[upkeep]
|-damage|p1a: Ceruledge|0 fnt|[from] Sandstorm
|faint|p1a: Ceruledge
|-heal|p2a: Tyranitar|99/100|[from] item: Leftovers
|upkeep
|
|t:|1757834011
|switch|p1a: Raging Bolt|Raging Bolt|100/100
|turn|5
|
|t:|1757834017
|move|p2a: Tyranitar|Knock Off|p1a: Raging Bolt
|-damage|p1a: Raging Bolt|63/100
|-enditem|p1a: Raging Bolt|Leftovers|[from] move: Knock Off|[of] p2a: Tyranitar
|move|p1a: Raging Bolt|Sunny Day|p1a: Raging Bolt
|-weather|SunnyDay
|-activate|p1a: Raging Bolt|ability: Protosynthesis
|-start|p1a: Raging Bolt|protosynthesisspa
|
|-weather|SunnyDay|[upkeep]
|-heal|p2a: Tyranitar|100/100|[from] item: Leftovers
|-fieldend|move: Trick Room
|upkeep
|turn|6
|
|t:|1757834036
|move|p1a: Raging Bolt|Draco Meteor|p2a: Tyranitar
|-damage|p2a: Tyranitar|28/100
|-unboost|p1a: Raging Bolt|spa|2
|move|p2a: Tyranitar|Stealth Rock|p1a: Raging Bolt
|-sidestart|p1: Vibravva|move: Stealth Rock
|
|-weather|SunnyDay|[upkeep]
|-heal|p2a: Tyranitar|34/100|[from] item: Leftovers
|upkeep
|turn|7
|
|t:|1757834043
|switch|p2a: Diancie|Diancie|6/100
|move|p1a: Raging Bolt|Draco Meteor|p2a: Diancie
|-immune|p2a: Diancie
|
|-weather|SunnyDay|[upkeep]
|upkeep
|turn|8
|
|t:|1757834050
|move|p1a: Raging Bolt|Thunderbolt|p2a: Diancie
|-damage|p2a: Diancie|0 fnt
|faint|p2a: Diancie
|
|-weather|SunnyDay|[upkeep]
|upkeep
|
|t:|1757834053
|switch|p2a: Tyranitar|Tyranitar, F|34/100
|-weather|Sandstorm|[from] ability: Sand Stream|[of] p2a: Tyranitar
|-end|p1a: Raging Bolt|Protosynthesis
|turn|9
|
|t:|1757834065
|move|p1a: Raging Bolt|Sunny Day|p1a: Raging Bolt
|-weather|SunnyDay
|-activate|p1a: Raging Bolt|ability: Protosynthesis
|-start|p1a: Raging Bolt|protosynthesisdef
|move|p2a: Tyranitar|Roar|p1a: Raging Bolt
|-end|p1a: Raging Bolt|Protosynthesis|[silent]
|drag|p1a: Lilligant|Lilligant-Hisui, F, shiny|100/100
|-damage|p1a: Lilligant|94/100|[from] Stealth Rock
|
|-weather|SunnyDay|[upkeep]
|-heal|p2a: Tyranitar|41/100|[from] item: Leftovers
|upkeep
|turn|10
|
|t:|1757834079
|switch|p2a: Vikavolt|Vikavolt, M|100/100
|move|p1a: Lilligant|Victory Dance|p1a: Lilligant
|-boost|p1a: Lilligant|atk|1
|-boost|p1a: Lilligant|def|1
|-boost|p1a: Lilligant|spe|1
|
|-weather|SunnyDay|[upkeep]
|upkeep
|turn|11
|
|t:|1757834091
|-terastallize|p1a: Lilligant|Stellar
|move|p1a: Lilligant|Ice Spinner|p2a: Vikavolt
|-damage|p2a: Vikavolt|41/100
|-damage|p1a: Lilligant|84/100|[from] item: Life Orb
|move|p2a: Vikavolt|Bug Buzz|p1a: Lilligant
|-damage|p1a: Lilligant|0 fnt
|faint|p1a: Lilligant
|
|-weather|SunnyDay|[upkeep]
|upkeep
|-message|Vibravva forfeited.
|
|win|smurtgurt
|raw|Vibravva's rating: 1145 &rarr; <strong>1126</strong><br />(-19 for losing)
|raw|smurtgurt's rating: 1235 &rarr; <strong>1254</strong><br />(+19 for winning)
|l|☆Vibravva
|player|p1|
|l|☆smurtgurt
|player|p2|
