|j|‽jibreel69
|j|☆powerishunger
|t:|1757951165
|gametype|singles
|player|p1|jibreel69|102|1416
|player|p2|powerishunger|169|1461
|gen|9
|tier|[Gen 9] OU
|rated|
|rule|HP Percentage Mod: HP is shown in percentages
|rule|Endless Battle Clause: Forcing endless battles is banned
|rule|Species Clause: Limit one of each Pokémon
|rule|OHKO Clause: OHKO moves are banned
|rule|Evasion Items Clause: Evasion items are banned
|rule|Evasion Moves Clause: Evasion moves are banned
|rule|Evasion Abilities Clause: Evasion abilities are banned
|rule|Sleep Moves Clause: Sleep-inducing moves are banned
|clearpoke
|poke|p1|Iron Moth|
|poke|p1|Ting-Lu|
|poke|p1|Torkoal, F|
|poke|p1|Walking Wake|
|poke|p1|Great Tusk|
|poke|p1|Slither Wing|
|poke|p2|Great Tusk|
|poke|p2|Heatran, M|
|poke|p2|Weavile, M|
|poke|p2|Primarina, M|
|poke|p2|Ogerpon, F|
|poke|p2|Pecharunt|
|teampreview
|
|t:|1757951235
|teamsize|p1|6
|teamsize|p2|6
|start
|switch|p1a: Ting-Lu|Ting-Lu|100/100
|switch|p2a: Bandit|Weavile, M, shiny|100/100
|-ability|p2a: Bandit|Pressure
|-ability|p1a: Ting-Lu|Vessel of Ruin
|turn|1
|inactive|Battle timer is ON: inactive players will automatically lose when time's up. (requested by powerishunger)
|
|t:|1757951245
|switch|p1a: Slither Wing|Slither Wing|100/100
|move|p2a: Bandit|Knock Off|p1a: Slither Wing
|-resisted|p1a: Slither Wing
|-damage|p1a: Slither Wing|55/100
|-enditem|p1a: Slither Wing|Choice Band|[from] move: Knock Off|[of] p2a: Bandit
|
|upkeep
|turn|2
|
|t:|1757951254
|switch|p2a: Overseer|Pecharunt|100/100
|-end|p1a: Slither Wing|Protosynthesis|[silent]
|switch|p1a: Ting-Lu|Ting-Lu|100/100
|-ability|p1a: Ting-Lu|Vessel of Ruin
|
|upkeep
|turn|3
|
|t:|1757951279
|move|p2a: Overseer|Parting Shot|p1a: Ting-Lu
|-unboost|p1a: Ting-Lu|atk|1
|-unboost|p1a: Ting-Lu|spa|1
|
|t:|1757951282
|switch|p2a: Bandit|Weavile, M, shiny|100/100|[from] Parting Shot
|-ability|p2a: Bandit|Pressure
|move|p1a: Ting-Lu|Spikes|p2a: Bandit
|-sidestart|p2: powerishunger|Spikes
|
|upkeep
|turn|4
|
|t:|1757951298
|switch|p1a: Torkoal|Torkoal, F|100/100
|-weather|SunnyDay|[from] ability: Drought|[of] p1a: Torkoal
|move|p2a: Bandit|Triple Axel|p1a: Torkoal
|-resisted|p1a: Torkoal
|-damage|p1a: Torkoal|96/100
|-resisted|p1a: Torkoal
|-damage|p1a: Torkoal|87/100
|-resisted|p1a: Torkoal
|-damage|p1a: Torkoal|74/100
|-hitcount|p1a: Torkoal|3
|
|-weather|SunnyDay|[upkeep]
|upkeep
|turn|5
|
|t:|1757951310
|switch|p2a: Celestine|Primarina, M, shiny|100/100
|-damage|p2a: Celestine|88/100|[from] Spikes
|move|p1a: Torkoal|Stealth Rock|p2a: Celestine
|-sidestart|p2: powerishunger|move: Stealth Rock
|
|-weather|SunnyDay|[upkeep]
|upkeep
|turn|6
|
|t:|1757951333
|switch|p1a: Ting-Lu|Ting-Lu|100/100
|-ability|p1a: Ting-Lu|Vessel of Ruin
|move|p2a: Celestine|Whirlpool|p1a: Ting-Lu
|-supereffective|p1a: Ting-Lu
|-damage|p1a: Ting-Lu|93/100
|-activate|p1a: Ting-Lu|move: Whirlpool|[of] p2a: Celestine
|
|-weather|SunnyDay|[upkeep]
|-damage|p1a: Ting-Lu|81/100|[from] move: Whirlpool|[partiallytrapped]
|upkeep
|turn|7
|
|t:|1757951342
|move|p2a: Celestine|Flip Turn|p1a: Ting-Lu
|-supereffective|p1a: Ting-Lu
|-damage|p1a: Ting-Lu|74/100
|-damage|p2a: Celestine|72/100|[from] item: Rocky Helmet|[of] p1a: Ting-Lu
|
|t:|1757951346
|switch|p2a: Behemoth|Great Tusk, shiny|100/100|[from] Flip Turn
|-activate|p2a: Behemoth|ability: Protosynthesis
|-start|p2a: Behemoth|protosynthesisatk
|move|p1a: Ting-Lu|Earthquake|p2a: Behemoth
|-damage|p2a: Behemoth|75/100
|
|-weather|SunnyDay|[upkeep]
|-end|p1a: Ting-Lu|Whirlpool|[partiallytrapped]|[silent]
|upkeep
|turn|8
|
|t:|1757951357
|-terastallize|p1a: Ting-Lu|Ghost
|move|p2a: Behemoth|Rapid Spin|p1a: Ting-Lu
|-immune|p1a: Ting-Lu
|move|p1a: Ting-Lu|Spikes|p2a: Behemoth
|-sidestart|p2: powerishunger|Spikes
|
|-weather|SunnyDay|[upkeep]
|upkeep
|turn|9
|
|t:|1757951363
|-terastallize|p2a: Behemoth|Ground
|move|p2a: Behemoth|Headlong Rush|p1a: Ting-Lu
|-damage|p1a: Ting-Lu|17/100
|-unboost|p2a: Behemoth|def|1
|-unboost|p2a: Behemoth|spd|1
|-damage|p2a: Behemoth|59/100|[from] item: Rocky Helmet|[of] p1a: Ting-Lu
|move|p1a: Ting-Lu|Whirlwind|p2a: Behemoth
|-end|p2a: Behemoth|Protosynthesis|[silent]
|drag|p2a: Celestine|Primarina, M, shiny|72/100
|-damage|p2a: Celestine|55/100|[from] Spikes
|-damage|p2a: Celestine|43/100|[from] Stealth Rock
|
|-weather|SunnyDay|[upkeep]
|upkeep
|turn|10
|
|t:|1757951373
|move|p2a: Celestine|Moonblast|p1a: Ting-Lu
|-damage|p1a: Ting-Lu|0 fnt
|faint|p1a: Ting-Lu
|
|-weather|SunnyDay|[upkeep]
|upkeep
|
|t:|1757951384
|switch|p1a: Iron Moth|Iron Moth|100/100
|turn|11
|
|t:|1757951397
|move|p1a: Iron Moth|Psychic|p2a: Celestine
|-damage|p2a: Celestine|16/100
|move|p2a: Celestine|Psychic Noise|p1a: Iron Moth
|-supereffective|p1a: Iron Moth
|-damage|p1a: Iron Moth|62/100
|-start|p1a: Iron Moth|move: Heal Block
|
|-weather|none
|upkeep
|turn|12
|
|t:|1757951403
|move|p1a: Iron Moth|Psychic|p2a: Celestine
|-damage|p2a: Celestine|0 fnt
|faint|p2a: Celestine
|
|-end|p1a: Iron Moth|move: Heal Block
|upkeep
|
|t:|1757951414
|switch|p2a: Chaos|Heatran, M, shiny|100/100
|-damage|p2a: Chaos|88/100|[from] Stealth Rock
|-item|p2a: Chaos|Air Balloon
|turn|13
|
|t:|1757951422
|-end|p1a: Iron Moth|Quark Drive|[silent]
|switch|p1a: Walking Wake|Walking Wake|100/100
|move|p2a: Chaos|Earth Power|p1a: Walking Wake
|-damage|p1a: Walking Wake|64/100
|
|upkeep
|turn|14
|
|t:|1757951449
|-end|p1a: Walking Wake|Protosynthesis|[silent]
|switch|p1a: Slither Wing|Slither Wing|55/100
|move|p2a: Chaos|Stealth Rock|p1a: Slither Wing
|-sidestart|p1: jibreel69|move: Stealth Rock
|
|upkeep
|turn|15
|
|t:|1757951457
|switch|p2a: Overseer|Pecharunt|100/100
|-damage|p2a: Overseer|84/100|[from] Spikes
|-damage|p2a: Overseer|71/100|[from] Stealth Rock
|move|p1a: Slither Wing|U-turn|p2a: Overseer
|-resisted|p2a: Overseer
|-damage|p2a: Overseer|67/100
|-damage|p1a: Slither Wing|39/100|[from] item: Rocky Helmet|[of] p2a: Overseer
|
|t:|1757951469
|-end|p1a: Slither Wing|Protosynthesis|[silent]
|switch|p1a: Great Tusk|Great Tusk|100/100|[from] U-turn
|
|upkeep
|turn|16
|
|t:|1757951473
|move|p1a: Great Tusk|Rapid Spin|p2a: Overseer
|-immune|p2a: Overseer
|move|p2a: Overseer|Malignant Chain|p1a: Great Tusk
|-resisted|p1a: Great Tusk
|-damage|p1a: Great Tusk|81/100
|-status|p1a: Great Tusk|tox
|-start|p1a: Great Tusk|confusion|[from] ability: Poison Puppeteer|[of] p2a: Overseer
|
|-damage|p1a: Great Tusk|75/100 tox|[from] psn
|upkeep
|turn|17
|
|t:|1757951479
|-activate|p1a: Great Tusk|confusion
|move|p1a: Great Tusk|Rapid Spin|p2a: Overseer
|-immune|p2a: Overseer
|move|p2a: Overseer|Recover|p2a: Overseer
|-heal|p2a: Overseer|100/100
|
|-damage|p1a: Great Tusk|62/100 tox|[from] psn
|upkeep
|turn|18
|
|t:|1757951485
|-activate|p1a: Great Tusk|confusion
|-damage|p1a: Great Tusk|55/100 tox|[from] confusion
|move|p2a: Overseer|Hex|p1a: Great Tusk
|-damage|p1a: Great Tusk|0 fnt
|faint|p1a: Great Tusk
|-end|p1a: Great Tusk|Protosynthesis|[silent]
|
|upkeep
|
|t:|1757951488
|switch|p1a: Iron Moth|Iron Moth|62/100
|-damage|p1a: Iron Moth|37/100|[from] Stealth Rock
|turn|19
|
|t:|1757951494
|switch|p2a: Chaos|Heatran, M, shiny|88/100
|-damage|p2a: Chaos|76/100|[from] Stealth Rock
|-item|p2a: Chaos|Air Balloon
|move|p1a: Iron Moth|Fiery Dance|p2a: Chaos
|-damage|p2a: Chaos|10/100
|-enditem|p2a: Chaos|Air Balloon
|
|upkeep
|turn|20
|inactive|powerishunger has 120 seconds left.
|
|t:|1757951536
|move|p1a: Iron Moth|Fiery Dance|p2a: Chaos
|-damage|p2a: Chaos|0 fnt
|faint|p2a: Chaos
|
|upkeep
|
|t:|1757951543
|switch|p2a: Bandit|Weavile, M, shiny|100/100
|-damage|p2a: Bandit|84/100|[from] Spikes
|-damage|p2a: Bandit|59/100|[from] Stealth Rock
|-ability|p2a: Bandit|Pressure
|turn|21
|
|t:|1757951555
|move|p2a: Bandit|Knock Off|p1a: Iron Moth
|-damage|p1a: Iron Moth|0 fnt
|-enditem|p1a: Iron Moth|Choice Specs|[from] move: Knock Off|[of] p2a: Bandit
|faint|p1a: Iron Moth
|-end|p1a: Iron Moth|Quark Drive|[silent]
|
|upkeep
|
|t:|1757951562
|switch|p1a: Torkoal|Torkoal, F|74/100
|-damage|p1a: Torkoal|49/100|[from] Stealth Rock
|-weather|SunnyDay|[from] ability: Drought|[of] p1a: Torkoal
|turn|22
|
|t:|1757951567
|move|p2a: Bandit|Knock Off|p1a: Torkoal
|-damage|p1a: Torkoal|10/100
|-enditem|p1a: Torkoal|Heat Rock|[from] move: Knock Off|[of] p2a: Bandit
|move|p1a: Torkoal|Lava Plume|p2a: Bandit
|-supereffective|p2a: Bandit
|-damage|p2a: Bandit|0 fnt
|faint|p2a: Bandit
|
|-weather|SunnyDay|[upkeep]
|upkeep
|
|t:|1757951573
|switch|p2a: Behemoth|Great Tusk, shiny, tera:Ground|59/100
|-activate|p2a: Behemoth|ability: Protosynthesis
|-start|p2a: Behemoth|protosynthesisatk
|turn|23
|
|t:|1757951584
|move|p2a: Behemoth|Rapid Spin|p1a: Torkoal
|-damage|p1a: Torkoal|0 fnt
|-boost|p2a: Behemoth|spe|1
|-sideend|p2: powerishunger|Spikes|[from] move: Rapid Spin|[of] p2a: Behemoth
|-sideend|p2: powerishunger|Stealth Rock|[from] move: Rapid Spin|[of] p2a: Behemoth
|faint|p1a: Torkoal
|
|-weather|SunnyDay|[upkeep]
|upkeep
|
|t:|1757951587
|switch|p1a: Walking Wake|Walking Wake|64/100
|-damage|p1a: Walking Wake|52/100|[from] Stealth Rock
|-activate|p1a: Walking Wake|ability: Protosynthesis
|-start|p1a: Walking Wake|protosynthesisspe
|turn|24
|
|t:|1757951594
|move|p1a: Walking Wake|Hydro Steam|p2a: Behemoth
|-supereffective|p2a: Behemoth
|-crit|p2a: Behemoth
|-damage|p2a: Behemoth|0 fnt
|faint|p2a: Behemoth
|-end|p2a: Behemoth|Protosynthesis|[silent]
|
|-weather|SunnyDay|[upkeep]
|upkeep
|
|t:|1757951601
|switch|p2a: Anonymous|Ogerpon, F|100/100
|turn|25
|
|t:|1757951606
|-end|p1a: Walking Wake|Protosynthesis|[silent]
|switch|p1a: Slither Wing|Slither Wing|39/100
|-damage|p1a: Slither Wing|26/100|[from] Stealth Rock
|-activate|p1a: Slither Wing|ability: Protosynthesis
|-start|p1a: Slither Wing|protosynthesisatk
|move|p2a: Anonymous|Ivy Cudgel|p1a: Slither Wing
|-resisted|p1a: Slither Wing
|-damage|p1a: Slither Wing|0 fnt
|faint|p1a: Slither Wing
|-end|p1a: Slither Wing|Protosynthesis|[silent]
|
|-weather|SunnyDay|[upkeep]
|upkeep
|
|t:|1757951609
|switch|p1a: Walking Wake|Walking Wake|52/100
|-damage|p1a: Walking Wake|40/100|[from] Stealth Rock
|-activate|p1a: Walking Wake|ability: Protosynthesis
|-start|p1a: Walking Wake|protosynthesisspe
|turn|26
|
|t:|1757951618
|switch|p2a: Overseer|Pecharunt|100/100
|move|p1a: Walking Wake|Flamethrower|p2a: Overseer
|-damage|p2a: Overseer|33/100
|
|-weather|SunnyDay|[upkeep]
|upkeep
|turn|27
|
|t:|1757951626
|move|p1a: Walking Wake|Flamethrower|p2a: Overseer
|-damage|p2a: Overseer|0 fnt
|faint|p2a: Overseer
|
|-weather|SunnyDay|[upkeep]
|upkeep
|
|t:|1757951628
|switch|p2a: Anonymous|Ogerpon, F|100/100
|turn|28
|
|t:|1757951634
|move|p1a: Walking Wake|Flamethrower|p2a: Anonymous
|-supereffective|p2a: Anonymous
|-damage|p2a: Anonymous|0 fnt
|faint|p2a: Anonymous
|
|win|jibreel69
|raw|jibreel69's rating: 1416 &rarr; <strong>1439</strong><br />(+23 for winning)
|raw|powerishunger's rating: 1461 &rarr; <strong>1438</strong><br />(-23 for losing)
|l|☆powerishunger
|player|p2|
