|j|☆Hurdiid
|j|☆wdivinity
|t:|1757874411
|gametype|singles
|player|p1|Hurdiid|ruinmaniac|1176
|player|p2|wdivinity|guitarist|1156
|gen|9
|tier|[Gen 9] OU
|rated|
|rule|HP Percentage Mod: HP is shown in percentages
|rule|Endless Battle Clause: Forcing endless battles is banned
|rule|Species Clause: Limit one of each Pokémon
|rule|OHKO Clause: OHKO moves are banned
|rule|Evasion Items Clause: Evasion items are banned
|rule|Evasion Moves Clause: Evasion moves are banned
|rule|Evasion Abilities Clause: Evasion abilities are banned
|rule|Sleep Moves Clause: Sleep-inducing moves are banned
|clearpoke
|poke|p1|Armarouge, M|
|poke|p1|Slowking-Galar, F|
|poke|p1|Iron Thorns|
|poke|p1|Great Tusk|
|poke|p1|Yanmega, M|
|poke|p1|Ribombee, F|
|poke|p2|Tornadus, M|
|poke|p2|Toxtricity, M|
|poke|p2|Iron Valiant|
|poke|p2|Flapple, M|
|poke|p2|Brambleghast, M|
|poke|p2|Hydreigon, M|
|teampreview
|inactive|Battle timer is ON: inactive players will automatically lose when time's up. (requested by wdivinity)
|
|t:|1757874425
|teamsize|p1|6
|teamsize|p2|6
|start
|switch|p1a: Slowking|Slowking-Galar, F|100/100
|switch|p2a: Son Goku|Tornadus, M, shiny|100/100
|turn|1
|
|t:|1757874437
|move|p2a: Son Goku|Taunt|p1a: Slowking
|-start|p1a: Slowking|move: Taunt
|move|p1a: Slowking|Future Sight|p2a: Son Goku
|-start|p1a: Slowking|move: Future Sight
|
|upkeep
|turn|2
|
|t:|1757874443
|move|p2a: Son Goku|Tailwind|p2a: Son Goku
|-sidestart|p2: wdivinity|move: Tailwind
|move|p1a: Slowking|Sludge Wave|p2a: Son Goku
|-damage|p2a: Son Goku|42/100
|-enditem|p2a: Son Goku|Eject Button
|
|t:|1757874451
|switch|p2a: Orocchi|Hydreigon, M, shiny|100/100
|
|upkeep
|turn|3
|
|t:|1757874454
|move|p2a: Orocchi|Draco Meteor|p1a: Slowking
|-damage|p1a: Slowking|67/100
|-unboost|p2a: Orocchi|spa|2
|-enditem|p2a: Orocchi|Eject Pack
|
|t:|1757874467
|switch|p2a: Spike Spiegel|Brambleghast, M, shiny|100/100
|-ability|p2a: Spike Spiegel|Wind Rider|boost
|-boost|p2a: Spike Spiegel|atk|1
|move|p1a: Slowking|Sludge Wave|p2a: Spike Spiegel
|-damage|p2a: Spike Spiegel|22/100
|
|-end|p2a: Spike Spiegel|move: Future Sight
|-damage|p2a: Spike Spiegel|0 fnt
|faint|p2a: Spike Spiegel
|-end|p1a: Slowking|move: Taunt
|upkeep
|
|t:|1757874476
|switch|p2a: Bocchi the rock !!|Toxtricity, M, shiny|100/100
|turn|4
|
|t:|1757874478
|-terastallize|p2a: Bocchi the rock !!|Normal
|move|p2a: Bocchi the rock !!|Boomburst|p1a: Slowking
|-damage|p1a: Slowking|0 fnt
|faint|p1a: Slowking
|
|upkeep
|
|t:|1757874485
|switch|p1a: Iron Thorns|Iron Thorns|100/100
|turn|5
|
|t:|1757874488
|move|p2a: Bocchi the rock !!|Boomburst|p1a: Iron Thorns
|-resisted|p1a: Iron Thorns
|-damage|p1a: Iron Thorns|20/100
|move|p1a: Iron Thorns|Dragon Dance|p1a: Iron Thorns
|-boost|p1a: Iron Thorns|atk|1
|-boost|p1a: Iron Thorns|spe|1
|
|-heal|p1a: Iron Thorns|27/100|[from] item: Leftovers
|-sideend|p2: wdivinity|move: Tailwind
|upkeep
|turn|6
|
|t:|1757874490
|move|p1a: Iron Thorns|Supercell Slam|p2a: Bocchi the rock !!
|-damage|p2a: Bocchi the rock !!|0 fnt
|faint|p2a: Bocchi the rock !!
|
|-heal|p1a: Iron Thorns|33/100|[from] item: Leftovers
|upkeep
|
|t:|1757874494
|switch|p2a: Son Goku|Tornadus, M, shiny|42/100
|turn|7
|
|t:|1757874501
|move|p2a: Son Goku|Tailwind|p2a: Son Goku
|-sidestart|p2: wdivinity|move: Tailwind
|move|p1a: Iron Thorns|Ice Punch|p2a: Son Goku
|-supereffective|p2a: Son Goku
|-damage|p2a: Son Goku|0 fnt
|faint|p2a: Son Goku
|
|-heal|p1a: Iron Thorns|39/100|[from] item: Leftovers
|upkeep
|
|t:|1757874516
|switch|p2a: Lelouch|Iron Valiant, shiny|100/100
|turn|8
|
|t:|1757874521
|-terastallize|p1a: Iron Thorns|Flying
|move|p2a: Lelouch|Vacuum Wave|p1a: Iron Thorns
|-resisted|p1a: Iron Thorns
|-damage|p1a: Iron Thorns|22/100
|move|p1a: Iron Thorns|Tera Blast|p2a: Lelouch|[anim] Tera Blast Flying
|-supereffective|p2a: Lelouch
|-damage|p2a: Lelouch|0 fnt
|faint|p2a: Lelouch
|-end|p2a: Lelouch|Quark Drive|[silent]
|
|-heal|p1a: Iron Thorns|28/100|[from] item: Leftovers
|upkeep
|
|t:|1757874528
|switch|p2a: Ryuk|Flapple, M, shiny|100/100
|turn|9
|
|t:|1757874531
|move|p2a: Ryuk|Outrage|p1a: Iron Thorns
|-damage|p1a: Iron Thorns|0 fnt
|faint|p1a: Iron Thorns
|-end|p1a: Iron Thorns|Quark Drive|[silent]
|
|upkeep
|
|t:|1757874534
|switch|p1a: Ribombee|Ribombee, F|100/100
|turn|10
|
|t:|1757874537
|move|p2a: Ryuk|Outrage|p1a: Ribombee|[from] lockedmove
|-immune|p1a: Ribombee
|move|p1a: Ribombee|Moonblast|p2a: Ryuk
|-supereffective|p2a: Ryuk
|-damage|p2a: Ryuk|0 fnt
|faint|p2a: Ryuk
|
|-sideend|p2: wdivinity|move: Tailwind
|upkeep
|
|t:|1757874539
|switch|p2a: Orocchi|Hydreigon, M, shiny|100/100
|turn|11
|
|t:|1757874543
|move|p1a: Ribombee|Moonblast|p2a: Orocchi
|-supereffective|p2a: Orocchi
|-damage|p2a: Orocchi|0 fnt
|faint|p2a: Orocchi
|
|win|Hurdiid
|raw|Hurdiid's rating: 1176 &rarr; <strong>1200</strong><br />(+24 for winning)
|raw|wdivinity's rating: 1156 &rarr; <strong>1132</strong><br />(-24 for losing)
|l|☆Hurdiid
|player|p1|
|l|☆wdivinity
|player|p2|
