|j|☆Lulleydon
|j|☆Red Icigool
|t:|1757785639
|gametype|singles
|player|p1|Lulleydon|265|1347
|player|p2|Red Icigool|swimmerf-gen4|1315
|gen|9
|tier|[Gen 9] OU
|rated|
|rule|HP Percentage Mod: HP is shown in percentages
|rule|Endless Battle Clause: Forcing endless battles is banned
|rule|Species Clause: Limit one of each Pokémon
|rule|OHKO Clause: OHKO moves are banned
|rule|Evasion Items Clause: Evasion items are banned
|rule|Evasion Moves Clause: Evasion moves are banned
|rule|Evasion Abilities Clause: Evasion abilities are banned
|rule|Sleep Moves Clause: Sleep-inducing moves are banned
|clearpoke
|poke|p1|Garganacl, M|
|poke|p1|Hippowdon, M|
|poke|p1|Houndstone, M|
|poke|p1|Corviknight, M|
|poke|p1|Minior|
|poke|p1|Reuniclus, M|
|poke|p2|Maushold-Four|
|poke|p2|Iron Moth|
|poke|p2|Scizor, F|
|poke|p2|Lokix, F|
|poke|p2|Primarina, F|
|poke|p2|Alomomola, M|
|teampreview
|inactive|Battle timer is ON: inactive players will automatically lose when time's up. (requested by Lulleydon)
|
|t:|1757785656
|teamsize|p1|6
|teamsize|p2|6
|start
|switch|p1a: Hippowdon|Hippowdon, M, shiny|100/100
|switch|p2a: Chara|Primarina, F, shiny|100/100
|-weather|Sandstorm|[from] ability: Sand Stream|[of] p1a: Hippowdon
|turn|1
|
|t:|1757785679
|switch|p1a: Reuniclus|Reuniclus, M, shiny|100/100
|move|p2a: Chara|Surf|p1a: Reuniclus
|-damage|p1a: Reuniclus|64/100
|
|-weather|Sandstorm|[upkeep]
|-damage|p2a: Chara|94/100|[from] Sandstorm
|upkeep
|turn|2
|
|t:|1757785692
|switch|p2a: Kita|Scizor, F, shiny|100/100
|move|p1a: Reuniclus|Trick|p2a: Kita
|-activate|p1a: Reuniclus|move: Trick|[of] p2a: Kita
|-item|p2a: Kita|Choice Specs|[from] move: Trick
|-item|p1a: Reuniclus|Leftovers|[from] move: Trick
|
|-weather|Sandstorm|[upkeep]
|-heal|p1a: Reuniclus|71/100|[from] item: Leftovers
|upkeep
|turn|3
|
|t:|1757785704
|switch|p1a: Corviknight|Corviknight, M, shiny|100/100
|-ability|p1a: Corviknight|Pressure
|move|p2a: Kita|U-turn|p1a: Corviknight
|-resisted|p1a: Corviknight
|-damage|p1a: Corviknight|95/100
|-damage|p2a: Kita|84/100|[from] item: Rocky Helmet|[of] p1a: Corviknight
|
|t:|1757785714
|switch|p2a: Chara|Primarina, F, shiny|94/100|[from] U-turn
|
|-weather|Sandstorm|[upkeep]
|-damage|p2a: Chara|88/100|[from] Sandstorm
|upkeep
|turn|4
|
|t:|1757785725
|switch|p1a: Reuniclus|Reuniclus, M, shiny|71/100
|move|p2a: Chara|Moonblast|p1a: Reuniclus
|-damage|p1a: Reuniclus|26/100
|
|-weather|Sandstorm|[upkeep]
|-damage|p2a: Chara|82/100|[from] Sandstorm
|-heal|p1a: Reuniclus|32/100|[from] item: Leftovers
|upkeep
|turn|5
|
|t:|1757785737
|switch|p1a: Garganacl|Garganacl, M, shiny|100/100
|move|p2a: Chara|Moonblast|p1a: Garganacl
|-damage|p1a: Garganacl|74/100
|
|-weather|Sandstorm|[upkeep]
|-damage|p2a: Chara|76/100|[from] Sandstorm
|-heal|p1a: Garganacl|80/100|[from] item: Leftovers
|upkeep
|turn|6
|
|t:|1757785743
|switch|p2a: Kita|Scizor, F, shiny|84/100
|move|p1a: Garganacl|Salt Cure|p2a: Kita
|-damage|p2a: Kita|71/100
|-start|p2a: Kita|Salt Cure
|
|-weather|Sandstorm|[upkeep]
|-heal|p1a: Garganacl|87/100|[from] item: Leftovers
|-damage|p2a: Kita|46/100|[from] Salt Cure
|upkeep
|turn|7
|
|t:|1757785750
|switch|p1a: Corviknight|Corviknight, M, shiny|95/100
|-ability|p1a: Corviknight|Pressure
|move|p2a: Kita|Bullet Punch|p1a: Corviknight
|-resisted|p1a: Corviknight
|-damage|p1a: Corviknight|84/100
|-damage|p2a: Kita|29/100|[from] item: Rocky Helmet|[of] p1a: Corviknight
|
|-weather|Sandstorm|[upkeep]
|-damage|p2a: Kita|4/100|[from] Salt Cure
|upkeep
|turn|8
|
|t:|1757785773
|move|p2a: Kita|Bullet Punch|p1a: Corviknight
|-resisted|p1a: Corviknight
|-damage|p1a: Corviknight|75/100
|-damage|p2a: Kita|0 fnt|[from] item: Rocky Helmet|[of] p1a: Corviknight
|faint|p2a: Kita
|move|p1a: Corviknight|Roost|p1a: Corviknight
|-heal|p1a: Corviknight|100/100
|-singleturn|p1a: Corviknight|move: Roost
|
|-weather|none
|upkeep
|
|t:|1757785782
|switch|p2a: Chara|Primarina, F, shiny|76/100
|turn|9
|
|t:|1757785789
|switch|p1a: Reuniclus|Reuniclus, M, shiny|32/100
|move|p2a: Chara|Surf|p1a: Reuniclus
|-damage|p1a: Reuniclus|0 fnt
|faint|p1a: Reuniclus
|
|upkeep
|
|t:|1757785813
|switch|p1a: Hippowdon|Hippowdon, M, shiny|100/100
|-weather|Sandstorm|[from] ability: Sand Stream|[of] p1a: Hippowdon
|turn|10
|
|t:|1757785820
|-terastallize|p1a: Hippowdon|Dragon
|move|p2a: Chara|Surf|p1a: Hippowdon
|-resisted|p1a: Hippowdon
|-damage|p1a: Hippowdon|70/100
|move|p1a: Hippowdon|Stealth Rock|p2a: Chara
|-sidestart|p2: Red Icigool|move: Stealth Rock
|
|-weather|Sandstorm|[upkeep]
|-damage|p2a: Chara|70/100|[from] Sandstorm
|-damage|p1a: Hippowdon|64/100|[from] Sandstorm
|upkeep
|turn|11
|
|t:|1757785827
|switch|p2a: Salah|Maushold-Four, shiny|100/100
|-damage|p2a: Salah|88/100|[from] Stealth Rock
|move|p1a: Hippowdon|Earthquake|p2a: Salah
|-damage|p2a: Salah|29/100
|
|-weather|Sandstorm|[upkeep]
|-damage|p2a: Salah|23/100|[from] Sandstorm
|-damage|p1a: Hippowdon|58/100|[from] Sandstorm
|upkeep
|turn|12
|
|t:|1757785834
|move|p2a: Salah|Tidy Up|p2a: Salah
|-sideend|p2: Red Icigool|Stealth Rock
|-activate|p2a: Salah|move: Tidy Up
|-boost|p2a: Salah|atk|1
|-boost|p2a: Salah|spe|1
|move|p1a: Hippowdon|Earthquake|p2a: Salah
|-damage|p2a: Salah|0 fnt
|faint|p2a: Salah
|
|-weather|Sandstorm|[upkeep]
|-damage|p1a: Hippowdon|52/100|[from] Sandstorm
|upkeep
|
|t:|1757785840
|switch|p2a: Delta|Lokix, F, shiny|100/100
|turn|13
|
|t:|1757785847
|switch|p1a: Corviknight|Corviknight, M, shiny|100/100
|-ability|p1a: Corviknight|Pressure
|move|p2a: Delta|Knock Off|p1a: Corviknight
|-damage|p1a: Corviknight|61/100
|-damage|p2a: Delta|84/100|[from] item: Rocky Helmet|[of] p1a: Corviknight
|-enditem|p1a: Corviknight|Rocky Helmet|[from] move: Knock Off|[of] p2a: Delta
|
|-weather|Sandstorm|[upkeep]
|-damage|p2a: Delta|78/100|[from] Sandstorm
|upkeep
|turn|14
|
|t:|1757785856
|switch|p2a: Draco|Alomomola, M|100/100
|move|p1a: Corviknight|Roost|p1a: Corviknight
|-heal|p1a: Corviknight|100/100
|-singleturn|p1a: Corviknight|move: Roost
|
|-weather|Sandstorm|[upkeep]
|-damage|p2a: Draco|94/100|[from] Sandstorm
|-heal|p2a: Draco|100/100|[from] item: Leftovers
|upkeep
|turn|15
|
|t:|1757785863
|switch|p1a: Houndstone|Houndstone, M, shiny|100/100
|move|p2a: Draco|Wish|p2a: Draco
|
|-weather|Sandstorm|[upkeep]
|-damage|p2a: Draco|94/100|[from] Sandstorm
|-heal|p2a: Draco|100/100|[from] item: Leftovers
|upkeep
|turn|16
|
|t:|1757785873
|move|p1a: Houndstone|Trick|p2a: Draco
|-activate|p1a: Houndstone|move: Trick|[of] p2a: Draco
|-item|p2a: Draco|Choice Band|[from] move: Trick
|-item|p1a: Houndstone|Leftovers|[from] move: Trick
|move|p2a: Draco|Flip Turn|p1a: Houndstone
|-damage|p1a: Houndstone|82/100
|
|t:|1757785886
|switch|p2a: Chara|Primarina, F, shiny|70/100|[from] Flip Turn
|
|-weather|Sandstorm|[upkeep]
|-damage|p2a: Chara|64/100|[from] Sandstorm
|-heal|p2a: Chara|100/100|[from] move: Wish|[wisher] Draco
|-heal|p1a: Houndstone|88/100|[from] item: Leftovers
|upkeep
|turn|17
|inactive|Lulleydon has 120 seconds left.
|
|t:|1757785931
|switch|p1a: Corviknight|Corviknight, M, shiny|100/100
|-ability|p1a: Corviknight|Pressure
|move|p2a: Chara|Surf|p1a: Corviknight
|-damage|p1a: Corviknight|36/100
|
|-weather|none
|upkeep
|turn|18
|
|t:|1757785955
|move|p1a: Corviknight|Power Trip|p2a: Chara
|-resisted|p2a: Chara
|-damage|p2a: Chara|98/100
|move|p2a: Chara|Surf|p1a: Corviknight
|-crit|p1a: Corviknight
|-damage|p1a: Corviknight|0 fnt
|faint|p1a: Corviknight
|
|upkeep
|
|t:|1757785960
|switch|p1a: Hippowdon|Hippowdon, M, shiny, tera:Dragon|52/100
|-weather|Sandstorm|[from] ability: Sand Stream|[of] p1a: Hippowdon
|turn|19
|
|t:|1757785964
|move|p2a: Chara|Surf|p1a: Hippowdon
|-resisted|p1a: Hippowdon
|-damage|p1a: Hippowdon|22/100
|move|p1a: Hippowdon|Slack Off|p1a: Hippowdon
|-heal|p1a: Hippowdon|72/100
|
|-weather|Sandstorm|[upkeep]
|-damage|p2a: Chara|92/100|[from] Sandstorm
|-damage|p1a: Hippowdon|66/100|[from] Sandstorm
|upkeep
|turn|20
|
|t:|1757785969
|switch|p2a: Delta|Lokix, F, shiny|78/100
|move|p1a: Hippowdon|Stealth Rock|p2a: Delta
|-sidestart|p2: Red Icigool|move: Stealth Rock
|
|-weather|Sandstorm|[upkeep]
|-damage|p2a: Delta|72/100|[from] Sandstorm
|-damage|p1a: Hippowdon|60/100|[from] Sandstorm
|upkeep
|turn|21
|
|t:|1757785982
|move|p2a: Delta|Knock Off|p1a: Hippowdon
|-damage|p1a: Hippowdon|28/100
|-enditem|p1a: Hippowdon|Smooth Rock|[from] move: Knock Off|[of] p2a: Delta
|move|p1a: Hippowdon|Slack Off|p1a: Hippowdon
|-heal|p1a: Hippowdon|78/100
|
|-weather|Sandstorm|[upkeep]
|-damage|p2a: Delta|66/100|[from] Sandstorm
|-damage|p1a: Hippowdon|72/100|[from] Sandstorm
|upkeep
|turn|22
|
|t:|1757785987
|switch|p2a: Draco|Alomomola, M|100/100
|-damage|p2a: Draco|88/100|[from] Stealth Rock
|move|p1a: Hippowdon|Earthquake|p2a: Draco
|-damage|p2a: Draco|66/100
|
|-weather|Sandstorm|[upkeep]
|-damage|p2a: Draco|60/100|[from] Sandstorm
|-damage|p1a: Hippowdon|65/100|[from] Sandstorm
|upkeep
|turn|23
|
|t:|1757785997
|switch|p1a: Minior|Minior|100/100
|-formechange|p1a: Minior|Minior-Meteor||[from] ability: Shields Down
|move|p2a: Draco|Wish|p2a: Draco
|
|-weather|Sandstorm|[upkeep]
|-damage|p2a: Draco|54/100|[from] Sandstorm
|upkeep
|turn|24
|
|t:|1757786013
|switch|p2a: Chara|Primarina, F, shiny|92/100
|-damage|p2a: Chara|80/100|[from] Stealth Rock
|move|p1a: Minior|Shell Smash|p1a: Minior
|-unboost|p1a: Minior|def|1
|-unboost|p1a: Minior|spd|1
|-boost|p1a: Minior|atk|2
|-boost|p1a: Minior|spa|2
|-boost|p1a: Minior|spe|2
|
|-weather|Sandstorm|[upkeep]
|-damage|p2a: Chara|74/100|[from] Sandstorm
|-heal|p2a: Chara|100/100|[from] move: Wish|[wisher] Draco
|upkeep
|turn|25
|
|t:|1757786022
|move|p1a: Minior|Acrobatics|p2a: Chara
|-damage|p2a: Chara|54/100
|move|p2a: Chara|Surf|p1a: Minior
|-supereffective|p1a: Minior
|-damage|p1a: Minior|0 fnt
|faint|p1a: Minior
|
|-weather|Sandstorm|[upkeep]
|-damage|p2a: Chara|48/100|[from] Sandstorm
|upkeep
|-message|Lulleydon forfeited.
|
|win|Red Icigool
|raw|Lulleydon's rating: 1347 &rarr; <strong>1325</strong><br />(-22 for losing)
|raw|Red Icigool's rating: 1315 &rarr; <strong>1337</strong><br />(+22 for winning)
|l|☆Lulleydon
|player|p1|
|l|☆Red Icigool
|player|p2|
