|j|☆kiriyo381
|j|☆4DEF+4SPD=GG
|t:|1757819323
|gametype|singles
|player|p1|kiriyo381|dragontamer|1282
|player|p2|4DEF+4SPD=GG|preschooler|1303
|gen|9
|tier|[Gen 9] OU
|rated|
|rule|HP Percentage Mod: HP is shown in percentages
|rule|Endless Battle Clause: Forcing endless battles is banned
|rule|Species Clause: Limit one of each Pokémon
|rule|OHKO Clause: OHKO moves are banned
|rule|Evasion Items Clause: Evasion items are banned
|rule|Evasion Moves Clause: Evasion moves are banned
|rule|Evasion Abilities Clause: Evasion abilities are banned
|rule|Sleep Moves Clause: Sleep-inducing moves are banned
|clearpoke
|poke|p1|Hawlucha, M|
|poke|p1|Malamar, M|
|poke|p1|Dragonite, F|
|poke|p1|Greninja-*, M|
|poke|p1|Chesnaught, M|
|poke|p1|Delphox, F|
|poke|p2|Tyranitar, M|
|poke|p2|Excadrill, M|
|poke|p2|Corviknight, M|
|poke|p2|Glimmora, M|
|poke|p2|Hippowdon, M|
|poke|p2|Scizor, M|
|teampreview
|inactive|Battle timer is ON: inactive players will automatically lose when time's up. (requested by 4DEF+4SPD=GG)
|j| brazilian trasher
|
|t:|1757819336
|teamsize|p1|6
|teamsize|p2|6
|start
|switch|p1a: Mega Delphox|Delphox, F, shiny|100/100
|switch|p2a: Scizor|Scizor, M|100/100
|turn|1
|
|t:|1757819352
|switch|p2a: Tyranitar|Tyranitar, M|100/100
|-weather|Sandstorm|[from] ability: Sand Stream|[of] p2a: Tyranitar
|move|p1a: Mega Delphox|Flamethrower|p2a: Tyranitar
|-resisted|p2a: Tyranitar
|-damage|p2a: Tyranitar|89/100
|-item|p1a: Mega Delphox|Smooth Rock|[from] ability: Magician|[of] p2a: Tyranitar
|
|-weather|Sandstorm|[upkeep]
|-damage|p1a: Mega Delphox|94/100|[from] Sandstorm
|upkeep
|turn|2
|
|t:|1757819361
|switch|p2a: Scizor|Scizor, M|100/100
|move|p1a: Mega Delphox|Dazzling Gleam|p2a: Scizor
|-resisted|p2a: Scizor
|-damage|p2a: Scizor|86/100
|
|-weather|Sandstorm|[upkeep]
|-damage|p1a: Mega Delphox|88/100|[from] Sandstorm
|upkeep
|turn|3
|
|t:|1757819366
|switch|p2a: Hippowdon|Hippowdon, M|100/100
|move|p1a: Mega Delphox|Flamethrower|p2a: Hippowdon
|-damage|p2a: Hippowdon|52/100
|
|-weather|Sandstorm|[upkeep]
|-damage|p1a: Mega Delphox|82/100|[from] Sandstorm
|upkeep
|turn|4
|
|t:|1757819371
|move|p1a: Mega Delphox|Flamethrower|p2a: Hippowdon
|-damage|p2a: Hippowdon|7/100
|move|p2a: Hippowdon|Stealth Rock|p1a: Mega Delphox
|-sidestart|p1: kiriyo381|move: Stealth Rock
|
|-weather|Sandstorm|[upkeep]
|-damage|p1a: Mega Delphox|76/100|[from] Sandstorm
|upkeep
|turn|5
|
|t:|1757819376
|move|p1a: Mega Delphox|Flamethrower|p2a: Hippowdon
|-damage|p2a: Hippowdon|0 fnt
|faint|p2a: Hippowdon
|
|-weather|Sandstorm|[upkeep]
|-damage|p1a: Mega Delphox|70/100|[from] Sandstorm
|upkeep
|l| brazilian trasher
|
|t:|1757819378
|switch|p2a: Glimmora|Glimmora, M|100/100
|turn|6
|
|t:|1757819386
|move|p1a: Mega Delphox|Psyshock|p2a: Glimmora
|-supereffective|p2a: Glimmora
|-damage|p2a: Glimmora|4/100
|move|p2a: Glimmora|Rock Polish|p2a: Glimmora
|-boost|p2a: Glimmora|spe|2
|
|-weather|Sandstorm|[upkeep]
|-damage|p1a: Mega Delphox|63/100|[from] Sandstorm
|upkeep
|turn|7
|
|t:|1757819394
|move|p2a: Glimmora|Earth Power|p1a: Mega Delphox
|-supereffective|p1a: Mega Delphox
|-damage|p1a: Mega Delphox|0 fnt
|faint|p1a: Mega Delphox
|
|-weather|Sandstorm|[upkeep]
|upkeep
|
|t:|1757819417
|switch|p1a: Mega Greninja|Greninja, M|100/100
|-damage|p1a: Mega Greninja|88/100|[from] Stealth Rock
|turn|8
|
|t:|1757819423
|switch|p2a: Corviknight|Corviknight, M|100/100
|move|p1a: Mega Greninja|Water Shuriken|p2a: Corviknight
|-damage|p2a: Corviknight|92/100
|-damage|p2a: Corviknight|84/100
|-damage|p2a: Corviknight|74/100
|-hitcount|p2a: Corviknight|3
|-damage|p1a: Mega Greninja|78/100|[from] item: Life Orb
|
|-weather|none
|upkeep
|turn|9
|
|t:|1757819442
|move|p1a: Mega Greninja|Surf|p2a: Corviknight
|-damage|p2a: Corviknight|27/100
|-damage|p1a: Mega Greninja|69/100|[from] item: Life Orb
|move|p2a: Corviknight|U-turn|p1a: Mega Greninja
|-supereffective|p1a: Mega Greninja
|-damage|p1a: Mega Greninja|23/100
|inactive|4DEF+4SPD=GG has 120 seconds left.
|
|t:|1757819474
|switch|p2a: Scizor|Scizor, M|86/100|[from] U-turn
|
|upkeep
|turn|10
|
|t:|1757819482
|move|p1a: Mega Greninja|Water Shuriken|p2a: Scizor
|-crit|p2a: Scizor
|-damage|p2a: Scizor|70/100
|-damage|p2a: Scizor|58/100
|-hitcount|p2a: Scizor|2
|-damage|p1a: Mega Greninja|13/100|[from] item: Life Orb
|move|p2a: Scizor|Bullet Punch|p1a: Mega Greninja
|-resisted|p1a: Mega Greninja
|-damage|p1a: Mega Greninja|0 fnt
|faint|p1a: Mega Greninja
|
|upkeep
|
|t:|1757819501
|switch|p1a: Mega Hawlucha|Hawlucha, M, shiny|100/100
|-damage|p1a: Mega Hawlucha|88/100|[from] Stealth Rock
|turn|11
|
|t:|1757819513
|switch|p2a: Glimmora|Glimmora, M|4/100
|move|p1a: Mega Hawlucha|Flying Press|p2a: Glimmora
|-resisted|p2a: Glimmora
|-damage|p2a: Glimmora|0 fnt
|-activate|p2a: Glimmora|ability: Toxic Debris
|-sidestart|p1: kiriyo381|move: Toxic Spikes
|faint|p2a: Glimmora
|
|upkeep
|
|t:|1757819521
|switch|p2a: Tyranitar|Tyranitar, M|89/100
|-weather|Sandstorm|[from] ability: Sand Stream|[of] p2a: Tyranitar
|turn|12
|
|t:|1757819531
|switch|p2a: Corviknight|Corviknight, M|27/100
|move|p1a: Mega Hawlucha|Iron Head|p2a: Corviknight
|-resisted|p2a: Corviknight
|-damage|p2a: Corviknight|20/100
|-damage|p1a: Mega Hawlucha|72/100|[from] item: Rocky Helmet|[of] p2a: Corviknight
|
|-weather|Sandstorm|[upkeep]
|-damage|p1a: Mega Hawlucha|66/100|[from] Sandstorm
|upkeep
|turn|13
|
|t:|1757819537
|move|p1a: Mega Hawlucha|Flying Press|p2a: Corviknight
|-resisted|p2a: Corviknight
|-damage|p2a: Corviknight|7/100
|-damage|p1a: Mega Hawlucha|49/100|[from] item: Rocky Helmet|[of] p2a: Corviknight
|move|p2a: Corviknight|Roost|p2a: Corviknight
|-heal|p2a: Corviknight|57/100
|-singleturn|p2a: Corviknight|move: Roost
|
|-weather|Sandstorm|[upkeep]
|-damage|p1a: Mega Hawlucha|43/100|[from] Sandstorm
|upkeep
|turn|14
|
|t:|1757819548
|move|p1a: Mega Hawlucha|Throat Chop|p2a: Corviknight
|-damage|p2a: Corviknight|43/100
|-start|p2a: Corviknight|Throat Chop|[silent]
|-damage|p1a: Mega Hawlucha|26/100|[from] item: Rocky Helmet|[of] p2a: Corviknight
|move|p2a: Corviknight|Roost|p2a: Corviknight
|-heal|p2a: Corviknight|93/100
|-singleturn|p2a: Corviknight|move: Roost
|
|-weather|Sandstorm|[upkeep]
|-damage|p1a: Mega Hawlucha|20/100|[from] Sandstorm
|upkeep
|turn|15
|
|t:|1757819554
|move|p1a: Mega Hawlucha|Flying Press|p2a: Corviknight
|-resisted|p2a: Corviknight
|-damage|p2a: Corviknight|80/100
|-damage|p1a: Mega Hawlucha|4/100|[from] item: Rocky Helmet|[of] p2a: Corviknight
|move|p2a: Corviknight|U-turn|p1a: Mega Hawlucha
|-resisted|p1a: Mega Hawlucha
|-damage|p1a: Mega Hawlucha|0 fnt
|faint|p1a: Mega Hawlucha
|
|t:|1757819563
|switch|p2a: Scizor|Scizor, M|58/100|[from] U-turn
|
|-weather|Sandstorm|[upkeep]
|upkeep
|
|t:|1757819568
|switch|p1a: Mega Chesnaught|Chesnaught, M, shiny|100/100
|-damage|p1a: Mega Chesnaught|94/100|[from] Stealth Rock
|-status|p1a: Mega Chesnaught|psn
|turn|16
|
|t:|1757819579
|move|p2a: Scizor|U-turn|p1a: Mega Chesnaught
|-damage|p1a: Mega Chesnaught|61/100 psn
|-damage|p2a: Scizor|42/100|[from] item: Rocky Helmet|[of] p1a: Mega Chesnaught
|
|t:|1757819581
|switch|p2a: Corviknight|Corviknight, M|80/100|[from] U-turn
|move|p1a: Mega Chesnaught|Iron Defense|p1a: Mega Chesnaught
|-boost|p1a: Mega Chesnaught|def|2
|
|-weather|none
|-damage|p1a: Mega Chesnaught|49/100 psn|[from] psn
|upkeep
|turn|17
|
|t:|1757819593
|move|p1a: Mega Chesnaught|Synthesis|p1a: Mega Chesnaught
|-heal|p1a: Mega Chesnaught|99/100 psn
|move|p2a: Corviknight|Brave Bird|p1a: Mega Chesnaught
|-supereffective|p1a: Mega Chesnaught
|-damage|p1a: Mega Chesnaught|54/100 psn
|-damage|p2a: Corviknight|64/100|[from] item: Rocky Helmet|[of] p1a: Mega Chesnaught
|-damage|p2a: Corviknight|49/100|[from] Recoil
|
|-damage|p1a: Mega Chesnaught|41/100 psn|[from] psn
|upkeep
|turn|18
|
|t:|1757819609
|move|p1a: Mega Chesnaught|Synthesis|p1a: Mega Chesnaught
|-heal|p1a: Mega Chesnaught|91/100 psn
|move|p2a: Corviknight|Roost|p2a: Corviknight
|-heal|p2a: Corviknight|99/100
|-singleturn|p2a: Corviknight|move: Roost
|
|-damage|p1a: Mega Chesnaught|79/100 psn|[from] psn
|upkeep
|turn|19
|
|t:|1757819622
|move|p1a: Mega Chesnaught|Body Press|p2a: Corviknight
|-damage|p2a: Corviknight|46/100
|-damage|p1a: Mega Chesnaught|62/100 psn|[from] item: Rocky Helmet|[of] p2a: Corviknight
|move|p2a: Corviknight|U-turn|p1a: Mega Chesnaught
|-damage|p1a: Mega Chesnaught|58/100 psn
|-damage|p2a: Corviknight|29/100|[from] item: Rocky Helmet|[of] p1a: Mega Chesnaught
|
|t:|1757819632
|switch|p2a: Scizor|Scizor, M|42/100|[from] U-turn
|
|-damage|p1a: Mega Chesnaught|46/100 psn|[from] psn
|upkeep
|turn|20
|
|t:|1757819641
|move|p2a: Scizor|U-turn|p1a: Mega Chesnaught
|-damage|p1a: Mega Chesnaught|29/100 psn
|-damage|p2a: Scizor|25/100|[from] item: Rocky Helmet|[of] p1a: Mega Chesnaught
|
|t:|1757819643
|switch|p2a: Corviknight|Corviknight, M|29/100|[from] U-turn
|move|p1a: Mega Chesnaught|Synthesis|p1a: Mega Chesnaught
|-heal|p1a: Mega Chesnaught|79/100 psn
|
|-damage|p1a: Mega Chesnaught|67/100 psn|[from] psn
|upkeep
|turn|21
|
|t:|1757819659
|move|p1a: Mega Chesnaught|Body Press|p2a: Corviknight
|-damage|p2a: Corviknight|0 fnt
|-damage|p1a: Mega Chesnaught|50/100 psn|[from] item: Rocky Helmet|[of] p2a: Corviknight
|faint|p2a: Corviknight
|
|-damage|p1a: Mega Chesnaught|38/100 psn|[from] psn
|upkeep
|
|t:|1757819672
|switch|p2a: Scizor|Scizor, M|25/100
|turn|22
|
|t:|1757819675
|move|p2a: Scizor|Close Combat|p1a: Mega Chesnaught
|-damage|p1a: Mega Chesnaught|19/100 psn
|-unboost|p2a: Scizor|def|1
|-unboost|p2a: Scizor|spd|1
|-damage|p2a: Scizor|9/100|[from] item: Rocky Helmet|[of] p1a: Mega Chesnaught
|move|p1a: Mega Chesnaught|Synthesis|p1a: Mega Chesnaught
|-heal|p1a: Mega Chesnaught|69/100 psn
|
|-damage|p1a: Mega Chesnaught|57/100 psn|[from] psn
|upkeep
|turn|23
|
|t:|1757819686
|move|p2a: Scizor|Close Combat|p1a: Mega Chesnaught
|-damage|p1a: Mega Chesnaught|39/100 psn
|-unboost|p2a: Scizor|def|1
|-unboost|p2a: Scizor|spd|1
|-damage|p2a: Scizor|0 fnt|[from] item: Rocky Helmet|[of] p1a: Mega Chesnaught
|faint|p2a: Scizor
|move|p1a: Mega Chesnaught|Synthesis|p1a: Mega Chesnaught
|-heal|p1a: Mega Chesnaught|89/100 psn
|
|-damage|p1a: Mega Chesnaught|76/100 psn|[from] psn
|upkeep
|
|t:|1757819689
|switch|p2a: Tyranitar|Tyranitar, M|89/100
|-weather|Sandstorm|[from] ability: Sand Stream|[of] p2a: Tyranitar
|turn|24
|
|t:|1757819701
|-terastallize|p2a: Tyranitar|Bug
|move|p1a: Mega Chesnaught|Body Press|p2a: Tyranitar
|-resisted|p2a: Tyranitar
|-damage|p2a: Tyranitar|61/100
|move|p2a: Tyranitar|Fire Blast|p1a: Mega Chesnaught
|-supereffective|p1a: Mega Chesnaught
|-damage|p1a: Mega Chesnaught|11/100 psn
|
|-weather|Sandstorm|[upkeep]
|-damage|p1a: Mega Chesnaught|5/100 psn|[from] Sandstorm
|-damage|p2a: Tyranitar|55/100|[from] Sandstorm
|-damage|p1a: Mega Chesnaught|0 fnt|[from] psn
|faint|p1a: Mega Chesnaught
|upkeep
|
|t:|1757819719
|switch|p1a: Mega Dragonite|Dragonite, F|100/100
|-damage|p1a: Mega Dragonite|76/100|[from] Stealth Rock
|turn|25
|
|t:|1757819729
|-terastallize|p1a: Mega Dragonite|Normal
|move|p1a: Mega Dragonite|Dragon Dance|p1a: Mega Dragonite
|-boost|p1a: Mega Dragonite|atk|1
|-boost|p1a: Mega Dragonite|spe|1
|move|p2a: Tyranitar|Ice Beam|p1a: Mega Dragonite
|-damage|p1a: Mega Dragonite|54/100
|
|-weather|Sandstorm|[upkeep]
|-damage|p1a: Mega Dragonite|48/100|[from] Sandstorm
|-damage|p2a: Tyranitar|49/100|[from] Sandstorm
|upkeep
|turn|26
|
|t:|1757819739
|move|p1a: Mega Dragonite|Extreme Speed|p2a: Tyranitar
|-damage|p2a: Tyranitar|8/100
|move|p2a: Tyranitar|Ice Beam|p1a: Mega Dragonite
|-damage|p1a: Mega Dragonite|23/100
|
|-weather|Sandstorm|[upkeep]
|-damage|p1a: Mega Dragonite|17/100|[from] Sandstorm
|-damage|p2a: Tyranitar|2/100|[from] Sandstorm
|upkeep
|turn|27
|
|t:|1757819745
|move|p1a: Mega Dragonite|Extreme Speed|p2a: Tyranitar
|-damage|p2a: Tyranitar|0 fnt
|faint|p2a: Tyranitar
|
|-weather|Sandstorm|[upkeep]
|-damage|p1a: Mega Dragonite|10/100|[from] Sandstorm
|upkeep
|
|t:|1757819747
|switch|p2a: Excadrill|Excadrill, M|100/100
|turn|28
|
|t:|1757819757
|move|p1a: Mega Dragonite|Extreme Speed|p2a: Excadrill
|-resisted|p2a: Excadrill
|-damage|p2a: Excadrill|50/100
|move|p2a: Excadrill|Iron Head|p1a: Mega Dragonite
|-damage|p1a: Mega Dragonite|0 fnt
|faint|p1a: Mega Dragonite
|
|-weather|none
|upkeep
|
|t:|1757819768
|switch|p1a: Mega Malamar|Malamar, M|100/100
|-damage|p1a: Mega Malamar|88/100|[from] Stealth Rock
|-status|p1a: Mega Malamar|psn
|turn|29
|
|t:|1757819776
|move|p2a: Excadrill|Iron Head|p1a: Mega Malamar
|-damage|p1a: Mega Malamar|39/100 psn
|cant|p1a: Mega Malamar|flinch
|
|-damage|p1a: Mega Malamar|26/100 psn|[from] psn
|upkeep
|turn|30
|
|t:|1757819784
|move|p2a: Excadrill|Earthquake|p1a: Mega Malamar
|-damage|p1a: Mega Malamar|0 fnt
|faint|p1a: Mega Malamar
|
|win|4DEF+4SPD=GG
|raw|kiriyo381's rating: 1282 &rarr; <strong>1259</strong><br />(-23 for losing)
|raw|4DEF+4SPD=GG's rating: 1303 &rarr; <strong>1322</strong><br />(+19 for winning)
