|j|☆fjigxiy
|j|☆CrazyPiggy14
|t:|1757875586
|gametype|singles
|player|p1|fjigxiy|102|1211
|player|p2|CrazyPiggy14|ghetsis-gen5bw|1218
|gen|9
|tier|[Gen 9] OU
|rated|
|rule|HP Percentage Mod: HP is shown in percentages
|rule|Endless Battle Clause: Forcing endless battles is banned
|rule|Species Clause: Limit one of each Pokémon
|rule|OHKO Clause: OHKO moves are banned
|rule|Evasion Items Clause: Evasion items are banned
|rule|Evasion Moves Clause: Evasion moves are banned
|rule|Evasion Abilities Clause: Evasion abilities are banned
|rule|Sleep Moves Clause: Sleep-inducing moves are banned
|clearpoke
|poke|p1|Corviknight, F|
|poke|p1|Clefable, M|
|poke|p1|Tinkaton, F|
|poke|p1|Regigigas|
|poke|p1|Kingambit, M|
|poke|p1|Inteleon, M|
|poke|p2|Torkoal, F|
|poke|p2|Hatterene, F|
|poke|p2|Raging Bolt|
|poke|p2|Slither Wing|
|poke|p2|Ceruledge, F|
|poke|p2|Walking Wake|
|teampreview
|inactive|Battle timer is ON: inactive players will automatically lose when time's up. (requested by CrazyPiggy14)
|inactive|fjigxiy also wants the timer to be on.
|
|t:|1757875602
|teamsize|p1|6
|teamsize|p2|6
|start
|switch|p1a: Inteleon|Inteleon, M|100/100
|switch|p2a: Torkoal|Torkoal, F|100/100
|-weather|SunnyDay|[from] ability: Drought|[of] p2a: Torkoal
|turn|1
|
|t:|1757875607
|switch|p2a: Hatterene|Hatterene, F|100/100
|-item|p2a: Hatterene|Air Balloon
|-terastallize|p1a: Inteleon|Dark
|move|p1a: Inteleon|Dark Pulse|p2a: Hatterene
|-damage|p2a: Hatterene|31/100
|-enditem|p2a: Hatterene|Air Balloon
|
|-weather|SunnyDay|[upkeep]
|upkeep
|turn|2
|
|t:|1757875624
|move|p1a: Inteleon|Dark Pulse|p2a: Hatterene
|-damage|p2a: Hatterene|0 fnt
|faint|p2a: Hatterene
|
|-weather|SunnyDay|[upkeep]
|upkeep
|
|t:|1757875625
|switch|p2a: Slither Wing|Slither Wing|100/100
|-activate|p2a: Slither Wing|ability: Protosynthesis
|-start|p2a: Slither Wing|protosynthesisatk
|turn|3
|
|t:|1757875628
|switch|p1a: Corviknight|Corviknight, F|100/100
|move|p2a: Slither Wing|First Impression|p1a: Corviknight
|-resisted|p1a: Corviknight
|-damage|p1a: Corviknight|82/100
|
|-weather|SunnyDay|[upkeep]
|upkeep
|turn|4
|
|t:|1757875639
|switch|p1a: Clefable|Clefable, M|100/100
|move|p2a: Slither Wing|Temper Flare|p1a: Clefable
|-damage|p1a: Clefable|28/100
|
|-weather|SunnyDay|[upkeep]
|upkeep
|turn|5
|
|t:|1757875643
|move|p2a: Slither Wing|Temper Flare|p1a: Clefable
|-damage|p1a: Clefable|0 fnt
|faint|p1a: Clefable
|
|-weather|SunnyDay|[upkeep]
|upkeep
|
|t:|1757875647
|switch|p1a: Tinkaton|Tinkaton, F|100/100
|-ability|p1a: Tinkaton|Mold Breaker
|turn|6
|
|t:|1757875653
|move|p1a: Tinkaton|Play Rough|p2a: Slither Wing
|-supereffective|p2a: Slither Wing
|-damage|p2a: Slither Wing|16/100
|move|p2a: Slither Wing|Temper Flare|p1a: Tinkaton
|-supereffective|p1a: Tinkaton
|-enditem|p1a: Tinkaton|Focus Sash
|-damage|p1a: Tinkaton|1/100
|
|-weather|SunnyDay|[upkeep]
|upkeep
|turn|7
|
|t:|1757875663
|move|p1a: Tinkaton|Stealth Rock|p2a: Slither Wing
|-sidestart|p2: CrazyPiggy14|move: Stealth Rock
|move|p2a: Slither Wing|U-turn|p1a: Tinkaton
|-resisted|p1a: Tinkaton
|-damage|p1a: Tinkaton|0 fnt
|faint|p1a: Tinkaton
|
|t:|1757875666
|-end|p2a: Slither Wing|Protosynthesis|[silent]
|switch|p2a: Torkoal|Torkoal, F|100/100|[from] U-turn
|-damage|p2a: Torkoal|76/100|[from] Stealth Rock
|
|-weather|SunnyDay|[upkeep]
|upkeep
|
|t:|1757875668
|switch|p1a: Inteleon|Inteleon, M, tera:Dark|100/100
|turn|8
|
|t:|1757875675
|move|p1a: Inteleon|Dark Pulse|p2a: Torkoal
|-damage|p2a: Torkoal|0 fnt
|faint|p2a: Torkoal
|
|-weather|none
|upkeep
|
|t:|1757875685
|switch|p2a: Slither Wing|Slither Wing|16/100
|-damage|p2a: Slither Wing|3/100|[from] Stealth Rock
|turn|9
|
|t:|1757875688
|switch|p1a: Corviknight|Corviknight, F|82/100
|move|p2a: Slither Wing|First Impression|p1a: Corviknight
|-resisted|p1a: Corviknight
|-damage|p1a: Corviknight|69/100
|
|upkeep
|turn|10
|
|t:|1757875691
|move|p2a: Slither Wing|Temper Flare|p1a: Corviknight
|-supereffective|p1a: Corviknight
|-damage|p1a: Corviknight|16/100
|-enditem|p1a: Corviknight|Weakness Policy
|-boost|p1a: Corviknight|atk|2|[from] item: Weakness Policy
|-boost|p1a: Corviknight|spa|2|[from] item: Weakness Policy
|move|p1a: Corviknight|Power Trip|p2a: Slither Wing
|-resisted|p2a: Slither Wing
|-damage|p2a: Slither Wing|0 fnt
|faint|p2a: Slither Wing
|-end|p2a: Slither Wing|Protosynthesis|[silent]
|
|upkeep
|
|t:|1757875699
|switch|p2a: Walking Wake|Walking Wake|100/100
|-damage|p2a: Walking Wake|88/100|[from] Stealth Rock
|turn|11
|
|t:|1757875705
|move|p2a: Walking Wake|Hydro Steam|p1a: Corviknight
|-damage|p1a: Corviknight|0 fnt
|faint|p1a: Corviknight
|
|upkeep
|
|t:|1757875710
|switch|p1a: Regigigas|Regigigas|100/100
|-start|p1a: Regigigas|ability: Slow Start
|turn|12
|
|t:|1757875714
|move|p2a: Walking Wake|Flip Turn|p1a: Regigigas
|-damage|p1a: Regigigas|88/100
|
|t:|1757875717
|-end|p2a: Walking Wake|Protosynthesis|[silent]
|switch|p2a: Ceruledge|Ceruledge, F|100/100|[from] Flip Turn
|-damage|p2a: Ceruledge|76/100|[from] Stealth Rock
|move|p1a: Regigigas|Hyper Beam|p2a: Ceruledge
|-immune|p2a: Ceruledge
|
|upkeep
|turn|13
|
|t:|1757875724
|switch|p1a: Kingambit|Kingambit, M|100/100
|-activate|p1a: Kingambit|ability: Supreme Overlord
|-start|p1a: Kingambit|fallen3|[silent]
|move|p2a: Ceruledge|Swords Dance|p2a: Ceruledge
|-boost|p2a: Ceruledge|atk|2
|
|upkeep
|turn|14
|
|t:|1757875727
|-terastallize|p2a: Ceruledge|Fire
|move|p1a: Kingambit|Sucker Punch|p2a: Ceruledge
|-damage|p2a: Ceruledge|0 fnt
|faint|p2a: Ceruledge
|
|upkeep
|
|t:|1757875743
|switch|p2a: Walking Wake|Walking Wake|88/100
|-damage|p2a: Walking Wake|76/100|[from] Stealth Rock
|turn|15
|
|t:|1757875748
|move|p2a: Walking Wake|Hydro Steam|p1a: Kingambit
|-damage|p1a: Kingambit|51/100
|move|p1a: Kingambit|Kowtow Cleave|p2a: Walking Wake
|-damage|p2a: Walking Wake|0 fnt
|faint|p2a: Walking Wake
|-end|p2a: Walking Wake|Protosynthesis|[silent]
|
|upkeep
|
|t:|1757875754
|switch|p2a: Raging Bolt|Raging Bolt|100/100
|-damage|p2a: Raging Bolt|88/100|[from] Stealth Rock
|turn|16
|
|t:|1757875757
|move|p2a: Raging Bolt|Thunderclap|p1a: Kingambit
|-damage|p1a: Kingambit|0 fnt
|faint|p1a: Kingambit
|-end|p1a: Kingambit|fallen3|[silent]
|-damage|p2a: Raging Bolt|78/100|[from] item: Life Orb
|
|upkeep
|
|t:|1757875760
|switch|p1a: Regigigas|Regigigas|88/100
|-start|p1a: Regigigas|ability: Slow Start
|turn|17
|
|t:|1757875765
|move|p2a: Raging Bolt|Thunderclap|p1a: Regigigas
|-damage|p1a: Regigigas|45/100
|-damage|p2a: Raging Bolt|68/100|[from] item: Life Orb
|move|p1a: Regigigas|Hyper Beam|p2a: Raging Bolt
|-damage|p2a: Raging Bolt|0 fnt
|-mustrecharge|p1a: Regigigas
|faint|p2a: Raging Bolt
|-end|p2a: Raging Bolt|Protosynthesis|[silent]
|
|win|fjigxiy
|raw|fjigxiy's rating: 1211 &rarr; <strong>1237</strong><br />(+26 for winning)
|raw|CrazyPiggy14's rating: 1218 &rarr; <strong>1192</strong><br />(-26 for losing)
|l|☆CrazyPiggy14
|player|p2|
