|j|☆stroopwaffle3
|j|☆aaWWa
|t:|1757933747
|gametype|singles
|player|p1|stroopwaffle3|nate|1108
|player|p2|aaWWa|bianca-masters|1113
|gen|9
|tier|[Gen 9] OU
|rated|
|rule|HP Percentage Mod: HP is shown in percentages
|rule|Endless Battle Clause: Forcing endless battles is banned
|rule|Species Clause: Limit one of each Pokémon
|rule|OHKO Clause: OHKO moves are banned
|rule|Evasion Items Clause: Evasion items are banned
|rule|Evasion Moves Clause: Evasion moves are banned
|rule|Evasion Abilities Clause: Evasion abilities are banned
|rule|Sleep Moves Clause: Sleep-inducing moves are banned
|clearpoke
|poke|p1|Politoed, M|
|poke|p1|Ogerpon-Wellspring, F|
|poke|p1|Talonflame, F|
|poke|p1|Walking Wake|
|poke|p1|Tatsugiri, M|
|poke|p1|Landorus-Therian, M|
|poke|p2|Weavile, F|
|poke|p2|Pecharunt|
|poke|p2|Ting-Lu|
|poke|p2|Tinkaton, F|
|poke|p2|Keldeo-Resolute|
|poke|p2|Dragonite, F|
|teampreview
|inactive|Battle timer is ON: inactive players will automatically lose when time's up. (requested by aaWWa)
|
|t:|1757933757
|teamsize|p1|6
|teamsize|p2|6
|start
|switch|p1a: Politoed|Politoed, M|100/100
|switch|p2a: sillie|Tinkaton, F|100/100
|-item|p2a: sillie|Air Balloon
|-weather|RainDance|[from] ability: Drizzle|[of] p1a: Politoed
|turn|1
|
|t:|1757933765
|move|p2a: sillie|Stealth Rock|p1a: Politoed
|-sidestart|p1: stroopwaffle3|move: Stealth Rock
|move|p1a: Politoed|Hydro Pump|p2a: sillie|[miss]
|-miss|p1a: Politoed|p2a: sillie
|
|-weather|RainDance|[upkeep]
|upkeep
|turn|2
|
|t:|1757933773
|move|p2a: sillie|Thunder Wave|p1a: Politoed
|-status|p1a: Politoed|par
|move|p1a: Politoed|Hydro Pump|p2a: sillie
|-damage|p2a: sillie|54/100
|-enditem|p2a: sillie|Air Balloon
|
|-weather|RainDance|[upkeep]
|upkeep
|turn|3
|
|t:|1757933781
|switch|p2a: ponie|Keldeo-Resolute|100/100
|switch|p1a: Landorus|Landorus-Therian, M|100/100
|-damage|p1a: Landorus|88/100|[from] Stealth Rock
|-ability|p1a: Landorus|Intimidate|boost
|-unboost|p2a: ponie|atk|1
|
|-weather|RainDance|[upkeep]
|upkeep
|turn|4
|
|t:|1757933792
|-terastallize|p1a: Landorus|Flying
|move|p1a: Landorus|Tera Blast|p2a: ponie|[anim] Tera Blast Flying
|-supereffective|p2a: ponie
|-damage|p2a: ponie|0 fnt
|faint|p2a: ponie
|
|-weather|RainDance|[upkeep]
|upkeep
|
|t:|1757933803
|switch|p2a: barnie|Dragonite, F|100/100
|turn|5
|
|t:|1757933812
|move|p1a: Landorus|Tera Blast|p2a: barnie|[anim] Tera Blast Flying
|-damage|p2a: barnie|68/100
|move|p2a: barnie|Hurricane|p1a: Landorus
|-damage|p1a: Landorus|34/100
|-start|p1a: Landorus|confusion
|
|-weather|RainDance|[upkeep]
|upkeep
|turn|6
|
|t:|1757933819
|move|p2a: barnie|Extreme Speed|p1a: Landorus
|-damage|p1a: Landorus|0 fnt
|faint|p1a: Landorus
|
|-weather|RainDance|[upkeep]
|upkeep
|
|t:|1757933828
|switch|p1a: Tatsugiri|Tatsugiri, M|100/100
|turn|7
|
|t:|1757933834
|switch|p2a: horsie|Ting-Lu|100/100
|-ability|p2a: horsie|Vessel of Ruin
|move|p1a: Tatsugiri|Draco Meteor|p2a: horsie|[miss]
|-miss|p1a: Tatsugiri|p2a: horsie
|
|-weather|RainDance|[upkeep]
|upkeep
|turn|8
|
|t:|1757933844
|-terastallize|p2a: horsie|Water
|move|p1a: Tatsugiri|Rapid Spin|p2a: horsie
|-damage|p2a: horsie|98/100
|-boost|p1a: Tatsugiri|spe|1
|-damage|p1a: Tatsugiri|84/100|[from] item: Rocky Helmet|[of] p2a: horsie
|-sideend|p1: stroopwaffle3|Stealth Rock|[from] move: Rapid Spin|[of] p1a: Tatsugiri
|move|p2a: horsie|Spikes|p1a: Tatsugiri
|-sidestart|p1: stroopwaffle3|Spikes
|
|-weather|none
|upkeep
|turn|9
|
|t:|1757933853
|move|p1a: Tatsugiri|Draco Meteor|p2a: horsie
|-damage|p2a: horsie|70/100
|-unboost|p1a: Tatsugiri|spa|2
|move|p2a: horsie|Whirlwind|p1a: Tatsugiri
|drag|p1a: Ogerpon|Ogerpon-Wellspring, F|100/100
|-damage|p1a: Ogerpon|88/100|[from] Spikes
|
|upkeep
|turn|10
|
|t:|1757933863
|switch|p2a: goomie|Pecharunt|100/100
|move|p1a: Ogerpon|Horn Leech|p2a: goomie
|-resisted|p2a: goomie
|-damage|p2a: goomie|89/100
|-heal|p1a: Ogerpon|95/100|[from] drain|[of] p2a: goomie
|
|upkeep
|turn|11
|
|t:|1757933872
|switch|p1a: Politoed|Politoed, M|100/100 par
|-damage|p1a: Politoed|88/100 par|[from] Spikes
|-weather|RainDance|[from] ability: Drizzle|[of] p1a: Politoed
|move|p2a: goomie|Malignant Chain|p1a: Politoed
|-damage|p1a: Politoed|59/100 par
|
|-weather|RainDance|[upkeep]
|upkeep
|turn|12
|
|t:|1757933885
|move|p2a: goomie|Hex|p1a: Politoed
|-damage|p1a: Politoed|23/100 par
|move|p1a: Politoed|Perish Song|p1a: Politoed
|-start|p1a: Politoed|perish3|[silent]
|-start|p2a: goomie|perish3|[silent]
|-fieldactivate|move: Perish Song
|
|-weather|RainDance|[upkeep]
|-start|p2a: goomie|perish3
|-start|p1a: Politoed|perish3
|upkeep
|turn|13
|
|t:|1757933893
|move|p2a: goomie|Malignant Chain|p1a: Politoed
|-damage|p1a: Politoed|0 fnt
|faint|p1a: Politoed
|
|-weather|RainDance|[upkeep]
|-start|p2a: goomie|perish2
|upkeep
|
|t:|1757933902
|switch|p1a: Tatsugiri|Tatsugiri, M|84/100
|turn|14
|
|t:|1757933907
|switch|p2a: horsie|Ting-Lu, tera:Water|70/100
|-ability|p2a: horsie|Vessel of Ruin
|move|p1a: Tatsugiri|Nasty Plot|p1a: Tatsugiri
|-boost|p1a: Tatsugiri|spa|2
|
|-weather|RainDance|[upkeep]
|upkeep
|turn|15
|
|t:|1757933914
|move|p1a: Tatsugiri|Draco Meteor|p2a: horsie
|-damage|p2a: horsie|14/100
|-unboost|p1a: Tatsugiri|spa|2
|move|p2a: horsie|Whirlwind|p1a: Tatsugiri
|drag|p1a: Ogerpon|Ogerpon-Wellspring, F|95/100
|-damage|p1a: Ogerpon|83/100|[from] Spikes
|
|-weather|RainDance|[upkeep]
|upkeep
|turn|16
|
|t:|1757933923
|move|p1a: Ogerpon|Ivy Cudgel|p2a: horsie|[anim] Ivy Cudgel Water
|-resisted|p2a: horsie
|-crit|p2a: horsie
|-damage|p2a: horsie|0 fnt
|faint|p2a: horsie
|
|-weather|RainDance|[upkeep]
|upkeep
|
|t:|1757933926
|switch|p2a: goomie|Pecharunt|89/100
|turn|17
|
|t:|1757933930
|move|p1a: Ogerpon|Ivy Cudgel|p2a: goomie|[anim] Ivy Cudgel Water
|-damage|p2a: goomie|50/100
|move|p2a: goomie|Malignant Chain|p1a: Ogerpon
|-supereffective|p1a: Ogerpon
|-damage|p1a: Ogerpon|9/100
|-status|p1a: Ogerpon|tox
|-start|p1a: Ogerpon|confusion|[from] ability: Poison Puppeteer|[of] p2a: goomie
|
|-weather|RainDance|[upkeep]
|-damage|p1a: Ogerpon|3/100 tox|[from] psn
|upkeep
|turn|18
|
|t:|1757933941
|-activate|p1a: Ogerpon|confusion
|move|p1a: Ogerpon|Ivy Cudgel|p2a: goomie|[anim] Ivy Cudgel Water
|-damage|p2a: goomie|4/100
|move|p2a: goomie|Recover|p2a: goomie
|-heal|p2a: goomie|54/100
|
|-weather|none
|-damage|p1a: Ogerpon|0 fnt|[from] psn
|faint|p1a: Ogerpon
|upkeep
|
|t:|1757933952
|switch|p1a: Tatsugiri|Tatsugiri, M|84/100
|turn|19
|
|t:|1757933959
|move|p1a: Tatsugiri|Nasty Plot|p1a: Tatsugiri
|-boost|p1a: Tatsugiri|spa|2
|move|p2a: goomie|Parting Shot|p1a: Tatsugiri
|-unboost|p1a: Tatsugiri|atk|1
|-unboost|p1a: Tatsugiri|spa|1
|
|t:|1757933962
|switch|p2a: chewie|Weavile, F|100/100|[from] Parting Shot
|-ability|p2a: chewie|Pressure
|
|upkeep
|turn|20
|
|t:|1757933970
|move|p2a: chewie|Triple Axel|p1a: Tatsugiri
|-damage|p1a: Tatsugiri|67/100
|-damage|p1a: Tatsugiri|29/100
|-damage|p1a: Tatsugiri|0 fnt
|faint|p1a: Tatsugiri
|-hitcount|p1: Tatsugiri|3
|
|upkeep
|
|t:|1757933982
|switch|p1a: Talonflame|Talonflame, F|100/100
|turn|21
|
|t:|1757933994
|move|p1a: Talonflame|Hurricane|p2a: chewie
|-damage|p2a: chewie|10/100
|-start|p2a: chewie|confusion
|-activate|p2a: chewie|confusion
|move|p2a: chewie|Knock Off|p1a: Talonflame
|-damage|p1a: Talonflame|31/100
|-enditem|p1a: Talonflame|Choice Specs|[from] move: Knock Off|[of] p2a: chewie
|
|upkeep
|turn|22
|
|t:|1757934003
|-activate|p2a: chewie|confusion
|move|p2a: chewie|Ice Shard|p1a: Talonflame
|-damage|p1a: Talonflame|1/100
|move|p1a: Talonflame|Air Slash|p2a: chewie
|-damage|p2a: chewie|0 fnt
|faint|p2a: chewie
|
|upkeep
|
|t:|1757934007
|switch|p2a: barnie|Dragonite, F|68/100
|turn|23
|
|t:|1757934014
|move|p2a: barnie|Extreme Speed|p1a: Talonflame
|-damage|p1a: Talonflame|0 fnt
|faint|p1a: Talonflame
|
|upkeep
|
|t:|1757934019
|switch|p1a: Walking Wake|Walking Wake|100/100
|-damage|p1a: Walking Wake|88/100|[from] Spikes
|-enditem|p1a: Walking Wake|Booster Energy
|-activate|p1a: Walking Wake|ability: Protosynthesis|[fromitem]
|-start|p1a: Walking Wake|protosynthesisspe
|turn|24
|
|t:|1757934025
|move|p2a: barnie|Extreme Speed|p1a: Walking Wake
|-damage|p1a: Walking Wake|55/100
|move|p1a: Walking Wake|Dragon Pulse|p2a: barnie
|-supereffective|p2a: barnie
|-damage|p2a: barnie|0 fnt
|faint|p2a: barnie
|
|upkeep
|
|t:|1757934037
|switch|p2a: sillie|Tinkaton, F|54/100
|turn|25
|
|t:|1757934042
|move|p1a: Walking Wake|Hydro Steam|p2a: sillie
|-damage|p2a: sillie|20/100
|move|p2a: sillie|Thunder Wave|p1a: Walking Wake
|-status|p1a: Walking Wake|par
|
|upkeep
|turn|26
|
|t:|1757934048
|move|p2a: sillie|Gigaton Hammer|p1a: Walking Wake
|-resisted|p1a: Walking Wake
|-damage|p1a: Walking Wake|32/100 par
|move|p1a: Walking Wake|Hydro Steam|p2a: sillie
|-damage|p2a: sillie|0 fnt
|faint|p2a: sillie
|
|upkeep
|
|t:|1757934053
|switch|p2a: goomie|Pecharunt|54/100
|turn|27
|c|☆stroopwaffle3|gg
|
|t:|1757934058
|move|p1a: Walking Wake|Draco Meteor|p2a: goomie
|-damage|p2a: goomie|0 fnt
|-unboost|p1a: Walking Wake|spa|2
|faint|p2a: goomie
|
|win|stroopwaffle3
|raw|stroopwaffle3's rating: 1108 &rarr; <strong>1133</strong><br />(+25 for winning)
|raw|aaWWa's rating: 1113 &rarr; <strong>1088</strong><br />(-25 for losing)
