|j|☆videogamer53
|j|☆alexismarelli
|t:|1757858170
|gametype|singles
|player|p1|videogamer53|steven|1161
|player|p2|alexismarelli|266|1120
|gen|9
|tier|[Gen 9] OU
|rated|
|rule|HP Percentage Mod: HP is shown in percentages
|rule|Endless Battle Clause: Forcing endless battles is banned
|rule|Species Clause: Limit one of each Pokémon
|rule|OHKO Clause: OHKO moves are banned
|rule|Evasion Items Clause: Evasion items are banned
|rule|Evasion Moves Clause: Evasion moves are banned
|rule|Evasion Abilities Clause: Evasion abilities are banned
|rule|Sleep Moves Clause: Sleep-inducing moves are banned
|clearpoke
|poke|p1|Torkoal, M|
|poke|p1|Raging Bolt|
|poke|p1|Venusaur, F|
|poke|p1|Hatterene, F|
|poke|p1|Slither Wing|
|poke|p1|Walking Wake|
|poke|p2|Smeargle, M|
|poke|p2|Furret, F|
|poke|p2|Gumshoos, M|
|poke|p2|Persian, M|
|poke|p2|Zangoose, F|
|poke|p2|Greedent, F|
|teampreview
|c|☆videogamer53|mono normal gamer
|
|t:|1757858182
|teamsize|p1|6
|teamsize|p2|6
|start
|switch|p1a: Torkoal|Torkoal, M|100/100
|switch|p2a: Furret|Furret, F|100/100
|-item|p1a: Torkoal|Heat Rock|[from] ability: Frisk|[of] p2a: Furret
|-weather|SunnyDay|[from] ability: Drought|[of] p1a: Torkoal
|turn|1
|
|t:|1757858201
|switch|p1a: Hatterene|Hatterene, F|100/100
|move|p2a: Furret|Trick|p1a: Hatterene
|-activate|p2a: Furret|move: Trick|[of] p1a: Hatterene
|-item|p1a: Hatterene|Choice Scarf|[from] move: Trick
|-item|p2a: Furret|Eject Button|[from] move: Trick
|
|-weather|SunnyDay|[upkeep]
|upkeep
|turn|2
|
|t:|1757858215
|switch|p1a: Venusaur|Venusaur, F|100/100
|move|p2a: Furret|Tidy Up|p2a: Furret
|-boost|p2a: Furret|atk|1
|-boost|p2a: Furret|spe|1
|
|-weather|SunnyDay|[upkeep]
|upkeep
|turn|3
|
|t:|1757858220
|move|p1a: Venusaur|Growth|p1a: Venusaur
|-boost|p1a: Venusaur|atk|2
|-boost|p1a: Venusaur|spa|2
|move|p2a: Furret|Body Slam|p1a: Venusaur
|-damage|p1a: Venusaur|38/100
|-status|p1a: Venusaur|par
|
|-weather|SunnyDay|[upkeep]
|upkeep
|turn|4
|
|t:|1757858229
|move|p2a: Furret|Body Slam|p1a: Venusaur
|-damage|p1a: Venusaur|0 fnt
|faint|p1a: Venusaur
|
|-weather|SunnyDay|[upkeep]
|upkeep
|
|t:|1757858251
|switch|p1a: Walking Wake|Walking Wake|100/100
|-activate|p1a: Walking Wake|ability: Protosynthesis
|-start|p1a: Walking Wake|protosynthesisspe
|turn|5
|
|t:|1757858256
|move|p1a: Walking Wake|Hydro Steam|p2a: Furret
|-damage|p2a: Furret|0 fnt
|faint|p2a: Furret
|
|-weather|SunnyDay|[upkeep]
|upkeep
|
|t:|1757858262
|switch|p2a: Persian|Persian, M|100/100
|turn|6
|
|t:|1757858267
|move|p2a: Persian|Fake Out|p1a: Walking Wake
|-damage|p1a: Walking Wake|73/100
|cant|p1a: Walking Wake|flinch
|
|-weather|SunnyDay|[upkeep]
|upkeep
|turn|7
|
|t:|1757858270
|move|p1a: Walking Wake|Hydro Steam|p2a: Persian
|-damage|p2a: Persian|0 fnt
|faint|p2a: Persian
|
|-weather|SunnyDay|[upkeep]
|upkeep
|
|t:|1757858274
|switch|p2a: Smeargle|Smeargle, M|100/100
|turn|8
|
|t:|1757858277
|move|p2a: Smeargle|Burning Bulwark|p2a: Smeargle
|-singleturn|p2a: Smeargle|move: Protect
|move|p1a: Walking Wake|Hydro Steam|p2a: Smeargle
|-activate|p2a: Smeargle|move: Protect
|
|-weather|none
|-end|p1a: Walking Wake|Protosynthesis
|upkeep
|turn|9
|
|t:|1757858280
|-end|p1a: Walking Wake|Protosynthesis|[silent]
|switch|p1a: Torkoal|Torkoal, M|100/100
|-weather|SunnyDay|[from] ability: Drought|[of] p1a: Torkoal
|move|p2a: Smeargle|Shell Smash|p2a: Smeargle
|-unboost|p2a: Smeargle|def|1
|-unboost|p2a: Smeargle|spd|1
|-boost|p2a: Smeargle|atk|2
|-boost|p2a: Smeargle|spa|2
|-boost|p2a: Smeargle|spe|2
|
|-weather|SunnyDay|[upkeep]
|upkeep
|turn|10
|
|t:|1757858287
|move|p2a: Smeargle|Shell Smash|p2a: Smeargle
|-unboost|p2a: Smeargle|def|1
|-unboost|p2a: Smeargle|spd|1
|-boost|p2a: Smeargle|atk|2
|-boost|p2a: Smeargle|spa|2
|-boost|p2a: Smeargle|spe|2
|move|p1a: Torkoal|Overheat|p2a: Smeargle
|-enditem|p2a: Smeargle|Focus Sash
|-damage|p2a: Smeargle|1/100
|-unboost|p1a: Torkoal|spa|2
|
|-weather|SunnyDay|[upkeep]
|upkeep
|turn|11
|
|t:|1757858296
|switch|p1a: Hatterene|Hatterene, F|100/100
|move|p2a: Smeargle|Population Bomb|p1a: Hatterene
|-damage|p1a: Hatterene|84/100
|-crit|p1a: Hatterene
|-damage|p1a: Hatterene|62/100
|-damage|p1a: Hatterene|45/100
|-crit|p1a: Hatterene
|-damage|p1a: Hatterene|23/100
|-damage|p1a: Hatterene|6/100
|-damage|p1a: Hatterene|0 fnt
|faint|p1a: Hatterene
|-hitcount|p1: Hatterene|6
|
|-weather|SunnyDay|[upkeep]
|upkeep
|
|t:|1757858298
|switch|p1a: Slither Wing|Slither Wing|100/100
|-activate|p1a: Slither Wing|ability: Protosynthesis
|-start|p1a: Slither Wing|protosynthesisatk
|turn|12
|
|t:|1757858309
|move|p2a: Smeargle|Burning Bulwark|p2a: Smeargle
|-singleturn|p2a: Smeargle|move: Protect
|move|p1a: Slither Wing|First Impression|p2a: Smeargle
|-activate|p2a: Smeargle|move: Protect
|-status|p1a: Slither Wing|brn
|
|-weather|SunnyDay|[upkeep]
|-damage|p1a: Slither Wing|94/100 brn|[from] brn
|upkeep
|turn|13
|
|t:|1757858315
|-end|p1a: Slither Wing|Protosynthesis|[silent]
|switch|p1a: Torkoal|Torkoal, M|100/100
|move|p2a: Smeargle|Population Bomb|p1a: Torkoal
|-damage|p1a: Torkoal|85/100
|-damage|p1a: Torkoal|69/100
|-damage|p1a: Torkoal|52/100
|-damage|p1a: Torkoal|35/100
|-damage|p1a: Torkoal|17/100
|-damage|p1a: Torkoal|0 fnt
|faint|p1a: Torkoal
|-hitcount|p1: Torkoal|6
|
|-weather|SunnyDay|[upkeep]
|upkeep
|
|t:|1757858332
|switch|p1a: Raging Bolt|Raging Bolt|100/100
|-activate|p1a: Raging Bolt|ability: Protosynthesis
|-start|p1a: Raging Bolt|protosynthesisspa
|turn|14
|
|t:|1757858336
|move|p1a: Raging Bolt|Thunderclap|p2a: Smeargle
|-damage|p2a: Smeargle|0 fnt
|faint|p2a: Smeargle
|-damage|p1a: Raging Bolt|91/100|[from] item: Life Orb
|
|-weather|SunnyDay|[upkeep]
|upkeep
|
|t:|1757858343
|switch|p2a: Gumshoos|Gumshoos, M|100/100
|turn|15
|
|t:|1757858348
|move|p1a: Raging Bolt|Dragon Pulse|p2a: Gumshoos
|-damage|p2a: Gumshoos|0 fnt
|faint|p2a: Gumshoos
|-damage|p1a: Raging Bolt|81/100|[from] item: Life Orb
|
|-weather|SunnyDay|[upkeep]
|upkeep
|
|t:|1757858355
|switch|p2a: Zangoose|Zangoose, F|100/100
|turn|16
|
|t:|1757858360
|move|p2a: Zangoose|Swords Dance|p2a: Zangoose
|-boost|p2a: Zangoose|atk|2
|move|p1a: Raging Bolt|Dragon Pulse|p2a: Zangoose
|-damage|p2a: Zangoose|0 fnt
|faint|p2a: Zangoose
|-damage|p1a: Raging Bolt|71/100|[from] item: Life Orb
|
|-weather|none
|-end|p1a: Raging Bolt|Protosynthesis
|upkeep
|
|t:|1757858363
|switch|p2a: Greedent|Greedent, F|100/100
|turn|17
|
|t:|1757858366
|move|p1a: Raging Bolt|Dragon Pulse|p2a: Greedent
|-damage|p2a: Greedent|42/100
|-enditem|p2a: Greedent|Sitrus Berry|[eat]
|-heal|p2a: Greedent|67/100|[from] item: Sitrus Berry
|-heal|p2a: Greedent|99/100|[from] ability: Cheek Pouch
|-damage|p1a: Raging Bolt|61/100|[from] item: Life Orb
|move|p2a: Greedent|Swords Dance|p2a: Greedent
|-boost|p2a: Greedent|atk|2
|
|upkeep
|turn|18
|
|t:|1757858371
|move|p1a: Raging Bolt|Dragon Pulse|p2a: Greedent
|-damage|p2a: Greedent|34/100
|-damage|p1a: Raging Bolt|51/100|[from] item: Life Orb
|move|p2a: Greedent|Body Slam|p1a: Raging Bolt
|-damage|p1a: Raging Bolt|0 fnt
|faint|p1a: Raging Bolt
|-end|p1a: Raging Bolt|Protosynthesis|[silent]
|
|upkeep
|
|t:|1757858375
|switch|p1a: Walking Wake|Walking Wake|73/100
|turn|19
|
|t:|1757858391
|move|p1a: Walking Wake|Hydro Steam|p2a: Greedent
|-damage|p2a: Greedent|0 fnt
|faint|p2a: Greedent
|
|win|videogamer53
|raw|videogamer53's rating: 1161 &rarr; <strong>1183</strong><br />(+22 for winning)
|raw|alexismarelli's rating: 1120 &rarr; <strong>1098</strong><br />(-22 for losing)
|l|☆videogamer53
|player|p1|
|l|☆alexismarelli
|player|p2|
