|j|☆abbyboob
|j|☆Princessjosie1001!
|t:|1757875852
|gametype|singles
|player|p1|abbyboob|ariana|1404
|player|p2|Princessjosie1001!|nurse|1396
|gen|9
|tier|[Gen 9] OU
|rated|
|rule|HP Percentage Mod: HP is shown in percentages
|rule|Endless Battle Clause: Forcing endless battles is banned
|rule|Species Clause: Limit one of each Pokémon
|rule|OHKO Clause: OHKO moves are banned
|rule|Evasion Items Clause: Evasion items are banned
|rule|Evasion Moves Clause: Evasion moves are banned
|rule|Evasion Abilities Clause: Evasion abilities are banned
|rule|Sleep Moves Clause: Sleep-inducing moves are banned
|clearpoke
|poke|p1|Hoopa-Unbound|
|poke|p1|Iron Treads|
|poke|p1|Alomomola, F|
|poke|p1|Zamazenta-*|
|poke|p1|Iron Valiant|
|poke|p1|Dragonite, F|
|poke|p2|Yanmega, F|
|poke|p2|Cloyster, M|
|poke|p2|Salazzle, F|
|poke|p2|Espeon, M|
|poke|p2|Jirachi|
|poke|p2|Maushold-Four|
|teampreview
|inactive|Battle timer is ON: inactive players will automatically lose when time's up. (requested by abbyboob)
|
|t:|1757875861
|teamsize|p1|6
|teamsize|p2|6
|start
|switch|p1a: Alomomola|Alomomola, F|100/100
|switch|p2a: Jirachi|Jirachi|100/100
|turn|1
|
|t:|1757875866
|move|p2a: Jirachi|Body Slam|p1a: Alomomola
|-damage|p1a: Alomomola|85/100
|-status|p1a: Alomomola|par
|-damage|p2a: Jirachi|84/100|[from] item: Rocky Helmet|[of] p1a: Alomomola
|cant|p1a: Alomomola|par
|
|upkeep
|turn|2
|
|t:|1757875874
|switch|p2a: No hazard allowed|Espeon, M|100/100
|move|p1a: Alomomola|Scald|p2a: No hazard allowed
|-damage|p2a: No hazard allowed|81/100
|-status|p2a: No hazard allowed|brn
|
|-damage|p2a: No hazard allowed|75/100 brn|[from] brn
|upkeep
|turn|3
|
|t:|1757875882
|move|p2a: No hazard allowed|Trick|p1a: Alomomola
|-activate|p2a: No hazard allowed|move: Trick|[of] p1a: Alomomola
|-item|p1a: Alomomola|Choice Scarf|[from] move: Trick
|-item|p2a: No hazard allowed|Rocky Helmet|[from] move: Trick
|move|p1a: Alomomola|Flip Turn|p2a: No hazard allowed
|-damage|p2a: No hazard allowed|44/100 brn
|-damage|p1a: Alomomola|69/100 par|[from] item: Rocky Helmet|[of] p2a: No hazard allowed
|
|t:|1757875891
|switch|p1a: Hoopa|Hoopa-Unbound|100/100|[from] Flip Turn
|
|-damage|p2a: No hazard allowed|38/100 brn|[from] brn
|upkeep
|turn|4
|
|t:|1757875896
|move|p2a: No hazard allowed|Thunder Wave|p1a: Hoopa
|-status|p1a: Hoopa|par
|move|p1a: Hoopa|Knock Off|p2a: No hazard allowed
|-supereffective|p2a: No hazard allowed
|-damage|p2a: No hazard allowed|0 fnt
|-damage|p1a: Hoopa|84/100 par|[from] item: Rocky Helmet|[of] p2a: No hazard allowed
|-enditem|p2a: No hazard allowed|Rocky Helmet|[from] move: Knock Off|[of] p1a: Hoopa
|faint|p2a: No hazard allowed
|
|upkeep
|
|t:|1757875908
|switch|p2a: Jirachi|Jirachi|84/100
|turn|5
|
|t:|1757875914
|switch|p1a: Alomomola|Alomomola, F|100/100 par
|move|p2a: Jirachi|U-turn|p1a: Alomomola
|-damage|p1a: Alomomola|89/100 par
|
|t:|1757875919
|switch|p2a: Maushold|Maushold-Four|100/100|[from] U-turn
|
|upkeep
|turn|6
|
|t:|1757875926
|move|p2a: Maushold|Tidy Up|p2a: Maushold
|-boost|p2a: Maushold|atk|1
|-boost|p2a: Maushold|spe|1
|move|p1a: Alomomola|Flip Turn|p2a: Maushold
|-damage|p2a: Maushold|76/100
|
|t:|1757875934
|switch|p1a: Zamazenta|Zamazenta|100/100|[from] Flip Turn
|-ability|p1a: Zamazenta|Dauntless Shield|boost
|-boost|p1a: Zamazenta|def|1
|
|upkeep
|turn|7
|
|t:|1757875939
|-terastallize|p2a: Maushold|Ghost
|-terastallize|p1a: Zamazenta|Steel
|move|p2a: Maushold|Tidy Up|p2a: Maushold
|-boost|p2a: Maushold|atk|1
|-boost|p2a: Maushold|spe|1
|move|p1a: Zamazenta|Iron Defense|p1a: Zamazenta
|-boost|p1a: Zamazenta|def|2
|
|upkeep
|turn|8
|
|t:|1757875950
|switch|p2a: Jirachi|Jirachi|84/100
|move|p1a: Zamazenta|Iron Defense|p1a: Zamazenta
|-boost|p1a: Zamazenta|def|2
|
|upkeep
|turn|9
|
|t:|1757875956
|move|p2a: Jirachi|Body Slam|p1a: Zamazenta
|-resisted|p1a: Zamazenta
|-damage|p1a: Zamazenta|98/100
|-status|p1a: Zamazenta|par
|move|p1a: Zamazenta|Body Press|p2a: Jirachi
|-damage|p2a: Jirachi|0 fnt
|faint|p2a: Jirachi
|
|-heal|p1a: Zamazenta|100/100 par|[from] item: Leftovers
|upkeep
|
|t:|1757875966
|switch|p2a: Salazzle|Salazzle, F|100/100
|turn|10
|
|t:|1757875971
|switch|p1a: Hoopa|Hoopa-Unbound|84/100 par
|move|p2a: Salazzle|Agility|p2a: Salazzle
|-boost|p2a: Salazzle|spe|2
|
|upkeep
|turn|11
|
|t:|1757875977
|move|p2a: Salazzle|Sludge Wave|p1a: Hoopa
|-damage|p1a: Hoopa|58/100 par
|move|p1a: Hoopa|Psychic Noise|p2a: Salazzle
|-supereffective|p2a: Salazzle
|-enditem|p2a: Salazzle|Focus Sash
|-damage|p2a: Salazzle|1/100
|-start|p2a: Salazzle|move: Heal Block
|
|upkeep
|turn|12
|
|t:|1757875988
|move|p2a: Salazzle|Flamethrower|p1a: Hoopa
|-damage|p1a: Hoopa|36/100 par
|move|p1a: Hoopa|Knock Off|p2a: Salazzle
|-damage|p2a: Salazzle|0 fnt
|faint|p2a: Salazzle
|
|upkeep
|
|t:|1757875994
|switch|p2a: Cloyster|Cloyster, M|100/100
|turn|13
|
|t:|1757875999
|move|p2a: Cloyster|Shell Smash|p2a: Cloyster
|-unboost|p2a: Cloyster|def|1
|-unboost|p2a: Cloyster|spd|1
|-boost|p2a: Cloyster|atk|2
|-boost|p2a: Cloyster|spa|2
|-boost|p2a: Cloyster|spe|2
|cant|p1a: Hoopa|par
|
|upkeep
|turn|14
|
|t:|1757876008
|move|p2a: Cloyster|Shell Smash|p2a: Cloyster
|-unboost|p2a: Cloyster|def|1
|-unboost|p2a: Cloyster|spd|1
|-boost|p2a: Cloyster|atk|2
|-boost|p2a: Cloyster|spa|2
|-boost|p2a: Cloyster|spe|2
|move|p1a: Hoopa|Drain Punch|p2a: Cloyster
|-supereffective|p2a: Cloyster
|-damage|p2a: Cloyster|8/100
|-heal|p1a: Hoopa|66/100 par|[from] drain|[of] p2a: Cloyster
|
|upkeep
|turn|15
|
|t:|1757876017
|move|p2a: Cloyster|Icicle Spear|p1a: Hoopa
|-damage|p1a: Hoopa|27/100 par
|-damage|p1a: Hoopa|0 fnt
|faint|p1a: Hoopa
|-hitcount|p1: Hoopa|2
|
|upkeep
|
|t:|1757876019
|switch|p1a: Dragonite|Dragonite, F|100/100
|turn|16
|
|t:|1757876024
|move|p1a: Dragonite|Extreme Speed|p2a: Cloyster
|-damage|p2a: Cloyster|0 fnt
|faint|p2a: Cloyster
|
|upkeep
|
|t:|1757876030
|switch|p2a: Maushold|Maushold-Four, tera:Ghost|76/100
|turn|17
|
|t:|1757876033
|move|p2a: Maushold|Population Bomb|p1a: Dragonite
|-damage|p1a: Dragonite|94/100
|-damage|p1a: Dragonite|81/100
|-damage|p1a: Dragonite|68/100
|-damage|p1a: Dragonite|55/100
|-damage|p1a: Dragonite|42/100
|-damage|p1a: Dragonite|28/100
|-damage|p1a: Dragonite|14/100
|-damage|p1a: Dragonite|2/100
|-hitcount|p1a: Dragonite|8
|move|p1a: Dragonite|Scale Shot|p2a: Maushold
|-damage|p2a: Maushold|53/100
|-damage|p2a: Maushold|30/100
|-damage|p2a: Maushold|6/100
|-damage|p2a: Maushold|0 fnt
|faint|p2a: Maushold
|-hitcount|p2: Maushold|4
|-unboost|p1a: Dragonite|def|1
|-boost|p1a: Dragonite|spe|1
|
|upkeep
|
|t:|1757876053
|switch|p2a: Yanmega|Yanmega, F|100/100
|turn|18
|
|t:|1757876055
|move|p2a: Yanmega|Protect|p2a: Yanmega
|-singleturn|p2a: Yanmega|Protect
|move|p1a: Dragonite|Extreme Speed|p2a: Yanmega
|-activate|p2a: Yanmega|move: Protect
|
|-ability|p2a: Yanmega|Speed Boost|boost
|-boost|p2a: Yanmega|spe|1
|upkeep
|turn|19
|
|t:|1757876063
|move|p1a: Dragonite|Extreme Speed|p2a: Yanmega
|-damage|p2a: Yanmega|58/100
|move|p2a: Yanmega|Ancient Power|p1a: Dragonite
|-supereffective|p1a: Dragonite
|-damage|p1a: Dragonite|0 fnt
|faint|p1a: Dragonite
|-damage|p2a: Yanmega|48/100|[from] item: Life Orb
|
|-ability|p2a: Yanmega|Speed Boost|boost
|-boost|p2a: Yanmega|spe|1
|upkeep
|
|t:|1757876067
|switch|p1a: Iron Valiant|Iron Valiant, shiny|100/100
|turn|20
|
|t:|1757876073
|move|p2a: Yanmega|Air Slash|p1a: Iron Valiant
|-supereffective|p1a: Iron Valiant
|-damage|p1a: Iron Valiant|0 fnt
|faint|p1a: Iron Valiant
|-end|p1a: Iron Valiant|Quark Drive|[silent]
|-damage|p2a: Yanmega|39/100|[from] item: Life Orb
|
|-ability|p2a: Yanmega|Speed Boost|boost
|-boost|p2a: Yanmega|spe|1
|upkeep
|
|t:|1757876077
|switch|p1a: Iron Treads|Iron Treads|100/100
|turn|21
|
|t:|1757876081
|move|p2a: Yanmega|Air Slash|p1a: Iron Treads
|-resisted|p1a: Iron Treads
|-damage|p1a: Iron Treads|62/100
|-damage|p2a: Yanmega|29/100|[from] item: Life Orb
|move|p1a: Iron Treads|Ice Spinner|p2a: Yanmega
|-supereffective|p2a: Yanmega
|-damage|p2a: Yanmega|0 fnt
|faint|p2a: Yanmega
|
|win|abbyboob
|raw|abbyboob's rating: 1404 &rarr; <strong>1424</strong><br />(+20 for winning)
|raw|Princessjosie1001!'s rating: 1396 &rarr; <strong>1376</strong><br />(-20 for losing)
|l|☆Princessjosie1001!
|player|p2|
|l|☆abbyboob
|player|p1|
