|j|☆Pokeguy7777
|j|☆never_win_true
|t:|1757823569
|gametype|singles
|player|p1|Pokeguy7777|101|1295
|player|p2|never_win_true|unknown|1341
|gen|9
|tier|[Gen 9] OU
|rated|
|rule|HP Percentage Mod: HP is shown in percentages
|rule|Endless Battle Clause: Forcing endless battles is banned
|rule|Species Clause: Limit one of each Pokémon
|rule|OHKO Clause: OHKO moves are banned
|rule|Evasion Items Clause: Evasion items are banned
|rule|Evasion Moves Clause: Evasion moves are banned
|rule|Evasion Abilities Clause: Evasion abilities are banned
|rule|Sleep Moves Clause: Sleep-inducing moves are banned
|clearpoke
|poke|p1|Cinderace, F|
|poke|p1|Maushold|
|poke|p1|Gholdengo|
|poke|p1|Comfey, M|
|poke|p1|Araquanid, M|
|poke|p1|Garganacl, M|
|poke|p2|Kingambit, M|
|poke|p2|Hatterene, F|
|poke|p2|Rillaboom, M|
|poke|p2|Raging Bolt|
|poke|p2|Cinderace, F|
|poke|p2|Enamorus, F|
|teampreview
|
|t:|1757823574
|teamsize|p1|6
|teamsize|p2|6
|start
|switch|p1a: Cinderace|Cinderace, F|100/100
|switch|p2a: Rillaboom|Rillaboom, M|100/100
|-fieldstart|move: Grassy Terrain|[from] ability: Grassy Surge|[of] p2a: Rillaboom
|turn|1
|
|t:|1757823581
|-terastallize|p2a: Rillaboom|Fire
|move|p1a: Cinderace|Flare Blitz|p2a: Rillaboom
|-resisted|p2a: Rillaboom
|-damage|p2a: Rillaboom|69/100
|-damage|p1a: Cinderace|89/100|[from] Recoil
|move|p2a: Rillaboom|High Horsepower|p1a: Cinderace
|-supereffective|p1a: Cinderace
|-damage|p1a: Cinderace|0 fnt
|faint|p1a: Cinderace
|
|-heal|p2a: Rillaboom|75/100|[from] Grassy Terrain
|upkeep
|
|t:|1757823606
|switch|p1a: Maushold|Maushold|100/100
|turn|2
|
|t:|1757823621
|move|p1a: Maushold|Population Bomb|p2a: Rillaboom
|-damage|p2a: Rillaboom|63/100
|-damage|p2a: Rillaboom|52/100
|-damage|p2a: Rillaboom|41/100
|-damage|p2a: Rillaboom|29/100
|-damage|p2a: Rillaboom|17/100
|-damage|p2a: Rillaboom|6/100
|-damage|p2a: Rillaboom|0 fnt
|faint|p2a: Rillaboom
|-hitcount|p2: Rillaboom|7
|
|upkeep
|
|t:|1757823636
|switch|p2a: Enamorus|Enamorus, F|100/100
|turn|3
|
|t:|1757823643
|-terastallize|p1a: Maushold|Ghost
|move|p2a: Enamorus|Moonblast|p1a: Maushold
|-damage|p1a: Maushold|17/100
|move|p1a: Maushold|Tidy Up|p1a: Maushold
|-boost|p1a: Maushold|atk|1
|-boost|p1a: Maushold|spe|1
|
|-heal|p1a: Maushold|24/100|[from] Grassy Terrain
|upkeep
|turn|4
|
|t:|1757823654
|move|p1a: Maushold|Population Bomb|p2a: Enamorus
|-damage|p2a: Enamorus|76/100
|-damage|p2a: Enamorus|50/100
|-damage|p2a: Enamorus|28/100
|-damage|p2a: Enamorus|2/100
|-damage|p2a: Enamorus|0 fnt
|faint|p2a: Enamorus
|-hitcount|p2: Enamorus|5
|
|-heal|p1a: Maushold|30/100|[from] Grassy Terrain
|upkeep
|
|t:|1757823664
|switch|p2a: Kingambit|Kingambit, M|100/100
|-activate|p2a: Kingambit|ability: Supreme Overlord
|-start|p2a: Kingambit|fallen2|[silent]
|turn|5
|
|t:|1757823669
|move|p2a: Kingambit|Sucker Punch||[still]
|-fail|p2a: Kingambit
|move|p1a: Maushold|Encore|p2a: Kingambit
|-start|p2a: Kingambit|Encore
|
|-heal|p1a: Maushold|36/100|[from] Grassy Terrain
|-fieldend|move: Grassy Terrain
|upkeep
|turn|6
|-message|never_win_true forfeited.
|
|win|Pokeguy7777
|raw|Pokeguy7777's rating: 1295 &rarr; <strong>1323</strong><br />(+28 for winning)
|raw|never_win_true's rating: 1341 &rarr; <strong>1318</strong><br />(-23 for losing)
|l|☆never_win_true
|player|p2|
|l|☆Pokeguy7777
|player|p1|
