|j|☆evan texier
|j|☆SpatialFox
|t:|1757874918
|gametype|singles
|player|p1|evan texier|cyrus|1116
|player|p2|SpatialFox|gardenia|1086
|gen|9
|tier|[Gen 9] OU
|rated|
|rule|HP Percentage Mod: HP is shown in percentages
|rule|Endless Battle Clause: Forcing endless battles is banned
|rule|Species Clause: Limit one of each Pokémon
|rule|OHKO Clause: OHKO moves are banned
|rule|Evasion Items Clause: Evasion items are banned
|rule|Evasion Moves Clause: Evasion moves are banned
|rule|Evasion Abilities Clause: Evasion abilities are banned
|rule|Sleep Moves Clause: Sleep-inducing moves are banned
|clearpoke
|poke|p1|Galvantula, F|
|poke|p1|Hawlucha, M|
|poke|p1|Great Tusk|
|poke|p1|Gholdengo|
|poke|p1|Clodsire, M|
|poke|p1|Ting-Lu|
|poke|p2|Gliscor, F|
|poke|p2|Cinderace, F|
|poke|p2|Galvantula, M|
|poke|p2|Deoxys-Defense|
|poke|p2|Iron Treads|
|poke|p2|Clawitzer, F|
|teampreview
|inactive|Battle timer is ON: inactive players will automatically lose when time's up. (requested by evan texier)
|inactive|evan texier has 120 seconds left.
|
|t:|1757874970
|teamsize|p1|6
|teamsize|p2|6
|start
|switch|p1a: Villeurbanne|Galvantula, F|100/100
|switch|p2a: Galvantula|Galvantula, M, shiny|100/100
|turn|1
|c|☆evan texier|Hey
|c|☆evan texier|It's like the Spider man meme
|
|t:|1757874989
|switch|p1a: Fils De Donphan|Great Tusk|100/100
|move|p2a: Galvantula|Sticky Web|p1a: Fils De Donphan
|-sidestart|p1: evan texier|move: Sticky Web
|
|upkeep
|turn|2
|c|☆SpatialFox|YEah man XDDD
|
|t:|1757874995
|move|p2a: Galvantula|Giga Drain|p1a: Fils De Donphan
|-supereffective|p1a: Fils De Donphan
|-damage|p1a: Fils De Donphan|46/100
|move|p1a: Fils De Donphan|Rapid Spin|p2a: Galvantula
|-damage|p2a: Galvantula|74/100
|-boost|p1a: Fils De Donphan|spe|1
|-sideend|p1: evan texier|Sticky Web|[from] move: Rapid Spin|[of] p1a: Fils De Donphan
|
|-heal|p1a: Fils De Donphan|52/100|[from] item: Leftovers
|upkeep
|turn|3
|
|t:|1757875007
|switch|p2a: Gliscor|Gliscor, F, shiny|100/100
|move|p1a: Fils De Donphan|Headlong Rush|p2a: Gliscor
|-immune|p2a: Gliscor
|
|-heal|p1a: Fils De Donphan|58/100|[from] item: Leftovers
|-status|p2a: Gliscor|tox|[from] item: Toxic Orb
|upkeep
|turn|4
|inactive|evan texier has 120 seconds left.
|
|t:|1757875039
|move|p1a: Fils De Donphan|Knock Off|p2a: Gliscor
|-damage|p2a: Gliscor|79/100 tox
|-enditem|p2a: Gliscor|Toxic Orb|[from] move: Knock Off|[of] p1a: Fils De Donphan
|move|p2a: Gliscor|Knock Off|p1a: Fils De Donphan
|-resisted|p1a: Fils De Donphan
|-damage|p1a: Fils De Donphan|50/100
|-enditem|p1a: Fils De Donphan|Leftovers|[from] move: Knock Off|[of] p2a: Gliscor
|
|-heal|p2a: Gliscor|92/100 tox|[from] ability: Poison Heal
|upkeep
|turn|5
|inactive|evan texier has 120 seconds left.
|
|t:|1757875063
|-end|p1a: Fils De Donphan|Protosynthesis|[silent]
|switch|p1a: Darkamel|Ting-Lu|100/100
|-ability|p1a: Darkamel|Vessel of Ruin
|move|p2a: Gliscor|Earthquake|p1a: Darkamel
|-damage|p1a: Darkamel|85/100
|
|-heal|p1a: Darkamel|91/100|[from] item: Leftovers
|-heal|p2a: Gliscor|100/100 tox|[from] ability: Poison Heal
|upkeep
|turn|6
|
|t:|1757875067
|switch|p2a: Galvantula|Galvantula, M, shiny|74/100
|move|p1a: Darkamel|Stealth Rock|p2a: Galvantula
|-sidestart|p2: SpatialFox|move: Stealth Rock
|
|-heal|p1a: Darkamel|98/100|[from] item: Leftovers
|upkeep
|turn|7
|
|t:|1757875074
|move|p2a: Galvantula|Sticky Web|p1a: Darkamel
|-sidestart|p1: evan texier|move: Sticky Web
|move|p1a: Darkamel|Spikes|p2a: Galvantula
|-sidestart|p2: SpatialFox|Spikes
|
|-heal|p1a: Darkamel|100/100|[from] item: Leftovers
|upkeep
|turn|8
|
|t:|1757875078
|move|p2a: Galvantula|Giga Drain|p1a: Darkamel
|-supereffective|p1a: Darkamel
|-damage|p1a: Darkamel|82/100
|-heal|p2a: Galvantula|87/100|[from] drain|[of] p1a: Darkamel
|move|p1a: Darkamel|Spikes|p2a: Galvantula
|-sidestart|p2: SpatialFox|Spikes
|
|-heal|p1a: Darkamel|88/100|[from] item: Leftovers
|upkeep
|turn|9
|
|t:|1757875085
|move|p2a: Galvantula|Giga Drain|p1a: Darkamel
|-supereffective|p1a: Darkamel
|-damage|p1a: Darkamel|66/100
|-heal|p2a: Galvantula|100/100|[from] drain|[of] p1a: Darkamel
|move|p1a: Darkamel|Spikes|p2a: Galvantula
|-sidestart|p2: SpatialFox|Spikes
|
|-heal|p1a: Darkamel|73/100|[from] item: Leftovers
|upkeep
|turn|10
|
|t:|1757875094
|move|p2a: Galvantula|Giga Drain|p1a: Darkamel
|-supereffective|p1a: Darkamel
|-damage|p1a: Darkamel|51/100
|move|p1a: Darkamel|Whirlwind|p2a: Galvantula
|drag|p2a: Gliscor|Gliscor, F, shiny|100/100 tox
|-damage|p2a: Gliscor|88/100 tox|[from] Stealth Rock
|
|-heal|p1a: Darkamel|57/100|[from] item: Leftovers
|-heal|p2a: Gliscor|100/100 tox|[from] ability: Poison Heal
|upkeep
|turn|11
|
|t:|1757875102
|switch|p2a: Iron Treads|Iron Treads, shiny|100/100
|-damage|p2a: Iron Treads|97/100|[from] Stealth Rock
|-damage|p2a: Iron Treads|72/100|[from] Spikes
|-enditem|p2a: Iron Treads|Booster Energy
|-activate|p2a: Iron Treads|ability: Quark Drive|[fromitem]
|-start|p2a: Iron Treads|quarkdrivespe
|move|p1a: Darkamel|Whirlwind|p2a: Iron Treads
|-end|p2a: Iron Treads|Quark Drive|[silent]
|drag|p2a: Gliscor|Gliscor, F, shiny|100/100 tox
|-damage|p2a: Gliscor|88/100 tox|[from] Stealth Rock
|
|-heal|p1a: Darkamel|63/100|[from] item: Leftovers
|-heal|p2a: Gliscor|100/100 tox|[from] ability: Poison Heal
|upkeep
|turn|12
|
|t:|1757875106
|move|p2a: Gliscor|Knock Off|p1a: Darkamel
|-resisted|p1a: Darkamel
|-damage|p1a: Darkamel|58/100
|-enditem|p1a: Darkamel|Leftovers|[from] move: Knock Off|[of] p2a: Gliscor
|move|p1a: Darkamel|Whirlwind|p2a: Gliscor
|drag|p2a: Deoxys|Deoxys-Defense|100/100
|-damage|p2a: Deoxys|88/100|[from] Stealth Rock
|-damage|p2a: Deoxys|63/100|[from] Spikes
|-ability|p2a: Deoxys|Pressure
|
|-heal|p2a: Deoxys|69/100|[from] item: Leftovers
|upkeep
|turn|13
|
|t:|1757875118
|move|p2a: Deoxys|Night Shade|p1a: Darkamel
|-damage|p1a: Darkamel|36/100
|move|p1a: Darkamel|Whirlwind|p2a: Deoxys
|drag|p2a: Galvantula|Galvantula, M, shiny|100/100
|-damage|p2a: Galvantula|75/100|[from] Stealth Rock
|-damage|p2a: Galvantula|50/100|[from] Spikes
|
|upkeep
|turn|14
|
|t:|1757875123
|move|p2a: Galvantula|Giga Drain|p1a: Darkamel
|-supereffective|p1a: Darkamel
|-damage|p1a: Darkamel|16/100
|-heal|p2a: Galvantula|65/100|[from] drain|[of] p1a: Darkamel
|move|p1a: Darkamel|Whirlwind|p2a: Galvantula
|drag|p2a: Iron Treads|Iron Treads, shiny|72/100
|-damage|p2a: Iron Treads|69/100|[from] Stealth Rock
|-damage|p2a: Iron Treads|44/100|[from] Spikes
|
|upkeep
|turn|15
|
|t:|1757875128
|switch|p1a: Ficello|Gholdengo|100/100
|-activate|p1a: Ficello|move: Sticky Web
|-unboost|p1a: Ficello|spe|1
|move|p2a: Iron Treads|Rapid Spin|p1a: Ficello
|-immune|p1a: Ficello
|
|upkeep
|turn|16
|
|t:|1757875136
|move|p2a: Iron Treads|Earthquake|p1a: Ficello
|-supereffective|p1a: Ficello
|-damage|p1a: Ficello|0 fnt
|faint|p1a: Ficello
|
|upkeep
|
|t:|1757875141
|switch|p1a: Fils De Donphan|Great Tusk|50/100
|-activate|p1a: Fils De Donphan|move: Sticky Web
|-unboost|p1a: Fils De Donphan|spe|1
|turn|17
|
|t:|1757875146
|move|p2a: Iron Treads|Rapid Spin|p1a: Fils De Donphan
|-damage|p1a: Fils De Donphan|41/100
|-boost|p2a: Iron Treads|spe|1
|-sideend|p2: SpatialFox|Spikes|[from] move: Rapid Spin|[of] p2a: Iron Treads
|-sideend|p2: SpatialFox|Stealth Rock|[from] move: Rapid Spin|[of] p2a: Iron Treads
|move|p1a: Fils De Donphan|Rapid Spin|p2a: Iron Treads
|-resisted|p2a: Iron Treads
|-damage|p2a: Iron Treads|37/100
|-boost|p1a: Fils De Donphan|spe|1
|-sideend|p1: evan texier|Sticky Web|[from] move: Rapid Spin|[of] p1a: Fils De Donphan
|
|upkeep
|turn|18
|
|t:|1757875154
|move|p2a: Iron Treads|Earthquake|p1a: Fils De Donphan
|-damage|p1a: Fils De Donphan|10/100
|move|p1a: Fils De Donphan|Close Combat|p2a: Iron Treads
|-supereffective|p2a: Iron Treads
|-damage|p2a: Iron Treads|0 fnt
|-unboost|p1a: Fils De Donphan|def|1
|-unboost|p1a: Fils De Donphan|spd|1
|faint|p2a: Iron Treads
|-end|p2a: Iron Treads|Quark Drive|[silent]
|
|upkeep
|
|t:|1757875163
|switch|p2a: Galvantula|Galvantula, M, shiny|65/100
|turn|19
|
|t:|1757875165
|move|p2a: Galvantula|Giga Drain|p1a: Fils De Donphan
|-supereffective|p1a: Fils De Donphan
|-damage|p1a: Fils De Donphan|0 fnt
|-heal|p2a: Galvantula|71/100|[from] drain|[of] p1a: Fils De Donphan
|faint|p1a: Fils De Donphan
|-end|p1a: Fils De Donphan|Protosynthesis|[silent]
|
|upkeep
|
|t:|1757875169
|switch|p1a: Villeurbanne|Galvantula, F|100/100
|turn|20
|
|t:|1757875175
|move|p1a: Villeurbanne|Sticky Web|p2a: Galvantula
|-sidestart|p2: SpatialFox|move: Sticky Web
|move|p2a: Galvantula|Sticky Web|p1a: Villeurbanne
|-sidestart|p1: evan texier|move: Sticky Web
|
|upkeep
|turn|21
|
|t:|1757875183
|switch|p2a: Deoxys|Deoxys-Defense|69/100
|-activate|p2a: Deoxys|move: Sticky Web
|-unboost|p2a: Deoxys|spe|1
|-ability|p2a: Deoxys|Pressure
|move|p1a: Villeurbanne|Bug Buzz|p2a: Deoxys
|-supereffective|p2a: Deoxys
|-damage|p2a: Deoxys|24/100
|
|-heal|p2a: Deoxys|30/100|[from] item: Leftovers
|upkeep
|turn|22
|
|t:|1757875186
|move|p1a: Villeurbanne|Bug Buzz|p2a: Deoxys
|-supereffective|p2a: Deoxys
|-damage|p2a: Deoxys|0 fnt
|faint|p2a: Deoxys
|
|upkeep
|
|t:|1757875191
|switch|p2a: Cinderace|Cinderace, F, shiny|100/100
|turn|23
|
|t:|1757875195
|move|p1a: Villeurbanne|Thunder|p2a: Cinderace
|-damage|p2a: Cinderace|39/100
|move|p2a: Cinderace|Pyro Ball|p1a: Villeurbanne
|-supereffective|p1a: Villeurbanne
|-damage|p1a: Villeurbanne|0 fnt
|faint|p1a: Villeurbanne
|
|upkeep
|
|t:|1757875201
|switch|p1a: Lil' goofy fat guy|Clodsire, M|100/100
|-activate|p1a: Lil' goofy fat guy|move: Sticky Web
|-unboost|p1a: Lil' goofy fat guy|spe|1
|turn|24
|
|t:|1757875207
|move|p2a: Cinderace|U-turn|p1a: Lil' goofy fat guy
|-start|p2a: Cinderace|typechange|Bug|[from] ability: Libero
|-resisted|p1a: Lil' goofy fat guy
|-damage|p1a: Lil' goofy fat guy|82/100
|
|t:|1757875210
|switch|p2a: Gliscor|Gliscor, F, shiny|100/100 tox|[from] U-turn
|move|p1a: Lil' goofy fat guy|Toxic|p2a: Gliscor
|-fail|p2a: Gliscor|tox
|
|-heal|p1a: Lil' goofy fat guy|89/100|[from] item: Black Sludge
|upkeep
|turn|25
|
|t:|1757875214
|move|p2a: Gliscor|Knock Off|p1a: Lil' goofy fat guy
|-damage|p1a: Lil' goofy fat guy|70/100
|-enditem|p1a: Lil' goofy fat guy|Black Sludge|[from] move: Knock Off|[of] p2a: Gliscor
|move|p1a: Lil' goofy fat guy|Toxic Spikes|p2a: Gliscor
|-sidestart|p2: SpatialFox|move: Toxic Spikes
|
|upkeep
|turn|26
|
|t:|1757875220
|move|p2a: Gliscor|Stealth Rock|p1a: Lil' goofy fat guy
|-sidestart|p1: evan texier|move: Stealth Rock
|move|p1a: Lil' goofy fat guy|Toxic Spikes|p2a: Gliscor
|-sidestart|p2: SpatialFox|move: Toxic Spikes
|
|upkeep
|turn|27
|
|t:|1757875227
|switch|p1a: Brutalibré|Hawlucha, M|100/100
|-damage|p1a: Brutalibré|88/100|[from] Stealth Rock
|move|p2a: Gliscor|Earthquake|p1a: Brutalibré
|-immune|p1a: Brutalibré
|
|upkeep
|turn|28
|
|t:|1757875231
|move|p1a: Brutalibré|Swords Dance|p1a: Brutalibré
|-boost|p1a: Brutalibré|atk|2
|move|p2a: Gliscor|Knock Off|p1a: Brutalibré
|-resisted|p1a: Brutalibré
|-damage|p1a: Brutalibré|72/100
|-enditem|p1a: Brutalibré|White Herb|[from] move: Knock Off|[of] p2a: Gliscor
|
|upkeep
|turn|29
|
|t:|1757875239
|switch|p2a: Cinderace|Cinderace, F, shiny|39/100
|move|p1a: Brutalibré|Swords Dance|p1a: Brutalibré
|-boost|p1a: Brutalibré|atk|2
|
|upkeep
|turn|30
|
|t:|1757875249
|-terastallize|p1a: Brutalibré|Flying
|move|p1a: Brutalibré|Acrobatics|p2a: Cinderace
|-damage|p2a: Cinderace|0 fnt
|faint|p2a: Cinderace
|
|upkeep
|
|t:|1757875259
|switch|p2a: Galvantula|Galvantula, M, shiny|71/100
|-activate|p2a: Galvantula|move: Sticky Web
|-unboost|p2a: Galvantula|spe|1
|-status|p2a: Galvantula|tox
|turn|31
|
|t:|1757875264
|move|p1a: Brutalibré|Acrobatics|p2a: Galvantula
|-damage|p2a: Galvantula|0 fnt
|faint|p2a: Galvantula
|
|upkeep
|
|t:|1757875267
|switch|p2a: Clawitzer|Clawitzer, F|100/100
|-activate|p2a: Clawitzer|move: Sticky Web
|-unboost|p2a: Clawitzer|spe|1
|-status|p2a: Clawitzer|tox
|turn|32
|c|☆evan texier|GG
|
|t:|1757875274
|-terastallize|p2a: Clawitzer|Water
|move|p1a: Brutalibré|Acrobatics|p2a: Clawitzer
|-damage|p2a: Clawitzer|0 fnt
|faint|p2a: Clawitzer
|
|upkeep
|c|☆evan texier|I win
|c|☆SpatialFox|gg
|
|t:|1757875281
|switch|p2a: Gliscor|Gliscor, F, shiny|100/100 tox
|turn|33
|
|t:|1757875297
|move|p1a: Brutalibré|Acrobatics|p2a: Gliscor
|-damage|p2a: Gliscor|0 fnt
|faint|p2a: Gliscor
|
|win|evan texier
|raw|evan texier's rating: 1116 &rarr; <strong>1139</strong><br />(+23 for winning)
|raw|SpatialFox's rating: 1086 &rarr; <strong>1065</strong><br />(-21 for losing)
