|j|☆fuhfyjddhh
|j|☆yey_97
|t:|1757883177
|gametype|singles
|player|p1|fuhfyjddhh|pryce|1541
|player|p2|yey_97|lucas-gen4pt|1497
|gen|9
|tier|[Gen 9] OU
|rated|
|rule|HP Percentage Mod: HP is shown in percentages
|rule|Endless Battle Clause: Forcing endless battles is banned
|rule|Species Clause: Limit one of each Pokémon
|rule|OHKO Clause: OHKO moves are banned
|rule|Evasion Items Clause: Evasion items are banned
|rule|Evasion Moves Clause: Evasion moves are banned
|rule|Evasion Abilities Clause: Evasion abilities are banned
|rule|Sleep Moves Clause: Sleep-inducing moves are banned
|clearpoke
|poke|p1|Ribombee, F|
|poke|p1|Gholdengo|
|poke|p1|Greninja-*, M|
|poke|p1|Tornadus-Therian, M|
|poke|p1|Weavile, F|
|poke|p1|Darkrai|
|poke|p2|Skeledirge, M|
|poke|p2|Meowscarada, F|
|poke|p2|Iron Valiant|
|poke|p2|Great Tusk|
|poke|p2|Toxapex, M|
|poke|p2|Gholdengo|
|teampreview
|inactive|Battle timer is ON: inactive players will automatically lose when time's up. (requested by yey_97)
|
|t:|1757883186
|teamsize|p1|6
|teamsize|p2|6
|start
|switch|p1a: Ribombee|Ribombee, F|100/100
|switch|p2a: Toxapex|Toxapex, M|100/100
|turn|1
|
|t:|1757883192
|move|p1a: Ribombee|Stun Spore|p2a: Toxapex
|-status|p2a: Toxapex|par
|move|p2a: Toxapex|Sludge Bomb|p1a: Ribombee
|-supereffective|p1a: Ribombee
|-damage|p1a: Ribombee|2/100
|
|upkeep
|turn|2
|
|t:|1757883198
|move|p1a: Ribombee|Sticky Web|p2a: Toxapex
|-sidestart|p2: yey_97|move: Sticky Web
|move|p2a: Toxapex|Sludge Bomb|p1a: Ribombee
|-supereffective|p1a: Ribombee
|-damage|p1a: Ribombee|0 fnt
|faint|p1a: Ribombee
|
|upkeep
|
|t:|1757883205
|switch|p1a: Gholdengo|Gholdengo|100/100
|-item|p1a: Gholdengo|Air Balloon
|turn|3
|
|t:|1757883208
|move|p1a: Gholdengo|Nasty Plot|p1a: Gholdengo
|-boost|p1a: Gholdengo|spa|2
|cant|p2a: Toxapex|par
|
|upkeep
|turn|4
|
|t:|1757883212
|move|p1a: Gholdengo|Make It Rain|p2a: Toxapex
|-resisted|p2a: Toxapex
|-damage|p2a: Toxapex|50/100 par
|-unboost|p1a: Gholdengo|spa|1
|move|p2a: Toxapex|Surf|p1a: Gholdengo
|-damage|p1a: Gholdengo|68/100
|-enditem|p1a: Gholdengo|Air Balloon
|
|upkeep
|turn|5
|
|t:|1757883221
|move|p1a: Gholdengo|Nasty Plot|p1a: Gholdengo
|-boost|p1a: Gholdengo|spa|2
|move|p2a: Toxapex|Surf|p1a: Gholdengo
|-damage|p1a: Gholdengo|34/100
|
|upkeep
|turn|6
|
|t:|1757883225
|switch|p2a: Gholdengo|Gholdengo|100/100
|-activate|p2a: Gholdengo|move: Sticky Web
|-unboost|p2a: Gholdengo|spe|1
|move|p1a: Gholdengo|Shadow Ball|p2a: Gholdengo
|-supereffective|p2a: Gholdengo
|-damage|p2a: Gholdengo|0 fnt
|faint|p2a: Gholdengo
|
|upkeep
|
|t:|1757883229
|switch|p2a: Meowscarada|Meowscarada, F|100/100
|-activate|p2a: Meowscarada|move: Sticky Web
|-unboost|p2a: Meowscarada|spe|1
|turn|7
|
|t:|1757883237
|-terastallize|p1a: Gholdengo|Fairy
|move|p1a: Gholdengo|Make It Rain|p2a: Meowscarada
|-enditem|p2a: Meowscarada|Focus Sash
|-damage|p2a: Meowscarada|1/100
|-unboost|p1a: Gholdengo|spa|1
|move|p2a: Meowscarada|Knock Off|p1a: Gholdengo
|-resisted|p1a: Gholdengo
|-damage|p1a: Gholdengo|17/100
|
|upkeep
|turn|8
|
|t:|1757883247
|move|p1a: Gholdengo|Recover|p1a: Gholdengo
|-heal|p1a: Gholdengo|67/100
|move|p2a: Meowscarada|Flower Trick|p1a: Gholdengo
|-crit|p1a: Gholdengo
|-damage|p1a: Gholdengo|0 fnt
|faint|p1a: Gholdengo
|
|upkeep
|
|t:|1757883254
|switch|p1a: Weavile|Weavile, F|100/100
|-ability|p1a: Weavile|Pressure
|turn|9
|
|t:|1757883261
|move|p1a: Weavile|Knock Off|p2a: Meowscarada
|-resisted|p2a: Meowscarada
|-damage|p2a: Meowscarada|0 fnt
|faint|p2a: Meowscarada
|
|upkeep
|
|t:|1757883264
|switch|p2a: Skeledirge|Skeledirge, M|100/100
|turn|10
|
|t:|1757883268
|-terastallize|p2a: Skeledirge|Water
|move|p1a: Weavile|Knock Off|p2a: Skeledirge
|-damage|p2a: Skeledirge|70/100
|-enditem|p2a: Skeledirge|Heavy-Duty Boots|[from] move: Knock Off|[of] p1a: Weavile
|move|p2a: Skeledirge|Will-O-Wisp|p1a: Weavile|[miss]
|-miss|p2a: Skeledirge|p1a: Weavile
|
|upkeep
|turn|11
|
|t:|1757883276
|switch|p1a: Greninja|Greninja, M|100/100
|move|p2a: Skeledirge|Torch Song|p1a: Greninja
|-resisted|p1a: Greninja
|-damage|p1a: Greninja|76/100
|-boost|p2a: Skeledirge|spa|1
|
|upkeep
|turn|12
|
|t:|1757883282
|move|p1a: Greninja|Dark Pulse|p2a: Skeledirge
|-damage|p2a: Skeledirge|28/100
|-damage|p1a: Greninja|66/100|[from] item: Life Orb
|cant|p2a: Skeledirge|flinch
|
|upkeep
|turn|13
|
|t:|1757883288
|move|p1a: Greninja|Dark Pulse|p2a: Skeledirge
|-damage|p2a: Skeledirge|0 fnt
|faint|p2a: Skeledirge
|-ability|p1a: Greninja|Battle Bond|boost
|-boost|p1a: Greninja|atk|1
|-boost|p1a: Greninja|spa|1
|-boost|p1a: Greninja|spe|1
|-activate|p1a: Greninja|ability: Battle Bond
|-damage|p1a: Greninja|56/100|[from] item: Life Orb
|
|upkeep
|
|t:|1757883290
|switch|p2a: Toxapex|Toxapex, M|83/100 par
|-activate|p2a: Toxapex|move: Sticky Web
|-unboost|p2a: Toxapex|spe|1
|turn|14
|
|t:|1757883294
|move|p1a: Greninja|Dark Pulse|p2a: Toxapex
|-damage|p2a: Toxapex|26/100 par
|-damage|p1a: Greninja|46/100|[from] item: Life Orb
|move|p2a: Toxapex|Sludge Bomb|p1a: Greninja
|-damage|p1a: Greninja|0 fnt
|faint|p1a: Greninja
|
|upkeep
|
|t:|1757883303
|switch|p1a: Tornadus|Tornadus-Therian, M|100/100
|turn|15
|
|t:|1757883307
|move|p1a: Tornadus|Taunt|p2a: Toxapex
|-start|p2a: Toxapex|move: Taunt
|move|p2a: Toxapex|Sludge Bomb|p1a: Tornadus
|-damage|p1a: Tornadus|63/100
|
|upkeep
|turn|16
|
|t:|1757883309
|move|p1a: Tornadus|Nasty Plot|p1a: Tornadus
|-boost|p1a: Tornadus|spa|2
|move|p2a: Toxapex|Sludge Bomb|p1a: Tornadus
|-damage|p1a: Tornadus|28/100
|
|upkeep
|turn|17
|
|t:|1757883313
|move|p1a: Tornadus|Bleakwind Storm|p2a: Toxapex
|-damage|p2a: Toxapex|0 fnt
|faint|p2a: Toxapex
|
|upkeep
|
|t:|1757883314
|switch|p2a: Great Tusk|Great Tusk|100/100
|-activate|p2a: Great Tusk|move: Sticky Web
|-unboost|p2a: Great Tusk|spe|1
|turn|18
|
|t:|1757883318
|move|p1a: Tornadus|Bleakwind Storm|p2a: Great Tusk
|-supereffective|p2a: Great Tusk
|-damage|p2a: Great Tusk|0 fnt
|faint|p2a: Great Tusk
|-end|p2a: Great Tusk|Protosynthesis|[silent]
|
|upkeep
|
|t:|1757883321
|switch|p2a: Iron Valiant|Iron Valiant|100/100
|-activate|p2a: Iron Valiant|move: Sticky Web
|-unboost|p2a: Iron Valiant|spe|1
|-enditem|p2a: Iron Valiant|Booster Energy
|-activate|p2a: Iron Valiant|ability: Quark Drive|[fromitem]
|-start|p2a: Iron Valiant|quarkdriveatk
|turn|19
|
|t:|1757883323
|move|p1a: Tornadus|Bleakwind Storm|p2a: Iron Valiant
|-supereffective|p2a: Iron Valiant
|-damage|p2a: Iron Valiant|0 fnt
|faint|p2a: Iron Valiant
|-end|p2a: Iron Valiant|Quark Drive|[silent]
|
|win|fuhfyjddhh
|raw|fuhfyjddhh's rating: 1541 &rarr; <strong>1558</strong><br />(+17 for winning)
|raw|yey_97's rating: 1497 &rarr; <strong>1480</strong><br />(-17 for losing)
|l|☆yey_97
|player|p2|
