|j|☆WiildSide
|j|☆Loomie
|t:|1757787032
|gametype|singles
|player|p1|WiildSide|169|1225
|player|p2|Loomie|drake-gen3|1259
|gen|9
|tier|[Gen 9] OU
|rated|
|rule|HP Percentage Mod: HP is shown in percentages
|rule|Endless Battle Clause: Forcing endless battles is banned
|rule|Species Clause: Limit one of each Pokémon
|rule|OHKO Clause: OHKO moves are banned
|rule|Evasion Items Clause: Evasion items are banned
|rule|Evasion Moves Clause: Evasion moves are banned
|rule|Evasion Abilities Clause: Evasion abilities are banned
|rule|Sleep Moves Clause: Sleep-inducing moves are banned
|clearpoke
|poke|p1|Samurott-Hisui, F|
|poke|p1|Kyurem|
|poke|p1|Iron Crown|
|poke|p1|Dragapult, M|
|poke|p1|Great Tusk|
|poke|p1|Hydrapple, F|
|poke|p2|Hitmonchan, M|
|poke|p2|Slaking, M|
|poke|p2|Hypno, F|
|poke|p2|Kingambit, F|
|poke|p2|Dondozo, F|
|poke|p2|Clefable, M|
|teampreview
|inactive|Battle timer is ON: inactive players will automatically lose when time's up. (requested by WiildSide)
|
|t:|1757787060
|teamsize|p1|6
|teamsize|p2|6
|start
|switch|p1a: Samurott|Samurott-Hisui, F|100/100
|switch|p2a: Slaking|Slaking, M|100/100
|turn|1
|
|t:|1757787065
|move|p2a: Slaking|Drain Punch|p1a: Samurott
|-supereffective|p1a: Samurott
|-enditem|p1a: Samurott|Focus Sash
|-damage|p1a: Samurott|1/100
|move|p1a: Samurott|Ceaseless Edge|p2a: Slaking
|-damage|p2a: Slaking|66/100
|-sidestart|p2: Loomie|Spikes
|
|upkeep
|turn|2
|
|t:|1757787090
|switch|p2a: Hitmonchan|Hitmonchan, M|100/100
|-damage|p2a: Hitmonchan|88/100|[from] Spikes
|switch|p1a: Dragapult|Dragapult, M, shiny|100/100
|
|upkeep
|turn|3
|
|t:|1757787098
|move|p1a: Dragapult|Dragon Darts|p2a: Hitmonchan
|-damage|p2a: Hitmonchan|26/100
|-anim|p1a: Dragapult|Dragon Darts|p2a: Hitmonchan
|-damage|p2a: Hitmonchan|0 fnt
|faint|p2a: Hitmonchan
|
|upkeep
|
|t:|1757787119
|switch|p2a: Clefable|Clefable, M|100/100
|-damage|p2a: Clefable|88/100|[from] Spikes
|turn|4
|
|t:|1757787127
|switch|p1a: Samurott|Samurott-Hisui, F|1/100
|move|p2a: Clefable|Calm Mind|p2a: Clefable
|-boost|p2a: Clefable|spa|1
|-boost|p2a: Clefable|spd|1
|
|upkeep
|turn|5
|
|t:|1757787133
|move|p1a: Samurott|Taunt|p2a: Clefable
|-start|p2a: Clefable|move: Taunt
|cant|p2a: Clefable|move: Taunt|Wish
|
|upkeep
|turn|6
|inactive|WiildSide has 120 seconds left.
|inactive|WiildSide has 90 seconds left.
|
|t:|1757787200
|move|p1a: Samurott|Ceaseless Edge|p2a: Clefable
|-resisted|p2a: Clefable
|-damage|p2a: Clefable|72/100
|-sidestart|p2: Loomie|Spikes
|move|p2a: Clefable|Draining Kiss|p1a: Samurott
|-supereffective|p1a: Samurott
|-damage|p1a: Samurott|0 fnt
|-heal|p2a: Clefable|72/100|[from] drain|[of] p1a: Samurott
|faint|p1a: Samurott
|
|upkeep
|
|t:|1757787218
|switch|p1a: Iron Crown|Iron Crown|100/100
|-enditem|p1a: Iron Crown|Booster Energy
|-activate|p1a: Iron Crown|ability: Quark Drive|[fromitem]
|-start|p1a: Iron Crown|quarkdrivespe
|turn|7
|
|t:|1757787235
|switch|p2a: Slaking|Slaking, M|66/100
|-damage|p2a: Slaking|49/100|[from] Spikes
|move|p1a: Iron Crown|Calm Mind|p1a: Iron Crown
|-boost|p1a: Iron Crown|spa|1
|-boost|p1a: Iron Crown|spd|1
|
|upkeep
|turn|8
|
|t:|1757787245
|move|p2a: Slaking|Sucker Punch|p1a: Iron Crown
|-supereffective|p1a: Iron Crown
|-damage|p1a: Iron Crown|14/100
|move|p1a: Iron Crown|Tachyon Cutter|p2a: Slaking
|-damage|p2a: Slaking|9/100
|-damage|p2a: Slaking|0 fnt
|faint|p2a: Slaking
|-hitcount|p2: Slaking|2
|
|upkeep
|c|☆WiildSide|goddamn
|
|t:|1757787259
|switch|p2a: Kingambit|Kingambit, F|100/100
|-damage|p2a: Kingambit|84/100|[from] Spikes
|-activate|p2a: Kingambit|ability: Supreme Overlord
|-start|p2a: Kingambit|fallen2|[silent]
|turn|9
|
|t:|1757787269
|move|p2a: Kingambit|Sucker Punch|p1a: Iron Crown
|-supereffective|p1a: Iron Crown
|-damage|p1a: Iron Crown|0 fnt
|faint|p1a: Iron Crown
|-end|p1a: Iron Crown|Quark Drive|[silent]
|
|-heal|p2a: Kingambit|90/100|[from] item: Leftovers
|upkeep
|
|t:|1757787279
|switch|p1a: Kyurem|Kyurem|100/100
|-ability|p1a: Kyurem|Pressure
|turn|10
|
|t:|1757787303
|switch|p1a: Great Tusk|Great Tusk|100/100
|move|p2a: Kingambit|Iron Head|p1a: Great Tusk
|-damage|p1a: Great Tusk|58/100
|-damage|p2a: Kingambit|74/100|[from] item: Rocky Helmet|[of] p1a: Great Tusk
|
|-heal|p2a: Kingambit|80/100|[from] item: Leftovers
|upkeep
|turn|11
|inactive|WiildSide has 120 seconds left.
|
|t:|1757787316
|-end|p2a: Kingambit|fallen2|[silent]
|switch|p2a: Dondozo|Dondozo, F|100/100
|-damage|p2a: Dondozo|84/100|[from] Spikes
|move|p1a: Great Tusk|Headlong Rush|p2a: Dondozo
|-damage|p2a: Dondozo|55/100
|-unboost|p1a: Great Tusk|def|1
|-unboost|p1a: Great Tusk|spd|1
|
|-heal|p2a: Dondozo|62/100|[from] item: Leftovers
|upkeep
|turn|12
|
|t:|1757787324
|move|p1a: Great Tusk|Stealth Rock|p2a: Dondozo
|-sidestart|p2: Loomie|move: Stealth Rock
|move|p2a: Dondozo|Rest|p2a: Dondozo
|-status|p2a: Dondozo|slp|[from] move: Rest
|-heal|p2a: Dondozo|100/100 slp|[silent]
|
|upkeep
|turn|13
|
|t:|1757787330
|-end|p1a: Great Tusk|Protosynthesis|[silent]
|switch|p1a: Hydrapple|Hydrapple, F|100/100
|cant|p2a: Dondozo|slp
|move|p2a: Dondozo|Sleep Talk|p2a: Dondozo
|move|p2a: Dondozo|Rest||[from] move: Sleep Talk|[still]
|-fail|p2a: Dondozo
|
|upkeep
|turn|14
|
|t:|1757787344
|switch|p2a: Hypno|Hypno, F|100/100
|-damage|p2a: Hypno|84/100|[from] Spikes
|-damage|p2a: Hypno|72/100|[from] Stealth Rock
|move|p1a: Hydrapple|Nasty Plot|p1a: Hydrapple
|-boost|p1a: Hydrapple|spa|2
|
|-heal|p2a: Hypno|78/100|[from] item: Leftovers
|upkeep
|turn|15
|
|t:|1757787361
|-terastallize|p2a: Hypno|Fairy
|move|p2a: Hypno|Calm Mind|p2a: Hypno
|-boost|p2a: Hypno|spa|1
|-boost|p2a: Hypno|spd|1
|move|p1a: Hydrapple|Fickle Beam|p2a: Hypno
|-immune|p2a: Hypno
|
|-heal|p2a: Hypno|84/100|[from] item: Leftovers
|upkeep
|turn|16
|
|t:|1757787374
|move|p2a: Hypno|Draining Kiss|p1a: Hydrapple
|-supereffective|p1a: Hydrapple
|-damage|p1a: Hydrapple|54/100
|-heal|p2a: Hypno|100/100|[from] drain|[of] p1a: Hydrapple
|move|p1a: Hydrapple|Giga Drain|p2a: Hypno
|-damage|p2a: Hypno|60/100
|-heal|p1a: Hydrapple|73/100|[from] drain|[of] p2a: Hypno
|
|-heal|p2a: Hypno|66/100|[from] item: Leftovers
|-heal|p1a: Hydrapple|79/100|[from] item: Leftovers
|upkeep
|turn|17
|c|☆WiildSide|hypno to high lader?
|
|t:|1757787385
|-terastallize|p1a: Hydrapple|Poison
|move|p2a: Hypno|Calm Mind|p2a: Hypno
|-boost|p2a: Hypno|spa|1
|-boost|p2a: Hypno|spd|1
|move|p1a: Hydrapple|Giga Drain|p2a: Hypno
|-damage|p2a: Hypno|33/100
|-heal|p1a: Hydrapple|94/100|[from] drain|[of] p2a: Hypno
|
|-heal|p2a: Hypno|40/100|[from] item: Leftovers
|-heal|p1a: Hydrapple|100/100|[from] item: Leftovers
|upkeep
|turn|18
|
|t:|1757787402
|move|p2a: Hypno|Draining Kiss|p1a: Hydrapple
|-resisted|p1a: Hydrapple
|-damage|p1a: Hydrapple|85/100
|-heal|p2a: Hypno|52/100|[from] drain|[of] p1a: Hydrapple
|move|p1a: Hydrapple|Giga Drain|p2a: Hypno
|-damage|p2a: Hypno|22/100
|-heal|p1a: Hydrapple|99/100|[from] drain|[of] p2a: Hypno
|
|-heal|p2a: Hypno|28/100|[from] item: Leftovers
|-heal|p1a: Hydrapple|100/100|[from] item: Leftovers
|upkeep
|turn|19
|
|t:|1757787411
|move|p2a: Hypno|Psychic Noise|p1a: Hydrapple
|-supereffective|p1a: Hydrapple
|-damage|p1a: Hydrapple|20/100
|-start|p1a: Hydrapple|move: Heal Block
|move|p1a: Hydrapple|Nasty Plot|p1a: Hydrapple
|-boost|p1a: Hydrapple|spa|2
|
|-heal|p2a: Hypno|34/100|[from] item: Leftovers
|upkeep
|turn|20
|
|t:|1757787426
|move|p2a: Hypno|Psychic Noise|p1a: Hydrapple
|-supereffective|p1a: Hydrapple
|-damage|p1a: Hydrapple|0 fnt
|faint|p1a: Hydrapple
|
|-heal|p2a: Hypno|40/100|[from] item: Leftovers
|upkeep
|
|t:|1757787433
|switch|p1a: Great Tusk|Great Tusk|58/100
|turn|21
|
|t:|1757787442
|move|p1a: Great Tusk|Headlong Rush|p2a: Hypno
|-damage|p2a: Hypno|0 fnt
|-unboost|p1a: Great Tusk|def|1
|-unboost|p1a: Great Tusk|spd|1
|faint|p2a: Hypno
|
|upkeep
|
|t:|1757787452
|switch|p2a: Dondozo|Dondozo, F|100/100 slp
|-damage|p2a: Dondozo|84/100 slp|[from] Spikes
|-damage|p2a: Dondozo|72/100 slp|[from] Stealth Rock
|turn|22
|
|t:|1757787482
|-end|p1a: Great Tusk|Protosynthesis|[silent]
|switch|p1a: Kyurem|Kyurem|100/100
|-ability|p1a: Kyurem|Pressure
|cant|p2a: Dondozo|slp
|move|p2a: Dondozo|Sleep Talk|p2a: Dondozo
|move|p2a: Dondozo|Rest||[from] move: Sleep Talk|[still]
|-fail|p2a: Dondozo
|
|-heal|p2a: Dondozo|78/100 slp|[from] item: Leftovers
|upkeep
|turn|23
|
|t:|1757787499
|move|p1a: Kyurem|Freeze-Dry|p2a: Dondozo
|-supereffective|p2a: Dondozo
|-damage|p2a: Dondozo|0 fnt
|faint|p2a: Dondozo
|
|upkeep
|
|t:|1757787503
|switch|p2a: Clefable|Clefable, M|72/100
|-damage|p2a: Clefable|56/100|[from] Spikes
|-damage|p2a: Clefable|43/100|[from] Stealth Rock
|turn|24
|
|t:|1757787511
|move|p1a: Kyurem|Freeze-Dry|p2a: Clefable
|-damage|p2a: Clefable|0 fnt
|faint|p2a: Clefable
|
|upkeep
|
|t:|1757787515
|switch|p2a: Kingambit|Kingambit, F|80/100
|-damage|p2a: Kingambit|63/100|[from] Spikes
|-damage|p2a: Kingambit|57/100|[from] Stealth Rock
|-activate|p2a: Kingambit|ability: Supreme Overlord
|-start|p2a: Kingambit|fallen5|[silent]
|turn|25
|
|t:|1757787523
|move|p2a: Kingambit|Sucker Punch|p1a: Kyurem
|-damage|p1a: Kyurem|42/100
|move|p1a: Kyurem|Freeze-Dry|p2a: Kingambit
|-resisted|p2a: Kingambit
|-damage|p2a: Kingambit|30/100
|
|-heal|p2a: Kingambit|36/100|[from] item: Leftovers
|upkeep
|turn|26
|
|t:|1757787533
|move|p1a: Kyurem|Freeze-Dry|p2a: Kingambit
|-resisted|p2a: Kingambit
|-damage|p2a: Kingambit|11/100
|move|p2a: Kingambit|Substitute|p2a: Kingambit
|-fail|p2a: Kingambit|move: Substitute|[weak]
|
|-heal|p2a: Kingambit|18/100|[from] item: Leftovers
|upkeep
|turn|27
|-message|Loomie forfeited.
|
|win|WiildSide
|raw|WiildSide's rating: 1225 &rarr; <strong>1252</strong><br />(+27 for winning)
|raw|Loomie's rating: 1259 &rarr; <strong>1232</strong><br />(-27 for losing)
|l|☆Loomie
|player|p2|
|l|☆WiildSide
|player|p1|
