|j|☆sdv38
|j|☆A Slow Poem
|t:|1757856180
|gametype|singles
|player|p1|sdv38|2|1153
|player|p2|A Slow Poem|lusamine-nihilego|1177
|gen|9
|tier|[Gen 9] OU
|rated|
|rule|HP Percentage Mod: HP is shown in percentages
|rule|Endless Battle Clause: Forcing endless battles is banned
|rule|Species Clause: Limit one of each Pokémon
|rule|OHKO Clause: OHKO moves are banned
|rule|Evasion Items Clause: Evasion items are banned
|rule|Evasion Moves Clause: Evasion moves are banned
|rule|Evasion Abilities Clause: Evasion abilities are banned
|rule|Sleep Moves Clause: Sleep-inducing moves are banned
|clearpoke
|poke|p1|Ursaluna, M|
|poke|p1|Iron Hands|
|poke|p1|Mimikyu, M|
|poke|p1|Indeedee, M|
|poke|p1|Hatterene, F|
|poke|p1|Hoopa-Unbound|
|poke|p2|Clodsire, F|
|poke|p2|Dondozo, F|
|poke|p2|Gliscor, F|
|poke|p2|Alomomola, L99, F|
|poke|p2|Corviknight, M|
|poke|p2|Azumarill, F|
|teampreview
|inactive|Battle timer is ON: inactive players will automatically lose when time's up. (requested by A Slow Poem)
|
|t:|1757856200
|teamsize|p1|6
|teamsize|p2|6
|start
|switch|p1a: Indeedee|Indeedee, M, shiny|100/100
|switch|p2a: Bashō|Gliscor, F|100/100
|-fieldstart|move: Psychic Terrain|[from] ability: Psychic Surge|[of] p1a: Indeedee
|turn|1
|
|t:|1757856209
|switch|p1a: Hatterene|Hatterene, F|100/100
|move|p2a: Bashō|Spikes|p1a: Hatterene
|move|p1a: Hatterene|Spikes|p2a: Bashō|[from] ability: Magic Bounce
|-sidestart|p2: A Slow Poem|Spikes
|
|-status|p2a: Bashō|tox|[from] item: Toxic Orb
|upkeep
|turn|2
|
|t:|1757856215
|switch|p2a: Tagore|Alomomola, L99, F, shiny|100/100
|move|p1a: Hatterene|Trick Room|p1a: Hatterene
|-fieldstart|move: Trick Room|[of] p1a: Hatterene
|
|upkeep
|turn|3
|
|t:|1757856223
|-terastallize|p1a: Hatterene|Stellar
|move|p1a: Hatterene|Expanding Force|p2a: Tagore
|-damage|p2a: Tagore|0 fnt
|faint|p2a: Tagore
|-damage|p1a: Hatterene|91/100|[from] item: Life Orb
|
|upkeep
|
|t:|1757856232
|switch|p2a: Keats|Azumarill, F, shiny|100/100
|turn|4
|
|t:|1757856236
|switch|p2a: Baudelaire|Corviknight, M, shiny|100/100
|-ability|p2a: Baudelaire|Pressure
|move|p1a: Hatterene|Expanding Force|p2a: Baudelaire
|-resisted|p2a: Baudelaire
|-damage|p2a: Baudelaire|49/100
|-damage|p1a: Hatterene|81/100|[from] item: Life Orb
|
|-heal|p2a: Baudelaire|55/100|[from] item: Leftovers
|upkeep
|turn|5
|
|t:|1757856247
|switch|p2a: Keats|Azumarill, F, shiny|100/100
|move|p1a: Hatterene|Mystical Fire|p2a: Keats
|-resisted|p2a: Keats
|-damage|p2a: Keats|77/100
|-unboost|p2a: Keats|spa|1
|-damage|p1a: Hatterene|71/100|[from] item: Life Orb
|
|upkeep
|turn|6
|
|t:|1757856255
|move|p1a: Hatterene|Mystical Fire|p2a: Keats
|-resisted|p2a: Keats
|-damage|p2a: Keats|56/100
|-unboost|p2a: Keats|spa|1
|-damage|p1a: Hatterene|61/100|[from] item: Life Orb
|move|p2a: Keats|Alluring Voice|p1a: Hatterene
|-damage|p1a: Hatterene|52/100
|
|-fieldend|move: Trick Room
|upkeep
|turn|7
|
|t:|1757856260
|switch|p2a: Baudelaire|Corviknight, M, shiny|55/100
|-ability|p2a: Baudelaire|Pressure
|move|p1a: Hatterene|Trick Room|p1a: Hatterene
|-fieldstart|move: Trick Room|[of] p1a: Hatterene
|
|-heal|p2a: Baudelaire|61/100|[from] item: Leftovers
|upkeep
|turn|8
|
|t:|1757856267
|move|p2a: Baudelaire|Protect|p2a: Baudelaire
|-singleturn|p2a: Baudelaire|Protect
|move|p1a: Hatterene|Draining Kiss|p2a: Baudelaire
|-activate|p2a: Baudelaire|move: Protect
|
|-heal|p2a: Baudelaire|67/100|[from] item: Leftovers
|-fieldend|move: Psychic Terrain
|upkeep
|turn|9
|
|t:|1757856276
|switch|p1a: Indeedee|Indeedee, M, shiny|100/100
|-fieldstart|move: Psychic Terrain|[from] ability: Psychic Surge|[of] p1a: Indeedee
|switch|p2a: Keats|Azumarill, F, shiny|56/100
|
|upkeep
|turn|10
|
|t:|1757856283
|switch|p2a: Baudelaire|Corviknight, M, shiny|67/100
|-ability|p2a: Baudelaire|Pressure
|switch|p1a: Hoopa|Hoopa-Unbound|100/100
|-enditem|p1a: Hoopa|Psychic Seed
|-boost|p1a: Hoopa|spd|1|[from] item: Psychic Seed
|
|-heal|p2a: Baudelaire|73/100|[from] item: Leftovers
|upkeep
|turn|11
|
|t:|1757856296
|switch|p2a: Bashō|Gliscor, F|100/100 tox
|move|p1a: Hoopa|Expanding Force|p2a: Bashō
|-damage|p2a: Bashō|0 fnt
|faint|p2a: Bashō
|-item|p1a: Hoopa|Toxic Orb|[from] ability: Magician|[of] p2: Bashō
|
|-fieldend|move: Trick Room
|-status|p1a: Hoopa|tox|[from] item: Toxic Orb
|upkeep
|
|t:|1757856304
|switch|p2a: Baudelaire|Corviknight, M, shiny|73/100
|-ability|p2a: Baudelaire|Pressure
|turn|12
|
|t:|1757856309
|switch|p1a: Mimikyu|Mimikyu, M|100/100
|move|p2a: Baudelaire|Substitute|p2a: Baudelaire
|-start|p2a: Baudelaire|Substitute
|-damage|p2a: Baudelaire|48/100
|
|-heal|p2a: Baudelaire|54/100|[from] item: Leftovers
|upkeep
|turn|13
|
|t:|1757856317
|move|p2a: Baudelaire|Roost|p2a: Baudelaire
|-heal|p2a: Baudelaire|100/100
|-singleturn|p2a: Baudelaire|move: Roost
|move|p1a: Mimikyu|Trick Room|p1a: Mimikyu
|-fieldstart|move: Trick Room|[of] p1a: Mimikyu
|
|upkeep
|turn|14
|
|t:|1757856324
|move|p2a: Baudelaire|Protect|p2a: Baudelaire
|-singleturn|p2a: Baudelaire|Protect
|move|p1a: Mimikyu|Curse|p2a: Baudelaire
|-start|p2a: Baudelaire|Curse|[of] p1a: Mimikyu
|-damage|p1a: Mimikyu|50/100
|
|-damage|p2a: Baudelaire|76/100|[from] Curse
|upkeep
|turn|15
|
|t:|1757856342
|switch|p1a: Iron Hands|Iron Hands|100/100
|-enditem|p1a: Iron Hands|Booster Energy
|-activate|p1a: Iron Hands|ability: Quark Drive|[fromitem]
|-start|p1a: Iron Hands|quarkdriveatk
|switch|p2a: Keats|Azumarill, F, shiny|56/100
|
|upkeep
|turn|16
|
|t:|1757856350
|switch|p2a: Rimbaud|Clodsire, F|100/100
|move|p1a: Iron Hands|Supercell Slam|p2a: Rimbaud
|-immune|p2a: Rimbaud
|-damage|p1a: Iron Hands|50/100|[from] supercellslam
|
|-fieldend|move: Psychic Terrain
|upkeep
|turn|17
|
|t:|1757856357
|switch|p2a: Keats|Azumarill, F, shiny|56/100
|move|p1a: Iron Hands|Ice Punch|p2a: Keats
|-resisted|p2a: Keats
|-damage|p2a: Keats|41/100
|
|-fieldend|move: Trick Room
|upkeep
|turn|18
|
|t:|1757856365
|-end|p1a: Iron Hands|Quark Drive|[silent]
|switch|p1a: Mimikyu|Mimikyu, M|50/100
|move|p2a: Keats|Whirlpool|p1a: Mimikyu
|-activate|p1a: Mimikyu|ability: Disguise
|-damage|p1a: Mimikyu|50/100
|-activate|p1a: Mimikyu|move: Whirlpool|[of] p2a: Keats
|detailschange|p1a: Mimikyu|Mimikyu-Busted, M
|-damage|p1a: Mimikyu|38/100|[from] pokemon: Mimikyu-Busted
|-enditem|p1a: Mimikyu|Red Card|[of] p2a: Keats
|drag|p2a: Whitman|Dondozo, F|100/100
|
|-end|p1a: Mimikyu|Whirlpool|[partiallytrapped]|[silent]
|upkeep
|turn|19
|
|t:|1757856370
|switch|p2a: Keats|Azumarill, F, shiny|41/100
|move|p1a: Mimikyu|Curse|p2a: Keats
|-start|p2a: Keats|Curse|[of] p1a: Mimikyu
|-damage|p1a: Mimikyu|0 fnt
|faint|p1a: Mimikyu
|
|-damage|p2a: Keats|16/100|[from] Curse
|upkeep
|
|t:|1757856377
|switch|p1a: Indeedee|Indeedee, M, shiny|100/100
|-fieldstart|move: Psychic Terrain|[from] ability: Psychic Surge|[of] p1a: Indeedee
|turn|20
|
|t:|1757856380
|switch|p2a: Baudelaire|Corviknight, M, shiny|76/100
|-ability|p2a: Baudelaire|Pressure
|move|p1a: Indeedee|Expanding Force|p2a: Baudelaire
|-resisted|p2a: Baudelaire
|-damage|p2a: Baudelaire|54/100
|
|-heal|p2a: Baudelaire|60/100|[from] item: Leftovers
|upkeep
|turn|21
|
|t:|1757856399
|move|p2a: Baudelaire|Substitute|p2a: Baudelaire
|-start|p2a: Baudelaire|Substitute
|-damage|p2a: Baudelaire|36/100
|move|p1a: Indeedee|Healing Wish|p1a: Indeedee
|faint|p1a: Indeedee
|
|-heal|p2a: Baudelaire|42/100|[from] item: Leftovers
|upkeep
|
|t:|1757856407
|switch|p1a: Hatterene|Hatterene, F, tera:Stellar|52/100
|-heal|p1a: Hatterene|100/100|[from] move: Healing Wish
|turn|22
|
|t:|1757856415
|move|p2a: Baudelaire|Roost|p2a: Baudelaire
|-heal|p2a: Baudelaire|92/100
|-singleturn|p2a: Baudelaire|move: Roost
|move|p1a: Hatterene|Expanding Force|p2a: Baudelaire
|-resisted|p2a: Baudelaire
|-end|p2a: Baudelaire|Substitute
|-damage|p1a: Hatterene|91/100|[from] item: Life Orb
|
|-heal|p2a: Baudelaire|98/100|[from] item: Leftovers
|upkeep
|turn|23
|
|t:|1757856420
|move|p2a: Baudelaire|Substitute|p2a: Baudelaire
|-start|p2a: Baudelaire|Substitute
|-damage|p2a: Baudelaire|73/100
|move|p1a: Hatterene|Trick Room|p1a: Hatterene
|-fieldstart|move: Trick Room|[of] p1a: Hatterene
|
|-heal|p2a: Baudelaire|79/100|[from] item: Leftovers
|upkeep
|turn|24
|
|t:|1757856425
|move|p2a: Baudelaire|Protect|p2a: Baudelaire
|-singleturn|p2a: Baudelaire|Protect
|move|p1a: Hatterene|Expanding Force|p2a: Baudelaire
|-activate|p2a: Baudelaire|move: Protect
|
|-heal|p2a: Baudelaire|85/100|[from] item: Leftovers
|upkeep
|turn|25
|
|t:|1757856427
|move|p1a: Hatterene|Expanding Force|p2a: Baudelaire
|-resisted|p2a: Baudelaire
|-end|p2a: Baudelaire|Substitute
|-damage|p1a: Hatterene|81/100|[from] item: Life Orb
|move|p2a: Baudelaire|Substitute|p2a: Baudelaire
|-start|p2a: Baudelaire|Substitute
|-damage|p2a: Baudelaire|60/100
|
|-heal|p2a: Baudelaire|66/100|[from] item: Leftovers
|upkeep
|turn|26
|
|t:|1757856429
|move|p2a: Baudelaire|Protect|p2a: Baudelaire
|-singleturn|p2a: Baudelaire|Protect
|move|p1a: Hatterene|Expanding Force|p2a: Baudelaire
|-activate|p2a: Baudelaire|move: Protect
|
|-heal|p2a: Baudelaire|72/100|[from] item: Leftovers
|upkeep
|turn|27
|
|t:|1757856433
|move|p1a: Hatterene|Expanding Force|p2a: Baudelaire
|-resisted|p2a: Baudelaire
|-end|p2a: Baudelaire|Substitute
|-damage|p1a: Hatterene|71/100|[from] item: Life Orb
|move|p2a: Baudelaire|Substitute|p2a: Baudelaire
|-start|p2a: Baudelaire|Substitute
|-damage|p2a: Baudelaire|47/100
|
|-heal|p2a: Baudelaire|53/100|[from] item: Leftovers
|-fieldend|move: Trick Room
|-fieldend|move: Psychic Terrain
|upkeep
|turn|28
|
|t:|1757856436
|move|p2a: Baudelaire|Roost|p2a: Baudelaire
|-heal|p2a: Baudelaire|100/100
|-singleturn|p2a: Baudelaire|move: Roost
|move|p1a: Hatterene|Trick Room|p1a: Hatterene
|-fieldstart|move: Trick Room|[of] p1a: Hatterene
|
|upkeep
|turn|29
|
|t:|1757856449
|switch|p1a: Hoopa|Hoopa-Unbound|100/100 tox
|move|p2a: Baudelaire|Protect||[still]
|-fail|p2a: Baudelaire
|
|-damage|p1a: Hoopa|94/100 tox|[from] psn
|upkeep
|turn|30
|
|t:|1757856456
|move|p1a: Hoopa|Hyperspace Fury|p2a: Baudelaire
|-damage|p2a: Baudelaire|57/100
|-unboost|p1a: Hoopa|def|1
|move|p2a: Baudelaire|Substitute|p2a: Baudelaire
|-fail|p2a: Baudelaire|move: Substitute
|
|-heal|p2a: Baudelaire|63/100|[from] item: Leftovers
|-damage|p1a: Hoopa|82/100 tox|[from] psn
|upkeep
|turn|31
|
|t:|1757856461
|move|p1a: Hoopa|Hyperspace Fury|p2a: Baudelaire
|-damage|p2a: Baudelaire|18/100
|-unboost|p1a: Hoopa|def|1
|move|p2a: Baudelaire|Roost|p2a: Baudelaire
|-heal|p2a: Baudelaire|68/100
|-singleturn|p2a: Baudelaire|move: Roost
|
|-heal|p2a: Baudelaire|74/100|[from] item: Leftovers
|-damage|p1a: Hoopa|64/100 tox|[from] psn
|upkeep
|turn|32
|
|t:|1757856464
|move|p1a: Hoopa|Hyperspace Fury|p2a: Baudelaire
|-damage|p2a: Baudelaire|29/100
|-unboost|p1a: Hoopa|def|1
|move|p2a: Baudelaire|Roost|p2a: Baudelaire
|-heal|p2a: Baudelaire|79/100
|-singleturn|p2a: Baudelaire|move: Roost
|
|-heal|p2a: Baudelaire|85/100|[from] item: Leftovers
|-damage|p1a: Hoopa|40/100 tox|[from] psn
|-fieldend|move: Trick Room
|upkeep
|turn|33
|
|t:|1757856469
|move|p2a: Baudelaire|Spite|p1a: Hoopa
|-activate|p1a: Hoopa|move: Spite|Hyperspace Fury|2
|cant|p1a: Hoopa|nopp|Hyperspace Fury
|
|-heal|p2a: Baudelaire|91/100|[from] item: Leftovers
|-damage|p1a: Hoopa|10/100 tox|[from] psn
|upkeep
|turn|34
|
|t:|1757856477
|move|p2a: Baudelaire|Protect|p2a: Baudelaire
|-singleturn|p2a: Baudelaire|Protect
|move|p1a: Hoopa|Trick Room|p1a: Hoopa
|-fieldstart|move: Trick Room|[of] p1a: Hoopa
|
|-heal|p2a: Baudelaire|97/100|[from] item: Leftovers
|-damage|p1a: Hoopa|0 fnt|[from] psn
|faint|p1a: Hoopa
|upkeep
|
|t:|1757856483
|switch|p1a: Iron Hands|Iron Hands|50/100
|turn|35
|
|t:|1757856487
|move|p1a: Iron Hands|Supercell Slam|p2a: Baudelaire
|-supereffective|p2a: Baudelaire
|-end|p2a: Baudelaire|Substitute
|move|p2a: Baudelaire|Substitute|p2a: Baudelaire
|-start|p2a: Baudelaire|Substitute
|-damage|p2a: Baudelaire|72/100
|
|-heal|p2a: Baudelaire|78/100|[from] item: Leftovers
|upkeep
|turn|36
|
|t:|1757856491
|move|p2a: Baudelaire|Protect|p2a: Baudelaire
|-singleturn|p2a: Baudelaire|Protect
|move|p1a: Iron Hands|Supercell Slam|p2a: Baudelaire
|-activate|p2a: Baudelaire|move: Protect
|-damage|p1a: Iron Hands|0 fnt|[from] supercellslam
|faint|p1a: Iron Hands
|-end|p1a: Iron Hands|Quark Drive|[silent]
|
|-heal|p2a: Baudelaire|84/100|[from] item: Leftovers
|upkeep
|
|t:|1757856503
|switch|p1a: Ursaluna|Ursaluna, M|100/100
|turn|37
|
|t:|1757856508
|move|p1a: Ursaluna|Supercell Slam|p2a: Baudelaire
|-supereffective|p2a: Baudelaire
|-end|p2a: Baudelaire|Substitute
|move|p2a: Baudelaire|Substitute|p2a: Baudelaire
|-start|p2a: Baudelaire|Substitute
|-damage|p2a: Baudelaire|60/100
|
|-heal|p2a: Baudelaire|66/100|[from] item: Leftovers
|-status|p1a: Ursaluna|brn|[from] item: Flame Orb
|upkeep
|turn|38
|
|t:|1757856513
|move|p2a: Baudelaire|Protect|p2a: Baudelaire
|-singleturn|p2a: Baudelaire|Protect
|move|p1a: Ursaluna|Supercell Slam|p2a: Baudelaire
|-activate|p2a: Baudelaire|move: Protect
|-damage|p1a: Ursaluna|51/100 brn|[from] supercellslam
|
|-heal|p2a: Baudelaire|72/100|[from] item: Leftovers
|-damage|p1a: Ursaluna|45/100 brn|[from] brn
|-fieldend|move: Trick Room
|upkeep
|turn|39
|
|t:|1757856522
|move|p2a: Baudelaire|Roost|p2a: Baudelaire
|-heal|p2a: Baudelaire|100/100
|-singleturn|p2a: Baudelaire|move: Roost
|move|p1a: Ursaluna|Supercell Slam|p2a: Baudelaire
|-crit|p2a: Baudelaire
|-end|p2a: Baudelaire|Substitute
|
|-damage|p1a: Ursaluna|39/100 brn|[from] brn
|upkeep
|turn|40
|
|t:|1757856529
|move|p2a: Baudelaire|Substitute|p2a: Baudelaire
|-start|p2a: Baudelaire|Substitute
|-damage|p2a: Baudelaire|76/100
|move|p1a: Ursaluna|Ice Punch|p2a: Baudelaire
|-end|p2a: Baudelaire|Substitute
|
|-heal|p2a: Baudelaire|82/100|[from] item: Leftovers
|-damage|p1a: Ursaluna|32/100 brn|[from] brn
|upkeep
|turn|41
|
|t:|1757856535
|move|p2a: Baudelaire|Protect|p2a: Baudelaire
|-singleturn|p2a: Baudelaire|Protect
|move|p1a: Ursaluna|Ice Punch|p2a: Baudelaire
|-activate|p2a: Baudelaire|move: Protect
|
|-heal|p2a: Baudelaire|88/100|[from] item: Leftovers
|-damage|p1a: Ursaluna|26/100 brn|[from] brn
|upkeep
|turn|42
|-message|sdv38 forfeited.
|
|win|A Slow Poem
|raw|sdv38's rating: 1153 &rarr; <strong>1130</strong><br />(-23 for losing)
|raw|A Slow Poem's rating: 1177 &rarr; <strong>1200</strong><br />(+23 for winning)
|l|☆sdv38
|player|p1|
