|j|☆luisovalle
|j|☆iamprobablymax
|t:|1757942286
|gametype|singles
|player|p1|luisovalle|silver|1113
|player|p2|iamprobablymax|boarder|1090
|gen|9
|tier|[Gen 9] OU
|rated|
|rule|HP Percentage Mod: HP is shown in percentages
|rule|Endless Battle Clause: Forcing endless battles is banned
|rule|Species Clause: Limit one of each Pokémon
|rule|OHKO Clause: OHKO moves are banned
|rule|Evasion Items Clause: Evasion items are banned
|rule|Evasion Moves Clause: Evasion moves are banned
|rule|Evasion Abilities Clause: Evasion abilities are banned
|rule|Sleep Moves Clause: Sleep-inducing moves are banned
|clearpoke
|poke|p1|Zoroark-Hisui, F|
|poke|p1|Glimmora, F|
|poke|p1|Salamence, M|
|poke|p1|Kingambit, F|
|poke|p1|Zamazenta-*|
|poke|p1|Hatterene, F|
|poke|p2|Grafaiai, F|
|poke|p2|Zapdos-Galar|
|poke|p2|Eelektross, F|
|poke|p2|Flapple, M|
|poke|p2|Ting-Lu|
|poke|p2|Quagsire, M|
|teampreview
|inactive|Battle timer is ON: inactive players will automatically lose when time's up. (requested by luisovalle)
|
|t:|1757942290
|teamsize|p1|6
|teamsize|p2|6
|start
|switch|p1a: Glimmora|Glimmora, F|100/100
|switch|p2a: Grafaiai|Grafaiai, F, shiny|100/100
|turn|1
|
|t:|1757942296
|move|p1a: Glimmora|Trick|p2a: Grafaiai
|-activate|p1a: Glimmora|move: Trick|[of] p2a: Grafaiai
|-item|p2a: Grafaiai|Choice Scarf|[from] move: Trick
|-item|p1a: Glimmora|Mirror Herb|[from] move: Trick
|move|p2a: Grafaiai|Swagger|p1a: Glimmora|[miss]
|-miss|p2a: Grafaiai|p1a: Glimmora
|
|upkeep
|turn|2
|c|☆iamprobablymax|uh
|c|☆iamprobablymax|shit
|
|t:|1757942311
|switch|p2a: Zapdos|Zapdos-Galar|100/100
|move|p1a: Glimmora|Bitter Malice|p2a: Zapdos
|-damage|p2a: Zapdos|63/100
|-unboost|p2a: Zapdos|atk|1
|-ability|p2a: Zapdos|Defiant|boost
|-boost|p2a: Zapdos|atk|2
|-enditem|p1a: Glimmora|Mirror Herb
|-boost|p1a: Glimmora|atk|2|[from] item: Mirror Herb
|
|upkeep
|turn|3
|
|t:|1757942327
|move|p1a: Glimmora|Bitter Malice|p2a: Zapdos
|-damage|p2a: Zapdos|22/100
|-unboost|p2a: Zapdos|atk|1
|-ability|p2a: Zapdos|Defiant|boost
|-boost|p2a: Zapdos|atk|2
|-enditem|p2a: Zapdos|Sitrus Berry|[eat]
|-heal|p2a: Zapdos|47/100|[from] item: Sitrus Berry
|move|p2a: Zapdos|Brave Bird|p1a: Glimmora
|-damage|p1a: Glimmora|0 fnt
|replace|p1a: Zoroark|Zoroark-Hisui, F
|-end|p1a: Zoroark|Illusion
|faint|p1a: Zoroark
|-damage|p2a: Zapdos|23/100|[from] Recoil
|
|upkeep
|c|☆iamprobablymax|DIE
|
|t:|1757942334
|switch|p1a: Zamazenta|Zamazenta|100/100
|-ability|p1a: Zamazenta|Dauntless Shield|boost
|-boost|p1a: Zamazenta|def|1
|turn|4
|c|☆iamprobablymax|sash is better Ngl
|
|t:|1757942345
|move|p1a: Zamazenta|Body Press|p2a: Zapdos
|-resisted|p2a: Zapdos
|-damage|p2a: Zapdos|0 fnt
|faint|p2a: Zapdos
|
|upkeep
|
|t:|1757942356
|switch|p2a: Flapple|Flapple, M|100/100
|turn|5
|
|t:|1757942360
|move|p1a: Zamazenta|Iron Defense|p1a: Zamazenta
|-boost|p1a: Zamazenta|def|2
|move|p2a: Flapple|Dragon Dance|p2a: Flapple
|-boost|p2a: Flapple|atk|1
|-boost|p2a: Flapple|spe|1
|
|upkeep
|turn|6
|
|t:|1757942365
|move|p2a: Flapple|Endure|p2a: Flapple
|-singleturn|p2a: Flapple|move: Endure
|move|p1a: Zamazenta|Iron Defense|p1a: Zamazenta
|-boost|p1a: Zamazenta|def|2
|
|upkeep
|turn|7
|-message|iamprobablymax forfeited.
|
|win|luisovalle
|raw|luisovalle's rating: 1113 &rarr; <strong>1136</strong><br />(+23 for winning)
|raw|iamprobablymax's rating: 1090 &rarr; <strong>1068</strong><br />(-22 for losing)
|l|☆iamprobablymax
|player|p2|
|l|☆luisovalle
|player|p1|
