|j|☆tomatic
|j|☆LT124YH Prav33n
|t:|1757956513
|gametype|singles
|player|p1|tomatic|blackbelt-gen4dp|1736
|player|p2|LT124YH Prav33n|koga|1746
|gen|9
|tier|[Gen 9] OU
|rated|
|rule|HP Percentage Mod: HP is shown in percentages
|rule|Endless Battle Clause: Forcing endless battles is banned
|rule|Species Clause: Limit one of each Pokémon
|rule|OHKO Clause: OHKO moves are banned
|rule|Evasion Items Clause: Evasion items are banned
|rule|Evasion Moves Clause: Evasion moves are banned
|rule|Evasion Abilities Clause: Evasion abilities are banned
|rule|Sleep Moves Clause: Sleep-inducing moves are banned
|clearpoke
|poke|p1|Maushold-Four|
|poke|p1|Scizor, F|
|poke|p1|Landorus-Therian, M|
|poke|p1|Dragonite, F|
|poke|p1|Hatterene, F|
|poke|p1|Rotom-Wash|
|poke|p2|Samurott-Hisui, M|
|poke|p2|Pecharunt|
|poke|p2|Zamazenta-*|
|poke|p2|Tornadus-Therian, M|
|poke|p2|Iron Treads|
|poke|p2|Latios, M|
|teampreview
|inactive|Battle timer is ON: inactive players will automatically lose when time's up. (requested by LT124YH Prav33n)
|
|t:|1757956545
|teamsize|p1|6
|teamsize|p2|6
|start
|switch|p1a: Rotom|Rotom-Wash|100/100
|switch|p2a: Tornadus|Tornadus-Therian, M|100/100
|turn|1
|j| Le Bouquetin
|
|t:|1757956553
|move|p1a: Rotom|Trick|p2a: Tornadus
|-activate|p1a: Rotom|move: Trick|[of] p2a: Tornadus
|-item|p2a: Tornadus|Choice Scarf|[from] move: Trick
|-item|p1a: Rotom|Assault Vest|[from] move: Trick
|move|p2a: Tornadus|Knock Off|p1a: Rotom
|-damage|p1a: Rotom|72/100
|-enditem|p1a: Rotom|Assault Vest|[from] move: Knock Off|[of] p2a: Tornadus
|
|upkeep
|turn|2
|
|t:|1757956558
|move|p2a: Tornadus|Knock Off|p1a: Rotom
|-damage|p1a: Rotom|56/100
|move|p1a: Rotom|Volt Switch|p2a: Tornadus
|-supereffective|p2a: Tornadus
|-damage|p2a: Tornadus|45/100
|
|t:|1757956566
|switch|p1a: Landorus|Landorus-Therian, M|100/100|[from] Volt Switch
|-ability|p1a: Landorus|Intimidate|boost
|-unboost|p2a: Tornadus|atk|1
|
|upkeep
|turn|3
|
|t:|1757956568
|switch|p2a: Iron Treads|Iron Treads|100/100
|switch|p1a: Rotom|Rotom-Wash|56/100
|
|upkeep
|turn|4
|
|t:|1757956576
|move|p2a: Iron Treads|Stealth Rock|p1a: Rotom
|-sidestart|p1: tomatic|move: Stealth Rock
|move|p1a: Rotom|Hydro Pump|p2a: Iron Treads|[miss]
|-miss|p1a: Rotom|p2a: Iron Treads
|
|upkeep
|turn|5
|
|t:|1757956582
|-end|p2a: Iron Treads|Quark Drive|[silent]
|switch|p2a: Tornadus|Tornadus-Therian, M|78/100
|move|p1a: Rotom|Trick|p2a: Tornadus
|-activate|p1a: Rotom|move: Trick|[of] p2a: Tornadus
|-enditem|p2a: Tornadus|Choice Scarf|[silent]|[from] move: Trick
|-item|p1a: Rotom|Choice Scarf|[from] move: Trick
|
|upkeep
|turn|6
|j| silhumyong
|
|t:|1757956591
|move|p1a: Rotom|Hydro Pump|p2a: Tornadus
|-damage|p2a: Tornadus|32/100
|move|p2a: Tornadus|U-turn|p1a: Rotom
|-damage|p1a: Rotom|36/100
|l| silhumyong
|
|t:|1757956615
|switch|p2a: Latios|Latios, M, shiny|100/100|[from] U-turn
|
|upkeep
|turn|7
|
|t:|1757956621
|switch|p1a: Hatterene|Hatterene, F|100/100
|-damage|p1a: Hatterene|88/100|[from] Stealth Rock
|move|p2a: Latios|Psychic Noise|p1a: Hatterene
|-resisted|p1a: Hatterene
|-damage|p1a: Hatterene|74/100
|-start|p1a: Hatterene|move: Heal Block
|
|upkeep
|turn|8
|
|t:|1757956626
|switch|p2a: Iron Treads|Iron Treads|100/100
|move|p1a: Hatterene|Nuzzle|p2a: Iron Treads
|-immune|p2a: Iron Treads
|
|-end|p1a: Hatterene|move: Heal Block
|upkeep
|turn|9
|
|t:|1757956631
|switch|p1a: Landorus|Landorus-Therian, M|100/100
|-damage|p1a: Landorus|88/100|[from] Stealth Rock
|-ability|p1a: Landorus|Intimidate|boost
|-unboost|p2a: Iron Treads|atk|1
|move|p2a: Iron Treads|Ice Spinner|p1a: Landorus
|-supereffective|p1a: Landorus
|-damage|p1a: Landorus|33/100
|-damage|p2a: Iron Treads|84/100|[from] item: Rocky Helmet|[of] p1a: Landorus
|
|upkeep
|turn|10
|
|t:|1757956642
|switch|p1a: Scizor|Scizor, F|100/100
|-damage|p1a: Scizor|88/100|[from] Stealth Rock
|move|p2a: Iron Treads|Rapid Spin|p1a: Scizor
|-resisted|p1a: Scizor
|-damage|p1a: Scizor|83/100
|-boost|p2a: Iron Treads|spe|1
|
|upkeep
|turn|11
|
|t:|1757956647
|move|p2a: Iron Treads|Earthquake|p1a: Scizor
|-damage|p1a: Scizor|50/100
|move|p1a: Scizor|Knock Off|p2a: Iron Treads
|-damage|p2a: Iron Treads|54/100
|-enditem|p2a: Iron Treads|Covert Cloak|[from] move: Knock Off|[of] p1a: Scizor
|
|upkeep
|turn|12
|
|t:|1757956654
|-end|p2a: Iron Treads|Quark Drive|[silent]
|switch|p2a: Pecharunt|Pecharunt|100/100
|move|p1a: Scizor|Close Combat|p2a: Pecharunt
|-immune|p2a: Pecharunt
|
|upkeep
|turn|13
|
|t:|1757956657
|move|p2a: Pecharunt|Parting Shot|p1a: Scizor
|-unboost|p1a: Scizor|atk|1
|-unboost|p1a: Scizor|spa|1
|
|t:|1757956664
|switch|p2a: Iron Treads|Iron Treads|54/100|[from] Parting Shot
|move|p1a: Scizor|Knock Off|p2a: Iron Treads
|-damage|p2a: Iron Treads|42/100
|
|upkeep
|turn|14
|
|t:|1757956670
|switch|p1a: Landorus|Landorus-Therian, M|33/100
|-damage|p1a: Landorus|20/100|[from] Stealth Rock
|-ability|p1a: Landorus|Intimidate|boost
|-unboost|p2a: Iron Treads|atk|1
|move|p2a: Iron Treads|Ice Spinner|p1a: Landorus
|-supereffective|p1a: Landorus
|-damage|p1a: Landorus|0 fnt
|-damage|p2a: Iron Treads|25/100|[from] item: Rocky Helmet|[of] p1a: Landorus
|faint|p1a: Landorus
|
|upkeep
|
|t:|1757956676
|switch|p1a: Maushold|Maushold-Four|100/100
|-damage|p1a: Maushold|88/100|[from] Stealth Rock
|turn|15
|
|t:|1757956681
|move|p1a: Maushold|Tidy Up|p1a: Maushold
|-sideend|p1: tomatic|Stealth Rock
|-activate|p1a: Maushold|move: Tidy Up
|-boost|p1a: Maushold|atk|1
|-boost|p1a: Maushold|spe|1
|move|p2a: Iron Treads|Earthquake|p1a: Maushold
|-damage|p1a: Maushold|45/100
|
|upkeep
|turn|16
|
|t:|1757956687
|-end|p2a: Iron Treads|Quark Drive|[silent]
|switch|p2a: Pecharunt|Pecharunt|100/100
|move|p1a: Maushold|Bite|p2a: Pecharunt
|-supereffective|p2a: Pecharunt
|-damage|p2a: Pecharunt|71/100
|
|upkeep
|turn|17
|
|t:|1757956694
|move|p1a: Maushold|Bite|p2a: Pecharunt
|-supereffective|p2a: Pecharunt
|-damage|p2a: Pecharunt|40/100
|cant|p2a: Pecharunt|flinch
|
|upkeep
|turn|18
|
|t:|1757956703
|move|p1a: Maushold|Bite|p2a: Pecharunt
|-supereffective|p2a: Pecharunt
|-damage|p2a: Pecharunt|9/100
|move|p2a: Pecharunt|Recover|p2a: Pecharunt
|-heal|p2a: Pecharunt|59/100
|
|upkeep
|turn|19
|
|t:|1757956712
|switch|p2a: Zamazenta|Zamazenta|100/100
|-ability|p2a: Zamazenta|Dauntless Shield|boost
|-boost|p2a: Zamazenta|def|1
|move|p1a: Maushold|Bite|p2a: Zamazenta
|-resisted|p2a: Zamazenta
|-damage|p2a: Zamazenta|91/100
|
|upkeep
|turn|20
|
|t:|1757956721
|switch|p1a: Hatterene|Hatterene, F|74/100
|move|p2a: Zamazenta|Close Combat|p1a: Hatterene
|-resisted|p1a: Hatterene
|-damage|p1a: Hatterene|59/100
|-unboost|p2a: Zamazenta|def|1
|-unboost|p2a: Zamazenta|spd|1
|
|upkeep
|turn|21
|
|t:|1757956727
|move|p2a: Zamazenta|Heavy Slam|p1a: Hatterene
|-supereffective|p1a: Hatterene
|-damage|p1a: Hatterene|0 fnt
|faint|p1a: Hatterene
|
|upkeep
|
|t:|1757956744
|switch|p1a: Dragonite|Dragonite, F|100/100
|turn|22
|
|t:|1757956749
|move|p2a: Zamazenta|Stone Edge|p1a: Dragonite
|-supereffective|p1a: Dragonite
|-damage|p1a: Dragonite|62/100
|move|p1a: Dragonite|Dragon Dance|p1a: Dragonite
|-boost|p1a: Dragonite|atk|1
|-boost|p1a: Dragonite|spe|1
|
|-heal|p1a: Dragonite|68/100|[from] item: Leftovers
|upkeep
|turn|23
|
|t:|1757956755
|switch|p2a: Pecharunt|Pecharunt|59/100
|-terastallize|p1a: Dragonite|Flying
|move|p1a: Dragonite|Tera Blast|p2a: Pecharunt|[anim] Tera Blast Flying
|-damage|p2a: Pecharunt|21/100
|
|-heal|p1a: Dragonite|74/100|[from] item: Leftovers
|upkeep
|turn|24
|
|t:|1757956760
|move|p1a: Dragonite|Tera Blast|p2a: Pecharunt|[anim] Tera Blast Flying
|-damage|p2a: Pecharunt|0 fnt
|faint|p2a: Pecharunt
|
|-heal|p1a: Dragonite|80/100|[from] item: Leftovers
|upkeep
|
|t:|1757956763
|switch|p2a: Latios|Latios, M, shiny|100/100
|turn|25
|
|t:|1757956767
|switch|p1a: Scizor|Scizor, F|50/100
|-terastallize|p2a: Latios|Steel
|move|p2a: Latios|Psychic Noise|p1a: Scizor
|-resisted|p1a: Scizor
|-damage|p1a: Scizor|17/100
|-start|p1a: Scizor|move: Heal Block
|
|upkeep
|turn|26
|
|t:|1757956779
|switch|p2a: Tornadus|Tornadus-Therian, M|65/100
|move|p1a: Scizor|Bullet Punch|p2a: Tornadus
|-damage|p2a: Tornadus|18/100
|
|-end|p1a: Scizor|move: Heal Block
|upkeep
|turn|27
|
|t:|1757956782
|move|p1a: Scizor|Bullet Punch|p2a: Tornadus
|-damage|p2a: Tornadus|0 fnt
|faint|p2a: Tornadus
|
|upkeep
|
|t:|1757956783
|switch|p2a: Iron Treads|Iron Treads|25/100
|turn|28
|
|t:|1757956787
|switch|p1a: Dragonite|Dragonite, F, tera:Flying|80/100
|move|p2a: Iron Treads|Stealth Rock|p1a: Dragonite
|-sidestart|p1: tomatic|move: Stealth Rock
|
|-heal|p1a: Dragonite|87/100|[from] item: Leftovers
|upkeep
|turn|29
|
|t:|1757956793
|move|p2a: Iron Treads|Rapid Spin|p1a: Dragonite
|-damage|p1a: Dragonite|71/100
|-boost|p2a: Iron Treads|spe|1
|move|p1a: Dragonite|Dragon Dance|p1a: Dragonite
|-boost|p1a: Dragonite|atk|1
|-boost|p1a: Dragonite|spe|1
|
|-heal|p1a: Dragonite|77/100|[from] item: Leftovers
|upkeep
|turn|30
|
|t:|1757956798
|move|p2a: Iron Treads|Ice Spinner|p1a: Dragonite
|-supereffective|p1a: Dragonite
|-damage|p1a: Dragonite|23/100
|move|p1a: Dragonite|Earthquake|p2a: Iron Treads
|-supereffective|p2a: Iron Treads
|-damage|p2a: Iron Treads|0 fnt
|faint|p2a: Iron Treads
|-end|p2a: Iron Treads|Quark Drive|[silent]
|
|-heal|p1a: Dragonite|29/100|[from] item: Leftovers
|upkeep
|
|t:|1757956800
|switch|p2a: Latios|Latios, M, shiny, tera:Steel|100/100
|turn|31
|
|t:|1757956806
|move|p1a: Dragonite|Tera Blast|p2a: Latios|[anim] Tera Blast Flying
|-resisted|p2a: Latios
|-crit|p2a: Latios
|-damage|p2a: Latios|19/100
|move|p2a: Latios|Psychic Noise|p1a: Dragonite
|-crit|p1a: Dragonite
|-damage|p1a: Dragonite|0 fnt
|faint|p1a: Dragonite
|
|upkeep
|
|t:|1757956821
|switch|p1a: Scizor|Scizor, F|17/100
|-damage|p1a: Scizor|5/100|[from] Stealth Rock
|turn|32
|
|t:|1757956832
|move|p1a: Scizor|Bullet Punch|p2a: Latios
|-resisted|p2a: Latios
|-damage|p2a: Latios|0 fnt
|faint|p2a: Latios
|
|upkeep
|
|t:|1757956839
|switch|p2a: Zamazenta|Zamazenta|91/100
|turn|33
|
|t:|1757956843
|move|p1a: Scizor|Bullet Punch|p2a: Zamazenta
|-damage|p2a: Zamazenta|53/100
|move|p2a: Zamazenta|Crunch|p1a: Scizor
|-damage|p1a: Scizor|0 fnt
|faint|p1a: Scizor
|
|upkeep
|
|t:|1757956849
|switch|p1a: Rotom|Rotom-Wash|36/100
|-damage|p1a: Rotom|24/100|[from] Stealth Rock
|turn|34
|
|t:|1757956868
|move|p1a: Rotom|Hydro Pump|p2a: Zamazenta
|-damage|p2a: Zamazenta|4/100
|move|p2a: Zamazenta|Close Combat|p1a: Rotom
|-damage|p1a: Rotom|0 fnt
|-unboost|p2a: Zamazenta|def|1
|-unboost|p2a: Zamazenta|spd|1
|faint|p1a: Rotom
|
|upkeep
|
|t:|1757956872
|switch|p1a: Maushold|Maushold-Four|45/100
|-damage|p1a: Maushold|33/100|[from] Stealth Rock
|turn|35
|
|t:|1757956876
|move|p2a: Zamazenta|Close Combat|p1a: Maushold
|-supereffective|p1a: Maushold
|-damage|p1a: Maushold|0 fnt
|-unboost|p2a: Zamazenta|def|1
|-unboost|p2a: Zamazenta|spd|1
|faint|p1a: Maushold
|
|win|LT124YH Prav33n
|raw|tomatic's rating: 1736 &rarr; <strong>1717</strong><br />(-19 for losing)
|raw|LT124YH Prav33n's rating: 1746 &rarr; <strong>1765</strong><br />(+19 for winning)
|c|☆tomatic|gg
