|j|☆lzc123456
|j|☆go b3yond
|t:|1757942963
|gametype|singles
|player|p1|lzc123456|cynthia-gen4|1549
|player|p2|go b3yond|bruno|1506
|gen|9
|tier|[Gen 9] OU
|rated|
|rule|HP Percentage Mod: HP is shown in percentages
|rule|Endless Battle Clause: Forcing endless battles is banned
|rule|Species Clause: Limit one of each Pokémon
|rule|OHKO Clause: OHKO moves are banned
|rule|Evasion Items Clause: Evasion items are banned
|rule|Evasion Moves Clause: Evasion moves are banned
|rule|Evasion Abilities Clause: Evasion abilities are banned
|rule|Sleep Moves Clause: Sleep-inducing moves are banned
|clearpoke
|poke|p1|Iron Treads|
|poke|p1|Alomomola, M|
|poke|p1|Tornadus-Therian, M|
|poke|p1|Garganacl, M|
|poke|p1|Weezing-Galar, F|
|poke|p1|Lokix, F|
|poke|p2|Torkoal, F|
|poke|p2|Brute Bonnet|
|poke|p2|Hatterene, F|
|poke|p2|Walking Wake|
|poke|p2|Thundurus-Therian, M|
|poke|p2|Ceruledge, F|
|teampreview
|inactive|Battle timer is ON: inactive players will automatically lose when time's up. (requested by lzc123456)
|inactive|go b3yond also wants the timer to be on.
|
|t:|1757942970
|teamsize|p1|6
|teamsize|p2|6
|start
|switch|p1a: Lokix|Lokix, F|100/100
|switch|p2a: GREAT Bait|Torkoal, F, shiny|100/100
|-weather|SunnyDay|[from] ability: Drought|[of] p2a: GREAT Bait
|turn|1
|
|t:|1757942981
|move|p1a: Lokix|U-turn|p2a: GREAT Bait
|-resisted|p2a: GREAT Bait
|-damage|p2a: GREAT Bait|60/100
|
|t:|1757942985
|switch|p1a: Garganacl|Garganacl, M, shiny|100/100|[from] U-turn
|move|p2a: GREAT Bait|Overheat|p1a: Garganacl
|-resisted|p1a: Garganacl
|-damage|p1a: Garganacl|75/100
|-unboost|p2a: GREAT Bait|spa|2
|
|-weather|SunnyDay|[upkeep]
|-heal|p1a: Garganacl|81/100|[from] item: Leftovers
|upkeep
|turn|2
|
|t:|1757942989
|switch|p2a: Hatterene|Hatterene, F|100/100
|move|p1a: Garganacl|Stealth Rock|p2a: Hatterene
|move|p2a: Hatterene|Stealth Rock|p1a: Garganacl|[from] ability: Magic Bounce
|-sidestart|p1: lzc123456|move: Stealth Rock
|
|-weather|SunnyDay|[upkeep]
|-heal|p1a: Garganacl|87/100|[from] item: Leftovers
|upkeep
|turn|3
|
|t:|1757942993
|move|p2a: Hatterene|Psychic Noise|p1a: Garganacl
|-damage|p1a: Garganacl|64/100
|-start|p1a: Garganacl|move: Heal Block
|move|p1a: Garganacl|Salt Cure|p2a: Hatterene
|-crit|p2a: Hatterene
|-damage|p2a: Hatterene|81/100
|-start|p2a: Hatterene|Salt Cure
|-enditem|p2a: Hatterene|Eject Button
|
|t:|1757942997
|switch|p2a: Brute Bonnet|Brute Bonnet|100/100
|-activate|p2a: Brute Bonnet|ability: Protosynthesis
|-start|p2a: Brute Bonnet|protosynthesisatk
|
|-weather|SunnyDay|[upkeep]
|upkeep
|turn|4
|
|t:|1757943003
|switch|p1a: Weezing|Weezing-Galar, F|100/100
|-ability|p1a: Weezing|Neutralizing Gas
|-damage|p1a: Weezing|88/100|[from] Stealth Rock
|move|p2a: Brute Bonnet|Growth|p2a: Brute Bonnet
|-boost|p2a: Brute Bonnet|atk|2
|-boost|p2a: Brute Bonnet|spa|2
|
|-weather|SunnyDay|[upkeep]
|-heal|p1a: Weezing|94/100|[from] item: Leftovers
|upkeep
|turn|5
|
|t:|1757943009
|-terastallize|p2a: Brute Bonnet|Fire
|move|p2a: Brute Bonnet|Tera Blast|p1a: Weezing|[anim] Tera Blast Fire
|-damage|p1a: Weezing|2/100
|move|p1a: Weezing|Will-O-Wisp|p2a: Brute Bonnet
|-immune|p2a: Brute Bonnet
|
|-weather|SunnyDay|[upkeep]
|-heal|p1a: Weezing|8/100|[from] item: Leftovers
|upkeep
|turn|6
|
|t:|1757943017
|move|p1a: Weezing|Protect|p1a: Weezing
|-singleturn|p1a: Weezing|Protect
|move|p2a: Brute Bonnet|Bullet Seed|p1a: Weezing
|-activate|p1a: Weezing|move: Protect
|
|-weather|SunnyDay|[upkeep]
|-heal|p1a: Weezing|14/100|[from] item: Leftovers
|upkeep
|turn|7
|
|t:|1757943035
|move|p2a: Brute Bonnet|Tera Blast|p1a: Weezing|[anim] Tera Blast Fire
|-damage|p1a: Weezing|0 fnt
|faint|p1a: Weezing
|-end|p1a: Weezing|ability: Neutralizing Gas
|
|-weather|SunnyDay|[upkeep]
|upkeep
|
|t:|1757943037
|switch|p1a: Iron Treads|Iron Treads|100/100
|-damage|p1a: Iron Treads|98/100|[from] Stealth Rock
|turn|8
|
|t:|1757943039
|move|p1a: Iron Treads|Earthquake|p2a: Brute Bonnet
|-supereffective|p2a: Brute Bonnet
|-damage|p2a: Brute Bonnet|31/100
|move|p2a: Brute Bonnet|Bullet Seed|p1a: Iron Treads
|-damage|p1a: Iron Treads|68/100
|-damage|p1a: Iron Treads|40/100
|-damage|p1a: Iron Treads|11/100
|-damage|p1a: Iron Treads|0 fnt
|faint|p1a: Iron Treads
|-end|p1a: Iron Treads|Quark Drive|[silent]
|-hitcount|p1: Iron Treads|4
|
|-weather|none
|-end|p2a: Brute Bonnet|Protosynthesis
|upkeep
|
|t:|1757943054
|switch|p1a: Lokix|Lokix, F|100/100
|-damage|p1a: Lokix|76/100|[from] Stealth Rock
|turn|9
|
|t:|1757943057
|move|p1a: Lokix|First Impression|p2a: Brute Bonnet
|-resisted|p2a: Brute Bonnet
|-damage|p2a: Brute Bonnet|0 fnt
|faint|p2a: Brute Bonnet
|-end|p2a: Brute Bonnet|Protosynthesis|[silent]
|
|upkeep
|
|t:|1757943061
|switch|p2a: GREAT Bait|Torkoal, F, shiny|60/100
|-weather|SunnyDay|[from] ability: Drought|[of] p2a: GREAT Bait
|turn|10
|
|t:|1757943065
|switch|p1a: Alomomola|Alomomola, M|100/100
|-damage|p1a: Alomomola|88/100|[from] Stealth Rock
|switch|p2a: Walking Wake|Walking Wake|100/100
|-activate|p2a: Walking Wake|ability: Protosynthesis
|-start|p2a: Walking Wake|protosynthesisspe
|
|-weather|SunnyDay|[upkeep]
|upkeep
|turn|11
|
|t:|1757943069
|move|p2a: Walking Wake|Flip Turn|p1a: Alomomola
|-resisted|p1a: Alomomola
|-damage|p1a: Alomomola|85/100
|-damage|p2a: Walking Wake|84/100|[from] item: Rocky Helmet|[of] p1a: Alomomola
|
|t:|1757943072
|-end|p2a: Walking Wake|Protosynthesis|[silent]
|switch|p2a: Thundurus|Thundurus-Therian, M|100/100|[from] Flip Turn
|move|p1a: Alomomola|Wish|p1a: Alomomola
|
|-weather|SunnyDay|[upkeep]
|upkeep
|turn|12
|
|t:|1757943080
|-terastallize|p1a: Alomomola|Fairy
|move|p2a: Thundurus|Thunderbolt|p1a: Alomomola
|-damage|p1a: Alomomola|16/100
|move|p1a: Alomomola|Flip Turn|p2a: Thundurus
|-damage|p2a: Thundurus|88/100
|
|t:|1757943085
|switch|p1a: Garganacl|Garganacl, M, shiny|64/100|[from] Flip Turn
|-damage|p1a: Garganacl|52/100|[from] Stealth Rock
|
|-weather|SunnyDay|[upkeep]
|-heal|p1a: Garganacl|100/100|[from] move: Wish|[wisher] Alomomola
|upkeep
|turn|13
|
|t:|1757943088
|move|p2a: Thundurus|Thunderbolt|p1a: Garganacl
|-damage|p1a: Garganacl|54/100
|move|p1a: Garganacl|Salt Cure|p2a: Thundurus
|-supereffective|p2a: Thundurus
|-damage|p2a: Thundurus|42/100
|-start|p2a: Thundurus|Salt Cure
|
|-weather|SunnyDay|[upkeep]
|-heal|p1a: Garganacl|60/100|[from] item: Leftovers
|-damage|p2a: Thundurus|29/100|[from] Salt Cure
|upkeep
|turn|14
|
|t:|1757943093
|switch|p2a: Hatterene|Hatterene, F|81/100
|move|p1a: Garganacl|Recover|p1a: Garganacl
|-heal|p1a: Garganacl|100/100
|
|-weather|SunnyDay|[upkeep]
|upkeep
|turn|15
|
|t:|1757943097
|move|p2a: Hatterene|Psychic Noise|p1a: Garganacl
|-damage|p1a: Garganacl|78/100
|-start|p1a: Garganacl|move: Heal Block
|move|p1a: Garganacl|Salt Cure|p2a: Hatterene
|-damage|p2a: Hatterene|68/100
|-start|p2a: Hatterene|Salt Cure
|
|-weather|SunnyDay|[upkeep]
|-damage|p2a: Hatterene|56/100|[from] Salt Cure
|upkeep
|turn|16
|
|t:|1757943105
|move|p2a: Hatterene|Nuzzle|p1a: Garganacl
|-damage|p1a: Garganacl|75/100
|move|p1a: Garganacl|Salt Cure|p2a: Hatterene
|-damage|p2a: Hatterene|43/100
|
|-weather|SunnyDay|[upkeep]
|-damage|p2a: Hatterene|31/100|[from] Salt Cure
|-end|p1a: Garganacl|move: Heal Block
|upkeep
|turn|17
|
|t:|1757943115
|move|p2a: Hatterene|Healing Wish|p2a: Hatterene
|faint|p2a: Hatterene
|move|p1a: Garganacl|Salt Cure|p2: Hatterene|[notarget]
|-fail|p1a: Garganacl
|
|-weather|none
|-heal|p1a: Garganacl|81/100|[from] item: Leftovers
|upkeep
|
|t:|1757943125
|switch|p2a: Thundurus|Thundurus-Therian, M|29/100
|-heal|p2a: Thundurus|100/100|[from] move: Healing Wish
|turn|18
|
|t:|1757943132
|move|p2a: Thundurus|Grass Knot|p1a: Garganacl
|-supereffective|p1a: Garganacl
|-damage|p1a: Garganacl|0 fnt
|faint|p1a: Garganacl
|
|upkeep
|
|t:|1757943136
|switch|p1a: Tornadus|Tornadus-Therian, M, shiny|100/100
|-damage|p1a: Tornadus|76/100|[from] Stealth Rock
|turn|19
|
|t:|1757943138
|switch|p2a: GREAT Bait|Torkoal, F, shiny|60/100
|-weather|SunnyDay|[from] ability: Drought|[of] p2a: GREAT Bait
|move|p1a: Tornadus|Nasty Plot|p1a: Tornadus
|-boost|p1a: Tornadus|spa|2
|
|-weather|SunnyDay|[upkeep]
|upkeep
|turn|20
|
|t:|1757943142
|move|p1a: Tornadus|Bleakwind Storm|p2a: GREAT Bait
|-damage|p2a: GREAT Bait|0 fnt
|faint|p2a: GREAT Bait
|-damage|p1a: Tornadus|66/100|[from] item: Life Orb
|
|-weather|SunnyDay|[upkeep]
|upkeep
|
|t:|1757943157
|switch|p2a: Walking Wake|Walking Wake|84/100
|-activate|p2a: Walking Wake|ability: Protosynthesis
|-start|p2a: Walking Wake|protosynthesisspe
|turn|21
|
|t:|1757943161
|switch|p1a: Alomomola|Alomomola, M, tera:Fairy|49/100
|-damage|p1a: Alomomola|36/100|[from] Stealth Rock
|move|p2a: Walking Wake|Hydro Steam|p1a: Alomomola
|-damage|p1a: Alomomola|0 fnt
|faint|p1a: Alomomola
|
|-weather|SunnyDay|[upkeep]
|upkeep
|
|t:|1757943163
|switch|p1a: Lokix|Lokix, F|76/100
|-damage|p1a: Lokix|51/100|[from] Stealth Rock
|turn|22
|-message|lzc123456 forfeited.
|
|win|go b3yond
|raw|lzc123456's rating: 1549 &rarr; <strong>1527</strong><br />(-22 for losing)
|raw|go b3yond's rating: 1506 &rarr; <strong>1528</strong><br />(+22 for winning)
|l|☆lzc123456
|player|p1|
|l|☆go b3yond
|player|p2|
