|j|☆frankjob
|j|☆PkScept
|t:|1757838775
|gametype|singles
|player|p1|frankjob|cheren|1374
|player|p2|PkScept|169|1338
|gen|9
|tier|[Gen 9] OU
|rated|
|rule|HP Percentage Mod: HP is shown in percentages
|rule|Endless Battle Clause: Forcing endless battles is banned
|rule|Species Clause: Limit one of each Pokémon
|rule|OHKO Clause: OHKO moves are banned
|rule|Evasion Items Clause: Evasion items are banned
|rule|Evasion Moves Clause: Evasion moves are banned
|rule|Evasion Abilities Clause: Evasion abilities are banned
|rule|Sleep Moves Clause: Sleep-inducing moves are banned
|clearpoke
|poke|p1|Ursaluna, M|
|poke|p1|Carbink|
|poke|p1|Cresselia, F|
|poke|p1|Kingambit, M|
|poke|p1|Hatterene, F|
|poke|p1|Raging Bolt|
|poke|p2|Venomoth, F|
|poke|p2|Alomomola, F|
|poke|p2|Corviknight, F|
|poke|p2|Rillaboom, M|
|poke|p2|Slowking-Galar, F|
|poke|p2|Hawlucha, M|
|teampreview
|inactive|Battle timer is ON: inactive players will automatically lose when time's up. (requested by frankjob)
|
|t:|1757838794
|teamsize|p1|6
|teamsize|p2|6
|start
|switch|p1a: Carbink|Carbink|100/100
|switch|p2a: Rillaboom|Rillaboom, M|100/100
|-fieldstart|move: Grassy Terrain|[from] ability: Grassy Surge|[of] p2a: Rillaboom
|turn|1
|
|t:|1757838805
|move|p2a: Rillaboom|Wood Hammer|p1a: Carbink
|-supereffective|p1a: Carbink
|-ability|p1a: Carbink|Sturdy
|-damage|p1a: Carbink|1/100
|-damage|p2a: Rillaboom|84/100|[from] item: Rocky Helmet|[of] p1a: Carbink
|-damage|p2a: Rillaboom|55/100|[from] Recoil
|move|p1a: Carbink|Trick Room|p1a: Carbink
|-fieldstart|move: Trick Room|[of] p1a: Carbink
|
|-heal|p1a: Carbink|7/100|[from] Grassy Terrain
|-heal|p2a: Rillaboom|61/100|[from] Grassy Terrain
|upkeep
|turn|2
|
|t:|1757838816
|move|p2a: Rillaboom|Grassy Glide|p1a: Carbink
|-supereffective|p1a: Carbink
|-damage|p1a: Carbink|0 fnt
|-damage|p2a: Rillaboom|44/100|[from] item: Rocky Helmet|[of] p1a: Carbink
|faint|p1a: Carbink
|
|-heal|p2a: Rillaboom|51/100|[from] Grassy Terrain
|upkeep
|
|t:|1757838834
|switch|p1a: Raging Bolt|Raging Bolt|100/100
|-enditem|p1a: Raging Bolt|Booster Energy
|-activate|p1a: Raging Bolt|ability: Protosynthesis|[fromitem]
|-start|p1a: Raging Bolt|protosynthesisspa
|turn|3
|
|t:|1757838841
|move|p1a: Raging Bolt|Dragon Pulse|p2a: Rillaboom
|-damage|p2a: Rillaboom|0 fnt
|faint|p2a: Rillaboom
|
|upkeep
|
|t:|1757838846
|switch|p2a: Mephistus|Slowking-Galar, F|100/100
|turn|4
|
|t:|1757838853
|move|p2a: Mephistus|Toxic|p1a: Raging Bolt
|-status|p1a: Raging Bolt|tox
|move|p1a: Raging Bolt|Thunderbolt|p2a: Mephistus
|-damage|p2a: Mephistus|62/100
|
|-heal|p2a: Mephistus|68/100|[from] Grassy Terrain
|-damage|p1a: Raging Bolt|94/100 tox|[from] psn
|upkeep
|turn|5
|
|t:|1757838876
|move|p2a: Mephistus|Sludge Bomb|p1a: Raging Bolt
|-damage|p1a: Raging Bolt|69/100 tox
|move|p1a: Raging Bolt|Volt Switch|p2a: Mephistus
|-damage|p2a: Mephistus|39/100
|
|t:|1757838881
|-end|p1a: Raging Bolt|Protosynthesis|[silent]
|switch|p1a: Ursaluna|Ursaluna, M|100/100|[from] Volt Switch
|
|-heal|p2a: Mephistus|45/100|[from] Grassy Terrain
|-fieldend|move: Trick Room
|-fieldend|move: Grassy Terrain
|-status|p1a: Ursaluna|brn|[from] item: Flame Orb
|upkeep
|turn|6
|
|t:|1757838895
|switch|p2a: Raven|Corviknight, F|100/100
|-ability|p2a: Raven|Pressure
|move|p1a: Ursaluna|Fire Punch|p2a: Raven
|-supereffective|p2a: Raven
|-damage|p2a: Raven|46/100
|-damage|p1a: Ursaluna|84/100 brn|[from] item: Rocky Helmet|[of] p2a: Raven
|
|-damage|p1a: Ursaluna|78/100 brn|[from] brn
|upkeep
|turn|7
|
|t:|1757838906
|switch|p1a: Raging Bolt|Raging Bolt|69/100 tox
|move|p2a: Raven|U-turn|p1a: Raging Bolt
|-damage|p1a: Raging Bolt|57/100 tox
|
|t:|1757838909
|switch|p2a: Mephistus|Slowking-Galar, F|78/100|[from] U-turn
|
|-damage|p1a: Raging Bolt|51/100 tox|[from] psn
|upkeep
|turn|8
|
|t:|1757838915
|move|p1a: Raging Bolt|Volt Switch|p2a: Mephistus
|-damage|p2a: Mephistus|54/100
|
|t:|1757838918
|-end|p1a: Raging Bolt|Protosynthesis|[silent]
|switch|p1a: Ursaluna|Ursaluna, M|78/100 brn|[from] Volt Switch
|-prepare|p2a: Mephistus|Chilly Reception|[premajor]
|move|p2a: Mephistus|Chilly Reception|p2a: Mephistus
|-weather|Snowscape
|
|t:|1757838923
|switch|p2a: Maho|Alomomola, F|100/100|[from] Chilly Reception
|
|-weather|Snowscape|[upkeep]
|-damage|p1a: Ursaluna|71/100 brn|[from] brn
|upkeep
|turn|9
|
|t:|1757838933
|-terastallize|p1a: Ursaluna|Normal
|move|p2a: Maho|Scald|p1a: Ursaluna
|-damage|p1a: Ursaluna|60/100 brn
|move|p1a: Ursaluna|Facade|p2a: Maho
|-damage|p2a: Maho|13/100
|
|-weather|Snowscape|[upkeep]
|-damage|p1a: Ursaluna|54/100 brn|[from] brn
|upkeep
|turn|10
|
|t:|1757838945
|move|p2a: Maho|Protect|p2a: Maho
|-singleturn|p2a: Maho|Protect
|move|p1a: Ursaluna|Facade|p2a: Maho
|-activate|p2a: Maho|move: Protect
|
|-weather|Snowscape|[upkeep]
|-damage|p1a: Ursaluna|48/100 brn|[from] brn
|upkeep
|turn|11
|
|t:|1757838957
|move|p2a: Maho|Flip Turn|p1a: Ursaluna
|-damage|p1a: Ursaluna|37/100 brn
|
|t:|1757838959
|switch|p2a: Raven|Corviknight, F|46/100|[from] Flip Turn
|-ability|p2a: Raven|Pressure
|move|p1a: Ursaluna|Fire Punch|p2a: Raven
|-supereffective|p2a: Raven
|-damage|p2a: Raven|0 fnt
|-damage|p1a: Ursaluna|20/100 brn|[from] item: Rocky Helmet|[of] p2a: Raven
|faint|p2a: Raven
|
|-weather|Snowscape|[upkeep]
|-damage|p1a: Ursaluna|14/100 brn|[from] brn
|upkeep
|
|t:|1757838962
|switch|p2a: Venomoth|Venomoth, F, shiny|100/100
|turn|12
|
|t:|1757838975
|switch|p1a: Hatterene|Hatterene, F|100/100
|move|p2a: Venomoth|Bug Buzz|p1a: Hatterene
|-damage|p1a: Hatterene|58/100
|
|-weather|none
|upkeep
|turn|13
|
|t:|1757838982
|move|p2a: Venomoth|Sludge Bomb|p1a: Hatterene
|-supereffective|p1a: Hatterene
|-damage|p1a: Hatterene|0 fnt
|faint|p1a: Hatterene
|
|upkeep
|
|t:|1757839007
|switch|p1a: Kingambit|Kingambit, M|100/100
|-activate|p1a: Kingambit|ability: Supreme Overlord
|-start|p1a: Kingambit|fallen2|[silent]
|turn|14
|
|t:|1757839014
|switch|p2a: Hawlucha|Hawlucha, M|100/100
|move|p1a: Kingambit|Sucker Punch||[still]
|-fail|p1a: Kingambit
|
|upkeep
|turn|15
|
|t:|1757839024
|-end|p1a: Kingambit|fallen2|[silent]
|switch|p1a: Cresselia|Cresselia, F|100/100
|move|p2a: Hawlucha|Close Combat|p1a: Cresselia
|-resisted|p1a: Cresselia
|-damage|p1a: Cresselia|86/100
|-unboost|p2a: Hawlucha|def|1
|-unboost|p2a: Hawlucha|spd|1
|
|upkeep
|turn|16
|
|t:|1757839031
|switch|p2a: Mephistus|Slowking-Galar, F|87/100
|move|p1a: Cresselia|Trick Room|p1a: Cresselia
|-fieldstart|move: Trick Room|[of] p1a: Cresselia
|
|upkeep
|turn|17
|
|t:|1757839038
|switch|p1a: Kingambit|Kingambit, M|100/100
|-activate|p1a: Kingambit|ability: Supreme Overlord
|-start|p1a: Kingambit|fallen2|[silent]
|move|p2a: Mephistus|Toxic|p1a: Kingambit
|-immune|p1a: Kingambit
|
|upkeep
|turn|18
|
|t:|1757839055
|move|p1a: Kingambit|Kowtow Cleave|p2a: Mephistus
|-supereffective|p2a: Mephistus
|-damage|p2a: Mephistus|0 fnt
|faint|p2a: Mephistus
|
|upkeep
|
|t:|1757839060
|switch|p2a: Hawlucha|Hawlucha, M|100/100
|turn|19
|
|t:|1757839066
|move|p1a: Kingambit|Iron Head|p2a: Hawlucha
|-damage|p2a: Hawlucha|12/100
|move|p2a: Hawlucha|Substitute|p2a: Hawlucha
|-fail|p2a: Hawlucha|move: Substitute|[weak]
|
|upkeep
|turn|20
|
|t:|1757839077
|move|p1a: Kingambit|Iron Head|p2a: Hawlucha
|-damage|p2a: Hawlucha|0 fnt
|faint|p2a: Hawlucha
|
|-fieldend|move: Trick Room
|upkeep
|
|t:|1757839079
|switch|p2a: Maho|Alomomola, F|46/100
|turn|21
|
|t:|1757839091
|-end|p1a: Kingambit|fallen2|[silent]
|switch|p1a: Raging Bolt|Raging Bolt|51/100 tox
|move|p2a: Maho|Wish|p2a: Maho
|
|-damage|p1a: Raging Bolt|45/100 tox|[from] psn
|upkeep
|turn|22
|
|t:|1757839097
|move|p2a: Maho|Protect|p2a: Maho
|-singleturn|p2a: Maho|Protect
|move|p1a: Raging Bolt|Thunderbolt|p2a: Maho
|-activate|p2a: Maho|move: Protect
|
|-heal|p2a: Maho|96/100|[from] move: Wish|[wisher] Maho
|-damage|p1a: Raging Bolt|32/100 tox|[from] psn
|upkeep
|turn|23
|
|t:|1757839109
|move|p2a: Maho|Wish|p2a: Maho
|move|p1a: Raging Bolt|Thunderbolt|p2a: Maho
|-supereffective|p2a: Maho
|-damage|p2a: Maho|0 fnt
|faint|p2a: Maho
|
|-damage|p1a: Raging Bolt|14/100 tox|[from] psn
|upkeep
|
|t:|1757839112
|switch|p2a: Venomoth|Venomoth, F, shiny|100/100
|turn|24
|
|t:|1757839119
|-terastallize|p2a: Venomoth|Ground
|move|p2a: Venomoth|Quiver Dance|p2a: Venomoth
|-boost|p2a: Venomoth|spa|1
|-boost|p2a: Venomoth|spd|1
|-boost|p2a: Venomoth|spe|1
|move|p1a: Raging Bolt|Thunderbolt|p2a: Venomoth
|-immune|p2a: Venomoth
|
|-damage|p1a: Raging Bolt|0 fnt|[from] psn
|faint|p1a: Raging Bolt
|-end|p1a: Raging Bolt|Protosynthesis|[silent]
|upkeep
|
|t:|1757839130
|switch|p1a: Cresselia|Cresselia, F|86/100
|turn|25
|
|t:|1757839133
|move|p2a: Venomoth|Bug Buzz|p1a: Cresselia
|-supereffective|p1a: Cresselia
|-damage|p1a: Cresselia|0 fnt
|faint|p1a: Cresselia
|
|upkeep
|
|t:|1757839139
|switch|p1a: Kingambit|Kingambit, M|100/100
|-activate|p1a: Kingambit|ability: Supreme Overlord
|-start|p1a: Kingambit|fallen4|[silent]
|turn|26
|
|t:|1757839151
|move|p2a: Venomoth|Tera Blast|p1a: Kingambit|[anim] Tera Blast Ground
|-supereffective|p1a: Kingambit
|-damage|p1a: Kingambit|0 fnt
|faint|p1a: Kingambit
|-end|p1a: Kingambit|fallen4|[silent]
|
|upkeep
|
|t:|1757839156
|switch|p1a: Ursaluna|Ursaluna, M, tera:Normal|14/100 brn
|turn|27
|c|☆PkScept|Gg
|
|t:|1757839163
|move|p2a: Venomoth|Bug Buzz|p1a: Ursaluna
|-damage|p1a: Ursaluna|0 fnt
|faint|p1a: Ursaluna
|
|win|PkScept
|raw|frankjob's rating: 1374 &rarr; <strong>1352</strong><br />(-22 for losing)
|raw|PkScept's rating: 1338 &rarr; <strong>1360</strong><br />(+22 for winning)
|c|☆frankjob|gg
|l|☆frankjob
|player|p1|
|l|☆PkScept
|player|p2|
