|j|☆doomfletch
|j|☆sawm0n
|t:|1757948143
|gametype|singles
|player|p1|doomfletch|101|1265
|player|p2|sawm0n|ingo|1290
|gen|9
|tier|[Gen 9] OU
|rated|
|rule|HP Percentage Mod: HP is shown in percentages
|rule|Endless Battle Clause: Forcing endless battles is banned
|rule|Species Clause: Limit one of each Pokémon
|rule|OHKO Clause: OHKO moves are banned
|rule|Evasion Items Clause: Evasion items are banned
|rule|Evasion Moves Clause: Evasion moves are banned
|rule|Evasion Abilities Clause: Evasion abilities are banned
|rule|Sleep Moves Clause: Sleep-inducing moves are banned
|clearpoke
|poke|p1|Hydreigon, M|
|poke|p1|Slowking-Galar, M|
|poke|p1|Great Tusk|
|poke|p1|Corviknight, M|
|poke|p1|Crawdaunt, F|
|poke|p1|Raikou|
|poke|p2|Kingambit, F|
|poke|p2|Great Tusk|
|poke|p2|Gholdengo|
|poke|p2|Primarina, M|
|poke|p2|Weavile, M|
|poke|p2|Zapdos|
|teampreview
|inactive|Battle timer is ON: inactive players will automatically lose when time's up. (requested by sawm0n)
|
|t:|1757948154
|teamsize|p1|6
|teamsize|p2|6
|start
|switch|p1a: Raikou|Raikou|100/100
|switch|p2a: Great Tusk|Great Tusk|100/100
|turn|1
|
|t:|1757948162
|move|p1a: Raikou|Scald|p2a: Great Tusk
|-supereffective|p2a: Great Tusk
|-damage|p2a: Great Tusk|26/100
|-status|p2a: Great Tusk|brn
|move|p2a: Great Tusk|Stealth Rock|p1a: Raikou
|-sidestart|p1: doomfletch|move: Stealth Rock
|
|-damage|p2a: Great Tusk|20/100 brn|[from] brn
|upkeep
|turn|2
|
|t:|1757948172
|move|p1a: Raikou|Scald|p2a: Great Tusk
|-supereffective|p2a: Great Tusk
|-damage|p2a: Great Tusk|0 fnt
|faint|p2a: Great Tusk
|-end|p2a: Great Tusk|Protosynthesis|[silent]
|
|upkeep
|
|t:|1757948179
|switch|p2a: Primarina|Primarina, M|100/100
|turn|3
|
|t:|1757948186
|move|p1a: Raikou|Calm Mind|p1a: Raikou
|-boost|p1a: Raikou|spa|1
|-boost|p1a: Raikou|spd|1
|move|p2a: Primarina|Surf|p1a: Raikou
|-crit|p1a: Raikou
|-damage|p1a: Raikou|44/100
|
|upkeep
|turn|4
|
|t:|1757948194
|move|p1a: Raikou|Thunderbolt|p2a: Primarina
|-supereffective|p2a: Primarina
|-damage|p2a: Primarina|16/100
|move|p2a: Primarina|Surf|p1a: Raikou
|-damage|p1a: Raikou|4/100
|
|-heal|p2a: Primarina|22/100|[from] item: Leftovers
|upkeep
|turn|5
|
|t:|1757948205
|switch|p2a: Weavile|Weavile, M|100/100
|-ability|p2a: Weavile|Pressure
|move|p1a: Raikou|Thunderbolt|p2a: Weavile
|-damage|p2a: Weavile|9/100
|
|upkeep
|turn|6
|
|t:|1757948214
|switch|p1a: Corviknight|Corviknight, M|100/100
|-damage|p1a: Corviknight|88/100|[from] Stealth Rock
|-ability|p1a: Corviknight|Pressure
|move|p2a: Weavile|Knock Off|p1a: Corviknight
|-damage|p1a: Corviknight|45/100
|-damage|p2a: Weavile|0 fnt|[from] item: Rocky Helmet|[of] p1a: Corviknight
|faint|p2a: Weavile
|
|upkeep
|
|t:|1757948224
|switch|p2a: Zapdos|Zapdos|100/100
|turn|7
|
|t:|1757948232
|switch|p1a: Slowking|Slowking-Galar, M|100/100
|-damage|p1a: Slowking|88/100|[from] Stealth Rock
|move|p2a: Zapdos|Hurricane|p1a: Slowking
|-damage|p1a: Slowking|63/100
|-start|p1a: Slowking|confusion
|
|upkeep
|turn|8
|
|t:|1757948243
|move|p2a: Zapdos|Thunderbolt|p1a: Slowking
|-damage|p1a: Slowking|44/100
|-activate|p1a: Slowking|confusion
|move|p1a: Slowking|Flamethrower|p2a: Zapdos
|-damage|p2a: Zapdos|70/100
|
|upkeep
|turn|9
|
|t:|1757948251
|move|p2a: Zapdos|Volt Switch|p1a: Slowking
|-damage|p1a: Slowking|30/100
|
|t:|1757948254
|switch|p2a: Primarina|Primarina, M|22/100|[from] Volt Switch
|-end|p1a: Slowking|confusion
|move|p1a: Slowking|Sludge Bomb|p2a: Primarina
|-supereffective|p2a: Primarina
|-damage|p2a: Primarina|0 fnt
|faint|p2a: Primarina
|
|upkeep
|
|t:|1757948264
|switch|p2a: Gholdengo|Gholdengo|100/100
|turn|10
|
|t:|1757948276
|move|p2a: Gholdengo|Hex|p1a: Slowking
|-supereffective|p1a: Slowking
|-damage|p1a: Slowking|0 fnt
|faint|p1a: Slowking
|
|upkeep
|
|t:|1757948284
|switch|p1a: Hydreigon|Hydreigon, M|100/100
|-damage|p1a: Hydreigon|88/100|[from] Stealth Rock
|turn|11
|
|t:|1757948290
|move|p1a: Hydreigon|Substitute|p1a: Hydreigon
|-start|p1a: Hydreigon|Substitute
|-damage|p1a: Hydreigon|63/100
|move|p2a: Gholdengo|Thunder Wave|p1a: Hydreigon|[miss]
|-miss|p2a: Gholdengo|p1a: Hydreigon
|
|-heal|p1a: Hydreigon|70/100|[from] item: Leftovers
|upkeep
|turn|12
|
|t:|1757948299
|move|p1a: Hydreigon|Nasty Plot|p1a: Hydreigon
|-boost|p1a: Hydreigon|spa|2
|move|p2a: Gholdengo|Make It Rain|p1a: Hydreigon
|-end|p1a: Hydreigon|Substitute
|-unboost|p2a: Gholdengo|spa|1
|
|-heal|p1a: Hydreigon|76/100|[from] item: Leftovers
|upkeep
|turn|13
|-message|sawm0n forfeited.
|
|win|doomfletch
|raw|doomfletch's rating: 1265 &rarr; <strong>1292</strong><br />(+27 for winning)
|raw|sawm0n's rating: 1290 &rarr; <strong>1263</strong><br />(-27 for losing)
|l|☆sawm0n
|player|p2|
|l|☆doomfletch
|player|p1|
