|j|☆bingbong441
|j|☆mathismathin
|t:|1757899054
|gametype|singles
|player|p1|bingbong441|266|1534
|player|p2|mathismathin|hilbert|1572
|gen|9
|tier|[Gen 9] OU
|rated|
|rule|HP Percentage Mod: HP is shown in percentages
|rule|Endless Battle Clause: Forcing endless battles is banned
|rule|Species Clause: Limit one of each Pokémon
|rule|OHKO Clause: OHKO moves are banned
|rule|Evasion Items Clause: Evasion items are banned
|rule|Evasion Moves Clause: Evasion moves are banned
|rule|Evasion Abilities Clause: Evasion abilities are banned
|rule|Sleep Moves Clause: Sleep-inducing moves are banned
|clearpoke
|poke|p1|Rillaboom, M|
|poke|p1|Great Tusk|
|poke|p1|Heatran, M|
|poke|p1|Hoopa-Unbound|
|poke|p1|Zapdos|
|poke|p1|Ogerpon-Wellspring, F|
|poke|p2|Kyurem|
|poke|p2|Great Tusk|
|poke|p2|Dragapult, M|
|poke|p2|Dragonite, F|
|poke|p2|Haxorus, M|
|poke|p2|Galvantula, M|
|teampreview
|
|t:|1757899061
|teamsize|p1|6
|teamsize|p2|6
|start
|switch|p1a: Heatran|Heatran, M|100/100
|switch|p2a: Araclash|Galvantula, M|100/100
|turn|1
|
|t:|1757899107
|move|p2a: Araclash|Sticky Web|p1a: Heatran
|-sidestart|p1: bingbong441|move: Sticky Web
|move|p1a: Heatran|Magma Storm|p2a: Araclash
|-supereffective|p2a: Araclash
|-enditem|p2a: Araclash|Focus Sash
|-damage|p2a: Araclash|1/100
|-activate|p2a: Araclash|move: Magma Storm|[of] p1a: Heatran
|
|-damage|p2a: Araclash|0 fnt|[from] move: Magma Storm|[partiallytrapped]
|faint|p2a: Araclash
|upkeep
|
|t:|1757899113
|switch|p2a: Gargantua|Great Tusk|100/100
|-enditem|p2a: Gargantua|Booster Energy
|-activate|p2a: Gargantua|ability: Protosynthesis|[fromitem]
|-start|p2a: Gargantua|protosynthesisatk
|turn|2
|
|t:|1757899124
|switch|p1a: Zapdos|Zapdos|100/100
|move|p2a: Gargantua|Headlong Rush|p1a: Zapdos
|-immune|p1a: Zapdos
|
|upkeep
|turn|3
|
|t:|1757899141
|move|p2a: Gargantua|Head Smash|p1a: Zapdos
|-supereffective|p1a: Zapdos
|-damage|p1a: Zapdos|0 fnt
|-status|p2a: Gargantua|par|[from] ability: Static|[of] p1a: Zapdos
|faint|p1a: Zapdos
|-damage|p2a: Gargantua|49/100 par|[from] Recoil
|
|upkeep
|
|t:|1757899157
|switch|p1a: Great Tusk|Great Tusk|100/100
|-activate|p1a: Great Tusk|move: Sticky Web
|-unboost|p1a: Great Tusk|spe|1
|-enditem|p1a: Great Tusk|Booster Energy
|-activate|p1a: Great Tusk|ability: Protosynthesis|[fromitem]
|-start|p1a: Great Tusk|protosynthesisatk
|turn|4
|
|t:|1757899174
|-end|p2a: Gargantua|Protosynthesis|[silent]
|switch|p2a: Dreadshot|Dragapult, M|100/100
|move|p1a: Great Tusk|Rapid Spin|p2a: Dreadshot
|-immune|p2a: Dreadshot
|
|upkeep
|turn|5
|
|t:|1757899183
|-end|p1a: Great Tusk|Protosynthesis|[silent]
|switch|p1a: Hoopa|Hoopa-Unbound|100/100
|-activate|p1a: Hoopa|move: Sticky Web
|-unboost|p1a: Hoopa|spe|1
|move|p2a: Dreadshot|Hydro Pump|p1a: Hoopa
|-damage|p1a: Hoopa|77/100
|-damage|p2a: Dreadshot|91/100|[from] item: Life Orb
|
|upkeep
|turn|6
|
|t:|1757899230
|move|p2a: Dreadshot|Dragon Darts|p1a: Hoopa
|-damage|p1a: Hoopa|40/100
|-anim|p2a: Dreadshot|Dragon Darts|p1a: Hoopa
|-damage|p1a: Hoopa|5/100
|-damage|p2a: Dreadshot|81/100|[from] item: Life Orb
|move|p1a: Hoopa|Knock Off|p2a: Dreadshot
|-supereffective|p2a: Dreadshot
|-damage|p2a: Dreadshot|0 fnt
|-enditem|p2a: Dreadshot|Life Orb|[from] move: Knock Off|[of] p1a: Hoopa
|faint|p2a: Dreadshot
|
|upkeep
|
|t:|1757899239
|switch|p2a: Cryogod|Kyurem|100/100
|-ability|p2a: Cryogod|Pressure
|turn|7
|
|t:|1757899249
|move|p2a: Cryogod|Icicle Spear|p1a: Hoopa
|-damage|p1a: Hoopa|0 fnt
|faint|p1a: Hoopa
|-hitcount|p1: Hoopa|1
|
|upkeep
|
|t:|1757899263
|switch|p1a: Ogerpon|Ogerpon-Wellspring, F|100/100
|-activate|p1a: Ogerpon|move: Sticky Web
|-unboost|p1a: Ogerpon|spe|1
|turn|8
|
|t:|1757899292
|move|p2a: Cryogod|Dragon Dance|p2a: Cryogod
|-boost|p2a: Cryogod|atk|1
|-boost|p2a: Cryogod|spe|1
|move|p1a: Ogerpon|Play Rough|p2a: Cryogod
|-supereffective|p2a: Cryogod
|-damage|p2a: Cryogod|39/100
|
|upkeep
|turn|9
|
|t:|1757899302
|move|p2a: Cryogod|Icicle Spear|p1a: Ogerpon
|-damage|p1a: Ogerpon|71/100
|-damage|p1a: Ogerpon|42/100
|-damage|p1a: Ogerpon|14/100
|-damage|p1a: Ogerpon|0 fnt
|faint|p1a: Ogerpon
|-hitcount|p1: Ogerpon|4
|
|upkeep
|
|t:|1757899311
|switch|p1a: Rillaboom|Rillaboom, M|100/100
|-activate|p1a: Rillaboom|move: Sticky Web
|-unboost|p1a: Rillaboom|spe|1
|-fieldstart|move: Grassy Terrain|[from] ability: Grassy Surge|[of] p1a: Rillaboom
|turn|10
|
|t:|1757899319
|-terastallize|p1a: Rillaboom|Grass
|move|p1a: Rillaboom|Grassy Glide|p2a: Cryogod
|-resisted|p2a: Cryogod
|-damage|p2a: Cryogod|5/100
|move|p2a: Cryogod|Icicle Spear|p1a: Rillaboom
|-supereffective|p1a: Rillaboom
|-damage|p1a: Rillaboom|59/100
|-supereffective|p1a: Rillaboom
|-damage|p1a: Rillaboom|20/100
|-supereffective|p1a: Rillaboom
|-damage|p1a: Rillaboom|0 fnt
|faint|p1a: Rillaboom
|-hitcount|p1: Rillaboom|3
|
|-heal|p2a: Cryogod|11/100|[from] Grassy Terrain
|upkeep
|
|t:|1757899331
|switch|p1a: Heatran|Heatran, M|100/100
|-activate|p1a: Heatran|move: Sticky Web
|-unboost|p1a: Heatran|spe|1
|turn|11
|
|t:|1757899345
|move|p2a: Cryogod|Icicle Spear|p1a: Heatran
|-resisted|p1a: Heatran
|-damage|p1a: Heatran|97/100
|-resisted|p1a: Heatran
|-damage|p1a: Heatran|93/100
|-resisted|p1a: Heatran
|-damage|p1a: Heatran|89/100
|-resisted|p1a: Heatran
|-crit|p1a: Heatran
|-damage|p1a: Heatran|83/100
|-resisted|p1a: Heatran
|-damage|p1a: Heatran|80/100
|-hitcount|p1a: Heatran|5
|move|p1a: Heatran|Magma Storm|p2a: Cryogod|[miss]
|-miss|p1a: Heatran|p2a: Cryogod
|
|-heal|p2a: Cryogod|17/100|[from] Grassy Terrain
|-heal|p1a: Heatran|86/100|[from] Grassy Terrain
|-heal|p1a: Heatran|92/100|[from] item: Leftovers
|upkeep
|turn|12
|
|t:|1757899351
|move|p2a: Cryogod|Icicle Spear|p1a: Heatran
|-resisted|p1a: Heatran
|-damage|p1a: Heatran|89/100
|-resisted|p1a: Heatran
|-damage|p1a: Heatran|85/100
|-resisted|p1a: Heatran
|-damage|p1a: Heatran|81/100
|-resisted|p1a: Heatran
|-damage|p1a: Heatran|77/100
|-resisted|p1a: Heatran
|-damage|p1a: Heatran|73/100
|-hitcount|p1a: Heatran|5
|move|p1a: Heatran|Magma Storm|p2a: Cryogod
|-damage|p2a: Cryogod|0 fnt
|faint|p2a: Cryogod
|
|-heal|p1a: Heatran|80/100|[from] Grassy Terrain
|-heal|p1a: Heatran|86/100|[from] item: Leftovers
|upkeep
|
|t:|1757899374
|switch|p2a: Razorclaw|Haxorus, M|100/100
|-ability|p2a: Razorclaw|Mold Breaker
|turn|13
|
|t:|1757899378
|move|p2a: Razorclaw|Swords Dance|p2a: Razorclaw
|-boost|p2a: Razorclaw|atk|2
|move|p1a: Heatran|Magma Storm|p2a: Razorclaw
|-resisted|p2a: Razorclaw
|-damage|p2a: Razorclaw|65/100
|-activate|p2a: Razorclaw|move: Magma Storm|[of] p1a: Heatran
|
|-heal|p2a: Razorclaw|71/100|[from] Grassy Terrain
|-heal|p1a: Heatran|92/100|[from] Grassy Terrain
|-heal|p1a: Heatran|98/100|[from] item: Leftovers
|-damage|p2a: Razorclaw|58/100|[from] move: Magma Storm|[partiallytrapped]
|upkeep
|turn|14
|
|t:|1757899396
|move|p1a: Heatran|Protect|p1a: Heatran
|-singleturn|p1a: Heatran|Protect
|move|p2a: Razorclaw|Earthquake|p1a: Heatran
|-activate|p1a: Heatran|move: Protect
|
|-heal|p2a: Razorclaw|65/100|[from] Grassy Terrain
|-heal|p1a: Heatran|100/100|[from] Grassy Terrain
|-damage|p2a: Razorclaw|52/100|[from] move: Magma Storm|[partiallytrapped]
|-fieldend|move: Grassy Terrain
|upkeep
|turn|15
|
|t:|1757899404
|switch|p1a: Great Tusk|Great Tusk|100/100
|-activate|p1a: Great Tusk|move: Sticky Web
|-unboost|p1a: Great Tusk|spe|1
|move|p2a: Razorclaw|Earthquake|p1a: Great Tusk
|-damage|p1a: Great Tusk|46/100
|
|-end|p2a: Razorclaw|Magma Storm|[partiallytrapped]|[silent]
|upkeep
|turn|16
|
|t:|1757899425
|move|p2a: Razorclaw|Earthquake|p1a: Great Tusk
|-damage|p1a: Great Tusk|0 fnt
|faint|p1a: Great Tusk
|-end|p1a: Great Tusk|Protosynthesis|[silent]
|
|upkeep
|
|t:|1757899427
|switch|p1a: Heatran|Heatran, M|100/100
|-activate|p1a: Heatran|move: Sticky Web
|-unboost|p1a: Heatran|spe|1
|turn|17
|l|☆bingbong441
|player|p1|
|
|t:|1757899469
|move|p2a: Razorclaw|Earthquake|p1a: Heatran
|-supereffective|p1a: Heatran
|-damage|p1a: Heatran|0 fnt
|faint|p1a: Heatran
|
|win|mathismathin
|raw|bingbong441's rating: 1534 &rarr; <strong>1517</strong><br />(-17 for losing)
|raw|mathismathin's rating: 1593 &rarr; <strong>1610</strong><br />(+17 for winning)
|l|☆mathismathin
|player|p2|
