|j|☆fregene97
|j|☆PLAY274
|t:|1757938526
|gametype|singles
|player|p1|fregene97|benga|1333
|player|p2|PLAY274|steven|1313
|gen|9
|tier|[Gen 9] OU
|rated|
|rule|HP Percentage Mod: HP is shown in percentages
|rule|Endless Battle Clause: Forcing endless battles is banned
|rule|Species Clause: Limit one of each Pokémon
|rule|OHKO Clause: OHKO moves are banned
|rule|Evasion Items Clause: Evasion items are banned
|rule|Evasion Moves Clause: Evasion moves are banned
|rule|Evasion Abilities Clause: Evasion abilities are banned
|rule|Sleep Moves Clause: Sleep-inducing moves are banned
|clearpoke
|poke|p1|Feraligatr, F|
|poke|p1|Raging Bolt|
|poke|p1|Iron Valiant|
|poke|p1|Torterra, F|
|poke|p1|Ceruledge, F|
|poke|p1|Iron Boulder|
|poke|p2|Samurott-Hisui, M|
|poke|p2|Donphan, M|
|poke|p2|Ursaring, F|
|poke|p2|Tinkaton, F|
|poke|p2|Scream Tail|
|poke|p2|Iron Moth|
|teampreview
|inactive|Battle timer is ON: inactive players will automatically lose when time's up. (requested by fregene97)
|inactive|PLAY274 has 120 seconds left.
|
|t:|1757938580
|teamsize|p1|6
|teamsize|p2|6
|start
|switch|p1a: Torterra|Torterra, F|100/100
|switch|p2a: Samurott|Samurott-Hisui, M, shiny|100/100
|turn|1
|
|t:|1757938587
|move|p1a: Torterra|Shell Smash|p1a: Torterra
|-unboost|p1a: Torterra|def|1
|-unboost|p1a: Torterra|spd|1
|-boost|p1a: Torterra|atk|2
|-boost|p1a: Torterra|spa|2
|-boost|p1a: Torterra|spe|2
|move|p2a: Samurott|Ceaseless Edge|p1a: Torterra
|-damage|p1a: Torterra|36/100
|-sidestart|p1: fregene97|Spikes
|
|upkeep
|turn|2
|
|t:|1757938590
|move|p2a: Samurott|Sucker Punch|p1a: Torterra
|-damage|p1a: Torterra|0 fnt
|faint|p1a: Torterra
|
|upkeep
|c|☆PLAY274|hahaha
|c|☆PLAY274|no boost
|
|t:|1757938596
|switch|p1a: Iron Valiant|Iron Valiant|100/100
|-damage|p1a: Iron Valiant|88/100|[from] Spikes
|-enditem|p1a: Iron Valiant|Booster Energy
|-activate|p1a: Iron Valiant|ability: Quark Drive|[fromitem]
|-start|p1a: Iron Valiant|quarkdrivespe
|turn|3
|
|t:|1757938601
|-terastallize|p2a: Samurott|Poison
|move|p1a: Iron Valiant|Moonblast|p2a: Samurott
|-resisted|p2a: Samurott
|-crit|p2a: Samurott
|-damage|p2a: Samurott|71/100
|move|p2a: Samurott|Ceaseless Edge|p1a: Iron Valiant
|-resisted|p1a: Iron Valiant
|-damage|p1a: Iron Valiant|73/100
|-sidestart|p1: fregene97|Spikes
|
|upkeep
|turn|4
|
|t:|1757938609
|move|p1a: Iron Valiant|Calm Mind|p1a: Iron Valiant
|-boost|p1a: Iron Valiant|spa|1
|-boost|p1a: Iron Valiant|spd|1
|move|p2a: Samurott|Razor Shell|p1a: Iron Valiant
|-damage|p1a: Iron Valiant|8/100
|
|upkeep
|turn|5
|
|t:|1757938612
|move|p2a: Samurott|Sucker Punch|p1a: Iron Valiant
|-resisted|p1a: Iron Valiant
|-damage|p1a: Iron Valiant|0 fnt
|faint|p1a: Iron Valiant
|-end|p1a: Iron Valiant|Quark Drive|[silent]
|
|upkeep
|
|t:|1757938617
|switch|p1a: Raging Bolt|Raging Bolt|100/100
|-damage|p1a: Raging Bolt|84/100|[from] Spikes
|turn|6
|
|t:|1757938621
|-terastallize|p1a: Raging Bolt|Fairy
|move|p1a: Raging Bolt|Draco Meteor|p2a: Samurott
|-damage|p2a: Samurott|0 fnt
|-unboost|p1a: Raging Bolt|spa|2
|faint|p2a: Samurott
|
|upkeep
|c|☆PLAY274|EZZ
|
|t:|1757938634
|switch|p2a: Donphan|Donphan, M|100/100
|turn|7
|
|t:|1757938641
|move|p1a: Raging Bolt|Draco Meteor|p2a: Donphan
|-damage|p2a: Donphan|24/100
|-unboost|p1a: Raging Bolt|spa|2
|move|p2a: Donphan|Earthquake|p1a: Raging Bolt
|-damage|p1a: Raging Bolt|40/100
|
|-heal|p2a: Donphan|30/100|[from] item: Leftovers
|upkeep
|turn|8
|
|t:|1757938647
|move|p1a: Raging Bolt|Draco Meteor|p2a: Donphan
|-damage|p2a: Donphan|0 fnt
|-unboost|p1a: Raging Bolt|spa|2
|faint|p2a: Donphan
|
|upkeep
|
|t:|1757938652
|switch|p2a: Iron Moth|Iron Moth|100/100
|turn|9
|
|t:|1757938660
|-end|p1a: Raging Bolt|Protosynthesis|[silent]
|switch|p1a: Ceruledge|Ceruledge, F|100/100
|-damage|p1a: Ceruledge|84/100|[from] Spikes
|move|p2a: Iron Moth|Energy Ball|p1a: Ceruledge
|-resisted|p1a: Ceruledge
|-damage|p1a: Ceruledge|62/100
|
|upkeep
|turn|10
|
|t:|1757938668
|-end|p2a: Iron Moth|Quark Drive|[silent]
|switch|p2a: Ursaring|Ursaring, F|100/100
|move|p1a: Ceruledge|Poltergeist|p2a: Ursaring
|-immune|p2a: Ursaring
|
|upkeep
|turn|11
|
|t:|1757938672
|move|p1a: Ceruledge|Swords Dance|p1a: Ceruledge
|-boost|p1a: Ceruledge|atk|2
|move|p2a: Ursaring|Earthquake|p1a: Ceruledge
|-supereffective|p1a: Ceruledge
|-crit|p1a: Ceruledge
|-damage|p1a: Ceruledge|0 fnt
|faint|p1a: Ceruledge
|
|upkeep
|
|t:|1757938675
|switch|p1a: Iron Boulder|Iron Boulder|100/100
|-damage|p1a: Iron Boulder|84/100|[from] Spikes
|-enditem|p1a: Iron Boulder|Booster Energy
|-activate|p1a: Iron Boulder|ability: Quark Drive|[fromitem]
|-start|p1a: Iron Boulder|quarkdrivespe
|turn|12
|
|t:|1757938679
|move|p1a: Iron Boulder|Close Combat|p2a: Ursaring
|-supereffective|p2a: Ursaring
|-damage|p2a: Ursaring|42/100
|-unboost|p1a: Iron Boulder|def|1
|-unboost|p1a: Iron Boulder|spd|1
|move|p2a: Ursaring|Earthquake|p1a: Iron Boulder
|-supereffective|p1a: Iron Boulder
|-damage|p1a: Iron Boulder|0 fnt
|faint|p1a: Iron Boulder
|-end|p1a: Iron Boulder|Quark Drive|[silent]
|
|upkeep
|
|t:|1757938683
|switch|p1a: Feraligatr|Feraligatr, F, shiny|100/100
|-damage|p1a: Feraligatr|84/100|[from] Spikes
|turn|13
|
|t:|1757938685
|move|p1a: Feraligatr|Dragon Dance|p1a: Feraligatr
|-boost|p1a: Feraligatr|atk|1
|-boost|p1a: Feraligatr|spe|1
|move|p2a: Ursaring|Body Slam|p1a: Feraligatr
|-damage|p1a: Feraligatr|35/100
|
|upkeep
|turn|14
|
|t:|1757938693
|move|p1a: Feraligatr|Liquidation|p2a: Ursaring
|-damage|p2a: Ursaring|0 fnt
|faint|p2a: Ursaring
|
|upkeep
|
|t:|1757938695
|switch|p2a: Iron Moth|Iron Moth|100/100
|turn|15
|
|t:|1757938699
|move|p2a: Iron Moth|Sludge Wave|p1a: Feraligatr
|-damage|p1a: Feraligatr|0 fnt
|faint|p1a: Feraligatr
|
|upkeep
|
|t:|1757938702
|switch|p1a: Raging Bolt|Raging Bolt, tera:Fairy|40/100
|-damage|p1a: Raging Bolt|23/100|[from] Spikes
|turn|16
|
|t:|1757938705
|move|p1a: Raging Bolt|Thunderclap|p2a: Iron Moth
|-damage|p2a: Iron Moth|35/100
|move|p2a: Iron Moth|Sludge Wave|p1a: Raging Bolt
|-supereffective|p1a: Raging Bolt
|-damage|p1a: Raging Bolt|0 fnt
|faint|p1a: Raging Bolt
|-end|p1a: Raging Bolt|Protosynthesis|[silent]
|
|win|PLAY274
|raw|fregene97's rating: 1333 &rarr; <strong>1312</strong><br />(-21 for losing)
|raw|PLAY274's rating: 1313 &rarr; <strong>1334</strong><br />(+21 for winning)
|l|☆fregene97
|player|p1|
|c|☆PLAY274|EZZZ
|l|☆PLAY274
|player|p2|
