|j|☆Permanultimatum
|j|☆13089565007Y
|t:|1757929344
|gametype|singles
|player|p1|Permanultimatum|scientist-gen4|1322
|player|p2|13089565007Y|acetrainer|1290
|gen|9
|tier|[Gen 9] OU
|rated|
|rule|HP Percentage Mod: HP is shown in percentages
|rule|Endless Battle Clause: Forcing endless battles is banned
|rule|Species Clause: Limit one of each Pokémon
|rule|OHKO Clause: OHKO moves are banned
|rule|Evasion Items Clause: Evasion items are banned
|rule|Evasion Moves Clause: Evasion moves are banned
|rule|Evasion Abilities Clause: Evasion abilities are banned
|rule|Sleep Moves Clause: Sleep-inducing moves are banned
|clearpoke
|poke|p1|Porygon-Z|
|poke|p1|Dragonite, M|
|poke|p1|Lokix, F|
|poke|p1|Alomomola, M|
|poke|p1|Deoxys-Defense|
|poke|p1|Samurott-Hisui, F|
|poke|p2|Excadrill, F|
|poke|p2|Tyranitar, M|
|poke|p2|Keldeo-Resolute|
|poke|p2|Tornadus-Therian, M|
|poke|p2|Heatran, F|
|poke|p2|Hydrapple, M|
|teampreview
|
|t:|1757929410
|teamsize|p1|6
|teamsize|p2|6
|start
|switch|p1a: Samurott|Samurott-Hisui, F|100/100
|switch|p2a: Tyranitar|Tyranitar, M|100/100
|-weather|Sandstorm|[from] ability: Sand Stream|[of] p2a: Tyranitar
|turn|1
|
|t:|1757929420
|move|p1a: Samurott|Sacred Sword|p2a: Tyranitar
|-supereffective|p2a: Tyranitar
|-damage|p2a: Tyranitar|0 fnt
|faint|p2a: Tyranitar
|
|-weather|Sandstorm|[upkeep]
|-damage|p1a: Samurott|94/100|[from] Sandstorm
|upkeep
|
|t:|1757929430
|switch|p2a: Keldeo|Keldeo-Resolute|100/100
|turn|2
|
|t:|1757929458
|switch|p1a: Deoxys|Deoxys-Defense|100/100
|-ability|p1a: Deoxys|Pressure
|move|p2a: Keldeo|Secret Sword|p1a: Deoxys
|-resisted|p1a: Deoxys
|-damage|p1a: Deoxys|77/100
|
|-weather|Sandstorm|[upkeep]
|-damage|p2a: Keldeo|94/100|[from] Sandstorm
|-damage|p1a: Deoxys|71/100|[from] Sandstorm
|upkeep
|turn|3
|
|t:|1757929467
|switch|p2a: Excadrill|Excadrill, F|100/100
|-item|p2a: Excadrill|Air Balloon
|move|p1a: Deoxys|Teleport|p1a: Deoxys
|
|t:|1757929512
|switch|p1a: Alomomola|Alomomola, M|100/100|[from] Teleport
|
|-weather|Sandstorm|[upkeep]
|-damage|p1a: Alomomola|94/100|[from] Sandstorm
|upkeep
|turn|4
|
|t:|1757929526
|move|p2a: Excadrill|Swords Dance|p2a: Excadrill
|-boost|p2a: Excadrill|atk|2
|move|p1a: Alomomola|Flip Turn|p2a: Excadrill
|-supereffective|p2a: Excadrill
|-damage|p2a: Excadrill|51/100
|-enditem|p2a: Excadrill|Air Balloon
|inactive|Battle timer is ON: inactive players will automatically lose when time's up. (requested by 13089565007Y)
|inactive|Permanultimatum has 120 seconds left.
|inactive|Permanultimatum has 90 seconds left.
|inactive|Permanultimatum has 60 seconds left.
|
|t:|1757929626
|switch|p1a: Lokix|Lokix, F|100/100|[from] Flip Turn
|
|-weather|Sandstorm|[upkeep]
|-damage|p1a: Lokix|95/100|[from] Sandstorm
|upkeep
|turn|5
|
|t:|1757929635
|move|p1a: Lokix|First Impression|p2a: Excadrill
|-resisted|p2a: Excadrill
|-damage|p2a: Excadrill|0 fnt
|faint|p2a: Excadrill
|
|-weather|none
|upkeep
|
|t:|1757929640
|switch|p2a: Heatran|Heatran, F|100/100
|turn|6
|
|t:|1757929646
|switch|p1a: Alomomola|Alomomola, M|100/100
|move|p2a: Heatran|Magma Storm|p1a: Alomomola
|-resisted|p1a: Alomomola
|-damage|p1a: Alomomola|77/100
|-activate|p1a: Alomomola|move: Magma Storm|[of] p2a: Heatran
|
|-damage|p1a: Alomomola|64/100|[from] move: Magma Storm|[partiallytrapped]
|upkeep
|turn|7
|
|t:|1757929650
|switch|p2a: Hydrapple|Hydrapple, M|100/100
|move|p1a: Alomomola|Flip Turn|p2a: Hydrapple
|-resisted|p2a: Hydrapple
|-damage|p2a: Hydrapple|98/100
|-damage|p1a: Alomomola|48/100|[from] item: Rocky Helmet|[of] p2a: Hydrapple
|
|t:|1757929656
|switch|p1a: Lokix|Lokix, F|95/100|[from] Flip Turn
|
|upkeep
|turn|8
|
|t:|1757929660
|switch|p1a: Alomomola|Alomomola, M|81/100
|switch|p2a: Tornadus|Tornadus-Therian, M|100/100
|
|upkeep
|turn|9
|
|t:|1757929666
|move|p2a: Tornadus|Bleakwind Storm|p1a: Alomomola
|-damage|p1a: Alomomola|31/100
|move|p1a: Alomomola|Flip Turn|p2a: Tornadus
|-crit|p2a: Tornadus
|-damage|p2a: Tornadus|74/100
|
|t:|1757929695
|switch|p1a: Samurott|Samurott-Hisui, F|94/100|[from] Flip Turn
|
|upkeep
|turn|10
|
|t:|1757929700
|move|p1a: Samurott|Flip Turn|p2a: Tornadus
|-damage|p2a: Tornadus|40/100
|
|t:|1757929703
|switch|p1a: Deoxys|Deoxys-Defense|71/100|[from] Flip Turn
|-ability|p1a: Deoxys|Pressure
|move|p2a: Tornadus|U-turn|p1a: Deoxys
|-supereffective|p1a: Deoxys
|-damage|p1a: Deoxys|47/100
|
|t:|1757929714
|switch|p2a: Hydrapple|Hydrapple, M|100/100|[from] U-turn
|
|upkeep
|turn|11
|
|t:|1757929717
|move|p1a: Deoxys|Recover|p1a: Deoxys
|-heal|p1a: Deoxys|97/100
|move|p2a: Hydrapple|Nasty Plot|p2a: Hydrapple
|-boost|p2a: Hydrapple|spa|2
|
|upkeep
|turn|12
|
|t:|1757929724
|move|p2a: Hydrapple|Fickle Beam|p1a: Deoxys
|-damage|p1a: Deoxys|49/100
|move|p1a: Deoxys|Teleport|p1a: Deoxys
|
|t:|1757929739
|switch|p1a: Porygon-Z|Porygon-Z|100/100|[from] Teleport
|-ability|p1a: Porygon-Z|Download|boost
|-boost|p1a: Porygon-Z|spa|1
|
|upkeep
|turn|13
|
|t:|1757929746
|-terastallize|p2a: Hydrapple|Fairy
|move|p1a: Porygon-Z|Ice Beam|p2a: Hydrapple
|-damage|p2a: Hydrapple|54/100
|-status|p2a: Hydrapple|frz
|cant|p2a: Hydrapple|frz
|
|upkeep
|turn|14
|c|☆Permanultimatum|soz
|
|t:|1757929754
|move|p1a: Porygon-Z|Tera Blast|p2a: Hydrapple
|-damage|p2a: Hydrapple|0 fnt
|faint|p2a: Hydrapple
|
|upkeep
|-message|13089565007Y forfeited.
|
|win|Permanultimatum
|raw|Permanultimatum's rating: 1322 &rarr; <strong>1340</strong><br />(+18 for winning)
|raw|13089565007Y's rating: 1290 &rarr; <strong>1267</strong><br />(-23 for losing)
|l|☆13089565007Y
|player|p2|
