|j|☆NotClevey
|j|☆doomdr2
|t:|1757928667
|gametype|singles
|player|p1|NotClevey|pryce|1450
|player|p2|doomdr2|169|1494
|gen|9
|tier|[Gen 9] OU
|rated|
|rule|HP Percentage Mod: HP is shown in percentages
|rule|Endless Battle Clause: Forcing endless battles is banned
|rule|Species Clause: Limit one of each Pokémon
|rule|OHKO Clause: OHKO moves are banned
|rule|Evasion Items Clause: Evasion items are banned
|rule|Evasion Moves Clause: Evasion moves are banned
|rule|Evasion Abilities Clause: Evasion abilities are banned
|rule|Sleep Moves Clause: Sleep-inducing moves are banned
|clearpoke
|poke|p1|Walking Wake|
|poke|p1|Sandy Shocks|
|poke|p1|Torkoal, M|
|poke|p1|Dragonite, F|
|poke|p1|Corviknight, F|
|poke|p1|Alomomola, F|
|poke|p2|Slowking-Galar, M|
|poke|p2|Scizor, F|
|poke|p2|Moltres|
|poke|p2|Meowscarada, M|
|poke|p2|Raging Bolt|
|poke|p2|Great Tusk|
|teampreview
|inactive|Battle timer is ON: inactive players will automatically lose when time's up. (requested by NotClevey)
|
|t:|1757928683
|teamsize|p1|6
|teamsize|p2|6
|start
|switch|p1a: 储水硬接流星群|Walking Wake|100/100
|switch|p2a: Meowscarada|Meowscarada, M|100/100
|turn|1
|
|t:|1757928695
|-end|p1a: 储水硬接流星群|Protosynthesis|[silent]
|switch|p1a: 钢骑士|Corviknight, F, shiny|100/100
|move|p2a: Meowscarada|U-turn|p1a: 钢骑士
|-start|p2a: Meowscarada|typechange|Bug|[from] ability: Protean
|-resisted|p1a: 钢骑士
|-damage|p1a: 钢骑士|94/100
|
|t:|1757928701
|switch|p2a: Raging Bolt|Raging Bolt|100/100|[from] U-turn
|
|upkeep
|turn|2
|
|t:|1757928706
|switch|p1a: 地鸣雷震寒意生|Sandy Shocks, shiny|100/100
|move|p2a: Raging Bolt|Dragon Pulse|p1a: 地鸣雷震寒意生
|-damage|p1a: 地鸣雷震寒意生|7/100
|
|upkeep
|turn|3
|
|t:|1757928725
|-end|p2a: Raging Bolt|Protosynthesis|[silent]
|switch|p2a: Meowscarada|Meowscarada, M|100/100
|move|p1a: 地鸣雷震寒意生|Earth Power|p2a: Meowscarada
|-resisted|p2a: Meowscarada
|-crit|p2a: Meowscarada
|-damage|p2a: Meowscarada|46/100
|
|upkeep
|turn|4
|
|t:|1757928732
|-end|p1a: 地鸣雷震寒意生|Protosynthesis|[silent]
|switch|p1a: 钢骑士|Corviknight, F, shiny|94/100
|move|p2a: Meowscarada|U-turn|p1a: 钢骑士
|-start|p2a: Meowscarada|typechange|Bug|[from] ability: Protean
|-resisted|p1a: 钢骑士
|-damage|p1a: 钢骑士|88/100
|
|t:|1757928736
|switch|p2a: Raging Bolt|Raging Bolt|100/100|[from] U-turn
|
|upkeep
|turn|5
|
|t:|1757928765
|switch|p1a: 地鸣雷震寒意生|Sandy Shocks, shiny|7/100
|move|p2a: Raging Bolt|Dragon Pulse|p1a: 地鸣雷震寒意生
|-damage|p1a: 地鸣雷震寒意生|0 fnt
|faint|p1a: 地鸣雷震寒意生
|-end|p1a: 地鸣雷震寒意生|Protosynthesis|[silent]
|
|upkeep
|
|t:|1757928773
|switch|p1a: 储水硬接流星群|Walking Wake|100/100
|turn|6
|
|t:|1757928780
|-end|p2a: Raging Bolt|Protosynthesis|[silent]
|switch|p2a: Slowking|Slowking-Galar, M|100/100
|move|p1a: 储水硬接流星群|Draco Meteor|p2a: Slowking
|-damage|p2a: Slowking|46/100
|-unboost|p1a: 储水硬接流星群|spa|2
|
|upkeep
|turn|7
|
|t:|1757928787
|-end|p1a: 储水硬接流星群|Protosynthesis|[silent]
|switch|p1a: 钢骑士|Corviknight, F, shiny|88/100
|-prepare|p2a: Slowking|Chilly Reception|[premajor]
|move|p2a: Slowking|Chilly Reception|p2a: Slowking
|-weather|Snowscape
|
|t:|1757928790
|switch|p2a: Raging Bolt|Raging Bolt|100/100|[from] Chilly Reception
|
|-weather|Snowscape|[upkeep]
|upkeep
|turn|8
|
|t:|1757928799
|move|p2a: Raging Bolt|Volt Switch|p1a: 钢骑士
|-supereffective|p1a: 钢骑士
|-damage|p1a: 钢骑士|2/100
|
|t:|1757928806
|-end|p2a: Raging Bolt|Protosynthesis|[silent]
|switch|p2a: Moltres|Moltres|100/100|[from] Volt Switch
|move|p1a: 钢骑士|U-turn|p2a: Moltres
|-resisted|p2a: Moltres
|-damage|p2a: Moltres|98/100
|
|t:|1757928814
|switch|p1a: Groudon.|Torkoal, M|100/100|[from] U-turn
|-weather|SunnyDay|[from] ability: Drought|[of] p1a: Groudon.
|
|-weather|SunnyDay|[upkeep]
|upkeep
|turn|9
|
|t:|1757928821
|switch|p1a: PinklePinkle|Alomomola, F|100/100
|move|p2a: Moltres|Flamethrower|p1a: PinklePinkle
|-resisted|p1a: PinklePinkle
|-damage|p1a: PinklePinkle|85/100
|
|-weather|SunnyDay|[upkeep]
|upkeep
|turn|10
|
|t:|1757928827
|move|p2a: Moltres|Will-O-Wisp|p1a: PinklePinkle
|-status|p1a: PinklePinkle|brn
|move|p1a: PinklePinkle|Flip Turn|p2a: Moltres
|-supereffective|p2a: Moltres
|-damage|p2a: Moltres|92/100
|
|t:|1757928830
|switch|p1a: 储水硬接流星群|Walking Wake|100/100|[from] Flip Turn
|-activate|p1a: 储水硬接流星群|ability: Protosynthesis
|-start|p1a: 储水硬接流星群|protosynthesisspe
|
|-weather|SunnyDay|[upkeep]
|upkeep
|turn|11
|
|t:|1757928853
|switch|p2a: Slowking|Slowking-Galar, M|79/100
|move|p1a: 储水硬接流星群|Hydro Steam|p2a: Slowking
|-damage|p2a: Slowking|28/100
|
|-weather|SunnyDay|[upkeep]
|upkeep
|turn|12
|
|t:|1757928872
|switch|p2a: Great Tusk|Great Tusk|100/100
|-activate|p2a: Great Tusk|ability: Protosynthesis
|-start|p2a: Great Tusk|protosynthesisatk
|move|p1a: 储水硬接流星群|Hydro Steam|p2a: Great Tusk
|-supereffective|p2a: Great Tusk
|-damage|p2a: Great Tusk|0 fnt
|faint|p2a: Great Tusk
|-end|p2a: Great Tusk|Protosynthesis|[silent]
|
|-weather|SunnyDay|[upkeep]
|upkeep
|
|t:|1757928877
|switch|p2a: Raging Bolt|Raging Bolt|100/100
|-activate|p2a: Raging Bolt|ability: Protosynthesis
|-start|p2a: Raging Bolt|protosynthesisspa
|turn|13
|
|t:|1757928885
|-end|p1a: 储水硬接流星群|Protosynthesis|[silent]
|switch|p1a: 钢骑士|Corviknight, F, shiny|2/100
|move|p2a: Raging Bolt|Volt Switch|p1a: 钢骑士
|-supereffective|p1a: 钢骑士
|-damage|p1a: 钢骑士|0 fnt
|faint|p1a: 钢骑士
|
|t:|1757928891
|-end|p2a: Raging Bolt|Protosynthesis|[silent]
|switch|p2a: Slowking|Slowking-Galar, M|62/100|[from] Volt Switch
|
|-weather|SunnyDay|[upkeep]
|upkeep
|
|t:|1757928894
|switch|p1a: 储水硬接流星群|Walking Wake|100/100
|-activate|p1a: 储水硬接流星群|ability: Protosynthesis
|-start|p1a: 储水硬接流星群|protosynthesisspe
|turn|14
|
|t:|1757928903
|-terastallize|p2a: Slowking|Water
|move|p1a: 储水硬接流星群|Hydro Steam|p2a: Slowking
|-resisted|p2a: Slowking
|-damage|p2a: Slowking|33/100
|-prepare|p2a: Slowking|Chilly Reception|[premajor]
|move|p2a: Slowking|Chilly Reception|p2a: Slowking
|-weather|Snowscape
|-end|p1a: 储水硬接流星群|Protosynthesis
|
|t:|1757928909
|switch|p2a: Raging Bolt|Raging Bolt|100/100|[from] Chilly Reception
|
|-weather|Snowscape|[upkeep]
|upkeep
|turn|15
|
|t:|1757928925
|-end|p1a: 储水硬接流星群|Protosynthesis|[silent]
|switch|p1a: Dragonite-Mega|Dragonite, F|100/100
|move|p2a: Raging Bolt|Volt Switch|p1a: Dragonite-Mega
|-damage|p1a: Dragonite-Mega|64/100
|
|t:|1757928930
|-end|p2a: Raging Bolt|Protosynthesis|[silent]
|switch|p2a: Meowscarada|Meowscarada, M|46/100|[from] Volt Switch
|
|-weather|Snowscape|[upkeep]
|-heal|p1a: Dragonite-Mega|70/100|[from] item: Leftovers
|upkeep
|turn|16
|
|t:|1757928938
|move|p1a: Dragonite-Mega|Extreme Speed|p2a: Meowscarada
|-damage|p2a: Meowscarada|4/100
|move|p2a: Meowscarada|Knock Off|p1a: Dragonite-Mega
|-start|p2a: Meowscarada|typechange|Dark|[from] ability: Protean
|-damage|p1a: Dragonite-Mega|24/100
|-enditem|p1a: Dragonite-Mega|Leftovers|[from] move: Knock Off|[of] p2a: Meowscarada
|
|-weather|Snowscape|[upkeep]
|upkeep
|turn|17
|
|t:|1757928947
|switch|p2a: Moltres|Moltres|92/100
|move|p1a: Dragonite-Mega|Extreme Speed|p2a: Moltres
|-damage|p2a: Moltres|72/100
|
|-weather|Snowscape|[upkeep]
|upkeep
|turn|18
|
|t:|1757928959
|move|p1a: Dragonite-Mega|Extreme Speed|p2a: Moltres
|-damage|p2a: Moltres|53/100
|-status|p1a: Dragonite-Mega|brn|[from] ability: Flame Body|[of] p2a: Moltres
|move|p2a: Moltres|U-turn|p1a: Dragonite-Mega
|-resisted|p1a: Dragonite-Mega
|-damage|p1a: Dragonite-Mega|17/100 brn
|
|t:|1757928965
|switch|p2a: Slowking|Slowking-Galar, M, tera:Water|67/100|[from] U-turn
|
|-weather|none
|-damage|p1a: Dragonite-Mega|10/100 brn|[from] brn
|upkeep
|turn|19
|
|t:|1757928968
|switch|p2a: Moltres|Moltres|53/100
|move|p1a: Dragonite-Mega|Earthquake|p2a: Moltres
|-immune|p2a: Moltres
|
|-damage|p1a: Dragonite-Mega|4/100 brn|[from] brn
|upkeep
|turn|20
|
|t:|1757928970
|move|p1a: Dragonite-Mega|Extreme Speed|p2a: Moltres
|-damage|p2a: Moltres|43/100
|move|p2a: Moltres|Roost|p2a: Moltres
|-heal|p2a: Moltres|93/100
|-singleturn|p2a: Moltres|move: Roost
|
|-damage|p1a: Dragonite-Mega|0 fnt|[from] brn
|faint|p1a: Dragonite-Mega
|upkeep
|
|t:|1757928976
|switch|p1a: Groudon.|Torkoal, M|100/100
|-weather|SunnyDay|[from] ability: Drought|[of] p1a: Groudon.
|turn|21
|
|t:|1757928981
|move|p2a: Moltres|U-turn|p1a: Groudon.
|-resisted|p1a: Groudon.
|-damage|p1a: Groudon.|94/100
|
|t:|1757928984
|switch|p2a: Slowking|Slowking-Galar, M, tera:Water|99/100|[from] U-turn
|move|p1a: Groudon.|Eruption|p2a: Slowking
|-resisted|p2a: Slowking
|-damage|p2a: Slowking|75/100
|
|-weather|SunnyDay|[upkeep]
|upkeep
|turn|22
|
|t:|1757928991
|-prepare|p2a: Slowking|Chilly Reception|[premajor]
|move|p2a: Slowking|Chilly Reception|p2a: Slowking
|-weather|Snowscape
|
|t:|1757928995
|switch|p2a: Raging Bolt|Raging Bolt|100/100|[from] Chilly Reception
|move|p1a: Groudon.|Solar Beam||[still]
|-prepare|p1a: Groudon.|Solar Beam
|
|-weather|Snowscape|[upkeep]
|upkeep
|turn|23
|
|t:|1757929007
|move|p2a: Raging Bolt|Dragon Pulse|p1a: Groudon.
|-damage|p1a: Groudon.|0 fnt
|faint|p1a: Groudon.
|
|-weather|Snowscape|[upkeep]
|upkeep
|
|t:|1757929020
|switch|p1a: 储水硬接流星群|Walking Wake|100/100
|turn|24
|
|t:|1757929030
|-end|p2a: Raging Bolt|Protosynthesis|[silent]
|switch|p2a: Scizor|Scizor, F|100/100
|move|p1a: 储水硬接流星群|Draco Meteor|p2a: Scizor
|-resisted|p2a: Scizor
|-damage|p2a: Scizor|23/100
|-unboost|p1a: 储水硬接流星群|spa|2
|
|-weather|Snowscape|[upkeep]
|upkeep
|turn|25
|-message|NotClevey forfeited.
|
|win|doomdr2
|raw|NotClevey's rating: 1450 &rarr; <strong>1433</strong><br />(-17 for losing)
|raw|doomdr2's rating: 1494 &rarr; <strong>1511</strong><br />(+17 for winning)
|l|☆NotClevey
|player|p1|
|l|☆doomdr2
|player|p2|
