|badge|p1|bronze|gen9ru|100-6
|uhtml|medal-msg|<div class="broadcast-blue">Curious what those medals under the avatar are? PS now has Ladder Seasons! For more information, check out the <a href="https://www.smogon.com/forums/threads/3740067/">thread on Smogon.</a></div>
|j|‽malk tyme
|j|☆upuntil
|t:|1757944633
|gametype|singles
|player|p1|malk tyme|265|1499
|player|p2|upuntil|waitress|1518
|gen|9
|tier|[Gen 9] OU
|rated|
|rule|HP Percentage Mod: HP is shown in percentages
|rule|Endless Battle Clause: Forcing endless battles is banned
|rule|Species Clause: Limit one of each Pokémon
|rule|OHKO Clause: OHKO moves are banned
|rule|Evasion Items Clause: Evasion items are banned
|rule|Evasion Moves Clause: Evasion moves are banned
|rule|Evasion Abilities Clause: Evasion abilities are banned
|rule|Sleep Moves Clause: Sleep-inducing moves are banned
|clearpoke
|poke|p1|Blaziken, M|
|poke|p1|Salamence, M|
|poke|p1|Dondozo, M|
|poke|p1|Meloetta|
|poke|p1|Iron Treads|
|poke|p1|Veluza, M|
|poke|p2|Kingambit, M|
|poke|p2|Glimmora, M|
|poke|p2|Zamazenta-*|
|poke|p2|Iron Valiant|
|poke|p2|Iron Moth|
|poke|p2|Ogerpon-Wellspring, F|
|teampreview
|
|t:|1757944656
|teamsize|p1|6
|teamsize|p2|6
|start
|switch|p1a: Meloetta|Meloetta|100/100
|switch|p2a: Ogerpon|Ogerpon-Wellspring, F|100/100
|turn|1
|
|t:|1757944669
|switch|p1a: Dondozo|Dondozo, M|100/100
|move|p2a: Ogerpon|Knock Off|p1a: Dondozo
|-damage|p1a: Dondozo|77/100
|-enditem|p1a: Dondozo|Leftovers|[from] move: Knock Off|[of] p2a: Ogerpon
|
|upkeep
|turn|2
|
|t:|1757944680
|switch|p1a: Salamence|Salamence, M|100/100
|move|p2a: Ogerpon|Power Whip|p1a: Salamence
|-resisted|p1a: Salamence
|-damage|p1a: Salamence|75/100
|
|upkeep
|turn|3
|
|t:|1757944689
|switch|p2a: Glimmora|Glimmora, M|100/100
|move|p1a: Salamence|Outrage|p2a: Glimmora
|-damage|p2a: Glimmora|26/100
|-activate|p2a: Glimmora|ability: Toxic Debris
|-sidestart|p1: malk tyme|move: Toxic Spikes
|
|upkeep
|turn|4
|
|t:|1757944696
|switch|p2a: Iron Valiant|Iron Valiant|100/100
|-enditem|p2a: Iron Valiant|Booster Energy
|-activate|p2a: Iron Valiant|ability: Quark Drive|[fromitem]
|-start|p2a: Iron Valiant|quarkdrivespe
|move|p1a: Salamence|Outrage|p2a: Iron Valiant|[from] lockedmove
|-immune|p2a: Iron Valiant
|-start|p1a: Salamence|confusion|[fatigue]
|
|upkeep
|turn|5
|
|t:|1757944706
|switch|p1a: Iron Treads|Iron Treads|100/100
|move|p2a: Iron Valiant|Calm Mind|p2a: Iron Valiant
|-boost|p2a: Iron Valiant|spa|1
|-boost|p2a: Iron Valiant|spd|1
|
|upkeep
|turn|6
|
|t:|1757944713
|move|p2a: Iron Valiant|Shadow Ball|p1a: Iron Treads
|-damage|p1a: Iron Treads|50/100
|-unboost|p1a: Iron Treads|spd|1
|move|p1a: Iron Treads|Rapid Spin|p2a: Iron Valiant
|-damage|p2a: Iron Valiant|85/100
|-boost|p1a: Iron Treads|spe|1
|-sideend|p1: malk tyme|Toxic Spikes|[from] move: Rapid Spin|[of] p1a: Iron Treads
|
|upkeep
|turn|7
|
|t:|1757944721
|-end|p1a: Iron Treads|Quark Drive|[silent]
|switch|p1a: Dondozo|Dondozo, M|77/100
|move|p2a: Iron Valiant|Shadow Ball|p1a: Dondozo
|-crit|p1a: Dondozo
|-damage|p1a: Dondozo|53/100
|
|upkeep
|turn|8
|
|t:|1757944724
|move|p2a: Iron Valiant|Moonblast|p1a: Dondozo
|-damage|p1a: Dondozo|22/100
|move|p1a: Dondozo|Wave Crash|p2a: Iron Valiant
|-damage|p2a: Iron Valiant|32/100
|-damage|p1a: Dondozo|12/100|[from] Recoil
|
|upkeep
|turn|9
|
|t:|1757944729
|move|p2a: Iron Valiant|Moonblast|p1a: Dondozo
|-damage|p1a: Dondozo|0 fnt
|faint|p1a: Dondozo
|
|upkeep
|
|t:|1757944735
|switch|p1a: Meloetta|Meloetta|100/100
|turn|10
|
|t:|1757944737
|move|p2a: Iron Valiant|Destiny Bond|p2a: Iron Valiant
|-singlemove|p2a: Iron Valiant|Destiny Bond
|move|p1a: Meloetta|Psychic|p2a: Iron Valiant
|-supereffective|p2a: Iron Valiant
|-damage|p2a: Iron Valiant|0 fnt
|faint|p2a: Iron Valiant
|-activate|p2a: Iron Valiant|move: Destiny Bond
|-end|p2a: Iron Valiant|Quark Drive|[silent]
|faint|p1a: Meloetta
|
|upkeep
|
|t:|1757944750
|switch|p2a: Ogerpon|Ogerpon-Wellspring, F|100/100
|switch|p1a: Veluza|Veluza, M|100/100
|turn|11
|
|t:|1757944755
|move|p1a: Veluza|Final Gambit|p2a: Ogerpon
|-damage|p2a: Ogerpon|0 fnt
|faint|p1a: Veluza
|faint|p2a: Ogerpon
|
|upkeep
|
|t:|1757944760
|switch|p2a: Kingambit|Kingambit, M, shiny|100/100
|switch|p1a: Salamence|Salamence, M|75/100
|-activate|p2a: Kingambit|ability: Supreme Overlord
|-start|p2a: Kingambit|fallen2|[silent]
|turn|12
|
|t:|1757944764
|-end|p2a: Kingambit|fallen2|[silent]
|switch|p2a: Glimmora|Glimmora, M|26/100
|move|p1a: Salamence|Earthquake|p2a: Glimmora
|-supereffective|p2a: Glimmora
|-damage|p2a: Glimmora|0 fnt
|-activate|p2a: Glimmora|ability: Toxic Debris
|-sidestart|p1: malk tyme|move: Toxic Spikes
|faint|p2a: Glimmora
|-ability|p1a: Salamence|Moxie|boost
|-boost|p1a: Salamence|atk|1
|
|upkeep
|
|t:|1757944769
|switch|p2a: Zamazenta|Zamazenta, shiny|100/100
|-ability|p2a: Zamazenta|Dauntless Shield|boost
|-boost|p2a: Zamazenta|def|1
|turn|13
|
|t:|1757944773
|switch|p1a: Iron Treads|Iron Treads|50/100
|move|p2a: Zamazenta|Iron Defense|p2a: Zamazenta
|-boost|p2a: Zamazenta|def|2
|
|upkeep
|turn|14
|-message|malk tyme forfeited.
|
|win|upuntil
|raw|malk tyme's rating: 1499 &rarr; <strong>1480</strong><br />(-19 for losing)
|raw|upuntil's rating: 1518 &rarr; <strong>1537</strong><br />(+19 for winning)
|l|‽malk tyme
|player|p1|
|l|☆upuntil
|player|p2|
