|j|☆HatedWitch
|j|☆thejay1224
|t:|1757831175
|gametype|singles
|player|p1|HatedWitch|lass|1482
|player|p2|thejay1224|266|1479
|gen|9
|tier|[Gen 9] OU
|rated|
|rule|HP Percentage Mod: HP is shown in percentages
|rule|Endless Battle Clause: Forcing endless battles is banned
|rule|Species Clause: Limit one of each Pokémon
|rule|OHKO Clause: OHKO moves are banned
|rule|Evasion Items Clause: Evasion items are banned
|rule|Evasion Moves Clause: Evasion moves are banned
|rule|Evasion Abilities Clause: Evasion abilities are banned
|rule|Sleep Moves Clause: Sleep-inducing moves are banned
|clearpoke
|poke|p1|Hydrapple, M|
|poke|p1|Alomomola, F|
|poke|p1|Tinkaton, F|
|poke|p1|Sandy Shocks|
|poke|p1|Ogerpon, F|
|poke|p1|Zamazenta-*|
|poke|p2|Torkoal, F|
|poke|p2|Serperior, M|
|poke|p2|Okidogi, M|
|poke|p2|Hatterene, F|
|poke|p2|Dragapult, M|
|poke|p2|Dragonite, F|
|teampreview
|
|t:|1757831210
|teamsize|p1|6
|teamsize|p2|6
|start
|switch|p1a: Umè-Pon|Ogerpon, F|100/100
|switch|p2a: Okidogi|Okidogi, M|100/100
|turn|1
|
|t:|1757831229
|move|p2a: Okidogi|Close Combat|p1a: Umè-Pon
|-damage|p1a: Umè-Pon|26/100
|-unboost|p2a: Okidogi|def|1
|-unboost|p2a: Okidogi|spd|1
|-status|p1a: Umè-Pon|tox|[from] ability: Toxic Chain|[of] p2a: Okidogi
|move|p1a: Umè-Pon|U-turn|p2a: Okidogi
|-resisted|p2a: Okidogi
|-damage|p2a: Okidogi|93/100
|
|t:|1757831240
|switch|p1a: Tinkaton|Tinkaton, F, shiny|100/100|[from] U-turn
|-ability|p1a: Tinkaton|Mold Breaker
|-item|p1a: Tinkaton|Air Balloon
|
|upkeep
|turn|2
|inactive|Battle timer is ON: inactive players will automatically lose when time's up. (requested by thejay1224)
|
|t:|1757831247
|move|p2a: Okidogi|Close Combat|p1a: Tinkaton
|-damage|p1a: Tinkaton|32/100
|-unboost|p2a: Okidogi|def|1
|-unboost|p2a: Okidogi|spd|1
|-enditem|p1a: Tinkaton|Air Balloon
|move|p1a: Tinkaton|Stealth Rock|p2a: Okidogi
|-sidestart|p2: thejay1224|move: Stealth Rock
|
|upkeep
|turn|3
|
|t:|1757831254
|move|p2a: Okidogi|Close Combat|p1a: Tinkaton
|-damage|p1a: Tinkaton|0 fnt
|-unboost|p2a: Okidogi|def|1
|-unboost|p2a: Okidogi|spd|1
|faint|p1a: Tinkaton
|
|upkeep
|
|t:|1757831268
|switch|p1a: Hydrapple|Hydrapple, M|100/100
|turn|4
|
|t:|1757831295
|switch|p2a: Hatterene|Hatterene, F|100/100
|-damage|p2a: Hatterene|88/100|[from] Stealth Rock
|move|p1a: Hydrapple|Draco Meteor|p2a: Hatterene
|-immune|p2a: Hatterene
|
|upkeep
|turn|5
|inactive|HatedWitch has 120 seconds left.
|
|t:|1757831332
|switch|p1a: Alomomola|Alomomola, F|100/100
|move|p2a: Hatterene|Trick Room|p2a: Hatterene
|-fieldstart|move: Trick Room|[of] p2a: Hatterene
|
|upkeep
|turn|6
|inactive|HatedWitch has 120 seconds left.
|l|☆thejay1224
|inactive|thejay1224 disconnected and has a minute to reconnect!
|player|p2|
|j|☆thejay1224
|inactive|thejay1224 reconnected and has 125 seconds left.
|player|p2|thejay1224|266|
|
|t:|1757831352
|move|p2a: Hatterene|Misty Explosion|p1a: Alomomola
|-damage|p1a: Alomomola|66/100
|faint|p2a: Hatterene
|move|p1a: Alomomola|Mirror Coat|p2: Hatterene|[notarget]
|-fail|p1a: Alomomola
|
|upkeep
|inactive|thejay1224 has 120 seconds left.
|
|t:|1757831375
|switch|p2a: Torkoal|Torkoal, F|100/100
|-damage|p2a: Torkoal|76/100|[from] Stealth Rock
|-weather|SunnyDay|[from] ability: Drought|[of] p2a: Torkoal
|turn|7
|
|t:|1757831389
|move|p2a: Torkoal|Stealth Rock|p1a: Alomomola
|-sidestart|p1: HatedWitch|move: Stealth Rock
|move|p1a: Alomomola|Scald|p2a: Torkoal
|-supereffective|p2a: Torkoal
|-damage|p2a: Torkoal|58/100
|
|-weather|SunnyDay|[upkeep]
|upkeep
|turn|8
|
|t:|1757831395
|move|p2a: Torkoal|Flamethrower|p1a: Alomomola
|-resisted|p1a: Alomomola
|-damage|p1a: Alomomola|48/100
|-status|p1a: Alomomola|brn
|move|p1a: Alomomola|Mirror Coat|p2a: Torkoal
|-damage|p2a: Torkoal|9/100
|
|-weather|SunnyDay|[upkeep]
|-damage|p1a: Alomomola|42/100 brn|[from] brn
|upkeep
|turn|9
|
|t:|1757831400
|move|p2a: Torkoal|Earth Power|p1a: Alomomola
|-crit|p1a: Alomomola
|-damage|p1a: Alomomola|21/100 brn
|move|p1a: Alomomola|Flip Turn|p2a: Torkoal
|-supereffective|p2a: Torkoal
|-damage|p2a: Torkoal|2/100
|
|t:|1757831416
|switch|p1a: Sandy Shocks|Sandy Shocks, shiny|100/100|[from] Flip Turn
|-activate|p1a: Sandy Shocks|ability: Protosynthesis
|-start|p1a: Sandy Shocks|protosynthesisspa
|
|-weather|SunnyDay|[upkeep]
|-fieldend|move: Trick Room
|upkeep
|turn|10
|
|t:|1757831434
|move|p1a: Sandy Shocks|Earth Power|p2a: Torkoal
|-supereffective|p2a: Torkoal
|-damage|p2a: Torkoal|0 fnt
|faint|p2a: Torkoal
|
|-weather|SunnyDay|[upkeep]
|upkeep
|
|t:|1757831450
|switch|p2a: Dragapult|Dragapult, M|100/100
|-damage|p2a: Dragapult|88/100|[from] Stealth Rock
|turn|11
|
|t:|1757831461
|move|p2a: Dragapult|Dragon Darts|p1a: Sandy Shocks
|-damage|p1a: Sandy Shocks|73/100
|-anim|p2a: Dragapult|Dragon Darts|p1a: Sandy Shocks
|-damage|p1a: Sandy Shocks|46/100
|-damage|p2a: Dragapult|78/100|[from] item: Life Orb
|move|p1a: Sandy Shocks|Earth Power|p2a: Dragapult
|-damage|p2a: Dragapult|0 fnt
|faint|p2a: Dragapult
|
|-weather|none
|-end|p1a: Sandy Shocks|Protosynthesis
|upkeep
|
|t:|1757831472
|switch|p2a: Serperior|Serperior, M|100/100
|-damage|p2a: Serperior|88/100|[from] Stealth Rock
|turn|12
|
|t:|1757831479
|move|p1a: Sandy Shocks|Volt Switch|p2a: Serperior
|-resisted|p2a: Serperior
|-damage|p2a: Serperior|71/100
|
|t:|1757831485
|-end|p1a: Sandy Shocks|Protosynthesis|[silent]
|switch|p1a: Hydrapple|Hydrapple, M|100/100|[from] Volt Switch
|move|p2a: Serperior|Leaf Storm|p1a: Hydrapple
|-resisted|p1a: Hydrapple
|-damage|p1a: Hydrapple|90/100
|-boost|p2a: Serperior|spa|2
|
|upkeep
|turn|13
|
|t:|1757831498
|move|p2a: Serperior|Leaf Storm|p1a: Hydrapple
|-resisted|p1a: Hydrapple
|-damage|p1a: Hydrapple|71/100
|-boost|p2a: Serperior|spa|2
|move|p1a: Hydrapple|Dragon Tail|p2a: Serperior|[miss]
|-miss|p1a: Hydrapple|p2a: Serperior
|
|upkeep
|turn|14
|c|☆thejay1224|big oof
|
|t:|1757831515
|move|p2a: Serperior|Dragon Pulse|p1a: Hydrapple
|-supereffective|p1a: Hydrapple
|-damage|p1a: Hydrapple|0 fnt
|faint|p1a: Hydrapple
|
|upkeep
|
|t:|1757831524
|switch|p1a: Umè-Pon|Ogerpon, F|26/100 tox
|turn|15
|
|t:|1757831529
|move|p1a: Umè-Pon|U-turn|p2a: Serperior
|-supereffective|p2a: Serperior
|-damage|p2a: Serperior|26/100
|
|t:|1757831535
|switch|p1a: Alomomola|Alomomola, F|54/100 brn|[from] U-turn
|-damage|p1a: Alomomola|42/100 brn|[from] Stealth Rock
|move|p2a: Serperior|Synthesis|p2a: Serperior
|-heal|p2a: Serperior|76/100
|
|-damage|p1a: Alomomola|36/100 brn|[from] brn
|upkeep
|turn|16
|
|t:|1757831546
|move|p2a: Serperior|Leaf Storm|p1a: Alomomola
|-supereffective|p1a: Alomomola
|-damage|p1a: Alomomola|0 fnt
|-boost|p2a: Serperior|spa|2
|faint|p1a: Alomomola
|
|upkeep
|
|t:|1757831550
|switch|p1a: Umè-Pon|Ogerpon, F|26/100 tox
|turn|17
|
|t:|1757831565
|move|p1a: Umè-Pon|Taunt|p2a: Serperior
|-start|p2a: Serperior|move: Taunt
|move|p2a: Serperior|Dragon Pulse|p1a: Umè-Pon
|-crit|p1a: Umè-Pon
|-damage|p1a: Umè-Pon|0 fnt
|faint|p1a: Umè-Pon
|
|upkeep
|
|t:|1757831569
|switch|p1a: Zamazenta|Zamazenta|100/100
|-ability|p1a: Zamazenta|Dauntless Shield|boost
|-boost|p1a: Zamazenta|def|1
|turn|18
|
|t:|1757831579
|move|p1a: Zamazenta|Stone Edge|p2a: Serperior|[miss]
|-miss|p1a: Zamazenta|p2a: Serperior
|move|p2a: Serperior|Dragon Pulse|p1a: Zamazenta
|-damage|p1a: Zamazenta|30/100
|
|upkeep
|turn|19
|
|t:|1757831584
|move|p1a: Zamazenta|Close Combat|p2a: Serperior
|-damage|p2a: Serperior|13/100
|-unboost|p1a: Zamazenta|def|1
|-unboost|p1a: Zamazenta|spd|1
|move|p2a: Serperior|Tera Blast|p1a: Zamazenta
|-damage|p1a: Zamazenta|0 fnt
|faint|p1a: Zamazenta
|
|-end|p2a: Serperior|move: Taunt
|upkeep
|
|t:|1757831587
|switch|p1a: Sandy Shocks|Sandy Shocks, shiny|46/100
|turn|20
|
|t:|1757831591
|move|p1a: Sandy Shocks|Tera Blast|p2a: Serperior
|-damage|p2a: Serperior|0 fnt
|faint|p2a: Serperior
|
|upkeep
|
|t:|1757831594
|switch|p2a: Okidogi|Okidogi, M|93/100
|-damage|p2a: Okidogi|87/100|[from] Stealth Rock
|turn|21
|
|t:|1757831596
|move|p2a: Okidogi|Ice Punch|p1a: Sandy Shocks
|-supereffective|p1a: Sandy Shocks
|-damage|p1a: Sandy Shocks|0 fnt
|faint|p1a: Sandy Shocks
|-end|p1a: Sandy Shocks|Protosynthesis|[silent]
|
|win|thejay1224
|raw|HatedWitch's rating: 1482 &rarr; <strong>1462</strong><br />(-20 for losing)
|raw|thejay1224's rating: 1479 &rarr; <strong>1499</strong><br />(+20 for winning)
|l|☆HatedWitch
|player|p1|
|l|☆thejay1224
|player|p2|
