|j|☆doledragon
|j|☆trollface games
|t:|1757834386
|gametype|singles
|player|p1|doledragon|ghetsis|1510
|player|p2|trollface games|psychic-gen4|1560
|gen|9
|tier|[Gen 9] OU
|rated|
|rule|HP Percentage Mod: HP is shown in percentages
|rule|Endless Battle Clause: Forcing endless battles is banned
|rule|Species Clause: Limit one of each Pokémon
|rule|OHKO Clause: OHKO moves are banned
|rule|Evasion Items Clause: Evasion items are banned
|rule|Evasion Moves Clause: Evasion moves are banned
|rule|Evasion Abilities Clause: Evasion abilities are banned
|rule|Sleep Moves Clause: Sleep-inducing moves are banned
|clearpoke
|poke|p1|Moltres-Galar|
|poke|p1|Pecharunt|
|poke|p1|Hydreigon, M|
|poke|p1|Iron Valiant|
|poke|p1|Iron Treads|
|poke|p1|Zamazenta-*|
|poke|p2|Enamorus, F|
|poke|p2|Araquanid, M|
|poke|p2|Gholdengo|
|poke|p2|Iron Valiant|
|poke|p2|Kingambit, M|
|poke|p2|Great Tusk|
|teampreview
|
|t:|1757834418
|teamsize|p1|6
|teamsize|p2|6
|start
|switch|p1a: Red Ranger|Moltres-Galar, shiny|100/100
|switch|p2a: Araquanid|Araquanid, M|100/100
|turn|1
|
|t:|1757834426
|move|p1a: Red Ranger|Nasty Plot|p1a: Red Ranger
|-boost|p1a: Red Ranger|spa|2
|move|p2a: Araquanid|Sticky Web|p1a: Red Ranger
|-sidestart|p1: doledragon|move: Sticky Web
|
|upkeep
|turn|2
|
|t:|1757834434
|move|p1a: Red Ranger|Fiery Wrath|p2a: Araquanid
|-damage|p2a: Araquanid|30/100
|move|p2a: Araquanid|Liquidation|p1a: Red Ranger
|-damage|p1a: Red Ranger|28/100
|-ability|p1a: Red Ranger|Berserk|boost
|-boost|p1a: Red Ranger|spa|1
|-enditem|p1a: Red Ranger|Sitrus Berry|[eat]
|-heal|p1a: Red Ranger|52/100|[from] item: Sitrus Berry
|
|upkeep
|turn|3
|j| laggybaggy5163
|
|t:|1757834441
|move|p1a: Red Ranger|Fiery Wrath|p2a: Araquanid
|-crit|p2a: Araquanid
|-damage|p2a: Araquanid|0 fnt
|faint|p2a: Araquanid
|
|upkeep
|
|t:|1757834449
|switch|p2a: Iron Valiant|Iron Valiant|100/100
|-enditem|p2a: Iron Valiant|Booster Energy
|-activate|p2a: Iron Valiant|ability: Quark Drive|[fromitem]
|-start|p2a: Iron Valiant|quarkdrivespa
|turn|4
|
|t:|1757834457
|-terastallize|p1a: Red Ranger|Fairy
|move|p2a: Iron Valiant|Moonblast|p1a: Red Ranger
|-damage|p1a: Red Ranger|0 fnt
|faint|p1a: Red Ranger
|
|upkeep
|
|t:|1757834462
|switch|p1a: Tire Org|Iron Treads|100/100
|-activate|p1a: Tire Org|move: Sticky Web
|-unboost|p1a: Tire Org|spe|1
|-enditem|p1a: Tire Org|Booster Energy
|-activate|p1a: Tire Org|ability: Quark Drive|[fromitem]
|-start|p1a: Tire Org|quarkdriveatk
|turn|5
|
|t:|1757834470
|-end|p2a: Iron Valiant|Quark Drive|[silent]
|switch|p2a: Gholdengo|Gholdengo|100/100
|move|p1a: Tire Org|Ice Spinner|p2a: Gholdengo
|-resisted|p2a: Gholdengo
|-damage|p2a: Gholdengo|85/100
|
|upkeep
|turn|6
|
|t:|1757834477
|move|p2a: Gholdengo|Shadow Ball|p1a: Tire Org
|-damage|p1a: Tire Org|47/100
|move|p1a: Tire Org|Earthquake|p2a: Gholdengo
|-supereffective|p2a: Gholdengo
|-crit|p2a: Gholdengo
|-damage|p2a: Gholdengo|0 fnt
|faint|p2a: Gholdengo
|
|upkeep
|
|t:|1757834483
|switch|p2a: Enamorus|Enamorus, F|100/100
|turn|7
|
|t:|1757834487
|move|p2a: Enamorus|Superpower|p1a: Tire Org
|-supereffective|p1a: Tire Org
|-crit|p1a: Tire Org
|-damage|p1a: Tire Org|0 fnt
|-boost|p2a: Enamorus|atk|1
|-boost|p2a: Enamorus|def|1
|faint|p1a: Tire Org
|-end|p1a: Tire Org|Quark Drive|[silent]
|
|upkeep
|
|t:|1757834491
|switch|p1a: Rita Repulsa|Pecharunt|100/100
|-activate|p1a: Rita Repulsa|move: Sticky Web
|-unboost|p1a: Rita Repulsa|spe|1
|turn|8
|
|t:|1757834497
|-terastallize|p2a: Enamorus|Ghost
|move|p2a: Enamorus|Substitute|p2a: Enamorus
|-start|p2a: Enamorus|Substitute
|-damage|p2a: Enamorus|76/100
|move|p1a: Rita Repulsa|Malignant Chain|p2a: Enamorus
|-resisted|p2a: Enamorus
|-activate|p2a: Enamorus|move: Substitute|[damage]
|
|-heal|p2a: Enamorus|82/100|[from] item: Leftovers
|upkeep
|turn|9
|
|t:|1757834501
|move|p2a: Enamorus|Tera Blast|p1a: Rita Repulsa|[anim] Tera Blast Ghost
|-supereffective|p1a: Rita Repulsa
|-damage|p1a: Rita Repulsa|44/100
|move|p1a: Rita Repulsa|Shadow Ball|p2a: Enamorus
|-supereffective|p2a: Enamorus
|-end|p2a: Enamorus|Substitute
|
|-heal|p2a: Enamorus|88/100|[from] item: Leftovers
|upkeep
|turn|10
|
|t:|1757834504
|move|p2a: Enamorus|Tera Blast|p1a: Rita Repulsa|[anim] Tera Blast Ghost
|-supereffective|p1a: Rita Repulsa
|-damage|p1a: Rita Repulsa|0 fnt
|faint|p1a: Rita Repulsa
|
|-heal|p2a: Enamorus|94/100|[from] item: Leftovers
|upkeep
|
|t:|1757834512
|switch|p1a: Pink Ranger|Zamazenta, shiny|100/100
|-activate|p1a: Pink Ranger|move: Sticky Web
|-unboost|p1a: Pink Ranger|spe|1
|-ability|p1a: Pink Ranger|Dauntless Shield|boost
|-boost|p1a: Pink Ranger|def|1
|turn|11
|
|t:|1757834517
|move|p2a: Enamorus|Moonblast|p1a: Pink Ranger
|-supereffective|p1a: Pink Ranger
|-damage|p1a: Pink Ranger|19/100
|move|p1a: Pink Ranger|Crunch|p2a: Enamorus
|-supereffective|p2a: Enamorus
|-damage|p2a: Enamorus|16/100
|-damage|p1a: Pink Ranger|9/100|[from] item: Life Orb
|
|-heal|p2a: Enamorus|22/100|[from] item: Leftovers
|upkeep
|turn|12
|
|t:|1757834520
|move|p2a: Enamorus|Superpower|p1a: Pink Ranger
|-damage|p1a: Pink Ranger|0 fnt
|-boost|p2a: Enamorus|atk|1
|-boost|p2a: Enamorus|def|1
|faint|p1a: Pink Ranger
|
|-heal|p2a: Enamorus|29/100|[from] item: Leftovers
|upkeep
|-message|doledragon forfeited.
|
|win|trollface games
|raw|doledragon's rating: 1510 &rarr; <strong>1493</strong><br />(-17 for losing)
|raw|trollface games's rating: 1560 &rarr; <strong>1577</strong><br />(+17 for winning)
|l|☆doledragon
|player|p1|
|l|☆trollface games
|player|p2|
|l| laggybaggy5163
