|j|☆chaintrainalt
|j|☆EddusEatzAlot
|t:|1757822688
|gametype|singles
|player|p1|chaintrainalt|cyclistf|1427
|player|p2|EddusEatzAlot|steven|1400
|gen|9
|tier|[Gen 9] OU
|rated|
|rule|HP Percentage Mod: HP is shown in percentages
|rule|Endless Battle Clause: Forcing endless battles is banned
|rule|Species Clause: Limit one of each Pokémon
|rule|OHKO Clause: OHKO moves are banned
|rule|Evasion Items Clause: Evasion items are banned
|rule|Evasion Moves Clause: Evasion moves are banned
|rule|Evasion Abilities Clause: Evasion abilities are banned
|rule|Sleep Moves Clause: Sleep-inducing moves are banned
|clearpoke
|poke|p1|Ribombee, F|
|poke|p1|Iron Moth|
|poke|p1|Gholdengo|
|poke|p1|Garchomp, F|
|poke|p1|Iron Valiant|
|poke|p1|Samurott-Hisui, M|
|poke|p2|Rillaboom, M|
|poke|p2|Great Tusk|
|poke|p2|Slowking-Galar, F|
|poke|p2|Dragapult, F|
|poke|p2|Heatran, F|
|poke|p2|Clodsire, M|
|teampreview
|inactive|Battle timer is ON: inactive players will automatically lose when time's up. (requested by chaintrainalt)
|
|t:|1757822695
|teamsize|p1|6
|teamsize|p2|6
|start
|switch|p1a: Ribombee|Ribombee, F|100/100
|switch|p2a: Heatran|Heatran, F|100/100
|turn|1
|
|t:|1757822700
|move|p1a: Ribombee|Skill Swap|p2a: Heatran
|-activate|p1a: Ribombee|move: Skill Swap|Flash Fire|Shield Dust|[of] p2a: Heatran
|move|p2a: Heatran|Stealth Rock|p1a: Ribombee
|-sidestart|p1: chaintrainalt|move: Stealth Rock
|
|upkeep
|turn|2
|
|t:|1757822705
|move|p1a: Ribombee|Sticky Web|p2a: Heatran
|-sidestart|p2: EddusEatzAlot|move: Sticky Web
|move|p2a: Heatran|Lava Plume|p1a: Ribombee
|-start|p1a: Ribombee|ability: Flash Fire
|
|upkeep
|turn|3
|
|t:|1757822710
|move|p1a: Ribombee|Stun Spore|p2a: Heatran
|-status|p2a: Heatran|par
|move|p2a: Heatran|Flash Cannon|p1a: Ribombee
|-supereffective|p1a: Ribombee
|-enditem|p1a: Ribombee|Focus Sash
|-damage|p1a: Ribombee|1/100
|
|upkeep
|turn|4
|
|t:|1757822717
|move|p1a: Ribombee|Moonblast|p2a: Heatran
|-resisted|p2a: Heatran
|-crit|p2a: Heatran
|-damage|p2a: Heatran|86/100 par
|move|p2a: Heatran|Flash Cannon|p1a: Ribombee
|-supereffective|p1a: Ribombee
|-damage|p1a: Ribombee|0 fnt
|faint|p1a: Ribombee
|
|upkeep
|
|t:|1757822725
|switch|p1a: Samurott|Samurott-Hisui, M|100/100
|-damage|p1a: Samurott|88/100|[from] Stealth Rock
|turn|5
|
|t:|1757822731
|switch|p2a: Rillaboom|Rillaboom, M|100/100
|-activate|p2a: Rillaboom|move: Sticky Web
|-unboost|p2a: Rillaboom|spe|1
|-fieldstart|move: Grassy Terrain|[from] ability: Grassy Surge|[of] p2a: Rillaboom
|move|p1a: Samurott|Aqua Cutter|p2a: Rillaboom
|-resisted|p2a: Rillaboom
|-damage|p2a: Rillaboom|68/100
|-damage|p1a: Samurott|78/100|[from] item: Life Orb
|
|-heal|p1a: Samurott|84/100|[from] Grassy Terrain
|-heal|p2a: Rillaboom|74/100|[from] Grassy Terrain
|upkeep
|turn|6
|
|t:|1757822747
|move|p1a: Samurott|Sucker Punch|p2a: Rillaboom
|-damage|p2a: Rillaboom|32/100
|-damage|p1a: Samurott|74/100|[from] item: Life Orb
|move|p2a: Rillaboom|U-turn|p1a: Samurott
|-supereffective|p1a: Samurott
|-damage|p1a: Samurott|0 fnt
|faint|p1a: Samurott
|
|t:|1757822758
|switch|p2a: Dragapult|Dragapult, F|100/100|[from] U-turn
|-activate|p2a: Dragapult|move: Sticky Web
|-fail|p2a: Dragapult|unboost|[from] ability: Clear Body|[of] p2a: Dragapult
|
|upkeep
|
|t:|1757822764
|switch|p1a: Iron Valiant|Iron Valiant|100/100
|-damage|p1a: Iron Valiant|94/100|[from] Stealth Rock
|-enditem|p1a: Iron Valiant|Booster Energy
|-activate|p1a: Iron Valiant|ability: Quark Drive|[fromitem]
|-start|p1a: Iron Valiant|quarkdrivespe
|turn|7
|
|t:|1757822770
|switch|p2a: Clodsire|Clodsire, M|100/100
|move|p1a: Iron Valiant|Swords Dance|p1a: Iron Valiant
|-boost|p1a: Iron Valiant|atk|2
|
|-heal|p1a: Iron Valiant|100/100|[from] Grassy Terrain
|upkeep
|turn|8
|
|t:|1757822777
|move|p1a: Iron Valiant|Knock Off|p2a: Clodsire
|-damage|p2a: Clodsire|30/100
|-enditem|p2a: Clodsire|Heavy-Duty Boots|[from] move: Knock Off|[of] p1a: Iron Valiant
|move|p2a: Clodsire|Toxic|p1a: Iron Valiant
|-status|p1a: Iron Valiant|tox
|
|-heal|p2a: Clodsire|36/100|[from] Grassy Terrain
|-damage|p1a: Iron Valiant|94/100 tox|[from] psn
|upkeep
|turn|9
|
|t:|1757822786
|move|p1a: Iron Valiant|Knock Off|p2a: Clodsire
|-damage|p2a: Clodsire|0 fnt
|faint|p2a: Clodsire
|
|-heal|p1a: Iron Valiant|100/100 tox|[from] Grassy Terrain
|-damage|p1a: Iron Valiant|88/100 tox|[from] psn
|-fieldend|move: Grassy Terrain
|upkeep
|
|t:|1757822789
|switch|p2a: Rillaboom|Rillaboom, M|32/100
|-activate|p2a: Rillaboom|move: Sticky Web
|-unboost|p2a: Rillaboom|spe|1
|-fieldstart|move: Grassy Terrain|[from] ability: Grassy Surge|[of] p2a: Rillaboom
|turn|10
|
|t:|1757822798
|-terastallize|p1a: Iron Valiant|Steel
|move|p2a: Rillaboom|Grassy Glide|p1a: Iron Valiant
|-resisted|p1a: Iron Valiant
|-damage|p1a: Iron Valiant|52/100 tox
|move|p1a: Iron Valiant|Knock Off|p2a: Rillaboom
|-damage|p2a: Rillaboom|0 fnt
|-enditem|p2a: Rillaboom|Choice Band|[from] move: Knock Off|[of] p1a: Iron Valiant
|faint|p2a: Rillaboom
|
|-heal|p1a: Iron Valiant|58/100 tox|[from] Grassy Terrain
|-damage|p1a: Iron Valiant|40/100 tox|[from] psn
|upkeep
|
|t:|1757822808
|switch|p2a: Great Tusk|Great Tusk|100/100
|turn|11
|
|t:|1757822811
|-terastallize|p2a: Great Tusk|Fire
|move|p1a: Iron Valiant|Spirit Break|p2a: Great Tusk
|-resisted|p2a: Great Tusk
|-damage|p2a: Great Tusk|70/100
|-unboost|p2a: Great Tusk|spa|1
|move|p2a: Great Tusk|Rapid Spin|p1a: Iron Valiant
|-resisted|p1a: Iron Valiant
|-damage|p1a: Iron Valiant|27/100 tox
|-boost|p2a: Great Tusk|spe|1
|-sideend|p2: EddusEatzAlot|Sticky Web|[from] move: Rapid Spin|[of] p2a: Great Tusk
|
|-heal|p1a: Iron Valiant|34/100 tox|[from] Grassy Terrain
|-heal|p2a: Great Tusk|76/100|[from] Grassy Terrain
|-damage|p1a: Iron Valiant|9/100 tox|[from] psn
|upkeep
|turn|12
|
|t:|1757822831
|move|p1a: Iron Valiant|Knock Off|p2a: Great Tusk
|-damage|p2a: Great Tusk|29/100
|-enditem|p2a: Great Tusk|Heavy-Duty Boots|[from] move: Knock Off|[of] p1a: Iron Valiant
|move|p2a: Great Tusk|Knock Off|p1a: Iron Valiant
|-damage|p1a: Iron Valiant|0 fnt
|faint|p1a: Iron Valiant
|-end|p1a: Iron Valiant|Quark Drive|[silent]
|
|-heal|p2a: Great Tusk|35/100|[from] Grassy Terrain
|upkeep
|
|t:|1757822841
|switch|p1a: Gholdengo|Gholdengo|100/100
|-damage|p1a: Gholdengo|94/100|[from] Stealth Rock
|-item|p1a: Gholdengo|Air Balloon
|turn|13
|
|t:|1757822846
|move|p2a: Great Tusk|Knock Off|p1a: Gholdengo
|-supereffective|p1a: Gholdengo
|-damage|p1a: Gholdengo|20/100
|-enditem|p1a: Gholdengo|Air Balloon
|move|p1a: Gholdengo|Shadow Ball|p2a: Great Tusk
|-damage|p2a: Great Tusk|0 fnt
|faint|p2a: Great Tusk
|-end|p2a: Great Tusk|Protosynthesis|[silent]
|
|-heal|p1a: Gholdengo|26/100|[from] Grassy Terrain
|upkeep
|
|t:|1757822849
|switch|p2a: Dragapult|Dragapult, F|100/100
|turn|14
|
|t:|1757822856
|move|p2a: Dragapult|Hex|p1a: Gholdengo
|-supereffective|p1a: Gholdengo
|-damage|p1a: Gholdengo|0 fnt
|faint|p1a: Gholdengo
|
|-fieldend|move: Grassy Terrain
|upkeep
|
|t:|1757822861
|switch|p1a: Garchomp|Garchomp, F|100/100
|-damage|p1a: Garchomp|94/100|[from] Stealth Rock
|turn|15
|
|t:|1757822865
|move|p2a: Dragapult|Dragon Darts|p1a: Garchomp
|-supereffective|p1a: Garchomp
|-damage|p1a: Garchomp|56/100
|-anim|p2a: Dragapult|Dragon Darts|p1a: Garchomp
|-supereffective|p1a: Garchomp
|-damage|p1a: Garchomp|15/100
|move|p1a: Garchomp|Scale Shot|p2a: Dragapult
|-supereffective|p2a: Dragapult
|-damage|p2a: Dragapult|57/100
|-supereffective|p2a: Dragapult
|-damage|p2a: Dragapult|15/100
|-supereffective|p2a: Dragapult
|-damage|p2a: Dragapult|0 fnt
|faint|p2a: Dragapult
|-hitcount|p2: Dragapult|3
|-unboost|p1a: Garchomp|def|1
|-boost|p1a: Garchomp|spe|1
|
|upkeep
|
|t:|1757822871
|switch|p2a: Heatran|Heatran, F|86/100 par
|turn|16
|
|t:|1757822881
|move|p1a: Garchomp|Earthquake|p2a: Heatran
|-supereffective|p2a: Heatran
|-damage|p2a: Heatran|0 fnt
|faint|p2a: Heatran
|
|upkeep
|-message|EddusEatzAlot forfeited.
|
|win|chaintrainalt
|raw|chaintrainalt's rating: 1427 &rarr; <strong>1445</strong><br />(+18 for winning)
|raw|EddusEatzAlot's rating: 1400 &rarr; <strong>1382</strong><br />(-18 for losing)
|l|☆EddusEatzAlot
|player|p2|
|l|☆chaintrainalt
|player|p1|
