|j|☆Topinambour
|j|‽Sacred Quill
|t:|1757804142
|gametype|singles
|player|p1|Topinambour|ghetsis|1262
|player|p2|Sacred Quill|clerk|1251
|gen|9
|tier|[Gen 9] OU
|rated|
|rule|HP Percentage Mod: HP is shown in percentages
|rule|Endless Battle Clause: Forcing endless battles is banned
|rule|Species Clause: Limit one of each Pokémon
|rule|OHKO Clause: OHKO moves are banned
|rule|Evasion Items Clause: Evasion items are banned
|rule|Evasion Moves Clause: Evasion moves are banned
|rule|Evasion Abilities Clause: Evasion abilities are banned
|rule|Sleep Moves Clause: Sleep-inducing moves are banned
|clearpoke
|poke|p1|Blaziken, M|
|poke|p1|Great Tusk|
|poke|p1|Ogerpon-Wellspring, F|
|poke|p1|Corviknight, F|
|poke|p1|Dragapult, M|
|poke|p1|Darkrai|
|poke|p2|Araquanid, M|
|poke|p2|Weavile, M|
|poke|p2|Gliscor, F|
|poke|p2|Pecharunt|
|poke|p2|Rotom-Wash|
|poke|p2|Donphan, M|
|teampreview
|
|t:|1757804153
|teamsize|p1|6
|teamsize|p2|6
|start
|switch|p1a: Dragapult|Dragapult, M|100/100
|switch|p2a: Araquanid|Araquanid, M|100/100
|turn|1
|
|t:|1757804157
|move|p1a: Dragapult|Thunderbolt|p2a: Araquanid
|-supereffective|p2a: Araquanid
|-damage|p2a: Araquanid|48/100
|-damage|p1a: Dragapult|91/100|[from] item: Life Orb
|move|p2a: Araquanid|Sticky Web|p1a: Dragapult
|-sidestart|p1: Topinambour|move: Sticky Web
|
|upkeep
|turn|2
|
|t:|1757804163
|switch|p2a: Rotom|Rotom-Wash, shiny|100/100
|move|p1a: Dragapult|Thunderbolt|p2a: Rotom
|-damage|p2a: Rotom|67/100
|-damage|p1a: Dragapult|81/100|[from] item: Life Orb
|
|-heal|p2a: Rotom|73/100|[from] item: Leftovers
|upkeep
|turn|3
|
|t:|1757804171
|move|p1a: Dragapult|Dragon Darts|p2a: Rotom
|-damage|p2a: Rotom|53/100
|-anim|p1a: Dragapult|Dragon Darts|p2a: Rotom
|-damage|p2a: Rotom|31/100
|-damage|p1a: Dragapult|71/100|[from] item: Life Orb
|move|p2a: Rotom|Will-O-Wisp|p1a: Dragapult
|-status|p1a: Dragapult|brn
|
|-heal|p2a: Rotom|38/100|[from] item: Leftovers
|-damage|p1a: Dragapult|65/100 brn|[from] brn
|upkeep
|turn|4
|
|t:|1757804180
|move|p1a: Dragapult|Shadow Ball|p2a: Rotom
|-damage|p2a: Rotom|0 fnt
|faint|p2a: Rotom
|-damage|p1a: Dragapult|55/100 brn|[from] item: Life Orb
|
|-damage|p1a: Dragapult|49/100 brn|[from] brn
|upkeep
|
|t:|1757804199
|switch|p2a: Weavile|Weavile, M|100/100
|-ability|p2a: Weavile|Pressure
|turn|5
|
|t:|1757804209
|switch|p1a: Corviknight|Corviknight, F|100/100
|move|p2a: Weavile|Knock Off|p1a: Corviknight
|-damage|p1a: Corviknight|60/100
|-enditem|p1a: Corviknight|Leftovers|[from] move: Knock Off|[of] p2a: Weavile
|
|upkeep
|turn|6
|
|t:|1757804215
|move|p2a: Weavile|Swords Dance|p2a: Weavile
|-boost|p2a: Weavile|atk|2
|move|p1a: Corviknight|Roost|p1a: Corviknight
|-heal|p1a: Corviknight|100/100
|-singleturn|p1a: Corviknight|move: Roost
|
|upkeep
|turn|7
|
|t:|1757804218
|move|p2a: Weavile|Triple Axel|p1a: Corviknight
|-damage|p1a: Corviknight|83/100
|-damage|p1a: Corviknight|53/100
|-damage|p1a: Corviknight|8/100
|-hitcount|p1a: Corviknight|3
|move|p1a: Corviknight|Defog|p2a: Weavile
|-unboost|p2a: Weavile|evasion|1
|-sideend|p1: Topinambour|Sticky Web|[from] move: Defog|[of] p1a: Corviknight
|
|upkeep
|turn|8
|
|t:|1757804225
|move|p2a: Weavile|Knock Off|p1a: Corviknight
|-damage|p1a: Corviknight|0 fnt
|faint|p1a: Corviknight
|
|upkeep
|
|t:|1757804231
|switch|p1a: Blaziken|Blaziken, M|100/100
|turn|9
|
|t:|1757804238
|switch|p2a: Gliscor|Gliscor, F|100/100
|move|p1a: Blaziken|Close Combat|p2a: Gliscor
|-resisted|p2a: Gliscor
|-damage|p2a: Gliscor|77/100
|-unboost|p1a: Blaziken|def|1
|-unboost|p1a: Blaziken|spd|1
|
|-ability|p1a: Blaziken|Speed Boost|boost
|-boost|p1a: Blaziken|spe|1
|-status|p2a: Gliscor|tox|[from] item: Toxic Orb
|upkeep
|turn|10
|
|t:|1757804247
|switch|p1a: Ogerpon|Ogerpon-Wellspring, F|100/100
|move|p2a: Gliscor|Toxic|p1a: Ogerpon
|-status|p1a: Ogerpon|tox
|
|-damage|p1a: Ogerpon|95/100 tox|[from] psn
|-heal|p2a: Gliscor|89/100 tox|[from] ability: Poison Heal
|upkeep
|turn|11
|
|t:|1757804256
|move|p2a: Gliscor|Protect|p2a: Gliscor
|-singleturn|p2a: Gliscor|Protect
|move|p1a: Ogerpon|Power Whip|p2a: Gliscor
|-activate|p2a: Gliscor|move: Protect
|
|-damage|p1a: Ogerpon|83/100 tox|[from] psn
|-heal|p2a: Gliscor|100/100 tox|[from] ability: Poison Heal
|upkeep
|turn|12
|
|t:|1757804261
|move|p1a: Ogerpon|Ivy Cudgel|p2a: Gliscor|[anim] Ivy Cudgel Water
|-supereffective|p2a: Gliscor
|-damage|p2a: Gliscor|1/100 tox
|move|p2a: Gliscor|Knock Off|p1a: Ogerpon
|-damage|p1a: Ogerpon|63/100 tox
|
|-damage|p1a: Ogerpon|45/100 tox|[from] psn
|-heal|p2a: Gliscor|14/100 tox|[from] ability: Poison Heal
|upkeep
|turn|13
|inactive|Battle timer is ON: inactive players will automatically lose when time's up. (requested by Topinambour)
|
|t:|1757804269
|switch|p1a: Dragapult|Dragapult, M|49/100 brn
|move|p2a: Gliscor|Protect||[still]
|-fail|p2a: Gliscor
|
|-heal|p2a: Gliscor|26/100 tox|[from] ability: Poison Heal
|-damage|p1a: Dragapult|43/100 brn|[from] brn
|upkeep
|turn|14
|
|t:|1757804276
|move|p2a: Gliscor|Protect|p2a: Gliscor
|-singleturn|p2a: Gliscor|Protect
|move|p1a: Dragapult|Shadow Ball|p2a: Gliscor
|-activate|p2a: Gliscor|move: Protect
|
|-heal|p2a: Gliscor|39/100 tox|[from] ability: Poison Heal
|-damage|p1a: Dragapult|37/100 brn|[from] brn
|upkeep
|turn|15
|
|t:|1757804283
|switch|p2a: Weavile|Weavile, M|100/100
|-ability|p2a: Weavile|Pressure
|move|p1a: Dragapult|Shadow Ball|p2a: Weavile
|-resisted|p2a: Weavile
|-damage|p2a: Weavile|67/100
|-damage|p1a: Dragapult|28/100 brn|[from] item: Life Orb
|
|-damage|p1a: Dragapult|22/100 brn|[from] brn
|upkeep
|turn|16
|
|t:|1757804288
|move|p2a: Weavile|Ice Shard|p1a: Dragapult
|-supereffective|p1a: Dragapult
|-damage|p1a: Dragapult|0 fnt
|faint|p1a: Dragapult
|
|upkeep
|
|t:|1757804292
|switch|p1a: Blaziken|Blaziken, M|100/100
|turn|17
|
|t:|1757804298
|switch|p2a: Donphan|Donphan, M, shiny|100/100
|move|p1a: Blaziken|Swords Dance|p1a: Blaziken
|-boost|p1a: Blaziken|atk|2
|
|-ability|p1a: Blaziken|Speed Boost|boost
|-boost|p1a: Blaziken|spe|1
|upkeep
|turn|18
|
|t:|1757804303
|move|p1a: Blaziken|Close Combat|p2a: Donphan
|-damage|p2a: Donphan|30/100
|-unboost|p1a: Blaziken|def|1
|-unboost|p1a: Blaziken|spd|1
|move|p2a: Donphan|Earthquake|p1a: Blaziken
|-supereffective|p1a: Blaziken
|-enditem|p1a: Blaziken|Focus Sash
|-damage|p1a: Blaziken|1/100
|
|-heal|p2a: Donphan|36/100|[from] item: Leftovers
|-ability|p1a: Blaziken|Speed Boost|boost
|-boost|p1a: Blaziken|spe|1
|upkeep
|turn|19
|
|t:|1757804315
|move|p1a: Blaziken|Upper Hand||[still]
|-fail|p1a: Blaziken
|move|p2a: Donphan|Stealth Rock|p1a: Blaziken
|-sidestart|p1: Topinambour|move: Stealth Rock
|
|-heal|p2a: Donphan|42/100|[from] item: Leftovers
|-ability|p1a: Blaziken|Speed Boost|boost
|-boost|p1a: Blaziken|spe|1
|upkeep
|turn|20
|
|t:|1757804320
|move|p1a: Blaziken|Close Combat|p2a: Donphan
|-damage|p2a: Donphan|0 fnt
|-unboost|p1a: Blaziken|def|1
|-unboost|p1a: Blaziken|spd|1
|faint|p2a: Donphan
|
|-ability|p1a: Blaziken|Speed Boost|boost
|-boost|p1a: Blaziken|spe|1
|upkeep
|
|t:|1757804322
|switch|p2a: Weavile|Weavile, M|67/100
|-ability|p2a: Weavile|Pressure
|turn|21
|
|t:|1757804327
|move|p2a: Weavile|Ice Shard|p1a: Blaziken
|-resisted|p1a: Blaziken
|-damage|p1a: Blaziken|0 fnt
|faint|p1a: Blaziken
|
|upkeep
|
|t:|1757804332
|switch|p1a: Darkrai|Darkrai|100/100
|-damage|p1a: Darkrai|88/100|[from] Stealth Rock
|turn|22
|
|t:|1757804341
|move|p1a: Darkrai|Dark Pulse|p2a: Weavile
|-resisted|p2a: Weavile
|-damage|p2a: Weavile|22/100
|move|p2a: Weavile|Triple Axel|p1a: Darkrai
|-damage|p1a: Darkrai|75/100
|-damage|p1a: Darkrai|46/100
|-damage|p1a: Darkrai|9/100
|-hitcount|p1a: Darkrai|3
|
|upkeep
|turn|23
|
|t:|1757804351
|move|p2a: Weavile|Ice Shard|p1a: Darkrai
|-damage|p1a: Darkrai|0 fnt
|faint|p1a: Darkrai
|
|upkeep
|
|t:|1757804353
|switch|p1a: Great Tusk|Great Tusk|100/100
|-damage|p1a: Great Tusk|98/100|[from] Stealth Rock
|turn|24
|
|t:|1757804358
|-terastallize|p1a: Great Tusk|Ghost
|move|p2a: Weavile|Triple Axel|p1a: Great Tusk
|-crit|p1a: Great Tusk
|-damage|p1a: Great Tusk|87/100
|-damage|p2a: Weavile|6/100|[from] item: Rocky Helmet|[of] p1a: Great Tusk
|-damage|p1a: Great Tusk|74/100
|-damage|p2a: Weavile|0 fnt|[from] item: Rocky Helmet|[of] p1a: Great Tusk
|faint|p2a: Weavile
|-hitcount|p1a: Great Tusk|2
|move|p1a: Great Tusk|Rapid Spin|p2: Weavile|[notarget]
|-fail|p1a: Great Tusk
|
|upkeep
|
|t:|1757804374
|switch|p2a: Araquanid|Araquanid, M|48/100
|turn|25
|
|t:|1757804386
|-end|p1a: Great Tusk|Protosynthesis|[silent]
|switch|p1a: Ogerpon|Ogerpon-Wellspring, F|45/100 tox
|-damage|p1a: Ogerpon|32/100 tox|[from] Stealth Rock
|move|p2a: Araquanid|Surf|p1a: Ogerpon
|-heal|p1a: Ogerpon|57/100 tox|[from] ability: Water Absorb|[of] p2a: Araquanid
|
|-damage|p1a: Ogerpon|51/100 tox|[from] psn
|upkeep
|turn|26
|
|t:|1757804395
|move|p1a: Ogerpon|Power Whip|p2a: Araquanid
|-damage|p2a: Araquanid|0 fnt
|faint|p2a: Araquanid
|
|-damage|p1a: Ogerpon|39/100 tox|[from] psn
|upkeep
|
|t:|1757804402
|switch|p2a: Pecharunt|Pecharunt|100/100
|turn|27
|
|t:|1757804410
|move|p1a: Ogerpon|Ivy Cudgel|p2a: Pecharunt|[anim] Ivy Cudgel Water
|-damage|p2a: Pecharunt|55/100
|move|p2a: Pecharunt|Nasty Plot|p2a: Pecharunt
|-boost|p2a: Pecharunt|spa|2
|
|-damage|p1a: Ogerpon|21/100 tox|[from] psn
|upkeep
|turn|28
|
|t:|1757804419
|move|p1a: Ogerpon|Encore|p2a: Pecharunt
|-start|p2a: Pecharunt|Encore
|move|p2a: Pecharunt|Nasty Plot|p2a: Pecharunt
|-boost|p2a: Pecharunt|spa|2
|
|-damage|p1a: Ogerpon|0 fnt|[from] psn
|faint|p1a: Ogerpon
|upkeep
|
|t:|1757804421
|switch|p1a: Great Tusk|Great Tusk, tera:Ghost|74/100
|-damage|p1a: Great Tusk|62/100|[from] Stealth Rock
|turn|29
|
|t:|1757804432
|-terastallize|p2a: Pecharunt|Ghost
|move|p2a: Pecharunt|Nasty Plot|p2a: Pecharunt
|-boost|p2a: Pecharunt|spa|2
|move|p1a: Great Tusk|Headlong Rush|p2a: Pecharunt
|-damage|p2a: Pecharunt|20/100
|-unboost|p1a: Great Tusk|def|1
|-unboost|p1a: Great Tusk|spd|1
|
|upkeep
|turn|30
|
|t:|1757804440
|switch|p2a: Gliscor|Gliscor, F|39/100 tox
|move|p1a: Great Tusk|Headlong Rush|p2a: Gliscor
|-immune|p2a: Gliscor
|
|-heal|p2a: Gliscor|51/100 tox|[from] ability: Poison Heal
|upkeep
|turn|31
|
|t:|1757804446
|move|p2a: Gliscor|Protect|p2a: Gliscor
|-singleturn|p2a: Gliscor|Protect
|move|p1a: Great Tusk|Ice Spinner|p2a: Gliscor
|-activate|p2a: Gliscor|move: Protect
|
|-heal|p2a: Gliscor|64/100 tox|[from] ability: Poison Heal
|upkeep
|turn|32
|
|t:|1757804448
|move|p1a: Great Tusk|Ice Spinner|p2a: Gliscor
|-supereffective|p2a: Gliscor
|-damage|p2a: Gliscor|0 fnt
|faint|p2a: Gliscor
|
|upkeep
|
|t:|1757804451
|switch|p2a: Pecharunt|Pecharunt, tera:Ghost|20/100
|turn|33
|
|t:|1757804453
|move|p2a: Pecharunt|Recover|p2a: Pecharunt
|-heal|p2a: Pecharunt|71/100
|move|p1a: Great Tusk|Headlong Rush|p2a: Pecharunt
|-damage|p2a: Pecharunt|35/100
|-unboost|p1a: Great Tusk|def|1
|-unboost|p1a: Great Tusk|spd|1
|
|upkeep
|turn|34
|
|t:|1757804458
|move|p2a: Pecharunt|Recover|p2a: Pecharunt
|-heal|p2a: Pecharunt|85/100
|move|p1a: Great Tusk|Headlong Rush|p2a: Pecharunt
|-damage|p2a: Pecharunt|51/100
|-unboost|p1a: Great Tusk|def|1
|-unboost|p1a: Great Tusk|spd|1
|
|upkeep
|turn|35
|
|t:|1757804460
|move|p2a: Pecharunt|Recover|p2a: Pecharunt
|-heal|p2a: Pecharunt|100/100
|move|p1a: Great Tusk|Headlong Rush|p2a: Pecharunt
|-damage|p2a: Pecharunt|65/100
|-unboost|p1a: Great Tusk|def|1
|-unboost|p1a: Great Tusk|spd|1
|
|upkeep
|turn|36
|
|t:|1757804464
|move|p2a: Pecharunt|Recover|p2a: Pecharunt
|-heal|p2a: Pecharunt|100/100
|move|p1a: Great Tusk|Headlong Rush|p2a: Pecharunt
|-damage|p2a: Pecharunt|65/100
|-unboost|p1a: Great Tusk|def|1
|-unboost|p1a: Great Tusk|spd|1
|
|upkeep
|turn|37
|
|t:|1757804469
|move|p2a: Pecharunt|Hex|p1a: Great Tusk
|-supereffective|p1a: Great Tusk
|-damage|p1a: Great Tusk|0 fnt
|faint|p1a: Great Tusk
|-end|p1a: Great Tusk|Protosynthesis|[silent]
|
|win|Sacred Quill
|raw|Topinambour's rating: 1262 &rarr; <strong>1236</strong><br />(-26 for losing)
|raw|Sacred Quill's rating: 1251 &rarr; <strong>1277</strong><br />(+26 for winning)
|l|☆Topinambour
|player|p1|
