|j|☆ZeNiN_K1
|j|☆Dbsufjeudud
|t:|1757883971
|gametype|singles
|player|p1|ZeNiN_K1|acetrainer-gen4|1000
|player|p2|Dbsufjeudud|102|1000
|gen|9
|tier|[Gen 9] OU
|rated|
|rule|HP Percentage Mod: HP is shown in percentages
|rule|Endless Battle Clause: Forcing endless battles is banned
|rule|Species Clause: Limit one of each Pokémon
|rule|OHKO Clause: OHKO moves are banned
|rule|Evasion Items Clause: Evasion items are banned
|rule|Evasion Moves Clause: Evasion moves are banned
|rule|Evasion Abilities Clause: Evasion abilities are banned
|rule|Sleep Moves Clause: Sleep-inducing moves are banned
|clearpoke
|poke|p1|Zamazenta-*|
|poke|p1|Ninetales-Alola, F|
|poke|p1|Darkrai|
|poke|p1|Ceruledge, F|
|poke|p1|Gliscor, M|
|poke|p1|Hatterene, F|
|poke|p2|Scizor, M|
|poke|p2|Garchomp, F|
|poke|p2|Gengar, F|
|poke|p2|Corviknight, F|
|poke|p2|Slowking-Galar, F|
|poke|p2|Milotic, M|
|teampreview
|inactive|Battle timer is ON: inactive players will automatically lose when time's up. (requested by Dbsufjeudud)
|
|t:|1757883999
|teamsize|p1|6
|teamsize|p2|6
|start
|switch|p1a: Ceruledge|Ceruledge, F|100/100
|switch|p2a: Scizor|Scizor, M|100/100
|turn|1
|
|t:|1757884014
|switch|p2a: Milotic|Milotic, M|100/100
|move|p1a: Ceruledge|Bulk Up|p1a: Ceruledge
|-boost|p1a: Ceruledge|atk|1
|-boost|p1a: Ceruledge|def|1
|
|-status|p2a: Milotic|brn|[from] item: Flame Orb
|upkeep
|turn|2
|
|t:|1757884030
|switch|p1a: Ninetales|Ninetales-Alola, F|100/100
|-weather|Snowscape|[from] ability: Snow Warning|[of] p1a: Ninetales
|move|p2a: Milotic|Dragon Tail|p1a: Ninetales
|-immune|p1a: Ninetales
|
|-weather|Snowscape|[upkeep]
|-damage|p2a: Milotic|94/100 brn|[from] brn
|upkeep
|turn|3
|
|t:|1757884040
|switch|p2a: Slowking|Slowking-Galar, F|100/100
|move|p1a: Ninetales|Aurora Veil|p1a: Ninetales
|-sidestart|p1: ZeNiN_K1|move: Aurora Veil
|
|-weather|Snowscape|[upkeep]
|upkeep
|turn|4
|
|t:|1757884059
|switch|p1a: Hatterene|Hatterene, F|100/100
|move|p2a: Slowking|Future Sight|p1a: Hatterene
|-start|p2a: Slowking|move: Future Sight
|
|-weather|Snowscape|[upkeep]
|upkeep
|turn|5
|
|t:|1757884064
|move|p1a: Hatterene|Nuzzle|p2a: Slowking
|-damage|p2a: Slowking|96/100
|-status|p2a: Slowking|par
|move|p2a: Slowking|Sludge Bomb|p1a: Hatterene
|-supereffective|p1a: Hatterene
|-damage|p1a: Hatterene|77/100
|
|-weather|Snowscape|[upkeep]
|upkeep
|turn|6
|
|t:|1757884077
|switch|p1a: Ceruledge|Ceruledge, F|100/100
|move|p2a: Slowking|Sludge Bomb|p1a: Ceruledge
|-resisted|p1a: Ceruledge
|-damage|p1a: Ceruledge|94/100
|
|-weather|none
|-end|p1a: Ceruledge|move: Future Sight
|-damage|p1a: Ceruledge|74/100
|upkeep
|turn|7
|
|t:|1757884085
|switch|p2a: Milotic|Milotic, M|94/100 brn
|move|p1a: Ceruledge|Bulk Up|p1a: Ceruledge
|-boost|p1a: Ceruledge|atk|1
|-boost|p1a: Ceruledge|def|1
|
|-damage|p2a: Milotic|88/100 brn|[from] brn
|upkeep
|turn|8
|
|t:|1757884090
|move|p1a: Ceruledge|Bulk Up|p1a: Ceruledge
|-boost|p1a: Ceruledge|atk|1
|-boost|p1a: Ceruledge|def|1
|move|p2a: Milotic|Scald|p1a: Ceruledge
|-supereffective|p1a: Ceruledge
|-damage|p1a: Ceruledge|51/100
|
|-damage|p2a: Milotic|82/100 brn|[from] brn
|upkeep
|turn|9
|
|t:|1757884102
|move|p1a: Ceruledge|Shadow Sneak|p2a: Milotic
|-damage|p2a: Milotic|62/100 brn
|move|p2a: Milotic|Scald|p1a: Ceruledge
|-supereffective|p1a: Ceruledge
|-damage|p1a: Ceruledge|28/100
|
|-damage|p2a: Milotic|56/100 brn|[from] brn
|upkeep
|turn|10
|
|t:|1757884107
|move|p1a: Ceruledge|Bitter Blade|p2a: Milotic
|-resisted|p2a: Milotic
|-damage|p2a: Milotic|36/100 brn
|-heal|p1a: Ceruledge|39/100|[from] drain|[of] p2a: Milotic
|move|p2a: Milotic|Recover|p2a: Milotic
|-heal|p2a: Milotic|86/100 brn
|
|-damage|p2a: Milotic|79/100 brn|[from] brn
|-sideend|p1: ZeNiN_K1|move: Aurora Veil
|upkeep
|turn|11
|
|t:|1757884118
|switch|p1a: Ninetales|Ninetales-Alola, F|100/100
|-weather|Snowscape|[from] ability: Snow Warning|[of] p1a: Ninetales
|move|p2a: Milotic|Scald|p1a: Ninetales
|-damage|p1a: Ninetales|70/100
|
|-weather|Snowscape|[upkeep]
|-damage|p2a: Milotic|73/100 brn|[from] brn
|upkeep
|turn|12
|
|t:|1757884125
|switch|p2a: Scizor|Scizor, M|100/100
|move|p1a: Ninetales|Aurora Veil|p1a: Ninetales
|-sidestart|p1: ZeNiN_K1|move: Aurora Veil
|
|-weather|Snowscape|[upkeep]
|upkeep
|turn|13
|inactive|ZeNiN_K1 has 120 seconds left.
|
|t:|1757884164
|switch|p1a: Ceruledge|Ceruledge, F|39/100
|move|p2a: Scizor|U-turn|p1a: Ceruledge
|-resisted|p1a: Ceruledge
|-damage|p1a: Ceruledge|34/100
|
|t:|1757884179
|switch|p2a: Milotic|Milotic, M|73/100 brn|[from] U-turn
|
|-weather|Snowscape|[upkeep]
|-damage|p2a: Milotic|67/100 brn|[from] brn
|upkeep
|turn|14
|raw|<div class="broadcast-red"><b>The server is restarting soon.</b><br />Please finish your battles quickly. No new battles can be started until the server resets in a few minutes.</div>
|inactive|staff also wants the timer to be on.
|raw|<div class="broadcast-red"><b>Moderated chat was set to +!</b><br />Only users of rank + and higher can talk.</div>
|
|t:|1757884182
|move|p1a: Ceruledge|Taunt|p2a: Milotic
|-start|p2a: Milotic|move: Taunt
|move|p2a: Milotic|Scald|p1a: Ceruledge
|-supereffective|p1a: Ceruledge
|-damage|p1a: Ceruledge|10/100
|
|-weather|Snowscape|[upkeep]
|-damage|p2a: Milotic|61/100 brn|[from] brn
|upkeep
|turn|15
|
|t:|1757884201
|switch|p1a: Darkrai|Darkrai|100/100
|move|p2a: Milotic|Scald|p1a: Darkrai
|-damage|p1a: Darkrai|81/100
|
|-weather|none
|-heal|p1a: Darkrai|87/100|[from] item: Leftovers
|-damage|p2a: Milotic|55/100 brn|[from] brn
|upkeep
|turn|16
|
|t:|1757884218
|switch|p2a: Slowking|Slowking-Galar, F|100/100 par
|move|p1a: Darkrai|Nasty Plot|p1a: Darkrai
|-boost|p1a: Darkrai|spa|2
|
|-heal|p1a: Darkrai|93/100|[from] item: Leftovers
|upkeep
|turn|17
|
|t:|1757884235
|-terastallize|p2a: Slowking|Poison
|move|p1a: Darkrai|Dark Pulse|p2a: Slowking
|-damage|p2a: Slowking|64/100 par
|cant|p2a: Slowking|flinch
|
|-heal|p1a: Darkrai|99/100|[from] item: Leftovers
|upkeep
|turn|18
|
|t:|1757884248
|switch|p2a: Scizor|Scizor, M|100/100
|move|p1a: Darkrai|Dark Pulse|p2a: Scizor
|-damage|p2a: Scizor|10/100
|
|-heal|p1a: Darkrai|100/100|[from] item: Leftovers
|upkeep
|turn|19
|
|t:|1757884256
|move|p2a: Scizor|Bullet Punch|p1a: Darkrai
|-damage|p1a: Darkrai|84/100
|move|p1a: Darkrai|Dark Pulse|p2a: Scizor
|-damage|p2a: Scizor|0 fnt
|faint|p2a: Scizor
|
|-heal|p1a: Darkrai|90/100|[from] item: Leftovers
|-sideend|p1: ZeNiN_K1|move: Aurora Veil
|upkeep
|inactive|Dbsufjeudud has 120 seconds left.
|
|t:|1757884282
|switch|p2a: Garchomp|Garchomp, F|100/100
|turn|20
|inactive|Dbsufjeudud has 120 seconds left.
|
|t:|1757884287
|move|p2a: Garchomp|Earthquake|p1a: Darkrai
|-damage|p1a: Darkrai|16/100
|move|p1a: Darkrai|Ice Beam|p2a: Garchomp
|-supereffective|p2a: Garchomp
|-damage|p2a: Garchomp|0 fnt
|faint|p2a: Garchomp
|
|-heal|p1a: Darkrai|22/100|[from] item: Leftovers
|upkeep
|inactive|Dbsufjeudud has 120 seconds left.
|
|t:|1757884295
|switch|p2a: Milotic|Milotic, M|55/100 brn
|turn|21
|
|t:|1757884309
|move|p1a: Darkrai|Dark Pulse|p2a: Milotic
|-damage|p2a: Milotic|0 fnt
|faint|p2a: Milotic
|
|-heal|p1a: Darkrai|28/100|[from] item: Leftovers
|upkeep
|
|t:|1757884313
|switch|p2a: Gengar|Gengar, F|100/100
|turn|22
|
|t:|1757884317
|move|p1a: Darkrai|Dark Pulse|p2a: Gengar
|-supereffective|p2a: Gengar
|-damage|p2a: Gengar|0 fnt
|-start|p1a: Darkrai|Disable|Dark Pulse|[from] ability: Cursed Body|[of] p2a: Gengar
|faint|p2a: Gengar
|
|-heal|p1a: Darkrai|34/100|[from] item: Leftovers
|upkeep
|
|t:|1757884319
|switch|p2a: Slowking|Slowking-Galar, F, tera:Poison|98/100 par
|turn|23
|
|t:|1757884322
|move|p1a: Darkrai|Psyshock|p2a: Slowking
|-supereffective|p2a: Slowking
|-damage|p2a: Slowking|0 fnt
|faint|p2a: Slowking
|
|-heal|p1a: Darkrai|40/100|[from] item: Leftovers
|upkeep
|
|t:|1757884324
|switch|p2a: Corviknight|Corviknight, F|100/100
|-ability|p2a: Corviknight|Pressure
|turn|24
|
|t:|1757884330
|move|p1a: Darkrai|Ice Beam|p2a: Corviknight
|-damage|p2a: Corviknight|39/100
|move|p2a: Corviknight|Body Press|p1a: Darkrai
|-supereffective|p1a: Darkrai
|-damage|p1a: Darkrai|0 fnt
|faint|p1a: Darkrai
|
|upkeep
|
|t:|1757884337
|switch|p1a: Ceruledge|Ceruledge, F|10/100
|turn|25
|-message|Dbsufjeudud forfeited.
|
|win|ZeNiN_K1
|raw|ZeNiN_K1's rating: 1000 &rarr; <strong>1040</strong><br />(+40 for winning)
|raw|Dbsufjeudud's rating: 1000 &rarr; <strong>1000</strong><br />(+0 for losing)
|l|☆Dbsufjeudud
|player|p2|
