|j|☆LT02
|j|☆rooberto.perezz
|t:|1757927628
|gametype|singles
|player|p1|LT02|101|1204
|player|p2|rooberto.perezz|2|1170
|gen|9
|tier|[Gen 9] OU
|rated|
|rule|HP Percentage Mod: HP is shown in percentages
|rule|Endless Battle Clause: Forcing endless battles is banned
|rule|Species Clause: Limit one of each Pokémon
|rule|OHKO Clause: OHKO moves are banned
|rule|Evasion Items Clause: Evasion items are banned
|rule|Evasion Moves Clause: Evasion moves are banned
|rule|Evasion Abilities Clause: Evasion abilities are banned
|rule|Sleep Moves Clause: Sleep-inducing moves are banned
|clearpoke
|poke|p1|Porygon-Z|
|poke|p1|Rillaboom, F|
|poke|p1|Iron Moth|
|poke|p1|Great Tusk|
|poke|p1|Alomomola, M|
|poke|p1|Grimmsnarl, M|
|poke|p2|Slaking, M|
|poke|p2|Inteleon, F|
|poke|p2|Dragapult, M|
|poke|p2|Great Tusk|
|poke|p2|Umbreon, M|
|poke|p2|Scizor, F|
|teampreview
|inactive|Battle timer is ON: inactive players will automatically lose when time's up. (requested by LT02)
|
|t:|1757927638
|teamsize|p1|6
|teamsize|p2|6
|start
|switch|p1a: Iron Moth|Iron Moth|100/100
|switch|p2a: Scizor|Scizor, F|100/100
|turn|1
|
|t:|1757927646
|-terastallize|p2a: Scizor|Flying
|move|p1a: Iron Moth|Fiery Dance|p2a: Scizor
|-damage|p2a: Scizor|52/100
|move|p2a: Scizor|Dual Wingbeat|p1a: Iron Moth|[miss]
|-miss|p2a: Scizor|p1a: Iron Moth
|
|upkeep
|turn|2
|
|t:|1757927663
|-end|p1a: Iron Moth|Quark Drive|[silent]
|switch|p1a: Alomomola|Alomomola, M|100/100
|move|p2a: Scizor|Dual Wingbeat|p1a: Alomomola
|-damage|p1a: Alomomola|78/100
|-damage|p2a: Scizor|36/100|[from] item: Rocky Helmet|[of] p1a: Alomomola
|-damage|p1a: Alomomola|53/100
|-damage|p2a: Scizor|19/100|[from] item: Rocky Helmet|[of] p1a: Alomomola
|-hitcount|p1a: Alomomola|2
|-damage|p2a: Scizor|9/100|[from] item: Life Orb
|
|upkeep
|turn|3
|
|t:|1757927674
|move|p2a: Scizor|Bullet Punch|p1a: Alomomola
|-resisted|p1a: Alomomola
|-damage|p1a: Alomomola|41/100
|-damage|p2a: Scizor|0 fnt|[from] item: Rocky Helmet|[of] p1a: Alomomola
|faint|p2a: Scizor
|move|p1a: Alomomola|Wish|p1a: Alomomola
|
|upkeep
|
|t:|1757927681
|switch|p2a: Dragapult|Dragapult, M|100/100
|turn|4
|
|t:|1757927688
|switch|p1a: Grimmsnarl|Grimmsnarl, M|100/100
|move|p2a: Dragapult|Thunderbolt|p1a: Grimmsnarl
|-damage|p1a: Grimmsnarl|71/100
|
|-heal|p1a: Grimmsnarl|100/100|[from] move: Wish|[wisher] Alomomola
|upkeep
|turn|5
|
|t:|1757927699
|switch|p2a: Great Tusk|Great Tusk|100/100
|-enditem|p2a: Great Tusk|Booster Energy
|-activate|p2a: Great Tusk|ability: Protosynthesis|[fromitem]
|-start|p2a: Great Tusk|protosynthesisatk
|move|p1a: Grimmsnarl|Crunch|p2a: Great Tusk
|-resisted|p2a: Great Tusk
|-damage|p2a: Great Tusk|91/100
|
|upkeep
|turn|6
|
|t:|1757927711
|switch|p1a: Rillaboom|Rillaboom, F|100/100
|-fieldstart|move: Grassy Terrain|[from] ability: Grassy Surge|[of] p1a: Rillaboom
|move|p2a: Great Tusk|Headlong Rush|p1a: Rillaboom
|-resisted|p1a: Rillaboom
|-damage|p1a: Rillaboom|63/100
|-unboost|p2a: Great Tusk|def|1
|-unboost|p2a: Great Tusk|spd|1
|
|-heal|p2a: Great Tusk|97/100|[from] Grassy Terrain
|-heal|p1a: Rillaboom|69/100|[from] Grassy Terrain
|upkeep
|turn|7
|
|t:|1757927727
|-end|p2a: Great Tusk|Protosynthesis|[silent]
|switch|p2a: Inteleon|Inteleon, F|100/100
|move|p1a: Rillaboom|Grassy Glide|p2a: Inteleon
|-supereffective|p2a: Inteleon
|-damage|p2a: Inteleon|0 fnt
|faint|p2a: Inteleon
|
|-heal|p1a: Rillaboom|75/100|[from] Grassy Terrain
|upkeep
|
|t:|1757927737
|switch|p2a: Dragapult|Dragapult, M|100/100
|turn|8
|
|t:|1757927748
|switch|p1a: Grimmsnarl|Grimmsnarl, M|100/100
|move|p2a: Dragapult|Fire Blast|p1a: Grimmsnarl|[miss]
|-miss|p2a: Dragapult|p1a: Grimmsnarl
|
|upkeep
|turn|9
|
|t:|1757927763
|move|p1a: Grimmsnarl|Bulk Up|p1a: Grimmsnarl
|-boost|p1a: Grimmsnarl|atk|1
|-boost|p1a: Grimmsnarl|def|1
|move|p2a: Dragapult|Fire Blast|p1a: Grimmsnarl
|-damage|p1a: Grimmsnarl|62/100
|
|-heal|p1a: Grimmsnarl|68/100|[from] Grassy Terrain
|upkeep
|turn|10
|
|t:|1757927771
|move|p1a: Grimmsnarl|Sucker Punch|p2a: Dragapult
|-supereffective|p2a: Dragapult
|-damage|p2a: Dragapult|0 fnt
|faint|p2a: Dragapult
|
|-heal|p1a: Grimmsnarl|74/100|[from] Grassy Terrain
|-fieldend|move: Grassy Terrain
|upkeep
|
|t:|1757927779
|switch|p2a: Slaking|Slaking, M|100/100
|turn|11
|
|t:|1757927784
|-terastallize|p1a: Grimmsnarl|Steel
|move|p1a: Grimmsnarl|Bulk Up|p1a: Grimmsnarl
|-boost|p1a: Grimmsnarl|atk|1
|-boost|p1a: Grimmsnarl|def|1
|move|p2a: Slaking|Giga Impact|p1a: Grimmsnarl
|-resisted|p1a: Grimmsnarl
|-damage|p1a: Grimmsnarl|46/100
|-mustrecharge|p2a: Slaking
|
|upkeep
|turn|12
|
|t:|1757927792
|cant|p2a: Slaking|recharge
|move|p1a: Grimmsnarl|Drain Punch|p2a: Slaking
|-supereffective|p2a: Slaking
|-damage|p2a: Slaking|28/100
|-heal|p1a: Grimmsnarl|89/100|[from] drain|[of] p2a: Slaking
|
|-heal|p2a: Slaking|35/100|[from] item: Leftovers
|upkeep
|turn|13
|
|t:|1757927800
|move|p1a: Grimmsnarl|Sucker Punch|p2a: Slaking
|-damage|p2a: Slaking|0 fnt
|faint|p2a: Slaking
|
|upkeep
|
|t:|1757927804
|switch|p2a: Great Tusk|Great Tusk|97/100
|turn|14
|
|t:|1757927808
|switch|p1a: Rillaboom|Rillaboom, F|75/100
|-fieldstart|move: Grassy Terrain|[from] ability: Grassy Surge|[of] p1a: Rillaboom
|move|p2a: Great Tusk|Headlong Rush|p1a: Rillaboom
|-resisted|p1a: Rillaboom
|-damage|p1a: Rillaboom|43/100
|-unboost|p2a: Great Tusk|def|1
|-unboost|p2a: Great Tusk|spd|1
|
|-heal|p2a: Great Tusk|100/100|[from] Grassy Terrain
|-heal|p1a: Rillaboom|49/100|[from] Grassy Terrain
|upkeep
|turn|15
|
|t:|1757927819
|move|p1a: Rillaboom|Grassy Glide|p2a: Great Tusk
|-supereffective|p2a: Great Tusk
|-damage|p2a: Great Tusk|0 fnt
|faint|p2a: Great Tusk
|-end|p2a: Great Tusk|Protosynthesis|[silent]
|
|-heal|p1a: Rillaboom|55/100|[from] Grassy Terrain
|upkeep
|-message|rooberto.perezz forfeited.
|
|win|LT02
|raw|LT02's rating: 1204 &rarr; <strong>1227</strong><br />(+23 for winning)
|raw|rooberto.perezz's rating: 1170 &rarr; <strong>1147</strong><br />(-23 for losing)
|l|☆rooberto.perezz
|player|p2|
|l|☆LT02
|player|p1|
