|inactive|Battle timer is ON: inactive players will automatically lose when time's up.
|t:|1757786515
|gametype|singles
|player|p1|VertXXX|lucas|
|player|p2|clean|#splxivcryonicles2|
|gen|9
|tier|[Gen 9] OU
|rule|HP Percentage Mod: HP is shown in percentages
|rule|Endless Battle Clause: Forcing endless battles is banned
|rule|Species Clause: Limit one of each Pokémon
|rule|OHKO Clause: OHKO moves are banned
|rule|Evasion Items Clause: Evasion items are banned
|rule|Evasion Moves Clause: Evasion moves are banned
|rule|Evasion Abilities Clause: Evasion abilities are banned
|rule|Sleep Moves Clause: Sleep-inducing moves are banned
|clearpoke
|poke|p1|Dondozo, F|
|poke|p1|Blissey, F|
|poke|p1|Corviknight, F|
|poke|p1|Weezing-Galar, M|
|poke|p1|Gliscor, M|
|poke|p1|Toxapex, F|
|poke|p2|Darkrai|
|poke|p2|Landorus-Therian, M|
|poke|p2|Kyurem|
|poke|p2|Rillaboom, F|
|poke|p2|Zamazenta-*|
|poke|p2|Gholdengo|
|teampreview
|inactive|clean also wants the timer to be on.
|c|☆VertXXX|hf
|c|☆clean|u2
|inactive|VertXXX has 270 seconds left.
|inactive|clean has 270 seconds left.
|inactive|VertXXX has 240 seconds left.
|inactive|clean has 240 seconds left.
|inactive|clean has 210 seconds left.
|
|t:|1757786634
|teamsize|p1|6
|teamsize|p2|6
|start
|switch|p1a: Weezing|Weezing-Galar, M|100/100
|switch|p2a: Kyurem|Kyurem|100/100
|-ability|p1a: Weezing|Neutralizing Gas
|turn|1
|
|t:|1757786648
|-end|p1a: Weezing|ability: Neutralizing Gas
|-ability|p2a: Kyurem|Pressure
|switch|p1a: Corviknight|Corviknight, F|100/100
|-ability|p1a: Corviknight|Pressure
|move|p2a: Kyurem|Ice Beam|p1a: Corviknight
|-damage|p1a: Corviknight|48/100
|
|-heal|p1a: Corviknight|55/100|[from] item: Leftovers
|upkeep
|turn|2
|
|t:|1757786656
|switch|p1a: Blissey|Blissey, F|100/100
|move|p2a: Kyurem|Ice Beam|p1a: Blissey
|-damage|p1a: Blissey|84/100
|
|-heal|p1a: Blissey|90/100|[from] item: Leftovers
|upkeep
|turn|3
|
|t:|1757786658
|switch|p2a: Darkrai|Darkrai|100/100
|move|p1a: Blissey|Stealth Rock|p2a: Darkrai
|-sidestart|p2: clean|move: Stealth Rock
|
|-heal|p1a: Blissey|97/100|[from] item: Leftovers
|upkeep
|turn|4
|
|t:|1757786663
|switch|p1a: Weezing|Weezing-Galar, M|100/100
|-ability|p1a: Weezing|Neutralizing Gas
|move|p2a: Darkrai|Trick|p1a: Weezing
|-activate|p2a: Darkrai|move: Trick|[of] p1a: Weezing
|-item|p1a: Weezing|Choice Scarf|[from] move: Trick
|-item|p2a: Darkrai|Heavy-Duty Boots|[from] move: Trick
|
|upkeep
|turn|5
|inactive|clean has 270 seconds left.
|
|t:|1757786692
|move|p2a: Darkrai|Dark Pulse|p1a: Weezing
|-resisted|p1a: Weezing
|-damage|p1a: Weezing|74/100
|move|p1a: Weezing|Toxic Spikes|p2a: Darkrai
|-sidestart|p2: clean|move: Toxic Spikes
|
|upkeep
|turn|6
|
|t:|1757786716
|-end|p1a: Weezing|ability: Neutralizing Gas
|switch|p1a: Toxapex|Toxapex, F|100/100
|-terastallize|p2a: Darkrai|Poison
|move|p2a: Darkrai|Dark Pulse|p1a: Toxapex
|-damage|p1a: Toxapex|72/100
|
|-heal|p1a: Toxapex|78/100|[from] item: Leftovers
|upkeep
|turn|7
|
|t:|1757786724
|switch|p2a: Landorus|Landorus-Therian, M|100/100
|-damage|p2a: Landorus|88/100|[from] Stealth Rock
|-ability|p2a: Landorus|Intimidate|boost
|-unboost|p1a: Toxapex|atk|1
|move|p1a: Toxapex|Poison Jab|p2a: Landorus
|-resisted|p2a: Landorus
|-damage|p2a: Landorus|82/100
|-damage|p1a: Toxapex|62/100|[from] item: Rocky Helmet|[of] p2a: Landorus
|
|-heal|p1a: Toxapex|68/100|[from] item: Leftovers
|upkeep
|turn|8
|
|t:|1757786731
|switch|p1a: Gliscor|Gliscor, M|100/100
|move|p2a: Landorus|Stealth Rock|p1a: Gliscor
|-sidestart|p1: VertXXX|move: Stealth Rock
|
|-status|p1a: Gliscor|tox|[from] item: Toxic Orb
|upkeep
|turn|9
|
|t:|1757786740
|move|p2a: Landorus|U-turn|p1a: Gliscor
|-resisted|p1a: Gliscor
|-damage|p1a: Gliscor|93/100 tox
|
|t:|1757786742
|switch|p2a: Darkrai|Darkrai, tera:Poison|100/100|[from] U-turn
|-sideend|p2: clean|move: Toxic Spikes|[of] p2a: Darkrai
|move|p1a: Gliscor|Spikes|p2a: Darkrai
|-sidestart|p2: clean|Spikes
|
|-heal|p1a: Gliscor|100/100 tox|[from] ability: Poison Heal
|upkeep
|turn|10
|inactive|clean has 270 seconds left.
|inactive|clean has 240 seconds left.
|inactive|clean has 210 seconds left.
|
|t:|1757786819
|switch|p2a: Rillaboom|Rillaboom, F|100/100
|-damage|p2a: Rillaboom|88/100|[from] Stealth Rock
|-damage|p2a: Rillaboom|76/100|[from] Spikes
|-fieldstart|move: Grassy Terrain|[from] ability: Grassy Surge|[of] p2a: Rillaboom
|switch|p1a: Toxapex|Toxapex, F|100/100
|-damage|p1a: Toxapex|88/100|[from] Stealth Rock
|
|-heal|p2a: Rillaboom|82/100|[from] Grassy Terrain
|-heal|p1a: Toxapex|94/100|[from] Grassy Terrain
|-heal|p1a: Toxapex|99/100|[from] item: Leftovers
|upkeep
|turn|11
|inactive|clean has 210 seconds left.
|
|t:|1757786840
|switch|p2a: Darkrai|Darkrai, tera:Poison|100/100
|move|p1a: Toxapex|Toxic|p2a: Darkrai
|-immune|p2a: Darkrai
|
|-heal|p1a: Toxapex|100/100|[from] Grassy Terrain
|upkeep
|turn|12
|inactive|clean has 210 seconds left.
|
|t:|1757786847
|move|p2a: Darkrai|Dark Pulse|p1a: Toxapex
|-damage|p1a: Toxapex|72/100
|move|p1a: Toxapex|Toxic|p2a: Darkrai
|-immune|p2a: Darkrai
|
|-heal|p1a: Toxapex|78/100|[from] Grassy Terrain
|-heal|p1a: Toxapex|84/100|[from] item: Leftovers
|upkeep
|turn|13
|
|t:|1757786853
|move|p2a: Darkrai|Dark Pulse|p1a: Toxapex
|-damage|p1a: Toxapex|55/100
|move|p1a: Toxapex|Poison Jab|p2a: Darkrai
|-resisted|p2a: Darkrai
|-damage|p2a: Darkrai|88/100
|
|-heal|p2a: Darkrai|94/100|[from] Grassy Terrain
|-heal|p1a: Toxapex|61/100|[from] Grassy Terrain
|-heal|p1a: Toxapex|67/100|[from] item: Leftovers
|upkeep
|turn|14
|
|t:|1757786856
|move|p2a: Darkrai|Dark Pulse|p1a: Toxapex
|-damage|p1a: Toxapex|40/100
|move|p1a: Toxapex|Recover|p1a: Toxapex
|-heal|p1a: Toxapex|91/100
|
|-heal|p2a: Darkrai|100/100|[from] Grassy Terrain
|-heal|p1a: Toxapex|97/100|[from] Grassy Terrain
|-heal|p1a: Toxapex|100/100|[from] item: Leftovers
|-fieldend|move: Grassy Terrain
|upkeep
|turn|15
|
|t:|1757786859
|move|p2a: Darkrai|Dark Pulse|p1a: Toxapex
|-damage|p1a: Toxapex|75/100
|cant|p1a: Toxapex|flinch
|
|-heal|p1a: Toxapex|81/100|[from] item: Leftovers
|upkeep
|turn|16
|
|t:|1757786861
|move|p2a: Darkrai|Dark Pulse|p1a: Toxapex
|-damage|p1a: Toxapex|54/100
|move|p1a: Toxapex|Poison Jab|p2a: Darkrai
|-resisted|p2a: Darkrai
|-damage|p2a: Darkrai|88/100
|
|-heal|p1a: Toxapex|60/100|[from] item: Leftovers
|upkeep
|turn|17
|
|t:|1757786864
|move|p2a: Darkrai|Dark Pulse|p1a: Toxapex
|-crit|p1a: Toxapex
|-damage|p1a: Toxapex|17/100
|move|p1a: Toxapex|Recover|p1a: Toxapex
|-heal|p1a: Toxapex|67/100
|
|-heal|p1a: Toxapex|73/100|[from] item: Leftovers
|upkeep
|turn|18
|
|t:|1757786869
|move|p2a: Darkrai|Dark Pulse|p1a: Toxapex
|-damage|p1a: Toxapex|46/100
|move|p1a: Toxapex|Poison Jab|p2a: Darkrai
|-resisted|p2a: Darkrai
|-damage|p2a: Darkrai|75/100
|
|-heal|p1a: Toxapex|52/100|[from] item: Leftovers
|upkeep
|turn|19
|
|t:|1757786871
|move|p2a: Darkrai|Dark Pulse|p1a: Toxapex
|-damage|p1a: Toxapex|26/100
|move|p1a: Toxapex|Recover|p1a: Toxapex
|-heal|p1a: Toxapex|76/100
|
|-heal|p1a: Toxapex|82/100|[from] item: Leftovers
|upkeep
|turn|20
|
|t:|1757786873
|move|p2a: Darkrai|Dark Pulse|p1a: Toxapex
|-damage|p1a: Toxapex|55/100
|move|p1a: Toxapex|Poison Jab|p2a: Darkrai
|-resisted|p2a: Darkrai
|-damage|p2a: Darkrai|61/100
|
|-heal|p1a: Toxapex|61/100|[from] item: Leftovers
|upkeep
|turn|21
|
|t:|1757786882
|move|p2a: Darkrai|Dark Pulse|p1a: Toxapex
|-damage|p1a: Toxapex|32/100
|move|p1a: Toxapex|Poison Jab|p2a: Darkrai
|-resisted|p2a: Darkrai
|-damage|p2a: Darkrai|48/100
|
|-heal|p1a: Toxapex|38/100|[from] item: Leftovers
|upkeep
|turn|22
|
|t:|1757786884
|move|p2a: Darkrai|Dark Pulse|p1a: Toxapex
|-damage|p1a: Toxapex|13/100
|cant|p1a: Toxapex|flinch
|
|-heal|p1a: Toxapex|19/100|[from] item: Leftovers
|upkeep
|turn|23
|
|t:|1757786891
|switch|p2a: Rillaboom|Rillaboom, F|82/100
|-damage|p2a: Rillaboom|70/100|[from] Stealth Rock
|-damage|p2a: Rillaboom|57/100|[from] Spikes
|-fieldstart|move: Grassy Terrain|[from] ability: Grassy Surge|[of] p2a: Rillaboom
|switch|p1a: Blissey|Blissey, F|97/100
|-damage|p1a: Blissey|84/100|[from] Stealth Rock
|
|-heal|p2a: Rillaboom|63/100|[from] Grassy Terrain
|-heal|p1a: Blissey|90/100|[from] Grassy Terrain
|-heal|p1a: Blissey|97/100|[from] item: Leftovers
|upkeep
|turn|24
|
|t:|1757786895
|switch|p1a: Weezing|Weezing-Galar, M|74/100
|-ability|p1a: Weezing|Neutralizing Gas
|-damage|p1a: Weezing|61/100|[from] Stealth Rock
|move|p2a: Rillaboom|Swords Dance|p2a: Rillaboom
|-boost|p2a: Rillaboom|atk|2
|
|-heal|p2a: Rillaboom|69/100|[from] Grassy Terrain
|-heal|p1a: Weezing|67/100|[from] Grassy Terrain
|upkeep
|turn|25
|
|t:|1757786899
|move|p2a: Rillaboom|Wood Hammer|p1a: Weezing
|-resisted|p1a: Weezing
|-damage|p1a: Weezing|0 fnt
|faint|p1a: Weezing
|-end|p1a: Weezing|ability: Neutralizing Gas
|-damage|p2a: Rillaboom|48/100|[from] Recoil
|-damage|p2a: Rillaboom|38/100|[from] item: Life Orb
|
|-heal|p2a: Rillaboom|44/100|[from] Grassy Terrain
|upkeep
|
|t:|1757786904
|switch|p1a: Dondozo|Dondozo, F|100/100
|-damage|p1a: Dondozo|88/100|[from] Stealth Rock
|turn|26
|inactive|clean has 270 seconds left.
|
|t:|1757786944
|switch|p2a: Gholdengo|Gholdengo|100/100
|-damage|p2a: Gholdengo|94/100|[from] Stealth Rock
|-damage|p2a: Gholdengo|82/100|[from] Spikes
|-enditem|p2a: Gholdengo|Grassy Seed
|-boost|p2a: Gholdengo|def|1|[from] item: Grassy Seed
|-terastallize|p1a: Dondozo|Dragon
|move|p1a: Dondozo|Avalanche|p2a: Gholdengo
|-resisted|p2a: Gholdengo
|-damage|p2a: Gholdengo|77/100
|
|-heal|p2a: Gholdengo|84/100|[from] Grassy Terrain
|-heal|p1a: Dondozo|94/100|[from] Grassy Terrain
|-heal|p1a: Dondozo|100/100|[from] item: Leftovers
|upkeep
|turn|27
|
|t:|1757786947
|switch|p1a: Blissey|Blissey, F|97/100
|-damage|p1a: Blissey|84/100|[from] Stealth Rock
|move|p2a: Gholdengo|Nasty Plot|p2a: Gholdengo
|-boost|p2a: Gholdengo|spa|2
|
|-heal|p2a: Gholdengo|90/100|[from] Grassy Terrain
|-heal|p1a: Blissey|90/100|[from] Grassy Terrain
|-heal|p1a: Blissey|97/100|[from] item: Leftovers
|-fieldend|move: Grassy Terrain
|upkeep
|turn|28
|inactive|clean has 270 seconds left.
|
|t:|1757786962
|move|p2a: Gholdengo|Nasty Plot|p2a: Gholdengo
|-boost|p2a: Gholdengo|spa|2
|move|p1a: Blissey|Calm Mind|p1a: Blissey
|-boost|p1a: Blissey|spa|1
|-boost|p1a: Blissey|spd|1
|
|-heal|p1a: Blissey|100/100|[from] item: Leftovers
|upkeep
|turn|29
|
|t:|1757786971
|move|p2a: Gholdengo|Nasty Plot|p2a: Gholdengo
|-boost|p2a: Gholdengo|spa|2
|move|p1a: Blissey|Calm Mind|p1a: Blissey
|-boost|p1a: Blissey|spa|1
|-boost|p1a: Blissey|spd|1
|
|upkeep
|turn|30
|
|t:|1757786973
|move|p2a: Gholdengo|Focus Blast|p1a: Blissey
|-supereffective|p1a: Blissey
|-damage|p1a: Blissey|60/100
|move|p1a: Blissey|Calm Mind|p1a: Blissey
|-boost|p1a: Blissey|spa|1
|-boost|p1a: Blissey|spd|1
|
|-heal|p1a: Blissey|66/100|[from] item: Leftovers
|upkeep
|turn|31
|
|t:|1757786978
|move|p2a: Gholdengo|Focus Blast|p1a: Blissey
|-supereffective|p1a: Blissey
|-damage|p1a: Blissey|34/100
|move|p1a: Blissey|Soft-Boiled|p1a: Blissey
|-heal|p1a: Blissey|84/100
|
|-heal|p1a: Blissey|90/100|[from] item: Leftovers
|upkeep
|turn|32
|
|t:|1757786999
|move|p2a: Gholdengo|Focus Blast|p1a: Blissey
|-supereffective|p1a: Blissey
|-damage|p1a: Blissey|54/100
|move|p1a: Blissey|Soft-Boiled|p1a: Blissey
|-heal|p1a: Blissey|100/100
|
|upkeep
|turn|33
|
|t:|1757787015
|move|p2a: Gholdengo|Focus Blast|p1a: Blissey
|-supereffective|p1a: Blissey
|-damage|p1a: Blissey|64/100
|move|p1a: Blissey|Calm Mind|p1a: Blissey
|-boost|p1a: Blissey|spa|1
|-boost|p1a: Blissey|spd|1
|
|-heal|p1a: Blissey|70/100|[from] item: Leftovers
|upkeep
|turn|34
|
|t:|1757787022
|switch|p2a: Landorus|Landorus-Therian, M|82/100
|-damage|p2a: Landorus|70/100|[from] Stealth Rock
|-ability|p2a: Landorus|Intimidate|boost
|-unboost|p1a: Blissey|atk|1
|move|p1a: Blissey|Soft-Boiled|p1a: Blissey
|-heal|p1a: Blissey|100/100
|
|upkeep
|turn|35
|
|t:|1757787026
|switch|p1a: Gliscor|Gliscor, M|100/100 tox
|-damage|p1a: Gliscor|88/100 tox|[from] Stealth Rock
|move|p2a: Landorus|U-turn|p1a: Gliscor
|-resisted|p1a: Gliscor
|-damage|p1a: Gliscor|80/100 tox
|
|t:|1757787043
|switch|p2a: Darkrai|Darkrai, tera:Poison|48/100|[from] U-turn
|
|-heal|p1a: Gliscor|93/100 tox|[from] ability: Poison Heal
|upkeep
|turn|36
|
|t:|1757787052
|switch|p1a: Blissey|Blissey, F|100/100
|-damage|p1a: Blissey|88/100|[from] Stealth Rock
|move|p2a: Darkrai|Ice Beam|p1a: Blissey
|-damage|p1a: Blissey|79/100
|
|-heal|p1a: Blissey|85/100|[from] item: Leftovers
|upkeep
|turn|37
|inactive|clean has 270 seconds left.
|
|t:|1757787104
|switch|p2a: Landorus|Landorus-Therian, M|70/100
|-damage|p2a: Landorus|58/100|[from] Stealth Rock
|-ability|p2a: Landorus|Intimidate|boost
|-unboost|p1a: Blissey|atk|1
|move|p1a: Blissey|Calm Mind|p1a: Blissey
|-boost|p1a: Blissey|spa|1
|-boost|p1a: Blissey|spd|1
|
|-heal|p1a: Blissey|91/100|[from] item: Leftovers
|upkeep
|turn|38
|
|t:|1757787114
|move|p2a: Landorus|U-turn|p1a: Blissey
|-damage|p1a: Blissey|70/100
|
|t:|1757787117
|switch|p2a: Zamazenta|Zamazenta|100/100|[from] U-turn
|-damage|p2a: Zamazenta|94/100|[from] Stealth Rock
|-damage|p2a: Zamazenta|82/100|[from] Spikes
|-ability|p2a: Zamazenta|Dauntless Shield|boost
|-boost|p2a: Zamazenta|def|1
|move|p1a: Blissey|Soft-Boiled|p1a: Blissey
|-heal|p1a: Blissey|100/100
|
|-heal|p2a: Zamazenta|88/100|[from] item: Leftovers
|upkeep
|turn|39
|
|t:|1757787122
|switch|p2a: Darkrai|Darkrai, tera:Poison|48/100
|switch|p1a: Toxapex|Toxapex, F|52/100
|-damage|p1a: Toxapex|40/100|[from] Stealth Rock
|
|-heal|p1a: Toxapex|46/100|[from] item: Leftovers
|upkeep
|turn|40
|inactive|clean has 270 seconds left.
|
|t:|1757787142
|move|p2a: Darkrai|Trick|p1a: Toxapex
|-activate|p2a: Darkrai|move: Trick|[of] p1a: Toxapex
|-item|p1a: Toxapex|Heavy-Duty Boots|[from] move: Trick
|-item|p2a: Darkrai|Leftovers|[from] move: Trick
|move|p1a: Toxapex|Recover|p1a: Toxapex
|-heal|p1a: Toxapex|96/100
|
|-heal|p2a: Darkrai|54/100|[from] item: Leftovers
|upkeep
|turn|41
|
|t:|1757787146
|move|p2a: Darkrai|Ice Beam|p1a: Toxapex
|-resisted|p1a: Toxapex
|-damage|p1a: Toxapex|85/100
|move|p1a: Toxapex|Poison Jab|p2a: Darkrai
|-resisted|p2a: Darkrai
|-damage|p2a: Darkrai|41/100
|
|-heal|p2a: Darkrai|47/100|[from] item: Leftovers
|upkeep
|turn|42
|
|t:|1757787150
|move|p2a: Darkrai|Dark Pulse|p1a: Toxapex
|-damage|p1a: Toxapex|58/100
|move|p1a: Toxapex|Poison Jab|p2a: Darkrai
|-resisted|p2a: Darkrai
|-damage|p2a: Darkrai|33/100
|
|-heal|p2a: Darkrai|39/100|[from] item: Leftovers
|upkeep
|turn|43
|
|t:|1757787156
|switch|p1a: Blissey|Blissey, F|100/100
|-damage|p1a: Blissey|88/100|[from] Stealth Rock
|move|p2a: Darkrai|Dark Pulse|p1a: Blissey
|-damage|p1a: Blissey|76/100
|
|-heal|p2a: Darkrai|45/100|[from] item: Leftovers
|-heal|p1a: Blissey|82/100|[from] item: Leftovers
|upkeep
|turn|44
|
|t:|1757787168
|move|p2a: Darkrai|Sludge Bomb|p1a: Blissey
|-damage|p1a: Blissey|67/100
|-status|p1a: Blissey|psn
|move|p1a: Blissey|Seismic Toss|p2a: Darkrai
|-damage|p2a: Darkrai|10/100
|
|-heal|p2a: Darkrai|16/100|[from] item: Leftovers
|-heal|p1a: Blissey|73/100 psn|[from] item: Leftovers
|-damage|p1a: Blissey|61/100 psn|[from] psn
|upkeep
|turn|45
|
|t:|1757787181
|switch|p2a: Gholdengo|Gholdengo|90/100
|-damage|p2a: Gholdengo|84/100|[from] Stealth Rock
|-damage|p2a: Gholdengo|71/100|[from] Spikes
|move|p1a: Blissey|Soft-Boiled|p1a: Blissey
|-heal|p1a: Blissey|100/100 psn
|
|-damage|p1a: Blissey|88/100 psn|[from] psn
|upkeep
|turn|46
|
|t:|1757787190
|-curestatus|p1a: Blissey|psn|[from] ability: Natural Cure
|switch|p1a: Gliscor|Gliscor, M|93/100 tox
|-damage|p1a: Gliscor|80/100 tox|[from] Stealth Rock
|move|p2a: Gholdengo|Nasty Plot|p2a: Gholdengo
|-boost|p2a: Gholdengo|spa|2
|
|-heal|p1a: Gliscor|93/100 tox|[from] ability: Poison Heal
|upkeep
|turn|47
|
|t:|1757787209
|move|p2a: Gholdengo|Shadow Ball|p1a: Gliscor
|-damage|p1a: Gliscor|31/100 tox
|move|p1a: Gliscor|Earthquake|p2a: Gholdengo
|-supereffective|p2a: Gholdengo
|-damage|p2a: Gholdengo|23/100
|
|-heal|p1a: Gliscor|44/100 tox|[from] ability: Poison Heal
|upkeep
|turn|48
|
|t:|1757787222
|switch|p1a: Toxapex|Toxapex, F|91/100
|move|p2a: Gholdengo|Shadow Ball|p1a: Toxapex
|-damage|p1a: Toxapex|45/100
|
|upkeep
|turn|49
|
|t:|1757787233
|switch|p1a: Corviknight|Corviknight, F|55/100
|-damage|p1a: Corviknight|42/100|[from] Stealth Rock
|-ability|p1a: Corviknight|Pressure
|move|p2a: Gholdengo|Shadow Ball|p1a: Corviknight
|-damage|p1a: Corviknight|0 fnt
|faint|p1a: Corviknight
|
|upkeep
|
|t:|1757787235
|switch|p1a: Blissey|Blissey, F|88/100
|-damage|p1a: Blissey|75/100|[from] Stealth Rock
|turn|50
|
|t:|1757787238
|move|p2a: Gholdengo|Recover|p2a: Gholdengo
|-heal|p2a: Gholdengo|73/100
|move|p1a: Blissey|Calm Mind|p1a: Blissey
|-boost|p1a: Blissey|spa|1
|-boost|p1a: Blissey|spd|1
|
|-heal|p1a: Blissey|82/100|[from] item: Leftovers
|upkeep
|turn|51
|inactive|clean has 270 seconds left.
|
|t:|1757787289
|move|p2a: Gholdengo|Recover|p2a: Gholdengo
|-heal|p2a: Gholdengo|100/100
|move|p1a: Blissey|Seismic Toss|p2a: Gholdengo
|-immune|p2a: Gholdengo
|
|-heal|p1a: Blissey|88/100|[from] item: Leftovers
|upkeep
|turn|52
|
|t:|1757787294
|switch|p2a: Landorus|Landorus-Therian, M|58/100
|-damage|p2a: Landorus|45/100|[from] Stealth Rock
|-ability|p2a: Landorus|Intimidate|boost
|-unboost|p1a: Blissey|atk|1
|move|p1a: Blissey|Seismic Toss|p2a: Landorus
|-damage|p2a: Landorus|19/100
|-damage|p1a: Blissey|71/100|[from] item: Rocky Helmet|[of] p2a: Landorus
|
|-heal|p1a: Blissey|78/100|[from] item: Leftovers
|upkeep
|turn|53
|
|t:|1757787304
|switch|p1a: Gliscor|Gliscor, M|44/100 tox
|-damage|p1a: Gliscor|31/100 tox|[from] Stealth Rock
|move|p2a: Landorus|Stone Edge|p1a: Gliscor|[miss]
|-miss|p2a: Landorus|p1a: Gliscor
|
|-heal|p1a: Gliscor|44/100 tox|[from] ability: Poison Heal
|upkeep
|turn|54
|inactive|clean has 240 seconds left.
|
|t:|1757787339
|switch|p2a: Darkrai|Darkrai, tera:Poison|16/100
|-damage|p2a: Darkrai|3/100|[from] Stealth Rock
|-damage|p2a: Darkrai|0 fnt|[from] Spikes
|faint|p2a: Darkrai
|move|p1a: Gliscor|Spikes|p2: Darkrai
|-sidestart|p2: clean|Spikes
|
|-heal|p1a: Gliscor|56/100 tox|[from] ability: Poison Heal
|upkeep
|
|t:|1757787340
|switch|p2a: Gholdengo|Gholdengo|100/100
|-damage|p2a: Gholdengo|94/100|[from] Stealth Rock
|-damage|p2a: Gholdengo|78/100|[from] Spikes
|turn|55
|
|t:|1757787346
|move|p2a: Gholdengo|Nasty Plot|p2a: Gholdengo
|-boost|p2a: Gholdengo|spa|2
|move|p1a: Gliscor|Earthquake|p2a: Gholdengo
|-supereffective|p2a: Gholdengo
|-damage|p2a: Gholdengo|34/100
|
|-heal|p1a: Gliscor|69/100 tox|[from] ability: Poison Heal
|upkeep
|turn|56
|inactive|clean has 240 seconds left.
|
|t:|1757787373
|move|p2a: Gholdengo|Shadow Ball|p1a: Gliscor
|-damage|p1a: Gliscor|6/100 tox
|move|p1a: Gliscor|Earthquake|p2a: Gholdengo
|-supereffective|p2a: Gholdengo
|-crit|p2a: Gholdengo
|-damage|p2a: Gholdengo|0 fnt
|faint|p2a: Gholdengo
|
|-heal|p1a: Gliscor|18/100 tox|[from] ability: Poison Heal
|upkeep
|inactive|clean has 240 seconds left.
|
|t:|1757787408
|switch|p2a: Kyurem|Kyurem|100/100
|-damage|p2a: Kyurem|76/100|[from] Stealth Rock
|-damage|p2a: Kyurem|59/100|[from] Spikes
|-ability|p2a: Kyurem|Pressure
|turn|57
|
|t:|1757787411
|move|p1a: Gliscor|Protect|p1a: Gliscor
|-singleturn|p1a: Gliscor|Protect
|move|p2a: Kyurem|Ice Beam|p1a: Gliscor
|-activate|p1a: Gliscor|move: Protect
|
|-heal|p1a: Gliscor|31/100 tox|[from] ability: Poison Heal
|upkeep
|turn|58
|
|t:|1757787417
|switch|p1a: Blissey|Blissey, F|78/100
|-damage|p1a: Blissey|65/100|[from] Stealth Rock
|move|p2a: Kyurem|Ice Beam|p1a: Blissey
|-damage|p1a: Blissey|49/100
|
|-heal|p1a: Blissey|56/100|[from] item: Leftovers
|upkeep
|turn|59
|
|t:|1757787425
|move|p2a: Kyurem|Ice Beam|p1a: Blissey
|-damage|p1a: Blissey|40/100
|move|p1a: Blissey|Soft-Boiled|p1a: Blissey
|-heal|p1a: Blissey|90/100
|
|-heal|p1a: Blissey|97/100|[from] item: Leftovers
|upkeep
|turn|60
|inactive|clean has 240 seconds left.
|inactive|clean has 210 seconds left.
|
|t:|1757787476
|move|p2a: Kyurem|Ice Beam|p1a: Blissey
|-damage|p1a: Blissey|81/100
|move|p1a: Blissey|Seismic Toss|p2a: Kyurem
|-damage|p2a: Kyurem|33/100
|
|-heal|p1a: Blissey|87/100|[from] item: Leftovers
|upkeep
|turn|61
|
|t:|1757787490
|move|p2a: Kyurem|Ice Beam|p1a: Blissey
|-damage|p1a: Blissey|71/100
|move|p1a: Blissey|Seismic Toss|p2a: Kyurem
|-damage|p2a: Kyurem|8/100
|
|-heal|p1a: Blissey|77/100|[from] item: Leftovers
|upkeep
|turn|62
|
|t:|1757787499
|move|p2a: Kyurem|Ice Beam|p1a: Blissey
|-damage|p1a: Blissey|60/100
|move|p1a: Blissey|Seismic Toss|p2a: Kyurem
|-damage|p2a: Kyurem|0 fnt
|faint|p2a: Kyurem
|
|-heal|p1a: Blissey|66/100|[from] item: Leftovers
|upkeep
|c|☆clean|gg
|-message|clean forfeited.
|
|win|VertXXX
|c|☆VertXXX|gg
|player|p1|
