|j|‽beetleinthebox 223
|j|☆Tidk
|t:|1757792908
|gametype|singles
|player|p1|beetleinthebox 223|169|1076
|player|p2|Tidk|silver|1082
|gen|9
|tier|[Gen 9] OU
|rated|
|rule|HP Percentage Mod: HP is shown in percentages
|rule|Endless Battle Clause: Forcing endless battles is banned
|rule|Species Clause: Limit one of each Pokémon
|rule|OHKO Clause: OHKO moves are banned
|rule|Evasion Items Clause: Evasion items are banned
|rule|Evasion Moves Clause: Evasion moves are banned
|rule|Evasion Abilities Clause: Evasion abilities are banned
|rule|Sleep Moves Clause: Sleep-inducing moves are banned
|clearpoke
|poke|p1|Lokix, M|
|poke|p1|Cinderace, F|
|poke|p1|Great Tusk|
|poke|p1|Alomomola, M|
|poke|p1|Enamorus, F|
|poke|p1|Slowking-Galar, M|
|poke|p2|Hatterene, F|
|poke|p2|Blaziken, F|
|poke|p2|Ursaluna, F|
|poke|p2|Slowbro-Galar, M|
|poke|p2|Flareon, M|
|poke|p2|Spiritomb, M|
|teampreview
|inactive|Battle timer is ON: inactive players will automatically lose when time's up. (requested by beetleinthebox 223)
|
|t:|1757792937
|teamsize|p1|6
|teamsize|p2|6
|start
|switch|p1a: Enamorus|Enamorus, F|100/100
|switch|p2a: Hatterene|Hatterene, F|100/100
|turn|1
|
|t:|1757792953
|move|p1a: Enamorus|Moonblast|p2a: Hatterene
|-damage|p2a: Hatterene|44/100
|move|p2a: Hatterene|Trick Room|p2a: Hatterene
|-fieldstart|move: Trick Room|[of] p2a: Hatterene
|
|upkeep
|turn|2
|
|t:|1757792959
|move|p2a: Hatterene|Misty Explosion|p1a: Enamorus
|-crit|p1a: Enamorus
|-damage|p1a: Enamorus|0 fnt
|faint|p2a: Hatterene
|faint|p1a: Enamorus
|
|upkeep
|inactive|beetleinthebox 223 has 120 seconds left.
|
|t:|1757793004
|switch|p2a: Ursaluna|Ursaluna, F|100/100
|switch|p1a: Great Tusk|Great Tusk|100/100
|turn|3
|
|t:|1757793022
|move|p2a: Ursaluna|Swords Dance|p2a: Ursaluna
|-boost|p2a: Ursaluna|atk|2
|move|p1a: Great Tusk|Knock Off|p2a: Ursaluna
|-crit|p2a: Ursaluna
|-damage|p2a: Ursaluna|72/100
|-enditem|p2a: Ursaluna|Flame Orb|[from] move: Knock Off|[of] p1a: Great Tusk
|
|upkeep
|turn|4
|inactive|beetleinthebox 223 has 90 seconds left.
|
|t:|1757793056
|move|p2a: Ursaluna|Facade|p1a: Great Tusk
|-damage|p1a: Great Tusk|52/100
|move|p1a: Great Tusk|Earthquake|p2a: Ursaluna
|-damage|p2a: Ursaluna|41/100
|
|-heal|p1a: Great Tusk|58/100|[from] item: Leftovers
|upkeep
|turn|5
|inactive|beetleinthebox 223 has 90 seconds left.
|
|t:|1757793079
|move|p2a: Ursaluna|Headlong Rush|p1a: Great Tusk
|-damage|p1a: Great Tusk|0 fnt
|-unboost|p2a: Ursaluna|def|1
|-unboost|p2a: Ursaluna|spd|1
|faint|p1a: Great Tusk
|-end|p1a: Great Tusk|Protosynthesis|[silent]
|
|-fieldend|move: Trick Room
|upkeep
|inactive|beetleinthebox 223 has 90 seconds left.
|
|t:|1757793107
|switch|p1a: Lokix|Lokix, M|100/100
|turn|6
|
|t:|1757793125
|switch|p2a: Spiritomb|Spiritomb, M|100/100
|-ability|p2a: Spiritomb|Pressure
|move|p1a: Lokix|Leech Life|p2a: Spiritomb
|-damage|p2a: Spiritomb|38/100
|
|upkeep
|turn|7
|
|t:|1757793137
|move|p1a: Lokix|Leech Life|p2a: Spiritomb
|-damage|p2a: Spiritomb|0 fnt
|faint|p2a: Spiritomb
|
|upkeep
|
|t:|1757793144
|switch|p2a: Slowbro|Slowbro-Galar, M|100/100
|turn|8
|
|t:|1757793161
|switch|p1a: Slowking|Slowking-Galar, M|100/100
|move|p2a: Slowbro|Trick Room|p2a: Slowbro
|-fieldstart|move: Trick Room|[of] p2a: Slowbro
|
|upkeep
|turn|9
|
|t:|1757793179
|switch|p2a: Ursaluna|Ursaluna, F|41/100
|move|p1a: Slowking|Future Sight|p2a: Ursaluna
|-start|p1a: Slowking|move: Future Sight
|
|upkeep
|turn|10
|inactive|beetleinthebox 223 has 90 seconds left.
|
|t:|1757793187
|move|p1a: Slowking|Ice Beam|p2a: Ursaluna
|-supereffective|p2a: Ursaluna
|-damage|p2a: Ursaluna|1/100
|move|p2a: Ursaluna|Headlong Rush|p1a: Slowking
|-supereffective|p1a: Slowking
|-enditem|p1a: Slowking|Shuca Berry|[eat]
|-enditem|p1a: Slowking|Shuca Berry|[weaken]
|-damage|p1a: Slowking|49/100
|-unboost|p2a: Ursaluna|def|1
|-unboost|p2a: Ursaluna|spd|1
|
|upkeep
|turn|11
|inactive|beetleinthebox 223 has 90 seconds left.
|
|t:|1757793199
|move|p1a: Slowking|Ice Beam|p2a: Ursaluna
|-supereffective|p2a: Ursaluna
|-damage|p2a: Ursaluna|0 fnt
|faint|p2a: Ursaluna
|
|-hint|Future Sight did not hit because the target is fainted.
|upkeep
|
|t:|1757793206
|switch|p2a: Slowbro|Slowbro-Galar, M|100/100
|turn|12
|-activate|p2a: Slowbro|ability: Quick Draw
|
|t:|1757793224
|move|p2a: Slowbro|Surf|p1a: Slowking
|-damage|p1a: Slowking|17/100
|-damage|p2a: Slowbro|91/100|[from] item: Life Orb
|move|p1a: Slowking|Future Sight|p2a: Slowbro
|-start|p1a: Slowking|move: Future Sight
|
|-fieldend|move: Trick Room
|upkeep
|turn|13
|
|t:|1757793247
|switch|p1a: Alomomola|Alomomola, M|100/100
|move|p2a: Slowbro|Shell Side Arm|p1a: Alomomola|[anim] Shell Side Arm Special
|-damage|p1a: Alomomola|76/100
|-hint|Special Shell Side Arm
|-damage|p2a: Slowbro|81/100|[from] item: Life Orb
|
|upkeep
|turn|14
|inactive|beetleinthebox 223 has 90 seconds left.
|
|t:|1757793272
|move|p1a: Alomomola|Mirror Coat||[still]
|-fail|p1a: Alomomola
|move|p2a: Slowbro|Trick Room|p2a: Slowbro
|-fieldstart|move: Trick Room|[of] p2a: Slowbro
|
|-end|p2a: Slowbro|move: Future Sight
|-damage|p2a: Slowbro|26/100
|upkeep
|turn|15
|
|t:|1757793280
|switch|p2a: Flareon|Flareon, M|100/100
|move|p1a: Alomomola|Flip Turn|p2a: Flareon
|-supereffective|p2a: Flareon
|-damage|p2a: Flareon|48/100
|
|t:|1757793301
|switch|p1a: Cinderace|Cinderace, F|100/100|[from] Flip Turn
|
|-status|p2a: Flareon|tox|[from] item: Toxic Orb
|upkeep
|turn|16
|
|t:|1757793312
|move|p2a: Flareon|Flare Blitz|p1a: Cinderace
|-resisted|p1a: Cinderace
|-damage|p1a: Cinderace|37/100
|-damage|p2a: Flareon|26/100 tox|[from] Recoil
|move|p1a: Cinderace|U-turn|p2a: Flareon
|-resisted|p2a: Flareon
|-damage|p2a: Flareon|11/100 tox
|
|t:|1757793317
|switch|p1a: Alomomola|Alomomola, M|100/100|[from] U-turn
|
|-damage|p2a: Flareon|5/100 tox|[from] psn
|upkeep
|turn|17
|
|t:|1757793326
|move|p1a: Alomomola|Aqua Jet|p2a: Flareon
|-supereffective|p2a: Flareon
|-damage|p2a: Flareon|0 fnt
|faint|p2a: Flareon
|
|upkeep
|
|t:|1757793332
|switch|p2a: Blaziken|Blaziken, F|100/100
|turn|18
|inactive|beetleinthebox 223 has 90 seconds left.
|
|t:|1757793345
|move|p1a: Alomomola|Flip Turn|p2a: Blaziken
|-supereffective|p2a: Blaziken
|-damage|p2a: Blaziken|51/100
|inactive|beetleinthebox 223 has 90 seconds left.
|
|t:|1757793368
|switch|p1a: Slowking|Slowking-Galar, M|50/100|[from] Flip Turn
|move|p2a: Blaziken|Focus Energy|p2a: Blaziken
|-start|p2a: Blaziken|move: Focus Energy
|
|-fieldend|move: Trick Room
|-ability|p2a: Blaziken|Speed Boost|boost
|-boost|p2a: Blaziken|spe|1
|upkeep
|turn|19
|inactive|Tidk has 120 seconds left.
|
|t:|1757793402
|move|p2a: Blaziken|Fire Blast|p1a: Slowking
|-crit|p1a: Slowking
|-damage|p1a: Slowking|0 fnt
|faint|p1a: Slowking
|
|-ability|p2a: Blaziken|Speed Boost|boost
|-boost|p2a: Blaziken|spe|1
|upkeep
|inactive|beetleinthebox 223 has 60 seconds left.
|
|t:|1757793424
|switch|p1a: Lokix|Lokix, M|100/100
|turn|20
|
|t:|1757793428
|move|p1a: Lokix|First Impression|p2a: Blaziken
|-resisted|p2a: Blaziken
|-damage|p2a: Blaziken|0 fnt
|faint|p2a: Blaziken
|
|upkeep
|
|t:|1757793434
|switch|p2a: Slowbro|Slowbro-Galar, M|26/100
|turn|21
|
|t:|1757793443
|switch|p1a: Alomomola|Alomomola, M|100/100
|move|p2a: Slowbro|Trick Room|p2a: Slowbro
|-fieldstart|move: Trick Room|[of] p2a: Slowbro
|
|upkeep
|turn|22
|inactive|Tidk has 120 seconds left.
|inactive|Tidk has 90 seconds left.
|
|t:|1757793510
|move|p2a: Slowbro|Shell Side Arm|p1a: Alomomola|[anim] Shell Side Arm Special
|-damage|p1a: Alomomola|73/100
|-hint|Special Shell Side Arm
|-damage|p2a: Slowbro|16/100|[from] item: Life Orb
|move|p1a: Alomomola|Mirror Coat|p2a: Slowbro
|-damage|p2a: Slowbro|0 fnt
|faint|p2a: Slowbro
|
|win|beetleinthebox 223
|raw|beetleinthebox 223's rating: 1076 &rarr; <strong>1105</strong><br />(+29 for winning)
|raw|Tidk's rating: 1082 &rarr; <strong>1059</strong><br />(-23 for losing)
|l|☆Tidk
|player|p2|
