|inactive|Battle timer is ON: inactive players will automatically lose when time's up.
|t:|1757873344
|gametype|singles
|player|p1|pinecoishot|#scl5spartans2|
|player|p2|gsclt1 spikes|red|
|gen|9
|tier|[Gen 9] OU
|rule|HP Percentage Mod: HP is shown in percentages
|rule|Endless Battle Clause: Forcing endless battles is banned
|rule|Species Clause: Limit one of each Pokémon
|rule|OHKO Clause: OHKO moves are banned
|rule|Evasion Items Clause: Evasion items are banned
|rule|Evasion Moves Clause: Evasion moves are banned
|rule|Evasion Abilities Clause: Evasion abilities are banned
|rule|Sleep Moves Clause: Sleep-inducing moves are banned
|clearpoke
|poke|p1|Deoxys-Speed|
|poke|p1|Samurott-Hisui, M|
|poke|p1|Iron Valiant|
|poke|p1|Kingambit, F|
|poke|p1|Ceruledge, F|
|poke|p1|Zamazenta-*|
|poke|p2|Hydrapple, F|
|poke|p2|Moltres|
|poke|p2|Gholdengo|
|poke|p2|Ting-Lu|
|poke|p2|Zamazenta-*|
|poke|p2|Clefable, M|
|teampreview
|c|☆pinecoishot|hf
|inactive|gsclt1 spikes disconnected and has 300 seconds to reconnect!
|player|p2|
|inactive|pinecoishot has 270 seconds left.
|inactive|gsclt1 spikes reconnected and has 285 seconds left.
|player|p2|gsclt1 spikes|red|
|inactive|gsclt1 spikes has 270 seconds left.
|
|t:|1757873412
|teamsize|p1|6
|teamsize|p2|6
|start
|switch|p1a: Deoxys|Deoxys-Speed, shiny|100/100
|switch|p2a: Clefable|Clefable, M|100/100
|-ability|p1a: Deoxys|Pressure
|turn|1
|
|t:|1757873438
|move|p1a: Deoxys|Reflect|p1a: Deoxys
|-sidestart|p1: pinecoishot|Reflect
|move|p2a: Clefable|Stealth Rock|p1a: Deoxys
|-sidestart|p1: pinecoishot|move: Stealth Rock
|
|upkeep
|turn|2
|
|t:|1757873441
|move|p1a: Deoxys|Light Screen|p1a: Deoxys
|-sidestart|p1: pinecoishot|move: Light Screen
|move|p2a: Clefable|Knock Off|p1a: Deoxys
|-supereffective|p1a: Deoxys
|-damage|p1a: Deoxys|82/100
|-enditem|p1a: Deoxys|Light Clay|[from] move: Knock Off|[of] p2a: Clefable
|
|upkeep
|turn|3
|
|t:|1757873452
|switch|p1a: Ceruledge|Ceruledge, F|100/100
|-damage|p1a: Ceruledge|76/100|[from] Stealth Rock
|-item|p1a: Ceruledge|Air Balloon
|switch|p2a: Ting-Lu|Ting-Lu|100/100
|-ability|p2a: Ting-Lu|Vessel of Ruin
|
|upkeep
|turn|4
|
|t:|1757873461
|move|p1a: Ceruledge|Bitter Blade|p2a: Ting-Lu
|-damage|p2a: Ting-Lu|76/100
|-heal|p1a: Ceruledge|97/100|[from] drain|[of] p2a: Ting-Lu
|move|p2a: Ting-Lu|Whirlwind|p1a: Ceruledge
|drag|p1a: Kingambit|Kingambit, F|100/100
|-damage|p1a: Kingambit|94/100|[from] Stealth Rock
|
|-heal|p1a: Kingambit|100/100|[from] item: Leftovers
|-heal|p2a: Ting-Lu|82/100|[from] item: Leftovers
|upkeep
|turn|5
|
|t:|1757873489
|move|p1a: Kingambit|Swords Dance|p1a: Kingambit
|-boost|p1a: Kingambit|atk|2
|move|p2a: Ting-Lu|Ruination|p1a: Kingambit
|-damage|p1a: Kingambit|51/100
|
|-heal|p1a: Kingambit|57/100|[from] item: Leftovers
|-heal|p2a: Ting-Lu|88/100|[from] item: Leftovers
|upkeep
|turn|6
|
|t:|1757873498
|switch|p2a: Moltres|Moltres|100/100
|-terastallize|p1a: Kingambit|Fairy
|move|p1a: Kingambit|Tera Blast|p2a: Moltres|[anim] Tera Blast Fairy
|-resisted|p2a: Moltres
|-damage|p2a: Moltres|66/100
|
|-heal|p1a: Kingambit|63/100|[from] item: Leftovers
|upkeep
|turn|7
|
|t:|1757873509
|move|p2a: Moltres|Will-O-Wisp|p1a: Kingambit
|-status|p1a: Kingambit|brn
|move|p1a: Kingambit|Kowtow Cleave|p2a: Moltres
|-damage|p2a: Moltres|31/100
|
|-heal|p1a: Kingambit|69/100 brn|[from] item: Leftovers
|-damage|p1a: Kingambit|63/100 brn|[from] brn
|upkeep
|turn|8
|
|t:|1757873515
|move|p2a: Moltres|Roost|p2a: Moltres
|-heal|p2a: Moltres|81/100
|-singleturn|p2a: Moltres|move: Roost
|move|p1a: Kingambit|Swords Dance|p1a: Kingambit
|-boost|p1a: Kingambit|atk|2
|
|-heal|p1a: Kingambit|69/100 brn|[from] item: Leftovers
|-damage|p1a: Kingambit|63/100 brn|[from] brn
|-sideend|p1: pinecoishot|Reflect
|upkeep
|turn|9
|c|+aquiIo|wsg pineslice
|inactive|gsclt1 spikes has 270 seconds left.
|
|t:|1757873557
|move|p1a: Kingambit|Kowtow Cleave|p2a: Moltres
|-damage|p2a: Moltres|30/100
|move|p2a: Moltres|Roar|p1a: Kingambit
|-end|p1a: Kingambit|fallenundefined|[silent]
|drag|p1a: Zamazenta|Zamazenta, shiny|100/100
|-damage|p1a: Zamazenta|94/100|[from] Stealth Rock
|-ability|p1a: Zamazenta|Dauntless Shield|boost
|-boost|p1a: Zamazenta|def|1
|
|-sideend|p1: pinecoishot|move: Light Screen
|upkeep
|turn|10
|
|t:|1757873568
|move|p1a: Zamazenta|Stone Edge|p2a: Moltres
|-supereffective|p2a: Moltres
|-damage|p2a: Moltres|0 fnt
|faint|p2a: Moltres
|
|upkeep
|
|t:|1757873572
|switch|p2a: Hydrapple|Hydrapple, F|100/100
|turn|11
|inactive|gsclt1 spikes has 270 seconds left.
|
|t:|1757873586
|switch|p1a: Deoxys|Deoxys-Speed, shiny|82/100
|-damage|p1a: Deoxys|69/100|[from] Stealth Rock
|-ability|p1a: Deoxys|Pressure
|move|p2a: Hydrapple|Fickle Beam|p1a: Deoxys
|-damage|p1a: Deoxys|29/100
|
|upkeep
|turn|12
|inactive|gsclt1 spikes has 270 seconds left.
|
|t:|1757873600
|move|p1a: Deoxys|Light Screen|p1a: Deoxys
|-sidestart|p1: pinecoishot|move: Light Screen
|move|p2a: Hydrapple|Fickle Beam|p1a: Deoxys|[anim] Fickle Beam All Out
|-activate|p2a: Hydrapple|move: Fickle Beam
|-crit|p1a: Deoxys
|-damage|p1a: Deoxys|0 fnt
|faint|p1a: Deoxys
|
|upkeep
|
|t:|1757873605
|switch|p1a: Iron Valiant|Iron Valiant|100/100
|-damage|p1a: Iron Valiant|94/100|[from] Stealth Rock
|-enditem|p1a: Iron Valiant|Booster Energy
|-activate|p1a: Iron Valiant|ability: Quark Drive|[fromitem]
|-start|p1a: Iron Valiant|quarkdrivespe
|turn|13
|inactive|gsclt1 spikes has 270 seconds left.
|
|t:|1757873619
|switch|p2a: Ting-Lu|Ting-Lu|88/100
|-ability|p2a: Ting-Lu|Vessel of Ruin
|move|p1a: Iron Valiant|Calm Mind|p1a: Iron Valiant
|-boost|p1a: Iron Valiant|spa|1
|-boost|p1a: Iron Valiant|spd|1
|
|-heal|p2a: Ting-Lu|95/100|[from] item: Leftovers
|upkeep
|turn|14
|
|t:|1757873624
|-terastallize|p2a: Ting-Lu|Water
|move|p1a: Iron Valiant|Moonblast|p2a: Ting-Lu
|-damage|p2a: Ting-Lu|64/100
|move|p2a: Ting-Lu|Whirlwind|p1a: Iron Valiant
|-end|p1a: Iron Valiant|Quark Drive|[silent]
|drag|p1a: Kingambit|Kingambit, F, tera:Fairy|63/100 brn
|-damage|p1a: Kingambit|51/100 brn|[from] Stealth Rock
|-activate|p1a: Kingambit|ability: Supreme Overlord
|-start|p1a: Kingambit|fallen1|[silent]
|
|-heal|p1a: Kingambit|57/100 brn|[from] item: Leftovers
|-heal|p2a: Ting-Lu|70/100|[from] item: Leftovers
|-damage|p1a: Kingambit|51/100 brn|[from] brn
|upkeep
|turn|15
|inactive|gsclt1 spikes has 270 seconds left.
|
|t:|1757873653
|move|p1a: Kingambit|Swords Dance|p1a: Kingambit
|-boost|p1a: Kingambit|atk|2
|move|p2a: Ting-Lu|Earthquake|p1a: Kingambit
|-damage|p1a: Kingambit|20/100 brn
|
|-heal|p1a: Kingambit|26/100 brn|[from] item: Leftovers
|-heal|p2a: Ting-Lu|76/100|[from] item: Leftovers
|-damage|p1a: Kingambit|20/100 brn|[from] brn
|upkeep
|turn|16
|inactive|gsclt1 spikes has 270 seconds left.
|
|t:|1757873683
|move|p1a: Kingambit|Kowtow Cleave|p2a: Ting-Lu
|-damage|p2a: Ting-Lu|44/100
|move|p2a: Ting-Lu|Earthquake|p1a: Kingambit
|-damage|p1a: Kingambit|0 fnt
|faint|p1a: Kingambit
|-end|p1a: Kingambit|fallen1|[silent]
|
|-heal|p2a: Ting-Lu|50/100|[from] item: Leftovers
|-sideend|p1: pinecoishot|move: Light Screen
|upkeep
|
|t:|1757873691
|switch|p1a: Samurott|Samurott-Hisui, M|100/100
|-damage|p1a: Samurott|88/100|[from] Stealth Rock
|turn|17
|
|t:|1757873695
|switch|p2a: Clefable|Clefable, M|100/100
|move|p1a: Samurott|Ceaseless Edge|p2a: Clefable
|-resisted|p2a: Clefable
|-damage|p2a: Clefable|81/100
|-damage|p1a: Samurott|72/100|[from] item: Rocky Helmet|[of] p2a: Clefable
|-sidestart|p2: gsclt1 spikes|Spikes
|
|upkeep
|turn|18
|
|t:|1757873707
|move|p1a: Samurott|Ceaseless Edge|p2a: Clefable
|-resisted|p2a: Clefable
|-damage|p2a: Clefable|62/100
|-damage|p1a: Samurott|55/100|[from] item: Rocky Helmet|[of] p2a: Clefable
|-sidestart|p2: gsclt1 spikes|Spikes
|move|p2a: Clefable|Moonblast|p1a: Samurott
|-supereffective|p1a: Samurott
|-damage|p1a: Samurott|0 fnt
|faint|p1a: Samurott
|
|upkeep
|
|t:|1757873710
|switch|p1a: Ceruledge|Ceruledge, F|97/100
|-damage|p1a: Ceruledge|73/100|[from] Stealth Rock
|-item|p1a: Ceruledge|Air Balloon
|turn|19
|inactive|gsclt1 spikes has 270 seconds left.
|
|t:|1757873737
|switch|p2a: Hydrapple|Hydrapple, F|100/100
|move|p1a: Ceruledge|Bitter Blade|p2a: Hydrapple
|-damage|p2a: Hydrapple|76/100
|-heal|p1a: Ceruledge|91/100|[from] drain|[of] p2a: Hydrapple
|
|upkeep
|turn|20
|
|t:|1757873745
|switch|p1a: Iron Valiant|Iron Valiant|94/100
|-damage|p1a: Iron Valiant|88/100|[from] Stealth Rock
|move|p2a: Hydrapple|Fickle Beam|p1a: Iron Valiant
|-immune|p1a: Iron Valiant
|
|upkeep
|turn|21
|
|t:|1757873751
|switch|p2a: Ting-Lu|Ting-Lu, tera:Water|50/100
|-damage|p2a: Ting-Lu|34/100|[from] Spikes
|-ability|p2a: Ting-Lu|Vessel of Ruin
|move|p1a: Iron Valiant|Thunderbolt|p2a: Ting-Lu
|-supereffective|p2a: Ting-Lu
|-damage|p2a: Ting-Lu|8/100
|
|-heal|p2a: Ting-Lu|15/100|[from] item: Leftovers
|upkeep
|turn|22
|
|t:|1757873754
|move|p1a: Iron Valiant|Thunderbolt|p2a: Ting-Lu
|-supereffective|p2a: Ting-Lu
|-damage|p2a: Ting-Lu|0 fnt
|faint|p2a: Ting-Lu
|
|upkeep
|
|t:|1757873757
|switch|p2a: Gholdengo|Gholdengo|100/100
|-damage|p2a: Gholdengo|84/100|[from] Spikes
|turn|23
|
|t:|1757873786
|move|p2a: Gholdengo|Make It Rain|p1a: Iron Valiant
|-supereffective|p1a: Iron Valiant
|-damage|p1a: Iron Valiant|0 fnt
|-unboost|p2a: Gholdengo|spa|1
|faint|p1a: Iron Valiant
|-end|p1a: Iron Valiant|Quark Drive|[silent]
|
|upkeep
|
|t:|1757873791
|switch|p1a: Ceruledge|Ceruledge, F|91/100
|-damage|p1a: Ceruledge|66/100|[from] Stealth Rock
|-item|p1a: Ceruledge|Air Balloon
|turn|24
|
|t:|1757873797
|switch|p2a: Hydrapple|Hydrapple, F|100/100
|move|p1a: Ceruledge|Swords Dance|p1a: Ceruledge
|-boost|p1a: Ceruledge|atk|2
|
|upkeep
|turn|25
|
|t:|1757873800
|move|p1a: Ceruledge|Bitter Blade|p2a: Hydrapple
|-damage|p2a: Hydrapple|52/100
|-heal|p1a: Ceruledge|100/100|[from] drain|[of] p2a: Hydrapple
|move|p2a: Hydrapple|Fickle Beam|p1a: Ceruledge
|-damage|p1a: Ceruledge|60/100
|-enditem|p1a: Ceruledge|Air Balloon
|
|upkeep
|turn|26
|
|t:|1757873806
|move|p1a: Ceruledge|Bitter Blade|p2a: Hydrapple
|-damage|p2a: Hydrapple|0 fnt
|-heal|p1a: Ceruledge|97/100|[from] drain|[of] p2a: Hydrapple
|faint|p2a: Hydrapple
|
|upkeep
|inactive|gsclt1 spikes has 270 seconds left.
|inactive|gsclt1 spikes has 240 seconds left.
|inactive|gsclt1 spikes has 210 seconds left.
|
|t:|1757873908
|switch|p2a: Gholdengo|Gholdengo|84/100
|-damage|p2a: Gholdengo|67/100|[from] Spikes
|turn|27
|
|t:|1757873912
|switch|p2a: Clefable|Clefable, M|62/100
|move|p1a: Ceruledge|Shadow Sneak|p2a: Clefable
|-damage|p2a: Clefable|32/100
|-damage|p1a: Ceruledge|81/100|[from] item: Rocky Helmet|[of] p2a: Clefable
|
|upkeep
|turn|28
|
|t:|1757873922
|move|p1a: Ceruledge|Bitter Blade|p2a: Clefable
|-damage|p2a: Clefable|0 fnt
|-heal|p1a: Ceruledge|100/100|[from] drain|[of] p2a: Clefable
|-damage|p1a: Ceruledge|84/100|[from] item: Rocky Helmet|[of] p2a: Clefable
|faint|p2a: Clefable
|
|upkeep
|inactive|gsclt1 spikes has 210 seconds left.
|
|t:|1757873962
|switch|p2a: Zamazenta|Zamazenta|100/100
|-ability|p2a: Zamazenta|Dauntless Shield|boost
|-boost|p2a: Zamazenta|def|1
|turn|29
|
|t:|1757873967
|move|p2a: Zamazenta|Stone Edge|p1a: Ceruledge
|-supereffective|p1a: Ceruledge
|-damage|p1a: Ceruledge|0 fnt
|faint|p1a: Ceruledge
|
|upkeep
|
|t:|1757873975
|switch|p1a: Zamazenta|Zamazenta, shiny|94/100
|-damage|p1a: Zamazenta|88/100|[from] Stealth Rock
|turn|30
|
|t:|1757873978
|move|p1a: Zamazenta|Howl|p1a: Zamazenta
|-boost|p1a: Zamazenta|atk|1
|move|p2a: Zamazenta|Close Combat|p1a: Zamazenta
|-damage|p1a: Zamazenta|32/100
|-unboost|p2a: Zamazenta|def|1
|-unboost|p2a: Zamazenta|spd|1
|
|upkeep
|turn|31
|
|t:|1757873983
|move|p2a: Zamazenta|Close Combat|p1a: Zamazenta
|-damage|p1a: Zamazenta|0 fnt
|-unboost|p2a: Zamazenta|def|1
|-unboost|p2a: Zamazenta|spd|1
|faint|p1a: Zamazenta
|
|win|gsclt1 spikes
