|j|☆noob1877 test
|j|☆healorant
|t:|1757866822
|gametype|singles
|player|p1|noob1877 test|1|1768
|player|p2|healorant|alder|1743
|gen|9
|tier|[Gen 9] OU
|rated|
|rule|HP Percentage Mod: HP is shown in percentages
|rule|Endless Battle Clause: Forcing endless battles is banned
|rule|Species Clause: Limit one of each Pokémon
|rule|OHKO Clause: OHKO moves are banned
|rule|Evasion Items Clause: Evasion items are banned
|rule|Evasion Moves Clause: Evasion moves are banned
|rule|Evasion Abilities Clause: Evasion abilities are banned
|rule|Sleep Moves Clause: Sleep-inducing moves are banned
|clearpoke
|poke|p1|Ogerpon-Wellspring, F|
|poke|p1|Tinkaton, F|
|poke|p1|Ting-Lu|
|poke|p1|Gholdengo|
|poke|p1|Hatterene, F|
|poke|p1|Latios, M|
|poke|p2|Hydrapple, M|
|poke|p2|Gholdengo|
|poke|p2|Samurott-Hisui, M|
|poke|p2|Ting-Lu|
|poke|p2|Tornadus-Therian, M|
|poke|p2|Zamazenta-*|
|teampreview
|inactive|Battle timer is ON: inactive players will automatically lose when time's up. (requested by healorant)
|
|t:|1757866843
|teamsize|p1|6
|teamsize|p2|6
|start
|switch|p1a: Tinkaton|Tinkaton, F|100/100
|switch|p2a: Ting-Lu|Ting-Lu|100/100
|-ability|p1a: Tinkaton|Mold Breaker
|-item|p1a: Tinkaton|Air Balloon
|-ability|p2a: Ting-Lu|Vessel of Ruin
|turn|1
|
|t:|1757866849
|move|p1a: Tinkaton|Stealth Rock|p2a: Ting-Lu
|-sidestart|p2: healorant|move: Stealth Rock
|move|p2a: Ting-Lu|Stealth Rock|p1a: Tinkaton
|-sidestart|p1: noob1877 test|move: Stealth Rock
|
|upkeep
|turn|2
|
|t:|1757866851
|switch|p1a: Hatterene|Hatterene, F|100/100
|-damage|p1a: Hatterene|88/100|[from] Stealth Rock
|move|p2a: Ting-Lu|Ruination|p1a: Hatterene
|-damage|p1a: Hatterene|45/100
|
|upkeep
|turn|3
|
|t:|1757866855
|move|p2a: Ting-Lu|Earthquake|p1a: Hatterene
|-damage|p1a: Hatterene|12/100
|move|p1a: Hatterene|Pain Split|p2a: Ting-Lu
|-sethp|p2a: Ting-Lu|54/100|[from] move: Pain Split|[silent]
|-sethp|p1a: Hatterene|87/100|[from] move: Pain Split
|
|-heal|p2a: Ting-Lu|60/100|[from] item: Leftovers
|upkeep
|turn|4
|
|t:|1757866864
|switch|p2a: Gholdengo|Gholdengo|100/100
|-damage|p2a: Gholdengo|94/100|[from] Stealth Rock
|move|p1a: Hatterene|Draining Kiss|p2a: Gholdengo
|-resisted|p2a: Gholdengo
|-damage|p2a: Gholdengo|81/100
|-heal|p1a: Hatterene|97/100|[from] drain|[of] p2a: Gholdengo
|
|upkeep
|turn|5
|
|t:|1757866871
|move|p2a: Gholdengo|Make It Rain|p1a: Hatterene
|-supereffective|p1a: Hatterene
|-damage|p1a: Hatterene|0 fnt
|-unboost|p2a: Gholdengo|spa|1
|faint|p1a: Hatterene
|
|upkeep
|
|t:|1757866875
|switch|p1a: Ogerpon|Ogerpon-Wellspring, F|100/100
|-damage|p1a: Ogerpon|88/100|[from] Stealth Rock
|turn|6
|
|t:|1757866878
|switch|p2a: Hydrapple|Hydrapple, M|100/100
|move|p1a: Ogerpon|Knock Off|p2a: Hydrapple
|-damage|p2a: Hydrapple|80/100
|-enditem|p2a: Hydrapple|Heavy-Duty Boots|[from] move: Knock Off|[of] p1a: Ogerpon
|
|upkeep
|turn|7
|
|t:|1757866882
|switch|p1a: Tinkaton|Tinkaton, F|100/100
|-damage|p1a: Tinkaton|94/100|[from] Stealth Rock
|-ability|p1a: Tinkaton|Mold Breaker
|-item|p1a: Tinkaton|Air Balloon
|move|p2a: Hydrapple|Fickle Beam|p1a: Tinkaton
|-immune|p1a: Tinkaton
|
|upkeep
|turn|8
|
|t:|1757866897
|move|p1a: Tinkaton|Gigaton Hammer|p2a: Hydrapple
|-damage|p2a: Hydrapple|56/100
|move|p2a: Hydrapple|Giga Drain|p1a: Tinkaton
|-resisted|p1a: Tinkaton
|-damage|p1a: Tinkaton|81/100
|-heal|p2a: Hydrapple|62/100|[from] drain|[of] p1a: Tinkaton
|-enditem|p1a: Tinkaton|Air Balloon
|
|upkeep
|turn|9
|j| corpsefire
|
|t:|1757866903
|move|p1a: Tinkaton|Thunder Wave|p2a: Hydrapple
|-status|p2a: Hydrapple|par
|move|p2a: Hydrapple|Earth Power|p1a: Tinkaton
|-supereffective|p1a: Tinkaton
|-damage|p1a: Tinkaton|42/100
|
|upkeep
|turn|10
|j| niklor
|
|t:|1757866912
|switch|p1a: Ting-Lu|Ting-Lu|100/100
|-damage|p1a: Ting-Lu|94/100|[from] Stealth Rock
|-ability|p1a: Ting-Lu|Vessel of Ruin
|switch|p2a: Ting-Lu|Ting-Lu|60/100
|-damage|p2a: Ting-Lu|54/100|[from] Stealth Rock
|-ability|p2a: Ting-Lu|Vessel of Ruin
|
|-heal|p2a: Ting-Lu|60/100|[from] item: Leftovers
|-heal|p1a: Ting-Lu|100/100|[from] item: Leftovers
|upkeep
|turn|11
|
|t:|1757866917
|move|p1a: Ting-Lu|Spikes|p2a: Ting-Lu
|-sidestart|p2: healorant|Spikes
|move|p2a: Ting-Lu|Ruination|p1a: Ting-Lu
|-damage|p1a: Ting-Lu|50/100
|
|-heal|p2a: Ting-Lu|66/100|[from] item: Leftovers
|-heal|p1a: Ting-Lu|57/100|[from] item: Leftovers
|upkeep
|turn|12
|
|t:|1757866922
|move|p1a: Ting-Lu|Spikes|p2a: Ting-Lu
|-sidestart|p2: healorant|Spikes
|move|p2a: Ting-Lu|Ruination|p1a: Ting-Lu
|-damage|p1a: Ting-Lu|29/100
|
|-heal|p2a: Ting-Lu|72/100|[from] item: Leftovers
|-heal|p1a: Ting-Lu|35/100|[from] item: Leftovers
|upkeep
|turn|13
|
|t:|1757866926
|move|p1a: Ting-Lu|Spikes|p2a: Ting-Lu
|-sidestart|p2: healorant|Spikes
|move|p2a: Ting-Lu|Whirlwind|p1a: Ting-Lu
|drag|p1a: Latios|Latios, M|100/100
|-damage|p1a: Latios|88/100|[from] Stealth Rock
|
|-heal|p2a: Ting-Lu|79/100|[from] item: Leftovers
|upkeep
|turn|14
|
|t:|1757866937
|move|p1a: Latios|Trick|p2a: Ting-Lu
|-activate|p1a: Latios|move: Trick|[of] p2a: Ting-Lu
|-item|p2a: Ting-Lu|Choice Scarf|[from] move: Trick
|-item|p1a: Latios|Leftovers|[from] move: Trick
|move|p2a: Ting-Lu|Ruination|p1a: Latios
|-damage|p1a: Latios|44/100
|
|-heal|p1a: Latios|50/100|[from] item: Leftovers
|upkeep
|turn|15
|l| corpsefire
|
|t:|1757866951
|switch|p1a: Tinkaton|Tinkaton, F|42/100
|-damage|p1a: Tinkaton|36/100|[from] Stealth Rock
|-ability|p1a: Tinkaton|Mold Breaker
|switch|p2a: Tornadus|Tornadus-Therian, M|100/100
|
|upkeep
|turn|16
|
|t:|1757866955
|move|p2a: Tornadus|U-turn|p1a: Tinkaton
|-resisted|p1a: Tinkaton
|-damage|p1a: Tinkaton|32/100
|
|t:|1757866959
|switch|p2a: Samurott|Samurott-Hisui, M|100/100|[from] U-turn
|move|p1a: Tinkaton|Thunder Wave|p2a: Samurott
|-status|p2a: Samurott|par
|
|upkeep
|turn|17
|
|t:|1757866966
|move|p1a: Tinkaton|Encore||[still]
|-fail|p1a: Tinkaton
|move|p2a: Samurott|Ceaseless Edge|p1a: Tinkaton|[miss]
|-miss|p2a: Samurott|p1a: Tinkaton
|
|upkeep
|turn|18
|
|t:|1757866972
|move|p1a: Tinkaton|Gigaton Hammer|p2a: Samurott
|-resisted|p2a: Samurott
|-damage|p2a: Samurott|73/100 par
|move|p2a: Samurott|Ceaseless Edge|p1a: Tinkaton
|-resisted|p1a: Tinkaton
|-damage|p1a: Tinkaton|7/100
|-sidestart|p1: noob1877 test|Spikes
|
|upkeep
|turn|19
|
|t:|1757866976
|move|p1a: Tinkaton|Encore|p2a: Samurott
|-start|p2a: Samurott|Encore
|cant|p2a: Samurott|par
|
|upkeep
|turn|20
|
|t:|1757866979
|move|p1a: Tinkaton|Gigaton Hammer|p2a: Samurott
|-resisted|p2a: Samurott
|-damage|p2a: Samurott|46/100 par
|move|p2a: Samurott|Ceaseless Edge|p1a: Tinkaton
|-resisted|p1a: Tinkaton
|-damage|p1a: Tinkaton|0 fnt
|-sidestart|p1: noob1877 test|Spikes
|faint|p1a: Tinkaton
|
|upkeep
|
|t:|1757866982
|switch|p1a: Ogerpon|Ogerpon-Wellspring, F|88/100
|-damage|p1a: Ogerpon|76/100|[from] Stealth Rock
|-damage|p1a: Ogerpon|59/100|[from] Spikes
|turn|21
|j| corpsefire
|
|t:|1757866987
|switch|p2a: Hydrapple|Hydrapple, M|95/100 par
|-damage|p2a: Hydrapple|83/100 par|[from] Stealth Rock
|-damage|p2a: Hydrapple|58/100 par|[from] Spikes
|move|p1a: Ogerpon|Substitute|p1a: Ogerpon
|-start|p1a: Ogerpon|Substitute
|-damage|p1a: Ogerpon|35/100
|
|upkeep
|turn|22
|
|t:|1757866992
|move|p1a: Ogerpon|Knock Off|p2a: Hydrapple
|-damage|p2a: Hydrapple|45/100 par
|move|p2a: Hydrapple|Giga Drain|p1a: Ogerpon
|-end|p1a: Ogerpon|Substitute
|-heal|p2a: Hydrapple|54/100 par|[from] drain|[of] p1a: Ogerpon
|
|upkeep
|turn|23
|
|t:|1757866998
|switch|p1a: Gholdengo|Gholdengo|100/100
|-damage|p1a: Gholdengo|94/100|[from] Stealth Rock
|-item|p1a: Gholdengo|Air Balloon
|cant|p2a: Hydrapple|par
|
|upkeep
|turn|24
|
|t:|1757867007
|switch|p2a: Ting-Lu|Ting-Lu|79/100
|-damage|p2a: Ting-Lu|72/100|[from] Stealth Rock
|-damage|p2a: Ting-Lu|48/100|[from] Spikes
|-ability|p2a: Ting-Lu|Vessel of Ruin
|move|p1a: Gholdengo|Make It Rain|p2a: Ting-Lu
|-damage|p2a: Ting-Lu|25/100
|-unboost|p1a: Gholdengo|spa|1
|
|upkeep
|turn|25
|
|t:|1757867011
|switch|p1a: Ting-Lu|Ting-Lu|35/100
|-damage|p1a: Ting-Lu|29/100|[from] Stealth Rock
|-damage|p1a: Ting-Lu|12/100|[from] Spikes
|-ability|p1a: Ting-Lu|Vessel of Ruin
|move|p2a: Ting-Lu|Ruination|p1a: Ting-Lu
|-damage|p1a: Ting-Lu|6/100
|
|-heal|p1a: Ting-Lu|13/100|[from] item: Leftovers
|upkeep
|turn|26
|
|t:|1757867018
|switch|p2a: Tornadus|Tornadus-Therian, M|100/100
|move|p1a: Ting-Lu|Earthquake|p2a: Tornadus
|-immune|p2a: Tornadus
|
|-heal|p1a: Ting-Lu|19/100|[from] item: Leftovers
|upkeep
|turn|27
|
|t:|1757867022
|move|p2a: Tornadus|U-turn|p1a: Ting-Lu
|-supereffective|p1a: Ting-Lu
|-damage|p1a: Ting-Lu|4/100
|
|t:|1757867024
|switch|p2a: Ting-Lu|Ting-Lu|25/100|[from] U-turn
|-damage|p2a: Ting-Lu|19/100|[from] Stealth Rock
|-damage|p2a: Ting-Lu|0 fnt|[from] Spikes
|faint|p2a: Ting-Lu
|move|p1a: Ting-Lu|Whirlwind|p2: Ting-Lu|[notarget]
|-fail|p1a: Ting-Lu
|
|-heal|p1a: Ting-Lu|10/100|[from] item: Leftovers
|upkeep
|
|t:|1757867026
|switch|p2a: Tornadus|Tornadus-Therian, M|100/100
|turn|28
|
|t:|1757867028
|move|p2a: Tornadus|U-turn|p1a: Ting-Lu
|-supereffective|p1a: Ting-Lu
|-damage|p1a: Ting-Lu|0 fnt
|faint|p1a: Ting-Lu
|
|t:|1757867033
|switch|p2a: Samurott|Samurott-Hisui, M|46/100 par|[from] U-turn
|
|upkeep
|
|t:|1757867040
|switch|p1a: Latios|Latios, M|50/100
|-damage|p1a: Latios|38/100|[from] Stealth Rock
|turn|29
|j| wgw2333
|
|t:|1757867045
|move|p1a: Latios|Trick|p2a: Samurott
|-activate|p1a: Latios|move: Trick|[of] p2a: Samurott
|-item|p2a: Samurott|Leftovers|[from] move: Trick
|-item|p1a: Latios|Heavy-Duty Boots|[from] move: Trick
|move|p2a: Samurott|Ceaseless Edge|p1a: Latios
|-supereffective|p1a: Latios
|-damage|p1a: Latios|0 fnt
|-sidestart|p1: noob1877 test|Spikes
|faint|p1a: Latios
|
|-heal|p2a: Samurott|52/100 par|[from] item: Leftovers
|upkeep
|
|t:|1757867054
|switch|p1a: Gholdengo|Gholdengo|94/100
|-damage|p1a: Gholdengo|88/100|[from] Stealth Rock
|-item|p1a: Gholdengo|Air Balloon
|turn|30
|
|t:|1757867068
|move|p1a: Gholdengo|Hex|p2a: Samurott
|-resisted|p2a: Samurott
|-damage|p2a: Samurott|5/100 par
|move|p2a: Samurott|Aqua Cutter|p1a: Gholdengo
|-damage|p1a: Gholdengo|48/100
|-enditem|p1a: Gholdengo|Air Balloon
|
|-heal|p2a: Samurott|11/100 par|[from] item: Leftovers
|upkeep
|turn|31
|
|t:|1757867074
|move|p2a: Samurott|Sucker Punch||[still]
|-fail|p2a: Samurott
|move|p1a: Gholdengo|Recover|p1a: Gholdengo
|-heal|p1a: Gholdengo|98/100
|
|-heal|p2a: Samurott|18/100 par|[from] item: Leftovers
|upkeep
|turn|32
|
|t:|1757867076
|move|p2a: Samurott|Sucker Punch|p1a: Gholdengo
|-supereffective|p1a: Gholdengo
|-damage|p1a: Gholdengo|51/100
|move|p1a: Gholdengo|Hex|p2a: Samurott
|-resisted|p2a: Samurott
|-crit|p2a: Samurott
|-damage|p2a: Samurott|0 fnt
|faint|p2a: Samurott
|
|upkeep
|
|t:|1757867085
|switch|p2a: Gholdengo|Gholdengo|81/100
|-damage|p2a: Gholdengo|75/100|[from] Stealth Rock
|-damage|p2a: Gholdengo|50/100|[from] Spikes
|turn|33
|
|t:|1757867093
|-terastallize|p1a: Gholdengo|Fairy
|move|p2a: Gholdengo|Shadow Ball|p1a: Gholdengo
|-damage|p1a: Gholdengo|9/100
|move|p1a: Gholdengo|Recover|p1a: Gholdengo
|-heal|p1a: Gholdengo|59/100
|
|upkeep
|turn|34
|j| pallettownnoob
|
|t:|1757867099
|switch|p2a: Hydrapple|Hydrapple, M|87/100 par
|-damage|p2a: Hydrapple|75/100 par|[from] Stealth Rock
|-damage|p2a: Hydrapple|50/100 par|[from] Spikes
|move|p1a: Gholdengo|Recover|p1a: Gholdengo
|-heal|p1a: Gholdengo|100/100
|
|upkeep
|turn|35
|
|t:|1757867102
|move|p1a: Gholdengo|Hex|p2a: Hydrapple
|-damage|p2a: Hydrapple|0 fnt
|faint|p2a: Hydrapple
|
|upkeep
|
|t:|1757867104
|switch|p2a: Gholdengo|Gholdengo|50/100
|-damage|p2a: Gholdengo|44/100|[from] Stealth Rock
|-damage|p2a: Gholdengo|20/100|[from] Spikes
|turn|36
|
|t:|1757867107
|switch|p1a: Ogerpon|Ogerpon-Wellspring, F|35/100
|-damage|p1a: Ogerpon|22/100|[from] Stealth Rock
|-damage|p1a: Ogerpon|0 fnt|[from] Spikes
|faint|p1a: Ogerpon
|move|p2a: Gholdengo|Make It Rain|p1: Ogerpon|[notarget]
|-fail|p2a: Gholdengo
|
|upkeep
|
|t:|1757867108
|switch|p1a: Gholdengo|Gholdengo, tera:Fairy|100/100
|-damage|p1a: Gholdengo|88/100|[from] Stealth Rock
|-damage|p1a: Gholdengo|63/100|[from] Spikes
|turn|37
|
|t:|1757867110
|move|p2a: Gholdengo|Make It Rain|p1a: Gholdengo
|-supereffective|p1a: Gholdengo
|-damage|p1a: Gholdengo|0 fnt
|-unboost|p2a: Gholdengo|spa|1
|faint|p1a: Gholdengo
|
|win|healorant
|raw|noob1877 test's rating: 1768 &rarr; <strong>1747</strong><br />(-21 for losing)
|raw|healorant's rating: 1743 &rarr; <strong>1764</strong><br />(+21 for winning)
|l|☆noob1877 test
|player|p1|
|l|☆healorant
|player|p2|
|l| corpsefire
|l| pallettownnoob
