|inactive|Battle timer is ON: inactive players will automatically lose when time's up.
|badge|p1|bronze|gen9randombattle|100-6
|uhtml|medal-msg|<div class="broadcast-blue">Curious what those medals under the avatar are? PS now has Ladder Seasons! For more information, check out the <a href="https://www.smogon.com/forums/threads/3740067/">thread on Smogon.</a></div>
|t:|1757871389
|gametype|singles
|player|p1|dorapult|dawn|
|player|p2|Bloody alfa|unknown|
|gen|9
|tier|[Gen 9] OU
|rule|HP Percentage Mod: HP is shown in percentages
|rule|Endless Battle Clause: Forcing endless battles is banned
|rule|Species Clause: Limit one of each Pokémon
|rule|OHKO Clause: OHKO moves are banned
|rule|Evasion Items Clause: Evasion items are banned
|rule|Evasion Moves Clause: Evasion moves are banned
|rule|Evasion Abilities Clause: Evasion abilities are banned
|rule|Sleep Moves Clause: Sleep-inducing moves are banned
|clearpoke
|poke|p1|Dragapult, M|
|poke|p1|Ogerpon-Wellspring, F|
|poke|p1|Moltres|
|poke|p1|Corviknight, M|
|poke|p1|Ting-Lu|
|poke|p1|Slowking-Galar, F|
|poke|p2|Kyurem|
|poke|p2|Cinderace, F|
|poke|p2|Landorus-Therian, M|
|poke|p2|Darkrai|
|poke|p2|Alomomola, F|
|poke|p2|Pecharunt|
|teampreview
|inactive|Bloody alfa also wants the timer to be on.
|c|☆Bloody alfa|hf
|c|☆dorapult|u2
|inactive|dorapult has 270 seconds left.
|inactive|Bloody alfa has 270 seconds left.
|inactive|dorapult has 240 seconds left.
|inactive|Bloody alfa has 240 seconds left.
|inactive|dorapult has 210 seconds left.
|
|t:|1757871489
|teamsize|p1|6
|teamsize|p2|6
|start
|switch|p1a: Dragapult|Dragapult, M|100/100
|switch|p2a: Landorus|Landorus-Therian, M|100/100
|-ability|p2a: Landorus|Intimidate|boost
|-unboost|p1a: Dragapult|atk|1
|turn|1
|inactive|Bloody alfa has 270 seconds left.
|
|t:|1757871520
|switch|p1a: Corviknight|Corviknight, M|100/100
|-ability|p1a: Corviknight|Pressure
|move|p2a: Landorus|U-turn|p1a: Corviknight
|-resisted|p1a: Corviknight
|-damage|p1a: Corviknight|96/100
|-damage|p2a: Landorus|84/100|[from] item: Rocky Helmet|[of] p1a: Corviknight
|inactive|Bloody alfa has 270 seconds left.
|
|t:|1757871527
|switch|p2a: Cinderace|Cinderace, F|100/100|[from] U-turn
|
|upkeep
|turn|2
|inactive|Bloody alfa has 270 seconds left.
|
|t:|1757871553
|switch|p1a: Moltres|Moltres|100/100
|move|p2a: Cinderace|Pyro Ball|p1a: Moltres
|-resisted|p1a: Moltres
|-damage|p1a: Moltres|79/100
|
|upkeep
|turn|3
|
|t:|1757871566
|switch|p2a: Alomomola|Alomomola, F|100/100
|move|p1a: Moltres|Will-O-Wisp|p2a: Alomomola
|-status|p2a: Alomomola|brn
|
|-damage|p2a: Alomomola|94/100 brn|[from] brn
|upkeep
|turn|4
|inactive|dorapult has 240 seconds left.
|
|t:|1757871588
|switch|p1a: Slowking|Slowking-Galar, F|100/100
|move|p2a: Alomomola|Body Slam|p1a: Slowking
|-damage|p1a: Slowking|92/100
|
|-damage|p2a: Alomomola|88/100 brn|[from] brn
|upkeep
|turn|5
|inactive|dorapult has 240 seconds left.
|
|t:|1757871613
|move|p2a: Alomomola|Body Slam|p1a: Slowking
|-damage|p1a: Slowking|84/100
|move|p1a: Slowking|Future Sight|p2a: Alomomola
|-start|p1a: Slowking|move: Future Sight
|
|-damage|p2a: Alomomola|82/100 brn|[from] brn
|upkeep
|turn|6
|inactive|Bloody alfa has 270 seconds left.
|inactive|dorapult has 210 seconds left.
|
|t:|1757871651
|switch|p1a: Ogerpon|Ogerpon-Wellspring, F|100/100
|move|p2a: Alomomola|Body Slam|p1a: Ogerpon
|-damage|p1a: Ogerpon|91/100
|
|-damage|p2a: Alomomola|76/100 brn|[from] brn
|upkeep
|turn|7
|inactive|dorapult has 210 seconds left.
|inactive|Bloody alfa has 240 seconds left.
|inactive|Bloody alfa has 210 seconds left.
|inactive|Bloody alfa has 180 seconds left.
|
|t:|1757871738
|switch|p2a: Landorus|Landorus-Therian, M|84/100
|-ability|p2a: Landorus|Intimidate|boost
|-unboost|p1a: Ogerpon|atk|1
|move|p1a: Ogerpon|Knock Off|p2a: Landorus
|-damage|p2a: Landorus|56/100
|-enditem|p2a: Landorus|Choice Scarf|[from] move: Knock Off|[of] p1a: Ogerpon
|
|-end|p2a: Landorus|move: Future Sight
|-damage|p2a: Landorus|0 fnt
|faint|p2a: Landorus
|upkeep
|
|t:|1757871748
|switch|p2a: Kyurem|Kyurem|100/100
|-ability|p2a: Kyurem|Pressure
|turn|8
|inactive|dorapult has 180 seconds left.
|
|t:|1757871789
|switch|p1a: Moltres|Moltres|79/100
|move|p2a: Kyurem|Freeze-Dry|p1a: Moltres
|-damage|p1a: Moltres|52/100
|
|upkeep
|turn|9
|
|t:|1757871808
|switch|p2a: Darkrai|Darkrai|100/100
|move|p1a: Moltres|Roost|p1a: Moltres
|-heal|p1a: Moltres|100/100
|-singleturn|p1a: Moltres|move: Roost
|
|upkeep
|turn|10
|
|t:|1757871821
|switch|p1a: Ting-Lu|Ting-Lu|100/100
|-ability|p1a: Ting-Lu|Vessel of Ruin
|move|p2a: Darkrai|Trick|p1a: Ting-Lu
|-activate|p2a: Darkrai|move: Trick|[of] p1a: Ting-Lu
|-item|p1a: Ting-Lu|Choice Specs|[from] move: Trick
|-item|p2a: Darkrai|Leftovers|[from] move: Trick
|
|upkeep
|turn|11
|inactive|dorapult has 150 seconds left.
|
|t:|1757871839
|move|p2a: Darkrai|Will-O-Wisp|p1a: Ting-Lu|[miss]
|-miss|p2a: Darkrai|p1a: Ting-Lu
|move|p1a: Ting-Lu|Stealth Rock|p2a: Darkrai
|-sidestart|p2: Bloody alfa|move: Stealth Rock
|
|upkeep
|turn|12
|inactive|Bloody alfa has 210 seconds left.
|
|t:|1757871847
|switch|p1a: Moltres|Moltres|100/100
|move|p2a: Darkrai|Dark Pulse|p1a: Moltres
|-damage|p1a: Moltres|69/100
|
|upkeep
|turn|13
|inactive|Bloody alfa has 210 seconds left.
|
|t:|1757871861
|switch|p2a: Cinderace|Cinderace, F|100/100
|move|p1a: Moltres|U-turn|p2a: Cinderace
|-resisted|p2a: Cinderace
|-damage|p2a: Cinderace|92/100
|inactive|dorapult has 150 seconds left.
|
|t:|1757871891
|switch|p1a: Dragapult|Dragapult, M|100/100|[from] U-turn
|
|upkeep
|turn|14
|
|t:|1757871903
|move|p2a: Cinderace|Sucker Punch|p1a: Dragapult
|-start|p2a: Cinderace|typechange|Dark|[from] ability: Libero
|-supereffective|p1a: Dragapult
|-damage|p1a: Dragapult|21/100
|move|p1a: Dragapult|Dragon Darts|p2a: Cinderace
|-damage|p2a: Cinderace|50/100
|-anim|p1a: Dragapult|Dragon Darts|p2a: Cinderace
|-damage|p2a: Cinderace|9/100
|
|upkeep
|turn|15
|inactive|Bloody alfa has 210 seconds left.
|inactive|dorapult has 120 seconds left.
|
|t:|1757871939
|switch|p1a: Moltres|Moltres|69/100
|move|p2a: Cinderace|Sucker Punch||[still]
|-fail|p2a: Cinderace
|
|upkeep
|turn|16
|inactive|dorapult has 120 seconds left.
|
|t:|1757871946
|move|p2a: Cinderace|Court Change|p2a: Cinderace
|-swapsideconditions
|-activate|p2a: Cinderace|move: Court Change
|move|p1a: Moltres|U-turn|p2a: Cinderace
|-supereffective|p2a: Cinderace
|-damage|p2a: Cinderace|0 fnt
|faint|p2a: Cinderace
|inactive|dorapult has 120 seconds left.
|
|t:|1757871967
|switch|p1a: Slowking|Slowking-Galar, F|100/100|[from] U-turn
|
|upkeep
|inactive|Bloody alfa has 210 seconds left.
|
|t:|1757871975
|switch|p2a: Darkrai|Darkrai|100/100
|turn|17
|
|t:|1757871993
|switch|p1a: Ting-Lu|Ting-Lu|100/100
|-damage|p1a: Ting-Lu|94/100|[from] Stealth Rock
|-ability|p1a: Ting-Lu|Vessel of Ruin
|move|p2a: Darkrai|Dark Pulse|p1a: Ting-Lu
|-resisted|p1a: Ting-Lu
|-damage|p1a: Ting-Lu|85/100
|
|upkeep
|turn|18
|inactive|dorapult has 90 seconds left.
|
|t:|1757872019
|move|p2a: Darkrai|Will-O-Wisp|p1a: Ting-Lu|[miss]
|-miss|p2a: Darkrai|p1a: Ting-Lu
|move|p1a: Ting-Lu|Earthquake|p2a: Darkrai
|-damage|p2a: Darkrai|48/100
|
|-heal|p2a: Darkrai|54/100|[from] item: Leftovers
|upkeep
|turn|19
|inactive|dorapult has 90 seconds left.
|
|t:|1757872033
|move|p2a: Darkrai|Will-O-Wisp|p1a: Ting-Lu
|-status|p1a: Ting-Lu|brn
|move|p1a: Ting-Lu|Earthquake|p2a: Darkrai
|-damage|p2a: Darkrai|31/100
|
|-heal|p2a: Darkrai|37/100|[from] item: Leftovers
|-damage|p1a: Ting-Lu|79/100 brn|[from] brn
|upkeep
|turn|20
|inactive|Bloody alfa has 240 seconds left.
|inactive|dorapult has 90 seconds left.
|
|t:|1757872048
|switch|p2a: Pecharunt|Pecharunt|100/100
|switch|p1a: Slowking|Slowking-Galar, F|100/100
|
|upkeep
|turn|21
|inactive|Bloody alfa has 240 seconds left.
|inactive|dorapult has 90 seconds left.
|
|t:|1757872079
|move|p2a: Pecharunt|Parting Shot|p1a: Slowking
|-unboost|p1a: Slowking|atk|1
|-unboost|p1a: Slowking|spa|1
|
|t:|1757872081
|switch|p2a: Darkrai|Darkrai|37/100|[from] Parting Shot
|move|p1a: Slowking|Sludge Bomb|p2a: Darkrai
|-damage|p2a: Darkrai|0 fnt
|faint|p2a: Darkrai
|
|upkeep
|inactive|Bloody alfa has 240 seconds left.
|
|t:|1757872086
|switch|p2a: Kyurem|Kyurem|100/100
|-ability|p2a: Kyurem|Pressure
|turn|22
|inactive|dorapult has 60 seconds left.
|
|t:|1757872119
|move|p2a: Kyurem|Substitute|p2a: Kyurem
|-start|p2a: Kyurem|Substitute
|-damage|p2a: Kyurem|75/100
|move|p1a: Slowking|Sludge Bomb|p2a: Kyurem
|-end|p2a: Kyurem|Substitute
|
|-heal|p2a: Kyurem|82/100|[from] item: Leftovers
|upkeep
|turn|23
|
|t:|1757872128
|-terastallize|p2a: Kyurem|Ground
|move|p2a: Kyurem|Substitute|p2a: Kyurem
|-start|p2a: Kyurem|Substitute
|-damage|p2a: Kyurem|57/100
|move|p1a: Slowking|Future Sight|p2a: Kyurem
|-start|p1a: Slowking|move: Future Sight
|
|-heal|p2a: Kyurem|63/100|[from] item: Leftovers
|upkeep
|turn|24
|
|t:|1757872140
|-terastallize|p1a: Slowking|Ice
|move|p2a: Kyurem|Earth Power|p1a: Slowking
|-damage|p1a: Slowking|64/100
|move|p1a: Slowking|Ice Beam|p2a: Kyurem
|-supereffective|p2a: Kyurem
|-end|p2a: Kyurem|Substitute
|
|-heal|p2a: Kyurem|69/100|[from] item: Leftovers
|upkeep
|turn|25
|
|t:|1757872148
|move|p2a: Kyurem|Earth Power|p1a: Slowking
|-damage|p1a: Slowking|26/100
|-prepare|p1a: Slowking|Chilly Reception|[premajor]
|move|p1a: Slowking|Chilly Reception|p1a: Slowking
|-weather|Snowscape
|
|t:|1757872160
|switch|p1a: Ogerpon|Ogerpon-Wellspring, F|91/100|[from] Chilly Reception
|-damage|p1a: Ogerpon|79/100|[from] Stealth Rock
|
|-weather|Snowscape|[upkeep]
|-end|p2a: Kyurem|move: Future Sight
|-damage|p2a: Kyurem|5/100
|-heal|p2a: Kyurem|11/100|[from] item: Leftovers
|upkeep
|turn|26
|
|t:|1757872166
|switch|p2a: Pecharunt|Pecharunt|100/100
|move|p1a: Ogerpon|Knock Off|p2a: Pecharunt
|-supereffective|p2a: Pecharunt
|-damage|p2a: Pecharunt|66/100
|-enditem|p2a: Pecharunt|Heavy-Duty Boots|[from] move: Knock Off|[of] p1a: Ogerpon
|
|-weather|Snowscape|[upkeep]
|upkeep
|turn|27
|
|t:|1757872184
|switch|p1a: Ting-Lu|Ting-Lu|79/100 brn
|-damage|p1a: Ting-Lu|72/100 brn|[from] Stealth Rock
|-ability|p1a: Ting-Lu|Vessel of Ruin
|move|p2a: Pecharunt|Recover|p2a: Pecharunt
|-heal|p2a: Pecharunt|100/100
|
|-weather|Snowscape|[upkeep]
|-damage|p1a: Ting-Lu|66/100 brn|[from] brn
|upkeep
|turn|28
|
|t:|1757872195
|move|p2a: Pecharunt|Parting Shot|p1a: Ting-Lu
|-unboost|p1a: Ting-Lu|atk|1
|-unboost|p1a: Ting-Lu|spa|1
|
|t:|1757872197
|switch|p2a: Kyurem|Kyurem, tera:Ground|11/100|[from] Parting Shot
|-ability|p2a: Kyurem|Pressure
|move|p1a: Ting-Lu|Stealth Rock|p2a: Kyurem
|-sidestart|p2: Bloody alfa|move: Stealth Rock
|
|-weather|Snowscape|[upkeep]
|-heal|p2a: Kyurem|18/100|[from] item: Leftovers
|-damage|p1a: Ting-Lu|60/100 brn|[from] brn
|upkeep
|turn|29
|inactive|dorapult has 60 seconds left.
|
|t:|1757872223
|switch|p1a: Moltres|Moltres|69/100
|move|p2a: Kyurem|Freeze-Dry|p1a: Moltres
|-damage|p1a: Moltres|41/100
|
|-weather|none
|-heal|p2a: Kyurem|24/100|[from] item: Leftovers
|upkeep
|turn|30
|inactive|dorapult has 60 seconds left.
|
|t:|1757872234
|move|p2a: Kyurem|Icicle Spear|p1a: Moltres
|-damage|p1a: Moltres|32/100
|-damage|p1a: Moltres|22/100
|-damage|p1a: Moltres|12/100
|-hitcount|p1a: Moltres|3
|move|p1a: Moltres|U-turn|p2a: Kyurem
|-damage|p2a: Kyurem|10/100
|inactive|dorapult has 60 seconds left.
|
|t:|1757872245
|switch|p1a: Dragapult|Dragapult, M|21/100|[from] U-turn
|-damage|p1a: Dragapult|9/100|[from] Stealth Rock
|
|-heal|p2a: Kyurem|16/100|[from] item: Leftovers
|upkeep
|turn|31
|
|t:|1757872251
|switch|p2a: Pecharunt|Pecharunt|100/100
|-damage|p2a: Pecharunt|88/100|[from] Stealth Rock
|move|p1a: Dragapult|Dragon Darts|p2a: Pecharunt
|-damage|p2a: Pecharunt|70/100
|-anim|p1a: Dragapult|Dragon Darts|p2a: Pecharunt
|-damage|p2a: Pecharunt|52/100
|
|upkeep
|turn|32
|
|t:|1757872262
|move|p1a: Dragapult|Dragon Darts|p2a: Pecharunt
|-damage|p2a: Pecharunt|36/100
|-anim|p1a: Dragapult|Dragon Darts|p2a: Pecharunt
|-damage|p2a: Pecharunt|19/100
|move|p2a: Pecharunt|Recover|p2a: Pecharunt
|-heal|p2a: Pecharunt|69/100
|
|upkeep
|turn|33
|inactive|dorapult has 60 seconds left.
|
|t:|1757872280
|move|p1a: Dragapult|Dragon Darts|p2a: Pecharunt
|-damage|p2a: Pecharunt|52/100
|-anim|p1a: Dragapult|Dragon Darts|p2a: Pecharunt
|-damage|p2a: Pecharunt|34/100
|move|p2a: Pecharunt|Recover|p2a: Pecharunt
|-heal|p2a: Pecharunt|84/100
|
|upkeep
|turn|34
|
|t:|1757872288
|switch|p1a: Corviknight|Corviknight, M|96/100
|-damage|p1a: Corviknight|84/100|[from] Stealth Rock
|-ability|p1a: Corviknight|Pressure
|move|p2a: Pecharunt|Shadow Ball|p1a: Corviknight
|-damage|p1a: Corviknight|61/100
|
|upkeep
|turn|35
|
|t:|1757872296
|move|p2a: Pecharunt|Shadow Ball|p1a: Corviknight
|-damage|p1a: Corviknight|37/100
|-unboost|p1a: Corviknight|spd|1
|move|p1a: Corviknight|Roost|p1a: Corviknight
|-heal|p1a: Corviknight|87/100
|-singleturn|p1a: Corviknight|move: Roost
|
|upkeep
|turn|36
|
|t:|1757872306
|switch|p1a: Ting-Lu|Ting-Lu|60/100 brn
|-damage|p1a: Ting-Lu|54/100 brn|[from] Stealth Rock
|-ability|p1a: Ting-Lu|Vessel of Ruin
|move|p2a: Pecharunt|Shadow Ball|p1a: Ting-Lu
|-resisted|p1a: Ting-Lu
|-damage|p1a: Ting-Lu|48/100 brn
|
|-damage|p1a: Ting-Lu|42/100 brn|[from] brn
|upkeep
|turn|37
|
|t:|1757872323
|move|p2a: Pecharunt|Parting Shot|p1a: Ting-Lu
|-unboost|p1a: Ting-Lu|atk|1
|-unboost|p1a: Ting-Lu|spa|1
|
|t:|1757872325
|switch|p2a: Alomomola|Alomomola, F|100/100 brn|[from] Parting Shot
|-damage|p2a: Alomomola|88/100 brn|[from] Stealth Rock
|move|p1a: Ting-Lu|Earthquake|p2a: Alomomola
|-crit|p2a: Alomomola
|-damage|p2a: Alomomola|65/100 brn
|
|-damage|p2a: Alomomola|59/100 brn|[from] brn
|-damage|p1a: Ting-Lu|36/100 brn|[from] brn
|upkeep
|turn|38
|
|t:|1757872333
|switch|p2a: Pecharunt|Pecharunt|84/100
|-damage|p2a: Pecharunt|72/100|[from] Stealth Rock
|switch|p1a: Slowking|Slowking-Galar, F, tera:Ice|59/100
|
|upkeep
|turn|39
|inactive|dorapult has 90 seconds left.
|
|t:|1757872340
|switch|p1a: Corviknight|Corviknight, M|87/100
|-damage|p1a: Corviknight|75/100|[from] Stealth Rock
|-ability|p1a: Corviknight|Pressure
|move|p2a: Pecharunt|Malignant Chain|p1a: Corviknight
|-immune|p1a: Corviknight
|
|upkeep
|turn|40
|
|t:|1757872348
|move|p2a: Pecharunt|Shadow Ball|p1a: Corviknight
|-damage|p1a: Corviknight|52/100
|-unboost|p1a: Corviknight|spd|1
|move|p1a: Corviknight|Roost|p1a: Corviknight
|-heal|p1a: Corviknight|100/100
|-singleturn|p1a: Corviknight|move: Roost
|
|upkeep
|turn|41
|
|t:|1757872359
|switch|p1a: Ting-Lu|Ting-Lu|36/100 brn
|-damage|p1a: Ting-Lu|30/100 brn|[from] Stealth Rock
|-ability|p1a: Ting-Lu|Vessel of Ruin
|move|p2a: Pecharunt|Shadow Ball|p1a: Ting-Lu
|-resisted|p1a: Ting-Lu
|-damage|p1a: Ting-Lu|24/100 brn
|
|-damage|p1a: Ting-Lu|18/100 brn|[from] brn
|upkeep
|turn|42
|
|t:|1757872370
|move|p2a: Pecharunt|Parting Shot|p1a: Ting-Lu
|-unboost|p1a: Ting-Lu|atk|1
|-unboost|p1a: Ting-Lu|spa|1
|
|t:|1757872371
|switch|p2a: Alomomola|Alomomola, F|92/100 brn|[from] Parting Shot
|-damage|p2a: Alomomola|80/100 brn|[from] Stealth Rock
|move|p1a: Ting-Lu|Ruination|p2a: Alomomola
|-damage|p2a: Alomomola|40/100 brn
|
|-damage|p2a: Alomomola|34/100 brn|[from] brn
|-damage|p1a: Ting-Lu|12/100 brn|[from] brn
|upkeep
|turn|43
|
|t:|1757872382
|switch|p2a: Pecharunt|Pecharunt|72/100
|-damage|p2a: Pecharunt|59/100|[from] Stealth Rock
|switch|p1a: Slowking|Slowking-Galar, F, tera:Ice|92/100
|
|upkeep
|turn|44
|
|t:|1757872391
|switch|p1a: Corviknight|Corviknight, M|100/100
|-damage|p1a: Corviknight|88/100|[from] Stealth Rock
|-ability|p1a: Corviknight|Pressure
|move|p2a: Pecharunt|Malignant Chain|p1a: Corviknight
|-immune|p1a: Corviknight
|
|upkeep
|turn|45
|
|t:|1757872398
|move|p2a: Pecharunt|Recover|p2a: Pecharunt
|-heal|p2a: Pecharunt|100/100
|move|p1a: Corviknight|Brave Bird|p2a: Pecharunt
|-damage|p2a: Pecharunt|82/100
|-damage|p1a: Corviknight|82/100|[from] Recoil
|
|upkeep
|turn|46
|
|t:|1757872411
|move|p2a: Pecharunt|Parting Shot|p1a: Corviknight
|-unboost|p1a: Corviknight|atk|1
|-unboost|p1a: Corviknight|spa|1
|
|t:|1757872413
|switch|p2a: Alomomola|Alomomola, F|67/100 brn|[from] Parting Shot
|-damage|p2a: Alomomola|55/100 brn|[from] Stealth Rock
|move|p1a: Corviknight|Brave Bird|p2a: Alomomola
|-damage|p2a: Alomomola|37/100 brn
|-damage|p1a: Corviknight|74/100|[from] Recoil
|
|-damage|p2a: Alomomola|31/100 brn|[from] brn
|upkeep
|turn|47
|inactive|dorapult has 120 seconds left.
|
|t:|1757872425
|move|p1a: Corviknight|Brave Bird|p2a: Alomomola
|-damage|p2a: Alomomola|10/100 brn
|-damage|p1a: Corviknight|65/100|[from] Recoil
|move|p2a: Alomomola|Flip Turn|p1a: Corviknight
|-damage|p1a: Corviknight|60/100
|-damage|p2a: Alomomola|0 fnt|[from] item: Rocky Helmet|[of] p1a: Corviknight
|faint|p2a: Alomomola
|
|upkeep
|
|t:|1757872429
|switch|p2a: Kyurem|Kyurem, tera:Ground|16/100
|-damage|p2a: Kyurem|10/100|[from] Stealth Rock
|-ability|p2a: Kyurem|Pressure
|turn|48
|
|t:|1757872442
|switch|p1a: Slowking|Slowking-Galar, F, tera:Ice|100/100
|move|p2a: Kyurem|Freeze-Dry|p1a: Slowking
|-resisted|p1a: Slowking
|-crit|p1a: Slowking
|-damage|p1a: Slowking|79/100
|
|-heal|p2a: Kyurem|16/100|[from] item: Leftovers
|upkeep
|turn|49
|
|t:|1757872447
|move|p2a: Kyurem|Earth Power|p1a: Slowking
|-damage|p1a: Slowking|44/100
|move|p1a: Slowking|Ice Beam|p2a: Kyurem
|-supereffective|p2a: Kyurem
|-crit|p2a: Kyurem
|-damage|p2a: Kyurem|0 fnt
|faint|p2a: Kyurem
|
|upkeep
|
|t:|1757872449
|switch|p2a: Pecharunt|Pecharunt|82/100
|-damage|p2a: Pecharunt|70/100|[from] Stealth Rock
|turn|50
|
|t:|1757872456
|switch|p1a: Dragapult|Dragapult, M|9/100
|-damage|p1a: Dragapult|0 fnt|[from] Stealth Rock
|faint|p1a: Dragapult
|move|p2a: Pecharunt|Malignant Chain|p1: Dragapult|[notarget]
|-fail|p2a: Pecharunt
|
|upkeep
|
|t:|1757872462
|switch|p1a: Corviknight|Corviknight, M|60/100
|-damage|p1a: Corviknight|48/100|[from] Stealth Rock
|-ability|p1a: Corviknight|Pressure
|turn|51
|inactive|Bloody alfa has 270 seconds left.
|
|t:|1757872508
|move|p2a: Pecharunt|Shadow Ball|p1a: Corviknight
|-damage|p1a: Corviknight|23/100
|move|p1a: Corviknight|Roost|p1a: Corviknight
|-heal|p1a: Corviknight|73/100
|-singleturn|p1a: Corviknight|move: Roost
|
|upkeep
|turn|52
|
|t:|1757872514
|move|p2a: Pecharunt|Shadow Ball|p1a: Corviknight
|-damage|p1a: Corviknight|48/100
|move|p1a: Corviknight|Roost|p1a: Corviknight
|-heal|p1a: Corviknight|98/100
|-singleturn|p1a: Corviknight|move: Roost
|
|upkeep
|turn|53
|inactive|Bloody alfa has 270 seconds left.
|
|t:|1757872522
|move|p2a: Pecharunt|Parting Shot|p1a: Corviknight
|-unboost|p1a: Corviknight|atk|1
|-unboost|p1a: Corviknight|spa|1
|move|p1a: Corviknight|Brave Bird|p2a: Pecharunt
|-damage|p2a: Pecharunt|59/100
|-damage|p1a: Corviknight|95/100|[from] Recoil
|
|upkeep
|turn|54
|
|t:|1757872525
|move|p2a: Pecharunt|Parting Shot|p1a: Corviknight
|-unboost|p1a: Corviknight|atk|1
|-unboost|p1a: Corviknight|spa|1
|move|p1a: Corviknight|Brave Bird|p2a: Pecharunt
|-damage|p2a: Pecharunt|49/100
|-damage|p1a: Corviknight|92/100|[from] Recoil
|
|upkeep
|turn|55
|
|t:|1757872528
|move|p2a: Pecharunt|Recover|p2a: Pecharunt
|-heal|p2a: Pecharunt|99/100
|move|p1a: Corviknight|Brave Bird|p2a: Pecharunt
|-damage|p2a: Pecharunt|91/100
|-damage|p1a: Corviknight|89/100|[from] Recoil
|
|upkeep
|turn|56
|
|t:|1757872531
|move|p2a: Pecharunt|Shadow Ball|p1a: Corviknight
|-crit|p1a: Corviknight
|-damage|p1a: Corviknight|50/100
|move|p1a: Corviknight|Brave Bird|p2a: Pecharunt
|-damage|p2a: Pecharunt|82/100
|-damage|p1a: Corviknight|48/100|[from] Recoil
|
|upkeep
|turn|57
|
|t:|1757872536
|move|p2a: Pecharunt|Shadow Ball|p1a: Corviknight
|-damage|p1a: Corviknight|23/100
|move|p1a: Corviknight|Roost|p1a: Corviknight
|-heal|p1a: Corviknight|73/100
|-singleturn|p1a: Corviknight|move: Roost
|
|upkeep
|turn|58
|
|t:|1757872542
|move|p2a: Pecharunt|Parting Shot|p1a: Corviknight
|-unboost|p1a: Corviknight|atk|1
|-unboost|p1a: Corviknight|spa|1
|move|p1a: Corviknight|Roost|p1a: Corviknight
|-heal|p1a: Corviknight|100/100
|-singleturn|p1a: Corviknight|move: Roost
|
|upkeep
|turn|59
|inactive|dorapult has 210 seconds left.
|
|t:|1757872549
|switch|p1a: Slowking|Slowking-Galar, F, tera:Ice|78/100
|move|p2a: Pecharunt|Parting Shot|p1a: Slowking
|-unboost|p1a: Slowking|atk|1
|-unboost|p1a: Slowking|spa|1
|
|upkeep
|turn|60
|
|t:|1757872552
|switch|p1a: Corviknight|Corviknight, M|100/100
|-damage|p1a: Corviknight|88/100|[from] Stealth Rock
|-ability|p1a: Corviknight|Pressure
|move|p2a: Pecharunt|Shadow Ball|p1a: Corviknight
|-damage|p1a: Corviknight|62/100
|-unboost|p1a: Corviknight|spd|1
|
|upkeep
|turn|61
|
|t:|1757872560
|switch|p1a: Ting-Lu|Ting-Lu|12/100 brn
|-damage|p1a: Ting-Lu|6/100 brn|[from] Stealth Rock
|-ability|p1a: Ting-Lu|Vessel of Ruin
|move|p2a: Pecharunt|Shadow Ball|p1a: Ting-Lu
|-resisted|p1a: Ting-Lu
|-damage|p1a: Ting-Lu|1/100 brn
|-unboost|p1a: Ting-Lu|spd|1
|
|-damage|p1a: Ting-Lu|0 fnt|[from] brn
|faint|p1a: Ting-Lu
|upkeep
|
|t:|1757872561
|switch|p1a: Corviknight|Corviknight, M|62/100
|-damage|p1a: Corviknight|50/100|[from] Stealth Rock
|-ability|p1a: Corviknight|Pressure
|turn|62
|
|t:|1757872564
|move|p2a: Pecharunt|Parting Shot|p1a: Corviknight
|-unboost|p1a: Corviknight|atk|1
|-unboost|p1a: Corviknight|spa|1
|move|p1a: Corviknight|Roost|p1a: Corviknight
|-heal|p1a: Corviknight|99/100
|-singleturn|p1a: Corviknight|move: Roost
|
|upkeep
|turn|63
|inactive|dorapult has 240 seconds left.
|
|t:|1757872580
|move|p2a: Pecharunt|Parting Shot|p1a: Corviknight
|-unboost|p1a: Corviknight|atk|1
|-unboost|p1a: Corviknight|spa|1
|move|p1a: Corviknight|Iron Defense|p1a: Corviknight
|-boost|p1a: Corviknight|def|2
|
|upkeep
|turn|64
|
|t:|1757872584
|move|p2a: Pecharunt|Parting Shot|p1a: Corviknight
|-unboost|p1a: Corviknight|atk|1
|-unboost|p1a: Corviknight|spa|1
|move|p1a: Corviknight|Iron Defense|p1a: Corviknight
|-boost|p1a: Corviknight|def|2
|
|upkeep
|turn|65
|
|t:|1757872586
|move|p2a: Pecharunt|Parting Shot|p1a: Corviknight
|-unboost|p1a: Corviknight|atk|1
|-unboost|p1a: Corviknight|spa|1
|move|p1a: Corviknight|Iron Defense|p1a: Corviknight
|-boost|p1a: Corviknight|def|2
|
|upkeep
|turn|66
|
|t:|1757872588
|move|p2a: Pecharunt|Parting Shot|p1a: Corviknight
|-unboost|p1a: Corviknight|atk|1
|-unboost|p1a: Corviknight|spa|1
|move|p1a: Corviknight|Iron Defense|p1a: Corviknight
|-boost|p1a: Corviknight|def|0
|
|upkeep
|turn|67
|
|t:|1757872590
|move|p2a: Pecharunt|Parting Shot|p1a: Corviknight
|-unboost|p1a: Corviknight|atk|1
|-unboost|p1a: Corviknight|spa|1
|move|p1a: Corviknight|Iron Defense|p1a: Corviknight
|-boost|p1a: Corviknight|def|0
|
|upkeep
|turn|68
|
|t:|1757872591
|move|p2a: Pecharunt|Parting Shot|p1a: Corviknight
|-unboost|p1a: Corviknight|atk|0
|-unboost|p1a: Corviknight|spa|0
|move|p1a: Corviknight|Iron Defense|p1a: Corviknight
|-boost|p1a: Corviknight|def|0
|
|upkeep
|turn|69
|
|t:|1757872609
|move|p2a: Pecharunt|Parting Shot|p1a: Corviknight
|-unboost|p1a: Corviknight|atk|0
|-unboost|p1a: Corviknight|spa|0
|move|p1a: Corviknight|Iron Defense|p1a: Corviknight
|-boost|p1a: Corviknight|def|0
|
|upkeep
|turn|70
|
|t:|1757872610
|move|p2a: Pecharunt|Parting Shot|p1a: Corviknight
|-unboost|p1a: Corviknight|atk|0
|-unboost|p1a: Corviknight|spa|0
|move|p1a: Corviknight|Iron Defense|p1a: Corviknight
|-boost|p1a: Corviknight|def|0
|
|upkeep
|turn|71
|
|t:|1757872613
|move|p2a: Pecharunt|Parting Shot|p1a: Corviknight
|-unboost|p1a: Corviknight|atk|0
|-unboost|p1a: Corviknight|spa|0
|move|p1a: Corviknight|Iron Defense|p1a: Corviknight
|-boost|p1a: Corviknight|def|0
|
|upkeep
|turn|72
|
|t:|1757872634
|move|p2a: Pecharunt|Recover|p2a: Pecharunt
|-heal|p2a: Pecharunt|100/100
|move|p1a: Corviknight|Iron Defense|p1a: Corviknight
|-boost|p1a: Corviknight|def|0
|
|upkeep
|turn|73
|
|t:|1757872638
|move|p2a: Pecharunt|Shadow Ball|p1a: Corviknight
|-damage|p1a: Corviknight|77/100
|move|p1a: Corviknight|Iron Defense|p1a: Corviknight
|-boost|p1a: Corviknight|def|0
|
|upkeep
|turn|74
|
|t:|1757872644
|move|p2a: Pecharunt|Shadow Ball|p1a: Corviknight
|-damage|p1a: Corviknight|54/100
|move|p1a: Corviknight|Roost|p1a: Corviknight
|-heal|p1a: Corviknight|100/100
|-singleturn|p1a: Corviknight|move: Roost
|
|upkeep
|turn|75
|
|t:|1757872649
|move|p2a: Pecharunt|Shadow Ball|p1a: Corviknight
|-damage|p1a: Corviknight|77/100
|move|p1a: Corviknight|Iron Defense|p1a: Corviknight
|-boost|p1a: Corviknight|def|0
|
|upkeep
|turn|76
|
|t:|1757872654
|move|p2a: Pecharunt|Recover||[still]
|-fail|p2a: Pecharunt|heal
|move|p1a: Corviknight|Iron Defense|p1a: Corviknight
|-boost|p1a: Corviknight|def|0
|
|upkeep
|turn|77
|
|t:|1757872656
|move|p2a: Pecharunt|Recover||[still]
|-fail|p2a: Pecharunt|heal
|move|p1a: Corviknight|Iron Defense|p1a: Corviknight
|-boost|p1a: Corviknight|def|0
|
|upkeep
|turn|78
|
|t:|1757872657
|move|p2a: Pecharunt|Malignant Chain|p1a: Corviknight
|-immune|p1a: Corviknight
|move|p1a: Corviknight|Iron Defense|p1a: Corviknight
|-boost|p1a: Corviknight|def|0
|
|upkeep
|turn|79
|
|t:|1757872658
|move|p2a: Pecharunt|Malignant Chain|p1a: Corviknight
|-immune|p1a: Corviknight
|move|p1a: Corviknight|Iron Defense|p1a: Corviknight
|-boost|p1a: Corviknight|def|0
|
|upkeep
|turn|80
|
|t:|1757872659
|-activate|p2a: Pecharunt|move: Struggle
|move|p2a: Pecharunt|Struggle|p1a: Corviknight
|-damage|p1a: Corviknight|75/100
|-damage|p2a: Pecharunt|84/100|[from] item: Rocky Helmet|[of] p1a: Corviknight
|-damage|p2a: Pecharunt|59/100|[from] recoil
|move|p1a: Corviknight|Iron Defense|p1a: Corviknight
|-boost|p1a: Corviknight|def|0
|
|upkeep
|turn|81
|
|t:|1757872661
|-activate|p2a: Pecharunt|move: Struggle
|move|p2a: Pecharunt|Struggle|p1a: Corviknight
|-damage|p1a: Corviknight|74/100
|-damage|p2a: Pecharunt|42/100|[from] item: Rocky Helmet|[of] p1a: Corviknight
|-damage|p2a: Pecharunt|17/100|[from] recoil
|move|p1a: Corviknight|Iron Defense|p1a: Corviknight
|-boost|p1a: Corviknight|def|0
|
|upkeep
|turn|82
|
|t:|1757872663
|-activate|p2a: Pecharunt|move: Struggle
|move|p2a: Pecharunt|Struggle|p1a: Corviknight
|-damage|p1a: Corviknight|72/100
|-damage|p2a: Pecharunt|1/100|[from] item: Rocky Helmet|[of] p1a: Corviknight
|-damage|p2a: Pecharunt|0 fnt|[from] recoil
|faint|p2a: Pecharunt
|
|win|dorapult
