|inactive|Battle timer is ON: inactive players will automatically lose when time's up.
|t:|1757876483
|gametype|singles
|player|p1|crying|lucas|
|player|p2|Coach Jones 6fifth|lusamine-nihilego|
|gen|9
|tier|[Gen 9] OU
|rule|HP Percentage Mod: HP is shown in percentages
|rule|Endless Battle Clause: Forcing endless battles is banned
|rule|Species Clause: Limit one of each Pokémon
|rule|OHKO Clause: OHKO moves are banned
|rule|Evasion Items Clause: Evasion items are banned
|rule|Evasion Moves Clause: Evasion moves are banned
|rule|Evasion Abilities Clause: Evasion abilities are banned
|rule|Sleep Moves Clause: Sleep-inducing moves are banned
|clearpoke
|poke|p1|Corviknight, M|
|poke|p1|Swampert, M|
|poke|p1|Lokix, M|
|poke|p1|Zamazenta-*|
|poke|p1|Hydrapple, F|
|poke|p1|Cinderace, M|
|poke|p2|Great Tusk|
|poke|p2|Gholdengo|
|poke|p2|Primarina, M|
|poke|p2|Dragapult, F|
|poke|p2|Mandibuzz, F|
|poke|p2|Raging Bolt|
|teampreview
|inactive|crying has 270 seconds left.
|inactive|Coach Jones 6fifth has 270 seconds left.
|
|t:|1757876542
|teamsize|p1|6
|teamsize|p2|6
|start
|switch|p1a: Hydrapple|Hydrapple, F|100/100
|switch|p2a: Mandibuzz|Mandibuzz, F, shiny|100/100
|turn|1
|
|t:|1757876555
|move|p2a: Mandibuzz|Knock Off|p1a: Hydrapple
|-damage|p1a: Hydrapple|86/100
|-enditem|p1a: Hydrapple|Choice Specs|[from] move: Knock Off|[of] p2a: Mandibuzz
|move|p1a: Hydrapple|Draco Meteor|p2a: Mandibuzz
|-damage|p2a: Mandibuzz|44/100
|-unboost|p1a: Hydrapple|spa|2
|
|upkeep
|turn|2
|
|t:|1757876562
|switch|p1a: Corviknight|Corviknight, M, shiny|100/100
|-ability|p1a: Corviknight|Pressure
|move|p2a: Mandibuzz|Roost|p2a: Mandibuzz
|-heal|p2a: Mandibuzz|94/100
|-singleturn|p2a: Mandibuzz|move: Roost
|
|upkeep
|turn|3
|
|t:|1757876566
|move|p2a: Mandibuzz|Knock Off|p1a: Corviknight
|-damage|p1a: Corviknight|85/100
|-damage|p2a: Mandibuzz|77/100|[from] item: Rocky Helmet|[of] p1a: Corviknight
|-enditem|p1a: Corviknight|Rocky Helmet|[from] move: Knock Off|[of] p2a: Mandibuzz
|move|p1a: Corviknight|Body Press|p2a: Mandibuzz
|-damage|p2a: Mandibuzz|63/100
|
|upkeep
|turn|4
|
|t:|1757876570
|move|p2a: Mandibuzz|Roost|p2a: Mandibuzz
|-heal|p2a: Mandibuzz|100/100
|-singleturn|p2a: Mandibuzz|move: Roost
|move|p1a: Corviknight|Body Press|p2a: Mandibuzz
|-supereffective|p2a: Mandibuzz
|-damage|p2a: Mandibuzz|73/100
|
|upkeep
|turn|5
|
|t:|1757876575
|move|p2a: Mandibuzz|Foul Play|p1a: Corviknight
|-damage|p1a: Corviknight|68/100
|move|p1a: Corviknight|U-turn|p2a: Mandibuzz
|-damage|p2a: Mandibuzz|64/100
|
|t:|1757876589
|switch|p1a: Lokix|Lokix, M|100/100|[from] U-turn
|
|upkeep
|turn|6
|
|t:|1757876594
|move|p1a: Lokix|U-turn|p2a: Mandibuzz
|-damage|p2a: Mandibuzz|43/100
|
|t:|1757876595
|switch|p1a: Corviknight|Corviknight, M, shiny|68/100|[from] U-turn
|-ability|p1a: Corviknight|Pressure
|move|p2a: Mandibuzz|Roost|p2a: Mandibuzz
|-heal|p2a: Mandibuzz|93/100
|-singleturn|p2a: Mandibuzz|move: Roost
|
|upkeep
|turn|7
|
|t:|1757876598
|move|p2a: Mandibuzz|U-turn|p1a: Corviknight
|-resisted|p1a: Corviknight
|-damage|p1a: Corviknight|66/100
|
|t:|1757876599
|switch|p2a: Raging Bolt|Raging Bolt|100/100|[from] U-turn
|move|p1a: Corviknight|U-turn|p2a: Raging Bolt
|-damage|p2a: Raging Bolt|87/100
|
|t:|1757876608
|switch|p1a: Lokix|Lokix, M|100/100|[from] U-turn
|
|upkeep
|turn|8
|
|t:|1757876626
|-end|p2a: Raging Bolt|Protosynthesis|[silent]
|switch|p2a: Mandibuzz|Mandibuzz, F, shiny|93/100
|move|p1a: Lokix|U-turn|p2a: Mandibuzz
|-damage|p2a: Mandibuzz|70/100
|
|t:|1757876632
|switch|p1a: Corviknight|Corviknight, M, shiny|66/100|[from] U-turn
|-ability|p1a: Corviknight|Pressure
|
|upkeep
|turn|9
|
|t:|1757876641
|move|p2a: Mandibuzz|Foul Play|p1a: Corviknight
|-damage|p1a: Corviknight|47/100
|move|p1a: Corviknight|U-turn|p2a: Mandibuzz
|-damage|p2a: Mandibuzz|62/100
|
|t:|1757876659
|switch|p1a: Lokix|Lokix, M|100/100|[from] U-turn
|
|upkeep
|turn|10
|
|t:|1757876662
|move|p1a: Lokix|U-turn|p2a: Mandibuzz
|-damage|p2a: Mandibuzz|41/100
|
|t:|1757876663
|switch|p1a: Corviknight|Corviknight, M, shiny|47/100|[from] U-turn
|-ability|p1a: Corviknight|Pressure
|move|p2a: Mandibuzz|Roost|p2a: Mandibuzz
|-heal|p2a: Mandibuzz|91/100
|-singleturn|p2a: Mandibuzz|move: Roost
|
|upkeep
|turn|11
|
|t:|1757876665
|move|p2a: Mandibuzz|U-turn|p1a: Corviknight
|-resisted|p1a: Corviknight
|-damage|p1a: Corviknight|45/100
|
|t:|1757876669
|switch|p2a: Raging Bolt|Raging Bolt|87/100|[from] U-turn
|move|p1a: Corviknight|U-turn|p2a: Raging Bolt
|-damage|p2a: Raging Bolt|75/100
|
|t:|1757876672
|switch|p1a: Lokix|Lokix, M|100/100|[from] U-turn
|
|upkeep
|turn|12
|
|t:|1757876686
|move|p1a: Lokix|U-turn|p2a: Raging Bolt
|-damage|p2a: Raging Bolt|39/100
|inactive|crying has 270 seconds left.
|inactive|crying has 240 seconds left.
|inactive|crying has 210 seconds left.
|
|t:|1757876772
|switch|p1a: Corviknight|Corviknight, M, shiny|45/100|[from] U-turn
|-ability|p1a: Corviknight|Pressure
|move|p2a: Raging Bolt|Draco Meteor|p1a: Corviknight
|-resisted|p1a: Corviknight
|-damage|p1a: Corviknight|9/100
|-unboost|p2a: Raging Bolt|spa|2
|
|upkeep
|turn|13
|
|t:|1757876778
|switch|p1a: Swampert|Swampert, M|100/100
|move|p2a: Raging Bolt|Draco Meteor|p1a: Swampert
|-damage|p1a: Swampert|66/100
|-unboost|p2a: Raging Bolt|spa|2
|
|-heal|p1a: Swampert|72/100|[from] item: Leftovers
|upkeep
|turn|14
|
|t:|1757876790
|-end|p2a: Raging Bolt|Protosynthesis|[silent]
|switch|p2a: Mandibuzz|Mandibuzz, F, shiny|91/100
|move|p1a: Swampert|Ice Beam|p2a: Mandibuzz
|-supereffective|p2a: Mandibuzz
|-damage|p2a: Mandibuzz|55/100
|
|-heal|p1a: Swampert|78/100|[from] item: Leftovers
|upkeep
|turn|15
|
|t:|1757876800
|-singleturn|p1a: Swampert|move: Focus Punch
|move|p2a: Mandibuzz|Knock Off|p1a: Swampert
|-damage|p1a: Swampert|58/100
|-enditem|p1a: Swampert|Leftovers|[from] move: Knock Off|[of] p2a: Mandibuzz
|cant|p1a: Swampert|Focus Punch|Focus Punch
|
|upkeep
|turn|16
|
|t:|1757876804
|-singleturn|p1a: Swampert|move: Focus Punch
|move|p2a: Mandibuzz|Foul Play|p1a: Swampert
|-damage|p1a: Swampert|22/100
|cant|p1a: Swampert|Focus Punch|Focus Punch
|
|upkeep
|turn|17
|
|t:|1757876807
|switch|p1a: Hydrapple|Hydrapple, F|100/100
|move|p2a: Mandibuzz|Foul Play|p1a: Hydrapple
|-damage|p1a: Hydrapple|86/100
|
|upkeep
|turn|18
|
|t:|1757876817
|move|p2a: Mandibuzz|U-turn|p1a: Hydrapple
|-supereffective|p1a: Hydrapple
|-damage|p1a: Hydrapple|71/100
|
|t:|1757876819
|switch|p2a: Primarina|Primarina, M|100/100|[from] U-turn
|move|p1a: Hydrapple|Nasty Plot|p1a: Hydrapple
|-boost|p1a: Hydrapple|spa|2
|
|upkeep
|turn|19
|inactive|crying has 240 seconds left.
|inactive|Coach Jones 6fifth has 270 seconds left.
|
|t:|1757876880
|switch|p2a: Mandibuzz|Mandibuzz, F, shiny|55/100
|-terastallize|p1a: Hydrapple|Ghost
|move|p1a: Hydrapple|Giga Drain|p2a: Mandibuzz
|-resisted|p2a: Mandibuzz
|-damage|p2a: Mandibuzz|25/100
|-heal|p1a: Hydrapple|89/100|[from] drain|[of] p2a: Mandibuzz
|
|upkeep
|turn|20
|
|t:|1757876890
|move|p2a: Mandibuzz|Foul Play|p1a: Hydrapple
|-supereffective|p1a: Hydrapple
|-damage|p1a: Hydrapple|61/100
|move|p1a: Hydrapple|Giga Drain|p2a: Mandibuzz
|-resisted|p2a: Mandibuzz
|-damage|p2a: Mandibuzz|0 fnt
|-heal|p1a: Hydrapple|76/100|[from] drain|[of] p2a: Mandibuzz
|faint|p2a: Mandibuzz
|
|upkeep
|
|t:|1757876895
|switch|p2a: Dragapult|Dragapult, F, shiny|100/100
|turn|21
|inactive|crying has 240 seconds left.
|
|t:|1757876900
|switch|p1a: Swampert|Swampert, M|22/100
|move|p2a: Dragapult|Shadow Ball|p1a: Swampert
|-damage|p1a: Swampert|0 fnt
|faint|p1a: Swampert
|
|upkeep
|inactive|crying has 240 seconds left.
|
|t:|1757876908
|switch|p1a: Lokix|Lokix, M|100/100
|turn|22
|
|t:|1757876915
|switch|p2a: Great Tusk|Great Tusk, shiny|100/100
|move|p1a: Lokix|U-turn|p2a: Great Tusk
|-resisted|p2a: Great Tusk
|-damage|p2a: Great Tusk|79/100
|-damage|p1a: Lokix|84/100|[from] item: Rocky Helmet|[of] p2a: Great Tusk
|inactive|crying has 240 seconds left.
|
|t:|1757876942
|switch|p1a: Hydrapple|Hydrapple, F, tera:Ghost|100/100|[from] U-turn
|
|upkeep
|turn|23
|
|t:|1757876952
|-end|p2a: Great Tusk|Protosynthesis|[silent]
|switch|p2a: Gholdengo|Gholdengo|100/100
|-item|p2a: Gholdengo|Air Balloon
|switch|p1a: Cinderace|Cinderace, M|100/100
|
|upkeep
|turn|24
|
|t:|1757876974
|switch|p2a: Great Tusk|Great Tusk, shiny|79/100
|move|p1a: Cinderace|Pyro Ball|p2a: Great Tusk|[miss]
|-miss|p1a: Cinderace|p2a: Great Tusk
|
|upkeep
|turn|25
|inactive|crying has 210 seconds left.
|
|t:|1757876995
|move|p1a: Cinderace|Pyro Ball|p2a: Great Tusk
|-damage|p2a: Great Tusk|40/100
|move|p2a: Great Tusk|Headlong Rush|p1a: Cinderace
|-supereffective|p1a: Cinderace
|-damage|p1a: Cinderace|0 fnt
|-unboost|p2a: Great Tusk|def|1
|-unboost|p2a: Great Tusk|spd|1
|faint|p1a: Cinderace
|
|upkeep
|inactive|crying has 210 seconds left.
|
|t:|1757877013
|switch|p1a: Zamazenta|Zamazenta|100/100
|-ability|p1a: Zamazenta|Dauntless Shield|boost
|-boost|p1a: Zamazenta|def|1
|turn|26
|
|t:|1757877021
|move|p1a: Zamazenta|Close Combat|p2a: Great Tusk
|-damage|p2a: Great Tusk|0 fnt
|-unboost|p1a: Zamazenta|def|1
|-unboost|p1a: Zamazenta|spd|1
|-damage|p1a: Zamazenta|84/100|[from] item: Rocky Helmet|[of] p2a: Great Tusk
|faint|p2a: Great Tusk
|-end|p2a: Great Tusk|Protosynthesis|[silent]
|-damage|p1a: Zamazenta|74/100|[from] item: Life Orb
|
|upkeep
|
|t:|1757877050
|switch|p2a: Dragapult|Dragapult, F, shiny|100/100
|turn|27
|inactive|crying has 210 seconds left.
|
|t:|1757877067
|switch|p1a: Corviknight|Corviknight, M, shiny|9/100
|-ability|p1a: Corviknight|Pressure
|move|p2a: Dragapult|Draco Meteor|p1a: Corviknight
|-resisted|p1a: Corviknight
|-damage|p1a: Corviknight|0 fnt
|-unboost|p2a: Dragapult|spa|2
|faint|p1a: Corviknight
|
|upkeep
|
|t:|1757877077
|switch|p1a: Lokix|Lokix, M|84/100
|turn|28
|
|t:|1757877080
|switch|p2a: Raging Bolt|Raging Bolt|39/100
|move|p1a: Lokix|U-turn|p2a: Raging Bolt
|-crit|p2a: Raging Bolt
|-damage|p2a: Raging Bolt|0 fnt
|faint|p2a: Raging Bolt
|-end|p2a: Raging Bolt|Protosynthesis|[silent]
|inactive|crying has 210 seconds left.
|inactive|crying has 180 seconds left.
|
|t:|1757877132
|switch|p1a: Hydrapple|Hydrapple, F, tera:Ghost|100/100|[from] U-turn
|
|upkeep
|
|t:|1757877138
|switch|p2a: Dragapult|Dragapult, F, shiny|100/100
|turn|29
|
|t:|1757877153
|switch|p1a: Lokix|Lokix, M|84/100
|move|p2a: Dragapult|Shadow Ball|p1a: Lokix
|-resisted|p1a: Lokix
|-damage|p1a: Lokix|31/100
|
|upkeep
|turn|30
|inactive|crying has 150 seconds left.
|
|t:|1757877188
|move|p2a: Dragapult|Shadow Ball|p1a: Lokix
|-resisted|p1a: Lokix
|-damage|p1a: Lokix|0 fnt
|faint|p1a: Lokix
|
|upkeep
|
|t:|1757877191
|switch|p1a: Zamazenta|Zamazenta|74/100
|turn|31
|
|t:|1757877201
|switch|p2a: Primarina|Primarina, M|100/100
|move|p1a: Zamazenta|Heavy Slam|p2a: Primarina
|-damage|p2a: Primarina|49/100
|-damage|p1a: Zamazenta|64/100|[from] item: Life Orb
|
|upkeep
|turn|32
|
|t:|1757877204
|move|p2a: Primarina|Aqua Jet|p1a: Zamazenta
|-damage|p1a: Zamazenta|53/100
|move|p1a: Zamazenta|Heavy Slam|p2a: Primarina
|-damage|p2a: Primarina|0 fnt
|faint|p2a: Primarina
|-damage|p1a: Zamazenta|43/100|[from] item: Life Orb
|
|upkeep
|
|t:|1757877206
|switch|p2a: Dragapult|Dragapult, F, shiny|100/100
|turn|33
|
|t:|1757877215
|-terastallize|p2a: Dragapult|Ghost
|move|p2a: Dragapult|Shadow Ball|p1a: Zamazenta
|-damage|p1a: Zamazenta|0 fnt
|faint|p1a: Zamazenta
|
|upkeep
|
|t:|1757877226
|switch|p1a: Hydrapple|Hydrapple, F, tera:Ghost|100/100
|turn|34
|
|t:|1757877230
|move|p2a: Dragapult|Shadow Ball|p1a: Hydrapple
|-supereffective|p1a: Hydrapple
|-damage|p1a: Hydrapple|0 fnt
|faint|p1a: Hydrapple
|
|win|Coach Jones 6fifth
