|j|☆sauronikov
|j|☆Izzy'sWife
|t:|1757916755
|gametype|singles
|player|p1|sauronikov|101|1177
|player|p2|Izzy'sWife|101|1102
|gen|9
|tier|[Gen 9] OU
|rated|
|rule|HP Percentage Mod: HP is shown in percentages
|rule|Endless Battle Clause: Forcing endless battles is banned
|rule|Species Clause: Limit one of each Pokémon
|rule|OHKO Clause: OHKO moves are banned
|rule|Evasion Items Clause: Evasion items are banned
|rule|Evasion Moves Clause: Evasion moves are banned
|rule|Evasion Abilities Clause: Evasion abilities are banned
|rule|Sleep Moves Clause: Sleep-inducing moves are banned
|clearpoke
|poke|p1|Grimmsnarl, M|
|poke|p1|Quaquaval, M|
|poke|p1|Rhyperior, M|
|poke|p1|Revavroom, M|
|poke|p1|Ogerpon, F|
|poke|p1|Azelf|
|poke|p2|Alomomola, F|
|poke|p2|Dragalge, M|
|poke|p2|Lokix, F|
|poke|p2|Great Tusk|
|poke|p2|Gholdengo|
|poke|p2|Moltres|
|teampreview
|inactive|Battle timer is ON: inactive players will automatically lose when time's up. (requested by sauronikov)
|
|t:|1757916780
|teamsize|p1|6
|teamsize|p2|6
|start
|switch|p1a: Grimmsnarl|Grimmsnarl, M, shiny|100/100
|switch|p2a: Lokix|Lokix, F|100/100
|turn|1
|
|t:|1757916783
|move|p1a: Grimmsnarl|Reflect|p1a: Grimmsnarl
|-sidestart|p1: sauronikov|Reflect
|move|p2a: Lokix|Knock Off|p1a: Grimmsnarl
|-resisted|p1a: Grimmsnarl
|-damage|p1a: Grimmsnarl|83/100
|-enditem|p1a: Grimmsnarl|Light Clay|[from] move: Knock Off|[of] p2a: Lokix
|
|upkeep
|turn|2
|
|t:|1757916790
|switch|p2a: Moltres|Moltres|100/100
|switch|p1a: Rhyperior|Rhyperior, M, shiny|100/100
|
|upkeep
|turn|3
|
|t:|1757916795
|switch|p2a: Great Tusk|Great Tusk|100/100
|move|p1a: Rhyperior|Rock Polish|p1a: Rhyperior
|-boost|p1a: Rhyperior|spe|2
|
|upkeep
|turn|4
|
|t:|1757916799
|move|p1a: Rhyperior|Earthquake|p2a: Great Tusk
|-damage|p2a: Great Tusk|61/100
|move|p2a: Great Tusk|Stealth Rock|p1a: Rhyperior
|-sidestart|p1: sauronikov|move: Stealth Rock
|
|upkeep
|turn|5
|
|t:|1757916805
|-end|p2a: Great Tusk|Protosynthesis|[silent]
|switch|p2a: Moltres|Moltres|100/100
|move|p1a: Rhyperior|Earthquake|p2a: Moltres
|-immune|p2a: Moltres
|
|upkeep
|turn|6
|
|t:|1757916808
|move|p1a: Rhyperior|Stone Edge|p2a: Moltres
|-supereffective|p2a: Moltres
|-damage|p2a: Moltres|0 fnt
|faint|p2a: Moltres
|
|upkeep
|
|t:|1757916811
|switch|p2a: Dragalge|Dragalge, M|100/100
|turn|7
|
|t:|1757916814
|-terastallize|p1a: Rhyperior|Fire
|move|p1a: Rhyperior|Earthquake|p2a: Dragalge
|-supereffective|p2a: Dragalge
|-damage|p2a: Dragalge|0 fnt
|faint|p2a: Dragalge
|
|upkeep
|
|t:|1757916825
|switch|p2a: Alomomola|Alomomola, F|100/100
|turn|8
|
|t:|1757916828
|move|p1a: Rhyperior|Stone Edge|p2a: Alomomola|[miss]
|-miss|p1a: Rhyperior|p2a: Alomomola
|move|p2a: Alomomola|Scald|p1a: Rhyperior
|-supereffective|p1a: Rhyperior
|-damage|p1a: Rhyperior|69/100
|-enditem|p1a: Rhyperior|Weakness Policy
|-boost|p1a: Rhyperior|atk|2|[from] item: Weakness Policy
|-boost|p1a: Rhyperior|spa|2|[from] item: Weakness Policy
|
|-sideend|p1: sauronikov|Reflect
|upkeep
|turn|9
|
|t:|1757916834
|move|p1a: Rhyperior|Stone Edge|p2a: Alomomola|[miss]
|-miss|p1a: Rhyperior|p2a: Alomomola
|move|p2a: Alomomola|Scald|p1a: Rhyperior
|-supereffective|p1a: Rhyperior
|-damage|p1a: Rhyperior|36/100
|
|upkeep
|turn|10
|
|t:|1757916838
|move|p1a: Rhyperior|Stone Edge|p2a: Alomomola
|-damage|p2a: Alomomola|29/100
|move|p2a: Alomomola|Flip Turn|p1a: Rhyperior
|-supereffective|p1a: Rhyperior
|-damage|p1a: Rhyperior|16/100
|
|t:|1757916843
|switch|p2a: Lokix|Lokix, F|100/100|[from] Flip Turn
|
|upkeep
|turn|11
|c|☆sauronikov|not surprised i missed twice
|c|☆sauronikov|its the norm
|c|☆Izzy'sWife|why not just hit eq
|inactive|sauronikov has 120 seconds left.
|c|☆sauronikov|that thing is the most bulky pokemon in the game, i wanted a crit
|
|t:|1757916879
|move|p1a: Rhyperior|Fire Punch|p2a: Lokix
|-supereffective|p2a: Lokix
|-damage|p2a: Lokix|0 fnt
|faint|p2a: Lokix
|
|upkeep
|c|☆Izzy'sWife|i keep forgetting about the rock polish
|
|t:|1757916896
|switch|p2a: Gholdengo|Gholdengo|100/100
|turn|12
|
|t:|1757916899
|move|p2a: Gholdengo|Shadow Ball|p1a: Rhyperior
|-damage|p1a: Rhyperior|0 fnt
|faint|p1a: Rhyperior
|
|upkeep
|
|t:|1757916901
|switch|p1a: Grimmsnarl|Grimmsnarl, M, shiny|83/100
|-damage|p1a: Grimmsnarl|71/100|[from] Stealth Rock
|turn|13
|
|t:|1757916906
|switch|p2a: Alomomola|Alomomola, F|62/100
|move|p1a: Grimmsnarl|Light Screen|p1a: Grimmsnarl
|-sidestart|p1: sauronikov|move: Light Screen
|
|upkeep
|turn|14
|
|t:|1757916910
|move|p1a: Grimmsnarl|Reflect|p1a: Grimmsnarl
|-sidestart|p1: sauronikov|Reflect
|move|p2a: Alomomola|Body Slam|p1a: Grimmsnarl
|-damage|p1a: Grimmsnarl|64/100
|-status|p1a: Grimmsnarl|par
|
|upkeep
|turn|15
|
|t:|1757916913
|move|p1a: Grimmsnarl|Parting Shot|p2a: Alomomola
|-unboost|p2a: Alomomola|atk|1
|-unboost|p2a: Alomomola|spa|1
|
|t:|1757916917
|switch|p1a: Revavroom|Revavroom, M, shiny|100/100|[from] Parting Shot
|-damage|p1a: Revavroom|94/100|[from] Stealth Rock
|move|p2a: Alomomola|Flip Turn|p1a: Revavroom
|-damage|p1a: Revavroom|89/100
|
|t:|1757916920
|switch|p2a: Great Tusk|Great Tusk|61/100|[from] Flip Turn
|
|upkeep
|turn|16
|
|t:|1757916925
|move|p2a: Great Tusk|Headlong Rush|p1a: Revavroom
|-supereffective|p1a: Revavroom
|-damage|p1a: Revavroom|0 fnt
|-unboost|p2a: Great Tusk|def|1
|-unboost|p2a: Great Tusk|spd|1
|faint|p1a: Revavroom
|
|upkeep
|
|t:|1757916929
|switch|p1a: Quaquaval|Quaquaval, M, shiny|100/100
|-damage|p1a: Quaquaval|94/100|[from] Stealth Rock
|turn|17
|
|t:|1757916934
|-end|p2a: Great Tusk|Protosynthesis|[silent]
|switch|p2a: Alomomola|Alomomola, F|95/100
|move|p1a: Quaquaval|Swords Dance|p1a: Quaquaval
|-boost|p1a: Quaquaval|atk|2
|
|-sideend|p1: sauronikov|move: Light Screen
|upkeep
|turn|18
|
|t:|1757916939
|move|p1a: Quaquaval|Aqua Step|p2a: Alomomola
|-resisted|p2a: Alomomola
|-damage|p2a: Alomomola|66/100
|-boost|p1a: Quaquaval|spe|1
|move|p2a: Alomomola|Body Slam|p1a: Quaquaval
|-damage|p1a: Quaquaval|84/100
|-status|p1a: Quaquaval|par
|
|-sideend|p1: sauronikov|Reflect
|upkeep
|turn|19
|c|☆sauronikov|thats 100% para chance isnt it
|
|t:|1757916954
|move|p1a: Quaquaval|Aqua Step|p2a: Alomomola
|-resisted|p2a: Alomomola
|-damage|p2a: Alomomola|40/100
|-boost|p1a: Quaquaval|spe|1
|move|p2a: Alomomola|Flip Turn|p1a: Quaquaval
|-resisted|p1a: Quaquaval
|-damage|p1a: Quaquaval|73/100 par
|
|t:|1757916958
|switch|p2a: Gholdengo|Gholdengo|100/100|[from] Flip Turn
|
|upkeep
|turn|20
|
|t:|1757916961
|move|p2a: Gholdengo|Dazzling Gleam|p1a: Quaquaval
|-supereffective|p1a: Quaquaval
|-damage|p1a: Quaquaval|0 fnt
|faint|p1a: Quaquaval
|
|upkeep
|
|t:|1757916966
|switch|p1a: Azelf|Azelf, shiny|100/100
|-damage|p1a: Azelf|88/100|[from] Stealth Rock
|turn|21
|
|t:|1757916978
|switch|p2a: Alomomola|Alomomola, F|73/100
|move|p1a: Azelf|Flamethrower|p2a: Alomomola
|-resisted|p2a: Alomomola
|-crit|p2a: Alomomola
|-damage|p2a: Alomomola|51/100
|
|upkeep
|turn|22
|
|t:|1757916985
|switch|p1a: Grimmsnarl|Grimmsnarl, M, shiny|64/100 par
|-damage|p1a: Grimmsnarl|52/100 par|[from] Stealth Rock
|move|p2a: Alomomola|Body Slam|p1a: Grimmsnarl
|-damage|p1a: Grimmsnarl|37/100 par
|
|upkeep
|turn|23
|
|t:|1757916989
|move|p1a: Grimmsnarl|Reflect|p1a: Grimmsnarl
|-sidestart|p1: sauronikov|Reflect
|move|p2a: Alomomola|Flip Turn|p1a: Grimmsnarl
|-damage|p1a: Grimmsnarl|30/100 par
|
|t:|1757916994
|switch|p2a: Gholdengo|Gholdengo|100/100|[from] Flip Turn
|
|upkeep
|turn|24
|
|t:|1757916997
|move|p1a: Grimmsnarl|Light Screen|p1a: Grimmsnarl
|-sidestart|p1: sauronikov|move: Light Screen
|move|p2a: Gholdengo|Make It Rain|p1a: Grimmsnarl
|-supereffective|p1a: Grimmsnarl
|-damage|p1a: Grimmsnarl|0 fnt
|-unboost|p2a: Gholdengo|spa|1
|faint|p1a: Grimmsnarl
|
|upkeep
|
|t:|1757917002
|switch|p1a: Ogerpon|Ogerpon, F|100/100
|-damage|p1a: Ogerpon|88/100|[from] Stealth Rock
|turn|25
|
|t:|1757917005
|switch|p2a: Alomomola|Alomomola, F|84/100
|move|p1a: Ogerpon|Trailblaze|p2a: Alomomola
|-supereffective|p2a: Alomomola
|-damage|p2a: Alomomola|45/100
|-boost|p1a: Ogerpon|spe|1
|
|upkeep
|turn|26
|
|t:|1757917012
|move|p1a: Ogerpon|Trailblaze|p2a: Alomomola
|-supereffective|p2a: Alomomola
|-damage|p2a: Alomomola|10/100
|-boost|p1a: Ogerpon|spe|1
|move|p2a: Alomomola|Body Slam|p1a: Ogerpon
|-damage|p1a: Ogerpon|77/100
|-status|p1a: Ogerpon|par
|
|upkeep
|turn|27
|c|☆sauronikov|wth is going on
|c|☆Izzy'sWife|i guess so
|c|☆sauronikov|like what the actual hell
|c|☆Izzy'sWife|30 100, what's the diff
|c|☆sauronikov|for me, its the worst luck possible
|
|t:|1757917038
|move|p1a: Ogerpon|Trailblaze|p2a: Alomomola
|-supereffective|p2a: Alomomola
|-damage|p2a: Alomomola|0 fnt
|-boost|p1a: Ogerpon|spe|1
|faint|p2a: Alomomola
|
|-sideend|p1: sauronikov|Reflect
|upkeep
|
|t:|1757917043
|switch|p2a: Great Tusk|Great Tusk|61/100
|turn|28
|
|t:|1757917048
|-terastallize|p2a: Great Tusk|Dragon
|move|p1a: Ogerpon|Trailblaze|p2a: Great Tusk
|-resisted|p2a: Great Tusk
|-damage|p2a: Great Tusk|51/100
|-boost|p1a: Ogerpon|spe|1
|move|p2a: Great Tusk|Ice Spinner|p1a: Ogerpon
|-supereffective|p1a: Ogerpon
|-damage|p1a: Ogerpon|9/100 par
|-enditem|p1a: Ogerpon|Weakness Policy
|-boost|p1a: Ogerpon|atk|2|[from] item: Weakness Policy
|-boost|p1a: Ogerpon|spa|2|[from] item: Weakness Policy
|
|-sideend|p1: sauronikov|move: Light Screen
|upkeep
|turn|29
|
|t:|1757917055
|move|p1a: Ogerpon|Play Rough|p2a: Great Tusk
|-supereffective|p2a: Great Tusk
|-damage|p2a: Great Tusk|0 fnt
|faint|p2a: Great Tusk
|-end|p2a: Great Tusk|Protosynthesis|[silent]
|
|upkeep
|
|t:|1757917058
|switch|p2a: Gholdengo|Gholdengo|100/100
|turn|30
|c|☆sauronikov|if i get para'd here i quit
|
|t:|1757917066
|move|p1a: Ogerpon|Stomping Tantrum|p2a: Gholdengo
|-supereffective|p2a: Gholdengo
|-damage|p2a: Gholdengo|0 fnt
|faint|p2a: Gholdengo
|
|win|sauronikov
|raw|sauronikov's rating: 1177 &rarr; <strong>1197</strong><br />(+20 for winning)
|raw|Izzy&apos;sWife's rating: 1102 &rarr; <strong>1082</strong><br />(-20 for losing)
|c|☆sauronikov|gg
|c|☆Izzy'sWife|gg
|l|☆sauronikov
|player|p1|
|l|☆Izzy'sWife
|player|p2|
