|j|☆follow vukuatlar
|j|☆JohnLowLadder'
|t:|1757873998
|gametype|singles
|player|p1|follow vukuatlar|veteran|1725
|player|p2|JohnLowLadder'|youngster-gen6xy|1715
|gen|9
|tier|[Gen 9] OU
|rated|
|rule|HP Percentage Mod: HP is shown in percentages
|rule|Endless Battle Clause: Forcing endless battles is banned
|rule|Species Clause: Limit one of each Pokémon
|rule|OHKO Clause: OHKO moves are banned
|rule|Evasion Items Clause: Evasion items are banned
|rule|Evasion Moves Clause: Evasion moves are banned
|rule|Evasion Abilities Clause: Evasion abilities are banned
|rule|Sleep Moves Clause: Sleep-inducing moves are banned
|clearpoke
|poke|p1|Cinderace, F|
|poke|p1|Slowking, M|
|poke|p1|Ursaluna, F|
|poke|p1|Dragapult, F|
|poke|p1|Iron Hands|
|poke|p1|Keldeo-Resolute|
|poke|p2|Volcanion|
|poke|p2|Weezing-Galar, F|
|poke|p2|Alomomola, F|
|poke|p2|Garganacl, F|
|poke|p2|Darkrai|
|poke|p2|Gliscor, F|
|teampreview
|
|t:|1757874012
|teamsize|p1|6
|teamsize|p2|6
|start
|switch|p1a: Keldeo|Keldeo-Resolute|100/100
|switch|p2a: Volcanion|Volcanion|100/100
|turn|1
|
|t:|1757874017
|move|p1a: Keldeo|Secret Sword|p2a: Volcanion
|-damage|p2a: Volcanion|60/100
|move|p2a: Volcanion|Sludge Bomb|p1a: Keldeo
|-damage|p1a: Keldeo|68/100
|
|-heal|p2a: Volcanion|66/100|[from] item: Leftovers
|upkeep
|turn|2
|j| Jey2
|
|t:|1757874026
|switch|p2a: Weezing|Weezing-Galar, F|100/100
|-ability|p2a: Weezing|Neutralizing Gas
|move|p1a: Keldeo|Secret Sword|p2a: Weezing
|-resisted|p2a: Weezing
|-damage|p2a: Weezing|92/100
|
|upkeep
|turn|3
|
|t:|1757874048
|-end|p2a: Weezing|ability: Neutralizing Gas
|switch|p2a: Volcanion|Volcanion|66/100
|move|p1a: Keldeo|Surf|p2a: Volcanion
|-heal|p2a: Volcanion|91/100|[from] ability: Water Absorb|[of] p1a: Keldeo
|
|-heal|p2a: Volcanion|98/100|[from] item: Leftovers
|upkeep
|turn|4
|
|t:|1757874057
|switch|p1a: Dragapult|Dragapult, F|100/100
|move|p2a: Volcanion|Sludge Bomb|p1a: Dragapult
|-resisted|p1a: Dragapult
|-damage|p1a: Dragapult|76/100
|
|-heal|p2a: Volcanion|100/100|[from] item: Leftovers
|upkeep
|turn|5
|
|t:|1757874068
|switch|p2a: Garganacl|Garganacl, F|100/100
|move|p1a: Dragapult|Dragon Darts|p2a: Garganacl
|-damage|p2a: Garganacl|75/100
|-anim|p1a: Dragapult|Dragon Darts|p2a: Garganacl
|-crit|p2a: Garganacl
|-damage|p2a: Garganacl|39/100
|
|-heal|p2a: Garganacl|45/100|[from] item: Leftovers
|upkeep
|turn|6
|
|t:|1757874075
|switch|p1a: Keldeo|Keldeo-Resolute|68/100
|move|p2a: Garganacl|Protect||[still]
|-fail|p2a: Garganacl
|
|-heal|p2a: Garganacl|51/100|[from] item: Leftovers
|upkeep
|turn|7
|
|t:|1757874087
|move|p2a: Garganacl|Protect|p2a: Garganacl
|-singleturn|p2a: Garganacl|Protect
|move|p1a: Keldeo|Secret Sword|p2a: Garganacl
|-activate|p2a: Garganacl|move: Protect
|
|-heal|p2a: Garganacl|57/100|[from] item: Leftovers
|upkeep
|turn|8
|
|t:|1757874102
|-terastallize|p2a: Garganacl|Fairy
|move|p1a: Keldeo|Secret Sword|p2a: Garganacl
|-resisted|p2a: Garganacl
|-damage|p2a: Garganacl|41/100
|move|p2a: Garganacl|Recover|p2a: Garganacl
|-heal|p2a: Garganacl|92/100
|
|-heal|p2a: Garganacl|98/100|[from] item: Leftovers
|upkeep
|turn|9
|
|t:|1757874111
|move|p1a: Keldeo|Surf|p2a: Garganacl
|-damage|p2a: Garganacl|62/100
|move|p2a: Garganacl|Salt Cure|p1a: Keldeo
|-resisted|p1a: Keldeo
|-damage|p1a: Keldeo|62/100
|
|-heal|p2a: Garganacl|68/100|[from] item: Leftovers
|upkeep
|turn|10
|
|t:|1757874117
|move|p1a: Keldeo|Surf|p2a: Garganacl
|-damage|p2a: Garganacl|32/100
|move|p2a: Garganacl|Recover|p2a: Garganacl
|-heal|p2a: Garganacl|82/100
|
|-heal|p2a: Garganacl|88/100|[from] item: Leftovers
|upkeep
|turn|11
|
|t:|1757874122
|move|p2a: Garganacl|Protect|p2a: Garganacl
|-singleturn|p2a: Garganacl|Protect
|move|p1a: Keldeo|Secret Sword|p2a: Garganacl
|-activate|p2a: Garganacl|move: Protect
|
|-heal|p2a: Garganacl|94/100|[from] item: Leftovers
|upkeep
|turn|12
|
|t:|1757874126
|move|p1a: Keldeo|Surf|p2a: Garganacl
|-damage|p2a: Garganacl|62/100
|move|p2a: Garganacl|Stealth Rock|p1a: Keldeo
|-sidestart|p1: follow vukuatlar|move: Stealth Rock
|
|-heal|p2a: Garganacl|68/100|[from] item: Leftovers
|upkeep
|turn|13
|
|t:|1757874131
|move|p2a: Garganacl|Protect|p2a: Garganacl
|-singleturn|p2a: Garganacl|Protect
|move|p1a: Keldeo|Surf|p2a: Garganacl
|-activate|p2a: Garganacl|move: Protect
|
|-heal|p2a: Garganacl|74/100|[from] item: Leftovers
|upkeep
|turn|14
|
|t:|1757874135
|switch|p2a: Volcanion|Volcanion|100/100
|move|p1a: Keldeo|Secret Sword|p2a: Volcanion
|-damage|p2a: Volcanion|57/100
|
|-heal|p2a: Volcanion|64/100|[from] item: Leftovers
|upkeep
|turn|15
|
|t:|1757874142
|move|p1a: Keldeo|Secret Sword|p2a: Volcanion
|-damage|p2a: Volcanion|25/100
|move|p2a: Volcanion|Sludge Bomb|p1a: Keldeo
|-crit|p1a: Keldeo
|-damage|p1a: Keldeo|14/100
|
|-heal|p2a: Volcanion|31/100|[from] item: Leftovers
|upkeep
|turn|16
|
|t:|1757874150
|switch|p2a: Alomomola|Alomomola, F, shiny|100/100
|move|p1a: Keldeo|Surf|p2a: Alomomola
|-resisted|p2a: Alomomola
|-damage|p2a: Alomomola|79/100
|
|upkeep
|turn|17
|
|t:|1757874158
|switch|p1a: Cinderace|Cinderace, F|100/100
|move|p2a: Alomomola|Wish|p2a: Alomomola
|
|upkeep
|turn|18
|
|t:|1757874163
|switch|p2a: Volcanion|Volcanion|31/100
|move|p1a: Cinderace|Will-O-Wisp|p2a: Volcanion
|-immune|p2a: Volcanion
|
|-heal|p2a: Volcanion|100/100|[from] move: Wish|[wisher] Alomomola
|upkeep
|turn|19
|
|t:|1757874167
|move|p1a: Cinderace|Court Change|p1a: Cinderace
|-start|p1a: Cinderace|typechange|Normal|[from] ability: Libero
|-swapsideconditions
|-activate|p1a: Cinderace|move: Court Change
|move|p2a: Volcanion|Steam Eruption|p1a: Cinderace
|-damage|p1a: Cinderace|5/100
|-status|p1a: Cinderace|brn
|
|-damage|p1a: Cinderace|0 fnt|[from] brn
|faint|p1a: Cinderace
|upkeep
|
|t:|1757874185
|switch|p1a: Slowking|Slowking, M|100/100
|turn|20
|
|t:|1757874194
|move|p2a: Volcanion|Substitute|p2a: Volcanion
|-start|p2a: Volcanion|Substitute
|-damage|p2a: Volcanion|75/100
|-prepare|p1a: Slowking|Chilly Reception|[premajor]
|move|p1a: Slowking|Chilly Reception|p1a: Slowking
|-weather|Snowscape
|
|t:|1757874199
|switch|p1a: Dragapult|Dragapult, F|76/100|[from] Chilly Reception
|
|-weather|Snowscape|[upkeep]
|-heal|p2a: Volcanion|82/100|[from] item: Leftovers
|upkeep
|turn|21
|
|t:|1757874203
|move|p1a: Dragapult|Dragon Darts|p2a: Volcanion
|-end|p2a: Volcanion|Substitute
|-anim|p1a: Dragapult|Dragon Darts|p2a: Volcanion
|-damage|p2a: Volcanion|50/100
|move|p2a: Volcanion|Steam Eruption|p1a: Dragapult
|-resisted|p1a: Dragapult
|-damage|p1a: Dragapult|36/100
|
|-weather|Snowscape|[upkeep]
|-heal|p2a: Volcanion|56/100|[from] item: Leftovers
|upkeep
|turn|22
|
|t:|1757874211
|switch|p1a: Ursaluna|Ursaluna, F|100/100
|switch|p2a: Garganacl|Garganacl, F, tera:Fairy|74/100
|-damage|p2a: Garganacl|62/100|[from] Stealth Rock
|
|-weather|Snowscape|[upkeep]
|-heal|p2a: Garganacl|68/100|[from] item: Leftovers
|-status|p1a: Ursaluna|brn|[from] item: Flame Orb
|upkeep
|turn|23
|
|t:|1757874221
|switch|p2a: Alomomola|Alomomola, F, shiny|100/100
|-damage|p2a: Alomomola|88/100|[from] Stealth Rock
|move|p1a: Ursaluna|Substitute|p1a: Ursaluna
|-start|p1a: Ursaluna|Substitute
|-damage|p1a: Ursaluna|76/100 brn
|
|-weather|Snowscape|[upkeep]
|-damage|p1a: Ursaluna|70/100 brn|[from] brn
|upkeep
|turn|24
|
|t:|1757874225
|-terastallize|p1a: Ursaluna|Normal
|move|p2a: Alomomola|Scald|p1a: Ursaluna
|-activate|p1a: Ursaluna|move: Substitute|[damage]
|move|p1a: Ursaluna|Facade|p2a: Alomomola
|-damage|p2a: Alomomola|0 fnt
|-damage|p1a: Ursaluna|53/100 brn|[from] item: Rocky Helmet|[of] p2a: Alomomola
|faint|p2a: Alomomola
|
|-weather|none
|-damage|p1a: Ursaluna|47/100 brn|[from] brn
|upkeep
|
|t:|1757874239
|switch|p2a: Gliscor|Gliscor, F|100/100
|-damage|p2a: Gliscor|88/100|[from] Stealth Rock
|turn|25
|
|t:|1757874241
|move|p2a: Gliscor|Protect|p2a: Gliscor
|-singleturn|p2a: Gliscor|Protect
|move|p1a: Ursaluna|Facade|p2a: Gliscor
|-activate|p2a: Gliscor|move: Protect
|
|-damage|p1a: Ursaluna|41/100 brn|[from] brn
|-status|p2a: Gliscor|tox|[from] item: Toxic Orb
|upkeep
|turn|26
|
|t:|1757874248
|move|p2a: Gliscor|Facade|p1a: Ursaluna
|-end|p1a: Ursaluna|Substitute
|move|p1a: Ursaluna|Facade|p2a: Gliscor
|-damage|p2a: Gliscor|0 fnt
|faint|p2a: Gliscor
|
|-damage|p1a: Ursaluna|35/100 brn|[from] brn
|upkeep
|
|t:|1757874253
|switch|p2a: Volcanion|Volcanion|56/100
|-damage|p2a: Volcanion|31/100|[from] Stealth Rock
|turn|27
|
|t:|1757874256
|switch|p1a: Keldeo|Keldeo-Resolute|14/100
|move|p2a: Volcanion|Flamethrower|p1a: Keldeo
|-resisted|p1a: Keldeo
|-crit|p1a: Keldeo
|-damage|p1a: Keldeo|0 fnt
|faint|p1a: Keldeo
|
|-heal|p2a: Volcanion|37/100|[from] item: Leftovers
|upkeep
|
|t:|1757874268
|switch|p1a: Dragapult|Dragapult, F|36/100
|turn|28
|
|t:|1757874272
|switch|p2a: Garganacl|Garganacl, F, tera:Fairy|68/100
|-damage|p2a: Garganacl|56/100|[from] Stealth Rock
|move|p1a: Dragapult|U-turn|p2a: Garganacl
|-resisted|p2a: Garganacl
|-damage|p2a: Garganacl|44/100
|
|t:|1757874276
|switch|p1a: Ursaluna|Ursaluna, F, tera:Normal|35/100 brn|[from] U-turn
|
|-heal|p2a: Garganacl|50/100|[from] item: Leftovers
|-damage|p1a: Ursaluna|29/100 brn|[from] brn
|upkeep
|turn|29
|
|t:|1757874285
|move|p2a: Garganacl|Salt Cure|p1a: Ursaluna
|-damage|p1a: Ursaluna|19/100 brn
|-start|p1a: Ursaluna|Salt Cure
|move|p1a: Ursaluna|Facade|p2a: Garganacl
|-damage|p2a: Garganacl|0 fnt
|faint|p2a: Garganacl
|
|-damage|p1a: Ursaluna|13/100 brn|[from] brn
|-damage|p1a: Ursaluna|0 fnt|[from] Salt Cure
|faint|p1a: Ursaluna
|upkeep
|
|t:|1757874292
|switch|p2a: Weezing|Weezing-Galar, F|92/100
|switch|p1a: Slowking|Slowking, M|100/100
|-ability|p2a: Weezing|Neutralizing Gas
|turn|30
|
|t:|1757874295
|move|p2a: Weezing|Defog|p1a: Slowking
|-unboost|p1a: Slowking|evasion|1
|-sideend|p2: JohnLowLadder'|Stealth Rock|[from] move: Defog|[of] p2a: Weezing
|move|p1a: Slowking|Future Sight|p2a: Weezing
|-start|p1a: Slowking|move: Future Sight
|
|upkeep
|turn|31
|
|t:|1757874302
|move|p2a: Weezing|Sludge Bomb|p1a: Slowking
|-damage|p1a: Slowking|81/100
|-prepare|p1a: Slowking|Chilly Reception|[premajor]
|move|p1a: Slowking|Chilly Reception|p1a: Slowking
|-weather|Snowscape
|
|t:|1757874307
|switch|p1a: Iron Hands|Iron Hands, shiny|100/100|[from] Chilly Reception
|
|-weather|Snowscape|[upkeep]
|upkeep
|turn|32
|
|t:|1757874318
|move|p2a: Weezing|Will-O-Wisp|p1a: Iron Hands|[miss]
|-miss|p2a: Weezing|p1a: Iron Hands
|move|p1a: Iron Hands|Drain Punch|p2a: Weezing
|-resisted|p2a: Weezing
|-damage|p2a: Weezing|84/100
|
|-weather|Snowscape|[upkeep]
|-end|p2a: Weezing|move: Future Sight
|-supereffective|p2a: Weezing
|-damage|p2a: Weezing|0 fnt
|faint|p2a: Weezing
|-end|p2a: Weezing|ability: Neutralizing Gas
|upkeep
|
|t:|1757874321
|switch|p2a: Volcanion|Volcanion|37/100
|turn|33
|
|t:|1757874333
|-end|p1a: Iron Hands|Quark Drive|[silent]
|switch|p1a: Slowking|Slowking, M|81/100
|move|p2a: Volcanion|Steam Eruption|p1a: Slowking
|-resisted|p1a: Slowking
|-damage|p1a: Slowking|59/100
|-status|p1a: Slowking|brn
|
|-weather|Snowscape|[upkeep]
|-heal|p2a: Volcanion|43/100|[from] item: Leftovers
|-damage|p1a: Slowking|53/100 brn|[from] brn
|upkeep
|turn|34
|
|t:|1757874341
|move|p2a: Volcanion|Sludge Bomb|p1a: Slowking
|-damage|p1a: Slowking|28/100 brn
|move|p1a: Slowking|Future Sight|p2a: Volcanion
|-start|p1a: Slowking|move: Future Sight
|
|-weather|Snowscape|[upkeep]
|-heal|p2a: Volcanion|50/100|[from] item: Leftovers
|-damage|p1a: Slowking|22/100 brn|[from] brn
|upkeep
|turn|35
|
|t:|1757874352
|move|p2a: Volcanion|Sludge Bomb|p1a: Slowking
|-damage|p1a: Slowking|0 fnt
|faint|p1a: Slowking
|
|-weather|none
|-heal|p2a: Volcanion|56/100|[from] item: Leftovers
|upkeep
|
|t:|1757874356
|switch|p1a: Dragapult|Dragapult, F|36/100
|turn|36
|
|t:|1757874364
|move|p1a: Dragapult|Dragon Darts|p2a: Volcanion
|-damage|p2a: Volcanion|24/100
|-anim|p1a: Dragapult|Dragon Darts|p2a: Volcanion
|-damage|p2a: Volcanion|0 fnt
|faint|p2a: Volcanion
|
|-hint|Future Sight did not hit because the target is fainted.
|upkeep
|
|t:|1757874366
|switch|p2a: Darkrai|Darkrai|100/100
|turn|37
|
|t:|1757874371
|move|p2a: Darkrai|Dark Pulse|p1a: Dragapult
|-supereffective|p1a: Dragapult
|-damage|p1a: Dragapult|0 fnt
|faint|p1a: Dragapult
|
|upkeep
|
|t:|1757874377
|switch|p1a: Iron Hands|Iron Hands, shiny|100/100
|turn|38
|-message|JohnLowLadder' forfeited.
|
|win|follow vukuatlar
|raw|follow vukuatlar's rating: 1725 &rarr; <strong>1744</strong><br />(+19 for winning)
|raw|JohnLowLadder&apos;'s rating: 1715 &rarr; <strong>1696</strong><br />(-19 for losing)
|l|☆JohnLowLadder'
|player|p2|
|l| Jey2
|l|☆follow vukuatlar
|player|p1|
