|j|☆ColonizedUsername
|j|☆kuroehanako0927
|t:|1757914959
|gametype|singles
|player|p1|ColonizedUsername|candice|1434
|player|p2|kuroehanako0927|cynthia|1521
|gen|9
|tier|[Gen 9] OU
|rated|
|rule|HP Percentage Mod: HP is shown in percentages
|rule|Endless Battle Clause: Forcing endless battles is banned
|rule|Species Clause: Limit one of each Pokémon
|rule|OHKO Clause: OHKO moves are banned
|rule|Evasion Items Clause: Evasion items are banned
|rule|Evasion Moves Clause: Evasion moves are banned
|rule|Evasion Abilities Clause: Evasion abilities are banned
|rule|Sleep Moves Clause: Sleep-inducing moves are banned
|clearpoke
|poke|p1|Sableye, F|
|poke|p1|Corviknight, F|
|poke|p1|Gliscor, F|
|poke|p1|Garganacl, F|
|poke|p1|Iron Valiant|
|poke|p1|Alomomola, M|
|poke|p2|Moltres|
|poke|p2|Zamazenta-*|
|poke|p2|Darkrai|
|poke|p2|Amoonguss, F|
|poke|p2|Ting-Lu|
|poke|p2|Tinkaton, F|
|teampreview
|inactive|Battle timer is ON: inactive players will automatically lose when time's up. (requested by ColonizedUsername)
|
|t:|1757915004
|teamsize|p1|6
|teamsize|p2|6
|start
|switch|p1a: Gliscor|Gliscor, F|100/100
|switch|p2a: Tinkaton|Tinkaton, F|100/100
|-ability|p2a: Tinkaton|Mold Breaker
|-item|p2a: Tinkaton|Air Balloon
|turn|1
|
|t:|1757915012
|move|p1a: Gliscor|Protect|p1a: Gliscor
|-singleturn|p1a: Gliscor|Protect
|move|p2a: Tinkaton|Stealth Rock|p1a: Gliscor
|-sidestart|p1: ColonizedUsername|move: Stealth Rock
|
|-status|p1a: Gliscor|tox|[from] item: Toxic Orb
|upkeep
|turn|2
|
|t:|1757915017
|move|p2a: Tinkaton|Encore|p1a: Gliscor
|-start|p1a: Gliscor|Encore
|move|p1a: Gliscor|Protect||[still]
|-fail|p1a: Gliscor
|
|upkeep
|turn|3
|
|t:|1757915024
|switch|p1a: Alomomola|Alomomola, M|100/100
|move|p2a: Tinkaton|Thunder Wave|p1a: Alomomola|[miss]
|-miss|p2a: Tinkaton|p1a: Alomomola
|
|upkeep
|turn|4
|inactive|kuroehanako0927 has 120 seconds left.
|
|t:|1757915059
|switch|p2a: Amoonguss|Amoonguss, F|100/100
|switch|p1a: Gliscor|Gliscor, F|100/100 tox
|-damage|p1a: Gliscor|88/100 tox|[from] Stealth Rock
|
|-heal|p1a: Gliscor|100/100 tox|[from] ability: Poison Heal
|upkeep
|turn|5
|inactive|kuroehanako0927 has 120 seconds left.
|
|t:|1757915067
|switch|p2a: Tinkaton|Tinkaton, F|100/100
|-ability|p2a: Tinkaton|Mold Breaker
|-item|p2a: Tinkaton|Air Balloon
|move|p1a: Gliscor|Spikes|p2a: Tinkaton
|-sidestart|p2: kuroehanako0927|Spikes
|
|upkeep
|turn|6
|inactive|kuroehanako0927 has 120 seconds left.
|
|t:|1757915090
|-terastallize|p2a: Tinkaton|Ghost
|move|p2a: Tinkaton|Encore|p1a: Gliscor
|-start|p1a: Gliscor|Encore
|move|p1a: Gliscor|Spikes|p2a: Tinkaton
|-sidestart|p2: kuroehanako0927|Spikes
|
|upkeep
|turn|7
|
|t:|1757915094
|switch|p2a: Ting-Lu|Ting-Lu|100/100
|-damage|p2a: Ting-Lu|84/100|[from] Spikes
|-ability|p2a: Ting-Lu|Vessel of Ruin
|move|p1a: Gliscor|Spikes|p2a: Ting-Lu
|-sidestart|p2: kuroehanako0927|Spikes
|
|-heal|p2a: Ting-Lu|90/100|[from] item: Leftovers
|upkeep
|turn|8
|
|t:|1757915100
|switch|p1a: Alomomola|Alomomola, M|100/100
|move|p2a: Ting-Lu|Spikes|p1a: Alomomola
|-sidestart|p1: ColonizedUsername|Spikes
|
|-heal|p2a: Ting-Lu|96/100|[from] item: Leftovers
|upkeep
|turn|9
|
|t:|1757915105
|move|p2a: Ting-Lu|Spikes|p1a: Alomomola
|-sidestart|p1: ColonizedUsername|Spikes
|move|p1a: Alomomola|Scald|p2a: Ting-Lu
|-supereffective|p2a: Ting-Lu
|-damage|p2a: Ting-Lu|84/100
|
|-heal|p2a: Ting-Lu|91/100|[from] item: Leftovers
|upkeep
|turn|10
|
|t:|1757915108
|move|p2a: Ting-Lu|Spikes|p1a: Alomomola
|-sidestart|p1: ColonizedUsername|Spikes
|move|p1a: Alomomola|Scald|p2a: Ting-Lu
|-supereffective|p2a: Ting-Lu
|-damage|p2a: Ting-Lu|79/100
|
|-heal|p2a: Ting-Lu|85/100|[from] item: Leftovers
|upkeep
|turn|11
|
|t:|1757915116
|move|p1a: Alomomola|Scald|p2a: Ting-Lu
|-supereffective|p2a: Ting-Lu
|-damage|p2a: Ting-Lu|74/100
|move|p2a: Ting-Lu|Whirlwind|p1a: Alomomola
|drag|p1a: Iron Valiant|Iron Valiant|100/100
|
|-heal|p2a: Ting-Lu|80/100|[from] item: Leftovers
|upkeep
|turn|12
|
|t:|1757915123
|-end|p1a: Iron Valiant|Quark Drive|[silent]
|switch|p1a: Alomomola|Alomomola, M|100/100
|switch|p2a: Amoonguss|Amoonguss, F|100/100
|
|upkeep
|turn|13
|
|t:|1757915144
|switch|p1a: Gliscor|Gliscor, F|100/100 tox
|-damage|p1a: Gliscor|88/100 tox|[from] Stealth Rock
|switch|p2a: Darkrai|Darkrai, shiny|100/100
|
|-heal|p1a: Gliscor|100/100 tox|[from] ability: Poison Heal
|upkeep
|turn|14
|
|t:|1757915153
|switch|p1a: Garganacl|Garganacl, F|100/100
|move|p2a: Darkrai|Knock Off|p1a: Garganacl
|-damage|p1a: Garganacl|83/100
|-enditem|p1a: Garganacl|Heavy-Duty Boots|[from] move: Knock Off|[of] p2a: Darkrai
|
|upkeep
|turn|15
|inactive|kuroehanako0927 has 120 seconds left.
|
|t:|1757915181
|switch|p2a: Amoonguss|Amoonguss, F|100/100
|move|p1a: Garganacl|Stealth Rock|p2a: Amoonguss
|-sidestart|p2: kuroehanako0927|move: Stealth Rock
|
|upkeep
|turn|16
|inactive|kuroehanako0927 has 120 seconds left.
|
|t:|1757915192
|switch|p1a: Gliscor|Gliscor, F|100/100 tox
|-damage|p1a: Gliscor|88/100 tox|[from] Stealth Rock
|move|p2a: Amoonguss|Giga Drain|p1a: Gliscor
|-damage|p1a: Gliscor|68/100 tox
|
|-heal|p1a: Gliscor|81/100 tox|[from] ability: Poison Heal
|upkeep
|turn|17
|inactive|kuroehanako0927 has 120 seconds left.
|
|t:|1757915207
|switch|p2a: Darkrai|Darkrai, shiny|100/100
|move|p1a: Gliscor|U-turn|p2a: Darkrai
|-supereffective|p2a: Darkrai
|-crit|p2a: Darkrai
|-damage|p2a: Darkrai|34/100
|
|t:|1757915225
|switch|p1a: Corviknight|Corviknight, F|100/100|[from] U-turn
|-damage|p1a: Corviknight|88/100|[from] Stealth Rock
|-ability|p1a: Corviknight|Pressure
|
|upkeep
|turn|18
|
|t:|1757915230
|switch|p2a: Tinkaton|Tinkaton, F, tera:Ghost|100/100
|-damage|p2a: Tinkaton|88/100|[from] Stealth Rock
|-ability|p2a: Tinkaton|Mold Breaker
|-item|p2a: Tinkaton|Air Balloon
|move|p1a: Corviknight|Body Press|p2a: Tinkaton
|-immune|p2a: Tinkaton
|
|upkeep
|turn|19
|
|t:|1757915239
|switch|p1a: Gliscor|Gliscor, F|81/100 tox
|-damage|p1a: Gliscor|68/100 tox|[from] Stealth Rock
|move|p2a: Tinkaton|Thunder Wave|p1a: Gliscor
|-immune|p1a: Gliscor
|
|-heal|p1a: Gliscor|81/100 tox|[from] ability: Poison Heal
|upkeep
|turn|20
|-message|kuroehanako0927 forfeited.
|
|win|ColonizedUsername
|raw|ColonizedUsername's rating: 1434 &rarr; <strong>1459</strong><br />(+25 for winning)
|raw|kuroehanako0927's rating: 1521 &rarr; <strong>1496</strong><br />(-25 for losing)
|l|☆kuroehanako0927
|player|p2|
|l|☆ColonizedUsername
|player|p1|
