|j|☆go b3yond
|j|☆Polgre VII
|t:|1757941694
|gametype|singles
|player|p1|go b3yond|bruno|1499
|player|p2|Polgre VII|drayden|1490
|gen|9
|tier|[Gen 9] OU
|rated|
|rule|HP Percentage Mod: HP is shown in percentages
|rule|Endless Battle Clause: Forcing endless battles is banned
|rule|Species Clause: Limit one of each Pokémon
|rule|OHKO Clause: OHKO moves are banned
|rule|Evasion Items Clause: Evasion items are banned
|rule|Evasion Moves Clause: Evasion moves are banned
|rule|Evasion Abilities Clause: Evasion abilities are banned
|rule|Sleep Moves Clause: Sleep-inducing moves are banned
|clearpoke
|poke|p1|Torkoal, M|
|poke|p1|Brute Bonnet|
|poke|p1|Hatterene, F|
|poke|p1|Walking Wake|
|poke|p1|Thundurus-Therian, M|
|poke|p1|Ceruledge, M|
|poke|p2|Iron Moth|
|poke|p2|Kingambit, M|
|poke|p2|Dragonite, F|
|poke|p2|Ogerpon-Cornerstone, F|
|poke|p2|Iron Valiant|
|poke|p2|Raging Bolt|
|teampreview
|inactive|Battle timer is ON: inactive players will automatically lose when time's up. (requested by go b3yond)
|
|t:|1757941712
|teamsize|p1|6
|teamsize|p2|6
|start
|switch|p1a: GREAT Bait|Torkoal, M, shiny|100/100
|switch|p2a: Ogerpon|Ogerpon-Cornerstone, F|100/100
|-weather|SunnyDay|[from] ability: Drought|[of] p1a: GREAT Bait
|turn|1
|
|t:|1757941741
|move|p2a: Ogerpon|Ivy Cudgel|p1a: GREAT Bait|[anim] Ivy Cudgel Rock
|-supereffective|p1a: GREAT Bait
|-damage|p1a: GREAT Bait|0 fnt
|faint|p1a: GREAT Bait
|
|-weather|SunnyDay|[upkeep]
|upkeep
|
|t:|1757941748
|switch|p1a: Walking Wake|Walking Wake|100/100
|-activate|p1a: Walking Wake|ability: Protosynthesis
|-start|p1a: Walking Wake|protosynthesisspe
|turn|2
|
|t:|1757941763
|move|p1a: Walking Wake|Hydro Steam|p2a: Ogerpon
|-damage|p2a: Ogerpon|28/100
|move|p2a: Ogerpon|Power Whip|p1a: Walking Wake
|-damage|p1a: Walking Wake|22/100
|
|-weather|SunnyDay|[upkeep]
|upkeep
|turn|3
|
|t:|1757941769
|move|p1a: Walking Wake|Hydro Steam|p2a: Ogerpon
|-damage|p2a: Ogerpon|0 fnt
|faint|p2a: Ogerpon
|
|-weather|SunnyDay|[upkeep]
|upkeep
|
|t:|1757941773
|switch|p2a: Iron Valiant|Iron Valiant|100/100
|-enditem|p2a: Iron Valiant|Booster Energy
|-activate|p2a: Iron Valiant|ability: Quark Drive|[fromitem]
|-start|p2a: Iron Valiant|quarkdrivespe
|turn|4
|
|t:|1757941780
|-end|p1a: Walking Wake|Protosynthesis|[silent]
|switch|p1a: Hatterene|Hatterene, F|100/100
|move|p2a: Iron Valiant|Knock Off|p1a: Hatterene
|-damage|p1a: Hatterene|72/100
|-enditem|p1a: Hatterene|Eject Button|[from] move: Knock Off|[of] p2a: Iron Valiant
|
|-weather|SunnyDay|[upkeep]
|upkeep
|turn|5
|
|t:|1757941802
|move|p2a: Iron Valiant|Destiny Bond|p2a: Iron Valiant
|-singlemove|p2a: Iron Valiant|Destiny Bond
|move|p1a: Hatterene|Nuzzle|p2a: Iron Valiant
|-damage|p2a: Iron Valiant|95/100
|-status|p2a: Iron Valiant|par
|
|-weather|SunnyDay|[upkeep]
|upkeep
|turn|6
|
|t:|1757941808
|move|p2a: Iron Valiant|Knock Off|p1a: Hatterene
|-damage|p1a: Hatterene|51/100
|move|p1a: Hatterene|Dazzling Gleam|p2a: Iron Valiant
|-supereffective|p2a: Iron Valiant
|-damage|p2a: Iron Valiant|0 fnt
|faint|p2a: Iron Valiant
|-end|p2a: Iron Valiant|Quark Drive|[silent]
|
|-weather|SunnyDay|[upkeep]
|upkeep
|
|t:|1757941812
|switch|p2a: Iron Moth|Iron Moth|100/100
|-enditem|p2a: Iron Moth|Booster Energy
|-activate|p2a: Iron Moth|ability: Quark Drive|[fromitem]
|-start|p2a: Iron Moth|quarkdrivespe
|turn|7
|
|t:|1757941817
|move|p2a: Iron Moth|Fiery Dance|p1a: Hatterene
|-damage|p1a: Hatterene|0 fnt
|faint|p1a: Hatterene
|
|-weather|SunnyDay|[upkeep]
|upkeep
|
|t:|1757941819
|switch|p1a: Ceruledge|Ceruledge, M|100/100
|turn|8
|inactive|Polgre VII has 120 seconds left.
|
|t:|1757941864
|move|p2a: Iron Moth|Sludge Wave|p1a: Ceruledge
|-resisted|p1a: Ceruledge
|-damage|p1a: Ceruledge|72/100
|move|p1a: Ceruledge|Swords Dance|p1a: Ceruledge
|-boost|p1a: Ceruledge|atk|2
|
|-weather|none
|upkeep
|turn|9
|
|t:|1757941869
|move|p2a: Iron Moth|Sludge Wave|p1a: Ceruledge
|-resisted|p1a: Ceruledge
|-damage|p1a: Ceruledge|42/100
|move|p1a: Ceruledge|Bitter Blade|p2a: Iron Moth
|-resisted|p2a: Iron Moth
|-damage|p2a: Iron Moth|40/100
|-heal|p1a: Ceruledge|73/100|[from] drain|[of] p2a: Iron Moth
|
|upkeep
|turn|10
|
|t:|1757941877
|move|p1a: Ceruledge|Shadow Sneak|p2a: Iron Moth
|-damage|p2a: Iron Moth|0 fnt
|faint|p2a: Iron Moth
|-end|p2a: Iron Moth|Quark Drive|[silent]
|
|upkeep
|
|t:|1757941880
|switch|p2a: Kingambit|Kingambit, M|100/100
|-activate|p2a: Kingambit|ability: Supreme Overlord
|-start|p2a: Kingambit|fallen3|[silent]
|turn|11
|
|t:|1757941883
|move|p1a: Ceruledge|Shadow Sneak|p2a: Kingambit
|-resisted|p2a: Kingambit
|-damage|p2a: Kingambit|85/100
|move|p2a: Kingambit|Kowtow Cleave|p1a: Ceruledge
|-supereffective|p1a: Ceruledge
|-damage|p1a: Ceruledge|0 fnt
|faint|p1a: Ceruledge
|
|upkeep
|
|t:|1757941897
|switch|p1a: Thundurus|Thundurus-Therian, M|100/100
|turn|12
|
|t:|1757941913
|move|p1a: Thundurus|Volt Switch|p2a: Kingambit
|-damage|p2a: Kingambit|16/100
|
|t:|1757941916
|switch|p1a: Walking Wake|Walking Wake|22/100|[from] Volt Switch
|move|p2a: Kingambit|Kowtow Cleave|p1a: Walking Wake
|-damage|p1a: Walking Wake|0 fnt
|faint|p1a: Walking Wake
|-end|p1a: Walking Wake|Protosynthesis|[silent]
|
|upkeep
|
|t:|1757941919
|switch|p1a: Brute Bonnet|Brute Bonnet|100/100
|turn|13
|
|t:|1757941935
|move|p1a: Brute Bonnet|Sucker Punch|p2a: Kingambit
|-resisted|p2a: Kingambit
|-damage|p2a: Kingambit|0 fnt
|faint|p2a: Kingambit
|-end|p2a: Kingambit|fallen3|[silent]
|
|upkeep
|
|t:|1757941941
|switch|p2a: Dragonite|Dragonite, F|100/100
|turn|14
|
|t:|1757941947
|move|p2a: Dragonite|Dragon Dance|p2a: Dragonite
|-boost|p2a: Dragonite|atk|1
|-boost|p2a: Dragonite|spe|1
|move|p1a: Brute Bonnet|Bullet Seed|p2a: Dragonite
|-resisted|p2a: Dragonite
|-damage|p2a: Dragonite|99/100
|-resisted|p2a: Dragonite
|-damage|p2a: Dragonite|95/100
|-resisted|p2a: Dragonite
|-damage|p2a: Dragonite|92/100
|-resisted|p2a: Dragonite
|-damage|p2a: Dragonite|88/100
|-resisted|p2a: Dragonite
|-damage|p2a: Dragonite|85/100
|-hitcount|p2a: Dragonite|5
|
|upkeep
|turn|15
|
|t:|1757941952
|-terastallize|p2a: Dragonite|Flying
|move|p1a: Brute Bonnet|Sucker Punch|p2a: Dragonite
|-damage|p2a: Dragonite|38/100
|move|p2a: Dragonite|Tera Blast|p1a: Brute Bonnet|[anim] Tera Blast Flying
|-supereffective|p1a: Brute Bonnet
|-damage|p1a: Brute Bonnet|0 fnt
|faint|p1a: Brute Bonnet
|-end|p1a: Brute Bonnet|Protosynthesis|[silent]
|
|upkeep
|
|t:|1757941958
|switch|p1a: Thundurus|Thundurus-Therian, M|100/100
|turn|16
|
|t:|1757941962
|move|p2a: Dragonite|Tera Blast|p1a: Thundurus|[anim] Tera Blast Flying
|-resisted|p1a: Thundurus
|-damage|p1a: Thundurus|28/100
|move|p1a: Thundurus|Thunderbolt|p2a: Dragonite
|-supereffective|p2a: Dragonite
|-damage|p2a: Dragonite|0 fnt
|faint|p2a: Dragonite
|
|upkeep
|c|☆go b3yond|Gg
|inactive|Polgre VII has 120 seconds left.
|
|t:|1757942002
|switch|p2a: Raging Bolt|Raging Bolt|100/100
|-enditem|p2a: Raging Bolt|Booster Energy
|-activate|p2a: Raging Bolt|ability: Protosynthesis|[fromitem]
|-start|p2a: Raging Bolt|protosynthesisspa
|turn|17
|c|☆Polgre VII|gg
|
|t:|1757942006
|-terastallize|p1a: Thundurus|Fairy
|move|p1a: Thundurus|Thunderbolt|p2a: Raging Bolt
|-resisted|p2a: Raging Bolt
|-damage|p2a: Raging Bolt|83/100
|move|p2a: Raging Bolt|Dragon Pulse|p1a: Thundurus
|-immune|p1a: Thundurus
|
|upkeep
|turn|18
|
|t:|1757942013
|move|p1a: Thundurus|Thunderbolt|p2a: Raging Bolt
|-resisted|p2a: Raging Bolt
|-damage|p2a: Raging Bolt|64/100
|move|p2a: Raging Bolt|Calm Mind|p2a: Raging Bolt
|-boost|p2a: Raging Bolt|spa|1
|-boost|p2a: Raging Bolt|spd|1
|
|upkeep
|turn|19
|
|t:|1757942016
|move|p1a: Thundurus|Thunderbolt|p2a: Raging Bolt
|-resisted|p2a: Raging Bolt
|-damage|p2a: Raging Bolt|50/100
|move|p2a: Raging Bolt|Calm Mind|p2a: Raging Bolt
|-boost|p2a: Raging Bolt|spa|1
|-boost|p2a: Raging Bolt|spd|1
|
|upkeep
|turn|20
|c|☆Polgre VII|wait
|c|☆Polgre VII|nooooo
|c|☆Polgre VII|nice set
|c|☆go b3yond|Lol
|-message|Polgre VII forfeited.
|
|win|go b3yond
|raw|go b3yond's rating: 1499 &rarr; <strong>1520</strong><br />(+21 for winning)
|raw|Polgre VII's rating: 1513 &rarr; <strong>1492</strong><br />(-21 for losing)
|l|☆Polgre VII
|player|p2|
|c|☆go b3yond|This is why i use him btw
|c|☆go b3yond|Gg
|l|☆go b3yond
|player|p1|
