|j|☆dengdengni
|j|☆TapuTeao
|t:|1757859599
|gametype|singles
|player|p1|dengdengni|scientist|1474
|player|p2|TapuTeao|266|1510
|gen|9
|tier|[Gen 9] OU
|rated|
|rule|HP Percentage Mod: HP is shown in percentages
|rule|Endless Battle Clause: Forcing endless battles is banned
|rule|Species Clause: Limit one of each Pokémon
|rule|OHKO Clause: OHKO moves are banned
|rule|Evasion Items Clause: Evasion items are banned
|rule|Evasion Moves Clause: Evasion moves are banned
|rule|Evasion Abilities Clause: Evasion abilities are banned
|rule|Sleep Moves Clause: Sleep-inducing moves are banned
|clearpoke
|poke|p1|Gholdengo|
|poke|p1|Samurott-Hisui, M|
|poke|p1|Great Tusk|
|poke|p1|Moltres|
|poke|p1|Dragapult, M|
|poke|p1|Kingambit, M|
|poke|p2|Necrozma|
|poke|p2|Kingambit, F|
|poke|p2|Samurott-Hisui, M|
|poke|p2|Iron Treads|
|poke|p2|Pecharunt|
|poke|p2|Enamorus, F|
|teampreview
|inactive|Battle timer is ON: inactive players will automatically lose when time's up. (requested by TapuTeao)
|
|t:|1757859629
|teamsize|p1|6
|teamsize|p2|6
|start
|switch|p1a: Samurott|Samurott-Hisui, M|100/100
|switch|p2a: Enamorus|Enamorus, F|100/100
|turn|1
|
|t:|1757859655
|move|p2a: Enamorus|Moonblast|p1a: Samurott
|-supereffective|p1a: Samurott
|-enditem|p1a: Samurott|Focus Sash
|-damage|p1a: Samurott|1/100
|move|p1a: Samurott|Ceaseless Edge|p2a: Enamorus
|-resisted|p2a: Enamorus
|-damage|p2a: Enamorus|67/100
|-sidestart|p2: TapuTeao|Spikes
|
|upkeep
|turn|2
|
|t:|1757859663
|switch|p1a: Moltres|Moltres, shiny|100/100
|move|p2a: Enamorus|Moonblast|p1a: Moltres
|-resisted|p1a: Moltres
|-damage|p1a: Moltres|75/100
|-unboost|p1a: Moltres|spa|1
|
|upkeep
|turn|3
|
|t:|1757859671
|switch|p2a: Necrozma|Necrozma|100/100
|-damage|p2a: Necrozma|88/100|[from] Spikes
|move|p1a: Moltres|U-turn|p2a: Necrozma
|-supereffective|p2a: Necrozma
|-damage|p2a: Necrozma|71/100
|
|t:|1757859679
|switch|p1a: Gholdengo|Gholdengo|100/100|[from] U-turn
|-item|p1a: Gholdengo|Air Balloon
|
|upkeep
|turn|4
|
|t:|1757859686
|move|p1a: Gholdengo|Shadow Ball|p2a: Necrozma
|-supereffective|p2a: Necrozma
|-damage|p2a: Necrozma|20/100
|move|p2a: Necrozma|Photon Geyser|p1a: Gholdengo
|-resisted|p1a: Gholdengo
|-damage|p1a: Gholdengo|76/100
|-enditem|p1a: Gholdengo|Air Balloon
|
|upkeep
|turn|5
|
|t:|1757859696
|move|p1a: Gholdengo|Make It Rain|p2a: Necrozma
|-damage|p2a: Necrozma|0 fnt
|-unboost|p1a: Gholdengo|spa|1
|faint|p2a: Necrozma
|
|upkeep
|
|t:|1757859706
|switch|p2a: Samurott|Samurott-Hisui, M|100/100
|-damage|p2a: Samurott|88/100|[from] Spikes
|turn|6
|
|t:|1757859715
|switch|p1a: Moltres|Moltres, shiny|75/100
|move|p2a: Samurott|Ceaseless Edge|p1a: Moltres
|-damage|p1a: Moltres|21/100
|-sidestart|p1: dengdengni|Spikes
|
|upkeep
|turn|7
|
|t:|1757859722
|move|p2a: Samurott|Ceaseless Edge|p1a: Moltres
|-damage|p1a: Moltres|0 fnt
|-sidestart|p1: dengdengni|Spikes
|faint|p1a: Moltres
|
|upkeep
|
|t:|1757859733
|switch|p1a: Kingambit|Kingambit, M, shiny|100/100
|-damage|p1a: Kingambit|84/100|[from] Spikes
|-activate|p1a: Kingambit|ability: Supreme Overlord
|-start|p1a: Kingambit|fallen1|[silent]
|turn|8
|
|t:|1757859743
|switch|p2a: Kingambit|Kingambit, F|100/100
|-damage|p2a: Kingambit|88/100|[from] Spikes
|-activate|p2a: Kingambit|ability: Supreme Overlord
|-start|p2a: Kingambit|fallen1|[silent]
|move|p1a: Kingambit|Kowtow Cleave|p2a: Kingambit
|-resisted|p2a: Kingambit
|-damage|p2a: Kingambit|69/100
|
|-heal|p1a: Kingambit|90/100|[from] item: Leftovers
|upkeep
|turn|9
|
|t:|1757859754
|-end|p1a: Kingambit|fallen1|[silent]
|switch|p1a: Great Tusk|Great Tusk, shiny|100/100
|-damage|p1a: Great Tusk|84/100|[from] Spikes
|move|p2a: Kingambit|Iron Head|p1a: Great Tusk
|-damage|p1a: Great Tusk|45/100
|
|-heal|p1a: Great Tusk|51/100|[from] item: Leftovers
|upkeep
|turn|10
|
|t:|1757859764
|-end|p2a: Kingambit|fallen1|[silent]
|switch|p2a: Pecharunt|Pecharunt|100/100
|-item|p2a: Pecharunt|Air Balloon
|move|p1a: Great Tusk|Earthquake|p2a: Pecharunt
|-immune|p2a: Pecharunt
|
|-heal|p1a: Great Tusk|58/100|[from] item: Leftovers
|upkeep
|turn|11
|
|t:|1757859773
|-end|p1a: Great Tusk|Protosynthesis|[silent]
|switch|p1a: Kingambit|Kingambit, M, shiny|90/100
|-damage|p1a: Kingambit|74/100|[from] Spikes
|-activate|p1a: Kingambit|ability: Supreme Overlord
|-start|p1a: Kingambit|fallen1|[silent]
|move|p2a: Pecharunt|Parting Shot|p1a: Kingambit
|-unboost|p1a: Kingambit|atk|1
|-unboost|p1a: Kingambit|spa|1
|
|t:|1757859783
|switch|p2a: Iron Treads|Iron Treads|100/100|[from] Parting Shot
|-damage|p2a: Iron Treads|88/100|[from] Spikes
|
|-heal|p1a: Kingambit|80/100|[from] item: Leftovers
|upkeep
|turn|12
|
|t:|1757859806
|-terastallize|p1a: Kingambit|Ghost
|move|p2a: Iron Treads|Earthquake|p1a: Kingambit
|-damage|p1a: Kingambit|43/100
|move|p1a: Kingambit|Swords Dance|p1a: Kingambit
|-boost|p1a: Kingambit|atk|2
|
|-heal|p1a: Kingambit|49/100|[from] item: Leftovers
|upkeep
|turn|13
|
|t:|1757859822
|move|p2a: Iron Treads|Volt Switch|p1a: Kingambit
|-damage|p1a: Kingambit|39/100
|
|t:|1757859826
|-end|p2a: Iron Treads|Quark Drive|[silent]
|switch|p2a: Samurott|Samurott-Hisui, M|88/100|[from] Volt Switch
|-damage|p2a: Samurott|76/100|[from] Spikes
|move|p1a: Kingambit|Kowtow Cleave|p2a: Samurott
|-resisted|p2a: Samurott
|-damage|p2a: Samurott|24/100
|
|-heal|p1a: Kingambit|45/100|[from] item: Leftovers
|upkeep
|turn|14
|
|t:|1757859837
|move|p2a: Samurott|Aqua Jet|p1a: Kingambit
|-damage|p1a: Kingambit|24/100
|move|p1a: Kingambit|Sucker Punch||[still]
|-fail|p1a: Kingambit
|
|-heal|p1a: Kingambit|30/100|[from] item: Leftovers
|upkeep
|turn|15
|
|t:|1757859848
|-terastallize|p2a: Samurott|Water
|move|p2a: Samurott|Aqua Jet|p1a: Kingambit
|-damage|p1a: Kingambit|0 fnt
|faint|p1a: Kingambit
|-end|p1a: Kingambit|fallen1|[silent]
|
|upkeep
|
|t:|1757859855
|switch|p1a: Dragapult|Dragapult, M, shiny|100/100
|-damage|p1a: Dragapult|84/100|[from] Spikes
|turn|16
|
|t:|1757859862
|switch|p2a: Enamorus|Enamorus, F|67/100
|move|p1a: Dragapult|U-turn|p2a: Enamorus
|-resisted|p2a: Enamorus
|-damage|p2a: Enamorus|60/100
|
|t:|1757859868
|switch|p1a: Gholdengo|Gholdengo|76/100|[from] U-turn
|-damage|p1a: Gholdengo|59/100|[from] Spikes
|
|upkeep
|turn|17
|
|t:|1757859872
|switch|p2a: Kingambit|Kingambit, F|69/100
|-damage|p2a: Kingambit|56/100|[from] Spikes
|-activate|p2a: Kingambit|ability: Supreme Overlord
|-start|p2a: Kingambit|fallen1|[silent]
|move|p1a: Gholdengo|Make It Rain|p2a: Kingambit
|-resisted|p2a: Kingambit
|-damage|p2a: Kingambit|31/100
|-unboost|p1a: Gholdengo|spa|1
|
|upkeep
|turn|18
|
|t:|1757859887
|move|p1a: Gholdengo|Nasty Plot|p1a: Gholdengo
|-boost|p1a: Gholdengo|spa|2
|move|p2a: Kingambit|Kowtow Cleave|p1a: Gholdengo
|-supereffective|p1a: Gholdengo
|-damage|p1a: Gholdengo|0 fnt
|faint|p1a: Gholdengo
|
|upkeep
|
|t:|1757859890
|switch|p1a: Great Tusk|Great Tusk, shiny|58/100
|-damage|p1a: Great Tusk|41/100|[from] Spikes
|turn|19
|
|t:|1757859897
|move|p1a: Great Tusk|Ice Spinner|p2a: Kingambit
|-resisted|p2a: Kingambit
|-damage|p2a: Kingambit|21/100
|move|p2a: Kingambit|Iron Head|p1a: Great Tusk
|-damage|p1a: Great Tusk|2/100
|
|-heal|p1a: Great Tusk|8/100|[from] item: Leftovers
|upkeep
|turn|20
|
|t:|1757859905
|move|p2a: Kingambit|Sucker Punch|p1a: Great Tusk
|-resisted|p1a: Great Tusk
|-damage|p1a: Great Tusk|0 fnt
|faint|p1a: Great Tusk
|-end|p1a: Great Tusk|Protosynthesis|[silent]
|
|upkeep
|-message|dengdengni forfeited.
|
|win|TapuTeao
|raw|dengdengni's rating: 1474 &rarr; <strong>1456</strong><br />(-18 for losing)
|raw|TapuTeao's rating: 1510 &rarr; <strong>1528</strong><br />(+18 for winning)
|l|☆dengdengni
|player|p1|
|l|☆TapuTeao
|player|p2|
