|j|☆aximisi
|j|☆vryfast
|t:|1757954141
|gametype|singles
|player|p1|aximisi|169|1254
|player|p2|vryfast|102|1204
|gen|9
|tier|[Gen 9] OU
|rated|
|rule|HP Percentage Mod: HP is shown in percentages
|rule|Endless Battle Clause: Forcing endless battles is banned
|rule|Species Clause: Limit one of each Pokémon
|rule|OHKO Clause: OHKO moves are banned
|rule|Evasion Items Clause: Evasion items are banned
|rule|Evasion Moves Clause: Evasion moves are banned
|rule|Evasion Abilities Clause: Evasion abilities are banned
|rule|Sleep Moves Clause: Sleep-inducing moves are banned
|clearpoke
|poke|p1|Zamazenta-*|
|poke|p1|Kingambit, M|
|poke|p1|Great Tusk|
|poke|p1|Ceruledge, F|
|poke|p1|Dragonite, M|
|poke|p1|Kyurem|
|poke|p2|Dragapult, M|
|poke|p2|Inteleon, M|
|poke|p2|Masquerain, F|
|poke|p2|Donphan, M|
|poke|p2|Gholdengo|
|poke|p2|Feraligatr, F|
|teampreview
|inactive|Battle timer is ON: inactive players will automatically lose when time's up. (requested by vryfast)
|
|t:|1757954161
|teamsize|p1|6
|teamsize|p2|6
|start
|switch|p1a: Great Tusk|Great Tusk|100/100
|switch|p2a: Dragapult|Dragapult, M|100/100
|-enditem|p1a: Great Tusk|Booster Energy
|-activate|p1a: Great Tusk|ability: Protosynthesis|[fromitem]
|-start|p1a: Great Tusk|protosynthesisspe
|turn|1
|
|t:|1757954164
|move|p1a: Great Tusk|Ice Spinner|p2a: Dragapult
|-supereffective|p2a: Dragapult
|-damage|p2a: Dragapult|38/100
|move|p2a: Dragapult|Will-O-Wisp|p1a: Great Tusk
|-status|p1a: Great Tusk|brn
|
|-damage|p1a: Great Tusk|94/100 brn|[from] brn
|upkeep
|turn|2
|
|t:|1757954170
|move|p1a: Great Tusk|Stealth Rock|p2a: Dragapult
|-sidestart|p2: vryfast|move: Stealth Rock
|move|p2a: Dragapult|Reflect|p2a: Dragapult
|-sidestart|p2: vryfast|Reflect
|
|-damage|p1a: Great Tusk|88/100 brn|[from] brn
|upkeep
|turn|3
|
|t:|1757954176
|move|p1a: Great Tusk|Ice Spinner|p2a: Dragapult
|-supereffective|p2a: Dragapult
|-damage|p2a: Dragapult|22/100
|move|p2a: Dragapult|U-turn|p1a: Great Tusk
|-resisted|p1a: Great Tusk
|-damage|p1a: Great Tusk|81/100 brn
|
|t:|1757954181
|switch|p2a: Feraligatr|Feraligatr, F, shiny|100/100|[from] U-turn
|-damage|p2a: Feraligatr|88/100|[from] Stealth Rock
|
|-damage|p1a: Great Tusk|75/100 brn|[from] brn
|upkeep
|turn|4
|
|t:|1757954185
|move|p1a: Great Tusk|Headlong Rush|p2a: Feraligatr
|-damage|p2a: Feraligatr|76/100
|-unboost|p1a: Great Tusk|def|1
|-unboost|p1a: Great Tusk|spd|1
|move|p2a: Feraligatr|Dragon Dance|p2a: Feraligatr
|-boost|p2a: Feraligatr|atk|1
|-boost|p2a: Feraligatr|spe|1
|
|-damage|p1a: Great Tusk|69/100 brn|[from] brn
|upkeep
|turn|5
|
|t:|1757954189
|move|p1a: Great Tusk|Headlong Rush|p2a: Feraligatr
|-damage|p2a: Feraligatr|64/100
|-unboost|p1a: Great Tusk|def|1
|-unboost|p1a: Great Tusk|spd|1
|move|p2a: Feraligatr|Dragon Dance|p2a: Feraligatr
|-boost|p2a: Feraligatr|atk|1
|-boost|p2a: Feraligatr|spe|1
|
|-damage|p1a: Great Tusk|63/100 brn|[from] brn
|upkeep
|turn|6
|
|t:|1757954193
|move|p2a: Feraligatr|Liquidation|p1a: Great Tusk
|-supereffective|p1a: Great Tusk
|-damage|p1a: Great Tusk|0 fnt
|faint|p1a: Great Tusk
|-end|p1a: Great Tusk|Protosynthesis|[silent]
|
|upkeep
|
|t:|1757954195
|switch|p1a: Zamazenta|Zamazenta|100/100
|-ability|p1a: Zamazenta|Dauntless Shield|boost
|-boost|p1a: Zamazenta|def|1
|turn|7
|
|t:|1757954199
|move|p2a: Feraligatr|Dragon Dance|p2a: Feraligatr
|-boost|p2a: Feraligatr|atk|1
|-boost|p2a: Feraligatr|spe|1
|move|p1a: Zamazenta|Roar|p2a: Feraligatr
|drag|p2a: Masquerain|Masquerain, F|100/100
|-damage|p2a: Masquerain|50/100|[from] Stealth Rock
|-ability|p2a: Masquerain|Intimidate|boost
|-unboost|p1a: Zamazenta|atk|1
|
|upkeep
|turn|8
|
|t:|1757954204
|move|p1a: Zamazenta|Iron Defense|p1a: Zamazenta
|-boost|p1a: Zamazenta|def|2
|move|p2a: Masquerain|Whirlwind|p1a: Zamazenta
|drag|p1a: Kingambit|Kingambit, M|100/100
|-activate|p1a: Kingambit|ability: Supreme Overlord
|-start|p1a: Kingambit|fallen1|[silent]
|
|upkeep
|turn|9
|
|t:|1757954210
|move|p1a: Kingambit|Kowtow Cleave|p2a: Masquerain
|-damage|p2a: Masquerain|10/100
|move|p2a: Masquerain|Sticky Web|p1a: Kingambit
|-sidestart|p1: aximisi|move: Sticky Web
|
|-sideend|p2: vryfast|Reflect
|upkeep
|turn|10
|
|t:|1757954216
|move|p1a: Kingambit|Kowtow Cleave|p2a: Masquerain
|-damage|p2a: Masquerain|0 fnt
|faint|p2a: Masquerain
|
|upkeep
|
|t:|1757954222
|switch|p2a: Donphan|Donphan, M|100/100
|turn|11
|
|t:|1757954229
|-end|p1a: Kingambit|fallen1|[silent]
|switch|p1a: Ceruledge|Ceruledge, F|100/100
|-activate|p1a: Ceruledge|move: Sticky Web
|-unboost|p1a: Ceruledge|spe|1
|move|p2a: Donphan|Earthquake|p1a: Ceruledge
|-supereffective|p1a: Ceruledge
|-enditem|p1a: Ceruledge|Focus Sash
|-damage|p1a: Ceruledge|1/100
|-ability|p1a: Ceruledge|Weak Armor|boost
|-unboost|p1a: Ceruledge|def|1
|-boost|p1a: Ceruledge|spe|2
|
|upkeep
|turn|12
|
|t:|1757954239
|move|p1a: Ceruledge|Poltergeist|p2a: Donphan
|-activate|p2a: Donphan|move: Poltergeist|Heavy-Duty Boots
|-damage|p2a: Donphan|62/100
|move|p2a: Donphan|Earthquake|p1a: Ceruledge
|-supereffective|p1a: Ceruledge
|-damage|p1a: Ceruledge|0 fnt
|faint|p1a: Ceruledge
|
|upkeep
|
|t:|1757954246
|switch|p1a: Kyurem|Kyurem|100/100
|-activate|p1a: Kyurem|move: Sticky Web
|-unboost|p1a: Kyurem|spe|1
|-ability|p1a: Kyurem|Pressure
|turn|13
|
|t:|1757954248
|move|p1a: Kyurem|Ice Beam|p2a: Donphan
|-supereffective|p2a: Donphan
|-damage|p2a: Donphan|0 fnt
|faint|p2a: Donphan
|
|upkeep
|
|t:|1757954255
|switch|p2a: Dragapult|Dragapult, M|22/100
|-damage|p2a: Dragapult|10/100|[from] Stealth Rock
|turn|14
|
|t:|1757954264
|switch|p1a: Dragonite|Dragonite, M|100/100
|move|p2a: Dragapult|Light Screen|p2a: Dragapult
|-sidestart|p2: vryfast|move: Light Screen
|
|upkeep
|turn|15
|
|t:|1757954268
|move|p2a: Dragapult|Will-O-Wisp|p1a: Dragonite|[miss]
|-miss|p2a: Dragapult|p1a: Dragonite
|move|p1a: Dragonite|Iron Head|p2a: Dragapult
|-damage|p2a: Dragapult|0 fnt
|-start|p1a: Dragonite|Disable|Iron Head|[from] ability: Cursed Body|[of] p2a: Dragapult
|faint|p2a: Dragapult
|
|upkeep
|
|t:|1757954276
|switch|p2a: Inteleon|Inteleon, M|100/100
|-damage|p2a: Inteleon|88/100|[from] Stealth Rock
|turn|16
|
|t:|1757954282
|move|p2a: Inteleon|Snipe Shot|p1a: Dragonite
|-resisted|p1a: Dragonite
|-crit|p1a: Dragonite
|-damage|p1a: Dragonite|76/100
|move|p1a: Dragonite|Dragon Dance|p1a: Dragonite
|-boost|p1a: Dragonite|atk|1
|-boost|p1a: Dragonite|spe|1
|
|-heal|p1a: Dragonite|82/100|[from] item: Leftovers
|upkeep
|turn|17
|
|t:|1757954292
|move|p1a: Dragonite|Dragon Dance|p1a: Dragonite
|-boost|p1a: Dragonite|atk|1
|-boost|p1a: Dragonite|spe|1
|move|p2a: Inteleon|Ice Beam|p1a: Dragonite
|-supereffective|p1a: Dragonite
|-damage|p1a: Dragonite|0 fnt
|faint|p1a: Dragonite
|
|upkeep
|
|t:|1757954297
|switch|p1a: Kyurem|Kyurem|100/100
|-activate|p1a: Kyurem|move: Sticky Web
|-unboost|p1a: Kyurem|spe|1
|-ability|p1a: Kyurem|Pressure
|turn|18
|
|t:|1757954301
|move|p2a: Inteleon|Snipe Shot|p1a: Kyurem
|-resisted|p1a: Kyurem
|-crit|p1a: Kyurem
|-damage|p1a: Kyurem|50/100
|move|p1a: Kyurem|Freeze-Dry|p2a: Inteleon
|-supereffective|p2a: Inteleon
|-damage|p2a: Inteleon|0 fnt
|faint|p2a: Inteleon
|
|upkeep
|
|t:|1757954312
|switch|p2a: Gholdengo|Gholdengo|100/100
|-damage|p2a: Gholdengo|94/100|[from] Stealth Rock
|turn|19
|
|t:|1757954316
|-terastallize|p2a: Gholdengo|Flying
|move|p2a: Gholdengo|Nasty Plot|p2a: Gholdengo
|-boost|p2a: Gholdengo|spa|2
|move|p1a: Kyurem|Freeze-Dry|p2a: Gholdengo
|-supereffective|p2a: Gholdengo
|-damage|p2a: Gholdengo|36/100
|-enditem|p2a: Gholdengo|Sitrus Berry|[eat]
|-heal|p2a: Gholdengo|61/100|[from] item: Sitrus Berry
|
|upkeep
|turn|20
|
|t:|1757954332
|move|p2a: Gholdengo|Make It Rain|p1a: Kyurem
|-supereffective|p1a: Kyurem
|-damage|p1a: Kyurem|0 fnt
|-unboost|p2a: Gholdengo|spa|1
|faint|p1a: Kyurem
|
|upkeep
|
|t:|1757954338
|switch|p1a: Zamazenta|Zamazenta|100/100
|-activate|p1a: Zamazenta|move: Sticky Web
|-unboost|p1a: Zamazenta|spe|1
|turn|21
|
|t:|1757954344
|move|p2a: Gholdengo|Make It Rain|p1a: Zamazenta
|-damage|p1a: Zamazenta|26/100
|-unboost|p2a: Gholdengo|spa|1
|move|p1a: Zamazenta|Roar|p2a: Gholdengo
|-immune|p2a: Gholdengo|[from] ability: Good as Gold
|
|-heal|p1a: Zamazenta|32/100|[from] item: Leftovers
|-sideend|p2: vryfast|move: Light Screen
|upkeep
|turn|22
|
|t:|1757954350
|move|p2a: Gholdengo|Make It Rain|p1a: Zamazenta
|-damage|p1a: Zamazenta|0 fnt
|-unboost|p2a: Gholdengo|spa|1
|faint|p1a: Zamazenta
|
|upkeep
|
|t:|1757954352
|switch|p1a: Kingambit|Kingambit, M|100/100
|-activate|p1a: Kingambit|move: Sticky Web
|-unboost|p1a: Kingambit|spe|1
|-activate|p1a: Kingambit|ability: Supreme Overlord
|-start|p1a: Kingambit|fallen5|[silent]
|turn|23
|
|t:|1757954355
|move|p2a: Gholdengo|Nasty Plot|p2a: Gholdengo
|-boost|p2a: Gholdengo|spa|2
|move|p1a: Kingambit|Swords Dance|p1a: Kingambit
|-boost|p1a: Kingambit|atk|2
|
|upkeep
|turn|24
|
|t:|1757954363
|move|p2a: Gholdengo|Nasty Plot|p2a: Gholdengo
|-boost|p2a: Gholdengo|spa|2
|move|p1a: Kingambit|Kowtow Cleave|p2a: Gholdengo
|-damage|p2a: Gholdengo|0 fnt
|faint|p2a: Gholdengo
|
|upkeep
|
|t:|1757954366
|switch|p2a: Feraligatr|Feraligatr, F, shiny|64/100
|-damage|p2a: Feraligatr|52/100|[from] Stealth Rock
|turn|25
|
|t:|1757954370
|move|p2a: Feraligatr|Liquidation|p1a: Kingambit
|-damage|p1a: Kingambit|53/100
|move|p1a: Kingambit|Kowtow Cleave|p2a: Feraligatr
|-damage|p2a: Feraligatr|0 fnt
|faint|p2a: Feraligatr
|
|win|aximisi
|raw|aximisi's rating: 1254 &rarr; <strong>1275</strong><br />(+21 for winning)
|raw|vryfast's rating: 1204 &rarr; <strong>1183</strong><br />(-21 for losing)
|l|☆vryfast
|player|p2|
|l|☆aximisi
|player|p1|
