|j|☆SittinGamer
|j|☆mansonabuluting
|t:|1757917698
|gametype|singles
|player|p1|SittinGamer|dawn-gen4pt|1659
|player|p2|mansonabuluting|bellelba|1654
|gen|9
|tier|[Gen 9] OU
|rated|
|rule|HP Percentage Mod: HP is shown in percentages
|rule|Endless Battle Clause: Forcing endless battles is banned
|rule|Species Clause: Limit one of each Pokémon
|rule|OHKO Clause: OHKO moves are banned
|rule|Evasion Items Clause: Evasion items are banned
|rule|Evasion Moves Clause: Evasion moves are banned
|rule|Evasion Abilities Clause: Evasion abilities are banned
|rule|Sleep Moves Clause: Sleep-inducing moves are banned
|clearpoke
|poke|p1|Infernape, M|
|poke|p1|Samurott-Hisui, F|
|poke|p1|Gholdengo|
|poke|p1|Hatterene, F|
|poke|p1|Great Tusk|
|poke|p1|Zamazenta-*|
|poke|p2|Rillaboom, M|
|poke|p2|Hawlucha, M|
|poke|p2|Thundurus-Therian, M|
|poke|p2|Great Tusk|
|poke|p2|Volcanion|
|poke|p2|Goodra-Hisui, M|
|teampreview
|
|t:|1757917705
|teamsize|p1|6
|teamsize|p2|6
|start
|switch|p1a: Infernape|Infernape, M|100/100
|switch|p2a: Thundurus|Thundurus-Therian, M|100/100
|turn|1
|
|t:|1757917709
|move|p2a: Thundurus|Volt Switch|p1a: Infernape
|-damage|p1a: Infernape|31/100
|
|t:|1757917721
|switch|p2a: Volcanion|Volcanion|100/100|[from] Volt Switch
|move|p1a: Infernape|Overheat|p2a: Volcanion
|-resisted|p2a: Volcanion
|-damage|p2a: Volcanion|77/100
|-unboost|p1a: Infernape|spa|2
|
|upkeep
|turn|2
|
|t:|1757917727
|move|p1a: Infernape|Stealth Rock|p2a: Volcanion
|-sidestart|p2: mansonabuluting|move: Stealth Rock
|move|p2a: Volcanion|Steam Eruption|p1a: Infernape
|-supereffective|p1a: Infernape
|-crit|p1a: Infernape
|-damage|p1a: Infernape|0 fnt
|faint|p1a: Infernape
|
|upkeep
|
|t:|1757917730
|switch|p1a: Samurott|Samurott-Hisui, F|100/100
|turn|3
|
|t:|1757917749
|switch|p2a: Rillaboom|Rillaboom, M|100/100
|-damage|p2a: Rillaboom|88/100|[from] Stealth Rock
|-fieldstart|move: Grassy Terrain|[from] ability: Grassy Surge|[of] p2a: Rillaboom
|move|p1a: Samurott|Knock Off|p2a: Rillaboom
|-damage|p2a: Rillaboom|50/100
|-enditem|p2a: Rillaboom|Choice Band|[from] move: Knock Off|[of] p1a: Samurott
|
|-heal|p2a: Rillaboom|56/100|[from] Grassy Terrain
|upkeep
|turn|4
|
|t:|1757917758
|switch|p1a: Zamazenta|Zamazenta|100/100
|-ability|p1a: Zamazenta|Dauntless Shield|boost
|-boost|p1a: Zamazenta|def|1
|move|p2a: Rillaboom|U-turn|p1a: Zamazenta
|-resisted|p1a: Zamazenta
|-crit|p1a: Zamazenta
|-damage|p1a: Zamazenta|87/100
|
|t:|1757917765
|switch|p2a: Thundurus|Thundurus-Therian, M|100/100|[from] U-turn
|-damage|p2a: Thundurus|76/100|[from] Stealth Rock
|
|-heal|p1a: Zamazenta|93/100|[from] Grassy Terrain
|-heal|p1a: Zamazenta|99/100|[from] item: Leftovers
|upkeep
|turn|5
|inactive|Battle timer is ON: inactive players will automatically lose when time's up. (requested by mansonabuluting)
|
|t:|1757917776
|-terastallize|p2a: Thundurus|Flying
|-terastallize|p1a: Zamazenta|Fire
|move|p2a: Thundurus|Tera Blast|p1a: Zamazenta|[anim] Tera Blast Flying
|-damage|p1a: Zamazenta|49/100
|move|p1a: Zamazenta|Iron Defense|p1a: Zamazenta
|-boost|p1a: Zamazenta|def|2
|
|-heal|p1a: Zamazenta|55/100|[from] Grassy Terrain
|-heal|p1a: Zamazenta|61/100|[from] item: Leftovers
|upkeep
|turn|6
|
|t:|1757917781
|move|p2a: Thundurus|Tera Blast|p1a: Zamazenta|[anim] Tera Blast Flying
|-damage|p1a: Zamazenta|14/100
|move|p1a: Zamazenta|Body Press|p2a: Thundurus
|-resisted|p2a: Thundurus
|-damage|p2a: Thundurus|15/100
|
|-heal|p1a: Zamazenta|20/100|[from] Grassy Terrain
|-heal|p1a: Zamazenta|26/100|[from] item: Leftovers
|upkeep
|turn|7
|
|t:|1757917788
|switch|p1a: Gholdengo|Gholdengo|100/100
|move|p2a: Thundurus|Tera Blast|p1a: Gholdengo|[anim] Tera Blast Flying
|-resisted|p1a: Gholdengo
|-damage|p1a: Gholdengo|63/100
|
|-heal|p1a: Gholdengo|69/100|[from] Grassy Terrain
|-fieldend|move: Grassy Terrain
|upkeep
|turn|8
|
|t:|1757917793
|switch|p2a: Goodra|Goodra-Hisui, M|100/100
|-damage|p2a: Goodra|94/100|[from] Stealth Rock
|move|p1a: Gholdengo|Shadow Ball|p2a: Goodra
|-damage|p2a: Goodra|74/100
|
|upkeep
|turn|9
|
|t:|1757917797
|switch|p1a: Samurott|Samurott-Hisui, F|100/100
|move|p2a: Goodra|Flamethrower|p1a: Samurott
|-resisted|p1a: Samurott
|-damage|p1a: Samurott|89/100
|
|upkeep
|turn|10
|
|t:|1757917804
|switch|p2a: Great Tusk|Great Tusk|100/100
|-damage|p2a: Great Tusk|97/100|[from] Stealth Rock
|move|p1a: Samurott|Ceaseless Edge|p2a: Great Tusk
|-resisted|p2a: Great Tusk
|-damage|p2a: Great Tusk|88/100
|-damage|p1a: Samurott|72/100|[from] item: Rocky Helmet|[of] p2a: Great Tusk
|-sidestart|p2: mansonabuluting|Spikes
|
|upkeep
|turn|11
|
|t:|1757917809
|move|p1a: Samurott|Razor Shell|p2a: Great Tusk
|-supereffective|p2a: Great Tusk
|-damage|p2a: Great Tusk|40/100
|-damage|p1a: Samurott|56/100|[from] item: Rocky Helmet|[of] p2a: Great Tusk
|move|p2a: Great Tusk|Headlong Rush|p1a: Samurott
|-damage|p1a: Samurott|0 fnt
|-unboost|p2a: Great Tusk|def|1
|-unboost|p2a: Great Tusk|spd|1
|faint|p1a: Samurott
|
|upkeep
|
|t:|1757917814
|switch|p1a: Gholdengo|Gholdengo|69/100
|turn|12
|
|t:|1757917819
|move|p1a: Gholdengo|Shadow Ball|p2a: Great Tusk
|-damage|p2a: Great Tusk|0 fnt
|faint|p2a: Great Tusk
|-end|p2a: Great Tusk|Protosynthesis|[silent]
|
|upkeep
|
|t:|1757917823
|switch|p2a: Goodra|Goodra-Hisui, M|74/100
|-damage|p2a: Goodra|68/100|[from] Stealth Rock
|-damage|p2a: Goodra|56/100|[from] Spikes
|turn|13
|
|t:|1757917831
|switch|p1a: Great Tusk|Great Tusk|100/100
|-enditem|p1a: Great Tusk|Booster Energy
|-activate|p1a: Great Tusk|ability: Protosynthesis|[fromitem]
|-start|p1a: Great Tusk|protosynthesisatk
|move|p2a: Goodra|Surf|p1a: Great Tusk
|-supereffective|p1a: Great Tusk
|-damage|p1a: Great Tusk|21/100
|
|upkeep
|turn|14
|
|t:|1757917839
|switch|p2a: Thundurus|Thundurus-Therian, M, tera:Flying|15/100
|-damage|p2a: Thundurus|0 fnt|[from] Stealth Rock
|faint|p2a: Thundurus
|move|p1a: Great Tusk|Headlong Rush|p2: Thundurus|[notarget]
|-fail|p1a: Great Tusk
|
|upkeep
|
|t:|1757917843
|switch|p2a: Rillaboom|Rillaboom, M|56/100
|-damage|p2a: Rillaboom|44/100|[from] Stealth Rock
|-damage|p2a: Rillaboom|31/100|[from] Spikes
|-fieldstart|move: Grassy Terrain|[from] ability: Grassy Surge|[of] p2a: Rillaboom
|turn|15
|
|t:|1757917849
|move|p2a: Rillaboom|Grassy Glide|p1a: Great Tusk
|-supereffective|p1a: Great Tusk
|-damage|p1a: Great Tusk|0 fnt
|faint|p1a: Great Tusk
|-end|p1a: Great Tusk|Protosynthesis|[silent]
|
|-heal|p2a: Rillaboom|37/100|[from] Grassy Terrain
|upkeep
|
|t:|1757917850
|switch|p1a: Gholdengo|Gholdengo|69/100
|turn|16
|
|t:|1757917857
|switch|p2a: Goodra|Goodra-Hisui, M|56/100
|-damage|p2a: Goodra|50/100|[from] Stealth Rock
|-damage|p2a: Goodra|37/100|[from] Spikes
|move|p1a: Gholdengo|Shadow Ball|p2a: Goodra
|-damage|p2a: Goodra|17/100
|
|-heal|p1a: Gholdengo|75/100|[from] Grassy Terrain
|-heal|p2a: Goodra|23/100|[from] Grassy Terrain
|upkeep
|turn|17
|
|t:|1757917862
|switch|p1a: Zamazenta|Zamazenta, tera:Fire|26/100
|move|p2a: Goodra|Flamethrower|p1a: Zamazenta
|-resisted|p1a: Zamazenta
|-damage|p1a: Zamazenta|15/100
|
|-heal|p1a: Zamazenta|21/100|[from] Grassy Terrain
|-heal|p1a: Zamazenta|27/100|[from] item: Leftovers
|-heal|p2a: Goodra|29/100|[from] Grassy Terrain
|upkeep
|turn|18
|
|t:|1757917878
|move|p1a: Zamazenta|Body Press|p2a: Goodra
|-supereffective|p2a: Goodra
|-damage|p2a: Goodra|0 fnt
|-ability|p2a: Goodra|Gooey
|-unboost|p1a: Zamazenta|spe|1
|faint|p2a: Goodra
|
|-heal|p1a: Zamazenta|33/100|[from] Grassy Terrain
|-heal|p1a: Zamazenta|40/100|[from] item: Leftovers
|upkeep
|
|t:|1757917883
|switch|p2a: Hawlucha|Hawlucha, M|100/100
|-damage|p2a: Hawlucha|88/100|[from] Stealth Rock
|-enditem|p2a: Hawlucha|Grassy Seed
|-boost|p2a: Hawlucha|def|1|[from] item: Grassy Seed
|turn|19
|
|t:|1757917889
|move|p2a: Hawlucha|Swords Dance|p2a: Hawlucha
|-boost|p2a: Hawlucha|atk|2
|move|p1a: Zamazenta|Roar|p2a: Hawlucha
|drag|p2a: Volcanion|Volcanion|77/100
|-damage|p2a: Volcanion|52/100|[from] Stealth Rock
|-damage|p2a: Volcanion|39/100|[from] Spikes
|
|-heal|p1a: Zamazenta|46/100|[from] Grassy Terrain
|-heal|p1a: Zamazenta|52/100|[from] item: Leftovers
|-heal|p2a: Volcanion|45/100|[from] Grassy Terrain
|-fieldend|move: Grassy Terrain
|upkeep
|turn|20
|
|t:|1757917895
|move|p1a: Zamazenta|Body Press|p2a: Volcanion
|-damage|p2a: Volcanion|20/100
|move|p2a: Volcanion|Steam Eruption|p1a: Zamazenta
|-supereffective|p1a: Zamazenta
|-damage|p1a: Zamazenta|0 fnt
|faint|p1a: Zamazenta
|
|upkeep
|
|t:|1757917898
|switch|p1a: Gholdengo|Gholdengo|75/100
|turn|21
|
|t:|1757917903
|move|p1a: Gholdengo|Shadow Ball|p2a: Volcanion
|-damage|p2a: Volcanion|0 fnt
|faint|p2a: Volcanion
|
|upkeep
|
|t:|1757917916
|switch|p2a: Hawlucha|Hawlucha, M|88/100
|-damage|p2a: Hawlucha|76/100|[from] Stealth Rock
|turn|22
|
|t:|1757917926
|move|p1a: Gholdengo|Shadow Ball|p2a: Hawlucha
|-damage|p2a: Hawlucha|12/100
|move|p2a: Hawlucha|Swords Dance|p2a: Hawlucha
|-boost|p2a: Hawlucha|atk|2
|
|upkeep
|turn|23
|
|t:|1757917930
|move|p1a: Gholdengo|Shadow Ball|p2a: Hawlucha
|-damage|p2a: Hawlucha|0 fnt
|faint|p2a: Hawlucha
|
|upkeep
|-message|mansonabuluting forfeited.
|
|win|SittinGamer
|raw|SittinGamer's rating: 1659 &rarr; <strong>1679</strong><br />(+20 for winning)
|raw|mansonabuluting's rating: 1654 &rarr; <strong>1634</strong><br />(-20 for losing)
|l|☆mansonabuluting
|player|p2|
|l|☆SittinGamer
|player|p1|
