|j|☆ghostlyplanets
|j|☆Etouraptamere
|inactive|Battle timer is ON: inactive players will automatically lose when time's up.
|t:|1757788116
|gametype|singles
|player|p1|ghostlyplanets|zirco-unite|
|player|p2|Etouraptamere|falkner|
|gen|9
|tier|[Gen 9] OU
|rated|Tournament battle
|rule|HP Percentage Mod: HP is shown in percentages
|rule|Endless Battle Clause: Forcing endless battles is banned
|rule|Species Clause: Limit one of each Pokémon
|rule|OHKO Clause: OHKO moves are banned
|rule|Evasion Items Clause: Evasion items are banned
|rule|Evasion Moves Clause: Evasion moves are banned
|rule|Evasion Abilities Clause: Evasion abilities are banned
|rule|Sleep Moves Clause: Sleep-inducing moves are banned
|clearpoke
|poke|p1|Zamazenta-*|
|poke|p1|Ninetales-Alola, M|
|poke|p1|Darkrai|
|poke|p1|Ceruledge, M|
|poke|p1|Gliscor, M|
|poke|p1|Hatterene, F|
|poke|p2|Moltres|
|poke|p2|Iron Crown|
|poke|p2|Dragapult, M|
|poke|p2|Samurott-Hisui, M|
|poke|p2|Raging Bolt|
|poke|p2|Great Tusk|
|teampreview
|j|*Lady Monita ☀
|inactive|ghostlyplanets has 120 seconds left.
|j|%JoelMasterX
|
|t:|1757788166
|teamsize|p1|6
|teamsize|p2|6
|start
|switch|p1a: Ninetales|Ninetales-Alola, M|100/100
|switch|p2a: Iron Crown|Iron Crown|100/100
|-weather|Snowscape|[from] ability: Snow Warning|[of] p1a: Ninetales
|turn|1
|c|☆ghostlyplanets|Hf
|j| Failbor21
|inactive|ghostlyplanets has 120 seconds left.
|
|t:|1757788206
|move|p1a: Ninetales|Aurora Veil|p1a: Ninetales
|-sidestart|p1: ghostlyplanets|move: Aurora Veil
|move|p2a: Iron Crown|Tachyon Cutter|p1a: Ninetales
|-supereffective|p1a: Ninetales
|-damage|p1a: Ninetales|48/100
|-supereffective|p1a: Ninetales
|-damage|p1a: Ninetales|2/100
|-hitcount|p1a: Ninetales|2
|
|-weather|Snowscape|[upkeep]
|upkeep
|turn|2
|j| darkprobz
|j| Endine
|inactive|ghostlyplanets has 90 seconds left.
|inactive|Etouraptamere has 120 seconds left.
|l| darkprobz
|inactive|ghostlyplanets has 60 seconds left.
|
|t:|1757788271
|move|p1a: Ninetales|Encore|p2a: Iron Crown
|-start|p2a: Iron Crown|Encore
|move|p2a: Iron Crown|Tachyon Cutter|p1a: Ninetales
|-supereffective|p1a: Ninetales
|-damage|p1a: Ninetales|0 fnt
|faint|p1a: Ninetales
|-hitcount|p1: Ninetales|1
|
|-weather|Snowscape|[upkeep]
|upkeep
|j| NastaBlasta
|
|t:|1757788273
|switch|p1a: Gliscor|Gliscor, M|100/100
|turn|3
|
|t:|1757788288
|-end|p2a: Iron Crown|Quark Drive|[silent]
|switch|p2a: Moltres|Moltres|100/100
|move|p1a: Gliscor|Agility|p1a: Gliscor
|-boost|p1a: Gliscor|spe|2
|
|-weather|Snowscape|[upkeep]
|-status|p1a: Gliscor|tox|[from] item: Toxic Orb
|upkeep
|turn|4
|
|t:|1757788291
|move|p1a: Gliscor|Swords Dance|p1a: Gliscor
|-boost|p1a: Gliscor|atk|2
|move|p2a: Moltres|Roar|p1a: Gliscor
|drag|p1a: Ceruledge|Ceruledge, M|100/100
|
|-weather|Snowscape|[upkeep]
|upkeep
|turn|5
|
|t:|1757788296
|move|p1a: Ceruledge|Bulk Up|p1a: Ceruledge
|-boost|p1a: Ceruledge|atk|1
|-boost|p1a: Ceruledge|def|1
|move|p2a: Moltres|Roar|p1a: Ceruledge
|drag|p1a: Zamazenta|Zamazenta|100/100
|-ability|p1a: Zamazenta|Dauntless Shield|boost
|-boost|p1a: Zamazenta|def|1
|
|-weather|none
|upkeep
|turn|6
|
|t:|1757788304
|switch|p1a: Hatterene|Hatterene, F|100/100
|move|p2a: Moltres|Roar|p1a: Hatterene
|move|p1a: Hatterene|Roar|p2a: Moltres|[from] ability: Magic Bounce
|drag|p2a: Great Tusk|Great Tusk|100/100
|
|upkeep
|turn|7
|
|t:|1757788308
|-end|p2a: Great Tusk|Protosynthesis|[silent]
|switch|p2a: Iron Crown|Iron Crown|100/100
|move|p1a: Hatterene|Calm Mind|p1a: Hatterene
|-boost|p1a: Hatterene|spa|1
|-boost|p1a: Hatterene|spd|1
|
|upkeep
|turn|8
|
|t:|1757788313
|move|p2a: Iron Crown|Psychic Noise|p1a: Hatterene
|-resisted|p1a: Hatterene
|-crit|p1a: Hatterene
|-damage|p1a: Hatterene|73/100
|-start|p1a: Hatterene|move: Heal Block
|move|p1a: Hatterene|Mystical Fire|p2a: Iron Crown
|-supereffective|p2a: Iron Crown
|-damage|p2a: Iron Crown|57/100
|-unboost|p2a: Iron Crown|spa|1
|
|-sideend|p1: ghostlyplanets|move: Aurora Veil
|upkeep
|turn|9
|
|t:|1757788316
|move|p2a: Iron Crown|Tachyon Cutter|p1a: Hatterene
|-supereffective|p1a: Hatterene
|-damage|p1a: Hatterene|48/100
|-supereffective|p1a: Hatterene
|-damage|p1a: Hatterene|25/100
|-hitcount|p1a: Hatterene|2
|move|p1a: Hatterene|Mystical Fire|p2a: Iron Crown
|-supereffective|p2a: Iron Crown
|-damage|p2a: Iron Crown|12/100
|-unboost|p2a: Iron Crown|spa|1
|
|-end|p1a: Hatterene|move: Heal Block
|upkeep
|turn|10
|
|t:|1757788320
|move|p2a: Iron Crown|Tachyon Cutter|p1a: Hatterene
|-supereffective|p1a: Hatterene
|-damage|p1a: Hatterene|6/100
|-supereffective|p1a: Hatterene
|-damage|p1a: Hatterene|0 fnt
|faint|p1a: Hatterene
|-hitcount|p1: Hatterene|2
|
|upkeep
|
|t:|1757788324
|switch|p1a: Gliscor|Gliscor, M|100/100 tox
|turn|11
|
|t:|1757788329
|move|p2a: Iron Crown|Psychic Noise|p1a: Gliscor
|-damage|p1a: Gliscor|81/100 tox
|-start|p1a: Gliscor|move: Heal Block
|move|p1a: Gliscor|Swords Dance|p1a: Gliscor
|-boost|p1a: Gliscor|atk|2
|
|upkeep
|turn|12
|
|t:|1757788333
|-end|p2a: Iron Crown|Quark Drive|[silent]
|switch|p2a: Dragapult|Dragapult, M|100/100
|move|p1a: Gliscor|Agility|p1a: Gliscor
|-boost|p1a: Gliscor|spe|2
|
|-end|p1a: Gliscor|move: Heal Block
|upkeep
|turn|13
|
|t:|1757788340
|switch|p2a: Iron Crown|Iron Crown|12/100
|move|p1a: Gliscor|Earthquake|p2a: Iron Crown
|-supereffective|p2a: Iron Crown
|-damage|p2a: Iron Crown|0 fnt
|faint|p2a: Iron Crown
|-end|p2a: Iron Crown|Quark Drive|[silent]
|
|-heal|p1a: Gliscor|93/100 tox|[from] ability: Poison Heal
|upkeep
|j| sfinch1
|
|t:|1757788343
|switch|p2a: Moltres|Moltres|100/100
|turn|14
|
|t:|1757788347
|-terastallize|p1a: Gliscor|Normal
|move|p1a: Gliscor|Facade|p2a: Moltres
|-damage|p2a: Moltres|32/100
|move|p2a: Moltres|Roar|p1a: Gliscor
|drag|p1a: Ceruledge|Ceruledge, M|100/100
|
|upkeep
|turn|15
|
|t:|1757788352
|move|p1a: Ceruledge|Taunt|p2a: Moltres
|-start|p2a: Moltres|move: Taunt
|cant|p2a: Moltres|move: Taunt|Roost
|
|upkeep
|turn|16
|c|☆ghostlyplanets|Damn bird
|
|t:|1757788358
|switch|p2a: Samurott|Samurott-Hisui, M|100/100
|move|p1a: Ceruledge|Bulk Up|p1a: Ceruledge
|-boost|p1a: Ceruledge|atk|1
|-boost|p1a: Ceruledge|def|1
|
|upkeep
|turn|17
|
|t:|1757788362
|move|p2a: Samurott|Encore|p1a: Ceruledge
|-start|p1a: Ceruledge|Encore
|move|p1a: Ceruledge|Bulk Up|p1a: Ceruledge
|-boost|p1a: Ceruledge|atk|1
|-boost|p1a: Ceruledge|def|1
|
|upkeep
|turn|18
|
|t:|1757788366
|switch|p1a: Zamazenta|Zamazenta|100/100
|move|p2a: Samurott|Ceaseless Edge|p1a: Zamazenta
|-resisted|p1a: Zamazenta
|-damage|p1a: Zamazenta|83/100
|-sidestart|p1: ghostlyplanets|Spikes
|
|upkeep
|turn|19
|j| Professor Rai
|
|t:|1757788372
|switch|p2a: Moltres|Moltres|32/100
|move|p1a: Zamazenta|Iron Defense|p1a: Zamazenta
|-boost|p1a: Zamazenta|def|2
|
|upkeep
|turn|20
|
|t:|1757788374
|move|p1a: Zamazenta|Body Press|p2a: Moltres
|-resisted|p2a: Moltres
|-damage|p2a: Moltres|7/100
|move|p2a: Moltres|Roost|p2a: Moltres
|-heal|p2a: Moltres|57/100
|-singleturn|p2a: Moltres|move: Roost
|
|upkeep
|turn|21
|
|t:|1757788379
|move|p1a: Zamazenta|Iron Defense|p1a: Zamazenta
|-boost|p1a: Zamazenta|def|2
|move|p2a: Moltres|Roost|p2a: Moltres
|-heal|p2a: Moltres|100/100
|-singleturn|p2a: Moltres|move: Roost
|
|upkeep
|turn|22
|
|t:|1757788382
|move|p1a: Zamazenta|Body Press|p2a: Moltres
|-resisted|p2a: Moltres
|-damage|p2a: Moltres|65/100
|-status|p1a: Zamazenta|brn|[from] ability: Flame Body|[of] p2a: Moltres
|move|p2a: Moltres|Flamethrower|p1a: Zamazenta
|-damage|p1a: Zamazenta|44/100 brn
|
|-damage|p1a: Zamazenta|38/100 brn|[from] brn
|upkeep
|turn|23
|l| Endine
|
|t:|1757788386
|move|p1a: Zamazenta|Body Press|p2a: Moltres
|-resisted|p2a: Moltres
|-damage|p2a: Moltres|47/100
|move|p2a: Moltres|Roost|p2a: Moltres
|-heal|p2a: Moltres|97/100
|-singleturn|p2a: Moltres|move: Roost
|
|-damage|p1a: Zamazenta|32/100 brn|[from] brn
|upkeep
|turn|24
|
|t:|1757788391
|move|p1a: Zamazenta|Body Press|p2a: Moltres
|-resisted|p2a: Moltres
|-damage|p2a: Moltres|79/100
|move|p2a: Moltres|Flamethrower|p1a: Zamazenta
|-damage|p1a: Zamazenta|0 fnt
|faint|p1a: Zamazenta
|
|upkeep
|
|t:|1757788398
|switch|p1a: Darkrai|Darkrai|100/100
|-damage|p1a: Darkrai|88/100|[from] Spikes
|turn|25
|
|t:|1757788404
|move|p1a: Darkrai|Nasty Plot|p1a: Darkrai
|-boost|p1a: Darkrai|spa|2
|move|p2a: Moltres|U-turn|p1a: Darkrai
|-supereffective|p1a: Darkrai
|-damage|p1a: Darkrai|50/100
|
|t:|1757788408
|switch|p2a: Dragapult|Dragapult, M|100/100|[from] U-turn
|
|-heal|p1a: Darkrai|56/100|[from] item: Leftovers
|upkeep
|turn|26
|
|t:|1757788412
|move|p1a: Darkrai|Dark Pulse|p2a: Dragapult
|-supereffective|p2a: Dragapult
|-damage|p2a: Dragapult|0 fnt
|faint|p2a: Dragapult
|
|-heal|p1a: Darkrai|62/100|[from] item: Leftovers
|upkeep
|
|t:|1757788418
|switch|p2a: Samurott|Samurott-Hisui, M|100/100
|turn|27
|
|t:|1757788421
|move|p1a: Darkrai|Focus Blast|p2a: Samurott
|-supereffective|p2a: Samurott
|-damage|p2a: Samurott|0 fnt
|faint|p2a: Samurott
|
|-heal|p1a: Darkrai|68/100|[from] item: Leftovers
|upkeep
|c|☆ghostlyplanets|Oml it hit
|
|t:|1757788436
|switch|p2a: Raging Bolt|Raging Bolt|100/100
|-enditem|p2a: Raging Bolt|Booster Energy
|-activate|p2a: Raging Bolt|ability: Protosynthesis|[fromitem]
|-start|p2a: Raging Bolt|protosynthesisspa
|turn|28
|
|t:|1757788442
|move|p1a: Darkrai|Dark Pulse|p2a: Raging Bolt
|-damage|p2a: Raging Bolt|33/100
|move|p2a: Raging Bolt|Thunderbolt|p1a: Darkrai
|-damage|p1a: Darkrai|0 fnt
|faint|p1a: Darkrai
|
|upkeep
|
|t:|1757788446
|switch|p1a: Gliscor|Gliscor, M, tera:Normal|93/100 tox
|-damage|p1a: Gliscor|81/100 tox|[from] Spikes
|turn|29
|l| Professor Rai
|
|t:|1757788450
|move|p1a: Gliscor|Earthquake|p2a: Raging Bolt
|-supereffective|p2a: Raging Bolt
|-damage|p2a: Raging Bolt|0 fnt
|faint|p2a: Raging Bolt
|-end|p2a: Raging Bolt|Protosynthesis|[silent]
|
|-heal|p1a: Gliscor|93/100 tox|[from] ability: Poison Heal
|upkeep
|
|t:|1757788459
|switch|p2a: Moltres|Moltres|79/100
|turn|30
|
|t:|1757788470
|switch|p1a: Ceruledge|Ceruledge, M|100/100
|-damage|p1a: Ceruledge|88/100|[from] Spikes
|move|p2a: Moltres|Flamethrower|p1a: Ceruledge
|-start|p1a: Ceruledge|ability: Flash Fire
|
|upkeep
|turn|31
|
|t:|1757788475
|move|p1a: Ceruledge|Taunt|p2a: Moltres
|-start|p2a: Moltres|move: Taunt
|cant|p2a: Moltres|move: Taunt|Roar
|
|upkeep
|turn|32
|
|t:|1757788479
|move|p1a: Ceruledge|Bulk Up|p1a: Ceruledge
|-boost|p1a: Ceruledge|atk|1
|-boost|p1a: Ceruledge|def|1
|move|p2a: Moltres|U-turn|p1a: Ceruledge
|-resisted|p1a: Ceruledge
|-damage|p1a: Ceruledge|85/100
|
|t:|1757788482
|switch|p2a: Great Tusk|Great Tusk|100/100|[from] U-turn
|
|upkeep
|turn|33
|
|t:|1757788486
|move|p2a: Great Tusk|Headlong Rush|p1a: Ceruledge
|-supereffective|p1a: Ceruledge
|-damage|p1a: Ceruledge|7/100
|-unboost|p2a: Great Tusk|def|1
|-unboost|p2a: Great Tusk|spd|1
|move|p1a: Ceruledge|Bitter Blade|p2a: Great Tusk
|-damage|p2a: Great Tusk|24/100
|-heal|p1a: Ceruledge|48/100|[from] drain|[of] p2a: Great Tusk
|-damage|p1a: Ceruledge|31/100|[from] item: Rocky Helmet|[of] p2a: Great Tusk
|
|upkeep
|turn|34
|
|t:|1757788491
|move|p1a: Ceruledge|Shadow Sneak|p2a: Great Tusk
|-damage|p2a: Great Tusk|0 fnt
|-damage|p1a: Ceruledge|15/100|[from] item: Rocky Helmet|[of] p2a: Great Tusk
|faint|p2a: Great Tusk
|-end|p2a: Great Tusk|Protosynthesis|[silent]
|
|upkeep
|
|t:|1757788493
|switch|p2a: Moltres|Moltres|79/100
|turn|35
|j| yolega
|
|t:|1757788496
|move|p1a: Ceruledge|Bitter Blade|p2a: Moltres
|-resisted|p2a: Moltres
|-damage|p2a: Moltres|50/100
|-heal|p1a: Ceruledge|30/100|[from] drain|[of] p2a: Moltres
|move|p2a: Moltres|U-turn|p1a: Ceruledge
|-resisted|p1a: Ceruledge
|-damage|p1a: Ceruledge|27/100
|
|upkeep
|turn|36
|c|☆Etouraptamere|gg
|-message|Etouraptamere forfeited.
|
|win|ghostlyplanets
|n|☆ghostlyplanets|ghostlyplanets
|n|☆Etouraptamere|etouraptamere
|n|*Lady Monita ☀|ladymonita
|n| JoelMasterX|joelmasterx
|n| Failbor21|failbor21
|n| NastaBlasta|nastablasta
|n| sfinch1|sfinch1
|n| yolega|yolega
|l|*Lady Monita ☀
|l|☆Etouraptamere
|player|p2|
|l|☆ghostlyplanets
|player|p1|
