|j|☆Plug Kristmas
|j|☆lol2kk
|t:|1757937559
|gametype|singles
|player|p1|Plug Kristmas|rood|1157
|player|p2|lol2kk|lance|1116
|gen|9
|tier|[Gen 9] OU
|rated|
|rule|HP Percentage Mod: HP is shown in percentages
|rule|Endless Battle Clause: Forcing endless battles is banned
|rule|Species Clause: Limit one of each Pokémon
|rule|OHKO Clause: OHKO moves are banned
|rule|Evasion Items Clause: Evasion items are banned
|rule|Evasion Moves Clause: Evasion moves are banned
|rule|Evasion Abilities Clause: Evasion abilities are banned
|rule|Sleep Moves Clause: Sleep-inducing moves are banned
|clearpoke
|poke|p1|Alcremie-Rainbow-Swirl, F|
|poke|p1|Hariyama, M|
|poke|p1|Forretress, M|
|poke|p1|Manaphy|
|poke|p1|Iron Valiant|
|poke|p1|Heatran, F|
|poke|p2|Iron Hands|
|poke|p2|Kingambit, F|
|poke|p2|Ceruledge, M|
|poke|p2|Grimmsnarl, M|
|poke|p2|Galvantula, F|
|poke|p2|Dragalge, M|
|teampreview
|inactive|Battle timer is ON: inactive players will automatically lose when time's up. (requested by lol2kk)
|
|t:|1757937569
|teamsize|p1|6
|teamsize|p2|6
|start
|switch|p1a: Forretress|Forretress, M|100/100
|switch|p2a: Ceruledge|Ceruledge, M|100/100
|turn|1
|
|t:|1757937577
|switch|p1a: Heatran|Heatran, F|100/100
|-item|p1a: Heatran|Air Balloon
|move|p2a: Ceruledge|Swords Dance|p2a: Ceruledge
|-boost|p2a: Ceruledge|atk|2
|
|upkeep
|turn|2
|
|t:|1757937585
|move|p2a: Ceruledge|Poltergeist|p1a: Heatran
|-activate|p1a: Heatran|move: Poltergeist|Air Balloon
|-damage|p1a: Heatran|1/100
|-enditem|p1a: Heatran|Air Balloon
|move|p1a: Heatran|Earth Power|p2a: Ceruledge
|-supereffective|p2a: Ceruledge
|-damage|p2a: Ceruledge|26/100
|-unboost|p2a: Ceruledge|spd|1
|-enditem|p2a: Ceruledge|Weakness Policy
|-boost|p2a: Ceruledge|atk|2|[from] item: Weakness Policy
|-boost|p2a: Ceruledge|spa|2|[from] item: Weakness Policy
|
|upkeep
|turn|3
|
|t:|1757937599
|move|p2a: Ceruledge|X-Scissor|p1a: Heatran
|-resisted|p1a: Heatran
|-damage|p1a: Heatran|0 fnt
|faint|p1a: Heatran
|
|upkeep
|
|t:|1757937605
|switch|p1a: Manaphy|Manaphy|100/100
|turn|4
|
|t:|1757937612
|move|p1a: Manaphy|Surf|p2a: Ceruledge
|-supereffective|p2a: Ceruledge
|-damage|p2a: Ceruledge|0 fnt
|faint|p2a: Ceruledge
|
|upkeep
|
|t:|1757937620
|switch|p2a: Galvantula|Galvantula, F|100/100
|turn|5
|
|t:|1757937627
|switch|p1a: Forretress|Forretress, M|100/100
|move|p2a: Galvantula|Thunder|p1a: Forretress
|-damage|p1a: Forretress|36/100
|
|upkeep
|turn|6
|
|t:|1757937637
|move|p2a: Galvantula|Thunder|p1a: Forretress
|-damage|p1a: Forretress|0 fnt
|faint|p1a: Forretress
|
|upkeep
|
|t:|1757937654
|switch|p1a: Alcremie|Alcremie-Rainbow-Swirl, F|100/100
|turn|7
|
|t:|1757937657
|move|p2a: Galvantula|Thunder|p1a: Alcremie
|-damage|p1a: Alcremie|68/100
|move|p1a: Alcremie|Calm Mind|p1a: Alcremie
|-boost|p1a: Alcremie|spa|1
|-boost|p1a: Alcremie|spd|1
|
|-heal|p1a: Alcremie|74/100|[from] item: Leftovers
|upkeep
|turn|8
|
|t:|1757937668
|move|p2a: Galvantula|Thunder Wave|p1a: Alcremie
|-status|p1a: Alcremie|par
|move|p1a: Alcremie|Calm Mind|p1a: Alcremie
|-boost|p1a: Alcremie|spa|1
|-boost|p1a: Alcremie|spd|1
|
|-heal|p1a: Alcremie|80/100 par|[from] item: Leftovers
|upkeep
|turn|9
|
|t:|1757937677
|move|p2a: Galvantula|Sticky Web|p1a: Alcremie
|-sidestart|p1: Plug Kristmas|move: Sticky Web
|cant|p1a: Alcremie|par
|
|-heal|p1a: Alcremie|86/100 par|[from] item: Leftovers
|upkeep
|turn|10
|
|t:|1757937684
|switch|p2a: Grimmsnarl|Grimmsnarl, M, shiny|100/100
|move|p1a: Alcremie|Acid Armor|p1a: Alcremie
|-boost|p1a: Alcremie|def|2
|
|-heal|p1a: Alcremie|92/100 par|[from] item: Leftovers
|upkeep
|turn|11
|
|t:|1757937695
|move|p2a: Grimmsnarl|Light Screen|p2a: Grimmsnarl
|-sidestart|p2: lol2kk|move: Light Screen
|move|p1a: Alcremie|Calm Mind|p1a: Alcremie
|-boost|p1a: Alcremie|spa|1
|-boost|p1a: Alcremie|spd|1
|
|-heal|p1a: Alcremie|98/100 par|[from] item: Leftovers
|upkeep
|turn|12
|
|t:|1757937705
|move|p2a: Grimmsnarl|Spirit Break|p1a: Alcremie
|-damage|p1a: Alcremie|78/100 par
|-unboost|p1a: Alcremie|spa|1
|move|p1a: Alcremie|Acid Armor|p1a: Alcremie
|-boost|p1a: Alcremie|def|2
|
|-heal|p1a: Alcremie|84/100 par|[from] item: Leftovers
|upkeep
|turn|13
|
|t:|1757937714
|move|p2a: Grimmsnarl|Spirit Break|p1a: Alcremie
|-damage|p1a: Alcremie|71/100 par
|-unboost|p1a: Alcremie|spa|1
|move|p1a: Alcremie|Calm Mind|p1a: Alcremie
|-boost|p1a: Alcremie|spa|1
|-boost|p1a: Alcremie|spd|1
|
|-heal|p1a: Alcremie|77/100 par|[from] item: Leftovers
|upkeep
|turn|14
|
|t:|1757937725
|move|p2a: Grimmsnarl|Parting Shot|p1a: Alcremie
|-unboost|p1a: Alcremie|atk|1
|-unboost|p1a: Alcremie|spa|1
|
|t:|1757937733
|switch|p2a: Dragalge|Dragalge, M|100/100|[from] Parting Shot
|cant|p1a: Alcremie|par
|
|-heal|p1a: Alcremie|83/100 par|[from] item: Leftovers
|upkeep
|turn|15
|
|t:|1757937742
|move|p2a: Dragalge|Sludge Wave|p1a: Alcremie
|-supereffective|p1a: Alcremie
|-damage|p1a: Alcremie|40/100 par
|move|p1a: Alcremie|Draining Kiss|p2a: Dragalge
|-damage|p2a: Dragalge|88/100
|-heal|p1a: Alcremie|50/100 par|[from] drain|[of] p2a: Dragalge
|
|-heal|p1a: Alcremie|56/100 par|[from] item: Leftovers
|upkeep
|turn|16
|
|t:|1757937755
|move|p2a: Dragalge|Sludge Wave|p1a: Alcremie
|-supereffective|p1a: Alcremie
|-damage|p1a: Alcremie|18/100 par
|move|p1a: Alcremie|Draining Kiss|p2a: Dragalge
|-damage|p2a: Dragalge|75/100
|-heal|p1a: Alcremie|28/100 par|[from] drain|[of] p2a: Dragalge
|
|-heal|p1a: Alcremie|34/100 par|[from] item: Leftovers
|upkeep
|turn|17
|
|t:|1757937775
|move|p2a: Dragalge|Sludge Wave|p1a: Alcremie
|-supereffective|p1a: Alcremie
|-damage|p1a: Alcremie|0 fnt
|faint|p1a: Alcremie
|
|upkeep
|
|t:|1757937781
|switch|p1a: Iron Valiant|Iron Valiant|100/100
|-activate|p1a: Iron Valiant|move: Sticky Web
|-unboost|p1a: Iron Valiant|spe|1
|turn|18
|
|t:|1757937789
|move|p1a: Iron Valiant|Ice Punch|p2a: Dragalge
|-supereffective|p2a: Dragalge
|-damage|p2a: Dragalge|0 fnt
|faint|p2a: Dragalge
|
|-sideend|p2: lol2kk|move: Light Screen
|upkeep
|
|t:|1757937793
|switch|p2a: Grimmsnarl|Grimmsnarl, M, shiny|100/100
|turn|19
|
|t:|1757937805
|move|p2a: Grimmsnarl|Reflect|p2a: Grimmsnarl
|-sidestart|p2: lol2kk|Reflect
|move|p1a: Iron Valiant|Ice Punch|p2a: Grimmsnarl
|-damage|p2a: Grimmsnarl|76/100
|
|upkeep
|turn|20
|
|t:|1757937811
|-end|p1a: Iron Valiant|Quark Drive|[silent]
|switch|p1a: Manaphy|Manaphy|100/100
|-activate|p1a: Manaphy|move: Sticky Web
|-unboost|p1a: Manaphy|spe|1
|move|p2a: Grimmsnarl|Spirit Break|p1a: Manaphy
|-damage|p1a: Manaphy|71/100
|-unboost|p1a: Manaphy|spa|1
|
|-heal|p1a: Manaphy|77/100|[from] item: Leftovers
|upkeep
|turn|21
|
|t:|1757937823
|move|p2a: Grimmsnarl|Light Screen|p2a: Grimmsnarl
|-sidestart|p2: lol2kk|move: Light Screen
|move|p1a: Manaphy|Tail Glow|p1a: Manaphy
|-boost|p1a: Manaphy|spa|3
|
|-heal|p1a: Manaphy|83/100|[from] item: Leftovers
|upkeep
|turn|22
|
|t:|1757937830
|move|p2a: Grimmsnarl|Parting Shot|p1a: Manaphy
|-unboost|p1a: Manaphy|atk|1
|-unboost|p1a: Manaphy|spa|1
|
|t:|1757937835
|switch|p2a: Iron Hands|Iron Hands, shiny|100/100|[from] Parting Shot
|move|p1a: Manaphy|Tail Glow|p1a: Manaphy
|-boost|p1a: Manaphy|spa|3
|
|-heal|p1a: Manaphy|89/100|[from] item: Leftovers
|upkeep
|turn|23
|
|t:|1757937853
|move|p1a: Manaphy|Blizzard|p2a: Iron Hands|[miss]
|-miss|p1a: Manaphy|p2a: Iron Hands
|move|p2a: Iron Hands|Supercell Slam|p1a: Manaphy
|-supereffective|p1a: Manaphy
|-damage|p1a: Manaphy|0 fnt
|faint|p1a: Manaphy
|
|upkeep
|
|t:|1757937866
|switch|p1a: Iron Valiant|Iron Valiant|100/100
|-activate|p1a: Iron Valiant|move: Sticky Web
|-unboost|p1a: Iron Valiant|spe|1
|turn|24
|
|t:|1757937877
|move|p1a: Iron Valiant|Knock Off|p2a: Iron Hands
|-resisted|p2a: Iron Hands
|-damage|p2a: Iron Hands|92/100
|-enditem|p2a: Iron Hands|Assault Vest|[from] move: Knock Off|[of] p1a: Iron Valiant
|move|p2a: Iron Hands|Supercell Slam|p1a: Iron Valiant
|-damage|p1a: Iron Valiant|21/100
|
|upkeep
|turn|25
|
|t:|1757937889
|move|p1a: Iron Valiant|Knock Off|p2a: Iron Hands
|-resisted|p2a: Iron Hands
|-damage|p2a: Iron Hands|88/100
|move|p2a: Iron Hands|Supercell Slam|p1a: Iron Valiant
|-damage|p1a: Iron Valiant|0 fnt
|faint|p1a: Iron Valiant
|-end|p1a: Iron Valiant|Quark Drive|[silent]
|
|upkeep
|
|t:|1757937897
|switch|p1a: Hariyama|Hariyama, M|100/100
|-activate|p1a: Hariyama|move: Sticky Web
|-unboost|p1a: Hariyama|spe|1
|turn|26
|
|t:|1757937904
|move|p2a: Iron Hands|Drain Punch|p1a: Hariyama
|-damage|p1a: Hariyama|54/100
|-heal|p2a: Iron Hands|100/100|[from] drain|[of] p1a: Hariyama
|move|p1a: Hariyama|Bulk Up|p1a: Hariyama
|-boost|p1a: Hariyama|atk|1
|-boost|p1a: Hariyama|def|1
|
|-sideend|p2: lol2kk|Reflect
|-status|p1a: Hariyama|brn|[from] item: Flame Orb
|upkeep
|turn|27
|
|t:|1757937914
|move|p2a: Iron Hands|Drain Punch|p1a: Hariyama
|-damage|p1a: Hariyama|21/100 brn
|move|p1a: Hariyama|Facade|p2a: Iron Hands
|-damage|p2a: Iron Hands|32/100
|
|-damage|p1a: Hariyama|15/100 brn|[from] brn
|upkeep
|turn|28
|
|t:|1757937923
|move|p2a: Iron Hands|Drain Punch|p1a: Hariyama
|-damage|p1a: Hariyama|0 fnt
|-heal|p2a: Iron Hands|39/100|[from] drain|[of] p1a: Hariyama
|faint|p1a: Hariyama
|
|win|lol2kk
|raw|Plug Kristmas's rating: 1157 &rarr; <strong>1129</strong><br />(-28 for losing)
|raw|lol2kk's rating: 1116 &rarr; <strong>1144</strong><br />(+28 for winning)
|l|☆lol2kk
|player|p2|
|l|☆Plug Kristmas
|player|p1|
