|j|☆TestAccount619
|j|☆saint246
|t:|1757913096
|gametype|singles
|player|p1|TestAccount619|170|1191
|player|p2|saint246|170|1081
|gen|9
|tier|[Gen 9] OU
|rated|
|rule|HP Percentage Mod: HP is shown in percentages
|rule|Endless Battle Clause: Forcing endless battles is banned
|rule|Species Clause: Limit one of each Pokémon
|rule|OHKO Clause: OHKO moves are banned
|rule|Evasion Items Clause: Evasion items are banned
|rule|Evasion Moves Clause: Evasion moves are banned
|rule|Evasion Abilities Clause: Evasion abilities are banned
|rule|Sleep Moves Clause: Sleep-inducing moves are banned
|clearpoke
|poke|p1|Fezandipiti, M|
|poke|p1|Magnezone|
|poke|p1|Zapdos|
|poke|p1|Dragapult, M|
|poke|p1|Cinderace, M|
|poke|p1|Iron Valiant|
|poke|p2|Grimmsnarl, M|
|poke|p2|Heatran, F|
|poke|p2|Zoroark-Hisui, M|
|poke|p2|Rotom-Wash|
|poke|p2|Iron Treads|
|poke|p2|Dugtrio-Alola, F|
|teampreview
|inactive|Battle timer is ON: inactive players will automatically lose when time's up. (requested by TestAccount619)
|inactive|saint246 has 120 seconds left.
|
|t:|1757913131
|teamsize|p1|6
|teamsize|p2|6
|start
|switch|p1a: Fezandipiti|Fezandipiti, M|100/100
|switch|p2a: Dugtrio|Dugtrio-Alola, F|100/100
|turn|1
|
|t:|1757913140
|switch|p1a: Zapdos|Zapdos, shiny|100/100
|move|p2a: Dugtrio|Stealth Rock|p1a: Zapdos
|-sidestart|p1: TestAccount619|move: Stealth Rock
|
|upkeep
|turn|2
|
|t:|1757913146
|move|p2a: Dugtrio|Memento|p1a: Zapdos
|-unboost|p1a: Zapdos|atk|2
|-unboost|p1a: Zapdos|spa|2
|faint|p2a: Dugtrio
|move|p1a: Zapdos|Heat Wave|p2: Dugtrio|[notarget]
|-fail|p1a: Zapdos
|
|upkeep
|
|t:|1757913152
|switch|p2a: Grimmsnarl|Grimmsnarl, M|100/100
|turn|3
|
|t:|1757913158
|move|p2a: Grimmsnarl|Substitute|p2a: Grimmsnarl
|-start|p2a: Grimmsnarl|Substitute
|-damage|p2a: Grimmsnarl|76/100
|move|p1a: Zapdos|Volt Switch|p2a: Grimmsnarl
|-activate|p2a: Grimmsnarl|move: Substitute|[damage]
|
|t:|1757913164
|switch|p1a: Cinderace|Cinderace, M|100/100|[from] Volt Switch
|
|-heal|p2a: Grimmsnarl|82/100|[from] item: Leftovers
|upkeep
|turn|4
|
|t:|1757913169
|-terastallize|p2a: Grimmsnarl|Fire
|move|p2a: Grimmsnarl|Bulk Up|p2a: Grimmsnarl
|-boost|p2a: Grimmsnarl|atk|1
|-boost|p2a: Grimmsnarl|def|1
|move|p1a: Cinderace|Court Change|p1a: Cinderace
|-start|p1a: Cinderace|typechange|Normal|[from] ability: Libero
|-swapsideconditions
|-activate|p1a: Cinderace|move: Court Change
|
|-heal|p2a: Grimmsnarl|88/100|[from] item: Leftovers
|upkeep
|turn|5
|
|t:|1757913180
|move|p2a: Grimmsnarl|Bulk Up|p2a: Grimmsnarl
|-boost|p2a: Grimmsnarl|atk|1
|-boost|p2a: Grimmsnarl|def|1
|move|p1a: Cinderace|U-turn|p2a: Grimmsnarl
|-resisted|p2a: Grimmsnarl
|-activate|p2a: Grimmsnarl|move: Substitute|[damage]
|
|t:|1757913188
|switch|p1a: Zapdos|Zapdos, shiny|100/100|[from] U-turn
|
|-heal|p2a: Grimmsnarl|94/100|[from] item: Leftovers
|upkeep
|turn|6
|
|t:|1757913193
|move|p1a: Zapdos|Discharge|p2a: Grimmsnarl
|-end|p2a: Grimmsnarl|Substitute
|move|p2a: Grimmsnarl|Spirit Break|p1a: Zapdos
|-damage|p1a: Zapdos|47/100
|-unboost|p1a: Zapdos|spa|1
|
|-heal|p2a: Grimmsnarl|99/100|[from] item: Leftovers
|upkeep
|turn|7
|
|t:|1757913205
|move|p1a: Zapdos|Discharge|p2a: Grimmsnarl
|-damage|p2a: Grimmsnarl|80/100
|-status|p2a: Grimmsnarl|par
|move|p2a: Grimmsnarl|Spirit Break|p1a: Zapdos
|-damage|p1a: Zapdos|0 fnt
|faint|p1a: Zapdos
|
|-heal|p2a: Grimmsnarl|86/100 par|[from] item: Leftovers
|upkeep
|
|t:|1757913212
|switch|p1a: Dragapult|Dragapult, M|100/100
|turn|8
|
|t:|1757913218
|move|p2a: Grimmsnarl|Sucker Punch|p1a: Dragapult
|-supereffective|p1a: Dragapult
|-damage|p1a: Dragapult|0 fnt
|faint|p1a: Dragapult
|
|-heal|p2a: Grimmsnarl|92/100 par|[from] item: Leftovers
|upkeep
|
|t:|1757913236
|switch|p1a: Magnezone|Magnezone|100/100
|turn|9
|
|t:|1757913265
|cant|p2a: Grimmsnarl|par
|move|p1a: Magnezone|Thunderbolt|p2a: Grimmsnarl
|-damage|p2a: Grimmsnarl|53/100 par
|
|-heal|p2a: Grimmsnarl|59/100 par|[from] item: Leftovers
|upkeep
|turn|10
|
|t:|1757913271
|move|p2a: Grimmsnarl|Sucker Punch|p1a: Magnezone
|-damage|p1a: Magnezone|53/100
|move|p1a: Magnezone|Thunderbolt|p2a: Grimmsnarl
|-damage|p2a: Grimmsnarl|20/100 par
|
|-heal|p2a: Grimmsnarl|26/100 par|[from] item: Leftovers
|upkeep
|turn|11
|
|t:|1757913278
|switch|p2a: Iron Treads|Iron Treads|100/100
|-damage|p2a: Iron Treads|97/100|[from] Stealth Rock
|-enditem|p2a: Iron Treads|Booster Energy
|-activate|p2a: Iron Treads|ability: Quark Drive|[fromitem]
|-start|p2a: Iron Treads|quarkdrivespe
|move|p1a: Magnezone|Thunderbolt|p2a: Iron Treads
|-immune|p2a: Iron Treads
|
|upkeep
|turn|12
|
|t:|1757913287
|-terastallize|p1a: Magnezone|Grass
|move|p2a: Iron Treads|Rapid Spin|p1a: Magnezone
|-damage|p1a: Magnezone|42/100
|-boost|p2a: Iron Treads|spe|1
|-sideend|p2: saint246|Stealth Rock|[from] move: Rapid Spin|[of] p2a: Iron Treads
|move|p1a: Magnezone|Body Press|p2a: Iron Treads
|-supereffective|p2a: Iron Treads
|-damage|p2a: Iron Treads|51/100
|
|upkeep
|turn|13
|
|t:|1757913295
|move|p2a: Iron Treads|Ice Spinner|p1a: Magnezone
|-supereffective|p1a: Magnezone
|-damage|p1a: Magnezone|11/100
|move|p1a: Magnezone|Body Press|p2a: Iron Treads
|-supereffective|p2a: Iron Treads
|-damage|p2a: Iron Treads|1/100
|
|upkeep
|turn|14
|
|t:|1757913305
|move|p2a: Iron Treads|Ice Spinner|p1a: Magnezone
|-supereffective|p1a: Magnezone
|-damage|p1a: Magnezone|0 fnt
|faint|p1a: Magnezone
|
|upkeep
|
|t:|1757913307
|switch|p1a: Cinderace|Cinderace, M|100/100
|turn|15
|
|t:|1757913311
|move|p1a: Cinderace|Sucker Punch|p2a: Iron Treads
|-start|p1a: Cinderace|typechange|Dark|[from] ability: Libero
|-damage|p2a: Iron Treads|0 fnt
|faint|p2a: Iron Treads
|-end|p2a: Iron Treads|Quark Drive|[silent]
|
|upkeep
|
|t:|1757913317
|switch|p2a: Rotom|Rotom-Wash|100/100
|turn|16
|
|t:|1757913324
|move|p1a: Cinderace|U-turn|p2a: Rotom
|-damage|p2a: Rotom|82/100
|
|t:|1757913326
|switch|p1a: Fezandipiti|Fezandipiti, M|100/100|[from] U-turn
|move|p2a: Rotom|Thunder Wave|p1a: Fezandipiti
|-status|p1a: Fezandipiti|par
|
|-heal|p2a: Rotom|88/100|[from] item: Leftovers
|upkeep
|turn|17
|
|t:|1757913333
|switch|p2a: Heatran|Heatran, F|100/100
|move|p1a: Fezandipiti|Beat Up|p2a: Heatran
|-damage|p2a: Heatran|97/100
|-damage|p2a: Heatran|94/100
|-damage|p2a: Heatran|90/100
|-hitcount|p2a: Heatran|3
|
|-heal|p2a: Heatran|96/100|[from] item: Leftovers
|upkeep
|turn|18
|
|t:|1757913343
|move|p2a: Heatran|Substitute|p2a: Heatran
|-start|p2a: Heatran|Substitute
|-damage|p2a: Heatran|71/100
|move|p1a: Fezandipiti|U-turn|p2a: Heatran
|-resisted|p2a: Heatran
|-activate|p2a: Heatran|move: Substitute|[damage]
|
|t:|1757913348
|switch|p1a: Cinderace|Cinderace, M|100/100|[from] U-turn
|
|-heal|p2a: Heatran|78/100|[from] item: Leftovers
|upkeep
|turn|19
|
|t:|1757913354
|move|p1a: Cinderace|Pyro Ball|p2a: Heatran
|-start|p2a: Heatran|ability: Flash Fire
|move|p2a: Heatran|Will-O-Wisp|p1a: Cinderace
|-immune|p1a: Cinderace
|
|-heal|p2a: Heatran|84/100|[from] item: Leftovers
|upkeep
|turn|20
|
|t:|1757913362
|move|p1a: Cinderace|Sucker Punch||[still]
|-fail|p1a: Cinderace
|move|p2a: Heatran|Will-O-Wisp|p1a: Cinderace
|-immune|p1a: Cinderace
|
|-heal|p2a: Heatran|90/100|[from] item: Leftovers
|upkeep
|turn|21
|
|t:|1757913372
|move|p1a: Cinderace|U-turn|p2a: Heatran
|-start|p1a: Cinderace|typechange|Bug|[from] ability: Libero
|-resisted|p2a: Heatran
|-activate|p2a: Heatran|move: Substitute|[damage]
|
|t:|1757913376
|switch|p1a: Fezandipiti|Fezandipiti, M|100/100 par|[from] U-turn
|move|p2a: Heatran|Earth Power|p1a: Fezandipiti
|-supereffective|p1a: Fezandipiti
|-damage|p1a: Fezandipiti|61/100 par
|
|-heal|p2a: Heatran|96/100|[from] item: Leftovers
|upkeep
|turn|22
|
|t:|1757913384
|move|p2a: Heatran|Magma Storm|p1a: Fezandipiti|[miss]
|-miss|p2a: Heatran|p1a: Fezandipiti
|move|p1a: Fezandipiti|U-turn|p2a: Heatran
|-resisted|p2a: Heatran
|-activate|p2a: Heatran|move: Substitute|[damage]
|
|t:|1757913390
|switch|p1a: Cinderace|Cinderace, M|100/100|[from] U-turn
|
|-heal|p2a: Heatran|100/100|[from] item: Leftovers
|upkeep
|turn|23
|
|t:|1757913395
|move|p1a: Cinderace|U-turn|p2a: Heatran
|-start|p1a: Cinderace|typechange|Bug|[from] ability: Libero
|-resisted|p2a: Heatran
|-activate|p2a: Heatran|move: Substitute|[damage]
|-message|TestAccount619 forfeited.
|
|win|saint246
|raw|TestAccount619's rating: 1191 &rarr; <strong>1158</strong><br />(-33 for losing)
|raw|saint246's rating: 1081 &rarr; <strong>1117</strong><br />(+36 for winning)
|l|☆TestAccount619
|player|p1|
|l|☆saint246
|player|p2|
