|j|☆Lenghong
|j|☆Orbica
|t:|1757929621
|gametype|singles
|player|p1|Lenghong|hilda|1298
|player|p2|Orbica|doctor|1269
|gen|9
|tier|[Gen 9] OU
|rated|
|rule|HP Percentage Mod: HP is shown in percentages
|rule|Endless Battle Clause: Forcing endless battles is banned
|rule|Species Clause: Limit one of each Pokémon
|rule|OHKO Clause: OHKO moves are banned
|rule|Evasion Items Clause: Evasion items are banned
|rule|Evasion Moves Clause: Evasion moves are banned
|rule|Evasion Abilities Clause: Evasion abilities are banned
|rule|Sleep Moves Clause: Sleep-inducing moves are banned
|clearpoke
|poke|p1|Garganacl, F|
|poke|p1|Glimmora, F|
|poke|p1|Iron Boulder|
|poke|p1|Arcanine-Hisui, F|
|poke|p1|Kleavor, F|
|poke|p1|Tyranitar, F|
|poke|p2|Pelipper, M|
|poke|p2|Scizor, F|
|poke|p2|Kingdra, M|
|poke|p2|Porygon2|
|poke|p2|Rotom-Mow|
|poke|p2|Ogerpon-Wellspring, F|
|teampreview
|inactive|Battle timer is ON: inactive players will automatically lose when time's up. (requested by Orbica)
|
|t:|1757929640
|teamsize|p1|6
|teamsize|p2|6
|start
|switch|p1a: Kleavor|Kleavor, F|100/100
|switch|p2a: Pelipper|Pelipper, M|100/100
|-weather|RainDance|[from] ability: Drizzle|[of] p2a: Pelipper
|turn|1
|
|t:|1757929655
|move|p1a: Kleavor|Stone Axe|p2a: Pelipper
|-supereffective|p2a: Pelipper
|-damage|p2a: Pelipper|0 fnt
|-sidestart|p2: Orbica|move: Stealth Rock
|faint|p2a: Pelipper
|
|-weather|RainDance|[upkeep]
|upkeep
|
|t:|1757929664
|switch|p2a: Kingdra|Kingdra, M|100/100
|-damage|p2a: Kingdra|88/100|[from] Stealth Rock
|turn|2
|
|t:|1757929671
|switch|p1a: Tyranitar|Tyranitar, F|100/100
|-weather|Sandstorm|[from] ability: Sand Stream|[of] p1a: Tyranitar
|-terastallize|p2a: Kingdra|Water
|move|p2a: Kingdra|Surf|p1a: Tyranitar
|-supereffective|p1a: Tyranitar
|-damage|p1a: Tyranitar|56/100
|
|-weather|Sandstorm|[upkeep]
|-damage|p2a: Kingdra|82/100|[from] Sandstorm
|upkeep
|turn|3
|
|t:|1757929681
|switch|p2a: Scizor|Scizor, F|100/100
|-damage|p2a: Scizor|88/100|[from] Stealth Rock
|move|p1a: Tyranitar|Knock Off|p2a: Scizor
|-damage|p2a: Scizor|44/100
|-enditem|p2a: Scizor|Sitrus Berry|[from] move: Knock Off|[of] p1a: Tyranitar
|
|-weather|Sandstorm|[upkeep]
|upkeep
|turn|4
|
|t:|1757929692
|switch|p1a: Glimmora|Glimmora, F|100/100
|move|p2a: Scizor|Close Combat|p1a: Glimmora
|-damage|p1a: Glimmora|55/100
|-unboost|p2a: Scizor|def|1
|-unboost|p2a: Scizor|spd|1
|-activate|p1a: Glimmora|ability: Toxic Debris
|-sidestart|p2: Orbica|move: Toxic Spikes
|
|-weather|Sandstorm|[upkeep]
|upkeep
|turn|5
|
|t:|1757929704
|move|p1a: Glimmora|Spiky Shield|p1a: Glimmora
|-singleturn|p1a: Glimmora|move: Protect
|move|p2a: Scizor|Bullet Punch|p1a: Glimmora
|-activate|p1a: Glimmora|move: Protect
|-damage|p2a: Scizor|31/100|[from] Spiky Shield|[of] p1a: Glimmora
|
|-weather|Sandstorm|[upkeep]
|upkeep
|turn|6
|
|t:|1757929709
|move|p2a: Scizor|Bullet Punch|p1a: Glimmora
|-supereffective|p1a: Glimmora
|-damage|p1a: Glimmora|0 fnt
|-activate|p1a: Glimmora|ability: Toxic Debris
|-sidestart|p2: Orbica|move: Toxic Spikes
|faint|p1a: Glimmora
|
|-weather|none
|upkeep
|
|t:|1757929718
|switch|p1a: Arcanine|Arcanine-Hisui, F, shiny|100/100
|turn|7
|
|t:|1757929722
|move|p2a: Scizor|Bullet Punch|p1a: Arcanine
|-damage|p1a: Arcanine|54/100
|move|p1a: Arcanine|Head Smash|p2a: Scizor|[miss]
|-miss|p1a: Arcanine|p2a: Scizor
|
|upkeep
|turn|8
|
|t:|1757929730
|switch|p1a: Garganacl|Garganacl, F|100/100
|move|p2a: Scizor|Bullet Punch|p1a: Garganacl
|-supereffective|p1a: Garganacl
|-damage|p1a: Garganacl|66/100
|
|-heal|p1a: Garganacl|72/100|[from] item: Leftovers
|upkeep
|turn|9
|
|t:|1757929743
|-terastallize|p1a: Garganacl|Dragon
|move|p2a: Scizor|Knock Off|p1a: Garganacl
|-damage|p1a: Garganacl|52/100
|-enditem|p1a: Garganacl|Leftovers|[from] move: Knock Off|[of] p2a: Scizor
|move|p1a: Garganacl|Recover|p1a: Garganacl
|-heal|p1a: Garganacl|100/100
|
|upkeep
|turn|10
|
|t:|1757929752
|move|p2a: Scizor|Swords Dance|p2a: Scizor
|-boost|p2a: Scizor|atk|2
|move|p1a: Garganacl|Body Press|p2a: Scizor
|-damage|p2a: Scizor|0 fnt
|faint|p2a: Scizor
|
|upkeep
|
|t:|1757929763
|switch|p2a: Rotom|Rotom-Mow|100/100
|-damage|p2a: Rotom|88/100|[from] Stealth Rock
|turn|11
|
|t:|1757929774
|switch|p1a: Tyranitar|Tyranitar, F|56/100
|-weather|Sandstorm|[from] ability: Sand Stream|[of] p1a: Tyranitar
|move|p2a: Rotom|Volt Switch|p1a: Tyranitar
|-damage|p1a: Tyranitar|47/100
|
|t:|1757929782
|switch|p2a: Porygon2|Porygon2, shiny|100/100|[from] Volt Switch
|-damage|p2a: Porygon2|88/100|[from] Stealth Rock
|-status|p2a: Porygon2|tox
|-ability|p2a: Porygon2|Sand Stream|Trace|[from] ability: Trace|[of] p1a: Tyranitar
|
|-weather|Sandstorm|[upkeep]
|-damage|p2a: Porygon2|82/100 tox|[from] Sandstorm
|-damage|p2a: Porygon2|76/100 tox|[from] psn
|upkeep
|turn|12
|-message|Orbica forfeited.
|
|win|Lenghong
|raw|Lenghong's rating: 1298 &rarr; <strong>1321</strong><br />(+23 for winning)
|raw|Orbica's rating: 1269 &rarr; <strong>1246</strong><br />(-23 for losing)
|l|☆Orbica
|player|p2|
|l|☆Lenghong
|player|p1|
