|j|☆aiden022688
|j|☆frogeh
|inactive|Battle timer is ON: inactive players will automatically lose when time's up.
|t:|1757827754
|gametype|singles
|player|p1|aiden022688|102|
|player|p2|frogeh|red|
|gen|9
|tier|[Gen 9] OU
|rated|Tournament battle
|rule|HP Percentage Mod: HP is shown in percentages
|rule|Endless Battle Clause: Forcing endless battles is banned
|rule|Species Clause: Limit one of each Pokémon
|rule|OHKO Clause: OHKO moves are banned
|rule|Evasion Items Clause: Evasion items are banned
|rule|Evasion Moves Clause: Evasion moves are banned
|rule|Evasion Abilities Clause: Evasion abilities are banned
|rule|Sleep Moves Clause: Sleep-inducing moves are banned
|raw|<div class="infobox"><details class="readmore"><summary><strong>15 custom rules:</strong></summary> -burmy, -caterpie, -combee, -kricketot, -magikarp, -scatterbug, -sunkern, -tynamo, -typenull, -weedle, -wurmple, -cosmog, -blipbug, -snom, -wynaut</details></div>
|clearpoke
|poke|p1|Nuzleaf, M|
|poke|p1|Tepig, F|
|poke|p1|Seel, M|
|poke|p1|Golurk|
|poke|p2|Silicobra, F|
|poke|p2|Oddish, F|
|poke|p2|Toedscool, F|
|poke|p2|Hydreigon, F|
|teampreview
|j|*Lady Monita ☀
|inactive|aiden022688 also wants the timer to be on.
|c|☆aiden022688|IS THAT A FUCKING HYDREGION
|
|t:|1757827773
|teamsize|p1|4
|teamsize|p2|4
|start
|switch|p1a: Recoil man|Tepig, F|100/100
|switch|p2a: Silicobra|Silicobra, F|100/100
|turn|1
|c|☆frogeh|lmao yes
|c|☆frogeh|he seems a bit out of place
|
|t:|1757827790
|move|p1a: Recoil man|Flare Blitz|p2a: Silicobra
|-damage|p2a: Silicobra|75/100
|-damage|p1a: Recoil man|91/100|[from] Recoil
|move|p2a: Silicobra|Stealth Rock|p1a: Recoil man
|-sidestart|p1: aiden022688|move: Stealth Rock
|
|upkeep
|turn|2
|c|☆aiden022688|Ya think?
|
|t:|1757827798
|move|p1a: Recoil man|Flare Blitz|p2a: Silicobra
|-damage|p2a: Silicobra|49/100
|-damage|p1a: Recoil man|81/100|[from] Recoil
|move|p2a: Silicobra|Glare|p1a: Recoil man
|-status|p1a: Recoil man|par
|
|upkeep
|turn|3
|
|t:|1757827802
|move|p1a: Recoil man|Flare Blitz|p2a: Silicobra
|-damage|p2a: Silicobra|20/100
|-damage|p1a: Recoil man|71/100 par|[from] Recoil
|move|p2a: Silicobra|Rest|p2a: Silicobra
|-status|p2a: Silicobra|slp|[from] move: Rest
|-heal|p2a: Silicobra|100/100 slp|[silent]
|
|upkeep
|turn|4
|
|t:|1757827809
|switch|p1a: Saviour|Nuzleaf, M|100/100
|-damage|p1a: Saviour|88/100|[from] Stealth Rock
|cant|p2a: Silicobra|slp
|
|upkeep
|turn|5
|c|☆aiden022688|I didn't know you could get psuedos
|
|t:|1757827826
|switch|p2a: Oddish|Oddish, F|100/100
|move|p1a: Saviour|Leaf Blade|p2a: Oddish
|-resisted|p2a: Oddish
|-damage|p2a: Oddish|89/100
|
|upkeep
|turn|6
|
|t:|1757827833
|move|p1a: Saviour|Sucker Punch|p2a: Oddish
|-damage|p2a: Oddish|55/100
|move|p2a: Oddish|Sludge Bomb|p1a: Saviour
|-supereffective|p1a: Saviour
|-damage|p1a: Saviour|0 fnt
|faint|p1a: Saviour
|
|upkeep
|
|t:|1757827836
|switch|p1a: Sneaky golem|Golurk|100/100
|-damage|p1a: Sneaky golem|94/100|[from] Stealth Rock
|turn|7
|
|t:|1757827842
|move|p1a: Sneaky golem|Poltergeist|p2a: Oddish
|-activate|p2a: Oddish|move: Poltergeist|Eviolite
|-damage|p2a: Oddish|0 fnt
|faint|p2a: Oddish
|-damage|p1a: Sneaky golem|85/100|[from] item: Life Orb
|
|upkeep
|
|t:|1757827856
|switch|p2a: Toedscool|Toedscool, F|100/100
|turn|8
|
|t:|1757827864
|switch|p1a: Recoil man|Tepig, F|71/100 par
|-damage|p1a: Recoil man|46/100 par|[from] Stealth Rock
|move|p2a: Toedscool|Spikes|p1a: Recoil man
|-sidestart|p1: aiden022688|Spikes
|
|upkeep
|turn|9
|
|t:|1757827868
|switch|p2a: Silicobra|Silicobra, F|100/100 slp
|move|p1a: Recoil man|Flare Blitz|p2a: Silicobra
|-damage|p2a: Silicobra|76/100 slp
|-damage|p1a: Recoil man|37/100 par|[from] Recoil
|
|upkeep
|turn|10
|
|t:|1757827877
|switch|p1a: Seelthis|Seel, M|100/100
|-damage|p1a: Seelthis|88/100|[from] Stealth Rock
|-damage|p1a: Seelthis|76/100|[from] Spikes
|cant|p2a: Silicobra|slp
|
|-activate|p2a: Silicobra|ability: Shed Skin
|-curestatus|p2a: Silicobra|slp|[msg]
|-heal|p1a: Seelthis|82/100|[from] item: Leftovers
|upkeep
|turn|11
|c|☆aiden022688|!dt silicone
'silicone' has no exact match. Approximate match:
|raw|<div class="message"><ul class="utilichart"><li class="result"><span class="col numcol">LC</span> <span class="col iconcol"><psicon pokemon="silicobra"/></span> <span class="col pokemonnamecol" style="white-space:nowrap"><a href="https://dex.pokemonshowdown.com/pokemon/silicobra" target="_blank">Silicobra</a></span> <span class="col typecol"><img src="https://play.pokemonshowdown.com/sprites/types/Ground.png" alt="Ground" height="14" width="32"></span> <span style="float:left;min-height:26px"><span class="col twoabilitycol">Sand Spit<br />Shed Skin</span><span class="col abilitycol"><em>Sand Veil</em></span></span><span style="float:left;min-height:26px"><span class="col statcol"><em>HP</em><br />52</span> <span class="col statcol"><em>Atk</em><br />57</span> <span class="col statcol"><em>Def</em><br />75</span> <span class="col statcol"><em>SpA</em><br />35</span> <span class="col statcol"><em>SpD</em><br />50</span> <span class="col statcol"><em>Spe</em><br />46</span> <span class="col bstcol"><em>BST<br />315</em></span> </span></li><li style="clear:both"></li></ul></div>
|raw|<font size="1"><font color="#686868">Dex#:</font> 843&nbsp;|&ThickSpace;<font color="#686868">Gen:</font> 8&nbsp;|&ThickSpace;<font color="#686868">Height:</font> 2.2 m&nbsp;|&ThickSpace;<font color="#686868">Weight:</font> 7.6 kg <em>(20 BP)</em>&nbsp;|&ThickSpace;<font color="#686868">Dex Colour:</font> Green&nbsp;|&ThickSpace;<font color="#686868">Egg Group(s):</font> Field, Dragon&nbsp;|&ThickSpace;<font color="#686868">Evolution:</font> Sandaconda (36)</font>

|
|t:|1757827893
|-terastallize|p2a: Silicobra|Water
|move|p2a: Silicobra|Glare|p1a: Seelthis
|-status|p1a: Seelthis|par
|cant|p1a: Seelthis|par
|
|-heal|p1a: Seelthis|88/100 par|[from] item: Leftovers
|upkeep
|turn|12
|
|t:|1757827904
|move|p2a: Silicobra|Earthquake|p1a: Seelthis
|-damage|p1a: Seelthis|54/100 par
|cant|p1a: Seelthis|par
|
|-heal|p1a: Seelthis|60/100 par|[from] item: Leftovers
|upkeep
|turn|13
|
|t:|1757827911
|move|p2a: Silicobra|Earthquake|p1a: Seelthis
|-damage|p1a: Seelthis|27/100 par
|move|p1a: Seelthis|Blizzard|p2a: Silicobra
|-resisted|p2a: Silicobra
|-damage|p2a: Silicobra|64/100
|
|-heal|p1a: Seelthis|33/100 par|[from] item: Leftovers
|upkeep
|turn|14
|c|☆frogeh|my ice weakness was crazy
|c|☆aiden022688|This thing Is cooking me more then ur HYDREGION is
|
|t:|1757827940
|move|p2a: Silicobra|Earthquake|p1a: Seelthis
|-damage|p1a: Seelthis|0 fnt
|faint|p1a: Seelthis
|
|upkeep
|
|t:|1757827942
|switch|p1a: Recoil man|Tepig, F|37/100 par
|-damage|p1a: Recoil man|12/100 par|[from] Stealth Rock
|-damage|p1a: Recoil man|0 fnt|[from] Spikes
|faint|p1a: Recoil man
|
|t:|1757827943
|switch|p1a: Sneaky golem|Golurk|85/100
|-damage|p1a: Sneaky golem|79/100|[from] Stealth Rock
|-damage|p1a: Sneaky golem|66/100|[from] Spikes
|turn|15
|
|t:|1757827948
|-terastallize|p1a: Sneaky golem|Fighting
|move|p2a: Silicobra|Glare|p1a: Sneaky golem
|-status|p1a: Sneaky golem|par
|move|p1a: Sneaky golem|Dynamic Punch|p2a: Silicobra
|-damage|p2a: Silicobra|19/100
|-start|p2a: Silicobra|confusion
|-damage|p1a: Sneaky golem|56/100 par|[from] item: Life Orb
|
|upkeep
|turn|16
|
|t:|1757827956
|switch|p2a: Toedscool|Toedscool, F|100/100
|move|p1a: Sneaky golem|Dynamic Punch|p2a: Toedscool
|-damage|p2a: Toedscool|11/100
|-start|p2a: Toedscool|confusion
|-damage|p1a: Sneaky golem|46/100 par|[from] item: Life Orb
|
|upkeep
|turn|17
|
|t:|1757827962
|-activate|p2a: Toedscool|confusion
|move|p2a: Toedscool|Knock Off|p1a: Sneaky golem
|-resisted|p1a: Sneaky golem
|-damage|p1a: Sneaky golem|41/100 par
|-enditem|p1a: Sneaky golem|Life Orb|[from] move: Knock Off|[of] p2a: Toedscool
|cant|p1a: Sneaky golem|par
|
|upkeep
|turn|18
|
|t:|1757827967
|-activate|p2a: Toedscool|confusion
|move|p2a: Toedscool|Trailblaze|p1a: Sneaky golem
|-damage|p1a: Sneaky golem|31/100 par
|-boost|p2a: Toedscool|spe|1
|move|p1a: Sneaky golem|Dynamic Punch|p2a: Toedscool
|-damage|p2a: Toedscool|0 fnt
|faint|p2a: Toedscool
|
|upkeep
|
|t:|1757827969
|switch|p2a: Hydreigon|Hydreigon, F|100/100
|turn|19
|
|t:|1757827971
|move|p2a: Hydreigon|Draco Meteor|p1a: Sneaky golem
|-damage|p1a: Sneaky golem|0 fnt
|-unboost|p2a: Hydreigon|spa|2
|faint|p1a: Sneaky golem
|
|win|frogeh
|n|☆aiden022688|aiden022688
|n|☆frogeh|frogeh
|n|*Lady Monita ☀|ladymonita
