|j|☆The_Powerz
|j|☆whichjuanz
|t:|1757817588
|gametype|singles
|player|p1|The_Powerz|266|1329
|player|p2|whichjuanz|hiker-gen4|1323
|gen|9
|tier|[Gen 9] OU
|rated|
|rule|HP Percentage Mod: HP is shown in percentages
|rule|Endless Battle Clause: Forcing endless battles is banned
|rule|Species Clause: Limit one of each Pokémon
|rule|OHKO Clause: OHKO moves are banned
|rule|Evasion Items Clause: Evasion items are banned
|rule|Evasion Moves Clause: Evasion moves are banned
|rule|Evasion Abilities Clause: Evasion abilities are banned
|rule|Sleep Moves Clause: Sleep-inducing moves are banned
|clearpoke
|poke|p1|Blaziken, F|
|poke|p1|Slowking-Galar, F|
|poke|p1|Darkrai|
|poke|p1|Alomomola, F|
|poke|p1|Corviknight, M|
|poke|p1|Gliscor, F|
|poke|p2|Slaking, F|
|poke|p2|Haxorus, M|
|poke|p2|Glastrier|
|poke|p2|Maushold|
|poke|p2|Great Tusk|
|poke|p2|Hoopa-Unbound|
|teampreview
|inactive|Battle timer is ON: inactive players will automatically lose when time's up. (requested by whichjuanz)
|
|t:|1757817612
|teamsize|p1|6
|teamsize|p2|6
|start
|switch|p1a: Gliscor|Gliscor, F|100/100
|switch|p2a: Maushold|Maushold|100/100
|turn|1
|inactive|The_Powerz has 120 seconds left.
|
|t:|1757817659
|switch|p1a: Alomomola|Alomomola, F|100/100
|move|p2a: Maushold|Tidy Up|p2a: Maushold
|-boost|p2a: Maushold|atk|1
|-boost|p2a: Maushold|spe|1
|
|upkeep
|turn|2
|
|t:|1757817669
|move|p2a: Maushold|Tidy Up|p2a: Maushold
|-boost|p2a: Maushold|atk|1
|-boost|p2a: Maushold|spe|1
|move|p1a: Alomomola|Flip Turn|p2a: Maushold
|-damage|p2a: Maushold|76/100
|
|t:|1757817676
|switch|p1a: Gliscor|Gliscor, F|100/100|[from] Flip Turn
|
|-status|p1a: Gliscor|tox|[from] item: Toxic Orb
|upkeep
|turn|3
|inactive|whichjuanz has 120 seconds left.
|
|t:|1757817706
|move|p2a: Maushold|Population Bomb|p1a: Gliscor
|-damage|p1a: Gliscor|84/100 tox
|-damage|p1a: Gliscor|68/100 tox
|-damage|p1a: Gliscor|50/100 tox
|-damage|p1a: Gliscor|32/100 tox
|-damage|p1a: Gliscor|16/100 tox
|-damage|p1a: Gliscor|0 fnt
|faint|p1a: Gliscor
|-hitcount|p1: Gliscor|6
|
|upkeep
|
|t:|1757817715
|switch|p1a: Darkrai|Darkrai|100/100
|turn|4
|
|t:|1757817717
|-terastallize|p1a: Darkrai|Ghost
|move|p2a: Maushold|Population Bomb|p1a: Darkrai
|-immune|p1a: Darkrai
|move|p1a: Darkrai|Knock Off|p2a: Maushold
|-damage|p2a: Maushold|34/100
|-enditem|p2a: Maushold|Wide Lens|[from] move: Knock Off|[of] p1a: Darkrai
|
|upkeep
|turn|5
|
|t:|1757817722
|switch|p1a: Alomomola|Alomomola, F|100/100
|move|p2a: Maushold|Beat Up|p1a: Alomomola
|-damage|p1a: Alomomola|96/100
|-damage|p1a: Alomomola|89/100
|-damage|p1a: Alomomola|81/100
|-damage|p1a: Alomomola|73/100
|-damage|p1a: Alomomola|67/100
|-crit|p1a: Alomomola
|-damage|p1a: Alomomola|54/100
|-hitcount|p1a: Alomomola|6
|
|upkeep
|turn|6
|
|t:|1757817731
|move|p2a: Maushold|Tidy Up|p2a: Maushold
|-boost|p2a: Maushold|atk|1
|-boost|p2a: Maushold|spe|1
|move|p1a: Alomomola|Wish|p1a: Alomomola
|
|upkeep
|turn|7
|
|t:|1757817740
|move|p2a: Maushold|Beat Up|p1a: Alomomola
|-damage|p1a: Alomomola|49/100
|-damage|p1a: Alomomola|39/100
|-damage|p1a: Alomomola|30/100
|-damage|p1a: Alomomola|19/100
|-damage|p1a: Alomomola|11/100
|-damage|p1a: Alomomola|1/100
|-hitcount|p1a: Alomomola|6
|move|p1a: Alomomola|Flip Turn|p2a: Maushold
|-damage|p2a: Maushold|8/100
|
|t:|1757817747
|switch|p1a: Corviknight|Corviknight, M|100/100|[from] Flip Turn
|-ability|p1a: Corviknight|Pressure
|
|upkeep
|turn|8
|
|t:|1757817751
|move|p2a: Maushold|Beat Up|p1a: Corviknight
|-damage|p1a: Corviknight|94/100
|-damage|p1a: Corviknight|82/100
|-damage|p1a: Corviknight|73/100
|-damage|p1a: Corviknight|62/100
|-damage|p1a: Corviknight|53/100
|-damage|p1a: Corviknight|40/100
|-hitcount|p1a: Corviknight|6
|move|p1a: Corviknight|U-turn|p2a: Maushold
|-damage|p2a: Maushold|0 fnt
|faint|p2a: Maushold
|
|t:|1757817754
|switch|p1a: Alomomola|Alomomola, F|35/100|[from] U-turn
|
|upkeep
|
|t:|1757817759
|switch|p2a: Hoopa|Hoopa-Unbound|100/100
|turn|9
|
|t:|1757817770
|switch|p1a: Corviknight|Corviknight, M|40/100
|-ability|p1a: Corviknight|Pressure
|move|p2a: Hoopa|Hyperspace Fury|p1a: Corviknight
|-damage|p1a: Corviknight|1/100
|-unboost|p2a: Hoopa|def|1
|
|-heal|p1a: Corviknight|7/100|[from] item: Leftovers
|upkeep
|turn|10
|
|t:|1757817774
|move|p2a: Hoopa|Hyperspace Fury|p1a: Corviknight
|-damage|p1a: Corviknight|0 fnt
|-unboost|p2a: Hoopa|def|1
|faint|p1a: Corviknight
|
|upkeep
|
|t:|1757817775
|switch|p1a: Blaziken|Blaziken, F, shiny|100/100
|turn|11
|
|t:|1757817778
|move|p2a: Hoopa|Hyperspace Fury|p1a: Blaziken
|-resisted|p1a: Blaziken
|-damage|p1a: Blaziken|52/100
|-unboost|p2a: Hoopa|def|1
|move|p1a: Blaziken|Swords Dance|p1a: Blaziken
|-boost|p1a: Blaziken|atk|2
|
|-heal|p1a: Blaziken|58/100|[from] item: Leftovers
|-ability|p1a: Blaziken|Speed Boost|boost
|-boost|p1a: Blaziken|spe|1
|upkeep
|turn|12
|
|t:|1757817782
|move|p2a: Hoopa|Hyperspace Fury|p1a: Blaziken
|-resisted|p1a: Blaziken
|-damage|p1a: Blaziken|15/100
|-unboost|p2a: Hoopa|def|1
|move|p1a: Blaziken|Close Combat|p2a: Hoopa
|-damage|p2a: Hoopa|0 fnt
|-unboost|p1a: Blaziken|def|1
|-unboost|p1a: Blaziken|spd|1
|faint|p2a: Hoopa
|
|-heal|p1a: Blaziken|21/100|[from] item: Leftovers
|-ability|p1a: Blaziken|Speed Boost|boost
|-boost|p1a: Blaziken|spe|1
|upkeep
|
|t:|1757817785
|switch|p2a: Haxorus|Haxorus, M|100/100
|-ability|p2a: Haxorus|Mold Breaker
|turn|13
|
|t:|1757817787
|move|p1a: Blaziken|Protect|p1a: Blaziken
|-singleturn|p1a: Blaziken|Protect
|move|p2a: Haxorus|First Impression|p1a: Blaziken
|-activate|p1a: Blaziken|move: Protect
|
|-heal|p1a: Blaziken|27/100|[from] item: Leftovers
|-ability|p1a: Blaziken|Speed Boost|boost
|-boost|p1a: Blaziken|spe|1
|upkeep
|turn|14
|
|t:|1757817790
|move|p1a: Blaziken|Close Combat|p2a: Haxorus
|-crit|p2a: Haxorus
|-damage|p2a: Haxorus|0 fnt
|-unboost|p1a: Blaziken|def|1
|-unboost|p1a: Blaziken|spd|1
|faint|p2a: Haxorus
|
|-heal|p1a: Blaziken|33/100|[from] item: Leftovers
|-ability|p1a: Blaziken|Speed Boost|boost
|-boost|p1a: Blaziken|spe|1
|upkeep
|
|t:|1757817793
|switch|p2a: Great Tusk|Great Tusk|100/100
|turn|15
|
|t:|1757817799
|switch|p1a: Alomomola|Alomomola, F|68/100
|move|p2a: Great Tusk|Headlong Rush|p1a: Alomomola
|-damage|p1a: Alomomola|33/100
|-unboost|p2a: Great Tusk|def|1
|-unboost|p2a: Great Tusk|spd|1
|-damage|p2a: Great Tusk|84/100|[from] item: Rocky Helmet|[of] p1a: Alomomola
|
|upkeep
|turn|16
|
|t:|1757817803
|-end|p2a: Great Tusk|Protosynthesis|[silent]
|switch|p2a: Slaking|Slaking, F|100/100
|move|p1a: Alomomola|Scald|p2a: Slaking
|-damage|p2a: Slaking|86/100
|
|upkeep
|turn|17
|
|t:|1757817808
|move|p1a: Alomomola|Protect|p1a: Alomomola
|-singleturn|p1a: Alomomola|Protect
|move|p2a: Slaking|Earthquake|p1a: Alomomola
|-activate|p1a: Alomomola|move: Protect
|
|upkeep
|turn|18
|
|t:|1757817810
|switch|p2a: Great Tusk|Great Tusk|84/100
|move|p1a: Alomomola|Wish|p1a: Alomomola
|
|upkeep
|turn|19
|
|t:|1757817815
|move|p1a: Alomomola|Protect|p1a: Alomomola
|-singleturn|p1a: Alomomola|Protect
|move|p2a: Great Tusk|Bulk Up|p2a: Great Tusk
|-boost|p2a: Great Tusk|atk|1
|-boost|p2a: Great Tusk|def|1
|
|-heal|p1a: Alomomola|83/100|[from] move: Wish|[wisher] Alomomola
|upkeep
|turn|20
|
|t:|1757817818
|move|p2a: Great Tusk|Bulk Up|p2a: Great Tusk
|-boost|p2a: Great Tusk|atk|1
|-boost|p2a: Great Tusk|def|1
|move|p1a: Alomomola|Scald|p2a: Great Tusk
|-supereffective|p2a: Great Tusk
|-damage|p2a: Great Tusk|40/100
|-enditem|p2a: Great Tusk|Sitrus Berry|[eat]
|-heal|p2a: Great Tusk|65/100|[from] item: Sitrus Berry
|
|upkeep
|turn|21
|
|t:|1757817821
|move|p2a: Great Tusk|Bulk Up|p2a: Great Tusk
|-boost|p2a: Great Tusk|atk|1
|-boost|p2a: Great Tusk|def|1
|move|p1a: Alomomola|Scald|p2a: Great Tusk
|-supereffective|p2a: Great Tusk
|-damage|p2a: Great Tusk|21/100
|
|upkeep
|turn|22
|
|t:|1757817825
|move|p2a: Great Tusk|Headlong Rush|p1a: Alomomola
|-damage|p1a: Alomomola|0 fnt
|-unboost|p2a: Great Tusk|def|1
|-unboost|p2a: Great Tusk|spd|1
|-damage|p2a: Great Tusk|5/100|[from] item: Rocky Helmet|[of] p1a: Alomomola
|faint|p1a: Alomomola
|
|upkeep
|
|t:|1757817830
|switch|p1a: Darkrai|Darkrai, tera:Ghost|100/100
|turn|23
|
|t:|1757817833
|move|p1a: Darkrai|Ice Beam|p2a: Great Tusk
|-supereffective|p2a: Great Tusk
|-damage|p2a: Great Tusk|0 fnt
|faint|p2a: Great Tusk
|-end|p2a: Great Tusk|Protosynthesis|[silent]
|
|upkeep
|
|t:|1757817835
|switch|p2a: Glastrier|Glastrier|100/100
|turn|24
|
|t:|1757817840
|move|p1a: Darkrai|Knock Off|p2a: Glastrier
|-damage|p2a: Glastrier|81/100
|-enditem|p2a: Glastrier|Quick Claw|[from] move: Knock Off|[of] p1a: Darkrai
|move|p2a: Glastrier|Icicle Crash|p1a: Darkrai
|-damage|p1a: Darkrai|31/100
|
|upkeep
|turn|25
|
|t:|1757817845
|move|p1a: Darkrai|Focus Blast|p2a: Glastrier
|-supereffective|p2a: Glastrier
|-damage|p2a: Glastrier|17/100
|move|p2a: Glastrier|Icicle Crash|p1a: Darkrai
|-damage|p1a: Darkrai|0 fnt
|faint|p1a: Darkrai
|-ability|p2a: Glastrier|Chilling Neigh|boost
|-boost|p2a: Glastrier|atk|1
|
|upkeep
|
|t:|1757817848
|switch|p1a: Blaziken|Blaziken, F, shiny|33/100
|turn|26
|
|t:|1757817853
|move|p1a: Blaziken|Flare Blitz|p2a: Glastrier
|-supereffective|p2a: Glastrier
|-damage|p2a: Glastrier|0 fnt
|faint|p2a: Glastrier
|-damage|p1a: Blaziken|26/100|[from] Recoil
|
|-heal|p1a: Blaziken|32/100|[from] item: Leftovers
|-ability|p1a: Blaziken|Speed Boost|boost
|-boost|p1a: Blaziken|spe|1
|upkeep
|
|t:|1757817854
|switch|p2a: Slaking|Slaking, F|86/100
|turn|27
|-message|whichjuanz forfeited.
|
|win|The_Powerz
|raw|The_Powerz's rating: 1329 &rarr; <strong>1349</strong><br />(+20 for winning)
|raw|whichjuanz's rating: 1323 &rarr; <strong>1303</strong><br />(-20 for losing)
|l|☆whichjuanz
|player|p2|
|l|☆The_Powerz
|player|p1|
