|j|☆TruckingMaggot
|j|☆Ozymandias89
|t:|1757793377
|gametype|singles
|player|p1|TruckingMaggot|1|1151
|player|p2|Ozymandias89|pokemonranger-gen4|1199
|gen|9
|tier|[Gen 9] OU
|rated|
|rule|HP Percentage Mod: HP is shown in percentages
|rule|Endless Battle Clause: Forcing endless battles is banned
|rule|Species Clause: Limit one of each Pokémon
|rule|OHKO Clause: OHKO moves are banned
|rule|Evasion Items Clause: Evasion items are banned
|rule|Evasion Moves Clause: Evasion moves are banned
|rule|Evasion Abilities Clause: Evasion abilities are banned
|rule|Sleep Moves Clause: Sleep-inducing moves are banned
|clearpoke
|poke|p1|Emboar, M|
|poke|p1|Tyranitar, M|
|poke|p1|Dondozo, M|
|poke|p1|Landorus-Therian, M|
|poke|p1|Dragapult, F|
|poke|p1|Tsareena, F|
|poke|p2|Quaquaval, M|
|poke|p2|Dragonite, F|
|poke|p2|Garganacl, M|
|poke|p2|Gholdengo|
|poke|p2|Zapdos|
|poke|p2|Iron Moth|
|teampreview
|
|t:|1757793385
|teamsize|p1|6
|teamsize|p2|6
|start
|switch|p1a: Meteor|Emboar, M, shiny|100/100
|switch|p2a: Zapdos|Zapdos|100/100
|turn|1
|inactive|Battle timer is ON: inactive players will automatically lose when time's up. (requested by Ozymandias89)
|
|t:|1757793391
|switch|p1a: Tyranitar|Tyranitar, M|100/100
|-weather|Sandstorm|[from] ability: Sand Stream|[of] p1a: Tyranitar
|move|p2a: Zapdos|Hurricane|p1a: Tyranitar|[miss]
|-miss|p2a: Zapdos|p1a: Tyranitar
|
|-weather|Sandstorm|[upkeep]
|-damage|p2a: Zapdos|94/100|[from] Sandstorm
|-heal|p2a: Zapdos|100/100|[from] item: Leftovers
|upkeep
|turn|2
|
|t:|1757793401
|move|p2a: Zapdos|Thunder Wave|p1a: Tyranitar
|-status|p1a: Tyranitar|par
|move|p1a: Tyranitar|Ice Beam|p2a: Zapdos
|-supereffective|p2a: Zapdos
|-damage|p2a: Zapdos|48/100
|
|-weather|Sandstorm|[upkeep]
|-damage|p2a: Zapdos|42/100|[from] Sandstorm
|-heal|p2a: Zapdos|48/100|[from] item: Leftovers
|upkeep
|turn|3
|
|t:|1757793415
|switch|p2a: Quaquaval|Quaquaval, M|100/100
|move|p1a: Tyranitar|Rock Slide|p2a: Quaquaval
|-resisted|p2a: Quaquaval
|-damage|p2a: Quaquaval|77/100
|
|-weather|Sandstorm|[upkeep]
|-damage|p2a: Quaquaval|71/100|[from] Sandstorm
|upkeep
|turn|4
|
|t:|1757793423
|switch|p1a: Dondozo|Dondozo, M|100/100
|move|p2a: Quaquaval|Aqua Step|p1a: Dondozo
|-resisted|p1a: Dondozo
|-damage|p1a: Dondozo|87/100
|-boost|p2a: Quaquaval|spe|1
|-damage|p2a: Quaquaval|54/100|[from] item: Rocky Helmet|[of] p1a: Dondozo
|
|-weather|Sandstorm|[upkeep]
|-damage|p2a: Quaquaval|48/100|[from] Sandstorm
|-damage|p1a: Dondozo|81/100|[from] Sandstorm
|upkeep
|turn|5
|
|t:|1757793441
|switch|p2a: Gholdengo|Gholdengo|100/100
|move|p1a: Dondozo|Crunch|p2a: Gholdengo
|-supereffective|p2a: Gholdengo
|-damage|p2a: Gholdengo|58/100
|
|-weather|none
|upkeep
|turn|6
|
|t:|1757793456
|switch|p1a: Tyranitar|Tyranitar, M|100/100 par
|-weather|Sandstorm|[from] ability: Sand Stream|[of] p1a: Tyranitar
|move|p2a: Gholdengo|Make It Rain|p1a: Tyranitar
|-supereffective|p1a: Tyranitar
|-damage|p1a: Tyranitar|46/100 par
|-unboost|p2a: Gholdengo|spa|1
|
|-weather|Sandstorm|[upkeep]
|upkeep
|turn|7
|
|t:|1757793466
|move|p2a: Gholdengo|Make It Rain|p1a: Tyranitar
|-supereffective|p1a: Tyranitar
|-damage|p1a: Tyranitar|9/100 par
|-unboost|p2a: Gholdengo|spa|1
|move|p1a: Tyranitar|Knock Off|p2a: Gholdengo
|-supereffective|p2a: Gholdengo
|-damage|p2a: Gholdengo|0 fnt
|-enditem|p2a: Gholdengo|Choice Specs|[from] move: Knock Off|[of] p1a: Tyranitar
|faint|p2a: Gholdengo
|
|-weather|Sandstorm|[upkeep]
|upkeep
|
|t:|1757793478
|switch|p2a: Quaquaval|Quaquaval, M|48/100
|turn|8
|
|t:|1757793480
|switch|p1a: Dondozo|Dondozo, M|81/100
|move|p2a: Quaquaval|Aqua Step|p1a: Dondozo
|-resisted|p1a: Dondozo
|-damage|p1a: Dondozo|66/100
|-boost|p2a: Quaquaval|spe|1
|-damage|p2a: Quaquaval|32/100|[from] item: Rocky Helmet|[of] p1a: Dondozo
|
|-weather|Sandstorm|[upkeep]
|-damage|p2a: Quaquaval|26/100|[from] Sandstorm
|-damage|p1a: Dondozo|60/100|[from] Sandstorm
|upkeep
|turn|9
|
|t:|1757793494
|switch|p2a: Garganacl|Garganacl, M|100/100
|move|p1a: Dondozo|Avalanche|p2a: Garganacl
|-damage|p2a: Garganacl|93/100
|
|-weather|Sandstorm|[upkeep]
|-damage|p1a: Dondozo|54/100|[from] Sandstorm
|-heal|p2a: Garganacl|99/100|[from] item: Leftovers
|upkeep
|turn|10
|
|t:|1757793504
|switch|p1a: Landorus|Landorus-Therian, M|100/100
|-ability|p1a: Landorus|Intimidate|boost
|-unboost|p2a: Garganacl|atk|1
|move|p2a: Garganacl|Stealth Rock|p1a: Landorus
|-sidestart|p1: TruckingMaggot|move: Stealth Rock
|
|-weather|none
|-heal|p2a: Garganacl|100/100|[from] item: Leftovers
|upkeep
|turn|11
|
|t:|1757793511
|move|p1a: Landorus|Stealth Rock|p2a: Garganacl
|-sidestart|p2: Ozymandias89|move: Stealth Rock
|move|p2a: Garganacl|Salt Cure|p1a: Landorus
|-damage|p1a: Landorus|88/100
|-start|p1a: Landorus|Salt Cure
|
|-damage|p1a: Landorus|76/100|[from] Salt Cure
|upkeep
|turn|12
|
|t:|1757793522
|-terastallize|p2a: Garganacl|Water
|move|p1a: Landorus|U-turn|p2a: Garganacl
|-damage|p2a: Garganacl|87/100
|
|t:|1757793527
|switch|p1a: Tsareena|Tsareena, F|100/100|[from] U-turn
|move|p2a: Garganacl|Salt Cure|p1a: Tsareena
|-damage|p1a: Tsareena|91/100
|-start|p1a: Tsareena|Salt Cure
|
|-heal|p2a: Garganacl|93/100|[from] item: Leftovers
|-damage|p1a: Tsareena|79/100|[from] Salt Cure
|upkeep
|turn|13
|
|t:|1757793541
|move|p1a: Tsareena|Seed Bomb|p2a: Garganacl
|-supereffective|p2a: Garganacl
|-damage|p2a: Garganacl|56/100
|move|p2a: Garganacl|Recover|p2a: Garganacl
|-heal|p2a: Garganacl|100/100
|
|-damage|p1a: Tsareena|66/100|[from] Salt Cure
|upkeep
|turn|14
|
|t:|1757793548
|move|p1a: Tsareena|Knock Off|p2a: Garganacl
|-damage|p2a: Garganacl|83/100
|-enditem|p2a: Garganacl|Leftovers|[from] move: Knock Off|[of] p1a: Tsareena
|move|p2a: Garganacl|Salt Cure|p1a: Tsareena
|-damage|p1a: Tsareena|58/100
|
|-damage|p1a: Tsareena|46/100|[from] Salt Cure
|upkeep
|turn|15
|
|t:|1757793561
|move|p1a: Tsareena|Rapid Spin|p2a: Garganacl
|-damage|p2a: Garganacl|75/100
|-boost|p1a: Tsareena|spe|1
|-sideend|p1: TruckingMaggot|Stealth Rock|[from] move: Rapid Spin|[of] p1a: Tsareena
|move|p2a: Garganacl|Recover|p2a: Garganacl
|-heal|p2a: Garganacl|100/100
|
|-damage|p1a: Tsareena|33/100|[from] Salt Cure
|upkeep
|turn|16
|
|t:|1757793569
|switch|p1a: Meteor|Emboar, M, shiny|100/100
|move|p2a: Garganacl|Stealth Rock|p1a: Meteor
|-sidestart|p1: TruckingMaggot|move: Stealth Rock
|
|upkeep
|turn|17
|
|t:|1757793574
|move|p1a: Meteor|Bulk Up|p1a: Meteor
|-boost|p1a: Meteor|atk|1
|-boost|p1a: Meteor|def|1
|move|p2a: Garganacl|Salt Cure|p1a: Meteor
|-crit|p1a: Meteor
|-damage|p1a: Meteor|83/100
|-start|p1a: Meteor|Salt Cure
|
|-heal|p1a: Meteor|90/100|[from] item: Leftovers
|-damage|p1a: Meteor|77/100|[from] Salt Cure
|upkeep
|turn|18
|
|t:|1757793590
|move|p1a: Meteor|Bulk Up|p1a: Meteor
|-boost|p1a: Meteor|atk|1
|-boost|p1a: Meteor|def|1
|move|p2a: Garganacl|Salt Cure|p1a: Meteor
|-damage|p1a: Meteor|73/100
|
|-heal|p1a: Meteor|80/100|[from] item: Leftovers
|-damage|p1a: Meteor|67/100|[from] Salt Cure
|upkeep
|turn|19
|
|t:|1757793599
|move|p1a: Meteor|Drain Punch|p2a: Garganacl
|-damage|p2a: Garganacl|70/100
|-heal|p1a: Meteor|83/100|[from] drain|[of] p2a: Garganacl
|move|p2a: Garganacl|Earthquake|p1a: Meteor
|-supereffective|p1a: Meteor
|-damage|p1a: Meteor|71/100
|
|-heal|p1a: Meteor|78/100|[from] item: Leftovers
|-damage|p1a: Meteor|65/100|[from] Salt Cure
|upkeep
|turn|20
|
|t:|1757793610
|move|p1a: Meteor|Bulk Up|p1a: Meteor
|-boost|p1a: Meteor|atk|1
|-boost|p1a: Meteor|def|1
|move|p2a: Garganacl|Earthquake|p1a: Meteor
|-supereffective|p1a: Meteor
|-damage|p1a: Meteor|55/100
|
|-heal|p1a: Meteor|61/100|[from] item: Leftovers
|-damage|p1a: Meteor|49/100|[from] Salt Cure
|upkeep
|turn|21
|
|t:|1757793619
|move|p1a: Meteor|Drain Punch|p2a: Garganacl
|-damage|p2a: Garganacl|29/100
|-heal|p1a: Meteor|71/100|[from] drain|[of] p2a: Garganacl
|move|p2a: Garganacl|Recover|p2a: Garganacl
|-heal|p2a: Garganacl|79/100
|
|-heal|p1a: Meteor|77/100|[from] item: Leftovers
|-damage|p1a: Meteor|64/100|[from] Salt Cure
|upkeep
|turn|22
|
|t:|1757793631
|move|p1a: Meteor|Bulk Up|p1a: Meteor
|-boost|p1a: Meteor|atk|1
|-boost|p1a: Meteor|def|1
|move|p2a: Garganacl|Earthquake|p1a: Meteor
|-supereffective|p1a: Meteor
|-damage|p1a: Meteor|55/100
|
|-heal|p1a: Meteor|61/100|[from] item: Leftovers
|-damage|p1a: Meteor|49/100|[from] Salt Cure
|upkeep
|turn|23
|
|t:|1757793646
|move|p1a: Meteor|Drain Punch|p2a: Garganacl
|-damage|p2a: Garganacl|31/100
|-heal|p1a: Meteor|74/100|[from] drain|[of] p2a: Garganacl
|move|p2a: Garganacl|Recover|p2a: Garganacl
|-heal|p2a: Garganacl|81/100
|
|-heal|p1a: Meteor|80/100|[from] item: Leftovers
|-damage|p1a: Meteor|68/100|[from] Salt Cure
|upkeep
|turn|24
|
|t:|1757793659
|move|p1a: Meteor|Drain Punch|p2a: Garganacl
|-damage|p2a: Garganacl|29/100
|-heal|p1a: Meteor|95/100|[from] drain|[of] p2a: Garganacl
|move|p2a: Garganacl|Earthquake|p1a: Meteor
|-supereffective|p1a: Meteor
|-damage|p1a: Meteor|87/100
|
|-heal|p1a: Meteor|93/100|[from] item: Leftovers
|-damage|p1a: Meteor|80/100|[from] Salt Cure
|upkeep
|turn|25
|
|t:|1757793670
|move|p1a: Meteor|Bulk Up|p1a: Meteor
|-boost|p1a: Meteor|atk|1
|-boost|p1a: Meteor|def|1
|move|p2a: Garganacl|Recover|p2a: Garganacl
|-heal|p2a: Garganacl|79/100
|
|-heal|p1a: Meteor|87/100|[from] item: Leftovers
|-damage|p1a: Meteor|74/100|[from] Salt Cure
|upkeep
|turn|26
|
|t:|1757793681
|-terastallize|p1a: Meteor|Fire
|move|p1a: Meteor|Flame Charge|p2a: Garganacl
|-resisted|p2a: Garganacl
|-damage|p2a: Garganacl|49/100
|-boost|p1a: Meteor|spe|1
|move|p2a: Garganacl|Recover|p2a: Garganacl
|-heal|p2a: Garganacl|99/100
|
|-heal|p1a: Meteor|80/100|[from] item: Leftovers
|-damage|p1a: Meteor|68/100|[from] Salt Cure
|upkeep
|turn|27
|
|t:|1757793700
|move|p1a: Meteor|Flame Charge|p2a: Garganacl
|-resisted|p2a: Garganacl
|-damage|p2a: Garganacl|70/100
|-boost|p1a: Meteor|spe|1
|move|p2a: Garganacl|Earthquake|p1a: Meteor
|-supereffective|p1a: Meteor
|-damage|p1a: Meteor|60/100
|
|-heal|p1a: Meteor|66/100|[from] item: Leftovers
|-damage|p1a: Meteor|53/100|[from] Salt Cure
|upkeep
|turn|28
|
|t:|1757793711
|move|p1a: Meteor|Drain Punch|p2a: Garganacl
|-damage|p2a: Garganacl|17/100
|-heal|p1a: Meteor|81/100|[from] drain|[of] p2a: Garganacl
|move|p2a: Garganacl|Recover|p2a: Garganacl
|-heal|p2a: Garganacl|67/100
|
|-heal|p1a: Meteor|87/100|[from] item: Leftovers
|-damage|p1a: Meteor|75/100|[from] Salt Cure
|upkeep
|turn|29
|
|t:|1757793721
|move|p1a: Meteor|Bulk Up|p1a: Meteor
|-boost|p1a: Meteor|atk|1
|-boost|p1a: Meteor|def|1
|move|p2a: Garganacl|Recover|p2a: Garganacl
|-heal|p2a: Garganacl|100/100
|
|-heal|p1a: Meteor|81/100|[from] item: Leftovers
|-damage|p1a: Meteor|69/100|[from] Salt Cure
|upkeep
|turn|30
|
|t:|1757793740
|move|p1a: Meteor|Flame Charge|p2a: Garganacl
|-resisted|p2a: Garganacl
|-damage|p2a: Garganacl|63/100
|-boost|p1a: Meteor|spe|1
|move|p2a: Garganacl|Earthquake|p1a: Meteor
|-supereffective|p1a: Meteor
|-damage|p1a: Meteor|62/100
|
|-heal|p1a: Meteor|68/100|[from] item: Leftovers
|-damage|p1a: Meteor|56/100|[from] Salt Cure
|upkeep
|turn|31
|
|t:|1757793751
|move|p1a: Meteor|Drain Punch|p2a: Garganacl
|-damage|p2a: Garganacl|0 fnt
|-heal|p1a: Meteor|89/100|[from] drain|[of] p2a: Garganacl
|faint|p2a: Garganacl
|
|-heal|p1a: Meteor|95/100|[from] item: Leftovers
|-damage|p1a: Meteor|82/100|[from] Salt Cure
|upkeep
|
|t:|1757793761
|switch|p2a: Quaquaval|Quaquaval, M|26/100
|-damage|p2a: Quaquaval|19/100|[from] Stealth Rock
|turn|32
|
|t:|1757793768
|move|p1a: Meteor|Drain Punch|p2a: Quaquaval
|-damage|p2a: Quaquaval|0 fnt
|-heal|p1a: Meteor|90/100|[from] drain|[of] p2a: Quaquaval
|faint|p2a: Quaquaval
|
|-heal|p1a: Meteor|96/100|[from] item: Leftovers
|-damage|p1a: Meteor|84/100|[from] Salt Cure
|upkeep
|
|t:|1757793775
|switch|p2a: Zapdos|Zapdos|48/100
|-damage|p2a: Zapdos|23/100|[from] Stealth Rock
|turn|33
|
|t:|1757793781
|move|p1a: Meteor|Flame Charge|p2a: Zapdos
|-damage|p2a: Zapdos|0 fnt
|-boost|p1a: Meteor|spe|1
|faint|p2a: Zapdos
|
|-heal|p1a: Meteor|90/100|[from] item: Leftovers
|-damage|p1a: Meteor|78/100|[from] Salt Cure
|upkeep
|
|t:|1757793789
|switch|p2a: Iron Moth|Iron Moth|100/100
|-damage|p2a: Iron Moth|76/100|[from] Stealth Rock
|-enditem|p2a: Iron Moth|Booster Energy
|-activate|p2a: Iron Moth|ability: Quark Drive|[fromitem]
|-start|p2a: Iron Moth|quarkdrivespa
|turn|34
|
|t:|1757793797
|move|p1a: Meteor|Sucker Punch|p2a: Iron Moth
|-damage|p2a: Iron Moth|0 fnt
|faint|p2a: Iron Moth
|-end|p2a: Iron Moth|Quark Drive|[silent]
|
|-heal|p1a: Meteor|84/100|[from] item: Leftovers
|-damage|p1a: Meteor|72/100|[from] Salt Cure
|upkeep
|
|t:|1757793803
|switch|p2a: Dragonite|Dragonite, F|100/100
|-damage|p2a: Dragonite|76/100|[from] Stealth Rock
|turn|35
|
|t:|1757793807
|move|p2a: Dragonite|Extreme Speed|p1a: Meteor
|-damage|p1a: Meteor|65/100
|move|p1a: Meteor|Sucker Punch||[still]
|-fail|p1a: Meteor
|
|-heal|p1a: Meteor|71/100|[from] item: Leftovers
|-damage|p1a: Meteor|58/100|[from] Salt Cure
|upkeep
|turn|36
|
|t:|1757793820
|move|p1a: Meteor|Drain Punch|p2a: Dragonite
|-resisted|p2a: Dragonite
|-damage|p2a: Dragonite|1/100
|-heal|p1a: Meteor|89/100|[from] drain|[of] p2a: Dragonite
|move|p2a: Dragonite|Dragon Dance|p2a: Dragonite
|-boost|p2a: Dragonite|atk|1
|-boost|p2a: Dragonite|spe|1
|
|-heal|p1a: Meteor|96/100|[from] item: Leftovers
|-damage|p1a: Meteor|83/100|[from] Salt Cure
|upkeep
|turn|37
|
|t:|1757793829
|move|p2a: Dragonite|Extreme Speed|p1a: Meteor
|-damage|p1a: Meteor|73/100
|move|p1a: Meteor|Drain Punch|p2a: Dragonite
|-resisted|p2a: Dragonite
|-damage|p2a: Dragonite|0 fnt
|-heal|p1a: Meteor|73/100|[from] drain|[of] p2a: Dragonite
|faint|p2a: Dragonite
|
|win|TruckingMaggot
|raw|TruckingMaggot's rating: 1151 &rarr; <strong>1179</strong><br />(+28 for winning)
|raw|Ozymandias89's rating: 1199 &rarr; <strong>1171</strong><br />(-28 for losing)
|l|☆Ozymandias89
|player|p2|
|c|☆TruckingMaggot|gg
