|j|☆Polgo
|j|☆delaynomorehiih666
|t:|1757860733
|gametype|singles
|player|p1|Polgo|swimmer-gen4|1090
|player|p2|delaynomorehiih666|gentleman-gen4|1086
|gen|9
|tier|[Gen 9] OU
|rated|
|rule|HP Percentage Mod: HP is shown in percentages
|rule|Endless Battle Clause: Forcing endless battles is banned
|rule|Species Clause: Limit one of each Pokémon
|rule|OHKO Clause: OHKO moves are banned
|rule|Evasion Items Clause: Evasion items are banned
|rule|Evasion Moves Clause: Evasion moves are banned
|rule|Evasion Abilities Clause: Evasion abilities are banned
|rule|Sleep Moves Clause: Sleep-inducing moves are banned
|clearpoke
|poke|p1|Krookodile, F|
|poke|p1|Ariados, F|
|poke|p1|Scrafty, F|
|poke|p1|Drifblim, M|
|poke|p1|Dewgong, F|
|poke|p2|Snorlax, M|
|poke|p2|Talonflame, M|
|poke|p2|Ninetales-Alola, F|
|poke|p2|Spiritomb, M|
|poke|p2|Gastrodon, F|
|poke|p2|Scyther, M|
|teampreview
|
|t:|1757860750
|teamsize|p1|5
|teamsize|p2|6
|start
|switch|p1a: Dewgong|Dewgong, F, shiny|100/100
|switch|p2a: Ninetales|Ninetales-Alola, F|100/100
|-weather|Snowscape|[from] ability: Snow Warning|[of] p2a: Ninetales
|turn|1
|inactive|Battle timer is ON: inactive players will automatically lose when time's up. (requested by delaynomorehiih666)
|
|t:|1757860759
|move|p2a: Ninetales|Aurora Veil|p2a: Ninetales
|-sidestart|p2: delaynomorehiih666|move: Aurora Veil
|move|p1a: Dewgong|Whirlpool|p2a: Ninetales|[miss]
|-miss|p1a: Dewgong|p2a: Ninetales
|
|-weather|Snowscape|[upkeep]
|upkeep
|turn|2
|
|t:|1757860772
|switch|p2a: Gastrodon|Gastrodon, F|100/100
|switch|p1a: Ariados|Ariados, F|100/100
|
|-weather|Snowscape|[upkeep]
|upkeep
|turn|3
|
|t:|1757860778
|switch|p2a: Scyther|Scyther, M|100/100
|move|p1a: Ariados|Toxic Thread|p2a: Scyther
|-unboost|p2a: Scyther|spe|1
|-status|p2a: Scyther|psn
|
|-weather|Snowscape|[upkeep]
|-damage|p2a: Scyther|88/100 psn|[from] psn
|upkeep
|turn|4
|
|t:|1757860790
|move|p2a: Scyther|Dual Wingbeat|p1a: Ariados
|-supereffective|p1a: Ariados
|-damage|p1a: Ariados|22/100
|-supereffective|p1a: Ariados
|-damage|p1a: Ariados|0 fnt
|faint|p1a: Ariados
|-hitcount|p1: Ariados|2
|
|-weather|Snowscape|[upkeep]
|-damage|p2a: Scyther|76/100 psn|[from] psn
|upkeep
|
|t:|1757860801
|switch|p1a: Dewgong|Dewgong, F, shiny|100/100
|turn|5
|
|t:|1757860809
|move|p1a: Dewgong|Fake Out|p2a: Scyther
|-damage|p2a: Scyther|72/100 psn
|cant|p2a: Scyther|flinch
|
|-weather|none
|-damage|p2a: Scyther|60/100 psn|[from] psn
|upkeep
|turn|6
|
|t:|1757860818
|move|p2a: Scyther|Trailblaze|p1a: Dewgong
|-supereffective|p1a: Dewgong
|-damage|p1a: Dewgong|54/100
|-boost|p2a: Scyther|spe|1
|move|p1a: Dewgong|Flip Turn|p2a: Scyther
|-damage|p2a: Scyther|53/100 psn
|
|t:|1757860836
|switch|p1a: Drifblim|Drifblim, M, shiny|100/100|[from] Flip Turn
|
|-damage|p2a: Scyther|41/100 psn|[from] psn
|-status|p1a: Drifblim|brn|[from] item: Flame Orb
|upkeep
|turn|7
|
|t:|1757860843
|move|p2a: Scyther|Swords Dance|p2a: Scyther
|-boost|p2a: Scyther|atk|2
|move|p1a: Drifblim|Strength Sap|p2a: Scyther
|-unboost|p2a: Scyther|atk|1
|
|-damage|p2a: Scyther|28/100 psn|[from] psn
|-damage|p1a: Drifblim|94/100 brn|[from] brn
|upkeep
|turn|8
|
|t:|1757860852
|move|p2a: Scyther|Dual Wingbeat|p1a: Drifblim
|-damage|p1a: Drifblim|39/100 brn
|-damage|p1a: Drifblim|0 fnt
|faint|p1a: Drifblim
|-hitcount|p1: Drifblim|2
|
|-damage|p2a: Scyther|16/100 psn|[from] psn
|-sideend|p2: delaynomorehiih666|move: Aurora Veil
|upkeep
|-message|Polgo forfeited.
|
|win|delaynomorehiih666
|raw|Polgo's rating: 1090 &rarr; <strong>1066</strong><br />(-24 for losing)
|raw|delaynomorehiih666's rating: 1086 &rarr; <strong>1113</strong><br />(+27 for winning)
|l|☆Polgo
|player|p1|
|l|☆delaynomorehiih666
|player|p2|
