|j|☆C_est_Zar
|j|☆pipiorkata 2
|t:|1757863395
|gametype|singles
|player|p1|C_est_Zar|hilbert|1125
|player|p2|pipiorkata 2|102|1126
|gen|9
|tier|[Gen 9] OU
|rated|
|rule|HP Percentage Mod: HP is shown in percentages
|rule|Endless Battle Clause: Forcing endless battles is banned
|rule|Species Clause: Limit one of each Pokémon
|rule|OHKO Clause: OHKO moves are banned
|rule|Evasion Items Clause: Evasion items are banned
|rule|Evasion Moves Clause: Evasion moves are banned
|rule|Evasion Abilities Clause: Evasion abilities are banned
|rule|Sleep Moves Clause: Sleep-inducing moves are banned
|clearpoke
|poke|p1|Great Tusk|
|poke|p1|Slowking-Galar, F|
|poke|p1|Alomomola, M|
|poke|p1|Kingambit, M|
|poke|p1|Dragapult, M|
|poke|p1|Toucannon, M|
|poke|p2|Araquanid, F|
|poke|p2|Kingambit, M|
|poke|p2|Bisharp, M|
|poke|p2|Dragonite, M|
|poke|p2|Gliscor, M|
|poke|p2|Goodra, F|
|teampreview
|
|t:|1757863417
|teamsize|p1|6
|teamsize|p2|6
|start
|switch|p1a: Great Tusk|Great Tusk|100/100
|switch|p2a: Goodra|Goodra, F|100/100
|turn|1
|
|t:|1757863430
|move|p2a: Goodra|Draco Meteor|p1a: Great Tusk
|-damage|p1a: Great Tusk|20/100
|-unboost|p2a: Goodra|spa|2
|move|p1a: Great Tusk|Stealth Rock|p2a: Goodra
|-sidestart|p2: pipiorkata 2|move: Stealth Rock
|
|upkeep
|turn|2
|
|t:|1757863440
|-end|p1a: Great Tusk|Protosynthesis|[silent]
|switch|p1a: Slowking|Slowking-Galar, F|100/100
|move|p2a: Goodra|Draco Meteor|p1a: Slowking
|-damage|p1a: Slowking|83/100
|-unboost|p2a: Goodra|spa|2
|
|upkeep
|turn|3
|
|t:|1757863462
|switch|p2a: Araquanid|Araquanid, F|100/100
|move|p1a: Slowking|Flamethrower|p2a: Araquanid
|-damage|p2a: Araquanid|92/100
|
|upkeep
|turn|4
|
|t:|1757863481
|move|p2a: Araquanid|Sticky Web|p1a: Slowking
|-sidestart|p1: C_est_Zar|move: Sticky Web
|move|p1a: Slowking|Thunder Wave|p2a: Araquanid
|-status|p2a: Araquanid|par
|
|upkeep
|turn|5
|
|t:|1757863489
|switch|p1a: Alomomola|Alomomola, M|100/100
|move|p2a: Araquanid|Reflect|p2a: Araquanid
|-sidestart|p2: pipiorkata 2|Reflect
|
|upkeep
|turn|6
|
|t:|1757863498
|move|p1a: Alomomola|Wish|p1a: Alomomola
|move|p2a: Araquanid|Liquidation|p1a: Alomomola
|-resisted|p1a: Alomomola
|-damage|p1a: Alomomola|83/100
|
|upkeep
|turn|7
|
|t:|1757863596
|move|p1a: Alomomola|Flip Turn|p2a: Araquanid
|-resisted|p2a: Araquanid
|-damage|p2a: Araquanid|88/100 par
|
|t:|1757863600
|switch|p1a: Toucannon|Toucannon, M|100/100|[from] Flip Turn
|move|p2a: Araquanid|Liquidation|p1a: Toucannon
|-damage|p1a: Toucannon|13/100
|-unboost|p1a: Toucannon|def|1
|
|-heal|p1a: Toucannon|100/100|[from] move: Wish|[wisher] Alomomola
|upkeep
|turn|8
|
|t:|1757863624
|switch|p1a: Slowking|Slowking-Galar, F|100/100
|cant|p2a: Araquanid|par
|
|upkeep
|turn|9
|
|t:|1757863633
|move|p2a: Araquanid|Liquidation|p1a: Slowking
|-damage|p1a: Slowking|38/100
|move|p1a: Slowking|Sludge Bomb|p2a: Araquanid
|-damage|p2a: Araquanid|62/100 par
|
|-sideend|p2: pipiorkata 2|Reflect
|upkeep
|turn|10
|
|t:|1757863642
|switch|p1a: Alomomola|Alomomola, M|100/100
|move|p2a: Araquanid|Liquidation|p1a: Alomomola
|-resisted|p1a: Alomomola
|-damage|p1a: Alomomola|82/100
|
|upkeep
|turn|11
|
|t:|1757863649
|move|p1a: Alomomola|Wish|p1a: Alomomola
|move|p2a: Araquanid|Reflect|p2a: Araquanid
|-sidestart|p2: pipiorkata 2|Reflect
|
|upkeep
|turn|12
|
|t:|1757863660
|switch|p1a: Slowking|Slowking-Galar, F|71/100
|switch|p2a: Gliscor|Gliscor, M|100/100
|-damage|p2a: Gliscor|88/100|[from] Stealth Rock
|
|-heal|p1a: Slowking|100/100|[from] move: Wish|[wisher] Alomomola
|-status|p2a: Gliscor|tox|[from] item: Toxic Orb
|upkeep
|turn|13
|
|t:|1757863698
|move|p2a: Gliscor|Stealth Rock|p1a: Slowking
|-sidestart|p1: C_est_Zar|move: Stealth Rock
|-prepare|p1a: Slowking|Chilly Reception|[premajor]
|move|p1a: Slowking|Chilly Reception|p1a: Slowking
|-weather|Snowscape
|
|t:|1757863703
|switch|p1a: Great Tusk|Great Tusk|20/100|[from] Chilly Reception
|-activate|p1a: Great Tusk|move: Sticky Web
|-unboost|p1a: Great Tusk|spe|1
|-damage|p1a: Great Tusk|17/100|[from] Stealth Rock
|
|-weather|Snowscape|[upkeep]
|-heal|p2a: Gliscor|100/100 tox|[from] ability: Poison Heal
|upkeep
|turn|14
|
|t:|1757863719
|-end|p1a: Great Tusk|Protosynthesis|[silent]
|switch|p1a: Alomomola|Alomomola, M|100/100
|move|p2a: Gliscor|Acrobatics|p1a: Alomomola
|-damage|p1a: Alomomola|88/100
|
|-weather|Snowscape|[upkeep]
|upkeep
|turn|15
|
|t:|1757863728
|move|p2a: Gliscor|U-turn|p1a: Alomomola
|-damage|p1a: Alomomola|76/100
|
|t:|1757863738
|switch|p2a: Araquanid|Araquanid, F|62/100 par|[from] U-turn
|move|p1a: Alomomola|Wish|p1a: Alomomola
|
|-weather|Snowscape|[upkeep]
|-sideend|p2: pipiorkata 2|Reflect
|upkeep
|turn|16
|
|t:|1757863747
|switch|p1a: Great Tusk|Great Tusk|17/100
|-activate|p1a: Great Tusk|move: Sticky Web
|-unboost|p1a: Great Tusk|spe|1
|-damage|p1a: Great Tusk|14/100|[from] Stealth Rock
|move|p2a: Araquanid|Reflect|p2a: Araquanid
|-sidestart|p2: pipiorkata 2|Reflect
|
|-weather|Snowscape|[upkeep]
|-heal|p1a: Great Tusk|76/100|[from] move: Wish|[wisher] Alomomola
|upkeep
|turn|17
|
|t:|1757863759
|-end|p1a: Great Tusk|Protosynthesis|[silent]
|switch|p1a: Alomomola|Alomomola, M|100/100
|move|p2a: Araquanid|Liquidation|p1a: Alomomola
|-resisted|p1a: Alomomola
|-damage|p1a: Alomomola|83/100
|
|-weather|none
|upkeep
|turn|18
|
|t:|1757863776
|move|p1a: Alomomola|Wish|p1a: Alomomola
|move|p2a: Araquanid|Liquidation|p1a: Alomomola
|-resisted|p1a: Alomomola
|-damage|p1a: Alomomola|67/100
|-unboost|p1a: Alomomola|def|1
|
|upkeep
|turn|19
|
|t:|1757863788
|move|p1a: Alomomola|Scald|p2a: Araquanid
|-resisted|p2a: Araquanid
|-damage|p2a: Araquanid|57/100 par
|move|p2a: Araquanid|Liquidation|p1a: Alomomola
|-resisted|p1a: Alomomola
|-damage|p1a: Alomomola|41/100
|
|-heal|p1a: Alomomola|91/100|[from] move: Wish|[wisher] Alomomola
|upkeep
|turn|20
|
|t:|1757863799
|move|p1a: Alomomola|Wish|p1a: Alomomola
|move|p2a: Araquanid|Liquidation|p1a: Alomomola
|-resisted|p1a: Alomomola
|-damage|p1a: Alomomola|66/100
|
|-sideend|p2: pipiorkata 2|Reflect
|upkeep
|turn|21
|
|t:|1757863808
|move|p1a: Alomomola|Scald|p2a: Araquanid
|-resisted|p2a: Araquanid
|-damage|p2a: Araquanid|51/100 par
|move|p2a: Araquanid|Liquidation|p1a: Alomomola
|-resisted|p1a: Alomomola
|-damage|p1a: Alomomola|42/100
|
|-heal|p1a: Alomomola|92/100|[from] move: Wish|[wisher] Alomomola
|upkeep
|turn|22
|
|t:|1757863819
|move|p1a: Alomomola|Wish|p1a: Alomomola
|move|p2a: Araquanid|Reflect|p2a: Araquanid
|-sidestart|p2: pipiorkata 2|Reflect
|
|upkeep
|turn|23
|
|t:|1757863834
|switch|p2a: Goodra|Goodra, F|100/100
|-damage|p2a: Goodra|88/100|[from] Stealth Rock
|move|p1a: Alomomola|Scald|p2a: Goodra
|-resisted|p2a: Goodra
|-crit|p2a: Goodra
|-damage|p2a: Goodra|80/100
|-status|p2a: Goodra|brn
|
|-heal|p1a: Alomomola|100/100|[from] move: Wish|[wisher] Alomomola
|-damage|p2a: Goodra|74/100 brn|[from] brn
|upkeep
|turn|24
|
|t:|1757863862
|move|p2a: Goodra|Thunderbolt|p1a: Alomomola
|-supereffective|p1a: Alomomola
|-damage|p1a: Alomomola|39/100
|move|p1a: Alomomola|Wish|p1a: Alomomola
|
|-damage|p2a: Goodra|67/100 brn|[from] brn
|upkeep
|turn|25
|
|t:|1757863896
|switch|p2a: Araquanid|Araquanid, F|51/100 par
|switch|p1a: Great Tusk|Great Tusk|76/100
|-activate|p1a: Great Tusk|move: Sticky Web
|-unboost|p1a: Great Tusk|spe|1
|-damage|p1a: Great Tusk|73/100|[from] Stealth Rock
|
|-heal|p1a: Great Tusk|100/100|[from] move: Wish|[wisher] Alomomola
|upkeep
|turn|26
|
|t:|1757863926
|-end|p1a: Great Tusk|Protosynthesis|[silent]
|switch|p1a: Alomomola|Alomomola, M|72/100
|move|p2a: Araquanid|Liquidation|p1a: Alomomola
|-resisted|p1a: Alomomola
|-damage|p1a: Alomomola|56/100
|
|-sideend|p2: pipiorkata 2|Reflect
|upkeep
|turn|27
|
|t:|1757863938
|switch|p2a: Goodra|Goodra, F|67/100 brn
|-damage|p2a: Goodra|55/100 brn|[from] Stealth Rock
|move|p1a: Alomomola|Wish|p1a: Alomomola
|
|-damage|p2a: Goodra|49/100 brn|[from] brn
|upkeep
|turn|28
|
|t:|1757863947
|move|p1a: Alomomola|Protect|p1a: Alomomola
|-singleturn|p1a: Alomomola|Protect
|move|p2a: Goodra|Draco Meteor|p1a: Alomomola
|-activate|p1a: Alomomola|move: Protect
|
|-heal|p1a: Alomomola|100/100|[from] move: Wish|[wisher] Alomomola
|-damage|p2a: Goodra|43/100 brn|[from] brn
|upkeep
|turn|29
|
|t:|1757863959
|move|p2a: Goodra|Draco Meteor|p1a: Alomomola
|-damage|p1a: Alomomola|34/100
|-unboost|p2a: Goodra|spa|2
|move|p1a: Alomomola|Wish|p1a: Alomomola
|
|-damage|p2a: Goodra|36/100 brn|[from] brn
|upkeep
|turn|30
|
|t:|1757863967
|move|p1a: Alomomola|Protect|p1a: Alomomola
|-singleturn|p1a: Alomomola|Protect
|move|p2a: Goodra|Draco Meteor|p1a: Alomomola
|-activate|p1a: Alomomola|move: Protect
|
|-heal|p1a: Alomomola|84/100|[from] move: Wish|[wisher] Alomomola
|-damage|p2a: Goodra|30/100 brn|[from] brn
|upkeep
|turn|31
|
|t:|1757863978
|move|p2a: Goodra|Draco Meteor|p1a: Alomomola
|-damage|p1a: Alomomola|47/100
|-unboost|p2a: Goodra|spa|2
|move|p1a: Alomomola|Wish|p1a: Alomomola
|
|-damage|p2a: Goodra|24/100 brn|[from] brn
|upkeep
|turn|32
|
|t:|1757863987
|switch|p2a: Dragonite|Dragonite, M|100/100
|move|p1a: Alomomola|Protect||[still]
|-fail|p1a: Alomomola
|
|-heal|p1a: Alomomola|97/100|[from] move: Wish|[wisher] Alomomola
|upkeep
|turn|33
|
|t:|1757864019
|move|p2a: Dragonite|Dragon Dance|p2a: Dragonite
|-boost|p2a: Dragonite|atk|1
|-boost|p2a: Dragonite|spe|1
|move|p1a: Alomomola|Flip Turn|p2a: Dragonite
|-resisted|p2a: Dragonite
|-damage|p2a: Dragonite|92/100
|
|t:|1757864029
|switch|p1a: Great Tusk|Great Tusk|100/100|[from] Flip Turn
|-activate|p1a: Great Tusk|move: Sticky Web
|-unboost|p1a: Great Tusk|spe|1
|-damage|p1a: Great Tusk|98/100|[from] Stealth Rock
|
|upkeep
|turn|34
|
|t:|1757864041
|move|p2a: Dragonite|Dragon Dance|p2a: Dragonite
|-boost|p2a: Dragonite|atk|1
|-boost|p2a: Dragonite|spe|1
|move|p1a: Great Tusk|Ice Spinner|p2a: Dragonite
|-supereffective|p2a: Dragonite
|-damage|p2a: Dragonite|0 fnt
|faint|p2a: Dragonite
|
|upkeep
|
|t:|1757864050
|switch|p2a: Bisharp|Bisharp, M|100/100
|-damage|p2a: Bisharp|95/100|[from] Stealth Rock
|turn|35
|
|t:|1757864063
|-terastallize|p2a: Bisharp|Fire
|move|p1a: Great Tusk|Rapid Spin|p2a: Bisharp
|-damage|p2a: Bisharp|84/100
|-boost|p1a: Great Tusk|spe|1
|-sideend|p1: C_est_Zar|Stealth Rock|[from] move: Rapid Spin|[of] p1a: Great Tusk
|-sideend|p1: C_est_Zar|Sticky Web|[from] move: Rapid Spin|[of] p1a: Great Tusk
|move|p2a: Bisharp|Swords Dance|p2a: Bisharp
|-boost|p2a: Bisharp|atk|2
|
|upkeep
|turn|36
|
|t:|1757864077
|move|p2a: Bisharp|Sucker Punch|p1a: Great Tusk
|-resisted|p1a: Great Tusk
|-damage|p1a: Great Tusk|74/100
|-damage|p2a: Bisharp|68/100|[from] item: Rocky Helmet|[of] p1a: Great Tusk
|move|p1a: Great Tusk|Headlong Rush|p2a: Bisharp
|-supereffective|p2a: Bisharp
|-damage|p2a: Bisharp|0 fnt
|-unboost|p1a: Great Tusk|def|1
|-unboost|p1a: Great Tusk|spd|1
|faint|p2a: Bisharp
|
|upkeep
|-message|pipiorkata 2 forfeited.
|
|win|C_est_Zar
|raw|C_est_Zar's rating: 1125 &rarr; <strong>1150</strong><br />(+25 for winning)
|raw|pipiorkata 2's rating: 1126 &rarr; <strong>1101</strong><br />(-25 for losing)
|l|☆pipiorkata 2
|player|p2|
|l|☆C_est_Zar
|player|p1|
