|j|☆sandyclawzin
|j|☆models&baddies
|t:|1757786346
|gametype|singles
|player|p1|sandyclawzin|ruinmaniac|1516
|player|p2|models&baddies|benga|1482
|gen|9
|tier|[Gen 9] OU
|rated|
|rule|HP Percentage Mod: HP is shown in percentages
|rule|Endless Battle Clause: Forcing endless battles is banned
|rule|Species Clause: Limit one of each Pokémon
|rule|OHKO Clause: OHKO moves are banned
|rule|Evasion Items Clause: Evasion items are banned
|rule|Evasion Moves Clause: Evasion moves are banned
|rule|Evasion Abilities Clause: Evasion abilities are banned
|rule|Sleep Moves Clause: Sleep-inducing moves are banned
|clearpoke
|poke|p1|Tyranitar, F|
|poke|p1|Ogerpon-Wellspring, F|
|poke|p1|Great Tusk|
|poke|p1|Moltres|
|poke|p1|Okidogi, M|
|poke|p1|Dragapult, F|
|poke|p2|Rillaboom, M|
|poke|p2|Salazzle, F|
|poke|p2|Latias, F|
|poke|p2|Espeon, M|
|poke|p2|Milotic, M|
|poke|p2|Hitmontop, M|
|teampreview
|
|t:|1757786354
|teamsize|p1|6
|teamsize|p2|6
|start
|switch|p1a: Okidogi|Okidogi, M|100/100
|switch|p2a: Latias|Latias, F|100/100
|turn|1
|inactive|Battle timer is ON: inactive players will automatically lose when time's up. (requested by sandyclawzin)
|
|t:|1757786362
|switch|p1a: Tyranitar|Tyranitar, F|100/100
|-weather|Sandstorm|[from] ability: Sand Stream|[of] p1a: Tyranitar
|move|p2a: Latias|Thunder Wave|p1a: Tyranitar
|-status|p1a: Tyranitar|par
|
|-weather|Sandstorm|[upkeep]
|-damage|p2a: Latias|95/100|[from] Sandstorm
|upkeep
|turn|2
|
|t:|1757786371
|switch|p2a: Hitmontop|Hitmontop, M|100/100
|move|p1a: Tyranitar|Knock Off|p2a: Hitmontop
|-resisted|p2a: Hitmontop
|-crit|p2a: Hitmontop
|-damage|p2a: Hitmontop|62/100
|-enditem|p2a: Hitmontop|Protective Pads|[from] move: Knock Off|[of] p1a: Tyranitar
|
|-weather|Sandstorm|[upkeep]
|-damage|p2a: Hitmontop|56/100|[from] Sandstorm
|upkeep
|turn|3
|
|t:|1757786385
|switch|p1a: Moltres|Moltres|100/100
|move|p2a: Hitmontop|Triple Axel|p1a: Moltres
|-damage|p1a: Moltres|91/100
|-hitcount|p1a: Moltres|1
|
|-weather|Sandstorm|[upkeep]
|-damage|p1a: Moltres|85/100|[from] Sandstorm
|-damage|p2a: Hitmontop|50/100|[from] Sandstorm
|upkeep
|turn|4
|
|t:|1757786393
|switch|p2a: Milotic|Milotic, M|100/100
|move|p1a: Moltres|Overheat|p2a: Milotic
|-resisted|p2a: Milotic
|-damage|p2a: Milotic|86/100
|-unboost|p1a: Moltres|spa|2
|
|-weather|Sandstorm|[upkeep]
|-damage|p1a: Moltres|79/100|[from] Sandstorm
|-damage|p2a: Milotic|80/100|[from] Sandstorm
|-heal|p2a: Milotic|86/100|[from] item: Leftovers
|upkeep
|turn|5
|
|t:|1757786405
|switch|p2a: Rillaboom|Rillaboom, M|100/100
|-fieldstart|move: Grassy Terrain|[from] ability: Grassy Surge|[of] p2a: Rillaboom
|move|p1a: Moltres|U-turn|p2a: Rillaboom
|-supereffective|p2a: Rillaboom
|-damage|p2a: Rillaboom|67/100
|
|t:|1757786426
|switch|p1a: Okidogi|Okidogi, M|100/100|[from] U-turn
|
|-weather|none
|-heal|p2a: Rillaboom|74/100|[from] Grassy Terrain
|upkeep
|turn|6
|
|t:|1757786436
|switch|p2a: Salazzle|Salazzle, F|100/100
|move|p1a: Okidogi|Ice Punch|p2a: Salazzle
|-resisted|p2a: Salazzle
|-damage|p2a: Salazzle|83/100
|
|-heal|p2a: Salazzle|90/100|[from] Grassy Terrain
|-heal|p2a: Salazzle|96/100|[from] item: Leftovers
|upkeep
|turn|7
|
|t:|1757786445
|move|p2a: Salazzle|Toxic|p1a: Okidogi
|-status|p1a: Okidogi|tox
|move|p1a: Okidogi|Knock Off|p2a: Salazzle
|-crit|p2a: Salazzle
|-damage|p2a: Salazzle|29/100
|-enditem|p2a: Salazzle|Leftovers|[from] move: Knock Off|[of] p1a: Okidogi
|
|-heal|p2a: Salazzle|36/100|[from] Grassy Terrain
|-damage|p1a: Okidogi|94/100 tox|[from] psn
|upkeep
|turn|8
|
|t:|1757786455
|move|p2a: Salazzle|Protect|p2a: Salazzle
|-singleturn|p2a: Salazzle|Protect
|move|p1a: Okidogi|Drain Punch|p2a: Salazzle
|-activate|p2a: Salazzle|move: Protect
|
|-heal|p2a: Salazzle|42/100|[from] Grassy Terrain
|-heal|p1a: Okidogi|100/100 tox|[from] Grassy Terrain
|-damage|p1a: Okidogi|88/100 tox|[from] psn
|upkeep
|turn|9
|
|t:|1757786465
|move|p2a: Salazzle|Encore|p1a: Okidogi
|-start|p1a: Okidogi|Encore
|move|p1a: Okidogi|Drain Punch|p2a: Salazzle
|-resisted|p2a: Salazzle
|-damage|p2a: Salazzle|15/100
|-heal|p1a: Okidogi|100/100 tox|[from] drain|[of] p2a: Salazzle
|
|-heal|p2a: Salazzle|21/100|[from] Grassy Terrain
|-damage|p1a: Okidogi|82/100 tox|[from] psn
|upkeep
|turn|10
|
|t:|1757786475
|switch|p2a: Latias|Latias, F|95/100
|move|p1a: Okidogi|Drain Punch|p2a: Latias
|-resisted|p2a: Latias
|-damage|p2a: Latias|72/100
|-heal|p1a: Okidogi|91/100 tox|[from] drain|[of] p2a: Latias
|
|-heal|p1a: Okidogi|97/100 tox|[from] Grassy Terrain
|-heal|p1a: Okidogi|100/100 tox|[from] item: Leftovers
|-damage|p1a: Okidogi|76/100 tox|[from] psn
|upkeep
|turn|11
|
|t:|1757786486
|switch|p1a: Tyranitar|Tyranitar, F|100/100 par
|-weather|Sandstorm|[from] ability: Sand Stream|[of] p1a: Tyranitar
|move|p2a: Latias|Draco Meteor|p1a: Tyranitar
|-damage|p1a: Tyranitar|79/100 par
|-unboost|p2a: Latias|spa|2
|
|-weather|Sandstorm|[upkeep]
|-damage|p2a: Latias|66/100|[from] Sandstorm
|-heal|p1a: Tyranitar|85/100 par|[from] Grassy Terrain
|upkeep
|turn|12
|
|t:|1757786519
|switch|p2a: Salazzle|Salazzle, F|21/100
|move|p1a: Tyranitar|Knock Off|p2a: Salazzle
|-damage|p2a: Salazzle|0 fnt
|faint|p2a: Salazzle
|
|-weather|Sandstorm|[upkeep]
|-heal|p1a: Tyranitar|91/100 par|[from] Grassy Terrain
|-fieldend|move: Grassy Terrain
|upkeep
|inactive|models&baddies has 120 seconds left.
|
|t:|1757786556
|switch|p2a: Rillaboom|Rillaboom, M|74/100
|-fieldstart|move: Grassy Terrain|[from] ability: Grassy Surge|[of] p2a: Rillaboom
|turn|13
|
|t:|1757786560
|switch|p1a: Moltres|Moltres|79/100
|move|p2a: Rillaboom|U-turn|p1a: Moltres
|-resisted|p1a: Moltres
|-damage|p1a: Moltres|73/100
|-status|p2a: Rillaboom|brn|[from] ability: Flame Body|[of] p1a: Moltres
|
|t:|1757786568
|switch|p2a: Espeon|Espeon, M|100/100|[from] U-turn
|-enditem|p2a: Espeon|Grassy Seed
|-boost|p2a: Espeon|def|1|[from] item: Grassy Seed
|
|-weather|Sandstorm|[upkeep]
|-damage|p2a: Espeon|95/100|[from] Sandstorm
|-damage|p1a: Moltres|67/100|[from] Sandstorm
|-heal|p2a: Espeon|100/100|[from] Grassy Terrain
|upkeep
|turn|14
|
|t:|1757786577
|move|p2a: Espeon|Calm Mind|p2a: Espeon
|-boost|p2a: Espeon|spa|1
|-boost|p2a: Espeon|spd|1
|move|p1a: Moltres|Brave Bird|p2a: Espeon
|-damage|p2a: Espeon|68/100
|-damage|p1a: Moltres|57/100|[from] Recoil
|
|-weather|Sandstorm|[upkeep]
|-damage|p2a: Espeon|62/100|[from] Sandstorm
|-damage|p1a: Moltres|51/100|[from] Sandstorm
|-heal|p2a: Espeon|68/100|[from] Grassy Terrain
|upkeep
|turn|15
|inactive|models&baddies has 120 seconds left.
|
|t:|1757786588
|move|p2a: Espeon|Calm Mind|p2a: Espeon
|-boost|p2a: Espeon|spa|1
|-boost|p2a: Espeon|spd|1
|move|p1a: Moltres|Brave Bird|p2a: Espeon
|-damage|p2a: Espeon|38/100
|-damage|p1a: Moltres|42/100|[from] Recoil
|
|-weather|none
|-heal|p2a: Espeon|44/100|[from] Grassy Terrain
|upkeep
|turn|16
|
|t:|1757786597
|move|p2a: Espeon|Morning Sun|p2a: Espeon
|-heal|p2a: Espeon|94/100
|move|p1a: Moltres|Brave Bird|p2a: Espeon
|-damage|p2a: Espeon|63/100
|-damage|p1a: Moltres|33/100|[from] Recoil
|
|-heal|p2a: Espeon|69/100|[from] Grassy Terrain
|upkeep
|turn|17
|
|t:|1757786608
|switch|p1a: Tyranitar|Tyranitar, F|91/100 par
|-weather|Sandstorm|[from] ability: Sand Stream|[of] p1a: Tyranitar
|move|p2a: Espeon|Calm Mind|p2a: Espeon
|-boost|p2a: Espeon|spa|1
|-boost|p2a: Espeon|spd|1
|
|-weather|Sandstorm|[upkeep]
|-damage|p2a: Espeon|63/100|[from] Sandstorm
|-heal|p2a: Espeon|69/100|[from] Grassy Terrain
|-heal|p1a: Tyranitar|97/100 par|[from] Grassy Terrain
|upkeep
|turn|18
|
|t:|1757786619
|-terastallize|p2a: Espeon|Fairy
|move|p2a: Espeon|Calm Mind|p2a: Espeon
|-boost|p2a: Espeon|spa|1
|-boost|p2a: Espeon|spd|1
|move|p1a: Tyranitar|Stone Edge|p2a: Espeon
|-damage|p2a: Espeon|39/100
|
|-weather|Sandstorm|[upkeep]
|-damage|p2a: Espeon|33/100|[from] Sandstorm
|-heal|p2a: Espeon|39/100|[from] Grassy Terrain
|-heal|p1a: Tyranitar|100/100 par|[from] Grassy Terrain
|upkeep
|turn|19
|
|t:|1757786630
|move|p2a: Espeon|Draining Kiss|p1a: Tyranitar
|-supereffective|p1a: Tyranitar
|-damage|p1a: Tyranitar|35/100 par
|-heal|p2a: Espeon|97/100|[from] drain|[of] p1a: Tyranitar
|move|p1a: Tyranitar|Stone Edge|p2a: Espeon
|-damage|p2a: Espeon|66/100
|
|-weather|Sandstorm|[upkeep]
|-damage|p2a: Espeon|60/100|[from] Sandstorm
|-heal|p2a: Espeon|66/100|[from] Grassy Terrain
|-heal|p1a: Tyranitar|41/100 par|[from] Grassy Terrain
|upkeep
|turn|20
|
|t:|1757786641
|move|p2a: Espeon|Draining Kiss|p1a: Tyranitar
|-supereffective|p1a: Tyranitar
|-damage|p1a: Tyranitar|0 fnt
|-heal|p2a: Espeon|100/100|[from] drain|[of] p1a: Tyranitar
|faint|p1a: Tyranitar
|
|-weather|Sandstorm|[upkeep]
|-damage|p2a: Espeon|95/100|[from] Sandstorm
|-heal|p2a: Espeon|100/100|[from] Grassy Terrain
|-fieldend|move: Grassy Terrain
|upkeep
|
|t:|1757786651
|switch|p1a: Ogerpon|Ogerpon-Wellspring, F|100/100
|turn|21
|
|t:|1757786655
|-terastallize|p1a: Ogerpon|Water
|detailschange|p1a: Ogerpon|Ogerpon-Wellspring-Tera, F, tera:Water
|-ability|p1a: Ogerpon|Embody Aspect (Wellspring)|boost
|-boost|p1a: Ogerpon|spd|1
|move|p1a: Ogerpon|Ivy Cudgel|p2a: Espeon|[anim] Ivy Cudgel Water
|-damage|p2a: Espeon|43/100
|move|p2a: Espeon|Stored Power|p1a: Ogerpon
|-damage|p1a: Ogerpon|0 fnt
|faint|p1a: Ogerpon
|detailschange|p1: Ogerpon|Ogerpon-Wellspring, F|[silent]
|
|-weather|none
|upkeep
|-message|sandyclawzin forfeited.
|
|win|models&baddies
|raw|sandyclawzin's rating: 1516 &rarr; <strong>1494</strong><br />(-22 for losing)
|raw|models&amp;baddies's rating: 1482 &rarr; <strong>1504</strong><br />(+22 for winning)
|l|☆sandyclawzin
|player|p1|
