|j|☆SamuraiTony
|j|☆vitos86
|t:|1757838670
|gametype|singles
|player|p1|SamuraiTony|chuck|1137
|player|p2|vitos86|biker|1056
|gen|9
|tier|[Gen 9] OU
|rated|
|rule|HP Percentage Mod: HP is shown in percentages
|rule|Endless Battle Clause: Forcing endless battles is banned
|rule|Species Clause: Limit one of each Pokémon
|rule|OHKO Clause: OHKO moves are banned
|rule|Evasion Items Clause: Evasion items are banned
|rule|Evasion Moves Clause: Evasion moves are banned
|rule|Evasion Abilities Clause: Evasion abilities are banned
|rule|Sleep Moves Clause: Sleep-inducing moves are banned
|clearpoke
|poke|p1|Scizor, F|
|poke|p1|Slowking-Galar, F|
|poke|p1|Raging Bolt|
|poke|p1|Corviknight, F|
|poke|p1|Araquanid, F|
|poke|p1|Landorus-Therian, M|
|poke|p2|Mightyena, M|
|poke|p2|Jolteon, M|
|poke|p2|Articuno|
|poke|p2|Typhlosion, M|
|poke|p2|Hitmonchan, M|
|poke|p2|Blastoise, M|
|teampreview
|
|t:|1757838676
|teamsize|p1|6
|teamsize|p2|6
|start
|switch|p1a: Landorus|Landorus-Therian, M|100/100
|switch|p2a: Blastoise|Blastoise, M|100/100
|-ability|p1a: Landorus|Intimidate|boost
|-unboost|p2a: Blastoise|atk|1
|-enditem|p2a: Blastoise|White Herb
|-clearnegativeboost|p2a: Blastoise|[silent]
|turn|1
|inactive|Battle timer is ON: inactive players will automatically lose when time's up. (requested by vitos86)
|
|t:|1757838686
|move|p1a: Landorus|U-turn|p2a: Blastoise
|-damage|p2a: Blastoise|75/100
|
|t:|1757838690
|switch|p1a: Raging Bolt|Raging Bolt|100/100|[from] U-turn
|move|p2a: Blastoise|Ice Beam|p1a: Raging Bolt
|-supereffective|p1a: Raging Bolt
|-damage|p1a: Raging Bolt|71/100
|
|upkeep
|turn|2
|
|t:|1757838699
|move|p2a: Blastoise|Ice Beam|p1a: Raging Bolt
|-supereffective|p1a: Raging Bolt
|-damage|p1a: Raging Bolt|42/100
|move|p1a: Raging Bolt|Dragon Pulse|p2a: Blastoise
|-damage|p2a: Blastoise|26/100
|
|upkeep
|turn|3
|
|t:|1757838706
|move|p1a: Raging Bolt|Thunderclap|p2a: Blastoise
|-supereffective|p2a: Blastoise
|-damage|p2a: Blastoise|0 fnt
|faint|p2a: Blastoise
|
|upkeep
|
|t:|1757838712
|switch|p2a: Jolteon|Jolteon, M|100/100
|turn|4
|
|t:|1757838716
|move|p2a: Jolteon|Alluring Voice|p1a: Raging Bolt
|-supereffective|p1a: Raging Bolt
|-damage|p1a: Raging Bolt|12/100
|move|p1a: Raging Bolt|Dragon Pulse|p2a: Jolteon
|-damage|p2a: Jolteon|57/100
|
|upkeep
|turn|5
|
|t:|1757838723
|-end|p1a: Raging Bolt|Protosynthesis|[silent]
|switch|p1a: Slowking|Slowking-Galar, F|100/100
|move|p2a: Jolteon|Alluring Voice|p1a: Slowking
|-resisted|p1a: Slowking
|-damage|p1a: Slowking|91/100
|
|upkeep
|turn|6
|
|t:|1757838730
|move|p2a: Jolteon|Discharge|p1a: Slowking
|-damage|p1a: Slowking|64/100
|move|p1a: Slowking|Sludge Bomb|p2a: Jolteon
|-damage|p2a: Jolteon|17/100
|
|upkeep
|turn|7
|
|t:|1757838740
|switch|p1a: Landorus|Landorus-Therian, M|100/100
|-ability|p1a: Landorus|Intimidate|boost
|-unboost|p2a: Jolteon|atk|1
|move|p2a: Jolteon|Shadow Ball|p1a: Landorus
|-crit|p1a: Landorus
|-damage|p1a: Landorus|49/100
|
|upkeep
|turn|8
|
|t:|1757838749
|move|p1a: Landorus|U-turn|p2a: Jolteon
|-damage|p2a: Jolteon|0 fnt
|faint|p2a: Jolteon
|
|t:|1757838755
|switch|p1a: Raging Bolt|Raging Bolt|12/100|[from] U-turn
|
|upkeep
|
|t:|1757838760
|switch|p2a: Hitmonchan|Hitmonchan, M|100/100
|turn|9
|
|t:|1757838764
|-end|p1a: Raging Bolt|Protosynthesis|[silent]
|switch|p1a: Landorus|Landorus-Therian, M|49/100
|-ability|p1a: Landorus|Intimidate|boost
|-unboost|p2a: Hitmonchan|atk|1
|move|p2a: Hitmonchan|Mach Punch|p1a: Landorus
|-resisted|p1a: Landorus
|-damage|p1a: Landorus|40/100
|
|upkeep
|turn|10
|
|t:|1757838772
|-terastallize|p1a: Landorus|Flying
|move|p1a: Landorus|Tera Blast|p2a: Hitmonchan|[anim] Tera Blast Flying
|-supereffective|p2a: Hitmonchan
|-damage|p2a: Hitmonchan|0 fnt
|faint|p2a: Hitmonchan
|
|upkeep
|
|t:|1757838782
|switch|p2a: Articuno|Articuno|100/100
|-ability|p2a: Articuno|Pressure
|turn|11
|
|t:|1757838788
|move|p1a: Landorus|Tera Blast|p2a: Articuno|[anim] Tera Blast Flying
|-damage|p2a: Articuno|62/100
|move|p2a: Articuno|Ancient Power|p1a: Landorus
|-supereffective|p1a: Landorus
|-damage|p1a: Landorus|2/100
|
|-heal|p2a: Articuno|69/100|[from] item: Leftovers
|upkeep
|turn|12
|
|t:|1757838797
|switch|p1a: Scizor|Scizor, F|100/100
|move|p2a: Articuno|Roost|p2a: Articuno
|-heal|p2a: Articuno|100/100
|-singleturn|p2a: Articuno|move: Roost
|
|upkeep
|turn|13
|
|t:|1757838805
|move|p2a: Articuno|Ancient Power|p1a: Scizor
|-damage|p1a: Scizor|85/100
|move|p1a: Scizor|U-turn|p2a: Articuno
|-resisted|p2a: Articuno
|-damage|p2a: Articuno|81/100
|
|t:|1757838809
|switch|p1a: Araquanid|Araquanid, F|100/100|[from] U-turn
|
|-heal|p2a: Articuno|87/100|[from] item: Leftovers
|upkeep
|turn|14
|
|t:|1757838818
|move|p2a: Articuno|Ancient Power|p1a: Araquanid
|-supereffective|p1a: Araquanid
|-crit|p1a: Araquanid
|-damage|p1a: Araquanid|68/100
|move|p1a: Araquanid|Mirror Coat|p2a: Articuno
|-damage|p2a: Articuno|30/100
|
|-heal|p2a: Articuno|36/100|[from] item: Leftovers
|upkeep
|turn|15
|
|t:|1757838827
|move|p2a: Articuno|Roost|p2a: Articuno
|-heal|p2a: Articuno|86/100
|-singleturn|p2a: Articuno|move: Roost
|move|p1a: Araquanid|Liquidation|p2a: Articuno
|-damage|p2a: Articuno|71/100
|-unboost|p2a: Articuno|def|1
|
|-heal|p2a: Articuno|77/100|[from] item: Leftovers
|upkeep
|turn|16
|
|t:|1757838840
|move|p2a: Articuno|Freeze-Dry|p1a: Araquanid
|-supereffective|p1a: Araquanid
|-damage|p1a: Araquanid|34/100
|-enditem|p1a: Araquanid|Sitrus Berry|[eat]
|-heal|p1a: Araquanid|59/100|[from] item: Sitrus Berry
|move|p1a: Araquanid|Mirror Coat|p2a: Articuno
|-damage|p2a: Articuno|17/100
|
|-heal|p2a: Articuno|23/100|[from] item: Leftovers
|upkeep
|turn|17
|
|t:|1757838851
|move|p2a: Articuno|Roost|p2a: Articuno
|-heal|p2a: Articuno|73/100
|-singleturn|p2a: Articuno|move: Roost
|move|p1a: Araquanid|Liquidation|p2a: Articuno
|-damage|p2a: Articuno|51/100
|
|-heal|p2a: Articuno|57/100|[from] item: Leftovers
|upkeep
|turn|18
|
|t:|1757838861
|move|p2a: Articuno|Ancient Power|p1a: Araquanid
|-supereffective|p1a: Araquanid
|-damage|p1a: Araquanid|39/100
|move|p1a: Araquanid|Liquidation|p2a: Articuno
|-damage|p2a: Articuno|34/100
|
|-heal|p2a: Articuno|40/100|[from] item: Leftovers
|upkeep
|turn|19
|
|t:|1757838870
|move|p2a: Articuno|Ancient Power|p1a: Araquanid
|-supereffective|p1a: Araquanid
|-damage|p1a: Araquanid|19/100
|move|p1a: Araquanid|Liquidation|p2a: Articuno
|-damage|p2a: Articuno|16/100
|
|-heal|p2a: Articuno|23/100|[from] item: Leftovers
|upkeep
|turn|20
|
|t:|1757838881
|move|p2a: Articuno|Roost|p2a: Articuno
|-heal|p2a: Articuno|73/100
|-singleturn|p2a: Articuno|move: Roost
|move|p1a: Araquanid|Sticky Web|p2a: Articuno
|-sidestart|p2: vitos86|move: Sticky Web
|
|-heal|p2a: Articuno|79/100|[from] item: Leftovers
|upkeep
|turn|21
|
|t:|1757838893
|switch|p1a: Scizor|Scizor, F|85/100
|move|p2a: Articuno|Ancient Power|p1a: Scizor
|-damage|p1a: Scizor|70/100
|
|-heal|p2a: Articuno|85/100|[from] item: Leftovers
|upkeep
|turn|22
|
|t:|1757838901
|move|p1a: Scizor|Bullet Punch|p2a: Articuno
|-supereffective|p2a: Articuno
|-damage|p2a: Articuno|0 fnt
|faint|p2a: Articuno
|
|upkeep
|
|t:|1757838912
|switch|p2a: Typhlosion|Typhlosion, M|100/100
|-activate|p2a: Typhlosion|move: Sticky Web
|-unboost|p2a: Typhlosion|spe|1
|turn|23
|
|t:|1757838919
|move|p1a: Scizor|Bullet Punch|p2a: Typhlosion
|-resisted|p2a: Typhlosion
|-damage|p2a: Typhlosion|65/100
|move|p2a: Typhlosion|Flamethrower|p1a: Scizor
|-supereffective|p1a: Scizor
|-damage|p1a: Scizor|0 fnt
|faint|p1a: Scizor
|
|upkeep
|
|t:|1757838928
|switch|p1a: Landorus|Landorus-Therian, M, tera:Flying|2/100
|-ability|p1a: Landorus|Intimidate|boost
|-unboost|p2a: Typhlosion|atk|1
|turn|24
|
|t:|1757838933
|move|p1a: Landorus|Tera Blast|p2a: Typhlosion|[anim] Tera Blast Flying
|-damage|p2a: Typhlosion|0 fnt
|faint|p2a: Typhlosion
|
|upkeep
|
|t:|1757838939
|switch|p2a: Mightyena|Mightyena, M|100/100
|-activate|p2a: Mightyena|move: Sticky Web
|-unboost|p2a: Mightyena|spe|1
|turn|25
|
|t:|1757838945
|switch|p1a: Araquanid|Araquanid, F|19/100
|-terastallize|p2a: Mightyena|Dark
|move|p2a: Mightyena|Sucker Punch||[still]
|-fail|p2a: Mightyena
|
|upkeep
|turn|26
|
|t:|1757838954
|switch|p1a: Landorus|Landorus-Therian, M, tera:Flying|2/100
|-ability|p1a: Landorus|Intimidate|boost
|-unboost|p2a: Mightyena|atk|1
|move|p2a: Mightyena|Sucker Punch||[still]
|-fail|p2a: Mightyena
|
|upkeep
|turn|27
|
|t:|1757838961
|switch|p1a: Araquanid|Araquanid, F|19/100
|move|p2a: Mightyena|Sucker Punch||[still]
|-fail|p2a: Mightyena
|
|upkeep
|turn|28
|
|t:|1757838968
|switch|p1a: Landorus|Landorus-Therian, M, tera:Flying|2/100
|-ability|p1a: Landorus|Intimidate|boost
|-unboost|p2a: Mightyena|atk|1
|move|p2a: Mightyena|Crunch|p1a: Landorus
|-damage|p1a: Landorus|0 fnt
|faint|p1a: Landorus
|-ability|p2a: Mightyena|Moxie|boost
|-boost|p2a: Mightyena|atk|1
|-damage|p2a: Mightyena|91/100|[from] item: Life Orb
|
|upkeep
|
|t:|1757838975
|switch|p1a: Corviknight|Corviknight, F|100/100
|turn|29
|
|t:|1757838981
|move|p1a: Corviknight|Body Press|p2a: Mightyena
|-supereffective|p2a: Mightyena
|-crit|p2a: Mightyena
|-damage|p2a: Mightyena|0 fnt
|faint|p2a: Mightyena
|
|win|SamuraiTony
|raw|SamuraiTony's rating: 1137 &rarr; <strong>1156</strong><br />(+19 for winning)
|raw|vitos86's rating: 1056 &rarr; <strong>1042</strong><br />(-14 for losing)
|l|☆vitos86
|player|p2|
|l|☆SamuraiTony
|player|p1|
