|j|☆Barrale
|j|☆RyceburnJR2
|t:|1757815959
|gametype|singles
|player|p1|Barrale|101|1157
|player|p2|RyceburnJR2|red|1152
|gen|9
|tier|[Gen 9] OU
|rated|
|rule|HP Percentage Mod: HP is shown in percentages
|rule|Endless Battle Clause: Forcing endless battles is banned
|rule|Species Clause: Limit one of each Pokémon
|rule|OHKO Clause: OHKO moves are banned
|rule|Evasion Items Clause: Evasion items are banned
|rule|Evasion Moves Clause: Evasion moves are banned
|rule|Evasion Abilities Clause: Evasion abilities are banned
|rule|Sleep Moves Clause: Sleep-inducing moves are banned
|clearpoke
|poke|p1|Incineroar, F|
|poke|p1|Ursaluna, M|
|poke|p1|Corviknight, M|
|poke|p1|Sceptile, M|
|poke|p1|Glimmora, F|
|poke|p1|Dusclops, F|
|poke|p2|Skeledirge, M|
|poke|p2|Pawmot, F|
|poke|p2|Kingambit, M|
|poke|p2|Tinkaton, F|
|poke|p2|Garchomp, F|
|poke|p2|Dondozo, M|
|teampreview
|
|t:|1757815967
|teamsize|p1|6
|teamsize|p2|6
|start
|switch|p1a: Dusclops|Dusclops, F|100/100
|switch|p2a: Tinkaton|Tinkaton, F|100/100
|-ability|p2a: Tinkaton|Mold Breaker
|-item|p2a: Tinkaton|Leftovers|[from] ability: Frisk|[of] p1a: Dusclops
|turn|1
|
|t:|1757815976
|move|p2a: Tinkaton|Thunder Wave|p1a: Dusclops
|-status|p1a: Dusclops|par
|cant|p1a: Dusclops|par
|
|upkeep
|turn|2
|
|t:|1757815981
|move|p2a: Tinkaton|Swords Dance|p2a: Tinkaton
|-boost|p2a: Tinkaton|atk|2
|move|p1a: Dusclops|Will-O-Wisp|p2a: Tinkaton
|-status|p2a: Tinkaton|brn
|
|-damage|p2a: Tinkaton|94/100 brn|[from] brn
|upkeep
|turn|3
|
|t:|1757816011
|move|p2a: Tinkaton|Swords Dance|p2a: Tinkaton
|-boost|p2a: Tinkaton|atk|2
|cant|p1a: Dusclops|par
|
|-heal|p2a: Tinkaton|100/100 brn|[from] item: Leftovers
|-damage|p2a: Tinkaton|94/100 brn|[from] brn
|upkeep
|turn|4
|
|t:|1757816026
|move|p2a: Tinkaton|Swords Dance|p2a: Tinkaton
|-boost|p2a: Tinkaton|atk|2
|move|p1a: Dusclops|Icy Wind|p2a: Tinkaton
|-resisted|p2a: Tinkaton
|-damage|p2a: Tinkaton|90/100 brn
|-unboost|p2a: Tinkaton|spe|1
|
|-heal|p2a: Tinkaton|96/100 brn|[from] item: Leftovers
|-damage|p2a: Tinkaton|90/100 brn|[from] brn
|upkeep
|turn|5
|
|t:|1757816048
|switch|p1a: Incineroar|Incineroar, F|100/100
|-ability|p1a: Incineroar|Intimidate|boost
|-unboost|p2a: Tinkaton|atk|1
|move|p2a: Tinkaton|Gigaton Hammer|p1a: Incineroar
|-resisted|p1a: Incineroar
|-damage|p1a: Incineroar|51/100
|
|-heal|p2a: Tinkaton|96/100 brn|[from] item: Leftovers
|-damage|p2a: Tinkaton|90/100 brn|[from] brn
|upkeep
|turn|6
|
|t:|1757816060
|move|p1a: Incineroar|Fake Out|p2a: Tinkaton
|-resisted|p2a: Tinkaton
|-damage|p2a: Tinkaton|82/100 brn
|cant|p2a: Tinkaton|flinch
|
|-heal|p2a: Tinkaton|88/100 brn|[from] item: Leftovers
|-damage|p2a: Tinkaton|82/100 brn|[from] brn
|upkeep
|turn|7
|
|t:|1757816074
|move|p2a: Tinkaton|Play Rough|p1a: Incineroar
|-damage|p1a: Incineroar|0 fnt
|faint|p1a: Incineroar
|
|-heal|p2a: Tinkaton|88/100 brn|[from] item: Leftovers
|-damage|p2a: Tinkaton|82/100 brn|[from] brn
|upkeep
|
|t:|1757816088
|switch|p1a: Ursaluna|Ursaluna, M|100/100
|turn|8
|
|t:|1757816098
|move|p1a: Ursaluna|Earthquake|p2a: Tinkaton
|-supereffective|p2a: Tinkaton
|-damage|p2a: Tinkaton|0 fnt
|faint|p2a: Tinkaton
|
|-status|p1a: Ursaluna|brn|[from] item: Flame Orb
|upkeep
|
|t:|1757816101
|switch|p2a: Pawmot|Pawmot, F|100/100
|turn|9
|
|t:|1757816108
|move|p2a: Pawmot|Close Combat|p1a: Ursaluna
|-supereffective|p1a: Ursaluna
|-damage|p1a: Ursaluna|12/100 brn
|-unboost|p2a: Pawmot|def|1
|-unboost|p2a: Pawmot|spd|1
|move|p1a: Ursaluna|Earthquake|p2a: Pawmot
|-supereffective|p2a: Pawmot
|-enditem|p2a: Pawmot|Focus Sash
|-damage|p2a: Pawmot|1/100
|
|-damage|p1a: Ursaluna|6/100 brn|[from] brn
|upkeep
|turn|10
|
|t:|1757816121
|move|p2a: Pawmot|Close Combat|p1a: Ursaluna
|-supereffective|p1a: Ursaluna
|-damage|p1a: Ursaluna|0 fnt
|-unboost|p2a: Pawmot|def|1
|-unboost|p2a: Pawmot|spd|1
|faint|p1a: Ursaluna
|
|upkeep
|
|t:|1757816133
|switch|p1a: Dusclops|Dusclops, F|100/100 par
|turn|11
|
|t:|1757816141
|move|p2a: Pawmot|Double Shock|p1a: Dusclops
|-crit|p1a: Dusclops
|-damage|p1a: Dusclops|54/100 par
|-start|p2a: Pawmot|typechange|???/Fighting|[from] move: Double Shock
|cant|p1a: Dusclops|par
|
|upkeep
|turn|12
|
|t:|1757816149
|move|p2a: Pawmot|Ice Punch|p1a: Dusclops
|-damage|p1a: Dusclops|38/100 par
|move|p1a: Dusclops|Pain Split|p2a: Pawmot
|-sethp|p2a: Pawmot|20/100|[from] move: Pain Split|[silent]
|-sethp|p1a: Dusclops|20/100 par|[from] move: Pain Split
|
|upkeep
|turn|13
|
|t:|1757816160
|move|p2a: Pawmot|Ice Punch|p1a: Dusclops
|-damage|p1a: Dusclops|5/100 par
|move|p1a: Dusclops|Icy Wind|p2a: Pawmot
|-damage|p2a: Pawmot|0 fnt
|faint|p2a: Pawmot
|
|upkeep
|
|t:|1757816164
|switch|p2a: Kingambit|Kingambit, M|100/100
|turn|14
|
|t:|1757816170
|move|p1a: Dusclops|Protect|p1a: Dusclops
|-singleturn|p1a: Dusclops|Protect
|move|p2a: Kingambit|Sucker Punch||[still]
|-fail|p2a: Kingambit
|
|upkeep
|turn|15
|c|☆Barrale|im fool
|
|t:|1757816180
|move|p2a: Kingambit|Kowtow Cleave|p1a: Dusclops
|-supereffective|p1a: Dusclops
|-damage|p1a: Dusclops|0 fnt
|faint|p1a: Dusclops
|
|upkeep
|
|t:|1757816187
|switch|p1a: Glimmora|Glimmora, F|100/100
|turn|16
|
|t:|1757816192
|move|p1a: Glimmora|Spiky Shield|p1a: Glimmora
|-singleturn|p1a: Glimmora|move: Protect
|move|p2a: Kingambit|Iron Head|p1a: Glimmora
|-activate|p1a: Glimmora|move: Protect
|-damage|p2a: Kingambit|88/100|[from] Spiky Shield|[of] p1a: Glimmora
|
|-heal|p2a: Kingambit|94/100|[from] item: Leftovers
|upkeep
|turn|17
|
|t:|1757816201
|move|p1a: Glimmora|Stealth Rock|p2a: Kingambit
|-sidestart|p2: RyceburnJR2|move: Stealth Rock
|move|p2a: Kingambit|Iron Head|p1a: Glimmora
|-supereffective|p1a: Glimmora
|-damage|p1a: Glimmora|10/100
|-activate|p1a: Glimmora|ability: Toxic Debris
|-sidestart|p2: RyceburnJR2|move: Toxic Spikes
|
|-heal|p1a: Glimmora|16/100|[from] item: Leftovers
|-heal|p2a: Kingambit|100/100|[from] item: Leftovers
|upkeep
|turn|18
|
|t:|1757816207
|move|p1a: Glimmora|Spiky Shield|p1a: Glimmora
|-singleturn|p1a: Glimmora|move: Protect
|move|p2a: Kingambit|Iron Head|p1a: Glimmora
|-activate|p1a: Glimmora|move: Protect
|-damage|p2a: Kingambit|88/100|[from] Spiky Shield|[of] p1a: Glimmora
|
|-heal|p1a: Glimmora|22/100|[from] item: Leftovers
|-heal|p2a: Kingambit|94/100|[from] item: Leftovers
|upkeep
|turn|19
|
|t:|1757816218
|move|p1a: Glimmora|Power Gem|p2a: Kingambit
|-resisted|p2a: Kingambit
|-damage|p2a: Kingambit|76/100
|move|p2a: Kingambit|Iron Head|p1a: Glimmora
|-supereffective|p1a: Glimmora
|-damage|p1a: Glimmora|0 fnt
|-activate|p1a: Glimmora|ability: Toxic Debris
|-sidestart|p2: RyceburnJR2|move: Toxic Spikes
|faint|p1a: Glimmora
|
|-heal|p2a: Kingambit|82/100|[from] item: Leftovers
|upkeep
|
|t:|1757816230
|switch|p1a: Sceptile|Sceptile, M|100/100
|turn|20
|
|t:|1757816240
|move|p2a: Kingambit|Sucker Punch||[still]
|-fail|p2a: Kingambit
|move|p1a: Sceptile|Leech Seed|p2a: Kingambit
|-start|p2a: Kingambit|move: Leech Seed
|
|-heal|p2a: Kingambit|89/100|[from] item: Leftovers
|-damage|p2a: Kingambit|76/100|[from] Leech Seed|[of] p1a: Sceptile
|upkeep
|turn|21
|
|t:|1757816252
|move|p1a: Sceptile|Detect|p1a: Sceptile
|-singleturn|p1a: Sceptile|Protect
|move|p2a: Kingambit|Kowtow Cleave|p1a: Sceptile
|-activate|p1a: Sceptile|move: Protect
|
|-heal|p2a: Kingambit|82/100|[from] item: Leftovers
|-damage|p2a: Kingambit|70/100|[from] Leech Seed|[of] p1a: Sceptile
|upkeep
|turn|22
|
|t:|1757816262
|move|p1a: Sceptile|Energy Ball|p2a: Kingambit
|-resisted|p2a: Kingambit
|-damage|p2a: Kingambit|44/100
|-damage|p1a: Sceptile|91/100|[from] item: Life Orb
|move|p2a: Kingambit|Kowtow Cleave|p1a: Sceptile
|-damage|p1a: Sceptile|6/100
|
|-heal|p2a: Kingambit|50/100|[from] item: Leftovers
|-damage|p2a: Kingambit|38/100|[from] Leech Seed|[of] p1a: Sceptile
|-heal|p1a: Sceptile|24/100|[silent]
|upkeep
|turn|23
|
|t:|1757816273
|switch|p2a: Skeledirge|Skeledirge, M|100/100
|-damage|p2a: Skeledirge|76/100|[from] Stealth Rock
|-status|p2a: Skeledirge|tox
|move|p1a: Sceptile|Detect||[still]
|-fail|p1a: Sceptile
|
|-damage|p2a: Skeledirge|70/100 tox|[from] psn
|upkeep
|turn|24
|
|t:|1757816290
|switch|p1a: Corviknight|Corviknight, M|100/100
|move|p2a: Skeledirge|Torch Song|p1a: Corviknight
|-supereffective|p1a: Corviknight
|-damage|p1a: Corviknight|24/100
|-boost|p2a: Skeledirge|spa|1
|-enditem|p2a: Skeledirge|Throat Spray
|-boost|p2a: Skeledirge|spa|1|[from] item: Throat Spray
|
|-heal|p1a: Corviknight|30/100|[from] item: Leftovers
|-damage|p2a: Skeledirge|58/100 tox|[from] psn
|upkeep
|turn|25
|
|t:|1757816303
|-terastallize|p1a: Corviknight|Fire
|move|p2a: Skeledirge|Torch Song|p1a: Corviknight
|-resisted|p1a: Corviknight
|-damage|p1a: Corviknight|0 fnt
|-boost|p2a: Skeledirge|spa|1
|faint|p1a: Corviknight
|
|-damage|p2a: Skeledirge|39/100 tox|[from] psn
|upkeep
|
|t:|1757816308
|switch|p1a: Sceptile|Sceptile, M|24/100
|turn|26
|
|t:|1757816313
|move|p1a: Sceptile|Dragon Pulse|p2a: Skeledirge
|-damage|p2a: Skeledirge|0 fnt
|faint|p2a: Skeledirge
|-damage|p1a: Sceptile|14/100|[from] item: Life Orb
|
|upkeep
|
|t:|1757816318
|switch|p2a: Kingambit|Kingambit, M|38/100
|-damage|p2a: Kingambit|32/100|[from] Stealth Rock
|turn|27
|
|t:|1757816328
|move|p2a: Kingambit|Sucker Punch||[still]
|-fail|p2a: Kingambit
|move|p1a: Sceptile|Leech Seed|p2a: Kingambit
|-start|p2a: Kingambit|move: Leech Seed
|
|-heal|p2a: Kingambit|38/100|[from] item: Leftovers
|-damage|p2a: Kingambit|25/100|[from] Leech Seed|[of] p1a: Sceptile
|-heal|p1a: Sceptile|32/100|[silent]
|upkeep
|turn|28
|
|t:|1757816336
|move|p1a: Sceptile|Detect|p1a: Sceptile
|-singleturn|p1a: Sceptile|Protect
|move|p2a: Kingambit|Kowtow Cleave|p1a: Sceptile
|-activate|p1a: Sceptile|move: Protect
|
|-heal|p2a: Kingambit|32/100|[from] item: Leftovers
|-damage|p2a: Kingambit|19/100|[from] Leech Seed|[of] p1a: Sceptile
|-heal|p1a: Sceptile|50/100|[silent]
|upkeep
|turn|29
|
|t:|1757816353
|move|p1a: Sceptile|Energy Ball|p2a: Kingambit
|-resisted|p2a: Kingambit
|-damage|p2a: Kingambit|0 fnt
|faint|p2a: Kingambit
|-damage|p1a: Sceptile|40/100|[from] item: Life Orb
|
|upkeep
|
|t:|1757816356
|switch|p2a: Garchomp|Garchomp, F|100/100
|-damage|p2a: Garchomp|94/100|[from] Stealth Rock
|-status|p2a: Garchomp|tox
|turn|30
|
|t:|1757816365
|-terastallize|p2a: Garchomp|Dragon
|move|p1a: Sceptile|Detect|p1a: Sceptile
|-singleturn|p1a: Sceptile|Protect
|move|p2a: Garchomp|Fire Fang|p1a: Sceptile
|-activate|p1a: Sceptile|move: Protect
|
|-damage|p2a: Garchomp|88/100 tox|[from] psn
|upkeep
|turn|31
|
|t:|1757816375
|move|p1a: Sceptile|Dragon Pulse|p2a: Garchomp
|-supereffective|p2a: Garchomp
|-damage|p2a: Garchomp|7/100 tox
|-damage|p1a: Sceptile|30/100|[from] item: Life Orb
|move|p2a: Garchomp|Fire Fang|p1a: Sceptile
|-supereffective|p1a: Sceptile
|-damage|p1a: Sceptile|0 fnt
|faint|p1a: Sceptile
|
|win|RyceburnJR2
|raw|Barrale's rating: 1157 &rarr; <strong>1132</strong><br />(-25 for losing)
|raw|RyceburnJR2's rating: 1152 &rarr; <strong>1177</strong><br />(+25 for winning)
