|j|☆trrzno2
|j|☆AheQ647
|t:|1757832937
|gametype|singles
|player|p1|trrzno2|artist|1303
|player|p2|AheQ647|266|1332
|gen|9
|tier|[Gen 9] OU
|rated|
|rule|HP Percentage Mod: HP is shown in percentages
|rule|Endless Battle Clause: Forcing endless battles is banned
|rule|Species Clause: Limit one of each Pokémon
|rule|OHKO Clause: OHKO moves are banned
|rule|Evasion Items Clause: Evasion items are banned
|rule|Evasion Moves Clause: Evasion moves are banned
|rule|Evasion Abilities Clause: Evasion abilities are banned
|rule|Sleep Moves Clause: Sleep-inducing moves are banned
|clearpoke
|poke|p1|Scizor, M|
|poke|p1|Ogerpon-Wellspring, F|
|poke|p1|Garganacl, M|
|poke|p1|Darkrai|
|poke|p1|Zapdos|
|poke|p1|Cinderace, M|
|poke|p2|Zarude|
|poke|p2|Araquanid, F|
|poke|p2|Zamazenta-*|
|poke|p2|Glimmora, F|
|poke|p2|Samurott-Hisui, F|
|poke|p2|Ting-Lu|
|teampreview
|inactive|Battle timer is ON: inactive players will automatically lose when time's up. (requested by trrzno2)
|
|t:|1757832947
|teamsize|p1|6
|teamsize|p2|6
|start
|switch|p1a: Zapdos|Zapdos|100/100
|switch|p2a: MyChemRom|Samurott-Hisui, F, shiny|100/100
|turn|1
|
|t:|1757832955
|switch|p2a: Ting-Lu|Ting-Lu, shiny|100/100
|-ability|p2a: Ting-Lu|Vessel of Ruin
|move|p1a: Zapdos|Hurricane|p2a: Ting-Lu
|-damage|p2a: Ting-Lu|74/100
|-start|p2a: Ting-Lu|confusion
|
|-heal|p2a: Ting-Lu|80/100|[from] item: Leftovers
|upkeep
|turn|2
|
|t:|1757832965
|switch|p1a: Ogerpon|Ogerpon-Wellspring, F|100/100
|-activate|p2a: Ting-Lu|confusion
|-damage|p2a: Ting-Lu|76/100|[from] confusion
|
|-heal|p2a: Ting-Lu|82/100|[from] item: Leftovers
|upkeep
|turn|3
|
|t:|1757832974
|move|p1a: Ogerpon|U-turn|p2a: Ting-Lu
|-supereffective|p2a: Ting-Lu
|-damage|p2a: Ting-Lu|62/100
|
|t:|1757832981
|switch|p1a: Cinderace|Cinderace, M|100/100|[from] U-turn
|-activate|p2a: Ting-Lu|confusion
|move|p2a: Ting-Lu|Whirlwind|p1a: Cinderace
|drag|p1a: Scizor|Scizor, M|100/100
|
|-heal|p2a: Ting-Lu|69/100|[from] item: Leftovers
|upkeep
|turn|4
|
|t:|1757832990
|move|p1a: Scizor|Swords Dance|p1a: Scizor
|-boost|p1a: Scizor|atk|2
|-activate|p2a: Ting-Lu|confusion
|-damage|p2a: Ting-Lu|64/100|[from] confusion
|
|-heal|p2a: Ting-Lu|70/100|[from] item: Leftovers
|upkeep
|turn|5
|
|t:|1757832993
|move|p1a: Scizor|Close Combat|p2a: Ting-Lu
|-supereffective|p2a: Ting-Lu
|-damage|p2a: Ting-Lu|0 fnt
|-unboost|p1a: Scizor|def|1
|-unboost|p1a: Scizor|spd|1
|faint|p2a: Ting-Lu
|-damage|p1a: Scizor|91/100|[from] item: Life Orb
|
|upkeep
|
|t:|1757833007
|switch|p2a: Zamazenta|Zamazenta|100/100
|-ability|p2a: Zamazenta|Dauntless Shield|boost
|-boost|p2a: Zamazenta|def|1
|turn|6
|
|t:|1757833021
|switch|p1a: Zapdos|Zapdos|100/100
|move|p2a: Zamazenta|Iron Defense|p2a: Zamazenta
|-boost|p2a: Zamazenta|def|2
|
|upkeep
|turn|7
|
|t:|1757833028
|-terastallize|p2a: Zamazenta|Steel
|move|p2a: Zamazenta|Trailblaze|p1a: Zapdos
|-resisted|p1a: Zapdos
|-damage|p1a: Zapdos|96/100
|-boost|p2a: Zamazenta|spe|1
|move|p1a: Zapdos|Thunder Wave|p2a: Zamazenta
|-status|p2a: Zamazenta|par
|
|upkeep
|turn|8
|
|t:|1757833047
|move|p2a: Zamazenta|Trailblaze|p1a: Zapdos
|-resisted|p1a: Zapdos
|-damage|p1a: Zapdos|91/100
|-boost|p2a: Zamazenta|spe|1
|move|p1a: Zapdos|Volt Switch|p2a: Zamazenta
|-damage|p2a: Zamazenta|76/100 par
|
|t:|1757833050
|switch|p1a: Garganacl|Garganacl, M|100/100|[from] Volt Switch
|
|-heal|p2a: Zamazenta|82/100 par|[from] item: Leftovers
|upkeep
|turn|9
|
|t:|1757833055
|-terastallize|p1a: Garganacl|Fairy
|move|p2a: Zamazenta|Body Press|p1a: Garganacl
|-resisted|p1a: Garganacl
|-damage|p1a: Garganacl|74/100
|move|p1a: Garganacl|Salt Cure|p2a: Zamazenta
|-resisted|p2a: Zamazenta
|-damage|p2a: Zamazenta|81/100 par
|-start|p2a: Zamazenta|Salt Cure
|
|-heal|p2a: Zamazenta|87/100 par|[from] item: Leftovers
|-heal|p1a: Garganacl|80/100|[from] item: Leftovers
|-damage|p2a: Zamazenta|62/100 par|[from] Salt Cure
|upkeep
|turn|10
|
|t:|1757833062
|switch|p2a: The King|Zarude|100/100
|move|p1a: Garganacl|Salt Cure|p2a: The King
|-damage|p2a: The King|89/100
|-start|p2a: The King|Salt Cure
|
|-heal|p2a: The King|95/100|[from] item: Leftovers
|-heal|p1a: Garganacl|87/100|[from] item: Leftovers
|-damage|p2a: The King|83/100|[from] Salt Cure
|upkeep
|turn|11
|
|t:|1757833066
|switch|p1a: Zapdos|Zapdos|91/100
|move|p2a: The King|Bulk Up|p2a: The King
|-boost|p2a: The King|atk|1
|-boost|p2a: The King|def|1
|
|-heal|p2a: The King|89/100|[from] item: Leftovers
|-damage|p2a: The King|76/100|[from] Salt Cure
|upkeep
|turn|12
|
|t:|1757833075
|move|p2a: The King|Knock Off|p1a: Zapdos
|-damage|p1a: Zapdos|36/100
|-enditem|p1a: Zapdos|Wide Lens|[from] move: Knock Off|[of] p2a: The King
|move|p1a: Zapdos|Hurricane|p2a: The King|[miss]
|-miss|p1a: Zapdos|p2a: The King
|
|-heal|p2a: The King|82/100|[from] item: Leftovers
|-damage|p2a: The King|70/100|[from] Salt Cure
|upkeep
|turn|13
|
|t:|1757833084
|move|p2a: The King|Knock Off|p1a: Zapdos
|-crit|p1a: Zapdos
|-damage|p1a: Zapdos|0 fnt
|faint|p1a: Zapdos
|
|-heal|p2a: The King|76/100|[from] item: Leftovers
|-damage|p2a: The King|64/100|[from] Salt Cure
|upkeep
|
|t:|1757833092
|switch|p1a: Cinderace|Cinderace, M|100/100
|turn|14
|
|t:|1757833102
|switch|p2a: Zamazenta|Zamazenta, tera:Steel|62/100 par
|move|p1a: Cinderace|U-turn|p2a: Zamazenta
|-start|p1a: Cinderace|typechange|Bug|[from] ability: Libero
|-resisted|p2a: Zamazenta
|-damage|p2a: Zamazenta|50/100 par
|
|t:|1757833112
|switch|p1a: Scizor|Scizor, M|91/100|[from] U-turn
|
|-heal|p2a: Zamazenta|57/100 par|[from] item: Leftovers
|upkeep
|turn|15
|
|t:|1757833117
|move|p1a: Scizor|Close Combat|p2a: Zamazenta
|-supereffective|p2a: Zamazenta
|-damage|p2a: Zamazenta|0 fnt
|-unboost|p1a: Scizor|def|1
|-unboost|p1a: Scizor|spd|1
|faint|p2a: Zamazenta
|-damage|p1a: Scizor|81/100|[from] item: Life Orb
|
|upkeep
|
|t:|1757833129
|switch|p2a: MyChemRom|Samurott-Hisui, F, shiny|100/100
|turn|16
|
|t:|1757833140
|switch|p1a: Ogerpon|Ogerpon-Wellspring, F|100/100
|move|p2a: MyChemRom|Razor Shell|p1a: Ogerpon
|-immune|p1a: Ogerpon|[from] ability: Water Absorb
|
|upkeep
|turn|17
|
|t:|1757833145
|switch|p2a: Get StickBugged|Araquanid, F|100/100
|move|p1a: Ogerpon|Swords Dance|p1a: Ogerpon
|-boost|p1a: Ogerpon|atk|2
|
|upkeep
|turn|18
|
|t:|1757833156
|move|p1a: Ogerpon|Horn Leech|p2a: Get StickBugged
|-damage|p2a: Get StickBugged|7/100
|move|p2a: Get StickBugged|Lunge|p1a: Ogerpon
|-supereffective|p1a: Ogerpon
|-damage|p1a: Ogerpon|56/100
|-unboost|p1a: Ogerpon|atk|1
|
|-heal|p2a: Get StickBugged|13/100|[from] item: Leftovers
|upkeep
|turn|19
|
|t:|1757833162
|move|p1a: Ogerpon|Horn Leech|p2a: Get StickBugged
|-damage|p2a: Get StickBugged|0 fnt
|-heal|p1a: Ogerpon|62/100|[from] drain|[of] p2a: Get StickBugged
|faint|p2a: Get StickBugged
|
|upkeep
|
|t:|1757833170
|switch|p2a: MyChemRom|Samurott-Hisui, F, shiny|100/100
|turn|20
|
|t:|1757833173
|move|p2a: MyChemRom|Ceaseless Edge|p1a: Ogerpon
|-damage|p1a: Ogerpon|6/100
|-sidestart|p1: trrzno2|Spikes
|move|p1a: Ogerpon|Horn Leech|p2a: MyChemRom
|-supereffective|p2a: MyChemRom
|-damage|p2a: MyChemRom|0 fnt
|-heal|p1a: Ogerpon|51/100|[from] drain|[of] p2a: MyChemRom
|faint|p2a: MyChemRom
|
|upkeep
|-message|AheQ647 forfeited.
|
|win|trrzno2
|raw|trrzno2's rating: 1303 &rarr; <strong>1325</strong><br />(+22 for winning)
|raw|AheQ647's rating: 1332 &rarr; <strong>1310</strong><br />(-22 for losing)
|l|☆AheQ647
|player|p2|
|l|☆trrzno2
|player|p1|
