|j|☆EdgingCeaselesslly
|j|☆epicgamer069420
|t:|1757828203
|gametype|singles
|player|p1|EdgingCeaselesslly|265|1588
|player|p2|epicgamer069420|hilbert|1614
|gen|9
|tier|[Gen 9] OU
|rated|
|rule|HP Percentage Mod: HP is shown in percentages
|rule|Endless Battle Clause: Forcing endless battles is banned
|rule|Species Clause: Limit one of each Pokémon
|rule|OHKO Clause: OHKO moves are banned
|rule|Evasion Items Clause: Evasion items are banned
|rule|Evasion Moves Clause: Evasion moves are banned
|rule|Evasion Abilities Clause: Evasion abilities are banned
|rule|Sleep Moves Clause: Sleep-inducing moves are banned
|clearpoke
|poke|p1|Landorus-Therian, M|
|poke|p1|Samurott-Hisui, M|
|poke|p1|Scizor, M|
|poke|p1|Latios, M|
|poke|p1|Zamazenta-*|
|poke|p1|Pecharunt|
|poke|p2|Landorus-Therian, M|
|poke|p2|Ribombee, M|
|poke|p2|Gholdengo|
|poke|p2|Iron Moth|
|poke|p2|Raging Bolt|
|poke|p2|Kingambit, M|
|teampreview
|inactive|Battle timer is ON: inactive players will automatically lose when time's up. (requested by epicgamer069420)
|
|t:|1757828214
|teamsize|p1|6
|teamsize|p2|6
|start
|switch|p1a: Landorus|Landorus-Therian, M|100/100
|switch|p2a: ROBO-KY|Ribombee, M|100/100
|-ability|p1a: Landorus|Intimidate|boost
|-unboost|p2a: ROBO-KY|atk|1
|turn|1
|
|t:|1757828218
|move|p2a: ROBO-KY|Sticky Web|p1a: Landorus
|-sidestart|p1: EdgingCeaselesslly|move: Sticky Web
|move|p1a: Landorus|Stealth Rock|p2a: ROBO-KY
|-sidestart|p2: epicgamer069420|move: Stealth Rock
|
|upkeep
|turn|2
|
|t:|1757828222
|move|p2a: ROBO-KY|Moonblast|p1a: Landorus
|-damage|p1a: Landorus|59/100
|-unboost|p1a: Landorus|spa|1
|move|p1a: Landorus|U-turn|p2a: ROBO-KY
|-resisted|p2a: ROBO-KY
|-damage|p2a: ROBO-KY|77/100
|
|t:|1757828225
|switch|p1a: Scizor|Scizor, M|100/100|[from] U-turn
|
|upkeep
|turn|3
|
|t:|1757828227
|move|p1a: Scizor|Bullet Punch|p2a: ROBO-KY
|-supereffective|p2a: ROBO-KY
|-damage|p2a: ROBO-KY|0 fnt
|faint|p2a: ROBO-KY
|
|upkeep
|
|t:|1757828231
|switch|p2a: Last Surprise|Iron Moth|100/100
|-damage|p2a: Last Surprise|76/100|[from] Stealth Rock
|turn|4
|
|t:|1757828240
|switch|p1a: Samurott|Samurott-Hisui, M|100/100
|-activate|p1a: Samurott|move: Sticky Web
|-unboost|p1a: Samurott|spe|1
|move|p2a: Last Surprise|Substitute|p2a: Last Surprise
|-start|p2a: Last Surprise|Substitute
|-damage|p2a: Last Surprise|51/100
|
|upkeep
|turn|5
|
|t:|1757828245
|move|p2a: Last Surprise|Sludge Wave|p1a: Samurott
|-damage|p1a: Samurott|44/100
|move|p1a: Samurott|Ceaseless Edge|p2a: Last Surprise
|-crit|p2a: Last Surprise
|-end|p2a: Last Surprise|Substitute
|-sidestart|p2: epicgamer069420|Spikes
|
|upkeep
|turn|6
|
|t:|1757828250
|move|p1a: Samurott|Aqua Jet|p2a: Last Surprise
|-supereffective|p2a: Last Surprise
|-damage|p2a: Last Surprise|0 fnt
|faint|p2a: Last Surprise
|-end|p2a: Last Surprise|Quark Drive|[silent]
|
|upkeep
|
|t:|1757828259
|switch|p2a: Deep Blue Sea|Landorus-Therian, M|100/100
|-damage|p2a: Deep Blue Sea|88/100|[from] Stealth Rock
|-ability|p2a: Deep Blue Sea|Intimidate|boost
|-unboost|p1a: Samurott|atk|1
|turn|7
|
|t:|1757828271
|switch|p1a: Landorus|Landorus-Therian, M|59/100
|-ability|p1a: Landorus|Intimidate|boost
|-unboost|p2a: Deep Blue Sea|atk|1
|move|p2a: Deep Blue Sea|Earthquake|p1a: Landorus
|-immune|p1a: Landorus
|
|upkeep
|turn|8
|
|t:|1757828276
|move|p2a: Deep Blue Sea|Swords Dance|p2a: Deep Blue Sea
|-boost|p2a: Deep Blue Sea|atk|2
|move|p1a: Landorus|Smack Down|p2a: Deep Blue Sea
|-damage|p2a: Deep Blue Sea|70/100
|-start|p2a: Deep Blue Sea|Smack Down
|
|upkeep
|turn|9
|
|t:|1757828282
|move|p2a: Deep Blue Sea|Smack Down|p1a: Landorus
|-damage|p1a: Landorus|33/100
|-start|p1a: Landorus|Smack Down
|move|p1a: Landorus|Earthquake|p2a: Deep Blue Sea
|-damage|p2a: Deep Blue Sea|12/100
|
|upkeep
|turn|10
|
|t:|1757828289
|switch|p1a: Latios|Latios, M|100/100
|move|p2a: Deep Blue Sea|Smack Down|p1a: Latios
|-damage|p1a: Latios|61/100
|-start|p1a: Latios|Smack Down
|
|upkeep
|turn|11
|
|t:|1757828296
|move|p1a: Latios|Psychic Noise|p2a: Deep Blue Sea
|-damage|p2a: Deep Blue Sea|0 fnt
|faint|p2a: Deep Blue Sea
|
|upkeep
|
|t:|1757828318
|switch|p2a: 24th Avenue|Gholdengo|100/100
|-damage|p2a: 24th Avenue|94/100|[from] Stealth Rock
|-item|p2a: 24th Avenue|Air Balloon
|turn|12
|
|t:|1757828323
|switch|p1a: Samurott|Samurott-Hisui, M|44/100
|-activate|p1a: Samurott|move: Sticky Web
|-unboost|p1a: Samurott|spe|1
|move|p2a: 24th Avenue|Nasty Plot|p2a: 24th Avenue
|-boost|p2a: 24th Avenue|spa|2
|
|upkeep
|turn|13
|
|t:|1757828330
|move|p1a: Samurott|Aqua Jet|p2a: 24th Avenue
|-damage|p2a: 24th Avenue|71/100
|-enditem|p2a: 24th Avenue|Air Balloon
|move|p2a: 24th Avenue|Dazzling Gleam|p1a: Samurott
|-supereffective|p1a: Samurott
|-damage|p1a: Samurott|0 fnt
|faint|p1a: Samurott
|
|upkeep
|
|t:|1757828332
|switch|p1a: Landorus|Landorus-Therian, M|33/100
|-ability|p1a: Landorus|Intimidate|boost
|-unboost|p2a: 24th Avenue|atk|1
|turn|14
|
|t:|1757828336
|-terastallize|p2a: 24th Avenue|Fairy
|move|p1a: Landorus|Earthquake|p2a: 24th Avenue
|-damage|p2a: 24th Avenue|15/100
|move|p2a: 24th Avenue|Dazzling Gleam|p1a: Landorus
|-damage|p1a: Landorus|0 fnt
|faint|p1a: Landorus
|
|upkeep
|
|t:|1757828339
|switch|p1a: Scizor|Scizor, M|100/100
|turn|15
|
|t:|1757828343
|move|p1a: Scizor|Bullet Punch|p2a: 24th Avenue
|-supereffective|p2a: 24th Avenue
|-damage|p2a: 24th Avenue|0 fnt
|faint|p2a: 24th Avenue
|
|upkeep
|
|t:|1757828352
|switch|p2a: Cleanup Celestial|Raging Bolt|100/100
|-damage|p2a: Cleanup Celestial|88/100|[from] Stealth Rock
|-damage|p2a: Cleanup Celestial|76/100|[from] Spikes
|-enditem|p2a: Cleanup Celestial|Booster Energy
|-activate|p2a: Cleanup Celestial|ability: Protosynthesis|[fromitem]
|-start|p2a: Cleanup Celestial|protosynthesisspa
|turn|16
|
|t:|1757828361
|move|p2a: Cleanup Celestial|Thunderbolt|p1a: Scizor
|-damage|p1a: Scizor|0 fnt
|faint|p1a: Scizor
|
|upkeep
|
|t:|1757828364
|switch|p1a: Latios|Latios, M|61/100
|turn|17
|
|t:|1757828376
|move|p1a: Latios|Draco Meteor|p2a: Cleanup Celestial
|-supereffective|p2a: Cleanup Celestial
|-damage|p2a: Cleanup Celestial|0 fnt
|-unboost|p1a: Latios|spa|2
|faint|p2a: Cleanup Celestial
|-end|p2a: Cleanup Celestial|Protosynthesis|[silent]
|
|upkeep
|
|t:|1757828379
|switch|p2a: Defiant t'il end|Kingambit, M|100/100
|-damage|p2a: Defiant t'il end|94/100|[from] Stealth Rock
|-damage|p2a: Defiant t'il end|82/100|[from] Spikes
|-activate|p2a: Defiant t'il end|ability: Supreme Overlord
|-start|p2a: Defiant t'il end|fallen5|[silent]
|turn|18
|
|t:|1757828386
|switch|p1a: Zamazenta|Zamazenta|100/100
|-activate|p1a: Zamazenta|move: Sticky Web
|-unboost|p1a: Zamazenta|spe|1
|-ability|p1a: Zamazenta|Dauntless Shield|boost
|-boost|p1a: Zamazenta|def|1
|move|p2a: Defiant t'il end|Swords Dance|p2a: Defiant t'il end
|-boost|p2a: Defiant t'il end|atk|2
|
|upkeep
|turn|19
|
|t:|1757828389
|move|p1a: Zamazenta|Body Press|p2a: Defiant t'il end
|-supereffective|p2a: Defiant t'il end
|-damage|p2a: Defiant t'il end|0 fnt
|faint|p2a: Defiant t'il end
|-end|p2a: Defiant t'il end|fallen5|[silent]
|
|win|EdgingCeaselesslly
|raw|EdgingCeaselesslly's rating: 1588 &rarr; <strong>1609</strong><br />(+21 for winning)
|raw|epicgamer069420's rating: 1614 &rarr; <strong>1593</strong><br />(-21 for losing)
|l|☆epicgamer069420
|player|p2|
