|j|☆Goupilalavanil
|j|☆Mafia Cynthia
|t:|1757870657
|gametype|singles
|player|p1|Goupilalavanil|benga|1310
|player|p2|Mafia Cynthia|cynthia|1262
|gen|9
|tier|[Gen 9] OU
|rated|
|rule|HP Percentage Mod: HP is shown in percentages
|rule|Endless Battle Clause: Forcing endless battles is banned
|rule|Species Clause: Limit one of each Pokémon
|rule|OHKO Clause: OHKO moves are banned
|rule|Evasion Items Clause: Evasion items are banned
|rule|Evasion Moves Clause: Evasion moves are banned
|rule|Evasion Abilities Clause: Evasion abilities are banned
|rule|Sleep Moves Clause: Sleep-inducing moves are banned
|clearpoke
|poke|p1|Iron Moth|
|poke|p1|Kingambit, M|
|poke|p1|Dragonite, F|
|poke|p1|Ogerpon-Cornerstone, F|
|poke|p1|Iron Valiant|
|poke|p1|Raging Bolt|
|poke|p2|Garchomp, M|
|poke|p2|Spiritomb, M|
|poke|p2|Lucario, M|
|poke|p2|Gastrodon, M|
|poke|p2|Enamorus, F|
|poke|p2|Galvantula, F|
|teampreview
|
|t:|1757870663
|teamsize|p1|6
|teamsize|p2|6
|start
|switch|p1a: Ogerpon|Ogerpon-Cornerstone, F|100/100
|switch|p2a: Poppy|Galvantula, F, shiny|100/100
|turn|1
|
|t:|1757870675
|move|p1a: Ogerpon|Ivy Cudgel|p2a: Poppy|[anim] Ivy Cudgel Rock
|-supereffective|p2a: Poppy
|-enditem|p2a: Poppy|Focus Sash
|-damage|p2a: Poppy|1/100
|move|p2a: Poppy|Sticky Web|p1a: Ogerpon
|-sidestart|p1: Goupilalavanil|move: Sticky Web
|
|upkeep
|turn|2
|
|t:|1757870683
|move|p1a: Ogerpon|Swords Dance|p1a: Ogerpon
|-boost|p1a: Ogerpon|atk|2
|move|p2a: Poppy|Thunder Wave|p1a: Ogerpon
|-status|p1a: Ogerpon|par
|
|upkeep
|turn|3
|
|t:|1757870689
|move|p2a: Poppy|Bug Buzz|p1a: Ogerpon
|-supereffective|p1a: Ogerpon
|-damage|p1a: Ogerpon|17/100 par
|move|p1a: Ogerpon|Knock Off|p2a: Poppy
|-damage|p2a: Poppy|0 fnt
|faint|p2a: Poppy
|
|upkeep
|
|t:|1757870703
|switch|p2a: Cupcake|Garchomp, M|100/100
|turn|4
|
|t:|1757870709
|move|p2a: Cupcake|Stealth Rock|p1a: Ogerpon
|-sidestart|p1: Goupilalavanil|move: Stealth Rock
|move|p1a: Ogerpon|Power Whip|p2a: Cupcake|[miss]
|-miss|p1a: Ogerpon|p2a: Cupcake
|
|upkeep
|turn|5
|
|t:|1757870717
|move|p2a: Cupcake|Earthquake|p1a: Ogerpon
|-damage|p1a: Ogerpon|0 fnt
|faint|p1a: Ogerpon
|
|upkeep
|
|t:|1757870725
|switch|p1a: Iron Valiant|Iron Valiant|100/100
|-activate|p1a: Iron Valiant|move: Sticky Web
|-unboost|p1a: Iron Valiant|spe|1
|-damage|p1a: Iron Valiant|94/100|[from] Stealth Rock
|-enditem|p1a: Iron Valiant|Booster Energy
|-activate|p1a: Iron Valiant|ability: Quark Drive|[fromitem]
|-start|p1a: Iron Valiant|quarkdriveatk
|turn|6
|
|t:|1757870742
|-terastallize|p2a: Cupcake|Ghost
|move|p2a: Cupcake|Earthquake|p1a: Iron Valiant
|-damage|p1a: Iron Valiant|42/100
|move|p1a: Iron Valiant|Swords Dance|p1a: Iron Valiant
|-boost|p1a: Iron Valiant|atk|2
|
|upkeep
|turn|7
|
|t:|1757870750
|move|p2a: Cupcake|Earthquake|p1a: Iron Valiant
|-damage|p1a: Iron Valiant|0 fnt
|faint|p1a: Iron Valiant
|-end|p1a: Iron Valiant|Quark Drive|[silent]
|
|upkeep
|
|t:|1757870757
|switch|p1a: Raging Bolt|Raging Bolt|100/100
|-activate|p1a: Raging Bolt|move: Sticky Web
|-unboost|p1a: Raging Bolt|spe|1
|-damage|p1a: Raging Bolt|88/100|[from] Stealth Rock
|-enditem|p1a: Raging Bolt|Booster Energy
|-activate|p1a: Raging Bolt|ability: Protosynthesis|[fromitem]
|-start|p1a: Raging Bolt|protosynthesisspa
|turn|8
|
|t:|1757870765
|move|p1a: Raging Bolt|Thunderclap|p2a: Cupcake
|-damage|p2a: Cupcake|50/100
|move|p2a: Cupcake|Earthquake|p1a: Raging Bolt
|-supereffective|p1a: Raging Bolt
|-damage|p1a: Raging Bolt|11/100
|
|upkeep
|turn|9
|
|t:|1757870774
|move|p1a: Raging Bolt|Thunderclap|p2a: Cupcake
|-damage|p2a: Cupcake|0 fnt
|faint|p2a: Cupcake
|
|upkeep
|
|t:|1757870780
|switch|p2a: Garden slug|Gastrodon, M|100/100
|turn|10
|
|t:|1757870786
|move|p1a: Raging Bolt|Dragon Pulse|p2a: Garden slug
|-damage|p2a: Garden slug|40/100
|move|p2a: Garden slug|Surf|p1a: Raging Bolt
|-resisted|p1a: Raging Bolt
|-damage|p1a: Raging Bolt|0 fnt
|faint|p1a: Raging Bolt
|-end|p1a: Raging Bolt|Protosynthesis|[silent]
|
|upkeep
|
|t:|1757870792
|switch|p1a: Dragonite|Dragonite, F|100/100
|turn|11
|
|t:|1757870796
|move|p1a: Dragonite|Dragon Dance|p1a: Dragonite
|-boost|p1a: Dragonite|atk|1
|-boost|p1a: Dragonite|spe|1
|move|p2a: Garden slug|Ice Beam|p1a: Dragonite
|-supereffective|p1a: Dragonite
|-damage|p1a: Dragonite|27/100
|
|upkeep
|turn|12
|
|t:|1757870803
|move|p1a: Dragonite|Extreme Speed|p2a: Garden slug
|-damage|p2a: Garden slug|0 fnt
|faint|p2a: Garden slug
|
|upkeep
|
|t:|1757870814
|switch|p2a: The doggo|Lucario, M, shiny|100/100
|turn|13
|
|t:|1757870819
|move|p2a: The doggo|Extreme Speed|p1a: Dragonite
|-damage|p1a: Dragonite|0 fnt
|faint|p1a: Dragonite
|-damage|p2a: The doggo|91/100|[from] item: Life Orb
|
|upkeep
|
|t:|1757870823
|switch|p1a: Iron Moth|Iron Moth|100/100
|-activate|p1a: Iron Moth|move: Sticky Web
|-unboost|p1a: Iron Moth|spe|1
|-damage|p1a: Iron Moth|76/100|[from] Stealth Rock
|-enditem|p1a: Iron Moth|Booster Energy
|-activate|p1a: Iron Moth|ability: Quark Drive|[fromitem]
|-start|p1a: Iron Moth|quarkdrivespa
|turn|14
|
|t:|1757870839
|move|p2a: The doggo|Extreme Speed|p1a: Iron Moth
|-damage|p1a: Iron Moth|26/100
|-damage|p2a: The doggo|81/100|[from] item: Life Orb
|move|p1a: Iron Moth|Fiery Dance|p2a: The doggo
|-supereffective|p2a: The doggo
|-damage|p2a: The doggo|0 fnt
|faint|p2a: The doggo
|
|upkeep
|
|t:|1757870849
|switch|p2a: Fast granny|Enamorus, F|100/100
|turn|15
|
|t:|1757870853
|move|p2a: Fast granny|Earth Power|p1a: Iron Moth
|-supereffective|p1a: Iron Moth
|-damage|p1a: Iron Moth|0 fnt
|faint|p1a: Iron Moth
|-end|p1a: Iron Moth|Quark Drive|[silent]
|
|upkeep
|
|t:|1757870856
|switch|p1a: Kingambit|Kingambit, M|100/100
|-activate|p1a: Kingambit|move: Sticky Web
|-unboost|p1a: Kingambit|spe|1
|-damage|p1a: Kingambit|94/100|[from] Stealth Rock
|-activate|p1a: Kingambit|ability: Supreme Overlord
|-start|p1a: Kingambit|fallen5|[silent]
|turn|16
|inactive|Battle timer is ON: inactive players will automatically lose when time's up. (requested by Goupilalavanil)
|
|t:|1757870867
|-terastallize|p1a: Kingambit|Ghost
|move|p2a: Fast granny|Earth Power|p1a: Kingambit
|-damage|p1a: Kingambit|58/100
|move|p1a: Kingambit|Iron Head|p2a: Fast granny
|-supereffective|p2a: Fast granny
|-damage|p2a: Fast granny|0 fnt
|faint|p2a: Fast granny
|
|upkeep
|
|t:|1757870876
|switch|p2a: The thing|Spiritomb, M, shiny|100/100
|turn|17
|
|t:|1757870882
|move|p1a: Kingambit|Kowtow Cleave|p2a: The thing
|-damage|p2a: The thing|44/100
|move|p2a: The thing|Will-O-Wisp|p1a: Kingambit
|-status|p1a: Kingambit|brn
|-enditem|p1a: Kingambit|Lum Berry|[eat]
|-curestatus|p1a: Kingambit|brn|[msg]
|
|-heal|p2a: The thing|50/100|[from] item: Leftovers
|upkeep
|turn|18
|
|t:|1757870898
|move|p1a: Kingambit|Kowtow Cleave|p2a: The thing
|-damage|p2a: The thing|0 fnt
|faint|p2a: The thing
|
|win|Goupilalavanil
|raw|Goupilalavanil's rating: 1310 &rarr; <strong>1327</strong><br />(+17 for winning)
|raw|Mafia Cynthia's rating: 1262 &rarr; <strong>1240</strong><br />(-22 for losing)
|l|☆Goupilalavanil
|player|p1|
|l|☆Mafia Cynthia
|player|p2|
