|j|☆99steps_stuts
|j|☆BeachLeak
|t:|1757824269
|gametype|singles
|player|p1|99steps_stuts|brycenman|1616
|player|p2|BeachLeak|archer|1595
|gen|9
|tier|[Gen 9] OU
|rated|
|rule|HP Percentage Mod: HP is shown in percentages
|rule|Endless Battle Clause: Forcing endless battles is banned
|rule|Species Clause: Limit one of each Pokémon
|rule|OHKO Clause: OHKO moves are banned
|rule|Evasion Items Clause: Evasion items are banned
|rule|Evasion Moves Clause: Evasion moves are banned
|rule|Evasion Abilities Clause: Evasion abilities are banned
|rule|Sleep Moves Clause: Sleep-inducing moves are banned
|clearpoke
|poke|p1|Clefable, F|
|poke|p1|Incineroar, M|
|poke|p1|Clodsire, F|
|poke|p1|Zapdos-Galar|
|poke|p1|Gholdengo|
|poke|p1|Dragapult, F|
|poke|p2|Salamence, M|
|poke|p2|Tyranitar, M|
|poke|p2|Excadrill, M|
|poke|p2|Iron Crown|
|poke|p2|Azumarill, M|
|poke|p2|Zamazenta-*|
|teampreview
|inactive|Battle timer is ON: inactive players will automatically lose when time's up. (requested by 99steps_stuts)
|
|t:|1757824286
|teamsize|p1|6
|teamsize|p2|6
|start
|switch|p1a: Quaqsire|Clodsire, F, shiny|100/100
|switch|p2a: Iron Crown|Iron Crown|100/100
|turn|1
|
|t:|1757824292
|move|p2a: Iron Crown|Volt Switch|p1a: Quaqsire
|-immune|p1a: Quaqsire
|move|p1a: Quaqsire|Stealth Rock|p2a: Iron Crown
|-sidestart|p2: BeachLeak|move: Stealth Rock
|
|upkeep
|turn|2
|j| wgw2333
|
|t:|1757824299
|-end|p2a: Iron Crown|Quark Drive|[silent]
|switch|p2a: Excadrill|Excadrill, M|100/100
|-damage|p2a: Excadrill|97/100|[from] Stealth Rock
|-item|p2a: Excadrill|Air Balloon
|move|p1a: Quaqsire|Earthquake|p2a: Excadrill
|-immune|p2a: Excadrill
|
|upkeep
|turn|3
|
|t:|1757824307
|switch|p1a: Gholdengo|Gholdengo, shiny|100/100
|-item|p1a: Gholdengo|Air Balloon
|move|p2a: Excadrill|Iron Head|p1a: Gholdengo
|-resisted|p1a: Gholdengo
|-damage|p1a: Gholdengo|78/100
|-enditem|p1a: Gholdengo|Air Balloon
|
|upkeep
|turn|4
|
|t:|1757824313
|move|p2a: Excadrill|Rapid Spin|p1a: Gholdengo
|-immune|p1a: Gholdengo
|move|p1a: Gholdengo|Focus Blast|p2a: Excadrill|[miss]
|-miss|p1a: Gholdengo|p2a: Excadrill
|
|upkeep
|turn|5
|
|t:|1757824317
|switch|p1a: Zapdos|Zapdos-Galar, shiny|100/100
|move|p2a: Excadrill|Earthquake|p1a: Zapdos
|-immune|p1a: Zapdos
|
|upkeep
|turn|6
|
|t:|1757824325
|move|p1a: Zapdos|Thunderous Kick|p2a: Excadrill
|-supereffective|p2a: Excadrill
|-damage|p2a: Excadrill|0 fnt
|-enditem|p2a: Excadrill|Air Balloon
|faint|p2a: Excadrill
|
|upkeep
|
|t:|1757824328
|switch|p2a: Sherbet|Salamence, M, shiny|100/100
|-damage|p2a: Sherbet|76/100|[from] Stealth Rock
|-ability|p2a: Sherbet|Intimidate|boost
|-unboost|p1a: Zapdos|atk|1
|-ability|p1a: Zapdos|Defiant|boost
|-boost|p1a: Zapdos|atk|2
|turn|7
|
|t:|1757824332
|move|p2a: Sherbet|Air Slash|p1a: Zapdos
|-supereffective|p1a: Zapdos
|-damage|p1a: Zapdos|0 fnt
|faint|p1a: Zapdos
|
|upkeep
|
|t:|1757824337
|switch|p1a: Dragapult|Dragapult, F|100/100
|turn|8
|
|t:|1757824340
|move|p1a: Dragapult|U-turn|p2a: Sherbet
|-resisted|p2a: Sherbet
|-damage|p2a: Sherbet|62/100
|
|t:|1757824343
|switch|p1a: Clefairie|Clefable, F, shiny|100/100|[from] U-turn
|move|p2a: Sherbet|Air Slash|p1a: Clefairie
|-damage|p1a: Clefairie|52/100
|
|-heal|p1a: Clefairie|58/100|[from] item: Leftovers
|upkeep
|turn|9
|
|t:|1757824349
|move|p2a: Sherbet|Air Slash|p1a: Clefairie
|-damage|p1a: Clefairie|8/100
|move|p1a: Clefairie|Wish|p1a: Clefairie
|
|-heal|p1a: Clefairie|14/100|[from] item: Leftovers
|upkeep
|turn|10
|
|t:|1757824354
|switch|p2a: Iron Crown|Iron Crown|100/100
|-damage|p2a: Iron Crown|94/100|[from] Stealth Rock
|move|p1a: Clefairie|Protect||[still]
|-fail|p1a: Clefairie
|
|-heal|p1a: Clefairie|64/100|[from] move: Wish|[wisher] Clefairie
|-heal|p1a: Clefairie|70/100|[from] item: Leftovers
|upkeep
|turn|11
|
|t:|1757824358
|move|p1a: Clefairie|Protect|p1a: Clefairie
|-singleturn|p1a: Clefairie|Protect
|move|p2a: Iron Crown|Psychic Noise|p1a: Clefairie
|-activate|p1a: Clefairie|move: Protect
|
|-heal|p1a: Clefairie|76/100|[from] item: Leftovers
|upkeep
|turn|12
|
|t:|1757824362
|-end|p2a: Iron Crown|Quark Drive|[silent]
|switch|p2a: Tyranitar|Tyranitar, M, shiny|100/100
|-damage|p2a: Tyranitar|88/100|[from] Stealth Rock
|-weather|Sandstorm|[from] ability: Sand Stream|[of] p2a: Tyranitar
|switch|p1a: Incineroar|Incineroar, M, shiny|100/100
|-ability|p1a: Incineroar|Intimidate|boost
|-unboost|p2a: Tyranitar|atk|1
|
|-weather|Sandstorm|[upkeep]
|-damage|p1a: Incineroar|94/100|[from] Sandstorm
|upkeep
|turn|13
|
|t:|1757824368
|move|p2a: Tyranitar|Earthquake|p1a: Incineroar
|-supereffective|p1a: Incineroar
|-damage|p1a: Incineroar|14/100
|move|p1a: Incineroar|U-turn|p2a: Tyranitar
|-supereffective|p2a: Tyranitar
|-damage|p2a: Tyranitar|40/100
|
|t:|1757824371
|switch|p1a: Dragapult|Dragapult, F|100/100|[from] U-turn
|
|-weather|Sandstorm|[upkeep]
|-damage|p1a: Dragapult|95/100|[from] Sandstorm
|upkeep
|turn|14
|
|t:|1757824374
|move|p1a: Dragapult|Dragon Darts|p2a: Tyranitar
|-damage|p2a: Tyranitar|20/100
|-anim|p1a: Dragapult|Dragon Darts|p2a: Tyranitar
|-damage|p2a: Tyranitar|0 fnt
|faint|p2a: Tyranitar
|
|-weather|Sandstorm|[upkeep]
|-damage|p1a: Dragapult|89/100|[from] Sandstorm
|upkeep
|
|t:|1757824382
|switch|p2a: Iron Crown|Iron Crown|94/100
|-damage|p2a: Iron Crown|88/100|[from] Stealth Rock
|turn|15
|
|t:|1757824386
|move|p2a: Iron Crown|Volt Switch|p1a: Dragapult
|-resisted|p1a: Dragapult
|-damage|p1a: Dragapult|72/100
|
|t:|1757824392
|-end|p2a: Iron Crown|Quark Drive|[silent]
|switch|p2a: Azumarill|Azumarill, M, shiny|100/100|[from] Volt Switch
|-damage|p2a: Azumarill|88/100|[from] Stealth Rock
|move|p1a: Dragapult|U-turn|p2a: Azumarill
|-resisted|p2a: Azumarill
|-damage|p2a: Azumarill|76/100
|
|t:|1757824403
|switch|p1a: Gholdengo|Gholdengo, shiny|78/100|[from] U-turn
|
|-weather|Sandstorm|[upkeep]
|-damage|p2a: Azumarill|70/100|[from] Sandstorm
|upkeep
|turn|16
|
|t:|1757824406
|-terastallize|p2a: Azumarill|Water
|move|p1a: Gholdengo|Make It Rain|p2a: Azumarill
|-resisted|p2a: Azumarill
|-damage|p2a: Azumarill|33/100
|-unboost|p1a: Gholdengo|spa|1
|-enditem|p2a: Azumarill|Sitrus Berry|[eat]
|-heal|p2a: Azumarill|58/100|[from] item: Sitrus Berry
|move|p2a: Azumarill|Belly Drum|p2a: Azumarill
|-damage|p2a: Azumarill|8/100
|-setboost|p2a: Azumarill|atk|6|[from] move: Belly Drum
|
|-weather|none
|upkeep
|turn|17
|
|t:|1757824420
|switch|p1a: Clefairie|Clefable, F, shiny|76/100
|move|p2a: Azumarill|Aqua Jet|p1a: Clefairie
|-damage|p1a: Clefairie|52/100
|
|-heal|p1a: Clefairie|58/100|[from] item: Leftovers
|upkeep
|turn|18
|
|t:|1757824427
|move|p2a: Azumarill|Play Rough|p1a: Clefairie
|-damage|p1a: Clefairie|10/100
|move|p1a: Clefairie|Wish|p1a: Clefairie
|
|-heal|p1a: Clefairie|17/100|[from] item: Leftovers
|upkeep
|turn|19
|
|t:|1757824434
|move|p1a: Clefairie|Protect|p1a: Clefairie
|-singleturn|p1a: Clefairie|Protect
|move|p2a: Azumarill|Aqua Jet|p1a: Clefairie
|-activate|p1a: Clefairie|move: Protect
|
|-heal|p1a: Clefairie|66/100|[from] move: Wish|[wisher] Clefairie
|-heal|p1a: Clefairie|73/100|[from] item: Leftovers
|upkeep
|turn|20
|
|t:|1757824437
|move|p2a: Azumarill|Play Rough|p1a: Clefairie
|-damage|p1a: Clefairie|30/100
|move|p1a: Clefairie|Wish|p1a: Clefairie
|
|-heal|p1a: Clefairie|36/100|[from] item: Leftovers
|upkeep
|turn|21
|
|t:|1757824442
|move|p1a: Clefairie|Protect|p1a: Clefairie
|-singleturn|p1a: Clefairie|Protect
|move|p2a: Azumarill|Liquidation|p1a: Clefairie
|-activate|p1a: Clefairie|move: Protect
|
|-heal|p1a: Clefairie|85/100|[from] move: Wish|[wisher] Clefairie
|-heal|p1a: Clefairie|92/100|[from] item: Leftovers
|upkeep
|turn|22
|
|t:|1757824445
|move|p2a: Azumarill|Play Rough|p1a: Clefairie
|-damage|p1a: Clefairie|50/100
|move|p1a: Clefairie|Wish|p1a: Clefairie
|
|-heal|p1a: Clefairie|56/100|[from] item: Leftovers
|upkeep
|turn|23
|
|t:|1757824451
|move|p2a: Azumarill|Play Rough|p1a: Clefairie
|-damage|p1a: Clefairie|15/100
|move|p1a: Clefairie|Moonblast|p2a: Azumarill
|-damage|p2a: Azumarill|0 fnt
|faint|p2a: Azumarill
|
|-heal|p1a: Clefairie|65/100|[from] move: Wish|[wisher] Clefairie
|-heal|p1a: Clefairie|71/100|[from] item: Leftovers
|upkeep
|
|t:|1757824456
|switch|p2a: Iron Crown|Iron Crown|88/100
|-damage|p2a: Iron Crown|82/100|[from] Stealth Rock
|turn|24
|
|t:|1757824458
|move|p1a: Clefairie|Protect|p1a: Clefairie
|-singleturn|p1a: Clefairie|Protect
|move|p2a: Iron Crown|Tachyon Cutter|p1a: Clefairie
|-activate|p1a: Clefairie|move: Protect
|
|-heal|p1a: Clefairie|77/100|[from] item: Leftovers
|upkeep
|turn|25
|-message|BeachLeak forfeited.
|
|win|99steps_stuts
|raw|99steps_stuts's rating: 1616 &rarr; <strong>1635</strong><br />(+19 for winning)
|raw|BeachLeak's rating: 1595 &rarr; <strong>1576</strong><br />(-19 for losing)
|l|☆BeachLeak
|player|p2|
|l| wgw2333
