|j|☆Sephhyrix
|j|☆Femboyjoystick
|t:|1757934813
|gametype|singles
|player|p1|Sephhyrix|101|1185
|player|p2|Femboyjoystick|roxie|1234
|gen|9
|tier|[Gen 9] OU
|rated|
|rule|HP Percentage Mod: HP is shown in percentages
|rule|Endless Battle Clause: Forcing endless battles is banned
|rule|Species Clause: Limit one of each Pokémon
|rule|OHKO Clause: OHKO moves are banned
|rule|Evasion Items Clause: Evasion items are banned
|rule|Evasion Moves Clause: Evasion moves are banned
|rule|Evasion Abilities Clause: Evasion abilities are banned
|rule|Sleep Moves Clause: Sleep-inducing moves are banned
|clearpoke
|poke|p1|Iron Valiant|
|poke|p1|Reuniclus, F|
|poke|p1|Mandibuzz, F|
|poke|p1|Hatterene, F|
|poke|p1|Dragapult, F|
|poke|p1|Dragonite, M|
|poke|p2|Quaquaval, M|
|poke|p2|Hatterene, F|
|poke|p2|Gholdengo|
|poke|p2|Ogerpon-Wellspring, F|
|poke|p2|Great Tusk|
|poke|p2|Zapdos|
|teampreview
|inactive|Battle timer is ON: inactive players will automatically lose when time's up. (requested by Femboyjoystick)
|
|t:|1757934834
|teamsize|p1|6
|teamsize|p2|6
|start
|switch|p1a: Dragapult|Dragapult, F|100/100
|switch|p2a: Ogerpon|Ogerpon-Wellspring, F|100/100
|turn|1
|
|t:|1757934842
|move|p1a: Dragapult|U-turn|p2a: Ogerpon
|-supereffective|p2a: Ogerpon
|-damage|p2a: Ogerpon|35/100
|
|t:|1757934847
|switch|p1a: Mandibuzz|Mandibuzz, F|100/100|[from] U-turn
|move|p2a: Ogerpon|Knock Off|p1a: Mandibuzz
|-resisted|p1a: Mandibuzz
|-damage|p1a: Mandibuzz|87/100
|-enditem|p1a: Mandibuzz|Leftovers|[from] move: Knock Off|[of] p2a: Ogerpon
|
|upkeep
|turn|2
|
|t:|1757934856
|switch|p2a: Normal Set 1|Great Tusk|100/100
|move|p1a: Mandibuzz|Toxic|p2a: Normal Set 1
|-status|p2a: Normal Set 1|tox
|
|-damage|p2a: Normal Set 1|94/100 tox|[from] psn
|upkeep
|turn|3
|
|t:|1757934862
|move|p1a: Mandibuzz|Protect|p1a: Mandibuzz
|-singleturn|p1a: Mandibuzz|Protect
|move|p2a: Normal Set 1|Stealth Rock|p1a: Mandibuzz
|-sidestart|p1: Sephhyrix|move: Stealth Rock
|
|-damage|p2a: Normal Set 1|82/100 tox|[from] psn
|upkeep
|turn|4
|
|t:|1757934877
|move|p2a: Normal Set 1|Ice Spinner|p1a: Mandibuzz
|-supereffective|p1a: Mandibuzz
|-damage|p1a: Mandibuzz|54/100
|move|p1a: Mandibuzz|Knock Off|p2a: Normal Set 1
|-resisted|p2a: Normal Set 1
|-damage|p2a: Normal Set 1|75/100 tox
|-enditem|p2a: Normal Set 1|Red Card|[from] move: Knock Off|[of] p1a: Mandibuzz
|
|-damage|p2a: Normal Set 1|56/100 tox|[from] psn
|upkeep
|turn|5
|inactive|Femboyjoystick has 120 seconds left.
|
|t:|1757934917
|move|p2a: Normal Set 1|Ice Spinner|p1a: Mandibuzz
|-supereffective|p1a: Mandibuzz
|-damage|p1a: Mandibuzz|24/100
|move|p1a: Mandibuzz|Roost|p1a: Mandibuzz
|-heal|p1a: Mandibuzz|74/100
|-singleturn|p1a: Mandibuzz|move: Roost
|
|-damage|p2a: Normal Set 1|31/100 tox|[from] psn
|upkeep
|turn|6
|
|t:|1757934931
|-end|p2a: Normal Set 1|Protosynthesis|[silent]
|switch|p2a: Hatterene|Hatterene, F|100/100
|move|p1a: Mandibuzz|Roost|p1a: Mandibuzz
|-heal|p1a: Mandibuzz|100/100
|-singleturn|p1a: Mandibuzz|move: Roost
|
|upkeep
|turn|7
|
|t:|1757934940
|move|p1a: Mandibuzz|Knock Off|p2a: Hatterene
|-damage|p2a: Hatterene|73/100
|-enditem|p2a: Hatterene|Assault Vest|[from] move: Knock Off|[of] p1a: Mandibuzz
|move|p2a: Hatterene|Draining Kiss|p1a: Mandibuzz
|-supereffective|p1a: Mandibuzz
|-damage|p1a: Mandibuzz|62/100
|-heal|p2a: Hatterene|100/100|[from] drain|[of] p1a: Mandibuzz
|
|upkeep
|turn|8
|
|t:|1757934954
|switch|p1a: Iron Valiant|Iron Valiant, shiny|100/100
|-damage|p1a: Iron Valiant|94/100|[from] Stealth Rock
|-enditem|p1a: Iron Valiant|Booster Energy
|-activate|p1a: Iron Valiant|ability: Quark Drive|[fromitem]
|-start|p1a: Iron Valiant|quarkdrivespe
|move|p2a: Hatterene|Draining Kiss|p1a: Iron Valiant
|-supereffective|p1a: Iron Valiant
|-damage|p1a: Iron Valiant|0 fnt
|faint|p1a: Iron Valiant
|-end|p1a: Iron Valiant|Quark Drive|[silent]
|
|upkeep
|
|t:|1757934957
|switch|p1a: Dragonite|Dragonite, M|100/100
|-damage|p1a: Dragonite|75/100|[from] Stealth Rock
|turn|9
|
|t:|1757934964
|move|p1a: Dragonite|Earthquake|p2a: Hatterene
|-crit|p2a: Hatterene
|-damage|p2a: Hatterene|42/100
|move|p2a: Hatterene|Draining Kiss|p1a: Dragonite
|-supereffective|p1a: Dragonite
|-damage|p1a: Dragonite|11/100
|-heal|p2a: Hatterene|92/100|[from] drain|[of] p1a: Dragonite
|-enditem|p1a: Dragonite|Weakness Policy
|-boost|p1a: Dragonite|atk|2|[from] item: Weakness Policy
|-boost|p1a: Dragonite|spa|2|[from] item: Weakness Policy
|
|upkeep
|turn|10
|
|t:|1757934967
|move|p1a: Dragonite|Earthquake|p2a: Hatterene
|-damage|p2a: Hatterene|15/100
|move|p2a: Hatterene|Draining Kiss|p1a: Dragonite
|-supereffective|p1a: Dragonite
|-damage|p1a: Dragonite|0 fnt
|-heal|p2a: Hatterene|23/100|[from] drain|[of] p1a: Dragonite
|faint|p1a: Dragonite
|
|upkeep
|
|t:|1757934972
|switch|p1a: Dragapult|Dragapult, F|100/100
|-damage|p1a: Dragapult|88/100|[from] Stealth Rock
|turn|11
|
|t:|1757934983
|switch|p2a: Normal Set 1|Great Tusk|31/100 tox
|move|p1a: Dragapult|U-turn|p2a: Normal Set 1
|-resisted|p2a: Normal Set 1
|-damage|p2a: Normal Set 1|25/100 tox
|
|t:|1757934986
|switch|p1a: Mandibuzz|Mandibuzz, F|62/100|[from] U-turn
|-damage|p1a: Mandibuzz|37/100|[from] Stealth Rock
|
|-damage|p2a: Normal Set 1|18/100 tox|[from] psn
|upkeep
|turn|12
|
|t:|1757934991
|move|p1a: Mandibuzz|Protect|p1a: Mandibuzz
|-singleturn|p1a: Mandibuzz|Protect
|move|p2a: Normal Set 1|Ice Spinner|p1a: Mandibuzz
|-activate|p1a: Mandibuzz|move: Protect
|
|-damage|p2a: Normal Set 1|6/100 tox|[from] psn
|upkeep
|turn|13
|
|t:|1757935000
|switch|p1a: Reuniclus|Reuniclus, F, shiny|100/100
|move|p2a: Normal Set 1|Ice Spinner|p1a: Reuniclus
|-damage|p1a: Reuniclus|85/100
|
|-heal|p1a: Reuniclus|91/100|[from] item: Leftovers
|-damage|p2a: Normal Set 1|0 fnt|[from] psn
|faint|p2a: Normal Set 1
|-end|p2a: Normal Set 1|Protosynthesis|[silent]
|upkeep
|
|t:|1757935014
|switch|p2a: Gholdengo|Gholdengo|100/100
|turn|14
|
|t:|1757935019
|move|p2a: Gholdengo|Make It Rain|p1a: Reuniclus
|-damage|p1a: Reuniclus|25/100
|-unboost|p2a: Gholdengo|spa|1
|move|p1a: Reuniclus|Calm Mind|p1a: Reuniclus
|-boost|p1a: Reuniclus|spa|1
|-boost|p1a: Reuniclus|spd|1
|
|-heal|p1a: Reuniclus|31/100|[from] item: Leftovers
|upkeep
|turn|15
|
|t:|1757935023
|move|p2a: Gholdengo|Nasty Plot|p2a: Gholdengo
|-boost|p2a: Gholdengo|spa|2
|move|p1a: Reuniclus|Recover|p1a: Reuniclus
|-heal|p1a: Reuniclus|81/100
|
|-heal|p1a: Reuniclus|87/100|[from] item: Leftovers
|upkeep
|turn|16
|
|t:|1757935027
|move|p2a: Gholdengo|Nasty Plot|p2a: Gholdengo
|-boost|p2a: Gholdengo|spa|2
|move|p1a: Reuniclus|Trick Room|p1a: Reuniclus
|-fieldstart|move: Trick Room|[of] p1a: Reuniclus
|
|-heal|p1a: Reuniclus|93/100|[from] item: Leftovers
|upkeep
|turn|17
|
|t:|1757935033
|-terastallize|p2a: Gholdengo|Dark
|move|p1a: Reuniclus|Psychic|p2a: Gholdengo
|-immune|p2a: Gholdengo
|move|p2a: Gholdengo|Shadow Ball|p1a: Reuniclus
|-supereffective|p1a: Reuniclus
|-damage|p1a: Reuniclus|0 fnt
|faint|p1a: Reuniclus
|
|upkeep
|
|t:|1757935040
|switch|p1a: Hatterene|Hatterene, F|100/100
|-damage|p1a: Hatterene|88/100|[from] Stealth Rock
|turn|18
|
|t:|1757935045
|move|p1a: Hatterene|Draining Kiss|p2a: Gholdengo
|-supereffective|p2a: Gholdengo
|-crit|p2a: Gholdengo
|-damage|p2a: Gholdengo|37/100
|-heal|p1a: Hatterene|100/100|[from] drain|[of] p2a: Gholdengo
|move|p2a: Gholdengo|Shadow Ball|p1a: Hatterene
|-supereffective|p1a: Hatterene
|-damage|p1a: Hatterene|0 fnt
|faint|p1a: Hatterene
|
|-heal|p2a: Gholdengo|43/100|[from] item: Leftovers
|upkeep
|
|t:|1757935050
|switch|p1a: Dragapult|Dragapult, F|88/100
|-damage|p1a: Dragapult|76/100|[from] Stealth Rock
|turn|19
|
|t:|1757935055
|move|p2a: Gholdengo|Shadow Ball|p1a: Dragapult
|-supereffective|p1a: Dragapult
|-damage|p1a: Dragapult|0 fnt
|faint|p1a: Dragapult
|
|-heal|p2a: Gholdengo|49/100|[from] item: Leftovers
|upkeep
|
|t:|1757935060
|switch|p1a: Mandibuzz|Mandibuzz, F|37/100
|-damage|p1a: Mandibuzz|12/100|[from] Stealth Rock
|turn|20
|
|t:|1757935087
|move|p2a: Gholdengo|Shadow Ball|p1a: Mandibuzz
|-resisted|p1a: Mandibuzz
|-damage|p1a: Mandibuzz|0 fnt
|faint|p1a: Mandibuzz
|
|win|Femboyjoystick
|raw|Sephhyrix's rating: 1185 &rarr; <strong>1165</strong><br />(-20 for losing)
|raw|Femboyjoystick's rating: 1255 &rarr; <strong>1275</strong><br />(+20 for winning)
|l|☆Femboyjoystick
|player|p2|
|l|☆Sephhyrix
|player|p1|
