|j|☆MDR_pikachu
|j|☆Leader Alastor
|t:|1757895713
|gametype|singles
|player|p1|MDR_pikachu|dancer|1351
|player|p2|Leader Alastor|blue|1365
|gen|9
|tier|[Gen 9] OU
|rated|
|rule|HP Percentage Mod: HP is shown in percentages
|rule|Endless Battle Clause: Forcing endless battles is banned
|rule|Species Clause: Limit one of each Pokémon
|rule|OHKO Clause: OHKO moves are banned
|rule|Evasion Items Clause: Evasion items are banned
|rule|Evasion Moves Clause: Evasion moves are banned
|rule|Evasion Abilities Clause: Evasion abilities are banned
|rule|Sleep Moves Clause: Sleep-inducing moves are banned
|clearpoke
|poke|p1|Landorus-Therian, M|
|poke|p1|Gholdengo|
|poke|p1|Dragapult, M|
|poke|p1|Iron Valiant|
|poke|p1|Kingambit, M|
|poke|p1|Primarina, F|
|poke|p2|Ceruledge, F|
|poke|p2|Iron Valiant|
|poke|p2|Lilligant, F|
|poke|p2|Cloyster, F|
|poke|p2|Noivern, M|
|poke|p2|Malamar, F|
|teampreview
|inactive|Battle timer is ON: inactive players will automatically lose when time's up. (requested by Leader Alastor)
|
|t:|1757895721
|teamsize|p1|6
|teamsize|p2|6
|start
|switch|p1a: Landorus|Landorus-Therian, M|100/100
|switch|p2a: Trident|Cloyster, F|100/100
|-ability|p1a: Landorus|Intimidate|boost
|-unboost|p2a: Trident|atk|1
|turn|1
|
|t:|1757895726
|move|p1a: Landorus|Taunt|p2a: Trident
|-start|p2a: Trident|move: Taunt
|move|p2a: Trident|Icicle Spear|p1a: Landorus
|-supereffective|p1a: Landorus
|-damage|p1a: Landorus|66/100
|-supereffective|p1a: Landorus
|-damage|p1a: Landorus|37/100
|-supereffective|p1a: Landorus
|-damage|p1a: Landorus|2/100
|-supereffective|p1a: Landorus
|-damage|p1a: Landorus|0 fnt
|faint|p1a: Landorus
|-hitcount|p1: Landorus|4
|
|upkeep
|
|t:|1757895743
|switch|p1a: Primarina|Primarina, F|100/100
|turn|2
|
|t:|1757895751
|move|p2a: Trident|Waterfall|p1a: Primarina
|-resisted|p1a: Primarina
|-crit|p1a: Primarina
|-damage|p1a: Primarina|66/100
|move|p1a: Primarina|Psychic Noise|p2a: Trident
|-resisted|p2a: Trident
|-damage|p2a: Trident|55/100
|-start|p2a: Trident|move: Heal Block
|
|upkeep
|turn|3
|
|t:|1757895758
|move|p2a: Trident|Rock Blast|p1a: Primarina
|-damage|p1a: Primarina|59/100
|-damage|p1a: Primarina|53/100
|-damage|p1a: Primarina|46/100
|-damage|p1a: Primarina|40/100
|-damage|p1a: Primarina|34/100
|-hitcount|p1a: Primarina|5
|move|p1a: Primarina|Moonblast|p2a: Trident
|-damage|p2a: Trident|0 fnt
|faint|p2a: Trident
|
|upkeep
|
|t:|1757895764
|switch|p2a: Gladius|Lilligant, F|100/100
|turn|4
|
|t:|1757895774
|switch|p1a: Kingambit|Kingambit, M|100/100
|-activate|p1a: Kingambit|ability: Supreme Overlord
|-start|p1a: Kingambit|fallen1|[silent]
|move|p2a: Gladius|Quiver Dance|p2a: Gladius
|-boost|p2a: Gladius|spa|1
|-boost|p2a: Gladius|spd|1
|-boost|p2a: Gladius|spe|1
|
|upkeep
|turn|5
|
|t:|1757895780
|move|p2a: Gladius|Leech Seed|p1a: Kingambit
|-start|p1a: Kingambit|move: Leech Seed
|move|p1a: Kingambit|Swords Dance|p1a: Kingambit
|-boost|p1a: Kingambit|atk|2
|
|-damage|p1a: Kingambit|88/100|[from] Leech Seed|[of] p2a: Gladius
|upkeep
|turn|6
|
|t:|1757895793
|switch|p2a: Flamberge|Ceruledge, F|100/100
|move|p1a: Kingambit|Swords Dance|p1a: Kingambit
|-boost|p1a: Kingambit|atk|2
|
|-damage|p1a: Kingambit|76/100|[from] Leech Seed|[of] p2a: Flamberge
|upkeep
|turn|7
|
|t:|1757895798
|move|p1a: Kingambit|Sucker Punch|p2a: Flamberge
|-supereffective|p2a: Flamberge
|-enditem|p2a: Flamberge|Focus Sash
|-damage|p2a: Flamberge|1/100
|-ability|p2a: Flamberge|Weak Armor|boost
|-unboost|p2a: Flamberge|def|1
|-boost|p2a: Flamberge|spe|2
|move|p2a: Flamberge|Brick Break|p1a: Kingambit
|-supereffective|p1a: Kingambit
|-damage|p1a: Kingambit|0 fnt
|faint|p1a: Kingambit
|-end|p1a: Kingambit|fallen1|[silent]
|
|upkeep
|
|t:|1757895805
|switch|p1a: Primarina|Primarina, F|34/100
|turn|8
|
|t:|1757895808
|move|p2a: Flamberge|Bitter Blade|p1a: Primarina
|-resisted|p1a: Primarina
|-damage|p1a: Primarina|8/100
|-heal|p2a: Flamberge|17/100|[from] drain|[of] p1a: Primarina
|move|p1a: Primarina|Moonblast|p2a: Flamberge
|-resisted|p2a: Flamberge
|-crit|p2a: Flamberge
|-damage|p2a: Flamberge|0 fnt
|faint|p2a: Flamberge
|
|upkeep
|
|t:|1757895815
|switch|p2a: Gladius|Lilligant, F|100/100
|turn|9
|
|t:|1757895824
|switch|p1a: Gholdengo|Gholdengo|100/100
|-item|p1a: Gholdengo|Air Balloon
|move|p2a: Gladius|Quiver Dance|p2a: Gladius
|-boost|p2a: Gladius|spa|1
|-boost|p2a: Gladius|spd|1
|-boost|p2a: Gladius|spe|1
|
|upkeep
|turn|10
|
|t:|1757895832
|-terastallize|p2a: Gladius|Poison
|move|p2a: Gladius|Quiver Dance|p2a: Gladius
|-boost|p2a: Gladius|spa|1
|-boost|p2a: Gladius|spd|1
|-boost|p2a: Gladius|spe|1
|move|p1a: Gholdengo|Nasty Plot|p1a: Gholdengo
|-boost|p1a: Gholdengo|spa|2
|
|upkeep
|turn|11
|
|t:|1757895837
|move|p2a: Gladius|Giga Drain|p1a: Gholdengo
|-resisted|p1a: Gholdengo
|-damage|p1a: Gholdengo|69/100
|-enditem|p1a: Gholdengo|Air Balloon
|move|p1a: Gholdengo|Shadow Ball|p2a: Gladius
|-damage|p2a: Gladius|48/100
|
|upkeep
|turn|12
|
|t:|1757895840
|move|p2a: Gladius|Giga Drain|p1a: Gholdengo
|-resisted|p1a: Gholdengo
|-damage|p1a: Gholdengo|33/100
|-heal|p2a: Gladius|72/100|[from] drain|[of] p1a: Gholdengo
|move|p1a: Gholdengo|Shadow Ball|p2a: Gladius
|-damage|p2a: Gladius|24/100
|
|upkeep
|turn|13
|
|t:|1757895844
|move|p2a: Gladius|Giga Drain|p1a: Gholdengo
|-resisted|p1a: Gholdengo
|-damage|p1a: Gholdengo|2/100
|-heal|p2a: Gladius|45/100|[from] drain|[of] p1a: Gholdengo
|move|p1a: Gholdengo|Recover|p1a: Gholdengo
|-heal|p1a: Gholdengo|52/100
|
|upkeep
|turn|14
|
|t:|1757895847
|move|p2a: Gladius|Giga Drain|p1a: Gholdengo
|-resisted|p1a: Gholdengo
|-damage|p1a: Gholdengo|19/100
|-heal|p2a: Gladius|67/100|[from] drain|[of] p1a: Gholdengo
|move|p1a: Gholdengo|Recover|p1a: Gholdengo
|-heal|p1a: Gholdengo|69/100
|
|upkeep
|turn|15
|
|t:|1757895849
|move|p2a: Gladius|Giga Drain|p1a: Gholdengo
|-resisted|p1a: Gholdengo
|-damage|p1a: Gholdengo|35/100
|-heal|p2a: Gladius|90/100|[from] drain|[of] p1a: Gholdengo
|move|p1a: Gholdengo|Nasty Plot|p1a: Gholdengo
|-boost|p1a: Gholdengo|spa|2
|
|upkeep
|turn|16
|
|t:|1757895851
|move|p2a: Gladius|Giga Drain|p1a: Gholdengo
|-resisted|p1a: Gholdengo
|-damage|p1a: Gholdengo|0 fnt
|-heal|p2a: Gladius|100/100|[from] drain|[of] p1a: Gholdengo
|faint|p1a: Gholdengo
|
|upkeep
|
|t:|1757895855
|switch|p1a: Dragapult|Dragapult, M|100/100
|turn|17
|
|t:|1757895864
|move|p2a: Gladius|Tera Blast|p1a: Dragapult|[anim] Tera Blast Poison
|-resisted|p1a: Dragapult
|-damage|p1a: Dragapult|47/100
|move|p1a: Dragapult|Dragon Darts|p2a: Gladius
|-damage|p2a: Gladius|48/100
|-anim|p1a: Dragapult|Dragon Darts|p2a: Gladius
|-damage|p2a: Gladius|0 fnt
|faint|p2a: Gladius
|
|upkeep
|
|t:|1757895869
|switch|p2a: Scimitar|Noivern, M|100/100
|turn|18
|
|t:|1757895872
|move|p1a: Dragapult|Dragon Darts|p2a: Scimitar
|-supereffective|p2a: Scimitar
|-damage|p2a: Scimitar|4/100
|-anim|p1a: Dragapult|Dragon Darts|p2a: Scimitar
|-supereffective|p2a: Scimitar
|-damage|p2a: Scimitar|0 fnt
|faint|p2a: Scimitar
|
|upkeep
|
|t:|1757895875
|switch|p2a: Glaive|Iron Valiant|100/100
|-enditem|p2a: Glaive|Booster Energy
|-activate|p2a: Glaive|ability: Quark Drive|[fromitem]
|-start|p2a: Glaive|quarkdrivespe
|turn|19
|
|t:|1757895878
|move|p2a: Glaive|Knock Off|p1a: Dragapult
|-supereffective|p1a: Dragapult
|-damage|p1a: Dragapult|0 fnt
|-enditem|p1a: Dragapult|Choice Band|[from] move: Knock Off|[of] p2a: Glaive
|faint|p1a: Dragapult
|
|upkeep
|
|t:|1757895883
|switch|p1a: Primarina|Primarina, F|8/100
|turn|20
|-enditem|p1a: Primarina|Custap Berry|[eat]
|-activate|p1a: Primarina|item: Custap Berry|[consumed]
|
|t:|1757895889
|move|p1a: Primarina|Moonblast|p2a: Glaive
|-supereffective|p2a: Glaive
|-damage|p2a: Glaive|0 fnt
|faint|p2a: Glaive
|-end|p2a: Glaive|Quark Drive|[silent]
|
|upkeep
|
|t:|1757895893
|switch|p2a: Partisan|Malamar, F|100/100
|turn|21
|-activate|p2a: Partisan|item: Quick Claw
|
|t:|1757895896
|move|p2a: Partisan|Superpower|p1a: Primarina
|-resisted|p1a: Primarina
|-damage|p1a: Primarina|0 fnt
|-boost|p2a: Partisan|atk|1
|-boost|p2a: Partisan|def|1
|faint|p1a: Primarina
|
|upkeep
|
|t:|1757895899
|switch|p1a: Iron Valiant|Iron Valiant|100/100
|-enditem|p1a: Iron Valiant|Booster Energy
|-activate|p1a: Iron Valiant|ability: Quark Drive|[fromitem]
|-start|p1a: Iron Valiant|quarkdrivespe
|turn|22
|
|t:|1757895906
|move|p1a: Iron Valiant|Moonblast|p2a: Partisan
|-supereffective|p2a: Partisan
|-damage|p2a: Partisan|0 fnt
|faint|p2a: Partisan
|
|win|MDR_pikachu
|raw|MDR_pikachu's rating: 1351 &rarr; <strong>1372</strong><br />(+21 for winning)
|raw|Leader Alastor's rating: 1365 &rarr; <strong>1344</strong><br />(-21 for losing)
|l|☆Leader Alastor
|player|p2|
|l|☆MDR_pikachu
|player|p1|
