|j|☆flac54
|j|☆santlinge
|t:|1757912386
|gametype|singles
|player|p1|flac54|n|1300
|player|p2|santlinge|265|1247
|gen|9
|tier|[Gen 9] OU
|rated|
|rule|HP Percentage Mod: HP is shown in percentages
|rule|Endless Battle Clause: Forcing endless battles is banned
|rule|Species Clause: Limit one of each Pokémon
|rule|OHKO Clause: OHKO moves are banned
|rule|Evasion Items Clause: Evasion items are banned
|rule|Evasion Moves Clause: Evasion moves are banned
|rule|Evasion Abilities Clause: Evasion abilities are banned
|rule|Sleep Moves Clause: Sleep-inducing moves are banned
|clearpoke
|poke|p1|Dragonite, F|
|poke|p1|Zamazenta-*|
|poke|p1|Landorus-Therian, M|
|poke|p1|Gholdengo|
|poke|p1|Darkrai|
|poke|p1|Hatterene, F|
|poke|p2|Latias, F|
|poke|p2|Ogerpon-Wellspring, F|
|poke|p2|Goodra-Hisui, M|
|poke|p2|Iron Valiant|
|poke|p2|Ceruledge, F|
|poke|p2|Kleavor, F|
|teampreview
|inactive|Battle timer is ON: inactive players will automatically lose when time's up. (requested by santlinge)
|
|t:|1757912398
|teamsize|p1|6
|teamsize|p2|6
|start
|switch|p1a: Dragonite|Dragonite, F, shiny|100/100
|switch|p2a: Kleavor|Kleavor, F|100/100
|turn|1
|
|t:|1757912418
|move|p2a: Kleavor|Stone Axe|p1a: Dragonite
|-supereffective|p1a: Dragonite
|-damage|p1a: Dragonite|43/100
|-sidestart|p1: flac54|move: Stealth Rock
|move|p1a: Dragonite|Earthquake|p2a: Kleavor
|-damage|p2a: Kleavor|57/100
|
|upkeep
|turn|2
|
|t:|1757912436
|switch|p1a: Zamazenta|Zamazenta, shiny|100/100
|-damage|p1a: Zamazenta|94/100|[from] Stealth Rock
|-ability|p1a: Zamazenta|Dauntless Shield|boost
|-boost|p1a: Zamazenta|def|1
|move|p2a: Kleavor|Stone Axe|p1a: Zamazenta
|-resisted|p1a: Zamazenta
|-damage|p1a: Zamazenta|80/100
|
|-heal|p1a: Zamazenta|86/100|[from] item: Leftovers
|upkeep
|turn|3
|inactive|flac54 has 120 seconds left.
|
|t:|1757912453
|move|p1a: Zamazenta|Iron Defense|p1a: Zamazenta
|-boost|p1a: Zamazenta|def|2
|move|p2a: Kleavor|X-Scissor|p1a: Zamazenta
|-resisted|p1a: Zamazenta
|-damage|p1a: Zamazenta|77/100
|
|-heal|p1a: Zamazenta|83/100|[from] item: Leftovers
|upkeep
|turn|4
|
|t:|1757912460
|move|p1a: Zamazenta|Iron Defense|p1a: Zamazenta
|-boost|p1a: Zamazenta|def|2
|move|p2a: Kleavor|X-Scissor|p1a: Zamazenta
|-resisted|p1a: Zamazenta
|-damage|p1a: Zamazenta|75/100
|
|-heal|p1a: Zamazenta|81/100|[from] item: Leftovers
|upkeep
|turn|5
|
|t:|1757912472
|move|p1a: Zamazenta|Body Press|p2a: Kleavor
|-damage|p2a: Kleavor|0 fnt
|faint|p2a: Kleavor
|
|-heal|p1a: Zamazenta|88/100|[from] item: Leftovers
|upkeep
|
|t:|1757912478
|switch|p2a: Latias|Latias, F|100/100
|turn|6
|
|t:|1757912485
|move|p2a: Latias|Mist Ball|p1a: Zamazenta
|-supereffective|p1a: Zamazenta
|-damage|p1a: Zamazenta|0 fnt
|faint|p1a: Zamazenta
|
|upkeep
|
|t:|1757912497
|switch|p1a: Landorus|Landorus-Therian, M|100/100
|-damage|p1a: Landorus|88/100|[from] Stealth Rock
|-ability|p1a: Landorus|Intimidate|boost
|-unboost|p2a: Latias|atk|1
|turn|7
|
|t:|1757912502
|move|p2a: Latias|Draco Meteor|p1a: Landorus
|-damage|p1a: Landorus|12/100
|-unboost|p2a: Latias|spa|2
|move|p1a: Landorus|U-turn|p2a: Latias
|-supereffective|p2a: Latias
|-damage|p2a: Latias|57/100
|
|t:|1757912509
|switch|p1a: Darkrai|Darkrai, shiny|100/100|[from] U-turn
|
|upkeep
|turn|8
|
|t:|1757912516
|move|p1a: Darkrai|Ice Beam|p2a: Latias
|-supereffective|p2a: Latias
|-damage|p2a: Latias|12/100
|move|p2a: Latias|Draco Meteor|p1a: Darkrai
|-damage|p1a: Darkrai|54/100
|-unboost|p2a: Latias|spa|2
|
|upkeep
|turn|9
|
|t:|1757912528
|move|p1a: Darkrai|Dark Pulse|p2a: Latias
|-supereffective|p2a: Latias
|-damage|p2a: Latias|0 fnt
|faint|p2a: Latias
|
|upkeep
|
|t:|1757912534
|switch|p2a: Iron Valiant|Iron Valiant|100/100
|-enditem|p2a: Iron Valiant|Booster Energy
|-activate|p2a: Iron Valiant|ability: Quark Drive|[fromitem]
|-start|p2a: Iron Valiant|quarkdrivespe
|turn|10
|inactive|flac54 has 120 seconds left.
|
|t:|1757912570
|switch|p1a: Gholdengo|Gholdengo|100/100
|-damage|p1a: Gholdengo|94/100|[from] Stealth Rock
|move|p2a: Iron Valiant|Moonblast|p1a: Gholdengo
|-resisted|p1a: Gholdengo
|-damage|p1a: Gholdengo|68/100
|
|upkeep
|turn|11
|inactive|flac54 has 120 seconds left.
|
|t:|1757912581
|-end|p2a: Iron Valiant|Quark Drive|[silent]
|switch|p2a: Goodra|Goodra-Hisui, M|100/100
|move|p1a: Gholdengo|Make It Rain|p2a: Goodra
|-resisted|p2a: Goodra
|-damage|p2a: Goodra|83/100
|-unboost|p1a: Gholdengo|spa|1
|
|upkeep
|turn|12
|inactive|flac54 has 120 seconds left.
|
|t:|1757912594
|move|p1a: Gholdengo|Recover|p1a: Gholdengo
|-heal|p1a: Gholdengo|100/100
|move|p2a: Goodra|Fire Blast|p1a: Gholdengo
|-supereffective|p1a: Gholdengo
|-damage|p1a: Gholdengo|27/100
|
|upkeep
|turn|13
|inactive|flac54 has 120 seconds left.
|
|t:|1757912609
|switch|p1a: Landorus|Landorus-Therian, M|12/100
|-damage|p1a: Landorus|0 fnt|[from] Stealth Rock
|faint|p1a: Landorus
|move|p2a: Goodra|Thunderbolt|p1: Landorus|[notarget]
|-fail|p2a: Goodra
|
|upkeep
|
|t:|1757912620
|switch|p1a: Darkrai|Darkrai, shiny|54/100
|turn|14
|
|t:|1757912628
|move|p1a: Darkrai|Ice Beam|p2a: Goodra
|-damage|p2a: Goodra|71/100
|move|p2a: Goodra|Fire Blast|p1a: Darkrai
|-damage|p1a: Darkrai|18/100
|
|upkeep
|turn|15
|inactive|flac54 has 120 seconds left.
|
|t:|1757912635
|move|p1a: Darkrai|Will-O-Wisp|p2a: Goodra
|-status|p2a: Goodra|brn
|move|p2a: Goodra|Thunderbolt|p1a: Darkrai
|-damage|p1a: Darkrai|0 fnt
|faint|p1a: Darkrai
|
|-damage|p2a: Goodra|65/100 brn|[from] brn
|upkeep
|inactive|flac54 has 120 seconds left.
|
|t:|1757912646
|switch|p1a: Dragonite|Dragonite, F, shiny|43/100
|-damage|p1a: Dragonite|18/100|[from] Stealth Rock
|turn|16
|inactive|flac54 has 120 seconds left.
|
|t:|1757912659
|move|p1a: Dragonite|Earthquake|p2a: Goodra
|-supereffective|p2a: Goodra
|-damage|p2a: Goodra|5/100 brn
|move|p2a: Goodra|Ice Beam|p1a: Dragonite
|-supereffective|p1a: Dragonite
|-damage|p1a: Dragonite|0 fnt
|faint|p1a: Dragonite
|
|-damage|p2a: Goodra|0 fnt|[from] brn
|faint|p2a: Goodra
|upkeep
|
|t:|1757912673
|switch|p1a: Gholdengo|Gholdengo|27/100
|switch|p2a: Ceruledge|Ceruledge, F|100/100
|-damage|p1a: Gholdengo|21/100|[from] Stealth Rock
|turn|17
|
|t:|1757912684
|move|p2a: Ceruledge|Swords Dance|p2a: Ceruledge
|-boost|p2a: Ceruledge|atk|2
|move|p1a: Gholdengo|Recover|p1a: Gholdengo
|-heal|p1a: Gholdengo|72/100
|
|upkeep
|turn|18
|
|t:|1757912690
|move|p2a: Ceruledge|Poltergeist|p1a: Gholdengo
|-activate|p1a: Gholdengo|move: Poltergeist|Metal Coat
|-supereffective|p1a: Gholdengo
|-damage|p1a: Gholdengo|0 fnt
|faint|p1a: Gholdengo
|
|upkeep
|
|t:|1757912697
|switch|p1a: Hatterene|Hatterene, F, shiny|100/100
|-damage|p1a: Hatterene|88/100|[from] Stealth Rock
|turn|19
|inactive|flac54 has 120 seconds left.
|
|t:|1757912710
|-terastallize|p2a: Ceruledge|Ghost
|move|p2a: Ceruledge|Poltergeist|p1a: Hatterene
|-activate|p1a: Hatterene|move: Poltergeist|Assault Vest
|-supereffective|p1a: Hatterene
|-damage|p1a: Hatterene|0 fnt
|faint|p1a: Hatterene
|
|win|santlinge
|raw|flac54's rating: 1300 &rarr; <strong>1271</strong><br />(-29 for losing)
|raw|santlinge's rating: 1247 &rarr; <strong>1276</strong><br />(+29 for winning)
|l|☆flac54
|player|p1|
|l|☆santlinge
|player|p2|
