|j|☆kudohoang
|j|☆slehb
|t:|1757940272
|gametype|singles
|player|p1|kudohoang|265|1091
|player|p2|slehb|hilbert-wonderlauncher|1051
|gen|9
|tier|[Gen 9] OU
|rated|
|rule|HP Percentage Mod: HP is shown in percentages
|rule|Endless Battle Clause: Forcing endless battles is banned
|rule|Species Clause: Limit one of each Pokémon
|rule|OHKO Clause: OHKO moves are banned
|rule|Evasion Items Clause: Evasion items are banned
|rule|Evasion Moves Clause: Evasion moves are banned
|rule|Evasion Abilities Clause: Evasion abilities are banned
|rule|Sleep Moves Clause: Sleep-inducing moves are banned
|clearpoke
|poke|p1|Gholdengo|
|poke|p1|Garganacl, M|
|poke|p1|Hatterene, F|
|poke|p1|Moltres|
|poke|p1|Cinccino, F|
|poke|p1|Latios, M|
|poke|p2|Pawmot, M|
|poke|p2|Charizard, M|
|poke|p2|Minior-Indigo|
|poke|p2|Garchomp, M|
|poke|p2|Braviary-Hisui, M|
|poke|p2|Samurott-Hisui, M|
|teampreview
|
|t:|1757940282
|teamsize|p1|6
|teamsize|p2|6
|start
|switch|p1a: Garganacl|Garganacl, M|100/100
|switch|p2a: Minior|Minior-Indigo|100/100
|-formechange|p2a: Minior|Minior-Meteor||[from] ability: Shields Down
|turn|1
|
|t:|1757940291
|move|p2a: Minior|Shell Smash|p2a: Minior
|-unboost|p2a: Minior|def|1
|-unboost|p2a: Minior|spd|1
|-boost|p2a: Minior|atk|2
|-boost|p2a: Minior|spa|2
|-boost|p2a: Minior|spe|2
|-enditem|p2a: Minior|White Herb
|-clearnegativeboost|p2a: Minior|[silent]
|move|p1a: Garganacl|Salt Cure|p2a: Minior
|-supereffective|p2a: Minior
|-damage|p2a: Minior|66/100
|-start|p2a: Minior|Salt Cure
|
|-damage|p2a: Minior|54/100|[from] Salt Cure
|upkeep
|turn|2
|
|t:|1757940305
|move|p2a: Minior|Earthquake|p1a: Garganacl
|-supereffective|p1a: Garganacl
|-crit|p1a: Garganacl
|-damage|p1a: Garganacl|36/100
|move|p1a: Garganacl|Stealth Rock|p2a: Minior
|-sidestart|p2: slehb|move: Stealth Rock
|
|-heal|p1a: Garganacl|42/100|[from] item: Leftovers
|-damage|p2a: Minior|41/100|[from] Salt Cure
|-formechange|p2a: Minior|Minior-Indigo||[from] ability: Shields Down
|upkeep
|turn|3
|
|t:|1757940323
|switch|p1a: Latios|Latios, M|100/100
|move|p2a: Minior|Earthquake|p1a: Latios
|-immune|p1a: Latios|[from] ability: Levitate
|
|-damage|p2a: Minior|29/100|[from] Salt Cure
|upkeep
|turn|4
|
|t:|1757940334
|move|p2a: Minior|Explosion|p1a: Latios
|-damage|p1a: Latios|0 fnt
|faint|p2a: Minior
|faint|p1a: Latios
|
|upkeep
|
|t:|1757940344
|switch|p2a: Garchomp|Garchomp, M|100/100
|switch|p1a: Garganacl|Garganacl, M|42/100
|-damage|p2a: Garchomp|94/100|[from] Stealth Rock
|turn|5
|
|t:|1757940351
|move|p2a: Garchomp|Swords Dance|p2a: Garchomp
|-boost|p2a: Garchomp|atk|2
|move|p1a: Garganacl|Salt Cure|p2a: Garchomp
|-resisted|p2a: Garchomp
|-damage|p2a: Garchomp|87/100
|-start|p2a: Garchomp|Salt Cure
|
|-heal|p1a: Garganacl|49/100|[from] item: Leftovers
|-damage|p2a: Garchomp|75/100|[from] Salt Cure
|upkeep
|turn|6
|
|t:|1757940361
|move|p2a: Garchomp|Earthquake|p1a: Garganacl
|-supereffective|p1a: Garganacl
|-damage|p1a: Garganacl|0 fnt
|faint|p1a: Garganacl
|
|-damage|p2a: Garchomp|63/100|[from] Salt Cure
|upkeep
|
|t:|1757940381
|switch|p1a: Moltres|Moltres|100/100
|turn|7
|
|t:|1757940387
|move|p2a: Garchomp|Dragon Claw|p1a: Moltres
|-damage|p1a: Moltres|5/100
|move|p1a: Moltres|Will-O-Wisp|p2a: Garchomp
|-status|p2a: Garchomp|brn
|
|-heal|p1a: Moltres|11/100|[from] item: Leftovers
|-damage|p2a: Garchomp|57/100 brn|[from] brn
|-damage|p2a: Garchomp|44/100 brn|[from] Salt Cure
|upkeep
|turn|8
|
|t:|1757940400
|move|p2a: Garchomp|Dragon Claw|p1a: Moltres
|-damage|p1a: Moltres|0 fnt
|faint|p1a: Moltres
|
|-damage|p2a: Garchomp|38/100 brn|[from] brn
|-damage|p2a: Garchomp|26/100 brn|[from] Salt Cure
|upkeep
|
|t:|1757940410
|switch|p1a: Hatterene|Hatterene, F|100/100
|turn|9
|
|t:|1757940415
|move|p2a: Garchomp|Iron Head|p1a: Hatterene
|-supereffective|p1a: Hatterene
|-damage|p1a: Hatterene|33/100
|move|p1a: Hatterene|Draining Kiss|p2a: Garchomp
|-supereffective|p2a: Garchomp
|-damage|p2a: Garchomp|0 fnt
|-heal|p1a: Hatterene|54/100|[from] drain|[of] p2a: Garchomp
|-damage|p1a: Hatterene|42/100|[from] ability: Rough Skin|[of] p2a: Garchomp
|faint|p2a: Garchomp
|
|upkeep
|
|t:|1757940424
|switch|p2a: Samurott|Samurott-Hisui, M, shiny|100/100
|-damage|p2a: Samurott|88/100|[from] Stealth Rock
|turn|10
|
|t:|1757940430
|-terastallize|p2a: Samurott|Ghost
|move|p2a: Samurott|Aqua Cutter|p1a: Hatterene
|-damage|p1a: Hatterene|0 fnt
|faint|p1a: Hatterene
|
|upkeep
|
|t:|1757940438
|switch|p1a: Gholdengo|Gholdengo|100/100
|-item|p1a: Gholdengo|Air Balloon
|turn|11
|
|t:|1757940446
|move|p1a: Gholdengo|Shadow Ball|p2a: Samurott
|-supereffective|p2a: Samurott
|-damage|p2a: Samurott|0 fnt
|faint|p2a: Samurott
|
|upkeep
|
|t:|1757940457
|switch|p2a: Charizard|Charizard, M, shiny|100/100
|-damage|p2a: Charizard|51/100|[from] Stealth Rock
|turn|12
|
|t:|1757940464
|move|p2a: Charizard|Earthquake|p1a: Gholdengo
|-immune|p1a: Gholdengo
|move|p1a: Gholdengo|Shadow Ball|p2a: Charizard
|-damage|p2a: Charizard|0 fnt
|faint|p2a: Charizard
|
|upkeep
|
|t:|1757940471
|switch|p2a: Pawmot|Pawmot, M|100/100
|-damage|p2a: Pawmot|94/100|[from] Stealth Rock
|turn|13
|
|t:|1757940484
|move|p2a: Pawmot|Revival Blessing|p2a: Pawmot
|
|t:|1757940488
|-heal|p2: Garchomp|50/100|[from] move: Revival Blessing
|move|p1a: Gholdengo|Shadow Ball|p2a: Pawmot
|-damage|p2a: Pawmot|16/100
|
|upkeep
|turn|14
|
|t:|1757940497
|move|p2a: Pawmot|Double Shock|p1a: Gholdengo
|-damage|p1a: Gholdengo|40/100
|-start|p2a: Pawmot|typechange|???/Fighting|[from] move: Double Shock
|-enditem|p1a: Gholdengo|Air Balloon
|move|p1a: Gholdengo|Shadow Ball|p2a: Pawmot
|-damage|p2a: Pawmot|0 fnt
|faint|p2a: Pawmot
|
|upkeep
|
|t:|1757940505
|switch|p2a: Garchomp|Garchomp, M|50/100
|-damage|p2a: Garchomp|44/100|[from] Stealth Rock
|turn|15
|
|t:|1757940512
|-terastallize|p1a: Gholdengo|Steel
|move|p2a: Garchomp|Earthquake|p1a: Gholdengo
|-supereffective|p1a: Gholdengo
|-damage|p1a: Gholdengo|0 fnt
|faint|p1a: Gholdengo
|
|upkeep
|
|t:|1757940519
|switch|p1a: Cinccino|Cinccino, F|100/100
|turn|16
|
|t:|1757940523
|move|p1a: Cinccino|Tidy Up|p1a: Cinccino
|-sideend|p2: slehb|Stealth Rock
|-activate|p1a: Cinccino|move: Tidy Up
|-boost|p1a: Cinccino|atk|1
|-boost|p1a: Cinccino|spe|1
|move|p2a: Garchomp|Swords Dance|p2a: Garchomp
|-boost|p2a: Garchomp|atk|2
|
|upkeep
|turn|17
|
|t:|1757940532
|move|p1a: Cinccino|Triple Axel|p2a: Garchomp
|-supereffective|p2a: Garchomp
|-damage|p2a: Garchomp|0 fnt
|-damage|p1a: Cinccino|88/100|[from] ability: Rough Skin|[of] p2a: Garchomp
|faint|p2a: Garchomp
|-hitcount|p2: Garchomp|1
|
|upkeep
|
|t:|1757940535
|switch|p2a: Braviary|Braviary-Hisui, M|100/100
|turn|18
|
|t:|1757940542
|move|p1a: Cinccino|Triple Axel|p2a: Braviary
|-supereffective|p2a: Braviary
|-damage|p2a: Braviary|69/100
|-supereffective|p2a: Braviary
|-damage|p2a: Braviary|1/100
|-supereffective|p2a: Braviary
|-damage|p2a: Braviary|0 fnt
|faint|p2a: Braviary
|-hitcount|p2: Braviary|3
|
|win|kudohoang
|raw|kudohoang's rating: 1091 &rarr; <strong>1114</strong><br />(+23 for winning)
|raw|slehb's rating: 1051 &rarr; <strong>1035</strong><br />(-16 for losing)
|l|☆slehb
|player|p2|
|l|☆kudohoang
|player|p1|
