|j|☆OCD COD
|j|☆TLchatha
|t:|1757804309
|gametype|singles
|player|p1|OCD COD|youngster-gen6xy|1573
|player|p2|TLchatha|brycenman|1552
|gen|9
|tier|[Gen 9] OU
|rated|
|rule|HP Percentage Mod: HP is shown in percentages
|rule|Endless Battle Clause: Forcing endless battles is banned
|rule|Species Clause: Limit one of each Pokémon
|rule|OHKO Clause: OHKO moves are banned
|rule|Evasion Items Clause: Evasion items are banned
|rule|Evasion Moves Clause: Evasion moves are banned
|rule|Evasion Abilities Clause: Evasion abilities are banned
|rule|Sleep Moves Clause: Sleep-inducing moves are banned
|clearpoke
|poke|p1|Chesnaught, M|
|poke|p1|Great Tusk|
|poke|p1|Araquanid, M|
|poke|p1|Gholdengo|
|poke|p1|Iron Moth|
|poke|p1|Kleavor, M|
|poke|p2|Alomomola, F|
|poke|p2|Cinderace, F|
|poke|p2|Slowking-Galar, F|
|poke|p2|Ursaluna, F|
|poke|p2|Zamazenta-*|
|poke|p2|Kyurem|
|teampreview
|inactive|Battle timer is ON: inactive players will automatically lose when time's up. (requested by TLchatha)
|
|t:|1757804320
|teamsize|p1|6
|teamsize|p2|6
|start
|switch|p1a: Kleavor|Kleavor, M|100/100
|switch|p2a: Cinderace|Cinderace, F|100/100
|turn|1
|
|t:|1757804328
|switch|p2a: Alomomola|Alomomola, F|100/100
|move|p1a: Kleavor|Stone Axe|p2a: Alomomola
|-damage|p2a: Alomomola|75/100
|-sidestart|p2: TLchatha|move: Stealth Rock
|
|upkeep
|turn|2
|
|t:|1757804332
|switch|p1a: Araquanid|Araquanid, M|100/100
|move|p2a: Alomomola|Flip Turn|p1a: Araquanid
|-resisted|p1a: Araquanid
|-crit|p1a: Araquanid
|-damage|p1a: Araquanid|88/100
|
|t:|1757804338
|switch|p2a: Kyurem|Kyurem|100/100|[from] Flip Turn
|-damage|p2a: Kyurem|76/100|[from] Stealth Rock
|-ability|p2a: Kyurem|Pressure
|
|upkeep
|turn|3
|
|t:|1757804343
|move|p1a: Araquanid|Endure|p1a: Araquanid
|-singleturn|p1a: Araquanid|move: Endure
|move|p2a: Kyurem|Freeze-Dry|p1a: Araquanid
|-supereffective|p1a: Araquanid
|-activate|p1a: Araquanid|move: Endure
|-damage|p1a: Araquanid|1/100
|
|upkeep
|turn|4
|-enditem|p1a: Araquanid|Custap Berry|[eat]
|-activate|p1a: Araquanid|item: Custap Berry|[consumed]
|
|t:|1757804351
|switch|p2a: Alomomola|Alomomola, F|100/100
|-damage|p2a: Alomomola|88/100|[from] Stealth Rock
|move|p1a: Araquanid|Sticky Web|p2a: Alomomola
|-sidestart|p2: TLchatha|move: Sticky Web
|
|upkeep
|turn|5
|
|t:|1757804358
|move|p2a: Alomomola|Flip Turn|p1a: Araquanid
|-resisted|p1a: Araquanid
|-crit|p1a: Araquanid
|-damage|p1a: Araquanid|0 fnt
|faint|p1a: Araquanid
|
|t:|1757804361
|switch|p2a: Cinderace|Cinderace, F|100/100|[from] Flip Turn
|
|upkeep
|
|t:|1757804363
|switch|p1a: Chesnaught|Chesnaught, M|100/100
|turn|6
|
|t:|1757804367
|move|p2a: Cinderace|Court Change|p2a: Cinderace
|-start|p2a: Cinderace|typechange|Normal|[from] ability: Libero
|-swapsideconditions
|-activate|p2a: Cinderace|move: Court Change
|move|p1a: Chesnaught|Belly Drum|p1a: Chesnaught
|-damage|p1a: Chesnaught|50/100
|-setboost|p1a: Chesnaught|atk|6|[from] move: Belly Drum
|-enditem|p1a: Chesnaught|Sitrus Berry|[eat]
|-heal|p1a: Chesnaught|75/100|[from] item: Sitrus Berry
|
|upkeep
|turn|7
|
|t:|1757804375
|-terastallize|p1a: Chesnaught|Fire
|move|p2a: Cinderace|Will-O-Wisp|p1a: Chesnaught
|-immune|p1a: Chesnaught
|move|p1a: Chesnaught|Trailblaze|p2a: Cinderace
|-crit|p2a: Cinderace
|-damage|p2a: Cinderace|0 fnt
|-boost|p1a: Chesnaught|spe|1
|faint|p2a: Cinderace
|
|upkeep
|
|t:|1757804398
|switch|p2a: Slowking|Slowking-Galar, F|100/100
|turn|8
|
|t:|1757804402
|-terastallize|p2a: Slowking|Water
|move|p1a: Chesnaught|Knock Off|p2a: Slowking
|-damage|p2a: Slowking|0 fnt
|-enditem|p2a: Slowking|Heavy-Duty Boots|[from] move: Knock Off|[of] p1a: Chesnaught
|faint|p2a: Slowking
|
|upkeep
|inactive|TLchatha has 120 seconds left.
|
|t:|1757804435
|switch|p2a: Ursaluna|Ursaluna, F|100/100
|turn|9
|
|t:|1757804445
|move|p1a: Chesnaught|Trailblaze|p2a: Ursaluna
|-supereffective|p2a: Ursaluna
|-damage|p2a: Ursaluna|0 fnt
|-boost|p1a: Chesnaught|spe|1
|faint|p2a: Ursaluna
|
|upkeep
|inactive|TLchatha has 120 seconds left.
|c|☆TLchatha|I can't calc for shit
|-message|TLchatha forfeited.
|
|win|OCD COD
|raw|OCD COD's rating: 1573 &rarr; <strong>1592</strong><br />(+19 for winning)
|raw|TLchatha's rating: 1552 &rarr; <strong>1533</strong><br />(-19 for losing)
|l|☆TLchatha
|player|p2|
