|j|☆thetidleypeeps
|j|☆quetzuma
|t:|1757859652
|gametype|singles
|player|p1|thetidleypeeps|101|1442
|player|p2|quetzuma|drayden|1398
|gen|9
|tier|[Gen 9] OU
|rated|
|rule|HP Percentage Mod: HP is shown in percentages
|rule|Endless Battle Clause: Forcing endless battles is banned
|rule|Species Clause: Limit one of each Pokémon
|rule|OHKO Clause: OHKO moves are banned
|rule|Evasion Items Clause: Evasion items are banned
|rule|Evasion Moves Clause: Evasion moves are banned
|rule|Evasion Abilities Clause: Evasion abilities are banned
|rule|Sleep Moves Clause: Sleep-inducing moves are banned
|clearpoke
|poke|p1|Great Tusk|
|poke|p1|Iron Valiant|
|poke|p1|Dragapult, M|
|poke|p1|Dragonite, M|
|poke|p1|Moltres|
|poke|p1|Garganacl, M|
|poke|p2|Delphox, M|
|poke|p2|Gholdengo|
|poke|p2|Great Tusk|
|poke|p2|Araquanid, F|
|poke|p2|Raging Bolt|
|poke|p2|Rillaboom, M|
|teampreview
|inactive|Battle timer is ON: inactive players will automatically lose when time's up. (requested by quetzuma)
|
|t:|1757859667
|teamsize|p1|6
|teamsize|p2|6
|start
|switch|p1a: Ho - Oh|Moltres|100/100
|switch|p2a: Araquanid|Araquanid, F|100/100
|turn|1
|
|t:|1757859672
|move|p1a: Ho - Oh|Air Slash|p2a: Araquanid
|-supereffective|p2a: Araquanid
|-damage|p2a: Araquanid|47/100
|cant|p2a: Araquanid|flinch
|
|-heal|p2a: Araquanid|53/100|[from] item: Leftovers
|upkeep
|turn|2
|
|t:|1757859677
|move|p1a: Ho - Oh|Air Slash|p2a: Araquanid
|-supereffective|p2a: Araquanid
|-damage|p2a: Araquanid|0 fnt
|faint|p2a: Araquanid
|
|upkeep
|
|t:|1757859679
|switch|p2a: Raging Bolt|Raging Bolt|100/100
|turn|3
|
|t:|1757859683
|switch|p1a: Great Tusk|Great Tusk|100/100
|-enditem|p1a: Great Tusk|Booster Energy
|-activate|p1a: Great Tusk|ability: Protosynthesis|[fromitem]
|-start|p1a: Great Tusk|protosynthesisatk
|move|p2a: Raging Bolt|Calm Mind|p2a: Raging Bolt
|-boost|p2a: Raging Bolt|spa|1
|-boost|p2a: Raging Bolt|spd|1
|
|upkeep
|turn|4
|
|t:|1757859685
|move|p1a: Great Tusk|Headlong Rush|p2a: Raging Bolt
|-supereffective|p2a: Raging Bolt
|-damage|p2a: Raging Bolt|0 fnt
|-unboost|p1a: Great Tusk|def|1
|-unboost|p1a: Great Tusk|spd|1
|faint|p2a: Raging Bolt
|-end|p2a: Raging Bolt|Protosynthesis|[silent]
|
|upkeep
|
|t:|1757859688
|switch|p2a: Delphox|Delphox, M|100/100
|turn|5
|
|t:|1757859694
|-terastallize|p1a: Great Tusk|Fire
|move|p2a: Delphox|Nasty Plot|p2a: Delphox
|-boost|p2a: Delphox|spa|2
|move|p1a: Great Tusk|Headlong Rush|p2a: Delphox
|-supereffective|p2a: Delphox
|-damage|p2a: Delphox|0 fnt
|-unboost|p1a: Great Tusk|def|1
|-unboost|p1a: Great Tusk|spd|1
|faint|p2a: Delphox
|
|upkeep
|
|t:|1757859701
|switch|p2a: Great Tusk|Great Tusk|100/100
|turn|6
|
|t:|1757859704
|-end|p2a: Great Tusk|Protosynthesis|[silent]
|switch|p2a: Rillaboom|Rillaboom, M|100/100
|-fieldstart|move: Grassy Terrain|[from] ability: Grassy Surge|[of] p2a: Rillaboom
|-end|p1a: Great Tusk|Protosynthesis|[silent]
|switch|p1a: Ho - Oh|Moltres|100/100
|
|upkeep
|turn|7
|
|t:|1757859708
|move|p2a: Rillaboom|Wood Hammer|p1a: Ho - Oh
|-resisted|p1a: Ho - Oh
|-damage|p1a: Ho - Oh|67/100
|-damage|p2a: Rillaboom|90/100|[from] Recoil
|move|p1a: Ho - Oh|Flamethrower|p2a: Rillaboom
|-supereffective|p2a: Rillaboom
|-damage|p2a: Rillaboom|0 fnt
|faint|p2a: Rillaboom
|
|upkeep
|-message|quetzuma forfeited.
|
|win|thetidleypeeps
|raw|thetidleypeeps's rating: 1442 &rarr; <strong>1459</strong><br />(+17 for winning)
|raw|quetzuma's rating: 1398 &rarr; <strong>1381</strong><br />(-17 for losing)
|l|☆quetzuma
|player|p2|
|l|☆thetidleypeeps
|player|p1|
