|j|☆Turducken64
|j|☆drenom
|t:|1757823096
|gametype|singles
|player|p1|Turducken64|hiker-gen4|1581
|player|p2|drenom|1|1652
|gen|9
|tier|[Gen 9] OU
|rated|
|rule|HP Percentage Mod: HP is shown in percentages
|rule|Endless Battle Clause: Forcing endless battles is banned
|rule|Species Clause: Limit one of each Pokémon
|rule|OHKO Clause: OHKO moves are banned
|rule|Evasion Items Clause: Evasion items are banned
|rule|Evasion Moves Clause: Evasion moves are banned
|rule|Evasion Abilities Clause: Evasion abilities are banned
|rule|Sleep Moves Clause: Sleep-inducing moves are banned
|clearpoke
|poke|p1|Alomomola, F|
|poke|p1|Iron Hands|
|poke|p1|Sinistcha|
|poke|p1|Gliscor, M|
|poke|p1|Iron Treads|
|poke|p1|Latios, M|
|poke|p2|Corviknight, F|
|poke|p2|Sinistcha|
|poke|p2|Muk-Alola, M|
|poke|p2|Gardevoir, F|
|poke|p2|Dondozo, F|
|poke|p2|Clodsire, F|
|teampreview
|
|t:|1757823100
|teamsize|p1|6
|teamsize|p2|6
|start
|switch|p1a: Gliscor|Gliscor, M|100/100
|switch|p2a: Gardevoir|Gardevoir, F|100/100
|-ability|p2a: Gardevoir|Poison Heal|Trace|[from] ability: Trace|[of] p1a: Gliscor
|turn|1
|inactive|Battle timer is ON: inactive players will automatically lose when time's up. (requested by Turducken64)
|
|t:|1757823107
|move|p1a: Gliscor|Protect|p1a: Gliscor
|-singleturn|p1a: Gliscor|Protect
|move|p2a: Gardevoir|Moonblast|p1a: Gliscor
|-activate|p1a: Gliscor|move: Protect
|
|-status|p1a: Gliscor|tox|[from] item: Toxic Orb
|upkeep
|turn|2
|
|t:|1757823118
|switch|p2a: Corviknight|Corviknight, F|100/100
|-ability|p2a: Corviknight|Pressure
|move|p1a: Gliscor|Spikes|p2a: Corviknight
|-sidestart|p2: drenom|Spikes
|
|upkeep
|turn|3
|
|t:|1757823128
|move|p1a: Gliscor|Knock Off|p2a: Corviknight
|-damage|p2a: Corviknight|88/100
|-damage|p1a: Gliscor|84/100 tox|[from] item: Rocky Helmet|[of] p2a: Corviknight
|-enditem|p2a: Corviknight|Rocky Helmet|[from] move: Knock Off|[of] p1a: Gliscor
|move|p2a: Corviknight|Defog|p1a: Gliscor
|-unboost|p1a: Gliscor|evasion|1
|-sideend|p2: drenom|Spikes|[from] move: Defog|[of] p2a: Corviknight
|
|-heal|p1a: Gliscor|97/100 tox|[from] ability: Poison Heal
|upkeep
|turn|4
|
|t:|1757823144
|switch|p1a: Iron Hands|Iron Hands|100/100
|move|p2a: Corviknight|U-turn|p1a: Iron Hands
|-resisted|p1a: Iron Hands
|-damage|p1a: Iron Hands|95/100
|
|t:|1757823150
|switch|p2a: Gardevoir|Gardevoir, F|100/100|[from] U-turn
|
|upkeep
|turn|5
|
|t:|1757823153
|-end|p1a: Iron Hands|Quark Drive|[silent]
|switch|p1a: Iron Treads|Iron Treads|100/100
|move|p2a: Gardevoir|Trick|p1a: Iron Treads
|-activate|p2a: Gardevoir|move: Trick|[of] p1a: Iron Treads
|-item|p1a: Iron Treads|Choice Scarf|[from] move: Trick
|-item|p2a: Gardevoir|Leftovers|[from] move: Trick
|
|upkeep
|turn|6
|
|t:|1757823159
|switch|p2a: Sinistcha|Sinistcha|100/100
|move|p1a: Iron Treads|Knock Off|p2a: Sinistcha
|-supereffective|p2a: Sinistcha
|-damage|p2a: Sinistcha|67/100
|-enditem|p2a: Sinistcha|Weakness Policy
|-boost|p2a: Sinistcha|atk|2|[from] item: Weakness Policy
|-boost|p2a: Sinistcha|spa|2|[from] item: Weakness Policy
|
|upkeep
|turn|7
|
|t:|1757823170
|-end|p1a: Iron Treads|Quark Drive|[silent]
|switch|p1a: Iron Hands|Iron Hands|95/100
|move|p2a: Sinistcha|Shadow Ball|p1a: Iron Hands
|-damage|p1a: Iron Hands|59/100
|
|upkeep
|turn|8
|
|t:|1757823176
|move|p2a: Sinistcha|Strength Sap|p1a: Iron Hands
|-unboost|p1a: Iron Hands|atk|1
|-heal|p2a: Sinistcha|100/100
|move|p1a: Iron Hands|Ice Punch|p2a: Sinistcha
|-supereffective|p2a: Sinistcha
|-damage|p2a: Sinistcha|72/100
|
|upkeep
|turn|9
|
|t:|1757823180
|move|p2a: Sinistcha|Matcha Gotcha|p1a: Iron Hands
|-damage|p1a: Iron Hands|26/100
|-heal|p2a: Sinistcha|94/100|[from] drain|[of] p1a: Iron Hands
|move|p1a: Iron Hands|Volt Switch|p2a: Sinistcha
|-resisted|p2a: Sinistcha
|-damage|p2a: Sinistcha|87/100
|
|t:|1757823182
|-end|p1a: Iron Hands|Quark Drive|[silent]
|switch|p1a: Latios|Latios, M|100/100|[from] Volt Switch
|
|upkeep
|turn|10
|
|t:|1757823187
|switch|p2a: Muk|Muk-Alola, M|100/100
|move|p1a: Latios|Draco Meteor|p2a: Muk
|-damage|p2a: Muk|62/100
|-unboost|p1a: Latios|spa|2
|
|upkeep
|turn|11
|
|t:|1757823194
|switch|p1a: Iron Treads|Iron Treads|100/100
|switch|p2a: Sinistcha|Sinistcha|87/100
|
|upkeep
|turn|12
|
|t:|1757823202
|move|p1a: Iron Treads|Stealth Rock|p2a: Sinistcha
|-sidestart|p2: drenom|move: Stealth Rock
|move|p2a: Sinistcha|Calm Mind|p2a: Sinistcha
|-boost|p2a: Sinistcha|spa|1
|-boost|p2a: Sinistcha|spd|1
|
|upkeep
|turn|13
|
|t:|1757823206
|-end|p1a: Iron Treads|Quark Drive|[silent]
|switch|p1a: Sinistcha|Sinistcha|100/100
|move|p2a: Sinistcha|Calm Mind|p2a: Sinistcha
|-boost|p2a: Sinistcha|spa|1
|-boost|p2a: Sinistcha|spd|1
|
|upkeep
|turn|14
|
|t:|1757823211
|-terastallize|p1a: Sinistcha|Poison
|move|p1a: Sinistcha|Calm Mind|p1a: Sinistcha
|-boost|p1a: Sinistcha|spa|1
|-boost|p1a: Sinistcha|spd|1
|move|p2a: Sinistcha|Shadow Ball|p1a: Sinistcha
|-damage|p1a: Sinistcha|50/100
|-unboost|p1a: Sinistcha|spd|1
|
|upkeep
|turn|15
|
|t:|1757823221
|move|p1a: Sinistcha|Calm Mind|p1a: Sinistcha
|-boost|p1a: Sinistcha|spa|1
|-boost|p1a: Sinistcha|spd|1
|move|p2a: Sinistcha|Shadow Ball|p1a: Sinistcha
|-damage|p1a: Sinistcha|0 fnt
|faint|p1a: Sinistcha
|
|upkeep
|-message|Turducken64 forfeited.
|
|win|drenom
|raw|Turducken64's rating: 1581 &rarr; <strong>1565</strong><br />(-16 for losing)
|raw|drenom's rating: 1652 &rarr; <strong>1668</strong><br />(+16 for winning)
|l|☆Turducken64
|player|p1|
|l|☆drenom
|player|p2|
