|j|☆corpseoflilith
|j|☆poke_zjw
|t:|1757825555
|gametype|singles
|player|p1|corpseoflilith|101|1193
|player|p2|poke_zjw|lucas|1103
|gen|9
|tier|[Gen 9] OU
|rated|
|rule|HP Percentage Mod: HP is shown in percentages
|rule|Endless Battle Clause: Forcing endless battles is banned
|rule|Species Clause: Limit one of each Pokémon
|rule|OHKO Clause: OHKO moves are banned
|rule|Evasion Items Clause: Evasion items are banned
|rule|Evasion Moves Clause: Evasion moves are banned
|rule|Evasion Abilities Clause: Evasion abilities are banned
|rule|Sleep Moves Clause: Sleep-inducing moves are banned
|clearpoke
|poke|p1|Iron Moth|
|poke|p1|Landorus-Therian, M|
|poke|p1|Scizor, M|
|poke|p1|Dondozo, M|
|poke|p1|Hatterene, F|
|poke|p1|Mandibuzz, F|
|poke|p2|Pelipper, M|
|poke|p2|Barraskewda, F|
|poke|p2|Zapdos|
|poke|p2|Corviknight, F|
|poke|p2|Clodsire, M|
|poke|p2|Incineroar, F|
|teampreview
|inactive|Battle timer is ON: inactive players will automatically lose when time's up. (requested by poke_zjw)
|
|t:|1757825585
|teamsize|p1|6
|teamsize|p2|6
|start
|switch|p1a: Stigmata|Iron Moth|100/100
|switch|p2a: Pelipper|Pelipper, M|100/100
|-weather|RainDance|[from] ability: Drizzle|[of] p2a: Pelipper
|turn|1
|
|t:|1757825595
|switch|p2a: Clodsire|Clodsire, M|100/100
|move|p1a: Stigmata|Discharge|p2a: Clodsire
|-immune|p2a: Clodsire
|
|-weather|RainDance|[upkeep]
|upkeep
|turn|2
|
|t:|1757825605
|-end|p1a: Stigmata|Quark Drive|[silent]
|switch|p1a: Apsara|Hatterene, F|100/100
|move|p2a: Clodsire|Stealth Rock|p1a: Apsara
|move|p1a: Apsara|Stealth Rock|p2a: Clodsire|[from] ability: Magic Bounce
|-sidestart|p2: poke_zjw|move: Stealth Rock
|
|-weather|RainDance|[upkeep]
|upkeep
|turn|3
|
|t:|1757825614
|switch|p2a: Incineroar|Incineroar, F, shiny|100/100
|-ability|p2a: Incineroar|Intimidate|boost
|-unboost|p1a: Apsara|atk|1
|move|p1a: Apsara|Psychic|p2a: Incineroar
|-immune|p2a: Incineroar
|
|-weather|RainDance|[upkeep]
|upkeep
|turn|4
|
|t:|1757825623
|switch|p1a: Mandibuzz|Mandibuzz, F|100/100
|move|p2a: Incineroar|Knock Off|p1a: Mandibuzz
|-resisted|p1a: Mandibuzz
|-damage|p1a: Mandibuzz|90/100
|-enditem|p1a: Mandibuzz|Heavy-Duty Boots|[from] move: Knock Off|[of] p2a: Incineroar
|
|-weather|RainDance|[upkeep]
|upkeep
|turn|5
|
|t:|1757825633
|switch|p2a: Zapdos|Zapdos, shiny|100/100
|move|p1a: Mandibuzz|Knock Off|p2a: Zapdos
|-damage|p2a: Zapdos|71/100
|-status|p1a: Mandibuzz|par|[from] ability: Static|[of] p2a: Zapdos
|-enditem|p2a: Zapdos|Heavy-Duty Boots|[from] move: Knock Off|[of] p1a: Mandibuzz
|
|-weather|RainDance|[upkeep]
|upkeep
|turn|6
|
|t:|1757825642
|switch|p1a: Matsya|Dondozo, M|100/100
|move|p2a: Zapdos|Hurricane|p1a: Matsya
|-damage|p1a: Matsya|50/100
|
|-weather|RainDance|[upkeep]
|-heal|p1a: Matsya|56/100|[from] item: Leftovers
|upkeep
|turn|7
|
|t:|1757825652
|move|p1a: Matsya|Protect|p1a: Matsya
|-singleturn|p1a: Matsya|Protect
|move|p2a: Zapdos|Hurricane|p1a: Matsya
|-activate|p1a: Matsya|move: Protect
|
|-weather|RainDance|[upkeep]
|-heal|p1a: Matsya|62/100|[from] item: Leftovers
|upkeep
|turn|8
|
|t:|1757825661
|switch|p1a: Sahara|Landorus-Therian, M|100/100
|-ability|p1a: Sahara|Intimidate|boost
|-unboost|p2a: Zapdos|atk|1
|move|p2a: Zapdos|Hurricane|p1a: Sahara
|-damage|p1a: Sahara|29/100
|
|-weather|none
|upkeep
|turn|9
|
|t:|1757825675
|switch|p1a: Stigmata|Iron Moth|100/100
|switch|p2a: Pelipper|Pelipper, M|100/100
|-damage|p2a: Pelipper|76/100|[from] Stealth Rock
|-weather|RainDance|[from] ability: Drizzle|[of] p2a: Pelipper
|
|-weather|RainDance|[upkeep]
|upkeep
|turn|10
|
|t:|1757825686
|switch|p2a: Corviknight|Corviknight, F, shiny|100/100
|-damage|p2a: Corviknight|88/100|[from] Stealth Rock
|-ability|p2a: Corviknight|Pressure
|move|p1a: Stigmata|Sludge Wave|p2a: Corviknight
|-immune|p2a: Corviknight
|
|-weather|RainDance|[upkeep]
|upkeep
|turn|11
|
|t:|1757825696
|-end|p1a: Stigmata|Quark Drive|[silent]
|switch|p1a: Mandibuzz|Mandibuzz, F|90/100 par
|switch|p2a: Clodsire|Clodsire, M|100/100
|-damage|p2a: Clodsire|94/100|[from] Stealth Rock
|
|-weather|RainDance|[upkeep]
|-heal|p2a: Clodsire|100/100|[from] item: Leftovers
|upkeep
|turn|12
|
|t:|1757825707
|switch|p1a: Apsara|Hatterene, F|100/100
|move|p2a: Clodsire|Earthquake|p1a: Apsara
|-crit|p1a: Apsara
|-damage|p1a: Apsara|55/100
|
|-weather|RainDance|[upkeep]
|upkeep
|turn|13
|
|t:|1757825716
|switch|p2a: Incineroar|Incineroar, F, shiny|100/100
|-ability|p2a: Incineroar|Intimidate|boost
|-unboost|p1a: Apsara|atk|1
|move|p1a: Apsara|Nuzzle|p2a: Incineroar
|-damage|p2a: Incineroar|98/100
|-status|p2a: Incineroar|par
|
|-weather|RainDance|[upkeep]
|upkeep
|turn|14
|
|t:|1757825731
|switch|p1a: Mandibuzz|Mandibuzz, F|90/100 par
|move|p2a: Incineroar|Knock Off|p1a: Mandibuzz
|-resisted|p1a: Mandibuzz
|-damage|p1a: Mandibuzz|83/100 par
|
|-weather|RainDance|[upkeep]
|upkeep
|turn|15
|
|t:|1757825739
|cant|p1a: Mandibuzz|par
|move|p2a: Incineroar|Parting Shot|p1a: Mandibuzz
|-unboost|p1a: Mandibuzz|atk|1
|-unboost|p1a: Mandibuzz|spa|1
|l|☆poke_zjw
|inactive|poke_zjw disconnected and has a minute to reconnect!
|player|p2|
|j|☆poke_zjw
|inactive|poke_zjw reconnected and has 115 seconds left.
|player|p2|poke_zjw|lucas|
|
|t:|1757825781
|switch|p2a: Zapdos|Zapdos, shiny|71/100|[from] Parting Shot
|-damage|p2a: Zapdos|46/100|[from] Stealth Rock
|
|-weather|RainDance|[upkeep]
|upkeep
|turn|16
|
|t:|1757825789
|move|p2a: Zapdos|Weather Ball|p1a: Mandibuzz
|-damage|p1a: Mandibuzz|43/100 par
|move|p1a: Mandibuzz|Knock Off|p2a: Zapdos
|-damage|p2a: Zapdos|34/100
|
|-weather|none
|upkeep
|turn|17
|inactive|poke_zjw has 120 seconds left.
|
|t:|1757825798
|move|p2a: Zapdos|Volt Switch|p1a: Mandibuzz
|-supereffective|p1a: Mandibuzz
|-damage|p1a: Mandibuzz|0 fnt
|faint|p1a: Mandibuzz
|inactive|poke_zjw has 120 seconds left.
|
|t:|1757825805
|switch|p2a: Corviknight|Corviknight, F, shiny|88/100|[from] Volt Switch
|-damage|p2a: Corviknight|76/100|[from] Stealth Rock
|-ability|p2a: Corviknight|Pressure
|
|upkeep
|
|t:|1757825807
|switch|p1a: Stigmata|Iron Moth|100/100
|turn|18
|
|t:|1757825814
|move|p1a: Stigmata|Flamethrower|p2a: Corviknight
|-supereffective|p2a: Corviknight
|-damage|p2a: Corviknight|0 fnt
|faint|p2a: Corviknight
|
|upkeep
|
|t:|1757825821
|switch|p2a: Clodsire|Clodsire, M|100/100
|-damage|p2a: Clodsire|94/100|[from] Stealth Rock
|turn|19
|
|t:|1757825825
|-end|p1a: Stigmata|Quark Drive|[silent]
|switch|p1a: Apsara|Hatterene, F|55/100
|move|p2a: Clodsire|Earthquake|p1a: Apsara
|-damage|p1a: Apsara|27/100
|
|-heal|p2a: Clodsire|100/100|[from] item: Leftovers
|upkeep
|turn|20
|
|t:|1757825834
|move|p1a: Apsara|Draining Kiss|p2a: Clodsire
|-resisted|p2a: Clodsire
|-damage|p2a: Clodsire|92/100
|-heal|p1a: Apsara|36/100|[from] drain|[of] p2a: Clodsire
|move|p2a: Clodsire|Toxic|p1a: Apsara
|move|p1a: Apsara|Toxic|p2a: Clodsire|[from] ability: Magic Bounce
|-immune|p2a: Clodsire
|
|-heal|p2a: Clodsire|98/100|[from] item: Leftovers
|upkeep
|turn|21
|
|t:|1757825846
|-terastallize|p1a: Apsara|Grass
|move|p1a: Apsara|Draining Kiss|p2a: Clodsire
|-resisted|p2a: Clodsire
|-damage|p2a: Clodsire|91/100
|-heal|p1a: Apsara|44/100|[from] drain|[of] p2a: Clodsire
|move|p2a: Clodsire|Earthquake|p1a: Apsara
|-resisted|p1a: Apsara
|-damage|p1a: Apsara|29/100
|
|-heal|p2a: Clodsire|97/100|[from] item: Leftovers
|upkeep
|turn|22
|
|t:|1757825858
|switch|p2a: Incineroar|Incineroar, F, shiny|98/100 par
|-ability|p2a: Incineroar|Intimidate|boost
|-unboost|p1a: Apsara|atk|1
|move|p1a: Apsara|Giga Drain|p2a: Incineroar
|-resisted|p2a: Incineroar
|-damage|p2a: Incineroar|78/100 par
|-heal|p1a: Apsara|42/100|[from] drain|[of] p2a: Incineroar
|
|upkeep
|turn|23
|
|t:|1757825867
|switch|p1a: Sahara|Landorus-Therian, M|29/100
|-ability|p1a: Sahara|Intimidate|boost
|-unboost|p2a: Incineroar|atk|1
|move|p2a: Incineroar|Knock Off|p1a: Sahara
|-damage|p1a: Sahara|0 fnt
|-enditem|p1a: Sahara|Choice Scarf|[from] move: Knock Off|[of] p2a: Incineroar
|faint|p1a: Sahara
|
|upkeep
|
|t:|1757825870
|switch|p1a: Raktah|Scizor, M|100/100
|turn|24
|
|t:|1757825885
|move|p1a: Raktah|Close Combat|p2a: Incineroar
|-supereffective|p2a: Incineroar
|-damage|p2a: Incineroar|0 fnt
|-unboost|p1a: Raktah|def|1
|-unboost|p1a: Raktah|spd|1
|faint|p2a: Incineroar
|
|upkeep
|
|t:|1757825893
|switch|p2a: Pelipper|Pelipper, M|76/100
|-damage|p2a: Pelipper|51/100|[from] Stealth Rock
|-weather|RainDance|[from] ability: Drizzle|[of] p2a: Pelipper
|turn|25
|
|t:|1757825899
|switch|p1a: Matsya|Dondozo, M|62/100
|move|p2a: Pelipper|U-turn|p1a: Matsya
|-damage|p1a: Matsya|58/100
|
|t:|1757825908
|switch|p2a: Barraskewda|Barraskewda, F|100/100|[from] U-turn
|-damage|p2a: Barraskewda|88/100|[from] Stealth Rock
|
|-weather|RainDance|[upkeep]
|-heal|p1a: Matsya|64/100|[from] item: Leftovers
|upkeep
|turn|26
|
|t:|1757825917
|-terastallize|p2a: Barraskewda|Water
|move|p1a: Matsya|Protect|p1a: Matsya
|-singleturn|p1a: Matsya|Protect
|move|p2a: Barraskewda|Flip Turn|p1a: Matsya
|-activate|p1a: Matsya|move: Protect
|
|-weather|RainDance|[upkeep]
|-heal|p1a: Matsya|70/100|[from] item: Leftovers
|upkeep
|turn|27
|
|t:|1757825927
|move|p2a: Barraskewda|Flip Turn|p1a: Matsya
|-resisted|p1a: Matsya
|-damage|p1a: Matsya|47/100
|
|t:|1757825931
|switch|p2a: Zapdos|Zapdos, shiny|34/100|[from] Flip Turn
|-damage|p2a: Zapdos|9/100|[from] Stealth Rock
|move|p1a: Matsya|Body Press|p2a: Zapdos
|-resisted|p2a: Zapdos
|-crit|p2a: Zapdos
|-damage|p2a: Zapdos|0 fnt
|faint|p2a: Zapdos
|
|-weather|RainDance|[upkeep]
|-heal|p1a: Matsya|53/100|[from] item: Leftovers
|upkeep
|
|t:|1757825959
|switch|p2a: Clodsire|Clodsire, M|97/100
|-damage|p2a: Clodsire|91/100|[from] Stealth Rock
|turn|28
|
|t:|1757825964
|move|p1a: Matsya|Protect|p1a: Matsya
|-singleturn|p1a: Matsya|Protect
|move|p2a: Clodsire|Toxic|p1a: Matsya
|-activate|p1a: Matsya|move: Protect
|
|-weather|RainDance|[upkeep]
|-heal|p1a: Matsya|59/100|[from] item: Leftovers
|-heal|p2a: Clodsire|97/100|[from] item: Leftovers
|upkeep
|turn|29
|
|t:|1757825973
|switch|p1a: Apsara|Hatterene, F, tera:Grass|42/100
|move|p2a: Clodsire|Earthquake|p1a: Apsara
|-resisted|p1a: Apsara
|-damage|p1a: Apsara|27/100
|
|-weather|RainDance|[upkeep]
|-heal|p2a: Clodsire|100/100|[from] item: Leftovers
|upkeep
|turn|30
|
|t:|1757825983
|switch|p2a: Pelipper|Pelipper, M|51/100
|-damage|p2a: Pelipper|26/100|[from] Stealth Rock
|move|p1a: Apsara|Draining Kiss|p2a: Pelipper
|-damage|p2a: Pelipper|0 fnt
|-heal|p1a: Apsara|46/100|[from] drain|[of] p2a: Pelipper
|faint|p2a: Pelipper
|
|-weather|RainDance|[upkeep]
|upkeep
|
|t:|1757825994
|switch|p2a: Barraskewda|Barraskewda, F, tera:Water|88/100
|-damage|p2a: Barraskewda|76/100|[from] Stealth Rock
|turn|31
|
|t:|1757826016
|switch|p1a: Matsya|Dondozo, M|59/100
|move|p2a: Barraskewda|Close Combat|p1a: Matsya
|-damage|p1a: Matsya|30/100
|-unboost|p2a: Barraskewda|def|1
|-unboost|p2a: Barraskewda|spd|1
|
|-weather|RainDance|[upkeep]
|-heal|p1a: Matsya|36/100|[from] item: Leftovers
|upkeep
|turn|32
|l|☆corpseoflilith
|inactive|corpseoflilith disconnected and has a minute to reconnect!
|player|p1|
|-message|poke_zjw forfeited.
|
|win|corpseoflilith
|raw|corpseoflilith's rating: 1193 &rarr; <strong>1212</strong><br />(+19 for winning)
|raw|poke_zjw's rating: 1103 &rarr; <strong>1084</strong><br />(-19 for losing)
|l|☆poke_zjw
|player|p2|
