|j|☆Reishiramx
|j|☆dbye82
|t:|1757909277
|gametype|singles
|player|p1|Reishiramx|101|1119
|player|p2|dbye82|ltsurge|1173
|gen|9
|tier|[Gen 9] OU
|rated|
|rule|HP Percentage Mod: HP is shown in percentages
|rule|Endless Battle Clause: Forcing endless battles is banned
|rule|Species Clause: Limit one of each Pokémon
|rule|OHKO Clause: OHKO moves are banned
|rule|Evasion Items Clause: Evasion items are banned
|rule|Evasion Moves Clause: Evasion moves are banned
|rule|Evasion Abilities Clause: Evasion abilities are banned
|rule|Sleep Moves Clause: Sleep-inducing moves are banned
|clearpoke
|poke|p1|Toxapex, M|
|poke|p1|Gliscor, F|
|poke|p1|Dragapult, M|
|poke|p1|Hitmontop, M|
|poke|p1|Gyarados, M|
|poke|p1|Ogerpon-Wellspring, F|
|poke|p2|Corviknight, F|
|poke|p2|Latios, M|
|poke|p2|Toxapex, F|
|poke|p2|Gliscor, F|
|poke|p2|Darkrai|
|poke|p2|Gyarados, M|
|teampreview
|
|t:|1757909292
|teamsize|p1|6
|teamsize|p2|6
|start
|switch|p1a: Gyarados|Gyarados, M|100/100
|switch|p2a: Latios|Latios, M|100/100
|turn|1
|
|t:|1757909301
|-terastallize|p1a: Gyarados|Ground
|move|p2a: Latios|Luster Purge|p1a: Gyarados
|-damage|p1a: Gyarados|48/100
|-unboost|p1a: Gyarados|spd|1
|move|p1a: Gyarados|Dragon Dance|p1a: Gyarados
|-boost|p1a: Gyarados|atk|1
|-boost|p1a: Gyarados|spe|1
|
|-heal|p1a: Gyarados|54/100|[from] item: Leftovers
|upkeep
|turn|2
|
|t:|1757909322
|move|p2a: Latios|Luster Purge|p1a: Gyarados
|-damage|p1a: Gyarados|0 fnt
|faint|p1a: Gyarados
|
|upkeep
|
|t:|1757909330
|switch|p1a: Gliscor|Gliscor, F|100/100
|turn|3
|
|t:|1757909336
|switch|p2a: Gliscor|Gliscor, F|100/100
|move|p1a: Gliscor|Toxic|p2a: Gliscor
|-status|p2a: Gliscor|tox
|
|-status|p1a: Gliscor|tox|[from] item: Toxic Orb
|upkeep
|turn|4
|
|t:|1757909345
|switch|p2a: Latios|Latios, M|100/100
|move|p1a: Gliscor|Stealth Rock|p2a: Latios
|-sidestart|p2: dbye82|move: Stealth Rock
|
|upkeep
|turn|5
|
|t:|1757909352
|move|p2a: Latios|Ice Beam|p1a: Gliscor
|-supereffective|p1a: Gliscor
|-damage|p1a: Gliscor|0 fnt
|faint|p1a: Gliscor
|
|upkeep
|
|t:|1757909359
|switch|p1a: Toxapex|Toxapex, M|100/100
|turn|6
|
|t:|1757909363
|switch|p2a: Corviknight|Corviknight, F|100/100
|-damage|p2a: Corviknight|88/100|[from] Stealth Rock
|move|p1a: Toxapex|Infestation|p2a: Corviknight
|-resisted|p2a: Corviknight
|-damage|p2a: Corviknight|87/100
|-activate|p2a: Corviknight|move: Infestation|[of] p1a: Toxapex
|-damage|p1a: Toxapex|84/100|[from] item: Rocky Helmet|[of] p2a: Corviknight
|
|-heal|p1a: Toxapex|90/100|[from] item: Black Sludge
|-damage|p2a: Corviknight|75/100|[from] move: Infestation|[partiallytrapped]
|upkeep
|turn|7
|
|t:|1757909376
|switch|p1a: Ogerpon|Ogerpon-Wellspring, F|100/100
|move|p2a: Corviknight|Defog|p1a: Ogerpon
|-unboost|p1a: Ogerpon|evasion|1
|-sideend|p2: dbye82|Stealth Rock|[from] move: Defog|[of] p2a: Corviknight
|
|-end|p2a: Corviknight|Infestation|[partiallytrapped]|[silent]
|upkeep
|turn|8
|
|t:|1757909385
|move|p1a: Ogerpon|Knock Off|p2a: Corviknight
|-damage|p2a: Corviknight|52/100
|-damage|p1a: Ogerpon|84/100|[from] item: Rocky Helmet|[of] p2a: Corviknight
|-enditem|p2a: Corviknight|Rocky Helmet|[from] move: Knock Off|[of] p1a: Ogerpon
|move|p2a: Corviknight|Iron Defense|p2a: Corviknight
|-boost|p2a: Corviknight|def|2
|
|upkeep
|turn|9
|
|t:|1757909393
|move|p1a: Ogerpon|Ivy Cudgel|p2a: Corviknight|[anim] Ivy Cudgel Water
|-crit|p2a: Corviknight
|-damage|p2a: Corviknight|0 fnt
|faint|p2a: Corviknight
|
|upkeep
|
|t:|1757909410
|switch|p2a: Darkrai|Darkrai|100/100
|turn|10
|
|t:|1757909417
|move|p2a: Darkrai|Sludge Bomb|p1a: Ogerpon
|-supereffective|p1a: Ogerpon
|-damage|p1a: Ogerpon|11/100
|move|p1a: Ogerpon|Ivy Cudgel|p2a: Darkrai|[anim] Ivy Cudgel Water
|-damage|p2a: Darkrai|19/100
|
|upkeep
|turn|11
|
|t:|1757909424
|switch|p1a: Toxapex|Toxapex, M|100/100
|move|p2a: Darkrai|Dark Pulse|p1a: Toxapex
|-damage|p1a: Toxapex|65/100
|
|-heal|p1a: Toxapex|71/100|[from] item: Black Sludge
|upkeep
|turn|12
|
|t:|1757909435
|switch|p2a: Latios|Latios, M|100/100
|move|p1a: Toxapex|Infestation|p2a: Latios
|-supereffective|p2a: Latios
|-damage|p2a: Latios|95/100
|-activate|p2a: Latios|move: Infestation|[of] p1a: Toxapex
|
|-heal|p1a: Toxapex|77/100|[from] item: Black Sludge
|-damage|p2a: Latios|82/100|[from] move: Infestation|[partiallytrapped]
|upkeep
|turn|13
|
|t:|1757909445
|move|p1a: Toxapex|Baneful Bunker|p1a: Toxapex
|-singleturn|p1a: Toxapex|move: Protect
|move|p2a: Latios|Luster Purge|p1a: Toxapex
|-activate|p1a: Toxapex|move: Protect
|
|-heal|p1a: Toxapex|84/100|[from] item: Black Sludge
|-damage|p2a: Latios|70/100|[from] move: Infestation|[partiallytrapped]
|upkeep
|turn|14
|
|t:|1757909454
|switch|p1a: Dragapult|Dragapult, M|100/100
|move|p2a: Latios|Luster Purge|p1a: Dragapult
|-damage|p1a: Dragapult|65/100
|-unboost|p1a: Dragapult|spd|1
|
|-end|p2a: Latios|Infestation|[partiallytrapped]|[silent]
|upkeep
|turn|15
|
|t:|1757909465
|-terastallize|p2a: Latios|Steel
|move|p1a: Dragapult|Sucker Punch|p2a: Latios
|-damage|p2a: Latios|37/100
|move|p2a: Latios|Luster Purge|p1a: Dragapult
|-damage|p1a: Dragapult|6/100
|-unboost|p1a: Dragapult|spd|1
|
|upkeep
|turn|16
|
|t:|1757909477
|move|p1a: Dragapult|Sucker Punch|p2a: Latios
|-damage|p2a: Latios|4/100
|move|p2a: Latios|Luster Purge|p1a: Dragapult
|-damage|p1a: Dragapult|0 fnt
|faint|p1a: Dragapult
|
|upkeep
|
|t:|1757909483
|switch|p1a: Hitmontop|Hitmontop, M|100/100
|-ability|p1a: Hitmontop|Intimidate|boost
|-unboost|p2a: Latios|atk|1
|turn|17
|
|t:|1757909488
|move|p1a: Hitmontop|Mach Punch|p2a: Latios
|-supereffective|p2a: Latios
|-damage|p2a: Latios|0 fnt
|faint|p2a: Latios
|
|upkeep
|
|t:|1757909497
|switch|p2a: Gyarados|Gyarados, M|100/100
|turn|18
|
|t:|1757909503
|switch|p1a: Ogerpon|Ogerpon-Wellspring, F|11/100
|move|p2a: Gyarados|Dragon Dance|p2a: Gyarados
|-boost|p2a: Gyarados|atk|1
|-boost|p2a: Gyarados|spe|1
|
|upkeep
|turn|19
|
|t:|1757909509
|move|p2a: Gyarados|Temper Flare|p1a: Ogerpon
|-crit|p1a: Ogerpon
|-damage|p1a: Ogerpon|0 fnt
|faint|p1a: Ogerpon
|-ability|p2a: Gyarados|Moxie|boost
|-boost|p2a: Gyarados|atk|1
|
|upkeep
|-message|Reishiramx forfeited.
|
|win|dbye82
|raw|Reishiramx's rating: 1119 &rarr; <strong>1098</strong><br />(-21 for losing)
|raw|dbye82's rating: 1173 &rarr; <strong>1194</strong><br />(+21 for winning)
|l|☆Reishiramx
|player|p1|
|l|☆dbye82
|player|p2|
