|j|☆SapphireRedux
|j|☆Amigo26
|t:|1757824983
|gametype|singles
|player|p1|SapphireRedux|lacey|1546
|player|p2|Amigo26|nate|1578
|gen|9
|tier|[Gen 9] OU
|rated|
|rule|HP Percentage Mod: HP is shown in percentages
|rule|Endless Battle Clause: Forcing endless battles is banned
|rule|Species Clause: Limit one of each Pokémon
|rule|OHKO Clause: OHKO moves are banned
|rule|Evasion Items Clause: Evasion items are banned
|rule|Evasion Moves Clause: Evasion moves are banned
|rule|Evasion Abilities Clause: Evasion abilities are banned
|rule|Sleep Moves Clause: Sleep-inducing moves are banned
|clearpoke
|poke|p1|Quaquaval, F|
|poke|p1|Ting-Lu|
|poke|p1|Hatterene, F|
|poke|p1|Iron Treads|
|poke|p1|Dragonite, F|
|poke|p1|Ogerpon, F|
|poke|p2|Araquanid, F|
|poke|p2|Gholdengo|
|poke|p2|Iron Moth|
|poke|p2|Iron Valiant|
|poke|p2|Raging Bolt|
|poke|p2|Kingambit, F|
|teampreview
|inactive|Battle timer is ON: inactive players will automatically lose when time's up. (requested by Amigo26)
|inactive|SapphireRedux also wants the timer to be on.
|
|t:|1757824996
|teamsize|p1|6
|teamsize|p2|6
|start
|switch|p1a: Ting-Lu|Ting-Lu|100/100
|switch|p2a: QUIL|Araquanid, F|100/100
|-ability|p1a: Ting-Lu|Vessel of Ruin
|turn|1
|
|t:|1757825000
|move|p1a: Ting-Lu|Stealth Rock|p2a: QUIL
|-sidestart|p2: Amigo26|move: Stealth Rock
|move|p2a: QUIL|Surf|p1a: Ting-Lu
|-supereffective|p1a: Ting-Lu
|-damage|p1a: Ting-Lu|40/100
|-enditem|p1a: Ting-Lu|Weakness Policy
|-boost|p1a: Ting-Lu|atk|2|[from] item: Weakness Policy
|-boost|p1a: Ting-Lu|spa|2|[from] item: Weakness Policy
|
|upkeep
|turn|2
|
|t:|1757825006
|move|p1a: Ting-Lu|Stone Edge|p2a: QUIL|[miss]
|-miss|p1a: Ting-Lu|p2a: QUIL
|move|p2a: QUIL|Sticky Web|p1a: Ting-Lu
|-sidestart|p1: SapphireRedux|move: Sticky Web
|
|upkeep
|turn|3
|
|t:|1757825011
|move|p2a: QUIL|Endure|p2a: QUIL
|-singleturn|p2a: QUIL|move: Endure
|move|p1a: Ting-Lu|Stone Edge|p2a: QUIL
|-supereffective|p2a: QUIL
|-activate|p2a: QUIL|move: Endure
|-damage|p2a: QUIL|1/100
|
|upkeep
|turn|4
|-enditem|p2a: QUIL|Custap Berry|[eat]
|-activate|p2a: QUIL|item: Custap Berry|[consumed]
|
|t:|1757825013
|move|p2a: QUIL|Surf|p1a: Ting-Lu
|-supereffective|p1a: Ting-Lu
|-damage|p1a: Ting-Lu|0 fnt
|faint|p1a: Ting-Lu
|
|upkeep
|
|t:|1757825016
|switch|p1a: Iron Treads|Iron Treads|100/100
|-activate|p1a: Iron Treads|move: Sticky Web
|-unboost|p1a: Iron Treads|spe|1
|turn|5
|
|t:|1757825021
|-terastallize|p2a: QUIL|Ghost
|move|p1a: Iron Treads|Rapid Spin|p2a: QUIL
|-immune|p2a: QUIL
|move|p2a: QUIL|Surf|p1a: Iron Treads
|-supereffective|p1a: Iron Treads
|-damage|p1a: Iron Treads|5/100
|
|upkeep
|turn|6
|
|t:|1757825024
|move|p1a: Iron Treads|Volt Switch|p2a: QUIL
|-damage|p2a: QUIL|0 fnt
|faint|p2a: QUIL
|
|t:|1757825029
|-end|p1a: Iron Treads|Quark Drive|[silent]
|switch|p1a: Ogerpon|Ogerpon, F|100/100|[from] Volt Switch
|-activate|p1a: Ogerpon|move: Sticky Web
|-unboost|p1a: Ogerpon|spe|1
|-ability|p1a: Ogerpon|Defiant|boost
|-boost|p1a: Ogerpon|atk|2
|
|upkeep
|
|t:|1757825032
|switch|p2a: CALA|Iron Moth|100/100
|-damage|p2a: CALA|76/100|[from] Stealth Rock
|-enditem|p2a: CALA|Booster Energy
|-activate|p2a: CALA|ability: Quark Drive|[fromitem]
|-start|p2a: CALA|quarkdrivespa
|turn|7
|
|t:|1757825049
|switch|p1a: Iron Treads|Iron Treads|5/100
|-activate|p1a: Iron Treads|move: Sticky Web
|-unboost|p1a: Iron Treads|spe|1
|move|p2a: CALA|Sludge Wave|p1a: Iron Treads
|-immune|p1a: Iron Treads
|
|upkeep
|turn|8
|
|t:|1757825053
|move|p2a: CALA|Fiery Dance|p1a: Iron Treads
|-supereffective|p1a: Iron Treads
|-damage|p1a: Iron Treads|0 fnt
|-boost|p2a: CALA|spa|1
|faint|p1a: Iron Treads
|-end|p1a: Iron Treads|Quark Drive|[silent]
|
|upkeep
|
|t:|1757825064
|switch|p1a: Dragonite|Dragonite, F|100/100
|turn|9
|
|t:|1757825068
|move|p2a: CALA|Sludge Wave|p1a: Dragonite
|-damage|p1a: Dragonite|51/100
|move|p1a: Dragonite|Dragon Dance|p1a: Dragonite
|-boost|p1a: Dragonite|atk|1
|-boost|p1a: Dragonite|spe|1
|
|upkeep
|turn|10
|
|t:|1757825073
|move|p1a: Dragonite|Scale Shot|p2a: CALA
|-damage|p2a: CALA|35/100
|-damage|p2a: CALA|0 fnt
|faint|p2a: CALA
|-end|p2a: CALA|Quark Drive|[silent]
|-hitcount|p2: CALA|2
|-unboost|p1a: Dragonite|def|1
|-boost|p1a: Dragonite|spe|1
|
|upkeep
|
|t:|1757825078
|switch|p2a: SUPA|Kingambit, F|100/100
|-damage|p2a: SUPA|94/100|[from] Stealth Rock
|-activate|p2a: SUPA|ability: Supreme Overlord
|-start|p2a: SUPA|fallen2|[silent]
|-item|p2a: SUPA|Air Balloon
|turn|11
|
|t:|1757825084
|move|p1a: Dragonite|Fire Punch|p2a: SUPA
|-supereffective|p2a: SUPA
|-damage|p2a: SUPA|16/100
|-enditem|p2a: SUPA|Air Balloon
|move|p2a: SUPA|Kowtow Cleave|p1a: Dragonite
|-damage|p1a: Dragonite|0 fnt
|faint|p1a: Dragonite
|
|upkeep
|
|t:|1757825089
|switch|p1a: Quaquaval|Quaquaval, F|100/100
|-activate|p1a: Quaquaval|move: Sticky Web
|-unboost|p1a: Quaquaval|spe|1
|turn|12
|
|t:|1757825097
|-end|p2a: SUPA|fallen2|[silent]
|switch|p2a: TREE?|Gholdengo|100/100
|-damage|p2a: TREE?|94/100|[from] Stealth Rock
|-item|p2a: TREE?|Air Balloon
|move|p1a: Quaquaval|Swords Dance|p1a: Quaquaval
|-boost|p1a: Quaquaval|atk|2
|
|upkeep
|turn|13
|
|t:|1757825105
|move|p2a: TREE?|Shadow Ball|p1a: Quaquaval
|-damage|p1a: Quaquaval|45/100
|move|p1a: Quaquaval|Aqua Step|p2a: TREE?
|-damage|p2a: TREE?|9/100
|-boost|p1a: Quaquaval|spe|1
|-enditem|p2a: TREE?|Air Balloon
|
|upkeep
|turn|14
|
|t:|1757825111
|move|p1a: Quaquaval|Aqua Step|p2a: TREE?
|-damage|p2a: TREE?|0 fnt
|-boost|p1a: Quaquaval|spe|1
|faint|p2a: TREE?
|-ability|p1a: Quaquaval|Moxie|boost
|-boost|p1a: Quaquaval|atk|1
|
|upkeep
|
|t:|1757825116
|switch|p2a: DELI|Raging Bolt|100/100
|-damage|p2a: DELI|88/100|[from] Stealth Rock
|-enditem|p2a: DELI|Booster Energy
|-activate|p2a: DELI|ability: Protosynthesis|[fromitem]
|-start|p2a: DELI|protosynthesisspa
|turn|15
|
|t:|1757825124
|move|p1a: Quaquaval|Close Combat|p2a: DELI
|-damage|p2a: DELI|0 fnt
|-unboost|p1a: Quaquaval|def|1
|-unboost|p1a: Quaquaval|spd|1
|faint|p2a: DELI
|-end|p2a: DELI|Protosynthesis|[silent]
|-ability|p1a: Quaquaval|Moxie|boost
|-boost|p1a: Quaquaval|atk|1
|
|upkeep
|
|t:|1757825126
|switch|p2a: QUZZ|Iron Valiant|100/100
|-damage|p2a: QUZZ|94/100|[from] Stealth Rock
|-enditem|p2a: QUZZ|Booster Energy
|-activate|p2a: QUZZ|ability: Quark Drive|[fromitem]
|-start|p2a: QUZZ|quarkdrivespa
|turn|16
|
|t:|1757825133
|move|p2a: QUZZ|Vacuum Wave|p1a: Quaquaval
|-damage|p1a: Quaquaval|0 fnt
|faint|p1a: Quaquaval
|
|upkeep
|
|t:|1757825137
|switch|p1a: Hatterene|Hatterene, F|100/100
|-activate|p1a: Hatterene|move: Sticky Web
|-unboost|p1a: Hatterene|spe|1
|turn|17
|
|t:|1757825142
|move|p2a: QUZZ|Shadow Ball|p1a: Hatterene
|-supereffective|p1a: Hatterene
|-damage|p1a: Hatterene|18/100
|-unboost|p1a: Hatterene|spd|1
|move|p1a: Hatterene|Draining Kiss|p2a: QUZZ
|-supereffective|p2a: QUZZ
|-damage|p2a: QUZZ|11/100
|-heal|p1a: Hatterene|75/100|[from] drain|[of] p2a: QUZZ
|
|upkeep
|turn|18
|
|t:|1757825147
|move|p2a: QUZZ|Shadow Ball|p1a: Hatterene
|-supereffective|p1a: Hatterene
|-damage|p1a: Hatterene|0 fnt
|faint|p1a: Hatterene
|
|upkeep
|
|t:|1757825149
|switch|p1a: Ogerpon|Ogerpon, F|100/100
|-activate|p1a: Ogerpon|move: Sticky Web
|-unboost|p1a: Ogerpon|spe|1
|-ability|p1a: Ogerpon|Defiant|boost
|-boost|p1a: Ogerpon|atk|2
|turn|19
|
|t:|1757825158
|-terastallize|p1a: Ogerpon|Grass
|detailschange|p1a: Ogerpon|Ogerpon-Teal-Tera, F, tera:Grass
|-ability|p1a: Ogerpon|Embody Aspect (Teal)|boost
|-boost|p1a: Ogerpon|spe|1
|move|p2a: QUZZ|Vacuum Wave|p1a: Ogerpon
|-damage|p1a: Ogerpon|69/100
|move|p1a: Ogerpon|Ivy Cudgel|p2a: QUZZ
|-crit|p2a: QUZZ
|-damage|p2a: QUZZ|0 fnt
|faint|p2a: QUZZ
|-end|p2a: QUZZ|Quark Drive|[silent]
|
|upkeep
|
|t:|1757825161
|switch|p2a: SUPA|Kingambit, F|16/100
|-damage|p2a: SUPA|10/100|[from] Stealth Rock
|-activate|p2a: SUPA|ability: Supreme Overlord
|-start|p2a: SUPA|fallen5|[silent]
|turn|20
|
|t:|1757825163
|move|p2a: SUPA|Sucker Punch|p1a: Ogerpon
|-damage|p1a: Ogerpon|1/100
|move|p1a: Ogerpon|Ivy Cudgel|p2a: SUPA
|-resisted|p2a: SUPA
|-damage|p2a: SUPA|0 fnt
|faint|p2a: SUPA
|-end|p2a: SUPA|fallen5|[silent]
|
|win|SapphireRedux
|raw|SapphireRedux's rating: 1546 &rarr; <strong>1568</strong><br />(+22 for winning)
|raw|Amigo26's rating: 1578 &rarr; <strong>1556</strong><br />(-22 for losing)
|l|☆SapphireRedux
|player|p1|
|l|☆Amigo26
|player|p2|
