|j|☆I_AM_EX
|j|☆MrMarlboro
|t:|1757897988
|gametype|singles
|player|p1|I_AM_EX|cynthia|1140
|player|p2|MrMarlboro|skier|1085
|gen|9
|tier|[Gen 9] OU
|rated|
|rule|HP Percentage Mod: HP is shown in percentages
|rule|Endless Battle Clause: Forcing endless battles is banned
|rule|Species Clause: Limit one of each Pokémon
|rule|OHKO Clause: OHKO moves are banned
|rule|Evasion Items Clause: Evasion items are banned
|rule|Evasion Moves Clause: Evasion moves are banned
|rule|Evasion Abilities Clause: Evasion abilities are banned
|rule|Sleep Moves Clause: Sleep-inducing moves are banned
|clearpoke
|poke|p1|Clodsire, F|
|poke|p1|Toxapex, M|
|poke|p1|Alomomola, M|
|poke|p1|Dondozo, F|
|poke|p1|Blissey, F|
|poke|p1|Ting-Lu|
|poke|p2|Gliscor, F|
|poke|p2|Scizor, F|
|poke|p2|Serperior, F|
|poke|p2|Dragapult, F|
|poke|p2|Toxapex, M|
|poke|p2|Garganacl, M|
|teampreview
|inactive|Battle timer is ON: inactive players will automatically lose when time's up. (requested by MrMarlboro)
|
|t:|1757898007
|teamsize|p1|6
|teamsize|p2|6
|start
|switch|p1a: Toxapex|Toxapex, M|100/100
|switch|p2a: Gliscor|Gliscor, F|100/100
|turn|1
|
|t:|1757898031
|switch|p1a: Dondozo|Dondozo, F|100/100
|move|p2a: Gliscor|Swords Dance|p2a: Gliscor
|-boost|p2a: Gliscor|atk|2
|
|-status|p2a: Gliscor|tox|[from] item: Toxic Orb
|upkeep
|turn|2
|
|t:|1757898038
|move|p2a: Gliscor|Earthquake|p1a: Dondozo
|-damage|p1a: Dondozo|83/100
|move|p1a: Dondozo|Avalanche|p2a: Gliscor
|-supereffective|p2a: Gliscor
|-damage|p2a: Gliscor|2/100 tox
|
|-heal|p2a: Gliscor|14/100 tox|[from] ability: Poison Heal
|upkeep
|turn|3
|
|t:|1757898047
|move|p2a: Gliscor|Stealth Rock|p1a: Dondozo
|-sidestart|p1: I_AM_EX|move: Stealth Rock
|move|p1a: Dondozo|Avalanche|p2a: Gliscor
|-supereffective|p2a: Gliscor
|-damage|p2a: Gliscor|0 fnt
|faint|p2a: Gliscor
|
|upkeep
|
|t:|1757898050
|switch|p2a: Serperior|Serperior, F|100/100
|turn|4
|
|t:|1757898070
|switch|p1a: Blissey|Blissey, F|100/100
|move|p2a: Serperior|Leaf Storm|p1a: Blissey
|-damage|p1a: Blissey|87/100
|-boost|p2a: Serperior|spa|2
|
|upkeep
|turn|5
|
|t:|1757898081
|move|p2a: Serperior|Taunt|p1a: Blissey
|-start|p1a: Blissey|move: Taunt
|cant|p1a: Blissey|move: Taunt|Calm Mind
|
|upkeep
|turn|6
|
|t:|1757898086
|move|p2a: Serperior|Leaf Storm|p1a: Blissey
|-damage|p1a: Blissey|60/100
|-boost|p2a: Serperior|spa|2
|move|p1a: Blissey|Seismic Toss|p2a: Serperior
|-damage|p2a: Serperior|66/100
|
|upkeep
|turn|7
|
|t:|1757898105
|switch|p1a: Clodsire|Clodsire, F|100/100
|move|p2a: Serperior|Leaf Storm|p1a: Clodsire
|-damage|p1a: Clodsire|75/100
|-boost|p2a: Serperior|spa|2
|
|upkeep
|turn|8
|
|t:|1757898115
|move|p2a: Serperior|Giga Drain|p1a: Clodsire
|-damage|p1a: Clodsire|59/100
|-heal|p2a: Serperior|79/100|[from] drain|[of] p1a: Clodsire
|move|p1a: Clodsire|Poison Jab|p2a: Serperior
|-supereffective|p2a: Serperior
|-damage|p2a: Serperior|27/100
|
|upkeep
|turn|9
|
|t:|1757898122
|move|p2a: Serperior|Leaf Storm|p1a: Clodsire
|-damage|p1a: Clodsire|33/100
|move|p1a: Clodsire|Poison Jab|p2a: Serperior
|-supereffective|p2a: Serperior
|-damage|p2a: Serperior|0 fnt
|faint|p2a: Serperior
|
|upkeep
|
|t:|1757898126
|switch|p2a: Garganacl|Garganacl, M|100/100
|turn|10
|
|t:|1757898131
|move|p2a: Garganacl|Curse|p2a: Garganacl
|-unboost|p2a: Garganacl|spe|1
|-boost|p2a: Garganacl|atk|1
|-boost|p2a: Garganacl|def|1
|move|p1a: Clodsire|Recover|p1a: Clodsire
|-heal|p1a: Clodsire|83/100
|
|upkeep
|turn|11
|
|t:|1757898148
|switch|p1a: Alomomola|Alomomola, M|100/100
|move|p2a: Garganacl|Curse|p2a: Garganacl
|-unboost|p2a: Garganacl|spe|1
|-boost|p2a: Garganacl|atk|1
|-boost|p2a: Garganacl|def|1
|
|upkeep
|turn|12
|
|t:|1757898156
|move|p1a: Alomomola|Whirlpool|p2a: Garganacl
|-supereffective|p2a: Garganacl
|-damage|p2a: Garganacl|90/100
|-activate|p2a: Garganacl|move: Whirlpool|[of] p1a: Alomomola
|move|p2a: Garganacl|Curse|p2a: Garganacl
|-unboost|p2a: Garganacl|spe|1
|-boost|p2a: Garganacl|atk|1
|-boost|p2a: Garganacl|def|1
|
|-heal|p2a: Garganacl|96/100|[from] item: Leftovers
|-damage|p2a: Garganacl|84/100|[from] move: Whirlpool|[partiallytrapped]
|upkeep
|turn|13
|
|t:|1757898165
|move|p1a: Alomomola|Chilling Water|p2a: Garganacl
|-supereffective|p2a: Garganacl
|-damage|p2a: Garganacl|69/100
|move|p2a: Garganacl|Curse|p2a: Garganacl
|-unboost|p2a: Garganacl|spe|1
|-boost|p2a: Garganacl|atk|1
|-boost|p2a: Garganacl|def|1
|
|-heal|p2a: Garganacl|75/100|[from] item: Leftovers
|-damage|p2a: Garganacl|63/100|[from] move: Whirlpool|[partiallytrapped]
|upkeep
|turn|14
|
|t:|1757898176
|move|p1a: Alomomola|Chilling Water|p2a: Garganacl
|-supereffective|p2a: Garganacl
|-damage|p2a: Garganacl|48/100
|move|p2a: Garganacl|Curse|p2a: Garganacl
|-unboost|p2a: Garganacl|spe|1
|-boost|p2a: Garganacl|atk|1
|-boost|p2a: Garganacl|def|1
|
|-heal|p2a: Garganacl|54/100|[from] item: Leftovers
|-damage|p2a: Garganacl|42/100|[from] move: Whirlpool|[partiallytrapped]
|upkeep
|turn|15
|
|t:|1757898186
|move|p1a: Alomomola|Chilling Water|p2a: Garganacl
|-supereffective|p2a: Garganacl
|-damage|p2a: Garganacl|27/100
|move|p2a: Garganacl|Recover|p2a: Garganacl
|-heal|p2a: Garganacl|77/100
|
|-heal|p2a: Garganacl|83/100|[from] item: Leftovers
|-damage|p2a: Garganacl|71/100|[from] move: Whirlpool|[partiallytrapped]
|upkeep
|turn|16
|
|t:|1757898206
|move|p1a: Alomomola|Chilling Water|p2a: Garganacl
|-supereffective|p2a: Garganacl
|-damage|p2a: Garganacl|55/100
|move|p2a: Garganacl|Curse|p2a: Garganacl
|-unboost|p2a: Garganacl|spe|1
|-boost|p2a: Garganacl|atk|1
|-boost|p2a: Garganacl|def|1
|
|-heal|p2a: Garganacl|62/100|[from] item: Leftovers
|-damage|p2a: Garganacl|49/100|[from] move: Whirlpool|[partiallytrapped]
|upkeep
|turn|17
|
|t:|1757898217
|move|p1a: Alomomola|Chilling Water|p2a: Garganacl
|-supereffective|p2a: Garganacl
|-damage|p2a: Garganacl|32/100
|move|p2a: Garganacl|Recover|p2a: Garganacl
|-heal|p2a: Garganacl|82/100
|
|-heal|p2a: Garganacl|89/100|[from] item: Leftovers
|-end|p2a: Garganacl|Whirlpool|[partiallytrapped]
|upkeep
|turn|18
|
|t:|1757898232
|switch|p1a: Dondozo|Dondozo, F|83/100
|move|p2a: Garganacl|Body Press|p1a: Dondozo
|-damage|p1a: Dondozo|70/100
|
|-heal|p2a: Garganacl|95/100|[from] item: Leftovers
|upkeep
|turn|19
|
|t:|1757898243
|move|p1a: Dondozo|Body Press|p2a: Garganacl
|-supereffective|p2a: Garganacl
|-damage|p2a: Garganacl|65/100
|move|p2a: Garganacl|Salt Cure|p1a: Dondozo
|-damage|p1a: Dondozo|62/100
|-start|p1a: Dondozo|Salt Cure
|
|-heal|p2a: Garganacl|71/100|[from] item: Leftovers
|-damage|p1a: Dondozo|37/100|[from] Salt Cure
|upkeep
|turn|20
|
|t:|1757898257
|switch|p1a: Toxapex|Toxapex, M|100/100
|move|p2a: Garganacl|Recover|p2a: Garganacl
|-heal|p2a: Garganacl|100/100
|
|upkeep
|turn|21
|
|t:|1757898264
|move|p1a: Toxapex|Haze|p1a: Toxapex
|-clearallboost
|move|p2a: Garganacl|Salt Cure|p1a: Toxapex
|-damage|p1a: Toxapex|93/100
|-start|p1a: Toxapex|Salt Cure
|
|-damage|p1a: Toxapex|68/100|[from] Salt Cure
|upkeep
|turn|22
|
|t:|1757898273
|switch|p1a: Alomomola|Alomomola, M|100/100
|move|p2a: Garganacl|Curse|p2a: Garganacl
|-unboost|p2a: Garganacl|spe|1
|-boost|p2a: Garganacl|atk|1
|-boost|p2a: Garganacl|def|1
|
|upkeep
|turn|23
|
|t:|1757898281
|move|p1a: Alomomola|Chilling Water|p2a: Garganacl
|-supereffective|p2a: Garganacl
|-damage|p2a: Garganacl|85/100
|move|p2a: Garganacl|Curse|p2a: Garganacl
|-unboost|p2a: Garganacl|spe|1
|-boost|p2a: Garganacl|atk|1
|-boost|p2a: Garganacl|def|1
|
|-heal|p2a: Garganacl|91/100|[from] item: Leftovers
|upkeep
|turn|24
|
|t:|1757898295
|move|p1a: Alomomola|Whirlpool|p2a: Garganacl|[miss]
|-miss|p1a: Alomomola|p2a: Garganacl
|move|p2a: Garganacl|Curse|p2a: Garganacl
|-unboost|p2a: Garganacl|spe|1
|-boost|p2a: Garganacl|atk|1
|-boost|p2a: Garganacl|def|1
|
|-heal|p2a: Garganacl|98/100|[from] item: Leftovers
|upkeep
|turn|25
|
|t:|1757898300
|move|p1a: Alomomola|Whirlpool|p2a: Garganacl
|-supereffective|p2a: Garganacl
|-damage|p2a: Garganacl|87/100
|-activate|p2a: Garganacl|move: Whirlpool|[of] p1a: Alomomola
|move|p2a: Garganacl|Body Press|p1a: Alomomola
|-damage|p1a: Alomomola|61/100
|
|-heal|p2a: Garganacl|93/100|[from] item: Leftovers
|-damage|p2a: Garganacl|80/100|[from] move: Whirlpool|[partiallytrapped]
|upkeep
|turn|26
|
|t:|1757898314
|move|p1a: Alomomola|Chilling Water|p2a: Garganacl
|-supereffective|p2a: Garganacl
|-damage|p2a: Garganacl|64/100
|move|p2a: Garganacl|Curse|p2a: Garganacl
|-unboost|p2a: Garganacl|spe|1
|-boost|p2a: Garganacl|atk|1
|-boost|p2a: Garganacl|def|1
|
|-heal|p2a: Garganacl|70/100|[from] item: Leftovers
|-damage|p2a: Garganacl|57/100|[from] move: Whirlpool|[partiallytrapped]
|upkeep
|turn|27
|
|t:|1757898326
|switch|p1a: Toxapex|Toxapex, M|100/100
|move|p2a: Garganacl|Salt Cure|p1a: Toxapex
|-damage|p1a: Toxapex|75/100
|-start|p1a: Toxapex|Salt Cure
|
|-heal|p2a: Garganacl|64/100|[from] item: Leftovers
|-damage|p1a: Toxapex|50/100|[from] Salt Cure
|-end|p2a: Garganacl|Whirlpool|[partiallytrapped]|[silent]
|upkeep
|turn|28
|
|t:|1757898338
|move|p1a: Toxapex|Haze|p1a: Toxapex
|-clearallboost
|move|p2a: Garganacl|Salt Cure|p1a: Toxapex
|-damage|p1a: Toxapex|41/100
|
|-heal|p2a: Garganacl|70/100|[from] item: Leftovers
|-damage|p1a: Toxapex|16/100|[from] Salt Cure
|upkeep
|turn|29
|
|t:|1757898348
|switch|p1a: Alomomola|Alomomola, M|95/100
|move|p2a: Garganacl|Salt Cure|p1a: Alomomola
|-damage|p1a: Alomomola|87/100
|-start|p1a: Alomomola|Salt Cure
|
|-heal|p2a: Garganacl|76/100|[from] item: Leftovers
|-damage|p1a: Alomomola|62/100|[from] Salt Cure
|upkeep
|turn|30
|
|t:|1757898362
|switch|p1a: Toxapex|Toxapex, M|49/100
|move|p2a: Garganacl|Curse|p2a: Garganacl
|-unboost|p2a: Garganacl|spe|1
|-boost|p2a: Garganacl|atk|1
|-boost|p2a: Garganacl|def|1
|
|-heal|p2a: Garganacl|82/100|[from] item: Leftovers
|upkeep
|turn|31
|
|t:|1757898376
|move|p1a: Toxapex|Haze|p1a: Toxapex
|-clearallboost
|move|p2a: Garganacl|Salt Cure|p1a: Toxapex
|-damage|p1a: Toxapex|40/100
|-start|p1a: Toxapex|Salt Cure
|
|-heal|p2a: Garganacl|88/100|[from] item: Leftovers
|-damage|p1a: Toxapex|16/100|[from] Salt Cure
|upkeep
|turn|32
|
|t:|1757898385
|switch|p1a: Alomomola|Alomomola, M|95/100
|move|p2a: Garganacl|Salt Cure|p1a: Alomomola
|-damage|p1a: Alomomola|87/100
|-start|p1a: Alomomola|Salt Cure
|
|-heal|p2a: Garganacl|95/100|[from] item: Leftovers
|-damage|p1a: Alomomola|62/100|[from] Salt Cure
|upkeep
|turn|33
|
|t:|1757898393
|switch|p1a: Toxapex|Toxapex, M|49/100
|move|p2a: Garganacl|Salt Cure|p1a: Toxapex
|-damage|p1a: Toxapex|40/100
|-start|p1a: Toxapex|Salt Cure
|
|-heal|p2a: Garganacl|100/100|[from] item: Leftovers
|-damage|p1a: Toxapex|15/100|[from] Salt Cure
|upkeep
|turn|34
|
|t:|1757898398
|switch|p1a: Alomomola|Alomomola, M|95/100
|move|p2a: Garganacl|Salt Cure|p1a: Alomomola
|-damage|p1a: Alomomola|87/100
|-start|p1a: Alomomola|Salt Cure
|
|-damage|p1a: Alomomola|62/100|[from] Salt Cure
|upkeep
|turn|35
|
|t:|1757898403
|switch|p1a: Toxapex|Toxapex, M|49/100
|move|p2a: Garganacl|Salt Cure|p1a: Toxapex
|-damage|p1a: Toxapex|40/100
|-start|p1a: Toxapex|Salt Cure
|
|-damage|p1a: Toxapex|16/100|[from] Salt Cure
|upkeep
|turn|36
|
|t:|1757898405
|switch|p1a: Alomomola|Alomomola, M|96/100
|move|p2a: Garganacl|Salt Cure|p1a: Alomomola
|-damage|p1a: Alomomola|89/100
|-start|p1a: Alomomola|Salt Cure
|
|-damage|p1a: Alomomola|64/100|[from] Salt Cure
|upkeep
|turn|37
|
|t:|1757898415
|switch|p1a: Toxapex|Toxapex, M|49/100
|move|p2a: Garganacl|Curse|p2a: Garganacl
|-unboost|p2a: Garganacl|spe|1
|-boost|p2a: Garganacl|atk|1
|-boost|p2a: Garganacl|def|1
|
|upkeep
|turn|38
|
|t:|1757898429
|move|p1a: Toxapex|Haze|p1a: Toxapex
|-clearallboost
|move|p2a: Garganacl|Salt Cure|p1a: Toxapex
|-damage|p1a: Toxapex|40/100
|-start|p1a: Toxapex|Salt Cure
|
|-damage|p1a: Toxapex|15/100|[from] Salt Cure
|upkeep
|turn|39
|
|t:|1757898434
|switch|p1a: Alomomola|Alomomola, M|97/100
|move|p2a: Garganacl|Curse|p2a: Garganacl
|-unboost|p2a: Garganacl|spe|1
|-boost|p2a: Garganacl|atk|1
|-boost|p2a: Garganacl|def|1
|
|upkeep
|turn|40
|
|t:|1757898443
|switch|p1a: Toxapex|Toxapex, M|49/100
|move|p2a: Garganacl|Curse|p2a: Garganacl
|-unboost|p2a: Garganacl|spe|1
|-boost|p2a: Garganacl|atk|1
|-boost|p2a: Garganacl|def|1
|
|upkeep
|turn|41
|inactive|MrMarlboro has 120 seconds left.
|
|t:|1757898475
|move|p1a: Toxapex|Haze|p1a: Toxapex
|-clearallboost
|move|p2a: Garganacl|Salt Cure|p1a: Toxapex
|-crit|p1a: Toxapex
|-damage|p1a: Toxapex|37/100
|-start|p1a: Toxapex|Salt Cure
|
|-damage|p1a: Toxapex|12/100|[from] Salt Cure
|upkeep
|turn|42
|
|t:|1757898482
|switch|p1a: Alomomola|Alomomola, M|100/100
|switch|p2a: Scizor|Scizor, F, shiny|100/100
|
|upkeep
|turn|43
|
|t:|1757898490
|move|p1a: Alomomola|Whirlpool|p2a: Scizor
|-damage|p2a: Scizor|93/100
|-activate|p2a: Scizor|move: Whirlpool|[of] p1a: Alomomola
|move|p2a: Scizor|Swords Dance|p2a: Scizor
|-boost|p2a: Scizor|atk|2
|
|-damage|p2a: Scizor|80/100|[from] move: Whirlpool|[partiallytrapped]
|upkeep
|turn|44
|
|t:|1757898497
|move|p2a: Scizor|Swords Dance|p2a: Scizor
|-boost|p2a: Scizor|atk|2
|move|p1a: Alomomola|Chilling Water|p2a: Scizor
|-damage|p2a: Scizor|69/100
|-unboost|p2a: Scizor|atk|1
|
|-damage|p2a: Scizor|57/100|[from] move: Whirlpool|[partiallytrapped]
|upkeep
|turn|45
|
|t:|1757898500
|move|p1a: Alomomola|Chilling Water|p2a: Scizor
|-damage|p2a: Scizor|46/100
|-unboost|p2a: Scizor|atk|1
|move|p2a: Scizor|Knock Off|p1a: Alomomola
|-damage|p1a: Alomomola|59/100
|-enditem|p1a: Alomomola|Heavy-Duty Boots|[from] move: Knock Off|[of] p2a: Scizor
|
|-damage|p2a: Scizor|34/100|[from] move: Whirlpool|[partiallytrapped]
|upkeep
|turn|46
|
|t:|1757898504
|move|p2a: Scizor|Bullet Punch|p1a: Alomomola
|-resisted|p1a: Alomomola
|-crit|p1a: Alomomola
|-damage|p1a: Alomomola|27/100
|move|p1a: Alomomola|Chilling Water|p2a: Scizor
|-damage|p2a: Scizor|24/100
|-unboost|p2a: Scizor|atk|1
|
|-damage|p2a: Scizor|12/100|[from] move: Whirlpool|[partiallytrapped]
|upkeep
|turn|47
|
|t:|1757898510
|move|p1a: Alomomola|Protect|p1a: Alomomola
|-singleturn|p1a: Alomomola|Protect
|move|p2a: Scizor|Knock Off|p1a: Alomomola
|-activate|p1a: Alomomola|move: Protect
|
|-damage|p2a: Scizor|0 fnt|[from] move: Whirlpool|[partiallytrapped]
|faint|p2a: Scizor
|upkeep
|
|t:|1757898513
|switch|p2a: Dragapult|Dragapult, F|100/100
|turn|48
|
|t:|1757898517
|switch|p1a: Blissey|Blissey, F|60/100
|move|p2a: Dragapult|Dragon Darts|p1a: Blissey
|-damage|p1a: Blissey|11/100
|-anim|p2a: Dragapult|Dragon Darts|p1a: Blissey
|-damage|p1a: Blissey|0 fnt
|faint|p1a: Blissey
|
|upkeep
|
|t:|1757898530
|switch|p1a: Toxapex|Toxapex, M|45/100
|turn|49
|
|t:|1757898546
|move|p2a: Dragapult|Dragon Darts|p1a: Toxapex
|-damage|p1a: Toxapex|30/100
|-anim|p2a: Dragapult|Dragon Darts|p1a: Toxapex
|-damage|p1a: Toxapex|15/100
|move|p1a: Toxapex|Toxic|p2a: Dragapult
|-status|p2a: Dragapult|tox
|
|-damage|p2a: Dragapult|95/100 tox|[from] psn
|upkeep
|turn|50
|
|t:|1757898556
|switch|p1a: Alomomola|Alomomola, M|60/100
|-damage|p1a: Alomomola|48/100|[from] Stealth Rock
|move|p2a: Dragapult|Dragon Darts|p1a: Alomomola
|-damage|p1a: Alomomola|35/100
|-anim|p2a: Dragapult|Dragon Darts|p1a: Alomomola
|-damage|p1a: Alomomola|22/100
|
|-damage|p2a: Dragapult|83/100 tox|[from] psn
|upkeep
|turn|51
|
|t:|1757898562
|move|p1a: Alomomola|Protect|p1a: Alomomola
|-singleturn|p1a: Alomomola|Protect
|move|p2a: Dragapult|U-turn|p1a: Alomomola
|-activate|p1a: Alomomola|move: Protect
|
|-damage|p2a: Dragapult|65/100 tox|[from] psn
|upkeep
|turn|52
|
|t:|1757898565
|switch|p1a: Toxapex|Toxapex, M|49/100
|move|p2a: Dragapult|U-turn|p1a: Toxapex
|-resisted|p1a: Toxapex
|-crit|p1a: Toxapex
|-damage|p1a: Toxapex|38/100
|
|t:|1757898570
|switch|p2a: Toxapex|Toxapex, M|100/100|[from] U-turn
|
|upkeep
|turn|53
|
|t:|1757898575
|move|p1a: Toxapex|Recover|p1a: Toxapex
|-heal|p1a: Toxapex|88/100
|move|p2a: Toxapex|Infestation|p1a: Toxapex
|-resisted|p1a: Toxapex
|-crit|p1a: Toxapex
|-damage|p1a: Toxapex|86/100
|-activate|p1a: Toxapex|move: Infestation|[of] p2a: Toxapex
|
|-damage|p1a: Toxapex|74/100|[from] move: Infestation|[partiallytrapped]
|upkeep
|turn|54
|
|t:|1757898596
|move|p1a: Toxapex|Toxic Spikes|p2a: Toxapex
|-sidestart|p2: MrMarlboro|move: Toxic Spikes
|move|p2a: Toxapex|Toxic Spikes|p1a: Toxapex
|-sidestart|p1: I_AM_EX|move: Toxic Spikes
|
|-damage|p1a: Toxapex|62/100|[from] move: Infestation|[partiallytrapped]
|upkeep
|turn|55
|
|t:|1757898600
|move|p1a: Toxapex|Toxic Spikes|p2a: Toxapex
|-sidestart|p2: MrMarlboro|move: Toxic Spikes
|move|p2a: Toxapex|Toxic Spikes|p1a: Toxapex
|-sidestart|p1: I_AM_EX|move: Toxic Spikes
|
|-damage|p1a: Toxapex|49/100|[from] move: Infestation|[partiallytrapped]
|upkeep
|turn|56
|
|t:|1757898612
|move|p1a: Toxapex|Recover|p1a: Toxapex
|-heal|p1a: Toxapex|99/100
|move|p2a: Toxapex|Toxic Spikes||[still]
|-fail|p2a: Toxapex
|
|-damage|p1a: Toxapex|87/100|[from] move: Infestation|[partiallytrapped]
|upkeep
|turn|57
|
|t:|1757898619
|move|p1a: Toxapex|Toxic Spikes||[still]
|-fail|p1a: Toxapex
|move|p2a: Toxapex|Toxic Spikes||[still]
|-fail|p2a: Toxapex
|
|-damage|p1a: Toxapex|75/100|[from] move: Infestation|[partiallytrapped]
|upkeep
|turn|58
|
|t:|1757898622
|move|p1a: Toxapex|Toxic Spikes||[still]
|-fail|p1a: Toxapex
|move|p2a: Toxapex|Toxic Spikes||[still]
|-fail|p2a: Toxapex
|
|-end|p1a: Toxapex|Infestation|[partiallytrapped]
|upkeep
|turn|59
|
|t:|1757898624
|move|p1a: Toxapex|Toxic Spikes||[still]
|-fail|p1a: Toxapex
|move|p2a: Toxapex|Infestation|p1a: Toxapex
|-resisted|p1a: Toxapex
|-damage|p1a: Toxapex|74/100
|-activate|p1a: Toxapex|move: Infestation|[of] p2a: Toxapex
|
|-damage|p1a: Toxapex|62/100|[from] move: Infestation|[partiallytrapped]
|upkeep
|turn|60
|
|t:|1757898626
|move|p1a: Toxapex|Toxic Spikes||[still]
|-fail|p1a: Toxapex
|move|p2a: Toxapex|Toxic Spikes||[still]
|-fail|p2a: Toxapex
|
|-damage|p1a: Toxapex|49/100|[from] move: Infestation|[partiallytrapped]
|upkeep
|turn|61
|
|t:|1757898631
|move|p1a: Toxapex|Toxic Spikes||[still]
|-fail|p1a: Toxapex
|move|p2a: Toxapex|Toxic Spikes||[still]
|-fail|p2a: Toxapex
|
|-damage|p1a: Toxapex|37/100|[from] move: Infestation|[partiallytrapped]
|upkeep
|turn|62
|
|t:|1757898634
|move|p1a: Toxapex|Toxic Spikes||[still]
|-fail|p1a: Toxapex
|move|p2a: Toxapex|Toxic Spikes||[still]
|-fail|p2a: Toxapex
|
|-damage|p1a: Toxapex|25/100|[from] move: Infestation|[partiallytrapped]
|upkeep
|turn|63
|
|t:|1757898637
|move|p1a: Toxapex|Recover|p1a: Toxapex
|-heal|p1a: Toxapex|75/100
|move|p2a: Toxapex|Toxic Spikes||[still]
|-fail|p2a: Toxapex
|
|-end|p1a: Toxapex|Infestation|[partiallytrapped]
|upkeep
|turn|64
|
|t:|1757898648
|switch|p1a: Ting-Lu|Ting-Lu|100/100
|-ability|p1a: Ting-Lu|Vessel of Ruin
|move|p2a: Toxapex|Infestation|p1a: Ting-Lu
|-supereffective|p1a: Ting-Lu
|-damage|p1a: Ting-Lu|98/100
|-activate|p1a: Ting-Lu|move: Infestation|[of] p2a: Toxapex
|
|-damage|p1a: Ting-Lu|85/100|[from] move: Infestation|[partiallytrapped]
|upkeep
|turn|65
|
|t:|1757898657
|move|p2a: Toxapex|Baneful Bunker|p2a: Toxapex
|-singleturn|p2a: Toxapex|move: Protect
|move|p1a: Ting-Lu|Earthquake|p2a: Toxapex
|-activate|p2a: Toxapex|move: Protect
|
|-damage|p1a: Ting-Lu|73/100|[from] move: Infestation|[partiallytrapped]
|upkeep
|turn|66
|
|t:|1757898663
|-terastallize|p2a: Toxapex|Flying
|move|p1a: Ting-Lu|Earthquake|p2a: Toxapex
|-immune|p2a: Toxapex
|move|p2a: Toxapex|Infestation|p1a: Ting-Lu
|-supereffective|p1a: Ting-Lu
|-damage|p1a: Ting-Lu|70/100
|
|-damage|p2a: Toxapex|88/100|[from] item: Black Sludge
|-damage|p1a: Ting-Lu|57/100|[from] move: Infestation|[partiallytrapped]
|upkeep
|turn|67
|inactive|I_AM_EX has 120 seconds left.
|
|t:|1757898717
|move|p1a: Ting-Lu|Rest|p1a: Ting-Lu
|-status|p1a: Ting-Lu|slp|[from] move: Rest
|-heal|p1a: Ting-Lu|100/100 slp|[silent]
|move|p2a: Toxapex|Infestation|p1a: Ting-Lu
|-supereffective|p1a: Ting-Lu
|-damage|p1a: Ting-Lu|98/100 slp
|
|-damage|p2a: Toxapex|75/100|[from] item: Black Sludge
|-damage|p1a: Ting-Lu|85/100 slp|[from] move: Infestation|[partiallytrapped]
|upkeep
|turn|68
|
|t:|1757898735
|cant|p1a: Ting-Lu|slp
|move|p2a: Toxapex|Toxic Spikes||[still]
|-fail|p2a: Toxapex
|
|-damage|p2a: Toxapex|63/100|[from] item: Black Sludge
|-end|p1a: Ting-Lu|Infestation|[partiallytrapped]
|upkeep
|turn|69
|inactive|I_AM_EX has 90 seconds left.
|inactive|I_AM_EX has 60 seconds left.
|
|t:|1757898785
|switch|p1a: Alomomola|Alomomola, M|55/100
|-damage|p1a: Alomomola|43/100|[from] Stealth Rock
|-status|p1a: Alomomola|tox
|switch|p2a: Dragapult|Dragapult, F|65/100 tox
|
|-damage|p2a: Dragapult|59/100 tox|[from] psn
|-damage|p1a: Alomomola|37/100 tox|[from] psn
|upkeep
|turn|70
|inactive|I_AM_EX has 60 seconds left.
|
|t:|1757898802
|switch|p1a: Toxapex|Toxapex, M|100/100
|-sideend|p1: I_AM_EX|move: Toxic Spikes|[of] p1a: Toxapex
|move|p2a: Dragapult|Dragon Darts|p1a: Toxapex
|-damage|p1a: Toxapex|86/100
|-anim|p2a: Dragapult|Dragon Darts|p1a: Toxapex
|-damage|p1a: Toxapex|70/100
|
|-damage|p2a: Dragapult|47/100 tox|[from] psn
|upkeep
|turn|71
|
|t:|1757898829
|switch|p2a: Toxapex|Toxapex, M, tera:Flying|96/100
|move|p1a: Toxapex|Toxic Spikes||[still]
|-fail|p1a: Toxapex
|
|-damage|p2a: Toxapex|84/100|[from] item: Black Sludge
|upkeep
|turn|72
|inactive|I_AM_EX has 30 seconds left.
|inactive|I_AM_EX has 20 seconds left.
|inactive|I_AM_EX has 15 seconds left.
|inactive|I_AM_EX has 10 seconds left.
|inactive|I_AM_EX has 5 seconds left.
|-message|I_AM_EX lost due to inactivity.
|
|win|MrMarlboro
|raw|I_AM_EX's rating: 1140 &rarr; <strong>1111</strong><br />(-29 for losing)
|raw|MrMarlboro's rating: 1085 &rarr; <strong>1117</strong><br />(+32 for winning)
