|j|☆biboobiboo
|j|☆NonFlushableToken
|t:|1757959063
|gametype|singles
|player|p1|biboobiboo|pokekid|1313
|player|p2|NonFlushableToken|170|1264
|gen|9
|tier|[Gen 9] OU
|rated|
|rule|HP Percentage Mod: HP is shown in percentages
|rule|Endless Battle Clause: Forcing endless battles is banned
|rule|Species Clause: Limit one of each Pokémon
|rule|OHKO Clause: OHKO moves are banned
|rule|Evasion Items Clause: Evasion items are banned
|rule|Evasion Moves Clause: Evasion moves are banned
|rule|Evasion Abilities Clause: Evasion abilities are banned
|rule|Sleep Moves Clause: Sleep-inducing moves are banned
|clearpoke
|poke|p1|Pelipper, M|
|poke|p1|Barraskewda, F|
|poke|p1|Zapdos|
|poke|p1|Iron Treads|
|poke|p1|Kyurem|
|poke|p1|Kingambit, F|
|poke|p2|Talonflame, F|
|poke|p2|Hatterene, F|
|poke|p2|Alomomola, F|
|poke|p2|Ogerpon-Wellspring, F|
|poke|p2|Great Tusk|
|poke|p2|Raging Bolt|
|teampreview
|inactive|Battle timer is ON: inactive players will automatically lose when time's up. (requested by biboobiboo)
|
|t:|1757959071
|teamsize|p1|6
|teamsize|p2|6
|start
|switch|p1a: Kyurem|Kyurem|100/100
|switch|p2a: Ogerpon|Ogerpon-Wellspring, F|100/100
|-ability|p1a: Kyurem|Pressure
|turn|1
|
|t:|1757959080
|move|p2a: Ogerpon|U-turn|p1a: Kyurem
|-damage|p1a: Kyurem|75/100
|
|t:|1757959085
|switch|p2a: Hatterene|Hatterene, F|100/100|[from] U-turn
|move|p1a: Kyurem|Freeze-Dry|p2a: Hatterene
|-damage|p2a: Hatterene|65/100
|
|upkeep
|turn|2
|
|t:|1757959098
|switch|p1a: Zapdos|Zapdos|100/100
|move|p2a: Hatterene|Draining Kiss|p1a: Zapdos
|-damage|p1a: Zapdos|81/100
|-heal|p2a: Hatterene|80/100|[from] drain|[of] p1a: Zapdos
|-status|p2a: Hatterene|par|[from] ability: Static|[of] p1a: Zapdos
|
|upkeep
|turn|3
|
|t:|1757959107
|switch|p2a: Raging Bolt|Raging Bolt|100/100
|move|p1a: Zapdos|Volt Switch|p2a: Raging Bolt
|-resisted|p2a: Raging Bolt
|-damage|p2a: Raging Bolt|96/100
|
|t:|1757959120
|switch|p1a: Iron Treads|Iron Treads|100/100|[from] Volt Switch
|
|upkeep
|turn|4
|
|t:|1757959130
|-end|p2a: Raging Bolt|Protosynthesis|[silent]
|switch|p2a: Great Tusk|Great Tusk|100/100
|move|p1a: Iron Treads|Ice Spinner|p2a: Great Tusk
|-supereffective|p2a: Great Tusk
|-damage|p2a: Great Tusk|65/100
|
|upkeep
|turn|5
|
|t:|1757959143
|-end|p1a: Iron Treads|Quark Drive|[silent]
|switch|p1a: Pelipper|Pelipper, M|100/100
|-weather|RainDance|[from] ability: Drizzle|[of] p1a: Pelipper
|move|p2a: Great Tusk|Rapid Spin|p1a: Pelipper
|-damage|p1a: Pelipper|89/100
|-boost|p2a: Great Tusk|spe|1
|
|-weather|RainDance|[upkeep]
|upkeep
|turn|6
|
|t:|1757959155
|-end|p2a: Great Tusk|Protosynthesis|[silent]
|switch|p2a: Ogerpon|Ogerpon-Wellspring, F|100/100
|move|p1a: Pelipper|Hurricane|p2a: Ogerpon
|-supereffective|p2a: Ogerpon
|-damage|p2a: Ogerpon|13/100
|
|-weather|RainDance|[upkeep]
|upkeep
|turn|7
|
|t:|1757959164
|move|p2a: Ogerpon|U-turn|p1a: Pelipper
|-resisted|p1a: Pelipper
|-damage|p1a: Pelipper|76/100
|
|t:|1757959172
|switch|p2a: Raging Bolt|Raging Bolt|96/100|[from] U-turn
|move|p1a: Pelipper|U-turn|p2a: Raging Bolt
|-damage|p2a: Raging Bolt|88/100
|
|t:|1757959180
|switch|p1a: Kyurem|Kyurem|75/100|[from] U-turn
|-ability|p1a: Kyurem|Pressure
|
|-weather|RainDance|[upkeep]
|upkeep
|turn|8
|
|t:|1757959193
|switch|p1a: Iron Treads|Iron Treads|100/100
|-end|p2a: Raging Bolt|Protosynthesis|[silent]
|switch|p2a: Hatterene|Hatterene, F|80/100 par
|
|-weather|RainDance|[upkeep]
|upkeep
|turn|9
|
|t:|1757959208
|switch|p2a: Alomomola|Alomomola, F|100/100
|move|p1a: Iron Treads|Earthquake|p2a: Alomomola
|-damage|p2a: Alomomola|74/100
|
|-weather|RainDance|[upkeep]
|upkeep
|turn|10
|
|t:|1757959212
|move|p1a: Iron Treads|Volt Switch|p2a: Alomomola
|-supereffective|p2a: Alomomola
|-damage|p2a: Alomomola|50/100
|
|t:|1757959218
|-end|p1a: Iron Treads|Quark Drive|[silent]
|switch|p1a: Kyurem|Kyurem|75/100|[from] Volt Switch
|-ability|p1a: Kyurem|Pressure
|move|p2a: Alomomola|Wish|p2a: Alomomola
|
|-weather|RainDance|[upkeep]
|upkeep
|turn|11
|
|t:|1757959226
|switch|p2a: Hatterene|Hatterene, F|80/100 par
|move|p1a: Kyurem|Freeze-Dry|p2a: Hatterene
|-damage|p2a: Hatterene|43/100 par
|
|-weather|RainDance|[upkeep]
|-heal|p2a: Hatterene|100/100 par|[from] move: Wish|[wisher] Alomomola
|upkeep
|turn|12
|
|t:|1757959243
|switch|p1a: Iron Treads|Iron Treads|100/100
|move|p2a: Hatterene|Nuzzle|p1a: Iron Treads
|-immune|p1a: Iron Treads
|
|-weather|none
|upkeep
|turn|13
|
|t:|1757959256
|switch|p2a: Alomomola|Alomomola, F|83/100
|move|p1a: Iron Treads|Rapid Spin|p2a: Alomomola
|-damage|p2a: Alomomola|73/100
|-boost|p1a: Iron Treads|spe|1
|
|upkeep
|turn|14
|
|t:|1757959261
|switch|p2a: Great Tusk|Great Tusk|65/100
|move|p1a: Iron Treads|Volt Switch|p2a: Great Tusk
|-immune|p2a: Great Tusk
|
|upkeep
|turn|15
|
|t:|1757959267
|move|p1a: Iron Treads|Ice Spinner|p2a: Great Tusk
|-supereffective|p2a: Great Tusk
|-crit|p2a: Great Tusk
|-damage|p2a: Great Tusk|15/100
|move|p2a: Great Tusk|Stealth Rock|p1a: Iron Treads
|-sidestart|p1: biboobiboo|move: Stealth Rock
|
|upkeep
|turn|16
|
|t:|1757959280
|-end|p2a: Great Tusk|Protosynthesis|[silent]
|switch|p2a: Talonflame|Talonflame, F|100/100
|move|p1a: Iron Treads|Earthquake|p2a: Talonflame
|-immune|p2a: Talonflame
|
|upkeep
|turn|17
|
|t:|1757959304
|switch|p2a: Raging Bolt|Raging Bolt|88/100
|move|p1a: Iron Treads|Rapid Spin|p2a: Raging Bolt
|-damage|p2a: Raging Bolt|75/100
|-boost|p1a: Iron Treads|spe|1
|-sideend|p1: biboobiboo|Stealth Rock|[from] move: Rapid Spin|[of] p1a: Iron Treads
|
|upkeep
|turn|18
|
|t:|1757959314
|move|p1a: Iron Treads|Earthquake|p2a: Raging Bolt
|-supereffective|p2a: Raging Bolt
|-damage|p2a: Raging Bolt|0 fnt
|faint|p2a: Raging Bolt
|-end|p2a: Raging Bolt|Protosynthesis|[silent]
|
|upkeep
|
|t:|1757959319
|switch|p2a: Ogerpon|Ogerpon-Wellspring, F|13/100
|turn|19
|
|t:|1757959329
|move|p1a: Iron Treads|Ice Spinner|p2a: Ogerpon
|-damage|p2a: Ogerpon|0 fnt
|faint|p2a: Ogerpon
|
|upkeep
|
|t:|1757959336
|switch|p2a: Talonflame|Talonflame, F|100/100
|turn|20
|
|t:|1757959340
|move|p1a: Iron Treads|Volt Switch|p2a: Talonflame
|-supereffective|p2a: Talonflame
|-damage|p2a: Talonflame|62/100
|
|t:|1757959344
|-end|p1a: Iron Treads|Quark Drive|[silent]
|switch|p1a: Pelipper|Pelipper, M|76/100|[from] Volt Switch
|-weather|RainDance|[from] ability: Drizzle|[of] p1a: Pelipper
|move|p2a: Talonflame|Flare Blitz|p1a: Pelipper
|-resisted|p1a: Pelipper
|-damage|p1a: Pelipper|62/100
|-damage|p2a: Talonflame|57/100|[from] Recoil
|
|-weather|RainDance|[upkeep]
|upkeep
|turn|21
|
|t:|1757959353
|switch|p2a: Alomomola|Alomomola, F|100/100
|move|p1a: Pelipper|Weather Ball|p2a: Alomomola
|-resisted|p2a: Alomomola
|-damage|p2a: Alomomola|79/100
|
|-weather|RainDance|[upkeep]
|upkeep
|turn|22
|
|t:|1757959358
|move|p2a: Alomomola|Flip Turn|p1a: Pelipper
|-resisted|p1a: Pelipper
|-damage|p1a: Pelipper|52/100
|
|t:|1757959361
|switch|p2a: Hatterene|Hatterene, F|100/100 par|[from] Flip Turn
|move|p1a: Pelipper|U-turn|p2a: Hatterene
|-damage|p2a: Hatterene|93/100 par
|
|t:|1757959372
|switch|p1a: Barraskewda|Barraskewda, F, shiny|100/100|[from] U-turn
|
|-weather|RainDance|[upkeep]
|upkeep
|turn|23
|
|t:|1757959383
|-terastallize|p1a: Barraskewda|Water
|move|p1a: Barraskewda|Liquidation|p2a: Hatterene
|-damage|p2a: Hatterene|0 fnt
|faint|p2a: Hatterene
|
|-weather|RainDance|[upkeep]
|upkeep
|
|t:|1757959388
|switch|p2a: Alomomola|Alomomola, F|100/100
|turn|24
|
|t:|1757959395
|move|p1a: Barraskewda|Liquidation|p2a: Alomomola
|-resisted|p2a: Alomomola
|-damage|p2a: Alomomola|58/100
|move|p2a: Alomomola|Wish|p2a: Alomomola
|
|-weather|RainDance|[upkeep]
|upkeep
|turn|25
|
|t:|1757959407
|move|p1a: Barraskewda|Liquidation|p2a: Alomomola
|-resisted|p2a: Alomomola
|-damage|p2a: Alomomola|15/100
|move|p2a: Alomomola|Flip Turn|p1a: Barraskewda
|-resisted|p1a: Barraskewda
|-damage|p1a: Barraskewda|78/100
|
|t:|1757959410
|switch|p2a: Talonflame|Talonflame, F|57/100|[from] Flip Turn
|
|-weather|RainDance|[upkeep]
|-heal|p2a: Talonflame|100/100|[from] move: Wish|[wisher] Alomomola
|upkeep
|turn|26
|
|t:|1757959427
|switch|p1a: Iron Treads|Iron Treads|100/100
|switch|p2a: Alomomola|Alomomola, F|48/100
|
|-weather|RainDance|[upkeep]
|upkeep
|turn|27
|
|t:|1757959435
|move|p1a: Iron Treads|Volt Switch|p2a: Alomomola
|-supereffective|p2a: Alomomola
|-damage|p2a: Alomomola|27/100
|
|t:|1757959445
|-end|p1a: Iron Treads|Quark Drive|[silent]
|switch|p1a: Kyurem|Kyurem|75/100|[from] Volt Switch
|-ability|p1a: Kyurem|Pressure
|move|p2a: Alomomola|Wish|p2a: Alomomola
|
|-weather|none
|upkeep
|turn|28
|
|t:|1757959457
|switch|p2a: Talonflame|Talonflame, F|100/100
|move|p1a: Kyurem|Freeze-Dry|p2a: Talonflame
|-damage|p2a: Talonflame|10/100
|
|-heal|p2a: Talonflame|89/100|[from] move: Wish|[wisher] Alomomola
|upkeep
|turn|29
|
|t:|1757959469
|move|p2a: Talonflame|U-turn|p1a: Kyurem
|-damage|p1a: Kyurem|47/100
|
|t:|1757959480
|switch|p2a: Great Tusk|Great Tusk|15/100|[from] U-turn
|move|p1a: Kyurem|Freeze-Dry|p2a: Great Tusk
|-supereffective|p2a: Great Tusk
|-damage|p2a: Great Tusk|0 fnt
|faint|p2a: Great Tusk
|-end|p2a: Great Tusk|Protosynthesis|[silent]
|
|upkeep
|
|t:|1757959488
|switch|p2a: Talonflame|Talonflame, F|89/100
|turn|30
|
|t:|1757959492
|switch|p1a: Pelipper|Pelipper, M|52/100
|-weather|RainDance|[from] ability: Drizzle|[of] p1a: Pelipper
|move|p2a: Talonflame|U-turn|p1a: Pelipper
|-resisted|p1a: Pelipper
|-damage|p1a: Pelipper|42/100
|
|t:|1757959495
|switch|p2a: Alomomola|Alomomola, F|60/100|[from] U-turn
|
|-weather|RainDance|[upkeep]
|upkeep
|turn|31
|
|t:|1757959501
|move|p2a: Alomomola|Wish|p2a: Alomomola
|move|p1a: Pelipper|Roost|p1a: Pelipper
|-heal|p1a: Pelipper|92/100
|-singleturn|p1a: Pelipper|move: Roost
|
|-weather|RainDance|[upkeep]
|upkeep
|turn|32
|
|t:|1757959510
|move|p2a: Alomomola|Tickle|p1a: Pelipper
|-unboost|p1a: Pelipper|atk|1
|-unboost|p1a: Pelipper|def|1
|move|p1a: Pelipper|U-turn|p2a: Alomomola
|-damage|p2a: Alomomola|56/100
|
|t:|1757959519
|switch|p1a: Kyurem|Kyurem|47/100|[from] U-turn
|-ability|p1a: Kyurem|Pressure
|
|-weather|RainDance|[upkeep]
|-heal|p2a: Alomomola|100/100|[from] move: Wish|[wisher] Alomomola
|upkeep
|turn|33
|
|t:|1757959529
|-terastallize|p2a: Alomomola|Ghost
|move|p1a: Kyurem|Freeze-Dry|p2a: Alomomola
|-damage|p2a: Alomomola|54/100
|-status|p2a: Alomomola|frz
|-curestatus|p2a: Alomomola|frz|[msg]
|move|p2a: Alomomola|Wish|p2a: Alomomola
|
|-weather|RainDance|[upkeep]
|upkeep
|turn|34
|
|t:|1757959537
|switch|p1a: Kingambit|Kingambit, F|100/100
|-item|p1a: Kingambit|Air Balloon
|move|p2a: Alomomola|Flip Turn|p1a: Kingambit
|-damage|p1a: Kingambit|82/100
|-enditem|p1a: Kingambit|Air Balloon
|
|t:|1757959539
|switch|p2a: Talonflame|Talonflame, F|89/100|[from] Flip Turn
|
|-weather|RainDance|[upkeep]
|-heal|p2a: Talonflame|100/100|[from] move: Wish|[wisher] Alomomola
|upkeep
|turn|35
|
|t:|1757959545
|switch|p2a: Alomomola|Alomomola, F, tera:Ghost|87/100
|move|p1a: Kingambit|Kowtow Cleave|p2a: Alomomola
|-supereffective|p2a: Alomomola
|-damage|p2a: Alomomola|23/100
|
|-weather|RainDance|[upkeep]
|upkeep
|turn|36
|
|t:|1757959555
|move|p2a: Alomomola|Tickle|p1a: Kingambit
|-unboost|p1a: Kingambit|atk|1
|-unboost|p1a: Kingambit|def|1
|move|p1a: Kingambit|Swords Dance|p1a: Kingambit
|-boost|p1a: Kingambit|atk|2
|
|-weather|RainDance|[upkeep]
|upkeep
|turn|37
|
|t:|1757959565
|move|p2a: Alomomola|Wish|p2a: Alomomola
|move|p1a: Kingambit|Kowtow Cleave|p2a: Alomomola
|-supereffective|p2a: Alomomola
|-damage|p2a: Alomomola|0 fnt
|faint|p2a: Alomomola
|
|-weather|none
|upkeep
|
|t:|1757959568
|switch|p2a: Talonflame|Talonflame, F|100/100
|turn|38
|
|t:|1757959574
|move|p2a: Talonflame|Dual Wingbeat|p1a: Kingambit
|-resisted|p1a: Kingambit
|-damage|p1a: Kingambit|68/100
|-resisted|p1a: Kingambit
|-damage|p1a: Kingambit|54/100
|-hitcount|p1a: Kingambit|2
|move|p1a: Kingambit|Sucker Punch||[still]
|-fail|p1a: Kingambit
|
|upkeep
|turn|39
|
|t:|1757959581
|move|p2a: Talonflame|Dual Wingbeat|p1a: Kingambit
|-resisted|p1a: Kingambit
|-damage|p1a: Kingambit|40/100
|-resisted|p1a: Kingambit
|-damage|p1a: Kingambit|27/100
|-hitcount|p1a: Kingambit|2
|move|p1a: Kingambit|Kowtow Cleave|p2a: Talonflame
|-damage|p2a: Talonflame|0 fnt
|faint|p2a: Talonflame
|
|win|biboobiboo
|raw|biboobiboo's rating: 1313 &rarr; <strong>1330</strong><br />(+17 for winning)
|raw|NonFlushableToken's rating: 1264 &rarr; <strong>1243</strong><br />(-21 for losing)
|l|☆NonFlushableToken
|player|p2|
