|j|☆Pikadavid14
|j|☆jessies boyfriend
|t:|1757896048
|gametype|singles
|player|p1|Pikadavid14|lucas|1389
|player|p2|jessies boyfriend|brock|1414
|gen|9
|tier|[Gen 9] OU
|rated|
|rule|HP Percentage Mod: HP is shown in percentages
|rule|Endless Battle Clause: Forcing endless battles is banned
|rule|Species Clause: Limit one of each Pokémon
|rule|OHKO Clause: OHKO moves are banned
|rule|Evasion Items Clause: Evasion items are banned
|rule|Evasion Moves Clause: Evasion moves are banned
|rule|Evasion Abilities Clause: Evasion abilities are banned
|rule|Sleep Moves Clause: Sleep-inducing moves are banned
|clearpoke
|poke|p1|Iron Moth|
|poke|p1|Ogerpon-Wellspring, F|
|poke|p1|Gholdengo|
|poke|p1|Great Tusk|
|poke|p1|Dragonite, M|
|poke|p1|Ribombee, F|
|poke|p2|Muk-Alola, F|
|poke|p2|Alomomola, F|
|poke|p2|Revavroom, F|
|poke|p2|Iron Moth|
|poke|p2|Great Tusk|
|poke|p2|Glimmora, F|
|teampreview
|inactive|Battle timer is ON: inactive players will automatically lose when time's up. (requested by jessies boyfriend)
|inactive|jessies boyfriend has 120 seconds left.
|
|t:|1757896109
|teamsize|p1|6
|teamsize|p2|6
|start
|switch|p1a: Ribombee|Ribombee, F|100/100
|switch|p2a: Glimmora|Glimmora, F|100/100
|turn|1
|
|t:|1757896116
|move|p1a: Ribombee|Sticky Web|p2a: Glimmora
|-sidestart|p2: jessies boyfriend|move: Sticky Web
|move|p2a: Glimmora|Spikes|p1a: Ribombee
|-sidestart|p1: Pikadavid14|Spikes
|
|upkeep
|turn|2
|
|t:|1757896134
|switch|p1a: Gholdengo|Gholdengo|100/100
|-item|p1a: Gholdengo|Air Balloon
|move|p2a: Glimmora|Spikes|p1a: Gholdengo
|-sidestart|p1: Pikadavid14|Spikes
|
|upkeep
|turn|3
|
|t:|1757896145
|move|p2a: Glimmora|Energy Ball|p1a: Gholdengo
|-resisted|p1a: Gholdengo
|-damage|p1a: Gholdengo|81/100
|-enditem|p1a: Gholdengo|Air Balloon
|move|p1a: Gholdengo|Shadow Ball|p2a: Glimmora
|-damage|p2a: Glimmora|40/100
|-unboost|p2a: Glimmora|spd|1
|-enditem|p2a: Glimmora|Red Card|[of] p1a: Gholdengo
|drag|p1a: Dragonite|Dragonite, M|100/100
|
|upkeep
|turn|4
|
|t:|1757896159
|move|p2a: Glimmora|Energy Ball|p1a: Dragonite
|-resisted|p1a: Dragonite
|-damage|p1a: Dragonite|97/100
|move|p1a: Dragonite|Dragon Dance|p1a: Dragonite
|-boost|p1a: Dragonite|atk|1
|-boost|p1a: Dragonite|spe|1
|
|upkeep
|turn|5
|
|t:|1757896173
|switch|p2a: Great Tusk|Great Tusk|100/100
|-activate|p2a: Great Tusk|move: Sticky Web
|-unboost|p2a: Great Tusk|spe|1
|-enditem|p2a: Great Tusk|Booster Energy
|-activate|p2a: Great Tusk|ability: Protosynthesis|[fromitem]
|-start|p2a: Great Tusk|protosynthesisatk
|move|p1a: Dragonite|Earthquake|p2a: Great Tusk
|-damage|p2a: Great Tusk|59/100
|
|upkeep
|turn|6
|
|t:|1757896183
|move|p1a: Dragonite|Dragon Claw|p2a: Great Tusk
|-damage|p2a: Great Tusk|15/100
|move|p2a: Great Tusk|Ice Spinner|p1a: Dragonite
|-supereffective|p1a: Dragonite
|-damage|p1a: Dragonite|0 fnt
|faint|p1a: Dragonite
|
|upkeep
|
|t:|1757896193
|switch|p1a: Gholdengo|Gholdengo|81/100
|-damage|p1a: Gholdengo|65/100|[from] Spikes
|turn|7
|
|t:|1757896203
|move|p1a: Gholdengo|Shadow Ball|p2a: Great Tusk
|-damage|p2a: Great Tusk|0 fnt
|faint|p2a: Great Tusk
|-end|p2a: Great Tusk|Protosynthesis|[silent]
|
|upkeep
|
|t:|1757896211
|switch|p2a: Muk|Muk-Alola, F|100/100
|-activate|p2a: Muk|move: Sticky Web
|-unboost|p2a: Muk|spe|1
|turn|8
|
|t:|1757896216
|switch|p1a: Ribombee|Ribombee, F|100/100
|-damage|p1a: Ribombee|84/100|[from] Spikes
|move|p2a: Muk|Knock Off|p1a: Ribombee
|-resisted|p1a: Ribombee
|-damage|p1a: Ribombee|52/100
|-enditem|p1a: Ribombee|Focus Sash|[from] move: Knock Off|[of] p2a: Muk
|
|upkeep
|turn|9
|
|t:|1757896223
|switch|p2a: Glimmora|Glimmora, F|40/100
|-activate|p2a: Glimmora|move: Sticky Web
|-unboost|p2a: Glimmora|spe|1
|move|p1a: Ribombee|Moonblast|p2a: Glimmora
|-resisted|p2a: Glimmora
|-damage|p2a: Glimmora|15/100
|-unboost|p2a: Glimmora|spa|1
|
|upkeep
|turn|10
|
|t:|1757896238
|move|p1a: Ribombee|Moonblast|p2a: Glimmora
|-resisted|p2a: Glimmora
|-damage|p2a: Glimmora|0 fnt
|faint|p2a: Glimmora
|
|upkeep
|
|t:|1757896249
|switch|p2a: Revavroom|Revavroom, F|100/100
|-activate|p2a: Revavroom|move: Sticky Web
|-unboost|p2a: Revavroom|spe|1
|turn|11
|
|t:|1757896253
|move|p1a: Ribombee|Moonblast|p2a: Revavroom
|-resisted|p2a: Revavroom
|-damage|p2a: Revavroom|91/100
|move|p2a: Revavroom|Shift Gear|p2a: Revavroom
|-boost|p2a: Revavroom|spe|2
|-boost|p2a: Revavroom|atk|1
|
|-heal|p2a: Revavroom|97/100|[from] item: Leftovers
|upkeep
|turn|12
|
|t:|1757896268
|switch|p1a: Ogerpon|Ogerpon-Wellspring, F|100/100
|-damage|p1a: Ogerpon|84/100|[from] Spikes
|move|p2a: Revavroom|Shift Gear|p2a: Revavroom
|-boost|p2a: Revavroom|spe|2
|-boost|p2a: Revavroom|atk|1
|
|-heal|p2a: Revavroom|100/100|[from] item: Leftovers
|upkeep
|turn|13
|
|t:|1757896283
|move|p2a: Revavroom|Iron Head|p1a: Ogerpon
|-resisted|p1a: Ogerpon
|-damage|p1a: Ogerpon|41/100
|move|p1a: Ogerpon|Stomping Tantrum|p2a: Revavroom
|-supereffective|p2a: Revavroom
|-damage|p2a: Revavroom|15/100
|
|-heal|p2a: Revavroom|21/100|[from] item: Leftovers
|upkeep
|turn|14
|
|t:|1757896295
|move|p2a: Revavroom|Iron Head|p1a: Ogerpon
|-resisted|p1a: Ogerpon
|-damage|p1a: Ogerpon|0 fnt
|faint|p1a: Ogerpon
|
|-heal|p2a: Revavroom|27/100|[from] item: Leftovers
|upkeep
|
|t:|1757896302
|switch|p1a: Iron Moth|Iron Moth|100/100
|-damage|p1a: Iron Moth|84/100|[from] Spikes
|-enditem|p1a: Iron Moth|Booster Energy
|-activate|p1a: Iron Moth|ability: Quark Drive|[fromitem]
|-start|p1a: Iron Moth|quarkdrivespe
|turn|15
|
|t:|1757896319
|move|p2a: Revavroom|Iron Head|p1a: Iron Moth
|-resisted|p1a: Iron Moth
|-damage|p1a: Iron Moth|36/100
|move|p1a: Iron Moth|Fiery Dance|p2a: Revavroom
|-supereffective|p2a: Revavroom
|-damage|p2a: Revavroom|0 fnt
|faint|p2a: Revavroom
|
|upkeep
|
|t:|1757896327
|switch|p2a: Alomomola|Alomomola, F|100/100
|-activate|p2a: Alomomola|move: Sticky Web
|-unboost|p2a: Alomomola|spe|1
|turn|16
|
|t:|1757896334
|move|p1a: Iron Moth|Energy Ball|p2a: Alomomola
|-supereffective|p2a: Alomomola
|-damage|p2a: Alomomola|48/100
|move|p2a: Alomomola|Flip Turn|p1a: Iron Moth
|-supereffective|p1a: Iron Moth
|-damage|p1a: Iron Moth|0 fnt
|faint|p1a: Iron Moth
|-end|p1a: Iron Moth|Quark Drive|[silent]
|
|t:|1757896355
|switch|p2a: Iron Moth|Iron Moth|100/100|[from] Flip Turn
|
|upkeep
|
|t:|1757896360
|switch|p1a: Great Tusk|Great Tusk|100/100
|-damage|p1a: Great Tusk|84/100|[from] Spikes
|-enditem|p1a: Great Tusk|Booster Energy
|-activate|p1a: Great Tusk|ability: Protosynthesis|[fromitem]
|-start|p1a: Great Tusk|protosynthesisatk
|turn|17
|
|t:|1757896365
|-terastallize|p2a: Iron Moth|Ghost
|move|p2a: Iron Moth|Fire Blast|p1a: Great Tusk
|-damage|p1a: Great Tusk|0 fnt
|faint|p1a: Great Tusk
|-end|p1a: Great Tusk|Protosynthesis|[silent]
|
|upkeep
|
|t:|1757896371
|switch|p1a: Gholdengo|Gholdengo|65/100
|-damage|p1a: Gholdengo|48/100|[from] Spikes
|turn|18
|
|t:|1757896374
|move|p2a: Iron Moth|Fire Blast|p1a: Gholdengo
|-supereffective|p1a: Gholdengo
|-damage|p1a: Gholdengo|0 fnt
|faint|p1a: Gholdengo
|
|upkeep
|
|t:|1757896378
|switch|p1a: Ribombee|Ribombee, F|52/100
|-damage|p1a: Ribombee|35/100|[from] Spikes
|turn|19
|
|t:|1757896382
|move|p1a: Ribombee|Moonblast|p2a: Iron Moth
|-damage|p2a: Iron Moth|59/100
|move|p2a: Iron Moth|Venoshock|p1a: Ribombee
|-supereffective|p1a: Ribombee
|-damage|p1a: Ribombee|0 fnt
|faint|p1a: Ribombee
|
|win|jessies boyfriend
|raw|Pikadavid14's rating: 1389 &rarr; <strong>1370</strong><br />(-19 for losing)
|raw|jessies boyfriend's rating: 1414 &rarr; <strong>1433</strong><br />(+19 for winning)
|l|☆jessies boyfriend
|player|p2|
|l|☆Pikadavid14
|player|p1|
