|j|☆Pokemon of Color
|j|☆Dominator296
|t:|1757942500
|gametype|singles
|player|p1|Pokemon of Color|2|1514
|player|p2|Dominator296|steven|1465
|gen|9
|tier|[Gen 9] OU
|rated|
|rule|HP Percentage Mod: HP is shown in percentages
|rule|Endless Battle Clause: Forcing endless battles is banned
|rule|Species Clause: Limit one of each Pokémon
|rule|OHKO Clause: OHKO moves are banned
|rule|Evasion Items Clause: Evasion items are banned
|rule|Evasion Moves Clause: Evasion moves are banned
|rule|Evasion Abilities Clause: Evasion abilities are banned
|rule|Sleep Moves Clause: Sleep-inducing moves are banned
|clearpoke
|poke|p1|Noivern, M|
|poke|p1|Great Tusk|
|poke|p1|Ceruledge, M|
|poke|p1|Articuno-Galar|
|poke|p1|Goodra-Hisui, F|
|poke|p1|Cloyster, F|
|poke|p2|Moltres|
|poke|p2|Iron Hands|
|poke|p2|Tyranitar, M|
|poke|p2|Cinderace, M|
|poke|p2|Raging Bolt|
|poke|p2|Kingambit, M|
|teampreview
|inactive|Battle timer is ON: inactive players will automatically lose when time's up. (requested by Pokemon of Color)
|
|t:|1757942523
|teamsize|p1|6
|teamsize|p2|6
|start
|switch|p1a: Ceruledge|Ceruledge, M|100/100
|switch|p2a: Moltres|Moltres|100/100
|turn|1
|
|t:|1757942530
|move|p2a: Moltres|Scorching Sands|p1a: Ceruledge
|-supereffective|p1a: Ceruledge
|-damage|p1a: Ceruledge|47/100
|move|p1a: Ceruledge|Swords Dance|p1a: Ceruledge
|-boost|p1a: Ceruledge|atk|2
|
|upkeep
|turn|2
|
|t:|1757942539
|move|p2a: Moltres|Scorching Sands|p1a: Ceruledge
|-supereffective|p1a: Ceruledge
|-damage|p1a: Ceruledge|0 fnt
|faint|p1a: Ceruledge
|
|upkeep
|inactive|Pokemon of Color has 120 seconds left.
|
|t:|1757942570
|switch|p1a: Goodra|Goodra-Hisui, F|100/100
|turn|3
|inactive|Pokemon of Color has 120 seconds left.
|
|t:|1757942583
|switch|p2a: Iron Hands|Iron Hands|100/100
|move|p1a: Goodra|Surf|p2a: Iron Hands
|-damage|p2a: Iron Hands|73/100
|
|-heal|p2a: Iron Hands|79/100|[from] item: Leftovers
|upkeep
|turn|4
|
|t:|1757942592
|switch|p1a: Articuno|Articuno-Galar|100/100
|move|p2a: Iron Hands|Substitute|p2a: Iron Hands
|-start|p2a: Iron Hands|Substitute
|-damage|p2a: Iron Hands|54/100
|
|-heal|p2a: Iron Hands|61/100|[from] item: Leftovers
|upkeep
|turn|5
|inactive|Pokemon of Color has 120 seconds left.
|
|t:|1757942607
|move|p1a: Articuno|Air Slash|p2a: Iron Hands
|-end|p2a: Iron Hands|Substitute
|move|p2a: Iron Hands|Thunder Punch|p1a: Articuno
|-supereffective|p1a: Articuno
|-damage|p1a: Articuno|36/100
|-enditem|p1a: Articuno|Weakness Policy
|-boost|p1a: Articuno|atk|2|[from] item: Weakness Policy
|-boost|p1a: Articuno|spa|2|[from] item: Weakness Policy
|
|-heal|p2a: Iron Hands|67/100|[from] item: Leftovers
|upkeep
|turn|6
|inactive|Pokemon of Color has 120 seconds left.
|
|t:|1757942626
|-end|p2a: Iron Hands|Quark Drive|[silent]
|switch|p2a: Tyranitar|Tyranitar, M|100/100
|-weather|Sandstorm|[from] ability: Sand Stream|[of] p2a: Tyranitar
|move|p1a: Articuno|Stored Power|p2a: Tyranitar
|-immune|p2a: Tyranitar
|
|-weather|Sandstorm|[upkeep]
|-damage|p1a: Articuno|30/100|[from] Sandstorm
|upkeep
|turn|7
|inactive|Pokemon of Color has 120 seconds left.
|
|t:|1757942645
|switch|p1a: Great Tusk|Great Tusk|100/100
|move|p2a: Tyranitar|Dragon Dance|p2a: Tyranitar
|-boost|p2a: Tyranitar|atk|1
|-boost|p2a: Tyranitar|spe|1
|
|-weather|Sandstorm|[upkeep]
|upkeep
|turn|8
|inactive|Pokemon of Color has 120 seconds left.
|
|t:|1757942654
|-terastallize|p2a: Tyranitar|Bug
|move|p2a: Tyranitar|Dragon Dance|p2a: Tyranitar
|-boost|p2a: Tyranitar|atk|1
|-boost|p2a: Tyranitar|spe|1
|move|p1a: Great Tusk|Brick Break|p2a: Tyranitar
|-resisted|p2a: Tyranitar
|-damage|p2a: Tyranitar|86/100
|
|-weather|Sandstorm|[upkeep]
|-damage|p2a: Tyranitar|79/100|[from] Sandstorm
|upkeep
|turn|9
|inactive|Pokemon of Color has 120 seconds left.
|
|t:|1757942675
|move|p2a: Tyranitar|Ice Beam|p1a: Great Tusk
|-supereffective|p1a: Great Tusk
|-damage|p1a: Great Tusk|64/100
|move|p1a: Great Tusk|Ice Spinner|p2a: Tyranitar
|-damage|p2a: Tyranitar|60/100
|
|-weather|Sandstorm|[upkeep]
|-damage|p2a: Tyranitar|53/100|[from] Sandstorm
|upkeep
|turn|10
|
|t:|1757942687
|-end|p1a: Great Tusk|Protosynthesis|[silent]
|switch|p1a: Articuno|Articuno-Galar|30/100
|move|p2a: Tyranitar|Earthquake|p1a: Articuno
|-immune|p1a: Articuno
|
|-weather|none
|upkeep
|turn|11
|
|t:|1757942695
|move|p2a: Tyranitar|Ice Beam|p1a: Articuno
|-supereffective|p1a: Articuno
|-damage|p1a: Articuno|0 fnt
|faint|p1a: Articuno
|
|upkeep
|
|t:|1757942701
|switch|p1a: Cloyster|Cloyster, F|100/100
|turn|12
|
|t:|1757942705
|move|p2a: Tyranitar|Rock Slide|p1a: Cloyster
|-supereffective|p1a: Cloyster
|-damage|p1a: Cloyster|0 fnt
|faint|p1a: Cloyster
|
|upkeep
|
|t:|1757942712
|switch|p1a: Noivern|Noivern, M|100/100
|turn|13
|
|t:|1757942715
|move|p2a: Tyranitar|Ice Beam|p1a: Noivern
|-supereffective|p1a: Noivern
|-damage|p1a: Noivern|0 fnt
|faint|p1a: Noivern
|
|upkeep
|-message|Pokemon of Color forfeited.
|
|win|Dominator296
|raw|Pokemon of Color's rating: 1514 &rarr; <strong>1491</strong><br />(-23 for losing)
|raw|Dominator296's rating: 1465 &rarr; <strong>1488</strong><br />(+23 for winning)
|l|☆Pokemon of Color
|player|p1|
|l|☆Dominator296
|player|p2|
