|j|☆Oattumblely
|j|☆Pahancor
|t:|1757901583
|gametype|singles
|player|p1|Oattumblely|rocketgruntf|1437
|player|p2|Pahancor|steven|1480
|gen|9
|tier|[Gen 9] OU
|rated|
|rule|HP Percentage Mod: HP is shown in percentages
|rule|Endless Battle Clause: Forcing endless battles is banned
|rule|Species Clause: Limit one of each Pokémon
|rule|OHKO Clause: OHKO moves are banned
|rule|Evasion Items Clause: Evasion items are banned
|rule|Evasion Moves Clause: Evasion moves are banned
|rule|Evasion Abilities Clause: Evasion abilities are banned
|rule|Sleep Moves Clause: Sleep-inducing moves are banned
|clearpoke
|poke|p1|Araquanid, M|
|poke|p1|Serperior, F|
|poke|p1|Dragonite, F|
|poke|p1|Great Tusk|
|poke|p1|Glimmora, F|
|poke|p1|Garganacl, M|
|poke|p2|Comfey, F|
|poke|p2|Whimsicott, M|
|poke|p2|Iron Moth|
|poke|p2|Walking Wake|
|poke|p2|Great Tusk|
|poke|p2|Ninetales, M|
|teampreview
|inactive|Battle timer is ON: inactive players will automatically lose when time's up. (requested by Pahancor)
|
|t:|1757901592
|teamsize|p1|6
|teamsize|p2|6
|start
|switch|p1a: Glimmora|Glimmora, F|100/100
|switch|p2a: Ninetales|Ninetales, M|100/100
|-weather|SunnyDay|[from] ability: Drought|[of] p2a: Ninetales
|turn|1
|
|t:|1757901602
|switch|p2a: Great Tusk|Great Tusk|100/100
|-activate|p2a: Great Tusk|ability: Protosynthesis
|-start|p2a: Great Tusk|protosynthesisspe
|move|p1a: Glimmora|Meteor Beam||[still]
|-prepare|p1a: Glimmora|Meteor Beam
|-boost|p1a: Glimmora|spa|1
|-enditem|p1a: Glimmora|Power Herb
|-anim|p1a: Glimmora|Meteor Beam|p2a: Great Tusk
|-resisted|p2a: Great Tusk
|-damage|p2a: Great Tusk|68/100
|
|-weather|SunnyDay|[upkeep]
|upkeep
|turn|2
|
|t:|1757901614
|-terastallize|p1a: Glimmora|Grass
|move|p2a: Great Tusk|Headlong Rush|p1a: Glimmora
|-resisted|p1a: Glimmora
|-damage|p1a: Glimmora|69/100
|-unboost|p2a: Great Tusk|def|1
|-unboost|p2a: Great Tusk|spd|1
|-activate|p1a: Glimmora|ability: Toxic Debris
|-sidestart|p2: Pahancor|move: Toxic Spikes
|move|p1a: Glimmora|Energy Ball|p2a: Great Tusk
|-supereffective|p2a: Great Tusk
|-damage|p2a: Great Tusk|0 fnt
|faint|p2a: Great Tusk
|-end|p2a: Great Tusk|Protosynthesis|[silent]
|
|-weather|SunnyDay|[upkeep]
|upkeep
|inactive|Pahancor has 120 seconds left.
|
|t:|1757901644
|switch|p2a: Iron Moth|Iron Moth|100/100
|-sideend|p2: Pahancor|move: Toxic Spikes|[of] p2a: Iron Moth
|-enditem|p2a: Iron Moth|Booster Energy
|-activate|p2a: Iron Moth|ability: Quark Drive|[fromitem]
|-start|p2a: Iron Moth|quarkdrivespa
|turn|3
|inactive|Pahancor has 120 seconds left.
|
|t:|1757901657
|switch|p1a: Araquanid|Araquanid, M|100/100
|move|p2a: Iron Moth|Fiery Dance|p1a: Araquanid
|-damage|p1a: Araquanid|65/100
|-boost|p2a: Iron Moth|spa|1
|
|-weather|SunnyDay|[upkeep]
|upkeep
|turn|4
|inactive|Pahancor has 120 seconds left.
|
|t:|1757901674
|move|p2a: Iron Moth|Fiery Dance|p1a: Araquanid
|-damage|p1a: Araquanid|15/100
|-boost|p2a: Iron Moth|spa|1
|move|p1a: Araquanid|Sticky Web|p2a: Iron Moth
|-sidestart|p2: Pahancor|move: Sticky Web
|
|-weather|SunnyDay|[upkeep]
|upkeep
|turn|5
|inactive|Pahancor has 120 seconds left.
|-enditem|p1a: Araquanid|Custap Berry|[eat]
|-activate|p1a: Araquanid|item: Custap Berry|[consumed]
|
|t:|1757901682
|move|p1a: Araquanid|Endeavor|p2a: Iron Moth
|-damage|p2a: Iron Moth|17/100
|move|p2a: Iron Moth|Fiery Dance|p1a: Araquanid
|-damage|p1a: Araquanid|0 fnt
|-boost|p2a: Iron Moth|spa|1
|faint|p1a: Araquanid
|
|-weather|SunnyDay|[upkeep]
|upkeep
|
|t:|1757901692
|switch|p1a: Dragonite|Dragonite, F|100/100
|turn|6
|inactive|Pahancor has 120 seconds left.
|
|t:|1757901711
|-end|p2a: Iron Moth|Quark Drive|[silent]
|switch|p2a: Walking Wake|Walking Wake|100/100
|-activate|p2a: Walking Wake|move: Sticky Web
|-unboost|p2a: Walking Wake|spe|1
|-activate|p2a: Walking Wake|ability: Protosynthesis
|-start|p2a: Walking Wake|protosynthesisspa
|move|p1a: Dragonite|Extreme Speed|p2a: Walking Wake
|-damage|p2a: Walking Wake|71/100
|
|-weather|SunnyDay|[upkeep]
|upkeep
|turn|7
|inactive|Pahancor has 120 seconds left.
|
|t:|1757901733
|switch|p1a: Glimmora|Glimmora, F, tera:Grass|69/100
|move|p2a: Walking Wake|Hydro Steam|p1a: Glimmora
|-resisted|p1a: Glimmora
|-damage|p1a: Glimmora|20/100
|
|-weather|SunnyDay|[upkeep]
|upkeep
|turn|8
|
|t:|1757901746
|move|p1a: Glimmora|Energy Ball|p2a: Walking Wake
|-damage|p2a: Walking Wake|37/100
|move|p2a: Walking Wake|Hydro Steam|p1a: Glimmora
|-resisted|p1a: Glimmora
|-damage|p1a: Glimmora|0 fnt
|faint|p1a: Glimmora
|
|-weather|none
|-end|p2a: Walking Wake|Protosynthesis
|upkeep
|
|t:|1757901750
|switch|p1a: Serperior|Serperior, F|100/100
|turn|9
|inactive|Pahancor has 120 seconds left.
|
|t:|1757901764
|-end|p2a: Walking Wake|Protosynthesis|[silent]
|switch|p2a: Ninetales|Ninetales, M|100/100
|-activate|p2a: Ninetales|move: Sticky Web
|-unboost|p2a: Ninetales|spe|1
|-weather|SunnyDay|[from] ability: Drought|[of] p2a: Ninetales
|move|p1a: Serperior|Leaf Storm|p2a: Ninetales
|-resisted|p2a: Ninetales
|-damage|p2a: Ninetales|76/100
|-boost|p1a: Serperior|spa|2
|
|-weather|SunnyDay|[upkeep]
|upkeep
|turn|10
|inactive|Pahancor has 120 seconds left.
|
|t:|1757901775
|move|p1a: Serperior|Substitute|p1a: Serperior
|-start|p1a: Serperior|Substitute
|-damage|p1a: Serperior|76/100
|move|p2a: Ninetales|Weather Ball|p1a: Serperior
|-supereffective|p1a: Serperior
|-end|p1a: Serperior|Substitute
|
|-weather|SunnyDay|[upkeep]
|-heal|p1a: Serperior|82/100|[from] item: Leftovers
|upkeep
|turn|11
|inactive|Pahancor has 120 seconds left.
|
|t:|1757901784
|switch|p1a: Garganacl|Garganacl, M|100/100
|move|p2a: Ninetales|Weather Ball|p1a: Garganacl
|-resisted|p1a: Garganacl
|-damage|p1a: Garganacl|86/100
|
|-weather|SunnyDay|[upkeep]
|-heal|p1a: Garganacl|92/100|[from] item: Leftovers
|upkeep
|turn|12
|inactive|Pahancor has 120 seconds left.
|
|t:|1757901806
|move|p2a: Ninetales|Healing Wish|p2a: Ninetales
|faint|p2a: Ninetales
|move|p1a: Garganacl|Salt Cure|p2: Ninetales|[notarget]
|-fail|p1a: Garganacl
|
|-weather|SunnyDay|[upkeep]
|-heal|p1a: Garganacl|99/100|[from] item: Leftovers
|upkeep
|
|t:|1757901828
|switch|p2a: Walking Wake|Walking Wake|37/100
|-heal|p2a: Walking Wake|100/100|[from] move: Healing Wish
|-activate|p2a: Walking Wake|move: Sticky Web
|-unboost|p2a: Walking Wake|spe|1
|-activate|p2a: Walking Wake|ability: Protosynthesis
|-start|p2a: Walking Wake|protosynthesisspa
|turn|13
|
|t:|1757901837
|switch|p1a: Serperior|Serperior, F|82/100
|move|p2a: Walking Wake|Hydro Steam|p1a: Serperior
|-resisted|p1a: Serperior
|-damage|p1a: Serperior|36/100
|
|-weather|SunnyDay|[upkeep]
|-heal|p1a: Serperior|42/100|[from] item: Leftovers
|upkeep
|turn|14
|
|t:|1757901846
|move|p1a: Serperior|Glare|p2a: Walking Wake
|-status|p2a: Walking Wake|par
|move|p2a: Walking Wake|Hydro Steam|p1a: Serperior
|-resisted|p1a: Serperior
|-damage|p1a: Serperior|0 fnt
|faint|p1a: Serperior
|
|-weather|SunnyDay|[upkeep]
|upkeep
|
|t:|1757901851
|switch|p1a: Dragonite|Dragonite, F|100/100
|turn|15
|
|t:|1757901859
|move|p1a: Dragonite|Dragon Dance|p1a: Dragonite
|-boost|p1a: Dragonite|atk|1
|-boost|p1a: Dragonite|spe|1
|move|p2a: Walking Wake|Hydro Steam|p1a: Dragonite
|-resisted|p1a: Dragonite
|-damage|p1a: Dragonite|83/100
|
|-weather|SunnyDay|[upkeep]
|upkeep
|turn|16
|inactive|Pahancor has 120 seconds left.
|
|t:|1757901866
|move|p1a: Dragonite|Earthquake|p2a: Walking Wake
|-damage|p2a: Walking Wake|43/100 par
|cant|p2a: Walking Wake|par
|
|-weather|none
|-end|p2a: Walking Wake|Protosynthesis
|upkeep
|turn|17
|
|t:|1757901875
|move|p1a: Dragonite|Earthquake|p2a: Walking Wake
|-damage|p2a: Walking Wake|0 fnt
|faint|p2a: Walking Wake
|-end|p2a: Walking Wake|Protosynthesis|[silent]
|
|upkeep
|inactive|Pahancor has 120 seconds left.
|
|t:|1757901886
|switch|p2a: Comfey|Comfey, F|100/100
|-activate|p2a: Comfey|move: Sticky Web
|-unboost|p2a: Comfey|spe|1
|turn|18
|
|t:|1757901893
|move|p2a: Comfey|Draining Kiss|p1a: Dragonite
|-supereffective|p1a: Dragonite
|-damage|p1a: Dragonite|29/100
|-damage|p2a: Comfey|91/100|[from] item: Life Orb
|move|p1a: Dragonite|Earthquake|p2a: Comfey
|-damage|p2a: Comfey|24/100
|
|upkeep
|turn|19
|
|t:|1757901902
|move|p2a: Comfey|Draining Kiss|p1a: Dragonite
|-supereffective|p1a: Dragonite
|-damage|p1a: Dragonite|0 fnt
|-heal|p2a: Comfey|47/100|[from] drain|[of] p1a: Dragonite
|faint|p1a: Dragonite
|-damage|p2a: Comfey|38/100|[from] item: Life Orb
|
|upkeep
|
|t:|1757901905
|switch|p1a: Garganacl|Garganacl, M|99/100
|turn|20
|
|t:|1757901928
|switch|p2a: Iron Moth|Iron Moth|17/100
|-activate|p2a: Iron Moth|move: Sticky Web
|-unboost|p2a: Iron Moth|spe|1
|move|p1a: Garganacl|Salt Cure|p2a: Iron Moth
|-supereffective|p2a: Iron Moth
|-damage|p2a: Iron Moth|0 fnt
|faint|p2a: Iron Moth
|-end|p2a: Iron Moth|Quark Drive|[silent]
|
|-heal|p1a: Garganacl|100/100|[from] item: Leftovers
|upkeep
|
|t:|1757901937
|switch|p2a: Whimsicott|Whimsicott, M|100/100
|-activate|p2a: Whimsicott|move: Sticky Web
|-unboost|p2a: Whimsicott|spe|1
|turn|21
|inactive|Pahancor has 120 seconds left.
|
|t:|1757901954
|move|p2a: Whimsicott|Growth|p2a: Whimsicott
|-boost|p2a: Whimsicott|atk|1
|-boost|p2a: Whimsicott|spa|1
|move|p1a: Garganacl|Salt Cure|p2a: Whimsicott
|-damage|p2a: Whimsicott|81/100
|-start|p2a: Whimsicott|Salt Cure
|
|-damage|p2a: Whimsicott|69/100|[from] Salt Cure
|upkeep
|turn|22
|inactive|Pahancor has 120 seconds left.
|
|t:|1757901965
|move|p2a: Whimsicott|Growth|p2a: Whimsicott
|-boost|p2a: Whimsicott|atk|1
|-boost|p2a: Whimsicott|spa|1
|move|p1a: Garganacl|Body Press|p2a: Whimsicott
|-resisted|p2a: Whimsicott
|-damage|p2a: Whimsicott|54/100
|
|-damage|p2a: Whimsicott|41/100|[from] Salt Cure
|upkeep
|turn|23
|
|t:|1757901973
|move|p2a: Whimsicott|Giga Drain|p1a: Garganacl
|-supereffective|p1a: Garganacl
|-damage|p1a: Garganacl|0 fnt
|-heal|p2a: Whimsicott|100/100|[from] drain|[of] p1a: Garganacl
|faint|p1a: Garganacl
|-damage|p2a: Whimsicott|91/100|[from] item: Life Orb
|
|-damage|p2a: Whimsicott|78/100|[from] Salt Cure
|upkeep
|-message|Oattumblely forfeited.
|
|win|Pahancor
|raw|Oattumblely's rating: 1437 &rarr; <strong>1419</strong><br />(-18 for losing)
|raw|Pahancor's rating: 1480 &rarr; <strong>1498</strong><br />(+18 for winning)
|l|☆Oattumblely
|player|p1|
|l|☆Pahancor
|player|p2|
