|j|☆leinata
|j|☆4DEF+4SPD=GG
|t:|1757818886
|gametype|singles
|player|p1|leinata|cynthia-gen4|1248
|player|p2|4DEF+4SPD=GG|preschooler|1300
|gen|9
|tier|[Gen 9] OU
|rated|
|rule|HP Percentage Mod: HP is shown in percentages
|rule|Endless Battle Clause: Forcing endless battles is banned
|rule|Species Clause: Limit one of each Pokémon
|rule|OHKO Clause: OHKO moves are banned
|rule|Evasion Items Clause: Evasion items are banned
|rule|Evasion Moves Clause: Evasion moves are banned
|rule|Evasion Abilities Clause: Evasion abilities are banned
|rule|Sleep Moves Clause: Sleep-inducing moves are banned
|clearpoke
|poke|p1|Ogerpon-Wellspring, F|
|poke|p1|Kingambit, M|
|poke|p1|Landorus-Therian, M|
|poke|p1|Glimmora, M|
|poke|p1|Dragapult, F|
|poke|p1|Iron Valiant|
|poke|p2|Tyranitar, M|
|poke|p2|Excadrill, M|
|poke|p2|Corviknight, M|
|poke|p2|Glimmora, M|
|poke|p2|Hippowdon, M|
|poke|p2|Scizor, M|
|teampreview
|inactive|Battle timer is ON: inactive players will automatically lose when time's up. (requested by 4DEF+4SPD=GG)
|
|t:|1757818897
|teamsize|p1|6
|teamsize|p2|6
|start
|switch|p1a: Glimmora|Glimmora, M|100/100
|switch|p2a: Tyranitar|Tyranitar, M|100/100
|-weather|Sandstorm|[from] ability: Sand Stream|[of] p2a: Tyranitar
|turn|1
|
|t:|1757818908
|-terastallize|p1a: Glimmora|Ghost
|move|p1a: Glimmora|Meteor Beam||[still]
|-prepare|p1a: Glimmora|Meteor Beam
|-boost|p1a: Glimmora|spa|1
|-enditem|p1a: Glimmora|Power Herb
|-anim|p1a: Glimmora|Meteor Beam|p2a: Tyranitar
|-damage|p2a: Tyranitar|41/100
|move|p2a: Tyranitar|Earth Power|p1a: Glimmora
|-damage|p1a: Glimmora|73/100
|
|-weather|Sandstorm|[upkeep]
|-damage|p1a: Glimmora|66/100|[from] Sandstorm
|upkeep
|turn|2
|
|t:|1757818936
|move|p1a: Glimmora|Spikes|p2a: Tyranitar
|-sidestart|p2: 4DEF+4SPD=GG|Spikes
|move|p2a: Tyranitar|Dark Pulse|p1a: Glimmora
|-supereffective|p1a: Glimmora
|-damage|p1a: Glimmora|0 fnt
|faint|p1a: Glimmora
|
|-weather|Sandstorm|[upkeep]
|upkeep
|
|t:|1757818946
|switch|p1a: Iron Valiant|Iron Valiant|100/100
|-enditem|p1a: Iron Valiant|Booster Energy
|-activate|p1a: Iron Valiant|ability: Quark Drive|[fromitem]
|-start|p1a: Iron Valiant|quarkdrivespe
|turn|3
|
|t:|1757818949
|-end|p1a: Iron Valiant|Quark Drive|[silent]
|switch|p1a: Landorus|Landorus-Therian, M|100/100
|-ability|p1a: Landorus|Intimidate|boost
|-unboost|p2a: Tyranitar|atk|1
|switch|p2a: Corviknight|Corviknight, M|100/100
|
|-weather|Sandstorm|[upkeep]
|upkeep
|turn|4
|
|t:|1757818952
|move|p1a: Landorus|Stealth Rock|p2a: Corviknight
|-sidestart|p2: 4DEF+4SPD=GG|move: Stealth Rock
|move|p2a: Corviknight|Defog|p1a: Landorus
|-unboost|p1a: Landorus|evasion|1
|-sideend|p2: 4DEF+4SPD=GG|Spikes|[from] move: Defog|[of] p2a: Corviknight
|-sideend|p2: 4DEF+4SPD=GG|Stealth Rock|[from] move: Defog|[of] p2a: Corviknight
|
|-weather|Sandstorm|[upkeep]
|upkeep
|turn|5
|
|t:|1757818956
|move|p1a: Landorus|Taunt|p2a: Corviknight
|-start|p2a: Corviknight|move: Taunt
|move|p2a: Corviknight|Brave Bird|p1a: Landorus
|-damage|p1a: Landorus|63/100
|-damage|p2a: Corviknight|84/100|[from] item: Rocky Helmet|[of] p1a: Landorus
|-damage|p2a: Corviknight|72/100|[from] Recoil
|
|-weather|Sandstorm|[upkeep]
|upkeep
|turn|6
|
|t:|1757818958
|move|p1a: Landorus|U-turn|p2a: Corviknight
|-resisted|p2a: Corviknight
|-damage|p2a: Corviknight|69/100
|-damage|p1a: Landorus|47/100|[from] item: Rocky Helmet|[of] p2a: Corviknight
|
|t:|1757818961
|switch|p1a: Iron Valiant|Iron Valiant|100/100|[from] U-turn
|move|p2a: Corviknight|U-turn|p1a: Iron Valiant
|-resisted|p1a: Iron Valiant
|-damage|p1a: Iron Valiant|96/100
|
|t:|1757818964
|switch|p2a: Scizor|Scizor, M|100/100|[from] U-turn
|
|-weather|Sandstorm|[upkeep]
|-damage|p1a: Iron Valiant|89/100|[from] Sandstorm
|upkeep
|turn|7
|
|t:|1757818969
|move|p2a: Scizor|Bullet Punch|p1a: Iron Valiant
|-supereffective|p1a: Iron Valiant
|-damage|p1a: Iron Valiant|0 fnt
|faint|p1a: Iron Valiant
|-end|p1a: Iron Valiant|Quark Drive|[silent]
|
|-weather|Sandstorm|[upkeep]
|upkeep
|
|t:|1757818977
|switch|p1a: Ogerpon|Ogerpon-Wellspring, F|100/100
|turn|8
|
|t:|1757818983
|switch|p2a: Glimmora|Glimmora, M|100/100
|move|p1a: Ogerpon|Ivy Cudgel|p2a: Glimmora|[anim] Ivy Cudgel Water
|-supereffective|p2a: Glimmora
|-damage|p2a: Glimmora|0 fnt
|-activate|p2a: Glimmora|ability: Toxic Debris
|-sidestart|p1: leinata|move: Toxic Spikes
|faint|p2a: Glimmora
|
|-weather|none
|upkeep
|
|t:|1757818986
|switch|p2a: Corviknight|Corviknight, M|69/100
|turn|9
|
|t:|1757818996
|move|p1a: Ogerpon|Ivy Cudgel|p2a: Corviknight|[anim] Ivy Cudgel Water
|-damage|p2a: Corviknight|32/100
|move|p2a: Corviknight|Brave Bird|p1a: Ogerpon
|-supereffective|p1a: Ogerpon
|-damage|p1a: Ogerpon|4/100
|-damage|p2a: Corviknight|8/100|[from] Recoil
|
|upkeep
|turn|10
|
|t:|1757818999
|move|p1a: Ogerpon|Horn Leech|p2a: Corviknight
|-resisted|p2a: Corviknight
|-damage|p2a: Corviknight|2/100
|-heal|p1a: Ogerpon|8/100|[from] drain|[of] p2a: Corviknight
|-damage|p1a: Ogerpon|0 fnt|[from] item: Rocky Helmet|[of] p2a: Corviknight
|faint|p1a: Ogerpon
|move|p2a: Corviknight|U-turn|p1: Ogerpon|[notarget]
|-fail|p2a: Corviknight
|
|upkeep
|
|t:|1757819005
|switch|p1a: Dragapult|Dragapult, F|100/100
|-status|p1a: Dragapult|psn
|turn|11
|
|t:|1757819008
|switch|p2a: Tyranitar|Tyranitar, M|41/100
|-weather|Sandstorm|[from] ability: Sand Stream|[of] p2a: Tyranitar
|move|p1a: Dragapult|U-turn|p2a: Tyranitar
|-supereffective|p2a: Tyranitar
|-damage|p2a: Tyranitar|20/100
|
|t:|1757819014
|switch|p1a: Landorus|Landorus-Therian, M|47/100|[from] U-turn
|-ability|p1a: Landorus|Intimidate|boost
|-unboost|p2a: Tyranitar|atk|1
|
|-weather|Sandstorm|[upkeep]
|upkeep
|turn|12
|
|t:|1757819017
|switch|p2a: Corviknight|Corviknight, M|2/100
|move|p1a: Landorus|U-turn|p2a: Corviknight
|-resisted|p2a: Corviknight
|-damage|p2a: Corviknight|0 fnt
|-damage|p1a: Landorus|30/100|[from] item: Rocky Helmet|[of] p2a: Corviknight
|faint|p2a: Corviknight
|
|t:|1757819023
|switch|p1a: Dragapult|Dragapult, F|100/100 psn|[from] U-turn
|
|-weather|Sandstorm|[upkeep]
|-damage|p1a: Dragapult|95/100 psn|[from] Sandstorm
|-damage|p1a: Dragapult|82/100 psn|[from] psn
|upkeep
|
|t:|1757819027
|switch|p2a: Excadrill|Excadrill, M|100/100
|turn|13
|
|t:|1757819034
|move|p2a: Excadrill|Earthquake|p1a: Dragapult
|-damage|p1a: Dragapult|7/100 psn
|move|p1a: Dragapult|Shadow Ball|p2a: Excadrill
|-damage|p2a: Excadrill|25/100
|
|-weather|Sandstorm|[upkeep]
|-damage|p1a: Dragapult|1/100 psn|[from] Sandstorm
|-damage|p1a: Dragapult|0 fnt|[from] psn
|faint|p1a: Dragapult
|upkeep
|
|t:|1757819041
|switch|p1a: Landorus|Landorus-Therian, M|30/100
|-ability|p1a: Landorus|Intimidate|boost
|-unboost|p2a: Excadrill|atk|1
|turn|14
|
|t:|1757819045
|move|p2a: Excadrill|Iron Head|p1a: Landorus
|-damage|p1a: Landorus|0 fnt
|-damage|p2a: Excadrill|8/100|[from] item: Rocky Helmet|[of] p1a: Landorus
|faint|p1a: Landorus
|
|-weather|Sandstorm|[upkeep]
|upkeep
|
|t:|1757819047
|switch|p1a: Kingambit|Kingambit, M|100/100
|-activate|p1a: Kingambit|ability: Supreme Overlord
|-start|p1a: Kingambit|fallen5|[silent]
|turn|15
|
|t:|1757819051
|move|p1a: Kingambit|Sucker Punch|p2a: Excadrill
|-damage|p2a: Excadrill|0 fnt
|faint|p2a: Excadrill
|
|-weather|Sandstorm|[upkeep]
|upkeep
|
|t:|1757819054
|switch|p2a: Tyranitar|Tyranitar, M|20/100
|turn|16
|
|t:|1757819057
|move|p2a: Tyranitar|Fire Blast|p1a: Kingambit
|-supereffective|p1a: Kingambit
|-damage|p1a: Kingambit|49/100
|move|p1a: Kingambit|Iron Head|p2a: Tyranitar
|-supereffective|p2a: Tyranitar
|-damage|p2a: Tyranitar|0 fnt
|faint|p2a: Tyranitar
|
|-weather|Sandstorm|[upkeep]
|-heal|p1a: Kingambit|55/100|[from] item: Leftovers
|upkeep
|
|t:|1757819060
|switch|p2a: Hippowdon|Hippowdon, M|100/100
|turn|17
|
|t:|1757819066
|move|p1a: Kingambit|Kowtow Cleave|p2a: Hippowdon
|-damage|p2a: Hippowdon|58/100
|move|p2a: Hippowdon|Bulldoze|p1a: Kingambit
|-supereffective|p1a: Kingambit
|-damage|p1a: Kingambit|25/100
|-unboost|p1a: Kingambit|spe|1
|
|-weather|Sandstorm|[upkeep]
|-heal|p1a: Kingambit|31/100|[from] item: Leftovers
|upkeep
|turn|18
|
|t:|1757819072
|move|p1a: Kingambit|Iron Head|p2a: Hippowdon
|-damage|p2a: Hippowdon|23/100
|move|p2a: Hippowdon|Bulldoze|p1a: Kingambit
|-supereffective|p1a: Kingambit
|-damage|p1a: Kingambit|1/100
|-unboost|p1a: Kingambit|spe|1
|
|-weather|none
|-heal|p1a: Kingambit|7/100|[from] item: Leftovers
|upkeep
|turn|19
|
|t:|1757819075
|move|p1a: Kingambit|Sucker Punch|p2a: Hippowdon
|-damage|p2a: Hippowdon|0 fnt
|faint|p2a: Hippowdon
|
|-heal|p1a: Kingambit|13/100|[from] item: Leftovers
|upkeep
|
|t:|1757819077
|switch|p2a: Scizor|Scizor, M|100/100
|turn|20
|
|t:|1757819079
|move|p2a: Scizor|Bullet Punch|p1a: Kingambit
|-resisted|p1a: Kingambit
|-damage|p1a: Kingambit|0 fnt
|faint|p1a: Kingambit
|-end|p1a: Kingambit|fallen5|[silent]
|
|win|4DEF+4SPD=GG
|raw|leinata's rating: 1248 &rarr; <strong>1227</strong><br />(-21 for losing)
|raw|4DEF+4SPD=GG's rating: 1300 &rarr; <strong>1321</strong><br />(+21 for winning)
