|j|☆Crocodile E
|j|☆RainingFlamigos
|t:|1757815583
|gametype|singles
|player|p1|Crocodile E|pokemaniac|1406
|player|p2|RainingFlamigos|blue|1422
|gen|9
|tier|[Gen 9] OU
|rated|
|rule|HP Percentage Mod: HP is shown in percentages
|rule|Endless Battle Clause: Forcing endless battles is banned
|rule|Species Clause: Limit one of each Pokémon
|rule|OHKO Clause: OHKO moves are banned
|rule|Evasion Items Clause: Evasion items are banned
|rule|Evasion Moves Clause: Evasion moves are banned
|rule|Evasion Abilities Clause: Evasion abilities are banned
|rule|Sleep Moves Clause: Sleep-inducing moves are banned
|clearpoke
|poke|p1|Dragonite, M|
|poke|p1|Hatterene, F|
|poke|p1|Great Tusk|
|poke|p1|Ceruledge, F|
|poke|p1|Ting-Lu|
|poke|p1|Kyurem|
|poke|p2|Flamigo, M|
|poke|p2|Garganacl, F|
|poke|p2|Slowking-Galar, F|
|poke|p2|Great Tusk|
|poke|p2|Zapdos|
|poke|p2|Kingambit, M|
|teampreview
|inactive|Battle timer is ON: inactive players will automatically lose when time's up. (requested by RainingFlamigos)
|c|☆RainingFlamigos|Hf
|
|t:|1757815594
|teamsize|p1|6
|teamsize|p2|6
|start
|switch|p1a: Ting-Lu|Ting-Lu|100/100
|switch|p2a: Mi Amigo <3|Flamigo, M, shiny|100/100
|-ability|p1a: Ting-Lu|Vessel of Ruin
|turn|1
|
|t:|1757815599
|switch|p1a: Great Tusk|Great Tusk|100/100
|move|p2a: Mi Amigo <3|U-turn|p1a: Great Tusk
|-resisted|p1a: Great Tusk
|-damage|p1a: Great Tusk|95/100
|
|t:|1757815605
|switch|p2a: Zapdos|Zapdos|100/100|[from] U-turn
|
|-heal|p1a: Great Tusk|100/100|[from] item: Leftovers
|upkeep
|turn|2
|
|t:|1757815609
|-end|p1a: Great Tusk|Protosynthesis|[silent]
|switch|p1a: Ting-Lu|Ting-Lu|100/100
|-ability|p1a: Ting-Lu|Vessel of Ruin
|move|p2a: Zapdos|Hurricane|p1a: Ting-Lu
|-damage|p1a: Ting-Lu|81/100
|
|-heal|p1a: Ting-Lu|87/100|[from] item: Leftovers
|upkeep
|turn|3
|
|t:|1757815615
|move|p2a: Zapdos|U-turn|p1a: Ting-Lu
|-supereffective|p1a: Ting-Lu
|-damage|p1a: Ting-Lu|74/100
|
|t:|1757815617
|switch|p2a: Garganacl|Garganacl, F|100/100|[from] U-turn
|move|p1a: Ting-Lu|Stealth Rock|p2a: Garganacl
|-sidestart|p2: RainingFlamigos|move: Stealth Rock
|
|-heal|p1a: Ting-Lu|80/100|[from] item: Leftovers
|upkeep
|turn|4
|
|t:|1757815622
|move|p1a: Ting-Lu|Ruination|p2a: Garganacl
|-damage|p2a: Garganacl|51/100
|move|p2a: Garganacl|Salt Cure|p1a: Ting-Lu
|-resisted|p1a: Ting-Lu
|-crit|p1a: Ting-Lu
|-damage|p1a: Ting-Lu|75/100
|-start|p1a: Ting-Lu|Salt Cure
|
|-heal|p1a: Ting-Lu|81/100|[from] item: Leftovers
|-heal|p2a: Garganacl|57/100|[from] item: Leftovers
|-damage|p1a: Ting-Lu|69/100|[from] Salt Cure
|upkeep
|turn|5
|
|t:|1757815627
|move|p1a: Ting-Lu|Earthquake|p2a: Garganacl
|-supereffective|p2a: Garganacl
|-damage|p2a: Garganacl|6/100
|move|p2a: Garganacl|Recover|p2a: Garganacl
|-heal|p2a: Garganacl|56/100
|
|-heal|p1a: Ting-Lu|75/100|[from] item: Leftovers
|-heal|p2a: Garganacl|63/100|[from] item: Leftovers
|-damage|p1a: Ting-Lu|62/100|[from] Salt Cure
|upkeep
|turn|6
|
|t:|1757815632
|move|p2a: Garganacl|Protect|p2a: Garganacl
|-singleturn|p2a: Garganacl|Protect
|move|p1a: Ting-Lu|Earthquake|p2a: Garganacl
|-activate|p2a: Garganacl|move: Protect
|
|-heal|p1a: Ting-Lu|69/100|[from] item: Leftovers
|-heal|p2a: Garganacl|69/100|[from] item: Leftovers
|-damage|p1a: Ting-Lu|56/100|[from] Salt Cure
|upkeep
|turn|7
|
|t:|1757815640
|move|p2a: Garganacl|Recover|p2a: Garganacl
|-heal|p2a: Garganacl|100/100
|move|p1a: Ting-Lu|Whirlwind|p2a: Garganacl
|drag|p2a: Slowking|Slowking-Galar, F|100/100
|
|-heal|p1a: Ting-Lu|62/100|[from] item: Leftovers
|-damage|p1a: Ting-Lu|50/100|[from] Salt Cure
|upkeep
|turn|8
|
|t:|1757815649
|switch|p1a: Great Tusk|Great Tusk|100/100
|switch|p2a: Zapdos|Zapdos|100/100
|
|upkeep
|turn|9
|
|t:|1757815658
|-end|p1a: Great Tusk|Protosynthesis|[silent]
|switch|p1a: Hatterene|Hatterene, F|100/100
|move|p2a: Zapdos|Hurricane|p1a: Hatterene
|-damage|p1a: Hatterene|71/100
|
|upkeep
|turn|10
|
|t:|1757815667
|move|p2a: Zapdos|U-turn|p1a: Hatterene
|-damage|p1a: Hatterene|58/100
|
|t:|1757815671
|switch|p2a: Garganacl|Garganacl, F|100/100|[from] U-turn
|-damage|p2a: Garganacl|88/100|[from] Stealth Rock
|move|p1a: Hatterene|Draining Kiss|p2a: Garganacl
|-damage|p2a: Garganacl|69/100
|-heal|p1a: Hatterene|76/100|[from] drain|[of] p2a: Garganacl
|
|-heal|p2a: Garganacl|76/100|[from] item: Leftovers
|upkeep
|turn|11
|
|t:|1757815676
|move|p1a: Hatterene|Psychic Noise|p2a: Garganacl
|-crit|p2a: Garganacl
|-damage|p2a: Garganacl|37/100
|-start|p2a: Garganacl|move: Heal Block
|move|p2a: Garganacl|Salt Cure|p1a: Hatterene
|-damage|p1a: Hatterene|62/100
|-start|p1a: Hatterene|Salt Cure
|
|-damage|p1a: Hatterene|50/100|[from] Salt Cure
|upkeep
|turn|12
|
|t:|1757815688
|move|p2a: Garganacl|Protect|p2a: Garganacl
|-singleturn|p2a: Garganacl|Protect
|move|p1a: Hatterene|Nuzzle|p2a: Garganacl
|-activate|p2a: Garganacl|move: Protect
|
|-damage|p1a: Hatterene|37/100|[from] Salt Cure
|-end|p2a: Garganacl|move: Heal Block
|upkeep
|turn|13
|
|t:|1757815699
|switch|p2a: Kingambit|Kingambit, M|100/100
|-damage|p2a: Kingambit|95/100|[from] Stealth Rock
|move|p1a: Hatterene|Psychic Noise|p2a: Kingambit
|-immune|p2a: Kingambit
|
|-heal|p2a: Kingambit|100/100|[from] item: Leftovers
|-damage|p1a: Hatterene|25/100|[from] Salt Cure
|upkeep
|turn|14
|
|t:|1757815707
|switch|p1a: Great Tusk|Great Tusk|100/100
|move|p2a: Kingambit|Iron Head|p1a: Great Tusk
|-damage|p1a: Great Tusk|75/100
|
|-heal|p1a: Great Tusk|81/100|[from] item: Leftovers
|upkeep
|turn|15
|
|t:|1757815712
|-end|p2a: Kingambit|fallenundefined|[silent]
|switch|p2a: Zapdos|Zapdos|100/100
|move|p1a: Great Tusk|Knock Off|p2a: Zapdos
|-damage|p2a: Zapdos|80/100
|-enditem|p2a: Zapdos|Heavy-Duty Boots|[from] move: Knock Off|[of] p1a: Great Tusk
|
|-heal|p1a: Great Tusk|87/100|[from] item: Leftovers
|upkeep
|turn|16
|
|t:|1757815719
|-end|p1a: Great Tusk|Protosynthesis|[silent]
|switch|p1a: Ting-Lu|Ting-Lu|50/100
|-ability|p1a: Ting-Lu|Vessel of Ruin
|move|p2a: Zapdos|U-turn|p1a: Ting-Lu
|-supereffective|p1a: Ting-Lu
|-damage|p1a: Ting-Lu|35/100
|
|t:|1757815721
|switch|p2a: Great Tusk|Great Tusk|100/100|[from] U-turn
|
|-heal|p1a: Ting-Lu|41/100|[from] item: Leftovers
|upkeep
|turn|17
|
|t:|1757815726
|switch|p1a: Ceruledge|Ceruledge, F|100/100
|move|p2a: Great Tusk|Knock Off|p1a: Ceruledge
|-supereffective|p1a: Ceruledge
|-damage|p1a: Ceruledge|7/100
|-ability|p1a: Ceruledge|Weak Armor|boost
|-unboost|p1a: Ceruledge|def|1
|-boost|p1a: Ceruledge|spe|2
|-enditem|p1a: Ceruledge|Focus Sash|[from] move: Knock Off|[of] p2a: Great Tusk
|
|upkeep
|turn|18
|
|t:|1757815732
|move|p1a: Ceruledge|Bitter Blade|p2a: Great Tusk
|-damage|p2a: Great Tusk|68/100
|-heal|p1a: Ceruledge|28/100|[from] drain|[of] p2a: Great Tusk
|move|p2a: Great Tusk|Knock Off|p1a: Ceruledge
|-supereffective|p1a: Ceruledge
|-damage|p1a: Ceruledge|0 fnt
|faint|p1a: Ceruledge
|
|upkeep
|
|t:|1757815742
|switch|p1a: Kyurem|Kyurem|100/100
|-ability|p1a: Kyurem|Pressure
|turn|19
|
|t:|1757815747
|-end|p2a: Great Tusk|Protosynthesis|[silent]
|switch|p2a: Slowking|Slowking-Galar, F|100/100
|move|p1a: Kyurem|Ice Beam|p2a: Slowking
|-damage|p2a: Slowking|57/100
|
|upkeep
|turn|20
|
|t:|1757815758
|move|p1a: Kyurem|Ice Beam|p2a: Slowking
|-damage|p2a: Slowking|17/100
|move|p2a: Slowking|Toxic|p1a: Kyurem
|-status|p1a: Kyurem|tox
|
|-damage|p1a: Kyurem|94/100 tox|[from] psn
|upkeep
|turn|21
|
|t:|1757815763
|switch|p2a: Kingambit|Kingambit, M|100/100
|-damage|p2a: Kingambit|95/100|[from] Stealth Rock
|move|p1a: Kyurem|Ice Beam|p2a: Kingambit
|-resisted|p2a: Kingambit
|-damage|p2a: Kingambit|56/100
|
|-heal|p2a: Kingambit|62/100|[from] item: Leftovers
|-damage|p1a: Kyurem|82/100 tox|[from] psn
|upkeep
|turn|22
|
|t:|1757815770
|switch|p1a: Great Tusk|Great Tusk|87/100
|move|p2a: Kingambit|Iron Head|p1a: Great Tusk
|-damage|p1a: Great Tusk|60/100
|
|-heal|p1a: Great Tusk|66/100|[from] item: Leftovers
|-heal|p2a: Kingambit|68/100|[from] item: Leftovers
|upkeep
|turn|23
|
|t:|1757815776
|-end|p2a: Kingambit|fallenundefined|[silent]
|switch|p2a: Zapdos|Zapdos|80/100
|-damage|p2a: Zapdos|55/100|[from] Stealth Rock
|move|p1a: Great Tusk|Rapid Spin|p2a: Zapdos
|-damage|p2a: Zapdos|44/100
|-boost|p1a: Great Tusk|spe|1
|-status|p1a: Great Tusk|par|[from] ability: Static|[of] p2a: Zapdos
|
|-heal|p1a: Great Tusk|73/100 par|[from] item: Leftovers
|upkeep
|turn|24
|
|t:|1757815783
|move|p2a: Zapdos|Roost|p2a: Zapdos
|-heal|p2a: Zapdos|94/100
|-singleturn|p2a: Zapdos|move: Roost
|cant|p1a: Great Tusk|par
|
|-heal|p1a: Great Tusk|79/100 par|[from] item: Leftovers
|upkeep
|turn|25
|
|t:|1757815790
|-end|p1a: Great Tusk|Protosynthesis|[silent]
|switch|p1a: Ting-Lu|Ting-Lu|41/100
|-ability|p1a: Ting-Lu|Vessel of Ruin
|move|p2a: Zapdos|Hurricane|p1a: Ting-Lu
|-damage|p1a: Ting-Lu|22/100
|
|-heal|p1a: Ting-Lu|28/100|[from] item: Leftovers
|upkeep
|turn|26
|
|t:|1757815798
|move|p2a: Zapdos|U-turn|p1a: Ting-Lu
|-supereffective|p1a: Ting-Lu
|-damage|p1a: Ting-Lu|14/100
|
|t:|1757815802
|switch|p2a: Mi Amigo <3|Flamigo, M, shiny|100/100|[from] U-turn
|-damage|p2a: Mi Amigo <3|88/100|[from] Stealth Rock
|move|p1a: Ting-Lu|Ruination|p2a: Mi Amigo <3
|-damage|p2a: Mi Amigo <3|44/100
|
|-heal|p1a: Ting-Lu|20/100|[from] item: Leftovers
|upkeep
|turn|27
|
|t:|1757815810
|switch|p1a: Great Tusk|Great Tusk|79/100 par
|move|p2a: Mi Amigo <3|U-turn|p1a: Great Tusk
|-resisted|p1a: Great Tusk
|-damage|p1a: Great Tusk|73/100 par
|
|t:|1757815812
|switch|p2a: Great Tusk|Great Tusk|68/100|[from] U-turn
|
|-heal|p1a: Great Tusk|79/100 par|[from] item: Leftovers
|upkeep
|turn|28
|
|t:|1757815822
|move|p2a: Great Tusk|Rapid Spin|p1a: Great Tusk
|-damage|p1a: Great Tusk|70/100 par
|-boost|p2a: Great Tusk|spe|1
|-sideend|p2: RainingFlamigos|Stealth Rock|[from] move: Rapid Spin|[of] p2a: Great Tusk
|cant|p1a: Great Tusk|par
|
|-heal|p1a: Great Tusk|76/100 par|[from] item: Leftovers
|upkeep
|turn|29
|
|t:|1757815825
|move|p2a: Great Tusk|Ice Spinner|p1a: Great Tusk
|-supereffective|p1a: Great Tusk
|-damage|p1a: Great Tusk|49/100 par
|move|p1a: Great Tusk|Knock Off|p2a: Great Tusk
|-resisted|p2a: Great Tusk
|-damage|p2a: Great Tusk|57/100
|-enditem|p2a: Great Tusk|Heavy-Duty Boots|[from] move: Knock Off|[of] p1a: Great Tusk
|
|-heal|p1a: Great Tusk|55/100 par|[from] item: Leftovers
|upkeep
|turn|30
|
|t:|1757815830
|move|p2a: Great Tusk|Ice Spinner|p1a: Great Tusk
|-supereffective|p1a: Great Tusk
|-damage|p1a: Great Tusk|25/100 par
|cant|p1a: Great Tusk|par
|
|-heal|p1a: Great Tusk|32/100 par|[from] item: Leftovers
|upkeep
|turn|31
|
|t:|1757815836
|move|p2a: Great Tusk|Ice Spinner|p1a: Great Tusk
|-supereffective|p1a: Great Tusk
|-damage|p1a: Great Tusk|3/100 par
|move|p1a: Great Tusk|Ice Spinner|p2a: Great Tusk
|-supereffective|p2a: Great Tusk
|-damage|p2a: Great Tusk|26/100
|
|-heal|p1a: Great Tusk|9/100 par|[from] item: Leftovers
|upkeep
|turn|32
|
|t:|1757815841
|-end|p1a: Great Tusk|Protosynthesis|[silent]
|switch|p1a: Ting-Lu|Ting-Lu|20/100
|-ability|p1a: Ting-Lu|Vessel of Ruin
|move|p2a: Great Tusk|Rapid Spin|p1a: Ting-Lu
|-damage|p1a: Ting-Lu|12/100
|-boost|p2a: Great Tusk|spe|1
|
|-heal|p1a: Ting-Lu|18/100|[from] item: Leftovers
|upkeep
|turn|33
|
|t:|1757815850
|-terastallize|p1a: Ting-Lu|Ghost
|move|p2a: Great Tusk|Ice Spinner|p1a: Ting-Lu
|-damage|p1a: Ting-Lu|4/100
|move|p1a: Ting-Lu|Stealth Rock|p2a: Great Tusk
|-sidestart|p2: RainingFlamigos|move: Stealth Rock
|
|-heal|p1a: Ting-Lu|10/100|[from] item: Leftovers
|upkeep
|turn|34
|
|t:|1757815856
|move|p2a: Great Tusk|Knock Off|p1a: Ting-Lu
|-supereffective|p1a: Ting-Lu
|-damage|p1a: Ting-Lu|0 fnt
|-enditem|p1a: Ting-Lu|Leftovers|[from] move: Knock Off|[of] p2a: Great Tusk
|faint|p1a: Ting-Lu
|
|upkeep
|
|t:|1757815860
|switch|p1a: Dragonite|Dragonite, M|100/100
|turn|35
|
|t:|1757815862
|move|p2a: Great Tusk|Rapid Spin|p1a: Dragonite
|-damage|p1a: Dragonite|93/100
|-boost|p2a: Great Tusk|spe|1
|-sideend|p2: RainingFlamigos|Stealth Rock|[from] move: Rapid Spin|[of] p2a: Great Tusk
|move|p1a: Dragonite|Dragon Dance|p1a: Dragonite
|-boost|p1a: Dragonite|atk|1
|-boost|p1a: Dragonite|spe|1
|
|-heal|p1a: Dragonite|99/100|[from] item: Leftovers
|upkeep
|turn|36
|
|t:|1757815875
|-terastallize|p2a: Great Tusk|Steel
|move|p2a: Great Tusk|Ice Spinner|p1a: Dragonite
|-supereffective|p1a: Dragonite
|-damage|p1a: Dragonite|0 fnt
|faint|p1a: Dragonite
|
|upkeep
|-message|Crocodile E forfeited.
|
|win|RainingFlamigos
|raw|Crocodile E's rating: 1406 &rarr; <strong>1387</strong><br />(-19 for losing)
|raw|RainingFlamigos's rating: 1422 &rarr; <strong>1441</strong><br />(+19 for winning)
|l|☆Crocodile E
|player|p1|
|l|☆RainingFlamigos
|player|p2|
