|j|☆datrash
|j|☆Newt 2099
|t:|1757950230
|gametype|singles
|player|p1|datrash|cyclist-gen4|1151
|player|p2|Newt 2099|lucas|1123
|gen|9
|tier|[Gen 9] OU
|rated|
|rule|HP Percentage Mod: HP is shown in percentages
|rule|Endless Battle Clause: Forcing endless battles is banned
|rule|Species Clause: Limit one of each Pokémon
|rule|OHKO Clause: OHKO moves are banned
|rule|Evasion Items Clause: Evasion items are banned
|rule|Evasion Moves Clause: Evasion moves are banned
|rule|Evasion Abilities Clause: Evasion abilities are banned
|rule|Sleep Moves Clause: Sleep-inducing moves are banned
|clearpoke
|poke|p1|Slowking-Galar, F|
|poke|p1|Mamoswine, F|
|poke|p1|Corviknight, M|
|poke|p1|Gastrodon, M|
|poke|p1|Darkrai|
|poke|p1|Iron Hands|
|poke|p2|Chesnaught, M|
|poke|p2|Sableye, M|
|poke|p2|Haxorus, M|
|poke|p2|Great Tusk|
|poke|p2|Chansey, F|
|poke|p2|Gliscor, M|
|teampreview
|inactive|Battle timer is ON: inactive players will automatically lose when time's up. (requested by Newt 2099)
|
|t:|1757950249
|teamsize|p1|6
|teamsize|p2|6
|start
|switch|p1a: Slowking|Slowking-Galar, F|100/100
|switch|p2a: Sableye|Sableye, M|100/100
|turn|1
|
|t:|1757950261
|move|p2a: Sableye|Light Screen|p2a: Sableye
|-sidestart|p2: Newt 2099|move: Light Screen
|-prepare|p1a: Slowking|Chilly Reception|[premajor]
|move|p1a: Slowking|Chilly Reception|p1a: Slowking
|-weather|Snowscape
|
|t:|1757950279
|switch|p1a: Darkrai|Darkrai|100/100|[from] Chilly Reception
|
|-weather|Snowscape|[upkeep]
|upkeep
|turn|2
|
|t:|1757950284
|move|p2a: Sableye|Reflect|p2a: Sableye
|-sidestart|p2: Newt 2099|Reflect
|move|p1a: Darkrai|Dark Pulse|p2a: Sableye
|-damage|p2a: Sableye|72/100
|-damage|p1a: Darkrai|91/100|[from] item: Life Orb
|
|-weather|Snowscape|[upkeep]
|upkeep
|turn|3
|
|t:|1757950293
|switch|p2a: Chansey|Chansey, F|100/100
|move|p1a: Darkrai|Dark Pulse|p2a: Chansey
|-damage|p2a: Chansey|95/100
|-damage|p1a: Darkrai|81/100|[from] item: Life Orb
|
|-weather|Snowscape|[upkeep]
|upkeep
|turn|4
|
|t:|1757950296
|move|p1a: Darkrai|Psyshock|p2a: Chansey
|-damage|p2a: Chansey|63/100
|-damage|p1a: Darkrai|71/100|[from] item: Life Orb
|move|p2a: Chansey|Seismic Toss|p1a: Darkrai
|-damage|p1a: Darkrai|35/100
|
|-weather|Snowscape|[upkeep]
|upkeep
|turn|5
|
|t:|1757950323
|switch|p1a: Iron Hands|Iron Hands|100/100
|-enditem|p1a: Iron Hands|Booster Energy
|-activate|p1a: Iron Hands|ability: Quark Drive|[fromitem]
|-start|p1a: Iron Hands|quarkdriveatk
|move|p2a: Chansey|Seismic Toss|p1a: Iron Hands
|-damage|p1a: Iron Hands|79/100
|
|-weather|none
|upkeep
|turn|6
|
|t:|1757950332
|switch|p2a: Chesnaught|Chesnaught, M|100/100
|move|p1a: Iron Hands|Swords Dance|p1a: Iron Hands
|-boost|p1a: Iron Hands|atk|2
|
|upkeep
|turn|7
|
|t:|1757950337
|move|p2a: Chesnaught|Iron Defense|p2a: Chesnaught
|-boost|p2a: Chesnaught|def|2
|move|p1a: Iron Hands|Drain Punch|p2a: Chesnaught
|-damage|p2a: Chesnaught|84/100
|-heal|p1a: Iron Hands|86/100|[from] drain|[of] p2a: Chesnaught
|
|-heal|p2a: Chesnaught|90/100|[from] item: Leftovers
|upkeep
|turn|8
|
|t:|1757950347
|-end|p1a: Iron Hands|Quark Drive|[silent]
|switch|p1a: Corviknight|Corviknight, M|100/100
|-ability|p1a: Corviknight|Pressure
|move|p2a: Chesnaught|Leech Seed|p1a: Corviknight
|-start|p1a: Corviknight|move: Leech Seed
|
|-heal|p2a: Chesnaught|96/100|[from] item: Leftovers
|-damage|p1a: Corviknight|88/100|[from] Leech Seed|[of] p2a: Chesnaught
|-heal|p2a: Chesnaught|100/100|[silent]
|-sideend|p2: Newt 2099|move: Light Screen
|upkeep
|turn|9
|
|t:|1757950358
|move|p1a: Corviknight|U-turn|p2a: Chesnaught
|-damage|p2a: Chesnaught|98/100
|
|t:|1757950369
|switch|p1a: Darkrai|Darkrai|35/100|[from] U-turn
|move|p2a: Chesnaught|Body Press|p1a: Darkrai
|-supereffective|p1a: Darkrai
|-damage|p1a: Darkrai|0 fnt
|faint|p1a: Darkrai
|
|-heal|p2a: Chesnaught|100/100|[from] item: Leftovers
|-sideend|p2: Newt 2099|Reflect
|upkeep
|
|t:|1757950384
|switch|p1a: Slowking|Slowking-Galar, F|100/100
|turn|10
|
|t:|1757950390
|switch|p2a: Chansey|Chansey, F|63/100
|-prepare|p1a: Slowking|Chilly Reception|[premajor]
|move|p1a: Slowking|Chilly Reception|p1a: Slowking
|-weather|Snowscape
|
|t:|1757950398
|switch|p1a: Mamoswine|Mamoswine, F|100/100|[from] Chilly Reception
|
|-weather|Snowscape|[upkeep]
|upkeep
|turn|11
|
|t:|1757950415
|-terastallize|p1a: Mamoswine|Ice
|move|p1a: Mamoswine|Icicle Crash|p2a: Chansey|[miss]
|-miss|p1a: Mamoswine|p2a: Chansey
|move|p2a: Chansey|Seismic Toss|p1a: Mamoswine
|-damage|p1a: Mamoswine|74/100
|
|-weather|Snowscape|[upkeep]
|upkeep
|turn|12
|
|t:|1757950429
|switch|p2a: Gliscor|Gliscor, M|100/100
|move|p1a: Mamoswine|Icicle Crash|p2a: Gliscor
|-supereffective|p2a: Gliscor
|-damage|p2a: Gliscor|0 fnt
|faint|p2a: Gliscor
|
|-weather|Snowscape|[upkeep]
|upkeep
|
|t:|1757950431
|switch|p2a: Sableye|Sableye, M|72/100
|turn|13
|
|t:|1757950436
|move|p2a: Sableye|Reflect|p2a: Sableye
|-sidestart|p2: Newt 2099|Reflect
|move|p1a: Mamoswine|Icicle Crash|p2a: Sableye
|-damage|p2a: Sableye|2/100
|
|-weather|Snowscape|[upkeep]
|upkeep
|turn|14
|
|t:|1757950441
|move|p2a: Sableye|Will-O-Wisp|p1a: Mamoswine
|-status|p1a: Mamoswine|brn
|move|p1a: Mamoswine|Icicle Crash|p2a: Sableye|[miss]
|-miss|p1a: Mamoswine|p2a: Sableye
|
|-weather|none
|-damage|p1a: Mamoswine|68/100 brn|[from] brn
|upkeep
|turn|15
|
|t:|1757950445
|move|p2a: Sableye|Recover|p2a: Sableye
|-heal|p2a: Sableye|52/100
|move|p1a: Mamoswine|Icicle Crash|p2a: Sableye
|-damage|p2a: Sableye|15/100
|
|-damage|p1a: Mamoswine|62/100 brn|[from] brn
|upkeep
|turn|16
|
|t:|1757950450
|move|p2a: Sableye|Recover|p2a: Sableye
|-heal|p2a: Sableye|65/100
|move|p1a: Mamoswine|Icicle Crash|p2a: Sableye
|-damage|p2a: Sableye|32/100
|
|-damage|p1a: Mamoswine|56/100 brn|[from] brn
|upkeep
|turn|17
|
|t:|1757950459
|switch|p1a: Slowking|Slowking-Galar, F|100/100
|move|p2a: Sableye|Recover|p2a: Sableye
|-heal|p2a: Sableye|82/100
|
|upkeep
|turn|18
|
|t:|1757950465
|move|p2a: Sableye|Light Screen|p2a: Sableye
|-sidestart|p2: Newt 2099|move: Light Screen
|move|p1a: Slowking|Toxic|p2a: Sableye
|-status|p2a: Sableye|tox
|
|-damage|p2a: Sableye|75/100 tox|[from] psn
|upkeep
|turn|19
|
|t:|1757950473
|switch|p2a: Haxorus|Haxorus, M|100/100
|-ability|p2a: Haxorus|Mold Breaker
|-prepare|p1a: Slowking|Chilly Reception|[premajor]
|move|p1a: Slowking|Chilly Reception|p1a: Slowking
|-weather|Snowscape
|
|t:|1757950485
|switch|p1a: Gastrodon|Gastrodon, M|100/100|[from] Chilly Reception
|
|-weather|Snowscape|[upkeep]
|upkeep
|turn|20
|
|t:|1757950491
|move|p2a: Haxorus|Dragon Dance|p2a: Haxorus
|-boost|p2a: Haxorus|atk|1
|-boost|p2a: Haxorus|spe|1
|move|p1a: Gastrodon|Ice Beam|p2a: Haxorus
|-supereffective|p2a: Haxorus
|-damage|p2a: Haxorus|68/100
|
|-weather|Snowscape|[upkeep]
|-sideend|p2: Newt 2099|Reflect
|upkeep
|turn|21
|
|t:|1757950501
|move|p2a: Haxorus|Dragon Claw|p1a: Gastrodon
|-damage|p1a: Gastrodon|2/100
|move|p1a: Gastrodon|Ice Beam|p2a: Haxorus
|-supereffective|p2a: Haxorus
|-crit|p2a: Haxorus
|-damage|p2a: Haxorus|0 fnt
|faint|p2a: Haxorus
|
|-weather|Snowscape|[upkeep]
|-heal|p1a: Gastrodon|8/100|[from] item: Leftovers
|upkeep
|
|t:|1757950512
|switch|p2a: Chesnaught|Chesnaught, M|100/100
|turn|22
|
|t:|1757950517
|move|p2a: Chesnaught|Leech Seed|p1a: Gastrodon
|-start|p1a: Gastrodon|move: Leech Seed
|move|p1a: Gastrodon|Ice Beam|p2a: Chesnaught
|-supereffective|p2a: Chesnaught
|-damage|p2a: Chesnaught|74/100
|
|-weather|Snowscape|[upkeep]
|-heal|p2a: Chesnaught|80/100|[from] item: Leftovers
|-heal|p1a: Gastrodon|14/100|[from] item: Leftovers
|-damage|p1a: Gastrodon|1/100|[from] Leech Seed|[of] p2a: Chesnaught
|-heal|p2a: Chesnaught|94/100|[silent]
|upkeep
|turn|23
|
|t:|1757950524
|move|p2a: Chesnaught|Body Press|p1a: Gastrodon
|-damage|p1a: Gastrodon|0 fnt
|faint|p1a: Gastrodon
|
|-weather|none
|-heal|p2a: Chesnaught|99/100|[from] item: Leftovers
|upkeep
|
|t:|1757950528
|switch|p1a: Slowking|Slowking-Galar, F|100/100
|turn|24
|
|t:|1757950534
|switch|p2a: Chansey|Chansey, F|63/100
|-prepare|p1a: Slowking|Chilly Reception|[premajor]
|move|p1a: Slowking|Chilly Reception|p1a: Slowking
|-weather|Snowscape
|
|t:|1757950537
|switch|p1a: Iron Hands|Iron Hands|86/100|[from] Chilly Reception
|
|-weather|Snowscape|[upkeep]
|upkeep
|turn|25
|
|t:|1757950541
|switch|p2a: Sableye|Sableye, M|75/100 tox
|move|p1a: Iron Hands|Swords Dance|p1a: Iron Hands
|-boost|p1a: Iron Hands|atk|2
|
|-weather|Snowscape|[upkeep]
|-damage|p2a: Sableye|69/100 tox|[from] psn
|-sideend|p2: Newt 2099|move: Light Screen
|upkeep
|turn|26
|
|t:|1757950547
|move|p2a: Sableye|Reflect|p2a: Sableye
|-sidestart|p2: Newt 2099|Reflect
|move|p1a: Iron Hands|Supercell Slam|p2a: Sableye
|-damage|p2a: Sableye|0 fnt
|faint|p2a: Sableye
|
|-weather|Snowscape|[upkeep]
|upkeep
|
|t:|1757950552
|switch|p2a: Chesnaught|Chesnaught, M|99/100
|turn|27
|
|t:|1757950559
|-end|p1a: Iron Hands|Quark Drive|[silent]
|switch|p1a: Slowking|Slowking-Galar, F|100/100
|move|p2a: Chesnaught|Iron Defense|p2a: Chesnaught
|-boost|p2a: Chesnaught|def|2
|
|-weather|Snowscape|[upkeep]
|-heal|p2a: Chesnaught|100/100|[from] item: Leftovers
|upkeep
|turn|28
|
|t:|1757950567
|-terastallize|p2a: Chesnaught|Steel
|move|p2a: Chesnaught|Leech Seed|p1a: Slowking
|-start|p1a: Slowking|move: Leech Seed
|move|p1a: Slowking|Psyshock|p2a: Chesnaught
|-resisted|p2a: Chesnaught
|-damage|p2a: Chesnaught|96/100
|
|-weather|none
|-heal|p2a: Chesnaught|100/100|[from] item: Leftovers
|-damage|p1a: Slowking|88/100|[from] Leech Seed|[of] p2a: Chesnaught
|upkeep
|turn|29
|
|t:|1757950575
|move|p2a: Chesnaught|Body Press|p1a: Slowking
|-resisted|p1a: Slowking
|-damage|p1a: Slowking|70/100
|-prepare|p1a: Slowking|Chilly Reception|[premajor]
|move|p1a: Slowking|Chilly Reception|p1a: Slowking
|-weather|Snowscape
|
|t:|1757950581
|switch|p1a: Iron Hands|Iron Hands|86/100|[from] Chilly Reception
|
|-weather|Snowscape|[upkeep]
|upkeep
|turn|30
|
|t:|1757950584
|move|p2a: Chesnaught|Leech Seed|p1a: Iron Hands
|-start|p1a: Iron Hands|move: Leech Seed
|move|p1a: Iron Hands|Drain Punch|p2a: Chesnaught
|-supereffective|p2a: Chesnaught
|-damage|p2a: Chesnaught|88/100
|-heal|p1a: Iron Hands|91/100|[from] drain|[of] p2a: Chesnaught
|
|-weather|Snowscape|[upkeep]
|-heal|p2a: Chesnaught|94/100|[from] item: Leftovers
|-damage|p1a: Iron Hands|78/100|[from] Leech Seed|[of] p2a: Chesnaught
|-heal|p2a: Chesnaught|100/100|[silent]
|upkeep
|turn|31
|
|t:|1757950594
|-end|p1a: Iron Hands|Quark Drive|[silent]
|switch|p1a: Corviknight|Corviknight, M|88/100
|-ability|p1a: Corviknight|Pressure
|move|p2a: Chesnaught|Iron Defense|p2a: Chesnaught
|-boost|p2a: Chesnaught|def|2
|
|-weather|Snowscape|[upkeep]
|upkeep
|turn|32
|
|t:|1757950600
|move|p1a: Corviknight|Body Press|p2a: Chesnaught
|-supereffective|p2a: Chesnaught
|-damage|p2a: Chesnaught|95/100
|move|p2a: Chesnaught|Leech Seed|p1a: Corviknight
|-start|p1a: Corviknight|move: Leech Seed
|
|-weather|Snowscape|[upkeep]
|-heal|p2a: Chesnaught|100/100|[from] item: Leftovers
|-damage|p1a: Corviknight|76/100|[from] Leech Seed|[of] p2a: Chesnaught
|upkeep
|turn|33
|
|t:|1757950625
|move|p1a: Corviknight|U-turn|p2a: Chesnaught
|-resisted|p2a: Chesnaught
|-damage|p2a: Chesnaught|99/100
|
|t:|1757950627
|switch|p1a: Mamoswine|Mamoswine, F, tera:Ice|56/100 brn|[from] U-turn
|move|p2a: Chesnaught|Body Press|p1a: Mamoswine
|-supereffective|p1a: Mamoswine
|-damage|p1a: Mamoswine|0 fnt
|faint|p1a: Mamoswine
|
|-weather|none
|-heal|p2a: Chesnaught|100/100|[from] item: Leftovers
|-sideend|p2: Newt 2099|Reflect
|upkeep
|
|t:|1757950639
|switch|p1a: Iron Hands|Iron Hands|78/100
|turn|34
|
|t:|1757950643
|move|p2a: Chesnaught|Leech Seed|p1a: Iron Hands|[miss]
|-miss|p2a: Chesnaught|p1a: Iron Hands
|move|p1a: Iron Hands|Swords Dance|p1a: Iron Hands
|-boost|p1a: Iron Hands|atk|2
|
|upkeep
|turn|35
|
|t:|1757950648
|move|p2a: Chesnaught|Iron Defense|p2a: Chesnaught
|-boost|p2a: Chesnaught|def|2
|move|p1a: Iron Hands|Drain Punch|p2a: Chesnaught
|-supereffective|p2a: Chesnaught
|-damage|p2a: Chesnaught|75/100
|-heal|p1a: Iron Hands|89/100|[from] drain|[of] p2a: Chesnaught
|
|-heal|p2a: Chesnaught|81/100|[from] item: Leftovers
|upkeep
|turn|36
|
|t:|1757950650
|move|p2a: Chesnaught|Leech Seed|p1a: Iron Hands|[miss]
|-miss|p2a: Chesnaught|p1a: Iron Hands
|move|p1a: Iron Hands|Swords Dance|p1a: Iron Hands
|-boost|p1a: Iron Hands|atk|2
|
|-heal|p2a: Chesnaught|87/100|[from] item: Leftovers
|upkeep
|turn|37
|
|t:|1757950653
|move|p2a: Chesnaught|Leech Seed|p1a: Iron Hands
|-start|p1a: Iron Hands|move: Leech Seed
|move|p1a: Iron Hands|Drain Punch|p2a: Chesnaught
|-supereffective|p2a: Chesnaught
|-damage|p2a: Chesnaught|47/100
|-heal|p1a: Iron Hands|100/100|[from] drain|[of] p2a: Chesnaught
|
|-heal|p2a: Chesnaught|53/100|[from] item: Leftovers
|-damage|p1a: Iron Hands|88/100|[from] Leech Seed|[of] p2a: Chesnaught
|-heal|p2a: Chesnaught|69/100|[silent]
|upkeep
|turn|38
|
|t:|1757950659
|move|p2a: Chesnaught|Body Press|p1a: Iron Hands
|-damage|p1a: Iron Hands|0 fnt
|faint|p1a: Iron Hands
|-end|p1a: Iron Hands|Quark Drive|[silent]
|
|-heal|p2a: Chesnaught|75/100|[from] item: Leftovers
|upkeep
|
|t:|1757950666
|switch|p1a: Corviknight|Corviknight, M|76/100
|-ability|p1a: Corviknight|Pressure
|turn|39
|
|t:|1757950669
|move|p1a: Corviknight|Body Press|p2a: Chesnaught
|-supereffective|p2a: Chesnaught
|-damage|p2a: Chesnaught|66/100
|move|p2a: Chesnaught|Body Press|p1a: Corviknight
|-damage|p1a: Corviknight|0 fnt
|-damage|p2a: Chesnaught|50/100|[from] item: Rocky Helmet|[of] p1a: Corviknight
|faint|p1a: Corviknight
|
|-heal|p2a: Chesnaught|56/100|[from] item: Leftovers
|upkeep
|
|t:|1757950674
|switch|p1a: Slowking|Slowking-Galar, F|100/100
|turn|40
|
|t:|1757950679
|move|p2a: Chesnaught|Leech Seed|p1a: Slowking
|-start|p1a: Slowking|move: Leech Seed
|move|p1a: Slowking|Psyshock|p2a: Chesnaught
|-resisted|p2a: Chesnaught
|-damage|p2a: Chesnaught|54/100
|
|-heal|p2a: Chesnaught|60/100|[from] item: Leftovers
|-damage|p1a: Slowking|88/100|[from] Leech Seed|[of] p2a: Chesnaught
|-heal|p2a: Chesnaught|73/100|[silent]
|upkeep
|turn|41
|
|t:|1757950688
|move|p2a: Chesnaught|Body Press|p1a: Slowking
|-resisted|p1a: Slowking
|-damage|p1a: Slowking|51/100
|move|p1a: Slowking|Psyshock|p2a: Chesnaught
|-resisted|p2a: Chesnaught
|-damage|p2a: Chesnaught|70/100
|
|-heal|p2a: Chesnaught|77/100|[from] item: Leftovers
|-heal|p1a: Slowking|57/100|[from] item: Black Sludge
|-damage|p1a: Slowking|45/100|[from] Leech Seed|[of] p2a: Chesnaught
|-heal|p2a: Chesnaught|89/100|[silent]
|upkeep
|turn|42
|-message|datrash forfeited.
|
|win|Newt 2099
|raw|datrash's rating: 1151 &rarr; <strong>1124</strong><br />(-27 for losing)
|raw|Newt 2099's rating: 1123 &rarr; <strong>1150</strong><br />(+27 for winning)
|l|☆datrash
|player|p1|
