|j|☆Sonzaisonder
|j|☆ChichoRubicho
|t:|1757940605
|gametype|singles
|player|p1|Sonzaisonder|steven|1459
|player|p2|ChichoRubicho|volkner|1388
|gen|9
|tier|[Gen 9] OU
|rated|
|rule|HP Percentage Mod: HP is shown in percentages
|rule|Endless Battle Clause: Forcing endless battles is banned
|rule|Species Clause: Limit one of each Pokémon
|rule|OHKO Clause: OHKO moves are banned
|rule|Evasion Items Clause: Evasion items are banned
|rule|Evasion Moves Clause: Evasion moves are banned
|rule|Evasion Abilities Clause: Evasion abilities are banned
|rule|Sleep Moves Clause: Sleep-inducing moves are banned
|clearpoke
|poke|p1|Slowking-Galar, F|
|poke|p1|Great Tusk|
|poke|p1|Hoopa-Unbound|
|poke|p1|Alomomola, M|
|poke|p1|Zamazenta-*|
|poke|p1|Raging Bolt|
|poke|p2|Dragonite, F|
|poke|p2|Tyranitar, F|
|poke|p2|Excadrill, F|
|poke|p2|Arcanine, M|
|poke|p2|Rotom-Wash|
|poke|p2|Venusaur, M|
|teampreview
|
|t:|1757940615
|teamsize|p1|6
|teamsize|p2|6
|start
|switch|p1a: Hoopa|Hoopa-Unbound|100/100
|switch|p2a: Venusaur|Venusaur, M|100/100
|turn|1
|
|t:|1757940626
|move|p1a: Hoopa|Hyperspace Fury|p2a: Venusaur
|-damage|p2a: Venusaur|0 fnt
|-unboost|p1a: Hoopa|def|1
|faint|p2a: Venusaur
|
|upkeep
|
|t:|1757940633
|switch|p2a: Tyranitar|Tyranitar, F|100/100
|-weather|Sandstorm|[from] ability: Sand Stream|[of] p2a: Tyranitar
|turn|2
|
|t:|1757940640
|switch|p1a: Alomomola|Alomomola, M|100/100
|move|p2a: Tyranitar|Knock Off|p1a: Alomomola
|-damage|p1a: Alomomola|61/100
|-enditem|p1a: Alomomola|Heavy-Duty Boots|[from] move: Knock Off|[of] p2a: Tyranitar
|
|-weather|Sandstorm|[upkeep]
|-damage|p1a: Alomomola|55/100|[from] Sandstorm
|upkeep
|turn|3
|
|t:|1757940649
|move|p2a: Tyranitar|Stealth Rock|p1a: Alomomola
|-sidestart|p1: Sonzaisonder|move: Stealth Rock
|move|p1a: Alomomola|Flip Turn|p2a: Tyranitar
|-supereffective|p2a: Tyranitar
|-damage|p2a: Tyranitar|77/100
|
|t:|1757940655
|switch|p1a: Great Tusk|Great Tusk|100/100|[from] Flip Turn
|
|-weather|Sandstorm|[upkeep]
|upkeep
|turn|4
|
|t:|1757940664
|switch|p2a: Rotom|Rotom-Wash|100/100
|move|p1a: Great Tusk|Rapid Spin|p2a: Rotom
|-damage|p2a: Rotom|81/100
|-boost|p1a: Great Tusk|spe|1
|-sideend|p1: Sonzaisonder|Stealth Rock|[from] move: Rapid Spin|[of] p1a: Great Tusk
|
|-weather|Sandstorm|[upkeep]
|-damage|p2a: Rotom|75/100|[from] Sandstorm
|-heal|p2a: Rotom|81/100|[from] item: Leftovers
|upkeep
|turn|5
|
|t:|1757940678
|-end|p1a: Great Tusk|Protosynthesis|[silent]
|switch|p1a: Slowking|Slowking-Galar, F|100/100
|move|p2a: Rotom|Hydro Pump|p1a: Slowking|[miss]
|-miss|p2a: Rotom|p1a: Slowking
|
|-weather|Sandstorm|[upkeep]
|-damage|p2a: Rotom|75/100|[from] Sandstorm
|-damage|p1a: Slowking|94/100|[from] Sandstorm
|-heal|p2a: Rotom|81/100|[from] item: Leftovers
|upkeep
|turn|6
|
|t:|1757940688
|move|p2a: Rotom|Volt Switch|p1a: Slowking
|-damage|p1a: Slowking|75/100
|
|t:|1757940691
|switch|p2a: Excadrill|Excadrill, F|100/100|[from] Volt Switch
|-item|p2a: Excadrill|Air Balloon
|-prepare|p1a: Slowking|Chilly Reception|[premajor]
|move|p1a: Slowking|Chilly Reception|p1a: Slowking
|-weather|Snowscape
|
|t:|1757940701
|switch|p1a: Zamazenta|Zamazenta|100/100|[from] Chilly Reception
|-ability|p1a: Zamazenta|Dauntless Shield|boost
|-boost|p1a: Zamazenta|def|1
|
|-weather|Snowscape|[upkeep]
|upkeep
|turn|7
|
|t:|1757940712
|switch|p2a: Arcanine|Arcanine, M|100/100
|-ability|p2a: Arcanine|Intimidate|boost
|-unboost|p1a: Zamazenta|atk|1
|move|p1a: Zamazenta|Body Press|p2a: Arcanine
|-damage|p2a: Arcanine|50/100
|
|-weather|Snowscape|[upkeep]
|upkeep
|turn|8
|
|t:|1757940722
|move|p1a: Zamazenta|Body Press|p2a: Arcanine
|-damage|p2a: Arcanine|0 fnt
|faint|p2a: Arcanine
|
|-weather|Snowscape|[upkeep]
|upkeep
|
|t:|1757940727
|switch|p2a: Dragonite|Dragonite, F|100/100
|turn|9
|
|t:|1757940732
|move|p1a: Zamazenta|Crunch|p2a: Dragonite
|-damage|p2a: Dragonite|93/100
|move|p2a: Dragonite|Dragon Claw|p1a: Zamazenta
|-damage|p1a: Zamazenta|67/100
|
|-weather|Snowscape|[upkeep]
|-heal|p1a: Zamazenta|73/100|[from] item: Leftovers
|upkeep
|turn|10
|
|t:|1757940745
|switch|p1a: Great Tusk|Great Tusk|100/100
|switch|p2a: Tyranitar|Tyranitar, F|77/100
|-weather|Sandstorm|[from] ability: Sand Stream|[of] p2a: Tyranitar
|
|-weather|Sandstorm|[upkeep]
|upkeep
|turn|11
|
|t:|1757940758
|-terastallize|p2a: Tyranitar|Flying
|move|p1a: Great Tusk|Ice Spinner|p2a: Tyranitar
|-supereffective|p2a: Tyranitar
|-damage|p2a: Tyranitar|33/100
|move|p2a: Tyranitar|Tera Blast|p1a: Great Tusk|[anim] Tera Blast Flying
|-supereffective|p1a: Great Tusk
|-damage|p1a: Great Tusk|35/100
|
|-weather|Sandstorm|[upkeep]
|-damage|p2a: Tyranitar|26/100|[from] Sandstorm
|upkeep
|turn|12
|
|t:|1757940769
|move|p1a: Great Tusk|Ice Spinner|p2a: Tyranitar
|-supereffective|p2a: Tyranitar
|-damage|p2a: Tyranitar|0 fnt
|faint|p2a: Tyranitar
|
|-weather|Sandstorm|[upkeep]
|upkeep
|
|t:|1757940772
|switch|p2a: Excadrill|Excadrill, F|100/100
|-item|p2a: Excadrill|Air Balloon
|turn|13
|
|t:|1757940777
|-end|p1a: Great Tusk|Protosynthesis|[silent]
|switch|p1a: Alomomola|Alomomola, M|88/100
|move|p2a: Excadrill|Earthquake|p1a: Alomomola
|-damage|p1a: Alomomola|47/100
|
|-weather|Sandstorm|[upkeep]
|-damage|p1a: Alomomola|41/100|[from] Sandstorm
|upkeep
|turn|14
|
|t:|1757940787
|move|p1a: Alomomola|Protect|p1a: Alomomola
|-singleturn|p1a: Alomomola|Protect
|move|p2a: Excadrill|Swords Dance|p2a: Excadrill
|-boost|p2a: Excadrill|atk|2
|
|-weather|Sandstorm|[upkeep]
|-damage|p1a: Alomomola|34/100|[from] Sandstorm
|upkeep
|turn|15
|
|t:|1757940796
|move|p2a: Excadrill|Earthquake|p1a: Alomomola
|-damage|p1a: Alomomola|0 fnt
|faint|p1a: Alomomola
|
|-weather|Sandstorm|[upkeep]
|upkeep
|
|t:|1757940810
|switch|p1a: Great Tusk|Great Tusk|35/100
|turn|16
|
|t:|1757940818
|move|p2a: Excadrill|Earthquake|p1a: Great Tusk
|-damage|p1a: Great Tusk|0 fnt
|faint|p1a: Great Tusk
|-end|p1a: Great Tusk|Protosynthesis|[silent]
|
|-weather|Sandstorm|[upkeep]
|upkeep
|
|t:|1757940826
|switch|p1a: Slowking|Slowking-Galar, F|100/100
|turn|17
|
|t:|1757940830
|move|p2a: Excadrill|Earthquake|p1a: Slowking
|-supereffective|p1a: Slowking
|-damage|p1a: Slowking|0 fnt
|faint|p1a: Slowking
|
|-weather|none
|upkeep
|
|t:|1757940832
|switch|p1a: Zamazenta|Zamazenta|73/100
|turn|18
|
|t:|1757940839
|move|p1a: Zamazenta|Body Press|p2a: Excadrill
|-supereffective|p2a: Excadrill
|-damage|p2a: Excadrill|7/100
|-enditem|p2a: Excadrill|Air Balloon
|move|p2a: Excadrill|Earthquake|p1a: Zamazenta
|-damage|p1a: Zamazenta|0 fnt
|faint|p1a: Zamazenta
|
|upkeep
|
|t:|1757940849
|switch|p1a: Raging Bolt|Raging Bolt|100/100
|turn|19
|
|t:|1757940852
|-terastallize|p1a: Raging Bolt|Fairy
|move|p2a: Excadrill|Earthquake|p1a: Raging Bolt
|-damage|p1a: Raging Bolt|0 fnt
|faint|p1a: Raging Bolt
|-end|p1a: Raging Bolt|Protosynthesis|[silent]
|
|upkeep
|-message|Sonzaisonder forfeited.
|
|win|ChichoRubicho
|raw|Sonzaisonder's rating: 1459 &rarr; <strong>1435</strong><br />(-24 for losing)
|raw|ChichoRubicho's rating: 1388 &rarr; <strong>1412</strong><br />(+24 for winning)
|l|☆Sonzaisonder
|player|p1|
|l|☆ChichoRubicho
|player|p2|
