|j|☆James1715
|j|☆HANDYARROW22
|t:|1757909381
|gametype|singles
|player|p1|James1715|red|1192
|player|p2|HANDYARROW22|drayden|1138
|gen|9
|tier|[Gen 9] OU
|rated|
|rule|HP Percentage Mod: HP is shown in percentages
|rule|Endless Battle Clause: Forcing endless battles is banned
|rule|Species Clause: Limit one of each Pokémon
|rule|OHKO Clause: OHKO moves are banned
|rule|Evasion Items Clause: Evasion items are banned
|rule|Evasion Moves Clause: Evasion moves are banned
|rule|Evasion Abilities Clause: Evasion abilities are banned
|rule|Sleep Moves Clause: Sleep-inducing moves are banned
|clearpoke
|poke|p1|Kingambit, F|
|poke|p1|Greninja-*, M|
|poke|p1|Cinderace, F|
|poke|p1|Raging Bolt|
|poke|p1|Serperior, M|
|poke|p1|Dragapult, F|
|poke|p2|Arcanine-Hisui, F|
|poke|p2|Scizor, M|
|poke|p2|Gliscor, M|
|poke|p2|Maushold-Four|
|poke|p2|Primarina, F|
|poke|p2|Dragapult, M|
|teampreview
|inactive|Battle timer is ON: inactive players will automatically lose when time's up. (requested by HANDYARROW22)
|
|t:|1757909396
|teamsize|p1|6
|teamsize|p2|6
|start
|switch|p1a: Serperior|Serperior, M|100/100
|switch|p2a: Gliscor|Gliscor, M|100/100
|turn|1
|
|t:|1757909411
|move|p1a: Serperior|Substitute|p1a: Serperior
|-start|p1a: Serperior|Substitute
|-damage|p1a: Serperior|75/100
|move|p2a: Gliscor|Toxic||[still]
|-fail|p2a: Gliscor
|
|-heal|p1a: Serperior|82/100|[from] item: Leftovers
|-status|p2a: Gliscor|tox|[from] item: Toxic Orb
|upkeep
|turn|2
|
|t:|1757909421
|move|p2a: Gliscor|Quick Attack|p1a: Serperior
|-activate|p1a: Serperior|move: Substitute|[damage]
|move|p1a: Serperior|Leaf Storm|p2a: Gliscor
|-damage|p2a: Gliscor|17/100 tox
|-boost|p1a: Serperior|spa|2
|
|-heal|p1a: Serperior|88/100|[from] item: Leftovers
|-heal|p2a: Gliscor|29/100 tox|[from] ability: Poison Heal
|upkeep
|turn|3
|
|t:|1757909433
|move|p1a: Serperior|Leaf Storm|p2a: Gliscor
|-damage|p2a: Gliscor|0 fnt
|-boost|p1a: Serperior|spa|2
|faint|p2a: Gliscor
|
|-heal|p1a: Serperior|94/100|[from] item: Leftovers
|upkeep
|
|t:|1757909444
|switch|p2a: Maushold|Maushold-Four|100/100
|turn|4
|
|t:|1757909450
|move|p1a: Serperior|Leaf Storm|p2a: Maushold
|-damage|p2a: Maushold|0 fnt
|-boost|p1a: Serperior|spa|2
|faint|p2a: Maushold
|
|-heal|p1a: Serperior|99/100|[from] item: Leftovers
|upkeep
|
|t:|1757909467
|switch|p2a: Dragapult|Dragapult, M|100/100
|turn|5
|
|t:|1757909472
|move|p2a: Dragapult|U-turn|p1a: Serperior
|-supereffective|p1a: Serperior
|-damage|p1a: Serperior|14/100
|
|t:|1757909476
|switch|p2a: Scizor|Scizor, M|100/100|[from] U-turn
|move|p1a: Serperior|Leaf Storm|p2a: Scizor
|-resisted|p2a: Scizor
|-damage|p2a: Scizor|29/100
|
|-heal|p1a: Serperior|20/100|[from] item: Leftovers
|upkeep
|turn|6
|
|t:|1757909487
|move|p1a: Serperior|Leaf Storm|p2a: Scizor
|-resisted|p2a: Scizor
|-damage|p2a: Scizor|0 fnt
|faint|p2a: Scizor
|
|-heal|p1a: Serperior|26/100|[from] item: Leftovers
|upkeep
|
|t:|1757909495
|switch|p2a: Dragapult|Dragapult, M|100/100
|turn|7
|
|t:|1757909512
|switch|p1a: Raging Bolt|Raging Bolt|100/100
|-enditem|p1a: Raging Bolt|Booster Energy
|-activate|p1a: Raging Bolt|ability: Protosynthesis|[fromitem]
|-start|p1a: Raging Bolt|protosynthesisspa
|move|p2a: Dragapult|Dragon Darts|p1a: Raging Bolt
|-supereffective|p1a: Raging Bolt
|-damage|p1a: Raging Bolt|25/100
|-anim|p2a: Dragapult|Dragon Darts|p1a: Raging Bolt
|-supereffective|p1a: Raging Bolt
|-damage|p1a: Raging Bolt|0 fnt
|faint|p1a: Raging Bolt
|-end|p1a: Raging Bolt|Protosynthesis|[silent]
|
|upkeep
|
|t:|1757909524
|switch|p1a: Cinderace|Cinderace, F|100/100
|turn|8
|
|t:|1757909549
|switch|p2a: Arcanine|Arcanine-Hisui, F|100/100
|move|p1a: Cinderace|Sucker Punch||[still]
|-fail|p1a: Cinderace
|
|upkeep
|turn|9
|
|t:|1757909560
|move|p1a: Cinderace|U-turn|p2a: Arcanine
|-start|p1a: Cinderace|typechange|Bug|[from] ability: Libero
|-resisted|p2a: Arcanine
|-damage|p2a: Arcanine|79/100
|
|t:|1757909565
|switch|p1a: Greninja|Greninja, M|100/100|[from] U-turn
|move|p2a: Arcanine|Flare Blitz|p1a: Greninja
|-resisted|p1a: Greninja
|-damage|p1a: Greninja|53/100
|-status|p1a: Greninja|brn
|
|-damage|p1a: Greninja|47/100 brn|[from] brn
|upkeep
|turn|10
|
|t:|1757909577
|move|p1a: Greninja|Water Shuriken|p2a: Arcanine
|-supereffective|p2a: Arcanine
|-damage|p2a: Arcanine|54/100
|-supereffective|p2a: Arcanine
|-damage|p2a: Arcanine|28/100
|-supereffective|p2a: Arcanine
|-damage|p2a: Arcanine|2/100
|-supereffective|p2a: Arcanine
|-damage|p2a: Arcanine|0 fnt
|faint|p2a: Arcanine
|-ability|p1a: Greninja|Battle Bond|boost
|-boost|p1a: Greninja|atk|1
|-boost|p1a: Greninja|spa|1
|-boost|p1a: Greninja|spe|1
|-activate|p1a: Greninja|ability: Battle Bond
|-hitcount|p2: Arcanine|4
|
|-damage|p1a: Greninja|41/100 brn|[from] brn
|upkeep
|inactive|HANDYARROW22 has 120 seconds left.
|
|t:|1757909594
|switch|p2a: Primarina|Primarina, F|100/100
|turn|11
|
|t:|1757909602
|move|p1a: Greninja|Grass Knot|p2a: Primarina
|-supereffective|p2a: Primarina
|-damage|p2a: Primarina|71/100
|move|p2a: Primarina|Energy Ball|p1a: Greninja
|-supereffective|p1a: Greninja
|-damage|p1a: Greninja|0 fnt
|faint|p1a: Greninja
|
|upkeep
|
|t:|1757909616
|switch|p1a: Serperior|Serperior, M|26/100
|turn|12
|
|t:|1757909622
|move|p1a: Serperior|Leaf Storm|p2a: Primarina|[miss]
|-miss|p1a: Serperior|p2a: Primarina
|move|p2a: Primarina|Ice Beam|p1a: Serperior
|-supereffective|p1a: Serperior
|-damage|p1a: Serperior|0 fnt
|faint|p1a: Serperior
|
|upkeep
|
|t:|1757909634
|switch|p1a: Cinderace|Cinderace, F|100/100
|turn|13
|
|t:|1757909639
|move|p1a: Cinderace|Pyro Ball|p2a: Primarina
|-resisted|p2a: Primarina
|-damage|p2a: Primarina|31/100
|-status|p2a: Primarina|brn
|move|p2a: Primarina|Sparkling Aria|p1a: Cinderace
|-supereffective|p1a: Cinderace
|-damage|p1a: Cinderace|0 fnt
|faint|p1a: Cinderace
|
|-damage|p2a: Primarina|25/100 brn|[from] brn
|upkeep
|
|t:|1757909650
|switch|p1a: Kingambit|Kingambit, F, shiny|100/100
|-activate|p1a: Kingambit|ability: Supreme Overlord
|-start|p1a: Kingambit|fallen4|[silent]
|turn|14
|
|t:|1757909656
|move|p1a: Kingambit|Protect|p1a: Kingambit
|-singleturn|p1a: Kingambit|Protect
|move|p2a: Primarina|Sparkling Aria|p1a: Kingambit
|-activate|p1a: Kingambit|move: Protect
|
|-damage|p2a: Primarina|19/100 brn|[from] brn
|upkeep
|turn|15
|
|t:|1757909665
|move|p1a: Kingambit|Sucker Punch|p2a: Primarina
|-resisted|p2a: Primarina
|-damage|p2a: Primarina|0 fnt
|faint|p2a: Primarina
|-damage|p1a: Kingambit|91/100|[from] item: Life Orb
|
|upkeep
|
|t:|1757909671
|switch|p2a: Dragapult|Dragapult, M|100/100
|turn|16
|
|t:|1757909680
|-terastallize|p2a: Dragapult|Dark
|-terastallize|p1a: Kingambit|Fairy
|move|p2a: Dragapult|U-turn|p1a: Kingambit
|-resisted|p1a: Kingambit
|-damage|p1a: Kingambit|73/100
|move|p1a: Kingambit|Kowtow Cleave|p2a: Dragapult
|-resisted|p2a: Dragapult
|-damage|p2a: Dragapult|41/100
|-damage|p1a: Kingambit|63/100|[from] item: Life Orb
|
|upkeep
|turn|17
|
|t:|1757909694
|move|p1a: Kingambit|Sucker Punch|p2a: Dragapult
|-resisted|p2a: Dragapult
|-damage|p2a: Dragapult|0 fnt
|faint|p2a: Dragapult
|-damage|p1a: Kingambit|53/100|[from] item: Life Orb
|
|win|James1715
|raw|James1715's rating: 1192 &rarr; <strong>1213</strong><br />(+21 for winning)
|raw|HANDYARROW22's rating: 1138 &rarr; <strong>1117</strong><br />(-21 for losing)
|l|☆HANDYARROW22
|player|p2|
|c|☆James1715|Gg
