|j|‽harc
|j|☆Galaxyboy6474
|t:|1757837442
|gametype|singles
|player|p1|harc|lady|1314
|player|p2|Galaxyboy6474|psychic-gen4|1272
|gen|9
|tier|[Gen 9] OU
|rated|
|rule|HP Percentage Mod: HP is shown in percentages
|rule|Endless Battle Clause: Forcing endless battles is banned
|rule|Species Clause: Limit one of each Pokémon
|rule|OHKO Clause: OHKO moves are banned
|rule|Evasion Items Clause: Evasion items are banned
|rule|Evasion Moves Clause: Evasion moves are banned
|rule|Evasion Abilities Clause: Evasion abilities are banned
|rule|Sleep Moves Clause: Sleep-inducing moves are banned
|clearpoke
|poke|p1|Dachsbun, F|
|poke|p1|Dondozo, M|
|poke|p1|Corviknight, F|
|poke|p1|Goodra, M|
|poke|p1|Reuniclus, M|
|poke|p1|Toedscruel, F|
|poke|p2|Serperior, F|
|poke|p2|Glimmora, F|
|poke|p2|Kingambit, F|
|poke|p2|Zamazenta-*|
|poke|p2|Enamorus, F|
|poke|p2|Iron Crown|
|teampreview
|
|t:|1757837450
|teamsize|p1|6
|teamsize|p2|6
|start
|switch|p1a: Toedscruel|Toedscruel, F|100/100
|switch|p2a: Glimmora|Glimmora, F|100/100
|turn|1
|
|t:|1757837460
|move|p2a: Glimmora|Mortal Spin|p1a: Toedscruel
|-damage|p1a: Toedscruel|95/100
|-status|p1a: Toedscruel|psn
|move|p1a: Toedscruel|Light Screen|p1a: Toedscruel
|-sidestart|p1: harc|move: Light Screen
|
|-damage|p1a: Toedscruel|82/100 psn|[from] psn
|upkeep
|turn|2
|
|t:|1757837468
|move|p2a: Glimmora|Stealth Rock|p1a: Toedscruel
|-sidestart|p1: harc|move: Stealth Rock
|move|p1a: Toedscruel|Leech Seed|p2a: Glimmora
|-start|p2a: Glimmora|move: Leech Seed
|
|-damage|p2a: Glimmora|88/100|[from] Leech Seed|[of] p1a: Toedscruel
|-heal|p1a: Toedscruel|93/100 psn|[silent]
|-damage|p1a: Toedscruel|80/100 psn|[from] psn
|upkeep
|turn|3
|
|t:|1757837477
|move|p2a: Glimmora|Mortal Spin|p1a: Toedscruel
|-damage|p1a: Toedscruel|75/100 psn
|-end|p2a: Glimmora|Leech Seed|[from] move: Mortal Spin|[of] p2a: Glimmora
|move|p1a: Toedscruel|Rapid Spin|p2a: Glimmora
|-resisted|p2a: Glimmora
|-damage|p2a: Glimmora|83/100
|-boost|p1a: Toedscruel|spe|1
|-activate|p2a: Glimmora|ability: Toxic Debris
|-sidestart|p1: harc|move: Toxic Spikes
|-sideend|p1: harc|Toxic Spikes|[from] move: Rapid Spin|[of] p1a: Toedscruel
|-sideend|p1: harc|Stealth Rock|[from] move: Rapid Spin|[of] p1a: Toedscruel
|
|-damage|p1a: Toedscruel|63/100 psn|[from] psn
|upkeep
|turn|4
|
|t:|1757837499
|switch|p1a: Corviknight|Corviknight, F|100/100
|move|p2a: Glimmora|Stealth Rock|p1a: Corviknight
|-sidestart|p1: harc|move: Stealth Rock
|
|upkeep
|turn|5
|
|t:|1757837512
|switch|p2a: Iron Crown|Iron Crown|100/100
|move|p1a: Corviknight|Bulk Up|p1a: Corviknight
|-boost|p1a: Corviknight|atk|1
|-boost|p1a: Corviknight|def|1
|
|upkeep
|turn|6
|
|t:|1757837522
|move|p2a: Iron Crown|Focus Blast|p1a: Corviknight
|-damage|p1a: Corviknight|80/100
|move|p1a: Corviknight|Bulk Up|p1a: Corviknight
|-boost|p1a: Corviknight|atk|1
|-boost|p1a: Corviknight|def|1
|
|-heal|p1a: Corviknight|87/100|[from] item: Leftovers
|upkeep
|turn|7
|
|t:|1757837532
|move|p2a: Iron Crown|Focus Blast|p1a: Corviknight
|-damage|p1a: Corviknight|65/100
|move|p1a: Corviknight|Bulk Up|p1a: Corviknight
|-boost|p1a: Corviknight|atk|1
|-boost|p1a: Corviknight|def|1
|
|-heal|p1a: Corviknight|71/100|[from] item: Leftovers
|upkeep
|turn|8
|
|t:|1757837550
|-end|p2a: Iron Crown|Quark Drive|[silent]
|switch|p2a: Zamazenta|Zamazenta|100/100
|-ability|p2a: Zamazenta|Dauntless Shield|boost
|-boost|p2a: Zamazenta|def|1
|move|p1a: Corviknight|Power Trip|p2a: Zamazenta
|-resisted|p2a: Zamazenta
|-damage|p2a: Zamazenta|85/100
|
|-heal|p2a: Zamazenta|91/100|[from] item: Leftovers
|-heal|p1a: Corviknight|77/100|[from] item: Leftovers
|-sideend|p1: harc|move: Light Screen
|upkeep
|turn|9
|
|t:|1757837563
|move|p2a: Zamazenta|Iron Defense|p2a: Zamazenta
|-boost|p2a: Zamazenta|def|2
|move|p1a: Corviknight|Bulk Up|p1a: Corviknight
|-boost|p1a: Corviknight|atk|1
|-boost|p1a: Corviknight|def|1
|
|-heal|p2a: Zamazenta|97/100|[from] item: Leftovers
|-heal|p1a: Corviknight|84/100|[from] item: Leftovers
|upkeep
|turn|10
|
|t:|1757837576
|move|p2a: Zamazenta|Iron Defense|p2a: Zamazenta
|-boost|p2a: Zamazenta|def|2
|move|p1a: Corviknight|Roost|p1a: Corviknight
|-heal|p1a: Corviknight|100/100
|-singleturn|p1a: Corviknight|move: Roost
|
|-heal|p2a: Zamazenta|100/100|[from] item: Leftovers
|upkeep
|turn|11
|
|t:|1757837589
|move|p2a: Zamazenta|Body Press|p1a: Corviknight
|-damage|p1a: Corviknight|60/100
|move|p1a: Corviknight|Bulk Up|p1a: Corviknight
|-boost|p1a: Corviknight|atk|1
|-boost|p1a: Corviknight|def|1
|
|-heal|p1a: Corviknight|66/100|[from] item: Leftovers
|upkeep
|turn|12
|
|t:|1757837598
|move|p2a: Zamazenta|Iron Defense|p2a: Zamazenta
|-boost|p2a: Zamazenta|def|1
|move|p1a: Corviknight|Roost|p1a: Corviknight
|-heal|p1a: Corviknight|100/100
|-singleturn|p1a: Corviknight|move: Roost
|
|upkeep
|turn|13
|
|t:|1757837605
|move|p2a: Zamazenta|Body Press|p1a: Corviknight
|-damage|p1a: Corviknight|60/100
|move|p1a: Corviknight|Bulk Up|p1a: Corviknight
|-boost|p1a: Corviknight|atk|1
|-boost|p1a: Corviknight|def|1
|
|-heal|p1a: Corviknight|67/100|[from] item: Leftovers
|upkeep
|turn|14
|
|t:|1757837615
|move|p2a: Zamazenta|Body Press|p1a: Corviknight
|-damage|p1a: Corviknight|35/100
|move|p1a: Corviknight|Roost|p1a: Corviknight
|-heal|p1a: Corviknight|85/100
|-singleturn|p1a: Corviknight|move: Roost
|
|-heal|p1a: Corviknight|91/100|[from] item: Leftovers
|upkeep
|turn|15
|
|t:|1757837630
|move|p2a: Zamazenta|Body Press|p1a: Corviknight
|-damage|p1a: Corviknight|55/100
|move|p1a: Corviknight|Power Trip|p2a: Zamazenta
|-resisted|p2a: Zamazenta
|-damage|p2a: Zamazenta|83/100
|
|-heal|p2a: Zamazenta|89/100|[from] item: Leftovers
|-heal|p1a: Corviknight|61/100|[from] item: Leftovers
|upkeep
|turn|16
|
|t:|1757837640
|move|p2a: Zamazenta|Body Press|p1a: Corviknight
|-damage|p1a: Corviknight|26/100
|move|p1a: Corviknight|Roost|p1a: Corviknight
|-heal|p1a: Corviknight|76/100
|-singleturn|p1a: Corviknight|move: Roost
|
|-heal|p2a: Zamazenta|95/100|[from] item: Leftovers
|-heal|p1a: Corviknight|82/100|[from] item: Leftovers
|upkeep
|turn|17
|
|t:|1757837656
|-terastallize|p2a: Zamazenta|Fighting
|move|p2a: Zamazenta|Body Press|p1a: Corviknight
|-crit|p1a: Corviknight
|-damage|p1a: Corviknight|0 fnt
|faint|p1a: Corviknight
|
|-heal|p2a: Zamazenta|100/100|[from] item: Leftovers
|upkeep
|
|t:|1757837665
|switch|p1a: Dondozo|Dondozo, M|100/100
|-damage|p1a: Dondozo|88/100|[from] Stealth Rock
|turn|18
|
|t:|1757837671
|move|p2a: Zamazenta|Body Press|p1a: Dondozo
|-damage|p1a: Dondozo|63/100
|move|p1a: Dondozo|Curse|p1a: Dondozo
|-unboost|p1a: Dondozo|spe|1
|-boost|p1a: Dondozo|atk|1
|-boost|p1a: Dondozo|def|1
|
|-heal|p1a: Dondozo|69/100|[from] item: Leftovers
|upkeep
|turn|19
|
|t:|1757837683
|move|p2a: Zamazenta|Body Press|p1a: Dondozo
|-damage|p1a: Dondozo|52/100
|move|p1a: Dondozo|Body Press|p2a: Zamazenta
|-damage|p2a: Zamazenta|73/100
|
|-heal|p2a: Zamazenta|79/100|[from] item: Leftovers
|-heal|p1a: Dondozo|58/100|[from] item: Leftovers
|upkeep
|turn|20
|
|t:|1757837694
|move|p2a: Zamazenta|Body Press|p1a: Dondozo
|-damage|p1a: Dondozo|40/100
|move|p1a: Dondozo|Curse|p1a: Dondozo
|-unboost|p1a: Dondozo|spe|1
|-boost|p1a: Dondozo|atk|1
|-boost|p1a: Dondozo|def|1
|
|-heal|p2a: Zamazenta|85/100|[from] item: Leftovers
|-heal|p1a: Dondozo|46/100|[from] item: Leftovers
|upkeep
|turn|21
|
|t:|1757837709
|move|p2a: Zamazenta|Ice Fang|p1a: Dondozo
|-resisted|p1a: Dondozo
|-damage|p1a: Dondozo|44/100
|move|p1a: Dondozo|Body Press|p2a: Zamazenta
|-crit|p2a: Zamazenta
|-damage|p2a: Zamazenta|29/100
|
|-heal|p2a: Zamazenta|35/100|[from] item: Leftovers
|-heal|p1a: Dondozo|50/100|[from] item: Leftovers
|upkeep
|turn|22
|
|t:|1757837721
|move|p2a: Zamazenta|Body Press|p1a: Dondozo
|-damage|p1a: Dondozo|39/100
|move|p1a: Dondozo|Body Press|p2a: Zamazenta
|-damage|p2a: Zamazenta|0 fnt
|faint|p2a: Zamazenta
|
|-heal|p1a: Dondozo|45/100|[from] item: Leftovers
|upkeep
|
|t:|1757837730
|switch|p2a: Serperior|Serperior, F|100/100
|turn|23
|
|t:|1757837741
|switch|p1a: Goodra|Goodra, M|100/100
|-damage|p1a: Goodra|88/100|[from] Stealth Rock
|move|p2a: Serperior|Leaf Storm|p1a: Goodra
|-ability|p1a: Goodra|Sap Sipper|boost
|-boost|p1a: Goodra|atk|1
|
|upkeep
|turn|24
|
|t:|1757837751
|move|p2a: Serperior|Dragon Pulse|p1a: Goodra
|-supereffective|p1a: Goodra
|-damage|p1a: Goodra|75/100
|move|p1a: Goodra|Flamethrower|p2a: Serperior
|-supereffective|p2a: Serperior
|-damage|p2a: Serperior|52/100
|
|-heal|p2a: Serperior|59/100|[from] item: Leftovers
|upkeep
|turn|25
|
|t:|1757837770
|move|p2a: Serperior|Leech Seed|p1a: Goodra
|-ability|p1a: Goodra|Sap Sipper|boost
|-boost|p1a: Goodra|atk|1
|move|p1a: Goodra|Knock Off|p2a: Serperior
|-damage|p2a: Serperior|13/100
|-enditem|p2a: Serperior|Leftovers|[from] move: Knock Off|[of] p1a: Goodra
|
|upkeep
|turn|26
|
|t:|1757837787
|move|p2a: Serperior|Dragon Pulse|p1a: Goodra
|-supereffective|p1a: Goodra
|-damage|p1a: Goodra|64/100
|move|p1a: Goodra|Flamethrower|p2a: Serperior
|-supereffective|p2a: Serperior
|-damage|p2a: Serperior|0 fnt
|faint|p2a: Serperior
|
|upkeep
|
|t:|1757837795
|switch|p2a: Enamorus|Enamorus, F|100/100
|turn|27
|
|t:|1757837823
|move|p2a: Enamorus|Moonblast|p1a: Goodra
|-supereffective|p1a: Goodra
|-damage|p1a: Goodra|17/100
|move|p1a: Goodra|Ice Beam|p2a: Enamorus
|-supereffective|p2a: Enamorus
|-damage|p2a: Enamorus|44/100
|
|upkeep
|turn|28
|
|t:|1757837831
|move|p2a: Enamorus|Moonblast|p1a: Goodra
|-supereffective|p1a: Goodra
|-damage|p1a: Goodra|0 fnt
|faint|p1a: Goodra
|
|upkeep
|
|t:|1757837837
|switch|p1a: Toedscruel|Toedscruel, F|63/100 psn
|-damage|p1a: Toedscruel|57/100 psn|[from] Stealth Rock
|turn|29
|
|t:|1757837843
|move|p2a: Enamorus|Moonblast|p1a: Toedscruel
|-damage|p1a: Toedscruel|1/100 psn
|move|p1a: Toedscruel|Rapid Spin|p2a: Enamorus
|-damage|p2a: Enamorus|32/100
|-boost|p1a: Toedscruel|spe|1
|-sideend|p1: harc|Stealth Rock|[from] move: Rapid Spin|[of] p1a: Toedscruel
|
|-damage|p1a: Toedscruel|0 fnt|[from] psn
|faint|p1a: Toedscruel
|upkeep
|
|t:|1757837856
|switch|p1a: Dachsbun|Dachsbun, F|100/100
|turn|30
|
|t:|1757837862
|move|p2a: Enamorus|Moonblast|p1a: Dachsbun
|-damage|p1a: Dachsbun|7/100
|-unboost|p1a: Dachsbun|spa|1
|move|p1a: Dachsbun|Wish|p1a: Dachsbun
|
|-heal|p1a: Dachsbun|13/100|[from] item: Leftovers
|upkeep
|turn|31
|
|t:|1757837874
|-terastallize|p1a: Dachsbun|Steel
|move|p1a: Dachsbun|Protect|p1a: Dachsbun
|-singleturn|p1a: Dachsbun|Protect
|move|p2a: Enamorus|Moonblast|p1a: Dachsbun
|-activate|p1a: Dachsbun|move: Protect
|
|-heal|p1a: Dachsbun|63/100|[from] move: Wish|[wisher] Dachsbun
|-heal|p1a: Dachsbun|69/100|[from] item: Leftovers
|upkeep
|turn|32
|
|t:|1757837892
|switch|p2a: Glimmora|Glimmora, F|83/100
|move|p1a: Dachsbun|Wish|p1a: Dachsbun
|
|-heal|p1a: Dachsbun|75/100|[from] item: Leftovers
|upkeep
|turn|33
|
|t:|1757837900
|switch|p1a: Dondozo|Dondozo, M|45/100
|move|p2a: Glimmora|Earth Power|p1a: Dondozo
|-damage|p1a: Dondozo|13/100
|
|-heal|p1a: Dondozo|45/100|[from] move: Wish|[wisher] Dachsbun
|-heal|p1a: Dondozo|51/100|[from] item: Leftovers
|upkeep
|turn|34
|
|t:|1757837912
|switch|p1a: Reuniclus|Reuniclus, M|100/100
|move|p2a: Glimmora|Mortal Spin|p1a: Reuniclus
|-damage|p1a: Reuniclus|96/100
|-status|p1a: Reuniclus|psn
|
|-heal|p1a: Reuniclus|100/100 psn|[from] item: Leftovers
|upkeep
|turn|35
|
|t:|1757837926
|move|p2a: Glimmora|Power Gem|p1a: Reuniclus
|-damage|p1a: Reuniclus|65/100 psn
|move|p1a: Reuniclus|Psychic Noise|p2a: Glimmora
|-supereffective|p2a: Glimmora
|-damage|p2a: Glimmora|0 fnt
|faint|p2a: Glimmora
|
|-heal|p1a: Reuniclus|71/100 psn|[from] item: Leftovers
|upkeep
|
|t:|1757837939
|switch|p2a: Kingambit|Kingambit, F|100/100
|-activate|p2a: Kingambit|ability: Supreme Overlord
|-start|p2a: Kingambit|fallen3|[silent]
|turn|36
|
|t:|1757837947
|switch|p1a: Dondozo|Dondozo, M|51/100
|move|p2a: Kingambit|Swords Dance|p2a: Kingambit
|-boost|p2a: Kingambit|atk|2
|
|-heal|p1a: Dondozo|57/100|[from] item: Leftovers
|upkeep
|turn|37
|
|t:|1757837962
|move|p2a: Kingambit|Kowtow Cleave|p1a: Dondozo
|-damage|p1a: Dondozo|21/100
|move|p1a: Dondozo|Body Press|p2a: Kingambit
|-supereffective|p2a: Kingambit
|-damage|p2a: Kingambit|15/100
|
|-heal|p1a: Dondozo|27/100|[from] item: Leftovers
|upkeep
|turn|38
|
|t:|1757837971
|move|p2a: Kingambit|Kowtow Cleave|p1a: Dondozo
|-damage|p1a: Dondozo|0 fnt
|faint|p1a: Dondozo
|
|upkeep
|
|t:|1757837977
|switch|p1a: Dachsbun|Dachsbun, F, tera:Steel|75/100
|turn|39
|
|t:|1757837982
|move|p1a: Dachsbun|Protect|p1a: Dachsbun
|-singleturn|p1a: Dachsbun|Protect
|move|p2a: Kingambit|Kowtow Cleave|p1a: Dachsbun
|-activate|p1a: Dachsbun|move: Protect
|
|-heal|p1a: Dachsbun|81/100|[from] item: Leftovers
|upkeep
|turn|40
|
|t:|1757837992
|move|p1a: Dachsbun|Body Press|p2a: Kingambit
|-supereffective|p2a: Kingambit
|-damage|p2a: Kingambit|0 fnt
|faint|p2a: Kingambit
|-end|p2a: Kingambit|fallen3|[silent]
|
|-heal|p1a: Dachsbun|87/100|[from] item: Leftovers
|upkeep
|
|t:|1757838005
|switch|p2a: Iron Crown|Iron Crown|100/100
|turn|41
|
|t:|1757838009
|switch|p1a: Reuniclus|Reuniclus, M|71/100 psn
|move|p2a: Iron Crown|Focus Blast|p1a: Reuniclus
|-resisted|p1a: Reuniclus
|-damage|p1a: Reuniclus|44/100 psn
|
|-heal|p1a: Reuniclus|50/100 psn|[from] item: Leftovers
|upkeep
|turn|42
|
|t:|1757838019
|-end|p2a: Iron Crown|Quark Drive|[silent]
|switch|p2a: Enamorus|Enamorus, F|32/100
|move|p1a: Reuniclus|Calm Mind|p1a: Reuniclus
|-boost|p1a: Reuniclus|spa|1
|-boost|p1a: Reuniclus|spd|1
|
|-heal|p1a: Reuniclus|56/100 psn|[from] item: Leftovers
|upkeep
|turn|43
|
|t:|1757838028
|move|p2a: Enamorus|Earth Power|p1a: Reuniclus
|-damage|p1a: Reuniclus|30/100 psn
|move|p1a: Reuniclus|Recover|p1a: Reuniclus
|-heal|p1a: Reuniclus|80/100 psn
|
|-heal|p1a: Reuniclus|86/100 psn|[from] item: Leftovers
|upkeep
|turn|44
|
|t:|1757838037
|move|p2a: Enamorus|Earth Power|p1a: Reuniclus
|-damage|p1a: Reuniclus|59/100 psn
|move|p1a: Reuniclus|Calm Mind|p1a: Reuniclus
|-boost|p1a: Reuniclus|spa|1
|-boost|p1a: Reuniclus|spd|1
|
|-heal|p1a: Reuniclus|65/100 psn|[from] item: Leftovers
|upkeep
|turn|45
|
|t:|1757838046
|move|p2a: Enamorus|Earth Power|p1a: Reuniclus
|-damage|p1a: Reuniclus|43/100 psn
|move|p1a: Reuniclus|Recover|p1a: Reuniclus
|-heal|p1a: Reuniclus|93/100 psn
|
|-heal|p1a: Reuniclus|99/100 psn|[from] item: Leftovers
|upkeep
|turn|46
|
|t:|1757838054
|move|p2a: Enamorus|Earth Power|p1a: Reuniclus
|-damage|p1a: Reuniclus|79/100 psn
|move|p1a: Reuniclus|Psychic Noise|p2a: Enamorus
|-damage|p2a: Enamorus|0 fnt
|faint|p2a: Enamorus
|
|-heal|p1a: Reuniclus|85/100 psn|[from] item: Leftovers
|upkeep
|
|t:|1757838064
|switch|p2a: Iron Crown|Iron Crown|100/100
|turn|47
|
|t:|1757838070
|move|p2a: Iron Crown|Tachyon Cutter|p1a: Reuniclus
|-damage|p1a: Reuniclus|67/100 psn
|-damage|p1a: Reuniclus|48/100 psn
|-hitcount|p1a: Reuniclus|2
|move|p1a: Reuniclus|Shadow Ball|p2a: Iron Crown
|-supereffective|p2a: Iron Crown
|-damage|p2a: Iron Crown|5/100
|
|-heal|p1a: Reuniclus|54/100 psn|[from] item: Leftovers
|upkeep
|turn|48
|c|☆Galaxyboy6474|gg
|
|t:|1757838083
|move|p2a: Iron Crown|Tachyon Cutter|p1a: Reuniclus
|-damage|p1a: Reuniclus|37/100 psn
|-damage|p1a: Reuniclus|20/100 psn
|-hitcount|p1a: Reuniclus|2
|move|p1a: Reuniclus|Shadow Ball|p2a: Iron Crown
|-supereffective|p2a: Iron Crown
|-damage|p2a: Iron Crown|0 fnt
|faint|p2a: Iron Crown
|-end|p2a: Iron Crown|Quark Drive|[silent]
|
|win|harc
|raw|harc's rating: 1314 &rarr; <strong>1332</strong><br />(+18 for winning)
|raw|Galaxyboy6474's rating: 1272 &rarr; <strong>1250</strong><br />(-22 for losing)
|l|‽harc
|player|p1|
|l|☆Galaxyboy6474
|player|p2|
