|j|☆whichjuanz
|j|☆donatoroflove
|t:|1757795830
|gametype|singles
|player|p1|whichjuanz|hiker-gen4|1321
|player|p2|donatoroflove|169|1336
|gen|9
|tier|[Gen 9] OU
|rated|
|rule|HP Percentage Mod: HP is shown in percentages
|rule|Endless Battle Clause: Forcing endless battles is banned
|rule|Species Clause: Limit one of each Pokémon
|rule|OHKO Clause: OHKO moves are banned
|rule|Evasion Items Clause: Evasion items are banned
|rule|Evasion Moves Clause: Evasion moves are banned
|rule|Evasion Abilities Clause: Evasion abilities are banned
|rule|Sleep Moves Clause: Sleep-inducing moves are banned
|clearpoke
|poke|p1|Slaking, M|
|poke|p1|Goodra-Hisui, F|
|poke|p1|Trevenant, F|
|poke|p1|Ceruledge, F|
|poke|p1|Alomomola, F|
|poke|p1|Golurk|
|poke|p2|Scizor, M|
|poke|p2|Ogerpon-Wellspring, F|
|poke|p2|Glimmora, F|
|poke|p2|Greninja-*, M|
|poke|p2|Iron Treads|
|poke|p2|Dragapult, M|
|teampreview
|inactive|Battle timer is ON: inactive players will automatically lose when time's up. (requested by whichjuanz)
|inactive|whichjuanz has 120 seconds left.
|
|t:|1757795864
|teamsize|p1|6
|teamsize|p2|6
|start
|switch|p1a: Golurk|Golurk|100/100
|switch|p2a: Glimmora|Glimmora, F|100/100
|-item|p2a: Glimmora|Air Balloon
|turn|1
|
|t:|1757795873
|move|p2a: Glimmora|Stealth Rock|p1a: Golurk
|-sidestart|p1: whichjuanz|move: Stealth Rock
|move|p1a: Golurk|Dynamic Punch|p2a: Glimmora
|-damage|p2a: Glimmora|60/100
|-start|p2a: Glimmora|confusion
|-activate|p2a: Glimmora|ability: Toxic Debris
|-sidestart|p1: whichjuanz|move: Toxic Spikes
|-enditem|p2a: Glimmora|Air Balloon
|
|upkeep
|turn|2
|inactive|whichjuanz has 120 seconds left.
|
|t:|1757795912
|switch|p2a: Ogerpon|Ogerpon-Wellspring, F|100/100
|move|p1a: Golurk|Stealth Rock|p2a: Ogerpon
|-sidestart|p2: donatoroflove|move: Stealth Rock
|
|upkeep
|turn|3
|
|t:|1757795926
|move|p2a: Ogerpon|Ivy Cudgel|p1a: Golurk|[anim] Ivy Cudgel Water
|-supereffective|p1a: Golurk
|-enditem|p1a: Golurk|Focus Sash
|-damage|p1a: Golurk|1/100
|move|p1a: Golurk|Dynamic Punch|p2a: Ogerpon
|-damage|p2a: Ogerpon|48/100
|-start|p2a: Ogerpon|confusion
|
|upkeep
|turn|4
|
|t:|1757795951
|-activate|p2a: Ogerpon|confusion
|move|p2a: Ogerpon|Ivy Cudgel|p1a: Golurk|[anim] Ivy Cudgel Water
|-supereffective|p1a: Golurk
|-damage|p1a: Golurk|0 fnt
|faint|p1a: Golurk
|
|upkeep
|
|t:|1757795956
|switch|p1a: Goodra|Goodra-Hisui, F|100/100
|-damage|p1a: Goodra|94/100|[from] Stealth Rock
|turn|5
|
|t:|1757795969
|-activate|p2a: Ogerpon|confusion
|move|p2a: Ogerpon|Spikes|p1a: Goodra
|-sidestart|p1: whichjuanz|Spikes
|move|p1a: Goodra|Ice Beam|p2a: Ogerpon
|-damage|p2a: Ogerpon|9/100
|
|upkeep
|turn|6
|
|t:|1757795983
|-activate|p2a: Ogerpon|confusion
|move|p2a: Ogerpon|Ivy Cudgel|p1a: Goodra|[anim] Ivy Cudgel Water
|-resisted|p1a: Goodra
|-damage|p1a: Goodra|66/100
|move|p1a: Goodra|Ice Beam|p2a: Ogerpon
|-damage|p2a: Ogerpon|0 fnt
|faint|p2a: Ogerpon
|
|upkeep
|
|t:|1757795992
|switch|p2a: Glimmora|Glimmora, F|60/100
|-damage|p2a: Glimmora|48/100|[from] Stealth Rock
|turn|7
|
|t:|1757795998
|move|p2a: Glimmora|Earth Power|p1a: Goodra
|-supereffective|p1a: Goodra
|-damage|p1a: Goodra|44/100
|move|p1a: Goodra|Surf|p2a: Glimmora
|-supereffective|p2a: Glimmora
|-damage|p2a: Glimmora|0 fnt
|faint|p2a: Glimmora
|
|upkeep
|
|t:|1757796006
|switch|p2a: Dragapult|Dragapult, M|100/100
|-damage|p2a: Dragapult|88/100|[from] Stealth Rock
|turn|8
|
|t:|1757796015
|move|p2a: Dragapult|Dragon Darts|p1a: Goodra
|-damage|p1a: Goodra|16/100
|-anim|p2a: Dragapult|Dragon Darts|p1a: Goodra
|-damage|p1a: Goodra|0 fnt
|faint|p1a: Goodra
|-damage|p2a: Dragapult|78/100|[from] item: Life Orb
|
|upkeep
|inactive|whichjuanz has 120 seconds left.
|
|t:|1757796045
|switch|p1a: Ceruledge|Ceruledge, F|100/100
|-damage|p1a: Ceruledge|76/100|[from] Stealth Rock
|-item|p1a: Ceruledge|Air Balloon
|turn|9
|
|t:|1757796059
|move|p2a: Dragapult|Sucker Punch|p1a: Ceruledge
|-supereffective|p1a: Ceruledge
|-damage|p1a: Ceruledge|0 fnt
|-enditem|p1a: Ceruledge|Air Balloon
|faint|p1a: Ceruledge
|-damage|p2a: Dragapult|69/100|[from] item: Life Orb
|
|upkeep
|
|t:|1757796066
|switch|p1a: Slaking|Slaking, M|100/100
|-damage|p1a: Slaking|88/100|[from] Stealth Rock
|-status|p1a: Slaking|psn
|-damage|p1a: Slaking|76/100 psn|[from] Spikes
|turn|10
|
|t:|1757796077
|move|p2a: Dragapult|Dragon Dance|p2a: Dragapult
|-boost|p2a: Dragapult|atk|1
|-boost|p2a: Dragapult|spe|1
|move|p1a: Slaking|Knock Off|p2a: Dragapult
|-supereffective|p2a: Dragapult
|-damage|p2a: Dragapult|0 fnt
|-enditem|p2a: Dragapult|Life Orb|[from] move: Knock Off|[of] p1a: Slaking
|faint|p2a: Dragapult
|
|-damage|p1a: Slaking|63/100 psn|[from] psn
|upkeep
|
|t:|1757796101
|switch|p2a: Scizor|Scizor, M|100/100
|-damage|p2a: Scizor|88/100|[from] Stealth Rock
|turn|11
|inactive|donatoroflove has 120 seconds left.
|
|t:|1757796119
|switch|p1a: Alomomola|Alomomola, F|100/100
|-damage|p1a: Alomomola|88/100|[from] Stealth Rock
|-status|p1a: Alomomola|psn
|-damage|p1a: Alomomola|76/100 psn|[from] Spikes
|move|p2a: Scizor|X-Scissor|p1a: Alomomola
|-damage|p1a: Alomomola|37/100 psn
|-damage|p2a: Scizor|72/100|[from] item: Rocky Helmet|[of] p1a: Alomomola
|
|-damage|p1a: Alomomola|24/100 psn|[from] psn
|upkeep
|turn|12
|inactive|donatoroflove has 120 seconds left.
|
|t:|1757796132
|move|p2a: Scizor|X-Scissor|p1a: Alomomola
|-damage|p1a: Alomomola|0 fnt
|-damage|p2a: Scizor|55/100|[from] item: Rocky Helmet|[of] p1a: Alomomola
|faint|p1a: Alomomola
|
|upkeep
|
|t:|1757796134
|switch|p1a: Slaking|Slaking, M|63/100 psn
|-damage|p1a: Slaking|51/100 psn|[from] Stealth Rock
|-damage|p1a: Slaking|38/100 psn|[from] Spikes
|turn|13
|
|t:|1757796138
|move|p1a: Slaking|Knock Off|p2a: Scizor
|-damage|p2a: Scizor|0 fnt
|-enditem|p2a: Scizor|Choice Band|[from] move: Knock Off|[of] p1a: Slaking
|faint|p2a: Scizor
|
|-damage|p1a: Slaking|26/100 psn|[from] psn
|upkeep
|
|t:|1757796145
|switch|p2a: Greninja|Greninja, M|100/100
|-damage|p2a: Greninja|88/100|[from] Stealth Rock
|turn|14
|
|t:|1757796165
|move|p2a: Greninja|Ice Beam|p1a: Slaking
|-damage|p1a: Slaking|0 fnt
|faint|p1a: Slaking
|-ability|p2a: Greninja|Battle Bond|boost
|-boost|p2a: Greninja|atk|1
|-boost|p2a: Greninja|spa|1
|-boost|p2a: Greninja|spe|1
|-activate|p2a: Greninja|ability: Battle Bond
|
|upkeep
|
|t:|1757796166
|switch|p1a: Trevenant|Trevenant, F|100/100
|-damage|p1a: Trevenant|88/100|[from] Stealth Rock
|-status|p1a: Trevenant|psn
|-damage|p1a: Trevenant|76/100 psn|[from] Spikes
|turn|15
|
|t:|1757796173
|-terastallize|p1a: Trevenant|Steel
|move|p2a: Greninja|Dark Pulse|p1a: Trevenant
|-damage|p1a: Trevenant|34/100 psn
|-enditem|p1a: Trevenant|Sitrus Berry|[eat]
|-heal|p1a: Trevenant|59/100 psn|[from] item: Sitrus Berry
|cant|p1a: Trevenant|flinch
|
|-damage|p1a: Trevenant|46/100 psn|[from] psn
|upkeep
|turn|16
|-message|whichjuanz forfeited.
|
|win|donatoroflove
|raw|whichjuanz's rating: 1321 &rarr; <strong>1302</strong><br />(-19 for losing)
|raw|donatoroflove's rating: 1336 &rarr; <strong>1355</strong><br />(+19 for winning)
|l|☆whichjuanz
|player|p1|
|l|☆donatoroflove
|player|p2|
