|j|☆amacklai
|j|☆qwertyuioqpas
|t:|1757817249
|gametype|singles
|player|p1|amacklai|2|1055
|player|p2|qwertyuioqpas|nate|1107
|gen|9
|tier|[Gen 9] OU
|rated|
|rule|HP Percentage Mod: HP is shown in percentages
|rule|Endless Battle Clause: Forcing endless battles is banned
|rule|Species Clause: Limit one of each Pokémon
|rule|OHKO Clause: OHKO moves are banned
|rule|Evasion Items Clause: Evasion items are banned
|rule|Evasion Moves Clause: Evasion moves are banned
|rule|Evasion Abilities Clause: Evasion abilities are banned
|rule|Sleep Moves Clause: Sleep-inducing moves are banned
|clearpoke
|poke|p1|Oricorio-Sensu, F|
|poke|p1|Golem-Alola, M|
|poke|p1|Hawlucha, F|
|poke|p1|Alcremie, F|
|poke|p1|Komala, F|
|poke|p1|Dragapult, M|
|poke|p2|Torkoal, M|
|poke|p2|Venusaur, M|
|poke|p2|Hatterene, F|
|poke|p2|Walking Wake|
|poke|p2|Raging Bolt|
|poke|p2|Great Tusk|
|teampreview
|
|t:|1757817264
|teamsize|p1|6
|teamsize|p2|6
|start
|switch|p1a: Oricorio|Oricorio-Sensu, F, shiny|100/100
|switch|p2a: Torkoal|Torkoal, M|100/100
|-weather|SunnyDay|[from] ability: Drought|[of] p2a: Torkoal
|turn|1
|
|t:|1757817275
|move|p1a: Oricorio|Quiver Dance|p1a: Oricorio
|-boost|p1a: Oricorio|spa|1
|-boost|p1a: Oricorio|spd|1
|-boost|p1a: Oricorio|spe|1
|move|p2a: Torkoal|Stealth Rock|p1a: Oricorio
|-sidestart|p1: amacklai|move: Stealth Rock
|
|-weather|SunnyDay|[upkeep]
|upkeep
|turn|2
|
|t:|1757817285
|move|p1a: Oricorio|Quiver Dance|p1a: Oricorio
|-boost|p1a: Oricorio|spa|1
|-boost|p1a: Oricorio|spd|1
|-boost|p1a: Oricorio|spe|1
|move|p2a: Torkoal|Heat Wave|p1a: Oricorio
|-damage|p1a: Oricorio|55/100
|
|-weather|SunnyDay|[upkeep]
|-heal|p1a: Oricorio|61/100|[from] item: Leftovers
|upkeep
|turn|3
|
|t:|1757817302
|move|p1a: Oricorio|Revelation Dance|p2a: Torkoal
|-damage|p2a: Torkoal|0 fnt
|faint|p2a: Torkoal
|
|-weather|SunnyDay|[upkeep]
|-heal|p1a: Oricorio|67/100|[from] item: Leftovers
|upkeep
|
|t:|1757817312
|switch|p2a: Venusaur|Venusaur, M|100/100
|turn|4
|
|t:|1757817319
|-terastallize|p2a: Venusaur|Fire
|move|p1a: Oricorio|Hurricane|p2a: Venusaur
|-damage|p2a: Venusaur|0 fnt
|faint|p2a: Venusaur
|
|-weather|SunnyDay|[upkeep]
|-heal|p1a: Oricorio|73/100|[from] item: Leftovers
|upkeep
|
|t:|1757817329
|switch|p2a: Hatterene|Hatterene, F|100/100
|turn|5
|
|t:|1757817334
|move|p1a: Oricorio|Revelation Dance|p2a: Hatterene
|-supereffective|p2a: Hatterene
|-enditem|p2a: Hatterene|Focus Sash
|-damage|p2a: Hatterene|1/100
|move|p2a: Hatterene|Trick Room|p2a: Hatterene
|-fieldstart|move: Trick Room|[of] p2a: Hatterene
|
|-weather|SunnyDay|[upkeep]
|-heal|p1a: Oricorio|80/100|[from] item: Leftovers
|upkeep
|turn|6
|
|t:|1757817347
|move|p2a: Hatterene|Dazzling Gleam|p1a: Oricorio
|-damage|p1a: Oricorio|40/100
|move|p1a: Oricorio|Revelation Dance|p2a: Hatterene
|-supereffective|p2a: Hatterene
|-damage|p2a: Hatterene|0 fnt
|faint|p2a: Hatterene
|
|-weather|SunnyDay|[upkeep]
|-heal|p1a: Oricorio|47/100|[from] item: Leftovers
|upkeep
|
|t:|1757817358
|switch|p2a: Great Tusk|Great Tusk, shiny|100/100
|-activate|p2a: Great Tusk|ability: Protosynthesis
|-start|p2a: Great Tusk|protosynthesisatk
|turn|7
|
|t:|1757817366
|move|p2a: Great Tusk|Knock Off|p1a: Oricorio
|-supereffective|p1a: Oricorio
|-damage|p1a: Oricorio|0 fnt
|-enditem|p1a: Oricorio|Leftovers|[from] move: Knock Off|[of] p2a: Great Tusk
|faint|p1a: Oricorio
|
|-weather|SunnyDay|[upkeep]
|upkeep
|
|t:|1757817378
|switch|p1a: Komala|Komala, F|100/100
|-damage|p1a: Komala|88/100|[from] Stealth Rock
|-ability|p1a: Komala|Comatose
|turn|8
|
|t:|1757817386
|move|p1a: Komala|Rapid Spin|p2a: Great Tusk
|-damage|p2a: Great Tusk|83/100
|-boost|p1a: Komala|spe|1
|-sideend|p1: amacklai|Stealth Rock|[from] move: Rapid Spin|[of] p1a: Komala
|move|p2a: Great Tusk|Knock Off|p1a: Komala
|-damage|p1a: Komala|0 fnt
|-enditem|p1a: Komala|Assault Vest|[from] move: Knock Off|[of] p2a: Great Tusk
|faint|p1a: Komala
|
|-weather|none
|-end|p2a: Great Tusk|Protosynthesis
|upkeep
|
|t:|1757817397
|switch|p1a: Alcremie|Alcremie, F|100/100
|turn|9
|
|t:|1757817401
|move|p1a: Alcremie|Acid Armor|p1a: Alcremie
|-boost|p1a: Alcremie|def|2
|move|p2a: Great Tusk|Knock Off|p1a: Alcremie
|-resisted|p1a: Alcremie
|-damage|p1a: Alcremie|89/100
|-enditem|p1a: Alcremie|Leftovers|[from] move: Knock Off|[of] p2a: Great Tusk
|
|-fieldend|move: Trick Room
|upkeep
|turn|10
|
|t:|1757817413
|-end|p2a: Great Tusk|Protosynthesis|[silent]
|switch|p2a: Raging Bolt|Raging Bolt|100/100
|-enditem|p2a: Raging Bolt|Booster Energy
|-activate|p2a: Raging Bolt|ability: Protosynthesis|[fromitem]
|-start|p2a: Raging Bolt|protosynthesisspa
|move|p1a: Alcremie|Calm Mind|p1a: Alcremie
|-boost|p1a: Alcremie|spa|1
|-boost|p1a: Alcremie|spd|1
|
|upkeep
|turn|11
|
|t:|1757817425
|move|p2a: Raging Bolt|Draco Meteor|p1a: Alcremie
|-immune|p1a: Alcremie
|move|p1a: Alcremie|Calm Mind|p1a: Alcremie
|-boost|p1a: Alcremie|spa|1
|-boost|p1a: Alcremie|spd|1
|
|upkeep
|turn|12
|
|t:|1757817434
|move|p2a: Raging Bolt|Thunderbolt|p1a: Alcremie
|-damage|p1a: Alcremie|61/100
|move|p1a: Alcremie|Draining Kiss|p2a: Raging Bolt
|-supereffective|p2a: Raging Bolt
|-damage|p2a: Raging Bolt|43/100
|-heal|p1a: Alcremie|100/100|[from] drain|[of] p2a: Raging Bolt
|
|upkeep
|turn|13
|
|t:|1757817444
|move|p2a: Raging Bolt|Thunderbolt|p1a: Alcremie
|-damage|p1a: Alcremie|73/100
|move|p1a: Alcremie|Calm Mind|p1a: Alcremie
|-boost|p1a: Alcremie|spa|1
|-boost|p1a: Alcremie|spd|1
|
|upkeep
|turn|14
|
|t:|1757817453
|move|p2a: Raging Bolt|Thunderbolt|p1a: Alcremie
|-damage|p1a: Alcremie|47/100
|move|p1a: Alcremie|Draining Kiss|p2a: Raging Bolt
|-supereffective|p2a: Raging Bolt
|-damage|p2a: Raging Bolt|0 fnt
|-heal|p1a: Alcremie|89/100|[from] drain|[of] p2a: Raging Bolt
|faint|p2a: Raging Bolt
|-end|p2a: Raging Bolt|Protosynthesis|[silent]
|
|upkeep
|
|t:|1757817462
|switch|p2a: Great Tusk|Great Tusk, shiny|83/100
|turn|15
|
|t:|1757817466
|move|p2a: Great Tusk|Headlong Rush|p1a: Alcremie
|-damage|p1a: Alcremie|45/100
|-unboost|p2a: Great Tusk|def|1
|-unboost|p2a: Great Tusk|spd|1
|move|p1a: Alcremie|Draining Kiss|p2a: Great Tusk
|-supereffective|p2a: Great Tusk
|-damage|p2a: Great Tusk|0 fnt
|-heal|p1a: Alcremie|100/100|[from] drain|[of] p2a: Great Tusk
|faint|p2a: Great Tusk
|-end|p2a: Great Tusk|Protosynthesis|[silent]
|
|upkeep
|
|t:|1757817477
|switch|p2a: Walking Wake|Walking Wake|100/100
|turn|16
|
|t:|1757817484
|move|p2a: Walking Wake|Dragon Pulse|p1a: Alcremie
|-immune|p1a: Alcremie
|move|p1a: Alcremie|Draining Kiss|p2a: Walking Wake
|-supereffective|p2a: Walking Wake
|-damage|p2a: Walking Wake|0 fnt
|faint|p2a: Walking Wake
|-end|p2a: Walking Wake|Protosynthesis|[silent]
|
|win|amacklai
|raw|amacklai's rating: 1055 &rarr; <strong>1091</strong><br />(+36 for winning)
|raw|qwertyuioqpas's rating: 1107 &rarr; <strong>1078</strong><br />(-29 for losing)
|l|☆qwertyuioqpas
|player|p2|
|l|☆amacklai
|player|p1|
