|j|☆Superhjkdetective
|j|☆Lolproplayer
|t:|1757839695
|gametype|singles
|player|p1|Superhjkdetective|brock|1687
|player|p2|Lolproplayer|170|1651
|gen|9
|tier|[Gen 9] OU
|rated|
|rule|HP Percentage Mod: HP is shown in percentages
|rule|Endless Battle Clause: Forcing endless battles is banned
|rule|Species Clause: Limit one of each Pokémon
|rule|OHKO Clause: OHKO moves are banned
|rule|Evasion Items Clause: Evasion items are banned
|rule|Evasion Moves Clause: Evasion moves are banned
|rule|Evasion Abilities Clause: Evasion abilities are banned
|rule|Sleep Moves Clause: Sleep-inducing moves are banned
|clearpoke
|poke|p1|Darkrai|
|poke|p1|Landorus-Therian, M|
|poke|p1|Dragonite, F|
|poke|p1|Gholdengo|
|poke|p1|Samurott-Hisui, F|
|poke|p1|Scizor, F|
|poke|p2|Ursaluna, M|
|poke|p2|Cresselia, F|
|poke|p2|Iron Hands|
|poke|p2|Volcanion|
|poke|p2|Hatterene, F|
|poke|p2|Porygon2|
|teampreview
|inactive|Battle timer is ON: inactive players will automatically lose when time's up. (requested by Lolproplayer)
|j| heatraniac
|l| heatraniac
|j| vfdsfddfddfew
|
|t:|1757839720
|teamsize|p1|6
|teamsize|p2|6
|start
|switch|p1a: Darkrai|Darkrai|100/100
|switch|p2a: big mike|Iron Hands|100/100
|-enditem|p2a: big mike|Booster Energy
|-activate|p2a: big mike|ability: Quark Drive|[fromitem]
|-start|p2a: big mike|quarkdriveatk
|turn|1
|
|t:|1757839732
|switch|p1a: Gholdengo|Gholdengo|100/100
|move|p2a: big mike|Swords Dance|p2a: big mike
|-boost|p2a: big mike|atk|2
|
|upkeep
|turn|2
|
|t:|1757839740
|move|p1a: Gholdengo|Shadow Ball|p2a: big mike
|-damage|p2a: big mike|69/100
|move|p2a: big mike|Wild Charge|p1a: Gholdengo
|-damage|p1a: Gholdengo|13/100
|-damage|p2a: big mike|53/100|[from] Recoil
|
|upkeep
|turn|3
|
|t:|1757839747
|move|p1a: Gholdengo|Shadow Ball|p2a: big mike
|-damage|p2a: big mike|21/100
|move|p2a: big mike|Ice Punch|p1a: Gholdengo
|-resisted|p1a: Gholdengo
|-damage|p1a: Gholdengo|0 fnt
|faint|p1a: Gholdengo
|
|upkeep
|
|t:|1757839755
|switch|p1a: Scizor|Scizor, F|100/100
|turn|4
|
|t:|1757839760
|move|p1a: Scizor|U-turn|p2a: big mike
|-resisted|p2a: big mike
|-damage|p2a: big mike|4/100
|
|t:|1757839763
|switch|p1a: Landorus|Landorus-Therian, M|100/100|[from] U-turn
|-ability|p1a: Landorus|Intimidate|boost
|-unboost|p2a: big mike|atk|1
|move|p2a: big mike|Drain Punch|p1a: Landorus
|-resisted|p1a: Landorus
|-damage|p1a: Landorus|55/100
|-heal|p2a: big mike|21/100|[from] drain|[of] p1a: Landorus
|-damage|p2a: big mike|4/100|[from] item: Rocky Helmet|[of] p1a: Landorus
|
|upkeep
|turn|5
|
|t:|1757839779
|-end|p2a: big mike|Quark Drive|[silent]
|switch|p2a: Moonboy|Cresselia, F, shiny|100/100
|move|p1a: Landorus|Earth Power|p2a: Moonboy
|-immune|p2a: Moonboy|[from] ability: Levitate
|
|upkeep
|turn|6
|
|t:|1757839784
|move|p1a: Landorus|Stealth Rock|p2a: Moonboy
|-sidestart|p2: Lolproplayer|move: Stealth Rock
|move|p2a: Moonboy|Trick Room|p2a: Moonboy
|-fieldstart|move: Trick Room|[of] p2a: Moonboy
|
|upkeep
|turn|7
|
|t:|1757839805
|switch|p2a: Neckless|Porygon2|100/100
|-damage|p2a: Neckless|88/100|[from] Stealth Rock
|-ability|p2a: Neckless|Download|boost
|-boost|p2a: Neckless|spa|1
|switch|p1a: Scizor|Scizor, F|100/100
|
|upkeep
|turn|8
|
|t:|1757839816
|switch|p2a: Molester|Volcanion|100/100
|-damage|p2a: Molester|75/100|[from] Stealth Rock
|move|p1a: Scizor|U-turn|p2a: Molester
|-resisted|p2a: Molester
|-damage|p2a: Molester|52/100
|
|t:|1757839832
|switch|p1a: Samurott|Samurott-Hisui, F|100/100|[from] U-turn
|
|upkeep
|turn|9
|
|t:|1757839837
|move|p2a: Molester|Steam Eruption|p1a: Samurott
|-resisted|p1a: Samurott
|-damage|p1a: Samurott|32/100
|move|p1a: Samurott|Ceaseless Edge|p2a: Molester
|-damage|p2a: Molester|16/100
|-sidestart|p2: Lolproplayer|Spikes
|
|upkeep
|turn|10
|inactive|Superhjkdetective has 120 seconds left.
|
|t:|1757839875
|move|p2a: Molester|Steam Eruption|p1a: Samurott
|-resisted|p1a: Samurott
|-damage|p1a: Samurott|0 fnt
|faint|p1a: Samurott
|
|-fieldend|move: Trick Room
|upkeep
|
|t:|1757839892
|switch|p1a: Darkrai|Darkrai|100/100
|turn|11
|
|t:|1757839896
|move|p1a: Darkrai|Dark Pulse|p2a: Molester
|-damage|p2a: Molester|0 fnt
|faint|p2a: Molester
|
|upkeep
|
|t:|1757839916
|switch|p2a: Moonboy|Cresselia, F, shiny|100/100
|-damage|p2a: Moonboy|88/100|[from] Stealth Rock
|turn|12
|
|t:|1757839920
|move|p1a: Darkrai|Dark Pulse|p2a: Moonboy
|-supereffective|p2a: Moonboy
|-damage|p2a: Moonboy|23/100
|move|p2a: Moonboy|Trick Room|p2a: Moonboy
|-fieldstart|move: Trick Room|[of] p2a: Moonboy
|
|upkeep
|turn|13
|
|t:|1757839934
|switch|p1a: Scizor|Scizor, F|100/100
|move|p2a: Moonboy|Lunar Dance|p2a: Moonboy
|faint|p2a: Moonboy
|
|upkeep
|j| Ctannn
|
|t:|1757839945
|switch|p2a: big mike|Iron Hands|4/100
|-heal|p2a: big mike|100/100|[from] move: Lunar Dance
|-damage|p2a: big mike|94/100|[from] Stealth Rock
|-damage|p2a: big mike|82/100|[from] Spikes
|turn|14
|
|t:|1757839959
|move|p2a: big mike|Swords Dance|p2a: big mike
|-boost|p2a: big mike|atk|2
|move|p1a: Scizor|U-turn|p2a: big mike
|-resisted|p2a: big mike
|-damage|p2a: big mike|63/100
|
|t:|1757839962
|switch|p1a: Landorus|Landorus-Therian, M|55/100|[from] U-turn
|-ability|p1a: Landorus|Intimidate|boost
|-unboost|p2a: big mike|atk|1
|
|upkeep
|turn|15
|
|t:|1757839975
|switch|p1a: Scizor|Scizor, F|100/100
|move|p2a: big mike|Ice Punch|p1a: Scizor
|-resisted|p1a: Scizor
|-damage|p1a: Scizor|74/100
|
|upkeep
|turn|16
|
|t:|1757839989
|move|p2a: big mike|Wild Charge|p1a: Scizor
|-damage|p1a: Scizor|0 fnt
|faint|p1a: Scizor
|-damage|p2a: big mike|52/100|[from] Recoil
|
|-fieldend|move: Trick Room
|upkeep
|
|t:|1757840002
|switch|p1a: Landorus|Landorus-Therian, M|55/100
|-ability|p1a: Landorus|Intimidate|boost
|-unboost|p2a: big mike|atk|1
|turn|17
|
|t:|1757840017
|-terastallize|p2a: big mike|Flying
|move|p1a: Landorus|Earth Power|p2a: big mike
|-immune|p2a: big mike
|move|p2a: big mike|Ice Punch|p1a: Landorus
|-supereffective|p1a: Landorus
|-damage|p1a: Landorus|0 fnt
|-damage|p2a: big mike|35/100|[from] item: Rocky Helmet|[of] p1a: Landorus
|faint|p1a: Landorus
|
|upkeep
|
|t:|1757840027
|switch|p1a: Darkrai|Darkrai|100/100
|turn|18
|
|t:|1757840038
|-end|p2a: big mike|Quark Drive|[silent]
|switch|p2a: Neckless|Porygon2|88/100
|-damage|p2a: Neckless|76/100|[from] Stealth Rock
|-damage|p2a: Neckless|64/100|[from] Spikes
|-ability|p2a: Neckless|Download|boost
|-boost|p2a: Neckless|spa|1
|move|p1a: Darkrai|Ice Beam|p2a: Neckless
|-damage|p2a: Neckless|43/100
|
|upkeep
|turn|19
|
|t:|1757840047
|move|p1a: Darkrai|Focus Blast|p2a: Neckless
|-supereffective|p2a: Neckless
|-damage|p2a: Neckless|0 fnt
|faint|p2a: Neckless
|
|upkeep
|
|t:|1757840058
|switch|p2a: queer|Hatterene, F|100/100
|-damage|p2a: queer|88/100|[from] Stealth Rock
|-damage|p2a: queer|76/100|[from] Spikes
|turn|20
|
|t:|1757840063
|move|p1a: Darkrai|Sludge Bomb|p2a: queer
|-supereffective|p2a: queer
|-damage|p2a: queer|0 fnt
|faint|p2a: queer
|
|upkeep
|
|t:|1757840070
|switch|p2a: AssFrasser|Ursaluna, M|100/100
|-damage|p2a: AssFrasser|94/100|[from] Stealth Rock
|-damage|p2a: AssFrasser|82/100|[from] Spikes
|turn|21
|
|t:|1757840075
|move|p2a: AssFrasser|Protect|p2a: AssFrasser
|-singleturn|p2a: AssFrasser|Protect
|move|p1a: Darkrai|Ice Beam|p2a: AssFrasser
|-activate|p2a: AssFrasser|move: Protect
|
|-status|p2a: AssFrasser|brn|[from] item: Flame Orb
|upkeep
|turn|22
|
|t:|1757840083
|move|p1a: Darkrai|Ice Beam|p2a: AssFrasser
|-supereffective|p2a: AssFrasser
|-damage|p2a: AssFrasser|7/100 brn
|move|p2a: AssFrasser|Facade|p1a: Darkrai
|-damage|p1a: Darkrai|0 fnt
|faint|p1a: Darkrai
|
|-damage|p2a: AssFrasser|1/100 brn|[from] brn
|upkeep
|c|☆Superhjkdetective|Gg
|
|t:|1757840089
|switch|p1a: Dragonite|Dragonite, F|100/100
|turn|23
|
|t:|1757840094
|move|p1a: Dragonite|Extreme Speed|p2a: AssFrasser
|-damage|p2a: AssFrasser|0 fnt
|faint|p2a: AssFrasser
|
|upkeep
|
|t:|1757840098
|switch|p2a: big mike|Iron Hands, tera:Flying|35/100
|-damage|p2a: big mike|10/100|[from] Stealth Rock
|turn|24
|
|t:|1757840102
|move|p1a: Dragonite|Extreme Speed|p2a: big mike
|-damage|p2a: big mike|0 fnt
|faint|p2a: big mike
|-end|p2a: big mike|Quark Drive|[silent]
|
|win|Superhjkdetective
|raw|Superhjkdetective's rating: 1687 &rarr; <strong>1705</strong><br />(+18 for winning)
|raw|Lolproplayer's rating: 1651 &rarr; <strong>1633</strong><br />(-18 for losing)
|l| vfdsfddfddfew
|l|☆Lolproplayer
|player|p2|
|l|☆Superhjkdetective
|player|p1|
