|j|☆WoHdd
|j|☆Hittite Jumpscare
|t:|1757926626
|gametype|singles
|player|p1|WoHdd|red|1482
|player|p2|Hittite Jumpscare|nate|1516
|gen|9
|tier|[Gen 9] OU
|rated|
|rule|HP Percentage Mod: HP is shown in percentages
|rule|Endless Battle Clause: Forcing endless battles is banned
|rule|Species Clause: Limit one of each Pokémon
|rule|OHKO Clause: OHKO moves are banned
|rule|Evasion Items Clause: Evasion items are banned
|rule|Evasion Moves Clause: Evasion moves are banned
|rule|Evasion Abilities Clause: Evasion abilities are banned
|rule|Sleep Moves Clause: Sleep-inducing moves are banned
|clearpoke
|poke|p1|Armarouge, F|
|poke|p1|Indeedee, M|
|poke|p1|Hatterene, F|
|poke|p1|Polteageist|
|poke|p1|Iron Valiant|
|poke|p1|Cinderace, M|
|poke|p2|Indeedee, M|
|poke|p2|Clefable, F|
|poke|p2|Corviknight, F|
|poke|p2|Great Tusk|
|poke|p2|Samurott-Hisui, F|
|poke|p2|Pecharunt|
|teampreview
|inactive|Battle timer is ON: inactive players will automatically lose when time's up. (requested by Hittite Jumpscare)
|
|t:|1757926638
|teamsize|p1|6
|teamsize|p2|6
|start
|switch|p1a: Cinderace|Cinderace, M|100/100
|switch|p2a: Samurott|Samurott-Hisui, F|100/100
|turn|1
|j| isaac_lmaoo
|
|t:|1757926647
|move|p2a: Samurott|Aqua Cutter|p1a: Cinderace
|-supereffective|p1a: Cinderace
|-damage|p1a: Cinderace|0 fnt
|faint|p1a: Cinderace
|
|upkeep
|
|t:|1757926660
|switch|p1a: Indeedee|Indeedee, M|100/100
|-fieldstart|move: Psychic Terrain|[from] ability: Psychic Surge|[of] p1a: Indeedee
|turn|2
|
|t:|1757926671
|switch|p2a: Corviknight|Corviknight, F|100/100
|-ability|p2a: Corviknight|Pressure
|switch|p1a: Hatterene|Hatterene, F, shiny|100/100
|
|upkeep
|turn|3
|
|t:|1757926678
|move|p2a: Corviknight|U-turn|p1a: Hatterene
|-damage|p1a: Hatterene|88/100
|-enditem|p1a: Hatterene|Eject Button
|
|t:|1757926682
|switch|p1a: Polteageist|Polteageist, shiny|100/100
|
|upkeep
|turn|4
|
|t:|1757926688
|move|p1a: Polteageist|Shell Smash|p1a: Polteageist
|-unboost|p1a: Polteageist|def|1
|-unboost|p1a: Polteageist|spd|1
|-boost|p1a: Polteageist|atk|2
|-boost|p1a: Polteageist|spa|2
|-boost|p1a: Polteageist|spe|2
|move|p2a: Corviknight|U-turn|p1a: Polteageist
|-resisted|p1a: Polteageist
|-damage|p1a: Polteageist|80/100
|-ability|p1a: Polteageist|Weak Armor|boost
|-unboost|p1a: Polteageist|def|1
|-boost|p1a: Polteageist|spe|2
|
|t:|1757926693
|switch|p2a: Indeedee|Indeedee, M|100/100|[from] U-turn
|
|upkeep
|turn|5
|
|t:|1757926703
|move|p1a: Polteageist|Stored Power|p2a: Indeedee
|-resisted|p2a: Indeedee
|-damage|p2a: Indeedee|0 fnt
|faint|p2a: Indeedee
|
|upkeep
|
|t:|1757926706
|switch|p2a: Samurott|Samurott-Hisui, F|100/100
|turn|6
|
|t:|1757926712
|switch|p2a: Pecharunt|Pecharunt|100/100
|-terastallize|p1a: Polteageist|Fighting
|move|p1a: Polteageist|Tera Blast|p2a: Pecharunt|[anim] Tera Blast Fighting
|-immune|p2a: Pecharunt
|
|upkeep
|turn|7
|
|t:|1757926720
|-terastallize|p2a: Pecharunt|Dark
|move|p1a: Polteageist|Shadow Ball|p2a: Pecharunt
|-resisted|p2a: Pecharunt
|-damage|p2a: Pecharunt|56/100
|move|p2a: Pecharunt|Malignant Chain|p1a: Polteageist
|-damage|p1a: Polteageist|26/100
|-status|p1a: Polteageist|tox
|-start|p1a: Polteageist|confusion|[from] ability: Poison Puppeteer|[of] p2a: Pecharunt
|
|-damage|p1a: Polteageist|20/100 tox|[from] psn
|upkeep
|turn|8
|
|t:|1757926734
|switch|p2a: Clefable|Clefable, F|100/100
|-activate|p1a: Polteageist|confusion
|move|p1a: Polteageist|Tera Blast|p2a: Clefable|[anim] Tera Blast Fighting
|-resisted|p2a: Clefable
|-damage|p2a: Clefable|70/100
|
|-heal|p2a: Clefable|76/100|[from] item: Leftovers
|-damage|p1a: Polteageist|8/100 tox|[from] psn
|upkeep
|turn|9
|
|t:|1757926745
|switch|p2a: Samurott|Samurott-Hisui, F|100/100
|-activate|p1a: Polteageist|confusion
|move|p1a: Polteageist|Shadow Ball|p2a: Samurott
|-resisted|p2a: Samurott
|-damage|p2a: Samurott|37/100
|
|-damage|p1a: Polteageist|0 fnt|[from] psn
|faint|p1a: Polteageist
|-fieldend|move: Psychic Terrain
|upkeep
|
|t:|1757926756
|switch|p1a: Indeedee|Indeedee, M|100/100
|-fieldstart|move: Psychic Terrain|[from] ability: Psychic Surge|[of] p1a: Indeedee
|turn|10
|
|t:|1757926764
|switch|p1a: Hatterene|Hatterene, F, shiny|88/100
|move|p2a: Samurott|Ceaseless Edge|p1a: Hatterene
|-damage|p1a: Hatterene|55/100
|-sidestart|p1: WoHdd|Spikes
|
|upkeep
|turn|11
|
|t:|1757926774
|switch|p2a: Corviknight|Corviknight, F|100/100
|-ability|p2a: Corviknight|Pressure
|move|p1a: Hatterene|Dazzling Gleam|p2a: Corviknight
|-resisted|p2a: Corviknight
|-damage|p2a: Corviknight|82/100
|
|-heal|p2a: Corviknight|88/100|[from] item: Leftovers
|upkeep
|turn|12
|
|t:|1757926784
|move|p2a: Corviknight|U-turn|p1a: Hatterene
|-damage|p1a: Hatterene|44/100
|
|t:|1757926788
|switch|p2a: Samurott|Samurott-Hisui, F|37/100|[from] U-turn
|move|p1a: Hatterene|Nuzzle|p2a: Samurott
|-supereffective|p2a: Samurott
|-damage|p2a: Samurott|28/100
|-status|p2a: Samurott|par
|
|upkeep
|turn|13
|
|t:|1757926797
|move|p2a: Samurott|Ceaseless Edge|p1a: Hatterene
|-damage|p1a: Hatterene|10/100
|-sidestart|p1: WoHdd|Spikes
|move|p1a: Hatterene|Dazzling Gleam|p2a: Samurott
|-supereffective|p2a: Samurott
|-damage|p2a: Samurott|0 fnt
|faint|p2a: Samurott
|
|upkeep
|
|t:|1757926811
|switch|p2a: Great Tusk|Great Tusk|100/100
|turn|14
|
|t:|1757926816
|move|p2a: Great Tusk|Rapid Spin|p1a: Hatterene
|-damage|p1a: Hatterene|0 fnt
|-boost|p2a: Great Tusk|spe|1
|faint|p1a: Hatterene
|
|upkeep
|
|t:|1757926826
|switch|p1a: Armarouge|Armarouge, F, shiny|100/100
|-damage|p1a: Armarouge|84/100|[from] Spikes
|turn|15
|
|t:|1757926830
|move|p1a: Armarouge|Endure|p1a: Armarouge
|-singleturn|p1a: Armarouge|move: Endure
|move|p2a: Great Tusk|Headlong Rush|p1a: Armarouge
|-supereffective|p1a: Armarouge
|-activate|p1a: Armarouge|move: Endure
|-damage|p1a: Armarouge|1/100
|-unboost|p2a: Great Tusk|def|1
|-unboost|p2a: Great Tusk|spd|1
|-ability|p1a: Armarouge|Weak Armor|boost
|-unboost|p1a: Armarouge|def|1
|-boost|p1a: Armarouge|spe|2
|
|upkeep
|turn|16
|
|t:|1757926842
|move|p1a: Armarouge|Expanding Force|p2a: Great Tusk
|-supereffective|p2a: Great Tusk
|-damage|p2a: Great Tusk|0 fnt
|faint|p2a: Great Tusk
|-end|p2a: Great Tusk|Protosynthesis|[silent]
|
|upkeep
|
|t:|1757926844
|switch|p2a: Pecharunt|Pecharunt, tera:Dark|56/100
|turn|17
|
|t:|1757926851
|move|p1a: Armarouge|Aura Sphere|p2a: Pecharunt
|-supereffective|p2a: Pecharunt
|-damage|p2a: Pecharunt|0 fnt
|faint|p2a: Pecharunt
|
|-fieldend|move: Psychic Terrain
|upkeep
|
|t:|1757926855
|switch|p2a: Clefable|Clefable, F|76/100
|turn|18
|
|t:|1757926861
|move|p1a: Armarouge|Armor Cannon|p2a: Clefable
|-crit|p2a: Clefable
|-damage|p2a: Clefable|4/100
|-unboost|p1a: Armarouge|def|1
|-unboost|p1a: Armarouge|spd|1
|move|p2a: Clefable|Knock Off|p1a: Armarouge
|-supereffective|p1a: Armarouge
|-damage|p1a: Armarouge|0 fnt
|-enditem|p1a: Armarouge|Focus Sash|[from] move: Knock Off|[of] p2a: Clefable
|faint|p1a: Armarouge
|
|-heal|p2a: Clefable|10/100|[from] item: Leftovers
|upkeep
|
|t:|1757926875
|switch|p1a: Indeedee|Indeedee, M|100/100
|-damage|p1a: Indeedee|84/100|[from] Spikes
|-fieldstart|move: Psychic Terrain|[from] ability: Psychic Surge|[of] p1a: Indeedee
|turn|19
|
|t:|1757926881
|switch|p2a: Corviknight|Corviknight, F|88/100
|-ability|p2a: Corviknight|Pressure
|move|p1a: Indeedee|Expanding Force|p2a: Corviknight
|-resisted|p2a: Corviknight
|-damage|p2a: Corviknight|53/100
|
|-heal|p2a: Corviknight|59/100|[from] item: Leftovers
|upkeep
|turn|20
|
|t:|1757926890
|move|p1a: Indeedee|Expanding Force|p2a: Corviknight
|-resisted|p2a: Corviknight
|-damage|p2a: Corviknight|22/100
|move|p2a: Corviknight|Iron Defense|p2a: Corviknight
|-boost|p2a: Corviknight|def|2
|
|-heal|p2a: Corviknight|28/100|[from] item: Leftovers
|upkeep
|turn|21
|
|t:|1757926899
|move|p1a: Indeedee|Expanding Force|p2a: Corviknight
|-resisted|p2a: Corviknight
|-damage|p2a: Corviknight|0 fnt
|faint|p2a: Corviknight
|
|upkeep
|
|t:|1757926901
|switch|p2a: Clefable|Clefable, F|10/100
|turn|22
|c|☆Hittite Jumpscare|gg
|
|t:|1757926906
|move|p1a: Indeedee|Expanding Force|p2a: Clefable
|-damage|p2a: Clefable|0 fnt
|faint|p2a: Clefable
|
|win|WoHdd
|raw|WoHdd's rating: 1482 &rarr; <strong>1504</strong><br />(+22 for winning)
|raw|Hittite Jumpscare's rating: 1516 &rarr; <strong>1494</strong><br />(-22 for losing)
|l|☆Hittite Jumpscare
|player|p2|
|l| isaac_lmaoo
