|j|‽ncdr
|j|☆EdgingCeaselesslly
|t:|1757828429
|gametype|singles
|player|p1|ncdr|flannery|1495
|player|p2|EdgingCeaselesslly|265|1609
|gen|9
|tier|[Gen 9] OU
|rated|
|rule|HP Percentage Mod: HP is shown in percentages
|rule|Endless Battle Clause: Forcing endless battles is banned
|rule|Species Clause: Limit one of each Pokémon
|rule|OHKO Clause: OHKO moves are banned
|rule|Evasion Items Clause: Evasion items are banned
|rule|Evasion Moves Clause: Evasion moves are banned
|rule|Evasion Abilities Clause: Evasion abilities are banned
|rule|Sleep Moves Clause: Sleep-inducing moves are banned
|clearpoke
|poke|p1|Hydreigon, F|
|poke|p1|Great Tusk|
|poke|p1|Tyranitar, F|
|poke|p1|Moltres|
|poke|p1|Ninetales-Alola, M|
|poke|p1|Kingambit, F|
|poke|p2|Landorus-Therian, M|
|poke|p2|Samurott-Hisui, M|
|poke|p2|Scizor, M|
|poke|p2|Latios, M|
|poke|p2|Zamazenta-*|
|poke|p2|Pecharunt|
|teampreview
|
|t:|1757828454
|teamsize|p1|6
|teamsize|p2|6
|start
|switch|p1a: Hydreigon|Hydreigon, F|100/100
|switch|p2a: Landorus|Landorus-Therian, M|100/100
|-ability|p2a: Landorus|Intimidate|boost
|-unboost|p1a: Hydreigon|atk|1
|turn|1
|
|t:|1757828464
|switch|p2a: Samurott|Samurott-Hisui, M|100/100
|-terastallize|p1a: Hydreigon|Poison
|move|p1a: Hydreigon|Nasty Plot|p1a: Hydreigon
|-boost|p1a: Hydreigon|spa|2
|
|upkeep
|turn|2
|
|t:|1757828474
|move|p1a: Hydreigon|Dark Pulse|p2a: Samurott
|-resisted|p2a: Samurott
|-damage|p2a: Samurott|65/100
|cant|p2a: Samurott|flinch
|
|upkeep
|turn|3
|
|t:|1757828478
|move|p1a: Hydreigon|Dark Pulse|p2a: Samurott
|-resisted|p2a: Samurott
|-damage|p2a: Samurott|27/100
|move|p2a: Samurott|Ceaseless Edge|p1a: Hydreigon
|-damage|p1a: Hydreigon|48/100
|-sidestart|p1: ncdr|Spikes
|
|-heal|p1a: Hydreigon|54/100|[from] item: Leftovers
|upkeep
|turn|4
|
|t:|1757828489
|move|p2a: Samurott|Aqua Jet|p1a: Hydreigon
|-damage|p1a: Hydreigon|34/100
|move|p1a: Hydreigon|Dark Pulse|p2a: Samurott
|-resisted|p2a: Samurott
|-damage|p2a: Samurott|0 fnt
|faint|p2a: Samurott
|
|-heal|p1a: Hydreigon|40/100|[from] item: Leftovers
|upkeep
|
|t:|1757828502
|switch|p2a: Scizor|Scizor, M|100/100
|turn|5
|
|t:|1757828522
|move|p2a: Scizor|Bullet Punch|p1a: Hydreigon
|-damage|p1a: Hydreigon|7/100
|move|p1a: Hydreigon|Flamethrower|p2a: Scizor
|-supereffective|p2a: Scizor
|-damage|p2a: Scizor|0 fnt
|faint|p2a: Scizor
|
|-heal|p1a: Hydreigon|13/100|[from] item: Leftovers
|upkeep
|
|t:|1757828530
|switch|p2a: Zamazenta|Zamazenta|100/100
|-ability|p2a: Zamazenta|Dauntless Shield|boost
|-boost|p2a: Zamazenta|def|1
|turn|6
|
|t:|1757828536
|move|p2a: Zamazenta|Body Press|p1a: Hydreigon
|-resisted|p1a: Hydreigon
|-damage|p1a: Hydreigon|0 fnt
|faint|p1a: Hydreigon
|
|upkeep
|
|t:|1757828539
|switch|p1a: Moltres|Moltres|100/100
|turn|7
|
|t:|1757828547
|switch|p2a: Latios|Latios, M|100/100
|move|p1a: Moltres|Air Slash|p2a: Latios
|-damage|p2a: Latios|67/100
|
|upkeep
|turn|8
|
|t:|1757828575
|switch|p1a: Tyranitar|Tyranitar, F|100/100
|-damage|p1a: Tyranitar|88/100|[from] Spikes
|-weather|Sandstorm|[from] ability: Sand Stream|[of] p1a: Tyranitar
|move|p2a: Latios|Calm Mind|p2a: Latios
|-boost|p2a: Latios|spa|1
|-boost|p2a: Latios|spd|1
|
|-weather|Sandstorm|[upkeep]
|-damage|p2a: Latios|61/100|[from] Sandstorm
|-heal|p1a: Tyranitar|94/100|[from] item: Leftovers
|upkeep
|turn|9
|inactive|Battle timer is ON: inactive players will automatically lose when time's up. (requested by ncdr)
|
|t:|1757828605
|switch|p2a: Landorus|Landorus-Therian, M|100/100
|-ability|p2a: Landorus|Intimidate|boost
|-unboost|p1a: Tyranitar|atk|1
|move|p1a: Tyranitar|Knock Off|p2a: Landorus
|-damage|p2a: Landorus|74/100
|-damage|p1a: Tyranitar|78/100|[from] item: Rocky Helmet|[of] p2a: Landorus
|-enditem|p2a: Landorus|Rocky Helmet|[from] move: Knock Off|[of] p1a: Tyranitar
|
|-weather|Sandstorm|[upkeep]
|-heal|p1a: Tyranitar|84/100|[from] item: Leftovers
|upkeep
|turn|10
|
|t:|1757828612
|move|p2a: Landorus|Stealth Rock|p1a: Tyranitar
|-sidestart|p1: ncdr|move: Stealth Rock
|move|p1a: Tyranitar|Ice Beam|p2a: Landorus
|-supereffective|p2a: Landorus
|-damage|p2a: Landorus|0 fnt
|faint|p2a: Landorus
|
|-weather|Sandstorm|[upkeep]
|-heal|p1a: Tyranitar|90/100|[from] item: Leftovers
|upkeep
|
|t:|1757828616
|switch|p2a: Zamazenta|Zamazenta|100/100
|turn|11
|
|t:|1757828624
|switch|p1a: Moltres|Moltres|100/100
|move|p2a: Zamazenta|Iron Defense|p2a: Zamazenta
|-boost|p2a: Zamazenta|def|2
|
|-weather|Sandstorm|[upkeep]
|-damage|p2a: Zamazenta|94/100|[from] Sandstorm
|-damage|p1a: Moltres|94/100|[from] Sandstorm
|-heal|p2a: Zamazenta|100/100|[from] item: Leftovers
|upkeep
|turn|12
|
|t:|1757828630
|-terastallize|p2a: Zamazenta|Fire
|move|p1a: Moltres|Air Slash|p2a: Zamazenta
|-crit|p2a: Zamazenta
|-damage|p2a: Zamazenta|60/100
|move|p2a: Zamazenta|Roar|p1a: Moltres
|drag|p1a: Great Tusk|Great Tusk|100/100
|-damage|p1a: Great Tusk|88/100|[from] Spikes
|-damage|p1a: Great Tusk|85/100|[from] Stealth Rock
|
|-weather|none
|-heal|p2a: Zamazenta|66/100|[from] item: Leftovers
|upkeep
|turn|13
|
|t:|1757828635
|-end|p1a: Great Tusk|Protosynthesis|[silent]
|switch|p1a: Moltres|Moltres|94/100
|move|p2a: Zamazenta|Iron Defense|p2a: Zamazenta
|-boost|p2a: Zamazenta|def|2
|
|-heal|p2a: Zamazenta|73/100|[from] item: Leftovers
|upkeep
|turn|14
|
|t:|1757828643
|move|p2a: Zamazenta|Roar|p1a: Moltres
|drag|p1a: Tyranitar|Tyranitar, F|90/100
|-damage|p1a: Tyranitar|77/100|[from] Spikes
|-damage|p1a: Tyranitar|65/100|[from] Stealth Rock
|-weather|Sandstorm|[from] ability: Sand Stream|[of] p1a: Tyranitar
|
|-weather|Sandstorm|[upkeep]
|-damage|p2a: Zamazenta|66/100|[from] Sandstorm
|-heal|p2a: Zamazenta|73/100|[from] item: Leftovers
|-heal|p1a: Tyranitar|71/100|[from] item: Leftovers
|upkeep
|turn|15
|
|t:|1757828647
|switch|p1a: Moltres|Moltres|94/100
|move|p2a: Zamazenta|Iron Defense|p2a: Zamazenta
|-boost|p2a: Zamazenta|def|2
|
|-weather|Sandstorm|[upkeep]
|-damage|p2a: Zamazenta|66/100|[from] Sandstorm
|-damage|p1a: Moltres|88/100|[from] Sandstorm
|-heal|p2a: Zamazenta|73/100|[from] item: Leftovers
|upkeep
|turn|16
|
|t:|1757828649
|move|p2a: Zamazenta|Body Press|p1a: Moltres
|-resisted|p1a: Moltres
|-damage|p1a: Moltres|34/100
|move|p1a: Moltres|Air Slash|p2a: Zamazenta
|-damage|p2a: Zamazenta|44/100
|
|-weather|Sandstorm|[upkeep]
|-damage|p2a: Zamazenta|38/100|[from] Sandstorm
|-damage|p1a: Moltres|28/100|[from] Sandstorm
|-heal|p2a: Zamazenta|44/100|[from] item: Leftovers
|upkeep
|turn|17
|
|t:|1757828653
|move|p2a: Zamazenta|Body Press|p1a: Moltres
|-resisted|p1a: Moltres
|-damage|p1a: Moltres|0 fnt
|faint|p1a: Moltres
|
|-weather|Sandstorm|[upkeep]
|-damage|p2a: Zamazenta|38/100|[from] Sandstorm
|-heal|p2a: Zamazenta|44/100|[from] item: Leftovers
|upkeep
|
|t:|1757828656
|switch|p1a: Great Tusk|Great Tusk|85/100
|-damage|p1a: Great Tusk|73/100|[from] Spikes
|-damage|p1a: Great Tusk|70/100|[from] Stealth Rock
|turn|18
|
|t:|1757828658
|move|p1a: Great Tusk|Headlong Rush|p2a: Zamazenta
|-supereffective|p2a: Zamazenta
|-damage|p2a: Zamazenta|19/100
|-unboost|p1a: Great Tusk|def|1
|-unboost|p1a: Great Tusk|spd|1
|move|p2a: Zamazenta|Body Press|p1a: Great Tusk
|-damage|p1a: Great Tusk|0 fnt
|faint|p1a: Great Tusk
|-end|p1a: Great Tusk|Protosynthesis|[silent]
|
|-weather|none
|-heal|p2a: Zamazenta|25/100|[from] item: Leftovers
|upkeep
|
|t:|1757828664
|switch|p1a: Ninetales|Ninetales-Alola, M, shiny|100/100
|-damage|p1a: Ninetales|88/100|[from] Spikes
|-damage|p1a: Ninetales|64/100|[from] Stealth Rock
|-weather|Snowscape|[from] ability: Snow Warning|[of] p1a: Ninetales
|turn|19
|
|t:|1757828665
|move|p2a: Zamazenta|Body Press|p1a: Ninetales
|-damage|p1a: Ninetales|0 fnt
|faint|p1a: Ninetales
|
|-weather|Snowscape|[upkeep]
|-heal|p2a: Zamazenta|32/100|[from] item: Leftovers
|upkeep
|-message|ncdr forfeited.
|
|win|EdgingCeaselesslly
|raw|ncdr's rating: 1495 &rarr; <strong>1481</strong><br />(-14 for losing)
|raw|EdgingCeaselesslly's rating: 1609 &rarr; <strong>1623</strong><br />(+14 for winning)
|l|‽ncdr
|player|p1|
