|j|☆PapsIGuess31
|j|☆levi6969
|t:|1757925203
|gametype|singles
|player|p1|PapsIGuess31|ingo|1269
|player|p2|levi6969|170|1255
|gen|9
|tier|[Gen 9] OU
|rated|
|rule|HP Percentage Mod: HP is shown in percentages
|rule|Endless Battle Clause: Forcing endless battles is banned
|rule|Species Clause: Limit one of each Pokémon
|rule|OHKO Clause: OHKO moves are banned
|rule|Evasion Items Clause: Evasion items are banned
|rule|Evasion Moves Clause: Evasion moves are banned
|rule|Evasion Abilities Clause: Evasion abilities are banned
|rule|Sleep Moves Clause: Sleep-inducing moves are banned
|clearpoke
|poke|p1|Hydrapple, M|
|poke|p1|Dragapult, M|
|poke|p1|Tinkaton, F|
|poke|p1|Blaziken, M|
|poke|p1|Oricorio-Pom-Pom, M|
|poke|p1|Crawdaunt, M|
|poke|p2|Hoopa|
|poke|p2|Landorus-Therian, M|
|poke|p2|Weezing-Galar, M|
|poke|p2|Kingambit, M|
|poke|p2|Raging Bolt|
|poke|p2|Zamazenta-*|
|teampreview
|c|☆PapsIGuess31|glhf!
|inactive|Battle timer is ON: inactive players will automatically lose when time's up. (requested by levi6969)
|
|t:|1757925214
|teamsize|p1|6
|teamsize|p2|6
|start
|switch|p1a: Crawdaunt|Crawdaunt, M|100/100
|switch|p2a: Hoopa|Hoopa|100/100
|turn|1
|
|t:|1757925221
|switch|p2a: Landorus|Landorus-Therian, M, shiny|100/100
|-ability|p2a: Landorus|Intimidate|boost
|-unboost|p1a: Crawdaunt|atk|1
|move|p1a: Crawdaunt|Crunch|p2a: Landorus
|-damage|p2a: Landorus|36/100
|-damage|p1a: Crawdaunt|84/100|[from] item: Rocky Helmet|[of] p2a: Landorus
|
|upkeep
|turn|2
|
|t:|1757925226
|switch|p2a: Weezing|Weezing-Galar, M, shiny|100/100
|-ability|p2a: Weezing|Neutralizing Gas
|move|p1a: Crawdaunt|Crunch|p2a: Weezing
|-resisted|p2a: Weezing
|-damage|p2a: Weezing|85/100
|
|upkeep
|turn|3
|
|t:|1757925230
|switch|p1a: Tinkaton|Tinkaton, F|100/100
|-item|p1a: Tinkaton|Air Balloon
|move|p2a: Weezing|Strange Steam|p1a: Tinkaton
|-resisted|p1a: Tinkaton
|-damage|p1a: Tinkaton|88/100
|-enditem|p1a: Tinkaton|Air Balloon
|
|upkeep
|turn|4
|
|t:|1757925236
|-end|p2a: Weezing|ability: Neutralizing Gas
|-ability|p1a: Tinkaton|Mold Breaker
|switch|p2a: Landorus|Landorus-Therian, M, shiny|36/100
|-ability|p2a: Landorus|Intimidate|boost
|-unboost|p1a: Tinkaton|atk|1
|move|p1a: Tinkaton|Stealth Rock|p2a: Landorus
|-sidestart|p2: levi6969|move: Stealth Rock
|
|upkeep
|turn|5
|
|t:|1757925241
|switch|p1a: Oricorio|Oricorio-Pom-Pom, M|100/100
|move|p2a: Landorus|Stealth Rock|p1a: Oricorio
|-sidestart|p1: PapsIGuess31|move: Stealth Rock
|
|upkeep
|turn|6
|
|t:|1757925245
|move|p2a: Landorus|U-turn|p1a: Oricorio
|-resisted|p1a: Oricorio
|-damage|p1a: Oricorio|92/100
|
|t:|1757925248
|switch|p2a: Hoopa|Hoopa|100/100|[from] U-turn
|-damage|p2a: Hoopa|88/100|[from] Stealth Rock
|move|p1a: Oricorio|Quiver Dance|p1a: Oricorio
|-boost|p1a: Oricorio|spa|1
|-boost|p1a: Oricorio|spd|1
|-boost|p1a: Oricorio|spe|1
|
|-heal|p1a: Oricorio|98/100|[from] item: Leftovers
|upkeep
|turn|7
|
|t:|1757925252
|move|p1a: Oricorio|Air Slash|p2a: Hoopa
|-damage|p2a: Hoopa|53/100
|move|p2a: Hoopa|Hyperspace Hole|p1a: Oricorio
|-damage|p1a: Oricorio|54/100
|
|-heal|p1a: Oricorio|61/100|[from] item: Leftovers
|upkeep
|turn|8
|
|t:|1757925257
|move|p1a: Oricorio|Air Slash|p2a: Hoopa
|-damage|p2a: Hoopa|19/100
|-enditem|p2a: Hoopa|Sitrus Berry|[eat]
|-heal|p2a: Hoopa|44/100|[from] item: Sitrus Berry
|move|p2a: Hoopa|Hyperspace Hole|p1a: Oricorio
|-damage|p1a: Oricorio|17/100
|-item|p2a: Hoopa|Leftovers|[from] ability: Magician|[of] p1a: Oricorio
|
|-heal|p2a: Hoopa|50/100|[from] item: Leftovers
|upkeep
|turn|9
|
|t:|1757925267
|move|p1a: Oricorio|Air Slash|p2a: Hoopa
|-damage|p2a: Hoopa|15/100
|move|p2a: Hoopa|Hyperspace Hole|p1a: Oricorio
|-damage|p1a: Oricorio|0 fnt
|faint|p1a: Oricorio
|
|-heal|p2a: Hoopa|22/100|[from] item: Leftovers
|upkeep
|
|t:|1757925271
|switch|p1a: Crawdaunt|Crawdaunt, M|84/100
|-damage|p1a: Crawdaunt|71/100|[from] Stealth Rock
|turn|10
|
|t:|1757925277
|move|p1a: Crawdaunt|Aqua Jet|p2a: Hoopa
|-damage|p2a: Hoopa|0 fnt
|faint|p2a: Hoopa
|
|upkeep
|
|t:|1757925286
|switch|p2a: Raging Bolt|Raging Bolt|100/100
|-damage|p2a: Raging Bolt|88/100|[from] Stealth Rock
|turn|11
|
|t:|1757925290
|switch|p1a: Tinkaton|Tinkaton, F|88/100
|-damage|p1a: Tinkaton|81/100|[from] Stealth Rock
|-ability|p1a: Tinkaton|Mold Breaker
|move|p2a: Raging Bolt|Volt Switch|p1a: Tinkaton
|-damage|p1a: Tinkaton|43/100
|
|t:|1757925315
|-end|p2a: Raging Bolt|Protosynthesis|[silent]
|switch|p2a: Kingambit|Kingambit, M|100/100|[from] Volt Switch
|-damage|p2a: Kingambit|94/100|[from] Stealth Rock
|
|upkeep
|turn|12
|
|t:|1757925318
|move|p1a: Tinkaton|Thunder Wave|p2a: Kingambit
|-status|p2a: Kingambit|par
|move|p2a: Kingambit|Iron Head|p1a: Tinkaton
|-damage|p1a: Tinkaton|0 fnt
|faint|p1a: Tinkaton
|
|upkeep
|
|t:|1757925321
|switch|p1a: Blaziken|Blaziken, M|100/100
|-damage|p1a: Blaziken|88/100|[from] Stealth Rock
|turn|13
|
|t:|1757925326
|switch|p2a: Landorus|Landorus-Therian, M, shiny|36/100
|-damage|p2a: Landorus|24/100|[from] Stealth Rock
|-ability|p2a: Landorus|Intimidate|boost
|-unboost|p1a: Blaziken|atk|1
|move|p1a: Blaziken|Swords Dance|p1a: Blaziken
|-boost|p1a: Blaziken|atk|2
|
|-ability|p1a: Blaziken|Speed Boost|boost
|-boost|p1a: Blaziken|spe|1
|upkeep
|turn|14
|
|t:|1757925331
|move|p1a: Blaziken|Blaze Kick|p2a: Landorus
|-damage|p2a: Landorus|0 fnt
|-damage|p1a: Blaziken|72/100|[from] item: Rocky Helmet|[of] p2a: Landorus
|faint|p2a: Landorus
|-damage|p1a: Blaziken|62/100|[from] item: Life Orb
|
|-ability|p1a: Blaziken|Speed Boost|boost
|-boost|p1a: Blaziken|spe|1
|upkeep
|l|☆levi6969
|inactive|levi6969 disconnected and has a minute to reconnect!
|player|p2|
|j|☆levi6969
|inactive|levi6969 reconnected and has 130 seconds left.
|player|p2|levi6969|170|
|inactive|levi6969 has 120 seconds left.
|
|t:|1757925372
|switch|p2a: Zamazenta|Zamazenta, shiny|100/100
|-damage|p2a: Zamazenta|94/100|[from] Stealth Rock
|-ability|p2a: Zamazenta|Dauntless Shield|boost
|-boost|p2a: Zamazenta|def|1
|turn|15
|inactive|levi6969 has 120 seconds left.
|
|t:|1757925378
|move|p1a: Blaziken|Blaze Kick|p2a: Zamazenta
|-damage|p2a: Zamazenta|46/100
|-damage|p1a: Blaziken|52/100|[from] item: Life Orb
|move|p2a: Zamazenta|Stone Edge|p1a: Blaziken|[miss]
|-miss|p2a: Zamazenta|p1a: Blaziken
|
|-ability|p1a: Blaziken|Speed Boost|boost
|-boost|p1a: Blaziken|spe|1
|upkeep
|turn|16
|
|t:|1757925385
|move|p1a: Blaziken|Blaze Kick|p2a: Zamazenta
|-damage|p2a: Zamazenta|0 fnt
|faint|p2a: Zamazenta
|-damage|p1a: Blaziken|42/100|[from] item: Life Orb
|
|-ability|p1a: Blaziken|Speed Boost|boost
|-boost|p1a: Blaziken|spe|1
|upkeep
|
|t:|1757925391
|switch|p2a: Weezing|Weezing-Galar, M, shiny|85/100
|-ability|p2a: Weezing|Neutralizing Gas
|turn|17
|
|t:|1757925394
|move|p1a: Blaziken|Blaze Kick|p2a: Weezing
|-damage|p2a: Weezing|34/100
|-damage|p1a: Blaziken|32/100|[from] item: Life Orb
|move|p2a: Weezing|Strange Steam|p1a: Blaziken
|-damage|p1a: Blaziken|0 fnt
|faint|p1a: Blaziken
|
|upkeep
|
|t:|1757925398
|switch|p1a: Dragapult|Dragapult, M|100/100
|-damage|p1a: Dragapult|88/100|[from] Stealth Rock
|turn|18
|
|t:|1757925403
|move|p1a: Dragapult|Phantom Force||[still]
|-prepare|p1a: Dragapult|Phantom Force
|move|p2a: Weezing|Pain Split|p1a: Dragapult|[miss]
|-miss|p2a: Weezing|p1a: Dragapult
|
|upkeep
|turn|19
|
|t:|1757925409
|move|p1a: Dragapult|Phantom Force|p2a: Weezing|[from] lockedmove
|-damage|p2a: Weezing|0 fnt
|faint|p2a: Weezing
|-end|p2a: Weezing|ability: Neutralizing Gas
|-damage|p1a: Dragapult|78/100|[from] item: Life Orb
|
|upkeep
|
|t:|1757925413
|switch|p2a: Kingambit|Kingambit, M|94/100 par
|-damage|p2a: Kingambit|88/100 par|[from] Stealth Rock
|turn|20
|
|t:|1757925418
|switch|p1a: Hydrapple|Hydrapple, M, shiny|100/100
|-damage|p1a: Hydrapple|88/100|[from] Stealth Rock
|move|p2a: Kingambit|Kowtow Cleave|p1a: Hydrapple
|-damage|p1a: Hydrapple|38/100
|
|-heal|p1a: Hydrapple|44/100|[from] item: Leftovers
|upkeep
|turn|21
|
|t:|1757925424
|move|p1a: Hydrapple|Earth Power|p2a: Kingambit
|-supereffective|p2a: Kingambit
|-damage|p2a: Kingambit|36/100 par
|move|p2a: Kingambit|Kowtow Cleave|p1a: Hydrapple
|-damage|p1a: Hydrapple|0 fnt
|faint|p1a: Hydrapple
|
|upkeep
|
|t:|1757925427
|switch|p1a: Dragapult|Dragapult, M|78/100
|-damage|p1a: Dragapult|66/100|[from] Stealth Rock
|turn|22
|
|t:|1757925436
|-terastallize|p1a: Dragapult|Steel
|move|p1a: Dragapult|Dragon Darts|p2a: Kingambit
|-resisted|p2a: Kingambit
|-damage|p2a: Kingambit|20/100 par
|-anim|p1a: Dragapult|Dragon Darts|p2a: Kingambit
|-resisted|p2a: Kingambit
|-damage|p2a: Kingambit|6/100 par
|-damage|p1a: Dragapult|56/100|[from] item: Life Orb
|cant|p2a: Kingambit|par
|
|upkeep
|turn|23
|
|t:|1757925444
|move|p1a: Dragapult|Phantom Force||[still]
|-prepare|p1a: Dragapult|Phantom Force
|move|p2a: Kingambit|Kowtow Cleave|p1a: Dragapult|[miss]
|-miss|p2a: Kingambit|p1a: Dragapult
|
|upkeep
|turn|24
|
|t:|1757925446
|move|p1a: Dragapult|Phantom Force|p2a: Kingambit|[from] lockedmove
|-resisted|p2a: Kingambit
|-damage|p2a: Kingambit|0 fnt
|faint|p2a: Kingambit
|-damage|p1a: Dragapult|47/100|[from] item: Life Orb
|
|upkeep
|
|t:|1757925447
|switch|p2a: Raging Bolt|Raging Bolt|88/100
|-damage|p2a: Raging Bolt|76/100|[from] Stealth Rock
|turn|25
|
|t:|1757925454
|move|p2a: Raging Bolt|Thunderclap|p1a: Dragapult
|-damage|p1a: Dragapult|0 fnt
|faint|p1a: Dragapult
|
|upkeep
|
|t:|1757925456
|switch|p1a: Crawdaunt|Crawdaunt, M|71/100
|-damage|p1a: Crawdaunt|59/100|[from] Stealth Rock
|turn|26
|
|t:|1757925469
|-terastallize|p2a: Raging Bolt|Fairy
|move|p2a: Raging Bolt|Discharge|p1a: Crawdaunt
|-supereffective|p1a: Crawdaunt
|-crit|p1a: Crawdaunt
|-damage|p1a: Crawdaunt|0 fnt
|faint|p1a: Crawdaunt
|
|win|levi6969
|raw|PapsIGuess31's rating: 1269 &rarr; <strong>1243</strong><br />(-26 for losing)
|raw|levi6969's rating: 1255 &rarr; <strong>1281</strong><br />(+26 for winning)
|c|☆PapsIGuess31|gg wp
|l|☆PapsIGuess31
|player|p1|
|l|☆levi6969
|player|p2|
