|j|☆angerybee
|j|☆zskuxxz
|t:|1757863986
|gametype|singles
|player|p1|angerybee|fisherman-gen4|1325
|player|p2|zskuxxz|169|1346
|gen|9
|tier|[Gen 9] OU
|rated|
|rule|HP Percentage Mod: HP is shown in percentages
|rule|Endless Battle Clause: Forcing endless battles is banned
|rule|Species Clause: Limit one of each Pokémon
|rule|OHKO Clause: OHKO moves are banned
|rule|Evasion Items Clause: Evasion items are banned
|rule|Evasion Moves Clause: Evasion moves are banned
|rule|Evasion Abilities Clause: Evasion abilities are banned
|rule|Sleep Moves Clause: Sleep-inducing moves are banned
|clearpoke
|poke|p1|Regidrago|
|poke|p1|Ogerpon-Wellspring, F|
|poke|p1|Moltres|
|poke|p1|Houndstone, M|
|poke|p1|Iron Moth|
|poke|p1|Great Tusk|
|poke|p2|Dragonite, F|
|poke|p2|Zamazenta-*|
|poke|p2|Landorus-Therian, M|
|poke|p2|Gholdengo|
|poke|p2|Darkrai|
|poke|p2|Hatterene, F|
|teampreview
|
|t:|1757864017
|teamsize|p1|6
|teamsize|p2|6
|start
|switch|p1a: Regidrago|Regidrago|100/100
|switch|p2a: Darkrai|Darkrai|100/100
|turn|1
|
|t:|1757864036
|switch|p2a: Hatterene|Hatterene, F|100/100
|move|p1a: Regidrago|Dragon Energy|p2a: Hatterene
|-immune|p2a: Hatterene
|
|upkeep
|turn|2
|
|t:|1757864041
|switch|p1a: Moltres|Moltres|100/100
|move|p2a: Hatterene|Mystical Fire|p1a: Moltres
|-resisted|p1a: Moltres
|-damage|p1a: Moltres|89/100
|-unboost|p1a: Moltres|spa|1
|
|upkeep
|turn|3
|
|t:|1757864044
|switch|p2a: Landorus|Landorus-Therian, M|100/100
|-ability|p2a: Landorus|Intimidate|boost
|-unboost|p1a: Moltres|atk|1
|move|p1a: Moltres|Air Slash|p2a: Landorus
|-damage|p2a: Landorus|82/100
|
|upkeep
|turn|4
|
|t:|1757864048
|move|p2a: Landorus|Taunt|p1a: Moltres
|-start|p1a: Moltres|move: Taunt
|cant|p1a: Moltres|move: Taunt|Will-O-Wisp
|
|upkeep
|turn|5
|
|t:|1757864050
|switch|p1a: Great Tusk|Great Tusk|100/100
|move|p2a: Landorus|Stealth Rock|p1a: Great Tusk
|-sidestart|p1: angerybee|move: Stealth Rock
|
|upkeep
|turn|6
|
|t:|1757864054
|move|p2a: Landorus|U-turn|p1a: Great Tusk
|-resisted|p1a: Great Tusk
|-damage|p1a: Great Tusk|94/100
|
|t:|1757864066
|switch|p2a: Gholdengo|Gholdengo|100/100|[from] U-turn
|move|p1a: Great Tusk|Rapid Spin|p2a: Gholdengo
|-immune|p2a: Gholdengo
|
|-heal|p1a: Great Tusk|99/100|[from] item: Leftovers
|upkeep
|turn|7
|
|t:|1757864072
|switch|p2a: Dragonite|Dragonite, F|100/100
|move|p1a: Great Tusk|Earthquake|p2a: Dragonite
|-immune|p2a: Dragonite
|
|-heal|p1a: Great Tusk|100/100|[from] item: Leftovers
|upkeep
|turn|8
|
|t:|1757864075
|move|p2a: Dragonite|Dragon Dance|p2a: Dragonite
|-boost|p2a: Dragonite|atk|1
|-boost|p2a: Dragonite|spe|1
|move|p1a: Great Tusk|Ice Spinner|p2a: Dragonite
|-supereffective|p2a: Dragonite
|-damage|p2a: Dragonite|41/100
|
|upkeep
|turn|9
|
|t:|1757864080
|-terastallize|p2a: Dragonite|Flying
|move|p2a: Dragonite|Tera Blast|p1a: Great Tusk|[anim] Tera Blast Flying
|-supereffective|p1a: Great Tusk
|-damage|p1a: Great Tusk|0 fnt
|faint|p1a: Great Tusk
|-end|p1a: Great Tusk|Protosynthesis|[silent]
|
|upkeep
|
|t:|1757864084
|switch|p1a: Houndstone|Houndstone, M|100/100
|-damage|p1a: Houndstone|88/100|[from] Stealth Rock
|turn|10
|
|t:|1757864087
|move|p2a: Dragonite|Tera Blast|p1a: Houndstone|[anim] Tera Blast Flying
|-damage|p1a: Houndstone|23/100
|move|p1a: Houndstone|Will-O-Wisp|p2a: Dragonite
|-status|p2a: Dragonite|brn
|-enditem|p2a: Dragonite|Lum Berry|[eat]
|-curestatus|p2a: Dragonite|brn|[msg]
|
|-heal|p1a: Houndstone|30/100|[from] item: Leftovers
|upkeep
|turn|11
|
|t:|1757864093
|move|p1a: Houndstone|Shadow Sneak|p2a: Dragonite
|-damage|p2a: Dragonite|26/100
|move|p2a: Dragonite|Tera Blast|p1a: Houndstone|[anim] Tera Blast Flying
|-damage|p1a: Houndstone|0 fnt
|faint|p1a: Houndstone
|
|upkeep
|-message|angerybee forfeited.
|
|win|zskuxxz
|raw|angerybee's rating: 1325 &rarr; <strong>1306</strong><br />(-19 for losing)
|raw|zskuxxz's rating: 1346 &rarr; <strong>1365</strong><br />(+19 for winning)
|l|☆angerybee
|player|p1|
|l|☆zskuxxz
|player|p2|
