|j|☆Zukeeny
|j|☆xstd
|t:|1757836662
|gametype|singles
|player|p1|Zukeeny|ethan|1086
|player|p2|xstd|red|1081
|gen|9
|tier|[Gen 9] OU
|rated|
|rule|HP Percentage Mod: HP is shown in percentages
|rule|Endless Battle Clause: Forcing endless battles is banned
|rule|Species Clause: Limit one of each Pokémon
|rule|OHKO Clause: OHKO moves are banned
|rule|Evasion Items Clause: Evasion items are banned
|rule|Evasion Moves Clause: Evasion moves are banned
|rule|Evasion Abilities Clause: Evasion abilities are banned
|rule|Sleep Moves Clause: Sleep-inducing moves are banned
|clearpoke
|poke|p1|Tauros-Paldea-Aqua, M|
|poke|p1|Electrode-Hisui|
|poke|p1|Articuno-Galar|
|poke|p1|Muk-Alola, M|
|poke|p1|Sandslash-Alola, F|
|poke|p1|Typhlosion-Hisui, F|
|poke|p2|Grimmsnarl, M|
|poke|p2|Garchomp, M|
|poke|p2|Blaziken, F|
|poke|p2|Metagross|
|poke|p2|Landorus-Therian, M|
|poke|p2|Gengar, F|
|teampreview
|l|☆xstd
|player|p2|
|j|☆xstd
|player|p2|xstd|red|
|
|t:|1757836677
|teamsize|p1|6
|teamsize|p2|6
|start
|switch|p1a: Electrode|Electrode-Hisui, shiny|100/100
|switch|p2a: Landorus|Landorus-Therian, M|100/100
|-item|p1a: Electrode|Air Balloon
|-ability|p2a: Landorus|Intimidate|boost
|-unboost|p1a: Electrode|atk|1
|turn|1
|
|t:|1757836687
|move|p1a: Electrode|Leech Seed|p2a: Landorus
|-start|p2a: Landorus|move: Leech Seed
|move|p2a: Landorus|Stealth Rock|p1a: Electrode
|-sidestart|p1: Zukeeny|move: Stealth Rock
|
|-damage|p2a: Landorus|88/100|[from] Leech Seed|[of] p1a: Electrode
|upkeep
|turn|2
|
|t:|1757836699
|move|p1a: Electrode|Solar Beam||[still]
|-prepare|p1a: Electrode|Solar Beam
|move|p2a: Landorus|U-turn|p1a: Electrode
|-supereffective|p1a: Electrode
|-damage|p1a: Electrode|32/100
|-enditem|p1a: Electrode|Air Balloon
|
|t:|1757836714
|switch|p2a: Grimmsnarl|Grimmsnarl, M|100/100|[from] U-turn
|
|upkeep
|turn|3
|
|t:|1757836720
|move|p2a: Grimmsnarl|Fake Out|p1a: Electrode
|-damage|p1a: Electrode|15/100
|cant|p1a: Electrode|flinch
|
|upkeep
|turn|4
|
|t:|1757836728
|move|p2a: Grimmsnarl|Light Screen|p2a: Grimmsnarl
|-sidestart|p2: xstd|move: Light Screen
|move|p1a: Electrode|Taunt|p2a: Grimmsnarl
|-start|p2a: Grimmsnarl|move: Taunt
|
|upkeep
|turn|5
|
|t:|1757836736
|switch|p1a: Sandslash|Sandslash-Alola, F|100/100
|-damage|p1a: Sandslash|88/100|[from] Stealth Rock
|move|p2a: Grimmsnarl|Spirit Break|p1a: Sandslash
|-resisted|p1a: Sandslash
|-damage|p1a: Sandslash|76/100
|-unboost|p1a: Sandslash|spa|1
|
|upkeep
|turn|6
|
|t:|1757836747
|switch|p2a: Landorus|Landorus-Therian, M|88/100
|-ability|p2a: Landorus|Intimidate|boost
|-unboost|p1a: Sandslash|atk|1
|move|p1a: Sandslash|Rapid Spin|p2a: Landorus
|-damage|p2a: Landorus|79/100
|-boost|p1a: Sandslash|spe|1
|-sideend|p1: Zukeeny|Stealth Rock|[from] move: Rapid Spin|[of] p1a: Sandslash
|
|upkeep
|turn|7
|
|t:|1757836761
|move|p2a: Landorus|Stealth Rock|p1a: Sandslash
|-sidestart|p1: Zukeeny|move: Stealth Rock
|move|p1a: Sandslash|Curse|p1a: Sandslash
|-unboost|p1a: Sandslash|spe|1
|-boost|p1a: Sandslash|atk|1
|-boost|p1a: Sandslash|def|1
|
|upkeep
|turn|8
|
|t:|1757836769
|move|p2a: Landorus|Taunt|p1a: Sandslash
|-start|p1a: Sandslash|move: Taunt
|move|p1a: Sandslash|Avalanche|p2a: Landorus
|-supereffective|p2a: Landorus
|-damage|p2a: Landorus|0 fnt
|faint|p2a: Landorus
|
|upkeep
|
|t:|1757836775
|switch|p2a: Blaziken|Blaziken, F|100/100
|turn|9
|
|t:|1757836781
|switch|p1a: Tauros|Tauros-Paldea-Aqua, M, shiny|100/100
|-damage|p1a: Tauros|94/100|[from] Stealth Rock
|move|p2a: Blaziken|Blaze Kick|p1a: Tauros
|-resisted|p1a: Tauros
|-damage|p1a: Tauros|62/100
|-damage|p2a: Blaziken|91/100|[from] item: Life Orb
|
|-heal|p1a: Tauros|68/100|[from] item: Leftovers
|-ability|p2a: Blaziken|Speed Boost|boost
|-boost|p2a: Blaziken|spe|1
|upkeep
|turn|10
|
|t:|1757836795
|move|p2a: Blaziken|Close Combat|p1a: Tauros
|-damage|p1a: Tauros|0 fnt
|-unboost|p2a: Blaziken|def|1
|-unboost|p2a: Blaziken|spd|1
|faint|p1a: Tauros
|-damage|p2a: Blaziken|81/100|[from] item: Life Orb
|
|-ability|p2a: Blaziken|Speed Boost|boost
|-boost|p2a: Blaziken|spe|1
|upkeep
|
|t:|1757836805
|switch|p1a: Sandslash|Sandslash-Alola, F|76/100
|-damage|p1a: Sandslash|64/100|[from] Stealth Rock
|turn|11
|
|t:|1757836810
|move|p2a: Blaziken|Blaze Kick|p1a: Sandslash
|-supereffective|p1a: Sandslash
|-damage|p1a: Sandslash|0 fnt
|faint|p1a: Sandslash
|-damage|p2a: Blaziken|71/100|[from] item: Life Orb
|
|-sideend|p2: xstd|move: Light Screen
|-ability|p2a: Blaziken|Speed Boost|boost
|-boost|p2a: Blaziken|spe|1
|upkeep
|inactive|Battle timer is ON: inactive players will automatically lose when time's up. (requested by xstd)
|inactive|Zukeeny has 120 seconds left.
|
|t:|1757836895
|switch|p1a: Articuno|Articuno-Galar, shiny|100/100
|turn|12
|
|t:|1757836908
|move|p2a: Blaziken|Blaze Kick|p1a: Articuno
|-damage|p1a: Articuno|32/100
|-damage|p2a: Blaziken|61/100|[from] item: Life Orb
|move|p1a: Articuno|Trick Room|p1a: Articuno
|-fieldstart|move: Trick Room|[of] p1a: Articuno
|
|-ability|p2a: Blaziken|Speed Boost|boost
|-boost|p2a: Blaziken|spe|1
|upkeep
|turn|13
|
|t:|1757836919
|switch|p2a: Grimmsnarl|Grimmsnarl, M|100/100
|move|p1a: Articuno|Air Slash|p2a: Grimmsnarl
|-damage|p2a: Grimmsnarl|64/100
|
|upkeep
|turn|14
|
|t:|1757836930
|switch|p1a: Electrode|Electrode-Hisui, shiny|15/100
|-damage|p1a: Electrode|3/100|[from] Stealth Rock
|move|p2a: Grimmsnarl|Fake Out|p1a: Electrode
|-damage|p1a: Electrode|0 fnt
|-damage|p2a: Grimmsnarl|40/100|[from] ability: Aftermath|[of] p1a: Electrode
|faint|p1a: Electrode
|
|upkeep
|
|t:|1757836937
|switch|p1a: Muk|Muk-Alola, M|100/100
|-damage|p1a: Muk|88/100|[from] Stealth Rock
|turn|15
|
|t:|1757836947
|move|p2a: Grimmsnarl|Reflect|p2a: Grimmsnarl
|-sidestart|p2: xstd|Reflect
|move|p1a: Muk|Knock Off|p2a: Grimmsnarl
|-resisted|p2a: Grimmsnarl
|-damage|p2a: Grimmsnarl|32/100
|-enditem|p2a: Grimmsnarl|Light Clay|[from] move: Knock Off|[of] p1a: Muk
|-damage|p1a: Muk|78/100|[from] item: Life Orb
|
|upkeep
|turn|16
|
|t:|1757836960
|move|p2a: Grimmsnarl|Light Screen|p2a: Grimmsnarl
|-sidestart|p2: xstd|move: Light Screen
|move|p1a: Muk|Knock Off|p2a: Grimmsnarl
|-resisted|p2a: Grimmsnarl
|-damage|p2a: Grimmsnarl|27/100
|-damage|p1a: Muk|68/100|[from] item: Life Orb
|
|-fieldend|move: Trick Room
|upkeep
|turn|17
|
|t:|1757836964
|move|p2a: Grimmsnarl|Spirit Break|p1a: Muk
|-damage|p1a: Muk|40/100
|-unboost|p1a: Muk|spa|1
|move|p1a: Muk|Knock Off|p2a: Grimmsnarl
|-resisted|p2a: Grimmsnarl
|-damage|p2a: Grimmsnarl|22/100
|-damage|p1a: Muk|30/100|[from] item: Life Orb
|
|upkeep
|turn|18
|
|t:|1757836968
|move|p2a: Grimmsnarl|Spirit Break|p1a: Muk
|-damage|p1a: Muk|0 fnt
|faint|p1a: Muk
|
|upkeep
|
|t:|1757836974
|switch|p1a: Articuno|Articuno-Galar, shiny|32/100
|turn|19
|
|t:|1757836978
|move|p2a: Grimmsnarl|Spirit Break|p1a: Articuno
|-damage|p1a: Articuno|0 fnt
|faint|p1a: Articuno
|
|upkeep
|
|t:|1757836981
|switch|p1a: Typhlosion|Typhlosion-Hisui, F, shiny|100/100
|-damage|p1a: Typhlosion|76/100|[from] Stealth Rock
|turn|20
|inactive|Zukeeny has 120 seconds left.
|c|☆xstd|不是哥们快点
|inactive|Zukeeny has 90 seconds left.
|inactive|Zukeeny has 60 seconds left.
|inactive|Zukeeny has 30 seconds left.
|inactive|Zukeeny has 20 seconds left.
|
|t:|1757837115
|move|p1a: Typhlosion|Flamethrower|p2a: Grimmsnarl
|-damage|p2a: Grimmsnarl|0 fnt
|faint|p2a: Grimmsnarl
|
|-sideend|p2: xstd|move: Light Screen
|upkeep
|
|t:|1757837131
|switch|p2a: Garchomp|Garchomp, M|100/100
|turn|21
|inactive|Zukeeny has 30 seconds left.
|
|t:|1757837137
|move|p2a: Garchomp|Earthquake|p1a: Typhlosion
|-supereffective|p1a: Typhlosion
|-damage|p1a: Typhlosion|0 fnt
|faint|p1a: Typhlosion
|
|win|xstd
|raw|Zukeeny's rating: 1086 &rarr; <strong>1063</strong><br />(-23 for losing)
|raw|xstd's rating: 1081 &rarr; <strong>1109</strong><br />(+28 for winning)
|l|☆Zukeeny
|player|p1|
|l|☆xstd
|player|p2|
