|j|☆RiaSingh2121
|j|☆czar625
|t:|1757916702
|gametype|singles
|player|p1|RiaSingh2121|1|1107
|player|p2|czar625|brock|1078
|gen|9
|tier|[Gen 9] OU
|rated|
|rule|HP Percentage Mod: HP is shown in percentages
|rule|Endless Battle Clause: Forcing endless battles is banned
|rule|Species Clause: Limit one of each Pokémon
|rule|OHKO Clause: OHKO moves are banned
|rule|Evasion Items Clause: Evasion items are banned
|rule|Evasion Moves Clause: Evasion moves are banned
|rule|Evasion Abilities Clause: Evasion abilities are banned
|rule|Sleep Moves Clause: Sleep-inducing moves are banned
|clearpoke
|poke|p1|Torkoal, M|
|poke|p1|Walking Wake|
|poke|p1|Clodsire, F|
|poke|p1|Skeledirge, F|
|poke|p1|Weezing-Galar, F|
|poke|p1|Milotic, M|
|poke|p2|Hitmontop, M|
|poke|p2|Iron Leaves|
|poke|p2|Toucannon, F|
|poke|p2|Scizor, F|
|poke|p2|Great Tusk|
|poke|p2|Cryogonal|
|teampreview
|c|☆czar625|Gl hf
|
|t:|1757916723
|teamsize|p1|6
|teamsize|p2|6
|start
|switch|p1a: Torkoal|Torkoal, M|100/100
|switch|p2a: Toucannon|Toucannon, F|100/100
|-weather|SunnyDay|[from] ability: Drought|[of] p1a: Torkoal
|turn|1
|
|t:|1757916734
|switch|p1a: Clodsire|Clodsire, F|100/100
|move|p2a: Toucannon|Rock Blast|p1a: Clodsire
|-resisted|p1a: Clodsire
|-damage|p1a: Clodsire|96/100
|-resisted|p1a: Clodsire
|-damage|p1a: Clodsire|90/100
|-resisted|p1a: Clodsire
|-damage|p1a: Clodsire|85/100
|-resisted|p1a: Clodsire
|-damage|p1a: Clodsire|80/100
|-resisted|p1a: Clodsire
|-damage|p1a: Clodsire|75/100
|-hitcount|p1a: Clodsire|5
|
|-weather|SunnyDay|[upkeep]
|-heal|p1a: Clodsire|81/100|[from] item: Black Sludge
|upkeep
|turn|2
|
|t:|1757916752
|move|p2a: Toucannon|U-turn|p1a: Clodsire
|-resisted|p1a: Clodsire
|-damage|p1a: Clodsire|67/100
|
|t:|1757916754
|switch|p2a: Hitmontop|Hitmontop, M|100/100|[from] U-turn
|move|p1a: Clodsire|Stealth Rock|p2a: Hitmontop
|-sidestart|p2: czar625|move: Stealth Rock
|
|-weather|SunnyDay|[upkeep]
|-heal|p1a: Clodsire|74/100|[from] item: Black Sludge
|upkeep
|turn|3
|
|t:|1757916763
|switch|p1a: Skeledirge|Skeledirge, F|100/100
|move|p2a: Hitmontop|Bulldoze|p1a: Skeledirge
|-supereffective|p1a: Skeledirge
|-damage|p1a: Skeledirge|66/100
|-unboost|p1a: Skeledirge|spe|1
|
|-weather|SunnyDay|[upkeep]
|-heal|p1a: Skeledirge|72/100|[from] item: Leftovers
|upkeep
|turn|4
|
|t:|1757916774
|move|p2a: Hitmontop|Bulldoze|p1a: Skeledirge
|-supereffective|p1a: Skeledirge
|-damage|p1a: Skeledirge|40/100
|-unboost|p1a: Skeledirge|spe|1
|move|p1a: Skeledirge|Torch Song|p2a: Hitmontop
|-damage|p2a: Hitmontop|38/100
|-boost|p1a: Skeledirge|spa|1
|
|-weather|SunnyDay|[upkeep]
|-heal|p1a: Skeledirge|46/100|[from] item: Leftovers
|upkeep
|turn|5
|
|t:|1757916791
|switch|p1a: Weezing|Weezing-Galar, F|100/100
|move|p2a: Hitmontop|Bulldoze|p1a: Weezing
|-immune|p1a: Weezing|[from] ability: Levitate
|
|-weather|SunnyDay|[upkeep]
|upkeep
|turn|6
|
|t:|1757916807
|switch|p2a: Cryogonal|Cryogonal|100/100
|move|p1a: Weezing|Toxic|p2a: Cryogonal
|-status|p2a: Cryogonal|tox
|
|-weather|SunnyDay|[upkeep]
|-damage|p2a: Cryogonal|94/100 tox|[from] psn
|upkeep
|turn|7
|
|t:|1757916816
|switch|p1a: Milotic|Milotic, M|100/100
|move|p2a: Cryogonal|Rapid Spin|p1a: Milotic
|-damage|p1a: Milotic|94/100
|-boost|p2a: Cryogonal|spe|1
|-sideend|p2: czar625|Stealth Rock|[from] move: Rapid Spin|[of] p2a: Cryogonal
|
|-weather|SunnyDay|[upkeep]
|-damage|p2a: Cryogonal|82/100 tox|[from] psn
|upkeep
|turn|8
|
|t:|1757916835
|move|p2a: Cryogonal|Freeze-Dry|p1a: Milotic
|-supereffective|p1a: Milotic
|-damage|p1a: Milotic|74/100
|move|p1a: Milotic|Scald|p2a: Cryogonal
|-damage|p2a: Cryogonal|75/100 tox
|
|-weather|none
|-damage|p2a: Cryogonal|56/100 tox|[from] psn
|upkeep
|turn|9
|
|t:|1757916846
|switch|p2a: Toucannon|Toucannon, F|100/100
|move|p1a: Milotic|Mirror Coat||[still]
|-fail|p1a: Milotic
|
|upkeep
|turn|10
|
|t:|1757916861
|switch|p1a: Clodsire|Clodsire, F|74/100
|move|p2a: Toucannon|Bullet Seed|p1a: Clodsire
|-damage|p1a: Clodsire|64/100
|-damage|p1a: Clodsire|54/100
|-damage|p1a: Clodsire|44/100
|-damage|p1a: Clodsire|34/100
|-damage|p1a: Clodsire|24/100
|-hitcount|p1a: Clodsire|5
|
|-heal|p1a: Clodsire|30/100|[from] item: Black Sludge
|upkeep
|turn|11
|
|t:|1757916870
|switch|p1a: Weezing|Weezing-Galar, F|100/100
|move|p2a: Toucannon|Bullet Seed|p1a: Weezing
|-resisted|p1a: Weezing
|-damage|p1a: Weezing|98/100
|-resisted|p1a: Weezing
|-damage|p1a: Weezing|95/100
|-resisted|p1a: Weezing
|-damage|p1a: Weezing|92/100
|-resisted|p1a: Weezing
|-damage|p1a: Weezing|89/100
|-resisted|p1a: Weezing
|-damage|p1a: Weezing|86/100
|-hitcount|p1a: Weezing|5
|
|-heal|p1a: Weezing|92/100|[from] item: Black Sludge
|upkeep
|turn|12
|
|t:|1757916887
|switch|p2a: Cryogonal|Cryogonal|56/100 tox
|move|p1a: Weezing|Flamethrower|p2a: Cryogonal
|-supereffective|p2a: Cryogonal
|-damage|p2a: Cryogonal|34/100 tox
|
|-heal|p1a: Weezing|98/100|[from] item: Black Sludge
|-damage|p2a: Cryogonal|28/100 tox|[from] psn
|upkeep
|turn|13
|
|t:|1757916899
|switch|p1a: Milotic|Milotic, M|74/100
|move|p2a: Cryogonal|Freeze-Dry|p1a: Milotic
|-supereffective|p1a: Milotic
|-damage|p1a: Milotic|55/100
|
|-damage|p2a: Cryogonal|16/100 tox|[from] psn
|upkeep
|turn|14
|
|t:|1757916908
|move|p2a: Cryogonal|Recover|p2a: Cryogonal
|-heal|p2a: Cryogonal|66/100 tox
|move|p1a: Milotic|Scald|p2a: Cryogonal
|-damage|p2a: Cryogonal|50/100 tox
|
|-damage|p2a: Cryogonal|31/100 tox|[from] psn
|upkeep
|turn|15
|
|t:|1757916918
|switch|p2a: Toucannon|Toucannon, F|100/100
|move|p1a: Milotic|Scald|p2a: Toucannon
|-damage|p2a: Toucannon|78/100
|
|upkeep
|turn|16
|
|t:|1757916928
|switch|p1a: Weezing|Weezing-Galar, F|98/100
|-singleturn|p2a: Toucannon|move: Beak Blast
|move|p2a: Toucannon|Beak Blast|p1a: Weezing
|-damage|p1a: Weezing|60/100
|
|-heal|p1a: Weezing|66/100|[from] item: Black Sludge
|upkeep
|turn|17
|
|t:|1757916947
|-singleturn|p2a: Toucannon|move: Beak Blast
|move|p1a: Weezing|Flamethrower|p2a: Toucannon
|-damage|p2a: Toucannon|64/100
|move|p2a: Toucannon|Beak Blast|p1a: Weezing
|-damage|p1a: Weezing|33/100
|
|-heal|p1a: Weezing|39/100|[from] item: Black Sludge
|upkeep
|turn|18
|
|t:|1757916958
|-singleturn|p2a: Toucannon|move: Beak Blast
|move|p1a: Weezing|Toxic|p2a: Toucannon
|-status|p2a: Toucannon|tox
|move|p2a: Toucannon|Beak Blast|p1a: Weezing
|-damage|p1a: Weezing|3/100
|
|-heal|p1a: Weezing|9/100|[from] item: Black Sludge
|-damage|p2a: Toucannon|58/100 tox|[from] psn
|upkeep
|turn|19
|
|t:|1757916970
|move|p2a: Toucannon|Bullet Seed|p1a: Weezing
|-resisted|p1a: Weezing
|-damage|p1a: Weezing|6/100
|-resisted|p1a: Weezing
|-damage|p1a: Weezing|3/100
|-resisted|p1a: Weezing
|-damage|p1a: Weezing|0 fnt
|faint|p1a: Weezing
|-hitcount|p1: Weezing|3
|
|-damage|p2a: Toucannon|46/100 tox|[from] psn
|upkeep
|
|t:|1757916981
|switch|p1a: Torkoal|Torkoal, M|100/100
|-weather|SunnyDay|[from] ability: Drought|[of] p1a: Torkoal
|turn|20
|
|t:|1757916998
|move|p2a: Toucannon|Rock Blast|p1a: Torkoal
|-supereffective|p1a: Torkoal
|-damage|p1a: Torkoal|89/100
|-supereffective|p1a: Torkoal
|-damage|p1a: Torkoal|78/100
|-supereffective|p1a: Torkoal
|-damage|p1a: Torkoal|66/100
|-supereffective|p1a: Torkoal
|-damage|p1a: Torkoal|53/100
|-supereffective|p1a: Torkoal
|-damage|p1a: Torkoal|41/100
|-hitcount|p1a: Torkoal|5
|move|p1a: Torkoal|Stealth Rock|p2a: Toucannon
|-sidestart|p2: czar625|move: Stealth Rock
|
|-weather|SunnyDay|[upkeep]
|-damage|p2a: Toucannon|28/100 tox|[from] psn
|upkeep
|turn|21
|
|t:|1757917017
|switch|p1a: Skeledirge|Skeledirge, F|46/100
|move|p2a: Toucannon|Bullet Seed|p1a: Skeledirge
|-resisted|p1a: Skeledirge
|-damage|p1a: Skeledirge|44/100
|-resisted|p1a: Skeledirge
|-damage|p1a: Skeledirge|41/100
|-resisted|p1a: Skeledirge
|-damage|p1a: Skeledirge|38/100
|-resisted|p1a: Skeledirge
|-damage|p1a: Skeledirge|35/100
|-resisted|p1a: Skeledirge
|-damage|p1a: Skeledirge|32/100
|-hitcount|p1a: Skeledirge|5
|
|-weather|SunnyDay|[upkeep]
|-heal|p1a: Skeledirge|38/100|[from] item: Leftovers
|-damage|p2a: Toucannon|4/100 tox|[from] psn
|upkeep
|turn|22
|
|t:|1757917026
|move|p1a: Skeledirge|Slack Off|p1a: Skeledirge
|-heal|p1a: Skeledirge|88/100
|move|p2a: Toucannon|Rock Blast|p1a: Skeledirge|[miss]
|-miss|p2a: Toucannon|p1a: Skeledirge
|
|-weather|SunnyDay|[upkeep]
|-heal|p1a: Skeledirge|95/100|[from] item: Leftovers
|-damage|p2a: Toucannon|0 fnt|[from] psn
|faint|p2a: Toucannon
|upkeep
|
|t:|1757917033
|switch|p2a: Great Tusk|Great Tusk|100/100
|-damage|p2a: Great Tusk|98/100|[from] Stealth Rock
|-activate|p2a: Great Tusk|ability: Protosynthesis
|-start|p2a: Great Tusk|protosynthesisdef
|turn|23
|c|☆czar625|Risky
|c|☆czar625|Did you expect me to go for bullet seed?
|
|t:|1757917062
|move|p2a: Great Tusk|Knock Off|p1a: Skeledirge
|-supereffective|p1a: Skeledirge
|-damage|p1a: Skeledirge|58/100
|-enditem|p1a: Skeledirge|Leftovers|[from] move: Knock Off|[of] p2a: Great Tusk
|move|p1a: Skeledirge|Torch Song|p2a: Great Tusk
|-damage|p2a: Great Tusk|50/100
|-boost|p1a: Skeledirge|spa|1
|
|-weather|SunnyDay|[upkeep]
|upkeep
|turn|24
|
|t:|1757917076
|move|p2a: Great Tusk|Earthquake|p1a: Skeledirge
|-supereffective|p1a: Skeledirge
|-damage|p1a: Skeledirge|7/100
|move|p1a: Skeledirge|Shadow Ball|p2a: Great Tusk
|-damage|p2a: Great Tusk|3/100
|-unboost|p2a: Great Tusk|spd|1
|
|-weather|SunnyDay|[upkeep]
|upkeep
|turn|25
|
|t:|1757917086
|move|p2a: Great Tusk|Knock Off|p1a: Skeledirge
|-supereffective|p1a: Skeledirge
|-damage|p1a: Skeledirge|0 fnt
|faint|p1a: Skeledirge
|
|-weather|SunnyDay|[upkeep]
|upkeep
|
|t:|1757917090
|switch|p1a: Walking Wake|Walking Wake|100/100
|-activate|p1a: Walking Wake|ability: Protosynthesis
|-start|p1a: Walking Wake|protosynthesisspe
|turn|26
|
|t:|1757917100
|move|p1a: Walking Wake|Flamethrower|p2a: Great Tusk
|-damage|p2a: Great Tusk|0 fnt
|faint|p2a: Great Tusk
|-end|p2a: Great Tusk|Protosynthesis|[silent]
|
|-weather|SunnyDay|[upkeep]
|upkeep
|
|t:|1757917112
|switch|p2a: Iron Leaves|Iron Leaves|100/100
|-damage|p2a: Iron Leaves|88/100|[from] Stealth Rock
|-enditem|p2a: Iron Leaves|Booster Energy
|-activate|p2a: Iron Leaves|ability: Quark Drive|[fromitem]
|-start|p2a: Iron Leaves|quarkdrivespe
|turn|27
|
|t:|1757917121
|-terastallize|p2a: Iron Leaves|Fighting
|move|p1a: Walking Wake|Flamethrower|p2a: Iron Leaves
|-damage|p2a: Iron Leaves|25/100
|move|p2a: Iron Leaves|Psychic Terrain|p2a: Iron Leaves
|-fieldstart|move: Psychic Terrain
|
|-weather|none
|-end|p1a: Walking Wake|Protosynthesis
|upkeep
|turn|28
|
|t:|1757917155
|-end|p1a: Walking Wake|Protosynthesis|[silent]
|switch|p1a: Torkoal|Torkoal, M|41/100
|-weather|SunnyDay|[from] ability: Drought|[of] p1a: Torkoal
|move|p2a: Iron Leaves|Close Combat|p1a: Torkoal
|-damage|p1a: Torkoal|3/100
|-unboost|p2a: Iron Leaves|def|1
|-unboost|p2a: Iron Leaves|spd|1
|
|-weather|SunnyDay|[upkeep]
|upkeep
|turn|29
|
|t:|1757917171
|-end|p2a: Iron Leaves|Quark Drive|[silent]
|switch|p2a: Cryogonal|Cryogonal|31/100 tox
|move|p1a: Torkoal|Lava Plume|p2a: Cryogonal
|-supereffective|p2a: Cryogonal
|-damage|p2a: Cryogonal|0 fnt
|faint|p2a: Cryogonal
|
|-weather|SunnyDay|[upkeep]
|upkeep
|
|t:|1757917176
|switch|p2a: Scizor|Scizor, F|100/100
|-damage|p2a: Scizor|88/100|[from] Stealth Rock
|turn|30
|
|t:|1757917183
|move|p2a: Scizor|Defog|p1a: Torkoal
|-unboost|p1a: Torkoal|evasion|1
|-sideend|p2: czar625|Stealth Rock|[from] move: Defog|[of] p2a: Scizor
|-fieldend|move: Psychic Terrain
|move|p1a: Torkoal|Lava Plume|p2a: Scizor
|-supereffective|p2a: Scizor
|-damage|p2a: Scizor|0 fnt
|faint|p2a: Scizor
|
|-weather|SunnyDay|[upkeep]
|upkeep
|
|t:|1757917192
|switch|p2a: Hitmontop|Hitmontop, M|38/100
|turn|31
|
|t:|1757917222
|switch|p1a: Clodsire|Clodsire, F|30/100
|move|p2a: Hitmontop|Close Combat|p1a: Clodsire
|-resisted|p1a: Clodsire
|-damage|p1a: Clodsire|1/100
|-unboost|p2a: Hitmontop|def|1
|-unboost|p2a: Hitmontop|spd|1
|
|-weather|SunnyDay|[upkeep]
|-heal|p1a: Clodsire|7/100|[from] item: Black Sludge
|upkeep
|turn|32
|
|t:|1757917234
|move|p2a: Hitmontop|Close Combat|p1a: Clodsire
|-resisted|p1a: Clodsire
|-damage|p1a: Clodsire|0 fnt
|-unboost|p2a: Hitmontop|def|1
|-unboost|p2a: Hitmontop|spd|1
|faint|p1a: Clodsire
|
|-weather|SunnyDay|[upkeep]
|upkeep
|
|t:|1757917246
|switch|p1a: Walking Wake|Walking Wake|100/100
|-activate|p1a: Walking Wake|ability: Protosynthesis
|-start|p1a: Walking Wake|protosynthesisspe
|turn|33
|
|t:|1757917256
|-terastallize|p1a: Walking Wake|Water
|move|p1a: Walking Wake|Hydro Steam|p2a: Hitmontop
|-damage|p2a: Hitmontop|0 fnt
|faint|p2a: Hitmontop
|
|-weather|SunnyDay|[upkeep]
|upkeep
|
|t:|1757917259
|switch|p2a: Iron Leaves|Iron Leaves, tera:Fighting|25/100
|turn|34
|
|t:|1757917276
|move|p1a: Walking Wake|Hydro Steam|p2a: Iron Leaves
|-damage|p2a: Iron Leaves|0 fnt
|faint|p2a: Iron Leaves
|-end|p2a: Iron Leaves|Quark Drive|[silent]
|
|win|RiaSingh2121
|raw|RiaSingh2121's rating: 1107 &rarr; <strong>1130</strong><br />(+23 for winning)
|raw|czar625's rating: 1078 &rarr; <strong>1058</strong><br />(-20 for losing)
|l|☆czar625
|player|p2|
|l|☆RiaSingh2121
|player|p1|
