|j|☆butterskotchh
|j|☆itspaoloooo
|t:|1757909560
|gametype|singles
|player|p1|butterskotchh|pokemaniac|1093
|player|p2|itspaoloooo|hilbert-wonderlauncher|1100
|gen|9
|tier|[Gen 9] OU
|rated|
|rule|HP Percentage Mod: HP is shown in percentages
|rule|Endless Battle Clause: Forcing endless battles is banned
|rule|Species Clause: Limit one of each Pokémon
|rule|OHKO Clause: OHKO moves are banned
|rule|Evasion Items Clause: Evasion items are banned
|rule|Evasion Moves Clause: Evasion moves are banned
|rule|Evasion Abilities Clause: Evasion abilities are banned
|rule|Sleep Moves Clause: Sleep-inducing moves are banned
|clearpoke
|poke|p1|Comfey, M|
|poke|p1|Whimsicott, M|
|poke|p1|Ceruledge, F|
|poke|p1|Walking Wake|
|poke|p1|Great Tusk|
|poke|p1|Ninetales, F|
|poke|p2|Galvantula, M|
|poke|p2|Sneasel, F|
|poke|p2|Donphan, M|
|poke|p2|Alomomola, F|
|poke|p2|Blaziken, M|
|poke|p2|Decidueye, M|
|teampreview
|inactive|Battle timer is ON: inactive players will automatically lose when time's up. (requested by itspaoloooo)
|
|t:|1757909567
|teamsize|p1|6
|teamsize|p2|6
|start
|switch|p1a: Kaiju|Walking Wake|100/100
|switch|p2a: Blaziken|Blaziken, M|100/100
|turn|1
|
|t:|1757909573
|move|p1a: Kaiju|Flip Turn|p2a: Blaziken
|-supereffective|p2a: Blaziken
|-damage|p2a: Blaziken|49/100
|
|t:|1757909580
|-end|p1a: Kaiju|Protosynthesis|[silent]
|switch|p1a: Manny|Great Tusk|100/100|[from] Flip Turn
|move|p2a: Blaziken|Swords Dance|p2a: Blaziken
|-boost|p2a: Blaziken|atk|2
|
|-ability|p2a: Blaziken|Speed Boost|boost
|-boost|p2a: Blaziken|spe|1
|upkeep
|turn|2
|
|t:|1757909590
|move|p2a: Blaziken|Blaze Kick|p1a: Manny
|-damage|p1a: Manny|45/100
|-damage|p2a: Blaziken|32/100|[from] item: Rocky Helmet|[of] p1a: Manny
|move|p1a: Manny|Ice Spinner|p2a: Blaziken
|-resisted|p2a: Blaziken
|-damage|p2a: Blaziken|14/100
|
|-ability|p2a: Blaziken|Speed Boost|boost
|-boost|p2a: Blaziken|spe|1
|upkeep
|turn|3
|
|t:|1757909605
|move|p2a: Blaziken|Reversal|p1a: Manny
|-damage|p1a: Manny|0 fnt
|-damage|p2a: Blaziken|0 fnt|[from] item: Rocky Helmet|[of] p1a: Manny
|faint|p1a: Manny
|-end|p1a: Manny|Protosynthesis|[silent]
|faint|p2a: Blaziken
|
|upkeep
|
|t:|1757909615
|switch|p1a: Kaiju|Walking Wake|100/100
|switch|p2a: Galvantula|Galvantula, M|100/100
|turn|4
|
|t:|1757909622
|move|p1a: Kaiju|Flip Turn|p2a: Galvantula
|-damage|p2a: Galvantula|70/100
|
|t:|1757909632
|-end|p1a: Kaiju|Protosynthesis|[silent]
|switch|p1a: Naruto|Ninetales, F|100/100|[from] Flip Turn
|-weather|SunnyDay|[from] ability: Drought|[of] p1a: Naruto
|move|p2a: Galvantula|Thunder Wave|p1a: Naruto
|-status|p1a: Naruto|par
|
|-weather|SunnyDay|[upkeep]
|upkeep
|turn|5
|
|t:|1757909643
|move|p2a: Galvantula|Sticky Web|p1a: Naruto
|-sidestart|p1: butterskotchh|move: Sticky Web
|move|p1a: Naruto|Will-O-Wisp|p2a: Galvantula
|-status|p2a: Galvantula|brn
|
|-weather|SunnyDay|[upkeep]
|-damage|p2a: Galvantula|64/100 brn|[from] brn
|upkeep
|turn|6
|
|t:|1757909650
|switch|p2a: Alomomola|Alomomola, F|100/100
|cant|p1a: Naruto|par
|
|-weather|SunnyDay|[upkeep]
|upkeep
|turn|7
|
|t:|1757909655
|move|p2a: Alomomola|Wish|p2a: Alomomola
|move|p1a: Naruto|Weather Ball|p2a: Alomomola
|-resisted|p2a: Alomomola
|-damage|p2a: Alomomola|75/100
|
|-weather|SunnyDay|[upkeep]
|-heal|p2a: Alomomola|81/100|[from] item: Leftovers
|upkeep
|turn|8
|
|t:|1757909664
|move|p2a: Alomomola|Liquidation|p1a: Naruto
|-supereffective|p1a: Naruto
|-damage|p1a: Naruto|72/100 par
|move|p1a: Naruto|Encore|p2a: Alomomola
|-start|p2a: Alomomola|Encore
|
|-weather|SunnyDay|[upkeep]
|-heal|p2a: Alomomola|100/100|[from] move: Wish|[wisher] Alomomola
|upkeep
|turn|9
|
|t:|1757909680
|move|p2a: Alomomola|Liquidation|p1a: Naruto
|-supereffective|p1a: Naruto
|-damage|p1a: Naruto|47/100 par
|move|p1a: Naruto|Will-O-Wisp|p2a: Alomomola
|-status|p2a: Alomomola|brn
|
|-weather|SunnyDay|[upkeep]
|-damage|p2a: Alomomola|94/100 brn|[from] brn
|upkeep
|turn|10
|
|t:|1757909693
|switch|p1a: Kaiju|Walking Wake|100/100
|-activate|p1a: Kaiju|move: Sticky Web
|-unboost|p1a: Kaiju|spe|1
|-activate|p1a: Kaiju|ability: Protosynthesis
|-start|p1a: Kaiju|protosynthesisspa
|move|p2a: Alomomola|Liquidation|p1a: Kaiju
|-resisted|p1a: Kaiju
|-damage|p1a: Kaiju|99/100
|
|-weather|SunnyDay|[upkeep]
|-heal|p2a: Alomomola|100/100 brn|[from] item: Leftovers
|-damage|p2a: Alomomola|94/100 brn|[from] brn
|upkeep
|turn|11
|
|t:|1757909706
|move|p1a: Kaiju|Knock Off|p2a: Alomomola
|-damage|p2a: Alomomola|85/100 brn
|-enditem|p2a: Alomomola|Leftovers|[from] move: Knock Off|[of] p1a: Kaiju
|move|p2a: Alomomola|Liquidation|p1a: Kaiju
|-resisted|p1a: Kaiju
|-damage|p1a: Kaiju|98/100
|
|-weather|none
|-end|p1a: Kaiju|Protosynthesis
|-damage|p2a: Alomomola|79/100 brn|[from] brn
|-end|p2a: Alomomola|Encore
|upkeep
|turn|12
|
|t:|1757909718
|move|p1a: Kaiju|Draco Meteor|p2a: Alomomola
|-damage|p2a: Alomomola|8/100 brn
|-unboost|p1a: Kaiju|spa|2
|move|p2a: Alomomola|Wish|p2a: Alomomola
|
|-damage|p2a: Alomomola|2/100 brn|[from] brn
|upkeep
|turn|13
|
|t:|1757909733
|switch|p2a: Decidueye|Decidueye, M|100/100
|move|p1a: Kaiju|Knock Off|p2a: Decidueye
|-supereffective|p2a: Decidueye
|-damage|p2a: Decidueye|55/100
|-enditem|p2a: Decidueye|Metronome|[from] move: Knock Off|[of] p1a: Kaiju
|
|-heal|p2a: Decidueye|100/100|[from] move: Wish|[wisher] Alomomola
|upkeep
|turn|14
|
|t:|1757909745
|move|p1a: Kaiju|Knock Off|p2a: Decidueye
|-supereffective|p2a: Decidueye
|-damage|p2a: Decidueye|74/100
|move|p2a: Decidueye|Spirit Shackle|p1a: Kaiju
|-damage|p1a: Kaiju|61/100
|-activate|p1a: Kaiju|trapped
|
|upkeep
|turn|15
|
|t:|1757909765
|move|p1a: Kaiju|Flip Turn|p2a: Decidueye
|-resisted|p2a: Decidueye
|-damage|p2a: Decidueye|65/100
|
|t:|1757909769
|-end|p1a: Kaiju|Protosynthesis|[silent]
|switch|p1a: Peanut|Whimsicott, M|100/100|[from] Flip Turn
|-activate|p1a: Peanut|move: Sticky Web
|-unboost|p1a: Peanut|spe|1
|move|p2a: Decidueye|Spirit Shackle|p1a: Peanut
|-damage|p1a: Peanut|49/100
|-activate|p1a: Peanut|trapped
|
|upkeep
|turn|16
|
|t:|1757909778
|move|p1a: Peanut|Shadow Ball|p2a: Decidueye
|-supereffective|p2a: Decidueye
|-damage|p2a: Decidueye|16/100
|-damage|p1a: Peanut|40/100|[from] item: Life Orb
|move|p2a: Decidueye|Spirit Shackle|p1a: Peanut
|-damage|p1a: Peanut|0 fnt
|faint|p1a: Peanut
|
|upkeep
|inactive|butterskotchh has 120 seconds left.
|
|t:|1757909819
|switch|p1a: Pfop|Comfey, M|100/100
|-activate|p1a: Pfop|move: Sticky Web
|-unboost|p1a: Pfop|spe|1
|turn|17
|
|t:|1757909840
|move|p1a: Pfop|Draining Kiss|p2a: Decidueye
|-damage|p2a: Decidueye|0 fnt
|faint|p2a: Decidueye
|-damage|p1a: Pfop|91/100|[from] item: Life Orb
|
|upkeep
|
|t:|1757909847
|switch|p2a: Alomomola|Alomomola, F|35/100 brn
|turn|18
|
|t:|1757909859
|move|p2a: Alomomola|Wish|p2a: Alomomola
|move|p1a: Pfop|Growth|p1a: Pfop
|-boost|p1a: Pfop|atk|1
|-boost|p1a: Pfop|spa|1
|
|-damage|p2a: Alomomola|29/100 brn|[from] brn
|upkeep
|turn|19
|
|t:|1757909865
|move|p2a: Alomomola|Flip Turn|p1a: Pfop
|-damage|p1a: Pfop|81/100
|
|t:|1757909869
|switch|p2a: Galvantula|Galvantula, M|64/100 brn|[from] Flip Turn
|move|p1a: Pfop|Growth|p1a: Pfop
|-boost|p1a: Pfop|atk|1
|-boost|p1a: Pfop|spa|1
|
|-heal|p2a: Galvantula|100/100 brn|[from] move: Wish|[wisher] Alomomola
|-damage|p2a: Galvantula|94/100 brn|[from] brn
|upkeep
|turn|20
|inactive|butterskotchh has 120 seconds left.
|
|t:|1757909880
|move|p2a: Galvantula|Thunder Wave|p1a: Pfop
|-status|p1a: Pfop|par
|cant|p1a: Pfop|par
|
|-damage|p2a: Galvantula|88/100 brn|[from] brn
|upkeep
|turn|21
|inactive|butterskotchh has 120 seconds left.
|
|t:|1757909886
|move|p2a: Galvantula|Thunder|p1a: Pfop
|-damage|p1a: Pfop|28/100 par
|move|p1a: Pfop|Stored Power|p2a: Galvantula
|-damage|p2a: Galvantula|0 fnt
|faint|p2a: Galvantula
|-damage|p1a: Pfop|18/100 par|[from] item: Life Orb
|
|upkeep
|
|t:|1757909898
|switch|p2a: Donphan|Donphan, M|100/100
|turn|22
|
|t:|1757909910
|-terastallize|p1a: Pfop|Steel
|move|p1a: Pfop|Synthesis|p1a: Pfop
|-heal|p1a: Pfop|68/100 par
|move|p2a: Donphan|Rapid Spin|p1a: Pfop
|-resisted|p1a: Pfop
|-damage|p1a: Pfop|58/100 par
|-boost|p2a: Donphan|spe|1
|
|upkeep
|turn|23
|
|t:|1757909920
|move|p1a: Pfop|Synthesis|p1a: Pfop
|-heal|p1a: Pfop|100/100 par
|move|p2a: Donphan|Earthquake|p1a: Pfop
|-supereffective|p1a: Pfop
|-damage|p1a: Pfop|0 fnt
|faint|p1a: Pfop
|
|upkeep
|inactive|butterskotchh has 120 seconds left.
|
|t:|1757909949
|switch|p1a: Two-Sword Style|Ceruledge, F|100/100
|-activate|p1a: Two-Sword Style|move: Sticky Web
|-unboost|p1a: Two-Sword Style|spe|1
|turn|24
|
|t:|1757909963
|move|p2a: Donphan|Earthquake|p1a: Two-Sword Style
|-supereffective|p1a: Two-Sword Style
|-damage|p1a: Two-Sword Style|0 fnt
|faint|p1a: Two-Sword Style
|
|upkeep
|-message|butterskotchh forfeited.
|
|win|itspaoloooo
|raw|butterskotchh's rating: 1093 &rarr; <strong>1070</strong><br />(-23 for losing)
|raw|itspaoloooo's rating: 1100 &rarr; <strong>1124</strong><br />(+24 for winning)
|l|☆butterskotchh
|player|p1|
|l|☆itspaoloooo
|player|p2|
