|j|☆heourezuru
|j|☆azaleajennings
|t:|1757894133
|gametype|singles
|player|p1|heourezuru|iris|1073
|player|p2|azaleajennings|pokemonbreederf-gen4|1087
|gen|9
|tier|[Gen 9] OU
|rated|
|rule|HP Percentage Mod: HP is shown in percentages
|rule|Endless Battle Clause: Forcing endless battles is banned
|rule|Species Clause: Limit one of each Pokémon
|rule|OHKO Clause: OHKO moves are banned
|rule|Evasion Items Clause: Evasion items are banned
|rule|Evasion Moves Clause: Evasion moves are banned
|rule|Evasion Abilities Clause: Evasion abilities are banned
|rule|Sleep Moves Clause: Sleep-inducing moves are banned
|clearpoke
|poke|p1|Meowscarada, M|
|poke|p1|Ceruledge, M|
|poke|p1|Ogerpon-Wellspring, F|
|poke|p1|Ursaluna, M|
|poke|p1|Dragapult, F|
|poke|p1|Kingambit, M|
|poke|p2|Dragonite, F|
|poke|p2|Zamazenta-*|
|poke|p2|Landorus-Therian, M|
|poke|p2|Gholdengo|
|poke|p2|Darkrai|
|poke|p2|Hatterene, F|
|teampreview
|
|t:|1757894143
|teamsize|p1|6
|teamsize|p2|6
|start
|switch|p1a: Ogerpon|Ogerpon-Wellspring, F|100/100
|switch|p2a: Darkrai|Darkrai|100/100
|turn|1
|
|t:|1757894151
|move|p2a: Darkrai|Taunt|p1a: Ogerpon
|-start|p1a: Ogerpon|move: Taunt
|cant|p1a: Ogerpon|move: Taunt|Spikes
|
|upkeep
|turn|2
|
|t:|1757894159
|move|p2a: Darkrai|Will-O-Wisp|p1a: Ogerpon
|-status|p1a: Ogerpon|brn
|move|p1a: Ogerpon|Ivy Cudgel|p2a: Darkrai|[anim] Ivy Cudgel Water
|-damage|p2a: Darkrai|65/100
|
|-damage|p1a: Ogerpon|95/100 brn|[from] brn
|upkeep
|turn|3
|
|t:|1757894171
|-terastallize|p1a: Ogerpon|Water
|detailschange|p1a: Ogerpon|Ogerpon-Wellspring-Tera, F, tera:Water
|-ability|p1a: Ogerpon|Embody Aspect (Wellspring)|boost
|-boost|p1a: Ogerpon|spd|1
|move|p2a: Darkrai|Dark Pulse|p1a: Ogerpon
|-damage|p1a: Ogerpon|64/100 brn
|move|p1a: Ogerpon|Ivy Cudgel|p2a: Darkrai|[anim] Ivy Cudgel Water
|-damage|p2a: Darkrai|21/100
|
|-damage|p1a: Ogerpon|58/100 brn|[from] brn
|-end|p1a: Ogerpon|move: Taunt
|upkeep
|turn|4
|
|t:|1757894197
|switch|p2a: Zamazenta|Zamazenta|100/100
|-ability|p2a: Zamazenta|Dauntless Shield|boost
|-boost|p2a: Zamazenta|def|1
|move|p1a: Ogerpon|Synthesis|p1a: Ogerpon
|-heal|p1a: Ogerpon|100/100 brn
|
|-damage|p1a: Ogerpon|95/100 brn|[from] brn
|upkeep
|turn|5
|
|t:|1757894214
|move|p2a: Zamazenta|Body Press|p1a: Ogerpon
|-damage|p1a: Ogerpon|14/100 brn
|move|p1a: Ogerpon|Spikes|p2a: Zamazenta
|-sidestart|p2: azaleajennings|Spikes
|
|-damage|p1a: Ogerpon|8/100 brn|[from] brn
|upkeep
|turn|6
|
|t:|1757894225
|switch|p1a: Dragapult|Dragapult, F|100/100
|move|p2a: Zamazenta|Crunch|p1a: Dragapult
|-supereffective|p1a: Dragapult
|-damage|p1a: Dragapult|42/100
|
|upkeep
|turn|7
|
|t:|1757894239
|switch|p2a: Hatterene|Hatterene, F|100/100
|-damage|p2a: Hatterene|88/100|[from] Spikes
|move|p1a: Dragapult|U-turn|p2a: Hatterene
|-damage|p2a: Hatterene|69/100
|
|t:|1757894246
|switch|p1a: Ursaluna|Ursaluna, M|100/100|[from] U-turn
|
|upkeep
|turn|8
|
|t:|1757894254
|move|p1a: Ursaluna|Swords Dance|p1a: Ursaluna
|-boost|p1a: Ursaluna|atk|2
|move|p2a: Hatterene|Draining Kiss|p1a: Ursaluna
|-damage|p1a: Ursaluna|79/100
|-heal|p2a: Hatterene|93/100|[from] drain|[of] p1a: Ursaluna
|
|upkeep
|turn|9
|
|t:|1757894265
|move|p1a: Ursaluna|Headlong Rush|p2a: Hatterene
|-damage|p2a: Hatterene|0 fnt
|-unboost|p1a: Ursaluna|def|1
|-unboost|p1a: Ursaluna|spd|1
|faint|p2a: Hatterene
|
|upkeep
|
|t:|1757894283
|switch|p2a: Zamazenta|Zamazenta|100/100
|-damage|p2a: Zamazenta|88/100|[from] Spikes
|turn|10
|
|t:|1757894295
|switch|p1a: Ceruledge|Ceruledge, M|100/100
|move|p2a: Zamazenta|Body Press|p1a: Ceruledge
|-immune|p1a: Ceruledge
|
|-heal|p2a: Zamazenta|94/100|[from] item: Leftovers
|upkeep
|turn|11
|
|t:|1757894311
|switch|p2a: Landorus|Landorus-Therian, M|100/100
|-ability|p2a: Landorus|Intimidate|boost
|-unboost|p1a: Ceruledge|atk|1
|move|p1a: Ceruledge|Bitter Blade|p2a: Landorus
|-damage|p2a: Landorus|70/100
|-damage|p1a: Ceruledge|84/100|[from] item: Rocky Helmet|[of] p2a: Landorus
|
|upkeep
|turn|12
|l|☆azaleajennings
|player|p2|
|j|☆azaleajennings
|player|p2|azaleajennings|pokemonbreederf-gen4|
|
|t:|1757894348
|move|p1a: Ceruledge|Close Combat|p2a: Landorus
|-resisted|p2a: Landorus
|-damage|p2a: Landorus|56/100
|-unboost|p1a: Ceruledge|def|1
|-unboost|p1a: Ceruledge|spd|1
|-damage|p1a: Ceruledge|68/100|[from] item: Rocky Helmet|[of] p2a: Landorus
|move|p2a: Landorus|U-turn|p1a: Ceruledge
|-resisted|p1a: Ceruledge
|-damage|p1a: Ceruledge|57/100
|-ability|p1a: Ceruledge|Weak Armor|boost
|-unboost|p1a: Ceruledge|def|1
|-boost|p1a: Ceruledge|spe|2
|
|t:|1757894365
|switch|p2a: Darkrai|Darkrai|21/100|[from] U-turn
|
|upkeep
|turn|13
|
|t:|1757894372
|switch|p2a: Landorus|Landorus-Therian, M|56/100
|-ability|p2a: Landorus|Intimidate|boost
|-unboost|p1a: Ceruledge|atk|1
|move|p1a: Ceruledge|Bitter Blade|p2a: Landorus
|-damage|p2a: Landorus|32/100
|-heal|p1a: Ceruledge|72/100|[from] drain|[of] p2a: Landorus
|-damage|p1a: Ceruledge|56/100|[from] item: Rocky Helmet|[of] p2a: Landorus
|
|upkeep
|turn|14
|
|t:|1757894385
|switch|p1a: Ursaluna|Ursaluna, M|79/100
|move|p2a: Landorus|Earthquake|p1a: Ursaluna
|-damage|p1a: Ursaluna|44/100
|
|upkeep
|turn|15
|
|t:|1757894392
|move|p2a: Landorus|U-turn|p1a: Ursaluna
|-damage|p1a: Ursaluna|27/100
|
|t:|1757894394
|switch|p2a: Darkrai|Darkrai|21/100|[from] U-turn
|move|p1a: Ursaluna|Ice Punch|p2a: Darkrai
|-damage|p2a: Darkrai|0 fnt
|faint|p2a: Darkrai
|
|upkeep
|
|t:|1757894402
|switch|p2a: Landorus|Landorus-Therian, M|32/100
|-ability|p2a: Landorus|Intimidate|boost
|-unboost|p1a: Ursaluna|atk|1
|turn|16
|
|t:|1757894406
|move|p2a: Landorus|Earthquake|p1a: Ursaluna
|-damage|p1a: Ursaluna|0 fnt
|faint|p1a: Ursaluna
|
|upkeep
|
|t:|1757894412
|switch|p1a: Dragapult|Dragapult, F|42/100
|turn|17
|
|t:|1757894426
|move|p1a: Dragapult|Draco Meteor|p2a: Landorus|[miss]
|-miss|p1a: Dragapult|p2a: Landorus
|move|p2a: Landorus|Stealth Rock|p1a: Dragapult
|-sidestart|p1: heourezuru|move: Stealth Rock
|
|upkeep
|turn|18
|
|t:|1757894433
|move|p1a: Dragapult|Draco Meteor|p2a: Landorus
|-damage|p2a: Landorus|0 fnt
|-unboost|p1a: Dragapult|spa|2
|faint|p2a: Landorus
|
|upkeep
|
|t:|1757894450
|switch|p2a: Dragonite|Dragonite, F|100/100
|turn|19
|
|t:|1757894453
|move|p1a: Dragapult|Draco Meteor|p2a: Dragonite
|-supereffective|p2a: Dragonite
|-damage|p2a: Dragonite|60/100
|-unboost|p1a: Dragapult|spa|2
|move|p2a: Dragonite|Dragon Dance|p2a: Dragonite
|-boost|p2a: Dragonite|atk|1
|-boost|p2a: Dragonite|spe|1
|
|upkeep
|turn|20
|
|t:|1757894461
|move|p2a: Dragonite|Dragon Dance|p2a: Dragonite
|-boost|p2a: Dragonite|atk|1
|-boost|p2a: Dragonite|spe|1
|move|p1a: Dragapult|Draco Meteor|p2a: Dragonite
|-supereffective|p2a: Dragonite
|-damage|p2a: Dragonite|0 fnt
|-unboost|p1a: Dragapult|spa|2
|faint|p2a: Dragonite
|
|upkeep
|c|☆azaleajennings|Oops
|
|t:|1757894479
|switch|p2a: Zamazenta|Zamazenta|94/100
|-damage|p2a: Zamazenta|82/100|[from] Spikes
|turn|21
|
|t:|1757894487
|-terastallize|p2a: Zamazenta|Fire
|move|p1a: Dragapult|Draco Meteor|p2a: Zamazenta
|-damage|p2a: Zamazenta|62/100
|move|p2a: Zamazenta|Crunch|p1a: Dragapult
|-supereffective|p1a: Dragapult
|-damage|p1a: Dragapult|0 fnt
|faint|p1a: Dragapult
|
|-heal|p2a: Zamazenta|68/100|[from] item: Leftovers
|upkeep
|
|t:|1757894500
|switch|p1a: Ceruledge|Ceruledge, M|56/100
|-damage|p1a: Ceruledge|31/100|[from] Stealth Rock
|turn|22
|
|t:|1757894505
|move|p2a: Zamazenta|Crunch|p1a: Ceruledge
|-supereffective|p1a: Ceruledge
|-damage|p1a: Ceruledge|0 fnt
|faint|p1a: Ceruledge
|
|-heal|p2a: Zamazenta|74/100|[from] item: Leftovers
|upkeep
|
|t:|1757894511
|switch|p1a: Ogerpon|Ogerpon-Wellspring-Tera, F, tera:Water|8/100 brn
|-damage|p1a: Ogerpon|0 fnt|[from] Stealth Rock
|faint|p1a: Ogerpon
|detailschange|p1: Ogerpon|Ogerpon-Wellspring, F|[silent]
|
|t:|1757894517
|switch|p1a: Meowscarada|Meowscarada, M|100/100
|turn|23
|
|t:|1757894525
|move|p2a: Zamazenta|Body Press|p1a: Meowscarada
|-supereffective|p1a: Meowscarada
|-damage|p1a: Meowscarada|0 fnt
|faint|p1a: Meowscarada
|
|-heal|p2a: Zamazenta|80/100|[from] item: Leftovers
|upkeep
|
|t:|1757894531
|switch|p1a: Kingambit|Kingambit, M|100/100
|-damage|p1a: Kingambit|94/100|[from] Stealth Rock
|-activate|p1a: Kingambit|ability: Supreme Overlord
|-start|p1a: Kingambit|fallen5|[silent]
|turn|24
|
|t:|1757894541
|move|p2a: Zamazenta|Iron Defense|p2a: Zamazenta
|-boost|p2a: Zamazenta|def|2
|move|p1a: Kingambit|Iron Head|p2a: Zamazenta
|-resisted|p2a: Zamazenta
|-damage|p2a: Zamazenta|66/100
|
|-heal|p2a: Zamazenta|72/100|[from] item: Leftovers
|upkeep
|turn|25
|
|t:|1757894549
|move|p2a: Zamazenta|Body Press|p1a: Kingambit
|-supereffective|p1a: Kingambit
|-damage|p1a: Kingambit|0 fnt
|faint|p1a: Kingambit
|-end|p1a: Kingambit|fallen5|[silent]
|
|win|azaleajennings
|raw|heourezuru's rating: 1073 &rarr; <strong>1053</strong><br />(-20 for losing)
|raw|azaleajennings's rating: 1087 &rarr; <strong>1113</strong><br />(+26 for winning)
|c|☆azaleajennings|No tera?
|c|☆heourezuru|im officially zamazenta top 1 hater
|c|☆heourezuru|i swear
|l|☆heourezuru
|player|p1|
|c|☆azaleajennings|🥺
