|j|☆palm-tree119
|j|☆TruckingMaggot
|t:|1757817715
|gametype|singles
|player|p1|palm-tree119|ethan|1107
|player|p2|TruckingMaggot|170|1067
|gen|9
|tier|[Gen 9] OU
|rated|
|rule|HP Percentage Mod: HP is shown in percentages
|rule|Endless Battle Clause: Forcing endless battles is banned
|rule|Species Clause: Limit one of each Pokémon
|rule|OHKO Clause: OHKO moves are banned
|rule|Evasion Items Clause: Evasion items are banned
|rule|Evasion Moves Clause: Evasion moves are banned
|rule|Evasion Abilities Clause: Evasion abilities are banned
|rule|Sleep Moves Clause: Sleep-inducing moves are banned
|clearpoke
|poke|p1|Basculin, M|
|poke|p1|Meowscarada, M|
|poke|p1|Dragapult, M|
|poke|p1|Great Tusk|
|poke|p1|Azumarill, M|
|poke|p1|Cinderace, M|
|poke|p2|Skarmory, M|
|poke|p2|Tyranitar, M|
|poke|p2|Weezing-Galar, F|
|poke|p2|Cacturne, M|
|poke|p2|Ting-Lu|
|poke|p2|Talonflame, M|
|teampreview
|inactive|Battle timer is ON: inactive players will automatically lose when time's up. (requested by palm-tree119)
|
|t:|1757817724
|teamsize|p1|6
|teamsize|p2|6
|start
|switch|p1a: Meowscarada|Meowscarada, M|100/100
|switch|p2a: Ting-Lu|Ting-Lu|100/100
|-ability|p2a: Ting-Lu|Vessel of Ruin
|turn|1
|
|t:|1757817735
|move|p1a: Meowscarada|Flower Trick|p2a: Ting-Lu
|-start|p1a: Meowscarada|typechange|Grass|[from] ability: Protean
|-supereffective|p2a: Ting-Lu
|-crit|p2a: Ting-Lu
|-damage|p2a: Ting-Lu|34/100
|-damage|p1a: Meowscarada|91/100|[from] item: Life Orb
|move|p2a: Ting-Lu|Stealth Rock|p1a: Meowscarada
|-sidestart|p1: palm-tree119|move: Stealth Rock
|
|upkeep
|turn|2
|
|t:|1757817746
|switch|p2a: Talonflame|Talonflame, M|100/100
|move|p1a: Meowscarada|Flower Trick|p2a: Talonflame
|-resisted|p2a: Talonflame
|-crit|p2a: Talonflame
|-damage|p2a: Talonflame|75/100
|-damage|p1a: Meowscarada|81/100|[from] item: Life Orb
|
|upkeep
|turn|3
|
|t:|1757817752
|switch|p1a: Cinderace|Cinderace, M|100/100
|move|p2a: Talonflame|U-turn|p1a: Cinderace
|-resisted|p1a: Cinderace
|-damage|p1a: Cinderace|87/100
|
|t:|1757817757
|switch|p2a: ScorEater|Tyranitar, M|100/100|[from] U-turn
|-weather|Sandstorm|[from] ability: Sand Stream|[of] p2a: ScorEater
|
|-weather|Sandstorm|[upkeep]
|-damage|p1a: Cinderace|81/100|[from] Sandstorm
|upkeep
|turn|4
|
|t:|1757817761
|move|p1a: Cinderace|High Jump Kick|p2a: ScorEater
|-start|p1a: Cinderace|typechange|Fighting|[from] ability: Libero
|-supereffective|p2a: ScorEater
|-damage|p2a: ScorEater|0 fnt
|faint|p2a: ScorEater
|
|-weather|Sandstorm|[upkeep]
|-damage|p1a: Cinderace|75/100|[from] Sandstorm
|upkeep
|
|t:|1757817774
|switch|p2a: FancyBong|Weezing-Galar, F|100/100
|turn|5
|
|t:|1757817778
|move|p1a: Cinderace|Court Change|p1a: Cinderace
|-swapsideconditions
|-activate|p1a: Cinderace|move: Court Change
|move|p2a: FancyBong|Strange Steam|p1a: Cinderace
|-supereffective|p1a: Cinderace
|-damage|p1a: Cinderace|0 fnt
|faint|p1a: Cinderace
|
|-weather|Sandstorm|[upkeep]
|-damage|p2a: FancyBong|94/100|[from] Sandstorm
|upkeep
|
|t:|1757817787
|switch|p1a: Basculin|Basculin, M|100/100
|turn|6
|
|t:|1757817791
|move|p1a: Basculin|Wave Crash|p2a: FancyBong
|-damage|p2a: FancyBong|12/100
|-damage|p1a: Basculin|74/100|[from] Recoil
|move|p2a: FancyBong|Defog|p1a: Basculin
|-unboost|p1a: Basculin|evasion|1
|-sideend|p2: TruckingMaggot|Stealth Rock|[from] move: Defog|[of] p2a: FancyBong
|
|-weather|Sandstorm|[upkeep]
|-damage|p1a: Basculin|68/100|[from] Sandstorm
|-damage|p2a: FancyBong|6/100|[from] Sandstorm
|upkeep
|turn|7
|
|t:|1757817799
|switch|p2a: Water Sponge|Cacturne, M|100/100
|move|p1a: Basculin|Wave Crash|p2a: Water Sponge
|-immune|p2a: Water Sponge|[from] ability: Water Absorb
|
|-weather|none
|upkeep
|turn|8
|
|t:|1757817805
|switch|p1a: Meowscarada|Meowscarada, M|81/100
|move|p2a: Water Sponge|Trailblaze|p1a: Meowscarada
|-resisted|p1a: Meowscarada
|-damage|p1a: Meowscarada|60/100
|-boost|p2a: Water Sponge|spe|1
|
|upkeep
|turn|9
|
|t:|1757817816
|switch|p2a: Ting-Lu|Ting-Lu|34/100
|-ability|p2a: Ting-Lu|Vessel of Ruin
|move|p1a: Meowscarada|U-turn|p2a: Ting-Lu
|-start|p1a: Meowscarada|typechange|Bug|[from] ability: Protean
|-supereffective|p2a: Ting-Lu
|-damage|p2a: Ting-Lu|0 fnt
|faint|p2a: Ting-Lu
|-damage|p1a: Meowscarada|50/100|[from] item: Life Orb
|
|t:|1757817823
|switch|p1a: Dragapult|Dragapult, M, shiny|100/100|[from] U-turn
|
|upkeep
|
|t:|1757817828
|switch|p2a: FancyBong|Weezing-Galar, F|6/100
|turn|10
|
|t:|1757817831
|move|p1a: Dragapult|Shadow Ball|p2a: FancyBong
|-damage|p2a: FancyBong|0 fnt
|faint|p2a: FancyBong
|
|upkeep
|
|t:|1757817836
|switch|p2a: NoLead?|Skarmory, M|100/100
|turn|11
|
|t:|1757817843
|move|p1a: Dragapult|Shadow Ball|p2a: NoLead?
|-damage|p2a: NoLead?|18/100
|-enditem|p2a: NoLead?|Red Card|[of] p1a: Dragapult
|drag|p1a: Meowscarada|Meowscarada, M|50/100
|move|p2a: NoLead?|Roost|p2a: NoLead?
|-heal|p2a: NoLead?|68/100
|-singleturn|p2a: NoLead?|move: Roost
|
|upkeep
|turn|12
|
|t:|1757817853
|move|p1a: Meowscarada|U-turn|p2a: NoLead?
|-start|p1a: Meowscarada|typechange|Bug|[from] ability: Protean
|-resisted|p2a: NoLead?
|-damage|p2a: NoLead?|60/100
|-damage|p1a: Meowscarada|40/100|[from] item: Life Orb
|
|t:|1757817857
|switch|p1a: Basculin|Basculin, M|68/100|[from] U-turn
|move|p2a: NoLead?|Payback|p1a: Basculin
|-damage|p1a: Basculin|45/100
|
|upkeep
|turn|13
|
|t:|1757817863
|move|p1a: Basculin|Head Smash|p2a: NoLead?
|-damage|p2a: NoLead?|15/100
|-damage|p1a: Basculin|23/100|[from] Recoil
|move|p2a: NoLead?|Roost|p2a: NoLead?
|-heal|p2a: NoLead?|65/100
|-singleturn|p2a: NoLead?|move: Roost
|
|upkeep
|turn|14
|
|t:|1757817875
|switch|p1a: Meowscarada|Meowscarada, M|40/100
|move|p2a: NoLead?|Roost|p2a: NoLead?
|-heal|p2a: NoLead?|100/100
|-singleturn|p2a: NoLead?|move: Roost
|
|upkeep
|turn|15
|
|t:|1757817882
|move|p1a: Meowscarada|U-turn|p2a: NoLead?
|-start|p1a: Meowscarada|typechange|Bug|[from] ability: Protean
|-resisted|p2a: NoLead?
|-damage|p2a: NoLead?|92/100
|-damage|p1a: Meowscarada|31/100|[from] item: Life Orb
|
|t:|1757817890
|switch|p1a: Dragapult|Dragapult, M, shiny|100/100|[from] U-turn
|move|p2a: NoLead?|Curse|p2a: NoLead?
|-unboost|p2a: NoLead?|spe|1
|-boost|p2a: NoLead?|atk|1
|-boost|p2a: NoLead?|def|1
|
|upkeep
|turn|16
|
|t:|1757817896
|move|p1a: Dragapult|Fire Blast|p2a: NoLead?|[miss]
|-miss|p1a: Dragapult|p2a: NoLead?
|move|p2a: NoLead?|Payback|p1a: Dragapult
|-supereffective|p1a: Dragapult
|-damage|p1a: Dragapult|0 fnt
|faint|p1a: Dragapult
|
|upkeep
|
|t:|1757817904
|switch|p1a: Azumarill|Azumarill, M|100/100
|turn|17
|
|t:|1757817907
|move|p1a: Azumarill|Belly Drum|p1a: Azumarill
|-damage|p1a: Azumarill|50/100
|-setboost|p1a: Azumarill|atk|6|[from] move: Belly Drum
|-enditem|p1a: Azumarill|Sitrus Berry|[eat]
|-heal|p1a: Azumarill|75/100|[from] item: Sitrus Berry
|move|p2a: NoLead?|Payback|p1a: Azumarill
|-resisted|p1a: Azumarill
|-damage|p1a: Azumarill|53/100
|
|upkeep
|turn|18
|
|t:|1757817918
|move|p1a: Azumarill|Liquidation|p2a: NoLead?
|-damage|p2a: NoLead?|36/100
|move|p2a: NoLead?|Curse|p2a: NoLead?
|-unboost|p2a: NoLead?|spe|1
|-boost|p2a: NoLead?|atk|1
|-boost|p2a: NoLead?|def|1
|
|upkeep
|turn|19
|
|t:|1757817923
|move|p1a: Azumarill|Liquidation|p2a: NoLead?
|-damage|p2a: NoLead?|0 fnt
|faint|p2a: NoLead?
|
|upkeep
|
|t:|1757817929
|switch|p2a: Talonflame|Talonflame, M|75/100
|turn|20
|
|t:|1757817932
|move|p1a: Azumarill|Aqua Jet|p2a: Talonflame
|-supereffective|p2a: Talonflame
|-damage|p2a: Talonflame|0 fnt
|-status|p1a: Azumarill|brn|[from] ability: Flame Body|[of] p2a: Talonflame
|faint|p2a: Talonflame
|
|-damage|p1a: Azumarill|47/100 brn|[from] brn
|upkeep
|
|t:|1757817936
|switch|p2a: Water Sponge|Cacturne, M|100/100
|turn|21
|
|t:|1757817940
|move|p2a: Water Sponge|Swords Dance|p2a: Water Sponge
|-boost|p2a: Water Sponge|atk|2
|move|p1a: Azumarill|Play Rough|p2a: Water Sponge
|-supereffective|p2a: Water Sponge
|-damage|p2a: Water Sponge|0 fnt
|faint|p2a: Water Sponge
|
|win|palm-tree119
|raw|palm-tree119's rating: 1107 &rarr; <strong>1129</strong><br />(+22 for winning)
|raw|TruckingMaggot's rating: 1067 &rarr; <strong>1049</strong><br />(-18 for losing)
|l|☆TruckingMaggot
|player|p2|
|l|☆palm-tree119
|player|p1|
