|j|☆Kasey D
|j|☆velek284
|t:|1757790119
|gametype|singles
|player|p1|Kasey D|102|1168
|player|p2|velek284|101|1129
|gen|9
|tier|[Gen 9] OU
|rated|
|rule|HP Percentage Mod: HP is shown in percentages
|rule|Endless Battle Clause: Forcing endless battles is banned
|rule|Species Clause: Limit one of each Pokémon
|rule|OHKO Clause: OHKO moves are banned
|rule|Evasion Items Clause: Evasion items are banned
|rule|Evasion Moves Clause: Evasion moves are banned
|rule|Evasion Abilities Clause: Evasion abilities are banned
|rule|Sleep Moves Clause: Sleep-inducing moves are banned
|clearpoke
|poke|p1|Wigglytuff, F|
|poke|p1|Hatterene, F|
|poke|p1|Malamar, F|
|poke|p1|Farigiraf, M|
|poke|p1|Kingambit, F|
|poke|p1|Oricorio-Sensu, M|
|poke|p2|Lokix, M|
|poke|p2|Skarmory, M|
|poke|p2|Dragalge, M|
|poke|p2|Great Tusk|
|poke|p2|Krookodile, F|
|poke|p2|Blastoise, F|
|teampreview
|
|t:|1757790129
|teamsize|p1|6
|teamsize|p2|6
|start
|switch|p1a: Hatterene|Hatterene, F|100/100
|switch|p2a: Krookodile|Krookodile, F|100/100
|-ability|p2a: Krookodile|Intimidate|boost
|-unboost|p1a: Hatterene|atk|1
|turn|1
|
|t:|1757790138
|move|p2a: Krookodile|Earthquake|p1a: Hatterene
|-crit|p1a: Hatterene
|-enditem|p1a: Hatterene|Focus Sash
|-damage|p1a: Hatterene|1/100
|move|p1a: Hatterene|Trick Room|p1a: Hatterene
|-fieldstart|move: Trick Room|[of] p1a: Hatterene
|
|upkeep
|turn|2
|
|t:|1757790145
|move|p1a: Hatterene|Misty Explosion|p2a: Krookodile
|-supereffective|p2a: Krookodile
|-damage|p2a: Krookodile|0 fnt
|faint|p1a: Hatterene
|faint|p2a: Krookodile
|
|upkeep
|
|t:|1757790160
|switch|p1a: Malamar|Malamar, F|100/100
|switch|p2a: Great Tusk|Great Tusk|100/100
|turn|3
|
|t:|1757790174
|move|p1a: Malamar|Superpower|p2a: Great Tusk
|-damage|p2a: Great Tusk|72/100
|-boost|p1a: Malamar|atk|1
|-boost|p1a: Malamar|def|1
|move|p2a: Great Tusk|Ice Spinner|p1a: Malamar
|-damage|p1a: Malamar|81/100
|
|-heal|p1a: Malamar|87/100|[from] item: Leftovers
|upkeep
|turn|4
|
|t:|1757790186
|move|p1a: Malamar|Superpower|p2a: Great Tusk
|-damage|p2a: Great Tusk|30/100
|-boost|p1a: Malamar|atk|1
|-boost|p1a: Malamar|def|1
|move|p2a: Great Tusk|Body Slam|p1a: Malamar
|-damage|p1a: Malamar|72/100
|-status|p1a: Malamar|par
|
|-heal|p1a: Malamar|78/100 par|[from] item: Leftovers
|upkeep
|turn|5
|
|t:|1757790201
|cant|p1a: Malamar|par
|move|p2a: Great Tusk|Body Slam|p1a: Malamar
|-damage|p1a: Malamar|62/100 par
|
|-heal|p1a: Malamar|69/100 par|[from] item: Leftovers
|-fieldend|move: Trick Room
|upkeep
|turn|6
|
|t:|1757790209
|move|p2a: Great Tusk|Body Slam|p1a: Malamar
|-damage|p1a: Malamar|54/100 par
|move|p1a: Malamar|Superpower|p2a: Great Tusk
|-damage|p2a: Great Tusk|0 fnt
|-boost|p1a: Malamar|atk|1
|-boost|p1a: Malamar|def|1
|faint|p2a: Great Tusk
|-end|p2a: Great Tusk|Protosynthesis|[silent]
|
|-heal|p1a: Malamar|60/100 par|[from] item: Leftovers
|upkeep
|
|t:|1757790221
|switch|p2a: Dragalge|Dragalge, M|100/100
|turn|7
|
|t:|1757790226
|move|p2a: Dragalge|Sludge Bomb|p1a: Malamar
|-damage|p1a: Malamar|0 fnt
|faint|p1a: Malamar
|
|upkeep
|
|t:|1757790240
|switch|p1a: Oricorio|Oricorio-Sensu, M|100/100
|turn|8
|
|t:|1757790248
|move|p1a: Oricorio|Quiver Dance|p1a: Oricorio
|-boost|p1a: Oricorio|spa|1
|-boost|p1a: Oricorio|spd|1
|-boost|p1a: Oricorio|spe|1
|move|p2a: Dragalge|Sludge Bomb|p1a: Oricorio
|-resisted|p1a: Oricorio
|-damage|p1a: Oricorio|72/100
|
|upkeep
|turn|9
|
|t:|1757790256
|move|p1a: Oricorio|Revelation Dance|p2a: Dragalge
|-damage|p2a: Dragalge|45/100
|move|p2a: Dragalge|Draco Meteor|p1a: Oricorio
|-damage|p1a: Oricorio|0 fnt
|-unboost|p2a: Dragalge|spa|2
|faint|p1a: Oricorio
|
|-heal|p2a: Dragalge|51/100|[from] item: Leftovers
|upkeep
|
|t:|1757790275
|switch|p1a: Kingambit|Kingambit, F|100/100
|-activate|p1a: Kingambit|ability: Supreme Overlord
|-start|p1a: Kingambit|fallen3|[silent]
|turn|10
|
|t:|1757790289
|move|p1a: Kingambit|Iron Head|p2a: Dragalge
|-damage|p2a: Dragalge|0 fnt
|faint|p2a: Dragalge
|-damage|p1a: Kingambit|91/100|[from] item: Life Orb
|
|upkeep
|
|t:|1757790295
|switch|p2a: Skarmory|Skarmory, M|100/100
|turn|11
|
|t:|1757790325
|move|p2a: Skarmory|Iron Defense|p2a: Skarmory
|-boost|p2a: Skarmory|def|2
|move|p1a: Kingambit|Kowtow Cleave|p2a: Skarmory
|-damage|p2a: Skarmory|70/100
|-damage|p1a: Kingambit|74/100|[from] item: Rocky Helmet|[of] p2a: Skarmory
|-damage|p1a: Kingambit|64/100|[from] item: Life Orb
|
|upkeep
|turn|12
|inactive|Battle timer is ON: inactive players will automatically lose when time's up. (requested by velek284)
|
|t:|1757790455
|move|p2a: Skarmory|Iron Defense|p2a: Skarmory
|-boost|p2a: Skarmory|def|2
|move|p1a: Kingambit|Kowtow Cleave|p2a: Skarmory
|-damage|p2a: Skarmory|48/100
|-damage|p1a: Kingambit|48/100|[from] item: Rocky Helmet|[of] p2a: Skarmory
|-damage|p1a: Kingambit|38/100|[from] item: Life Orb
|
|upkeep
|turn|13
|
|t:|1757790464
|move|p2a: Skarmory|Iron Defense|p2a: Skarmory
|-boost|p2a: Skarmory|def|2
|move|p1a: Kingambit|Low Kick|p2a: Skarmory
|-damage|p2a: Skarmory|38/100
|-damage|p1a: Kingambit|21/100|[from] item: Rocky Helmet|[of] p2a: Skarmory
|-damage|p1a: Kingambit|11/100|[from] item: Life Orb
|
|upkeep
|turn|14
|
|t:|1757790493
|move|p2a: Skarmory|Roost|p2a: Skarmory
|-heal|p2a: Skarmory|88/100
|-singleturn|p2a: Skarmory|move: Roost
|move|p1a: Kingambit|Kowtow Cleave|p2a: Skarmory
|-damage|p2a: Skarmory|72/100
|-damage|p1a: Kingambit|0 fnt|[from] item: Rocky Helmet|[of] p2a: Skarmory
|faint|p1a: Kingambit
|-end|p1a: Kingambit|fallen3|[silent]
|
|upkeep
|
|t:|1757790505
|switch|p1a: Farigiraf|Farigiraf, M|100/100
|turn|15
|
|t:|1757790511
|move|p2a: Skarmory|Body Press|p1a: Farigiraf
|-damage|p1a: Farigiraf|9/100
|move|p1a: Farigiraf|Trick Room|p1a: Farigiraf
|-fieldstart|move: Trick Room|[of] p1a: Farigiraf
|
|upkeep
|turn|16
|
|t:|1757790530
|move|p1a: Farigiraf|Thunderbolt|p2a: Skarmory
|-supereffective|p2a: Skarmory
|-damage|p2a: Skarmory|0 fnt
|faint|p2a: Skarmory
|-damage|p1a: Farigiraf|0 fnt|[from] item: Life Orb
|faint|p1a: Farigiraf
|
|upkeep
|
|t:|1757790538
|switch|p1a: Wigglytuff|Wigglytuff, F|100/100
|switch|p2a: Lokix|Lokix, M|100/100
|turn|17
|
|t:|1757790561
|move|p2a: Lokix|First Impression|p1a: Wigglytuff
|-resisted|p1a: Wigglytuff
|-damage|p1a: Wigglytuff|27/100
|-damage|p2a: Lokix|91/100|[from] item: Life Orb
|move|p1a: Wigglytuff|Alluring Voice|p2a: Lokix
|-supereffective|p2a: Lokix
|-damage|p2a: Lokix|0 fnt
|faint|p2a: Lokix
|-enditem|p1a: Wigglytuff|Throat Spray
|-boost|p1a: Wigglytuff|spa|1|[from] item: Throat Spray
|
|upkeep
|
|t:|1757790571
|switch|p2a: Blastoise|Blastoise, F|100/100
|turn|18
|
|t:|1757790575
|move|p1a: Wigglytuff|Hyper Voice|p2a: Blastoise
|-damage|p2a: Blastoise|37/100
|move|p2a: Blastoise|Surf|p1a: Wigglytuff
|-damage|p1a: Wigglytuff|0 fnt
|faint|p1a: Wigglytuff
|
|win|velek284
|raw|Kasey D's rating: 1168 &rarr; <strong>1140</strong><br />(-28 for losing)
|raw|velek284's rating: 1129 &rarr; <strong>1157</strong><br />(+28 for winning)
|l|☆Kasey D
|player|p1|
|l|☆velek284
|player|p2|
