|j|☆thegreatestnone
|j|☆IDWTLA
|t:|1757886067
|gametype|singles
|player|p1|thegreatestnone|101|1242
|player|p2|IDWTLA|scientist-gen4dp|1280
|gen|9
|tier|[Gen 9] OU
|rated|
|rule|HP Percentage Mod: HP is shown in percentages
|rule|Endless Battle Clause: Forcing endless battles is banned
|rule|Species Clause: Limit one of each Pokémon
|rule|OHKO Clause: OHKO moves are banned
|rule|Evasion Items Clause: Evasion items are banned
|rule|Evasion Moves Clause: Evasion moves are banned
|rule|Evasion Abilities Clause: Evasion abilities are banned
|rule|Sleep Moves Clause: Sleep-inducing moves are banned
|clearpoke
|poke|p1|Garganacl, M|
|poke|p1|Ting-Lu|
|poke|p1|Skeledirge, M|
|poke|p1|Gholdengo|
|poke|p1|Weezing-Galar, F|
|poke|p1|Slowking, M|
|poke|p2|Zapdos-Galar|
|poke|p2|Landorus-Therian, M|
|poke|p2|Dragapult, M|
|poke|p2|Slowking-Galar, M|
|poke|p2|Great Tusk|
|poke|p2|Alomomola, M|
|teampreview
|
|t:|1757886074
|teamsize|p1|6
|teamsize|p2|6
|start
|switch|p1a: Weezing|Weezing-Galar, F|100/100
|switch|p2a: Zapdos|Zapdos-Galar|100/100
|turn|1
|
|t:|1757886081
|move|p2a: Zapdos|U-turn|p1a: Weezing
|-resisted|p1a: Weezing
|-damage|p1a: Weezing|95/100
|
|t:|1757886084
|switch|p2a: Slowking|Slowking-Galar, M|100/100|[from] U-turn
|move|p1a: Weezing|Will-O-Wisp|p2a: Slowking|[miss]
|-miss|p1a: Weezing|p2a: Slowking
|
|-heal|p1a: Weezing|100/100|[from] item: Leftovers
|upkeep
|turn|2
|
|t:|1757886093
|move|p1a: Weezing|Will-O-Wisp|p2a: Slowking|[miss]
|-miss|p1a: Weezing|p2a: Slowking
|move|p2a: Slowking|Future Sight|p1a: Weezing
|-start|p2a: Slowking|move: Future Sight
|
|upkeep
|turn|3
|
|t:|1757886098
|move|p1a: Weezing|Will-O-Wisp|p2a: Slowking
|-status|p2a: Slowking|brn
|move|p2a: Slowking|Sludge Bomb|p1a: Weezing
|-damage|p1a: Weezing|53/100
|
|-heal|p1a: Weezing|59/100|[from] item: Leftovers
|-damage|p2a: Slowking|94/100 brn|[from] brn
|upkeep
|turn|4
|
|t:|1757886108
|switch|p1a: Ting-Lu|Ting-Lu|100/100
|-ability|p1a: Ting-Lu|Vessel of Ruin
|move|p2a: Slowking|Toxic|p1a: Ting-Lu
|-status|p1a: Ting-Lu|tox
|
|-end|p1a: Ting-Lu|move: Future Sight
|-immune|p1a: Ting-Lu
|-damage|p1a: Ting-Lu|94/100 tox|[from] psn
|-damage|p2a: Slowking|88/100 brn|[from] brn
|upkeep
|turn|5
|
|t:|1757886120
|switch|p2a: Landorus|Landorus-Therian, M|100/100
|-ability|p2a: Landorus|Intimidate|boost
|-unboost|p1a: Ting-Lu|atk|1
|move|p1a: Ting-Lu|Stealth Rock|p2a: Landorus
|-sidestart|p2: IDWTLA|move: Stealth Rock
|
|-heal|p1a: Ting-Lu|100/100 tox|[from] item: Leftovers
|-damage|p1a: Ting-Lu|88/100 tox|[from] psn
|upkeep
|turn|6
|
|t:|1757886130
|switch|p1a: Weezing|Weezing-Galar, F|59/100
|move|p2a: Landorus|Stealth Rock|p1a: Weezing
|-sidestart|p1: thegreatestnone|move: Stealth Rock
|
|-heal|p1a: Weezing|65/100|[from] item: Leftovers
|upkeep
|turn|7
|
|t:|1757886138
|move|p2a: Landorus|Taunt|p1a: Weezing
|-start|p1a: Weezing|move: Taunt
|cant|p1a: Weezing|move: Taunt|Pain Split
|
|-heal|p1a: Weezing|71/100|[from] item: Leftovers
|upkeep
|turn|8
|
|t:|1757886144
|move|p2a: Landorus|Earthquake|p1a: Weezing
|-immune|p1a: Weezing|[from] ability: Levitate
|move|p1a: Weezing|Gunk Shot|p2a: Landorus
|-resisted|p2a: Landorus
|-damage|p2a: Landorus|87/100
|
|-heal|p1a: Weezing|77/100|[from] item: Leftovers
|upkeep
|turn|9
|
|t:|1757886154
|move|p2a: Landorus|U-turn|p1a: Weezing
|-resisted|p1a: Weezing
|-damage|p1a: Weezing|73/100
|
|t:|1757886157
|switch|p2a: Slowking|Slowking-Galar, M|100/100 brn|[from] U-turn
|move|p1a: Weezing|Gunk Shot|p2a: Slowking
|-resisted|p2a: Slowking
|-damage|p2a: Slowking|80/100 brn
|
|-heal|p1a: Weezing|79/100|[from] item: Leftovers
|-damage|p2a: Slowking|74/100 brn|[from] brn
|-end|p1a: Weezing|move: Taunt
|upkeep
|turn|10
|
|t:|1757886168
|move|p1a: Weezing|Defog|p2a: Slowking
|-unboost|p2a: Slowking|evasion|1
|-sideend|p2: IDWTLA|Stealth Rock|[from] move: Defog|[of] p1a: Weezing
|-sideend|p1: thegreatestnone|Stealth Rock|[from] move: Defog|[of] p1a: Weezing
|move|p2a: Slowking|Future Sight|p1a: Weezing
|-start|p2a: Slowking|move: Future Sight
|
|-heal|p1a: Weezing|85/100|[from] item: Leftovers
|-damage|p2a: Slowking|68/100 brn|[from] brn
|upkeep
|turn|11
|
|t:|1757886177
|switch|p1a: Gholdengo|Gholdengo|100/100
|-prepare|p2a: Slowking|Chilly Reception|[premajor]
|move|p2a: Slowking|Chilly Reception|p2a: Slowking
|-weather|Snowscape
|
|t:|1757886184
|switch|p2a: Zapdos|Zapdos-Galar|100/100|[from] Chilly Reception
|
|-weather|Snowscape|[upkeep]
|upkeep
|turn|12
|
|t:|1757886201
|-terastallize|p1a: Gholdengo|Steel
|move|p1a: Gholdengo|Make It Rain|p2a: Zapdos
|-damage|p2a: Zapdos|0 fnt
|-unboost|p1a: Gholdengo|spa|1
|faint|p2a: Zapdos
|
|-weather|Snowscape|[upkeep]
|-end|p1a: Gholdengo|move: Future Sight
|-resisted|p1a: Gholdengo
|-damage|p1a: Gholdengo|74/100
|upkeep
|
|t:|1757886225
|switch|p2a: Landorus|Landorus-Therian, M|87/100
|-ability|p2a: Landorus|Intimidate|boost
|-unboost|p1a: Gholdengo|atk|1
|turn|13
|
|t:|1757886264
|switch|p1a: Weezing|Weezing-Galar, F|85/100
|move|p2a: Landorus|Earthquake|p1a: Weezing
|-immune|p1a: Weezing|[from] ability: Levitate
|
|-weather|Snowscape|[upkeep]
|-heal|p1a: Weezing|91/100|[from] item: Leftovers
|upkeep
|turn|14
|
|t:|1757886273
|switch|p1a: Gholdengo|Gholdengo, tera:Steel|74/100
|move|p2a: Landorus|Taunt|p1a: Gholdengo
|-immune|p1a: Gholdengo|[from] ability: Good as Gold
|
|-weather|Snowscape|[upkeep]
|upkeep
|turn|15
|
|t:|1757886281
|-terastallize|p2a: Landorus|Water
|move|p1a: Gholdengo|Make It Rain|p2a: Landorus
|-resisted|p2a: Landorus
|-damage|p2a: Landorus|43/100
|-unboost|p1a: Gholdengo|spa|1
|move|p2a: Landorus|Earthquake|p1a: Gholdengo
|-supereffective|p1a: Gholdengo
|-damage|p1a: Gholdengo|0 fnt
|faint|p1a: Gholdengo
|
|-weather|none
|upkeep
|
|t:|1757886303
|switch|p1a: Weezing|Weezing-Galar, F|91/100
|turn|16
|
|t:|1757886309
|switch|p2a: Slowking|Slowking-Galar, M|100/100 brn
|move|p1a: Weezing|Gunk Shot|p2a: Slowking
|-resisted|p2a: Slowking
|-damage|p2a: Slowking|80/100 brn
|
|-heal|p1a: Weezing|97/100|[from] item: Leftovers
|-damage|p2a: Slowking|74/100 brn|[from] brn
|upkeep
|turn|17
|inactive|Battle timer is ON: inactive players will automatically lose when time's up. (requested by IDWTLA)
|
|t:|1757886333
|switch|p1a: Garganacl|Garganacl, M, shiny|100/100
|move|p2a: Slowking|Future Sight|p1a: Garganacl
|-start|p2a: Slowking|move: Future Sight
|
|-damage|p2a: Slowking|68/100 brn|[from] brn
|upkeep
|turn|18
|
|t:|1757886341
|move|p1a: Garganacl|Curse|p1a: Garganacl
|-unboost|p1a: Garganacl|spe|1
|-boost|p1a: Garganacl|atk|1
|-boost|p1a: Garganacl|def|1
|-prepare|p2a: Slowking|Chilly Reception|[premajor]
|move|p2a: Slowking|Chilly Reception|p2a: Slowking
|-weather|Snowscape
|
|t:|1757886348
|switch|p2a: Great Tusk|Great Tusk|100/100|[from] Chilly Reception
|
|-weather|Snowscape|[upkeep]
|upkeep
|turn|19
|
|t:|1757886354
|move|p2a: Great Tusk|Headlong Rush|p1a: Garganacl
|-supereffective|p1a: Garganacl
|-damage|p1a: Garganacl|51/100
|-unboost|p2a: Great Tusk|def|1
|-unboost|p2a: Great Tusk|spd|1
|move|p1a: Garganacl|Salt Cure|p2a: Great Tusk
|-resisted|p2a: Great Tusk
|-damage|p2a: Great Tusk|93/100
|-start|p2a: Great Tusk|Salt Cure
|
|-weather|Snowscape|[upkeep]
|-end|p1a: Garganacl|move: Future Sight
|-damage|p1a: Garganacl|10/100
|-heal|p1a: Garganacl|16/100|[from] item: Leftovers
|-damage|p2a: Great Tusk|81/100|[from] Salt Cure
|upkeep
|turn|20
|
|t:|1757886369
|switch|p1a: Weezing|Weezing-Galar, F|97/100
|move|p2a: Great Tusk|Headlong Rush|p1a: Weezing
|-immune|p1a: Weezing|[from] ability: Levitate
|
|-weather|Snowscape|[upkeep]
|-heal|p1a: Weezing|100/100|[from] item: Leftovers
|-damage|p2a: Great Tusk|69/100|[from] Salt Cure
|upkeep
|turn|21
|
|t:|1757886379
|-end|p2a: Great Tusk|Protosynthesis|[silent]
|switch|p2a: Slowking|Slowking-Galar, M|100/100 brn
|move|p1a: Weezing|Will-O-Wisp|p2a: Slowking|[miss]
|-miss|p1a: Weezing|p2a: Slowking
|
|-weather|Snowscape|[upkeep]
|-damage|p2a: Slowking|94/100 brn|[from] brn
|upkeep
|turn|22
|
|t:|1757886388
|switch|p1a: Garganacl|Garganacl, M, shiny|16/100
|move|p2a: Slowking|Future Sight|p1a: Garganacl
|-start|p2a: Slowking|move: Future Sight
|
|-weather|none
|-heal|p1a: Garganacl|23/100|[from] item: Leftovers
|-damage|p2a: Slowking|88/100 brn|[from] brn
|upkeep
|turn|23
|
|t:|1757886396
|switch|p2a: Great Tusk|Great Tusk|69/100
|move|p1a: Garganacl|Recover|p1a: Garganacl
|-heal|p1a: Garganacl|73/100
|
|-heal|p1a: Garganacl|79/100|[from] item: Leftovers
|upkeep
|turn|24
|
|t:|1757886413
|switch|p1a: Ting-Lu|Ting-Lu|88/100 tox
|-ability|p1a: Ting-Lu|Vessel of Ruin
|move|p2a: Great Tusk|Headlong Rush|p1a: Ting-Lu
|-damage|p1a: Ting-Lu|56/100 tox
|-unboost|p2a: Great Tusk|def|1
|-unboost|p2a: Great Tusk|spd|1
|
|-end|p1a: Ting-Lu|move: Future Sight
|-immune|p1a: Ting-Lu
|-heal|p1a: Ting-Lu|62/100 tox|[from] item: Leftovers
|-damage|p1a: Ting-Lu|56/100 tox|[from] psn
|upkeep
|turn|25
|
|t:|1757886427
|-end|p2a: Great Tusk|Protosynthesis|[silent]
|switch|p2a: Landorus|Landorus-Therian, M, tera:Water|43/100
|-ability|p2a: Landorus|Intimidate|boost
|-unboost|p1a: Ting-Lu|atk|1
|move|p1a: Ting-Lu|Earthquake|p2a: Landorus
|-damage|p2a: Landorus|25/100
|
|-heal|p1a: Ting-Lu|62/100 tox|[from] item: Leftovers
|-damage|p1a: Ting-Lu|50/100 tox|[from] psn
|upkeep
|turn|26
|
|t:|1757886442
|switch|p1a: Weezing|Weezing-Galar, F|100/100
|move|p2a: Landorus|Stealth Rock|p1a: Weezing
|-sidestart|p1: thegreatestnone|move: Stealth Rock
|
|upkeep
|turn|27
|
|t:|1757886449
|switch|p2a: Slowking|Slowking-Galar, M|100/100 brn
|move|p1a: Weezing|Gunk Shot|p2a: Slowking
|-resisted|p2a: Slowking
|-damage|p2a: Slowking|82/100 brn
|
|-damage|p2a: Slowking|76/100 brn|[from] brn
|upkeep
|turn|28
|
|t:|1757886463
|switch|p1a: Garganacl|Garganacl, M, shiny|79/100
|-damage|p1a: Garganacl|66/100|[from] Stealth Rock
|move|p2a: Slowking|Future Sight|p1a: Garganacl
|-start|p2a: Slowking|move: Future Sight
|
|-heal|p1a: Garganacl|73/100|[from] item: Leftovers
|-damage|p2a: Slowking|70/100 brn|[from] brn
|upkeep
|turn|29
|
|t:|1757886473
|switch|p2a: Great Tusk|Great Tusk|69/100
|move|p1a: Garganacl|Salt Cure|p2a: Great Tusk
|-resisted|p2a: Great Tusk
|-damage|p2a: Great Tusk|65/100
|-start|p2a: Great Tusk|Salt Cure
|
|-heal|p1a: Garganacl|79/100|[from] item: Leftovers
|-damage|p2a: Great Tusk|53/100|[from] Salt Cure
|upkeep
|turn|30
|
|t:|1757886485
|switch|p1a: Weezing|Weezing-Galar, F|100/100
|-damage|p1a: Weezing|88/100|[from] Stealth Rock
|move|p2a: Great Tusk|Headlong Rush|p1a: Weezing
|-immune|p1a: Weezing|[from] ability: Levitate
|
|-end|p1a: Weezing|move: Future Sight
|-supereffective|p1a: Weezing
|-damage|p1a: Weezing|0 fnt
|faint|p1a: Weezing
|-damage|p2a: Great Tusk|41/100|[from] Salt Cure
|upkeep
|
|t:|1757886493
|switch|p1a: Skeledirge|Skeledirge, M|100/100
|turn|31
|
|t:|1757886509
|-end|p2a: Great Tusk|Protosynthesis|[silent]
|switch|p2a: Alomomola|Alomomola, M|100/100
|move|p1a: Skeledirge|Torch Song|p2a: Alomomola
|-resisted|p2a: Alomomola
|-damage|p2a: Alomomola|83/100
|-boost|p1a: Skeledirge|spa|1
|
|upkeep
|turn|32
|
|t:|1757886521
|move|p1a: Skeledirge|Will-O-Wisp|p2a: Alomomola
|-status|p2a: Alomomola|brn
|move|p2a: Alomomola|Flip Turn|p1a: Skeledirge
|-supereffective|p1a: Skeledirge
|-damage|p1a: Skeledirge|90/100
|
|t:|1757886528
|switch|p2a: Dragapult|Dragapult, M|100/100|[from] Flip Turn
|
|upkeep
|turn|33
|
|t:|1757886538
|switch|p1a: Ting-Lu|Ting-Lu|50/100 tox
|-damage|p1a: Ting-Lu|43/100 tox|[from] Stealth Rock
|-ability|p1a: Ting-Lu|Vessel of Ruin
|move|p2a: Dragapult|Shadow Ball|p1a: Ting-Lu
|-resisted|p1a: Ting-Lu
|-damage|p1a: Ting-Lu|33/100 tox
|
|-heal|p1a: Ting-Lu|39/100 tox|[from] item: Leftovers
|-damage|p1a: Ting-Lu|33/100 tox|[from] psn
|upkeep
|turn|34
|
|t:|1757886550
|switch|p2a: Landorus|Landorus-Therian, M, tera:Water|25/100
|-ability|p2a: Landorus|Intimidate|boost
|-unboost|p1a: Ting-Lu|atk|1
|move|p1a: Ting-Lu|Earthquake|p2a: Landorus
|-crit|p2a: Landorus
|-damage|p2a: Landorus|0 fnt
|faint|p2a: Landorus
|
|-heal|p1a: Ting-Lu|39/100 tox|[from] item: Leftovers
|-damage|p1a: Ting-Lu|27/100 tox|[from] psn
|upkeep
|
|t:|1757886563
|switch|p2a: Great Tusk|Great Tusk|41/100
|turn|35
|
|t:|1757886570
|move|p2a: Great Tusk|Headlong Rush|p1a: Ting-Lu
|-damage|p1a: Ting-Lu|0 fnt
|-unboost|p2a: Great Tusk|def|1
|-unboost|p2a: Great Tusk|spd|1
|faint|p1a: Ting-Lu
|
|upkeep
|
|t:|1757886575
|switch|p1a: Slowking|Slowking, M|100/100
|turn|36
|
|t:|1757886580
|-end|p2a: Great Tusk|Protosynthesis|[silent]
|switch|p2a: Slowking|Slowking-Galar, M|100/100 brn
|move|p1a: Slowking|Scald|p2a: Slowking
|-damage|p2a: Slowking|86/100 brn
|
|-damage|p2a: Slowking|80/100 brn|[from] brn
|upkeep
|turn|37
|
|t:|1757886603
|-prepare|p1a: Slowking|Chilly Reception|[premajor]
|move|p1a: Slowking|Chilly Reception|p1a: Slowking
|-weather|Snowscape
|
|t:|1757886605
|switch|p1a: Garganacl|Garganacl, M, shiny|79/100|[from] Chilly Reception
|-damage|p1a: Garganacl|66/100|[from] Stealth Rock
|move|p2a: Slowking|Toxic|p1a: Garganacl
|-immune|p1a: Garganacl|[from] ability: Purifying Salt
|
|-weather|Snowscape|[upkeep]
|-heal|p1a: Garganacl|73/100|[from] item: Leftovers
|-damage|p2a: Slowking|74/100 brn|[from] brn
|upkeep
|turn|38
|
|t:|1757886618
|move|p1a: Garganacl|Salt Cure|p2a: Slowking
|-damage|p2a: Slowking|54/100 brn
|-start|p2a: Slowking|Salt Cure
|-prepare|p2a: Slowking|Chilly Reception|[premajor]
|move|p2a: Slowking|Chilly Reception|p2a: Slowking
|
|t:|1757886624
|switch|p2a: Great Tusk|Great Tusk|41/100|[from] Chilly Reception
|
|-weather|Snowscape|[upkeep]
|-heal|p1a: Garganacl|79/100|[from] item: Leftovers
|upkeep
|turn|39
|
|t:|1757886631
|move|p2a: Great Tusk|Headlong Rush|p1a: Garganacl
|-supereffective|p1a: Garganacl
|-damage|p1a: Garganacl|0 fnt
|-unboost|p2a: Great Tusk|def|1
|-unboost|p2a: Great Tusk|spd|1
|faint|p1a: Garganacl
|
|-weather|Snowscape|[upkeep]
|upkeep
|-message|thegreatestnone forfeited.
|
|win|IDWTLA
|raw|thegreatestnone's rating: 1242 &rarr; <strong>1220</strong><br />(-22 for losing)
|raw|IDWTLA's rating: 1280 &rarr; <strong>1302</strong><br />(+22 for winning)
|l|☆thegreatestnone
|player|p1|
|l|☆IDWTLA
|player|p2|
|j|☆IDWTLA
|player|p2|IDWTLA|scientist-gen4dp|
