|j|‽bidooofer
|j|☆Obito 2001
|t:|1757808441
|gametype|singles
|player|p1|bidooofer|riley|1679
|player|p2|Obito 2001|blue-gen3two|1687
|gen|9
|tier|[Gen 9] OU
|rated|
|rule|HP Percentage Mod: HP is shown in percentages
|rule|Endless Battle Clause: Forcing endless battles is banned
|rule|Species Clause: Limit one of each Pokémon
|rule|OHKO Clause: OHKO moves are banned
|rule|Evasion Items Clause: Evasion items are banned
|rule|Evasion Moves Clause: Evasion moves are banned
|rule|Evasion Abilities Clause: Evasion abilities are banned
|rule|Sleep Moves Clause: Sleep-inducing moves are banned
|clearpoke
|poke|p1|Torkoal, M|
|poke|p1|Walking Wake|
|poke|p1|Raging Bolt|
|poke|p1|Great Tusk|
|poke|p1|Rillaboom, M|
|poke|p1|Hatterene, F|
|poke|p2|Rotom-Wash|
|poke|p2|Kingambit, M|
|poke|p2|Great Tusk|
|poke|p2|Iron Valiant|
|poke|p2|Alomomola, F|
|poke|p2|Pecharunt|
|teampreview
|inactive|Battle timer is ON: inactive players will automatically lose when time's up. (requested by Obito 2001)
|
|t:|1757808451
|teamsize|p1|6
|teamsize|p2|6
|start
|switch|p1a: Rillaboom|Rillaboom, M|100/100
|switch|p2a: Rotom|Rotom-Wash|100/100
|-fieldstart|move: Grassy Terrain|[from] ability: Grassy Surge|[of] p1a: Rillaboom
|turn|1
|
|t:|1757808458
|move|p2a: Rotom|Volt Switch|p1a: Rillaboom
|-resisted|p1a: Rillaboom
|-damage|p1a: Rillaboom|81/100
|
|t:|1757808460
|switch|p2a: Ban Gliscor|Pecharunt|100/100|[from] Volt Switch
|move|p1a: Rillaboom|Wood Hammer|p2a: Ban Gliscor
|-resisted|p2a: Ban Gliscor
|-damage|p2a: Ban Gliscor|69/100
|-damage|p1a: Rillaboom|69/100|[from] Recoil
|
|-heal|p1a: Rillaboom|75/100|[from] Grassy Terrain
|-heal|p2a: Ban Gliscor|75/100|[from] Grassy Terrain
|upkeep
|turn|2
|
|t:|1757808467
|switch|p1a: Torkoal|Torkoal, M|100/100
|-weather|SunnyDay|[from] ability: Drought|[of] p1a: Torkoal
|move|p2a: Ban Gliscor|Malignant Chain|p1a: Torkoal
|-damage|p1a: Torkoal|69/100
|
|-weather|SunnyDay|[upkeep]
|-heal|p2a: Ban Gliscor|81/100|[from] Grassy Terrain
|-heal|p1a: Torkoal|75/100|[from] Grassy Terrain
|upkeep
|turn|3
|
|t:|1757808472
|move|p2a: Ban Gliscor|Parting Shot|p1a: Torkoal
|-unboost|p1a: Torkoal|atk|1
|-unboost|p1a: Torkoal|spa|1
|
|t:|1757808476
|switch|p2a: Rotom|Rotom-Wash|100/100|[from] Parting Shot
|move|p1a: Torkoal|Stealth Rock|p2a: Rotom
|-sidestart|p2: Obito 2001|move: Stealth Rock
|
|-weather|SunnyDay|[upkeep]
|-heal|p1a: Torkoal|81/100|[from] Grassy Terrain
|upkeep
|turn|4
|
|t:|1757808483
|move|p2a: Rotom|Hydro Pump|p1a: Torkoal
|-supereffective|p1a: Torkoal
|-crit|p1a: Torkoal
|-damage|p1a: Torkoal|1/100
|move|p1a: Torkoal|Will-O-Wisp|p2a: Rotom|[miss]
|-miss|p1a: Torkoal|p2a: Rotom
|
|-weather|SunnyDay|[upkeep]
|-heal|p1a: Torkoal|7/100|[from] Grassy Terrain
|upkeep
|turn|5
|
|t:|1757808489
|switch|p2a: Ban Darkrai|Great Tusk|100/100
|-activate|p2a: Ban Darkrai|ability: Protosynthesis
|-start|p2a: Ban Darkrai|protosynthesisatk
|switch|p1a: Raging Bolt|Raging Bolt|100/100
|-activate|p1a: Raging Bolt|ability: Protosynthesis
|-start|p1a: Raging Bolt|protosynthesisspa
|
|-weather|SunnyDay|[upkeep]
|-fieldend|move: Grassy Terrain
|upkeep
|turn|6
|
|t:|1757808495
|-terastallize|p1a: Raging Bolt|Flying
|move|p2a: Ban Darkrai|Rapid Spin|p1a: Raging Bolt
|-damage|p1a: Raging Bolt|83/100
|-boost|p2a: Ban Darkrai|spe|1
|-sideend|p2: Obito 2001|Stealth Rock|[from] move: Rapid Spin|[of] p2a: Ban Darkrai
|move|p1a: Raging Bolt|Dragon Pulse|p2a: Ban Darkrai
|-damage|p2a: Ban Darkrai|0 fnt
|faint|p2a: Ban Darkrai
|-end|p2a: Ban Darkrai|Protosynthesis|[silent]
|
|-weather|SunnyDay|[upkeep]
|-heal|p1a: Raging Bolt|89/100|[from] item: Leftovers
|upkeep
|j| s3archer
|
|t:|1757808512
|switch|p2a: Rotom|Rotom-Wash|100/100
|turn|7
|
|t:|1757808515
|move|p2a: Rotom|Trick|p1a: Raging Bolt
|-activate|p2a: Rotom|move: Trick|[of] p1a: Raging Bolt
|-item|p1a: Raging Bolt|Choice Scarf|[from] move: Trick
|-item|p2a: Rotom|Leftovers|[from] move: Trick
|move|p1a: Raging Bolt|Calm Mind|p1a: Raging Bolt
|-boost|p1a: Raging Bolt|spa|1
|-boost|p1a: Raging Bolt|spd|1
|
|-weather|SunnyDay|[upkeep]
|upkeep
|turn|8
|
|t:|1757808520
|-end|p1a: Raging Bolt|Protosynthesis|[silent]
|switch|p1a: Rillaboom|Rillaboom, M|75/100
|-fieldstart|move: Grassy Terrain|[from] ability: Grassy Surge|[of] p1a: Rillaboom
|move|p2a: Rotom|Volt Switch|p1a: Rillaboom
|-resisted|p1a: Rillaboom
|-crit|p1a: Rillaboom
|-damage|p1a: Rillaboom|41/100
|
|t:|1757808523
|switch|p2a: Ban Gliscor|Pecharunt|81/100|[from] Volt Switch
|
|-weather|SunnyDay|[upkeep]
|-heal|p1a: Rillaboom|47/100|[from] Grassy Terrain
|-heal|p2a: Ban Gliscor|87/100|[from] Grassy Terrain
|upkeep
|turn|9
|
|t:|1757808527
|move|p1a: Rillaboom|U-turn|p2a: Ban Gliscor
|-resisted|p2a: Ban Gliscor
|-crit|p2a: Ban Gliscor
|-damage|p2a: Ban Gliscor|81/100
|
|t:|1757808534
|switch|p1a: Great Tusk|Great Tusk|100/100|[from] U-turn
|-activate|p1a: Great Tusk|ability: Protosynthesis
|-start|p1a: Great Tusk|protosynthesisspe
|move|p2a: Ban Gliscor|Malignant Chain|p1a: Great Tusk
|-resisted|p1a: Great Tusk
|-damage|p1a: Great Tusk|82/100
|-status|p1a: Great Tusk|tox
|-start|p1a: Great Tusk|confusion|[from] ability: Poison Puppeteer|[of] p2a: Ban Gliscor
|
|-weather|none
|-end|p1a: Great Tusk|Protosynthesis
|-heal|p1a: Great Tusk|88/100 tox|[from] Grassy Terrain
|-heal|p2a: Ban Gliscor|87/100|[from] Grassy Terrain
|-damage|p1a: Great Tusk|82/100 tox|[from] psn
|upkeep
|turn|10
|
|t:|1757808539
|-end|p1a: Great Tusk|Protosynthesis|[silent]
|switch|p1a: Torkoal|Torkoal, M|7/100
|-weather|SunnyDay|[from] ability: Drought|[of] p1a: Torkoal
|switch|p2a: Rotom|Rotom-Wash|100/100
|
|-weather|SunnyDay|[upkeep]
|-heal|p1a: Torkoal|13/100|[from] Grassy Terrain
|upkeep
|turn|11
|
|t:|1757808543
|move|p2a: Rotom|Volt Switch|p1a: Torkoal
|-damage|p1a: Torkoal|0 fnt
|faint|p1a: Torkoal
|
|t:|1757808547
|switch|p2a: Ban Gliscor|Pecharunt|87/100|[from] Volt Switch
|
|-weather|SunnyDay|[upkeep]
|-heal|p2a: Ban Gliscor|93/100|[from] Grassy Terrain
|upkeep
|
|t:|1757808551
|switch|p1a: Raging Bolt|Raging Bolt, tera:Flying|89/100
|-activate|p1a: Raging Bolt|ability: Protosynthesis
|-start|p1a: Raging Bolt|protosynthesisspa
|turn|12
|
|t:|1757808561
|move|p1a: Raging Bolt|Thunderbolt|p2a: Ban Gliscor
|-damage|p2a: Ban Gliscor|27/100
|move|p2a: Ban Gliscor|Malignant Chain|p1a: Raging Bolt
|-damage|p1a: Raging Bolt|63/100
|
|-weather|SunnyDay|[upkeep]
|-heal|p2a: Ban Gliscor|33/100|[from] Grassy Terrain
|-fieldend|move: Grassy Terrain
|upkeep
|turn|13
|
|t:|1757808576
|move|p1a: Raging Bolt|Thunderbolt|p2a: Ban Gliscor
|-damage|p2a: Ban Gliscor|0 fnt
|faint|p2a: Ban Gliscor
|
|-weather|SunnyDay|[upkeep]
|upkeep
|
|t:|1757808580
|switch|p2a: Hero|Iron Valiant|100/100
|-enditem|p2a: Hero|Booster Energy
|-activate|p2a: Hero|ability: Quark Drive|[fromitem]
|-start|p2a: Hero|quarkdrivespe
|turn|14
|
|t:|1757808597
|-terastallize|p2a: Hero|Electric
|move|p2a: Hero|Thunderbolt|p1a: Raging Bolt
|-supereffective|p1a: Raging Bolt
|-damage|p1a: Raging Bolt|0 fnt
|faint|p1a: Raging Bolt
|-end|p1a: Raging Bolt|Protosynthesis|[silent]
|
|-weather|SunnyDay|[upkeep]
|upkeep
|
|t:|1757808600
|switch|p1a: Rillaboom|Rillaboom, M|47/100
|-fieldstart|move: Grassy Terrain|[from] ability: Grassy Surge|[of] p1a: Rillaboom
|turn|15
|
|t:|1757808606
|move|p1a: Rillaboom|Grassy Glide|p2a: Hero
|-damage|p2a: Hero|17/100
|move|p2a: Hero|Moonblast|p1a: Rillaboom
|-damage|p1a: Rillaboom|0 fnt
|faint|p1a: Rillaboom
|
|-weather|SunnyDay|[upkeep]
|-heal|p2a: Hero|24/100|[from] Grassy Terrain
|upkeep
|
|t:|1757808610
|switch|p1a: Hatterene|Hatterene, F|100/100
|turn|16
|
|t:|1757808624
|-end|p2a: Hero|Quark Drive|[silent]
|switch|p2a: Momo Hirai|Alomomola, F|100/100
|move|p1a: Hatterene|Mystical Fire|p2a: Momo Hirai
|-resisted|p2a: Momo Hirai
|-damage|p2a: Momo Hirai|86/100
|-unboost|p2a: Momo Hirai|spa|1
|-enditem|p2a: Momo Hirai|Red Card|[of] p1a: Hatterene
|drag|p1a: Walking Wake|Walking Wake|100/100
|-activate|p1a: Walking Wake|ability: Protosynthesis
|-start|p1a: Walking Wake|protosynthesisspe
|
|-weather|SunnyDay|[upkeep]
|-heal|p2a: Momo Hirai|92/100|[from] Grassy Terrain
|upkeep
|turn|17
|
|t:|1757808632
|move|p1a: Walking Wake|Dragon Pulse|p2a: Momo Hirai
|-crit|p2a: Momo Hirai
|-damage|p2a: Momo Hirai|31/100
|move|p2a: Momo Hirai|Wish|p2a: Momo Hirai
|
|-weather|none
|-end|p1a: Walking Wake|Protosynthesis
|-heal|p2a: Momo Hirai|38/100|[from] Grassy Terrain
|upkeep
|turn|18
|
|t:|1757808637
|-end|p1a: Walking Wake|Protosynthesis|[silent]
|switch|p1a: Hatterene|Hatterene, F|100/100
|move|p2a: Momo Hirai|Protect||[still]
|-fail|p2a: Momo Hirai
|
|-heal|p2a: Momo Hirai|88/100|[from] move: Wish|[wisher] Momo Hirai
|-heal|p2a: Momo Hirai|94/100|[from] Grassy Terrain
|upkeep
|turn|19
|
|t:|1757808641
|move|p2a: Momo Hirai|Wish|p2a: Momo Hirai
|move|p1a: Hatterene|Future Sight|p2a: Momo Hirai
|-start|p1a: Hatterene|move: Future Sight
|
|-heal|p2a: Momo Hirai|99/100|[from] Grassy Terrain
|-fieldend|move: Grassy Terrain
|upkeep
|turn|20
|
|t:|1757808644
|move|p2a: Momo Hirai|Flip Turn|p1a: Hatterene
|-damage|p1a: Hatterene|87/100
|
|t:|1757808646
|switch|p2a: Ban Zamazenta|Kingambit, M, shiny|100/100|[from] Flip Turn
|-activate|p2a: Ban Zamazenta|ability: Supreme Overlord
|-start|p2a: Ban Zamazenta|fallen2|[silent]
|move|p1a: Hatterene|Nuzzle|p2a: Ban Zamazenta
|-damage|p2a: Ban Zamazenta|97/100
|-status|p2a: Ban Zamazenta|par
|
|-heal|p2a: Ban Zamazenta|100/100 par|[from] move: Wish|[wisher] Momo Hirai
|upkeep
|turn|21
|
|t:|1757808651
|switch|p1a: Great Tusk|Great Tusk|82/100 tox
|move|p2a: Ban Zamazenta|Iron Head|p1a: Great Tusk
|-damage|p1a: Great Tusk|47/100 tox
|
|-end|p2a: Ban Zamazenta|move: Future Sight
|-immune|p2a: Ban Zamazenta
|-damage|p1a: Great Tusk|40/100 tox|[from] psn
|upkeep
|turn|22
|
|t:|1757808655
|-end|p2a: Ban Zamazenta|fallen2|[silent]
|switch|p2a: Rotom|Rotom-Wash|100/100
|move|p1a: Great Tusk|Rapid Spin|p2a: Rotom
|-damage|p2a: Rotom|80/100
|-boost|p1a: Great Tusk|spe|1
|
|-heal|p2a: Rotom|86/100|[from] item: Leftovers
|-damage|p1a: Great Tusk|28/100 tox|[from] psn
|upkeep
|turn|23
|-message|bidooofer forfeited.
|
|win|Obito 2001
|raw|bidooofer's rating: 1679 &rarr; <strong>1659</strong><br />(-20 for losing)
|raw|Obito 2001's rating: 1687 &rarr; <strong>1707</strong><br />(+20 for winning)
|l|‽bidooofer
|player|p1|
