|j|☆GorgeousGal
|j|☆Free6lackpanther
|t:|1757856735
|gametype|singles
|player|p1|GorgeousGal|265|1338
|player|p2|Free6lackpanther|266|1376
|gen|9
|tier|[Gen 9] OU
|rated|
|rule|HP Percentage Mod: HP is shown in percentages
|rule|Endless Battle Clause: Forcing endless battles is banned
|rule|Species Clause: Limit one of each Pokémon
|rule|OHKO Clause: OHKO moves are banned
|rule|Evasion Items Clause: Evasion items are banned
|rule|Evasion Moves Clause: Evasion moves are banned
|rule|Evasion Abilities Clause: Evasion abilities are banned
|rule|Sleep Moves Clause: Sleep-inducing moves are banned
|clearpoke
|poke|p1|Ogerpon-Wellspring, F|
|poke|p1|Cloyster, M|
|poke|p1|Ninetales-Alola, M|
|poke|p1|Polteageist|
|poke|p1|Iron Treads|
|poke|p1|Dragonite, M|
|poke|p2|Rotom-Wash|
|poke|p2|Ninetales-Alola, M|
|poke|p2|Exeggutor-Alola, M|
|poke|p2|Tyranitar, M|
|poke|p2|Dragonite, F|
|poke|p2|Scizor, M|
|teampreview
|inactive|Battle timer is ON: inactive players will automatically lose when time's up. (requested by Free6lackpanther)
|inactive|GorgeousGal also wants the timer to be on.
|
|t:|1757856744
|teamsize|p1|6
|teamsize|p2|6
|start
|switch|p1a: Iron Treads|Iron Treads|100/100
|switch|p2a: Scizor|Scizor, M|100/100
|-enditem|p1a: Iron Treads|Booster Energy
|-activate|p1a: Iron Treads|ability: Quark Drive|[fromitem]
|-start|p1a: Iron Treads|quarkdrivespe
|turn|1
|
|t:|1757856756
|switch|p2a: Rotom|Rotom-Wash|100/100
|move|p1a: Iron Treads|Stealth Rock|p2a: Rotom
|-sidestart|p2: Free6lackpanther|move: Stealth Rock
|
|upkeep
|turn|2
|
|t:|1757856763
|move|p1a: Iron Treads|Rapid Spin|p2a: Rotom
|-damage|p2a: Rotom|91/100
|-boost|p1a: Iron Treads|spe|1
|move|p2a: Rotom|Hydro Pump|p1a: Iron Treads
|-supereffective|p1a: Iron Treads
|-damage|p1a: Iron Treads|0 fnt
|faint|p1a: Iron Treads
|-end|p1a: Iron Treads|Quark Drive|[silent]
|
|-heal|p2a: Rotom|98/100|[from] item: Leftovers
|upkeep
|
|t:|1757856770
|switch|p1a: Ninetales|Ninetales-Alola, M|100/100
|-weather|Snowscape|[from] ability: Snow Warning|[of] p1a: Ninetales
|turn|3
|
|t:|1757856778
|move|p1a: Ninetales|Aurora Veil|p1a: Ninetales
|-sidestart|p1: GorgeousGal|move: Aurora Veil
|move|p2a: Rotom|Volt Switch|p1a: Ninetales
|-damage|p1a: Ninetales|87/100
|
|t:|1757856782
|switch|p2a: Scizor|Scizor, M|100/100|[from] Volt Switch
|-damage|p2a: Scizor|88/100|[from] Stealth Rock
|
|-weather|Snowscape|[upkeep]
|-heal|p2a: Scizor|94/100|[from] item: Leftovers
|upkeep
|turn|4
|
|t:|1757856790
|move|p1a: Ninetales|Encore||[still]
|-fail|p1a: Ninetales
|move|p2a: Scizor|Defog|p1a: Ninetales
|-unboost|p1a: Ninetales|evasion|1
|-sideend|p1: GorgeousGal|move: Aurora Veil
|-sideend|p2: Free6lackpanther|Stealth Rock|[from] move: Defog|[of] p2a: Scizor
|
|-weather|Snowscape|[upkeep]
|-heal|p2a: Scizor|99/100|[from] item: Leftovers
|upkeep
|turn|5
|
|t:|1757856800
|move|p2a: Scizor|Bullet Punch|p1a: Ninetales
|-supereffective|p1a: Ninetales
|-damage|p1a: Ninetales|0 fnt
|faint|p1a: Ninetales
|
|-weather|Snowscape|[upkeep]
|-heal|p2a: Scizor|100/100|[from] item: Leftovers
|upkeep
|
|t:|1757856805
|switch|p1a: Polteageist|Polteageist|100/100
|turn|6
|
|t:|1757856810
|move|p1a: Polteageist|Strength Sap|p2a: Scizor
|-unboost|p2a: Scizor|atk|1
|move|p2a: Scizor|Knock Off|p1a: Polteageist
|-supereffective|p1a: Polteageist
|-damage|p1a: Polteageist|47/100
|-enditem|p1a: Polteageist|White Herb|[from] move: Knock Off|[of] p2a: Scizor
|
|-weather|Snowscape|[upkeep]
|upkeep
|turn|7
|
|t:|1757856826
|switch|p2a: Exeggutor|Exeggutor-Alola, M|100/100
|move|p1a: Polteageist|Strength Sap|p2a: Exeggutor
|-unboost|p2a: Exeggutor|atk|1
|-heal|p1a: Polteageist|100/100
|
|-weather|none
|upkeep
|turn|8
|
|t:|1757856838
|move|p1a: Polteageist|Shell Smash|p1a: Polteageist
|-unboost|p1a: Polteageist|def|1
|-unboost|p1a: Polteageist|spd|1
|-boost|p1a: Polteageist|atk|2
|-boost|p1a: Polteageist|spa|2
|-boost|p1a: Polteageist|spe|2
|move|p2a: Exeggutor|Calm Mind|p2a: Exeggutor
|-boost|p2a: Exeggutor|spa|1
|-boost|p2a: Exeggutor|spd|1
|
|upkeep
|turn|9
|
|t:|1757856848
|move|p1a: Polteageist|Shadow Ball|p2a: Exeggutor
|-damage|p2a: Exeggutor|46/100
|-enditem|p2a: Exeggutor|Sitrus Berry|[eat]
|-heal|p2a: Exeggutor|71/100|[from] item: Sitrus Berry
|move|p2a: Exeggutor|Energy Ball|p1a: Polteageist
|-damage|p1a: Polteageist|0 fnt
|-start|p2a: Exeggutor|Disable|Energy Ball|[from] ability: Cursed Body|[of] p1a: Polteageist
|faint|p1a: Polteageist
|
|-item|p2a: Exeggutor|Sitrus Berry|[from] ability: Harvest
|upkeep
|
|t:|1757856852
|switch|p1a: Cloyster|Cloyster, M|100/100
|turn|10
|
|t:|1757856864
|move|p1a: Cloyster|Shell Smash|p1a: Cloyster
|-unboost|p1a: Cloyster|def|1
|-unboost|p1a: Cloyster|spd|1
|-boost|p1a: Cloyster|atk|2
|-boost|p1a: Cloyster|spa|2
|-boost|p1a: Cloyster|spe|2
|move|p2a: Exeggutor|Flamethrower|p1a: Cloyster
|-damage|p1a: Cloyster|0 fnt
|faint|p1a: Cloyster
|
|upkeep
|-message|GorgeousGal forfeited.
|
|win|Free6lackpanther
|raw|GorgeousGal's rating: 1338 &rarr; <strong>1320</strong><br />(-18 for losing)
|raw|Free6lackpanther's rating: 1376 &rarr; <strong>1394</strong><br />(+18 for winning)
|l|☆GorgeousGal
|player|p1|
|l|☆Free6lackpanther
|player|p2|
