|j|☆JacquesDeAlderberg
|j|☆OnArceus
|t:|1757859969
|gametype|singles
|player|p1|JacquesDeAlderberg|2|1653
|player|p2|OnArceus|#scl2spartans|1783
|gen|9
|tier|[Gen 9] OU
|rated|
|rule|HP Percentage Mod: HP is shown in percentages
|rule|Endless Battle Clause: Forcing endless battles is banned
|rule|Species Clause: Limit one of each Pokémon
|rule|OHKO Clause: OHKO moves are banned
|rule|Evasion Items Clause: Evasion items are banned
|rule|Evasion Moves Clause: Evasion moves are banned
|rule|Evasion Abilities Clause: Evasion abilities are banned
|rule|Sleep Moves Clause: Sleep-inducing moves are banned
|clearpoke
|poke|p1|Enamorus, F|
|poke|p1|Great Tusk|
|poke|p1|Hatterene, F|
|poke|p1|Iron Crown|
|poke|p1|Ting-Lu|
|poke|p1|Sinistcha|
|poke|p2|Ursaluna, F|
|poke|p2|Meowscarada, M|
|poke|p2|Slowking-Galar, F|
|poke|p2|Great Tusk|
|poke|p2|Moltres|
|poke|p2|Gholdengo|
|teampreview
|
|t:|1757859992
|teamsize|p1|6
|teamsize|p2|6
|start
|switch|p1a: Hatterene|Hatterene, F|100/100
|switch|p2a: Meowscarada|Meowscarada, M|100/100
|turn|1
|inactive|Battle timer is ON: inactive players will automatically lose when time's up. (requested by JacquesDeAlderberg)
|
|t:|1757860000
|move|p2a: Meowscarada|U-turn|p1a: Hatterene
|-damage|p1a: Hatterene|81/100
|
|t:|1757860002
|switch|p2a: Slowking|Slowking-Galar, F|100/100|[from] U-turn
|move|p1a: Hatterene|Nuzzle|p2a: Slowking
|-damage|p2a: Slowking|97/100
|-status|p2a: Slowking|par
|
|-heal|p1a: Hatterene|87/100|[from] item: Leftovers
|upkeep
|turn|2
|
|t:|1757860011
|switch|p1a: Ting-Lu|Ting-Lu|100/100
|-ability|p1a: Ting-Lu|Vessel of Ruin
|move|p2a: Slowking|Future Sight|p1a: Ting-Lu
|-start|p2a: Slowking|move: Future Sight
|
|upkeep
|turn|3
|
|t:|1757860018
|move|p1a: Ting-Lu|Ruination|p2a: Slowking
|-damage|p2a: Slowking|49/100 par
|move|p2a: Slowking|Toxic Spikes|p1a: Ting-Lu
|-sidestart|p1: JacquesDeAlderberg|move: Toxic Spikes
|
|upkeep
|turn|4
|
|t:|1757860027
|switch|p2a: Meowscarada|Meowscarada, M|100/100
|move|p1a: Ting-Lu|Ruination|p2a: Meowscarada|[miss]
|-miss|p1a: Ting-Lu|p2a: Meowscarada
|
|-end|p1a: Ting-Lu|move: Future Sight
|-immune|p1a: Ting-Lu
|upkeep
|turn|5
|
|t:|1757860038
|move|p2a: Meowscarada|Flower Trick|p1a: Ting-Lu
|-supereffective|p1a: Ting-Lu
|-crit|p1a: Ting-Lu
|-damage|p1a: Ting-Lu|49/100
|move|p1a: Ting-Lu|Ruination|p2a: Meowscarada
|-damage|p2a: Meowscarada|51/100
|
|-heal|p1a: Ting-Lu|55/100|[from] item: Leftovers
|upkeep
|turn|6
|
|t:|1757860045
|switch|p1a: Sinistcha|Sinistcha|100/100
|move|p2a: Meowscarada|Flower Trick|p1a: Sinistcha
|-resisted|p1a: Sinistcha
|-crit|p1a: Sinistcha
|-damage|p1a: Sinistcha|84/100
|
|upkeep
|turn|7
|
|t:|1757860049
|move|p2a: Meowscarada|Knock Off|p1a: Sinistcha
|-supereffective|p1a: Sinistcha
|-damage|p1a: Sinistcha|22/100
|-enditem|p1a: Sinistcha|Heavy-Duty Boots|[from] move: Knock Off|[of] p2a: Meowscarada
|move|p1a: Sinistcha|Shadow Ball|p2a: Meowscarada
|-resisted|p2a: Meowscarada
|-damage|p2a: Meowscarada|25/100
|
|upkeep
|turn|8
|
|t:|1757860055
|move|p2a: Meowscarada|Knock Off|p1a: Sinistcha
|-supereffective|p1a: Sinistcha
|-damage|p1a: Sinistcha|0 fnt
|faint|p1a: Sinistcha
|
|upkeep
|
|t:|1757860067
|switch|p1a: Iron Crown|Iron Crown|100/100
|-enditem|p1a: Iron Crown|Booster Energy
|-activate|p1a: Iron Crown|ability: Quark Drive|[fromitem]
|-start|p1a: Iron Crown|quarkdrivespa
|turn|9
|
|t:|1757860072
|-terastallize|p1a: Iron Crown|Fighting
|move|p2a: Meowscarada|U-turn|p1a: Iron Crown
|-resisted|p1a: Iron Crown
|-damage|p1a: Iron Crown|89/100
|
|t:|1757860076
|switch|p2a: Gholdengo|Gholdengo|100/100|[from] U-turn
|move|p1a: Iron Crown|Agility|p1a: Iron Crown
|-boost|p1a: Iron Crown|spe|2
|
|upkeep
|turn|10
|
|t:|1757860082
|move|p1a: Iron Crown|Calm Mind|p1a: Iron Crown
|-boost|p1a: Iron Crown|spa|1
|-boost|p1a: Iron Crown|spd|1
|move|p2a: Gholdengo|Make It Rain|p1a: Iron Crown
|-damage|p1a: Iron Crown|50/100
|-unboost|p2a: Gholdengo|spa|1
|
|upkeep
|turn|11
|
|t:|1757860084
|switch|p2a: Moltres|Moltres|100/100
|move|p1a: Iron Crown|Calm Mind|p1a: Iron Crown
|-boost|p1a: Iron Crown|spa|1
|-boost|p1a: Iron Crown|spd|1
|
|upkeep
|turn|12
|
|t:|1757860087
|move|p1a: Iron Crown|Stored Power|p2a: Moltres
|-damage|p2a: Moltres|0 fnt
|faint|p2a: Moltres
|
|upkeep
|
|t:|1757860091
|switch|p2a: Gholdengo|Gholdengo|100/100
|turn|13
|
|t:|1757860094
|move|p1a: Iron Crown|Stored Power|p2a: Gholdengo
|-resisted|p2a: Gholdengo
|-damage|p2a: Gholdengo|0 fnt
|faint|p2a: Gholdengo
|
|upkeep
|
|t:|1757860098
|switch|p2a: Ursaluna|Ursaluna, F|100/100
|turn|14
|
|t:|1757860102
|move|p2a: Ursaluna|Protect|p2a: Ursaluna
|-singleturn|p2a: Ursaluna|Protect
|move|p1a: Iron Crown|Stored Power|p2a: Ursaluna
|-activate|p2a: Ursaluna|move: Protect
|
|upkeep
|turn|15
|
|t:|1757860104
|move|p1a: Iron Crown|Stored Power|p2a: Ursaluna
|-damage|p2a: Ursaluna|0 fnt
|faint|p2a: Ursaluna
|
|upkeep
|-message|OnArceus forfeited.
|
|win|JacquesDeAlderberg
|raw|JacquesDeAlderberg's rating: 1653 &rarr; <strong>1680</strong><br />(+27 for winning)
|raw|OnArceus's rating: 1783 &rarr; <strong>1756</strong><br />(-27 for losing)
|l|☆OnArceus
|player|p2|
