|j|☆SittinGamer
|j|☆Wahhhh soooo good!
|t:|1757826316
|gametype|singles
|player|p1|SittinGamer|dawn-gen4pt|1386
|player|p2|Wahhhh soooo good!|101|1338
|gen|9
|tier|[Gen 9] OU
|rated|
|rule|HP Percentage Mod: HP is shown in percentages
|rule|Endless Battle Clause: Forcing endless battles is banned
|rule|Species Clause: Limit one of each Pokémon
|rule|OHKO Clause: OHKO moves are banned
|rule|Evasion Items Clause: Evasion items are banned
|rule|Evasion Moves Clause: Evasion moves are banned
|rule|Evasion Abilities Clause: Evasion abilities are banned
|rule|Sleep Moves Clause: Sleep-inducing moves are banned
|clearpoke
|poke|p1|Infernape, F|
|poke|p1|Samurott-Hisui, F|
|poke|p1|Gholdengo|
|poke|p1|Hatterene, F|
|poke|p1|Great Tusk|
|poke|p1|Zamazenta-*|
|poke|p2|Dragonite, F|
|poke|p2|Ursaluna, F|
|poke|p2|Slowking-Galar, F|
|poke|p2|Iron Hands|
|poke|p2|Hatterene, F|
|poke|p2|Scizor, F|
|teampreview
|
|t:|1757826329
|teamsize|p1|6
|teamsize|p2|6
|start
|switch|p1a: Samurott|Samurott-Hisui, F|100/100
|switch|p2a: Iron Hands|Iron Hands|100/100
|turn|1
|
|t:|1757826332
|move|p1a: Samurott|Ceaseless Edge|p2a: Iron Hands
|-resisted|p2a: Iron Hands
|-damage|p2a: Iron Hands|85/100
|-sidestart|p2: Wahhhh soooo good!|Spikes
|move|p2a: Iron Hands|Drain Punch|p1a: Samurott
|-supereffective|p1a: Samurott
|-damage|p1a: Samurott|11/100
|-heal|p2a: Iron Hands|100/100|[from] drain|[of] p1a: Samurott
|
|upkeep
|turn|2
|
|t:|1757826335
|move|p1a: Samurott|Ceaseless Edge|p2a: Iron Hands
|-resisted|p2a: Iron Hands
|-damage|p2a: Iron Hands|85/100
|-sidestart|p2: Wahhhh soooo good!|Spikes
|move|p2a: Iron Hands|Volt Switch|p1a: Samurott
|-supereffective|p1a: Samurott
|-damage|p1a: Samurott|0 fnt
|faint|p1a: Samurott
|
|t:|1757826337
|-end|p2a: Iron Hands|Quark Drive|[silent]
|switch|p2a: Scizor|Scizor, F|100/100|[from] Volt Switch
|-damage|p2a: Scizor|84/100|[from] Spikes
|
|upkeep
|
|t:|1757826341
|switch|p1a: Hatterene|Hatterene, F|100/100
|turn|3
|
|t:|1757826345
|move|p2a: Scizor|Defog|p1a: Hatterene
|move|p1a: Hatterene|Defog|p2a: Scizor|[from] ability: Magic Bounce
|-unboost|p2a: Scizor|evasion|1
|-sideend|p2: Wahhhh soooo good!|Spikes|[from] move: Defog|[of] p1a: Hatterene
|move|p1a: Hatterene|Mystical Fire|p2a: Scizor
|-supereffective|p2a: Scizor
|-damage|p2a: Scizor|0 fnt
|faint|p2a: Scizor
|
|upkeep
|
|t:|1757826353
|switch|p2a: Slowking|Slowking-Galar, F|100/100
|turn|4
|
|t:|1757826359
|switch|p1a: Gholdengo|Gholdengo|100/100
|-prepare|p2a: Slowking|Chilly Reception|[premajor]
|move|p2a: Slowking|Chilly Reception|p2a: Slowking
|-weather|Snowscape
|
|t:|1757826366
|switch|p2a: Ursaluna|Ursaluna, F|100/100|[from] Chilly Reception
|
|-weather|Snowscape|[upkeep]
|-status|p2a: Ursaluna|brn|[from] item: Flame Orb
|upkeep
|turn|5
|
|t:|1757826371
|-terastallize|p1a: Gholdengo|Fighting
|move|p1a: Gholdengo|Focus Blast|p2a: Ursaluna
|-supereffective|p2a: Ursaluna
|-damage|p2a: Ursaluna|0 fnt
|faint|p2a: Ursaluna
|
|-weather|Snowscape|[upkeep]
|upkeep
|
|t:|1757826397
|switch|p2a: Dragonite|Dragonite, F|100/100
|turn|6
|
|t:|1757826408
|switch|p1a: Great Tusk|Great Tusk|100/100
|-enditem|p1a: Great Tusk|Booster Energy
|-activate|p1a: Great Tusk|ability: Protosynthesis|[fromitem]
|-start|p1a: Great Tusk|protosynthesisatk
|move|p2a: Dragonite|Dragon Dance|p2a: Dragonite
|-boost|p2a: Dragonite|atk|1
|-boost|p2a: Dragonite|spe|1
|
|-weather|Snowscape|[upkeep]
|upkeep
|turn|7
|
|t:|1757826417
|-terastallize|p2a: Dragonite|Fairy
|move|p2a: Dragonite|Dragon Dance|p2a: Dragonite
|-boost|p2a: Dragonite|atk|1
|-boost|p2a: Dragonite|spe|1
|move|p1a: Great Tusk|Ice Spinner|p2a: Dragonite
|-damage|p2a: Dragonite|84/100
|
|-weather|Snowscape|[upkeep]
|upkeep
|turn|8
|
|t:|1757826427
|move|p2a: Dragonite|Tera Blast|p1a: Great Tusk|[anim] Tera Blast Fairy
|-supereffective|p1a: Great Tusk
|-damage|p1a: Great Tusk|0 fnt
|faint|p1a: Great Tusk
|-end|p1a: Great Tusk|Protosynthesis|[silent]
|
|-weather|none
|upkeep
|
|t:|1757826430
|switch|p1a: Zamazenta|Zamazenta|100/100
|-ability|p1a: Zamazenta|Dauntless Shield|boost
|-boost|p1a: Zamazenta|def|1
|turn|9
|
|t:|1757826433
|move|p2a: Dragonite|Tera Blast|p1a: Zamazenta|[anim] Tera Blast Fairy
|-supereffective|p1a: Zamazenta
|-damage|p1a: Zamazenta|8/100
|move|p1a: Zamazenta|Roar|p2a: Dragonite
|drag|p2a: Slowking|Slowking-Galar, F|100/100
|
|-heal|p1a: Zamazenta|14/100|[from] item: Leftovers
|upkeep
|turn|10
|
|t:|1757826440
|move|p1a: Zamazenta|Crunch|p2a: Slowking
|-supereffective|p2a: Slowking
|-enditem|p2a: Slowking|Colbur Berry|[eat]
|-enditem|p2a: Slowking|Colbur Berry|[weaken]
|-damage|p2a: Slowking|77/100
|move|p2a: Slowking|Sludge Wave|p1a: Zamazenta
|-damage|p1a: Zamazenta|0 fnt
|faint|p1a: Zamazenta
|
|upkeep
|
|t:|1757826445
|switch|p1a: Gholdengo|Gholdengo, tera:Fighting|100/100
|turn|11
|
|t:|1757826449
|move|p1a: Gholdengo|Shadow Ball|p2a: Slowking
|-supereffective|p2a: Slowking
|-crit|p2a: Slowking
|-damage|p2a: Slowking|0 fnt
|faint|p2a: Slowking
|
|upkeep
|
|t:|1757826457
|switch|p2a: Iron Hands|Iron Hands|85/100
|turn|12
|
|t:|1757826461
|switch|p1a: Hatterene|Hatterene, F|100/100
|move|p2a: Iron Hands|Supercell Slam|p1a: Hatterene
|-damage|p1a: Hatterene|32/100
|
|upkeep
|turn|13
|
|t:|1757826467
|move|p2a: Iron Hands|Supercell Slam|p1a: Hatterene
|-damage|p1a: Hatterene|0 fnt
|faint|p1a: Hatterene
|
|upkeep
|
|t:|1757826470
|switch|p1a: Infernape|Infernape, F|100/100
|turn|14
|
|t:|1757826473
|move|p1a: Infernape|Stealth Rock|p2a: Iron Hands
|-sidestart|p2: Wahhhh soooo good!|move: Stealth Rock
|move|p2a: Iron Hands|Drain Punch|p1a: Infernape
|-damage|p1a: Infernape|21/100
|-heal|p2a: Iron Hands|100/100|[from] drain|[of] p1a: Infernape
|
|upkeep
|turn|15
|
|t:|1757826475
|move|p1a: Infernape|Overheat|p2a: Iron Hands
|-crit|p2a: Iron Hands
|-damage|p2a: Iron Hands|25/100
|-unboost|p1a: Infernape|spa|2
|move|p2a: Iron Hands|Volt Switch|p1a: Infernape
|-damage|p1a: Infernape|2/100
|
|t:|1757826484
|-end|p2a: Iron Hands|Quark Drive|[silent]
|switch|p2a: Hatterene|Hatterene, F|100/100|[from] Volt Switch
|-damage|p2a: Hatterene|88/100|[from] Stealth Rock
|
|-heal|p2a: Hatterene|94/100|[from] item: Leftovers
|upkeep
|turn|16
|
|t:|1757826487
|move|p1a: Infernape|Overheat|p2a: Hatterene
|-damage|p2a: Hatterene|52/100
|-unboost|p1a: Infernape|spa|2
|move|p2a: Hatterene|Draining Kiss|p1a: Infernape
|-damage|p1a: Infernape|0 fnt
|-heal|p2a: Hatterene|54/100|[from] drain|[of] p1a: Infernape
|faint|p1a: Infernape
|
|-heal|p2a: Hatterene|60/100|[from] item: Leftovers
|upkeep
|
|t:|1757826489
|switch|p1a: Gholdengo|Gholdengo, tera:Fighting|100/100
|turn|17
|
|t:|1757826492
|move|p1a: Gholdengo|Shadow Ball|p2a: Hatterene
|-supereffective|p2a: Hatterene
|-damage|p2a: Hatterene|0 fnt
|faint|p2a: Hatterene
|
|upkeep
|
|t:|1757826532
|switch|p2a: Iron Hands|Iron Hands|25/100
|-damage|p2a: Iron Hands|19/100|[from] Stealth Rock
|turn|18
|
|t:|1757826535
|move|p1a: Gholdengo|Shadow Ball|p2a: Iron Hands
|-damage|p2a: Iron Hands|0 fnt
|faint|p2a: Iron Hands
|-end|p2a: Iron Hands|Quark Drive|[silent]
|
|upkeep
|
|t:|1757826537
|switch|p2a: Dragonite|Dragonite, F, tera:Fairy|84/100
|turn|19
|
|t:|1757826541
|move|p1a: Gholdengo|Shadow Ball|p2a: Dragonite
|-damage|p2a: Dragonite|44/100
|move|p2a: Dragonite|Dragon Dance|p2a: Dragonite
|-boost|p2a: Dragonite|atk|1
|-boost|p2a: Dragonite|spe|1
|
|upkeep
|turn|20
|
|t:|1757826543
|move|p1a: Gholdengo|Shadow Ball|p2a: Dragonite
|-damage|p2a: Dragonite|5/100
|-unboost|p2a: Dragonite|spd|1
|move|p2a: Dragonite|Tera Blast|p1a: Gholdengo|[anim] Tera Blast Fairy
|-supereffective|p1a: Gholdengo
|-crit|p1a: Gholdengo
|-damage|p1a: Gholdengo|0 fnt
|faint|p1a: Gholdengo
|
|win|Wahhhh soooo good!
|raw|SittinGamer's rating: 1386 &rarr; <strong>1363</strong><br />(-23 for losing)
|raw|Wahhhh soooo good!'s rating: 1338 &rarr; <strong>1361</strong><br />(+23 for winning)
|l|☆SittinGamer
|player|p1|
|l|☆Wahhhh soooo good!
|player|p2|
