|j|☆Zxasdfqw
|j|☆ace1234560
|t:|1757832539
|gametype|singles
|player|p1|Zxasdfqw|rosa|1237
|player|p2|ace1234560|170|1279
|gen|9
|tier|[Gen 9] OU
|rated|
|rule|HP Percentage Mod: HP is shown in percentages
|rule|Endless Battle Clause: Forcing endless battles is banned
|rule|Species Clause: Limit one of each Pokémon
|rule|OHKO Clause: OHKO moves are banned
|rule|Evasion Items Clause: Evasion items are banned
|rule|Evasion Moves Clause: Evasion moves are banned
|rule|Evasion Abilities Clause: Evasion abilities are banned
|rule|Sleep Moves Clause: Sleep-inducing moves are banned
|clearpoke
|poke|p1|Rillaboom, F|
|poke|p1|Ogerpon, F|
|poke|p1|Moltres|
|poke|p1|Gholdengo|
|poke|p1|Samurott-Hisui, F|
|poke|p1|Great Tusk|
|poke|p2|Delphox, M|
|poke|p2|Dondozo, M|
|poke|p2|Dragapult, M|
|poke|p2|Chansey, F|
|poke|p2|Greninja-*, M|
|poke|p2|Kingambit, M|
|teampreview
|inactive|Battle timer is ON: inactive players will automatically lose when time's up. (requested by Zxasdfqw)
|inactive|ace1234560 also wants the timer to be on.
|
|t:|1757832562
|teamsize|p1|6
|teamsize|p2|6
|start
|switch|p1a: Moltres|Moltres, shiny|100/100
|switch|p2a: Greninja|Greninja, M|100/100
|turn|1
|
|t:|1757832582
|switch|p1a: Samurott|Samurott-Hisui, F, shiny|100/100
|move|p2a: Greninja|Dark Pulse|p1a: Samurott
|-resisted|p1a: Samurott
|-damage|p1a: Samurott|79/100
|
|upkeep
|turn|2
|
|t:|1757832592
|move|p2a: Greninja|Grass Knot|p1a: Samurott
|-supereffective|p1a: Samurott
|-damage|p1a: Samurott|15/100
|move|p1a: Samurott|Sacred Sword|p2a: Greninja
|-supereffective|p2a: Greninja
|-enditem|p2a: Greninja|Focus Sash
|-damage|p2a: Greninja|1/100
|
|upkeep
|turn|3
|
|t:|1757832604
|move|p1a: Samurott|Aqua Jet|p2a: Greninja
|-resisted|p2a: Greninja
|-damage|p2a: Greninja|0 fnt
|faint|p2a: Greninja
|
|upkeep
|
|t:|1757832624
|switch|p2a: Dragapult|Dragapult, M|100/100
|turn|4
|
|t:|1757832648
|move|p2a: Dragapult|U-turn|p1a: Samurott
|-supereffective|p1a: Samurott
|-damage|p1a: Samurott|0 fnt
|faint|p1a: Samurott
|
|t:|1757832653
|switch|p2a: Delphox|Delphox, M|100/100|[from] U-turn
|
|upkeep
|
|t:|1757832660
|switch|p1a: Great Tusk|Great Tusk|100/100
|turn|5
|l|☆ace1234560
|inactive|ace1234560 disconnected and has a minute to reconnect!
|player|p2|
|inactive|Zxasdfqw has 120 seconds left.
|j|☆ace1234560
|inactive|ace1234560 reconnected and has 125 seconds left.
|player|p2|ace1234560|170|
|inactive|ace1234560 has 120 seconds left.
|
|t:|1757832695
|-terastallize|p1a: Great Tusk|Ground
|move|p2a: Delphox|Psyshock|p1a: Great Tusk
|-damage|p1a: Great Tusk|71/100
|move|p1a: Great Tusk|Headlong Rush|p2a: Delphox
|-supereffective|p2a: Delphox
|-enditem|p2a: Delphox|Focus Sash
|-damage|p2a: Delphox|1/100
|-unboost|p1a: Great Tusk|def|1
|-unboost|p1a: Great Tusk|spd|1
|
|-heal|p1a: Great Tusk|77/100|[from] item: Leftovers
|upkeep
|turn|6
|inactive|Zxasdfqw has 120 seconds left.
|inactive|ace1234560 has 120 seconds left.
|
|t:|1757832711
|move|p2a: Delphox|Shadow Ball|p1a: Great Tusk
|-damage|p1a: Great Tusk|10/100
|move|p1a: Great Tusk|Rapid Spin|p2a: Delphox
|-damage|p2a: Delphox|0 fnt
|-boost|p1a: Great Tusk|spe|1
|faint|p2a: Delphox
|
|-heal|p1a: Great Tusk|16/100|[from] item: Leftovers
|upkeep
|
|t:|1757832720
|switch|p2a: Dondozo|Dondozo, M|100/100
|turn|7
|inactive|Zxasdfqw has 120 seconds left.
|
|t:|1757832732
|move|p1a: Great Tusk|Headlong Rush|p2a: Dondozo
|-damage|p2a: Dondozo|54/100
|-unboost|p1a: Great Tusk|def|1
|-unboost|p1a: Great Tusk|spd|1
|move|p2a: Dondozo|Wave Crash|p1a: Great Tusk
|-supereffective|p1a: Great Tusk
|-damage|p1a: Great Tusk|0 fnt
|faint|p1a: Great Tusk
|-end|p1a: Great Tusk|Protosynthesis|[silent]
|-damage|p2a: Dondozo|50/100|[from] Recoil
|
|-heal|p2a: Dondozo|56/100|[from] item: Leftovers
|upkeep
|
|t:|1757832745
|switch|p1a: Rillaboom|Rillaboom, F, shiny|100/100
|-fieldstart|move: Grassy Terrain|[from] ability: Grassy Surge|[of] p1a: Rillaboom
|turn|8
|
|t:|1757832750
|switch|p2a: Dragapult|Dragapult, M|100/100
|move|p1a: Rillaboom|Swords Dance|p1a: Rillaboom
|-boost|p1a: Rillaboom|atk|2
|
|upkeep
|turn|9
|inactive|Zxasdfqw has 120 seconds left.
|
|t:|1757832762
|move|p1a: Rillaboom|Grassy Glide|p2a: Dragapult
|-resisted|p2a: Dragapult
|-damage|p2a: Dragapult|49/100
|move|p2a: Dragapult|Dragon Darts|p1a: Rillaboom
|-damage|p1a: Rillaboom|58/100
|-anim|p2a: Dragapult|Dragon Darts|p1a: Rillaboom
|-damage|p1a: Rillaboom|19/100
|
|-heal|p2a: Dragapult|55/100|[from] Grassy Terrain
|-heal|p1a: Rillaboom|26/100|[from] Grassy Terrain
|upkeep
|turn|10
|inactive|Zxasdfqw has 120 seconds left.
|inactive|Zxasdfqw has 90 seconds left.
|
|t:|1757832815
|move|p1a: Rillaboom|Grassy Glide|p2a: Dragapult
|-resisted|p2a: Dragapult
|-damage|p2a: Dragapult|0 fnt
|faint|p2a: Dragapult
|
|-heal|p1a: Rillaboom|32/100|[from] Grassy Terrain
|upkeep
|
|t:|1757832822
|switch|p2a: Kingambit|Kingambit, M|100/100
|-activate|p2a: Kingambit|ability: Supreme Overlord
|-start|p2a: Kingambit|fallen3|[silent]
|turn|11
|
|t:|1757832829
|move|p2a: Kingambit|Sucker Punch|p1a: Rillaboom
|-damage|p1a: Rillaboom|0 fnt
|faint|p1a: Rillaboom
|
|upkeep
|
|t:|1757832837
|switch|p1a: Moltres|Moltres, shiny|100/100
|turn|12
|inactive|Zxasdfqw has 90 seconds left.
|
|t:|1757832842
|-terastallize|p2a: Kingambit|Dark
|move|p1a: Moltres|Flamethrower|p2a: Kingambit
|-damage|p2a: Kingambit|59/100
|move|p2a: Kingambit|Kowtow Cleave|p1a: Moltres
|-crit|p1a: Moltres
|-damage|p1a: Moltres|0 fnt
|faint|p1a: Moltres
|
|-heal|p2a: Kingambit|66/100|[from] Grassy Terrain
|upkeep
|inactive|Zxasdfqw has 90 seconds left.
|
|t:|1757832857
|switch|p1a: Ogerpon|Ogerpon, F|100/100
|turn|13
|inactive|Zxasdfqw has 90 seconds left.
|
|t:|1757832865
|move|p2a: Kingambit|Sucker Punch|p1a: Ogerpon
|-damage|p1a: Ogerpon|0 fnt
|faint|p1a: Ogerpon
|
|-heal|p2a: Kingambit|72/100|[from] Grassy Terrain
|upkeep
|inactive|Zxasdfqw has 90 seconds left.
|
|t:|1757832878
|switch|p1a: Gholdengo|Gholdengo|100/100
|-item|p1a: Gholdengo|Air Balloon
|turn|14
|inactive|Zxasdfqw has 90 seconds left.
|
|t:|1757832887
|move|p2a: Kingambit|Sucker Punch||[still]
|-fail|p2a: Kingambit
|move|p1a: Gholdengo|Thunder Wave|p2a: Kingambit
|-status|p2a: Kingambit|par
|
|-heal|p2a: Kingambit|78/100 par|[from] Grassy Terrain
|upkeep
|turn|15
|inactive|Zxasdfqw has 90 seconds left.
|
|t:|1757832898
|move|p2a: Kingambit|Sucker Punch|p1a: Gholdengo
|-supereffective|p1a: Gholdengo
|-damage|p1a: Gholdengo|0 fnt
|-enditem|p1a: Gholdengo|Air Balloon
|faint|p1a: Gholdengo
|
|win|ace1234560
|raw|Zxasdfqw's rating: 1237 &rarr; <strong>1215</strong><br />(-22 for losing)
|raw|ace1234560's rating: 1279 &rarr; <strong>1301</strong><br />(+22 for winning)
|l|☆Zxasdfqw
|player|p1|
