|j|☆Whatsapp Liligant
|j|☆Dem0n89
|t:|1757844297
|gametype|singles
|player|p1|Whatsapp Liligant|cheryl|1180
|player|p2|Dem0n89|n|1176
|gen|9
|tier|[Gen 9] OU
|rated|
|rule|HP Percentage Mod: HP is shown in percentages
|rule|Endless Battle Clause: Forcing endless battles is banned
|rule|Species Clause: Limit one of each Pokémon
|rule|OHKO Clause: OHKO moves are banned
|rule|Evasion Items Clause: Evasion items are banned
|rule|Evasion Moves Clause: Evasion moves are banned
|rule|Evasion Abilities Clause: Evasion abilities are banned
|rule|Sleep Moves Clause: Sleep-inducing moves are banned
|clearpoke
|poke|p1|Gumshoos, M|
|poke|p1|Probopass, F|
|poke|p1|Scrafty, M|
|poke|p1|Dragapult, M|
|poke|p1|Iron Hands|
|poke|p1|Inteleon, M|
|poke|p2|Corviknight, F|
|poke|p2|Pecharunt|
|poke|p2|Meowscarada, F|
|poke|p2|Walking Wake|
|poke|p2|Hatterene, F|
|poke|p2|Volcanion|
|teampreview
|
|t:|1757844330
|teamsize|p1|6
|teamsize|p2|6
|start
|switch|p1a: B-2 Stealth Bomber|Dragapult, M|100/100
|switch|p2a: Meowscarada|Meowscarada, F, shiny|100/100
|turn|1
|
|t:|1757844357
|switch|p2a: Corviknight|Corviknight, F, shiny|100/100
|move|p1a: B-2 Stealth Bomber|Thunder Wave|p2a: Corviknight
|-status|p2a: Corviknight|par
|
|upkeep
|turn|2
|
|t:|1757844364
|move|p1a: B-2 Stealth Bomber|Light Screen|p1a: B-2 Stealth Bomber
|-sidestart|p1: Whatsapp Liligant|move: Light Screen
|move|p2a: Corviknight|Brave Bird|p1a: B-2 Stealth Bomber
|-damage|p1a: B-2 Stealth Bomber|49/100
|-damage|p2a: Corviknight|85/100 par|[from] Recoil
|
|upkeep
|turn|3
|
|t:|1757844370
|move|p1a: B-2 Stealth Bomber|Reflect|p1a: B-2 Stealth Bomber
|-sidestart|p1: Whatsapp Liligant|Reflect
|move|p2a: Corviknight|Brave Bird|p1a: B-2 Stealth Bomber
|-damage|p1a: B-2 Stealth Bomber|21/100
|-damage|p2a: Corviknight|77/100 par|[from] Recoil
|
|upkeep
|turn|4
|
|t:|1757844375
|move|p1a: B-2 Stealth Bomber|Shadow Ball|p2a: Corviknight
|-damage|p2a: Corviknight|42/100 par
|move|p2a: Corviknight|Brave Bird|p1a: B-2 Stealth Bomber
|-damage|p1a: B-2 Stealth Bomber|0 fnt
|faint|p1a: B-2 Stealth Bomber
|-damage|p2a: Corviknight|36/100 par|[from] Recoil
|
|upkeep
|
|t:|1757844382
|switch|p1a: Charlie Kirk|Inteleon, M|100/100
|turn|5
|
|t:|1757844385
|move|p1a: Charlie Kirk|Agility|p1a: Charlie Kirk
|-boost|p1a: Charlie Kirk|spe|2
|cant|p2a: Corviknight|par
|
|upkeep
|turn|6
|
|t:|1757844394
|move|p1a: Charlie Kirk|Snipe Shot|p2a: Corviknight
|-damage|p2a: Corviknight|0 fnt
|faint|p2a: Corviknight
|
|upkeep
|
|t:|1757844397
|switch|p2a: Hatterene|Hatterene, F, shiny|100/100
|turn|7
|
|t:|1757844404
|move|p1a: Charlie Kirk|Snipe Shot|p2a: Hatterene
|-crit|p2a: Hatterene
|-damage|p2a: Hatterene|8/100
|move|p2a: Hatterene|Nuzzle|p1a: Charlie Kirk
|-supereffective|p1a: Charlie Kirk
|-crit|p1a: Charlie Kirk
|-damage|p1a: Charlie Kirk|82/100
|-status|p1a: Charlie Kirk|par
|
|upkeep
|turn|8
|
|t:|1757844411
|move|p1a: Charlie Kirk|Air Cutter|p2a: Hatterene
|-damage|p2a: Hatterene|0 fnt
|faint|p2a: Hatterene
|
|upkeep
|
|t:|1757844423
|switch|p2a: Volcanion|Volcanion|100/100
|turn|9
|
|t:|1757844429
|move|p1a: Charlie Kirk|Air Cutter|p2a: Volcanion
|-crit|p2a: Volcanion
|-damage|p2a: Volcanion|66/100
|move|p2a: Volcanion|Earth Power|p1a: Charlie Kirk
|-damage|p1a: Charlie Kirk|57/100 par
|
|-sideend|p1: Whatsapp Liligant|move: Light Screen
|upkeep
|turn|10
|
|t:|1757844438
|move|p1a: Charlie Kirk|Air Cutter|p2a: Volcanion
|-crit|p2a: Volcanion
|-damage|p2a: Volcanion|28/100
|move|p2a: Volcanion|Earth Power|p1a: Charlie Kirk
|-damage|p1a: Charlie Kirk|2/100 par
|
|-sideend|p1: Whatsapp Liligant|Reflect
|upkeep
|turn|11
|
|t:|1757844446
|cant|p1a: Charlie Kirk|par
|move|p2a: Volcanion|Earth Power|p1a: Charlie Kirk
|-damage|p1a: Charlie Kirk|0 fnt
|faint|p1a: Charlie Kirk
|
|upkeep
|c|☆Dem0n89|just realized what the name of inteleon was
|
|t:|1757844500
|switch|p1a: Trump|Gumshoos, M|100/100
|turn|12
|
|t:|1757844511
|move|p1a: Trump|Crunch|p2a: Volcanion
|-damage|p2a: Volcanion|6/100
|move|p2a: Volcanion|Steam Eruption|p1a: Trump
|-damage|p1a: Trump|0 fnt
|faint|p1a: Trump
|
|upkeep
|
|t:|1757844520
|switch|p1a: Hoodlum|Scrafty, M|100/100
|turn|13
|
|t:|1757844525
|move|p2a: Volcanion|Steam Eruption|p1a: Hoodlum
|-damage|p1a: Hoodlum|55/100
|-status|p1a: Hoodlum|brn
|move|p1a: Hoodlum|Drain Punch|p2a: Volcanion
|-damage|p2a: Volcanion|0 fnt
|-heal|p1a: Hoodlum|58/100 brn|[from] drain|[of] p2a: Volcanion
|faint|p2a: Volcanion
|
|-activate|p1a: Hoodlum|ability: Shed Skin
|-curestatus|p1a: Hoodlum|brn|[msg]
|-heal|p1a: Hoodlum|64/100|[from] item: Leftovers
|upkeep
|
|t:|1757844541
|switch|p2a: Pecharunt|Pecharunt|100/100
|-item|p2a: Pecharunt|Air Balloon
|turn|14
|
|t:|1757844548
|move|p2a: Pecharunt|Malignant Chain|p1a: Hoodlum
|-damage|p1a: Hoodlum|42/100
|move|p1a: Hoodlum|Bulk Up|p1a: Hoodlum
|-boost|p1a: Hoodlum|atk|1
|-boost|p1a: Hoodlum|def|1
|
|-heal|p1a: Hoodlum|48/100|[from] item: Leftovers
|upkeep
|turn|15
|
|t:|1757844557
|move|p2a: Pecharunt|Parting Shot|p1a: Hoodlum
|-unboost|p1a: Hoodlum|atk|1
|-unboost|p1a: Hoodlum|spa|1
|
|t:|1757844560
|switch|p2a: Meowscarada|Meowscarada, F, shiny|100/100|[from] Parting Shot
|move|p1a: Hoodlum|Rest|p1a: Hoodlum
|-status|p1a: Hoodlum|slp|[from] move: Rest
|-heal|p1a: Hoodlum|100/100 slp|[silent]
|
|upkeep
|turn|16
|
|t:|1757844568
|move|p2a: Meowscarada|Knock Off|p1a: Hoodlum
|-start|p2a: Meowscarada|typechange|Dark|[from] ability: Protean
|-resisted|p1a: Hoodlum
|-damage|p1a: Hoodlum|90/100 slp
|-enditem|p1a: Hoodlum|Leftovers|[from] move: Knock Off|[of] p2a: Meowscarada
|cant|p1a: Hoodlum|slp
|
|upkeep
|turn|17
|
|t:|1757844575
|switch|p2a: Pecharunt|Pecharunt|100/100
|-item|p2a: Pecharunt|Air Balloon
|cant|p1a: Hoodlum|slp
|
|upkeep
|turn|18
|
|t:|1757844581
|move|p2a: Pecharunt|Parting Shot|p1a: Hoodlum
|-unboost|p1a: Hoodlum|atk|1
|-unboost|p1a: Hoodlum|spa|1
|
|t:|1757844583
|switch|p2a: Walking Wake|Walking Wake|100/100|[from] Parting Shot
|-curestatus|p1a: Hoodlum|slp|[msg]
|move|p1a: Hoodlum|Bulk Up|p1a: Hoodlum
|-boost|p1a: Hoodlum|atk|1
|-boost|p1a: Hoodlum|def|1
|
|upkeep
|turn|19
|
|t:|1757844590
|move|p2a: Walking Wake|Draco Meteor|p1a: Hoodlum
|-damage|p1a: Hoodlum|27/100
|-unboost|p2a: Walking Wake|spa|2
|move|p1a: Hoodlum|Knock Off|p2a: Walking Wake
|-damage|p2a: Walking Wake|67/100
|-enditem|p2a: Walking Wake|Choice Specs|[from] move: Knock Off|[of] p1a: Hoodlum
|
|upkeep
|turn|20
|
|t:|1757844606
|switch|p1a: McDonalds|Iron Hands|100/100
|-enditem|p1a: McDonalds|Booster Energy
|-activate|p1a: McDonalds|ability: Quark Drive|[fromitem]
|-start|p1a: McDonalds|quarkdriveatk
|move|p2a: Walking Wake|Draco Meteor|p1a: McDonalds
|-damage|p1a: McDonalds|74/100
|-unboost|p2a: Walking Wake|spa|2
|
|upkeep
|turn|21
|
|t:|1757844614
|-end|p2a: Walking Wake|Protosynthesis|[silent]
|switch|p2a: Pecharunt|Pecharunt|100/100
|-item|p2a: Pecharunt|Air Balloon
|move|p1a: McDonalds|Swords Dance|p1a: McDonalds
|-boost|p1a: McDonalds|atk|2
|
|upkeep
|turn|22
|
|t:|1757844620
|move|p2a: Pecharunt|Malignant Chain|p1a: McDonalds
|-damage|p1a: McDonalds|44/100
|move|p1a: McDonalds|Thunder Punch|p2a: Pecharunt
|-damage|p2a: Pecharunt|28/100
|-enditem|p2a: Pecharunt|Air Balloon
|
|upkeep
|turn|23
|
|t:|1757844627
|move|p2a: Pecharunt|Toxic|p1a: McDonalds
|-status|p1a: McDonalds|tox
|-start|p1a: McDonalds|confusion|[from] ability: Poison Puppeteer|[of] p2a: Pecharunt
|-activate|p1a: McDonalds|confusion
|-damage|p1a: McDonalds|23/100 tox|[from] confusion
|
|-damage|p1a: McDonalds|16/100 tox|[from] psn
|upkeep
|turn|24
|
|t:|1757844631
|move|p2a: Pecharunt|Shadow Ball|p1a: McDonalds
|-damage|p1a: McDonalds|0 fnt
|faint|p1a: McDonalds
|-end|p1a: McDonalds|Quark Drive|[silent]
|
|upkeep
|
|t:|1757844634
|switch|p1a: Hoodlum|Scrafty, M|27/100
|turn|25
|
|t:|1757844638
|move|p2a: Pecharunt|Malignant Chain|p1a: Hoodlum
|-damage|p1a: Hoodlum|3/100
|-status|p1a: Hoodlum|tox
|-start|p1a: Hoodlum|confusion|[from] ability: Poison Puppeteer|[of] p2a: Pecharunt
|-activate|p1a: Hoodlum|confusion
|move|p1a: Hoodlum|Rest|p1a: Hoodlum
|-status|p1a: Hoodlum|slp|[from] move: Rest
|-heal|p1a: Hoodlum|100/100 slp|[silent]
|
|upkeep
|turn|26
|
|t:|1757844647
|move|p2a: Pecharunt|Parting Shot|p1a: Hoodlum
|-unboost|p1a: Hoodlum|atk|1
|-unboost|p1a: Hoodlum|spa|1
|
|t:|1757844648
|switch|p2a: Meowscarada|Meowscarada, F, shiny|100/100|[from] Parting Shot
|cant|p1a: Hoodlum|slp
|
|-activate|p1a: Hoodlum|ability: Shed Skin
|-curestatus|p1a: Hoodlum|slp|[msg]
|upkeep
|turn|27
|
|t:|1757844656
|move|p2a: Meowscarada|U-turn|p1a: Hoodlum
|-start|p2a: Meowscarada|typechange|Bug|[from] ability: Protean
|-damage|p1a: Hoodlum|56/100
|
|t:|1757844661
|switch|p2a: Pecharunt|Pecharunt|28/100|[from] U-turn
|-end|p1a: Hoodlum|confusion
|move|p1a: Hoodlum|Drain Punch|p2a: Pecharunt
|-immune|p2a: Pecharunt
|
|upkeep
|turn|28
|
|t:|1757844670
|move|p2a: Pecharunt|Toxic|p1a: Hoodlum
|-status|p1a: Hoodlum|tox
|-start|p1a: Hoodlum|confusion|[from] ability: Poison Puppeteer|[of] p2a: Pecharunt
|-activate|p1a: Hoodlum|confusion
|-damage|p1a: Hoodlum|51/100 tox|[from] confusion
|
|-damage|p1a: Hoodlum|45/100 tox|[from] psn
|upkeep
|turn|29
|
|t:|1757844680
|move|p2a: Pecharunt|Parting Shot|p1a: Hoodlum
|-unboost|p1a: Hoodlum|atk|1
|-unboost|p1a: Hoodlum|spa|1
|
|t:|1757844683
|switch|p2a: Meowscarada|Meowscarada, F, shiny|100/100|[from] Parting Shot
|-activate|p1a: Hoodlum|confusion
|-damage|p1a: Hoodlum|41/100 tox|[from] confusion
|
|-damage|p1a: Hoodlum|29/100 tox|[from] psn
|upkeep
|turn|30
|
|t:|1757844688
|move|p2a: Meowscarada|U-turn|p1a: Hoodlum
|-start|p2a: Meowscarada|typechange|Bug|[from] ability: Protean
|-damage|p1a: Hoodlum|0 fnt
|faint|p1a: Hoodlum
|
|t:|1757844690
|switch|p2a: Pecharunt|Pecharunt|28/100|[from] U-turn
|
|upkeep
|
|t:|1757844693
|switch|p1a: Oi vey|Probopass, F|100/100
|turn|31
|
|t:|1757844698
|move|p2a: Pecharunt|Shadow Ball|p1a: Oi vey
|-damage|p1a: Oi vey|80/100
|move|p1a: Oi vey|Earth Power|p2a: Pecharunt
|-supereffective|p2a: Pecharunt
|-damage|p2a: Pecharunt|0 fnt
|faint|p2a: Pecharunt
|
|upkeep
|
|t:|1757844703
|switch|p2a: Meowscarada|Meowscarada, F, shiny|100/100
|turn|32
|
|t:|1757844711
|-terastallize|p1a: Oi vey|Fighting
|move|p2a: Meowscarada|Knock Off|p1a: Oi vey
|-start|p2a: Meowscarada|typechange|Dark|[from] ability: Protean
|-resisted|p1a: Oi vey
|-damage|p1a: Oi vey|60/100
|-damage|p2a: Meowscarada|84/100|[from] item: Rocky Helmet|[of] p1a: Oi vey
|-enditem|p1a: Oi vey|Rocky Helmet|[from] move: Knock Off|[of] p2a: Meowscarada
|move|p1a: Oi vey|Body Press|p2a: Meowscarada
|-supereffective|p2a: Meowscarada
|-damage|p2a: Meowscarada|0 fnt
|faint|p2a: Meowscarada
|
|upkeep
|
|t:|1757844720
|switch|p2a: Walking Wake|Walking Wake|67/100
|turn|33
|
|t:|1757844723
|move|p2a: Walking Wake|Draco Meteor|p1a: Oi vey
|-damage|p1a: Oi vey|9/100
|-unboost|p2a: Walking Wake|spa|2
|move|p1a: Oi vey|Body Press|p2a: Walking Wake
|-damage|p2a: Walking Wake|15/100
|
|upkeep
|turn|34
|
|t:|1757844729
|move|p2a: Walking Wake|Hydro Steam|p1a: Oi vey
|-damage|p1a: Oi vey|0 fnt
|faint|p1a: Oi vey
|
|win|Dem0n89
|raw|Whatsapp Liligant's rating: 1180 &rarr; <strong>1155</strong><br />(-25 for losing)
|raw|Dem0n89's rating: 1176 &rarr; <strong>1201</strong><br />(+25 for winning)
|c|☆Dem0n89|gg
|l|☆Dem0n89
|player|p2|
|c|☆Whatsapp Liligant|g
|c|☆Whatsapp Liligant|g
|l|☆Whatsapp Liligant
|player|p1|
