|j|☆leezee-yy
|j|☆PrimeXStriker
|t:|1757852536
|gametype|singles
|player|p1|leezee-yy|steven|1430
|player|p2|PrimeXStriker|marshal|1493
|gen|9
|tier|[Gen 9] OU
|rated|
|rule|HP Percentage Mod: HP is shown in percentages
|rule|Endless Battle Clause: Forcing endless battles is banned
|rule|Species Clause: Limit one of each Pokémon
|rule|OHKO Clause: OHKO moves are banned
|rule|Evasion Items Clause: Evasion items are banned
|rule|Evasion Moves Clause: Evasion moves are banned
|rule|Evasion Abilities Clause: Evasion abilities are banned
|rule|Sleep Moves Clause: Sleep-inducing moves are banned
|clearpoke
|poke|p1|Gengar, M|
|poke|p1|Conkeldurr, F|
|poke|p1|Metagross|
|poke|p1|Zapdos|
|poke|p1|Meowscarada, F|
|poke|p1|Zamazenta-*|
|poke|p2|Pawmot, F|
|poke|p2|Zamazenta-*|
|poke|p2|Tyranitar, F|
|poke|p2|Darkrai|
|poke|p2|Iron Valiant|
|poke|p2|Corviknight, M|
|teampreview
|inactive|Battle timer is ON: inactive players will automatically lose when time's up. (requested by leezee-yy)
|inactive|leezee-yy has 120 seconds left.
|
|t:|1757852572
|teamsize|p1|6
|teamsize|p2|6
|start
|switch|p1a: Zapdos|Zapdos|100/100
|switch|p2a: Corviknight|Corviknight, M|100/100
|-ability|p2a: Corviknight|Pressure
|turn|1
|
|t:|1757852578
|switch|p2a: Pawmot|Pawmot, F|100/100
|move|p1a: Zapdos|Discharge|p2a: Pawmot
|-immune|p2a: Pawmot|[from] ability: Volt Absorb
|
|upkeep
|turn|2
|
|t:|1757852583
|move|p2a: Pawmot|Knock Off|p1a: Zapdos
|-damage|p1a: Zapdos|70/100
|-damage|p2a: Pawmot|84/100|[from] item: Rocky Helmet|[of] p1a: Zapdos
|-enditem|p1a: Zapdos|Rocky Helmet|[from] move: Knock Off|[of] p2a: Pawmot
|-damage|p2a: Pawmot|74/100|[from] item: Life Orb
|move|p1a: Zapdos|U-turn|p2a: Pawmot
|-resisted|p2a: Pawmot
|-damage|p2a: Pawmot|64/100
|
|t:|1757852592
|switch|p1a: Meowscarada|Meowscarada, F|100/100|[from] U-turn
|
|upkeep
|turn|3
|
|t:|1757852612
|switch|p2a: Corviknight|Corviknight, M|100/100
|-ability|p2a: Corviknight|Pressure
|move|p1a: Meowscarada|Triple Axel|p2a: Corviknight
|-start|p1a: Meowscarada|typechange|Ice|[from] ability: Protean
|-damage|p2a: Corviknight|92/100
|-damage|p1a: Meowscarada|84/100|[from] item: Rocky Helmet|[of] p2a: Corviknight
|-damage|p2a: Corviknight|75/100
|-damage|p1a: Meowscarada|68/100|[from] item: Rocky Helmet|[of] p2a: Corviknight
|-hitcount|p2a: Corviknight|2
|
|upkeep
|turn|4
|
|t:|1757852628
|switch|p1a: Zapdos|Zapdos|70/100
|move|p2a: Corviknight|U-turn|p1a: Zapdos
|-resisted|p1a: Zapdos
|-damage|p1a: Zapdos|65/100
|
|t:|1757852630
|switch|p2a: Pawmot|Pawmot, F|64/100|[from] U-turn
|
|upkeep
|turn|5
|
|t:|1757852637
|move|p2a: Pawmot|Double Shock|p1a: Zapdos
|-damage|p1a: Zapdos|9/100
|-start|p2a: Pawmot|typechange|???/Fighting|[from] move: Double Shock
|-damage|p2a: Pawmot|54/100|[from] item: Life Orb
|move|p1a: Zapdos|Heat Wave|p2a: Pawmot
|-damage|p2a: Pawmot|5/100
|
|upkeep
|turn|6
|
|t:|1757852651
|switch|p2a: Tyranitar|Tyranitar, F|100/100
|-weather|Sandstorm|[from] ability: Sand Stream|[of] p2a: Tyranitar
|switch|p1a: Conkeldurr|Conkeldurr, F|100/100
|
|-weather|Sandstorm|[upkeep]
|-damage|p1a: Conkeldurr|94/100|[from] Sandstorm
|-heal|p1a: Conkeldurr|100/100|[from] item: Leftovers
|upkeep
|turn|7
|
|t:|1757852660
|switch|p2a: Zamazenta|Zamazenta|100/100
|-ability|p2a: Zamazenta|Dauntless Shield|boost
|-boost|p2a: Zamazenta|def|1
|move|p1a: Conkeldurr|Mach Punch|p2a: Zamazenta
|-damage|p2a: Zamazenta|87/100
|
|-weather|Sandstorm|[upkeep]
|-damage|p2a: Zamazenta|81/100|[from] Sandstorm
|-damage|p1a: Conkeldurr|94/100|[from] Sandstorm
|-heal|p2a: Zamazenta|87/100|[from] item: Leftovers
|-heal|p1a: Conkeldurr|100/100|[from] item: Leftovers
|upkeep
|turn|8
|
|t:|1757852673
|switch|p2a: Tyranitar|Tyranitar, F|100/100
|switch|p1a: Zapdos|Zapdos|9/100
|
|-weather|Sandstorm|[upkeep]
|-damage|p1a: Zapdos|2/100|[from] Sandstorm
|upkeep
|turn|9
|
|t:|1757852683
|move|p1a: Zapdos|Roost|p1a: Zapdos
|-heal|p1a: Zapdos|52/100
|-singleturn|p1a: Zapdos|move: Roost
|move|p2a: Tyranitar|Stealth Rock|p1a: Zapdos
|-sidestart|p1: leezee-yy|move: Stealth Rock
|
|-weather|Sandstorm|[upkeep]
|-damage|p1a: Zapdos|46/100|[from] Sandstorm
|upkeep
|turn|10
|
|t:|1757852689
|move|p1a: Zapdos|Roost|p1a: Zapdos
|-heal|p1a: Zapdos|96/100
|-singleturn|p1a: Zapdos|move: Roost
|move|p2a: Tyranitar|Ice Beam|p1a: Zapdos
|-damage|p1a: Zapdos|78/100
|-status|p1a: Zapdos|frz
|
|-weather|none
|upkeep
|turn|11
|
|t:|1757852696
|cant|p1a: Zapdos|frz
|move|p2a: Tyranitar|Ice Beam|p1a: Zapdos
|-supereffective|p1a: Zapdos
|-damage|p1a: Zapdos|39/100 frz
|
|upkeep
|turn|12
|
|t:|1757852698
|cant|p1a: Zapdos|frz
|move|p2a: Tyranitar|Ice Beam|p1a: Zapdos
|-supereffective|p1a: Zapdos
|-damage|p1a: Zapdos|0 fnt
|faint|p1a: Zapdos
|
|upkeep
|
|t:|1757852701
|switch|p1a: Conkeldurr|Conkeldurr, F|100/100
|-damage|p1a: Conkeldurr|94/100|[from] Stealth Rock
|turn|13
|
|t:|1757852719
|switch|p2a: Corviknight|Corviknight, M|75/100
|-ability|p2a: Corviknight|Pressure
|move|p1a: Conkeldurr|Defog|p2a: Corviknight
|-unboost|p2a: Corviknight|evasion|1
|-sideend|p1: leezee-yy|Stealth Rock|[from] move: Defog|[of] p1a: Conkeldurr
|
|-heal|p1a: Conkeldurr|100/100|[from] item: Leftovers
|upkeep
|turn|14
|
|t:|1757852733
|move|p2a: Corviknight|U-turn|p1a: Conkeldurr
|-resisted|p1a: Conkeldurr
|-damage|p1a: Conkeldurr|95/100
|
|t:|1757852736
|switch|p2a: Zamazenta|Zamazenta|87/100|[from] U-turn
|move|p1a: Conkeldurr|Fire Punch|p2a: Zamazenta
|-damage|p2a: Zamazenta|60/100
|
|-heal|p2a: Zamazenta|66/100|[from] item: Leftovers
|-heal|p1a: Conkeldurr|100/100|[from] item: Leftovers
|upkeep
|turn|15
|
|t:|1757852750
|switch|p1a: Gengar|Gengar, M|100/100
|move|p2a: Zamazenta|Body Press|p1a: Gengar
|-immune|p1a: Gengar
|
|-heal|p2a: Zamazenta|73/100|[from] item: Leftovers
|upkeep
|turn|16
|
|t:|1757852755
|switch|p2a: Tyranitar|Tyranitar, F|100/100
|-weather|Sandstorm|[from] ability: Sand Stream|[of] p2a: Tyranitar
|move|p1a: Gengar|Sludge Bomb|p2a: Tyranitar
|-resisted|p2a: Tyranitar
|-crit|p2a: Tyranitar
|-damage|p2a: Tyranitar|85/100
|
|-weather|Sandstorm|[upkeep]
|-damage|p1a: Gengar|94/100|[from] Sandstorm
|-heal|p2a: Tyranitar|91/100|[from] item: Leftovers
|upkeep
|turn|17
|
|t:|1757852763
|move|p1a: Gengar|Focus Blast|p2a: Tyranitar
|-supereffective|p2a: Tyranitar
|-damage|p2a: Tyranitar|28/100
|move|p2a: Tyranitar|Knock Off|p1a: Gengar
|-supereffective|p1a: Gengar
|-damage|p1a: Gengar|0 fnt
|-enditem|p1a: Gengar|Focus Sash|[from] move: Knock Off|[of] p2a: Tyranitar
|faint|p1a: Gengar
|
|-weather|Sandstorm|[upkeep]
|-heal|p2a: Tyranitar|34/100|[from] item: Leftovers
|upkeep
|
|t:|1757852769
|switch|p1a: Conkeldurr|Conkeldurr, F|100/100
|turn|18
|
|t:|1757852775
|switch|p2a: Zamazenta|Zamazenta|73/100
|move|p1a: Conkeldurr|Mach Punch|p2a: Zamazenta
|-damage|p2a: Zamazenta|53/100
|
|-weather|Sandstorm|[upkeep]
|-damage|p2a: Zamazenta|47/100|[from] Sandstorm
|-damage|p1a: Conkeldurr|94/100|[from] Sandstorm
|-heal|p2a: Zamazenta|53/100|[from] item: Leftovers
|-heal|p1a: Conkeldurr|100/100|[from] item: Leftovers
|upkeep
|turn|19
|
|t:|1757852784
|move|p2a: Zamazenta|Body Press|p1a: Conkeldurr
|-damage|p1a: Conkeldurr|71/100
|move|p1a: Conkeldurr|Fire Punch|p2a: Zamazenta
|-damage|p2a: Zamazenta|27/100
|-status|p2a: Zamazenta|brn
|
|-weather|Sandstorm|[upkeep]
|-damage|p2a: Zamazenta|21/100 brn|[from] Sandstorm
|-damage|p1a: Conkeldurr|65/100|[from] Sandstorm
|-heal|p2a: Zamazenta|27/100 brn|[from] item: Leftovers
|-heal|p1a: Conkeldurr|71/100|[from] item: Leftovers
|-damage|p2a: Zamazenta|21/100 brn|[from] brn
|upkeep
|turn|20
|
|t:|1757852794
|switch|p2a: Corviknight|Corviknight, M|75/100
|-ability|p2a: Corviknight|Pressure
|move|p1a: Conkeldurr|Fire Punch|p2a: Corviknight
|-supereffective|p2a: Corviknight
|-damage|p2a: Corviknight|28/100
|-status|p2a: Corviknight|brn
|-damage|p1a: Conkeldurr|54/100|[from] item: Rocky Helmet|[of] p2a: Corviknight
|
|-weather|none
|-heal|p1a: Conkeldurr|60/100|[from] item: Leftovers
|-damage|p2a: Corviknight|22/100 brn|[from] brn
|upkeep
|turn|21
|
|t:|1757852803
|move|p1a: Conkeldurr|Mach Punch|p2a: Corviknight
|-damage|p2a: Corviknight|4/100 brn
|-damage|p1a: Conkeldurr|44/100|[from] item: Rocky Helmet|[of] p2a: Corviknight
|move|p2a: Corviknight|Roost|p2a: Corviknight
|-heal|p2a: Corviknight|54/100 brn
|-singleturn|p2a: Corviknight|move: Roost
|
|-heal|p1a: Conkeldurr|50/100|[from] item: Leftovers
|-damage|p2a: Corviknight|48/100 brn|[from] brn
|upkeep
|turn|22
|
|t:|1757852807
|move|p2a: Corviknight|Roost|p2a: Corviknight
|-heal|p2a: Corviknight|98/100 brn
|-singleturn|p2a: Corviknight|move: Roost
|move|p1a: Conkeldurr|Fire Punch|p2a: Corviknight
|-supereffective|p2a: Corviknight
|-damage|p2a: Corviknight|57/100 brn
|-damage|p1a: Conkeldurr|33/100|[from] item: Rocky Helmet|[of] p2a: Corviknight
|
|-heal|p1a: Conkeldurr|40/100|[from] item: Leftovers
|-damage|p2a: Corviknight|51/100 brn|[from] brn
|upkeep
|turn|23
|
|t:|1757852815
|move|p2a: Corviknight|Roost|p2a: Corviknight
|-heal|p2a: Corviknight|100/100 brn
|-singleturn|p2a: Corviknight|move: Roost
|move|p1a: Conkeldurr|Defog|p2a: Corviknight
|-unboost|p2a: Corviknight|evasion|1
|
|-heal|p1a: Conkeldurr|46/100|[from] item: Leftovers
|-damage|p2a: Corviknight|94/100 brn|[from] brn
|upkeep
|turn|24
|
|t:|1757852823
|switch|p1a: Metagross|Metagross, shiny|100/100
|move|p2a: Corviknight|Body Press|p1a: Metagross
|-damage|p1a: Metagross|91/100
|
|-heal|p1a: Metagross|97/100|[from] item: Leftovers
|-damage|p2a: Corviknight|88/100 brn|[from] brn
|upkeep
|turn|25
|
|t:|1757852828
|move|p2a: Corviknight|U-turn|p1a: Metagross
|-damage|p1a: Metagross|92/100
|
|t:|1757852842
|switch|p2a: Zamazenta|Zamazenta|21/100 brn|[from] U-turn
|move|p1a: Metagross|Knock Off|p2a: Zamazenta
|-resisted|p2a: Zamazenta
|-damage|p2a: Zamazenta|6/100 brn
|-enditem|p2a: Zamazenta|Leftovers|[from] move: Knock Off|[of] p1a: Metagross
|
|-heal|p1a: Metagross|98/100|[from] item: Leftovers
|-damage|p2a: Zamazenta|0 fnt|[from] brn
|faint|p2a: Zamazenta
|upkeep
|
|t:|1757852845
|switch|p2a: Pawmot|Pawmot, F|5/100
|turn|26
|
|t:|1757852852
|switch|p2a: Corviknight|Corviknight, M|88/100 brn
|-ability|p2a: Corviknight|Pressure
|move|p1a: Metagross|Bullet Punch|p2a: Corviknight
|-resisted|p2a: Corviknight
|-damage|p2a: Corviknight|81/100 brn
|-damage|p1a: Metagross|81/100|[from] item: Rocky Helmet|[of] p2a: Corviknight
|
|-heal|p1a: Metagross|87/100|[from] item: Leftovers
|-damage|p2a: Corviknight|75/100 brn|[from] brn
|upkeep
|turn|27
|
|t:|1757852861
|move|p2a: Corviknight|Body Press|p1a: Metagross
|-damage|p1a: Metagross|77/100
|move|p1a: Metagross|Knock Off|p2a: Corviknight
|-damage|p2a: Corviknight|51/100 brn
|-damage|p1a: Metagross|60/100|[from] item: Rocky Helmet|[of] p2a: Corviknight
|-enditem|p2a: Corviknight|Rocky Helmet|[from] move: Knock Off|[of] p1a: Metagross
|
|-heal|p1a: Metagross|66/100|[from] item: Leftovers
|-damage|p2a: Corviknight|45/100 brn|[from] brn
|upkeep
|turn|28
|
|t:|1757852868
|move|p2a: Corviknight|Roost|p2a: Corviknight
|-heal|p2a: Corviknight|95/100 brn
|-singleturn|p2a: Corviknight|move: Roost
|move|p1a: Metagross|Earthquake|p2a: Corviknight
|-supereffective|p2a: Corviknight
|-damage|p2a: Corviknight|46/100 brn
|
|-heal|p1a: Metagross|72/100|[from] item: Leftovers
|-damage|p2a: Corviknight|40/100 brn|[from] brn
|upkeep
|turn|29
|
|t:|1757852891
|move|p2a: Corviknight|Roost|p2a: Corviknight
|-heal|p2a: Corviknight|90/100 brn
|-singleturn|p2a: Corviknight|move: Roost
|move|p1a: Metagross|Knock Off|p2a: Corviknight
|-damage|p2a: Corviknight|74/100 brn
|
|-heal|p1a: Metagross|78/100|[from] item: Leftovers
|-damage|p2a: Corviknight|68/100 brn|[from] brn
|upkeep
|turn|30
|
|t:|1757852905
|move|p2a: Corviknight|Body Press|p1a: Metagross
|-damage|p1a: Metagross|69/100
|move|p1a: Metagross|Knock Off|p2a: Corviknight
|-damage|p2a: Corviknight|53/100 brn
|
|-heal|p1a: Metagross|75/100|[from] item: Leftovers
|-damage|p2a: Corviknight|47/100 brn|[from] brn
|upkeep
|turn|31
|
|t:|1757852911
|move|p2a: Corviknight|Roost|p2a: Corviknight
|-heal|p2a: Corviknight|97/100 brn
|-singleturn|p2a: Corviknight|move: Roost
|move|p1a: Metagross|Earthquake|p2a: Corviknight
|-supereffective|p2a: Corviknight
|-damage|p2a: Corviknight|50/100 brn
|
|-heal|p1a: Metagross|81/100|[from] item: Leftovers
|-damage|p2a: Corviknight|44/100 brn|[from] brn
|upkeep
|turn|32
|
|t:|1757852916
|move|p2a: Corviknight|Roost|p2a: Corviknight
|-heal|p2a: Corviknight|94/100 brn
|-singleturn|p2a: Corviknight|move: Roost
|move|p1a: Metagross|Knock Off|p2a: Corviknight
|-damage|p2a: Corviknight|77/100 brn
|
|-heal|p1a: Metagross|87/100|[from] item: Leftovers
|-damage|p2a: Corviknight|71/100 brn|[from] brn
|upkeep
|turn|33
|
|t:|1757852924
|move|p2a: Corviknight|U-turn|p1a: Metagross
|-damage|p1a: Metagross|82/100
|
|t:|1757852932
|switch|p2a: Pawmot|Pawmot, F|5/100|[from] U-turn
|move|p1a: Metagross|Knock Off|p2a: Pawmot
|-resisted|p2a: Pawmot
|-damage|p2a: Pawmot|0 fnt
|-enditem|p2a: Pawmot|Life Orb|[from] move: Knock Off|[of] p1a: Metagross
|faint|p2a: Pawmot
|
|-heal|p1a: Metagross|88/100|[from] item: Leftovers
|upkeep
|
|t:|1757852934
|switch|p2a: Darkrai|Darkrai|100/100
|turn|34
|
|t:|1757852943
|-terastallize|p1a: Metagross|Dark
|move|p2a: Darkrai|Dark Pulse|p1a: Metagross
|-resisted|p1a: Metagross
|-damage|p1a: Metagross|65/100
|move|p1a: Metagross|Earthquake|p2a: Darkrai
|-damage|p2a: Darkrai|51/100
|
|-heal|p1a: Metagross|71/100|[from] item: Leftovers
|upkeep
|turn|35
|
|t:|1757852963
|move|p2a: Darkrai|Ice Beam|p1a: Metagross
|-damage|p1a: Metagross|36/100
|move|p1a: Metagross|Knock Off|p2a: Darkrai
|-resisted|p2a: Darkrai
|-damage|p2a: Darkrai|16/100
|-enditem|p2a: Darkrai|Heavy-Duty Boots|[from] move: Knock Off|[of] p1a: Metagross
|
|-heal|p1a: Metagross|42/100|[from] item: Leftovers
|upkeep
|turn|36
|
|t:|1757852971
|move|p1a: Metagross|Bullet Punch|p2a: Darkrai
|-damage|p2a: Darkrai|0 fnt
|faint|p2a: Darkrai
|
|-heal|p1a: Metagross|48/100|[from] item: Leftovers
|upkeep
|
|t:|1757852980
|switch|p2a: Corviknight|Corviknight, M|71/100 brn
|-ability|p2a: Corviknight|Pressure
|turn|37
|
|t:|1757852985
|switch|p1a: Conkeldurr|Conkeldurr, F|46/100
|move|p2a: Corviknight|Body Press|p1a: Conkeldurr
|-damage|p1a: Conkeldurr|34/100
|
|-heal|p1a: Conkeldurr|40/100|[from] item: Leftovers
|-damage|p2a: Corviknight|65/100 brn|[from] brn
|upkeep
|turn|38
|
|t:|1757852998
|move|p2a: Corviknight|U-turn|p1a: Conkeldurr
|-resisted|p1a: Conkeldurr
|-damage|p1a: Conkeldurr|37/100
|
|t:|1757853000
|switch|p2a: Iron Valiant|Iron Valiant|100/100|[from] U-turn
|-enditem|p2a: Iron Valiant|Booster Energy
|-activate|p2a: Iron Valiant|ability: Quark Drive|[fromitem]
|-start|p2a: Iron Valiant|quarkdrivespe
|move|p1a: Conkeldurr|Fire Punch|p2a: Iron Valiant
|-crit|p2a: Iron Valiant
|-damage|p2a: Iron Valiant|27/100
|
|-heal|p1a: Conkeldurr|43/100|[from] item: Leftovers
|upkeep
|turn|39
|
|t:|1757853015
|-terastallize|p2a: Iron Valiant|Fairy
|move|p1a: Conkeldurr|Mach Punch|p2a: Iron Valiant
|-resisted|p2a: Iron Valiant
|-damage|p2a: Iron Valiant|8/100
|move|p2a: Iron Valiant|Moonblast|p1a: Conkeldurr
|-supereffective|p1a: Conkeldurr
|-damage|p1a: Conkeldurr|0 fnt
|faint|p1a: Conkeldurr
|
|upkeep
|
|t:|1757853020
|switch|p1a: Metagross|Metagross, shiny, tera:Dark|48/100
|turn|40
|
|t:|1757853022
|-end|p2a: Iron Valiant|Quark Drive|[silent]
|switch|p2a: Corviknight|Corviknight, M|65/100 brn
|-ability|p2a: Corviknight|Pressure
|move|p1a: Metagross|Bullet Punch|p2a: Corviknight
|-resisted|p2a: Corviknight
|-damage|p2a: Corviknight|58/100 brn
|
|-heal|p1a: Metagross|54/100|[from] item: Leftovers
|-damage|p2a: Corviknight|52/100 brn|[from] brn
|upkeep
|turn|41
|
|t:|1757853025
|move|p2a: Corviknight|U-turn|p1a: Metagross
|-supereffective|p1a: Metagross
|-damage|p1a: Metagross|43/100
|
|t:|1757853027
|switch|p2a: Tyranitar|Tyranitar, F|34/100|[from] U-turn
|-weather|Sandstorm|[from] ability: Sand Stream|[of] p2a: Tyranitar
|move|p1a: Metagross|Knock Off|p2a: Tyranitar
|-resisted|p2a: Tyranitar
|-damage|p2a: Tyranitar|11/100
|-enditem|p2a: Tyranitar|Leftovers|[from] move: Knock Off|[of] p1a: Metagross
|
|-weather|Sandstorm|[upkeep]
|-damage|p1a: Metagross|37/100|[from] Sandstorm
|-heal|p1a: Metagross|43/100|[from] item: Leftovers
|upkeep
|turn|42
|
|t:|1757853036
|switch|p2a: Corviknight|Corviknight, M|52/100 brn
|-ability|p2a: Corviknight|Pressure
|move|p1a: Metagross|Bullet Punch|p2a: Corviknight
|-resisted|p2a: Corviknight
|-damage|p2a: Corviknight|45/100 brn
|
|-weather|Sandstorm|[upkeep]
|-damage|p1a: Metagross|37/100|[from] Sandstorm
|-heal|p1a: Metagross|43/100|[from] item: Leftovers
|-damage|p2a: Corviknight|39/100 brn|[from] brn
|upkeep
|turn|43
|
|t:|1757853043
|move|p2a: Corviknight|Roost|p2a: Corviknight
|-heal|p2a: Corviknight|89/100 brn
|-singleturn|p2a: Corviknight|move: Roost
|move|p1a: Metagross|Earthquake|p2a: Corviknight
|-supereffective|p2a: Corviknight
|-damage|p2a: Corviknight|40/100 brn
|
|-weather|Sandstorm|[upkeep]
|-damage|p1a: Metagross|37/100|[from] Sandstorm
|-heal|p1a: Metagross|43/100|[from] item: Leftovers
|-damage|p2a: Corviknight|34/100 brn|[from] brn
|upkeep
|turn|44
|
|t:|1757853055
|switch|p1a: Zamazenta|Zamazenta|100/100
|-ability|p1a: Zamazenta|Dauntless Shield|boost
|-boost|p1a: Zamazenta|def|1
|move|p2a: Corviknight|Body Press|p1a: Zamazenta
|-damage|p1a: Zamazenta|93/100
|
|-weather|Sandstorm|[upkeep]
|-damage|p1a: Zamazenta|87/100|[from] Sandstorm
|-damage|p2a: Corviknight|28/100 brn|[from] brn
|upkeep
|turn|45
|
|t:|1757853059
|move|p1a: Zamazenta|Close Combat|p2a: Corviknight
|-damage|p2a: Corviknight|0 fnt
|-unboost|p1a: Zamazenta|def|1
|-unboost|p1a: Zamazenta|spd|1
|faint|p2a: Corviknight
|
|-weather|none
|upkeep
|
|t:|1757853061
|switch|p2a: Iron Valiant|Iron Valiant, tera:Fairy|8/100
|turn|46
|
|t:|1757853063
|move|p1a: Zamazenta|Close Combat|p2a: Iron Valiant
|-resisted|p2a: Iron Valiant
|-damage|p2a: Iron Valiant|0 fnt
|-unboost|p1a: Zamazenta|def|1
|-unboost|p1a: Zamazenta|spd|1
|faint|p2a: Iron Valiant
|-end|p2a: Iron Valiant|Quark Drive|[silent]
|
|upkeep
|-message|PrimeXStriker forfeited.
|
|win|leezee-yy
|raw|leezee-yy's rating: 1430 &rarr; <strong>1454</strong><br />(+24 for winning)
|raw|PrimeXStriker's rating: 1493 &rarr; <strong>1469</strong><br />(-24 for losing)
|l|☆PrimeXStriker
|player|p2|
|c|☆leezee-yy|gg
|l|☆leezee-yy
|player|p1|
