|j|‽nkcdlkn
|j|☆llNarull
|t:|1757844751
|gametype|singles
|player|p1|nkcdlkn|102|1220
|player|p2|llNarull|hilbert-wonderlauncher|1217
|gen|9
|tier|[Gen 9] OU
|rated|
|rule|HP Percentage Mod: HP is shown in percentages
|rule|Endless Battle Clause: Forcing endless battles is banned
|rule|Species Clause: Limit one of each Pokémon
|rule|OHKO Clause: OHKO moves are banned
|rule|Evasion Items Clause: Evasion items are banned
|rule|Evasion Moves Clause: Evasion moves are banned
|rule|Evasion Abilities Clause: Evasion abilities are banned
|rule|Sleep Moves Clause: Sleep-inducing moves are banned
|clearpoke
|poke|p1|Iron Boulder|
|poke|p1|Corviknight, M|
|poke|p1|Ting-Lu|
|poke|p1|Alomomola, F|
|poke|p1|Gholdengo|
|poke|p1|Slowking-Galar, M|
|poke|p2|Greninja-*, M|
|poke|p2|Gyarados, M|
|poke|p2|Dragonite, M|
|poke|p2|Zapdos|
|poke|p2|Skeledirge, M|
|poke|p2|Blissey, F|
|teampreview
|
|t:|1757844760
|teamsize|p1|6
|teamsize|p2|6
|start
|switch|p1a: Ting-Lu|Ting-Lu|100/100
|switch|p2a: Greninja|Greninja, M, shiny|100/100
|-ability|p1a: Ting-Lu|Vessel of Ruin
|turn|1
|
|t:|1757844768
|move|p2a: Greninja|Surf|p1a: Ting-Lu
|-start|p2a: Greninja|typechange|Water|[from] ability: Protean
|-supereffective|p1a: Ting-Lu
|-damage|p1a: Ting-Lu|58/100
|-damage|p2a: Greninja|91/100|[from] item: Life Orb
|move|p1a: Ting-Lu|Whirlwind|p2a: Greninja
|drag|p2a: Dragonite|Dragonite, M, shiny|100/100
|
|-heal|p1a: Ting-Lu|64/100|[from] item: Leftovers
|upkeep
|turn|2
|
|t:|1757844780
|move|p2a: Dragonite|Dragon Dance|p2a: Dragonite
|-boost|p2a: Dragonite|atk|1
|-boost|p2a: Dragonite|spe|1
|move|p1a: Ting-Lu|Spikes|p2a: Dragonite
|-sidestart|p2: llNarull|Spikes
|
|-heal|p1a: Ting-Lu|70/100|[from] item: Leftovers
|upkeep
|turn|3
|
|t:|1757844788
|switch|p1a: Alomomola|Alomomola, F|100/100
|move|p2a: Dragonite|Earthquake|p1a: Alomomola
|-damage|p1a: Alomomola|70/100
|
|upkeep
|turn|4
|
|t:|1757844794
|move|p2a: Dragonite|Dragon Dance|p2a: Dragonite
|-boost|p2a: Dragonite|atk|1
|-boost|p2a: Dragonite|spe|1
|move|p1a: Alomomola|Wish|p1a: Alomomola
|
|upkeep
|turn|5
|inactive|Battle timer is ON: inactive players will automatically lose when time's up. (requested by nkcdlkn)
|
|t:|1757844799
|move|p2a: Dragonite|Dragon Dance|p2a: Dragonite
|-boost|p2a: Dragonite|atk|1
|-boost|p2a: Dragonite|spe|1
|move|p1a: Alomomola|Scald|p2a: Dragonite
|-resisted|p2a: Dragonite
|-damage|p2a: Dragonite|97/100
|
|-heal|p1a: Alomomola|100/100|[from] move: Wish|[wisher] Alomomola
|upkeep
|turn|6
|
|t:|1757844809
|move|p2a: Dragonite|Earthquake|p1a: Alomomola
|-damage|p1a: Alomomola|45/100
|move|p1a: Alomomola|Wish|p1a: Alomomola
|
|upkeep
|turn|7
|
|t:|1757844814
|move|p1a: Alomomola|Protect|p1a: Alomomola
|-singleturn|p1a: Alomomola|Protect
|move|p2a: Dragonite|Earthquake|p1a: Alomomola
|-activate|p1a: Alomomola|move: Protect
|
|-heal|p1a: Alomomola|95/100|[from] move: Wish|[wisher] Alomomola
|upkeep
|turn|8
|
|t:|1757844822
|move|p2a: Dragonite|Earthquake|p1a: Alomomola
|-damage|p1a: Alomomola|43/100
|move|p1a: Alomomola|Scald|p2a: Dragonite
|-resisted|p2a: Dragonite
|-damage|p2a: Dragonite|90/100
|
|upkeep
|turn|9
|
|t:|1757844832
|switch|p1a: Corviknight|Corviknight, M|100/100
|-ability|p1a: Corviknight|Pressure
|move|p2a: Dragonite|Earthquake|p1a: Corviknight
|-immune|p1a: Corviknight
|
|upkeep
|turn|10
|
|t:|1757844842
|move|p2a: Dragonite|Fire Punch|p1a: Corviknight
|-supereffective|p1a: Corviknight
|-damage|p1a: Corviknight|6/100
|-damage|p2a: Dragonite|74/100|[from] item: Rocky Helmet|[of] p1a: Corviknight
|move|p1a: Corviknight|U-turn|p2a: Dragonite
|-resisted|p2a: Dragonite
|-damage|p2a: Dragonite|66/100
|
|t:|1757844847
|switch|p1a: Alomomola|Alomomola, F|76/100|[from] U-turn
|
|upkeep
|turn|11
|
|t:|1757844856
|move|p2a: Dragonite|Dragon Dance|p2a: Dragonite
|-boost|p2a: Dragonite|atk|1
|-boost|p2a: Dragonite|spe|1
|move|p1a: Alomomola|Scald|p2a: Dragonite
|-resisted|p2a: Dragonite
|-damage|p2a: Dragonite|59/100
|
|upkeep
|turn|12
|
|t:|1757844863
|switch|p1a: Corviknight|Corviknight, M|6/100
|-ability|p1a: Corviknight|Pressure
|move|p2a: Dragonite|Earthquake|p1a: Corviknight
|-immune|p1a: Corviknight
|
|upkeep
|turn|13
|
|t:|1757844870
|switch|p1a: Alomomola|Alomomola, F|100/100
|move|p2a: Dragonite|Extreme Speed|p1a: Alomomola
|-damage|p1a: Alomomola|50/100
|
|upkeep
|turn|14
|
|t:|1757844877
|switch|p1a: Corviknight|Corviknight, M|6/100
|-ability|p1a: Corviknight|Pressure
|move|p2a: Dragonite|Extreme Speed|p1a: Corviknight
|-resisted|p1a: Corviknight
|-damage|p1a: Corviknight|0 fnt
|-damage|p2a: Dragonite|43/100|[from] item: Rocky Helmet|[of] p1a: Corviknight
|faint|p1a: Corviknight
|
|upkeep
|
|t:|1757844894
|switch|p1a: Gholdengo|Gholdengo|100/100
|-item|p1a: Gholdengo|Air Balloon
|turn|15
|
|t:|1757844898
|switch|p1a: Alomomola|Alomomola, F|84/100
|move|p2a: Dragonite|Fire Punch|p1a: Alomomola
|-resisted|p1a: Alomomola
|-damage|p1a: Alomomola|60/100
|
|upkeep
|turn|16
|
|t:|1757844906
|switch|p1a: Gholdengo|Gholdengo|100/100
|-item|p1a: Gholdengo|Air Balloon
|move|p2a: Dragonite|Earthquake|p1a: Gholdengo
|-immune|p1a: Gholdengo
|
|upkeep
|turn|17
|c|☆llNarull|are you alright?
|c|☆llNarull|is everything ok
|
|t:|1757844934
|switch|p1a: Alomomola|Alomomola, F|94/100
|move|p2a: Dragonite|Fire Punch|p1a: Alomomola
|-resisted|p1a: Alomomola
|-damage|p1a: Alomomola|70/100
|
|upkeep
|turn|18
|
|t:|1757844942
|move|p2a: Dragonite|Earthquake|p1a: Alomomola
|-damage|p1a: Alomomola|11/100
|move|p1a: Alomomola|Scald|p2a: Dragonite
|-resisted|p2a: Dragonite
|-damage|p2a: Dragonite|36/100
|-status|p2a: Dragonite|brn
|
|-damage|p2a: Dragonite|30/100 brn|[from] brn
|upkeep
|turn|19
|
|t:|1757844953
|move|p1a: Alomomola|Protect|p1a: Alomomola
|-singleturn|p1a: Alomomola|Protect
|move|p2a: Dragonite|Fire Punch|p1a: Alomomola
|-activate|p1a: Alomomola|move: Protect
|
|-damage|p2a: Dragonite|24/100 brn|[from] brn
|upkeep
|turn|20
|
|t:|1757844965
|switch|p1a: Slowking|Slowking-Galar, M|100/100
|move|p2a: Dragonite|Earthquake|p1a: Slowking
|-supereffective|p1a: Slowking
|-damage|p1a: Slowking|0 fnt
|faint|p1a: Slowking
|
|-damage|p2a: Dragonite|18/100 brn|[from] brn
|upkeep
|
|t:|1757844972
|switch|p1a: Alomomola|Alomomola, F|44/100
|turn|21
|
|t:|1757844975
|move|p1a: Alomomola|Protect|p1a: Alomomola
|-singleturn|p1a: Alomomola|Protect
|move|p2a: Dragonite|Dragon Dance|p2a: Dragonite
|-boost|p2a: Dragonite|atk|1
|-boost|p2a: Dragonite|spe|1
|
|-damage|p2a: Dragonite|11/100 brn|[from] brn
|upkeep
|turn|22
|
|t:|1757844985
|switch|p1a: Gholdengo|Gholdengo|100/100
|-item|p1a: Gholdengo|Air Balloon
|move|p2a: Dragonite|Fire Punch|p1a: Gholdengo
|-supereffective|p1a: Gholdengo
|-damage|p1a: Gholdengo|23/100
|-enditem|p1a: Gholdengo|Air Balloon
|
|-damage|p2a: Dragonite|5/100 brn|[from] brn
|upkeep
|turn|23
|
|t:|1757844996
|switch|p1a: Alomomola|Alomomola, F|77/100
|move|p2a: Dragonite|Earthquake|p1a: Alomomola
|-damage|p1a: Alomomola|43/100
|
|-damage|p2a: Dragonite|0 fnt|[from] brn
|faint|p2a: Dragonite
|upkeep
|
|t:|1757845006
|switch|p2a: Gyarados|Gyarados, M, shiny|100/100
|turn|24
|
|t:|1757845015
|switch|p1a: Ting-Lu|Ting-Lu|70/100
|-ability|p1a: Ting-Lu|Vessel of Ruin
|move|p2a: Gyarados|Dragon Dance|p2a: Gyarados
|-boost|p2a: Gyarados|atk|1
|-boost|p2a: Gyarados|spe|1
|
|-heal|p1a: Ting-Lu|76/100|[from] item: Leftovers
|upkeep
|turn|25
|
|t:|1757845024
|-terastallize|p1a: Ting-Lu|Poison
|move|p2a: Gyarados|Waterfall|p1a: Ting-Lu
|-damage|p1a: Ting-Lu|37/100
|move|p1a: Ting-Lu|Whirlwind|p2a: Gyarados
|drag|p2a: Zapdos|Zapdos, shiny|100/100
|
|-heal|p1a: Ting-Lu|43/100|[from] item: Leftovers
|upkeep
|turn|26
|
|t:|1757845035
|move|p2a: Zapdos|Thunderbolt|p1a: Ting-Lu
|-damage|p1a: Ting-Lu|23/100
|move|p1a: Ting-Lu|Spikes|p2a: Zapdos
|-sidestart|p2: llNarull|Spikes
|
|-heal|p1a: Ting-Lu|30/100|[from] item: Leftovers
|upkeep
|turn|27
|
|t:|1757845043
|move|p2a: Zapdos|Thunder Wave|p1a: Ting-Lu
|-status|p1a: Ting-Lu|par
|move|p1a: Ting-Lu|Spikes|p2a: Zapdos
|-sidestart|p2: llNarull|Spikes
|
|-heal|p1a: Ting-Lu|36/100 par|[from] item: Leftovers
|upkeep
|turn|28
|
|t:|1757845050
|move|p2a: Zapdos|Thunderbolt|p1a: Ting-Lu
|-damage|p1a: Ting-Lu|16/100 par
|move|p1a: Ting-Lu|Whirlwind|p2a: Zapdos
|drag|p2a: Gyarados|Gyarados, M, shiny|100/100
|
|-heal|p1a: Ting-Lu|22/100 par|[from] item: Leftovers
|upkeep
|turn|29
|
|t:|1757845062
|move|p2a: Gyarados|Dragon Dance|p2a: Gyarados
|-boost|p2a: Gyarados|atk|1
|-boost|p2a: Gyarados|spe|1
|cant|p1a: Ting-Lu|par
|
|-heal|p1a: Ting-Lu|28/100 par|[from] item: Leftovers
|upkeep
|turn|30
|
|t:|1757845071
|switch|p1a: Alomomola|Alomomola, F|76/100
|move|p2a: Gyarados|Earthquake|p1a: Alomomola
|-damage|p1a: Alomomola|46/100
|
|upkeep
|turn|31
|
|t:|1757845077
|move|p2a: Gyarados|Dragon Dance|p2a: Gyarados
|-boost|p2a: Gyarados|atk|1
|-boost|p2a: Gyarados|spe|1
|move|p1a: Alomomola|Wish|p1a: Alomomola
|
|upkeep
|turn|32
|
|t:|1757845082
|move|p2a: Gyarados|Dragon Dance|p2a: Gyarados
|-boost|p2a: Gyarados|atk|1
|-boost|p2a: Gyarados|spe|1
|move|p1a: Alomomola|Scald|p2a: Gyarados
|-resisted|p2a: Gyarados
|-damage|p2a: Gyarados|94/100
|-status|p2a: Gyarados|brn
|-enditem|p2a: Gyarados|Lum Berry|[eat]
|-curestatus|p2a: Gyarados|brn|[msg]
|
|-heal|p1a: Alomomola|96/100|[from] move: Wish|[wisher] Alomomola
|upkeep
|turn|33
|
|t:|1757845094
|move|p2a: Gyarados|Earthquake|p1a: Alomomola
|-damage|p1a: Alomomola|42/100
|move|p1a: Alomomola|Wish|p1a: Alomomola
|
|upkeep
|turn|34
|
|t:|1757845103
|move|p1a: Alomomola|Protect|p1a: Alomomola
|-singleturn|p1a: Alomomola|Protect
|move|p2a: Gyarados|Dragon Dance|p2a: Gyarados
|-boost|p2a: Gyarados|atk|1
|-boost|p2a: Gyarados|spe|1
|
|-heal|p1a: Alomomola|92/100|[from] move: Wish|[wisher] Alomomola
|upkeep
|turn|35
|
|t:|1757845111
|move|p2a: Gyarados|Earthquake|p1a: Alomomola
|-damage|p1a: Alomomola|37/100
|move|p1a: Alomomola|Scald|p2a: Gyarados
|-resisted|p2a: Gyarados
|-damage|p2a: Gyarados|87/100
|
|upkeep
|turn|36
|
|t:|1757845118
|move|p1a: Alomomola|Protect|p1a: Alomomola
|-singleturn|p1a: Alomomola|Protect
|move|p2a: Gyarados|Earthquake|p1a: Alomomola
|-activate|p1a: Alomomola|move: Protect
|
|upkeep
|turn|37
|
|t:|1757845124
|switch|p1a: Ting-Lu|Ting-Lu, tera:Poison|28/100 par
|-ability|p1a: Ting-Lu|Vessel of Ruin
|move|p2a: Gyarados|Earthquake|p1a: Ting-Lu
|-supereffective|p1a: Ting-Lu
|-damage|p1a: Ting-Lu|0 fnt
|faint|p1a: Ting-Lu
|-ability|p2a: Gyarados|Moxie|boost
|-boost|p2a: Gyarados|atk|1
|
|upkeep
|
|t:|1757845128
|switch|p1a: Alomomola|Alomomola, F|70/100
|turn|38
|c|☆llNarull|r u ok man
|
|t:|1757845141
|move|p2a: Gyarados|Earthquake|p1a: Alomomola
|-damage|p1a: Alomomola|0 fnt
|faint|p1a: Alomomola
|-ability|p2a: Gyarados|Moxie|boost
|-boost|p2a: Gyarados|atk|1
|
|upkeep
|-message|nkcdlkn forfeited.
|
|win|llNarull
|raw|nkcdlkn's rating: 1220 &rarr; <strong>1195</strong><br />(-25 for losing)
|raw|llNarull's rating: 1217 &rarr; <strong>1242</strong><br />(+25 for winning)
