|j|☆Blrrrd
|j|☆artmies
|t:|1757834240
|gametype|singles
|player|p1|Blrrrd|beni-ninja|1058
|player|p2|artmies|265|1000
|gen|9
|tier|[Gen 9] OU
|rated|
|rule|HP Percentage Mod: HP is shown in percentages
|rule|Endless Battle Clause: Forcing endless battles is banned
|rule|Species Clause: Limit one of each Pokémon
|rule|OHKO Clause: OHKO moves are banned
|rule|Evasion Items Clause: Evasion items are banned
|rule|Evasion Moves Clause: Evasion moves are banned
|rule|Evasion Abilities Clause: Evasion abilities are banned
|rule|Sleep Moves Clause: Sleep-inducing moves are banned
|clearpoke
|poke|p1|Malamar, F|
|poke|p1|Araquanid, F|
|poke|p1|Gholdengo|
|poke|p1|Cinderace, F|
|poke|p1|Serperior, M|
|poke|p1|Raging Bolt|
|poke|p2|Ting-Lu|
|poke|p2|Hatterene, F|
|poke|p2|Great Tusk|
|poke|p2|Ceruledge, M|
|poke|p2|Dragonite, F|
|poke|p2|Kyurem|
|teampreview
|inactive|Battle timer is ON: inactive players will automatically lose when time's up. (requested by Blrrrd)
|
|t:|1757834256
|teamsize|p1|6
|teamsize|p2|6
|start
|switch|p1a: Araquanid|Araquanid, F|100/100
|switch|p2a: Ting-Lu|Ting-Lu|100/100
|-ability|p2a: Ting-Lu|Vessel of Ruin
|turn|1
|
|t:|1757834261
|switch|p2a: Hatterene|Hatterene, F|100/100
|move|p1a: Araquanid|Sticky Web|p2a: Hatterene
|move|p2a: Hatterene|Sticky Web|p1a: Araquanid|[from] ability: Magic Bounce
|-sidestart|p1: Blrrrd|move: Sticky Web
|
|upkeep
|turn|2
|
|t:|1757834265
|move|p1a: Araquanid|Liquidation|p2a: Hatterene
|-damage|p2a: Hatterene|36/100
|move|p2a: Hatterene|Nuzzle|p1a: Araquanid
|-supereffective|p1a: Araquanid
|-damage|p1a: Araquanid|90/100
|-status|p1a: Araquanid|par
|
|upkeep
|turn|3
|
|t:|1757834273
|switch|p2a: Dragonite|Dragonite, F|100/100
|move|p1a: Araquanid|Liquidation|p2a: Dragonite
|-resisted|p2a: Dragonite
|-damage|p2a: Dragonite|86/100
|
|-heal|p2a: Dragonite|92/100|[from] item: Leftovers
|upkeep
|turn|4
|inactive|artmies has 120 seconds left.
|inactive|artmies has 90 seconds left.
|
|t:|1757834343
|move|p2a: Dragonite|Dragon Dance|p2a: Dragonite
|-boost|p2a: Dragonite|atk|1
|-boost|p2a: Dragonite|spe|1
|cant|p1a: Araquanid|par
|
|-heal|p2a: Dragonite|98/100|[from] item: Leftovers
|upkeep
|turn|5
|inactive|artmies has 90 seconds left.
|
|t:|1757834349
|move|p2a: Dragonite|Dragon Dance|p2a: Dragonite
|-boost|p2a: Dragonite|atk|1
|-boost|p2a: Dragonite|spe|1
|move|p1a: Araquanid|Endeavor|p2a: Dragonite
|-damage|p2a: Dragonite|68/100
|
|-heal|p2a: Dragonite|74/100|[from] item: Leftovers
|upkeep
|turn|6
|
|t:|1757834352
|move|p2a: Dragonite|Dragon Dance|p2a: Dragonite
|-boost|p2a: Dragonite|atk|1
|-boost|p2a: Dragonite|spe|1
|move|p1a: Araquanid|Sticky Web|p2a: Dragonite
|-sidestart|p2: artmies|move: Sticky Web
|
|-heal|p2a: Dragonite|80/100|[from] item: Leftovers
|upkeep
|turn|7
|
|t:|1757834355
|move|p2a: Dragonite|Dragon Dance|p2a: Dragonite
|-boost|p2a: Dragonite|atk|1
|-boost|p2a: Dragonite|spe|1
|move|p1a: Araquanid|Liquidation|p2a: Dragonite
|-resisted|p2a: Dragonite
|-damage|p2a: Dragonite|48/100
|
|-heal|p2a: Dragonite|54/100|[from] item: Leftovers
|upkeep
|turn|8
|
|t:|1757834358
|move|p2a: Dragonite|Dragon Dance|p2a: Dragonite
|-boost|p2a: Dragonite|atk|1
|-boost|p2a: Dragonite|spe|1
|move|p1a: Araquanid|Liquidation|p2a: Dragonite
|-resisted|p2a: Dragonite
|-damage|p2a: Dragonite|25/100
|
|-heal|p2a: Dragonite|31/100|[from] item: Leftovers
|upkeep
|turn|9
|
|t:|1757834361
|move|p2a: Dragonite|Roost|p2a: Dragonite
|-heal|p2a: Dragonite|81/100
|-singleturn|p2a: Dragonite|move: Roost
|move|p1a: Araquanid|Liquidation|p2a: Dragonite
|-resisted|p2a: Dragonite
|-damage|p2a: Dragonite|50/100
|
|-heal|p2a: Dragonite|56/100|[from] item: Leftovers
|upkeep
|turn|10
|
|t:|1757834364
|move|p2a: Dragonite|Roost|p2a: Dragonite
|-heal|p2a: Dragonite|100/100
|-singleturn|p2a: Dragonite|move: Roost
|move|p1a: Araquanid|Liquidation|p2a: Dragonite
|-resisted|p2a: Dragonite
|-damage|p2a: Dragonite|87/100
|
|-heal|p2a: Dragonite|93/100|[from] item: Leftovers
|upkeep
|turn|11
|
|t:|1757834367
|move|p2a: Dragonite|Earthquake|p1a: Araquanid
|-resisted|p1a: Araquanid
|-damage|p1a: Araquanid|12/100 par
|move|p1a: Araquanid|Liquidation|p2a: Dragonite
|-resisted|p2a: Dragonite
|-crit|p2a: Dragonite
|-damage|p2a: Dragonite|49/100
|
|-heal|p2a: Dragonite|55/100|[from] item: Leftovers
|upkeep
|turn|12
|-enditem|p1a: Araquanid|Custap Berry|[eat]
|-activate|p1a: Araquanid|item: Custap Berry|[consumed]
|
|t:|1757834369
|move|p1a: Araquanid|Endeavor|p2a: Dragonite
|-damage|p2a: Dragonite|9/100
|move|p2a: Dragonite|Roost|p2a: Dragonite
|-heal|p2a: Dragonite|59/100
|-singleturn|p2a: Dragonite|move: Roost
|
|-heal|p2a: Dragonite|65/100|[from] item: Leftovers
|upkeep
|turn|13
|
|t:|1757834372
|move|p2a: Dragonite|Roost|p2a: Dragonite
|-heal|p2a: Dragonite|100/100
|-singleturn|p2a: Dragonite|move: Roost
|cant|p1a: Araquanid|par
|
|upkeep
|turn|14
|
|t:|1757834374
|move|p2a: Dragonite|Earthquake|p1a: Araquanid
|-resisted|p1a: Araquanid
|-damage|p1a: Araquanid|0 fnt
|faint|p1a: Araquanid
|
|upkeep
|
|t:|1757834379
|switch|p1a: Gholdengo|Gholdengo|100/100
|-item|p1a: Gholdengo|Air Balloon
|turn|15
|
|t:|1757834386
|-terastallize|p2a: Dragonite|Fairy
|move|p2a: Dragonite|Tera Blast|p1a: Gholdengo|[anim] Tera Blast Fairy
|-resisted|p1a: Gholdengo
|-damage|p1a: Gholdengo|49/100
|-enditem|p1a: Gholdengo|Air Balloon
|move|p1a: Gholdengo|Shadow Ball|p2a: Dragonite
|-damage|p2a: Dragonite|83/100
|-unboost|p2a: Dragonite|spd|1
|
|-heal|p2a: Dragonite|89/100|[from] item: Leftovers
|upkeep
|turn|16
|
|t:|1757834390
|move|p2a: Dragonite|Earthquake|p1a: Gholdengo
|-supereffective|p1a: Gholdengo
|-damage|p1a: Gholdengo|0 fnt
|faint|p1a: Gholdengo
|
|-heal|p2a: Dragonite|95/100|[from] item: Leftovers
|upkeep
|
|t:|1757834397
|switch|p1a: Malamar|Malamar, F|100/100
|-activate|p1a: Malamar|move: Sticky Web
|-boost|p1a: Malamar|spe|1
|turn|17
|
|t:|1757834402
|-terastallize|p1a: Malamar|Poison
|move|p2a: Dragonite|Tera Blast|p1a: Malamar|[anim] Tera Blast Fairy
|-resisted|p1a: Malamar
|-damage|p1a: Malamar|9/100
|move|p1a: Malamar|Tera Blast|p2a: Dragonite|[anim] Tera Blast Poison
|-supereffective|p2a: Dragonite
|-damage|p2a: Dragonite|32/100
|
|-heal|p2a: Dragonite|38/100|[from] item: Leftovers
|upkeep
|turn|18
|
|t:|1757834407
|move|p2a: Dragonite|Earthquake|p1a: Malamar
|-supereffective|p1a: Malamar
|-damage|p1a: Malamar|0 fnt
|faint|p1a: Malamar
|
|-heal|p2a: Dragonite|44/100|[from] item: Leftovers
|upkeep
|
|t:|1757834408
|switch|p1a: Raging Bolt|Raging Bolt|100/100
|-activate|p1a: Raging Bolt|move: Sticky Web
|-unboost|p1a: Raging Bolt|spe|1
|turn|19
|
|t:|1757834411
|move|p1a: Raging Bolt|Thunderclap||[still]
|-fail|p1a: Raging Bolt
|move|p2a: Dragonite|Roost|p2a: Dragonite
|-heal|p2a: Dragonite|94/100
|
|-heal|p2a: Dragonite|99/100|[from] item: Leftovers
|upkeep
|turn|20
|c|☆artmies|ok
|
|t:|1757834416
|move|p1a: Raging Bolt|Thunderclap|p2a: Dragonite
|-damage|p2a: Dragonite|7/100
|move|p2a: Dragonite|Tera Blast|p1a: Raging Bolt|[anim] Tera Blast Fairy
|-supereffective|p1a: Raging Bolt
|-damage|p1a: Raging Bolt|0 fnt
|faint|p1a: Raging Bolt
|-end|p1a: Raging Bolt|Protosynthesis|[silent]
|
|-heal|p2a: Dragonite|13/100|[from] item: Leftovers
|upkeep
|
|t:|1757834418
|switch|p1a: Serperior|Serperior, M|100/100
|-activate|p1a: Serperior|move: Sticky Web
|-boost|p1a: Serperior|spe|1
|turn|21
|
|t:|1757834425
|move|p2a: Dragonite|Tera Blast|p1a: Serperior|[anim] Tera Blast Fairy
|-damage|p1a: Serperior|0 fnt
|faint|p1a: Serperior
|
|-heal|p2a: Dragonite|19/100|[from] item: Leftovers
|upkeep
|-message|Blrrrd forfeited.
|
|win|artmies
|raw|Blrrrd's rating: 1058 &rarr; <strong>1036</strong><br />(-22 for losing)
|raw|artmies's rating: 1000 &rarr; <strong>1047</strong><br />(+47 for winning)
|l|☆Blrrrd
|player|p1|
