|j|☆JeanBaptisteIRL
|j|☆MIT POG MOMENT
|t:|1757859221
|gametype|singles
|player|p1|JeanBaptisteIRL|scientist-gen4|1466
|player|p2|MIT POG MOMENT|crasherwake|1490
|gen|9
|tier|[Gen 9] OU
|rated|
|rule|HP Percentage Mod: HP is shown in percentages
|rule|Endless Battle Clause: Forcing endless battles is banned
|rule|Species Clause: Limit one of each Pokémon
|rule|OHKO Clause: OHKO moves are banned
|rule|Evasion Items Clause: Evasion items are banned
|rule|Evasion Moves Clause: Evasion moves are banned
|rule|Evasion Abilities Clause: Evasion abilities are banned
|rule|Sleep Moves Clause: Sleep-inducing moves are banned
|clearpoke
|poke|p1|Zamazenta-*|
|poke|p1|Araquanid, M|
|poke|p1|Serperior, M|
|poke|p1|Corviknight, F|
|poke|p1|Hatterene, F|
|poke|p1|Gliscor, M|
|poke|p2|Dragonite, F|
|poke|p2|Porygon-Z|
|poke|p2|Samurott-Hisui, M|
|poke|p2|Corviknight, F|
|poke|p2|Landorus-Therian, M|
|poke|p2|Iron Valiant|
|teampreview
|
|t:|1757859249
|teamsize|p1|6
|teamsize|p2|6
|start
|switch|p1a: Zamazenta|Zamazenta|100/100
|switch|p2a: Samurott|Samurott-Hisui, M|100/100
|-ability|p1a: Zamazenta|Dauntless Shield|boost
|-boost|p1a: Zamazenta|def|1
|turn|1
|
|t:|1757859263
|switch|p2a: goldnuts|Corviknight, F|100/100
|-ability|p2a: goldnuts|Pressure
|move|p1a: Zamazenta|Iron Defense|p1a: Zamazenta
|-boost|p1a: Zamazenta|def|2
|
|upkeep
|turn|2
|
|t:|1757859270
|move|p1a: Zamazenta|Iron Defense|p1a: Zamazenta
|-boost|p1a: Zamazenta|def|2
|move|p2a: goldnuts|Iron Defense|p2a: goldnuts
|-boost|p2a: goldnuts|def|2
|
|upkeep
|turn|3
|
|t:|1757859277
|move|p1a: Zamazenta|Body Press|p2a: goldnuts
|-damage|p2a: goldnuts|66/100
|-damage|p1a: Zamazenta|84/100|[from] item: Rocky Helmet|[of] p2a: goldnuts
|move|p2a: goldnuts|Iron Defense|p2a: goldnuts
|-boost|p2a: goldnuts|def|2
|
|-heal|p1a: Zamazenta|90/100|[from] item: Leftovers
|upkeep
|turn|4
|
|t:|1757859286
|move|p1a: Zamazenta|Body Press|p2a: goldnuts
|-damage|p2a: goldnuts|43/100
|-damage|p1a: Zamazenta|74/100|[from] item: Rocky Helmet|[of] p2a: goldnuts
|move|p2a: goldnuts|Body Press|p1a: Zamazenta
|-damage|p1a: Zamazenta|55/100
|
|-heal|p1a: Zamazenta|61/100|[from] item: Leftovers
|upkeep
|turn|5
|
|t:|1757859297
|move|p1a: Zamazenta|Body Press|p2a: goldnuts
|-damage|p2a: goldnuts|22/100
|-damage|p1a: Zamazenta|45/100|[from] item: Rocky Helmet|[of] p2a: goldnuts
|move|p2a: goldnuts|Roost|p2a: goldnuts
|-heal|p2a: goldnuts|72/100
|-singleturn|p2a: goldnuts|move: Roost
|
|-heal|p1a: Zamazenta|51/100|[from] item: Leftovers
|upkeep
|turn|6
|
|t:|1757859311
|move|p1a: Zamazenta|Body Press|p2a: goldnuts
|-damage|p2a: goldnuts|50/100
|-damage|p1a: Zamazenta|34/100|[from] item: Rocky Helmet|[of] p2a: goldnuts
|move|p2a: goldnuts|Body Press|p1a: Zamazenta
|-damage|p1a: Zamazenta|17/100
|
|-heal|p1a: Zamazenta|23/100|[from] item: Leftovers
|upkeep
|turn|7
|
|t:|1757859324
|move|p1a: Zamazenta|Body Press|p2a: goldnuts
|-crit|p2a: goldnuts
|-damage|p2a: goldnuts|0 fnt
|-damage|p1a: Zamazenta|7/100|[from] item: Rocky Helmet|[of] p2a: goldnuts
|faint|p2a: goldnuts
|
|-heal|p1a: Zamazenta|13/100|[from] item: Leftovers
|upkeep
|
|t:|1757859328
|switch|p2a: Iron Valiant|Iron Valiant|100/100
|-enditem|p2a: Iron Valiant|Booster Energy
|-activate|p2a: Iron Valiant|ability: Quark Drive|[fromitem]
|-start|p2a: Iron Valiant|quarkdrivespe
|turn|8
|
|t:|1757859337
|move|p2a: Iron Valiant|Aura Sphere|p1a: Zamazenta
|-damage|p1a: Zamazenta|0 fnt
|faint|p1a: Zamazenta
|
|upkeep
|
|t:|1757859343
|switch|p1a: Araquanid|Araquanid, M|100/100
|turn|9
|
|t:|1757859349
|move|p2a: Iron Valiant|Calm Mind|p2a: Iron Valiant
|-boost|p2a: Iron Valiant|spa|1
|-boost|p2a: Iron Valiant|spd|1
|move|p1a: Araquanid|Sticky Web|p2a: Iron Valiant
|-sidestart|p2: MIT POG MOMENT|move: Sticky Web
|
|upkeep
|turn|10
|
|t:|1757859355
|move|p2a: Iron Valiant|Encore|p1a: Araquanid
|-start|p1a: Araquanid|Encore
|move|p1a: Araquanid|Sticky Web||[still]
|-fail|p1a: Araquanid
|
|upkeep
|turn|11
|
|t:|1757859358
|switch|p1a: Corviknight|Corviknight, F|100/100
|move|p2a: Iron Valiant|Calm Mind|p2a: Iron Valiant
|-boost|p2a: Iron Valiant|spa|1
|-boost|p2a: Iron Valiant|spd|1
|
|upkeep
|turn|12
|
|t:|1757859365
|move|p2a: Iron Valiant|Aura Sphere|p1a: Corviknight
|-damage|p1a: Corviknight|3/100
|move|p1a: Corviknight|Iron Head|p2a: Iron Valiant
|-supereffective|p2a: Iron Valiant
|-damage|p2a: Iron Valiant|0 fnt
|faint|p2a: Iron Valiant
|-end|p2a: Iron Valiant|Quark Drive|[silent]
|
|upkeep
|
|t:|1757859372
|switch|p2a: Samurott|Samurott-Hisui, M|100/100
|-activate|p2a: Samurott|move: Sticky Web
|-unboost|p2a: Samurott|spe|1
|turn|13
|
|t:|1757859385
|move|p1a: Corviknight|Iron Head|p2a: Samurott
|-resisted|p2a: Samurott
|-damage|p2a: Samurott|70/100
|move|p2a: Samurott|Sacred Sword|p1a: Corviknight
|-crit|p1a: Corviknight
|-damage|p1a: Corviknight|0 fnt
|faint|p1a: Corviknight
|
|upkeep
|
|t:|1757859394
|switch|p1a: Serperior|Serperior, M|100/100
|turn|14
|
|t:|1757859399
|move|p1a: Serperior|Leaf Storm|p2a: Samurott
|-supereffective|p2a: Samurott
|-damage|p2a: Samurott|0 fnt
|-boost|p1a: Serperior|spa|2
|faint|p2a: Samurott
|
|upkeep
|
|t:|1757859402
|switch|p2a: Dragonite|Dragonite, F|100/100
|turn|15
|
|t:|1757859409
|move|p1a: Serperior|Glare|p2a: Dragonite
|-status|p2a: Dragonite|par
|move|p2a: Dragonite|Ice Spinner|p1a: Serperior
|-supereffective|p1a: Serperior
|-damage|p1a: Serperior|41/100
|
|-heal|p1a: Serperior|47/100|[from] item: Leftovers
|upkeep
|turn|16
|
|t:|1757859425
|-terastallize|p1a: Serperior|Water
|move|p1a: Serperior|Leech Seed|p2a: Dragonite
|-start|p2a: Dragonite|move: Leech Seed
|move|p2a: Dragonite|Ice Spinner|p1a: Serperior
|-resisted|p1a: Serperior
|-damage|p1a: Serperior|32/100
|
|-heal|p1a: Serperior|38/100|[from] item: Leftovers
|-damage|p2a: Dragonite|88/100 par|[from] Leech Seed|[of] p1a: Serperior
|-heal|p1a: Serperior|52/100|[silent]
|upkeep
|turn|17
|
|t:|1757859438
|switch|p2a: Landorus|Landorus-Therian, M|100/100
|-ability|p2a: Landorus|Intimidate|boost
|-boost|p1a: Serperior|atk|1
|move|p1a: Serperior|Leaf Storm|p2a: Landorus
|-damage|p2a: Landorus|1/100
|-boost|p1a: Serperior|spa|2
|
|-heal|p1a: Serperior|58/100|[from] item: Leftovers
|upkeep
|turn|18
|
|t:|1757859448
|move|p2a: Landorus|Outrage|p1a: Serperior
|-damage|p1a: Serperior|4/100
|move|p1a: Serperior|Leaf Storm|p2a: Landorus
|-damage|p2a: Landorus|0 fnt
|-boost|p1a: Serperior|spa|2
|faint|p2a: Landorus
|
|-heal|p1a: Serperior|10/100|[from] item: Leftovers
|upkeep
|
|t:|1757859451
|switch|p2a: Dragonite|Dragonite, F|88/100 par
|turn|19
|
|t:|1757859458
|cant|p2a: Dragonite|par
|move|p1a: Serperior|Leaf Storm|p2a: Dragonite
|-resisted|p2a: Dragonite
|-damage|p2a: Dragonite|59/100 par
|
|-heal|p1a: Serperior|17/100|[from] item: Leftovers
|upkeep
|turn|20
|
|t:|1757859466
|move|p2a: Dragonite|Extreme Speed|p1a: Serperior
|-damage|p1a: Serperior|0 fnt
|faint|p1a: Serperior
|
|upkeep
|
|t:|1757859473
|switch|p1a: Gliscor|Gliscor, M|100/100
|turn|21
|
|t:|1757859479
|move|p1a: Gliscor|Stealth Rock|p2a: Dragonite
|-sidestart|p2: MIT POG MOMENT|move: Stealth Rock
|move|p2a: Dragonite|Ice Spinner|p1a: Gliscor
|-supereffective|p1a: Gliscor
|-damage|p1a: Gliscor|19/100
|
|-status|p1a: Gliscor|tox|[from] item: Toxic Orb
|upkeep
|turn|22
|
|t:|1757859487
|move|p1a: Gliscor|Protect|p1a: Gliscor
|-singleturn|p1a: Gliscor|Protect
|move|p2a: Dragonite|Dragon Dance|p2a: Dragonite
|-boost|p2a: Dragonite|atk|1
|-boost|p2a: Dragonite|spe|1
|
|-heal|p1a: Gliscor|32/100 tox|[from] ability: Poison Heal
|upkeep
|turn|23
|
|t:|1757859497
|switch|p1a: Hatterene|Hatterene, F|100/100
|cant|p2a: Dragonite|par
|
|upkeep
|turn|24
|
|t:|1757859509
|move|p2a: Dragonite|Earthquake|p1a: Hatterene
|-damage|p1a: Hatterene|30/100
|move|p1a: Hatterene|Draining Kiss|p2a: Dragonite
|-supereffective|p2a: Dragonite
|-damage|p2a: Dragonite|3/100 par
|-heal|p1a: Hatterene|82/100|[from] drain|[of] p2a: Dragonite
|
|upkeep
|turn|25
|
|t:|1757859517
|move|p2a: Dragonite|Earthquake|p1a: Hatterene
|-damage|p1a: Hatterene|22/100
|move|p1a: Hatterene|Draining Kiss|p2a: Dragonite
|-supereffective|p2a: Dragonite
|-damage|p2a: Dragonite|0 fnt
|-heal|p1a: Hatterene|23/100|[from] drain|[of] p2a: Dragonite
|faint|p2a: Dragonite
|
|upkeep
|
|t:|1757859523
|switch|p2a: THIS AINT RU|Porygon-Z|100/100
|-activate|p2a: THIS AINT RU|move: Sticky Web
|-unboost|p2a: THIS AINT RU|spe|1
|-damage|p2a: THIS AINT RU|88/100|[from] Stealth Rock
|turn|26
|
|t:|1757859531
|move|p2a: THIS AINT RU|Tri Attack|p1a: Hatterene
|-damage|p1a: Hatterene|0 fnt
|faint|p1a: Hatterene
|
|upkeep
|
|t:|1757859538
|switch|p1a: Gliscor|Gliscor, M|32/100 tox
|turn|27
|
|t:|1757859542
|move|p1a: Gliscor|Protect|p1a: Gliscor
|-singleturn|p1a: Gliscor|Protect
|move|p2a: THIS AINT RU|Tri Attack|p1a: Gliscor
|-activate|p1a: Gliscor|move: Protect
|
|-heal|p1a: Gliscor|44/100 tox|[from] ability: Poison Heal
|upkeep
|turn|28
|
|t:|1757859552
|move|p1a: Gliscor|Toxic|p2a: THIS AINT RU|[miss]
|-miss|p1a: Gliscor|p2a: THIS AINT RU
|move|p2a: THIS AINT RU|Tri Attack|p1a: Gliscor
|-damage|p1a: Gliscor|0 fnt
|faint|p1a: Gliscor
|
|upkeep
|
|t:|1757859561
|switch|p1a: Araquanid|Araquanid, M|100/100
|turn|29
|
|t:|1757859566
|move|p2a: THIS AINT RU|Tri Attack|p1a: Araquanid
|-damage|p1a: Araquanid|53/100
|move|p1a: Araquanid|Liquidation|p2a: THIS AINT RU
|-damage|p2a: THIS AINT RU|11/100
|
|upkeep
|turn|30
|
|t:|1757859574
|move|p2a: THIS AINT RU|Tri Attack|p1a: Araquanid
|-damage|p1a: Araquanid|2/100
|move|p1a: Araquanid|Liquidation|p2a: THIS AINT RU
|-damage|p2a: THIS AINT RU|0 fnt
|faint|p2a: THIS AINT RU
|
|win|JeanBaptisteIRL
|raw|JeanBaptisteIRL's rating: 1466 &rarr; <strong>1487</strong><br />(+21 for winning)
|raw|MIT POG MOMENT's rating: 1490 &rarr; <strong>1469</strong><br />(-21 for losing)
|l|☆MIT POG MOMENT
|player|p2|
|l|☆JeanBaptisteIRL
|player|p1|
