|j|☆Luncia666
|j|☆FrostBiteGZ
|t:|1757952629
|gametype|singles
|player|p1|Luncia666|bellelba|1000
|player|p2|FrostBiteGZ|102|1029
|gen|9
|tier|[Gen 9] OU
|rated|
|rule|HP Percentage Mod: HP is shown in percentages
|rule|Endless Battle Clause: Forcing endless battles is banned
|rule|Species Clause: Limit one of each Pokémon
|rule|OHKO Clause: OHKO moves are banned
|rule|Evasion Items Clause: Evasion items are banned
|rule|Evasion Moves Clause: Evasion moves are banned
|rule|Evasion Abilities Clause: Evasion abilities are banned
|rule|Sleep Moves Clause: Sleep-inducing moves are banned
|clearpoke
|poke|p1|Galvantula, M|
|poke|p1|Garchomp, M|
|poke|p1|Oricorio-Sensu, M|
|poke|p1|Corviknight, M|
|poke|p1|Salazzle, F|
|poke|p2|Luxray, M|
|poke|p2|Meowstic, M|
|poke|p2|Sinistcha|
|poke|p2|Trevenant, F|
|poke|p2|Glimmora, M|
|poke|p2|Ribombee, F|
|teampreview
|
|t:|1757952634
|teamsize|p1|5
|teamsize|p2|6
|start
|switch|p1a: Galvantula|Galvantula, M|100/100
|switch|p2a: Ribombee|Ribombee, F|100/100
|turn|1
|
|t:|1757952640
|move|p2a: Ribombee|Sticky Web|p1a: Galvantula
|-sidestart|p1: Luncia666|move: Sticky Web
|move|p1a: Galvantula|Sticky Web|p2a: Ribombee
|-sidestart|p2: FrostBiteGZ|move: Sticky Web
|
|upkeep
|turn|2
|
|t:|1757952647
|move|p2a: Ribombee|Moonblast|p1a: Galvantula
|-damage|p1a: Galvantula|41/100
|move|p1a: Galvantula|Thunder|p2a: Ribombee
|-damage|p2a: Ribombee|41/100
|
|upkeep
|turn|3
|
|t:|1757952656
|switch|p1a: Corviknight|Corviknight, M|100/100
|-ability|p1a: Corviknight|Pressure
|move|p2a: Ribombee|Moonblast|p1a: Corviknight
|-resisted|p1a: Corviknight
|-damage|p1a: Corviknight|79/100
|
|-heal|p1a: Corviknight|86/100|[from] item: Leftovers
|upkeep
|turn|4
|
|t:|1757952665
|move|p2a: Ribombee|Bug Buzz|p1a: Corviknight
|-resisted|p1a: Corviknight
|-damage|p1a: Corviknight|76/100
|move|p1a: Corviknight|Iron Defense|p1a: Corviknight
|-boost|p1a: Corviknight|def|2
|
|-heal|p1a: Corviknight|82/100|[from] item: Leftovers
|upkeep
|turn|5
|
|t:|1757952675
|move|p2a: Ribombee|Moonblast|p1a: Corviknight
|-resisted|p1a: Corviknight
|-damage|p1a: Corviknight|62/100
|move|p1a: Corviknight|Iron Defense|p1a: Corviknight
|-boost|p1a: Corviknight|def|2
|
|-heal|p1a: Corviknight|68/100|[from] item: Leftovers
|upkeep
|turn|6
|
|t:|1757952683
|move|p2a: Ribombee|Moonblast|p1a: Corviknight
|-resisted|p1a: Corviknight
|-damage|p1a: Corviknight|49/100
|-unboost|p1a: Corviknight|spa|1
|move|p1a: Corviknight|Iron Defense|p1a: Corviknight
|-boost|p1a: Corviknight|def|2
|
|-heal|p1a: Corviknight|56/100|[from] item: Leftovers
|upkeep
|turn|7
|
|t:|1757952692
|move|p2a: Ribombee|Bug Buzz|p1a: Corviknight
|-resisted|p1a: Corviknight
|-damage|p1a: Corviknight|46/100
|move|p1a: Corviknight|Roost|p1a: Corviknight
|-heal|p1a: Corviknight|96/100
|-singleturn|p1a: Corviknight|move: Roost
|
|-heal|p1a: Corviknight|100/100|[from] item: Leftovers
|upkeep
|turn|8
|
|t:|1757952704
|move|p2a: Ribombee|Bug Buzz|p1a: Corviknight
|-resisted|p1a: Corviknight
|-damage|p1a: Corviknight|91/100
|move|p1a: Corviknight|Body Press|p2a: Ribombee
|-resisted|p2a: Ribombee
|-damage|p2a: Ribombee|0 fnt
|faint|p2a: Ribombee
|
|-heal|p1a: Corviknight|97/100|[from] item: Leftovers
|upkeep
|
|t:|1757952713
|switch|p2a: Flower|Glimmora, M|100/100
|-activate|p2a: Flower|move: Sticky Web
|-unboost|p2a: Flower|spe|1
|turn|9
|
|t:|1757952724
|move|p2a: Flower|Stealth Rock|p1a: Corviknight
|-sidestart|p1: Luncia666|move: Stealth Rock
|move|p1a: Corviknight|Body Press|p2a: Flower
|-crit|p2a: Flower
|-enditem|p2a: Flower|Focus Sash
|-damage|p2a: Flower|1/100
|-activate|p2a: Flower|ability: Toxic Debris
|-sidestart|p1: Luncia666|move: Toxic Spikes
|
|-heal|p1a: Corviknight|100/100|[from] item: Leftovers
|upkeep
|turn|10
|
|t:|1757952735
|move|p2a: Flower|Spiky Shield|p2a: Flower
|-singleturn|p2a: Flower|move: Protect
|move|p1a: Corviknight|Body Press|p2a: Flower
|-activate|p2a: Flower|move: Protect
|-damage|p1a: Corviknight|88/100|[from] Spiky Shield|[of] p2a: Flower
|
|-heal|p1a: Corviknight|94/100|[from] item: Leftovers
|upkeep
|turn|11
|
|t:|1757952743
|move|p2a: Flower|Spikes|p1a: Corviknight
|-sidestart|p1: Luncia666|Spikes
|move|p1a: Corviknight|Body Press|p2a: Flower
|-damage|p2a: Flower|0 fnt
|-activate|p2a: Flower|ability: Toxic Debris
|-sidestart|p1: Luncia666|move: Toxic Spikes
|faint|p2a: Flower
|
|-heal|p1a: Corviknight|100/100|[from] item: Leftovers
|upkeep
|
|t:|1757952756
|switch|p2a: Yummy Sitrus|Trevenant, F|100/100
|-activate|p2a: Yummy Sitrus|move: Sticky Web
|-unboost|p2a: Yummy Sitrus|spe|1
|turn|12
|
|t:|1757952760
|move|p1a: Corviknight|Brave Bird|p2a: Yummy Sitrus
|-supereffective|p2a: Yummy Sitrus
|-damage|p2a: Yummy Sitrus|13/100
|-enditem|p2a: Yummy Sitrus|Sitrus Berry|[eat]
|-heal|p2a: Yummy Sitrus|38/100|[from] item: Sitrus Berry
|-damage|p1a: Corviknight|73/100|[from] Recoil
|move|p2a: Yummy Sitrus|Leech Seed|p1a: Corviknight
|-start|p1a: Corviknight|move: Leech Seed
|
|-heal|p1a: Corviknight|80/100|[from] item: Leftovers
|-damage|p1a: Corviknight|67/100|[from] Leech Seed|[of] p2a: Yummy Sitrus
|-heal|p2a: Yummy Sitrus|51/100|[silent]
|-item|p2a: Yummy Sitrus|Sitrus Berry|[from] ability: Harvest
|upkeep
|turn|13
|
|t:|1757952773
|move|p2a: Yummy Sitrus|Protect|p2a: Yummy Sitrus
|-singleturn|p2a: Yummy Sitrus|Protect
|move|p1a: Corviknight|Brave Bird|p2a: Yummy Sitrus
|-activate|p2a: Yummy Sitrus|move: Protect
|
|-heal|p1a: Corviknight|73/100|[from] item: Leftovers
|-damage|p1a: Corviknight|61/100|[from] Leech Seed|[of] p2a: Yummy Sitrus
|-heal|p2a: Yummy Sitrus|65/100|[silent]
|upkeep
|turn|14
|
|t:|1757952783
|move|p1a: Corviknight|Brave Bird|p2a: Yummy Sitrus
|-supereffective|p2a: Yummy Sitrus
|-damage|p2a: Yummy Sitrus|0 fnt
|faint|p2a: Yummy Sitrus
|-damage|p1a: Corviknight|41/100|[from] Recoil
|
|-heal|p1a: Corviknight|47/100|[from] item: Leftovers
|upkeep
|
|t:|1757952794
|switch|p2a: Teacup|Sinistcha|100/100
|-activate|p2a: Teacup|move: Sticky Web
|-unboost|p2a: Teacup|spe|1
|turn|15
|
|t:|1757952803
|move|p1a: Corviknight|Roost|p1a: Corviknight
|-heal|p1a: Corviknight|97/100
|-singleturn|p1a: Corviknight|move: Roost
|move|p2a: Teacup|Shadow Ball|p1a: Corviknight
|-damage|p1a: Corviknight|54/100
|
|-heal|p1a: Corviknight|60/100|[from] item: Leftovers
|-damage|p1a: Corviknight|47/100|[from] Leech Seed|[of] p2a: Teacup
|upkeep
|turn|16
|
|t:|1757952813
|move|p1a: Corviknight|Brave Bird|p2a: Teacup
|-supereffective|p2a: Teacup
|-damage|p2a: Teacup|27/100
|-enditem|p2a: Teacup|Sitrus Berry|[eat]
|-heal|p2a: Teacup|52/100|[from] item: Sitrus Berry
|-damage|p1a: Corviknight|26/100|[from] Recoil
|move|p2a: Teacup|Nasty Plot|p2a: Teacup
|-boost|p2a: Teacup|spa|2
|
|-heal|p1a: Corviknight|33/100|[from] item: Leftovers
|-damage|p1a: Corviknight|20/100|[from] Leech Seed|[of] p2a: Teacup
|-heal|p2a: Teacup|66/100|[silent]
|upkeep
|turn|17
|
|t:|1757952826
|move|p1a: Corviknight|Brave Bird|p2a: Teacup
|-supereffective|p2a: Teacup
|-damage|p2a: Teacup|3/100
|-damage|p1a: Corviknight|2/100|[from] Recoil
|move|p2a: Teacup|Shadow Ball|p1a: Corviknight
|-damage|p1a: Corviknight|0 fnt
|faint|p1a: Corviknight
|
|upkeep
|
|t:|1757952835
|switch|p1a: Salazzle|Salazzle, F|100/100
|-activate|p1a: Salazzle|move: Sticky Web
|-unboost|p1a: Salazzle|spe|1
|-damage|p1a: Salazzle|76/100|[from] Stealth Rock
|-sideend|p1: Luncia666|move: Toxic Spikes|[of] p1a: Salazzle
|-damage|p1a: Salazzle|63/100|[from] Spikes
|turn|18
|
|t:|1757952845
|move|p1a: Salazzle|Dragon Dance|p1a: Salazzle
|-boost|p1a: Salazzle|atk|1
|-boost|p1a: Salazzle|spe|1
|move|p2a: Teacup|Strength Sap|p1a: Salazzle
|-unboost|p1a: Salazzle|atk|1
|-heal|p2a: Teacup|100/100
|
|-heal|p1a: Salazzle|69/100|[from] item: Leftovers
|upkeep
|turn|19
|
|t:|1757952855
|move|p1a: Salazzle|Scale Shot|p2a: Teacup
|-damage|p2a: Teacup|94/100
|-damage|p2a: Teacup|89/100
|-hitcount|p2a: Teacup|2
|-unboost|p1a: Salazzle|def|1
|-boost|p1a: Salazzle|spe|1
|move|p2a: Teacup|Shadow Ball|p1a: Salazzle
|-damage|p1a: Salazzle|0 fnt
|faint|p1a: Salazzle
|
|upkeep
|
|t:|1757952863
|switch|p1a: Galvantula|Galvantula, M|41/100
|-activate|p1a: Galvantula|move: Sticky Web
|-unboost|p1a: Galvantula|spe|1
|-damage|p1a: Galvantula|16/100|[from] Stealth Rock
|-damage|p1a: Galvantula|4/100|[from] Spikes
|turn|20
|
|t:|1757952872
|move|p1a: Galvantula|Protect|p1a: Galvantula
|-singleturn|p1a: Galvantula|Protect
|move|p2a: Teacup|Shadow Ball|p1a: Galvantula
|-activate|p1a: Galvantula|move: Protect
|
|upkeep
|turn|21
|
|t:|1757952878
|move|p1a: Galvantula|Thunder|p2a: Teacup
|-resisted|p2a: Teacup
|-damage|p2a: Teacup|68/100
|move|p2a: Teacup|Shadow Ball|p1a: Galvantula
|-damage|p1a: Galvantula|0 fnt
|faint|p1a: Galvantula
|
|upkeep
|
|t:|1757952882
|switch|p1a: Garchomp|Garchomp, M|100/100
|-activate|p1a: Garchomp|move: Sticky Web
|-unboost|p1a: Garchomp|spe|1
|-damage|p1a: Garchomp|94/100|[from] Stealth Rock
|-damage|p1a: Garchomp|82/100|[from] Spikes
|turn|22
|
|t:|1757952892
|move|p1a: Garchomp|Swords Dance|p1a: Garchomp
|-boost|p1a: Garchomp|atk|2
|move|p2a: Teacup|Strength Sap|p1a: Garchomp
|-unboost|p1a: Garchomp|atk|1
|-heal|p2a: Teacup|100/100
|
|upkeep
|turn|23
|
|t:|1757952903
|-terastallize|p1a: Garchomp|Dragon
|move|p1a: Garchomp|Shadow Claw|p2a: Teacup
|-supereffective|p2a: Teacup
|-damage|p2a: Teacup|26/100
|move|p2a: Teacup|Matcha Gotcha|p1a: Garchomp
|-resisted|p1a: Garchomp
|-damage|p1a: Garchomp|37/100
|-heal|p2a: Teacup|49/100|[from] drain|[of] p1a: Garchomp
|
|upkeep
|turn|24
|
|t:|1757952915
|move|p1a: Garchomp|Shadow Claw|p2a: Teacup
|-supereffective|p2a: Teacup
|-damage|p2a: Teacup|0 fnt
|faint|p2a: Teacup
|
|upkeep
|
|t:|1757952920
|switch|p2a: Lucifer|Meowstic, M, shiny|100/100
|-activate|p2a: Lucifer|move: Sticky Web
|-unboost|p2a: Lucifer|spe|1
|turn|25
|
|t:|1757952927
|move|p2a: Lucifer|Reflect|p2a: Lucifer
|-sidestart|p2: FrostBiteGZ|Reflect
|move|p1a: Garchomp|Shadow Claw|p2a: Lucifer
|-supereffective|p2a: Lucifer
|-damage|p2a: Lucifer|59/100
|
|upkeep
|turn|26
|
|t:|1757952933
|move|p1a: Garchomp|Outrage|p2a: Lucifer
|-damage|p2a: Lucifer|0 fnt
|faint|p2a: Lucifer
|
|upkeep
|
|t:|1757952937
|switch|p2a: The Alpha Male|Luxray, M, shiny|100/100
|-activate|p2a: The Alpha Male|move: Sticky Web
|-unboost|p2a: The Alpha Male|spe|1
|turn|27
|
|t:|1757952942
|-terastallize|p2a: The Alpha Male|Normal
|move|p1a: Garchomp|Outrage|p2a: The Alpha Male|[from] lockedmove
|-damage|p2a: The Alpha Male|21/100
|-start|p1a: Garchomp|confusion|[fatigue]
|move|p2a: The Alpha Male|Facade|p1a: Garchomp
|-damage|p1a: Garchomp|2/100
|-damage|p2a: The Alpha Male|9/100|[from] ability: Rough Skin|[of] p1a: Garchomp
|-damage|p2a: The Alpha Male|0 fnt|[from] item: Rocky Helmet|[of] p1a: Garchomp
|faint|p2a: The Alpha Male
|
|win|Luncia666
|raw|Luncia666's rating: 1000 &rarr; <strong>1043</strong><br />(+43 for winning)
|raw|FrostBiteGZ's rating: 1029 &rarr; <strong>1013</strong><br />(-16 for losing)
|l|☆FrostBiteGZ
|player|p2|
