|j|☆harc
|j|☆AlwaysSonic
|t:|1757814644
|gametype|singles
|player|p1|harc|lady|1389
|player|p2|AlwaysSonic|102|1378
|gen|9
|tier|[Gen 9] OU
|rated|
|rule|HP Percentage Mod: HP is shown in percentages
|rule|Endless Battle Clause: Forcing endless battles is banned
|rule|Species Clause: Limit one of each Pokémon
|rule|OHKO Clause: OHKO moves are banned
|rule|Evasion Items Clause: Evasion items are banned
|rule|Evasion Moves Clause: Evasion moves are banned
|rule|Evasion Abilities Clause: Evasion abilities are banned
|rule|Sleep Moves Clause: Sleep-inducing moves are banned
|clearpoke
|poke|p1|Corviknight, F|
|poke|p1|Clefable, M|
|poke|p1|Tyranitar, F|
|poke|p1|Dondozo, F|
|poke|p1|Forretress, F|
|poke|p1|Brambleghast, F|
|poke|p2|Ogerpon-Wellspring, F|
|poke|p2|Cloyster, M|
|poke|p2|Ninetales-Alola, M|
|poke|p2|Polteageist|
|poke|p2|Iron Treads|
|poke|p2|Dragonite, F|
|teampreview
|
|t:|1757814670
|teamsize|p1|6
|teamsize|p2|6
|start
|switch|p1a: Forretress|Forretress, F|100/100
|switch|p2a: Iron Treads|Iron Treads|100/100
|-enditem|p2a: Iron Treads|Booster Energy
|-activate|p2a: Iron Treads|ability: Quark Drive|[fromitem]
|-start|p2a: Iron Treads|quarkdrivespe
|turn|1
|
|t:|1757814681
|move|p2a: Iron Treads|Earth Power|p1a: Forretress
|-damage|p1a: Forretress|70/100
|-unboost|p1a: Forretress|spd|1
|move|p1a: Forretress|Reflect|p1a: Forretress
|-sidestart|p1: harc|Reflect
|
|upkeep
|turn|2
|
|t:|1757814688
|move|p2a: Iron Treads|Earth Power|p1a: Forretress
|-damage|p1a: Forretress|26/100
|move|p1a: Forretress|Light Screen|p1a: Forretress
|-sidestart|p1: harc|move: Light Screen
|
|upkeep
|turn|3
|
|t:|1757814697
|move|p2a: Iron Treads|Earth Power|p1a: Forretress
|-damage|p1a: Forretress|2/100
|move|p1a: Forretress|Stealth Rock|p2a: Iron Treads
|-sidestart|p2: AlwaysSonic|move: Stealth Rock
|
|upkeep
|turn|4
|
|t:|1757814703
|move|p2a: Iron Treads|Rapid Spin|p1a: Forretress
|-resisted|p1a: Forretress
|-damage|p1a: Forretress|0 fnt
|-boost|p2a: Iron Treads|spe|1
|-sideend|p2: AlwaysSonic|Stealth Rock|[from] move: Rapid Spin|[of] p2a: Iron Treads
|faint|p1a: Forretress
|
|upkeep
|
|t:|1757814714
|switch|p1a: Corviknight|Corviknight, F|100/100
|turn|5
|
|t:|1757814729
|-end|p2a: Iron Treads|Quark Drive|[silent]
|switch|p2a: Ninetales|Ninetales-Alola, M|100/100
|-weather|Snowscape|[from] ability: Snow Warning|[of] p2a: Ninetales
|move|p1a: Corviknight|Bulk Up|p1a: Corviknight
|-boost|p1a: Corviknight|atk|1
|-boost|p1a: Corviknight|def|1
|
|-weather|Snowscape|[upkeep]
|upkeep
|turn|6
|
|t:|1757814739
|move|p2a: Ninetales|Encore|p1a: Corviknight
|-start|p1a: Corviknight|Encore
|move|p1a: Corviknight|Bulk Up|p1a: Corviknight
|-boost|p1a: Corviknight|atk|1
|-boost|p1a: Corviknight|def|1
|
|-weather|Snowscape|[upkeep]
|upkeep
|turn|7
|
|t:|1757814747
|move|p2a: Ninetales|Freeze-Dry|p1a: Corviknight
|-damage|p1a: Corviknight|91/100
|move|p1a: Corviknight|Bulk Up|p1a: Corviknight
|-boost|p1a: Corviknight|atk|1
|-boost|p1a: Corviknight|def|1
|
|-weather|Snowscape|[upkeep]
|-heal|p1a: Corviknight|97/100|[from] item: Leftovers
|upkeep
|turn|8
|
|t:|1757814756
|move|p2a: Ninetales|Freeze-Dry|p1a: Corviknight
|-damage|p1a: Corviknight|88/100
|move|p1a: Corviknight|Bulk Up|p1a: Corviknight
|-boost|p1a: Corviknight|atk|1
|-boost|p1a: Corviknight|def|1
|
|-weather|Snowscape|[upkeep]
|-heal|p1a: Corviknight|95/100|[from] item: Leftovers
|-end|p1a: Corviknight|Encore
|-sideend|p1: harc|Reflect
|upkeep
|turn|9
|
|t:|1757814767
|move|p2a: Ninetales|Encore|p1a: Corviknight
|-start|p1a: Corviknight|Encore
|move|p1a: Corviknight|Bulk Up|p1a: Corviknight
|-boost|p1a: Corviknight|atk|1
|-boost|p1a: Corviknight|def|1
|
|-weather|none
|-heal|p1a: Corviknight|100/100|[from] item: Leftovers
|-sideend|p1: harc|move: Light Screen
|upkeep
|turn|10
|
|t:|1757814776
|move|p2a: Ninetales|Freeze-Dry|p1a: Corviknight
|-damage|p1a: Corviknight|82/100
|-status|p1a: Corviknight|frz
|cant|p1a: Corviknight|frz
|
|-heal|p1a: Corviknight|89/100 frz|[from] item: Leftovers
|upkeep
|turn|11
|
|t:|1757814785
|move|p2a: Ninetales|Freeze-Dry|p1a: Corviknight
|-damage|p1a: Corviknight|68/100 frz
|cant|p1a: Corviknight|frz
|
|-heal|p1a: Corviknight|75/100 frz|[from] item: Leftovers
|-end|p1a: Corviknight|Encore
|upkeep
|turn|12
|
|t:|1757814796
|move|p2a: Ninetales|Freeze-Dry|p1a: Corviknight
|-damage|p1a: Corviknight|54/100 frz
|cant|p1a: Corviknight|frz
|
|-heal|p1a: Corviknight|61/100 frz|[from] item: Leftovers
|upkeep
|turn|13
|
|t:|1757814804
|move|p2a: Ninetales|Encore|p1a: Corviknight
|-start|p1a: Corviknight|Encore
|cant|p1a: Corviknight|frz
|
|-heal|p1a: Corviknight|67/100 frz|[from] item: Leftovers
|upkeep
|turn|14
|
|t:|1757814812
|move|p2a: Ninetales|Freeze-Dry|p1a: Corviknight
|-damage|p1a: Corviknight|48/100 frz
|-curestatus|p1a: Corviknight|frz|[msg]
|move|p1a: Corviknight|Bulk Up|p1a: Corviknight
|-boost|p1a: Corviknight|atk|1
|-boost|p1a: Corviknight|def|1
|
|-heal|p1a: Corviknight|54/100|[from] item: Leftovers
|upkeep
|turn|15
|
|t:|1757814823
|move|p2a: Ninetales|Freeze-Dry|p1a: Corviknight
|-damage|p1a: Corviknight|34/100
|move|p1a: Corviknight|Bulk Up|p1a: Corviknight
|-boost|p1a: Corviknight|atk|0
|-boost|p1a: Corviknight|def|0
|
|-heal|p1a: Corviknight|41/100|[from] item: Leftovers
|-end|p1a: Corviknight|Encore
|upkeep
|turn|16
|
|t:|1757814833
|move|p2a: Ninetales|Encore|p1a: Corviknight
|-start|p1a: Corviknight|Encore
|move|p1a: Corviknight|Bulk Up|p1a: Corviknight
|-boost|p1a: Corviknight|atk|0
|-boost|p1a: Corviknight|def|0
|
|-heal|p1a: Corviknight|47/100|[from] item: Leftovers
|upkeep
|turn|17
|
|t:|1757814842
|switch|p1a: Clefable|Clefable, M|100/100
|move|p2a: Ninetales|Freeze-Dry|p1a: Clefable
|-damage|p1a: Clefable|83/100
|
|-heal|p1a: Clefable|89/100|[from] item: Leftovers
|upkeep
|turn|18
|
|t:|1757814850
|switch|p2a: Iron Treads|Iron Treads|100/100
|move|p1a: Clefable|Wish|p1a: Clefable
|
|-heal|p1a: Clefable|95/100|[from] item: Leftovers
|upkeep
|turn|19
|
|t:|1757814857
|switch|p1a: Corviknight|Corviknight, F|47/100
|move|p2a: Iron Treads|Stealth Rock|p1a: Corviknight
|-sidestart|p1: harc|move: Stealth Rock
|
|-heal|p1a: Corviknight|96/100|[from] move: Wish|[wisher] Clefable
|-heal|p1a: Corviknight|100/100|[from] item: Leftovers
|upkeep
|turn|20
|
|t:|1757814870
|-end|p2a: Iron Treads|Quark Drive|[silent]
|switch|p2a: Polteageist|Polteageist|100/100
|switch|p1a: Brambleghast|Brambleghast, F|100/100
|
|upkeep
|turn|21
|
|t:|1757814892
|move|p1a: Brambleghast|Poltergeist|p2a: Polteageist
|-activate|p2a: Polteageist|move: Poltergeist|White Herb
|-supereffective|p2a: Polteageist
|-damage|p2a: Polteageist|0 fnt
|faint|p2a: Polteageist
|
|upkeep
|
|t:|1757814899
|switch|p2a: Cloyster|Cloyster, M|100/100
|turn|22
|
|t:|1757814912
|-terastallize|p1a: Brambleghast|Normal
|move|p1a: Brambleghast|Rapid Spin|p2a: Cloyster
|-damage|p2a: Cloyster|75/100
|-boost|p1a: Brambleghast|spe|1
|-sideend|p1: harc|Stealth Rock|[from] move: Rapid Spin|[of] p1a: Brambleghast
|move|p2a: Cloyster|Icicle Spear|p1a: Brambleghast
|-damage|p1a: Brambleghast|74/100
|-damage|p1a: Brambleghast|46/100
|-damage|p1a: Brambleghast|22/100
|-damage|p1a: Brambleghast|0 fnt
|faint|p1a: Brambleghast
|-hitcount|p1: Brambleghast|4
|
|upkeep
|
|t:|1757814928
|switch|p1a: Dondozo|Dondozo, F|100/100
|turn|23
|
|t:|1757814932
|switch|p2a: Ninetales|Ninetales-Alola, M|100/100
|-weather|Snowscape|[from] ability: Snow Warning|[of] p2a: Ninetales
|move|p1a: Dondozo|Body Press|p2a: Ninetales
|-damage|p2a: Ninetales|70/100
|
|-weather|Snowscape|[upkeep]
|upkeep
|turn|24
|
|t:|1757814941
|switch|p1a: Tyranitar|Tyranitar, F|100/100
|-weather|Sandstorm|[from] ability: Sand Stream|[of] p1a: Tyranitar
|move|p2a: Ninetales|Freeze-Dry|p1a: Tyranitar
|-damage|p1a: Tyranitar|93/100
|
|-weather|Sandstorm|[upkeep]
|-damage|p2a: Ninetales|64/100|[from] Sandstorm
|upkeep
|turn|25
|
|t:|1757814952
|switch|p2a: Iron Treads|Iron Treads|100/100
|move|p1a: Tyranitar|Knock Off|p2a: Iron Treads
|-damage|p2a: Iron Treads|74/100
|
|-weather|Sandstorm|[upkeep]
|upkeep
|turn|26
|
|t:|1757814960
|switch|p1a: Corviknight|Corviknight, F|100/100
|move|p2a: Iron Treads|Stealth Rock|p1a: Corviknight
|-sidestart|p1: harc|move: Stealth Rock
|
|-weather|Sandstorm|[upkeep]
|upkeep
|turn|27
|
|t:|1757814968
|-end|p2a: Iron Treads|Quark Drive|[silent]
|switch|p2a: Ninetales|Ninetales-Alola, M|64/100
|-weather|Snowscape|[from] ability: Snow Warning|[of] p2a: Ninetales
|move|p1a: Corviknight|Bulk Up|p1a: Corviknight
|-boost|p1a: Corviknight|atk|1
|-boost|p1a: Corviknight|def|1
|
|-weather|Snowscape|[upkeep]
|upkeep
|turn|28
|
|t:|1757814978
|switch|p1a: Tyranitar|Tyranitar, F|93/100
|-damage|p1a: Tyranitar|81/100|[from] Stealth Rock
|-weather|Sandstorm|[from] ability: Sand Stream|[of] p1a: Tyranitar
|move|p2a: Ninetales|Encore||[still]
|-fail|p2a: Ninetales
|
|-weather|Sandstorm|[upkeep]
|-damage|p2a: Ninetales|58/100|[from] Sandstorm
|upkeep
|turn|29
|
|t:|1757814991
|switch|p2a: Iron Treads|Iron Treads|74/100
|move|p1a: Tyranitar|Stone Edge|p2a: Iron Treads
|-resisted|p2a: Iron Treads
|-damage|p2a: Iron Treads|64/100
|
|-weather|Sandstorm|[upkeep]
|upkeep
|turn|30
|
|t:|1757814999
|switch|p1a: Corviknight|Corviknight, F|100/100
|-damage|p1a: Corviknight|88/100|[from] Stealth Rock
|move|p2a: Iron Treads|Steel Beam|p1a: Corviknight
|-resisted|p1a: Corviknight
|-damage|p1a: Corviknight|71/100
|-damage|p2a: Iron Treads|14/100|[from] steelbeam
|
|-weather|Sandstorm|[upkeep]
|-heal|p1a: Corviknight|77/100|[from] item: Leftovers
|upkeep
|turn|31
|
|t:|1757815011
|move|p2a: Iron Treads|Steel Beam|p1a: Corviknight
|-resisted|p1a: Corviknight
|-damage|p1a: Corviknight|59/100
|-damage|p2a: Iron Treads|0 fnt|[from] steelbeam
|faint|p2a: Iron Treads
|-end|p2a: Iron Treads|Quark Drive|[silent]
|move|p1a: Corviknight|Body Press|p2: Iron Treads|[notarget]
|-fail|p1a: Corviknight
|
|-weather|Sandstorm|[upkeep]
|-heal|p1a: Corviknight|65/100|[from] item: Leftovers
|upkeep
|
|t:|1757815015
|switch|p2a: Cloyster|Cloyster, M|75/100
|turn|32
|
|t:|1757815024
|move|p2a: Cloyster|Icicle Spear|p1a: Corviknight
|-damage|p1a: Corviknight|54/100
|-damage|p1a: Corviknight|43/100
|-damage|p1a: Corviknight|32/100
|-damage|p1a: Corviknight|20/100
|-crit|p1a: Corviknight
|-damage|p1a: Corviknight|3/100
|-hitcount|p1a: Corviknight|5
|move|p1a: Corviknight|Roost|p1a: Corviknight
|-heal|p1a: Corviknight|53/100
|-singleturn|p1a: Corviknight|move: Roost
|
|-weather|none
|-heal|p1a: Corviknight|59/100|[from] item: Leftovers
|upkeep
|turn|33
|
|t:|1757815038
|switch|p1a: Dondozo|Dondozo, F|100/100
|-damage|p1a: Dondozo|88/100|[from] Stealth Rock
|-terastallize|p2a: Cloyster|Ice
|move|p2a: Cloyster|Icicle Spear|p1a: Dondozo
|-resisted|p1a: Dondozo
|-crit|p1a: Dondozo
|-damage|p1a: Dondozo|81/100
|-resisted|p1a: Dondozo
|-damage|p1a: Dondozo|77/100
|-resisted|p1a: Dondozo
|-crit|p1a: Dondozo
|-damage|p1a: Dondozo|70/100
|-resisted|p1a: Dondozo
|-damage|p1a: Dondozo|66/100
|-resisted|p1a: Dondozo
|-damage|p1a: Dondozo|62/100
|-hitcount|p1a: Dondozo|5
|
|-heal|p1a: Dondozo|68/100|[from] item: Leftovers
|upkeep
|turn|34
|
|t:|1757815057
|switch|p2a: Ninetales|Ninetales-Alola, M|58/100
|-weather|Snowscape|[from] ability: Snow Warning|[of] p2a: Ninetales
|move|p1a: Dondozo|Body Press|p2a: Ninetales
|-damage|p2a: Ninetales|31/100
|
|-weather|Snowscape|[upkeep]
|-heal|p1a: Dondozo|74/100|[from] item: Leftovers
|upkeep
|turn|35
|
|t:|1757815068
|switch|p1a: Clefable|Clefable, M|95/100
|-damage|p1a: Clefable|82/100|[from] Stealth Rock
|move|p2a: Ninetales|Moonblast|p1a: Clefable
|-damage|p1a: Clefable|56/100
|
|-weather|Snowscape|[upkeep]
|-heal|p1a: Clefable|62/100|[from] item: Leftovers
|upkeep
|turn|36
|
|t:|1757815078
|switch|p2a: Cloyster|Cloyster, M, tera:Ice|75/100
|move|p1a: Clefable|Wish|p1a: Clefable
|
|-weather|Snowscape|[upkeep]
|-heal|p1a: Clefable|68/100|[from] item: Leftovers
|upkeep
|turn|37
|
|t:|1757815087
|switch|p1a: Dondozo|Dondozo, F|74/100
|-damage|p1a: Dondozo|62/100|[from] Stealth Rock
|move|p2a: Cloyster|Icicle Spear|p1a: Dondozo
|-resisted|p1a: Dondozo
|-damage|p1a: Dondozo|57/100
|-resisted|p1a: Dondozo
|-damage|p1a: Dondozo|53/100
|-resisted|p1a: Dondozo
|-damage|p1a: Dondozo|49/100
|-resisted|p1a: Dondozo
|-damage|p1a: Dondozo|44/100
|-resisted|p1a: Dondozo
|-crit|p1a: Dondozo
|-damage|p1a: Dondozo|38/100
|-hitcount|p1a: Dondozo|5
|
|-weather|Snowscape|[upkeep]
|-heal|p1a: Dondozo|77/100|[from] move: Wish|[wisher] Clefable
|-heal|p1a: Dondozo|83/100|[from] item: Leftovers
|upkeep
|turn|38
|
|t:|1757815104
|switch|p2a: Ogerpon|Ogerpon-Wellspring, F|100/100
|move|p1a: Dondozo|Body Press|p2a: Ogerpon
|-damage|p2a: Ogerpon|66/100
|
|-weather|none
|-heal|p1a: Dondozo|89/100|[from] item: Leftovers
|upkeep
|turn|39
|
|t:|1757815118
|move|p2a: Ogerpon|Swords Dance|p2a: Ogerpon
|-boost|p2a: Ogerpon|atk|2
|move|p1a: Dondozo|Body Press|p2a: Ogerpon
|-damage|p2a: Ogerpon|28/100
|
|-heal|p1a: Dondozo|95/100|[from] item: Leftovers
|upkeep
|turn|40
|
|t:|1757815127
|move|p2a: Ogerpon|Power Whip|p1a: Dondozo
|-supereffective|p1a: Dondozo
|-damage|p1a: Dondozo|35/100
|move|p1a: Dondozo|Body Press|p2a: Ogerpon
|-damage|p2a: Ogerpon|0 fnt
|faint|p2a: Ogerpon
|
|-heal|p1a: Dondozo|41/100|[from] item: Leftovers
|upkeep
|-message|AlwaysSonic forfeited.
|
|win|harc
|raw|harc's rating: 1389 &rarr; <strong>1408</strong><br />(+19 for winning)
|raw|AlwaysSonic's rating: 1378 &rarr; <strong>1359</strong><br />(-19 for losing)
|l|☆AlwaysSonic
|player|p2|
|l|☆harc
|player|p1|
