|j|☆kattenkg
|j|☆Drakesaurus
|t:|1757846016
|gametype|singles
|player|p1|kattenkg|dawn|1143
|player|p2|Drakesaurus|brycen|1155
|gen|9
|tier|[Gen 9] OU
|rated|
|rule|HP Percentage Mod: HP is shown in percentages
|rule|Endless Battle Clause: Forcing endless battles is banned
|rule|Species Clause: Limit one of each Pokémon
|rule|OHKO Clause: OHKO moves are banned
|rule|Evasion Items Clause: Evasion items are banned
|rule|Evasion Moves Clause: Evasion moves are banned
|rule|Evasion Abilities Clause: Evasion abilities are banned
|rule|Sleep Moves Clause: Sleep-inducing moves are banned
|clearpoke
|poke|p1|Furret, F|
|poke|p1|Vivillon-Pokeball, F|
|poke|p1|Iron Moth|
|poke|p1|Dragonite, F|
|poke|p1|Gholdengo|
|poke|p1|Ursaluna, F|
|poke|p2|Dragapult, F|
|poke|p2|Dragonite, M|
|poke|p2|Gholdengo|
|poke|p2|Garchomp, F|
|poke|p2|Scizor, F|
|poke|p2|Toxapex, F|
|teampreview
|
|t:|1757846050
|teamsize|p1|6
|teamsize|p2|6
|start
|switch|p1a: Vivillon|Vivillon-Pokeball, F|100/100
|switch|p2a: Garchomp|Garchomp, F|100/100
|turn|1
|
|t:|1757846062
|move|p2a: Garchomp|Swords Dance|p2a: Garchomp
|-boost|p2a: Garchomp|atk|2
|move|p1a: Vivillon|Quiver Dance|p1a: Vivillon
|-boost|p1a: Vivillon|spa|1
|-boost|p1a: Vivillon|spd|1
|-boost|p1a: Vivillon|spe|1
|
|upkeep
|turn|2
|
|t:|1757846073
|move|p1a: Vivillon|Quiver Dance|p1a: Vivillon
|-boost|p1a: Vivillon|spa|1
|-boost|p1a: Vivillon|spd|1
|-boost|p1a: Vivillon|spe|1
|move|p2a: Garchomp|Scale Shot|p1a: Vivillon
|-damage|p1a: Vivillon|46/100
|-damage|p1a: Vivillon|0 fnt
|faint|p1a: Vivillon
|-hitcount|p1: Vivillon|2
|-unboost|p2a: Garchomp|def|1
|-boost|p2a: Garchomp|spe|1
|
|upkeep
|
|t:|1757846082
|switch|p1a: Ursaluna|Ursaluna, F|100/100
|turn|3
|
|t:|1757846088
|move|p2a: Garchomp|Earthquake|p1a: Ursaluna
|-damage|p1a: Ursaluna|30/100
|move|p1a: Ursaluna|Ice Punch|p2a: Garchomp
|-supereffective|p2a: Garchomp
|-damage|p2a: Garchomp|0 fnt
|-damage|p1a: Ursaluna|17/100|[from] ability: Rough Skin|[of] p2a: Garchomp
|faint|p2a: Garchomp
|
|-status|p1a: Ursaluna|brn|[from] item: Flame Orb
|upkeep
|
|t:|1757846100
|switch|p2a: Scizor|Scizor, F|100/100
|turn|4
|
|t:|1757846104
|move|p2a: Scizor|Bullet Punch|p1a: Ursaluna
|-damage|p1a: Ursaluna|0 fnt
|faint|p1a: Ursaluna
|-damage|p2a: Scizor|91/100|[from] item: Life Orb
|
|upkeep
|
|t:|1757846107
|switch|p1a: Dragonite|Dragonite, F|100/100
|turn|5
|
|t:|1757846115
|switch|p2a: Toxapex|Toxapex, F|100/100
|move|p1a: Dragonite|Dragon Dance|p1a: Dragonite
|-boost|p1a: Dragonite|atk|1
|-boost|p1a: Dragonite|spe|1
|
|upkeep
|turn|6
|
|t:|1757846121
|move|p1a: Dragonite|Dragon Dance|p1a: Dragonite
|-boost|p1a: Dragonite|atk|1
|-boost|p1a: Dragonite|spe|1
|move|p2a: Toxapex|Toxic|p1a: Dragonite
|-status|p1a: Dragonite|tox
|
|-damage|p1a: Dragonite|94/100 tox|[from] psn
|upkeep
|turn|7
|
|t:|1757846128
|move|p1a: Dragonite|Dragon Dance|p1a: Dragonite
|-boost|p1a: Dragonite|atk|1
|-boost|p1a: Dragonite|spe|1
|move|p2a: Toxapex|Haze|p2a: Toxapex
|-clearallboost
|
|-damage|p1a: Dragonite|82/100 tox|[from] psn
|upkeep
|turn|8
|
|t:|1757846135
|switch|p1a: Gholdengo|Gholdengo|100/100
|move|p2a: Toxapex|Toxic Spikes|p1a: Gholdengo
|-sidestart|p1: kattenkg|move: Toxic Spikes
|
|upkeep
|turn|9
|
|t:|1757846149
|switch|p2a: Scizor|Scizor, F|91/100
|move|p1a: Gholdengo|Trick|p2a: Scizor
|-activate|p1a: Gholdengo|move: Trick|[of] p2a: Scizor
|-item|p2a: Scizor|Choice Scarf|[from] move: Trick
|-item|p1a: Gholdengo|Life Orb|[from] move: Trick
|
|upkeep
|turn|10
|
|t:|1757846158
|move|p2a: Scizor|Knock Off|p1a: Gholdengo
|-supereffective|p1a: Gholdengo
|-damage|p1a: Gholdengo|12/100
|-enditem|p1a: Gholdengo|Life Orb|[from] move: Knock Off|[of] p2a: Scizor
|move|p1a: Gholdengo|Shadow Ball|p2a: Scizor
|-damage|p2a: Scizor|37/100
|
|upkeep
|turn|11
|
|t:|1757846167
|move|p2a: Scizor|Knock Off|p1a: Gholdengo
|-supereffective|p1a: Gholdengo
|-damage|p1a: Gholdengo|0 fnt
|faint|p1a: Gholdengo
|
|upkeep
|
|t:|1757846168
|switch|p1a: Furret|Furret, F|100/100
|-status|p1a: Furret|psn
|-item|p2a: Scizor|Choice Scarf|[from] ability: Frisk|[of] p1a: Furret
|turn|12
|
|t:|1757846183
|switch|p2a: Dragonite|Dragonite, M|100/100
|move|p1a: Furret|Tidy Up|p1a: Furret
|-sideend|p1: kattenkg|Toxic Spikes
|-activate|p1a: Furret|move: Tidy Up
|-boost|p1a: Furret|atk|1
|-boost|p1a: Furret|spe|1
|
|-damage|p1a: Furret|88/100 psn|[from] psn
|upkeep
|turn|13
|
|t:|1757846193
|-terastallize|p1a: Furret|Normal
|move|p1a: Furret|Last Resort|p2a: Dragonite
|-damage|p2a: Dragonite|32/100
|move|p2a: Dragonite|Earthquake|p1a: Furret
|-damage|p1a: Furret|24/100 psn
|
|-damage|p1a: Furret|11/100 psn|[from] psn
|upkeep
|turn|14
|
|t:|1757846205
|move|p2a: Dragonite|Extreme Speed|p1a: Furret
|-damage|p1a: Furret|0 fnt
|faint|p1a: Furret
|
|upkeep
|
|t:|1757846213
|switch|p1a: Dragonite|Dragonite, F|82/100 tox
|turn|15
|
|t:|1757846220
|move|p1a: Dragonite|Ice Spinner|p2a: Dragonite
|-supereffective|p2a: Dragonite
|-damage|p2a: Dragonite|0 fnt
|faint|p2a: Dragonite
|
|-damage|p1a: Dragonite|76/100 tox|[from] psn
|upkeep
|
|t:|1757846234
|switch|p2a: Toxapex|Toxapex, F|100/100
|turn|16
|
|t:|1757846253
|move|p1a: Dragonite|Earthquake|p2a: Toxapex
|-supereffective|p2a: Toxapex
|-damage|p2a: Toxapex|42/100
|move|p2a: Toxapex|Toxic Spikes|p1a: Dragonite
|-sidestart|p1: kattenkg|move: Toxic Spikes
|
|-damage|p1a: Dragonite|63/100 tox|[from] psn
|upkeep
|turn|17
|
|t:|1757846261
|switch|p2a: Gholdengo|Gholdengo|100/100
|-item|p2a: Gholdengo|Air Balloon
|move|p1a: Dragonite|Earthquake|p2a: Gholdengo
|-immune|p2a: Gholdengo
|
|-damage|p1a: Dragonite|45/100 tox|[from] psn
|upkeep
|turn|18
|-message|kattenkg forfeited.
|
|win|Drakesaurus
|raw|kattenkg's rating: 1143 &rarr; <strong>1119</strong><br />(-24 for losing)
|raw|Drakesaurus's rating: 1155 &rarr; <strong>1179</strong><br />(+24 for winning)
|l|☆kattenkg
|player|p1|
|l|☆Drakesaurus
|player|p2|
