|j|‽Flocking glock
|j|☆Goodnight Yubi
|t:|1757825602
|gametype|singles
|player|p1|Flocking glock|169|1413
|player|p2|Goodnight Yubi|brycenman|1406
|gen|9
|tier|[Gen 9] OU
|rated|
|rule|HP Percentage Mod: HP is shown in percentages
|rule|Endless Battle Clause: Forcing endless battles is banned
|rule|Species Clause: Limit one of each Pokémon
|rule|OHKO Clause: OHKO moves are banned
|rule|Evasion Items Clause: Evasion items are banned
|rule|Evasion Moves Clause: Evasion moves are banned
|rule|Evasion Abilities Clause: Evasion abilities are banned
|rule|Sleep Moves Clause: Sleep-inducing moves are banned
|clearpoke
|poke|p1|Heatran, M|
|poke|p1|Ogerpon-Wellspring, F|
|poke|p1|Rillaboom, M|
|poke|p1|Great Tusk|
|poke|p1|Dragapult, M|
|poke|p1|Bronzong|
|poke|p2|Ursaluna, M|
|poke|p2|Ogerpon-Wellspring, F|
|poke|p2|Glimmora, F|
|poke|p2|Kingambit, F|
|poke|p2|Iron Moth|
|poke|p2|Dragapult, M|
|teampreview
|
|t:|1757825616
|teamsize|p1|6
|teamsize|p2|6
|start
|switch|p1a: Bronzong|Bronzong, shiny|100/100
|switch|p2a: Glimmora|Glimmora, F|100/100
|turn|1
|
|t:|1757825624
|move|p2a: Glimmora|Stealth Rock|p1a: Bronzong
|-sidestart|p1: Flocking glock|move: Stealth Rock
|move|p1a: Bronzong|Stealth Rock|p2a: Glimmora
|-sidestart|p2: Goodnight Yubi|move: Stealth Rock
|
|upkeep
|turn|2
|
|t:|1757825630
|switch|p2a: Ursaluna|Ursaluna, M|100/100
|-damage|p2a: Ursaluna|94/100|[from] Stealth Rock
|move|p1a: Bronzong|Future Sight|p2a: Ursaluna
|-start|p1a: Bronzong|move: Future Sight
|
|-status|p2a: Ursaluna|brn|[from] item: Flame Orb
|upkeep
|turn|3
|
|t:|1757825642
|move|p2a: Ursaluna|Fire Punch|p1a: Bronzong
|-supereffective|p1a: Bronzong
|-damage|p1a: Bronzong|44/100
|move|p1a: Bronzong|Body Press|p2a: Ursaluna
|-supereffective|p2a: Ursaluna
|-damage|p2a: Ursaluna|58/100 brn
|
|-damage|p2a: Ursaluna|52/100 brn|[from] brn
|upkeep
|turn|4
|
|t:|1757825654
|switch|p1a: Heatran|Heatran, M|100/100
|-damage|p1a: Heatran|88/100|[from] Stealth Rock
|move|p2a: Ursaluna|Fire Punch|p1a: Heatran
|-start|p1a: Heatran|ability: Flash Fire
|
|-end|p2a: Ursaluna|move: Future Sight
|-damage|p2a: Ursaluna|21/100 brn
|-heal|p1a: Heatran|94/100|[from] item: Leftovers
|-damage|p2a: Ursaluna|15/100 brn|[from] brn
|upkeep
|turn|5
|
|t:|1757825668
|-end|p1a: Heatran|ability: Flash Fire|[silent]
|switch|p1a: Bronzong|Bronzong, shiny|44/100
|-damage|p1a: Bronzong|37/100|[from] Stealth Rock
|switch|p2a: Glimmora|Glimmora, F|100/100
|-damage|p2a: Glimmora|88/100|[from] Stealth Rock
|
|upkeep
|turn|6
|
|t:|1757825673
|move|p2a: Glimmora|Power Gem|p1a: Bronzong
|-resisted|p1a: Bronzong
|-damage|p1a: Bronzong|20/100
|move|p1a: Bronzong|Future Sight|p2a: Glimmora
|-start|p1a: Bronzong|move: Future Sight
|
|upkeep
|turn|7
|
|t:|1757825678
|move|p2a: Glimmora|Power Gem|p1a: Bronzong
|-resisted|p1a: Bronzong
|-damage|p1a: Bronzong|3/100
|move|p1a: Bronzong|Psychic Noise|p2a: Glimmora
|-supereffective|p2a: Glimmora
|-damage|p2a: Glimmora|31/100
|-start|p2a: Glimmora|move: Heal Block
|
|upkeep
|turn|8
|
|t:|1757825689
|switch|p2a: Ursaluna|Ursaluna, M|15/100 brn
|-damage|p2a: Ursaluna|9/100 brn|[from] Stealth Rock
|switch|p1a: Great Tusk|Great Tusk|100/100
|
|-end|p2a: Ursaluna|move: Future Sight
|-damage|p2a: Ursaluna|0 fnt
|faint|p2a: Ursaluna
|upkeep
|
|t:|1757825694
|switch|p2a: Dragapult|Dragapult, M|100/100
|-damage|p2a: Dragapult|88/100|[from] Stealth Rock
|turn|9
|
|t:|1757825701
|-end|p1a: Great Tusk|Protosynthesis|[silent]
|switch|p1a: Bronzong|Bronzong, shiny|3/100
|-damage|p1a: Bronzong|0 fnt|[from] Stealth Rock
|faint|p1a: Bronzong
|move|p2a: Dragapult|Shadow Ball|p1: Bronzong|[notarget]
|-fail|p2a: Dragapult
|
|upkeep
|
|t:|1757825721
|switch|p1a: Heatran|Heatran, M|94/100
|-damage|p1a: Heatran|82/100|[from] Stealth Rock
|turn|10
|
|t:|1757825738
|switch|p2a: Ogerpon|Ogerpon-Wellspring, F|100/100
|-damage|p2a: Ogerpon|88/100|[from] Stealth Rock
|move|p1a: Heatran|Magma Storm|p2a: Ogerpon
|-damage|p2a: Ogerpon|37/100
|-activate|p2a: Ogerpon|move: Magma Storm|[of] p1a: Heatran
|
|-heal|p1a: Heatran|88/100|[from] item: Leftovers
|-damage|p2a: Ogerpon|25/100|[from] move: Magma Storm|[partiallytrapped]
|upkeep
|turn|11
|
|t:|1757825748
|switch|p1a: Rillaboom|Rillaboom, M|100/100
|-damage|p1a: Rillaboom|88/100|[from] Stealth Rock
|-fieldstart|move: Grassy Terrain|[from] ability: Grassy Surge|[of] p1a: Rillaboom
|move|p2a: Ogerpon|Ivy Cudgel|p1a: Rillaboom|[anim] Ivy Cudgel Water
|-resisted|p1a: Rillaboom
|-damage|p1a: Rillaboom|59/100
|
|-heal|p2a: Ogerpon|31/100|[from] Grassy Terrain
|-heal|p1a: Rillaboom|65/100|[from] Grassy Terrain
|-end|p2a: Ogerpon|Magma Storm|[partiallytrapped]|[silent]
|upkeep
|turn|12
|
|t:|1757825758
|move|p2a: Ogerpon|Knock Off|p1a: Rillaboom
|-damage|p1a: Rillaboom|31/100
|-enditem|p1a: Rillaboom|Terrain Extender|[from] move: Knock Off|[of] p2a: Ogerpon
|move|p1a: Rillaboom|U-turn|p2a: Ogerpon
|-supereffective|p2a: Ogerpon
|-damage|p2a: Ogerpon|0 fnt
|faint|p2a: Ogerpon
|
|t:|1757825768
|switch|p1a: Dragapult|Dragapult, M|100/100|[from] U-turn
|-damage|p1a: Dragapult|88/100|[from] Stealth Rock
|
|-heal|p1a: Dragapult|94/100|[from] Grassy Terrain
|upkeep
|
|t:|1757825770
|switch|p2a: Kingambit|Kingambit, F|100/100
|-damage|p2a: Kingambit|94/100|[from] Stealth Rock
|-activate|p2a: Kingambit|ability: Supreme Overlord
|-start|p2a: Kingambit|fallen2|[silent]
|-item|p2a: Kingambit|Air Balloon
|turn|13
|
|t:|1757825776
|switch|p1a: Great Tusk|Great Tusk|100/100
|-terastallize|p2a: Kingambit|Fire
|move|p2a: Kingambit|Kowtow Cleave|p1a: Great Tusk
|-resisted|p1a: Great Tusk
|-damage|p1a: Great Tusk|79/100
|
|-heal|p1a: Great Tusk|86/100|[from] Grassy Terrain
|upkeep
|turn|14
|
|t:|1757825790
|move|p1a: Great Tusk|Rapid Spin|p2a: Kingambit
|-damage|p2a: Kingambit|80/100
|-boost|p1a: Great Tusk|spe|1
|-enditem|p2a: Kingambit|Air Balloon
|-sideend|p1: Flocking glock|Stealth Rock|[from] move: Rapid Spin|[of] p1a: Great Tusk
|move|p2a: Kingambit|Iron Head|p1a: Great Tusk
|-damage|p1a: Great Tusk|48/100
|
|-heal|p1a: Great Tusk|54/100|[from] Grassy Terrain
|-heal|p2a: Kingambit|86/100|[from] Grassy Terrain
|upkeep
|turn|15
|
|t:|1757825801
|move|p2a: Kingambit|Sucker Punch|p1a: Great Tusk
|-resisted|p1a: Great Tusk
|-damage|p1a: Great Tusk|35/100
|move|p1a: Great Tusk|Headlong Rush|p2a: Kingambit
|-supereffective|p2a: Kingambit
|-damage|p2a: Kingambit|0 fnt
|-unboost|p1a: Great Tusk|def|1
|-unboost|p1a: Great Tusk|spd|1
|faint|p2a: Kingambit
|-end|p2a: Kingambit|fallen2|[silent]
|
|-heal|p1a: Great Tusk|41/100|[from] Grassy Terrain
|upkeep
|
|t:|1757825805
|switch|p2a: Iron Moth|Iron Moth|100/100
|-damage|p2a: Iron Moth|76/100|[from] Stealth Rock
|-enditem|p2a: Iron Moth|Booster Energy
|-activate|p2a: Iron Moth|ability: Quark Drive|[fromitem]
|-start|p2a: Iron Moth|quarkdrivespe
|turn|16
|
|t:|1757825810
|-end|p2a: Iron Moth|Quark Drive|[silent]
|switch|p2a: Glimmora|Glimmora, F|31/100
|-damage|p2a: Glimmora|18/100|[from] Stealth Rock
|-end|p1a: Great Tusk|Protosynthesis|[silent]
|switch|p1a: Heatran|Heatran, M|88/100
|
|-heal|p2a: Glimmora|25/100|[from] Grassy Terrain
|-heal|p1a: Heatran|94/100|[from] Grassy Terrain
|-heal|p1a: Heatran|100/100|[from] item: Leftovers
|upkeep
|turn|17
|
|t:|1757825818
|move|p2a: Glimmora|Earth Power|p1a: Heatran
|-supereffective|p1a: Heatran
|-damage|p1a: Heatran|22/100
|move|p1a: Heatran|Earth Power|p2a: Glimmora
|-supereffective|p2a: Glimmora
|-damage|p2a: Glimmora|0 fnt
|faint|p2a: Glimmora
|
|-heal|p1a: Heatran|28/100|[from] Grassy Terrain
|-heal|p1a: Heatran|35/100|[from] item: Leftovers
|upkeep
|
|t:|1757825822
|switch|p2a: Dragapult|Dragapult, M|88/100
|-damage|p2a: Dragapult|76/100|[from] Stealth Rock
|turn|18
|
|t:|1757825828
|move|p2a: Dragapult|Shadow Ball|p1a: Heatran
|-damage|p1a: Heatran|2/100
|move|p1a: Heatran|Magma Storm|p2a: Dragapult
|-resisted|p2a: Dragapult
|-damage|p2a: Dragapult|44/100
|-activate|p2a: Dragapult|move: Magma Storm|[of] p1a: Heatran
|
|-heal|p2a: Dragapult|50/100|[from] Grassy Terrain
|-heal|p1a: Heatran|8/100|[from] Grassy Terrain
|-heal|p1a: Heatran|14/100|[from] item: Leftovers
|-damage|p2a: Dragapult|37/100|[from] move: Magma Storm|[partiallytrapped]
|-fieldend|move: Grassy Terrain
|upkeep
|turn|19
|
|t:|1757825834
|move|p2a: Dragapult|Shadow Ball|p1a: Heatran
|-damage|p1a: Heatran|0 fnt
|faint|p1a: Heatran
|
|-end|p2a: Dragapult|Magma Storm|[partiallytrapped]|[silent]
|upkeep
|
|t:|1757825838
|switch|p1a: Ogerpon|Ogerpon-Wellspring, F|100/100
|turn|20
|
|t:|1757825845
|-terastallize|p1a: Ogerpon|Water
|detailschange|p1a: Ogerpon|Ogerpon-Wellspring-Tera, F, tera:Water
|-ability|p1a: Ogerpon|Embody Aspect (Wellspring)|boost
|-boost|p1a: Ogerpon|spd|1
|move|p2a: Dragapult|Shadow Ball|p1a: Ogerpon
|-damage|p1a: Ogerpon|60/100
|move|p1a: Ogerpon|Ivy Cudgel|p2a: Dragapult|[anim] Ivy Cudgel Water
|-resisted|p2a: Dragapult
|-damage|p2a: Dragapult|0 fnt
|faint|p2a: Dragapult
|
|upkeep
|
|t:|1757825848
|switch|p2a: Iron Moth|Iron Moth|76/100
|-damage|p2a: Iron Moth|51/100|[from] Stealth Rock
|turn|21
|
|t:|1757825851
|move|p2a: Iron Moth|Fiery Dance|p1a: Ogerpon
|-resisted|p1a: Ogerpon
|-damage|p1a: Ogerpon|45/100
|move|p1a: Ogerpon|Ivy Cudgel|p2a: Iron Moth|[anim] Ivy Cudgel Water
|-supereffective|p2a: Iron Moth
|-damage|p2a: Iron Moth|0 fnt
|faint|p2a: Iron Moth
|-end|p2a: Iron Moth|Quark Drive|[silent]
|
|win|Flocking glock
|raw|Flocking glock's rating: 1413 &rarr; <strong>1433</strong><br />(+20 for winning)
|raw|Goodnight Yubi's rating: 1406 &rarr; <strong>1386</strong><br />(-20 for losing)
|l|☆Goodnight Yubi
|player|p2|
