|j|☆Mr.dinguery
|j|☆DeCompaniu
|t:|1757946462
|gametype|singles
|player|p1|Mr.dinguery|backersf|1231
|player|p2|DeCompaniu|richboy|1209
|gen|9
|tier|[Gen 9] OU
|rated|
|rule|HP Percentage Mod: HP is shown in percentages
|rule|Endless Battle Clause: Forcing endless battles is banned
|rule|Species Clause: Limit one of each Pokémon
|rule|OHKO Clause: OHKO moves are banned
|rule|Evasion Items Clause: Evasion items are banned
|rule|Evasion Moves Clause: Evasion moves are banned
|rule|Evasion Abilities Clause: Evasion abilities are banned
|rule|Sleep Moves Clause: Sleep-inducing moves are banned
|clearpoke
|poke|p1|Dragapult, M|
|poke|p1|Garganacl, M|
|poke|p1|Weavile, M|
|poke|p1|Iron Valiant|
|poke|p1|Excadrill, F|
|poke|p1|Meloetta|
|poke|p2|Greedent, F|
|poke|p2|Malamar, F|
|poke|p2|Hawlucha, M|
|poke|p2|Glimmora, F|
|poke|p2|Indeedee, M|
|poke|p2|Polteageist-Antique|
|teampreview
|inactive|Battle timer is ON: inactive players will automatically lose when time's up. (requested by Mr.dinguery)
|
|t:|1757946480
|teamsize|p1|6
|teamsize|p2|6
|start
|switch|p1a: Excadrill|Excadrill, F|100/100
|switch|p2a: Glimmora|Glimmora, F|100/100
|-ability|p1a: Excadrill|Mold Breaker
|turn|1
|
|t:|1757946488
|move|p1a: Excadrill|Iron Head|p2a: Glimmora
|-supereffective|p2a: Glimmora
|-damage|p2a: Glimmora|5/100
|-activate|p2a: Glimmora|ability: Toxic Debris
|-sidestart|p1: Mr.dinguery|move: Toxic Spikes
|cant|p2a: Glimmora|flinch
|
|upkeep
|turn|2
|
|t:|1757946498
|switch|p2a: Polteageist|Polteageist-Antique|100/100
|move|p1a: Excadrill|Rapid Spin|p2a: Polteageist
|-immune|p2a: Polteageist
|
|upkeep
|turn|3
|
|t:|1757946507
|move|p1a: Excadrill|Iron Head|p2a: Polteageist
|-damage|p2a: Polteageist|23/100
|-ability|p2a: Polteageist|Weak Armor|boost
|-unboost|p2a: Polteageist|def|1
|-boost|p2a: Polteageist|spe|2
|cant|p2a: Polteageist|flinch
|
|upkeep
|turn|4
|
|t:|1757946516
|move|p2a: Polteageist|Will-O-Wisp|p1a: Excadrill
|-status|p1a: Excadrill|brn
|move|p1a: Excadrill|Iron Head|p2a: Polteageist
|-damage|p2a: Polteageist|0 fnt
|faint|p2a: Polteageist
|
|-damage|p1a: Excadrill|94/100 brn|[from] brn
|upkeep
|
|t:|1757946526
|switch|p2a: Greedent|Greedent, F|100/100
|turn|5
|
|t:|1757946531
|move|p1a: Excadrill|Stealth Rock|p2a: Greedent
|-sidestart|p2: DeCompaniu|move: Stealth Rock
|move|p2a: Greedent|Stuff Cheeks|p2a: Greedent
|-boost|p2a: Greedent|def|2
|-enditem|p2a: Greedent|Ganlon Berry|[eat]
|-boost|p2a: Greedent|def|1|[from] item: Ganlon Berry
|
|-damage|p1a: Excadrill|88/100 brn|[from] brn
|upkeep
|turn|6
|
|t:|1757946540
|move|p1a: Excadrill|Rapid Spin|p2a: Greedent
|-damage|p2a: Greedent|98/100
|-boost|p1a: Excadrill|spe|1
|-sideend|p1: Mr.dinguery|Toxic Spikes|[from] move: Rapid Spin|[of] p1a: Excadrill
|move|p2a: Greedent|Body Press|p1a: Excadrill
|-supereffective|p1a: Excadrill
|-damage|p1a: Excadrill|0 fnt
|faint|p1a: Excadrill
|
|upkeep
|
|t:|1757946553
|switch|p1a: Garganacl|Garganacl, M|100/100
|turn|7
|
|t:|1757946558
|move|p1a: Garganacl|Salt Cure|p2a: Greedent
|-damage|p2a: Greedent|95/100
|-start|p2a: Greedent|Salt Cure
|move|p2a: Greedent|Knock Off|p1a: Garganacl
|-damage|p1a: Garganacl|89/100
|-enditem|p1a: Garganacl|Leftovers|[from] move: Knock Off|[of] p2a: Greedent
|
|-damage|p2a: Greedent|82/100|[from] Salt Cure
|upkeep
|turn|8
|
|t:|1757946568
|move|p1a: Garganacl|Substitute|p1a: Garganacl
|-start|p1a: Garganacl|Substitute
|-damage|p1a: Garganacl|64/100
|move|p2a: Greedent|Body Press|p1a: Garganacl
|-supereffective|p1a: Garganacl
|-end|p1a: Garganacl|Substitute
|
|-damage|p2a: Greedent|70/100|[from] Salt Cure
|upkeep
|turn|9
|
|t:|1757946579
|move|p1a: Garganacl|Recover|p1a: Garganacl
|-heal|p1a: Garganacl|100/100
|move|p2a: Greedent|Body Press|p1a: Garganacl
|-supereffective|p1a: Garganacl
|-damage|p1a: Garganacl|39/100
|
|-damage|p2a: Greedent|58/100|[from] Salt Cure
|upkeep
|turn|10
|
|t:|1757946588
|move|p1a: Garganacl|Substitute|p1a: Garganacl
|-start|p1a: Garganacl|Substitute
|-damage|p1a: Garganacl|14/100
|move|p2a: Greedent|Body Press|p1a: Garganacl
|-supereffective|p1a: Garganacl
|-end|p1a: Garganacl|Substitute
|
|-damage|p2a: Greedent|45/100|[from] Salt Cure
|upkeep
|turn|11
|
|t:|1757946597
|move|p1a: Garganacl|Recover|p1a: Garganacl
|-heal|p1a: Garganacl|64/100
|move|p2a: Greedent|Body Press|p1a: Garganacl
|-supereffective|p1a: Garganacl
|-damage|p1a: Garganacl|0 fnt
|faint|p1a: Garganacl
|
|-damage|p2a: Greedent|33/100|[from] Salt Cure
|upkeep
|
|t:|1757946602
|switch|p1a: Iron Valiant|Iron Valiant|100/100
|-enditem|p1a: Iron Valiant|Booster Energy
|-activate|p1a: Iron Valiant|ability: Quark Drive|[fromitem]
|-start|p1a: Iron Valiant|quarkdrivespe
|turn|12
|
|t:|1757946612
|move|p1a: Iron Valiant|Swords Dance|p1a: Iron Valiant
|-boost|p1a: Iron Valiant|atk|2
|move|p2a: Greedent|Super Fang|p1a: Iron Valiant
|-damage|p1a: Iron Valiant|51/100
|
|-damage|p2a: Greedent|21/100|[from] Salt Cure
|upkeep
|turn|13
|
|t:|1757946624
|move|p1a: Iron Valiant|Spirit Break|p2a: Greedent
|-damage|p2a: Greedent|3/100
|-unboost|p2a: Greedent|spa|1
|move|p2a: Greedent|Super Fang|p1a: Iron Valiant
|-damage|p1a: Iron Valiant|26/100
|
|-damage|p2a: Greedent|0 fnt|[from] Salt Cure
|faint|p2a: Greedent
|upkeep
|
|t:|1757946635
|switch|p2a: Indeedee|Indeedee, M|100/100
|-damage|p2a: Indeedee|88/100|[from] Stealth Rock
|-fieldstart|move: Psychic Terrain|[from] ability: Psychic Surge|[of] p2a: Indeedee
|turn|14
|
|t:|1757946642
|move|p1a: Iron Valiant|Knock Off|p2a: Indeedee
|-supereffective|p2a: Indeedee
|-damage|p2a: Indeedee|0 fnt
|-enditem|p2a: Indeedee|Choice Scarf|[from] move: Knock Off|[of] p1a: Iron Valiant
|faint|p2a: Indeedee
|
|upkeep
|
|t:|1757946650
|switch|p2a: Hawlucha|Hawlucha, M|100/100
|-damage|p2a: Hawlucha|88/100|[from] Stealth Rock
|-enditem|p2a: Hawlucha|Psychic Seed
|-boost|p2a: Hawlucha|spd|1|[from] item: Psychic Seed
|turn|15
|
|t:|1757946657
|move|p2a: Hawlucha|Acrobatics|p1a: Iron Valiant
|-supereffective|p1a: Iron Valiant
|-damage|p1a: Iron Valiant|0 fnt
|faint|p1a: Iron Valiant
|-end|p1a: Iron Valiant|Quark Drive|[silent]
|
|upkeep
|
|t:|1757946662
|switch|p1a: Dragapult|Dragapult, M|100/100
|turn|16
|
|t:|1757946667
|-terastallize|p2a: Hawlucha|Dark
|-terastallize|p1a: Dragapult|Dragon
|move|p2a: Hawlucha|Throat Chop|p1a: Dragapult
|-damage|p1a: Dragapult|52/100
|-start|p1a: Dragapult|Throat Chop|[silent]
|move|p1a: Dragapult|Dragon Darts|p2a: Hawlucha
|-damage|p2a: Hawlucha|19/100
|-anim|p1a: Dragapult|Dragon Darts|p2a: Hawlucha
|-damage|p2a: Hawlucha|0 fnt
|faint|p2a: Hawlucha
|
|upkeep
|
|t:|1757946681
|switch|p2a: Malamar|Malamar, F|100/100
|-damage|p2a: Malamar|88/100|[from] Stealth Rock
|turn|17
|
|t:|1757946686
|move|p2a: Malamar|Knock Off|p1a: Dragapult
|-damage|p1a: Dragapult|0 fnt
|-enditem|p1a: Dragapult|Draco Plate|[from] move: Knock Off|[of] p2a: Malamar
|faint|p1a: Dragapult
|
|upkeep
|
|t:|1757946697
|switch|p1a: Weavile|Weavile, M|100/100
|-ability|p1a: Weavile|Pressure
|turn|18
|
|t:|1757946702
|switch|p2a: Glimmora|Glimmora, F|5/100
|-damage|p2a: Glimmora|0 fnt|[from] Stealth Rock
|faint|p2a: Glimmora
|move|p1a: Weavile|Swords Dance|p1a: Weavile
|-boost|p1a: Weavile|atk|2
|
|-fieldend|move: Psychic Terrain
|upkeep
|
|t:|1757946711
|switch|p2a: Malamar|Malamar, F|88/100
|-damage|p2a: Malamar|76/100|[from] Stealth Rock
|turn|19
|
|t:|1757946716
|move|p2a: Malamar|Knock Off|p1a: Weavile
|-resisted|p1a: Weavile
|-damage|p1a: Weavile|67/100
|-enditem|p1a: Weavile|Wide Lens|[from] move: Knock Off|[of] p2a: Malamar
|move|p1a: Weavile|Triple Axel|p2a: Malamar
|-damage|p2a: Malamar|51/100
|-damage|p2a: Malamar|3/100
|-damage|p2a: Malamar|0 fnt
|faint|p2a: Malamar
|-hitcount|p2: Malamar|3
|
|win|Mr.dinguery
|raw|Mr.dinguery's rating: 1231 &rarr; <strong>1254</strong><br />(+23 for winning)
|raw|DeCompaniu's rating: 1209 &rarr; <strong>1186</strong><br />(-23 for losing)
|l|☆DeCompaniu
|player|p2|
|l|☆Mr.dinguery
|player|p1|
