|j|☆mooch99
|j|☆motorskk
|t:|1757819097
|gametype|singles
|player|p1|mooch99|unknown|1674
|player|p2|motorskk|battlegirl-gen4|1665
|gen|9
|tier|[Gen 9] OU
|rated|
|rule|HP Percentage Mod: HP is shown in percentages
|rule|Endless Battle Clause: Forcing endless battles is banned
|rule|Species Clause: Limit one of each Pokémon
|rule|OHKO Clause: OHKO moves are banned
|rule|Evasion Items Clause: Evasion items are banned
|rule|Evasion Moves Clause: Evasion moves are banned
|rule|Evasion Abilities Clause: Evasion abilities are banned
|rule|Sleep Moves Clause: Sleep-inducing moves are banned
|clearpoke
|poke|p1|Ninetales-Alola, M|
|poke|p1|Ogerpon-Wellspring, F|
|poke|p1|Iron Treads|
|poke|p1|Kyurem|
|poke|p1|Gliscor, F|
|poke|p1|Polteageist|
|poke|p2|Iron Hands|
|poke|p2|Ninetales-Alola, F|
|poke|p2|Raging Bolt|
|poke|p2|Landorus-Therian, M|
|poke|p2|Polteageist|
|poke|p2|Kingambit, F|
|teampreview
|inactive|Battle timer is ON: inactive players will automatically lose when time's up. (requested by motorskk)
|inactive|mooch99 also wants the timer to be on.
|j| LuLuNaNaRaRa
|
|t:|1757819103
|teamsize|p1|6
|teamsize|p2|6
|start
|switch|p1a: Iron Treads|Iron Treads|100/100
|switch|p2a: Ninetales|Ninetales-Alola, F|100/100
|-weather|Snowscape|[from] ability: Snow Warning|[of] p2a: Ninetales
|-enditem|p1a: Iron Treads|Booster Energy
|-activate|p1a: Iron Treads|ability: Quark Drive|[fromitem]
|-start|p1a: Iron Treads|quarkdrivespe
|turn|1
|
|t:|1757819112
|switch|p2a: Iron Hands|Iron Hands|100/100
|move|p1a: Iron Treads|Steel Beam|p2a: Iron Hands
|-resisted|p2a: Iron Hands
|-damage|p2a: Iron Hands|80/100
|-damage|p1a: Iron Treads|50/100|[from] steelbeam
|
|-weather|Snowscape|[upkeep]
|upkeep
|turn|2
|
|t:|1757819120
|move|p1a: Iron Treads|Stealth Rock|p2a: Iron Hands
|-sidestart|p2: motorskk|move: Stealth Rock
|move|p2a: Iron Hands|Drain Punch|p1a: Iron Treads
|-supereffective|p1a: Iron Treads
|-damage|p1a: Iron Treads|0 fnt
|-heal|p2a: Iron Hands|98/100|[from] drain|[of] p1a: Iron Treads
|faint|p1a: Iron Treads
|-end|p1a: Iron Treads|Quark Drive|[silent]
|
|-weather|Snowscape|[upkeep]
|upkeep
|
|t:|1757819131
|switch|p1a: Ninetales|Ninetales-Alola, M|100/100
|turn|3
|
|t:|1757819135
|-end|p2a: Iron Hands|Quark Drive|[silent]
|switch|p2a: Ninetales|Ninetales-Alola, F|100/100
|-damage|p2a: Ninetales|76/100|[from] Stealth Rock
|move|p1a: Ninetales|Aurora Veil|p1a: Ninetales
|-sidestart|p1: mooch99|move: Aurora Veil
|
|-weather|Snowscape|[upkeep]
|upkeep
|turn|4
|inactive|mooch99 has 120 seconds left.
|
|t:|1757819169
|switch|p1a: Ogerpon|Ogerpon-Wellspring, F|100/100
|move|p2a: Ninetales|Aurora Veil|p2a: Ninetales
|-sidestart|p2: motorskk|move: Aurora Veil
|
|-weather|Snowscape|[upkeep]
|upkeep
|turn|5
|
|t:|1757819180
|switch|p2a: Raging Bolt|Raging Bolt|100/100
|-damage|p2a: Raging Bolt|88/100|[from] Stealth Rock
|-enditem|p2a: Raging Bolt|Booster Energy
|-activate|p2a: Raging Bolt|ability: Protosynthesis|[fromitem]
|-start|p2a: Raging Bolt|protosynthesisspa
|move|p1a: Ogerpon|Ivy Cudgel|p2a: Raging Bolt|[anim] Ivy Cudgel Water
|-resisted|p2a: Raging Bolt
|-damage|p2a: Raging Bolt|75/100
|
|-weather|none
|upkeep
|turn|6
|
|t:|1757819192
|move|p1a: Ogerpon|Play Rough|p2a: Raging Bolt
|-supereffective|p2a: Raging Bolt
|-damage|p2a: Raging Bolt|41/100
|move|p2a: Raging Bolt|Calm Mind|p2a: Raging Bolt
|-boost|p2a: Raging Bolt|spa|1
|-boost|p2a: Raging Bolt|spd|1
|
|upkeep
|turn|7
|inactive|mooch99 has 120 seconds left.
|
|t:|1757819218
|move|p1a: Ogerpon|Play Rough|p2a: Raging Bolt|[miss]
|-miss|p1a: Ogerpon|p2a: Raging Bolt
|move|p2a: Raging Bolt|Thunderbolt|p1a: Ogerpon
|-damage|p1a: Ogerpon|44/100
|
|upkeep
|turn|8
|
|t:|1757819230
|move|p2a: Raging Bolt|Thunderclap|p1a: Ogerpon
|-damage|p1a: Ogerpon|0 fnt
|faint|p1a: Ogerpon
|
|upkeep
|
|t:|1757819240
|switch|p1a: Ninetales|Ninetales-Alola, M|100/100
|-weather|Snowscape|[from] ability: Snow Warning|[of] p1a: Ninetales
|turn|9
|
|t:|1757819252
|move|p1a: Ninetales|Encore|p2a: Raging Bolt
|-start|p2a: Raging Bolt|Encore
|move|p2a: Raging Bolt|Thunderclap||[still]
|-fail|p2a: Raging Bolt
|
|-weather|Snowscape|[upkeep]
|upkeep
|turn|10
|inactive|mooch99 has 120 seconds left.
|
|t:|1757819270
|switch|p1a: Gliscor|Gliscor, F|100/100
|-end|p2a: Raging Bolt|Protosynthesis|[silent]
|switch|p2a: Ninetales|Ninetales-Alola, F|76/100
|-damage|p2a: Ninetales|51/100|[from] Stealth Rock
|
|-weather|Snowscape|[upkeep]
|-sideend|p1: mooch99|move: Aurora Veil
|-status|p1a: Gliscor|tox|[from] item: Toxic Orb
|upkeep
|turn|11
|
|t:|1757819280
|switch|p1a: Ninetales|Ninetales-Alola, M|100/100
|move|p2a: Ninetales|Freeze-Dry|p1a: Ninetales
|-resisted|p1a: Ninetales
|-damage|p1a: Ninetales|91/100
|
|-weather|Snowscape|[upkeep]
|-sideend|p2: motorskk|move: Aurora Veil
|upkeep
|turn|12
|
|t:|1757819303
|move|p1a: Ninetales|Aurora Veil|p1a: Ninetales
|-sidestart|p1: mooch99|move: Aurora Veil
|move|p2a: Ninetales|Aurora Veil|p2a: Ninetales
|-sidestart|p2: motorskk|move: Aurora Veil
|
|-weather|Snowscape|[upkeep]
|upkeep
|turn|13
|inactive|mooch99 has 120 seconds left.
|
|t:|1757819351
|switch|p2a: Kingambit|Kingambit, F|100/100
|-damage|p2a: Kingambit|94/100|[from] Stealth Rock
|-item|p2a: Kingambit|Air Balloon
|switch|p1a: Polteageist|Polteageist|100/100
|
|-weather|none
|upkeep
|turn|14
|
|t:|1757819361
|move|p1a: Polteageist|Shell Smash|p1a: Polteageist
|-unboost|p1a: Polteageist|def|1
|-unboost|p1a: Polteageist|spd|1
|-boost|p1a: Polteageist|atk|2
|-boost|p1a: Polteageist|spa|2
|-boost|p1a: Polteageist|spe|2
|-enditem|p1a: Polteageist|White Herb
|-clearnegativeboost|p1a: Polteageist|[silent]
|move|p2a: Kingambit|Kowtow Cleave|p1a: Polteageist
|-supereffective|p1a: Polteageist
|-damage|p1a: Polteageist|42/100
|
|upkeep
|turn|15
|inactive|motorskk has 120 seconds left.
|inactive|mooch99 has 90 seconds left.
|
|t:|1757819407
|-end|p2a: Kingambit|fallenundefined|[silent]
|switch|p2a: Landorus|Landorus-Therian, M|100/100
|-damage|p2a: Landorus|88/100|[from] Stealth Rock
|-ability|p2a: Landorus|Intimidate|boost
|-unboost|p1a: Polteageist|atk|1
|-terastallize|p1a: Polteageist|Fighting
|move|p1a: Polteageist|Strength Sap|p2a: Landorus
|-unboost|p2a: Landorus|atk|1
|-heal|p1a: Polteageist|100/100
|
|upkeep
|turn|16
|inactive|mooch99 has 90 seconds left.
|inactive|motorskk has 90 seconds left.
|
|t:|1757819439
|move|p1a: Polteageist|Shadow Ball|p2a: Landorus
|-damage|p2a: Landorus|40/100
|move|p2a: Landorus|U-turn|p1a: Polteageist
|-resisted|p1a: Polteageist
|-damage|p1a: Polteageist|95/100
|-start|p2a: Landorus|Disable|U-turn|[from] ability: Cursed Body|[of] p1a: Polteageist
|
|t:|1757819454
|switch|p2a: Iron Hands|Iron Hands|98/100|[from] U-turn
|-damage|p2a: Iron Hands|91/100|[from] Stealth Rock
|
|upkeep
|turn|17
|
|t:|1757819477
|move|p1a: Polteageist|Shadow Ball|p2a: Iron Hands
|-damage|p2a: Iron Hands|61/100
|-unboost|p2a: Iron Hands|spd|1
|move|p2a: Iron Hands|Swords Dance|p2a: Iron Hands
|-boost|p2a: Iron Hands|atk|2
|
|upkeep
|turn|18
|inactive|motorskk has 90 seconds left.
|
|t:|1757819492
|move|p1a: Polteageist|Shadow Ball|p2a: Iron Hands
|-damage|p2a: Iron Hands|15/100
|-unboost|p2a: Iron Hands|spd|1
|move|p2a: Iron Hands|Drain Punch|p1a: Polteageist
|-damage|p1a: Polteageist|45/100
|-heal|p2a: Iron Hands|33/100|[from] drain|[of] p1a: Polteageist
|-start|p2a: Iron Hands|Disable|Drain Punch|[from] ability: Cursed Body|[of] p1a: Polteageist
|
|upkeep
|turn|19
|inactive|motorskk has 90 seconds left.
|inactive|mooch99 has 60 seconds left.
|
|t:|1757819508
|move|p1a: Polteageist|Strength Sap|p2a: Iron Hands
|-unboost|p2a: Iron Hands|atk|1
|-heal|p1a: Polteageist|100/100
|move|p2a: Iron Hands|Thunder Punch|p1a: Polteageist
|-damage|p1a: Polteageist|59/100
|
|-sideend|p2: motorskk|move: Aurora Veil
|-sideend|p1: mooch99|move: Aurora Veil
|upkeep
|turn|20
|inactive|motorskk has 90 seconds left.
|inactive|motorskk has 60 seconds left.
|
|t:|1757819567
|-end|p2a: Iron Hands|Quark Drive|[silent]
|switch|p2a: Landorus|Landorus-Therian, M|40/100
|-damage|p2a: Landorus|28/100|[from] Stealth Rock
|-ability|p2a: Landorus|Intimidate|boost
|-unboost|p1a: Polteageist|atk|1
|move|p1a: Polteageist|Shadow Ball|p2a: Landorus
|-damage|p2a: Landorus|0 fnt
|faint|p2a: Landorus
|
|upkeep
|inactive|motorskk has 30 seconds left.
|
|t:|1757819589
|switch|p2a: Kingambit|Kingambit, F|94/100
|-damage|p2a: Kingambit|88/100|[from] Stealth Rock
|-activate|p2a: Kingambit|ability: Supreme Overlord
|-start|p2a: Kingambit|fallen1|[silent]
|-item|p2a: Kingambit|Air Balloon
|turn|21
|inactive|motorskk has 30 seconds left.
|
|t:|1757819604
|-terastallize|p2a: Kingambit|Ghost
|move|p1a: Polteageist|Tera Blast|p2a: Kingambit|[anim] Tera Blast Fighting
|-immune|p2a: Kingambit
|move|p2a: Kingambit|Iron Head|p1a: Polteageist
|-damage|p1a: Polteageist|0 fnt
|faint|p1a: Polteageist
|
|upkeep
|
|t:|1757819618
|switch|p1a: Ninetales|Ninetales-Alola, M|91/100
|-weather|Snowscape|[from] ability: Snow Warning|[of] p1a: Ninetales
|turn|22
|inactive|motorskk has 30 seconds left.
|inactive|motorskk has 20 seconds left.
|inactive|motorskk has 15 seconds left.
|
|t:|1757819645
|move|p1a: Ninetales|Aurora Veil|p1a: Ninetales
|-sidestart|p1: mooch99|move: Aurora Veil
|move|p2a: Kingambit|Iron Head|p1a: Ninetales
|-supereffective|p1a: Ninetales
|-damage|p1a: Ninetales|12/100
|
|-weather|Snowscape|[upkeep]
|upkeep
|turn|23
|inactive|motorskk has 25 seconds left this turn.
|inactive|motorskk has 20 seconds left.
|inactive|motorskk has 15 seconds left.
|
|t:|1757819657
|move|p1a: Ninetales|Foul Play|p2a: Kingambit
|-supereffective|p2a: Kingambit
|-damage|p2a: Kingambit|28/100
|-enditem|p2a: Kingambit|Air Balloon
|move|p2a: Kingambit|Iron Head|p1a: Ninetales
|-supereffective|p1a: Ninetales
|-damage|p1a: Ninetales|0 fnt
|faint|p1a: Ninetales
|
|-weather|Snowscape|[upkeep]
|upkeep
|
|t:|1757819678
|switch|p1a: Kyurem|Kyurem|100/100
|-ability|p1a: Kyurem|Pressure
|turn|24
|inactive|motorskk has 30 seconds left this turn.
|inactive|motorskk has 20 seconds left.
|inactive|motorskk has 15 seconds left.
|inactive|motorskk has 10 seconds left.
|inactive|motorskk has 5 seconds left.
|
|t:|1757819707
|move|p1a: Kyurem|Dragon Dance|p1a: Kyurem
|-boost|p1a: Kyurem|atk|1
|-boost|p1a: Kyurem|spe|1
|move|p2a: Kingambit|Iron Head|p1a: Kyurem
|-supereffective|p1a: Kyurem
|-damage|p1a: Kyurem|66/100
|
|-weather|Snowscape|[upkeep]
|upkeep
|turn|25
|inactive|motorskk has 15 seconds left this turn.
|inactive|motorskk has 10 seconds left.
|inactive|motorskk has 5 seconds left.
|
|t:|1757819718
|move|p1a: Kyurem|Icicle Spear|p2a: Kingambit
|-damage|p2a: Kingambit|12/100
|-damage|p2a: Kingambit|0 fnt
|faint|p2a: Kingambit
|-end|p2a: Kingambit|fallen1|[silent]
|-hitcount|p2: Kingambit|2
|
|-weather|Snowscape|[upkeep]
|upkeep
|inactive|motorskk has 10 seconds left this turn.
|inactive|motorskk has 5 seconds left.
|-message|motorskk lost due to inactivity.
|
|win|mooch99
|raw|mooch99's rating: 1674 &rarr; <strong>1693</strong><br />(+19 for winning)
|raw|motorskk's rating: 1665 &rarr; <strong>1646</strong><br />(-19 for losing)
|l|☆motorskk
|player|p2|
|l|☆mooch99
|player|p1|
|l| LuLuNaNaRaRa
