|j|☆whydusk
|j|☆loppypoppy5112
|t:|1757814857
|gametype|singles
|player|p1|whydusk|collector|1152
|player|p2|loppypoppy5112|fisherman-gen4|1131
|gen|9
|tier|[Gen 9] OU
|rated|
|rule|HP Percentage Mod: HP is shown in percentages
|rule|Endless Battle Clause: Forcing endless battles is banned
|rule|Species Clause: Limit one of each Pokémon
|rule|OHKO Clause: OHKO moves are banned
|rule|Evasion Items Clause: Evasion items are banned
|rule|Evasion Moves Clause: Evasion moves are banned
|rule|Evasion Abilities Clause: Evasion abilities are banned
|rule|Sleep Moves Clause: Sleep-inducing moves are banned
|clearpoke
|poke|p1|Milotic, M|
|poke|p1|Gyarados, M|
|poke|p1|Arbok, F|
|poke|p1|Serperior, F|
|poke|p1|Seviper, F|
|poke|p1|Dunsparce, M|
|poke|p2|Kingambit, M|
|poke|p2|Thundurus, M|
|poke|p2|Samurott-Hisui, F|
|poke|p2|Slowking-Galar, F|
|poke|p2|Iron Moth|
|poke|p2|Great Tusk|
|teampreview
|j| foughtorpheus8
|inactive|Battle timer is ON: inactive players will automatically lose when time's up. (requested by whydusk)
|inactive|loppypoppy5112 also wants the timer to be on.
|
|t:|1757814874
|teamsize|p1|6
|teamsize|p2|6
|start
|switch|p1a: Dunsparce|Dunsparce, M|100/100
|switch|p2a: Thundurus|Thundurus, M|100/100
|turn|1
|
|t:|1757814883
|move|p2a: Thundurus|Taunt|p1a: Dunsparce
|-start|p1a: Dunsparce|move: Taunt
|cant|p1a: Dunsparce|move: Taunt|Stealth Rock
|
|upkeep
|turn|2
|
|t:|1757814889
|move|p2a: Thundurus|Thunder Wave|p1a: Dunsparce|[miss]
|-miss|p2a: Thundurus|p1a: Dunsparce
|move|p1a: Dunsparce|Body Slam|p2a: Thundurus
|-damage|p2a: Thundurus|49/100
|
|upkeep
|turn|3
|
|t:|1757814898
|switch|p2a: Slowking|Slowking-Galar, F|100/100
|move|p1a: Dunsparce|Body Slam|p2a: Slowking
|-damage|p2a: Slowking|66/100
|-status|p2a: Slowking|par
|
|-heal|p2a: Slowking|72/100 par|[from] item: Leftovers
|-end|p1a: Dunsparce|move: Taunt
|upkeep
|turn|4
|
|t:|1757814908
|move|p1a: Dunsparce|Stealth Rock|p2a: Slowking
|-sidestart|p2: loppypoppy5112|move: Stealth Rock
|move|p2a: Slowking|Thunder Wave|p1a: Dunsparce
|-status|p1a: Dunsparce|par
|
|-heal|p2a: Slowking|78/100 par|[from] item: Leftovers
|upkeep
|turn|5
|
|t:|1757814917
|move|p1a: Dunsparce|Lunge|p2a: Slowking
|-damage|p2a: Slowking|59/100 par
|-unboost|p2a: Slowking|atk|1
|-prepare|p2a: Slowking|Chilly Reception|[premajor]
|cant|p2a: Slowking|par
|
|-heal|p2a: Slowking|65/100 par|[from] item: Leftovers
|upkeep
|turn|6
|
|t:|1757814927
|move|p1a: Dunsparce|Body Slam|p2a: Slowking
|-damage|p2a: Slowking|33/100 par
|-prepare|p2a: Slowking|Chilly Reception|[premajor]
|cant|p2a: Slowking|par
|
|-heal|p2a: Slowking|39/100 par|[from] item: Leftovers
|upkeep
|turn|7
|
|t:|1757814935
|move|p1a: Dunsparce|Body Slam|p2a: Slowking
|-damage|p2a: Slowking|6/100 par
|-prepare|p2a: Slowking|Chilly Reception|[premajor]
|cant|p2a: Slowking|par
|
|-heal|p2a: Slowking|12/100 par|[from] item: Leftovers
|upkeep
|turn|8
|
|t:|1757814944
|switch|p2a: Great Tusk|Great Tusk, shiny|100/100
|-damage|p2a: Great Tusk|98/100|[from] Stealth Rock
|-enditem|p2a: Great Tusk|Booster Energy
|-activate|p2a: Great Tusk|ability: Protosynthesis|[fromitem]
|-start|p2a: Great Tusk|protosynthesisatk
|move|p1a: Dunsparce|Body Slam|p2a: Great Tusk
|-damage|p2a: Great Tusk|75/100
|-status|p2a: Great Tusk|par
|
|upkeep
|turn|9
|
|t:|1757814955
|move|p2a: Great Tusk|Rapid Spin|p1a: Dunsparce
|-damage|p1a: Dunsparce|76/100 par
|-boost|p2a: Great Tusk|spe|1
|-sideend|p2: loppypoppy5112|Stealth Rock|[from] move: Rapid Spin|[of] p2a: Great Tusk
|move|p1a: Dunsparce|Lunge|p2a: Great Tusk
|-resisted|p2a: Great Tusk
|-damage|p2a: Great Tusk|68/100 par
|-unboost|p2a: Great Tusk|atk|1
|
|-heal|p1a: Dunsparce|82/100 par|[from] item: Leftovers
|upkeep
|turn|10
|
|t:|1757814967
|move|p2a: Great Tusk|Close Combat|p1a: Dunsparce
|-supereffective|p1a: Dunsparce
|-damage|p1a: Dunsparce|0 fnt
|-unboost|p2a: Great Tusk|def|1
|-unboost|p2a: Great Tusk|spd|1
|faint|p1a: Dunsparce
|
|upkeep
|inactive|whydusk has 120 seconds left.
|
|t:|1757814992
|switch|p1a: Gyarados|Gyarados, M|100/100
|turn|11
|
|t:|1757814999
|-end|p2a: Great Tusk|Protosynthesis|[silent]
|switch|p2a: Samurott|Samurott-Hisui, F|100/100
|move|p1a: Gyarados|Waterfall|p2a: Samurott
|-resisted|p2a: Samurott
|-damage|p2a: Samurott|71/100
|
|upkeep
|turn|12
|
|t:|1757815012
|switch|p1a: Seviper|Seviper, F|100/100
|move|p2a: Samurott|Ceaseless Edge|p1a: Seviper
|-damage|p1a: Seviper|32/100
|-sidestart|p1: whydusk|Spikes
|
|upkeep
|turn|13
|
|t:|1757815020
|move|p2a: Samurott|Ceaseless Edge|p1a: Seviper
|-damage|p1a: Seviper|0 fnt
|-sidestart|p1: whydusk|Spikes
|faint|p1a: Seviper
|
|upkeep
|
|t:|1757815028
|switch|p1a: Arbok|Arbok, F|100/100
|-damage|p1a: Arbok|84/100|[from] Spikes
|-ability|p1a: Arbok|Intimidate|boost
|-unboost|p2a: Samurott|atk|1
|turn|14
|
|t:|1757815034
|move|p2a: Samurott|Ceaseless Edge|p1a: Arbok
|-damage|p1a: Arbok|29/100
|-sidestart|p1: whydusk|Spikes
|move|p1a: Arbok|Trailblaze|p2a: Samurott
|-supereffective|p2a: Samurott
|-damage|p2a: Samurott|23/100
|-boost|p1a: Arbok|spe|1
|-damage|p1a: Arbok|19/100|[from] item: Life Orb
|
|upkeep
|turn|15
|
|t:|1757815045
|move|p1a: Arbok|Sucker Punch|p2a: Samurott
|-resisted|p2a: Samurott
|-damage|p2a: Samurott|7/100
|-damage|p1a: Arbok|9/100|[from] item: Life Orb
|move|p2a: Samurott|Sucker Punch||[still]
|-fail|p2a: Samurott
|
|upkeep
|turn|16
|
|t:|1757815054
|move|p1a: Arbok|Sucker Punch|p2a: Samurott
|-resisted|p2a: Samurott
|-damage|p2a: Samurott|0 fnt
|faint|p2a: Samurott
|-damage|p1a: Arbok|0 fnt|[from] item: Life Orb
|faint|p1a: Arbok
|
|upkeep
|
|t:|1757815069
|switch|p2a: Thundurus|Thundurus, M|49/100
|switch|p1a: Gyarados|Gyarados, M|100/100
|turn|17
|
|t:|1757815078
|switch|p1a: Serperior|Serperior, F|100/100
|-damage|p1a: Serperior|76/100|[from] Spikes
|move|p2a: Thundurus|Thunderbolt|p1a: Serperior
|-resisted|p1a: Serperior
|-damage|p1a: Serperior|49/100
|-status|p1a: Serperior|par
|
|upkeep
|turn|18
|
|t:|1757815088
|switch|p2a: Slowking|Slowking-Galar, F|46/100 par
|move|p1a: Serperior|Glare|p2a: Slowking
|-fail|p2a: Slowking|par
|
|-heal|p2a: Slowking|52/100 par|[from] item: Leftovers
|upkeep
|turn|19
|
|t:|1757815097
|move|p1a: Serperior|Leech Seed|p2a: Slowking
|-start|p2a: Slowking|move: Leech Seed
|-prepare|p2a: Slowking|Chilly Reception|[premajor]
|move|p2a: Slowking|Chilly Reception|p2a: Slowking
|-weather|Snowscape
|
|t:|1757815101
|switch|p2a: Thundurus|Thundurus, M|49/100|[from] Chilly Reception
|
|-weather|Snowscape|[upkeep]
|upkeep
|turn|20
|
|t:|1757815108
|move|p2a: Thundurus|Taunt|p1a: Serperior
|-start|p1a: Serperior|move: Taunt
|cant|p1a: Serperior|move: Taunt|Glare
|
|-weather|Snowscape|[upkeep]
|upkeep
|turn|21
|
|t:|1757815123
|switch|p2a: Slowking|Slowking-Galar, F|85/100 par
|move|p1a: Serperior|Dragon Pulse|p2a: Slowking
|-damage|p2a: Slowking|72/100 par
|
|-weather|Snowscape|[upkeep]
|-heal|p2a: Slowking|78/100 par|[from] item: Leftovers
|upkeep
|turn|22
|
|t:|1757815132
|move|p1a: Serperior|Leaf Storm|p2a: Slowking
|-resisted|p2a: Slowking
|-damage|p2a: Slowking|62/100 par
|-boost|p1a: Serperior|spa|2
|move|p2a: Slowking|Sludge Bomb|p1a: Serperior
|-supereffective|p1a: Serperior
|-damage|p1a: Serperior|0 fnt
|faint|p1a: Serperior
|
|-weather|Snowscape|[upkeep]
|-heal|p2a: Slowking|69/100 par|[from] item: Leftovers
|upkeep
|
|t:|1757815145
|switch|p1a: Gyarados|Gyarados, M|100/100
|turn|23
|
|t:|1757815149
|move|p1a: Gyarados|Dragon Dance|p1a: Gyarados
|-boost|p1a: Gyarados|atk|1
|-boost|p1a: Gyarados|spe|1
|move|p2a: Slowking|Thunder Wave|p1a: Gyarados
|-status|p1a: Gyarados|par
|
|-weather|none
|-heal|p2a: Slowking|75/100 par|[from] item: Leftovers
|upkeep
|turn|24
|
|t:|1757815160
|cant|p1a: Gyarados|par
|-prepare|p2a: Slowking|Chilly Reception|[premajor]
|move|p2a: Slowking|Chilly Reception|p2a: Slowking
|-weather|Snowscape
|
|t:|1757815164
|switch|p2a: Thundurus|Thundurus, M|49/100|[from] Chilly Reception
|
|-weather|Snowscape|[upkeep]
|upkeep
|turn|25
|
|t:|1757815177
|move|p2a: Thundurus|Thunderbolt|p1a: Gyarados
|-supereffective|p1a: Gyarados
|-damage|p1a: Gyarados|0 fnt
|faint|p1a: Gyarados
|
|-weather|Snowscape|[upkeep]
|upkeep
|
|t:|1757815184
|switch|p1a: Milotic|Milotic, M|100/100
|-damage|p1a: Milotic|76/100|[from] Spikes
|turn|26
|
|t:|1757815199
|move|p2a: Thundurus|Thunderbolt|p1a: Milotic
|-supereffective|p1a: Milotic
|-damage|p1a: Milotic|28/100
|move|p1a: Milotic|Mirror Coat|p2a: Thundurus
|-damage|p2a: Thundurus|0 fnt
|faint|p2a: Thundurus
|
|-weather|Snowscape|[upkeep]
|upkeep
|
|t:|1757815205
|switch|p2a: Slowking|Slowking-Galar, F|100/100 par
|turn|27
|
|t:|1757815213
|move|p1a: Milotic|Scald|p2a: Slowking
|-damage|p2a: Slowking|85/100 par
|move|p2a: Slowking|Thunder Wave|p1a: Milotic
|-status|p1a: Milotic|par
|
|-weather|Snowscape|[upkeep]
|-heal|p2a: Slowking|91/100 par|[from] item: Leftovers
|upkeep
|turn|28
|c|☆loppypoppy5112|you enjoying the show foughtorpheus8
|c| foughtorpheus8|yes i am
|-message|whydusk forfeited.
|
|win|loppypoppy5112
|raw|whydusk's rating: 1152 &rarr; <strong>1125</strong><br />(-27 for losing)
|raw|loppypoppy5112's rating: 1131 &rarr; <strong>1158</strong><br />(+27 for winning)
|l|☆whydusk
|player|p1|
|c|☆loppypoppy5112|lol
|l|☆loppypoppy5112
|player|p2|
|l| foughtorpheus8
