|j|☆AkidaCrispy
|j|☆RainingFlamigos
|t:|1757866388
|gametype|singles
|player|p1|AkidaCrispy|clerkf|1432
|player|p2|RainingFlamigos|blue|1442
|gen|9
|tier|[Gen 9] OU
|rated|
|rule|HP Percentage Mod: HP is shown in percentages
|rule|Endless Battle Clause: Forcing endless battles is banned
|rule|Species Clause: Limit one of each Pokémon
|rule|OHKO Clause: OHKO moves are banned
|rule|Evasion Items Clause: Evasion items are banned
|rule|Evasion Moves Clause: Evasion moves are banned
|rule|Evasion Abilities Clause: Evasion abilities are banned
|rule|Sleep Moves Clause: Sleep-inducing moves are banned
|clearpoke
|poke|p1|Scizor, F|
|poke|p1|Hydrapple, F|
|poke|p1|Landorus-Therian, M|
|poke|p1|Samurott-Hisui, M|
|poke|p1|Pecharunt|
|poke|p1|Darkrai|
|poke|p2|Flamigo, M|
|poke|p2|Garganacl, M|
|poke|p2|Slowking-Galar, F|
|poke|p2|Great Tusk|
|poke|p2|Zapdos|
|poke|p2|Kingambit, M|
|teampreview
|inactive|Battle timer is ON: inactive players will automatically lose when time's up. (requested by RainingFlamigos)
|
|t:|1757866403
|teamsize|p1|6
|teamsize|p2|6
|start
|switch|p1a: Landorus|Landorus-Therian, M|100/100
|switch|p2a: Zapdos|Zapdos|100/100
|-ability|p1a: Landorus|Intimidate|boost
|-unboost|p2a: Zapdos|atk|1
|turn|1
|
|t:|1757866407
|move|p1a: Landorus|Stealth Rock|p2a: Zapdos
|-sidestart|p2: RainingFlamigos|move: Stealth Rock
|move|p2a: Zapdos|Roost||[still]
|-fail|p2a: Zapdos|heal
|
|upkeep
|turn|2
|
|t:|1757866412
|move|p1a: Landorus|Taunt|p2a: Zapdos
|-start|p2a: Zapdos|move: Taunt
|move|p2a: Zapdos|Hurricane|p1a: Landorus
|-damage|p1a: Landorus|50/100
|
|upkeep
|turn|3
|
|t:|1757866420
|switch|p1a: Samurott|Samurott-Hisui, M, shiny|100/100
|move|p2a: Zapdos|U-turn|p1a: Samurott
|-supereffective|p1a: Samurott
|-damage|p1a: Samurott|83/100
|
|t:|1757866424
|switch|p2a: Mi Amigo <3|Flamigo, M, shiny|100/100|[from] U-turn
|-damage|p2a: Mi Amigo <3|88/100|[from] Stealth Rock
|
|upkeep
|turn|4
|
|t:|1757866429
|switch|p1a: Landorus|Landorus-Therian, M|50/100
|-ability|p1a: Landorus|Intimidate|boost
|-fail|p2a: Mi Amigo <3|unboost|Attack|[from] ability: Scrappy|[of] p2a: Mi Amigo <3
|move|p2a: Mi Amigo <3|U-turn|p1a: Landorus
|-resisted|p1a: Landorus
|-damage|p1a: Landorus|38/100
|-damage|p2a: Mi Amigo <3|72/100|[from] item: Rocky Helmet|[of] p1a: Landorus
|
|t:|1757866435
|switch|p2a: Zapdos|Zapdos|100/100|[from] U-turn
|
|upkeep
|turn|5
|
|t:|1757866449
|switch|p1a: Samurott|Samurott-Hisui, M, shiny|83/100
|move|p2a: Zapdos|Hurricane|p1a: Samurott|[miss]
|-miss|p2a: Zapdos|p1a: Samurott
|
|upkeep
|turn|6
|
|t:|1757866453
|move|p2a: Zapdos|Discharge|p1a: Samurott
|-supereffective|p1a: Samurott
|-damage|p1a: Samurott|38/100
|move|p1a: Samurott|Knock Off|p2a: Zapdos
|-damage|p2a: Zapdos|70/100
|-enditem|p2a: Zapdos|Heavy-Duty Boots|[from] move: Knock Off|[of] p1a: Samurott
|
|upkeep
|turn|7
|
|t:|1757866461
|move|p2a: Zapdos|Roost|p2a: Zapdos
|-heal|p2a: Zapdos|100/100
|-singleturn|p2a: Zapdos|move: Roost
|move|p1a: Samurott|Ceaseless Edge|p2a: Zapdos
|-damage|p2a: Zapdos|69/100
|-sidestart|p2: RainingFlamigos|Spikes
|
|upkeep
|turn|8
|
|t:|1757866465
|move|p2a: Zapdos|Discharge|p1a: Samurott
|-supereffective|p1a: Samurott
|-damage|p1a: Samurott|0 fnt
|faint|p1a: Samurott
|
|upkeep
|inactive|AkidaCrispy has 120 seconds left.
|
|t:|1757866499
|switch|p1a: Darkrai|Darkrai|100/100
|turn|9
|
|t:|1757866502
|move|p1a: Darkrai|Ice Beam|p2a: Zapdos
|-supereffective|p2a: Zapdos
|-damage|p2a: Zapdos|8/100
|move|p2a: Zapdos|Discharge|p1a: Darkrai
|-damage|p1a: Darkrai|56/100
|
|upkeep
|turn|10
|
|t:|1757866511
|switch|p2a: Garganacl|Garganacl, M|100/100
|-damage|p2a: Garganacl|88/100|[from] Stealth Rock
|-damage|p2a: Garganacl|76/100|[from] Spikes
|move|p1a: Darkrai|Dark Pulse|p2a: Garganacl
|-damage|p2a: Garganacl|50/100
|
|-heal|p2a: Garganacl|56/100|[from] item: Leftovers
|upkeep
|turn|11
|
|t:|1757866527
|switch|p1a: Hydrapple|Hydrapple, F, shiny|100/100
|move|p2a: Garganacl|Salt Cure|p1a: Hydrapple
|-damage|p1a: Hydrapple|90/100
|-start|p1a: Hydrapple|Salt Cure
|
|-heal|p2a: Garganacl|62/100|[from] item: Leftovers
|-damage|p1a: Hydrapple|78/100|[from] Salt Cure
|upkeep
|turn|12
|
|t:|1757866531
|switch|p2a: Slowking|Slowking-Galar, F|100/100
|move|p1a: Hydrapple|Nasty Plot|p1a: Hydrapple
|-boost|p1a: Hydrapple|spa|2
|
|-damage|p1a: Hydrapple|66/100|[from] Salt Cure
|upkeep
|turn|13
|
|t:|1757866535
|move|p1a: Hydrapple|Earth Power|p2a: Slowking
|-supereffective|p2a: Slowking
|-damage|p2a: Slowking|26/100
|-prepare|p2a: Slowking|Chilly Reception|[premajor]
|move|p2a: Slowking|Chilly Reception|p2a: Slowking
|-weather|Snowscape
|
|t:|1757866539
|switch|p2a: Great Tusk|Great Tusk|100/100|[from] Chilly Reception
|
|-weather|Snowscape|[upkeep]
|-damage|p1a: Hydrapple|53/100|[from] Salt Cure
|upkeep
|turn|14
|
|t:|1757866546
|switch|p1a: Pecharunt|Pecharunt|100/100
|move|p2a: Great Tusk|Knock Off|p1a: Pecharunt
|-supereffective|p1a: Pecharunt
|-damage|p1a: Pecharunt|59/100
|-enditem|p1a: Pecharunt|Heavy-Duty Boots|[from] move: Knock Off|[of] p2a: Great Tusk
|
|-weather|Snowscape|[upkeep]
|upkeep
|turn|15
|
|t:|1757866571
|-end|p2a: Great Tusk|Protosynthesis|[silent]
|switch|p2a: Slowking|Slowking-Galar, F|59/100
|move|p1a: Pecharunt|Recover|p1a: Pecharunt
|-heal|p1a: Pecharunt|100/100
|
|-weather|Snowscape|[upkeep]
|upkeep
|turn|16
|l|☆AkidaCrispy
|inactive|AkidaCrispy disconnected and has a minute to reconnect!
|player|p1|
|inactive|RainingFlamigos has 120 seconds left.
|
|t:|1757866596
|move|p1a: Pecharunt|Parting Shot|p2a: Slowking
|-unboost|p2a: Slowking|atk|1
|-unboost|p2a: Slowking|spa|1
|inactive|AkidaCrispy has 30 seconds to reconnect!
|inactive|AkidaCrispy has 20 seconds to reconnect!
|inactive|AkidaCrispy has 15 seconds to reconnect!
|inactive|AkidaCrispy has 10 seconds to reconnect!
|inactive|AkidaCrispy has 5 seconds to reconnect!
|-message|AkidaCrispy lost due to inactivity.
|
|win|RainingFlamigos
|raw|AkidaCrispy's rating: 1432 &rarr; <strong>1413</strong><br />(-19 for losing)
|raw|RainingFlamigos's rating: 1442 &rarr; <strong>1461</strong><br />(+19 for winning)
|l|☆RainingFlamigos
|player|p2|
