|j|☆aiden022688
|j|☆TheGuardianB
|inactive|Battle timer is ON: inactive players will automatically lose when time's up.
|t:|1757943793
|gametype|singles
|player|p1|aiden022688|2|
|player|p2|TheGuardianB|169|
|gen|9
|tier|[Gen 9] OU
|rated|Tournament battle
|rule|HP Percentage Mod: HP is shown in percentages
|rule|Endless Battle Clause: Forcing endless battles is banned
|rule|Species Clause: Limit one of each Pokémon
|rule|OHKO Clause: OHKO moves are banned
|rule|Evasion Items Clause: Evasion items are banned
|rule|Evasion Moves Clause: Evasion moves are banned
|rule|Evasion Abilities Clause: Evasion abilities are banned
|rule|Sleep Moves Clause: Sleep-inducing moves are banned
|raw|<div class="infobox"><details class="readmore"><summary><strong>15 custom rules:</strong></summary> -burmy, -caterpie, -combee, -kricketot, -magikarp, -scatterbug, -sunkern, -tynamo, -typenull, -weedle, -wurmple, -cosmog, -blipbug, -snom, -wynaut</details></div>
|clearpoke
|poke|p1|Cyndaquil, F|
|poke|p1|Venomoth, M|
|poke|p1|Bulbasaur, M|
|poke|p1|Pikachu, F|
|poke|p2|Mudbray, M|
|poke|p2|Galvantula, M|
|poke|p2|Mareanie, F|
|poke|p2|Cloyster, F|
|teampreview
|j|*Lady Monita ☀
|inactive|aiden022688 also wants the timer to be on.
|c|☆TheGuardianB|glhf
|
|t:|1757943803
|teamsize|p1|4
|teamsize|p2|4
|start
|switch|p1a: Cyndaquil|Cyndaquil, F|100/100
|switch|p2a: Mudbray|Mudbray, M|100/100
|turn|1
|
|t:|1757943806
|move|p1a: Cyndaquil|Eruption|p2a: Mudbray
|-damage|p2a: Mudbray|53/100
|-ability|p2a: Mudbray|Stamina|boost
|-boost|p2a: Mudbray|def|1
|move|p2a: Mudbray|Stealth Rock|p1a: Cyndaquil
|-sidestart|p1: aiden022688|move: Stealth Rock
|
|upkeep
|turn|2
|
|t:|1757943811
|-terastallize|p1a: Cyndaquil|Fire
|move|p1a: Cyndaquil|Eruption|p2a: Mudbray
|-damage|p2a: Mudbray|0 fnt
|faint|p2a: Mudbray
|
|upkeep
|
|t:|1757943815
|switch|p2a: Cloyster|Cloyster, F|100/100
|turn|3
|
|t:|1757943817
|move|p1a: Cyndaquil|Eruption|p2a: Cloyster
|-damage|p2a: Cloyster|0 fnt
|faint|p2a: Cloyster
|
|upkeep
|
|t:|1757943824
|switch|p2a: Mareanie|Mareanie, F|100/100
|turn|4
|
|t:|1757943829
|move|p1a: Cyndaquil|Eruption|p2a: Mareanie
|-resisted|p2a: Mareanie
|-damage|p2a: Mareanie|62/100
|move|p2a: Mareanie|Liquidation|p1a: Cyndaquil
|-supereffective|p1a: Cyndaquil
|-damage|p1a: Cyndaquil|0 fnt
|faint|p1a: Cyndaquil
|
|upkeep
|
|t:|1757943834
|switch|p1a: Pikachu|Pikachu, F|100/100
|-damage|p1a: Pikachu|88/100|[from] Stealth Rock
|turn|5
|
|t:|1757943842
|-terastallize|p2a: Mareanie|Dark
|move|p1a: Pikachu|Volt Tackle|p2a: Mareanie
|-damage|p2a: Mareanie|11/100
|-damage|p1a: Pikachu|64/100|[from] Recoil
|move|p2a: Mareanie|Toxic|p1a: Pikachu
|-status|p1a: Pikachu|tox
|
|-damage|p1a: Pikachu|58/100 tox|[from] psn
|upkeep
|turn|6
|
|t:|1757943850
|move|p2a: Mareanie|Protect|p2a: Mareanie
|-singleturn|p2a: Mareanie|Protect
|move|p1a: Pikachu|Volt Tackle|p2a: Mareanie
|-activate|p2a: Mareanie|move: Protect
|
|-damage|p1a: Pikachu|46/100 tox|[from] psn
|upkeep
|turn|7
|
|t:|1757943854
|switch|p2a: Galvantula|Galvantula, M|100/100
|move|p1a: Pikachu|Volt Tackle|p2a: Galvantula
|-resisted|p2a: Galvantula
|-damage|p2a: Galvantula|30/100
|-damage|p1a: Pikachu|14/100 tox|[from] Recoil
|
|-damage|p1a: Pikachu|0 fnt|[from] psn
|faint|p1a: Pikachu
|upkeep
|
|t:|1757943857
|switch|p1a: Venomoth|Venomoth, M|100/100
|-damage|p1a: Venomoth|76/100|[from] Stealth Rock
|turn|8
|
|t:|1757943866
|move|p2a: Galvantula|Thunder|p1a: Venomoth
|-damage|p1a: Venomoth|0 fnt
|faint|p1a: Venomoth
|
|upkeep
|
|t:|1757943869
|switch|p1a: Bulbasaur|Bulbasaur, M|100/100
|-damage|p1a: Bulbasaur|88/100|[from] Stealth Rock
|turn|9
|
|t:|1757943874
|switch|p2a: Mareanie|Mareanie, F, tera:Dark|44/100
|move|p1a: Bulbasaur|Sludge Bomb|p2a: Mareanie
|-damage|p2a: Mareanie|5/100
|
|upkeep
|turn|10
|
|t:|1757943880
|move|p1a: Bulbasaur|Sludge Bomb|p2a: Mareanie
|-damage|p2a: Mareanie|0 fnt
|faint|p2a: Mareanie
|
|upkeep
|
|t:|1757943881
|switch|p2a: Galvantula|Galvantula, M|30/100
|turn|11
|
|t:|1757943885
|move|p2a: Galvantula|Bug Buzz|p1a: Bulbasaur
|-damage|p1a: Bulbasaur|10/100
|move|p1a: Bulbasaur|Sludge Bomb|p2a: Galvantula
|-damage|p2a: Galvantula|0 fnt
|faint|p2a: Galvantula
|
|win|aiden022688
|n|☆aiden022688|aiden022688
|n|☆TheGuardianB|theguardianb
|n|*Lady Monita ☀|ladymonita
