|j|☆Newt 2099
|j|☆arhg955
|t:|1757861672
|gametype|singles
|player|p1|Newt 2099|lucas|1203
|player|p2|arhg955|lucas|1181
|gen|9
|tier|[Gen 9] OU
|rated|
|rule|HP Percentage Mod: HP is shown in percentages
|rule|Endless Battle Clause: Forcing endless battles is banned
|rule|Species Clause: Limit one of each Pokémon
|rule|OHKO Clause: OHKO moves are banned
|rule|Evasion Items Clause: Evasion items are banned
|rule|Evasion Moves Clause: Evasion moves are banned
|rule|Evasion Abilities Clause: Evasion abilities are banned
|rule|Sleep Moves Clause: Sleep-inducing moves are banned
|clearpoke
|poke|p1|Chesnaught, M|
|poke|p1|Sableye, M|
|poke|p1|Great Tusk|
|poke|p1|Chansey, F|
|poke|p1|Alomomola, F|
|poke|p1|Haxorus, M|
|poke|p2|Dragapult, F|
|poke|p2|Kingambit, F|
|poke|p2|Dondozo, M|
|poke|p2|Great Tusk|
|poke|p2|Iron Valiant|
|poke|p2|Walking Wake|
|teampreview
|inactive|Battle timer is ON: inactive players will automatically lose when time's up. (requested by arhg955)
|
|t:|1757861681
|teamsize|p1|6
|teamsize|p2|6
|start
|switch|p1a: Sableye|Sableye, M|100/100
|switch|p2a: Walking Wake|Walking Wake|100/100
|turn|1
|
|t:|1757861691
|move|p1a: Sableye|Light Screen|p1a: Sableye
|-sidestart|p1: Newt 2099|move: Light Screen
|move|p2a: Walking Wake|Hydro Steam|p1a: Sableye
|-damage|p1a: Sableye|67/100
|
|upkeep
|turn|2
|
|t:|1757861700
|-terastallize|p2a: Walking Wake|Water
|move|p1a: Sableye|Reflect|p1a: Sableye
|-sidestart|p1: Newt 2099|Reflect
|move|p2a: Walking Wake|Hydro Steam|p1a: Sableye
|-damage|p1a: Sableye|24/100
|
|upkeep
|turn|3
|
|t:|1757861708
|switch|p1a: Alomomola|Alomomola, F, shiny|100/100
|move|p2a: Walking Wake|Hydro Steam|p1a: Alomomola
|-resisted|p1a: Alomomola
|-damage|p1a: Alomomola|86/100
|
|-heal|p1a: Alomomola|93/100|[from] item: Leftovers
|upkeep
|turn|4
|
|t:|1757861726
|-end|p2a: Walking Wake|Protosynthesis|[silent]
|switch|p2a: Iron Valiant|Iron Valiant|100/100
|-enditem|p2a: Iron Valiant|Booster Energy
|-activate|p2a: Iron Valiant|ability: Quark Drive|[fromitem]
|-start|p2a: Iron Valiant|quarkdrivespe
|move|p1a: Alomomola|Flip Turn|p2a: Iron Valiant
|-damage|p2a: Iron Valiant|78/100
|
|t:|1757861735
|switch|p1a: Chesnaught|Chesnaught, M|100/100|[from] Flip Turn
|
|upkeep
|turn|5
|
|t:|1757861747
|move|p2a: Iron Valiant|Moonblast|p1a: Chesnaught
|-supereffective|p1a: Chesnaught
|-damage|p1a: Chesnaught|58/100
|move|p1a: Chesnaught|Leech Seed|p2a: Iron Valiant
|-start|p2a: Iron Valiant|move: Leech Seed
|
|-heal|p1a: Chesnaught|64/100|[from] item: Leftovers
|-damage|p2a: Iron Valiant|65/100|[from] Leech Seed|[of] p1a: Chesnaught
|-heal|p1a: Chesnaught|73/100|[silent]
|upkeep
|turn|6
|
|t:|1757861756
|move|p1a: Chesnaught|Spiky Shield|p1a: Chesnaught
|-singleturn|p1a: Chesnaught|move: Protect
|move|p2a: Iron Valiant|Moonblast|p1a: Chesnaught
|-activate|p1a: Chesnaught|move: Protect
|
|-heal|p1a: Chesnaught|79/100|[from] item: Leftovers
|-damage|p2a: Iron Valiant|53/100|[from] Leech Seed|[of] p1a: Chesnaught
|-heal|p1a: Chesnaught|89/100|[silent]
|upkeep
|turn|7
|
|t:|1757861766
|switch|p1a: Alomomola|Alomomola, F, shiny|100/100
|move|p2a: Iron Valiant|Moonblast|p1a: Alomomola
|-damage|p1a: Alomomola|86/100
|
|-heal|p1a: Alomomola|92/100|[from] item: Leftovers
|-damage|p2a: Iron Valiant|40/100|[from] Leech Seed|[of] p1a: Alomomola
|-heal|p1a: Alomomola|99/100|[silent]
|upkeep
|turn|8
|
|t:|1757861780
|-end|p2a: Iron Valiant|Quark Drive|[silent]
|switch|p2a: Dondozo|Dondozo, M|100/100
|move|p1a: Alomomola|Flip Turn|p2a: Dondozo
|-resisted|p2a: Dondozo
|-damage|p2a: Dondozo|95/100
|
|t:|1757861785
|switch|p1a: Sableye|Sableye, M|24/100|[from] Flip Turn
|
|-sideend|p1: Newt 2099|move: Light Screen
|upkeep
|turn|9
|
|t:|1757861793
|move|p1a: Sableye|Recover|p1a: Sableye
|-heal|p1a: Sableye|74/100
|move|p2a: Dondozo|Curse|p2a: Dondozo
|-unboost|p2a: Dondozo|spe|1
|-boost|p2a: Dondozo|atk|1
|-boost|p2a: Dondozo|def|1
|
|-sideend|p1: Newt 2099|Reflect
|upkeep
|turn|10
|
|t:|1757861805
|move|p1a: Sableye|Reflect|p1a: Sableye
|-sidestart|p1: Newt 2099|Reflect
|move|p2a: Dondozo|Curse|p2a: Dondozo
|-unboost|p2a: Dondozo|spe|1
|-boost|p2a: Dondozo|atk|1
|-boost|p2a: Dondozo|def|1
|
|upkeep
|turn|11
|
|t:|1757861812
|move|p1a: Sableye|Will-O-Wisp|p2a: Dondozo
|-status|p2a: Dondozo|brn
|move|p2a: Dondozo|Curse|p2a: Dondozo
|-unboost|p2a: Dondozo|spe|1
|-boost|p2a: Dondozo|atk|1
|-boost|p2a: Dondozo|def|1
|
|-damage|p2a: Dondozo|89/100 brn|[from] brn
|upkeep
|turn|12
|
|t:|1757861822
|switch|p1a: Chesnaught|Chesnaught, M|89/100
|move|p2a: Dondozo|Curse|p2a: Dondozo
|-unboost|p2a: Dondozo|spe|1
|-boost|p2a: Dondozo|atk|1
|-boost|p2a: Dondozo|def|1
|
|-heal|p1a: Chesnaught|95/100|[from] item: Leftovers
|-damage|p2a: Dondozo|83/100 brn|[from] brn
|upkeep
|turn|13
|
|t:|1757861834
|move|p1a: Chesnaught|Leech Seed|p2a: Dondozo
|-start|p2a: Dondozo|move: Leech Seed
|move|p2a: Dondozo|Wave Crash|p1a: Chesnaught
|-resisted|p1a: Chesnaught
|-damage|p1a: Chesnaught|83/100
|-damage|p2a: Dondozo|80/100 brn|[from] Recoil
|
|-heal|p1a: Chesnaught|89/100|[from] item: Leftovers
|-damage|p2a: Dondozo|67/100 brn|[from] Leech Seed|[of] p1a: Chesnaught
|-heal|p1a: Chesnaught|100/100|[silent]
|-damage|p2a: Dondozo|61/100 brn|[from] brn
|upkeep
|turn|14
|
|t:|1757861847
|move|p1a: Chesnaught|Body Press|p2a: Dondozo
|-damage|p2a: Dondozo|52/100 brn
|move|p2a: Dondozo|Rest|p2a: Dondozo
|-status|p2a: Dondozo|slp|[from] move: Rest
|-heal|p2a: Dondozo|100/100 slp|[silent]
|-enditem|p2a: Dondozo|Chesto Berry|[eat]
|-curestatus|p2a: Dondozo|slp|[msg]
|
|-damage|p2a: Dondozo|88/100|[from] Leech Seed|[of] p1a: Chesnaught
|upkeep
|turn|15
|
|t:|1757861860
|switch|p2a: Walking Wake|Walking Wake, tera:Water|100/100
|move|p1a: Chesnaught|Iron Defense|p1a: Chesnaught
|-boost|p1a: Chesnaught|def|2
|
|upkeep
|turn|16
|
|t:|1757861869
|switch|p1a: Chansey|Chansey, F|100/100
|move|p2a: Walking Wake|Flamethrower|p1a: Chansey
|-damage|p1a: Chansey|91/100
|
|upkeep
|turn|17
|
|t:|1757861878
|-end|p2a: Walking Wake|Protosynthesis|[silent]
|switch|p2a: Dondozo|Dondozo, M|88/100
|move|p1a: Chansey|Thunder Wave|p2a: Dondozo
|-status|p2a: Dondozo|par
|
|-sideend|p1: Newt 2099|Reflect
|upkeep
|turn|18
|
|t:|1757861887
|switch|p1a: Sableye|Sableye, M|74/100
|move|p2a: Dondozo|Curse|p2a: Dondozo
|-unboost|p2a: Dondozo|spe|1
|-boost|p2a: Dondozo|atk|1
|-boost|p2a: Dondozo|def|1
|
|upkeep
|turn|19
|
|t:|1757861895
|move|p1a: Sableye|Reflect|p1a: Sableye
|-sidestart|p1: Newt 2099|Reflect
|move|p2a: Dondozo|Wave Crash|p1a: Sableye
|-damage|p1a: Sableye|18/100
|-damage|p2a: Dondozo|77/100 par|[from] Recoil
|
|upkeep
|turn|20
|
|t:|1757861909
|switch|p2a: Walking Wake|Walking Wake, tera:Water|100/100
|move|p1a: Sableye|Recover|p1a: Sableye
|-heal|p1a: Sableye|68/100
|
|upkeep
|turn|21
|
|t:|1757861921
|switch|p1a: Alomomola|Alomomola, F, shiny|100/100
|move|p2a: Walking Wake|Draco Meteor|p1a: Alomomola
|-damage|p1a: Alomomola|34/100
|-unboost|p2a: Walking Wake|spa|2
|
|-heal|p1a: Alomomola|40/100|[from] item: Leftovers
|upkeep
|turn|22
|
|t:|1757861931
|switch|p1a: Chansey|Chansey, F|91/100
|move|p2a: Walking Wake|Draco Meteor|p1a: Chansey
|-damage|p1a: Chansey|80/100
|-unboost|p2a: Walking Wake|spa|2
|
|upkeep
|turn|23
|
|t:|1757861943
|-end|p2a: Walking Wake|Protosynthesis|[silent]
|switch|p2a: Kingambit|Kingambit, F|100/100
|move|p1a: Chansey|Stealth Rock|p2a: Kingambit
|-sidestart|p2: arhg955|move: Stealth Rock
|
|upkeep
|turn|24
|
|t:|1757861952
|switch|p1a: Chesnaught|Chesnaught, M|100/100
|move|p2a: Kingambit|Kowtow Cleave|p1a: Chesnaught
|-resisted|p1a: Chesnaught
|-damage|p1a: Chesnaught|92/100
|
|-heal|p1a: Chesnaught|98/100|[from] item: Leftovers
|upkeep
|turn|25
|
|t:|1757861965
|-end|p2a: Kingambit|fallenundefined|[silent]
|switch|p2a: Dondozo|Dondozo, M|77/100 par
|-damage|p2a: Dondozo|64/100 par|[from] Stealth Rock
|move|p1a: Chesnaught|Leech Seed|p2a: Dondozo
|-start|p2a: Dondozo|move: Leech Seed
|
|-heal|p1a: Chesnaught|100/100|[from] item: Leftovers
|-damage|p2a: Dondozo|52/100 par|[from] Leech Seed|[of] p1a: Chesnaught
|upkeep
|turn|26
|
|t:|1757861976
|move|p1a: Chesnaught|Body Press|p2a: Dondozo
|-damage|p2a: Dondozo|24/100 par
|move|p2a: Dondozo|Rest|p2a: Dondozo
|-status|p2a: Dondozo|slp|[from] move: Rest
|-heal|p2a: Dondozo|100/100 slp|[silent]
|
|-damage|p2a: Dondozo|88/100 slp|[from] Leech Seed|[of] p1a: Chesnaught
|-sideend|p1: Newt 2099|Reflect
|upkeep
|turn|27
|
|t:|1757861989
|switch|p1a: Haxorus|Haxorus, M|100/100
|-ability|p1a: Haxorus|Mold Breaker
|switch|p2a: Walking Wake|Walking Wake, tera:Water|100/100
|-damage|p2a: Walking Wake|88/100|[from] Stealth Rock
|
|upkeep
|turn|28
|
|t:|1757862001
|switch|p1a: Chansey|Chansey, F|80/100
|move|p2a: Walking Wake|Draco Meteor|p1a: Chansey
|-damage|p1a: Chansey|57/100
|-unboost|p2a: Walking Wake|spa|2
|
|upkeep
|turn|29
|
|t:|1757862014
|-end|p2a: Walking Wake|Protosynthesis|[silent]
|switch|p2a: Dondozo|Dondozo, M|88/100 slp
|-damage|p2a: Dondozo|75/100 slp|[from] Stealth Rock
|move|p1a: Chansey|Seismic Toss|p2a: Dondozo
|-damage|p2a: Dondozo|56/100 slp
|
|upkeep
|turn|30
|
|t:|1757862024
|move|p1a: Chansey|Soft-Boiled|p1a: Chansey
|-heal|p1a: Chansey|100/100
|cant|p2a: Dondozo|slp
|
|upkeep
|turn|31
|
|t:|1757862033
|switch|p1a: Sableye|Sableye, M|68/100
|cant|p2a: Dondozo|slp
|move|p2a: Dondozo|Sleep Talk|p2a: Dondozo
|move|p2a: Dondozo|Rest||[from] move: Sleep Talk|[still]
|-fail|p2a: Dondozo
|
|upkeep
|turn|32
|
|t:|1757862042
|move|p1a: Sableye|Reflect|p1a: Sableye
|-sidestart|p1: Newt 2099|Reflect
|-curestatus|p2a: Dondozo|slp|[msg]
|move|p2a: Dondozo|Sleep Talk||[still]
|-fail|p2a: Dondozo
|
|upkeep
|turn|33
|
|t:|1757862053
|move|p1a: Sableye|Will-O-Wisp|p2a: Dondozo
|-status|p2a: Dondozo|brn
|move|p2a: Dondozo|Rest|p2a: Dondozo
|-status|p2a: Dondozo|slp|[from] move: Rest
|-heal|p2a: Dondozo|100/100 slp|[silent]
|
|upkeep
|turn|34
|c|☆Newt 2099|Zzzzz
|
|t:|1757862062
|move|p1a: Sableye|Light Screen|p1a: Sableye
|-sidestart|p1: Newt 2099|move: Light Screen
|cant|p2a: Dondozo|slp
|move|p2a: Dondozo|Sleep Talk|p2a: Dondozo
|move|p2a: Dondozo|Wave Crash|p1a: Sableye|[from] move: Sleep Talk
|-damage|p1a: Sableye|31/100
|-damage|p2a: Dondozo|93/100 slp|[from] Recoil
|
|upkeep
|turn|35
|
|t:|1757862071
|move|p1a: Sableye|Recover|p1a: Sableye
|-heal|p1a: Sableye|81/100
|cant|p2a: Dondozo|slp
|move|p2a: Dondozo|Sleep Talk|p2a: Dondozo
|move|p2a: Dondozo|Wave Crash|p1a: Sableye|[from] move: Sleep Talk
|-damage|p1a: Sableye|40/100
|-damage|p2a: Dondozo|85/100 slp|[from] Recoil
|
|upkeep
|turn|36
|c|☆arhg955|Its your fault
|c|☆arhg955|The one that began being gay it's You
|
|t:|1757862101
|move|p1a: Sableye|Recover|p1a: Sableye
|-heal|p1a: Sableye|90/100
|-curestatus|p2a: Dondozo|slp|[msg]
|move|p2a: Dondozo|Sleep Talk||[still]
|-fail|p2a: Dondozo
|
|upkeep
|turn|37
|
|t:|1757862110
|switch|p1a: Chesnaught|Chesnaught, M|100/100
|move|p2a: Dondozo|Wave Crash|p1a: Chesnaught
|-resisted|p1a: Chesnaught
|-damage|p1a: Chesnaught|93/100
|-damage|p2a: Dondozo|83/100|[from] Recoil
|
|-heal|p1a: Chesnaught|99/100|[from] item: Leftovers
|upkeep
|turn|38
|
|t:|1757862122
|switch|p2a: Walking Wake|Walking Wake, tera:Water|88/100
|-damage|p2a: Walking Wake|76/100|[from] Stealth Rock
|move|p1a: Chesnaught|Leech Seed|p2a: Walking Wake
|-start|p2a: Walking Wake|move: Leech Seed
|
|-heal|p1a: Chesnaught|100/100|[from] item: Leftovers
|-damage|p2a: Walking Wake|63/100|[from] Leech Seed|[of] p1a: Chesnaught
|upkeep
|turn|39
|
|t:|1757862137
|move|p1a: Chesnaught|Spiky Shield|p1a: Chesnaught
|-singleturn|p1a: Chesnaught|move: Protect
|move|p2a: Walking Wake|Draco Meteor|p1a: Chesnaught
|-activate|p1a: Chesnaught|move: Protect
|
|-damage|p2a: Walking Wake|51/100|[from] Leech Seed|[of] p1a: Chesnaught
|-sideend|p1: Newt 2099|Reflect
|upkeep
|turn|40
|c|☆Newt 2099|Zzzzz
|
|t:|1757862161
|switch|p1a: Chansey|Chansey, F|100/100
|move|p2a: Walking Wake|Draco Meteor|p1a: Chansey
|-damage|p1a: Chansey|89/100
|-unboost|p2a: Walking Wake|spa|2
|
|-damage|p2a: Walking Wake|39/100|[from] Leech Seed|[of] p1a: Chansey
|-heal|p1a: Chansey|95/100|[silent]
|upkeep
|turn|41
|c|☆arhg955|You fkn gay
|c|☆arhg955|Don't have tight to Say shit
|inactive|arhg955 has 120 seconds left.
|c|☆Newt 2099|Zzzzz
|c|☆Newt 2099|:)
|
|t:|1757862188
|move|p2a: Walking Wake|Draco Meteor|p1a: Chansey|[miss]
|-miss|p2a: Walking Wake|p1a: Chansey
|move|p1a: Chansey|Thunder Wave|p2a: Walking Wake
|-status|p2a: Walking Wake|par
|
|-damage|p2a: Walking Wake|26/100 par|[from] Leech Seed|[of] p1a: Chansey
|-heal|p1a: Chansey|100/100|[silent]
|-sideend|p1: Newt 2099|move: Light Screen
|upkeep
|turn|42
|inactive|arhg955 has 120 seconds left.
|
|t:|1757862198
|-end|p2a: Walking Wake|Protosynthesis|[silent]
|switch|p2a: Dondozo|Dondozo, M|83/100
|-damage|p2a: Dondozo|71/100|[from] Stealth Rock
|move|p1a: Chansey|Seismic Toss|p2a: Dondozo
|-damage|p2a: Dondozo|51/100
|
|upkeep
|turn|43
|inactive|arhg955 has 120 seconds left.
|c|☆Newt 2099|I Win
|inactive|Newt 2099 has 120 seconds left.
|c|☆Newt 2099|:)
|
|t:|1757862233
|switch|p1a: Chesnaught|Chesnaught, M|100/100
|move|p2a: Dondozo|Curse|p2a: Dondozo
|-unboost|p2a: Dondozo|spe|1
|-boost|p2a: Dondozo|atk|1
|-boost|p2a: Dondozo|def|1
|
|upkeep
|turn|44
|inactive|arhg955 has 120 seconds left.
|inactive|Newt 2099 has 120 seconds left.
|c|☆arhg955|Your team is still shit
|c|☆Newt 2099|My team is better
|inactive|arhg955 has 90 seconds left.
|c|☆Newt 2099|:)
|c|☆arhg955|You counter me
|c|☆arhg955|But is shit
|c|☆arhg955|Meta shit
|
|t:|1757862286
|move|p1a: Chesnaught|Leech Seed|p2a: Dondozo
|-start|p2a: Dondozo|move: Leech Seed
|move|p2a: Dondozo|Curse|p2a: Dondozo
|-unboost|p2a: Dondozo|spe|1
|-boost|p2a: Dondozo|atk|1
|-boost|p2a: Dondozo|def|1
|
|-damage|p2a: Dondozo|38/100|[from] Leech Seed|[of] p1a: Chesnaught
|upkeep
|turn|45
|inactive|Newt 2099 has 120 seconds left.
|
|t:|1757862297
|move|p1a: Chesnaught|Body Press|p2a: Dondozo
|-damage|p2a: Dondozo|25/100
|move|p2a: Dondozo|Rest|p2a: Dondozo
|-status|p2a: Dondozo|slp|[from] move: Rest
|-heal|p2a: Dondozo|100/100 slp|[silent]
|
|-damage|p2a: Dondozo|88/100 slp|[from] Leech Seed|[of] p1a: Chesnaught
|upkeep
|turn|46
|
|t:|1757862307
|move|p1a: Chesnaught|Spiky Shield|p1a: Chesnaught
|-singleturn|p1a: Chesnaught|move: Protect
|cant|p2a: Dondozo|slp
|move|p2a: Dondozo|Sleep Talk|p2a: Dondozo
|move|p2a: Dondozo|Rest||[from] move: Sleep Talk|[still]
|-fail|p2a: Dondozo
|
|-damage|p2a: Dondozo|75/100 slp|[from] Leech Seed|[of] p1a: Chesnaught
|upkeep
|turn|47
|inactive|arhg955 has 90 seconds left.
|
|t:|1757862318
|move|p1a: Chesnaught|Iron Defense|p1a: Chesnaught
|-boost|p1a: Chesnaught|def|2
|cant|p2a: Dondozo|slp
|move|p2a: Dondozo|Sleep Talk|p2a: Dondozo
|move|p2a: Dondozo|Rest||[from] move: Sleep Talk|[still]
|-fail|p2a: Dondozo
|
|-damage|p2a: Dondozo|63/100 slp|[from] Leech Seed|[of] p1a: Chesnaught
|upkeep
|turn|48
|inactive|arhg955 has 90 seconds left.
|
|t:|1757862329
|move|p1a: Chesnaught|Body Press|p2a: Dondozo
|-damage|p2a: Dondozo|50/100 slp
|-curestatus|p2a: Dondozo|slp|[msg]
|move|p2a: Dondozo|Curse|p2a: Dondozo
|-unboost|p2a: Dondozo|spe|1
|-boost|p2a: Dondozo|atk|1
|-boost|p2a: Dondozo|def|1
|
|-damage|p2a: Dondozo|37/100|[from] Leech Seed|[of] p1a: Chesnaught
|upkeep
|turn|49
|inactive|arhg955 has 90 seconds left.
|
|t:|1757862340
|move|p1a: Chesnaught|Spiky Shield|p1a: Chesnaught
|-singleturn|p1a: Chesnaught|move: Protect
|move|p2a: Dondozo|Curse|p2a: Dondozo
|-unboost|p2a: Dondozo|spe|1
|-boost|p2a: Dondozo|atk|1
|-boost|p2a: Dondozo|def|1
|
|-damage|p2a: Dondozo|25/100|[from] Leech Seed|[of] p1a: Chesnaught
|upkeep
|turn|50
|inactive|arhg955 has 90 seconds left.
|
|t:|1757862350
|move|p1a: Chesnaught|Body Press|p2a: Dondozo
|-damage|p2a: Dondozo|16/100
|move|p2a: Dondozo|Rest|p2a: Dondozo
|-status|p2a: Dondozo|slp|[from] move: Rest
|-heal|p2a: Dondozo|100/100 slp|[silent]
|
|-damage|p2a: Dondozo|88/100 slp|[from] Leech Seed|[of] p1a: Chesnaught
|upkeep
|turn|51
|inactive|arhg955 has 90 seconds left.
|
|t:|1757862370
|move|p1a: Chesnaught|Iron Defense|p1a: Chesnaught
|-boost|p1a: Chesnaught|def|2
|cant|p2a: Dondozo|slp
|move|p2a: Dondozo|Sleep Talk|p2a: Dondozo
|move|p2a: Dondozo|Wave Crash|p1a: Chesnaught|[from] move: Sleep Talk
|-resisted|p1a: Chesnaught
|-damage|p1a: Chesnaught|50/100
|-damage|p2a: Dondozo|75/100 slp|[from] Recoil
|
|-heal|p1a: Chesnaught|57/100|[from] item: Leftovers
|-damage|p2a: Dondozo|63/100 slp|[from] Leech Seed|[of] p1a: Chesnaught
|-heal|p1a: Chesnaught|73/100|[silent]
|upkeep
|turn|52
|inactive|arhg955 has 90 seconds left.
|
|t:|1757862386
|move|p1a: Chesnaught|Spiky Shield|p1a: Chesnaught
|-singleturn|p1a: Chesnaught|move: Protect
|cant|p2a: Dondozo|slp
|
|-heal|p1a: Chesnaught|79/100|[from] item: Leftovers
|-damage|p2a: Dondozo|50/100 slp|[from] Leech Seed|[of] p1a: Chesnaught
|-heal|p1a: Chesnaught|96/100|[silent]
|upkeep
|turn|53
|inactive|arhg955 has 90 seconds left.
|
|t:|1757862397
|move|p1a: Chesnaught|Iron Defense|p1a: Chesnaught
|-boost|p1a: Chesnaught|def|2
|-curestatus|p2a: Dondozo|slp|[msg]
|move|p2a: Dondozo|Wave Crash|p1a: Chesnaught
|-resisted|p1a: Chesnaught
|-damage|p1a: Chesnaught|46/100
|-damage|p2a: Dondozo|38/100|[from] Recoil
|
|-heal|p1a: Chesnaught|52/100|[from] item: Leftovers
|-damage|p2a: Dondozo|26/100|[from] Leech Seed|[of] p1a: Chesnaught
|-heal|p1a: Chesnaught|69/100|[silent]
|upkeep
|turn|54
|inactive|arhg955 has 90 seconds left.
|
|t:|1757862411
|move|p1a: Chesnaught|Body Press|p2a: Dondozo
|-damage|p2a: Dondozo|16/100
|move|p2a: Dondozo|Rest|p2a: Dondozo
|-status|p2a: Dondozo|slp|[from] move: Rest
|-heal|p2a: Dondozo|100/100 slp|[silent]
|
|-heal|p1a: Chesnaught|75/100|[from] item: Leftovers
|-damage|p2a: Dondozo|88/100 slp|[from] Leech Seed|[of] p1a: Chesnaught
|-heal|p1a: Chesnaught|92/100|[silent]
|upkeep
|turn|55
|inactive|arhg955 has 90 seconds left.
|
|t:|1757862423
|move|p1a: Chesnaught|Iron Defense|p1a: Chesnaught
|-boost|p1a: Chesnaught|def|0
|cant|p2a: Dondozo|slp
|move|p2a: Dondozo|Sleep Talk|p2a: Dondozo
|move|p2a: Dondozo|Wave Crash|p1a: Chesnaught|[from] move: Sleep Talk
|-resisted|p1a: Chesnaught
|-damage|p1a: Chesnaught|46/100
|-damage|p2a: Dondozo|77/100 slp|[from] Recoil
|
|-heal|p1a: Chesnaught|52/100|[from] item: Leftovers
|-damage|p2a: Dondozo|64/100 slp|[from] Leech Seed|[of] p1a: Chesnaught
|-heal|p1a: Chesnaught|68/100|[silent]
|upkeep
|turn|56
|inactive|arhg955 has 90 seconds left.
|
|t:|1757862438
|move|p1a: Chesnaught|Spiky Shield|p1a: Chesnaught
|-singleturn|p1a: Chesnaught|move: Protect
|cant|p2a: Dondozo|slp
|move|p2a: Dondozo|Sleep Talk|p2a: Dondozo
|move|p2a: Dondozo|Wave Crash|p1a: Chesnaught|[from] move: Sleep Talk
|-activate|p1a: Chesnaught|move: Protect
|-damage|p2a: Dondozo|52/100 slp|[from] Spiky Shield|[of] p1a: Chesnaught
|
|-heal|p1a: Chesnaught|74/100|[from] item: Leftovers
|-damage|p2a: Dondozo|39/100 slp|[from] Leech Seed|[of] p1a: Chesnaught
|-heal|p1a: Chesnaught|91/100|[silent]
|upkeep
|turn|57
|
|t:|1757862453
|move|p1a: Chesnaught|Spiky Shield||[still]
|-fail|p1a: Chesnaught
|-curestatus|p2a: Dondozo|slp|[msg]
|move|p2a: Dondozo|Curse|p2a: Dondozo
|-unboost|p2a: Dondozo|spe|1
|-boost|p2a: Dondozo|atk|1
|-boost|p2a: Dondozo|def|1
|
|-heal|p1a: Chesnaught|97/100|[from] item: Leftovers
|-damage|p2a: Dondozo|27/100|[from] Leech Seed|[of] p1a: Chesnaught
|-heal|p1a: Chesnaught|100/100|[silent]
|upkeep
|turn|58
|
|t:|1757862466
|move|p1a: Chesnaught|Body Press|p2a: Dondozo
|-damage|p2a: Dondozo|18/100
|move|p2a: Dondozo|Curse|p2a: Dondozo
|-unboost|p2a: Dondozo|spe|1
|-boost|p2a: Dondozo|atk|1
|-boost|p2a: Dondozo|def|1
|
|-damage|p2a: Dondozo|6/100|[from] Leech Seed|[of] p1a: Chesnaught
|upkeep
|turn|59
|
|t:|1757862476
|move|p1a: Chesnaught|Body Press|p2a: Dondozo
|-damage|p2a: Dondozo|0 fnt
|faint|p2a: Dondozo
|
|upkeep
|
|t:|1757862486
|switch|p2a: Dragapult|Dragapult, F|100/100
|-damage|p2a: Dragapult|88/100|[from] Stealth Rock
|turn|60
|c|☆Newt 2099|Give up now
|c|☆Newt 2099|ᕦ⁠(⁠ò⁠_⁠ó⁠ˇ⁠)⁠ᕤ
|inactive|Newt 2099 has 120 seconds left.
|
|t:|1757862520
|move|p1a: Chesnaught|Spiky Shield|p1a: Chesnaught
|-singleturn|p1a: Chesnaught|move: Protect
|move|p2a: Dragapult|Shadow Ball|p1a: Chesnaught
|-activate|p1a: Chesnaught|move: Protect
|
|upkeep
|turn|61
|inactive|arhg955 has 90 seconds left.
|c|☆arhg955|Do You find this entertaining?
|
|t:|1757862545
|switch|p1a: Chansey|Chansey, F|100/100
|move|p2a: Dragapult|Shadow Ball|p1a: Chansey
|-immune|p1a: Chansey
|
|upkeep
|turn|62
|inactive|Newt 2099 has 120 seconds left.
|c|☆Newt 2099|Yes
|
|t:|1757862570
|switch|p2a: Great Tusk|Great Tusk|100/100
|-damage|p2a: Great Tusk|98/100|[from] Stealth Rock
|move|p1a: Chansey|Thunder Wave|p2a: Great Tusk
|-immune|p2a: Great Tusk
|
|-heal|p2a: Great Tusk|100/100|[from] item: Leftovers
|upkeep
|turn|63
|
|t:|1757862588
|switch|p1a: Chesnaught|Chesnaught, M|100/100
|move|p2a: Great Tusk|Knock Off|p1a: Chesnaught
|-resisted|p1a: Chesnaught
|-damage|p1a: Chesnaught|92/100
|-enditem|p1a: Chesnaught|Leftovers|[from] move: Knock Off|[of] p2a: Great Tusk
|
|upkeep
|turn|64
|
|t:|1757862603
|switch|p1a: Sableye|Sableye, M|90/100
|move|p2a: Great Tusk|Close Combat|p1a: Sableye
|-immune|p1a: Sableye
|
|upkeep
|turn|65
|
|t:|1757862611
|move|p1a: Sableye|Will-O-Wisp|p2a: Great Tusk
|-status|p2a: Great Tusk|brn
|move|p2a: Great Tusk|Knock Off|p1a: Sableye
|-damage|p1a: Sableye|69/100
|-enditem|p1a: Sableye|Light Clay|[from] move: Knock Off|[of] p2a: Great Tusk
|
|-damage|p2a: Great Tusk|94/100 brn|[from] brn
|upkeep
|turn|66
|
|t:|1757862624
|move|p1a: Sableye|Reflect|p1a: Sableye
|-sidestart|p1: Newt 2099|Reflect
|move|p2a: Great Tusk|Headlong Rush|p1a: Sableye
|-damage|p1a: Sableye|50/100
|-unboost|p2a: Great Tusk|def|1
|-unboost|p2a: Great Tusk|spd|1
|
|-heal|p2a: Great Tusk|100/100 brn|[from] item: Leftovers
|-damage|p2a: Great Tusk|94/100 brn|[from] brn
|upkeep
|turn|67
|
|t:|1757862640
|move|p1a: Sableye|Recover|p1a: Sableye
|-heal|p1a: Sableye|99/100
|move|p2a: Great Tusk|Headlong Rush|p1a: Sableye
|-damage|p1a: Sableye|81/100
|-unboost|p2a: Great Tusk|def|1
|-unboost|p2a: Great Tusk|spd|1
|
|-heal|p2a: Great Tusk|100/100 brn|[from] item: Leftovers
|-damage|p2a: Great Tusk|94/100 brn|[from] brn
|upkeep
|turn|68
|c|☆Newt 2099|gg Bro
|
|t:|1757862656
|-end|p2a: Great Tusk|Protosynthesis|[silent]
|switch|p2a: Dragapult|Dragapult, F|88/100
|-damage|p2a: Dragapult|76/100|[from] Stealth Rock
|switch|p1a: Alomomola|Alomomola, F, shiny|73/100
|
|-heal|p1a: Alomomola|79/100|[from] item: Leftovers
|upkeep
|turn|69
|
|t:|1757862668
|move|p1a: Alomomola|Protect|p1a: Alomomola
|-singleturn|p1a: Alomomola|Protect
|move|p2a: Dragapult|U-turn|p1a: Alomomola
|-activate|p1a: Alomomola|move: Protect
|
|-heal|p1a: Alomomola|86/100|[from] item: Leftovers
|upkeep
|turn|70
|
|t:|1757862676
|move|p2a: Dragapult|U-turn|p1a: Alomomola
|-damage|p1a: Alomomola|72/100
|
|t:|1757862680
|switch|p2a: Kingambit|Kingambit, F|100/100|[from] U-turn
|-damage|p2a: Kingambit|94/100|[from] Stealth Rock
|-activate|p2a: Kingambit|ability: Supreme Overlord
|-start|p2a: Kingambit|fallen1|[silent]
|move|p1a: Alomomola|Flip Turn|p2a: Kingambit
|-damage|p2a: Kingambit|81/100
|
|t:|1757862687
|switch|p1a: Chesnaught|Chesnaught, M|92/100|[from] Flip Turn
|
|-sideend|p1: Newt 2099|Reflect
|upkeep
|turn|71
|
|t:|1757862698
|move|p1a: Chesnaught|Leech Seed|p2a: Kingambit
|-start|p2a: Kingambit|move: Leech Seed
|move|p2a: Kingambit|Swords Dance|p2a: Kingambit
|-boost|p2a: Kingambit|atk|2
|
|-damage|p2a: Kingambit|69/100|[from] Leech Seed|[of] p1a: Chesnaught
|-heal|p1a: Chesnaught|100/100|[silent]
|upkeep
|turn|72
|
|t:|1757862709
|move|p1a: Chesnaught|Iron Defense|p1a: Chesnaught
|-boost|p1a: Chesnaught|def|2
|move|p2a: Kingambit|Swords Dance|p2a: Kingambit
|-boost|p2a: Kingambit|atk|2
|
|-damage|p2a: Kingambit|57/100|[from] Leech Seed|[of] p1a: Chesnaught
|upkeep
|turn|73
|
|t:|1757862718
|move|p1a: Chesnaught|Body Press|p2a: Kingambit
|-supereffective|p2a: Kingambit
|-damage|p2a: Kingambit|0 fnt
|faint|p2a: Kingambit
|-end|p2a: Kingambit|fallen1|[silent]
|
|upkeep
|c|☆arhg955|Good read
|
|t:|1757862743
|switch|p2a: Iron Valiant|Iron Valiant|40/100
|-damage|p2a: Iron Valiant|34/100|[from] Stealth Rock
|turn|74
|
|t:|1757862759
|switch|p1a: Chansey|Chansey, F|100/100
|move|p2a: Iron Valiant|Moonblast|p1a: Chansey
|-damage|p1a: Chansey|92/100
|
|upkeep
|turn|75
|
|t:|1757862769
|switch|p1a: Alomomola|Alomomola, F, shiny|100/100
|move|p2a: Iron Valiant|Encore||[still]
|-fail|p2a: Iron Valiant
|
|upkeep
|turn|76
|inactive|arhg955 has 90 seconds left.
|
|t:|1757862779
|move|p2a: Iron Valiant|Moonblast|p1a: Alomomola
|-damage|p1a: Alomomola|75/100
|-unboost|p1a: Alomomola|spa|1
|move|p1a: Alomomola|Flip Turn|p2a: Iron Valiant
|-damage|p2a: Iron Valiant|13/100
|
|t:|1757862783
|switch|p1a: Chansey|Chansey, F|92/100|[from] Flip Turn
|
|upkeep
|turn|77
|
|t:|1757862792
|move|p2a: Iron Valiant|Close Combat|p1a: Chansey
|-supereffective|p1a: Chansey
|-damage|p1a: Chansey|0 fnt
|-unboost|p2a: Iron Valiant|def|1
|-unboost|p2a: Iron Valiant|spd|1
|faint|p1a: Chansey
|
|upkeep
|
|t:|1757862796
|switch|p1a: Alomomola|Alomomola, F, shiny|100/100
|turn|78
|
|t:|1757862807
|move|p2a: Iron Valiant|Moonblast|p1a: Alomomola
|-damage|p1a: Alomomola|72/100
|move|p1a: Alomomola|Flip Turn|p2a: Iron Valiant
|-damage|p2a: Iron Valiant|0 fnt
|faint|p2a: Iron Valiant
|-end|p2a: Iron Valiant|Quark Drive|[silent]
|
|t:|1757862816
|switch|p1a: Sableye|Sableye, M|81/100|[from] Flip Turn
|
|upkeep
|
|t:|1757862822
|switch|p2a: Dragapult|Dragapult, F|76/100
|-damage|p2a: Dragapult|64/100|[from] Stealth Rock
|turn|79
|inactive|Newt 2099 has 120 seconds left.
|c|☆Newt 2099|You're cool
|c|☆Newt 2099|:)
|inactive|Newt 2099 has 90 seconds left.
|c|☆arhg955|You too Even if i don't like stalling
|
|t:|1757862894
|move|p1a: Sableye|Light Screen|p1a: Sableye
|-sidestart|p1: Newt 2099|move: Light Screen
|move|p2a: Dragapult|Shadow Ball|p1a: Sableye
|-damage|p1a: Sableye|28/100
|
|upkeep
|turn|80
|
|t:|1757862900
|switch|p1a: Alomomola|Alomomola, F, shiny|100/100
|move|p2a: Dragapult|Shadow Ball|p1a: Alomomola
|-damage|p1a: Alomomola|63/100
|
|-heal|p1a: Alomomola|70/100|[from] item: Leftovers
|upkeep
|turn|81
|inactive|arhg955 has 120 seconds left.
|
|t:|1757862909
|move|p2a: Dragapult|Shadow Ball|p1a: Alomomola
|-damage|p1a: Alomomola|31/100
|move|p1a: Alomomola|Mirror Coat|p2a: Dragapult
|-damage|p2a: Dragapult|0 fnt
|faint|p2a: Dragapult
|
|-heal|p1a: Alomomola|37/100|[from] item: Leftovers
|upkeep
|inactive|arhg955 has 120 seconds left.
|
|t:|1757862919
|switch|p2a: Walking Wake|Walking Wake, tera:Water|26/100 par
|-damage|p2a: Walking Wake|14/100 par|[from] Stealth Rock
|turn|82
|inactive|arhg955 has 120 seconds left.
|inactive|Newt 2099 has 90 seconds left.
|c|☆Newt 2099|Sorry
|
|t:|1757862961
|switch|p1a: Sableye|Sableye, M|28/100
|move|p2a: Walking Wake|Draco Meteor|p1a: Sableye
|-damage|p1a: Sableye|0 fnt
|-unboost|p2a: Walking Wake|spa|2
|faint|p1a: Sableye
|
|upkeep
|
|t:|1757862964
|switch|p1a: Alomomola|Alomomola, F, shiny|70/100
|turn|83
|
|t:|1757862973
|cant|p2a: Walking Wake|par
|move|p1a: Alomomola|Flip Turn|p2a: Walking Wake
|-resisted|p2a: Walking Wake
|-damage|p2a: Walking Wake|5/100 par
|
|t:|1757862984
|switch|p1a: Haxorus|Haxorus, M|100/100|[from] Flip Turn
|-ability|p1a: Haxorus|Mold Breaker
|
|-sideend|p1: Newt 2099|move: Light Screen
|upkeep
|turn|84
|
|t:|1757862991
|move|p1a: Haxorus|Dragon Dance|p1a: Haxorus
|-boost|p1a: Haxorus|atk|1
|-boost|p1a: Haxorus|spe|1
|move|p2a: Walking Wake|Draco Meteor|p1a: Haxorus|[miss]
|-miss|p2a: Walking Wake|p1a: Haxorus
|
|upkeep
|turn|85
|
|t:|1757863001
|move|p1a: Haxorus|Iron Head|p2a: Walking Wake
|-resisted|p2a: Walking Wake
|-damage|p2a: Walking Wake|0 fnt
|faint|p2a: Walking Wake
|-end|p2a: Walking Wake|Protosynthesis|[silent]
|
|upkeep
|
|t:|1757863007
|switch|p2a: Great Tusk|Great Tusk|94/100 brn
|-damage|p2a: Great Tusk|91/100 brn|[from] Stealth Rock
|turn|86
|c|☆Newt 2099|You win
|c|☆Newt 2099|:)
|-message|Newt 2099 forfeited.
|
|win|arhg955
