|j|☆yunvy
|j|☆zCrisVGC
|t:|1757840038
|gametype|singles
|player|p1|yunvy|102|1117
|player|p2|zCrisVGC|shadowtriad|1127
|gen|9
|tier|[Gen 9] OU
|rated|
|rule|HP Percentage Mod: HP is shown in percentages
|rule|Endless Battle Clause: Forcing endless battles is banned
|rule|Species Clause: Limit one of each Pokémon
|rule|OHKO Clause: OHKO moves are banned
|rule|Evasion Items Clause: Evasion items are banned
|rule|Evasion Moves Clause: Evasion moves are banned
|rule|Evasion Abilities Clause: Evasion abilities are banned
|rule|Sleep Moves Clause: Sleep-inducing moves are banned
|clearpoke
|poke|p1|Iron Moth|
|poke|p1|Thundurus-Therian, M|
|poke|p1|Iron Boulder|
|poke|p1|Kingambit, M|
|poke|p1|Maushold|
|poke|p1|Araquanid, F|
|poke|p2|Breloom, M|
|poke|p2|Pikachu, F|
|poke|p2|Garchomp, F|
|poke|p2|Abomasnow, M|
|poke|p2|Malamar, F|
|poke|p2|Greninja-*, F|
|teampreview
|inactive|Battle timer is ON: inactive players will automatically lose when time's up. (requested by zCrisVGC)
|
|t:|1757840052
|teamsize|p1|6
|teamsize|p2|6
|start
|switch|p1a: Araquanid|Araquanid, F|100/100
|switch|p2a: Pikachu|Pikachu, F|100/100
|turn|1
|
|t:|1757840059
|move|p2a: Pikachu|Volt Tackle|p1a: Araquanid
|-supereffective|p1a: Araquanid
|-enditem|p1a: Araquanid|Focus Sash
|-damage|p1a: Araquanid|1/100
|-damage|p2a: Pikachu|52/100|[from] Recoil
|move|p1a: Araquanid|Sticky Web|p2a: Pikachu
|-sidestart|p2: zCrisVGC|move: Sticky Web
|
|upkeep
|turn|2
|
|t:|1757840069
|move|p2a: Pikachu|Nuzzle|p1a: Araquanid
|-supereffective|p1a: Araquanid
|-damage|p1a: Araquanid|0 fnt
|faint|p1a: Araquanid
|
|upkeep
|
|t:|1757840088
|switch|p1a: Iron Boulder|Iron Boulder|100/100
|-enditem|p1a: Iron Boulder|Booster Energy
|-activate|p1a: Iron Boulder|ability: Quark Drive|[fromitem]
|-start|p1a: Iron Boulder|quarkdriveatk
|turn|3
|
|t:|1757840096
|move|p1a: Iron Boulder|Mighty Cleave|p2a: Pikachu
|-damage|p2a: Pikachu|0 fnt
|faint|p2a: Pikachu
|
|upkeep
|inactive|zCrisVGC has 120 seconds left.
|
|t:|1757840131
|switch|p2a: Breloom|Breloom, M|100/100
|-activate|p2a: Breloom|move: Sticky Web
|-unboost|p2a: Breloom|spe|1
|turn|4
|
|t:|1757840139
|move|p1a: Iron Boulder|Poison Jab|p2a: Breloom
|-supereffective|p2a: Breloom
|-damage|p2a: Breloom|0 fnt
|faint|p2a: Breloom
|
|upkeep
|
|t:|1757840147
|switch|p2a: Garchomp|Garchomp, F|100/100
|turn|5
|
|t:|1757840160
|move|p1a: Iron Boulder|Mighty Cleave|p2a: Garchomp
|-resisted|p2a: Garchomp
|-damage|p2a: Garchomp|65/100
|-damage|p1a: Iron Boulder|88/100|[from] ability: Rough Skin|[of] p2a: Garchomp
|move|p2a: Garchomp|Earthquake|p1a: Iron Boulder
|-supereffective|p1a: Iron Boulder
|-damage|p1a: Iron Boulder|0 fnt
|faint|p1a: Iron Boulder
|-end|p1a: Iron Boulder|Quark Drive|[silent]
|
|upkeep
|
|t:|1757840181
|switch|p1a: Thundurus|Thundurus-Therian, M|100/100
|turn|6
|
|t:|1757840187
|move|p2a: Garchomp|Swords Dance|p2a: Garchomp
|-boost|p2a: Garchomp|atk|2
|move|p1a: Thundurus|Grass Knot|p2a: Garchomp
|-damage|p2a: Garchomp|24/100
|-damage|p1a: Thundurus|88/100|[from] ability: Rough Skin|[of] p2a: Garchomp
|-damage|p1a: Thundurus|78/100|[from] item: Life Orb
|
|upkeep
|turn|7
|
|t:|1757840200
|move|p2a: Garchomp|Dragon Claw|p1a: Thundurus
|-damage|p1a: Thundurus|0 fnt
|faint|p1a: Thundurus
|
|upkeep
|
|t:|1757840207
|switch|p1a: Maushold|Maushold|100/100
|turn|8
|
|t:|1757840217
|-terastallize|p1a: Maushold|Normal
|move|p1a: Maushold|Population Bomb|p2a: Garchomp
|-damage|p2a: Garchomp|10/100
|-damage|p1a: Maushold|88/100|[from] ability: Rough Skin|[of] p2a: Garchomp
|-damage|p2a: Garchomp|0 fnt
|-damage|p1a: Maushold|76/100|[from] ability: Rough Skin|[of] p2a: Garchomp
|faint|p2a: Garchomp
|-hitcount|p2: Garchomp|2
|
|upkeep
|
|t:|1757840230
|switch|p2a: Malamar|Malamar, F|100/100
|-activate|p2a: Malamar|move: Sticky Web
|-boost|p2a: Malamar|spe|1
|turn|9
|
|t:|1757840238
|move|p2a: Malamar|Superpower|p1a: Maushold
|-supereffective|p1a: Maushold
|-damage|p1a: Maushold|0 fnt
|-boost|p2a: Malamar|atk|1
|-boost|p2a: Malamar|def|1
|faint|p1a: Maushold
|
|upkeep
|
|t:|1757840253
|switch|p1a: Iron Moth|Iron Moth|100/100
|-enditem|p1a: Iron Moth|Booster Energy
|-activate|p1a: Iron Moth|ability: Quark Drive|[fromitem]
|-start|p1a: Iron Moth|quarkdrivespa
|turn|10
|
|t:|1757840276
|-terastallize|p2a: Malamar|Water
|move|p2a: Malamar|Psycho Cut|p1a: Iron Moth
|-supereffective|p1a: Iron Moth
|-damage|p1a: Iron Moth|0 fnt
|faint|p1a: Iron Moth
|-end|p1a: Iron Moth|Quark Drive|[silent]
|
|upkeep
|
|t:|1757840290
|switch|p1a: Kingambit|Kingambit, M|100/100
|-activate|p1a: Kingambit|ability: Supreme Overlord
|-start|p1a: Kingambit|fallen5|[silent]
|turn|11
|
|t:|1757840304
|move|p2a: Malamar|Superpower|p1a: Kingambit
|-supereffective|p1a: Kingambit
|-enditem|p1a: Kingambit|Focus Sash
|-damage|p1a: Kingambit|1/100
|-boost|p2a: Malamar|atk|1
|-boost|p2a: Malamar|def|1
|move|p1a: Kingambit|Swords Dance|p1a: Kingambit
|-boost|p1a: Kingambit|atk|2
|
|upkeep
|turn|12
|
|t:|1757840317
|move|p1a: Kingambit|Sucker Punch|p2a: Malamar
|-damage|p2a: Malamar|26/100
|-enditem|p2a: Malamar|Sitrus Berry|[eat]
|-heal|p2a: Malamar|51/100|[from] item: Sitrus Berry
|move|p2a: Malamar|Knock Off|p1a: Kingambit
|-resisted|p1a: Kingambit
|-damage|p1a: Kingambit|0 fnt
|faint|p1a: Kingambit
|-end|p1a: Kingambit|fallen5|[silent]
|
|win|zCrisVGC
|raw|yunvy's rating: 1117 &rarr; <strong>1093</strong><br />(-24 for losing)
|raw|zCrisVGC's rating: 1127 &rarr; <strong>1151</strong><br />(+24 for winning)
|l|☆yunvy
|player|p1|
|l|☆zCrisVGC
|player|p2|
