|j|☆Loutre-Monde
|j|☆Pokemon of Color
|t:|1757920748
|gametype|singles
|player|p1|Loutre-Monde|hilbert-wonderlauncher|1396
|player|p2|Pokemon of Color|265|1306
|gen|9
|tier|[Gen 9] OU
|rated|
|rule|HP Percentage Mod: HP is shown in percentages
|rule|Endless Battle Clause: Forcing endless battles is banned
|rule|Species Clause: Limit one of each Pokémon
|rule|OHKO Clause: OHKO moves are banned
|rule|Evasion Items Clause: Evasion items are banned
|rule|Evasion Moves Clause: Evasion moves are banned
|rule|Evasion Abilities Clause: Evasion abilities are banned
|rule|Sleep Moves Clause: Sleep-inducing moves are banned
|clearpoke
|poke|p1|Corviknight, F|
|poke|p1|Great Tusk|
|poke|p1|Ceruledge, M|
|poke|p1|Ogerpon-Wellspring, F|
|poke|p1|Iron Valiant|
|poke|p1|Slowking-Galar, M|
|poke|p2|Tyranitar, M|
|poke|p2|Sinistcha|
|poke|p2|Tornadus, M|
|poke|p2|Iron Valiant|
|poke|p2|Gallade, M|
|poke|p2|Gardevoir, F|
|teampreview
|inactive|Battle timer is ON: inactive players will automatically lose when time's up. (requested by Pokemon of Color)
|c|☆Loutre-Monde|green team ?
|
|t:|1757920773
|teamsize|p1|6
|teamsize|p2|6
|start
|switch|p1a: Sad Ogerpon :(|Ogerpon-Wellspring, F|100/100
|switch|p2a: Tornadus|Tornadus, M|100/100
|turn|1
|
|t:|1757920779
|switch|p1a: Shelly|Slowking-Galar, M|100/100
|move|p2a: Tornadus|Bleakwind Storm|p1a: Shelly
|-damage|p1a: Shelly|70/100
|
|upkeep
|turn|2
|
|t:|1757920786
|move|p2a: Tornadus|Nasty Plot|p2a: Tornadus
|-boost|p2a: Tornadus|spa|2
|move|p1a: Shelly|Ice Beam|p2a: Tornadus
|-supereffective|p2a: Tornadus
|-damage|p2a: Tornadus|38/100
|
|upkeep
|turn|3
|
|t:|1757920795
|move|p2a: Tornadus|Bleakwind Storm|p1a: Shelly
|-damage|p1a: Shelly|12/100
|move|p1a: Shelly|Sludge Bomb|p2a: Tornadus
|-damage|p2a: Tornadus|0 fnt
|faint|p2a: Tornadus
|
|upkeep
|
|t:|1757920807
|switch|p2a: Tyranitar|Tyranitar, M|100/100
|-weather|Sandstorm|[from] ability: Sand Stream|[of] p2a: Tyranitar
|turn|4
|
|t:|1757920812
|switch|p1a: Raven|Corviknight, F|100/100
|-ability|p1a: Raven|Pressure
|move|p2a: Tyranitar|Knock Off|p1a: Raven
|-damage|p1a: Raven|66/100
|-damage|p2a: Tyranitar|84/100|[from] item: Rocky Helmet|[of] p1a: Raven
|-enditem|p1a: Raven|Rocky Helmet|[from] move: Knock Off|[of] p2a: Tyranitar
|
|-weather|Sandstorm|[upkeep]
|upkeep
|turn|5
|
|t:|1757920834
|move|p2a: Tyranitar|Stone Edge|p1a: Raven
|-damage|p1a: Raven|33/100
|move|p1a: Raven|Roost|p1a: Raven
|-heal|p1a: Raven|83/100
|-singleturn|p1a: Raven|move: Roost
|
|-weather|Sandstorm|[upkeep]
|upkeep
|turn|6
|
|t:|1757920843
|move|p2a: Tyranitar|Stone Edge|p1a: Raven
|-damage|p1a: Raven|47/100
|move|p1a: Raven|U-turn|p2a: Tyranitar
|-supereffective|p2a: Tyranitar
|-damage|p2a: Tyranitar|61/100
|
|t:|1757920848
|switch|p1a: Sad Ogerpon :(|Ogerpon-Wellspring, F|100/100|[from] U-turn
|
|-weather|Sandstorm|[upkeep]
|-damage|p1a: Sad Ogerpon :(|95/100|[from] Sandstorm
|upkeep
|turn|7
|
|t:|1757920855
|switch|p2a: Gardevoir|Gardevoir, F|100/100
|-ability|p2a: Gardevoir|Water Absorb|Trace|[from] ability: Trace|[of] p1a: Sad Ogerpon :(
|move|p1a: Sad Ogerpon :(|Ivy Cudgel|p2a: Gardevoir|[anim] Ivy Cudgel Water
|-immune|p2a: Gardevoir|[from] ability: Water Absorb
|
|-weather|Sandstorm|[upkeep]
|-damage|p1a: Sad Ogerpon :(|89/100|[from] Sandstorm
|-damage|p2a: Gardevoir|94/100|[from] Sandstorm
|upkeep
|turn|8
|
|t:|1757920879
|switch|p1a: Raven|Corviknight, F|47/100
|-ability|p1a: Raven|Pressure
|move|p2a: Gardevoir|Psychic Noise|p1a: Raven
|-resisted|p1a: Raven
|-damage|p1a: Raven|27/100
|-start|p1a: Raven|move: Heal Block
|
|-weather|none
|upkeep
|turn|9
|
|t:|1757920890
|move|p2a: Gardevoir|Mystical Fire|p1a: Raven
|-supereffective|p1a: Raven
|-damage|p1a: Raven|0 fnt
|faint|p1a: Raven
|
|upkeep
|
|t:|1757920907
|switch|p1a: Gallamecha|Iron Valiant|100/100
|-enditem|p1a: Gallamecha|Booster Energy
|-activate|p1a: Gallamecha|ability: Quark Drive|[fromitem]
|-start|p1a: Gallamecha|quarkdrivespe
|turn|10
|
|t:|1757920913
|move|p1a: Gallamecha|Calm Mind|p1a: Gallamecha
|-boost|p1a: Gallamecha|spa|1
|-boost|p1a: Gallamecha|spd|1
|move|p2a: Gardevoir|Moonblast|p1a: Gallamecha
|-supereffective|p1a: Gallamecha
|-damage|p1a: Gallamecha|0 fnt
|faint|p1a: Gallamecha
|-end|p1a: Gallamecha|Quark Drive|[silent]
|
|upkeep
|
|t:|1757920925
|switch|p1a: Shelly|Slowking-Galar, M|45/100
|turn|11
|
|t:|1757920933
|switch|p2a: Tyranitar|Tyranitar, M|61/100
|-weather|Sandstorm|[from] ability: Sand Stream|[of] p2a: Tyranitar
|move|p1a: Shelly|Sludge Bomb|p2a: Tyranitar
|-resisted|p2a: Tyranitar
|-damage|p2a: Tyranitar|52/100
|
|-weather|Sandstorm|[upkeep]
|-damage|p1a: Shelly|39/100|[from] Sandstorm
|upkeep
|turn|12
|
|t:|1757920950
|switch|p1a: A Tusk Fall|Great Tusk|100/100
|move|p2a: Tyranitar|Dragon Tail|p1a: A Tusk Fall
|-damage|p1a: A Tusk Fall|85/100
|-end|p1a: A Tusk Fall|Protosynthesis|[silent]
|drag|p1a: Shelly|Slowking-Galar, M|73/100
|
|-weather|Sandstorm|[upkeep]
|-damage|p1a: Shelly|66/100|[from] Sandstorm
|upkeep
|turn|13
|
|t:|1757920962
|switch|p1a: A Tusk Fall|Great Tusk|85/100
|move|p2a: Tyranitar|Knock Off|p1a: A Tusk Fall
|-resisted|p1a: A Tusk Fall
|-damage|p1a: A Tusk Fall|66/100
|-enditem|p1a: A Tusk Fall|Leftovers|[from] move: Knock Off|[of] p2a: Tyranitar
|
|-weather|Sandstorm|[upkeep]
|upkeep
|turn|14
|
|t:|1757920971
|switch|p2a: Sinistcha|Sinistcha|100/100
|move|p1a: A Tusk Fall|Stealth Rock|p2a: Sinistcha
|-sidestart|p2: Pokemon of Color|move: Stealth Rock
|
|-weather|Sandstorm|[upkeep]
|-damage|p2a: Sinistcha|94/100|[from] Sandstorm
|upkeep
|turn|15
|
|t:|1757920983
|move|p1a: A Tusk Fall|Knock Off|p2a: Sinistcha
|-supereffective|p2a: Sinistcha
|-damage|p2a: Sinistcha|43/100
|-enditem|p2a: Sinistcha|Weakness Policy
|-boost|p2a: Sinistcha|atk|2|[from] item: Weakness Policy
|-boost|p2a: Sinistcha|spa|2|[from] item: Weakness Policy
|move|p2a: Sinistcha|Strength Sap|p1a: A Tusk Fall
|-unboost|p1a: A Tusk Fall|atk|1
|-heal|p2a: Sinistcha|100/100
|
|-weather|none
|upkeep
|turn|16
|
|t:|1757920995
|move|p1a: A Tusk Fall|Knock Off|p2a: Sinistcha
|-supereffective|p2a: Sinistcha
|-crit|p2a: Sinistcha
|-damage|p2a: Sinistcha|43/100
|move|p2a: Sinistcha|Matcha Gotcha|p1a: A Tusk Fall
|-supereffective|p1a: A Tusk Fall
|-damage|p1a: A Tusk Fall|0 fnt
|-heal|p2a: Sinistcha|84/100|[from] drain|[of] p1a: A Tusk Fall
|faint|p1a: A Tusk Fall
|-end|p1a: A Tusk Fall|Protosynthesis|[silent]
|
|upkeep
|
|t:|1757921006
|switch|p1a: Excaliburn|Ceruledge, M|100/100
|turn|17
|
|t:|1757921014
|move|p1a: Excaliburn|Bitter Blade|p2a: Sinistcha
|-supereffective|p2a: Sinistcha
|-damage|p2a: Sinistcha|37/100
|move|p2a: Sinistcha|Shadow Ball|p1a: Excaliburn
|-supereffective|p1a: Excaliburn
|-enditem|p1a: Excaliburn|Focus Sash
|-damage|p1a: Excaliburn|1/100
|
|upkeep
|turn|18
|
|t:|1757921036
|-terastallize|p2a: Sinistcha|Dark
|move|p1a: Excaliburn|Bitter Blade|p2a: Sinistcha
|-damage|p2a: Sinistcha|15/100
|-heal|p1a: Excaliburn|14/100|[from] drain|[of] p2a: Sinistcha
|move|p2a: Sinistcha|Strength Sap|p1a: Excaliburn
|-unboost|p1a: Excaliburn|atk|1
|-heal|p2a: Sinistcha|100/100
|
|upkeep
|turn|19
|
|t:|1757921053
|move|p1a: Excaliburn|Bitter Blade|p2a: Sinistcha
|-damage|p2a: Sinistcha|85/100
|-heal|p1a: Excaliburn|23/100|[from] drain|[of] p2a: Sinistcha
|move|p2a: Sinistcha|Matcha Gotcha|p1a: Excaliburn
|-resisted|p1a: Excaliburn
|-damage|p1a: Excaliburn|0 fnt
|-heal|p2a: Sinistcha|95/100|[from] drain|[of] p1a: Excaliburn
|faint|p1a: Excaliburn
|
|upkeep
|inactive|Loutre-Monde has 120 seconds left.
|
|t:|1757921068
|switch|p1a: Sad Ogerpon :(|Ogerpon-Wellspring, F|89/100
|turn|20
|inactive|Loutre-Monde has 120 seconds left.
|
|t:|1757921080
|move|p1a: Sad Ogerpon :(|Swords Dance|p1a: Sad Ogerpon :(
|-boost|p1a: Sad Ogerpon :(|atk|2
|move|p2a: Sinistcha|Matcha Gotcha|p1a: Sad Ogerpon :(
|-damage|p1a: Sad Ogerpon :(|19/100
|-heal|p2a: Sinistcha|100/100|[from] drain|[of] p1a: Sad Ogerpon :(
|
|upkeep
|turn|21
|
|t:|1757921089
|move|p1a: Sad Ogerpon :(|Horn Leech|p2a: Sinistcha
|-damage|p2a: Sinistcha|21/100
|-heal|p1a: Sad Ogerpon :(|64/100|[from] drain|[of] p2a: Sinistcha
|move|p2a: Sinistcha|Matcha Gotcha|p1a: Sad Ogerpon :(
|-damage|p1a: Sad Ogerpon :(|0 fnt
|-heal|p2a: Sinistcha|49/100|[from] drain|[of] p1a: Sad Ogerpon :(
|faint|p1a: Sad Ogerpon :(
|
|upkeep
|
|t:|1757921094
|switch|p1a: Shelly|Slowking-Galar, M|99/100
|turn|22
|c|☆Loutre-Monde|gg
|
|t:|1757921102
|move|p2a: Sinistcha|Shadow Ball|p1a: Shelly
|-supereffective|p1a: Shelly
|-damage|p1a: Shelly|31/100
|move|p1a: Shelly|Sludge Bomb|p2a: Sinistcha
|-damage|p2a: Sinistcha|9/100
|
|upkeep
|turn|23
|-message|Loutre-Monde forfeited.
|
|win|Pokemon of Color
|raw|Loutre-Monde's rating: 1396 &rarr; <strong>1371</strong><br />(-25 for losing)
|raw|Pokemon of Color's rating: 1306 &rarr; <strong>1331</strong><br />(+25 for winning)
|l|☆Loutre-Monde
|player|p1|
|l|☆Pokemon of Color
|player|p2|
