|j|☆diav
|j|☆go b3yond
|t:|1757942471
|gametype|singles
|player|p1|diav|artist-gen4|1502
|player|p2|go b3yond|bruno|1504
|gen|9
|tier|[Gen 9] OU
|rated|
|rule|HP Percentage Mod: HP is shown in percentages
|rule|Endless Battle Clause: Forcing endless battles is banned
|rule|Species Clause: Limit one of each Pokémon
|rule|OHKO Clause: OHKO moves are banned
|rule|Evasion Items Clause: Evasion items are banned
|rule|Evasion Moves Clause: Evasion moves are banned
|rule|Evasion Abilities Clause: Evasion abilities are banned
|rule|Sleep Moves Clause: Sleep-inducing moves are banned
|clearpoke
|poke|p1|Keldeo|
|poke|p1|Iron Treads|
|poke|p1|Slowking-Galar, F|
|poke|p1|Iron Valiant|
|poke|p1|Sinistcha|
|poke|p1|Weavile, F|
|poke|p2|Torkoal, M|
|poke|p2|Brute Bonnet|
|poke|p2|Hatterene, F|
|poke|p2|Walking Wake|
|poke|p2|Thundurus-Therian, M|
|poke|p2|Ceruledge, F|
|teampreview
|inactive|Battle timer is ON: inactive players will automatically lose when time's up. (requested by diav)
|j| jrwy
|
|t:|1757942483
|teamsize|p1|6
|teamsize|p2|6
|start
|switch|p1a: Performative|Sinistcha|100/100
|switch|p2a: GREAT Bait|Torkoal, M, shiny|100/100
|-weather|SunnyDay|[from] ability: Drought|[of] p2a: GREAT Bait
|turn|1
|
|t:|1757942489
|move|p1a: Performative|Calm Mind|p1a: Performative
|-boost|p1a: Performative|spa|1
|-boost|p1a: Performative|spd|1
|move|p2a: GREAT Bait|Eruption|p1a: Performative
|-supereffective|p1a: Performative
|-damage|p1a: Performative|31/100
|
|-weather|SunnyDay|[upkeep]
|upkeep
|turn|2
|
|t:|1757942501
|switch|p1a: Headass|Slowking-Galar, F|100/100
|move|p2a: GREAT Bait|Overheat|p1a: Headass
|-damage|p1a: Headass|52/100
|-unboost|p2a: GREAT Bait|spa|2
|
|-weather|SunnyDay|[upkeep]
|upkeep
|turn|3
|
|t:|1757942507
|switch|p2a: Hatterene|Hatterene, F|100/100
|-prepare|p1a: Headass|Chilly Reception|[premajor]
|move|p1a: Headass|Chilly Reception|p1a: Headass
|-weather|Snowscape
|
|t:|1757942522
|switch|p1a: I.C.E|Weavile, F|100/100|[from] Chilly Reception
|-ability|p1a: I.C.E|Pressure
|
|-weather|Snowscape|[upkeep]
|upkeep
|turn|4
|
|t:|1757942527
|move|p1a: I.C.E|Triple Axel|p2a: Hatterene|[miss]
|-miss|p1a: I.C.E|p2a: Hatterene
|move|p2a: Hatterene|Nuzzle|p1a: I.C.E
|-damage|p1a: I.C.E|96/100
|-status|p1a: I.C.E|par
|
|-weather|Snowscape|[upkeep]
|upkeep
|turn|5
|
|t:|1757942532
|cant|p1a: I.C.E|par
|move|p2a: Hatterene|Dazzling Gleam|p1a: I.C.E
|-supereffective|p1a: I.C.E
|-damage|p1a: I.C.E|0 fnt
|faint|p1a: I.C.E
|
|-weather|Snowscape|[upkeep]
|upkeep
|
|t:|1757942551
|switch|p1a: Rags to Riches|Iron Treads|100/100
|turn|6
|
|t:|1757942556
|move|p1a: Rags to Riches|Earthquake|p2a: Hatterene
|-damage|p2a: Hatterene|65/100
|-enditem|p2a: Hatterene|Eject Button
|
|t:|1757942565
|switch|p2a: Walking Wake|Walking Wake|100/100
|
|-weather|Snowscape|[upkeep]
|upkeep
|turn|7
|
|t:|1757942571
|-end|p1a: Rags to Riches|Quark Drive|[silent]
|switch|p1a: Headass|Slowking-Galar, F|85/100
|move|p2a: Walking Wake|Hydro Steam|p1a: Headass
|-damage|p1a: Headass|61/100
|
|-weather|none
|upkeep
|turn|8
|
|t:|1757942582
|move|p2a: Walking Wake|Hydro Steam|p1a: Headass
|-damage|p1a: Headass|37/100
|move|p1a: Headass|Future Sight|p2a: Walking Wake
|-start|p1a: Headass|move: Future Sight
|
|upkeep
|turn|9
|
|t:|1757942588
|move|p2a: Walking Wake|Draco Meteor|p1a: Headass
|-damage|p1a: Headass|2/100
|-unboost|p2a: Walking Wake|spa|2
|-prepare|p1a: Headass|Chilly Reception|[premajor]
|move|p1a: Headass|Chilly Reception|p1a: Headass
|-weather|Snowscape
|
|t:|1757942591
|switch|p1a: Iron Valiant|Iron Valiant|100/100|[from] Chilly Reception
|
|-weather|Snowscape|[upkeep]
|upkeep
|turn|10
|
|t:|1757942597
|move|p1a: Iron Valiant|Moonblast|p2a: Walking Wake
|-supereffective|p2a: Walking Wake
|-damage|p2a: Walking Wake|0 fnt
|faint|p2a: Walking Wake
|-end|p2a: Walking Wake|Protosynthesis|[silent]
|
|-weather|Snowscape|[upkeep]
|-hint|Future Sight did not hit because the target is fainted.
|upkeep
|
|t:|1757942600
|switch|p2a: GREAT Bait|Torkoal, M, shiny|100/100
|-weather|SunnyDay|[from] ability: Drought|[of] p2a: GREAT Bait
|turn|11
|
|t:|1757942603
|move|p1a: Iron Valiant|Moonblast|p2a: GREAT Bait
|-resisted|p2a: GREAT Bait
|-crit|p2a: GREAT Bait
|-damage|p2a: GREAT Bait|37/100
|-unboost|p2a: GREAT Bait|spa|1
|move|p2a: GREAT Bait|Eruption|p1a: Iron Valiant
|-damage|p1a: Iron Valiant|61/100
|
|-weather|SunnyDay|[upkeep]
|upkeep
|turn|12
|
|t:|1757942610
|switch|p2a: Hatterene|Hatterene, F|65/100
|move|p1a: Iron Valiant|Moonblast|p2a: Hatterene
|-damage|p2a: Hatterene|0 fnt
|faint|p2a: Hatterene
|
|-weather|SunnyDay|[upkeep]
|upkeep
|
|t:|1757942626
|switch|p2a: Brute Bonnet|Brute Bonnet|100/100
|-activate|p2a: Brute Bonnet|ability: Protosynthesis
|-start|p2a: Brute Bonnet|protosynthesisatk
|turn|13
|
|t:|1757942631
|-terastallize|p2a: Brute Bonnet|Fire
|move|p1a: Iron Valiant|Moonblast|p2a: Brute Bonnet
|-resisted|p2a: Brute Bonnet
|-damage|p2a: Brute Bonnet|67/100
|move|p2a: Brute Bonnet|Tera Blast|p1a: Iron Valiant|[anim] Tera Blast Fire
|-damage|p1a: Iron Valiant|0 fnt
|faint|p1a: Iron Valiant
|-end|p1a: Iron Valiant|Quark Drive|[silent]
|
|-weather|SunnyDay|[upkeep]
|upkeep
|l| jrwy
|
|t:|1757942642
|switch|p1a: Dumbass Horse|Keldeo|100/100
|turn|14
|
|t:|1757942658
|move|p1a: Dumbass Horse|Aura Sphere|p2a: Brute Bonnet
|-damage|p2a: Brute Bonnet|29/100
|move|p2a: Brute Bonnet|Bullet Seed|p1a: Dumbass Horse
|-supereffective|p1a: Dumbass Horse
|-damage|p1a: Dumbass Horse|58/100
|-supereffective|p1a: Dumbass Horse
|-damage|p1a: Dumbass Horse|16/100
|-supereffective|p1a: Dumbass Horse
|-damage|p1a: Dumbass Horse|0 fnt
|faint|p1a: Dumbass Horse
|-hitcount|p1: Dumbass Horse|3
|
|-weather|SunnyDay|[upkeep]
|upkeep
|
|t:|1757942664
|switch|p1a: Performative|Sinistcha|31/100
|turn|15
|c|☆go b3yond|Dumbass horse
|c|☆go b3yond|Lol
|
|t:|1757942676
|move|p2a: Brute Bonnet|Tera Blast|p1a: Performative|[anim] Tera Blast Fire
|-supereffective|p1a: Performative
|-damage|p1a: Performative|0 fnt
|faint|p1a: Performative
|
|-weather|SunnyDay|[upkeep]
|upkeep
|-message|diav forfeited.
|
|win|go b3yond
|raw|diav's rating: 1502 &rarr; <strong>1482</strong><br />(-20 for losing)
|raw|go b3yond's rating: 1504 &rarr; <strong>1524</strong><br />(+20 for winning)
|l|☆diav
|player|p1|
|l|☆go b3yond
|player|p2|
