|j|☆crowv2
|j|☆Team BBIO 38
|t:|1757817141
|gametype|singles
|player|p1|crowv2|265|1399
|player|p2|Team BBIO 38|dragontamer|1394
|gen|9
|tier|[Gen 9] OU
|rated|
|rule|HP Percentage Mod: HP is shown in percentages
|rule|Endless Battle Clause: Forcing endless battles is banned
|rule|Species Clause: Limit one of each Pokémon
|rule|OHKO Clause: OHKO moves are banned
|rule|Evasion Items Clause: Evasion items are banned
|rule|Evasion Moves Clause: Evasion moves are banned
|rule|Evasion Abilities Clause: Evasion abilities are banned
|rule|Sleep Moves Clause: Sleep-inducing moves are banned
|clearpoke
|poke|p1|Garchomp, M|
|poke|p1|Ogerpon-Wellspring, F|
|poke|p1|Gholdengo|
|poke|p1|Garganacl, F|
|poke|p1|Enamorus, F|
|poke|p1|Corviknight, M|
|poke|p2|Dusclops, M|
|poke|p2|Blissey, F|
|poke|p2|Flamigo, M|
|poke|p2|Darkrai|
|poke|p2|Polteageist|
|poke|p2|Scizor, M|
|teampreview
|inactive|Battle timer is ON: inactive players will automatically lose when time's up. (requested by Team BBIO 38)
|
|t:|1757817168
|teamsize|p1|6
|teamsize|p2|6
|start
|switch|p1a: Enamorus|Enamorus, F|100/100
|switch|p2a: Darkrai|Darkrai|100/100
|turn|1
|
|t:|1757817180
|move|p2a: Darkrai|Ice Beam|p1a: Enamorus
|-supereffective|p1a: Enamorus
|-damage|p1a: Enamorus|0 fnt
|faint|p1a: Enamorus
|
|upkeep
|
|t:|1757817205
|switch|p1a: Garganacl|Garganacl, F|100/100
|turn|2
|
|t:|1757817209
|switch|p2a: Dusclops|Dusclops, M|100/100
|-item|p1a: Garganacl|Leftovers|[from] ability: Frisk|[of] p2a: Dusclops
|move|p1a: Garganacl|Stealth Rock|p2a: Dusclops
|-sidestart|p2: Team BBIO 38|move: Stealth Rock
|
|upkeep
|turn|3
|
|t:|1757817218
|move|p1a: Garganacl|Salt Cure|p2a: Dusclops
|-damage|p2a: Dusclops|93/100
|-start|p2a: Dusclops|Salt Cure
|move|p2a: Dusclops|Night Shade|p1a: Garganacl
|-damage|p1a: Garganacl|76/100
|
|-heal|p1a: Garganacl|82/100|[from] item: Leftovers
|-damage|p2a: Dusclops|81/100|[from] Salt Cure
|upkeep
|turn|4
|
|t:|1757817230
|move|p1a: Garganacl|Salt Cure|p2a: Dusclops
|-damage|p2a: Dusclops|73/100
|move|p2a: Dusclops|Pain Split|p1a: Garganacl
|-sethp|p1a: Garganacl|67/100|[from] move: Pain Split|[silent]
|-sethp|p2a: Dusclops|95/100|[from] move: Pain Split
|
|-heal|p1a: Garganacl|73/100|[from] item: Leftovers
|-damage|p2a: Dusclops|83/100|[from] Salt Cure
|upkeep
|turn|5
|
|t:|1757817241
|switch|p1a: Ogerpon|Ogerpon-Wellspring, F|100/100
|switch|p2a: Flamigo|Flamigo, M|100/100
|-damage|p2a: Flamigo|88/100|[from] Stealth Rock
|
|upkeep
|turn|6
|
|t:|1757817250
|switch|p1a: Corviknight|Corviknight, M, shiny|100/100
|-ability|p1a: Corviknight|Pressure
|-terastallize|p2a: Flamigo|Fighting
|move|p2a: Flamigo|Close Combat|p1a: Corviknight
|-damage|p1a: Corviknight|53/100
|-unboost|p2a: Flamigo|def|1
|-unboost|p2a: Flamigo|spd|1
|-damage|p2a: Flamigo|72/100|[from] item: Rocky Helmet|[of] p1a: Corviknight
|
|upkeep
|turn|7
|
|t:|1757817261
|move|p2a: Flamigo|Close Combat|p1a: Corviknight
|-damage|p1a: Corviknight|11/100
|-unboost|p2a: Flamigo|def|1
|-unboost|p2a: Flamigo|spd|1
|-damage|p2a: Flamigo|55/100|[from] item: Rocky Helmet|[of] p1a: Corviknight
|move|p1a: Corviknight|Roost|p1a: Corviknight
|-heal|p1a: Corviknight|61/100
|-singleturn|p1a: Corviknight|move: Roost
|
|upkeep
|turn|8
|
|t:|1757817271
|switch|p2a: Darkrai|Darkrai|100/100
|-damage|p2a: Darkrai|88/100|[from] Stealth Rock
|move|p1a: Corviknight|Roost|p1a: Corviknight
|-heal|p1a: Corviknight|100/100
|-singleturn|p1a: Corviknight|move: Roost
|
|upkeep
|turn|9
|
|t:|1757817279
|switch|p1a: Garganacl|Garganacl, F|73/100
|move|p2a: Darkrai|Thunder|p1a: Garganacl
|-damage|p1a: Garganacl|33/100
|
|-heal|p1a: Garganacl|39/100|[from] item: Leftovers
|upkeep
|turn|10
|
|t:|1757817287
|switch|p1a: Garchomp|Garchomp, M|100/100
|move|p2a: Darkrai|Thunder|p1a: Garchomp
|-immune|p1a: Garchomp
|
|upkeep
|turn|11
|
|t:|1757817293
|switch|p2a: Dusclops|Dusclops, M|83/100
|-damage|p2a: Dusclops|70/100|[from] Stealth Rock
|-item|p1a: Garchomp|Life Orb|[from] ability: Frisk|[of] p2a: Dusclops
|move|p1a: Garchomp|Spikes|p2a: Dusclops
|-sidestart|p2: Team BBIO 38|Spikes
|
|upkeep
|turn|12
|
|t:|1757817300
|switch|p1a: Garganacl|Garganacl, F|39/100
|move|p2a: Dusclops|Will-O-Wisp|p1a: Garganacl
|-immune|p1a: Garganacl|[from] ability: Purifying Salt
|
|-heal|p1a: Garganacl|46/100|[from] item: Leftovers
|upkeep
|turn|13
|
|t:|1757817312
|move|p1a: Garganacl|Recover|p1a: Garganacl
|-heal|p1a: Garganacl|96/100
|move|p2a: Dusclops|Night Shade|p1a: Garganacl
|-damage|p1a: Garganacl|71/100
|
|-heal|p1a: Garganacl|77/100|[from] item: Leftovers
|upkeep
|turn|14
|
|t:|1757817321
|move|p1a: Garganacl|Salt Cure|p2a: Dusclops
|-damage|p2a: Dusclops|63/100
|-start|p2a: Dusclops|Salt Cure
|move|p2a: Dusclops|Pain Split|p1a: Garganacl
|-sethp|p1a: Garganacl|61/100|[from] move: Pain Split|[silent]
|-sethp|p2a: Dusclops|86/100|[from] move: Pain Split
|
|-heal|p1a: Garganacl|67/100|[from] item: Leftovers
|-damage|p2a: Dusclops|74/100|[from] Salt Cure
|upkeep
|turn|15
|
|t:|1757817332
|switch|p1a: Gholdengo|Gholdengo|100/100
|move|p2a: Dusclops|Night Shade|p1a: Gholdengo
|-damage|p1a: Gholdengo|69/100
|
|-damage|p2a: Dusclops|61/100|[from] Salt Cure
|upkeep
|turn|16
|
|t:|1757817339
|switch|p2a: Blissey|Blissey, F|100/100
|-damage|p2a: Blissey|88/100|[from] Stealth Rock
|-damage|p2a: Blissey|76/100|[from] Spikes
|move|p1a: Gholdengo|Trick|p2a: Blissey
|-activate|p1a: Gholdengo|move: Trick|[of] p2a: Blissey
|-item|p2a: Blissey|Choice Scarf|[from] move: Trick
|-item|p1a: Gholdengo|Leftovers|[from] move: Trick
|
|-heal|p1a: Gholdengo|75/100|[from] item: Leftovers
|upkeep
|turn|17
|
|t:|1757817356
|switch|p2a: Scizor|Scizor, M|100/100
|-damage|p2a: Scizor|88/100|[from] Stealth Rock
|-damage|p2a: Scizor|76/100|[from] Spikes
|move|p1a: Gholdengo|Nasty Plot|p1a: Gholdengo
|-boost|p1a: Gholdengo|spa|2
|
|-heal|p1a: Gholdengo|81/100|[from] item: Leftovers
|upkeep
|turn|18
|
|t:|1757817369
|move|p1a: Gholdengo|Shadow Ball|p2a: Scizor
|-damage|p2a: Scizor|0 fnt
|faint|p2a: Scizor
|
|-heal|p1a: Gholdengo|87/100|[from] item: Leftovers
|upkeep
|
|t:|1757817374
|switch|p2a: Flamigo|Flamigo, M, tera:Fighting|55/100
|-damage|p2a: Flamigo|49/100|[from] Stealth Rock
|-damage|p2a: Flamigo|37/100|[from] Spikes
|turn|19
|
|t:|1757817380
|switch|p1a: Corviknight|Corviknight, M, shiny|100/100
|-ability|p1a: Corviknight|Pressure
|move|p2a: Flamigo|Close Combat|p1a: Corviknight
|-damage|p1a: Corviknight|55/100
|-unboost|p2a: Flamigo|def|1
|-unboost|p2a: Flamigo|spd|1
|-damage|p2a: Flamigo|21/100|[from] item: Rocky Helmet|[of] p1a: Corviknight
|
|upkeep
|turn|20
|
|t:|1757817390
|move|p2a: Flamigo|Close Combat|p1a: Corviknight
|-damage|p1a: Corviknight|12/100
|-unboost|p2a: Flamigo|def|1
|-unboost|p2a: Flamigo|spd|1
|-damage|p2a: Flamigo|4/100|[from] item: Rocky Helmet|[of] p1a: Corviknight
|move|p1a: Corviknight|Roost|p1a: Corviknight
|-heal|p1a: Corviknight|62/100
|-singleturn|p1a: Corviknight|move: Roost
|
|upkeep
|turn|21
|
|t:|1757817400
|-activate|p2a: Flamigo|move: Struggle
|move|p2a: Flamigo|Struggle|p1a: Corviknight
|-damage|p1a: Corviknight|53/100
|-damage|p2a: Flamigo|0 fnt|[from] item: Rocky Helmet|[of] p1a: Corviknight
|faint|p2a: Flamigo
|move|p1a: Corviknight|Roost|p1a: Corviknight
|-heal|p1a: Corviknight|100/100
|-singleturn|p1a: Corviknight|move: Roost
|
|upkeep
|
|t:|1757817409
|switch|p2a: Polteageist|Polteageist|100/100
|-damage|p2a: Polteageist|88/100|[from] Stealth Rock
|-damage|p2a: Polteageist|76/100|[from] Spikes
|turn|22
|
|t:|1757817415
|switch|p1a: Garganacl|Garganacl, F|67/100
|move|p2a: Polteageist|Shell Smash|p2a: Polteageist
|-unboost|p2a: Polteageist|def|1
|-unboost|p2a: Polteageist|spd|1
|-boost|p2a: Polteageist|atk|2
|-boost|p2a: Polteageist|spa|2
|-boost|p2a: Polteageist|spe|2
|
|-heal|p1a: Garganacl|73/100|[from] item: Leftovers
|upkeep
|turn|23
|
|t:|1757817427
|move|p2a: Polteageist|Giga Drain|p1a: Garganacl
|-supereffective|p1a: Garganacl
|-damage|p1a: Garganacl|0 fnt
|-heal|p2a: Polteageist|100/100|[from] drain|[of] p1a: Garganacl
|faint|p1a: Garganacl
|
|upkeep
|
|t:|1757817439
|switch|p1a: Gholdengo|Gholdengo|87/100
|turn|24
|
|t:|1757817447
|move|p2a: Polteageist|Shadow Ball|p1a: Gholdengo
|-supereffective|p1a: Gholdengo
|-damage|p1a: Gholdengo|0 fnt
|faint|p1a: Gholdengo
|
|upkeep
|
|t:|1757817457
|switch|p1a: Ogerpon|Ogerpon-Wellspring, F|100/100
|turn|25
|
|t:|1757817467
|-terastallize|p1a: Ogerpon|Water
|detailschange|p1a: Ogerpon|Ogerpon-Wellspring-Tera, F, tera:Water
|-ability|p1a: Ogerpon|Embody Aspect (Wellspring)|boost
|-boost|p1a: Ogerpon|spd|1
|move|p2a: Polteageist|Stored Power|p1a: Ogerpon
|-damage|p1a: Ogerpon|8/100
|move|p1a: Ogerpon|Horn Leech|p2a: Polteageist
|-enditem|p2a: Polteageist|Focus Sash
|-damage|p2a: Polteageist|1/100
|-heal|p1a: Ogerpon|51/100|[from] drain|[of] p2a: Polteageist
|-ability|p2a: Polteageist|Weak Armor|boost
|-unboost|p2a: Polteageist|def|1
|-boost|p2a: Polteageist|spe|2
|
|upkeep
|turn|26
|
|t:|1757817485
|move|p2a: Polteageist|Stored Power|p1a: Ogerpon
|-damage|p1a: Ogerpon|0 fnt
|faint|p1a: Ogerpon
|detailschange|p1: Ogerpon|Ogerpon-Wellspring, F|[silent]
|
|upkeep
|
|t:|1757817490
|switch|p1a: Corviknight|Corviknight, M, shiny|100/100
|-ability|p1a: Corviknight|Pressure
|turn|27
|
|t:|1757817494
|move|p2a: Polteageist|Stored Power|p1a: Corviknight
|-resisted|p1a: Corviknight
|-crit|p1a: Corviknight
|-damage|p1a: Corviknight|0 fnt
|faint|p1a: Corviknight
|
|upkeep
|-message|crowv2 forfeited.
|
|win|Team BBIO 38
|raw|crowv2's rating: 1399 &rarr; <strong>1379</strong><br />(-20 for losing)
|raw|Team BBIO 38's rating: 1394 &rarr; <strong>1414</strong><br />(+20 for winning)
|l|☆crowv2
|player|p1|
|l|☆Team BBIO 38
|player|p2|
