|badge|p2|silver|gen9randombattle|30-6
|uhtml|medal-msg|<div class="broadcast-blue">Curious what those medals under the avatar are? PS now has Ladder Seasons! For more information, check out the <a href="https://www.smogon.com/forums/threads/3740067/">thread on Smogon.</a></div>
|j|☆hungrymane
|j|☆Timgameboy
|t:|1757848719
|gametype|singles
|player|p1|hungrymane|101|1606
|player|p2|Timgameboy|steven|1664
|gen|9
|tier|[Gen 9] OU
|rated|
|rule|HP Percentage Mod: HP is shown in percentages
|rule|Endless Battle Clause: Forcing endless battles is banned
|rule|Species Clause: Limit one of each Pokémon
|rule|OHKO Clause: OHKO moves are banned
|rule|Evasion Items Clause: Evasion items are banned
|rule|Evasion Moves Clause: Evasion moves are banned
|rule|Evasion Abilities Clause: Evasion abilities are banned
|rule|Sleep Moves Clause: Sleep-inducing moves are banned
|clearpoke
|poke|p1|Whimsicott, M|
|poke|p1|Ninetales, M|
|poke|p1|Walking Wake|
|poke|p1|Great Tusk|
|poke|p1|Lokix, F|
|poke|p1|Sandy Shocks|
|poke|p2|Darkrai|
|poke|p2|Samurott-Hisui, F|
|poke|p2|Great Tusk|
|poke|p2|Corviknight, M|
|poke|p2|Clefable, M|
|poke|p2|Alomomola, F|
|teampreview
|
|t:|1757848733
|teamsize|p1|6
|teamsize|p2|6
|start
|switch|p1a: Whimsicott|Whimsicott, M|100/100
|switch|p2a: Alomomola|Alomomola, F|100/100
|turn|1
|
|t:|1757848736
|move|p1a: Whimsicott|U-turn|p2a: Alomomola
|-damage|p2a: Alomomola|93/100
|
|t:|1757848737
|switch|p1a: Ninetales|Ninetales, M|100/100|[from] U-turn
|-weather|SunnyDay|[from] ability: Drought|[of] p1a: Ninetales
|move|p2a: Alomomola|Flip Turn|p1a: Ninetales
|-supereffective|p1a: Ninetales
|-crit|p1a: Ninetales
|-damage|p1a: Ninetales|71/100
|
|t:|1757848744
|switch|p2a: Samurott|Samurott-Hisui, F|100/100|[from] Flip Turn
|
|-weather|SunnyDay|[upkeep]
|upkeep
|turn|2
|
|t:|1757848747
|switch|p1a: Great Tusk|Great Tusk|100/100
|-activate|p1a: Great Tusk|ability: Protosynthesis
|-start|p1a: Great Tusk|protosynthesisatk
|switch|p2a: Alomomola|Alomomola, F|100/100
|
|-weather|SunnyDay|[upkeep]
|upkeep
|turn|3
|
|t:|1757848749
|move|p1a: Great Tusk|Knock Off|p2a: Alomomola
|-damage|p2a: Alomomola|76/100
|-enditem|p2a: Alomomola|Leftovers|[from] move: Knock Off|[of] p1a: Great Tusk
|move|p2a: Alomomola|Flip Turn|p1a: Great Tusk
|-supereffective|p1a: Great Tusk
|-damage|p1a: Great Tusk|91/100
|
|t:|1757848752
|switch|p2a: Darkrai|Darkrai|100/100|[from] Flip Turn
|
|-weather|SunnyDay|[upkeep]
|upkeep
|turn|4
|
|t:|1757848756
|move|p2a: Darkrai|Ice Beam|p1a: Great Tusk
|-supereffective|p1a: Great Tusk
|-damage|p1a: Great Tusk|19/100
|move|p1a: Great Tusk|Stealth Rock|p2a: Darkrai
|-sidestart|p2: Timgameboy|move: Stealth Rock
|
|-weather|SunnyDay|[upkeep]
|upkeep
|turn|5
|
|t:|1757848765
|-end|p1a: Great Tusk|Protosynthesis|[silent]
|switch|p1a: Lokix|Lokix, F|100/100
|move|p2a: Darkrai|Ice Beam|p1a: Lokix
|-damage|p1a: Lokix|34/100
|
|-weather|SunnyDay|[upkeep]
|upkeep
|turn|6
|
|t:|1757848770
|switch|p2a: Corviknight|Corviknight, M|100/100
|-damage|p2a: Corviknight|88/100|[from] Stealth Rock
|-ability|p2a: Corviknight|Pressure
|move|p1a: Lokix|First Impression|p2a: Corviknight
|-resisted|p2a: Corviknight
|-damage|p2a: Corviknight|68/100
|-damage|p1a: Lokix|17/100|[from] item: Rocky Helmet|[of] p2a: Corviknight
|
|-weather|SunnyDay|[upkeep]
|upkeep
|turn|7
|
|t:|1757848773
|switch|p1a: Sandy Shocks|Sandy Shocks|100/100
|-activate|p1a: Sandy Shocks|ability: Protosynthesis
|-start|p1a: Sandy Shocks|protosynthesisspa
|move|p2a: Corviknight|Defog|p1a: Sandy Shocks
|-unboost|p1a: Sandy Shocks|evasion|1
|-sideend|p2: Timgameboy|Stealth Rock|[from] move: Defog|[of] p2a: Corviknight
|
|-weather|SunnyDay|[upkeep]
|upkeep
|turn|8
|
|t:|1757848777
|switch|p2a: Clefable|Clefable, M|100/100
|move|p1a: Sandy Shocks|Spikes|p2a: Clefable
|-sidestart|p2: Timgameboy|Spikes
|
|-weather|none
|-end|p1a: Sandy Shocks|Protosynthesis
|upkeep
|turn|9
|
|t:|1757848782
|move|p1a: Sandy Shocks|Spikes|p2a: Clefable
|-sidestart|p2: Timgameboy|Spikes
|move|p2a: Clefable|Moonblast|p1a: Sandy Shocks
|-damage|p1a: Sandy Shocks|58/100
|
|upkeep
|turn|10
|
|t:|1757848786
|-end|p1a: Sandy Shocks|Protosynthesis|[silent]
|switch|p1a: Ninetales|Ninetales, M|71/100
|-weather|SunnyDay|[from] ability: Drought|[of] p1a: Ninetales
|move|p2a: Clefable|Moonblast|p1a: Ninetales
|-resisted|p1a: Ninetales
|-damage|p1a: Ninetales|56/100
|
|-weather|SunnyDay|[upkeep]
|upkeep
|turn|11
|
|t:|1757848790
|switch|p1a: Walking Wake|Walking Wake|100/100
|-activate|p1a: Walking Wake|ability: Protosynthesis
|-start|p1a: Walking Wake|protosynthesisspa
|move|p2a: Clefable|Thunder Wave|p1a: Walking Wake
|-status|p1a: Walking Wake|par
|
|-weather|SunnyDay|[upkeep]
|upkeep
|turn|12
|
|t:|1757848793
|move|p1a: Walking Wake|Hydro Steam|p2a: Clefable
|-damage|p2a: Clefable|9/100
|move|p2a: Clefable|Moonblast|p1a: Walking Wake
|-supereffective|p1a: Walking Wake
|-damage|p1a: Walking Wake|22/100 par
|
|-weather|SunnyDay|[upkeep]
|-heal|p2a: Clefable|16/100|[from] item: Leftovers
|upkeep
|turn|13
|
|t:|1757848801
|-end|p1a: Walking Wake|Protosynthesis|[silent]
|switch|p1a: Sandy Shocks|Sandy Shocks|58/100
|-activate|p1a: Sandy Shocks|ability: Protosynthesis
|-start|p1a: Sandy Shocks|protosynthesisspa
|switch|p2a: Alomomola|Alomomola, F|100/100
|-damage|p2a: Alomomola|84/100|[from] Spikes
|
|-weather|SunnyDay|[upkeep]
|upkeep
|turn|14
|
|t:|1757848806
|move|p2a: Alomomola|Protect|p2a: Alomomola
|-singleturn|p2a: Alomomola|Protect
|move|p1a: Sandy Shocks|Tera Blast|p2a: Alomomola
|-activate|p2a: Alomomola|move: Protect
|
|-weather|SunnyDay|[upkeep]
|upkeep
|turn|15
|
|t:|1757848810
|move|p1a: Sandy Shocks|Tera Blast|p2a: Alomomola
|-damage|p2a: Alomomola|43/100
|move|p2a: Alomomola|Flip Turn|p1a: Sandy Shocks
|-supereffective|p1a: Sandy Shocks
|-damage|p1a: Sandy Shocks|40/100
|
|t:|1757848813
|switch|p2a: Darkrai|Darkrai|100/100|[from] Flip Turn
|-damage|p2a: Darkrai|84/100|[from] Spikes
|
|-weather|SunnyDay|[upkeep]
|upkeep
|turn|16
|
|t:|1757848817
|-end|p1a: Sandy Shocks|Protosynthesis|[silent]
|switch|p1a: Walking Wake|Walking Wake|22/100 par
|-activate|p1a: Walking Wake|ability: Protosynthesis
|-start|p1a: Walking Wake|protosynthesisspa
|move|p2a: Darkrai|Ice Beam|p1a: Walking Wake
|-damage|p1a: Walking Wake|0 fnt
|faint|p1a: Walking Wake
|-end|p1a: Walking Wake|Protosynthesis|[silent]
|
|-weather|SunnyDay|[upkeep]
|upkeep
|
|t:|1757848833
|switch|p1a: Lokix|Lokix, F|17/100
|turn|17
|
|t:|1757848837
|move|p1a: Lokix|First Impression|p2a: Darkrai
|-supereffective|p2a: Darkrai
|-damage|p2a: Darkrai|0 fnt
|faint|p2a: Darkrai
|
|-weather|none
|upkeep
|
|t:|1757848839
|switch|p2a: Great Tusk|Great Tusk|100/100
|-damage|p2a: Great Tusk|84/100|[from] Spikes
|-enditem|p2a: Great Tusk|Booster Energy
|-activate|p2a: Great Tusk|ability: Protosynthesis|[fromitem]
|-start|p2a: Great Tusk|protosynthesisatk
|turn|18
|
|t:|1757848847
|switch|p1a: Ninetales|Ninetales, M|56/100
|-weather|SunnyDay|[from] ability: Drought|[of] p1a: Ninetales
|move|p2a: Great Tusk|Rapid Spin|p1a: Ninetales
|-damage|p1a: Ninetales|25/100
|-boost|p2a: Great Tusk|spe|1
|-sideend|p2: Timgameboy|Spikes|[from] move: Rapid Spin|[of] p2a: Great Tusk
|
|-weather|SunnyDay|[upkeep]
|upkeep
|turn|19
|
|t:|1757848857
|switch|p1a: Sandy Shocks|Sandy Shocks|40/100
|-activate|p1a: Sandy Shocks|ability: Protosynthesis
|-start|p1a: Sandy Shocks|protosynthesisspa
|move|p2a: Great Tusk|Rapid Spin|p1a: Sandy Shocks
|-crit|p1a: Sandy Shocks
|-damage|p1a: Sandy Shocks|5/100
|-boost|p2a: Great Tusk|spe|1
|
|-weather|SunnyDay|[upkeep]
|upkeep
|turn|20
|
|t:|1757848865
|move|p2a: Great Tusk|Stealth Rock|p1a: Sandy Shocks
|-sidestart|p1: hungrymane|move: Stealth Rock
|move|p1a: Sandy Shocks|Spikes|p2a: Great Tusk
|-sidestart|p2: Timgameboy|Spikes
|
|-weather|SunnyDay|[upkeep]
|upkeep
|turn|21
|
|t:|1757848877
|-end|p1a: Sandy Shocks|Protosynthesis|[silent]
|switch|p1a: Lokix|Lokix, F|17/100
|-damage|p1a: Lokix|0 fnt|[from] Stealth Rock
|faint|p1a: Lokix
|move|p2a: Great Tusk|Rapid Spin|p1: Lokix|[notarget]
|-fail|p2a: Great Tusk
|
|-weather|SunnyDay|[upkeep]
|upkeep
|
|t:|1757848879
|switch|p1a: Whimsicott|Whimsicott, M|100/100
|-damage|p1a: Whimsicott|88/100|[from] Stealth Rock
|turn|22
|
|t:|1757848889
|-terastallize|p1a: Whimsicott|Ghost
|-terastallize|p2a: Great Tusk|Steel
|move|p1a: Whimsicott|Shadow Ball|p2a: Great Tusk
|-damage|p2a: Great Tusk|6/100
|move|p2a: Great Tusk|Ice Spinner|p1a: Whimsicott
|-damage|p1a: Whimsicott|31/100
|
|-weather|SunnyDay|[upkeep]
|upkeep
|turn|23
|
|t:|1757848895
|-end|p2a: Great Tusk|Protosynthesis|[silent]
|switch|p2a: Alomomola|Alomomola, F|77/100
|-damage|p2a: Alomomola|64/100|[from] Spikes
|move|p1a: Whimsicott|Shadow Ball|p2a: Alomomola
|-damage|p2a: Alomomola|24/100
|-unboost|p2a: Alomomola|spd|1
|
|-weather|SunnyDay|[upkeep]
|upkeep
|turn|24
|
|t:|1757848926
|move|p1a: Whimsicott|Shadow Ball|p2a: Alomomola
|-damage|p2a: Alomomola|0 fnt
|faint|p2a: Alomomola
|
|-weather|SunnyDay|[upkeep]
|upkeep
|
|t:|1757848927
|switch|p2a: Samurott|Samurott-Hisui, F|100/100
|-damage|p2a: Samurott|88/100|[from] Spikes
|turn|25
|
|t:|1757848934
|move|p2a: Samurott|Sucker Punch|p1a: Whimsicott
|-supereffective|p1a: Whimsicott
|-damage|p1a: Whimsicott|0 fnt
|faint|p1a: Whimsicott
|
|-weather|none
|upkeep
|
|t:|1757848936
|switch|p1a: Great Tusk|Great Tusk|19/100
|turn|26
|
|t:|1757848939
|move|p2a: Samurott|Aqua Jet|p1a: Great Tusk
|-supereffective|p1a: Great Tusk
|-damage|p1a: Great Tusk|0 fnt
|faint|p1a: Great Tusk
|-end|p1a: Great Tusk|Protosynthesis|[silent]
|
|upkeep
|-message|hungrymane forfeited.
|
|win|Timgameboy
|raw|hungrymane's rating: 1606 &rarr; <strong>1589</strong><br />(-17 for losing)
|raw|Timgameboy's rating: 1664 &rarr; <strong>1681</strong><br />(+17 for winning)
|l|☆hungrymane
|player|p1|
|l|☆Timgameboy
|player|p2|
