|j|☆ollscoil.v
|j|☆TidalIdol
|t:|1757814847
|gametype|singles
|player|p1|ollscoil.v|hilbert-wonderlauncher|1108
|player|p2|TidalIdol|fisherman-gen4|1092
|gen|9
|tier|[Gen 9] OU
|rated|
|rule|HP Percentage Mod: HP is shown in percentages
|rule|Endless Battle Clause: Forcing endless battles is banned
|rule|Species Clause: Limit one of each Pokémon
|rule|OHKO Clause: OHKO moves are banned
|rule|Evasion Items Clause: Evasion items are banned
|rule|Evasion Moves Clause: Evasion moves are banned
|rule|Evasion Abilities Clause: Evasion abilities are banned
|rule|Sleep Moves Clause: Sleep-inducing moves are banned
|clearpoke
|poke|p1|Gliscor, F|
|poke|p1|Glimmora, F|
|poke|p1|Dondozo, F|
|poke|p1|Pecharunt|
|poke|p1|Garganacl, M|
|poke|p1|Uxie|
|poke|p2|Pyroar, M|
|poke|p2|Tauros-Paldea-Aqua, M|
|poke|p2|Brambleghast, M|
|poke|p2|Golem-Alola, M|
|poke|p2|Scyther, F|
|poke|p2|Munkidori, M|
|teampreview
|inactive|Battle timer is ON: inactive players will automatically lose when time's up. (requested by ollscoil.v)
|l|☆ollscoil.v
|inactive|ollscoil.v disconnected and has a minute to reconnect!
|player|p1|
|j|☆ollscoil.v
|inactive|ollscoil.v reconnected and has 135 seconds left.
|player|p1|ollscoil.v|hilbert-wonderlauncher|
|
|t:|1757814875
|teamsize|p1|6
|teamsize|p2|6
|start
|switch|p1a: Uxie|Uxie|100/100
|switch|p2a: Tauros|Tauros-Paldea-Aqua, M|100/100
|turn|1
|
|t:|1757814886
|switch|p2a: Brambleghast|Brambleghast, M|100/100
|move|p1a: Uxie|Trick|p2a: Brambleghast
|-activate|p1a: Uxie|move: Trick|[of] p2a: Brambleghast
|-item|p2a: Brambleghast|Choice Scarf|[from] move: Trick
|-item|p1a: Uxie|Leftovers|[from] move: Trick
|
|upkeep
|turn|2
|
|t:|1757814906
|move|p2a: Brambleghast|Poltergeist|p1a: Uxie
|-activate|p1a: Uxie|move: Poltergeist|Leftovers
|-supereffective|p1a: Uxie
|-damage|p1a: Uxie|7/100
|move|p1a: Uxie|U-turn|p2a: Brambleghast
|-damage|p2a: Brambleghast|78/100
|inactive|ollscoil.v has 120 seconds left.
|
|t:|1757814922
|switch|p1a: Gliscor|Gliscor, F, shiny|100/100|[from] U-turn
|
|-status|p1a: Gliscor|tox|[from] item: Toxic Orb
|upkeep
|turn|3
|
|t:|1757814934
|switch|p2a: Tauros|Tauros-Paldea-Aqua, M|100/100
|move|p1a: Gliscor|Protect||[still]
|-fail|p1a: Gliscor
|
|upkeep
|turn|4
|
|t:|1757814940
|move|p2a: Tauros|Bulk Up|p2a: Tauros
|-boost|p2a: Tauros|atk|1
|-boost|p2a: Tauros|def|1
|move|p1a: Gliscor|Toxic Spikes|p2a: Tauros
|-sidestart|p2: TidalIdol|move: Toxic Spikes
|
|upkeep
|turn|5
|
|t:|1757814949
|move|p2a: Tauros|Liquidation|p1a: Gliscor
|-supereffective|p1a: Gliscor
|-damage|p1a: Gliscor|0 fnt
|faint|p1a: Gliscor
|
|upkeep
|
|t:|1757814957
|switch|p1a: Pecharunt|Pecharunt|100/100
|turn|6
|
|t:|1757814961
|move|p2a: Tauros|Earthquake|p1a: Pecharunt
|-supereffective|p1a: Pecharunt
|-crit|p1a: Pecharunt
|-damage|p1a: Pecharunt|19/100
|move|p1a: Pecharunt|Malignant Chain|p2a: Tauros
|-damage|p2a: Tauros|51/100
|-status|p2a: Tauros|tox
|-start|p2a: Tauros|confusion|[from] ability: Poison Puppeteer|[of] p1a: Pecharunt
|
|-heal|p1a: Pecharunt|25/100|[from] item: Black Sludge
|-damage|p2a: Tauros|44/100 tox|[from] psn
|upkeep
|-enditem|p2a: Tauros|Sitrus Berry|[eat]
|-heal|p2a: Tauros|69/100 tox|[from] item: Sitrus Berry
|turn|7
|
|t:|1757814969
|move|p1a: Pecharunt|Protect|p1a: Pecharunt
|-singleturn|p1a: Pecharunt|Protect
|-activate|p2a: Tauros|confusion
|-damage|p2a: Tauros|55/100 tox|[from] confusion
|
|-heal|p1a: Pecharunt|31/100|[from] item: Black Sludge
|-damage|p2a: Tauros|42/100 tox|[from] psn
|-activate|p2a: Tauros|ability: Cud Chew
|-enditem|p2a: Tauros|Sitrus Berry|[eat]
|-heal|p2a: Tauros|67/100 tox|[from] item: Sitrus Berry
|upkeep
|turn|8
|
|t:|1757814984
|switch|p1a: Uxie|Uxie|7/100
|-activate|p2a: Tauros|confusion
|move|p2a: Tauros|Liquidation|p1a: Uxie
|-damage|p1a: Uxie|0 fnt
|faint|p1a: Uxie
|
|-damage|p2a: Tauros|49/100 tox|[from] psn
|upkeep
|
|t:|1757814993
|switch|p1a: Pecharunt|Pecharunt|31/100
|turn|9
|
|t:|1757814997
|move|p1a: Pecharunt|Protect|p1a: Pecharunt
|-singleturn|p1a: Pecharunt|Protect
|-activate|p2a: Tauros|confusion
|move|p2a: Tauros|Liquidation|p1a: Pecharunt
|-activate|p1a: Pecharunt|move: Protect
|
|-heal|p1a: Pecharunt|37/100|[from] item: Black Sludge
|-damage|p2a: Tauros|24/100 tox|[from] psn
|upkeep
|turn|10
|
|t:|1757815009
|switch|p1a: Dondozo|Dondozo, F|100/100
|-activate|p2a: Tauros|confusion
|move|p2a: Tauros|Liquidation|p1a: Dondozo
|-resisted|p1a: Dondozo
|-damage|p1a: Dondozo|90/100
|
|-heal|p1a: Dondozo|96/100|[from] item: Leftovers
|-damage|p2a: Tauros|0 fnt|[from] psn
|faint|p2a: Tauros
|upkeep
|
|t:|1757815014
|switch|p2a: Munkidori|Munkidori, M|100/100
|-sideend|p2: TidalIdol|move: Toxic Spikes|[of] p2a: Munkidori
|turn|11
|
|t:|1757815030
|move|p2a: Munkidori|Nasty Plot|p2a: Munkidori
|-boost|p2a: Munkidori|spa|2
|move|p1a: Dondozo|Earthquake|p2a: Munkidori
|-supereffective|p2a: Munkidori
|-damage|p2a: Munkidori|15/100
|
|-heal|p2a: Munkidori|21/100|[from] item: Leftovers
|-heal|p1a: Dondozo|100/100|[from] item: Leftovers
|upkeep
|turn|12
|
|t:|1757815036
|move|p2a: Munkidori|Sludge Bomb|p1a: Dondozo
|-damage|p1a: Dondozo|57/100
|move|p1a: Dondozo|Earthquake|p2a: Munkidori
|-supereffective|p2a: Munkidori
|-damage|p2a: Munkidori|0 fnt
|faint|p2a: Munkidori
|
|-heal|p1a: Dondozo|64/100|[from] item: Leftovers
|upkeep
|
|t:|1757815043
|switch|p2a: Brambleghast|Brambleghast, M|78/100
|turn|13
|
|t:|1757815048
|move|p1a: Dondozo|Protect|p1a: Dondozo
|-singleturn|p1a: Dondozo|Protect
|move|p2a: Brambleghast|Power Whip|p1a: Dondozo
|-activate|p1a: Dondozo|move: Protect
|
|-heal|p1a: Dondozo|70/100|[from] item: Leftovers
|upkeep
|turn|14
|
|t:|1757815064
|switch|p1a: Glimmora|Glimmora, F, shiny|100/100
|-item|p1a: Glimmora|Air Balloon
|move|p2a: Brambleghast|Power Whip|p1a: Glimmora|[miss]
|-miss|p2a: Brambleghast|p1a: Glimmora
|
|upkeep
|turn|15
|
|t:|1757815075
|move|p2a: Brambleghast|Power Whip|p1a: Glimmora
|-damage|p1a: Glimmora|36/100
|-enditem|p1a: Glimmora|Air Balloon
|move|p1a: Glimmora|Toxic|p2a: Brambleghast
|-status|p2a: Brambleghast|tox
|
|-damage|p2a: Brambleghast|72/100 tox|[from] psn
|upkeep
|turn|16
|
|t:|1757815082
|move|p1a: Glimmora|Protect|p1a: Glimmora
|-singleturn|p1a: Glimmora|Protect
|move|p2a: Brambleghast|Power Whip|p1a: Glimmora
|-activate|p1a: Glimmora|move: Protect
|
|-damage|p2a: Brambleghast|60/100 tox|[from] psn
|upkeep
|turn|17
|
|t:|1757815092
|switch|p1a: Pecharunt|Pecharunt|37/100
|move|p2a: Brambleghast|Power Whip|p1a: Pecharunt|[miss]
|-miss|p2a: Brambleghast|p1a: Pecharunt
|
|-heal|p1a: Pecharunt|43/100|[from] item: Black Sludge
|-damage|p2a: Brambleghast|42/100 tox|[from] psn
|upkeep
|turn|18
|
|t:|1757815101
|switch|p2a: Pyroar|Pyroar, M, shiny|100/100
|-ability|p2a: Pyroar|Unnerve
|move|p1a: Pecharunt|Protect||[still]
|-fail|p1a: Pecharunt
|
|-heal|p1a: Pecharunt|49/100|[from] item: Black Sludge
|upkeep
|turn|19
|
|t:|1757815111
|move|p2a: Pyroar|Flamethrower|p1a: Pecharunt
|-damage|p1a: Pecharunt|7/100
|move|p1a: Pecharunt|Malignant Chain|p2a: Pyroar
|-crit|p2a: Pyroar
|-damage|p2a: Pyroar|26/100
|
|-heal|p1a: Pecharunt|13/100|[from] item: Black Sludge
|upkeep
|turn|20
|
|t:|1757815120
|move|p1a: Pecharunt|Protect|p1a: Pecharunt
|-singleturn|p1a: Pecharunt|Protect
|move|p2a: Pyroar|Flamethrower|p1a: Pecharunt
|-activate|p1a: Pecharunt|move: Protect
|
|-heal|p1a: Pecharunt|20/100|[from] item: Black Sludge
|upkeep
|turn|21
|
|t:|1757815128
|switch|p1a: Garganacl|Garganacl, M, shiny|100/100
|move|p2a: Pyroar|Work Up|p2a: Pyroar
|-boost|p2a: Pyroar|atk|1
|-boost|p2a: Pyroar|spa|1
|
|upkeep
|turn|22
|
|t:|1757815137
|move|p2a: Pyroar|Taunt|p1a: Garganacl
|-start|p1a: Garganacl|move: Taunt
|move|p1a: Garganacl|Body Press|p2a: Pyroar
|-supereffective|p2a: Pyroar
|-damage|p2a: Pyroar|0 fnt
|faint|p2a: Pyroar
|
|upkeep
|
|t:|1757815144
|switch|p2a: Brambleghast|Brambleghast, M|42/100 tox
|turn|23
|
|t:|1757815152
|-terastallize|p1a: Garganacl|Steel
|move|p2a: Brambleghast|Power Whip|p1a: Garganacl
|-resisted|p1a: Garganacl
|-damage|p1a: Garganacl|79/100
|move|p1a: Garganacl|Salt Cure|p2a: Brambleghast
|-damage|p2a: Brambleghast|17/100 tox
|-start|p2a: Brambleghast|Salt Cure
|
|-damage|p2a: Brambleghast|11/100 tox|[from] psn
|-damage|p2a: Brambleghast|0 fnt|[from] Salt Cure
|faint|p2a: Brambleghast
|upkeep
|
|t:|1757815157
|switch|p2a: Golem|Golem-Alola, M|100/100
|-item|p2a: Golem|Air Balloon
|turn|24
|
|t:|1757815167
|move|p2a: Golem|Earthquake|p1a: Garganacl
|-supereffective|p1a: Garganacl
|-damage|p1a: Garganacl|29/100
|move|p1a: Garganacl|Salt Cure|p2a: Golem
|-damage|p2a: Golem|87/100
|-start|p2a: Golem|Salt Cure
|-enditem|p2a: Golem|Air Balloon
|
|-damage|p2a: Golem|75/100|[from] Salt Cure
|-end|p1a: Garganacl|move: Taunt
|upkeep
|turn|25
|
|t:|1757815182
|move|p2a: Golem|Rock Polish|p2a: Golem
|-boost|p2a: Golem|spe|2
|move|p1a: Garganacl|Recover|p1a: Garganacl
|-heal|p1a: Garganacl|79/100
|
|-damage|p2a: Golem|63/100|[from] Salt Cure
|upkeep
|turn|26
|
|t:|1757815191
|move|p2a: Golem|Earthquake|p1a: Garganacl
|-supereffective|p1a: Garganacl
|-damage|p1a: Garganacl|27/100
|move|p1a: Garganacl|Recover|p1a: Garganacl
|-heal|p1a: Garganacl|77/100
|
|-damage|p2a: Golem|50/100|[from] Salt Cure
|upkeep
|turn|27
|
|t:|1757815200
|move|p2a: Golem|Earthquake|p1a: Garganacl
|-supereffective|p1a: Garganacl
|-damage|p1a: Garganacl|28/100
|move|p1a: Garganacl|Recover|p1a: Garganacl
|-heal|p1a: Garganacl|78/100
|
|-damage|p2a: Golem|38/100|[from] Salt Cure
|upkeep
|turn|28
|
|t:|1757815210
|switch|p2a: Scyther|Scyther, F|100/100
|move|p1a: Garganacl|Recover|p1a: Garganacl
|-heal|p1a: Garganacl|100/100
|
|upkeep
|turn|29
|
|t:|1757815218
|-terastallize|p2a: Scyther|Fighting
|move|p2a: Scyther|Swords Dance|p2a: Scyther
|-boost|p2a: Scyther|atk|2
|move|p1a: Garganacl|Iron Defense|p1a: Garganacl
|-boost|p1a: Garganacl|def|2
|
|upkeep
|turn|30
|
|t:|1757815228
|move|p2a: Scyther|Close Combat|p1a: Garganacl
|-supereffective|p1a: Garganacl
|-damage|p1a: Garganacl|2/100
|-unboost|p2a: Scyther|def|1
|-unboost|p2a: Scyther|spd|1
|-damage|p2a: Scyther|91/100|[from] item: Life Orb
|move|p1a: Garganacl|Salt Cure|p2a: Scyther
|-resisted|p2a: Scyther
|-damage|p2a: Scyther|76/100
|-start|p2a: Scyther|Salt Cure
|
|-damage|p2a: Scyther|63/100|[from] Salt Cure
|upkeep
|turn|31
|
|t:|1757815241
|move|p2a: Scyther|U-turn|p1a: Garganacl
|-resisted|p1a: Garganacl
|-damage|p1a: Garganacl|0 fnt
|faint|p1a: Garganacl
|-damage|p2a: Scyther|54/100|[from] item: Life Orb
|
|t:|1757815244
|switch|p2a: Golem|Golem-Alola, M|38/100|[from] U-turn
|
|upkeep
|
|t:|1757815264
|switch|p1a: Glimmora|Glimmora, F, shiny|36/100
|turn|32
|
|t:|1757815269
|move|p1a: Glimmora|Toxic|p2a: Golem
|-status|p2a: Golem|tox
|move|p2a: Golem|Rock Polish|p2a: Golem
|-boost|p2a: Golem|spe|2
|
|-damage|p2a: Golem|32/100 tox|[from] psn
|upkeep
|turn|33
|
|t:|1757815275
|move|p1a: Glimmora|Protect|p1a: Glimmora
|-singleturn|p1a: Glimmora|Protect
|move|p2a: Golem|Earthquake|p1a: Glimmora
|-activate|p1a: Glimmora|move: Protect
|
|-damage|p2a: Golem|20/100 tox|[from] psn
|upkeep
|turn|34
|
|t:|1757815284
|move|p1a: Glimmora|Protect||[still]
|-fail|p1a: Glimmora
|move|p2a: Golem|Double-Edge|p1a: Glimmora
|-damage|p1a: Glimmora|0 fnt
|faint|p1a: Glimmora
|-damage|p2a: Golem|8/100 tox|[from] Recoil
|
|-damage|p2a: Golem|0 fnt|[from] psn
|faint|p2a: Golem
|upkeep
|
|t:|1757815292
|switch|p1a: Pecharunt|Pecharunt|20/100
|switch|p2a: Scyther|Scyther, F, tera:Fighting|54/100
|turn|35
|
|t:|1757815297
|move|p2a: Scyther|Dual Wingbeat|p1a: Pecharunt
|-damage|p1a: Pecharunt|0 fnt
|faint|p1a: Pecharunt
|-hitcount|p1: Pecharunt|1
|-damage|p2a: Scyther|44/100|[from] item: Life Orb
|
|upkeep
|
|t:|1757815299
|switch|p1a: Dondozo|Dondozo, F|70/100
|turn|36
|
|t:|1757815305
|move|p2a: Scyther|Swords Dance|p2a: Scyther
|-boost|p2a: Scyther|atk|2
|move|p1a: Dondozo|Wave Crash|p2a: Scyther
|-damage|p2a: Scyther|0 fnt
|faint|p2a: Scyther
|-damage|p1a: Dondozo|61/100|[from] Recoil
|
|win|ollscoil.v
|raw|ollscoil.v's rating: 1108 &rarr; <strong>1132</strong><br />(+24 for winning)
|raw|TidalIdol's rating: 1092 &rarr; <strong>1069</strong><br />(-23 for losing)
|l|☆TidalIdol
|player|p2|
|l|☆ollscoil.v
|player|p1|
