|j|☆SpinAga1n
|j|☆Angelluikiii
|t:|1757852092
|gametype|singles
|player|p1|SpinAga1n|dawn-gen4pt|1237
|player|p2|Angelluikiii|n|1262
|gen|9
|tier|[Gen 9] OU
|rated|
|rule|HP Percentage Mod: HP is shown in percentages
|rule|Endless Battle Clause: Forcing endless battles is banned
|rule|Species Clause: Limit one of each Pokémon
|rule|OHKO Clause: OHKO moves are banned
|rule|Evasion Items Clause: Evasion items are banned
|rule|Evasion Moves Clause: Evasion moves are banned
|rule|Evasion Abilities Clause: Evasion abilities are banned
|rule|Sleep Moves Clause: Sleep-inducing moves are banned
|clearpoke
|poke|p1|Okidogi, M|
|poke|p1|Iron Crown|
|poke|p1|Glastrier|
|poke|p1|Zapdos|
|poke|p1|Darkrai|
|poke|p1|Necrozma|
|poke|p2|Blaziken, M|
|poke|p2|Primarina, F|
|poke|p2|Pecharunt|
|poke|p2|Landorus-Therian, M|
|poke|p2|Meowscarada, M|
|poke|p2|Great Tusk|
|teampreview
|inactive|Battle timer is ON: inactive players will automatically lose when time's up. (requested by SpinAga1n)
|
|t:|1757852117
|teamsize|p1|6
|teamsize|p2|6
|start
|switch|p1a: Zapdos|Zapdos|100/100
|switch|p2a: Blaziken|Blaziken, M|100/100
|-ability|p1a: Zapdos|Pressure
|turn|1
|
|t:|1757852132
|switch|p2a: Landorus|Landorus-Therian, M|100/100
|-ability|p2a: Landorus|Intimidate|boost
|-unboost|p1a: Zapdos|atk|1
|move|p1a: Zapdos|Hurricane|p2a: Landorus
|-damage|p2a: Landorus|37/100
|
|upkeep
|turn|2
|
|t:|1757852140
|move|p1a: Zapdos|Heat Wave|p2a: Landorus
|-damage|p2a: Landorus|2/100
|move|p2a: Landorus|Stealth Rock|p1a: Zapdos
|-sidestart|p1: SpinAga1n|move: Stealth Rock
|
|upkeep
|turn|3
|
|t:|1757852149
|move|p1a: Zapdos|Hurricane|p2a: Landorus|[miss]
|-miss|p1a: Zapdos|p2a: Landorus
|move|p2a: Landorus|Taunt|p1a: Zapdos
|-start|p1a: Zapdos|move: Taunt
|
|upkeep
|turn|4
|
|t:|1757852152
|move|p1a: Zapdos|Heat Wave|p2a: Landorus
|-damage|p2a: Landorus|0 fnt
|faint|p2a: Landorus
|
|upkeep
|
|t:|1757852161
|switch|p2a: Pecharunt|Pecharunt|100/100
|turn|5
|
|t:|1757852164
|move|p1a: Zapdos|Volt Switch|p2a: Pecharunt
|-damage|p2a: Pecharunt|67/100
|
|t:|1757852172
|switch|p1a: Iron Crown|Iron Crown|100/100|[from] Volt Switch
|-damage|p1a: Iron Crown|94/100|[from] Stealth Rock
|-enditem|p1a: Iron Crown|Booster Energy
|-activate|p1a: Iron Crown|ability: Quark Drive|[fromitem]
|-start|p1a: Iron Crown|quarkdrivespa
|move|p2a: Pecharunt|Parting Shot|p1a: Iron Crown
|-unboost|p1a: Iron Crown|atk|1
|-unboost|p1a: Iron Crown|spa|1
|
|t:|1757852181
|switch|p2a: Blaziken|Blaziken, M|100/100|[from] Parting Shot
|
|upkeep
|turn|6
|
|t:|1757852185
|move|p2a: Blaziken|Protect|p2a: Blaziken
|-singleturn|p2a: Blaziken|Protect
|move|p1a: Iron Crown|Psychic|p2a: Blaziken
|-activate|p2a: Blaziken|move: Protect
|
|-ability|p2a: Blaziken|Speed Boost|boost
|-boost|p2a: Blaziken|spe|1
|upkeep
|turn|7
|
|t:|1757852193
|move|p2a: Blaziken|Flare Blitz|p1a: Iron Crown
|-supereffective|p1a: Iron Crown
|-damage|p1a: Iron Crown|0 fnt
|faint|p1a: Iron Crown
|-end|p1a: Iron Crown|Quark Drive|[silent]
|-damage|p2a: Blaziken|68/100|[from] Recoil
|-damage|p2a: Blaziken|58/100|[from] item: Life Orb
|
|-ability|p2a: Blaziken|Speed Boost|boost
|-boost|p2a: Blaziken|spe|1
|upkeep
|
|t:|1757852201
|switch|p1a: Necrozma|Necrozma|100/100
|turn|8
|
|t:|1757852217
|move|p2a: Blaziken|Flare Blitz|p1a: Necrozma
|-damage|p1a: Necrozma|19/100
|-damage|p2a: Blaziken|28/100|[from] Recoil
|-damage|p2a: Blaziken|18/100|[from] item: Life Orb
|move|p1a: Necrozma|Calm Mind|p1a: Necrozma
|-boost|p1a: Necrozma|spa|1
|-boost|p1a: Necrozma|spd|1
|
|-ability|p2a: Blaziken|Speed Boost|boost
|-boost|p2a: Blaziken|spe|1
|upkeep
|turn|9
|
|t:|1757852225
|move|p2a: Blaziken|Close Combat|p1a: Necrozma
|-resisted|p1a: Necrozma
|-damage|p1a: Necrozma|0 fnt
|-unboost|p2a: Blaziken|def|1
|-unboost|p2a: Blaziken|spd|1
|faint|p1a: Necrozma
|-damage|p2a: Blaziken|8/100|[from] item: Life Orb
|
|-ability|p2a: Blaziken|Speed Boost|boost
|-boost|p2a: Blaziken|spe|1
|upkeep
|
|t:|1757852232
|switch|p1a: Darkrai|Darkrai|100/100
|turn|10
|
|t:|1757852236
|switch|p1a: Okidogi|Okidogi, M|100/100
|-damage|p1a: Okidogi|95/100|[from] Stealth Rock
|move|p2a: Blaziken|Close Combat|p1a: Okidogi
|-resisted|p1a: Okidogi
|-damage|p1a: Okidogi|58/100
|-unboost|p2a: Blaziken|def|1
|-unboost|p2a: Blaziken|spd|1
|-damage|p2a: Blaziken|0 fnt|[from] item: Life Orb
|faint|p2a: Blaziken
|
|upkeep
|
|t:|1757852248
|switch|p2a: Great Tusk|Great Tusk|100/100
|-enditem|p2a: Great Tusk|Booster Energy
|-activate|p2a: Great Tusk|ability: Protosynthesis|[fromitem]
|-start|p2a: Great Tusk|protosynthesisatk
|turn|11
|
|t:|1757852257
|switch|p1a: Zapdos|Zapdos|100/100
|-ability|p1a: Zapdos|Pressure
|move|p2a: Great Tusk|Ice Spinner|p1a: Zapdos
|-supereffective|p1a: Zapdos
|-damage|p1a: Zapdos|9/100
|
|upkeep
|turn|12
|
|t:|1757852266
|move|p1a: Zapdos|Hurricane|p2a: Great Tusk
|-supereffective|p2a: Great Tusk
|-damage|p2a: Great Tusk|0 fnt
|faint|p2a: Great Tusk
|-end|p2a: Great Tusk|Protosynthesis|[silent]
|
|upkeep
|
|t:|1757852270
|switch|p2a: Meowscarada|Meowscarada, M|100/100
|turn|13
|
|t:|1757852278
|switch|p1a: Okidogi|Okidogi, M|58/100
|-damage|p1a: Okidogi|52/100|[from] Stealth Rock
|move|p2a: Meowscarada|U-turn|p1a: Okidogi
|-start|p2a: Meowscarada|typechange|Bug|[from] ability: Protean
|-resisted|p1a: Okidogi
|-damage|p1a: Okidogi|44/100
|
|t:|1757852285
|switch|p2a: Pecharunt|Pecharunt|67/100|[from] U-turn
|
|upkeep
|turn|14
|
|t:|1757852292
|move|p1a: Okidogi|Throat Chop|p2a: Pecharunt
|-supereffective|p2a: Pecharunt
|-damage|p2a: Pecharunt|30/100
|-start|p2a: Pecharunt|Throat Chop|[silent]
|-damage|p1a: Okidogi|34/100|[from] item: Life Orb
|move|p2a: Pecharunt|Shadow Ball|p1a: Okidogi
|-damage|p1a: Okidogi|4/100
|
|upkeep
|turn|15
|
|t:|1757852301
|move|p1a: Okidogi|Gunk Shot|p2a: Pecharunt
|-resisted|p2a: Pecharunt
|-damage|p2a: Pecharunt|21/100
|-damage|p1a: Okidogi|0 fnt|[from] item: Life Orb
|faint|p1a: Okidogi
|move|p2a: Pecharunt|Recover|p2a: Pecharunt
|-heal|p2a: Pecharunt|71/100
|
|-end|p2a: Pecharunt|Throat Chop|[silent]
|upkeep
|
|t:|1757852309
|switch|p1a: Glastrier|Glastrier|100/100
|turn|16
|
|t:|1757852319
|-terastallize|p1a: Glastrier|Steel
|move|p2a: Pecharunt|Malignant Chain|p1a: Glastrier
|-immune|p1a: Glastrier
|move|p1a: Glastrier|Curse|p1a: Glastrier
|-unboost|p1a: Glastrier|spe|1
|-boost|p1a: Glastrier|atk|1
|-boost|p1a: Glastrier|def|1
|
|upkeep
|turn|17
|
|t:|1757852331
|move|p2a: Pecharunt|Parting Shot|p1a: Glastrier
|-unboost|p1a: Glastrier|atk|1
|-unboost|p1a: Glastrier|spa|1
|
|t:|1757852334
|switch|p2a: Primarina|Primarina, F|100/100|[from] Parting Shot
|move|p1a: Glastrier|High Horsepower|p2a: Primarina
|-damage|p2a: Primarina|55/100
|
|upkeep
|turn|18
|
|t:|1757852348
|move|p2a: Primarina|Hyper Voice|p1a: Glastrier
|-damage|p1a: Glastrier|61/100
|move|p1a: Glastrier|Heavy Slam|p2a: Primarina
|-damage|p2a: Primarina|0 fnt
|faint|p2a: Primarina
|-ability|p1a: Glastrier|Chilling Neigh|boost
|-boost|p1a: Glastrier|atk|1
|
|upkeep
|
|t:|1757852355
|switch|p2a: Meowscarada|Meowscarada, M|100/100
|turn|19
|
|t:|1757852366
|move|p2a: Meowscarada|Flower Trick|p1a: Glastrier
|-start|p2a: Meowscarada|typechange|Grass|[from] ability: Protean
|-resisted|p1a: Glastrier
|-crit|p1a: Glastrier
|-damage|p1a: Glastrier|45/100
|move|p1a: Glastrier|Heavy Slam|p2a: Meowscarada
|-damage|p2a: Meowscarada|0 fnt
|faint|p2a: Meowscarada
|-ability|p1a: Glastrier|Chilling Neigh|boost
|-boost|p1a: Glastrier|atk|1
|
|upkeep
|
|t:|1757852371
|switch|p2a: Pecharunt|Pecharunt|71/100
|turn|20
|
|t:|1757852374
|move|p2a: Pecharunt|Shadow Ball|p1a: Glastrier
|-damage|p1a: Glastrier|25/100
|move|p1a: Glastrier|High Horsepower|p2a: Pecharunt
|-supereffective|p2a: Pecharunt
|-damage|p2a: Pecharunt|0 fnt
|faint|p2a: Pecharunt
|
|win|SpinAga1n
|raw|SpinAga1n's rating: 1237 &rarr; <strong>1264</strong><br />(+27 for winning)
|raw|Angelluikiii's rating: 1262 &rarr; <strong>1235</strong><br />(-27 for losing)
|l|☆Angelluikiii
|player|p2|
