|j|☆Biswajit singh
|j|☆shaoxiaozhu
|t:|1757944884
|gametype|singles
|player|p1|Biswajit singh|nate|1076
|player|p2|shaoxiaozhu|dawn|1076
|gen|9
|tier|[Gen 9] OU
|rated|
|rule|HP Percentage Mod: HP is shown in percentages
|rule|Endless Battle Clause: Forcing endless battles is banned
|rule|Species Clause: Limit one of each Pokémon
|rule|OHKO Clause: OHKO moves are banned
|rule|Evasion Items Clause: Evasion items are banned
|rule|Evasion Moves Clause: Evasion moves are banned
|rule|Evasion Abilities Clause: Evasion abilities are banned
|rule|Sleep Moves Clause: Sleep-inducing moves are banned
|clearpoke
|poke|p1|Malamar, M|
|poke|p1|Sceptile, M|
|poke|p1|Cinderace, F|
|poke|p1|Galvantula, M|
|poke|p1|Flygon, M|
|poke|p1|Rhyperior, M|
|poke|p2|Scizor, M|
|poke|p2|Gliscor, M|
|poke|p2|Gallade, M|
|poke|p2|Hydreigon, M|
|poke|p2|Garchomp, M|
|poke|p2|Heatran, M|
|teampreview
|
|t:|1757944892
|teamsize|p1|6
|teamsize|p2|6
|start
|switch|p1a: Galvantula|Galvantula, M|100/100
|switch|p2a: Heatran|Heatran, M|100/100
|turn|1
|inactive|Battle timer is ON: inactive players will automatically lose when time's up. (requested by shaoxiaozhu)
|c|☆Biswajit singh|My friend malamar
|
|t:|1757944935
|move|p1a: Galvantula|Sticky Web|p2a: Heatran
|-sidestart|p2: shaoxiaozhu|move: Sticky Web
|move|p2a: Heatran|Earthquake|p1a: Galvantula
|-damage|p1a: Galvantula|66/100
|
|upkeep
|turn|2
|
|t:|1757944948
|move|p1a: Galvantula|Thunder|p2a: Heatran
|-damage|p2a: Heatran|60/100
|move|p2a: Heatran|Rock Slide|p1a: Galvantula
|-supereffective|p1a: Galvantula
|-damage|p1a: Galvantula|10/100
|
|-heal|p2a: Heatran|66/100|[from] item: Leftovers
|upkeep
|turn|3
|
|t:|1757944956
|move|p1a: Galvantula|Volt Switch|p2a: Heatran
|-damage|p2a: Heatran|41/100
|
|t:|1757944965
|switch|p1a: Flygon|Flygon, M, shiny|100/100|[from] Volt Switch
|move|p2a: Heatran|Rock Slide|p1a: Flygon
|-resisted|p1a: Flygon
|-damage|p1a: Flygon|91/100
|
|-heal|p2a: Heatran|48/100|[from] item: Leftovers
|upkeep
|turn|4
|
|t:|1757944974
|move|p1a: Flygon|Earthquake|p2a: Heatran
|-supereffective|p2a: Heatran
|-damage|p2a: Heatran|0 fnt
|faint|p2a: Heatran
|-damage|p1a: Flygon|81/100|[from] item: Life Orb
|
|upkeep
|
|t:|1757944984
|switch|p2a: Garchomp|Garchomp, M|100/100
|-activate|p2a: Garchomp|move: Sticky Web
|-unboost|p2a: Garchomp|spe|1
|turn|5
|
|t:|1757944991
|-terastallize|p2a: Garchomp|Dragon
|move|p1a: Flygon|Dragon Claw|p2a: Garchomp
|-supereffective|p2a: Garchomp
|-damage|p2a: Garchomp|0 fnt
|-damage|p1a: Flygon|68/100|[from] ability: Rough Skin|[of] p2a: Garchomp
|faint|p2a: Garchomp
|-damage|p1a: Flygon|58/100|[from] item: Life Orb
|
|upkeep
|
|t:|1757945000
|switch|p2a: Gliscor|Gliscor, M|100/100
|turn|6
|-message|shaoxiaozhu forfeited.
|
|win|Biswajit singh
|raw|Biswajit singh's rating: 1076 &rarr; <strong>1105</strong><br />(+29 for winning)
|raw|shaoxiaozhu's rating: 1076 &rarr; <strong>1055</strong><br />(-21 for losing)
|l|☆shaoxiaozhu
|player|p2|
|l|☆Biswajit singh
|player|p1|
