|j|☆fafewf
|j|☆oehtwashere
|t:|1757868663
|gametype|singles
|player|p1|fafewf|wallace|1686
|player|p2|oehtwashere|supernerd|1786
|gen|9
|tier|[Gen 9] OU
|rated|
|rule|HP Percentage Mod: HP is shown in percentages
|rule|Endless Battle Clause: Forcing endless battles is banned
|rule|Species Clause: Limit one of each Pokémon
|rule|OHKO Clause: OHKO moves are banned
|rule|Evasion Items Clause: Evasion items are banned
|rule|Evasion Moves Clause: Evasion moves are banned
|rule|Evasion Abilities Clause: Evasion abilities are banned
|rule|Sleep Moves Clause: Sleep-inducing moves are banned
|clearpoke
|poke|p1|Suicune|
|poke|p1|Corviknight, M|
|poke|p1|Cresselia, F|
|poke|p1|Darkrai|
|poke|p1|Landorus-Therian, M|
|poke|p1|Skeledirge, M|
|poke|p2|Araquanid, M|
|poke|p2|Gholdengo|
|poke|p2|Raging Bolt|
|poke|p2|Iron Valiant|
|poke|p2|Ceruledge, M|
|poke|p2|Deoxys-Speed|
|teampreview
|inactive|Battle timer is ON: inactive players will automatically lose when time's up. (requested by oehtwashere)
|
|t:|1757868674
|teamsize|p1|6
|teamsize|p2|6
|start
|switch|p1a: The Indomitable|Suicune|100/100
|switch|p2a: Araquanid|Araquanid, M|100/100
|-ability|p1a: The Indomitable|Pressure
|turn|1
|
|t:|1757868676
|move|p1a: The Indomitable|Substitute|p1a: The Indomitable
|-start|p1a: The Indomitable|Substitute
|-damage|p1a: The Indomitable|75/100
|move|p2a: Araquanid|Sticky Web|p1a: The Indomitable
|-sidestart|p1: fafewf|move: Sticky Web
|
|-heal|p1a: The Indomitable|82/100|[from] item: Leftovers
|upkeep
|turn|2
|j| Joao v9898
|
|t:|1757868681
|switch|p2a: Raging Bolt|Raging Bolt|100/100
|-enditem|p2a: Raging Bolt|Booster Energy
|-activate|p2a: Raging Bolt|ability: Protosynthesis|[fromitem]
|-start|p2a: Raging Bolt|protosynthesisspa
|move|p1a: The Indomitable|Scald|p2a: Raging Bolt
|-resisted|p2a: Raging Bolt
|-damage|p2a: Raging Bolt|89/100
|-status|p2a: Raging Bolt|brn
|
|-heal|p1a: The Indomitable|88/100|[from] item: Leftovers
|-damage|p2a: Raging Bolt|83/100 brn|[from] brn
|upkeep
|turn|3
|
|t:|1757868685
|move|p1a: The Indomitable|Protect|p1a: The Indomitable
|-singleturn|p1a: The Indomitable|Protect
|move|p2a: Raging Bolt|Dragon Pulse|p1a: The Indomitable
|-activate|p1a: The Indomitable|move: Protect
|
|-heal|p1a: The Indomitable|94/100|[from] item: Leftovers
|-damage|p2a: Raging Bolt|77/100 brn|[from] brn
|upkeep
|turn|4
|l| Joao v9898
|
|t:|1757868689
|move|p2a: Raging Bolt|Dragon Pulse|p1a: The Indomitable
|-end|p1a: The Indomitable|Substitute
|move|p1a: The Indomitable|Substitute|p1a: The Indomitable
|-start|p1a: The Indomitable|Substitute
|-damage|p1a: The Indomitable|69/100
|
|-heal|p1a: The Indomitable|75/100|[from] item: Leftovers
|-damage|p2a: Raging Bolt|71/100 brn|[from] brn
|upkeep
|turn|5
|
|t:|1757868696
|move|p2a: Raging Bolt|Calm Mind|p2a: Raging Bolt
|-boost|p2a: Raging Bolt|spa|1
|-boost|p2a: Raging Bolt|spd|1
|move|p1a: The Indomitable|Scald|p2a: Raging Bolt
|-resisted|p2a: Raging Bolt
|-damage|p2a: Raging Bolt|63/100 brn
|
|-heal|p1a: The Indomitable|81/100|[from] item: Leftovers
|-damage|p2a: Raging Bolt|57/100 brn|[from] brn
|upkeep
|turn|6
|
|t:|1757868701
|move|p1a: The Indomitable|Protect|p1a: The Indomitable
|-singleturn|p1a: The Indomitable|Protect
|move|p2a: Raging Bolt|Calm Mind|p2a: Raging Bolt
|-boost|p2a: Raging Bolt|spa|1
|-boost|p2a: Raging Bolt|spd|1
|
|-heal|p1a: The Indomitable|88/100|[from] item: Leftovers
|-damage|p2a: Raging Bolt|51/100 brn|[from] brn
|upkeep
|turn|7
|
|t:|1757868706
|move|p2a: Raging Bolt|Dragon Pulse|p1a: The Indomitable
|-end|p1a: The Indomitable|Substitute
|move|p1a: The Indomitable|Substitute|p1a: The Indomitable
|-start|p1a: The Indomitable|Substitute
|-damage|p1a: The Indomitable|63/100
|
|-heal|p1a: The Indomitable|69/100|[from] item: Leftovers
|-damage|p2a: Raging Bolt|45/100 brn|[from] brn
|upkeep
|turn|8
|
|t:|1757868708
|move|p1a: The Indomitable|Protect|p1a: The Indomitable
|-singleturn|p1a: The Indomitable|Protect
|move|p2a: Raging Bolt|Dragon Pulse|p1a: The Indomitable
|-activate|p1a: The Indomitable|move: Protect
|
|-heal|p1a: The Indomitable|75/100|[from] item: Leftovers
|-damage|p2a: Raging Bolt|38/100 brn|[from] brn
|upkeep
|turn|9
|
|t:|1757868714
|move|p2a: Raging Bolt|Dragon Pulse|p1a: The Indomitable
|-end|p1a: The Indomitable|Substitute
|move|p1a: The Indomitable|Substitute|p1a: The Indomitable
|-start|p1a: The Indomitable|Substitute
|-damage|p1a: The Indomitable|50/100
|
|-heal|p1a: The Indomitable|56/100|[from] item: Leftovers
|-damage|p2a: Raging Bolt|32/100 brn|[from] brn
|upkeep
|turn|10
|j| wgw2333
|
|t:|1757868719
|move|p1a: The Indomitable|Protect|p1a: The Indomitable
|-singleturn|p1a: The Indomitable|Protect
|move|p2a: Raging Bolt|Dragon Pulse|p1a: The Indomitable
|-activate|p1a: The Indomitable|move: Protect
|
|-heal|p1a: The Indomitable|62/100|[from] item: Leftovers
|-damage|p2a: Raging Bolt|26/100 brn|[from] brn
|upkeep
|turn|11
|
|t:|1757868725
|move|p2a: Raging Bolt|Thunderbolt|p1a: The Indomitable
|-supereffective|p1a: The Indomitable
|-end|p1a: The Indomitable|Substitute
|move|p1a: The Indomitable|Scald|p2a: Raging Bolt
|-resisted|p2a: Raging Bolt
|-damage|p2a: Raging Bolt|21/100 brn
|
|-heal|p1a: The Indomitable|69/100|[from] item: Leftovers
|-damage|p2a: Raging Bolt|15/100 brn|[from] brn
|upkeep
|turn|12
|
|t:|1757868734
|move|p1a: The Indomitable|Protect|p1a: The Indomitable
|-singleturn|p1a: The Indomitable|Protect
|move|p2a: Raging Bolt|Dragon Pulse|p1a: The Indomitable
|-activate|p1a: The Indomitable|move: Protect
|
|-heal|p1a: The Indomitable|75/100|[from] item: Leftovers
|-damage|p2a: Raging Bolt|9/100 brn|[from] brn
|upkeep
|turn|13
|
|t:|1757868742
|switch|p1a: The Unbothered|Skeledirge, M|100/100
|move|p2a: Raging Bolt|Thunderbolt|p1a: The Unbothered
|-damage|p1a: The Unbothered|55/100
|
|-damage|p2a: Raging Bolt|3/100 brn|[from] brn
|upkeep
|turn|14
|
|t:|1757868749
|move|p2a: Raging Bolt|Dragon Pulse|p1a: The Unbothered
|-damage|p1a: The Unbothered|14/100
|move|p1a: The Unbothered|Slack Off|p1a: The Unbothered
|-heal|p1a: The Unbothered|64/100
|
|-damage|p2a: Raging Bolt|0 fnt|[from] brn
|faint|p2a: Raging Bolt
|-end|p2a: Raging Bolt|Protosynthesis|[silent]
|upkeep
|
|t:|1757868761
|switch|p2a: Araquanid|Araquanid, M|100/100
|turn|15
|
|t:|1757868765
|switch|p1a: The Indomitable|Suicune|75/100
|-activate|p1a: The Indomitable|move: Sticky Web
|-unboost|p1a: The Indomitable|spe|1
|-ability|p1a: The Indomitable|Pressure
|switch|p2a: Iron Valiant|Iron Valiant|100/100
|-enditem|p2a: Iron Valiant|Booster Energy
|-activate|p2a: Iron Valiant|ability: Quark Drive|[fromitem]
|-start|p2a: Iron Valiant|quarkdrivespa
|
|-heal|p1a: The Indomitable|81/100|[from] item: Leftovers
|upkeep
|turn|16
|
|t:|1757868773
|move|p2a: Iron Valiant|Moonblast|p1a: The Indomitable
|-damage|p1a: The Indomitable|44/100
|-unboost|p1a: The Indomitable|spa|1
|move|p1a: The Indomitable|Scald|p2a: Iron Valiant
|-damage|p2a: Iron Valiant|70/100
|-status|p2a: Iron Valiant|brn
|
|-heal|p1a: The Indomitable|50/100|[from] item: Leftovers
|-damage|p2a: Iron Valiant|64/100 brn|[from] brn
|upkeep
|turn|17
|
|t:|1757868780
|move|p1a: The Indomitable|Protect|p1a: The Indomitable
|-singleturn|p1a: The Indomitable|Protect
|move|p2a: Iron Valiant|Moonblast|p1a: The Indomitable
|-activate|p1a: The Indomitable|move: Protect
|
|-heal|p1a: The Indomitable|56/100|[from] item: Leftovers
|-damage|p2a: Iron Valiant|58/100 brn|[from] brn
|upkeep
|turn|18
|
|t:|1757868789
|switch|p1a: The Light|Cresselia, F|100/100
|move|p2a: Iron Valiant|Moonblast|p1a: The Light
|-damage|p1a: The Light|58/100
|
|-damage|p2a: Iron Valiant|52/100 brn|[from] brn
|upkeep
|turn|19
|
|t:|1757868798
|move|p1a: The Light|Light Screen|p1a: The Light
|-sidestart|p1: fafewf|move: Light Screen
|move|p2a: Iron Valiant|Moonblast|p1a: The Light
|-damage|p1a: The Light|38/100
|
|-damage|p2a: Iron Valiant|45/100 brn|[from] brn
|upkeep
|turn|20
|
|t:|1757868801
|switch|p1a: The Unbothered|Skeledirge, M|64/100
|move|p2a: Iron Valiant|Shadow Ball|p1a: The Unbothered
|-supereffective|p1a: The Unbothered
|-damage|p1a: The Unbothered|38/100
|
|-damage|p2a: Iron Valiant|39/100 brn|[from] brn
|upkeep
|turn|21
|
|t:|1757868807
|move|p2a: Iron Valiant|Shadow Ball|p1a: The Unbothered
|-supereffective|p1a: The Unbothered
|-damage|p1a: The Unbothered|10/100
|move|p1a: The Unbothered|Slack Off|p1a: The Unbothered
|-heal|p1a: The Unbothered|60/100
|
|-damage|p2a: Iron Valiant|33/100 brn|[from] brn
|upkeep
|turn|22
|
|t:|1757868810
|move|p2a: Iron Valiant|Shadow Ball|p1a: The Unbothered
|-supereffective|p1a: The Unbothered
|-damage|p1a: The Unbothered|33/100
|-unboost|p1a: The Unbothered|spd|1
|move|p1a: The Unbothered|Slack Off|p1a: The Unbothered
|-heal|p1a: The Unbothered|83/100
|
|-damage|p2a: Iron Valiant|27/100 brn|[from] brn
|upkeep
|turn|23
|
|t:|1757868817
|move|p2a: Iron Valiant|Shadow Ball|p1a: The Unbothered
|-supereffective|p1a: The Unbothered
|-damage|p1a: The Unbothered|41/100
|move|p1a: The Unbothered|Hex|p2a: Iron Valiant
|-damage|p2a: Iron Valiant|0 fnt
|faint|p2a: Iron Valiant
|-end|p2a: Iron Valiant|Quark Drive|[silent]
|
|-sideend|p1: fafewf|move: Light Screen
|upkeep
|
|t:|1757868823
|switch|p2a: Ceruledge|Ceruledge, M|100/100
|turn|24
|
|t:|1757868829
|switch|p1a: Landorus.|Landorus-Therian, M|100/100
|-ability|p1a: Landorus.|Intimidate|boost
|-unboost|p2a: Ceruledge|atk|1
|move|p2a: Ceruledge|Swords Dance|p2a: Ceruledge
|-boost|p2a: Ceruledge|atk|2
|
|upkeep
|turn|25
|
|t:|1757868841
|move|p1a: Landorus.|Earthquake|p2a: Ceruledge
|-supereffective|p2a: Ceruledge
|-enditem|p2a: Ceruledge|Focus Sash
|-damage|p2a: Ceruledge|1/100
|-ability|p2a: Ceruledge|Weak Armor|boost
|-unboost|p2a: Ceruledge|def|1
|-boost|p2a: Ceruledge|spe|2
|move|p2a: Ceruledge|Swords Dance|p2a: Ceruledge
|-boost|p2a: Ceruledge|atk|2
|
|upkeep
|turn|26
|
|t:|1757868844
|move|p2a: Ceruledge|Bitter Blade|p1a: Landorus.
|-damage|p1a: Landorus.|0 fnt
|-heal|p2a: Ceruledge|56/100|[from] drain|[of] p1a: Landorus.
|faint|p1a: Landorus.
|
|upkeep
|
|t:|1757868848
|switch|p1a: The Light|Cresselia, F|38/100
|turn|27
|
|t:|1757868862
|move|p2a: Ceruledge|Bitter Blade|p1a: The Light
|-crit|p1a: The Light
|-damage|p1a: The Light|0 fnt
|-heal|p2a: Ceruledge|84/100|[from] drain|[of] p1a: The Light
|faint|p1a: The Light
|
|upkeep
|
|t:|1757868863
|switch|p1a: The Unbothered|Skeledirge, M|41/100
|turn|28
|
|t:|1757868874
|-terastallize|p1a: The Unbothered|Water
|move|p2a: Ceruledge|Shadow Sneak|p1a: The Unbothered
|-damage|p1a: The Unbothered|21/100
|move|p1a: The Unbothered|Slack Off|p1a: The Unbothered
|-heal|p1a: The Unbothered|71/100
|
|upkeep
|turn|29
|
|t:|1757868880
|move|p2a: Ceruledge|Close Combat|p1a: The Unbothered
|-damage|p1a: The Unbothered|36/100
|-unboost|p2a: Ceruledge|def|1
|-unboost|p2a: Ceruledge|spd|1
|move|p1a: The Unbothered|Slack Off|p1a: The Unbothered
|-heal|p1a: The Unbothered|86/100
|
|upkeep
|turn|30
|
|t:|1757868892
|move|p2a: Ceruledge|Close Combat|p1a: The Unbothered
|-damage|p1a: The Unbothered|46/100
|-unboost|p2a: Ceruledge|def|1
|-unboost|p2a: Ceruledge|spd|1
|move|p1a: The Unbothered|Slack Off|p1a: The Unbothered
|-heal|p1a: The Unbothered|96/100
|
|upkeep
|turn|31
|
|t:|1757868896
|move|p2a: Ceruledge|Close Combat|p1a: The Unbothered
|-damage|p1a: The Unbothered|57/100
|-unboost|p2a: Ceruledge|def|1
|-unboost|p2a: Ceruledge|spd|1
|move|p1a: The Unbothered|Hex|p2a: Ceruledge
|-supereffective|p2a: Ceruledge
|-damage|p2a: Ceruledge|28/100
|
|upkeep
|turn|32
|
|t:|1757868912
|move|p2a: Ceruledge|Close Combat|p1a: The Unbothered
|-damage|p1a: The Unbothered|19/100
|-unboost|p2a: Ceruledge|def|1
|-unboost|p2a: Ceruledge|spd|1
|move|p1a: The Unbothered|Slack Off|p1a: The Unbothered
|-heal|p1a: The Unbothered|69/100
|
|upkeep
|turn|33
|
|t:|1757868921
|move|p2a: Ceruledge|Close Combat|p1a: The Unbothered
|-damage|p1a: The Unbothered|35/100
|-unboost|p2a: Ceruledge|def|1
|-unboost|p2a: Ceruledge|spd|1
|move|p1a: The Unbothered|Hex|p2a: Ceruledge
|-supereffective|p2a: Ceruledge
|-damage|p2a: Ceruledge|0 fnt
|faint|p2a: Ceruledge
|
|upkeep
|
|t:|1757868930
|switch|p2a: Gholdengo|Gholdengo|100/100
|-item|p2a: Gholdengo|Air Balloon
|turn|34
|
|t:|1757868937
|move|p2a: Gholdengo|Shadow Ball|p1a: The Unbothered
|-damage|p1a: The Unbothered|8/100
|move|p1a: The Unbothered|Slack Off|p1a: The Unbothered
|-heal|p1a: The Unbothered|58/100
|
|upkeep
|turn|35
|
|t:|1757868943
|move|p2a: Gholdengo|Shadow Ball|p1a: The Unbothered
|-damage|p1a: The Unbothered|33/100
|-unboost|p1a: The Unbothered|spd|1
|move|p1a: The Unbothered|Torch Song|p2a: Gholdengo
|-supereffective|p2a: Gholdengo
|-crit|p2a: Gholdengo
|-damage|p2a: Gholdengo|10/100
|-boost|p1a: The Unbothered|spa|1
|-enditem|p2a: Gholdengo|Air Balloon
|
|upkeep
|turn|36
|
|t:|1757868947
|move|p2a: Gholdengo|Shadow Ball|p1a: The Unbothered
|-damage|p1a: The Unbothered|0 fnt
|faint|p1a: The Unbothered
|
|upkeep
|
|t:|1757868954
|switch|p1a: The Menace|Darkrai|100/100
|-activate|p1a: The Menace|move: Sticky Web
|-unboost|p1a: The Menace|spe|1
|turn|37
|
|t:|1757868958
|move|p1a: The Menace|Dark Pulse|p2a: Gholdengo
|-supereffective|p2a: Gholdengo
|-crit|p2a: Gholdengo
|-damage|p2a: Gholdengo|0 fnt
|faint|p2a: Gholdengo
|
|upkeep
|j| FaronAan
|
|t:|1757868961
|switch|p2a: Deoxys|Deoxys-Speed|100/100
|-ability|p2a: Deoxys|Pressure
|turn|38
|j| Jey2
|
|t:|1757868978
|switch|p1a: The Indomitable|Suicune|56/100
|-activate|p1a: The Indomitable|move: Sticky Web
|-unboost|p1a: The Indomitable|spe|1
|-ability|p1a: The Indomitable|Pressure
|-terastallize|p2a: Deoxys|Fighting
|move|p2a: Deoxys|Nasty Plot|p2a: Deoxys
|-boost|p2a: Deoxys|spa|2
|
|-heal|p1a: The Indomitable|62/100|[from] item: Leftovers
|upkeep
|turn|39
|
|t:|1757868987
|move|p2a: Deoxys|Psycho Boost|p1a: The Indomitable
|-damage|p1a: The Indomitable|0 fnt
|-unboost|p2a: Deoxys|spa|2
|faint|p1a: The Indomitable
|-damage|p2a: Deoxys|91/100|[from] item: Life Orb
|
|upkeep
|
|t:|1757868990
|switch|p1a: The Menace|Darkrai|100/100
|-activate|p1a: The Menace|move: Sticky Web
|-unboost|p1a: The Menace|spe|1
|turn|40
|
|t:|1757868995
|move|p2a: Deoxys|Focus Blast|p1a: The Menace
|-supereffective|p1a: The Menace
|-damage|p1a: The Menace|0 fnt
|faint|p1a: The Menace
|-damage|p2a: Deoxys|81/100|[from] item: Life Orb
|
|upkeep
|
|t:|1757868997
|switch|p1a: The Replacement|Corviknight, M|100/100
|-ability|p1a: The Replacement|Pressure
|turn|41
|
|t:|1757869008
|move|p2a: Deoxys|Focus Blast|p1a: The Replacement
|-damage|p1a: The Replacement|29/100
|-damage|p2a: Deoxys|72/100|[from] item: Life Orb
|move|p1a: The Replacement|Brave Bird|p2a: Deoxys
|-supereffective|p2a: Deoxys
|-damage|p2a: Deoxys|0 fnt
|faint|p2a: Deoxys
|-damage|p1a: The Replacement|15/100|[from] Recoil
|
|upkeep
|j| Dionysos
|
|t:|1757869011
|switch|p2a: Araquanid|Araquanid, M|100/100
|turn|42
|l| Dionysos
|
|t:|1757869013
|move|p1a: The Replacement|Roost|p1a: The Replacement
|-heal|p1a: The Replacement|65/100
|-singleturn|p1a: The Replacement|move: Roost
|move|p2a: Araquanid|Surf|p1a: The Replacement
|-crit|p1a: The Replacement
|-damage|p1a: The Replacement|10/100
|
|upkeep
|turn|43
|
|t:|1757869018
|move|p1a: The Replacement|Roost|p1a: The Replacement
|-heal|p1a: The Replacement|60/100
|-singleturn|p1a: The Replacement|move: Roost
|move|p2a: Araquanid|Surf|p1a: The Replacement
|-damage|p1a: The Replacement|25/100
|
|upkeep
|turn|44
|
|t:|1757869023
|move|p1a: The Replacement|Roost|p1a: The Replacement
|-heal|p1a: The Replacement|75/100
|-singleturn|p1a: The Replacement|move: Roost
|move|p2a: Araquanid|Surf|p1a: The Replacement
|-damage|p1a: The Replacement|41/100
|
|upkeep
|turn|45
|
|t:|1757869028
|move|p1a: The Replacement|Roost|p1a: The Replacement
|-heal|p1a: The Replacement|91/100
|-singleturn|p1a: The Replacement|move: Roost
|move|p2a: Araquanid|Surf|p1a: The Replacement
|-damage|p1a: The Replacement|57/100
|
|upkeep
|turn|46
|
|t:|1757869036
|move|p1a: The Replacement|Roost|p1a: The Replacement
|-heal|p1a: The Replacement|100/100
|-singleturn|p1a: The Replacement|move: Roost
|move|p2a: Araquanid|Surf|p1a: The Replacement
|-damage|p1a: The Replacement|65/100
|
|upkeep
|turn|47
|
|t:|1757869051
|move|p1a: The Replacement|Bulk Up|p1a: The Replacement
|-boost|p1a: The Replacement|atk|1
|-boost|p1a: The Replacement|def|1
|move|p2a: Araquanid|Surf|p1a: The Replacement
|-damage|p1a: The Replacement|30/100
|
|upkeep
|turn|48
|
|t:|1757869054
|move|p2a: Araquanid|Endure|p2a: Araquanid
|-singleturn|p2a: Araquanid|move: Endure
|move|p1a: The Replacement|Roost|p1a: The Replacement
|-heal|p1a: The Replacement|80/100
|-singleturn|p1a: The Replacement|move: Roost
|
|upkeep
|turn|49
|
|t:|1757869057
|move|p1a: The Replacement|Brave Bird|p2a: Araquanid
|-supereffective|p2a: Araquanid
|-damage|p2a: Araquanid|0 fnt
|faint|p2a: Araquanid
|-damage|p1a: The Replacement|52/100|[from] Recoil
|
|win|fafewf
|raw|fafewf's rating: 1686 &rarr; <strong>1712</strong><br />(+26 for winning)
|raw|oehtwashere's rating: 1786 &rarr; <strong>1760</strong><br />(-26 for losing)
|l|☆oehtwashere
|player|p2|
|l| Jey2
|l|☆fafewf
|player|p1|
