|j|☆chiliman200688
|j|☆Kr4ntz
|t:|1757953114
|gametype|singles
|player|p1|chiliman200688|clair|1374
|player|p2|Kr4ntz|265|1394
|gen|9
|tier|[Gen 9] OU
|rated|
|rule|HP Percentage Mod: HP is shown in percentages
|rule|Endless Battle Clause: Forcing endless battles is banned
|rule|Species Clause: Limit one of each Pokémon
|rule|OHKO Clause: OHKO moves are banned
|rule|Evasion Items Clause: Evasion items are banned
|rule|Evasion Moves Clause: Evasion moves are banned
|rule|Evasion Abilities Clause: Evasion abilities are banned
|rule|Sleep Moves Clause: Sleep-inducing moves are banned
|clearpoke
|poke|p1|Raging Bolt|
|poke|p1|Rillaboom, M|
|poke|p1|Hatterene, F|
|poke|p1|Hawlucha, M|
|poke|p1|Great Tusk|
|poke|p1|Heatran, M|
|poke|p2|Avalugg-Hisui, F|
|poke|p2|Dragonite, F|
|poke|p2|Scizor, M|
|poke|p2|Cinderace, F|
|poke|p2|Iron Valiant|
|poke|p2|Ogerpon-Wellspring, F|
|teampreview
|
|t:|1757953123
|teamsize|p1|6
|teamsize|p2|6
|start
|switch|p1a: Rillaboom|Rillaboom, M|100/100
|switch|p2a: Avalugg|Avalugg-Hisui, F|100/100
|-fieldstart|move: Grassy Terrain|[from] ability: Grassy Surge|[of] p1a: Rillaboom
|turn|1
|
|t:|1757953139
|switch|p1a: Hatterene|Hatterene, F|100/100
|-enditem|p1a: Hatterene|Grassy Seed
|-boost|p1a: Hatterene|def|1|[from] item: Grassy Seed
|move|p2a: Avalugg|Icicle Spear|p1a: Hatterene
|-damage|p1a: Hatterene|93/100
|-damage|p1a: Hatterene|84/100
|-damage|p1a: Hatterene|76/100
|-damage|p1a: Hatterene|68/100
|-hitcount|p1a: Hatterene|4
|
|-heal|p1a: Hatterene|74/100|[from] Grassy Terrain
|upkeep
|turn|2
|
|t:|1757953156
|switch|p2a: Cinderace|Cinderace, F|100/100
|move|p1a: Hatterene|Calm Mind|p1a: Hatterene
|-boost|p1a: Hatterene|spa|1
|-boost|p1a: Hatterene|spd|1
|
|-heal|p1a: Hatterene|80/100|[from] Grassy Terrain
|upkeep
|turn|3
|
|t:|1757953164
|move|p2a: Cinderace|Pyro Ball|p1a: Hatterene
|-damage|p1a: Hatterene|49/100
|move|p1a: Hatterene|Psyshock|p2a: Cinderace
|-damage|p2a: Cinderace|22/100
|
|-heal|p2a: Cinderace|28/100|[from] Grassy Terrain
|-heal|p1a: Hatterene|55/100|[from] Grassy Terrain
|upkeep
|turn|4
|
|t:|1757953172
|-terastallize|p2a: Cinderace|Fire
|move|p2a: Cinderace|Pyro Ball|p1a: Hatterene
|-damage|p1a: Hatterene|0 fnt
|faint|p1a: Hatterene
|
|-heal|p2a: Cinderace|34/100|[from] Grassy Terrain
|upkeep
|
|t:|1757953184
|switch|p1a: Rillaboom|Rillaboom, M|100/100
|turn|5
|
|t:|1757953188
|switch|p2a: Scizor|Scizor, M|100/100
|switch|p1a: Heatran|Heatran, M|100/100
|-item|p1a: Heatran|Air Balloon
|
|upkeep
|turn|6
|
|t:|1757953198
|move|p1a: Heatran|Magma Storm|p2a: Scizor
|-supereffective|p2a: Scizor
|-damage|p2a: Scizor|0 fnt
|faint|p2a: Scizor
|
|upkeep
|
|t:|1757953203
|switch|p2a: Ogerpon|Ogerpon-Wellspring, F|100/100
|turn|7
|
|t:|1757953216
|-terastallize|p1a: Heatran|Ghost
|move|p2a: Ogerpon|Ivy Cudgel|p1a: Heatran|[anim] Ivy Cudgel Water
|-damage|p1a: Heatran|52/100
|-enditem|p1a: Heatran|Air Balloon
|move|p1a: Heatran|Magma Storm|p2a: Ogerpon
|-damage|p2a: Ogerpon|53/100
|-activate|p2a: Ogerpon|move: Magma Storm|[of] p1a: Heatran
|
|-heal|p2a: Ogerpon|59/100|[from] Grassy Terrain
|-heal|p1a: Heatran|58/100|[from] Grassy Terrain
|-damage|p2a: Ogerpon|47/100|[from] move: Magma Storm|[partiallytrapped]
|upkeep
|turn|8
|
|t:|1757953223
|move|p2a: Ogerpon|Power Whip|p1a: Heatran
|-damage|p1a: Heatran|0 fnt
|faint|p1a: Heatran
|
|-heal|p2a: Ogerpon|53/100|[from] Grassy Terrain
|-end|p2a: Ogerpon|Magma Storm|[partiallytrapped]|[silent]
|-fieldend|move: Grassy Terrain
|upkeep
|
|t:|1757953227
|switch|p1a: Rillaboom|Rillaboom, M|100/100
|-fieldstart|move: Grassy Terrain|[from] ability: Grassy Surge|[of] p1a: Rillaboom
|turn|9
|
|t:|1757953236
|move|p1a: Rillaboom|Grassy Glide|p2a: Ogerpon
|-damage|p2a: Ogerpon|2/100
|move|p2a: Ogerpon|U-turn|p1a: Rillaboom
|-supereffective|p1a: Rillaboom
|-damage|p1a: Rillaboom|47/100
|
|t:|1757953255
|switch|p2a: Cinderace|Cinderace, F, tera:Fire|34/100|[from] U-turn
|
|-heal|p2a: Cinderace|40/100|[from] Grassy Terrain
|-heal|p1a: Rillaboom|53/100|[from] Grassy Terrain
|upkeep
|turn|10
|
|t:|1757953265
|switch|p1a: Raging Bolt|Raging Bolt|100/100
|move|p2a: Cinderace|High Jump Kick|p1a: Raging Bolt|[miss]
|-miss|p2a: Cinderace|p1a: Raging Bolt
|-damage|p2a: Cinderace|0 fnt|[from] highjumpkick
|faint|p2a: Cinderace
|
|upkeep
|
|t:|1757953273
|switch|p2a: Iron Valiant|Iron Valiant|100/100
|turn|11
|
|t:|1757953276
|move|p2a: Iron Valiant|Moonblast|p1a: Raging Bolt
|-supereffective|p1a: Raging Bolt
|-crit|p1a: Raging Bolt
|-damage|p1a: Raging Bolt|0 fnt
|faint|p1a: Raging Bolt
|-end|p1a: Raging Bolt|Protosynthesis|[silent]
|
|upkeep
|
|t:|1757953284
|switch|p1a: Hawlucha|Hawlucha, M|100/100
|-enditem|p1a: Hawlucha|Grassy Seed
|-boost|p1a: Hawlucha|def|1|[from] item: Grassy Seed
|turn|12
|
|t:|1757953290
|-end|p2a: Iron Valiant|Quark Drive|[silent]
|switch|p2a: Ogerpon|Ogerpon-Wellspring, F|2/100
|move|p1a: Hawlucha|Acrobatics|p2a: Ogerpon
|-supereffective|p2a: Ogerpon
|-damage|p2a: Ogerpon|0 fnt
|faint|p2a: Ogerpon
|
|upkeep
|
|t:|1757953294
|switch|p2a: Avalugg|Avalugg-Hisui, F|100/100
|turn|13
|
|t:|1757953303
|move|p1a: Hawlucha|Close Combat|p2a: Avalugg
|-supereffective|p2a: Avalugg
|-ability|p2a: Avalugg|Sturdy
|-damage|p2a: Avalugg|1/100
|-unboost|p1a: Hawlucha|def|1
|-unboost|p1a: Hawlucha|spd|1
|move|p2a: Avalugg|Icicle Spear|p1a: Hawlucha
|-supereffective|p1a: Hawlucha
|-damage|p1a: Hawlucha|63/100
|-supereffective|p1a: Hawlucha
|-damage|p1a: Hawlucha|28/100
|-supereffective|p1a: Hawlucha
|-damage|p1a: Hawlucha|0 fnt
|faint|p1a: Hawlucha
|-hitcount|p1: Hawlucha|3
|
|-heal|p2a: Avalugg|7/100|[from] Grassy Terrain
|upkeep
|
|t:|1757953322
|switch|p1a: Rillaboom|Rillaboom, M|53/100
|turn|14
|
|t:|1757953325
|move|p1a: Rillaboom|Grassy Glide|p2a: Avalugg
|-supereffective|p2a: Avalugg
|-damage|p2a: Avalugg|0 fnt
|faint|p2a: Avalugg
|
|-heal|p1a: Rillaboom|59/100|[from] Grassy Terrain
|upkeep
|
|t:|1757953328
|switch|p2a: Iron Valiant|Iron Valiant|100/100
|turn|15
|
|t:|1757953331
|move|p1a: Rillaboom|Grassy Glide|p2a: Iron Valiant
|-damage|p2a: Iron Valiant|49/100
|move|p2a: Iron Valiant|Moonblast|p1a: Rillaboom
|-damage|p1a: Rillaboom|0 fnt
|faint|p1a: Rillaboom
|
|-heal|p2a: Iron Valiant|55/100|[from] Grassy Terrain
|upkeep
|
|t:|1757953337
|switch|p1a: Great Tusk|Great Tusk|100/100
|-enditem|p1a: Great Tusk|Booster Energy
|-activate|p1a: Great Tusk|ability: Protosynthesis|[fromitem]
|-start|p1a: Great Tusk|protosynthesisspe
|turn|16
|
|t:|1757953342
|move|p1a: Great Tusk|Headlong Rush|p2a: Iron Valiant
|-damage|p2a: Iron Valiant|0 fnt
|-unboost|p1a: Great Tusk|def|1
|-unboost|p1a: Great Tusk|spd|1
|faint|p2a: Iron Valiant
|-end|p2a: Iron Valiant|Quark Drive|[silent]
|
|-fieldend|move: Grassy Terrain
|upkeep
|
|t:|1757953344
|switch|p2a: Dragonite|Dragonite, F|100/100
|turn|17
|
|t:|1757953350
|move|p1a: Great Tusk|Ice Spinner|p2a: Dragonite
|-supereffective|p2a: Dragonite
|-damage|p2a: Dragonite|50/100
|move|p2a: Dragonite|Dragon Dance|p2a: Dragonite
|-boost|p2a: Dragonite|atk|1
|-boost|p2a: Dragonite|spe|1
|
|upkeep
|turn|18
|
|t:|1757953354
|move|p1a: Great Tusk|Ice Spinner|p2a: Dragonite
|-supereffective|p2a: Dragonite
|-damage|p2a: Dragonite|0 fnt
|faint|p2a: Dragonite
|
|win|chiliman200688
|raw|chiliman200688's rating: 1374 &rarr; <strong>1395</strong><br />(+21 for winning)
|raw|Kr4ntz's rating: 1394 &rarr; <strong>1373</strong><br />(-21 for losing)
|l|☆chiliman200688
|player|p1|
|l|☆Kr4ntz
|player|p2|
