|j|☆abdkkgja
|j|☆disco 2003
|t:|1757910737
|gametype|singles
|player|p1|abdkkgja|lacey|1622
|player|p2|disco 2003|policeman-gen4|1746
|gen|9
|tier|[Gen 9] OU
|rated|
|rule|HP Percentage Mod: HP is shown in percentages
|rule|Endless Battle Clause: Forcing endless battles is banned
|rule|Species Clause: Limit one of each Pokémon
|rule|OHKO Clause: OHKO moves are banned
|rule|Evasion Items Clause: Evasion items are banned
|rule|Evasion Moves Clause: Evasion moves are banned
|rule|Evasion Abilities Clause: Evasion abilities are banned
|rule|Sleep Moves Clause: Sleep-inducing moves are banned
|clearpoke
|poke|p1|Ninetales-Alola, M|
|poke|p1|Ursaluna, F|
|poke|p1|Mew|
|poke|p1|Polteageist|
|poke|p1|Great Tusk|
|poke|p1|Kingambit, M|
|poke|p2|Ceruledge, M|
|poke|p2|Raging Bolt|
|poke|p2|Latias, F|
|poke|p2|Kyurem|
|poke|p2|Ninetales-Alola, F|
|poke|p2|Iron Moth|
|teampreview
|j| Shucklepilled
|
|t:|1757910780
|teamsize|p1|6
|teamsize|p2|6
|start
|switch|p1a: Mew|Mew|100/100
|switch|p2a: MoveMerchant|Iron Moth|100/100
|-enditem|p2a: MoveMerchant|Booster Energy
|-activate|p2a: MoveMerchant|ability: Quark Drive|[fromitem]
|-start|p2a: MoveMerchant|quarkdrivespe
|turn|1
|
|t:|1757910824
|move|p2a: MoveMerchant|Fiery Dance|p1a: Mew
|-crit|p1a: Mew
|-damage|p1a: Mew|37/100
|-boost|p2a: MoveMerchant|spa|1
|move|p1a: Mew|Earthquake|p2a: MoveMerchant
|-supereffective|p2a: MoveMerchant
|-damage|p2a: MoveMerchant|0 fnt
|faint|p2a: MoveMerchant
|-end|p2a: MoveMerchant|Quark Drive|[silent]
|
|upkeep
|
|t:|1757910839
|switch|p2a: bury the light|Ceruledge, M|100/100
|turn|2
|
|t:|1757910845
|move|p1a: Mew|Scale Shot|p2a: bury the light
|-damage|p2a: bury the light|90/100
|-ability|p2a: bury the light|Weak Armor|boost
|-unboost|p2a: bury the light|def|1
|-boost|p2a: bury the light|spe|2
|-damage|p2a: bury the light|75/100
|-ability|p2a: bury the light|Weak Armor|boost
|-unboost|p2a: bury the light|def|1
|-boost|p2a: bury the light|spe|2
|-damage|p2a: bury the light|54/100
|-ability|p2a: bury the light|Weak Armor|boost
|-unboost|p2a: bury the light|def|1
|-boost|p2a: bury the light|spe|2
|-damage|p2a: bury the light|29/100
|-ability|p2a: bury the light|Weak Armor|boost
|-unboost|p2a: bury the light|def|1
|-damage|p2a: bury the light|0 fnt
|faint|p2a: bury the light
|-hitcount|p2: bury the light|5
|-unboost|p1a: Mew|def|1
|-boost|p1a: Mew|spe|1
|
|upkeep
|
|t:|1757910869
|switch|p2a: rng my ahh|Kyurem|100/100
|-ability|p2a: rng my ahh|Pressure
|turn|3
|
|t:|1757910873
|move|p1a: Mew|Scale Shot|p2a: rng my ahh
|-supereffective|p2a: rng my ahh
|-damage|p2a: rng my ahh|86/100
|-supereffective|p2a: rng my ahh
|-damage|p2a: rng my ahh|71/100
|-supereffective|p2a: rng my ahh
|-damage|p2a: rng my ahh|57/100
|-supereffective|p2a: rng my ahh
|-damage|p2a: rng my ahh|40/100
|-hitcount|p2a: rng my ahh|4
|-unboost|p1a: Mew|def|1
|-boost|p1a: Mew|spe|1
|move|p2a: rng my ahh|Scale Shot|p1a: Mew
|-damage|p1a: Mew|10/100
|-damage|p1a: Mew|0 fnt
|faint|p1a: Mew
|-hitcount|p1: Mew|2
|-unboost|p2a: rng my ahh|def|1
|-boost|p2a: rng my ahh|spe|1
|
|upkeep
|
|t:|1757910878
|switch|p1a: Ninetales|Ninetales-Alola, M|100/100
|-weather|Snowscape|[from] ability: Snow Warning|[of] p1a: Ninetales
|turn|4
|
|t:|1757910885
|move|p2a: rng my ahh|Dragon Dance|p2a: rng my ahh
|-boost|p2a: rng my ahh|atk|1
|-boost|p2a: rng my ahh|spe|1
|move|p1a: Ninetales|Aurora Veil|p1a: Ninetales
|-sidestart|p1: abdkkgja|move: Aurora Veil
|
|-weather|Snowscape|[upkeep]
|upkeep
|turn|5
|
|t:|1757910890
|-terastallize|p2a: rng my ahh|Fire
|move|p2a: rng my ahh|Tera Blast|p1a: Ninetales|[anim] Tera Blast Fire
|-supereffective|p1a: Ninetales
|-damage|p1a: Ninetales|39/100
|move|p1a: Ninetales|Moonblast|p2a: rng my ahh
|-resisted|p2a: rng my ahh
|-damage|p2a: rng my ahh|27/100
|
|-weather|Snowscape|[upkeep]
|upkeep
|turn|6
|
|t:|1757910911
|move|p2a: rng my ahh|Tera Blast|p1a: Ninetales|[anim] Tera Blast Fire
|-supereffective|p1a: Ninetales
|-damage|p1a: Ninetales|0 fnt
|faint|p1a: Ninetales
|
|-weather|Snowscape|[upkeep]
|upkeep
|
|t:|1757910925
|switch|p1a: Great Tusk|Great Tusk|100/100
|-enditem|p1a: Great Tusk|Booster Energy
|-activate|p1a: Great Tusk|ability: Protosynthesis|[fromitem]
|-start|p1a: Great Tusk|protosynthesisspe
|turn|7
|
|t:|1757910929
|move|p2a: rng my ahh|Icicle Spear|p1a: Great Tusk
|-supereffective|p1a: Great Tusk
|-damage|p1a: Great Tusk|87/100
|-supereffective|p1a: Great Tusk
|-damage|p1a: Great Tusk|74/100
|-supereffective|p1a: Great Tusk
|-damage|p1a: Great Tusk|62/100
|-supereffective|p1a: Great Tusk
|-damage|p1a: Great Tusk|49/100
|-hitcount|p1a: Great Tusk|4
|move|p1a: Great Tusk|Headlong Rush|p2a: rng my ahh
|-supereffective|p2a: rng my ahh
|-damage|p2a: rng my ahh|0 fnt
|-unboost|p1a: Great Tusk|def|1
|-unboost|p1a: Great Tusk|spd|1
|faint|p2a: rng my ahh
|
|-weather|Snowscape|[upkeep]
|upkeep
|
|t:|1757910939
|switch|p2a: snow bunny|Ninetales-Alola, F|100/100
|turn|8
|
|t:|1757910945
|-end|p1a: Great Tusk|Protosynthesis|[silent]
|switch|p1a: Kingambit|Kingambit, M|100/100
|-activate|p1a: Kingambit|ability: Supreme Overlord
|-start|p1a: Kingambit|fallen2|[silent]
|move|p2a: snow bunny|Aurora Veil|p2a: snow bunny
|-sidestart|p2: disco 2003|move: Aurora Veil
|
|-weather|none
|upkeep
|turn|9
|
|t:|1757910958
|move|p2a: snow bunny|Moonblast|p1a: Kingambit
|-damage|p1a: Kingambit|80/100
|-unboost|p1a: Kingambit|spa|1
|move|p1a: Kingambit|Swords Dance|p1a: Kingambit
|-boost|p1a: Kingambit|atk|2
|
|upkeep
|turn|10
|
|t:|1757910967
|-end|p1a: Kingambit|fallen2|[silent]
|switch|p1a: Ursaluna|Ursaluna, F|100/100
|move|p2a: snow bunny|Encore||[still]
|-fail|p2a: snow bunny
|
|-status|p1a: Ursaluna|brn|[from] item: Flame Orb
|upkeep
|turn|11
|j| A.Omnipotent
|
|t:|1757910972
|move|p2a: snow bunny|Freeze-Dry|p1a: Ursaluna
|-supereffective|p1a: Ursaluna
|-damage|p1a: Ursaluna|73/100 brn
|move|p1a: Ursaluna|Facade|p2a: snow bunny
|-damage|p2a: snow bunny|4/100
|
|-damage|p1a: Ursaluna|66/100 brn|[from] brn
|-sideend|p1: abdkkgja|move: Aurora Veil
|upkeep
|turn|12
|
|t:|1757910980
|move|p2a: snow bunny|Freeze-Dry|p1a: Ursaluna
|-supereffective|p1a: Ursaluna
|-damage|p1a: Ursaluna|13/100 brn
|move|p1a: Ursaluna|Facade|p2a: snow bunny
|-damage|p2a: snow bunny|0 fnt
|faint|p2a: snow bunny
|
|-damage|p1a: Ursaluna|7/100 brn|[from] brn
|upkeep
|j| qiji1
|
|t:|1757910998
|switch|p2a: 50/50|Raging Bolt|100/100
|-enditem|p2a: 50/50|Booster Energy
|-activate|p2a: 50/50|ability: Protosynthesis|[fromitem]
|-start|p2a: 50/50|protosynthesisspa
|turn|13
|j| isaac_gam3r
|
|t:|1757911001
|move|p1a: Ursaluna|Facade|p2a: 50/50
|-damage|p2a: 50/50|46/100
|move|p2a: 50/50|Dragon Pulse|p1a: Ursaluna
|-damage|p1a: Ursaluna|0 fnt
|faint|p1a: Ursaluna
|
|upkeep
|
|t:|1757911007
|switch|p1a: Polteageist|Polteageist|100/100
|turn|14
|
|t:|1757911032
|switch|p1a: Great Tusk|Great Tusk|49/100
|move|p2a: 50/50|Thunderbolt|p1a: Great Tusk
|-immune|p1a: Great Tusk
|
|upkeep
|turn|15
|
|t:|1757911048
|-end|p1a: Great Tusk|Protosynthesis|[silent]
|switch|p1a: Kingambit|Kingambit, M|80/100
|-activate|p1a: Kingambit|ability: Supreme Overlord
|-start|p1a: Kingambit|fallen3|[silent]
|move|p2a: 50/50|Dragon Pulse|p1a: Kingambit
|-resisted|p1a: Kingambit
|-damage|p1a: Kingambit|43/100
|
|-sideend|p2: disco 2003|move: Aurora Veil
|upkeep
|turn|16
|
|t:|1757911055
|move|p1a: Kingambit|Low Kick|p2a: 50/50
|-damage|p2a: 50/50|4/100
|move|p2a: 50/50|Dragon Pulse|p1a: Kingambit
|-resisted|p1a: Kingambit
|-damage|p1a: Kingambit|6/100
|
|upkeep
|turn|17
|
|t:|1757911059
|move|p1a: Kingambit|Sucker Punch|p2a: 50/50
|-damage|p2a: 50/50|0 fnt
|faint|p2a: 50/50
|-end|p2a: 50/50|Protosynthesis|[silent]
|
|upkeep
|
|t:|1757911061
|switch|p2a: realpsyspam|Latias, F|100/100
|turn|18
|
|t:|1757911064
|move|p2a: realpsyspam|Aura Sphere|p1a: Kingambit
|-supereffective|p1a: Kingambit
|-damage|p1a: Kingambit|0 fnt
|faint|p1a: Kingambit
|-end|p1a: Kingambit|fallen3|[silent]
|
|upkeep
|
|t:|1757911066
|switch|p1a: Polteageist|Polteageist|100/100
|turn|19
|
|t:|1757911073
|move|p2a: realpsyspam|Agility|p2a: realpsyspam
|-boost|p2a: realpsyspam|spe|2
|move|p1a: Polteageist|Shell Smash|p1a: Polteageist
|-unboost|p1a: Polteageist|def|1
|-unboost|p1a: Polteageist|spd|1
|-boost|p1a: Polteageist|atk|2
|-boost|p1a: Polteageist|spa|2
|-boost|p1a: Polteageist|spe|2
|-enditem|p1a: Polteageist|White Herb
|-clearnegativeboost|p1a: Polteageist|[silent]
|
|upkeep
|turn|20
|
|t:|1757911082
|move|p2a: realpsyspam|Calm Mind|p2a: realpsyspam
|-boost|p2a: realpsyspam|spa|1
|-boost|p2a: realpsyspam|spd|1
|move|p1a: Polteageist|Shell Smash|p1a: Polteageist
|-unboost|p1a: Polteageist|def|1
|-unboost|p1a: Polteageist|spd|1
|-boost|p1a: Polteageist|atk|2
|-boost|p1a: Polteageist|spa|2
|-boost|p1a: Polteageist|spe|2
|
|upkeep
|turn|21
|
|t:|1757911090
|move|p1a: Polteageist|Shadow Ball|p2a: realpsyspam
|-supereffective|p2a: realpsyspam
|-damage|p2a: realpsyspam|0 fnt
|faint|p2a: realpsyspam
|
|win|abdkkgja
|raw|abdkkgja's rating: 1622 &rarr; <strong>1649</strong><br />(+27 for winning)
|raw|disco 2003's rating: 1746 &rarr; <strong>1719</strong><br />(-27 for losing)
|l|☆disco 2003
|player|p2|
|l|☆abdkkgja
|player|p1|
|l| A.Omnipotent
|l| qiji1
|l| isaac_gam3r
