|j|☆MayatazKJ
|j|☆Whatsapp Liligant
|t:|1757849357
|gametype|singles
|player|p1|MayatazKJ|2|1367
|player|p2|Whatsapp Liligant|cheryl|1318
|gen|9
|tier|[Gen 9] OU
|rated|
|rule|HP Percentage Mod: HP is shown in percentages
|rule|Endless Battle Clause: Forcing endless battles is banned
|rule|Species Clause: Limit one of each Pokémon
|rule|OHKO Clause: OHKO moves are banned
|rule|Evasion Items Clause: Evasion items are banned
|rule|Evasion Moves Clause: Evasion moves are banned
|rule|Evasion Abilities Clause: Evasion abilities are banned
|rule|Sleep Moves Clause: Sleep-inducing moves are banned
|clearpoke
|poke|p1|Tyranitar, F|
|poke|p1|Excadrill, F|
|poke|p1|Keldeo-Resolute|
|poke|p1|Tornadus-Therian, M|
|poke|p1|Heatran, M|
|poke|p1|Hydrapple, M|
|poke|p2|Gumshoos, M|
|poke|p2|Probopass, M|
|poke|p2|Scrafty, M|
|poke|p2|Dragapult, M|
|poke|p2|Iron Hands|
|poke|p2|Inteleon, M|
|teampreview
|
|t:|1757849374
|teamsize|p1|6
|teamsize|p2|6
|start
|switch|p1a: Tyranitar|Tyranitar, F|100/100
|switch|p2a: Trump|Gumshoos, M|100/100
|-weather|Sandstorm|[from] ability: Sand Stream|[of] p1a: Tyranitar
|turn|1
|
|t:|1757849395
|move|p1a: Tyranitar|Knock Off|p2a: Trump
|-enditem|p2a: Trump|Focus Sash
|-damage|p2a: Trump|1/100
|move|p2a: Trump|Reversal|p1a: Tyranitar
|-supereffective|p1a: Tyranitar
|-damage|p1a: Tyranitar|0 fnt
|faint|p1a: Tyranitar
|
|-weather|Sandstorm|[upkeep]
|-damage|p2a: Trump|0 fnt|[from] Sandstorm
|faint|p2a: Trump
|upkeep
|
|t:|1757849415
|switch|p1a: Excadrill|Excadrill, F|100/100
|switch|p2a: B-2 Stealth Bomber|Dragapult, M|100/100
|-item|p1a: Excadrill|Air Balloon
|turn|2
|
|t:|1757849424
|move|p1a: Excadrill|Earthquake|p2a: B-2 Stealth Bomber
|-damage|p2a: B-2 Stealth Bomber|21/100
|move|p2a: B-2 Stealth Bomber|Reflect|p2a: B-2 Stealth Bomber
|-sidestart|p2: Whatsapp Liligant|Reflect
|
|-weather|Sandstorm|[upkeep]
|-damage|p2a: B-2 Stealth Bomber|15/100|[from] Sandstorm
|upkeep
|turn|3
|
|t:|1757849429
|move|p1a: Excadrill|Earthquake|p2a: B-2 Stealth Bomber
|-damage|p2a: B-2 Stealth Bomber|0 fnt
|faint|p2a: B-2 Stealth Bomber
|
|-weather|Sandstorm|[upkeep]
|upkeep
|
|t:|1757849455
|switch|p2a: Hoodlum|Scrafty, M|100/100
|turn|4
|
|t:|1757849462
|switch|p1a: Hydrapple|Hydrapple, M|100/100
|move|p2a: Hoodlum|Drain Punch|p1a: Hydrapple
|-damage|p1a: Hydrapple|88/100
|-damage|p2a: Hoodlum|84/100|[from] item: Rocky Helmet|[of] p1a: Hydrapple
|
|-weather|Sandstorm|[upkeep]
|-damage|p2a: Hoodlum|78/100|[from] Sandstorm
|-damage|p1a: Hydrapple|82/100|[from] Sandstorm
|-heal|p2a: Hoodlum|84/100|[from] item: Leftovers
|upkeep
|turn|5
|
|t:|1757849469
|move|p2a: Hoodlum|Bulk Up|p2a: Hoodlum
|-boost|p2a: Hoodlum|atk|1
|-boost|p2a: Hoodlum|def|1
|move|p1a: Hydrapple|Giga Drain|p2a: Hoodlum
|-damage|p2a: Hoodlum|62/100
|-heal|p1a: Hydrapple|91/100|[from] drain|[of] p2a: Hoodlum
|
|-weather|none
|-heal|p2a: Hoodlum|68/100|[from] item: Leftovers
|upkeep
|turn|6
|
|t:|1757849478
|move|p2a: Hoodlum|Knock Off|p1a: Hydrapple
|-damage|p1a: Hydrapple|65/100
|-damage|p2a: Hoodlum|52/100|[from] item: Rocky Helmet|[of] p1a: Hydrapple
|-enditem|p1a: Hydrapple|Rocky Helmet|[from] move: Knock Off|[of] p2a: Hoodlum
|move|p1a: Hydrapple|Giga Drain|p2a: Hoodlum
|-damage|p2a: Hoodlum|30/100
|-heal|p1a: Hydrapple|73/100|[from] drain|[of] p2a: Hoodlum
|
|-heal|p2a: Hoodlum|36/100|[from] item: Leftovers
|upkeep
|turn|7
|
|t:|1757849486
|move|p2a: Hoodlum|Drain Punch|p1a: Hydrapple
|-damage|p1a: Hydrapple|52/100
|-heal|p2a: Hoodlum|49/100|[from] drain|[of] p1a: Hydrapple
|move|p1a: Hydrapple|Fickle Beam|p2a: Hoodlum
|-damage|p2a: Hoodlum|27/100
|
|-heal|p2a: Hoodlum|33/100|[from] item: Leftovers
|upkeep
|turn|8
|
|t:|1757849495
|move|p2a: Hoodlum|Rest|p2a: Hoodlum
|-status|p2a: Hoodlum|slp|[from] move: Rest
|-heal|p2a: Hoodlum|100/100 slp|[silent]
|move|p1a: Hydrapple|Giga Drain|p2a: Hoodlum
|-damage|p2a: Hoodlum|80/100 slp
|-heal|p1a: Hydrapple|60/100|[from] drain|[of] p2a: Hoodlum
|
|-heal|p2a: Hoodlum|86/100 slp|[from] item: Leftovers
|upkeep
|turn|9
|
|t:|1757849501
|cant|p2a: Hoodlum|slp
|move|p1a: Hydrapple|Nasty Plot|p1a: Hydrapple
|-boost|p1a: Hydrapple|spa|2
|
|-activate|p2a: Hoodlum|ability: Shed Skin
|-curestatus|p2a: Hoodlum|slp|[msg]
|-heal|p2a: Hoodlum|92/100|[from] item: Leftovers
|-sideend|p2: Whatsapp Liligant|Reflect
|upkeep
|turn|10
|
|t:|1757849505
|move|p2a: Hoodlum|Bulk Up|p2a: Hoodlum
|-boost|p2a: Hoodlum|atk|1
|-boost|p2a: Hoodlum|def|1
|move|p1a: Hydrapple|Giga Drain|p2a: Hoodlum
|-damage|p2a: Hoodlum|51/100
|-heal|p1a: Hydrapple|77/100|[from] drain|[of] p2a: Hoodlum
|
|-heal|p2a: Hoodlum|57/100|[from] item: Leftovers
|upkeep
|turn|11
|
|t:|1757849516
|move|p2a: Hoodlum|Drain Punch|p1a: Hydrapple
|-damage|p1a: Hydrapple|52/100
|-heal|p2a: Hoodlum|72/100|[from] drain|[of] p1a: Hydrapple
|move|p1a: Hydrapple|Giga Drain|p2a: Hoodlum
|-damage|p2a: Hoodlum|30/100
|-heal|p1a: Hydrapple|70/100|[from] drain|[of] p2a: Hoodlum
|
|-heal|p2a: Hoodlum|36/100|[from] item: Leftovers
|upkeep
|turn|12
|
|t:|1757849526
|move|p2a: Hoodlum|Drain Punch|p1a: Hydrapple
|-damage|p1a: Hydrapple|43/100
|-heal|p2a: Hoodlum|53/100|[from] drain|[of] p1a: Hydrapple
|move|p1a: Hydrapple|Giga Drain|p2a: Hoodlum
|-damage|p2a: Hoodlum|11/100
|-heal|p1a: Hydrapple|60/100|[from] drain|[of] p2a: Hoodlum
|
|-heal|p2a: Hoodlum|17/100|[from] item: Leftovers
|upkeep
|turn|13
|
|t:|1757849532
|move|p2a: Hoodlum|Drain Punch|p1a: Hydrapple
|-damage|p1a: Hydrapple|34/100
|-heal|p2a: Hoodlum|33/100|[from] drain|[of] p1a: Hydrapple
|move|p1a: Hydrapple|Giga Drain|p2a: Hoodlum
|-damage|p2a: Hoodlum|0 fnt
|-heal|p1a: Hydrapple|47/100|[from] drain|[of] p2a: Hoodlum
|faint|p2a: Hoodlum
|
|upkeep
|
|t:|1757849536
|switch|p2a: Charlie Kirk|Inteleon, M|100/100
|turn|14
|
|t:|1757849546
|-terastallize|p1a: Hydrapple|Fairy
|move|p2a: Charlie Kirk|Ice Beam|p1a: Hydrapple
|-damage|p1a: Hydrapple|13/100
|move|p1a: Hydrapple|Giga Drain|p2a: Charlie Kirk
|-supereffective|p2a: Charlie Kirk
|-damage|p2a: Charlie Kirk|0 fnt
|-heal|p1a: Hydrapple|53/100|[from] drain|[of] p2a: Charlie Kirk
|faint|p2a: Charlie Kirk
|
|upkeep
|
|t:|1757849551
|switch|p2a: Oi vey|Probopass, M|100/100
|turn|15
|-message|Whatsapp Liligant forfeited.
|
|win|MayatazKJ
|raw|MayatazKJ's rating: 1367 &rarr; <strong>1384</strong><br />(+17 for winning)
|raw|Whatsapp Liligant's rating: 1318 &rarr; <strong>1301</strong><br />(-17 for losing)
|l|☆Whatsapp Liligant
|player|p2|
|l|☆MayatazKJ
|player|p1|
