|j|☆intelPearl
|j|☆epicgamer069420
|t:|1757830048
|gametype|singles
|player|p1|intelPearl|bellelba|1581
|player|p2|epicgamer069420|hilbert|1597
|gen|9
|tier|[Gen 9] OU
|rated|
|rule|HP Percentage Mod: HP is shown in percentages
|rule|Endless Battle Clause: Forcing endless battles is banned
|rule|Species Clause: Limit one of each Pokémon
|rule|OHKO Clause: OHKO moves are banned
|rule|Evasion Items Clause: Evasion items are banned
|rule|Evasion Moves Clause: Evasion moves are banned
|rule|Evasion Abilities Clause: Evasion abilities are banned
|rule|Sleep Moves Clause: Sleep-inducing moves are banned
|clearpoke
|poke|p1|Enamorus, F|
|poke|p1|Samurott-Hisui, F|
|poke|p1|Alomomola, F|
|poke|p1|Primarina, M|
|poke|p1|Kyurem|
|poke|p1|Great Tusk|
|poke|p2|Landorus-Therian, M|
|poke|p2|Ribombee, M|
|poke|p2|Gholdengo|
|poke|p2|Iron Moth|
|poke|p2|Raging Bolt|
|poke|p2|Kingambit, M|
|teampreview
|inactive|Battle timer is ON: inactive players will automatically lose when time's up. (requested by epicgamer069420)
|inactive|epicgamer069420 has 120 seconds left.
|inactive|epicgamer069420 has 90 seconds left.
|inactive|epicgamer069420 has 60 seconds left.
|inactive|epicgamer069420 has 30 seconds left.
|
|t:|1757830176
|teamsize|p1|6
|teamsize|p2|6
|start
|switch|p1a: Kyurem|Kyurem|100/100
|switch|p2a: ROBO-KY|Ribombee, M|100/100
|-ability|p1a: Kyurem|Pressure
|turn|1
|
|t:|1757830182
|move|p2a: ROBO-KY|Moonblast|p1a: Kyurem
|-supereffective|p1a: Kyurem
|-damage|p1a: Kyurem|30/100
|move|p1a: Kyurem|Dragon Dance|p1a: Kyurem
|-boost|p1a: Kyurem|atk|1
|-boost|p1a: Kyurem|spe|1
|
|upkeep
|turn|2
|
|t:|1757830192
|switch|p2a: Defiant t'il end|Kingambit, M|100/100
|move|p1a: Kyurem|Icicle Spear|p2a: Defiant t'il end
|-resisted|p2a: Defiant t'il end
|-damage|p2a: Defiant t'il end|91/100
|-resisted|p2a: Defiant t'il end
|-damage|p2a: Defiant t'il end|82/100
|-hitcount|p2a: Defiant t'il end|2
|
|upkeep
|turn|3
|
|t:|1757830203
|switch|p1a: Alomomola|Alomomola, F|100/100
|move|p2a: Defiant t'il end|Iron Head|p1a: Alomomola
|-resisted|p1a: Alomomola
|-damage|p1a: Alomomola|88/100
|
|upkeep
|turn|4
|
|t:|1757830209
|move|p2a: Defiant t'il end|Kowtow Cleave|p1a: Alomomola
|-damage|p1a: Alomomola|60/100
|move|p1a: Alomomola|Flip Turn|p2a: Defiant t'il end
|-damage|p2a: Defiant t'il end|66/100
|inactive|intelPearl has 120 seconds left.
|
|t:|1757830241
|switch|p1a: Great Tusk|Great Tusk|100/100|[from] Flip Turn
|
|upkeep
|turn|5
|inactive|epicgamer069420 has 120 seconds left.
|
|t:|1757830253
|-end|p2a: Defiant t'il end|fallenundefined|[silent]
|switch|p2a: Deep Blue Sea|Landorus-Therian, M|100/100
|-ability|p2a: Deep Blue Sea|Intimidate|boost
|-unboost|p1a: Great Tusk|atk|1
|move|p1a: Great Tusk|Rapid Spin|p2a: Deep Blue Sea
|-damage|p2a: Deep Blue Sea|88/100
|-boost|p1a: Great Tusk|spe|1
|
|upkeep
|turn|6
|
|t:|1757830260
|move|p1a: Great Tusk|Ice Spinner|p2a: Deep Blue Sea
|-supereffective|p2a: Deep Blue Sea
|-damage|p2a: Deep Blue Sea|0 fnt
|faint|p2a: Deep Blue Sea
|
|upkeep
|
|t:|1757830268
|switch|p2a: Cleanup Celestial|Raging Bolt|100/100
|-enditem|p2a: Cleanup Celestial|Booster Energy
|-activate|p2a: Cleanup Celestial|ability: Protosynthesis|[fromitem]
|-start|p2a: Cleanup Celestial|protosynthesisspa
|turn|7
|inactive|intelPearl has 120 seconds left.
|
|t:|1757830299
|move|p1a: Great Tusk|Headlong Rush|p2a: Cleanup Celestial
|-supereffective|p2a: Cleanup Celestial
|-damage|p2a: Cleanup Celestial|27/100
|-unboost|p1a: Great Tusk|def|1
|-unboost|p1a: Great Tusk|spd|1
|move|p2a: Cleanup Celestial|Calm Mind|p2a: Cleanup Celestial
|-boost|p2a: Cleanup Celestial|spa|1
|-boost|p2a: Cleanup Celestial|spd|1
|
|upkeep
|turn|8
|
|t:|1757830304
|move|p1a: Great Tusk|Headlong Rush|p2a: Cleanup Celestial
|-supereffective|p2a: Cleanup Celestial
|-damage|p2a: Cleanup Celestial|0 fnt
|-unboost|p1a: Great Tusk|def|1
|-unboost|p1a: Great Tusk|spd|1
|faint|p2a: Cleanup Celestial
|-end|p2a: Cleanup Celestial|Protosynthesis|[silent]
|
|upkeep
|
|t:|1757830309
|switch|p2a: ROBO-KY|Ribombee, M|100/100
|turn|9
|inactive|intelPearl has 120 seconds left.
|
|t:|1757830337
|-end|p1a: Great Tusk|Protosynthesis|[silent]
|switch|p1a: Enamorus|Enamorus, F|100/100
|move|p2a: ROBO-KY|Moonblast|p1a: Enamorus
|-damage|p1a: Enamorus|45/100
|-boost|p1a: Enamorus|spa|1
|
|upkeep
|turn|10
|inactive|intelPearl has 120 seconds left.
|
|t:|1757830348
|move|p1a: Enamorus|Moonblast|p2a: ROBO-KY
|-enditem|p2a: ROBO-KY|Focus Sash
|-damage|p2a: ROBO-KY|1/100
|move|p2a: ROBO-KY|Sticky Web|p1a: Enamorus
|-sidestart|p1: intelPearl|move: Sticky Web
|
|upkeep
|turn|11
|inactive|intelPearl has 120 seconds left.
|inactive|intelPearl has 90 seconds left.
|
|t:|1757830394
|move|p1a: Enamorus|Moonblast|p2a: ROBO-KY
|-damage|p2a: ROBO-KY|0 fnt
|faint|p2a: ROBO-KY
|
|upkeep
|
|t:|1757830397
|switch|p2a: Last Surprise|Iron Moth|100/100
|turn|12
|
|t:|1757830401
|move|p1a: Enamorus|Moonblast|p2a: Last Surprise
|-resisted|p2a: Last Surprise
|-damage|p2a: Last Surprise|81/100
|-unboost|p2a: Last Surprise|spa|1
|move|p2a: Last Surprise|Fiery Dance|p1a: Enamorus
|-damage|p1a: Enamorus|2/100
|-boost|p2a: Last Surprise|spa|1
|
|upkeep
|turn|13
|
|t:|1757830406
|move|p1a: Enamorus|Moonblast|p2a: Last Surprise
|-resisted|p2a: Last Surprise
|-damage|p2a: Last Surprise|62/100
|move|p2a: Last Surprise|Fiery Dance|p1a: Enamorus
|-damage|p1a: Enamorus|0 fnt
|faint|p1a: Enamorus
|
|upkeep
|
|t:|1757830413
|switch|p1a: Samurott|Samurott-Hisui, F|100/100
|-activate|p1a: Samurott|move: Sticky Web
|-unboost|p1a: Samurott|spe|1
|turn|14
|
|t:|1757830426
|move|p2a: Last Surprise|Sludge Wave|p1a: Samurott
|-damage|p1a: Samurott|14/100
|-status|p1a: Samurott|psn
|move|p1a: Samurott|Ceaseless Edge|p2a: Last Surprise
|-damage|p2a: Last Surprise|0 fnt
|-sidestart|p2: epicgamer069420|Spikes
|faint|p2a: Last Surprise
|-end|p2a: Last Surprise|Quark Drive|[silent]
|
|-damage|p1a: Samurott|1/100 psn|[from] psn
|upkeep
|
|t:|1757830431
|switch|p2a: Defiant t'il end|Kingambit, M|66/100
|-damage|p2a: Defiant t'il end|54/100|[from] Spikes
|-activate|p2a: Defiant t'il end|ability: Supreme Overlord
|-start|p2a: Defiant t'il end|fallen4|[silent]
|turn|15
|inactive|intelPearl has 120 seconds left.
|
|t:|1757830454
|move|p2a: Defiant t'il end|Swords Dance|p2a: Defiant t'il end
|-boost|p2a: Defiant t'il end|atk|2
|move|p1a: Samurott|Aqua Cutter|p2a: Defiant t'il end
|-damage|p2a: Defiant t'il end|12/100
|
|-damage|p1a: Samurott|0 fnt|[from] psn
|faint|p1a: Samurott
|upkeep
|
|t:|1757830462
|switch|p1a: Alomomola|Alomomola, F|93/100
|turn|16
|
|t:|1757830466
|move|p2a: Defiant t'il end|Kowtow Cleave|p1a: Alomomola
|-damage|p1a: Alomomola|21/100
|move|p1a: Alomomola|Scald|p2a: Defiant t'il end
|-damage|p2a: Defiant t'il end|0 fnt
|faint|p2a: Defiant t'il end
|-end|p2a: Defiant t'il end|fallen4|[silent]
|
|upkeep
|
|t:|1757830469
|switch|p2a: 24th Avenue|Gholdengo|100/100
|-item|p2a: 24th Avenue|Air Balloon
|turn|17
|inactive|intelPearl has 120 seconds left.
|
|t:|1757830485
|move|p2a: 24th Avenue|Shadow Ball|p1a: Alomomola
|-damage|p1a: Alomomola|0 fnt
|faint|p1a: Alomomola
|
|upkeep
|
|t:|1757830488
|switch|p1a: Primarina|Primarina, M|100/100
|-activate|p1a: Primarina|move: Sticky Web
|-unboost|p1a: Primarina|spe|1
|turn|18
|
|t:|1757830499
|move|p2a: 24th Avenue|Nasty Plot|p2a: 24th Avenue
|-boost|p2a: 24th Avenue|spa|2
|move|p1a: Primarina|Calm Mind|p1a: Primarina
|-boost|p1a: Primarina|spa|1
|-boost|p1a: Primarina|spd|1
|
|upkeep
|turn|19
|
|t:|1757830507
|move|p2a: 24th Avenue|Nasty Plot|p2a: 24th Avenue
|-boost|p2a: 24th Avenue|spa|2
|move|p1a: Primarina|Surf|p2a: 24th Avenue
|-damage|p2a: 24th Avenue|36/100
|-enditem|p2a: 24th Avenue|Air Balloon
|
|upkeep
|turn|20
|
|t:|1757830517
|switch|p1a: Kyurem|Kyurem|30/100
|-activate|p1a: Kyurem|move: Sticky Web
|-unboost|p1a: Kyurem|spe|1
|-ability|p1a: Kyurem|Pressure
|move|p2a: 24th Avenue|Shadow Ball|p1a: Kyurem
|-damage|p1a: Kyurem|0 fnt
|faint|p1a: Kyurem
|
|upkeep
|
|t:|1757830519
|switch|p1a: Primarina|Primarina, M|100/100
|-activate|p1a: Primarina|move: Sticky Web
|-unboost|p1a: Primarina|spe|1
|turn|21
|
|t:|1757830529
|move|p2a: 24th Avenue|Make It Rain|p1a: Primarina
|-damage|p1a: Primarina|0 fnt
|-unboost|p2a: 24th Avenue|spa|1
|faint|p1a: Primarina
|
|upkeep
|-message|intelPearl forfeited.
|
|win|epicgamer069420
|raw|intelPearl's rating: 1581 &rarr; <strong>1562</strong><br />(-19 for losing)
|raw|epicgamer069420's rating: 1597 &rarr; <strong>1616</strong><br />(+19 for winning)
|l|☆intelPearl
|player|p1|
|l|☆epicgamer069420
|player|p2|
