|j|☆MrMarlboro
|j|☆w1ldf1st
|t:|1757855477
|gametype|singles
|player|p1|MrMarlboro|skier|1180
|player|p2|w1ldf1st|lucas|1157
|gen|9
|tier|[Gen 9] OU
|rated|
|rule|HP Percentage Mod: HP is shown in percentages
|rule|Endless Battle Clause: Forcing endless battles is banned
|rule|Species Clause: Limit one of each Pokémon
|rule|OHKO Clause: OHKO moves are banned
|rule|Evasion Items Clause: Evasion items are banned
|rule|Evasion Moves Clause: Evasion moves are banned
|rule|Evasion Abilities Clause: Evasion abilities are banned
|rule|Sleep Moves Clause: Sleep-inducing moves are banned
|clearpoke
|poke|p1|Gliscor, M|
|poke|p1|Scizor, M|
|poke|p1|Darkrai|
|poke|p1|Zapdos|
|poke|p1|Toxapex, F|
|poke|p1|Blissey, F|
|poke|p2|Blaziken, M|
|poke|p2|Grimmsnarl, M|
|poke|p2|Gliscor, M|
|poke|p2|Ogerpon-Wellspring, F|
|poke|p2|Scizor, M|
|poke|p2|Iron Valiant|
|teampreview
|
|t:|1757855483
|teamsize|p1|6
|teamsize|p2|6
|start
|switch|p1a: Blissey|Blissey, F|100/100
|switch|p2a: Even Yeagar|Grimmsnarl, M|100/100
|turn|1
|inactive|Battle timer is ON: inactive players will automatically lose when time's up. (requested by w1ldf1st)
|
|t:|1757855490
|move|p2a: Even Yeagar|Taunt|p1a: Blissey
|-start|p1a: Blissey|move: Taunt
|cant|p1a: Blissey|move: Taunt|Thunder Wave
|
|upkeep
|turn|2
|
|t:|1757855498
|move|p2a: Even Yeagar|Light Screen|p2a: Even Yeagar
|-sidestart|p2: w1ldf1st|move: Light Screen
|move|p1a: Blissey|Seismic Toss|p2a: Even Yeagar
|-damage|p2a: Even Yeagar|75/100
|
|upkeep
|turn|3
|
|t:|1757855505
|move|p2a: Even Yeagar|Reflect|p2a: Even Yeagar
|-sidestart|p2: w1ldf1st|Reflect
|move|p1a: Blissey|Seismic Toss|p2a: Even Yeagar
|-damage|p2a: Even Yeagar|50/100
|
|-end|p1a: Blissey|move: Taunt
|upkeep
|turn|4
|
|t:|1757855513
|move|p2a: Even Yeagar|Taunt|p1a: Blissey
|-start|p1a: Blissey|move: Taunt
|move|p1a: Blissey|Seismic Toss|p2a: Even Yeagar
|-damage|p2a: Even Yeagar|24/100
|
|upkeep
|turn|5
|
|t:|1757855521
|move|p2a: Even Yeagar|Spirit Break|p1a: Blissey
|-damage|p1a: Blissey|74/100
|-unboost|p1a: Blissey|spa|1
|move|p1a: Blissey|Seismic Toss|p2a: Even Yeagar
|-damage|p2a: Even Yeagar|0 fnt
|faint|p2a: Even Yeagar
|
|-heal|p1a: Blissey|80/100|[from] item: Leftovers
|upkeep
|
|t:|1757855533
|switch|p2a: Sanji|Blaziken, M|100/100
|turn|6
|
|t:|1757855544
|switch|p1a: Zapdos|Zapdos|100/100
|-ability|p1a: Zapdos|Pressure
|move|p2a: Sanji|Focus Energy|p2a: Sanji
|-start|p2a: Sanji|move: Focus Energy
|
|-ability|p2a: Sanji|Speed Boost|boost
|-boost|p2a: Sanji|spe|1
|upkeep
|turn|7
|
|t:|1757855554
|move|p2a: Sanji|Protect|p2a: Sanji
|-singleturn|p2a: Sanji|Protect
|move|p1a: Zapdos|Hurricane|p2a: Sanji
|-activate|p2a: Sanji|move: Protect
|
|-ability|p2a: Sanji|Speed Boost|boost
|-boost|p2a: Sanji|spe|1
|upkeep
|turn|8
|
|t:|1757855568
|-terastallize|p2a: Sanji|Fire
|move|p2a: Sanji|Overheat|p1a: Zapdos
|-crit|p1a: Zapdos
|-damage|p1a: Zapdos|4/100
|-unboost|p2a: Sanji|spa|2
|move|p1a: Zapdos|Hurricane|p2a: Sanji
|-damage|p2a: Sanji|58/100
|
|-heal|p1a: Zapdos|10/100|[from] item: Leftovers
|-ability|p2a: Sanji|Speed Boost|boost
|-boost|p2a: Sanji|spe|1
|upkeep
|turn|9
|
|t:|1757855592
|move|p2a: Sanji|Overheat|p1a: Zapdos
|-crit|p1a: Zapdos
|-damage|p1a: Zapdos|0 fnt
|-unboost|p2a: Sanji|spa|2
|faint|p1a: Zapdos
|
|-sideend|p2: w1ldf1st|move: Light Screen
|-ability|p2a: Sanji|Speed Boost|boost
|-boost|p2a: Sanji|spe|1
|upkeep
|
|t:|1757855599
|switch|p1a: Gliscor|Gliscor, M|100/100
|turn|10
|
|t:|1757855605
|move|p2a: Sanji|Overheat|p1a: Gliscor
|-crit|p1a: Gliscor
|-damage|p1a: Gliscor|0 fnt
|-unboost|p2a: Sanji|spa|2
|faint|p1a: Gliscor
|
|-sideend|p2: w1ldf1st|Reflect
|-ability|p2a: Sanji|Speed Boost|boost
|-boost|p2a: Sanji|spe|1
|upkeep
|
|t:|1757855612
|switch|p1a: Toxapex|Toxapex, F|100/100
|turn|11
|
|t:|1757855619
|move|p1a: Toxapex|Baneful Bunker|p1a: Toxapex
|-singleturn|p1a: Toxapex|move: Protect
|move|p2a: Sanji|Overheat|p1a: Toxapex
|-activate|p1a: Toxapex|move: Protect
|
|-ability|p2a: Sanji|Speed Boost|boost
|-boost|p2a: Sanji|spe|1
|upkeep
|turn|12
|
|t:|1757855629
|move|p2a: Sanji|Overheat|p1a: Toxapex
|-resisted|p1a: Toxapex
|-crit|p1a: Toxapex
|-damage|p1a: Toxapex|60/100
|move|p1a: Toxapex|Infestation|p2a: Sanji
|-resisted|p2a: Sanji
|-damage|p2a: Sanji|55/100
|-activate|p2a: Sanji|move: Infestation|[of] p1a: Toxapex
|
|-heal|p1a: Toxapex|66/100|[from] item: Black Sludge
|-damage|p2a: Sanji|43/100|[from] move: Infestation|[partiallytrapped]
|upkeep
|turn|13
|
|t:|1757855641
|move|p2a: Sanji|Close Combat|p1a: Toxapex
|-resisted|p1a: Toxapex
|-crit|p1a: Toxapex
|-damage|p1a: Toxapex|36/100
|-unboost|p2a: Sanji|def|1
|-unboost|p2a: Sanji|spd|1
|move|p1a: Toxapex|Recover|p1a: Toxapex
|-heal|p1a: Toxapex|86/100
|
|-heal|p1a: Toxapex|93/100|[from] item: Black Sludge
|-damage|p2a: Sanji|31/100|[from] move: Infestation|[partiallytrapped]
|upkeep
|turn|14
|
|t:|1757855654
|move|p2a: Sanji|Close Combat|p1a: Toxapex
|-resisted|p1a: Toxapex
|-crit|p1a: Toxapex
|-damage|p1a: Toxapex|64/100
|-unboost|p2a: Sanji|def|1
|-unboost|p2a: Sanji|spd|1
|move|p1a: Toxapex|Toxic Spikes|p2a: Sanji
|-sidestart|p2: w1ldf1st|move: Toxic Spikes
|
|-heal|p1a: Toxapex|70/100|[from] item: Black Sludge
|-damage|p2a: Sanji|18/100|[from] move: Infestation|[partiallytrapped]
|upkeep
|turn|15
|
|t:|1757855668
|move|p1a: Toxapex|Baneful Bunker|p1a: Toxapex
|-singleturn|p1a: Toxapex|move: Protect
|move|p2a: Sanji|Close Combat|p1a: Toxapex
|-activate|p1a: Toxapex|move: Protect
|-status|p2a: Sanji|psn
|
|-heal|p1a: Toxapex|76/100|[from] item: Black Sludge
|-damage|p2a: Sanji|6/100 psn|[from] psn
|-damage|p2a: Sanji|0 fnt|[from] move: Infestation|[partiallytrapped]
|faint|p2a: Sanji
|upkeep
|
|t:|1757855690
|switch|p2a: Ilia Topuira|Scizor, M|100/100
|turn|16
|
|t:|1757855698
|move|p2a: Ilia Topuira|Swords Dance|p2a: Ilia Topuira
|-boost|p2a: Ilia Topuira|atk|2
|move|p1a: Toxapex|Infestation|p2a: Ilia Topuira
|-resisted|p2a: Ilia Topuira
|-damage|p2a: Ilia Topuira|99/100
|-activate|p2a: Ilia Topuira|move: Infestation|[of] p1a: Toxapex
|
|-heal|p1a: Toxapex|83/100|[from] item: Black Sludge
|-damage|p2a: Ilia Topuira|86/100|[from] move: Infestation|[partiallytrapped]
|upkeep
|turn|17
|
|t:|1757855709
|switch|p1a: Darkrai|Darkrai|100/100
|move|p2a: Ilia Topuira|Swords Dance|p2a: Ilia Topuira
|-boost|p2a: Ilia Topuira|atk|2
|
|-end|p2a: Ilia Topuira|Infestation|[partiallytrapped]|[silent]
|upkeep
|turn|18
|
|t:|1757855720
|move|p2a: Ilia Topuira|Bullet Punch|p1a: Darkrai
|-damage|p1a: Darkrai|0 fnt
|faint|p1a: Darkrai
|-damage|p2a: Ilia Topuira|76/100|[from] item: Life Orb
|
|upkeep
|-message|MrMarlboro forfeited.
|
|win|w1ldf1st
|raw|MrMarlboro's rating: 1180 &rarr; <strong>1153</strong><br />(-27 for losing)
|raw|w1ldf1st's rating: 1157 &rarr; <strong>1184</strong><br />(+27 for winning)
|l|☆MrMarlboro
|player|p1|
