|j|☆pastagirl !!
|j|☆Nolpac
|t:|1757837459
|gametype|singles
|player|p1|pastagirl !!|elesa|1586
|player|p2|Nolpac|yancy|1581
|gen|9
|tier|[Gen 9] OU
|rated|
|rule|HP Percentage Mod: HP is shown in percentages
|rule|Endless Battle Clause: Forcing endless battles is banned
|rule|Species Clause: Limit one of each Pokémon
|rule|OHKO Clause: OHKO moves are banned
|rule|Evasion Items Clause: Evasion items are banned
|rule|Evasion Moves Clause: Evasion moves are banned
|rule|Evasion Abilities Clause: Evasion abilities are banned
|rule|Sleep Moves Clause: Sleep-inducing moves are banned
|clearpoke
|poke|p1|Cresselia, F|
|poke|p1|Hatterene, F|
|poke|p1|Porygon2|
|poke|p1|Ursaluna, F|
|poke|p1|Iron Hands|
|poke|p1|Torkoal, F|
|poke|p2|Toxapex, M|
|poke|p2|Corviknight, M|
|poke|p2|Weezing-Galar, F|
|poke|p2|Quagsire, F|
|poke|p2|Gliscor, F|
|poke|p2|Blissey, F|
|teampreview
|inactive|Battle timer is ON: inactive players will automatically lose when time's up. (requested by Nolpac)
|
|t:|1757837482
|teamsize|p1|6
|teamsize|p2|6
|start
|switch|p1a: ERASERHEAD|Porygon2|100/100
|switch|p2a: Toxapex|Toxapex, M|100/100
|-ability|p1a: ERASERHEAD|Download|boost
|-boost|p1a: ERASERHEAD|spa|1
|turn|1
|
|t:|1757837509
|move|p2a: Toxapex|Infestation|p1a: ERASERHEAD
|-damage|p1a: ERASERHEAD|98/100
|-activate|p1a: ERASERHEAD|move: Infestation|[of] p2a: Toxapex
|move|p1a: ERASERHEAD|Trick Room|p1a: ERASERHEAD
|-fieldstart|move: Trick Room|[of] p1a: ERASERHEAD
|
|-damage|p1a: ERASERHEAD|86/100|[from] move: Infestation|[partiallytrapped]
|upkeep
|turn|2
|
|t:|1757837520
|move|p2a: Toxapex|Acid Spray|p1a: ERASERHEAD
|-damage|p1a: ERASERHEAD|77/100
|-unboost|p1a: ERASERHEAD|spd|2
|move|p1a: ERASERHEAD|Thunderbolt|p2a: Toxapex
|-supereffective|p2a: Toxapex
|-damage|p2a: Toxapex|52/100
|
|-damage|p1a: ERASERHEAD|65/100|[from] move: Infestation|[partiallytrapped]
|upkeep
|turn|3
|
|t:|1757837536
|switch|p2a: Blissey|Blissey, F|100/100
|move|p1a: ERASERHEAD|Thunderbolt|p2a: Blissey
|-damage|p2a: Blissey|87/100
|
|-heal|p2a: Blissey|93/100|[from] item: Leftovers
|-end|p1a: ERASERHEAD|Infestation|[partiallytrapped]|[silent]
|upkeep
|turn|4
|j| Disscratch
|
|t:|1757837545
|switch|p1a: LOST HIGHWAY|Ursaluna, F|100/100
|move|p2a: Blissey|Calm Mind|p2a: Blissey
|-boost|p2a: Blissey|spa|1
|-boost|p2a: Blissey|spd|1
|
|-heal|p2a: Blissey|99/100|[from] item: Leftovers
|-status|p1a: LOST HIGHWAY|brn|[from] item: Flame Orb
|upkeep
|turn|5
|
|t:|1757837557
|switch|p2a: Weezing|Weezing-Galar, F|100/100
|-ability|p2a: Weezing|Neutralizing Gas
|move|p1a: LOST HIGHWAY|Swords Dance|p1a: LOST HIGHWAY
|-boost|p1a: LOST HIGHWAY|atk|2
|
|-damage|p1a: LOST HIGHWAY|94/100 brn|[from] brn
|-fieldend|move: Trick Room
|upkeep
|turn|6
|
|t:|1757837571
|-terastallize|p2a: Weezing|Ghost
|move|p2a: Weezing|Pain Split|p1a: LOST HIGHWAY
|-sethp|p1a: LOST HIGHWAY|83/100 brn|[from] move: Pain Split|[silent]
|-sethp|p2a: Weezing|100/100|[from] move: Pain Split
|move|p1a: LOST HIGHWAY|Facade|p2a: Weezing
|-immune|p2a: Weezing
|
|-damage|p1a: LOST HIGHWAY|77/100 brn|[from] brn
|upkeep
|turn|7
|inactive|pastagirl !! has 120 seconds left.
|
|t:|1757837621
|move|p2a: Weezing|Sludge Bomb|p1a: LOST HIGHWAY
|-resisted|p1a: LOST HIGHWAY
|-damage|p1a: LOST HIGHWAY|66/100 brn
|move|p1a: LOST HIGHWAY|Headlong Rush|p2a: Weezing
|-damage|p2a: Weezing|50/100
|-unboost|p1a: LOST HIGHWAY|def|1
|-unboost|p1a: LOST HIGHWAY|spd|1
|
|-heal|p2a: Weezing|56/100|[from] item: Leftovers
|-damage|p1a: LOST HIGHWAY|60/100 brn|[from] brn
|upkeep
|turn|8
|
|t:|1757837630
|-end|p2a: Weezing|ability: Neutralizing Gas
|switch|p2a: Corviknight|Corviknight, M|100/100
|-ability|p2a: Corviknight|Pressure
|switch|p1a: WILD AT HEART|Cresselia, F|100/100
|
|upkeep
|turn|9
|
|t:|1757837637
|switch|p2a: Gliscor|Gliscor, F|100/100
|move|p1a: WILD AT HEART|Trick Room|p1a: WILD AT HEART
|-fieldstart|move: Trick Room|[of] p1a: WILD AT HEART
|
|-status|p2a: Gliscor|tox|[from] item: Toxic Orb
|upkeep
|turn|10
|
|t:|1757837645
|switch|p1a: BLUE VELVET|Hatterene, F|100/100
|move|p2a: Gliscor|Swords Dance|p2a: Gliscor
|-boost|p2a: Gliscor|atk|2
|
|upkeep
|turn|11
|
|t:|1757837660
|move|p1a: BLUE VELVET|Healing Wish|p1a: BLUE VELVET
|faint|p1a: BLUE VELVET
|move|p2a: Gliscor|Facade|p1: BLUE VELVET|[notarget]
|-fail|p2a: Gliscor
|
|upkeep
|
|t:|1757837663
|switch|p1a: FIRE WALK WITH ME|Torkoal, F|100/100
|-weather|SunnyDay|[from] ability: Drought|[of] p1a: FIRE WALK WITH ME
|turn|12
|
|t:|1757837669
|-terastallize|p1a: FIRE WALK WITH ME|Fire
|move|p2a: Gliscor|Protect|p2a: Gliscor
|-singleturn|p2a: Gliscor|Protect
|move|p1a: FIRE WALK WITH ME|Eruption|p2a: Gliscor
|-activate|p2a: Gliscor|move: Protect
|
|-weather|SunnyDay|[upkeep]
|upkeep
|turn|13
|
|t:|1757837673
|switch|p2a: Toxapex|Toxapex, M|85/100
|move|p1a: FIRE WALK WITH ME|Eruption|p2a: Toxapex
|-resisted|p2a: Toxapex
|-damage|p2a: Toxapex|30/100
|
|-weather|SunnyDay|[upkeep]
|-fieldend|move: Trick Room
|upkeep
|turn|14
|inactive|Nolpac has 120 seconds left.
|inactive|Nolpac has 90 seconds left.
|
|t:|1757837734
|switch|p2a: Blissey|Blissey, F|99/100
|move|p1a: FIRE WALK WITH ME|Eruption|p2a: Blissey
|-damage|p2a: Blissey|37/100
|
|-weather|SunnyDay|[upkeep]
|-heal|p2a: Blissey|43/100|[from] item: Leftovers
|upkeep
|turn|15
|
|t:|1757837739
|switch|p2a: Toxapex|Toxapex, M|63/100
|move|p1a: FIRE WALK WITH ME|Eruption|p2a: Toxapex
|-resisted|p2a: Toxapex
|-damage|p2a: Toxapex|12/100
|
|-weather|SunnyDay|[upkeep]
|upkeep
|turn|16
|
|t:|1757837746
|switch|p2a: Gliscor|Gliscor, F|100/100 tox
|move|p1a: FIRE WALK WITH ME|Eruption|p2a: Gliscor
|-damage|p2a: Gliscor|0 fnt
|faint|p2a: Gliscor
|
|-weather|none
|upkeep
|
|t:|1757837748
|switch|p2a: Blissey|Blissey, F|43/100
|turn|17
|
|t:|1757837758
|switch|p1a: THE ELEPHANT MAN|Iron Hands|100/100
|move|p2a: Blissey|Soft-Boiled|p2a: Blissey
|-heal|p2a: Blissey|93/100
|
|-heal|p2a: Blissey|99/100|[from] item: Leftovers
|upkeep
|turn|18
|inactive|Nolpac has 120 seconds left.
|
|t:|1757837770
|switch|p2a: Quagsire|Quagsire, F|100/100
|move|p1a: THE ELEPHANT MAN|Swords Dance|p1a: THE ELEPHANT MAN
|-boost|p1a: THE ELEPHANT MAN|atk|2
|
|upkeep
|turn|19
|
|t:|1757837774
|move|p2a: Quagsire|Toxic|p1a: THE ELEPHANT MAN
|-status|p1a: THE ELEPHANT MAN|tox
|move|p1a: THE ELEPHANT MAN|Close Combat|p2a: Quagsire
|-damage|p2a: Quagsire|32/100
|-unboost|p1a: THE ELEPHANT MAN|def|1
|-unboost|p1a: THE ELEPHANT MAN|spd|1
|-damage|p1a: THE ELEPHANT MAN|91/100 tox|[from] item: Life Orb
|
|-heal|p2a: Quagsire|38/100|[from] item: Leftovers
|-damage|p1a: THE ELEPHANT MAN|84/100 tox|[from] psn
|upkeep
|turn|20
|
|t:|1757837793
|-end|p1a: THE ELEPHANT MAN|Quark Drive|[silent]
|switch|p1a: WILD AT HEART|Cresselia, F|100/100
|move|p2a: Quagsire|Recover|p2a: Quagsire
|-heal|p2a: Quagsire|88/100
|
|-heal|p2a: Quagsire|94/100|[from] item: Leftovers
|upkeep
|turn|21
|
|t:|1757837803
|switch|p2a: Toxapex|Toxapex, M|46/100
|move|p1a: WILD AT HEART|Trick Room|p1a: WILD AT HEART
|-fieldstart|move: Trick Room|[of] p1a: WILD AT HEART
|
|upkeep
|turn|22
|
|t:|1757837813
|switch|p2a: Corviknight|Corviknight, M|100/100
|-ability|p2a: Corviknight|Pressure
|switch|p1a: FIRE WALK WITH ME|Torkoal, F, tera:Fire|100/100
|-weather|SunnyDay|[from] ability: Drought|[of] p1a: FIRE WALK WITH ME
|
|-weather|SunnyDay|[upkeep]
|upkeep
|turn|23
|
|t:|1757837826
|switch|p2a: Toxapex|Toxapex, M|79/100
|move|p1a: FIRE WALK WITH ME|Eruption|p2a: Toxapex
|-resisted|p2a: Toxapex
|-crit|p2a: Toxapex
|-damage|p2a: Toxapex|0 fnt
|faint|p2a: Toxapex
|
|-weather|SunnyDay|[upkeep]
|upkeep
|
|t:|1757837835
|switch|p2a: Blissey|Blissey, F|99/100
|turn|24
|
|t:|1757837838
|switch|p1a: THE ELEPHANT MAN|Iron Hands|84/100 tox
|-heal|p1a: THE ELEPHANT MAN|100/100|[from] move: Healing Wish
|move|p2a: Blissey|Soft-Boiled|p2a: Blissey
|-heal|p2a: Blissey|100/100
|
|-weather|SunnyDay|[upkeep]
|upkeep
|turn|25
|
|t:|1757837842
|switch|p2a: Quagsire|Quagsire, F|94/100
|move|p1a: THE ELEPHANT MAN|Swords Dance|p1a: THE ELEPHANT MAN
|-boost|p1a: THE ELEPHANT MAN|atk|2
|
|-weather|SunnyDay|[upkeep]
|-heal|p2a: Quagsire|99/100|[from] item: Leftovers
|-fieldend|move: Trick Room
|upkeep
|turn|26
|
|t:|1757837848
|-end|p1a: THE ELEPHANT MAN|Quark Drive|[silent]
|switch|p1a: ERASERHEAD|Porygon2|65/100
|-ability|p1a: ERASERHEAD|Download|boost
|-boost|p1a: ERASERHEAD|spa|1
|move|p2a: Quagsire|Spikes|p1a: ERASERHEAD
|-sidestart|p1: pastagirl !!|Spikes
|
|-weather|none
|-heal|p2a: Quagsire|100/100|[from] item: Leftovers
|upkeep
|turn|27
|
|t:|1757837857
|switch|p2a: Blissey|Blissey, F|100/100
|move|p1a: ERASERHEAD|Trick Room|p1a: ERASERHEAD
|-fieldstart|move: Trick Room|[of] p1a: ERASERHEAD
|
|upkeep
|turn|28
|
|t:|1757837873
|switch|p1a: THE ELEPHANT MAN|Iron Hands|100/100
|-damage|p1a: THE ELEPHANT MAN|88/100|[from] Spikes
|move|p2a: Blissey|Stealth Rock|p1a: THE ELEPHANT MAN
|-sidestart|p1: pastagirl !!|move: Stealth Rock
|
|upkeep
|turn|29
|
|t:|1757837878
|switch|p2a: Quagsire|Quagsire, F|100/100
|move|p1a: THE ELEPHANT MAN|Close Combat|p2a: Quagsire
|-crit|p2a: Quagsire
|-damage|p2a: Quagsire|9/100
|-unboost|p1a: THE ELEPHANT MAN|def|1
|-unboost|p1a: THE ELEPHANT MAN|spd|1
|-damage|p1a: THE ELEPHANT MAN|78/100|[from] item: Life Orb
|
|-heal|p2a: Quagsire|15/100|[from] item: Leftovers
|upkeep
|turn|30
|
|t:|1757837883
|move|p1a: THE ELEPHANT MAN|Swords Dance|p1a: THE ELEPHANT MAN
|-boost|p1a: THE ELEPHANT MAN|atk|2
|move|p2a: Quagsire|Toxic|p1a: THE ELEPHANT MAN
|-status|p1a: THE ELEPHANT MAN|tox
|
|-heal|p2a: Quagsire|21/100|[from] item: Leftovers
|-damage|p1a: THE ELEPHANT MAN|72/100 tox|[from] psn
|upkeep
|turn|31
|inactive|Nolpac has 120 seconds left.
|
|t:|1757837920
|switch|p2a: Corviknight|Corviknight, M|100/100
|-ability|p2a: Corviknight|Pressure
|move|p1a: THE ELEPHANT MAN|Close Combat|p2a: Corviknight
|-damage|p2a: Corviknight|0 fnt
|-unboost|p1a: THE ELEPHANT MAN|def|1
|-unboost|p1a: THE ELEPHANT MAN|spd|1
|-damage|p1a: THE ELEPHANT MAN|55/100 tox|[from] item: Rocky Helmet|[of] p2a: Corviknight
|faint|p2a: Corviknight
|-damage|p1a: THE ELEPHANT MAN|46/100 tox|[from] item: Life Orb
|
|-damage|p1a: THE ELEPHANT MAN|33/100 tox|[from] psn
|-fieldend|move: Trick Room
|upkeep
|j| amgodzchild
|l| Disscratch
|inactive|Nolpac has 90 seconds left.
|
|t:|1757837950
|switch|p2a: Weezing|Weezing-Galar, F, tera:Ghost|56/100
|-ability|p2a: Weezing|Neutralizing Gas
|turn|32
|
|t:|1757837959
|-end|p1a: THE ELEPHANT MAN|Quark Drive|[silent]
|switch|p1a: WILD AT HEART|Cresselia, F|100/100
|-damage|p1a: WILD AT HEART|88/100|[from] Spikes
|-damage|p1a: WILD AT HEART|76/100|[from] Stealth Rock
|move|p2a: Weezing|Sludge Bomb|p1a: WILD AT HEART
|-damage|p1a: WILD AT HEART|57/100
|
|-heal|p1a: WILD AT HEART|63/100|[from] item: Leftovers
|-heal|p2a: Weezing|62/100|[from] item: Leftovers
|upkeep
|turn|33
|inactive|Nolpac has 90 seconds left.
|
|t:|1757837979
|-end|p2a: Weezing|ability: Neutralizing Gas
|switch|p2a: Blissey|Blissey, F|100/100
|move|p1a: WILD AT HEART|Trick Room|p1a: WILD AT HEART
|-fieldstart|move: Trick Room|[of] p1a: WILD AT HEART
|
|-heal|p1a: WILD AT HEART|69/100|[from] item: Leftovers
|upkeep
|turn|34
|inactive|Nolpac has 90 seconds left.
|
|t:|1757837997
|move|p2a: Blissey|Calm Mind|p2a: Blissey
|-boost|p2a: Blissey|spa|1
|-boost|p2a: Blissey|spd|1
|move|p1a: WILD AT HEART|Lunar Dance|p1a: WILD AT HEART
|faint|p1a: WILD AT HEART
|
|upkeep
|-message|Nolpac forfeited.
|
|win|pastagirl !!
|raw|pastagirl !!'s rating: 1586 &rarr; <strong>1606</strong><br />(+20 for winning)
|raw|Nolpac's rating: 1581 &rarr; <strong>1561</strong><br />(-20 for losing)
|l|☆Nolpac
|player|p2|
