|j|☆moron tester
|j|☆thraxxedout!
|t:|1757905321
|gametype|singles
|player|p1|moron tester|101|1402
|player|p2|thraxxedout!|1|1356
|gen|9
|tier|[Gen 9] OU
|rated|
|rule|HP Percentage Mod: HP is shown in percentages
|rule|Endless Battle Clause: Forcing endless battles is banned
|rule|Species Clause: Limit one of each Pokémon
|rule|OHKO Clause: OHKO moves are banned
|rule|Evasion Items Clause: Evasion items are banned
|rule|Evasion Moves Clause: Evasion moves are banned
|rule|Evasion Abilities Clause: Evasion abilities are banned
|rule|Sleep Moves Clause: Sleep-inducing moves are banned
|clearpoke
|poke|p1|Quaquaval, F|
|poke|p1|Tornadus-Therian, M|
|poke|p1|Pecharunt|
|poke|p1|Great Tusk|
|poke|p1|Heatran, F|
|poke|p1|Ting-Lu|
|poke|p2|Ting-Lu|
|poke|p2|Metagross|
|poke|p2|Weezing-Galar, M|
|poke|p2|Kommo-o, M|
|poke|p2|Araquanid, F|
|poke|p2|Brambleghast, M|
|teampreview
|
|t:|1757905339
|teamsize|p1|6
|teamsize|p2|6
|start
|switch|p1a: Heatran|Heatran, F|100/100
|switch|p2a: Jewel 🍃|Brambleghast, M|100/100
|turn|1
|
|t:|1757905349
|move|p2a: Jewel 🍃|Leech Seed|p1a: Heatran
|-start|p1a: Heatran|move: Leech Seed
|move|p1a: Heatran|Stealth Rock|p2a: Jewel 🍃
|-sidestart|p2: thraxxedout!|move: Stealth Rock
|
|-damage|p1a: Heatran|88/100|[from] Leech Seed|[of] p2a: Jewel 🍃
|upkeep
|turn|2
|
|t:|1757905352
|switch|p2a: Dover 🎣|Araquanid, F|100/100
|-damage|p2a: Dover 🎣|75/100|[from] Stealth Rock
|switch|p1a: Pecharunt|Pecharunt|100/100
|
|upkeep
|turn|3
|
|t:|1757905359
|move|p1a: Pecharunt|Malignant Chain|p2a: Dover 🎣
|-damage|p2a: Dover 🎣|50/100
|-status|p2a: Dover 🎣|tox
|-start|p2a: Dover 🎣|confusion|[from] ability: Poison Puppeteer|[of] p1a: Pecharunt
|-activate|p2a: Dover 🎣|confusion
|move|p2a: Dover 🎣|Sticky Web|p1a: Pecharunt
|-sidestart|p1: moron tester|move: Sticky Web
|
|-damage|p2a: Dover 🎣|44/100 tox|[from] psn
|upkeep
|turn|4
|
|t:|1757905368
|switch|p2a: Mob 🤖|Metagross|100/100
|-damage|p2a: Mob 🤖|94/100|[from] Stealth Rock
|move|p1a: Pecharunt|Parting Shot|p2a: Mob 🤖
|-fail|p2a: Mob 🤖|unboost|[from] ability: Clear Body|[of] p2a: Mob 🤖
|
|upkeep
|turn|5
|
|t:|1757905373
|switch|p1a: Great Tusk|Great Tusk|100/100
|-activate|p1a: Great Tusk|move: Sticky Web
|-unboost|p1a: Great Tusk|spe|1
|move|p2a: Mob 🤖|Knock Off|p1a: Great Tusk
|-resisted|p1a: Great Tusk
|-damage|p1a: Great Tusk|85/100
|-damage|p2a: Mob 🤖|78/100|[from] item: Rocky Helmet|[of] p1a: Great Tusk
|-enditem|p1a: Great Tusk|Rocky Helmet|[from] move: Knock Off|[of] p2a: Mob 🤖
|-damage|p2a: Mob 🤖|68/100|[from] item: Life Orb
|
|upkeep
|turn|6
|
|t:|1757905382
|switch|p2a: Jewel 🍃|Brambleghast, M|100/100
|move|p1a: Great Tusk|Ice Spinner|p2a: Jewel 🍃
|-supereffective|p2a: Jewel 🍃
|-damage|p2a: Jewel 🍃|34/100
|
|upkeep
|turn|7
|
|t:|1757905388
|-end|p1a: Great Tusk|Protosynthesis|[silent]
|switch|p1a: Heatran|Heatran, F|88/100
|-activate|p1a: Heatran|move: Sticky Web
|-unboost|p1a: Heatran|spe|1
|move|p2a: Jewel 🍃|Strength Sap|p1a: Heatran
|-unboost|p1a: Heatran|atk|1
|-heal|p2a: Jewel 🍃|86/100
|
|-heal|p1a: Heatran|94/100|[from] item: Leftovers
|upkeep
|turn|8
|
|t:|1757905398
|switch|p2a: Mai-Tai 🥡|Ting-Lu|100/100
|-damage|p2a: Mai-Tai 🥡|94/100|[from] Stealth Rock
|-ability|p2a: Mai-Tai 🥡|Vessel of Ruin
|switch|p1a: Tornadus|Tornadus-Therian, M|100/100
|
|-heal|p2a: Mai-Tai 🥡|100/100|[from] item: Leftovers
|upkeep
|turn|9
|
|t:|1757905410
|move|p1a: Tornadus|Taunt|p2a: Mai-Tai 🥡
|-start|p2a: Mai-Tai 🥡|move: Taunt
|cant|p2a: Mai-Tai 🥡|move: Taunt|Stealth Rock
|
|upkeep
|turn|10
|
|t:|1757905415
|switch|p1a: Pecharunt|Pecharunt|100/100
|move|p2a: Mai-Tai 🥡|Ruination|p1a: Pecharunt
|-damage|p1a: Pecharunt|50/100
|
|upkeep
|turn|11
|
|t:|1757905424
|move|p1a: Pecharunt|Parting Shot|p2a: Mai-Tai 🥡
|-unboost|p2a: Mai-Tai 🥡|atk|1
|-unboost|p2a: Mai-Tai 🥡|spa|1
|
|t:|1757905427
|switch|p1a: Great Tusk|Great Tusk|85/100|[from] Parting Shot
|-activate|p1a: Great Tusk|move: Sticky Web
|-unboost|p1a: Great Tusk|spe|1
|move|p2a: Mai-Tai 🥡|Earthquake|p1a: Great Tusk
|-damage|p1a: Great Tusk|69/100
|
|-end|p2a: Mai-Tai 🥡|move: Taunt
|upkeep
|turn|12
|
|t:|1757905438
|move|p1a: Great Tusk|Knock Off|p2a: Mai-Tai 🥡
|-resisted|p2a: Mai-Tai 🥡
|-damage|p2a: Mai-Tai 🥡|93/100
|-enditem|p2a: Mai-Tai 🥡|Leftovers|[from] move: Knock Off|[of] p1a: Great Tusk
|move|p2a: Mai-Tai 🥡|Ruination|p1a: Great Tusk
|-damage|p1a: Great Tusk|35/100
|
|upkeep
|turn|13
|
|t:|1757905444
|switch|p2a: Jewel 🍃|Brambleghast, M|86/100
|move|p1a: Great Tusk|Ice Spinner|p2a: Jewel 🍃
|-supereffective|p2a: Jewel 🍃
|-damage|p2a: Jewel 🍃|16/100
|
|upkeep
|turn|14
|
|t:|1757905455
|move|p2a: Jewel 🍃|Strength Sap|p1a: Great Tusk
|-unboost|p1a: Great Tusk|atk|1
|-heal|p2a: Jewel 🍃|100/100
|move|p1a: Great Tusk|Knock Off|p2a: Jewel 🍃
|-supereffective|p2a: Jewel 🍃
|-damage|p2a: Jewel 🍃|49/100
|-enditem|p2a: Jewel 🍃|Heavy-Duty Boots|[from] move: Knock Off|[of] p1a: Great Tusk
|
|upkeep
|turn|15
|
|t:|1757905461
|-end|p1a: Great Tusk|Protosynthesis|[silent]
|switch|p1a: Heatran|Heatran, F|94/100
|-activate|p1a: Heatran|move: Sticky Web
|-unboost|p1a: Heatran|spe|1
|move|p2a: Jewel 🍃|Strength Sap|p1a: Heatran
|-unboost|p1a: Heatran|atk|1
|-heal|p2a: Jewel 🍃|100/100
|
|-heal|p1a: Heatran|100/100|[from] item: Leftovers
|upkeep
|turn|16
|l|☆thraxxedout!
|player|p2|
|inactive|Battle timer is ON: inactive players will automatically lose when time's up. (requested by moron tester)
|inactive|thraxxedout! has 30 seconds to reconnect!
|inactive|thraxxedout! has 20 seconds to reconnect!
|inactive|thraxxedout! has 15 seconds to reconnect!
|inactive|thraxxedout! has 10 seconds to reconnect!
|inactive|thraxxedout! has 5 seconds to reconnect!
|-message|thraxxedout! lost due to inactivity.
|
|win|moron tester
|raw|moron tester's rating: 1402 &rarr; <strong>1419</strong><br />(+17 for winning)
|raw|thraxxedout!'s rating: 1356 &rarr; <strong>1339</strong><br />(-17 for losing)
