|j|☆Truffle buddah
|j|☆flygonisdragon
|t:|1757834542
|gametype|singles
|player|p1|Truffle buddah|265|1507
|player|p2|flygonisdragon|serena-masters|1508
|gen|9
|tier|[Gen 9] OU
|rated|
|rule|HP Percentage Mod: HP is shown in percentages
|rule|Endless Battle Clause: Forcing endless battles is banned
|rule|Species Clause: Limit one of each Pokémon
|rule|OHKO Clause: OHKO moves are banned
|rule|Evasion Items Clause: Evasion items are banned
|rule|Evasion Moves Clause: Evasion moves are banned
|rule|Evasion Abilities Clause: Evasion abilities are banned
|rule|Sleep Moves Clause: Sleep-inducing moves are banned
|clearpoke
|poke|p1|Hydrapple, M|
|poke|p1|Hatterene, F|
|poke|p1|Iron Hands|
|poke|p1|Slowking-Galar, F|
|poke|p1|Donphan, M|
|poke|p1|Dragonite, M|
|poke|p2|Volcanion|
|poke|p2|Metagross|
|poke|p2|Zamazenta-*|
|poke|p2|Rillaboom, M|
|poke|p2|Fezandipiti, M|
|poke|p2|Regidrago|
|teampreview
|
|t:|1757834570
|teamsize|p1|6
|teamsize|p2|6
|start
|switch|p1a: Slowking|Slowking-Galar, F|100/100
|switch|p2a: Metagross|Metagross|100/100
|turn|1
|
|t:|1757834579
|move|p2a: Metagross|Stealth Rock|p1a: Slowking
|-sidestart|p1: Truffle buddah|move: Stealth Rock
|move|p1a: Slowking|Trick Room|p1a: Slowking
|-fieldstart|move: Trick Room|[of] p1a: Slowking
|
|upkeep
|turn|2
|
|t:|1757834584
|switch|p1a: Hydrapple|Hydrapple, M|100/100
|-damage|p1a: Hydrapple|88/100|[from] Stealth Rock
|move|p2a: Metagross|Meteor Mash|p1a: Hydrapple|[miss]
|-miss|p2a: Metagross|p1a: Hydrapple
|
|upkeep
|turn|3
|
|t:|1757834592
|move|p1a: Hydrapple|Earth Power|p2a: Metagross
|-supereffective|p2a: Metagross
|-damage|p2a: Metagross|39/100
|move|p2a: Metagross|Meteor Mash|p1a: Hydrapple
|-damage|p1a: Hydrapple|47/100
|-damage|p2a: Metagross|23/100|[from] item: Rocky Helmet|[of] p1a: Hydrapple
|-damage|p2a: Metagross|13/100|[from] item: Life Orb
|
|upkeep
|turn|4
|
|t:|1757834603
|switch|p2a: Fezandipiti|Fezandipiti, M|100/100
|move|p1a: Hydrapple|Earth Power|p2a: Fezandipiti
|-supereffective|p2a: Fezandipiti
|-damage|p2a: Fezandipiti|75/100
|
|upkeep
|turn|5
|
|t:|1757834612
|switch|p1a: Slowking|Slowking-Galar, F|100/100
|move|p2a: Fezandipiti|U-turn|p1a: Slowking
|-damage|p1a: Slowking|86/100
|
|t:|1757834615
|switch|p2a: Metagross|Metagross|13/100|[from] U-turn
|
|-fieldend|move: Trick Room
|upkeep
|turn|6
|
|t:|1757834622
|switch|p1a: Hydrapple|Hydrapple, M|81/100
|-damage|p1a: Hydrapple|68/100|[from] Stealth Rock
|move|p2a: Metagross|Explosion|p1a: Hydrapple
|-damage|p1a: Hydrapple|0 fnt
|faint|p2a: Metagross
|faint|p1a: Hydrapple
|
|upkeep
|j| Rizzofreko
|
|t:|1757834641
|switch|p2a: Rillaboom|Rillaboom, M|100/100
|switch|p1a: Donphan|Donphan, M|100/100
|-fieldstart|move: Grassy Terrain|[from] ability: Grassy Surge|[of] p2a: Rillaboom
|turn|7
|
|t:|1757834656
|move|p2a: Rillaboom|Wood Hammer|p1a: Donphan
|-supereffective|p1a: Donphan
|-ability|p1a: Donphan|Sturdy
|-damage|p1a: Donphan|1/100
|-damage|p2a: Rillaboom|64/100|[from] Recoil
|move|p1a: Donphan|Rapid Spin|p2a: Rillaboom
|-damage|p2a: Rillaboom|44/100
|-boost|p1a: Donphan|spe|1
|-sideend|p1: Truffle buddah|Stealth Rock|[from] move: Rapid Spin|[of] p1a: Donphan
|
|-heal|p2a: Rillaboom|51/100|[from] Grassy Terrain
|-heal|p1a: Donphan|7/100|[from] Grassy Terrain
|upkeep
|turn|8
|
|t:|1757834671
|switch|p1a: Slowking|Slowking-Galar, F|100/100
|move|p2a: Rillaboom|Wood Hammer|p1a: Slowking
|-resisted|p1a: Slowking
|-damage|p1a: Slowking|38/100
|-damage|p2a: Rillaboom|27/100|[from] Recoil
|
|-heal|p2a: Rillaboom|33/100|[from] Grassy Terrain
|-heal|p1a: Slowking|44/100|[from] Grassy Terrain
|upkeep
|turn|9
|
|t:|1757834681
|move|p2a: Rillaboom|Wood Hammer|p1a: Slowking
|-resisted|p1a: Slowking
|-damage|p1a: Slowking|0 fnt
|faint|p1a: Slowking
|-damage|p2a: Rillaboom|16/100|[from] Recoil
|
|-heal|p2a: Rillaboom|22/100|[from] Grassy Terrain
|upkeep
|
|t:|1757834683
|switch|p1a: Dragonite|Dragonite, M|100/100
|turn|10
|
|t:|1757834690
|switch|p2a: Zamazenta|Zamazenta|100/100
|-ability|p2a: Zamazenta|Dauntless Shield|boost
|-boost|p2a: Zamazenta|def|1
|move|p1a: Dragonite|Dragon Dance|p1a: Dragonite
|-boost|p1a: Dragonite|atk|1
|-boost|p1a: Dragonite|spe|1
|
|upkeep
|turn|11
|
|t:|1757834694
|move|p2a: Zamazenta|Iron Defense|p2a: Zamazenta
|-boost|p2a: Zamazenta|def|2
|move|p1a: Dragonite|Dragon Dance|p1a: Dragonite
|-boost|p1a: Dragonite|atk|1
|-boost|p1a: Dragonite|spe|1
|
|-fieldend|move: Grassy Terrain
|upkeep
|turn|12
|
|t:|1757834697
|move|p1a: Dragonite|Encore|p2a: Zamazenta
|-start|p2a: Zamazenta|Encore
|move|p2a: Zamazenta|Iron Defense|p2a: Zamazenta
|-boost|p2a: Zamazenta|def|2
|
|upkeep
|turn|13
|
|t:|1757834725
|switch|p2a: Fezandipiti|Fezandipiti, M|75/100
|move|p1a: Dragonite|Dragon Dance|p1a: Dragonite
|-boost|p1a: Dragonite|atk|1
|-boost|p1a: Dragonite|spe|1
|
|upkeep
|turn|14
|
|t:|1757834733
|move|p1a: Dragonite|Scale Shot|p2a: Fezandipiti
|-immune|p2a: Fezandipiti
|move|p2a: Fezandipiti|Moonblast|p1a: Dragonite
|-supereffective|p1a: Dragonite
|-damage|p1a: Dragonite|72/100
|-unboost|p1a: Dragonite|spa|1
|-status|p1a: Dragonite|tox|[from] ability: Toxic Chain|[of] p2a: Fezandipiti
|
|-damage|p1a: Dragonite|66/100 tox|[from] psn
|upkeep
|turn|15
|l| Rizzofreko
|
|t:|1757834742
|move|p1a: Dragonite|Fire Punch|p2a: Fezandipiti
|-damage|p2a: Fezandipiti|0 fnt
|faint|p2a: Fezandipiti
|
|-damage|p1a: Dragonite|54/100 tox|[from] psn
|upkeep
|c|☆Truffle buddah|Whoops
|c|☆Truffle buddah|forgot
|
|t:|1757834759
|switch|p2a: Volcanion|Volcanion|100/100
|turn|16
|
|t:|1757834767
|-terastallize|p2a: Volcanion|Fairy
|move|p1a: Dragonite|Scale Shot|p2a: Volcanion
|-immune|p2a: Volcanion
|move|p2a: Volcanion|Steam Eruption|p1a: Dragonite
|-resisted|p1a: Dragonite
|-damage|p1a: Dragonite|4/100 tox
|
|-damage|p1a: Dragonite|0 fnt|[from] psn
|faint|p1a: Dragonite
|upkeep
|j| Rizzofreko
|
|t:|1757834775
|switch|p1a: Hatterene|Hatterene, F|100/100
|turn|17
|
|t:|1757834781
|move|p2a: Volcanion|Steam Eruption|p1a: Hatterene
|-damage|p1a: Hatterene|6/100
|-status|p1a: Hatterene|brn
|move|p1a: Hatterene|Trick Room|p1a: Hatterene
|-fieldstart|move: Trick Room|[of] p1a: Hatterene
|
|-heal|p1a: Hatterene|12/100 brn|[from] item: Leftovers
|-damage|p1a: Hatterene|6/100 brn|[from] brn
|upkeep
|turn|18
|
|t:|1757834795
|move|p1a: Hatterene|Healing Wish|p1a: Hatterene
|faint|p1a: Hatterene
|move|p2a: Volcanion|Steam Eruption|p1: Hatterene|[notarget]
|-fail|p2a: Volcanion
|
|upkeep
|
|t:|1757834797
|switch|p1a: Iron Hands|Iron Hands|100/100
|turn|19
|
|t:|1757834802
|move|p1a: Iron Hands|Swords Dance|p1a: Iron Hands
|-boost|p1a: Iron Hands|atk|2
|move|p2a: Volcanion|Steam Eruption|p1a: Iron Hands
|-damage|p1a: Iron Hands|30/100
|
|-heal|p1a: Iron Hands|36/100|[from] item: Leftovers
|upkeep
|turn|20
|
|t:|1757834807
|move|p1a: Iron Hands|Wild Charge|p2a: Volcanion
|-damage|p2a: Volcanion|0 fnt
|faint|p2a: Volcanion
|-damage|p1a: Iron Hands|20/100|[from] Recoil
|
|-heal|p1a: Iron Hands|27/100|[from] item: Leftovers
|upkeep
|
|t:|1757834816
|switch|p2a: Regidrago|Regidrago|100/100
|turn|21
|l| Rizzofreko
|
|t:|1757834844
|move|p1a: Iron Hands|Drain Punch|p2a: Regidrago
|-damage|p2a: Regidrago|3/100
|-heal|p1a: Iron Hands|82/100|[from] drain|[of] p2a: Regidrago
|move|p2a: Regidrago|Draco Meteor|p1a: Iron Hands
|-damage|p1a: Iron Hands|0 fnt
|-unboost|p2a: Regidrago|spa|2
|faint|p1a: Iron Hands
|-end|p1a: Iron Hands|Quark Drive|[silent]
|
|-fieldend|move: Trick Room
|upkeep
|
|t:|1757834850
|switch|p1a: Donphan|Donphan, M|7/100
|-heal|p1a: Donphan|100/100|[from] move: Healing Wish
|turn|22
|
|t:|1757834853
|move|p1a: Donphan|Ice Shard|p2a: Regidrago
|-supereffective|p2a: Regidrago
|-damage|p2a: Regidrago|0 fnt
|faint|p2a: Regidrago
|
|upkeep
|
|t:|1757834856
|switch|p2a: Rillaboom|Rillaboom, M|22/100
|-fieldstart|move: Grassy Terrain|[from] ability: Grassy Surge|[of] p2a: Rillaboom
|turn|23
|
|t:|1757834860
|move|p1a: Donphan|Ice Shard|p2a: Rillaboom
|-supereffective|p2a: Rillaboom
|-damage|p2a: Rillaboom|0 fnt
|faint|p2a: Rillaboom
|
|upkeep
|
|t:|1757834862
|switch|p2a: Zamazenta|Zamazenta|100/100
|turn|24
|
|t:|1757834866
|move|p2a: Zamazenta|Iron Defense|p2a: Zamazenta
|-boost|p2a: Zamazenta|def|2
|move|p1a: Donphan|Earthquake|p2a: Zamazenta
|-damage|p2a: Zamazenta|90/100
|
|-heal|p2a: Zamazenta|96/100|[from] Grassy Terrain
|-heal|p2a: Zamazenta|100/100|[from] item: Leftovers
|upkeep
|turn|25
|
|t:|1757834873
|move|p2a: Zamazenta|Substitute|p2a: Zamazenta
|-start|p2a: Zamazenta|Substitute
|-damage|p2a: Zamazenta|75/100
|move|p1a: Donphan|Rapid Spin|p2a: Zamazenta
|-activate|p2a: Zamazenta|move: Substitute|[damage]
|-boost|p1a: Donphan|spe|1
|
|-heal|p2a: Zamazenta|82/100|[from] Grassy Terrain
|-heal|p2a: Zamazenta|88/100|[from] item: Leftovers
|upkeep
|turn|26
|
|t:|1757834876
|move|p2a: Zamazenta|Iron Defense|p2a: Zamazenta
|-boost|p2a: Zamazenta|def|2
|move|p1a: Donphan|Rapid Spin|p2a: Zamazenta
|-activate|p2a: Zamazenta|move: Substitute|[damage]
|-boost|p1a: Donphan|spe|1
|
|-heal|p2a: Zamazenta|94/100|[from] Grassy Terrain
|-heal|p2a: Zamazenta|99/100|[from] item: Leftovers
|upkeep
|turn|27
|
|t:|1757834893
|move|p2a: Zamazenta|Iron Defense|p2a: Zamazenta
|-boost|p2a: Zamazenta|def|2
|move|p1a: Donphan|Rapid Spin|p2a: Zamazenta
|-activate|p2a: Zamazenta|move: Substitute|[damage]
|-boost|p1a: Donphan|spe|1
|
|-heal|p2a: Zamazenta|100/100|[from] Grassy Terrain
|-fieldend|move: Grassy Terrain
|upkeep
|turn|28
|
|t:|1757834905
|move|p2a: Zamazenta|Body Press|p1a: Donphan
|-ability|p1a: Donphan|Sturdy
|-damage|p1a: Donphan|1/100
|move|p1a: Donphan|Rapid Spin|p2a: Zamazenta
|-activate|p2a: Zamazenta|move: Substitute|[damage]
|-boost|p1a: Donphan|spe|1
|
|upkeep
|turn|29
|
|t:|1757834910
|move|p1a: Donphan|Earthquake|p2a: Zamazenta
|-end|p2a: Zamazenta|Substitute
|move|p2a: Zamazenta|Body Press|p1a: Donphan
|-damage|p1a: Donphan|0 fnt
|faint|p1a: Donphan
|
|win|flygonisdragon
|raw|Truffle buddah's rating: 1507 &rarr; <strong>1487</strong><br />(-20 for losing)
|raw|flygonisdragon's rating: 1508 &rarr; <strong>1528</strong><br />(+20 for winning)
|l|☆flygonisdragon
|player|p2|
|l|☆Truffle buddah
|player|p1|
|j| Tidk
|l| Tidk
