|j|☆Alligatorgolden2
|j|☆galindox
|t:|1757934034
|gametype|singles
|player|p1|Alligatorgolden2|lance|1272
|player|p2|galindox|rosa|1264
|gen|9
|tier|[Gen 9] OU
|rated|
|rule|HP Percentage Mod: HP is shown in percentages
|rule|Endless Battle Clause: Forcing endless battles is banned
|rule|Species Clause: Limit one of each Pokémon
|rule|OHKO Clause: OHKO moves are banned
|rule|Evasion Items Clause: Evasion items are banned
|rule|Evasion Moves Clause: Evasion moves are banned
|rule|Evasion Abilities Clause: Evasion abilities are banned
|rule|Sleep Moves Clause: Sleep-inducing moves are banned
|clearpoke
|poke|p1|Feraligatr, M|
|poke|p1|Arcanine-Hisui, M|
|poke|p1|Haxorus, M|
|poke|p1|Zoroark-Hisui, F|
|poke|p1|Great Tusk|
|poke|p1|Skeledirge, M|
|poke|p2|Zamazenta-*|
|poke|p2|Ninetales-Alola, M|
|poke|p2|Darkrai|
|poke|p2|Ceruledge, F|
|poke|p2|Gliscor, M|
|poke|p2|Hatterene, F|
|teampreview
|
|t:|1757934061
|teamsize|p1|6
|teamsize|p2|6
|start
|switch|p1a: Helllcycle|Arcanine-Hisui, M|100/100
|switch|p2a: Ninetales|Ninetales-Alola, M|100/100
|-weather|Snowscape|[from] ability: Snow Warning|[of] p2a: Ninetales
|turn|1
|
|t:|1757934069
|move|p1a: Helllcycle|Bitter Malice|p2a: Ninetales
|-damage|p2a: Ninetales|66/100
|-unboost|p2a: Ninetales|atk|1
|move|p2a: Ninetales|Aurora Veil|p2a: Ninetales
|-sidestart|p2: galindox|move: Aurora Veil
|
|-weather|Snowscape|[upkeep]
|upkeep
|turn|2
|
|t:|1757934087
|switch|p2a: Gliscor|Gliscor, M|100/100
|move|p1a: Helllcycle|Hyper Voice|p2a: Gliscor
|-damage|p2a: Gliscor|76/100
|
|-weather|Snowscape|[upkeep]
|-status|p2a: Gliscor|tox|[from] item: Toxic Orb
|upkeep
|turn|3
|
|t:|1757934097
|move|p1a: Helllcycle|Bitter Malice|p2a: Gliscor
|-damage|p2a: Gliscor|56/100 tox
|-unboost|p2a: Gliscor|atk|1
|move|p2a: Gliscor|Agility|p2a: Gliscor
|-boost|p2a: Gliscor|spe|2
|
|-weather|Snowscape|[upkeep]
|-heal|p2a: Gliscor|68/100 tox|[from] ability: Poison Heal
|upkeep
|turn|4
|
|t:|1757934109
|move|p2a: Gliscor|Swords Dance|p2a: Gliscor
|-boost|p2a: Gliscor|atk|2
|move|p1a: Helllcycle|Bitter Malice|p2a: Gliscor
|-damage|p2a: Gliscor|49/100 tox
|-unboost|p2a: Gliscor|atk|1
|
|-weather|Snowscape|[upkeep]
|-heal|p2a: Gliscor|61/100 tox|[from] ability: Poison Heal
|upkeep
|turn|5
|
|t:|1757934120
|move|p2a: Gliscor|Swords Dance|p2a: Gliscor
|-boost|p2a: Gliscor|atk|2
|move|p1a: Helllcycle|Bitter Malice|p2a: Gliscor
|-damage|p2a: Gliscor|39/100 tox
|-unboost|p2a: Gliscor|atk|1
|
|-weather|none
|-heal|p2a: Gliscor|51/100 tox|[from] ability: Poison Heal
|upkeep
|turn|6
|
|t:|1757934131
|move|p2a: Gliscor|Earthquake|p1a: Helllcycle
|-damage|p1a: Helllcycle|4/100
|replace|p1a: Bella|Zoroark-Hisui, F
|-end|p1a: Bella|Illusion
|move|p1a: Bella|Bitter Malice|p2a: Gliscor
|-damage|p2a: Gliscor|32/100 tox
|-unboost|p2a: Gliscor|atk|1
|
|-heal|p2a: Gliscor|44/100 tox|[from] ability: Poison Heal
|upkeep
|turn|7
|
|t:|1757934143
|move|p2a: Gliscor|Earthquake|p1a: Bella
|-damage|p1a: Bella|0 fnt
|faint|p1a: Bella
|
|-heal|p2a: Gliscor|57/100 tox|[from] ability: Poison Heal
|upkeep
|
|t:|1757934157
|switch|p1a: Hannibal|Great Tusk|100/100
|-enditem|p1a: Hannibal|Booster Energy
|-activate|p1a: Hannibal|ability: Protosynthesis|[fromitem]
|-start|p1a: Hannibal|protosynthesisatk
|turn|8
|
|t:|1757934164
|-terastallize|p2a: Gliscor|Normal
|move|p2a: Gliscor|Swords Dance|p2a: Gliscor
|-boost|p2a: Gliscor|atk|2
|move|p1a: Hannibal|Ice Spinner|p2a: Gliscor
|-crit|p2a: Gliscor
|-damage|p2a: Gliscor|9/100 tox
|
|-heal|p2a: Gliscor|21/100 tox|[from] ability: Poison Heal
|-sideend|p2: galindox|move: Aurora Veil
|upkeep
|turn|9
|
|t:|1757934175
|move|p2a: Gliscor|Facade|p1a: Hannibal
|-damage|p1a: Hannibal|39/100
|move|p1a: Hannibal|Ice Spinner|p2a: Gliscor
|-damage|p2a: Gliscor|0 fnt
|faint|p2a: Gliscor
|
|upkeep
|
|t:|1757934186
|switch|p2a: Hatterene|Hatterene, F|100/100
|turn|10
|
|t:|1757934192
|move|p1a: Hannibal|Stealth Rock|p2a: Hatterene
|move|p2a: Hatterene|Stealth Rock|p1a: Hannibal|[from] ability: Magic Bounce
|-sidestart|p1: Alligatorgolden2|move: Stealth Rock
|move|p2a: Hatterene|Calm Mind|p2a: Hatterene
|-boost|p2a: Hatterene|spa|1
|-boost|p2a: Hatterene|spd|1
|
|upkeep
|turn|11
|
|t:|1757934203
|move|p1a: Hannibal|Rapid Spin|p2a: Hatterene
|-damage|p2a: Hatterene|80/100
|-boost|p1a: Hannibal|spe|1
|-sideend|p1: Alligatorgolden2|Stealth Rock|[from] move: Rapid Spin|[of] p1a: Hannibal
|move|p2a: Hatterene|Psyshock|p1a: Hannibal
|-supereffective|p1a: Hannibal
|-crit|p1a: Hannibal
|-damage|p1a: Hannibal|0 fnt
|faint|p1a: Hannibal
|-end|p1a: Hannibal|Protosynthesis|[silent]
|
|-heal|p2a: Hatterene|86/100|[from] item: Leftovers
|upkeep
|
|t:|1757934214
|switch|p1a: Skully|Skeledirge, M, shiny|100/100
|turn|12
|
|t:|1757934236
|switch|p2a: Darkrai|Darkrai|100/100
|move|p1a: Skully|Torch Song|p2a: Darkrai
|-damage|p2a: Darkrai|62/100
|-boost|p1a: Skully|spa|1
|
|-heal|p2a: Darkrai|68/100|[from] item: Leftovers
|upkeep
|turn|13
|
|t:|1757934248
|-terastallize|p1a: Skully|Fairy
|move|p2a: Darkrai|Dark Pulse|p1a: Skully
|-resisted|p1a: Skully
|-damage|p1a: Skully|86/100
|move|p1a: Skully|Torch Song|p2a: Darkrai
|-damage|p2a: Darkrai|7/100
|-boost|p1a: Skully|spa|1
|
|-heal|p2a: Darkrai|13/100|[from] item: Leftovers
|-heal|p1a: Skully|92/100|[from] item: Leftovers
|upkeep
|turn|14
|
|t:|1757934262
|move|p2a: Darkrai|Psyshock|p1a: Skully
|-damage|p1a: Skully|70/100
|move|p1a: Skully|Torch Song|p2a: Darkrai
|-damage|p2a: Darkrai|0 fnt
|-boost|p1a: Skully|spa|1
|faint|p2a: Darkrai
|
|-heal|p1a: Skully|76/100|[from] item: Leftovers
|upkeep
|
|t:|1757934272
|switch|p2a: Ninetales|Ninetales-Alola, M|66/100
|-weather|Snowscape|[from] ability: Snow Warning|[of] p2a: Ninetales
|turn|15
|
|t:|1757934276
|move|p2a: Ninetales|Aurora Veil|p2a: Ninetales
|-sidestart|p2: galindox|move: Aurora Veil
|move|p1a: Skully|Torch Song|p2a: Ninetales
|-supereffective|p2a: Ninetales
|-damage|p2a: Ninetales|0 fnt
|-boost|p1a: Skully|spa|1
|faint|p2a: Ninetales
|
|-weather|Snowscape|[upkeep]
|-heal|p1a: Skully|82/100|[from] item: Leftovers
|upkeep
|
|t:|1757934293
|switch|p2a: Ceruledge|Ceruledge, F|100/100
|turn|16
|
|t:|1757934314
|move|p2a: Ceruledge|Bulk Up|p2a: Ceruledge
|-boost|p2a: Ceruledge|atk|1
|-boost|p2a: Ceruledge|def|1
|move|p1a: Skully|Alluring Voice|p2a: Ceruledge
|-resisted|p2a: Ceruledge
|-crit|p2a: Ceruledge
|-damage|p2a: Ceruledge|49/100
|
|-weather|Snowscape|[upkeep]
|-heal|p1a: Skully|88/100|[from] item: Leftovers
|upkeep
|turn|17
|
|t:|1757934324
|move|p2a: Ceruledge|Bitter Blade|p1a: Skully
|-damage|p1a: Skully|60/100
|-heal|p2a: Ceruledge|66/100|[from] drain|[of] p1a: Skully
|move|p1a: Skully|Alluring Voice|p2a: Ceruledge
|-resisted|p2a: Ceruledge
|-crit|p2a: Ceruledge
|-damage|p2a: Ceruledge|13/100
|
|-weather|Snowscape|[upkeep]
|-heal|p1a: Skully|66/100|[from] item: Leftovers
|upkeep
|turn|18
|
|t:|1757934334
|move|p2a: Ceruledge|Bitter Blade|p1a: Skully
|-damage|p1a: Skully|33/100
|-heal|p2a: Ceruledge|32/100|[from] drain|[of] p1a: Skully
|move|p1a: Skully|Alluring Voice|p2a: Ceruledge
|-resisted|p2a: Ceruledge
|-damage|p2a: Ceruledge|16/100
|
|-weather|Snowscape|[upkeep]
|-heal|p1a: Skully|39/100|[from] item: Leftovers
|upkeep
|turn|19
|
|t:|1757934344
|move|p2a: Ceruledge|Bitter Blade|p1a: Skully
|-damage|p1a: Skully|10/100
|-heal|p2a: Ceruledge|33/100|[from] drain|[of] p1a: Skully
|move|p1a: Skully|Slack Off|p1a: Skully
|-heal|p1a: Skully|60/100
|
|-weather|none
|-heal|p1a: Skully|66/100|[from] item: Leftovers
|upkeep
|turn|20
|
|t:|1757934353
|move|p2a: Ceruledge|Bitter Blade|p1a: Skully
|-crit|p1a: Skully
|-damage|p1a: Skully|17/100
|-heal|p2a: Ceruledge|62/100|[from] drain|[of] p1a: Skully
|move|p1a: Skully|Slack Off|p1a: Skully
|-heal|p1a: Skully|67/100
|
|-heal|p1a: Skully|73/100|[from] item: Leftovers
|upkeep
|turn|21
|
|t:|1757934364
|move|p2a: Ceruledge|Bulk Up|p2a: Ceruledge
|-boost|p2a: Ceruledge|atk|1
|-boost|p2a: Ceruledge|def|1
|move|p1a: Skully|Slack Off|p1a: Skully
|-heal|p1a: Skully|100/100
|
|upkeep
|turn|22
|
|t:|1757934371
|move|p2a: Ceruledge|Bitter Blade|p1a: Skully
|-damage|p1a: Skully|72/100
|-heal|p2a: Ceruledge|79/100|[from] drain|[of] p1a: Skully
|move|p1a: Skully|Alluring Voice|p2a: Ceruledge
|-resisted|p2a: Ceruledge
|-damage|p2a: Ceruledge|61/100
|
|-heal|p1a: Skully|78/100|[from] item: Leftovers
|-sideend|p2: galindox|move: Aurora Veil
|upkeep
|turn|23
|
|t:|1757934393
|move|p2a: Ceruledge|Bitter Blade|p1a: Skully
|-damage|p1a: Skully|47/100
|-heal|p2a: Ceruledge|78/100|[from] drain|[of] p1a: Skully
|move|p1a: Skully|Will-O-Wisp|p2a: Ceruledge
|-start|p2a: Ceruledge|ability: Flash Fire
|
|-heal|p1a: Skully|53/100|[from] item: Leftovers
|upkeep
|turn|24
|
|t:|1757934404
|move|p2a: Ceruledge|Bitter Blade|p1a: Skully
|-damage|p1a: Skully|6/100
|-heal|p2a: Ceruledge|100/100|[from] drain|[of] p1a: Skully
|move|p1a: Skully|Slack Off|p1a: Skully
|-heal|p1a: Skully|56/100
|
|-heal|p1a: Skully|62/100|[from] item: Leftovers
|upkeep
|turn|25
|
|t:|1757934413
|move|p2a: Ceruledge|Taunt|p1a: Skully
|-start|p1a: Skully|move: Taunt
|cant|p1a: Skully|move: Taunt|Slack Off
|
|-heal|p1a: Skully|68/100|[from] item: Leftovers
|upkeep
|turn|26
|
|t:|1757934438
|move|p2a: Ceruledge|Bitter Blade|p1a: Skully
|-damage|p1a: Skully|24/100
|move|p1a: Skully|Torch Song|p2a: Ceruledge
|-immune|p2a: Ceruledge|[from] ability: Flash Fire
|
|-heal|p1a: Skully|30/100|[from] item: Leftovers
|upkeep
|turn|27
|
|t:|1757934449
|switch|p1a: Alligator|Feraligatr, M|100/100
|move|p2a: Ceruledge|Bitter Blade|p1a: Alligator
|-resisted|p1a: Alligator
|-damage|p1a: Alligator|52/100
|
|upkeep
|turn|28
|
|t:|1757934457
|move|p2a: Ceruledge|Bitter Blade|p1a: Alligator
|-resisted|p1a: Alligator
|-damage|p1a: Alligator|6/100
|move|p1a: Alligator|Liquidation|p2a: Ceruledge
|-supereffective|p2a: Ceruledge
|-damage|p2a: Ceruledge|36/100
|
|upkeep
|turn|29
|
|t:|1757934466
|move|p2a: Ceruledge|Shadow Sneak|p1a: Alligator
|-damage|p1a: Alligator|0 fnt
|faint|p1a: Alligator
|
|upkeep
|
|t:|1757934471
|switch|p1a: Helllcycle|Arcanine-Hisui, M|100/100
|turn|30
|
|t:|1757934477
|move|p1a: Helllcycle|Head Smash|p2a: Ceruledge
|-supereffective|p2a: Ceruledge
|-damage|p2a: Ceruledge|0 fnt
|faint|p2a: Ceruledge
|-damage|p1a: Helllcycle|91/100|[from] item: Life Orb
|
|upkeep
|
|t:|1757934485
|switch|p2a: Zamazenta|Zamazenta|100/100
|-ability|p2a: Zamazenta|Dauntless Shield|boost
|-boost|p2a: Zamazenta|def|1
|turn|31
|
|t:|1757934496
|switch|p1a: Dexter Morgan|Haxorus, M|100/100
|-ability|p1a: Dexter Morgan|Mold Breaker
|move|p2a: Zamazenta|Iron Defense|p2a: Zamazenta
|-boost|p2a: Zamazenta|def|2
|
|upkeep
|turn|32
|
|t:|1757934507
|move|p2a: Zamazenta|Iron Defense|p2a: Zamazenta
|-boost|p2a: Zamazenta|def|2
|move|p1a: Dexter Morgan|Iron Tail|p2a: Zamazenta|[miss]
|-miss|p1a: Dexter Morgan|p2a: Zamazenta
|
|upkeep
|turn|33
|
|t:|1757934514
|move|p2a: Zamazenta|Body Press|p1a: Dexter Morgan
|-damage|p1a: Dexter Morgan|0 fnt
|faint|p1a: Dexter Morgan
|
|upkeep
|
|t:|1757934519
|switch|p1a: Skully|Skeledirge, M, shiny, tera:Fairy|30/100
|turn|34
|
|t:|1757934522
|move|p2a: Zamazenta|Body Press|p1a: Skully
|-resisted|p1a: Skully
|-damage|p1a: Skully|14/100
|move|p1a: Skully|Slack Off|p1a: Skully
|-heal|p1a: Skully|64/100
|
|-heal|p1a: Skully|70/100|[from] item: Leftovers
|upkeep
|turn|35
|
|t:|1757934531
|move|p2a: Zamazenta|Iron Defense|p2a: Zamazenta
|-boost|p2a: Zamazenta|def|1
|move|p1a: Skully|Slack Off|p1a: Skully
|-heal|p1a: Skully|100/100
|
|upkeep
|turn|36
|
|t:|1757934537
|move|p2a: Zamazenta|Body Press|p1a: Skully
|-resisted|p1a: Skully
|-damage|p1a: Skully|86/100
|move|p1a: Skully|Torch Song|p2a: Zamazenta
|-damage|p2a: Zamazenta|72/100
|-boost|p1a: Skully|spa|1
|
|-heal|p1a: Skully|92/100|[from] item: Leftovers
|upkeep
|turn|37
|
|t:|1757934547
|move|p2a: Zamazenta|Crunch|p1a: Skully
|-resisted|p1a: Skully
|-damage|p1a: Skully|82/100
|move|p1a: Skully|Will-O-Wisp|p2a: Zamazenta
|-status|p2a: Zamazenta|brn
|
|-heal|p1a: Skully|88/100|[from] item: Leftovers
|-damage|p2a: Zamazenta|65/100 brn|[from] brn
|upkeep
|turn|38
|
|t:|1757934556
|switch|p2a: Hatterene|Hatterene, F|86/100
|move|p1a: Skully|Torch Song|p2a: Hatterene
|-damage|p2a: Hatterene|35/100
|-boost|p1a: Skully|spa|1
|
|-heal|p1a: Skully|94/100|[from] item: Leftovers
|-heal|p2a: Hatterene|41/100|[from] item: Leftovers
|upkeep
|turn|39
|
|t:|1757934566
|move|p1a: Skully|Torch Song|p2a: Hatterene
|-damage|p2a: Hatterene|0 fnt
|-boost|p1a: Skully|spa|1
|faint|p2a: Hatterene
|
|-heal|p1a: Skully|100/100|[from] item: Leftovers
|upkeep
|
|t:|1757934568
|switch|p2a: Zamazenta|Zamazenta|65/100 brn
|turn|40
|
|t:|1757934576
|move|p2a: Zamazenta|Rest|p2a: Zamazenta
|-status|p2a: Zamazenta|slp|[from] move: Rest
|-heal|p2a: Zamazenta|100/100 slp|[silent]
|-enditem|p2a: Zamazenta|Chesto Berry|[eat]
|-curestatus|p2a: Zamazenta|slp|[msg]
|move|p1a: Skully|Torch Song|p2a: Zamazenta
|-damage|p2a: Zamazenta|25/100
|-boost|p1a: Skully|spa|1
|
|upkeep
|turn|41
|
|t:|1757934586
|move|p2a: Zamazenta|Body Press|p1a: Skully
|-resisted|p1a: Skully
|-damage|p1a: Skully|84/100
|move|p1a: Skully|Torch Song|p2a: Zamazenta
|-damage|p2a: Zamazenta|0 fnt
|-boost|p1a: Skully|spa|1
|faint|p2a: Zamazenta
|
|win|Alligatorgolden2
|raw|Alligatorgolden2's rating: 1272 &rarr; <strong>1296</strong><br />(+24 for winning)
|raw|galindox's rating: 1264 &rarr; <strong>1240</strong><br />(-24 for losing)
|l|☆galindox
|player|p2|
|l|☆Alligatorgolden2
|player|p1|
