|j|☆lucawk
|j|☆I despise gliscor
|t:|1757917596
|gametype|singles
|player|p1|lucawk|scientist-gen4dp|1307
|player|p2|I despise gliscor|benga|1247
|gen|9
|tier|[Gen 9] OU
|rated|
|rule|HP Percentage Mod: HP is shown in percentages
|rule|Endless Battle Clause: Forcing endless battles is banned
|rule|Species Clause: Limit one of each Pokémon
|rule|OHKO Clause: OHKO moves are banned
|rule|Evasion Items Clause: Evasion items are banned
|rule|Evasion Moves Clause: Evasion moves are banned
|rule|Evasion Abilities Clause: Evasion abilities are banned
|rule|Sleep Moves Clause: Sleep-inducing moves are banned
|clearpoke
|poke|p1|Ogerpon-Wellspring, F|
|poke|p1|Klefki, F|
|poke|p1|Clefable, M|
|poke|p1|Dragonite, F|
|poke|p1|Weavile, M|
|poke|p1|Polteageist|
|poke|p2|Corviknight, F|
|poke|p2|Alomomola, F|
|poke|p2|Landorus-Therian, M|
|poke|p2|Meowscarada, F|
|poke|p2|Iron Moth|
|poke|p2|Gholdengo|
|teampreview
|inactive|Battle timer is ON: inactive players will automatically lose when time's up. (requested by I despise gliscor)
|c|☆I despise gliscor|Gl
|j| DoMorning
|
|t:|1757917610
|teamsize|p1|6
|teamsize|p2|6
|start
|switch|p1a: Klefki|Klefki, F|100/100
|switch|p2a: Lovely Disk|Alomomola, F|100/100
|turn|1
|
|t:|1757917621
|switch|p2a: VoIcarona|Iron Moth|100/100
|move|p1a: Klefki|Thunder Wave|p2a: VoIcarona
|-status|p2a: VoIcarona|par
|
|upkeep
|turn|2
|
|t:|1757917628
|move|p1a: Klefki|Light Screen|p1a: Klefki
|-sidestart|p1: lucawk|move: Light Screen
|cant|p2a: VoIcarona|par
|
|upkeep
|turn|3
|
|t:|1757917637
|switch|p1a: Dragonite|Dragonite, F|100/100
|move|p2a: VoIcarona|Flamethrower|p1a: Dragonite
|-resisted|p1a: Dragonite
|-damage|p1a: Dragonite|93/100
|-damage|p2a: VoIcarona|91/100 par|[from] item: Life Orb
|
|upkeep
|turn|4
|
|t:|1757917649
|-end|p2a: VoIcarona|Quark Drive|[silent]
|switch|p2a: Lovely Disk|Alomomola, F|100/100
|move|p1a: Dragonite|Dragon Dance|p1a: Dragonite
|-boost|p1a: Dragonite|atk|1
|-boost|p1a: Dragonite|spe|1
|
|upkeep
|turn|5
|
|t:|1757917659
|move|p1a: Dragonite|Earthquake|p2a: Lovely Disk
|-damage|p2a: Lovely Disk|69/100
|move|p2a: Lovely Disk|Scald|p1a: Dragonite
|-resisted|p1a: Dragonite
|-damage|p1a: Dragonite|90/100
|
|-heal|p2a: Lovely Disk|75/100|[from] item: Leftovers
|upkeep
|turn|6
|
|t:|1757917668
|switch|p1a: Ogerpon|Ogerpon-Wellspring, F|100/100
|move|p2a: Lovely Disk|Flip Turn|p1a: Ogerpon
|-immune|p1a: Ogerpon|[from] ability: Water Absorb
|
|-heal|p2a: Lovely Disk|81/100|[from] item: Leftovers
|upkeep
|turn|7
|
|t:|1757917674
|switch|p2a: VoIcarona|Iron Moth|91/100 par
|move|p1a: Ogerpon|Swords Dance|p1a: Ogerpon
|-boost|p1a: Ogerpon|atk|2
|
|upkeep
|turn|8
|
|t:|1757917679
|move|p1a: Ogerpon|Ivy Cudgel|p2a: VoIcarona|[anim] Ivy Cudgel Water
|-supereffective|p2a: VoIcarona
|-damage|p2a: VoIcarona|0 fnt
|faint|p2a: VoIcarona
|-end|p2a: VoIcarona|Quark Drive|[silent]
|
|upkeep
|
|t:|1757917685
|switch|p2a: Landorus|Landorus-Therian, M|100/100
|-ability|p2a: Landorus|Intimidate|boost
|-unboost|p1a: Ogerpon|atk|1
|turn|9
|
|t:|1757917695
|switch|p2a: Masked Trick|Meowscarada, F|100/100
|move|p1a: Ogerpon|Ivy Cudgel|p2a: Masked Trick|[anim] Ivy Cudgel Water
|-resisted|p2a: Masked Trick
|-damage|p2a: Masked Trick|44/100
|
|-sideend|p1: lucawk|move: Light Screen
|upkeep
|turn|10
|
|t:|1757917706
|move|p1a: Ogerpon|Swords Dance|p1a: Ogerpon
|-boost|p1a: Ogerpon|atk|2
|move|p2a: Masked Trick|U-turn|p1a: Ogerpon
|-start|p2a: Masked Trick|typechange|Bug|[from] ability: Protean
|-supereffective|p1a: Ogerpon
|-damage|p1a: Ogerpon|5/100
|
|t:|1757917712
|switch|p2a: Gold Specter|Gholdengo|100/100|[from] U-turn
|
|upkeep
|turn|11
|
|t:|1757917716
|move|p2a: Gold Specter|Shadow Ball|p1a: Ogerpon
|-damage|p1a: Ogerpon|0 fnt
|faint|p1a: Ogerpon
|
|upkeep
|
|t:|1757917723
|switch|p1a: Polteageist|Polteageist|100/100
|turn|12
|
|t:|1757917725
|move|p2a: Gold Specter|Shadow Ball|p1a: Polteageist
|-supereffective|p1a: Polteageist
|-enditem|p1a: Polteageist|Focus Sash
|-damage|p1a: Polteageist|1/100
|move|p1a: Polteageist|Shell Smash|p1a: Polteageist
|-unboost|p1a: Polteageist|def|1
|-unboost|p1a: Polteageist|spd|1
|-boost|p1a: Polteageist|atk|2
|-boost|p1a: Polteageist|spa|2
|-boost|p1a: Polteageist|spe|2
|
|upkeep
|turn|13
|
|t:|1757917729
|move|p1a: Polteageist|Shadow Ball|p2a: Gold Specter
|-supereffective|p2a: Gold Specter
|-damage|p2a: Gold Specter|0 fnt
|faint|p2a: Gold Specter
|
|upkeep
|
|t:|1757917737
|switch|p2a: Lovely Disk|Alomomola, F|100/100
|turn|14
|
|t:|1757917740
|move|p1a: Polteageist|Giga Drain|p2a: Lovely Disk
|-supereffective|p2a: Lovely Disk
|-damage|p2a: Lovely Disk|6/100
|-heal|p1a: Polteageist|97/100|[from] drain|[of] p2a: Lovely Disk
|move|p2a: Lovely Disk|Flip Turn|p1a: Polteageist
|-damage|p1a: Polteageist|52/100
|-ability|p1a: Polteageist|Weak Armor|boost
|-unboost|p1a: Polteageist|def|1
|-boost|p1a: Polteageist|spe|2
|
|t:|1757917750
|switch|p2a: Masked Trick|Meowscarada, F|44/100|[from] Flip Turn
|
|upkeep
|turn|15
|
|t:|1757917757
|move|p1a: Polteageist|Shadow Ball|p2a: Masked Trick
|-resisted|p2a: Masked Trick
|-damage|p2a: Masked Trick|0 fnt
|faint|p2a: Masked Trick
|
|upkeep
|
|t:|1757917762
|switch|p2a: Iron Wing|Corviknight, F|100/100
|turn|16
|
|t:|1757917777
|move|p1a: Polteageist|Stored Power|p2a: Iron Wing
|-resisted|p2a: Iron Wing
|-damage|p2a: Iron Wing|35/100
|move|p2a: Iron Wing|Brave Bird|p1a: Polteageist
|-damage|p1a: Polteageist|0 fnt
|faint|p1a: Polteageist
|-damage|p2a: Iron Wing|22/100|[from] Recoil
|
|-heal|p2a: Iron Wing|28/100|[from] item: Leftovers
|upkeep
|
|t:|1757917787
|switch|p1a: Klefki|Klefki, F|100/100
|turn|17
|
|t:|1757917790
|move|p1a: Klefki|Thunder Wave|p2a: Iron Wing
|-status|p2a: Iron Wing|par
|move|p2a: Iron Wing|U-turn|p1a: Klefki
|-resisted|p1a: Klefki
|-damage|p1a: Klefki|95/100
|
|t:|1757917794
|switch|p2a: Landorus|Landorus-Therian, M|100/100|[from] U-turn
|-ability|p2a: Landorus|Intimidate|boost
|-unboost|p1a: Klefki|atk|1
|
|upkeep
|turn|18
|
|t:|1757917801
|move|p1a: Klefki|Reflect|p1a: Klefki
|-sidestart|p1: lucawk|Reflect
|move|p2a: Landorus|Body Slam|p1a: Klefki
|-resisted|p1a: Klefki
|-damage|p1a: Klefki|87/100
|-status|p1a: Klefki|par
|
|upkeep
|turn|19
|
|t:|1757917811
|move|p1a: Klefki|Spikes|p2a: Landorus
|-sidestart|p2: I despise gliscor|Spikes
|move|p2a: Landorus|Earthquake|p1a: Klefki
|-supereffective|p1a: Klefki
|-damage|p1a: Klefki|28/100 par
|
|upkeep
|turn|20
|
|t:|1757917818
|move|p1a: Klefki|Spikes|p2a: Landorus
|-sidestart|p2: I despise gliscor|Spikes
|move|p2a: Landorus|Earthquake|p1a: Klefki
|-supereffective|p1a: Klefki
|-damage|p1a: Klefki|0 fnt
|faint|p1a: Klefki
|
|upkeep
|
|t:|1757917825
|switch|p1a: Weavile|Weavile, M|100/100
|-ability|p1a: Weavile|Pressure
|turn|21
|
|t:|1757917832
|-terastallize|p2a: Landorus|Fighting
|move|p1a: Weavile|Swords Dance|p1a: Weavile
|-boost|p1a: Weavile|atk|2
|move|p2a: Landorus|Hammer Arm|p1a: Weavile
|-supereffective|p1a: Weavile
|-damage|p1a: Weavile|0 fnt
|-unboost|p2a: Landorus|spe|1
|faint|p1a: Weavile
|
|upkeep
|
|t:|1757917840
|switch|p1a: Dragonite|Dragonite, F|90/100
|turn|22
|
|t:|1757917843
|move|p1a: Dragonite|Dragon Dance|p1a: Dragonite
|-boost|p1a: Dragonite|atk|1
|-boost|p1a: Dragonite|spe|1
|move|p2a: Landorus|U-turn|p1a: Dragonite
|-resisted|p1a: Dragonite
|-damage|p1a: Dragonite|82/100
|
|t:|1757917853
|switch|p2a: Lovely Disk|Alomomola, F|39/100|[from] U-turn
|-damage|p2a: Lovely Disk|22/100|[from] Spikes
|
|-heal|p2a: Lovely Disk|28/100|[from] item: Leftovers
|upkeep
|turn|23
|
|t:|1757917856
|move|p1a: Dragonite|Earthquake|p2a: Lovely Disk
|-damage|p2a: Lovely Disk|0 fnt
|faint|p2a: Lovely Disk
|
|upkeep
|
|t:|1757917861
|switch|p2a: Landorus|Landorus-Therian, M, tera:Fighting|100/100
|-damage|p2a: Landorus|84/100|[from] Spikes
|-ability|p2a: Landorus|Intimidate|boost
|-unboost|p1a: Dragonite|atk|1
|turn|24
|
|t:|1757917875
|move|p1a: Dragonite|Dragon Dance|p1a: Dragonite
|-boost|p1a: Dragonite|atk|1
|-boost|p1a: Dragonite|spe|1
|move|p2a: Landorus|Body Slam|p1a: Dragonite
|-damage|p1a: Dragonite|63/100
|
|upkeep
|turn|25
|
|t:|1757917882
|move|p1a: Dragonite|Waterfall|p2a: Landorus
|-damage|p2a: Landorus|48/100
|move|p2a: Landorus|Body Slam|p1a: Dragonite
|-damage|p1a: Dragonite|45/100
|-status|p1a: Dragonite|par
|
|-sideend|p1: lucawk|Reflect
|upkeep
|turn|26
|
|t:|1757917889
|move|p1a: Dragonite|Waterfall|p2a: Landorus
|-damage|p2a: Landorus|10/100
|cant|p2a: Landorus|flinch
|
|upkeep
|turn|27
|
|t:|1757917895
|switch|p2a: Iron Wing|Corviknight, F|28/100 par
|move|p1a: Dragonite|Waterfall|p2a: Iron Wing
|-damage|p2a: Iron Wing|0 fnt
|faint|p2a: Iron Wing
|
|upkeep
|
|t:|1757917897
|switch|p2a: Landorus|Landorus-Therian, M, tera:Fighting|10/100
|-damage|p2a: Landorus|0 fnt|[from] Spikes
|faint|p2a: Landorus
|
|win|lucawk
|raw|lucawk's rating: 1307 &rarr; <strong>1324</strong><br />(+17 for winning)
|raw|I despise gliscor's rating: 1247 &rarr; <strong>1226</strong><br />(-21 for losing)
|l|☆I despise gliscor
|player|p2|
|l| DoMorning
|l|☆lucawk
|player|p1|
