|j|☆ghostgirlrawr
|j|☆zhouguoliang
|t:|1757789793
|gametype|singles
|player|p1|ghostgirlrawr|roxie|1129
|player|p2|zhouguoliang|265|1076
|gen|9
|tier|[Gen 9] OU
|rated|
|rule|HP Percentage Mod: HP is shown in percentages
|rule|Endless Battle Clause: Forcing endless battles is banned
|rule|Species Clause: Limit one of each Pokémon
|rule|OHKO Clause: OHKO moves are banned
|rule|Evasion Items Clause: Evasion items are banned
|rule|Evasion Moves Clause: Evasion moves are banned
|rule|Evasion Abilities Clause: Evasion abilities are banned
|rule|Sleep Moves Clause: Sleep-inducing moves are banned
|clearpoke
|poke|p1|Clawitzer, M|
|poke|p1|Ogerpon, F|
|poke|p1|Kingambit, F|
|poke|p1|Slowking-Galar, M|
|poke|p1|Great Tusk|
|poke|p1|Dragapult, M|
|poke|p2|Dragonite, M|
|poke|p2|Garchomp, F|
|poke|p2|Blaziken, F|
|poke|p2|Tyranitar, F|
|poke|p2|Gliscor, M|
|poke|p2|Goodra-Hisui, F|
|teampreview
|
|t:|1757789804
|teamsize|p1|6
|teamsize|p2|6
|start
|switch|p1a: Dragapult|Dragapult, M|100/100
|switch|p2a: Tyranitar|Tyranitar, F|100/100
|-weather|Sandstorm|[from] ability: Sand Stream|[of] p2a: Tyranitar
|turn|1
|
|t:|1757789812
|move|p1a: Dragapult|Will-O-Wisp|p2a: Tyranitar
|-status|p2a: Tyranitar|brn
|move|p2a: Tyranitar|Ice Punch|p1a: Dragapult
|-supereffective|p1a: Dragapult
|-damage|p1a: Dragapult|65/100
|
|-weather|Sandstorm|[upkeep]
|-damage|p1a: Dragapult|59/100|[from] Sandstorm
|-damage|p2a: Tyranitar|94/100 brn|[from] brn
|upkeep
|turn|2
|
|t:|1757789823
|switch|p1a: Great Tusk|Great Tusk|100/100
|-enditem|p1a: Great Tusk|Booster Energy
|-activate|p1a: Great Tusk|ability: Protosynthesis|[fromitem]
|-start|p1a: Great Tusk|protosynthesisatk
|move|p2a: Tyranitar|Ice Punch|p1a: Great Tusk
|-supereffective|p1a: Great Tusk
|-damage|p1a: Great Tusk|82/100
|
|-weather|Sandstorm|[upkeep]
|-damage|p2a: Tyranitar|88/100 brn|[from] brn
|upkeep
|turn|3
|
|t:|1757789836
|switch|p2a: Gliscor|Gliscor, M|100/100
|move|p1a: Great Tusk|Stealth Rock|p2a: Gliscor
|-sidestart|p2: zhouguoliang|move: Stealth Rock
|
|-weather|Sandstorm|[upkeep]
|-status|p2a: Gliscor|tox|[from] item: Toxic Orb
|upkeep
|turn|4
|
|t:|1757789846
|-end|p1a: Great Tusk|Protosynthesis|[silent]
|switch|p1a: Clawitzer|Clawitzer, M|100/100
|move|p2a: Gliscor|Stealth Rock|p1a: Clawitzer
|-sidestart|p1: ghostgirlrawr|move: Stealth Rock
|
|-weather|Sandstorm|[upkeep]
|-damage|p1a: Clawitzer|94/100|[from] Sandstorm
|upkeep
|turn|5
|
|t:|1757789860
|move|p1a: Clawitzer|Water Pulse|p2a: Gliscor
|-supereffective|p2a: Gliscor
|-damage|p2a: Gliscor|0 fnt
|faint|p2a: Gliscor
|
|-weather|none
|upkeep
|
|t:|1757789866
|switch|p2a: Garchomp|Garchomp, F|100/100
|-damage|p2a: Garchomp|94/100|[from] Stealth Rock
|turn|6
|
|t:|1757789876
|switch|p1a: Great Tusk|Great Tusk|82/100
|-damage|p1a: Great Tusk|79/100|[from] Stealth Rock
|move|p2a: Garchomp|Draco Meteor|p1a: Great Tusk
|-damage|p1a: Great Tusk|12/100
|-unboost|p2a: Garchomp|spa|2
|
|upkeep
|turn|7
|
|t:|1757789888
|move|p2a: Garchomp|Earthquake|p1a: Great Tusk
|-damage|p1a: Great Tusk|0 fnt
|faint|p1a: Great Tusk
|-end|p1a: Great Tusk|Protosynthesis|[silent]
|
|upkeep
|
|t:|1757789890
|switch|p1a: Clawitzer|Clawitzer, M|94/100
|-damage|p1a: Clawitzer|82/100|[from] Stealth Rock
|turn|8
|
|t:|1757789899
|move|p1a: Clawitzer|Dragon Pulse|p2a: Garchomp
|-supereffective|p2a: Garchomp
|-damage|p2a: Garchomp|36/100
|move|p2a: Garchomp|Iron Head|p1a: Clawitzer
|-resisted|p1a: Clawitzer
|-damage|p1a: Clawitzer|65/100
|
|upkeep
|turn|9
|
|t:|1757789910
|switch|p2a: Goodra|Goodra-Hisui, F|100/100
|-damage|p2a: Goodra|94/100|[from] Stealth Rock
|move|p1a: Clawitzer|Dragon Pulse|p2a: Goodra
|-damage|p2a: Goodra|65/100
|
|-heal|p2a: Goodra|71/100|[from] item: Leftovers
|upkeep
|turn|10
|
|t:|1757789921
|switch|p1a: Slowking|Slowking-Galar, M|100/100
|move|p2a: Goodra|Gyro Ball|p1a: Slowking
|-damage|p1a: Slowking|93/100
|
|-heal|p2a: Goodra|77/100|[from] item: Leftovers
|upkeep
|turn|11
|
|t:|1757789930
|switch|p2a: Tyranitar|Tyranitar, F|88/100 brn
|-damage|p2a: Tyranitar|76/100 brn|[from] Stealth Rock
|-weather|Sandstorm|[from] ability: Sand Stream|[of] p2a: Tyranitar
|move|p1a: Slowking|Thunder Wave||[still]
|-fail|p1a: Slowking
|
|-weather|Sandstorm|[upkeep]
|-damage|p1a: Slowking|87/100|[from] Sandstorm
|-damage|p2a: Tyranitar|70/100 brn|[from] brn
|upkeep
|turn|12
|
|t:|1757789942
|switch|p1a: Clawitzer|Clawitzer, M|65/100
|-damage|p1a: Clawitzer|53/100|[from] Stealth Rock
|move|p2a: Tyranitar|Thunder Punch|p1a: Clawitzer
|-supereffective|p1a: Clawitzer
|-damage|p1a: Clawitzer|16/100
|
|-weather|Sandstorm|[upkeep]
|-damage|p1a: Clawitzer|10/100|[from] Sandstorm
|-damage|p2a: Tyranitar|64/100 brn|[from] brn
|upkeep
|turn|13
|
|t:|1757789952
|move|p1a: Clawitzer|Water Pulse|p2a: Tyranitar
|-supereffective|p2a: Tyranitar
|-damage|p2a: Tyranitar|31/100 brn
|move|p2a: Tyranitar|Thunder Punch|p1a: Clawitzer
|-supereffective|p1a: Clawitzer
|-damage|p1a: Clawitzer|0 fnt
|faint|p1a: Clawitzer
|
|-weather|Sandstorm|[upkeep]
|-damage|p2a: Tyranitar|25/100 brn|[from] brn
|upkeep
|
|t:|1757789961
|switch|p1a: Slowking|Slowking-Galar, M|100/100
|turn|14
|
|t:|1757789965
|move|p2a: Tyranitar|Earthquake|p1a: Slowking
|-supereffective|p1a: Slowking
|-damage|p1a: Slowking|61/100
|-prepare|p1a: Slowking|Chilly Reception|[premajor]
|move|p1a: Slowking|Chilly Reception|p1a: Slowking
|-weather|Snowscape
|
|t:|1757789969
|switch|p1a: Ogerpon|Ogerpon, F|100/100|[from] Chilly Reception
|-damage|p1a: Ogerpon|88/100|[from] Stealth Rock
|
|-weather|Snowscape|[upkeep]
|-damage|p2a: Tyranitar|19/100 brn|[from] brn
|upkeep
|turn|15
|
|t:|1757789980
|move|p1a: Ogerpon|Play Rough|p2a: Tyranitar
|-supereffective|p2a: Tyranitar
|-damage|p2a: Tyranitar|0 fnt
|faint|p2a: Tyranitar
|
|-weather|Snowscape|[upkeep]
|upkeep
|
|t:|1757789988
|switch|p2a: Dragonite|Dragonite, M|100/100
|turn|16
|
|t:|1757789992
|-terastallize|p1a: Ogerpon|Grass
|detailschange|p1a: Ogerpon|Ogerpon-Teal-Tera, F, tera:Grass
|-ability|p1a: Ogerpon|Embody Aspect (Teal)|boost
|-boost|p1a: Ogerpon|spe|1
|move|p1a: Ogerpon|Play Rough|p2a: Dragonite
|-supereffective|p2a: Dragonite
|-damage|p2a: Dragonite|55/100
|move|p2a: Dragonite|Dragon Dance|p2a: Dragonite
|-boost|p2a: Dragonite|atk|1
|-boost|p2a: Dragonite|spe|1
|
|-weather|Snowscape|[upkeep]
|upkeep
|turn|17
|
|t:|1757790005
|move|p2a: Dragonite|Extreme Speed|p1a: Ogerpon
|-damage|p1a: Ogerpon|25/100
|move|p1a: Ogerpon|Play Rough|p2a: Dragonite
|-supereffective|p2a: Dragonite
|-damage|p2a: Dragonite|0 fnt
|faint|p2a: Dragonite
|
|-weather|Snowscape|[upkeep]
|upkeep
|
|t:|1757790016
|switch|p2a: Garchomp|Garchomp, F|36/100
|-damage|p2a: Garchomp|30/100|[from] Stealth Rock
|turn|18
|
|t:|1757790022
|move|p1a: Ogerpon|Play Rough|p2a: Garchomp
|-supereffective|p2a: Garchomp
|-damage|p2a: Garchomp|0 fnt
|-damage|p1a: Ogerpon|13/100|[from] ability: Rough Skin|[of] p2a: Garchomp
|faint|p2a: Garchomp
|
|-weather|none
|upkeep
|
|t:|1757790029
|switch|p2a: Goodra|Goodra-Hisui, F|77/100
|-damage|p2a: Goodra|71/100|[from] Stealth Rock
|turn|19
|
|t:|1757790051
|move|p1a: Ogerpon|Play Rough|p2a: Goodra
|-damage|p2a: Goodra|36/100
|move|p2a: Goodra|Shelter|p2a: Goodra
|-boost|p2a: Goodra|def|2
|
|-heal|p2a: Goodra|42/100|[from] item: Leftovers
|upkeep
|turn|20
|
|t:|1757790059
|move|p1a: Ogerpon|Play Rough|p2a: Goodra
|-damage|p2a: Goodra|25/100
|move|p2a: Goodra|Body Press|p1a: Ogerpon
|-damage|p1a: Ogerpon|0 fnt
|faint|p1a: Ogerpon
|detailschange|p1: Ogerpon|Ogerpon, F|[silent]
|
|-heal|p2a: Goodra|31/100|[from] item: Leftovers
|upkeep
|
|t:|1757790062
|switch|p1a: Dragapult|Dragapult, M|59/100
|turn|21
|
|t:|1757790072
|move|p1a: Dragapult|Draco Meteor|p2a: Goodra
|-damage|p2a: Goodra|0 fnt
|-unboost|p1a: Dragapult|spa|2
|faint|p2a: Goodra
|
|upkeep
|
|t:|1757790078
|switch|p2a: Blaziken|Blaziken, F|100/100
|-damage|p2a: Blaziken|88/100|[from] Stealth Rock
|turn|22
|
|t:|1757790085
|switch|p1a: Slowking|Slowking-Galar, M|94/100
|move|p2a: Blaziken|Protect||[still]
|-fail|p2a: Blaziken
|
|-ability|p2a: Blaziken|Speed Boost|boost
|-boost|p2a: Blaziken|spe|1
|upkeep
|turn|23
|
|t:|1757790092
|move|p2a: Blaziken|Swords Dance|p2a: Blaziken
|-boost|p2a: Blaziken|atk|2
|move|p1a: Slowking|Thunder Wave|p2a: Blaziken
|-status|p2a: Blaziken|par
|
|-ability|p2a: Blaziken|Speed Boost|boost
|-boost|p2a: Blaziken|spe|1
|upkeep
|turn|24
|
|t:|1757790100
|move|p2a: Blaziken|Blaze Kick|p1a: Slowking
|-damage|p1a: Slowking|0 fnt
|faint|p1a: Slowking
|
|-ability|p2a: Blaziken|Speed Boost|boost
|-boost|p2a: Blaziken|spe|1
|upkeep
|
|t:|1757790107
|switch|p1a: Dragapult|Dragapult, M|59/100
|turn|25
|
|t:|1757790111
|move|p1a: Dragapult|Hex|p2a: Blaziken
|-damage|p2a: Blaziken|15/100 par
|move|p2a: Blaziken|Blaze Kick|p1a: Dragapult|[miss]
|-miss|p2a: Blaziken|p1a: Dragapult
|
|-ability|p2a: Blaziken|Speed Boost|boost
|-boost|p2a: Blaziken|spe|1
|upkeep
|turn|26
|
|t:|1757790119
|move|p1a: Dragapult|Hex|p2a: Blaziken
|-damage|p2a: Blaziken|0 fnt
|faint|p2a: Blaziken
|
|win|ghostgirlrawr
|raw|ghostgirlrawr's rating: 1129 &rarr; <strong>1150</strong><br />(+21 for winning)
|raw|zhouguoliang's rating: 1076 &rarr; <strong>1058</strong><br />(-18 for losing)
|l|☆ghostgirlrawr
|player|p1|
|l|☆zhouguoliang
|player|p2|
