|j|☆Master of voltage
|j|☆TruckingMaggot
|t:|1757817954
|gametype|singles
|player|p1|Master of voltage|170|1013
|player|p2|TruckingMaggot|170|1049
|gen|9
|tier|[Gen 9] OU
|rated|
|rule|HP Percentage Mod: HP is shown in percentages
|rule|Endless Battle Clause: Forcing endless battles is banned
|rule|Species Clause: Limit one of each Pokémon
|rule|OHKO Clause: OHKO moves are banned
|rule|Evasion Items Clause: Evasion items are banned
|rule|Evasion Moves Clause: Evasion moves are banned
|rule|Evasion Abilities Clause: Evasion abilities are banned
|rule|Sleep Moves Clause: Sleep-inducing moves are banned
|clearpoke
|poke|p1|Kingambit, F|
|poke|p1|Raging Bolt|
|poke|p1|Glimmora, F|
|poke|p1|Iron Valiant|
|poke|p1|Ogerpon-Wellspring, F|
|poke|p1|Meowscarada, M|
|poke|p2|Skarmory, M|
|poke|p2|Tyranitar, M|
|poke|p2|Weezing-Galar, M|
|poke|p2|Cacturne, M|
|poke|p2|Ting-Lu|
|poke|p2|Talonflame, M|
|teampreview
|
|t:|1757817966
|teamsize|p1|6
|teamsize|p2|6
|start
|switch|p1a: Glimmora|Glimmora, F|100/100
|switch|p2a: Ting-Lu|Ting-Lu|100/100
|-ability|p2a: Ting-Lu|Vessel of Ruin
|turn|1
|
|t:|1757817976
|switch|p2a: NoLead?|Skarmory, M|100/100
|move|p1a: Glimmora|Stealth Rock|p2a: NoLead?
|-sidestart|p2: TruckingMaggot|move: Stealth Rock
|
|upkeep
|turn|2
|
|t:|1757817986
|move|p1a: Glimmora|Earth Power|p2a: NoLead?
|-immune|p2a: NoLead?
|move|p2a: NoLead?|Curse|p2a: NoLead?
|-unboost|p2a: NoLead?|spe|1
|-boost|p2a: NoLead?|atk|1
|-boost|p2a: NoLead?|def|1
|
|upkeep
|turn|3
|
|t:|1757817999
|move|p1a: Glimmora|Mortal Spin|p2a: NoLead?
|-immune|p2a: NoLead?
|move|p2a: NoLead?|Body Press|p1a: Glimmora
|-damage|p1a: Glimmora|46/100
|-activate|p1a: Glimmora|ability: Toxic Debris
|-sidestart|p2: TruckingMaggot|move: Toxic Spikes
|
|upkeep
|turn|4
|
|t:|1757818006
|move|p1a: Glimmora|Energy Ball|p2a: NoLead?
|-resisted|p2a: NoLead?
|-damage|p2a: NoLead?|88/100
|-enditem|p2a: NoLead?|Red Card|[of] p1a: Glimmora
|drag|p1a: Ogerpon|Ogerpon-Wellspring, F|100/100
|move|p2a: NoLead?|Curse|p2a: NoLead?
|-unboost|p2a: NoLead?|spe|1
|-boost|p2a: NoLead?|atk|1
|-boost|p2a: NoLead?|def|1
|
|upkeep
|turn|5
|
|t:|1757818021
|move|p1a: Ogerpon|Swords Dance|p1a: Ogerpon
|-boost|p1a: Ogerpon|atk|2
|move|p2a: NoLead?|Curse|p2a: NoLead?
|-unboost|p2a: NoLead?|spe|1
|-boost|p2a: NoLead?|atk|1
|-boost|p2a: NoLead?|def|1
|
|upkeep
|turn|6
|
|t:|1757818025
|move|p1a: Ogerpon|Ivy Cudgel|p2a: NoLead?|[anim] Ivy Cudgel Water
|-damage|p2a: NoLead?|52/100
|move|p2a: NoLead?|Payback|p1a: Ogerpon
|-damage|p1a: Ogerpon|9/100
|
|upkeep
|turn|7
|
|t:|1757818030
|move|p1a: Ogerpon|Power Whip|p2a: NoLead?
|-resisted|p2a: NoLead?
|-damage|p2a: NoLead?|40/100
|move|p2a: NoLead?|Roost|p2a: NoLead?
|-heal|p2a: NoLead?|91/100
|-singleturn|p2a: NoLead?|move: Roost
|
|upkeep
|turn|8
|
|t:|1757818041
|switch|p1a: Raging Bolt|Raging Bolt|100/100
|move|p2a: NoLead?|Curse|p2a: NoLead?
|-unboost|p2a: NoLead?|spe|1
|-boost|p2a: NoLead?|atk|1
|-boost|p2a: NoLead?|def|1
|
|upkeep
|turn|9
|
|t:|1757818047
|switch|p2a: ScorEater|Tyranitar, M|100/100
|-damage|p2a: ScorEater|88/100|[from] Stealth Rock
|-status|p2a: ScorEater|psn
|-weather|Sandstorm|[from] ability: Sand Stream|[of] p2a: ScorEater
|move|p1a: Raging Bolt|Thunderclap||[still]
|-fail|p1a: Raging Bolt
|
|-weather|Sandstorm|[upkeep]
|-damage|p1a: Raging Bolt|94/100|[from] Sandstorm
|-heal|p1a: Raging Bolt|100/100|[from] item: Leftovers
|-damage|p2a: ScorEater|76/100 psn|[from] psn
|upkeep
|turn|10
|
|t:|1757818056
|move|p1a: Raging Bolt|Calm Mind|p1a: Raging Bolt
|-boost|p1a: Raging Bolt|spa|1
|-boost|p1a: Raging Bolt|spd|1
|move|p2a: ScorEater|Ice Beam|p1a: Raging Bolt
|-supereffective|p1a: Raging Bolt
|-damage|p1a: Raging Bolt|75/100
|
|-weather|Sandstorm|[upkeep]
|-damage|p1a: Raging Bolt|69/100|[from] Sandstorm
|-heal|p1a: Raging Bolt|75/100|[from] item: Leftovers
|-damage|p2a: ScorEater|64/100 psn|[from] psn
|upkeep
|turn|11
|
|t:|1757818059
|move|p1a: Raging Bolt|Dragon Pulse|p2a: ScorEater
|-damage|p2a: ScorEater|41/100 psn
|move|p2a: ScorEater|Knock Off|p1a: Raging Bolt
|-damage|p1a: Raging Bolt|36/100
|-enditem|p1a: Raging Bolt|Leftovers|[from] move: Knock Off|[of] p2a: ScorEater
|
|-weather|Sandstorm|[upkeep]
|-damage|p1a: Raging Bolt|30/100|[from] Sandstorm
|-damage|p2a: ScorEater|28/100 psn|[from] psn
|upkeep
|turn|12
|
|t:|1757818064
|-end|p1a: Raging Bolt|Protosynthesis|[silent]
|switch|p1a: Meowscarada|Meowscarada, M|100/100
|move|p2a: ScorEater|Knock Off|p1a: Meowscarada
|-resisted|p1a: Meowscarada
|-damage|p1a: Meowscarada|68/100
|-enditem|p1a: Meowscarada|Choice Band|[from] move: Knock Off|[of] p2a: ScorEater
|
|-weather|Sandstorm|[upkeep]
|-damage|p1a: Meowscarada|62/100|[from] Sandstorm
|-damage|p2a: ScorEater|16/100 psn|[from] psn
|upkeep
|turn|13
|
|t:|1757818069
|switch|p2a: Talonflame|Talonflame, M|100/100
|move|p1a: Meowscarada|Flower Trick|p2a: Talonflame
|-start|p1a: Meowscarada|typechange|Grass|[from] ability: Protean
|-resisted|p2a: Talonflame
|-crit|p2a: Talonflame
|-damage|p2a: Talonflame|83/100
|
|-weather|none
|upkeep
|turn|14
|
|t:|1757818082
|move|p2a: Talonflame|U-turn|p1a: Meowscarada
|-supereffective|p1a: Meowscarada
|-damage|p1a: Meowscarada|6/100
|
|t:|1757818086
|switch|p2a: Ting-Lu|Ting-Lu|100/100|[from] U-turn
|-damage|p2a: Ting-Lu|94/100|[from] Stealth Rock
|-status|p2a: Ting-Lu|psn
|-ability|p2a: Ting-Lu|Vessel of Ruin
|move|p1a: Meowscarada|Knock Off|p2a: Ting-Lu
|-resisted|p2a: Ting-Lu
|-damage|p2a: Ting-Lu|89/100 psn
|
|-damage|p2a: Ting-Lu|77/100 psn|[from] psn
|upkeep
|turn|15
|
|t:|1757818092
|move|p1a: Meowscarada|U-turn|p2a: Ting-Lu
|-supereffective|p2a: Ting-Lu
|-damage|p2a: Ting-Lu|54/100 psn
|
|t:|1757818102
|switch|p1a: Kingambit|Kingambit, F|100/100|[from] U-turn
|move|p2a: Ting-Lu|Stealth Rock|p1a: Kingambit
|-sidestart|p1: Master of voltage|move: Stealth Rock
|
|-damage|p2a: Ting-Lu|41/100 psn|[from] psn
|upkeep
|turn|16
|
|t:|1757818109
|switch|p2a: NoLead?|Skarmory, M|91/100
|-damage|p2a: NoLead?|78/100|[from] Stealth Rock
|move|p1a: Kingambit|Sucker Punch||[still]
|-fail|p1a: Kingambit
|
|upkeep
|turn|17
|
|t:|1757818117
|move|p1a: Kingambit|Kowtow Cleave|p2a: NoLead?
|-crit|p2a: NoLead?
|-damage|p2a: NoLead?|8/100
|move|p2a: NoLead?|Curse|p2a: NoLead?
|-unboost|p2a: NoLead?|spe|1
|-boost|p2a: NoLead?|atk|1
|-boost|p2a: NoLead?|def|1
|
|upkeep
|turn|18
|
|t:|1757818125
|move|p1a: Kingambit|Iron Head|p2a: NoLead?
|-resisted|p2a: NoLead?
|-damage|p2a: NoLead?|0 fnt
|faint|p2a: NoLead?
|
|upkeep
|
|t:|1757818127
|switch|p2a: Talonflame|Talonflame, M|83/100
|turn|19
|
|t:|1757818139
|-end|p1a: Kingambit|fallenundefined|[silent]
|switch|p1a: Ogerpon|Ogerpon-Wellspring, F|9/100
|-damage|p1a: Ogerpon|0 fnt|[from] Stealth Rock
|faint|p1a: Ogerpon
|move|p2a: Talonflame|Will-O-Wisp|p1: Ogerpon|[notarget]
|-fail|p2a: Talonflame
|
|upkeep
|
|t:|1757818141
|switch|p1a: Raging Bolt|Raging Bolt|30/100
|-damage|p1a: Raging Bolt|17/100|[from] Stealth Rock
|turn|20
|
|t:|1757818146
|move|p2a: Talonflame|Flare Blitz|p1a: Raging Bolt
|-resisted|p1a: Raging Bolt
|-damage|p1a: Raging Bolt|0 fnt
|faint|p1a: Raging Bolt
|-end|p1a: Raging Bolt|Protosynthesis|[silent]
|-damage|p2a: Talonflame|76/100|[from] Recoil
|
|upkeep
|
|t:|1757818153
|switch|p1a: Iron Valiant|Iron Valiant|100/100
|-damage|p1a: Iron Valiant|94/100|[from] Stealth Rock
|turn|21
|
|t:|1757818160
|move|p2a: Talonflame|Will-O-Wisp|p1a: Iron Valiant
|-status|p1a: Iron Valiant|brn
|move|p1a: Iron Valiant|Thunderbolt|p2a: Talonflame
|-supereffective|p2a: Talonflame
|-damage|p2a: Talonflame|0 fnt
|faint|p2a: Talonflame
|
|-damage|p1a: Iron Valiant|88/100 brn|[from] brn
|upkeep
|
|t:|1757818166
|switch|p2a: Ting-Lu|Ting-Lu|41/100 psn
|-damage|p2a: Ting-Lu|35/100 psn|[from] Stealth Rock
|-ability|p2a: Ting-Lu|Vessel of Ruin
|turn|22
|
|t:|1757818173
|-end|p1a: Iron Valiant|Quark Drive|[silent]
|switch|p1a: Kingambit|Kingambit, F|100/100
|-damage|p1a: Kingambit|94/100|[from] Stealth Rock
|-activate|p1a: Kingambit|ability: Supreme Overlord
|-start|p1a: Kingambit|fallen2|[silent]
|move|p2a: Ting-Lu|Ruination|p1a: Kingambit
|-damage|p1a: Kingambit|47/100
|
|-damage|p2a: Ting-Lu|23/100 psn|[from] psn
|upkeep
|turn|23
|
|t:|1757818178
|-terastallize|p1a: Kingambit|Dark
|move|p1a: Kingambit|Kowtow Cleave|p2a: Ting-Lu
|-resisted|p2a: Ting-Lu
|-damage|p2a: Ting-Lu|0 fnt
|faint|p2a: Ting-Lu
|
|upkeep
|
|t:|1757818191
|switch|p2a: FancyBong|Weezing-Galar, M|100/100
|turn|24
|
|t:|1757818206
|-terastallize|p2a: FancyBong|Poison
|move|p1a: Kingambit|Kowtow Cleave|p2a: FancyBong
|-damage|p2a: FancyBong|20/100
|move|p2a: FancyBong|Defog|p1a: Kingambit
|-unboost|p1a: Kingambit|evasion|1
|-sideend|p1: Master of voltage|Stealth Rock|[from] move: Defog|[of] p2a: FancyBong
|-sideend|p2: TruckingMaggot|Toxic Spikes|[from] move: Defog|[of] p2a: FancyBong
|-sideend|p2: TruckingMaggot|Stealth Rock|[from] move: Defog|[of] p2a: FancyBong
|
|upkeep
|turn|25
|
|t:|1757818215
|move|p1a: Kingambit|Kowtow Cleave|p2a: FancyBong
|-damage|p2a: FancyBong|0 fnt
|faint|p2a: FancyBong
|
|upkeep
|
|t:|1757818218
|switch|p2a: Water Sponge|Cacturne, M|100/100
|turn|26
|
|t:|1757818228
|switch|p2a: ScorEater|Tyranitar, M|16/100 psn
|-weather|Sandstorm|[from] ability: Sand Stream|[of] p2a: ScorEater
|move|p1a: Kingambit|Sucker Punch||[still]
|-fail|p1a: Kingambit
|
|-weather|Sandstorm|[upkeep]
|-damage|p1a: Kingambit|41/100|[from] Sandstorm
|-damage|p2a: ScorEater|4/100 psn|[from] psn
|upkeep
|turn|27
|
|t:|1757818237
|move|p1a: Kingambit|Kowtow Cleave|p2a: ScorEater
|-resisted|p2a: ScorEater
|-damage|p2a: ScorEater|0 fnt
|faint|p2a: ScorEater
|
|-weather|Sandstorm|[upkeep]
|-damage|p1a: Kingambit|35/100|[from] Sandstorm
|upkeep
|
|t:|1757818240
|switch|p2a: Water Sponge|Cacturne, M|100/100
|turn|28
|
|t:|1757818245
|move|p2a: Water Sponge|Sucker Punch|p1a: Kingambit
|-resisted|p1a: Kingambit
|-damage|p1a: Kingambit|20/100
|move|p1a: Kingambit|Kowtow Cleave|p2a: Water Sponge
|-resisted|p2a: Water Sponge
|-damage|p2a: Water Sponge|7/100
|
|-weather|Sandstorm|[upkeep]
|-damage|p2a: Water Sponge|0 fnt|[from] Sandstorm
|-damage|p1a: Kingambit|14/100|[from] Sandstorm
|faint|p2a: Water Sponge
|
|win|Master of voltage
|raw|Master of voltage's rating: 1013 &rarr; <strong>1055</strong><br />(+42 for winning)
|raw|TruckingMaggot's rating: 1049 &rarr; <strong>1030</strong><br />(-19 for losing)
|l|☆TruckingMaggot
|player|p2|
