|j|☆skidi2689
|j|☆pepper f
|t:|1757892269
|gametype|singles
|player|p1|skidi2689|102|1095
|player|p2|pepper f|blackbelt-gen4dp|1138
|gen|9
|tier|[Gen 9] OU
|rated|
|rule|HP Percentage Mod: HP is shown in percentages
|rule|Endless Battle Clause: Forcing endless battles is banned
|rule|Species Clause: Limit one of each Pokémon
|rule|OHKO Clause: OHKO moves are banned
|rule|Evasion Items Clause: Evasion items are banned
|rule|Evasion Moves Clause: Evasion moves are banned
|rule|Evasion Abilities Clause: Evasion abilities are banned
|rule|Sleep Moves Clause: Sleep-inducing moves are banned
|clearpoke
|poke|p1|Ribombee, M|
|poke|p1|Krookodile, M|
|poke|p1|Frosmoth, F|
|poke|p1|Murkrow, M|
|poke|p1|Kyurem|
|poke|p1|Ogerpon-Wellspring, F|
|poke|p2|Primeape, M|
|poke|p2|Conkeldurr, M|
|poke|p2|Talonflame, F|
|poke|p2|Meowscarada, F|
|poke|p2|Corviknight, M|
|poke|p2|Gastrodon-East, M|
|teampreview
|inactive|Battle timer is ON: inactive players will automatically lose when time's up. (requested by pepper f)
|
|t:|1757892306
|teamsize|p1|6
|teamsize|p2|6
|start
|switch|p1a: Ogerpon|Ogerpon-Wellspring, F|100/100
|switch|p2a: Talonflame|Talonflame, F|100/100
|turn|1
|
|t:|1757892323
|-terastallize|p1a: Ogerpon|Water
|detailschange|p1a: Ogerpon|Ogerpon-Wellspring-Tera, F, tera:Water
|-ability|p1a: Ogerpon|Embody Aspect (Wellspring)|boost
|-boost|p1a: Ogerpon|spd|1
|move|p1a: Ogerpon|Ivy Cudgel|p2a: Talonflame|[anim] Ivy Cudgel Water
|-supereffective|p2a: Talonflame
|-damage|p2a: Talonflame|0 fnt
|faint|p2a: Talonflame
|
|upkeep
|
|t:|1757892331
|switch|p2a: Meowscarada|Meowscarada, F|100/100
|turn|2
|
|t:|1757892340
|switch|p1a: Frosmoth|Frosmoth, F|100/100
|move|p2a: Meowscarada|Flower Trick|p1a: Frosmoth
|-start|p2a: Meowscarada|typechange|Grass|[from] ability: Protean
|-resisted|p1a: Frosmoth
|-crit|p1a: Frosmoth
|-damage|p1a: Frosmoth|68/100
|
|upkeep
|turn|3
|
|t:|1757892351
|move|p2a: Meowscarada|U-turn|p1a: Frosmoth
|-damage|p1a: Frosmoth|40/100
|
|t:|1757892353
|switch|p2a: Corviknight|Corviknight, M|100/100|[from] U-turn
|-ability|p2a: Corviknight|Pressure
|move|p1a: Frosmoth|Quiver Dance|p1a: Frosmoth
|-boost|p1a: Frosmoth|spa|1
|-boost|p1a: Frosmoth|spd|1
|-boost|p1a: Frosmoth|spe|1
|
|upkeep
|turn|4
|
|t:|1757892362
|move|p1a: Frosmoth|Ice Beam|p2a: Corviknight
|-damage|p2a: Corviknight|40/100
|-status|p2a: Corviknight|frz
|cant|p2a: Corviknight|frz
|
|-heal|p2a: Corviknight|47/100 frz|[from] item: Leftovers
|upkeep
|turn|5
|
|t:|1757892369
|move|p1a: Frosmoth|Quiver Dance|p1a: Frosmoth
|-boost|p1a: Frosmoth|spa|1
|-boost|p1a: Frosmoth|spd|1
|-boost|p1a: Frosmoth|spe|1
|cant|p2a: Corviknight|frz
|
|-heal|p2a: Corviknight|53/100 frz|[from] item: Leftovers
|upkeep
|turn|6
|
|t:|1757892375
|move|p1a: Frosmoth|Ice Beam|p2a: Corviknight
|-damage|p2a: Corviknight|0 fnt
|faint|p2a: Corviknight
|
|upkeep
|
|t:|1757892379
|switch|p2a: Meowscarada|Meowscarada, F|100/100
|turn|7
|
|t:|1757892398
|move|p2a: Meowscarada|Shadow Claw|p1a: Frosmoth
|-start|p2a: Meowscarada|typechange|Ghost|[from] ability: Protean
|-damage|p1a: Frosmoth|0 fnt
|faint|p1a: Frosmoth
|
|upkeep
|
|t:|1757892412
|switch|p1a: Kyurem|Kyurem|100/100
|-ability|p1a: Kyurem|Pressure
|turn|8
|
|t:|1757892421
|move|p2a: Meowscarada|U-turn|p1a: Kyurem
|-damage|p1a: Kyurem|78/100
|
|t:|1757892423
|switch|p2a: Conkeldurr|Conkeldurr, M|100/100|[from] U-turn
|move|p1a: Kyurem|Dragon Dance|p1a: Kyurem
|-boost|p1a: Kyurem|atk|1
|-boost|p1a: Kyurem|spe|1
|
|-status|p2a: Conkeldurr|brn|[from] item: Flame Orb
|upkeep
|turn|9
|
|t:|1757892431
|-terastallize|p2a: Conkeldurr|Steel
|move|p1a: Kyurem|Scale Shot|p2a: Conkeldurr
|-resisted|p2a: Conkeldurr
|-crit|p2a: Conkeldurr
|-damage|p2a: Conkeldurr|87/100 brn
|-resisted|p2a: Conkeldurr
|-damage|p2a: Conkeldurr|79/100 brn
|-resisted|p2a: Conkeldurr
|-damage|p2a: Conkeldurr|69/100 brn
|-resisted|p2a: Conkeldurr
|-damage|p2a: Conkeldurr|58/100 brn
|-hitcount|p2a: Conkeldurr|4
|-unboost|p1a: Kyurem|def|1
|-boost|p1a: Kyurem|spe|1
|move|p2a: Conkeldurr|Drain Punch|p1a: Kyurem
|-supereffective|p1a: Kyurem
|-damage|p1a: Kyurem|0 fnt
|-heal|p2a: Conkeldurr|95/100 brn|[from] drain|[of] p1a: Kyurem
|faint|p1a: Kyurem
|
|-damage|p2a: Conkeldurr|89/100 brn|[from] brn
|upkeep
|
|t:|1757892442
|switch|p1a: Ogerpon|Ogerpon-Wellspring-Tera, F, tera:Water|100/100
|-ability|p1a: Ogerpon|Embody Aspect (Wellspring)|boost
|-boost|p1a: Ogerpon|spd|1
|turn|10
|
|t:|1757892452
|move|p1a: Ogerpon|Ivy Cudgel|p2a: Conkeldurr|[anim] Ivy Cudgel Water
|-damage|p2a: Conkeldurr|25/100 brn
|move|p2a: Conkeldurr|Drain Punch|p1a: Ogerpon
|-damage|p1a: Ogerpon|8/100
|-heal|p2a: Conkeldurr|59/100 brn|[from] drain|[of] p1a: Ogerpon
|
|-damage|p2a: Conkeldurr|53/100 brn|[from] brn
|upkeep
|turn|11
|
|t:|1757892462
|move|p2a: Conkeldurr|Mach Punch|p1a: Ogerpon
|-damage|p1a: Ogerpon|0 fnt
|faint|p1a: Ogerpon
|detailschange|p1: Ogerpon|Ogerpon-Wellspring, F|[silent]
|
|-damage|p2a: Conkeldurr|47/100 brn|[from] brn
|upkeep
|
|t:|1757892469
|switch|p1a: Krookodile|Krookodile, M|100/100
|turn|12
|
|t:|1757892483
|move|p1a: Krookodile|Scale Shot|p2a: Conkeldurr
|-resisted|p2a: Conkeldurr
|-damage|p2a: Conkeldurr|43/100 brn
|-resisted|p2a: Conkeldurr
|-damage|p2a: Conkeldurr|40/100 brn
|-resisted|p2a: Conkeldurr
|-damage|p2a: Conkeldurr|36/100 brn
|-resisted|p2a: Conkeldurr
|-damage|p2a: Conkeldurr|32/100 brn
|-resisted|p2a: Conkeldurr
|-damage|p2a: Conkeldurr|29/100 brn
|-hitcount|p2a: Conkeldurr|5
|-unboost|p1a: Krookodile|def|1
|-boost|p1a: Krookodile|spe|1
|move|p2a: Conkeldurr|Drain Punch|p1a: Krookodile
|-supereffective|p1a: Krookodile
|-damage|p1a: Krookodile|0 fnt
|-heal|p2a: Conkeldurr|69/100 brn|[from] drain|[of] p1a: Krookodile
|faint|p1a: Krookodile
|
|-damage|p2a: Conkeldurr|63/100 brn|[from] brn
|upkeep
|
|t:|1757892496
|switch|p1a: Murkrow|Murkrow, M|100/100
|turn|13
|
|t:|1757892502
|move|p1a: Murkrow|Perish Song|p1a: Murkrow
|-start|p1a: Murkrow|perish3|[silent]
|-start|p2a: Conkeldurr|perish3|[silent]
|-fieldactivate|move: Perish Song
|move|p2a: Conkeldurr|Drain Punch|p1a: Murkrow
|-damage|p1a: Murkrow|9/100
|-heal|p2a: Conkeldurr|98/100 brn|[from] drain|[of] p1a: Murkrow
|
|-damage|p2a: Conkeldurr|92/100 brn|[from] brn
|-start|p1a: Murkrow|perish3
|-start|p2a: Conkeldurr|perish3
|upkeep
|turn|14
|
|t:|1757892512
|move|p1a: Murkrow|Taunt|p2a: Conkeldurr
|-start|p2a: Conkeldurr|move: Taunt
|move|p2a: Conkeldurr|Facade|p1a: Murkrow
|-damage|p1a: Murkrow|0 fnt
|faint|p1a: Murkrow
|
|-damage|p2a: Conkeldurr|86/100 brn|[from] brn
|-start|p2a: Conkeldurr|perish2
|upkeep
|
|t:|1757892514
|switch|p1a: Ribombee|Ribombee, M|100/100
|turn|15
|
|t:|1757892522
|move|p1a: Ribombee|Quiver Dance|p1a: Ribombee
|-boost|p1a: Ribombee|spa|1
|-boost|p1a: Ribombee|spd|1
|-boost|p1a: Ribombee|spe|1
|move|p2a: Conkeldurr|Facade|p1a: Ribombee
|-enditem|p1a: Ribombee|Focus Sash
|-damage|p1a: Ribombee|1/100
|
|-damage|p2a: Conkeldurr|80/100 brn|[from] brn
|-start|p2a: Conkeldurr|perish1
|upkeep
|turn|16
|
|t:|1757892532
|move|p2a: Conkeldurr|Mach Punch|p1a: Ribombee
|-resisted|p1a: Ribombee
|-damage|p1a: Ribombee|0 fnt
|faint|p1a: Ribombee
|
|win|pepper f
|raw|skidi2689's rating: 1095 &rarr; <strong>1074</strong><br />(-21 for losing)
|raw|pepper f's rating: 1138 &rarr; <strong>1160</strong><br />(+22 for winning)
