|j|☆Biohazerd v2
|j|☆pokefanfdj
|t:|1757848886
|gametype|singles
|player|p1|Biohazerd v2|1|1310
|player|p2|pokefanfdj|170|1362
|gen|9
|tier|[Gen 9] OU
|rated|
|rule|HP Percentage Mod: HP is shown in percentages
|rule|Endless Battle Clause: Forcing endless battles is banned
|rule|Species Clause: Limit one of each Pokémon
|rule|OHKO Clause: OHKO moves are banned
|rule|Evasion Items Clause: Evasion items are banned
|rule|Evasion Moves Clause: Evasion moves are banned
|rule|Evasion Abilities Clause: Evasion abilities are banned
|rule|Sleep Moves Clause: Sleep-inducing moves are banned
|clearpoke
|poke|p1|Weavile, F|
|poke|p1|Heatran, F|
|poke|p1|Corviknight, F|
|poke|p1|Dragapult, F|
|poke|p1|Deoxys-Speed|
|poke|p1|Iron Valiant|
|poke|p2|Kleavor, F|
|poke|p2|Brambleghast, F|
|poke|p2|Moltres|
|poke|p2|Mamoswine, F|
|poke|p2|Kingambit, M|
|poke|p2|Blissey, F|
|teampreview
|inactive|Battle timer is ON: inactive players will automatically lose when time's up. (requested by pokefanfdj)
|
|t:|1757848894
|teamsize|p1|6
|teamsize|p2|6
|start
|switch|p1a: Deoxys|Deoxys-Speed|100/100
|switch|p2a: Kleavor|Kleavor, F|100/100
|-ability|p1a: Deoxys|Pressure
|turn|1
|
|t:|1757848904
|-terastallize|p1a: Deoxys|Fighting
|move|p1a: Deoxys|Superpower|p2a: Kleavor
|-damage|p2a: Kleavor|26/100
|-unboost|p1a: Deoxys|atk|1
|-unboost|p1a: Deoxys|def|1
|-damage|p1a: Deoxys|91/100|[from] item: Life Orb
|move|p2a: Kleavor|Tailwind|p2a: Kleavor
|-sidestart|p2: pokefanfdj|move: Tailwind
|
|upkeep
|turn|2
|
|t:|1757848920
|switch|p1a: Corviknight|Corviknight, F|100/100
|-ability|p1a: Corviknight|Pressure
|move|p2a: Kleavor|Stone Axe|p1a: Corviknight
|-damage|p1a: Corviknight|65/100
|-damage|p2a: Kleavor|10/100|[from] item: Rocky Helmet|[of] p1a: Corviknight
|-sidestart|p1: Biohazerd v2|move: Stealth Rock
|
|upkeep
|turn|3
|
|t:|1757848927
|switch|p2a: Brambleghast|Brambleghast, F|100/100
|-ability|p2a: Brambleghast|Wind Rider|boost
|-boost|p2a: Brambleghast|atk|1
|move|p1a: Corviknight|Roost|p1a: Corviknight
|-heal|p1a: Corviknight|100/100
|-singleturn|p1a: Corviknight|move: Roost
|
|upkeep
|turn|4
|
|t:|1757848934
|move|p2a: Brambleghast|Poltergeist|p1a: Corviknight
|-activate|p1a: Corviknight|move: Poltergeist|Rocky Helmet
|-damage|p1a: Corviknight|35/100
|-damage|p2a: Brambleghast|91/100|[from] item: Life Orb
|move|p1a: Corviknight|Brave Bird|p2a: Brambleghast
|-supereffective|p2a: Brambleghast
|-damage|p2a: Brambleghast|0 fnt
|faint|p2a: Brambleghast
|-damage|p1a: Corviknight|16/100|[from] Recoil
|
|-sideend|p2: pokefanfdj|move: Tailwind
|upkeep
|
|t:|1757848946
|switch|p2a: Moltres|Moltres|100/100
|turn|5
|
|t:|1757848953
|switch|p1a: Heatran|Heatran, F|100/100
|-damage|p1a: Heatran|88/100|[from] Stealth Rock
|move|p2a: Moltres|Air Slash|p1a: Heatran
|-resisted|p1a: Heatran
|-damage|p1a: Heatran|75/100
|
|-heal|p1a: Heatran|81/100|[from] item: Leftovers
|upkeep
|turn|6
|
|t:|1757848958
|switch|p2a: Blissey|Blissey, F|100/100
|move|p1a: Heatran|Magma Storm|p2a: Blissey
|-damage|p2a: Blissey|88/100
|-activate|p2a: Blissey|move: Magma Storm|[of] p1a: Heatran
|
|-heal|p1a: Heatran|87/100|[from] item: Leftovers
|-heal|p2a: Blissey|94/100|[from] item: Leftovers
|-damage|p2a: Blissey|81/100|[from] move: Magma Storm|[partiallytrapped]
|upkeep
|turn|7
|
|t:|1757848961
|move|p1a: Heatran|Taunt|p2a: Blissey
|-start|p2a: Blissey|move: Taunt
|cant|p2a: Blissey|move: Taunt|Thunder Wave
|
|-heal|p1a: Heatran|94/100|[from] item: Leftovers
|-heal|p2a: Blissey|88/100|[from] item: Leftovers
|-damage|p2a: Blissey|75/100|[from] move: Magma Storm|[partiallytrapped]
|upkeep
|turn|8
|
|t:|1757848969
|move|p1a: Heatran|Earth Power|p2a: Blissey
|-damage|p2a: Blissey|67/100
|move|p2a: Blissey|Seismic Toss|p1a: Heatran
|-damage|p1a: Heatran|68/100
|
|-heal|p1a: Heatran|74/100|[from] item: Leftovers
|-heal|p2a: Blissey|73/100|[from] item: Leftovers
|-damage|p2a: Blissey|61/100|[from] move: Magma Storm|[partiallytrapped]
|upkeep
|turn|9
|
|t:|1757848973
|move|p1a: Heatran|Earth Power|p2a: Blissey
|-damage|p2a: Blissey|53/100
|move|p2a: Blissey|Seismic Toss|p1a: Heatran
|-damage|p1a: Heatran|48/100
|
|-heal|p1a: Heatran|54/100|[from] item: Leftovers
|-heal|p2a: Blissey|59/100|[from] item: Leftovers
|-damage|p2a: Blissey|46/100|[from] move: Magma Storm|[partiallytrapped]
|-end|p2a: Blissey|move: Taunt
|upkeep
|turn|10
|
|t:|1757848976
|move|p1a: Heatran|Taunt|p2a: Blissey
|-start|p2a: Blissey|move: Taunt
|move|p2a: Blissey|Seismic Toss|p1a: Heatran
|-damage|p1a: Heatran|28/100
|
|-heal|p1a: Heatran|34/100|[from] item: Leftovers
|-heal|p2a: Blissey|52/100|[from] item: Leftovers
|-damage|p2a: Blissey|40/100|[from] move: Magma Storm|[partiallytrapped]
|upkeep
|turn|11
|
|t:|1757848982
|move|p1a: Heatran|Magma Storm|p2a: Blissey|[miss]
|-miss|p1a: Heatran|p2a: Blissey
|move|p2a: Blissey|Seismic Toss|p1a: Heatran
|-damage|p1a: Heatran|9/100
|
|-heal|p1a: Heatran|15/100|[from] item: Leftovers
|-heal|p2a: Blissey|46/100|[from] item: Leftovers
|-end|p2a: Blissey|Magma Storm|[partiallytrapped]
|upkeep
|turn|12
|
|t:|1757848987
|move|p1a: Heatran|Magma Storm|p2a: Blissey
|-crit|p2a: Blissey
|-damage|p2a: Blissey|26/100
|-activate|p2a: Blissey|move: Magma Storm|[of] p1a: Heatran
|move|p2a: Blissey|Seismic Toss|p1a: Heatran
|-damage|p1a: Heatran|0 fnt
|faint|p1a: Heatran
|
|-heal|p2a: Blissey|32/100|[from] item: Leftovers
|-end|p2a: Blissey|Magma Storm|[partiallytrapped]|[silent]
|-end|p2a: Blissey|move: Taunt
|upkeep
|
|t:|1757849011
|switch|p1a: Deoxys|Deoxys-Speed, tera:Fighting|91/100
|-damage|p1a: Deoxys|84/100|[from] Stealth Rock
|-ability|p1a: Deoxys|Pressure
|turn|13
|
|t:|1757849031
|move|p1a: Deoxys|Knock Off|p2a: Blissey
|-crit|p2a: Blissey
|-damage|p2a: Blissey|0 fnt
|-enditem|p2a: Blissey|Leftovers|[from] move: Knock Off|[of] p1a: Deoxys
|faint|p2a: Blissey
|-damage|p1a: Deoxys|74/100|[from] item: Life Orb
|
|upkeep
|
|t:|1757849040
|switch|p2a: Moltres|Moltres|100/100
|turn|14
|
|t:|1757849044
|move|p1a: Deoxys|Psycho Boost|p2a: Moltres
|-damage|p2a: Moltres|21/100
|-unboost|p1a: Deoxys|spa|2
|-damage|p1a: Deoxys|64/100|[from] item: Life Orb
|move|p2a: Moltres|Air Slash|p1a: Deoxys
|-supereffective|p1a: Deoxys
|-damage|p1a: Deoxys|0 fnt
|faint|p1a: Deoxys
|
|upkeep
|
|t:|1757849069
|switch|p1a: Weavile|Weavile, F|100/100
|-ability|p1a: Weavile|Pressure
|turn|15
|
|t:|1757849085
|move|p1a: Weavile|Knock Off|p2a: Moltres
|-damage|p2a: Moltres|0 fnt
|-status|p1a: Weavile|brn|[from] ability: Flame Body|[of] p2a: Moltres
|-enditem|p2a: Moltres|Heavy-Duty Boots|[from] move: Knock Off|[of] p1a: Weavile
|faint|p2a: Moltres
|
|-damage|p1a: Weavile|94/100 brn|[from] brn
|upkeep
|
|t:|1757849096
|switch|p2a: Mamoswine|Mamoswine, F|100/100
|turn|16
|
|t:|1757849100
|switch|p1a: Corviknight|Corviknight, F|16/100
|-damage|p1a: Corviknight|4/100|[from] Stealth Rock
|-ability|p1a: Corviknight|Pressure
|move|p2a: Mamoswine|Earthquake|p1a: Corviknight
|-immune|p1a: Corviknight
|
|upkeep
|turn|17
|
|t:|1757849103
|move|p2a: Mamoswine|Ice Shard|p1a: Corviknight
|-damage|p1a: Corviknight|0 fnt
|faint|p1a: Corviknight
|
|upkeep
|
|t:|1757849110
|switch|p1a: Iron Valiant|Iron Valiant|100/100
|-damage|p1a: Iron Valiant|94/100|[from] Stealth Rock
|-enditem|p1a: Iron Valiant|Booster Energy
|-activate|p1a: Iron Valiant|ability: Quark Drive|[fromitem]
|-start|p1a: Iron Valiant|quarkdrivespe
|turn|18
|
|t:|1757849118
|move|p1a: Iron Valiant|Close Combat|p2a: Mamoswine
|-supereffective|p2a: Mamoswine
|-enditem|p2a: Mamoswine|Focus Sash
|-damage|p2a: Mamoswine|1/100
|-unboost|p1a: Iron Valiant|def|1
|-unboost|p1a: Iron Valiant|spd|1
|move|p2a: Mamoswine|Earthquake|p1a: Iron Valiant
|-damage|p1a: Iron Valiant|0 fnt
|faint|p1a: Iron Valiant
|-end|p1a: Iron Valiant|Quark Drive|[silent]
|
|upkeep
|
|t:|1757849123
|switch|p1a: Weavile|Weavile, F|94/100 brn
|-ability|p1a: Weavile|Pressure
|turn|19
|
|t:|1757849135
|switch|p2a: Kleavor|Kleavor, F|10/100
|move|p1a: Weavile|Knock Off|p2a: Kleavor
|-damage|p2a: Kleavor|0 fnt
|-enditem|p2a: Kleavor|Focus Sash|[from] move: Knock Off|[of] p1a: Weavile
|faint|p2a: Kleavor
|
|-damage|p1a: Weavile|88/100 brn|[from] brn
|upkeep
|
|t:|1757849141
|switch|p2a: Kingambit|Kingambit, M|100/100
|-activate|p2a: Kingambit|ability: Supreme Overlord
|-start|p2a: Kingambit|fallen4|[silent]
|turn|20
|
|t:|1757849152
|switch|p1a: Dragapult|Dragapult, F|100/100
|-damage|p1a: Dragapult|88/100|[from] Stealth Rock
|move|p2a: Kingambit|Swords Dance|p2a: Kingambit
|-boost|p2a: Kingambit|atk|2
|
|upkeep
|turn|21
|
|t:|1757849159
|move|p1a: Dragapult|Flamethrower|p2a: Kingambit
|-supereffective|p2a: Kingambit
|-damage|p2a: Kingambit|9/100
|move|p2a: Kingambit|Kowtow Cleave|p1a: Dragapult
|-supereffective|p1a: Dragapult
|-damage|p1a: Dragapult|0 fnt
|faint|p1a: Dragapult
|
|upkeep
|
|t:|1757849165
|switch|p1a: Weavile|Weavile, F|88/100 brn
|-ability|p1a: Weavile|Pressure
|turn|22
|
|t:|1757849168
|move|p1a: Weavile|Ice Shard|p2a: Kingambit
|-resisted|p2a: Kingambit
|-damage|p2a: Kingambit|5/100
|move|p2a: Kingambit|Sucker Punch||[still]
|-fail|p2a: Kingambit
|
|-damage|p1a: Weavile|82/100 brn|[from] brn
|upkeep
|turn|23
|
|t:|1757849172
|move|p1a: Weavile|Ice Shard|p2a: Kingambit
|-resisted|p2a: Kingambit
|-damage|p2a: Kingambit|0 fnt
|faint|p2a: Kingambit
|-end|p2a: Kingambit|fallen4|[silent]
|
|-damage|p1a: Weavile|76/100 brn|[from] brn
|upkeep
|
|t:|1757849175
|switch|p2a: Mamoswine|Mamoswine, F|1/100
|turn|24
|
|t:|1757849178
|move|p1a: Weavile|Ice Shard|p2a: Mamoswine
|-damage|p2a: Mamoswine|0 fnt
|faint|p2a: Mamoswine
|
|win|Biohazerd v2
|raw|Biohazerd v2's rating: 1310 &rarr; <strong>1333</strong><br />(+23 for winning)
|raw|pokefanfdj's rating: 1362 &rarr; <strong>1339</strong><br />(-23 for losing)
|l|☆pokefanfdj
|player|p2|
|l|☆Biohazerd v2
|player|p1|
