|j|☆disco 2003
|j|‽1shy9
|t:|1757874015
|gametype|singles
|player|p1|disco 2003|policeman-gen4|1702
|player|p2|1shy9|acetrainerf-gen4|1689
|gen|9
|tier|[Gen 9] OU
|rated|
|rule|HP Percentage Mod: HP is shown in percentages
|rule|Endless Battle Clause: Forcing endless battles is banned
|rule|Species Clause: Limit one of each Pokémon
|rule|OHKO Clause: OHKO moves are banned
|rule|Evasion Items Clause: Evasion items are banned
|rule|Evasion Moves Clause: Evasion moves are banned
|rule|Evasion Abilities Clause: Evasion abilities are banned
|rule|Sleep Moves Clause: Sleep-inducing moves are banned
|clearpoke
|poke|p1|Ceruledge, M|
|poke|p1|Raging Bolt|
|poke|p1|Latias, F|
|poke|p1|Kyurem|
|poke|p1|Ninetales-Alola, F|
|poke|p1|Iron Moth|
|poke|p2|Iron Moth|
|poke|p2|Gholdengo|
|poke|p2|Great Tusk|
|poke|p2|Kyurem|
|poke|p2|Zamazenta-*|
|poke|p2|Dragonite, M|
|teampreview
|inactive|Battle timer is ON: inactive players will automatically lose when time's up. (requested by 1shy9)
|
|t:|1757874031
|teamsize|p1|6
|teamsize|p2|6
|start
|switch|p1a: snow bunny|Ninetales-Alola, F|100/100
|switch|p2a: Gholdengo|Gholdengo|100/100
|-weather|Snowscape|[from] ability: Snow Warning|[of] p1a: snow bunny
|-item|p2a: Gholdengo|Air Balloon
|turn|1
|
|t:|1757874038
|switch|p1a: MoveMerchant|Iron Moth|100/100
|-enditem|p1a: MoveMerchant|Booster Energy
|-activate|p1a: MoveMerchant|ability: Quark Drive|[fromitem]
|-start|p1a: MoveMerchant|quarkdrivespe
|move|p2a: Gholdengo|Nasty Plot|p2a: Gholdengo
|-boost|p2a: Gholdengo|spa|2
|
|-weather|Snowscape|[upkeep]
|upkeep
|turn|2
|
|t:|1757874044
|switch|p2a: Iron Moth|Iron Moth|100/100
|-enditem|p2a: Iron Moth|Booster Energy
|-activate|p2a: Iron Moth|ability: Quark Drive|[fromitem]
|-start|p2a: Iron Moth|quarkdrivespe
|move|p1a: MoveMerchant|Sludge Wave|p2a: Iron Moth
|-resisted|p2a: Iron Moth
|-damage|p2a: Iron Moth|77/100
|
|-weather|Snowscape|[upkeep]
|upkeep
|turn|3
|
|t:|1757874050
|move|p2a: Iron Moth|Fiery Dance|p1a: MoveMerchant
|-resisted|p1a: MoveMerchant
|-damage|p1a: MoveMerchant|81/100
|-boost|p2a: Iron Moth|spa|1
|move|p1a: MoveMerchant|Fiery Dance|p2a: Iron Moth
|-resisted|p2a: Iron Moth
|-damage|p2a: Iron Moth|57/100
|
|-weather|Snowscape|[upkeep]
|upkeep
|turn|4
|
|t:|1757874058
|move|p1a: MoveMerchant|Fiery Dance|p2a: Iron Moth
|-resisted|p2a: Iron Moth
|-damage|p2a: Iron Moth|36/100
|-boost|p1a: MoveMerchant|spa|1
|move|p2a: Iron Moth|Psychic|p1a: MoveMerchant
|-supereffective|p1a: MoveMerchant
|-damage|p1a: MoveMerchant|0 fnt
|faint|p1a: MoveMerchant
|-end|p1a: MoveMerchant|Quark Drive|[silent]
|
|-weather|Snowscape|[upkeep]
|upkeep
|
|t:|1757874072
|switch|p1a: bury the light|Ceruledge, M|100/100
|turn|5
|
|t:|1757874077
|move|p2a: Iron Moth|Psychic|p1a: bury the light
|-damage|p1a: bury the light|46/100
|-unboost|p1a: bury the light|spd|1
|move|p1a: bury the light|Swords Dance|p1a: bury the light
|-boost|p1a: bury the light|atk|2
|
|-weather|none
|upkeep
|turn|6
|
|t:|1757874083
|move|p1a: bury the light|Shadow Sneak|p2a: Iron Moth
|-crit|p2a: Iron Moth
|-damage|p2a: Iron Moth|0 fnt
|faint|p2a: Iron Moth
|-end|p2a: Iron Moth|Quark Drive|[silent]
|
|upkeep
|
|t:|1757874091
|switch|p2a: Kyurem|Kyurem|100/100
|-ability|p2a: Kyurem|Pressure
|turn|7
|
|t:|1757874105
|switch|p1a: snow bunny|Ninetales-Alola, F|100/100
|-weather|Snowscape|[from] ability: Snow Warning|[of] p1a: snow bunny
|move|p2a: Kyurem|Icicle Spear|p1a: snow bunny
|-resisted|p1a: snow bunny
|-damage|p1a: snow bunny|94/100
|-resisted|p1a: snow bunny
|-damage|p1a: snow bunny|87/100
|-resisted|p1a: snow bunny
|-damage|p1a: snow bunny|81/100
|-resisted|p1a: snow bunny
|-damage|p1a: snow bunny|73/100
|-resisted|p1a: snow bunny
|-damage|p1a: snow bunny|67/100
|-hitcount|p1a: snow bunny|5
|
|-weather|Snowscape|[upkeep]
|upkeep
|turn|8
|
|t:|1757874113
|move|p1a: snow bunny|Aurora Veil|p1a: snow bunny
|-sidestart|p1: disco 2003|move: Aurora Veil
|move|p2a: Kyurem|Dragon Dance|p2a: Kyurem
|-boost|p2a: Kyurem|atk|1
|-boost|p2a: Kyurem|spe|1
|
|-weather|Snowscape|[upkeep]
|upkeep
|turn|9
|
|t:|1757874119
|-terastallize|p2a: Kyurem|Fire
|move|p2a: Kyurem|Tera Blast|p1a: snow bunny|[anim] Tera Blast Fire
|-supereffective|p1a: snow bunny
|-damage|p1a: snow bunny|0 fnt
|faint|p1a: snow bunny
|
|-weather|Snowscape|[upkeep]
|upkeep
|
|t:|1757874137
|switch|p1a: 50/50|Raging Bolt|100/100
|-enditem|p1a: 50/50|Booster Energy
|-activate|p1a: 50/50|ability: Protosynthesis|[fromitem]
|-start|p1a: 50/50|protosynthesisspa
|turn|10
|
|t:|1757874155
|move|p2a: Kyurem|Icicle Spear|p1a: 50/50
|-supereffective|p1a: 50/50
|-damage|p1a: 50/50|85/100
|-supereffective|p1a: 50/50
|-damage|p1a: 50/50|70/100
|-supereffective|p1a: 50/50
|-damage|p1a: 50/50|54/100
|-supereffective|p1a: 50/50
|-damage|p1a: 50/50|38/100
|-supereffective|p1a: 50/50
|-damage|p1a: 50/50|22/100
|-hitcount|p1a: 50/50|5
|move|p1a: 50/50|Thunderbolt|p2a: Kyurem
|-damage|p2a: Kyurem|25/100
|
|-weather|Snowscape|[upkeep]
|upkeep
|turn|11
|
|t:|1757874168
|move|p1a: 50/50|Thunderclap||[still]
|-fail|p1a: 50/50
|move|p2a: Kyurem|Dragon Dance|p2a: Kyurem
|-boost|p2a: Kyurem|atk|1
|-boost|p2a: Kyurem|spe|1
|
|-weather|none
|upkeep
|turn|12
|
|t:|1757874171
|move|p1a: 50/50|Thunderclap||[still]
|-fail|p1a: 50/50
|move|p2a: Kyurem|Dragon Dance|p2a: Kyurem
|-boost|p2a: Kyurem|atk|1
|-boost|p2a: Kyurem|spe|1
|
|upkeep
|turn|13
|
|t:|1757874174
|move|p2a: Kyurem|Icicle Spear|p1a: 50/50
|-supereffective|p1a: 50/50
|-damage|p1a: 50/50|0 fnt
|faint|p1a: 50/50
|-end|p1a: 50/50|Protosynthesis|[silent]
|-hitcount|p1: 50/50|1
|
|upkeep
|
|t:|1757874177
|switch|p1a: bury the light|Ceruledge, M|46/100
|turn|14
|
|t:|1757874187
|move|p1a: bury the light|Shadow Sneak|p2a: Kyurem
|-damage|p2a: Kyurem|5/100
|move|p2a: Kyurem|Dragon Dance|p2a: Kyurem
|-boost|p2a: Kyurem|atk|1
|-boost|p2a: Kyurem|spe|1
|
|upkeep
|turn|15
|
|t:|1757874190
|move|p1a: bury the light|Shadow Sneak|p2a: Kyurem
|-damage|p2a: Kyurem|0 fnt
|faint|p2a: Kyurem
|
|-sideend|p1: disco 2003|move: Aurora Veil
|upkeep
|
|t:|1757874202
|switch|p2a: Zamazenta|Zamazenta|100/100
|-ability|p2a: Zamazenta|Dauntless Shield|boost
|-boost|p2a: Zamazenta|def|1
|turn|16
|
|t:|1757874207
|move|p2a: Zamazenta|Crunch|p1a: bury the light
|-supereffective|p1a: bury the light
|-damage|p1a: bury the light|0 fnt
|faint|p1a: bury the light
|
|upkeep
|
|t:|1757874211
|switch|p1a: rng my ahh|Kyurem|100/100
|-ability|p1a: rng my ahh|Pressure
|turn|17
|
|t:|1757874214
|move|p2a: Zamazenta|Body Press|p1a: rng my ahh
|-supereffective|p1a: rng my ahh
|-damage|p1a: rng my ahh|0 fnt
|faint|p1a: rng my ahh
|
|upkeep
|
|t:|1757874216
|switch|p1a: realpsyspam|Latias, F|100/100
|turn|18
|
|t:|1757874223
|switch|p2a: Gholdengo|Gholdengo|100/100
|-item|p2a: Gholdengo|Air Balloon
|move|p1a: realpsyspam|Agility|p1a: realpsyspam
|-boost|p1a: realpsyspam|spe|2
|
|upkeep
|turn|19
|
|t:|1757874230
|move|p1a: realpsyspam|Calm Mind|p1a: realpsyspam
|-boost|p1a: realpsyspam|spa|1
|-boost|p1a: realpsyspam|spd|1
|move|p2a: Gholdengo|Nasty Plot|p2a: Gholdengo
|-boost|p2a: Gholdengo|spa|2
|
|upkeep
|turn|20
|
|t:|1757874241
|-terastallize|p1a: realpsyspam|Steel
|move|p1a: realpsyspam|Calm Mind|p1a: realpsyspam
|-boost|p1a: realpsyspam|spa|1
|-boost|p1a: realpsyspam|spd|1
|move|p2a: Gholdengo|Make It Rain|p1a: realpsyspam
|-resisted|p1a: realpsyspam
|-damage|p1a: realpsyspam|71/100
|-unboost|p2a: Gholdengo|spa|1
|
|-heal|p1a: realpsyspam|77/100|[from] item: Leftovers
|upkeep
|turn|21
|
|t:|1757874250
|move|p1a: realpsyspam|Calm Mind|p1a: realpsyspam
|-boost|p1a: realpsyspam|spa|1
|-boost|p1a: realpsyspam|spd|1
|move|p2a: Gholdengo|Shadow Ball|p1a: realpsyspam
|-damage|p1a: realpsyspam|51/100
|-unboost|p1a: realpsyspam|spd|1
|
|-heal|p1a: realpsyspam|57/100|[from] item: Leftovers
|upkeep
|turn|22
|
|t:|1757874257
|move|p1a: realpsyspam|Stored Power|p2a: Gholdengo
|-resisted|p2a: Gholdengo
|-damage|p2a: Gholdengo|0 fnt
|-enditem|p2a: Gholdengo|Air Balloon
|faint|p2a: Gholdengo
|
|-heal|p1a: realpsyspam|63/100|[from] item: Leftovers
|upkeep
|
|t:|1757874270
|switch|p2a: Zamazenta|Zamazenta|100/100
|turn|23
|
|t:|1757874273
|move|p1a: realpsyspam|Stored Power|p2a: Zamazenta
|-supereffective|p2a: Zamazenta
|-damage|p2a: Zamazenta|0 fnt
|faint|p2a: Zamazenta
|
|-heal|p1a: realpsyspam|69/100|[from] item: Leftovers
|upkeep
|-message|1shy9 forfeited.
|
|win|disco 2003
|raw|disco 2003's rating: 1702 &rarr; <strong>1721</strong><br />(+19 for winning)
|raw|1shy9's rating: 1689 &rarr; <strong>1670</strong><br />(-19 for losing)
|l|‽1shy9
|player|p2|
|l|☆disco 2003
|player|p1|
|j|☆disco 2003
|player|p1|disco 2003|policeman-gen4|
|l|☆disco 2003
|player|p1|
