|j|☆McQueenloko
|j|‽CalmaV8
|t:|1757853517
|gametype|singles
|player|p1|McQueenloko|hugh|1040
|player|p2|CalmaV8|1|1044
|gen|9
|tier|[Gen 9] OU
|rated|
|rule|HP Percentage Mod: HP is shown in percentages
|rule|Endless Battle Clause: Forcing endless battles is banned
|rule|Species Clause: Limit one of each Pokémon
|rule|OHKO Clause: OHKO moves are banned
|rule|Evasion Items Clause: Evasion items are banned
|rule|Evasion Moves Clause: Evasion moves are banned
|rule|Evasion Abilities Clause: Evasion abilities are banned
|rule|Sleep Moves Clause: Sleep-inducing moves are banned
|clearpoke
|poke|p1|Ogerpon-Wellspring, F|
|poke|p1|Pecharunt|
|poke|p1|Corviknight, F|
|poke|p1|Hydreigon, F|
|poke|p1|Cinderace, M|
|poke|p1|Hydrapple, M|
|poke|p2|Amoonguss, M|
|poke|p2|Whimsicott, F|
|poke|p2|Gholdengo|
|poke|p2|Gliscor, F|
|poke|p2|Incineroar, M|
|poke|p2|Dragonite, M|
|teampreview
|inactive|Battle timer is ON: inactive players will automatically lose when time's up. (requested by McQueenloko)
|
|t:|1757853547
|teamsize|p1|6
|teamsize|p2|6
|start
|switch|p1a: Cinderace|Cinderace, M|100/100
|switch|p2a: Whimsicott|Whimsicott, F|100/100
|turn|1
|
|t:|1757853559
|move|p2a: Whimsicott|Tailwind|p2a: Whimsicott
|-sidestart|p2: CalmaV8|move: Tailwind
|move|p1a: Cinderace|Pyro Ball|p2a: Whimsicott|[miss]
|-miss|p1a: Cinderace|p2a: Whimsicott
|
|upkeep
|turn|2
|
|t:|1757853569
|move|p2a: Whimsicott|Light Screen|p2a: Whimsicott
|-sidestart|p2: CalmaV8|move: Light Screen
|move|p1a: Cinderace|Pyro Ball|p2a: Whimsicott
|-supereffective|p2a: Whimsicott
|-enditem|p2a: Whimsicott|Focus Sash
|-damage|p2a: Whimsicott|1/100
|
|upkeep
|turn|3
|
|t:|1757853577
|move|p2a: Whimsicott|Endeavor|p1a: Cinderace
|-damage|p1a: Cinderace|1/100
|move|p1a: Cinderace|U-turn|p2a: Whimsicott
|-start|p1a: Cinderace|typechange|Bug|[from] ability: Libero
|-damage|p2a: Whimsicott|0 fnt
|faint|p2a: Whimsicott
|
|t:|1757853592
|switch|p1a: Ogerpon|Ogerpon-Wellspring, F|100/100|[from] U-turn
|
|upkeep
|inactive|CalmaV8 has 120 seconds left.
|
|t:|1757853627
|switch|p2a: Dragonite|Dragonite, M|100/100
|turn|4
|
|t:|1757853633
|move|p2a: Dragonite|Dragon Dance|p2a: Dragonite
|-boost|p2a: Dragonite|atk|1
|-boost|p2a: Dragonite|spe|1
|move|p1a: Ogerpon|Knock Off|p2a: Dragonite
|-damage|p2a: Dragonite|84/100
|-enditem|p2a: Dragonite|Weakness Policy|[from] move: Knock Off|[of] p1a: Ogerpon
|
|-sideend|p2: CalmaV8|move: Tailwind
|upkeep
|turn|5
|inactive|CalmaV8 has 120 seconds left.
|
|t:|1757853670
|switch|p1a: Pecharunt|Pecharunt|100/100
|move|p2a: Dragonite|Dragon Dance|p2a: Dragonite
|-boost|p2a: Dragonite|atk|1
|-boost|p2a: Dragonite|spe|1
|
|upkeep
|turn|6
|inactive|CalmaV8 has 120 seconds left.
|
|t:|1757853695
|move|p2a: Dragonite|Earthquake|p1a: Pecharunt
|-supereffective|p1a: Pecharunt
|-damage|p1a: Pecharunt|4/100
|move|p1a: Pecharunt|Malignant Chain|p2a: Dragonite
|-damage|p2a: Dragonite|65/100
|
|-sideend|p2: CalmaV8|move: Light Screen
|upkeep
|turn|7
|
|t:|1757853706
|switch|p1a: Corviknight|Corviknight, F|100/100
|-ability|p1a: Corviknight|Pressure
|move|p2a: Dragonite|Dragon Dance|p2a: Dragonite
|-boost|p2a: Dragonite|atk|1
|-boost|p2a: Dragonite|spe|1
|
|upkeep
|turn|8
|
|t:|1757853731
|move|p2a: Dragonite|Ice Punch|p1a: Corviknight
|-damage|p1a: Corviknight|53/100
|-damage|p2a: Dragonite|49/100|[from] item: Rocky Helmet|[of] p1a: Corviknight
|move|p1a: Corviknight|Iron Defense|p1a: Corviknight
|-boost|p1a: Corviknight|def|2
|
|upkeep
|turn|9
|
|t:|1757853743
|move|p2a: Dragonite|Ice Punch|p1a: Corviknight
|-damage|p1a: Corviknight|32/100
|-damage|p2a: Dragonite|32/100|[from] item: Rocky Helmet|[of] p1a: Corviknight
|move|p1a: Corviknight|Roost|p1a: Corviknight
|-heal|p1a: Corviknight|82/100
|-singleturn|p1a: Corviknight|move: Roost
|
|upkeep
|turn|10
|inactive|CalmaV8 has 90 seconds left.
|
|t:|1757853768
|switch|p2a: Incineroar|Incineroar, M|100/100
|-ability|p2a: Incineroar|Intimidate|boost
|-unboost|p1a: Corviknight|atk|1
|move|p1a: Corviknight|Iron Defense|p1a: Corviknight
|-boost|p1a: Corviknight|def|2
|
|upkeep
|turn|11
|
|t:|1757853781
|move|p1a: Corviknight|Body Press|p2a: Incineroar
|-supereffective|p2a: Incineroar
|-damage|p2a: Incineroar|0 fnt
|faint|p2a: Incineroar
|
|upkeep
|
|t:|1757853795
|switch|p2a: Gholdengo|Gholdengo|100/100
|turn|12
|l|‽CalmaV8
|inactive|CalmaV8 disconnected and has a minute to reconnect!
|player|p2|
|inactive|CalmaV8 has 30 seconds to reconnect!
|inactive|CalmaV8 has 20 seconds to reconnect!
|inactive|CalmaV8 has 15 seconds to reconnect!
|inactive|CalmaV8 has 10 seconds to reconnect!
|inactive|CalmaV8 has 5 seconds to reconnect!
|-message|CalmaV8 lost due to inactivity.
|
|win|McQueenloko
|raw|McQueenloko's rating: 1040 &rarr; <strong>1074</strong><br />(+34 for winning)
|raw|CalmaV8's rating: 1044 &rarr; <strong>1027</strong><br />(-17 for losing)
