|j|☆Crooksieee
|j|☆Devrai
|t:|1757816130
|gametype|singles
|player|p1|Crooksieee|1|1485
|player|p2|Devrai|zinnia|1444
|gen|9
|tier|[Gen 9] OU
|rated|
|rule|HP Percentage Mod: HP is shown in percentages
|rule|Endless Battle Clause: Forcing endless battles is banned
|rule|Species Clause: Limit one of each Pokémon
|rule|OHKO Clause: OHKO moves are banned
|rule|Evasion Items Clause: Evasion items are banned
|rule|Evasion Moves Clause: Evasion moves are banned
|rule|Evasion Abilities Clause: Evasion abilities are banned
|rule|Sleep Moves Clause: Sleep-inducing moves are banned
|clearpoke
|poke|p1|Ninetales-Alola, M|
|poke|p1|Garchomp, F|
|poke|p1|Glimmora, F|
|poke|p1|Great Tusk|
|poke|p1|Scizor, M|
|poke|p1|Gholdengo|
|poke|p2|Araquanid, M|
|poke|p2|Iron Treads|
|poke|p2|Skeledirge, M|
|poke|p2|Serperior, F|
|poke|p2|Gardevoir, F|
|poke|p2|Raichu, F|
|teampreview
|inactive|Battle timer is ON: inactive players will automatically lose when time's up. (requested by Devrai)
|
|t:|1757816167
|teamsize|p1|6
|teamsize|p2|6
|start
|switch|p1a: Ninetales|Ninetales-Alola, M|100/100
|switch|p2a: Bubble Buddy|Araquanid, M, shiny|100/100
|-weather|Snowscape|[from] ability: Snow Warning|[of] p1a: Ninetales
|turn|1
|
|t:|1757816174
|move|p1a: Ninetales|Aurora Veil|p1a: Ninetales
|-sidestart|p1: Crooksieee|move: Aurora Veil
|move|p2a: Bubble Buddy|Sticky Web|p1a: Ninetales
|-sidestart|p1: Crooksieee|move: Sticky Web
|
|-weather|Snowscape|[upkeep]
|upkeep
|turn|2
|
|t:|1757816180
|switch|p2a: Treadmill|Iron Treads, shiny|100/100
|move|p1a: Ninetales|Encore||[still]
|-fail|p1a: Ninetales
|
|-weather|Snowscape|[upkeep]
|upkeep
|turn|3
|
|t:|1757816189
|switch|p1a: Great Tusk|Great Tusk|100/100
|-activate|p1a: Great Tusk|move: Sticky Web
|-unboost|p1a: Great Tusk|spe|1
|move|p2a: Treadmill|Stealth Rock|p1a: Great Tusk
|-sidestart|p1: Crooksieee|move: Stealth Rock
|
|-weather|Snowscape|[upkeep]
|upkeep
|turn|4
|
|t:|1757816200
|-end|p2a: Treadmill|Quark Drive|[silent]
|switch|p2a: King Gator|Skeledirge, M, shiny|100/100
|move|p1a: Great Tusk|Bulk Up|p1a: Great Tusk
|-boost|p1a: Great Tusk|atk|1
|-boost|p1a: Great Tusk|def|1
|
|-weather|Snowscape|[upkeep]
|upkeep
|turn|5
|
|t:|1757816209
|move|p1a: Great Tusk|Headlong Rush|p2a: King Gator
|-supereffective|p2a: King Gator
|-damage|p2a: King Gator|20/100
|-unboost|p1a: Great Tusk|def|1
|-unboost|p1a: Great Tusk|spd|1
|move|p2a: King Gator|Will-O-Wisp|p1a: Great Tusk
|-status|p1a: Great Tusk|brn
|
|-weather|none
|-heal|p2a: King Gator|26/100|[from] item: Leftovers
|-damage|p1a: Great Tusk|94/100 brn|[from] brn
|upkeep
|turn|6
|
|t:|1757816221
|switch|p2a: Nagini|Serperior, F, shiny|100/100
|move|p1a: Great Tusk|Headlong Rush|p2a: Nagini
|-resisted|p2a: Nagini
|-damage|p2a: Nagini|77/100
|-unboost|p1a: Great Tusk|def|1
|-unboost|p1a: Great Tusk|spd|1
|
|-heal|p2a: Nagini|83/100|[from] item: Leftovers
|-heal|p1a: Great Tusk|100/100 brn|[from] item: Leftovers
|-damage|p1a: Great Tusk|94/100 brn|[from] brn
|upkeep
|turn|7
|
|t:|1757816234
|-terastallize|p1a: Great Tusk|Grass
|move|p2a: Nagini|Leaf Storm|p1a: Great Tusk
|-resisted|p1a: Great Tusk
|-damage|p1a: Great Tusk|68/100 brn
|-boost|p2a: Nagini|spa|2
|move|p1a: Great Tusk|Rapid Spin|p2a: Nagini
|-damage|p2a: Nagini|70/100
|-boost|p1a: Great Tusk|spe|1
|-sideend|p1: Crooksieee|Stealth Rock|[from] move: Rapid Spin|[of] p1a: Great Tusk
|-sideend|p1: Crooksieee|Sticky Web|[from] move: Rapid Spin|[of] p1a: Great Tusk
|
|-heal|p2a: Nagini|77/100|[from] item: Leftovers
|-heal|p1a: Great Tusk|74/100 brn|[from] item: Leftovers
|-damage|p1a: Great Tusk|68/100 brn|[from] brn
|upkeep
|turn|8
|
|t:|1757816251
|move|p2a: Nagini|Leaf Storm|p1a: Great Tusk
|-resisted|p1a: Great Tusk
|-damage|p1a: Great Tusk|22/100 brn
|-boost|p2a: Nagini|spa|2
|move|p1a: Great Tusk|Ice Spinner|p2a: Nagini
|-supereffective|p2a: Nagini
|-damage|p2a: Nagini|32/100
|
|-heal|p2a: Nagini|38/100|[from] item: Leftovers
|-heal|p1a: Great Tusk|28/100 brn|[from] item: Leftovers
|-damage|p1a: Great Tusk|22/100 brn|[from] brn
|-sideend|p1: Crooksieee|move: Aurora Veil
|upkeep
|turn|9
|
|t:|1757816263
|-end|p1a: Great Tusk|Protosynthesis|[silent]
|switch|p1a: Scizor|Scizor, M|100/100
|move|p2a: Nagini|Leaf Storm|p1a: Scizor
|-resisted|p1a: Scizor
|-damage|p1a: Scizor|55/100
|-boost|p2a: Nagini|spa|2
|
|-heal|p2a: Nagini|44/100|[from] item: Leftovers
|upkeep
|turn|10
|
|t:|1757816273
|switch|p2a: Bubble Buddy|Araquanid, M, shiny|100/100
|move|p1a: Scizor|Bullet Punch|p2a: Bubble Buddy
|-resisted|p2a: Bubble Buddy
|-damage|p2a: Bubble Buddy|84/100
|
|-heal|p2a: Bubble Buddy|90/100|[from] item: Leftovers
|upkeep
|turn|11
|
|t:|1757816298
|switch|p1a: Gholdengo|Gholdengo|100/100
|move|p2a: Bubble Buddy|Sticky Web|p1a: Gholdengo
|-sidestart|p1: Crooksieee|move: Sticky Web
|
|-heal|p2a: Bubble Buddy|96/100|[from] item: Leftovers
|upkeep
|turn|12
|
|t:|1757816311
|move|p1a: Gholdengo|Shadow Ball|p2a: Bubble Buddy
|-damage|p2a: Bubble Buddy|64/100
|move|p2a: Bubble Buddy|Chilling Water|p1a: Gholdengo
|-damage|p1a: Gholdengo|75/100
|-unboost|p1a: Gholdengo|atk|1
|
|-heal|p2a: Bubble Buddy|70/100|[from] item: Leftovers
|upkeep
|turn|13
|
|t:|1757816320
|move|p1a: Gholdengo|Shadow Ball|p2a: Bubble Buddy
|-damage|p2a: Bubble Buddy|38/100
|move|p2a: Bubble Buddy|Liquidation|p1a: Gholdengo
|-damage|p1a: Gholdengo|25/100
|
|-heal|p2a: Bubble Buddy|44/100|[from] item: Leftovers
|upkeep
|turn|14
|
|t:|1757816333
|switch|p1a: Ninetales|Ninetales-Alola, M|100/100
|-activate|p1a: Ninetales|move: Sticky Web
|-unboost|p1a: Ninetales|spe|1
|-weather|Snowscape|[from] ability: Snow Warning|[of] p1a: Ninetales
|move|p2a: Bubble Buddy|Chilling Water|p1a: Ninetales
|-damage|p1a: Ninetales|80/100
|-unboost|p1a: Ninetales|atk|1
|
|-weather|Snowscape|[upkeep]
|-heal|p2a: Bubble Buddy|50/100|[from] item: Leftovers
|upkeep
|turn|15
|
|t:|1757816345
|switch|p2a: Treadmill|Iron Treads, shiny|100/100
|move|p1a: Ninetales|Aurora Veil|p1a: Ninetales
|-sidestart|p1: Crooksieee|move: Aurora Veil
|
|-weather|Snowscape|[upkeep]
|upkeep
|turn|16
|
|t:|1757816357
|switch|p1a: Garchomp|Garchomp, F|100/100
|-activate|p1a: Garchomp|move: Sticky Web
|-unboost|p1a: Garchomp|spe|1
|move|p2a: Treadmill|Stealth Rock|p1a: Garchomp
|-sidestart|p1: Crooksieee|move: Stealth Rock
|
|-weather|Snowscape|[upkeep]
|upkeep
|turn|17
|
|t:|1757816371
|-end|p2a: Treadmill|Quark Drive|[silent]
|switch|p2a: Astra|Gardevoir, F, shiny|100/100
|-ability|p2a: Astra|Rough Skin|Trace|[from] ability: Trace|[of] p1a: Garchomp
|move|p1a: Garchomp|Swords Dance|p1a: Garchomp
|-boost|p1a: Garchomp|atk|2
|
|-weather|Snowscape|[upkeep]
|upkeep
|turn|18
|
|t:|1757816381
|move|p1a: Garchomp|Earthquake|p2a: Astra
|-damage|p2a: Astra|0 fnt
|faint|p2a: Astra
|
|-weather|none
|upkeep
|
|t:|1757816399
|switch|p2a: Ampere|Raichu, F|100/100
|turn|19
|
|t:|1757816419
|move|p2a: Ampere|Encore|p1a: Garchomp
|-start|p1a: Garchomp|Encore
|move|p1a: Garchomp|Earthquake|p2a: Ampere
|-supereffective|p2a: Ampere
|-damage|p2a: Ampere|0 fnt
|faint|p2a: Ampere
|
|upkeep
|
|t:|1757816422
|switch|p2a: Nagini|Serperior, F, shiny|44/100
|turn|20
|
|t:|1757816430
|move|p2a: Nagini|Glare|p1a: Garchomp
|-status|p1a: Garchomp|par
|move|p1a: Garchomp|Earthquake|p2a: Nagini
|-resisted|p2a: Nagini
|-damage|p2a: Nagini|0 fnt
|faint|p2a: Nagini
|
|upkeep
|
|t:|1757816437
|switch|p2a: Bubble Buddy|Araquanid, M, shiny|50/100
|turn|21
|
|t:|1757816443
|move|p1a: Garchomp|Earthquake|p2a: Bubble Buddy
|-resisted|p2a: Bubble Buddy
|-damage|p2a: Bubble Buddy|9/100
|move|p2a: Bubble Buddy|Chilling Water|p1a: Garchomp
|-damage|p1a: Garchomp|90/100 par
|-unboost|p1a: Garchomp|atk|1
|
|-heal|p2a: Bubble Buddy|15/100|[from] item: Leftovers
|-end|p1a: Garchomp|Encore
|upkeep
|turn|22
|
|t:|1757816454
|move|p1a: Garchomp|Scale Shot|p2a: Bubble Buddy
|-damage|p2a: Bubble Buddy|0 fnt
|faint|p2a: Bubble Buddy
|-hitcount|p2: Bubble Buddy|1
|-unboost|p1a: Garchomp|def|1
|-boost|p1a: Garchomp|spe|1
|
|-sideend|p1: Crooksieee|move: Aurora Veil
|upkeep
|
|t:|1757816457
|switch|p2a: King Gator|Skeledirge, M, shiny|26/100
|turn|23
|
|t:|1757816465
|-terastallize|p2a: King Gator|Fairy
|move|p2a: King Gator|Slack Off|p2a: King Gator
|-heal|p2a: King Gator|76/100
|cant|p1a: Garchomp|par
|
|-heal|p2a: King Gator|83/100|[from] item: Leftovers
|upkeep
|turn|24
|
|t:|1757816477
|move|p2a: King Gator|Torch Song|p1a: Garchomp
|-resisted|p1a: Garchomp
|-damage|p1a: Garchomp|73/100 par
|-boost|p2a: King Gator|spa|1
|move|p1a: Garchomp|Earthquake|p2a: King Gator
|-damage|p2a: King Gator|39/100
|
|-heal|p2a: King Gator|45/100|[from] item: Leftovers
|upkeep
|turn|25
|
|t:|1757816489
|move|p2a: King Gator|Slack Off|p2a: King Gator
|-heal|p2a: King Gator|95/100
|move|p1a: Garchomp|Earthquake|p2a: King Gator
|-damage|p2a: King Gator|55/100
|
|-heal|p2a: King Gator|61/100|[from] item: Leftovers
|upkeep
|turn|26
|
|t:|1757816501
|switch|p1a: Gholdengo|Gholdengo|25/100
|-activate|p1a: Gholdengo|move: Sticky Web
|-unboost|p1a: Gholdengo|spe|1
|-damage|p1a: Gholdengo|19/100|[from] Stealth Rock
|move|p2a: King Gator|Slack Off|p2a: King Gator
|-heal|p2a: King Gator|100/100
|
|upkeep
|turn|27
|
|t:|1757816510
|switch|p2a: Treadmill|Iron Treads, shiny|100/100
|move|p1a: Gholdengo|Make It Rain|p2a: Treadmill
|-resisted|p2a: Treadmill
|-crit|p2a: Treadmill
|-damage|p2a: Treadmill|46/100
|-unboost|p1a: Gholdengo|spa|1
|
|upkeep
|turn|28
|
|t:|1757816529
|switch|p1a: Ninetales|Ninetales-Alola, M|80/100
|-activate|p1a: Ninetales|move: Sticky Web
|-unboost|p1a: Ninetales|spe|1
|-damage|p1a: Ninetales|55/100|[from] Stealth Rock
|-weather|Snowscape|[from] ability: Snow Warning|[of] p1a: Ninetales
|move|p2a: Treadmill|Stealth Rock||[still]
|-fail|p2a: Treadmill
|
|-weather|Snowscape|[upkeep]
|upkeep
|turn|29
|
|t:|1757816540
|move|p2a: Treadmill|Knock Off|p1a: Ninetales
|-resisted|p1a: Ninetales
|-damage|p1a: Ninetales|44/100
|-enditem|p1a: Ninetales|Light Clay|[from] move: Knock Off|[of] p2a: Treadmill
|move|p1a: Ninetales|Aurora Veil|p1a: Ninetales
|-sidestart|p1: Crooksieee|move: Aurora Veil
|
|-weather|Snowscape|[upkeep]
|upkeep
|turn|30
|
|t:|1757816551
|-end|p2a: Treadmill|Quark Drive|[silent]
|switch|p2a: King Gator|Skeledirge, M, shiny, tera:Fairy|100/100
|switch|p1a: Garchomp|Garchomp, F|73/100 par
|-activate|p1a: Garchomp|move: Sticky Web
|-unboost|p1a: Garchomp|spe|1
|-damage|p1a: Garchomp|67/100 par|[from] Stealth Rock
|
|-weather|Snowscape|[upkeep]
|upkeep
|turn|31
|
|t:|1757816562
|switch|p1a: Glimmora|Glimmora, F|100/100
|-activate|p1a: Glimmora|move: Sticky Web
|-unboost|p1a: Glimmora|spe|1
|-damage|p1a: Glimmora|88/100|[from] Stealth Rock
|move|p2a: King Gator|Torch Song|p1a: Glimmora
|-resisted|p1a: Glimmora
|-damage|p1a: Glimmora|83/100
|-boost|p2a: King Gator|spa|1
|
|-weather|Snowscape|[upkeep]
|upkeep
|turn|32
|
|t:|1757816573
|switch|p2a: Treadmill|Iron Treads, shiny|46/100
|move|p1a: Glimmora|Sludge Wave|p2a: Treadmill
|-immune|p2a: Treadmill
|
|-weather|none
|upkeep
|turn|33
|
|t:|1757816581
|move|p2a: Treadmill|Earthquake|p1a: Glimmora
|-supereffective|p1a: Glimmora
|-damage|p1a: Glimmora|5/100
|-activate|p1a: Glimmora|ability: Toxic Debris
|-sidestart|p2: Devrai|move: Toxic Spikes
|move|p1a: Glimmora|Earth Power|p2a: Treadmill
|-supereffective|p2a: Treadmill
|-damage|p2a: Treadmill|0 fnt
|faint|p2a: Treadmill
|-end|p2a: Treadmill|Quark Drive|[silent]
|
|-sideend|p1: Crooksieee|move: Aurora Veil
|upkeep
|-message|Devrai forfeited.
|
|win|Crooksieee
|raw|Crooksieee's rating: 1485 &rarr; <strong>1503</strong><br />(+18 for winning)
|raw|Devrai's rating: 1444 &rarr; <strong>1426</strong><br />(-18 for losing)
|l|☆Devrai
|player|p2|
|l|☆Crooksieee
|player|p1|
