|j|☆Pennstcoll
|j|☆rookie22
|t:|1757857705
|gametype|singles
|player|p1|Pennstcoll|170|1654
|player|p2|rookie22|iris-gen5bw2|1676
|gen|9
|tier|[Gen 9] OU
|rated|
|rule|HP Percentage Mod: HP is shown in percentages
|rule|Endless Battle Clause: Forcing endless battles is banned
|rule|Species Clause: Limit one of each Pokémon
|rule|OHKO Clause: OHKO moves are banned
|rule|Evasion Items Clause: Evasion items are banned
|rule|Evasion Moves Clause: Evasion moves are banned
|rule|Evasion Abilities Clause: Evasion abilities are banned
|rule|Sleep Moves Clause: Sleep-inducing moves are banned
|clearpoke
|poke|p1|Kyurem|
|poke|p1|Cinderace, M|
|poke|p1|Iron Moth|
|poke|p1|Lokix, F|
|poke|p1|Primarina, F|
|poke|p1|Thundurus-Therian, M|
|poke|p2|Dragonite, M|
|poke|p2|Meowscarada, F|
|poke|p2|Keldeo|
|poke|p2|Iron Crown|
|poke|p2|Raging Bolt|
|poke|p2|Great Tusk|
|teampreview
|inactive|Battle timer is ON: inactive players will automatically lose when time's up. (requested by rookie22)
|
|t:|1757857714
|teamsize|p1|6
|teamsize|p2|6
|start
|switch|p1a: Kyurem|Kyurem|100/100
|switch|p2a: Lisan Al Gaib|Keldeo|100/100
|-ability|p1a: Kyurem|Pressure
|turn|1
|
|t:|1757857723
|switch|p1a: Primarina|Primarina, F|100/100
|switch|p2a: Bene Gesserit|Iron Crown|100/100
|
|upkeep
|turn|2
|
|t:|1757857731
|switch|p1a: Thundurus|Thundurus-Therian, M|100/100
|move|p2a: Bene Gesserit|Psyshock|p1a: Thundurus
|-damage|p1a: Thundurus|42/100
|
|upkeep
|turn|3
|
|t:|1757857737
|move|p2a: Bene Gesserit|Psyshock|p1a: Thundurus
|-damage|p1a: Thundurus|0 fnt
|faint|p1a: Thundurus
|
|upkeep
|
|t:|1757857741
|switch|p1a: Lokix|Lokix, F|100/100
|turn|4
|
|t:|1757857755
|-end|p2a: Bene Gesserit|Quark Drive|[silent]
|switch|p2a: Great Tusk|Great Tusk|100/100
|move|p1a: Lokix|Knock Off|p2a: Great Tusk
|-resisted|p2a: Great Tusk
|-damage|p2a: Great Tusk|69/100
|-enditem|p2a: Great Tusk|Leftovers|[from] move: Knock Off|[of] p1a: Lokix
|
|upkeep
|turn|5
|
|t:|1757857762
|move|p1a: Lokix|U-turn|p2a: Great Tusk
|-resisted|p2a: Great Tusk
|-damage|p2a: Great Tusk|42/100
|
|t:|1757857773
|switch|p1a: Primarina|Primarina, F|100/100|[from] U-turn
|move|p2a: Great Tusk|Stealth Rock|p1a: Primarina
|-sidestart|p1: Pennstcoll|move: Stealth Rock
|
|upkeep
|turn|6
|
|t:|1757857779
|-end|p2a: Great Tusk|Protosynthesis|[silent]
|switch|p2a: Bene Gesserit|Iron Crown|100/100
|move|p1a: Primarina|Substitute|p1a: Primarina
|-start|p1a: Primarina|Substitute
|-damage|p1a: Primarina|75/100
|
|-heal|p1a: Primarina|82/100|[from] item: Leftovers
|upkeep
|turn|7
|
|t:|1757857785
|move|p2a: Bene Gesserit|Psyshock|p1a: Primarina
|-end|p1a: Primarina|Substitute
|move|p1a: Primarina|Calm Mind|p1a: Primarina
|-boost|p1a: Primarina|spa|1
|-boost|p1a: Primarina|spd|1
|
|-heal|p1a: Primarina|88/100|[from] item: Leftovers
|upkeep
|turn|8
|
|t:|1757857795
|-terastallize|p1a: Primarina|Steel
|move|p2a: Bene Gesserit|Psyshock|p1a: Primarina
|-resisted|p1a: Primarina
|-damage|p1a: Primarina|69/100
|move|p1a: Primarina|Substitute|p1a: Primarina
|-start|p1a: Primarina|Substitute
|-damage|p1a: Primarina|44/100
|
|-heal|p1a: Primarina|50/100|[from] item: Leftovers
|upkeep
|turn|9
|
|t:|1757857806
|move|p2a: Bene Gesserit|Focus Blast|p1a: Primarina
|-supereffective|p1a: Primarina
|-end|p1a: Primarina|Substitute
|move|p1a: Primarina|Draining Kiss|p2a: Bene Gesserit
|-resisted|p2a: Bene Gesserit
|-damage|p2a: Bene Gesserit|89/100
|-heal|p1a: Primarina|58/100|[from] drain|[of] p2a: Bene Gesserit
|
|-heal|p1a: Primarina|64/100|[from] item: Leftovers
|upkeep
|turn|10
|inactive|rookie22 has 120 seconds left.
|
|t:|1757857837
|move|p2a: Bene Gesserit|Volt Switch|p1a: Primarina
|-damage|p1a: Primarina|50/100
|inactive|rookie22 has 120 seconds left.
|
|t:|1757857852
|-end|p2a: Bene Gesserit|Quark Drive|[silent]
|switch|p2a: Great Tusk|Great Tusk|42/100|[from] Volt Switch
|move|p1a: Primarina|Substitute|p1a: Primarina
|-start|p1a: Primarina|Substitute
|-damage|p1a: Primarina|25/100
|
|-heal|p1a: Primarina|31/100|[from] item: Leftovers
|upkeep
|turn|11
|
|t:|1757857858
|move|p2a: Great Tusk|Earthquake|p1a: Primarina
|-supereffective|p1a: Primarina
|-end|p1a: Primarina|Substitute
|move|p1a: Primarina|Draining Kiss|p2a: Great Tusk
|-supereffective|p2a: Great Tusk
|-damage|p2a: Great Tusk|0 fnt
|-heal|p1a: Primarina|68/100|[from] drain|[of] p2a: Great Tusk
|faint|p2a: Great Tusk
|-end|p2a: Great Tusk|Protosynthesis|[silent]
|
|-heal|p1a: Primarina|74/100|[from] item: Leftovers
|upkeep
|j| huejack
|inactive|rookie22 has 120 seconds left.
|
|t:|1757857873
|switch|p2a: MEGA DRAGONITE|Dragonite, M|100/100
|turn|12
|
|t:|1757857879
|-terastallize|p2a: MEGA DRAGONITE|Flying
|move|p2a: MEGA DRAGONITE|Dragon Dance|p2a: MEGA DRAGONITE
|-boost|p2a: MEGA DRAGONITE|atk|1
|-boost|p2a: MEGA DRAGONITE|spe|1
|move|p1a: Primarina|Draining Kiss|p2a: MEGA DRAGONITE
|-damage|p2a: MEGA DRAGONITE|83/100
|-heal|p1a: Primarina|87/100|[from] drain|[of] p2a: MEGA DRAGONITE
|
|-heal|p1a: Primarina|93/100|[from] item: Leftovers
|upkeep
|turn|13
|
|t:|1757857886
|move|p2a: MEGA DRAGONITE|Earthquake|p1a: Primarina
|-supereffective|p1a: Primarina
|-damage|p1a: Primarina|0 fnt
|faint|p1a: Primarina
|
|upkeep
|
|t:|1757857902
|switch|p1a: Kyurem|Kyurem|100/100
|-damage|p1a: Kyurem|76/100|[from] Stealth Rock
|-ability|p1a: Kyurem|Pressure
|turn|14
|
|t:|1757857906
|move|p2a: MEGA DRAGONITE|Tera Blast|p1a: Kyurem|[anim] Tera Blast Flying
|-damage|p1a: Kyurem|0 fnt
|faint|p1a: Kyurem
|
|upkeep
|
|t:|1757857909
|switch|p1a: Lokix|Lokix, F|100/100
|-damage|p1a: Lokix|75/100|[from] Stealth Rock
|turn|15
|
|t:|1757857912
|move|p1a: Lokix|First Impression|p2a: MEGA DRAGONITE
|-resisted|p2a: MEGA DRAGONITE
|-damage|p2a: MEGA DRAGONITE|25/100
|move|p2a: MEGA DRAGONITE|Tera Blast|p1a: Lokix|[anim] Tera Blast Flying
|-supereffective|p1a: Lokix
|-damage|p1a: Lokix|0 fnt
|faint|p1a: Lokix
|
|upkeep
|-message|Pennstcoll forfeited.
|
|win|rookie22
|raw|Pennstcoll's rating: 1654 &rarr; <strong>1634</strong><br />(-20 for losing)
|raw|rookie22's rating: 1653 &rarr; <strong>1673</strong><br />(+20 for winning)
|l|☆Pennstcoll
|player|p1|
|l| huejack
|l|☆rookie22
|player|p2|
