|j|☆quilleddragon
|j|☆resourcespro
|t:|1757825174
|gametype|singles
|player|p1|quilleddragon|acetrainersnow|1158
|player|p2|resourcespro|170|1209
|gen|9
|tier|[Gen 9] OU
|rated|
|rule|HP Percentage Mod: HP is shown in percentages
|rule|Endless Battle Clause: Forcing endless battles is banned
|rule|Species Clause: Limit one of each Pokémon
|rule|OHKO Clause: OHKO moves are banned
|rule|Evasion Items Clause: Evasion items are banned
|rule|Evasion Moves Clause: Evasion moves are banned
|rule|Evasion Abilities Clause: Evasion abilities are banned
|rule|Sleep Moves Clause: Sleep-inducing moves are banned
|clearpoke
|poke|p1|Ambipom, M|
|poke|p1|Charizard, M|
|poke|p1|Pelipper, F|
|poke|p1|Garchomp, F|
|poke|p1|Brambleghast, F|
|poke|p1|Fezandipiti, M|
|poke|p2|Dragapult, F|
|poke|p2|Torkoal, M|
|poke|p2|Great Tusk|
|poke|p2|Walking Wake|
|poke|p2|Moltres|
|poke|p2|Darkrai|
|teampreview
|
|t:|1757825185
|teamsize|p1|6
|teamsize|p2|6
|start
|switch|p1a: Garchomp|Garchomp, F|100/100
|switch|p2a: Torkoal|Torkoal, M|100/100
|-weather|SunnyDay|[from] ability: Drought|[of] p2a: Torkoal
|turn|1
|inactive|Battle timer is ON: inactive players will automatically lose when time's up. (requested by quilleddragon)
|
|t:|1757825198
|switch|p2a: Moltres|Moltres|100/100
|move|p1a: Garchomp|Stealth Rock|p2a: Moltres
|-sidestart|p2: resourcespro|move: Stealth Rock
|
|-weather|SunnyDay|[upkeep]
|upkeep
|turn|2
|
|t:|1757825207
|move|p1a: Garchomp|Poison Jab|p2a: Moltres
|-damage|p2a: Moltres|67/100
|-status|p2a: Moltres|psn
|move|p2a: Moltres|Fire Blast|p1a: Garchomp
|-resisted|p1a: Garchomp
|-damage|p1a: Garchomp|38/100
|
|-weather|SunnyDay|[upkeep]
|-damage|p2a: Moltres|55/100 psn|[from] psn
|upkeep
|turn|3
|
|t:|1757825222
|move|p2a: Moltres|Fire Blast|p1a: Garchomp
|-resisted|p1a: Garchomp
|-damage|p1a: Garchomp|0 fnt
|faint|p1a: Garchomp
|
|-weather|SunnyDay|[upkeep]
|-damage|p2a: Moltres|42/100 psn|[from] psn
|upkeep
|
|t:|1757825230
|switch|p1a: Pelipper|Pelipper, F|100/100
|-weather|RainDance|[from] ability: Drizzle|[of] p1a: Pelipper
|turn|4
|inactive|resourcespro has 120 seconds left.
|
|t:|1757825260
|switch|p2a: Walking Wake|Walking Wake|100/100
|-damage|p2a: Walking Wake|88/100|[from] Stealth Rock
|-enditem|p2a: Walking Wake|Booster Energy
|-activate|p2a: Walking Wake|ability: Protosynthesis|[fromitem]
|-start|p2a: Walking Wake|protosynthesisspa
|move|p1a: Pelipper|Surf|p2a: Walking Wake
|-resisted|p2a: Walking Wake
|-damage|p2a: Walking Wake|74/100
|
|-weather|RainDance|[upkeep]
|upkeep
|turn|5
|
|t:|1757825272
|move|p2a: Walking Wake|Hydro Steam|p1a: Pelipper
|-resisted|p1a: Pelipper
|-damage|p1a: Pelipper|35/100
|move|p1a: Pelipper|U-turn|p2a: Walking Wake
|-damage|p2a: Walking Wake|65/100
|
|t:|1757825278
|switch|p1a: Ambipom|Ambipom, M|100/100|[from] U-turn
|
|-weather|RainDance|[upkeep]
|upkeep
|turn|6
|
|t:|1757825287
|move|p1a: Ambipom|Fake Out|p2a: Walking Wake
|-damage|p2a: Walking Wake|29/100
|cant|p2a: Walking Wake|flinch
|
|-weather|RainDance|[upkeep]
|upkeep
|turn|7
|
|t:|1757825299
|-end|p2a: Walking Wake|Protosynthesis|[silent]
|switch|p2a: Great Tusk|Great Tusk|100/100
|move|p1a: Ambipom|U-turn|p2a: Great Tusk
|-resisted|p2a: Great Tusk
|-damage|p2a: Great Tusk|93/100
|
|t:|1757825305
|switch|p1a: Brambleghast|Brambleghast, F|100/100|[from] U-turn
|
|-weather|RainDance|[upkeep]
|upkeep
|turn|8
|
|t:|1757825312
|move|p1a: Brambleghast|Power Whip|p2a: Great Tusk
|-supereffective|p2a: Great Tusk
|-damage|p2a: Great Tusk|13/100
|move|p2a: Great Tusk|Ice Spinner|p1a: Brambleghast
|-supereffective|p1a: Brambleghast
|-damage|p1a: Brambleghast|0 fnt
|faint|p1a: Brambleghast
|
|-weather|RainDance|[upkeep]
|upkeep
|
|t:|1757825322
|switch|p1a: Ambipom|Ambipom, M|100/100
|turn|9
|
|t:|1757825326
|-end|p2a: Great Tusk|Protosynthesis|[silent]
|switch|p2a: Torkoal|Torkoal, M|100/100
|-damage|p2a: Torkoal|76/100|[from] Stealth Rock
|-weather|SunnyDay|[from] ability: Drought|[of] p2a: Torkoal
|move|p1a: Ambipom|Fake Out|p2a: Torkoal
|-damage|p2a: Torkoal|54/100
|
|-weather|SunnyDay|[upkeep]
|upkeep
|turn|10
|
|t:|1757825339
|move|p1a: Ambipom|U-turn|p2a: Torkoal
|-resisted|p2a: Torkoal
|-damage|p2a: Torkoal|46/100
|
|t:|1757825342
|switch|p1a: Pelipper|Pelipper, F|35/100|[from] U-turn
|-weather|RainDance|[from] ability: Drizzle|[of] p1a: Pelipper
|move|p2a: Torkoal|Rapid Spin|p1a: Pelipper
|-damage|p1a: Pelipper|27/100
|-boost|p2a: Torkoal|spe|1
|-sideend|p2: resourcespro|Stealth Rock|[from] move: Rapid Spin|[of] p2a: Torkoal
|
|-weather|RainDance|[upkeep]
|upkeep
|turn|11
|inactive|resourcespro has 120 seconds left.
|inactive|resourcespro has 90 seconds left.
|inactive|resourcespro has 60 seconds left.
|
|t:|1757825439
|switch|p2a: Darkrai|Darkrai|100/100
|move|p1a: Pelipper|Roost|p1a: Pelipper
|-heal|p1a: Pelipper|77/100
|-singleturn|p1a: Pelipper|move: Roost
|
|-weather|RainDance|[upkeep]
|upkeep
|turn|12
|inactive|resourcespro has 60 seconds left.
|
|t:|1757825452
|switch|p1a: Fezandipiti|Fezandipiti, M|100/100
|move|p2a: Darkrai|Trick|p1a: Fezandipiti
|-activate|p2a: Darkrai|move: Trick|[of] p1a: Fezandipiti
|-item|p1a: Fezandipiti|Choice Scarf|[from] move: Trick
|-item|p2a: Darkrai|Leftovers|[from] move: Trick
|
|-weather|RainDance|[upkeep]
|upkeep
|turn|13
|inactive|resourcespro has 60 seconds left.
|
|t:|1757825482
|move|p2a: Darkrai|Ice Beam|p1a: Fezandipiti
|-damage|p1a: Fezandipiti|78/100
|move|p1a: Fezandipiti|Play Rough|p2a: Darkrai
|-supereffective|p2a: Darkrai
|-damage|p2a: Darkrai|9/100
|
|-weather|RainDance|[upkeep]
|-heal|p2a: Darkrai|15/100|[from] item: Leftovers
|upkeep
|turn|14
|
|t:|1757825492
|switch|p2a: Torkoal|Torkoal, M|46/100
|-weather|SunnyDay|[from] ability: Drought|[of] p2a: Torkoal
|move|p1a: Fezandipiti|Play Rough|p2a: Torkoal
|-resisted|p2a: Torkoal
|-damage|p2a: Torkoal|32/100
|
|-weather|SunnyDay|[upkeep]
|upkeep
|turn|15
|inactive|resourcespro has 30 seconds left.
|inactive|resourcespro has 20 seconds left.
|
|t:|1757825526
|switch|p1a: Pelipper|Pelipper, F|77/100
|-weather|RainDance|[from] ability: Drizzle|[of] p1a: Pelipper
|move|p2a: Torkoal|Overheat|p1a: Pelipper
|-resisted|p1a: Pelipper
|-damage|p1a: Pelipper|58/100
|-unboost|p2a: Torkoal|spa|2
|
|-weather|RainDance|[upkeep]
|upkeep
|turn|16
|inactive|resourcespro has 30 seconds left this turn.
|
|t:|1757825539
|switch|p2a: Walking Wake|Walking Wake|29/100
|move|p1a: Pelipper|Surf|p2a: Walking Wake
|-resisted|p2a: Walking Wake
|-damage|p2a: Walking Wake|15/100
|
|-weather|RainDance|[upkeep]
|upkeep
|turn|17
|inactive|resourcespro has 30 seconds left.
|
|t:|1757825552
|move|p2a: Walking Wake|Hydro Steam|p1a: Pelipper
|-resisted|p1a: Pelipper
|-damage|p1a: Pelipper|13/100
|move|p1a: Pelipper|Hurricane|p2a: Walking Wake
|-damage|p2a: Walking Wake|0 fnt
|faint|p2a: Walking Wake
|-end|p2a: Walking Wake|Protosynthesis|[silent]
|
|-weather|RainDance|[upkeep]
|upkeep
|inactive|resourcespro has 30 seconds left.
|
|t:|1757825561
|switch|p2a: Darkrai|Darkrai|15/100
|turn|18
|
|t:|1757825566
|switch|p1a: Fezandipiti|Fezandipiti, M|78/100
|move|p2a: Darkrai|Sludge Bomb|p1a: Fezandipiti
|-damage|p1a: Fezandipiti|54/100
|
|-weather|RainDance|[upkeep]
|-heal|p2a: Darkrai|21/100|[from] item: Leftovers
|upkeep
|turn|19
|
|t:|1757825578
|move|p2a: Darkrai|Ice Beam|p1a: Fezandipiti
|-damage|p1a: Fezandipiti|29/100
|-status|p1a: Fezandipiti|frz
|cant|p1a: Fezandipiti|frz
|
|-weather|RainDance|[upkeep]
|-heal|p2a: Darkrai|27/100|[from] item: Leftovers
|upkeep
|turn|20
|
|t:|1757825592
|move|p2a: Darkrai|Dark Pulse|p1a: Fezandipiti
|-resisted|p1a: Fezandipiti
|-damage|p1a: Fezandipiti|15/100 frz
|cant|p1a: Fezandipiti|frz
|
|-weather|RainDance|[upkeep]
|-heal|p2a: Darkrai|33/100|[from] item: Leftovers
|upkeep
|turn|21
|
|t:|1757825600
|move|p2a: Darkrai|Ice Beam|p1a: Fezandipiti
|-damage|p1a: Fezandipiti|0 fnt
|faint|p1a: Fezandipiti
|
|-weather|RainDance|[upkeep]
|-heal|p2a: Darkrai|38/100|[from] item: Leftovers
|upkeep
|
|t:|1757825607
|switch|p1a: Ambipom|Ambipom, M|100/100
|turn|22
|inactive|resourcespro has 60 seconds left.
|
|t:|1757825622
|move|p1a: Ambipom|Fake Out|p2a: Darkrai
|-damage|p2a: Darkrai|0 fnt
|faint|p2a: Darkrai
|
|-weather|none
|upkeep
|
|t:|1757825630
|switch|p2a: Dragapult|Dragapult, F|100/100
|turn|23
|
|t:|1757825637
|move|p2a: Dragapult|Dragon Darts|p1a: Ambipom
|-damage|p1a: Ambipom|59/100
|-anim|p2a: Dragapult|Dragon Darts|p1a: Ambipom
|-damage|p1a: Ambipom|19/100
|move|p1a: Ambipom|Knock Off|p2a: Dragapult
|-supereffective|p2a: Dragapult
|-damage|p2a: Dragapult|19/100
|-enditem|p2a: Dragapult|Power Herb|[from] move: Knock Off|[of] p1a: Ambipom
|
|upkeep
|turn|24
|
|t:|1757825656
|move|p2a: Dragapult|Dragon Darts|p1a: Ambipom
|-damage|p1a: Ambipom|0 fnt
|faint|p1a: Ambipom
|
|upkeep
|
|t:|1757825662
|switch|p1a: Charizard|Charizard, M|100/100
|turn|25
|
|t:|1757825678
|move|p2a: Dragapult|Dragon Darts|p1a: Charizard
|-damage|p1a: Charizard|66/100
|-anim|p2a: Dragapult|Dragon Darts|p1a: Charizard
|-damage|p1a: Charizard|33/100
|move|p1a: Charizard|Scorching Sands|p2a: Dragapult
|-damage|p2a: Dragapult|0 fnt
|faint|p2a: Dragapult
|-damage|p1a: Charizard|24/100|[from] item: Life Orb
|
|upkeep
|inactive|resourcespro has 60 seconds left.
|
|t:|1757825706
|switch|p2a: Moltres|Moltres|42/100 psn
|turn|26
|inactive|resourcespro has 60 seconds left.
|
|t:|1757825725
|switch|p1a: Pelipper|Pelipper, F|13/100
|-weather|RainDance|[from] ability: Drizzle|[of] p1a: Pelipper
|-terastallize|p2a: Moltres|Fire
|move|p2a: Moltres|Air Slash|p1a: Pelipper
|-damage|p1a: Pelipper|0 fnt
|faint|p1a: Pelipper
|
|-weather|RainDance|[upkeep]
|-damage|p2a: Moltres|30/100 psn|[from] psn
|upkeep
|
|t:|1757825737
|switch|p1a: Charizard|Charizard, M|24/100
|turn|27
|inactive|resourcespro has 60 seconds left.
|
|t:|1757825744
|move|p1a: Charizard|Weather Ball|p2a: Moltres
|-supereffective|p2a: Moltres
|-damage|p2a: Moltres|0 fnt
|faint|p2a: Moltres
|-damage|p1a: Charizard|14/100|[from] item: Life Orb
|
|-weather|RainDance|[upkeep]
|upkeep
|inactive|resourcespro has 60 seconds left.
|
|t:|1757825752
|switch|p2a: Torkoal|Torkoal, M|32/100
|-weather|SunnyDay|[from] ability: Drought|[of] p2a: Torkoal
|turn|28
|
|t:|1757825761
|move|p1a: Charizard|Scorching Sands|p2a: Torkoal
|-supereffective|p2a: Torkoal
|-damage|p2a: Torkoal|0 fnt
|faint|p2a: Torkoal
|-damage|p1a: Charizard|4/100|[from] item: Life Orb
|
|-weather|SunnyDay|[upkeep]
|upkeep
|
|t:|1757825768
|switch|p2a: Great Tusk|Great Tusk|13/100
|-activate|p2a: Great Tusk|ability: Protosynthesis
|-start|p2a: Great Tusk|protosynthesisatk
|turn|29
|
|t:|1757825775
|move|p1a: Charizard|Flamethrower|p2a: Great Tusk
|-damage|p2a: Great Tusk|0 fnt
|faint|p2a: Great Tusk
|-end|p2a: Great Tusk|Protosynthesis|[silent]
|-damage|p1a: Charizard|0 fnt|[from] item: Life Orb
|faint|p1a: Charizard
|
|win|quilleddragon
|raw|quilleddragon's rating: 1158 &rarr; <strong>1187</strong><br />(+29 for winning)
|raw|resourcespro's rating: 1209 &rarr; <strong>1180</strong><br />(-29 for losing)
|l|☆resourcespro
|player|p2|
|l|☆quilleddragon
|player|p1|
