|j|☆PokePlayerBR
|j|☆IN Champion
|t:|1757913876
|gametype|singles
|player|p1|PokePlayerBR|lucas-gen4pt|1152
|player|p2|IN Champion|1|1107
|gen|9
|tier|[Gen 9] OU
|rated|
|rule|HP Percentage Mod: HP is shown in percentages
|rule|Endless Battle Clause: Forcing endless battles is banned
|rule|Species Clause: Limit one of each Pokémon
|rule|OHKO Clause: OHKO moves are banned
|rule|Evasion Items Clause: Evasion items are banned
|rule|Evasion Moves Clause: Evasion moves are banned
|rule|Evasion Abilities Clause: Evasion abilities are banned
|rule|Sleep Moves Clause: Sleep-inducing moves are banned
|clearpoke
|poke|p1|Amoonguss, F|
|poke|p1|Ceruledge, F|
|poke|p1|Gliscor, F|
|poke|p1|Clefable, F|
|poke|p1|Greninja-*, F|
|poke|p1|Dragapult, M|
|poke|p2|Zoroark-Hisui, M|
|poke|p2|Gengar, M|
|poke|p2|Gliscor, M|
|poke|p2|Decidueye, M|
|poke|p2|Inteleon, M|
|poke|p2|Umbreon, M|
|teampreview
|
|t:|1757913900
|teamsize|p1|6
|teamsize|p2|6
|start
|switch|p1a: Gliscor|Gliscor, F|100/100
|switch|p2a: Gliscor|Gliscor, M|100/100
|turn|1
|
|t:|1757913908
|move|p2a: Gliscor|Protect|p2a: Gliscor
|-singleturn|p2a: Gliscor|Protect
|move|p1a: Gliscor|Swords Dance|p1a: Gliscor
|-boost|p1a: Gliscor|atk|2
|
|-status|p1a: Gliscor|tox|[from] item: Toxic Orb
|-status|p2a: Gliscor|tox|[from] item: Toxic Orb
|upkeep
|turn|2
|
|t:|1757913918
|move|p1a: Gliscor|Swords Dance|p1a: Gliscor
|-boost|p1a: Gliscor|atk|2
|move|p2a: Gliscor|Stealth Rock|p1a: Gliscor
|-sidestart|p1: PokePlayerBR|move: Stealth Rock
|
|upkeep
|turn|3
|
|t:|1757913931
|move|p2a: Gliscor|Protect|p2a: Gliscor
|-singleturn|p2a: Gliscor|Protect
|move|p1a: Gliscor|Swords Dance|p1a: Gliscor
|-boost|p1a: Gliscor|atk|2
|
|upkeep
|turn|4
|
|t:|1757913941
|move|p2a: Gliscor|Substitute|p2a: Gliscor
|-start|p2a: Gliscor|Substitute
|-damage|p2a: Gliscor|76/100 tox
|move|p1a: Gliscor|Knock Off|p2a: Gliscor
|-end|p2a: Gliscor|Substitute
|
|-heal|p2a: Gliscor|88/100 tox|[from] ability: Poison Heal
|upkeep
|turn|5
|l|☆IN Champion
|player|p2|
|inactive|Battle timer is ON: inactive players will automatically lose when time's up. (requested by PokePlayerBR)
|j|☆IN Champion
|inactive|IN Champion reconnected and has 145 seconds left.
|player|p2|IN Champion|1|
|
|t:|1757914014
|move|p2a: Gliscor|Earthquake|p1a: Gliscor
|-immune|p1a: Gliscor
|move|p1a: Gliscor|Knock Off|p2a: Gliscor
|-damage|p2a: Gliscor|19/100 tox
|-enditem|p2a: Gliscor|Toxic Orb|[from] move: Knock Off|[of] p1a: Gliscor
|
|-heal|p2a: Gliscor|31/100 tox|[from] ability: Poison Heal
|upkeep
|turn|6
|
|t:|1757914025
|move|p2a: Gliscor|Earthquake|p1a: Gliscor
|-immune|p1a: Gliscor
|move|p1a: Gliscor|Knock Off|p2a: Gliscor
|-damage|p2a: Gliscor|0 fnt
|faint|p2a: Gliscor
|
|upkeep
|
|t:|1757914034
|switch|p2a: Umbreon|Umbreon, M|100/100
|turn|7
|
|t:|1757914049
|-terastallize|p2a: Umbreon|Poison
|move|p1a: Gliscor|Earthquake|p2a: Umbreon
|-supereffective|p2a: Umbreon
|-damage|p2a: Umbreon|0 fnt
|faint|p2a: Umbreon
|
|upkeep
|
|t:|1757914057
|switch|p2a: Inteleon|Inteleon, M|100/100
|turn|8
|
|t:|1757914064
|-terastallize|p1a: Gliscor|Normal
|move|p2a: Inteleon|Ice Beam|p1a: Gliscor
|-damage|p1a: Gliscor|74/100 tox
|move|p1a: Gliscor|Facade|p2a: Inteleon
|-damage|p2a: Inteleon|0 fnt
|faint|p2a: Inteleon
|
|-heal|p1a: Gliscor|86/100 tox|[from] ability: Poison Heal
|upkeep
|
|t:|1757914076
|switch|p2a: Decidueye|Decidueye, M|100/100
|turn|9
|
|t:|1757914083
|move|p2a: Decidueye|Trick|p1a: Gliscor
|-activate|p2a: Decidueye|move: Trick|[of] p1a: Gliscor
|-item|p1a: Gliscor|Choice Specs|[from] move: Trick
|-item|p2a: Decidueye|Toxic Orb|[from] move: Trick
|move|p1a: Gliscor|Knock Off|p2a: Decidueye
|-supereffective|p2a: Decidueye
|-damage|p2a: Decidueye|0 fnt
|replace|p2a: Zoroark|Zoroark-Hisui, M
|-end|p2a: Zoroark|Illusion
|-enditem|p2a: Zoroark|Toxic Orb|[from] move: Knock Off|[of] p1a: Gliscor
|faint|p2a: Zoroark
|
|-heal|p1a: Gliscor|99/100 tox|[from] ability: Poison Heal
|upkeep
|
|t:|1757914095
|switch|p2a: Decidueye|Decidueye, M|100/100
|turn|10
|
|t:|1757914100
|move|p1a: Gliscor|Knock Off|p2a: Decidueye
|-supereffective|p2a: Decidueye
|-damage|p2a: Decidueye|0 fnt
|-damage|p1a: Gliscor|82/100 tox|[from] item: Rocky Helmet|[of] p2a: Decidueye
|-enditem|p2a: Decidueye|Rocky Helmet|[from] move: Knock Off|[of] p1a: Gliscor
|faint|p2a: Decidueye
|
|-heal|p1a: Gliscor|95/100 tox|[from] ability: Poison Heal
|upkeep
|
|t:|1757914109
|switch|p2a: Gengar|Gengar, M|100/100
|-item|p2a: Gengar|Air Balloon
|turn|11
|
|t:|1757914117
|move|p2a: Gengar|Perish Song|p2a: Gengar
|-start|p1a: Gliscor|perish3|[silent]
|-start|p2a: Gengar|perish3|[silent]
|-fieldactivate|move: Perish Song
|move|p1a: Gliscor|Knock Off|p2a: Gengar
|-supereffective|p2a: Gengar
|-damage|p2a: Gengar|0 fnt
|-start|p1a: Gliscor|Disable|Knock Off|[from] ability: Cursed Body|[of] p2a: Gengar
|-enditem|p2a: Gengar|Air Balloon
|faint|p2a: Gengar
|
|win|PokePlayerBR
|raw|PokePlayerBR's rating: 1152 &rarr; <strong>1174</strong><br />(+22 for winning)
|raw|IN Champion's rating: 1107 &rarr; <strong>1085</strong><br />(-22 for losing)
|l|☆IN Champion
|player|p2|
|l|☆PokePlayerBR
|player|p1|
