|j|☆Church of Booty
|j|☆axellair
|t:|1757874700
|gametype|singles
|player|p1|Church of Booty|cynthia-gen4|1101
|player|p2|axellair|266|1098
|gen|9
|tier|[Gen 9] OU
|rated|
|rule|HP Percentage Mod: HP is shown in percentages
|rule|Endless Battle Clause: Forcing endless battles is banned
|rule|Species Clause: Limit one of each Pokémon
|rule|OHKO Clause: OHKO moves are banned
|rule|Evasion Items Clause: Evasion items are banned
|rule|Evasion Moves Clause: Evasion moves are banned
|rule|Evasion Abilities Clause: Evasion abilities are banned
|rule|Sleep Moves Clause: Sleep-inducing moves are banned
|clearpoke
|poke|p1|Chesnaught, M|
|poke|p1|Rillaboom, M|
|poke|p1|Corviknight, M|
|poke|p1|Garchomp, M|
|poke|p1|Sylveon, F|
|poke|p1|Greninja-*, M|
|poke|p2|Gliscor, M|
|poke|p2|Zapdos|
|poke|p2|Iron Treads|
|poke|p2|Samurott-Hisui, F|
|poke|p2|Dragapult, F|
|poke|p2|Weavile, F|
|teampreview
|inactive|Battle timer is ON: inactive players will automatically lose when time's up. (requested by axellair)
|
|t:|1757874718
|teamsize|p1|6
|teamsize|p2|6
|start
|switch|p1a: Rillaboom|Rillaboom, M|100/100
|switch|p2a: Gliscor|Gliscor, M|100/100
|-fieldstart|move: Grassy Terrain|[from] ability: Grassy Surge|[of] p1a: Rillaboom
|turn|1
|
|t:|1757874727
|move|p1a: Rillaboom|U-turn|p2a: Gliscor
|-resisted|p2a: Gliscor
|-damage|p2a: Gliscor|91/100
|
|t:|1757874734
|switch|p1a: Chesnaught|Chesnaught, M|100/100|[from] U-turn
|move|p2a: Gliscor|Toxic Spikes|p1a: Chesnaught
|-sidestart|p1: Church of Booty|move: Toxic Spikes
|
|-status|p2a: Gliscor|tox|[from] item: Toxic Orb
|upkeep
|turn|2
|
|t:|1757874748
|move|p2a: Gliscor|Knock Off|p1a: Chesnaught
|-resisted|p1a: Chesnaught
|-damage|p1a: Chesnaught|95/100
|-enditem|p1a: Chesnaught|Sitrus Berry|[from] move: Knock Off|[of] p2a: Gliscor
|move|p1a: Chesnaught|Belly Drum|p1a: Chesnaught
|-damage|p1a: Chesnaught|45/100
|-setboost|p1a: Chesnaught|atk|6|[from] move: Belly Drum
|
|-heal|p1a: Chesnaught|51/100|[from] Grassy Terrain
|-heal|p2a: Gliscor|100/100 tox|[from] ability: Poison Heal
|upkeep
|turn|3
|
|t:|1757874762
|move|p1a: Chesnaught|Grassy Glide|p2a: Gliscor
|-crit|p2a: Gliscor
|-damage|p2a: Gliscor|0 fnt
|faint|p2a: Gliscor
|
|-heal|p1a: Chesnaught|57/100|[from] Grassy Terrain
|upkeep
|
|t:|1757874765
|switch|p2a: Weavile|Weavile, F|100/100
|-ability|p2a: Weavile|Pressure
|turn|4
|
|t:|1757874780
|move|p2a: Weavile|Ice Shard|p1a: Chesnaught
|-supereffective|p1a: Chesnaught
|-damage|p1a: Chesnaught|36/100
|move|p1a: Chesnaught|Grassy Glide|p2a: Weavile
|-damage|p2a: Weavile|0 fnt
|faint|p2a: Weavile
|
|-heal|p1a: Chesnaught|42/100|[from] Grassy Terrain
|upkeep
|
|t:|1757874794
|switch|p2a: Zapdos|Zapdos|100/100
|turn|5
|
|t:|1757874800
|move|p1a: Chesnaught|Grassy Glide|p2a: Zapdos
|-resisted|p2a: Zapdos
|-damage|p2a: Zapdos|63/100
|-status|p1a: Chesnaught|par|[from] ability: Static|[of] p2a: Zapdos
|move|p2a: Zapdos|Hurricane|p1a: Chesnaught
|-supereffective|p1a: Chesnaught
|-damage|p1a: Chesnaught|0 fnt
|faint|p1a: Chesnaught
|
|upkeep
|
|t:|1757874819
|switch|p1a: Greninja|Greninja, M|100/100
|-status|p1a: Greninja|psn
|turn|6
|
|t:|1757874828
|move|p1a: Greninja|Ice Beam|p2a: Zapdos
|-supereffective|p2a: Zapdos
|-crit|p2a: Zapdos
|-damage|p2a: Zapdos|0 fnt
|faint|p2a: Zapdos
|-ability|p1a: Greninja|Battle Bond|boost
|-boost|p1a: Greninja|atk|1
|-boost|p1a: Greninja|spa|1
|-boost|p1a: Greninja|spe|1
|-activate|p1a: Greninja|ability: Battle Bond
|
|-damage|p1a: Greninja|88/100 psn|[from] psn
|upkeep
|
|t:|1757874831
|switch|p2a: Iron Treads|Iron Treads|100/100
|turn|7
|
|t:|1757874846
|-terastallize|p1a: Greninja|Water
|move|p1a: Greninja|Water Shuriken|p2a: Iron Treads
|-supereffective|p2a: Iron Treads
|-damage|p2a: Iron Treads|76/100
|-supereffective|p2a: Iron Treads
|-damage|p2a: Iron Treads|54/100
|-supereffective|p2a: Iron Treads
|-damage|p2a: Iron Treads|28/100
|-supereffective|p2a: Iron Treads
|-damage|p2a: Iron Treads|1/100
|-supereffective|p2a: Iron Treads
|-damage|p2a: Iron Treads|0 fnt
|faint|p2a: Iron Treads
|-end|p2a: Iron Treads|Quark Drive|[silent]
|-hitcount|p2: Iron Treads|5
|
|-heal|p1a: Greninja|94/100 psn|[from] Grassy Terrain
|-damage|p1a: Greninja|82/100 psn|[from] psn
|upkeep
|
|t:|1757874851
|switch|p2a: Dragapult|Dragapult, F|100/100
|turn|8
|
|t:|1757874863
|-terastallize|p2a: Dragapult|Ghost
|move|p1a: Greninja|Dark Pulse|p2a: Dragapult
|-supereffective|p2a: Dragapult
|-damage|p2a: Dragapult|0 fnt
|faint|p2a: Dragapult
|
|-heal|p1a: Greninja|88/100 psn|[from] Grassy Terrain
|-damage|p1a: Greninja|76/100 psn|[from] psn
|-fieldend|move: Grassy Terrain
|upkeep
|
|t:|1757874868
|switch|p2a: Samurott|Samurott-Hisui, F|100/100
|turn|9
|-message|axellair forfeited.
|
|win|Church of Booty
|raw|Church of Booty's rating: 1101 &rarr; <strong>1126</strong><br />(+25 for winning)
|raw|axellair's rating: 1098 &rarr; <strong>1074</strong><br />(-24 for losing)
|l|☆axellair
|player|p2|
