|j|☆Kams78190
|j|☆kinsword
|t:|1757839359
|gametype|singles
|player|p1|Kams78190|bruno|1250
|player|p2|kinsword|1|1223
|gen|9
|tier|[Gen 9] OU
|rated|
|rule|HP Percentage Mod: HP is shown in percentages
|rule|Endless Battle Clause: Forcing endless battles is banned
|rule|Species Clause: Limit one of each Pokémon
|rule|OHKO Clause: OHKO moves are banned
|rule|Evasion Items Clause: Evasion items are banned
|rule|Evasion Moves Clause: Evasion moves are banned
|rule|Evasion Abilities Clause: Evasion abilities are banned
|rule|Sleep Moves Clause: Sleep-inducing moves are banned
|clearpoke
|poke|p1|Torkoal, F|
|poke|p1|Hatterene, F|
|poke|p1|Raging Bolt|
|poke|p1|Slither Wing|
|poke|p1|Venusaur, F|
|poke|p1|Walking Wake|
|poke|p2|Tyranitar, F|
|poke|p2|Samurott, F|
|poke|p2|Zapdos-Galar|
|poke|p2|Excadrill, M|
|poke|p2|Enamorus-Therian, F|
|poke|p2|Overqwil, F|
|teampreview
|inactive|Battle timer is ON: inactive players will automatically lose when time's up. (requested by kinsword)
|
|t:|1757839369
|teamsize|p1|6
|teamsize|p2|6
|start
|switch|p1a: Torkoal|Torkoal, F|100/100
|switch|p2a: Tyranitar|Tyranitar, F|100/100
|-weather|Sandstorm|[from] ability: Sand Stream|[of] p2a: Tyranitar
|-weather|SunnyDay|[from] ability: Drought|[of] p1a: Torkoal
|turn|1
|
|t:|1757839389
|switch|p1a: Hatterene|Hatterene, F|100/100
|-item|p1a: Hatterene|Air Balloon
|move|p2a: Tyranitar|Stone Edge|p1a: Hatterene|[miss]
|-miss|p2a: Tyranitar|p1a: Hatterene
|
|-weather|SunnyDay|[upkeep]
|upkeep
|turn|2
|
|t:|1757839398
|move|p2a: Tyranitar|Stone Edge|p1a: Hatterene
|-crit|p1a: Hatterene
|-damage|p1a: Hatterene|28/100
|-enditem|p1a: Hatterene|Air Balloon
|move|p1a: Hatterene|Dazzling Gleam|p2a: Tyranitar
|-supereffective|p2a: Tyranitar
|-damage|p2a: Tyranitar|43/100
|
|-weather|SunnyDay|[upkeep]
|upkeep
|turn|3
|
|t:|1757839412
|switch|p1a: Slither Wing|Slither Wing|100/100
|-activate|p1a: Slither Wing|ability: Protosynthesis
|-start|p1a: Slither Wing|protosynthesisatk
|move|p2a: Tyranitar|Crunch|p1a: Slither Wing
|-resisted|p1a: Slither Wing
|-damage|p1a: Slither Wing|72/100
|-unboost|p1a: Slither Wing|def|1
|
|-weather|SunnyDay|[upkeep]
|upkeep
|turn|4
|
|t:|1757839430
|switch|p2a: Enamorus|Enamorus-Therian, F|100/100
|move|p1a: Slither Wing|First Impression|p2a: Enamorus
|-resisted|p2a: Enamorus
|-damage|p2a: Enamorus|85/100
|
|-weather|SunnyDay|[upkeep]
|upkeep
|turn|5
|
|t:|1757839445
|-end|p1a: Slither Wing|Protosynthesis|[silent]
|switch|p1a: Raging Bolt|Raging Bolt|100/100
|-activate|p1a: Raging Bolt|ability: Protosynthesis
|-start|p1a: Raging Bolt|protosynthesisspa
|move|p2a: Enamorus|Mystical Fire|p1a: Raging Bolt
|-resisted|p1a: Raging Bolt
|-damage|p1a: Raging Bolt|79/100
|-unboost|p1a: Raging Bolt|spa|1
|
|-weather|SunnyDay|[upkeep]
|upkeep
|turn|6
|
|t:|1757839456
|move|p1a: Raging Bolt|Thunderclap|p2a: Enamorus
|-supereffective|p2a: Enamorus
|-damage|p2a: Enamorus|29/100
|-damage|p1a: Raging Bolt|69/100|[from] item: Life Orb
|move|p2a: Enamorus|Moonblast|p1a: Raging Bolt
|-supereffective|p1a: Raging Bolt
|-damage|p1a: Raging Bolt|0 fnt
|faint|p1a: Raging Bolt
|-end|p1a: Raging Bolt|Protosynthesis|[silent]
|
|-weather|SunnyDay|[upkeep]
|upkeep
|
|t:|1757839475
|switch|p1a: Slither Wing|Slither Wing|72/100
|-activate|p1a: Slither Wing|ability: Protosynthesis
|-start|p1a: Slither Wing|protosynthesisatk
|turn|7
|
|t:|1757839484
|move|p1a: Slither Wing|First Impression|p2a: Enamorus
|-resisted|p2a: Enamorus
|-damage|p2a: Enamorus|13/100
|move|p2a: Enamorus|Psychic|p1a: Slither Wing
|-supereffective|p1a: Slither Wing
|-damage|p1a: Slither Wing|22/100
|
|-weather|SunnyDay|[upkeep]
|upkeep
|turn|8
|
|t:|1757839493
|move|p1a: Slither Wing|Temper Flare|p2a: Enamorus
|-damage|p2a: Enamorus|0 fnt
|faint|p2a: Enamorus
|
|-weather|none
|-end|p1a: Slither Wing|Protosynthesis
|upkeep
|
|t:|1757839502
|switch|p2a: Zapdos|Zapdos-Galar|100/100
|turn|9
|
|t:|1757839506
|-end|p1a: Slither Wing|Protosynthesis|[silent]
|switch|p1a: Torkoal|Torkoal, F|100/100
|-weather|SunnyDay|[from] ability: Drought|[of] p1a: Torkoal
|move|p2a: Zapdos|Knock Off|p1a: Torkoal
|-damage|p1a: Torkoal|74/100
|-enditem|p1a: Torkoal|Heat Rock|[from] move: Knock Off|[of] p2a: Zapdos
|
|-weather|SunnyDay|[upkeep]
|upkeep
|turn|10
|
|t:|1757839525
|switch|p2a: Tyranitar|Tyranitar, F|43/100
|-weather|Sandstorm|[from] ability: Sand Stream|[of] p2a: Tyranitar
|move|p1a: Torkoal|Stealth Rock|p2a: Tyranitar
|-sidestart|p2: kinsword|move: Stealth Rock
|
|-weather|Sandstorm|[upkeep]
|-damage|p1a: Torkoal|68/100|[from] Sandstorm
|upkeep
|turn|11
|inactive|Kams78190 has 120 seconds left.
|
|t:|1757839564
|switch|p1a: Hatterene|Hatterene, F|28/100
|move|p2a: Tyranitar|Stone Edge|p1a: Hatterene|[miss]
|-miss|p2a: Tyranitar|p1a: Hatterene
|
|-weather|Sandstorm|[upkeep]
|-damage|p1a: Hatterene|22/100|[from] Sandstorm
|upkeep
|turn|12
|
|t:|1757839572
|move|p2a: Tyranitar|Crunch|p1a: Hatterene
|-damage|p1a: Hatterene|0 fnt
|faint|p1a: Hatterene
|
|-weather|Sandstorm|[upkeep]
|upkeep
|
|t:|1757839579
|switch|p1a: Torkoal|Torkoal, F|68/100
|-weather|SunnyDay|[from] ability: Drought|[of] p1a: Torkoal
|turn|13
|inactive|Kams78190 has 120 seconds left.
|
|t:|1757839586
|switch|p1a: Walking Wake|Walking Wake|100/100
|-activate|p1a: Walking Wake|ability: Protosynthesis
|-start|p1a: Walking Wake|protosynthesisspe
|move|p2a: Tyranitar|Stone Edge|p1a: Walking Wake
|-damage|p1a: Walking Wake|36/100
|
|-weather|SunnyDay|[upkeep]
|upkeep
|turn|14
|
|t:|1757839596
|switch|p2a: Samurott|Samurott, F|100/100
|-damage|p2a: Samurott|88/100|[from] Stealth Rock
|move|p1a: Walking Wake|Hydro Steam|p2a: Samurott
|-resisted|p2a: Samurott
|-damage|p2a: Samurott|66/100
|
|-weather|SunnyDay|[upkeep]
|upkeep
|turn|15
|
|t:|1757839610
|move|p1a: Walking Wake|Flip Turn|p2a: Samurott
|-resisted|p2a: Samurott
|-damage|p2a: Samurott|62/100
|inactive|Kams78190 has 120 seconds left.
|
|t:|1757839623
|-end|p1a: Walking Wake|Protosynthesis|[silent]
|switch|p1a: Venusaur|Venusaur, F|100/100|[from] Flip Turn
|move|p2a: Samurott|Ice Beam|p1a: Venusaur
|-supereffective|p1a: Venusaur
|-damage|p1a: Venusaur|27/100
|
|-weather|SunnyDay|[upkeep]
|upkeep
|turn|16
|
|t:|1757839649
|move|p1a: Venusaur|Growth|p1a: Venusaur
|-boost|p1a: Venusaur|atk|2
|-boost|p1a: Venusaur|spa|2
|move|p2a: Samurott|Ice Beam|p1a: Venusaur
|-supereffective|p1a: Venusaur
|-damage|p1a: Venusaur|0 fnt
|faint|p1a: Venusaur
|
|-weather|SunnyDay|[upkeep]
|upkeep
|
|t:|1757839659
|switch|p1a: Slither Wing|Slither Wing|22/100
|-activate|p1a: Slither Wing|ability: Protosynthesis
|-start|p1a: Slither Wing|protosynthesisatk
|turn|17
|
|t:|1757839665
|switch|p2a: Zapdos|Zapdos-Galar|100/100
|-damage|p2a: Zapdos|88/100|[from] Stealth Rock
|move|p1a: Slither Wing|First Impression|p2a: Zapdos
|-resisted|p2a: Zapdos
|-damage|p2a: Zapdos|69/100
|
|-weather|none
|-end|p1a: Slither Wing|Protosynthesis
|upkeep
|turn|18
|inactive|Kams78190 has 120 seconds left.
|l|☆Kams78190
|inactive|Kams78190 disconnected and has a minute to reconnect!
|player|p1|
|inactive|Kams78190 has 30 seconds to reconnect!
|inactive|Kams78190 has 20 seconds to reconnect!
|inactive|Kams78190 has 15 seconds to reconnect!
|inactive|Kams78190 has 10 seconds to reconnect!
|inactive|Kams78190 has 5 seconds to reconnect!
|-message|Kams78190 lost due to inactivity.
|
|win|kinsword
|raw|Kams78190's rating: 1250 &rarr; <strong>1223</strong><br />(-27 for losing)
|raw|kinsword's rating: 1223 &rarr; <strong>1250</strong><br />(+27 for winning)
|l|☆kinsword
|player|p2|
|j|☆kinsword
|player|p2|kinsword|1|
|l|☆kinsword
|player|p2|
