|j|☆XYnotfound
|j|☆YUcvb
|t:|1757834105
|gametype|singles
|player|p1|XYnotfound|266|1199
|player|p2|YUcvb|hilda|1205
|gen|9
|tier|[Gen 9] OU
|rated|
|rule|HP Percentage Mod: HP is shown in percentages
|rule|Endless Battle Clause: Forcing endless battles is banned
|rule|Species Clause: Limit one of each Pokémon
|rule|OHKO Clause: OHKO moves are banned
|rule|Evasion Items Clause: Evasion items are banned
|rule|Evasion Moves Clause: Evasion moves are banned
|rule|Evasion Abilities Clause: Evasion abilities are banned
|rule|Sleep Moves Clause: Sleep-inducing moves are banned
|clearpoke
|poke|p1|Gallade, M|
|poke|p1|Latios, M|
|poke|p1|Slowking-Galar, F|
|poke|p1|Deoxys-Speed|
|poke|p1|Metagross|
|poke|p1|Espeon, M|
|poke|p2|Dragonite, M|
|poke|p2|Garchomp, M|
|poke|p2|Gliscor, M|
|poke|p2|Gardevoir, F|
|poke|p2|Ditto|
|poke|p2|Metagross|
|teampreview
|inactive|Battle timer is ON: inactive players will automatically lose when time's up. (requested by YUcvb)
|
|t:|1757834113
|teamsize|p1|6
|teamsize|p2|6
|start
|switch|p1a: Deoxys|Deoxys-Speed|100/100
|switch|p2a: Metagross|Metagross, shiny|100/100
|-ability|p1a: Deoxys|Pressure
|turn|1
|
|t:|1757834119
|move|p1a: Deoxys|Knock Off|p2a: Metagross
|-supereffective|p2a: Metagross
|-damage|p2a: Metagross|51/100
|-enditem|p2a: Metagross|Choice Scarf|[from] move: Knock Off|[of] p1a: Deoxys
|move|p2a: Metagross|Heavy Slam|p1a: Deoxys
|-enditem|p1a: Deoxys|Focus Sash
|-damage|p1a: Deoxys|1/100
|
|upkeep
|turn|2
|
|t:|1757834135
|switch|p1a: Metagross|Metagross|100/100
|move|p2a: Metagross|Heavy Slam|p1a: Metagross
|-resisted|p1a: Metagross
|-damage|p1a: Metagross|93/100
|
|upkeep
|turn|3
|
|t:|1757834144
|move|p2a: Metagross|Earthquake|p1a: Metagross
|-supereffective|p1a: Metagross
|-damage|p1a: Metagross|40/100
|move|p1a: Metagross|Earthquake|p2a: Metagross
|-supereffective|p2a: Metagross
|-damage|p2a: Metagross|0 fnt
|faint|p2a: Metagross
|
|upkeep
|
|t:|1757834157
|switch|p2a: Garchomp|Garchomp, M, shiny|100/100
|turn|4
|
|t:|1757834164
|switch|p1a: Latios|Latios, M|100/100
|move|p2a: Garchomp|Dragon Tail|p1a: Latios
|-supereffective|p1a: Latios
|-damage|p1a: Latios|35/100
|drag|p1a: Gallade|Gallade, M|100/100
|
|upkeep
|turn|5
|
|t:|1757834176
|move|p1a: Gallade|Psycho Cut|p2a: Garchomp
|-damage|p2a: Garchomp|53/100
|-damage|p1a: Gallade|91/100|[from] item: Life Orb
|move|p2a: Garchomp|Stealth Rock|p1a: Gallade
|-sidestart|p1: XYnotfound|move: Stealth Rock
|
|upkeep
|turn|6
|
|t:|1757834187
|move|p1a: Gallade|Sacred Sword|p2a: Garchomp
|-damage|p2a: Garchomp|0 fnt
|-damage|p1a: Gallade|78/100|[from] ability: Rough Skin|[of] p2a: Garchomp
|-damage|p1a: Gallade|62/100|[from] item: Rocky Helmet|[of] p2a: Garchomp
|faint|p2a: Garchomp
|-damage|p1a: Gallade|52/100|[from] item: Life Orb
|
|upkeep
|
|t:|1757834200
|switch|p2a: Dragonite|Dragonite, M, shiny|100/100
|turn|7
|
|t:|1757834208
|move|p2a: Dragonite|Dragon Claw|p1a: Gallade
|-damage|p1a: Gallade|0 fnt
|faint|p1a: Gallade
|
|upkeep
|
|t:|1757834216
|switch|p1a: Latios|Latios, M|35/100
|-damage|p1a: Latios|22/100|[from] Stealth Rock
|turn|8
|
|t:|1757834224
|switch|p2a: Gardevoir|Gardevoir, F, shiny|100/100
|-ability|p2a: Gardevoir|Levitate|Trace|[from] ability: Trace|[of] p1a: Latios
|move|p1a: Latios|Luster Purge|p2a: Gardevoir
|-resisted|p2a: Gardevoir
|-damage|p2a: Gardevoir|69/100
|-unboost|p2a: Gardevoir|spd|1
|
|-heal|p2a: Gardevoir|76/100|[from] item: Leftovers
|upkeep
|turn|9
|
|t:|1757834238
|move|p1a: Latios|Luster Purge|p2a: Gardevoir
|-resisted|p2a: Gardevoir
|-damage|p2a: Gardevoir|26/100
|move|p2a: Gardevoir|Calm Mind|p2a: Gardevoir
|-boost|p2a: Gardevoir|spa|1
|-boost|p2a: Gardevoir|spd|1
|
|-heal|p2a: Gardevoir|32/100|[from] item: Leftovers
|upkeep
|turn|10
|
|t:|1757834249
|move|p1a: Latios|Luster Purge|p2a: Gardevoir
|-resisted|p2a: Gardevoir
|-damage|p2a: Gardevoir|2/100
|-unboost|p2a: Gardevoir|spd|1
|move|p2a: Gardevoir|Psychic|p1a: Latios
|-resisted|p1a: Latios
|-damage|p1a: Latios|0 fnt
|faint|p1a: Latios
|
|-heal|p2a: Gardevoir|8/100|[from] item: Leftovers
|upkeep
|
|t:|1757834254
|switch|p1a: Deoxys|Deoxys-Speed|1/100
|-damage|p1a: Deoxys|0 fnt|[from] Stealth Rock
|faint|p1a: Deoxys
|
|t:|1757834256
|switch|p1a: Metagross|Metagross|40/100
|-damage|p1a: Metagross|34/100|[from] Stealth Rock
|turn|11
|
|t:|1757834279
|move|p2a: Gardevoir|Aura Sphere|p1a: Metagross
|-damage|p1a: Metagross|6/100
|move|p1a: Metagross|Meteor Mash|p2a: Gardevoir
|-supereffective|p2a: Gardevoir
|-damage|p2a: Gardevoir|0 fnt
|faint|p2a: Gardevoir
|
|upkeep
|
|t:|1757834288
|switch|p2a: Dragonite|Dragonite, M, shiny|100/100
|turn|12
|
|t:|1757834292
|move|p1a: Metagross|Bullet Punch|p2a: Dragonite
|-damage|p2a: Dragonite|88/100
|move|p2a: Dragonite|Earthquake|p1a: Metagross
|-supereffective|p1a: Metagross
|-damage|p1a: Metagross|0 fnt
|faint|p1a: Metagross
|
|upkeep
|
|t:|1757834298
|switch|p1a: Espeon|Espeon, M|100/100
|-damage|p1a: Espeon|88/100|[from] Stealth Rock
|turn|13
|
|t:|1757834303
|switch|p2a: Gliscor|Gliscor, M, shiny|100/100
|move|p1a: Espeon|Hyper Voice|p2a: Gliscor
|-damage|p2a: Gliscor|74/100
|-enditem|p1a: Espeon|Throat Spray
|-boost|p1a: Espeon|spa|1|[from] item: Throat Spray
|
|-status|p2a: Gliscor|tox|[from] item: Toxic Orb
|upkeep
|turn|14
|
|t:|1757834319
|-terastallize|p1a: Espeon|Normal
|move|p2a: Gliscor|Protect|p2a: Gliscor
|-singleturn|p2a: Gliscor|Protect
|move|p1a: Espeon|Hyper Voice|p2a: Gliscor
|-activate|p2a: Gliscor|move: Protect
|
|-heal|p2a: Gliscor|86/100 tox|[from] ability: Poison Heal
|upkeep
|turn|15
|
|t:|1757834339
|move|p1a: Espeon|Hyper Voice|p2a: Gliscor
|-damage|p2a: Gliscor|30/100 tox
|move|p2a: Gliscor|U-turn|p1a: Espeon
|-crit|p1a: Espeon
|-damage|p1a: Espeon|43/100
|
|t:|1757834344
|switch|p2a: Ditto|Ditto|100/100|[from] U-turn
|-transform|p2a: Ditto|p1a: Espeon|[from] ability: Imposter
|
|upkeep
|-start|p2a: Ditto|typechange|Psychic|[silent]
|turn|16
|
|t:|1757834350
|move|p2a: Ditto|Hyper Voice|p1a: Espeon
|-damage|p1a: Espeon|0 fnt
|faint|p1a: Espeon
|
|upkeep
|
|t:|1757834352
|switch|p1a: Slowking|Slowking-Galar, F|100/100
|-damage|p1a: Slowking|88/100|[from] Stealth Rock
|turn|17
|
|t:|1757834360
|move|p2a: Ditto|Hyper Voice|p1a: Slowking
|-damage|p1a: Slowking|60/100
|move|p1a: Slowking|Sludge Bomb|p2a: Ditto
|-damage|p2a: Ditto|60/100
|-status|p2a: Ditto|psn
|
|-heal|p1a: Slowking|66/100|[from] item: Leftovers
|-damage|p2a: Ditto|48/100 psn|[from] psn
|upkeep
|turn|18
|
|t:|1757834372
|move|p2a: Ditto|Hyper Voice|p1a: Slowking
|-damage|p1a: Slowking|39/100
|move|p1a: Slowking|Sludge Bomb|p2a: Ditto
|-damage|p2a: Ditto|12/100 psn
|
|-heal|p1a: Slowking|45/100|[from] item: Leftovers
|-damage|p2a: Ditto|0 fnt|[from] psn
|faint|p2a: Ditto
|upkeep
|
|t:|1757834375
|switch|p2a: Dragonite|Dragonite, M, shiny|88/100
|turn|19
|
|t:|1757834379
|move|p2a: Dragonite|Earthquake|p1a: Slowking
|-supereffective|p1a: Slowking
|-damage|p1a: Slowking|0 fnt
|faint|p1a: Slowking
|
|win|YUcvb
|raw|XYnotfound's rating: 1199 &rarr; <strong>1174</strong><br />(-25 for losing)
|raw|YUcvb's rating: 1205 &rarr; <strong>1230</strong><br />(+25 for winning)
|l|☆XYnotfound
|player|p1|
|l|☆YUcvb
|player|p2|
