|j|☆heliuzhiwang
|j|☆Palebutgray
|t:|1757953506
|gametype|singles
|player|p1|heliuzhiwang|266|1072
|player|p2|Palebutgray|unknown|1014
|gen|9
|tier|[Gen 9] OU
|rated|
|rule|HP Percentage Mod: HP is shown in percentages
|rule|Endless Battle Clause: Forcing endless battles is banned
|rule|Species Clause: Limit one of each Pokémon
|rule|OHKO Clause: OHKO moves are banned
|rule|Evasion Items Clause: Evasion items are banned
|rule|Evasion Moves Clause: Evasion moves are banned
|rule|Evasion Abilities Clause: Evasion abilities are banned
|rule|Sleep Moves Clause: Sleep-inducing moves are banned
|clearpoke
|poke|p1|Blaziken, F|
|poke|p1|Skarmory, M|
|poke|p1|Glimmora, F|
|poke|p1|Serperior, F|
|poke|p1|Lokix, M|
|poke|p1|Garganacl, M|
|poke|p2|Smeargle, M|
|poke|p2|Ninetales-Alola, M|
|poke|p2|Skarmory, M|
|poke|p2|Samurott-Hisui, M|
|poke|p2|Gengar, M|
|poke|p2|Gastrodon, M|
|teampreview
|inactive|Battle timer is ON: inactive players will automatically lose when time's up. (requested by Palebutgray)
|
|t:|1757953515
|teamsize|p1|6
|teamsize|p2|6
|start
|switch|p1a: Glimmora|Glimmora, F|100/100
|switch|p2a: Gengar|Gengar, M|100/100
|turn|1
|
|t:|1757953524
|move|p2a: Gengar|Taunt|p1a: Glimmora
|-start|p1a: Glimmora|move: Taunt
|cant|p1a: Glimmora|move: Taunt|Stealth Rock
|
|upkeep
|turn|2
|
|t:|1757953539
|switch|p1a: Lokix|Lokix, M|100/100
|move|p2a: Gengar|Toxic Spikes|p1a: Lokix
|-sidestart|p1: heliuzhiwang|move: Toxic Spikes
|
|upkeep
|turn|3
|
|t:|1757953545
|move|p1a: Lokix|First Impression|p2a: Gengar
|-resisted|p2a: Gengar
|-damage|p2a: Gengar|46/100
|move|p2a: Gengar|Thunder Wave|p1a: Lokix
|-status|p1a: Lokix|par
|
|-heal|p2a: Gengar|52/100|[from] item: Black Sludge
|upkeep
|turn|4
|
|t:|1757953564
|switch|p1a: Blaziken|Blaziken, F|100/100
|-status|p1a: Blaziken|psn
|move|p2a: Gengar|Toxic Spikes|p1a: Blaziken
|-sidestart|p1: heliuzhiwang|move: Toxic Spikes
|
|-heal|p2a: Gengar|59/100|[from] item: Black Sludge
|-damage|p1a: Blaziken|88/100 psn|[from] psn
|upkeep
|turn|5
|
|t:|1757953574
|move|p2a: Gengar|Thunder Wave||[still]
|-fail|p2a: Gengar
|move|p1a: Blaziken|Swords Dance|p1a: Blaziken
|-boost|p1a: Blaziken|atk|2
|
|-heal|p2a: Gengar|65/100|[from] item: Black Sludge
|-damage|p1a: Blaziken|76/100 psn|[from] psn
|-ability|p1a: Blaziken|Speed Boost|boost
|-boost|p1a: Blaziken|spe|1
|upkeep
|turn|6
|
|t:|1757953585
|move|p2a: Gengar|Taunt|p1a: Blaziken
|-start|p1a: Blaziken|move: Taunt
|cant|p1a: Blaziken|move: Taunt|Swords Dance
|
|-heal|p2a: Gengar|71/100|[from] item: Black Sludge
|-damage|p1a: Blaziken|64/100 psn|[from] psn
|-ability|p1a: Blaziken|Speed Boost|boost
|-boost|p1a: Blaziken|spe|1
|upkeep
|turn|7
|
|t:|1757953595
|move|p2a: Gengar|Sucker Punch|p1a: Blaziken
|-resisted|p1a: Blaziken
|-damage|p1a: Blaziken|57/100 psn
|move|p1a: Blaziken|Earthquake|p2a: Gengar
|-supereffective|p2a: Gengar
|-damage|p2a: Gengar|0 fnt
|-start|p1a: Blaziken|Disable|Earthquake|[from] ability: Cursed Body|[of] p2a: Gengar
|faint|p2a: Gengar
|
|-damage|p1a: Blaziken|45/100 psn|[from] psn
|-ability|p1a: Blaziken|Speed Boost|boost
|-boost|p1a: Blaziken|spe|1
|upkeep
|
|t:|1757953605
|switch|p2a: Samurott|Samurott-Hisui, M|100/100
|turn|8
|
|t:|1757953618
|-terastallize|p2a: Samurott|Psychic
|move|p1a: Blaziken|Close Combat|p2a: Samurott
|-resisted|p2a: Samurott
|-damage|p2a: Samurott|11/100
|-unboost|p1a: Blaziken|def|1
|-unboost|p1a: Blaziken|spd|1
|move|p2a: Samurott|Aqua Cutter|p1a: Blaziken
|-supereffective|p1a: Blaziken
|-damage|p1a: Blaziken|0 fnt
|faint|p1a: Blaziken
|
|upkeep
|
|t:|1757953633
|switch|p1a: Lokix|Lokix, M|100/100 par
|turn|9
|
|t:|1757953639
|move|p1a: Lokix|First Impression|p2a: Samurott
|-supereffective|p2a: Samurott
|-damage|p2a: Samurott|0 fnt
|faint|p2a: Samurott
|
|upkeep
|
|t:|1757953643
|switch|p2a: Ninetales|Ninetales-Alola, M|100/100
|-weather|Snowscape|[from] ability: Snow Warning|[of] p2a: Ninetales
|turn|10
|
|t:|1757953650
|switch|p1a: Glimmora|Glimmora, F|100/100
|-sideend|p1: heliuzhiwang|move: Toxic Spikes|[of] p1a: Glimmora
|move|p2a: Ninetales|Aurora Veil|p2a: Ninetales
|-sidestart|p2: Palebutgray|move: Aurora Veil
|
|-weather|Snowscape|[upkeep]
|upkeep
|turn|11
|
|t:|1757953660
|switch|p2a: Smeargle|Smeargle, M|100/100
|move|p1a: Glimmora|Stealth Rock|p2a: Smeargle
|-sidestart|p2: Palebutgray|move: Stealth Rock
|
|-weather|Snowscape|[upkeep]
|upkeep
|turn|12
|
|t:|1757953668
|move|p1a: Glimmora|Spikes|p2a: Smeargle
|-sidestart|p2: Palebutgray|Spikes
|move|p2a: Smeargle|Victory Dance|p2a: Smeargle
|-boost|p2a: Smeargle|atk|1
|-boost|p2a: Smeargle|def|1
|-boost|p2a: Smeargle|spe|1
|
|-weather|Snowscape|[upkeep]
|upkeep
|turn|13
|
|t:|1757953686
|switch|p1a: Skarmory|Skarmory, M|100/100
|move|p2a: Smeargle|Victory Dance|p2a: Smeargle
|-boost|p2a: Smeargle|atk|1
|-boost|p2a: Smeargle|def|1
|-boost|p2a: Smeargle|spe|1
|
|-weather|Snowscape|[upkeep]
|upkeep
|turn|14
|
|t:|1757953697
|move|p2a: Smeargle|Rock Blast|p1a: Skarmory
|-damage|p1a: Skarmory|97/100
|-ability|p1a: Skarmory|Weak Armor|boost
|-unboost|p1a: Skarmory|def|1
|-boost|p1a: Skarmory|spe|2
|-damage|p1a: Skarmory|91/100
|-ability|p1a: Skarmory|Weak Armor|boost
|-unboost|p1a: Skarmory|def|1
|-boost|p1a: Skarmory|spe|2
|-damage|p1a: Skarmory|84/100
|-ability|p1a: Skarmory|Weak Armor|boost
|-unboost|p1a: Skarmory|def|1
|-boost|p1a: Skarmory|spe|2
|-damage|p1a: Skarmory|75/100
|-ability|p1a: Skarmory|Weak Armor|boost
|-unboost|p1a: Skarmory|def|1
|-hitcount|p1a: Skarmory|4
|move|p1a: Skarmory|Whirlwind|p2a: Smeargle
|drag|p2a: Gastrodon|Gastrodon, M|100/100
|-damage|p2a: Gastrodon|94/100|[from] Stealth Rock
|-damage|p2a: Gastrodon|82/100|[from] Spikes
|
|-weather|Snowscape|[upkeep]
|-heal|p1a: Skarmory|81/100|[from] item: Leftovers
|-heal|p2a: Gastrodon|88/100|[from] item: Leftovers
|-sideend|p2: Palebutgray|move: Aurora Veil
|upkeep
|turn|15
|
|t:|1757953722
|move|p1a: Skarmory|Rest|p1a: Skarmory
|-status|p1a: Skarmory|slp|[from] move: Rest
|-heal|p1a: Skarmory|100/100 slp|[silent]
|move|p2a: Gastrodon|Counter||[still]
|-fail|p2a: Gastrodon
|
|-weather|Snowscape|[upkeep]
|-heal|p2a: Gastrodon|94/100|[from] item: Leftovers
|upkeep
|turn|16
|
|t:|1757953732
|switch|p2a: Smeargle|Smeargle, M|100/100
|-damage|p2a: Smeargle|88/100|[from] Stealth Rock
|-damage|p2a: Smeargle|76/100|[from] Spikes
|cant|p1a: Skarmory|slp
|move|p1a: Skarmory|Sleep Talk|p1a: Skarmory
|move|p1a: Skarmory|Rest||[from] move: Sleep Talk|[still]
|-fail|p1a: Skarmory
|
|-weather|Snowscape|[upkeep]
|upkeep
|turn|17
|
|t:|1757953745
|cant|p1a: Skarmory|slp
|move|p1a: Skarmory|Sleep Talk|p1a: Skarmory
|move|p1a: Skarmory|Rest||[from] move: Sleep Talk|[still]
|-fail|p1a: Skarmory
|move|p2a: Smeargle|Population Bomb|p1a: Skarmory
|-resisted|p1a: Skarmory
|-damage|p1a: Skarmory|97/100 slp
|-ability|p1a: Skarmory|Weak Armor|boost
|-unboost|p1a: Skarmory|def|1
|-resisted|p1a: Skarmory
|-damage|p1a: Skarmory|93/100 slp
|-ability|p1a: Skarmory|Weak Armor|boost
|-unboost|p1a: Skarmory|def|1
|-resisted|p1a: Skarmory
|-damage|p1a: Skarmory|88/100 slp
|-resisted|p1a: Skarmory
|-damage|p1a: Skarmory|84/100 slp
|-resisted|p1a: Skarmory
|-damage|p1a: Skarmory|80/100 slp
|-resisted|p1a: Skarmory
|-damage|p1a: Skarmory|75/100 slp
|-resisted|p1a: Skarmory
|-damage|p1a: Skarmory|70/100 slp
|-resisted|p1a: Skarmory
|-damage|p1a: Skarmory|65/100 slp
|-resisted|p1a: Skarmory
|-damage|p1a: Skarmory|61/100 slp
|-resisted|p1a: Skarmory
|-damage|p1a: Skarmory|56/100 slp
|-hitcount|p1a: Skarmory|10
|
|-weather|none
|-heal|p1a: Skarmory|62/100 slp|[from] item: Leftovers
|upkeep
|turn|18
|inactive|heliuzhiwang has 120 seconds left.
|inactive|Palebutgray has 120 seconds left.
|
|t:|1757953775
|switch|p2a: Gastrodon|Gastrodon, M|94/100
|-damage|p2a: Gastrodon|88/100|[from] Stealth Rock
|-damage|p2a: Gastrodon|76/100|[from] Spikes
|-curestatus|p1a: Skarmory|slp|[msg]
|move|p1a: Skarmory|Whirlwind|p2a: Gastrodon
|drag|p2a: Ninetales|Ninetales-Alola, M|100/100
|-damage|p2a: Ninetales|76/100|[from] Stealth Rock
|-damage|p2a: Ninetales|63/100|[from] Spikes
|-weather|Snowscape|[from] ability: Snow Warning|[of] p2a: Ninetales
|
|-weather|Snowscape|[upkeep]
|-heal|p1a: Skarmory|68/100|[from] item: Leftovers
|upkeep
|turn|19
|inactive|heliuzhiwang has 120 seconds left.
|
|t:|1757953792
|move|p1a: Skarmory|Rest|p1a: Skarmory
|-status|p1a: Skarmory|slp|[from] move: Rest
|-heal|p1a: Skarmory|100/100 slp|[silent]
|move|p2a: Ninetales|Blizzard|p1a: Skarmory
|-damage|p1a: Skarmory|54/100 slp
|
|-weather|Snowscape|[upkeep]
|-heal|p1a: Skarmory|60/100 slp|[from] item: Leftovers
|upkeep
|turn|20
|inactive|heliuzhiwang has 120 seconds left.
|
|t:|1757953803
|cant|p1a: Skarmory|slp
|move|p1a: Skarmory|Sleep Talk|p1a: Skarmory
|move|p1a: Skarmory|Rest||[from] move: Sleep Talk|[still]
|-fail|p1a: Skarmory
|move|p2a: Ninetales|Blizzard|p1a: Skarmory
|-damage|p1a: Skarmory|18/100 slp
|
|-weather|Snowscape|[upkeep]
|-heal|p1a: Skarmory|24/100 slp|[from] item: Leftovers
|upkeep
|turn|21
|inactive|heliuzhiwang has 120 seconds left.
|
|t:|1757953815
|cant|p1a: Skarmory|slp
|move|p1a: Skarmory|Sleep Talk|p1a: Skarmory
|move|p1a: Skarmory|Rest||[from] move: Sleep Talk|[still]
|-fail|p1a: Skarmory
|move|p2a: Ninetales|Blizzard|p1a: Skarmory
|-damage|p1a: Skarmory|0 fnt
|faint|p1a: Skarmory
|
|-weather|Snowscape|[upkeep]
|upkeep
|
|t:|1757953829
|switch|p1a: Lokix|Lokix, M|100/100 par
|turn|22
|
|t:|1757953835
|move|p1a: Lokix|First Impression|p2a: Ninetales
|-resisted|p2a: Ninetales
|-damage|p2a: Ninetales|6/100
|move|p2a: Ninetales|Aurora Veil|p2a: Ninetales
|-sidestart|p2: Palebutgray|move: Aurora Veil
|
|-weather|Snowscape|[upkeep]
|upkeep
|turn|23
|inactive|heliuzhiwang has 120 seconds left.
|
|t:|1757953845
|switch|p1a: Glimmora|Glimmora, F|100/100
|move|p2a: Ninetales|Blizzard|p1a: Glimmora
|-damage|p1a: Glimmora|70/100
|
|-weather|Snowscape|[upkeep]
|upkeep
|turn|24
|inactive|heliuzhiwang has 120 seconds left.
|
|t:|1757953856
|move|p2a: Ninetales|Blizzard|p1a: Glimmora
|-damage|p1a: Glimmora|41/100
|move|p1a: Glimmora|Spikes|p2a: Ninetales
|-sidestart|p2: Palebutgray|Spikes
|
|-weather|Snowscape|[upkeep]
|upkeep
|turn|25
|
|t:|1757953863
|move|p2a: Ninetales|Blizzard|p1a: Glimmora
|-damage|p1a: Glimmora|13/100
|move|p1a: Glimmora|Toxic Spikes|p2a: Ninetales
|-sidestart|p2: Palebutgray|move: Toxic Spikes
|
|-weather|none
|upkeep
|turn|26
|
|t:|1757953872
|move|p2a: Ninetales|Blizzard|p1a: Glimmora
|-damage|p1a: Glimmora|0 fnt
|faint|p1a: Glimmora
|
|-sideend|p2: Palebutgray|move: Aurora Veil
|upkeep
|
|t:|1757953886
|switch|p1a: Lokix|Lokix, M|100/100 par
|turn|27
|
|t:|1757953893
|switch|p2a: Skarmory|Skarmory, M|100/100
|-damage|p2a: Skarmory|88/100|[from] Stealth Rock
|move|p1a: Lokix|First Impression|p2a: Skarmory
|-resisted|p2a: Skarmory
|-damage|p2a: Skarmory|62/100
|-ability|p2a: Skarmory|Weak Armor|boost
|-unboost|p2a: Skarmory|def|1
|-boost|p2a: Skarmory|spe|2
|
|-heal|p2a: Skarmory|68/100|[from] item: Leftovers
|upkeep
|turn|28
|
|t:|1757953910
|switch|p1a: Garganacl|Garganacl, M|100/100
|move|p2a: Skarmory|Stealth Rock|p1a: Garganacl
|-sidestart|p1: heliuzhiwang|move: Stealth Rock
|
|-heal|p2a: Skarmory|74/100|[from] item: Leftovers
|upkeep
|turn|29
|
|t:|1757953919
|move|p2a: Skarmory|Iron Defense|p2a: Skarmory
|-boost|p2a: Skarmory|def|2
|move|p1a: Garganacl|Salt Cure|p2a: Skarmory
|-damage|p2a: Skarmory|67/100
|-start|p2a: Skarmory|Salt Cure
|-ability|p2a: Skarmory|Weak Armor|boost
|-unboost|p2a: Skarmory|def|1
|-boost|p2a: Skarmory|spe|2
|
|-heal|p2a: Skarmory|73/100|[from] item: Leftovers
|-damage|p2a: Skarmory|48/100|[from] Salt Cure
|upkeep
|turn|30
|
|t:|1757953932
|move|p2a: Skarmory|Body Press|p1a: Garganacl
|-supereffective|p1a: Garganacl
|-damage|p1a: Garganacl|66/100
|move|p1a: Garganacl|Iron Defense|p1a: Garganacl
|-boost|p1a: Garganacl|def|2
|
|-heal|p2a: Skarmory|54/100|[from] item: Leftovers
|-heal|p1a: Garganacl|72/100|[from] item: Leftovers
|-damage|p2a: Skarmory|30/100|[from] Salt Cure
|upkeep
|turn|31
|
|t:|1757953943
|switch|p2a: Gastrodon|Gastrodon, M|76/100
|-damage|p2a: Gastrodon|70/100|[from] Stealth Rock
|-damage|p2a: Gastrodon|53/100|[from] Spikes
|-status|p2a: Gastrodon|psn
|move|p1a: Garganacl|Protect||[still]
|-fail|p1a: Garganacl
|
|-heal|p2a: Gastrodon|59/100 psn|[from] item: Leftovers
|-heal|p1a: Garganacl|78/100|[from] item: Leftovers
|-damage|p2a: Gastrodon|47/100 psn|[from] psn
|upkeep
|turn|32
|
|t:|1757953956
|move|p2a: Gastrodon|Acid Armor|p2a: Gastrodon
|-boost|p2a: Gastrodon|def|2
|move|p1a: Garganacl|Salt Cure|p2a: Gastrodon
|-resisted|p2a: Gastrodon
|-damage|p2a: Gastrodon|43/100 psn
|-start|p2a: Gastrodon|Salt Cure
|
|-heal|p2a: Gastrodon|49/100 psn|[from] item: Leftovers
|-heal|p1a: Garganacl|84/100|[from] item: Leftovers
|-damage|p2a: Gastrodon|37/100 psn|[from] psn
|-damage|p2a: Gastrodon|12/100 psn|[from] Salt Cure
|upkeep
|turn|33
|
|t:|1757953968
|move|p1a: Garganacl|Protect|p1a: Garganacl
|-singleturn|p1a: Garganacl|Protect
|move|p2a: Gastrodon|Body Slam|p1a: Garganacl
|-activate|p1a: Garganacl|move: Protect
|
|-heal|p2a: Gastrodon|18/100 psn|[from] item: Leftovers
|-heal|p1a: Garganacl|91/100|[from] item: Leftovers
|-damage|p2a: Gastrodon|5/100 psn|[from] psn
|-damage|p2a: Gastrodon|0 fnt|[from] Salt Cure
|faint|p2a: Gastrodon
|upkeep
|
|t:|1757953971
|switch|p2a: Smeargle|Smeargle, M|76/100
|-damage|p2a: Smeargle|63/100|[from] Stealth Rock
|-damage|p2a: Smeargle|47/100|[from] Spikes
|-status|p2a: Smeargle|psn
|turn|34
|
|t:|1757953985
|move|p2a: Smeargle|Slack Off|p2a: Smeargle
|-heal|p2a: Smeargle|97/100 psn
|move|p1a: Garganacl|Salt Cure|p2a: Smeargle
|-damage|p2a: Smeargle|66/100 psn
|-start|p2a: Smeargle|Salt Cure
|
|-heal|p1a: Garganacl|97/100|[from] item: Leftovers
|-damage|p2a: Smeargle|53/100 psn|[from] psn
|-damage|p2a: Smeargle|41/100 psn|[from] Salt Cure
|upkeep
|turn|35
|
|t:|1757953997
|move|p2a: Smeargle|Population Bomb|p1a: Garganacl
|-resisted|p1a: Garganacl
|-damage|p1a: Garganacl|96/100
|-resisted|p1a: Garganacl
|-damage|p1a: Garganacl|96/100
|-resisted|p1a: Garganacl
|-damage|p1a: Garganacl|95/100
|-resisted|p1a: Garganacl
|-damage|p1a: Garganacl|94/100
|-resisted|p1a: Garganacl
|-damage|p1a: Garganacl|94/100
|-resisted|p1a: Garganacl
|-damage|p1a: Garganacl|93/100
|-hitcount|p1a: Garganacl|6
|move|p1a: Garganacl|Iron Defense|p1a: Garganacl
|-boost|p1a: Garganacl|def|2
|
|-heal|p1a: Garganacl|99/100|[from] item: Leftovers
|-damage|p2a: Smeargle|29/100 psn|[from] psn
|-damage|p2a: Smeargle|16/100 psn|[from] Salt Cure
|upkeep
|turn|36
|
|t:|1757954016
|move|p1a: Garganacl|Protect|p1a: Garganacl
|-singleturn|p1a: Garganacl|Protect
|move|p2a: Smeargle|Slack Off|p2a: Smeargle
|-heal|p2a: Smeargle|66/100 psn
|
|-heal|p1a: Garganacl|100/100|[from] item: Leftovers
|-damage|p2a: Smeargle|54/100 psn|[from] psn
|-damage|p2a: Smeargle|41/100 psn|[from] Salt Cure
|upkeep
|turn|37
|
|t:|1757954028
|move|p2a: Smeargle|Slack Off|p2a: Smeargle
|-heal|p2a: Smeargle|91/100 psn
|move|p1a: Garganacl|Salt Cure|p2a: Smeargle
|-damage|p2a: Smeargle|60/100 psn
|
|-damage|p2a: Smeargle|47/100 psn|[from] psn
|-damage|p2a: Smeargle|35/100 psn|[from] Salt Cure
|upkeep
|turn|38
|
|t:|1757954038
|move|p1a: Garganacl|Protect|p1a: Garganacl
|-singleturn|p1a: Garganacl|Protect
|move|p2a: Smeargle|Victory Dance|p2a: Smeargle
|-boost|p2a: Smeargle|atk|1
|-boost|p2a: Smeargle|def|1
|-boost|p2a: Smeargle|spe|1
|
|-damage|p2a: Smeargle|22/100 psn|[from] psn
|-damage|p2a: Smeargle|10/100 psn|[from] Salt Cure
|upkeep
|turn|39
|
|t:|1757954049
|switch|p1a: Serperior|Serperior, F, shiny|100/100
|-damage|p1a: Serperior|88/100|[from] Stealth Rock
|move|p2a: Smeargle|Slack Off|p2a: Smeargle
|-heal|p2a: Smeargle|60/100 psn
|
|-damage|p2a: Smeargle|48/100 psn|[from] psn
|-damage|p2a: Smeargle|35/100 psn|[from] Salt Cure
|upkeep
|turn|40
|
|t:|1757954062
|-terastallize|p1a: Serperior|Stellar
|move|p1a: Serperior|Leaf Storm|p2a: Smeargle
|-damage|p2a: Smeargle|0 fnt
|-boost|p1a: Serperior|spa|2
|faint|p2a: Smeargle
|
|upkeep
|
|t:|1757954066
|switch|p2a: Skarmory|Skarmory, M|30/100
|-damage|p2a: Skarmory|17/100|[from] Stealth Rock
|turn|41
|
|t:|1757954077
|move|p1a: Serperior|Tera Blast|p2a: Skarmory|[anim] Tera Blast Stellar
|-damage|p2a: Skarmory|0 fnt
|-boost|p1a: Serperior|atk|1
|-boost|p1a: Serperior|spa|1
|faint|p2a: Skarmory
|
|upkeep
|
|t:|1757954078
|switch|p2a: Ninetales|Ninetales-Alola, M|6/100
|-damage|p2a: Ninetales|0 fnt|[from] Stealth Rock
|faint|p2a: Ninetales
|
|win|heliuzhiwang
|raw|heliuzhiwang's rating: 1072 &rarr; <strong>1096</strong><br />(+24 for winning)
|raw|Palebutgray's rating: 1014 &rarr; <strong>1004</strong><br />(-10 for losing)
