|j|☆cr aries
|j|‽Lucid Coffee
|t:|1757854290
|gametype|singles
|player|p1|cr aries|169|1723
|player|p2|Lucid Coffee|blue|1707
|gen|9
|tier|[Gen 9] OU
|rated|
|rule|HP Percentage Mod: HP is shown in percentages
|rule|Endless Battle Clause: Forcing endless battles is banned
|rule|Species Clause: Limit one of each Pokémon
|rule|OHKO Clause: OHKO moves are banned
|rule|Evasion Items Clause: Evasion items are banned
|rule|Evasion Moves Clause: Evasion moves are banned
|rule|Evasion Abilities Clause: Evasion abilities are banned
|rule|Sleep Moves Clause: Sleep-inducing moves are banned
|clearpoke
|poke|p1|Weavile, F|
|poke|p1|Gholdengo|
|poke|p1|Slowking-Galar, M|
|poke|p1|Corviknight, M|
|poke|p1|Sandy Shocks|
|poke|p1|Heatran, M|
|poke|p2|Dragapult, M|
|poke|p2|Glimmora, M|
|poke|p2|Comfey, M|
|poke|p2|Kingambit, M|
|poke|p2|Ogerpon-Wellspring, F|
|poke|p2|Blaziken, M|
|teampreview
|
|t:|1757854316
|teamsize|p1|6
|teamsize|p2|6
|start
|switch|p1a: Slowking|Slowking-Galar, M|100/100
|switch|p2a: Ogerpon|Ogerpon-Wellspring, F|100/100
|turn|1
|
|t:|1757854322
|move|p2a: Ogerpon|U-turn|p1a: Slowking
|-damage|p1a: Slowking|71/100
|
|t:|1757854324
|switch|p2a: Kingambit|Kingambit, M, shiny|100/100|[from] U-turn
|move|p1a: Slowking|Sludge Bomb|p2a: Kingambit
|-immune|p2a: Kingambit
|
|upkeep
|turn|2
|inactive|Battle timer is ON: inactive players will automatically lose when time's up. (requested by cr aries)
|
|t:|1757854346
|-end|p2a: Kingambit|fallenundefined|[silent]
|switch|p2a: Blaziken|Blaziken, M, shiny|100/100
|switch|p1a: Corviknight|Corviknight, M|100/100
|-ability|p1a: Corviknight|Pressure
|
|upkeep
|turn|3
|
|t:|1757854353
|move|p2a: Blaziken|Flare Blitz|p1a: Corviknight
|-supereffective|p1a: Corviknight
|-damage|p1a: Corviknight|4/100
|-status|p1a: Corviknight|brn
|-damage|p2a: Blaziken|84/100|[from] item: Rocky Helmet|[of] p1a: Corviknight
|-damage|p2a: Blaziken|42/100|[from] Recoil
|-damage|p2a: Blaziken|32/100|[from] item: Life Orb
|move|p1a: Corviknight|Brave Bird|p2a: Blaziken
|-supereffective|p2a: Blaziken
|-damage|p2a: Blaziken|0 fnt
|faint|p2a: Blaziken
|-damage|p1a: Corviknight|0 fnt|[from] Recoil
|faint|p1a: Corviknight
|
|upkeep
|inactive|Lucid Coffee has 120 seconds left.
|
|t:|1757854384
|switch|p2a: Ogerpon|Ogerpon-Wellspring, F|100/100
|switch|p1a: Slowking|Slowking-Galar, M|100/100
|turn|4
|inactive|Lucid Coffee has 120 seconds left.
|j| LegitimatePotato
|inactive|cr aries has 120 seconds left.
|
|t:|1757854419
|move|p2a: Ogerpon|Spikes|p1a: Slowking
|-sidestart|p1: cr aries|Spikes
|-prepare|p1a: Slowking|Chilly Reception|[premajor]
|move|p1a: Slowking|Chilly Reception|p1a: Slowking
|-weather|Snowscape
|j| AmGodzchild
|
|t:|1757854423
|switch|p1a: Weavile|Weavile, F|100/100|[from] Chilly Reception
|
|-weather|Snowscape|[upkeep]
|upkeep
|turn|5
|j| xmagic_247
|inactive|Lucid Coffee has 120 seconds left.
|
|t:|1757854429
|switch|p2a: Glimmora|Glimmora, M, shiny|100/100
|move|p1a: Weavile|Triple Axel|p2a: Glimmora
|-damage|p2a: Glimmora|94/100
|-activate|p2a: Glimmora|ability: Toxic Debris
|-sidestart|p1: cr aries|move: Toxic Spikes
|-damage|p2a: Glimmora|79/100
|-activate|p2a: Glimmora|ability: Toxic Debris
|-sidestart|p1: cr aries|move: Toxic Spikes
|-damage|p2a: Glimmora|56/100
|-hitcount|p2a: Glimmora|3
|-enditem|p2a: Glimmora|Red Card|[of] p1a: Weavile
|drag|p1a: Slowking|Slowking-Galar, M|100/100
|-sideend|p1: cr aries|move: Toxic Spikes|[of] p1a: Slowking
|
|-weather|Snowscape|[upkeep]
|upkeep
|turn|6
|inactive|Lucid Coffee has 120 seconds left.
|
|t:|1757854446
|move|p2a: Glimmora|Stealth Rock|p1a: Slowking
|-sidestart|p1: cr aries|move: Stealth Rock
|move|p1a: Slowking|Future Sight|p2a: Glimmora
|-start|p1a: Slowking|move: Future Sight
|
|-weather|Snowscape|[upkeep]
|upkeep
|turn|7
|inactive|Lucid Coffee has 120 seconds left.
|
|t:|1757854452
|move|p2a: Glimmora|Earth Power|p1a: Slowking
|-supereffective|p1a: Slowking
|-damage|p1a: Slowking|72/100
|-prepare|p1a: Slowking|Chilly Reception|[premajor]
|move|p1a: Slowking|Chilly Reception|p1a: Slowking
|
|t:|1757854458
|switch|p1a: Heatran|Heatran, M|100/100|[from] Chilly Reception
|-damage|p1a: Heatran|88/100|[from] Spikes
|-damage|p1a: Heatran|76/100|[from] Stealth Rock
|
|-weather|Snowscape|[upkeep]
|-heal|p1a: Heatran|82/100|[from] item: Leftovers
|upkeep
|turn|8
|
|t:|1757854466
|move|p1a: Heatran|Protect|p1a: Heatran
|-singleturn|p1a: Heatran|Protect
|move|p2a: Glimmora|Earth Power|p1a: Heatran
|-activate|p1a: Heatran|move: Protect
|
|-weather|none
|-end|p2a: Glimmora|move: Future Sight
|-supereffective|p2a: Glimmora
|-damage|p2a: Glimmora|0 fnt
|faint|p2a: Glimmora
|-heal|p1a: Heatran|88/100|[from] item: Leftovers
|upkeep
|
|t:|1757854475
|switch|p2a: Ogerpon|Ogerpon-Wellspring, F|100/100
|turn|9
|inactive|Lucid Coffee has 120 seconds left.
|inactive|Lucid Coffee has 90 seconds left.
|
|t:|1757854537
|-terastallize|p2a: Ogerpon|Water
|detailschange|p2a: Ogerpon|Ogerpon-Wellspring-Tera, F, tera:Water
|-ability|p2a: Ogerpon|Embody Aspect (Wellspring)|boost
|-boost|p2a: Ogerpon|spd|1
|move|p2a: Ogerpon|Taunt|p1a: Heatran
|-start|p1a: Heatran|move: Taunt
|move|p1a: Heatran|Magma Storm|p2a: Ogerpon
|-resisted|p2a: Ogerpon
|-damage|p2a: Ogerpon|85/100
|-activate|p2a: Ogerpon|move: Magma Storm|[of] p1a: Heatran
|
|-heal|p1a: Heatran|94/100|[from] item: Leftovers
|-damage|p2a: Ogerpon|73/100|[from] move: Magma Storm|[partiallytrapped]
|upkeep
|turn|10
|
|t:|1757854547
|move|p2a: Ogerpon|Ivy Cudgel|p1a: Heatran|[anim] Ivy Cudgel Water
|-supereffective|p1a: Heatran
|-damage|p1a: Heatran|5/100
|move|p1a: Heatran|Magma Storm|p2a: Ogerpon
|-resisted|p2a: Ogerpon
|-damage|p2a: Ogerpon|54/100
|
|-heal|p1a: Heatran|11/100|[from] item: Leftovers
|-damage|p2a: Ogerpon|42/100|[from] move: Magma Storm|[partiallytrapped]
|upkeep
|turn|11
|inactive|Lucid Coffee has 90 seconds left.
|
|t:|1757854554
|move|p2a: Ogerpon|U-turn|p1a: Heatran
|-resisted|p1a: Heatran
|-damage|p1a: Heatran|7/100
|j| Nikator98
|inactive|Lucid Coffee has 90 seconds left.
|
|t:|1757854559
|switch|p2a: Comfey|Comfey, M, shiny|100/100|[from] U-turn
|move|p1a: Heatran|Magma Storm|p2a: Comfey
|-damage|p2a: Comfey|52/100
|-activate|p2a: Comfey|move: Magma Storm|[of] p1a: Heatran
|
|-heal|p1a: Heatran|14/100|[from] item: Leftovers
|-damage|p2a: Comfey|40/100|[from] move: Magma Storm|[partiallytrapped]
|-end|p1a: Heatran|move: Taunt
|upkeep
|turn|12
|
|t:|1757854566
|move|p2a: Comfey|Tera Blast|p1a: Heatran
|-resisted|p1a: Heatran
|-damage|p1a: Heatran|1/100
|-damage|p2a: Comfey|30/100|[from] item: Life Orb
|move|p1a: Heatran|Taunt|p2a: Comfey
|-start|p2a: Comfey|move: Taunt
|
|-heal|p1a: Heatran|7/100|[from] item: Leftovers
|-damage|p2a: Comfey|18/100|[from] move: Magma Storm|[partiallytrapped]
|upkeep
|turn|13
|
|t:|1757854570
|move|p1a: Heatran|Protect|p1a: Heatran
|-singleturn|p1a: Heatran|Protect
|move|p2a: Comfey|Tera Blast|p1a: Heatran
|-activate|p1a: Heatran|move: Protect
|
|-heal|p1a: Heatran|14/100|[from] item: Leftovers
|-damage|p2a: Comfey|5/100|[from] move: Magma Storm|[partiallytrapped]
|upkeep
|turn|14
|
|t:|1757854572
|move|p2a: Comfey|Tera Blast|p1a: Heatran
|-resisted|p1a: Heatran
|-damage|p1a: Heatran|0 fnt
|faint|p1a: Heatran
|-damage|p2a: Comfey|0 fnt|[from] item: Life Orb
|faint|p2a: Comfey
|
|upkeep
|
|t:|1757854582
|switch|p2a: Kingambit|Kingambit, M, shiny|100/100
|switch|p1a: Weavile|Weavile, F|100/100
|-activate|p2a: Kingambit|ability: Supreme Overlord
|-start|p2a: Kingambit|fallen3|[silent]
|turn|15
|inactive|Lucid Coffee has 120 seconds left.
|
|t:|1757854592
|-end|p2a: Kingambit|fallen3|[silent]
|switch|p2a: Dragapult|Dragapult, M, shiny|100/100
|move|p1a: Weavile|Low Kick|p2a: Dragapult
|-immune|p2a: Dragapult
|
|upkeep
|turn|16
|inactive|Lucid Coffee has 120 seconds left.
|
|t:|1757854606
|switch|p1a: Slowking|Slowking-Galar, M|100/100
|move|p2a: Dragapult|Dragon Darts|p1a: Slowking
|-damage|p1a: Slowking|71/100
|-anim|p2a: Dragapult|Dragon Darts|p1a: Slowking
|-damage|p1a: Slowking|43/100
|-damage|p2a: Dragapult|91/100|[from] item: Life Orb
|
|upkeep
|turn|17
|inactive|Lucid Coffee has 120 seconds left.
|
|t:|1757854615
|move|p2a: Dragapult|Shadow Ball|p1a: Slowking
|-supereffective|p1a: Slowking
|-crit|p1a: Slowking
|-damage|p1a: Slowking|0 fnt
|faint|p1a: Slowking
|-damage|p2a: Dragapult|81/100|[from] item: Life Orb
|
|upkeep
|
|t:|1757854629
|switch|p1a: Weavile|Weavile, F|100/100
|turn|18
|
|t:|1757854636
|move|p1a: Weavile|Ice Shard|p2a: Dragapult
|-supereffective|p2a: Dragapult
|-damage|p2a: Dragapult|27/100
|move|p2a: Dragapult|Dragon Darts|p1a: Weavile
|-damage|p1a: Weavile|49/100
|-anim|p2a: Dragapult|Dragon Darts|p1a: Weavile
|-damage|p1a: Weavile|4/100
|-damage|p2a: Dragapult|18/100|[from] item: Life Orb
|
|upkeep
|turn|19
|
|t:|1757854648
|move|p1a: Weavile|Ice Shard|p2a: Dragapult
|-supereffective|p2a: Dragapult
|-damage|p2a: Dragapult|0 fnt
|faint|p2a: Dragapult
|
|upkeep
|
|t:|1757854653
|switch|p2a: Kingambit|Kingambit, M, shiny|100/100
|-activate|p2a: Kingambit|ability: Supreme Overlord
|-start|p2a: Kingambit|fallen4|[silent]
|turn|20
|
|t:|1757854657
|move|p2a: Kingambit|Sucker Punch|p1a: Weavile
|-resisted|p1a: Weavile
|-damage|p1a: Weavile|0 fnt
|faint|p1a: Weavile
|
|upkeep
|
|t:|1757854662
|switch|p1a: Gholdengo|Gholdengo|100/100
|-damage|p1a: Gholdengo|88/100|[from] Spikes
|-damage|p1a: Gholdengo|82/100|[from] Stealth Rock
|turn|21
|c|☆cr aries|gg
|
|t:|1757854670
|-end|p2a: Kingambit|fallen4|[silent]
|switch|p2a: Ogerpon|Ogerpon-Wellspring-Tera, F, tera:Water|42/100
|-ability|p2a: Ogerpon|Embody Aspect (Wellspring)|boost
|-boost|p2a: Ogerpon|spd|1
|-terastallize|p1a: Gholdengo|Fighting
|move|p1a: Gholdengo|Tera Blast|p2a: Ogerpon|[anim] Tera Blast Fighting
|-damage|p2a: Ogerpon|16/100
|
|upkeep
|turn|22
|
|t:|1757854680
|move|p2a: Ogerpon|Ivy Cudgel|p1a: Gholdengo|[anim] Ivy Cudgel Water
|-damage|p1a: Gholdengo|32/100
|move|p1a: Gholdengo|Shadow Ball|p2a: Ogerpon
|-damage|p2a: Ogerpon|0 fnt
|faint|p2a: Ogerpon
|detailschange|p2: Ogerpon|Ogerpon-Wellspring, F|[silent]
|
|upkeep
|
|t:|1757854686
|switch|p2a: Kingambit|Kingambit, M, shiny|100/100
|-activate|p2a: Kingambit|ability: Supreme Overlord
|-start|p2a: Kingambit|fallen5|[silent]
|turn|23
|
|t:|1757854696
|move|p2a: Kingambit|Sucker Punch||[still]
|-fail|p2a: Kingambit
|move|p1a: Gholdengo|Recover|p1a: Gholdengo
|-heal|p1a: Gholdengo|82/100
|
|upkeep
|turn|24
|
|t:|1757854704
|move|p2a: Kingambit|Sucker Punch|p1a: Gholdengo
|-resisted|p1a: Gholdengo
|-damage|p1a: Gholdengo|62/100
|move|p1a: Gholdengo|Tera Blast|p2a: Kingambit|[anim] Tera Blast Fighting
|-supereffective|p2a: Kingambit
|-damage|p2a: Kingambit|0 fnt
|faint|p2a: Kingambit
|-end|p2a: Kingambit|fallen5|[silent]
|
|win|cr aries
|raw|cr aries's rating: 1723 &rarr; <strong>1742</strong><br />(+19 for winning)
|raw|Lucid Coffee's rating: 1707 &rarr; <strong>1688</strong><br />(-19 for losing)
|l|‽Lucid Coffee
|player|p2|
|l|☆cr aries
|player|p1|
|l| AmGodzchild
|l| Nikator98
|l| xmagic_247
