|inactive|Battle timer is ON: inactive players will automatically lose when time's up.
|t:|1757877619
|gametype|singles
|player|p1|Fusien|yellow|
|player|p2|3d|#3d|
|gen|9
|tier|[Gen 9] OU
|rule|HP Percentage Mod: HP is shown in percentages
|rule|Endless Battle Clause: Forcing endless battles is banned
|rule|Species Clause: Limit one of each Pokémon
|rule|OHKO Clause: OHKO moves are banned
|rule|Evasion Items Clause: Evasion items are banned
|rule|Evasion Moves Clause: Evasion moves are banned
|rule|Evasion Abilities Clause: Evasion abilities are banned
|rule|Sleep Moves Clause: Sleep-inducing moves are banned
|clearpoke
|poke|p1|Darkrai|
|poke|p1|Slowking-Galar, M|
|poke|p1|Ogerpon-Wellspring, F|
|poke|p1|Dragonite, F|
|poke|p1|Moltres|
|poke|p1|Great Tusk|
|poke|p2|Moltres|
|poke|p2|Samurott-Hisui, F|
|poke|p2|Rillaboom, M|
|poke|p2|Clodsire, F|
|poke|p2|Zamazenta-*|
|poke|p2|Gholdengo|
|teampreview
|c|☆Fusien|hf
|c|☆3d|u2
|inactive|Fusien has 270 seconds left.
|inactive|3d has 270 seconds left.
|inactive|Fusien has 240 seconds left.
|inactive|3d has 240 seconds left.
|
|t:|1757877698
|teamsize|p1|6
|teamsize|p2|6
|start
|switch|p1a: Ogerpon|Ogerpon-Wellspring, F|100/100
|switch|p2a: Gholdengo|Gholdengo|100/100
|-item|p2a: Gholdengo|Air Balloon
|turn|1
|inactive|3d has 270 seconds left.
|
|t:|1757877731
|move|p1a: Ogerpon|U-turn|p2a: Gholdengo
|-resisted|p2a: Gholdengo
|-damage|p2a: Gholdengo|96/100
|-enditem|p2a: Gholdengo|Air Balloon
|
|t:|1757877744
|switch|p1a: Great Tusk|Great Tusk|100/100|[from] U-turn
|move|p2a: Gholdengo|Thunder Wave|p1a: Great Tusk
|-immune|p1a: Great Tusk
|
|upkeep
|turn|2
|inactive|Fusien has 270 seconds left.
|
|t:|1757877775
|-end|p1a: Great Tusk|Protosynthesis|[silent]
|switch|p1a: Slowking|Slowking-Galar, M|100/100
|switch|p2a: Free Smoke|Moltres|100/100
|
|upkeep
|turn|3
|inactive|Fusien has 270 seconds left.
|
|t:|1757877797
|move|p2a: Free Smoke|U-turn|p1a: Slowking
|-damage|p1a: Slowking|90/100
|
|t:|1757877806
|switch|p2a: Samurott|Samurott-Hisui, F|100/100|[from] U-turn
|-prepare|p1a: Slowking|Chilly Reception|[premajor]
|move|p1a: Slowking|Chilly Reception|p1a: Slowking
|-weather|Snowscape
|
|t:|1757877809
|switch|p1a: Ogerpon|Ogerpon-Wellspring, F|100/100|[from] Chilly Reception
|
|-weather|Snowscape|[upkeep]
|upkeep
|turn|4
|inactive|Fusien has 270 seconds left.
|
|t:|1757877820
|move|p1a: Ogerpon|Knock Off|p2a: Samurott
|-resisted|p2a: Samurott
|-damage|p2a: Samurott|78/100
|-enditem|p2a: Samurott|Heavy-Duty Boots|[from] move: Knock Off|[of] p1a: Ogerpon
|move|p2a: Samurott|Ceaseless Edge|p1a: Ogerpon
|-damage|p1a: Ogerpon|38/100
|-sidestart|p1: Fusien|Spikes
|
|-weather|Snowscape|[upkeep]
|upkeep
|turn|5
|inactive|Fusien has 270 seconds left.
|
|t:|1757877851
|switch|p1a: Great Tusk|Great Tusk|100/100
|move|p2a: Samurott|Sucker Punch||[still]
|-fail|p2a: Samurott
|
|-weather|Snowscape|[upkeep]
|upkeep
|turn|6
|
|t:|1757877865
|switch|p2a: Free Smoke|Moltres|100/100
|move|p1a: Great Tusk|Rapid Spin|p2a: Free Smoke
|-damage|p2a: Free Smoke|85/100
|-boost|p1a: Great Tusk|spe|1
|-status|p1a: Great Tusk|brn|[from] ability: Flame Body|[of] p2a: Free Smoke
|-sideend|p1: Fusien|Spikes|[from] move: Rapid Spin|[of] p1a: Great Tusk
|
|-weather|Snowscape|[upkeep]
|-damage|p1a: Great Tusk|94/100 brn|[from] brn
|upkeep
|turn|7
|
|t:|1757877871
|move|p1a: Great Tusk|Stealth Rock|p2a: Free Smoke
|-sidestart|p2: 3d|move: Stealth Rock
|move|p2a: Free Smoke|U-turn|p1a: Great Tusk
|-resisted|p1a: Great Tusk
|-damage|p1a: Great Tusk|89/100 brn
|
|t:|1757877875
|switch|p2a: Green Day|Rillaboom, M|100/100|[from] U-turn
|-fieldstart|move: Grassy Terrain|[from] ability: Grassy Surge|[of] p2a: Green Day
|
|-weather|none
|-heal|p1a: Great Tusk|96/100 brn|[from] Grassy Terrain
|-damage|p1a: Great Tusk|89/100 brn|[from] brn
|upkeep
|turn|8
|
|t:|1757877892
|move|p1a: Great Tusk|Ice Spinner|p2a: Green Day
|-supereffective|p2a: Green Day
|-damage|p2a: Green Day|71/100
|-fieldend|move: Grassy Terrain
|move|p2a: Green Day|Knock Off|p1a: Great Tusk
|-resisted|p1a: Great Tusk
|-damage|p1a: Great Tusk|76/100 brn
|-enditem|p1a: Great Tusk|Heavy-Duty Boots|[from] move: Knock Off|[of] p2a: Green Day
|
|-damage|p1a: Great Tusk|70/100 brn|[from] brn
|upkeep
|turn|9
|inactive|Fusien has 240 seconds left.
|
|t:|1757877928
|move|p1a: Great Tusk|Ice Spinner|p2a: Green Day
|-supereffective|p2a: Green Day
|-damage|p2a: Green Day|44/100
|move|p2a: Green Day|U-turn|p1a: Great Tusk
|-resisted|p1a: Great Tusk
|-damage|p1a: Great Tusk|61/100 brn
|
|t:|1757877944
|switch|p2a: Gholdengo|Gholdengo|96/100|[from] U-turn
|-damage|p2a: Gholdengo|90/100|[from] Stealth Rock
|
|-damage|p1a: Great Tusk|54/100 brn|[from] brn
|upkeep
|turn|10
|inactive|Fusien has 240 seconds left.
|
|t:|1757877971
|-end|p1a: Great Tusk|Protosynthesis|[silent]
|switch|p1a: Dragonite|Dragonite, F|100/100
|move|p2a: Gholdengo|Hex|p1a: Dragonite
|-damage|p1a: Dragonite|87/100
|
|upkeep
|turn|11
|
|t:|1757877995
|move|p1a: Dragonite|Earthquake|p2a: Gholdengo
|-supereffective|p2a: Gholdengo
|-damage|p2a: Gholdengo|41/100
|move|p2a: Gholdengo|Thunder Wave|p1a: Dragonite
|-status|p1a: Dragonite|par
|
|upkeep
|turn|12
|
|t:|1757877999
|switch|p1a: Darkrai|Darkrai|100/100
|move|p2a: Gholdengo|Recover|p2a: Gholdengo
|-heal|p2a: Gholdengo|91/100
|
|upkeep
|turn|13
|inactive|Fusien has 210 seconds left.
|
|t:|1757878031
|switch|p2a: Zamazenta|Zamazenta|100/100
|-ability|p2a: Zamazenta|Dauntless Shield|boost
|-boost|p2a: Zamazenta|def|1
|move|p1a: Darkrai|Dark Pulse|p2a: Zamazenta
|-resisted|p2a: Zamazenta
|-damage|p2a: Zamazenta|72/100
|
|upkeep
|turn|14
|inactive|Fusien has 210 seconds left.
|inactive|3d has 270 seconds left.
|
|t:|1757878064
|switch|p2a: Married2TheGame|Clodsire, F|100/100
|switch|p1a: Dragonite|Dragonite, F|87/100 par
|
|upkeep
|turn|15
|inactive|3d has 270 seconds left.
|
|t:|1757878096
|switch|p1a: Ogerpon|Ogerpon-Wellspring, F|38/100
|move|p2a: Married2TheGame|Stealth Rock|p1a: Ogerpon
|-sidestart|p1: Fusien|move: Stealth Rock
|
|upkeep
|turn|16
|inactive|Fusien has 180 seconds left.
|inactive|3d has 240 seconds left.
|
|t:|1757878136
|switch|p2a: Zamazenta|Zamazenta|72/100
|move|p1a: Ogerpon|U-turn|p2a: Zamazenta
|-resisted|p2a: Zamazenta
|-damage|p2a: Zamazenta|60/100
|
|t:|1757878140
|switch|p1a: Slowking|Slowking-Galar, M|100/100|[from] U-turn
|
|upkeep
|turn|17
|inactive|3d has 240 seconds left.
|inactive|Fusien has 180 seconds left.
|
|t:|1757878156
|switch|p2a: Green Day|Rillaboom, M|44/100
|-fieldstart|move: Grassy Terrain|[from] ability: Grassy Surge|[of] p2a: Green Day
|-prepare|p1a: Slowking|Chilly Reception|[premajor]
|move|p1a: Slowking|Chilly Reception|p1a: Slowking
|-weather|Snowscape
|inactive|Fusien has 180 seconds left.
|
|t:|1757878167
|switch|p1a: Darkrai|Darkrai|100/100|[from] Chilly Reception
|-damage|p1a: Darkrai|88/100|[from] Stealth Rock
|
|-weather|Snowscape|[upkeep]
|-heal|p1a: Darkrai|94/100|[from] Grassy Terrain
|-heal|p2a: Green Day|50/100|[from] Grassy Terrain
|upkeep
|turn|18
|inactive|3d has 240 seconds left.
|inactive|Fusien has 180 seconds left.
|
|t:|1757878179
|move|p2a: Green Day|Grassy Glide|p1a: Darkrai
|-damage|p1a: Darkrai|44/100
|move|p1a: Darkrai|Dark Pulse|p2a: Green Day
|-damage|p2a: Green Day|0 fnt
|faint|p2a: Green Day
|
|-weather|Snowscape|[upkeep]
|-heal|p1a: Darkrai|50/100|[from] Grassy Terrain
|upkeep
|
|t:|1757878185
|switch|p2a: Samurott|Samurott-Hisui, F|78/100
|-damage|p2a: Samurott|65/100|[from] Stealth Rock
|turn|19
|inactive|Fusien has 180 seconds left.
|
|t:|1757878229
|-terastallize|p1a: Darkrai|Dark
|move|p1a: Darkrai|Dark Pulse|p2a: Samurott
|-resisted|p2a: Samurott
|-damage|p2a: Samurott|0 fnt
|faint|p2a: Samurott
|
|-weather|Snowscape|[upkeep]
|-heal|p1a: Darkrai|56/100|[from] Grassy Terrain
|upkeep
|inactive|3d has 240 seconds left.
|
|t:|1757878240
|switch|p2a: Zamazenta|Zamazenta|60/100
|turn|20
|inactive|3d has 240 seconds left.
|
|t:|1757878259
|switch|p1a: Slowking|Slowking-Galar, M|100/100
|move|p2a: Zamazenta|Crunch|p1a: Slowking
|-supereffective|p1a: Slowking
|-damage|p1a: Slowking|59/100
|
|-weather|Snowscape|[upkeep]
|-heal|p2a: Zamazenta|66/100|[from] Grassy Terrain
|-heal|p1a: Slowking|65/100|[from] Grassy Terrain
|upkeep
|turn|21
|inactive|3d has 240 seconds left.
|
|t:|1757878266
|move|p2a: Zamazenta|Crunch|p1a: Slowking
|-supereffective|p1a: Slowking
|-damage|p1a: Slowking|27/100
|move|p1a: Slowking|Future Sight|p2a: Zamazenta
|-start|p1a: Slowking|move: Future Sight
|
|-weather|none
|-heal|p2a: Zamazenta|73/100|[from] Grassy Terrain
|-heal|p1a: Slowking|33/100|[from] Grassy Terrain
|-fieldend|move: Grassy Terrain
|upkeep
|turn|22
|
|t:|1757878272
|switch|p1a: Great Tusk|Great Tusk|54/100 brn
|-damage|p1a: Great Tusk|51/100 brn|[from] Stealth Rock
|move|p2a: Zamazenta|Close Combat|p1a: Great Tusk
|-damage|p1a: Great Tusk|10/100 brn
|-unboost|p2a: Zamazenta|def|1
|-unboost|p2a: Zamazenta|spd|1
|
|-damage|p1a: Great Tusk|4/100 brn|[from] brn
|upkeep
|turn|23
|inactive|Fusien has 180 seconds left.
|inactive|3d has 240 seconds left.
|inactive|Fusien has 150 seconds left.
|
|t:|1757878311
|switch|p2a: Free Smoke|Moltres|85/100
|move|p1a: Great Tusk|Rapid Spin|p2a: Free Smoke
|-damage|p2a: Free Smoke|77/100
|-boost|p1a: Great Tusk|spe|1
|-sideend|p1: Fusien|Stealth Rock|[from] move: Rapid Spin|[of] p1a: Great Tusk
|
|-end|p2a: Free Smoke|move: Future Sight
|-crit|p2a: Free Smoke
|-damage|p2a: Free Smoke|25/100
|-damage|p1a: Great Tusk|0 fnt|[from] brn
|faint|p1a: Great Tusk
|-end|p1a: Great Tusk|Protosynthesis|[silent]
|upkeep
|
|t:|1757878314
|switch|p1a: Darkrai|Darkrai, tera:Dark|56/100
|turn|24
|
|t:|1757878327
|switch|p2a: Zamazenta|Zamazenta|73/100
|move|p1a: Darkrai|Dark Pulse|p2a: Zamazenta
|-resisted|p2a: Zamazenta
|-damage|p2a: Zamazenta|35/100
|
|upkeep
|turn|25
|
|t:|1757878334
|switch|p2a: Married2TheGame|Clodsire, F|100/100
|switch|p1a: Dragonite|Dragonite, F|87/100 par
|
|upkeep
|turn|26
|
|t:|1757878338
|move|p1a: Dragonite|Earthquake|p2a: Married2TheGame
|-supereffective|p2a: Married2TheGame
|-damage|p2a: Married2TheGame|18/100
|move|p2a: Married2TheGame|Stealth Rock|p1a: Dragonite
|-sidestart|p1: Fusien|move: Stealth Rock
|
|upkeep
|turn|27
|inactive|3d has 240 seconds left.
|
|t:|1757878356
|move|p1a: Dragonite|Extreme Speed|p2a: Married2TheGame
|-damage|p2a: Married2TheGame|0 fnt
|faint|p2a: Married2TheGame
|
|upkeep
|
|t:|1757878362
|switch|p2a: Gholdengo|Gholdengo|91/100
|-damage|p2a: Gholdengo|85/100|[from] Stealth Rock
|turn|28
|
|t:|1757878366
|move|p2a: Gholdengo|Hex|p1a: Dragonite
|-damage|p1a: Dragonite|21/100 par
|move|p1a: Dragonite|Earthquake|p2a: Gholdengo
|-supereffective|p2a: Gholdengo
|-damage|p2a: Gholdengo|35/100
|
|upkeep
|turn|29
|
|t:|1757878394
|move|p2a: Gholdengo|Recover|p2a: Gholdengo
|-heal|p2a: Gholdengo|85/100
|move|p1a: Dragonite|Earthquake|p2a: Gholdengo
|-supereffective|p2a: Gholdengo
|-damage|p2a: Gholdengo|35/100
|
|upkeep
|turn|30
|
|t:|1757878397
|move|p2a: Gholdengo|Recover|p2a: Gholdengo
|-heal|p2a: Gholdengo|85/100
|move|p1a: Dragonite|Earthquake|p2a: Gholdengo
|-supereffective|p2a: Gholdengo
|-damage|p2a: Gholdengo|33/100
|
|upkeep
|turn|31
|
|t:|1757878400
|move|p2a: Gholdengo|Recover|p2a: Gholdengo
|-heal|p2a: Gholdengo|83/100
|move|p1a: Dragonite|Earthquake|p2a: Gholdengo
|-supereffective|p2a: Gholdengo
|-damage|p2a: Gholdengo|32/100
|
|upkeep
|turn|32
|
|t:|1757878402
|move|p2a: Gholdengo|Recover|p2a: Gholdengo
|-heal|p2a: Gholdengo|82/100
|move|p1a: Dragonite|Earthquake|p2a: Gholdengo
|-supereffective|p2a: Gholdengo
|-damage|p2a: Gholdengo|34/100
|
|upkeep
|turn|33
|
|t:|1757878404
|move|p2a: Gholdengo|Recover|p2a: Gholdengo
|-heal|p2a: Gholdengo|84/100
|move|p1a: Dragonite|Earthquake|p2a: Gholdengo
|-supereffective|p2a: Gholdengo
|-damage|p2a: Gholdengo|32/100
|
|upkeep
|turn|34
|
|t:|1757878406
|move|p2a: Gholdengo|Recover|p2a: Gholdengo
|-heal|p2a: Gholdengo|82/100
|cant|p1a: Dragonite|par
|
|upkeep
|turn|35
|
|t:|1757878409
|move|p2a: Gholdengo|Hex|p1a: Dragonite
|-damage|p1a: Dragonite|0 fnt
|faint|p1a: Dragonite
|
|upkeep
|
|t:|1757878413
|switch|p1a: Ogerpon|Ogerpon-Wellspring, F|38/100
|-damage|p1a: Ogerpon|25/100|[from] Stealth Rock
|turn|36
|
|t:|1757878416
|move|p1a: Ogerpon|Ivy Cudgel|p2a: Gholdengo|[anim] Ivy Cudgel Water
|-damage|p2a: Gholdengo|41/100
|move|p2a: Gholdengo|Thunder Wave|p1a: Ogerpon
|-status|p1a: Ogerpon|par
|
|upkeep
|turn|37
|
|t:|1757878422
|move|p2a: Gholdengo|Recover|p2a: Gholdengo
|-heal|p2a: Gholdengo|91/100
|move|p1a: Ogerpon|Ivy Cudgel|p2a: Gholdengo|[anim] Ivy Cudgel Water
|-damage|p2a: Gholdengo|45/100
|
|upkeep
|turn|38
|
|t:|1757878424
|move|p2a: Gholdengo|Hex|p1a: Ogerpon
|-damage|p1a: Ogerpon|0 fnt
|faint|p1a: Ogerpon
|
|upkeep
|inactive|Fusien has 270 seconds left.
|
|t:|1757878445
|switch|p1a: Darkrai|Darkrai, tera:Dark|56/100
|-damage|p1a: Darkrai|43/100|[from] Stealth Rock
|turn|39
|
|t:|1757878449
|switch|p2a: Free Smoke|Moltres|25/100
|move|p1a: Darkrai|Dark Pulse|p2a: Free Smoke
|-damage|p2a: Free Smoke|0 fnt
|faint|p2a: Free Smoke
|
|upkeep
|
|t:|1757878450
|switch|p2a: Zamazenta|Zamazenta|35/100
|turn|40
|inactive|Fusien has 270 seconds left.
|
|t:|1757878481
|switch|p1a: Slowking|Slowking-Galar, M|67/100
|move|p2a: Zamazenta|Close Combat|p1a: Slowking
|-resisted|p1a: Slowking
|-damage|p1a: Slowking|55/100
|-unboost|p2a: Zamazenta|def|1
|-unboost|p2a: Zamazenta|spd|1
|
|upkeep
|turn|41
|
|t:|1757878492
|switch|p1a: Darkrai|Darkrai, tera:Dark|43/100
|-damage|p1a: Darkrai|31/100|[from] Stealth Rock
|move|p2a: Zamazenta|Crunch|p1a: Darkrai
|-resisted|p1a: Darkrai
|-damage|p1a: Darkrai|14/100
|
|upkeep
|turn|42
|
|t:|1757878499
|move|p2a: Zamazenta|Crunch|p1a: Darkrai
|-resisted|p1a: Darkrai
|-damage|p1a: Darkrai|0 fnt
|faint|p1a: Darkrai
|
|upkeep
|
|t:|1757878501
|switch|p1a: Slowking|Slowking-Galar, M|89/100
|turn|43
|
|t:|1757878505
|switch|p2a: Gholdengo|Gholdengo|45/100
|-damage|p2a: Gholdengo|39/100|[from] Stealth Rock
|move|p1a: Slowking|Future Sight|p2a: Gholdengo
|-start|p1a: Slowking|move: Future Sight
|
|upkeep
|turn|44
|
|t:|1757878508
|switch|p1a: Moltres|Moltres|100/100
|-ability|p1a: Moltres|Pressure
|move|p2a: Gholdengo|Thunder Wave|p1a: Moltres
|-status|p1a: Moltres|par
|
|upkeep
|turn|45
|
|t:|1757878518
|switch|p2a: Zamazenta|Zamazenta|35/100
|move|p1a: Moltres|Flamethrower|p2a: Zamazenta
|-damage|p2a: Zamazenta|5/100
|
|-end|p2a: Zamazenta|move: Future Sight
|-supereffective|p2a: Zamazenta
|-damage|p2a: Zamazenta|0 fnt
|faint|p2a: Zamazenta
|upkeep
|
|t:|1757878519
|switch|p2a: Gholdengo|Gholdengo|39/100
|-damage|p2a: Gholdengo|33/100|[from] Stealth Rock
|turn|46
|
|t:|1757878522
|move|p2a: Gholdengo|Hex|p1a: Moltres
|-damage|p1a: Moltres|58/100 par
|move|p1a: Moltres|Flamethrower|p2a: Gholdengo
|-supereffective|p2a: Gholdengo
|-damage|p2a: Gholdengo|0 fnt
|faint|p2a: Gholdengo
|
|win|Fusien
|c|☆3d|gg
|c|☆Fusien|gg
|player|p2|
|player|p2|3d|#3d|
|player|p2|
