|j|☆BloopHungry
|j|☆SHEWILLBETRAYu067
|t:|1757929595
|gametype|singles
|player|p1|BloopHungry|101|1102
|player|p2|SHEWILLBETRAYu067|clerk|1118
|gen|9
|tier|[Gen 9] OU
|rated|
|rule|HP Percentage Mod: HP is shown in percentages
|rule|Endless Battle Clause: Forcing endless battles is banned
|rule|Species Clause: Limit one of each Pokémon
|rule|OHKO Clause: OHKO moves are banned
|rule|Evasion Items Clause: Evasion items are banned
|rule|Evasion Moves Clause: Evasion moves are banned
|rule|Evasion Abilities Clause: Evasion abilities are banned
|rule|Sleep Moves Clause: Sleep-inducing moves are banned
|clearpoke
|poke|p1|Cinccino, F|
|poke|p1|Shiftry, M|
|poke|p1|Glimmora, F|
|poke|p1|Dusknoir, F|
|poke|p1|Iron Treads|
|poke|p1|Porygon-Z|
|poke|p2|Feraligatr, M|
|poke|p2|Darkrai|
|poke|p2|Raikou|
|poke|p2|Pelipper, M|
|poke|p2|Zoroark-Hisui, M|
|poke|p2|Jirachi|
|teampreview
|l|☆BloopHungry
|player|p1|
|inactive|Battle timer is ON: inactive players will automatically lose when time's up. (requested by SHEWILLBETRAYu067)
|j|☆BloopHungry
|inactive|BloopHungry reconnected and has 145 seconds left.
|player|p1|BloopHungry|101|
|
|t:|1757929626
|teamsize|p1|6
|teamsize|p2|6
|start
|switch|p1a: Porygon-Z|Porygon-Z|100/100
|switch|p2a: Pelipper|Pelipper, M|100/100
|-weather|RainDance|[from] ability: Drizzle|[of] p2a: Pelipper
|turn|1
|
|t:|1757929639
|move|p1a: Porygon-Z|Thunderbolt|p2a: Pelipper
|-supereffective|p2a: Pelipper
|-damage|p2a: Pelipper|0 fnt
|faint|p2a: Pelipper
|
|-weather|RainDance|[upkeep]
|upkeep
|
|t:|1757929650
|switch|p2a: Jirachi|Jirachi|100/100
|turn|2
|
|t:|1757929660
|switch|p1a: Iron Treads|Iron Treads|100/100
|move|p2a: Jirachi|Body Slam|p1a: Iron Treads
|-resisted|p1a: Iron Treads
|-damage|p1a: Iron Treads|89/100
|
|-weather|RainDance|[upkeep]
|upkeep
|turn|3
|
|t:|1757929669
|move|p1a: Iron Treads|Earthquake|p2a: Jirachi
|-supereffective|p2a: Jirachi
|-damage|p2a: Jirachi|14/100
|-enditem|p2a: Jirachi|Weakness Policy
|-boost|p2a: Jirachi|atk|2|[from] item: Weakness Policy
|-boost|p2a: Jirachi|spa|2|[from] item: Weakness Policy
|move|p2a: Jirachi|Body Slam|p1a: Iron Treads
|-resisted|p1a: Iron Treads
|-damage|p1a: Iron Treads|62/100
|-status|p1a: Iron Treads|par
|
|-weather|RainDance|[upkeep]
|upkeep
|turn|4
|
|t:|1757929683
|move|p2a: Jirachi|Iron Head|p1a: Iron Treads
|-resisted|p1a: Iron Treads
|-damage|p1a: Iron Treads|27/100 par
|cant|p1a: Iron Treads|flinch
|
|-weather|RainDance|[upkeep]
|upkeep
|turn|5
|
|t:|1757929687
|move|p2a: Jirachi|Drain Punch|p1a: Iron Treads
|-supereffective|p1a: Iron Treads
|-damage|p1a: Iron Treads|0 fnt
|-heal|p2a: Jirachi|25/100|[from] drain|[of] p1a: Iron Treads
|faint|p1a: Iron Treads
|-end|p1a: Iron Treads|Quark Drive|[silent]
|
|-weather|RainDance|[upkeep]
|upkeep
|
|t:|1757929690
|switch|p1a: Shiftry|Shiftry, M|100/100
|turn|6
|
|t:|1757929696
|move|p1a: Shiftry|Tailwind|p1a: Shiftry
|-sidestart|p1: BloopHungry|move: Tailwind
|-ability|p1a: Shiftry|Wind Rider|boost
|-boost|p1a: Shiftry|atk|1
|move|p2a: Jirachi|Body Slam|p1a: Shiftry
|-damage|p1a: Shiftry|11/100
|-status|p1a: Shiftry|par
|
|-weather|RainDance|[upkeep]
|upkeep
|turn|7
|
|t:|1757929702
|cant|p1a: Shiftry|par
|move|p2a: Jirachi|Drain Punch|p1a: Shiftry
|-supereffective|p1a: Shiftry
|-damage|p1a: Shiftry|0 fnt
|-heal|p2a: Jirachi|29/100|[from] drain|[of] p1a: Shiftry
|faint|p1a: Shiftry
|
|-weather|RainDance|[upkeep]
|upkeep
|
|t:|1757929706
|switch|p1a: Cinccino|Cinccino, F|100/100
|turn|8
|
|t:|1757929713
|move|p1a: Cinccino|Knock Off|p2a: Jirachi
|-supereffective|p2a: Jirachi
|-damage|p2a: Jirachi|0 fnt
|faint|p2a: Jirachi
|
|-weather|none
|upkeep
|
|t:|1757929720
|switch|p2a: Darkrai|Darkrai|100/100
|turn|9
|
|t:|1757929723
|move|p1a: Cinccino|Tidy Up|p1a: Cinccino
|-boost|p1a: Cinccino|atk|1
|-boost|p1a: Cinccino|spe|1
|move|p2a: Darkrai|Nasty Plot|p2a: Darkrai
|-boost|p2a: Darkrai|spa|2
|
|-sideend|p1: BloopHungry|move: Tailwind
|upkeep
|turn|10
|
|t:|1757929726
|move|p1a: Cinccino|Encore|p2a: Darkrai
|-start|p2a: Darkrai|Encore
|move|p2a: Darkrai|Nasty Plot|p2a: Darkrai
|-boost|p2a: Darkrai|spa|2
|
|upkeep
|turn|11
|
|t:|1757929728
|move|p1a: Cinccino|Knock Off|p2a: Darkrai
|-supereffective|p2a: Darkrai
|-damage|p2a: Darkrai|0 fnt
|replace|p2a: Zoroark|Zoroark-Hisui, M
|-end|p2a: Zoroark|Illusion
|-enditem|p2a: Zoroark|Heavy-Duty Boots|[from] move: Knock Off|[of] p1a: Cinccino
|faint|p2a: Zoroark
|
|upkeep
|
|t:|1757929742
|switch|p2a: Darkrai|Darkrai|100/100
|turn|12
|
|t:|1757929745
|move|p2a: Darkrai|Focus Blast|p1a: Cinccino|[miss]
|-miss|p2a: Darkrai|p1a: Cinccino
|move|p1a: Cinccino|Tidy Up|p1a: Cinccino
|-boost|p1a: Cinccino|atk|1
|-boost|p1a: Cinccino|spe|1
|
|upkeep
|turn|13
|
|t:|1757929748
|move|p1a: Cinccino|Tidy Up|p1a: Cinccino
|-boost|p1a: Cinccino|atk|1
|-boost|p1a: Cinccino|spe|1
|move|p2a: Darkrai|Focus Blast|p1a: Cinccino|[miss]
|-miss|p2a: Darkrai|p1a: Cinccino
|
|upkeep
|turn|14
|
|t:|1757929754
|move|p1a: Cinccino|Tidy Up|p1a: Cinccino
|-boost|p1a: Cinccino|atk|1
|-boost|p1a: Cinccino|spe|1
|move|p2a: Darkrai|Focus Blast|p1a: Cinccino
|-supereffective|p1a: Cinccino
|-enditem|p1a: Cinccino|Focus Sash
|-damage|p1a: Cinccino|1/100
|
|upkeep
|turn|15
|
|t:|1757929763
|move|p1a: Cinccino|Flail|p2a: Darkrai
|-damage|p2a: Darkrai|0 fnt
|faint|p2a: Darkrai
|
|upkeep
|
|t:|1757929765
|switch|p2a: Raikou|Raikou|100/100
|-ability|p2a: Raikou|Pressure
|turn|16
|
|t:|1757929767
|move|p2a: Raikou|Extreme Speed|p1a: Cinccino
|-damage|p1a: Cinccino|0 fnt
|faint|p1a: Cinccino
|
|upkeep
|
|t:|1757929775
|switch|p1a: Dusknoir|Dusknoir, F, shiny|100/100
|-ability|p1a: Dusknoir|Pressure
|turn|17
|
|t:|1757929781
|move|p2a: Raikou|Scald|p1a: Dusknoir
|-damage|p1a: Dusknoir|78/100
|move|p1a: Dusknoir|Poltergeist|p2a: Raikou
|-activate|p2a: Raikou|move: Poltergeist|Heavy-Duty Boots
|-damage|p2a: Raikou|0 fnt
|faint|p2a: Raikou
|
|upkeep
|
|t:|1757929786
|switch|p2a: Feraligatr|Feraligatr, M|100/100
|turn|18
|
|t:|1757929788
|move|p2a: Feraligatr|Crunch|p1a: Dusknoir
|-supereffective|p1a: Dusknoir
|-damage|p1a: Dusknoir|4/100
|move|p1a: Dusknoir|Poltergeist|p2a: Feraligatr
|-activate|p2a: Feraligatr|move: Poltergeist|Life Orb
|-damage|p2a: Feraligatr|12/100
|
|upkeep
|turn|19
|
|t:|1757929794
|move|p2a: Feraligatr|Ice Punch|p1a: Dusknoir
|-crit|p1a: Dusknoir
|-damage|p1a: Dusknoir|0 fnt
|faint|p1a: Dusknoir
|
|upkeep
|
|t:|1757929799
|switch|p1a: Porygon-Z|Porygon-Z|100/100
|turn|20
|
|t:|1757929803
|move|p1a: Porygon-Z|Tri Attack|p2a: Feraligatr
|-damage|p2a: Feraligatr|0 fnt
|faint|p2a: Feraligatr
|
|win|BloopHungry
|raw|BloopHungry's rating: 1102 &rarr; <strong>1128</strong><br />(+26 for winning)
|raw|SHEWILLBETRAYu067's rating: 1118 &rarr; <strong>1092</strong><br />(-26 for losing)
|l|☆SHEWILLBETRAYu067
|player|p2|
|l|☆BloopHungry
|player|p1|
