|j|☆kkaytee
|j|☆Mad.Haven
|t:|1757904036
|gametype|singles
|player|p1|kkaytee|roxie-masters|1353
|player|p2|Mad.Haven|skyla|1322
|gen|9
|tier|[Gen 9] OU
|rated|
|rule|HP Percentage Mod: HP is shown in percentages
|rule|Endless Battle Clause: Forcing endless battles is banned
|rule|Species Clause: Limit one of each Pokémon
|rule|OHKO Clause: OHKO moves are banned
|rule|Evasion Items Clause: Evasion items are banned
|rule|Evasion Moves Clause: Evasion moves are banned
|rule|Evasion Abilities Clause: Evasion abilities are banned
|rule|Sleep Moves Clause: Sleep-inducing moves are banned
|clearpoke
|poke|p1|Iron Moth|
|poke|p1|Ting-Lu|
|poke|p1|Torkoal, M|
|poke|p1|Walking Wake|
|poke|p1|Great Tusk|
|poke|p1|Slither Wing|
|poke|p2|Tsareena, F|
|poke|p2|Araquanid, F|
|poke|p2|Ceruledge, F|
|poke|p2|Corviknight, F|
|poke|p2|Landorus-Therian, M|
|poke|p2|Raging Bolt|
|teampreview
|inactive|Battle timer is ON: inactive players will automatically lose when time's up. (requested by Mad.Haven)
|l|☆Mad.Haven
|inactive|Mad.Haven disconnected and has a minute to reconnect!
|player|p2|
|inactive|kkaytee has 120 seconds left.
|j|☆Mad.Haven
|inactive|Mad.Haven reconnected.
|player|p2|Mad.Haven|skyla|
|
|t:|1757904077
|teamsize|p1|6
|teamsize|p2|6
|start
|switch|p1a: Torkoal|Torkoal, M|100/100
|switch|p2a: Aquarachnid|Araquanid, F|100/100
|-weather|SunnyDay|[from] ability: Drought|[of] p1a: Torkoal
|turn|1
|
|t:|1757904095
|switch|p1a: Slither Wing|Slither Wing|100/100
|-activate|p1a: Slither Wing|ability: Protosynthesis
|-start|p1a: Slither Wing|protosynthesisatk
|move|p2a: Aquarachnid|Sticky Web|p1a: Slither Wing
|-sidestart|p1: kkaytee|move: Sticky Web
|
|-weather|SunnyDay|[upkeep]
|upkeep
|turn|2
|
|t:|1757904109
|switch|p2a: 3 wishes|Landorus-Therian, M|100/100
|-ability|p2a: 3 wishes|Intimidate|boost
|-unboost|p1a: Slither Wing|atk|1
|move|p1a: Slither Wing|First Impression|p2a: 3 wishes
|-resisted|p2a: 3 wishes
|-damage|p2a: 3 wishes|57/100
|-damage|p1a: Slither Wing|84/100|[from] item: Rocky Helmet|[of] p2a: 3 wishes
|
|-weather|SunnyDay|[upkeep]
|upkeep
|turn|3
|
|t:|1757904115
|-end|p1a: Slither Wing|Protosynthesis|[silent]
|switch|p1a: Great Tusk|Great Tusk|100/100
|-activate|p1a: Great Tusk|ability: Protosynthesis
|-start|p1a: Great Tusk|protosynthesisspe
|move|p2a: 3 wishes|Stealth Rock|p1a: Great Tusk
|-sidestart|p1: kkaytee|move: Stealth Rock
|
|-weather|SunnyDay|[upkeep]
|upkeep
|turn|4
|
|t:|1757904125
|switch|p2a: Zoro|Ceruledge, F|100/100
|move|p1a: Great Tusk|Ice Spinner|p2a: Zoro
|-resisted|p2a: Zoro
|-damage|p2a: Zoro|85/100
|-ability|p2a: Zoro|Weak Armor|boost
|-unboost|p2a: Zoro|def|1
|-boost|p2a: Zoro|spe|2
|
|-weather|SunnyDay|[upkeep]
|upkeep
|turn|5
|
|t:|1757904147
|move|p2a: Zoro|Poltergeist|p1a: Great Tusk
|-activate|p1a: Great Tusk|move: Poltergeist|Heavy-Duty Boots
|-damage|p1a: Great Tusk|65/100
|move|p1a: Great Tusk|Headlong Rush|p2a: Zoro
|-supereffective|p2a: Zoro
|-damage|p2a: Zoro|0 fnt
|-unboost|p1a: Great Tusk|def|1
|-unboost|p1a: Great Tusk|spd|1
|faint|p2a: Zoro
|
|-weather|SunnyDay|[upkeep]
|upkeep
|
|t:|1757904158
|switch|p2a: Queen Elizabeth|Tsareena, F, shiny|100/100
|turn|6
|
|t:|1757904173
|-end|p1a: Great Tusk|Protosynthesis|[silent]
|switch|p1a: Iron Moth|Iron Moth|100/100
|-activate|p1a: Iron Moth|move: Sticky Web
|-unboost|p1a: Iron Moth|spe|1
|-damage|p1a: Iron Moth|76/100|[from] Stealth Rock
|move|p2a: Queen Elizabeth|Power Whip|p1a: Iron Moth
|-resisted|p1a: Iron Moth
|-damage|p1a: Iron Moth|46/100
|
|-weather|SunnyDay|[upkeep]
|upkeep
|turn|7
|
|t:|1757904192
|move|p1a: Iron Moth|Fiery Dance|p2a: Queen Elizabeth
|-supereffective|p2a: Queen Elizabeth
|-damage|p2a: Queen Elizabeth|0 fnt
|-boost|p1a: Iron Moth|spa|1
|faint|p2a: Queen Elizabeth
|
|-weather|SunnyDay|[upkeep]
|upkeep
|
|t:|1757904196
|switch|p2a: 3 wishes|Landorus-Therian, M|57/100
|-ability|p2a: 3 wishes|Intimidate|boost
|-unboost|p1a: Iron Moth|atk|1
|turn|8
|
|t:|1757904202
|-end|p1a: Iron Moth|Quark Drive|[silent]
|switch|p1a: Ting-Lu|Ting-Lu|100/100
|-activate|p1a: Ting-Lu|move: Sticky Web
|-unboost|p1a: Ting-Lu|spe|1
|-damage|p1a: Ting-Lu|94/100|[from] Stealth Rock
|-ability|p1a: Ting-Lu|Vessel of Ruin
|move|p2a: 3 wishes|Earthquake|p1a: Ting-Lu
|-damage|p1a: Ting-Lu|62/100
|
|-weather|none
|upkeep
|turn|9
|
|t:|1757904207
|move|p2a: 3 wishes|Earthquake|p1a: Ting-Lu
|-damage|p1a: Ting-Lu|31/100
|move|p1a: Ting-Lu|Spikes|p2a: 3 wishes
|-sidestart|p2: Mad.Haven|Spikes
|
|upkeep
|turn|10
|
|t:|1757904212
|move|p2a: 3 wishes|Earthquake|p1a: Ting-Lu
|-damage|p1a: Ting-Lu|0 fnt
|faint|p1a: Ting-Lu
|
|upkeep
|
|t:|1757904220
|switch|p1a: Great Tusk|Great Tusk|65/100
|turn|11
|
|t:|1757904225
|switch|p2a: Aquarachnid|Araquanid, F|100/100
|-damage|p2a: Aquarachnid|88/100|[from] Spikes
|move|p1a: Great Tusk|Rapid Spin|p2a: Aquarachnid
|-damage|p2a: Aquarachnid|72/100
|-boost|p1a: Great Tusk|spe|1
|-sideend|p1: kkaytee|Stealth Rock|[from] move: Rapid Spin|[of] p1a: Great Tusk
|-sideend|p1: kkaytee|Sticky Web|[from] move: Rapid Spin|[of] p1a: Great Tusk
|
|upkeep
|turn|12
|
|t:|1757904232
|-end|p1a: Great Tusk|Protosynthesis|[silent]
|switch|p1a: Torkoal|Torkoal, M|100/100
|-weather|SunnyDay|[from] ability: Drought|[of] p1a: Torkoal
|move|p2a: Aquarachnid|Surf|p1a: Torkoal
|-supereffective|p1a: Torkoal
|-damage|p1a: Torkoal|37/100
|
|-weather|SunnyDay|[upkeep]
|upkeep
|turn|13
|
|t:|1757904236
|switch|p1a: Iron Moth|Iron Moth|46/100
|move|p2a: Aquarachnid|Surf|p1a: Iron Moth
|-supereffective|p1a: Iron Moth
|-damage|p1a: Iron Moth|0 fnt
|faint|p1a: Iron Moth
|-end|p1a: Iron Moth|Quark Drive|[silent]
|
|-weather|SunnyDay|[upkeep]
|upkeep
|
|t:|1757904246
|switch|p1a: Slither Wing|Slither Wing|84/100
|-activate|p1a: Slither Wing|ability: Protosynthesis
|-start|p1a: Slither Wing|protosynthesisatk
|turn|14
|
|t:|1757904257
|move|p1a: Slither Wing|U-turn|p2a: Aquarachnid
|-damage|p2a: Aquarachnid|0 fnt
|faint|p2a: Aquarachnid
|
|t:|1757904260
|-end|p1a: Slither Wing|Protosynthesis|[silent]
|switch|p1a: Walking Wake|Walking Wake|100/100|[from] U-turn
|-activate|p1a: Walking Wake|ability: Protosynthesis
|-start|p1a: Walking Wake|protosynthesisspe
|
|-weather|SunnyDay|[upkeep]
|upkeep
|inactive|Mad.Haven has 120 seconds left.
|
|t:|1757904298
|switch|p2a: Thunderstorm|Raging Bolt|100/100
|-activate|p2a: Thunderstorm|ability: Protosynthesis
|-start|p2a: Thunderstorm|protosynthesisspa
|turn|15
|inactive|Mad.Haven has 120 seconds left.
|inactive|kkaytee has 120 seconds left.
|
|t:|1757904342
|-terastallize|p2a: Thunderstorm|Fairy
|move|p1a: Walking Wake|Dragon Pulse|p2a: Thunderstorm
|-immune|p2a: Thunderstorm
|move|p2a: Thunderstorm|Dragon Pulse|p1a: Walking Wake
|-supereffective|p1a: Walking Wake
|-damage|p1a: Walking Wake|0 fnt
|faint|p1a: Walking Wake
|-end|p1a: Walking Wake|Protosynthesis|[silent]
|
|-weather|SunnyDay|[upkeep]
|upkeep
|
|t:|1757904345
|switch|p1a: Slither Wing|Slither Wing|84/100
|-activate|p1a: Slither Wing|ability: Protosynthesis
|-start|p1a: Slither Wing|protosynthesisatk
|turn|16
|inactive|kkaytee has 120 seconds left.
|
|t:|1757904358
|move|p2a: Thunderstorm|Thunderclap|p1a: Slither Wing
|-damage|p1a: Slither Wing|31/100
|move|p1a: Slither Wing|Flare Blitz|p2a: Thunderstorm
|-damage|p2a: Thunderstorm|0 fnt
|faint|p2a: Thunderstorm
|-end|p2a: Thunderstorm|Protosynthesis|[silent]
|-damage|p1a: Slither Wing|0 fnt|[from] Recoil
|faint|p1a: Slither Wing
|-end|p1a: Slither Wing|Protosynthesis|[silent]
|
|-weather|SunnyDay|[upkeep]
|upkeep
|inactive|kkaytee has 120 seconds left.
|inactive|Mad.Haven has 120 seconds left.
|
|t:|1757904369
|switch|p1a: Great Tusk|Great Tusk|65/100
|switch|p2a: 3 wishes|Landorus-Therian, M|57/100
|-ability|p2a: 3 wishes|Intimidate|boost
|-unboost|p1a: Great Tusk|atk|1
|-activate|p1a: Great Tusk|ability: Protosynthesis
|-start|p1a: Great Tusk|protosynthesisspe
|turn|17
|
|t:|1757904376
|switch|p2a: Knighted Crow|Corviknight, F|100/100
|-ability|p2a: Knighted Crow|Pressure
|move|p1a: Great Tusk|Bulk Up|p1a: Great Tusk
|-boost|p1a: Great Tusk|atk|1
|-boost|p1a: Great Tusk|def|1
|
|-weather|SunnyDay|[upkeep]
|upkeep
|turn|18
|
|t:|1757904386
|-terastallize|p1a: Great Tusk|Ghost
|move|p1a: Great Tusk|Bulk Up|p1a: Great Tusk
|-boost|p1a: Great Tusk|atk|1
|-boost|p1a: Great Tusk|def|1
|move|p2a: Knighted Crow|Brave Bird|p1a: Great Tusk
|-damage|p1a: Great Tusk|52/100
|-damage|p2a: Knighted Crow|96/100|[from] Recoil
|
|-weather|SunnyDay|[upkeep]
|-heal|p2a: Knighted Crow|100/100|[from] item: Leftovers
|upkeep
|turn|19
|
|t:|1757904397
|move|p1a: Great Tusk|Bulk Up|p1a: Great Tusk
|-boost|p1a: Great Tusk|atk|1
|-boost|p1a: Great Tusk|def|1
|move|p2a: Knighted Crow|Brave Bird|p1a: Great Tusk
|-damage|p1a: Great Tusk|42/100
|-damage|p2a: Knighted Crow|97/100|[from] Recoil
|
|-weather|none
|-end|p1a: Great Tusk|Protosynthesis
|-heal|p2a: Knighted Crow|100/100|[from] item: Leftovers
|upkeep
|turn|20
|
|t:|1757904410
|move|p1a: Great Tusk|Ice Spinner|p2a: Knighted Crow
|-damage|p2a: Knighted Crow|75/100
|move|p2a: Knighted Crow|Brave Bird|p1a: Great Tusk
|-damage|p1a: Great Tusk|32/100
|-damage|p2a: Knighted Crow|71/100|[from] Recoil
|
|-heal|p2a: Knighted Crow|77/100|[from] item: Leftovers
|upkeep
|turn|21
|
|t:|1757904416
|move|p1a: Great Tusk|Ice Spinner|p2a: Knighted Crow
|-damage|p2a: Knighted Crow|49/100
|move|p2a: Knighted Crow|Brave Bird|p1a: Great Tusk
|-damage|p1a: Great Tusk|23/100
|-damage|p2a: Knighted Crow|46/100|[from] Recoil
|
|-heal|p2a: Knighted Crow|52/100|[from] item: Leftovers
|upkeep
|turn|22
|
|t:|1757904424
|move|p1a: Great Tusk|Ice Spinner|p2a: Knighted Crow
|-damage|p2a: Knighted Crow|22/100
|move|p2a: Knighted Crow|Roost|p2a: Knighted Crow
|-heal|p2a: Knighted Crow|72/100
|-singleturn|p2a: Knighted Crow|move: Roost
|
|-heal|p2a: Knighted Crow|78/100|[from] item: Leftovers
|upkeep
|turn|23
|
|t:|1757904430
|-end|p1a: Great Tusk|Protosynthesis|[silent]
|switch|p1a: Torkoal|Torkoal, M|37/100
|-weather|SunnyDay|[from] ability: Drought|[of] p1a: Torkoal
|move|p2a: Knighted Crow|Brave Bird|p1a: Torkoal
|-damage|p1a: Torkoal|17/100
|-damage|p2a: Knighted Crow|73/100|[from] Recoil
|
|-weather|SunnyDay|[upkeep]
|-heal|p2a: Knighted Crow|79/100|[from] item: Leftovers
|upkeep
|turn|24
|
|t:|1757904433
|move|p2a: Knighted Crow|Brave Bird|p1a: Torkoal
|-damage|p1a: Torkoal|0 fnt
|faint|p1a: Torkoal
|-damage|p2a: Knighted Crow|74/100|[from] Recoil
|
|-weather|SunnyDay|[upkeep]
|-heal|p2a: Knighted Crow|80/100|[from] item: Leftovers
|upkeep
|
|t:|1757904436
|switch|p1a: Great Tusk|Great Tusk, tera:Ghost|23/100
|-activate|p1a: Great Tusk|ability: Protosynthesis
|-start|p1a: Great Tusk|protosynthesisspe
|turn|25
|-message|kkaytee forfeited.
|
|win|Mad.Haven
|raw|kkaytee's rating: 1353 &rarr; <strong>1331</strong><br />(-22 for losing)
|raw|Mad.Haven's rating: 1322 &rarr; <strong>1344</strong><br />(+22 for winning)
|l|☆kkaytee
|player|p1|
|l|☆Mad.Haven
|player|p2|
