|j|☆thekairou
|j|☆supraxd
|t:|1757873195
|gametype|singles
|player|p1|thekairou|silver|1217
|player|p2|supraxd|steven|1191
|gen|9
|tier|[Gen 9] OU
|rated|
|rule|HP Percentage Mod: HP is shown in percentages
|rule|Endless Battle Clause: Forcing endless battles is banned
|rule|Species Clause: Limit one of each Pokémon
|rule|OHKO Clause: OHKO moves are banned
|rule|Evasion Items Clause: Evasion items are banned
|rule|Evasion Moves Clause: Evasion moves are banned
|rule|Evasion Abilities Clause: Evasion abilities are banned
|rule|Sleep Moves Clause: Sleep-inducing moves are banned
|clearpoke
|poke|p1|Raging Bolt|
|poke|p1|Kingambit, F|
|poke|p1|Great Tusk|
|poke|p1|Garganacl, F|
|poke|p1|Thundurus, M|
|poke|p1|Iron Valiant|
|poke|p2|Hydrapple, F|
|poke|p2|Vivillon-Pokeball, F|
|poke|p2|Komala, M|
|poke|p2|Swalot, M|
|poke|p2|Blaziken, F|
|poke|p2|Landorus-Therian, M|
|teampreview
|inactive|Battle timer is ON: inactive players will automatically lose when time's up. (requested by thekairou)
|
|t:|1757873223
|teamsize|p1|6
|teamsize|p2|6
|start
|switch|p1a: Smoker|Thundurus, M|100/100
|switch|p2a: Pierre|Swalot, M|100/100
|turn|1
|
|t:|1757873227
|move|p1a: Smoker|Taunt|p2a: Pierre
|-start|p2a: Pierre|move: Taunt
|cant|p2a: Pierre|move: Taunt|Stuff Cheeks
|
|upkeep
|turn|2
|
|t:|1757873231
|switch|p1a: Garganacl|Garganacl, F, shiny|100/100
|switch|p2a: Airdirt|Landorus-Therian, M|100/100
|-ability|p2a: Airdirt|Intimidate|boost
|-unboost|p1a: Garganacl|atk|1
|
|upkeep
|turn|3
|
|t:|1757873234
|move|p2a: Airdirt|Taunt|p1a: Garganacl
|-start|p1a: Garganacl|move: Taunt
|move|p1a: Garganacl|Salt Cure|p2a: Airdirt
|-damage|p2a: Airdirt|91/100
|-start|p2a: Airdirt|Salt Cure
|
|-damage|p2a: Airdirt|79/100|[from] Salt Cure
|upkeep
|turn|4
|
|t:|1757873239
|move|p2a: Airdirt|U-turn|p1a: Garganacl
|-damage|p1a: Garganacl|91/100
|
|t:|1757873243
|switch|p2a: Pierre|Swalot, M|100/100|[from] U-turn
|move|p1a: Garganacl|Salt Cure|p2a: Pierre
|-damage|p2a: Pierre|92/100
|-start|p2a: Pierre|Salt Cure
|
|-heal|p1a: Garganacl|97/100|[from] item: Leftovers
|-damage|p2a: Pierre|80/100|[from] Salt Cure
|upkeep
|turn|5
|
|t:|1757873253
|switch|p1a: Great Tusk|Great Tusk|100/100
|move|p2a: Pierre|Stuff Cheeks|p2a: Pierre
|-boost|p2a: Pierre|def|2
|-enditem|p2a: Pierre|Starf Berry|[eat]
|-boost|p2a: Pierre|atk|2|[from] item: Starf Berry
|
|-damage|p2a: Pierre|68/100|[from] Salt Cure
|upkeep
|turn|6
|
|t:|1757873264
|-terastallize|p2a: Pierre|Dark
|move|p1a: Great Tusk|Earthquake|p2a: Pierre
|-damage|p2a: Pierre|49/100
|move|p2a: Pierre|Thief|p1a: Great Tusk
|-resisted|p1a: Great Tusk
|-damage|p1a: Great Tusk|92/100
|-enditem|p1a: Great Tusk|Heavy-Duty Boots|[silent]|[from] move: Thief|[of] p2a: Pierre
|-item|p2a: Pierre|Heavy-Duty Boots|[from] move: Thief|[of] p1a: Great Tusk
|
|-damage|p2a: Pierre|36/100|[from] Salt Cure
|upkeep
|turn|7
|
|t:|1757873274
|move|p1a: Great Tusk|Stealth Rock|p2a: Pierre
|-sidestart|p2: supraxd|move: Stealth Rock
|move|p2a: Pierre|Belch|p1a: Great Tusk
|-resisted|p1a: Great Tusk
|-damage|p1a: Great Tusk|71/100
|
|-damage|p2a: Pierre|24/100|[from] Salt Cure
|upkeep
|turn|8
|
|t:|1757873280
|-end|p1a: Great Tusk|Protosynthesis|[silent]
|switch|p1a: Iron Valiant|Iron Valiant|100/100
|-enditem|p1a: Iron Valiant|Booster Energy
|-activate|p1a: Iron Valiant|ability: Quark Drive|[fromitem]
|-start|p1a: Iron Valiant|quarkdrivespe
|move|p2a: Pierre|Body Press|p1a: Iron Valiant
|-resisted|p1a: Iron Valiant
|-damage|p1a: Iron Valiant|73/100
|
|-damage|p2a: Pierre|12/100|[from] Salt Cure
|upkeep
|turn|9
|
|t:|1757873283
|move|p1a: Iron Valiant|Close Combat|p2a: Pierre
|-supereffective|p2a: Pierre
|-damage|p2a: Pierre|0 fnt
|-unboost|p1a: Iron Valiant|def|1
|-unboost|p1a: Iron Valiant|spd|1
|faint|p2a: Pierre
|
|upkeep
|
|t:|1757873287
|switch|p2a: Komala|Komala, M|100/100
|-damage|p2a: Komala|88/100|[from] Stealth Rock
|-ability|p2a: Komala|Comatose
|turn|10
|
|t:|1757873290
|switch|p2a: Airdirt|Landorus-Therian, M|79/100
|-damage|p2a: Airdirt|66/100|[from] Stealth Rock
|-ability|p2a: Airdirt|Intimidate|boost
|-unboost|p1a: Iron Valiant|atk|1
|move|p1a: Iron Valiant|Close Combat|p2a: Airdirt
|-resisted|p2a: Airdirt
|-damage|p2a: Airdirt|50/100
|-unboost|p1a: Iron Valiant|def|1
|-unboost|p1a: Iron Valiant|spd|1
|-damage|p1a: Iron Valiant|57/100|[from] item: Rocky Helmet|[of] p2a: Airdirt
|
|upkeep
|turn|11
|
|t:|1757873292
|move|p1a: Iron Valiant|Moonblast|p2a: Airdirt
|-damage|p2a: Airdirt|0 fnt
|faint|p2a: Airdirt
|
|upkeep
|
|t:|1757873297
|switch|p2a: Komala|Komala, M|88/100
|-damage|p2a: Komala|76/100|[from] Stealth Rock
|-ability|p2a: Komala|Comatose
|turn|12
|
|t:|1757873299
|move|p1a: Iron Valiant|Close Combat|p2a: Komala
|-supereffective|p2a: Komala
|-damage|p2a: Komala|0 fnt
|-unboost|p1a: Iron Valiant|def|1
|-unboost|p1a: Iron Valiant|spd|1
|faint|p2a: Komala
|
|upkeep
|
|t:|1757873310
|switch|p2a: Demon|Vivillon-Pokeball, F|100/100
|-damage|p2a: Demon|51/100|[from] Stealth Rock
|turn|13
|
|t:|1757873316
|move|p1a: Iron Valiant|Destiny Bond|p1a: Iron Valiant
|-singlemove|p1a: Iron Valiant|Destiny Bond
|move|p2a: Demon|Quiver Dance|p2a: Demon
|-boost|p2a: Demon|spa|1
|-boost|p2a: Demon|spd|1
|-boost|p2a: Demon|spe|1
|
|upkeep
|turn|14
|
|t:|1757873321
|move|p1a: Iron Valiant|Moonblast|p2a: Demon
|-damage|p2a: Demon|0 fnt
|faint|p2a: Demon
|
|upkeep
|-message|supraxd forfeited.
|
|win|thekairou
|raw|thekairou's rating: 1217 &rarr; <strong>1240</strong><br />(+23 for winning)
|raw|supraxd's rating: 1191 &rarr; <strong>1168</strong><br />(-23 for losing)
|l|☆supraxd
|player|p2|
|l|☆thekairou
|player|p1|
