|j|☆that one doujin
|j|☆K4R0007_0
|t:|1757960083
|gametype|singles
|player|p1|that one doujin|miku-fairy|1114
|player|p2|K4R0007_0|colress|1153
|gen|9
|tier|[Gen 9] OU
|rated|
|rule|HP Percentage Mod: HP is shown in percentages
|rule|Endless Battle Clause: Forcing endless battles is banned
|rule|Species Clause: Limit one of each Pokémon
|rule|OHKO Clause: OHKO moves are banned
|rule|Evasion Items Clause: Evasion items are banned
|rule|Evasion Moves Clause: Evasion moves are banned
|rule|Evasion Abilities Clause: Evasion abilities are banned
|rule|Sleep Moves Clause: Sleep-inducing moves are banned
|clearpoke
|poke|p1|Serperior, F|
|poke|p1|Sawsbuck, F|
|poke|p1|Alomomola, F|
|poke|p1|Reuniclus, F|
|poke|p1|Mandibuzz, F|
|poke|p1|Braviary, M|
|poke|p2|Dragapult, M|
|poke|p2|Dragonite, F|
|poke|p2|Metagross|
|poke|p2|Garchomp, F|
|poke|p2|Salamence, M|
|poke|p2|Goodra-Hisui, M|
|teampreview
|
|t:|1757960090
|teamsize|p1|6
|teamsize|p2|6
|start
|switch|p1a: Reuniclus|Reuniclus, F|100/100
|switch|p2a: Garchomp|Garchomp, F|100/100
|turn|1
|
|t:|1757960100
|move|p2a: Garchomp|Swords Dance|p2a: Garchomp
|-boost|p2a: Garchomp|atk|2
|move|p1a: Reuniclus|Reflect|p1a: Reuniclus
|-sidestart|p1: that one doujin|Reflect
|
|upkeep
|turn|2
|
|t:|1757960107
|move|p2a: Garchomp|Swords Dance|p2a: Garchomp
|-boost|p2a: Garchomp|atk|2
|move|p1a: Reuniclus|Light Screen|p1a: Reuniclus
|-sidestart|p1: that one doujin|move: Light Screen
|
|upkeep
|turn|3
|
|t:|1757960118
|move|p2a: Garchomp|Swords Dance|p2a: Garchomp
|-boost|p2a: Garchomp|atk|2
|move|p1a: Reuniclus|Psyshock|p2a: Garchomp
|-damage|p2a: Garchomp|59/100
|
|-heal|p2a: Garchomp|65/100|[from] item: Leftovers
|upkeep
|turn|4
|
|t:|1757960129
|move|p2a: Garchomp|Scale Shot|p1a: Reuniclus
|-damage|p1a: Reuniclus|70/100
|-damage|p1a: Reuniclus|40/100
|-damage|p1a: Reuniclus|9/100
|-hitcount|p1a: Reuniclus|3
|-unboost|p2a: Garchomp|def|1
|-boost|p2a: Garchomp|spe|1
|move|p1a: Reuniclus|Psyshock|p2a: Garchomp
|-damage|p2a: Garchomp|3/100
|
|-heal|p2a: Garchomp|9/100|[from] item: Leftovers
|upkeep
|turn|5
|
|t:|1757960143
|move|p2a: Garchomp|Scale Shot|p1a: Reuniclus
|-damage|p1a: Reuniclus|0 fnt
|faint|p1a: Reuniclus
|-hitcount|p1: Reuniclus|1
|-unboost|p2a: Garchomp|def|1
|-boost|p2a: Garchomp|spe|1
|
|-heal|p2a: Garchomp|16/100|[from] item: Leftovers
|upkeep
|
|t:|1757960152
|switch|p1a: Alomomola|Alomomola, F|100/100
|turn|6
|
|t:|1757960160
|move|p1a: Alomomola|Aqua Jet|p2a: Garchomp
|-damage|p2a: Garchomp|0 fnt
|-damage|p1a: Alomomola|88/100|[from] ability: Rough Skin|[of] p2a: Garchomp
|faint|p2a: Garchomp
|
|-heal|p1a: Alomomola|94/100|[from] item: Leftovers
|upkeep
|
|t:|1757960169
|switch|p2a: Dragapult|Dragapult, M|100/100
|turn|7
|
|t:|1757960178
|move|p2a: Dragapult|Thunderbolt|p1a: Alomomola
|-supereffective|p1a: Alomomola
|-damage|p1a: Alomomola|44/100
|move|p1a: Alomomola|Aqua Ring|p1a: Alomomola
|-start|p1a: Alomomola|Aqua Ring
|
|-heal|p1a: Alomomola|50/100|[from] item: Leftovers
|-heal|p1a: Alomomola|56/100|[from] Aqua Ring
|upkeep
|turn|8
|
|t:|1757960187
|move|p2a: Dragapult|Thunderbolt|p1a: Alomomola
|-supereffective|p1a: Alomomola
|-damage|p1a: Alomomola|10/100
|-status|p1a: Alomomola|par
|cant|p1a: Alomomola|par
|
|-heal|p1a: Alomomola|16/100 par|[from] item: Leftovers
|-heal|p1a: Alomomola|22/100 par|[from] Aqua Ring
|-sideend|p1: that one doujin|Reflect
|upkeep
|turn|9
|
|t:|1757960198
|cant|p1a: Alomomola|par
|move|p2a: Dragapult|Thunderbolt|p1a: Alomomola
|-supereffective|p1a: Alomomola
|-damage|p1a: Alomomola|0 fnt
|faint|p1a: Alomomola
|
|-sideend|p1: that one doujin|move: Light Screen
|upkeep
|
|t:|1757960210
|switch|p1a: Serperior|Serperior, F|100/100
|turn|10
|
|t:|1757960217
|switch|p2a: Goodra|Goodra-Hisui, M|100/100
|move|p1a: Serperior|Knock Off|p2a: Goodra
|-damage|p2a: Goodra|86/100
|-ability|p2a: Goodra|Gooey
|-boost|p1a: Serperior|spe|1
|-enditem|p2a: Goodra|Assault Vest|[from] move: Knock Off|[of] p1a: Serperior
|
|upkeep
|turn|11
|
|t:|1757960227
|move|p1a: Serperior|Leaf Storm|p2a: Goodra
|-resisted|p2a: Goodra
|-damage|p2a: Goodra|79/100
|-boost|p1a: Serperior|spa|2
|move|p2a: Goodra|Flamethrower|p1a: Serperior
|-supereffective|p1a: Serperior
|-damage|p1a: Serperior|51/100
|
|upkeep
|turn|12
|
|t:|1757960237
|move|p1a: Serperior|Leaf Storm|p2a: Goodra
|-resisted|p2a: Goodra
|-damage|p2a: Goodra|62/100
|-boost|p1a: Serperior|spa|2
|move|p2a: Goodra|Flamethrower|p1a: Serperior
|-supereffective|p1a: Serperior
|-crit|p1a: Serperior
|-damage|p1a: Serperior|0 fnt
|faint|p1a: Serperior
|
|upkeep
|
|t:|1757960252
|switch|p1a: Mandibuzz|Mandibuzz, F|100/100
|turn|13
|
|t:|1757960256
|move|p1a: Mandibuzz|Nasty Plot|p1a: Mandibuzz
|-boost|p1a: Mandibuzz|spa|2
|move|p2a: Goodra|Ice Beam|p1a: Mandibuzz
|-supereffective|p1a: Mandibuzz
|-damage|p1a: Mandibuzz|44/100
|-enditem|p1a: Mandibuzz|Red Card|[of] p2a: Goodra
|drag|p2a: Metagross|Metagross|100/100
|
|upkeep
|turn|14
|
|t:|1757960266
|move|p2a: Metagross|Agility|p2a: Metagross
|-boost|p2a: Metagross|spe|2
|move|p1a: Mandibuzz|Dark Pulse|p2a: Metagross
|-supereffective|p2a: Metagross
|-damage|p2a: Metagross|0 fnt
|faint|p2a: Metagross
|
|upkeep
|
|t:|1757960274
|switch|p2a: Goodra|Goodra-Hisui, M|62/100
|turn|15
|
|t:|1757960282
|move|p1a: Mandibuzz|Air Slash|p2a: Goodra
|-resisted|p2a: Goodra
|-damage|p2a: Goodra|46/100
|move|p2a: Goodra|Ice Beam|p1a: Mandibuzz
|-supereffective|p1a: Mandibuzz
|-damage|p1a: Mandibuzz|0 fnt
|faint|p1a: Mandibuzz
|
|upkeep
|
|t:|1757960292
|switch|p1a: Sawsbuck|Sawsbuck, F|100/100
|turn|16
|
|t:|1757960297
|move|p1a: Sawsbuck|Swords Dance|p1a: Sawsbuck
|-boost|p1a: Sawsbuck|atk|2
|move|p2a: Goodra|Ice Beam|p1a: Sawsbuck
|-supereffective|p1a: Sawsbuck
|-damage|p1a: Sawsbuck|10/100
|-status|p1a: Sawsbuck|frz
|
|upkeep
|turn|17
|
|t:|1757960305
|cant|p1a: Sawsbuck|frz
|move|p2a: Goodra|Ice Beam|p1a: Sawsbuck
|-supereffective|p1a: Sawsbuck
|-damage|p1a: Sawsbuck|0 fnt
|faint|p1a: Sawsbuck
|
|upkeep
|
|t:|1757960312
|switch|p1a: Braviary|Braviary, M|100/100
|turn|18
|
|t:|1757960320
|move|p1a: Braviary|Bulk Up|p1a: Braviary
|-boost|p1a: Braviary|atk|1
|-boost|p1a: Braviary|def|1
|move|p2a: Goodra|Ice Beam|p1a: Braviary
|-supereffective|p1a: Braviary
|-damage|p1a: Braviary|20/100
|
|upkeep
|turn|19
|
|t:|1757960336
|-terastallize|p1a: Braviary|Normal
|move|p1a: Braviary|Iron Head|p2a: Goodra
|-resisted|p2a: Goodra
|-damage|p2a: Goodra|28/100
|-ability|p2a: Goodra|Gooey
|-unboost|p1a: Braviary|spe|1
|-ability|p1a: Braviary|Defiant|boost
|-boost|p1a: Braviary|atk|2
|-heal|p1a: Braviary|22/100|[from] item: Shell Bell|[of] p2a: Goodra
|move|p2a: Goodra|Ice Beam|p1a: Braviary
|-damage|p1a: Braviary|0 fnt
|faint|p1a: Braviary
|
|win|K4R0007_0
|raw|that one doujin's rating: 1114 &rarr; <strong>1092</strong><br />(-22 for losing)
|raw|K4R0007_0's rating: 1153 &rarr; <strong>1175</strong><br />(+22 for winning)
|l|☆that one doujin
|player|p1|
