|j|☆darkmoonllll
|j|☆thefunbegins
|t:|1757871809
|gametype|singles
|player|p1|darkmoonllll|101|1206
|player|p2|thefunbegins|gentleman-gen4|1175
|gen|9
|tier|[Gen 9] OU
|rated|
|rule|HP Percentage Mod: HP is shown in percentages
|rule|Endless Battle Clause: Forcing endless battles is banned
|rule|Species Clause: Limit one of each Pokémon
|rule|OHKO Clause: OHKO moves are banned
|rule|Evasion Items Clause: Evasion items are banned
|rule|Evasion Moves Clause: Evasion moves are banned
|rule|Evasion Abilities Clause: Evasion abilities are banned
|rule|Sleep Moves Clause: Sleep-inducing moves are banned
|clearpoke
|poke|p1|Moltres|
|poke|p1|Clodsire, F|
|poke|p1|Weezing-Galar, F|
|poke|p1|Dragapult, M|
|poke|p1|Samurott-Hisui, M|
|poke|p1|Cinderace, F|
|poke|p2|Yanmega, M|
|poke|p2|Lycanroc-Dusk, F|
|poke|p2|Donphan, F|
|poke|p2|Politoed, M|
|poke|p2|Basculegion, M|
|poke|p2|Avalugg-Hisui, F|
|teampreview
|
|t:|1757871819
|teamsize|p1|6
|teamsize|p2|6
|start
|switch|p1a: Samurott|Samurott-Hisui, M|100/100
|switch|p2a: Lycanroc|Lycanroc-Dusk, F|100/100
|turn|1
|
|t:|1757871826
|move|p1a: Samurott|Flip Turn|p2a: Lycanroc
|-supereffective|p2a: Lycanroc
|-damage|p2a: Lycanroc|3/100
|
|t:|1757871832
|switch|p1a: Clodsire|Clodsire, F|100/100|[from] Flip Turn
|move|p2a: Lycanroc|Close Combat|p1a: Clodsire
|-resisted|p1a: Clodsire
|-damage|p1a: Clodsire|74/100
|-unboost|p2a: Lycanroc|def|1
|-unboost|p2a: Lycanroc|spd|1
|
|upkeep
|turn|2
|
|t:|1757871844
|move|p2a: Lycanroc|Endeavor|p1a: Clodsire
|-damage|p1a: Clodsire|2/100
|move|p1a: Clodsire|Earthquake|p2a: Lycanroc
|-supereffective|p2a: Lycanroc
|-damage|p2a: Lycanroc|0 fnt
|faint|p2a: Lycanroc
|
|upkeep
|
|t:|1757871853
|switch|p2a: Yanmega|Yanmega, M|100/100
|turn|3
|
|t:|1757871870
|move|p2a: Yanmega|Giga Drain|p1a: Clodsire
|-damage|p1a: Clodsire|0 fnt
|faint|p1a: Clodsire
|
|-ability|p2a: Yanmega|Speed Boost|boost
|-boost|p2a: Yanmega|spe|1
|upkeep
|
|t:|1757871872
|switch|p1a: Moltres|Moltres|100/100
|turn|4
|
|t:|1757871881
|switch|p2a: Politoed|Politoed, M|100/100
|-weather|RainDance|[from] ability: Drizzle|[of] p2a: Politoed
|move|p1a: Moltres|Hurricane|p2a: Politoed
|-damage|p2a: Politoed|61/100
|
|-weather|RainDance|[upkeep]
|upkeep
|turn|5
|
|t:|1757871895
|switch|p1a: Samurott|Samurott-Hisui, M|100/100
|move|p2a: Politoed|Weather Ball|p1a: Samurott
|-resisted|p1a: Samurott
|-damage|p1a: Samurott|48/100
|
|-weather|RainDance|[upkeep]
|upkeep
|turn|6
|
|t:|1757871903
|move|p1a: Samurott|Ceaseless Edge|p2a: Politoed
|-damage|p2a: Politoed|9/100
|-sidestart|p2: thefunbegins|Spikes
|move|p2a: Politoed|Weather Ball|p1a: Samurott
|-resisted|p1a: Samurott
|-damage|p1a: Samurott|0 fnt
|faint|p1a: Samurott
|
|-weather|RainDance|[upkeep]
|upkeep
|
|t:|1757871908
|switch|p1a: Cinderace|Cinderace, F|100/100
|turn|7
|
|t:|1757871914
|move|p1a: Cinderace|U-turn|p2a: Politoed
|-start|p1a: Cinderace|typechange|Bug|[from] ability: Libero
|-damage|p2a: Politoed|0 fnt
|faint|p2a: Politoed
|
|t:|1757871926
|switch|p1a: Weezing|Weezing-Galar, F|100/100|[from] U-turn
|-ability|p1a: Weezing|Neutralizing Gas
|
|-weather|RainDance|[upkeep]
|upkeep
|inactive|Battle timer is ON: inactive players will automatically lose when time's up. (requested by darkmoonllll)
|
|t:|1757871933
|switch|p2a: Donphan|Donphan, F|100/100
|-damage|p2a: Donphan|88/100|[from] Spikes
|turn|8
|
|t:|1757871941
|-terastallize|p1a: Weezing|Ghost
|move|p1a: Weezing|Will-O-Wisp|p2a: Donphan
|-status|p2a: Donphan|brn
|move|p2a: Donphan|Rapid Spin|p1a: Weezing
|-immune|p1a: Weezing
|
|-weather|RainDance|[upkeep]
|-damage|p2a: Donphan|82/100 brn|[from] brn
|upkeep
|turn|9
|
|t:|1757871953
|move|p1a: Weezing|Strange Steam|p2a: Donphan|[miss]
|-miss|p1a: Weezing|p2a: Donphan
|move|p2a: Donphan|Knock Off|p1a: Weezing
|-supereffective|p1a: Weezing
|-damage|p1a: Weezing|76/100
|-enditem|p1a: Weezing|Heavy-Duty Boots|[from] move: Knock Off|[of] p2a: Donphan
|
|-weather|RainDance|[upkeep]
|-damage|p2a: Donphan|76/100 brn|[from] brn
|upkeep
|turn|10
|
|t:|1757871966
|switch|p2a: Basculegion|Basculegion, M|100/100
|-damage|p2a: Basculegion|88/100|[from] Spikes
|move|p1a: Weezing|Strange Steam|p2a: Basculegion
|-damage|p2a: Basculegion|56/100
|
|-weather|RainDance|[upkeep]
|upkeep
|turn|11
|l|☆thefunbegins
|inactive|thefunbegins disconnected and has a minute to reconnect!
|player|p2|
|j|☆thefunbegins
|inactive|thefunbegins reconnected and has 125 seconds left.
|player|p2|thefunbegins|gentleman-gen4|
|inactive|thefunbegins has 120 seconds left.
|
|t:|1757871996
|-terastallize|p2a: Basculegion|Dragon
|move|p2a: Basculegion|Scale Shot|p1a: Weezing
|-damage|p1a: Weezing|66/100
|-damage|p1a: Weezing|57/100
|-damage|p1a: Weezing|49/100
|-damage|p1a: Weezing|41/100
|-hitcount|p1a: Weezing|4
|-unboost|p2a: Basculegion|def|1
|-boost|p2a: Basculegion|spe|1
|move|p1a: Weezing|Will-O-Wisp|p2a: Basculegion
|-status|p2a: Basculegion|brn
|
|-weather|none
|-damage|p2a: Basculegion|50/100 brn|[from] brn
|upkeep
|turn|12
|inactive|thefunbegins has 120 seconds left.
|
|t:|1757872025
|move|p2a: Basculegion|Wave Crash|p1a: Weezing
|-damage|p1a: Weezing|21/100
|-damage|p2a: Basculegion|44/100 brn|[from] Recoil
|move|p1a: Weezing|Pain Split|p2a: Basculegion
|-sethp|p2a: Basculegion|31/100 brn|[from] move: Pain Split|[silent]
|-sethp|p1a: Weezing|36/100|[from] move: Pain Split
|
|-damage|p2a: Basculegion|25/100 brn|[from] brn
|upkeep
|turn|13
|inactive|thefunbegins has 120 seconds left.
|inactive|darkmoonllll has 120 seconds left.
|
|t:|1757872042
|-end|p1a: Weezing|ability: Neutralizing Gas
|switch|p1a: Moltres|Moltres|100/100
|move|p2a: Basculegion|Wave Crash|p1a: Moltres
|-supereffective|p1a: Moltres
|-damage|p1a: Moltres|61/100
|-damage|p2a: Basculegion|12/100 brn|[from] Recoil
|
|-damage|p2a: Basculegion|6/100 brn|[from] brn
|upkeep
|turn|14
|
|t:|1757872048
|move|p2a: Basculegion|Wave Crash|p1a: Moltres
|-supereffective|p1a: Moltres
|-damage|p1a: Moltres|21/100
|-damage|p2a: Basculegion|0 fnt|[from] Recoil
|faint|p2a: Basculegion
|move|p1a: Moltres|Roost|p1a: Moltres
|-heal|p1a: Moltres|71/100
|-singleturn|p1a: Moltres|move: Roost
|
|upkeep
|inactive|thefunbegins has 120 seconds left.
|
|t:|1757872053
|switch|p2a: Donphan|Donphan, F|76/100 brn
|-damage|p2a: Donphan|63/100 brn|[from] Spikes
|turn|15
|
|t:|1757872060
|switch|p1a: Weezing|Weezing-Galar, F, tera:Ghost|36/100
|-ability|p1a: Weezing|Neutralizing Gas
|move|p2a: Donphan|Rapid Spin|p1a: Weezing
|-immune|p1a: Weezing
|
|-damage|p2a: Donphan|57/100 brn|[from] brn
|upkeep
|turn|16
|
|t:|1757872065
|move|p1a: Weezing|Defog|p2a: Donphan
|-unboost|p2a: Donphan|evasion|1
|-sideend|p2: thefunbegins|Spikes|[from] move: Defog|[of] p1a: Weezing
|move|p2a: Donphan|Knock Off|p1a: Weezing
|-supereffective|p1a: Weezing
|-damage|p1a: Weezing|19/100
|
|-damage|p2a: Donphan|51/100 brn|[from] brn
|upkeep
|turn|17
|
|t:|1757872068
|move|p1a: Weezing|Pain Split|p2a: Donphan
|-sethp|p2a: Donphan|35/100 brn|[from] move: Pain Split|[silent]
|-sethp|p1a: Weezing|34/100|[from] move: Pain Split
|move|p2a: Donphan|Knock Off|p1a: Weezing
|-supereffective|p1a: Weezing
|-damage|p1a: Weezing|19/100
|
|-damage|p2a: Donphan|29/100 brn|[from] brn
|upkeep
|turn|18
|
|t:|1757872073
|move|p1a: Weezing|Pain Split|p2a: Donphan
|-sethp|p2a: Donphan|24/100 brn|[from] move: Pain Split|[silent]
|-sethp|p1a: Weezing|24/100|[from] move: Pain Split
|move|p2a: Donphan|Knock Off|p1a: Weezing
|-supereffective|p1a: Weezing
|-damage|p1a: Weezing|6/100
|
|-damage|p2a: Donphan|18/100 brn|[from] brn
|upkeep
|turn|19
|
|t:|1757872080
|move|p1a: Weezing|Strange Steam|p2a: Donphan
|-damage|p2a: Donphan|0 fnt
|faint|p2a: Donphan
|
|upkeep
|
|t:|1757872083
|switch|p2a: Yanmega|Yanmega, M|100/100
|turn|20
|
|t:|1757872095
|-end|p1a: Weezing|ability: Neutralizing Gas
|switch|p1a: Dragapult|Dragapult, M|100/100
|move|p2a: Yanmega|Psychic Noise|p1a: Dragapult
|-damage|p1a: Dragapult|58/100
|-start|p1a: Dragapult|move: Heal Block
|-enditem|p2a: Yanmega|Throat Spray
|-boost|p2a: Yanmega|spa|1|[from] item: Throat Spray
|
|-ability|p2a: Yanmega|Speed Boost|boost
|-boost|p2a: Yanmega|spe|1
|upkeep
|turn|21
|
|t:|1757872105
|move|p2a: Yanmega|Psychic Noise|p1a: Dragapult
|-damage|p1a: Dragapult|0 fnt
|faint|p1a: Dragapult
|
|-ability|p2a: Yanmega|Speed Boost|boost
|-boost|p2a: Yanmega|spe|1
|upkeep
|
|t:|1757872109
|switch|p1a: Cinderace|Cinderace, F|100/100
|turn|22
|
|t:|1757872114
|move|p2a: Yanmega|Protect|p2a: Yanmega
|-singleturn|p2a: Yanmega|Protect
|move|p1a: Cinderace|Sucker Punch||[still]
|-fail|p1a: Cinderace
|
|-ability|p2a: Yanmega|Speed Boost|boost
|-boost|p2a: Yanmega|spe|1
|upkeep
|turn|23
|
|t:|1757872121
|move|p1a: Cinderace|Sucker Punch|p2a: Yanmega
|-start|p1a: Cinderace|typechange|Dark|[from] ability: Libero
|-damage|p2a: Yanmega|55/100
|move|p2a: Yanmega|Psychic Noise|p1a: Cinderace
|-immune|p1a: Cinderace
|
|-ability|p2a: Yanmega|Speed Boost|boost
|-boost|p2a: Yanmega|spe|1
|upkeep
|turn|24
|
|t:|1757872132
|move|p2a: Yanmega|Bug Buzz|p1a: Cinderace
|-supereffective|p1a: Cinderace
|-damage|p1a: Cinderace|0 fnt
|faint|p1a: Cinderace
|
|-ability|p2a: Yanmega|Speed Boost|boost
|-boost|p2a: Yanmega|spe|1
|upkeep
|
|t:|1757872135
|switch|p1a: Moltres|Moltres|71/100
|turn|25
|
|t:|1757872140
|move|p2a: Yanmega|Psychic Noise|p1a: Moltres
|-damage|p1a: Moltres|32/100
|-start|p1a: Moltres|move: Heal Block
|move|p1a: Moltres|Flamethrower|p2a: Yanmega
|-supereffective|p2a: Yanmega
|-damage|p2a: Yanmega|0 fnt
|faint|p2a: Yanmega
|
|upkeep
|
|t:|1757872148
|switch|p2a: Avalugg|Avalugg-Hisui, F|100/100
|turn|26
|
|t:|1757872156
|move|p1a: Moltres|Flamethrower|p2a: Avalugg
|-crit|p2a: Avalugg
|-ability|p2a: Avalugg|Sturdy
|-damage|p2a: Avalugg|1/100
|move|p2a: Avalugg|Stealth Rock|p1a: Moltres
|-sidestart|p1: darkmoonllll|move: Stealth Rock
|
|-end|p1a: Moltres|move: Heal Block
|upkeep
|turn|27
|-enditem|p2a: Avalugg|Custap Berry|[eat]
|-activate|p2a: Avalugg|item: Custap Berry|[consumed]
|
|t:|1757872164
|move|p2a: Avalugg|Mountain Gale|p1a: Moltres
|-damage|p1a: Moltres|0 fnt
|faint|p1a: Moltres
|
|upkeep
|
|t:|1757872167
|switch|p1a: Weezing|Weezing-Galar, F, tera:Ghost|6/100
|-ability|p1a: Weezing|Neutralizing Gas
|-damage|p1a: Weezing|0 fnt|[from] Stealth Rock
|faint|p1a: Weezing
|-end|p1a: Weezing|ability: Neutralizing Gas
|
|win|thefunbegins
|raw|darkmoonllll's rating: 1206 &rarr; <strong>1179</strong><br />(-27 for losing)
|raw|thefunbegins's rating: 1175 &rarr; <strong>1202</strong><br />(+27 for winning)
|l|☆darkmoonllll
|player|p1|
|l|☆thefunbegins
|player|p2|
|j|☆thefunbegins
|player|p2|thefunbegins|gentleman-gen4|
