|j|☆UnexpectdSets
|j|☆darkosblack
|t:|1757815631
|gametype|singles
|player|p1|UnexpectdSets|102|1356
|player|p2|darkosblack|1|1341
|gen|9
|tier|[Gen 9] OU
|rated|
|rule|HP Percentage Mod: HP is shown in percentages
|rule|Endless Battle Clause: Forcing endless battles is banned
|rule|Species Clause: Limit one of each Pokémon
|rule|OHKO Clause: OHKO moves are banned
|rule|Evasion Items Clause: Evasion items are banned
|rule|Evasion Moves Clause: Evasion moves are banned
|rule|Evasion Abilities Clause: Evasion abilities are banned
|rule|Sleep Moves Clause: Sleep-inducing moves are banned
|clearpoke
|poke|p1|Fezandipiti, M|
|poke|p1|Lokix, M|
|poke|p1|Tsareena, F|
|poke|p1|Scizor, F|
|poke|p1|Flamigo, M|
|poke|p1|Skeledirge, M|
|poke|p2|Slowking-Galar, F|
|poke|p2|Landorus-Therian, M|
|poke|p2|Kyurem|
|poke|p2|Iron Valiant|
|poke|p2|Cinderace, F|
|poke|p2|Kingambit, F|
|teampreview
|inactive|Battle timer is ON: inactive players will automatically lose when time's up. (requested by UnexpectdSets)
|
|t:|1757815654
|teamsize|p1|6
|teamsize|p2|6
|start
|switch|p1a: Lokix|Lokix, M|100/100
|switch|p2a: Cinderace|Cinderace, F|100/100
|turn|1
|
|t:|1757815677
|switch|p1a: Skeledirge|Skeledirge, M|100/100
|move|p2a: Cinderace|U-turn|p1a: Skeledirge
|-start|p2a: Cinderace|typechange|Bug|[from] ability: Libero
|-resisted|p1a: Skeledirge
|-damage|p1a: Skeledirge|93/100
|
|t:|1757815684
|switch|p2a: Landorus|Landorus-Therian, M|100/100|[from] U-turn
|-ability|p2a: Landorus|Intimidate|boost
|-unboost|p1a: Skeledirge|atk|1
|
|upkeep
|turn|2
|
|t:|1757815693
|switch|p1a: Fezandipiti|Fezandipiti, M|100/100
|-item|p1a: Fezandipiti|Air Balloon
|move|p2a: Landorus|Stealth Rock|p1a: Fezandipiti
|-sidestart|p1: UnexpectdSets|move: Stealth Rock
|
|upkeep
|turn|3
|
|t:|1757815710
|switch|p2a: Kingambit|Kingambit, F|100/100
|move|p1a: Fezandipiti|Beat Up|p2a: Kingambit
|-resisted|p2a: Kingambit
|-damage|p2a: Kingambit|99/100
|-resisted|p2a: Kingambit
|-damage|p2a: Kingambit|98/100
|-resisted|p2a: Kingambit
|-damage|p2a: Kingambit|97/100
|-resisted|p2a: Kingambit
|-damage|p2a: Kingambit|96/100
|-resisted|p2a: Kingambit
|-damage|p2a: Kingambit|95/100
|-resisted|p2a: Kingambit
|-damage|p2a: Kingambit|94/100
|-hitcount|p2a: Kingambit|6
|
|-heal|p2a: Kingambit|99/100|[from] item: Leftovers
|upkeep
|turn|4
|
|t:|1757815730
|-terastallize|p1a: Fezandipiti|Electric
|move|p1a: Fezandipiti|Nasty Plot|p1a: Fezandipiti
|-boost|p1a: Fezandipiti|spa|2
|move|p2a: Kingambit|Kowtow Cleave|p1a: Fezandipiti
|-damage|p1a: Fezandipiti|50/100
|-enditem|p1a: Fezandipiti|Air Balloon
|
|-heal|p2a: Kingambit|100/100|[from] item: Leftovers
|upkeep
|turn|5
|
|t:|1757815742
|move|p1a: Fezandipiti|Heat Wave|p2a: Kingambit
|-supereffective|p2a: Kingambit
|-damage|p2a: Kingambit|40/100
|move|p2a: Kingambit|Swords Dance|p2a: Kingambit
|-boost|p2a: Kingambit|atk|2
|
|-heal|p2a: Kingambit|47/100|[from] item: Leftovers
|upkeep
|turn|6
|
|t:|1757815761
|move|p2a: Kingambit|Sucker Punch|p1a: Fezandipiti
|-damage|p1a: Fezandipiti|0 fnt
|faint|p1a: Fezandipiti
|
|-heal|p2a: Kingambit|53/100|[from] item: Leftovers
|upkeep
|
|t:|1757815763
|switch|p1a: Flamigo|Flamigo, M|100/100
|-damage|p1a: Flamigo|88/100|[from] Stealth Rock
|turn|7
|
|t:|1757815786
|-end|p2a: Kingambit|fallenundefined|[silent]
|switch|p2a: Landorus|Landorus-Therian, M|100/100
|-ability|p2a: Landorus|Intimidate|boost
|-fail|p1a: Flamigo|unboost|Attack|[from] ability: Scrappy|[of] p1a: Flamigo
|move|p1a: Flamigo|Upper Hand||[still]
|-fail|p1a: Flamigo
|
|upkeep
|turn|8
|-message|UnexpectdSets forfeited.
|
|win|darkosblack
|raw|UnexpectdSets's rating: 1356 &rarr; <strong>1335</strong><br />(-21 for losing)
|raw|darkosblack's rating: 1341 &rarr; <strong>1362</strong><br />(+21 for winning)
|l|☆UnexpectdSets
|player|p1|
|l|☆darkosblack
|player|p2|
