|j|☆Rhyenn
|j|☆zaywilder
|t:|1757912371
|gametype|singles
|player|p1|Rhyenn|infielder|1132
|player|p2|zaywilder|1|1153
|gen|9
|tier|[Gen 9] OU
|rated|
|rule|HP Percentage Mod: HP is shown in percentages
|rule|Endless Battle Clause: Forcing endless battles is banned
|rule|Species Clause: Limit one of each Pokémon
|rule|OHKO Clause: OHKO moves are banned
|rule|Evasion Items Clause: Evasion items are banned
|rule|Evasion Moves Clause: Evasion moves are banned
|rule|Evasion Abilities Clause: Evasion abilities are banned
|rule|Sleep Moves Clause: Sleep-inducing moves are banned
|clearpoke
|poke|p1|Zamazenta-*|
|poke|p1|Hoopa-Unbound|
|poke|p1|Iron Moth|
|poke|p1|Kingambit, M|
|poke|p1|Hatterene, F|
|poke|p1|Landorus-Therian, M|
|poke|p2|Iron Valiant|
|poke|p2|Ogerpon-Wellspring, F|
|poke|p2|Garganacl, F|
|poke|p2|Iron Moth|
|poke|p2|Darkrai|
|poke|p2|Great Tusk|
|teampreview
|inactive|Battle timer is ON: inactive players will automatically lose when time's up. (requested by zaywilder)
|
|t:|1757912382
|teamsize|p1|6
|teamsize|p2|6
|start
|switch|p1a: Garfield|Landorus-Therian, M, shiny|100/100
|switch|p2a: Garganacl|Garganacl, F, shiny|100/100
|-ability|p1a: Garfield|Intimidate|boost
|-unboost|p2a: Garganacl|atk|1
|turn|1
|
|t:|1757912394
|move|p1a: Garfield|Earthquake|p2a: Garganacl
|-supereffective|p2a: Garganacl
|-damage|p2a: Garganacl|23/100
|move|p2a: Garganacl|Stealth Rock|p1a: Garfield
|-sidestart|p1: Rhyenn|move: Stealth Rock
|
|-heal|p2a: Garganacl|29/100|[from] item: Leftovers
|upkeep
|turn|2
|
|t:|1757912407
|switch|p2a: Ogerpon|Ogerpon-Wellspring, F|100/100
|move|p1a: Garfield|Taunt|p2a: Ogerpon
|-start|p2a: Ogerpon|move: Taunt
|
|upkeep
|turn|3
|
|t:|1757912422
|switch|p1a: Show Gun|Kingambit, M, shiny|100/100
|-damage|p1a: Show Gun|94/100|[from] Stealth Rock
|move|p2a: Ogerpon|Ivy Cudgel|p1a: Show Gun|[anim] Ivy Cudgel Water
|-damage|p1a: Show Gun|52/100
|
|upkeep
|turn|4
|
|t:|1757912436
|move|p2a: Ogerpon|Play Rough|p1a: Show Gun
|-damage|p1a: Show Gun|25/100
|-damage|p2a: Ogerpon|84/100|[from] item: Rocky Helmet|[of] p1a: Show Gun
|move|p1a: Show Gun|Swords Dance|p1a: Show Gun
|-boost|p1a: Show Gun|atk|2
|
|-end|p2a: Ogerpon|move: Taunt
|upkeep
|turn|5
|
|t:|1757912446
|move|p1a: Show Gun|Sucker Punch|p2a: Ogerpon
|-damage|p2a: Ogerpon|0 fnt
|faint|p2a: Ogerpon
|
|upkeep
|
|t:|1757912451
|switch|p2a: Great Tusk|Great Tusk|100/100
|turn|6
|
|t:|1757912464
|-terastallize|p1a: Show Gun|Ghost
|move|p1a: Show Gun|Sucker Punch|p2a: Great Tusk
|-resisted|p2a: Great Tusk
|-damage|p2a: Great Tusk|74/100
|-damage|p1a: Show Gun|9/100|[from] item: Rocky Helmet|[of] p2a: Great Tusk
|move|p2a: Great Tusk|Headlong Rush|p1a: Show Gun
|-damage|p1a: Show Gun|0 fnt
|-unboost|p2a: Great Tusk|def|1
|-unboost|p2a: Great Tusk|spd|1
|-damage|p2a: Great Tusk|57/100|[from] item: Rocky Helmet|[of] p1a: Show Gun
|faint|p1a: Show Gun
|-end|p1a: Show Gun|fallenundefined|[silent]
|
|upkeep
|
|t:|1757912478
|switch|p1a: Garfield|Landorus-Therian, M, shiny|100/100
|-ability|p1a: Garfield|Intimidate|boost
|-unboost|p2a: Great Tusk|atk|1
|turn|7
|
|t:|1757912491
|switch|p1a: Pinky|Zamazenta, shiny|100/100
|-damage|p1a: Pinky|94/100|[from] Stealth Rock
|-ability|p1a: Pinky|Dauntless Shield|boost
|-boost|p1a: Pinky|def|1
|-end|p2a: Great Tusk|Protosynthesis|[silent]
|switch|p2a: Darkrai|Darkrai|100/100
|
|-heal|p1a: Pinky|100/100|[from] item: Leftovers
|upkeep
|turn|8
|
|t:|1757912503
|switch|p2a: Great Tusk|Great Tusk|57/100
|move|p1a: Pinky|Body Press|p2a: Great Tusk
|-damage|p2a: Great Tusk|29/100
|-damage|p1a: Pinky|84/100|[from] item: Rocky Helmet|[of] p2a: Great Tusk
|
|-heal|p1a: Pinky|90/100|[from] item: Leftovers
|upkeep
|turn|9
|
|t:|1757912518
|move|p1a: Pinky|Body Press|p2a: Great Tusk
|-damage|p2a: Great Tusk|0 fnt
|-damage|p1a: Pinky|74/100|[from] item: Rocky Helmet|[of] p2a: Great Tusk
|faint|p2a: Great Tusk
|-end|p2a: Great Tusk|Protosynthesis|[silent]
|
|-heal|p1a: Pinky|80/100|[from] item: Leftovers
|upkeep
|
|t:|1757912525
|switch|p2a: Iron Moth|Iron Moth, shiny|100/100
|turn|10
|
|t:|1757912535
|switch|p1a: Motthew|Iron Moth|100/100
|-damage|p1a: Motthew|76/100|[from] Stealth Rock
|-terastallize|p2a: Iron Moth|Fairy
|move|p2a: Iron Moth|Dazzling Gleam|p1a: Motthew
|-resisted|p1a: Motthew
|-damage|p1a: Motthew|68/100
|
|upkeep
|turn|11
|
|t:|1757912546
|move|p1a: Motthew|Flamethrower|p2a: Iron Moth
|-damage|p2a: Iron Moth|45/100
|move|p2a: Iron Moth|Fiery Dance|p1a: Motthew
|-resisted|p1a: Motthew
|-damage|p1a: Motthew|54/100
|
|upkeep
|turn|12
|
|t:|1757912555
|move|p1a: Motthew|Sludge Wave|p2a: Iron Moth
|-supereffective|p2a: Iron Moth
|-damage|p2a: Iron Moth|0 fnt
|faint|p2a: Iron Moth
|-end|p2a: Iron Moth|Quark Drive|[silent]
|
|upkeep
|-message|zaywilder forfeited.
|
|win|Rhyenn
|raw|Rhyenn's rating: 1132 &rarr; <strong>1159</strong><br />(+27 for winning)
|raw|zaywilder's rating: 1153 &rarr; <strong>1126</strong><br />(-27 for losing)
|l|☆zaywilder
|player|p2|
