|j|‽secondstory
|j|☆iheartgalvantula
|t:|1757854841
|gametype|singles
|player|p1|secondstory|bruno|1526
|player|p2|iheartgalvantula|unknown|1569
|gen|9
|tier|[Gen 9] OU
|rated|
|rule|HP Percentage Mod: HP is shown in percentages
|rule|Endless Battle Clause: Forcing endless battles is banned
|rule|Species Clause: Limit one of each Pokémon
|rule|OHKO Clause: OHKO moves are banned
|rule|Evasion Items Clause: Evasion items are banned
|rule|Evasion Moves Clause: Evasion moves are banned
|rule|Evasion Abilities Clause: Evasion abilities are banned
|rule|Sleep Moves Clause: Sleep-inducing moves are banned
|clearpoke
|poke|p1|Weavile, M|
|poke|p1|Dragapult, M|
|poke|p1|Great Tusk|
|poke|p1|Corviknight, F|
|poke|p1|Enamorus, F|
|poke|p1|Snorlax, M|
|poke|p2|Galvantula, M|
|poke|p2|Enamorus, F|
|poke|p2|Samurott-Hisui, M|
|poke|p2|Ceruledge, M|
|poke|p2|Kingambit, F|
|poke|p2|Raging Bolt|
|teampreview
|inactive|Battle timer is ON: inactive players will automatically lose when time's up. (requested by iheartgalvantula)
|inactive|secondstory has 120 seconds left.
|
|t:|1757854873
|teamsize|p1|6
|teamsize|p2|6
|start
|switch|p1a: Weavile|Weavile, M|100/100
|switch|p2a: Galvantula|Galvantula, M|100/100
|-ability|p1a: Weavile|Pressure
|turn|1
|
|t:|1757854886
|move|p1a: Weavile|Triple Axel|p2a: Galvantula
|-damage|p2a: Galvantula|79/100
|-damage|p2a: Galvantula|37/100
|-damage|p2a: Galvantula|0 fnt
|faint|p2a: Galvantula
|-hitcount|p2: Galvantula|3
|
|upkeep
|
|t:|1757854890
|switch|p2a: Samurott|Samurott-Hisui, M|100/100
|turn|2
|
|t:|1757854900
|switch|p1a: Corviknight|Corviknight, F, shiny|100/100
|-ability|p1a: Corviknight|Pressure
|move|p2a: Samurott|Ceaseless Edge|p1a: Corviknight
|-damage|p1a: Corviknight|67/100
|-damage|p2a: Samurott|84/100|[from] item: Rocky Helmet|[of] p1a: Corviknight
|-sidestart|p1: secondstory|Spikes
|-damage|p2a: Samurott|74/100|[from] item: Life Orb
|
|upkeep
|turn|3
|
|t:|1757854915
|switch|p2a: Ceruledge|Ceruledge, M|100/100
|-item|p2a: Ceruledge|Air Balloon
|move|p1a: Corviknight|Body Press|p2a: Ceruledge
|-immune|p2a: Ceruledge
|
|upkeep
|turn|4
|
|t:|1757854935
|move|p2a: Ceruledge|Swords Dance|p2a: Ceruledge
|-boost|p2a: Ceruledge|atk|2
|move|p1a: Corviknight|U-turn|p2a: Ceruledge
|-resisted|p2a: Ceruledge
|-damage|p2a: Ceruledge|95/100
|-enditem|p2a: Ceruledge|Air Balloon
|
|t:|1757854939
|switch|p1a: Great Tusk|Great Tusk|100/100|[from] U-turn
|
|upkeep
|turn|5
|
|t:|1757854960
|move|p1a: Great Tusk|Headlong Rush|p2a: Ceruledge
|-supereffective|p2a: Ceruledge
|-damage|p2a: Ceruledge|0 fnt
|-unboost|p1a: Great Tusk|def|1
|-unboost|p1a: Great Tusk|spd|1
|faint|p2a: Ceruledge
|
|upkeep
|
|t:|1757854975
|switch|p2a: Enamorus|Enamorus, F|100/100
|turn|6
|inactive|secondstory has 120 seconds left.
|
|t:|1757855002
|-end|p1a: Great Tusk|Protosynthesis|[silent]
|switch|p1a: Snorlax|Snorlax, M|100/100
|-damage|p1a: Snorlax|88/100|[from] Spikes
|move|p2a: Enamorus|Moonblast|p1a: Snorlax
|-damage|p1a: Snorlax|58/100
|
|upkeep
|turn|7
|inactive|secondstory has 120 seconds left.
|
|t:|1757855018
|-terastallize|p2a: Enamorus|Fairy
|move|p2a: Enamorus|Moonblast|p1a: Snorlax
|-damage|p1a: Snorlax|21/100
|move|p1a: Snorlax|Body Slam|p2a: Enamorus
|-damage|p2a: Enamorus|38/100
|-status|p2a: Enamorus|par
|
|upkeep
|turn|8
|inactive|secondstory has 120 seconds left.
|
|t:|1757855031
|switch|p1a: Corviknight|Corviknight, F, shiny|67/100
|-ability|p1a: Corviknight|Pressure
|move|p2a: Enamorus|Moonblast|p1a: Corviknight
|-resisted|p1a: Corviknight
|-damage|p1a: Corviknight|11/100
|
|upkeep
|turn|9
|
|t:|1757855040
|move|p1a: Corviknight|Defog|p2a: Enamorus
|-boost|p2a: Enamorus|evasion|1
|-sideend|p1: secondstory|Spikes|[from] move: Defog|[of] p1a: Corviknight
|move|p2a: Enamorus|Moonblast|p1a: Corviknight
|-resisted|p1a: Corviknight
|-damage|p1a: Corviknight|0 fnt
|faint|p1a: Corviknight
|
|upkeep
|
|t:|1757855043
|switch|p1a: Weavile|Weavile, M|100/100
|-ability|p1a: Weavile|Pressure
|turn|10
|
|t:|1757855051
|move|p1a: Weavile|Triple Axel|p2a: Enamorus
|-damage|p2a: Enamorus|22/100 par
|-damage|p2a: Enamorus|0 fnt
|faint|p2a: Enamorus
|-hitcount|p2: Enamorus|2
|
|upkeep
|
|t:|1757855069
|switch|p2a: Raging Bolt|Raging Bolt|100/100
|-enditem|p2a: Raging Bolt|Booster Energy
|-activate|p2a: Raging Bolt|ability: Protosynthesis|[fromitem]
|-start|p2a: Raging Bolt|protosynthesisspa
|turn|11
|
|t:|1757855079
|move|p1a: Weavile|Triple Axel|p2a: Raging Bolt
|-supereffective|p2a: Raging Bolt
|-damage|p2a: Raging Bolt|82/100
|-supereffective|p2a: Raging Bolt
|-damage|p2a: Raging Bolt|51/100
|-hitcount|p2a: Raging Bolt|2
|move|p2a: Raging Bolt|Dragon Pulse|p1a: Weavile
|-damage|p1a: Weavile|6/100
|
|upkeep
|turn|12
|j| Nikator98
|
|t:|1757855099
|move|p1a: Weavile|Ice Shard|p2a: Raging Bolt
|-supereffective|p2a: Raging Bolt
|-damage|p2a: Raging Bolt|16/100
|move|p2a: Raging Bolt|Thunderclap||[still]
|-fail|p2a: Raging Bolt
|
|upkeep
|turn|13
|l| Nikator98
|
|t:|1757855103
|-end|p2a: Raging Bolt|Protosynthesis|[silent]
|switch|p2a: Samurott|Samurott-Hisui, M|74/100
|move|p1a: Weavile|Ice Shard|p2a: Samurott
|-resisted|p2a: Samurott
|-damage|p2a: Samurott|61/100
|
|upkeep
|turn|14
|
|t:|1757855110
|move|p2a: Samurott|Aqua Jet|p1a: Weavile
|-damage|p1a: Weavile|0 fnt
|faint|p1a: Weavile
|-damage|p2a: Samurott|51/100|[from] item: Life Orb
|
|upkeep
|
|t:|1757855113
|switch|p1a: Dragapult|Dragapult, M|100/100
|turn|15
|
|t:|1757855123
|switch|p1a: Enamorus|Enamorus, F|100/100
|move|p2a: Samurott|Ceaseless Edge|p1a: Enamorus
|-resisted|p1a: Enamorus
|-damage|p1a: Enamorus|54/100
|-sidestart|p1: secondstory|Spikes
|-damage|p2a: Samurott|41/100|[from] item: Life Orb
|
|upkeep
|turn|16
|
|t:|1757855141
|move|p2a: Samurott|Aqua Jet|p1a: Enamorus
|-damage|p1a: Enamorus|12/100
|-damage|p2a: Samurott|31/100|[from] item: Life Orb
|move|p1a: Enamorus|Earth Power|p2a: Samurott
|-crit|p2a: Samurott
|-damage|p2a: Samurott|0 fnt
|faint|p2a: Samurott
|
|upkeep
|
|t:|1757855144
|switch|p2a: Kingambit|Kingambit, F|100/100
|-activate|p2a: Kingambit|ability: Supreme Overlord
|-start|p2a: Kingambit|fallen4|[silent]
|turn|17
|
|t:|1757855153
|move|p1a: Enamorus|Earth Power|p2a: Kingambit
|-supereffective|p2a: Kingambit
|-damage|p2a: Kingambit|30/100
|move|p2a: Kingambit|Swords Dance|p2a: Kingambit
|-boost|p2a: Kingambit|atk|2
|
|upkeep
|turn|18
|
|t:|1757855158
|move|p2a: Kingambit|Sucker Punch|p1a: Enamorus
|-resisted|p1a: Enamorus
|-damage|p1a: Enamorus|0 fnt
|faint|p1a: Enamorus
|
|upkeep
|
|t:|1757855161
|switch|p1a: Great Tusk|Great Tusk|100/100
|turn|19
|
|t:|1757855164
|move|p2a: Kingambit|Sucker Punch|p1a: Great Tusk
|-resisted|p1a: Great Tusk
|-damage|p1a: Great Tusk|53/100
|move|p1a: Great Tusk|Headlong Rush|p2a: Kingambit
|-supereffective|p2a: Kingambit
|-damage|p2a: Kingambit|0 fnt
|-unboost|p1a: Great Tusk|def|1
|-unboost|p1a: Great Tusk|spd|1
|faint|p2a: Kingambit
|-end|p2a: Kingambit|fallen4|[silent]
|
|upkeep
|
|t:|1757855166
|switch|p2a: Raging Bolt|Raging Bolt|16/100
|turn|20
|
|t:|1757855171
|move|p1a: Great Tusk|Ice Spinner|p2a: Raging Bolt
|-supereffective|p2a: Raging Bolt
|-damage|p2a: Raging Bolt|0 fnt
|faint|p2a: Raging Bolt
|-end|p2a: Raging Bolt|Protosynthesis|[silent]
|
|win|secondstory
|raw|secondstory's rating: 1526 &rarr; <strong>1548</strong><br />(+22 for winning)
|raw|iheartgalvantula's rating: 1569 &rarr; <strong>1547</strong><br />(-22 for losing)
|l|‽secondstory
|player|p1|
|l|☆iheartgalvantula
|player|p2|
