|j|☆sanshater12
|j|☆hoons
|t:|1757872892
|gametype|singles
|player|p1|sanshater12|169|1563
|player|p2|hoons|1|1582
|gen|9
|tier|[Gen 9] OU
|rated|
|rule|HP Percentage Mod: HP is shown in percentages
|rule|Endless Battle Clause: Forcing endless battles is banned
|rule|Species Clause: Limit one of each Pokémon
|rule|OHKO Clause: OHKO moves are banned
|rule|Evasion Items Clause: Evasion items are banned
|rule|Evasion Moves Clause: Evasion moves are banned
|rule|Evasion Abilities Clause: Evasion abilities are banned
|rule|Sleep Moves Clause: Sleep-inducing moves are banned
|clearpoke
|poke|p1|Pincurchin, F|
|poke|p1|Iron Boulder|
|poke|p1|Iron Valiant|
|poke|p1|Dragonite, F|
|poke|p1|Rotom-Wash|
|poke|p1|Deoxys-Speed|
|poke|p2|Raging Bolt|
|poke|p2|Great Tusk|
|poke|p2|Slowking-Galar, M|
|poke|p2|Ogerpon-Wellspring, F|
|poke|p2|Kingambit, F|
|poke|p2|Zamazenta-*|
|teampreview
|inactive|Battle timer is ON: inactive players will automatically lose when time's up. (requested by sanshater12)
|
|t:|1757872905
|teamsize|p1|6
|teamsize|p2|6
|start
|switch|p1a: Deoxys|Deoxys-Speed|100/100
|switch|p2a: Ogerpon|Ogerpon-Wellspring, F|100/100
|-ability|p1a: Deoxys|Pressure
|turn|1
|
|t:|1757872914
|move|p1a: Deoxys|Stealth Rock|p2a: Ogerpon
|-sidestart|p2: hoons|move: Stealth Rock
|move|p2a: Ogerpon|Horn Leech|p1a: Deoxys
|-damage|p1a: Deoxys|33/100
|
|upkeep
|turn|2
|
|t:|1757872924
|move|p1a: Deoxys|Psycho Boost|p2a: Ogerpon
|-damage|p2a: Ogerpon|31/100
|-unboost|p1a: Deoxys|spa|2
|move|p2a: Ogerpon|Horn Leech|p1a: Deoxys
|-damage|p1a: Deoxys|0 fnt
|-heal|p2a: Ogerpon|44/100|[from] drain|[of] p1a: Deoxys
|faint|p1a: Deoxys
|
|upkeep
|
|t:|1757872928
|switch|p1a: Pincurchin|Pincurchin, F|100/100
|-fieldstart|move: Electric Terrain|[from] ability: Electric Surge|[of] p1a: Pincurchin
|turn|3
|
|t:|1757872941
|switch|p1a: Rotom|Rotom-Wash|100/100
|move|p2a: Ogerpon|Ivy Cudgel|p1a: Rotom|[anim] Ivy Cudgel Water
|-resisted|p1a: Rotom
|-damage|p1a: Rotom|75/100
|
|-heal|p1a: Rotom|82/100|[from] item: Leftovers
|upkeep
|turn|4
|
|t:|1757872947
|switch|p2a: Slowking|Slowking-Galar, M, shiny|100/100
|-damage|p2a: Slowking|88/100|[from] Stealth Rock
|move|p1a: Rotom|Volt Switch|p2a: Slowking
|-damage|p2a: Slowking|68/100
|
|t:|1757872955
|switch|p1a: Iron Boulder|Iron Boulder|100/100|[from] Volt Switch
|-activate|p1a: Iron Boulder|ability: Quark Drive
|-start|p1a: Iron Boulder|quarkdrivespe
|
|-heal|p2a: Slowking|74/100|[from] item: Black Sludge
|upkeep
|turn|5
|
|t:|1757872966
|-terastallize|p2a: Slowking|Fairy
|move|p1a: Iron Boulder|Earthquake|p2a: Slowking
|-crit|p2a: Slowking
|-damage|p2a: Slowking|22/100
|move|p2a: Slowking|Trick|p1a: Iron Boulder
|-activate|p2a: Slowking|move: Trick|[of] p1a: Iron Boulder
|-item|p1a: Iron Boulder|Black Sludge|[from] move: Trick
|-item|p2a: Slowking|Choice Band|[from] move: Trick
|
|-damage|p1a: Iron Boulder|88/100|[from] item: Black Sludge
|upkeep
|turn|6
|
|t:|1757872976
|switch|p2a: Great Tusk|Great Tusk|100/100
|-damage|p2a: Great Tusk|98/100|[from] Stealth Rock
|move|p1a: Iron Boulder|Mighty Cleave|p2a: Great Tusk
|-resisted|p2a: Great Tusk
|-damage|p2a: Great Tusk|91/100
|-damage|p1a: Iron Boulder|72/100|[from] item: Rocky Helmet|[of] p2a: Great Tusk
|
|-damage|p1a: Iron Boulder|59/100|[from] item: Black Sludge
|upkeep
|turn|7
|
|t:|1757872980
|move|p1a: Iron Boulder|Zen Headbutt|p2a: Great Tusk
|-supereffective|p2a: Great Tusk
|-damage|p2a: Great Tusk|46/100
|-damage|p1a: Iron Boulder|43/100|[from] item: Rocky Helmet|[of] p2a: Great Tusk
|move|p2a: Great Tusk|Rapid Spin|p1a: Iron Boulder
|-resisted|p1a: Iron Boulder
|-damage|p1a: Iron Boulder|34/100
|-boost|p2a: Great Tusk|spe|1
|-sideend|p2: hoons|Stealth Rock|[from] move: Rapid Spin|[of] p2a: Great Tusk
|
|-damage|p1a: Iron Boulder|22/100|[from] item: Black Sludge
|upkeep
|turn|8
|
|t:|1757872994
|-end|p2a: Great Tusk|Protosynthesis|[silent]
|switch|p2a: Slowking|Slowking-Galar, M, shiny, tera:Fairy|55/100
|move|p1a: Iron Boulder|Close Combat|p2a: Slowking
|-resisted|p2a: Slowking
|-damage|p2a: Slowking|39/100
|-unboost|p1a: Iron Boulder|def|1
|-unboost|p1a: Iron Boulder|spd|1
|
|-damage|p1a: Iron Boulder|9/100|[from] item: Black Sludge
|upkeep
|turn|9
|
|t:|1757873001
|switch|p2a: Great Tusk|Great Tusk|46/100
|move|p1a: Iron Boulder|Earthquake|p2a: Great Tusk
|-damage|p2a: Great Tusk|29/100
|
|-damage|p1a: Iron Boulder|0 fnt|[from] item: Black Sludge
|faint|p1a: Iron Boulder
|-end|p1a: Iron Boulder|Quark Drive|[silent]
|upkeep
|
|t:|1757873019
|switch|p1a: Rotom|Rotom-Wash|82/100
|turn|10
|
|t:|1757873026
|-end|p2a: Great Tusk|Protosynthesis|[silent]
|switch|p2a: Ogerpon|Ogerpon-Wellspring, F|44/100
|move|p1a: Rotom|Will-O-Wisp|p2a: Ogerpon
|-status|p2a: Ogerpon|brn
|
|-heal|p1a: Rotom|88/100|[from] item: Leftovers
|-damage|p2a: Ogerpon|38/100 brn|[from] brn
|-fieldend|move: Electric Terrain
|upkeep
|turn|11
|
|t:|1757873035
|move|p2a: Ogerpon|Ivy Cudgel|p1a: Rotom|[anim] Ivy Cudgel Water
|-resisted|p1a: Rotom
|-damage|p1a: Rotom|75/100
|move|p1a: Rotom|Volt Switch|p2a: Ogerpon
|-crit|p2a: Ogerpon
|-damage|p2a: Ogerpon|0 fnt
|faint|p2a: Ogerpon
|
|t:|1757873038
|switch|p1a: Pincurchin|Pincurchin, F|100/100|[from] Volt Switch
|-fieldstart|move: Electric Terrain|[from] ability: Electric Surge|[of] p1a: Pincurchin
|
|upkeep
|
|t:|1757873042
|switch|p2a: Raging Bolt|Raging Bolt|100/100
|turn|12
|
|t:|1757873049
|move|p2a: Raging Bolt|Calm Mind|p2a: Raging Bolt
|-boost|p2a: Raging Bolt|spa|1
|-boost|p2a: Raging Bolt|spd|1
|move|p1a: Pincurchin|Memento|p2a: Raging Bolt
|-unboost|p2a: Raging Bolt|atk|2
|-unboost|p2a: Raging Bolt|spa|2
|faint|p1a: Pincurchin
|
|upkeep
|
|t:|1757873054
|switch|p1a: Iron Valiant|Iron Valiant|100/100
|-activate|p1a: Iron Valiant|ability: Quark Drive
|-start|p1a: Iron Valiant|quarkdrivespe
|turn|13
|
|t:|1757873061
|move|p1a: Iron Valiant|Calm Mind|p1a: Iron Valiant
|-boost|p1a: Iron Valiant|spa|1
|-boost|p1a: Iron Valiant|spd|1
|move|p2a: Raging Bolt|Thunderbolt|p1a: Iron Valiant
|-damage|p1a: Iron Valiant|49/100
|
|upkeep
|turn|14
|
|t:|1757873065
|move|p1a: Iron Valiant|Moonblast|p2a: Raging Bolt
|-supereffective|p2a: Raging Bolt
|-damage|p2a: Raging Bolt|30/100
|move|p2a: Raging Bolt|Thunderbolt|p1a: Iron Valiant
|-damage|p1a: Iron Valiant|1/100
|
|-heal|p2a: Raging Bolt|36/100|[from] item: Leftovers
|upkeep
|turn|15
|
|t:|1757873072
|move|p2a: Raging Bolt|Thunderclap|p1a: Iron Valiant
|-damage|p1a: Iron Valiant|0 fnt
|faint|p1a: Iron Valiant
|-end|p1a: Iron Valiant|Quark Drive|[silent]
|
|-heal|p2a: Raging Bolt|42/100|[from] item: Leftovers
|upkeep
|
|t:|1757873075
|switch|p1a: Dragonite|Dragonite, F|100/100
|turn|16
|
|t:|1757873080
|-terastallize|p1a: Dragonite|Fire
|move|p1a: Dragonite|Dragon Dance|p1a: Dragonite
|-boost|p1a: Dragonite|atk|1
|-boost|p1a: Dragonite|spe|1
|move|p2a: Raging Bolt|Dragon Pulse|p1a: Dragonite
|-damage|p1a: Dragonite|88/100
|
|-heal|p1a: Dragonite|94/100|[from] item: Leftovers
|-heal|p2a: Raging Bolt|49/100|[from] item: Leftovers
|upkeep
|turn|17
|
|t:|1757873090
|move|p1a: Dragonite|Dragon Dance|p1a: Dragonite
|-boost|p1a: Dragonite|atk|1
|-boost|p1a: Dragonite|spe|1
|move|p2a: Raging Bolt|Thunderbolt|p1a: Dragonite
|-damage|p1a: Dragonite|59/100
|
|-heal|p1a: Dragonite|65/100|[from] item: Leftovers
|-heal|p2a: Raging Bolt|55/100|[from] item: Leftovers
|upkeep
|turn|18
|
|t:|1757873097
|move|p1a: Dragonite|Earthquake|p2a: Raging Bolt
|-supereffective|p2a: Raging Bolt
|-damage|p2a: Raging Bolt|0 fnt
|faint|p2a: Raging Bolt
|-end|p2a: Raging Bolt|Protosynthesis|[silent]
|
|-heal|p1a: Dragonite|71/100|[from] item: Leftovers
|-fieldend|move: Electric Terrain
|upkeep
|
|t:|1757873103
|switch|p2a: Great Tusk|Great Tusk|29/100
|turn|19
|
|t:|1757873109
|move|p1a: Dragonite|Earthquake|p2a: Great Tusk
|-damage|p2a: Great Tusk|0 fnt
|faint|p2a: Great Tusk
|-end|p2a: Great Tusk|Protosynthesis|[silent]
|
|-heal|p1a: Dragonite|77/100|[from] item: Leftovers
|upkeep
|
|t:|1757873111
|switch|p2a: Zamazenta|Zamazenta|100/100
|-ability|p2a: Zamazenta|Dauntless Shield|boost
|-boost|p2a: Zamazenta|def|1
|turn|20
|
|t:|1757873118
|move|p1a: Dragonite|Fire Punch|p2a: Zamazenta
|-damage|p2a: Zamazenta|57/100
|move|p2a: Zamazenta|Stone Edge|p1a: Dragonite
|-supereffective|p1a: Dragonite
|-damage|p1a: Dragonite|22/100
|
|-heal|p1a: Dragonite|29/100|[from] item: Leftovers
|upkeep
|turn|21
|
|t:|1757873125
|move|p1a: Dragonite|Roost|p1a: Dragonite
|-heal|p1a: Dragonite|79/100
|move|p2a: Zamazenta|Close Combat|p1a: Dragonite
|-damage|p1a: Dragonite|31/100
|-unboost|p2a: Zamazenta|def|1
|-unboost|p2a: Zamazenta|spd|1
|
|-heal|p1a: Dragonite|37/100|[from] item: Leftovers
|upkeep
|turn|22
|
|t:|1757873136
|move|p1a: Dragonite|Fire Punch|p2a: Zamazenta
|-damage|p2a: Zamazenta|0 fnt
|faint|p2a: Zamazenta
|
|-heal|p1a: Dragonite|43/100|[from] item: Leftovers
|upkeep
|
|t:|1757873139
|switch|p2a: Kingambit|Kingambit, F|100/100
|-activate|p2a: Kingambit|ability: Supreme Overlord
|-start|p2a: Kingambit|fallen4|[silent]
|-item|p2a: Kingambit|Air Balloon
|turn|23
|
|t:|1757873148
|move|p1a: Dragonite|Roost|p1a: Dragonite
|-heal|p1a: Dragonite|93/100
|move|p2a: Kingambit|Kowtow Cleave|p1a: Dragonite
|-damage|p1a: Dragonite|37/100
|
|-heal|p1a: Dragonite|43/100|[from] item: Leftovers
|upkeep
|turn|24
|
|t:|1757873157
|move|p1a: Dragonite|Roost|p1a: Dragonite
|-heal|p1a: Dragonite|93/100
|move|p2a: Kingambit|Kowtow Cleave|p1a: Dragonite
|-damage|p1a: Dragonite|37/100
|
|-heal|p1a: Dragonite|43/100|[from] item: Leftovers
|upkeep
|turn|25
|
|t:|1757873162
|move|p2a: Kingambit|Sucker Punch||[still]
|-fail|p2a: Kingambit
|move|p1a: Dragonite|Roost|p1a: Dragonite
|-heal|p1a: Dragonite|93/100
|
|-heal|p1a: Dragonite|99/100|[from] item: Leftovers
|upkeep
|turn|26
|
|t:|1757873165
|move|p1a: Dragonite|Fire Punch|p2a: Kingambit
|-supereffective|p2a: Kingambit
|-damage|p2a: Kingambit|0 fnt
|-enditem|p2a: Kingambit|Air Balloon
|faint|p2a: Kingambit
|-end|p2a: Kingambit|fallen4|[silent]
|
|-heal|p1a: Dragonite|100/100|[from] item: Leftovers
|upkeep
|-message|hoons forfeited.
|
|win|sanshater12
|raw|sanshater12's rating: 1563 &rarr; <strong>1584</strong><br />(+21 for winning)
|raw|hoons's rating: 1582 &rarr; <strong>1561</strong><br />(-21 for losing)
|l|☆hoons
|player|p2|
|l|☆sanshater12
|player|p1|
