|badge|p2|bronze|gen9ou|100-6
|uhtml|medal-msg|<div class="broadcast-blue">Curious what those medals under the avatar are? PS now has Ladder Seasons! For more information, check out the <a href="https://www.smogon.com/forums/threads/3740067/">thread on Smogon.</a></div>
|j|☆sdgkjshdkf
|j|☆Flex Plays Only
|t:|1757789191
|gametype|singles
|player|p1|sdgkjshdkf|1|1642
|player|p2|Flex Plays Only|miku-fairy|1808
|gen|9
|tier|[Gen 9] OU
|rated|
|rule|HP Percentage Mod: HP is shown in percentages
|rule|Endless Battle Clause: Forcing endless battles is banned
|rule|Species Clause: Limit one of each Pokémon
|rule|OHKO Clause: OHKO moves are banned
|rule|Evasion Items Clause: Evasion items are banned
|rule|Evasion Moves Clause: Evasion moves are banned
|rule|Evasion Abilities Clause: Evasion abilities are banned
|rule|Sleep Moves Clause: Sleep-inducing moves are banned
|clearpoke
|poke|p1|Ribombee, F|
|poke|p1|Gholdengo|
|poke|p1|Dragonite, M|
|poke|p1|Ceruledge, M|
|poke|p1|Great Tusk|
|poke|p1|Comfey, F|
|poke|p2|Tyranitar, M|
|poke|p2|Iron Treads|
|poke|p2|Ogerpon-Cornerstone, F|
|poke|p2|Mandibuzz, F|
|poke|p2|Ting-Lu|
|poke|p2|Sinistcha|
|teampreview
|
|t:|1757789196
|teamsize|p1|6
|teamsize|p2|6
|start
|switch|p1a: Ribombee|Ribombee, F|100/100
|switch|p2a: Tyranitar|Tyranitar, M|100/100
|-weather|Sandstorm|[from] ability: Sand Stream|[of] p2a: Tyranitar
|turn|1
|inactive|Battle timer is ON: inactive players will automatically lose when time's up. (requested by Flex Plays Only)
|
|t:|1757789202
|move|p1a: Ribombee|Sticky Web|p2a: Tyranitar
|-sidestart|p2: Flex Plays Only|move: Sticky Web
|move|p2a: Tyranitar|Stone Edge|p1a: Ribombee
|-supereffective|p1a: Ribombee
|-enditem|p1a: Ribombee|Focus Sash
|-damage|p1a: Ribombee|1/100
|
|-weather|Sandstorm|[upkeep]
|-damage|p1a: Ribombee|0 fnt|[from] Sandstorm
|faint|p1a: Ribombee
|upkeep
|
|t:|1757789205
|switch|p1a: Great Tusk|Great Tusk|100/100
|turn|2
|
|t:|1757789208
|switch|p2a: Sinistcha|Sinistcha|100/100
|move|p1a: Great Tusk|Stealth Rock|p2a: Sinistcha
|-sidestart|p2: Flex Plays Only|move: Stealth Rock
|
|-weather|Sandstorm|[upkeep]
|-damage|p2a: Sinistcha|94/100|[from] Sandstorm
|upkeep
|turn|3
|
|t:|1757789211
|move|p1a: Great Tusk|Knock Off|p2a: Sinistcha
|-supereffective|p2a: Sinistcha
|-damage|p2a: Sinistcha|56/100
|-enditem|p2a: Sinistcha|Heavy-Duty Boots|[from] move: Knock Off|[of] p1a: Great Tusk
|move|p2a: Sinistcha|Shadow Ball|p1a: Great Tusk
|-damage|p1a: Great Tusk|55/100
|
|-weather|Sandstorm|[upkeep]
|-damage|p2a: Sinistcha|50/100|[from] Sandstorm
|-heal|p1a: Great Tusk|62/100|[from] item: Leftovers
|upkeep
|turn|4
|
|t:|1757789225
|-end|p1a: Great Tusk|Protosynthesis|[silent]
|switch|p1a: Comfey|Comfey, F|100/100
|move|p2a: Sinistcha|Matcha Gotcha|p1a: Comfey
|-damage|p1a: Comfey|69/100
|-heal|p2a: Sinistcha|64/100|[from] drain|[of] p1a: Comfey
|
|-weather|Sandstorm|[upkeep]
|-damage|p1a: Comfey|63/100|[from] Sandstorm
|-damage|p2a: Sinistcha|58/100|[from] Sandstorm
|upkeep
|turn|5
|
|t:|1757789230
|switch|p2a: Iron Treads|Iron Treads|100/100
|-activate|p2a: Iron Treads|move: Sticky Web
|-unboost|p2a: Iron Treads|spe|1
|-damage|p2a: Iron Treads|97/100|[from] Stealth Rock
|move|p1a: Comfey|Calm Mind|p1a: Comfey
|-boost|p1a: Comfey|spa|1
|-boost|p1a: Comfey|spd|1
|
|-weather|none
|-heal|p2a: Iron Treads|100/100|[from] item: Leftovers
|upkeep
|turn|6
|
|t:|1757789236
|-terastallize|p1a: Comfey|Ground
|move|p1a: Comfey|Tera Blast|p2a: Iron Treads|[anim] Tera Blast Ground
|-supereffective|p2a: Iron Treads
|-damage|p2a: Iron Treads|0 fnt
|faint|p2a: Iron Treads
|-end|p2a: Iron Treads|Quark Drive|[silent]
|-damage|p1a: Comfey|53/100|[from] item: Life Orb
|
|upkeep
|
|t:|1757789244
|switch|p2a: Ting-Lu|Ting-Lu|100/100
|-activate|p2a: Ting-Lu|move: Sticky Web
|-unboost|p2a: Ting-Lu|spe|1
|-damage|p2a: Ting-Lu|94/100|[from] Stealth Rock
|-ability|p2a: Ting-Lu|Vessel of Ruin
|turn|7
|
|t:|1757789249
|-terastallize|p2a: Ting-Lu|Ghost
|move|p1a: Comfey|Draining Kiss|p2a: Ting-Lu
|-damage|p2a: Ting-Lu|78/100
|-heal|p1a: Comfey|73/100|[from] drain|[of] p2a: Ting-Lu
|-damage|p1a: Comfey|64/100|[from] item: Life Orb
|move|p2a: Ting-Lu|Earthquake|p1a: Comfey
|-damage|p1a: Comfey|20/100
|
|-heal|p2a: Ting-Lu|84/100|[from] item: Leftovers
|upkeep
|turn|8
|
|t:|1757789255
|move|p1a: Comfey|Tera Blast|p2a: Ting-Lu|[anim] Tera Blast Ground
|-damage|p2a: Ting-Lu|55/100
|-damage|p1a: Comfey|10/100|[from] item: Life Orb
|move|p2a: Ting-Lu|Stealth Rock|p1a: Comfey
|-sidestart|p1: sdgkjshdkf|move: Stealth Rock
|
|-heal|p2a: Ting-Lu|62/100|[from] item: Leftovers
|upkeep
|turn|9
|
|t:|1757789260
|move|p1a: Comfey|Tera Blast|p2a: Ting-Lu|[anim] Tera Blast Ground
|-damage|p2a: Ting-Lu|35/100
|-damage|p1a: Comfey|0 fnt|[from] item: Life Orb
|faint|p1a: Comfey
|move|p2a: Ting-Lu|Earthquake|p1: Comfey|[notarget]
|-fail|p2a: Ting-Lu
|
|-heal|p2a: Ting-Lu|41/100|[from] item: Leftovers
|upkeep
|
|t:|1757789268
|switch|p1a: Great Tusk|Great Tusk|62/100
|-damage|p1a: Great Tusk|59/100|[from] Stealth Rock
|turn|10
|
|t:|1757789278
|move|p1a: Great Tusk|Knock Off|p2a: Ting-Lu
|-supereffective|p2a: Ting-Lu
|-damage|p2a: Ting-Lu|9/100
|-enditem|p2a: Ting-Lu|Leftovers|[from] move: Knock Off|[of] p1a: Great Tusk
|move|p2a: Ting-Lu|Earthquake|p1a: Great Tusk
|-damage|p1a: Great Tusk|42/100
|
|-heal|p1a: Great Tusk|49/100|[from] item: Leftovers
|upkeep
|turn|11
|
|t:|1757789284
|move|p1a: Great Tusk|Knock Off|p2a: Ting-Lu
|-supereffective|p2a: Ting-Lu
|-damage|p2a: Ting-Lu|0 fnt
|faint|p2a: Ting-Lu
|
|-heal|p1a: Great Tusk|55/100|[from] item: Leftovers
|upkeep
|
|t:|1757789286
|switch|p2a: Sinistcha|Sinistcha|58/100
|-activate|p2a: Sinistcha|move: Sticky Web
|-unboost|p2a: Sinistcha|spe|1
|-damage|p2a: Sinistcha|46/100|[from] Stealth Rock
|turn|12
|
|t:|1757789293
|-end|p1a: Great Tusk|Protosynthesis|[silent]
|switch|p1a: Ceruledge|Ceruledge, M|100/100
|-damage|p1a: Ceruledge|76/100|[from] Stealth Rock
|move|p2a: Sinistcha|Strength Sap|p1a: Ceruledge
|-unboost|p1a: Ceruledge|atk|1
|-heal|p2a: Sinistcha|100/100
|
|upkeep
|turn|13
|
|t:|1757789301
|switch|p2a: Mandibuzz|Mandibuzz, F|100/100
|-damage|p2a: Mandibuzz|75/100|[from] Stealth Rock
|move|p1a: Ceruledge|Bitter Blade|p2a: Mandibuzz
|-damage|p2a: Mandibuzz|55/100
|-heal|p1a: Ceruledge|91/100|[from] drain|[of] p2a: Mandibuzz
|-damage|p1a: Ceruledge|74/100|[from] item: Rocky Helmet|[of] p2a: Mandibuzz
|
|upkeep
|turn|14
|
|t:|1757789307
|switch|p1a: Gholdengo|Gholdengo|100/100
|-damage|p1a: Gholdengo|94/100|[from] Stealth Rock
|-item|p1a: Gholdengo|Air Balloon
|move|p2a: Mandibuzz|Roost|p2a: Mandibuzz
|-heal|p2a: Mandibuzz|100/100
|-singleturn|p2a: Mandibuzz|move: Roost
|
|upkeep
|turn|15
|
|t:|1757789312
|move|p1a: Gholdengo|Nasty Plot|p1a: Gholdengo
|-boost|p1a: Gholdengo|spa|2
|move|p2a: Mandibuzz|Foul Play|p1a: Gholdengo
|-supereffective|p1a: Gholdengo
|-damage|p1a: Gholdengo|56/100
|-enditem|p1a: Gholdengo|Air Balloon
|
|upkeep
|turn|16
|
|t:|1757789320
|switch|p2a: Ogerpon|Ogerpon-Cornerstone, F|100/100
|-activate|p2a: Ogerpon|move: Sticky Web
|-unboost|p2a: Ogerpon|spe|1
|-damage|p2a: Ogerpon|88/100|[from] Stealth Rock
|move|p1a: Gholdengo|Dazzling Gleam|p2a: Ogerpon
|-damage|p2a: Ogerpon|24/100
|
|upkeep
|turn|17
|
|t:|1757789322
|move|p1a: Gholdengo|Shadow Ball|p2a: Ogerpon
|-damage|p2a: Ogerpon|0 fnt
|faint|p2a: Ogerpon
|
|upkeep
|
|t:|1757789323
|switch|p2a: Tyranitar|Tyranitar, M|100/100
|-activate|p2a: Tyranitar|move: Sticky Web
|-unboost|p2a: Tyranitar|spe|1
|-damage|p2a: Tyranitar|88/100|[from] Stealth Rock
|-weather|Sandstorm|[from] ability: Sand Stream|[of] p2a: Tyranitar
|turn|18
|
|t:|1757789328
|switch|p1a: Great Tusk|Great Tusk|55/100
|-damage|p1a: Great Tusk|52/100|[from] Stealth Rock
|move|p2a: Tyranitar|Earthquake|p1a: Great Tusk
|-damage|p1a: Great Tusk|24/100
|
|-weather|Sandstorm|[upkeep]
|-heal|p1a: Great Tusk|31/100|[from] item: Leftovers
|upkeep
|turn|19
|
|t:|1757789336
|switch|p2a: Sinistcha|Sinistcha|100/100
|-activate|p2a: Sinistcha|move: Sticky Web
|-unboost|p2a: Sinistcha|spe|1
|-damage|p2a: Sinistcha|88/100|[from] Stealth Rock
|move|p1a: Great Tusk|Knock Off|p2a: Sinistcha
|-supereffective|p2a: Sinistcha
|-damage|p2a: Sinistcha|61/100
|
|-weather|Sandstorm|[upkeep]
|-damage|p2a: Sinistcha|55/100|[from] Sandstorm
|-heal|p1a: Great Tusk|37/100|[from] item: Leftovers
|upkeep
|turn|20
|
|t:|1757789344
|-end|p1a: Great Tusk|Protosynthesis|[silent]
|switch|p1a: Ceruledge|Ceruledge, M|74/100
|-damage|p1a: Ceruledge|50/100|[from] Stealth Rock
|move|p2a: Sinistcha|Shadow Ball|p1a: Ceruledge
|-supereffective|p1a: Ceruledge
|-damage|p1a: Ceruledge|0 fnt
|faint|p1a: Ceruledge
|
|-weather|Sandstorm|[upkeep]
|-damage|p2a: Sinistcha|49/100|[from] Sandstorm
|upkeep
|j| just-jaype
|
|t:|1757789346
|switch|p1a: Gholdengo|Gholdengo|56/100
|-damage|p1a: Gholdengo|50/100|[from] Stealth Rock
|turn|21
|
|t:|1757789354
|switch|p2a: Tyranitar|Tyranitar, M|88/100
|-activate|p2a: Tyranitar|move: Sticky Web
|-unboost|p2a: Tyranitar|spe|1
|-damage|p2a: Tyranitar|76/100|[from] Stealth Rock
|move|p1a: Gholdengo|Shadow Ball|p2a: Tyranitar
|-resisted|p2a: Tyranitar
|-damage|p2a: Tyranitar|61/100
|-unboost|p2a: Tyranitar|spd|1
|
|-weather|Sandstorm|[upkeep]
|upkeep
|turn|22
|
|t:|1757789359
|switch|p1a: Great Tusk|Great Tusk|37/100
|-damage|p1a: Great Tusk|34/100|[from] Stealth Rock
|move|p2a: Tyranitar|Earthquake|p1a: Great Tusk
|-damage|p1a: Great Tusk|6/100
|
|-weather|none
|-heal|p1a: Great Tusk|12/100|[from] item: Leftovers
|upkeep
|turn|23
|c| just-jaype|Hit the flex on em
|
|t:|1757789366
|move|p1a: Great Tusk|Knock Off|p2a: Tyranitar
|-resisted|p2a: Tyranitar
|-damage|p2a: Tyranitar|48/100
|-enditem|p2a: Tyranitar|Choice Band|[from] move: Knock Off|[of] p1a: Great Tusk
|move|p2a: Tyranitar|Earthquake|p1a: Great Tusk
|-damage|p1a: Great Tusk|0 fnt
|faint|p1a: Great Tusk
|-end|p1a: Great Tusk|Protosynthesis|[silent]
|
|upkeep
|
|t:|1757789380
|switch|p1a: Gholdengo|Gholdengo|50/100
|-damage|p1a: Gholdengo|44/100|[from] Stealth Rock
|turn|24
|
|t:|1757789389
|switch|p2a: Sinistcha|Sinistcha|49/100
|-activate|p2a: Sinistcha|move: Sticky Web
|-unboost|p2a: Sinistcha|spe|1
|-damage|p2a: Sinistcha|37/100|[from] Stealth Rock
|move|p1a: Gholdengo|Dazzling Gleam|p2a: Sinistcha
|-damage|p2a: Sinistcha|3/100
|
|upkeep
|turn|25
|
|t:|1757789393
|move|p1a: Gholdengo|Shadow Ball|p2a: Sinistcha
|-supereffective|p2a: Sinistcha
|-damage|p2a: Sinistcha|0 fnt
|faint|p2a: Sinistcha
|
|upkeep
|
|t:|1757789394
|switch|p2a: Tyranitar|Tyranitar, M|48/100
|-activate|p2a: Tyranitar|move: Sticky Web
|-unboost|p2a: Tyranitar|spe|1
|-damage|p2a: Tyranitar|36/100|[from] Stealth Rock
|-weather|Sandstorm|[from] ability: Sand Stream|[of] p2a: Tyranitar
|turn|26
|
|t:|1757789421
|switch|p1a: Dragonite|Dragonite, M|100/100
|move|p2a: Tyranitar|Knock Off|p1a: Dragonite
|-damage|p1a: Dragonite|73/100
|-enditem|p1a: Dragonite|Heavy-Duty Boots|[from] move: Knock Off|[of] p2a: Tyranitar
|
|-weather|Sandstorm|[upkeep]
|-damage|p1a: Dragonite|67/100|[from] Sandstorm
|upkeep
|turn|27
|
|t:|1757789428
|switch|p2a: Mandibuzz|Mandibuzz, F|100/100
|-damage|p2a: Mandibuzz|75/100|[from] Stealth Rock
|move|p1a: Dragonite|Extreme Speed|p2a: Mandibuzz
|-damage|p2a: Mandibuzz|57/100
|-damage|p1a: Dragonite|51/100|[from] item: Rocky Helmet|[of] p2a: Mandibuzz
|
|-weather|Sandstorm|[upkeep]
|-damage|p1a: Dragonite|44/100|[from] Sandstorm
|upkeep
|turn|28
|
|t:|1757789435
|move|p1a: Dragonite|Dragon Dance|p1a: Dragonite
|-boost|p1a: Dragonite|atk|1
|-boost|p1a: Dragonite|spe|1
|move|p2a: Mandibuzz|Roost|p2a: Mandibuzz
|-heal|p2a: Mandibuzz|100/100
|-singleturn|p2a: Mandibuzz|move: Roost
|
|-weather|Sandstorm|[upkeep]
|-damage|p1a: Dragonite|38/100|[from] Sandstorm
|upkeep
|turn|29
|
|t:|1757789437
|move|p1a: Dragonite|Extreme Speed|p2a: Mandibuzz
|-damage|p2a: Mandibuzz|75/100
|-damage|p1a: Dragonite|22/100|[from] item: Rocky Helmet|[of] p2a: Mandibuzz
|move|p2a: Mandibuzz|Foul Play|p1a: Dragonite
|-damage|p1a: Dragonite|0 fnt
|faint|p1a: Dragonite
|
|-weather|Sandstorm|[upkeep]
|upkeep
|
|t:|1757789441
|switch|p1a: Gholdengo|Gholdengo|44/100
|-damage|p1a: Gholdengo|38/100|[from] Stealth Rock
|turn|30
|
|t:|1757789444
|move|p1a: Gholdengo|Nasty Plot|p1a: Gholdengo
|-boost|p1a: Gholdengo|spa|2
|move|p2a: Mandibuzz|Foul Play|p1a: Gholdengo
|-supereffective|p1a: Gholdengo
|-damage|p1a: Gholdengo|5/100
|
|-weather|none
|upkeep
|turn|31
|
|t:|1757789451
|move|p1a: Gholdengo|Dazzling Gleam|p2a: Mandibuzz
|-supereffective|p2a: Mandibuzz
|-damage|p2a: Mandibuzz|0 fnt
|faint|p2a: Mandibuzz
|
|upkeep
|
|t:|1757789452
|switch|p2a: Tyranitar|Tyranitar, M|36/100
|-activate|p2a: Tyranitar|move: Sticky Web
|-unboost|p2a: Tyranitar|spe|1
|-damage|p2a: Tyranitar|23/100|[from] Stealth Rock
|-weather|Sandstorm|[from] ability: Sand Stream|[of] p2a: Tyranitar
|turn|32
|c| just-jaype|Damn
|c|☆sdgkjshdkf|gg wp
|
|t:|1757789471
|move|p1a: Gholdengo|Dazzling Gleam|p2a: Tyranitar
|-supereffective|p2a: Tyranitar
|-damage|p2a: Tyranitar|0 fnt
|faint|p2a: Tyranitar
|
|win|sdgkjshdkf
|raw|sdgkjshdkf's rating: 1642 &rarr; <strong>1671</strong><br />(+29 for winning)
|raw|Flex Plays Only's rating: 1808 &rarr; <strong>1779</strong><br />(-29 for losing)
|l|☆Flex Plays Only
|player|p2|
|l|☆sdgkjshdkf
|player|p1|
|l| just-jaype
