|inactive|Battle timer is ON: inactive players will automatically lose when time's up.
|t:|1757865831
|gametype|singles
|player|p1|Lazuli|rosa|
|player|p2|FFKz|#teamballo2025|
|gen|9
|tier|[Gen 9] OU
|rule|HP Percentage Mod: HP is shown in percentages
|rule|Endless Battle Clause: Forcing endless battles is banned
|rule|Species Clause: Limit one of each Pokémon
|rule|OHKO Clause: OHKO moves are banned
|rule|Evasion Items Clause: Evasion items are banned
|rule|Evasion Moves Clause: Evasion moves are banned
|rule|Evasion Abilities Clause: Evasion abilities are banned
|rule|Sleep Moves Clause: Sleep-inducing moves are banned
|clearpoke
|poke|p1|Manaphy|
|poke|p1|Rillaboom, F|
|poke|p1|Cinderace, M|
|poke|p1|Great Tusk|
|poke|p1|Iron Valiant|
|poke|p1|Gholdengo|
|poke|p2|Darkrai|
|poke|p2|Kyurem|
|poke|p2|Weezing-Galar, M|
|poke|p2|Alomomola, F|
|poke|p2|Corviknight, F|
|poke|p2|Scream Tail|
|teampreview
|c|☆FFKz|hf
|c|☆Lazuli|hf
|inactive|Lazuli has 270 seconds left.
|inactive|FFKz has 270 seconds left.
|c|+ina fable|Tour?
|inactive|Lazuli has 240 seconds left.
|inactive|FFKz has 240 seconds left.
|
|t:|1757865919
|teamsize|p1|6
|teamsize|p2|6
|start
|switch|p1a: Cinderace|Cinderace, M|100/100
|switch|p2a: Alomomola|Alomomola, F|100/100
|turn|1
|c|☆FFKz|ptpl
|
|t:|1757865943
|switch|p1a: Iron Valiant|Iron Valiant|100/100
|move|p2a: Alomomola|Flip Turn|p1a: Iron Valiant
|-damage|p1a: Iron Valiant|80/100
|
|t:|1757865956
|switch|p2a: Scream Tail|Scream Tail|100/100|[from] Flip Turn
|
|upkeep
|turn|2
|
|t:|1757865964
|-end|p1a: Iron Valiant|Quark Drive|[silent]
|switch|p1a: Rillaboom|Rillaboom, F|100/100
|-fieldstart|move: Grassy Terrain|[from] ability: Grassy Surge|[of] p1a: Rillaboom
|move|p2a: Scream Tail|Psychic Noise|p1a: Rillaboom
|-damage|p1a: Rillaboom|87/100
|-start|p1a: Rillaboom|move: Heal Block
|
|upkeep
|turn|3
|
|t:|1757865973
|-end|p2a: Scream Tail|Protosynthesis|[silent]
|switch|p2a: Corviknight|Corviknight, F|100/100
|-ability|p2a: Corviknight|Pressure
|move|p1a: Rillaboom|U-turn|p2a: Corviknight
|-resisted|p2a: Corviknight
|-damage|p2a: Corviknight|97/100
|-damage|p1a: Rillaboom|71/100|[from] item: Rocky Helmet|[of] p2a: Corviknight
|
|t:|1757865998
|switch|p1a: Nazuna|Manaphy|100/100|[from] U-turn
|
|upkeep
|turn|4
|
|t:|1757866006
|move|p1a: Nazuna|Take Heart|p1a: Nazuna
|-boost|p1a: Nazuna|spa|1
|-boost|p1a: Nazuna|spd|1
|move|p2a: Corviknight|U-turn|p1a: Nazuna
|-damage|p1a: Nazuna|89/100
|
|t:|1757866017
|switch|p2a: Scream Tail|Scream Tail|100/100|[from] U-turn
|
|-heal|p1a: Nazuna|96/100|[from] Grassy Terrain
|-heal|p1a: Nazuna|100/100|[from] item: Leftovers
|upkeep
|turn|5
|
|t:|1757866023
|move|p2a: Scream Tail|Encore|p1a: Nazuna
|-start|p1a: Nazuna|Encore
|move|p1a: Nazuna|Take Heart|p1a: Nazuna
|-boost|p1a: Nazuna|spa|1
|-boost|p1a: Nazuna|spd|1
|
|upkeep
|turn|6
|
|t:|1757866045
|-end|p2a: Scream Tail|Protosynthesis|[silent]
|switch|p2a: Darkrai|Darkrai|100/100
|switch|p1a: Cinderace|Cinderace, M|100/100
|
|-fieldend|move: Grassy Terrain
|upkeep
|turn|7
|inactive|Lazuli has 270 seconds left.
|c|+yujiii|VAI FOSFORITO PORRA
|
|t:|1757866077
|switch|p2a: Alomomola|Alomomola, F|100/100
|move|p1a: Cinderace|Low Kick|p2a: Alomomola
|-start|p1a: Cinderace|typechange|Fighting|[from] ability: Libero
|-damage|p2a: Alomomola|77/100
|
|upkeep
|turn|8
|inactive|Lazuli has 270 seconds left.
|
|t:|1757866089
|switch|p1a: Iron Valiant|Iron Valiant|80/100
|move|p2a: Alomomola|Flip Turn|p1a: Iron Valiant
|-damage|p1a: Iron Valiant|60/100
|
|t:|1757866097
|switch|p2a: Scream Tail|Scream Tail|100/100|[from] Flip Turn
|
|upkeep
|turn|9
|
|t:|1757866106
|-end|p1a: Iron Valiant|Quark Drive|[silent]
|switch|p1a: Nazuna|Manaphy|100/100
|move|p2a: Scream Tail|Psychic Noise|p1a: Nazuna
|-damage|p1a: Nazuna|84/100
|-start|p1a: Nazuna|move: Heal Block
|
|upkeep
|turn|10
|
|t:|1757866118
|-end|p2a: Scream Tail|Protosynthesis|[silent]
|switch|p2a: Kyurem|Kyurem|100/100
|-ability|p2a: Kyurem|Pressure
|move|p1a: Nazuna|Scald|p2a: Kyurem
|-resisted|p2a: Kyurem
|-damage|p2a: Kyurem|87/100
|
|-heal|p2a: Kyurem|94/100|[from] item: Leftovers
|-end|p1a: Nazuna|move: Heal Block
|upkeep
|turn|11
|
|t:|1757866132
|switch|p1a: Cinderace|Cinderace, M|100/100
|move|p2a: Kyurem|Substitute|p2a: Kyurem
|-start|p2a: Kyurem|Substitute
|-damage|p2a: Kyurem|69/100
|
|-heal|p2a: Kyurem|75/100|[from] item: Leftovers
|upkeep
|turn|12
|
|t:|1757866138
|move|p2a: Kyurem|Protect|p2a: Kyurem
|-singleturn|p2a: Kyurem|Protect
|move|p1a: Cinderace|Low Kick|p2a: Kyurem
|-start|p1a: Cinderace|typechange|Fighting|[from] ability: Libero
|-activate|p2a: Kyurem|move: Protect
|
|-heal|p2a: Kyurem|81/100|[from] item: Leftovers
|upkeep
|turn|13
|
|t:|1757866143
|move|p1a: Cinderace|Low Kick|p2a: Kyurem
|-supereffective|p2a: Kyurem
|-end|p2a: Kyurem|Substitute
|move|p2a: Kyurem|Freeze-Dry|p1a: Cinderace
|-damage|p1a: Cinderace|50/100
|
|-heal|p2a: Kyurem|87/100|[from] item: Leftovers
|upkeep
|turn|14
|
|t:|1757866148
|switch|p1a: Iron Valiant|Iron Valiant|60/100
|move|p2a: Kyurem|Protect||[still]
|-fail|p2a: Kyurem
|
|-heal|p2a: Kyurem|94/100|[from] item: Leftovers
|upkeep
|turn|15
|
|t:|1757866153
|move|p2a: Kyurem|Protect|p2a: Kyurem
|-singleturn|p2a: Kyurem|Protect
|move|p1a: Iron Valiant|Trick|p2a: Kyurem
|-activate|p2a: Kyurem|move: Protect
|
|-heal|p2a: Kyurem|99/100|[from] item: Leftovers
|upkeep
|turn|16
|
|t:|1757866161
|switch|p2a: Weezing|Weezing-Galar, M|100/100
|-ability|p2a: Weezing|Neutralizing Gas
|move|p1a: Iron Valiant|Trick|p2a: Weezing
|-activate|p1a: Iron Valiant|move: Trick|[of] p2a: Weezing
|-item|p2a: Weezing|Choice Scarf|[from] move: Trick
|-item|p1a: Iron Valiant|Heavy-Duty Boots|[from] move: Trick
|
|upkeep
|turn|17
|
|t:|1757866183
|-end|p1a: Iron Valiant|Quark Drive|[silent]
|switch|p1a: Nazuna|Manaphy|84/100
|move|p2a: Weezing|Will-O-Wisp|p1a: Nazuna|[miss]
|-miss|p2a: Weezing|p1a: Nazuna
|
|-heal|p1a: Nazuna|90/100|[from] item: Leftovers
|upkeep
|turn|18
|
|t:|1757866190
|-end|p2a: Weezing|ability: Neutralizing Gas
|switch|p2a: Scream Tail|Scream Tail|100/100
|move|p1a: Nazuna|Scald|p2a: Scream Tail
|-damage|p2a: Scream Tail|82/100
|
|-heal|p2a: Scream Tail|89/100|[from] item: Leftovers
|-heal|p1a: Nazuna|96/100|[from] item: Leftovers
|upkeep
|turn|19
|
|t:|1757866197
|-end|p2a: Scream Tail|Protosynthesis|[silent]
|switch|p2a: Alomomola|Alomomola, F|100/100
|move|p1a: Nazuna|Scald|p2a: Alomomola
|-resisted|p2a: Alomomola
|-damage|p2a: Alomomola|94/100
|-status|p2a: Alomomola|brn
|
|-heal|p1a: Nazuna|100/100|[from] item: Leftovers
|-damage|p2a: Alomomola|88/100 brn|[from] brn
|upkeep
|turn|20
|
|t:|1757866205
|move|p1a: Nazuna|Take Heart|p1a: Nazuna
|-boost|p1a: Nazuna|spa|1
|-boost|p1a: Nazuna|spd|1
|move|p2a: Alomomola|Flip Turn|p1a: Nazuna
|-resisted|p1a: Nazuna
|-damage|p1a: Nazuna|97/100
|
|t:|1757866208
|switch|p2a: Scream Tail|Scream Tail|89/100|[from] Flip Turn
|
|-heal|p2a: Scream Tail|95/100|[from] item: Leftovers
|-heal|p1a: Nazuna|100/100|[from] item: Leftovers
|upkeep
|turn|21
|
|t:|1757866213
|-end|p2a: Scream Tail|Protosynthesis|[silent]
|switch|p2a: Alomomola|Alomomola, F|100/100 brn
|switch|p1a: Cinderace|Cinderace, M|50/100
|
|-damage|p2a: Alomomola|94/100 brn|[from] brn
|upkeep
|turn|22
|
|t:|1757866238
|switch|p1a: Rillaboom|Rillaboom, F|71/100
|-fieldstart|move: Grassy Terrain|[from] ability: Grassy Surge|[of] p1a: Rillaboom
|move|p2a: Alomomola|Flip Turn|p1a: Rillaboom
|-resisted|p1a: Rillaboom
|-damage|p1a: Rillaboom|67/100
|
|t:|1757866243
|switch|p2a: Kyurem|Kyurem|99/100|[from] Flip Turn
|-ability|p2a: Kyurem|Pressure
|
|-heal|p2a: Kyurem|100/100|[from] Grassy Terrain
|-heal|p1a: Rillaboom|73/100|[from] Grassy Terrain
|upkeep
|turn|23
|inactive|Lazuli has 270 seconds left.
|
|t:|1757866276
|switch|p1a: Iron Valiant|Iron Valiant|60/100
|move|p2a: Kyurem|Freeze-Dry|p1a: Iron Valiant
|-damage|p1a: Iron Valiant|0 fnt
|faint|p1a: Iron Valiant
|-end|p1a: Iron Valiant|Quark Drive|[silent]
|
|upkeep
|inactive|Lazuli has 240 seconds left.
|inactive|Lazuli has 210 seconds left.
|
|t:|1757866352
|switch|p1a: Cinderace|Cinderace, M|50/100
|turn|24
|
|t:|1757866359
|switch|p2a: Scream Tail|Scream Tail|95/100
|move|p1a: Cinderace|Low Kick|p2a: Scream Tail
|-start|p1a: Cinderace|typechange|Fighting|[from] ability: Libero
|-resisted|p2a: Scream Tail
|-damage|p2a: Scream Tail|93/100
|
|-heal|p1a: Cinderace|56/100|[from] Grassy Terrain
|-heal|p2a: Scream Tail|99/100|[from] Grassy Terrain
|-heal|p2a: Scream Tail|100/100|[from] item: Leftovers
|upkeep
|turn|25
|inactive|Lazuli has 210 seconds left.
|
|t:|1757866370
|switch|p1a: Nazuna|Manaphy|100/100
|-end|p2a: Scream Tail|Protosynthesis|[silent]
|switch|p2a: Kyurem|Kyurem|100/100
|-ability|p2a: Kyurem|Pressure
|
|upkeep
|turn|26
|
|t:|1757866376
|move|p1a: Nazuna|Take Heart|p1a: Nazuna
|-boost|p1a: Nazuna|spa|1
|-boost|p1a: Nazuna|spd|1
|move|p2a: Kyurem|Freeze-Dry|p1a: Nazuna
|-supereffective|p1a: Nazuna
|-damage|p1a: Nazuna|60/100
|
|-heal|p1a: Nazuna|67/100|[from] Grassy Terrain
|-heal|p1a: Nazuna|73/100|[from] item: Leftovers
|-fieldend|move: Grassy Terrain
|upkeep
|turn|27
|
|t:|1757866381
|switch|p2a: Alomomola|Alomomola, F|100/100 brn
|move|p1a: Nazuna|Take Heart|p1a: Nazuna
|-boost|p1a: Nazuna|spa|1
|-boost|p1a: Nazuna|spd|1
|
|-heal|p1a: Nazuna|79/100|[from] item: Leftovers
|-damage|p2a: Alomomola|94/100 brn|[from] brn
|upkeep
|turn|28
|
|t:|1757866389
|move|p1a: Nazuna|Scald|p2a: Alomomola
|-resisted|p2a: Alomomola
|-damage|p2a: Alomomola|80/100 brn
|move|p2a: Alomomola|Mirror Coat|p1a: Nazuna
|-damage|p1a: Nazuna|42/100
|
|-heal|p1a: Nazuna|48/100|[from] item: Leftovers
|-damage|p2a: Alomomola|74/100 brn|[from] brn
|upkeep
|turn|29
|inactive|Lazuli has 210 seconds left.
|
|t:|1757866435
|move|p1a: Nazuna|Scald|p2a: Alomomola
|-resisted|p2a: Alomomola
|-damage|p2a: Alomomola|59/100 brn
|move|p2a: Alomomola|Flip Turn|p1a: Nazuna
|-resisted|p1a: Nazuna
|-damage|p1a: Nazuna|44/100
|
|t:|1757866461
|switch|p2a: Scream Tail|Scream Tail|100/100|[from] Flip Turn
|
|-heal|p1a: Nazuna|50/100|[from] item: Leftovers
|upkeep
|turn|30
|
|t:|1757866475
|move|p2a: Scream Tail|Psychic Noise|p1a: Nazuna
|-damage|p1a: Nazuna|42/100
|-start|p1a: Nazuna|move: Heal Block
|move|p1a: Nazuna|Take Heart|p1a: Nazuna
|-boost|p1a: Nazuna|spa|1
|-boost|p1a: Nazuna|spd|1
|
|upkeep
|turn|31
|inactive|Lazuli has 180 seconds left.
|
|t:|1757866505
|move|p2a: Scream Tail|Encore|p1a: Nazuna
|-start|p1a: Nazuna|Encore
|move|p1a: Nazuna|Take Heart|p1a: Nazuna
|-boost|p1a: Nazuna|spa|1
|-boost|p1a: Nazuna|spd|1
|
|-end|p1a: Nazuna|move: Heal Block
|upkeep
|turn|32
|
|t:|1757866510
|move|p2a: Scream Tail|Psychic Noise|p1a: Nazuna
|-damage|p1a: Nazuna|37/100
|-start|p1a: Nazuna|move: Heal Block
|move|p1a: Nazuna|Take Heart|p1a: Nazuna
|-boost|p1a: Nazuna|spa|1
|-boost|p1a: Nazuna|spd|1
|
|upkeep
|turn|33
|
|t:|1757866514
|move|p2a: Scream Tail|Psychic Noise|p1a: Nazuna
|-damage|p1a: Nazuna|32/100
|move|p1a: Nazuna|Take Heart|p1a: Nazuna
|-boost|p1a: Nazuna|spa|1
|-boost|p1a: Nazuna|spd|1
|
|-end|p1a: Nazuna|Encore
|-end|p1a: Nazuna|move: Heal Block
|upkeep
|turn|34
|
|t:|1757866523
|move|p2a: Scream Tail|Encore|p1a: Nazuna
|-start|p1a: Nazuna|Encore
|move|p1a: Nazuna|Take Heart||[still]
|-boost|p1a: Nazuna|spa|0
|-boost|p1a: Nazuna|spd|0
|-fail|p1a: Nazuna
|
|-heal|p1a: Nazuna|38/100|[from] item: Leftovers
|upkeep
|turn|35
|
|t:|1757866528
|-end|p2a: Scream Tail|Protosynthesis|[silent]
|switch|p2a: Darkrai|Darkrai|100/100
|move|p1a: Nazuna|Take Heart||[still]
|-boost|p1a: Nazuna|spa|0
|-boost|p1a: Nazuna|spd|0
|-fail|p1a: Nazuna
|
|-heal|p1a: Nazuna|44/100|[from] item: Leftovers
|upkeep
|turn|36
|inactive|Lazuli has 210 seconds left.
|
|t:|1757866549
|switch|p1a: Great Tusk|Great Tusk|100/100
|move|p2a: Darkrai|Trick|p1a: Great Tusk
|-activate|p2a: Darkrai|move: Trick|[of] p1a: Great Tusk
|-item|p1a: Great Tusk|Choice Specs|[from] move: Trick
|-item|p2a: Darkrai|Assault Vest|[from] move: Trick
|
|upkeep
|turn|37
|inactive|Lazuli has 210 seconds left.
|inactive|Lazuli has 180 seconds left.
|inactive|Lazuli has 150 seconds left.
|
|t:|1757866629
|switch|p2a: Corviknight|Corviknight, F|97/100
|-ability|p2a: Corviknight|Pressure
|-end|p1a: Great Tusk|Protosynthesis|[silent]
|switch|p1a: Cinderace|Cinderace, M|56/100
|
|upkeep
|turn|38
|
|t:|1757866652
|switch|p1a: Rillaboom|Rillaboom, F|73/100
|-fieldstart|move: Grassy Terrain|[from] ability: Grassy Surge|[of] p1a: Rillaboom
|switch|p2a: Alomomola|Alomomola, F|92/100 brn
|
|-heal|p1a: Rillaboom|79/100|[from] Grassy Terrain
|-heal|p2a: Alomomola|99/100 brn|[from] Grassy Terrain
|-damage|p2a: Alomomola|92/100 brn|[from] brn
|upkeep
|turn|39
|inactive|Lazuli has 150 seconds left.
|
|t:|1757866658
|switch|p2a: Corviknight|Corviknight, F|97/100
|-ability|p2a: Corviknight|Pressure
|move|p1a: Rillaboom|U-turn|p2a: Corviknight
|-resisted|p2a: Corviknight
|-damage|p2a: Corviknight|93/100
|-damage|p1a: Rillaboom|62/100|[from] item: Rocky Helmet|[of] p2a: Corviknight
|
|t:|1757866660
|switch|p1a: Nazuna|Manaphy|44/100|[from] U-turn
|
|-heal|p1a: Nazuna|50/100|[from] Grassy Terrain
|-heal|p1a: Nazuna|56/100|[from] item: Leftovers
|upkeep
|turn|40
|
|t:|1757866664
|move|p1a: Nazuna|Take Heart|p1a: Nazuna
|-boost|p1a: Nazuna|spa|1
|-boost|p1a: Nazuna|spd|1
|move|p2a: Corviknight|U-turn|p1a: Nazuna
|-damage|p1a: Nazuna|45/100
|
|t:|1757866670
|switch|p2a: Scream Tail|Scream Tail|100/100|[from] U-turn
|
|-heal|p1a: Nazuna|51/100|[from] Grassy Terrain
|-heal|p1a: Nazuna|57/100|[from] item: Leftovers
|upkeep
|turn|41
|
|t:|1757866675
|move|p2a: Scream Tail|Psychic Noise|p1a: Nazuna
|-damage|p1a: Nazuna|48/100
|-start|p1a: Nazuna|move: Heal Block
|move|p1a: Nazuna|Take Heart|p1a: Nazuna
|-boost|p1a: Nazuna|spa|1
|-boost|p1a: Nazuna|spd|1
|
|upkeep
|turn|42
|
|t:|1757866682
|move|p2a: Scream Tail|Encore|p1a: Nazuna
|-start|p1a: Nazuna|Encore
|move|p1a: Nazuna|Take Heart|p1a: Nazuna
|-boost|p1a: Nazuna|spa|1
|-boost|p1a: Nazuna|spd|1
|
|-end|p1a: Nazuna|move: Heal Block
|-fieldend|move: Grassy Terrain
|upkeep
|turn|43
|
|t:|1757866697
|move|p2a: Scream Tail|Psychic Noise|p1a: Nazuna
|-damage|p1a: Nazuna|42/100
|-start|p1a: Nazuna|move: Heal Block
|move|p1a: Nazuna|Take Heart|p1a: Nazuna
|-boost|p1a: Nazuna|spa|1
|-boost|p1a: Nazuna|spd|1
|
|upkeep
|turn|44
|
|t:|1757866703
|move|p2a: Scream Tail|Psychic Noise|p1a: Nazuna
|-damage|p1a: Nazuna|37/100
|move|p1a: Nazuna|Take Heart|p1a: Nazuna
|-boost|p1a: Nazuna|spa|1
|-boost|p1a: Nazuna|spd|1
|
|-end|p1a: Nazuna|Encore
|-end|p1a: Nazuna|move: Heal Block
|upkeep
|turn|45
|
|t:|1757866707
|move|p2a: Scream Tail|Encore|p1a: Nazuna
|-start|p1a: Nazuna|Encore
|move|p1a: Nazuna|Take Heart|p1a: Nazuna
|-boost|p1a: Nazuna|spa|1
|-boost|p1a: Nazuna|spd|1
|
|-heal|p1a: Nazuna|43/100|[from] item: Leftovers
|upkeep
|turn|46
|
|t:|1757866717
|move|p2a: Scream Tail|Psychic Noise|p1a: Nazuna
|-damage|p1a: Nazuna|38/100
|-start|p1a: Nazuna|move: Heal Block
|move|p1a: Nazuna|Take Heart||[still]
|-boost|p1a: Nazuna|spa|0
|-boost|p1a: Nazuna|spd|0
|-fail|p1a: Nazuna
|
|upkeep
|turn|47
|
|t:|1757866721
|move|p2a: Scream Tail|Psychic Noise|p1a: Nazuna
|-damage|p1a: Nazuna|34/100
|move|p1a: Nazuna|Take Heart||[still]
|-boost|p1a: Nazuna|spa|0
|-boost|p1a: Nazuna|spd|0
|-fail|p1a: Nazuna
|
|-end|p1a: Nazuna|Encore
|-end|p1a: Nazuna|move: Heal Block
|upkeep
|turn|48
|
|t:|1757866725
|move|p2a: Scream Tail|Encore|p1a: Nazuna
|-start|p1a: Nazuna|Encore
|move|p1a: Nazuna|Take Heart||[still]
|-boost|p1a: Nazuna|spa|0
|-boost|p1a: Nazuna|spd|0
|-fail|p1a: Nazuna
|
|-heal|p1a: Nazuna|41/100|[from] item: Leftovers
|upkeep
|turn|49
|
|t:|1757866728
|move|p2a: Scream Tail|Psychic Noise|p1a: Nazuna
|-damage|p1a: Nazuna|36/100
|-start|p1a: Nazuna|move: Heal Block
|move|p1a: Nazuna|Take Heart||[still]
|-boost|p1a: Nazuna|spa|0
|-boost|p1a: Nazuna|spd|0
|-fail|p1a: Nazuna
|
|upkeep
|turn|50
|
|t:|1757866749
|move|p2a: Scream Tail|Psychic Noise|p1a: Nazuna
|-damage|p1a: Nazuna|32/100
|move|p1a: Nazuna|Take Heart||[still]
|-boost|p1a: Nazuna|spa|0
|-boost|p1a: Nazuna|spd|0
|-fail|p1a: Nazuna
|
|-end|p1a: Nazuna|Encore
|-end|p1a: Nazuna|move: Heal Block
|upkeep
|turn|51
|
|t:|1757866757
|move|p2a: Scream Tail|Encore|p1a: Nazuna
|-start|p1a: Nazuna|Encore
|move|p1a: Nazuna|Take Heart||[still]
|-boost|p1a: Nazuna|spa|0
|-boost|p1a: Nazuna|spd|0
|-fail|p1a: Nazuna
|
|-heal|p1a: Nazuna|38/100|[from] item: Leftovers
|upkeep
|turn|52
|
|t:|1757866763
|move|p2a: Scream Tail|Psychic Noise|p1a: Nazuna
|-damage|p1a: Nazuna|34/100
|-start|p1a: Nazuna|move: Heal Block
|move|p1a: Nazuna|Take Heart||[still]
|-boost|p1a: Nazuna|spa|0
|-boost|p1a: Nazuna|spd|0
|-fail|p1a: Nazuna
|
|-end|p1a: Nazuna|Encore
|upkeep
|turn|53
|
|t:|1757866772
|move|p2a: Scream Tail|Protect|p2a: Scream Tail
|-singleturn|p2a: Scream Tail|Protect
|move|p1a: Nazuna|Scald|p2a: Scream Tail
|-activate|p2a: Scream Tail|move: Protect
|
|-end|p1a: Nazuna|move: Heal Block
|upkeep
|turn|54
|inactive|FFKz has 270 seconds left.
|inactive|FFKz has 240 seconds left.
|
|t:|1757866836
|-end|p2a: Scream Tail|Protosynthesis|[silent]
|switch|p2a: Alomomola|Alomomola, F|100/100 brn
|move|p1a: Nazuna|Scald|p2a: Alomomola
|-resisted|p2a: Alomomola
|-damage|p2a: Alomomola|72/100 brn
|
|-heal|p1a: Nazuna|40/100|[from] item: Leftovers
|-damage|p2a: Alomomola|65/100 brn|[from] brn
|upkeep
|turn|55
|
|t:|1757866845
|move|p1a: Nazuna|Stored Power|p2a: Alomomola
|-damage|p2a: Alomomola|0 fnt
|faint|p2a: Alomomola
|
|-heal|p1a: Nazuna|46/100|[from] item: Leftovers
|upkeep
|
|t:|1757866853
|switch|p2a: Scream Tail|Scream Tail|100/100
|turn|56
|
|t:|1757866862
|move|p2a: Scream Tail|Encore|p1a: Nazuna
|-start|p1a: Nazuna|Encore
|move|p1a: Nazuna|Stored Power|p2a: Scream Tail
|-resisted|p2a: Scream Tail
|-damage|p2a: Scream Tail|21/100
|
|-heal|p2a: Scream Tail|27/100|[from] item: Leftovers
|-heal|p1a: Nazuna|52/100|[from] item: Leftovers
|upkeep
|turn|57
|
|t:|1757866867
|move|p2a: Scream Tail|Psychic Noise|p1a: Nazuna
|-damage|p1a: Nazuna|48/100
|-start|p1a: Nazuna|move: Heal Block
|move|p1a: Nazuna|Stored Power|p2a: Scream Tail
|-resisted|p2a: Scream Tail
|-damage|p2a: Scream Tail|0 fnt
|faint|p2a: Scream Tail
|-end|p2a: Scream Tail|Protosynthesis|[silent]
|
|upkeep
|
|t:|1757866870
|switch|p2a: Darkrai|Darkrai|100/100
|turn|58
|inactive|FFKz has 270 seconds left.
|
|t:|1757866875
|move|p2a: Darkrai|Sludge Bomb|p1a: Nazuna
|-damage|p1a: Nazuna|41/100
|move|p1a: Nazuna|Stored Power|p2a: Darkrai
|-immune|p2a: Darkrai
|
|-end|p1a: Nazuna|Encore
|-end|p1a: Nazuna|move: Heal Block
|upkeep
|turn|59
|
|t:|1757866880
|move|p2a: Darkrai|Sludge Bomb|p1a: Nazuna
|-damage|p1a: Nazuna|34/100
|move|p1a: Nazuna|Scald|p2a: Darkrai
|-damage|p2a: Darkrai|0 fnt
|faint|p2a: Darkrai
|
|-heal|p1a: Nazuna|41/100|[from] item: Leftovers
|upkeep
|
|t:|1757866891
|switch|p2a: Kyurem|Kyurem|100/100
|-ability|p2a: Kyurem|Pressure
|turn|60
|
|t:|1757866898
|move|p2a: Kyurem|Protect|p2a: Kyurem
|-singleturn|p2a: Kyurem|Protect
|move|p1a: Nazuna|Stored Power|p2a: Kyurem
|-activate|p2a: Kyurem|move: Protect
|
|-heal|p1a: Nazuna|47/100|[from] item: Leftovers
|upkeep
|turn|61
|
|t:|1757866907
|move|p2a: Kyurem|Protect||[still]
|-fail|p2a: Kyurem
|move|p1a: Nazuna|Stored Power|p2a: Kyurem
|-damage|p2a: Kyurem|0 fnt
|faint|p2a: Kyurem
|
|-heal|p1a: Nazuna|53/100|[from] item: Leftovers
|upkeep
|
|t:|1757866914
|switch|p2a: Weezing|Weezing-Galar, M|100/100
|-ability|p2a: Weezing|Neutralizing Gas
|turn|62
|-message|FFKz forfeited.
|
|win|Lazuli
|c|☆FFKz|gg
|c|☆Lazuli|gg
|player|p1|
|player|p2|
