|j|☆Itsn0t
|j|☆Whatsapp Liligant
|t:|1757848751
|gametype|singles
|player|p1|Itsn0t|lance|1196
|player|p2|Whatsapp Liligant|cheryl|1276
|gen|9
|tier|[Gen 9] OU
|rated|
|rule|HP Percentage Mod: HP is shown in percentages
|rule|Endless Battle Clause: Forcing endless battles is banned
|rule|Species Clause: Limit one of each Pokémon
|rule|OHKO Clause: OHKO moves are banned
|rule|Evasion Items Clause: Evasion items are banned
|rule|Evasion Moves Clause: Evasion moves are banned
|rule|Evasion Abilities Clause: Evasion abilities are banned
|rule|Sleep Moves Clause: Sleep-inducing moves are banned
|clearpoke
|poke|p1|Gliscor, M|
|poke|p1|Gholdengo|
|poke|p1|Dragapult, M|
|poke|p1|Ogerpon-Wellspring, F|
|poke|p1|Great Tusk|
|poke|p1|Kingambit, M|
|poke|p2|Gumshoos, M|
|poke|p2|Probopass, M|
|poke|p2|Scrafty, M|
|poke|p2|Dragapult, F|
|poke|p2|Iron Hands|
|poke|p2|Inteleon, M|
|teampreview
|
|t:|1757848764
|teamsize|p1|6
|teamsize|p2|6
|start
|switch|p1a: Gliscor|Gliscor, M|100/100
|switch|p2a: Trump|Gumshoos, M|100/100
|turn|1
|
|t:|1757848774
|move|p1a: Gliscor|Stealth Rock|p2a: Trump
|-sidestart|p2: Whatsapp Liligant|move: Stealth Rock
|move|p2a: Trump|Knock Off|p1a: Gliscor
|-damage|p1a: Gliscor|80/100
|-enditem|p1a: Gliscor|Toxic Orb|[from] move: Knock Off|[of] p2a: Trump
|
|upkeep
|turn|2
|
|t:|1757848782
|move|p1a: Gliscor|Spikes|p2a: Trump
|-sidestart|p2: Whatsapp Liligant|Spikes
|move|p2a: Trump|Super Fang|p1a: Gliscor
|-damage|p1a: Gliscor|41/100
|
|upkeep
|turn|3
|
|t:|1757848788
|move|p1a: Gliscor|Toxic|p2a: Trump
|-status|p2a: Trump|tox
|move|p2a: Trump|Taunt|p1a: Gliscor
|-start|p1a: Gliscor|move: Taunt
|
|-damage|p2a: Trump|94/100 tox|[from] psn
|upkeep
|turn|4
|
|t:|1757848800
|switch|p1a: Dragapult|Dragapult, M|100/100
|move|p2a: Trump|Reversal|p1a: Dragapult
|-immune|p1a: Dragapult
|
|-damage|p2a: Trump|82/100 tox|[from] psn
|upkeep
|turn|5
|
|t:|1757848820
|move|p1a: Dragapult|Draco Meteor|p2a: Trump
|-damage|p2a: Trump|0 fnt
|-unboost|p1a: Dragapult|spa|2
|faint|p2a: Trump
|
|upkeep
|
|t:|1757848830
|switch|p2a: Charlie Kirk|Inteleon, M|100/100
|-damage|p2a: Charlie Kirk|88/100|[from] Stealth Rock
|-damage|p2a: Charlie Kirk|76/100|[from] Spikes
|turn|6
|
|t:|1757848837
|switch|p1a: Ogerpon|Ogerpon-Wellspring, F|100/100
|move|p2a: Charlie Kirk|Agility|p2a: Charlie Kirk
|-boost|p2a: Charlie Kirk|spe|2
|
|upkeep
|turn|7
|
|t:|1757848845
|-terastallize|p1a: Ogerpon|Water
|detailschange|p1a: Ogerpon|Ogerpon-Wellspring-Tera, F, tera:Water
|-ability|p1a: Ogerpon|Embody Aspect (Wellspring)|boost
|-boost|p1a: Ogerpon|spd|1
|move|p2a: Charlie Kirk|Air Cutter|p1a: Ogerpon
|-crit|p1a: Ogerpon
|-damage|p1a: Ogerpon|36/100
|move|p1a: Ogerpon|Horn Leech|p2a: Charlie Kirk
|-supereffective|p2a: Charlie Kirk
|-damage|p2a: Charlie Kirk|0 fnt
|-heal|p1a: Ogerpon|77/100|[from] drain|[of] p2a: Charlie Kirk
|faint|p2a: Charlie Kirk
|
|upkeep
|
|t:|1757848856
|switch|p2a: B-2 Stealth Bomber|Dragapult, F|100/100
|-damage|p2a: B-2 Stealth Bomber|88/100|[from] Stealth Rock
|-damage|p2a: B-2 Stealth Bomber|76/100|[from] Spikes
|turn|8
|
|t:|1757848866
|move|p2a: B-2 Stealth Bomber|Thunder Wave|p1a: Ogerpon
|-status|p1a: Ogerpon|par
|move|p1a: Ogerpon|Play Rough|p2a: B-2 Stealth Bomber
|-supereffective|p2a: B-2 Stealth Bomber
|-crit|p2a: B-2 Stealth Bomber
|-damage|p2a: B-2 Stealth Bomber|0 fnt
|faint|p2a: B-2 Stealth Bomber
|
|upkeep
|
|t:|1757848876
|switch|p2a: Hoodlum|Scrafty, M|100/100
|-damage|p2a: Hoodlum|95/100|[from] Stealth Rock
|-damage|p2a: Hoodlum|82/100|[from] Spikes
|turn|9
|
|t:|1757848910
|-terastallize|p2a: Hoodlum|Poison
|cant|p1a: Ogerpon|par
|move|p2a: Hoodlum|Bulk Up|p2a: Hoodlum
|-boost|p2a: Hoodlum|atk|1
|-boost|p2a: Hoodlum|def|1
|
|-heal|p2a: Hoodlum|88/100|[from] item: Leftovers
|upkeep
|turn|10
|inactive|Battle timer is ON: inactive players will automatically lose when time's up. (requested by Whatsapp Liligant)
|
|t:|1757848937
|switch|p1a: Great Tusk|Great Tusk|100/100
|move|p2a: Hoodlum|Bulk Up|p2a: Hoodlum
|-boost|p2a: Hoodlum|atk|1
|-boost|p2a: Hoodlum|def|1
|
|-heal|p2a: Hoodlum|94/100|[from] item: Leftovers
|upkeep
|turn|11
|
|t:|1757848955
|move|p1a: Great Tusk|Ice Spinner|p2a: Hoodlum
|-damage|p2a: Hoodlum|83/100
|move|p2a: Hoodlum|Drain Punch|p1a: Great Tusk
|-damage|p1a: Great Tusk|77/100
|-heal|p2a: Hoodlum|98/100|[from] drain|[of] p1a: Great Tusk
|
|-heal|p2a: Hoodlum|100/100|[from] item: Leftovers
|upkeep
|turn|12
|
|t:|1757848971
|move|p1a: Great Tusk|Knock Off|p2a: Hoodlum
|-damage|p2a: Hoodlum|87/100
|-enditem|p2a: Hoodlum|Leftovers|[from] move: Knock Off|[of] p1a: Great Tusk
|move|p2a: Hoodlum|Bulk Up|p2a: Hoodlum
|-boost|p2a: Hoodlum|atk|1
|-boost|p2a: Hoodlum|def|1
|
|upkeep
|turn|13
|inactive|Itsn0t has 120 seconds left.
|
|t:|1757848995
|-end|p1a: Great Tusk|Protosynthesis|[silent]
|switch|p1a: Gholdengo|Gholdengo|100/100
|move|p2a: Hoodlum|Knock Off|p1a: Gholdengo
|-supereffective|p1a: Gholdengo
|-crit|p1a: Gholdengo
|-damage|p1a: Gholdengo|0 fnt
|-enditem|p1a: Gholdengo|Leftovers|[from] move: Knock Off|[of] p2a: Hoodlum
|faint|p1a: Gholdengo
|
|upkeep
|inactive|Itsn0t has 120 seconds left.
|
|t:|1757849016
|switch|p1a: Gliscor|Gliscor, M|41/100
|turn|14
|
|t:|1757849022
|move|p1a: Gliscor|Earthquake|p2a: Hoodlum
|-supereffective|p2a: Hoodlum
|-damage|p2a: Hoodlum|61/100
|move|p2a: Hoodlum|Bulk Up|p2a: Hoodlum
|-boost|p2a: Hoodlum|atk|1
|-boost|p2a: Hoodlum|def|1
|
|upkeep
|turn|15
|
|t:|1757849033
|move|p1a: Gliscor|Spikes|p2a: Hoodlum
|-sidestart|p2: Whatsapp Liligant|Spikes
|move|p2a: Hoodlum|Bulk Up|p2a: Hoodlum
|-boost|p2a: Hoodlum|atk|1
|-boost|p2a: Hoodlum|def|1
|
|upkeep
|turn|16
|
|t:|1757849048
|switch|p1a: Ogerpon|Ogerpon-Wellspring-Tera, F, tera:Water|77/100 par
|-ability|p1a: Ogerpon|Embody Aspect (Wellspring)|boost
|-boost|p1a: Ogerpon|spd|1
|move|p2a: Hoodlum|Rest|p2a: Hoodlum
|-status|p2a: Hoodlum|slp|[from] move: Rest
|-heal|p2a: Hoodlum|100/100 slp|[silent]
|
|-activate|p2a: Hoodlum|ability: Shed Skin
|-curestatus|p2a: Hoodlum|slp|[msg]
|upkeep
|turn|17
|
|t:|1757849066
|cant|p1a: Ogerpon|par
|move|p2a: Hoodlum|Drain Punch|p1a: Ogerpon
|-damage|p1a: Ogerpon|0 fnt
|faint|p1a: Ogerpon
|detailschange|p1: Ogerpon|Ogerpon-Wellspring, F|[silent]
|
|upkeep
|
|t:|1757849075
|switch|p1a: Dragapult|Dragapult, M|100/100
|turn|18
|
|t:|1757849084
|move|p1a: Dragapult|Draco Meteor|p2a: Hoodlum
|-damage|p2a: Hoodlum|42/100
|-unboost|p1a: Dragapult|spa|2
|move|p2a: Hoodlum|Knock Off|p1a: Dragapult
|-supereffective|p1a: Dragapult
|-damage|p1a: Dragapult|0 fnt
|-enditem|p1a: Dragapult|Choice Specs|[from] move: Knock Off|[of] p2a: Hoodlum
|faint|p1a: Dragapult
|
|upkeep
|inactive|Itsn0t has 90 seconds left.
|
|t:|1757849110
|switch|p1a: Gliscor|Gliscor, M|41/100
|turn|19
|inactive|Itsn0t has 90 seconds left.
|
|t:|1757849119
|move|p1a: Gliscor|Earthquake|p2a: Hoodlum
|-supereffective|p2a: Hoodlum
|-damage|p2a: Hoodlum|26/100
|move|p2a: Hoodlum|Rest|p2a: Hoodlum
|-status|p2a: Hoodlum|slp|[from] move: Rest
|-heal|p2a: Hoodlum|100/100 slp|[silent]
|
|-activate|p2a: Hoodlum|ability: Shed Skin
|-curestatus|p2a: Hoodlum|slp|[msg]
|upkeep
|turn|20
|inactive|Itsn0t has 90 seconds left.
|
|t:|1757849134
|move|p1a: Gliscor|Toxic|p2a: Hoodlum
|-immune|p2a: Hoodlum
|move|p2a: Hoodlum|Knock Off|p1a: Gliscor
|-damage|p1a: Gliscor|0 fnt
|faint|p1a: Gliscor
|
|upkeep
|inactive|Itsn0t has 90 seconds left.
|
|t:|1757849153
|switch|p1a: Kingambit|Kingambit, M|100/100
|-activate|p1a: Kingambit|ability: Supreme Overlord
|-start|p1a: Kingambit|fallen4|[silent]
|turn|21
|
|t:|1757849169
|move|p2a: Hoodlum|Drain Punch|p1a: Kingambit
|-supereffective|p1a: Kingambit
|-damage|p1a: Kingambit|0 fnt
|faint|p1a: Kingambit
|-end|p1a: Kingambit|fallen4|[silent]
|
|upkeep
|inactive|Itsn0t has 90 seconds left.
|
|t:|1757849189
|switch|p1a: Great Tusk|Great Tusk|77/100
|turn|22
|-message|Itsn0t forfeited.
|
|win|Whatsapp Liligant
|raw|Itsn0t's rating: 1196 &rarr; <strong>1177</strong><br />(-19 for losing)
|raw|Whatsapp Liligant's rating: 1276 &rarr; <strong>1295</strong><br />(+19 for winning)
|l|☆Itsn0t
|player|p1|
