|j|☆flygonisdragon
|j|☆Tt2041
|t:|1757833146
|gametype|singles
|player|p1|flygonisdragon|serena-masters|1546
|player|p2|Tt2041|dawn|1572
|gen|9
|tier|[Gen 9] OU
|rated|
|rule|HP Percentage Mod: HP is shown in percentages
|rule|Endless Battle Clause: Forcing endless battles is banned
|rule|Species Clause: Limit one of each Pokémon
|rule|OHKO Clause: OHKO moves are banned
|rule|Evasion Items Clause: Evasion items are banned
|rule|Evasion Moves Clause: Evasion moves are banned
|rule|Evasion Abilities Clause: Evasion abilities are banned
|rule|Sleep Moves Clause: Sleep-inducing moves are banned
|clearpoke
|poke|p1|Volcanion|
|poke|p1|Metagross|
|poke|p1|Zamazenta-*|
|poke|p1|Rillaboom, M|
|poke|p1|Fezandipiti, M|
|poke|p1|Regidrago|
|poke|p2|Gliscor, M|
|poke|p2|Ting-Lu|
|poke|p2|Meowscarada, F|
|poke|p2|Pecharunt|
|poke|p2|Zapdos|
|poke|p2|Volcanion|
|teampreview
|
|t:|1757833181
|teamsize|p1|6
|teamsize|p2|6
|start
|switch|p1a: Fezandipiti|Fezandipiti, M|100/100
|switch|p2a: Gliscor|Gliscor, M|100/100
|turn|1
|
|t:|1757833193
|switch|p1a: Regidrago|Regidrago|100/100
|move|p2a: Gliscor|Stealth Rock|p1a: Regidrago
|-sidestart|p1: flygonisdragon|move: Stealth Rock
|
|-status|p2a: Gliscor|tox|[from] item: Toxic Orb
|upkeep
|turn|2
|
|t:|1757833210
|move|p2a: Gliscor|Protect|p2a: Gliscor
|-singleturn|p2a: Gliscor|Protect
|move|p1a: Regidrago|Dragon Energy|p2a: Gliscor
|-activate|p2a: Gliscor|move: Protect
|
|upkeep
|turn|3
|
|t:|1757833217
|switch|p2a: Ting-Lu|Ting-Lu|100/100
|-ability|p2a: Ting-Lu|Vessel of Ruin
|move|p1a: Regidrago|Dragon Energy|p2a: Ting-Lu
|-damage|p2a: Ting-Lu|37/100
|
|-heal|p2a: Ting-Lu|43/100|[from] item: Leftovers
|upkeep
|turn|4
|
|t:|1757833253
|switch|p2a: Volcanion|Volcanion|100/100
|move|p1a: Regidrago|Dragon Energy|p2a: Volcanion
|-damage|p2a: Volcanion|3/100
|
|upkeep
|turn|5
|
|t:|1757833262
|move|p1a: Regidrago|Dragon Energy|p2a: Volcanion
|-damage|p2a: Volcanion|0 fnt
|faint|p2a: Volcanion
|
|upkeep
|
|t:|1757833266
|switch|p2a: Zapdos|Zapdos|100/100
|turn|6
|
|t:|1757833277
|switch|p1a: Fezandipiti|Fezandipiti, M|100/100
|-terastallize|p2a: Zapdos|Steel
|move|p2a: Zapdos|Discharge|p1a: Fezandipiti
|-damage|p1a: Fezandipiti|83/100
|
|upkeep
|turn|7
|
|t:|1757833285
|move|p2a: Zapdos|Hurricane|p1a: Fezandipiti
|-damage|p1a: Fezandipiti|57/100
|-start|p1a: Fezandipiti|confusion
|-activate|p1a: Fezandipiti|confusion
|move|p1a: Fezandipiti|U-turn|p2a: Zapdos
|-resisted|p2a: Zapdos
|-damage|p2a: Zapdos|94/100
|
|t:|1757833299
|switch|p1a: Metagross|Metagross|100/100|[from] U-turn
|-damage|p1a: Metagross|95/100|[from] Stealth Rock
|
|upkeep
|turn|8
|
|t:|1757833305
|switch|p2a: Gliscor|Gliscor, M|100/100 tox
|move|p1a: Metagross|Stealth Rock|p2a: Gliscor
|-sidestart|p2: Tt2041|move: Stealth Rock
|
|upkeep
|turn|9
|
|t:|1757833321
|switch|p1a: Volcanion|Volcanion|100/100
|-damage|p1a: Volcanion|76/100|[from] Stealth Rock
|move|p2a: Gliscor|Knock Off|p1a: Volcanion
|-damage|p1a: Volcanion|54/100
|-enditem|p1a: Volcanion|Choice Specs|[from] move: Knock Off|[of] p2a: Gliscor
|
|upkeep
|turn|10
|
|t:|1757833342
|switch|p2a: Zapdos|Zapdos, tera:Steel|94/100
|move|p1a: Volcanion|Steam Eruption|p2a: Zapdos
|-damage|p2a: Zapdos|51/100
|-status|p2a: Zapdos|brn
|
|-damage|p2a: Zapdos|45/100 brn|[from] brn
|upkeep
|turn|11
|
|t:|1757833352
|switch|p1a: Rillaboom|Rillaboom, M|100/100
|-damage|p1a: Rillaboom|88/100|[from] Stealth Rock
|-fieldstart|move: Grassy Terrain|[from] ability: Grassy Surge|[of] p1a: Rillaboom
|move|p2a: Zapdos|Discharge|p1a: Rillaboom
|-resisted|p1a: Rillaboom
|-damage|p1a: Rillaboom|65/100
|
|-heal|p1a: Rillaboom|71/100|[from] Grassy Terrain
|-heal|p2a: Zapdos|51/100 brn|[from] Grassy Terrain
|-damage|p2a: Zapdos|45/100 brn|[from] brn
|upkeep
|turn|12
|
|t:|1757833363
|switch|p1a: Fezandipiti|Fezandipiti, M|57/100
|move|p2a: Zapdos|U-turn|p1a: Fezandipiti
|-resisted|p1a: Fezandipiti
|-damage|p1a: Fezandipiti|55/100
|
|t:|1757833373
|switch|p2a: Gliscor|Gliscor, M|100/100 tox|[from] U-turn
|-damage|p2a: Gliscor|88/100 tox|[from] Stealth Rock
|
|-heal|p1a: Fezandipiti|61/100|[from] Grassy Terrain
|-heal|p2a: Gliscor|100/100 tox|[from] ability: Poison Heal
|upkeep
|turn|13
|
|t:|1757833402
|move|p1a: Fezandipiti|Roost|p1a: Fezandipiti
|-heal|p1a: Fezandipiti|100/100
|-singleturn|p1a: Fezandipiti|move: Roost
|move|p2a: Gliscor|U-turn|p1a: Fezandipiti
|-resisted|p1a: Fezandipiti
|-damage|p1a: Fezandipiti|97/100
|j| HGalliumh
|
|t:|1757833408
|switch|p2a: Ting-Lu|Ting-Lu|43/100|[from] U-turn
|-damage|p2a: Ting-Lu|37/100|[from] Stealth Rock
|-ability|p2a: Ting-Lu|Vessel of Ruin
|
|-heal|p1a: Fezandipiti|100/100|[from] Grassy Terrain
|-heal|p2a: Ting-Lu|43/100|[from] Grassy Terrain
|-heal|p2a: Ting-Lu|49/100|[from] item: Leftovers
|upkeep
|turn|14
|
|t:|1757833416
|switch|p1a: Regidrago|Regidrago|100/100
|-damage|p1a: Regidrago|88/100|[from] Stealth Rock
|move|p2a: Ting-Lu|Rest|p2a: Ting-Lu
|-status|p2a: Ting-Lu|slp|[from] move: Rest
|-heal|p2a: Ting-Lu|100/100 slp|[silent]
|
|-heal|p1a: Regidrago|94/100|[from] Grassy Terrain
|upkeep
|turn|15
|j| heatraniac
|j| Rainbow Chrome
|
|t:|1757833429
|move|p1a: Regidrago|Dragon Energy|p2a: Ting-Lu
|-damage|p2a: Ting-Lu|42/100 slp
|cant|p2a: Ting-Lu|slp
|move|p2a: Ting-Lu|Sleep Talk|p2a: Ting-Lu
|move|p2a: Ting-Lu|Whirlwind|p1a: Regidrago|[from] move: Sleep Talk
|drag|p1a: Rillaboom|Rillaboom, M|71/100
|-damage|p1a: Rillaboom|59/100|[from] Stealth Rock
|
|-heal|p1a: Rillaboom|65/100|[from] Grassy Terrain
|-heal|p2a: Ting-Lu|48/100 slp|[from] Grassy Terrain
|-heal|p2a: Ting-Lu|54/100 slp|[from] item: Leftovers
|-fieldend|move: Grassy Terrain
|upkeep
|turn|16
|l| HGalliumh
|
|t:|1757833441
|switch|p2a: Gliscor|Gliscor, M|100/100 tox
|-damage|p2a: Gliscor|88/100 tox|[from] Stealth Rock
|move|p1a: Rillaboom|U-turn|p2a: Gliscor
|-resisted|p2a: Gliscor
|-damage|p2a: Gliscor|75/100 tox
|j| HGalliumh
|
|t:|1757833444
|switch|p1a: Regidrago|Regidrago|94/100|[from] U-turn
|-damage|p1a: Regidrago|82/100|[from] Stealth Rock
|
|-heal|p2a: Gliscor|88/100 tox|[from] ability: Poison Heal
|upkeep
|turn|17
|
|t:|1757833452
|move|p1a: Regidrago|Dragon Energy|p2a: Gliscor
|-damage|p2a: Gliscor|0 fnt
|faint|p2a: Gliscor
|
|upkeep
|
|t:|1757833459
|switch|p2a: Zapdos|Zapdos, tera:Steel|45/100 brn
|turn|18
|
|t:|1757833476
|switch|p1a: Fezandipiti|Fezandipiti, M|100/100
|move|p2a: Zapdos|Roost|p2a: Zapdos
|-heal|p2a: Zapdos|95/100 brn
|
|-damage|p2a: Zapdos|89/100 brn|[from] brn
|upkeep
|turn|19
|
|t:|1757833483
|move|p2a: Zapdos|U-turn|p1a: Fezandipiti
|-resisted|p1a: Fezandipiti
|-damage|p1a: Fezandipiti|99/100
|
|t:|1757833487
|switch|p2a: Ting-Lu|Ting-Lu|54/100 slp|[from] U-turn
|-damage|p2a: Ting-Lu|48/100 slp|[from] Stealth Rock
|-ability|p2a: Ting-Lu|Vessel of Ruin
|move|p1a: Fezandipiti|Tailwind|p1a: Fezandipiti
|-sidestart|p1: flygonisdragon|move: Tailwind
|
|-heal|p2a: Ting-Lu|54/100 slp|[from] item: Leftovers
|upkeep
|turn|20
|l| heatraniac
|
|t:|1757833495
|switch|p1a: Rillaboom|Rillaboom, M|65/100
|-damage|p1a: Rillaboom|53/100|[from] Stealth Rock
|-fieldstart|move: Grassy Terrain|[from] ability: Grassy Surge|[of] p1a: Rillaboom
|cant|p2a: Ting-Lu|slp
|move|p2a: Ting-Lu|Sleep Talk|p2a: Ting-Lu
|move|p2a: Ting-Lu|Spikes|p1a: Rillaboom|[from] move: Sleep Talk
|-sidestart|p1: flygonisdragon|Spikes
|
|-heal|p1a: Rillaboom|59/100|[from] Grassy Terrain
|-heal|p2a: Ting-Lu|60/100 slp|[from] Grassy Terrain
|-heal|p2a: Ting-Lu|66/100 slp|[from] item: Leftovers
|upkeep
|turn|21
|
|t:|1757833507
|switch|p2a: Pecharunt|Pecharunt|100/100
|move|p1a: Rillaboom|Wood Hammer|p2a: Pecharunt
|-resisted|p2a: Pecharunt
|-damage|p2a: Pecharunt|70/100
|-damage|p1a: Rillaboom|48/100|[from] Recoil
|
|-heal|p1a: Rillaboom|54/100|[from] Grassy Terrain
|-heal|p2a: Pecharunt|77/100|[from] Grassy Terrain
|upkeep
|turn|22
|
|t:|1757833518
|switch|p1a: Fezandipiti|Fezandipiti, M|99/100
|move|p2a: Pecharunt|Parting Shot|p1a: Fezandipiti
|-unboost|p1a: Fezandipiti|atk|1
|-unboost|p1a: Fezandipiti|spa|1
|
|t:|1757833525
|switch|p2a: Meowscarada|Meowscarada, F|100/100|[from] Parting Shot
|
|-heal|p1a: Fezandipiti|100/100|[from] Grassy Terrain
|-sideend|p1: flygonisdragon|move: Tailwind
|upkeep
|turn|23
|
|t:|1757833531
|move|p2a: Meowscarada|Knock Off|p1a: Fezandipiti
|-start|p2a: Meowscarada|typechange|Dark|[from] ability: Protean
|-resisted|p1a: Fezandipiti
|-damage|p1a: Fezandipiti|75/100
|-enditem|p1a: Fezandipiti|Heavy-Duty Boots|[from] move: Knock Off|[of] p2a: Meowscarada
|move|p1a: Fezandipiti|U-turn|p2a: Meowscarada
|-supereffective|p2a: Meowscarada
|-damage|p2a: Meowscarada|72/100
|-status|p2a: Meowscarada|tox|[from] ability: Toxic Chain|[of] p1a: Fezandipiti
|
|t:|1757833540
|switch|p1a: Zamazenta|Zamazenta|100/100|[from] U-turn
|-damage|p1a: Zamazenta|94/100|[from] Stealth Rock
|-damage|p1a: Zamazenta|82/100|[from] Spikes
|-ability|p1a: Zamazenta|Dauntless Shield|boost
|-boost|p1a: Zamazenta|def|1
|
|-heal|p1a: Zamazenta|88/100|[from] Grassy Terrain
|-heal|p1a: Zamazenta|94/100|[from] item: Leftovers
|-heal|p2a: Meowscarada|78/100 tox|[from] Grassy Terrain
|-damage|p2a: Meowscarada|72/100 tox|[from] psn
|upkeep
|turn|24
|
|t:|1757833551
|switch|p2a: Pecharunt|Pecharunt|77/100
|move|p1a: Zamazenta|Substitute|p1a: Zamazenta
|-start|p1a: Zamazenta|Substitute
|-damage|p1a: Zamazenta|69/100
|
|-heal|p1a: Zamazenta|75/100|[from] Grassy Terrain
|-heal|p1a: Zamazenta|82/100|[from] item: Leftovers
|-heal|p2a: Pecharunt|83/100|[from] Grassy Terrain
|-fieldend|move: Grassy Terrain
|upkeep
|turn|25
|
|t:|1757833561
|move|p1a: Zamazenta|Crunch|p2a: Pecharunt
|-supereffective|p2a: Pecharunt
|-damage|p2a: Pecharunt|63/100
|move|p2a: Pecharunt|Malignant Chain|p1a: Zamazenta
|-activate|p1a: Zamazenta|move: Substitute|[damage]
|
|-heal|p1a: Zamazenta|88/100|[from] item: Leftovers
|upkeep
|turn|26
|
|t:|1757833569
|move|p1a: Zamazenta|Crunch|p2a: Pecharunt
|-supereffective|p2a: Pecharunt
|-damage|p2a: Pecharunt|43/100
|move|p2a: Pecharunt|Foul Play|p1a: Zamazenta
|-resisted|p1a: Zamazenta
|-end|p1a: Zamazenta|Substitute
|
|-heal|p1a: Zamazenta|94/100|[from] item: Leftovers
|upkeep
|turn|27
|
|t:|1757833577
|move|p1a: Zamazenta|Substitute|p1a: Zamazenta
|-start|p1a: Zamazenta|Substitute
|-damage|p1a: Zamazenta|69/100
|move|p2a: Pecharunt|Recover|p2a: Pecharunt
|-heal|p2a: Pecharunt|93/100
|
|-heal|p1a: Zamazenta|75/100|[from] item: Leftovers
|upkeep
|turn|28
|
|t:|1757833584
|move|p1a: Zamazenta|Crunch|p2a: Pecharunt
|-supereffective|p2a: Pecharunt
|-damage|p2a: Pecharunt|72/100
|-unboost|p2a: Pecharunt|def|1
|move|p2a: Pecharunt|Foul Play|p1a: Zamazenta
|-resisted|p1a: Zamazenta
|-activate|p1a: Zamazenta|move: Substitute|[damage]
|
|-heal|p1a: Zamazenta|81/100|[from] item: Leftovers
|upkeep
|turn|29
|
|t:|1757833594
|switch|p2a: Zapdos|Zapdos, tera:Steel|89/100 brn
|move|p1a: Zamazenta|Crunch|p2a: Zapdos
|-damage|p2a: Zapdos|67/100 brn
|-status|p1a: Zamazenta|par|[from] ability: Static|[of] p2a: Zapdos
|
|-heal|p1a: Zamazenta|88/100 par|[from] item: Leftovers
|-damage|p2a: Zapdos|61/100 brn|[from] brn
|upkeep
|turn|30
|
|t:|1757833603
|move|p2a: Zapdos|U-turn|p1a: Zamazenta
|-resisted|p1a: Zamazenta
|-activate|p1a: Zamazenta|move: Substitute|[damage]
|
|t:|1757833609
|switch|p2a: Pecharunt|Pecharunt|72/100|[from] U-turn
|cant|p1a: Zamazenta|par
|
|-heal|p1a: Zamazenta|94/100 par|[from] item: Leftovers
|upkeep
|turn|31
|
|t:|1757833616
|move|p2a: Pecharunt|Foul Play|p1a: Zamazenta
|-resisted|p1a: Zamazenta
|-activate|p1a: Zamazenta|move: Substitute|[damage]
|move|p1a: Zamazenta|Crunch|p2a: Pecharunt
|-supereffective|p2a: Pecharunt
|-crit|p2a: Pecharunt
|-damage|p2a: Pecharunt|44/100
|
|-heal|p1a: Zamazenta|99/100 par|[from] item: Leftovers
|upkeep
|turn|32
|
|t:|1757833625
|switch|p1a: Regidrago|Regidrago|82/100
|-damage|p1a: Regidrago|69/100|[from] Stealth Rock
|-damage|p1a: Regidrago|57/100|[from] Spikes
|move|p2a: Pecharunt|Recover|p2a: Pecharunt
|-heal|p2a: Pecharunt|94/100
|
|upkeep
|turn|33
|
|t:|1757833640
|switch|p2a: Zapdos|Zapdos, tera:Steel|61/100 brn
|move|p1a: Regidrago|Draco Meteor|p2a: Zapdos
|-resisted|p2a: Zapdos
|-crit|p2a: Zapdos
|-damage|p2a: Zapdos|0 fnt
|-unboost|p1a: Regidrago|spa|2
|faint|p2a: Zapdos
|
|upkeep
|
|t:|1757833648
|switch|p2a: Ting-Lu|Ting-Lu|66/100 slp
|-damage|p2a: Ting-Lu|60/100 slp|[from] Stealth Rock
|-ability|p2a: Ting-Lu|Vessel of Ruin
|turn|34
|
|t:|1757833654
|switch|p1a: Volcanion|Volcanion|54/100
|-damage|p1a: Volcanion|29/100|[from] Stealth Rock
|-damage|p1a: Volcanion|17/100|[from] Spikes
|-curestatus|p2a: Ting-Lu|slp|[msg]
|move|p2a: Ting-Lu|Spikes|p1a: Volcanion
|-sidestart|p1: flygonisdragon|Spikes
|
|-heal|p2a: Ting-Lu|66/100|[from] item: Leftovers
|upkeep
|turn|35
|
|t:|1757833664
|switch|p2a: Meowscarada|Meowscarada, F|72/100 tox
|move|p1a: Volcanion|Steam Eruption|p2a: Meowscarada
|-resisted|p2a: Meowscarada
|-damage|p2a: Meowscarada|20/100 tox
|
|-damage|p2a: Meowscarada|14/100 tox|[from] psn
|upkeep
|turn|36
|
|t:|1757833676
|move|p2a: Meowscarada|Knock Off|p1a: Volcanion
|-start|p2a: Meowscarada|typechange|Dark|[from] ability: Protean
|-damage|p1a: Volcanion|0 fnt
|faint|p1a: Volcanion
|
|-damage|p2a: Meowscarada|2/100 tox|[from] psn
|upkeep
|
|t:|1757833694
|switch|p1a: Rillaboom|Rillaboom, M|54/100
|-damage|p1a: Rillaboom|42/100|[from] Stealth Rock
|-damage|p1a: Rillaboom|25/100|[from] Spikes
|-fieldstart|move: Grassy Terrain|[from] ability: Grassy Surge|[of] p1a: Rillaboom
|turn|37
|
|t:|1757833700
|switch|p2a: Pecharunt|Pecharunt|94/100
|move|p1a: Rillaboom|Grassy Glide|p2a: Pecharunt
|-resisted|p2a: Pecharunt
|-damage|p2a: Pecharunt|79/100
|
|-heal|p1a: Rillaboom|32/100|[from] Grassy Terrain
|-heal|p2a: Pecharunt|85/100|[from] Grassy Terrain
|upkeep
|turn|38
|
|t:|1757833714
|switch|p1a: Fezandipiti|Fezandipiti, M|75/100
|-damage|p1a: Fezandipiti|62/100|[from] Stealth Rock
|-damage|p1a: Fezandipiti|46/100|[from] Spikes
|move|p2a: Pecharunt|Foul Play|p1a: Fezandipiti
|-resisted|p1a: Fezandipiti
|-damage|p1a: Fezandipiti|36/100
|
|-heal|p1a: Fezandipiti|42/100|[from] Grassy Terrain
|-heal|p2a: Pecharunt|91/100|[from] Grassy Terrain
|upkeep
|turn|39
|
|t:|1757833723
|move|p1a: Fezandipiti|Roost|p1a: Fezandipiti
|-heal|p1a: Fezandipiti|92/100
|-singleturn|p1a: Fezandipiti|move: Roost
|move|p2a: Pecharunt|Malignant Chain|p1a: Fezandipiti
|-damage|p1a: Fezandipiti|76/100
|
|-heal|p1a: Fezandipiti|82/100|[from] Grassy Terrain
|-heal|p2a: Pecharunt|97/100|[from] Grassy Terrain
|upkeep
|turn|40
|l|☆Tt2041
|player|p2|
|j|☆Tt2041
|player|p2|Tt2041|dawn|
|
|t:|1757833772
|move|p1a: Fezandipiti|Moonblast|p2a: Pecharunt
|-resisted|p2a: Pecharunt
|-crit|p2a: Pecharunt
|-damage|p2a: Pecharunt|79/100
|move|p2a: Pecharunt|Parting Shot|p1a: Fezandipiti
|-unboost|p1a: Fezandipiti|atk|1
|-unboost|p1a: Fezandipiti|spa|1
|
|t:|1757833778
|switch|p2a: Ting-Lu|Ting-Lu|66/100|[from] Parting Shot
|-damage|p2a: Ting-Lu|60/100|[from] Stealth Rock
|-ability|p2a: Ting-Lu|Vessel of Ruin
|
|-heal|p1a: Fezandipiti|88/100|[from] Grassy Terrain
|-heal|p2a: Ting-Lu|66/100|[from] Grassy Terrain
|-heal|p2a: Ting-Lu|73/100|[from] item: Leftovers
|upkeep
|turn|41
|
|t:|1757833787
|move|p1a: Fezandipiti|Moonblast|p2a: Ting-Lu
|-supereffective|p2a: Ting-Lu
|-damage|p2a: Ting-Lu|58/100
|move|p2a: Ting-Lu|Spikes|p1a: Fezandipiti
|-sidestart|p1: flygonisdragon|Spikes
|
|-heal|p1a: Fezandipiti|94/100|[from] Grassy Terrain
|-heal|p2a: Ting-Lu|65/100|[from] Grassy Terrain
|-heal|p2a: Ting-Lu|71/100|[from] item: Leftovers
|-fieldend|move: Grassy Terrain
|upkeep
|turn|42
|
|t:|1757833796
|move|p1a: Fezandipiti|Moonblast|p2a: Ting-Lu
|-supereffective|p2a: Ting-Lu
|-damage|p2a: Ting-Lu|57/100
|move|p2a: Ting-Lu|Whirlwind|p1a: Fezandipiti
|drag|p1a: Rillaboom|Rillaboom, M|32/100
|-damage|p1a: Rillaboom|19/100|[from] Stealth Rock
|-damage|p1a: Rillaboom|0 fnt|[from] Spikes
|faint|p1a: Rillaboom
|
|-heal|p2a: Ting-Lu|63/100|[from] item: Leftovers
|upkeep
|
|t:|1757833813
|switch|p1a: Regidrago|Regidrago|57/100
|-damage|p1a: Regidrago|45/100|[from] Stealth Rock
|-damage|p1a: Regidrago|20/100|[from] Spikes
|turn|43
|
|t:|1757833822
|move|p1a: Regidrago|Draco Meteor|p2a: Ting-Lu
|-damage|p2a: Ting-Lu|12/100
|-unboost|p1a: Regidrago|spa|2
|move|p2a: Ting-Lu|Rest|p2a: Ting-Lu
|-status|p2a: Ting-Lu|slp|[from] move: Rest
|-heal|p2a: Ting-Lu|100/100 slp|[silent]
|
|upkeep
|turn|44
|
|t:|1757833836
|move|p1a: Regidrago|Draco Meteor|p2a: Ting-Lu
|-damage|p2a: Ting-Lu|72/100 slp
|-unboost|p1a: Regidrago|spa|2
|cant|p2a: Ting-Lu|slp
|move|p2a: Ting-Lu|Sleep Talk|p2a: Ting-Lu
|move|p2a: Ting-Lu|Whirlwind|p1a: Regidrago|[from] move: Sleep Talk
|drag|p1a: Zamazenta|Zamazenta|99/100 par
|-damage|p1a: Zamazenta|94/100 par|[from] Stealth Rock
|-damage|p1a: Zamazenta|69/100 par|[from] Spikes
|
|-heal|p1a: Zamazenta|75/100 par|[from] item: Leftovers
|-heal|p2a: Ting-Lu|78/100 slp|[from] item: Leftovers
|upkeep
|turn|45
|
|t:|1757833849
|switch|p2a: Pecharunt|Pecharunt|79/100
|cant|p1a: Zamazenta|par
|
|-heal|p1a: Zamazenta|81/100 par|[from] item: Leftovers
|upkeep
|turn|46
|
|t:|1757833858
|move|p2a: Pecharunt|Foul Play|p1a: Zamazenta
|-resisted|p1a: Zamazenta
|-damage|p1a: Zamazenta|72/100 par
|move|p1a: Zamazenta|Crunch|p2a: Pecharunt
|-supereffective|p2a: Pecharunt
|-damage|p2a: Pecharunt|59/100
|-unboost|p2a: Pecharunt|def|1
|
|-heal|p1a: Zamazenta|78/100 par|[from] item: Leftovers
|upkeep
|turn|47
|
|t:|1757833866
|move|p2a: Pecharunt|Malignant Chain|p1a: Zamazenta
|-damage|p1a: Zamazenta|55/100 par
|cant|p1a: Zamazenta|par
|
|-heal|p1a: Zamazenta|62/100 par|[from] item: Leftovers
|upkeep
|turn|48
|
|t:|1757833873
|move|p2a: Pecharunt|Parting Shot|p1a: Zamazenta
|-unboost|p1a: Zamazenta|atk|1
|-unboost|p1a: Zamazenta|spa|1
|
|t:|1757833876
|switch|p2a: Ting-Lu|Ting-Lu|78/100 slp|[from] Parting Shot
|-damage|p2a: Ting-Lu|72/100 slp|[from] Stealth Rock
|-ability|p2a: Ting-Lu|Vessel of Ruin
|move|p1a: Zamazenta|Crunch|p2a: Ting-Lu
|-resisted|p2a: Ting-Lu
|-damage|p2a: Ting-Lu|68/100 slp
|
|-heal|p1a: Zamazenta|68/100 par|[from] item: Leftovers
|-heal|p2a: Ting-Lu|74/100 slp|[from] item: Leftovers
|upkeep
|turn|49
|
|t:|1757833886
|switch|p2a: Pecharunt|Pecharunt|59/100
|move|p1a: Zamazenta|Body Press|p2a: Pecharunt
|-immune|p2a: Pecharunt
|
|-heal|p1a: Zamazenta|74/100 par|[from] item: Leftovers
|upkeep
|turn|50
|
|t:|1757833895
|switch|p1a: Regidrago|Regidrago|20/100
|-damage|p1a: Regidrago|7/100|[from] Stealth Rock
|-damage|p1a: Regidrago|0 fnt|[from] Spikes
|faint|p1a: Regidrago
|move|p2a: Pecharunt|Recover|p2a: Pecharunt
|-heal|p2a: Pecharunt|100/100
|
|upkeep
|
|t:|1757833900
|switch|p1a: Metagross|Metagross|95/100
|-damage|p1a: Metagross|89/100|[from] Stealth Rock
|-damage|p1a: Metagross|64/100|[from] Spikes
|turn|51
|
|t:|1757833907
|move|p1a: Metagross|Psychic Fangs|p2a: Pecharunt
|-supereffective|p2a: Pecharunt
|-damage|p2a: Pecharunt|43/100
|-damage|p1a: Metagross|54/100|[from] item: Life Orb
|move|p2a: Pecharunt|Foul Play|p1a: Metagross
|-supereffective|p1a: Metagross
|-damage|p1a: Metagross|0 fnt
|faint|p1a: Metagross
|
|upkeep
|
|t:|1757833922
|switch|p1a: Fezandipiti|Fezandipiti, M|94/100
|-damage|p1a: Fezandipiti|82/100|[from] Stealth Rock
|-damage|p1a: Fezandipiti|57/100|[from] Spikes
|turn|52
|
|t:|1757833928
|move|p1a: Fezandipiti|Roost|p1a: Fezandipiti
|-heal|p1a: Fezandipiti|100/100
|-singleturn|p1a: Fezandipiti|move: Roost
|move|p2a: Pecharunt|Recover|p2a: Pecharunt
|-heal|p2a: Pecharunt|93/100
|
|upkeep
|turn|53
|l| Rainbow Chrome
|
|t:|1757833938
|move|p1a: Fezandipiti|Moonblast|p2a: Pecharunt
|-resisted|p2a: Pecharunt
|-damage|p2a: Pecharunt|81/100
|move|p2a: Pecharunt|Parting Shot|p1a: Fezandipiti
|-unboost|p1a: Fezandipiti|atk|1
|-unboost|p1a: Fezandipiti|spa|1
|
|t:|1757833944
|switch|p2a: Ting-Lu|Ting-Lu|74/100 slp|[from] Parting Shot
|-damage|p2a: Ting-Lu|68/100 slp|[from] Stealth Rock
|-ability|p2a: Ting-Lu|Vessel of Ruin
|
|-heal|p2a: Ting-Lu|74/100 slp|[from] item: Leftovers
|upkeep
|turn|54
|
|t:|1757833952
|move|p1a: Fezandipiti|Tailwind|p1a: Fezandipiti
|-sidestart|p1: flygonisdragon|move: Tailwind
|cant|p2a: Ting-Lu|slp
|move|p2a: Ting-Lu|Sleep Talk|p2a: Ting-Lu
|move|p2a: Ting-Lu|Rest||[from] move: Sleep Talk|[still]
|-fail|p2a: Ting-Lu
|
|-heal|p2a: Ting-Lu|80/100 slp|[from] item: Leftovers
|upkeep
|turn|55
|
|t:|1757833962
|switch|p2a: Pecharunt|Pecharunt|81/100
|move|p1a: Fezandipiti|Tailwind||[still]
|-fail|p1a: Fezandipiti
|
|upkeep
|turn|56
|
|t:|1757833969
|move|p1a: Fezandipiti|Moonblast|p2a: Pecharunt
|-resisted|p2a: Pecharunt
|-damage|p2a: Pecharunt|72/100
|move|p2a: Pecharunt|Parting Shot|p1a: Fezandipiti
|-unboost|p1a: Fezandipiti|atk|1
|-unboost|p1a: Fezandipiti|spa|1
|
|t:|1757833975
|switch|p2a: Ting-Lu|Ting-Lu|80/100 slp|[from] Parting Shot
|-damage|p2a: Ting-Lu|74/100 slp|[from] Stealth Rock
|-ability|p2a: Ting-Lu|Vessel of Ruin
|
|-heal|p2a: Ting-Lu|80/100 slp|[from] item: Leftovers
|upkeep
|turn|57
|
|t:|1757833984
|move|p1a: Fezandipiti|U-turn|p2a: Ting-Lu
|-supereffective|p2a: Ting-Lu
|-damage|p2a: Ting-Lu|72/100 slp
|
|t:|1757833986
|switch|p1a: Zamazenta|Zamazenta|74/100 par|[from] U-turn
|-damage|p1a: Zamazenta|68/100 par|[from] Stealth Rock
|-damage|p1a: Zamazenta|43/100 par|[from] Spikes
|-curestatus|p2a: Ting-Lu|slp|[msg]
|move|p2a: Ting-Lu|Whirlwind|p1a: Zamazenta
|drag|p1a: Fezandipiti|Fezandipiti, M|100/100
|-damage|p1a: Fezandipiti|88/100|[from] Stealth Rock
|-damage|p1a: Fezandipiti|63/100|[from] Spikes
|
|-heal|p2a: Ting-Lu|78/100|[from] item: Leftovers
|-sideend|p1: flygonisdragon|move: Tailwind
|upkeep
|turn|58
|
|t:|1757834004
|move|p1a: Fezandipiti|Moonblast|p2a: Ting-Lu
|-supereffective|p2a: Ting-Lu
|-damage|p2a: Ting-Lu|58/100
|move|p2a: Ting-Lu|Whirlwind|p1a: Fezandipiti
|drag|p1a: Zamazenta|Zamazenta|43/100 par
|-damage|p1a: Zamazenta|37/100 par|[from] Stealth Rock
|-damage|p1a: Zamazenta|12/100 par|[from] Spikes
|
|-heal|p1a: Zamazenta|18/100 par|[from] item: Leftovers
|-heal|p2a: Ting-Lu|64/100|[from] item: Leftovers
|upkeep
|turn|59
|
|t:|1757834013
|switch|p2a: Pecharunt|Pecharunt|72/100
|cant|p1a: Zamazenta|par
|
|-heal|p1a: Zamazenta|24/100 par|[from] item: Leftovers
|upkeep
|turn|60
|
|t:|1757834019
|move|p2a: Pecharunt|Malignant Chain|p1a: Zamazenta
|-damage|p1a: Zamazenta|2/100 par
|move|p1a: Zamazenta|Crunch|p2a: Pecharunt
|-supereffective|p2a: Pecharunt
|-damage|p2a: Pecharunt|53/100
|
|-heal|p1a: Zamazenta|8/100 par|[from] item: Leftovers
|upkeep
|turn|61
|
|t:|1757834026
|move|p2a: Pecharunt|Foul Play|p1a: Zamazenta
|-resisted|p1a: Zamazenta
|-damage|p1a: Zamazenta|0 fnt
|faint|p1a: Zamazenta
|
|upkeep
|
|t:|1757834029
|switch|p1a: Fezandipiti|Fezandipiti, M|63/100
|-damage|p1a: Fezandipiti|51/100|[from] Stealth Rock
|-damage|p1a: Fezandipiti|26/100|[from] Spikes
|turn|62
|
|t:|1757834036
|move|p1a: Fezandipiti|Roost|p1a: Fezandipiti
|-heal|p1a: Fezandipiti|76/100
|-singleturn|p1a: Fezandipiti|move: Roost
|move|p2a: Pecharunt|Recover|p2a: Pecharunt
|-heal|p2a: Pecharunt|100/100
|
|upkeep
|turn|63
|
|t:|1757834042
|move|p1a: Fezandipiti|Roost|p1a: Fezandipiti
|-heal|p1a: Fezandipiti|100/100
|-singleturn|p1a: Fezandipiti|move: Roost
|move|p2a: Pecharunt|Parting Shot|p1a: Fezandipiti
|-unboost|p1a: Fezandipiti|atk|1
|-unboost|p1a: Fezandipiti|spa|1
|-message|flygonisdragon forfeited.
|
|win|Tt2041
|raw|flygonisdragon's rating: 1546 &rarr; <strong>1527</strong><br />(-19 for losing)
|raw|Tt2041's rating: 1572 &rarr; <strong>1591</strong><br />(+19 for winning)
|l|☆flygonisdragon
|player|p1|
|l|☆Tt2041
|player|p2|
|l| HGalliumh
