|j|☆jeet999
|j|☆Kidhub
|t:|1757824872
|gametype|singles
|player|p1|jeet999|cynthia-masters|1548
|player|p2|Kidhub|265|1506
|gen|9
|tier|[Gen 9] OU
|rated|
|rule|HP Percentage Mod: HP is shown in percentages
|rule|Endless Battle Clause: Forcing endless battles is banned
|rule|Species Clause: Limit one of each Pokémon
|rule|OHKO Clause: OHKO moves are banned
|rule|Evasion Items Clause: Evasion items are banned
|rule|Evasion Moves Clause: Evasion moves are banned
|rule|Evasion Abilities Clause: Evasion abilities are banned
|rule|Sleep Moves Clause: Sleep-inducing moves are banned
|clearpoke
|poke|p1|Indeedee, M|
|poke|p1|Hatterene, F|
|poke|p1|Ursaluna, F|
|poke|p1|Iron Hands|
|poke|p1|Hoopa-Unbound|
|poke|p1|Mimikyu, F|
|poke|p2|Ogerpon-Cornerstone, F|
|poke|p2|Hatterene, F|
|poke|p2|Pecharunt|
|poke|p2|Landorus-Therian, M|
|poke|p2|Kingambit, F|
|poke|p2|Latios, M|
|teampreview
|inactive|Battle timer is ON: inactive players will automatically lose when time's up. (requested by jeet999)
|
|t:|1757824899
|teamsize|p1|6
|teamsize|p2|6
|start
|switch|p1a: Subaru|Indeedee, M, shiny|100/100
|switch|p2a: Ogerpon|Ogerpon-Cornerstone, F|100/100
|-fieldstart|move: Psychic Terrain|[from] ability: Psychic Surge|[of] p1a: Subaru
|turn|1
|
|t:|1757824913
|switch|p2a: Kingambit|Kingambit, F|100/100
|move|p1a: Subaru|Trick Room|p1a: Subaru
|-fieldstart|move: Trick Room|[of] p1a: Subaru
|
|upkeep
|turn|2
|
|t:|1757824924
|switch|p1a: King Von|Hoopa-Unbound|100/100
|-enditem|p1a: King Von|Psychic Seed
|-boost|p1a: King Von|spd|1|[from] item: Psychic Seed
|move|p2a: Kingambit|Kowtow Cleave|p1a: King Von
|-damage|p1a: King Von|47/100
|
|upkeep
|turn|3
|
|t:|1757824932
|move|p1a: King Von|Focus Blast|p2a: Kingambit
|-supereffective|p2a: Kingambit
|-damage|p2a: Kingambit|0 fnt
|faint|p2a: Kingambit
|-end|p2a: Kingambit|fallenundefined|[silent]
|-item|p1a: King Von|Leftovers|[from] ability: Magician|[of] p2: Kingambit
|
|-heal|p1a: King Von|53/100|[from] item: Leftovers
|upkeep
|
|t:|1757824944
|switch|p2a: Hatterene|Hatterene, F|100/100
|turn|4
|
|t:|1757824957
|-terastallize|p1a: King Von|Psychic
|move|p2a: Hatterene|Draining Kiss|p1a: King Von
|-damage|p1a: King Von|40/100
|move|p1a: King Von|Expanding Force|p2a: Hatterene
|-resisted|p2a: Hatterene
|-damage|p2a: Hatterene|57/100
|
|-heal|p1a: King Von|46/100|[from] item: Leftovers
|upkeep
|turn|5
|
|t:|1757824968
|move|p2a: Hatterene|Mystical Fire|p1a: King Von
|-damage|p1a: King Von|34/100
|-unboost|p1a: King Von|spa|1
|move|p1a: King Von|Hyperspace Fury|p2a: Hatterene
|-damage|p2a: Hatterene|0 fnt
|-unboost|p1a: King Von|def|1
|faint|p2a: Hatterene
|
|-heal|p1a: King Von|40/100|[from] item: Leftovers
|-fieldend|move: Trick Room
|upkeep
|
|t:|1757824973
|switch|p2a: Ogerpon|Ogerpon-Cornerstone, F|100/100
|turn|6
|
|t:|1757824981
|move|p2a: Ogerpon|Knock Off|p1a: King Von
|-supereffective|p1a: King Von
|-damage|p1a: King Von|0 fnt
|-enditem|p1a: King Von|Leftovers|[from] move: Knock Off|[of] p2a: Ogerpon
|faint|p1a: King Von
|
|upkeep
|
|t:|1757824989
|switch|p1a: Satella|Hatterene, F, shiny|100/100
|turn|7
|
|t:|1757824992
|switch|p2a: Landorus|Landorus-Therian, M|100/100
|-ability|p2a: Landorus|Intimidate|boost
|-unboost|p1a: Satella|atk|1
|move|p1a: Satella|Trick Room|p1a: Satella
|-fieldstart|move: Trick Room|[of] p1a: Satella
|
|upkeep
|turn|8
|
|t:|1757825000
|move|p1a: Satella|Expanding Force|p2a: Landorus
|-damage|p2a: Landorus|0 fnt
|faint|p2a: Landorus
|-damage|p1a: Satella|91/100|[from] item: Life Orb
|
|-fieldend|move: Psychic Terrain
|upkeep
|
|t:|1757825010
|switch|p2a: Latios|Latios, M|100/100
|turn|9
|
|t:|1757825013
|move|p1a: Satella|Draining Kiss|p2a: Latios
|-supereffective|p2a: Latios
|-damage|p2a: Latios|24/100
|-heal|p1a: Satella|100/100|[from] drain|[of] p2a: Latios
|-damage|p1a: Satella|91/100|[from] item: Life Orb
|move|p2a: Latios|Trick|p1a: Satella
|-activate|p2a: Latios|move: Trick|[of] p1a: Satella
|-item|p1a: Satella|Choice Scarf|[from] move: Trick
|-item|p2a: Latios|Life Orb|[from] move: Trick
|
|upkeep
|turn|10
|
|t:|1757825026
|move|p1a: Satella|Draining Kiss|p2a: Latios
|-supereffective|p2a: Latios
|-damage|p2a: Latios|0 fnt
|-heal|p1a: Satella|100/100|[from] drain|[of] p2a: Latios
|faint|p2a: Latios
|
|upkeep
|
|t:|1757825033
|switch|p2a: Ogerpon|Ogerpon-Cornerstone, F|100/100
|turn|11
|
|t:|1757825046
|switch|p1a: LEBRON|Iron Hands, shiny|100/100
|-enditem|p1a: LEBRON|Booster Energy
|-activate|p1a: LEBRON|ability: Quark Drive|[fromitem]
|-start|p1a: LEBRON|quarkdriveatk
|move|p2a: Ogerpon|Swords Dance|p2a: Ogerpon
|-boost|p2a: Ogerpon|atk|2
|
|-fieldend|move: Trick Room
|upkeep
|turn|12
|
|t:|1757825056
|move|p2a: Ogerpon|Swords Dance|p2a: Ogerpon
|-boost|p2a: Ogerpon|atk|2
|move|p1a: LEBRON|Close Combat|p2a: Ogerpon
|-supereffective|p2a: Ogerpon
|-ability|p2a: Ogerpon|Sturdy
|-damage|p2a: Ogerpon|1/100
|-unboost|p1a: LEBRON|def|1
|-unboost|p1a: LEBRON|spd|1
|
|upkeep
|turn|13
|
|t:|1757825066
|move|p2a: Ogerpon|Power Whip|p1a: LEBRON
|-damage|p1a: LEBRON|0 fnt
|faint|p1a: LEBRON
|-end|p1a: LEBRON|Quark Drive|[silent]
|
|upkeep
|
|t:|1757825070
|switch|p1a: Mimi|Mimikyu, F, shiny|100/100
|turn|14
|
|t:|1757825074
|move|p2a: Ogerpon|Ivy Cudgel|p1a: Mimi|[anim] Ivy Cudgel Rock
|-activate|p1a: Mimi|ability: Disguise
|-damage|p1a: Mimi|100/100
|detailschange|p1a: Mimi|Mimikyu-Busted, F, shiny
|-damage|p1a: Mimi|88/100|[from] pokemon: Mimikyu-Busted
|-enditem|p1a: Mimi|Red Card|[of] p2a: Ogerpon
|drag|p2a: Pecharunt|Pecharunt|100/100
|move|p1a: Mimi|Trick Room|p1a: Mimi
|-fieldstart|move: Trick Room|[of] p1a: Mimi
|
|upkeep
|turn|15
|
|t:|1757825086
|switch|p1a: Crashout YN|Ursaluna, F, shiny|100/100
|-terastallize|p2a: Pecharunt|Fairy
|move|p2a: Pecharunt|Shadow Ball|p1a: Crashout YN
|-immune|p1a: Crashout YN
|
|-status|p1a: Crashout YN|brn|[from] item: Flame Orb
|upkeep
|turn|16
|
|t:|1757825097
|move|p1a: Crashout YN|Facade|p2a: Pecharunt
|-damage|p2a: Pecharunt|34/100
|move|p2a: Pecharunt|Parting Shot|p1a: Crashout YN
|-unboost|p1a: Crashout YN|atk|1
|-unboost|p1a: Crashout YN|spa|1
|
|t:|1757825103
|switch|p2a: Ogerpon|Ogerpon-Cornerstone, F|1/100|[from] Parting Shot
|
|-damage|p1a: Crashout YN|94/100 brn|[from] brn
|upkeep
|turn|17
|
|t:|1757825109
|move|p1a: Crashout YN|Facade|p2a: Ogerpon
|-resisted|p2a: Ogerpon
|-damage|p2a: Ogerpon|0 fnt
|faint|p2a: Ogerpon
|
|-damage|p1a: Crashout YN|88/100 brn|[from] brn
|upkeep
|-message|Kidhub forfeited.
|
|win|jeet999
|raw|jeet999's rating: 1548 &rarr; <strong>1566</strong><br />(+18 for winning)
|raw|Kidhub's rating: 1506 &rarr; <strong>1488</strong><br />(-18 for losing)
|l|☆Kidhub
|player|p2|
|l|☆jeet999
|player|p1|
