|j|☆gonzitosauri
|j|☆summmm
|t:|1757839134
|gametype|singles
|player|p1|gonzitosauri|2|1296
|player|p2|summmm|169|1339
|gen|9
|tier|[Gen 9] OU
|rated|
|rule|HP Percentage Mod: HP is shown in percentages
|rule|Endless Battle Clause: Forcing endless battles is banned
|rule|Species Clause: Limit one of each Pokémon
|rule|OHKO Clause: OHKO moves are banned
|rule|Evasion Items Clause: Evasion items are banned
|rule|Evasion Moves Clause: Evasion moves are banned
|rule|Evasion Abilities Clause: Evasion abilities are banned
|rule|Sleep Moves Clause: Sleep-inducing moves are banned
|clearpoke
|poke|p1|Whimsicott, F|
|poke|p1|Heatran, M|
|poke|p1|Cryogonal|
|poke|p1|Scizor, F|
|poke|p1|Gengar, F|
|poke|p1|Conkeldurr, F|
|poke|p2|Cinderace, F|
|poke|p2|Landorus-Therian, M|
|poke|p2|Alomomola, M|
|poke|p2|Weavile, M|
|poke|p2|Hydrapple, F|
|poke|p2|Iron Valiant|
|teampreview
|inactive|Battle timer is ON: inactive players will automatically lose when time's up. (requested by summmm)
|inactive|gonzitosauri has 120 seconds left.
|
|t:|1757839170
|teamsize|p1|6
|teamsize|p2|6
|start
|switch|p1a: TrolleHada|Whimsicott, F, shiny|100/100
|switch|p2a: Weavile|Weavile, M|100/100
|-ability|p2a: Weavile|Pressure
|turn|1
|
|t:|1757839188
|move|p1a: TrolleHada|Substitute|p1a: TrolleHada
|-start|p1a: TrolleHada|Substitute
|-damage|p1a: TrolleHada|76/100
|move|p2a: Weavile|Icicle Crash|p1a: TrolleHada
|-supereffective|p1a: TrolleHada
|-end|p1a: TrolleHada|Substitute
|
|-heal|p1a: TrolleHada|82/100|[from] item: Leftovers
|upkeep
|turn|2
|
|t:|1757839196
|move|p1a: TrolleHada|Substitute|p1a: TrolleHada
|-start|p1a: TrolleHada|Substitute
|-damage|p1a: TrolleHada|57/100
|move|p2a: Weavile|Icicle Crash|p1a: TrolleHada
|-supereffective|p1a: TrolleHada
|-crit|p1a: TrolleHada
|-end|p1a: TrolleHada|Substitute
|
|-heal|p1a: TrolleHada|63/100|[from] item: Leftovers
|upkeep
|turn|3
|
|t:|1757839204
|move|p2a: Weavile|Ice Shard|p1a: TrolleHada
|-supereffective|p1a: TrolleHada
|-damage|p1a: TrolleHada|0 fnt
|faint|p1a: TrolleHada
|
|upkeep
|
|t:|1757839208
|switch|p1a: Conkeldurr|Conkeldurr, F|100/100
|turn|4
|
|t:|1757839222
|switch|p2a: Landorus|Landorus-Therian, M|100/100
|-ability|p2a: Landorus|Intimidate|boost
|-unboost|p1a: Conkeldurr|atk|1
|move|p1a: Conkeldurr|Knock Off|p2a: Landorus
|-damage|p2a: Landorus|72/100
|-enditem|p2a: Landorus|Leftovers|[from] move: Knock Off|[of] p1a: Conkeldurr
|
|-status|p1a: Conkeldurr|brn|[from] item: Flame Orb
|upkeep
|turn|5
|
|t:|1757839236
|switch|p2a: Alomomola|Alomomola, M|100/100
|switch|p1a: Scizor|Scizor, F|100/100
|
|upkeep
|turn|6
|
|t:|1757839242
|move|p1a: Scizor|Swords Dance|p1a: Scizor
|-boost|p1a: Scizor|atk|2
|move|p2a: Alomomola|Flip Turn|p1a: Scizor
|-damage|p1a: Scizor|85/100
|
|t:|1757839250
|switch|p2a: Cinderace|Cinderace, F|100/100|[from] Flip Turn
|
|upkeep
|turn|7
|
|t:|1757839258
|switch|p1a: Heatran|Heatran, M|100/100
|-item|p1a: Heatran|Air Balloon
|move|p2a: Cinderace|Will-O-Wisp|p1a: Heatran
|-start|p1a: Heatran|ability: Flash Fire
|
|upkeep
|turn|8
|
|t:|1757839268
|move|p2a: Cinderace|U-turn|p1a: Heatran
|-start|p2a: Cinderace|typechange|Bug|[from] ability: Libero
|-resisted|p1a: Heatran
|-damage|p1a: Heatran|93/100
|-enditem|p1a: Heatran|Air Balloon
|
|t:|1757839273
|switch|p2a: Alomomola|Alomomola, M|100/100|[from] U-turn
|move|p1a: Heatran|Stealth Rock|p2a: Alomomola
|-sidestart|p2: summmm|move: Stealth Rock
|
|upkeep
|turn|9
|
|t:|1757839283
|move|p1a: Heatran|Magma Storm|p2a: Alomomola
|-resisted|p2a: Alomomola
|-damage|p2a: Alomomola|81/100
|-activate|p2a: Alomomola|move: Magma Storm|[of] p1a: Heatran
|move|p2a: Alomomola|Flip Turn|p1a: Heatran
|-supereffective|p1a: Heatran
|-damage|p1a: Heatran|63/100
|
|t:|1757839297
|switch|p2a: Landorus|Landorus-Therian, M|72/100|[from] Flip Turn
|-damage|p2a: Landorus|59/100|[from] Stealth Rock
|-ability|p2a: Landorus|Intimidate|boost
|-unboost|p1a: Heatran|atk|1
|
|upkeep
|turn|10
|
|t:|1757839306
|-end|p1a: Heatran|ability: Flash Fire|[silent]
|switch|p1a: Cryogonal|Cryogonal|100/100
|move|p2a: Landorus|Substitute|p2a: Landorus
|-start|p2a: Landorus|Substitute
|-damage|p2a: Landorus|34/100
|
|upkeep
|turn|11
|
|t:|1757839314
|move|p2a: Landorus|Earthquake|p1a: Cryogonal
|-immune|p1a: Cryogonal|[from] ability: Levitate
|move|p1a: Cryogonal|Freeze-Dry|p2a: Landorus
|-supereffective|p2a: Landorus
|-end|p2a: Landorus|Substitute
|
|upkeep
|turn|12
|
|t:|1757839328
|switch|p2a: Alomomola|Alomomola, M|100/100
|-damage|p2a: Alomomola|88/100|[from] Stealth Rock
|switch|p1a: Conkeldurr|Conkeldurr, F|100/100 brn
|
|-damage|p1a: Conkeldurr|94/100 brn|[from] brn
|upkeep
|turn|13
|
|t:|1757839336
|move|p1a: Conkeldurr|Knock Off|p2a: Alomomola
|-damage|p2a: Alomomola|44/100
|-enditem|p2a: Alomomola|Assault Vest|[from] move: Knock Off|[of] p1a: Conkeldurr
|move|p2a: Alomomola|Flip Turn|p1a: Conkeldurr
|-damage|p1a: Conkeldurr|81/100 brn
|
|t:|1757839340
|switch|p2a: Iron Valiant|Iron Valiant|100/100|[from] Flip Turn
|-damage|p2a: Iron Valiant|94/100|[from] Stealth Rock
|
|-damage|p1a: Conkeldurr|75/100 brn|[from] brn
|upkeep
|turn|14
|
|t:|1757839362
|switch|p1a: Cryogonal|Cryogonal|100/100
|move|p2a: Iron Valiant|Moonblast|p1a: Cryogonal
|-damage|p1a: Cryogonal|62/100
|
|upkeep
|turn|15
|
|t:|1757839375
|-end|p2a: Iron Valiant|Quark Drive|[silent]
|switch|p2a: Cinderace|Cinderace, F|100/100
|move|p1a: Cryogonal|Recover|p1a: Cryogonal
|-heal|p1a: Cryogonal|100/100
|
|upkeep
|turn|16
|
|t:|1757839388
|move|p2a: Cinderace|Court Change|p2a: Cinderace
|-start|p2a: Cinderace|typechange|Normal|[from] ability: Libero
|-swapsideconditions
|-activate|p2a: Cinderace|move: Court Change
|move|p1a: Cryogonal|Freeze-Dry|p2a: Cinderace
|-damage|p2a: Cinderace|72/100
|-status|p2a: Cinderace|frz
|
|upkeep
|turn|17
|
|t:|1757839397
|-curestatus|p2a: Cinderace|frz|[from] move: Pyro Ball
|move|p2a: Cinderace|Pyro Ball|p1a: Cryogonal
|-supereffective|p1a: Cryogonal
|-damage|p1a: Cryogonal|0 fnt
|faint|p1a: Cryogonal
|
|upkeep
|
|t:|1757839422
|switch|p1a: Conkeldurr|Conkeldurr, F|75/100 brn
|-damage|p1a: Conkeldurr|69/100 brn|[from] Stealth Rock
|turn|18
|
|t:|1757839434
|switch|p2a: Landorus|Landorus-Therian, M|34/100
|-ability|p2a: Landorus|Intimidate|boost
|-unboost|p1a: Conkeldurr|atk|1
|-terastallize|p1a: Conkeldurr|Fighting
|move|p1a: Conkeldurr|Drain Punch|p2a: Landorus
|-resisted|p2a: Landorus
|-crit|p2a: Landorus
|-damage|p2a: Landorus|0 fnt
|-heal|p1a: Conkeldurr|82/100 brn|[from] drain|[of] p2a: Landorus
|faint|p2a: Landorus
|
|-damage|p1a: Conkeldurr|76/100 brn|[from] brn
|upkeep
|
|t:|1757839439
|switch|p2a: Iron Valiant|Iron Valiant|94/100
|turn|19
|
|t:|1757839453
|move|p2a: Iron Valiant|Moonblast|p1a: Conkeldurr
|-supereffective|p1a: Conkeldurr
|-damage|p1a: Conkeldurr|0 fnt
|faint|p1a: Conkeldurr
|
|upkeep
|
|t:|1757839460
|switch|p1a: Heatran|Heatran, M|63/100
|-damage|p1a: Heatran|50/100|[from] Stealth Rock
|turn|20
|
|t:|1757839465
|-end|p2a: Iron Valiant|Quark Drive|[silent]
|switch|p2a: Alomomola|Alomomola, M|78/100
|move|p1a: Heatran|Stealth Rock|p2a: Alomomola
|-sidestart|p2: summmm|move: Stealth Rock
|
|upkeep
|turn|21
|
|t:|1757839475
|move|p1a: Heatran|Earth Power|p2a: Alomomola
|-crit|p2a: Alomomola
|-damage|p2a: Alomomola|37/100
|move|p2a: Alomomola|Flip Turn|p1a: Heatran
|-supereffective|p1a: Heatran
|-damage|p1a: Heatran|16/100
|
|t:|1757839484
|switch|p2a: Iron Valiant|Iron Valiant|94/100|[from] Flip Turn
|-damage|p2a: Iron Valiant|88/100|[from] Stealth Rock
|
|upkeep
|turn|22
|
|t:|1757839493
|move|p2a: Iron Valiant|Shadow Ball|p1a: Heatran
|-damage|p1a: Heatran|0 fnt
|faint|p1a: Heatran
|
|upkeep
|
|t:|1757839497
|switch|p1a: Scizor|Scizor, F|85/100
|-damage|p1a: Scizor|72/100|[from] Stealth Rock
|turn|23
|
|t:|1757839506
|-terastallize|p2a: Iron Valiant|Electric
|move|p2a: Iron Valiant|Shadow Ball|p1a: Scizor
|-damage|p1a: Scizor|26/100
|-unboost|p1a: Scizor|spd|1
|move|p1a: Scizor|Swords Dance|p1a: Scizor
|-boost|p1a: Scizor|atk|2
|
|upkeep
|turn|24
|
|t:|1757839516
|move|p1a: Scizor|Bullet Punch|p2a: Iron Valiant
|-resisted|p2a: Iron Valiant
|-damage|p2a: Iron Valiant|35/100
|move|p2a: Iron Valiant|Shadow Ball|p1a: Scizor
|-damage|p1a: Scizor|0 fnt
|faint|p1a: Scizor
|
|upkeep
|c|☆gonzitosauri|normla mons have no chance
|c|☆gonzitosauri|gg
|
|t:|1757839531
|switch|p1a: Gengar|Gengar, F|100/100
|-damage|p1a: Gengar|88/100|[from] Stealth Rock
|turn|25
|
|t:|1757839538
|move|p2a: Iron Valiant|Shadow Ball|p1a: Gengar
|-supereffective|p1a: Gengar
|-damage|p1a: Gengar|0 fnt
|-start|p2a: Iron Valiant|Disable|Shadow Ball|[from] ability: Cursed Body|[of] p1a: Gengar
|faint|p1a: Gengar
|
|win|summmm
|raw|gonzitosauri's rating: 1296 &rarr; <strong>1274</strong><br />(-22 for losing)
|raw|summmm's rating: 1339 &rarr; <strong>1357</strong><br />(+18 for winning)
|l|☆gonzitosauri
|player|p1|
|l|☆summmm
|player|p2|
