|j|☆motorskk
|j|☆raviolikid
|t:|1757818715
|gametype|singles
|player|p1|motorskk|battlegirl-gen4|1648
|player|p2|raviolikid|clair|1595
|gen|9
|tier|[Gen 9] OU
|rated|
|rule|HP Percentage Mod: HP is shown in percentages
|rule|Endless Battle Clause: Forcing endless battles is banned
|rule|Species Clause: Limit one of each Pokémon
|rule|OHKO Clause: OHKO moves are banned
|rule|Evasion Items Clause: Evasion items are banned
|rule|Evasion Moves Clause: Evasion moves are banned
|rule|Evasion Abilities Clause: Evasion abilities are banned
|rule|Sleep Moves Clause: Sleep-inducing moves are banned
|clearpoke
|poke|p1|Iron Hands|
|poke|p1|Ninetales-Alola, F|
|poke|p1|Raging Bolt|
|poke|p1|Landorus-Therian, M|
|poke|p1|Polteageist|
|poke|p1|Kingambit, M|
|poke|p2|Garchomp, M|
|poke|p2|Iron Treads|
|poke|p2|Primarina, F|
|poke|p2|Pecharunt|
|poke|p2|Meowscarada, M|
|poke|p2|Raging Bolt|
|teampreview
|inactive|Battle timer is ON: inactive players will automatically lose when time's up. (requested by raviolikid)
|inactive|motorskk also wants the timer to be on.
|inactive|raviolikid has 120 seconds left.
|
|t:|1757818746
|teamsize|p1|6
|teamsize|p2|6
|start
|switch|p1a: Ninetales|Ninetales-Alola, F|100/100
|switch|p2a: Heavy Metal Lover|Iron Treads|100/100
|-weather|Snowscape|[from] ability: Snow Warning|[of] p1a: Ninetales
|turn|1
|
|t:|1757818754
|move|p1a: Ninetales|Aurora Veil|p1a: Ninetales
|-sidestart|p1: motorskk|move: Aurora Veil
|move|p2a: Heavy Metal Lover|Iron Head|p1a: Ninetales
|-supereffective|p1a: Ninetales
|-damage|p1a: Ninetales|50/100
|
|-weather|Snowscape|[upkeep]
|upkeep
|turn|2
|
|t:|1757818768
|switch|p1a: Iron Hands|Iron Hands|100/100
|-end|p2a: Heavy Metal Lover|Quark Drive|[silent]
|switch|p2a: 1000 Doves|Primarina, F|100/100
|
|-weather|Snowscape|[upkeep]
|upkeep
|turn|3
|
|t:|1757818782
|move|p2a: 1000 Doves|Flip Turn|p1a: Iron Hands
|-damage|p1a: Iron Hands|95/100
|
|t:|1757818784
|switch|p2a: Disease|Pecharunt|100/100|[from] Flip Turn
|-item|p2a: Disease|Air Balloon
|move|p1a: Iron Hands|Thunder Punch|p2a: Disease
|-damage|p2a: Disease|71/100
|-enditem|p2a: Disease|Air Balloon
|
|-weather|Snowscape|[upkeep]
|upkeep
|turn|4
|
|t:|1757818796
|-end|p1a: Iron Hands|Quark Drive|[silent]
|switch|p1a: Kingambit|Kingambit, M|100/100
|-item|p1a: Kingambit|Air Balloon
|move|p2a: Disease|Malignant Chain|p1a: Kingambit
|-immune|p1a: Kingambit
|
|-weather|Snowscape|[upkeep]
|upkeep
|turn|5
|
|t:|1757818803
|move|p2a: Disease|Parting Shot|p1a: Kingambit
|-unboost|p1a: Kingambit|atk|1
|-unboost|p1a: Kingambit|spa|1
|
|t:|1757818809
|switch|p2a: Monster|Garchomp, M|100/100|[from] Parting Shot
|move|p1a: Kingambit|Swords Dance|p1a: Kingambit
|-boost|p1a: Kingambit|atk|2
|
|-weather|none
|upkeep
|turn|6
|
|t:|1757818821
|move|p2a: Monster|Stealth Rock|p1a: Kingambit
|-sidestart|p1: motorskk|move: Stealth Rock
|move|p1a: Kingambit|Kowtow Cleave|p2a: Monster
|-damage|p2a: Monster|50/100
|-damage|p1a: Kingambit|88/100|[from] ability: Rough Skin|[of] p2a: Monster
|-damage|p1a: Kingambit|72/100|[from] item: Rocky Helmet|[of] p2a: Monster
|
|upkeep
|turn|7
|
|t:|1757818827
|move|p2a: Monster|Spikes|p1a: Kingambit
|-sidestart|p1: motorskk|Spikes
|move|p1a: Kingambit|Kowtow Cleave|p2a: Monster
|-damage|p2a: Monster|2/100
|-damage|p1a: Kingambit|59/100|[from] ability: Rough Skin|[of] p2a: Monster
|-damage|p1a: Kingambit|43/100|[from] item: Rocky Helmet|[of] p2a: Monster
|
|upkeep
|turn|8
|
|t:|1757818838
|move|p2a: Monster|Spikes|p1a: Kingambit
|-sidestart|p1: motorskk|Spikes
|move|p1a: Kingambit|Kowtow Cleave|p2a: Monster
|-damage|p2a: Monster|0 fnt
|-damage|p1a: Kingambit|31/100|[from] ability: Rough Skin|[of] p2a: Monster
|-damage|p1a: Kingambit|14/100|[from] item: Rocky Helmet|[of] p2a: Monster
|faint|p2a: Monster
|
|-sideend|p1: motorskk|move: Aurora Veil
|upkeep
|
|t:|1757818852
|switch|p2a: Venus|Raging Bolt|100/100
|turn|9
|
|t:|1757818865
|move|p1a: Kingambit|Sucker Punch|p2a: Venus
|-damage|p2a: Venus|42/100
|move|p2a: Venus|Draco Meteor|p1a: Kingambit
|-resisted|p1a: Kingambit
|-damage|p1a: Kingambit|0 fnt
|-unboost|p2a: Venus|spa|2
|-enditem|p1a: Kingambit|Air Balloon
|faint|p1a: Kingambit
|-end|p1a: Kingambit|fallenundefined|[silent]
|
|upkeep
|
|t:|1757818878
|switch|p1a: Landorus|Landorus-Therian, M|100/100
|-damage|p1a: Landorus|88/100|[from] Stealth Rock
|-ability|p1a: Landorus|Intimidate|boost
|-unboost|p2a: Venus|atk|1
|turn|10
|
|t:|1757818886
|move|p1a: Landorus|Earthquake|p2a: Venus
|-supereffective|p2a: Venus
|-damage|p2a: Venus|0 fnt
|faint|p2a: Venus
|-end|p2a: Venus|Protosynthesis|[silent]
|
|upkeep
|
|t:|1757818889
|switch|p2a: 1000 Doves|Primarina, F|100/100
|turn|11
|
|t:|1757818901
|-terastallize|p1a: Landorus|Ground
|move|p1a: Landorus|Earthquake|p2a: 1000 Doves
|-damage|p2a: 1000 Doves|0 fnt
|faint|p2a: 1000 Doves
|
|upkeep
|
|t:|1757818908
|switch|p2a: Poker Face|Meowscarada, M|100/100
|turn|12
|
|t:|1757818934
|switch|p1a: Ninetales|Ninetales-Alola, F|50/100
|-damage|p1a: Ninetales|25/100|[from] Stealth Rock
|-damage|p1a: Ninetales|9/100|[from] Spikes
|-weather|Snowscape|[from] ability: Snow Warning|[of] p1a: Ninetales
|move|p2a: Poker Face|Triple Axel|p1a: Ninetales
|-start|p2a: Poker Face|typechange|Ice|[from] ability: Protean
|-resisted|p1a: Ninetales
|-damage|p1a: Ninetales|4/100
|-resisted|p1a: Ninetales
|-damage|p1a: Ninetales|0 fnt
|faint|p1a: Ninetales
|-hitcount|p1: Ninetales|2
|
|-weather|Snowscape|[upkeep]
|upkeep
|
|t:|1757818939
|switch|p1a: Iron Hands|Iron Hands|95/100
|-damage|p1a: Iron Hands|89/100|[from] Stealth Rock
|-damage|p1a: Iron Hands|72/100|[from] Spikes
|turn|13
|
|t:|1757818956
|switch|p2a: Disease|Pecharunt|71/100
|-end|p1a: Iron Hands|Quark Drive|[silent]
|switch|p1a: Landorus|Landorus-Therian, M, tera:Ground|88/100
|-damage|p1a: Landorus|82/100|[from] Stealth Rock
|-damage|p1a: Landorus|65/100|[from] Spikes
|-ability|p1a: Landorus|Intimidate|boost
|-unboost|p2a: Disease|atk|1
|
|-weather|Snowscape|[upkeep]
|upkeep
|turn|14
|
|t:|1757818965
|move|p1a: Landorus|Earthquake|p2a: Disease
|-supereffective|p2a: Disease
|-damage|p2a: Disease|0 fnt
|faint|p2a: Disease
|
|-weather|Snowscape|[upkeep]
|upkeep
|
|t:|1757818967
|switch|p2a: Poker Face|Meowscarada, M|100/100
|turn|15
|
|t:|1757818982
|switch|p1a: Polteageist|Polteageist|100/100
|-damage|p1a: Polteageist|88/100|[from] Stealth Rock
|-damage|p1a: Polteageist|72/100|[from] Spikes
|move|p2a: Poker Face|Triple Axel|p1a: Polteageist
|-start|p2a: Poker Face|typechange|Ice|[from] ability: Protean
|-crit|p1a: Polteageist
|-damage|p1a: Polteageist|44/100
|-ability|p1a: Polteageist|Weak Armor|boost
|-unboost|p1a: Polteageist|def|1
|-boost|p1a: Polteageist|spe|2
|-damage|p1a: Polteageist|0 fnt
|faint|p1a: Polteageist
|-hitcount|p1: Polteageist|2
|
|-weather|Snowscape|[upkeep]
|upkeep
|
|t:|1757818986
|switch|p1a: Iron Hands|Iron Hands|72/100
|-damage|p1a: Iron Hands|66/100|[from] Stealth Rock
|-damage|p1a: Iron Hands|49/100|[from] Spikes
|turn|16
|
|t:|1757818998
|switch|p2a: Heavy Metal Lover|Iron Treads|100/100
|move|p1a: Iron Hands|Drain Punch|p2a: Heavy Metal Lover
|-supereffective|p2a: Heavy Metal Lover
|-damage|p2a: Heavy Metal Lover|21/100
|-heal|p1a: Iron Hands|81/100|[from] drain|[of] p2a: Heavy Metal Lover
|
|-weather|none
|upkeep
|turn|17
|
|t:|1757819021
|-end|p1a: Iron Hands|Quark Drive|[silent]
|switch|p1a: Landorus|Landorus-Therian, M, tera:Ground|65/100
|-damage|p1a: Landorus|59/100|[from] Stealth Rock
|-damage|p1a: Landorus|43/100|[from] Spikes
|-ability|p1a: Landorus|Intimidate|boost
|-unboost|p2a: Heavy Metal Lover|atk|1
|move|p2a: Heavy Metal Lover|Earthquake|p1a: Landorus
|-damage|p1a: Landorus|12/100
|
|upkeep
|turn|18
|
|t:|1757819029
|-end|p2a: Heavy Metal Lover|Quark Drive|[silent]
|switch|p2a: Poker Face|Meowscarada, M|100/100
|move|p1a: Landorus|Earthquake|p2a: Poker Face
|-resisted|p2a: Poker Face
|-damage|p2a: Poker Face|25/100
|
|upkeep
|turn|19
|
|t:|1757819043
|move|p2a: Poker Face|Triple Axel|p1a: Landorus
|-start|p2a: Poker Face|typechange|Ice|[from] ability: Protean
|-supereffective|p1a: Landorus
|-damage|p1a: Landorus|0 fnt
|faint|p1a: Landorus
|-hitcount|p1: Landorus|1
|
|upkeep
|
|t:|1757819054
|switch|p1a: Raging Bolt|Raging Bolt|100/100
|-damage|p1a: Raging Bolt|88/100|[from] Stealth Rock
|-damage|p1a: Raging Bolt|72/100|[from] Spikes
|-enditem|p1a: Raging Bolt|Booster Energy
|-activate|p1a: Raging Bolt|ability: Protosynthesis|[fromitem]
|-start|p1a: Raging Bolt|protosynthesisspa
|turn|20
|
|t:|1757819062
|switch|p2a: Heavy Metal Lover|Iron Treads|21/100
|move|p1a: Raging Bolt|Dragon Pulse|p2a: Heavy Metal Lover
|-resisted|p2a: Heavy Metal Lover
|-damage|p2a: Heavy Metal Lover|0 fnt
|faint|p2a: Heavy Metal Lover
|-end|p2a: Heavy Metal Lover|Quark Drive|[silent]
|
|upkeep
|
|t:|1757819063
|switch|p2a: Poker Face|Meowscarada, M|25/100
|turn|21
|
|t:|1757819066
|move|p1a: Raging Bolt|Thunderclap||[still]
|-fail|p1a: Raging Bolt
|move|p2a: Poker Face|Trick|p1a: Raging Bolt
|-start|p2a: Poker Face|typechange|Psychic|[from] ability: Protean
|-activate|p2a: Poker Face|move: Trick|[of] p1a: Raging Bolt
|-item|p1a: Raging Bolt|Choice Scarf|[from] move: Trick
|-enditem|p2a: Poker Face|Choice Scarf|[silent]|[from] move: Trick
|
|upkeep
|turn|22
|
|t:|1757819074
|move|p1a: Raging Bolt|Thunderclap|p2a: Poker Face
|-damage|p2a: Poker Face|0 fnt
|faint|p2a: Poker Face
|
|win|motorskk
|raw|motorskk's rating: 1648 &rarr; <strong>1665</strong><br />(+17 for winning)
|raw|raviolikid's rating: 1595 &rarr; <strong>1578</strong><br />(-17 for losing)
|l|☆motorskk
|player|p1|
|c|☆raviolikid|Gg
