|j|☆Themusiqking
|j|☆gargalicious
|t:|1757826205
|gametype|singles
|player|p1|Themusiqking|169|1070
|player|p2|gargalicious|170|1107
|gen|9
|tier|[Gen 9] OU
|rated|
|rule|HP Percentage Mod: HP is shown in percentages
|rule|Endless Battle Clause: Forcing endless battles is banned
|rule|Species Clause: Limit one of each Pokémon
|rule|OHKO Clause: OHKO moves are banned
|rule|Evasion Items Clause: Evasion items are banned
|rule|Evasion Moves Clause: Evasion moves are banned
|rule|Evasion Abilities Clause: Evasion abilities are banned
|rule|Sleep Moves Clause: Sleep-inducing moves are banned
|clearpoke
|poke|p1|Salamence, M|
|poke|p1|Eelektross, F|
|poke|p1|Spidops, M|
|poke|p1|Gholdengo|
|poke|p1|Garganacl, M|
|poke|p1|Zoroark-Hisui, F|
|poke|p2|Moltres|
|poke|p2|Gliscor, F|
|poke|p2|Garganacl, F|
|poke|p2|Ogerpon-Wellspring, F|
|poke|p2|Rillaboom, F|
|poke|p2|Fezandipiti, M|
|teampreview
|
|t:|1757826237
|teamsize|p1|6
|teamsize|p2|6
|start
|switch|p1a: Spidops|Spidops, M|100/100
|switch|p2a: Moltres|Moltres, shiny|100/100
|turn|1
|
|t:|1757826249
|move|p2a: Moltres|Heat Wave|p1a: Spidops
|-supereffective|p1a: Spidops
|-damage|p1a: Spidops|19/100
|-status|p1a: Spidops|brn
|-enditem|p1a: Spidops|Sitrus Berry|[eat]
|-heal|p1a: Spidops|44/100 brn|[from] item: Sitrus Berry
|move|p1a: Spidops|Sticky Web|p2a: Moltres
|-sidestart|p2: gargalicious|move: Sticky Web
|
|-damage|p1a: Spidops|38/100 brn|[from] brn
|upkeep
|turn|2
|
|t:|1757826263
|switch|p1a: Garganacl|Garganacl, M|100/100
|move|p2a: Moltres|Heat Wave|p1a: Garganacl
|-resisted|p1a: Garganacl
|-damage|p1a: Garganacl|88/100
|
|-heal|p1a: Garganacl|94/100|[from] item: Leftovers
|upkeep
|turn|3
|
|t:|1757826268
|move|p2a: Moltres|U-turn|p1a: Garganacl
|-damage|p1a: Garganacl|85/100
|
|t:|1757826274
|switch|p2a: Garganacl|Garganacl, F|100/100|[from] U-turn
|-activate|p2a: Garganacl|move: Sticky Web
|-unboost|p2a: Garganacl|spe|1
|move|p1a: Garganacl|Salt Cure|p2a: Garganacl
|-damage|p2a: Garganacl|91/100
|-start|p2a: Garganacl|Salt Cure
|
|-heal|p1a: Garganacl|91/100|[from] item: Leftovers
|-damage|p2a: Garganacl|79/100|[from] Salt Cure
|upkeep
|turn|4
|
|t:|1757826286
|move|p1a: Garganacl|Protect|p1a: Garganacl
|-singleturn|p1a: Garganacl|Protect
|move|p2a: Garganacl|Salt Cure|p1a: Garganacl
|-activate|p1a: Garganacl|move: Protect
|
|-heal|p1a: Garganacl|97/100|[from] item: Leftovers
|-damage|p2a: Garganacl|67/100|[from] Salt Cure
|upkeep
|turn|5
|
|t:|1757826295
|move|p1a: Garganacl|Stealth Rock|p2a: Garganacl
|-sidestart|p2: gargalicious|move: Stealth Rock
|move|p2a: Garganacl|Salt Cure|p1a: Garganacl
|-damage|p1a: Garganacl|84/100
|-start|p1a: Garganacl|Salt Cure
|
|-heal|p1a: Garganacl|90/100|[from] item: Leftovers
|-damage|p1a: Garganacl|77/100|[from] Salt Cure
|-damage|p2a: Garganacl|54/100|[from] Salt Cure
|upkeep
|turn|6
|
|t:|1757826303
|switch|p2a: Fezandipiti|Fezandipiti, M|100/100
|move|p1a: Garganacl|Salt Cure|p2a: Fezandipiti
|-damage|p2a: Fezandipiti|91/100
|-start|p2a: Fezandipiti|Salt Cure
|
|-heal|p1a: Garganacl|84/100|[from] item: Leftovers
|-damage|p2a: Fezandipiti|78/100|[from] Salt Cure
|-damage|p1a: Garganacl|71/100|[from] Salt Cure
|upkeep
|turn|7
|
|t:|1757826311
|switch|p2a: Garganacl|Garganacl, F|54/100
|-activate|p2a: Garganacl|move: Sticky Web
|-unboost|p2a: Garganacl|spe|1
|-damage|p2a: Garganacl|42/100|[from] Stealth Rock
|switch|p1a: Gholdengo|Gholdengo|100/100
|
|upkeep
|turn|8
|
|t:|1757826318
|move|p1a: Gholdengo|Make It Rain|p2a: Garganacl
|-supereffective|p2a: Garganacl
|-damage|p2a: Garganacl|0 fnt
|-unboost|p1a: Gholdengo|spa|1
|faint|p2a: Garganacl
|
|upkeep
|
|t:|1757826323
|switch|p2a: Moltres|Moltres, shiny|100/100
|turn|9
|
|t:|1757826329
|switch|p1a: Garganacl|Garganacl, M|71/100
|move|p2a: Moltres|Roar|p1a: Garganacl
|drag|p1a: Gholdengo|Gholdengo|100/100
|
|upkeep
|turn|10
|
|t:|1757826350
|switch|p1a: Garganacl|Garganacl, M|71/100
|move|p2a: Moltres|Heat Wave|p1a: Garganacl
|-resisted|p1a: Garganacl
|-damage|p1a: Garganacl|58/100
|
|-heal|p1a: Garganacl|64/100|[from] item: Leftovers
|upkeep
|turn|11
|
|t:|1757826355
|move|p2a: Moltres|U-turn|p1a: Garganacl
|-damage|p1a: Garganacl|54/100
|
|t:|1757826360
|switch|p2a: Rillaboom|Rillaboom, F, shiny|100/100|[from] U-turn
|-activate|p2a: Rillaboom|move: Sticky Web
|-unboost|p2a: Rillaboom|spe|1
|-damage|p2a: Rillaboom|88/100|[from] Stealth Rock
|-fieldstart|move: Grassy Terrain|[from] ability: Grassy Surge|[of] p2a: Rillaboom
|move|p1a: Garganacl|Salt Cure|p2a: Rillaboom
|-damage|p2a: Rillaboom|72/100
|-start|p2a: Rillaboom|Salt Cure
|
|-heal|p2a: Rillaboom|78/100|[from] Grassy Terrain
|-heal|p1a: Garganacl|61/100|[from] Grassy Terrain
|-heal|p1a: Garganacl|67/100|[from] item: Leftovers
|-damage|p2a: Rillaboom|66/100|[from] Salt Cure
|upkeep
|turn|12
|
|t:|1757826365
|move|p1a: Garganacl|Protect|p1a: Garganacl
|-singleturn|p1a: Garganacl|Protect
|move|p2a: Rillaboom|Low Kick|p1a: Garganacl
|-activate|p1a: Garganacl|move: Protect
|
|-heal|p2a: Rillaboom|72/100|[from] Grassy Terrain
|-heal|p1a: Garganacl|73/100|[from] Grassy Terrain
|-heal|p1a: Garganacl|79/100|[from] item: Leftovers
|-damage|p2a: Rillaboom|60/100|[from] Salt Cure
|upkeep
|turn|13
|
|t:|1757826381
|switch|p1a: Gholdengo|Gholdengo|100/100
|move|p2a: Rillaboom|Low Kick|p1a: Gholdengo
|-immune|p1a: Gholdengo
|
|-heal|p2a: Rillaboom|66/100|[from] Grassy Terrain
|-damage|p2a: Rillaboom|54/100|[from] Salt Cure
|upkeep
|turn|14
|-message|gargalicious forfeited.
|
|win|Themusiqking
|raw|Themusiqking's rating: 1070 &rarr; <strong>1103</strong><br />(+33 for winning)
|raw|gargalicious's rating: 1107 &rarr; <strong>1079</strong><br />(-28 for losing)
|l|☆gargalicious
|player|p2|
|l|☆Themusiqking
|player|p1|
