|j|☆ElTunas_502
|j|☆ganese
|t:|1757867104
|gametype|singles
|player|p1|ElTunas_502|aaron|1330
|player|p2|ganese|265|1359
|gen|9
|tier|[Gen 9] OU
|rated|
|rule|HP Percentage Mod: HP is shown in percentages
|rule|Endless Battle Clause: Forcing endless battles is banned
|rule|Species Clause: Limit one of each Pokémon
|rule|OHKO Clause: OHKO moves are banned
|rule|Evasion Items Clause: Evasion items are banned
|rule|Evasion Moves Clause: Evasion moves are banned
|rule|Evasion Abilities Clause: Evasion abilities are banned
|rule|Sleep Moves Clause: Sleep-inducing moves are banned
|clearpoke
|poke|p1|Blaziken, F|
|poke|p1|Slowking-Galar, F|
|poke|p1|Kyurem|
|poke|p1|Corviknight, F|
|poke|p1|Electivire, F|
|poke|p1|Darkrai|
|poke|p2|Ogerpon-Wellspring, F|
|poke|p2|Lokix, F|
|poke|p2|Slowking-Galar, F|
|poke|p2|Dragonite, F|
|poke|p2|Great Tusk|
|poke|p2|Heatran, M|
|teampreview
|inactive|Battle timer is ON: inactive players will automatically lose when time's up. (requested by ganese)
|inactive|ElTunas_502 has 120 seconds left.
|
|t:|1757867150
|teamsize|p1|6
|teamsize|p2|6
|start
|switch|p1a: Slowking|Slowking-Galar, F|100/100
|switch|p2a: Ogerpon|Ogerpon-Wellspring, F|100/100
|turn|1
|
|t:|1757867165
|switch|p2a: Speed King|Heatran, M|100/100
|move|p1a: Slowking|Sludge Bomb|p2a: Speed King
|-immune|p2a: Speed King
|
|upkeep
|turn|2
|
|t:|1757867181
|move|p2a: Speed King|Stealth Rock|p1a: Slowking
|-sidestart|p1: ElTunas_502|move: Stealth Rock
|-prepare|p1a: Slowking|Chilly Reception|[premajor]
|move|p1a: Slowking|Chilly Reception|p1a: Slowking
|-weather|Snowscape
|
|t:|1757867186
|switch|p1a: Kyurem|Kyurem|100/100|[from] Chilly Reception
|-damage|p1a: Kyurem|76/100|[from] Stealth Rock
|-ability|p1a: Kyurem|Pressure
|
|-weather|Snowscape|[upkeep]
|upkeep
|turn|3
|
|t:|1757867196
|move|p1a: Kyurem|Ice Beam|p2a: Speed King
|-resisted|p2a: Speed King
|-damage|p2a: Speed King|89/100
|move|p2a: Speed King|Fire Blast|p1a: Kyurem
|-damage|p1a: Kyurem|27/100
|-status|p1a: Kyurem|brn
|
|-weather|Snowscape|[upkeep]
|-heal|p2a: Speed King|95/100|[from] item: Leftovers
|-damage|p1a: Kyurem|21/100 brn|[from] brn
|upkeep
|turn|4
|
|t:|1757867208
|switch|p2a: Purple Haze|Slowking-Galar, F|100/100
|move|p1a: Kyurem|Ice Beam|p2a: Purple Haze
|-damage|p2a: Purple Haze|59/100
|
|-weather|Snowscape|[upkeep]
|-damage|p1a: Kyurem|15/100 brn|[from] brn
|upkeep
|turn|5
|
|t:|1757867215
|switch|p2a: Speed King|Heatran, M|95/100
|move|p1a: Kyurem|Ice Beam|p2a: Speed King
|-resisted|p2a: Speed King
|-damage|p2a: Speed King|84/100
|
|-weather|Snowscape|[upkeep]
|-heal|p2a: Speed King|90/100|[from] item: Leftovers
|-damage|p1a: Kyurem|9/100 brn|[from] brn
|upkeep
|turn|6
|
|t:|1757867223
|move|p1a: Kyurem|Ice Beam|p2a: Speed King
|-resisted|p2a: Speed King
|-damage|p2a: Speed King|80/100
|move|p2a: Speed King|Earth Power|p1a: Kyurem
|-damage|p1a: Kyurem|0 fnt
|faint|p1a: Kyurem
|
|-weather|none
|-heal|p2a: Speed King|86/100|[from] item: Leftovers
|upkeep
|
|t:|1757867238
|switch|p1a: Electivire|Electivire, F|100/100
|-damage|p1a: Electivire|88/100|[from] Stealth Rock
|turn|7
|
|t:|1757867247
|switch|p2a: Purple Haze|Slowking-Galar, F|93/100
|move|p1a: Electivire|Earthquake|p2a: Purple Haze
|-supereffective|p2a: Purple Haze
|-damage|p2a: Purple Haze|18/100
|
|upkeep
|turn|8
|
|t:|1757867253
|switch|p2a: Tusk|Great Tusk|100/100
|move|p1a: Electivire|Earthquake|p2a: Tusk
|-damage|p2a: Tusk|78/100
|
|upkeep
|turn|9
|
|t:|1757867260
|switch|p1a: Corviknight|Corviknight, F|100/100
|-damage|p1a: Corviknight|88/100|[from] Stealth Rock
|move|p2a: Tusk|Knock Off|p1a: Corviknight
|-damage|p1a: Corviknight|70/100
|-damage|p2a: Tusk|61/100|[from] item: Rocky Helmet|[of] p1a: Corviknight
|-enditem|p1a: Corviknight|Rocky Helmet|[from] move: Knock Off|[of] p2a: Tusk
|
|upkeep
|turn|10
|
|t:|1757867268
|move|p2a: Tusk|Close Combat|p1a: Corviknight
|-damage|p1a: Corviknight|41/100
|-unboost|p2a: Tusk|def|1
|-unboost|p2a: Tusk|spd|1
|move|p1a: Corviknight|Defog|p2a: Tusk
|-unboost|p2a: Tusk|evasion|1
|-sideend|p1: ElTunas_502|Stealth Rock|[from] move: Defog|[of] p1a: Corviknight
|
|upkeep
|turn|11
|
|t:|1757867277
|-end|p2a: Tusk|Protosynthesis|[silent]
|switch|p2a: Speed King|Heatran, M|86/100
|move|p1a: Corviknight|Body Press|p2a: Speed King
|-supereffective|p2a: Speed King
|-damage|p2a: Speed King|43/100
|
|-heal|p2a: Speed King|49/100|[from] item: Leftovers
|upkeep
|turn|12
|
|t:|1757867302
|switch|p1a: Darkrai|Darkrai|100/100
|move|p2a: Speed King|Fire Blast|p1a: Darkrai
|-damage|p1a: Darkrai|39/100
|
|-heal|p1a: Darkrai|45/100|[from] item: Leftovers
|-heal|p2a: Speed King|56/100|[from] item: Leftovers
|upkeep
|turn|13
|
|t:|1757867313
|move|p1a: Darkrai|Dark Pulse|p2a: Speed King
|-damage|p2a: Speed King|31/100
|move|p2a: Speed King|Earth Power|p1a: Darkrai
|-damage|p1a: Darkrai|9/100
|
|-heal|p1a: Darkrai|15/100|[from] item: Leftovers
|-heal|p2a: Speed King|37/100|[from] item: Leftovers
|upkeep
|turn|14
|
|t:|1757867323
|move|p1a: Darkrai|Dark Pulse|p2a: Speed King
|-damage|p2a: Speed King|12/100
|move|p2a: Speed King|Earth Power|p1a: Darkrai
|-damage|p1a: Darkrai|0 fnt
|faint|p1a: Darkrai
|
|-heal|p2a: Speed King|18/100|[from] item: Leftovers
|upkeep
|
|t:|1757867340
|switch|p1a: Blaziken|Blaziken, F|100/100
|turn|15
|
|t:|1757867349
|move|p1a: Blaziken|Knock Off|p2a: Speed King
|-damage|p2a: Speed King|0 fnt
|-enditem|p2a: Speed King|Leftovers|[from] move: Knock Off|[of] p1a: Blaziken
|faint|p2a: Speed King
|-damage|p1a: Blaziken|91/100|[from] item: Life Orb
|
|-ability|p1a: Blaziken|Speed Boost|boost
|-boost|p1a: Blaziken|spe|1
|upkeep
|
|t:|1757867358
|switch|p2a: Charming man|Dragonite, F|100/100
|turn|16
|
|t:|1757867366
|move|p1a: Blaziken|Knock Off|p2a: Charming man
|-damage|p2a: Charming man|77/100
|-enditem|p2a: Charming man|Heavy-Duty Boots|[from] move: Knock Off|[of] p1a: Blaziken
|-damage|p1a: Blaziken|81/100|[from] item: Life Orb
|move|p2a: Charming man|Dragon Dance|p2a: Charming man
|-boost|p2a: Charming man|atk|1
|-boost|p2a: Charming man|spe|1
|
|-ability|p1a: Blaziken|Speed Boost|boost
|-boost|p1a: Blaziken|spe|1
|upkeep
|turn|17
|
|t:|1757867385
|-terastallize|p1a: Blaziken|Fire
|move|p2a: Charming man|Extreme Speed|p1a: Blaziken
|-damage|p1a: Blaziken|15/100
|move|p1a: Blaziken|Flare Blitz|p2a: Charming man
|-resisted|p2a: Charming man
|-crit|p2a: Charming man
|-damage|p2a: Charming man|0 fnt
|faint|p2a: Charming man
|-damage|p1a: Blaziken|0 fnt|[from] Recoil
|faint|p1a: Blaziken
|
|upkeep
|
|t:|1757867403
|switch|p1a: Slowking|Slowking-Galar, F|100/100
|switch|p2a: Ogerpon|Ogerpon-Wellspring, F|100/100
|turn|18
|
|t:|1757867413
|switch|p2a: Purple Haze|Slowking-Galar, F|51/100
|move|p1a: Slowking|Sludge Bomb|p2a: Purple Haze
|-resisted|p2a: Purple Haze
|-crit|p2a: Purple Haze
|-damage|p2a: Purple Haze|36/100
|
|upkeep
|turn|19
|
|t:|1757867422
|move|p1a: Slowking|Psychic Noise|p2a: Purple Haze
|-damage|p2a: Purple Haze|20/100
|-start|p2a: Purple Haze|move: Heal Block
|-prepare|p2a: Purple Haze|Chilly Reception|[premajor]
|move|p2a: Purple Haze|Chilly Reception|p2a: Purple Haze
|-weather|Snowscape
|
|t:|1757867433
|switch|p2a: Nut King|Lokix, F|100/100|[from] Chilly Reception
|
|-weather|Snowscape|[upkeep]
|upkeep
|turn|20
|
|t:|1757867449
|move|p2a: Nut King|Knock Off|p1a: Slowking
|-supereffective|p1a: Slowking
|-damage|p1a: Slowking|0 fnt
|-enditem|p1a: Slowking|Shuca Berry|[from] move: Knock Off|[of] p2a: Nut King
|faint|p1a: Slowking
|
|-weather|Snowscape|[upkeep]
|upkeep
|
|t:|1757867455
|switch|p1a: Electivire|Electivire, F|88/100
|turn|21
|
|t:|1757867462
|switch|p2a: Tusk|Great Tusk|61/100
|move|p1a: Electivire|Supercell Slam|p2a: Tusk
|-immune|p2a: Tusk
|-damage|p1a: Electivire|38/100|[from] supercellslam
|
|-weather|Snowscape|[upkeep]
|upkeep
|turn|22
|
|t:|1757867469
|switch|p1a: Corviknight|Corviknight, F|41/100
|move|p2a: Tusk|Close Combat|p1a: Corviknight
|-damage|p1a: Corviknight|7/100
|-unboost|p2a: Tusk|def|1
|-unboost|p2a: Tusk|spd|1
|
|-weather|Snowscape|[upkeep]
|upkeep
|turn|23
|
|t:|1757867480
|move|p2a: Tusk|Close Combat|p1a: Corviknight
|-damage|p1a: Corviknight|0 fnt
|-unboost|p2a: Tusk|def|1
|-unboost|p2a: Tusk|spd|1
|faint|p1a: Corviknight
|
|-weather|none
|upkeep
|
|t:|1757867486
|switch|p1a: Electivire|Electivire, F|38/100
|turn|24
|
|t:|1757867501
|move|p1a: Electivire|Earthquake|p2a: Tusk
|-damage|p2a: Tusk|15/100
|move|p2a: Tusk|Headlong Rush|p1a: Electivire
|-supereffective|p1a: Electivire
|-damage|p1a: Electivire|0 fnt
|-unboost|p2a: Tusk|def|1
|-unboost|p2a: Tusk|spd|1
|faint|p1a: Electivire
|
|win|ganese
|raw|ElTunas_502's rating: 1330 &rarr; <strong>1312</strong><br />(-18 for losing)
|raw|ganese's rating: 1359 &rarr; <strong>1377</strong><br />(+18 for winning)
|l|☆ElTunas_502
|player|p1|
|l|☆ganese
|player|p2|
