|j|☆itsn0t
|j|☆TREMBLEB4BAST
|t:|1757910269
|gametype|singles
|player|p1|itsn0t|265|1243
|player|p2|TREMBLEB4BAST|geeta|1257
|gen|9
|tier|[Gen 9] OU
|rated|
|rule|HP Percentage Mod: HP is shown in percentages
|rule|Endless Battle Clause: Forcing endless battles is banned
|rule|Species Clause: Limit one of each Pokémon
|rule|OHKO Clause: OHKO moves are banned
|rule|Evasion Items Clause: Evasion items are banned
|rule|Evasion Moves Clause: Evasion moves are banned
|rule|Evasion Abilities Clause: Evasion abilities are banned
|rule|Sleep Moves Clause: Sleep-inducing moves are banned
|clearpoke
|poke|p1|Ting-Lu|
|poke|p1|Gholdengo|
|poke|p1|Dragapult, M|
|poke|p1|Ogerpon-Wellspring, F|
|poke|p1|Great Tusk|
|poke|p1|Kingambit, M|
|poke|p2|Tyranitar, M|
|poke|p2|Lucario, M|
|poke|p2|Gastrodon-East, F|
|poke|p2|Iron Moth|
|poke|p2|Vikavolt, M|
|poke|p2|Iron Leaves|
|teampreview
|
|t:|1757910292
|teamsize|p1|6
|teamsize|p2|6
|start
|switch|p1a: Dragapult|Dragapult, M|100/100
|switch|p2a: Australian|Vikavolt, M|100/100
|turn|1
|
|t:|1757910304
|move|p1a: Dragapult|Flamethrower|p2a: Australian
|-supereffective|p2a: Australian
|-damage|p2a: Australian|41/100
|move|p2a: Australian|Volt Switch|p1a: Dragapult
|-resisted|p1a: Dragapult
|-damage|p1a: Dragapult|80/100
|
|t:|1757910316
|switch|p2a: Reiner Braun|Tyranitar, M|100/100|[from] Volt Switch
|-weather|Sandstorm|[from] ability: Sand Stream|[of] p2a: Reiner Braun
|
|-weather|Sandstorm|[upkeep]
|-damage|p1a: Dragapult|74/100|[from] Sandstorm
|upkeep
|turn|2
|
|t:|1757910329
|switch|p1a: Ting-Lu|Ting-Lu|100/100
|-ability|p1a: Ting-Lu|Vessel of Ruin
|move|p2a: Reiner Braun|Ice Punch|p1a: Ting-Lu
|-supereffective|p1a: Ting-Lu
|-damage|p1a: Ting-Lu|75/100
|
|-weather|Sandstorm|[upkeep]
|-heal|p1a: Ting-Lu|81/100|[from] item: Leftovers
|upkeep
|turn|3
|
|t:|1757910340
|switch|p2a: Lich|Gastrodon-East, F|100/100
|move|p1a: Ting-Lu|Ruination|p2a: Lich
|-damage|p2a: Lich|50/100
|
|-weather|Sandstorm|[upkeep]
|-heal|p1a: Ting-Lu|88/100|[from] item: Leftovers
|upkeep
|turn|4
|
|t:|1757910349
|move|p2a: Lich|Ice Beam|p1a: Ting-Lu
|-supereffective|p1a: Ting-Lu
|-damage|p1a: Ting-Lu|36/100
|move|p1a: Ting-Lu|Whirlwind|p2a: Lich
|drag|p2a: Australian|Vikavolt, M|41/100
|
|-weather|Sandstorm|[upkeep]
|-damage|p2a: Australian|35/100|[from] Sandstorm
|-heal|p1a: Ting-Lu|43/100|[from] item: Leftovers
|upkeep
|turn|5
|
|t:|1757910360
|switch|p2a: Lich|Gastrodon-East, F|50/100
|move|p1a: Ting-Lu|Stealth Rock|p2a: Lich
|-sidestart|p2: TREMBLEB4BAST|move: Stealth Rock
|
|-weather|none
|-heal|p1a: Ting-Lu|49/100|[from] item: Leftovers
|upkeep
|turn|6
|
|t:|1757910368
|move|p2a: Lich|Surf|p1a: Ting-Lu
|-supereffective|p1a: Ting-Lu
|-damage|p1a: Ting-Lu|0 fnt
|faint|p1a: Ting-Lu
|
|upkeep
|
|t:|1757910380
|switch|p1a: Ogerpon|Ogerpon-Wellspring, F|100/100
|turn|7
|
|t:|1757910392
|move|p1a: Ogerpon|Swords Dance|p1a: Ogerpon
|-boost|p1a: Ogerpon|atk|2
|move|p2a: Lich|Surf|p1a: Ogerpon
|-immune|p1a: Ogerpon|[from] ability: Water Absorb
|
|upkeep
|turn|8
|
|t:|1757910404
|move|p1a: Ogerpon|Horn Leech|p2a: Lich
|-supereffective|p2a: Lich
|-damage|p2a: Lich|0 fnt
|faint|p2a: Lich
|
|upkeep
|
|t:|1757910406
|switch|p2a: Shinobu|Iron Moth, shiny|100/100
|-damage|p2a: Shinobu|75/100|[from] Stealth Rock
|-enditem|p2a: Shinobu|Booster Energy
|-activate|p2a: Shinobu|ability: Quark Drive|[fromitem]
|-start|p2a: Shinobu|quarkdrivespe
|turn|9
|
|t:|1757910415
|move|p2a: Shinobu|Sludge Wave|p1a: Ogerpon
|-supereffective|p1a: Ogerpon
|-damage|p1a: Ogerpon|0 fnt
|faint|p1a: Ogerpon
|
|upkeep
|
|t:|1757910424
|switch|p1a: Gholdengo|Gholdengo|100/100
|turn|10
|
|t:|1757910433
|-terastallize|p1a: Gholdengo|Flying
|move|p2a: Shinobu|Fiery Dance|p1a: Gholdengo
|-damage|p1a: Gholdengo|62/100
|move|p1a: Gholdengo|Nasty Plot|p1a: Gholdengo
|-boost|p1a: Gholdengo|spa|2
|
|upkeep
|turn|11
|
|t:|1757910445
|move|p2a: Shinobu|Fiery Dance|p1a: Gholdengo
|-damage|p1a: Gholdengo|23/100
|move|p1a: Gholdengo|Shadow Ball|p2a: Shinobu
|-damage|p2a: Shinobu|1/100
|
|upkeep
|turn|12
|
|t:|1757910459
|move|p2a: Shinobu|Fiery Dance|p1a: Gholdengo
|-damage|p1a: Gholdengo|0 fnt
|-boost|p2a: Shinobu|spa|1
|faint|p1a: Gholdengo
|
|upkeep
|
|t:|1757910478
|switch|p1a: Dragapult|Dragapult, M|74/100
|turn|13
|
|t:|1757910487
|move|p2a: Shinobu|Dazzling Gleam|p1a: Dragapult
|-supereffective|p1a: Dragapult
|-damage|p1a: Dragapult|0 fnt
|faint|p1a: Dragapult
|
|upkeep
|
|t:|1757910493
|switch|p1a: Great Tusk|Great Tusk|100/100
|turn|14
|
|t:|1757910497
|move|p2a: Shinobu|Dazzling Gleam|p1a: Great Tusk
|-supereffective|p1a: Great Tusk
|-damage|p1a: Great Tusk|0 fnt
|faint|p1a: Great Tusk
|-end|p1a: Great Tusk|Protosynthesis|[silent]
|
|upkeep
|
|t:|1757910503
|switch|p1a: Kingambit|Kingambit, M|100/100
|-activate|p1a: Kingambit|ability: Supreme Overlord
|-start|p1a: Kingambit|fallen5|[silent]
|turn|15
|
|t:|1757910510
|move|p1a: Kingambit|Sucker Punch|p2a: Shinobu
|-damage|p2a: Shinobu|0 fnt
|faint|p2a: Shinobu
|-end|p2a: Shinobu|Quark Drive|[silent]
|
|upkeep
|
|t:|1757910514
|switch|p2a: Gohan|Lucario, M|100/100
|-damage|p2a: Gohan|98/100|[from] Stealth Rock
|turn|16
|
|t:|1757910522
|move|p2a: Gohan|Aura Sphere|p1a: Kingambit
|-supereffective|p1a: Kingambit
|-damage|p1a: Kingambit|0 fnt
|faint|p1a: Kingambit
|-end|p1a: Kingambit|fallen5|[silent]
|
|win|TREMBLEB4BAST
|raw|itsn0t's rating: 1243 &rarr; <strong>1219</strong><br />(-24 for losing)
|raw|TREMBLEB4BAST's rating: 1257 &rarr; <strong>1281</strong><br />(+24 for winning)
|l|☆TREMBLEB4BAST
|player|p2|
|l|☆itsn0t
|player|p1|
