|j|☆mathismathin
|j|☆aladdin2000
|t:|1757907887
|gametype|singles
|player|p1|mathismathin|hilbert|1397
|player|p2|aladdin2000|170|1338
|gen|9
|tier|[Gen 9] OU
|rated|
|rule|HP Percentage Mod: HP is shown in percentages
|rule|Endless Battle Clause: Forcing endless battles is banned
|rule|Species Clause: Limit one of each Pokémon
|rule|OHKO Clause: OHKO moves are banned
|rule|Evasion Items Clause: Evasion items are banned
|rule|Evasion Moves Clause: Evasion moves are banned
|rule|Evasion Abilities Clause: Evasion abilities are banned
|rule|Sleep Moves Clause: Sleep-inducing moves are banned
|clearpoke
|poke|p1|Mew|
|poke|p1|Primarina, M|
|poke|p1|Moltres|
|poke|p1|Chesnaught, M|
|poke|p1|Great Tusk|
|poke|p1|Dragapult, F|
|poke|p2|Glimmora, F|
|poke|p2|Avalugg, M|
|poke|p2|Garchomp, F|
|poke|p2|Darkrai|
|poke|p2|Gardevoir, M|
|poke|p2|Cinderace, F|
|teampreview
|
|t:|1757907897
|teamsize|p1|6
|teamsize|p2|6
|start
|switch|p1a: Primarina|Primarina, M|100/100
|switch|p2a: Glimmora|Glimmora, F, shiny|100/100
|turn|1
|
|t:|1757907902
|move|p2a: Glimmora|Sludge Wave|p1a: Primarina
|-supereffective|p1a: Primarina
|-damage|p1a: Primarina|40/100
|move|p1a: Primarina|Surf|p2a: Glimmora
|-supereffective|p2a: Glimmora
|-enditem|p2a: Glimmora|Focus Sash
|-damage|p2a: Glimmora|1/100
|
|upkeep
|turn|2
|
|t:|1757907912
|move|p2a: Glimmora|Sludge Wave|p1a: Primarina
|-supereffective|p1a: Primarina
|-damage|p1a: Primarina|0 fnt
|faint|p1a: Primarina
|
|upkeep
|
|t:|1757907914
|switch|p1a: Great Tusk|Great Tusk|100/100
|turn|3
|
|t:|1757907916
|move|p1a: Great Tusk|Rapid Spin|p2a: Glimmora
|-resisted|p2a: Glimmora
|-damage|p2a: Glimmora|0 fnt
|-boost|p1a: Great Tusk|spe|1
|faint|p2a: Glimmora
|
|upkeep
|
|t:|1757907919
|switch|p2a: Avalugg|Avalugg, M|100/100
|turn|4
|
|t:|1757907926
|-end|p1a: Great Tusk|Protosynthesis|[silent]
|switch|p1a: Moltres|Moltres|100/100
|switch|p2a: Cinderace|Cinderace, F|100/100
|
|upkeep
|turn|5
|
|t:|1757907933
|move|p2a: Cinderace|Pyro Ball|p1a: Moltres
|-resisted|p1a: Moltres
|-damage|p1a: Moltres|65/100
|move|p1a: Moltres|Scorching Sands|p2a: Cinderace
|-supereffective|p2a: Cinderace
|-damage|p2a: Cinderace|28/100
|
|upkeep
|turn|6
|
|t:|1757907939
|move|p2a: Cinderace|Pyro Ball|p1a: Moltres
|-resisted|p1a: Moltres
|-damage|p1a: Moltres|34/100
|move|p1a: Moltres|Roost|p1a: Moltres
|-heal|p1a: Moltres|84/100
|-singleturn|p1a: Moltres|move: Roost
|
|upkeep
|turn|7
|
|t:|1757907951
|move|p2a: Cinderace|Pyro Ball|p1a: Moltres
|-resisted|p1a: Moltres
|-damage|p1a: Moltres|52/100
|move|p1a: Moltres|Roost|p1a: Moltres
|-heal|p1a: Moltres|100/100
|-singleturn|p1a: Moltres|move: Roost
|
|upkeep
|turn|8
|
|t:|1757907958
|move|p2a: Cinderace|Pyro Ball|p1a: Moltres
|-resisted|p1a: Moltres
|-damage|p1a: Moltres|68/100
|move|p1a: Moltres|Scorching Sands|p2a: Cinderace
|-supereffective|p2a: Cinderace
|-damage|p2a: Cinderace|0 fnt
|faint|p2a: Cinderace
|
|upkeep
|
|t:|1757907969
|switch|p2a: Darkrai|Darkrai|100/100
|turn|9
|
|t:|1757907980
|switch|p1a: Chesnaught|Chesnaught, M|100/100
|move|p2a: Darkrai|Dark Pulse|p1a: Chesnaught
|-resisted|p1a: Chesnaught
|-damage|p1a: Chesnaught|74/100
|
|upkeep
|turn|10
|
|t:|1757907990
|move|p2a: Darkrai|Psychic|p1a: Chesnaught
|-supereffective|p1a: Chesnaught
|-damage|p1a: Chesnaught|0 fnt
|faint|p1a: Chesnaught
|
|upkeep
|
|t:|1757908004
|switch|p1a: Dragapult|Dragapult, F|100/100
|turn|11
|
|t:|1757908011
|-terastallize|p2a: Darkrai|Poison
|move|p1a: Dragapult|U-turn|p2a: Darkrai
|-resisted|p2a: Darkrai
|-damage|p2a: Darkrai|78/100
|
|t:|1757908021
|switch|p1a: Mew|Mew|100/100|[from] U-turn
|move|p2a: Darkrai|Dark Pulse|p1a: Mew
|-supereffective|p1a: Mew
|-damage|p1a: Mew|7/100
|
|upkeep
|turn|12
|
|t:|1757908028
|move|p1a: Mew|Will-O-Wisp|p2a: Darkrai
|-status|p2a: Darkrai|brn
|move|p2a: Darkrai|Dark Pulse|p1a: Mew
|-supereffective|p1a: Mew
|-damage|p1a: Mew|0 fnt
|faint|p1a: Mew
|
|-damage|p2a: Darkrai|72/100 brn|[from] brn
|upkeep
|
|t:|1757908034
|switch|p1a: Dragapult|Dragapult, F|100/100
|turn|13
|
|t:|1757908040
|switch|p2a: Gardevoir|Gardevoir, M|100/100
|-ability|p2a: Gardevoir|Clear Body|Trace|[from] ability: Trace|[of] p1a: Dragapult
|-terastallize|p1a: Dragapult|Ghost
|move|p1a: Dragapult|Tera Blast|p2a: Gardevoir|[anim] Tera Blast Ghost
|-supereffective|p2a: Gardevoir
|-damage|p2a: Gardevoir|0 fnt
|faint|p2a: Gardevoir
|
|upkeep
|
|t:|1757908055
|switch|p2a: Avalugg|Avalugg, M|100/100
|turn|14
|
|t:|1757908065
|switch|p1a: Moltres|Moltres|68/100
|move|p2a: Avalugg|Ice Spinner|p1a: Moltres
|-damage|p1a: Moltres|19/100
|
|upkeep
|turn|15
|
|t:|1757908073
|switch|p2a: Garchomp|Garchomp, F|100/100
|move|p1a: Moltres|Fire Blast|p2a: Garchomp
|-resisted|p2a: Garchomp
|-damage|p2a: Garchomp|69/100
|
|upkeep
|turn|16
|
|t:|1757908079
|switch|p1a: Great Tusk|Great Tusk|100/100
|move|p2a: Garchomp|Scale Shot|p1a: Great Tusk
|-crit|p1a: Great Tusk
|-damage|p1a: Great Tusk|86/100
|-damage|p1a: Great Tusk|77/100
|-damage|p1a: Great Tusk|66/100
|-damage|p1a: Great Tusk|57/100
|-damage|p1a: Great Tusk|47/100
|-hitcount|p1a: Great Tusk|5
|-unboost|p2a: Garchomp|def|1
|-boost|p2a: Garchomp|spe|1
|
|upkeep
|turn|17
|
|t:|1757908085
|move|p2a: Garchomp|Scale Shot|p1a: Great Tusk
|-damage|p1a: Great Tusk|37/100
|-damage|p1a: Great Tusk|27/100
|-damage|p1a: Great Tusk|18/100
|-damage|p1a: Great Tusk|8/100
|-hitcount|p1a: Great Tusk|4
|-unboost|p2a: Garchomp|def|1
|-boost|p2a: Garchomp|spe|1
|move|p1a: Great Tusk|Ice Spinner|p2a: Garchomp
|-supereffective|p2a: Garchomp
|-damage|p2a: Garchomp|0 fnt
|-damage|p1a: Great Tusk|0 fnt|[from] ability: Rough Skin|[of] p2a: Garchomp
|faint|p2a: Garchomp
|faint|p1a: Great Tusk
|-end|p1a: Great Tusk|Protosynthesis|[silent]
|
|upkeep
|
|t:|1757908097
|switch|p2a: Darkrai|Darkrai, tera:Poison|72/100 brn
|switch|p1a: Dragapult|Dragapult, F, tera:Ghost|100/100
|turn|18
|
|t:|1757908111
|move|p1a: Dragapult|Tera Blast|p2a: Darkrai|[anim] Tera Blast Ghost
|-damage|p2a: Darkrai|0 fnt
|faint|p2a: Darkrai
|
|upkeep
|
|t:|1757908116
|switch|p2a: Avalugg|Avalugg, M|100/100
|turn|19
|
|t:|1757908118
|move|p1a: Dragapult|Tera Blast|p2a: Avalugg|[anim] Tera Blast Ghost
|-damage|p2a: Avalugg|59/100
|move|p2a: Avalugg|Ice Spinner|p1a: Dragapult
|-damage|p1a: Dragapult|47/100
|
|-heal|p2a: Avalugg|65/100|[from] item: Leftovers
|upkeep
|turn|20
|
|t:|1757908125
|move|p1a: Dragapult|Tera Blast|p2a: Avalugg|[anim] Tera Blast Ghost
|-damage|p2a: Avalugg|27/100
|move|p2a: Avalugg|Ice Spinner|p1a: Dragapult
|-damage|p1a: Dragapult|0 fnt
|faint|p1a: Dragapult
|
|-heal|p2a: Avalugg|33/100|[from] item: Leftovers
|upkeep
|
|t:|1757908135
|switch|p1a: Moltres|Moltres|19/100
|turn|21
|
|t:|1757908139
|move|p1a: Moltres|Fire Blast|p2a: Avalugg|[miss]
|-miss|p1a: Moltres|p2a: Avalugg
|move|p2a: Avalugg|Ice Spinner|p1a: Moltres
|-damage|p1a: Moltres|0 fnt
|-status|p2a: Avalugg|brn|[from] ability: Flame Body|[of] p1a: Moltres
|faint|p1a: Moltres
|
|win|aladdin2000
|raw|mathismathin's rating: 1437 &rarr; <strong>1411</strong><br />(-26 for losing)
|raw|aladdin2000's rating: 1338 &rarr; <strong>1364</strong><br />(+26 for winning)
