|j|☆Pig Perfect
|j|☆napkin_56
|t:|1757899306
|gametype|singles
|player|p1|Pig Perfect|workerice|1511
|player|p2|napkin_56|policeman-gen4|1458
|gen|9
|tier|[Gen 9] OU
|rated|
|rule|HP Percentage Mod: HP is shown in percentages
|rule|Endless Battle Clause: Forcing endless battles is banned
|rule|Species Clause: Limit one of each Pokémon
|rule|OHKO Clause: OHKO moves are banned
|rule|Evasion Items Clause: Evasion items are banned
|rule|Evasion Moves Clause: Evasion moves are banned
|rule|Evasion Abilities Clause: Evasion abilities are banned
|rule|Sleep Moves Clause: Sleep-inducing moves are banned
|clearpoke
|poke|p1|Cinderace, M|
|poke|p1|Decidueye, F|
|poke|p1|Excadrill, M|
|poke|p1|Iron Boulder|
|poke|p1|Mandibuzz, F|
|poke|p1|Tyranitar, M|
|poke|p2|Thundurus-Therian, M|
|poke|p2|Gholdengo|
|poke|p2|Landorus-Therian, M|
|poke|p2|Samurott-Hisui, M|
|poke|p2|Zamazenta-*|
|poke|p2|Slowking-Galar, M|
|teampreview
|
|t:|1757899324
|teamsize|p1|6
|teamsize|p2|6
|start
|switch|p1a: Thesaurus Rex|Tyranitar, M|100/100
|switch|p2a: Landorus|Landorus-Therian, M|100/100
|-ability|p2a: Landorus|Intimidate|boost
|-unboost|p1a: Thesaurus Rex|atk|1
|-weather|Sandstorm|[from] ability: Sand Stream|[of] p1a: Thesaurus Rex
|turn|1
|inactive|Battle timer is ON: inactive players will automatically lose when time's up. (requested by napkin_56)
|
|t:|1757899329
|switch|p1a: Mr. Owl|Decidueye, F|100/100
|move|p2a: Landorus|U-turn|p1a: Mr. Owl
|-damage|p1a: Mr. Owl|82/100
|inactive|napkin_56 has 120 seconds left.
|
|t:|1757899368
|switch|p2a: Gholdengo|Gholdengo|100/100|[from] U-turn
|
|-weather|Sandstorm|[upkeep]
|-damage|p1a: Mr. Owl|76/100|[from] Sandstorm
|-heal|p1a: Mr. Owl|82/100|[from] item: Leftovers
|upkeep
|turn|2
|
|t:|1757899393
|switch|p1a: Holy Moly|Excadrill, M|100/100
|-item|p1a: Holy Moly|Air Balloon
|move|p2a: Gholdengo|Shadow Ball|p1a: Holy Moly
|-crit|p1a: Holy Moly
|-damage|p1a: Holy Moly|22/100
|-enditem|p1a: Holy Moly|Air Balloon
|
|-weather|Sandstorm|[upkeep]
|upkeep
|turn|3
|inactive|Pig Perfect has 120 seconds left.
|
|t:|1757899409
|switch|p1a: Mandy + or - Billy|Mandibuzz, F|100/100
|switch|p2a: Landorus|Landorus-Therian, M|100/100
|-ability|p2a: Landorus|Intimidate|boost
|-unboost|p1a: Mandy + or - Billy|atk|1
|
|-weather|Sandstorm|[upkeep]
|upkeep
|turn|4
|
|t:|1757899413
|move|p2a: Landorus|Taunt|p1a: Mandy + or - Billy
|-start|p1a: Mandy + or - Billy|move: Taunt
|cant|p1a: Mandy + or - Billy|move: Taunt|Toxic
|
|-weather|Sandstorm|[upkeep]
|upkeep
|turn|5
|
|t:|1757899420
|switch|p1a: Mr. Owl|Decidueye, F|82/100
|move|p2a: Landorus|Stealth Rock|p1a: Mr. Owl
|-sidestart|p1: Pig Perfect|move: Stealth Rock
|
|-weather|Sandstorm|[upkeep]
|-damage|p1a: Mr. Owl|76/100|[from] Sandstorm
|-heal|p1a: Mr. Owl|82/100|[from] item: Leftovers
|upkeep
|turn|6
|
|t:|1757899425
|move|p2a: Landorus|U-turn|p1a: Mr. Owl
|-damage|p1a: Mr. Owl|63/100
|
|t:|1757899433
|switch|p2a: Slowking|Slowking-Galar, M|100/100|[from] U-turn
|move|p1a: Mr. Owl|Knock Off|p2a: Slowking
|-supereffective|p2a: Slowking
|-damage|p2a: Slowking|52/100
|-enditem|p2a: Slowking|Heavy-Duty Boots|[from] move: Knock Off|[of] p1a: Mr. Owl
|
|-weather|Sandstorm|[upkeep]
|-damage|p1a: Mr. Owl|56/100|[from] Sandstorm
|-damage|p2a: Slowking|46/100|[from] Sandstorm
|-heal|p1a: Mr. Owl|63/100|[from] item: Leftovers
|upkeep
|turn|7
|
|t:|1757899441
|switch|p2a: Samurott|Samurott-Hisui, M|100/100
|move|p1a: Mr. Owl|U-turn|p2a: Samurott
|-supereffective|p2a: Samurott
|-damage|p2a: Samurott|64/100
|
|t:|1757899445
|switch|p1a: Mandy + or - Billy|Mandibuzz, F|100/100|[from] U-turn
|
|-weather|Sandstorm|[upkeep]
|-damage|p2a: Samurott|58/100|[from] Sandstorm
|upkeep
|turn|8
|
|t:|1757899454
|move|p2a: Samurott|Knock Off|p1a: Mandy + or - Billy
|-resisted|p1a: Mandy + or - Billy
|-damage|p1a: Mandy + or - Billy|89/100
|-enditem|p1a: Mandy + or - Billy|Heavy-Duty Boots|[from] move: Knock Off|[of] p2a: Samurott
|move|p1a: Mandy + or - Billy|Foul Play|p2a: Samurott
|-resisted|p2a: Samurott
|-damage|p2a: Samurott|36/100
|
|-weather|none
|upkeep
|turn|9
|
|t:|1757899465
|switch|p2a: Thundurus|Thundurus-Therian, M|100/100
|move|p1a: Mandy + or - Billy|Foul Play|p2a: Thundurus
|-damage|p2a: Thundurus|51/100
|
|upkeep
|turn|10
|
|t:|1757899471
|switch|p1a: Thesaurus Rex|Tyranitar, M|100/100
|-damage|p1a: Thesaurus Rex|88/100|[from] Stealth Rock
|-weather|Sandstorm|[from] ability: Sand Stream|[of] p1a: Thesaurus Rex
|move|p2a: Thundurus|Thunderbolt|p1a: Thesaurus Rex
|-crit|p1a: Thesaurus Rex
|-damage|p1a: Thesaurus Rex|59/100
|
|-weather|Sandstorm|[upkeep]
|-damage|p2a: Thundurus|45/100|[from] Sandstorm
|upkeep
|turn|11
|
|t:|1757899478
|move|p2a: Thundurus|Volt Switch|p1a: Thesaurus Rex
|-crit|p1a: Thesaurus Rex
|-damage|p1a: Thesaurus Rex|33/100
|
|t:|1757899482
|switch|p2a: Landorus|Landorus-Therian, M|100/100|[from] Volt Switch
|-ability|p2a: Landorus|Intimidate|boost
|-unboost|p1a: Thesaurus Rex|atk|1
|move|p1a: Thesaurus Rex|Ice Beam|p2a: Landorus
|-supereffective|p2a: Landorus
|-damage|p2a: Landorus|32/100
|
|-weather|Sandstorm|[upkeep]
|upkeep
|turn|12
|
|t:|1757899493
|switch|p2a: Slowking|Slowking-Galar, M|79/100
|switch|p1a: Mandy + or - Billy|Mandibuzz, F|89/100
|-damage|p1a: Mandy + or - Billy|64/100|[from] Stealth Rock
|
|-weather|Sandstorm|[upkeep]
|-damage|p2a: Slowking|73/100|[from] Sandstorm
|upkeep
|turn|13
|
|t:|1757899501
|switch|p1a: Holy Moly|Excadrill, M|22/100
|-damage|p1a: Holy Moly|19/100|[from] Stealth Rock
|-prepare|p2a: Slowking|Chilly Reception|[premajor]
|move|p2a: Slowking|Chilly Reception|p2a: Slowking
|-weather|Snowscape
|
|t:|1757899522
|switch|p2a: Thundurus|Thundurus-Therian, M|45/100|[from] Chilly Reception
|
|-weather|Snowscape|[upkeep]
|upkeep
|turn|14
|
|t:|1757899536
|switch|p1a: Trix are for Kids!|Cinderace, M|100/100
|move|p2a: Thundurus|Knock Off|p1a: Trix are for Kids!
|-damage|p1a: Trix are for Kids!|68/100
|-enditem|p1a: Trix are for Kids!|Heavy-Duty Boots|[from] move: Knock Off|[of] p2a: Thundurus
|
|-weather|Snowscape|[upkeep]
|upkeep
|turn|15
|
|t:|1757899546
|switch|p2a: Slowking|Slowking-Galar, M|100/100
|move|p1a: Trix are for Kids!|Court Change|p1a: Trix are for Kids!
|-start|p1a: Trix are for Kids!|typechange|Normal|[from] ability: Libero
|-swapsideconditions
|-activate|p1a: Trix are for Kids!|move: Court Change
|
|-weather|Snowscape|[upkeep]
|upkeep
|turn|16
|
|t:|1757899552
|move|p1a: Trix are for Kids!|U-turn|p2a: Slowking
|-damage|p2a: Slowking|80/100
|
|t:|1757899555
|switch|p1a: iBoulder|Iron Boulder|100/100|[from] U-turn
|move|p2a: Slowking|Future Sight|p1a: iBoulder
|-start|p2a: Slowking|move: Future Sight
|
|-weather|Snowscape|[upkeep]
|upkeep
|turn|17
|
|t:|1757899565
|switch|p2a: Landorus|Landorus-Therian, M|32/100
|-damage|p2a: Landorus|20/100|[from] Stealth Rock
|-ability|p2a: Landorus|Intimidate|boost
|-unboost|p1a: iBoulder|atk|1
|move|p1a: iBoulder|Earthquake|p2a: Landorus
|-immune|p2a: Landorus
|
|-weather|none
|upkeep
|turn|18
|
|t:|1757899573
|-end|p1a: iBoulder|Quark Drive|[silent]
|switch|p1a: Mandy + or - Billy|Mandibuzz, F|64/100
|switch|p2a: Slowking|Slowking-Galar, M|100/100
|-damage|p2a: Slowking|88/100|[from] Stealth Rock
|
|-end|p1a: Mandy + or - Billy|move: Future Sight
|-immune|p1a: Mandy + or - Billy
|upkeep
|turn|19
|
|t:|1757899579
|move|p1a: Mandy + or - Billy|Foul Play|p2a: Slowking
|-supereffective|p2a: Slowking
|-damage|p2a: Slowking|48/100
|-prepare|p2a: Slowking|Chilly Reception|[premajor]
|move|p2a: Slowking|Chilly Reception|p2a: Slowking
|-weather|Snowscape
|
|t:|1757899581
|switch|p2a: Landorus|Landorus-Therian, M|20/100|[from] Chilly Reception
|-damage|p2a: Landorus|7/100|[from] Stealth Rock
|-ability|p2a: Landorus|Intimidate|boost
|-unboost|p1a: Mandy + or - Billy|atk|1
|
|-weather|Snowscape|[upkeep]
|upkeep
|turn|20
|
|t:|1757899584
|move|p2a: Landorus|Stealth Rock|p1a: Mandy + or - Billy
|-sidestart|p1: Pig Perfect|move: Stealth Rock
|move|p1a: Mandy + or - Billy|Roost|p1a: Mandy + or - Billy
|-heal|p1a: Mandy + or - Billy|100/100
|-singleturn|p1a: Mandy + or - Billy|move: Roost
|
|-weather|Snowscape|[upkeep]
|upkeep
|turn|21
|
|t:|1757899601
|move|p2a: Landorus|Taunt|p1a: Mandy + or - Billy
|-start|p1a: Mandy + or - Billy|move: Taunt
|move|p1a: Mandy + or - Billy|Foul Play|p2a: Landorus
|-damage|p2a: Landorus|0 fnt
|-damage|p1a: Mandy + or - Billy|84/100|[from] item: Rocky Helmet|[of] p2a: Landorus
|faint|p2a: Landorus
|
|-weather|Snowscape|[upkeep]
|upkeep
|
|t:|1757899608
|switch|p2a: Thundurus|Thundurus-Therian, M|45/100
|turn|22
|
|t:|1757899620
|switch|p1a: Trix are for Kids!|Cinderace, M|68/100
|-damage|p1a: Trix are for Kids!|43/100|[from] Stealth Rock
|move|p2a: Thundurus|Thunderbolt|p1a: Trix are for Kids!
|-damage|p1a: Trix are for Kids!|0 fnt
|faint|p1a: Trix are for Kids!
|
|-weather|Snowscape|[upkeep]
|upkeep
|
|t:|1757899623
|switch|p1a: iBoulder|Iron Boulder|100/100
|-damage|p1a: iBoulder|88/100|[from] Stealth Rock
|turn|23
|inactive|napkin_56 has 120 seconds left.
|
|t:|1757899659
|switch|p2a: Zamazenta|Zamazenta|100/100
|-ability|p2a: Zamazenta|Dauntless Shield|boost
|-boost|p2a: Zamazenta|def|1
|move|p1a: iBoulder|Mighty Cleave|p2a: Zamazenta
|-resisted|p2a: Zamazenta
|-damage|p2a: Zamazenta|82/100
|
|-weather|none
|upkeep
|turn|24
|inactive|napkin_56 has 120 seconds left.
|
|t:|1757899672
|-end|p1a: iBoulder|Quark Drive|[silent]
|switch|p1a: Mr. Owl|Decidueye, F|63/100
|-damage|p1a: Mr. Owl|50/100|[from] Stealth Rock
|move|p2a: Zamazenta|Body Press|p1a: Mr. Owl
|-immune|p1a: Mr. Owl
|
|-heal|p1a: Mr. Owl|56/100|[from] item: Leftovers
|upkeep
|turn|25
|inactive|napkin_56 has 120 seconds left.
|
|t:|1757899678
|move|p2a: Zamazenta|Crunch|p1a: Mr. Owl
|-supereffective|p1a: Mr. Owl
|-damage|p1a: Mr. Owl|23/100
|move|p1a: Mr. Owl|Roost|p1a: Mr. Owl
|-heal|p1a: Mr. Owl|73/100
|-singleturn|p1a: Mr. Owl|move: Roost
|
|-heal|p1a: Mr. Owl|79/100|[from] item: Leftovers
|upkeep
|turn|26
|inactive|napkin_56 has 120 seconds left.
|
|t:|1757899702
|move|p2a: Zamazenta|Crunch|p1a: Mr. Owl
|-supereffective|p1a: Mr. Owl
|-damage|p1a: Mr. Owl|40/100
|move|p1a: Mr. Owl|Grass Knot|p2a: Zamazenta
|-damage|p2a: Zamazenta|47/100
|
|-heal|p1a: Mr. Owl|46/100|[from] item: Leftovers
|upkeep
|turn|27
|
|t:|1757899711
|switch|p2a: Slowking|Slowking-Galar, M|81/100
|-damage|p2a: Slowking|69/100|[from] Stealth Rock
|move|p1a: Mr. Owl|Roost|p1a: Mr. Owl
|-heal|p1a: Mr. Owl|96/100
|-singleturn|p1a: Mr. Owl|move: Roost
|
|-heal|p1a: Mr. Owl|100/100|[from] item: Leftovers
|upkeep
|turn|28
|
|t:|1757899715
|move|p1a: Mr. Owl|U-turn|p2a: Slowking
|-damage|p2a: Slowking|53/100
|
|t:|1757899720
|switch|p1a: Mandy + or - Billy|Mandibuzz, F|84/100|[from] U-turn
|-damage|p1a: Mandy + or - Billy|59/100|[from] Stealth Rock
|move|p2a: Slowking|Future Sight|p1a: Mandy + or - Billy
|-start|p2a: Slowking|move: Future Sight
|
|upkeep
|turn|29
|
|t:|1757899724
|move|p1a: Mandy + or - Billy|Foul Play|p2a: Slowking
|-supereffective|p2a: Slowking
|-damage|p2a: Slowking|14/100
|-prepare|p2a: Slowking|Chilly Reception|[premajor]
|move|p2a: Slowking|Chilly Reception|p2a: Slowking
|-weather|Snowscape
|
|t:|1757899730
|switch|p2a: Thundurus|Thundurus-Therian, M|45/100|[from] Chilly Reception
|
|-weather|Snowscape|[upkeep]
|upkeep
|turn|30
|
|t:|1757899740
|switch|p1a: Thesaurus Rex|Tyranitar, M|33/100
|-damage|p1a: Thesaurus Rex|20/100|[from] Stealth Rock
|-weather|Sandstorm|[from] ability: Sand Stream|[of] p1a: Thesaurus Rex
|move|p2a: Thundurus|Thunderbolt|p1a: Thesaurus Rex
|-damage|p1a: Thesaurus Rex|1/100
|
|-weather|Sandstorm|[upkeep]
|-damage|p2a: Thundurus|39/100|[from] Sandstorm
|-end|p1a: Thesaurus Rex|move: Future Sight
|-immune|p1a: Thesaurus Rex
|upkeep
|turn|31
|
|t:|1757899749
|move|p2a: Thundurus|Volt Switch|p1a: Thesaurus Rex
|-damage|p1a: Thesaurus Rex|0 fnt
|faint|p1a: Thesaurus Rex
|
|t:|1757899754
|switch|p2a: Slowking|Slowking-Galar, M|47/100|[from] Volt Switch
|-damage|p2a: Slowking|35/100|[from] Stealth Rock
|
|-weather|Sandstorm|[upkeep]
|-damage|p2a: Slowking|29/100|[from] Sandstorm
|upkeep
|
|t:|1757899770
|switch|p1a: iBoulder|Iron Boulder|88/100
|-damage|p1a: iBoulder|76/100|[from] Stealth Rock
|turn|32
|inactive|napkin_56 has 120 seconds left.
|
|t:|1757899813
|switch|p2a: Zamazenta|Zamazenta|47/100
|move|p1a: iBoulder|Mighty Cleave|p2a: Zamazenta
|-resisted|p2a: Zamazenta
|-damage|p2a: Zamazenta|22/100
|
|-weather|Sandstorm|[upkeep]
|-damage|p2a: Zamazenta|16/100|[from] Sandstorm
|upkeep
|turn|33
|
|t:|1757899828
|-end|p1a: iBoulder|Quark Drive|[silent]
|switch|p1a: Mr. Owl|Decidueye, F|100/100
|-damage|p1a: Mr. Owl|88/100|[from] Stealth Rock
|move|p2a: Zamazenta|Crunch|p1a: Mr. Owl
|-supereffective|p1a: Mr. Owl
|-damage|p1a: Mr. Owl|50/100
|
|-weather|Sandstorm|[upkeep]
|-damage|p2a: Zamazenta|10/100|[from] Sandstorm
|-damage|p1a: Mr. Owl|44/100|[from] Sandstorm
|-heal|p1a: Mr. Owl|50/100|[from] item: Leftovers
|upkeep
|turn|34
|
|t:|1757899834
|move|p2a: Zamazenta|Crunch|p1a: Mr. Owl
|-supereffective|p1a: Mr. Owl
|-damage|p1a: Mr. Owl|11/100
|move|p1a: Mr. Owl|Roost|p1a: Mr. Owl
|-heal|p1a: Mr. Owl|61/100
|-singleturn|p1a: Mr. Owl|move: Roost
|
|-weather|Sandstorm|[upkeep]
|-damage|p2a: Zamazenta|4/100|[from] Sandstorm
|-damage|p1a: Mr. Owl|55/100|[from] Sandstorm
|-heal|p1a: Mr. Owl|61/100|[from] item: Leftovers
|upkeep
|turn|35
|
|t:|1757899836
|move|p2a: Zamazenta|Crunch|p1a: Mr. Owl
|-supereffective|p1a: Mr. Owl
|-damage|p1a: Mr. Owl|24/100
|move|p1a: Mr. Owl|Roost|p1a: Mr. Owl
|-heal|p1a: Mr. Owl|74/100
|-singleturn|p1a: Mr. Owl|move: Roost
|
|-weather|Sandstorm|[upkeep]
|-damage|p2a: Zamazenta|0 fnt|[from] Sandstorm
|-damage|p1a: Mr. Owl|68/100|[from] Sandstorm
|faint|p2a: Zamazenta
|-heal|p1a: Mr. Owl|74/100|[from] item: Leftovers
|upkeep
|
|t:|1757899842
|switch|p2a: Gholdengo|Gholdengo|100/100
|-damage|p2a: Gholdengo|95/100|[from] Stealth Rock
|turn|36
|
|t:|1757899855
|move|p2a: Gholdengo|Shadow Ball|p1a: Mr. Owl
|-supereffective|p1a: Mr. Owl
|-damage|p1a: Mr. Owl|0 fnt
|faint|p1a: Mr. Owl
|
|-weather|Sandstorm|[upkeep]
|upkeep
|
|t:|1757899866
|switch|p1a: Holy Moly|Excadrill, M|19/100
|-damage|p1a: Holy Moly|16/100|[from] Stealth Rock
|turn|37
|
|t:|1757899876
|-terastallize|p2a: Gholdengo|Water
|move|p1a: Holy Moly|Earthquake|p2a: Gholdengo
|-damage|p2a: Gholdengo|31/100
|move|p2a: Gholdengo|Shadow Ball|p1a: Holy Moly
|-crit|p1a: Holy Moly
|-damage|p1a: Holy Moly|0 fnt
|faint|p1a: Holy Moly
|
|-weather|none
|upkeep
|
|t:|1757899878
|switch|p1a: iBoulder|Iron Boulder|76/100
|-damage|p1a: iBoulder|63/100|[from] Stealth Rock
|turn|38
|
|t:|1757899888
|-terastallize|p1a: iBoulder|Rock
|move|p2a: Gholdengo|Shadow Ball|p1a: iBoulder
|-damage|p1a: iBoulder|23/100
|-unboost|p1a: iBoulder|spd|1
|move|p1a: iBoulder|Mighty Cleave|p2a: Gholdengo
|-damage|p2a: Gholdengo|0 fnt
|faint|p2a: Gholdengo
|
|upkeep
|
|t:|1757899895
|switch|p2a: Samurott|Samurott-Hisui, M|36/100
|turn|39
|
|t:|1757899900
|-end|p1a: iBoulder|Quark Drive|[silent]
|switch|p1a: Mandy + or - Billy|Mandibuzz, F|59/100
|-damage|p1a: Mandy + or - Billy|34/100|[from] Stealth Rock
|move|p2a: Samurott|Sucker Punch||[still]
|-fail|p2a: Samurott
|
|upkeep
|turn|40
|
|t:|1757899907
|move|p2a: Samurott|Aqua Cutter|p1a: Mandy + or - Billy
|-damage|p1a: Mandy + or - Billy|8/100
|move|p1a: Mandy + or - Billy|Roost|p1a: Mandy + or - Billy
|-heal|p1a: Mandy + or - Billy|58/100
|-singleturn|p1a: Mandy + or - Billy|move: Roost
|
|upkeep
|turn|41
|
|t:|1757899911
|switch|p2a: Slowking|Slowking-Galar, M|62/100
|-damage|p2a: Slowking|50/100|[from] Stealth Rock
|move|p1a: Mandy + or - Billy|Foul Play|p2a: Slowking
|-supereffective|p2a: Slowking
|-damage|p2a: Slowking|9/100
|
|upkeep
|turn|42
|
|t:|1757899922
|move|p1a: Mandy + or - Billy|Roost|p1a: Mandy + or - Billy
|-heal|p1a: Mandy + or - Billy|100/100
|-singleturn|p1a: Mandy + or - Billy|move: Roost
|move|p2a: Slowking|Future Sight|p1a: Mandy + or - Billy
|-start|p2a: Slowking|move: Future Sight
|
|upkeep
|turn|43
|
|t:|1757899925
|move|p1a: Mandy + or - Billy|Foul Play|p2a: Slowking
|-supereffective|p2a: Slowking
|-damage|p2a: Slowking|0 fnt
|faint|p2a: Slowking
|
|upkeep
|
|t:|1757899927
|switch|p2a: Thundurus|Thundurus-Therian, M|39/100
|turn|44
|
|t:|1757899931
|move|p2a: Thundurus|Thunderbolt|p1a: Mandy + or - Billy
|-supereffective|p1a: Mandy + or - Billy
|-damage|p1a: Mandy + or - Billy|11/100
|move|p1a: Mandy + or - Billy|Roost|p1a: Mandy + or - Billy
|-heal|p1a: Mandy + or - Billy|61/100
|-singleturn|p1a: Mandy + or - Billy|move: Roost
|
|-end|p1a: Mandy + or - Billy|move: Future Sight
|-immune|p1a: Mandy + or - Billy
|upkeep
|turn|45
|
|t:|1757899935
|move|p2a: Thundurus|Thunderbolt|p1a: Mandy + or - Billy
|-supereffective|p1a: Mandy + or - Billy
|-damage|p1a: Mandy + or - Billy|0 fnt
|faint|p1a: Mandy + or - Billy
|
|upkeep
|
|t:|1757899936
|switch|p1a: iBoulder|Iron Boulder, tera:Rock|23/100
|-damage|p1a: iBoulder|10/100|[from] Stealth Rock
|turn|46
|
|t:|1757899939
|move|p1a: iBoulder|Mighty Cleave|p2a: Thundurus
|-supereffective|p2a: Thundurus
|-damage|p2a: Thundurus|0 fnt
|faint|p2a: Thundurus
|
|upkeep
|
|t:|1757899941
|switch|p2a: Samurott|Samurott-Hisui, M|36/100
|turn|47
|
|t:|1757899943
|move|p2a: Samurott|Sucker Punch|p1a: iBoulder
|-damage|p1a: iBoulder|0 fnt
|faint|p1a: iBoulder
|-end|p1a: iBoulder|Quark Drive|[silent]
|
|win|napkin_56
|raw|Pig Perfect's rating: 1511 &rarr; <strong>1488</strong><br />(-23 for losing)
|raw|napkin_56's rating: 1458 &rarr; <strong>1481</strong><br />(+23 for winning)
|c|☆Pig Perfect|gg
|l|☆Pig Perfect
|player|p1|
|l|☆napkin_56
|player|p2|
