|j|☆KillFc
|j|☆JohtoChimecho
|t:|1757891585
|gametype|singles
|player|p1|KillFc|swimmer|1252
|player|p2|JohtoChimecho|lady-gen4|1245
|gen|9
|tier|[Gen 9] OU
|rated|
|rule|HP Percentage Mod: HP is shown in percentages
|rule|Endless Battle Clause: Forcing endless battles is banned
|rule|Species Clause: Limit one of each Pokémon
|rule|OHKO Clause: OHKO moves are banned
|rule|Evasion Items Clause: Evasion items are banned
|rule|Evasion Moves Clause: Evasion moves are banned
|rule|Evasion Abilities Clause: Evasion abilities are banned
|rule|Sleep Moves Clause: Sleep-inducing moves are banned
|clearpoke
|poke|p1|Rillaboom, F|
|poke|p1|Slowking-Galar, M|
|poke|p1|Gliscor, F|
|poke|p1|Great Tusk|
|poke|p1|Gholdengo|
|poke|p1|Skeledirge, M|
|poke|p2|Dragonite, M|
|poke|p2|Samurott-Hisui, F|
|poke|p2|Great Tusk|
|poke|p2|Talonflame, M|
|poke|p2|Hatterene, F|
|poke|p2|Goodra-Hisui, M|
|teampreview
|inactive|Battle timer is ON: inactive players will automatically lose when time's up. (requested by KillFc)
|
|t:|1757891600
|teamsize|p1|6
|teamsize|p2|6
|start
|switch|p1a: Gholdengo|Gholdengo|100/100
|switch|p2a: Talonflame|Talonflame, M|100/100
|turn|1
|
|t:|1757891609
|move|p2a: Talonflame|Flamethrower|p1a: Gholdengo
|-supereffective|p1a: Gholdengo
|-damage|p1a: Gholdengo|41/100
|move|p1a: Gholdengo|Trick|p2a: Talonflame
|-activate|p1a: Gholdengo|move: Trick|[of] p2a: Talonflame
|-item|p2a: Talonflame|Choice Specs|[from] move: Trick
|-item|p1a: Gholdengo|Heavy-Duty Boots|[from] move: Trick
|
|upkeep
|turn|2
|
|t:|1757891621
|switch|p1a: Skeledirge|Skeledirge, M, shiny|100/100
|move|p2a: Talonflame|Flamethrower|p1a: Skeledirge
|-resisted|p1a: Skeledirge
|-damage|p1a: Skeledirge|82/100
|
|upkeep
|turn|3
|
|t:|1757891633
|switch|p2a: Samurott|Samurott-Hisui, F|100/100
|move|p1a: Skeledirge|Torch Song|p2a: Samurott
|-resisted|p2a: Samurott
|-damage|p2a: Samurott|77/100
|-boost|p1a: Skeledirge|spa|1
|
|upkeep
|turn|4
|
|t:|1757891655
|switch|p1a: Rillaboom|Rillaboom, F|100/100
|-fieldstart|move: Grassy Terrain|[from] ability: Grassy Surge|[of] p1a: Rillaboom
|move|p2a: Samurott|Razor Shell|p1a: Rillaboom
|-resisted|p1a: Rillaboom
|-damage|p1a: Rillaboom|74/100
|-unboost|p1a: Rillaboom|def|1
|
|-heal|p1a: Rillaboom|80/100|[from] Grassy Terrain
|-heal|p2a: Samurott|83/100|[from] Grassy Terrain
|upkeep
|turn|5
|
|t:|1757891668
|switch|p2a: Talonflame|Talonflame, M|100/100
|move|p1a: Rillaboom|U-turn|p2a: Talonflame
|-resisted|p2a: Talonflame
|-damage|p2a: Talonflame|93/100
|-status|p1a: Rillaboom|brn|[from] ability: Flame Body|[of] p2a: Talonflame
|-damage|p1a: Rillaboom|70/100 brn|[from] item: Life Orb
|
|t:|1757891677
|switch|p1a: Gliscor|Gliscor, F, shiny|100/100|[from] U-turn
|
|-status|p1a: Gliscor|tox|[from] item: Toxic Orb
|upkeep
|turn|6
|
|t:|1757891684
|switch|p2a: Goodra|Goodra-Hisui, M|100/100
|move|p1a: Gliscor|Swords Dance|p1a: Gliscor
|-boost|p1a: Gliscor|atk|2
|
|upkeep
|turn|7
|
|t:|1757891691
|move|p1a: Gliscor|Knock Off|p2a: Goodra
|-damage|p2a: Goodra|61/100
|-enditem|p2a: Goodra|Assault Vest|[from] move: Knock Off|[of] p1a: Gliscor
|move|p2a: Goodra|Dragon Tail|p1a: Gliscor
|-damage|p1a: Gliscor|87/100 tox
|drag|p1a: Skeledirge|Skeledirge, M, shiny|82/100
|
|-heal|p1a: Skeledirge|88/100|[from] Grassy Terrain
|-heal|p2a: Goodra|67/100|[from] Grassy Terrain
|upkeep
|turn|8
|
|t:|1757891707
|switch|p2a: Samurott|Samurott-Hisui, F|83/100
|move|p1a: Skeledirge|Will-O-Wisp|p2a: Samurott
|-status|p2a: Samurott|brn
|
|-heal|p2a: Samurott|89/100 brn|[from] Grassy Terrain
|-heal|p1a: Skeledirge|94/100|[from] Grassy Terrain
|-damage|p2a: Samurott|83/100 brn|[from] brn
|-fieldend|move: Grassy Terrain
|upkeep
|turn|9
|
|t:|1757891717
|move|p2a: Samurott|Ceaseless Edge|p1a: Skeledirge
|-supereffective|p1a: Skeledirge
|-damage|p1a: Skeledirge|65/100
|-sidestart|p1: KillFc|Spikes
|move|p1a: Skeledirge|Torch Song|p2a: Samurott
|-resisted|p2a: Samurott
|-damage|p2a: Samurott|62/100 brn
|-boost|p1a: Skeledirge|spa|1
|
|-damage|p2a: Samurott|55/100 brn|[from] brn
|upkeep
|turn|10
|
|t:|1757891726
|move|p2a: Samurott|Razor Shell|p1a: Skeledirge
|-supereffective|p1a: Skeledirge
|-damage|p1a: Skeledirge|34/100
|move|p1a: Skeledirge|Torch Song|p2a: Samurott
|-resisted|p2a: Samurott
|-damage|p2a: Samurott|20/100 brn
|-boost|p1a: Skeledirge|spa|1
|
|-damage|p2a: Samurott|14/100 brn|[from] brn
|upkeep
|turn|11
|
|t:|1757891735
|move|p2a: Samurott|Knock Off|p1a: Skeledirge
|-supereffective|p1a: Skeledirge
|-damage|p1a: Skeledirge|7/100
|-enditem|p1a: Skeledirge|Heavy-Duty Boots|[from] move: Knock Off|[of] p2a: Samurott
|move|p1a: Skeledirge|Slack Off|p1a: Skeledirge
|-heal|p1a: Skeledirge|57/100
|
|-damage|p2a: Samurott|7/100 brn|[from] brn
|upkeep
|turn|12
|
|t:|1757891744
|move|p2a: Samurott|Encore|p1a: Skeledirge
|-start|p1a: Skeledirge|Encore
|move|p1a: Skeledirge|Slack Off|p1a: Skeledirge
|-heal|p1a: Skeledirge|100/100
|
|-damage|p2a: Samurott|1/100 brn|[from] brn
|upkeep
|turn|13
|
|t:|1757891754
|switch|p2a: Dragonite|Dragonite, M|100/100
|switch|p1a: Great Tusk|Great Tusk|100/100
|
|upkeep
|turn|14
|
|t:|1757891760
|switch|p2a: Talonflame|Talonflame, M|93/100
|move|p1a: Great Tusk|Rapid Spin|p2a: Talonflame
|-damage|p2a: Talonflame|77/100
|-boost|p1a: Great Tusk|spe|1
|-sideend|p1: KillFc|Spikes|[from] move: Rapid Spin|[of] p1a: Great Tusk
|
|upkeep
|turn|15
|
|t:|1757891769
|-end|p1a: Great Tusk|Protosynthesis|[silent]
|switch|p1a: Skeledirge|Skeledirge, M, shiny|100/100
|switch|p2a: Great Tusk|Great Tusk|100/100
|
|upkeep
|turn|16
|
|t:|1757891774
|switch|p1a: Gliscor|Gliscor, F, shiny|87/100 tox
|move|p2a: Great Tusk|Stealth Rock|p1a: Gliscor
|-sidestart|p1: KillFc|move: Stealth Rock
|
|-heal|p1a: Gliscor|99/100 tox|[from] ability: Poison Heal
|upkeep
|turn|17
|
|t:|1757891783
|move|p2a: Great Tusk|Ice Spinner|p1a: Gliscor
|-supereffective|p1a: Gliscor
|-damage|p1a: Gliscor|16/100 tox
|move|p1a: Gliscor|Substitute|p1a: Gliscor
|-fail|p1a: Gliscor|move: Substitute|[weak]
|
|-heal|p1a: Gliscor|29/100 tox|[from] ability: Poison Heal
|upkeep
|turn|18
|
|t:|1757891794
|switch|p1a: Great Tusk|Great Tusk|100/100
|move|p2a: Great Tusk|Ice Spinner|p1a: Great Tusk
|-supereffective|p1a: Great Tusk
|-damage|p1a: Great Tusk|56/100
|
|upkeep
|turn|19
|
|t:|1757891804
|-end|p2a: Great Tusk|Protosynthesis|[silent]
|switch|p2a: Talonflame|Talonflame, M|77/100
|move|p1a: Great Tusk|Ice Spinner|p2a: Talonflame
|-damage|p2a: Talonflame|52/100
|-status|p1a: Great Tusk|brn|[from] ability: Flame Body|[of] p2a: Talonflame
|
|-damage|p1a: Great Tusk|50/100 brn|[from] brn
|upkeep
|turn|20
|
|t:|1757891813
|move|p2a: Talonflame|Flamethrower|p1a: Great Tusk
|-damage|p1a: Great Tusk|0 fnt
|faint|p1a: Great Tusk
|-end|p1a: Great Tusk|Protosynthesis|[silent]
|
|upkeep
|
|t:|1757891820
|switch|p1a: Slowking|Slowking-Galar, M|100/100
|turn|21
|
|t:|1757891829
|switch|p2a: Samurott|Samurott-Hisui, F|1/100 brn
|move|p1a: Slowking|Psychic Noise|p2a: Samurott
|-immune|p2a: Samurott
|
|-damage|p2a: Samurott|0 fnt|[from] brn
|faint|p2a: Samurott
|upkeep
|
|t:|1757891834
|switch|p2a: Great Tusk|Great Tusk|100/100
|turn|22
|
|t:|1757891841
|-terastallize|p1a: Slowking|Water
|move|p2a: Great Tusk|Headlong Rush|p1a: Slowking
|-damage|p1a: Slowking|31/100
|-unboost|p2a: Great Tusk|def|1
|-unboost|p2a: Great Tusk|spd|1
|move|p1a: Slowking|Psychic Noise|p2a: Great Tusk
|-supereffective|p2a: Great Tusk
|-damage|p2a: Great Tusk|0 fnt
|faint|p2a: Great Tusk
|-end|p2a: Great Tusk|Protosynthesis|[silent]
|
|upkeep
|
|t:|1757891849
|switch|p2a: Dragonite|Dragonite, M|100/100
|turn|23
|
|t:|1757891859
|switch|p1a: Skeledirge|Skeledirge, M, shiny|100/100
|-damage|p1a: Skeledirge|76/100|[from] Stealth Rock
|move|p2a: Dragonite|Scale Shot|p1a: Skeledirge
|-damage|p1a: Skeledirge|67/100
|-damage|p1a: Skeledirge|58/100
|-damage|p1a: Skeledirge|49/100
|-damage|p1a: Skeledirge|40/100
|-hitcount|p1a: Skeledirge|4
|-unboost|p2a: Dragonite|def|1
|-boost|p2a: Dragonite|spe|1
|
|upkeep
|turn|24
|
|t:|1757891869
|-terastallize|p2a: Dragonite|Fire
|move|p2a: Dragonite|Scale Shot|p1a: Skeledirge
|-damage|p1a: Skeledirge|31/100
|-damage|p1a: Skeledirge|23/100
|-damage|p1a: Skeledirge|15/100
|-damage|p1a: Skeledirge|6/100
|-damage|p1a: Skeledirge|0 fnt
|faint|p1a: Skeledirge
|-hitcount|p1: Skeledirge|5
|-unboost|p2a: Dragonite|def|1
|-boost|p2a: Dragonite|spe|1
|
|upkeep
|
|t:|1757891881
|switch|p1a: Gholdengo|Gholdengo|41/100
|turn|25
|
|t:|1757891887
|move|p2a: Dragonite|Fire Punch|p1a: Gholdengo
|-supereffective|p1a: Gholdengo
|-damage|p1a: Gholdengo|0 fnt
|faint|p1a: Gholdengo
|
|upkeep
|
|t:|1757891901
|switch|p1a: Gliscor|Gliscor, F, shiny|29/100 tox
|-damage|p1a: Gliscor|16/100 tox|[from] Stealth Rock
|turn|26
|
|t:|1757891907
|move|p2a: Dragonite|Fire Punch|p1a: Gliscor
|-damage|p1a: Gliscor|0 fnt
|faint|p1a: Gliscor
|
|upkeep
|-message|KillFc forfeited.
|
|win|JohtoChimecho
|raw|KillFc's rating: 1252 &rarr; <strong>1226</strong><br />(-26 for losing)
|raw|JohtoChimecho's rating: 1245 &rarr; <strong>1271</strong><br />(+26 for winning)
|l|☆KillFc
|player|p1|
