|j|☆spaghettibadass
|j|☆Alethino
|t:|1757837384
|gametype|singles
|player|p1|spaghettibadass|maid|1522
|player|p2|Alethino|101|1490
|gen|9
|tier|[Gen 9] OU
|rated|
|rule|HP Percentage Mod: HP is shown in percentages
|rule|Endless Battle Clause: Forcing endless battles is banned
|rule|Species Clause: Limit one of each Pokémon
|rule|OHKO Clause: OHKO moves are banned
|rule|Evasion Items Clause: Evasion items are banned
|rule|Evasion Moves Clause: Evasion moves are banned
|rule|Evasion Abilities Clause: Evasion abilities are banned
|rule|Sleep Moves Clause: Sleep-inducing moves are banned
|clearpoke
|poke|p1|Cresselia, F|
|poke|p1|Hatterene, F|
|poke|p1|Iron Hands|
|poke|p1|Ursaluna, M|
|poke|p1|Torkoal, M|
|poke|p1|Scream Tail|
|poke|p2|Serperior, F|
|poke|p2|Primarina, F|
|poke|p2|Iron Treads|
|poke|p2|Scizor, M|
|poke|p2|Zamazenta-*|
|poke|p2|Tornadus-Therian, M|
|teampreview
|inactive|Battle timer is ON: inactive players will automatically lose when time's up. (requested by Alethino)
|
|t:|1757837409
|teamsize|p1|6
|teamsize|p2|6
|start
|switch|p1a: Hatterene|Hatterene, F|100/100
|switch|p2a: Iron Treads|Iron Treads|100/100
|turn|1
|
|t:|1757837428
|move|p2a: Iron Treads|Earthquake|p1a: Hatterene
|-damage|p1a: Hatterene|51/100
|move|p1a: Hatterene|Trick Room|p1a: Hatterene
|-fieldstart|move: Trick Room|[of] p1a: Hatterene
|
|upkeep
|turn|2
|
|t:|1757837438
|move|p1a: Hatterene|Misty Explosion|p2a: Iron Treads
|-resisted|p2a: Iron Treads
|-damage|p2a: Iron Treads|78/100
|faint|p1a: Hatterene
|move|p2a: Iron Treads|Volt Switch|p1: Hatterene|[notarget]
|-fail|p2a: Iron Treads
|
|upkeep
|
|t:|1757837448
|switch|p1a: Torkoal|Torkoal, M|100/100
|-weather|SunnyDay|[from] ability: Drought|[of] p1a: Torkoal
|turn|3
|
|t:|1757837454
|-terastallize|p1a: Torkoal|Fire
|-terastallize|p2a: Iron Treads|Water
|move|p1a: Torkoal|Eruption|p2a: Iron Treads
|-resisted|p2a: Iron Treads
|-damage|p2a: Iron Treads|0 fnt
|faint|p2a: Iron Treads
|-end|p2a: Iron Treads|Quark Drive|[silent]
|
|-weather|SunnyDay|[upkeep]
|upkeep
|
|t:|1757837460
|switch|p2a: Primarina|Primarina, F|100/100
|turn|4
|
|t:|1757837467
|switch|p1a: Iron Hands|Iron Hands|100/100
|-enditem|p1a: Iron Hands|Booster Energy
|-activate|p1a: Iron Hands|ability: Quark Drive|[fromitem]
|-start|p1a: Iron Hands|quarkdriveatk
|move|p2a: Primarina|Surf|p1a: Iron Hands
|-damage|p1a: Iron Hands|82/100
|
|-weather|SunnyDay|[upkeep]
|upkeep
|turn|5
|
|t:|1757837481
|switch|p2a: Serperior|Serperior, F|100/100
|move|p1a: Iron Hands|Close Combat|p2a: Serperior
|-crit|p2a: Serperior
|-damage|p2a: Serperior|0 fnt
|-unboost|p1a: Iron Hands|def|1
|-unboost|p1a: Iron Hands|spd|1
|faint|p2a: Serperior
|
|-weather|SunnyDay|[upkeep]
|-fieldend|move: Trick Room
|upkeep
|
|t:|1757837499
|switch|p2a: Tornadus|Tornadus-Therian, M|100/100
|turn|6
|
|t:|1757837513
|move|p2a: Tornadus|Bleakwind Storm|p1a: Iron Hands
|-damage|p1a: Iron Hands|16/100
|-damage|p2a: Tornadus|91/100|[from] item: Life Orb
|move|p1a: Iron Hands|Supercell Slam|p2a: Tornadus
|-supereffective|p2a: Tornadus
|-damage|p2a: Tornadus|0 fnt
|faint|p2a: Tornadus
|
|-weather|SunnyDay|[upkeep]
|upkeep
|
|t:|1757837522
|switch|p2a: Scizor|Scizor, M|100/100
|turn|7
|
|t:|1757837529
|-end|p1a: Iron Hands|Quark Drive|[silent]
|switch|p1a: Cresselia|Cresselia, F|100/100
|move|p2a: Scizor|U-turn|p1a: Cresselia
|-supereffective|p1a: Cresselia
|-damage|p1a: Cresselia|26/100
|
|t:|1757837539
|switch|p2a: Primarina|Primarina, F|100/100|[from] U-turn
|
|-weather|none
|upkeep
|turn|8
|
|t:|1757837544
|move|p2a: Primarina|Moonblast|p1a: Cresselia
|-damage|p1a: Cresselia|0 fnt
|faint|p1a: Cresselia
|
|upkeep
|
|t:|1757837551
|switch|p1a: Scream Tail|Scream Tail|100/100
|turn|9
|
|t:|1757837555
|move|p2a: Primarina|Flip Turn|p1a: Scream Tail
|-damage|p1a: Scream Tail|93/100
|
|t:|1757837558
|switch|p2a: Scizor|Scizor, M|100/100|[from] Flip Turn
|move|p1a: Scream Tail|Trick Room|p1a: Scream Tail
|-fieldstart|move: Trick Room|[of] p1a: Scream Tail
|
|upkeep
|turn|10
|
|t:|1757837570
|-end|p1a: Scream Tail|Protosynthesis|[silent]
|switch|p1a: Torkoal|Torkoal, M, tera:Fire|100/100
|-weather|SunnyDay|[from] ability: Drought|[of] p1a: Torkoal
|move|p2a: Scizor|U-turn|p1a: Torkoal
|-resisted|p1a: Torkoal
|-damage|p1a: Torkoal|78/100
|
|t:|1757837574
|switch|p2a: Primarina|Primarina, F|100/100|[from] U-turn
|
|-weather|SunnyDay|[upkeep]
|upkeep
|turn|11
|
|t:|1757837588
|move|p1a: Torkoal|Solar Beam||[still]
|-prepare|p1a: Torkoal|Solar Beam
|-anim|p1a: Torkoal|Solar Beam|p2a: Primarina
|-supereffective|p2a: Primarina
|-damage|p2a: Primarina|38/100
|move|p2a: Primarina|Surf|p1a: Torkoal
|-supereffective|p1a: Torkoal
|-damage|p1a: Torkoal|11/100
|
|-weather|SunnyDay|[upkeep]
|upkeep
|turn|12
|
|t:|1757837595
|switch|p2a: Scizor|Scizor, M|100/100
|move|p1a: Torkoal|Solar Beam||[still]
|-prepare|p1a: Torkoal|Solar Beam
|-anim|p1a: Torkoal|Solar Beam|p2a: Scizor
|-resisted|p2a: Scizor
|-damage|p2a: Scizor|83/100
|
|-weather|SunnyDay|[upkeep]
|upkeep
|turn|13
|
|t:|1757837603
|move|p1a: Torkoal|Solar Beam||[still]
|-prepare|p1a: Torkoal|Solar Beam
|-anim|p1a: Torkoal|Solar Beam|p2a: Scizor
|-resisted|p2a: Scizor
|-damage|p2a: Scizor|65/100
|move|p2a: Scizor|U-turn|p1a: Torkoal
|-resisted|p1a: Torkoal
|-damage|p1a: Torkoal|0 fnt
|faint|p1a: Torkoal
|
|t:|1757837623
|switch|p2a: Primarina|Primarina, F|38/100|[from] U-turn
|
|-weather|SunnyDay|[upkeep]
|-fieldend|move: Trick Room
|upkeep
|
|t:|1757837629
|switch|p1a: Scream Tail|Scream Tail|93/100
|-activate|p1a: Scream Tail|ability: Protosynthesis
|-start|p1a: Scream Tail|protosynthesisspd
|turn|14
|
|t:|1757837633
|move|p2a: Primarina|Moonblast|p1a: Scream Tail
|-damage|p1a: Scream Tail|71/100
|-unboost|p1a: Scream Tail|spa|1
|move|p1a: Scream Tail|Trick Room|p1a: Scream Tail
|-fieldstart|move: Trick Room|[of] p1a: Scream Tail
|
|-weather|none
|-end|p1a: Scream Tail|Protosynthesis
|upkeep
|turn|15
|inactive|spaghettibadass has 120 seconds left.
|
|t:|1757837664
|-end|p1a: Scream Tail|Protosynthesis|[silent]
|switch|p1a: Ursaluna|Ursaluna, M|100/100
|move|p2a: Primarina|Flip Turn|p1a: Ursaluna
|-supereffective|p1a: Ursaluna
|-damage|p1a: Ursaluna|84/100
|
|t:|1757837667
|switch|p2a: Zamazenta|Zamazenta|100/100|[from] Flip Turn
|-ability|p2a: Zamazenta|Dauntless Shield|boost
|-boost|p2a: Zamazenta|def|1
|
|-status|p1a: Ursaluna|brn|[from] item: Flame Orb
|upkeep
|turn|16
|
|t:|1757837676
|move|p1a: Ursaluna|Facade|p2a: Zamazenta
|-damage|p2a: Zamazenta|37/100
|move|p2a: Zamazenta|Body Press|p1a: Ursaluna
|-supereffective|p1a: Ursaluna
|-damage|p1a: Ursaluna|18/100 brn
|
|-heal|p2a: Zamazenta|43/100|[from] item: Leftovers
|-damage|p1a: Ursaluna|11/100 brn|[from] brn
|upkeep
|turn|17
|
|t:|1757837684
|move|p1a: Ursaluna|Facade|p2a: Zamazenta
|-damage|p2a: Zamazenta|0 fnt
|faint|p2a: Zamazenta
|
|-damage|p1a: Ursaluna|5/100 brn|[from] brn
|upkeep
|
|t:|1757837688
|switch|p2a: Scizor|Scizor, M|65/100
|turn|18
|
|t:|1757837694
|move|p2a: Scizor|Bullet Punch|p1a: Ursaluna
|-damage|p1a: Ursaluna|0 fnt
|faint|p1a: Ursaluna
|
|-fieldend|move: Trick Room
|upkeep
|
|t:|1757837699
|switch|p1a: Scream Tail|Scream Tail|71/100
|turn|19
|
|t:|1757837712
|move|p2a: Scizor|Bullet Punch|p1a: Scream Tail
|-supereffective|p1a: Scream Tail
|-damage|p1a: Scream Tail|2/100
|move|p1a: Scream Tail|Trick Room|p1a: Scream Tail
|-fieldstart|move: Trick Room|[of] p1a: Scream Tail
|
|upkeep
|turn|20
|
|t:|1757837716
|move|p2a: Scizor|Bullet Punch|p1a: Scream Tail
|-supereffective|p1a: Scream Tail
|-damage|p1a: Scream Tail|0 fnt
|faint|p1a: Scream Tail
|-end|p1a: Scream Tail|Protosynthesis|[silent]
|
|upkeep
|
|t:|1757837721
|switch|p1a: Iron Hands|Iron Hands|16/100
|turn|21
|
|t:|1757837724
|move|p2a: Scizor|Bullet Punch|p1a: Iron Hands
|-resisted|p1a: Iron Hands
|-damage|p1a: Iron Hands|0 fnt
|faint|p1a: Iron Hands
|-end|p1a: Iron Hands|Quark Drive|[silent]
|
|win|Alethino
|raw|spaghettibadass's rating: 1522 &rarr; <strong>1500</strong><br />(-22 for losing)
|raw|Alethino's rating: 1490 &rarr; <strong>1512</strong><br />(+22 for winning)
|c|☆Alethino|Gg
|l|☆spaghettibadass
|player|p1|
|l|☆Alethino
|player|p2|
