|j|☆yeunybvcl
|j|☆Rody1
|t:|1757945137
|gametype|singles
|player|p1|yeunybvcl|clair|1091
|player|p2|Rody1|red|1109
|gen|9
|tier|[Gen 9] OU
|rated|
|rule|HP Percentage Mod: HP is shown in percentages
|rule|Endless Battle Clause: Forcing endless battles is banned
|rule|Species Clause: Limit one of each Pokémon
|rule|OHKO Clause: OHKO moves are banned
|rule|Evasion Items Clause: Evasion items are banned
|rule|Evasion Moves Clause: Evasion moves are banned
|rule|Evasion Abilities Clause: Evasion abilities are banned
|rule|Sleep Moves Clause: Sleep-inducing moves are banned
|clearpoke
|poke|p1|Araquanid, M|
|poke|p1|Munkidori, M|
|poke|p1|Kingambit, F|
|poke|p1|Raging Bolt|
|poke|p1|Skeledirge, F|
|poke|p1|Gliscor, M|
|poke|p2|Deoxys-Speed|
|poke|p2|Garchomp, M|
|poke|p2|Dondozo, F|
|poke|p2|Scizor, F|
|poke|p2|Gurdurr, F|
|poke|p2|Gholdengo|
|teampreview
|
|t:|1757945151
|teamsize|p1|6
|teamsize|p2|6
|start
|switch|p1a: Gliscor|Gliscor, M|100/100
|switch|p2a: Deoxys|Deoxys-Speed|100/100
|-ability|p2a: Deoxys|Pressure
|turn|1
|
|t:|1757945157
|move|p2a: Deoxys|Taunt|p1a: Gliscor
|-start|p1a: Gliscor|move: Taunt
|cant|p1a: Gliscor|move: Taunt|Toxic
|
|-status|p1a: Gliscor|tox|[from] item: Toxic Orb
|upkeep
|turn|2
|inactive|Battle timer is ON: inactive players will automatically lose when time's up. (requested by yeunybvcl)
|
|t:|1757945164
|switch|p1a: Kingambit|Kingambit, F|100/100
|move|p2a: Deoxys|Stealth Rock|p1a: Kingambit
|-sidestart|p1: yeunybvcl|move: Stealth Rock
|
|upkeep
|turn|3
|
|t:|1757945171
|move|p2a: Deoxys|Spikes|p1a: Kingambit
|-sidestart|p1: yeunybvcl|Spikes
|move|p1a: Kingambit|Kowtow Cleave|p2a: Deoxys
|-supereffective|p2a: Deoxys
|-enditem|p2a: Deoxys|Focus Sash
|-damage|p2a: Deoxys|1/100
|-damage|p1a: Kingambit|91/100|[from] item: Life Orb
|
|upkeep
|turn|4
|
|t:|1757945186
|move|p2a: Deoxys|Spikes|p1a: Kingambit
|-sidestart|p1: yeunybvcl|Spikes
|move|p1a: Kingambit|Kowtow Cleave|p2a: Deoxys
|-supereffective|p2a: Deoxys
|-damage|p2a: Deoxys|0 fnt
|faint|p2a: Deoxys
|-damage|p1a: Kingambit|81/100|[from] item: Life Orb
|
|upkeep
|
|t:|1757945196
|switch|p2a: Gurdurr|Gurdurr, F|100/100
|turn|5
|
|t:|1757945207
|-end|p1a: Kingambit|fallenundefined|[silent]
|switch|p1a: Gliscor|Gliscor, M|100/100 tox
|-damage|p1a: Gliscor|88/100 tox|[from] Stealth Rock
|move|p2a: Gurdurr|Mach Punch|p1a: Gliscor
|-resisted|p1a: Gliscor
|-damage|p1a: Gliscor|77/100 tox
|
|-heal|p1a: Gliscor|90/100 tox|[from] ability: Poison Heal
|upkeep
|turn|6
|
|t:|1757945219
|switch|p2a: Garchomp|Garchomp, M|100/100
|move|p1a: Gliscor|Toxic|p2a: Garchomp
|-status|p2a: Garchomp|tox
|
|-damage|p2a: Garchomp|94/100 tox|[from] psn
|-heal|p1a: Gliscor|100/100 tox|[from] ability: Poison Heal
|upkeep
|turn|7
|
|t:|1757945228
|move|p2a: Garchomp|Dragon Claw|p1a: Gliscor
|-damage|p1a: Gliscor|48/100 tox
|-damage|p2a: Garchomp|85/100 tox|[from] item: Life Orb
|move|p1a: Gliscor|Swords Dance|p1a: Gliscor
|-boost|p1a: Gliscor|atk|2
|
|-damage|p2a: Garchomp|72/100 tox|[from] psn
|-heal|p1a: Gliscor|61/100 tox|[from] ability: Poison Heal
|upkeep
|turn|8
|
|t:|1757945237
|move|p1a: Gliscor|Protect|p1a: Gliscor
|-singleturn|p1a: Gliscor|Protect
|move|p2a: Garchomp|Dragon Claw|p1a: Gliscor
|-activate|p1a: Gliscor|move: Protect
|
|-damage|p2a: Garchomp|54/100 tox|[from] psn
|-heal|p1a: Gliscor|73/100 tox|[from] ability: Poison Heal
|upkeep
|turn|9
|
|t:|1757945249
|switch|p2a: Dondozo|Dondozo, F|100/100
|move|p1a: Gliscor|Earthquake|p2a: Dondozo
|-damage|p2a: Dondozo|81/100
|
|-heal|p1a: Gliscor|85/100 tox|[from] ability: Poison Heal
|upkeep
|turn|10
|
|t:|1757945256
|move|p1a: Gliscor|Toxic|p2a: Dondozo
|-status|p2a: Dondozo|tox
|move|p2a: Dondozo|Curse|p2a: Dondozo
|-unboost|p2a: Dondozo|spe|1
|-boost|p2a: Dondozo|atk|1
|-boost|p2a: Dondozo|def|1
|
|-heal|p1a: Gliscor|98/100 tox|[from] ability: Poison Heal
|-damage|p2a: Dondozo|75/100 tox|[from] psn
|upkeep
|turn|11
|
|t:|1757945272
|switch|p1a: Skeledirge|Skeledirge, F|100/100
|-damage|p1a: Skeledirge|75/100|[from] Stealth Rock
|-damage|p1a: Skeledirge|59/100|[from] Spikes
|move|p2a: Dondozo|Rest|p2a: Dondozo
|-status|p2a: Dondozo|slp|[from] move: Rest
|-heal|p2a: Dondozo|100/100 slp|[silent]
|
|-heal|p1a: Skeledirge|65/100|[from] item: Leftovers
|upkeep
|turn|12
|
|t:|1757945288
|switch|p2a: Garchomp|Garchomp, M|54/100 tox
|move|p1a: Skeledirge|Hex|p2a: Garchomp
|-damage|p2a: Garchomp|0 fnt
|faint|p2a: Garchomp
|
|-heal|p1a: Skeledirge|71/100|[from] item: Leftovers
|upkeep
|
|t:|1757945296
|switch|p2a: Gholdengo|Gholdengo|100/100
|turn|13
|
|t:|1757945304
|-terastallize|p1a: Skeledirge|Fairy
|move|p2a: Gholdengo|Dazzling Gleam|p1a: Skeledirge
|-damage|p1a: Skeledirge|40/100
|move|p1a: Skeledirge|Torch Song|p2a: Gholdengo
|-supereffective|p2a: Gholdengo
|-damage|p2a: Gholdengo|43/100
|-boost|p1a: Skeledirge|spa|1
|
|-heal|p1a: Skeledirge|46/100|[from] item: Leftovers
|upkeep
|turn|14
|
|t:|1757945314
|move|p2a: Gholdengo|Make It Rain|p1a: Skeledirge
|-supereffective|p1a: Skeledirge
|-damage|p1a: Skeledirge|0 fnt
|-unboost|p2a: Gholdengo|spa|1
|faint|p1a: Skeledirge
|
|upkeep
|
|t:|1757945321
|switch|p1a: Gliscor|Gliscor, M|98/100 tox
|-damage|p1a: Gliscor|85/100 tox|[from] Stealth Rock
|turn|15
|-message|Rody1 forfeited.
|
|win|yeunybvcl
|raw|yeunybvcl's rating: 1091 &rarr; <strong>1119</strong><br />(+28 for winning)
|raw|Rody1's rating: 1109 &rarr; <strong>1083</strong><br />(-26 for losing)
|l|☆Rody1
|player|p2|
|l|☆yeunybvcl
|player|p1|
