|j|☆belphegorr
|j|☆nlzdy
|t:|1757855859
|gametype|singles
|player|p1|belphegorr|hoopster|1222
|player|p2|nlzdy|cynthia|1302
|gen|9
|tier|[Gen 9] OU
|rated|
|rule|HP Percentage Mod: HP is shown in percentages
|rule|Endless Battle Clause: Forcing endless battles is banned
|rule|Species Clause: Limit one of each Pokémon
|rule|OHKO Clause: OHKO moves are banned
|rule|Evasion Items Clause: Evasion items are banned
|rule|Evasion Moves Clause: Evasion moves are banned
|rule|Evasion Abilities Clause: Evasion abilities are banned
|rule|Sleep Moves Clause: Sleep-inducing moves are banned
|clearpoke
|poke|p1|Samurott-Hisui, F|
|poke|p1|Coalossal, F|
|poke|p1|Scyther, F|
|poke|p1|Ogerpon, F|
|poke|p1|Weavile, M|
|poke|p1|Gengar, M|
|poke|p2|Corviknight, M|
|poke|p2|Hoopa-Unbound|
|poke|p2|Walking Wake|
|poke|p2|Cinderace, F|
|poke|p2|Slowking-Galar, F|
|poke|p2|Zamazenta-*|
|teampreview
|inactive|Battle timer is ON: inactive players will automatically lose when time's up. (requested by belphegorr)
|
|t:|1757855878
|teamsize|p1|6
|teamsize|p2|6
|start
|switch|p1a: Samurott|Samurott-Hisui, F, shiny|100/100
|switch|p2a: Cinderace|Cinderace, F|100/100
|turn|1
|
|t:|1757855886
|move|p2a: Cinderace|High Jump Kick|p1a: Samurott
|-start|p2a: Cinderace|typechange|Fighting|[from] ability: Libero
|-supereffective|p1a: Samurott
|-enditem|p1a: Samurott|Focus Sash
|-damage|p1a: Samurott|1/100
|move|p1a: Samurott|Ceaseless Edge|p2a: Cinderace
|-resisted|p2a: Cinderace
|-damage|p2a: Cinderace|63/100
|-sidestart|p2: nlzdy|Spikes
|
|upkeep
|turn|2
|
|t:|1757855897
|switch|p2a: Corviknight|Corviknight, M|100/100
|move|p1a: Samurott|Ceaseless Edge|p2a: Corviknight
|-damage|p2a: Corviknight|73/100
|-damage|p1a: Samurott|0 fnt|[from] item: Rocky Helmet|[of] p2a: Corviknight
|faint|p1a: Samurott
|
|upkeep
|
|t:|1757855908
|switch|p1a: Coalossal|Coalossal, F|100/100
|turn|3
|
|t:|1757855925
|switch|p2a: Walking Wake|Walking Wake|100/100
|-damage|p2a: Walking Wake|88/100|[from] Spikes
|move|p1a: Coalossal|Stealth Rock|p2a: Walking Wake
|-sidestart|p2: nlzdy|move: Stealth Rock
|
|upkeep
|turn|4
|
|t:|1757855933
|move|p2a: Walking Wake|Hydro Steam|p1a: Coalossal
|-supereffective|p1a: Coalossal
|-damage|p1a: Coalossal|0 fnt
|faint|p1a: Coalossal
|
|upkeep
|
|t:|1757855941
|switch|p1a: Weavile|Weavile, M|100/100
|turn|5
|
|t:|1757855946
|-end|p2a: Walking Wake|Protosynthesis|[silent]
|switch|p2a: Corviknight|Corviknight, M|73/100
|-damage|p2a: Corviknight|61/100|[from] Stealth Rock
|move|p1a: Weavile|Hone Claws|p1a: Weavile
|-boost|p1a: Weavile|atk|1
|-boost|p1a: Weavile|accuracy|1
|
|upkeep
|turn|6
|
|t:|1757855954
|move|p1a: Weavile|Knock Off|p2a: Corviknight
|-damage|p2a: Corviknight|17/100
|-damage|p1a: Weavile|84/100|[from] item: Rocky Helmet|[of] p2a: Corviknight
|-enditem|p2a: Corviknight|Rocky Helmet|[from] move: Knock Off|[of] p1a: Weavile
|move|p2a: Corviknight|Iron Defense|p2a: Corviknight
|-boost|p2a: Corviknight|def|2
|
|upkeep
|turn|7
|
|t:|1757855962
|move|p1a: Weavile|Triple Axel|p2a: Corviknight
|-damage|p2a: Corviknight|13/100
|-damage|p2a: Corviknight|5/100
|-damage|p2a: Corviknight|0 fnt
|faint|p2a: Corviknight
|-hitcount|p2: Corviknight|3
|
|upkeep
|
|t:|1757855971
|switch|p2a: Hoopa|Hoopa-Unbound|100/100
|-damage|p2a: Hoopa|88/100|[from] Spikes
|-damage|p2a: Hoopa|76/100|[from] Stealth Rock
|turn|8
|
|t:|1757855978
|move|p2a: Hoopa|Drain Punch|p1a: Weavile
|-supereffective|p1a: Weavile
|-damage|p1a: Weavile|0 fnt
|-heal|p2a: Hoopa|100/100|[from] drain|[of] p1a: Weavile
|faint|p1a: Weavile
|
|upkeep
|
|t:|1757855987
|switch|p1a: Gengar|Gengar, M|100/100
|turn|9
|
|t:|1757855992
|switch|p2a: Slowking|Slowking-Galar, F|100/100
|-damage|p2a: Slowking|88/100|[from] Spikes
|-damage|p2a: Slowking|76/100|[from] Stealth Rock
|move|p1a: Gengar|Nasty Plot|p1a: Gengar
|-boost|p1a: Gengar|spa|2
|
|-heal|p2a: Slowking|82/100|[from] item: Black Sludge
|upkeep
|turn|10
|
|t:|1757856002
|move|p1a: Gengar|Shadow Ball|p2a: Slowking
|-supereffective|p2a: Slowking
|-damage|p2a: Slowking|0 fnt
|faint|p2a: Slowking
|
|upkeep
|
|t:|1757856008
|switch|p2a: Cinderace|Cinderace, F|63/100
|turn|11
|
|t:|1757856014
|move|p2a: Cinderace|Court Change|p2a: Cinderace
|-start|p2a: Cinderace|typechange|Normal|[from] ability: Libero
|-swapsideconditions
|-activate|p2a: Cinderace|move: Court Change
|move|p1a: Gengar|Sludge Wave|p2a: Cinderace
|-damage|p2a: Cinderace|0 fnt
|faint|p2a: Cinderace
|
|upkeep
|
|t:|1757856023
|switch|p2a: Hoopa|Hoopa-Unbound|100/100
|turn|12
|
|t:|1757856027
|move|p2a: Hoopa|Hyperspace Fury|p1a: Gengar
|-supereffective|p1a: Gengar
|-enditem|p1a: Gengar|Focus Sash
|-damage|p1a: Gengar|1/100
|-unboost|p2a: Hoopa|def|1
|-start|p2a: Hoopa|Disable|Hyperspace Fury|[from] ability: Cursed Body|[of] p1a: Gengar
|move|p1a: Gengar|Sludge Wave|p2a: Hoopa
|-damage|p2a: Hoopa|12/100
|
|upkeep
|turn|13
|
|t:|1757856050
|switch|p2a: Walking Wake|Walking Wake|88/100
|move|p1a: Gengar|Sludge Wave|p2a: Walking Wake
|-damage|p2a: Walking Wake|0 fnt
|faint|p2a: Walking Wake
|-end|p2a: Walking Wake|Protosynthesis|[silent]
|
|upkeep
|
|t:|1757856058
|switch|p2a: Hoopa|Hoopa-Unbound|12/100
|turn|14
|
|t:|1757856070
|move|p2a: Hoopa|Ice Punch|p1a: Gengar
|-damage|p1a: Gengar|0 fnt
|faint|p1a: Gengar
|
|upkeep
|
|t:|1757856074
|switch|p1a: Scyther|Scyther, F, shiny|100/100
|-damage|p1a: Scyther|51/100|[from] Stealth Rock
|turn|15
|
|t:|1757856079
|move|p1a: Scyther|Quick Attack|p2a: Hoopa
|-damage|p2a: Hoopa|0 fnt
|faint|p2a: Hoopa
|
|upkeep
|
|t:|1757856084
|switch|p2a: Zamazenta|Zamazenta|100/100
|-ability|p2a: Zamazenta|Dauntless Shield|boost
|-boost|p2a: Zamazenta|def|1
|turn|16
|inactive|nlzdy has 120 seconds left.
|
|t:|1757856123
|move|p2a: Zamazenta|Crunch|p1a: Scyther
|-damage|p1a: Scyther|12/100
|move|p1a: Scyther|Aerial Ace|p2a: Zamazenta
|-supereffective|p2a: Zamazenta
|-damage|p2a: Zamazenta|47/100
|
|upkeep
|turn|17
|inactive|nlzdy has 120 seconds left.
|
|t:|1757856138
|move|p1a: Scyther|Quick Attack|p2a: Zamazenta
|-damage|p2a: Zamazenta|35/100
|move|p2a: Zamazenta|Crunch|p1a: Scyther
|-damage|p1a: Scyther|0 fnt
|faint|p1a: Scyther
|
|upkeep
|
|t:|1757856143
|switch|p1a: Ogerpon|Ogerpon, F|100/100
|-damage|p1a: Ogerpon|88/100|[from] Spikes
|-damage|p1a: Ogerpon|76/100|[from] Stealth Rock
|turn|18
|
|t:|1757856152
|-terastallize|p1a: Ogerpon|Grass
|detailschange|p1a: Ogerpon|Ogerpon-Teal-Tera, F, tera:Grass
|-ability|p1a: Ogerpon|Embody Aspect (Teal)|boost
|-boost|p1a: Ogerpon|spe|1
|move|p1a: Ogerpon|Ivy Cudgel|p2a: Zamazenta
|-crit|p2a: Zamazenta
|-damage|p2a: Zamazenta|0 fnt
|faint|p2a: Zamazenta
|
|win|belphegorr
|raw|belphegorr's rating: 1222 &rarr; <strong>1253</strong><br />(+31 for winning)
|raw|nlzdy's rating: 1302 &rarr; <strong>1277</strong><br />(-25 for losing)
|l|☆nlzdy
|player|p2|
|l|☆belphegorr
|player|p1|
