|j|☆Nightblood11111
|j|☆dasraybzh
|t:|1757933578
|gametype|singles
|player|p1|Nightblood11111|iris-gen5bw2|1504
|player|p2|dasraybzh|volkner|1442
|gen|9
|tier|[Gen 9] OU
|rated|
|rule|HP Percentage Mod: HP is shown in percentages
|rule|Endless Battle Clause: Forcing endless battles is banned
|rule|Species Clause: Limit one of each Pokémon
|rule|OHKO Clause: OHKO moves are banned
|rule|Evasion Items Clause: Evasion items are banned
|rule|Evasion Moves Clause: Evasion moves are banned
|rule|Evasion Abilities Clause: Evasion abilities are banned
|rule|Sleep Moves Clause: Sleep-inducing moves are banned
|clearpoke
|poke|p1|Darkrai|
|poke|p1|Dragonite, F|
|poke|p1|Gliscor, F|
|poke|p1|Corviknight, F|
|poke|p1|Ting-Lu|
|poke|p1|Toxapex, F|
|poke|p2|Pelipper, M|
|poke|p2|Zapdos|
|poke|p2|Overqwil, F|
|poke|p2|Iron Treads|
|poke|p2|Basculegion-F, F|
|poke|p2|Goodra-Hisui, M|
|teampreview
|inactive|Battle timer is ON: inactive players will automatically lose when time's up. (requested by Nightblood11111)
|
|t:|1757933598
|teamsize|p1|6
|teamsize|p2|6
|start
|switch|p1a: BOWL|Ting-Lu|100/100
|switch|p2a: Iron Treads|Iron Treads, shiny|100/100
|-ability|p1a: BOWL|Vessel of Ruin
|turn|1
|
|t:|1757933607
|move|p2a: Iron Treads|Knock Off|p1a: BOWL
|-resisted|p1a: BOWL
|-damage|p1a: BOWL|92/100
|-enditem|p1a: BOWL|Leftovers|[from] move: Knock Off|[of] p2a: Iron Treads
|move|p1a: BOWL|Earthquake|p2a: Iron Treads
|-supereffective|p2a: Iron Treads
|-damage|p2a: Iron Treads|31/100
|
|upkeep
|turn|2
|
|t:|1757933620
|-end|p2a: Iron Treads|Quark Drive|[silent]
|switch|p2a: Pelipper|Pelipper, M, shiny|100/100
|-weather|RainDance|[from] ability: Drizzle|[of] p2a: Pelipper
|move|p1a: BOWL|Stealth Rock|p2a: Pelipper
|-sidestart|p2: dasraybzh|move: Stealth Rock
|
|-weather|RainDance|[upkeep]
|upkeep
|turn|3
|
|t:|1757933626
|switch|p1a: Ted|Toxapex, F|100/100
|move|p2a: Pelipper|U-turn|p1a: Ted
|-resisted|p1a: Ted
|-damage|p1a: Ted|97/100
|
|t:|1757933634
|switch|p2a: Goodra|Goodra-Hisui, M|100/100|[from] U-turn
|-damage|p2a: Goodra|94/100|[from] Stealth Rock
|
|-weather|RainDance|[upkeep]
|upkeep
|turn|4
|
|t:|1757933646
|switch|p1a: BOWL|Ting-Lu|92/100
|-ability|p1a: BOWL|Vessel of Ruin
|move|p2a: Goodra|Thunder|p1a: BOWL
|-immune|p1a: BOWL
|
|-weather|RainDance|[upkeep]
|upkeep
|turn|5
|
|t:|1757933672
|move|p2a: Goodra|Draco Meteor|p1a: BOWL
|-damage|p1a: BOWL|65/100
|-unboost|p2a: Goodra|spa|2
|move|p1a: BOWL|Ruination|p2a: Goodra
|-damage|p2a: Goodra|47/100
|
|-weather|RainDance|[upkeep]
|upkeep
|turn|6
|
|t:|1757933683
|switch|p2a: Zapdos|Zapdos, shiny|100/100
|-damage|p2a: Zapdos|76/100|[from] Stealth Rock
|move|p1a: BOWL|Earthquake|p2a: Zapdos
|-immune|p2a: Zapdos
|
|-weather|RainDance|[upkeep]
|upkeep
|turn|7
|
|t:|1757933691
|move|p2a: Zapdos|Weather Ball|p1a: BOWL
|-supereffective|p1a: BOWL
|-damage|p1a: BOWL|21/100
|move|p1a: BOWL|Whirlwind|p2a: Zapdos
|drag|p2a: Goodra|Goodra-Hisui, M|47/100
|-damage|p2a: Goodra|41/100|[from] Stealth Rock
|
|-weather|RainDance|[upkeep]
|upkeep
|turn|8
|
|t:|1757933700
|move|p2a: Goodra|Draco Meteor|p1a: BOWL
|-damage|p1a: BOWL|0 fnt
|-unboost|p2a: Goodra|spa|2
|faint|p1a: BOWL
|
|-weather|RainDance|[upkeep]
|upkeep
|
|t:|1757933704
|switch|p1a: ColdstelDeHedgeheg|Darkrai, shiny|100/100
|turn|9
|
|t:|1757933715
|move|p1a: ColdstelDeHedgeheg|Nasty Plot|p1a: ColdstelDeHedgeheg
|-boost|p1a: ColdstelDeHedgeheg|spa|2
|move|p2a: Goodra|Knock Off|p1a: ColdstelDeHedgeheg
|-resisted|p1a: ColdstelDeHedgeheg
|-damage|p1a: ColdstelDeHedgeheg|86/100
|-enditem|p1a: ColdstelDeHedgeheg|Heavy-Duty Boots|[from] move: Knock Off|[of] p2a: Goodra
|
|-weather|none
|upkeep
|turn|10
|
|t:|1757933723
|move|p1a: ColdstelDeHedgeheg|Dark Pulse|p2a: Goodra
|-damage|p2a: Goodra|1/100
|move|p2a: Goodra|Draco Meteor|p1a: ColdstelDeHedgeheg
|-damage|p1a: ColdstelDeHedgeheg|40/100
|-unboost|p2a: Goodra|spa|2
|
|upkeep
|turn|11
|
|t:|1757933734
|move|p1a: ColdstelDeHedgeheg|Dark Pulse|p2a: Goodra
|-damage|p2a: Goodra|0 fnt
|faint|p2a: Goodra
|
|upkeep
|inactive|dasraybzh has 120 seconds left.
|
|t:|1757933764
|switch|p2a: Zapdos|Zapdos, shiny|76/100
|-damage|p2a: Zapdos|51/100|[from] Stealth Rock
|turn|12
|
|t:|1757933769
|move|p2a: Zapdos|Hurricane|p1a: ColdstelDeHedgeheg
|-damage|p1a: ColdstelDeHedgeheg|0 fnt
|faint|p1a: ColdstelDeHedgeheg
|
|upkeep
|
|t:|1757933776
|switch|p1a: Ted|Toxapex, F|100/100
|turn|13
|
|t:|1757933783
|switch|p2a: Iron Treads|Iron Treads, shiny|31/100
|-damage|p2a: Iron Treads|28/100|[from] Stealth Rock
|move|p1a: Ted|Infestation|p2a: Iron Treads
|-resisted|p2a: Iron Treads
|-damage|p2a: Iron Treads|27/100
|-activate|p2a: Iron Treads|move: Infestation|[of] p1a: Ted
|
|-damage|p2a: Iron Treads|15/100|[from] move: Infestation|[partiallytrapped]
|upkeep
|turn|14
|
|t:|1757933792
|switch|p1a: Glice to meet u|Gliscor, F|100/100
|move|p2a: Iron Treads|Rapid Spin|p1a: Glice to meet u
|-damage|p1a: Glice to meet u|88/100
|-boost|p2a: Iron Treads|spe|1
|-sideend|p2: dasraybzh|Stealth Rock|[from] move: Rapid Spin|[of] p2a: Iron Treads
|-end|p2a: Iron Treads|Infestation|[partiallytrapped]
|
|-status|p1a: Glice to meet u|tox|[from] item: Toxic Orb
|upkeep
|turn|15
|
|t:|1757933803
|-end|p2a: Iron Treads|Quark Drive|[silent]
|switch|p2a: Pelipper|Pelipper, M, shiny|100/100
|-weather|RainDance|[from] ability: Drizzle|[of] p2a: Pelipper
|move|p1a: Glice to meet u|Crabhammer|p2a: Pelipper
|-resisted|p2a: Pelipper
|-damage|p2a: Pelipper|89/100
|
|-weather|RainDance|[upkeep]
|-heal|p1a: Glice to meet u|100/100 tox|[from] ability: Poison Heal
|upkeep
|turn|16
|
|t:|1757933813
|move|p1a: Glice to meet u|Knock Off|p2a: Pelipper
|-damage|p2a: Pelipper|73/100
|-enditem|p2a: Pelipper|Damp Rock|[from] move: Knock Off|[of] p1a: Glice to meet u
|move|p2a: Pelipper|U-turn|p1a: Glice to meet u
|-resisted|p1a: Glice to meet u
|-damage|p1a: Glice to meet u|97/100 tox
|
|t:|1757933824
|switch|p2a: Basculegion|Basculegion-F, F|100/100|[from] U-turn
|
|-weather|RainDance|[upkeep]
|-heal|p1a: Glice to meet u|100/100 tox|[from] ability: Poison Heal
|upkeep
|turn|17
|
|t:|1757933832
|move|p2a: Basculegion|Surf|p1a: Glice to meet u
|-supereffective|p1a: Glice to meet u
|-damage|p1a: Glice to meet u|0 fnt
|faint|p1a: Glice to meet u
|
|-weather|RainDance|[upkeep]
|upkeep
|
|t:|1757933836
|switch|p1a: Ted|Toxapex, F|100/100
|turn|18
|
|t:|1757933852
|switch|p2a: Iron Treads|Iron Treads, shiny|15/100
|move|p1a: Ted|Infestation|p2a: Iron Treads
|-resisted|p2a: Iron Treads
|-damage|p2a: Iron Treads|13/100
|-activate|p2a: Iron Treads|move: Infestation|[of] p1a: Ted
|
|-weather|RainDance|[upkeep]
|-damage|p2a: Iron Treads|0 fnt|[from] move: Infestation|[partiallytrapped]
|faint|p2a: Iron Treads
|-end|p2a: Iron Treads|Quark Drive|[silent]
|upkeep
|
|t:|1757933869
|switch|p2a: Zapdos|Zapdos, shiny|51/100
|turn|19
|
|t:|1757933872
|-terastallize|p1a: Ted|Grass
|move|p2a: Zapdos|Thunder|p1a: Ted
|-resisted|p1a: Ted
|-damage|p1a: Ted|84/100
|move|p1a: Ted|Toxic|p2a: Zapdos
|-status|p2a: Zapdos|tox
|
|-weather|RainDance|[upkeep]
|-damage|p2a: Zapdos|44/100 tox|[from] psn
|upkeep
|turn|20
|
|t:|1757933881
|switch|p2a: Overqwil|Overqwil, F, shiny|100/100
|move|p1a: Ted|Infestation|p2a: Overqwil
|-damage|p2a: Overqwil|96/100
|-activate|p2a: Overqwil|move: Infestation|[of] p1a: Ted
|
|-weather|RainDance|[upkeep]
|-damage|p2a: Overqwil|84/100|[from] move: Infestation|[partiallytrapped]
|upkeep
|turn|21
|
|t:|1757933896
|move|p2a: Overqwil|Liquidation|p1a: Ted
|-resisted|p1a: Ted
|-damage|p1a: Ted|62/100
|-damage|p2a: Overqwil|74/100|[from] item: Life Orb
|move|p1a: Ted|Recover|p1a: Ted
|-heal|p1a: Ted|100/100
|
|-weather|RainDance|[upkeep]
|-damage|p2a: Overqwil|62/100|[from] move: Infestation|[partiallytrapped]
|upkeep
|turn|22
|
|t:|1757933905
|move|p2a: Overqwil|Gunk Shot|p1a: Ted
|-supereffective|p1a: Ted
|-damage|p1a: Ted|0 fnt
|faint|p1a: Ted
|-damage|p2a: Overqwil|52/100|[from] item: Life Orb
|
|-weather|none
|-end|p2a: Overqwil|Infestation|[partiallytrapped]|[silent]
|upkeep
|
|t:|1757933908
|switch|p1a: Big chicken|Corviknight, F|100/100
|-ability|p1a: Big chicken|Pressure
|turn|23
|
|t:|1757933916
|switch|p2a: Pelipper|Pelipper, M, shiny|73/100
|-weather|RainDance|[from] ability: Drizzle|[of] p2a: Pelipper
|move|p1a: Big chicken|Body Press|p2a: Pelipper
|-resisted|p2a: Pelipper
|-damage|p2a: Pelipper|63/100
|
|-weather|RainDance|[upkeep]
|upkeep
|turn|24
|
|t:|1757933938
|switch|p1a: Diagonite|Dragonite, F|100/100
|move|p2a: Pelipper|U-turn|p1a: Diagonite
|-resisted|p1a: Diagonite
|-damage|p1a: Diagonite|99/100
|
|t:|1757933943
|switch|p2a: Basculegion|Basculegion-F, F|100/100|[from] U-turn
|
|-weather|RainDance|[upkeep]
|upkeep
|turn|25
|
|t:|1757933952
|move|p2a: Basculegion|Ice Beam|p1a: Diagonite
|-supereffective|p1a: Diagonite
|-damage|p1a: Diagonite|0 fnt
|faint|p1a: Diagonite
|
|-weather|RainDance|[upkeep]
|upkeep
|
|t:|1757933954
|switch|p1a: Big chicken|Corviknight, F|100/100
|-ability|p1a: Big chicken|Pressure
|turn|26
|
|t:|1757933959
|move|p2a: Basculegion|Ice Beam|p1a: Big chicken
|-damage|p1a: Big chicken|52/100
|move|p1a: Big chicken|Brave Bird|p2a: Basculegion
|-damage|p2a: Basculegion|56/100
|-damage|p1a: Big chicken|37/100|[from] Recoil
|
|-weather|RainDance|[upkeep]
|upkeep
|turn|27
|
|t:|1757933967
|move|p2a: Basculegion|Ice Beam|p1a: Big chicken
|-damage|p1a: Big chicken|0 fnt
|faint|p1a: Big chicken
|
|win|dasraybzh
|raw|Nightblood11111's rating: 1504 &rarr; <strong>1480</strong><br />(-24 for losing)
|raw|dasraybzh's rating: 1442 &rarr; <strong>1466</strong><br />(+24 for winning)
|l|☆dasraybzh
|player|p2|
|l|☆Nightblood11111
|player|p1|
