|j|☆chenchenff
|j|☆Anc_8
|t:|1757869577
|gametype|singles
|player|p1|chenchenff|blue|1080
|player|p2|Anc_8|kiawe|1091
|gen|9
|tier|[Gen 9] OU
|rated|
|rule|HP Percentage Mod: HP is shown in percentages
|rule|Endless Battle Clause: Forcing endless battles is banned
|rule|Species Clause: Limit one of each Pokémon
|rule|OHKO Clause: OHKO moves are banned
|rule|Evasion Items Clause: Evasion items are banned
|rule|Evasion Moves Clause: Evasion moves are banned
|rule|Evasion Abilities Clause: Evasion abilities are banned
|rule|Sleep Moves Clause: Sleep-inducing moves are banned
|clearpoke
|poke|p1|Toxapex, M|
|poke|p1|Venusaur, M|
|poke|p1|Charizard, F|
|poke|p1|Dragonite, M|
|poke|p1|Incineroar, M|
|poke|p1|Excadrill, M|
|poke|p2|Slowbro, M|
|poke|p2|Dragonite, M|
|poke|p2|Noctowl, M|
|poke|p2|Incineroar, M|
|poke|p2|Delibird, M|
|poke|p2|Dragapult, M|
|teampreview
|
|t:|1757869582
|teamsize|p1|6
|teamsize|p2|6
|start
|switch|p1a: Toxapex|Toxapex, M|100/100
|switch|p2a: Dragonite|Dragonite, M|100/100
|turn|1
|inactive|Battle timer is ON: inactive players will automatically lose when time's up. (requested by Anc_8)
|
|t:|1757869589
|move|p2a: Dragonite|Dragon Dance|p2a: Dragonite
|-boost|p2a: Dragonite|atk|1
|-boost|p2a: Dragonite|spe|1
|move|p1a: Toxapex|Toxic|p2a: Dragonite
|-status|p2a: Dragonite|tox
|
|-damage|p2a: Dragonite|94/100 tox|[from] psn
|upkeep
|turn|2
|
|t:|1757869597
|move|p2a: Dragonite|Dragon Dance|p2a: Dragonite
|-boost|p2a: Dragonite|atk|1
|-boost|p2a: Dragonite|spe|1
|move|p1a: Toxapex|Pain Split|p2a: Dragonite
|-sethp|p2a: Dragonite|94/100 tox|[from] move: Pain Split|[silent]
|-sethp|p1a: Toxapex|99/100|[from] move: Pain Split
|
|-heal|p1a: Toxapex|100/100|[from] item: Leftovers
|-damage|p2a: Dragonite|82/100 tox|[from] psn
|upkeep
|turn|3
|
|t:|1757869610
|-terastallize|p1a: Toxapex|Ice
|move|p2a: Dragonite|Dragon Claw|p1a: Toxapex
|-damage|p1a: Toxapex|12/100
|-damage|p2a: Dragonite|72/100 tox|[from] item: Life Orb
|move|p1a: Toxapex|Ice Spinner|p2a: Dragonite
|-supereffective|p2a: Dragonite
|-damage|p2a: Dragonite|0 fnt
|faint|p2a: Dragonite
|
|-heal|p1a: Toxapex|18/100|[from] item: Leftovers
|upkeep
|
|t:|1757869626
|switch|p2a: Incineroar|Incineroar, M|100/100
|-ability|p2a: Incineroar|Intimidate|boost
|-unboost|p1a: Toxapex|atk|1
|turn|4
|
|t:|1757869633
|move|p2a: Incineroar|Knock Off|p1a: Toxapex
|-damage|p1a: Toxapex|0 fnt
|-enditem|p1a: Toxapex|Leftovers|[from] move: Knock Off|[of] p2a: Incineroar
|faint|p1a: Toxapex
|
|upkeep
|
|t:|1757869640
|switch|p1a: Excadrill|Excadrill, M|100/100
|-ability|p1a: Excadrill|Mold Breaker
|turn|5
|
|t:|1757869648
|switch|p2a: Noctowl|Noctowl, M|100/100
|move|p1a: Excadrill|Earthquake|p2a: Noctowl
|-immune|p2a: Noctowl
|
|upkeep
|turn|6
|
|t:|1757869671
|move|p1a: Excadrill|Rock Slide|p2a: Noctowl
|-supereffective|p2a: Noctowl
|-damage|p2a: Noctowl|20/100
|move|p2a: Noctowl|Hyper Voice|p1a: Excadrill
|-resisted|p1a: Excadrill
|-damage|p1a: Excadrill|82/100
|-enditem|p2a: Noctowl|Throat Spray
|-boost|p2a: Noctowl|spa|1|[from] item: Throat Spray
|
|upkeep
|turn|7
|
|t:|1757869680
|move|p1a: Excadrill|Poison Jab|p2a: Noctowl
|-crit|p2a: Noctowl
|-damage|p2a: Noctowl|0 fnt
|faint|p2a: Noctowl
|
|upkeep
|
|t:|1757869687
|switch|p2a: Slowbro|Slowbro, M|100/100
|turn|8
|
|t:|1757869693
|move|p1a: Excadrill|Poison Jab|p2a: Slowbro
|-damage|p2a: Slowbro|77/100
|-damage|p1a: Excadrill|66/100|[from] item: Rocky Helmet|[of] p2a: Slowbro
|move|p2a: Slowbro|Scald|p1a: Excadrill
|-supereffective|p1a: Excadrill
|-damage|p1a: Excadrill|0 fnt
|faint|p1a: Excadrill
|
|upkeep
|
|t:|1757869706
|switch|p1a: Venusaur|Venusaur, M|100/100
|turn|9
|
|t:|1757869712
|-terastallize|p2a: Slowbro|Ice
|move|p1a: Venusaur|Giga Drain|p2a: Slowbro
|-damage|p2a: Slowbro|44/100
|move|p2a: Slowbro|Ice Beam|p1a: Venusaur
|-supereffective|p1a: Venusaur
|-damage|p1a: Venusaur|21/100
|
|-heal|p1a: Venusaur|27/100|[from] item: Leftovers
|upkeep
|turn|10
|
|t:|1757869724
|switch|p1a: Charizard|Charizard, F|100/100
|move|p2a: Slowbro|Ice Beam|p1a: Charizard
|-damage|p1a: Charizard|42/100
|
|upkeep
|turn|11
|
|t:|1757869733
|move|p1a: Charizard|Fire Blast|p2a: Slowbro
|-supereffective|p2a: Slowbro
|-damage|p2a: Slowbro|0 fnt
|faint|p2a: Slowbro
|
|upkeep
|
|t:|1757869738
|switch|p2a: Delibird|Delibird, M|100/100
|turn|12
|
|t:|1757869746
|switch|p1a: Venusaur|Venusaur, M|27/100
|move|p2a: Delibird|Fake Out|p1a: Venusaur
|-damage|p1a: Venusaur|21/100
|
|-heal|p1a: Venusaur|27/100|[from] item: Leftovers
|upkeep
|turn|13
|
|t:|1757869755
|move|p1a: Venusaur|Protect|p1a: Venusaur
|-singleturn|p1a: Venusaur|Protect
|move|p2a: Delibird|Ice Beam|p1a: Venusaur
|-activate|p1a: Venusaur|move: Protect
|
|-heal|p1a: Venusaur|33/100|[from] item: Leftovers
|upkeep
|turn|14
|
|t:|1757869763
|move|p2a: Delibird|Ice Beam|p1a: Venusaur
|-supereffective|p1a: Venusaur
|-damage|p1a: Venusaur|0 fnt
|faint|p1a: Venusaur
|
|upkeep
|
|t:|1757869770
|switch|p1a: Incineroar|Incineroar, M, shiny|100/100
|-ability|p1a: Incineroar|Intimidate|boost
|-unboost|p2a: Delibird|atk|1
|turn|15
|
|t:|1757869776
|switch|p2a: Incineroar|Incineroar, M|100/100
|-ability|p2a: Incineroar|Intimidate|boost
|-unboost|p1a: Incineroar|atk|1
|move|p1a: Incineroar|Flare Blitz|p2a: Incineroar
|-resisted|p2a: Incineroar
|-damage|p2a: Incineroar|77/100
|-damage|p1a: Incineroar|92/100|[from] Recoil
|
|upkeep
|turn|16
|
|t:|1757869788
|switch|p1a: Dragonite|Dragonite, M|100/100
|move|p2a: Incineroar|Knock Off|p1a: Dragonite
|-damage|p1a: Dragonite|87/100
|-enditem|p1a: Dragonite|Heavy-Duty Boots|[from] move: Knock Off|[of] p2a: Incineroar
|
|upkeep
|turn|17
|
|t:|1757869800
|move|p1a: Dragonite|Earthquake|p2a: Incineroar
|-supereffective|p2a: Incineroar
|-damage|p2a: Incineroar|28/100
|-enditem|p2a: Incineroar|Sitrus Berry|[eat]
|-heal|p2a: Incineroar|53/100|[from] item: Sitrus Berry
|move|p2a: Incineroar|Parting Shot|p1a: Dragonite
|-unboost|p1a: Dragonite|atk|1
|-unboost|p1a: Dragonite|spa|1
|
|t:|1757869802
|switch|p2a: Dragapult|Dragapult, M|100/100|[from] Parting Shot
|
|upkeep
|turn|18
|
|t:|1757869815
|move|p2a: Dragapult|Dragon Darts|p1a: Dragonite
|-supereffective|p1a: Dragonite
|-damage|p1a: Dragonite|47/100
|-anim|p2a: Dragapult|Dragon Darts|p1a: Dragonite
|-supereffective|p1a: Dragonite
|-damage|p1a: Dragonite|8/100
|move|p1a: Dragonite|Ice Punch|p2a: Dragapult
|-supereffective|p2a: Dragapult
|-damage|p2a: Dragapult|57/100
|
|-heal|p2a: Dragapult|63/100|[from] item: Leftovers
|upkeep
|turn|19
|
|t:|1757869826
|move|p1a: Dragonite|Extreme Speed|p2a: Dragapult
|-immune|p2a: Dragapult
|move|p2a: Dragapult|Dragon Darts|p1a: Dragonite
|-supereffective|p1a: Dragonite
|-damage|p1a: Dragonite|0 fnt
|faint|p1a: Dragonite
|
|-heal|p2a: Dragapult|69/100|[from] item: Leftovers
|upkeep
|
|t:|1757869837
|switch|p1a: Incineroar|Incineroar, M, shiny|92/100
|-ability|p1a: Incineroar|Intimidate|boost
|-unboost|p2a: Dragapult|atk|1
|turn|20
|
|t:|1757869844
|switch|p2a: Incineroar|Incineroar, M|53/100
|-ability|p2a: Incineroar|Intimidate|boost
|-unboost|p1a: Incineroar|atk|1
|move|p1a: Incineroar|Knock Off|p2a: Incineroar
|-resisted|p2a: Incineroar
|-crit|p2a: Incineroar
|-damage|p2a: Incineroar|23/100
|
|upkeep
|turn|21
|
|t:|1757869853
|move|p1a: Incineroar|Knock Off|p2a: Incineroar
|-resisted|p2a: Incineroar
|-damage|p2a: Incineroar|10/100
|move|p2a: Incineroar|Knock Off|p1a: Incineroar
|-resisted|p1a: Incineroar
|-damage|p1a: Incineroar|71/100
|-enditem|p1a: Incineroar|Choice Band|[from] move: Knock Off|[of] p2a: Incineroar
|
|upkeep
|turn|22
|
|t:|1757869862
|move|p1a: Incineroar|Knock Off|p2a: Incineroar
|-resisted|p2a: Incineroar
|-damage|p2a: Incineroar|2/100
|move|p2a: Incineroar|Flare Blitz|p1a: Incineroar
|-resisted|p1a: Incineroar
|-damage|p1a: Incineroar|46/100
|-damage|p2a: Incineroar|0 fnt|[from] Recoil
|faint|p2a: Incineroar
|
|upkeep
|
|t:|1757869869
|switch|p2a: Delibird|Delibird, M|100/100
|turn|23
|
|t:|1757869874
|move|p2a: Delibird|Fake Out|p1a: Incineroar
|-damage|p1a: Incineroar|40/100
|cant|p1a: Incineroar|flinch
|
|upkeep
|turn|24
|
|t:|1757869883
|move|p2a: Delibird|Ice Beam|p1a: Incineroar
|-resisted|p1a: Incineroar
|-damage|p1a: Incineroar|23/100
|move|p1a: Incineroar|Drain Punch|p2a: Delibird
|-damage|p2a: Delibird|57/100
|-heal|p1a: Incineroar|37/100|[from] drain|[of] p2a: Delibird
|
|upkeep
|turn|25
|
|t:|1757869893
|move|p2a: Delibird|Air Slash|p1a: Incineroar
|-damage|p1a: Incineroar|6/100
|cant|p1a: Incineroar|flinch
|
|upkeep
|turn|26
|
|t:|1757869898
|move|p2a: Delibird|Air Slash|p1a: Incineroar
|-damage|p1a: Incineroar|0 fnt
|faint|p1a: Incineroar
|
|upkeep
|
|t:|1757869903
|switch|p1a: Charizard|Charizard, F|42/100
|turn|27
|
|t:|1757869907
|move|p1a: Charizard|Fire Blast|p2a: Delibird
|-supereffective|p2a: Delibird
|-damage|p2a: Delibird|0 fnt
|faint|p2a: Delibird
|
|upkeep
|
|t:|1757869909
|switch|p2a: Dragapult|Dragapult, M|69/100
|turn|28
|
|t:|1757869915
|move|p2a: Dragapult|Dragon Darts|p1a: Charizard
|-damage|p1a: Charizard|6/100
|-anim|p2a: Dragapult|Dragon Darts|p1a: Charizard
|-damage|p1a: Charizard|0 fnt
|faint|p1a: Charizard
|
|win|Anc_8
|raw|chenchenff's rating: 1107 &rarr; <strong>1081</strong><br />(-26 for losing)
|raw|Anc_8's rating: 1091 &rarr; <strong>1119</strong><br />(+28 for winning)
|l|☆chenchenff
|player|p1|
