|j|☆3idk
|j|☆sdgkjshdkf
|t:|1757850515
|gametype|singles
|player|p1|3idk|lusamine-masters|1760
|player|p2|sdgkjshdkf|101|1701
|gen|9
|tier|[Gen 9] OU
|rated|
|rule|HP Percentage Mod: HP is shown in percentages
|rule|Endless Battle Clause: Forcing endless battles is banned
|rule|Species Clause: Limit one of each Pokémon
|rule|OHKO Clause: OHKO moves are banned
|rule|Evasion Items Clause: Evasion items are banned
|rule|Evasion Moves Clause: Evasion moves are banned
|rule|Evasion Abilities Clause: Evasion abilities are banned
|rule|Sleep Moves Clause: Sleep-inducing moves are banned
|clearpoke
|poke|p1|Tyranitar, M|
|poke|p1|Excadrill, M|
|poke|p1|Keldeo-Resolute|
|poke|p1|Tornadus-Therian, M|
|poke|p1|Heatran, F|
|poke|p1|Hydrapple, F|
|poke|p2|Ribombee, M|
|poke|p2|Gholdengo|
|poke|p2|Dragonite, M|
|poke|p2|Ceruledge, F|
|poke|p2|Great Tusk|
|poke|p2|Iron Moth|
|teampreview
|inactive|Battle timer is ON: inactive players will automatically lose when time's up. (requested by 3idk)
|
|t:|1757850529
|teamsize|p1|6
|teamsize|p2|6
|start
|switch|p1a: Tyranitar|Tyranitar, M|100/100
|switch|p2a: Ribombee|Ribombee, M|100/100
|-weather|Sandstorm|[from] ability: Sand Stream|[of] p1a: Tyranitar
|turn|1
|
|t:|1757850535
|move|p2a: Ribombee|Sticky Web|p1a: Tyranitar
|-sidestart|p1: 3idk|move: Sticky Web
|move|p1a: Tyranitar|Stone Edge|p2a: Ribombee
|-supereffective|p2a: Ribombee
|-enditem|p2a: Ribombee|Focus Sash
|-damage|p2a: Ribombee|1/100
|
|-weather|Sandstorm|[upkeep]
|-damage|p2a: Ribombee|0 fnt|[from] Sandstorm
|faint|p2a: Ribombee
|upkeep
|
|t:|1757850547
|switch|p2a: Great Tusk|Great Tusk|100/100
|-enditem|p2a: Great Tusk|Booster Energy
|-activate|p2a: Great Tusk|ability: Protosynthesis|[fromitem]
|-start|p2a: Great Tusk|protosynthesisspe
|turn|2
|
|t:|1757850554
|switch|p1a: Tornadus|Tornadus-Therian, M|100/100
|move|p2a: Great Tusk|Bulk Up|p2a: Great Tusk
|-boost|p2a: Great Tusk|atk|1
|-boost|p2a: Great Tusk|def|1
|
|-weather|Sandstorm|[upkeep]
|-damage|p1a: Tornadus|94/100|[from] Sandstorm
|upkeep
|turn|3
|
|t:|1757850562
|-terastallize|p2a: Great Tusk|Steel
|move|p2a: Great Tusk|Bulk Up|p2a: Great Tusk
|-boost|p2a: Great Tusk|atk|1
|-boost|p2a: Great Tusk|def|1
|move|p1a: Tornadus|Bleakwind Storm|p2a: Great Tusk
|-resisted|p2a: Great Tusk
|-damage|p2a: Great Tusk|77/100
|-unboost|p2a: Great Tusk|spe|1
|
|-weather|Sandstorm|[upkeep]
|-damage|p1a: Tornadus|88/100|[from] Sandstorm
|upkeep
|turn|4
|
|t:|1757850573
|move|p1a: Tornadus|Heat Wave|p2a: Great Tusk
|-supereffective|p2a: Great Tusk
|-damage|p2a: Great Tusk|15/100
|move|p2a: Great Tusk|Ice Spinner|p1a: Tornadus
|-supereffective|p1a: Tornadus
|-damage|p1a: Tornadus|0 fnt
|faint|p1a: Tornadus
|
|-weather|Sandstorm|[upkeep]
|upkeep
|
|t:|1757850582
|switch|p1a: Excadrill|Excadrill, M|100/100
|-item|p1a: Excadrill|Air Balloon
|turn|5
|
|t:|1757850586
|move|p1a: Excadrill|Earthquake|p2a: Great Tusk
|-supereffective|p2a: Great Tusk
|-damage|p2a: Great Tusk|0 fnt
|faint|p2a: Great Tusk
|-end|p2a: Great Tusk|Protosynthesis|[silent]
|
|-weather|none
|upkeep
|
|t:|1757850592
|switch|p2a: Ceruledge|Ceruledge, F|100/100
|turn|6
|
|t:|1757850599
|switch|p1a: Hydrapple|Hydrapple, F|100/100
|-activate|p1a: Hydrapple|move: Sticky Web
|-unboost|p1a: Hydrapple|spe|1
|move|p2a: Ceruledge|Swords Dance|p2a: Ceruledge
|-boost|p2a: Ceruledge|atk|2
|
|upkeep
|turn|7
|
|t:|1757850606
|move|p2a: Ceruledge|Swords Dance|p2a: Ceruledge
|-boost|p2a: Ceruledge|atk|2
|move|p1a: Hydrapple|Earth Power|p2a: Ceruledge
|-supereffective|p2a: Ceruledge
|-damage|p2a: Ceruledge|48/100
|
|upkeep
|turn|8
|
|t:|1757850611
|move|p2a: Ceruledge|Poltergeist|p1a: Hydrapple
|-activate|p1a: Hydrapple|move: Poltergeist|Rocky Helmet
|-damage|p1a: Hydrapple|0 fnt
|faint|p1a: Hydrapple
|
|upkeep
|
|t:|1757850616
|switch|p1a: Tyranitar|Tyranitar, M|100/100
|-activate|p1a: Tyranitar|move: Sticky Web
|-unboost|p1a: Tyranitar|spe|1
|-weather|Sandstorm|[from] ability: Sand Stream|[of] p1a: Tyranitar
|turn|9
|
|t:|1757850626
|move|p2a: Ceruledge|Close Combat|p1a: Tyranitar
|-supereffective|p1a: Tyranitar
|-damage|p1a: Tyranitar|0 fnt
|-unboost|p2a: Ceruledge|def|1
|-unboost|p2a: Ceruledge|spd|1
|faint|p1a: Tyranitar
|
|-weather|Sandstorm|[upkeep]
|-damage|p2a: Ceruledge|41/100|[from] Sandstorm
|upkeep
|
|t:|1757850630
|switch|p1a: Excadrill|Excadrill, M|100/100
|-item|p1a: Excadrill|Air Balloon
|turn|10
|
|t:|1757850635
|move|p1a: Excadrill|Earthquake|p2a: Ceruledge
|-supereffective|p2a: Ceruledge
|-damage|p2a: Ceruledge|0 fnt
|faint|p2a: Ceruledge
|
|-weather|Sandstorm|[upkeep]
|upkeep
|
|t:|1757850639
|switch|p2a: Gholdengo|Gholdengo|100/100
|-item|p2a: Gholdengo|Air Balloon
|turn|11
|
|t:|1757850643
|switch|p1a: Heatran|Heatran, F|100/100
|-activate|p1a: Heatran|move: Sticky Web
|-unboost|p1a: Heatran|spe|1
|move|p2a: Gholdengo|Shadow Ball|p1a: Heatran
|-damage|p1a: Heatran|75/100
|
|-weather|Sandstorm|[upkeep]
|-heal|p1a: Heatran|81/100|[from] item: Leftovers
|upkeep
|turn|12
|
|t:|1757850653
|switch|p2a: Dragonite|Dragonite, M|100/100
|switch|p1a: Excadrill|Excadrill, M|100/100
|-item|p1a: Excadrill|Air Balloon
|
|-weather|Sandstorm|[upkeep]
|-damage|p2a: Dragonite|94/100|[from] Sandstorm
|upkeep
|turn|13
|
|t:|1757850661
|move|p2a: Dragonite|Extreme Speed|p1a: Excadrill
|-resisted|p1a: Excadrill
|-damage|p1a: Excadrill|78/100
|-enditem|p1a: Excadrill|Air Balloon
|move|p1a: Excadrill|Iron Head|p2a: Dragonite
|-damage|p2a: Dragonite|47/100
|
|-weather|none
|upkeep
|turn|14
|
|t:|1757850670
|switch|p2a: Gholdengo|Gholdengo|100/100
|-item|p2a: Gholdengo|Air Balloon
|-terastallize|p1a: Excadrill|Ghost
|move|p1a: Excadrill|Rapid Spin|p2a: Gholdengo
|-immune|p2a: Gholdengo
|
|upkeep
|turn|15
|
|t:|1757850674
|switch|p1a: Heatran|Heatran, F|81/100
|-activate|p1a: Heatran|move: Sticky Web
|-unboost|p1a: Heatran|spe|1
|move|p2a: Gholdengo|Shadow Ball|p1a: Heatran
|-damage|p1a: Heatran|56/100
|
|-heal|p1a: Heatran|62/100|[from] item: Leftovers
|upkeep
|turn|16
|
|t:|1757850705
|switch|p2a: Iron Moth|Iron Moth|100/100
|-enditem|p2a: Iron Moth|Booster Energy
|-activate|p2a: Iron Moth|ability: Quark Drive|[fromitem]
|-start|p2a: Iron Moth|quarkdrivespe
|move|p1a: Heatran|Magma Storm|p2a: Iron Moth|[miss]
|-miss|p1a: Heatran|p2a: Iron Moth
|
|-heal|p1a: Heatran|68/100|[from] item: Leftovers
|upkeep
|turn|17
|
|t:|1757850711
|move|p2a: Iron Moth|Dazzling Gleam|p1a: Heatran
|-resisted|p1a: Heatran
|-damage|p1a: Heatran|64/100
|move|p1a: Heatran|Earth Power|p2a: Iron Moth
|-supereffective|p2a: Iron Moth
|-damage|p2a: Iron Moth|0 fnt
|faint|p2a: Iron Moth
|-end|p2a: Iron Moth|Quark Drive|[silent]
|
|-heal|p1a: Heatran|71/100|[from] item: Leftovers
|upkeep
|
|t:|1757850715
|switch|p2a: Dragonite|Dragonite, M|47/100
|turn|18
|
|t:|1757850724
|switch|p1a: Excadrill|Excadrill, M, tera:Ghost|78/100
|-activate|p1a: Excadrill|move: Sticky Web
|-unboost|p1a: Excadrill|spe|1
|move|p2a: Dragonite|Roost|p2a: Dragonite
|-heal|p2a: Dragonite|97/100
|-singleturn|p2a: Dragonite|move: Roost
|
|upkeep
|turn|19
|
|t:|1757850732
|move|p2a: Dragonite|Dragon Dance|p2a: Dragonite
|-boost|p2a: Dragonite|atk|1
|-boost|p2a: Dragonite|spe|1
|move|p1a: Excadrill|Iron Head|p2a: Dragonite
|-damage|p2a: Dragonite|50/100
|
|upkeep
|turn|20
|
|t:|1757850749
|move|p2a: Dragonite|Roost|p2a: Dragonite
|-heal|p2a: Dragonite|99/100
|-singleturn|p2a: Dragonite|move: Roost
|move|p1a: Excadrill|Iron Head|p2a: Dragonite
|-damage|p2a: Dragonite|56/100
|
|upkeep
|turn|21
|j| wgw2333
|
|t:|1757850760
|move|p2a: Dragonite|Dragon Dance|p2a: Dragonite
|-boost|p2a: Dragonite|atk|1
|-boost|p2a: Dragonite|spe|1
|move|p1a: Excadrill|Iron Head|p2a: Dragonite
|-damage|p2a: Dragonite|11/100
|
|upkeep
|turn|22
|
|t:|1757850765
|move|p2a: Dragonite|Earthquake|p1a: Excadrill
|-damage|p1a: Excadrill|0 fnt
|faint|p1a: Excadrill
|
|upkeep
|
|t:|1757850769
|switch|p1a: Keldeo|Keldeo-Resolute|100/100
|-activate|p1a: Keldeo|move: Sticky Web
|-unboost|p1a: Keldeo|spe|1
|turn|23
|
|t:|1757850777
|switch|p2a: Gholdengo|Gholdengo|100/100
|-item|p2a: Gholdengo|Air Balloon
|move|p1a: Keldeo|Vacuum Wave|p2a: Gholdengo
|-immune|p2a: Gholdengo
|
|upkeep
|turn|24
|
|t:|1757850784
|switch|p1a: Heatran|Heatran, F|71/100
|-activate|p1a: Heatran|move: Sticky Web
|-unboost|p1a: Heatran|spe|1
|move|p2a: Gholdengo|Shadow Ball|p1a: Heatran
|-damage|p1a: Heatran|42/100
|
|-heal|p1a: Heatran|49/100|[from] item: Leftovers
|upkeep
|turn|25
|
|t:|1757850794
|move|p2a: Gholdengo|Shadow Ball|p1a: Heatran
|-damage|p1a: Heatran|23/100
|move|p1a: Heatran|Magma Storm|p2a: Gholdengo
|-supereffective|p2a: Gholdengo
|-damage|p2a: Gholdengo|3/100
|-activate|p2a: Gholdengo|move: Magma Storm|[of] p1a: Heatran
|-enditem|p2a: Gholdengo|Air Balloon
|
|-heal|p1a: Heatran|29/100|[from] item: Leftovers
|-damage|p2a: Gholdengo|0 fnt|[from] move: Magma Storm|[partiallytrapped]
|faint|p2a: Gholdengo
|upkeep
|-message|sdgkjshdkf forfeited.
|
|win|3idk
|raw|3idk's rating: 1760 &rarr; <strong>1777</strong><br />(+17 for winning)
|raw|sdgkjshdkf's rating: 1701 &rarr; <strong>1684</strong><br />(-17 for losing)
|l|☆sdgkjshdkf
|player|p2|
|l|☆3idk
|player|p1|
|j|☆3idk
|player|p1|3idk|lusamine-masters|
