|j|☆Migstaper
|j|☆SirLsalot
|t:|1757952367
|gametype|singles
|player|p1|Migstaper|ltsurge|1662
|player|p2|SirLsalot|265|1695
|gen|9
|tier|[Gen 9] OU
|rated|
|rule|HP Percentage Mod: HP is shown in percentages
|rule|Endless Battle Clause: Forcing endless battles is banned
|rule|Species Clause: Limit one of each Pokémon
|rule|OHKO Clause: OHKO moves are banned
|rule|Evasion Items Clause: Evasion items are banned
|rule|Evasion Moves Clause: Evasion moves are banned
|rule|Evasion Abilities Clause: Evasion abilities are banned
|rule|Sleep Moves Clause: Sleep-inducing moves are banned
|clearpoke
|poke|p1|Enamorus, F|
|poke|p1|Iron Valiant|
|poke|p1|Dragapult, M|
|poke|p1|Dragonite, M|
|poke|p1|Great Tusk|
|poke|p1|Kingambit, M|
|poke|p2|Ogerpon-Wellspring, F|
|poke|p2|Great Tusk|
|poke|p2|Moltres|
|poke|p2|Dragapult, F|
|poke|p2|Kingambit, M|
|poke|p2|Slowking-Galar, F|
|teampreview
|inactive|Battle timer is ON: inactive players will automatically lose when time's up. (requested by SirLsalot)
|
|t:|1757952386
|teamsize|p1|6
|teamsize|p2|6
|start
|switch|p1a: Habakkuk|Dragonite, M, shiny|100/100
|switch|p2a: Slowking|Slowking-Galar, F|100/100
|turn|1
|
|t:|1757952395
|switch|p2a: Kingambit|Kingambit, M|100/100
|move|p1a: Habakkuk|Dragon Dance|p1a: Habakkuk
|-boost|p1a: Habakkuk|atk|1
|-boost|p1a: Habakkuk|spe|1
|
|upkeep
|turn|2
|
|t:|1757952402
|-end|p2a: Kingambit|fallenundefined|[silent]
|switch|p2a: Moltres|Moltres|100/100
|move|p1a: Habakkuk|Earthquake|p2a: Moltres
|-immune|p2a: Moltres
|
|upkeep
|turn|3
|
|t:|1757952413
|move|p1a: Habakkuk|Outrage|p2a: Moltres
|-damage|p2a: Moltres|18/100
|move|p2a: Moltres|Will-O-Wisp|p1a: Habakkuk
|-status|p1a: Habakkuk|brn
|-enditem|p1a: Habakkuk|Lum Berry|[eat]
|-curestatus|p1a: Habakkuk|brn|[msg]
|
|upkeep
|turn|4
|
|t:|1757952431
|move|p1a: Habakkuk|Outrage|p2a: Moltres|[from] lockedmove
|-damage|p2a: Moltres|0 fnt
|faint|p2a: Moltres
|-start|p1a: Habakkuk|confusion|[fatigue]
|
|upkeep
|
|t:|1757952438
|switch|p2a: Great Tusk|Great Tusk|100/100
|turn|5
|
|t:|1757952442
|switch|p1a: Read the Bible|Enamorus, F, shiny|100/100
|move|p2a: Great Tusk|Knock Off|p1a: Read the Bible
|-resisted|p1a: Read the Bible
|-damage|p1a: Read the Bible|72/100
|-enditem|p1a: Read the Bible|Life Orb|[from] move: Knock Off|[of] p2a: Great Tusk
|
|upkeep
|turn|6
|
|t:|1757952452
|-end|p2a: Great Tusk|Protosynthesis|[silent]
|switch|p2a: Slowking|Slowking-Galar, F|100/100
|move|p1a: Read the Bible|Moonblast|p2a: Slowking
|-resisted|p2a: Slowking
|-damage|p2a: Slowking|88/100
|
|upkeep
|turn|7
|
|t:|1757952468
|switch|p1a: No condemnation|Kingambit, M, shiny|100/100
|move|p2a: Slowking|Ice Beam|p1a: No condemnation
|-resisted|p1a: No condemnation
|-damage|p1a: No condemnation|92/100
|
|upkeep
|turn|8
|
|t:|1757952485
|-end|p1a: No condemnation|fallenundefined|[silent]
|switch|p1a: Paul we know|Dragapult, M, shiny|100/100
|switch|p2a: Great Tusk|Great Tusk|100/100
|
|upkeep
|turn|9
|
|t:|1757952494
|switch|p1a: Read the Bible|Enamorus, F, shiny|72/100
|-end|p2a: Great Tusk|Protosynthesis|[silent]
|switch|p2a: Slowking|Slowking-Galar, F|100/100
|
|upkeep
|turn|10
|
|t:|1757952502
|switch|p1a: No condemnation|Kingambit, M, shiny|92/100
|move|p2a: Slowking|Flamethrower|p1a: No condemnation
|-supereffective|p1a: No condemnation
|-damage|p1a: No condemnation|54/100
|
|upkeep
|turn|11
|
|t:|1757952509
|switch|p2a: Great Tusk|Great Tusk|100/100
|move|p1a: No condemnation|Iron Head|p2a: Great Tusk
|-damage|p2a: Great Tusk|66/100
|-damage|p1a: No condemnation|37/100|[from] item: Rocky Helmet|[of] p2a: Great Tusk
|
|upkeep
|turn|12
|
|t:|1757952526
|move|p2a: Great Tusk|Stealth Rock|p1a: No condemnation
|-sidestart|p1: Migstaper|move: Stealth Rock
|move|p1a: No condemnation|Iron Head|p2a: Great Tusk
|-damage|p2a: Great Tusk|31/100
|-damage|p1a: No condemnation|21/100|[from] item: Rocky Helmet|[of] p2a: Great Tusk
|
|upkeep
|turn|13
|
|t:|1757952534
|move|p2a: Great Tusk|Headlong Rush|p1a: No condemnation
|-supereffective|p1a: No condemnation
|-damage|p1a: No condemnation|0 fnt
|-unboost|p2a: Great Tusk|def|1
|-unboost|p2a: Great Tusk|spd|1
|faint|p1a: No condemnation
|-end|p1a: No condemnation|fallenundefined|[silent]
|
|upkeep
|
|t:|1757952541
|switch|p1a: ROMANS 10:9|Great Tusk, shiny|100/100
|-damage|p1a: ROMANS 10:9|98/100|[from] Stealth Rock
|-enditem|p1a: ROMANS 10:9|Booster Energy
|-activate|p1a: ROMANS 10:9|ability: Protosynthesis|[fromitem]
|-start|p1a: ROMANS 10:9|protosynthesisatk
|turn|14
|
|t:|1757952558
|-end|p2a: Great Tusk|Protosynthesis|[silent]
|switch|p2a: Ogerpon|Ogerpon-Wellspring, F|100/100
|move|p1a: ROMANS 10:9|Ice Spinner|p2a: Ogerpon
|-damage|p2a: Ogerpon|57/100
|
|upkeep
|turn|15
|
|t:|1757952571
|-end|p1a: ROMANS 10:9|Protosynthesis|[silent]
|switch|p1a: Read the Bible|Enamorus, F, shiny|72/100
|-damage|p1a: Read the Bible|47/100|[from] Stealth Rock
|move|p2a: Ogerpon|Ivy Cudgel|p1a: Read the Bible|[anim] Ivy Cudgel Water
|-damage|p1a: Read the Bible|0 fnt
|faint|p1a: Read the Bible
|
|upkeep
|
|t:|1757952588
|switch|p1a: Paul we know|Dragapult, M, shiny|100/100
|-damage|p1a: Paul we know|88/100|[from] Stealth Rock
|turn|16
|
|t:|1757952595
|switch|p2a: Slowking|Slowking-Galar, F|100/100
|move|p1a: Paul we know|Dragon Darts|p2a: Slowking
|-damage|p2a: Slowking|63/100
|-anim|p1a: Paul we know|Dragon Darts|p2a: Slowking
|-damage|p2a: Slowking|25/100
|-damage|p1a: Paul we know|78/100|[from] item: Life Orb
|
|upkeep
|turn|17
|
|t:|1757952604
|switch|p2a: Kingambit|Kingambit, M|100/100
|-activate|p2a: Kingambit|ability: Supreme Overlord
|-start|p2a: Kingambit|fallen1|[silent]
|move|p1a: Paul we know|Dragon Darts|p2a: Kingambit
|-resisted|p2a: Kingambit
|-crit|p2a: Kingambit
|-damage|p2a: Kingambit|81/100
|-anim|p1a: Paul we know|Dragon Darts|p2a: Kingambit
|-resisted|p2a: Kingambit
|-damage|p2a: Kingambit|69/100
|-damage|p1a: Paul we know|69/100|[from] item: Life Orb
|
|-heal|p2a: Kingambit|75/100|[from] item: Leftovers
|upkeep
|turn|18
|
|t:|1757952617
|switch|p1a: ROMANS 10:9|Great Tusk, shiny|98/100
|-damage|p1a: ROMANS 10:9|95/100|[from] Stealth Rock
|move|p2a: Kingambit|Iron Head|p1a: ROMANS 10:9
|-damage|p1a: ROMANS 10:9|60/100
|
|-heal|p2a: Kingambit|81/100|[from] item: Leftovers
|upkeep
|turn|19
|
|t:|1757952632
|-end|p2a: Kingambit|fallen1|[silent]
|switch|p2a: Dragapult|Dragapult, F|100/100
|move|p1a: ROMANS 10:9|Ice Spinner|p2a: Dragapult
|-supereffective|p2a: Dragapult
|-damage|p2a: Dragapult|27/100
|
|upkeep
|turn|20
|
|t:|1757952641
|-end|p1a: ROMANS 10:9|Protosynthesis|[silent]
|switch|p1a: Righteousness|Iron Valiant, shiny|100/100
|-damage|p1a: Righteousness|94/100|[from] Stealth Rock
|-enditem|p1a: Righteousness|Booster Energy
|-activate|p1a: Righteousness|ability: Quark Drive|[fromitem]
|-start|p1a: Righteousness|quarkdrivespe
|move|p2a: Dragapult|Will-O-Wisp|p1a: Righteousness|[miss]
|-miss|p2a: Dragapult|p1a: Righteousness
|
|upkeep
|turn|21
|
|t:|1757952654
|switch|p2a: Slowking|Slowking-Galar, F|59/100
|move|p1a: Righteousness|Shadow Ball|p2a: Slowking
|-supereffective|p2a: Slowking
|-damage|p2a: Slowking|33/100
|
|upkeep
|turn|22
|inactive|Migstaper has 120 seconds left.
|
|t:|1757952684
|-terastallize|p1a: Righteousness|Ghost
|move|p1a: Righteousness|Shadow Ball|p2a: Slowking
|-supereffective|p2a: Slowking
|-damage|p2a: Slowking|0 fnt
|faint|p2a: Slowking
|
|upkeep
|
|t:|1757952687
|switch|p2a: Kingambit|Kingambit, M|81/100
|-activate|p2a: Kingambit|ability: Supreme Overlord
|-start|p2a: Kingambit|fallen2|[silent]
|turn|23
|
|t:|1757952695
|move|p1a: Righteousness|Vacuum Wave|p2a: Kingambit
|-supereffective|p2a: Kingambit
|-damage|p2a: Kingambit|0 fnt
|faint|p2a: Kingambit
|-end|p2a: Kingambit|fallen2|[silent]
|
|upkeep
|
|t:|1757952699
|switch|p2a: Ogerpon|Ogerpon-Wellspring, F|57/100
|turn|24
|
|t:|1757952707
|-terastallize|p2a: Ogerpon|Water
|detailschange|p2a: Ogerpon|Ogerpon-Wellspring-Tera, F, tera:Water
|-ability|p2a: Ogerpon|Embody Aspect (Wellspring)|boost
|-boost|p2a: Ogerpon|spd|1
|move|p1a: Righteousness|Shadow Ball|p2a: Ogerpon
|-damage|p2a: Ogerpon|28/100
|-unboost|p2a: Ogerpon|spd|1
|move|p2a: Ogerpon|Ivy Cudgel|p1a: Righteousness|[anim] Ivy Cudgel Water
|-damage|p1a: Righteousness|0 fnt
|faint|p1a: Righteousness
|-end|p1a: Righteousness|Quark Drive|[silent]
|
|upkeep
|
|t:|1757952721
|switch|p1a: Paul we know|Dragapult, M, shiny|69/100
|-damage|p1a: Paul we know|56/100|[from] Stealth Rock
|turn|25
|
|t:|1757952727
|switch|p2a: Great Tusk|Great Tusk|31/100
|move|p1a: Paul we know|Dragon Darts|p2a: Great Tusk
|-damage|p2a: Great Tusk|6/100
|-anim|p1a: Paul we know|Dragon Darts|p2a: Great Tusk
|-damage|p2a: Great Tusk|0 fnt
|faint|p2a: Great Tusk
|-end|p2a: Great Tusk|Protosynthesis|[silent]
|-damage|p1a: Paul we know|47/100|[from] item: Life Orb
|
|upkeep
|
|t:|1757952729
|switch|p2a: Dragapult|Dragapult, F|27/100
|turn|26
|
|t:|1757952741
|move|p2a: Dragapult|Hex|p1a: Paul we know
|-supereffective|p1a: Paul we know
|-damage|p1a: Paul we know|0 fnt
|faint|p1a: Paul we know
|
|upkeep
|
|t:|1757952747
|switch|p1a: ROMANS 10:9|Great Tusk, shiny|60/100
|-damage|p1a: ROMANS 10:9|57/100|[from] Stealth Rock
|turn|27
|
|t:|1757952752
|move|p2a: Dragapult|Draco Meteor|p1a: ROMANS 10:9
|-damage|p1a: ROMANS 10:9|0 fnt
|-unboost|p2a: Dragapult|spa|2
|faint|p1a: ROMANS 10:9
|-end|p1a: ROMANS 10:9|Protosynthesis|[silent]
|
|upkeep
|
|t:|1757952758
|switch|p1a: Habakkuk|Dragonite, M, shiny|100/100
|-damage|p1a: Habakkuk|76/100|[from] Stealth Rock
|turn|28
|j| Z0MZ
|
|t:|1757952783
|move|p2a: Dragapult|Draco Meteor|p1a: Habakkuk|[miss]
|-miss|p2a: Dragapult|p1a: Habakkuk
|move|p1a: Habakkuk|Earthquake|p2a: Dragapult
|-damage|p2a: Dragapult|0 fnt
|faint|p2a: Dragapult
|
|upkeep
|
|t:|1757952788
|switch|p2a: Ogerpon|Ogerpon-Wellspring-Tera, F, tera:Water|28/100
|-ability|p2a: Ogerpon|Embody Aspect (Wellspring)|boost
|-boost|p2a: Ogerpon|spd|1
|turn|29
|l| Z0MZ
|
|t:|1757952794
|move|p1a: Habakkuk|Extreme Speed|p2a: Ogerpon
|-damage|p2a: Ogerpon|0 fnt
|faint|p2a: Ogerpon
|detailschange|p2: Ogerpon|Ogerpon-Wellspring, F|[silent]
|
|win|Migstaper
|raw|Migstaper's rating: 1662 &rarr; <strong>1684</strong><br />(+22 for winning)
|raw|SirLsalot's rating: 1695 &rarr; <strong>1673</strong><br />(-22 for losing)
|l|☆SirLsalot
|player|p2|
|l|☆Migstaper
|player|p1|
