|j|☆xdudeslimy
|j|☆Corbinight
|t:|1757944683
|gametype|singles
|player|p1|xdudeslimy|ghetsis|1166
|player|p2|Corbinight|ethan|1158
|gen|9
|tier|[Gen 9] OU
|rated|
|rule|HP Percentage Mod: HP is shown in percentages
|rule|Endless Battle Clause: Forcing endless battles is banned
|rule|Species Clause: Limit one of each Pokémon
|rule|OHKO Clause: OHKO moves are banned
|rule|Evasion Items Clause: Evasion items are banned
|rule|Evasion Moves Clause: Evasion moves are banned
|rule|Evasion Abilities Clause: Evasion abilities are banned
|rule|Sleep Moves Clause: Sleep-inducing moves are banned
|clearpoke
|poke|p1|Polteageist-Antique|
|poke|p1|Indeedee, M|
|poke|p1|Hitmonlee, M|
|poke|p1|Ceruledge, F|
|poke|p1|Great Tusk|
|poke|p1|Greninja-*, M|
|poke|p2|Amoonguss, M|
|poke|p2|Incineroar, M|
|poke|p2|Noivern, M|
|poke|p2|Corviknight, F|
|poke|p2|Ursaluna, F|
|poke|p2|Weavile, F|
|teampreview
|inactive|Battle timer is ON: inactive players will automatically lose when time's up. (requested by xdudeslimy)
|inactive|Corbinight has 120 seconds left.
|
|t:|1757944714
|teamsize|p1|6
|teamsize|p2|6
|start
|switch|p1a: I'm on pot|Polteageist-Antique, shiny|100/100
|switch|p2a: Incineroar|Incineroar, M|100/100
|-ability|p2a: Incineroar|Intimidate|boost
|-unboost|p1a: I'm on pot|atk|1
|turn|1
|
|t:|1757944722
|move|p1a: I'm on pot|Shell Smash|p1a: I'm on pot
|-unboost|p1a: I'm on pot|def|1
|-unboost|p1a: I'm on pot|spd|1
|-boost|p1a: I'm on pot|atk|2
|-boost|p1a: I'm on pot|spa|2
|-boost|p1a: I'm on pot|spe|2
|move|p2a: Incineroar|Taunt|p1a: I'm on pot
|-start|p1a: I'm on pot|move: Taunt
|
|upkeep
|turn|2
|
|t:|1757944745
|move|p1a: I'm on pot|Giga Drain|p2a: Incineroar
|-resisted|p2a: Incineroar
|-damage|p2a: Incineroar|68/100
|move|p2a: Incineroar|Parting Shot|p1a: I'm on pot
|-unboost|p1a: I'm on pot|atk|1
|-unboost|p1a: I'm on pot|spa|1
|
|t:|1757944761
|switch|p2a: Weavile|Weavile, F|100/100|[from] Parting Shot
|-ability|p2a: Weavile|Pressure
|
|upkeep
|turn|3
|
|t:|1757944768
|switch|p1a: hourglass|Indeedee, M, shiny|100/100
|-fieldstart|move: Psychic Terrain|[from] ability: Psychic Surge|[of] p1a: hourglass
|move|p2a: Weavile|Knock Off|p1a: hourglass
|-supereffective|p1a: hourglass
|-crit|p1a: hourglass
|-damage|p1a: hourglass|0 fnt
|-enditem|p1a: hourglass|Terrain Extender|[from] move: Knock Off|[of] p2a: Weavile
|faint|p1a: hourglass
|-damage|p2a: Weavile|91/100|[from] item: Life Orb
|
|upkeep
|
|t:|1757944786
|switch|p1a: I'm on pot|Polteageist-Antique, shiny|100/100
|turn|4
|
|t:|1757944804
|move|p2a: Weavile|Knock Off|p1a: I'm on pot
|-supereffective|p1a: I'm on pot
|-enditem|p1a: I'm on pot|Focus Sash
|-damage|p1a: I'm on pot|1/100
|-ability|p1a: I'm on pot|Weak Armor|boost
|-unboost|p1a: I'm on pot|def|1
|-boost|p1a: I'm on pot|spe|2
|-damage|p2a: Weavile|81/100|[from] item: Life Orb
|move|p1a: I'm on pot|Shell Smash|p1a: I'm on pot
|-unboost|p1a: I'm on pot|def|1
|-unboost|p1a: I'm on pot|spd|1
|-boost|p1a: I'm on pot|atk|2
|-boost|p1a: I'm on pot|spa|2
|-boost|p1a: I'm on pot|spe|2
|
|upkeep
|turn|5
|
|t:|1757944818
|move|p1a: I'm on pot|Giga Drain|p2a: Weavile
|-crit|p2a: Weavile
|-damage|p2a: Weavile|0 fnt
|-heal|p1a: I'm on pot|44/100|[from] drain|[of] p2a: Weavile
|faint|p2a: Weavile
|
|upkeep
|
|t:|1757944823
|switch|p2a: Corviknight|Corviknight, F|100/100
|turn|6
|inactive|xdudeslimy has 120 seconds left.
|
|t:|1757944848
|move|p1a: I'm on pot|Dark Pulse|p2a: Corviknight
|-damage|p2a: Corviknight|44/100
|cant|p2a: Corviknight|flinch
|
|-heal|p2a: Corviknight|50/100|[from] item: Leftovers
|upkeep
|turn|7
|inactive|xdudeslimy has 120 seconds left.
|
|t:|1757944856
|move|p1a: I'm on pot|Dark Pulse|p2a: Corviknight
|-damage|p2a: Corviknight|0 fnt
|faint|p2a: Corviknight
|
|upkeep
|
|t:|1757944860
|switch|p2a: Noivern|Noivern, M|100/100
|turn|8
|inactive|xdudeslimy has 120 seconds left.
|
|t:|1757944886
|move|p1a: I'm on pot|Stored Power|p2a: Noivern
|-damage|p2a: Noivern|0 fnt
|faint|p2a: Noivern
|
|upkeep
|-message|Corbinight forfeited.
|
|win|xdudeslimy
|raw|xdudeslimy's rating: 1166 &rarr; <strong>1190</strong><br />(+24 for winning)
|raw|Corbinight's rating: 1158 &rarr; <strong>1134</strong><br />(-24 for losing)
|l|☆Corbinight
|player|p2|
|l|☆xdudeslimy
|player|p1|
