|j|☆chenyu1998
|j|☆Charlie_Kirk_Dead
|t:|1757829967
|gametype|singles
|player|p1|chenyu1998|102|1400
|player|p2|Charlie_Kirk_Dead|hoopster|1340
|gen|9
|tier|[Gen 9] OU
|rated|
|rule|HP Percentage Mod: HP is shown in percentages
|rule|Endless Battle Clause: Forcing endless battles is banned
|rule|Species Clause: Limit one of each Pokémon
|rule|OHKO Clause: OHKO moves are banned
|rule|Evasion Items Clause: Evasion items are banned
|rule|Evasion Moves Clause: Evasion moves are banned
|rule|Evasion Abilities Clause: Evasion abilities are banned
|rule|Sleep Moves Clause: Sleep-inducing moves are banned
|clearpoke
|poke|p1|Ogerpon-Cornerstone, F|
|poke|p1|Hatterene, F|
|poke|p1|Pecharunt|
|poke|p1|Landorus-Therian, M|
|poke|p1|Kingambit, F|
|poke|p1|Latios, M|
|poke|p2|Alomomola, F|
|poke|p2|Ting-Lu|
|poke|p2|Zamazenta-*|
|poke|p2|Hawlucha, F|
|poke|p2|Iron Valiant|
|poke|p2|Darkrai|
|teampreview
|inactive|Battle timer is ON: inactive players will automatically lose when time's up. (requested by Charlie_Kirk_Dead)
|inactive|Charlie_Kirk_Dead has 120 seconds left.
|c|☆Charlie_Kirk_Dead|after we kill all the white nigas, we are coming for you yellow nigas next
|
|t:|1757830017
|teamsize|p1|6
|teamsize|p2|6
|start
|switch|p1a: Landorus|Landorus-Therian, M, shiny|100/100
|switch|p2a: Darkrai|Darkrai|100/100
|-ability|p1a: Landorus|Intimidate|boost
|-unboost|p2a: Darkrai|atk|1
|turn|1
|
|t:|1757830027
|switch|p2a: Hawlucha|Hawlucha, F|100/100
|-ability|p2a: Hawlucha|Mold Breaker
|move|p1a: Landorus|U-turn|p2a: Hawlucha
|-resisted|p2a: Hawlucha
|-damage|p2a: Hawlucha|95/100
|
|t:|1757830039
|switch|p1a: Latios|Latios, M, shiny|100/100|[from] U-turn
|
|-heal|p2a: Hawlucha|100/100|[from] item: Leftovers
|upkeep
|turn|2
|
|t:|1757830049
|switch|p2a: Alomomola|Alomomola, F|100/100
|move|p1a: Latios|Luster Purge|p2a: Alomomola
|-damage|p2a: Alomomola|78/100
|
|upkeep
|turn|3
|
|t:|1757830057
|switch|p1a: Landorus|Landorus-Therian, M, shiny|100/100
|-ability|p1a: Landorus|Intimidate|boost
|-unboost|p2a: Alomomola|atk|1
|move|p2a: Alomomola|Flip Turn|p1a: Landorus
|-supereffective|p1a: Landorus
|-damage|p1a: Landorus|81/100
|-damage|p2a: Alomomola|62/100|[from] item: Rocky Helmet|[of] p1a: Landorus
|
|t:|1757830068
|switch|p2a: Darkrai|Darkrai|100/100|[from] Flip Turn
|
|upkeep
|turn|4
|
|t:|1757830073
|switch|p1a: Hatterene|Hatterene, F, shiny|100/100
|move|p2a: Darkrai|Ice Beam|p1a: Hatterene
|-damage|p1a: Hatterene|73/100
|
|upkeep
|turn|5
|
|t:|1757830085
|switch|p2a: Ting-Lu|Ting-Lu|100/100
|-ability|p2a: Ting-Lu|Vessel of Ruin
|switch|p1a: Ogerpon|Ogerpon-Cornerstone, F|100/100
|
|upkeep
|turn|6
|
|t:|1757830105
|-terastallize|p2a: Ting-Lu|Poison
|move|p1a: Ogerpon|Swords Dance|p1a: Ogerpon
|-boost|p1a: Ogerpon|atk|2
|move|p2a: Ting-Lu|Throat Chop|p1a: Ogerpon
|-damage|p1a: Ogerpon|24/100
|-start|p1a: Ogerpon|Throat Chop|[silent]
|
|upkeep
|turn|7
|
|t:|1757830129
|-terastallize|p1a: Ogerpon|Rock
|detailschange|p1a: Ogerpon|Ogerpon-Cornerstone-Tera, F, tera:Rock
|-ability|p1a: Ogerpon|Embody Aspect (Cornerstone)|boost
|-boost|p1a: Ogerpon|def|1
|move|p1a: Ogerpon|Ivy Cudgel|p2a: Ting-Lu|[anim] Ivy Cudgel Rock
|-damage|p2a: Ting-Lu|20/100
|move|p2a: Ting-Lu|Throat Chop|p1a: Ogerpon
|-crit|p1a: Ogerpon
|-damage|p1a: Ogerpon|0 fnt
|faint|p1a: Ogerpon
|detailschange|p1: Ogerpon|Ogerpon-Cornerstone, F|[silent]
|
|upkeep
|
|t:|1757830139
|switch|p1a: Landorus|Landorus-Therian, M, shiny|81/100
|-ability|p1a: Landorus|Intimidate|boost
|-unboost|p2a: Ting-Lu|atk|1
|turn|8
|
|t:|1757830146
|switch|p2a: Hawlucha|Hawlucha, F|100/100
|-ability|p2a: Hawlucha|Mold Breaker
|move|p1a: Landorus|Stealth Rock|p2a: Hawlucha
|-sidestart|p2: Charlie_Kirk_Dead|move: Stealth Rock
|
|upkeep
|turn|9
|
|t:|1757830160
|move|p2a: Hawlucha|Defog|p1a: Landorus
|-unboost|p1a: Landorus|evasion|1
|-sideend|p2: Charlie_Kirk_Dead|Stealth Rock|[from] move: Defog|[of] p2a: Hawlucha
|move|p1a: Landorus|U-turn|p2a: Hawlucha
|-resisted|p2a: Hawlucha
|-damage|p2a: Hawlucha|95/100
|
|t:|1757830166
|switch|p1a: Latios|Latios, M, shiny|100/100|[from] U-turn
|
|-heal|p2a: Hawlucha|100/100|[from] item: Leftovers
|upkeep
|turn|10
|
|t:|1757830172
|switch|p2a: Alomomola|Alomomola, F|95/100
|move|p1a: Latios|Draco Meteor|p2a: Alomomola
|-damage|p2a: Alomomola|60/100
|-unboost|p1a: Latios|spa|2
|
|upkeep
|turn|11
|
|t:|1757830179
|switch|p1a: Landorus|Landorus-Therian, M, shiny|81/100
|-ability|p1a: Landorus|Intimidate|boost
|-unboost|p2a: Alomomola|atk|1
|move|p2a: Alomomola|Flip Turn|p1a: Landorus
|-supereffective|p1a: Landorus
|-damage|p1a: Landorus|63/100
|-damage|p2a: Alomomola|43/100|[from] item: Rocky Helmet|[of] p1a: Landorus
|
|t:|1757830188
|switch|p2a: Iron Valiant|Iron Valiant|100/100|[from] Flip Turn
|
|upkeep
|turn|12
|
|t:|1757830197
|switch|p1a: Hatterene|Hatterene, F, shiny|73/100
|move|p2a: Iron Valiant|Moonblast|p1a: Hatterene
|-damage|p1a: Hatterene|29/100
|
|upkeep
|turn|13
|
|t:|1757830203
|move|p2a: Iron Valiant|Moonblast|p1a: Hatterene
|-damage|p1a: Hatterene|0 fnt
|faint|p1a: Hatterene
|
|upkeep
|
|t:|1757830208
|switch|p1a: Pecharunt|Pecharunt|100/100
|turn|14
|
|t:|1757830213
|-end|p2a: Iron Valiant|Quark Drive|[silent]
|switch|p2a: Alomomola|Alomomola, F|77/100
|move|p1a: Pecharunt|Malignant Chain|p2a: Alomomola
|-damage|p2a: Alomomola|63/100
|
|upkeep
|turn|15
|
|t:|1757830220
|move|p1a: Pecharunt|Malignant Chain|p2a: Alomomola
|-damage|p2a: Alomomola|49/100
|-status|p2a: Alomomola|tox
|-start|p2a: Alomomola|confusion|[from] ability: Poison Puppeteer|[of] p1a: Pecharunt
|-activate|p2a: Alomomola|confusion
|move|p2a: Alomomola|Flip Turn|p1a: Pecharunt
|-damage|p1a: Pecharunt|93/100
|
|t:|1757830236
|switch|p2a: Darkrai|Darkrai|100/100|[from] Flip Turn
|
|upkeep
|turn|16
|
|t:|1757830243
|switch|p1a: Kingambit|Kingambit, F, shiny|100/100
|-activate|p1a: Kingambit|ability: Supreme Overlord
|-start|p1a: Kingambit|fallen2|[silent]
|move|p2a: Darkrai|Will-O-Wisp|p1a: Kingambit
|-status|p1a: Kingambit|brn
|
|-damage|p1a: Kingambit|94/100 brn|[from] brn
|upkeep
|turn|17
|
|t:|1757830253
|switch|p2a: Hawlucha|Hawlucha, F|100/100
|-ability|p2a: Hawlucha|Mold Breaker
|move|p1a: Kingambit|Swords Dance|p1a: Kingambit
|-boost|p1a: Kingambit|atk|2
|
|-heal|p1a: Kingambit|100/100 brn|[from] item: Leftovers
|-damage|p1a: Kingambit|94/100 brn|[from] brn
|upkeep
|turn|18
|
|t:|1757830262
|-end|p1a: Kingambit|fallen2|[silent]
|switch|p1a: Pecharunt|Pecharunt|93/100
|move|p2a: Hawlucha|Encore||[still]
|-fail|p2a: Hawlucha
|
|upkeep
|turn|19
|
|t:|1757830270
|switch|p2a: Alomomola|Alomomola, F|82/100 tox
|move|p1a: Pecharunt|Parting Shot|p2a: Alomomola
|-unboost|p2a: Alomomola|atk|1
|-unboost|p2a: Alomomola|spa|1
|
|t:|1757830275
|switch|p1a: Latios|Latios, M, shiny|100/100|[from] Parting Shot
|
|-damage|p2a: Alomomola|76/100 tox|[from] psn
|upkeep
|turn|20
|
|t:|1757830286
|move|p1a: Latios|Luster Purge|p2a: Alomomola
|-crit|p2a: Alomomola
|-damage|p2a: Alomomola|41/100 tox
|-unboost|p2a: Alomomola|spd|1
|move|p2a: Alomomola|Flip Turn|p1a: Latios
|-resisted|p1a: Latios
|-damage|p1a: Latios|93/100
|
|t:|1757830295
|switch|p2a: Darkrai|Darkrai|100/100|[from] Flip Turn
|
|upkeep
|turn|21
|
|t:|1757830300
|switch|p1a: Kingambit|Kingambit, F, shiny|94/100 brn
|-activate|p1a: Kingambit|ability: Supreme Overlord
|-start|p1a: Kingambit|fallen2|[silent]
|move|p2a: Darkrai|Dark Pulse|p1a: Kingambit
|-resisted|p1a: Kingambit
|-damage|p1a: Kingambit|55/100 brn
|
|-heal|p1a: Kingambit|61/100 brn|[from] item: Leftovers
|-damage|p1a: Kingambit|55/100 brn|[from] brn
|upkeep
|turn|22
|c|☆Charlie_Kirk_Dead|gg yellow niga
|
|t:|1757830314
|switch|p2a: Hawlucha|Hawlucha, F|100/100
|-ability|p2a: Hawlucha|Mold Breaker
|move|p1a: Kingambit|Low Kick|p2a: Hawlucha
|-resisted|p2a: Hawlucha
|-damage|p2a: Hawlucha|96/100
|
|-heal|p2a: Hawlucha|100/100|[from] item: Leftovers
|-heal|p1a: Kingambit|61/100 brn|[from] item: Leftovers
|-damage|p1a: Kingambit|55/100 brn|[from] brn
|upkeep
|turn|23
|
|t:|1757830327
|-end|p1a: Kingambit|fallen2|[silent]
|switch|p1a: Pecharunt|Pecharunt|93/100
|move|p2a: Hawlucha|U-turn|p1a: Pecharunt
|-resisted|p1a: Pecharunt
|-damage|p1a: Pecharunt|91/100
|
|t:|1757830341
|switch|p2a: Alomomola|Alomomola, F|74/100 tox|[from] U-turn
|
|-damage|p2a: Alomomola|68/100 tox|[from] psn
|upkeep
|turn|24
|
|t:|1757830352
|move|p1a: Pecharunt|Shadow Ball|p2a: Alomomola
|-damage|p2a: Alomomola|56/100 tox
|move|p2a: Alomomola|Flip Turn|p1a: Pecharunt
|-damage|p1a: Pecharunt|82/100
|
|t:|1757830356
|switch|p2a: Darkrai|Darkrai|100/100|[from] Flip Turn
|
|upkeep
|turn|25
|
|t:|1757830361
|switch|p1a: Kingambit|Kingambit, F, shiny|55/100 brn
|-activate|p1a: Kingambit|ability: Supreme Overlord
|-start|p1a: Kingambit|fallen2|[silent]
|move|p2a: Darkrai|Dark Pulse|p1a: Kingambit
|-resisted|p1a: Kingambit
|-damage|p1a: Kingambit|15/100 brn
|
|-heal|p1a: Kingambit|22/100 brn|[from] item: Leftovers
|-damage|p1a: Kingambit|15/100 brn|[from] brn
|upkeep
|turn|26
|
|t:|1757830375
|move|p1a: Kingambit|Sucker Punch|p2a: Darkrai
|-resisted|p2a: Darkrai
|-damage|p2a: Darkrai|86/100
|move|p2a: Darkrai|Dark Pulse|p1a: Kingambit
|-resisted|p1a: Kingambit
|-damage|p1a: Kingambit|0 fnt
|faint|p1a: Kingambit
|-end|p1a: Kingambit|fallen2|[silent]
|
|upkeep
|
|t:|1757830383
|switch|p1a: Latios|Latios, M, shiny|93/100
|turn|27
|
|t:|1757830389
|move|p1a: Latios|Draco Meteor|p2a: Darkrai|[miss]
|-miss|p1a: Latios|p2a: Darkrai
|move|p2a: Darkrai|Dark Pulse|p1a: Latios
|-supereffective|p1a: Latios
|-damage|p1a: Latios|0 fnt
|faint|p1a: Latios
|
|upkeep
|-message|chenyu1998 forfeited.
|
|win|Charlie_Kirk_Dead
|raw|chenyu1998's rating: 1400 &rarr; <strong>1377</strong><br />(-23 for losing)
|raw|Charlie_Kirk_Dead's rating: 1340 &rarr; <strong>1363</strong><br />(+23 for winning)
|l|☆chenyu1998
|player|p1|
