|j|☆KevinHolz
|j|☆sjstandard
|t:|1757924890
|gametype|singles
|player|p1|KevinHolz|alder|1327
|player|p2|sjstandard|steven|1312
|gen|9
|tier|[Gen 9] OU
|rated|
|rule|HP Percentage Mod: HP is shown in percentages
|rule|Endless Battle Clause: Forcing endless battles is banned
|rule|Species Clause: Limit one of each Pokémon
|rule|OHKO Clause: OHKO moves are banned
|rule|Evasion Items Clause: Evasion items are banned
|rule|Evasion Moves Clause: Evasion moves are banned
|rule|Evasion Abilities Clause: Evasion abilities are banned
|rule|Sleep Moves Clause: Sleep-inducing moves are banned
|clearpoke
|poke|p1|Garganacl, M|
|poke|p1|Great Tusk|
|poke|p1|Muk-Alola, M|
|poke|p1|Gholdengo|
|poke|p1|Zamazenta-*|
|poke|p1|Primarina, M|
|poke|p2|Kingambit, M|
|poke|p2|Cinderace, M|
|poke|p2|Glimmora, F|
|poke|p2|Dragapult, M|
|poke|p2|Garganacl, M|
|poke|p2|Meowscarada, M|
|teampreview
|
|t:|1757924902
|teamsize|p1|6
|teamsize|p2|6
|start
|switch|p1a: Behemoth|Great Tusk, shiny|100/100
|switch|p2a: Glimmora|Glimmora, F|100/100
|turn|1
|
|t:|1757924909
|move|p1a: Behemoth|Headlong Rush|p2a: Glimmora
|-supereffective|p2a: Glimmora
|-enditem|p2a: Glimmora|Focus Sash
|-damage|p2a: Glimmora|1/100
|-unboost|p1a: Behemoth|def|1
|-unboost|p1a: Behemoth|spd|1
|-activate|p2a: Glimmora|ability: Toxic Debris
|-sidestart|p1: KevinHolz|move: Toxic Spikes
|move|p2a: Glimmora|Stealth Rock|p1a: Behemoth
|-sidestart|p1: KevinHolz|move: Stealth Rock
|
|upkeep
|turn|2
|
|t:|1757924920
|switch|p2a: Dragapult|Dragapult, M|100/100
|move|p1a: Behemoth|Rapid Spin|p2a: Dragapult
|-immune|p2a: Dragapult
|
|upkeep
|turn|3
|
|t:|1757924927
|-end|p1a: Behemoth|Protosynthesis|[silent]
|switch|p1a: Jabba|Muk-Alola, M, shiny|100/100
|-sideend|p1: KevinHolz|move: Toxic Spikes|[of] p1a: Jabba
|-damage|p1a: Jabba|88/100|[from] Stealth Rock
|move|p2a: Dragapult|Will-O-Wisp|p1a: Jabba
|-status|p1a: Jabba|brn
|
|-heal|p1a: Jabba|94/100 brn|[from] item: Leftovers
|-damage|p1a: Jabba|88/100 brn|[from] brn
|upkeep
|turn|4
|
|t:|1757924940
|switch|p2a: Kingambit|Kingambit, M|100/100
|move|p1a: Jabba|Knock Off|p2a: Kingambit
|-resisted|p2a: Kingambit
|-damage|p2a: Kingambit|92/100
|-enditem|p2a: Kingambit|Lum Berry|[from] move: Knock Off|[of] p1a: Jabba
|
|-heal|p1a: Jabba|94/100 brn|[from] item: Leftovers
|-damage|p1a: Jabba|88/100 brn|[from] brn
|upkeep
|turn|5
|
|t:|1757924962
|switch|p1a: Behemoth|Great Tusk, shiny|100/100
|move|p2a: Kingambit|Sucker Punch||[still]
|-fail|p2a: Kingambit
|
|upkeep
|turn|6
|
|t:|1757925014
|-end|p2a: Kingambit|fallenundefined|[silent]
|switch|p2a: Dragapult|Dragapult, M|100/100
|move|p1a: Behemoth|Rapid Spin|p2a: Dragapult
|-immune|p2a: Dragapult
|
|upkeep
|turn|7
|
|t:|1757925024
|-end|p1a: Behemoth|Protosynthesis|[silent]
|switch|p1a: Jabba|Muk-Alola, M, shiny|88/100 brn
|-damage|p1a: Jabba|76/100 brn|[from] Stealth Rock
|move|p2a: Dragapult|Substitute|p2a: Dragapult
|-start|p2a: Dragapult|Substitute
|-damage|p2a: Dragapult|75/100
|
|-heal|p2a: Dragapult|82/100|[from] item: Leftovers
|-heal|p1a: Jabba|82/100 brn|[from] item: Leftovers
|-damage|p1a: Jabba|76/100 brn|[from] brn
|upkeep
|turn|8
|
|t:|1757925045
|switch|p2a: Garganacl|Garganacl, M|100/100
|move|p1a: Jabba|Knock Off|p2a: Garganacl
|-damage|p2a: Garganacl|85/100
|-enditem|p2a: Garganacl|Leftovers|[from] move: Knock Off|[of] p1a: Jabba
|
|-heal|p1a: Jabba|82/100 brn|[from] item: Leftovers
|-damage|p1a: Jabba|76/100 brn|[from] brn
|upkeep
|turn|9
|
|t:|1757925061
|move|p1a: Jabba|Poison Jab|p2a: Garganacl
|-resisted|p2a: Garganacl
|-damage|p2a: Garganacl|79/100
|move|p2a: Garganacl|Salt Cure|p1a: Jabba
|-damage|p1a: Jabba|61/100 brn
|-start|p1a: Jabba|Salt Cure
|
|-heal|p1a: Jabba|67/100 brn|[from] item: Leftovers
|-damage|p1a: Jabba|61/100 brn|[from] brn
|-damage|p1a: Jabba|49/100 brn|[from] Salt Cure
|upkeep
|turn|10
|
|t:|1757925072
|switch|p1a: Behemoth|Great Tusk, shiny|100/100
|move|p2a: Garganacl|Iron Defense|p2a: Garganacl
|-boost|p2a: Garganacl|def|2
|
|upkeep
|turn|11
|
|t:|1757925086
|-terastallize|p2a: Garganacl|Fighting
|move|p1a: Behemoth|Rapid Spin|p2a: Garganacl
|-damage|p2a: Garganacl|72/100
|-boost|p1a: Behemoth|spe|1
|-sideend|p1: KevinHolz|Stealth Rock|[from] move: Rapid Spin|[of] p1a: Behemoth
|move|p2a: Garganacl|Iron Defense|p2a: Garganacl
|-boost|p2a: Garganacl|def|2
|
|upkeep
|turn|12
|
|t:|1757925098
|-end|p1a: Behemoth|Protosynthesis|[silent]
|switch|p1a: Spirit Rush|Gholdengo, shiny|100/100
|move|p2a: Garganacl|Body Press|p1a: Spirit Rush
|-immune|p1a: Spirit Rush
|
|upkeep
|turn|13
|
|t:|1757925107
|move|p1a: Spirit Rush|Nasty Plot|p1a: Spirit Rush
|-boost|p1a: Spirit Rush|spa|2
|move|p2a: Garganacl|Recover|p2a: Garganacl
|-heal|p2a: Garganacl|100/100
|
|upkeep
|turn|14
|
|t:|1757925117
|move|p1a: Spirit Rush|Shadow Ball|p2a: Garganacl
|-damage|p2a: Garganacl|77/100
|move|p2a: Garganacl|Salt Cure|p1a: Spirit Rush
|-resisted|p1a: Spirit Rush
|-damage|p1a: Spirit Rush|96/100
|
|upkeep
|turn|15
|
|t:|1757925125
|move|p1a: Spirit Rush|Nasty Plot|p1a: Spirit Rush
|-boost|p1a: Spirit Rush|spa|2
|move|p2a: Garganacl|Recover|p2a: Garganacl
|-heal|p2a: Garganacl|100/100
|
|upkeep
|turn|16
|
|t:|1757925147
|switch|p2a: Cinderace|Cinderace, M|100/100
|move|p1a: Spirit Rush|Shadow Ball|p2a: Cinderace
|-damage|p2a: Cinderace|0 fnt
|faint|p2a: Cinderace
|
|upkeep
|
|t:|1757925168
|switch|p2a: Meowscarada|Meowscarada, M|100/100
|turn|17
|
|t:|1757925179
|-terastallize|p1a: Spirit Rush|Water
|move|p2a: Meowscarada|Knock Off|p1a: Spirit Rush
|-damage|p1a: Spirit Rush|66/100
|-enditem|p1a: Spirit Rush|Covert Cloak|[from] move: Knock Off|[of] p2a: Meowscarada
|move|p1a: Spirit Rush|Make It Rain|p2a: Meowscarada
|-damage|p2a: Meowscarada|0 fnt
|-unboost|p1a: Spirit Rush|spa|1
|faint|p2a: Meowscarada
|
|upkeep
|
|t:|1757925203
|switch|p2a: Kingambit|Kingambit, M|92/100
|-activate|p2a: Kingambit|ability: Supreme Overlord
|-start|p2a: Kingambit|fallen2|[silent]
|turn|18
|
|t:|1757925218
|switch|p1a: Behemoth|Great Tusk, shiny|100/100
|move|p2a: Kingambit|Substitute|p2a: Kingambit
|-start|p2a: Kingambit|Substitute
|-damage|p2a: Kingambit|67/100
|
|upkeep
|turn|19
|
|t:|1757925228
|move|p1a: Behemoth|Headlong Rush|p2a: Kingambit
|-supereffective|p2a: Kingambit
|-end|p2a: Kingambit|Substitute
|-unboost|p1a: Behemoth|def|1
|-unboost|p1a: Behemoth|spd|1
|move|p2a: Kingambit|Iron Head|p1a: Behemoth
|-damage|p1a: Behemoth|34/100
|
|upkeep
|turn|20
|
|t:|1757925246
|-end|p2a: Kingambit|fallen2|[silent]
|switch|p2a: Glimmora|Glimmora, F|1/100
|move|p1a: Behemoth|Headlong Rush|p2a: Glimmora
|-supereffective|p2a: Glimmora
|-damage|p2a: Glimmora|0 fnt
|-unboost|p1a: Behemoth|def|1
|-unboost|p1a: Behemoth|spd|1
|-activate|p2a: Glimmora|ability: Toxic Debris
|-sidestart|p1: KevinHolz|move: Toxic Spikes
|faint|p2a: Glimmora
|
|upkeep
|
|t:|1757925260
|switch|p2a: Dragapult|Dragapult, M|82/100
|turn|21
|
|t:|1757925264
|-end|p1a: Behemoth|Protosynthesis|[silent]
|switch|p1a: Jabba|Muk-Alola, M, shiny|49/100 brn
|-sideend|p1: KevinHolz|move: Toxic Spikes|[of] p1a: Jabba
|move|p2a: Dragapult|Hex|p1a: Jabba
|-resisted|p1a: Jabba
|-damage|p1a: Jabba|31/100 brn
|
|-heal|p2a: Dragapult|88/100|[from] item: Leftovers
|-heal|p1a: Jabba|37/100 brn|[from] item: Leftovers
|-damage|p1a: Jabba|31/100 brn|[from] brn
|upkeep
|turn|22
|
|t:|1757925277
|switch|p2a: Kingambit|Kingambit, M|67/100
|-activate|p2a: Kingambit|ability: Supreme Overlord
|-start|p2a: Kingambit|fallen3|[silent]
|move|p1a: Jabba|Knock Off|p2a: Kingambit
|-resisted|p2a: Kingambit
|-damage|p2a: Kingambit|61/100
|
|-heal|p1a: Jabba|37/100 brn|[from] item: Leftovers
|-damage|p1a: Jabba|31/100 brn|[from] brn
|upkeep
|turn|23
|
|t:|1757925362
|switch|p1a: Spirit Rush|Gholdengo, shiny, tera:Water|66/100
|move|p2a: Kingambit|Iron Head|p1a: Spirit Rush
|-resisted|p1a: Spirit Rush
|-crit|p1a: Spirit Rush
|-damage|p1a: Spirit Rush|34/100
|
|upkeep
|turn|24
|
|t:|1757925371
|move|p1a: Spirit Rush|Recover|p1a: Spirit Rush
|-heal|p1a: Spirit Rush|85/100
|move|p2a: Kingambit|Swords Dance|p2a: Kingambit
|-boost|p2a: Kingambit|atk|2
|
|upkeep
|turn|25
|
|t:|1757925381
|move|p1a: Spirit Rush|Nasty Plot|p1a: Spirit Rush
|-boost|p1a: Spirit Rush|spa|2
|move|p2a: Kingambit|Substitute|p2a: Kingambit
|-start|p2a: Kingambit|Substitute
|-damage|p2a: Kingambit|36/100
|
|upkeep
|turn|26
|
|t:|1757925388
|move|p2a: Kingambit|Sucker Punch|p1a: Spirit Rush
|-crit|p1a: Spirit Rush
|-damage|p1a: Spirit Rush|0 fnt
|faint|p1a: Spirit Rush
|
|upkeep
|
|t:|1757925407
|switch|p1a: Trojan|Zamazenta, shiny|100/100
|-ability|p1a: Trojan|Dauntless Shield|boost
|-boost|p1a: Trojan|def|1
|turn|27
|
|t:|1757925423
|move|p1a: Trojan|Ice Fang|p2a: Kingambit
|-resisted|p2a: Kingambit
|-activate|p2a: Kingambit|move: Substitute|[damage]
|move|p2a: Kingambit|Iron Head|p1a: Trojan
|-damage|p1a: Trojan|24/100
|
|upkeep
|turn|28
|
|t:|1757925431
|move|p1a: Trojan|Ice Fang|p2a: Kingambit
|-resisted|p2a: Kingambit
|-activate|p2a: Kingambit|move: Substitute|[damage]
|move|p2a: Kingambit|Swords Dance|p2a: Kingambit
|-boost|p2a: Kingambit|atk|2
|
|upkeep
|turn|29
|
|t:|1757925441
|move|p2a: Kingambit|Sucker Punch|p1a: Trojan
|-resisted|p1a: Trojan
|-damage|p1a: Trojan|0 fnt
|faint|p1a: Trojan
|
|upkeep
|
|t:|1757925445
|switch|p1a: Behemoth|Great Tusk, shiny|34/100
|turn|30
|l|☆KevinHolz
|player|p1|
|inactive|Battle timer is ON: inactive players will automatically lose when time's up. (requested by sjstandard)
|l|☆sjstandard
|inactive|sjstandard disconnected and has a minute to reconnect!
|player|p2|
|inactive|KevinHolz has 30 seconds to reconnect!
|j|☆sjstandard
|inactive|sjstandard reconnected.
|player|p2|sjstandard|steven|
|inactive|KevinHolz has 20 seconds to reconnect!
|inactive|KevinHolz has 15 seconds to reconnect!
|inactive|KevinHolz has 10 seconds to reconnect!
|inactive|KevinHolz has 5 seconds to reconnect!
|-message|KevinHolz lost due to inactivity.
|
|win|sjstandard
|raw|KevinHolz's rating: 1327 &rarr; <strong>1306</strong><br />(-21 for losing)
|raw|sjstandard's rating: 1312 &rarr; <strong>1333</strong><br />(+21 for winning)
|l|☆sjstandard
|player|p2|
