|j|☆redkaa
|j|☆Ashbie the Aspie
|t:|1757851212
|gametype|singles
|player|p1|redkaa|1|1634
|player|p2|Ashbie the Aspie|plasmagruntf-gen5bw|1577
|gen|9
|tier|[Gen 9] OU
|rated|
|rule|HP Percentage Mod: HP is shown in percentages
|rule|Endless Battle Clause: Forcing endless battles is banned
|rule|Species Clause: Limit one of each Pokémon
|rule|OHKO Clause: OHKO moves are banned
|rule|Evasion Items Clause: Evasion items are banned
|rule|Evasion Moves Clause: Evasion moves are banned
|rule|Evasion Abilities Clause: Evasion abilities are banned
|rule|Sleep Moves Clause: Sleep-inducing moves are banned
|clearpoke
|poke|p1|Dragapult, M|
|poke|p1|Pelipper, F|
|poke|p1|Rotom-Wash|
|poke|p1|Great Tusk|
|poke|p1|Slowking-Galar, M|
|poke|p1|Iron Valiant|
|poke|p2|Blissey, F|
|poke|p2|Ogerpon, F|
|poke|p2|Garchomp, F|
|poke|p2|Weezing-Galar, M|
|poke|p2|Zamazenta-*|
|poke|p2|Garganacl, F|
|teampreview
|inactive|Battle timer is ON: inactive players will automatically lose when time's up. (requested by Ashbie the Aspie)
|
|t:|1757851223
|teamsize|p1|6
|teamsize|p2|6
|start
|switch|p1a: Dragapult|Dragapult, M|100/100
|switch|p2a: Speed Tie McGee|Ogerpon, F|100/100
|turn|1
|
|t:|1757851231
|switch|p2a: Garganacl|Garganacl, F|100/100
|move|p1a: Dragapult|U-turn|p2a: Garganacl
|-damage|p2a: Garganacl|84/100
|
|t:|1757851235
|switch|p1a: Pelipper|Pelipper, F|100/100|[from] U-turn
|-weather|RainDance|[from] ability: Drizzle|[of] p1a: Pelipper
|
|-weather|RainDance|[upkeep]
|-heal|p2a: Garganacl|91/100|[from] item: Leftovers
|upkeep
|turn|2
|
|t:|1757851238
|move|p2a: Garganacl|Protect|p2a: Garganacl
|-singleturn|p2a: Garganacl|Protect
|move|p1a: Pelipper|Surf|p2a: Garganacl
|-activate|p2a: Garganacl|move: Protect
|
|-weather|RainDance|[upkeep]
|-heal|p2a: Garganacl|97/100|[from] item: Leftovers
|upkeep
|turn|3
|
|t:|1757851244
|switch|p2a: Blissey|Blissey, F|100/100
|move|p1a: Pelipper|Surf|p2a: Blissey
|-damage|p2a: Blissey|68/100
|
|-weather|RainDance|[upkeep]
|upkeep
|turn|4
|
|t:|1757851253
|switch|p1a: Great Tusk|Great Tusk|100/100
|switch|p2a: Speed Tie McGee|Ogerpon, F|100/100
|
|-weather|RainDance|[upkeep]
|upkeep
|turn|5
|
|t:|1757851264
|move|p2a: Speed Tie McGee|Ivy Cudgel|p1a: Great Tusk
|-supereffective|p1a: Great Tusk
|-damage|p1a: Great Tusk|39/100
|move|p1a: Great Tusk|Stealth Rock|p2a: Speed Tie McGee
|-sidestart|p2: Ashbie the Aspie|move: Stealth Rock
|
|-weather|none
|-heal|p1a: Great Tusk|45/100|[from] item: Leftovers
|upkeep
|turn|6
|
|t:|1757851270
|-end|p1a: Great Tusk|Protosynthesis|[silent]
|switch|p1a: Dragapult|Dragapult, M|100/100
|move|p2a: Speed Tie McGee|Knock Off|p1a: Dragapult
|-supereffective|p1a: Dragapult
|-damage|p1a: Dragapult|6/100
|-enditem|p1a: Dragapult|Choice Band|[from] move: Knock Off|[of] p2a: Speed Tie McGee
|
|upkeep
|turn|7
|
|t:|1757851278
|switch|p2a: Weezing|Weezing-Galar, M|100/100
|-ability|p2a: Weezing|Neutralizing Gas
|move|p1a: Dragapult|U-turn|p2a: Weezing
|-resisted|p2a: Weezing
|-damage|p2a: Weezing|95/100
|
|t:|1757851282
|switch|p1a: Pelipper|Pelipper, F|100/100|[from] U-turn
|
|upkeep
|turn|8
|
|t:|1757851292
|-end|p2a: Weezing|ability: Neutralizing Gas
|-weather|RainDance|[from] ability: Drizzle|[of] p1a: Pelipper
|switch|p2a: Blissey|Blissey, F|68/100
|move|p1a: Pelipper|Surf|p2a: Blissey
|-damage|p2a: Blissey|38/100
|
|-weather|RainDance|[upkeep]
|upkeep
|turn|9
|
|t:|1757851298
|-terastallize|p1a: Pelipper|Water
|move|p1a: Pelipper|Surf|p2a: Blissey
|-damage|p2a: Blissey|0 fnt
|faint|p2a: Blissey
|
|-weather|RainDance|[upkeep]
|upkeep
|
|t:|1757851305
|switch|p2a: Speed Tie McGee|Ogerpon, F|100/100
|turn|10
|j| GavilarKholin
|
|t:|1757851315
|switch|p1a: Slowking|Slowking-Galar, M|100/100
|move|p2a: Speed Tie McGee|Ivy Cudgel|p1a: Slowking
|-resisted|p1a: Slowking
|-damage|p1a: Slowking|74/100
|
|-weather|RainDance|[upkeep]
|upkeep
|turn|11
|
|t:|1757851321
|move|p2a: Speed Tie McGee|U-turn|p1a: Slowking
|-damage|p1a: Slowking|52/100
|
|t:|1757851326
|switch|p2a: Garchomp|Garchomp, F|100/100|[from] U-turn
|-prepare|p1a: Slowking|Chilly Reception|[premajor]
|move|p1a: Slowking|Chilly Reception|p1a: Slowking
|-weather|Snowscape
|j| arandomenglishname
|
|t:|1757851336
|switch|p1a: Dragapult|Dragapult, M|6/100|[from] Chilly Reception
|
|-weather|Snowscape|[upkeep]
|upkeep
|turn|12
|l| arandomenglishname
|
|t:|1757851342
|switch|p2a: Weezing|Weezing-Galar, M|95/100
|-ability|p2a: Weezing|Neutralizing Gas
|move|p1a: Dragapult|Dragon Darts|p2a: Weezing
|-immune|p2a: Weezing
|
|-weather|Snowscape|[upkeep]
|upkeep
|turn|13
|
|t:|1757851346
|switch|p1a: Pelipper|Pelipper, F, tera:Water|100/100
|-end|p2a: Weezing|ability: Neutralizing Gas
|-weather|RainDance|[from] ability: Drizzle|[of] p1a: Pelipper
|switch|p2a: Garchomp|Garchomp, F|100/100
|
|-weather|RainDance|[upkeep]
|upkeep
|turn|14
|
|t:|1757851353
|move|p2a: Garchomp|Earthquake|p1a: Pelipper
|-damage|p1a: Pelipper|35/100
|move|p1a: Pelipper|Surf|p2a: Garchomp
|-damage|p2a: Garchomp|0 fnt
|faint|p2a: Garchomp
|
|-weather|RainDance|[upkeep]
|upkeep
|
|t:|1757851359
|switch|p2a: Speed Tie McGee|Ogerpon, F|100/100
|turn|15
|
|t:|1757851369
|switch|p1a: Great Tusk|Great Tusk|45/100
|move|p2a: Speed Tie McGee|Knock Off|p1a: Great Tusk
|-resisted|p1a: Great Tusk
|-damage|p1a: Great Tusk|36/100
|-enditem|p1a: Great Tusk|Leftovers|[from] move: Knock Off|[of] p2a: Speed Tie McGee
|
|-weather|RainDance|[upkeep]
|upkeep
|turn|16
|
|t:|1757851379
|move|p2a: Speed Tie McGee|U-turn|p1a: Great Tusk
|-resisted|p1a: Great Tusk
|-damage|p1a: Great Tusk|28/100
|
|t:|1757851383
|switch|p2a: Zamazenta|Zamazenta|100/100|[from] U-turn
|-damage|p2a: Zamazenta|95/100|[from] Stealth Rock
|-ability|p2a: Zamazenta|Dauntless Shield|boost
|-boost|p2a: Zamazenta|def|1
|move|p1a: Great Tusk|Ice Spinner|p2a: Zamazenta
|-damage|p2a: Zamazenta|84/100
|
|-weather|RainDance|[upkeep]
|-heal|p2a: Zamazenta|90/100|[from] item: Leftovers
|upkeep
|turn|17
|
|t:|1757851390
|-end|p1a: Great Tusk|Protosynthesis|[silent]
|switch|p1a: Iron Valiant|Iron Valiant|100/100
|-enditem|p1a: Iron Valiant|Booster Energy
|-activate|p1a: Iron Valiant|ability: Quark Drive|[fromitem]
|-start|p1a: Iron Valiant|quarkdrivespe
|move|p2a: Zamazenta|Substitute|p2a: Zamazenta
|-start|p2a: Zamazenta|Substitute
|-damage|p2a: Zamazenta|65/100
|
|-weather|none
|-heal|p2a: Zamazenta|71/100|[from] item: Leftovers
|upkeep
|turn|18
|
|t:|1757851396
|move|p1a: Iron Valiant|Encore|p2a: Zamazenta
|-start|p2a: Zamazenta|Encore
|move|p2a: Zamazenta|Substitute|p2a: Zamazenta
|-fail|p2a: Zamazenta|move: Substitute
|
|-heal|p2a: Zamazenta|77/100|[from] item: Leftovers
|upkeep
|turn|19
|
|t:|1757851399
|switch|p2a: Weezing|Weezing-Galar, M|95/100
|-ability|p2a: Weezing|Neutralizing Gas
|move|p1a: Iron Valiant|Calm Mind|p1a: Iron Valiant
|-boost|p1a: Iron Valiant|spa|1
|-boost|p1a: Iron Valiant|spd|1
|
|upkeep
|turn|20
|
|t:|1757851406
|-end|p1a: Iron Valiant|Quark Drive|[silent]
|switch|p1a: Slowking|Slowking-Galar, M|85/100
|move|p2a: Weezing|Strange Steam|p1a: Slowking
|-resisted|p1a: Slowking
|-damage|p1a: Slowking|78/100
|
|upkeep
|turn|21
|
|t:|1757851412
|move|p2a: Weezing|Toxic Spikes|p1a: Slowking
|-sidestart|p1: redkaa|move: Toxic Spikes
|-prepare|p1a: Slowking|Chilly Reception|[premajor]
|move|p1a: Slowking|Chilly Reception|p1a: Slowking
|-weather|Snowscape
|
|t:|1757851417
|switch|p1a: Pelipper|Pelipper, F, tera:Water|35/100|[from] Chilly Reception
|-status|p1a: Pelipper|psn
|
|-weather|Snowscape|[upkeep]
|-damage|p1a: Pelipper|22/100 psn|[from] psn
|upkeep
|turn|22
|
|t:|1757851427
|-end|p2a: Weezing|ability: Neutralizing Gas
|-weather|RainDance|[from] ability: Drizzle|[of] p1a: Pelipper
|switch|p2a: Speed Tie McGee|Ogerpon, F|100/100
|move|p1a: Pelipper|Surf|p2a: Speed Tie McGee
|-resisted|p2a: Speed Tie McGee
|-damage|p2a: Speed Tie McGee|22/100
|
|-weather|RainDance|[upkeep]
|-damage|p1a: Pelipper|10/100 psn|[from] psn
|upkeep
|turn|23
|
|t:|1757851439
|switch|p1a: Slowking|Slowking-Galar, M|78/100
|-sideend|p1: redkaa|move: Toxic Spikes|[of] p1a: Slowking
|move|p2a: Speed Tie McGee|Knock Off|p1a: Slowking
|-supereffective|p1a: Slowking
|-damage|p1a: Slowking|18/100
|-enditem|p1a: Slowking|Heavy-Duty Boots|[from] move: Knock Off|[of] p2a: Speed Tie McGee
|
|-weather|RainDance|[upkeep]
|upkeep
|turn|24
|
|t:|1757851444
|switch|p1a: Great Tusk|Great Tusk|28/100
|move|p2a: Speed Tie McGee|Knock Off|p1a: Great Tusk
|-resisted|p1a: Great Tusk
|-damage|p1a: Great Tusk|21/100
|
|-weather|RainDance|[upkeep]
|upkeep
|turn|25
|
|t:|1757851449
|move|p2a: Speed Tie McGee|Ivy Cudgel|p1a: Great Tusk
|-supereffective|p1a: Great Tusk
|-damage|p1a: Great Tusk|0 fnt
|faint|p1a: Great Tusk
|-end|p1a: Great Tusk|Protosynthesis|[silent]
|
|-weather|RainDance|[upkeep]
|upkeep
|
|t:|1757851454
|switch|p1a: Dragapult|Dragapult, M|6/100
|turn|26
|j| Nikator98
|l| Nikator98
|
|t:|1757851459
|switch|p2a: Weezing|Weezing-Galar, M|95/100
|-ability|p2a: Weezing|Neutralizing Gas
|move|p1a: Dragapult|U-turn|p2a: Weezing
|-resisted|p2a: Weezing
|-damage|p2a: Weezing|90/100
|
|t:|1757851467
|switch|p1a: Rotom|Rotom-Wash|100/100|[from] U-turn
|
|-weather|none
|upkeep
|turn|27
|
|t:|1757851473
|move|p1a: Rotom|Will-O-Wisp|p2a: Weezing
|-status|p2a: Weezing|brn
|move|p2a: Weezing|Toxic Spikes|p1a: Rotom
|-sidestart|p1: redkaa|move: Toxic Spikes
|
|-damage|p2a: Weezing|84/100 brn|[from] brn
|upkeep
|turn|28
|
|t:|1757851479
|-end|p2a: Weezing|ability: Neutralizing Gas
|switch|p2a: Garganacl|Garganacl, F|97/100
|-damage|p2a: Garganacl|84/100|[from] Stealth Rock
|move|p1a: Rotom|Hydro Pump|p2a: Garganacl
|-supereffective|p2a: Garganacl
|-damage|p2a: Garganacl|13/100
|
|-heal|p2a: Garganacl|19/100|[from] item: Leftovers
|upkeep
|turn|29
|
|t:|1757851487
|move|p2a: Garganacl|Protect|p2a: Garganacl
|-singleturn|p2a: Garganacl|Protect
|move|p1a: Rotom|Hydro Pump|p2a: Garganacl
|-activate|p2a: Garganacl|move: Protect
|
|-heal|p2a: Garganacl|25/100|[from] item: Leftovers
|upkeep
|turn|30
|
|t:|1757851490
|move|p1a: Rotom|Hydro Pump|p2a: Garganacl
|-supereffective|p2a: Garganacl
|-damage|p2a: Garganacl|0 fnt
|faint|p2a: Garganacl
|
|upkeep
|
|t:|1757851492
|switch|p2a: Speed Tie McGee|Ogerpon, F|22/100
|turn|31
|
|t:|1757851503
|switch|p1a: Slowking|Slowking-Galar, M|51/100
|-sideend|p1: redkaa|move: Toxic Spikes|[of] p1a: Slowking
|-terastallize|p2a: Speed Tie McGee|Grass
|detailschange|p2a: Speed Tie McGee|Ogerpon-Teal-Tera, F, tera:Grass
|-ability|p2a: Speed Tie McGee|Embody Aspect (Teal)|boost
|-boost|p2a: Speed Tie McGee|spe|1
|move|p2a: Speed Tie McGee|Ivy Cudgel|p1a: Slowking
|-resisted|p1a: Slowking
|-damage|p1a: Slowking|14/100
|
|upkeep
|turn|32
|
|t:|1757851515
|switch|p1a: Pelipper|Pelipper, F, tera:Water|10/100 psn
|-weather|RainDance|[from] ability: Drizzle|[of] p1a: Pelipper
|move|p2a: Speed Tie McGee|Knock Off|p1a: Pelipper
|-crit|p1a: Pelipper
|-damage|p1a: Pelipper|0 fnt
|-enditem|p1a: Pelipper|Choice Specs|[from] move: Knock Off|[of] p2a: Speed Tie McGee
|faint|p1a: Pelipper
|
|-weather|RainDance|[upkeep]
|upkeep
|
|t:|1757851519
|switch|p1a: Dragapult|Dragapult, M|6/100
|turn|33
|
|t:|1757851521
|move|p1a: Dragapult|Sucker Punch|p2a: Speed Tie McGee
|-damage|p2a: Speed Tie McGee|0 fnt
|faint|p2a: Speed Tie McGee
|detailschange|p2: Speed Tie McGee|Ogerpon, F|[silent]
|
|-weather|RainDance|[upkeep]
|upkeep
|
|t:|1757851524
|switch|p2a: Zamazenta|Zamazenta|77/100
|-damage|p2a: Zamazenta|71/100|[from] Stealth Rock
|turn|34
|
|t:|1757851533
|move|p1a: Dragapult|Dragon Darts|p2a: Zamazenta
|-damage|p2a: Zamazenta|54/100
|-anim|p1a: Dragapult|Dragon Darts|p2a: Zamazenta
|-damage|p2a: Zamazenta|35/100
|move|p2a: Zamazenta|Iron Defense|p2a: Zamazenta
|-boost|p2a: Zamazenta|def|2
|
|-weather|RainDance|[upkeep]
|-heal|p2a: Zamazenta|41/100|[from] item: Leftovers
|upkeep
|turn|35
|
|t:|1757851541
|move|p1a: Dragapult|Dragon Darts|p2a: Zamazenta
|-damage|p2a: Zamazenta|32/100
|-anim|p1a: Dragapult|Dragon Darts|p2a: Zamazenta
|-damage|p2a: Zamazenta|24/100
|move|p2a: Zamazenta|Iron Head|p1a: Dragapult
|-crit|p1a: Dragapult
|-damage|p1a: Dragapult|0 fnt
|faint|p1a: Dragapult
|
|-weather|RainDance|[upkeep]
|-heal|p2a: Zamazenta|30/100|[from] item: Leftovers
|upkeep
|
|t:|1757851545
|switch|p1a: Iron Valiant|Iron Valiant|100/100
|turn|36
|
|t:|1757851551
|-end|p1a: Iron Valiant|Quark Drive|[silent]
|switch|p1a: Rotom|Rotom-Wash|100/100
|move|p2a: Zamazenta|Iron Head|p1a: Rotom
|-resisted|p1a: Rotom
|-damage|p1a: Rotom|96/100
|
|-weather|none
|-heal|p2a: Zamazenta|36/100|[from] item: Leftovers
|-heal|p1a: Rotom|100/100|[from] item: Leftovers
|upkeep
|turn|37
|
|t:|1757851555
|move|p2a: Zamazenta|Body Press|p1a: Rotom
|-damage|p1a: Rotom|46/100
|move|p1a: Rotom|Will-O-Wisp|p2a: Zamazenta
|-status|p2a: Zamazenta|brn
|
|-heal|p2a: Zamazenta|42/100 brn|[from] item: Leftovers
|-heal|p1a: Rotom|52/100|[from] item: Leftovers
|-damage|p2a: Zamazenta|36/100 brn|[from] brn
|upkeep
|turn|38
|
|t:|1757851561
|move|p2a: Zamazenta|Iron Defense|p2a: Zamazenta
|-boost|p2a: Zamazenta|def|2
|move|p1a: Rotom|Hydro Pump|p2a: Zamazenta
|-damage|p2a: Zamazenta|2/100 brn
|
|-heal|p2a: Zamazenta|8/100 brn|[from] item: Leftovers
|-heal|p1a: Rotom|59/100|[from] item: Leftovers
|-damage|p2a: Zamazenta|2/100 brn|[from] brn
|upkeep
|turn|39
|
|t:|1757851566
|move|p2a: Zamazenta|Body Press|p1a: Rotom
|-damage|p1a: Rotom|12/100
|move|p1a: Rotom|Volt Switch|p2a: Zamazenta
|-damage|p2a: Zamazenta|0 fnt
|faint|p2a: Zamazenta
|
|t:|1757851569
|switch|p1a: Slowking|Slowking-Galar, M|48/100|[from] Volt Switch
|
|upkeep
|-message|Ashbie the Aspie forfeited.
|
|win|redkaa
|raw|redkaa's rating: 1634 &rarr; <strong>1651</strong><br />(+17 for winning)
|raw|Ashbie the Aspie's rating: 1577 &rarr; <strong>1560</strong><br />(-17 for losing)
|l|☆Ashbie the Aspie
|player|p2|
|l|☆redkaa
|player|p1|
|l| GavilarKholin
