|j|☆spamtongspamtondr
|j|☆delaynomorehiih666
|t:|1757860871
|gametype|singles
|player|p1|spamtongspamtondr|emmet|1142
|player|p2|delaynomorehiih666|gentleman-gen4|1113
|gen|9
|tier|[Gen 9] OU
|rated|
|rule|HP Percentage Mod: HP is shown in percentages
|rule|Endless Battle Clause: Forcing endless battles is banned
|rule|Species Clause: Limit one of each Pokémon
|rule|OHKO Clause: OHKO moves are banned
|rule|Evasion Items Clause: Evasion items are banned
|rule|Evasion Moves Clause: Evasion moves are banned
|rule|Evasion Abilities Clause: Evasion abilities are banned
|rule|Sleep Moves Clause: Sleep-inducing moves are banned
|clearpoke
|poke|p1|Pawniard, M|
|poke|p1|Frosmoth, F|
|poke|p1|Pawmot, F|
|poke|p1|Tatsugiri, F|
|poke|p1|Typhlosion-Hisui, F|
|poke|p1|Zoroark, M|
|poke|p2|Snorlax, M|
|poke|p2|Talonflame, M|
|poke|p2|Ninetales-Alola, F|
|poke|p2|Spiritomb, M|
|poke|p2|Gastrodon, F|
|poke|p2|Scyther, M|
|teampreview
|inactive|Battle timer is ON: inactive players will automatically lose when time's up. (requested by spamtongspamtondr)
|c|☆spamtongspamtondr|NOWS YOURE CHANCE TO BE A [big shot]!
|
|t:|1757860901
|teamsize|p1|6
|teamsize|p2|6
|start
|switch|p1a: Typhlosion|Typhlosion-Hisui, F|100/100
|switch|p2a: Ninetales|Ninetales-Alola, F|100/100
|-weather|Snowscape|[from] ability: Snow Warning|[of] p2a: Ninetales
|turn|1
|inactive|delaynomorehiih666 has 120 seconds left.
|
|t:|1757860938
|move|p1a: Typhlosion|Eruption|p2a: Ninetales
|-supereffective|p2a: Ninetales
|-damage|p2a: Ninetales|0 fnt
|faint|p2a: Ninetales
|
|-weather|Snowscape|[upkeep]
|upkeep
|
|t:|1757860944
|switch|p2a: Spiritomb|Spiritomb, M|100/100
|turn|2
|
|t:|1757860947
|move|p2a: Spiritomb|Sucker Punch|p1a: Typhlosion
|-supereffective|p1a: Typhlosion
|-damage|p1a: Typhlosion|6/100
|move|p1a: Typhlosion|Eruption|p2a: Spiritomb
|-damage|p2a: Spiritomb|92/100
|
|-weather|Snowscape|[upkeep]
|-heal|p2a: Spiritomb|98/100|[from] item: Leftovers
|upkeep
|turn|3
|
|t:|1757860959
|move|p2a: Spiritomb|Shadow Sneak|p1a: Typhlosion
|-supereffective|p1a: Typhlosion
|-damage|p1a: Typhlosion|0 fnt
|faint|p1a: Typhlosion
|
|-weather|Snowscape|[upkeep]
|-heal|p2a: Spiritomb|100/100|[from] item: Leftovers
|upkeep
|
|t:|1757860962
|switch|p1a: Pawniard|Pawniard, M|100/100
|turn|4
|
|t:|1757860966
|move|p1a: Pawniard|Swords Dance|p1a: Pawniard
|-boost|p1a: Pawniard|atk|2
|move|p2a: Spiritomb|Will-O-Wisp|p1a: Pawniard
|-status|p1a: Pawniard|brn
|
|-weather|Snowscape|[upkeep]
|-damage|p1a: Pawniard|94/100 brn|[from] brn
|upkeep
|turn|5
|
|t:|1757860975
|switch|p2a: Scyther|Scyther, M|100/100
|move|p1a: Pawniard|Stealth Rock|p2a: Scyther
|-sidestart|p2: delaynomorehiih666|move: Stealth Rock
|
|-weather|none
|-damage|p1a: Pawniard|88/100 brn|[from] brn
|upkeep
|turn|6
|
|t:|1757860982
|move|p2a: Scyther|Swords Dance|p2a: Scyther
|-boost|p2a: Scyther|atk|2
|move|p1a: Pawniard|Swords Dance|p1a: Pawniard
|-boost|p1a: Pawniard|atk|2
|
|-damage|p1a: Pawniard|82/100 brn|[from] brn
|upkeep
|turn|7
|
|t:|1757860990
|move|p1a: Pawniard|Sucker Punch|p2a: Scyther
|-damage|p2a: Scyther|54/100
|move|p2a: Scyther|Dual Wingbeat|p1a: Pawniard
|-resisted|p1a: Pawniard
|-damage|p1a: Pawniard|48/100 brn
|-resisted|p1a: Pawniard
|-damage|p1a: Pawniard|18/100 brn
|-hitcount|p1a: Pawniard|2
|
|-damage|p1a: Pawniard|12/100 brn|[from] brn
|upkeep
|turn|8
|
|t:|1757861000
|move|p1a: Pawniard|Sucker Punch||[still]
|-fail|p1a: Pawniard
|move|p2a: Scyther|Swords Dance|p2a: Scyther
|-boost|p2a: Scyther|atk|2
|
|-damage|p1a: Pawniard|6/100 brn|[from] brn
|upkeep
|turn|9
|
|t:|1757861009
|move|p1a: Pawniard|Sucker Punch|p2a: Scyther
|-damage|p2a: Scyther|9/100
|move|p2a: Scyther|Trailblaze|p1a: Pawniard
|-resisted|p1a: Pawniard
|-damage|p1a: Pawniard|0 fnt
|-boost|p2a: Scyther|spe|1
|faint|p1a: Pawniard
|
|upkeep
|
|t:|1757861020
|switch|p1a: Tatsugiri|Tatsugiri, F|100/100
|turn|10
|
|t:|1757861023
|move|p2a: Scyther|Trailblaze|p1a: Tatsugiri
|-damage|p1a: Tatsugiri|0 fnt
|-boost|p2a: Scyther|spe|1
|replace|p1a: Zoroark|Zoroark, M
|-end|p1a: Zoroark|Illusion
|faint|p1a: Zoroark
|
|upkeep
|-message|spamtongspamtondr forfeited.
|
|win|delaynomorehiih666
|raw|spamtongspamtondr's rating: 1142 &rarr; <strong>1115</strong><br />(-27 for losing)
|raw|delaynomorehiih666's rating: 1113 &rarr; <strong>1140</strong><br />(+27 for winning)
|l|☆spamtongspamtondr
|player|p1|
|l|☆delaynomorehiih666
|player|p2|
