|j|☆Maxlevelcaterpie
|j|☆Xan_Oops
|t:|1757883532
|gametype|singles
|player|p1|Maxlevelcaterpie|170|
|player|p2|Xan_Oops|medium|
|gen|9
|tier|[Gen 9] OU
|rule|HP Percentage Mod: HP is shown in percentages
|rule|Endless Battle Clause: Forcing endless battles is banned
|rule|Species Clause: Limit one of each Pokémon
|rule|OHKO Clause: OHKO moves are banned
|rule|Evasion Items Clause: Evasion items are banned
|rule|Evasion Moves Clause: Evasion moves are banned
|rule|Evasion Abilities Clause: Evasion abilities are banned
|rule|Sleep Moves Clause: Sleep-inducing moves are banned
|clearpoke
|poke|p1|Lokix, F|
|poke|p1|Azumarill, F|
|poke|p1|Zapdos|
|poke|p1|Scizor, M|
|poke|p1|Moltres|
|poke|p1|Kleavor, F|
|poke|p2|Skarmory, F|
|poke|p2|Iron Treads|
|poke|p2|Cobalion|
|poke|p2|Gholdengo|
|poke|p2|Pecharunt|
|poke|p2|Deoxys-Speed|
|teampreview
|j| butts99999
|j| ggbridges
|
|t:|1757883603
|teamsize|p1|6
|teamsize|p2|6
|start
|switch|p1a: shocks|Zapdos|100/100
|switch|p2a: Cobalion|Cobalion|100/100
|turn|1
|inactive|Battle timer is ON: inactive players will automatically lose when time's up. (requested by Maxlevelcaterpie)
|
|t:|1757883614
|switch|p2a: Iron Treads|Iron Treads|100/100
|-enditem|p2a: Iron Treads|Booster Energy
|-activate|p2a: Iron Treads|ability: Quark Drive|[fromitem]
|-start|p2a: Iron Treads|quarkdrivespe
|move|p1a: shocks|Heat Wave|p2a: Iron Treads
|-supereffective|p2a: Iron Treads
|-damage|p2a: Iron Treads|0 fnt
|faint|p2a: Iron Treads
|-end|p2a: Iron Treads|Quark Drive|[silent]
|
|upkeep
|
|t:|1757883639
|switch|p2a: Pecharunt|Pecharunt|100/100
|turn|2
|
|t:|1757883663
|move|p1a: shocks|Thunderbolt|p2a: Pecharunt
|-damage|p2a: Pecharunt|55/100
|move|p2a: Pecharunt|Malignant Chain|p1a: shocks
|-damage|p1a: shocks|67/100
|
|upkeep
|turn|3
|
|t:|1757883670
|move|p1a: shocks|Thunderbolt|p2a: Pecharunt
|-damage|p2a: Pecharunt|7/100
|move|p2a: Pecharunt|Recover|p2a: Pecharunt
|-heal|p2a: Pecharunt|57/100
|
|upkeep
|turn|4
|
|t:|1757883680
|move|p1a: shocks|Thunderbolt|p2a: Pecharunt
|-damage|p2a: Pecharunt|13/100
|move|p2a: Pecharunt|Recover|p2a: Pecharunt
|-heal|p2a: Pecharunt|63/100
|
|upkeep
|turn|5
|
|t:|1757883704
|move|p1a: shocks|Thunderbolt|p2a: Pecharunt
|-damage|p2a: Pecharunt|15/100
|move|p2a: Pecharunt|Malignant Chain|p1a: shocks
|-damage|p1a: shocks|32/100
|-status|p1a: shocks|tox
|-start|p1a: shocks|confusion|[from] ability: Poison Puppeteer|[of] p2a: Pecharunt
|
|-damage|p1a: shocks|26/100 tox|[from] psn
|upkeep
|turn|6
|
|t:|1757883713
|-activate|p1a: shocks|confusion
|move|p1a: shocks|Thunderbolt|p2a: Pecharunt
|-damage|p2a: Pecharunt|0 fnt
|faint|p2a: Pecharunt
|
|-damage|p1a: shocks|13/100 tox|[from] psn
|upkeep
|
|t:|1757883721
|switch|p2a: Deoxys|Deoxys-Speed|100/100
|-ability|p2a: Deoxys|Pressure
|turn|7
|
|t:|1757883726
|move|p2a: Deoxys|Knock Off|p1a: shocks
|-damage|p1a: shocks|0 fnt
|-enditem|p1a: shocks|Expert Belt|[from] move: Knock Off|[of] p2a: Deoxys
|faint|p1a: shocks
|
|upkeep
|
|t:|1757883738
|switch|p1a: glaive|Kleavor, F|100/100
|turn|8
|
|t:|1757883761
|switch|p2a: Skarmory|Skarmory, F|100/100
|move|p1a: glaive|Stone Axe|p2a: Skarmory
|-damage|p2a: Skarmory|64/100
|-damage|p1a: glaive|84/100|[from] item: Rocky Helmet|[of] p2a: Skarmory
|-sidestart|p2: Xan_Oops|move: Stealth Rock
|
|upkeep
|turn|9
|
|t:|1757883771
|move|p1a: glaive|Swords Dance|p1a: glaive
|-boost|p1a: glaive|atk|2
|move|p2a: Skarmory|Spikes|p1a: glaive
|-sidestart|p1: Maxlevelcaterpie|Spikes
|
|upkeep
|turn|10
|inactive|Xan_Oops has 270 seconds left.
|inactive|Maxlevelcaterpie has 270 seconds left.
|
|t:|1757883812
|move|p1a: glaive|Stone Axe|p2a: Skarmory
|-damage|p2a: Skarmory|0 fnt
|-damage|p1a: glaive|68/100|[from] item: Rocky Helmet|[of] p2a: Skarmory
|faint|p2a: Skarmory
|
|upkeep
|
|t:|1757883819
|switch|p2a: Gholdengo|Gholdengo|100/100
|-damage|p2a: Gholdengo|94/100|[from] Stealth Rock
|-item|p2a: Gholdengo|Air Balloon
|turn|11
|inactive|Maxlevelcaterpie has 270 seconds left.
|
|t:|1757883853
|move|p1a: glaive|Stone Axe|p2a: Gholdengo
|-resisted|p2a: Gholdengo
|-damage|p2a: Gholdengo|37/100
|-enditem|p2a: Gholdengo|Air Balloon
|move|p2a: Gholdengo|Make It Rain|p1a: glaive
|-supereffective|p1a: glaive
|-damage|p1a: glaive|0 fnt
|-unboost|p2a: Gholdengo|spa|1
|faint|p1a: glaive
|
|upkeep
|
|t:|1757883869
|switch|p1a: wabbit|Azumarill, F|100/100
|-damage|p1a: wabbit|88/100|[from] Spikes
|turn|12
|inactive|Xan_Oops has 270 seconds left.
|
|t:|1757883894
|move|p2a: Gholdengo|Shadow Ball|p1a: wabbit
|-damage|p1a: wabbit|52/100
|-unboost|p1a: wabbit|spd|1
|move|p1a: wabbit|Belly Drum|p1a: wabbit
|-damage|p1a: wabbit|2/100
|-setboost|p1a: wabbit|atk|6|[from] move: Belly Drum
|-enditem|p1a: wabbit|Sitrus Berry|[eat]
|-heal|p1a: wabbit|27/100|[from] item: Sitrus Berry
|
|upkeep
|turn|13
|
|t:|1757883904
|move|p1a: wabbit|Aqua Jet|p2a: Gholdengo
|-damage|p2a: Gholdengo|0 fnt
|faint|p2a: Gholdengo
|
|upkeep
|
|t:|1757883908
|switch|p2a: Cobalion|Cobalion|100/100
|-damage|p2a: Cobalion|98/100|[from] Stealth Rock
|turn|14
|
|t:|1757883916
|move|p1a: wabbit|Aqua Jet|p2a: Cobalion
|-damage|p2a: Cobalion|32/100
|-damage|p1a: wabbit|10/100|[from] item: Rocky Helmet|[of] p2a: Cobalion
|move|p2a: Cobalion|Thunder Wave|p1a: wabbit
|-status|p1a: wabbit|par
|
|upkeep
|turn|15
|
|t:|1757883924
|move|p1a: wabbit|Aqua Jet|p2a: Cobalion
|-damage|p2a: Cobalion|0 fnt
|-damage|p1a: wabbit|0 fnt|[from] item: Rocky Helmet|[of] p2a: Cobalion
|faint|p2a: Cobalion
|faint|p1a: wabbit
|
|upkeep
|
|t:|1757883930
|switch|p2a: Deoxys|Deoxys-Speed|100/100
|switch|p1a: terrifier|Lokix, F|100/100
|-ability|p2a: Deoxys|Pressure
|-damage|p1a: terrifier|88/100|[from] Spikes
|turn|16
|inactive|Maxlevelcaterpie has 270 seconds left.
|inactive|Xan_Oops has 270 seconds left.
|
|t:|1757883942
|move|p1a: terrifier|First Impression|p2a: Deoxys
|-supereffective|p2a: Deoxys
|-damage|p2a: Deoxys|0 fnt
|faint|p2a: Deoxys
|
|win|Maxlevelcaterpie
