|j|☆YourFriendSanti
|j|☆endofminecraft
|t:|1757801111
|gametype|singles
|player|p1|YourFriendSanti|hilbert-wonderlauncher|1134
|player|p2|endofminecraft|266|1093
|gen|9
|tier|[Gen 9] OU
|rated|
|rule|HP Percentage Mod: HP is shown in percentages
|rule|Endless Battle Clause: Forcing endless battles is banned
|rule|Species Clause: Limit one of each Pokémon
|rule|OHKO Clause: OHKO moves are banned
|rule|Evasion Items Clause: Evasion items are banned
|rule|Evasion Moves Clause: Evasion moves are banned
|rule|Evasion Abilities Clause: Evasion abilities are banned
|rule|Sleep Moves Clause: Sleep-inducing moves are banned
|clearpoke
|poke|p1|Lilligant, F|
|poke|p1|Pawmot, F|
|poke|p1|Rillaboom, F|
|poke|p1|Skeledirge, M|
|poke|p1|Hatterene, F|
|poke|p1|Torkoal, M|
|poke|p2|Blissey, F|
|poke|p2|Swampert, F|
|poke|p2|Jolteon, F|
|poke|p2|Scizor, F|
|poke|p2|Sableye, F|
|poke|p2|Charizard, M|
|teampreview
|
|t:|1757801135
|teamsize|p1|6
|teamsize|p2|6
|start
|switch|p1a: Torkoal|Torkoal, M|100/100
|switch|p2a: Blissey|Blissey, F|100/100
|-weather|SunnyDay|[from] ability: Drought|[of] p1a: Torkoal
|turn|1
|inactive|Battle timer is ON: inactive players will automatically lose when time's up. (requested by endofminecraft)
|
|t:|1757801145
|switch|p1a: Pawmot|Pawmot, F|100/100
|move|p2a: Blissey|Thunder Wave|p1a: Pawmot
|-immune|p1a: Pawmot
|
|-weather|SunnyDay|[upkeep]
|upkeep
|turn|2
|
|t:|1757801156
|switch|p2a: Sableye|Sableye, F|100/100
|move|p1a: Pawmot|Double Shock|p2a: Sableye
|-damage|p2a: Sableye|38/100
|-start|p1a: Pawmot|typechange|???/Fighting|[from] move: Double Shock
|
|-weather|SunnyDay|[upkeep]
|-heal|p2a: Sableye|45/100|[from] item: Leftovers
|upkeep
|turn|3
|
|t:|1757801172
|-terastallize|p1a: Pawmot|Electric
|move|p2a: Sableye|Will-O-Wisp|p1a: Pawmot
|-status|p1a: Pawmot|brn
|move|p1a: Pawmot|Double Shock|p2a: Sableye
|-damage|p2a: Sableye|16/100
|-start|p1a: Pawmot|typechange|Electric|[from] move: Double Shock
|
|-weather|SunnyDay|[upkeep]
|-heal|p2a: Sableye|22/100|[from] item: Leftovers
|-damage|p1a: Pawmot|94/100 brn|[from] brn
|upkeep
|turn|4
|
|t:|1757801184
|switch|p1a: Lilligant|Lilligant, F|100/100
|move|p2a: Sableye|Recover|p2a: Sableye
|-heal|p2a: Sableye|72/100
|
|-weather|SunnyDay|[upkeep]
|-heal|p2a: Sableye|78/100|[from] item: Leftovers
|upkeep
|turn|5
|
|t:|1757801192
|switch|p2a: Charizard|Charizard, M|100/100
|move|p1a: Lilligant|Growth|p1a: Lilligant
|-boost|p1a: Lilligant|atk|2
|-boost|p1a: Lilligant|spa|2
|
|-weather|SunnyDay|[upkeep]
|upkeep
|turn|6
|
|t:|1757801201
|move|p1a: Lilligant|Solar Beam||[still]
|-prepare|p1a: Lilligant|Solar Beam
|-anim|p1a: Lilligant|Solar Beam|p2a: Charizard
|-resisted|p2a: Charizard
|-damage|p2a: Charizard|51/100
|-damage|p1a: Lilligant|91/100|[from] item: Life Orb
|move|p2a: Charizard|Fire Blast|p1a: Lilligant
|-supereffective|p1a: Lilligant
|-damage|p1a: Lilligant|0 fnt
|faint|p1a: Lilligant
|
|-weather|SunnyDay|[upkeep]
|upkeep
|
|t:|1757801210
|switch|p1a: Hatterene|Hatterene, F|100/100
|turn|7
|
|t:|1757801225
|switch|p2a: Scizor|Scizor, F|100/100
|move|p1a: Hatterene|Calm Mind|p1a: Hatterene
|-boost|p1a: Hatterene|spa|1
|-boost|p1a: Hatterene|spd|1
|
|-weather|SunnyDay|[upkeep]
|upkeep
|turn|8
|
|t:|1757801237
|move|p2a: Scizor|Bullet Punch|p1a: Hatterene
|-supereffective|p1a: Hatterene
|-damage|p1a: Hatterene|0 fnt
|faint|p1a: Hatterene
|
|-weather|none
|upkeep
|
|t:|1757801244
|switch|p1a: Skeledirge|Skeledirge, M|100/100
|turn|9
|
|t:|1757801250
|switch|p2a: Blissey|Blissey, F|100/100
|move|p1a: Skeledirge|Torch Song|p2a: Blissey
|-damage|p2a: Blissey|89/100
|-boost|p1a: Skeledirge|spa|1
|
|-heal|p2a: Blissey|95/100|[from] item: Leftovers
|upkeep
|turn|10
|
|t:|1757801257
|move|p1a: Skeledirge|Torch Song|p2a: Blissey
|-damage|p2a: Blissey|78/100
|-boost|p1a: Skeledirge|spa|1
|move|p2a: Blissey|Thunder Wave|p1a: Skeledirge
|-status|p1a: Skeledirge|par
|
|-heal|p2a: Blissey|84/100|[from] item: Leftovers
|upkeep
|turn|11
|
|t:|1757801275
|switch|p2a: Swampert|Swampert, F|100/100
|move|p1a: Skeledirge|Torch Song|p2a: Swampert
|-resisted|p2a: Swampert
|-damage|p2a: Swampert|75/100
|-boost|p1a: Skeledirge|spa|1
|
|-heal|p2a: Swampert|81/100|[from] item: Leftovers
|upkeep
|turn|12
|
|t:|1757801287
|move|p2a: Swampert|Flip Turn|p1a: Skeledirge
|-supereffective|p1a: Skeledirge
|-crit|p1a: Skeledirge
|-damage|p1a: Skeledirge|45/100 par
|
|t:|1757801297
|switch|p2a: Jolteon|Jolteon, F|100/100|[from] Flip Turn
|move|p1a: Skeledirge|Will-O-Wisp|p2a: Jolteon|[miss]
|-miss|p1a: Skeledirge|p2a: Jolteon
|
|upkeep
|turn|13
|
|t:|1757801307
|move|p2a: Jolteon|Shadow Ball|p1a: Skeledirge
|-supereffective|p1a: Skeledirge
|-damage|p1a: Skeledirge|0 fnt
|faint|p1a: Skeledirge
|
|upkeep
|-message|YourFriendSanti forfeited.
|
|win|endofminecraft
|raw|YourFriendSanti's rating: 1134 &rarr; <strong>1106</strong><br />(-28 for losing)
|raw|endofminecraft's rating: 1093 &rarr; <strong>1122</strong><br />(+29 for winning)
|l|☆YourFriendSanti
|player|p1|
