|j|☆BlackliightJester
|j|☆PapsIGuess31
|t:|1757924992
|gametype|singles
|player|p1|BlackliightJester|will|1185
|player|p2|PapsIGuess31|ingo|1249
|gen|9
|tier|[Gen 9] OU
|rated|
|rule|HP Percentage Mod: HP is shown in percentages
|rule|Endless Battle Clause: Forcing endless battles is banned
|rule|Species Clause: Limit one of each Pokémon
|rule|OHKO Clause: OHKO moves are banned
|rule|Evasion Items Clause: Evasion items are banned
|rule|Evasion Moves Clause: Evasion moves are banned
|rule|Evasion Abilities Clause: Evasion abilities are banned
|rule|Sleep Moves Clause: Sleep-inducing moves are banned
|clearpoke
|poke|p1|Ogerpon-Cornerstone, F|
|poke|p1|Politoed, M|
|poke|p1|Sinistcha-Masterpiece|
|poke|p1|Slowking-Galar, M|
|poke|p1|Dragonite, M|
|poke|p1|Great Tusk|
|poke|p2|Hydrapple, M|
|poke|p2|Dragapult, M|
|poke|p2|Tinkaton, F|
|poke|p2|Blaziken, M|
|poke|p2|Oricorio-Pom-Pom, F|
|poke|p2|Crawdaunt, M|
|teampreview
|inactive|Battle timer is ON: inactive players will automatically lose when time's up. (requested by BlackliightJester)
|c|☆PapsIGuess31|glhf!
|
|t:|1757925007
|teamsize|p1|6
|teamsize|p2|6
|start
|switch|p1a: Great Tusk|Great Tusk|100/100
|switch|p2a: Oricorio|Oricorio-Pom-Pom, F|100/100
|-enditem|p1a: Great Tusk|Booster Energy
|-activate|p1a: Great Tusk|ability: Protosynthesis|[fromitem]
|-start|p1a: Great Tusk|protosynthesisatk
|turn|1
|
|t:|1757925017
|move|p1a: Great Tusk|Rapid Spin|p2a: Oricorio
|-damage|p2a: Oricorio|80/100
|-boost|p1a: Great Tusk|spe|1
|move|p2a: Oricorio|Quiver Dance|p2a: Oricorio
|-boost|p2a: Oricorio|spa|1
|-boost|p2a: Oricorio|spd|1
|-boost|p2a: Oricorio|spe|1
|
|-heal|p2a: Oricorio|86/100|[from] item: Leftovers
|upkeep
|turn|2
|
|t:|1757925028
|-terastallize|p2a: Oricorio|Electric
|move|p1a: Great Tusk|Ice Spinner|p2a: Oricorio
|-damage|p2a: Oricorio|56/100
|move|p2a: Oricorio|Air Slash|p1a: Great Tusk
|-supereffective|p1a: Great Tusk
|-damage|p1a: Great Tusk|0 fnt
|faint|p1a: Great Tusk
|-end|p1a: Great Tusk|Protosynthesis|[silent]
|
|-heal|p2a: Oricorio|62/100|[from] item: Leftovers
|upkeep
|
|t:|1757925041
|switch|p1a: Sinistcha|Sinistcha-Masterpiece|100/100
|turn|3
|
|t:|1757925047
|move|p2a: Oricorio|Air Slash|p1a: Sinistcha
|-supereffective|p1a: Sinistcha
|-damage|p1a: Sinistcha|16/100
|move|p1a: Sinistcha|Matcha Gotcha|p2a: Oricorio
|-damage|p2a: Oricorio|22/100
|-heal|p1a: Sinistcha|36/100|[from] drain|[of] p2a: Oricorio
|
|-heal|p2a: Oricorio|28/100|[from] item: Leftovers
|upkeep
|turn|4
|
|t:|1757925057
|move|p2a: Oricorio|Air Slash|p1a: Sinistcha
|-supereffective|p1a: Sinistcha
|-damage|p1a: Sinistcha|0 fnt
|faint|p1a: Sinistcha
|
|-heal|p2a: Oricorio|34/100|[from] item: Leftovers
|upkeep
|
|t:|1757925064
|switch|p1a: Ogerpon|Ogerpon-Cornerstone, F|100/100
|turn|5
|
|t:|1757925072
|move|p1a: Ogerpon|Swords Dance|p1a: Ogerpon
|-boost|p1a: Ogerpon|atk|2
|-activate|p2a: Oricorio|ability: Dancer
|move|p2a: Oricorio|Swords Dance|p2a: Oricorio|[from] ability: Dancer
|-boost|p2a: Oricorio|atk|2
|move|p2a: Oricorio|Air Slash|p1a: Ogerpon
|-damage|p1a: Ogerpon|52/100
|
|-heal|p2a: Oricorio|40/100|[from] item: Leftovers
|upkeep
|turn|6
|
|t:|1757925085
|move|p1a: Ogerpon|Horn Leech|p2a: Oricorio
|-damage|p2a: Oricorio|0 fnt
|-heal|p1a: Ogerpon|75/100|[from] drain|[of] p2a: Oricorio
|faint|p2a: Oricorio
|
|upkeep
|
|t:|1757925089
|switch|p2a: Tinkaton|Tinkaton, F|100/100
|-ability|p2a: Tinkaton|Mold Breaker
|-item|p2a: Tinkaton|Air Balloon
|turn|7
|
|t:|1757925100
|move|p1a: Ogerpon|Ivy Cudgel|p2a: Tinkaton|[anim] Ivy Cudgel Rock
|-resisted|p2a: Tinkaton
|-damage|p2a: Tinkaton|55/100
|-enditem|p2a: Tinkaton|Air Balloon
|move|p2a: Tinkaton|Thunder Wave|p1a: Ogerpon
|-status|p1a: Ogerpon|par
|
|upkeep
|turn|8
|
|t:|1757925109
|move|p2a: Tinkaton|Gigaton Hammer|p1a: Ogerpon
|-supereffective|p1a: Ogerpon
|-damage|p1a: Ogerpon|0 fnt
|faint|p1a: Ogerpon
|
|upkeep
|
|t:|1757925115
|switch|p1a: Dragonite|Dragonite, M|100/100
|turn|9
|
|t:|1757925118
|move|p1a: Dragonite|Fire Punch|p2a: Tinkaton
|-supereffective|p2a: Tinkaton
|-damage|p2a: Tinkaton|9/100
|move|p2a: Tinkaton|Thunder Wave|p1a: Dragonite
|-status|p1a: Dragonite|par
|
|upkeep
|turn|10
|
|t:|1757925125
|move|p1a: Dragonite|Extreme Speed|p2a: Tinkaton
|-resisted|p2a: Tinkaton
|-damage|p2a: Tinkaton|0 fnt
|faint|p2a: Tinkaton
|
|upkeep
|
|t:|1757925128
|switch|p2a: Dragapult|Dragapult, M|100/100
|turn|11
|
|t:|1757925133
|move|p2a: Dragapult|Dragon Darts|p1a: Dragonite
|-supereffective|p1a: Dragonite
|-damage|p1a: Dragonite|61/100 par
|-enditem|p1a: Dragonite|Weakness Policy
|-boost|p1a: Dragonite|atk|2|[from] item: Weakness Policy
|-boost|p1a: Dragonite|spa|2|[from] item: Weakness Policy
|-anim|p2a: Dragapult|Dragon Darts|p1a: Dragonite
|-supereffective|p1a: Dragonite
|-damage|p1a: Dragonite|0 fnt
|faint|p1a: Dragonite
|-damage|p2a: Dragapult|91/100|[from] item: Life Orb
|
|upkeep
|
|t:|1757925143
|switch|p1a: Politoed|Politoed, M|100/100
|-weather|RainDance|[from] ability: Drizzle|[of] p1a: Politoed
|turn|12
|
|t:|1757925149
|move|p2a: Dragapult|Phantom Force||[still]
|-prepare|p2a: Dragapult|Phantom Force
|move|p1a: Politoed|Perish Song|p1a: Politoed
|-start|p1a: Politoed|perish3|[silent]
|-miss|p1a: Politoed|p2a: Dragapult
|-fieldactivate|move: Perish Song
|
|-weather|RainDance|[upkeep]
|-start|p1a: Politoed|perish3
|upkeep
|turn|13
|
|t:|1757925161
|move|p2a: Dragapult|Phantom Force|p1a: Politoed|[from] lockedmove
|-damage|p1a: Politoed|29/100
|-damage|p2a: Dragapult|81/100|[from] item: Life Orb
|move|p1a: Politoed|Perish Song|p1a: Politoed
|-start|p2a: Dragapult|perish3|[silent]
|-fieldactivate|move: Perish Song
|
|-weather|RainDance|[upkeep]
|-start|p2a: Dragapult|perish3
|-start|p1a: Politoed|perish2
|upkeep
|turn|14
|
|t:|1757925176
|switch|p1a: Slowking|Slowking-Galar, M|100/100
|move|p2a: Dragapult|U-turn|p1a: Slowking
|-damage|p1a: Slowking|64/100
|-damage|p2a: Dragapult|71/100|[from] item: Life Orb
|
|t:|1757925179
|switch|p2a: Crawdaunt|Crawdaunt, M|100/100|[from] U-turn
|
|-weather|RainDance|[upkeep]
|-heal|p1a: Slowking|70/100|[from] item: Leftovers
|upkeep
|turn|15
|
|t:|1757925191
|move|p2a: Crawdaunt|Razor Shell|p1a: Slowking
|-damage|p1a: Slowking|0 fnt
|faint|p1a: Slowking
|
|-weather|RainDance|[upkeep]
|upkeep
|-message|BlackliightJester forfeited.
|
|win|PapsIGuess31
|raw|BlackliightJester's rating: 1185 &rarr; <strong>1165</strong><br />(-20 for losing)
|raw|PapsIGuess31's rating: 1249 &rarr; <strong>1269</strong><br />(+20 for winning)
|l|☆BlackliightJester
|player|p1|
|l|☆PapsIGuess31
|player|p2|
