|j|☆nnmnnmn
|j|☆FraylasDevotea
|t:|1757899136
|gametype|singles
|player|p1|nnmnnmn|beauty-gen4dp|
|player|p2|FraylasDevotea|cynthia|
|gen|9
|tier|[Gen 9] OU
|rule|HP Percentage Mod: HP is shown in percentages
|rule|Endless Battle Clause: Forcing endless battles is banned
|rule|Species Clause: Limit one of each Pokémon
|rule|OHKO Clause: OHKO moves are banned
|rule|Evasion Items Clause: Evasion items are banned
|rule|Evasion Moves Clause: Evasion moves are banned
|rule|Evasion Abilities Clause: Evasion abilities are banned
|rule|Sleep Moves Clause: Sleep-inducing moves are banned
|clearpoke
|poke|p1|Ursaluna, F|
|poke|p1|Barraskewda, F|
|poke|p1|Cinccino, F|
|poke|p1|Porygon2|
|poke|p1|Pelipper, M|
|poke|p1|Amoonguss, M|
|poke|p2|Dragapult, F|
|poke|p2|Gastrodon, F|
|poke|p2|Excadrill, F|
|poke|p2|Jirachi|
|poke|p2|Darkrai|
|poke|p2|Weezing, M|
|teampreview
|
|t:|1757899162
|teamsize|p1|6
|teamsize|p2|6
|start
|switch|p1a: Sus?|Amoonguss, M|100/100
|switch|p2a: MPS|Gastrodon, F|100/100
|turn|1
|j| TaviPM
|
|t:|1757899176
|switch|p2a: Methane|Weezing, M, shiny|100/100
|move|p1a: Sus?|Stun Spore|p2a: Methane|[miss]
|-miss|p1a: Sus?|p2a: Methane
|
|upkeep
|turn|2
|
|t:|1757899185
|move|p2a: Methane|Will-O-Wisp|p1a: Sus?
|-status|p1a: Sus?|brn
|move|p1a: Sus?|Stun Spore|p2a: Methane
|-status|p2a: Methane|par
|
|-damage|p1a: Sus?|94/100 brn|[from] brn
|upkeep
|turn|3
|
|t:|1757899220
|move|p2a: Methane|Gunk Shot|p1a: Sus?
|-damage|p1a: Sus?|56/100 brn
|move|p1a: Sus?|Stun Spore|p2a: Methane
|-fail|p2a: Methane|par
|
|-heal|p1a: Sus?|62/100 brn|[from] item: Black Sludge
|-damage|p1a: Sus?|56/100 brn|[from] brn
|upkeep
|turn|4
|
|t:|1757899239
|switch|p1a: Carmen Berzatto|Ursaluna, F|100/100
|move|p2a: Methane|Will-O-Wisp|p1a: Carmen Berzatto|[miss]
|-miss|p2a: Methane|p1a: Carmen Berzatto
|
|-status|p1a: Carmen Berzatto|brn|[from] item: Flame Orb
|upkeep
|turn|5
|
|t:|1757899257
|move|p1a: Carmen Berzatto|Facade|p2a: Methane
|-damage|p2a: Methane|30/100 par
|-damage|p1a: Carmen Berzatto|84/100 brn|[from] item: Rocky Helmet|[of] p2a: Methane
|cant|p2a: Methane|par
|
|-damage|p1a: Carmen Berzatto|78/100 brn|[from] brn
|upkeep
|turn|6
|
|t:|1757899268
|move|p1a: Carmen Berzatto|Facade|p2a: Methane
|-damage|p2a: Methane|0 fnt
|-damage|p1a: Carmen Berzatto|61/100 brn|[from] item: Rocky Helmet|[of] p2a: Methane
|faint|p2a: Methane
|
|-damage|p1a: Carmen Berzatto|55/100 brn|[from] brn
|upkeep
|
|t:|1757899309
|switch|p2a: Tu|Dragapult, F|100/100
|turn|7
|
|t:|1757899332
|switch|p1a: Lip|Pelipper, M|100/100
|-weather|RainDance|[from] ability: Drizzle|[of] p1a: Lip
|move|p2a: Tu|U-turn|p1a: Lip
|-resisted|p1a: Lip
|-damage|p1a: Lip|82/100
|
|t:|1757899363
|switch|p2a: Kenshi|Jirachi, shiny|100/100|[from] U-turn
|
|-weather|RainDance|[upkeep]
|upkeep
|turn|8
|
|t:|1757899402
|move|p2a: Kenshi|Psychic Noise|p1a: Lip
|-damage|p1a: Lip|51/100
|-start|p1a: Lip|move: Heal Block
|move|p1a: Lip|Weather Ball|p2a: Kenshi
|-damage|p2a: Kenshi|75/100
|
|-weather|RainDance|[upkeep]
|upkeep
|turn|9
|
|t:|1757899439
|switch|p1a: Skeezy|Barraskewda, F|100/100
|move|p2a: Kenshi|Grass Knot|p1a: Skeezy
|-supereffective|p1a: Skeezy
|-damage|p1a: Skeezy|33/100
|
|-weather|RainDance|[upkeep]
|upkeep
|turn|10
|
|t:|1757899462
|-terastallize|p1a: Skeezy|Water
|move|p1a: Skeezy|Liquidation|p2a: Kenshi
|-damage|p2a: Kenshi|0 fnt
|faint|p2a: Kenshi
|
|-weather|RainDance|[upkeep]
|upkeep
|
|t:|1757899476
|switch|p2a: Gae Bulg|Excadrill, F|100/100
|-ability|p2a: Gae Bulg|Mold Breaker
|turn|11
|
|t:|1757899486
|switch|p2a: MPS|Gastrodon, F|100/100
|move|p1a: Skeezy|Liquidation|p2a: MPS
|-ability|p2a: MPS|Storm Drain|boost
|-boost|p2a: MPS|spa|1
|
|-weather|RainDance|[upkeep]
|upkeep
|turn|12
|
|t:|1757899499
|switch|p1a: 2ie|Porygon2|100/100
|-ability|p1a: 2ie|Download|boost
|-boost|p1a: 2ie|atk|1
|move|p2a: MPS|Earth Power|p1a: 2ie
|-damage|p1a: 2ie|70/100
|
|-weather|RainDance|[upkeep]
|upkeep
|turn|13
|
|t:|1757899508
|move|p2a: MPS|Spikes|p1a: 2ie
|-sidestart|p1: nnmnnmn|Spikes
|move|p1a: 2ie|Trick Room|p1a: 2ie
|-fieldstart|move: Trick Room|[of] p1a: 2ie
|
|-weather|RainDance|[upkeep]
|upkeep
|turn|14
|
|t:|1757899515
|switch|p1a: Sus?|Amoonguss, M|89/100 brn
|-damage|p1a: Sus?|77/100 brn|[from] Spikes
|move|p2a: MPS|Spikes|p1a: Sus?
|-sidestart|p1: nnmnnmn|Spikes
|
|-weather|none
|-heal|p1a: Sus?|83/100 brn|[from] item: Black Sludge
|-damage|p1a: Sus?|77/100 brn|[from] brn
|upkeep
|turn|15
|
|t:|1757899533
|move|p1a: Sus?|Stun Spore|p2a: MPS|[miss]
|-miss|p1a: Sus?|p2a: MPS
|move|p2a: MPS|Ice Beam|p1a: Sus?
|-supereffective|p1a: Sus?
|-damage|p1a: Sus?|23/100 brn
|
|-heal|p1a: Sus?|29/100 brn|[from] item: Black Sludge
|-damage|p1a: Sus?|23/100 brn|[from] brn
|upkeep
|turn|16
|
|t:|1757899553
|switch|p2a: Gae Bulg|Excadrill, F|100/100
|-ability|p2a: Gae Bulg|Mold Breaker
|move|p1a: Sus?|Giga Drain|p2a: Gae Bulg
|-damage|p2a: Gae Bulg|74/100
|-heal|p1a: Sus?|35/100 brn|[from] drain|[of] p2a: Gae Bulg
|
|-heal|p1a: Sus?|41/100 brn|[from] item: Black Sludge
|-damage|p1a: Sus?|35/100 brn|[from] brn
|upkeep
|turn|17
|
|t:|1757899567
|move|p1a: Sus?|Stun Spore|p2a: Gae Bulg
|-status|p2a: Gae Bulg|par
|cant|p2a: Gae Bulg|par
|
|-heal|p1a: Sus?|41/100 brn|[from] item: Black Sludge
|-damage|p1a: Sus?|35/100 brn|[from] brn
|-fieldend|move: Trick Room
|upkeep
|turn|18
|
|t:|1757899577
|move|p2a: Gae Bulg|Stealth Rock|p1a: Sus?
|-sidestart|p1: nnmnnmn|move: Stealth Rock
|move|p1a: Sus?|Giga Drain|p2a: Gae Bulg
|-damage|p2a: Gae Bulg|48/100 par
|-heal|p1a: Sus?|48/100 brn|[from] drain|[of] p2a: Gae Bulg
|
|-heal|p1a: Sus?|54/100 brn|[from] item: Black Sludge
|-damage|p1a: Sus?|48/100 brn|[from] brn
|upkeep
|turn|19
|
|t:|1757899592
|move|p2a: Gae Bulg|Rock Slide|p1a: Sus?
|-damage|p1a: Sus?|25/100 brn
|cant|p1a: Sus?|flinch
|
|-heal|p1a: Sus?|31/100 brn|[from] item: Black Sludge
|-damage|p1a: Sus?|25/100 brn|[from] brn
|upkeep
|turn|20
|
|t:|1757899602
|cant|p2a: Gae Bulg|par
|move|p1a: Sus?|Giga Drain|p2a: Gae Bulg
|-damage|p2a: Gae Bulg|19/100 par
|-heal|p1a: Sus?|39/100 brn|[from] drain|[of] p2a: Gae Bulg
|
|-heal|p1a: Sus?|45/100 brn|[from] item: Black Sludge
|-damage|p1a: Sus?|39/100 brn|[from] brn
|upkeep
|turn|21
|
|t:|1757899610
|move|p2a: Gae Bulg|Earthquake|p1a: Sus?
|-damage|p1a: Sus?|0 fnt
|faint|p1a: Sus?
|
|upkeep
|
|t:|1757899629
|switch|p1a: Carmen Berzatto|Ursaluna, F|55/100 brn
|-damage|p1a: Carmen Berzatto|39/100 brn|[from] Spikes
|-damage|p1a: Carmen Berzatto|32/100 brn|[from] Stealth Rock
|turn|22
|
|t:|1757899638
|move|p2a: Gae Bulg|Earthquake|p1a: Carmen Berzatto
|-damage|p1a: Carmen Berzatto|0 fnt
|faint|p1a: Carmen Berzatto
|
|upkeep
|
|t:|1757899660
|switch|p1a: Michelob Ultra|Cinccino, F|100/100
|-damage|p1a: Michelob Ultra|84/100|[from] Spikes
|-damage|p1a: Michelob Ultra|72/100|[from] Stealth Rock
|turn|23
|
|t:|1757899669
|move|p1a: Michelob Ultra|Triple Axel|p2a: Gae Bulg
|-damage|p2a: Gae Bulg|11/100 par
|-damage|p2a: Gae Bulg|0 fnt
|faint|p2a: Gae Bulg
|-hitcount|p2: Gae Bulg|2
|
|upkeep
|
|t:|1757899683
|switch|p2a: Tu|Dragapult, F|100/100
|turn|24
|
|t:|1757899688
|-terastallize|p2a: Tu|Dragon
|move|p2a: Tu|Dragon Darts|p1a: Michelob Ultra
|-damage|p1a: Michelob Ultra|0 fnt
|faint|p1a: Michelob Ultra
|
|upkeep
|
|t:|1757899723
|switch|p1a: Lip|Pelipper, M|51/100
|-damage|p1a: Lip|26/100|[from] Stealth Rock
|-weather|RainDance|[from] ability: Drizzle|[of] p1a: Lip
|turn|25
|
|t:|1757899737
|move|p2a: Tu|Dragon Darts|p1a: Lip
|-damage|p1a: Lip|0 fnt
|faint|p1a: Lip
|
|-weather|RainDance|[upkeep]
|upkeep
|
|t:|1757899742
|switch|p1a: Skeezy|Barraskewda, F, tera:Water|33/100
|-damage|p1a: Skeezy|16/100|[from] Spikes
|-damage|p1a: Skeezy|4/100|[from] Stealth Rock
|turn|26
|
|t:|1757899756
|switch|p2a: Valraven|Darkrai|100/100
|move|p1a: Skeezy|Ice Fang|p2a: Valraven
|-damage|p2a: Valraven|55/100
|
|-weather|RainDance|[upkeep]
|upkeep
|turn|27
|
|t:|1757899776
|move|p1a: Skeezy|Ice Fang|p2a: Valraven
|-damage|p2a: Valraven|10/100
|move|p2a: Valraven|Dark Pulse|p1a: Skeezy
|-crit|p1a: Skeezy
|-damage|p1a: Skeezy|0 fnt
|faint|p1a: Skeezy
|-damage|p2a: Valraven|0 fnt|[from] item: Life Orb
|faint|p2a: Valraven
|
|-weather|RainDance|[upkeep]
|upkeep
|
|t:|1757899789
|switch|p1a: 2ie|Porygon2|70/100
|switch|p2a: Tu|Dragapult, F, tera:Dragon|100/100
|-damage|p1a: 2ie|53/100|[from] Spikes
|-damage|p1a: 2ie|41/100|[from] Stealth Rock
|-ability|p1a: 2ie|Download|boost
|-boost|p1a: 2ie|atk|1
|turn|28
|
|t:|1757899808
|move|p2a: Tu|Dragon Darts|p1a: 2ie
|-damage|p1a: 2ie|10/100
|-anim|p2a: Tu|Dragon Darts|p1a: 2ie
|-damage|p1a: 2ie|0 fnt
|faint|p1a: 2ie
|
|win|FraylasDevotea
