|j|☆Yesman247
|j|☆thursccp
|t:|1757827290
|gametype|singles
|player|p1|Yesman247|102|1104
|player|p2|thursccp|veteran|1124
|gen|9
|tier|[Gen 9] OU
|rated|
|rule|HP Percentage Mod: HP is shown in percentages
|rule|Endless Battle Clause: Forcing endless battles is banned
|rule|Species Clause: Limit one of each Pokémon
|rule|OHKO Clause: OHKO moves are banned
|rule|Evasion Items Clause: Evasion items are banned
|rule|Evasion Moves Clause: Evasion moves are banned
|rule|Evasion Abilities Clause: Evasion abilities are banned
|rule|Sleep Moves Clause: Sleep-inducing moves are banned
|clearpoke
|poke|p1|Zamazenta-*|
|poke|p1|Corviknight, M|
|poke|p1|Alomomola, M|
|poke|p1|Tyranitar, M|
|poke|p1|Excadrill, F|
|poke|p1|Raging Bolt|
|poke|p2|Arcanine, M|
|poke|p2|Slowking-Galar, M|
|poke|p2|Kingambit, M|
|poke|p2|Rotom-Frost|
|poke|p2|Hariyama, M|
|poke|p2|Great Tusk|
|teampreview
|inactive|Battle timer is ON: inactive players will automatically lose when time's up. (requested by thursccp)
|inactive|Yesman247 has 120 seconds left.
|
|t:|1757827323
|teamsize|p1|6
|teamsize|p2|6
|start
|switch|p1a: Tyranitar|Tyranitar, M|100/100
|switch|p2a: Slowking|Slowking-Galar, M, shiny|100/100
|-weather|Sandstorm|[from] ability: Sand Stream|[of] p1a: Tyranitar
|turn|1
|
|t:|1757827343
|move|p1a: Tyranitar|Knock Off|p2a: Slowking
|-supereffective|p2a: Slowking
|-damage|p2a: Slowking|15/100
|-enditem|p2a: Slowking|Heavy-Duty Boots|[from] move: Knock Off|[of] p1a: Tyranitar
|-prepare|p2a: Slowking|Chilly Reception|[premajor]
|move|p2a: Slowking|Chilly Reception|p2a: Slowking
|-weather|Snowscape
|inactive|thursccp has 120 seconds left.
|
|t:|1757827369
|switch|p2a: Hariyama|Hariyama, M|100/100|[from] Chilly Reception
|
|-weather|Snowscape|[upkeep]
|-status|p2a: Hariyama|brn|[from] item: Flame Orb
|upkeep
|turn|2
|
|t:|1757827384
|switch|p1a: Corviknight|Corviknight, M|100/100
|-ability|p1a: Corviknight|Pressure
|move|p2a: Hariyama|Bulk Up|p2a: Hariyama
|-boost|p2a: Hariyama|atk|1
|-boost|p2a: Hariyama|def|1
|
|-weather|Snowscape|[upkeep]
|-damage|p2a: Hariyama|94/100 brn|[from] brn
|upkeep
|turn|3
|
|t:|1757827397
|move|p1a: Corviknight|Iron Defense|p1a: Corviknight
|-boost|p1a: Corviknight|def|2
|move|p2a: Hariyama|Bulk Up|p2a: Hariyama
|-boost|p2a: Hariyama|atk|1
|-boost|p2a: Hariyama|def|1
|
|-weather|Snowscape|[upkeep]
|-damage|p2a: Hariyama|88/100 brn|[from] brn
|upkeep
|turn|4
|
|t:|1757827405
|move|p1a: Corviknight|Brave Bird|p2a: Hariyama
|-supereffective|p2a: Hariyama
|-crit|p2a: Hariyama
|-damage|p2a: Hariyama|0 fnt
|faint|p2a: Hariyama
|-damage|p1a: Corviknight|65/100|[from] Recoil
|
|-weather|Snowscape|[upkeep]
|upkeep
|
|t:|1757827416
|switch|p2a: Rotom|Rotom-Frost, shiny|100/100
|turn|5
|
|t:|1757827432
|switch|p1a: Tyranitar|Tyranitar, M|100/100
|-weather|Sandstorm|[from] ability: Sand Stream|[of] p1a: Tyranitar
|move|p2a: Rotom|Blizzard|p1a: Tyranitar
|-damage|p1a: Tyranitar|68/100
|
|-weather|Sandstorm|[upkeep]
|-damage|p2a: Rotom|94/100|[from] Sandstorm
|upkeep
|turn|6
|inactive|thursccp has 120 seconds left.
|
|t:|1757827451
|switch|p2a: Arcanine|Arcanine, M|100/100
|-ability|p2a: Arcanine|Intimidate|boost
|-unboost|p1a: Tyranitar|atk|1
|move|p1a: Tyranitar|Stealth Rock|p2a: Arcanine
|-sidestart|p2: thursccp|move: Stealth Rock
|
|-weather|Sandstorm|[upkeep]
|-damage|p2a: Arcanine|94/100|[from] Sandstorm
|-heal|p2a: Arcanine|100/100|[from] item: Leftovers
|upkeep
|turn|7
|
|t:|1757827470
|-terastallize|p2a: Arcanine|Fairy
|move|p2a: Arcanine|Play Rough|p1a: Tyranitar
|-supereffective|p1a: Tyranitar
|-damage|p1a: Tyranitar|0 fnt
|faint|p1a: Tyranitar
|
|-weather|Sandstorm|[upkeep]
|-damage|p2a: Arcanine|94/100|[from] Sandstorm
|-heal|p2a: Arcanine|100/100|[from] item: Leftovers
|upkeep
|inactive|Yesman247 has 120 seconds left.
|
|t:|1757827486
|switch|p1a: Excadrill|Excadrill, F|100/100
|-item|p1a: Excadrill|Air Balloon
|turn|8
|
|t:|1757827502
|switch|p2a: Slowking|Slowking-Galar, M, shiny|48/100
|-damage|p2a: Slowking|36/100|[from] Stealth Rock
|move|p1a: Excadrill|Iron Head|p2a: Slowking
|-damage|p2a: Slowking|0 fnt
|faint|p2a: Slowking
|
|-weather|Sandstorm|[upkeep]
|upkeep
|
|t:|1757827508
|switch|p2a: Kingambit|Kingambit, M, shiny|100/100
|-damage|p2a: Kingambit|94/100|[from] Stealth Rock
|turn|9
|
|t:|1757827517
|move|p1a: Excadrill|Earthquake|p2a: Kingambit
|-supereffective|p2a: Kingambit
|-damage|p2a: Kingambit|7/100
|move|p2a: Kingambit|Swords Dance|p2a: Kingambit
|-boost|p2a: Kingambit|atk|2
|
|-weather|none
|upkeep
|turn|10
|inactive|thursccp has 120 seconds left.
|
|t:|1757827530
|switch|p1a: Corviknight|Corviknight, M|65/100
|-ability|p1a: Corviknight|Pressure
|move|p2a: Kingambit|Sucker Punch||[still]
|-fail|p2a: Kingambit
|
|upkeep
|turn|11
|
|t:|1757827543
|move|p2a: Kingambit|Sucker Punch||[still]
|-fail|p2a: Kingambit
|move|p1a: Corviknight|Iron Defense|p1a: Corviknight
|-boost|p1a: Corviknight|def|2
|
|upkeep
|turn|12
|
|t:|1757827548
|move|p1a: Corviknight|Brave Bird|p2a: Kingambit
|-resisted|p2a: Kingambit
|-damage|p2a: Kingambit|0 fnt
|faint|p2a: Kingambit
|-damage|p1a: Corviknight|63/100|[from] Recoil
|
|upkeep
|
|t:|1757827555
|switch|p2a: Rotom|Rotom-Frost, shiny|94/100
|-damage|p2a: Rotom|69/100|[from] Stealth Rock
|turn|13
|
|t:|1757827574
|move|p2a: Rotom|Blizzard|p1a: Corviknight
|-damage|p1a: Corviknight|0 fnt
|faint|p1a: Corviknight
|
|upkeep
|inactive|Yesman247 has 120 seconds left.
|
|t:|1757827595
|switch|p1a: Alomomola|Alomomola, M|100/100
|turn|14
|
|t:|1757827614
|switch|p2a: Great Tusk|Great Tusk|100/100
|move|p1a: Alomomola|Mirror Coat||[still]
|-fail|p1a: Alomomola
|
|upkeep
|turn|15
|inactive|thursccp has 120 seconds left.
|
|t:|1757827640
|-end|p2a: Great Tusk|Protosynthesis|[silent]
|switch|p2a: Rotom|Rotom-Frost, shiny|69/100
|-damage|p2a: Rotom|44/100|[from] Stealth Rock
|move|p1a: Alomomola|Scald|p2a: Rotom
|-damage|p2a: Rotom|30/100
|
|upkeep
|turn|16
|inactive|thursccp has 120 seconds left.
|
|t:|1757827656
|switch|p1a: Excadrill|Excadrill, F|100/100
|-item|p1a: Excadrill|Air Balloon
|move|p2a: Rotom|Blizzard|p1a: Excadrill
|-damage|p1a: Excadrill|9/100
|-enditem|p1a: Excadrill|Air Balloon
|
|upkeep
|turn|17
|
|t:|1757827669
|switch|p2a: Arcanine|Arcanine, M, tera:Fairy|100/100
|-damage|p2a: Arcanine|88/100|[from] Stealth Rock
|-ability|p2a: Arcanine|Intimidate|boost
|-unboost|p1a: Excadrill|atk|1
|move|p1a: Excadrill|Iron Head|p2a: Arcanine
|-supereffective|p2a: Arcanine
|-damage|p2a: Arcanine|17/100
|
|-heal|p2a: Arcanine|23/100|[from] item: Leftovers
|upkeep
|turn|18
|
|t:|1757827684
|move|p2a: Arcanine|Extreme Speed|p1a: Excadrill
|-resisted|p1a: Excadrill
|-crit|p1a: Excadrill
|-damage|p1a: Excadrill|0 fnt
|faint|p1a: Excadrill
|
|-heal|p2a: Arcanine|30/100|[from] item: Leftovers
|upkeep
|
|t:|1757827695
|switch|p1a: Raging Bolt|Raging Bolt|100/100
|-enditem|p1a: Raging Bolt|Booster Energy
|-activate|p1a: Raging Bolt|ability: Protosynthesis|[fromitem]
|-start|p1a: Raging Bolt|protosynthesisspa
|turn|19
|
|t:|1757827702
|switch|p2a: Great Tusk|Great Tusk|100/100
|move|p1a: Raging Bolt|Thunderclap||[still]
|-fail|p1a: Raging Bolt
|
|upkeep
|turn|20
|
|t:|1757827717
|-terastallize|p1a: Raging Bolt|Fairy
|move|p2a: Great Tusk|Ice Spinner|p1a: Raging Bolt
|-damage|p1a: Raging Bolt|76/100
|move|p1a: Raging Bolt|Dragon Pulse|p2a: Great Tusk
|-damage|p2a: Great Tusk|0 fnt
|faint|p2a: Great Tusk
|-end|p2a: Great Tusk|Protosynthesis|[silent]
|
|upkeep
|inactive|thursccp has 120 seconds left.
|
|t:|1757827729
|switch|p2a: Arcanine|Arcanine, M, tera:Fairy|30/100
|-damage|p2a: Arcanine|17/100|[from] Stealth Rock
|-ability|p2a: Arcanine|Intimidate|boost
|-unboost|p1a: Raging Bolt|atk|1
|turn|21
|
|t:|1757827737
|move|p2a: Arcanine|Extreme Speed|p1a: Raging Bolt
|-damage|p1a: Raging Bolt|51/100
|move|p1a: Raging Bolt|Thunderclap||[still]
|-fail|p1a: Raging Bolt
|
|-heal|p2a: Arcanine|23/100|[from] item: Leftovers
|upkeep
|turn|22
|
|t:|1757827745
|move|p1a: Raging Bolt|Thunderbolt|p2a: Arcanine
|-damage|p2a: Arcanine|0 fnt
|faint|p2a: Arcanine
|
|upkeep
|
|t:|1757827748
|switch|p2a: Rotom|Rotom-Frost, shiny|30/100
|-damage|p2a: Rotom|5/100|[from] Stealth Rock
|turn|23
|
|t:|1757827753
|move|p1a: Raging Bolt|Thunderclap|p2a: Rotom
|-resisted|p2a: Rotom
|-damage|p2a: Rotom|0 fnt
|faint|p2a: Rotom
|
|win|Yesman247
|raw|Yesman247's rating: 1104 &rarr; <strong>1130</strong><br />(+26 for winning)
|raw|thursccp's rating: 1124 &rarr; <strong>1098</strong><br />(-26 for losing)
|l|☆thursccp
|player|p2|
|l|☆Yesman247
|player|p1|
