|j|☆hugh12248
|j|☆LikeEmerald
|t:|1757841825
|gametype|singles
|player|p1|hugh12248|swimmerf-gen4|1131
|player|p2|LikeEmerald|102|1129
|gen|9
|tier|[Gen 9] OU
|rated|
|rule|HP Percentage Mod: HP is shown in percentages
|rule|Endless Battle Clause: Forcing endless battles is banned
|rule|Species Clause: Limit one of each Pokémon
|rule|OHKO Clause: OHKO moves are banned
|rule|Evasion Items Clause: Evasion items are banned
|rule|Evasion Moves Clause: Evasion moves are banned
|rule|Evasion Abilities Clause: Evasion abilities are banned
|rule|Sleep Moves Clause: Sleep-inducing moves are banned
|clearpoke
|poke|p1|Glimmora, M|
|poke|p1|Dondozo, M|
|poke|p1|Wo-Chien|
|poke|p1|Dragapult, F|
|poke|p1|Cinccino, F|
|poke|p1|Gengar, F|
|poke|p2|Meowscarada, F|
|poke|p2|Skeledirge, F|
|poke|p2|Quaquaval, M|
|poke|p2|Glimmora, F|
|poke|p2|Zapdos|
|poke|p2|Iron Treads|
|teampreview
|
|t:|1757841841
|teamsize|p1|6
|teamsize|p2|6
|start
|switch|p1a: Wo-Chien|Wo-Chien|100/100
|switch|p2a: Glimmora|Glimmora, F|100/100
|-item|p2a: Glimmora|Air Balloon
|-ability|p1a: Wo-Chien|Tablets of Ruin
|turn|1
|
|t:|1757841853
|switch|p1a: Glimmora|Glimmora, M|100/100
|move|p2a: Glimmora|Mortal Spin|p1a: Glimmora
|-resisted|p1a: Glimmora
|-damage|p1a: Glimmora|99/100
|-activate|p1a: Glimmora|ability: Toxic Debris
|-sidestart|p2: LikeEmerald|move: Toxic Spikes
|-sideend|p2: LikeEmerald|Toxic Spikes|[from] move: Mortal Spin|[of] p2a: Glimmora
|
|upkeep
|turn|2
|inactive|Battle timer is ON: inactive players will automatically lose when time's up. (requested by hugh12248)
|
|t:|1757841860
|move|p2a: Glimmora|Earth Power|p1a: Glimmora
|-supereffective|p1a: Glimmora
|-damage|p1a: Glimmora|0 fnt
|faint|p1a: Glimmora
|
|upkeep
|
|t:|1757841864
|switch|p1a: Gengar|Gengar, F|100/100
|turn|3
|
|t:|1757841872
|move|p1a: Gengar|Shadow Ball|p2a: Glimmora
|-damage|p2a: Glimmora|39/100
|-enditem|p2a: Glimmora|Air Balloon
|move|p2a: Glimmora|Earth Power|p1a: Gengar
|-supereffective|p1a: Gengar
|-damage|p1a: Gengar|1/100
|
|upkeep
|turn|4
|
|t:|1757841885
|switch|p2a: Meowscarada|Meowscarada, F, shiny|100/100
|move|p1a: Gengar|Shadow Ball|p2a: Meowscarada
|-resisted|p2a: Meowscarada
|-damage|p2a: Meowscarada|66/100
|
|upkeep
|turn|5
|
|t:|1757841895
|switch|p1a: Wo-Chien|Wo-Chien|100/100
|-ability|p1a: Wo-Chien|Tablets of Ruin
|move|p2a: Meowscarada|Power Gem|p1a: Wo-Chien
|-start|p2a: Meowscarada|typechange|Rock|[from] ability: Protean
|-damage|p1a: Wo-Chien|87/100
|
|-heal|p1a: Wo-Chien|93/100|[from] item: Leftovers
|upkeep
|turn|6
|
|t:|1757841916
|move|p2a: Meowscarada|Low Kick|p1a: Wo-Chien
|-supereffective|p1a: Wo-Chien
|-damage|p1a: Wo-Chien|58/100
|move|p1a: Wo-Chien|Leech Seed|p2a: Meowscarada
|-start|p2a: Meowscarada|move: Leech Seed
|
|-heal|p1a: Wo-Chien|64/100|[from] item: Leftovers
|-damage|p2a: Meowscarada|54/100|[from] Leech Seed|[of] p1a: Wo-Chien
|-heal|p1a: Wo-Chien|74/100|[silent]
|upkeep
|turn|7
|
|t:|1757841927
|switch|p2a: Glimmora|Glimmora, F|39/100
|move|p1a: Wo-Chien|Ruination|p2a: Glimmora
|-damage|p2a: Glimmora|20/100
|
|-heal|p1a: Wo-Chien|80/100|[from] item: Leftovers
|upkeep
|turn|8
|
|t:|1757841935
|move|p2a: Glimmora|Mortal Spin|p1a: Wo-Chien
|-supereffective|p1a: Wo-Chien
|-damage|p1a: Wo-Chien|72/100
|-status|p1a: Wo-Chien|psn
|move|p1a: Wo-Chien|Leech Seed|p2a: Glimmora|[miss]
|-miss|p1a: Wo-Chien|p2a: Glimmora
|
|-heal|p1a: Wo-Chien|78/100 psn|[from] item: Leftovers
|-damage|p1a: Wo-Chien|65/100 psn|[from] psn
|upkeep
|turn|9
|
|t:|1757841942
|move|p2a: Glimmora|Spiky Shield|p2a: Glimmora
|-singleturn|p2a: Glimmora|move: Protect
|move|p1a: Wo-Chien|Leech Seed|p2a: Glimmora
|-activate|p2a: Glimmora|move: Protect
|
|-heal|p1a: Wo-Chien|72/100 psn|[from] item: Leftovers
|-damage|p1a: Wo-Chien|59/100 psn|[from] psn
|upkeep
|turn|10
|
|t:|1757841950
|switch|p2a: Meowscarada|Meowscarada, F, shiny|54/100
|move|p1a: Wo-Chien|Ingrain|p1a: Wo-Chien
|-start|p1a: Wo-Chien|move: Ingrain
|
|-heal|p1a: Wo-Chien|65/100 psn|[from] item: Leftovers
|-heal|p1a: Wo-Chien|72/100 psn|[from] Ingrain
|-damage|p1a: Wo-Chien|59/100 psn|[from] psn
|upkeep
|turn|11
|
|t:|1757841961
|move|p2a: Meowscarada|Leaf Storm|p1a: Wo-Chien
|-start|p2a: Meowscarada|typechange|Grass|[from] ability: Protean
|-resisted|p1a: Wo-Chien
|-damage|p1a: Wo-Chien|49/100 psn
|-unboost|p2a: Meowscarada|spa|2
|move|p1a: Wo-Chien|Leech Seed|p2a: Meowscarada
|-immune|p2a: Meowscarada
|
|-heal|p1a: Wo-Chien|55/100 psn|[from] item: Leftovers
|-heal|p1a: Wo-Chien|61/100 psn|[from] Ingrain
|-damage|p1a: Wo-Chien|49/100 psn|[from] psn
|upkeep
|turn|12
|
|t:|1757841972
|move|p2a: Meowscarada|Triple Axel|p1a: Wo-Chien
|-supereffective|p1a: Wo-Chien
|-damage|p1a: Wo-Chien|40/100 psn
|-supereffective|p1a: Wo-Chien
|-damage|p1a: Wo-Chien|23/100 psn
|-supereffective|p1a: Wo-Chien
|-damage|p1a: Wo-Chien|0 fnt
|faint|p1a: Wo-Chien
|-hitcount|p1: Wo-Chien|3
|
|upkeep
|
|t:|1757841981
|switch|p1a: Dondozo|Dondozo, M|100/100
|turn|13
|
|t:|1757841986
|switch|p2a: Glimmora|Glimmora, F|20/100
|move|p1a: Dondozo|Substitute|p1a: Dondozo
|-start|p1a: Dondozo|Substitute
|-damage|p1a: Dondozo|75/100
|
|-heal|p1a: Dondozo|82/100|[from] item: Leftovers
|upkeep
|turn|14
|
|t:|1757841990
|move|p2a: Glimmora|Power Gem|p1a: Dondozo
|-end|p1a: Dondozo|Substitute
|move|p1a: Dondozo|Earthquake|p2a: Glimmora
|-supereffective|p2a: Glimmora
|-damage|p2a: Glimmora|0 fnt
|-activate|p2a: Glimmora|ability: Toxic Debris
|-sidestart|p1: hugh12248|move: Toxic Spikes
|faint|p2a: Glimmora
|
|-heal|p1a: Dondozo|88/100|[from] item: Leftovers
|upkeep
|
|t:|1757841996
|switch|p2a: Zapdos|Zapdos|100/100
|turn|15
|
|t:|1757842000
|move|p2a: Zapdos|Agility|p2a: Zapdos
|-boost|p2a: Zapdos|spe|2
|move|p1a: Dondozo|Wave Crash|p2a: Zapdos
|-damage|p2a: Zapdos|46/100
|-damage|p1a: Dondozo|76/100|[from] Recoil
|
|-heal|p1a: Dondozo|82/100|[from] item: Leftovers
|upkeep
|turn|16
|
|t:|1757842007
|-terastallize|p2a: Zapdos|Electric
|-terastallize|p1a: Dondozo|Ground
|move|p2a: Zapdos|Thunderbolt|p1a: Dondozo
|-immune|p1a: Dondozo
|move|p1a: Dondozo|Wave Crash|p2a: Zapdos
|-damage|p2a: Zapdos|0 fnt
|faint|p2a: Zapdos
|-damage|p1a: Dondozo|73/100|[from] Recoil
|
|-heal|p1a: Dondozo|79/100|[from] item: Leftovers
|upkeep
|
|t:|1757842013
|switch|p2a: Quaquaval|Quaquaval, M|100/100
|turn|17
|
|t:|1757842023
|move|p2a: Quaquaval|Aqua Step|p1a: Dondozo
|-supereffective|p1a: Dondozo
|-damage|p1a: Dondozo|43/100
|-boost|p2a: Quaquaval|spe|1
|move|p1a: Dondozo|Earthquake|p2a: Quaquaval
|-damage|p2a: Quaquaval|59/100
|
|-heal|p1a: Dondozo|50/100|[from] item: Leftovers
|upkeep
|turn|18
|
|t:|1757842030
|move|p2a: Quaquaval|Aqua Step|p1a: Dondozo
|-supereffective|p1a: Dondozo
|-damage|p1a: Dondozo|16/100
|-boost|p2a: Quaquaval|spe|1
|move|p1a: Dondozo|Earthquake|p2a: Quaquaval
|-damage|p2a: Quaquaval|14/100
|
|-heal|p1a: Dondozo|22/100|[from] item: Leftovers
|upkeep
|turn|19
|
|t:|1757842036
|move|p2a: Quaquaval|Aqua Step|p1a: Dondozo
|-supereffective|p1a: Dondozo
|-damage|p1a: Dondozo|0 fnt
|-boost|p2a: Quaquaval|spe|1
|faint|p1a: Dondozo
|-ability|p2a: Quaquaval|Moxie|boost
|-boost|p2a: Quaquaval|atk|1
|
|upkeep
|
|t:|1757842039
|switch|p1a: Gengar|Gengar, F|1/100
|-sideend|p1: hugh12248|move: Toxic Spikes|[of] p1a: Gengar
|turn|20
|
|t:|1757842041
|move|p2a: Quaquaval|Aqua Step|p1a: Gengar
|-damage|p1a: Gengar|0 fnt
|-boost|p2a: Quaquaval|spe|1
|faint|p1a: Gengar
|-ability|p2a: Quaquaval|Moxie|boost
|-boost|p2a: Quaquaval|atk|1
|
|upkeep
|
|t:|1757842047
|switch|p1a: Dragapult|Dragapult, F|100/100
|turn|21
|
|t:|1757842051
|move|p2a: Quaquaval|Aqua Step|p1a: Dragapult
|-resisted|p1a: Dragapult
|-damage|p1a: Dragapult|51/100
|-boost|p2a: Quaquaval|spe|1
|move|p1a: Dragapult|Dragon Darts|p2a: Quaquaval
|-damage|p2a: Quaquaval|0 fnt
|faint|p2a: Quaquaval
|
|upkeep
|
|t:|1757842063
|switch|p2a: Skeledirge|Skeledirge, F|100/100
|turn|22
|
|t:|1757842066
|move|p1a: Dragapult|Phantom Force||[still]
|-prepare|p1a: Dragapult|Phantom Force
|move|p2a: Skeledirge|Alluring Voice|p1a: Dragapult|[miss]
|-miss|p2a: Skeledirge|p1a: Dragapult
|
|upkeep
|turn|23
|
|t:|1757842075
|switch|p2a: Meowscarada|Meowscarada, F, shiny|54/100
|move|p1a: Dragapult|Phantom Force|p2a: Meowscarada|[from] lockedmove
|-resisted|p2a: Meowscarada
|-damage|p2a: Meowscarada|5/100
|
|upkeep
|turn|24
|
|t:|1757842091
|move|p1a: Dragapult|Phantom Force||[still]
|-prepare|p1a: Dragapult|Phantom Force
|move|p2a: Meowscarada|Triple Axel|p1a: Dragapult|[miss]
|-start|p2a: Meowscarada|typechange|Ice|[from] ability: Protean
|-miss|p2a: Meowscarada|p1a: Dragapult
|
|upkeep
|turn|25
|
|t:|1757842095
|move|p1a: Dragapult|Phantom Force|p2a: Meowscarada|[from] lockedmove
|-damage|p2a: Meowscarada|0 fnt
|faint|p2a: Meowscarada
|
|upkeep
|
|t:|1757842097
|switch|p2a: Iron Treads|Iron Treads|100/100
|turn|26
|
|t:|1757842106
|move|p1a: Dragapult|Phantom Force||[still]
|-prepare|p1a: Dragapult|Phantom Force
|move|p2a: Iron Treads|Ice Spinner|p1a: Dragapult|[miss]
|-miss|p2a: Iron Treads|p1a: Dragapult
|
|upkeep
|turn|27
|
|t:|1757842113
|move|p1a: Dragapult|Phantom Force|p2a: Iron Treads|[from] lockedmove
|-damage|p2a: Iron Treads|30/100
|-damage|p1a: Dragapult|34/100|[from] item: Rocky Helmet|[of] p2a: Iron Treads
|move|p2a: Iron Treads|Knock Off|p1a: Dragapult
|-supereffective|p1a: Dragapult
|-damage|p1a: Dragapult|0 fnt
|-enditem|p1a: Dragapult|Metronome|[from] move: Knock Off|[of] p2a: Iron Treads
|faint|p1a: Dragapult
|
|upkeep
|
|t:|1757842116
|switch|p1a: Cinccino|Cinccino, F, shiny|100/100
|turn|28
|
|t:|1757842123
|move|p1a: Cinccino|Bullet Seed|p2a: Iron Treads
|-damage|p2a: Iron Treads|21/100
|-damage|p2a: Iron Treads|12/100
|-damage|p2a: Iron Treads|3/100
|-damage|p2a: Iron Treads|0 fnt
|faint|p2a: Iron Treads
|-end|p2a: Iron Treads|Quark Drive|[silent]
|-hitcount|p2: Iron Treads|4
|
|upkeep
|
|t:|1757842126
|switch|p2a: Skeledirge|Skeledirge, F|100/100
|turn|29
|
|t:|1757842131
|move|p1a: Cinccino|Rock Blast|p2a: Skeledirge
|-supereffective|p2a: Skeledirge
|-damage|p2a: Skeledirge|85/100
|-supereffective|p2a: Skeledirge
|-damage|p2a: Skeledirge|68/100
|-supereffective|p2a: Skeledirge
|-damage|p2a: Skeledirge|51/100
|-supereffective|p2a: Skeledirge
|-damage|p2a: Skeledirge|37/100
|-hitcount|p2a: Skeledirge|4
|move|p2a: Skeledirge|Torch Song|p1a: Cinccino
|-damage|p1a: Cinccino|22/100
|-boost|p2a: Skeledirge|spa|1
|
|-heal|p2a: Skeledirge|43/100|[from] item: Leftovers
|upkeep
|turn|30
|
|t:|1757842139
|move|p1a: Cinccino|Rock Blast|p2a: Skeledirge
|-supereffective|p2a: Skeledirge
|-damage|p2a: Skeledirge|27/100
|-supereffective|p2a: Skeledirge
|-damage|p2a: Skeledirge|11/100
|-supereffective|p2a: Skeledirge
|-damage|p2a: Skeledirge|0 fnt
|faint|p2a: Skeledirge
|-hitcount|p2: Skeledirge|3
|
|win|hugh12248
|raw|hugh12248's rating: 1131 &rarr; <strong>1156</strong><br />(+25 for winning)
|raw|LikeEmerald's rating: 1129 &rarr; <strong>1104</strong><br />(-25 for losing)
|l|☆LikeEmerald
|player|p2|
|l|☆hugh12248
|player|p1|
