|j|☆RomanticM
|j|☆fengbingyuan520
|t:|1757942992
|gametype|singles
|player|p1|RomanticM|steven|1109
|player|p2|fengbingyuan520|2|1131
|gen|9
|tier|[Gen 9] OU
|rated|
|rule|HP Percentage Mod: HP is shown in percentages
|rule|Endless Battle Clause: Forcing endless battles is banned
|rule|Species Clause: Limit one of each Pokémon
|rule|OHKO Clause: OHKO moves are banned
|rule|Evasion Items Clause: Evasion items are banned
|rule|Evasion Moves Clause: Evasion moves are banned
|rule|Evasion Abilities Clause: Evasion abilities are banned
|rule|Sleep Moves Clause: Sleep-inducing moves are banned
|clearpoke
|poke|p1|Darkrai|
|poke|p1|Golurk|
|poke|p1|Magmortar, M|
|poke|p1|Sylveon, F|
|poke|p1|Empoleon, M|
|poke|p1|Dusknoir, M|
|poke|p2|Ogerpon, F|
|poke|p2|Rillaboom, M|
|poke|p2|Great Tusk|
|poke|p2|Gholdengo|
|poke|p2|Moltres|
|poke|p2|Samurott-Hisui, F|
|teampreview
|inactive|Battle timer is ON: inactive players will automatically lose when time's up. (requested by fengbingyuan520)
|
|t:|1757943002
|teamsize|p1|6
|teamsize|p2|6
|start
|switch|p1a: Dusknoir|Dusknoir, M|100/100
|switch|p2a: Gholdengo|Gholdengo|100/100
|-item|p2a: Gholdengo|Air Balloon
|-ability|p1a: Dusknoir|Pressure
|turn|1
|
|t:|1757943010
|switch|p2a: Moltres|Moltres|100/100
|move|p1a: Dusknoir|Poltergeist|p2a: Moltres
|-activate|p2a: Moltres|move: Poltergeist|Heavy-Duty Boots
|-damage|p2a: Moltres|65/100
|
|upkeep
|turn|2
|
|t:|1757943020
|move|p2a: Moltres|Will-O-Wisp|p1a: Dusknoir
|-status|p1a: Dusknoir|brn
|move|p1a: Dusknoir|Poltergeist|p2a: Moltres
|-activate|p2a: Moltres|move: Poltergeist|Heavy-Duty Boots
|-damage|p2a: Moltres|48/100
|
|-damage|p1a: Dusknoir|94/100 brn|[from] brn
|upkeep
|turn|3
|
|t:|1757943031
|move|p2a: Moltres|Roost|p2a: Moltres
|-heal|p2a: Moltres|98/100
|-singleturn|p2a: Moltres|move: Roost
|move|p1a: Dusknoir|Poltergeist|p2a: Moltres
|-activate|p2a: Moltres|move: Poltergeist|Heavy-Duty Boots
|-damage|p2a: Moltres|80/100
|
|-heal|p1a: Dusknoir|100/100 brn|[from] item: Leftovers
|-damage|p1a: Dusknoir|94/100 brn|[from] brn
|upkeep
|turn|4
|
|t:|1757943043
|move|p2a: Moltres|Flamethrower|p1a: Dusknoir
|-damage|p1a: Dusknoir|59/100 brn
|move|p1a: Dusknoir|Poltergeist|p2a: Moltres|[miss]
|-miss|p1a: Dusknoir|p2a: Moltres
|
|-heal|p1a: Dusknoir|65/100 brn|[from] item: Leftovers
|-damage|p1a: Dusknoir|59/100 brn|[from] brn
|upkeep
|turn|5
|
|t:|1757943053
|move|p2a: Moltres|Hurricane|p1a: Dusknoir|[miss]
|-miss|p2a: Moltres|p1a: Dusknoir
|move|p1a: Dusknoir|Pain Split|p2a: Moltres
|-sethp|p2a: Moltres|63/100|[from] move: Pain Split|[silent]
|-sethp|p1a: Dusknoir|81/100 brn|[from] move: Pain Split
|
|-heal|p1a: Dusknoir|88/100 brn|[from] item: Leftovers
|-damage|p1a: Dusknoir|81/100 brn|[from] brn
|upkeep
|turn|6
|
|t:|1757943063
|move|p2a: Moltres|Hurricane|p1a: Dusknoir
|-damage|p1a: Dusknoir|41/100 brn
|move|p1a: Dusknoir|Poltergeist|p2a: Moltres
|-activate|p2a: Moltres|move: Poltergeist|Heavy-Duty Boots
|-damage|p2a: Moltres|43/100
|
|-heal|p1a: Dusknoir|47/100 brn|[from] item: Leftovers
|-damage|p1a: Dusknoir|41/100 brn|[from] brn
|upkeep
|turn|7
|
|t:|1757943075
|move|p2a: Moltres|Roost|p2a: Moltres
|-heal|p2a: Moltres|93/100
|-singleturn|p2a: Moltres|move: Roost
|move|p1a: Dusknoir|Pain Split|p2a: Moltres
|-sethp|p2a: Moltres|62/100|[from] move: Pain Split|[silent]
|-sethp|p1a: Dusknoir|81/100 brn|[from] move: Pain Split
|
|-heal|p1a: Dusknoir|87/100 brn|[from] item: Leftovers
|-damage|p1a: Dusknoir|81/100 brn|[from] brn
|upkeep
|turn|8
|
|t:|1757943086
|move|p2a: Moltres|Hurricane|p1a: Dusknoir
|-crit|p1a: Dusknoir
|-damage|p1a: Dusknoir|17/100 brn
|move|p1a: Dusknoir|Poltergeist|p2a: Moltres
|-activate|p2a: Moltres|move: Poltergeist|Heavy-Duty Boots
|-damage|p2a: Moltres|46/100
|
|-heal|p1a: Dusknoir|23/100 brn|[from] item: Leftovers
|-damage|p1a: Dusknoir|17/100 brn|[from] brn
|upkeep
|turn|9
|
|t:|1757943097
|move|p2a: Moltres|Flamethrower|p1a: Dusknoir
|-damage|p1a: Dusknoir|0 fnt
|faint|p1a: Dusknoir
|
|upkeep
|
|t:|1757943110
|switch|p1a: Empoleon|Empoleon, M|100/100
|turn|10
|
|t:|1757943120
|switch|p2a: Rillaboom|Rillaboom, M|100/100
|-fieldstart|move: Grassy Terrain|[from] ability: Grassy Surge|[of] p2a: Rillaboom
|move|p1a: Empoleon|Surf|p2a: Rillaboom
|-resisted|p2a: Rillaboom
|-damage|p2a: Rillaboom|76/100
|
|-heal|p2a: Rillaboom|82/100|[from] Grassy Terrain
|upkeep
|turn|11
|
|t:|1757943140
|switch|p2a: Samurott|Samurott-Hisui, F|100/100
|switch|p1a: Magmortar|Magmortar, M|100/100
|
|upkeep
|turn|12
|
|t:|1757943148
|switch|p1a: Sylveon|Sylveon, F|100/100
|move|p2a: Samurott|Ceaseless Edge|p1a: Sylveon
|-resisted|p1a: Sylveon
|-crit|p1a: Sylveon
|-damage|p1a: Sylveon|68/100
|-sidestart|p1: RomanticM|Spikes
|
|-heal|p1a: Sylveon|74/100|[from] Grassy Terrain
|-heal|p1a: Sylveon|80/100|[from] item: Leftovers
|upkeep
|turn|13
|
|t:|1757943158
|switch|p2a: Rillaboom|Rillaboom, M|82/100
|move|p1a: Sylveon|Wish|p1a: Sylveon
|
|-heal|p2a: Rillaboom|89/100|[from] Grassy Terrain
|-heal|p1a: Sylveon|86/100|[from] Grassy Terrain
|-heal|p1a: Sylveon|92/100|[from] item: Leftovers
|upkeep
|turn|14
|
|t:|1757943166
|move|p2a: Rillaboom|Knock Off|p1a: Sylveon
|-resisted|p1a: Sylveon
|-crit|p1a: Sylveon
|-damage|p1a: Sylveon|64/100
|-enditem|p1a: Sylveon|Leftovers|[from] move: Knock Off|[of] p2a: Rillaboom
|move|p1a: Sylveon|Moonblast|p2a: Rillaboom
|-damage|p2a: Rillaboom|32/100
|-unboost|p2a: Rillaboom|spa|1
|
|-heal|p1a: Sylveon|100/100|[from] move: Wish|[wisher] Sylveon
|-heal|p2a: Rillaboom|38/100|[from] Grassy Terrain
|upkeep
|turn|15
|
|t:|1757943181
|switch|p2a: Gholdengo|Gholdengo|100/100
|-item|p2a: Gholdengo|Air Balloon
|move|p1a: Sylveon|Moonblast|p2a: Gholdengo
|-resisted|p2a: Gholdengo
|-damage|p2a: Gholdengo|73/100
|-enditem|p2a: Gholdengo|Air Balloon
|
|-heal|p2a: Gholdengo|79/100|[from] Grassy Terrain
|upkeep
|turn|16
|
|t:|1757943195
|switch|p1a: Golurk|Golurk|100/100
|-damage|p1a: Golurk|88/100|[from] Spikes
|move|p2a: Gholdengo|Make It Rain|p1a: Golurk
|-damage|p1a: Golurk|21/100
|-unboost|p2a: Gholdengo|spa|1
|
|-heal|p2a: Gholdengo|85/100|[from] Grassy Terrain
|-heal|p1a: Golurk|28/100|[from] Grassy Terrain
|-heal|p1a: Golurk|34/100|[from] item: Leftovers
|upkeep
|turn|17
|
|t:|1757943207
|move|p2a: Gholdengo|Shadow Ball|p1a: Golurk
|-supereffective|p1a: Golurk
|-damage|p1a: Golurk|0 fnt
|faint|p1a: Golurk
|
|-heal|p2a: Gholdengo|91/100|[from] Grassy Terrain
|-fieldend|move: Grassy Terrain
|upkeep
|
|t:|1757943229
|switch|p1a: Magmortar|Magmortar, M|100/100
|-damage|p1a: Magmortar|88/100|[from] Spikes
|turn|18
|
|t:|1757943236
|switch|p2a: Samurott|Samurott-Hisui, F|100/100
|move|p1a: Magmortar|Flamethrower|p2a: Samurott
|-resisted|p2a: Samurott
|-damage|p2a: Samurott|86/100
|
|upkeep
|turn|19
|
|t:|1757943251
|switch|p1a: Sylveon|Sylveon, F|100/100
|-damage|p1a: Sylveon|88/100|[from] Spikes
|move|p2a: Samurott|Sacred Sword|p1a: Sylveon
|-resisted|p1a: Sylveon
|-damage|p1a: Sylveon|68/100
|
|upkeep
|turn|20
|
|t:|1757943261
|switch|p2a: Moltres|Moltres|46/100
|move|p1a: Sylveon|Wish|p1a: Sylveon
|
|upkeep
|turn|21
|
|t:|1757943266
|move|p2a: Moltres|Will-O-Wisp|p1a: Sylveon
|-status|p1a: Sylveon|brn
|move|p1a: Sylveon|Light Screen|p1a: Sylveon
|-sidestart|p1: RomanticM|move: Light Screen
|
|-heal|p1a: Sylveon|100/100 brn|[from] move: Wish|[wisher] Sylveon
|-damage|p1a: Sylveon|94/100 brn|[from] brn
|upkeep
|turn|22
|
|t:|1757943275
|move|p2a: Moltres|Roost|p2a: Moltres
|-heal|p2a: Moltres|96/100
|-singleturn|p2a: Moltres|move: Roost
|move|p1a: Sylveon|Moonblast|p2a: Moltres
|-resisted|p2a: Moltres
|-damage|p2a: Moltres|74/100
|
|-damage|p1a: Sylveon|88/100 brn|[from] brn
|upkeep
|turn|23
|
|t:|1757943287
|move|p2a: Moltres|Hurricane|p1a: Sylveon
|-damage|p1a: Sylveon|69/100 brn
|-start|p1a: Sylveon|confusion
|-activate|p1a: Sylveon|confusion
|move|p1a: Sylveon|Psychic|p2a: Moltres
|-damage|p2a: Moltres|47/100
|
|-damage|p1a: Sylveon|63/100 brn|[from] brn
|upkeep
|turn|24
|
|t:|1757943297
|move|p2a: Moltres|Roost|p2a: Moltres
|-heal|p2a: Moltres|97/100
|-singleturn|p2a: Moltres|move: Roost
|-activate|p1a: Sylveon|confusion
|-damage|p1a: Sylveon|58/100 brn|[from] confusion
|
|-damage|p1a: Sylveon|52/100 brn|[from] brn
|upkeep
|turn|25
|
|t:|1757943311
|switch|p2a: Gholdengo|Gholdengo|91/100
|-activate|p1a: Sylveon|confusion
|-damage|p1a: Sylveon|47/100 brn|[from] confusion
|
|-damage|p1a: Sylveon|41/100 brn|[from] brn
|-sideend|p1: RomanticM|move: Light Screen
|upkeep
|turn|26
|
|t:|1757943328
|move|p2a: Gholdengo|Make It Rain|p1a: Sylveon
|-supereffective|p1a: Sylveon
|-damage|p1a: Sylveon|0 fnt
|-unboost|p2a: Gholdengo|spa|1
|faint|p1a: Sylveon
|
|upkeep
|
|t:|1757943336
|switch|p1a: Darkrai|Darkrai|100/100
|turn|27
|
|t:|1757943341
|switch|p2a: Rillaboom|Rillaboom, M|38/100
|-fieldstart|move: Grassy Terrain|[from] ability: Grassy Surge|[of] p2a: Rillaboom
|move|p1a: Darkrai|Dark Pulse|p2a: Rillaboom
|-damage|p2a: Rillaboom|0 fnt
|faint|p2a: Rillaboom
|
|upkeep
|
|t:|1757943347
|switch|p2a: Samurott|Samurott-Hisui, F|86/100
|turn|28
|
|t:|1757943358
|switch|p1a: Empoleon|Empoleon, M|100/100
|-damage|p1a: Empoleon|88/100|[from] Spikes
|move|p2a: Samurott|Sacred Sword|p1a: Empoleon
|-supereffective|p1a: Empoleon
|-damage|p1a: Empoleon|18/100
|
|-heal|p2a: Samurott|92/100|[from] Grassy Terrain
|-heal|p1a: Empoleon|24/100|[from] Grassy Terrain
|-heal|p1a: Empoleon|31/100|[from] item: Leftovers
|upkeep
|turn|29
|
|t:|1757943378
|move|p2a: Samurott|Sacred Sword|p1a: Empoleon
|-supereffective|p1a: Empoleon
|-damage|p1a: Empoleon|0 fnt
|faint|p1a: Empoleon
|
|-heal|p2a: Samurott|98/100|[from] Grassy Terrain
|upkeep
|
|t:|1757943386
|switch|p1a: Darkrai|Darkrai|100/100
|turn|30
|
|t:|1757943392
|move|p1a: Darkrai|Dark Pulse|p2a: Samurott
|-resisted|p2a: Samurott
|-damage|p2a: Samurott|84/100
|move|p2a: Samurott|Sacred Sword|p1a: Darkrai
|-supereffective|p1a: Darkrai
|-damage|p1a: Darkrai|0 fnt
|faint|p1a: Darkrai
|
|-heal|p2a: Samurott|90/100|[from] Grassy Terrain
|upkeep
|
|t:|1757943401
|switch|p1a: Magmortar|Magmortar, M|88/100
|-damage|p1a: Magmortar|76/100|[from] Spikes
|turn|31
|
|t:|1757943405
|move|p2a: Samurott|Razor Shell|p1a: Magmortar
|-supereffective|p1a: Magmortar
|-damage|p1a: Magmortar|0 fnt
|faint|p1a: Magmortar
|
|win|fengbingyuan520
|raw|RomanticM's rating: 1109 &rarr; <strong>1086</strong><br />(-23 for losing)
|raw|fengbingyuan520's rating: 1131 &rarr; <strong>1154</strong><br />(+23 for winning)
|l|☆RomanticM
|player|p1|
|l|☆fengbingyuan520
|player|p2|
