|j|☆juaquiness
|j|☆CM_Griffon
|t:|1757959534
|gametype|singles
|player|p1|juaquiness|170|1262
|player|p2|CM_Griffon|brawly|1225
|gen|9
|tier|[Gen 9] OU
|rated|
|rule|HP Percentage Mod: HP is shown in percentages
|rule|Endless Battle Clause: Forcing endless battles is banned
|rule|Species Clause: Limit one of each Pokémon
|rule|OHKO Clause: OHKO moves are banned
|rule|Evasion Items Clause: Evasion items are banned
|rule|Evasion Moves Clause: Evasion moves are banned
|rule|Evasion Abilities Clause: Evasion abilities are banned
|rule|Sleep Moves Clause: Sleep-inducing moves are banned
|clearpoke
|poke|p1|Landorus-Therian, M|
|poke|p1|Alomomola, F|
|poke|p1|Raging Bolt|
|poke|p1|Ceruledge, M|
|poke|p1|Kingambit, M|
|poke|p1|Fezandipiti, M|
|poke|p2|Gliscor, M|
|poke|p2|Kyurem|
|poke|p2|Cinderace, M|
|poke|p2|Slowking-Galar, M|
|poke|p2|Dondozo, M|
|poke|p2|Scream Tail|
|teampreview
|inactive|Battle timer is ON: inactive players will automatically lose when time's up. (requested by CM_Griffon)
|
|t:|1757959542
|teamsize|p1|6
|teamsize|p2|6
|start
|switch|p1a: Alomomola|Alomomola, F|100/100
|switch|p2a: Zerobreak|Kyurem|100/100
|-ability|p2a: Zerobreak|Pressure
|turn|1
|
|t:|1757959545
|move|p2a: Zerobreak|Freeze-Dry|p1a: Alomomola
|-supereffective|p1a: Alomomola
|-damage|p1a: Alomomola|18/100
|move|p1a: Alomomola|Flip Turn|p2a: Zerobreak
|-resisted|p2a: Zerobreak
|-damage|p2a: Zerobreak|93/100
|
|t:|1757959549
|switch|p1a: Kingambit|Kingambit, M|100/100|[from] Flip Turn
|
|upkeep
|turn|2
|
|t:|1757959558
|switch|p2a: NoctSkor|Gliscor, M|100/100
|move|p1a: Kingambit|Kowtow Cleave|p2a: NoctSkor
|-damage|p2a: NoctSkor|71/100
|
|-status|p2a: NoctSkor|tox|[from] item: Toxic Orb
|upkeep
|turn|3
|
|t:|1757959566
|-end|p1a: Kingambit|fallenundefined|[silent]
|switch|p1a: Alomomola|Alomomola, F|51/100
|move|p2a: NoctSkor|Earthquake|p1a: Alomomola
|-damage|p1a: Alomomola|34/100
|
|-heal|p2a: NoctSkor|83/100 tox|[from] ability: Poison Heal
|upkeep
|turn|4
|
|t:|1757959571
|move|p2a: NoctSkor|Toxic|p1a: Alomomola
|-status|p1a: Alomomola|tox
|move|p1a: Alomomola|Flip Turn|p2a: NoctSkor
|-supereffective|p2a: NoctSkor
|-damage|p2a: NoctSkor|63/100 tox
|
|t:|1757959579
|switch|p1a: Ceruledge|Ceruledge, M|100/100|[from] Flip Turn
|
|-heal|p2a: NoctSkor|75/100 tox|[from] ability: Poison Heal
|upkeep
|turn|5
|
|t:|1757959584
|move|p1a: Ceruledge|Swords Dance|p1a: Ceruledge
|-boost|p1a: Ceruledge|atk|2
|move|p2a: NoctSkor|Earthquake|p1a: Ceruledge
|-supereffective|p1a: Ceruledge
|-damage|p1a: Ceruledge|12/100
|-ability|p1a: Ceruledge|Weak Armor|boost
|-unboost|p1a: Ceruledge|def|1
|-boost|p1a: Ceruledge|spe|2
|
|-heal|p2a: NoctSkor|88/100 tox|[from] ability: Poison Heal
|upkeep
|turn|6
|
|t:|1757959593
|-terastallize|p2a: NoctSkor|Water
|move|p1a: Ceruledge|Bitter Blade|p2a: NoctSkor
|-resisted|p2a: NoctSkor
|-damage|p2a: NoctSkor|60/100 tox
|-heal|p1a: Ceruledge|29/100|[from] drain|[of] p2a: NoctSkor
|move|p2a: NoctSkor|Earthquake|p1a: Ceruledge
|-supereffective|p1a: Ceruledge
|-damage|p1a: Ceruledge|0 fnt
|faint|p1a: Ceruledge
|
|-heal|p2a: NoctSkor|72/100 tox|[from] ability: Poison Heal
|upkeep
|
|t:|1757959600
|switch|p1a: Raging Bolt|Raging Bolt|100/100
|turn|7
|
|t:|1757959607
|-terastallize|p1a: Raging Bolt|Fairy
|move|p1a: Raging Bolt|Thunderbolt|p2a: NoctSkor
|-supereffective|p2a: NoctSkor
|-damage|p2a: NoctSkor|0 fnt
|faint|p2a: NoctSkor
|-damage|p1a: Raging Bolt|91/100|[from] item: Life Orb
|
|upkeep
|
|t:|1757959617
|switch|p2a: FlickerFlip|Cinderace, M|100/100
|turn|8
|
|t:|1757959624
|move|p2a: FlickerFlip|Pyro Ball|p1a: Raging Bolt
|-damage|p1a: Raging Bolt|37/100
|move|p1a: Raging Bolt|Thunderbolt|p2a: FlickerFlip
|-damage|p2a: FlickerFlip|0 fnt
|faint|p2a: FlickerFlip
|-damage|p1a: Raging Bolt|27/100|[from] item: Life Orb
|
|upkeep
|
|t:|1757959631
|switch|p2a: Echoveil|Scream Tail|100/100
|-enditem|p2a: Echoveil|Booster Energy
|-activate|p2a: Echoveil|ability: Protosynthesis|[fromitem]
|-start|p2a: Echoveil|protosynthesisspe
|turn|9
|
|t:|1757959640
|-end|p1a: Raging Bolt|Protosynthesis|[silent]
|switch|p1a: Fezandipiti|Fezandipiti, M|100/100
|move|p2a: Echoveil|Dazzling Gleam|p1a: Fezandipiti
|-resisted|p1a: Fezandipiti
|-damage|p1a: Fezandipiti|93/100
|
|-heal|p1a: Fezandipiti|99/100|[from] item: Leftovers
|upkeep
|turn|10
|
|t:|1757959645
|move|p2a: Echoveil|Thunder Wave|p1a: Fezandipiti
|-status|p1a: Fezandipiti|par
|cant|p1a: Fezandipiti|par
|
|-heal|p1a: Fezandipiti|100/100 par|[from] item: Leftovers
|upkeep
|turn|11
|
|t:|1757959652
|move|p2a: Echoveil|Protect|p2a: Echoveil
|-singleturn|p2a: Echoveil|Protect
|move|p1a: Fezandipiti|Sludge Bomb|p2a: Echoveil
|-activate|p2a: Echoveil|move: Protect
|
|upkeep
|turn|12
|
|t:|1757959657
|-end|p2a: Echoveil|Protosynthesis|[silent]
|switch|p2a: PsicoCzar|Slowking-Galar, M|100/100
|move|p1a: Fezandipiti|Sludge Bomb|p2a: PsicoCzar
|-resisted|p2a: PsicoCzar
|-damage|p2a: PsicoCzar|91/100
|
|upkeep
|turn|13
|
|t:|1757959667
|switch|p1a: Alomomola|Alomomola, F|67/100 tox
|move|p2a: PsicoCzar|Future Sight|p1a: Alomomola
|-start|p2a: PsicoCzar|move: Future Sight
|
|-damage|p1a: Alomomola|61/100 tox|[from] psn
|upkeep
|turn|14
|
|t:|1757959673
|move|p1a: Alomomola|Wish|p1a: Alomomola
|-prepare|p2a: PsicoCzar|Chilly Reception|[premajor]
|move|p2a: PsicoCzar|Chilly Reception|p2a: PsicoCzar
|-weather|Snowscape
|
|t:|1757959679
|switch|p2a: Zerobreak|Kyurem|93/100|[from] Chilly Reception
|-ability|p2a: Zerobreak|Pressure
|
|-weather|Snowscape|[upkeep]
|-damage|p1a: Alomomola|49/100 tox|[from] psn
|upkeep
|turn|15
|
|t:|1757959683
|move|p1a: Alomomola|Protect|p1a: Alomomola
|-singleturn|p1a: Alomomola|Protect
|move|p2a: Zerobreak|Freeze-Dry|p1a: Alomomola
|-activate|p1a: Alomomola|move: Protect
|
|-weather|Snowscape|[upkeep]
|-end|p1a: Alomomola|move: Future Sight
|-damage|p1a: Alomomola|0 fnt
|faint|p1a: Alomomola
|upkeep
|
|t:|1757959694
|switch|p1a: Kingambit|Kingambit, M|100/100
|-activate|p1a: Kingambit|ability: Supreme Overlord
|-start|p1a: Kingambit|fallen2|[silent]
|turn|16
|
|t:|1757959698
|move|p2a: Zerobreak|Earth Power|p1a: Kingambit
|-supereffective|p1a: Kingambit
|-damage|p1a: Kingambit|34/100
|move|p1a: Kingambit|Swords Dance|p1a: Kingambit
|-boost|p1a: Kingambit|atk|2
|
|-weather|Snowscape|[upkeep]
|-heal|p1a: Kingambit|40/100|[from] item: Leftovers
|upkeep
|turn|17
|
|t:|1757959703
|move|p1a: Kingambit|Sucker Punch|p2a: Zerobreak
|-damage|p2a: Zerobreak|27/100
|move|p2a: Zerobreak|Earth Power|p1a: Kingambit
|-supereffective|p1a: Kingambit
|-damage|p1a: Kingambit|0 fnt
|faint|p1a: Kingambit
|-end|p1a: Kingambit|fallen2|[silent]
|
|-weather|Snowscape|[upkeep]
|upkeep
|
|t:|1757959706
|switch|p1a: Raging Bolt|Raging Bolt, tera:Fairy|27/100
|turn|18
|
|t:|1757959713
|move|p1a: Raging Bolt|Thunderclap|p2a: Zerobreak
|-resisted|p2a: Zerobreak
|-damage|p2a: Zerobreak|3/100
|-damage|p1a: Raging Bolt|17/100|[from] item: Life Orb
|move|p2a: Zerobreak|Earth Power|p1a: Raging Bolt
|-damage|p1a: Raging Bolt|0 fnt
|faint|p1a: Raging Bolt
|-end|p1a: Raging Bolt|Protosynthesis|[silent]
|
|-weather|none
|upkeep
|
|t:|1757959720
|switch|p1a: Landorus|Landorus-Therian, M|100/100
|-ability|p1a: Landorus|Intimidate|boost
|-unboost|p2a: Zerobreak|atk|1
|turn|19
|
|t:|1757959724
|move|p2a: Zerobreak|Freeze-Dry|p1a: Landorus
|-supereffective|p1a: Landorus
|-damage|p1a: Landorus|0 fnt
|faint|p1a: Landorus
|
|upkeep
|
|t:|1757959728
|switch|p1a: Fezandipiti|Fezandipiti, M|100/100 par
|turn|20
|
|t:|1757959731
|move|p2a: Zerobreak|Earth Power|p1a: Fezandipiti
|-supereffective|p1a: Fezandipiti
|-damage|p1a: Fezandipiti|54/100 par
|move|p1a: Fezandipiti|Moonblast|p2a: Zerobreak
|-supereffective|p2a: Zerobreak
|-damage|p2a: Zerobreak|0 fnt
|faint|p2a: Zerobreak
|
|-heal|p1a: Fezandipiti|60/100 par|[from] item: Leftovers
|upkeep
|
|t:|1757959739
|switch|p2a: PsicoCzar|Slowking-Galar, M|100/100
|turn|21
|-message|juaquiness forfeited.
|
|win|CM_Griffon
|raw|juaquiness's rating: 1262 &rarr; <strong>1234</strong><br />(-28 for losing)
|raw|CM_Griffon's rating: 1225 &rarr; <strong>1253</strong><br />(+28 for winning)
|l|☆juaquiness
|player|p1|
