|j|☆Mixster23
|j|☆lxymxn
|t:|1757842583
|gametype|singles
|player|p1|Mixster23|101|1425
|player|p2|lxymxn|265|1444
|gen|9
|tier|[Gen 9] OU
|rated|
|rule|HP Percentage Mod: HP is shown in percentages
|rule|Endless Battle Clause: Forcing endless battles is banned
|rule|Species Clause: Limit one of each Pokémon
|rule|OHKO Clause: OHKO moves are banned
|rule|Evasion Items Clause: Evasion items are banned
|rule|Evasion Moves Clause: Evasion moves are banned
|rule|Evasion Abilities Clause: Evasion abilities are banned
|rule|Sleep Moves Clause: Sleep-inducing moves are banned
|clearpoke
|poke|p1|Hippowdon, F|
|poke|p1|Garganacl, M|
|poke|p1|Ogerpon-Wellspring, F|
|poke|p1|Dragapult, M|
|poke|p1|Corviknight, F|
|poke|p1|Gastrodon-East, F|
|poke|p2|Torkoal, M|
|poke|p2|Walking Wake|
|poke|p2|Great Tusk|
|poke|p2|Ninetales, M|
|poke|p2|Sandy Shocks|
|poke|p2|Ditto|
|teampreview
|
|t:|1757842596
|teamsize|p1|6
|teamsize|p2|6
|start
|switch|p1a: Dragapult|Dragapult, M, shiny|100/100
|switch|p2a: Torkoal|Torkoal, M|100/100
|-weather|SunnyDay|[from] ability: Drought|[of] p2a: Torkoal
|turn|1
|
|t:|1757842599
|move|p1a: Dragapult|U-turn|p2a: Torkoal
|-resisted|p2a: Torkoal
|-damage|p2a: Torkoal|95/100
|
|t:|1757842603
|switch|p1a: Hippowdon|Hippowdon, F|100/100|[from] U-turn
|-weather|Sandstorm|[from] ability: Sand Stream|[of] p1a: Hippowdon
|move|p2a: Torkoal|Stealth Rock|p1a: Hippowdon
|-sidestart|p1: Mixster23|move: Stealth Rock
|
|-weather|Sandstorm|[upkeep]
|-damage|p2a: Torkoal|89/100|[from] Sandstorm
|upkeep
|turn|2
|
|t:|1757842608
|switch|p2a: Ninetales|Ninetales, M|100/100
|-weather|SunnyDay|[from] ability: Drought|[of] p2a: Ninetales
|move|p1a: Hippowdon|Stealth Rock|p2a: Ninetales
|-sidestart|p2: lxymxn|move: Stealth Rock
|
|-weather|SunnyDay|[upkeep]
|upkeep
|turn|3
|
|t:|1757842613
|switch|p1a: Garganacl|Garganacl, M, shiny|100/100
|-damage|p1a: Garganacl|88/100|[from] Stealth Rock
|move|p2a: Ninetales|Solar Beam||[still]
|-prepare|p2a: Ninetales|Solar Beam
|-anim|p2a: Ninetales|Solar Beam|p1a: Garganacl
|-supereffective|p1a: Garganacl
|-damage|p1a: Garganacl|55/100
|
|-weather|SunnyDay|[upkeep]
|-heal|p1a: Garganacl|61/100|[from] item: Leftovers
|upkeep
|turn|4
|
|t:|1757842618
|move|p2a: Ninetales|Solar Beam||[still]
|-prepare|p2a: Ninetales|Solar Beam
|-anim|p2a: Ninetales|Solar Beam|p1a: Garganacl
|-supereffective|p1a: Garganacl
|-damage|p1a: Garganacl|28/100
|move|p1a: Garganacl|Recover|p1a: Garganacl
|-heal|p1a: Garganacl|78/100
|
|-weather|SunnyDay|[upkeep]
|-heal|p1a: Garganacl|85/100|[from] item: Leftovers
|upkeep
|turn|5
|
|t:|1757842622
|move|p2a: Ninetales|Overheat|p1a: Garganacl
|-resisted|p1a: Garganacl
|-damage|p1a: Garganacl|63/100
|-unboost|p2a: Ninetales|spa|2
|-enditem|p2a: Ninetales|Eject Pack
|
|t:|1757842626
|switch|p2a: Great Tusk|Great Tusk|100/100
|-damage|p2a: Great Tusk|98/100|[from] Stealth Rock
|-activate|p2a: Great Tusk|ability: Protosynthesis
|-start|p2a: Great Tusk|protosynthesisatk
|move|p1a: Garganacl|Salt Cure|p2a: Great Tusk
|-resisted|p2a: Great Tusk
|-damage|p2a: Great Tusk|95/100
|-start|p2a: Great Tusk|Salt Cure
|
|-weather|SunnyDay|[upkeep]
|-heal|p2a: Great Tusk|100/100|[from] item: Leftovers
|-heal|p1a: Garganacl|69/100|[from] item: Leftovers
|-damage|p2a: Great Tusk|88/100|[from] Salt Cure
|upkeep
|turn|6
|
|t:|1757842630
|switch|p1a: Corviknight|Corviknight, F, shiny|100/100
|-damage|p1a: Corviknight|88/100|[from] Stealth Rock
|-ability|p1a: Corviknight|Pressure
|move|p2a: Great Tusk|Rapid Spin|p1a: Corviknight
|-resisted|p1a: Corviknight
|-damage|p1a: Corviknight|79/100
|-boost|p2a: Great Tusk|spe|1
|-damage|p2a: Great Tusk|72/100|[from] item: Rocky Helmet|[of] p1a: Corviknight
|-sideend|p2: lxymxn|Stealth Rock|[from] move: Rapid Spin|[of] p2a: Great Tusk
|
|-weather|none
|-end|p2a: Great Tusk|Protosynthesis
|-heal|p2a: Great Tusk|78/100|[from] item: Leftovers
|-damage|p2a: Great Tusk|65/100|[from] Salt Cure
|upkeep
|turn|7
|
|t:|1757842635
|-end|p2a: Great Tusk|Protosynthesis|[silent]
|switch|p2a: Torkoal|Torkoal, M|89/100
|-weather|SunnyDay|[from] ability: Drought|[of] p2a: Torkoal
|move|p1a: Corviknight|Defog|p2a: Torkoal
|-unboost|p2a: Torkoal|evasion|1
|-sideend|p1: Mixster23|Stealth Rock|[from] move: Defog|[of] p1a: Corviknight
|
|-weather|SunnyDay|[upkeep]
|upkeep
|turn|8
|
|t:|1757842640
|switch|p1a: Hippowdon|Hippowdon, F|100/100
|-weather|Sandstorm|[from] ability: Sand Stream|[of] p1a: Hippowdon
|move|p2a: Torkoal|Stealth Rock|p1a: Hippowdon
|-sidestart|p1: Mixster23|move: Stealth Rock
|
|-weather|Sandstorm|[upkeep]
|-damage|p2a: Torkoal|83/100|[from] Sandstorm
|upkeep
|turn|9
|
|t:|1757842649
|switch|p2a: Walking Wake|Walking Wake|100/100
|move|p1a: Hippowdon|Earthquake|p2a: Walking Wake
|-damage|p2a: Walking Wake|59/100
|
|-weather|Sandstorm|[upkeep]
|-damage|p2a: Walking Wake|53/100|[from] Sandstorm
|upkeep
|turn|10
|
|t:|1757842655
|switch|p1a: Gastrodon|Gastrodon-East, F, shiny|100/100
|-terastallize|p2a: Walking Wake|Water
|move|p2a: Walking Wake|Hydro Steam|p1a: Gastrodon
|-damage|p1a: Gastrodon|45/100
|
|-weather|Sandstorm|[upkeep]
|-damage|p2a: Walking Wake|47/100|[from] Sandstorm
|upkeep
|turn|11
|
|t:|1757842666
|switch|p1a: Ogerpon|Ogerpon-Wellspring, F|100/100
|-damage|p1a: Ogerpon|88/100|[from] Stealth Rock
|move|p2a: Walking Wake|Hydro Steam|p1a: Ogerpon
|-heal|p1a: Ogerpon|100/100|[from] ability: Water Absorb|[of] p2a: Walking Wake
|
|-weather|Sandstorm|[upkeep]
|-damage|p1a: Ogerpon|95/100|[from] Sandstorm
|-damage|p2a: Walking Wake|41/100|[from] Sandstorm
|upkeep
|turn|12
|
|t:|1757842677
|-end|p2a: Walking Wake|Protosynthesis|[silent]
|switch|p2a: Torkoal|Torkoal, M|83/100
|-weather|SunnyDay|[from] ability: Drought|[of] p2a: Torkoal
|move|p1a: Ogerpon|Knock Off|p2a: Torkoal
|-damage|p2a: Torkoal|60/100
|-enditem|p2a: Torkoal|Heat Rock|[from] move: Knock Off|[of] p1a: Ogerpon
|
|-weather|SunnyDay|[upkeep]
|upkeep
|turn|13
|
|t:|1757842684
|move|p1a: Ogerpon|Ivy Cudgel|p2a: Torkoal|[anim] Ivy Cudgel Water
|-supereffective|p2a: Torkoal
|-damage|p2a: Torkoal|26/100
|move|p2a: Torkoal|Lava Plume|p1a: Ogerpon
|-damage|p1a: Ogerpon|55/100
|-status|p1a: Ogerpon|brn
|
|-weather|SunnyDay|[upkeep]
|-damage|p1a: Ogerpon|49/100 brn|[from] brn
|upkeep
|turn|14
|
|t:|1757842688
|move|p1a: Ogerpon|U-turn|p2a: Torkoal
|-resisted|p2a: Torkoal
|-damage|p2a: Torkoal|23/100
|
|t:|1757842691
|switch|p1a: Hippowdon|Hippowdon, F|100/100|[from] U-turn
|-weather|Sandstorm|[from] ability: Sand Stream|[of] p1a: Hippowdon
|move|p2a: Torkoal|Lava Plume|p1a: Hippowdon
|-damage|p1a: Hippowdon|74/100
|
|-weather|Sandstorm|[upkeep]
|-damage|p2a: Torkoal|17/100|[from] Sandstorm
|upkeep
|turn|15
|
|t:|1757842702
|switch|p2a: Ninetales|Ninetales, M|100/100
|-weather|SunnyDay|[from] ability: Drought|[of] p2a: Ninetales
|move|p1a: Hippowdon|Stealth Rock|p2a: Ninetales
|-sidestart|p2: lxymxn|move: Stealth Rock
|
|-weather|SunnyDay|[upkeep]
|upkeep
|turn|16
|
|t:|1757842710
|switch|p1a: Gastrodon|Gastrodon-East, F, shiny|45/100
|move|p2a: Ninetales|Will-O-Wisp|p1a: Gastrodon
|-status|p1a: Gastrodon|brn
|
|-weather|SunnyDay|[upkeep]
|-damage|p1a: Gastrodon|39/100 brn|[from] brn
|upkeep
|turn|17
|
|t:|1757842721
|move|p2a: Ninetales|Solar Beam||[still]
|-prepare|p2a: Ninetales|Solar Beam
|-anim|p2a: Ninetales|Solar Beam|p1a: Gastrodon
|-supereffective|p1a: Gastrodon
|-damage|p1a: Gastrodon|0 fnt
|faint|p1a: Gastrodon
|
|-weather|SunnyDay|[upkeep]
|upkeep
|
|t:|1757842726
|switch|p1a: Hippowdon|Hippowdon, F|74/100
|-weather|Sandstorm|[from] ability: Sand Stream|[of] p1a: Hippowdon
|turn|18
|
|t:|1757842739
|switch|p2a: Torkoal|Torkoal, M|17/100
|-damage|p2a: Torkoal|0 fnt|[from] Stealth Rock
|faint|p2a: Torkoal
|move|p1a: Hippowdon|Earthquake|p2: Torkoal|[notarget]
|-fail|p1a: Hippowdon
|
|-weather|Sandstorm|[upkeep]
|upkeep
|
|t:|1757842741
|switch|p2a: Ditto|Ditto|100/100
|-damage|p2a: Ditto|88/100|[from] Stealth Rock
|-transform|p2a: Ditto|p1a: Hippowdon|[from] ability: Imposter
|turn|19
|
|t:|1757842751
|move|p2a: Ditto|Earthquake|p1a: Hippowdon
|-damage|p1a: Hippowdon|52/100
|move|p1a: Hippowdon|Slack Off|p1a: Hippowdon
|-heal|p1a: Hippowdon|100/100
|
|-weather|Sandstorm|[upkeep]
|upkeep
|turn|20
|
|t:|1757842760
|switch|p2a: Great Tusk|Great Tusk|65/100
|-damage|p2a: Great Tusk|62/100|[from] Stealth Rock
|move|p1a: Hippowdon|Whirlwind|p2a: Great Tusk
|-end|p2a: Great Tusk|Protosynthesis|[silent]
|drag|p2a: Walking Wake|Walking Wake, tera:Water|41/100
|-damage|p2a: Walking Wake|29/100|[from] Stealth Rock
|
|-weather|Sandstorm|[upkeep]
|-damage|p2a: Walking Wake|22/100|[from] Sandstorm
|upkeep
|turn|21
|
|t:|1757842771
|switch|p1a: Ogerpon|Ogerpon-Wellspring, F|49/100 brn
|-damage|p1a: Ogerpon|36/100 brn|[from] Stealth Rock
|move|p2a: Walking Wake|Hydro Steam|p1a: Ogerpon
|-heal|p1a: Ogerpon|61/100 brn|[from] ability: Water Absorb|[of] p2a: Walking Wake
|
|-weather|Sandstorm|[upkeep]
|-damage|p1a: Ogerpon|55/100 brn|[from] Sandstorm
|-damage|p2a: Walking Wake|16/100|[from] Sandstorm
|-damage|p1a: Ogerpon|49/100 brn|[from] brn
|upkeep
|turn|22
|
|t:|1757842781
|-end|p2a: Walking Wake|Protosynthesis|[silent]
|switch|p2a: Great Tusk|Great Tusk|62/100
|-damage|p2a: Great Tusk|60/100|[from] Stealth Rock
|move|p1a: Ogerpon|Knock Off|p2a: Great Tusk
|-resisted|p2a: Great Tusk
|-damage|p2a: Great Tusk|53/100
|-enditem|p2a: Great Tusk|Leftovers|[from] move: Knock Off|[of] p1a: Ogerpon
|
|-weather|none
|-damage|p1a: Ogerpon|43/100 brn|[from] brn
|upkeep
|turn|23
|
|t:|1757842788
|switch|p1a: Corviknight|Corviknight, F, shiny|79/100
|-damage|p1a: Corviknight|67/100|[from] Stealth Rock
|-ability|p1a: Corviknight|Pressure
|move|p2a: Great Tusk|Rapid Spin|p1a: Corviknight
|-resisted|p1a: Corviknight
|-damage|p1a: Corviknight|60/100
|-boost|p2a: Great Tusk|spe|1
|-damage|p2a: Great Tusk|36/100|[from] item: Rocky Helmet|[of] p1a: Corviknight
|-sideend|p2: lxymxn|Stealth Rock|[from] move: Rapid Spin|[of] p2a: Great Tusk
|
|upkeep
|turn|24
|
|t:|1757842796
|move|p2a: Great Tusk|Headlong Rush|p1a: Corviknight
|-immune|p1a: Corviknight
|move|p1a: Corviknight|Defog|p2a: Great Tusk
|-unboost|p2a: Great Tusk|evasion|1
|-sideend|p1: Mixster23|Stealth Rock|[from] move: Defog|[of] p1a: Corviknight
|
|upkeep
|turn|25
|
|t:|1757842801
|-end|p2a: Great Tusk|Protosynthesis|[silent]
|switch|p2a: Ninetales|Ninetales, M|100/100
|-weather|SunnyDay|[from] ability: Drought|[of] p2a: Ninetales
|move|p1a: Corviknight|Roost|p1a: Corviknight
|-heal|p1a: Corviknight|100/100
|-singleturn|p1a: Corviknight|move: Roost
|
|-weather|SunnyDay|[upkeep]
|upkeep
|turn|26
|
|t:|1757842808
|switch|p1a: Hippowdon|Hippowdon, F|100/100
|-weather|Sandstorm|[from] ability: Sand Stream|[of] p1a: Hippowdon
|move|p2a: Ninetales|Will-O-Wisp|p1a: Hippowdon
|-status|p1a: Hippowdon|brn
|
|-weather|Sandstorm|[upkeep]
|-damage|p2a: Ninetales|94/100|[from] Sandstorm
|-damage|p1a: Hippowdon|94/100 brn|[from] brn
|upkeep
|turn|27
|
|t:|1757842813
|move|p2a: Ninetales|Solar Beam||[still]
|-prepare|p2a: Ninetales|Solar Beam
|move|p1a: Hippowdon|Stealth Rock|p2a: Ninetales
|-sidestart|p2: lxymxn|move: Stealth Rock
|
|-weather|Sandstorm|[upkeep]
|-damage|p2a: Ninetales|88/100|[from] Sandstorm
|-damage|p1a: Hippowdon|88/100 brn|[from] brn
|upkeep
|turn|28
|
|t:|1757842817
|switch|p1a: Corviknight|Corviknight, F, shiny|100/100
|-ability|p1a: Corviknight|Pressure
|move|p2a: Ninetales|Solar Beam|p1a: Corviknight|[from] lockedmove
|-resisted|p1a: Corviknight
|-damage|p1a: Corviknight|97/100
|
|-weather|Sandstorm|[upkeep]
|-damage|p2a: Ninetales|82/100|[from] Sandstorm
|upkeep
|turn|29
|
|t:|1757842823
|switch|p1a: Garganacl|Garganacl, M, shiny|69/100
|move|p2a: Ninetales|Overheat|p1a: Garganacl
|-resisted|p1a: Garganacl
|-damage|p1a: Garganacl|60/100
|-unboost|p2a: Ninetales|spa|2
|
|-weather|Sandstorm|[upkeep]
|-damage|p2a: Ninetales|76/100|[from] Sandstorm
|-heal|p1a: Garganacl|66/100|[from] item: Leftovers
|upkeep
|turn|30
|
|t:|1757842831
|switch|p2a: Ditto|Ditto|88/100
|-damage|p2a: Ditto|76/100|[from] Stealth Rock
|-transform|p2a: Ditto|p1a: Garganacl|[from] ability: Imposter
|move|p1a: Garganacl|Salt Cure|p2a: Ditto
|-damage|p2a: Ditto|63/100
|-start|p2a: Ditto|Salt Cure
|
|-weather|none
|-heal|p1a: Garganacl|72/100|[from] item: Leftovers
|-damage|p2a: Ditto|51/100|[from] Salt Cure
|upkeep
|turn|31
|
|t:|1757842841
|move|p2a: Ditto|Salt Cure|p1a: Garganacl
|-damage|p1a: Garganacl|62/100
|-start|p1a: Garganacl|Salt Cure
|move|p1a: Garganacl|Recover|p1a: Garganacl
|-heal|p1a: Garganacl|100/100
|
|-damage|p2a: Ditto|39/100|[from] Salt Cure
|-damage|p1a: Garganacl|88/100|[from] Salt Cure
|upkeep
|turn|32
|
|t:|1757842863
|switch|p2a: Sandy Shocks|Sandy Shocks|100/100
|-damage|p2a: Sandy Shocks|94/100|[from] Stealth Rock
|switch|p1a: Ogerpon|Ogerpon-Wellspring, F|43/100 brn
|
|-damage|p1a: Ogerpon|37/100 brn|[from] brn
|upkeep
|turn|33
|
|t:|1757842896
|move|p1a: Ogerpon|Ivy Cudgel|p2a: Sandy Shocks|[anim] Ivy Cudgel Water
|-supereffective|p2a: Sandy Shocks
|-damage|p2a: Sandy Shocks|30/100
|move|p2a: Sandy Shocks|Earth Power|p1a: Ogerpon
|-resisted|p1a: Ogerpon
|-damage|p1a: Ogerpon|0 fnt
|faint|p1a: Ogerpon
|
|upkeep
|inactive|Battle timer is ON: inactive players will automatically lose when time's up. (requested by Mixster23)
|
|t:|1757842899
|switch|p1a: Dragapult|Dragapult, M, shiny|100/100
|turn|34
|
|t:|1757842907
|-end|p2a: Sandy Shocks|Protosynthesis|[silent]
|switch|p2a: Ninetales|Ninetales, M|76/100
|-damage|p2a: Ninetales|52/100|[from] Stealth Rock
|-weather|SunnyDay|[from] ability: Drought|[of] p2a: Ninetales
|move|p1a: Dragapult|Dragon Darts|p2a: Ninetales
|-damage|p2a: Ninetales|26/100
|-anim|p1a: Dragapult|Dragon Darts|p2a: Ninetales
|-damage|p2a: Ninetales|0 fnt
|faint|p2a: Ninetales
|
|-weather|SunnyDay|[upkeep]
|upkeep
|
|t:|1757842912
|switch|p2a: Great Tusk|Great Tusk|36/100
|-damage|p2a: Great Tusk|33/100|[from] Stealth Rock
|-activate|p2a: Great Tusk|ability: Protosynthesis
|-start|p2a: Great Tusk|protosynthesisatk
|turn|35
|
|t:|1757842923
|move|p1a: Dragapult|Dragon Darts|p2a: Great Tusk
|-damage|p2a: Great Tusk|18/100
|-anim|p1a: Dragapult|Dragon Darts|p2a: Great Tusk
|-damage|p2a: Great Tusk|3/100
|move|p2a: Great Tusk|Headlong Rush|p1a: Dragapult
|-damage|p1a: Dragapult|0 fnt
|-unboost|p2a: Great Tusk|def|1
|-unboost|p2a: Great Tusk|spd|1
|faint|p1a: Dragapult
|
|-weather|SunnyDay|[upkeep]
|upkeep
|
|t:|1757842929
|switch|p1a: Hippowdon|Hippowdon, F|88/100 brn
|-weather|Sandstorm|[from] ability: Sand Stream|[of] p1a: Hippowdon
|-end|p2a: Great Tusk|Protosynthesis
|turn|36
|
|t:|1757842938
|move|p2a: Great Tusk|Headlong Rush|p1a: Hippowdon
|-damage|p1a: Hippowdon|49/100 brn
|-unboost|p2a: Great Tusk|def|1
|-unboost|p2a: Great Tusk|spd|1
|move|p1a: Hippowdon|Whirlwind|p2a: Great Tusk
|-end|p2a: Great Tusk|Protosynthesis|[silent]
|drag|p2a: Walking Wake|Walking Wake, tera:Water|16/100
|-damage|p2a: Walking Wake|4/100|[from] Stealth Rock
|
|-weather|Sandstorm|[upkeep]
|-damage|p2a: Walking Wake|0 fnt|[from] Sandstorm
|faint|p2a: Walking Wake
|-end|p2a: Walking Wake|Protosynthesis|[silent]
|-damage|p1a: Hippowdon|43/100 brn|[from] brn
|upkeep
|
|t:|1757842945
|switch|p2a: Great Tusk|Great Tusk|3/100
|-damage|p2a: Great Tusk|0 fnt|[from] Stealth Rock
|faint|p2a: Great Tusk
|-end|p2a: Great Tusk|Protosynthesis|[silent]
|
|t:|1757842948
|switch|p2a: Sandy Shocks|Sandy Shocks|30/100
|-damage|p2a: Sandy Shocks|24/100|[from] Stealth Rock
|turn|37
|
|t:|1757842960
|move|p2a: Sandy Shocks|Power Gem|p1a: Hippowdon
|-resisted|p1a: Hippowdon
|-damage|p1a: Hippowdon|23/100 brn
|move|p1a: Hippowdon|Earthquake|p2a: Sandy Shocks
|-supereffective|p2a: Sandy Shocks
|-damage|p2a: Sandy Shocks|0 fnt
|faint|p2a: Sandy Shocks
|-end|p2a: Sandy Shocks|Protosynthesis|[silent]
|
|-weather|Sandstorm|[upkeep]
|-damage|p1a: Hippowdon|17/100 brn|[from] brn
|upkeep
|
|t:|1757842963
|switch|p2a: Ditto|Ditto|39/100
|-damage|p2a: Ditto|26/100|[from] Stealth Rock
|-transform|p2a: Ditto|p1a: Hippowdon|[from] ability: Imposter
|turn|38
|-message|lxymxn forfeited.
|
|win|Mixster23
|raw|Mixster23's rating: 1425 &rarr; <strong>1446</strong><br />(+21 for winning)
|raw|lxymxn's rating: 1444 &rarr; <strong>1423</strong><br />(-21 for losing)
|l|☆lxymxn
|player|p2|
|l|☆Mixster23
|player|p1|
