|j|‽secondstory
|j|☆shiyuyehenku
|t:|1757840242
|gametype|singles
|player|p1|secondstory|bruno|1569
|player|p2|shiyuyehenku|101|1466
|gen|9
|tier|[Gen 9] OU
|rated|
|rule|HP Percentage Mod: HP is shown in percentages
|rule|Endless Battle Clause: Forcing endless battles is banned
|rule|Species Clause: Limit one of each Pokémon
|rule|OHKO Clause: OHKO moves are banned
|rule|Evasion Items Clause: Evasion items are banned
|rule|Evasion Moves Clause: Evasion moves are banned
|rule|Evasion Abilities Clause: Evasion abilities are banned
|rule|Sleep Moves Clause: Sleep-inducing moves are banned
|clearpoke
|poke|p1|Weavile, M|
|poke|p1|Dragapult, M|
|poke|p1|Great Tusk|
|poke|p1|Corviknight, M|
|poke|p1|Enamorus, F|
|poke|p1|Snorlax, M|
|poke|p2|Raging Bolt|
|poke|p2|Serperior, M|
|poke|p2|Kingambit, M|
|poke|p2|Gholdengo|
|poke|p2|Great Tusk|
|poke|p2|Zamazenta-*|
|teampreview
|
|t:|1757840274
|teamsize|p1|6
|teamsize|p2|6
|start
|switch|p1a: Dragapult|Dragapult, M|100/100
|switch|p2a: Gholdengo|Gholdengo|100/100
|-item|p2a: Gholdengo|Air Balloon
|turn|1
|
|t:|1757840280
|move|p1a: Dragapult|U-turn|p2a: Gholdengo
|-resisted|p2a: Gholdengo
|-damage|p2a: Gholdengo|98/100
|-enditem|p2a: Gholdengo|Air Balloon
|
|t:|1757840283
|switch|p1a: Snorlax|Snorlax, M|100/100|[from] U-turn
|move|p2a: Gholdengo|Thunder Wave|p1a: Snorlax
|-status|p1a: Snorlax|par
|
|upkeep
|turn|2
|
|t:|1757840299
|switch|p2a: Serperior|Serperior, M|100/100
|cant|p1a: Snorlax|par
|
|upkeep
|turn|3
|
|t:|1757840307
|move|p2a: Serperior|Substitute|p2a: Serperior
|-start|p2a: Serperior|Substitute
|-damage|p2a: Serperior|76/100
|move|p1a: Snorlax|Ice Punch|p2a: Serperior
|-supereffective|p2a: Serperior
|-end|p2a: Serperior|Substitute
|
|-heal|p2a: Serperior|82/100|[from] item: Leftovers
|upkeep
|turn|4
|
|t:|1757840313
|move|p2a: Serperior|Substitute|p2a: Serperior
|-start|p2a: Serperior|Substitute
|-damage|p2a: Serperior|57/100
|move|p1a: Snorlax|Ice Punch|p2a: Serperior
|-supereffective|p2a: Serperior
|-end|p2a: Serperior|Substitute
|
|-heal|p2a: Serperior|63/100|[from] item: Leftovers
|upkeep
|turn|5
|
|t:|1757840320
|switch|p1a: Weavile|Weavile, M|100/100
|-ability|p1a: Weavile|Pressure
|move|p2a: Serperior|Substitute|p2a: Serperior
|-start|p2a: Serperior|Substitute
|-damage|p2a: Serperior|38/100
|
|-heal|p2a: Serperior|44/100|[from] item: Leftovers
|upkeep
|turn|6
|
|t:|1757840327
|-terastallize|p2a: Serperior|Steel
|move|p1a: Weavile|Swords Dance|p1a: Weavile
|-boost|p1a: Weavile|atk|2
|move|p2a: Serperior|Glare|p1a: Weavile
|-status|p1a: Weavile|par
|
|-heal|p2a: Serperior|50/100|[from] item: Leftovers
|upkeep
|turn|7
|
|t:|1757840332
|move|p2a: Serperior|Leech Seed|p1a: Weavile
|-start|p1a: Weavile|move: Leech Seed
|move|p1a: Weavile|Triple Axel|p2a: Serperior
|-resisted|p2a: Serperior
|-activate|p2a: Serperior|move: Substitute|[damage]
|-hitcount|p2a: Serperior|1
|
|-heal|p2a: Serperior|56/100|[from] item: Leftovers
|-damage|p1a: Weavile|88/100 par|[from] Leech Seed|[of] p2a: Serperior
|-heal|p2a: Serperior|67/100|[silent]
|upkeep
|turn|8
|
|t:|1757840341
|move|p2a: Serperior|Leaf Storm|p1a: Weavile
|-damage|p1a: Weavile|36/100 par
|-boost|p2a: Serperior|spa|2
|move|p1a: Weavile|Triple Axel|p2a: Serperior
|-resisted|p2a: Serperior
|-activate|p2a: Serperior|move: Substitute|[damage]
|-resisted|p2a: Serperior
|-end|p2a: Serperior|Substitute
|-resisted|p2a: Serperior
|-damage|p2a: Serperior|35/100
|-hitcount|p2a: Serperior|3
|
|-heal|p2a: Serperior|41/100|[from] item: Leftovers
|-damage|p1a: Weavile|23/100 par|[from] Leech Seed|[of] p2a: Serperior
|-heal|p2a: Serperior|52/100|[silent]
|upkeep
|turn|9
|
|t:|1757840353
|-terastallize|p1a: Weavile|Ice
|move|p1a: Weavile|Ice Shard|p2a: Serperior
|-resisted|p2a: Serperior
|-damage|p2a: Serperior|21/100
|move|p2a: Serperior|Leaf Storm|p1a: Weavile
|-crit|p1a: Weavile
|-damage|p1a: Weavile|0 fnt
|-boost|p2a: Serperior|spa|2
|faint|p1a: Weavile
|
|-heal|p2a: Serperior|28/100|[from] item: Leftovers
|upkeep
|
|t:|1757840360
|switch|p1a: Dragapult|Dragapult, M|100/100
|turn|10
|
|t:|1757840364
|switch|p2a: Raging Bolt|Raging Bolt|100/100
|move|p1a: Dragapult|Shadow Ball|p2a: Raging Bolt
|-damage|p2a: Raging Bolt|68/100
|-unboost|p2a: Raging Bolt|spd|1
|
|upkeep
|turn|11
|
|t:|1757840376
|switch|p1a: Snorlax|Snorlax, M|100/100 par
|move|p2a: Raging Bolt|Draco Meteor|p1a: Snorlax
|-damage|p1a: Snorlax|75/100 par
|-unboost|p2a: Raging Bolt|spa|2
|
|upkeep
|turn|12
|
|t:|1757840385
|move|p2a: Raging Bolt|Volt Switch|p1a: Snorlax
|-damage|p1a: Snorlax|67/100 par
|inactive|Battle timer is ON: inactive players will automatically lose when time's up. (requested by secondstory)
|
|t:|1757840389
|-end|p2a: Raging Bolt|Protosynthesis|[silent]
|switch|p2a: Serperior|Serperior, M, tera:Steel|28/100|[from] Volt Switch
|move|p1a: Snorlax|Earthquake|p2a: Serperior
|-supereffective|p2a: Serperior
|-damage|p2a: Serperior|0 fnt
|faint|p2a: Serperior
|
|upkeep
|
|t:|1757840416
|switch|p2a: Kingambit|Kingambit, M|100/100
|-activate|p2a: Kingambit|ability: Supreme Overlord
|-start|p2a: Kingambit|fallen1|[silent]
|turn|13
|
|t:|1757840424
|move|p2a: Kingambit|Swords Dance|p2a: Kingambit
|-boost|p2a: Kingambit|atk|2
|move|p1a: Snorlax|Earthquake|p2a: Kingambit
|-supereffective|p2a: Kingambit
|-damage|p2a: Kingambit|57/100
|
|-heal|p2a: Kingambit|63/100|[from] item: Leftovers
|upkeep
|turn|14
|
|t:|1757840436
|move|p2a: Kingambit|Swords Dance|p2a: Kingambit
|-boost|p2a: Kingambit|atk|2
|move|p1a: Snorlax|Earthquake|p2a: Kingambit
|-supereffective|p2a: Kingambit
|-damage|p2a: Kingambit|18/100
|
|-heal|p2a: Kingambit|24/100|[from] item: Leftovers
|upkeep
|turn|15
|
|t:|1757840441
|move|p2a: Kingambit|Sucker Punch|p1a: Snorlax
|-damage|p1a: Snorlax|0 fnt
|faint|p1a: Snorlax
|
|-heal|p2a: Kingambit|30/100|[from] item: Leftovers
|upkeep
|
|t:|1757840443
|switch|p1a: Great Tusk|Great Tusk|100/100
|turn|16
|
|t:|1757840452
|move|p2a: Kingambit|Sucker Punch|p1a: Great Tusk
|-resisted|p1a: Great Tusk
|-damage|p1a: Great Tusk|50/100
|move|p1a: Great Tusk|Headlong Rush|p2a: Kingambit
|-supereffective|p2a: Kingambit
|-damage|p2a: Kingambit|0 fnt
|-unboost|p1a: Great Tusk|def|1
|-unboost|p1a: Great Tusk|spd|1
|faint|p2a: Kingambit
|-end|p2a: Kingambit|fallen1|[silent]
|
|upkeep
|
|t:|1757840461
|switch|p2a: Great Tusk|Great Tusk|100/100
|-enditem|p2a: Great Tusk|Booster Energy
|-activate|p2a: Great Tusk|ability: Protosynthesis|[fromitem]
|-start|p2a: Great Tusk|protosynthesisatk
|turn|17
|
|t:|1757840465
|-end|p1a: Great Tusk|Protosynthesis|[silent]
|switch|p1a: Corviknight|Corviknight, M, shiny|100/100
|-ability|p1a: Corviknight|Pressure
|move|p2a: Great Tusk|Rapid Spin|p1a: Corviknight
|-resisted|p1a: Corviknight
|-damage|p1a: Corviknight|94/100
|-boost|p2a: Great Tusk|spe|1
|-damage|p2a: Great Tusk|84/100|[from] item: Rocky Helmet|[of] p1a: Corviknight
|
|upkeep
|turn|18
|
|t:|1757840473
|move|p2a: Great Tusk|Stone Edge|p1a: Corviknight
|-crit|p1a: Corviknight
|-damage|p1a: Corviknight|55/100
|move|p1a: Corviknight|U-turn|p2a: Great Tusk
|-resisted|p2a: Great Tusk
|-damage|p2a: Great Tusk|79/100
|
|t:|1757840478
|switch|p1a: Enamorus|Enamorus, F|100/100|[from] U-turn
|
|upkeep
|turn|19
|
|t:|1757840487
|move|p1a: Enamorus|Moonblast|p2a: Great Tusk
|-supereffective|p2a: Great Tusk
|-damage|p2a: Great Tusk|0 fnt
|faint|p2a: Great Tusk
|-end|p2a: Great Tusk|Protosynthesis|[silent]
|
|upkeep
|
|t:|1757840490
|switch|p2a: Gholdengo|Gholdengo|98/100
|turn|20
|
|t:|1757840496
|switch|p1a: Great Tusk|Great Tusk|50/100
|move|p2a: Gholdengo|Make It Rain|p1a: Great Tusk
|-damage|p1a: Great Tusk|0 fnt
|-unboost|p2a: Gholdengo|spa|1
|faint|p1a: Great Tusk
|-end|p1a: Great Tusk|Protosynthesis|[silent]
|
|upkeep
|
|t:|1757840499
|switch|p1a: Dragapult|Dragapult, M|100/100
|turn|21
|
|t:|1757840506
|move|p1a: Dragapult|Shadow Ball|p2a: Gholdengo
|-supereffective|p2a: Gholdengo
|-damage|p2a: Gholdengo|0 fnt
|faint|p2a: Gholdengo
|
|upkeep
|
|t:|1757840510
|switch|p2a: Raging Bolt|Raging Bolt|68/100
|turn|22
|
|t:|1757840524
|move|p1a: Dragapult|Shadow Ball|p2a: Raging Bolt
|-damage|p2a: Raging Bolt|39/100
|move|p2a: Raging Bolt|Thunderbolt|p1a: Dragapult
|-resisted|p1a: Dragapult
|-damage|p1a: Dragapult|60/100
|
|upkeep
|turn|23
|
|t:|1757840531
|move|p1a: Dragapult|Shadow Ball|p2a: Raging Bolt
|-damage|p2a: Raging Bolt|7/100
|move|p2a: Raging Bolt|Draco Meteor|p1a: Dragapult|[miss]
|-miss|p2a: Raging Bolt|p1a: Dragapult
|
|upkeep
|turn|24
|
|t:|1757840537
|-end|p2a: Raging Bolt|Protosynthesis|[silent]
|switch|p2a: Zamazenta|Zamazenta|100/100
|-ability|p2a: Zamazenta|Dauntless Shield|boost
|-boost|p2a: Zamazenta|def|1
|move|p1a: Dragapult|Shadow Ball|p2a: Zamazenta
|-damage|p2a: Zamazenta|47/100
|
|-heal|p2a: Zamazenta|53/100|[from] item: Leftovers
|upkeep
|turn|25
|
|t:|1757840551
|move|p2a: Zamazenta|Crunch|p1a: Dragapult
|-supereffective|p1a: Dragapult
|-damage|p1a: Dragapult|0 fnt
|faint|p1a: Dragapult
|
|-heal|p2a: Zamazenta|59/100|[from] item: Leftovers
|upkeep
|
|t:|1757840554
|switch|p1a: Enamorus|Enamorus, F|100/100
|turn|26
|
|t:|1757840559
|move|p1a: Enamorus|Moonblast|p2a: Zamazenta
|-supereffective|p2a: Zamazenta
|-damage|p2a: Zamazenta|0 fnt
|faint|p2a: Zamazenta
|
|upkeep
|
|t:|1757840561
|switch|p2a: Raging Bolt|Raging Bolt|7/100
|turn|27
|
|t:|1757840567
|switch|p1a: Corviknight|Corviknight, M, shiny|55/100
|-ability|p1a: Corviknight|Pressure
|move|p2a: Raging Bolt|Thunderclap||[still]
|-fail|p2a: Raging Bolt
|
|upkeep
|turn|28
|
|t:|1757840574
|switch|p1a: Enamorus|Enamorus, F|100/100
|move|p2a: Raging Bolt|Thunderbolt|p1a: Enamorus
|-supereffective|p1a: Enamorus
|-damage|p1a: Enamorus|0 fnt
|faint|p1a: Enamorus
|
|upkeep
|
|t:|1757840576
|switch|p1a: Corviknight|Corviknight, M, shiny|55/100
|-ability|p1a: Corviknight|Pressure
|turn|29
|
|t:|1757840583
|move|p2a: Raging Bolt|Thunderbolt|p1a: Corviknight
|-supereffective|p1a: Corviknight
|-damage|p1a: Corviknight|0 fnt
|faint|p1a: Corviknight
|
|win|shiyuyehenku
|raw|secondstory's rating: 1569 &rarr; <strong>1543</strong><br />(-26 for losing)
|raw|shiyuyehenku's rating: 1466 &rarr; <strong>1492</strong><br />(+26 for winning)
|l|‽secondstory
|player|p1|
|l|☆shiyuyehenku
|player|p2|
