|j|☆NoxyOwl777
|j|☆donutlover417
|t:|1757904433
|gametype|singles
|player|p1|NoxyOwl777|pokemonrangerf|
|player|p2|donutlover417|lady|
|gen|9
|tier|[Gen 9] OU
|rule|HP Percentage Mod: HP is shown in percentages
|rule|Endless Battle Clause: Forcing endless battles is banned
|rule|Species Clause: Limit one of each Pokémon
|rule|OHKO Clause: OHKO moves are banned
|rule|Evasion Items Clause: Evasion items are banned
|rule|Evasion Moves Clause: Evasion moves are banned
|rule|Evasion Abilities Clause: Evasion abilities are banned
|rule|Sleep Moves Clause: Sleep-inducing moves are banned
|clearpoke
|poke|p1|Dragapult, F|
|poke|p1|Skeledirge, M|
|poke|p1|Tinkaton, F|
|poke|p1|Glimmora, M|
|poke|p1|Primarina, M|
|poke|p1|Meowscarada, F|
|poke|p2|Ribombee, F|
|poke|p2|Chandelure, M|
|poke|p2|Blissey, F|
|poke|p2|Arcanine, M|
|poke|p2|Clefable, F|
|poke|p2|Lurantis, F|
|teampreview
|
|t:|1757904438
|teamsize|p1|6
|teamsize|p2|6
|start
|switch|p1a: pesca|Primarina, M|100/100
|switch|p2a: Ribombee|Ribombee, F, shiny|100/100
|turn|1
|
|t:|1757904453
|move|p2a: Ribombee|Sunny Day|p2a: Ribombee
|-weather|SunnyDay
|move|p1a: pesca|Ice Beam|p2a: Ribombee
|-damage|p2a: Ribombee|56/100
|
|-weather|SunnyDay|[upkeep]
|-heal|p2a: Ribombee|62/100|[from] item: Leftovers
|upkeep
|turn|2
|
|t:|1757904460
|switch|p2a: Lurantis|Lurantis, F|100/100
|move|p1a: pesca|Hydro Pump|p2a: Lurantis|[miss]
|-miss|p1a: pesca|p2a: Lurantis
|
|-weather|SunnyDay|[upkeep]
|upkeep
|turn|3
|
|t:|1757904469
|switch|p1a: Pheonix Wright|Skeledirge, M|100/100
|move|p2a: Lurantis|Solar Blade||[still]
|-prepare|p2a: Lurantis|Solar Blade
|-anim|p2a: Lurantis|Solar Blade|p1a: Pheonix Wright
|-resisted|p1a: Pheonix Wright
|-damage|p1a: Pheonix Wright|72/100
|
|-weather|SunnyDay|[upkeep]
|upkeep
|turn|4
|
|t:|1757904478
|move|p1a: Pheonix Wright|Torch Song|p2a: Lurantis
|-supereffective|p2a: Lurantis
|-damage|p2a: Lurantis|0 fnt
|-boost|p1a: Pheonix Wright|spa|1
|faint|p2a: Lurantis
|
|-weather|SunnyDay|[upkeep]
|upkeep
|
|t:|1757904494
|switch|p2a: Clefable|Clefable, F|100/100
|turn|5
|
|t:|1757904510
|switch|p1a: please work|Glimmora, M|100/100
|move|p2a: Clefable|Thunder Wave|p1a: please work
|-status|p1a: please work|par
|
|-weather|none
|upkeep
|turn|6
|
|t:|1757904523
|move|p2a: Clefable|Stealth Rock|p1a: please work
|-sidestart|p1: NoxyOwl777|move: Stealth Rock
|move|p1a: please work|Gunk Shot|p2a: Clefable
|-supereffective|p2a: Clefable
|-damage|p2a: Clefable|35/100
|-status|p2a: Clefable|psn
|
|-heal|p2a: Clefable|41/100 psn|[from] item: Leftovers
|upkeep
|turn|7
|
|t:|1757904541
|switch|p2a: Blissey|Blissey, F|100/100
|move|p1a: please work|Gunk Shot|p2a: Blissey
|-damage|p2a: Blissey|78/100
|
|-heal|p2a: Blissey|84/100|[from] item: Leftovers
|upkeep
|turn|8
|
|t:|1757904553
|switch|p1a: Black Bird|Dragapult, F|100/100
|-damage|p1a: Black Bird|88/100|[from] Stealth Rock
|move|p2a: Blissey|Seismic Toss|p1a: Black Bird
|-immune|p1a: Black Bird
|
|-heal|p2a: Blissey|90/100|[from] item: Leftovers
|upkeep
|turn|9
|
|t:|1757904564
|move|p1a: Black Bird|Acrobatics|p2a: Blissey
|-damage|p2a: Blissey|60/100
|move|p2a: Blissey|Ice Beam|p1a: Black Bird
|-supereffective|p1a: Black Bird
|-damage|p1a: Black Bird|39/100
|-status|p1a: Black Bird|frz
|
|-heal|p2a: Blissey|67/100|[from] item: Leftovers
|upkeep
|turn|10
|
|t:|1757904577
|switch|p1a: please work|Glimmora, M|100/100 par
|-damage|p1a: please work|88/100 par|[from] Stealth Rock
|move|p2a: Blissey|Ice Beam|p1a: please work
|-damage|p1a: please work|75/100 par
|
|-heal|p2a: Blissey|73/100|[from] item: Leftovers
|upkeep
|turn|11
|
|t:|1757904586
|move|p2a: Blissey|Seismic Toss|p1a: please work
|-damage|p1a: please work|48/100 par
|-activate|p1a: please work|ability: Toxic Debris
|-sidestart|p2: donutlover417|move: Toxic Spikes
|cant|p1a: please work|par
|
|-heal|p2a: Blissey|79/100|[from] item: Leftovers
|upkeep
|turn|12
|
|t:|1757904595
|move|p2a: Blissey|Seismic Toss|p1a: please work
|-damage|p1a: please work|21/100 par
|-activate|p1a: please work|ability: Toxic Debris
|-sidestart|p2: donutlover417|move: Toxic Spikes
|cant|p1a: please work|par
|
|-heal|p2a: Blissey|85/100|[from] item: Leftovers
|upkeep
|turn|13
|
|t:|1757904604
|switch|p1a: Death By Hammers|Tinkaton, F|100/100
|-damage|p1a: Death By Hammers|94/100|[from] Stealth Rock
|-ability|p1a: Death By Hammers|Mold Breaker
|move|p2a: Blissey|Seismic Toss|p1a: Death By Hammers
|-damage|p1a: Death By Hammers|62/100
|
|-heal|p2a: Blissey|91/100|[from] item: Leftovers
|upkeep
|turn|14
|
|t:|1757904613
|move|p1a: Death By Hammers|Gigaton Hammer|p2a: Blissey
|-damage|p2a: Blissey|33/100
|move|p2a: Blissey|Seismic Toss|p1a: Death By Hammers
|-damage|p1a: Death By Hammers|30/100
|
|-heal|p2a: Blissey|39/100|[from] item: Leftovers
|upkeep
|turn|15
|
|t:|1757904625
|switch|p1a: pesca|Primarina, M|100/100
|-damage|p1a: pesca|88/100|[from] Stealth Rock
|move|p2a: Blissey|Soft-Boiled|p2a: Blissey
|-heal|p2a: Blissey|89/100
|
|-heal|p2a: Blissey|95/100|[from] item: Leftovers
|upkeep
|turn|16
|
|t:|1757904651
|move|p1a: pesca|Perish Song|p1a: pesca
|-start|p1a: pesca|perish3|[silent]
|-start|p2a: Blissey|perish3|[silent]
|-fieldactivate|move: Perish Song
|move|p2a: Blissey|Ice Beam|p1a: pesca
|-resisted|p1a: pesca
|-damage|p1a: pesca|82/100
|
|-heal|p2a: Blissey|100/100|[from] item: Leftovers
|-start|p1a: pesca|perish3
|-start|p2a: Blissey|perish3
|upkeep
|turn|17
|
|t:|1757904667
|switch|p2a: Clefable|Clefable, F|41/100 psn
|move|p1a: pesca|Ice Beam|p2a: Clefable
|-damage|p2a: Clefable|21/100 psn
|
|-heal|p2a: Clefable|27/100 psn|[from] item: Leftovers
|-start|p1a: pesca|perish2
|upkeep
|turn|18
|
|t:|1757904675
|switch|p1a: Pheonix Wright|Skeledirge, M|72/100
|-damage|p1a: Pheonix Wright|47/100|[from] Stealth Rock
|move|p2a: Clefable|Thunder Wave|p1a: Pheonix Wright
|-status|p1a: Pheonix Wright|par
|
|-heal|p2a: Clefable|33/100 psn|[from] item: Leftovers
|upkeep
|turn|19
|
|t:|1757904685
|move|p2a: Clefable|Moonblast|p1a: Pheonix Wright
|-resisted|p1a: Pheonix Wright
|-damage|p1a: Pheonix Wright|31/100 par
|cant|p1a: Pheonix Wright|par
|
|-heal|p2a: Clefable|40/100 psn|[from] item: Leftovers
|upkeep
|turn|20
|
|t:|1757904704
|switch|p2a: Blissey|Blissey, F|100/100
|-status|p2a: Blissey|tox
|move|p1a: Pheonix Wright|Earthquake|p2a: Blissey
|-damage|p2a: Blissey|85/100 tox
|
|-heal|p2a: Blissey|91/100 tox|[from] item: Leftovers
|-damage|p2a: Blissey|85/100 tox|[from] psn
|upkeep
|turn|21
|
|t:|1757904727
|-curestatus|p2a: Blissey|tox|[from] ability: Natural Cure
|switch|p2a: Arcanine|Arcanine, M|100/100
|-status|p2a: Arcanine|tox
|-ability|p2a: Arcanine|Intimidate|boost
|-unboost|p1a: Pheonix Wright|atk|1
|move|p1a: Pheonix Wright|Torch Song|p2a: Arcanine
|-resisted|p2a: Arcanine
|-damage|p2a: Arcanine|61/100 tox
|-boost|p1a: Pheonix Wright|spa|1
|
|-heal|p2a: Arcanine|67/100 tox|[from] item: Leftovers
|-damage|p2a: Arcanine|61/100 tox|[from] psn
|upkeep
|turn|22
|j| Accwyn
|
|t:|1757904753
|switch|p2a: Ribombee|Ribombee, F, shiny|62/100
|-status|p2a: Ribombee|tox
|switch|p1a: pesca|Primarina, M|82/100
|-damage|p1a: pesca|69/100|[from] Stealth Rock
|
|-heal|p2a: Ribombee|69/100 tox|[from] item: Leftovers
|-damage|p2a: Ribombee|62/100 tox|[from] psn
|upkeep
|turn|23
|
|t:|1757904776
|move|p2a: Ribombee|Sunny Day|p2a: Ribombee
|-weather|SunnyDay
|move|p1a: pesca|Hydro Pump|p2a: Ribombee|[miss]
|-miss|p1a: pesca|p2a: Ribombee
|
|-weather|SunnyDay|[upkeep]
|-heal|p2a: Ribombee|69/100 tox|[from] item: Leftovers
|-damage|p2a: Ribombee|56/100 tox|[from] psn
|upkeep
|turn|24
|
|t:|1757904785
|switch|p2a: Arcanine|Arcanine, M|61/100 tox
|-ability|p2a: Arcanine|Intimidate|boost
|-unboost|p1a: pesca|atk|1
|move|p1a: pesca|Ice Beam|p2a: Arcanine
|-resisted|p2a: Arcanine
|-damage|p2a: Arcanine|46/100 tox
|
|-weather|SunnyDay|[upkeep]
|-heal|p2a: Arcanine|52/100 tox|[from] item: Leftovers
|-damage|p2a: Arcanine|46/100 tox|[from] psn
|upkeep
|turn|25
|
|t:|1757904796
|move|p2a: Arcanine|Flare Blitz|p1a: pesca
|-resisted|p1a: pesca
|-damage|p1a: pesca|13/100
|-damage|p2a: Arcanine|29/100 tox|[from] item: Rocky Helmet|[of] p1a: pesca
|-damage|p2a: Arcanine|11/100 tox|[from] Recoil
|move|p1a: pesca|Hydro Pump|p2a: Arcanine
|-supereffective|p2a: Arcanine
|-damage|p2a: Arcanine|0 fnt
|faint|p2a: Arcanine
|
|-weather|SunnyDay|[upkeep]
|upkeep
|
|t:|1757904808
|switch|p2a: Ribombee|Ribombee, F, shiny|56/100 tox
|turn|26
|
|t:|1757904822
|move|p2a: Ribombee|Moonblast|p1a: pesca
|-damage|p1a: pesca|0 fnt
|faint|p1a: pesca
|
|-weather|SunnyDay|[upkeep]
|-heal|p2a: Ribombee|62/100 tox|[from] item: Leftovers
|-damage|p2a: Ribombee|56/100 tox|[from] psn
|upkeep
|
|t:|1757904829
|switch|p1a: Pheonix Wright|Skeledirge, M|31/100 par
|-damage|p1a: Pheonix Wright|6/100 par|[from] Stealth Rock
|turn|27
|
|t:|1757904840
|move|p2a: Ribombee|Light Screen|p2a: Ribombee
|-sidestart|p2: donutlover417|move: Light Screen
|move|p1a: Pheonix Wright|Torch Song|p2a: Ribombee
|-supereffective|p2a: Ribombee
|-damage|p2a: Ribombee|0 fnt
|-boost|p1a: Pheonix Wright|spa|1
|faint|p2a: Ribombee
|
|-weather|none
|upkeep
|
|t:|1757904852
|switch|p2a: Blissey|Blissey, F|85/100
|-status|p2a: Blissey|tox
|turn|28
|
|t:|1757904857
|move|p2a: Blissey|Ice Beam|p1a: Pheonix Wright
|-resisted|p1a: Pheonix Wright
|-damage|p1a: Pheonix Wright|0 fnt
|faint|p1a: Pheonix Wright
|
|-heal|p2a: Blissey|91/100 tox|[from] item: Leftovers
|-damage|p2a: Blissey|85/100 tox|[from] psn
|upkeep
|
|t:|1757904868
|switch|p1a: hornt|Meowscarada, F|100/100
|-damage|p1a: hornt|88/100|[from] Stealth Rock
|turn|29
|
|t:|1757904880
|move|p1a: hornt|Flower Trick|p2a: Blissey
|-crit|p2a: Blissey
|-damage|p2a: Blissey|43/100 tox
|move|p2a: Blissey|Ice Beam|p1a: hornt
|-supereffective|p1a: hornt
|-damage|p1a: hornt|27/100
|
|-heal|p2a: Blissey|49/100 tox|[from] item: Leftovers
|-damage|p2a: Blissey|36/100 tox|[from] psn
|upkeep
|turn|30
|
|t:|1757904889
|move|p1a: hornt|Flower Trick|p2a: Blissey
|-crit|p2a: Blissey
|-damage|p2a: Blissey|0 fnt
|faint|p2a: Blissey
|
|upkeep
|
|t:|1757904895
|switch|p2a: Chandelure|Chandelure, M|100/100
|-status|p2a: Chandelure|tox
|turn|31
|
|t:|1757904907
|move|p1a: hornt|Acrobatics|p2a: Chandelure
|-damage|p2a: Chandelure|48/100 tox
|move|p2a: Chandelure|Fire Blast|p1a: hornt|[miss]
|-miss|p2a: Chandelure|p1a: hornt
|
|-heal|p2a: Chandelure|55/100 tox|[from] item: Leftovers
|-damage|p2a: Chandelure|48/100 tox|[from] psn
|-sideend|p2: donutlover417|move: Light Screen
|upkeep
|turn|32
|
|t:|1757904919
|move|p1a: hornt|Acrobatics|p2a: Chandelure
|-damage|p2a: Chandelure|2/100 tox
|move|p2a: Chandelure|Rest|p2a: Chandelure
|-status|p2a: Chandelure|slp|[from] move: Rest
|-heal|p2a: Chandelure|100/100 slp|[silent]
|
|upkeep
|turn|33
|
|t:|1757904927
|move|p1a: hornt|Acrobatics|p2a: Chandelure
|-damage|p2a: Chandelure|51/100 slp
|cant|p2a: Chandelure|slp
|move|p2a: Chandelure|Sleep Talk|p2a: Chandelure
|move|p2a: Chandelure|Will-O-Wisp|p1a: hornt|[from] move: Sleep Talk
|-status|p1a: hornt|brn
|
|-heal|p2a: Chandelure|58/100 slp|[from] item: Leftovers
|-damage|p1a: hornt|21/100 brn|[from] brn
|upkeep
|turn|34
|
|t:|1757904939
|move|p1a: hornt|Acrobatics|p2a: Chandelure
|-damage|p2a: Chandelure|32/100 slp
|cant|p2a: Chandelure|slp
|move|p2a: Chandelure|Sleep Talk|p2a: Chandelure
|move|p2a: Chandelure|Rest||[from] move: Sleep Talk|[still]
|-fail|p2a: Chandelure
|
|-heal|p2a: Chandelure|38/100 slp|[from] item: Leftovers
|-damage|p1a: hornt|14/100 brn|[from] brn
|upkeep
|turn|35
|
|t:|1757904950
|move|p1a: hornt|Acrobatics|p2a: Chandelure
|-damage|p2a: Chandelure|15/100 slp
|-curestatus|p2a: Chandelure|slp|[msg]
|move|p2a: Chandelure|Sleep Talk||[still]
|-fail|p2a: Chandelure
|
|-heal|p2a: Chandelure|21/100|[from] item: Leftovers
|-damage|p1a: hornt|8/100 brn|[from] brn
|upkeep
|turn|36
|
|t:|1757904960
|move|p1a: hornt|Acrobatics|p2a: Chandelure
|-damage|p2a: Chandelure|0 fnt
|faint|p2a: Chandelure
|
|-damage|p1a: hornt|2/100 brn|[from] brn
|upkeep
|
|t:|1757904965
|switch|p2a: Clefable|Clefable, F|40/100 psn
|turn|37
|
|t:|1757904971
|move|p1a: hornt|Flower Trick|p2a: Clefable
|-crit|p2a: Clefable
|-damage|p2a: Clefable|2/100 psn
|move|p2a: Clefable|Moonblast|p1a: hornt
|-supereffective|p1a: hornt
|-damage|p1a: hornt|0 fnt
|faint|p1a: hornt
|
|-heal|p2a: Clefable|8/100 psn|[from] item: Leftovers
|upkeep
|
|t:|1757904983
|switch|p1a: Black Bird|Dragapult, F|39/100 frz
|-damage|p1a: Black Bird|27/100 frz|[from] Stealth Rock
|turn|38
|
|t:|1757904988
|cant|p1a: Black Bird|frz
|move|p2a: Clefable|Moonblast|p1a: Black Bird
|-supereffective|p1a: Black Bird
|-damage|p1a: Black Bird|0 fnt
|faint|p1a: Black Bird
|
|-heal|p2a: Clefable|14/100 psn|[from] item: Leftovers
|upkeep
|
|t:|1757904996
|switch|p1a: Death By Hammers|Tinkaton, F|30/100
|-damage|p1a: Death By Hammers|24/100|[from] Stealth Rock
|-ability|p1a: Death By Hammers|Mold Breaker
|turn|39
|
|t:|1757905003
|move|p1a: Death By Hammers|Gigaton Hammer|p2a: Clefable
|-supereffective|p2a: Clefable
|-damage|p2a: Clefable|0 fnt
|faint|p2a: Clefable
|
|win|NoxyOwl777
