|j|☆TREMBLEB4BAST
|j|☆Liquid_kami
|t:|1757834716
|gametype|singles
|player|p1|TREMBLEB4BAST|geeta|1253
|player|p2|Liquid_kami|266|1294
|gen|9
|tier|[Gen 9] OU
|rated|
|rule|HP Percentage Mod: HP is shown in percentages
|rule|Endless Battle Clause: Forcing endless battles is banned
|rule|Species Clause: Limit one of each Pokémon
|rule|OHKO Clause: OHKO moves are banned
|rule|Evasion Items Clause: Evasion items are banned
|rule|Evasion Moves Clause: Evasion moves are banned
|rule|Evasion Abilities Clause: Evasion abilities are banned
|rule|Sleep Moves Clause: Sleep-inducing moves are banned
|clearpoke
|poke|p1|Deoxys-Speed|
|poke|p1|Indeedee, M|
|poke|p1|Meowscarada, M|
|poke|p1|Araquanid, F|
|poke|p1|Hitmonlee, M|
|poke|p1|Scream Tail|
|poke|p2|Glimmora, F|
|poke|p2|Landorus-Therian, M|
|poke|p2|Corviknight, M|
|poke|p2|Walking Wake|
|poke|p2|Iron Valiant|
|poke|p2|Sinistcha-Masterpiece|
|teampreview
|
|t:|1757834760
|teamsize|p1|6
|teamsize|p2|6
|start
|switch|p1a: Alakadam|Deoxys-Speed, shiny|100/100
|switch|p2a: Iron Valiant|Iron Valiant|100/100
|-ability|p1a: Alakadam|Pressure
|-enditem|p2a: Iron Valiant|Booster Energy
|-activate|p2a: Iron Valiant|ability: Quark Drive|[fromitem]
|-start|p2a: Iron Valiant|quarkdrivespe
|turn|1
|
|t:|1757834765
|move|p2a: Iron Valiant|Knock Off|p1a: Alakadam
|-supereffective|p1a: Alakadam
|-damage|p1a: Alakadam|0 fnt
|-enditem|p1a: Alakadam|Choice Specs|[from] move: Knock Off|[of] p2a: Iron Valiant
|faint|p1a: Alakadam
|
|upkeep
|
|t:|1757834767
|switch|p1a: Bubble07|Araquanid, F, shiny|100/100
|turn|2
|
|t:|1757834773
|move|p2a: Iron Valiant|Swords Dance|p2a: Iron Valiant
|-boost|p2a: Iron Valiant|atk|2
|move|p1a: Bubble07|Liquidation|p2a: Iron Valiant
|-damage|p2a: Iron Valiant|13/100
|
|upkeep
|turn|3
|
|t:|1757834779
|move|p2a: Iron Valiant|Knock Off|p1a: Bubble07
|-damage|p1a: Bubble07|25/100
|-enditem|p1a: Bubble07|Heavy-Duty Boots|[from] move: Knock Off|[of] p2a: Iron Valiant
|move|p1a: Bubble07|Liquidation|p2a: Iron Valiant
|-damage|p2a: Iron Valiant|0 fnt
|faint|p2a: Iron Valiant
|-end|p2a: Iron Valiant|Quark Drive|[silent]
|
|upkeep
|
|t:|1757834785
|switch|p2a: Glimmora|Glimmora, F|100/100
|turn|4
|
|t:|1757834793
|move|p2a: Glimmora|Sludge Wave|p1a: Bubble07
|-damage|p1a: Bubble07|0 fnt
|faint|p1a: Bubble07
|
|upkeep
|
|t:|1757834796
|switch|p1a: Mob 100|Indeedee, M|100/100
|-fieldstart|move: Psychic Terrain|[from] ability: Psychic Surge|[of] p1a: Mob 100
|turn|5
|
|t:|1757834800
|move|p1a: Mob 100|Expanding Force|p2a: Glimmora
|-supereffective|p2a: Glimmora
|-enditem|p2a: Glimmora|Focus Sash
|-damage|p2a: Glimmora|1/100
|move|p2a: Glimmora|Stealth Rock|p1a: Mob 100
|-sidestart|p1: TREMBLEB4BAST|move: Stealth Rock
|
|upkeep
|turn|6
|
|t:|1757834807
|move|p1a: Mob 100|Expanding Force|p2a: Glimmora
|-supereffective|p2a: Glimmora
|-damage|p2a: Glimmora|0 fnt
|faint|p2a: Glimmora
|
|upkeep
|
|t:|1757834863
|switch|p2a: Walking Wake|Walking Wake|100/100
|turn|7
|l|☆TREMBLEB4BAST
|player|p1|
|inactive|Battle timer is ON: inactive players will automatically lose when time's up. (requested by Liquid_kami)
|j|☆TREMBLEB4BAST
|inactive|TREMBLEB4BAST reconnected and has 145 seconds left.
|player|p1|TREMBLEB4BAST|geeta|
|
|t:|1757834918
|move|p1a: Mob 100|Expanding Force|p2a: Walking Wake
|-damage|p2a: Walking Wake|16/100
|move|p2a: Walking Wake|Surf|p1a: Mob 100
|-damage|p1a: Mob 100|30/100
|
|upkeep
|turn|8
|
|t:|1757834925
|move|p1a: Mob 100|Expanding Force|p2a: Walking Wake
|-damage|p2a: Walking Wake|0 fnt
|faint|p2a: Walking Wake
|-end|p2a: Walking Wake|Protosynthesis|[silent]
|
|upkeep
|
|t:|1757834928
|switch|p2a: Corviknight|Corviknight, M|100/100
|turn|9
|inactive|TREMBLEB4BAST has 120 seconds left.
|l|☆TREMBLEB4BAST
|inactive|TREMBLEB4BAST disconnected and has a minute to reconnect!
|player|p1|
|j|☆TREMBLEB4BAST
|inactive|TREMBLEB4BAST reconnected and has 110 seconds left.
|player|p1|TREMBLEB4BAST|geeta|
|
|t:|1757834975
|switch|p1a: Puss in Boots|Meowscarada, M|100/100
|move|p2a: Corviknight|U-turn|p1a: Puss in Boots
|-supereffective|p1a: Puss in Boots
|-damage|p1a: Puss in Boots|15/100
|
|t:|1757834993
|switch|p2a: Sinistcha|Sinistcha-Masterpiece|100/100|[from] U-turn
|
|-fieldend|move: Psychic Terrain
|upkeep
|turn|10
|
|t:|1757835003
|switch|p2a: Corviknight|Corviknight, M|100/100
|move|p1a: Puss in Boots|Triple Axel|p2a: Corviknight
|-start|p1a: Puss in Boots|typechange|Ice|[from] ability: Protean
|-damage|p2a: Corviknight|94/100
|-damage|p1a: Puss in Boots|0 fnt|[from] item: Rocky Helmet|[of] p2a: Corviknight
|faint|p1a: Puss in Boots
|-hitcount|p2a: Corviknight|1
|
|upkeep
|
|t:|1757835007
|switch|p1a: Golliad|Scream Tail, shiny|100/100
|-damage|p1a: Golliad|88/100|[from] Stealth Rock
|-enditem|p1a: Golliad|Booster Energy
|-activate|p1a: Golliad|ability: Protosynthesis|[fromitem]
|-start|p1a: Golliad|protosynthesisspe
|turn|11
|
|t:|1757835011
|move|p1a: Golliad|Calm Mind|p1a: Golliad
|-boost|p1a: Golliad|spa|1
|-boost|p1a: Golliad|spd|1
|move|p2a: Corviknight|U-turn|p1a: Golliad
|-damage|p1a: Golliad|74/100
|
|t:|1757835013
|switch|p2a: Landorus|Landorus-Therian, M|100/100|[from] U-turn
|-ability|p2a: Landorus|Intimidate|boost
|-unboost|p1a: Golliad|atk|1
|
|upkeep
|turn|12
|
|t:|1757835017
|-terastallize|p2a: Landorus|Ground
|move|p1a: Golliad|Calm Mind|p1a: Golliad
|-boost|p1a: Golliad|spa|1
|-boost|p1a: Golliad|spd|1
|move|p2a: Landorus|Earthquake|p1a: Golliad
|-damage|p1a: Golliad|0 fnt
|faint|p1a: Golliad
|-end|p1a: Golliad|Protosynthesis|[silent]
|
|upkeep
|
|t:|1757835020
|switch|p1a: Mob 100|Indeedee, M|30/100
|-damage|p1a: Mob 100|17/100|[from] Stealth Rock
|-fieldstart|move: Psychic Terrain|[from] ability: Psychic Surge|[of] p1a: Mob 100
|turn|13
|
|t:|1757835026
|switch|p2a: Corviknight|Corviknight, M|94/100
|-terastallize|p1a: Mob 100|Fire
|move|p1a: Mob 100|Tera Blast|p2a: Corviknight|[anim] Tera Blast Fire
|-supereffective|p2a: Corviknight
|-damage|p2a: Corviknight|28/100
|
|upkeep
|turn|14
|
|t:|1757835033
|move|p1a: Mob 100|Tera Blast|p2a: Corviknight|[anim] Tera Blast Fire
|-supereffective|p2a: Corviknight
|-damage|p2a: Corviknight|0 fnt
|faint|p2a: Corviknight
|
|upkeep
|
|t:|1757835034
|switch|p2a: Sinistcha|Sinistcha-Masterpiece|100/100
|turn|15
|
|t:|1757835045
|move|p1a: Mob 100|Tera Blast|p2a: Sinistcha|[anim] Tera Blast Fire
|-supereffective|p2a: Sinistcha
|-damage|p2a: Sinistcha|55/100
|move|p2a: Sinistcha|Matcha Gotcha|p1a: Mob 100|[miss]
|-miss|p2a: Sinistcha|p1a: Mob 100
|
|upkeep
|turn|16
|
|t:|1757835057
|move|p1a: Mob 100|Tera Blast|p2a: Sinistcha|[anim] Tera Blast Fire
|-supereffective|p2a: Sinistcha
|-damage|p2a: Sinistcha|14/100
|move|p2a: Sinistcha|Matcha Gotcha|p1a: Mob 100
|-resisted|p1a: Mob 100
|-damage|p1a: Mob 100|0 fnt
|-heal|p2a: Sinistcha|21/100|[from] drain|[of] p1a: Mob 100
|faint|p1a: Mob 100
|
|upkeep
|
|t:|1757835059
|switch|p1a: Hitmon Ali|Hitmonlee, M|100/100
|-damage|p1a: Hitmon Ali|94/100|[from] Stealth Rock
|-enditem|p1a: Hitmon Ali|Psychic Seed
|-boost|p1a: Hitmon Ali|spd|1|[from] item: Psychic Seed
|turn|17
|
|t:|1757835072
|move|p1a: Hitmon Ali|Knock Off|p2a: Sinistcha
|-supereffective|p2a: Sinistcha
|-damage|p2a: Sinistcha|0 fnt
|-enditem|p2a: Sinistcha|Heavy-Duty Boots|[from] move: Knock Off|[of] p1a: Hitmon Ali
|faint|p2a: Sinistcha
|
|-fieldend|move: Psychic Terrain
|upkeep
|
|t:|1757835074
|switch|p2a: Landorus|Landorus-Therian, M, tera:Ground|100/100
|-ability|p2a: Landorus|Intimidate|boost
|-unboost|p1a: Hitmon Ali|atk|1
|turn|18
|
|t:|1757835075
|move|p1a: Hitmon Ali|Close Combat|p2a: Landorus
|-damage|p2a: Landorus|58/100
|-unboost|p1a: Hitmon Ali|def|1
|-unboost|p1a: Hitmon Ali|spd|1
|move|p2a: Landorus|Earthquake|p1a: Hitmon Ali
|-damage|p1a: Hitmon Ali|0 fnt
|faint|p1a: Hitmon Ali
|
|win|Liquid_kami
|raw|TREMBLEB4BAST's rating: 1253 &rarr; <strong>1231</strong><br />(-22 for losing)
|raw|Liquid_kami's rating: 1294 &rarr; <strong>1316</strong><br />(+22 for winning)
|l|☆Liquid_kami
|player|p2|
|l|☆TREMBLEB4BAST
|player|p1|
