|j|☆smpark22
|j|☆summmm
|t:|1757942285
|gametype|singles
|player|p1|smpark22|265|1428
|player|p2|summmm|170|1477
|gen|9
|tier|[Gen 9] OU
|rated|
|rule|HP Percentage Mod: HP is shown in percentages
|rule|Endless Battle Clause: Forcing endless battles is banned
|rule|Species Clause: Limit one of each Pokémon
|rule|OHKO Clause: OHKO moves are banned
|rule|Evasion Items Clause: Evasion items are banned
|rule|Evasion Moves Clause: Evasion moves are banned
|rule|Evasion Abilities Clause: Evasion abilities are banned
|rule|Sleep Moves Clause: Sleep-inducing moves are banned
|clearpoke
|poke|p1|Zamazenta-*|
|poke|p1|Hatterene, F|
|poke|p1|Blissey, F|
|poke|p1|Gliscor, M|
|poke|p1|Revavroom, F|
|poke|p1|Walking Wake|
|poke|p2|Dragapult, M|
|poke|p2|Great Tusk|
|poke|p2|Ogerpon-Wellspring, F|
|poke|p2|Slowking-Galar, F|
|poke|p2|Raging Bolt|
|poke|p2|Kingambit, F|
|teampreview
|c|☆smpark22|glhf
|inactive|Battle timer is ON: inactive players will automatically lose when time's up. (requested by summmm)
|
|t:|1757942306
|teamsize|p1|6
|teamsize|p2|6
|start
|switch|p1a: Walking Wake|Walking Wake|100/100
|switch|p2a: Dragapult|Dragapult, M|100/100
|turn|1
|
|t:|1757942323
|-end|p1a: Walking Wake|Protosynthesis|[silent]
|switch|p1a: Blissey|Blissey, F|100/100
|move|p2a: Dragapult|Will-O-Wisp|p1a: Blissey
|-status|p1a: Blissey|brn
|
|-damage|p1a: Blissey|94/100 brn|[from] brn
|upkeep
|turn|2
|
|t:|1757942338
|move|p2a: Dragapult|U-turn|p1a: Blissey
|-crit|p1a: Blissey
|-damage|p1a: Blissey|67/100 brn
|
|t:|1757942347
|switch|p2a: Great Tusk|Great Tusk|100/100|[from] U-turn
|move|p1a: Blissey|Flamethrower|p2a: Great Tusk
|-damage|p2a: Great Tusk|72/100
|
|-heal|p1a: Blissey|73/100 brn|[from] item: Leftovers
|-damage|p1a: Blissey|67/100 brn|[from] brn
|upkeep
|turn|3
|
|t:|1757942362
|-curestatus|p1a: Blissey|brn|[from] ability: Natural Cure
|switch|p1a: Walking Wake|Walking Wake|100/100
|move|p2a: Great Tusk|Ice Spinner|p1a: Walking Wake
|-damage|p1a: Walking Wake|71/100
|
|upkeep
|turn|4
|
|t:|1757942373
|-end|p2a: Great Tusk|Protosynthesis|[silent]
|switch|p2a: Slowking|Slowking-Galar, F|100/100
|move|p1a: Walking Wake|Draco Meteor|p2a: Slowking
|-damage|p2a: Slowking|68/100
|-unboost|p1a: Walking Wake|spa|2
|
|upkeep
|turn|5
|
|t:|1757942385
|move|p1a: Walking Wake|Flip Turn|p2a: Slowking
|-damage|p2a: Slowking|54/100
|
|t:|1757942388
|-end|p1a: Walking Wake|Protosynthesis|[silent]
|switch|p1a: Gliscor|Gliscor, M|100/100|[from] Flip Turn
|move|p2a: Slowking|Flamethrower|p1a: Gliscor
|-damage|p1a: Gliscor|66/100
|
|-status|p1a: Gliscor|tox|[from] item: Toxic Orb
|upkeep
|turn|6
|
|t:|1757942409
|switch|p2a: Ogerpon|Ogerpon-Wellspring, F|100/100
|move|p1a: Gliscor|Facade|p2a: Ogerpon
|-damage|p2a: Ogerpon|49/100
|
|-heal|p1a: Gliscor|79/100 tox|[from] ability: Poison Heal
|upkeep
|turn|7
|
|t:|1757942427
|switch|p1a: Zamazenta|Zamazenta|100/100
|-ability|p1a: Zamazenta|Dauntless Shield|boost
|-boost|p1a: Zamazenta|def|1
|move|p2a: Ogerpon|Synthesis|p2a: Ogerpon
|-heal|p2a: Ogerpon|99/100
|
|upkeep
|turn|8
|
|t:|1757942444
|move|p1a: Zamazenta|Crunch|p2a: Ogerpon
|-crit|p2a: Ogerpon
|-damage|p2a: Ogerpon|14/100
|-unboost|p2a: Ogerpon|def|1
|move|p2a: Ogerpon|U-turn|p1a: Zamazenta
|-resisted|p1a: Zamazenta
|-damage|p1a: Zamazenta|92/100
|
|t:|1757942455
|switch|p2a: Dragapult|Dragapult, M|100/100|[from] U-turn
|
|upkeep
|turn|9
|
|t:|1757942468
|switch|p1a: Hatterene|Hatterene, F|100/100
|move|p2a: Dragapult|U-turn|p1a: Hatterene
|-damage|p1a: Hatterene|80/100
|
|t:|1757942475
|switch|p2a: Kingambit|Kingambit, F|100/100|[from] U-turn
|
|upkeep
|turn|10
|
|t:|1757942489
|switch|p1a: Gliscor|Gliscor, M|79/100 tox
|move|p2a: Kingambit|Iron Head|p1a: Gliscor
|-damage|p1a: Gliscor|36/100 tox
|
|-heal|p1a: Gliscor|48/100 tox|[from] ability: Poison Heal
|upkeep
|turn|11
|inactive|summmm has 120 seconds left.
|
|t:|1757942529
|-end|p2a: Kingambit|fallenundefined|[silent]
|switch|p2a: Dragapult|Dragapult, M|100/100
|move|p1a: Gliscor|Earthquake|p2a: Dragapult
|-damage|p2a: Dragapult|34/100
|
|-heal|p1a: Gliscor|61/100 tox|[from] ability: Poison Heal
|upkeep
|turn|12
|inactive|summmm has 120 seconds left.
|
|t:|1757942541
|switch|p1a: Blissey|Blissey, F|67/100
|move|p2a: Dragapult|Hex|p1a: Blissey
|-immune|p1a: Blissey
|
|-heal|p1a: Blissey|73/100|[from] item: Leftovers
|upkeep
|turn|13
|
|t:|1757942553
|move|p2a: Dragapult|U-turn|p1a: Blissey
|-damage|p1a: Blissey|56/100
|
|t:|1757942558
|switch|p2a: Slowking|Slowking-Galar, F|87/100|[from] U-turn
|move|p1a: Blissey|Flamethrower|p2a: Slowking
|-damage|p2a: Slowking|77/100
|
|-heal|p1a: Blissey|62/100|[from] item: Leftovers
|upkeep
|turn|14
|
|t:|1757942569
|move|p1a: Blissey|Soft-Boiled|p1a: Blissey
|-heal|p1a: Blissey|100/100
|move|p2a: Slowking|Ice Beam|p1a: Blissey
|-damage|p1a: Blissey|92/100
|-status|p1a: Blissey|frz
|
|-heal|p1a: Blissey|98/100 frz|[from] item: Leftovers
|upkeep
|turn|15
|
|t:|1757942583
|-curestatus|p1a: Blissey|frz|[from] ability: Natural Cure
|switch|p1a: Hatterene|Hatterene, F|80/100
|switch|p2a: Ogerpon|Ogerpon-Wellspring, F|14/100
|
|upkeep
|turn|16
|
|t:|1757942590
|move|p2a: Ogerpon|Synthesis|p2a: Ogerpon
|-heal|p2a: Ogerpon|64/100
|move|p1a: Hatterene|Nuzzle|p2a: Ogerpon
|-damage|p2a: Ogerpon|59/100
|-status|p2a: Ogerpon|par
|
|upkeep
|turn|17
|
|t:|1757942598
|cant|p2a: Ogerpon|par
|move|p1a: Hatterene|Psyshock|p2a: Ogerpon
|-damage|p2a: Ogerpon|0 fnt
|faint|p2a: Ogerpon
|
|upkeep
|
|t:|1757942608
|switch|p2a: Kingambit|Kingambit, F|100/100
|-activate|p2a: Kingambit|ability: Supreme Overlord
|-start|p2a: Kingambit|fallen1|[silent]
|turn|18
|
|t:|1757942633
|switch|p1a: Revavroom|Revavroom, F|100/100
|move|p2a: Kingambit|Iron Head|p1a: Revavroom
|-resisted|p1a: Revavroom
|-damage|p1a: Revavroom|72/100
|
|upkeep
|turn|19
|
|t:|1757942646
|-end|p2a: Kingambit|fallen1|[silent]
|switch|p2a: Great Tusk|Great Tusk|72/100
|move|p1a: Revavroom|High Horsepower|p2a: Great Tusk|[miss]
|-miss|p1a: Revavroom|p2a: Great Tusk
|
|upkeep
|turn|20
|inactive|smpark22 has 120 seconds left.
|
|t:|1757942662
|switch|p1a: Hatterene|Hatterene, F|80/100
|move|p2a: Great Tusk|Ice Spinner|p1a: Hatterene
|-damage|p1a: Hatterene|49/100
|
|upkeep
|turn|21
|
|t:|1757942671
|-end|p2a: Great Tusk|Protosynthesis|[silent]
|switch|p2a: Slowking|Slowking-Galar, F|100/100
|move|p1a: Hatterene|Draining Kiss|p2a: Slowking
|-resisted|p2a: Slowking
|-damage|p2a: Slowking|93/100
|-heal|p1a: Hatterene|56/100|[from] drain|[of] p2a: Slowking
|
|upkeep
|turn|22
|
|t:|1757942684
|move|p2a: Slowking|Sludge Bomb|p1a: Hatterene
|-supereffective|p1a: Hatterene
|-damage|p1a: Hatterene|12/100
|move|p1a: Hatterene|Nuzzle|p2a: Slowking
|-damage|p2a: Slowking|90/100
|-status|p2a: Slowking|par
|
|upkeep
|turn|23
|
|t:|1757942692
|move|p1a: Hatterene|Psyshock|p2a: Slowking
|-damage|p2a: Slowking|55/100 par
|move|p2a: Slowking|Sludge Bomb|p1a: Hatterene
|-supereffective|p1a: Hatterene
|-damage|p1a: Hatterene|0 fnt
|faint|p1a: Hatterene
|
|upkeep
|
|t:|1757942700
|switch|p1a: Gliscor|Gliscor, M|61/100 tox
|turn|24
|
|t:|1757942709
|switch|p2a: Great Tusk|Great Tusk|72/100
|move|p1a: Gliscor|Earthquake|p2a: Great Tusk
|-damage|p2a: Great Tusk|36/100
|
|-heal|p1a: Gliscor|73/100 tox|[from] ability: Poison Heal
|upkeep
|turn|25
|
|t:|1757942719
|switch|p1a: Walking Wake|Walking Wake|71/100
|move|p2a: Great Tusk|Stealth Rock|p1a: Walking Wake
|-sidestart|p1: smpark22|move: Stealth Rock
|
|upkeep
|turn|26
|
|t:|1757942727
|-end|p2a: Great Tusk|Protosynthesis|[silent]
|switch|p2a: Slowking|Slowking-Galar, F|89/100 par
|move|p1a: Walking Wake|Hydro Steam|p2a: Slowking
|-damage|p2a: Slowking|62/100 par
|
|upkeep
|turn|27
|
|t:|1757942737
|move|p1a: Walking Wake|Flip Turn|p2a: Slowking
|-damage|p2a: Slowking|49/100 par
|
|t:|1757942746
|-end|p1a: Walking Wake|Protosynthesis|[silent]
|switch|p1a: Revavroom|Revavroom, F|72/100|[from] Flip Turn
|-damage|p1a: Revavroom|66/100|[from] Stealth Rock
|move|p2a: Slowking|Psyshock|p1a: Revavroom
|-damage|p1a: Revavroom|35/100
|
|upkeep
|turn|28
|
|t:|1757942763
|switch|p2a: Great Tusk|Great Tusk|36/100
|move|p1a: Revavroom|Shift Gear|p1a: Revavroom
|-boost|p1a: Revavroom|spe|2
|-boost|p1a: Revavroom|atk|1
|
|upkeep
|turn|29
|
|t:|1757942779
|-terastallize|p2a: Great Tusk|Steel
|move|p1a: Revavroom|High Horsepower|p2a: Great Tusk
|-supereffective|p2a: Great Tusk
|-damage|p2a: Great Tusk|0 fnt
|-damage|p1a: Revavroom|18/100|[from] item: Rocky Helmet|[of] p2a: Great Tusk
|faint|p2a: Great Tusk
|-end|p2a: Great Tusk|Protosynthesis|[silent]
|-damage|p1a: Revavroom|8/100|[from] item: Life Orb
|
|upkeep
|
|t:|1757942788
|switch|p2a: Kingambit|Kingambit, F|100/100
|-activate|p2a: Kingambit|ability: Supreme Overlord
|-start|p2a: Kingambit|fallen2|[silent]
|turn|30
|
|t:|1757942795
|move|p2a: Kingambit|Sucker Punch||[still]
|-fail|p2a: Kingambit
|move|p1a: Revavroom|Shift Gear|p1a: Revavroom
|-boost|p1a: Revavroom|spe|2
|-boost|p1a: Revavroom|atk|1
|
|upkeep
|turn|31
|
|t:|1757942800
|move|p2a: Kingambit|Sucker Punch||[still]
|-fail|p2a: Kingambit
|move|p1a: Revavroom|Shift Gear|p1a: Revavroom
|-boost|p1a: Revavroom|spe|2
|-boost|p1a: Revavroom|atk|1
|
|upkeep
|turn|32
|
|t:|1757942806
|move|p2a: Kingambit|Sucker Punch|p1a: Revavroom
|-damage|p1a: Revavroom|0 fnt
|faint|p1a: Revavroom
|
|upkeep
|
|t:|1757942826
|switch|p1a: Gliscor|Gliscor, M|73/100 tox
|-damage|p1a: Gliscor|61/100 tox|[from] Stealth Rock
|turn|33
|
|t:|1757942842
|move|p2a: Kingambit|Sucker Punch|p1a: Gliscor
|-damage|p1a: Gliscor|11/100 tox
|move|p1a: Gliscor|Earthquake|p2a: Kingambit
|-supereffective|p2a: Kingambit
|-damage|p2a: Kingambit|36/100
|
|-heal|p2a: Kingambit|42/100|[from] item: Leftovers
|-heal|p1a: Gliscor|24/100 tox|[from] ability: Poison Heal
|upkeep
|turn|34
|
|t:|1757942850
|move|p2a: Kingambit|Sucker Punch||[still]
|-fail|p2a: Kingambit
|move|p1a: Gliscor|Swords Dance|p1a: Gliscor
|-boost|p1a: Gliscor|atk|2
|
|-heal|p2a: Kingambit|49/100|[from] item: Leftovers
|-heal|p1a: Gliscor|36/100 tox|[from] ability: Poison Heal
|upkeep
|turn|35
|
|t:|1757942858
|move|p1a: Gliscor|Swords Dance|p1a: Gliscor
|-boost|p1a: Gliscor|atk|2
|move|p2a: Kingambit|Kowtow Cleave|p1a: Gliscor
|-damage|p1a: Gliscor|0 fnt
|faint|p1a: Gliscor
|
|-heal|p2a: Kingambit|55/100|[from] item: Leftovers
|upkeep
|
|t:|1757942865
|switch|p1a: Zamazenta|Zamazenta|92/100
|-damage|p1a: Zamazenta|86/100|[from] Stealth Rock
|turn|36
|
|t:|1757942872
|move|p1a: Zamazenta|Crunch|p2a: Kingambit
|-resisted|p2a: Kingambit
|-damage|p2a: Kingambit|40/100
|-unboost|p2a: Kingambit|def|1
|move|p2a: Kingambit|Iron Head|p1a: Zamazenta
|-damage|p1a: Zamazenta|34/100
|
|-heal|p2a: Kingambit|46/100|[from] item: Leftovers
|upkeep
|turn|37
|
|t:|1757942882
|switch|p1a: Blissey|Blissey, F|98/100
|-damage|p1a: Blissey|86/100|[from] Stealth Rock
|move|p2a: Kingambit|Iron Head|p1a: Blissey
|-damage|p1a: Blissey|35/100
|
|-heal|p2a: Kingambit|52/100|[from] item: Leftovers
|-heal|p1a: Blissey|41/100|[from] item: Leftovers
|upkeep
|turn|38
|
|t:|1757942892
|move|p2a: Kingambit|Kowtow Cleave|p1a: Blissey
|-damage|p1a: Blissey|0 fnt
|faint|p1a: Blissey
|
|-heal|p2a: Kingambit|58/100|[from] item: Leftovers
|upkeep
|
|t:|1757942898
|switch|p1a: Zamazenta|Zamazenta|34/100
|-damage|p1a: Zamazenta|27/100|[from] Stealth Rock
|turn|39
|
|t:|1757942909
|move|p1a: Zamazenta|Close Combat|p2a: Kingambit
|-supereffective|p2a: Kingambit
|-damage|p2a: Kingambit|0 fnt
|-unboost|p1a: Zamazenta|def|1
|-unboost|p1a: Zamazenta|spd|1
|faint|p2a: Kingambit
|-end|p2a: Kingambit|fallen2|[silent]
|
|upkeep
|
|t:|1757942912
|switch|p2a: Dragapult|Dragapult, M|34/100
|turn|40
|
|t:|1757942919
|switch|p1a: Walking Wake|Walking Wake|71/100
|-damage|p1a: Walking Wake|58/100|[from] Stealth Rock
|move|p2a: Dragapult|Dragon Darts|p1a: Walking Wake
|-supereffective|p1a: Walking Wake
|-damage|p1a: Walking Wake|14/100
|-anim|p2a: Dragapult|Dragon Darts|p1a: Walking Wake
|-supereffective|p1a: Walking Wake
|-damage|p1a: Walking Wake|0 fnt
|faint|p1a: Walking Wake
|-end|p1a: Walking Wake|Protosynthesis|[silent]
|
|upkeep
|
|t:|1757942928
|switch|p1a: Zamazenta|Zamazenta|27/100
|-damage|p1a: Zamazenta|21/100|[from] Stealth Rock
|turn|41
|
|t:|1757942933
|move|p2a: Dragapult|Dragon Darts|p1a: Zamazenta
|-damage|p1a: Zamazenta|0 fnt
|faint|p1a: Zamazenta
|
|win|summmm
|raw|smpark22's rating: 1428 &rarr; <strong>1411</strong><br />(-17 for losing)
|raw|summmm's rating: 1477 &rarr; <strong>1494</strong><br />(+17 for winning)
|c|☆smpark22|gg
|l|☆smpark22
|player|p1|
