|j|☆TaviPM
|j|☆Hevy597
|t:|1757812249
|gametype|singles
|player|p1|TaviPM|102|
|player|p2|Hevy597|policeman|
|gen|9
|tier|[Gen 9] OU
|rule|HP Percentage Mod: HP is shown in percentages
|rule|Endless Battle Clause: Forcing endless battles is banned
|rule|Species Clause: Limit one of each Pokémon
|rule|OHKO Clause: OHKO moves are banned
|rule|Evasion Items Clause: Evasion items are banned
|rule|Evasion Moves Clause: Evasion moves are banned
|rule|Evasion Abilities Clause: Evasion abilities are banned
|rule|Sleep Moves Clause: Sleep-inducing moves are banned
|clearpoke
|poke|p1|Great Tusk|
|poke|p1|Kingambit, M|
|poke|p1|Clodsire, M|
|poke|p1|Skeledirge, M|
|poke|p1|Thundurus, M|
|poke|p1|Goodra-Hisui, F|
|poke|p2|Moltres|
|poke|p2|Primarina, F|
|poke|p2|Metagross|
|poke|p2|Tauros-Paldea-Blaze, M|
|poke|p2|Galvantula, M|
|poke|p2|Salamence, F|
|teampreview
|
|t:|1757812278
|teamsize|p1|6
|teamsize|p2|6
|start
|switch|p1a: Great Tusk|Great Tusk|100/100
|switch|p2a: Galvantula|Galvantula, M|100/100
|-enditem|p1a: Great Tusk|Booster Energy
|-activate|p1a: Great Tusk|ability: Protosynthesis|[fromitem]
|-start|p1a: Great Tusk|protosynthesisatk
|turn|1
|
|t:|1757812293
|move|p2a: Galvantula|Sticky Web|p1a: Great Tusk
|-sidestart|p1: TaviPM|move: Sticky Web
|move|p1a: Great Tusk|Stone Edge|p2a: Galvantula
|-supereffective|p2a: Galvantula
|-crit|p2a: Galvantula
|-enditem|p2a: Galvantula|Focus Sash
|-damage|p2a: Galvantula|1/100
|
|upkeep
|turn|2
|
|t:|1757812328
|move|p2a: Galvantula|Throat Chop|p1a: Great Tusk
|-resisted|p1a: Great Tusk
|-damage|p1a: Great Tusk|95/100
|-start|p1a: Great Tusk|Throat Chop|[silent]
|move|p1a: Great Tusk|Rapid Spin|p2a: Galvantula
|-damage|p2a: Galvantula|0 fnt
|-boost|p1a: Great Tusk|spe|1
|-sideend|p1: TaviPM|Sticky Web|[from] move: Rapid Spin|[of] p1a: Great Tusk
|faint|p2a: Galvantula
|
|upkeep
|
|t:|1757812345
|switch|p2a: Moltres|Moltres|100/100
|turn|3
|
|t:|1757812363
|move|p1a: Great Tusk|Stone Edge|p2a: Moltres
|-supereffective|p2a: Moltres
|-damage|p2a: Moltres|0 fnt
|faint|p2a: Moltres
|
|-end|p1a: Great Tusk|Throat Chop|[silent]
|upkeep
|
|t:|1757812369
|switch|p2a: Salamence|Salamence, F|100/100
|-ability|p2a: Salamence|Intimidate|boost
|-unboost|p1a: Great Tusk|atk|1
|turn|4
|
|t:|1757812375
|move|p1a: Great Tusk|Ice Spinner|p2a: Salamence
|-supereffective|p2a: Salamence
|-damage|p2a: Salamence|0 fnt
|faint|p2a: Salamence
|
|upkeep
|
|t:|1757812380
|switch|p2a: Primarina|Primarina, F|100/100
|turn|5
|
|t:|1757812388
|-terastallize|p1a: Great Tusk|Poison
|-terastallize|p2a: Primarina|Flying
|move|p1a: Great Tusk|Headlong Rush|p2a: Primarina
|-immune|p2a: Primarina
|move|p2a: Primarina|Moonblast|p1a: Great Tusk
|-resisted|p1a: Great Tusk
|-damage|p1a: Great Tusk|66/100
|-unboost|p1a: Great Tusk|spa|1
|
|upkeep
|turn|6
|
|t:|1757812406
|move|p1a: Great Tusk|Ice Spinner|p2a: Primarina
|-supereffective|p2a: Primarina
|-damage|p2a: Primarina|49/100
|move|p2a: Primarina|Surf|p1a: Great Tusk
|-damage|p1a: Great Tusk|10/100
|
|upkeep
|turn|7
|
|t:|1757812414
|move|p1a: Great Tusk|Ice Spinner|p2a: Primarina
|-supereffective|p2a: Primarina
|-damage|p2a: Primarina|0 fnt
|faint|p2a: Primarina
|
|upkeep
|
|t:|1757812419
|switch|p2a: Metagross|Metagross|100/100
|turn|8
|
|t:|1757812423
|move|p2a: Metagross|Bullet Punch|p1a: Great Tusk
|-damage|p1a: Great Tusk|0 fnt
|faint|p1a: Great Tusk
|-end|p1a: Great Tusk|Protosynthesis|[silent]
|
|upkeep
|
|t:|1757812436
|switch|p1a: Skeledirge|Skeledirge, M|100/100
|turn|9
|
|t:|1757812440
|switch|p2a: Tauros|Tauros-Paldea-Blaze, M|100/100
|move|p1a: Skeledirge|Torch Song|p2a: Tauros
|-resisted|p2a: Tauros
|-damage|p2a: Tauros|71/100
|-boost|p1a: Skeledirge|spa|1
|
|upkeep
|turn|10
|
|t:|1757812451
|move|p2a: Tauros|Stone Edge|p1a: Skeledirge|[miss]
|-miss|p2a: Tauros|p1a: Skeledirge
|move|p1a: Skeledirge|Shadow Ball|p2a: Tauros
|-damage|p2a: Tauros|0 fnt
|faint|p2a: Tauros
|
|upkeep
|
|t:|1757812457
|switch|p2a: Metagross|Metagross|100/100
|turn|11
|
|t:|1757812470
|move|p2a: Metagross|Stone Edge|p1a: Skeledirge
|-supereffective|p1a: Skeledirge
|-damage|p1a: Skeledirge|7/100
|move|p1a: Skeledirge|Shadow Ball|p2a: Metagross
|-supereffective|p2a: Metagross
|-damage|p2a: Metagross|0 fnt
|faint|p2a: Metagross
|
|win|TaviPM
|l|☆Hevy597
|player|p2|
