|j|☆lotus5ive
|j|☆leoleoloeloe
|t:|1757836246
|gametype|singles
|player|p1|lotus5ive|169|1224
|player|p2|leoleoloeloe|veteran|1265
|gen|9
|tier|[Gen 9] OU
|rated|
|rule|HP Percentage Mod: HP is shown in percentages
|rule|Endless Battle Clause: Forcing endless battles is banned
|rule|Species Clause: Limit one of each Pokémon
|rule|OHKO Clause: OHKO moves are banned
|rule|Evasion Items Clause: Evasion items are banned
|rule|Evasion Moves Clause: Evasion moves are banned
|rule|Evasion Abilities Clause: Evasion abilities are banned
|rule|Sleep Moves Clause: Sleep-inducing moves are banned
|clearpoke
|poke|p1|Pecharunt|
|poke|p1|Great Tusk|
|poke|p1|Ogerpon-Wellspring, F|
|poke|p1|Iron Crown|
|poke|p1|Landorus-Therian, M|
|poke|p1|Samurott-Hisui, F|
|poke|p2|Raging Bolt|
|poke|p2|Basculegion, M|
|poke|p2|Dragonite, F|
|poke|p2|Iron Treads|
|poke|p2|Barraskewda, M|
|poke|p2|Pelipper, F|
|teampreview
|inactive|Battle timer is ON: inactive players will automatically lose when time's up. (requested by lotus5ive)
|
|t:|1757836263
|teamsize|p1|6
|teamsize|p2|6
|start
|switch|p1a: Iron Crown|Iron Crown|100/100
|switch|p2a: NIGEL|Pelipper, F|100/100
|-weather|RainDance|[from] ability: Drizzle|[of] p2a: NIGEL
|turn|1
|
|t:|1757836270
|switch|p2a: ELON TUSK|Iron Treads|100/100
|move|p1a: Iron Crown|Volt Switch|p2a: ELON TUSK
|-immune|p2a: ELON TUSK
|
|-weather|RainDance|[upkeep]
|upkeep
|turn|2
|
|t:|1757836277
|-end|p1a: Iron Crown|Quark Drive|[silent]
|switch|p1a: Samurott|Samurott-Hisui, F|100/100
|move|p2a: ELON TUSK|Stealth Rock|p1a: Samurott
|-sidestart|p1: lotus5ive|move: Stealth Rock
|
|-weather|RainDance|[upkeep]
|upkeep
|turn|3
|
|t:|1757836291
|move|p2a: ELON TUSK|Volt Switch|p1a: Samurott
|-supereffective|p1a: Samurott
|-damage|p1a: Samurott|77/100
|
|t:|1757836297
|-end|p2a: ELON TUSK|Quark Drive|[silent]
|switch|p2a: Raging Bolt|Raging Bolt|100/100|[from] Volt Switch
|move|p1a: Samurott|Razor Shell|p2a: Raging Bolt
|-resisted|p2a: Raging Bolt
|-damage|p2a: Raging Bolt|64/100
|-unboost|p2a: Raging Bolt|def|1
|
|-weather|RainDance|[upkeep]
|upkeep
|turn|4
|
|t:|1757836308
|move|p1a: Samurott|Razor Shell|p2a: Raging Bolt
|-resisted|p2a: Raging Bolt
|-damage|p2a: Raging Bolt|16/100
|move|p2a: Raging Bolt|Weather Ball|p1a: Samurott
|-resisted|p1a: Samurott
|-crit|p1a: Samurott
|-damage|p1a: Samurott|37/100
|
|-weather|RainDance|[upkeep]
|upkeep
|turn|5
|
|t:|1757836319
|move|p1a: Samurott|Ceaseless Edge|p2a: Raging Bolt
|-damage|p2a: Raging Bolt|0 fnt
|-sidestart|p2: leoleoloeloe|Spikes
|faint|p2a: Raging Bolt
|-end|p2a: Raging Bolt|Protosynthesis|[silent]
|
|-weather|RainDance|[upkeep]
|upkeep
|c|☆leoleoloeloe|shit
|inactive|leoleoloeloe has 120 seconds left.
|
|t:|1757836357
|switch|p2a: THE MAILMAN|Dragonite, F|100/100
|turn|6
|
|t:|1757836367
|move|p2a: THE MAILMAN|Low Kick|p1a: Samurott
|-supereffective|p1a: Samurott
|-damage|p1a: Samurott|0 fnt
|faint|p1a: Samurott
|
|-weather|RainDance|[upkeep]
|upkeep
|c|☆leoleoloeloe|fucking shit
|
|t:|1757836386
|switch|p1a: Pecharunt|Pecharunt|100/100
|-damage|p1a: Pecharunt|88/100|[from] Stealth Rock
|turn|7
|
|t:|1757836398
|move|p2a: THE MAILMAN|Draco Meteor|p1a: Pecharunt|[miss]
|-miss|p2a: THE MAILMAN|p1a: Pecharunt
|move|p1a: Pecharunt|Foul Play|p2a: THE MAILMAN
|-damage|p2a: THE MAILMAN|85/100
|
|-weather|RainDance|[upkeep]
|upkeep
|turn|8
|
|t:|1757836417
|switch|p1a: Iron Crown|Iron Crown|100/100
|-damage|p1a: Iron Crown|94/100|[from] Stealth Rock
|move|p2a: THE MAILMAN|Hurricane|p1a: Iron Crown
|-resisted|p1a: Iron Crown
|-damage|p1a: Iron Crown|71/100
|
|-weather|none
|upkeep
|turn|9
|
|t:|1757836431
|switch|p2a: ELON TUSK|Iron Treads|100/100
|-damage|p2a: ELON TUSK|88/100|[from] Spikes
|move|p1a: Iron Crown|Tachyon Cutter|p2a: ELON TUSK
|-resisted|p2a: ELON TUSK
|-damage|p2a: ELON TUSK|65/100
|-resisted|p2a: ELON TUSK
|-damage|p2a: ELON TUSK|41/100
|-hitcount|p2a: ELON TUSK|2
|-enditem|p2a: ELON TUSK|Eject Button
|
|t:|1757836442
|-end|p2a: ELON TUSK|Quark Drive|[silent]
|switch|p2a: SKEWMA|Barraskewda, M|100/100
|-damage|p2a: SKEWMA|88/100|[from] Spikes
|
|upkeep
|turn|10
|
|t:|1757836450
|-end|p1a: Iron Crown|Quark Drive|[silent]
|switch|p1a: Pecharunt|Pecharunt|88/100
|-damage|p1a: Pecharunt|76/100|[from] Stealth Rock
|move|p2a: SKEWMA|Close Combat|p1a: Pecharunt
|-immune|p1a: Pecharunt
|
|upkeep
|turn|11
|
|t:|1757836459
|switch|p2a: NIGEL|Pelipper, F|100/100
|-weather|RainDance|[from] ability: Drizzle|[of] p2a: NIGEL
|move|p1a: Pecharunt|Malignant Chain|p2a: NIGEL
|-damage|p2a: NIGEL|58/100
|
|-weather|RainDance|[upkeep]
|upkeep
|turn|12
|
|t:|1757836468
|move|p1a: Pecharunt|Parting Shot|p2a: NIGEL
|-unboost|p2a: NIGEL|atk|1
|-unboost|p2a: NIGEL|spa|1
|
|t:|1757836482
|switch|p1a: Iron Crown|Iron Crown|71/100|[from] Parting Shot
|-damage|p1a: Iron Crown|64/100|[from] Stealth Rock
|move|p2a: NIGEL|Roost|p2a: NIGEL
|-heal|p2a: NIGEL|100/100
|-singleturn|p2a: NIGEL|move: Roost
|
|-weather|RainDance|[upkeep]
|upkeep
|turn|13
|inactive|leoleoloeloe has 120 seconds left.
|
|t:|1757836514
|switch|p2a: SKULLKRAKEN|Basculegion, M|100/100
|-damage|p2a: SKULLKRAKEN|88/100|[from] Spikes
|move|p1a: Iron Crown|Tachyon Cutter|p2a: SKULLKRAKEN
|-resisted|p2a: SKULLKRAKEN
|-damage|p2a: SKULLKRAKEN|66/100
|-resisted|p2a: SKULLKRAKEN
|-damage|p2a: SKULLKRAKEN|46/100
|-hitcount|p2a: SKULLKRAKEN|2
|
|-weather|RainDance|[upkeep]
|upkeep
|turn|14
|inactive|leoleoloeloe has 120 seconds left.
|
|t:|1757836525
|-end|p1a: Iron Crown|Quark Drive|[silent]
|switch|p1a: Pecharunt|Pecharunt|76/100
|-damage|p1a: Pecharunt|63/100|[from] Stealth Rock
|move|p2a: SKULLKRAKEN|Wave Crash|p1a: Pecharunt
|-damage|p1a: Pecharunt|0 fnt
|-damage|p2a: SKULLKRAKEN|30/100|[from] item: Rocky Helmet|[of] p1a: Pecharunt
|faint|p1a: Pecharunt
|-damage|p2a: SKULLKRAKEN|9/100|[from] Recoil
|
|-weather|RainDance|[upkeep]
|upkeep
|
|t:|1757836547
|switch|p1a: Ogerpon|Ogerpon-Wellspring, F|100/100
|-damage|p1a: Ogerpon|88/100|[from] Stealth Rock
|turn|15
|inactive|leoleoloeloe has 120 seconds left.
|inactive|lotus5ive has 120 seconds left.
|
|t:|1757836578
|switch|p2a: THE MAILMAN|Dragonite, F|85/100
|move|p1a: Ogerpon|Swords Dance|p1a: Ogerpon
|-boost|p1a: Ogerpon|atk|2
|
|-weather|RainDance|[upkeep]
|upkeep
|turn|16
|inactive|lotus5ive has 120 seconds left.
|
|t:|1757836591
|-terastallize|p1a: Ogerpon|Water
|detailschange|p1a: Ogerpon|Ogerpon-Wellspring-Tera, F, tera:Water
|-ability|p1a: Ogerpon|Embody Aspect (Wellspring)|boost
|-boost|p1a: Ogerpon|spd|1
|move|p1a: Ogerpon|Trailblaze|p2a: THE MAILMAN
|-resisted|p2a: THE MAILMAN
|-crit|p2a: THE MAILMAN
|-damage|p2a: THE MAILMAN|65/100
|-boost|p1a: Ogerpon|spe|1
|move|p2a: THE MAILMAN|Roost|p2a: THE MAILMAN
|-heal|p2a: THE MAILMAN|100/100
|-singleturn|p2a: THE MAILMAN|move: Roost
|
|-weather|RainDance|[upkeep]
|upkeep
|turn|17
|inactive|lotus5ive has 120 seconds left.
|
|t:|1757836610
|move|p1a: Ogerpon|Swords Dance|p1a: Ogerpon
|-boost|p1a: Ogerpon|atk|2
|move|p2a: THE MAILMAN|Hurricane|p1a: Ogerpon
|-damage|p1a: Ogerpon|52/100
|
|-weather|RainDance|[upkeep]
|upkeep
|turn|18
|inactive|lotus5ive has 120 seconds left.
|
|t:|1757836623
|move|p1a: Ogerpon|Synthesis|p1a: Ogerpon
|-heal|p1a: Ogerpon|77/100
|move|p2a: THE MAILMAN|Hurricane|p1a: Ogerpon
|-damage|p1a: Ogerpon|41/100
|
|-weather|none
|upkeep
|turn|19
|
|t:|1757836636
|move|p1a: Ogerpon|Synthesis|p1a: Ogerpon
|-heal|p1a: Ogerpon|91/100
|move|p2a: THE MAILMAN|Low Kick|p1a: Ogerpon
|-damage|p1a: Ogerpon|73/100
|
|upkeep
|turn|20
|
|t:|1757836644
|move|p1a: Ogerpon|Ivy Cudgel|p2a: THE MAILMAN|[anim] Ivy Cudgel Water
|-resisted|p2a: THE MAILMAN
|-damage|p2a: THE MAILMAN|44/100
|move|p2a: THE MAILMAN|Draco Meteor|p1a: Ogerpon
|-damage|p1a: Ogerpon|33/100
|-unboost|p2a: THE MAILMAN|spa|2
|-enditem|p2a: THE MAILMAN|Eject Pack
|
|t:|1757836653
|switch|p2a: NIGEL|Pelipper, F|100/100
|-weather|RainDance|[from] ability: Drizzle|[of] p2a: NIGEL
|
|-weather|RainDance|[upkeep]
|upkeep
|turn|21
|inactive|leoleoloeloe has 120 seconds left.
|c|☆leoleoloeloe|why the fuck does everybody's ogerpon now have synth
|inactive|leoleoloeloe has 90 seconds left.
|
|t:|1757836695
|move|p1a: Ogerpon|Synthesis|p1a: Ogerpon
|-heal|p1a: Ogerpon|58/100
|move|p2a: NIGEL|U-turn|p1a: Ogerpon
|-damage|p1a: Ogerpon|50/100
|
|t:|1757836699
|switch|p2a: SKEWMA|Barraskewda, M|88/100|[from] U-turn
|-damage|p2a: SKEWMA|76/100|[from] Spikes
|
|-weather|RainDance|[upkeep]
|upkeep
|turn|22
|
|t:|1757836707
|move|p2a: SKEWMA|Close Combat|p1a: Ogerpon
|-crit|p1a: Ogerpon
|-damage|p1a: Ogerpon|0 fnt
|-unboost|p2a: SKEWMA|def|1
|-unboost|p2a: SKEWMA|spd|1
|faint|p1a: Ogerpon
|detailschange|p1: Ogerpon|Ogerpon-Wellspring, F|[silent]
|
|-weather|RainDance|[upkeep]
|upkeep
|
|t:|1757836716
|switch|p1a: Iron Crown|Iron Crown|64/100
|-damage|p1a: Iron Crown|58/100|[from] Stealth Rock
|turn|23
|
|t:|1757836729
|switch|p2a: SKULLKRAKEN|Basculegion, M|9/100
|-damage|p2a: SKULLKRAKEN|0 fnt|[from] Spikes
|faint|p2a: SKULLKRAKEN
|move|p1a: Iron Crown|Tachyon Cutter|p2: SKULLKRAKEN|[notarget]
|-fail|p1a: Iron Crown
|
|-weather|RainDance|[upkeep]
|upkeep
|
|t:|1757836742
|switch|p2a: SKEWMA|Barraskewda, M|76/100
|-damage|p2a: SKEWMA|64/100|[from] Spikes
|turn|24
|inactive|lotus5ive has 120 seconds left.
|
|t:|1757836775
|-terastallize|p2a: SKEWMA|Water
|move|p2a: SKEWMA|Liquidation|p1a: Iron Crown
|-damage|p1a: Iron Crown|0 fnt
|faint|p1a: Iron Crown
|-end|p1a: Iron Crown|Quark Drive|[silent]
|
|-weather|RainDance|[upkeep]
|upkeep
|inactive|lotus5ive has 120 seconds left.
|
|t:|1757836792
|switch|p1a: Great Tusk|Great Tusk|100/100
|-damage|p1a: Great Tusk|98/100|[from] Stealth Rock
|-enditem|p1a: Great Tusk|Booster Energy
|-activate|p1a: Great Tusk|ability: Protosynthesis|[fromitem]
|-start|p1a: Great Tusk|protosynthesisspe
|turn|25
|
|t:|1757836810
|move|p2a: SKEWMA|Liquidation|p1a: Great Tusk
|-supereffective|p1a: Great Tusk
|-damage|p1a: Great Tusk|0 fnt
|faint|p1a: Great Tusk
|-end|p1a: Great Tusk|Protosynthesis|[silent]
|
|-weather|RainDance|[upkeep]
|upkeep
|
|t:|1757836814
|switch|p1a: Landorus|Landorus-Therian, M|100/100
|-damage|p1a: Landorus|88/100|[from] Stealth Rock
|-ability|p1a: Landorus|Intimidate|boost
|-unboost|p2a: SKEWMA|atk|1
|turn|26
|
|t:|1757836820
|switch|p2a: ELON TUSK|Iron Treads|41/100
|-damage|p2a: ELON TUSK|29/100|[from] Spikes
|move|p1a: Landorus|Stone Edge|p2a: ELON TUSK
|-resisted|p2a: ELON TUSK
|-crit|p2a: ELON TUSK
|-damage|p2a: ELON TUSK|18/100
|
|-weather|RainDance|[upkeep]
|upkeep
|turn|27
|inactive|leoleoloeloe has 120 seconds left.
|
|t:|1757836830
|move|p1a: Landorus|Stone Edge|p2a: ELON TUSK
|-resisted|p2a: ELON TUSK
|-damage|p2a: ELON TUSK|11/100
|move|p2a: ELON TUSK|Rapid Spin|p1a: Landorus
|-damage|p1a: Landorus|75/100
|-boost|p2a: ELON TUSK|spe|1
|-sideend|p2: leoleoloeloe|Spikes|[from] move: Rapid Spin|[of] p2a: ELON TUSK
|
|-weather|none
|upkeep
|turn|28
|inactive|leoleoloeloe has 120 seconds left.
|
|t:|1757836838
|move|p2a: ELON TUSK|Rapid Spin|p1a: Landorus
|-damage|p1a: Landorus|62/100
|-boost|p2a: ELON TUSK|spe|1
|move|p1a: Landorus|Stone Edge|p2a: ELON TUSK
|-resisted|p2a: ELON TUSK
|-damage|p2a: ELON TUSK|3/100
|
|upkeep
|turn|29
|
|t:|1757836845
|move|p2a: ELON TUSK|Rapid Spin|p1a: Landorus
|-damage|p1a: Landorus|50/100
|-boost|p2a: ELON TUSK|spe|1
|move|p1a: Landorus|Stone Edge|p2a: ELON TUSK
|-resisted|p2a: ELON TUSK
|-damage|p2a: ELON TUSK|0 fnt
|faint|p2a: ELON TUSK
|-end|p2a: ELON TUSK|Quark Drive|[silent]
|
|upkeep
|
|t:|1757836853
|switch|p2a: NIGEL|Pelipper, F|100/100
|-weather|RainDance|[from] ability: Drizzle|[of] p2a: NIGEL
|turn|30
|
|t:|1757836859
|move|p1a: Landorus|Stone Edge|p2a: NIGEL
|-supereffective|p2a: NIGEL
|-damage|p2a: NIGEL|41/100
|move|p2a: NIGEL|Surf|p1a: Landorus
|-supereffective|p1a: Landorus
|-damage|p1a: Landorus|0 fnt
|faint|p1a: Landorus
|
|win|leoleoloeloe
