|j|☆TruckingMaggot
|j|☆john torkoal
|t:|1757814595
|gametype|singles
|player|p1|TruckingMaggot|170|1116
|player|p2|john torkoal|rosa|1173
|gen|9
|tier|[Gen 9] OU
|rated|
|rule|HP Percentage Mod: HP is shown in percentages
|rule|Endless Battle Clause: Forcing endless battles is banned
|rule|Species Clause: Limit one of each Pokémon
|rule|OHKO Clause: OHKO moves are banned
|rule|Evasion Items Clause: Evasion items are banned
|rule|Evasion Moves Clause: Evasion moves are banned
|rule|Evasion Abilities Clause: Evasion abilities are banned
|rule|Sleep Moves Clause: Sleep-inducing moves are banned
|clearpoke
|poke|p1|Skarmory, M|
|poke|p1|Tyranitar, M|
|poke|p1|Weezing-Galar, M|
|poke|p1|Cacturne, M|
|poke|p1|Quaquaval, F|
|poke|p2|Hydreigon, F|
|poke|p2|Iron Valiant|
|poke|p2|Heatran, F|
|poke|p2|Ogerpon-Wellspring, F|
|poke|p2|Pecharunt|
|poke|p2|Landorus-Therian, M|
|teampreview
|
|t:|1757814626
|teamsize|p1|5
|teamsize|p2|6
|start
|switch|p1a: NoLead?|Skarmory, M|100/100
|switch|p2a: Heatran|Heatran, F|100/100
|turn|1
|
|t:|1757814637
|switch|p1a: ElvisQuacked|Quaquaval, F|100/100
|move|p2a: Heatran|Stealth Rock|p1a: ElvisQuacked
|-sidestart|p1: TruckingMaggot|move: Stealth Rock
|
|upkeep
|turn|2
|
|t:|1757814668
|switch|p2a: Pecharunt|Pecharunt|100/100
|move|p1a: ElvisQuacked|Brick Break|p2a: Pecharunt
|-immune|p2a: Pecharunt
|
|upkeep
|turn|3
|
|t:|1757814675
|switch|p1a: NoLead?|Skarmory, M|100/100
|-damage|p1a: NoLead?|88/100|[from] Stealth Rock
|move|p2a: Pecharunt|Parting Shot|p1a: NoLead?
|-unboost|p1a: NoLead?|atk|1
|-unboost|p1a: NoLead?|spa|1
|
|t:|1757814699
|switch|p2a: Iron Valiant|Iron Valiant|100/100|[from] Parting Shot
|
|upkeep
|turn|4
|
|t:|1757814708
|switch|p1a: FancyBong|Weezing-Galar, M|100/100
|move|p2a: Iron Valiant|Thunderbolt|p1a: FancyBong
|-damage|p1a: FancyBong|46/100
|
|upkeep
|turn|5
|
|t:|1757814712
|move|p2a: Iron Valiant|Thunderbolt|p1a: FancyBong
|-damage|p1a: FancyBong|0 fnt
|faint|p1a: FancyBong
|
|upkeep
|
|t:|1757814720
|switch|p1a: Water Sponge|Cacturne, M|100/100
|-damage|p1a: Water Sponge|88/100|[from] Stealth Rock
|turn|6
|
|t:|1757814729
|-end|p2a: Iron Valiant|Quark Drive|[silent]
|switch|p2a: Heatran|Heatran, F|100/100
|-terastallize|p1a: Water Sponge|Grass
|move|p1a: Water Sponge|Trailblaze|p2a: Heatran
|-resisted|p2a: Heatran
|-damage|p2a: Heatran|90/100
|-boost|p1a: Water Sponge|spe|1
|
|-heal|p1a: Water Sponge|94/100|[from] item: Leftovers
|-heal|p2a: Heatran|96/100|[from] item: Leftovers
|upkeep
|turn|7
|
|t:|1757814736
|move|p1a: Water Sponge|Substitute|p1a: Water Sponge
|-start|p1a: Water Sponge|Substitute
|-damage|p1a: Water Sponge|69/100
|move|p2a: Heatran|Magma Storm|p1a: Water Sponge
|-supereffective|p1a: Water Sponge
|-end|p1a: Water Sponge|Substitute
|
|-heal|p1a: Water Sponge|75/100|[from] item: Leftovers
|-heal|p2a: Heatran|100/100|[from] item: Leftovers
|upkeep
|turn|8
|
|t:|1757814741
|move|p1a: Water Sponge|Substitute|p1a: Water Sponge
|-start|p1a: Water Sponge|Substitute
|-damage|p1a: Water Sponge|50/100
|move|p2a: Heatran|Magma Storm|p1a: Water Sponge|[miss]
|-miss|p2a: Heatran|p1a: Water Sponge
|
|-heal|p1a: Water Sponge|57/100|[from] item: Leftovers
|upkeep
|turn|9
|
|t:|1757814745
|move|p1a: Water Sponge|Sucker Punch|p2a: Heatran
|-damage|p2a: Heatran|66/100
|move|p2a: Heatran|Magma Storm|p1a: Water Sponge
|-supereffective|p1a: Water Sponge
|-end|p1a: Water Sponge|Substitute
|
|-heal|p1a: Water Sponge|63/100|[from] item: Leftovers
|-heal|p2a: Heatran|72/100|[from] item: Leftovers
|upkeep
|turn|10
|
|t:|1757814750
|move|p1a: Water Sponge|Substitute|p1a: Water Sponge
|-start|p1a: Water Sponge|Substitute
|-damage|p1a: Water Sponge|38/100
|move|p2a: Heatran|Magma Storm|p1a: Water Sponge
|-supereffective|p1a: Water Sponge
|-end|p1a: Water Sponge|Substitute
|
|-heal|p1a: Water Sponge|44/100|[from] item: Leftovers
|-heal|p2a: Heatran|79/100|[from] item: Leftovers
|upkeep
|turn|11
|
|t:|1757814752
|move|p1a: Water Sponge|Substitute|p1a: Water Sponge
|-start|p1a: Water Sponge|Substitute
|-damage|p1a: Water Sponge|19/100
|move|p2a: Heatran|Magma Storm|p1a: Water Sponge|[miss]
|-miss|p2a: Heatran|p1a: Water Sponge
|
|-heal|p1a: Water Sponge|25/100|[from] item: Leftovers
|-heal|p2a: Heatran|85/100|[from] item: Leftovers
|upkeep
|turn|12
|
|t:|1757814757
|move|p1a: Water Sponge|Sucker Punch|p2a: Heatran
|-damage|p2a: Heatran|50/100
|move|p2a: Heatran|Magma Storm|p1a: Water Sponge
|-supereffective|p1a: Water Sponge
|-end|p1a: Water Sponge|Substitute
|
|-heal|p1a: Water Sponge|31/100|[from] item: Leftovers
|-heal|p2a: Heatran|56/100|[from] item: Leftovers
|upkeep
|turn|13
|
|t:|1757814774
|switch|p1a: ScorEater|Tyranitar, M|100/100
|-damage|p1a: ScorEater|88/100|[from] Stealth Rock
|-weather|Sandstorm|[from] ability: Sand Stream|[of] p1a: ScorEater
|switch|p2a: Iron Valiant|Iron Valiant|100/100
|
|-weather|Sandstorm|[upkeep]
|-damage|p2a: Iron Valiant|94/100|[from] Sandstorm
|upkeep
|turn|14
|
|t:|1757814784
|-terastallize|p2a: Iron Valiant|Fairy
|move|p2a: Iron Valiant|Moonblast|p1a: ScorEater
|-supereffective|p1a: ScorEater
|-damage|p1a: ScorEater|29/100
|move|p1a: ScorEater|Knock Off|p2a: Iron Valiant
|-resisted|p2a: Iron Valiant
|-damage|p2a: Iron Valiant|66/100
|-enditem|p2a: Iron Valiant|Choice Specs|[from] move: Knock Off|[of] p1a: ScorEater
|
|-weather|Sandstorm|[upkeep]
|-damage|p2a: Iron Valiant|59/100|[from] Sandstorm
|upkeep
|turn|15
|
|t:|1757814792
|move|p2a: Iron Valiant|Moonblast|p1a: ScorEater
|-supereffective|p1a: ScorEater
|-damage|p1a: ScorEater|0 fnt
|faint|p1a: ScorEater
|
|-weather|Sandstorm|[upkeep]
|-damage|p2a: Iron Valiant|53/100|[from] Sandstorm
|upkeep
|
|t:|1757814801
|switch|p1a: Water Sponge|Cacturne, M, tera:Grass|31/100
|-damage|p1a: Water Sponge|19/100|[from] Stealth Rock
|turn|16
|
|t:|1757814807
|move|p2a: Iron Valiant|Moonblast|p1a: Water Sponge
|-damage|p1a: Water Sponge|0 fnt
|faint|p1a: Water Sponge
|
|-weather|Sandstorm|[upkeep]
|-damage|p2a: Iron Valiant|47/100|[from] Sandstorm
|upkeep
|
|t:|1757814809
|switch|p1a: NoLead?|Skarmory, M|88/100
|-damage|p1a: NoLead?|76/100|[from] Stealth Rock
|turn|17
|
|t:|1757814812
|move|p2a: Iron Valiant|Thunderbolt|p1a: NoLead?
|-supereffective|p1a: NoLead?
|-damage|p1a: NoLead?|0 fnt
|faint|p1a: NoLead?
|
|-weather|none
|upkeep
|
|t:|1757814814
|switch|p1a: ElvisQuacked|Quaquaval, F|100/100
|-damage|p1a: ElvisQuacked|94/100|[from] Stealth Rock
|turn|18
|
|t:|1757814816
|move|p2a: Iron Valiant|Moonblast|p1a: ElvisQuacked
|-supereffective|p1a: ElvisQuacked
|-damage|p1a: ElvisQuacked|0 fnt
|faint|p1a: ElvisQuacked
|
|win|john torkoal
|raw|TruckingMaggot's rating: 1116 &rarr; <strong>1095</strong><br />(-21 for losing)
|raw|john torkoal's rating: 1173 &rarr; <strong>1194</strong><br />(+21 for winning)
|l|☆TruckingMaggot
|player|p1|
|c|☆john torkoal|gg
