|j|☆djgrooves213
|j|☆Luzzio
|t:|1757911003
|gametype|singles
|player|p1|djgrooves213|zinnia|1411
|player|p2|Luzzio|lucas-gen4pt|1404
|gen|9
|tier|[Gen 9] OU
|rated|
|rule|HP Percentage Mod: HP is shown in percentages
|rule|Endless Battle Clause: Forcing endless battles is banned
|rule|Species Clause: Limit one of each Pokémon
|rule|OHKO Clause: OHKO moves are banned
|rule|Evasion Items Clause: Evasion items are banned
|rule|Evasion Moves Clause: Evasion moves are banned
|rule|Evasion Abilities Clause: Evasion abilities are banned
|rule|Sleep Moves Clause: Sleep-inducing moves are banned
|clearpoke
|poke|p1|Iron Crown|
|poke|p1|Samurott-Hisui, M|
|poke|p1|Okidogi, M|
|poke|p1|Great Tusk|
|poke|p1|Hydrapple, M|
|poke|p1|Enamorus, F|
|poke|p2|Araquanid, F|
|poke|p2|Kingambit, M|
|poke|p2|Gholdengo|
|poke|p2|Great Tusk|
|poke|p2|Iron Moth|
|poke|p2|Luxray, F|
|teampreview
|
|t:|1757911011
|teamsize|p1|6
|teamsize|p2|6
|start
|switch|p1a: Samurott|Samurott-Hisui, M, shiny|100/100
|switch|p2a: I Carry This Team|Araquanid, F|100/100
|turn|1
|
|t:|1757911015
|move|p1a: Samurott|Knock Off|p2a: I Carry This Team
|-damage|p2a: I Carry This Team|54/100
|-enditem|p2a: I Carry This Team|Custap Berry|[from] move: Knock Off|[of] p1a: Samurott
|move|p2a: I Carry This Team|Sticky Web|p1a: Samurott
|-sidestart|p1: djgrooves213|move: Sticky Web
|
|upkeep
|turn|2
|
|t:|1757911024
|move|p1a: Samurott|Ceaseless Edge|p2a: I Carry This Team
|-damage|p2a: I Carry This Team|5/100
|-sidestart|p2: Luzzio|Spikes
|move|p2a: I Carry This Team|Endeavor|p1a: Samurott
|-damage|p1a: Samurott|5/100
|
|upkeep
|turn|3
|
|t:|1757911043
|move|p1a: Samurott|Knock Off|p2a: I Carry This Team
|-damage|p2a: I Carry This Team|0 fnt
|faint|p2a: I Carry This Team
|
|upkeep
|
|t:|1757911064
|switch|p2a: I Sweep Teams|Iron Moth|100/100
|-damage|p2a: I Sweep Teams|88/100|[from] Spikes
|-enditem|p2a: I Sweep Teams|Booster Energy
|-activate|p2a: I Sweep Teams|ability: Quark Drive|[fromitem]
|-start|p2a: I Sweep Teams|quarkdrivespe
|turn|4
|
|t:|1757911087
|move|p1a: Samurott|Sucker Punch|p2a: I Sweep Teams
|-damage|p2a: I Sweep Teams|46/100
|move|p2a: I Sweep Teams|Fiery Dance|p1a: Samurott
|-resisted|p1a: Samurott
|-damage|p1a: Samurott|0 fnt
|-boost|p2a: I Sweep Teams|spa|1
|faint|p1a: Samurott
|
|upkeep
|
|t:|1757911107
|switch|p1a: Okidogi|Okidogi, M|100/100
|-activate|p1a: Okidogi|move: Sticky Web
|-unboost|p1a: Okidogi|spe|1
|turn|5
|
|t:|1757911117
|move|p2a: I Sweep Teams|Fiery Dance|p1a: Okidogi
|-damage|p1a: Okidogi|40/100
|move|p1a: Okidogi|Knock Off|p2a: I Sweep Teams
|-damage|p2a: I Sweep Teams|13/100
|
|-heal|p1a: Okidogi|46/100|[from] item: Leftovers
|upkeep
|turn|6
|
|t:|1757911129
|move|p2a: I Sweep Teams|Fiery Dance|p1a: Okidogi
|-damage|p1a: Okidogi|0 fnt
|-boost|p2a: I Sweep Teams|spa|1
|faint|p1a: Okidogi
|
|upkeep
|
|t:|1757911132
|switch|p1a: Hydrapple|Hydrapple, M, shiny|100/100
|turn|7
|
|t:|1757911134
|-terastallize|p1a: Hydrapple|Water
|move|p2a: I Sweep Teams|Sludge Wave|p1a: Hydrapple
|-damage|p1a: Hydrapple|22/100
|move|p1a: Hydrapple|Earth Power|p2a: I Sweep Teams
|-supereffective|p2a: I Sweep Teams
|-damage|p2a: I Sweep Teams|0 fnt
|faint|p2a: I Sweep Teams
|-end|p2a: I Sweep Teams|Quark Drive|[silent]
|
|upkeep
|
|t:|1757911144
|switch|p2a: I Hit Hard|Luxray, F|100/100
|-damage|p2a: I Hit Hard|88/100|[from] Spikes
|turn|8
|
|t:|1757911153
|switch|p1a: Great Tusk|Great Tusk, shiny|100/100
|move|p2a: I Hit Hard|Play Rough|p1a: Great Tusk|[miss]
|-miss|p2a: I Hit Hard|p1a: Great Tusk
|
|-status|p2a: I Hit Hard|brn|[from] item: Flame Orb
|upkeep
|turn|9
|
|t:|1757911167
|-end|p1a: Great Tusk|Protosynthesis|[silent]
|switch|p1a: Enamorus|Enamorus, F, shiny|100/100
|switch|p2a: I Also Need a Nerf|Gholdengo|100/100
|-item|p2a: I Also Need a Nerf|Air Balloon
|
|upkeep
|turn|10
|
|t:|1757911171
|move|p1a: Enamorus|Mystical Fire|p2a: I Also Need a Nerf
|-supereffective|p2a: I Also Need a Nerf
|-damage|p2a: I Also Need a Nerf|22/100
|-unboost|p2a: I Also Need a Nerf|spa|1
|-enditem|p2a: I Also Need a Nerf|Air Balloon
|-damage|p1a: Enamorus|91/100|[from] item: Life Orb
|move|p2a: I Also Need a Nerf|Make It Rain|p1a: Enamorus
|-supereffective|p1a: Enamorus
|-damage|p1a: Enamorus|0 fnt
|-unboost|p2a: I Also Need a Nerf|spa|1
|faint|p1a: Enamorus
|
|upkeep
|
|t:|1757911181
|switch|p1a: Great Tusk|Great Tusk, shiny|100/100
|turn|11
|
|t:|1757911184
|move|p1a: Great Tusk|Headlong Rush|p2a: I Also Need a Nerf
|-supereffective|p2a: I Also Need a Nerf
|-damage|p2a: I Also Need a Nerf|0 fnt
|-unboost|p1a: Great Tusk|def|1
|-unboost|p1a: Great Tusk|spd|1
|faint|p2a: I Also Need a Nerf
|
|upkeep
|
|t:|1757911188
|switch|p2a: I Clean The Floor|Great Tusk|100/100
|turn|12
|
|t:|1757911191
|move|p2a: I Clean The Floor|Rapid Spin|p1a: Great Tusk
|-damage|p1a: Great Tusk|80/100
|-boost|p2a: I Clean The Floor|spe|1
|-sideend|p2: Luzzio|Spikes|[from] move: Rapid Spin|[of] p2a: I Clean The Floor
|move|p1a: Great Tusk|Rapid Spin|p2a: I Clean The Floor
|-damage|p2a: I Clean The Floor|86/100
|-boost|p1a: Great Tusk|spe|1
|-sideend|p1: djgrooves213|Sticky Web|[from] move: Rapid Spin|[of] p1a: Great Tusk
|
|upkeep
|turn|13
|
|t:|1757911195
|move|p2a: I Clean The Floor|Ice Spinner|p1a: Great Tusk
|-supereffective|p1a: Great Tusk
|-damage|p1a: Great Tusk|17/100
|move|p1a: Great Tusk|Taunt|p2a: I Clean The Floor
|-start|p2a: I Clean The Floor|move: Taunt
|
|upkeep
|turn|14
|
|t:|1757911197
|move|p2a: I Clean The Floor|Ice Spinner|p1a: Great Tusk
|-supereffective|p1a: Great Tusk
|-damage|p1a: Great Tusk|0 fnt
|faint|p1a: Great Tusk
|-end|p1a: Great Tusk|Protosynthesis|[silent]
|
|upkeep
|
|t:|1757911208
|switch|p1a: Hydrapple|Hydrapple, M, shiny, tera:Water|55/100
|turn|15
|
|t:|1757911213
|-terastallize|p2a: I Clean The Floor|Ground
|move|p2a: I Clean The Floor|Headlong Rush|p1a: Hydrapple
|-damage|p1a: Hydrapple|0 fnt
|-unboost|p2a: I Clean The Floor|def|1
|-unboost|p2a: I Clean The Floor|spd|1
|faint|p1a: Hydrapple
|
|upkeep
|
|t:|1757911216
|switch|p1a: Iron Crown|Iron Crown|100/100
|-enditem|p1a: Iron Crown|Booster Energy
|-activate|p1a: Iron Crown|ability: Quark Drive|[fromitem]
|-start|p1a: Iron Crown|quarkdrivespe
|turn|16
|
|t:|1757911218
|move|p1a: Iron Crown|Tachyon Cutter|p2a: I Clean The Floor
|-damage|p2a: I Clean The Floor|32/100
|-damage|p2a: I Clean The Floor|0 fnt
|faint|p2a: I Clean The Floor
|-end|p2a: I Clean The Floor|Protosynthesis|[silent]
|-hitcount|p2: I Clean The Floor|2
|
|upkeep
|
|t:|1757911223
|switch|p2a: I Hit Hard|Luxray, F|88/100 brn
|turn|17
|
|t:|1757911228
|move|p1a: Iron Crown|Calm Mind|p1a: Iron Crown
|-boost|p1a: Iron Crown|spa|1
|-boost|p1a: Iron Crown|spd|1
|move|p2a: I Hit Hard|Supercell Slam|p1a: Iron Crown
|-damage|p1a: Iron Crown|22/100
|
|-damage|p2a: I Hit Hard|82/100 brn|[from] brn
|upkeep
|turn|18
|
|t:|1757911232
|move|p1a: Iron Crown|Psyshock|p2a: I Hit Hard
|-damage|p2a: I Hit Hard|0 fnt
|faint|p2a: I Hit Hard
|
|upkeep
|
|t:|1757911234
|switch|p2a: I Need A Nerf|Kingambit, M|100/100
|-activate|p2a: I Need A Nerf|ability: Supreme Overlord
|-start|p2a: I Need A Nerf|fallen5|[silent]
|turn|19
|
|t:|1757911239
|move|p2a: I Need A Nerf|Sucker Punch||[still]
|-fail|p2a: I Need A Nerf
|move|p1a: Iron Crown|Calm Mind|p1a: Iron Crown
|-boost|p1a: Iron Crown|spa|1
|-boost|p1a: Iron Crown|spd|1
|
|upkeep
|turn|20
|
|t:|1757911241
|move|p1a: Iron Crown|Calm Mind|p1a: Iron Crown
|-boost|p1a: Iron Crown|spa|1
|-boost|p1a: Iron Crown|spd|1
|move|p2a: I Need A Nerf|Kowtow Cleave|p1a: Iron Crown
|-supereffective|p1a: Iron Crown
|-damage|p1a: Iron Crown|0 fnt
|faint|p1a: Iron Crown
|-end|p1a: Iron Crown|Quark Drive|[silent]
|
|win|Luzzio
|raw|djgrooves213's rating: 1411 &rarr; <strong>1391</strong><br />(-20 for losing)
|raw|Luzzio's rating: 1404 &rarr; <strong>1424</strong><br />(+20 for winning)
|l|☆djgrooves213
|player|p1|
|l|☆Luzzio
|player|p2|
