|j|☆magmaKun
|j|☆DonDavie99
|t:|1757947445
|gametype|singles
|player|p1|magmaKun|2|1191
|player|p2|DonDavie99|101|1171
|gen|9
|tier|[Gen 9] OU
|rated|
|rule|HP Percentage Mod: HP is shown in percentages
|rule|Endless Battle Clause: Forcing endless battles is banned
|rule|Species Clause: Limit one of each Pokémon
|rule|OHKO Clause: OHKO moves are banned
|rule|Evasion Items Clause: Evasion items are banned
|rule|Evasion Moves Clause: Evasion moves are banned
|rule|Evasion Abilities Clause: Evasion abilities are banned
|rule|Sleep Moves Clause: Sleep-inducing moves are banned
|clearpoke
|poke|p1|Pelipper, M|
|poke|p1|Beartic, M|
|poke|p1|Barraskewda, M|
|poke|p1|Ogerpon-Wellspring, F|
|poke|p1|Zapdos|
|poke|p1|Hatterene, F|
|poke|p2|Greninja-*, M|
|poke|p2|Arcanine-Hisui, F|
|poke|p2|Froslass, F|
|poke|p2|Zapdos|
|poke|p2|Tyranitar, M|
|poke|p2|Espeon, F|
|teampreview
|inactive|Battle timer is ON: inactive players will automatically lose when time's up. (requested by magmaKun)
|
|t:|1757947459
|teamsize|p1|6
|teamsize|p2|6
|start
|switch|p1a: Pelipper|Pelipper, M|100/100
|switch|p2a: Froslass|Froslass, F|100/100
|-weather|RainDance|[from] ability: Drizzle|[of] p1a: Pelipper
|turn|1
|
|t:|1757947471
|move|p2a: Froslass|Thunder Wave|p1a: Pelipper
|-status|p1a: Pelipper|par
|move|p1a: Pelipper|U-turn|p2a: Froslass
|-resisted|p2a: Froslass
|-damage|p2a: Froslass|93/100
|-start|p1a: Pelipper|Disable|U-turn|[from] ability: Cursed Body|[of] p2a: Froslass
|
|t:|1757947481
|switch|p1a: Barraskewda|Barraskewda, M|100/100|[from] U-turn
|
|-weather|RainDance|[upkeep]
|upkeep
|turn|2
|
|t:|1757947513
|move|p1a: Barraskewda|Liquidation|p2a: Froslass
|-damage|p2a: Froslass|0 fnt
|faint|p2a: Froslass
|
|-weather|RainDance|[upkeep]
|upkeep
|
|t:|1757947524
|switch|p2a: Greninja|Greninja, M|100/100
|turn|3
|
|t:|1757947535
|move|p1a: Barraskewda|Close Combat|p2a: Greninja
|-supereffective|p2a: Greninja
|-damage|p2a: Greninja|0 fnt
|-unboost|p1a: Barraskewda|def|1
|-unboost|p1a: Barraskewda|spd|1
|faint|p2a: Greninja
|
|-weather|RainDance|[upkeep]
|upkeep
|
|t:|1757947543
|switch|p2a: Espeon|Espeon, F|100/100
|turn|4
|
|t:|1757947552
|move|p1a: Barraskewda|Liquidation|p2a: Espeon
|-damage|p2a: Espeon|0 fnt
|faint|p2a: Espeon
|
|-weather|RainDance|[upkeep]
|upkeep
|
|t:|1757947559
|switch|p2a: Zapdos|Zapdos|100/100
|turn|5
|
|t:|1757947567
|switch|p1a: Zapdos|Zapdos|100/100
|move|p2a: Zapdos|Volt Switch|p1a: Zapdos
|-damage|p1a: Zapdos|73/100
|
|t:|1757947573
|switch|p2a: Tyranitar|Tyranitar, M|100/100|[from] Volt Switch
|-weather|Sandstorm|[from] ability: Sand Stream|[of] p2a: Tyranitar
|
|-weather|Sandstorm|[upkeep]
|-damage|p1a: Zapdos|67/100|[from] Sandstorm
|upkeep
|turn|6
|
|t:|1757947585
|switch|p1a: Hatterene|Hatterene, F|100/100
|move|p2a: Tyranitar|Stone Edge|p1a: Hatterene
|-damage|p1a: Hatterene|62/100
|-enditem|p1a: Hatterene|Eject Button
|
|t:|1757947591
|switch|p1a: Barraskewda|Barraskewda, M|100/100
|
|-weather|Sandstorm|[upkeep]
|-damage|p1a: Barraskewda|94/100|[from] Sandstorm
|upkeep
|turn|7
|
|t:|1757947601
|move|p1a: Barraskewda|Close Combat|p2a: Tyranitar
|-supereffective|p2a: Tyranitar
|-damage|p2a: Tyranitar|0 fnt
|-unboost|p1a: Barraskewda|def|1
|-unboost|p1a: Barraskewda|spd|1
|faint|p2a: Tyranitar
|
|-weather|Sandstorm|[upkeep]
|-damage|p1a: Barraskewda|88/100|[from] Sandstorm
|upkeep
|
|t:|1757947610
|switch|p2a: Zapdos|Zapdos|100/100
|turn|8
|
|t:|1757947616
|switch|p1a: Pelipper|Pelipper, M|100/100 par
|-weather|RainDance|[from] ability: Drizzle|[of] p1a: Pelipper
|move|p2a: Zapdos|Volt Switch|p1a: Pelipper
|-supereffective|p1a: Pelipper
|-damage|p1a: Pelipper|0 fnt
|faint|p1a: Pelipper
|
|t:|1757947624
|switch|p2a: Arcanine|Arcanine-Hisui, F|100/100|[from] Volt Switch
|
|-weather|RainDance|[upkeep]
|upkeep
|
|t:|1757947629
|switch|p1a: Beartic|Beartic, M|100/100
|turn|9
|
|t:|1757947633
|move|p2a: Arcanine|Flare Blitz|p1a: Beartic
|-supereffective|p1a: Beartic
|-damage|p1a: Beartic|35/100
|-damage|p2a: Arcanine|79/100|[from] Recoil
|move|p1a: Beartic|Earthquake|p2a: Arcanine
|-supereffective|p2a: Arcanine
|-damage|p2a: Arcanine|0 fnt
|faint|p2a: Arcanine
|
|-weather|RainDance|[upkeep]
|upkeep
|-message|DonDavie99 forfeited.
|
|win|magmaKun
|raw|magmaKun's rating: 1191 &rarr; <strong>1215</strong><br />(+24 for winning)
|raw|DonDavie99's rating: 1171 &rarr; <strong>1147</strong><br />(-24 for losing)
|l|☆DonDavie99
|player|p2|
|l|☆magmaKun
|player|p1|
