|j|☆Karan8179
|j|☆MoncefTheW
|t:|1757838700
|gametype|singles
|player|p1|Karan8179|red|1100
|player|p2|MoncefTheW|dawn|1132
|gen|9
|tier|[Gen 9] OU
|rated|
|rule|HP Percentage Mod: HP is shown in percentages
|rule|Endless Battle Clause: Forcing endless battles is banned
|rule|Species Clause: Limit one of each Pokémon
|rule|OHKO Clause: OHKO moves are banned
|rule|Evasion Items Clause: Evasion items are banned
|rule|Evasion Moves Clause: Evasion moves are banned
|rule|Evasion Abilities Clause: Evasion abilities are banned
|rule|Sleep Moves Clause: Sleep-inducing moves are banned
|clearpoke
|poke|p1|Blaziken, F|
|poke|p1|Clawitzer, M|
|poke|p1|Flygon, M|
|poke|p1|Rhyperior, M|
|poke|p1|Pikachu-Kalos, M|
|poke|p1|Noivern, M|
|poke|p2|Kommo-o, M|
|poke|p2|Iron Hands|
|poke|p2|Gyarados, M|
|poke|p2|Meowscarada, M|
|poke|p2|Chandelure, M|
|poke|p2|Maushold-Four|
|teampreview
|inactive|Battle timer is ON: inactive players will automatically lose when time's up. (requested by MoncefTheW)
|inactive|Karan8179 also wants the timer to be on.
|
|t:|1757838712
|teamsize|p1|6
|teamsize|p2|6
|start
|switch|p1a: Rhyperior|Rhyperior, M|100/100
|switch|p2a: Best Tiger|Meowscarada, M, shiny|100/100
|turn|1
|
|t:|1757838719
|move|p2a: Best Tiger|Flower Trick|p1a: Rhyperior
|-start|p2a: Best Tiger|typechange|Grass|[from] ability: Protean
|-supereffective|p1a: Rhyperior
|-crit|p1a: Rhyperior
|-damage|p1a: Rhyperior|27/100
|move|p1a: Rhyperior|Stealth Rock|p2a: Best Tiger
|-sidestart|p2: MoncefTheW|move: Stealth Rock
|
|-heal|p1a: Rhyperior|33/100|[from] item: Leftovers
|upkeep
|turn|2
|
|t:|1757838735
|switch|p1a: Flygon|Flygon, M|100/100
|move|p2a: Best Tiger|Flower Trick|p1a: Flygon
|-crit|p1a: Flygon
|-damage|p1a: Flygon|39/100
|
|-heal|p1a: Flygon|45/100|[from] item: Leftovers
|upkeep
|turn|3
|
|t:|1757838746
|move|p2a: Best Tiger|Triple Axel|p1a: Flygon|[miss]
|-miss|p2a: Best Tiger|p1a: Flygon
|move|p1a: Flygon|Air Slash|p2a: Best Tiger|[miss]
|-miss|p1a: Flygon|p2a: Best Tiger
|
|-heal|p1a: Flygon|51/100|[from] item: Leftovers
|upkeep
|turn|4
|
|t:|1757838757
|move|p2a: Best Tiger|Triple Axel|p1a: Flygon
|-supereffective|p1a: Flygon
|-damage|p1a: Flygon|14/100
|-hitcount|p1a: Flygon|1
|move|p1a: Flygon|Air Slash|p2a: Best Tiger
|-supereffective|p2a: Best Tiger
|-damage|p2a: Best Tiger|62/100
|
|-heal|p1a: Flygon|20/100|[from] item: Leftovers
|upkeep
|turn|5
|
|t:|1757838768
|switch|p1a: Clawitzer|Clawitzer, M|100/100
|move|p2a: Best Tiger|Triple Axel|p1a: Clawitzer
|-resisted|p1a: Clawitzer
|-damage|p1a: Clawitzer|97/100
|-resisted|p1a: Clawitzer
|-damage|p1a: Clawitzer|90/100
|-resisted|p1a: Clawitzer
|-damage|p1a: Clawitzer|79/100
|-hitcount|p1a: Clawitzer|3
|
|upkeep
|turn|6
|
|t:|1757838780
|move|p2a: Best Tiger|Thunder Punch|p1a: Clawitzer
|-supereffective|p1a: Clawitzer
|-damage|p1a: Clawitzer|32/100
|move|p1a: Clawitzer|Dragon Pulse|p2a: Best Tiger
|-damage|p2a: Best Tiger|0 fnt
|faint|p2a: Best Tiger
|
|upkeep
|
|t:|1757838788
|switch|p2a: Dinosaurus|Kommo-o, M|100/100
|-damage|p2a: Dinosaurus|94/100|[from] Stealth Rock
|turn|7
|
|t:|1757838794
|-terastallize|p2a: Dinosaurus|Fairy
|move|p2a: Dinosaurus|Clangorous Soul|p2a: Dinosaurus
|-boost|p2a: Dinosaurus|atk|1
|-boost|p2a: Dinosaurus|def|1
|-boost|p2a: Dinosaurus|spa|1
|-boost|p2a: Dinosaurus|spd|1
|-boost|p2a: Dinosaurus|spe|1
|-damage|p2a: Dinosaurus|61/100
|move|p1a: Clawitzer|Dragon Pulse|p2a: Dinosaurus
|-immune|p2a: Dinosaurus
|
|-heal|p2a: Dinosaurus|68/100|[from] item: Leftovers
|upkeep
|turn|8
|
|t:|1757838809
|move|p2a: Dinosaurus|Drain Punch|p1a: Clawitzer
|-damage|p1a: Clawitzer|0 fnt
|-heal|p2a: Dinosaurus|86/100|[from] drain|[of] p1a: Clawitzer
|faint|p1a: Clawitzer
|
|-heal|p2a: Dinosaurus|92/100|[from] item: Leftovers
|upkeep
|
|t:|1757838819
|switch|p1a: Blaziken|Blaziken, F|100/100
|turn|9
|
|t:|1757838826
|-terastallize|p1a: Blaziken|Fire
|move|p2a: Dinosaurus|Poison Jab|p1a: Blaziken
|-damage|p1a: Blaziken|43/100
|move|p1a: Blaziken|Swords Dance|p1a: Blaziken
|-boost|p1a: Blaziken|atk|2
|
|-heal|p2a: Dinosaurus|98/100|[from] item: Leftovers
|-ability|p1a: Blaziken|Speed Boost|boost
|-boost|p1a: Blaziken|spe|1
|upkeep
|turn|10
|
|t:|1757838838
|move|p1a: Blaziken|Protect|p1a: Blaziken
|-singleturn|p1a: Blaziken|Protect
|move|p2a: Dinosaurus|Poison Jab|p1a: Blaziken
|-activate|p1a: Blaziken|move: Protect
|
|-heal|p2a: Dinosaurus|100/100|[from] item: Leftovers
|-ability|p1a: Blaziken|Speed Boost|boost
|-boost|p1a: Blaziken|spe|1
|upkeep
|turn|11
|
|t:|1757838849
|move|p1a: Blaziken|Blaze Kick|p2a: Dinosaurus
|-damage|p2a: Dinosaurus|33/100
|move|p2a: Dinosaurus|Poison Jab|p1a: Blaziken
|-damage|p1a: Blaziken|0 fnt
|faint|p1a: Blaziken
|
|-heal|p2a: Dinosaurus|39/100|[from] item: Leftovers
|upkeep
|
|t:|1757838861
|switch|p1a: Pikachu|Pikachu-Kalos, M|100/100
|turn|12
|
|t:|1757838865
|move|p2a: Dinosaurus|Drain Punch|p1a: Pikachu
|-damage|p1a: Pikachu|0 fnt
|-heal|p2a: Dinosaurus|76/100|[from] drain|[of] p1a: Pikachu
|faint|p1a: Pikachu
|
|-heal|p2a: Dinosaurus|82/100|[from] item: Leftovers
|upkeep
|-message|Karan8179 forfeited.
|
|win|MoncefTheW
|raw|Karan8179's rating: 1100 &rarr; <strong>1077</strong><br />(-23 for losing)
|raw|MoncefTheW's rating: 1132 &rarr; <strong>1155</strong><br />(+23 for winning)
|l|☆Karan8179
|player|p1|
