|j|‽CafeBustelo
|j|☆1digo11
|t:|1757891451
|gametype|singles
|player|p1|CafeBustelo|266|1044
|player|p2|1digo11|bellelba|1082
|gen|9
|tier|[Gen 9] OU
|rated|
|rule|HP Percentage Mod: HP is shown in percentages
|rule|Endless Battle Clause: Forcing endless battles is banned
|rule|Species Clause: Limit one of each Pokémon
|rule|OHKO Clause: OHKO moves are banned
|rule|Evasion Items Clause: Evasion items are banned
|rule|Evasion Moves Clause: Evasion moves are banned
|rule|Evasion Abilities Clause: Evasion abilities are banned
|rule|Sleep Moves Clause: Sleep-inducing moves are banned
|clearpoke
|poke|p1|Landorus-Therian, M|
|poke|p1|Skeledirge, M|
|poke|p1|Skarmory, M|
|poke|p1|Hydrapple, M|
|poke|p1|Samurott-Hisui, M|
|poke|p1|Fezandipiti, M|
|poke|p2|Landorus-Therian, M|
|poke|p2|Hatterene, F|
|poke|p2|Dragapult, F|
|poke|p2|Ogerpon-Wellspring, F|
|poke|p2|Heatran, F|
|poke|p2|Gholdengo|
|teampreview
|
|t:|1757891459
|teamsize|p1|6
|teamsize|p2|6
|start
|switch|p1a: Skarmory|Skarmory, M, shiny|100/100
|switch|p2a: Landorus|Landorus-Therian, M|100/100
|-ability|p2a: Landorus|Intimidate|boost
|-unboost|p1a: Skarmory|atk|1
|turn|1
|inactive|Battle timer is ON: inactive players will automatically lose when time's up. (requested by CafeBustelo)
|
|t:|1757891469
|move|p2a: Landorus|U-turn|p1a: Skarmory
|-resisted|p1a: Skarmory
|-damage|p1a: Skarmory|97/100
|-damage|p2a: Landorus|84/100|[from] item: Rocky Helmet|[of] p1a: Skarmory
|
|t:|1757891473
|switch|p2a: Hatterene|Hatterene, F|100/100|[from] U-turn
|move|p1a: Skarmory|Stealth Rock|p2a: Hatterene
|move|p2a: Hatterene|Stealth Rock|p1a: Skarmory|[from] ability: Magic Bounce
|-sidestart|p1: CafeBustelo|move: Stealth Rock
|
|upkeep
|turn|2
|
|t:|1757891484
|move|p1a: Skarmory|Brave Bird|p2a: Hatterene
|-damage|p2a: Hatterene|82/100
|-damage|p1a: Skarmory|91/100|[from] Recoil
|move|p2a: Hatterene|Mystical Fire|p1a: Skarmory
|-supereffective|p1a: Skarmory
|-damage|p1a: Skarmory|32/100
|-unboost|p1a: Skarmory|spa|1
|
|-heal|p2a: Hatterene|88/100|[from] item: Leftovers
|upkeep
|turn|3
|
|t:|1757891505
|switch|p1a: Landorus|Landorus-Therian, M, shiny|100/100
|-damage|p1a: Landorus|88/100|[from] Stealth Rock
|-ability|p1a: Landorus|Intimidate|boost
|-unboost|p2a: Hatterene|atk|1
|move|p2a: Hatterene|Psychic Noise|p1a: Landorus
|-damage|p1a: Landorus|42/100
|-start|p1a: Landorus|move: Heal Block
|
|-heal|p2a: Hatterene|94/100|[from] item: Leftovers
|upkeep
|turn|4
|
|t:|1757891515
|move|p1a: Landorus|U-turn|p2a: Hatterene
|-damage|p2a: Hatterene|73/100
|
|t:|1757891522
|switch|p1a: Samurott|Samurott-Hisui, M, shiny|100/100|[from] U-turn
|move|p2a: Hatterene|Psychic Noise|p1a: Samurott
|-immune|p1a: Samurott
|
|-heal|p2a: Hatterene|78/100|[from] item: Leftovers
|upkeep
|turn|5
|
|t:|1757891532
|move|p1a: Samurott|Ceaseless Edge|p2a: Hatterene
|-damage|p2a: Hatterene|37/100
|-sidestart|p2: 1digo11|Spikes
|move|p2a: Hatterene|Draining Kiss|p1a: Samurott
|-supereffective|p1a: Samurott
|-damage|p1a: Samurott|31/100
|-heal|p2a: Hatterene|89/100|[from] drain|[of] p1a: Samurott
|
|-heal|p2a: Hatterene|95/100|[from] item: Leftovers
|upkeep
|turn|6
|
|t:|1757891544
|-terastallize|p1a: Samurott|Dark
|move|p1a: Samurott|Ceaseless Edge|p2a: Hatterene
|-damage|p2a: Hatterene|39/100
|-sidestart|p2: 1digo11|Spikes
|move|p2a: Hatterene|Draining Kiss|p1a: Samurott
|-supereffective|p1a: Samurott
|-damage|p1a: Samurott|0 fnt
|-heal|p2a: Hatterene|62/100|[from] drain|[of] p1a: Samurott
|faint|p1a: Samurott
|
|-heal|p2a: Hatterene|68/100|[from] item: Leftovers
|upkeep
|
|t:|1757891562
|switch|p1a: Fezandipiti|Fezandipiti, M|100/100
|turn|7
|
|t:|1757891568
|switch|p2a: Gholdengo|Gholdengo|100/100
|-damage|p2a: Gholdengo|84/100|[from] Spikes
|move|p1a: Fezandipiti|Sludge Bomb|p2a: Gholdengo
|-immune|p2a: Gholdengo
|
|upkeep
|turn|8
|
|t:|1757891586
|switch|p1a: Skarmory|Skarmory, M, shiny|32/100
|-damage|p1a: Skarmory|20/100|[from] Stealth Rock
|move|p2a: Gholdengo|Trick|p1a: Skarmory
|-activate|p2a: Gholdengo|move: Trick|[of] p1a: Skarmory
|-item|p1a: Skarmory|Choice Scarf|[from] move: Trick
|-item|p2a: Gholdengo|Rocky Helmet|[from] move: Trick
|
|upkeep
|turn|9
|
|t:|1757891592
|move|p2a: Gholdengo|Shadow Ball|p1a: Skarmory
|-damage|p1a: Skarmory|0 fnt
|faint|p1a: Skarmory
|
|upkeep
|
|t:|1757891600
|switch|p1a: Skeledirge|Skeledirge, M, shiny|100/100
|turn|10
|
|t:|1757891615
|move|p2a: Gholdengo|Shadow Ball|p1a: Skeledirge
|-supereffective|p1a: Skeledirge
|-damage|p1a: Skeledirge|28/100
|move|p1a: Skeledirge|Earth Power|p2a: Gholdengo
|-supereffective|p2a: Gholdengo
|-damage|p2a: Gholdengo|34/100
|
|upkeep
|turn|11
|
|t:|1757891628
|move|p2a: Gholdengo|Shadow Ball|p1a: Skeledirge
|-supereffective|p1a: Skeledirge
|-damage|p1a: Skeledirge|0 fnt
|faint|p1a: Skeledirge
|
|upkeep
|
|t:|1757891645
|switch|p1a: Fezandipiti|Fezandipiti, M|100/100
|turn|12
|
|t:|1757891649
|move|p2a: Gholdengo|Trick|p1a: Fezandipiti
|-activate|p2a: Gholdengo|move: Trick|[of] p1a: Fezandipiti
|-item|p1a: Fezandipiti|Rocky Helmet|[from] move: Trick
|-item|p2a: Gholdengo|Heavy-Duty Boots|[from] move: Trick
|move|p1a: Fezandipiti|Calm Mind|p1a: Fezandipiti
|-boost|p1a: Fezandipiti|spa|1
|-boost|p1a: Fezandipiti|spd|1
|
|upkeep
|turn|13
|
|t:|1757891654
|move|p2a: Gholdengo|Make It Rain|p1a: Fezandipiti
|-supereffective|p1a: Fezandipiti
|-damage|p1a: Fezandipiti|49/100
|-unboost|p2a: Gholdengo|spa|1
|move|p1a: Fezandipiti|Calm Mind|p1a: Fezandipiti
|-boost|p1a: Fezandipiti|spa|1
|-boost|p1a: Fezandipiti|spd|1
|
|upkeep
|turn|14
|
|t:|1757891657
|move|p2a: Gholdengo|Make It Rain|p1a: Fezandipiti
|-supereffective|p1a: Fezandipiti
|-damage|p1a: Fezandipiti|23/100
|-unboost|p2a: Gholdengo|spa|1
|move|p1a: Fezandipiti|Roost|p1a: Fezandipiti
|-heal|p1a: Fezandipiti|74/100
|-singleturn|p1a: Fezandipiti|move: Roost
|
|upkeep
|turn|15
|
|t:|1757891661
|move|p2a: Gholdengo|Make It Rain|p1a: Fezandipiti
|-supereffective|p1a: Fezandipiti
|-damage|p1a: Fezandipiti|56/100
|-unboost|p2a: Gholdengo|spa|1
|move|p1a: Fezandipiti|Roost|p1a: Fezandipiti
|-heal|p1a: Fezandipiti|100/100
|-singleturn|p1a: Fezandipiti|move: Roost
|
|upkeep
|turn|16
|
|t:|1757891664
|move|p2a: Gholdengo|Make It Rain|p1a: Fezandipiti
|-supereffective|p1a: Fezandipiti
|-damage|p1a: Fezandipiti|87/100
|-unboost|p2a: Gholdengo|spa|1
|move|p1a: Fezandipiti|Calm Mind|p1a: Fezandipiti
|-boost|p1a: Fezandipiti|spa|1
|-boost|p1a: Fezandipiti|spd|1
|
|upkeep
|turn|17
|
|t:|1757891669
|switch|p2a: Heatran|Heatran, F|100/100
|-damage|p2a: Heatran|84/100|[from] Spikes
|move|p1a: Fezandipiti|Calm Mind|p1a: Fezandipiti
|-boost|p1a: Fezandipiti|spa|1
|-boost|p1a: Fezandipiti|spd|1
|
|-heal|p2a: Heatran|90/100|[from] item: Leftovers
|upkeep
|turn|18
|
|t:|1757891672
|move|p1a: Fezandipiti|Moonblast|p2a: Heatran
|-resisted|p2a: Heatran
|-damage|p2a: Heatran|80/100
|move|p2a: Heatran|Magma Storm|p1a: Fezandipiti
|-damage|p1a: Fezandipiti|79/100
|-activate|p1a: Fezandipiti|move: Magma Storm|[of] p2a: Heatran
|
|-heal|p2a: Heatran|86/100|[from] item: Leftovers
|-damage|p1a: Fezandipiti|66/100|[from] move: Magma Storm|[partiallytrapped]
|upkeep
|turn|19
|
|t:|1757891680
|move|p1a: Fezandipiti|Calm Mind|p1a: Fezandipiti
|-boost|p1a: Fezandipiti|spa|1
|-boost|p1a: Fezandipiti|spd|1
|move|p2a: Heatran|Earth Power|p1a: Fezandipiti
|-supereffective|p1a: Fezandipiti
|-damage|p1a: Fezandipiti|57/100
|
|-heal|p2a: Heatran|92/100|[from] item: Leftovers
|-damage|p1a: Fezandipiti|44/100|[from] move: Magma Storm|[partiallytrapped]
|upkeep
|turn|20
|
|t:|1757891681
|move|p1a: Fezandipiti|Roost|p1a: Fezandipiti
|-heal|p1a: Fezandipiti|94/100
|-singleturn|p1a: Fezandipiti|move: Roost
|move|p2a: Heatran|Earth Power|p1a: Fezandipiti
|-supereffective|p1a: Fezandipiti
|-damage|p1a: Fezandipiti|85/100
|
|-heal|p2a: Heatran|98/100|[from] item: Leftovers
|-damage|p1a: Fezandipiti|73/100|[from] move: Magma Storm|[partiallytrapped]
|upkeep
|turn|21
|
|t:|1757891684
|move|p1a: Fezandipiti|Calm Mind|p1a: Fezandipiti
|-boost|p1a: Fezandipiti|spa|1
|-boost|p1a: Fezandipiti|spd|1
|move|p2a: Heatran|Magma Storm|p1a: Fezandipiti
|-damage|p1a: Fezandipiti|67/100
|
|-heal|p2a: Heatran|100/100|[from] item: Leftovers
|-damage|p1a: Fezandipiti|54/100|[from] move: Magma Storm|[partiallytrapped]
|upkeep
|turn|22
|
|t:|1757891686
|move|p1a: Fezandipiti|Roost|p1a: Fezandipiti
|-heal|p1a: Fezandipiti|100/100
|-singleturn|p1a: Fezandipiti|move: Roost
|move|p2a: Heatran|Taunt|p1a: Fezandipiti
|-start|p1a: Fezandipiti|move: Taunt
|
|-damage|p1a: Fezandipiti|88/100|[from] move: Magma Storm|[partiallytrapped]
|upkeep
|turn|23
|
|t:|1757891688
|move|p1a: Fezandipiti|Moonblast|p2a: Heatran
|-resisted|p2a: Heatran
|-damage|p2a: Heatran|86/100
|move|p2a: Heatran|Magma Storm|p1a: Fezandipiti
|-damage|p1a: Fezandipiti|82/100
|
|-heal|p2a: Heatran|92/100|[from] item: Leftovers
|-end|p1a: Fezandipiti|Magma Storm|[partiallytrapped]
|upkeep
|turn|24
|
|t:|1757891691
|move|p1a: Fezandipiti|Moonblast|p2a: Heatran
|-resisted|p2a: Heatran
|-damage|p2a: Heatran|78/100
|move|p2a: Heatran|Magma Storm|p1a: Fezandipiti
|-damage|p1a: Fezandipiti|76/100
|-activate|p1a: Fezandipiti|move: Magma Storm|[of] p2a: Heatran
|
|-heal|p2a: Heatran|84/100|[from] item: Leftovers
|-damage|p1a: Fezandipiti|64/100|[from] move: Magma Storm|[partiallytrapped]
|upkeep
|turn|25
|
|t:|1757891697
|move|p1a: Fezandipiti|Moonblast|p2a: Heatran
|-resisted|p2a: Heatran
|-damage|p2a: Heatran|69/100
|-unboost|p2a: Heatran|spa|1
|move|p2a: Heatran|Magma Storm|p1a: Fezandipiti
|-damage|p1a: Fezandipiti|59/100
|
|-heal|p2a: Heatran|75/100|[from] item: Leftovers
|-damage|p1a: Fezandipiti|47/100|[from] move: Magma Storm|[partiallytrapped]
|-end|p1a: Fezandipiti|move: Taunt
|upkeep
|turn|26
|
|t:|1757891699
|move|p1a: Fezandipiti|Moonblast|p2a: Heatran
|-resisted|p2a: Heatran
|-damage|p2a: Heatran|59/100
|move|p2a: Heatran|Taunt|p1a: Fezandipiti
|-start|p1a: Fezandipiti|move: Taunt
|
|-heal|p2a: Heatran|66/100|[from] item: Leftovers
|-damage|p1a: Fezandipiti|35/100|[from] move: Magma Storm|[partiallytrapped]
|upkeep
|turn|27
|
|t:|1757891701
|move|p1a: Fezandipiti|Moonblast|p2a: Heatran
|-resisted|p2a: Heatran
|-damage|p2a: Heatran|51/100
|move|p2a: Heatran|Magma Storm|p1a: Fezandipiti
|-damage|p1a: Fezandipiti|30/100
|
|-heal|p2a: Heatran|57/100|[from] item: Leftovers
|-damage|p1a: Fezandipiti|17/100|[from] move: Magma Storm|[partiallytrapped]
|upkeep
|turn|28
|
|t:|1757891703
|move|p1a: Fezandipiti|Moonblast|p2a: Heatran
|-resisted|p2a: Heatran
|-damage|p2a: Heatran|42/100
|move|p2a: Heatran|Magma Storm|p1a: Fezandipiti
|-damage|p1a: Fezandipiti|13/100
|
|-heal|p2a: Heatran|48/100|[from] item: Leftovers
|-damage|p1a: Fezandipiti|0 fnt|[from] move: Magma Storm|[partiallytrapped]
|faint|p1a: Fezandipiti
|upkeep
|-message|CafeBustelo forfeited.
|
|win|1digo11
|raw|CafeBustelo's rating: 1044 &rarr; <strong>1029</strong><br />(-15 for losing)
|raw|1digo11's rating: 1082 &rarr; <strong>1107</strong><br />(+25 for winning)
|l|‽CafeBustelo
|player|p1|
