|j|☆isabel44a
|j|☆preppy dude
|t:|1757812924
|gametype|singles
|player|p1|isabel44a|roxie|1149
|player|p2|preppy dude|102|1177
|gen|9
|tier|[Gen 9] OU
|rated|
|rule|HP Percentage Mod: HP is shown in percentages
|rule|Endless Battle Clause: Forcing endless battles is banned
|rule|Species Clause: Limit one of each Pokémon
|rule|OHKO Clause: OHKO moves are banned
|rule|Evasion Items Clause: Evasion items are banned
|rule|Evasion Moves Clause: Evasion moves are banned
|rule|Evasion Abilities Clause: Evasion abilities are banned
|rule|Sleep Moves Clause: Sleep-inducing moves are banned
|clearpoke
|poke|p1|Deoxys-Defense|
|poke|p1|Landorus-Therian, M|
|poke|p1|Umbreon, F|
|poke|p1|Jolteon, M|
|poke|p1|Volcanion|
|poke|p1|Dragapult, F|
|poke|p2|Zapdos|
|poke|p2|Golem, F|
|poke|p2|Arbok, M|
|poke|p2|Hitmonchan, M|
|poke|p2|Magneton|
|poke|p2|Dodrio, M|
|teampreview
|
|t:|1757812942
|teamsize|p1|6
|teamsize|p2|6
|start
|switch|p1a: Volcanion|Volcanion|100/100
|switch|p2a: Golem|Golem, F|100/100
|-item|p1a: Volcanion|Air Balloon
|turn|1
|
|t:|1757812956
|switch|p1a: Landorus|Landorus-Therian, M|100/100
|-ability|p1a: Landorus|Intimidate|boost
|-unboost|p2a: Golem|atk|1
|move|p2a: Golem|Rock Blast|p1a: Landorus
|-damage|p1a: Landorus|90/100
|-damage|p1a: Landorus|78/100
|-damage|p1a: Landorus|67/100
|-damage|p1a: Landorus|55/100
|-damage|p1a: Landorus|44/100
|-hitcount|p1a: Landorus|5
|
|upkeep
|turn|2
|
|t:|1757812968
|move|p1a: Landorus|Earthquake|p2a: Golem
|-supereffective|p2a: Golem
|-damage|p2a: Golem|1/100
|move|p2a: Golem|Stealth Rock|p1a: Landorus
|-sidestart|p1: isabel44a|move: Stealth Rock
|
|upkeep
|turn|3
|-enditem|p2a: Golem|Custap Berry|[eat]
|-activate|p2a: Golem|item: Custap Berry|[consumed]
|
|t:|1757812975
|move|p2a: Golem|Explosion|p1a: Landorus
|-damage|p1a: Landorus|0 fnt
|faint|p2a: Golem
|faint|p1a: Landorus
|
|upkeep
|
|t:|1757812987
|switch|p1a: Deoxys|Deoxys-Defense|100/100
|switch|p2a: Hitmonchan|Hitmonchan, M|100/100
|-damage|p1a: Deoxys|88/100|[from] Stealth Rock
|-ability|p1a: Deoxys|Pressure
|turn|4
|
|t:|1757812996
|move|p1a: Deoxys|Cosmic Power|p1a: Deoxys
|-boost|p1a: Deoxys|def|1
|-boost|p1a: Deoxys|spd|1
|move|p2a: Hitmonchan|Fire Punch|p1a: Deoxys
|-damage|p1a: Deoxys|75/100
|
|-heal|p1a: Deoxys|81/100|[from] item: Leftovers
|upkeep
|turn|5
|
|t:|1757813005
|switch|p2a: Arbok|Arbok, M|100/100
|-ability|p2a: Arbok|Intimidate|boost
|-unboost|p1a: Deoxys|atk|1
|move|p1a: Deoxys|Cosmic Power|p1a: Deoxys
|-boost|p1a: Deoxys|def|1
|-boost|p1a: Deoxys|spd|1
|
|-heal|p1a: Deoxys|87/100|[from] item: Leftovers
|upkeep
|turn|6
|
|t:|1757813015
|-terastallize|p1a: Deoxys|Steel
|move|p2a: Arbok|Switcheroo|p1a: Deoxys
|-activate|p2a: Arbok|move: Trick|[of] p1a: Deoxys
|-item|p1a: Deoxys|Choice Scarf|[from] move: Switcheroo
|-item|p2a: Arbok|Leftovers|[from] move: Switcheroo
|move|p1a: Deoxys|Stored Power|p2a: Arbok
|-supereffective|p2a: Arbok
|-damage|p2a: Arbok|0 fnt
|faint|p2a: Arbok
|
|upkeep
|
|t:|1757813026
|switch|p2a: Zapdos|Zapdos|100/100
|turn|7
|
|t:|1757813033
|move|p2a: Zapdos|Protect|p2a: Zapdos
|-singleturn|p2a: Zapdos|Protect
|move|p1a: Deoxys|Stored Power|p2a: Zapdos
|-activate|p2a: Zapdos|move: Protect
|
|upkeep
|turn|8
|
|t:|1757813040
|move|p1a: Deoxys|Stored Power|p2a: Zapdos
|-crit|p2a: Zapdos
|-damage|p2a: Zapdos|52/100
|move|p2a: Zapdos|Roost|p2a: Zapdos
|-heal|p2a: Zapdos|100/100
|-singleturn|p2a: Zapdos|move: Roost
|
|upkeep
|turn|9
|
|t:|1757813048
|move|p2a: Zapdos|Protect|p2a: Zapdos
|-singleturn|p2a: Zapdos|Protect
|move|p1a: Deoxys|Stored Power|p2a: Zapdos
|-activate|p2a: Zapdos|move: Protect
|
|upkeep
|turn|10
|
|t:|1757813054
|move|p1a: Deoxys|Stored Power|p2a: Zapdos
|-damage|p2a: Zapdos|72/100
|move|p2a: Zapdos|Discharge|p1a: Deoxys
|-damage|p1a: Deoxys|74/100
|
|-heal|p2a: Zapdos|78/100|[from] item: Leftovers
|upkeep
|turn|11
|
|t:|1757813063
|move|p1a: Deoxys|Stored Power|p2a: Zapdos
|-damage|p2a: Zapdos|47/100
|move|p2a: Zapdos|Discharge|p1a: Deoxys
|-damage|p1a: Deoxys|61/100
|
|-heal|p2a: Zapdos|54/100|[from] item: Leftovers
|upkeep
|turn|12
|
|t:|1757813072
|move|p2a: Zapdos|Protect|p2a: Zapdos
|-singleturn|p2a: Zapdos|Protect
|move|p1a: Deoxys|Stored Power|p2a: Zapdos
|-activate|p2a: Zapdos|move: Protect
|
|-heal|p2a: Zapdos|60/100|[from] item: Leftovers
|upkeep
|turn|13
|
|t:|1757813079
|move|p1a: Deoxys|Stored Power|p2a: Zapdos
|-damage|p2a: Zapdos|27/100
|move|p2a: Zapdos|Roost|p2a: Zapdos
|-heal|p2a: Zapdos|77/100
|-singleturn|p2a: Zapdos|move: Roost
|
|-heal|p2a: Zapdos|83/100|[from] item: Leftovers
|upkeep
|turn|14
|
|t:|1757813089
|move|p2a: Zapdos|Protect|p2a: Zapdos
|-singleturn|p2a: Zapdos|Protect
|move|p1a: Deoxys|Stored Power|p2a: Zapdos
|-activate|p2a: Zapdos|move: Protect
|
|-heal|p2a: Zapdos|90/100|[from] item: Leftovers
|upkeep
|turn|15
|
|t:|1757813097
|move|p1a: Deoxys|Stored Power|p2a: Zapdos
|-damage|p2a: Zapdos|59/100
|move|p2a: Zapdos|Discharge|p1a: Deoxys
|-damage|p1a: Deoxys|47/100
|
|-heal|p2a: Zapdos|65/100|[from] item: Leftovers
|upkeep
|turn|16
|
|t:|1757813105
|move|p2a: Zapdos|Protect|p2a: Zapdos
|-singleturn|p2a: Zapdos|Protect
|move|p1a: Deoxys|Stored Power|p2a: Zapdos
|-activate|p2a: Zapdos|move: Protect
|
|-heal|p2a: Zapdos|71/100|[from] item: Leftovers
|upkeep
|turn|17
|
|t:|1757813113
|move|p1a: Deoxys|Stored Power|p2a: Zapdos
|-damage|p2a: Zapdos|41/100
|move|p2a: Zapdos|Roost|p2a: Zapdos
|-heal|p2a: Zapdos|91/100
|-singleturn|p2a: Zapdos|move: Roost
|
|-heal|p2a: Zapdos|97/100|[from] item: Leftovers
|upkeep
|turn|18
|
|t:|1757813122
|move|p2a: Zapdos|Protect|p2a: Zapdos
|-singleturn|p2a: Zapdos|Protect
|move|p1a: Deoxys|Stored Power|p2a: Zapdos
|-activate|p2a: Zapdos|move: Protect
|
|-heal|p2a: Zapdos|100/100|[from] item: Leftovers
|upkeep
|turn|19
|
|t:|1757813132
|move|p1a: Deoxys|Stored Power|p2a: Zapdos
|-damage|p2a: Zapdos|71/100
|move|p2a: Zapdos|Discharge|p1a: Deoxys
|-damage|p1a: Deoxys|34/100
|-status|p1a: Deoxys|par
|
|-heal|p2a: Zapdos|77/100|[from] item: Leftovers
|upkeep
|turn|20
|
|t:|1757813142
|move|p2a: Zapdos|Discharge|p1a: Deoxys
|-damage|p1a: Deoxys|20/100 par
|cant|p1a: Deoxys|par
|
|-heal|p2a: Zapdos|83/100|[from] item: Leftovers
|upkeep
|turn|21
|
|t:|1757813150
|move|p2a: Zapdos|Air Cutter|p1a: Deoxys
|-resisted|p1a: Deoxys
|-damage|p1a: Deoxys|15/100 par
|move|p1a: Deoxys|Stored Power|p2a: Zapdos
|-damage|p2a: Zapdos|55/100
|
|-heal|p2a: Zapdos|61/100|[from] item: Leftovers
|upkeep
|turn|22
|
|t:|1757813160
|move|p2a: Zapdos|Protect|p2a: Zapdos
|-singleturn|p2a: Zapdos|Protect
|move|p1a: Deoxys|Stored Power|p2a: Zapdos
|-activate|p2a: Zapdos|move: Protect
|
|-heal|p2a: Zapdos|67/100|[from] item: Leftovers
|upkeep
|turn|23
|
|t:|1757813171
|move|p2a: Zapdos|Discharge|p1a: Deoxys
|-damage|p1a: Deoxys|3/100 par
|cant|p1a: Deoxys|par
|
|-heal|p2a: Zapdos|73/100|[from] item: Leftovers
|upkeep
|turn|24
|
|t:|1757813181
|move|p2a: Zapdos|Air Cutter|p1a: Deoxys
|-resisted|p1a: Deoxys
|-damage|p1a: Deoxys|0 fnt
|faint|p1a: Deoxys
|
|-heal|p2a: Zapdos|80/100|[from] item: Leftovers
|upkeep
|
|t:|1757813189
|switch|p1a: Umbreon|Umbreon, F|100/100
|-damage|p1a: Umbreon|88/100|[from] Stealth Rock
|turn|25
|
|t:|1757813199
|move|p2a: Zapdos|Discharge|p1a: Umbreon
|-damage|p1a: Umbreon|68/100
|move|p1a: Umbreon|Toxic|p2a: Zapdos
|-status|p2a: Zapdos|tox
|
|-heal|p2a: Zapdos|86/100 tox|[from] item: Leftovers
|-heal|p1a: Umbreon|74/100|[from] item: Leftovers
|-damage|p2a: Zapdos|80/100 tox|[from] psn
|upkeep
|turn|26
|
|t:|1757813210
|switch|p2a: Hitmonchan|Hitmonchan, M|100/100
|move|p1a: Umbreon|Wish|p1a: Umbreon
|
|-heal|p1a: Umbreon|80/100|[from] item: Leftovers
|upkeep
|turn|27
|
|t:|1757813217
|move|p1a: Umbreon|Protect|p1a: Umbreon
|-singleturn|p1a: Umbreon|Protect
|move|p2a: Hitmonchan|Drain Punch|p1a: Umbreon
|-activate|p1a: Umbreon|move: Protect
|
|-heal|p1a: Umbreon|100/100|[from] move: Wish|[wisher] Umbreon
|upkeep
|turn|28
|
|t:|1757813226
|move|p2a: Hitmonchan|Drain Punch|p1a: Umbreon
|-supereffective|p1a: Umbreon
|-crit|p1a: Umbreon
|-damage|p1a: Umbreon|27/100
|move|p1a: Umbreon|Toxic|p2a: Hitmonchan
|-status|p2a: Hitmonchan|tox
|
|-heal|p1a: Umbreon|33/100|[from] item: Leftovers
|-damage|p2a: Hitmonchan|94/100 tox|[from] psn
|upkeep
|turn|29
|
|t:|1757813236
|move|p1a: Umbreon|Protect|p1a: Umbreon
|-singleturn|p1a: Umbreon|Protect
|move|p2a: Hitmonchan|Thunder Punch|p1a: Umbreon
|-activate|p1a: Umbreon|move: Protect
|
|-heal|p1a: Umbreon|39/100|[from] item: Leftovers
|-damage|p2a: Hitmonchan|82/100 tox|[from] psn
|upkeep
|turn|30
|
|t:|1757813247
|switch|p1a: Jolteon|Jolteon, M|100/100
|-damage|p1a: Jolteon|88/100|[from] Stealth Rock
|-item|p1a: Jolteon|Air Balloon
|move|p2a: Hitmonchan|Drain Punch|p1a: Jolteon
|-damage|p1a: Jolteon|21/100
|-heal|p2a: Hitmonchan|100/100 tox|[from] drain|[of] p1a: Jolteon
|-enditem|p1a: Jolteon|Air Balloon
|
|-damage|p2a: Hitmonchan|82/100 tox|[from] psn
|upkeep
|turn|31
|
|t:|1757813261
|switch|p2a: Magneton|Magneton|100/100
|move|p1a: Jolteon|Wish|p1a: Jolteon
|
|upkeep
|turn|32
|
|t:|1757813268
|move|p1a: Jolteon|Shadow Ball|p2a: Magneton
|-damage|p2a: Magneton|49/100
|-unboost|p2a: Magneton|spd|1
|move|p2a: Magneton|Flash Cannon|p1a: Jolteon
|-resisted|p1a: Jolteon
|-damage|p1a: Jolteon|0 fnt
|faint|p1a: Jolteon
|
|upkeep
|
|t:|1757813275
|switch|p1a: Dragapult|Dragapult, F|100/100
|turn|33
|
|t:|1757813284
|move|p1a: Dragapult|Hex|p2a: Magneton
|-damage|p2a: Magneton|0 fnt
|faint|p2a: Magneton
|
|upkeep
|
|t:|1757813289
|switch|p2a: Dodrio|Dodrio, M|100/100
|turn|34
|
|t:|1757813295
|move|p2a: Dodrio|Brave Bird|p1a: Dragapult
|-damage|p1a: Dragapult|21/100
|-damage|p2a: Dodrio|69/100|[from] Recoil
|move|p1a: Dragapult|Will-O-Wisp|p2a: Dodrio
|-status|p2a: Dodrio|brn
|
|-damage|p2a: Dodrio|63/100 brn|[from] brn
|upkeep
|turn|35
|
|t:|1757813305
|move|p2a: Dodrio|Brave Bird|p1a: Dragapult
|-damage|p1a: Dragapult|0 fnt
|faint|p1a: Dragapult
|-damage|p2a: Dodrio|55/100 brn|[from] Recoil
|
|-damage|p2a: Dodrio|48/100 brn|[from] brn
|upkeep
|
|t:|1757813309
|switch|p1a: Umbreon|Umbreon, F|39/100
|-damage|p1a: Umbreon|27/100|[from] Stealth Rock
|turn|36
|
|t:|1757813318
|move|p1a: Umbreon|Protect|p1a: Umbreon
|-singleturn|p1a: Umbreon|Protect
|move|p2a: Dodrio|Brave Bird|p1a: Umbreon
|-activate|p1a: Umbreon|move: Protect
|
|-heal|p1a: Umbreon|33/100|[from] item: Leftovers
|-damage|p2a: Dodrio|42/100 brn|[from] brn
|upkeep
|turn|37
|
|t:|1757813327
|move|p2a: Dodrio|Brave Bird|p1a: Umbreon
|-damage|p1a: Umbreon|10/100
|-damage|p2a: Dodrio|32/100 brn|[from] Recoil
|move|p1a: Umbreon|Wish|p1a: Umbreon
|
|-heal|p1a: Umbreon|16/100|[from] item: Leftovers
|-damage|p2a: Dodrio|26/100 brn|[from] brn
|upkeep
|turn|38
|
|t:|1757813342
|switch|p2a: Hitmonchan|Hitmonchan, M|82/100 tox
|move|p1a: Umbreon|Protect||[still]
|-fail|p1a: Umbreon
|
|-heal|p1a: Umbreon|65/100|[from] move: Wish|[wisher] Umbreon
|-heal|p1a: Umbreon|71/100|[from] item: Leftovers
|-damage|p2a: Hitmonchan|75/100 tox|[from] psn
|upkeep
|turn|39
|
|t:|1757813352
|move|p1a: Umbreon|Protect|p1a: Umbreon
|-singleturn|p1a: Umbreon|Protect
|move|p2a: Hitmonchan|Drain Punch|p1a: Umbreon
|-activate|p1a: Umbreon|move: Protect
|
|-heal|p1a: Umbreon|78/100|[from] item: Leftovers
|-damage|p2a: Hitmonchan|63/100 tox|[from] psn
|upkeep
|turn|40
|
|t:|1757813374
|switch|p1a: Volcanion|Volcanion|100/100
|-damage|p1a: Volcanion|76/100|[from] Stealth Rock
|-item|p1a: Volcanion|Air Balloon
|move|p2a: Hitmonchan|Drain Punch|p1a: Volcanion
|-damage|p1a: Volcanion|45/100
|-heal|p2a: Hitmonchan|78/100 tox|[from] drain|[of] p1a: Volcanion
|-enditem|p1a: Volcanion|Air Balloon
|
|-damage|p2a: Hitmonchan|60/100 tox|[from] psn
|upkeep
|turn|41
|
|t:|1757813389
|switch|p2a: Dodrio|Dodrio, M|26/100 brn
|move|p1a: Volcanion|Flamethrower|p2a: Dodrio
|-damage|p2a: Dodrio|0 fnt
|faint|p2a: Dodrio
|
|upkeep
|
|t:|1757813396
|switch|p2a: Zapdos|Zapdos|80/100 tox
|turn|42
|
|t:|1757813400
|move|p2a: Zapdos|Discharge|p1a: Volcanion
|-supereffective|p1a: Volcanion
|-damage|p1a: Volcanion|0 fnt
|faint|p1a: Volcanion
|
|-heal|p2a: Zapdos|86/100 tox|[from] item: Leftovers
|-damage|p2a: Zapdos|80/100 tox|[from] psn
|upkeep
|
|t:|1757813402
|switch|p1a: Umbreon|Umbreon, F|78/100
|-damage|p1a: Umbreon|65/100|[from] Stealth Rock
|turn|43
|
|t:|1757813411
|move|p2a: Zapdos|Discharge|p1a: Umbreon
|-damage|p1a: Umbreon|44/100
|move|p1a: Umbreon|Wish|p1a: Umbreon
|
|-heal|p2a: Zapdos|86/100 tox|[from] item: Leftovers
|-heal|p1a: Umbreon|50/100|[from] item: Leftovers
|-damage|p2a: Zapdos|73/100 tox|[from] psn
|upkeep
|turn|44
|
|t:|1757813420
|move|p1a: Umbreon|Protect|p1a: Umbreon
|-singleturn|p1a: Umbreon|Protect
|move|p2a: Zapdos|Discharge|p1a: Umbreon
|-activate|p1a: Umbreon|move: Protect
|
|-heal|p1a: Umbreon|99/100|[from] move: Wish|[wisher] Umbreon
|-heal|p2a: Zapdos|80/100 tox|[from] item: Leftovers
|-heal|p1a: Umbreon|100/100|[from] item: Leftovers
|-damage|p2a: Zapdos|61/100 tox|[from] psn
|upkeep
|turn|45
|
|t:|1757813440
|move|p2a: Zapdos|Discharge|p1a: Umbreon
|-damage|p1a: Umbreon|78/100
|move|p1a: Umbreon|Wish|p1a: Umbreon
|
|-heal|p2a: Zapdos|67/100 tox|[from] item: Leftovers
|-heal|p1a: Umbreon|84/100|[from] item: Leftovers
|-damage|p2a: Zapdos|42/100 tox|[from] psn
|upkeep
|turn|46
|
|t:|1757813449
|move|p1a: Umbreon|Protect|p1a: Umbreon
|-singleturn|p1a: Umbreon|Protect
|move|p2a: Zapdos|Roost|p2a: Zapdos
|-heal|p2a: Zapdos|92/100 tox
|-singleturn|p2a: Zapdos|move: Roost
|
|-heal|p1a: Umbreon|100/100|[from] move: Wish|[wisher] Umbreon
|-heal|p2a: Zapdos|98/100 tox|[from] item: Leftovers
|-damage|p2a: Zapdos|67/100 tox|[from] psn
|upkeep
|turn|47
|
|t:|1757813467
|move|p2a: Zapdos|Discharge|p1a: Umbreon
|-damage|p1a: Umbreon|79/100
|move|p1a: Umbreon|Toxic|p2a: Zapdos
|-fail|p2a: Zapdos|tox
|
|-heal|p2a: Zapdos|73/100 tox|[from] item: Leftovers
|-heal|p1a: Umbreon|85/100|[from] item: Leftovers
|-damage|p2a: Zapdos|36/100 tox|[from] psn
|upkeep
|turn|48
|
|t:|1757813477
|switch|p2a: Hitmonchan|Hitmonchan, M|60/100 tox
|move|p1a: Umbreon|Toxic|p2a: Hitmonchan
|-fail|p2a: Hitmonchan|tox
|
|-heal|p1a: Umbreon|91/100|[from] item: Leftovers
|-damage|p2a: Hitmonchan|53/100 tox|[from] psn
|upkeep
|turn|49
|
|t:|1757813487
|-terastallize|p2a: Hitmonchan|Fighting
|move|p1a: Umbreon|Protect|p1a: Umbreon
|-singleturn|p1a: Umbreon|Protect
|move|p2a: Hitmonchan|Drain Punch|p1a: Umbreon
|-activate|p1a: Umbreon|move: Protect
|
|-heal|p1a: Umbreon|97/100|[from] item: Leftovers
|-damage|p2a: Hitmonchan|41/100 tox|[from] psn
|upkeep
|turn|50
|
|t:|1757813498
|move|p2a: Hitmonchan|Drain Punch|p1a: Umbreon
|-supereffective|p1a: Umbreon
|-damage|p1a: Umbreon|25/100
|-heal|p2a: Hitmonchan|80/100 tox|[from] drain|[of] p1a: Umbreon
|move|p1a: Umbreon|Wish|p1a: Umbreon
|
|-heal|p1a: Umbreon|31/100|[from] item: Leftovers
|-damage|p2a: Hitmonchan|62/100 tox|[from] psn
|upkeep
|turn|51
|
|t:|1757813507
|switch|p2a: Zapdos|Zapdos|36/100 tox
|move|p1a: Umbreon|Protect||[still]
|-fail|p1a: Umbreon
|
|-heal|p1a: Umbreon|81/100|[from] move: Wish|[wisher] Umbreon
|-heal|p2a: Zapdos|42/100 tox|[from] item: Leftovers
|-heal|p1a: Umbreon|87/100|[from] item: Leftovers
|-damage|p2a: Zapdos|36/100 tox|[from] psn
|upkeep
|turn|52
|
|t:|1757813520
|move|p2a: Zapdos|Roost|p2a: Zapdos
|-heal|p2a: Zapdos|86/100 tox
|-singleturn|p2a: Zapdos|move: Roost
|move|p1a: Umbreon|Toxic|p2a: Zapdos
|-fail|p2a: Zapdos|tox
|
|-heal|p2a: Zapdos|92/100 tox|[from] item: Leftovers
|-heal|p1a: Umbreon|93/100|[from] item: Leftovers
|-damage|p2a: Zapdos|80/100 tox|[from] psn
|upkeep
|turn|53
|
|t:|1757813530
|move|p2a: Zapdos|Discharge|p1a: Umbreon
|-damage|p1a: Umbreon|74/100
|move|p1a: Umbreon|Toxic|p2a: Zapdos
|-fail|p2a: Zapdos|tox
|
|-heal|p2a: Zapdos|86/100 tox|[from] item: Leftovers
|-heal|p1a: Umbreon|80/100|[from] item: Leftovers
|-damage|p2a: Zapdos|67/100 tox|[from] psn
|upkeep
|turn|54
|
|t:|1757813540
|switch|p2a: Hitmonchan|Hitmonchan, M, tera:Fighting|62/100 tox
|move|p1a: Umbreon|Toxic|p2a: Hitmonchan
|-fail|p2a: Hitmonchan|tox
|
|-heal|p1a: Umbreon|86/100|[from] item: Leftovers
|-damage|p2a: Hitmonchan|55/100 tox|[from] psn
|upkeep
|turn|55
|
|t:|1757813549
|move|p1a: Umbreon|Protect|p1a: Umbreon
|-singleturn|p1a: Umbreon|Protect
|move|p2a: Hitmonchan|Drain Punch|p1a: Umbreon
|-activate|p1a: Umbreon|move: Protect
|
|-heal|p1a: Umbreon|92/100|[from] item: Leftovers
|-damage|p2a: Hitmonchan|43/100 tox|[from] psn
|upkeep
|turn|56
|inactive|Battle timer is ON: inactive players will automatically lose when time's up. (requested by preppy dude)
|
|t:|1757813562
|move|p2a: Hitmonchan|Drain Punch|p1a: Umbreon
|-supereffective|p1a: Umbreon
|-damage|p1a: Umbreon|24/100
|-heal|p2a: Hitmonchan|80/100 tox|[from] drain|[of] p1a: Umbreon
|move|p1a: Umbreon|Wish|p1a: Umbreon
|
|-heal|p1a: Umbreon|30/100|[from] item: Leftovers
|-damage|p2a: Hitmonchan|61/100 tox|[from] psn
|upkeep
|turn|57
|
|t:|1757813572
|switch|p2a: Zapdos|Zapdos|67/100 tox
|move|p1a: Umbreon|Protect||[still]
|-fail|p1a: Umbreon
|
|-heal|p1a: Umbreon|80/100|[from] move: Wish|[wisher] Umbreon
|-heal|p2a: Zapdos|73/100 tox|[from] item: Leftovers
|-heal|p1a: Umbreon|86/100|[from] item: Leftovers
|-damage|p2a: Zapdos|67/100 tox|[from] psn
|upkeep
|turn|58
|
|t:|1757813582
|move|p2a: Zapdos|Discharge||[still]
|-damage|p1a: Umbreon|65/100
|-status|p1a: Umbreon|par
|-activate|p1a: Umbreon|ability: Synchronize
|-fail|p1a: Umbreon
|move|p1a: Umbreon|Toxic|p2a: Zapdos
|-fail|p2a: Zapdos|tox
|
|-heal|p2a: Zapdos|73/100 tox|[from] item: Leftovers
|-heal|p1a: Umbreon|71/100 par|[from] item: Leftovers
|-damage|p2a: Zapdos|61/100 tox|[from] psn
|upkeep
|turn|59
|
|t:|1757813595
|switch|p2a: Hitmonchan|Hitmonchan, M, tera:Fighting|61/100 tox
|cant|p1a: Umbreon|par
|
|-heal|p1a: Umbreon|77/100 par|[from] item: Leftovers
|-damage|p2a: Hitmonchan|55/100 tox|[from] psn
|upkeep
|turn|60
|
|t:|1757813605
|move|p1a: Umbreon|Protect|p1a: Umbreon
|-singleturn|p1a: Umbreon|Protect
|move|p2a: Hitmonchan|Fire Punch|p1a: Umbreon
|-activate|p1a: Umbreon|move: Protect
|
|-heal|p1a: Umbreon|83/100 par|[from] item: Leftovers
|-damage|p2a: Hitmonchan|42/100 tox|[from] psn
|upkeep
|turn|61
|
|t:|1757813614
|move|p2a: Hitmonchan|Drain Punch|p1a: Umbreon
|-supereffective|p1a: Umbreon
|-damage|p1a: Umbreon|18/100 par
|-heal|p2a: Hitmonchan|78/100 tox|[from] drain|[of] p1a: Umbreon
|move|p1a: Umbreon|Wish|p1a: Umbreon
|
|-heal|p1a: Umbreon|24/100 par|[from] item: Leftovers
|-damage|p2a: Hitmonchan|59/100 tox|[from] psn
|upkeep
|turn|62
|
|t:|1757813624
|switch|p2a: Zapdos|Zapdos|61/100 tox
|move|p1a: Umbreon|Protect||[still]
|-fail|p1a: Umbreon
|
|-heal|p1a: Umbreon|74/100 par|[from] move: Wish|[wisher] Umbreon
|-heal|p2a: Zapdos|67/100 tox|[from] item: Leftovers
|-heal|p1a: Umbreon|80/100 par|[from] item: Leftovers
|-damage|p2a: Zapdos|61/100 tox|[from] psn
|upkeep
|turn|63
|
|t:|1757813634
|move|p2a: Zapdos|Air Cutter|p1a: Umbreon
|-damage|p1a: Umbreon|63/100 par
|move|p1a: Umbreon|Toxic|p2a: Zapdos|[miss]
|-miss|p1a: Umbreon|p2a: Zapdos
|
|-heal|p2a: Zapdos|67/100 tox|[from] item: Leftovers
|-heal|p1a: Umbreon|69/100 par|[from] item: Leftovers
|-damage|p2a: Zapdos|55/100 tox|[from] psn
|upkeep
|turn|64
|
|t:|1757813644
|switch|p2a: Hitmonchan|Hitmonchan, M, tera:Fighting|59/100 tox
|move|p1a: Umbreon|Toxic|p2a: Hitmonchan
|-fail|p2a: Hitmonchan|tox
|
|-heal|p1a: Umbreon|75/100 par|[from] item: Leftovers
|-damage|p2a: Hitmonchan|53/100 tox|[from] psn
|upkeep
|turn|65
|
|t:|1757813652
|move|p2a: Hitmonchan|Fire Punch|p1a: Umbreon
|-crit|p1a: Umbreon
|-damage|p1a: Umbreon|48/100 par
|move|p1a: Umbreon|Wish|p1a: Umbreon
|
|-heal|p1a: Umbreon|54/100 par|[from] item: Leftovers
|-damage|p2a: Hitmonchan|40/100 tox|[from] psn
|upkeep
|turn|66
|
|t:|1757813662
|move|p1a: Umbreon|Protect|p1a: Umbreon
|-singleturn|p1a: Umbreon|Protect
|move|p2a: Hitmonchan|Fire Punch|p1a: Umbreon
|-activate|p1a: Umbreon|move: Protect
|
|-heal|p1a: Umbreon|100/100 par|[from] move: Wish|[wisher] Umbreon
|-damage|p2a: Hitmonchan|22/100 tox|[from] psn
|upkeep
|turn|67
|
|t:|1757813672
|move|p2a: Hitmonchan|Drain Punch|p1a: Umbreon
|-supereffective|p1a: Umbreon
|-damage|p1a: Umbreon|26/100 par
|-heal|p2a: Hitmonchan|62/100 tox|[from] drain|[of] p1a: Umbreon
|move|p1a: Umbreon|Foul Play|p2a: Hitmonchan
|-resisted|p2a: Hitmonchan
|-damage|p2a: Hitmonchan|36/100 tox
|
|-heal|p1a: Umbreon|32/100 par|[from] item: Leftovers
|-damage|p2a: Hitmonchan|11/100 tox|[from] psn
|upkeep
|turn|68
|
|t:|1757813684
|switch|p2a: Zapdos|Zapdos|55/100 tox
|move|p1a: Umbreon|Protect||[still]
|-fail|p1a: Umbreon
|
|-heal|p2a: Zapdos|61/100 tox|[from] item: Leftovers
|-heal|p1a: Umbreon|38/100 par|[from] item: Leftovers
|-damage|p2a: Zapdos|55/100 tox|[from] psn
|upkeep
|turn|69
|
|t:|1757813693
|move|p2a: Zapdos|Air Cutter|p1a: Umbreon
|-crit|p1a: Umbreon
|-damage|p1a: Umbreon|16/100 par
|move|p1a: Umbreon|Wish|p1a: Umbreon
|
|-heal|p2a: Zapdos|61/100 tox|[from] item: Leftovers
|-heal|p1a: Umbreon|22/100 par|[from] item: Leftovers
|-damage|p2a: Zapdos|48/100 tox|[from] psn
|upkeep
|turn|70
|
|t:|1757813701
|cant|p1a: Umbreon|par
|move|p2a: Zapdos|Air Cutter|p1a: Umbreon|[miss]
|-miss|p2a: Zapdos|p1a: Umbreon
|
|-heal|p1a: Umbreon|72/100 par|[from] move: Wish|[wisher] Umbreon
|-heal|p2a: Zapdos|55/100 tox|[from] item: Leftovers
|-heal|p1a: Umbreon|78/100 par|[from] item: Leftovers
|-damage|p2a: Zapdos|36/100 tox|[from] psn
|upkeep
|turn|71
|
|t:|1757813712
|move|p2a: Zapdos|Roost|p2a: Zapdos
|-heal|p2a: Zapdos|86/100 tox
|-singleturn|p2a: Zapdos|move: Roost
|move|p1a: Umbreon|Foul Play|p2a: Zapdos
|-damage|p2a: Zapdos|65/100 tox
|
|-heal|p2a: Zapdos|71/100 tox|[from] item: Leftovers
|-heal|p1a: Umbreon|84/100 par|[from] item: Leftovers
|-damage|p2a: Zapdos|46/100 tox|[from] psn
|upkeep
|turn|72
|
|t:|1757813723
|move|p2a: Zapdos|Discharge|p1a: Umbreon
|-damage|p1a: Umbreon|63/100 par
|cant|p1a: Umbreon|par
|
|-heal|p2a: Zapdos|52/100 tox|[from] item: Leftovers
|-heal|p1a: Umbreon|69/100 par|[from] item: Leftovers
|-damage|p2a: Zapdos|21/100 tox|[from] psn
|upkeep
|turn|73
|
|t:|1757813732
|move|p2a: Zapdos|Discharge|p1a: Umbreon
|-damage|p1a: Umbreon|46/100 par
|move|p1a: Umbreon|Wish|p1a: Umbreon
|
|-heal|p2a: Zapdos|27/100 tox|[from] item: Leftovers
|-heal|p1a: Umbreon|52/100 par|[from] item: Leftovers
|-damage|p2a: Zapdos|0 fnt|[from] psn
|faint|p2a: Zapdos
|upkeep
|
|t:|1757813741
|switch|p2a: Hitmonchan|Hitmonchan, M, tera:Fighting|11/100 tox
|turn|74
|
|t:|1757813748
|move|p1a: Umbreon|Protect|p1a: Umbreon
|-singleturn|p1a: Umbreon|Protect
|move|p2a: Hitmonchan|Drain Punch|p1a: Umbreon
|-activate|p1a: Umbreon|move: Protect
|
|-heal|p1a: Umbreon|100/100 par|[from] move: Wish|[wisher] Umbreon
|-damage|p2a: Hitmonchan|4/100 tox|[from] psn
|upkeep
|turn|75
|
|t:|1757813758
|move|p2a: Hitmonchan|Drain Punch|p1a: Umbreon
|-supereffective|p1a: Umbreon
|-damage|p1a: Umbreon|30/100 par
|-heal|p2a: Hitmonchan|43/100 tox|[from] drain|[of] p1a: Umbreon
|move|p1a: Umbreon|Wish|p1a: Umbreon
|
|-heal|p1a: Umbreon|36/100 par|[from] item: Leftovers
|-damage|p2a: Hitmonchan|30/100 tox|[from] psn
|upkeep
|turn|76
|c|☆isabel44a|gg
|
|t:|1757813768
|move|p2a: Hitmonchan|Drain Punch|p1a: Umbreon
|-supereffective|p1a: Umbreon
|-damage|p1a: Umbreon|0 fnt
|-heal|p2a: Hitmonchan|50/100 tox|[from] drain|[of] p1a: Umbreon
|faint|p1a: Umbreon
|
|win|preppy dude
|raw|isabel44a's rating: 1149 &rarr; <strong>1126</strong><br />(-23 for losing)
|raw|preppy dude's rating: 1177 &rarr; <strong>1200</strong><br />(+23 for winning)
|c|☆preppy dude|Gg
|l|☆isabel44a
|player|p1|
|l|☆preppy dude
|player|p2|
