|j|☆alanfournumbers
|j|☆ybg mihan
|t:|1757947694
|gametype|singles
|player|p1|alanfournumbers|2|1717
|player|p2|ybg mihan|265|1708
|gen|9
|tier|[Gen 9] OU
|rated|
|rule|HP Percentage Mod: HP is shown in percentages
|rule|Endless Battle Clause: Forcing endless battles is banned
|rule|Species Clause: Limit one of each Pokémon
|rule|OHKO Clause: OHKO moves are banned
|rule|Evasion Items Clause: Evasion items are banned
|rule|Evasion Moves Clause: Evasion moves are banned
|rule|Evasion Abilities Clause: Evasion abilities are banned
|rule|Sleep Moves Clause: Sleep-inducing moves are banned
|clearpoke
|poke|p1|Pecharunt|
|poke|p1|Great Tusk|
|poke|p1|Ogerpon-Wellspring, F|
|poke|p1|Iron Crown|
|poke|p1|Landorus-Therian, M|
|poke|p1|Samurott-Hisui, M|
|poke|p2|Samurott-Hisui, M|
|poke|p2|Landorus-Therian, M|
|poke|p2|Dragonite, M|
|poke|p2|Zamazenta-*|
|poke|p2|Iron Valiant|
|poke|p2|Raging Bolt|
|teampreview
|inactive|Battle timer is ON: inactive players will automatically lose when time's up. (requested by ybg mihan)
|
|t:|1757947718
|teamsize|p1|6
|teamsize|p2|6
|start
|switch|p1a: Wokeballion|Iron Crown|100/100
|switch|p2a: Samurott|Samurott-Hisui, M|100/100
|turn|1
|
|t:|1757947721
|move|p1a: Wokeballion|Volt Switch|p2a: Samurott
|-supereffective|p2a: Samurott
|-enditem|p2a: Samurott|Focus Sash
|-damage|p2a: Samurott|1/100
|
|t:|1757947726
|-end|p1a: Wokeballion|Quark Drive|[silent]
|switch|p1a: Tahm Pech|Pecharunt|100/100|[from] Volt Switch
|move|p2a: Samurott|Razor Shell|p1a: Tahm Pech
|-damage|p1a: Tahm Pech|75/100
|-unboost|p1a: Tahm Pech|def|1
|-damage|p2a: Samurott|0 fnt|[from] item: Rocky Helmet|[of] p1a: Tahm Pech
|faint|p2a: Samurott
|
|upkeep
|
|t:|1757947730
|switch|p2a: Landorus|Landorus-Therian, M|100/100
|-ability|p2a: Landorus|Intimidate|boost
|-unboost|p1a: Tahm Pech|atk|1
|turn|2
|
|t:|1757947735
|switch|p1a: i be doin the most|Landorus-Therian, M|100/100
|-ability|p1a: i be doin the most|Intimidate|boost
|-unboost|p2a: Landorus|atk|1
|move|p2a: Landorus|Stealth Rock|p1a: i be doin the most
|-sidestart|p1: alanfournumbers|move: Stealth Rock
|
|upkeep
|turn|3
|
|t:|1757947740
|switch|p1a: Tahm Pech|Pecharunt|75/100
|-damage|p1a: Tahm Pech|63/100|[from] Stealth Rock
|move|p2a: Landorus|Taunt|p1a: Tahm Pech
|-start|p1a: Tahm Pech|move: Taunt
|
|upkeep
|turn|4
|
|t:|1757947759
|switch|p2a: Zamazenta|Zamazenta|100/100
|-ability|p2a: Zamazenta|Dauntless Shield|boost
|-boost|p2a: Zamazenta|def|1
|switch|p1a: i be doin the most|Landorus-Therian, M|100/100
|-damage|p1a: i be doin the most|88/100|[from] Stealth Rock
|-ability|p1a: i be doin the most|Intimidate|boost
|-unboost|p2a: Zamazenta|atk|1
|
|upkeep
|turn|5
|
|t:|1757947766
|move|p1a: i be doin the most|U-turn|p2a: Zamazenta
|-resisted|p2a: Zamazenta
|-damage|p2a: Zamazenta|92/100
|
|t:|1757947769
|switch|p1a: Tahm Pech|Pecharunt|63/100|[from] U-turn
|-damage|p1a: Tahm Pech|50/100|[from] Stealth Rock
|move|p2a: Zamazenta|Ice Fang|p1a: Tahm Pech
|-damage|p1a: Tahm Pech|42/100
|-damage|p2a: Zamazenta|75/100|[from] item: Rocky Helmet|[of] p1a: Tahm Pech
|-damage|p2a: Zamazenta|65/100|[from] item: Life Orb
|
|upkeep
|turn|6
|
|t:|1757947781
|switch|p2a: Iron Valiant|Iron Valiant|100/100
|-enditem|p2a: Iron Valiant|Booster Energy
|-activate|p2a: Iron Valiant|ability: Quark Drive|[fromitem]
|-start|p2a: Iron Valiant|quarkdrivespe
|move|p1a: Tahm Pech|Recover|p1a: Tahm Pech
|-heal|p1a: Tahm Pech|92/100
|
|upkeep
|turn|7
|
|t:|1757947794
|move|p2a: Iron Valiant|Encore|p1a: Tahm Pech
|-start|p1a: Tahm Pech|Encore
|move|p1a: Tahm Pech|Recover|p1a: Tahm Pech
|-heal|p1a: Tahm Pech|100/100
|
|upkeep
|turn|8
|
|t:|1757947800
|switch|p1a: Edging Ceaselessly|Samurott-Hisui, M|100/100
|-damage|p1a: Edging Ceaselessly|88/100|[from] Stealth Rock
|move|p2a: Iron Valiant|Calm Mind|p2a: Iron Valiant
|-boost|p2a: Iron Valiant|spa|1
|-boost|p2a: Iron Valiant|spd|1
|
|upkeep
|turn|9
|
|t:|1757947818
|-terastallize|p1a: Edging Ceaselessly|Water
|move|p2a: Iron Valiant|Moonblast|p1a: Edging Ceaselessly
|-damage|p1a: Edging Ceaselessly|24/100
|move|p1a: Edging Ceaselessly|Razor Shell|p2a: Iron Valiant
|-damage|p2a: Iron Valiant|7/100
|-unboost|p2a: Iron Valiant|def|1
|
|upkeep
|turn|10
|
|t:|1757947830
|-end|p2a: Iron Valiant|Quark Drive|[silent]
|switch|p2a: Zamazenta|Zamazenta|65/100
|move|p1a: Edging Ceaselessly|Aqua Jet|p2a: Zamazenta
|-damage|p2a: Zamazenta|38/100
|
|upkeep
|turn|11
|
|t:|1757947837
|switch|p1a: Tahm Pech|Pecharunt|100/100
|-damage|p1a: Tahm Pech|88/100|[from] Stealth Rock
|move|p2a: Zamazenta|Crunch|p1a: Tahm Pech
|-supereffective|p1a: Tahm Pech
|-damage|p1a: Tahm Pech|56/100
|-damage|p2a: Zamazenta|21/100|[from] item: Rocky Helmet|[of] p1a: Tahm Pech
|-damage|p2a: Zamazenta|12/100|[from] item: Life Orb
|
|upkeep
|turn|12
|
|t:|1757947849
|move|p2a: Zamazenta|Crunch|p1a: Tahm Pech
|-supereffective|p1a: Tahm Pech
|-damage|p1a: Tahm Pech|21/100
|-unboost|p1a: Tahm Pech|def|1
|-damage|p2a: Zamazenta|0 fnt|[from] item: Rocky Helmet|[of] p1a: Tahm Pech
|faint|p2a: Zamazenta
|move|p1a: Tahm Pech|Recover|p1a: Tahm Pech
|-heal|p1a: Tahm Pech|71/100
|
|upkeep
|
|t:|1757947853
|switch|p2a: Iron Valiant|Iron Valiant|7/100
|turn|13
|
|t:|1757947863
|-end|p2a: Iron Valiant|Quark Drive|[silent]
|switch|p2a: Landorus|Landorus-Therian, M|100/100
|-ability|p2a: Landorus|Intimidate|boost
|-unboost|p1a: Tahm Pech|atk|1
|switch|p1a: i be doin the most|Landorus-Therian, M|88/100
|-damage|p1a: i be doin the most|76/100|[from] Stealth Rock
|-ability|p1a: i be doin the most|Intimidate|boost
|-unboost|p2a: Landorus|atk|1
|
|upkeep
|turn|14
|
|t:|1757947869
|move|p1a: i be doin the most|Stone Edge|p2a: Landorus
|-damage|p2a: Landorus|48/100
|move|p2a: Landorus|Stone Edge|p1a: i be doin the most
|-damage|p1a: i be doin the most|46/100
|
|upkeep
|turn|15
|
|t:|1757947876
|move|p1a: i be doin the most|Stone Edge|p2a: Landorus
|-damage|p2a: Landorus|1/100
|move|p2a: Landorus|Stone Edge|p1a: i be doin the most
|-damage|p1a: i be doin the most|19/100
|
|upkeep
|turn|16
|j| Dionysos
|l| Dionysos
|
|t:|1757947901
|switch|p1a: Basedlord CTE|Great Tusk|100/100
|-damage|p1a: Basedlord CTE|98/100|[from] Stealth Rock
|-enditem|p1a: Basedlord CTE|Booster Energy
|-activate|p1a: Basedlord CTE|ability: Protosynthesis|[fromitem]
|-start|p1a: Basedlord CTE|protosynthesisspe
|move|p2a: Landorus|Stone Edge|p1a: Basedlord CTE|[miss]
|-miss|p2a: Landorus|p1a: Basedlord CTE
|
|upkeep
|turn|17
|
|t:|1757947916
|move|p1a: Basedlord CTE|Rapid Spin|p2a: Landorus
|-damage|p2a: Landorus|0 fnt
|-boost|p1a: Basedlord CTE|spe|1
|-sideend|p1: alanfournumbers|Stealth Rock|[from] move: Rapid Spin|[of] p1a: Basedlord CTE
|faint|p2a: Landorus
|
|upkeep
|
|t:|1757947920
|switch|p2a: Raging Bolt|Raging Bolt|100/100
|-enditem|p2a: Raging Bolt|Booster Energy
|-activate|p2a: Raging Bolt|ability: Protosynthesis|[fromitem]
|-start|p2a: Raging Bolt|protosynthesisspa
|turn|18
|
|t:|1757947930
|-terastallize|p2a: Raging Bolt|Ghost
|move|p1a: Basedlord CTE|Headlong Rush|p2a: Raging Bolt
|-damage|p2a: Raging Bolt|50/100
|-unboost|p1a: Basedlord CTE|def|1
|-unboost|p1a: Basedlord CTE|spd|1
|move|p2a: Raging Bolt|Dragon Pulse|p1a: Basedlord CTE
|-damage|p1a: Basedlord CTE|0 fnt
|faint|p1a: Basedlord CTE
|-end|p1a: Basedlord CTE|Protosynthesis|[silent]
|
|upkeep
|
|t:|1757947946
|switch|p1a: Wokeballion|Iron Crown|100/100
|turn|19
|
|t:|1757947957
|move|p2a: Raging Bolt|Thunderclap|p1a: Wokeballion
|-damage|p1a: Wokeballion|48/100
|move|p1a: Wokeballion|Tachyon Cutter|p2a: Raging Bolt
|-damage|p2a: Raging Bolt|13/100
|-damage|p2a: Raging Bolt|0 fnt
|faint|p2a: Raging Bolt
|-end|p2a: Raging Bolt|Protosynthesis|[silent]
|-hitcount|p2: Raging Bolt|2
|
|upkeep
|
|t:|1757947960
|switch|p2a: Dragonite|Dragonite, M|100/100
|turn|20
|
|t:|1757947965
|move|p1a: Wokeballion|Tachyon Cutter|p2a: Dragonite
|-damage|p2a: Dragonite|82/100
|-damage|p2a: Dragonite|44/100
|-hitcount|p2a: Dragonite|2
|move|p2a: Dragonite|Dragon Dance|p2a: Dragonite
|-boost|p2a: Dragonite|atk|1
|-boost|p2a: Dragonite|spe|1
|
|upkeep
|turn|21
|
|t:|1757947971
|-end|p1a: Wokeballion|Quark Drive|[silent]
|switch|p1a: i be doin the most|Landorus-Therian, M|19/100
|-ability|p1a: i be doin the most|Intimidate|boost
|-unboost|p2a: Dragonite|atk|1
|move|p2a: Dragonite|Earthquake|p1a: i be doin the most
|-immune|p1a: i be doin the most
|
|upkeep
|turn|22
|
|t:|1757947977
|move|p1a: i be doin the most|Stone Edge|p2a: Dragonite|[miss]
|-miss|p1a: i be doin the most|p2a: Dragonite
|move|p2a: Dragonite|Dragon Dance|p2a: Dragonite
|-boost|p2a: Dragonite|atk|1
|-boost|p2a: Dragonite|spe|1
|
|upkeep
|turn|23
|
|t:|1757947982
|switch|p1a: Tahm Pech|Pecharunt|71/100
|move|p2a: Dragonite|Extreme Speed|p1a: Tahm Pech
|-immune|p1a: Tahm Pech
|
|upkeep
|turn|24
|
|t:|1757947988
|move|p2a: Dragonite|Earthquake|p1a: Tahm Pech
|-supereffective|p1a: Tahm Pech
|-damage|p1a: Tahm Pech|14/100
|move|p1a: Tahm Pech|Foul Play|p2a: Dragonite
|-damage|p2a: Dragonite|0 fnt
|faint|p2a: Dragonite
|
|upkeep
|
|t:|1757947990
|switch|p2a: Iron Valiant|Iron Valiant|7/100
|turn|25
|
|t:|1757947994
|move|p2a: Iron Valiant|Psyshock|p1a: Tahm Pech
|-supereffective|p1a: Tahm Pech
|-damage|p1a: Tahm Pech|0 fnt
|faint|p1a: Tahm Pech
|
|upkeep
|
|t:|1757947997
|switch|p1a: Edging Ceaselessly|Samurott-Hisui, M, tera:Water|24/100
|turn|26
|-message|ybg mihan forfeited.
|
|win|alanfournumbers
|raw|alanfournumbers's rating: 1717 &rarr; <strong>1736</strong><br />(+19 for winning)
|raw|ybg mihan's rating: 1708 &rarr; <strong>1689</strong><br />(-19 for losing)
|c|☆alanfournumbers|ggs
|l|☆ybg mihan
|player|p2|
|l|☆alanfournumbers
|player|p1|
