|j|☆Sephhyrix
|j|☆JJJKD
|t:|1757924412
|gametype|singles
|player|p1|Sephhyrix|101|1138
|player|p2|JJJKD|170|1101
|gen|9
|tier|[Gen 9] OU
|rated|
|rule|HP Percentage Mod: HP is shown in percentages
|rule|Endless Battle Clause: Forcing endless battles is banned
|rule|Species Clause: Limit one of each Pokémon
|rule|OHKO Clause: OHKO moves are banned
|rule|Evasion Items Clause: Evasion items are banned
|rule|Evasion Moves Clause: Evasion moves are banned
|rule|Evasion Abilities Clause: Evasion abilities are banned
|rule|Sleep Moves Clause: Sleep-inducing moves are banned
|clearpoke
|poke|p1|Iron Valiant|
|poke|p1|Reuniclus, M|
|poke|p1|Mandibuzz, F|
|poke|p1|Hatterene, F|
|poke|p1|Dragapult, M|
|poke|p1|Dragonite, M|
|poke|p2|Scizor, M|
|poke|p2|Garchomp, F|
|poke|p2|Tyranitar, F|
|poke|p2|Excadrill, M|
|poke|p2|Toxapex, M|
|poke|p2|Araquanid, F|
|teampreview
|inactive|Battle timer is ON: inactive players will automatically lose when time's up. (requested by Sephhyrix)
|
|t:|1757924440
|teamsize|p1|6
|teamsize|p2|6
|start
|switch|p1a: Dragapult|Dragapult, M|100/100
|switch|p2a: Araquanid|Araquanid, F|100/100
|turn|1
|
|t:|1757924449
|switch|p1a: Hatterene|Hatterene, F|100/100
|move|p2a: Araquanid|Power Split|p1a: Hatterene
|-activate|p2a: Araquanid|move: Power Split|[of] p1a: Hatterene
|
|upkeep
|turn|2
|
|t:|1757924462
|move|p2a: Araquanid|Sticky Web|p1a: Hatterene
|move|p1a: Hatterene|Sticky Web|p2a: Araquanid|[from] ability: Magic Bounce
|-sidestart|p2: JJJKD|move: Sticky Web
|move|p1a: Hatterene|Psyshock|p2a: Araquanid
|-damage|p2a: Araquanid|71/100
|
|upkeep
|turn|3
|
|t:|1757924480
|move|p2a: Araquanid|Reflect|p2a: Araquanid
|-sidestart|p2: JJJKD|Reflect
|move|p1a: Hatterene|Calm Mind|p1a: Hatterene
|-boost|p1a: Hatterene|spa|1
|-boost|p1a: Hatterene|spd|1
|
|upkeep
|turn|4
|
|t:|1757924485
|move|p2a: Araquanid|Body Slam|p1a: Hatterene
|-damage|p1a: Hatterene|86/100
|-status|p1a: Hatterene|par
|move|p1a: Hatterene|Calm Mind|p1a: Hatterene
|-boost|p1a: Hatterene|spa|1
|-boost|p1a: Hatterene|spd|1
|
|-heal|p1a: Hatterene|92/100 par|[from] item: Leftovers
|upkeep
|turn|5
|
|t:|1757924494
|switch|p2a: Toxapex|Toxapex, M|100/100
|-activate|p2a: Toxapex|move: Sticky Web
|-unboost|p2a: Toxapex|spe|1
|move|p1a: Hatterene|Draining Kiss|p2a: Toxapex
|-resisted|p2a: Toxapex
|-damage|p2a: Toxapex|87/100
|-heal|p1a: Hatterene|100/100 par|[from] drain|[of] p2a: Toxapex
|
|-heal|p2a: Toxapex|93/100|[from] item: Leftovers
|upkeep
|turn|6
|
|t:|1757924506
|move|p2a: Toxapex|Haze|p2a: Toxapex
|-clearallboost
|cant|p1a: Hatterene|par
|
|-heal|p2a: Toxapex|99/100|[from] item: Leftovers
|upkeep
|turn|7
|
|t:|1757924512
|switch|p2a: Tyranitar|Tyranitar, F|100/100
|-activate|p2a: Tyranitar|move: Sticky Web
|-unboost|p2a: Tyranitar|spe|1
|-weather|Sandstorm|[from] ability: Sand Stream|[of] p2a: Tyranitar
|move|p1a: Hatterene|Psyshock|p2a: Tyranitar
|-immune|p2a: Tyranitar
|
|-weather|Sandstorm|[upkeep]
|-damage|p1a: Hatterene|95/100 par|[from] Sandstorm
|-heal|p1a: Hatterene|100/100 par|[from] item: Leftovers
|upkeep
|turn|8
|
|t:|1757924539
|switch|p1a: Mandibuzz|Mandibuzz, F|100/100
|move|p2a: Tyranitar|Knock Off|p1a: Mandibuzz
|-resisted|p1a: Mandibuzz
|-damage|p1a: Mandibuzz|81/100
|-enditem|p1a: Mandibuzz|Leftovers|[from] move: Knock Off|[of] p2a: Tyranitar
|
|-weather|Sandstorm|[upkeep]
|upkeep
|turn|9
|
|t:|1757924549
|switch|p2a: Garchomp|Garchomp, F|100/100
|-activate|p2a: Garchomp|move: Sticky Web
|-unboost|p2a: Garchomp|spe|1
|move|p1a: Mandibuzz|Toxic|p2a: Garchomp
|-status|p2a: Garchomp|tox
|
|-weather|Sandstorm|[upkeep]
|-damage|p2a: Garchomp|94/100 tox|[from] psn
|upkeep
|turn|10
|
|t:|1757924558
|move|p2a: Garchomp|Stone Edge|p1a: Mandibuzz
|-supereffective|p1a: Mandibuzz
|-damage|p1a: Mandibuzz|34/100
|move|p1a: Mandibuzz|Knock Off|p2a: Garchomp
|-damage|p2a: Garchomp|83/100 tox
|-damage|p1a: Mandibuzz|21/100|[from] ability: Rough Skin|[of] p2a: Garchomp
|-damage|p1a: Mandibuzz|5/100|[from] item: Rocky Helmet|[of] p2a: Garchomp
|-enditem|p2a: Garchomp|Rocky Helmet|[from] move: Knock Off|[of] p1a: Mandibuzz
|
|-weather|Sandstorm|[upkeep]
|-damage|p2a: Garchomp|70/100 tox|[from] psn
|-sideend|p2: JJJKD|Reflect
|upkeep
|turn|11
|
|t:|1757924575
|move|p2a: Garchomp|Dragon Claw|p1a: Mandibuzz
|-damage|p1a: Mandibuzz|0 fnt
|faint|p1a: Mandibuzz
|
|-weather|Sandstorm|[upkeep]
|-damage|p2a: Garchomp|52/100 tox|[from] psn
|upkeep
|
|t:|1757924586
|switch|p1a: Dragonite|Dragonite, M|100/100
|turn|12
|
|t:|1757924594
|-terastallize|p2a: Garchomp|Fairy
|move|p1a: Dragonite|Dragon Dance|p1a: Dragonite
|-boost|p1a: Dragonite|atk|1
|-boost|p1a: Dragonite|spe|1
|move|p2a: Garchomp|Dragon Claw|p1a: Dragonite
|-supereffective|p1a: Dragonite
|-damage|p1a: Dragonite|53/100
|-enditem|p1a: Dragonite|Weakness Policy
|-boost|p1a: Dragonite|atk|2|[from] item: Weakness Policy
|-boost|p1a: Dragonite|spa|2|[from] item: Weakness Policy
|
|-weather|Sandstorm|[upkeep]
|-damage|p1a: Dragonite|47/100|[from] Sandstorm
|-damage|p2a: Garchomp|46/100 tox|[from] Sandstorm
|-damage|p2a: Garchomp|21/100 tox|[from] psn
|upkeep
|turn|13
|
|t:|1757924611
|switch|p2a: Toxapex|Toxapex, M|100/100
|-activate|p2a: Toxapex|move: Sticky Web
|-unboost|p2a: Toxapex|spe|1
|move|p1a: Dragonite|Extreme Speed|p2a: Toxapex
|-damage|p2a: Toxapex|58/100
|
|-weather|Sandstorm|[upkeep]
|-damage|p1a: Dragonite|41/100|[from] Sandstorm
|-damage|p2a: Toxapex|52/100|[from] Sandstorm
|-heal|p2a: Toxapex|58/100|[from] item: Leftovers
|upkeep
|turn|14
|
|t:|1757924626
|move|p2a: Toxapex|Baneful Bunker|p2a: Toxapex
|-singleturn|p2a: Toxapex|move: Protect
|move|p1a: Dragonite|Earthquake|p2a: Toxapex
|-activate|p2a: Toxapex|move: Protect
|
|-weather|none
|-heal|p2a: Toxapex|64/100|[from] item: Leftovers
|upkeep
|turn|15
|
|t:|1757924636
|move|p1a: Dragonite|Earthquake|p2a: Toxapex
|-supereffective|p2a: Toxapex
|-damage|p2a: Toxapex|0 fnt
|faint|p2a: Toxapex
|
|upkeep
|
|t:|1757924642
|switch|p2a: Araquanid|Araquanid, F|71/100
|-activate|p2a: Araquanid|move: Sticky Web
|-unboost|p2a: Araquanid|spe|1
|turn|16
|
|t:|1757924651
|move|p1a: Dragonite|Earthquake|p2a: Araquanid
|-resisted|p2a: Araquanid
|-damage|p2a: Araquanid|24/100
|move|p2a: Araquanid|Power Split|p1a: Dragonite
|-activate|p2a: Araquanid|move: Power Split|[of] p1a: Dragonite
|
|upkeep
|turn|17
|
|t:|1757924658
|move|p1a: Dragonite|Extreme Speed|p2a: Araquanid
|-damage|p2a: Araquanid|0 fnt
|faint|p2a: Araquanid
|
|upkeep
|
|t:|1757924665
|switch|p2a: Tyranitar|Tyranitar, F|100/100
|-activate|p2a: Tyranitar|move: Sticky Web
|-unboost|p2a: Tyranitar|spe|1
|-weather|Sandstorm|[from] ability: Sand Stream|[of] p2a: Tyranitar
|turn|18
|
|t:|1757924673
|move|p1a: Dragonite|Earthquake|p2a: Tyranitar
|-supereffective|p2a: Tyranitar
|-damage|p2a: Tyranitar|0 fnt
|faint|p2a: Tyranitar
|
|-weather|Sandstorm|[upkeep]
|-damage|p1a: Dragonite|35/100|[from] Sandstorm
|upkeep
|
|t:|1757924681
|switch|p2a: Excadrill|Excadrill, M|100/100
|-activate|p2a: Excadrill|move: Sticky Web
|-unboost|p2a: Excadrill|spe|1
|turn|19
|
|t:|1757924686
|move|p1a: Dragonite|Earthquake|p2a: Excadrill
|-supereffective|p2a: Excadrill
|-enditem|p2a: Excadrill|Focus Sash
|-damage|p2a: Excadrill|1/100
|move|p2a: Excadrill|Rapid Spin|p1a: Dragonite
|-damage|p1a: Dragonite|14/100
|-boost|p2a: Excadrill|spe|1
|-sideend|p2: JJJKD|Sticky Web|[from] move: Rapid Spin|[of] p2a: Excadrill
|
|-weather|Sandstorm|[upkeep]
|-damage|p1a: Dragonite|8/100|[from] Sandstorm
|upkeep
|turn|20
|
|t:|1757924699
|switch|p2a: Scizor|Scizor, M|100/100
|move|p1a: Dragonite|Extreme Speed|p2a: Scizor
|-resisted|p2a: Scizor
|-damage|p2a: Scizor|76/100
|
|-weather|Sandstorm|[upkeep]
|-damage|p1a: Dragonite|2/100|[from] Sandstorm
|-heal|p2a: Scizor|82/100|[from] item: Leftovers
|upkeep
|turn|21
|
|t:|1757924709
|move|p1a: Dragonite|Earthquake|p2a: Scizor
|-damage|p2a: Scizor|25/100
|move|p2a: Scizor|Swords Dance|p2a: Scizor
|-boost|p2a: Scizor|atk|2
|
|-weather|Sandstorm|[upkeep]
|-damage|p1a: Dragonite|0 fnt|[from] Sandstorm
|faint|p1a: Dragonite
|-heal|p2a: Scizor|31/100|[from] item: Leftovers
|upkeep
|
|t:|1757924719
|switch|p1a: Dragapult|Dragapult, M|100/100
|turn|22
|
|t:|1757924724
|move|p2a: Scizor|Bullet Punch|p1a: Dragapult
|-damage|p1a: Dragapult|4/100
|move|p1a: Dragapult|Dragon Darts|p2a: Scizor
|-resisted|p2a: Scizor
|-damage|p2a: Scizor|12/100
|-anim|p1a: Dragapult|Dragon Darts|p2a: Scizor
|-resisted|p2a: Scizor
|-damage|p2a: Scizor|0 fnt
|faint|p2a: Scizor
|
|-weather|Sandstorm|[upkeep]
|-damage|p1a: Dragapult|0 fnt|[from] Sandstorm
|faint|p1a: Dragapult
|upkeep
|
|t:|1757924738
|switch|p1a: Hatterene|Hatterene, F|100/100 par
|switch|p2a: Excadrill|Excadrill, M|1/100
|turn|23
|
|t:|1757924747
|move|p2a: Excadrill|Iron Head|p1a: Hatterene
|-supereffective|p1a: Hatterene
|-damage|p1a: Hatterene|17/100 par
|move|p1a: Hatterene|Calm Mind|p1a: Hatterene
|-boost|p1a: Hatterene|spa|1
|-boost|p1a: Hatterene|spd|1
|
|-weather|Sandstorm|[upkeep]
|-damage|p1a: Hatterene|11/100 par|[from] Sandstorm
|-heal|p1a: Hatterene|17/100 par|[from] item: Leftovers
|upkeep
|turn|24
|
|t:|1757924758
|move|p2a: Excadrill|Rapid Spin|p1a: Hatterene
|-damage|p1a: Hatterene|0 fnt
|-boost|p2a: Excadrill|spe|1
|faint|p1a: Hatterene
|
|-weather|Sandstorm|[upkeep]
|upkeep
|
|t:|1757924762
|switch|p1a: Reuniclus|Reuniclus, M, shiny|100/100
|turn|25
|
|t:|1757924767
|move|p2a: Excadrill|Iron Head|p1a: Reuniclus
|-damage|p1a: Reuniclus|65/100
|move|p1a: Reuniclus|Psychic|p2a: Excadrill
|-resisted|p2a: Excadrill
|-damage|p2a: Excadrill|0 fnt
|faint|p2a: Excadrill
|
|-weather|none
|-heal|p1a: Reuniclus|71/100|[from] item: Leftovers
|upkeep
|
|t:|1757924775
|switch|p2a: Garchomp|Garchomp, F, tera:Fairy|21/100 tox
|turn|26
|
|t:|1757924779
|move|p2a: Garchomp|Poison Jab|p1a: Reuniclus
|-damage|p1a: Reuniclus|51/100
|-status|p1a: Reuniclus|psn
|move|p1a: Reuniclus|Psychic|p2a: Garchomp
|-damage|p2a: Garchomp|0 fnt
|faint|p2a: Garchomp
|
|win|Sephhyrix
|raw|Sephhyrix's rating: 1138 &rarr; <strong>1160</strong><br />(+22 for winning)
|raw|JJJKD's rating: 1101 &rarr; <strong>1079</strong><br />(-22 for losing)
|l|☆JJJKD
|player|p2|
|l|☆Sephhyrix
|player|p1|
