|j|☆spicy_milk368
|j|☆THRZ_Butter
|t:|1757912240
|gametype|singles
|player|p1|spicy_milk368|grimsley|1366
|player|p2|THRZ_Butter|janitor|1398
|gen|9
|tier|[Gen 9] OU
|rated|
|rule|HP Percentage Mod: HP is shown in percentages
|rule|Endless Battle Clause: Forcing endless battles is banned
|rule|Species Clause: Limit one of each Pokémon
|rule|OHKO Clause: OHKO moves are banned
|rule|Evasion Items Clause: Evasion items are banned
|rule|Evasion Moves Clause: Evasion moves are banned
|rule|Evasion Abilities Clause: Evasion abilities are banned
|rule|Sleep Moves Clause: Sleep-inducing moves are banned
|clearpoke
|poke|p1|Indeedee, M|
|poke|p1|Hatterene, F|
|poke|p1|Ursaluna, F|
|poke|p1|Iron Hands|
|poke|p1|Hoopa-Unbound|
|poke|p1|Mimikyu, F|
|poke|p2|Alomomola, F|
|poke|p2|Gliscor, M|
|poke|p2|Pecharunt|
|poke|p2|Gholdengo|
|poke|p2|Weavile, M|
|poke|p2|Great Tusk|
|teampreview
|
|t:|1757912246
|teamsize|p1|6
|teamsize|p2|6
|start
|switch|p1a: Indeedee|Indeedee, M, shiny|100/100
|switch|p2a: Gliscor|Gliscor, M|100/100
|-fieldstart|move: Psychic Terrain|[from] ability: Psychic Surge|[of] p1a: Indeedee
|turn|1
|
|t:|1757912249
|switch|p1a: Hatterene|Hatterene, F, shiny|100/100
|move|p2a: Gliscor|Protect||[still]
|-fail|p2a: Gliscor
|
|-status|p2a: Gliscor|tox|[from] item: Toxic Orb
|upkeep
|turn|2
|
|t:|1757912257
|move|p2a: Gliscor|Knock Off|p1a: Hatterene
|-damage|p1a: Hatterene|77/100
|-enditem|p1a: Hatterene|Life Orb|[from] move: Knock Off|[of] p2a: Gliscor
|move|p1a: Hatterene|Trick Room|p1a: Hatterene
|-fieldstart|move: Trick Room|[of] p1a: Hatterene
|
|upkeep
|turn|3
|
|t:|1757912263
|move|p2a: Gliscor|Protect|p2a: Gliscor
|-singleturn|p2a: Gliscor|Protect
|move|p1a: Hatterene|Expanding Force|p2a: Gliscor
|-activate|p2a: Gliscor|move: Protect
|
|upkeep
|turn|4
|
|t:|1757912267
|switch|p2a: Gholdengo|Gholdengo|100/100
|move|p1a: Hatterene|Draining Kiss|p2a: Gholdengo
|-resisted|p2a: Gholdengo
|-damage|p2a: Gholdengo|84/100
|-heal|p1a: Hatterene|89/100|[from] drain|[of] p2a: Gholdengo
|
|upkeep
|turn|5
|
|t:|1757912274
|move|p1a: Hatterene|Mystical Fire|p2a: Gholdengo
|-supereffective|p2a: Gholdengo
|-damage|p2a: Gholdengo|15/100
|-unboost|p2a: Gholdengo|spa|1
|move|p2a: Gholdengo|Make It Rain|p1a: Hatterene
|-supereffective|p1a: Hatterene
|-damage|p1a: Hatterene|0 fnt
|-unboost|p2a: Gholdengo|spa|1
|faint|p1a: Hatterene
|
|upkeep
|
|t:|1757912284
|switch|p1a: Iron Hands|Iron Hands|100/100
|-enditem|p1a: Iron Hands|Booster Energy
|-activate|p1a: Iron Hands|ability: Quark Drive|[fromitem]
|-start|p1a: Iron Hands|quarkdriveatk
|turn|6
|
|t:|1757912287
|switch|p2a: Gliscor|Gliscor, M|100/100 tox
|move|p1a: Iron Hands|Heavy Slam|p2a: Gliscor
|-damage|p2a: Gliscor|54/100 tox
|
|-heal|p2a: Gliscor|67/100 tox|[from] ability: Poison Heal
|-fieldend|move: Trick Room
|upkeep
|turn|7
|
|t:|1757912298
|move|p2a: Gliscor|Protect|p2a: Gliscor
|-singleturn|p2a: Gliscor|Protect
|move|p1a: Iron Hands|Ice Punch|p2a: Gliscor
|-activate|p2a: Gliscor|move: Protect
|
|-heal|p2a: Gliscor|79/100 tox|[from] ability: Poison Heal
|upkeep
|turn|8
|
|t:|1757912304
|move|p2a: Gliscor|Toxic|p1a: Iron Hands
|-status|p1a: Iron Hands|tox
|move|p1a: Iron Hands|Close Combat|p2a: Gliscor
|-resisted|p2a: Gliscor
|-damage|p2a: Gliscor|41/100 tox
|-unboost|p1a: Iron Hands|def|1
|-unboost|p1a: Iron Hands|spd|1
|
|-heal|p2a: Gliscor|53/100 tox|[from] ability: Poison Heal
|-damage|p1a: Iron Hands|94/100 tox|[from] psn
|-fieldend|move: Psychic Terrain
|upkeep
|turn|9
|
|t:|1757912308
|-end|p1a: Iron Hands|Quark Drive|[silent]
|switch|p1a: Indeedee|Indeedee, M, shiny|100/100
|-fieldstart|move: Psychic Terrain|[from] ability: Psychic Surge|[of] p1a: Indeedee
|move|p2a: Gliscor|Spikes|p1a: Indeedee
|-sidestart|p1: spicy_milk368|Spikes
|
|-heal|p2a: Gliscor|66/100 tox|[from] ability: Poison Heal
|upkeep
|turn|10
|
|t:|1757912314
|move|p2a: Gliscor|Protect|p2a: Gliscor
|-singleturn|p2a: Gliscor|Protect
|move|p1a: Indeedee|Expanding Force|p2a: Gliscor
|-activate|p2a: Gliscor|move: Protect
|
|-heal|p2a: Gliscor|78/100 tox|[from] ability: Poison Heal
|upkeep
|turn|11
|
|t:|1757912319
|switch|p2a: Weavile|Weavile, M|100/100
|-ability|p2a: Weavile|Pressure
|move|p1a: Indeedee|Expanding Force|p2a: Weavile
|-immune|p2a: Weavile
|
|upkeep
|turn|12
|
|t:|1757912328
|move|p2a: Weavile|Knock Off|p1a: Indeedee
|-supereffective|p1a: Indeedee
|-damage|p1a: Indeedee|0 fnt
|-enditem|p1a: Indeedee|Terrain Extender|[from] move: Knock Off|[of] p2a: Weavile
|faint|p1a: Indeedee
|
|upkeep
|
|t:|1757912332
|switch|p1a: Mimikyu|Mimikyu, F, shiny|100/100
|-damage|p1a: Mimikyu|88/100|[from] Spikes
|turn|13
|
|t:|1757912335
|move|p2a: Weavile|Knock Off|p1a: Mimikyu
|-activate|p1a: Mimikyu|ability: Disguise
|-damage|p1a: Mimikyu|88/100
|-enditem|p1a: Mimikyu|Red Card|[from] move: Knock Off|[of] p2a: Weavile
|detailschange|p1a: Mimikyu|Mimikyu-Busted, F, shiny
|-damage|p1a: Mimikyu|76/100|[from] pokemon: Mimikyu-Busted
|move|p1a: Mimikyu|Trick Room|p1a: Mimikyu
|-fieldstart|move: Trick Room|[of] p1a: Mimikyu
|
|upkeep
|turn|14
|
|t:|1757912348
|switch|p2a: Gliscor|Gliscor, M|78/100 tox
|move|p1a: Mimikyu|Destiny Bond|p1a: Mimikyu
|-singlemove|p1a: Mimikyu|Destiny Bond
|
|-heal|p2a: Gliscor|91/100 tox|[from] ability: Poison Heal
|upkeep
|turn|15
|
|t:|1757912352
|move|p1a: Mimikyu|Curse|p2a: Gliscor
|-start|p2a: Gliscor|Curse|[of] p1a: Mimikyu
|-damage|p1a: Mimikyu|26/100
|move|p2a: Gliscor|Spikes|p1a: Mimikyu
|-sidestart|p1: spicy_milk368|Spikes
|
|-heal|p2a: Gliscor|100/100 tox|[from] ability: Poison Heal
|-damage|p2a: Gliscor|75/100 tox|[from] Curse
|upkeep
|turn|16
|
|t:|1757912358
|move|p1a: Mimikyu|Play Rough|p2a: Gliscor
|-damage|p2a: Gliscor|54/100 tox
|move|p2a: Gliscor|Spikes|p1a: Mimikyu
|-sidestart|p1: spicy_milk368|Spikes
|
|-heal|p2a: Gliscor|67/100 tox|[from] ability: Poison Heal
|-damage|p2a: Gliscor|42/100 tox|[from] Curse
|-fieldend|move: Psychic Terrain
|upkeep
|turn|17
|
|t:|1757912368
|switch|p2a: Pecharunt|Pecharunt|100/100
|move|p1a: Mimikyu|Destiny Bond|p1a: Mimikyu
|-singlemove|p1a: Mimikyu|Destiny Bond
|
|-fieldend|move: Trick Room
|upkeep
|turn|18
|
|t:|1757912372
|move|p2a: Pecharunt|Malignant Chain|p1a: Mimikyu
|-damage|p1a: Mimikyu|0 fnt
|faint|p1a: Mimikyu
|-activate|p1a: Mimikyu|move: Destiny Bond
|faint|p2a: Pecharunt
|
|upkeep
|
|t:|1757912382
|switch|p2a: Weavile|Weavile, M|100/100
|switch|p1a: Hoopa|Hoopa-Unbound|100/100
|-ability|p2a: Weavile|Pressure
|-damage|p1a: Hoopa|76/100|[from] Spikes
|turn|19
|
|t:|1757912385
|move|p2a: Weavile|Knock Off|p1a: Hoopa
|-damage|p1a: Hoopa|25/100
|-enditem|p1a: Hoopa|Psychic Seed|[from] move: Knock Off|[of] p2a: Weavile
|move|p1a: Hoopa|Focus Blast|p2a: Weavile
|-supereffective|p2a: Weavile
|-damage|p2a: Weavile|0 fnt
|faint|p2a: Weavile
|-item|p1a: Hoopa|Heavy-Duty Boots|[from] ability: Magician|[of] p2: Weavile
|
|upkeep
|
|t:|1757912395
|switch|p2a: Great Tusk|Great Tusk|100/100
|turn|20
|
|t:|1757912400
|move|p2a: Great Tusk|Headlong Rush|p1a: Hoopa
|-damage|p1a: Hoopa|0 fnt
|-unboost|p2a: Great Tusk|def|1
|-unboost|p2a: Great Tusk|spd|1
|faint|p1a: Hoopa
|
|upkeep
|
|t:|1757912402
|switch|p1a: Ursaluna|Ursaluna, F|100/100
|-damage|p1a: Ursaluna|76/100|[from] Spikes
|turn|21
|
|t:|1757912410
|-end|p2a: Great Tusk|Protosynthesis|[silent]
|switch|p2a: Alomomola|Alomomola, F|100/100
|move|p1a: Ursaluna|Ice Punch|p2a: Alomomola
|-resisted|p2a: Alomomola
|-damage|p2a: Alomomola|90/100
|
|-status|p1a: Ursaluna|brn|[from] item: Flame Orb
|upkeep
|turn|22
|
|t:|1757912413
|move|p1a: Ursaluna|Supercell Slam|p2a: Alomomola
|-supereffective|p2a: Alomomola
|-damage|p2a: Alomomola|13/100
|move|p2a: Alomomola|Flip Turn|p1a: Ursaluna
|-supereffective|p1a: Ursaluna
|-damage|p1a: Ursaluna|53/100 brn
|
|t:|1757912416
|switch|p2a: Great Tusk|Great Tusk|100/100|[from] Flip Turn
|
|-damage|p1a: Ursaluna|47/100 brn|[from] brn
|upkeep
|turn|23
|
|t:|1757912428
|-terastallize|p1a: Ursaluna|Normal
|move|p2a: Great Tusk|Ice Spinner|p1a: Ursaluna
|-damage|p1a: Ursaluna|30/100 brn
|move|p1a: Ursaluna|Facade|p2a: Great Tusk
|-damage|p2a: Great Tusk|1/100
|-damage|p1a: Ursaluna|14/100 brn|[from] item: Rocky Helmet|[of] p2a: Great Tusk
|
|-damage|p1a: Ursaluna|8/100 brn|[from] brn
|upkeep
|turn|24
|
|t:|1757912437
|move|p2a: Great Tusk|Rapid Spin|p1a: Ursaluna
|-damage|p1a: Ursaluna|0 fnt
|-boost|p2a: Great Tusk|spe|1
|faint|p1a: Ursaluna
|
|upkeep
|
|t:|1757912438
|switch|p1a: Iron Hands|Iron Hands|94/100 tox
|-damage|p1a: Iron Hands|69/100 tox|[from] Spikes
|turn|25
|-message|spicy_milk368 forfeited.
|
|win|THRZ_Butter
|raw|spicy_milk368's rating: 1366 &rarr; <strong>1348</strong><br />(-18 for losing)
|raw|THRZ_Butter's rating: 1398 &rarr; <strong>1416</strong><br />(+18 for winning)
|l|☆spicy_milk368
|player|p1|
