|j|‽firepowah
|j|☆nfyhsueryfgius
|t:|1757897861
|gametype|singles
|player|p1|firepowah|101|1704
|player|p2|nfyhsueryfgius|ghetsis|1685
|gen|9
|tier|[Gen 9] OU
|rated|
|rule|HP Percentage Mod: HP is shown in percentages
|rule|Endless Battle Clause: Forcing endless battles is banned
|rule|Species Clause: Limit one of each Pokémon
|rule|OHKO Clause: OHKO moves are banned
|rule|Evasion Items Clause: Evasion items are banned
|rule|Evasion Moves Clause: Evasion moves are banned
|rule|Evasion Abilities Clause: Evasion abilities are banned
|rule|Sleep Moves Clause: Sleep-inducing moves are banned
|clearpoke
|poke|p1|Kingambit, F|
|poke|p1|Gliscor, M|
|poke|p1|Great Tusk|
|poke|p1|Samurott-Hisui, F|
|poke|p1|Pecharunt|
|poke|p1|Raging Bolt|
|poke|p2|Great Tusk|
|poke|p2|Heatran, M|
|poke|p2|Weavile, M|
|poke|p2|Primarina, M|
|poke|p2|Ogerpon, F|
|poke|p2|Pecharunt|
|teampreview
|
|t:|1757897871
|teamsize|p1|6
|teamsize|p2|6
|start
|switch|p1a: Samurott|Samurott-Hisui, F|100/100
|switch|p2a: Anonymous|Ogerpon, F|100/100
|turn|1
|
|t:|1757897874
|-terastallize|p1a: Samurott|Poison
|move|p2a: Anonymous|Ivy Cudgel|p1a: Samurott
|-resisted|p1a: Samurott
|-damage|p1a: Samurott|51/100
|-enditem|p1a: Samurott|Red Card|[of] p2a: Anonymous
|drag|p2a: Overseer|Pecharunt|100/100
|move|p1a: Samurott|Ceaseless Edge|p2a: Overseer|[miss]
|-miss|p1a: Samurott|p2a: Overseer
|
|upkeep
|turn|2
|
|t:|1757897882
|switch|p2a: Behemoth|Great Tusk, shiny|100/100
|move|p1a: Samurott|Ceaseless Edge|p2a: Behemoth
|-resisted|p2a: Behemoth
|-damage|p2a: Behemoth|85/100
|-sidestart|p2: nfyhsueryfgius|Spikes
|
|upkeep
|turn|3
|
|t:|1757897885
|move|p2a: Behemoth|Headlong Rush|p1a: Samurott
|-supereffective|p1a: Samurott
|-damage|p1a: Samurott|0 fnt
|-unboost|p2a: Behemoth|def|1
|-unboost|p2a: Behemoth|spd|1
|faint|p1a: Samurott
|
|upkeep
|
|t:|1757897889
|switch|p1a: Pecharunt|Pecharunt|100/100
|turn|4
|
|t:|1757897893
|-end|p2a: Behemoth|Protosynthesis|[silent]
|switch|p2a: Overseer|Pecharunt|100/100
|-damage|p2a: Overseer|88/100|[from] Spikes
|move|p1a: Pecharunt|Malignant Chain|p2a: Overseer
|-resisted|p2a: Overseer
|-damage|p2a: Overseer|80/100
|
|upkeep
|turn|5
|
|t:|1757897898
|switch|p2a: Bandit|Weavile, M, shiny|100/100
|-damage|p2a: Bandit|88/100|[from] Spikes
|-ability|p2a: Bandit|Pressure
|switch|p1a: Gliscor|Gliscor, M, shiny|100/100
|
|-status|p1a: Gliscor|tox|[from] item: Toxic Orb
|upkeep
|turn|6
|
|t:|1757897903
|move|p1a: Gliscor|Protect|p1a: Gliscor
|-singleturn|p1a: Gliscor|Protect
|move|p2a: Bandit|Triple Axel|p1a: Gliscor
|-activate|p1a: Gliscor|move: Protect
|
|upkeep
|turn|7
|
|t:|1757897907
|switch|p1a: Kingambit|Kingambit, F, shiny|100/100
|-activate|p1a: Kingambit|ability: Supreme Overlord
|-start|p1a: Kingambit|fallen1|[silent]
|move|p2a: Bandit|Triple Axel|p1a: Kingambit
|-resisted|p1a: Kingambit
|-damage|p1a: Kingambit|94/100
|-resisted|p1a: Kingambit
|-damage|p1a: Kingambit|81/100
|-resisted|p1a: Kingambit
|-damage|p1a: Kingambit|63/100
|-hitcount|p1a: Kingambit|3
|
|upkeep
|turn|8
|
|t:|1757897911
|switch|p2a: Behemoth|Great Tusk, shiny|85/100
|move|p1a: Kingambit|Low Kick|p2a: Behemoth
|-damage|p2a: Behemoth|31/100
|
|upkeep
|turn|9
|
|t:|1757897919
|-end|p1a: Kingambit|fallen1|[silent]
|switch|p1a: Pecharunt|Pecharunt|100/100
|move|p2a: Behemoth|Headlong Rush|p1a: Pecharunt
|-supereffective|p1a: Pecharunt
|-damage|p1a: Pecharunt|42/100
|-unboost|p2a: Behemoth|def|1
|-unboost|p2a: Behemoth|spd|1
|
|upkeep
|turn|10
|
|t:|1757897925
|switch|p1a: Gliscor|Gliscor, M, shiny|100/100 tox
|move|p2a: Behemoth|Headlong Rush|p1a: Gliscor
|-immune|p1a: Gliscor
|
|upkeep
|turn|11
|inactive|Battle timer is ON: inactive players will automatically lose when time's up. (requested by firepowah)
|
|t:|1757897960
|move|p2a: Behemoth|Rapid Spin|p1a: Gliscor
|-damage|p1a: Gliscor|87/100 tox
|-boost|p2a: Behemoth|spe|1
|-sideend|p2: nfyhsueryfgius|Spikes|[from] move: Rapid Spin|[of] p2a: Behemoth
|move|p1a: Gliscor|Earthquake|p2a: Behemoth
|-damage|p2a: Behemoth|0 fnt
|faint|p2a: Behemoth
|-end|p2a: Behemoth|Protosynthesis|[silent]
|
|-heal|p1a: Gliscor|99/100 tox|[from] ability: Poison Heal
|upkeep
|
|t:|1757897963
|switch|p2a: Bandit|Weavile, M, shiny|88/100
|-ability|p2a: Bandit|Pressure
|turn|12
|
|t:|1757897974
|move|p1a: Gliscor|Protect|p1a: Gliscor
|-singleturn|p1a: Gliscor|Protect
|move|p2a: Bandit|Triple Axel|p1a: Gliscor
|-activate|p1a: Gliscor|move: Protect
|
|-heal|p1a: Gliscor|100/100 tox|[from] ability: Poison Heal
|upkeep
|turn|13
|
|t:|1757897982
|switch|p1a: Pecharunt|Pecharunt|42/100
|move|p2a: Bandit|Triple Axel|p1a: Pecharunt
|-damage|p1a: Pecharunt|35/100
|-damage|p1a: Pecharunt|20/100
|-damage|p1a: Pecharunt|0 fnt
|faint|p1a: Pecharunt
|-hitcount|p1: Pecharunt|3
|
|upkeep
|
|t:|1757897984
|switch|p1a: Kingambit|Kingambit, F, shiny|63/100
|-activate|p1a: Kingambit|ability: Supreme Overlord
|-start|p1a: Kingambit|fallen2|[silent]
|turn|14
|
|t:|1757897988
|switch|p2a: Chaos|Heatran, M, shiny|100/100
|-item|p2a: Chaos|Air Balloon
|move|p1a: Kingambit|Kowtow Cleave|p2a: Chaos
|-damage|p2a: Chaos|20/100
|-enditem|p2a: Chaos|Air Balloon
|
|upkeep
|turn|15
|
|t:|1757897991
|move|p2a: Chaos|Stealth Rock|p1a: Kingambit
|-sidestart|p1: firepowah|move: Stealth Rock
|move|p1a: Kingambit|Kowtow Cleave|p2a: Chaos
|-damage|p2a: Chaos|0 fnt
|faint|p2a: Chaos
|
|upkeep
|
|t:|1757897998
|switch|p2a: Bandit|Weavile, M, shiny|88/100
|-ability|p2a: Bandit|Pressure
|turn|16
|
|t:|1757898001
|-end|p1a: Kingambit|fallen2|[silent]
|switch|p1a: Gliscor|Gliscor, M, shiny|100/100 tox
|-damage|p1a: Gliscor|88/100 tox|[from] Stealth Rock
|move|p2a: Bandit|Low Kick|p1a: Gliscor
|-resisted|p1a: Gliscor
|-damage|p1a: Gliscor|76/100 tox
|
|-heal|p1a: Gliscor|89/100 tox|[from] ability: Poison Heal
|upkeep
|turn|17
|
|t:|1757898008
|switch|p2a: Overseer|Pecharunt|80/100
|move|p1a: Gliscor|Swords Dance|p1a: Gliscor
|-boost|p1a: Gliscor|atk|2
|
|-heal|p1a: Gliscor|100/100 tox|[from] ability: Poison Heal
|upkeep
|turn|18
|
|t:|1757898011
|move|p1a: Gliscor|Earthquake|p2a: Overseer
|-supereffective|p2a: Overseer
|-damage|p2a: Overseer|17/100
|move|p2a: Overseer|Shadow Ball|p1a: Gliscor
|-damage|p1a: Gliscor|79/100 tox
|
|-heal|p1a: Gliscor|91/100 tox|[from] ability: Poison Heal
|upkeep
|turn|19
|
|t:|1757898015
|move|p1a: Gliscor|Earthquake|p2a: Overseer
|-supereffective|p2a: Overseer
|-damage|p2a: Overseer|0 fnt
|faint|p2a: Overseer
|
|-heal|p1a: Gliscor|100/100 tox|[from] ability: Poison Heal
|upkeep
|
|t:|1757898017
|switch|p2a: Bandit|Weavile, M, shiny|88/100
|-ability|p2a: Bandit|Pressure
|turn|20
|
|t:|1757898021
|move|p1a: Gliscor|Protect|p1a: Gliscor
|-singleturn|p1a: Gliscor|Protect
|move|p2a: Bandit|Triple Axel|p1a: Gliscor
|-activate|p1a: Gliscor|move: Protect
|
|upkeep
|turn|21
|
|t:|1757898045
|switch|p1a: Great Tusk|Great Tusk|100/100
|move|p2a: Bandit|Triple Axel|p1a: Great Tusk
|-supereffective|p1a: Great Tusk
|-damage|p1a: Great Tusk|77/100
|-supereffective|p1a: Great Tusk
|-damage|p1a: Great Tusk|35/100
|-supereffective|p1a: Great Tusk
|-damage|p1a: Great Tusk|0 fnt
|faint|p1a: Great Tusk
|-end|p1a: Great Tusk|Protosynthesis|[silent]
|-hitcount|p1: Great Tusk|3
|
|upkeep
|
|t:|1757898047
|switch|p1a: Kingambit|Kingambit, F, shiny|63/100
|-damage|p1a: Kingambit|57/100|[from] Stealth Rock
|-activate|p1a: Kingambit|ability: Supreme Overlord
|-start|p1a: Kingambit|fallen3|[silent]
|turn|22
|
|t:|1757898065
|switch|p2a: Anonymous|Ogerpon, F|100/100
|move|p1a: Kingambit|Iron Head|p2a: Anonymous
|-damage|p2a: Anonymous|0 fnt
|faint|p2a: Anonymous
|
|upkeep
|
|t:|1757898067
|switch|p2a: Bandit|Weavile, M, shiny|88/100
|-ability|p2a: Bandit|Pressure
|turn|23
|
|t:|1757898069
|move|p2a: Bandit|Triple Axel|p1a: Kingambit
|-resisted|p1a: Kingambit
|-damage|p1a: Kingambit|51/100
|-hitcount|p1a: Kingambit|1
|move|p1a: Kingambit|Iron Head|p2a: Bandit
|-supereffective|p2a: Bandit
|-damage|p2a: Bandit|0 fnt
|faint|p2a: Bandit
|
|upkeep
|-message|nfyhsueryfgius forfeited.
|
|win|firepowah
|raw|firepowah's rating: 1704 &rarr; <strong>1723</strong><br />(+19 for winning)
|raw|nfyhsueryfgius's rating: 1685 &rarr; <strong>1666</strong><br />(-19 for losing)
|l|☆nfyhsueryfgius
|player|p2|
|l|‽firepowah
|player|p1|
