|j|☆levi afla
|j|☆TheSinXer
|t:|1757953986
|gametype|singles
|player|p1|levi afla|jogger|1224
|player|p2|TheSinXer|169|1235
|gen|9
|tier|[Gen 9] OU
|rated|
|rule|HP Percentage Mod: HP is shown in percentages
|rule|Endless Battle Clause: Forcing endless battles is banned
|rule|Species Clause: Limit one of each Pokémon
|rule|OHKO Clause: OHKO moves are banned
|rule|Evasion Items Clause: Evasion items are banned
|rule|Evasion Moves Clause: Evasion moves are banned
|rule|Evasion Abilities Clause: Evasion abilities are banned
|rule|Sleep Moves Clause: Sleep-inducing moves are banned
|clearpoke
|poke|p1|Tyranitar, M|
|poke|p1|Rillaboom, F|
|poke|p1|Great Tusk|
|poke|p1|Ogerpon-Wellspring, F|
|poke|p1|Iron Valiant|
|poke|p1|Slowbro-Galar, F|
|poke|p2|Munkidori, M|
|poke|p2|Dragapult, M|
|poke|p2|Tinkaton, F|
|poke|p2|Manaphy|
|poke|p2|Conkeldurr, M|
|poke|p2|Talonflame, F|
|teampreview
|inactive|Battle timer is ON: inactive players will automatically lose when time's up. (requested by TheSinXer)
|
|t:|1757953999
|teamsize|p1|6
|teamsize|p2|6
|start
|switch|p1a: Slowbro|Slowbro-Galar, F|100/100
|switch|p2a: *Bonk*|Tinkaton, F|100/100
|-item|p2a: *Bonk*|Air Balloon
|turn|1
|
|t:|1757954014
|switch|p1a: Ogerpon|Ogerpon-Wellspring, F|100/100
|move|p2a: *Bonk*|Thunder Wave|p1a: Ogerpon
|-status|p1a: Ogerpon|par
|
|upkeep
|turn|2
|inactive|TheSinXer has 120 seconds left.
|
|t:|1757954063
|move|p2a: *Bonk*|Play Rough|p1a: Ogerpon
|-damage|p1a: Ogerpon|56/100 par
|move|p1a: Ogerpon|Ivy Cudgel|p2a: *Bonk*|[anim] Ivy Cudgel Water
|-damage|p2a: *Bonk*|33/100
|-enditem|p2a: *Bonk*|Air Balloon
|
|upkeep
|turn|3
|
|t:|1757954090
|move|p2a: *Bonk*|Play Rough|p1a: Ogerpon|[miss]
|-miss|p2a: *Bonk*|p1a: Ogerpon
|cant|p1a: Ogerpon|par
|
|upkeep
|turn|4
|
|t:|1757954099
|move|p2a: *Bonk*|Play Rough|p1a: Ogerpon
|-damage|p1a: Ogerpon|8/100 par
|-unboost|p1a: Ogerpon|atk|1
|move|p1a: Ogerpon|Ivy Cudgel|p2a: *Bonk*|[anim] Ivy Cudgel Water
|-damage|p2a: *Bonk*|0 fnt
|faint|p2a: *Bonk*
|
|upkeep
|
|t:|1757954117
|switch|p2a: Kachow|Dragapult, M, shiny|100/100
|turn|5
|
|t:|1757954119
|move|p2a: Kachow|U-turn|p1a: Ogerpon
|-supereffective|p1a: Ogerpon
|-damage|p1a: Ogerpon|0 fnt
|faint|p1a: Ogerpon
|
|t:|1757954122
|switch|p2a: Air Jordan's|Talonflame, F, shiny|100/100|[from] U-turn
|
|upkeep
|
|t:|1757954130
|switch|p1a: Slowbro|Slowbro-Galar, F|100/100
|turn|6
|
|t:|1757954138
|move|p2a: Air Jordan's|Will-O-Wisp|p1a: Slowbro
|-status|p1a: Slowbro|brn
|move|p1a: Slowbro|Nasty Plot|p1a: Slowbro
|-boost|p1a: Slowbro|spa|2
|
|-damage|p1a: Slowbro|94/100 brn|[from] brn
|upkeep
|turn|7
|
|t:|1757954152
|move|p2a: Air Jordan's|Brave Bird|p1a: Slowbro
|-damage|p1a: Slowbro|53/100 brn
|-damage|p2a: Air Jordan's|82/100|[from] Recoil
|move|p1a: Slowbro|Shell Side Arm|p2a: Air Jordan's|[anim] Shell Side Arm Special
|-damage|p2a: Air Jordan's|0 fnt
|-hint|Special Shell Side Arm
|faint|p2a: Air Jordan's
|
|-damage|p1a: Slowbro|47/100 brn|[from] brn
|upkeep
|inactive|TheSinXer has 120 seconds left.
|
|t:|1757954185
|switch|p2a: Kachow|Dragapult, M, shiny|100/100
|turn|8
|
|t:|1757954205
|move|p2a: Kachow|Phantom Force||[still]
|-prepare|p2a: Kachow|Phantom Force
|move|p1a: Slowbro|Psychic|p2a: Kachow|[miss]
|-miss|p1a: Slowbro|p2a: Kachow
|
|-damage|p1a: Slowbro|41/100 brn|[from] brn
|upkeep
|turn|9
|
|t:|1757954216
|switch|p1a: Tyranitar|Tyranitar, M, shiny|100/100
|-weather|Sandstorm|[from] ability: Sand Stream|[of] p1a: Tyranitar
|move|p2a: Kachow|Phantom Force|p1a: Tyranitar|[from] lockedmove
|-resisted|p1a: Tyranitar
|-damage|p1a: Tyranitar|77/100
|
|-weather|Sandstorm|[upkeep]
|-damage|p2a: Kachow|95/100|[from] Sandstorm
|upkeep
|turn|10
|
|t:|1757954221
|switch|p2a: Juan Punch|Conkeldurr, M|100/100
|move|p1a: Tyranitar|Knock Off|p2a: Juan Punch
|-resisted|p2a: Juan Punch
|-damage|p2a: Juan Punch|73/100
|-enditem|p2a: Juan Punch|Blunder Policy|[from] move: Knock Off|[of] p1a: Tyranitar
|
|-weather|Sandstorm|[upkeep]
|-damage|p2a: Juan Punch|67/100|[from] Sandstorm
|upkeep
|turn|11
|
|t:|1757954234
|move|p2a: Juan Punch|Dynamic Punch|p1a: Tyranitar|[miss]
|-miss|p2a: Juan Punch|p1a: Tyranitar
|move|p1a: Tyranitar|Rock Slide|p2a: Juan Punch
|-resisted|p2a: Juan Punch
|-damage|p2a: Juan Punch|43/100
|
|-weather|Sandstorm|[upkeep]
|-damage|p2a: Juan Punch|37/100|[from] Sandstorm
|upkeep
|turn|12
|
|t:|1757954246
|move|p2a: Juan Punch|Stomping Tantrum|p1a: Tyranitar
|-supereffective|p1a: Tyranitar
|-damage|p1a: Tyranitar|0 fnt
|faint|p1a: Tyranitar
|
|-weather|Sandstorm|[upkeep]
|-damage|p2a: Juan Punch|31/100|[from] Sandstorm
|upkeep
|
|t:|1757954259
|switch|p1a: Great Tusk|Great Tusk|100/100
|-enditem|p1a: Great Tusk|Booster Energy
|-activate|p1a: Great Tusk|ability: Protosynthesis|[fromitem]
|-start|p1a: Great Tusk|protosynthesisatk
|turn|13
|
|t:|1757954262
|move|p1a: Great Tusk|Rapid Spin|p2a: Juan Punch
|-damage|p2a: Juan Punch|9/100
|-boost|p1a: Great Tusk|spe|1
|move|p2a: Juan Punch|Drain Punch|p1a: Great Tusk
|-damage|p1a: Great Tusk|65/100
|-heal|p2a: Juan Punch|28/100|[from] drain|[of] p1a: Great Tusk
|
|-weather|none
|upkeep
|turn|14
|
|t:|1757954270
|move|p1a: Great Tusk|Headlong Rush|p2a: Juan Punch
|-damage|p2a: Juan Punch|0 fnt
|-unboost|p1a: Great Tusk|def|1
|-unboost|p1a: Great Tusk|spd|1
|faint|p2a: Juan Punch
|
|upkeep
|
|t:|1757954277
|switch|p2a: Bo'oh'o'wa'ah|Manaphy|100/100
|turn|15
|
|t:|1757954282
|move|p1a: Great Tusk|Headlong Rush|p2a: Bo'oh'o'wa'ah
|-damage|p2a: Bo'oh'o'wa'ah|23/100
|-unboost|p1a: Great Tusk|def|1
|-unboost|p1a: Great Tusk|spd|1
|-enditem|p2a: Bo'oh'o'wa'ah|Salac Berry|[eat]
|-boost|p2a: Bo'oh'o'wa'ah|spe|1|[from] item: Salac Berry
|move|p2a: Bo'oh'o'wa'ah|Tail Glow|p2a: Bo'oh'o'wa'ah
|-boost|p2a: Bo'oh'o'wa'ah|spa|3
|
|upkeep
|turn|16
|
|t:|1757954288
|move|p2a: Bo'oh'o'wa'ah|Ice Beam|p1a: Great Tusk
|-supereffective|p1a: Great Tusk
|-damage|p1a: Great Tusk|0 fnt
|faint|p1a: Great Tusk
|-end|p1a: Great Tusk|Protosynthesis|[silent]
|
|upkeep
|
|t:|1757954300
|switch|p1a: Slowbro|Slowbro-Galar, F|41/100 brn
|turn|17
|-activate|p1a: Slowbro|ability: Quick Draw
|
|t:|1757954303
|move|p1a: Slowbro|Grass Knot|p2a: Bo'oh'o'wa'ah
|-supereffective|p2a: Bo'oh'o'wa'ah
|-damage|p2a: Bo'oh'o'wa'ah|10/100
|move|p2a: Bo'oh'o'wa'ah|Psychic|p1a: Slowbro
|-damage|p1a: Slowbro|0 fnt
|faint|p1a: Slowbro
|
|upkeep
|
|t:|1757954321
|switch|p1a: Iron Valiant|Iron Valiant|100/100
|-enditem|p1a: Iron Valiant|Booster Energy
|-activate|p1a: Iron Valiant|ability: Quark Drive|[fromitem]
|-start|p1a: Iron Valiant|quarkdrivespe
|turn|18
|
|t:|1757954346
|move|p1a: Iron Valiant|Moonblast|p2a: Bo'oh'o'wa'ah
|-damage|p2a: Bo'oh'o'wa'ah|0 fnt
|faint|p2a: Bo'oh'o'wa'ah
|
|upkeep
|
|t:|1757954359
|switch|p2a: Monke|Munkidori, M|100/100
|turn|19
|
|t:|1757954381
|move|p2a: Monke|Fake Out|p1a: Iron Valiant
|-damage|p1a: Iron Valiant|88/100
|-damage|p2a: Monke|91/100|[from] item: Life Orb
|cant|p1a: Iron Valiant|flinch
|
|upkeep
|turn|20
|
|t:|1757954394
|move|p1a: Iron Valiant|Knock Off|p2a: Monke
|-supereffective|p2a: Monke
|-damage|p2a: Monke|0 fnt
|-enditem|p2a: Monke|Life Orb|[from] move: Knock Off|[of] p1a: Iron Valiant
|faint|p2a: Monke
|
|upkeep
|-message|TheSinXer forfeited.
|
|win|levi afla
|raw|levi afla's rating: 1224 &rarr; <strong>1250</strong><br />(+26 for winning)
|raw|TheSinXer's rating: 1235 &rarr; <strong>1209</strong><br />(-26 for losing)
|l|☆TheSinXer
|player|p2|
|l|☆levi afla
|player|p1|
