|j|☆Buy my book azul
|j|☆zskuxxz
|t:|1757867988
|gametype|singles
|player|p1|Buy my book azul|diantha-masters|1362
|player|p2|zskuxxz|169|1379
|gen|9
|tier|[Gen 9] OU
|rated|
|rule|HP Percentage Mod: HP is shown in percentages
|rule|Endless Battle Clause: Forcing endless battles is banned
|rule|Species Clause: Limit one of each Pokémon
|rule|OHKO Clause: OHKO moves are banned
|rule|Evasion Items Clause: Evasion items are banned
|rule|Evasion Moves Clause: Evasion moves are banned
|rule|Evasion Abilities Clause: Evasion abilities are banned
|rule|Sleep Moves Clause: Sleep-inducing moves are banned
|clearpoke
|poke|p1|Garchomp, M|
|poke|p1|Dragapult, F|
|poke|p1|Samurott-Hisui, M|
|poke|p1|Scizor, F|
|poke|p1|Gholdengo|
|poke|p1|Ting-Lu|
|poke|p2|Dragonite, F|
|poke|p2|Zamazenta-*|
|poke|p2|Landorus-Therian, M|
|poke|p2|Gholdengo|
|poke|p2|Darkrai|
|poke|p2|Hatterene, F|
|teampreview
|
|t:|1757867995
|teamsize|p1|6
|teamsize|p2|6
|start
|switch|p1a: Samurott|Samurott-Hisui, M, shiny|100/100
|switch|p2a: Landorus|Landorus-Therian, M|100/100
|-ability|p2a: Landorus|Intimidate|boost
|-unboost|p1a: Samurott|atk|1
|turn|1
|
|t:|1757868007
|move|p1a: Samurott|Razor Shell|p2a: Landorus
|-supereffective|p2a: Landorus
|-damage|p2a: Landorus|36/100
|-unboost|p2a: Landorus|def|1
|-damage|p1a: Samurott|84/100|[from] item: Rocky Helmet|[of] p2a: Landorus
|move|p2a: Landorus|U-turn|p1a: Samurott
|-supereffective|p1a: Samurott
|-damage|p1a: Samurott|29/100
|inactive|Battle timer is ON: inactive players will automatically lose when time's up. (requested by Buy my book azul)
|
|t:|1757868018
|switch|p2a: Zamazenta|Zamazenta|100/100|[from] U-turn
|-ability|p2a: Zamazenta|Dauntless Shield|boost
|-boost|p2a: Zamazenta|def|1
|
|upkeep
|turn|2
|
|t:|1757868027
|switch|p1a: Dragapult|Dragapult, F, shiny|100/100
|move|p2a: Zamazenta|Iron Defense|p2a: Zamazenta
|-boost|p2a: Zamazenta|def|2
|
|upkeep
|turn|3
|
|t:|1757868034
|switch|p2a: Hatterene|Hatterene, F|100/100
|move|p1a: Dragapult|U-turn|p2a: Hatterene
|-damage|p2a: Hatterene|76/100
|
|t:|1757868037
|switch|p1a: Scizor|Scizor, F|100/100|[from] U-turn
|
|upkeep
|turn|4
|
|t:|1757868044
|move|p1a: Scizor|Bullet Punch|p2a: Hatterene
|-supereffective|p2a: Hatterene
|-damage|p2a: Hatterene|0 fnt
|faint|p2a: Hatterene
|
|upkeep
|
|t:|1757868048
|switch|p2a: Landorus|Landorus-Therian, M|36/100
|-ability|p2a: Landorus|Intimidate|boost
|-unboost|p1a: Scizor|atk|1
|turn|5
|
|t:|1757868072
|move|p1a: Scizor|Bullet Punch|p2a: Landorus
|-damage|p2a: Landorus|6/100
|-damage|p1a: Scizor|84/100|[from] item: Rocky Helmet|[of] p2a: Landorus
|move|p2a: Landorus|Stealth Rock|p1a: Scizor
|-sidestart|p1: Buy my book azul|move: Stealth Rock
|
|upkeep
|turn|6
|
|t:|1757868096
|switch|p2a: Zamazenta|Zamazenta|100/100
|move|p1a: Scizor|Bullet Punch|p2a: Zamazenta
|-damage|p2a: Zamazenta|73/100
|
|-heal|p2a: Zamazenta|79/100|[from] item: Leftovers
|upkeep
|turn|7
|
|t:|1757868101
|switch|p1a: Dragapult|Dragapult, F, shiny|100/100
|move|p2a: Zamazenta|Crunch|p1a: Dragapult
|-supereffective|p1a: Dragapult
|-damage|p1a: Dragapult|47/100
|
|-heal|p2a: Zamazenta|85/100|[from] item: Leftovers
|upkeep
|turn|8
|
|t:|1757868107
|move|p1a: Dragapult|Will-O-Wisp|p2a: Zamazenta
|-status|p2a: Zamazenta|brn
|move|p2a: Zamazenta|Crunch|p1a: Dragapult
|-supereffective|p1a: Dragapult
|-damage|p1a: Dragapult|17/100
|-unboost|p1a: Dragapult|def|1
|
|-heal|p2a: Zamazenta|91/100 brn|[from] item: Leftovers
|-damage|p2a: Zamazenta|85/100 brn|[from] brn
|upkeep
|turn|9
|
|t:|1757868111
|move|p1a: Dragapult|Hex|p2a: Zamazenta
|-damage|p2a: Zamazenta|31/100 brn
|move|p2a: Zamazenta|Crunch|p1a: Dragapult
|-supereffective|p1a: Dragapult
|-crit|p1a: Dragapult
|-damage|p1a: Dragapult|0 fnt
|faint|p1a: Dragapult
|
|-heal|p2a: Zamazenta|38/100 brn|[from] item: Leftovers
|-damage|p2a: Zamazenta|31/100 brn|[from] brn
|upkeep
|
|t:|1757868126
|switch|p1a: Gholdengo|Gholdengo|100/100
|-damage|p1a: Gholdengo|94/100|[from] Stealth Rock
|-item|p1a: Gholdengo|Air Balloon
|turn|10
|
|t:|1757868143
|move|p2a: Zamazenta|Crunch|p1a: Gholdengo
|-supereffective|p1a: Gholdengo
|-damage|p1a: Gholdengo|71/100
|-unboost|p1a: Gholdengo|def|1
|-enditem|p1a: Gholdengo|Air Balloon
|move|p1a: Gholdengo|Shadow Ball|p2a: Zamazenta
|-damage|p2a: Zamazenta|0 fnt
|faint|p2a: Zamazenta
|
|upkeep
|
|t:|1757868153
|switch|p2a: Darkrai|Darkrai|100/100
|turn|11
|
|t:|1757868160
|switch|p1a: Samurott|Samurott-Hisui, M, shiny|29/100
|-damage|p1a: Samurott|16/100|[from] Stealth Rock
|move|p2a: Darkrai|Will-O-Wisp|p1a: Samurott
|-status|p1a: Samurott|brn
|
|-damage|p1a: Samurott|10/100 brn|[from] brn
|upkeep
|turn|12
|
|t:|1757868169
|move|p1a: Samurott|Aqua Jet|p2a: Darkrai
|-damage|p2a: Darkrai|90/100
|move|p2a: Darkrai|Dark Pulse|p1a: Samurott
|-resisted|p1a: Samurott
|-damage|p1a: Samurott|0 fnt
|faint|p1a: Samurott
|
|upkeep
|
|t:|1757868174
|switch|p1a: Ting-Lu|Ting-Lu|100/100
|-damage|p1a: Ting-Lu|94/100|[from] Stealth Rock
|-ability|p1a: Ting-Lu|Vessel of Ruin
|turn|13
|
|t:|1757868185
|move|p2a: Darkrai|Taunt|p1a: Ting-Lu
|-start|p1a: Ting-Lu|move: Taunt
|cant|p1a: Ting-Lu|move: Taunt|Stealth Rock
|
|-heal|p1a: Ting-Lu|100/100|[from] item: Leftovers
|upkeep
|turn|14
|
|t:|1757868188
|move|p2a: Darkrai|Will-O-Wisp|p1a: Ting-Lu
|-status|p1a: Ting-Lu|brn
|move|p1a: Ting-Lu|Ruination|p2a: Darkrai
|-damage|p2a: Darkrai|46/100
|
|-damage|p1a: Ting-Lu|94/100 brn|[from] brn
|upkeep
|turn|15
|
|t:|1757868207
|move|p2a: Darkrai|Ice Beam|p1a: Ting-Lu
|-supereffective|p1a: Ting-Lu
|-damage|p1a: Ting-Lu|68/100 brn
|move|p1a: Ting-Lu|Ruination|p2a: Darkrai
|-damage|p2a: Darkrai|23/100
|
|-heal|p1a: Ting-Lu|74/100 brn|[from] item: Leftovers
|-damage|p1a: Ting-Lu|68/100 brn|[from] brn
|-end|p1a: Ting-Lu|move: Taunt
|upkeep
|turn|16
|
|t:|1757868221
|switch|p2a: Landorus|Landorus-Therian, M|6/100
|-ability|p2a: Landorus|Intimidate|boost
|-unboost|p1a: Ting-Lu|atk|1
|move|p1a: Ting-Lu|Ruination|p2a: Landorus
|-damage|p2a: Landorus|3/100
|
|-heal|p1a: Ting-Lu|74/100 brn|[from] item: Leftovers
|-damage|p1a: Ting-Lu|68/100 brn|[from] brn
|upkeep
|turn|17
|
|t:|1757868224
|move|p2a: Landorus|U-turn|p1a: Ting-Lu
|-supereffective|p1a: Ting-Lu
|-damage|p1a: Ting-Lu|46/100 brn
|
|t:|1757868228
|switch|p2a: Dragonite|Dragonite, F|100/100|[from] U-turn
|move|p1a: Ting-Lu|Stealth Rock|p2a: Dragonite
|-sidestart|p2: zskuxxz|move: Stealth Rock
|
|-heal|p1a: Ting-Lu|52/100 brn|[from] item: Leftovers
|-damage|p1a: Ting-Lu|46/100 brn|[from] brn
|upkeep
|turn|18
|
|t:|1757868239
|move|p2a: Dragonite|Dragon Dance|p2a: Dragonite
|-boost|p2a: Dragonite|atk|1
|-boost|p2a: Dragonite|spe|1
|move|p1a: Ting-Lu|Whirlwind|p2a: Dragonite
|drag|p2a: Gholdengo|Gholdengo|100/100
|-damage|p2a: Gholdengo|94/100|[from] Stealth Rock
|
|-heal|p1a: Ting-Lu|52/100 brn|[from] item: Leftovers
|-damage|p1a: Ting-Lu|46/100 brn|[from] brn
|upkeep
|turn|19
|
|t:|1757868250
|move|p2a: Gholdengo|Make It Rain|p1a: Ting-Lu
|-damage|p1a: Ting-Lu|12/100 brn
|-unboost|p2a: Gholdengo|spa|1
|move|p1a: Ting-Lu|Earthquake|p2a: Gholdengo
|-supereffective|p2a: Gholdengo
|-damage|p2a: Gholdengo|70/100
|
|-heal|p1a: Ting-Lu|18/100 brn|[from] item: Leftovers
|-damage|p1a: Ting-Lu|12/100 brn|[from] brn
|upkeep
|turn|20
|
|t:|1757868258
|move|p2a: Gholdengo|Recover|p2a: Gholdengo
|-heal|p2a: Gholdengo|100/100
|move|p1a: Ting-Lu|Earthquake|p2a: Gholdengo
|-supereffective|p2a: Gholdengo
|-damage|p2a: Gholdengo|73/100
|
|-heal|p1a: Ting-Lu|18/100 brn|[from] item: Leftovers
|-damage|p1a: Ting-Lu|12/100 brn|[from] brn
|upkeep
|turn|21
|
|t:|1757868261
|move|p2a: Gholdengo|Nasty Plot|p2a: Gholdengo
|-boost|p2a: Gholdengo|spa|2
|move|p1a: Ting-Lu|Ruination|p2a: Gholdengo
|-damage|p2a: Gholdengo|37/100
|
|-heal|p1a: Ting-Lu|18/100 brn|[from] item: Leftovers
|-damage|p1a: Ting-Lu|12/100 brn|[from] brn
|upkeep
|turn|22
|
|t:|1757868263
|move|p2a: Gholdengo|Recover|p2a: Gholdengo
|-heal|p2a: Gholdengo|87/100
|move|p1a: Ting-Lu|Earthquake|p2a: Gholdengo
|-supereffective|p2a: Gholdengo
|-damage|p2a: Gholdengo|62/100
|
|-heal|p1a: Ting-Lu|18/100 brn|[from] item: Leftovers
|-damage|p1a: Ting-Lu|12/100 brn|[from] brn
|upkeep
|turn|23
|
|t:|1757868267
|move|p2a: Gholdengo|Recover|p2a: Gholdengo
|-heal|p2a: Gholdengo|100/100
|move|p1a: Ting-Lu|Whirlwind|p2a: Gholdengo
|-immune|p2a: Gholdengo|[from] ability: Good as Gold
|
|-heal|p1a: Ting-Lu|18/100 brn|[from] item: Leftovers
|-damage|p1a: Ting-Lu|12/100 brn|[from] brn
|upkeep
|turn|24
|
|t:|1757868277
|move|p2a: Gholdengo|Make It Rain|p1a: Ting-Lu
|-damage|p1a: Ting-Lu|0 fnt
|-unboost|p2a: Gholdengo|spa|1
|faint|p1a: Ting-Lu
|
|upkeep
|
|t:|1757868281
|switch|p1a: Scizor|Scizor, F|84/100
|-damage|p1a: Scizor|72/100|[from] Stealth Rock
|turn|25
|
|t:|1757868292
|switch|p2a: Landorus|Landorus-Therian, M|3/100
|-damage|p2a: Landorus|0 fnt|[from] Stealth Rock
|faint|p2a: Landorus
|move|p1a: Scizor|Knock Off|p2: Landorus|[notarget]
|-fail|p1a: Scizor
|
|upkeep
|
|t:|1757868303
|switch|p2a: Dragonite|Dragonite, F|100/100
|-damage|p2a: Dragonite|76/100|[from] Stealth Rock
|turn|26
|
|t:|1757868307
|move|p2a: Dragonite|Dragon Dance|p2a: Dragonite
|-boost|p2a: Dragonite|atk|1
|-boost|p2a: Dragonite|spe|1
|move|p1a: Scizor|Knock Off|p2a: Dragonite
|-damage|p2a: Dragonite|13/100
|-enditem|p2a: Dragonite|Lum Berry|[from] move: Knock Off|[of] p1a: Scizor
|
|upkeep
|turn|27
|
|t:|1757868327
|switch|p1a: Garchomp|Garchomp, M|100/100
|-damage|p1a: Garchomp|94/100|[from] Stealth Rock
|move|p2a: Dragonite|Extreme Speed|p1a: Garchomp
|-damage|p1a: Garchomp|55/100
|-damage|p2a: Dragonite|1/100|[from] ability: Rough Skin|[of] p1a: Garchomp
|
|upkeep
|turn|28
|
|t:|1757868336
|move|p2a: Dragonite|Earthquake|p1a: Garchomp
|-damage|p1a: Garchomp|1/100
|move|p1a: Garchomp|Swords Dance|p1a: Garchomp
|-boost|p1a: Garchomp|atk|2
|
|upkeep
|turn|29
|
|t:|1757868341
|move|p2a: Dragonite|Earthquake|p1a: Garchomp
|-damage|p1a: Garchomp|0 fnt
|faint|p1a: Garchomp
|
|upkeep
|
|t:|1757868343
|switch|p1a: Scizor|Scizor, F|72/100
|-damage|p1a: Scizor|60/100|[from] Stealth Rock
|turn|30
|
|t:|1757868355
|move|p2a: Dragonite|Extreme Speed|p1a: Scizor
|-resisted|p1a: Scizor
|-damage|p1a: Scizor|37/100
|move|p1a: Scizor|Bullet Punch|p2a: Dragonite
|-damage|p2a: Dragonite|0 fnt
|faint|p2a: Dragonite
|
|upkeep
|
|t:|1757868359
|switch|p2a: Gholdengo|Gholdengo|100/100
|-damage|p2a: Gholdengo|94/100|[from] Stealth Rock
|turn|31
|
|t:|1757868371
|-terastallize|p2a: Gholdengo|Steel
|move|p1a: Scizor|Bullet Punch|p2a: Gholdengo
|-resisted|p2a: Gholdengo
|-damage|p2a: Gholdengo|70/100
|move|p2a: Gholdengo|Make It Rain|p1a: Scizor
|-resisted|p1a: Scizor
|-damage|p1a: Scizor|0 fnt
|-unboost|p2a: Gholdengo|spa|1
|faint|p1a: Scizor
|
|upkeep
|
|t:|1757868377
|switch|p1a: Gholdengo|Gholdengo|71/100
|-damage|p1a: Gholdengo|65/100|[from] Stealth Rock
|turn|32
|
|t:|1757868383
|move|p1a: Gholdengo|Shadow Ball|p2a: Gholdengo
|-damage|p2a: Gholdengo|25/100
|move|p2a: Gholdengo|Nasty Plot|p2a: Gholdengo
|-boost|p2a: Gholdengo|spa|2
|
|upkeep
|turn|33
|
|t:|1757868388
|move|p1a: Gholdengo|Shadow Ball|p2a: Gholdengo
|-damage|p2a: Gholdengo|0 fnt
|faint|p2a: Gholdengo
|
|upkeep
|
|t:|1757868391
|switch|p2a: Darkrai|Darkrai|23/100
|turn|34
|
|t:|1757868397
|-terastallize|p1a: Gholdengo|Fairy
|move|p2a: Darkrai|Dark Pulse|p1a: Gholdengo
|-resisted|p1a: Gholdengo
|-damage|p1a: Gholdengo|43/100
|cant|p1a: Gholdengo|flinch
|
|upkeep
|turn|35
|
|t:|1757868405
|move|p2a: Darkrai|Ice Beam|p1a: Gholdengo
|-damage|p1a: Gholdengo|9/100
|move|p1a: Gholdengo|Make It Rain|p2a: Darkrai
|-damage|p2a: Darkrai|0 fnt
|-unboost|p1a: Gholdengo|spa|1
|faint|p2a: Darkrai
|
|win|Buy my book azul
|raw|Buy my book azul's rating: 1362 &rarr; <strong>1383</strong><br />(+21 for winning)
|raw|zskuxxz's rating: 1379 &rarr; <strong>1358</strong><br />(-21 for losing)
|l|☆zskuxxz
|player|p2|
