|j|☆ZeNiN_K1
|j|☆malarmar mango
|t:|1757958703
|gametype|singles
|player|p1|ZeNiN_K1|acetrainer-gen4|1177
|player|p2|malarmar mango|drayden|1165
|gen|9
|tier|[Gen 9] OU
|rated|
|rule|HP Percentage Mod: HP is shown in percentages
|rule|Endless Battle Clause: Forcing endless battles is banned
|rule|Species Clause: Limit one of each Pokémon
|rule|OHKO Clause: OHKO moves are banned
|rule|Evasion Items Clause: Evasion items are banned
|rule|Evasion Moves Clause: Evasion moves are banned
|rule|Evasion Abilities Clause: Evasion abilities are banned
|rule|Sleep Moves Clause: Sleep-inducing moves are banned
|clearpoke
|poke|p1|Zamazenta-*|
|poke|p1|Ninetales-Alola, M|
|poke|p1|Darkrai|
|poke|p1|Ceruledge, F|
|poke|p1|Gliscor, M|
|poke|p1|Hatterene, F|
|poke|p2|Malamar, M|
|poke|p2|Walking Wake|
|poke|p2|Iron Valiant|
|poke|p2|Great Tusk|
|poke|p2|Comfey, M|
|poke|p2|Ceruledge, F|
|teampreview
|
|t:|1757958745
|teamsize|p1|6
|teamsize|p2|6
|start
|switch|p1a: Darkrai|Darkrai|100/100
|switch|p2a: Ceruledge|Ceruledge, F, shiny|100/100
|turn|1
|inactive|Battle timer is ON: inactive players will automatically lose when time's up. (requested by ZeNiN_K1)
|
|t:|1757958756
|switch|p2a: Malamar|Malamar, M|100/100
|move|p1a: Darkrai|Dark Pulse|p2a: Malamar
|-damage|p2a: Malamar|41/100
|
|upkeep
|turn|2
|
|t:|1757958763
|move|p1a: Darkrai|Dark Pulse|p2a: Malamar
|-damage|p2a: Malamar|0 fnt
|faint|p2a: Malamar
|
|upkeep
|
|t:|1757958769
|switch|p2a: Comfey|Comfey, M|100/100
|turn|3
|
|t:|1757958775
|-terastallize|p1a: Darkrai|Poison
|move|p1a: Darkrai|Sludge Bomb|p2a: Comfey
|-supereffective|p2a: Comfey
|-damage|p2a: Comfey|0 fnt
|faint|p2a: Comfey
|
|upkeep
|
|t:|1757958797
|switch|p2a: Walking Wake|Walking Wake|100/100
|turn|4
|
|t:|1757958802
|-terastallize|p2a: Walking Wake|Steel
|move|p1a: Darkrai|Sludge Bomb|p2a: Walking Wake
|-immune|p2a: Walking Wake
|move|p2a: Walking Wake|Draco Meteor|p1a: Darkrai
|-damage|p1a: Darkrai|0 fnt
|-unboost|p2a: Walking Wake|spa|2
|faint|p1a: Darkrai
|
|upkeep
|
|t:|1757958812
|switch|p1a: Ninetales|Ninetales-Alola, M|100/100
|-weather|Snowscape|[from] ability: Snow Warning|[of] p1a: Ninetales
|turn|5
|
|t:|1757958815
|-end|p2a: Walking Wake|Protosynthesis|[silent]
|switch|p2a: Ceruledge|Ceruledge, F, shiny|100/100
|move|p1a: Ninetales|Aurora Veil|p1a: Ninetales
|-sidestart|p1: ZeNiN_K1|move: Aurora Veil
|
|-weather|Snowscape|[upkeep]
|upkeep
|turn|6
|
|t:|1757958826
|switch|p1a: Ceruledge|Ceruledge, F|100/100
|move|p2a: Ceruledge|Swords Dance|p2a: Ceruledge
|-boost|p2a: Ceruledge|atk|2
|
|-weather|Snowscape|[upkeep]
|upkeep
|turn|7
|
|t:|1757958832
|move|p2a: Ceruledge|Poltergeist|p1a: Ceruledge
|-activate|p1a: Ceruledge|move: Poltergeist|Covert Cloak
|-supereffective|p1a: Ceruledge
|-damage|p1a: Ceruledge|0 fnt
|faint|p1a: Ceruledge
|
|-weather|Snowscape|[upkeep]
|upkeep
|
|t:|1757958840
|switch|p1a: Zamazenta|Zamazenta|100/100
|-ability|p1a: Zamazenta|Dauntless Shield|boost
|-boost|p1a: Zamazenta|def|1
|turn|8
|
|t:|1757958845
|switch|p2a: Great Tusk|Great Tusk|100/100
|move|p1a: Zamazenta|Iron Defense|p1a: Zamazenta
|-boost|p1a: Zamazenta|def|2
|
|-weather|Snowscape|[upkeep]
|upkeep
|turn|9
|
|t:|1757958859
|switch|p1a: Hatterene|Hatterene, F|100/100
|-end|p2a: Great Tusk|Protosynthesis|[silent]
|switch|p2a: Ceruledge|Ceruledge, F, shiny|100/100
|
|-weather|none
|upkeep
|turn|10
|
|t:|1757958863
|move|p2a: Ceruledge|Poltergeist|p1a: Hatterene
|-activate|p1a: Hatterene|move: Poltergeist|Assault Vest
|-supereffective|p1a: Hatterene
|-damage|p1a: Hatterene|34/100
|move|p1a: Hatterene|Nuzzle|p2a: Ceruledge
|-damage|p2a: Ceruledge|96/100
|-status|p2a: Ceruledge|par
|-ability|p2a: Ceruledge|Weak Armor|boost
|-unboost|p2a: Ceruledge|def|1
|-boost|p2a: Ceruledge|spe|2
|
|upkeep
|turn|11
|
|t:|1757958879
|switch|p1a: Ninetales|Ninetales-Alola, M|100/100
|-weather|Snowscape|[from] ability: Snow Warning|[of] p1a: Ninetales
|cant|p2a: Ceruledge|par
|
|-weather|Snowscape|[upkeep]
|upkeep
|turn|12
|
|t:|1757958886
|switch|p1a: Zamazenta|Zamazenta|100/100
|cant|p2a: Ceruledge|par
|
|-weather|Snowscape|[upkeep]
|-sideend|p1: ZeNiN_K1|move: Aurora Veil
|upkeep
|turn|13
|
|t:|1757958892
|move|p1a: Zamazenta|Crunch|p2a: Ceruledge
|-supereffective|p2a: Ceruledge
|-damage|p2a: Ceruledge|0 fnt
|faint|p2a: Ceruledge
|
|-weather|Snowscape|[upkeep]
|upkeep
|
|t:|1757958907
|switch|p2a: Iron Valiant|Iron Valiant|100/100
|-enditem|p2a: Iron Valiant|Booster Energy
|-activate|p2a: Iron Valiant|ability: Quark Drive|[fromitem]
|-start|p2a: Iron Valiant|quarkdrivespe
|turn|14
|
|t:|1757958926
|switch|p1a: Hatterene|Hatterene, F|34/100
|move|p2a: Iron Valiant|Calm Mind|p2a: Iron Valiant
|-boost|p2a: Iron Valiant|spa|1
|-boost|p2a: Iron Valiant|spd|1
|
|-weather|Snowscape|[upkeep]
|upkeep
|turn|15
|
|t:|1757958932
|move|p2a: Iron Valiant|Moonblast|p1a: Hatterene
|-damage|p1a: Hatterene|0 fnt
|faint|p1a: Hatterene
|
|-weather|none
|upkeep
|
|t:|1757958936
|switch|p1a: Ninetales|Ninetales-Alola, M|100/100
|-weather|Snowscape|[from] ability: Snow Warning|[of] p1a: Ninetales
|turn|16
|
|t:|1757958945
|move|p2a: Iron Valiant|Focus Blast|p1a: Ninetales|[miss]
|-miss|p2a: Iron Valiant|p1a: Ninetales
|move|p1a: Ninetales|Aurora Veil|p1a: Ninetales
|-sidestart|p1: ZeNiN_K1|move: Aurora Veil
|
|-weather|Snowscape|[upkeep]
|upkeep
|turn|17
|c|☆malarmar mango|ofc
|
|t:|1757958953
|move|p2a: Iron Valiant|Calm Mind|p2a: Iron Valiant
|-boost|p2a: Iron Valiant|spa|1
|-boost|p2a: Iron Valiant|spd|1
|move|p1a: Ninetales|Roar|p2a: Iron Valiant
|-end|p2a: Iron Valiant|Quark Drive|[silent]
|drag|p2a: Walking Wake|Walking Wake, tera:Steel|100/100
|
|-weather|Snowscape|[upkeep]
|upkeep
|turn|18
|
|t:|1757958970
|move|p2a: Walking Wake|Tera Blast|p1a: Ninetales|[anim] Tera Blast Steel
|-supereffective|p1a: Ninetales
|-damage|p1a: Ninetales|0 fnt
|faint|p1a: Ninetales
|
|-weather|Snowscape|[upkeep]
|upkeep
|
|t:|1757958973
|switch|p1a: Gliscor|Gliscor, M|100/100
|turn|19
|
|t:|1757958998
|-end|p2a: Walking Wake|Protosynthesis|[silent]
|switch|p2a: Great Tusk|Great Tusk|100/100
|move|p1a: Gliscor|Agility|p1a: Gliscor
|-boost|p1a: Gliscor|spe|2
|
|-weather|Snowscape|[upkeep]
|-status|p1a: Gliscor|tox|[from] item: Toxic Orb
|upkeep
|turn|20
|inactive|malarmar mango has 120 seconds left.
|
|t:|1757959017
|switch|p1a: Zamazenta|Zamazenta|100/100
|move|p2a: Great Tusk|Close Combat|p1a: Zamazenta
|-damage|p1a: Zamazenta|72/100
|-unboost|p2a: Great Tusk|def|1
|-unboost|p2a: Great Tusk|spd|1
|
|-weather|none
|upkeep
|turn|21
|inactive|malarmar mango has 120 seconds left.
|
|t:|1757959028
|move|p1a: Zamazenta|Iron Defense|p1a: Zamazenta
|-boost|p1a: Zamazenta|def|2
|move|p2a: Great Tusk|Stealth Rock|p1a: Zamazenta
|-sidestart|p1: ZeNiN_K1|move: Stealth Rock
|
|upkeep
|turn|22
|
|t:|1757959033
|move|p1a: Zamazenta|Body Press|p2a: Great Tusk
|-damage|p2a: Great Tusk|32/100
|-damage|p1a: Zamazenta|55/100|[from] item: Rocky Helmet|[of] p2a: Great Tusk
|move|p2a: Great Tusk|Close Combat|p1a: Zamazenta
|-damage|p1a: Zamazenta|40/100
|-unboost|p2a: Great Tusk|def|1
|-unboost|p2a: Great Tusk|spd|1
|
|upkeep
|turn|23
|
|t:|1757959049
|move|p1a: Zamazenta|Rest|p1a: Zamazenta
|-status|p1a: Zamazenta|slp|[from] move: Rest
|-heal|p1a: Zamazenta|100/100 slp|[silent]
|-enditem|p1a: Zamazenta|Chesto Berry|[eat]
|-curestatus|p1a: Zamazenta|slp|[msg]
|move|p2a: Great Tusk|Close Combat|p1a: Zamazenta
|-damage|p1a: Zamazenta|85/100
|-unboost|p2a: Great Tusk|def|1
|-unboost|p2a: Great Tusk|spd|1
|
|-sideend|p1: ZeNiN_K1|move: Aurora Veil
|upkeep
|turn|24
|
|t:|1757959062
|move|p1a: Zamazenta|Body Press|p2a: Great Tusk
|-damage|p2a: Great Tusk|0 fnt
|-damage|p1a: Zamazenta|69/100|[from] item: Rocky Helmet|[of] p2a: Great Tusk
|faint|p2a: Great Tusk
|-end|p2a: Great Tusk|Protosynthesis|[silent]
|
|upkeep
|
|t:|1757959072
|switch|p2a: Iron Valiant|Iron Valiant|100/100
|turn|25
|
|t:|1757959075
|move|p1a: Zamazenta|Body Press|p2a: Iron Valiant
|-resisted|p2a: Iron Valiant
|-damage|p2a: Iron Valiant|57/100
|move|p2a: Iron Valiant|Moonblast|p1a: Zamazenta
|-supereffective|p1a: Zamazenta
|-damage|p1a: Zamazenta|0 fnt
|faint|p1a: Zamazenta
|
|upkeep
|
|t:|1757959081
|switch|p1a: Gliscor|Gliscor, M|100/100 tox
|-damage|p1a: Gliscor|88/100 tox|[from] Stealth Rock
|turn|26
|
|t:|1757959107
|-end|p2a: Iron Valiant|Quark Drive|[silent]
|switch|p2a: Walking Wake|Walking Wake, tera:Steel|100/100
|move|p1a: Gliscor|Agility|p1a: Gliscor
|-boost|p1a: Gliscor|spe|2
|
|-heal|p1a: Gliscor|100/100 tox|[from] ability: Poison Heal
|upkeep
|turn|27
|
|t:|1757959110
|move|p1a: Gliscor|Earthquake|p2a: Walking Wake
|-supereffective|p2a: Walking Wake
|-damage|p2a: Walking Wake|26/100
|move|p2a: Walking Wake|Hydro Steam|p1a: Gliscor
|-supereffective|p1a: Gliscor
|-damage|p1a: Gliscor|0 fnt
|faint|p1a: Gliscor
|
|win|malarmar mango
|raw|ZeNiN_K1's rating: 1177 &rarr; <strong>1151</strong><br />(-26 for losing)
|raw|malarmar mango's rating: 1165 &rarr; <strong>1191</strong><br />(+26 for winning)
|l|☆malarmar mango
|player|p2|
