|j|☆Maligno09
|j|☆lbdrinkingpower
|t:|1757860787
|gametype|singles
|player|p1|Maligno09|giovanni|1273
|player|p2|lbdrinkingpower|acetrainercouple|1232
|gen|9
|tier|[Gen 9] OU
|rated|
|rule|HP Percentage Mod: HP is shown in percentages
|rule|Endless Battle Clause: Forcing endless battles is banned
|rule|Species Clause: Limit one of each Pokémon
|rule|OHKO Clause: OHKO moves are banned
|rule|Evasion Items Clause: Evasion items are banned
|rule|Evasion Moves Clause: Evasion moves are banned
|rule|Evasion Abilities Clause: Evasion abilities are banned
|rule|Sleep Moves Clause: Sleep-inducing moves are banned
|clearpoke
|poke|p1|Cinderace, M|
|poke|p1|Pecharunt|
|poke|p1|Landorus-Therian, M|
|poke|p1|Hydreigon, M|
|poke|p1|Skarmory, M|
|poke|p1|Comfey, F|
|poke|p2|Gliscor, F|
|poke|p2|Corviknight, M|
|poke|p2|Weezing-Galar, M|
|poke|p2|Alomomola, M|
|poke|p2|Zamazenta-*|
|poke|p2|Ditto|
|teampreview
|inactive|Battle timer is ON: inactive players will automatically lose when time's up. (requested by Maligno09)
|
|t:|1757860808
|teamsize|p1|6
|teamsize|p2|6
|start
|switch|p1a: Cinderace|Cinderace, M, shiny|100/100
|switch|p2a: Gliscor|Gliscor, F|100/100
|turn|1
|
|t:|1757860814
|move|p2a: Gliscor|Protect|p2a: Gliscor
|-singleturn|p2a: Gliscor|Protect
|move|p1a: Cinderace|U-turn|p2a: Gliscor
|-start|p1a: Cinderace|typechange|Bug|[from] ability: Libero
|-activate|p2a: Gliscor|move: Protect
|
|-status|p2a: Gliscor|tox|[from] item: Toxic Orb
|upkeep
|turn|2
|
|t:|1757860821
|move|p1a: Cinderace|U-turn|p2a: Gliscor
|-resisted|p2a: Gliscor
|-damage|p2a: Gliscor|87/100 tox
|
|t:|1757860832
|switch|p1a: Pecharunt|Pecharunt|100/100|[from] U-turn
|-item|p1a: Pecharunt|Air Balloon
|move|p2a: Gliscor|Earthquake|p1a: Pecharunt
|-immune|p1a: Pecharunt
|
|-heal|p2a: Gliscor|99/100 tox|[from] ability: Poison Heal
|upkeep
|turn|3
|
|t:|1757860842
|switch|p2a: Corviknight|Corviknight, M|100/100
|-ability|p2a: Corviknight|Pressure
|move|p1a: Pecharunt|Hex|p2a: Corviknight
|-damage|p2a: Corviknight|80/100
|
|upkeep
|turn|4
|
|t:|1757860858
|move|p1a: Pecharunt|Parting Shot|p2a: Corviknight
|-unboost|p2a: Corviknight|atk|1
|-unboost|p2a: Corviknight|spa|1
|
|t:|1757860867
|switch|p1a: Hydreigon|Hydreigon, M|100/100|[from] Parting Shot
|move|p2a: Corviknight|U-turn|p1a: Hydreigon
|-supereffective|p1a: Hydreigon
|-crit|p1a: Hydreigon
|-damage|p1a: Hydreigon|48/100
|
|t:|1757860874
|switch|p2a: Zamazenta|Zamazenta|100/100|[from] U-turn
|-ability|p2a: Zamazenta|Dauntless Shield|boost
|-boost|p2a: Zamazenta|def|1
|
|-heal|p1a: Hydreigon|54/100|[from] item: Leftovers
|upkeep
|turn|5
|
|t:|1757860885
|switch|p1a: Pecharunt|Pecharunt|100/100
|-item|p1a: Pecharunt|Air Balloon
|move|p2a: Zamazenta|Crunch|p1a: Pecharunt
|-supereffective|p1a: Pecharunt
|-damage|p1a: Pecharunt|57/100
|-enditem|p1a: Pecharunt|Air Balloon
|
|upkeep
|turn|6
|
|t:|1757860896
|switch|p2a: Corviknight|Corviknight, M|80/100
|-ability|p2a: Corviknight|Pressure
|move|p1a: Pecharunt|Recover|p1a: Pecharunt
|-heal|p1a: Pecharunt|100/100
|
|upkeep
|turn|7
|
|t:|1757860903
|move|p1a: Pecharunt|Parting Shot|p2a: Corviknight
|-unboost|p2a: Corviknight|atk|1
|-unboost|p2a: Corviknight|spa|1
|
|t:|1757860908
|switch|p1a: Skarmory|Skarmory, M|100/100|[from] Parting Shot
|move|p2a: Corviknight|U-turn|p1a: Skarmory
|-resisted|p1a: Skarmory
|-damage|p1a: Skarmory|99/100
|-damage|p2a: Corviknight|63/100|[from] item: Rocky Helmet|[of] p1a: Skarmory
|
|t:|1757860918
|switch|p2a: Weezing|Weezing-Galar, M|100/100|[from] U-turn
|-ability|p2a: Weezing|Neutralizing Gas
|
|upkeep
|turn|8
|
|t:|1757860927
|switch|p1a: Hydreigon|Hydreigon, M|54/100
|move|p2a: Weezing|Will-O-Wisp|p1a: Hydreigon
|-status|p1a: Hydreigon|brn
|
|-heal|p1a: Hydreigon|60/100 brn|[from] item: Leftovers
|-damage|p1a: Hydreigon|54/100 brn|[from] brn
|upkeep
|turn|9
|
|t:|1757860951
|-end|p2a: Weezing|ability: Neutralizing Gas
|switch|p2a: Alomomola|Alomomola, M|100/100
|move|p1a: Hydreigon|Substitute|p1a: Hydreigon
|-start|p1a: Hydreigon|Substitute
|-damage|p1a: Hydreigon|29/100 brn
|
|-heal|p1a: Hydreigon|35/100 brn|[from] item: Leftovers
|-damage|p1a: Hydreigon|29/100 brn|[from] brn
|upkeep
|turn|10
|
|t:|1757860962
|move|p1a: Hydreigon|Nasty Plot|p1a: Hydreigon
|-boost|p1a: Hydreigon|spa|2
|move|p2a: Alomomola|Body Slam|p1a: Hydreigon
|-activate|p1a: Hydreigon|move: Substitute|[damage]
|
|-heal|p1a: Hydreigon|35/100 brn|[from] item: Leftovers
|-damage|p1a: Hydreigon|29/100 brn|[from] brn
|upkeep
|turn|11
|
|t:|1757860972
|move|p1a: Hydreigon|Nasty Plot|p1a: Hydreigon
|-boost|p1a: Hydreigon|spa|2
|move|p2a: Alomomola|Body Slam|p1a: Hydreigon
|-end|p1a: Hydreigon|Substitute
|
|-heal|p1a: Hydreigon|35/100 brn|[from] item: Leftovers
|-damage|p1a: Hydreigon|29/100 brn|[from] brn
|upkeep
|turn|12
|
|t:|1757860980
|move|p1a: Hydreigon|Substitute|p1a: Hydreigon
|-start|p1a: Hydreigon|Substitute
|-damage|p1a: Hydreigon|4/100 brn
|move|p2a: Alomomola|Body Slam|p1a: Hydreigon
|-activate|p1a: Hydreigon|move: Substitute|[damage]
|
|-heal|p1a: Hydreigon|10/100 brn|[from] item: Leftovers
|-damage|p1a: Hydreigon|4/100 brn|[from] brn
|upkeep
|turn|13
|
|t:|1757860988
|move|p1a: Hydreigon|Draco Meteor|p2a: Alomomola
|-crit|p2a: Alomomola
|-damage|p2a: Alomomola|0 fnt
|-unboost|p1a: Hydreigon|spa|2
|faint|p2a: Alomomola
|
|-heal|p1a: Hydreigon|10/100 brn|[from] item: Leftovers
|-damage|p1a: Hydreigon|4/100 brn|[from] brn
|upkeep
|
|t:|1757860997
|switch|p2a: Corviknight|Corviknight, M|63/100
|-ability|p2a: Corviknight|Pressure
|turn|14
|
|t:|1757861002
|move|p1a: Hydreigon|Draco Meteor|p2a: Corviknight
|-resisted|p2a: Corviknight
|-damage|p2a: Corviknight|0 fnt
|-unboost|p1a: Hydreigon|spa|2
|faint|p2a: Corviknight
|
|-heal|p1a: Hydreigon|10/100 brn|[from] item: Leftovers
|-damage|p1a: Hydreigon|4/100 brn|[from] brn
|upkeep
|
|t:|1757861008
|switch|p2a: Zamazenta|Zamazenta|100/100
|turn|15
|
|t:|1757861015
|move|p2a: Zamazenta|Crunch|p1a: Hydreigon
|-resisted|p1a: Hydreigon
|-end|p1a: Hydreigon|Substitute
|move|p1a: Hydreigon|Draco Meteor|p2a: Zamazenta
|-damage|p2a: Zamazenta|35/100
|-unboost|p1a: Hydreigon|spa|2
|
|-heal|p1a: Hydreigon|10/100 brn|[from] item: Leftovers
|-damage|p1a: Hydreigon|4/100 brn|[from] brn
|upkeep
|turn|16
|
|t:|1757861025
|move|p2a: Zamazenta|Crunch|p1a: Hydreigon
|-resisted|p1a: Hydreigon
|-damage|p1a: Hydreigon|0 fnt
|faint|p1a: Hydreigon
|
|upkeep
|
|t:|1757861040
|switch|p1a: Pecharunt|Pecharunt|100/100
|turn|17
|
|t:|1757861044
|switch|p2a: Weezing|Weezing-Galar, M|100/100
|-ability|p2a: Weezing|Neutralizing Gas
|move|p1a: Pecharunt|Malignant Chain|p2a: Weezing
|-damage|p2a: Weezing|59/100
|
|upkeep
|turn|18
|
|t:|1757861055
|-end|p2a: Weezing|ability: Neutralizing Gas
|switch|p2a: Gliscor|Gliscor, F|99/100 tox
|move|p1a: Pecharunt|Parting Shot|p2a: Gliscor
|-unboost|p2a: Gliscor|atk|1
|-unboost|p2a: Gliscor|spa|1
|
|t:|1757861081
|switch|p1a: Skarmory|Skarmory, M|99/100|[from] Parting Shot
|
|-heal|p2a: Gliscor|100/100 tox|[from] ability: Poison Heal
|upkeep
|turn|19
|
|t:|1757861086
|switch|p2a: Weezing|Weezing-Galar, M|59/100
|-ability|p2a: Weezing|Neutralizing Gas
|move|p1a: Skarmory|Iron Defense|p1a: Skarmory
|-boost|p1a: Skarmory|def|2
|
|upkeep
|turn|20
|
|t:|1757861095
|move|p1a: Skarmory|Stealth Rock|p2a: Weezing
|-sidestart|p2: lbdrinkingpower|move: Stealth Rock
|move|p2a: Weezing|Pain Split|p1a: Skarmory
|-sethp|p1a: Skarmory|79/100|[from] move: Pain Split|[silent]
|-sethp|p2a: Weezing|79/100|[from] move: Pain Split
|
|upkeep
|turn|21
|
|t:|1757861106
|switch|p1a: Pecharunt|Pecharunt|100/100
|move|p2a: Weezing|Will-O-Wisp|p1a: Pecharunt
|-status|p1a: Pecharunt|brn
|
|-damage|p1a: Pecharunt|94/100 brn|[from] brn
|upkeep
|turn|22
|
|t:|1757861114
|-end|p2a: Weezing|ability: Neutralizing Gas
|switch|p2a: Gliscor|Gliscor, F|100/100 tox
|-damage|p2a: Gliscor|88/100 tox|[from] Stealth Rock
|move|p1a: Pecharunt|Malignant Chain|p2a: Gliscor
|-resisted|p2a: Gliscor
|-damage|p2a: Gliscor|75/100 tox
|
|-heal|p2a: Gliscor|87/100 tox|[from] ability: Poison Heal
|-damage|p1a: Pecharunt|88/100 brn|[from] brn
|upkeep
|turn|23
|
|t:|1757861124
|move|p1a: Pecharunt|Parting Shot|p2a: Gliscor
|-unboost|p2a: Gliscor|atk|1
|-unboost|p2a: Gliscor|spa|1
|
|t:|1757861131
|switch|p1a: Cinderace|Cinderace, M, shiny|100/100|[from] Parting Shot
|move|p2a: Gliscor|Facade|p1a: Cinderace
|-damage|p1a: Cinderace|70/100
|
|-heal|p2a: Gliscor|99/100 tox|[from] ability: Poison Heal
|upkeep
|turn|24
|
|t:|1757861140
|move|p1a: Cinderace|Pyro Ball|p2a: Gliscor
|-damage|p2a: Gliscor|55/100 tox
|move|p2a: Gliscor|Earthquake|p1a: Cinderace
|-supereffective|p1a: Cinderace
|-crit|p1a: Cinderace
|-damage|p1a: Cinderace|0 fnt
|faint|p1a: Cinderace
|
|-heal|p2a: Gliscor|67/100 tox|[from] ability: Poison Heal
|upkeep
|
|t:|1757861152
|switch|p1a: Comfey|Comfey, F, shiny|100/100
|turn|25
|
|t:|1757861158
|switch|p2a: Weezing|Weezing-Galar, M|79/100
|-ability|p2a: Weezing|Neutralizing Gas
|move|p1a: Comfey|Calm Mind|p1a: Comfey
|-boost|p1a: Comfey|spa|1
|-boost|p1a: Comfey|spd|1
|
|upkeep
|turn|26
|
|t:|1757861169
|move|p1a: Comfey|Calm Mind|p1a: Comfey
|-boost|p1a: Comfey|spa|1
|-boost|p1a: Comfey|spd|1
|move|p2a: Weezing|Sludge Bomb|p1a: Comfey
|-supereffective|p1a: Comfey
|-damage|p1a: Comfey|73/100
|
|upkeep
|turn|27
|
|t:|1757861184
|-terastallize|p1a: Comfey|Ground
|move|p1a: Comfey|Tera Blast|p2a: Weezing|[anim] Tera Blast Ground
|-supereffective|p2a: Weezing
|-damage|p2a: Weezing|0 fnt
|faint|p2a: Weezing
|-end|p2a: Weezing|ability: Neutralizing Gas
|-damage|p1a: Comfey|63/100|[from] item: Life Orb
|
|upkeep
|
|t:|1757861194
|switch|p2a: Zamazenta|Zamazenta|35/100
|-damage|p2a: Zamazenta|29/100|[from] Stealth Rock
|turn|28
|
|t:|1757861198
|-terastallize|p2a: Zamazenta|Steel
|move|p1a: Comfey|Draining Kiss|p2a: Zamazenta
|-resisted|p2a: Zamazenta
|-damage|p2a: Zamazenta|4/100
|-heal|p1a: Comfey|84/100|[from] drain|[of] p2a: Zamazenta
|-damage|p1a: Comfey|74/100|[from] item: Life Orb
|move|p2a: Zamazenta|Close Combat|p1a: Comfey
|-damage|p1a: Comfey|0 fnt
|-unboost|p2a: Zamazenta|def|1
|-unboost|p2a: Zamazenta|spd|1
|faint|p1a: Comfey
|
|upkeep
|
|t:|1757861215
|switch|p1a: Pecharunt|Pecharunt|88/100 brn
|turn|29
|
|t:|1757861218
|move|p2a: Zamazenta|Close Combat|p1a: Pecharunt
|-immune|p1a: Pecharunt
|move|p1a: Pecharunt|Hex|p2a: Zamazenta
|-damage|p2a: Zamazenta|0 fnt
|faint|p2a: Zamazenta
|
|-damage|p1a: Pecharunt|82/100 brn|[from] brn
|upkeep
|
|t:|1757861221
|switch|p2a: Gliscor|Gliscor, F|67/100 tox
|-damage|p2a: Gliscor|55/100 tox|[from] Stealth Rock
|turn|30
|
|t:|1757861232
|move|p1a: Pecharunt|Hex|p2a: Gliscor
|-damage|p2a: Gliscor|18/100 tox
|move|p2a: Gliscor|Earthquake|p1a: Pecharunt
|-supereffective|p1a: Pecharunt
|-damage|p1a: Pecharunt|42/100 brn
|
|-heal|p2a: Gliscor|31/100 tox|[from] ability: Poison Heal
|-damage|p1a: Pecharunt|36/100 brn|[from] brn
|upkeep
|turn|31
|
|t:|1757861243
|move|p2a: Gliscor|Protect|p2a: Gliscor
|-singleturn|p2a: Gliscor|Protect
|move|p1a: Pecharunt|Recover|p1a: Pecharunt
|-heal|p1a: Pecharunt|86/100 brn
|
|-heal|p2a: Gliscor|43/100 tox|[from] ability: Poison Heal
|-damage|p1a: Pecharunt|80/100 brn|[from] brn
|upkeep
|turn|32
|
|t:|1757861251
|move|p1a: Pecharunt|Hex|p2a: Gliscor
|-damage|p2a: Gliscor|9/100 tox
|move|p2a: Gliscor|Earthquake|p1a: Pecharunt
|-supereffective|p1a: Pecharunt
|-damage|p1a: Pecharunt|44/100 brn
|
|-heal|p2a: Gliscor|21/100 tox|[from] ability: Poison Heal
|-damage|p1a: Pecharunt|38/100 brn|[from] brn
|upkeep
|turn|33
|
|t:|1757861259
|move|p2a: Gliscor|Protect|p2a: Gliscor
|-singleturn|p2a: Gliscor|Protect
|move|p1a: Pecharunt|Recover|p1a: Pecharunt
|-heal|p1a: Pecharunt|88/100 brn
|
|-heal|p2a: Gliscor|34/100 tox|[from] ability: Poison Heal
|-damage|p1a: Pecharunt|82/100 brn|[from] brn
|upkeep
|turn|34
|
|t:|1757861267
|move|p2a: Gliscor|Protect||[still]
|-fail|p2a: Gliscor
|move|p1a: Pecharunt|Hex|p2a: Gliscor
|-damage|p2a: Gliscor|0 fnt
|faint|p2a: Gliscor
|
|-damage|p1a: Pecharunt|76/100 brn|[from] brn
|upkeep
|
|t:|1757861269
|switch|p2a: Ditto|Ditto|100/100
|-damage|p2a: Ditto|88/100|[from] Stealth Rock
|-transform|p2a: Ditto|p1a: Pecharunt|[from] ability: Imposter
|turn|35
|
|t:|1757861285
|move|p2a: Ditto|Hex|p1a: Pecharunt
|-supereffective|p1a: Pecharunt
|-damage|p1a: Pecharunt|0 fnt
|faint|p1a: Pecharunt
|
|upkeep
|
|t:|1757861290
|switch|p1a: Landorus|Landorus-Therian, M|100/100
|-ability|p1a: Landorus|Intimidate|boost
|-unboost|p2a: Ditto|atk|1
|turn|36
|
|t:|1757861294
|move|p1a: Landorus|Earthquake|p2a: Ditto
|-supereffective|p2a: Ditto
|-damage|p2a: Ditto|9/100
|move|p2a: Ditto|Hex|p1a: Landorus
|-damage|p1a: Landorus|74/100
|
|upkeep
|turn|37
|-message|lbdrinkingpower forfeited.
|
|win|Maligno09
|raw|Maligno09's rating: 1273 &rarr; <strong>1295</strong><br />(+22 for winning)
|raw|lbdrinkingpower's rating: 1232 &rarr; <strong>1210</strong><br />(-22 for losing)
|l|☆lbdrinkingpower
|player|p2|
