|j|☆Nyksytin
|j|☆spreadcrosser
|t:|1757866537
|gametype|singles
|player|p1|Nyksytin|swimmer-gen4dp|1344
|player|p2|spreadcrosser|101|1382
|gen|9
|tier|[Gen 9] OU
|rated|
|rule|HP Percentage Mod: HP is shown in percentages
|rule|Endless Battle Clause: Forcing endless battles is banned
|rule|Species Clause: Limit one of each Pokémon
|rule|OHKO Clause: OHKO moves are banned
|rule|Evasion Items Clause: Evasion items are banned
|rule|Evasion Moves Clause: Evasion moves are banned
|rule|Evasion Abilities Clause: Evasion abilities are banned
|rule|Sleep Moves Clause: Sleep-inducing moves are banned
|clearpoke
|poke|p1|Moltres-Galar|
|poke|p1|Pecharunt|
|poke|p1|Kingambit, F|
|poke|p1|Torkoal, F|
|poke|p1|Lilligant-Hisui, F|
|poke|p1|Walking Wake|
|poke|p2|Serperior, M|
|poke|p2|Kingambit, M|
|poke|p2|Excadrill, F|
|poke|p2|Iron Hands|
|poke|p2|Ceruledge, M|
|poke|p2|Raging Bolt|
|teampreview
|inactive|Battle timer is ON: inactive players will automatically lose when time's up. (requested by Nyksytin)
|
|t:|1757866554
|teamsize|p1|6
|teamsize|p2|6
|start
|switch|p1a: Torkoal|Torkoal, F|100/100
|switch|p2a: Iron Hands|Iron Hands|100/100
|-weather|SunnyDay|[from] ability: Drought|[of] p1a: Torkoal
|-enditem|p2a: Iron Hands|Booster Energy
|-activate|p2a: Iron Hands|ability: Quark Drive|[fromitem]
|-start|p2a: Iron Hands|quarkdriveatk
|turn|1
|
|t:|1757866572
|move|p2a: Iron Hands|Earthquake|p1a: Torkoal
|-supereffective|p1a: Torkoal
|-damage|p1a: Torkoal|21/100
|move|p1a: Torkoal|Will-O-Wisp|p2a: Iron Hands
|-status|p2a: Iron Hands|brn
|
|-weather|SunnyDay|[upkeep]
|-damage|p2a: Iron Hands|94/100 brn|[from] brn
|upkeep
|turn|2
|
|t:|1757866578
|switch|p1a: Pecharunt|Pecharunt|100/100
|move|p2a: Iron Hands|Swords Dance|p2a: Iron Hands
|-boost|p2a: Iron Hands|atk|2
|
|-weather|SunnyDay|[upkeep]
|-damage|p2a: Iron Hands|88/100 brn|[from] brn
|upkeep
|turn|3
|
|t:|1757866585
|move|p2a: Iron Hands|Earthquake|p1a: Pecharunt
|-supereffective|p1a: Pecharunt
|-damage|p1a: Pecharunt|53/100
|move|p1a: Pecharunt|Parting Shot|p2a: Iron Hands
|-unboost|p2a: Iron Hands|atk|1
|-unboost|p2a: Iron Hands|spa|1
|
|t:|1757866599
|switch|p1a: Walking Wake|Walking Wake|100/100|[from] Parting Shot
|-activate|p1a: Walking Wake|ability: Protosynthesis
|-start|p1a: Walking Wake|protosynthesisspe
|
|-weather|SunnyDay|[upkeep]
|-damage|p2a: Iron Hands|82/100 brn|[from] brn
|upkeep
|turn|4
|c|☆spreadcrosser|Chunked
|
|t:|1757866607
|move|p1a: Walking Wake|Hydro Steam|p2a: Iron Hands
|-damage|p2a: Iron Hands|19/100 brn
|move|p2a: Iron Hands|Supercell Slam|p1a: Walking Wake
|-damage|p1a: Walking Wake|37/100
|
|-weather|SunnyDay|[upkeep]
|-damage|p2a: Iron Hands|12/100 brn|[from] brn
|upkeep
|turn|5
|
|t:|1757866626
|-end|p2a: Iron Hands|Quark Drive|[silent]
|switch|p2a: Raging Bolt|Raging Bolt|100/100
|-activate|p2a: Raging Bolt|ability: Protosynthesis
|-start|p2a: Raging Bolt|protosynthesisspa
|move|p1a: Walking Wake|Flip Turn|p2a: Raging Bolt
|-resisted|p2a: Raging Bolt
|-damage|p2a: Raging Bolt|97/100
|
|t:|1757866634
|-end|p1a: Walking Wake|Protosynthesis|[silent]
|switch|p1a: Moltres|Moltres-Galar|100/100|[from] Flip Turn
|
|-weather|SunnyDay|[upkeep]
|-heal|p2a: Raging Bolt|100/100|[from] item: Leftovers
|upkeep
|turn|6
|
|t:|1757866644
|move|p1a: Moltres|Taunt|p2a: Raging Bolt
|-start|p2a: Raging Bolt|move: Taunt
|cant|p2a: Raging Bolt|move: Taunt|Calm Mind
|
|-weather|SunnyDay|[upkeep]
|upkeep
|turn|7
|
|t:|1757866662
|move|p1a: Moltres|U-turn|p2a: Raging Bolt
|-damage|p2a: Raging Bolt|91/100
|
|t:|1757866668
|switch|p1a: Kingambit|Kingambit, F|100/100|[from] U-turn
|-item|p1a: Kingambit|Air Balloon
|move|p2a: Raging Bolt|Thunderbolt|p1a: Kingambit
|-damage|p1a: Kingambit|35/100
|-enditem|p1a: Kingambit|Air Balloon
|
|-weather|SunnyDay|[upkeep]
|-heal|p2a: Raging Bolt|97/100|[from] item: Leftovers
|upkeep
|turn|8
|
|t:|1757866681
|move|p1a: Kingambit|Sucker Punch|p2a: Raging Bolt
|-damage|p2a: Raging Bolt|63/100
|move|p2a: Raging Bolt|Thunderbolt|p1a: Kingambit
|-damage|p1a: Kingambit|0 fnt
|faint|p1a: Kingambit
|
|-weather|none
|-end|p2a: Raging Bolt|Protosynthesis
|-heal|p2a: Raging Bolt|69/100|[from] item: Leftovers
|-end|p2a: Raging Bolt|move: Taunt
|upkeep
|
|t:|1757866686
|switch|p1a: Torkoal|Torkoal, F|21/100
|-weather|SunnyDay|[from] ability: Drought|[of] p1a: Torkoal
|-activate|p2a: Raging Bolt|ability: Protosynthesis
|-start|p2a: Raging Bolt|protosynthesisspa
|turn|9
|
|t:|1757866696
|move|p2a: Raging Bolt|Thunderbolt|p1a: Torkoal
|-damage|p1a: Torkoal|0 fnt
|faint|p1a: Torkoal
|
|-weather|SunnyDay|[upkeep]
|-heal|p2a: Raging Bolt|75/100|[from] item: Leftovers
|upkeep
|
|t:|1757866699
|switch|p1a: Lilligant|Lilligant-Hisui, F|100/100
|turn|10
|
|t:|1757866707
|-terastallize|p2a: Raging Bolt|Fairy
|move|p1a: Lilligant|Swords Dance|p1a: Lilligant
|-boost|p1a: Lilligant|atk|2
|move|p2a: Raging Bolt|Calm Mind|p2a: Raging Bolt
|-boost|p2a: Raging Bolt|spa|1
|-boost|p2a: Raging Bolt|spd|1
|
|-weather|SunnyDay|[upkeep]
|-heal|p2a: Raging Bolt|82/100|[from] item: Leftovers
|upkeep
|turn|11
|
|t:|1757866716
|move|p2a: Raging Bolt|Thunderclap|p1a: Lilligant
|-resisted|p1a: Lilligant
|-damage|p1a: Lilligant|41/100
|move|p1a: Lilligant|Solar Blade||[still]
|-prepare|p1a: Lilligant|Solar Blade
|-anim|p1a: Lilligant|Solar Blade|p2a: Raging Bolt
|-damage|p2a: Raging Bolt|0 fnt
|faint|p2a: Raging Bolt
|-end|p2a: Raging Bolt|Protosynthesis|[silent]
|-damage|p1a: Lilligant|31/100|[from] item: Life Orb
|
|-weather|SunnyDay|[upkeep]
|upkeep
|
|t:|1757866732
|switch|p2a: Ceruledge|Ceruledge, M|100/100
|turn|12
|
|t:|1757866736
|move|p1a: Lilligant|Solar Blade||[still]
|-prepare|p1a: Lilligant|Solar Blade
|-anim|p1a: Lilligant|Solar Blade|p2a: Ceruledge
|-resisted|p2a: Ceruledge
|-enditem|p2a: Ceruledge|Focus Sash
|-damage|p2a: Ceruledge|1/100
|-ability|p2a: Ceruledge|Weak Armor|boost
|-unboost|p2a: Ceruledge|def|1
|-boost|p2a: Ceruledge|spe|2
|-damage|p1a: Lilligant|21/100|[from] item: Life Orb
|move|p2a: Ceruledge|Swords Dance|p2a: Ceruledge
|-boost|p2a: Ceruledge|atk|2
|
|-weather|SunnyDay|[upkeep]
|upkeep
|turn|13
|
|t:|1757866762
|switch|p1a: Pecharunt|Pecharunt|53/100
|move|p2a: Ceruledge|Shadow Sneak|p1a: Pecharunt
|-supereffective|p1a: Pecharunt
|-damage|p1a: Pecharunt|17/100
|
|-weather|SunnyDay|[upkeep]
|-heal|p1a: Pecharunt|23/100|[from] item: Leftovers
|upkeep
|turn|14
|
|t:|1757866777
|move|p1a: Pecharunt|Protect|p1a: Pecharunt
|-singleturn|p1a: Pecharunt|Protect
|move|p2a: Ceruledge|Bitter Blade|p1a: Pecharunt
|-activate|p1a: Pecharunt|move: Protect
|
|-weather|SunnyDay|[upkeep]
|-heal|p1a: Pecharunt|29/100|[from] item: Leftovers
|upkeep
|turn|15
|inactive|spreadcrosser has 120 seconds left.
|
|t:|1757866799
|move|p2a: Ceruledge|Bitter Blade|p1a: Pecharunt
|-damage|p1a: Pecharunt|0 fnt
|-heal|p2a: Ceruledge|20/100|[from] drain|[of] p1a: Pecharunt
|faint|p1a: Pecharunt
|
|-weather|SunnyDay|[upkeep]
|upkeep
|-message|Nyksytin forfeited.
|
|win|spreadcrosser
|raw|Nyksytin's rating: 1344 &rarr; <strong>1326</strong><br />(-18 for losing)
|raw|spreadcrosser's rating: 1382 &rarr; <strong>1400</strong><br />(+18 for winning)
|l|☆Nyksytin
|player|p1|
