|j|☆rolnado
|j|☆LovingsApprentice
|t:|1757951291
|gametype|singles
|player|p1|rolnado|bugcatcher-gen4dp|1275
|player|p2|LovingsApprentice|170|1292
|gen|9
|tier|[Gen 9] OU
|rated|
|rule|HP Percentage Mod: HP is shown in percentages
|rule|Endless Battle Clause: Forcing endless battles is banned
|rule|Species Clause: Limit one of each Pokémon
|rule|OHKO Clause: OHKO moves are banned
|rule|Evasion Items Clause: Evasion items are banned
|rule|Evasion Moves Clause: Evasion moves are banned
|rule|Evasion Abilities Clause: Evasion abilities are banned
|rule|Sleep Moves Clause: Sleep-inducing moves are banned
|clearpoke
|poke|p1|Iron Hands|
|poke|p1|Gholdengo|
|poke|p1|Ting-Lu|
|poke|p1|Moltres|
|poke|p1|Walking Wake|
|poke|p1|Dragonite, F|
|poke|p2|Lokix, F|
|poke|p2|Cinderace, M|
|poke|p2|Great Tusk|
|poke|p2|Alomomola, M|
|poke|p2|Enamorus, F|
|poke|p2|Slowking-Galar, M|
|teampreview
|
|t:|1757951328
|teamsize|p1|6
|teamsize|p2|6
|start
|switch|p1a: Moltres|Moltres|100/100
|switch|p2a: Lokix|Lokix, F|100/100
|turn|1
|
|t:|1757951363
|switch|p2a: Alomomola|Alomomola, M|100/100
|move|p1a: Moltres|U-turn|p2a: Alomomola
|-damage|p2a: Alomomola|90/100
|
|t:|1757951408
|switch|p1a: Iron Hands|Iron Hands, shiny|100/100|[from] U-turn
|-enditem|p1a: Iron Hands|Booster Energy
|-activate|p1a: Iron Hands|ability: Quark Drive|[fromitem]
|-start|p1a: Iron Hands|quarkdriveatk
|
|upkeep
|turn|2
|
|t:|1757951429
|switch|p2a: Great Tusk|Great Tusk|100/100
|move|p1a: Iron Hands|Ice Punch|p2a: Great Tusk
|-supereffective|p2a: Great Tusk
|-damage|p2a: Great Tusk|65/100
|
|-heal|p2a: Great Tusk|72/100|[from] item: Leftovers
|upkeep
|turn|3
|
|t:|1757951444
|-end|p1a: Iron Hands|Quark Drive|[silent]
|switch|p1a: Moltres|Moltres|100/100
|move|p2a: Great Tusk|Earthquake|p1a: Moltres
|-immune|p1a: Moltres
|
|-heal|p2a: Great Tusk|78/100|[from] item: Leftovers
|upkeep
|turn|4
|
|t:|1757951466
|-end|p2a: Great Tusk|Protosynthesis|[silent]
|switch|p2a: Slowking|Slowking-Galar, M|100/100
|move|p1a: Moltres|Air Slash|p2a: Slowking
|-damage|p2a: Slowking|67/100
|
|upkeep
|turn|5
|
|t:|1757951475
|move|p1a: Moltres|Air Slash|p2a: Slowking
|-damage|p2a: Slowking|37/100
|move|p2a: Slowking|Future Sight|p1a: Moltres
|-start|p2a: Slowking|move: Future Sight
|
|upkeep
|turn|6
|
|t:|1757951481
|switch|p2a: Alomomola|Alomomola, M|100/100
|move|p1a: Moltres|U-turn|p2a: Alomomola
|-damage|p2a: Alomomola|90/100
|
|t:|1757951485
|switch|p1a: Ting-Lu|Ting-Lu|100/100|[from] U-turn
|-ability|p1a: Ting-Lu|Vessel of Ruin
|
|upkeep
|turn|7
|
|t:|1757951494
|move|p1a: Ting-Lu|Ruination|p2a: Alomomola
|-damage|p2a: Alomomola|45/100
|move|p2a: Alomomola|Body Slam|p1a: Ting-Lu
|-damage|p1a: Ting-Lu|94/100
|-damage|p2a: Alomomola|29/100|[from] item: Rocky Helmet|[of] p1a: Ting-Lu
|
|-end|p1a: Ting-Lu|move: Future Sight
|-immune|p1a: Ting-Lu
|upkeep
|turn|8
|
|t:|1757951510
|switch|p2a: Enamorus|Enamorus, F|100/100
|move|p1a: Ting-Lu|Ruination|p2a: Enamorus
|-damage|p2a: Enamorus|51/100
|
|upkeep
|turn|9
|
|t:|1757951517
|switch|p1a: Moltres|Moltres|100/100
|move|p2a: Enamorus|Moonblast|p1a: Moltres
|-resisted|p1a: Moltres
|-damage|p1a: Moltres|74/100
|-unboost|p1a: Moltres|spa|1
|
|upkeep
|turn|10
|
|t:|1757951543
|switch|p2a: Slowking|Slowking-Galar, M|70/100
|move|p1a: Moltres|U-turn|p2a: Slowking
|-damage|p2a: Slowking|59/100
|
|t:|1757951546
|switch|p1a: Dragonite|Dragonite, F|100/100|[from] U-turn
|
|upkeep
|turn|11
|
|t:|1757951553
|move|p1a: Dragonite|Earthquake|p2a: Slowking
|-supereffective|p2a: Slowking
|-enditem|p2a: Slowking|Shuca Berry|[eat]
|-enditem|p2a: Slowking|Shuca Berry|[weaken]
|-damage|p2a: Slowking|20/100
|move|p2a: Slowking|Future Sight|p1a: Dragonite
|-start|p2a: Slowking|move: Future Sight
|
|upkeep
|turn|12
|
|t:|1757951568
|switch|p1a: Ting-Lu|Ting-Lu|94/100
|-ability|p1a: Ting-Lu|Vessel of Ruin
|switch|p2a: Enamorus|Enamorus, F|51/100
|
|upkeep
|turn|13
|
|t:|1757951617
|switch|p1a: Moltres|Moltres|74/100
|move|p2a: Enamorus|Moonblast|p1a: Moltres
|-resisted|p1a: Moltres
|-damage|p1a: Moltres|48/100
|
|-end|p1a: Moltres|move: Future Sight
|-damage|p1a: Moltres|0 fnt
|faint|p1a: Moltres
|upkeep
|
|t:|1757951632
|switch|p1a: Dragonite|Dragonite, F|100/100
|turn|14
|
|t:|1757951657
|switch|p2a: Slowking|Slowking-Galar, M|53/100
|move|p1a: Dragonite|Extreme Speed|p2a: Slowking
|-damage|p2a: Slowking|18/100
|
|upkeep
|turn|15
|
|t:|1757951686
|move|p1a: Dragonite|Extreme Speed|p2a: Slowking
|-crit|p2a: Slowking
|-damage|p2a: Slowking|0 fnt
|faint|p2a: Slowking
|
|upkeep
|
|t:|1757951692
|switch|p2a: Alomomola|Alomomola, M|62/100
|turn|16
|
|t:|1757951724
|switch|p1a: Gholdengo|Gholdengo|100/100
|-item|p1a: Gholdengo|Air Balloon
|move|p2a: Alomomola|Flip Turn|p1a: Gholdengo
|-damage|p1a: Gholdengo|80/100
|-enditem|p1a: Gholdengo|Air Balloon
|
|t:|1757951740
|switch|p2a: Cinderace|Cinderace, M|100/100|[from] Flip Turn
|
|upkeep
|turn|17
|inactive|Battle timer is ON: inactive players will automatically lose when time's up. (requested by LovingsApprentice)
|
|t:|1757951768
|switch|p1a: Walking Wake|Walking Wake|100/100
|move|p2a: Cinderace|U-turn|p1a: Walking Wake
|-damage|p1a: Walking Wake|81/100
|
|t:|1757951781
|switch|p2a: Enamorus|Enamorus, F|51/100|[from] U-turn
|
|upkeep
|turn|18
|
|t:|1757951808
|-end|p1a: Walking Wake|Protosynthesis|[silent]
|switch|p1a: Gholdengo|Gholdengo|80/100
|-terastallize|p2a: Enamorus|Stellar
|move|p2a: Enamorus|Moonblast|p1a: Gholdengo
|-resisted|p1a: Gholdengo
|-damage|p1a: Gholdengo|37/100
|-unboost|p1a: Gholdengo|spa|1
|
|upkeep
|turn|19
|
|t:|1757951821
|switch|p2a: Great Tusk|Great Tusk|78/100
|move|p1a: Gholdengo|Make It Rain|p2a: Great Tusk
|-damage|p2a: Great Tusk|20/100
|-unboost|p1a: Gholdengo|spa|1
|
|-heal|p2a: Great Tusk|27/100|[from] item: Leftovers
|upkeep
|turn|20
|inactive|rolnado has 120 seconds left.
|
|t:|1757951848
|switch|p1a: Dragonite|Dragonite, F|100/100
|move|p2a: Great Tusk|Knock Off|p1a: Dragonite
|-damage|p1a: Dragonite|71/100
|-enditem|p1a: Dragonite|Choice Band|[from] move: Knock Off|[of] p2a: Great Tusk
|
|-heal|p2a: Great Tusk|33/100|[from] item: Leftovers
|upkeep
|turn|21
|inactive|rolnado has 120 seconds left.
|
|t:|1757951864
|-end|p2a: Great Tusk|Protosynthesis|[silent]
|switch|p2a: Alomomola|Alomomola, M|95/100
|move|p1a: Dragonite|Iron Head|p2a: Alomomola
|-resisted|p2a: Alomomola
|-damage|p2a: Alomomola|84/100
|
|upkeep
|turn|22
|-message|rolnado forfeited.
|
|win|LovingsApprentice
|raw|rolnado's rating: 1275 &rarr; <strong>1251</strong><br />(-24 for losing)
|raw|LovingsApprentice's rating: 1292 &rarr; <strong>1316</strong><br />(+24 for winning)
|l|☆rolnado
|player|p1|
