|j|☆Jliges23
|j|☆sakuya 2hu
|t:|1757964333
|gametype|singles
|player|p1|Jliges23|101|1096
|player|p2|sakuya 2hu|bianca-pwt|1037
|gen|9
|tier|[Gen 9] OU
|rated|
|rule|HP Percentage Mod: HP is shown in percentages
|rule|Endless Battle Clause: Forcing endless battles is banned
|rule|Species Clause: Limit one of each Pokémon
|rule|OHKO Clause: OHKO moves are banned
|rule|Evasion Items Clause: Evasion items are banned
|rule|Evasion Moves Clause: Evasion moves are banned
|rule|Evasion Abilities Clause: Evasion abilities are banned
|rule|Sleep Moves Clause: Sleep-inducing moves are banned
|clearpoke
|poke|p1|Jolteon, F|
|poke|p1|Torterra, M|
|poke|p1|Staraptor, M|
|poke|p1|Swampert, M|
|poke|p1|Milotic, F|
|poke|p1|Feraligatr, M|
|poke|p2|Poliwrath, F|
|poke|p2|Tyranitar, M|
|poke|p2|Sceptile, M|
|poke|p2|Electrode|
|poke|p2|Latios, M|
|poke|p2|Excadrill, F|
|teampreview
|c|☆sakuya 2hu|based team
|
|t:|1757964352
|teamsize|p1|6
|teamsize|p2|6
|start
|switch|p1a: Raptor|Staraptor, M|100/100
|switch|p2a: mayano top gun|Latios, M|100/100
|-ability|p1a: Raptor|Intimidate|boost
|-unboost|p2a: mayano top gun|atk|1
|turn|1
|
|t:|1757964366
|move|p2a: mayano top gun|Ice Beam|p1a: Raptor
|-supereffective|p1a: Raptor
|-damage|p1a: Raptor|5/100
|move|p1a: Raptor|U-turn|p2a: mayano top gun
|-supereffective|p2a: mayano top gun
|-damage|p2a: mayano top gun|0 fnt
|faint|p2a: mayano top gun
|
|t:|1757964378
|switch|p1a: Joelle|Jolteon, F|100/100|[from] U-turn
|
|upkeep
|
|t:|1757964385
|switch|p2a: blue ball|Electrode, shiny|100/100
|turn|2
|
|t:|1757964396
|-terastallize|p2a: blue ball|Normal
|move|p2a: blue ball|Hyper Beam|p1a: Joelle
|-damage|p1a: Joelle|0 fnt
|-mustrecharge|p2a: blue ball
|faint|p1a: Joelle
|
|upkeep
|
|t:|1757964405
|switch|p1a: Turtle|Torterra, M|100/100
|turn|3
|
|t:|1757964413
|cant|p2a: blue ball|recharge
|move|p1a: Turtle|Shell Smash|p1a: Turtle
|-unboost|p1a: Turtle|def|1
|-unboost|p1a: Turtle|spd|1
|-boost|p1a: Turtle|atk|2
|-boost|p1a: Turtle|spa|2
|-boost|p1a: Turtle|spe|2
|
|upkeep
|turn|4
|
|t:|1757964430
|-terastallize|p1a: Turtle|Rock
|move|p1a: Turtle|Shell Smash|p1a: Turtle
|-unboost|p1a: Turtle|def|1
|-unboost|p1a: Turtle|spd|1
|-boost|p1a: Turtle|atk|2
|-boost|p1a: Turtle|spa|2
|-boost|p1a: Turtle|spe|2
|move|p2a: blue ball|Hyper Beam|p1a: Turtle
|-resisted|p1a: Turtle
|-damage|p1a: Turtle|0 fnt
|-mustrecharge|p2a: blue ball
|faint|p1a: Turtle
|
|upkeep
|
|t:|1757964448
|switch|p1a: Kip|Swampert, M|100/100
|turn|5
|
|t:|1757964454
|cant|p2a: blue ball|recharge
|move|p1a: Kip|Earthquake|p2a: blue ball
|-damage|p2a: blue ball|23/100
|
|upkeep
|turn|6
|
|t:|1757964461
|move|p2a: blue ball|Hyper Beam|p1a: Kip
|-damage|p1a: Kip|31/100
|-mustrecharge|p2a: blue ball
|move|p1a: Kip|Earthquake|p2a: blue ball
|-damage|p2a: blue ball|0 fnt
|faint|p2a: blue ball
|
|-heal|p1a: Kip|37/100|[from] item: Leftovers
|upkeep
|
|t:|1757964468
|switch|p2a: Gex|Sceptile, M|100/100
|turn|7
|-message|Jliges23 forfeited.
|
|win|sakuya 2hu
|raw|Jliges23's rating: 1096 &rarr; <strong>1067</strong><br />(-29 for losing)
|raw|sakuya 2hu's rating: 1037 &rarr; <strong>1077</strong><br />(+40 for winning)
|l|☆Jliges23
|player|p1|
