|j|☆wadesfargo
|j|☆lpdfwfwfw
|t:|1757832079
|gametype|singles
|player|p1|wadesfargo|janitor|1098
|player|p2|lpdfwfwfw|elesa|1097
|gen|9
|tier|[Gen 9] OU
|rated|
|rule|HP Percentage Mod: HP is shown in percentages
|rule|Endless Battle Clause: Forcing endless battles is banned
|rule|Species Clause: Limit one of each Pokémon
|rule|OHKO Clause: OHKO moves are banned
|rule|Evasion Items Clause: Evasion items are banned
|rule|Evasion Moves Clause: Evasion moves are banned
|rule|Evasion Abilities Clause: Evasion abilities are banned
|rule|Sleep Moves Clause: Sleep-inducing moves are banned
|clearpoke
|poke|p1|Diancie|
|poke|p1|Slowbro, M|
|poke|p1|Primeape, F|
|poke|p1|Porygon-Z|
|poke|p1|Cinderace, M|
|poke|p1|Goodra-Hisui, F|
|poke|p2|Kingambit, F|
|poke|p2|Dragonite, F|
|poke|p2|Iron Moth|
|poke|p2|Great Tusk|
|poke|p2|Ogerpon-Wellspring, F|
|poke|p2|Raging Bolt|
|teampreview
|inactive|Battle timer is ON: inactive players will automatically lose when time's up. (requested by lpdfwfwfw)
|
|t:|1757832097
|teamsize|p1|6
|teamsize|p2|6
|start
|switch|p1a: Porygon-Z|Porygon-Z|100/100
|switch|p2a: Ogerpon|Ogerpon-Wellspring, F|100/100
|-ability|p1a: Porygon-Z|Download|boost
|-boost|p1a: Porygon-Z|atk|1
|turn|1
|
|t:|1757832113
|move|p2a: Ogerpon|Swords Dance|p2a: Ogerpon
|-boost|p2a: Ogerpon|atk|2
|move|p1a: Porygon-Z|Dark Pulse|p2a: Ogerpon
|-damage|p2a: Ogerpon|47/100
|
|upkeep
|turn|2
|
|t:|1757832121
|move|p2a: Ogerpon|Ivy Cudgel|p1a: Porygon-Z|[anim] Ivy Cudgel Water
|-damage|p1a: Porygon-Z|0 fnt
|faint|p1a: Porygon-Z
|
|upkeep
|
|t:|1757832127
|switch|p1a: Cinderace|Cinderace, M|100/100
|turn|3
|
|t:|1757832132
|move|p1a: Cinderace|U-turn|p2a: Ogerpon
|-start|p1a: Cinderace|typechange|Bug|[from] ability: Libero
|-supereffective|p2a: Ogerpon
|-crit|p2a: Ogerpon
|-damage|p2a: Ogerpon|0 fnt
|faint|p2a: Ogerpon
|
|t:|1757832141
|switch|p1a: Diancie|Diancie, shiny|100/100|[from] U-turn
|
|upkeep
|
|t:|1757832156
|switch|p2a: Dragonite|Dragonite, F|100/100
|turn|4
|
|t:|1757832163
|move|p2a: Dragonite|Earthquake|p1a: Diancie
|-supereffective|p1a: Diancie
|-damage|p1a: Diancie|40/100
|move|p1a: Diancie|Trick Room|p1a: Diancie
|-fieldstart|move: Trick Room|[of] p1a: Diancie
|
|upkeep
|turn|5
|
|t:|1757832170
|-terastallize|p2a: Dragonite|Normal
|move|p2a: Dragonite|Extreme Speed|p1a: Diancie
|-resisted|p1a: Diancie
|-damage|p1a: Diancie|22/100
|move|p1a: Diancie|Meteor Beam||[still]
|-prepare|p1a: Diancie|Meteor Beam
|-boost|p1a: Diancie|spa|1
|-enditem|p1a: Diancie|Power Herb
|-anim|p1a: Diancie|Meteor Beam|p2a: Dragonite
|-damage|p2a: Dragonite|65/100
|
|upkeep
|turn|6
|
|t:|1757832185
|move|p2a: Dragonite|Extreme Speed|p1a: Diancie
|-resisted|p1a: Diancie
|-damage|p1a: Diancie|5/100
|move|p1a: Diancie|Moonblast|p2a: Dragonite
|-damage|p2a: Dragonite|3/100
|
|upkeep
|turn|7
|
|t:|1757832194
|switch|p1a: Goodra|Goodra-Hisui, F|100/100
|move|p2a: Dragonite|Extreme Speed|p1a: Goodra
|-resisted|p1a: Goodra
|-damage|p1a: Goodra|85/100
|-damage|p2a: Dragonite|0 fnt|[from] item: Rocky Helmet|[of] p1a: Goodra
|faint|p2a: Dragonite
|
|upkeep
|
|t:|1757832206
|switch|p2a: Iron Moth|Iron Moth|100/100
|-enditem|p2a: Iron Moth|Booster Energy
|-activate|p2a: Iron Moth|ability: Quark Drive|[fromitem]
|-start|p2a: Iron Moth|quarkdrivespe
|turn|8
|
|t:|1757832216
|move|p1a: Goodra|Acid Armor|p1a: Goodra
|-boost|p1a: Goodra|def|2
|move|p2a: Iron Moth|Fiery Dance|p1a: Goodra
|-damage|p1a: Goodra|60/100
|-boost|p2a: Iron Moth|spa|1
|
|-fieldend|move: Trick Room
|upkeep
|turn|9
|
|t:|1757832226
|move|p2a: Iron Moth|Fiery Dance|p1a: Goodra
|-damage|p1a: Goodra|23/100
|move|p1a: Goodra|Gyro Ball|p2a: Iron Moth
|-resisted|p2a: Iron Moth
|-damage|p2a: Iron Moth|77/100
|
|upkeep
|turn|10
|
|t:|1757832236
|switch|p1a: Slowbro|Slowbro, M|100/100
|move|p2a: Iron Moth|Fiery Dance|p1a: Slowbro
|-resisted|p1a: Slowbro
|-damage|p1a: Slowbro|70/100
|-boost|p2a: Iron Moth|spa|1
|
|-heal|p1a: Slowbro|76/100|[from] item: Leftovers
|upkeep
|turn|11
|
|t:|1757832256
|move|p2a: Iron Moth|U-turn|p1a: Slowbro
|-supereffective|p1a: Slowbro
|-damage|p1a: Slowbro|58/100
|
|t:|1757832261
|-end|p2a: Iron Moth|Quark Drive|[silent]
|switch|p2a: Raging Bolt|Raging Bolt|100/100|[from] U-turn
|-enditem|p2a: Raging Bolt|Booster Energy
|-activate|p2a: Raging Bolt|ability: Protosynthesis|[fromitem]
|-start|p2a: Raging Bolt|protosynthesisspa
|move|p1a: Slowbro|Trick Room|p1a: Slowbro
|-fieldstart|move: Trick Room|[of] p1a: Slowbro
|
|-heal|p1a: Slowbro|64/100|[from] item: Leftovers
|upkeep
|turn|12
|
|t:|1757832283
|move|p2a: Raging Bolt|Thunderclap|p1a: Slowbro
|-supereffective|p1a: Slowbro
|-damage|p1a: Slowbro|0 fnt
|faint|p1a: Slowbro
|
|upkeep
|
|t:|1757832290
|switch|p1a: Diancie|Diancie, shiny|5/100
|turn|13
|c|☆lpdfwfwfw|hello
|
|t:|1757832300
|move|p2a: Raging Bolt|Thunderclap|p1a: Diancie
|-damage|p1a: Diancie|0 fnt
|faint|p1a: Diancie
|
|upkeep
|c|☆wadesfargo|hi
|
|t:|1757832306
|switch|p1a: Primeape|Primeape, F|100/100
|turn|14
|c|☆lpdfwfwfw|where are you from bro
|c|☆wadesfargo|alaska u?
|
|t:|1757832324
|move|p2a: Raging Bolt|Thunderclap||[still]
|-fail|p2a: Raging Bolt
|move|p1a: Primeape|Bulk Up|p1a: Primeape
|-boost|p1a: Primeape|atk|1
|-boost|p1a: Primeape|def|1
|
|upkeep
|turn|15
|
|t:|1757832333
|move|p2a: Raging Bolt|Thunderclap||[still]
|-fail|p2a: Raging Bolt
|move|p1a: Primeape|Taunt|p2a: Raging Bolt
|-start|p2a: Raging Bolt|move: Taunt
|
|-fieldend|move: Trick Room
|upkeep
|turn|16
|
|t:|1757832343
|move|p1a: Primeape|Bulk Up|p1a: Primeape
|-boost|p1a: Primeape|atk|1
|-boost|p1a: Primeape|def|1
|move|p2a: Raging Bolt|Thunderbolt|p1a: Primeape
|-damage|p1a: Primeape|40/100
|
|upkeep
|turn|17
|c|☆lpdfwfwfw|China
|
|t:|1757832357
|move|p2a: Raging Bolt|Thunderclap|p1a: Primeape
|-damage|p1a: Primeape|0 fnt
|faint|p1a: Primeape
|
|upkeep
|c|☆wadesfargo|nice
|
|t:|1757832364
|switch|p1a: Goodra|Goodra-Hisui, F|23/100
|turn|18
|c|☆wadesfargo|i got nothing for this guy haha
|
|t:|1757832375
|move|p2a: Raging Bolt|Thunderclap|p1a: Goodra
|-resisted|p1a: Goodra
|-damage|p1a: Goodra|5/100
|move|p1a: Goodra|Dragon Tail|p2a: Raging Bolt
|-supereffective|p2a: Raging Bolt
|-damage|p2a: Raging Bolt|69/100
|-end|p2a: Raging Bolt|Protosynthesis|[silent]
|drag|p2a: Great Tusk|Great Tusk|100/100
|-enditem|p2a: Great Tusk|Booster Energy
|-activate|p2a: Great Tusk|ability: Protosynthesis|[fromitem]
|-start|p2a: Great Tusk|protosynthesisatk
|
|upkeep
|turn|19
|
|t:|1757832388
|move|p2a: Great Tusk|Headlong Rush|p1a: Goodra
|-supereffective|p1a: Goodra
|-damage|p1a: Goodra|0 fnt
|-unboost|p2a: Great Tusk|def|1
|-unboost|p2a: Great Tusk|spd|1
|-damage|p2a: Great Tusk|84/100|[from] item: Rocky Helmet|[of] p1a: Goodra
|faint|p1a: Goodra
|
|upkeep
|
|t:|1757832395
|switch|p1a: Cinderace|Cinderace, M|100/100
|turn|20
|c|☆lpdfwfwfw|😀
|
|t:|1757832419
|move|p1a: Cinderace|Trailblaze|p2a: Great Tusk
|-start|p1a: Cinderace|typechange|Grass|[from] ability: Libero
|-supereffective|p2a: Great Tusk
|-damage|p2a: Great Tusk|33/100
|-boost|p1a: Cinderace|spe|1
|move|p2a: Great Tusk|Headlong Rush|p1a: Cinderace
|-resisted|p1a: Cinderace
|-damage|p1a: Cinderace|39/100
|-unboost|p2a: Great Tusk|def|1
|-unboost|p2a: Great Tusk|spd|1
|
|upkeep
|turn|21
|
|t:|1757832434
|move|p1a: Cinderace|Trailblaze|p2a: Great Tusk
|-supereffective|p2a: Great Tusk
|-damage|p2a: Great Tusk|0 fnt
|-boost|p1a: Cinderace|spe|1
|faint|p2a: Great Tusk
|-end|p2a: Great Tusk|Protosynthesis|[silent]
|
|upkeep
|inactive|lpdfwfwfw has 120 seconds left.
|
|t:|1757832451
|switch|p2a: Raging Bolt|Raging Bolt|69/100
|turn|22
|
|t:|1757832460
|move|p1a: Cinderace|Court Change||[still]
|-fail|p1a: Cinderace
|move|p2a: Raging Bolt|Draco Meteor|p1a: Cinderace
|-damage|p1a: Cinderace|0 fnt
|-unboost|p2a: Raging Bolt|spa|2
|faint|p1a: Cinderace
|
|win|lpdfwfwfw
|raw|wadesfargo's rating: 1098 &rarr; <strong>1073</strong><br />(-25 for losing)
|raw|lpdfwfwfw's rating: 1097 &rarr; <strong>1123</strong><br />(+26 for winning)
|l|☆wadesfargo
|player|p1|
|l|☆lpdfwfwfw
|player|p2|
