|j|☆vartholomeus
|j|☆KaiZX49
|t:|1757910297
|gametype|singles
|player|p1|vartholomeus|ruinmaniac|1263
|player|p2|KaiZX49|youngster|1272
|gen|9
|tier|[Gen 9] OU
|rated|
|rule|HP Percentage Mod: HP is shown in percentages
|rule|Endless Battle Clause: Forcing endless battles is banned
|rule|Species Clause: Limit one of each Pokémon
|rule|OHKO Clause: OHKO moves are banned
|rule|Evasion Items Clause: Evasion items are banned
|rule|Evasion Moves Clause: Evasion moves are banned
|rule|Evasion Abilities Clause: Evasion abilities are banned
|rule|Sleep Moves Clause: Sleep-inducing moves are banned
|clearpoke
|poke|p1|Moltres|
|poke|p1|Iron Crown|
|poke|p1|Rillaboom, M|
|poke|p1|Great Tusk|
|poke|p1|Zamazenta-*|
|poke|p1|Samurott-Hisui, M|
|poke|p2|Forretress, F|
|poke|p2|Flygon, M|
|poke|p2|Clodsire, F|
|poke|p2|Jumpluff, F|
|poke|p2|Dragapult, F|
|poke|p2|Heatran, M|
|teampreview
|inactive|Battle timer is ON: inactive players will automatically lose when time's up. (requested by vartholomeus)
|
|t:|1757910303
|teamsize|p1|6
|teamsize|p2|6
|start
|switch|p1a: Irok|Iron Crown|100/100
|switch|p2a: Forretress|Forretress, F|100/100
|turn|1
|
|t:|1757910308
|move|p1a: Irok|Volt Switch|p2a: Forretress
|-damage|p2a: Forretress|58/100
|
|t:|1757910313
|-end|p1a: Irok|Quark Drive|[silent]
|switch|p1a: Seiya|Samurott-Hisui, M, shiny|100/100|[from] Volt Switch
|move|p2a: Forretress|Thunder Wave|p1a: Seiya
|-status|p1a: Seiya|par
|
|upkeep
|turn|2
|
|t:|1757910319
|move|p1a: Seiya|Ceaseless Edge|p2a: Forretress
|-damage|p2a: Forretress|32/100
|-sidestart|p2: KaiZX49|Spikes
|move|p2a: Forretress|Stealth Rock|p1a: Seiya
|-sidestart|p1: vartholomeus|move: Stealth Rock
|
|upkeep
|turn|3
|
|t:|1757910326
|move|p1a: Seiya|Ceaseless Edge|p2a: Forretress
|-damage|p2a: Forretress|6/100
|-sidestart|p2: KaiZX49|Spikes
|move|p2a: Forretress|Rapid Spin|p1a: Seiya
|-damage|p1a: Seiya|87/100 par
|-boost|p2a: Forretress|spe|1
|-sideend|p2: KaiZX49|Spikes|[from] move: Rapid Spin|[of] p2a: Forretress
|
|upkeep
|turn|4
|-enditem|p2a: Forretress|Custap Berry|[eat]
|-activate|p2a: Forretress|item: Custap Berry|[consumed]
|
|t:|1757910333
|move|p2a: Forretress|Explosion|p1a: Seiya
|-damage|p1a: Seiya|23/100 par
|faint|p2a: Forretress
|move|p1a: Seiya|Ceaseless Edge|p2: Forretress|[notarget]
|-fail|p1a: Seiya
|
|upkeep
|
|t:|1757910343
|switch|p2a: Flygon|Flygon, M|100/100
|turn|5
|
|t:|1757910346
|move|p2a: Flygon|Earthquake|p1a: Seiya
|-damage|p1a: Seiya|0 fnt
|faint|p1a: Seiya
|
|upkeep
|
|t:|1757910351
|switch|p1a: Greatto|Great Tusk|100/100
|-damage|p1a: Greatto|98/100|[from] Stealth Rock
|turn|6
|
|t:|1757910362
|move|p1a: Greatto|Ice Spinner|p2a: Flygon
|-supereffective|p2a: Flygon
|-damage|p2a: Flygon|0 fnt
|faint|p2a: Flygon
|
|upkeep
|
|t:|1757910368
|switch|p2a: Dragapult|Dragapult, F|100/100
|turn|7
|
|t:|1757910371
|move|p1a: Greatto|Ice Spinner|p2a: Dragapult
|-supereffective|p2a: Dragapult
|-damage|p2a: Dragapult|21/100
|move|p2a: Dragapult|Draco Meteor|p1a: Greatto
|-damage|p1a: Greatto|10/100
|-unboost|p2a: Dragapult|spa|2
|
|upkeep
|turn|8
|
|t:|1757910378
|switch|p2a: Heatran|Heatran, M|100/100
|move|p1a: Greatto|Ice Spinner|p2a: Heatran
|-resisted|p2a: Heatran
|-damage|p2a: Heatran|93/100
|
|-heal|p2a: Heatran|99/100|[from] item: Leftovers
|upkeep
|turn|9
|
|t:|1757910387
|-end|p1a: Greatto|Protosynthesis|[silent]
|switch|p1a: Pepe|Moltres|100/100
|move|p2a: Heatran|Magma Storm|p1a: Pepe
|-resisted|p1a: Pepe
|-damage|p1a: Pepe|73/100
|-activate|p1a: Pepe|move: Magma Storm|[of] p2a: Heatran
|
|-heal|p2a: Heatran|100/100|[from] item: Leftovers
|-damage|p1a: Pepe|61/100|[from] move: Magma Storm|[partiallytrapped]
|upkeep
|turn|10
|
|t:|1757910395
|move|p2a: Heatran|Magma Storm|p1a: Pepe|[miss]
|-miss|p2a: Heatran|p1a: Pepe
|move|p1a: Pepe|Scorching Sands|p2a: Heatran
|-supereffective|p2a: Heatran
|-damage|p2a: Heatran|26/100
|
|-heal|p2a: Heatran|32/100|[from] item: Leftovers
|-damage|p1a: Pepe|49/100|[from] move: Magma Storm|[partiallytrapped]
|upkeep
|turn|11
|inactive|vartholomeus has 120 seconds left.
|
|t:|1757910435
|-terastallize|p2a: Heatran|Grass
|move|p2a: Heatran|Magma Storm|p1a: Pepe
|-resisted|p1a: Pepe
|-damage|p1a: Pepe|21/100
|move|p1a: Pepe|Roost|p1a: Pepe
|-heal|p1a: Pepe|72/100
|-singleturn|p1a: Pepe|move: Roost
|
|-heal|p2a: Heatran|39/100|[from] item: Leftovers
|-damage|p1a: Pepe|59/100|[from] move: Magma Storm|[partiallytrapped]
|upkeep
|turn|12
|inactive|vartholomeus has 120 seconds left.
|inactive|KaiZX49 has 120 seconds left.
|
|t:|1757910466
|move|p2a: Heatran|Protect|p2a: Heatran
|-singleturn|p2a: Heatran|Protect
|move|p1a: Pepe|Roost|p1a: Pepe
|-heal|p1a: Pepe|100/100
|-singleturn|p1a: Pepe|move: Roost
|
|-heal|p2a: Heatran|45/100|[from] item: Leftovers
|-damage|p1a: Pepe|88/100|[from] move: Magma Storm|[partiallytrapped]
|upkeep
|turn|13
|
|t:|1757910474
|move|p2a: Heatran|Magma Storm|p1a: Pepe|[miss]
|-miss|p2a: Heatran|p1a: Pepe
|move|p1a: Pepe|Roar|p2a: Heatran
|drag|p2a: Dragapult|Dragapult, F|21/100
|
|-end|p1a: Pepe|Magma Storm|[partiallytrapped]|[silent]
|upkeep
|turn|14
|
|t:|1757910480
|move|p2a: Dragapult|Draco Meteor|p1a: Pepe
|-damage|p1a: Pepe|32/100
|-unboost|p2a: Dragapult|spa|2
|move|p1a: Pepe|Flamethrower|p2a: Dragapult
|-resisted|p2a: Dragapult
|-damage|p2a: Dragapult|0 fnt
|faint|p2a: Dragapult
|
|upkeep
|
|t:|1757910489
|switch|p2a: Heatran|Heatran, M, tera:Grass|45/100
|turn|15
|
|t:|1757910493
|move|p2a: Heatran|Magma Storm|p1a: Pepe
|-resisted|p1a: Pepe
|-damage|p1a: Pepe|4/100
|-activate|p1a: Pepe|move: Magma Storm|[of] p2a: Heatran
|move|p1a: Pepe|Roost|p1a: Pepe
|-heal|p1a: Pepe|54/100
|-singleturn|p1a: Pepe|move: Roost
|
|-heal|p2a: Heatran|51/100|[from] item: Leftovers
|-damage|p1a: Pepe|42/100|[from] move: Magma Storm|[partiallytrapped]
|upkeep
|turn|16
|
|t:|1757910502
|move|p2a: Heatran|Magma Storm|p1a: Pepe
|-resisted|p1a: Pepe
|-damage|p1a: Pepe|16/100
|move|p1a: Pepe|Roost|p1a: Pepe
|-heal|p1a: Pepe|66/100
|-singleturn|p1a: Pepe|move: Roost
|
|-heal|p2a: Heatran|57/100|[from] item: Leftovers
|-damage|p1a: Pepe|54/100|[from] move: Magma Storm|[partiallytrapped]
|upkeep
|turn|17
|
|t:|1757910511
|move|p2a: Heatran|Protect|p2a: Heatran
|-singleturn|p2a: Heatran|Protect
|move|p1a: Pepe|Roar|p2a: Heatran
|drag|p2a: Clodsire|Clodsire, F|100/100
|
|-end|p1a: Pepe|Magma Storm|[partiallytrapped]|[silent]
|upkeep
|turn|18
|
|t:|1757910517
|move|p1a: Pepe|Scorching Sands|p2a: Clodsire
|-supereffective|p2a: Clodsire
|-damage|p2a: Clodsire|78/100
|move|p2a: Clodsire|Toxic|p1a: Pepe
|-status|p1a: Pepe|tox
|
|-heal|p2a: Clodsire|84/100|[from] item: Leftovers
|-damage|p1a: Pepe|48/100 tox|[from] psn
|upkeep
|turn|19
|
|t:|1757910525
|move|p1a: Pepe|Roost|p1a: Pepe
|-heal|p1a: Pepe|98/100 tox
|-singleturn|p1a: Pepe|move: Roost
|move|p2a: Clodsire|Spikes|p1a: Pepe
|-sidestart|p1: vartholomeus|Spikes
|
|-heal|p2a: Clodsire|90/100|[from] item: Leftovers
|-damage|p1a: Pepe|86/100 tox|[from] psn
|upkeep
|turn|20
|
|t:|1757910535
|switch|p1a: Irok|Iron Crown|100/100
|-damage|p1a: Irok|94/100|[from] Stealth Rock
|-damage|p1a: Irok|82/100|[from] Spikes
|move|p2a: Clodsire|Spikes|p1a: Irok
|-sidestart|p1: vartholomeus|Spikes
|
|-heal|p2a: Clodsire|96/100|[from] item: Leftovers
|upkeep
|turn|21
|
|t:|1757910543
|move|p1a: Irok|Psyshock|p2a: Clodsire
|-supereffective|p2a: Clodsire
|-damage|p2a: Clodsire|0 fnt
|faint|p2a: Clodsire
|
|upkeep
|
|t:|1757910550
|switch|p2a: Heatran|Heatran, M, tera:Grass|57/100
|turn|22
|
|t:|1757910552
|move|p2a: Heatran|Protect|p2a: Heatran
|-singleturn|p2a: Heatran|Protect
|move|p1a: Irok|Psyshock|p2a: Heatran
|-activate|p2a: Heatran|move: Protect
|
|-heal|p2a: Heatran|63/100|[from] item: Leftovers
|upkeep
|turn|23
|
|t:|1757910559
|move|p1a: Irok|Psyshock|p2a: Heatran
|-damage|p2a: Heatran|5/100
|move|p2a: Heatran|Magma Storm|p1a: Irok|[miss]
|-miss|p2a: Heatran|p1a: Irok
|
|-heal|p2a: Heatran|11/100|[from] item: Leftovers
|upkeep
|turn|24
|c|☆KaiZX49|ff
|c|☆KaiZX49|gg
|c|☆KaiZX49|well play
|-message|KaiZX49 forfeited.
|
|win|vartholomeus
|raw|vartholomeus's rating: 1263 &rarr; <strong>1289</strong><br />(+26 for winning)
|raw|KaiZX49's rating: 1272 &rarr; <strong>1246</strong><br />(-26 for losing)
|l|☆KaiZX49
|player|p2|
|c|☆vartholomeus|Gg
|l|☆vartholomeus
|player|p1|
|j|☆vartholomeus
|player|p1|vartholomeus|ruinmaniac|
|l|☆vartholomeus
|player|p1|
