|j|☆ensyde
|j|☆Aggrhy
|t:|1757791828
|gametype|singles
|player|p1|ensyde|burglar|1336
|player|p2|Aggrhy|red-masters|1379
|gen|9
|tier|[Gen 9] OU
|rated|
|rule|HP Percentage Mod: HP is shown in percentages
|rule|Endless Battle Clause: Forcing endless battles is banned
|rule|Species Clause: Limit one of each Pokémon
|rule|OHKO Clause: OHKO moves are banned
|rule|Evasion Items Clause: Evasion items are banned
|rule|Evasion Moves Clause: Evasion moves are banned
|rule|Evasion Abilities Clause: Evasion abilities are banned
|rule|Sleep Moves Clause: Sleep-inducing moves are banned
|clearpoke
|poke|p1|Ting-Lu|
|poke|p1|Glimmora, M|
|poke|p1|Dragonite, M|
|poke|p1|Iron Moth|
|poke|p1|Zamazenta-*|
|poke|p1|Scizor, M|
|poke|p2|Pikachu, M|
|poke|p2|Lokix, M|
|poke|p2|Garchomp, M|
|poke|p2|Cyclizar, M|
|poke|p2|Fezandipiti, M|
|poke|p2|Blastoise, F|
|teampreview
|inactive|Battle timer is ON: inactive players will automatically lose when time's up. (requested by ensyde)
|inactive|Aggrhy also wants the timer to be on.
|
|t:|1757791850
|teamsize|p1|6
|teamsize|p2|6
|start
|switch|p1a: litter|Glimmora, M, shiny|100/100
|switch|p2a: Blastoise|Blastoise, F|100/100
|turn|1
|
|t:|1757791858
|move|p1a: litter|Sludge Bomb|p2a: Blastoise
|-damage|p2a: Blastoise|48/100
|move|p2a: Blastoise|Shell Smash|p2a: Blastoise
|-unboost|p2a: Blastoise|def|1
|-unboost|p2a: Blastoise|spd|1
|-boost|p2a: Blastoise|atk|2
|-boost|p2a: Blastoise|spa|2
|-boost|p2a: Blastoise|spe|2
|
|-heal|p2a: Blastoise|54/100|[from] item: Leftovers
|upkeep
|turn|2
|j| Ceeds1
|c|☆ensyde|not him
|
|t:|1757791870
|move|p2a: Blastoise|Earthquake|p1a: litter
|-supereffective|p1a: litter
|-enditem|p1a: litter|Focus Sash
|-damage|p1a: litter|1/100
|-activate|p1a: litter|ability: Toxic Debris
|-sidestart|p2: Aggrhy|move: Toxic Spikes
|move|p1a: litter|Sludge Bomb|p2a: Blastoise
|-damage|p2a: Blastoise|0 fnt
|faint|p2a: Blastoise
|
|upkeep
|
|t:|1757791884
|switch|p2a: Fezandipiti|Fezandipiti, M|100/100
|-sideend|p2: Aggrhy|move: Toxic Spikes|[of] p2a: Fezandipiti
|turn|3
|c|☆ensyde|bring pikachu out
|c|☆ensyde|I like pikachu
|
|t:|1757791896
|switch|p2a: Cyclizar|Cyclizar, M|100/100
|move|p1a: litter|Earth Power|p2a: Cyclizar
|-damage|p2a: Cyclizar|73/100
|
|upkeep
|turn|4
|
|t:|1757791903
|move|p2a: Cyclizar|Rapid Spin|p1a: litter
|-resisted|p1a: litter
|-damage|p1a: litter|0 fnt
|-boost|p2a: Cyclizar|spe|1
|-activate|p1a: litter|ability: Toxic Debris
|-sidestart|p2: Aggrhy|move: Toxic Spikes
|-sideend|p2: Aggrhy|Toxic Spikes|[from] move: Rapid Spin|[of] p2a: Cyclizar
|faint|p1a: litter
|
|upkeep
|
|t:|1757791907
|switch|p1a: silence|Ting-Lu|100/100
|-ability|p1a: silence|Vessel of Ruin
|turn|5
|c|☆ensyde|pukeachu
|
|t:|1757791916
|move|p2a: Cyclizar|Knock Off|p1a: silence
|-resisted|p1a: silence
|-damage|p1a: silence|96/100
|-enditem|p1a: silence|Leftovers|[from] move: Knock Off|[of] p2a: Cyclizar
|move|p1a: silence|Whirlwind|p2a: Cyclizar
|drag|p2a: Pikachu|Pikachu, M|100/100
|
|upkeep
|turn|6
|l| Ceeds1
|c|☆ensyde|yessss
|
|t:|1757791934
|switch|p2a: Garchomp|Garchomp, M|100/100
|move|p1a: silence|Earthquake|p2a: Garchomp
|-damage|p2a: Garchomp|79/100
|
|upkeep
|turn|7
|
|t:|1757791940
|move|p2a: Garchomp|Stealth Rock|p1a: silence
|-sidestart|p1: ensyde|move: Stealth Rock
|move|p1a: silence|Whirlwind|p2a: Garchomp
|drag|p2a: Pikachu|Pikachu, M|100/100
|
|upkeep
|turn|8
|
|t:|1757791948
|switch|p2a: Garchomp|Garchomp, M|79/100
|move|p1a: silence|Memento|p2a: Garchomp
|-unboost|p2a: Garchomp|atk|2
|-unboost|p2a: Garchomp|spa|2
|faint|p1a: silence
|
|upkeep
|
|t:|1757791957
|switch|p1a: wrath|Iron Moth, shiny|100/100
|-damage|p1a: wrath|76/100|[from] Stealth Rock
|-enditem|p1a: wrath|Booster Energy
|-activate|p1a: wrath|ability: Quark Drive|[fromitem]
|-start|p1a: wrath|quarkdrivespe
|turn|9
|
|t:|1757791968
|switch|p2a: Fezandipiti|Fezandipiti, M|100/100
|move|p1a: wrath|Dazzling Gleam|p2a: Fezandipiti
|-resisted|p2a: Fezandipiti
|-damage|p2a: Fezandipiti|93/100
|
|-heal|p2a: Fezandipiti|99/100|[from] item: Leftovers
|upkeep
|turn|10
|
|t:|1757791989
|switch|p2a: Cyclizar|Cyclizar, M|100/100
|move|p1a: wrath|Fiery Dance|p2a: Cyclizar
|-resisted|p2a: Cyclizar
|-damage|p2a: Cyclizar|83/100
|
|upkeep
|turn|11
|
|t:|1757792002
|move|p1a: wrath|Dazzling Gleam|p2a: Cyclizar
|-supereffective|p2a: Cyclizar
|-damage|p2a: Cyclizar|37/100
|move|p2a: Cyclizar|Rapid Spin|p1a: wrath
|-damage|p1a: wrath|52/100
|-boost|p2a: Cyclizar|spe|1
|
|upkeep
|turn|12
|
|t:|1757792012
|move|p2a: Cyclizar|Body Slam|p1a: wrath
|-damage|p1a: wrath|15/100
|move|p1a: wrath|Dazzling Gleam|p2a: Cyclizar
|-supereffective|p2a: Cyclizar
|-damage|p2a: Cyclizar|0 fnt
|faint|p2a: Cyclizar
|
|upkeep
|
|t:|1757792020
|switch|p2a: Fezandipiti|Fezandipiti, M|99/100
|turn|13
|
|t:|1757792025
|move|p1a: wrath|Sludge Wave|p2a: Fezandipiti
|-damage|p2a: Fezandipiti|71/100
|move|p2a: Fezandipiti|Nasty Plot|p2a: Fezandipiti
|-boost|p2a: Fezandipiti|spa|2
|
|-heal|p2a: Fezandipiti|77/100|[from] item: Leftovers
|upkeep
|turn|14
|
|t:|1757792034
|move|p1a: wrath|Sludge Wave|p2a: Fezandipiti
|-damage|p2a: Fezandipiti|51/100
|move|p2a: Fezandipiti|Roost|p2a: Fezandipiti
|-heal|p2a: Fezandipiti|100/100
|-singleturn|p2a: Fezandipiti|move: Roost
|
|upkeep
|turn|15
|
|t:|1757792040
|move|p1a: wrath|Fiery Dance|p2a: Fezandipiti
|-damage|p2a: Fezandipiti|76/100
|-boost|p1a: wrath|spa|1
|move|p2a: Fezandipiti|Moonblast|p1a: wrath
|-resisted|p1a: wrath
|-damage|p1a: wrath|2/100
|-unboost|p1a: wrath|spa|1
|
|-heal|p2a: Fezandipiti|82/100|[from] item: Leftovers
|upkeep
|turn|16
|
|t:|1757792052
|move|p1a: wrath|Fiery Dance|p2a: Fezandipiti
|-damage|p2a: Fezandipiti|61/100
|move|p2a: Fezandipiti|Moonblast|p1a: wrath
|-resisted|p1a: wrath
|-damage|p1a: wrath|0 fnt
|faint|p1a: wrath
|-end|p1a: wrath|Quark Drive|[silent]
|
|-heal|p2a: Fezandipiti|67/100|[from] item: Leftovers
|upkeep
|
|t:|1757792057
|switch|p1a: envy|Scizor, M, shiny|100/100
|-damage|p1a: envy|88/100|[from] Stealth Rock
|turn|17
|
|t:|1757792069
|-terastallize|p2a: Fezandipiti|Flying
|move|p2a: Fezandipiti|Heat Wave|p1a: envy
|-supereffective|p1a: envy
|-damage|p1a: envy|0 fnt
|faint|p1a: envy
|
|-heal|p2a: Fezandipiti|73/100|[from] item: Leftovers
|upkeep
|
|t:|1757792074
|switch|p1a: requiem|Zamazenta, shiny|100/100
|-damage|p1a: requiem|94/100|[from] Stealth Rock
|-ability|p1a: requiem|Dauntless Shield|boost
|-boost|p1a: requiem|def|1
|turn|18
|
|t:|1757792083
|move|p2a: Fezandipiti|Moonblast|p1a: requiem
|-supereffective|p1a: requiem
|-damage|p1a: requiem|25/100
|move|p1a: requiem|Roar|p2a: Fezandipiti
|drag|p2a: Pikachu|Pikachu, M|100/100
|
|-heal|p1a: requiem|31/100|[from] item: Leftovers
|upkeep
|turn|19
|
|t:|1757792093
|move|p1a: requiem|Iron Defense|p1a: requiem
|-boost|p1a: requiem|def|2
|move|p2a: Pikachu|Thunderbolt|p1a: requiem
|-damage|p1a: requiem|0 fnt
|faint|p1a: requiem
|
|upkeep
|inactive|ensyde has 120 seconds left.
|inactive|ensyde has 90 seconds left.
|
|t:|1757792178
|switch|p1a: kindness|Dragonite, M, shiny|100/100
|-damage|p1a: kindness|76/100|[from] Stealth Rock
|turn|20
|
|t:|1757792183
|move|p2a: Pikachu|Alluring Voice|p1a: kindness
|-supereffective|p1a: kindness
|-damage|p1a: kindness|15/100
|move|p1a: kindness|Dragon Dance|p1a: kindness
|-boost|p1a: kindness|atk|1
|-boost|p1a: kindness|spe|1
|
|upkeep
|turn|21
|
|t:|1757792191
|switch|p2a: Garchomp|Garchomp, M|79/100
|move|p1a: kindness|Extreme Speed|p2a: Garchomp
|-damage|p2a: Garchomp|46/100
|-damage|p1a: kindness|3/100|[from] ability: Rough Skin|[of] p2a: Garchomp
|-damage|p1a: kindness|0 fnt|[from] item: Rocky Helmet|[of] p2a: Garchomp
|faint|p1a: kindness
|
|win|Aggrhy
|raw|ensyde's rating: 1336 &rarr; <strong>1318</strong><br />(-18 for losing)
|raw|Aggrhy's rating: 1379 &rarr; <strong>1397</strong><br />(+18 for winning)
|l|☆Aggrhy
|player|p2|
|l|☆ensyde
|player|p1|
