|j|☆mustang Dijon
|j|☆powerstar7
|t:|1757807290
|gametype|singles
|player|p1|mustang Dijon|blue|1285
|player|p2|powerstar7|eusine|1294
|gen|9
|tier|[Gen 9] OU
|rated|
|rule|HP Percentage Mod: HP is shown in percentages
|rule|Endless Battle Clause: Forcing endless battles is banned
|rule|Species Clause: Limit one of each Pokémon
|rule|OHKO Clause: OHKO moves are banned
|rule|Evasion Items Clause: Evasion items are banned
|rule|Evasion Moves Clause: Evasion moves are banned
|rule|Evasion Abilities Clause: Evasion abilities are banned
|rule|Sleep Moves Clause: Sleep-inducing moves are banned
|clearpoke
|poke|p1|Weavile, M|
|poke|p1|Sinistcha|
|poke|p1|Cinderace, F|
|poke|p1|Ursaluna, F|
|poke|p1|Zapdos|
|poke|p1|Azumarill, M|
|poke|p2|Rillaboom, F|
|poke|p2|Hawlucha, F|
|poke|p2|Slowking-Galar, M|
|poke|p2|Corviknight, L99, M|
|poke|p2|Darkrai|
|poke|p2|Quaquaval, F|
|teampreview
|inactive|Battle timer is ON: inactive players will automatically lose when time's up. (requested by mustang Dijon)
|
|t:|1757807305
|teamsize|p1|6
|teamsize|p2|6
|start
|switch|p1a: Azuzu|Zapdos|100/100
|switch|p2a: Darkrai|Darkrai|100/100
|turn|1
|
|t:|1757807320
|switch|p1a: Chief|Weavile, M|100/100
|-ability|p1a: Chief|Pressure
|move|p2a: Darkrai|Ice Beam|p1a: Chief
|-resisted|p1a: Chief
|-damage|p1a: Chief|69/100
|
|upkeep
|turn|2
|
|t:|1757807327
|switch|p2a: Corviknight|Corviknight, L99, M|100/100
|-ability|p2a: Corviknight|Pressure
|move|p1a: Chief|Icicle Crash|p2a: Corviknight
|-damage|p2a: Corviknight|68/100
|
|upkeep
|turn|3
|
|t:|1757807335
|switch|p1a: Azuzu|Zapdos|100/100
|move|p2a: Corviknight|Roost|p2a: Corviknight
|-heal|p2a: Corviknight|100/100
|-singleturn|p2a: Corviknight|move: Roost
|
|upkeep
|turn|4
|
|t:|1757807339
|switch|p2a: Slowking|Slowking-Galar, M|100/100
|move|p1a: Azuzu|Thunderbolt|p2a: Slowking
|-damage|p2a: Slowking|76/100
|
|upkeep
|turn|5
|
|t:|1757807347
|move|p1a: Azuzu|U-turn|p2a: Slowking
|-damage|p2a: Slowking|62/100
|
|t:|1757807350
|switch|p1a: OkLoser|Ursaluna, F|100/100|[from] U-turn
|move|p2a: Slowking|Toxic|p1a: OkLoser
|-status|p1a: OkLoser|tox
|
|-damage|p1a: OkLoser|94/100 tox|[from] psn
|upkeep
|turn|6
|
|t:|1757807358
|switch|p2a: Corviknight|Corviknight, L99, M|100/100
|-ability|p2a: Corviknight|Pressure
|move|p1a: OkLoser|Crunch|p2a: Corviknight
|-damage|p2a: Corviknight|76/100
|
|-heal|p1a: OkLoser|100/100 tox|[from] item: Leftovers
|-damage|p1a: OkLoser|88/100 tox|[from] psn
|upkeep
|turn|7
|
|t:|1757807362
|switch|p1a: Azuzu|Zapdos|100/100
|move|p2a: Corviknight|Body Press|p1a: Azuzu
|-resisted|p1a: Azuzu
|-damage|p1a: Azuzu|87/100
|
|upkeep
|turn|8
|
|t:|1757807368
|switch|p2a: Slowking|Slowking-Galar, M|95/100
|move|p1a: Azuzu|U-turn|p2a: Slowking
|-damage|p2a: Slowking|82/100
|
|t:|1757807370
|switch|p1a: Chief|Weavile, M|69/100|[from] U-turn
|-ability|p1a: Chief|Pressure
|
|upkeep
|turn|9
|
|t:|1757807375
|switch|p2a: Quaquaval|Quaquaval, F|100/100
|move|p1a: Chief|Knock Off|p2a: Quaquaval
|-resisted|p2a: Quaquaval
|-damage|p2a: Quaquaval|73/100
|-enditem|p2a: Quaquaval|Clear Amulet|[from] move: Knock Off|[of] p1a: Chief
|
|upkeep
|turn|10
|
|t:|1757807383
|switch|p1a: SumTing|Azumarill, M|100/100
|move|p2a: Quaquaval|Aqua Step|p1a: SumTing
|-resisted|p1a: SumTing
|-damage|p1a: SumTing|79/100
|-boost|p2a: Quaquaval|spe|1
|
|-heal|p1a: SumTing|85/100|[from] item: Leftovers
|upkeep
|turn|11
|
|t:|1757807391
|switch|p2a: Rillaboom|Rillaboom, F|100/100
|-fieldstart|move: Grassy Terrain|[from] ability: Grassy Surge|[of] p2a: Rillaboom
|move|p1a: SumTing|Liquidation|p2a: Rillaboom
|-resisted|p2a: Rillaboom
|-damage|p2a: Rillaboom|75/100
|-unboost|p2a: Rillaboom|def|1
|
|-heal|p2a: Rillaboom|81/100|[from] Grassy Terrain
|-heal|p1a: SumTing|92/100|[from] Grassy Terrain
|-heal|p1a: SumTing|98/100|[from] item: Leftovers
|upkeep
|turn|12
|inactive|powerstar7 has 120 seconds left.
|
|t:|1757807425
|switch|p2a: Darkrai|Darkrai|100/100
|switch|p1a: SaySo|Sinistcha|100/100
|
|upkeep
|turn|13
|
|t:|1757807432
|switch|p1a: OkLoser|Ursaluna, F|88/100 tox
|move|p2a: Darkrai|Dark Pulse|p1a: OkLoser
|-damage|p1a: OkLoser|41/100 tox
|
|-heal|p1a: OkLoser|47/100 tox|[from] Grassy Terrain
|-heal|p1a: OkLoser|54/100 tox|[from] item: Leftovers
|-damage|p1a: OkLoser|47/100 tox|[from] psn
|upkeep
|turn|14
|
|t:|1757807438
|move|p2a: Darkrai|Dark Pulse|p1a: OkLoser
|-damage|p1a: OkLoser|1/100 tox
|cant|p1a: OkLoser|flinch
|
|-heal|p1a: OkLoser|7/100 tox|[from] Grassy Terrain
|-heal|p1a: OkLoser|13/100 tox|[from] item: Leftovers
|-damage|p1a: OkLoser|1/100 tox|[from] psn
|upkeep
|turn|15
|
|t:|1757807446
|move|p2a: Darkrai|Dark Pulse|p1a: OkLoser
|-damage|p1a: OkLoser|0 fnt
|faint|p1a: OkLoser
|
|-fieldend|move: Grassy Terrain
|upkeep
|
|t:|1757807450
|switch|p1a: Chief|Weavile, M|69/100
|-ability|p1a: Chief|Pressure
|turn|16
|
|t:|1757807454
|switch|p2a: Corviknight|Corviknight, L99, M|76/100
|-ability|p2a: Corviknight|Pressure
|move|p1a: Chief|Swords Dance|p1a: Chief
|-boost|p1a: Chief|atk|2
|
|upkeep
|turn|17
|
|t:|1757807456
|move|p1a: Chief|Icicle Crash|p2a: Corviknight
|-damage|p2a: Corviknight|10/100
|move|p2a: Corviknight|Body Press|p1a: Chief
|-supereffective|p1a: Chief
|-damage|p1a: Chief|0 fnt
|faint|p1a: Chief
|
|upkeep
|
|t:|1757807461
|switch|p1a: Evil one|Cinderace, F|100/100
|turn|18
|
|t:|1757807466
|move|p1a: Evil one|Pyro Ball|p2a: Corviknight
|-supereffective|p2a: Corviknight
|-damage|p2a: Corviknight|0 fnt
|faint|p2a: Corviknight
|
|upkeep
|
|t:|1757807468
|switch|p2a: Quaquaval|Quaquaval, F|73/100
|turn|19
|
|t:|1757807470
|move|p1a: Evil one|High Jump Kick|p2a: Quaquaval
|-start|p1a: Evil one|typechange|Fighting|[from] ability: Libero
|-damage|p2a: Quaquaval|0 fnt
|faint|p2a: Quaquaval
|
|upkeep
|
|t:|1757807485
|switch|p2a: Rillaboom|Rillaboom, F|81/100
|-fieldstart|move: Grassy Terrain|[from] ability: Grassy Surge|[of] p2a: Rillaboom
|turn|20
|
|t:|1757807494
|-terastallize|p1a: Evil one|Fire
|move|p1a: Evil one|Pyro Ball|p2a: Rillaboom
|-supereffective|p2a: Rillaboom
|-damage|p2a: Rillaboom|0 fnt
|faint|p2a: Rillaboom
|
|upkeep
|
|t:|1757807497
|switch|p2a: Hawlucha|Hawlucha, F|100/100
|-enditem|p2a: Hawlucha|Grassy Seed
|-boost|p2a: Hawlucha|def|1|[from] item: Grassy Seed
|turn|21
|
|t:|1757807500
|move|p2a: Hawlucha|Swords Dance|p2a: Hawlucha
|-boost|p2a: Hawlucha|atk|2
|move|p1a: Evil one|Pyro Ball|p2a: Hawlucha
|-damage|p2a: Hawlucha|38/100
|
|upkeep
|turn|22
|
|t:|1757807508
|move|p2a: Hawlucha|Acrobatics|p1a: Evil one
|-damage|p1a: Evil one|0 fnt
|faint|p1a: Evil one
|
|upkeep
|
|t:|1757807512
|switch|p1a: Azuzu|Zapdos|87/100
|turn|23
|
|t:|1757807520
|-terastallize|p2a: Hawlucha|Fire
|move|p2a: Hawlucha|Tera Blast|p1a: Azuzu|[anim] Tera Blast Fire
|-damage|p1a: Azuzu|14/100
|move|p1a: Azuzu|Air Cutter|p2a: Hawlucha
|-damage|p2a: Hawlucha|0 fnt
|faint|p2a: Hawlucha
|
|upkeep
|
|t:|1757807530
|switch|p2a: Darkrai|Darkrai|100/100
|turn|24
|
|t:|1757807534
|move|p2a: Darkrai|Ice Beam|p1a: Azuzu
|-supereffective|p1a: Azuzu
|-damage|p1a: Azuzu|0 fnt
|faint|p1a: Azuzu
|
|-fieldend|move: Grassy Terrain
|upkeep
|
|t:|1757807536
|switch|p1a: SumTing|Azumarill, M|98/100
|turn|25
|
|t:|1757807539
|switch|p2a: Slowking|Slowking-Galar, M|100/100
|move|p1a: SumTing|Play Rough|p2a: Slowking
|-resisted|p2a: Slowking
|-damage|p2a: Slowking|73/100
|
|-heal|p1a: SumTing|100/100|[from] item: Leftovers
|upkeep
|turn|26
|
|t:|1757807546
|switch|p1a: SaySo|Sinistcha|100/100
|move|p2a: Slowking|Future Sight|p1a: SaySo
|-start|p2a: Slowking|move: Future Sight
|
|upkeep
|turn|27
|
|t:|1757807551
|move|p1a: SaySo|Shadow Ball|p2a: Slowking
|-supereffective|p2a: Slowking
|-damage|p2a: Slowking|31/100
|move|p2a: Slowking|Toxic|p1a: SaySo
|-status|p1a: SaySo|tox
|
|-damage|p1a: SaySo|95/100 tox|[from] psn
|upkeep
|turn|28
|
|t:|1757807555
|switch|p2a: Darkrai|Darkrai|100/100
|move|p1a: SaySo|Shadow Ball|p2a: Darkrai
|-resisted|p2a: Darkrai
|-damage|p2a: Darkrai|77/100
|-unboost|p2a: Darkrai|spd|1
|
|-end|p1a: SaySo|move: Future Sight
|-damage|p1a: SaySo|41/100 tox
|-damage|p1a: SaySo|29/100 tox|[from] psn
|upkeep
|turn|29
|
|t:|1757807559
|move|p2a: Darkrai|Dark Pulse|p1a: SaySo
|-supereffective|p1a: SaySo
|-enditem|p1a: SaySo|Colbur Berry|[eat]
|-enditem|p1a: SaySo|Colbur Berry|[weaken]
|-damage|p1a: SaySo|0 fnt
|faint|p1a: SaySo
|
|upkeep
|
|t:|1757807561
|switch|p1a: SumTing|Azumarill, M|100/100
|turn|30
|
|t:|1757807563
|switch|p2a: Slowking|Slowking-Galar, M|65/100
|move|p1a: SumTing|Play Rough|p2a: Slowking
|-resisted|p2a: Slowking
|-damage|p2a: Slowking|33/100
|
|upkeep
|turn|31
|
|t:|1757807565
|move|p1a: SumTing|Liquidation|p2a: Slowking
|-damage|p2a: Slowking|0 fnt
|faint|p2a: Slowking
|
|upkeep
|
|t:|1757807568
|switch|p2a: Darkrai|Darkrai|77/100
|turn|32
|
|t:|1757807573
|move|p2a: Darkrai|Dark Pulse|p1a: SumTing
|-resisted|p1a: SumTing
|-damage|p1a: SumTing|65/100
|cant|p1a: SumTing|flinch
|
|-heal|p1a: SumTing|71/100|[from] item: Leftovers
|upkeep
|turn|33
|
|t:|1757807577
|move|p2a: Darkrai|Dark Pulse|p1a: SumTing
|-resisted|p1a: SumTing
|-damage|p1a: SumTing|38/100
|move|p1a: SumTing|Play Rough|p2a: Darkrai
|-supereffective|p2a: Darkrai
|-damage|p2a: Darkrai|0 fnt
|faint|p2a: Darkrai
|
|win|mustang Dijon
|raw|mustang Dijon's rating: 1285 &rarr; <strong>1311</strong><br />(+26 for winning)
|raw|powerstar7's rating: 1294 &rarr; <strong>1268</strong><br />(-26 for losing)
