|j|☆Passerby bye
|j|☆Ghost_DZ
|t:|1757949904
|gametype|singles
|player|p1|Passerby bye|cyclist|1446
|player|p2|Ghost_DZ|volkner|1462
|gen|9
|tier|[Gen 9] OU
|rated|
|rule|HP Percentage Mod: HP is shown in percentages
|rule|Endless Battle Clause: Forcing endless battles is banned
|rule|Species Clause: Limit one of each Pokémon
|rule|OHKO Clause: OHKO moves are banned
|rule|Evasion Items Clause: Evasion items are banned
|rule|Evasion Moves Clause: Evasion moves are banned
|rule|Evasion Abilities Clause: Evasion abilities are banned
|rule|Sleep Moves Clause: Sleep-inducing moves are banned
|clearpoke
|poke|p1|Magnezone|
|poke|p1|Vileplume, F|
|poke|p1|Gyarados, F|
|poke|p1|Houndoom, F|
|poke|p1|Mamoswine, M|
|poke|p1|Azumarill, M|
|poke|p2|Landorus-Therian, M|
|poke|p2|Iron Valiant|
|poke|p2|Iron Moth|
|poke|p2|Dragonite, M|
|poke|p2|Raging Bolt|
|poke|p2|Samurott-Hisui, F|
|teampreview
|inactive|Battle timer is ON: inactive players will automatically lose when time's up. (requested by Ghost_DZ)
|
|t:|1757949919
|teamsize|p1|6
|teamsize|p2|6
|start
|switch|p1a: Sample Team sucks|Azumarill, M|100/100
|switch|p2a: Landorus|Landorus-Therian, M|100/100
|-ability|p2a: Landorus|Intimidate|boost
|-unboost|p1a: Sample Team sucks|atk|1
|turn|1
|
|t:|1757949925
|switch|p1a: BST＞540 Pkmn sucks|Gyarados, F, shiny|100/100
|-ability|p1a: BST＞540 Pkmn sucks|Intimidate|boost
|-unboost|p2a: Landorus|atk|1
|move|p2a: Landorus|Taunt|p1a: BST＞540 Pkmn sucks
|-start|p1a: BST＞540 Pkmn sucks|move: Taunt
|
|upkeep
|turn|2
|
|t:|1757949939
|move|p2a: Landorus|Stealth Rock|p1a: BST＞540 Pkmn sucks
|-sidestart|p1: Passerby bye|move: Stealth Rock
|move|p1a: BST＞540 Pkmn sucks|Waterfall|p2a: Landorus
|-supereffective|p2a: Landorus
|-damage|p2a: Landorus|3/100
|-damage|p1a: BST＞540 Pkmn sucks|84/100|[from] item: Rocky Helmet|[of] p2a: Landorus
|
|upkeep
|turn|3
|
|t:|1757949945
|move|p2a: Landorus|U-turn|p1a: BST＞540 Pkmn sucks
|-resisted|p1a: BST＞540 Pkmn sucks
|-damage|p1a: BST＞540 Pkmn sucks|75/100
|
|t:|1757949947
|switch|p2a: Samurott|Samurott-Hisui, F|100/100|[from] U-turn
|move|p1a: BST＞540 Pkmn sucks|Waterfall|p2a: Samurott
|-resisted|p2a: Samurott
|-damage|p2a: Samurott|73/100
|
|-end|p1a: BST＞540 Pkmn sucks|move: Taunt
|upkeep
|turn|4
|
|t:|1757949958
|move|p2a: Samurott|Taunt|p1a: BST＞540 Pkmn sucks
|-start|p1a: BST＞540 Pkmn sucks|move: Taunt
|cant|p1a: BST＞540 Pkmn sucks|move: Taunt|Thunder Wave
|
|upkeep
|turn|5
|
|t:|1757949970
|switch|p1a: Ordinary Pkmn only|Vileplume, F|100/100
|-damage|p1a: Ordinary Pkmn only|88/100|[from] Stealth Rock
|move|p2a: Samurott|Ceaseless Edge|p1a: Ordinary Pkmn only
|-damage|p1a: Ordinary Pkmn only|50/100
|-damage|p2a: Samurott|56/100|[from] item: Rocky Helmet|[of] p1a: Ordinary Pkmn only
|-status|p2a: Samurott|slp|[from] ability: Effect Spore|[of] p1a: Ordinary Pkmn only
|-sidestart|p1: Passerby bye|Spikes
|
|upkeep
|turn|6
|
|t:|1757949984
|switch|p2a: Iron Moth|Iron Moth|100/100
|-enditem|p2a: Iron Moth|Booster Energy
|-activate|p2a: Iron Moth|ability: Quark Drive|[fromitem]
|-start|p2a: Iron Moth|quarkdrivespe
|move|p1a: Ordinary Pkmn only|Strength Sap|p2a: Iron Moth
|-unboost|p2a: Iron Moth|atk|1
|-heal|p1a: Ordinary Pkmn only|95/100
|
|upkeep
|turn|7
|
|t:|1757949997
|switch|p1a: BST＞540 Pkmn sucks|Gyarados, F, shiny|75/100
|-ability|p1a: BST＞540 Pkmn sucks|Intimidate|boost
|-unboost|p2a: Iron Moth|atk|1
|move|p2a: Iron Moth|Sludge Wave|p1a: BST＞540 Pkmn sucks
|-damage|p1a: BST＞540 Pkmn sucks|21/100
|
|upkeep
|turn|8
|
|t:|1757950004
|move|p2a: Iron Moth|Sludge Wave|p1a: BST＞540 Pkmn sucks
|-damage|p1a: BST＞540 Pkmn sucks|0 fnt
|faint|p1a: BST＞540 Pkmn sucks
|
|upkeep
|
|t:|1757950008
|switch|p1a: Terrain Team sucks|Mamoswine, M|100/100
|-damage|p1a: Terrain Team sucks|88/100|[from] Stealth Rock
|-damage|p1a: Terrain Team sucks|75/100|[from] Spikes
|turn|9
|
|t:|1757950021
|-end|p2a: Iron Moth|Quark Drive|[silent]
|switch|p2a: Landorus|Landorus-Therian, M|3/100
|-ability|p2a: Landorus|Intimidate|boost
|-unboost|p1a: Terrain Team sucks|atk|1
|move|p1a: Terrain Team sucks|High Horsepower|p2a: Landorus
|-immune|p2a: Landorus
|
|upkeep
|turn|10
|
|t:|1757950025
|switch|p2a: Samurott|Samurott-Hisui, F|56/100 slp
|move|p1a: Terrain Team sucks|Ice Shard|p2a: Samurott
|-resisted|p2a: Samurott
|-damage|p2a: Samurott|46/100 slp
|
|upkeep
|turn|11
|
|t:|1757950029
|cant|p2a: Samurott|slp
|move|p1a: Terrain Team sucks|High Horsepower|p2a: Samurott
|-damage|p2a: Samurott|0 fnt
|faint|p2a: Samurott
|
|upkeep
|
|t:|1757950050
|switch|p2a: Iron Valiant|Iron Valiant|100/100
|-enditem|p2a: Iron Valiant|Booster Energy
|-activate|p2a: Iron Valiant|ability: Quark Drive|[fromitem]
|-start|p2a: Iron Valiant|quarkdrivespe
|turn|12
|
|t:|1757950053
|switch|p1a: Ordinary Pkmn only|Vileplume, F|95/100
|-damage|p1a: Ordinary Pkmn only|83/100|[from] Stealth Rock
|-damage|p1a: Ordinary Pkmn only|70/100|[from] Spikes
|move|p2a: Iron Valiant|Moonblast|p1a: Ordinary Pkmn only
|-resisted|p1a: Ordinary Pkmn only
|-damage|p1a: Ordinary Pkmn only|44/100
|
|upkeep
|turn|13
|
|t:|1757950070
|-terastallize|p2a: Iron Valiant|Ghost
|move|p2a: Iron Valiant|Shadow Ball|p1a: Ordinary Pkmn only
|-damage|p1a: Ordinary Pkmn only|5/100
|move|p1a: Ordinary Pkmn only|Strength Sap|p2a: Iron Valiant
|-unboost|p2a: Iron Valiant|atk|1
|-heal|p1a: Ordinary Pkmn only|72/100
|
|upkeep
|turn|14
|
|t:|1757950078
|move|p2a: Iron Valiant|Shadow Ball|p1a: Ordinary Pkmn only
|-damage|p1a: Ordinary Pkmn only|30/100
|move|p1a: Ordinary Pkmn only|Leech Seed|p2a: Iron Valiant
|-start|p2a: Iron Valiant|move: Leech Seed
|
|-damage|p2a: Iron Valiant|88/100|[from] Leech Seed|[of] p1a: Ordinary Pkmn only
|-heal|p1a: Ordinary Pkmn only|40/100|[silent]
|upkeep
|turn|15
|
|t:|1757950082
|move|p2a: Iron Valiant|Shadow Ball|p1a: Ordinary Pkmn only
|-damage|p1a: Ordinary Pkmn only|0 fnt
|faint|p1a: Ordinary Pkmn only
|
|upkeep
|
|t:|1757950094
|switch|p1a: Weather Team sucks|Houndoom, F|100/100
|turn|16
|
|t:|1757950099
|move|p2a: Iron Valiant|Destiny Bond|p2a: Iron Valiant
|-singlemove|p2a: Iron Valiant|Destiny Bond
|move|p1a: Weather Team sucks|Dark Pulse|p2a: Iron Valiant
|-supereffective|p2a: Iron Valiant
|-crit|p2a: Iron Valiant
|-damage|p2a: Iron Valiant|0 fnt
|faint|p2a: Iron Valiant
|-activate|p2a: Iron Valiant|move: Destiny Bond
|-end|p2a: Iron Valiant|Quark Drive|[silent]
|faint|p1a: Weather Team sucks
|
|upkeep
|
|t:|1757950125
|switch|p2a: Raging Bolt|Raging Bolt|100/100
|switch|p1a: Terrain Team sucks|Mamoswine, M|75/100
|-damage|p1a: Terrain Team sucks|63/100|[from] Stealth Rock
|-damage|p1a: Terrain Team sucks|50/100|[from] Spikes
|turn|17
|
|t:|1757950139
|-end|p2a: Raging Bolt|Protosynthesis|[silent]
|switch|p2a: Landorus|Landorus-Therian, M|3/100
|-ability|p2a: Landorus|Intimidate|boost
|-unboost|p1a: Terrain Team sucks|atk|1
|move|p1a: Terrain Team sucks|High Horsepower|p2a: Landorus
|-immune|p2a: Landorus
|
|upkeep
|turn|18
|
|t:|1757950148
|move|p2a: Landorus|Earthquake|p1a: Terrain Team sucks
|-damage|p1a: Terrain Team sucks|0 fnt
|faint|p1a: Terrain Team sucks
|
|upkeep
|
|t:|1757950152
|switch|p1a: Sample Team sucks|Azumarill, M|100/100
|-damage|p1a: Sample Team sucks|88/100|[from] Stealth Rock
|-damage|p1a: Sample Team sucks|76/100|[from] Spikes
|turn|19
|
|t:|1757950157
|move|p1a: Sample Team sucks|Aqua Jet|p2a: Landorus
|-supereffective|p2a: Landorus
|-damage|p2a: Landorus|0 fnt
|-damage|p1a: Sample Team sucks|59/100|[from] item: Rocky Helmet|[of] p2a: Landorus
|faint|p2a: Landorus
|
|upkeep
|
|t:|1757950159
|switch|p2a: Raging Bolt|Raging Bolt|100/100
|turn|20
|
|t:|1757950165
|-terastallize|p1a: Sample Team sucks|Fire
|move|p2a: Raging Bolt|Thunderbolt|p1a: Sample Team sucks
|-damage|p1a: Sample Team sucks|21/100
|move|p1a: Sample Team sucks|Play Rough|p2a: Raging Bolt
|-supereffective|p2a: Raging Bolt
|-damage|p2a: Raging Bolt|0 fnt
|faint|p2a: Raging Bolt
|-end|p2a: Raging Bolt|Protosynthesis|[silent]
|
|upkeep
|
|t:|1757950176
|switch|p2a: Dragonite|Dragonite, M|100/100
|turn|21
|
|t:|1757950180
|move|p2a: Dragonite|Extreme Speed|p1a: Sample Team sucks
|-damage|p1a: Sample Team sucks|0 fnt
|faint|p1a: Sample Team sucks
|
|upkeep
|
|t:|1757950183
|switch|p1a: Legend Pkmn sucks|Magnezone|100/100
|-damage|p1a: Legend Pkmn sucks|94/100|[from] Stealth Rock
|-damage|p1a: Legend Pkmn sucks|82/100|[from] Spikes
|turn|22
|
|t:|1757950187
|move|p2a: Dragonite|Earthquake|p1a: Legend Pkmn sucks
|-supereffective|p1a: Legend Pkmn sucks
|-damage|p1a: Legend Pkmn sucks|0 fnt
|faint|p1a: Legend Pkmn sucks
|
|win|Ghost_DZ
|raw|Passerby bye's rating: 1446 &rarr; <strong>1427</strong><br />(-19 for losing)
|raw|Ghost_DZ's rating: 1462 &rarr; <strong>1481</strong><br />(+19 for winning)
|l|☆Ghost_DZ
|player|p2|
|l|☆Passerby bye
|player|p1|
