|j|☆Eyefull
|j|☆K2Shiest.E
|t:|1757913531
|gametype|singles
|player|p1|Eyefull|265|1429
|player|p2|K2Shiest.E|1|1409
|gen|9
|tier|[Gen 9] OU
|rated|
|rule|HP Percentage Mod: HP is shown in percentages
|rule|Endless Battle Clause: Forcing endless battles is banned
|rule|Species Clause: Limit one of each Pokémon
|rule|OHKO Clause: OHKO moves are banned
|rule|Evasion Items Clause: Evasion items are banned
|rule|Evasion Moves Clause: Evasion moves are banned
|rule|Evasion Abilities Clause: Evasion abilities are banned
|rule|Sleep Moves Clause: Sleep-inducing moves are banned
|clearpoke
|poke|p1|Landorus-Therian, M|
|poke|p1|Samurott-Hisui, M|
|poke|p1|Pecharunt|
|poke|p1|Scizor, M|
|poke|p1|Latios, M|
|poke|p1|Zamazenta-*|
|poke|p2|Ting-Lu|
|poke|p2|Darkrai|
|poke|p2|Corviknight, M|
|poke|p2|Fezandipiti, M|
|poke|p2|Pecharunt|
|poke|p2|Latios, M|
|teampreview
|
|t:|1757913548
|teamsize|p1|6
|teamsize|p2|6
|start
|switch|p1a: Landorus|Landorus-Therian, M|100/100
|switch|p2a: Corviknight|Corviknight, M, shiny|100/100
|-ability|p1a: Landorus|Intimidate|boost
|-unboost|p2a: Corviknight|atk|1
|-ability|p2a: Corviknight|Pressure
|turn|1
|
|t:|1757913559
|move|p1a: Landorus|Stealth Rock|p2a: Corviknight
|-sidestart|p2: K2Shiest.E|move: Stealth Rock
|move|p2a: Corviknight|U-turn|p1a: Landorus
|-resisted|p1a: Landorus
|-damage|p1a: Landorus|96/100
|-damage|p2a: Corviknight|84/100|[from] item: Rocky Helmet|[of] p1a: Landorus
|
|t:|1757913563
|switch|p2a: Ting-Lu|Ting-Lu|100/100|[from] U-turn
|-damage|p2a: Ting-Lu|94/100|[from] Stealth Rock
|-ability|p2a: Ting-Lu|Vessel of Ruin
|
|-heal|p2a: Ting-Lu|100/100|[from] item: Leftovers
|upkeep
|turn|2
|
|t:|1757913568
|move|p1a: Landorus|U-turn|p2a: Ting-Lu
|-supereffective|p2a: Ting-Lu
|-damage|p2a: Ting-Lu|77/100
|
|t:|1757913570
|switch|p1a: Samurott|Samurott-Hisui, M|100/100|[from] U-turn
|move|p2a: Ting-Lu|Ruination|p1a: Samurott|[miss]
|-miss|p2a: Ting-Lu|p1a: Samurott
|
|-heal|p2a: Ting-Lu|84/100|[from] item: Leftovers
|upkeep
|turn|3
|
|t:|1757913579
|switch|p2a: Corviknight|Corviknight, M, shiny|84/100
|-damage|p2a: Corviknight|72/100|[from] Stealth Rock
|-ability|p2a: Corviknight|Pressure
|move|p1a: Samurott|Ceaseless Edge|p2a: Corviknight
|-damage|p2a: Corviknight|38/100
|-damage|p1a: Samurott|84/100|[from] item: Rocky Helmet|[of] p2a: Corviknight
|-sidestart|p2: K2Shiest.E|Spikes
|
|upkeep
|turn|4
|
|t:|1757913588
|move|p1a: Samurott|Knock Off|p2a: Corviknight
|-damage|p2a: Corviknight|8/100
|-damage|p1a: Samurott|67/100|[from] item: Rocky Helmet|[of] p2a: Corviknight
|-enditem|p2a: Corviknight|Rocky Helmet|[from] move: Knock Off|[of] p1a: Samurott
|move|p2a: Corviknight|Roost|p2a: Corviknight
|-heal|p2a: Corviknight|58/100
|-singleturn|p2a: Corviknight|move: Roost
|
|upkeep
|turn|5
|
|t:|1757913595
|move|p1a: Samurott|Ceaseless Edge|p2a: Corviknight
|-damage|p2a: Corviknight|26/100
|-sidestart|p2: K2Shiest.E|Spikes
|move|p2a: Corviknight|Body Press|p1a: Samurott
|-supereffective|p1a: Samurott
|-damage|p1a: Samurott|8/100
|
|upkeep
|turn|6
|
|t:|1757913601
|move|p1a: Samurott|Ceaseless Edge|p2a: Corviknight
|-damage|p2a: Corviknight|0 fnt
|-sidestart|p2: K2Shiest.E|Spikes
|faint|p2a: Corviknight
|
|upkeep
|
|t:|1757913607
|switch|p2a: Darkrai|Darkrai, shiny|100/100
|turn|7
|
|t:|1757913610
|move|p1a: Samurott|Aqua Jet|p2a: Darkrai
|-damage|p2a: Darkrai|73/100
|move|p2a: Darkrai|Knock Off|p1a: Samurott
|-resisted|p1a: Samurott
|-crit|p1a: Samurott
|-damage|p1a: Samurott|0 fnt
|-enditem|p1a: Samurott|Assault Vest|[from] move: Knock Off|[of] p2a: Darkrai
|faint|p1a: Samurott
|
|upkeep
|
|t:|1757913631
|switch|p1a: Scizor|Scizor, M|100/100
|turn|8
|
|t:|1757913639
|move|p2a: Darkrai|Dark Pulse|p1a: Scizor
|-damage|p1a: Scizor|39/100
|move|p1a: Scizor|Swords Dance|p1a: Scizor
|-boost|p1a: Scizor|atk|2
|
|upkeep
|turn|9
|
|t:|1757913651
|switch|p2a: Pecharunt|Pecharunt|100/100
|move|p1a: Scizor|Bullet Punch|p2a: Pecharunt
|-damage|p2a: Pecharunt|71/100
|
|upkeep
|turn|10
|
|t:|1757913656
|move|p1a: Scizor|Knock Off|p2a: Pecharunt
|-supereffective|p2a: Pecharunt
|-damage|p2a: Pecharunt|1/100
|-enditem|p2a: Pecharunt|Heavy-Duty Boots|[from] move: Knock Off|[of] p1a: Scizor
|move|p2a: Pecharunt|Foul Play|p1a: Scizor
|-crit|p1a: Scizor
|-damage|p1a: Scizor|0 fnt
|faint|p1a: Scizor
|
|upkeep
|
|t:|1757913674
|switch|p1a: Landorus|Landorus-Therian, M|96/100
|-ability|p1a: Landorus|Intimidate|boost
|-unboost|p2a: Pecharunt|atk|1
|turn|11
|
|t:|1757913679
|move|p1a: Landorus|Smack Down|p2a: Pecharunt
|-damage|p2a: Pecharunt|0 fnt
|faint|p2a: Pecharunt
|
|upkeep
|
|t:|1757913685
|switch|p2a: Latios|Latios, M, shiny|100/100
|-damage|p2a: Latios|88/100|[from] Stealth Rock
|turn|12
|
|t:|1757913689
|move|p2a: Latios|Dragon Pulse|p1a: Landorus
|-damage|p1a: Landorus|45/100
|move|p1a: Landorus|U-turn|p2a: Latios
|-supereffective|p2a: Latios
|-damage|p2a: Latios|23/100
|
|t:|1757913695
|switch|p1a: Zamazenta|Zamazenta|100/100|[from] U-turn
|-ability|p1a: Zamazenta|Dauntless Shield|boost
|-boost|p1a: Zamazenta|def|1
|
|upkeep
|turn|13
|
|t:|1757913706
|move|p1a: Zamazenta|Crunch|p2a: Latios
|-supereffective|p2a: Latios
|-damage|p2a: Latios|0 fnt
|faint|p2a: Latios
|
|upkeep
|
|t:|1757913708
|switch|p2a: Fezandipiti|Fezandipiti, M|100/100
|turn|14
|
|t:|1757913714
|move|p2a: Fezandipiti|Calm Mind|p2a: Fezandipiti
|-boost|p2a: Fezandipiti|spa|1
|-boost|p2a: Fezandipiti|spd|1
|move|p1a: Zamazenta|Roar|p2a: Fezandipiti
|drag|p2a: Darkrai|Darkrai, shiny|73/100
|
|upkeep
|turn|15
|
|t:|1757913724
|move|p1a: Zamazenta|Body Press|p2a: Darkrai
|-supereffective|p2a: Darkrai
|-damage|p2a: Darkrai|0 fnt
|faint|p2a: Darkrai
|
|upkeep
|
|t:|1757913727
|switch|p2a: Ting-Lu|Ting-Lu|84/100
|-damage|p2a: Ting-Lu|77/100|[from] Stealth Rock
|-damage|p2a: Ting-Lu|53/100|[from] Spikes
|-ability|p2a: Ting-Lu|Vessel of Ruin
|turn|16
|
|t:|1757913731
|move|p1a: Zamazenta|Body Press|p2a: Ting-Lu
|-supereffective|p2a: Ting-Lu
|-damage|p2a: Ting-Lu|0 fnt
|faint|p2a: Ting-Lu
|
|upkeep
|
|t:|1757913734
|switch|p2a: Fezandipiti|Fezandipiti, M|100/100
|turn|17
|
|t:|1757913750
|switch|p1a: Landorus|Landorus-Therian, M|45/100
|-ability|p1a: Landorus|Intimidate|boost
|-unboost|p2a: Fezandipiti|atk|1
|move|p2a: Fezandipiti|Sludge Bomb|p1a: Landorus
|-resisted|p1a: Landorus
|-damage|p1a: Landorus|33/100
|-status|p1a: Landorus|psn
|
|-damage|p1a: Landorus|21/100 psn|[from] psn
|upkeep
|turn|18
|
|t:|1757913767
|-terastallize|p2a: Fezandipiti|Water
|move|p1a: Landorus|Earthquake|p2a: Fezandipiti
|-damage|p2a: Fezandipiti|49/100
|move|p2a: Fezandipiti|Roost|p2a: Fezandipiti
|-heal|p2a: Fezandipiti|99/100
|
|-damage|p1a: Landorus|9/100 psn|[from] psn
|upkeep
|turn|19
|
|t:|1757913796
|move|p1a: Landorus|Earthquake|p2a: Fezandipiti
|-damage|p2a: Fezandipiti|44/100
|move|p2a: Fezandipiti|Roost|p2a: Fezandipiti
|-heal|p2a: Fezandipiti|94/100
|
|-damage|p1a: Landorus|0 fnt|[from] psn
|faint|p1a: Landorus
|upkeep
|
|t:|1757913801
|switch|p1a: Latios|Latios, M|100/100
|turn|20
|
|t:|1757913804
|move|p1a: Latios|Psychic Noise|p2a: Fezandipiti
|-damage|p2a: Fezandipiti|67/100
|-start|p2a: Fezandipiti|move: Heal Block
|move|p2a: Fezandipiti|Calm Mind|p2a: Fezandipiti
|-boost|p2a: Fezandipiti|spa|1
|-boost|p2a: Fezandipiti|spd|1
|
|upkeep
|turn|21
|
|t:|1757913810
|move|p1a: Latios|Calm Mind|p1a: Latios
|-boost|p1a: Latios|spa|1
|-boost|p1a: Latios|spd|1
|move|p2a: Fezandipiti|Calm Mind|p2a: Fezandipiti
|-boost|p2a: Fezandipiti|spa|1
|-boost|p2a: Fezandipiti|spd|1
|
|-end|p2a: Fezandipiti|move: Heal Block
|upkeep
|turn|22
|
|t:|1757913816
|move|p1a: Latios|Calm Mind|p1a: Latios
|-boost|p1a: Latios|spa|1
|-boost|p1a: Latios|spd|1
|move|p2a: Fezandipiti|Moonblast|p1a: Latios
|-supereffective|p1a: Latios
|-damage|p1a: Latios|51/100
|
|upkeep
|turn|23
|
|t:|1757913824
|-terastallize|p1a: Latios|Steel
|move|p1a: Latios|Psychic Noise|p2a: Fezandipiti
|-damage|p2a: Fezandipiti|40/100
|-start|p2a: Fezandipiti|move: Heal Block
|move|p2a: Fezandipiti|Calm Mind|p2a: Fezandipiti
|-boost|p2a: Fezandipiti|spa|1
|-boost|p2a: Fezandipiti|spd|1
|
|upkeep
|turn|24
|
|t:|1757913832
|move|p1a: Latios|Psychic Noise|p2a: Fezandipiti
|-damage|p2a: Fezandipiti|17/100
|move|p2a: Fezandipiti|Calm Mind|p2a: Fezandipiti
|-boost|p2a: Fezandipiti|spa|1
|-boost|p2a: Fezandipiti|spd|1
|
|-end|p2a: Fezandipiti|move: Heal Block
|upkeep
|turn|25
|
|t:|1757913837
|move|p1a: Latios|Draco Meteor|p2a: Fezandipiti
|-damage|p2a: Fezandipiti|0 fnt
|-unboost|p1a: Latios|spa|2
|faint|p2a: Fezandipiti
|
|win|Eyefull
|raw|Eyefull's rating: 1429 &rarr; <strong>1448</strong><br />(+19 for winning)
|raw|K2Shiest.E's rating: 1409 &rarr; <strong>1390</strong><br />(-19 for losing)
|l|☆K2Shiest.E
|player|p2|
|l|☆Eyefull
|player|p1|
