|j|☆jewking
|j|☆Newt 2099
|t:|1757868538
|gametype|singles
|player|p1|jewking|1|1360
|player|p2|Newt 2099|lucas|1280
|gen|9
|tier|[Gen 9] OU
|rated|
|rule|HP Percentage Mod: HP is shown in percentages
|rule|Endless Battle Clause: Forcing endless battles is banned
|rule|Species Clause: Limit one of each Pokémon
|rule|OHKO Clause: OHKO moves are banned
|rule|Evasion Items Clause: Evasion items are banned
|rule|Evasion Moves Clause: Evasion moves are banned
|rule|Evasion Abilities Clause: Evasion abilities are banned
|rule|Sleep Moves Clause: Sleep-inducing moves are banned
|clearpoke
|poke|p1|Gholdengo|
|poke|p1|Dragalge, F|
|poke|p1|Alomomola, M|
|poke|p1|Great Tusk|
|poke|p1|Moltres|
|poke|p1|Kingambit, M|
|poke|p2|Chesnaught, M|
|poke|p2|Sableye, M|
|poke|p2|Great Tusk|
|poke|p2|Chansey, F|
|poke|p2|Alomomola, F|
|poke|p2|Luxray, M|
|teampreview
|inactive|Battle timer is ON: inactive players will automatically lose when time's up. (requested by Newt 2099)
|
|t:|1757868544
|teamsize|p1|6
|teamsize|p2|6
|start
|switch|p1a: Dragalge|Dragalge, F|100/100
|switch|p2a: Sableye|Sableye, M|100/100
|turn|1
|
|t:|1757868550
|move|p2a: Sableye|Light Screen|p2a: Sableye
|-sidestart|p2: Newt 2099|move: Light Screen
|move|p1a: Dragalge|Toxic Spikes|p2a: Sableye
|-sidestart|p2: Newt 2099|move: Toxic Spikes
|
|upkeep
|turn|2
|
|t:|1757868559
|move|p2a: Sableye|Reflect|p2a: Sableye
|-sidestart|p2: Newt 2099|Reflect
|move|p1a: Dragalge|Toxic Spikes|p2a: Sableye
|-sidestart|p2: Newt 2099|move: Toxic Spikes
|
|upkeep
|turn|3
|
|t:|1757868567
|switch|p2a: Great Tusk|Great Tusk|100/100
|switch|p1a: Moltres|Moltres|100/100
|
|upkeep
|turn|4
|
|t:|1757868573
|move|p2a: Great Tusk|Knock Off|p1a: Moltres
|-damage|p1a: Moltres|65/100
|-status|p2a: Great Tusk|brn|[from] ability: Flame Body|[of] p1a: Moltres
|-enditem|p1a: Moltres|Heavy-Duty Boots|[from] move: Knock Off|[of] p2a: Great Tusk
|move|p1a: Moltres|Will-O-Wisp|p2a: Great Tusk
|-fail|p2a: Great Tusk|brn
|
|-damage|p2a: Great Tusk|94/100 brn|[from] brn
|upkeep
|turn|5
|
|t:|1757868583
|move|p2a: Great Tusk|Rapid Spin|p1a: Moltres
|-damage|p1a: Moltres|57/100
|-boost|p2a: Great Tusk|spe|1
|-sideend|p2: Newt 2099|Toxic Spikes|[from] move: Rapid Spin|[of] p2a: Great Tusk
|move|p1a: Moltres|Roost|p1a: Moltres
|-heal|p1a: Moltres|100/100
|-singleturn|p1a: Moltres|move: Roost
|
|-damage|p2a: Great Tusk|88/100 brn|[from] brn
|upkeep
|turn|6
|
|t:|1757868594
|-end|p2a: Great Tusk|Protosynthesis|[silent]
|switch|p2a: Alomomola|Alomomola, F, shiny|100/100
|move|p1a: Moltres|Flamethrower|p2a: Alomomola
|-resisted|p2a: Alomomola
|-damage|p2a: Alomomola|94/100
|-status|p2a: Alomomola|brn
|
|-heal|p2a: Alomomola|99/100 brn|[from] item: Leftovers
|-damage|p2a: Alomomola|94/100 brn|[from] brn
|upkeep
|turn|7
|
|t:|1757868605
|move|p1a: Moltres|U-turn|p2a: Alomomola
|-damage|p2a: Alomomola|89/100 brn
|
|t:|1757868607
|switch|p1a: Alomomola|Alomomola, M|100/100|[from] U-turn
|move|p2a: Alomomola|Flip Turn|p1a: Alomomola
|-resisted|p1a: Alomomola
|-damage|p1a: Alomomola|99/100
|
|t:|1757868611
|switch|p2a: Luxray|Luxray, M|100/100|[from] Flip Turn
|
|-status|p2a: Luxray|brn|[from] item: Flame Orb
|upkeep
|turn|8
|
|t:|1757868620
|switch|p1a: Great Tusk|Great Tusk|100/100
|move|p2a: Luxray|Trailblaze|p1a: Great Tusk
|-supereffective|p1a: Great Tusk
|-damage|p1a: Great Tusk|63/100
|-boost|p2a: Luxray|spe|1
|-damage|p2a: Luxray|84/100 brn|[from] item: Rocky Helmet|[of] p1a: Great Tusk
|
|-damage|p2a: Luxray|78/100 brn|[from] brn
|-sideend|p2: Newt 2099|move: Light Screen
|upkeep
|turn|9
|
|t:|1757868632
|switch|p2a: Alomomola|Alomomola, F, shiny|100/100 brn
|move|p1a: Great Tusk|Stealth Rock|p2a: Alomomola
|-sidestart|p2: Newt 2099|move: Stealth Rock
|
|-damage|p2a: Alomomola|94/100 brn|[from] brn
|-sideend|p2: Newt 2099|Reflect
|upkeep
|turn|10
|
|t:|1757868643
|-end|p1a: Great Tusk|Protosynthesis|[silent]
|switch|p1a: Dragalge|Dragalge, F|100/100
|move|p2a: Alomomola|Flip Turn|p1a: Dragalge
|-resisted|p1a: Dragalge
|-damage|p1a: Dragalge|96/100
|
|t:|1757868647
|switch|p2a: Great Tusk|Great Tusk|88/100 brn|[from] Flip Turn
|
|-damage|p2a: Great Tusk|82/100 brn|[from] brn
|upkeep
|turn|11
|
|t:|1757868664
|switch|p1a: Moltres|Moltres|100/100
|move|p2a: Great Tusk|Knock Off|p1a: Moltres
|-damage|p1a: Moltres|89/100
|
|-damage|p2a: Great Tusk|76/100 brn|[from] brn
|upkeep
|turn|12
|
|t:|1757868672
|move|p2a: Great Tusk|Rapid Spin|p1a: Moltres
|-damage|p1a: Moltres|81/100
|-boost|p2a: Great Tusk|spe|1
|-sideend|p2: Newt 2099|Stealth Rock|[from] move: Rapid Spin|[of] p2a: Great Tusk
|move|p1a: Moltres|U-turn|p2a: Great Tusk
|-resisted|p2a: Great Tusk
|-damage|p2a: Great Tusk|71/100 brn
|
|t:|1757868679
|switch|p1a: Alomomola|Alomomola, M|100/100|[from] U-turn
|
|-damage|p2a: Great Tusk|64/100 brn|[from] brn
|upkeep
|turn|13
|
|t:|1757868685
|-end|p2a: Great Tusk|Protosynthesis|[silent]
|switch|p2a: Luxray|Luxray, M|78/100 brn
|move|p1a: Alomomola|Scald|p2a: Luxray
|-damage|p2a: Luxray|62/100 brn
|
|-damage|p2a: Luxray|56/100 brn|[from] brn
|upkeep
|turn|14
|
|t:|1757868694
|move|p2a: Luxray|Trailblaze|p1a: Alomomola
|-supereffective|p1a: Alomomola
|-crit|p1a: Alomomola
|-damage|p1a: Alomomola|64/100
|-boost|p2a: Luxray|spe|1
|move|p1a: Alomomola|Flip Turn|p2a: Luxray
|-damage|p2a: Luxray|34/100 brn
|
|t:|1757868703
|switch|p1a: Gholdengo|Gholdengo|100/100|[from] Flip Turn
|
|-damage|p2a: Luxray|28/100 brn|[from] brn
|upkeep
|turn|15
|
|t:|1757868709
|move|p1a: Gholdengo|Dazzling Gleam|p2a: Luxray
|-damage|p2a: Luxray|0 fnt
|faint|p2a: Luxray
|
|upkeep
|-message|Newt 2099 forfeited.
|
|win|jewking
|raw|jewking's rating: 1360 &rarr; <strong>1375</strong><br />(+15 for winning)
|raw|Newt 2099's rating: 1280 &rarr; <strong>1261</strong><br />(-19 for losing)
|l|☆Newt 2099
|player|p2|
|l|☆jewking
|player|p1|
