|j|☆pepsiefizzed
|j|☆Mew3334
|t:|1757890821
|gametype|singles
|player|p1|pepsiefizzed|benga|1085
|player|p2|Mew3334|brock|1078
|gen|9
|tier|[Gen 9] OU
|rated|
|rule|HP Percentage Mod: HP is shown in percentages
|rule|Endless Battle Clause: Forcing endless battles is banned
|rule|Species Clause: Limit one of each Pokémon
|rule|OHKO Clause: OHKO moves are banned
|rule|Evasion Items Clause: Evasion items are banned
|rule|Evasion Moves Clause: Evasion moves are banned
|rule|Evasion Abilities Clause: Evasion abilities are banned
|rule|Sleep Moves Clause: Sleep-inducing moves are banned
|clearpoke
|poke|p1|Darkrai|
|poke|p1|Great Tusk|
|poke|p1|Iron Crown|
|poke|p1|Lokix, M|
|poke|p1|Alomomola, M|
|poke|p1|Corviknight, F|
|poke|p2|Ting-Lu|
|poke|p2|Iron Crown|
|poke|p2|Pelipper, F|
|poke|p2|Darkrai|
|poke|p2|Zoroark-Hisui, F|
|poke|p2|Hatterene, F|
|teampreview
|inactive|Battle timer is ON: inactive players will automatically lose when time's up. (requested by pepsiefizzed)
|inactive|pepsiefizzed has 120 seconds left.
|
|t:|1757890879
|teamsize|p1|6
|teamsize|p2|6
|start
|switch|p1a: Great Tusk|Great Tusk|100/100
|switch|p2a: nae nae|Hatterene, F|100/100
|turn|1
|
|t:|1757890888
|move|p1a: Great Tusk|Knock Off|p2a: nae nae
|-damage|p2a: nae nae|65/100
|-enditem|p2a: nae nae|Red Card|[from] move: Knock Off|[of] p1a: Great Tusk
|move|p2a: nae nae|Calm Mind|p2a: nae nae
|-boost|p2a: nae nae|spa|1
|-boost|p2a: nae nae|spd|1
|
|upkeep
|turn|2
|
|t:|1757890896
|-end|p1a: Great Tusk|Protosynthesis|[silent]
|switch|p1a: Iron Crown|Iron Crown|100/100
|move|p2a: nae nae|Dazzling Gleam|p1a: Iron Crown
|-resisted|p1a: Iron Crown
|-damage|p1a: Iron Crown|64/100
|
|upkeep
|turn|3
|
|t:|1757890909
|switch|p2a: U ain't ready 4 Lu|Ting-Lu, shiny|100/100
|-ability|p2a: U ain't ready 4 Lu|Vessel of Ruin
|move|p1a: Iron Crown|Tachyon Cutter|p2a: U ain't ready 4 Lu
|-damage|p2a: U ain't ready 4 Lu|78/100
|-damage|p2a: U ain't ready 4 Lu|53/100
|-hitcount|p2a: U ain't ready 4 Lu|2
|
|-heal|p2a: U ain't ready 4 Lu|60/100|[from] item: Leftovers
|upkeep
|turn|4
|
|t:|1757890923
|-end|p1a: Iron Crown|Quark Drive|[silent]
|switch|p1a: Corviknight|Corviknight, F|100/100
|move|p2a: U ain't ready 4 Lu|Stealth Rock|p1a: Corviknight
|-sidestart|p1: pepsiefizzed|move: Stealth Rock
|
|-heal|p2a: U ain't ready 4 Lu|66/100|[from] item: Leftovers
|upkeep
|turn|5
|
|t:|1757890930
|switch|p2a: Iron Crown|Iron Crown|100/100
|move|p1a: Corviknight|Defog|p2a: Iron Crown
|-unboost|p2a: Iron Crown|evasion|1
|-sideend|p1: pepsiefizzed|Stealth Rock|[from] move: Defog|[of] p1a: Corviknight
|
|upkeep
|turn|6
|
|t:|1757890939
|switch|p1a: Great Tusk|Great Tusk|100/100
|move|p2a: Iron Crown|Flamethrower|p1a: Great Tusk
|-damage|p1a: Great Tusk|41/100
|-damage|p2a: Iron Crown|91/100|[from] item: Life Orb
|
|upkeep
|turn|7
|
|t:|1757890947
|-end|p1a: Great Tusk|Protosynthesis|[silent]
|switch|p1a: Alomomola|Alomomola, M|100/100
|move|p2a: Iron Crown|Flamethrower|p1a: Alomomola
|-resisted|p1a: Alomomola
|-damage|p1a: Alomomola|92/100
|-damage|p2a: Iron Crown|81/100|[from] item: Life Orb
|
|upkeep
|turn|8
|
|t:|1757890956
|switch|p2a: Pelipper|Pelipper, F|100/100
|-weather|RainDance|[from] ability: Drizzle|[of] p2a: Pelipper
|move|p1a: Alomomola|Flip Turn|p2a: Pelipper
|-resisted|p2a: Pelipper
|-damage|p2a: Pelipper|91/100
|
|t:|1757890960
|switch|p1a: Iron Crown|Iron Crown|64/100|[from] Flip Turn
|
|-weather|RainDance|[upkeep]
|upkeep
|turn|9
|
|t:|1757890978
|switch|p2a: U ain't ready 4 Lu|Ting-Lu, shiny|66/100
|-ability|p2a: U ain't ready 4 Lu|Vessel of Ruin
|move|p1a: Iron Crown|Tachyon Cutter|p2a: U ain't ready 4 Lu
|-damage|p2a: U ain't ready 4 Lu|44/100
|-damage|p2a: U ain't ready 4 Lu|23/100
|-hitcount|p2a: U ain't ready 4 Lu|2
|
|-weather|RainDance|[upkeep]
|-heal|p2a: U ain't ready 4 Lu|29/100|[from] item: Leftovers
|upkeep
|turn|10
|
|t:|1757890986
|move|p2a: U ain't ready 4 Lu|Protect|p2a: U ain't ready 4 Lu
|-singleturn|p2a: U ain't ready 4 Lu|Protect
|move|p1a: Iron Crown|Tachyon Cutter|p2a: U ain't ready 4 Lu
|-activate|p2a: U ain't ready 4 Lu|move: Protect
|
|-weather|RainDance|[upkeep]
|-heal|p2a: U ain't ready 4 Lu|36/100|[from] item: Leftovers
|upkeep
|turn|11
|
|t:|1757891004
|move|p1a: Iron Crown|Tachyon Cutter|p2a: U ain't ready 4 Lu
|-damage|p2a: U ain't ready 4 Lu|13/100
|-damage|p2a: U ain't ready 4 Lu|0 fnt
|faint|p2a: U ain't ready 4 Lu
|-hitcount|p2: U ain't ready 4 Lu|2
|
|-weather|RainDance|[upkeep]
|upkeep
|
|t:|1757891013
|switch|p2a: Pelipper|Pelipper, F|91/100
|turn|12
|
|t:|1757891018
|-end|p1a: Iron Crown|Quark Drive|[silent]
|switch|p1a: Alomomola|Alomomola, M|100/100
|move|p2a: Pelipper|U-turn|p1a: Alomomola
|-damage|p1a: Alomomola|94/100
|
|t:|1757891022
|switch|p2a: Evil Porygon|Darkrai|100/100|[from] U-turn
|
|-weather|none
|upkeep
|turn|13
|
|t:|1757891036
|-terastallize|p2a: Evil Porygon|Electric
|move|p2a: Evil Porygon|Thunder|p1a: Alomomola
|-supereffective|p1a: Alomomola
|-damage|p1a: Alomomola|4/100
|-status|p1a: Alomomola|par
|move|p1a: Alomomola|Body Slam|p2a: Evil Porygon
|-damage|p2a: Evil Porygon|79/100
|
|upkeep
|turn|14
|
|t:|1757891052
|switch|p2a: Iron Crown|Iron Crown|81/100
|move|p1a: Alomomola|Flip Turn|p2a: Iron Crown
|-damage|p2a: Iron Crown|44/100
|replace|p2a: Zoroark|Zoroark-Hisui, F
|-end|p2a: Zoroark|Illusion
|
|t:|1757891058
|switch|p1a: Lokix|Lokix, M, shiny|100/100|[from] Flip Turn
|
|upkeep
|turn|15
|
|t:|1757891063
|move|p2a: Zoroark|Flamethrower|p1a: Lokix
|-supereffective|p1a: Lokix
|-damage|p1a: Lokix|0 fnt
|faint|p1a: Lokix
|-damage|p2a: Zoroark|34/100|[from] item: Life Orb
|
|upkeep
|
|t:|1757891067
|switch|p1a: Darkrai|Darkrai|100/100
|turn|16
|
|t:|1757891075
|move|p2a: Zoroark|Detect|p2a: Zoroark
|-singleturn|p2a: Zoroark|Protect
|move|p1a: Darkrai|Nasty Plot|p1a: Darkrai
|-boost|p1a: Darkrai|spa|2
|
|upkeep
|turn|17
|
|t:|1757891098
|move|p1a: Darkrai|Dark Pulse|p2a: Zoroark
|-supereffective|p2a: Zoroark
|-damage|p2a: Zoroark|0 fnt
|faint|p2a: Zoroark
|
|upkeep
|
|t:|1757891101
|switch|p2a: Pelipper|Pelipper, F|91/100
|-weather|RainDance|[from] ability: Drizzle|[of] p2a: Pelipper
|turn|18
|
|t:|1757891109
|switch|p1a: Corviknight|Corviknight, F|100/100
|move|p2a: Pelipper|Tailwind|p2a: Pelipper
|-sidestart|p2: Mew3334|move: Tailwind
|
|-weather|RainDance|[upkeep]
|upkeep
|turn|19
|
|t:|1757891118
|move|p2a: Pelipper|U-turn|p1a: Corviknight
|-resisted|p1a: Corviknight
|-damage|p1a: Corviknight|99/100
|-damage|p2a: Pelipper|75/100|[from] item: Rocky Helmet|[of] p1a: Corviknight
|
|t:|1757891123
|switch|p2a: Evil Porygon|Darkrai, tera:Electric|79/100|[from] U-turn
|move|p1a: Corviknight|Brave Bird|p2a: Evil Porygon
|-resisted|p2a: Evil Porygon
|-damage|p2a: Evil Porygon|55/100
|-damage|p1a: Corviknight|94/100|[from] Recoil
|
|-weather|RainDance|[upkeep]
|upkeep
|turn|20
|
|t:|1757891138
|-terastallize|p1a: Corviknight|Dragon
|move|p2a: Evil Porygon|Ice Beam|p1a: Corviknight
|-supereffective|p1a: Corviknight
|-damage|p1a: Corviknight|1/100
|move|p1a: Corviknight|U-turn|p2a: Evil Porygon
|-damage|p2a: Evil Porygon|37/100
|
|t:|1757891148
|switch|p1a: Darkrai|Darkrai|100/100|[from] U-turn
|
|-weather|RainDance|[upkeep]
|upkeep
|turn|21
|
|t:|1757891156
|switch|p2a: nae nae|Hatterene, F|65/100
|move|p1a: Darkrai|Dark Pulse|p2a: nae nae
|-damage|p2a: nae nae|31/100
|
|-weather|RainDance|[upkeep]
|-sideend|p2: Mew3334|move: Tailwind
|upkeep
|turn|22
|
|t:|1757891161
|move|p1a: Darkrai|Nasty Plot|p1a: Darkrai
|-boost|p1a: Darkrai|spa|2
|move|p2a: nae nae|Dazzling Gleam|p1a: Darkrai
|-supereffective|p1a: Darkrai
|-damage|p1a: Darkrai|0 fnt
|faint|p1a: Darkrai
|
|-weather|none
|upkeep
|-message|pepsiefizzed forfeited.
|
|win|Mew3334
|raw|pepsiefizzed's rating: 1085 &rarr; <strong>1062</strong><br />(-23 for losing)
|raw|Mew3334's rating: 1078 &rarr; <strong>1107</strong><br />(+29 for winning)
|l|☆pepsiefizzed
|player|p1|
