|badge|p1|bronze|gen9doublesou|100-6
|uhtml|medal-msg|<div class="broadcast-blue">Curious what those medals under the avatar are? PS now has Ladder Seasons! For more information, check out the <a href="https://www.smogon.com/forums/threads/3740067/">thread on Smogon.</a></div>
|j|☆yxnghajile
|j|☆TREMBLEB4BAST
|t:|1757914519
|gametype|singles
|player|p1|yxnghajile|will|1383
|player|p2|TREMBLEB4BAST|geeta|1322
|gen|9
|tier|[Gen 9] OU
|rated|
|rule|HP Percentage Mod: HP is shown in percentages
|rule|Endless Battle Clause: Forcing endless battles is banned
|rule|Species Clause: Limit one of each Pokémon
|rule|OHKO Clause: OHKO moves are banned
|rule|Evasion Items Clause: Evasion items are banned
|rule|Evasion Moves Clause: Evasion moves are banned
|rule|Evasion Abilities Clause: Evasion abilities are banned
|rule|Sleep Moves Clause: Sleep-inducing moves are banned
|clearpoke
|poke|p1|Great Tusk|
|poke|p1|Moltres|
|poke|p1|Raging Bolt|
|poke|p1|Walking Wake|
|poke|p1|Ninetales, F|
|poke|p1|Iron Treads|
|poke|p2|Deoxys-Speed|
|poke|p2|Indeedee, M|
|poke|p2|Meowscarada, M|
|poke|p2|Araquanid, F|
|poke|p2|Hitmonlee, M|
|poke|p2|Scream Tail|
|teampreview
|inactive|Battle timer is ON: inactive players will automatically lose when time's up. (requested by yxnghajile)
|
|t:|1757914549
|teamsize|p1|6
|teamsize|p2|6
|start
|switch|p1a: Raging Bolt|Raging Bolt|100/100
|switch|p2a: Mob 100|Indeedee, M|100/100
|-fieldstart|move: Psychic Terrain|[from] ability: Psychic Surge|[of] p2a: Mob 100
|turn|1
|
|t:|1757914562
|move|p2a: Mob 100|Expanding Force|p1a: Raging Bolt
|-damage|p1a: Raging Bolt|37/100
|move|p1a: Raging Bolt|Volt Switch|p2a: Mob 100
|-damage|p2a: Mob 100|29/100
|-damage|p1a: Raging Bolt|27/100|[from] item: Life Orb
|
|t:|1757914571
|-end|p1a: Raging Bolt|Protosynthesis|[silent]
|switch|p1a: Ninetales|Ninetales, F|100/100|[from] Volt Switch
|-weather|SunnyDay|[from] ability: Drought|[of] p1a: Ninetales
|
|-weather|SunnyDay|[upkeep]
|upkeep
|turn|2
|inactive|yxnghajile has 120 seconds left.
|
|t:|1757914608
|move|p2a: Mob 100|Expanding Force|p1a: Ninetales
|-damage|p1a: Ninetales|14/100
|move|p1a: Ninetales|Overheat|p2a: Mob 100|[miss]
|-miss|p1a: Ninetales|p2a: Mob 100
|
|-weather|SunnyDay|[upkeep]
|upkeep
|turn|3
|inactive|yxnghajile has 120 seconds left.
|
|t:|1757914624
|switch|p1a: Iron Treads|Iron Treads|100/100
|move|p2a: Mob 100|Expanding Force|p1a: Iron Treads
|-resisted|p1a: Iron Treads
|-damage|p1a: Iron Treads|83/100
|
|-weather|SunnyDay|[upkeep]
|upkeep
|turn|4
|
|t:|1757914634
|switch|p2a: Bubble07|Araquanid, F, shiny|100/100
|move|p1a: Iron Treads|Knock Off|p2a: Bubble07
|-damage|p2a: Bubble07|74/100
|-enditem|p2a: Bubble07|Heavy-Duty Boots|[from] move: Knock Off|[of] p1a: Iron Treads
|
|-weather|SunnyDay|[upkeep]
|upkeep
|turn|5
|
|t:|1757914642
|move|p1a: Iron Treads|Volt Switch|p2a: Bubble07
|-supereffective|p2a: Bubble07
|-damage|p2a: Bubble07|55/100
|inactive|yxnghajile has 120 seconds left.
|
|t:|1757914662
|-end|p1a: Iron Treads|Quark Drive|[silent]
|switch|p1a: Raging Bolt|Raging Bolt|27/100|[from] Volt Switch
|-activate|p1a: Raging Bolt|ability: Protosynthesis
|-start|p1a: Raging Bolt|protosynthesisspa
|move|p2a: Bubble07|Sticky Web|p1a: Raging Bolt
|-sidestart|p1: yxnghajile|move: Sticky Web
|
|-weather|SunnyDay|[upkeep]
|-fieldend|move: Psychic Terrain
|upkeep
|turn|6
|
|t:|1757914670
|switch|p2a: Mob 100|Indeedee, M|29/100
|-fieldstart|move: Psychic Terrain|[from] ability: Psychic Surge|[of] p2a: Mob 100
|move|p1a: Raging Bolt|Volt Switch|p2a: Mob 100
|-damage|p2a: Mob 100|0 fnt
|faint|p2a: Mob 100
|-damage|p1a: Raging Bolt|17/100|[from] item: Life Orb
|
|t:|1757914677
|-end|p1a: Raging Bolt|Protosynthesis|[silent]
|switch|p1a: Iron Treads|Iron Treads|83/100|[from] Volt Switch
|-activate|p1a: Iron Treads|move: Sticky Web
|-unboost|p1a: Iron Treads|spe|1
|
|-weather|SunnyDay|[upkeep]
|upkeep
|
|t:|1757914679
|switch|p2a: Hitmon Ali|Hitmonlee, M|100/100
|-enditem|p2a: Hitmon Ali|Psychic Seed
|-boost|p2a: Hitmon Ali|spd|1|[from] item: Psychic Seed
|turn|7
|
|t:|1757914684
|-terastallize|p1a: Iron Treads|Ghost
|move|p2a: Hitmon Ali|Close Combat|p1a: Iron Treads
|-immune|p1a: Iron Treads
|move|p1a: Iron Treads|Rapid Spin|p2a: Hitmon Ali
|-damage|p2a: Hitmon Ali|70/100
|-boost|p1a: Iron Treads|spe|1
|-sideend|p1: yxnghajile|Sticky Web|[from] move: Rapid Spin|[of] p1a: Iron Treads
|
|-weather|SunnyDay|[upkeep]
|upkeep
|turn|8
|
|t:|1757914695
|move|p2a: Hitmon Ali|Knock Off|p1a: Iron Treads
|-supereffective|p1a: Iron Treads
|-damage|p1a: Iron Treads|32/100
|-enditem|p1a: Iron Treads|Assault Vest|[from] move: Knock Off|[of] p2a: Hitmon Ali
|move|p1a: Iron Treads|Earthquake|p2a: Hitmon Ali
|-damage|p2a: Hitmon Ali|0 fnt
|faint|p2a: Hitmon Ali
|
|-weather|none
|upkeep
|
|t:|1757914711
|switch|p2a: Golliad|Scream Tail, shiny|100/100
|-enditem|p2a: Golliad|Booster Energy
|-activate|p2a: Golliad|ability: Protosynthesis|[fromitem]
|-start|p2a: Golliad|protosynthesisspe
|turn|9
|
|t:|1757914722
|move|p2a: Golliad|Psyshock|p1a: Iron Treads
|-damage|p1a: Iron Treads|5/100
|move|p1a: Iron Treads|Earthquake|p2a: Golliad
|-damage|p2a: Golliad|66/100
|
|upkeep
|turn|10
|
|t:|1757914729
|move|p2a: Golliad|Psyshock|p1a: Iron Treads
|-damage|p1a: Iron Treads|0 fnt
|faint|p1a: Iron Treads
|-end|p1a: Iron Treads|Quark Drive|[silent]
|
|-fieldend|move: Psychic Terrain
|upkeep
|inactive|yxnghajile has 120 seconds left.
|
|t:|1757914763
|switch|p1a: Moltres|Moltres|100/100
|turn|11
|
|t:|1757914765
|move|p2a: Golliad|Calm Mind|p2a: Golliad
|-boost|p2a: Golliad|spa|1
|-boost|p2a: Golliad|spd|1
|move|p1a: Moltres|Flamethrower|p2a: Golliad
|-damage|p2a: Golliad|47/100
|
|upkeep
|turn|12
|
|t:|1757914772
|move|p2a: Golliad|Psyshock|p1a: Moltres
|-crit|p1a: Moltres
|-damage|p1a: Moltres|58/100
|move|p1a: Moltres|Flamethrower|p2a: Golliad
|-damage|p2a: Golliad|26/100
|
|upkeep
|turn|13
|
|t:|1757914784
|move|p2a: Golliad|Boomburst|p1a: Moltres
|-damage|p1a: Moltres|7/100
|move|p1a: Moltres|Flamethrower|p2a: Golliad
|-damage|p2a: Golliad|4/100
|
|upkeep
|turn|14
|
|t:|1757914788
|move|p2a: Golliad|Boomburst|p1a: Moltres
|-damage|p1a: Moltres|0 fnt
|faint|p1a: Moltres
|
|upkeep
|
|t:|1757914790
|switch|p1a: Ninetales|Ninetales, F|14/100
|-weather|SunnyDay|[from] ability: Drought|[of] p1a: Ninetales
|turn|15
|
|t:|1757914795
|move|p2a: Golliad|Boomburst|p1a: Ninetales
|-damage|p1a: Ninetales|0 fnt
|faint|p1a: Ninetales
|
|-weather|SunnyDay|[upkeep]
|upkeep
|
|t:|1757914800
|switch|p1a: Raging Bolt|Raging Bolt|17/100
|-activate|p1a: Raging Bolt|ability: Protosynthesis
|-start|p1a: Raging Bolt|protosynthesisspa
|turn|16
|
|t:|1757914802
|move|p1a: Raging Bolt|Thunderclap|p2a: Golliad
|-damage|p2a: Golliad|0 fnt
|faint|p2a: Golliad
|-end|p2a: Golliad|Protosynthesis|[silent]
|-damage|p1a: Raging Bolt|7/100|[from] item: Life Orb
|
|-weather|SunnyDay|[upkeep]
|upkeep
|
|t:|1757914806
|switch|p2a: Puss in Boots|Meowscarada, M|100/100
|turn|17
|
|t:|1757914828
|move|p2a: Puss in Boots|U-turn|p1a: Raging Bolt
|-start|p2a: Puss in Boots|typechange|Bug|[from] ability: Protean
|-damage|p1a: Raging Bolt|0 fnt
|faint|p1a: Raging Bolt
|-end|p1a: Raging Bolt|Protosynthesis|[silent]
|
|t:|1757914834
|switch|p2a: Alakadam|Deoxys-Speed, shiny|100/100|[from] U-turn
|-ability|p2a: Alakadam|Pressure
|
|-weather|SunnyDay|[upkeep]
|upkeep
|
|t:|1757914841
|switch|p1a: Walking Wake|Walking Wake|100/100
|-activate|p1a: Walking Wake|ability: Protosynthesis
|-start|p1a: Walking Wake|protosynthesisspe
|turn|18
|
|t:|1757914848
|-terastallize|p2a: Alakadam|Fairy
|move|p1a: Walking Wake|Hydro Steam|p2a: Alakadam
|-damage|p2a: Alakadam|5/100
|move|p2a: Alakadam|Expanding Force|p1a: Walking Wake
|-damage|p1a: Walking Wake|43/100
|
|-weather|SunnyDay|[upkeep]
|upkeep
|turn|19
|
|t:|1757914854
|move|p1a: Walking Wake|Hydro Steam|p2a: Alakadam
|-damage|p2a: Alakadam|0 fnt
|faint|p2a: Alakadam
|
|-weather|SunnyDay|[upkeep]
|upkeep
|
|t:|1757914857
|switch|p2a: Bubble07|Araquanid, F, shiny|55/100
|turn|20
|
|t:|1757914862
|move|p1a: Walking Wake|Draco Meteor|p2a: Bubble07
|-damage|p2a: Bubble07|0 fnt
|-unboost|p1a: Walking Wake|spa|2
|faint|p2a: Bubble07
|
|-weather|SunnyDay|[upkeep]
|upkeep
|
|t:|1757914865
|switch|p2a: Puss in Boots|Meowscarada, M|100/100
|turn|21
|
|t:|1757914869
|-end|p1a: Walking Wake|Protosynthesis|[silent]
|switch|p1a: Great Tusk|Great Tusk|100/100
|-activate|p1a: Great Tusk|ability: Protosynthesis
|-start|p1a: Great Tusk|protosynthesisatk
|move|p2a: Puss in Boots|Triple Axel|p1a: Great Tusk
|-start|p2a: Puss in Boots|typechange|Ice|[from] ability: Protean
|-supereffective|p1a: Great Tusk
|-damage|p1a: Great Tusk|86/100
|-supereffective|p1a: Great Tusk
|-damage|p1a: Great Tusk|59/100
|-supereffective|p1a: Great Tusk
|-damage|p1a: Great Tusk|15/100
|-hitcount|p1a: Great Tusk|3
|
|-weather|SunnyDay|[upkeep]
|upkeep
|turn|22
|
|t:|1757914873
|move|p2a: Puss in Boots|Flower Trick|p1a: Great Tusk
|-supereffective|p1a: Great Tusk
|-crit|p1a: Great Tusk
|-damage|p1a: Great Tusk|0 fnt
|faint|p1a: Great Tusk
|-end|p1a: Great Tusk|Protosynthesis|[silent]
|
|-weather|none
|upkeep
|
|t:|1757914875
|switch|p1a: Walking Wake|Walking Wake|43/100
|turn|23
|
|t:|1757914880
|move|p2a: Puss in Boots|Triple Axel|p1a: Walking Wake
|-damage|p1a: Walking Wake|32/100
|-damage|p1a: Walking Wake|11/100
|-damage|p1a: Walking Wake|0 fnt
|faint|p1a: Walking Wake
|-end|p1a: Walking Wake|Protosynthesis|[silent]
|-hitcount|p1: Walking Wake|3
|
|win|TREMBLEB4BAST
|raw|yxnghajile's rating: 1383 &rarr; <strong>1360</strong><br />(-23 for losing)
|raw|TREMBLEB4BAST's rating: 1322 &rarr; <strong>1345</strong><br />(+23 for winning)
|c|☆TREMBLEB4BAST|Gg
|l|☆yxnghajile
|player|p1|
|l|☆TREMBLEB4BAST
|player|p2|
