|j|☆SittinGamer
|j|☆JacezZ
|t:|1757909492
|gametype|singles
|player|p1|SittinGamer|dawn-gen4pt|1459
|player|p2|JacezZ|blackbelt-gen4dp|1456
|gen|9
|tier|[Gen 9] OU
|rated|
|rule|HP Percentage Mod: HP is shown in percentages
|rule|Endless Battle Clause: Forcing endless battles is banned
|rule|Species Clause: Limit one of each Pokémon
|rule|OHKO Clause: OHKO moves are banned
|rule|Evasion Items Clause: Evasion items are banned
|rule|Evasion Moves Clause: Evasion moves are banned
|rule|Evasion Abilities Clause: Evasion abilities are banned
|rule|Sleep Moves Clause: Sleep-inducing moves are banned
|clearpoke
|poke|p1|Infernape, M|
|poke|p1|Samurott-Hisui, M|
|poke|p1|Gholdengo|
|poke|p1|Hatterene, F|
|poke|p1|Great Tusk|
|poke|p1|Zamazenta-*|
|poke|p2|Swampert, M|
|poke|p2|Slowking-Galar, F|
|poke|p2|Thundurus-Therian, M|
|poke|p2|Ogerpon-Cornerstone, F|
|poke|p2|Gholdengo|
|poke|p2|Great Tusk|
|teampreview
|
|t:|1757909505
|teamsize|p1|6
|teamsize|p2|6
|start
|switch|p1a: Infernape|Infernape, M|100/100
|switch|p2a: Ogerpon|Ogerpon-Cornerstone, F|100/100
|turn|1
|
|t:|1757909520
|move|p2a: Ogerpon|Ivy Cudgel|p1a: Infernape|[anim] Ivy Cudgel Rock
|-enditem|p1a: Infernape|Focus Sash
|-damage|p1a: Infernape|1/100
|move|p1a: Infernape|Overheat|p2a: Ogerpon|[miss]
|-miss|p1a: Infernape|p2a: Ogerpon
|
|upkeep
|turn|2
|
|t:|1757909530
|switch|p1a: Zamazenta|Zamazenta|100/100
|-ability|p1a: Zamazenta|Dauntless Shield|boost
|-boost|p1a: Zamazenta|def|1
|move|p2a: Ogerpon|U-turn|p1a: Zamazenta
|-resisted|p1a: Zamazenta
|-damage|p1a: Zamazenta|94/100
|
|t:|1757909536
|switch|p2a: Slowking|Slowking-Galar, F|100/100|[from] U-turn
|
|-heal|p1a: Zamazenta|99/100|[from] item: Leftovers
|upkeep
|turn|3
|
|t:|1757909542
|switch|p1a: Samurott|Samurott-Hisui, M|100/100
|-prepare|p2a: Slowking|Chilly Reception|[premajor]
|move|p2a: Slowking|Chilly Reception|p2a: Slowking
|-weather|Snowscape
|
|t:|1757909546
|switch|p2a: Thundurus|Thundurus-Therian, M|100/100|[from] Chilly Reception
|
|-weather|Snowscape|[upkeep]
|upkeep
|turn|4
|
|t:|1757909552
|move|p2a: Thundurus|Volt Switch|p1a: Samurott
|-supereffective|p1a: Samurott
|-damage|p1a: Samurott|42/100
|
|t:|1757909555
|switch|p2a: Great Tusk|Great Tusk|100/100|[from] Volt Switch
|move|p1a: Samurott|Ceaseless Edge|p2a: Great Tusk
|-resisted|p2a: Great Tusk
|-damage|p2a: Great Tusk|87/100
|-damage|p1a: Samurott|26/100|[from] item: Rocky Helmet|[of] p2a: Great Tusk
|-sidestart|p2: JacezZ|Spikes
|
|-weather|Snowscape|[upkeep]
|upkeep
|turn|5
|
|t:|1757909578
|switch|p1a: Hatterene|Hatterene, F|100/100
|move|p2a: Great Tusk|Headlong Rush|p1a: Hatterene
|-damage|p1a: Hatterene|43/100
|-unboost|p2a: Great Tusk|def|1
|-unboost|p2a: Great Tusk|spd|1
|
|-weather|Snowscape|[upkeep]
|upkeep
|turn|6
|
|t:|1757909597
|-end|p2a: Great Tusk|Protosynthesis|[silent]
|switch|p2a: Slowking|Slowking-Galar, F|100/100
|-damage|p2a: Slowking|88/100|[from] Spikes
|move|p1a: Hatterene|Psychic Noise|p2a: Slowking
|-damage|p2a: Slowking|64/100
|-start|p2a: Slowking|move: Heal Block
|
|-weather|Snowscape|[upkeep]
|upkeep
|turn|7
|
|t:|1757909603
|move|p1a: Hatterene|Psyshock|p2a: Slowking
|-damage|p2a: Slowking|19/100
|-prepare|p2a: Slowking|Chilly Reception|[premajor]
|move|p2a: Slowking|Chilly Reception|p2a: Slowking
|
|t:|1757909615
|switch|p2a: Gholdengo|Gholdengo|100/100|[from] Chilly Reception
|-damage|p2a: Gholdengo|88/100|[from] Spikes
|
|-weather|none
|upkeep
|turn|8
|
|t:|1757909621
|switch|p1a: Samurott|Samurott-Hisui, M|26/100
|move|p2a: Gholdengo|Shadow Ball|p1a: Samurott
|-resisted|p1a: Samurott
|-damage|p1a: Samurott|10/100
|
|upkeep
|turn|9
|
|t:|1757909631
|move|p2a: Gholdengo|Shadow Ball|p1a: Samurott
|-resisted|p1a: Samurott
|-damage|p1a: Samurott|0 fnt
|faint|p1a: Samurott
|
|upkeep
|
|t:|1757909637
|switch|p1a: Gholdengo|Gholdengo|100/100
|turn|10
|
|t:|1757909649
|switch|p2a: Swampert|Swampert, M|100/100
|-damage|p2a: Swampert|88/100|[from] Spikes
|move|p1a: Gholdengo|Shadow Ball|p2a: Swampert
|-damage|p2a: Swampert|50/100
|
|upkeep
|turn|11
|
|t:|1757909657
|switch|p1a: Hatterene|Hatterene, F|43/100
|move|p2a: Swampert|Earthquake|p1a: Hatterene
|-damage|p1a: Hatterene|0 fnt
|faint|p1a: Hatterene
|
|upkeep
|
|t:|1757909659
|switch|p1a: Great Tusk|Great Tusk|100/100
|-enditem|p1a: Great Tusk|Booster Energy
|-activate|p1a: Great Tusk|ability: Protosynthesis|[fromitem]
|-start|p1a: Great Tusk|protosynthesisatk
|turn|12
|
|t:|1757909665
|move|p1a: Great Tusk|Rapid Spin|p2a: Swampert
|-damage|p2a: Swampert|37/100
|-boost|p1a: Great Tusk|spe|1
|move|p2a: Swampert|Roar|p1a: Great Tusk
|-end|p1a: Great Tusk|Protosynthesis|[silent]
|drag|p1a: Zamazenta|Zamazenta|99/100
|
|-heal|p1a: Zamazenta|100/100|[from] item: Leftovers
|upkeep
|turn|13
|
|t:|1757909669
|move|p1a: Zamazenta|Iron Defense|p1a: Zamazenta
|-boost|p1a: Zamazenta|def|2
|move|p2a: Swampert|Stealth Rock|p1a: Zamazenta
|-sidestart|p1: SittinGamer|move: Stealth Rock
|
|upkeep
|turn|14
|
|t:|1757909673
|switch|p2a: Gholdengo|Gholdengo|88/100
|-damage|p2a: Gholdengo|76/100|[from] Spikes
|move|p1a: Zamazenta|Body Press|p2a: Gholdengo
|-immune|p2a: Gholdengo
|
|upkeep
|turn|15
|
|t:|1757909677
|move|p2a: Gholdengo|Make It Rain|p1a: Zamazenta
|-crit|p1a: Zamazenta
|-damage|p1a: Zamazenta|25/100
|-unboost|p2a: Gholdengo|spa|1
|move|p1a: Zamazenta|Crunch|p2a: Gholdengo
|-supereffective|p2a: Gholdengo
|-damage|p2a: Gholdengo|30/100
|
|-heal|p1a: Zamazenta|31/100|[from] item: Leftovers
|upkeep
|turn|16
|
|t:|1757909721
|move|p2a: Gholdengo|Make It Rain|p1a: Zamazenta
|-damage|p1a: Zamazenta|1/100
|-unboost|p2a: Gholdengo|spa|1
|move|p1a: Zamazenta|Crunch|p2a: Gholdengo
|-supereffective|p2a: Gholdengo
|-damage|p2a: Gholdengo|0 fnt
|faint|p2a: Gholdengo
|
|-heal|p1a: Zamazenta|7/100|[from] item: Leftovers
|upkeep
|
|t:|1757909735
|switch|p2a: Great Tusk|Great Tusk|87/100
|-damage|p2a: Great Tusk|74/100|[from] Spikes
|turn|17
|
|t:|1757909747
|move|p1a: Zamazenta|Body Press|p2a: Great Tusk
|-damage|p2a: Great Tusk|34/100
|-damage|p1a: Zamazenta|0 fnt|[from] item: Rocky Helmet|[of] p2a: Great Tusk
|faint|p1a: Zamazenta
|move|p2a: Great Tusk|Knock Off|p1: Zamazenta|[notarget]
|-fail|p2a: Great Tusk
|
|upkeep
|
|t:|1757909749
|switch|p1a: Great Tusk|Great Tusk|100/100
|-damage|p1a: Great Tusk|98/100|[from] Stealth Rock
|turn|18
|
|t:|1757909757
|move|p1a: Great Tusk|Rapid Spin|p2a: Great Tusk
|-damage|p2a: Great Tusk|24/100
|-boost|p1a: Great Tusk|spe|1
|-damage|p1a: Great Tusk|81/100|[from] item: Rocky Helmet|[of] p2a: Great Tusk
|-sideend|p1: SittinGamer|Stealth Rock|[from] move: Rapid Spin|[of] p1a: Great Tusk
|move|p2a: Great Tusk|Rapid Spin|p1a: Great Tusk
|-damage|p1a: Great Tusk|71/100
|-boost|p2a: Great Tusk|spe|1
|-sideend|p2: JacezZ|Spikes|[from] move: Rapid Spin|[of] p2a: Great Tusk
|
|upkeep
|turn|19
|
|t:|1757909760
|move|p1a: Great Tusk|Ice Spinner|p2a: Great Tusk
|-supereffective|p2a: Great Tusk
|-damage|p2a: Great Tusk|0 fnt
|-damage|p1a: Great Tusk|54/100|[from] item: Rocky Helmet|[of] p2a: Great Tusk
|faint|p2a: Great Tusk
|-end|p2a: Great Tusk|Protosynthesis|[silent]
|
|upkeep
|
|t:|1757909776
|switch|p2a: Slowking|Slowking-Galar, F|52/100
|turn|20
|
|t:|1757909779
|switch|p2a: Swampert|Swampert, M|37/100
|move|p1a: Great Tusk|Knock Off|p2a: Swampert
|-damage|p2a: Swampert|18/100
|-enditem|p2a: Swampert|Rindo Berry|[from] move: Knock Off|[of] p1a: Great Tusk
|
|upkeep
|turn|21
|
|t:|1757909784
|move|p1a: Great Tusk|Ice Spinner|p2a: Swampert
|-damage|p2a: Swampert|0 fnt
|faint|p2a: Swampert
|
|upkeep
|
|t:|1757909786
|switch|p2a: Slowking|Slowking-Galar, F|85/100
|turn|22
|
|t:|1757909789
|move|p1a: Great Tusk|Headlong Rush|p2a: Slowking
|-supereffective|p2a: Slowking
|-enditem|p2a: Slowking|Shuca Berry|[eat]
|-enditem|p2a: Slowking|Shuca Berry|[weaken]
|-damage|p2a: Slowking|23/100
|-unboost|p1a: Great Tusk|def|1
|-unboost|p1a: Great Tusk|spd|1
|move|p2a: Slowking|Psychic Noise|p1a: Great Tusk
|-supereffective|p1a: Great Tusk
|-damage|p1a: Great Tusk|0 fnt
|faint|p1a: Great Tusk
|-end|p1a: Great Tusk|Protosynthesis|[silent]
|
|upkeep
|
|t:|1757909795
|switch|p1a: Infernape|Infernape, M|1/100
|turn|23
|
|t:|1757909804
|move|p1a: Infernape|Stealth Rock|p2a: Slowking
|-sidestart|p2: JacezZ|move: Stealth Rock
|move|p2a: Slowking|Sludge Bomb|p1a: Infernape
|-damage|p1a: Infernape|0 fnt
|faint|p1a: Infernape
|
|upkeep
|
|t:|1757909807
|switch|p1a: Gholdengo|Gholdengo|100/100
|turn|24
|
|t:|1757909811
|move|p1a: Gholdengo|Shadow Ball|p2a: Slowking
|-supereffective|p2a: Slowking
|-damage|p2a: Slowking|0 fnt
|faint|p2a: Slowking
|
|upkeep
|
|t:|1757909817
|switch|p2a: Thundurus|Thundurus-Therian, M|100/100
|turn|25
|
|t:|1757909821
|move|p1a: Gholdengo|Shadow Ball|p2a: Thundurus
|-damage|p2a: Thundurus|42/100
|-unboost|p2a: Thundurus|spd|1
|move|p2a: Thundurus|Knock Off|p1a: Gholdengo
|-supereffective|p1a: Gholdengo
|-damage|p1a: Gholdengo|52/100
|-enditem|p1a: Gholdengo|Choice Scarf|[from] move: Knock Off|[of] p2a: Thundurus
|
|upkeep
|turn|26
|
|t:|1757909824
|move|p2a: Thundurus|Volt Switch|p1a: Gholdengo
|-damage|p1a: Gholdengo|6/100
|
|t:|1757909826
|switch|p2a: Ogerpon|Ogerpon-Cornerstone, F|100/100|[from] Volt Switch
|-damage|p2a: Ogerpon|88/100|[from] Stealth Rock
|move|p1a: Gholdengo|Shadow Ball|p2a: Ogerpon
|-damage|p2a: Ogerpon|39/100
|
|upkeep
|turn|27
|
|t:|1757909829
|move|p2a: Ogerpon|Ivy Cudgel|p1a: Gholdengo|[anim] Ivy Cudgel Rock
|-resisted|p1a: Gholdengo
|-damage|p1a: Gholdengo|0 fnt
|faint|p1a: Gholdengo
|
|win|JacezZ
|raw|SittinGamer's rating: 1459 &rarr; <strong>1439</strong><br />(-20 for losing)
|raw|JacezZ's rating: 1456 &rarr; <strong>1476</strong><br />(+20 for winning)
|l|☆SittinGamer
|player|p1|
|l|☆JacezZ
|player|p2|
