|j|☆omari p
|j|☆Cap2n
|t:|1757822172
|gametype|singles
|player|p1|omari p|pokemonrangerf|1641
|player|p2|Cap2n|burglar|1522
|gen|9
|tier|[Gen 9] OU
|rated|
|rule|HP Percentage Mod: HP is shown in percentages
|rule|Endless Battle Clause: Forcing endless battles is banned
|rule|Species Clause: Limit one of each Pokémon
|rule|OHKO Clause: OHKO moves are banned
|rule|Evasion Items Clause: Evasion items are banned
|rule|Evasion Moves Clause: Evasion moves are banned
|rule|Evasion Abilities Clause: Evasion abilities are banned
|rule|Sleep Moves Clause: Sleep-inducing moves are banned
|clearpoke
|poke|p1|Ting-Lu|
|poke|p1|Glastrier|
|poke|p1|Thundurus-Therian, M|
|poke|p1|Cinderace, M|
|poke|p1|Latios, M|
|poke|p1|Corviknight, F|
|poke|p2|Pelipper, F|
|poke|p2|Talonflame, M|
|poke|p2|Iron Treads|
|poke|p2|Zamazenta-*|
|poke|p2|Greninja-*, M|
|poke|p2|Hatterene, F|
|teampreview
|inactive|Battle timer is ON: inactive players will automatically lose when time's up. (requested by Cap2n)
|inactive|omari p has 120 seconds left.
|
|t:|1757822224
|teamsize|p1|6
|teamsize|p2|6
|start
|switch|p1a: Ting-Lucifer|Ting-Lu|100/100
|switch|p2a: Ranas|Greninja, M|100/100
|-ability|p1a: Ting-Lucifer|Vessel of Ruin
|turn|1
|
|t:|1757822229
|move|p2a: Ranas|U-turn|p1a: Ting-Lucifer
|-start|p2a: Ranas|typechange|Bug|[from] ability: Protean
|-supereffective|p1a: Ting-Lucifer
|-damage|p1a: Ting-Lucifer|78/100
|-enditem|p1a: Ting-Lucifer|Weakness Policy
|-boost|p1a: Ting-Lucifer|atk|2|[from] item: Weakness Policy
|-boost|p1a: Ting-Lucifer|spa|2|[from] item: Weakness Policy
|
|t:|1757822235
|switch|p2a: Annabelle|Hatterene, F, shiny|100/100|[from] U-turn
|move|p1a: Ting-Lucifer|Earthquake|p2a: Annabelle
|-damage|p2a: Annabelle|13/100
|
|-heal|p2a: Annabelle|19/100|[from] item: Leftovers
|upkeep
|turn|2
|
|t:|1757822258
|move|p1a: Ting-Lucifer|Heavy Slam|p2a: Annabelle
|-supereffective|p2a: Annabelle
|-damage|p2a: Annabelle|0 fnt
|faint|p2a: Annabelle
|
|upkeep
|
|t:|1757822260
|switch|p2a: Artemis|Zamazenta|100/100
|-ability|p2a: Artemis|Dauntless Shield|boost
|-boost|p2a: Artemis|def|1
|turn|3
|
|t:|1757822268
|switch|p1a: Corviknight|Corviknight, F|100/100
|-ability|p1a: Corviknight|Pressure
|move|p2a: Artemis|Close Combat|p1a: Corviknight
|-damage|p1a: Corviknight|35/100
|-unboost|p2a: Artemis|def|1
|-unboost|p2a: Artemis|spd|1
|-damage|p2a: Artemis|84/100|[from] item: Rocky Helmet|[of] p1a: Corviknight
|-damage|p2a: Artemis|74/100|[from] item: Life Orb
|
|upkeep
|turn|4
|
|t:|1757822273
|-terastallize|p1a: Corviknight|Ghost
|move|p2a: Artemis|Close Combat|p1a: Corviknight
|-immune|p1a: Corviknight
|move|p1a: Corviknight|Roost|p1a: Corviknight
|-heal|p1a: Corviknight|85/100
|
|upkeep
|turn|5
|
|t:|1757822281
|switch|p2a: STORMBRINGER|Pelipper, F|100/100
|-weather|RainDance|[from] ability: Drizzle|[of] p2a: STORMBRINGER
|move|p1a: Corviknight|Iron Defense|p1a: Corviknight
|-boost|p1a: Corviknight|def|2
|
|-weather|RainDance|[upkeep]
|upkeep
|turn|6
|
|t:|1757822290
|switch|p1a: Ting-Lucifer|Ting-Lu|78/100
|-ability|p1a: Ting-Lucifer|Vessel of Ruin
|move|p2a: STORMBRINGER|Weather Ball|p1a: Ting-Lucifer
|-supereffective|p1a: Ting-Lucifer
|-damage|p1a: Ting-Lucifer|19/100
|
|-weather|RainDance|[upkeep]
|upkeep
|turn|7
|j| FaronAan
|
|t:|1757822319
|move|p2a: STORMBRINGER|Weather Ball|p1a: Ting-Lucifer
|-supereffective|p1a: Ting-Lucifer
|-damage|p1a: Ting-Lucifer|0 fnt
|faint|p1a: Ting-Lucifer
|
|-weather|RainDance|[upkeep]
|upkeep
|
|t:|1757822323
|switch|p1a: Thundurus|Thundurus-Therian, M|100/100
|turn|8
|
|t:|1757822343
|switch|p2a: Big Unit 51|Iron Treads|100/100
|move|p1a: Thundurus|Thunderbolt|p2a: Big Unit 51
|-immune|p2a: Big Unit 51
|
|-weather|RainDance|[upkeep]
|upkeep
|turn|9
|
|t:|1757822373
|move|p2a: Big Unit 51|Rapid Spin|p1a: Thundurus
|-damage|p1a: Thundurus|80/100
|-boost|p2a: Big Unit 51|spe|1
|move|p1a: Thundurus|Focus Blast|p2a: Big Unit 51
|-supereffective|p2a: Big Unit 51
|-damage|p2a: Big Unit 51|18/100
|-unboost|p2a: Big Unit 51|spd|1
|
|-weather|RainDance|[upkeep]
|-heal|p1a: Thundurus|86/100|[from] item: Leftovers
|upkeep
|turn|10
|
|t:|1757822381
|move|p2a: Big Unit 51|Knock Off|p1a: Thundurus
|-damage|p1a: Thundurus|44/100
|-enditem|p1a: Thundurus|Leftovers|[from] move: Knock Off|[of] p2a: Big Unit 51
|move|p1a: Thundurus|Focus Blast|p2a: Big Unit 51
|-supereffective|p2a: Big Unit 51
|-damage|p2a: Big Unit 51|0 fnt
|faint|p2a: Big Unit 51
|-end|p2a: Big Unit 51|Quark Drive|[silent]
|
|-weather|RainDance|[upkeep]
|upkeep
|
|t:|1757822390
|switch|p2a: Ranas|Greninja, M|100/100
|turn|11
|
|t:|1757822393
|move|p2a: Ranas|Surf|p1a: Thundurus
|-start|p2a: Ranas|typechange|Water|[from] ability: Protean
|-damage|p1a: Thundurus|0 fnt
|faint|p1a: Thundurus
|
|-weather|RainDance|[upkeep]
|upkeep
|
|t:|1757822396
|switch|p1a: Latios|Latios, M|100/100
|turn|12
|
|t:|1757822411
|switch|p2a: Artemis|Zamazenta|74/100
|move|p1a: Latios|Luster Purge|p2a: Artemis
|-supereffective|p2a: Artemis
|-crit|p2a: Artemis
|-damage|p2a: Artemis|0 fnt
|faint|p2a: Artemis
|
|-weather|none
|upkeep
|
|t:|1757822417
|switch|p2a: Ranas|Greninja, M|100/100
|turn|13
|
|t:|1757822421
|switch|p1a: Cinderace|Cinderace, M|100/100
|move|p2a: Ranas|Dark Pulse|p1a: Cinderace
|-start|p2a: Ranas|typechange|Dark|[from] ability: Protean
|-damage|p1a: Cinderace|45/100
|
|upkeep
|turn|14
|
|t:|1757822425
|move|p1a: Cinderace|Sucker Punch|p2a: Ranas
|-start|p1a: Cinderace|typechange|Dark|[from] ability: Libero
|-resisted|p2a: Ranas
|-damage|p2a: Ranas|71/100
|move|p2a: Ranas|Dark Pulse|p1a: Cinderace
|-resisted|p1a: Cinderace
|-damage|p1a: Cinderace|16/100
|
|upkeep
|turn|15
|
|t:|1757822428
|move|p1a: Cinderace|Sucker Punch|p2a: Ranas
|-resisted|p2a: Ranas
|-damage|p2a: Ranas|41/100
|move|p2a: Ranas|Dark Pulse|p1a: Cinderace
|-resisted|p1a: Cinderace
|-damage|p1a: Cinderace|0 fnt
|faint|p1a: Cinderace
|
|upkeep
|
|t:|1757822430
|switch|p1a: Glastrier|Glastrier|100/100
|turn|16
|
|t:|1757822455
|switch|p2a: STORMBRINGER|Pelipper, F|100/100
|-weather|RainDance|[from] ability: Drizzle|[of] p2a: STORMBRINGER
|move|p1a: Glastrier|Swords Dance|p1a: Glastrier
|-boost|p1a: Glastrier|atk|2
|
|-weather|RainDance|[upkeep]
|upkeep
|turn|17
|
|t:|1757822462
|move|p2a: STORMBRINGER|Weather Ball|p1a: Glastrier
|-damage|p1a: Glastrier|63/100
|move|p1a: Glastrier|Icicle Crash|p2a: STORMBRINGER
|-damage|p2a: STORMBRINGER|28/100
|
|-weather|RainDance|[upkeep]
|-heal|p1a: Glastrier|69/100|[from] item: Leftovers
|upkeep
|turn|18
|inactive|Cap2n has 120 seconds left.
|
|t:|1757822488
|move|p2a: STORMBRINGER|Weather Ball|p1a: Glastrier
|-damage|p1a: Glastrier|35/100
|move|p1a: Glastrier|Icicle Crash|p2a: STORMBRINGER|[miss]
|-miss|p1a: Glastrier|p2a: STORMBRINGER
|
|-weather|RainDance|[upkeep]
|-heal|p1a: Glastrier|41/100|[from] item: Leftovers
|upkeep
|turn|19
|inactive|Cap2n has 120 seconds left.
|inactive|omari p has 120 seconds left.
|
|t:|1757822526
|move|p2a: STORMBRINGER|Weather Ball|p1a: Glastrier
|-damage|p1a: Glastrier|6/100
|move|p1a: Glastrier|Icicle Crash|p2a: STORMBRINGER
|-damage|p2a: STORMBRINGER|0 fnt
|faint|p2a: STORMBRINGER
|-ability|p1a: Glastrier|Chilling Neigh|boost
|-boost|p1a: Glastrier|atk|1
|
|-weather|RainDance|[upkeep]
|-heal|p1a: Glastrier|13/100|[from] item: Leftovers
|upkeep
|j| LuLuNaNaRaRa
|
|t:|1757822551
|switch|p2a: Ranas|Greninja, M|41/100
|turn|20
|inactive|omari p has 120 seconds left.
|inactive|omari p has 90 seconds left.
|
|t:|1757822599
|move|p2a: Ranas|Dark Pulse|p1a: Glastrier
|-start|p2a: Ranas|typechange|Dark|[from] ability: Protean
|-damage|p1a: Glastrier|0 fnt
|faint|p1a: Glastrier
|
|-weather|RainDance|[upkeep]
|upkeep
|
|t:|1757822604
|switch|p1a: Latios|Latios, M|100/100
|turn|21
|
|t:|1757822607
|move|p2a: Ranas|Dark Pulse|p1a: Latios
|-supereffective|p1a: Latios
|-damage|p1a: Latios|20/100
|move|p1a: Latios|Ice Beam|p2a: Ranas
|-damage|p2a: Ranas|0 fnt
|faint|p2a: Ranas
|
|-weather|RainDance|[upkeep]
|upkeep
|inactive|Cap2n has 120 seconds left.
|
|t:|1757822640
|switch|p2a: Vendavas|Talonflame, M, shiny|100/100
|turn|22
|inactive|omari p has 90 seconds left.
|
|t:|1757822666
|switch|p1a: Corviknight|Corviknight, F, tera:Ghost|85/100
|-ability|p1a: Corviknight|Pressure
|-terastallize|p2a: Vendavas|Flying
|move|p2a: Vendavas|Air Slash|p1a: Corviknight
|-damage|p1a: Corviknight|32/100
|
|-weather|RainDance|[upkeep]
|upkeep
|turn|23
|inactive|omari p has 90 seconds left.
|
|t:|1757822675
|move|p2a: Vendavas|Air Slash|p1a: Corviknight
|-damage|p1a: Corviknight|0 fnt
|faint|p1a: Corviknight
|
|-weather|none
|upkeep
|
|t:|1757822678
|switch|p1a: Latios|Latios, M|20/100
|turn|24
|
|t:|1757822682
|move|p2a: Vendavas|Air Slash|p1a: Latios
|-damage|p1a: Latios|0 fnt
|faint|p1a: Latios
|
|win|Cap2n
|raw|omari p's rating: 1641 &rarr; <strong>1614</strong><br />(-27 for losing)
|raw|Cap2n's rating: 1522 &rarr; <strong>1549</strong><br />(+27 for winning)
|c|☆Cap2n|gg
|l| LuLuNaNaRaRa
|l|☆omari p
|player|p1|
|l|☆Cap2n
|player|p2|
