|j|☆567crazy
|j|☆Karan8179
|t:|1757928175
|gametype|singles
|player|p1|567crazy|101|1148
|player|p2|Karan8179|red|1113
|gen|9
|tier|[Gen 9] OU
|rated|
|rule|HP Percentage Mod: HP is shown in percentages
|rule|Endless Battle Clause: Forcing endless battles is banned
|rule|Species Clause: Limit one of each Pokémon
|rule|OHKO Clause: OHKO moves are banned
|rule|Evasion Items Clause: Evasion items are banned
|rule|Evasion Moves Clause: Evasion moves are banned
|rule|Evasion Abilities Clause: Evasion abilities are banned
|rule|Sleep Moves Clause: Sleep-inducing moves are banned
|clearpoke
|poke|p1|Serperior, F|
|poke|p1|Gliscor, M|
|poke|p1|Clefable, M|
|poke|p1|Ceruledge, M|
|poke|p1|Kingambit, M|
|poke|p1|Blissey, F|
|poke|p2|Ceruledge, M|
|poke|p2|Greninja-*, M|
|poke|p2|Scyther, M|
|poke|p2|Garganacl, M|
|poke|p2|Lycanroc-Midnight, M|
|poke|p2|Salamence, M|
|teampreview
|inactive|Battle timer is ON: inactive players will automatically lose when time's up. (requested by Karan8179)
|
|t:|1757928187
|teamsize|p1|6
|teamsize|p2|6
|start
|switch|p1a: Serperior|Serperior, F|100/100
|switch|p2a: Lycanroc|Lycanroc-Midnight, M|100/100
|turn|1
|
|t:|1757928195
|move|p1a: Serperior|Leaf Storm|p2a: Lycanroc
|-supereffective|p2a: Lycanroc
|-enditem|p2a: Lycanroc|Focus Sash
|-damage|p2a: Lycanroc|1/100
|-boost|p1a: Serperior|spa|2
|-damage|p1a: Serperior|91/100|[from] item: Life Orb
|move|p2a: Lycanroc|Stealth Rock|p1a: Serperior
|-sidestart|p1: 567crazy|move: Stealth Rock
|
|upkeep
|turn|2
|
|t:|1757928205
|move|p1a: Serperior|Leaf Storm|p2a: Lycanroc
|-supereffective|p2a: Lycanroc
|-damage|p2a: Lycanroc|0 fnt
|-boost|p1a: Serperior|spa|2
|faint|p2a: Lycanroc
|-damage|p1a: Serperior|81/100|[from] item: Life Orb
|
|upkeep
|
|t:|1757928214
|switch|p2a: Scyther|Scyther, M|100/100
|turn|3
|inactive|567crazy has 120 seconds left.
|
|t:|1757928253
|-terastallize|p1a: Serperior|Fire
|move|p1a: Serperior|Tera Blast|p2a: Scyther|[anim] Tera Blast Fire
|-supereffective|p2a: Scyther
|-damage|p2a: Scyther|0 fnt
|faint|p2a: Scyther
|-damage|p1a: Serperior|71/100|[from] item: Life Orb
|
|upkeep
|
|t:|1757928262
|switch|p2a: Garganacl|Garganacl, M|100/100
|turn|4
|inactive|567crazy has 120 seconds left.
|
|t:|1757928274
|move|p1a: Serperior|Leaf Storm|p2a: Garganacl
|-supereffective|p2a: Garganacl
|-damage|p2a: Garganacl|0 fnt
|-boost|p1a: Serperior|spa|2
|faint|p2a: Garganacl
|-damage|p1a: Serperior|61/100|[from] item: Life Orb
|
|upkeep
|
|t:|1757928284
|switch|p2a: Darkuro|Ceruledge, M, shiny|100/100
|turn|5
|inactive|567crazy has 120 seconds left.
|inactive|567crazy has 90 seconds left.
|
|t:|1757928334
|move|p1a: Serperior|Leaf Storm|p2a: Darkuro
|-resisted|p2a: Darkuro
|-enditem|p2a: Darkuro|Focus Sash
|-damage|p2a: Darkuro|1/100
|-damage|p1a: Serperior|51/100|[from] item: Life Orb
|move|p2a: Darkuro|Swords Dance|p2a: Darkuro
|-boost|p2a: Darkuro|atk|2
|
|upkeep
|turn|6
|inactive|567crazy has 90 seconds left.
|
|t:|1757928352
|move|p2a: Darkuro|Shadow Sneak|p1a: Serperior
|-damage|p1a: Serperior|0 fnt
|faint|p1a: Serperior
|
|upkeep
|
|t:|1757928362
|switch|p1a: Kingambit|Kingambit, M|100/100
|-damage|p1a: Kingambit|94/100|[from] Stealth Rock
|-activate|p1a: Kingambit|ability: Supreme Overlord
|-start|p1a: Kingambit|fallen1|[silent]
|turn|7
|
|t:|1757928371
|move|p1a: Kingambit|Sucker Punch||[still]
|-fail|p1a: Kingambit
|move|p2a: Darkuro|Swords Dance|p2a: Darkuro
|-boost|p2a: Darkuro|atk|2
|
|upkeep
|turn|8
|
|t:|1757928382
|move|p1a: Kingambit|Sucker Punch||[still]
|-fail|p1a: Kingambit
|move|p2a: Darkuro|Swords Dance|p2a: Darkuro
|-boost|p2a: Darkuro|atk|2
|
|upkeep
|turn|9
|inactive|567crazy has 90 seconds left.
|
|t:|1757928393
|move|p1a: Kingambit|Sucker Punch||[still]
|-fail|p1a: Kingambit
|move|p2a: Darkuro|Swords Dance|p2a: Darkuro
|-boost|p2a: Darkuro|atk|0
|
|upkeep
|turn|10
|
|t:|1757928400
|move|p1a: Kingambit|Sucker Punch|p2a: Darkuro
|-supereffective|p2a: Darkuro
|-damage|p2a: Darkuro|0 fnt
|faint|p2a: Darkuro
|
|upkeep
|
|t:|1757928409
|switch|p2a: Salamence|Salamence, M|100/100
|-ability|p2a: Salamence|Intimidate|boost
|-unboost|p1a: Kingambit|atk|1
|turn|11
|inactive|567crazy has 90 seconds left.
|
|t:|1757928442
|move|p2a: Salamence|Dragon Dance|p2a: Salamence
|-boost|p2a: Salamence|atk|1
|-boost|p2a: Salamence|spe|1
|move|p1a: Kingambit|Kowtow Cleave|p2a: Salamence
|-damage|p2a: Salamence|46/100
|
|upkeep
|turn|12
|inactive|567crazy has 60 seconds left.
|
|t:|1757928474
|-terastallize|p2a: Salamence|Steel
|move|p1a: Kingambit|Sucker Punch|p2a: Salamence
|-damage|p2a: Salamence|0 fnt
|faint|p2a: Salamence
|
|upkeep
|
|t:|1757928481
|switch|p2a: Greninja|Greninja, M|100/100
|turn|13
|inactive|567crazy has 60 seconds left.
|
|t:|1757928502
|move|p2a: Greninja|U-turn|p1a: Kingambit
|-start|p2a: Greninja|typechange|Bug|[from] ability: Protean
|-damage|p1a: Kingambit|76/100
|move|p1a: Kingambit|Kowtow Cleave|p2a: Greninja
|-damage|p2a: Greninja|12/100
|
|upkeep
|turn|14
|inactive|567crazy has 60 seconds left.
|
|t:|1757928512
|move|p1a: Kingambit|Sucker Punch|p2a: Greninja
|-damage|p2a: Greninja|0 fnt
|faint|p2a: Greninja
|
|win|567crazy
|raw|567crazy's rating: 1148 &rarr; <strong>1170</strong><br />(+22 for winning)
|raw|Karan8179's rating: 1113 &rarr; <strong>1091</strong><br />(-22 for losing)
|l|☆Karan8179
|player|p2|
|l|☆567crazy
|player|p1|
