|j|☆sminey
|j|☆Turducken64
|t:|1757824674
|gametype|singles
|player|p1|sminey|170|1534
|player|p2|Turducken64|hiker-gen4|1580
|gen|9
|tier|[Gen 9] OU
|rated|
|rule|HP Percentage Mod: HP is shown in percentages
|rule|Endless Battle Clause: Forcing endless battles is banned
|rule|Species Clause: Limit one of each Pokémon
|rule|OHKO Clause: OHKO moves are banned
|rule|Evasion Items Clause: Evasion items are banned
|rule|Evasion Moves Clause: Evasion moves are banned
|rule|Evasion Abilities Clause: Evasion abilities are banned
|rule|Sleep Moves Clause: Sleep-inducing moves are banned
|clearpoke
|poke|p1|Latios, M|
|poke|p1|Cinderace, F|
|poke|p1|Weavile, F|
|poke|p1|Zapdos|
|poke|p1|Clefable, M|
|poke|p1|Slowking-Galar, F|
|poke|p2|Alomomola, F|
|poke|p2|Lokix, M|
|poke|p2|Tornadus-Therian, M|
|poke|p2|Gliscor, M|
|poke|p2|Iron Treads|
|poke|p2|Sinistcha|
|teampreview
|inactive|Battle timer is ON: inactive players will automatically lose when time's up. (requested by Turducken64)
|
|t:|1757824682
|teamsize|p1|6
|teamsize|p2|6
|start
|switch|p1a: Weavile|Weavile, F|100/100
|switch|p2a: Gliscor|Gliscor, M|100/100
|-ability|p1a: Weavile|Pressure
|turn|1
|
|t:|1757824686
|move|p2a: Gliscor|Protect|p2a: Gliscor
|-singleturn|p2a: Gliscor|Protect
|move|p1a: Weavile|Swords Dance|p1a: Weavile
|-boost|p1a: Weavile|atk|2
|
|-status|p2a: Gliscor|tox|[from] item: Toxic Orb
|upkeep
|turn|2
|
|t:|1757824695
|switch|p2a: Iron Treads|Iron Treads|100/100
|move|p1a: Weavile|Knock Off|p2a: Iron Treads
|-damage|p2a: Iron Treads|32/100
|-enditem|p2a: Iron Treads|Leftovers|[from] move: Knock Off|[of] p1a: Weavile
|
|upkeep
|turn|3
|
|t:|1757824701
|-end|p2a: Iron Treads|Quark Drive|[silent]
|switch|p2a: Alomomola|Alomomola, F|100/100
|move|p1a: Weavile|Knock Off|p2a: Alomomola
|-damage|p2a: Alomomola|47/100
|-enditem|p2a: Alomomola|Heavy-Duty Boots|[from] move: Knock Off|[of] p1a: Weavile
|
|upkeep
|turn|4
|
|t:|1757824712
|switch|p1a: Zapdos|Zapdos|100/100
|move|p2a: Alomomola|Wish|p2a: Alomomola
|
|upkeep
|turn|5
|
|t:|1757824717
|switch|p2a: Iron Treads|Iron Treads|32/100
|move|p1a: Zapdos|Hurricane|p2a: Iron Treads
|-resisted|p2a: Iron Treads
|-damage|p2a: Iron Treads|15/100
|
|-heal|p2a: Iron Treads|78/100|[from] move: Wish|[wisher] Alomomola
|upkeep
|turn|6
|
|t:|1757824724
|move|p2a: Iron Treads|Knock Off|p1a: Zapdos
|-damage|p1a: Zapdos|83/100
|-enditem|p1a: Zapdos|Heavy-Duty Boots|[from] move: Knock Off|[of] p2a: Iron Treads
|move|p1a: Zapdos|Hurricane|p2a: Iron Treads|[miss]
|-miss|p1a: Zapdos|p2a: Iron Treads
|
|upkeep
|turn|7
|
|t:|1757824731
|move|p2a: Iron Treads|Stealth Rock|p1a: Zapdos
|-sidestart|p1: sminey|move: Stealth Rock
|move|p1a: Zapdos|Hurricane|p2a: Iron Treads
|-resisted|p2a: Iron Treads
|-damage|p2a: Iron Treads|61/100
|-start|p2a: Iron Treads|confusion
|
|upkeep
|turn|8
|
|t:|1757824734
|-end|p2a: Iron Treads|Quark Drive|[silent]
|switch|p2a: Gliscor|Gliscor, M|100/100 tox
|move|p1a: Zapdos|Hurricane|p2a: Gliscor
|-damage|p2a: Gliscor|64/100 tox
|
|-heal|p2a: Gliscor|76/100 tox|[from] ability: Poison Heal
|upkeep
|turn|9
|
|t:|1757824738
|move|p1a: Zapdos|Hurricane|p2a: Gliscor
|-damage|p2a: Gliscor|40/100 tox
|move|p2a: Gliscor|Spikes|p1a: Zapdos
|-sidestart|p1: sminey|Spikes
|
|-heal|p2a: Gliscor|52/100 tox|[from] ability: Poison Heal
|upkeep
|turn|10
|
|t:|1757824742
|move|p2a: Gliscor|Protect|p2a: Gliscor
|-singleturn|p2a: Gliscor|Protect
|move|p1a: Zapdos|Hurricane|p2a: Gliscor
|-activate|p2a: Gliscor|move: Protect
|
|-heal|p2a: Gliscor|65/100 tox|[from] ability: Poison Heal
|upkeep
|turn|11
|
|t:|1757824749
|move|p1a: Zapdos|Hurricane|p2a: Gliscor
|-damage|p2a: Gliscor|24/100 tox
|-start|p2a: Gliscor|confusion
|-activate|p2a: Gliscor|confusion
|move|p2a: Gliscor|Spikes|p1a: Zapdos
|-sidestart|p1: sminey|Spikes
|
|-heal|p2a: Gliscor|36/100 tox|[from] ability: Poison Heal
|upkeep
|turn|12
|
|t:|1757824759
|switch|p1a: Cinderace|Cinderace, F|100/100
|-activate|p2a: Gliscor|confusion
|-damage|p2a: Gliscor|29/100 tox|[from] confusion
|
|-heal|p2a: Gliscor|42/100 tox|[from] ability: Poison Heal
|upkeep
|turn|13
|
|t:|1757824767
|move|p1a: Cinderace|Pyro Ball|p2a: Gliscor
|-damage|p2a: Gliscor|0 fnt
|faint|p2a: Gliscor
|
|upkeep
|
|t:|1757824769
|switch|p2a: Tornadus|Tornadus-Therian, M|100/100
|turn|14
|
|t:|1757824778
|-terastallize|p2a: Tornadus|Flying
|move|p2a: Tornadus|Bleakwind Storm|p1a: Cinderace|[miss]
|-miss|p2a: Tornadus|p1a: Cinderace
|move|p1a: Cinderace|Court Change|p1a: Cinderace
|-start|p1a: Cinderace|typechange|Normal|[from] ability: Libero
|-swapsideconditions
|-activate|p1a: Cinderace|move: Court Change
|
|upkeep
|turn|15
|-message|Turducken64 forfeited.
|
|win|sminey
|raw|sminey's rating: 1534 &rarr; <strong>1557</strong><br />(+23 for winning)
|raw|Turducken64's rating: 1580 &rarr; <strong>1557</strong><br />(-23 for losing)
|l|☆Turducken64
|player|p2|
|l|☆sminey
|player|p1|
