|j|☆Rob Rancid
|j|☆harc
|t:|1757793278
|gametype|singles
|player|p1|Rob Rancid|marlon|1431
|player|p2|harc|lady|1362
|gen|9
|tier|[Gen 9] OU
|rated|
|rule|HP Percentage Mod: HP is shown in percentages
|rule|Endless Battle Clause: Forcing endless battles is banned
|rule|Species Clause: Limit one of each Pokémon
|rule|OHKO Clause: OHKO moves are banned
|rule|Evasion Items Clause: Evasion items are banned
|rule|Evasion Moves Clause: Evasion moves are banned
|rule|Evasion Abilities Clause: Evasion abilities are banned
|rule|Sleep Moves Clause: Sleep-inducing moves are banned
|clearpoke
|poke|p1|Ribombee, F|
|poke|p1|Haxorus, F|
|poke|p1|Skeledirge, F|
|poke|p1|Tornadus-Therian, M|
|poke|p1|Great Tusk|
|poke|p1|Samurott-Hisui, M|
|poke|p2|Corviknight, M|
|poke|p2|Clefable, F|
|poke|p2|Tyranitar, F|
|poke|p2|Reuniclus, M|
|poke|p2|Dondozo, F|
|poke|p2|Forretress, M|
|teampreview
|
|t:|1757793304
|teamsize|p1|6
|teamsize|p2|6
|start
|switch|p1a: Samurott|Samurott-Hisui, M|100/100
|switch|p2a: Forretress|Forretress, M|100/100
|turn|1
|
|t:|1757793314
|move|p1a: Samurott|Razor Shell|p2a: Forretress
|-damage|p2a: Forretress|61/100
|move|p2a: Forretress|Stealth Rock|p1a: Samurott
|-sidestart|p1: Rob Rancid|move: Stealth Rock
|
|upkeep
|turn|2
|
|t:|1757793331
|-terastallize|p1a: Samurott|Ghost
|move|p1a: Samurott|Swords Dance|p1a: Samurott
|-boost|p1a: Samurott|atk|2
|move|p2a: Forretress|Reflect|p2a: Forretress
|-sidestart|p2: harc|Reflect
|
|upkeep
|turn|3
|
|t:|1757793340
|move|p1a: Samurott|Ceaseless Edge|p2a: Forretress
|-damage|p2a: Forretress|32/100
|-sidestart|p2: harc|Spikes
|move|p2a: Forretress|Light Screen|p2a: Forretress
|-sidestart|p2: harc|move: Light Screen
|
|upkeep
|turn|4
|
|t:|1757793348
|switch|p2a: Dondozo|Dondozo, F|100/100
|-damage|p2a: Dondozo|88/100|[from] Spikes
|move|p1a: Samurott|Swords Dance|p1a: Samurott
|-boost|p1a: Samurott|atk|2
|
|-heal|p2a: Dondozo|94/100|[from] item: Leftovers
|upkeep
|turn|5
|
|t:|1757793362
|move|p1a: Samurott|Ceaseless Edge|p2a: Dondozo
|-damage|p2a: Dondozo|85/100
|-sidestart|p2: harc|Spikes
|move|p2a: Dondozo|Liquidation|p1a: Samurott
|-damage|p1a: Samurott|65/100
|-unboost|p1a: Samurott|def|1
|
|-heal|p2a: Dondozo|91/100|[from] item: Leftovers
|upkeep
|turn|6
|
|t:|1757793382
|switch|p1a: Tornadus|Tornadus-Therian, M|100/100
|-damage|p1a: Tornadus|76/100|[from] Stealth Rock
|move|p2a: Dondozo|Liquidation|p1a: Tornadus
|-damage|p1a: Tornadus|36/100
|
|-heal|p2a: Dondozo|97/100|[from] item: Leftovers
|upkeep
|turn|7
|
|t:|1757793398
|move|p1a: Tornadus|U-turn|p2a: Dondozo
|-damage|p2a: Dondozo|94/100
|
|t:|1757793402
|switch|p1a: Great Tusk|Great Tusk|100/100|[from] U-turn
|-damage|p1a: Great Tusk|98/100|[from] Stealth Rock
|move|p2a: Dondozo|Liquidation|p1a: Great Tusk
|-supereffective|p1a: Great Tusk
|-damage|p1a: Great Tusk|58/100
|
|-heal|p1a: Great Tusk|65/100|[from] item: Leftovers
|-heal|p2a: Dondozo|99/100|[from] item: Leftovers
|upkeep
|turn|8
|
|t:|1757793416
|move|p1a: Great Tusk|Rapid Spin|p2a: Dondozo
|-damage|p2a: Dondozo|96/100
|-boost|p1a: Great Tusk|spe|1
|-sideend|p1: Rob Rancid|Stealth Rock|[from] move: Rapid Spin|[of] p1a: Great Tusk
|move|p2a: Dondozo|Liquidation|p1a: Great Tusk
|-supereffective|p1a: Great Tusk
|-crit|p1a: Great Tusk
|-damage|p1a: Great Tusk|5/100
|
|-heal|p1a: Great Tusk|11/100|[from] item: Leftovers
|-heal|p2a: Dondozo|100/100|[from] item: Leftovers
|upkeep
|turn|9
|
|t:|1757793436
|move|p1a: Great Tusk|Rapid Spin|p2a: Dondozo
|-damage|p2a: Dondozo|96/100
|-boost|p1a: Great Tusk|spe|1
|move|p2a: Dondozo|Liquidation|p1a: Great Tusk
|-supereffective|p1a: Great Tusk
|-damage|p1a: Great Tusk|0 fnt
|faint|p1a: Great Tusk
|-end|p1a: Great Tusk|Protosynthesis|[silent]
|
|-heal|p2a: Dondozo|100/100|[from] item: Leftovers
|-sideend|p2: harc|Reflect
|upkeep
|
|t:|1757793451
|switch|p1a: Haxorus|Haxorus, F|100/100
|-ability|p1a: Haxorus|Mold Breaker
|turn|10
|
|t:|1757793457
|move|p1a: Haxorus|Dragon Dance|p1a: Haxorus
|-boost|p1a: Haxorus|atk|1
|-boost|p1a: Haxorus|spe|1
|move|p2a: Dondozo|Liquidation|p1a: Haxorus
|-resisted|p1a: Haxorus
|-damage|p1a: Haxorus|82/100
|
|-sideend|p2: harc|move: Light Screen
|upkeep
|turn|11
|
|t:|1757793465
|move|p1a: Haxorus|Dragon Dance|p1a: Haxorus
|-boost|p1a: Haxorus|atk|1
|-boost|p1a: Haxorus|spe|1
|move|p2a: Dondozo|Body Slam|p1a: Haxorus
|-damage|p1a: Haxorus|57/100
|
|upkeep
|turn|12
|
|t:|1757793475
|move|p1a: Haxorus|Low Kick|p2a: Dondozo
|-damage|p2a: Dondozo|60/100
|move|p2a: Dondozo|Body Slam|p1a: Haxorus
|-damage|p1a: Haxorus|30/100
|
|-heal|p2a: Dondozo|66/100|[from] item: Leftovers
|upkeep
|turn|13
|
|t:|1757793486
|move|p1a: Haxorus|Low Kick|p2a: Dondozo
|-damage|p2a: Dondozo|27/100
|move|p2a: Dondozo|Body Slam|p1a: Haxorus
|-damage|p1a: Haxorus|3/100
|
|-heal|p2a: Dondozo|33/100|[from] item: Leftovers
|upkeep
|turn|14
|
|t:|1757793496
|move|p1a: Haxorus|Low Kick|p2a: Dondozo
|-damage|p2a: Dondozo|0 fnt
|faint|p2a: Dondozo
|
|upkeep
|
|t:|1757793503
|switch|p2a: Tyranitar|Tyranitar, F|100/100
|-damage|p2a: Tyranitar|84/100|[from] Spikes
|-weather|Sandstorm|[from] ability: Sand Stream|[of] p2a: Tyranitar
|turn|15
|
|t:|1757793516
|switch|p2a: Forretress|Forretress, M|32/100
|-damage|p2a: Forretress|15/100|[from] Spikes
|move|p1a: Haxorus|Low Kick|p2a: Forretress
|-damage|p2a: Forretress|0 fnt
|faint|p2a: Forretress
|
|-weather|Sandstorm|[upkeep]
|-damage|p1a: Haxorus|0 fnt|[from] Sandstorm
|faint|p1a: Haxorus
|upkeep
|
|t:|1757793535
|switch|p1a: Samurott|Samurott-Hisui, M, tera:Ghost|65/100
|switch|p2a: Reuniclus|Reuniclus, M|100/100
|turn|16
|
|t:|1757793544
|-terastallize|p2a: Reuniclus|Normal
|move|p1a: Samurott|Ceaseless Edge|p2a: Reuniclus
|-damage|p2a: Reuniclus|67/100
|-sidestart|p2: harc|Spikes
|move|p2a: Reuniclus|Calm Mind|p2a: Reuniclus
|-boost|p2a: Reuniclus|spa|1
|-boost|p2a: Reuniclus|spd|1
|
|-weather|Sandstorm|[upkeep]
|-damage|p1a: Samurott|58/100|[from] Sandstorm
|-heal|p2a: Reuniclus|73/100|[from] item: Leftovers
|upkeep
|turn|17
|
|t:|1757793560
|move|p1a: Samurott|Sacred Sword|p2a: Reuniclus
|-supereffective|p2a: Reuniclus
|-damage|p2a: Reuniclus|20/100
|move|p2a: Reuniclus|Shadow Ball|p1a: Samurott
|-supereffective|p1a: Samurott
|-damage|p1a: Samurott|0 fnt
|faint|p1a: Samurott
|
|-weather|Sandstorm|[upkeep]
|-heal|p2a: Reuniclus|26/100|[from] item: Leftovers
|upkeep
|
|t:|1757793588
|switch|p1a: Tornadus|Tornadus-Therian, M|69/100
|turn|18
|
|t:|1757793594
|move|p1a: Tornadus|Air Slash|p2a: Reuniclus
|-damage|p2a: Reuniclus|2/100
|move|p2a: Reuniclus|Recover|p2a: Reuniclus
|-heal|p2a: Reuniclus|52/100
|
|-weather|Sandstorm|[upkeep]
|-damage|p1a: Tornadus|63/100|[from] Sandstorm
|-heal|p2a: Reuniclus|59/100|[from] item: Leftovers
|upkeep
|turn|19
|
|t:|1757793607
|move|p1a: Tornadus|Air Slash|p2a: Reuniclus
|-damage|p2a: Reuniclus|35/100
|move|p2a: Reuniclus|Recover|p2a: Reuniclus
|-heal|p2a: Reuniclus|85/100
|
|-weather|none
|-heal|p2a: Reuniclus|91/100|[from] item: Leftovers
|upkeep
|turn|20
|
|t:|1757793619
|move|p1a: Tornadus|Air Slash|p2a: Reuniclus
|-damage|p2a: Reuniclus|68/100
|cant|p2a: Reuniclus|flinch
|
|-heal|p2a: Reuniclus|75/100|[from] item: Leftovers
|upkeep
|turn|21
|
|t:|1757793629
|move|p1a: Tornadus|Air Slash|p2a: Reuniclus
|-damage|p2a: Reuniclus|54/100
|move|p2a: Reuniclus|Recover|p2a: Reuniclus
|-heal|p2a: Reuniclus|100/100
|
|upkeep
|turn|22
|
|t:|1757793638
|move|p1a: Tornadus|Air Slash|p2a: Reuniclus
|-damage|p2a: Reuniclus|80/100
|move|p2a: Reuniclus|Calm Mind|p2a: Reuniclus
|-boost|p2a: Reuniclus|spa|1
|-boost|p2a: Reuniclus|spd|1
|
|-heal|p2a: Reuniclus|86/100|[from] item: Leftovers
|upkeep
|turn|23
|
|t:|1757793648
|move|p1a: Tornadus|Air Slash|p2a: Reuniclus
|-damage|p2a: Reuniclus|68/100
|cant|p2a: Reuniclus|flinch
|
|-heal|p2a: Reuniclus|74/100|[from] item: Leftovers
|upkeep
|turn|24
|
|t:|1757793675
|switch|p1a: Skeledirge|Skeledirge, F|100/100
|move|p2a: Reuniclus|Calm Mind|p2a: Reuniclus
|-boost|p2a: Reuniclus|spa|1
|-boost|p2a: Reuniclus|spd|1
|
|-heal|p2a: Reuniclus|80/100|[from] item: Leftovers
|upkeep
|turn|25
|
|t:|1757793686
|move|p1a: Skeledirge|Will-O-Wisp|p2a: Reuniclus
|-status|p2a: Reuniclus|brn
|move|p2a: Reuniclus|Shadow Ball|p1a: Skeledirge
|-supereffective|p1a: Skeledirge
|-damage|p1a: Skeledirge|56/100
|
|-heal|p2a: Reuniclus|87/100 brn|[from] item: Leftovers
|upkeep
|turn|26
|
|t:|1757793709
|switch|p1a: Ribombee|Ribombee, F|100/100
|move|p2a: Reuniclus|Shadow Ball|p1a: Ribombee
|-damage|p1a: Ribombee|9/100
|
|-heal|p2a: Reuniclus|93/100 brn|[from] item: Leftovers
|upkeep
|turn|27
|
|t:|1757793722
|move|p1a: Ribombee|Skill Swap|p2a: Reuniclus
|-activate|p1a: Ribombee|move: Skill Swap|Magic Guard|Shield Dust|[of] p2a: Reuniclus
|move|p2a: Reuniclus|Psychic Noise|p1a: Ribombee
|-damage|p1a: Ribombee|0 fnt
|faint|p1a: Ribombee
|
|-heal|p2a: Reuniclus|99/100 brn|[from] item: Leftovers
|-damage|p2a: Reuniclus|93/100 brn|[from] brn
|upkeep
|
|t:|1757793739
|switch|p1a: Skeledirge|Skeledirge, F|56/100
|turn|28
|
|t:|1757793747
|move|p1a: Skeledirge|Slack Off|p1a: Skeledirge
|-heal|p1a: Skeledirge|100/100
|move|p2a: Reuniclus|Shadow Ball|p1a: Skeledirge
|-supereffective|p1a: Skeledirge
|-damage|p1a: Skeledirge|55/100
|-unboost|p1a: Skeledirge|spd|1
|
|-heal|p2a: Reuniclus|99/100 brn|[from] item: Leftovers
|-damage|p2a: Reuniclus|93/100 brn|[from] brn
|upkeep
|turn|29
|
|t:|1757793768
|switch|p1a: Tornadus|Tornadus-Therian, M|96/100
|move|p2a: Reuniclus|Shadow Ball|p1a: Tornadus
|-damage|p1a: Tornadus|53/100
|
|-heal|p2a: Reuniclus|99/100 brn|[from] item: Leftovers
|-damage|p2a: Reuniclus|93/100 brn|[from] brn
|upkeep
|turn|30
|c|☆harc|You got this
|
|t:|1757793783
|move|p1a: Tornadus|Air Slash|p2a: Reuniclus
|-damage|p2a: Reuniclus|78/100 brn
|move|p2a: Reuniclus|Calm Mind|p2a: Reuniclus
|-boost|p2a: Reuniclus|spa|1
|-boost|p2a: Reuniclus|spd|1
|
|-heal|p2a: Reuniclus|84/100 brn|[from] item: Leftovers
|-damage|p2a: Reuniclus|78/100 brn|[from] brn
|upkeep
|turn|31
|
|t:|1757793795
|move|p1a: Tornadus|Air Slash|p2a: Reuniclus
|-crit|p2a: Reuniclus
|-damage|p2a: Reuniclus|31/100 brn
|move|p2a: Reuniclus|Recover|p2a: Reuniclus
|-heal|p2a: Reuniclus|81/100 brn
|
|-heal|p2a: Reuniclus|88/100 brn|[from] item: Leftovers
|-damage|p2a: Reuniclus|81/100 brn|[from] brn
|upkeep
|turn|32
|
|t:|1757793808
|move|p1a: Tornadus|Air Slash|p2a: Reuniclus|[miss]
|-miss|p1a: Tornadus|p2a: Reuniclus
|move|p2a: Reuniclus|Recover|p2a: Reuniclus
|-heal|p2a: Reuniclus|100/100 brn
|
|-damage|p2a: Reuniclus|94/100 brn|[from] brn
|upkeep
|turn|33
|
|t:|1757793819
|move|p1a: Tornadus|Air Slash|p2a: Reuniclus
|-damage|p2a: Reuniclus|84/100 brn
|move|p2a: Reuniclus|Psychic Noise|p1a: Tornadus
|-damage|p1a: Tornadus|0 fnt
|faint|p1a: Tornadus
|
|-heal|p2a: Reuniclus|90/100 brn|[from] item: Leftovers
|-damage|p2a: Reuniclus|84/100 brn|[from] brn
|upkeep
|
|t:|1757793833
|switch|p1a: Skeledirge|Skeledirge, F|55/100
|turn|34
|c|☆harc|Maybe if you use hex
|
|t:|1757793845
|move|p1a: Skeledirge|Slack Off|p1a: Skeledirge
|-heal|p1a: Skeledirge|100/100
|move|p2a: Reuniclus|Psychic Noise|p1a: Skeledirge
|-damage|p1a: Skeledirge|65/100
|-start|p1a: Skeledirge|move: Heal Block
|
|-heal|p2a: Reuniclus|90/100 brn|[from] item: Leftovers
|-damage|p2a: Reuniclus|84/100 brn|[from] brn
|upkeep
|turn|35
|
|t:|1757793859
|move|p1a: Skeledirge|Torch Song|p2a: Reuniclus
|-damage|p2a: Reuniclus|57/100 brn
|-boost|p1a: Skeledirge|spa|1
|move|p2a: Reuniclus|Shadow Ball|p1a: Skeledirge
|-supereffective|p1a: Skeledirge
|-damage|p1a: Skeledirge|17/100
|
|-heal|p2a: Reuniclus|63/100 brn|[from] item: Leftovers
|-damage|p2a: Reuniclus|57/100 brn|[from] brn
|-end|p1a: Skeledirge|move: Heal Block
|upkeep
|turn|36
|
|t:|1757793885
|move|p1a: Skeledirge|Slack Off|p1a: Skeledirge
|-heal|p1a: Skeledirge|67/100
|move|p2a: Reuniclus|Psychic Noise|p1a: Skeledirge
|-damage|p1a: Skeledirge|33/100
|-start|p1a: Skeledirge|move: Heal Block
|
|-heal|p2a: Reuniclus|63/100 brn|[from] item: Leftovers
|-damage|p2a: Reuniclus|57/100 brn|[from] brn
|upkeep
|turn|37
|
|t:|1757793899
|move|p1a: Skeledirge|Torch Song|p2a: Reuniclus
|-damage|p2a: Reuniclus|17/100 brn
|-boost|p1a: Skeledirge|spa|1
|move|p2a: Reuniclus|Shadow Ball|p1a: Skeledirge
|-supereffective|p1a: Skeledirge
|-damage|p1a: Skeledirge|0 fnt
|faint|p1a: Skeledirge
|
|win|harc
|raw|Rob Rancid's rating: 1431 &rarr; <strong>1407</strong><br />(-24 for losing)
|raw|harc's rating: 1362 &rarr; <strong>1386</strong><br />(+24 for winning)
|l|☆Rob Rancid
|player|p1|
|l|☆harc
|player|p2|
