|j|☆moodrandom
|j|☆YumeKasumi76
|t:|1757786492
|gametype|singles
|player|p1|moodrandom|pokemonbreeder-gen4|1581
|player|p2|YumeKasumi76|265|1513
|gen|9
|tier|[Gen 9] OU
|rated|
|rule|HP Percentage Mod: HP is shown in percentages
|rule|Endless Battle Clause: Forcing endless battles is banned
|rule|Species Clause: Limit one of each Pokémon
|rule|OHKO Clause: OHKO moves are banned
|rule|Evasion Items Clause: Evasion items are banned
|rule|Evasion Moves Clause: Evasion moves are banned
|rule|Evasion Abilities Clause: Evasion abilities are banned
|rule|Sleep Moves Clause: Sleep-inducing moves are banned
|clearpoke
|poke|p1|Incineroar, M|
|poke|p1|Maushold|
|poke|p1|Landorus-Therian, M|
|poke|p1|Slowking-Galar, F|
|poke|p1|Rillaboom, M|
|poke|p1|Kommo-o, M|
|poke|p2|Cobalion|
|poke|p2|Weezing-Galar, M|
|poke|p2|Lokix, F|
|poke|p2|Arboliva, M|
|poke|p2|Ceruledge, F|
|poke|p2|Latios, M|
|teampreview
|inactive|Battle timer is ON: inactive players will automatically lose when time's up. (requested by YumeKasumi76)
|
|t:|1757786498
|teamsize|p1|6
|teamsize|p2|6
|start
|switch|p1a: Landorus|Landorus-Therian, M|100/100
|switch|p2a: Iverson|Latios, M|100/100
|-ability|p1a: Landorus|Intimidate|boost
|-unboost|p2a: Iverson|atk|1
|turn|1
|
|t:|1757786501
|move|p2a: Iverson|Draco Meteor|p1a: Landorus|[miss]
|-miss|p2a: Iverson|p1a: Landorus
|move|p1a: Landorus|U-turn|p2a: Iverson
|-supereffective|p2a: Iverson
|-damage|p2a: Iverson|23/100
|
|t:|1757786509
|switch|p1a: Rillaboom|Rillaboom, M|100/100|[from] U-turn
|-fieldstart|move: Grassy Terrain|[from] ability: Grassy Surge|[of] p1a: Rillaboom
|
|upkeep
|turn|2
|
|t:|1757786516
|switch|p2a: Ironhyde|Cobalion|100/100
|move|p1a: Rillaboom|U-turn|p2a: Ironhyde
|-resisted|p2a: Ironhyde
|-damage|p2a: Ironhyde|94/100
|-damage|p1a: Rillaboom|84/100|[from] item: Rocky Helmet|[of] p2a: Ironhyde
|
|t:|1757786531
|switch|p1a: Slowking|Slowking-Galar, F|100/100|[from] U-turn
|
|-heal|p2a: Ironhyde|99/100|[from] Grassy Terrain
|upkeep
|turn|3
|
|t:|1757786539
|move|p2a: Ironhyde|Volt Switch|p1a: Slowking
|-damage|p1a: Slowking|93/100
|
|t:|1757786541
|switch|p2a: Jalter|Ceruledge, F|100/100|[from] Volt Switch
|move|p1a: Slowking|Surf|p2a: Jalter
|-supereffective|p2a: Jalter
|-damage|p2a: Jalter|53/100
|
|-heal|p2a: Jalter|59/100|[from] Grassy Terrain
|-heal|p2a: Jalter|65/100|[from] item: Leftovers
|-heal|p1a: Slowking|99/100|[from] Grassy Terrain
|upkeep
|turn|4
|
|t:|1757786547
|switch|p1a: Incineroar|Incineroar, M|100/100
|-ability|p1a: Incineroar|Intimidate|boost
|-unboost|p2a: Jalter|atk|1
|move|p2a: Jalter|Poltergeist|p1a: Incineroar
|-activate|p1a: Incineroar|move: Poltergeist|Heavy-Duty Boots
|-resisted|p1a: Incineroar
|-damage|p1a: Incineroar|84/100
|
|-heal|p2a: Jalter|71/100|[from] Grassy Terrain
|-heal|p2a: Jalter|78/100|[from] item: Leftovers
|-heal|p1a: Incineroar|91/100|[from] Grassy Terrain
|upkeep
|turn|5
|
|t:|1757786556
|switch|p2a: M'affald|Weezing-Galar, M|100/100
|-ability|p2a: M'affald|Neutralizing Gas
|move|p1a: Incineroar|Knock Off|p2a: M'affald
|-resisted|p2a: M'affald
|-damage|p2a: M'affald|88/100
|-enditem|p2a: M'affald|Heavy-Duty Boots|[from] move: Knock Off|[of] p1a: Incineroar
|
|-heal|p2a: M'affald|94/100|[from] Grassy Terrain
|-heal|p1a: Incineroar|97/100|[from] Grassy Terrain
|-fieldend|move: Grassy Terrain
|upkeep
|turn|6
|
|t:|1757786566
|move|p2a: M'affald|Will-O-Wisp|p1a: Incineroar
|-immune|p1a: Incineroar
|move|p1a: Incineroar|Parting Shot|p2a: M'affald
|-unboost|p2a: M'affald|atk|1
|-unboost|p2a: M'affald|spa|1
|
|t:|1757786572
|switch|p1a: Slowking|Slowking-Galar, F|100/100|[from] Parting Shot
|
|upkeep
|turn|7
|
|t:|1757786577
|-end|p2a: M'affald|ability: Neutralizing Gas
|switch|p2a: Jalter|Ceruledge, F|78/100
|move|p1a: Slowking|Sludge Bomb|p2a: Jalter
|-resisted|p2a: Jalter
|-crit|p2a: Jalter
|-damage|p2a: Jalter|51/100
|
|-heal|p2a: Jalter|57/100|[from] item: Leftovers
|upkeep
|turn|8
|
|t:|1757786591
|switch|p2a: Iverson|Latios, M|23/100
|move|p1a: Slowking|Surf|p2a: Iverson
|-resisted|p2a: Iverson
|-damage|p2a: Iverson|9/100
|
|upkeep
|turn|9
|
|t:|1757786597
|move|p2a: Iverson|Flip Turn|p1a: Slowking
|-damage|p1a: Slowking|89/100
|
|t:|1757786601
|switch|p2a: Satsuki|Lokix, F, shiny|100/100|[from] Flip Turn
|move|p1a: Slowking|Sludge Bomb|p2a: Satsuki
|-damage|p2a: Satsuki|17/100
|
|upkeep
|turn|10
|
|t:|1757786610
|switch|p1a: Incineroar|Incineroar, M|97/100
|-ability|p1a: Incineroar|Intimidate|boost
|-unboost|p2a: Satsuki|atk|1
|move|p2a: Satsuki|Knock Off|p1a: Incineroar
|-resisted|p1a: Incineroar
|-damage|p1a: Incineroar|55/100
|-enditem|p1a: Incineroar|Heavy-Duty Boots|[from] move: Knock Off|[of] p2a: Satsuki
|
|upkeep
|turn|11
|
|t:|1757786618
|switch|p2a: M'affald|Weezing-Galar, M|94/100
|-ability|p2a: M'affald|Neutralizing Gas
|move|p1a: Incineroar|Parting Shot|p2a: M'affald
|-unboost|p2a: M'affald|atk|1
|-unboost|p2a: M'affald|spa|1
|
|t:|1757786624
|switch|p1a: Slowking|Slowking-Galar, F|100/100|[from] Parting Shot
|
|upkeep
|turn|12
|
|t:|1757786629
|-end|p2a: M'affald|ability: Neutralizing Gas
|switch|p2a: Pantheon|Arboliva, M|100/100
|move|p1a: Slowking|Surf|p2a: Pantheon
|-resisted|p2a: Pantheon
|-damage|p2a: Pantheon|93/100
|-fieldstart|move: Grassy Terrain|[from] ability: Seed Sower|[of] p2a: Pantheon
|
|-heal|p2a: Pantheon|99/100|[from] Grassy Terrain
|upkeep
|turn|13
|
|t:|1757786634
|move|p1a: Slowking|Sludge Bomb|p2a: Pantheon
|-supereffective|p2a: Pantheon
|-damage|p2a: Pantheon|52/100
|move|p2a: Pantheon|Mirror Coat|p1a: Slowking
|-damage|p1a: Slowking|15/100
|
|-heal|p2a: Pantheon|58/100|[from] Grassy Terrain
|-heal|p1a: Slowking|21/100|[from] Grassy Terrain
|upkeep
|turn|14
|
|t:|1757786654
|switch|p1a: Incineroar|Incineroar, M|55/100
|-ability|p1a: Incineroar|Intimidate|boost
|-unboost|p2a: Pantheon|atk|1
|move|p2a: Pantheon|Earth Power|p1a: Incineroar
|-supereffective|p1a: Incineroar
|-damage|p1a: Incineroar|12/100
|
|-heal|p1a: Incineroar|18/100|[from] Grassy Terrain
|-heal|p2a: Pantheon|64/100|[from] Grassy Terrain
|upkeep
|turn|15
|
|t:|1757786664
|switch|p2a: Jalter|Ceruledge, F|57/100
|move|p1a: Incineroar|Parting Shot|p2a: Jalter
|-unboost|p2a: Jalter|atk|1
|-unboost|p2a: Jalter|spa|1
|
|t:|1757786679
|switch|p1a: Landorus|Landorus-Therian, M|100/100|[from] Parting Shot
|-ability|p1a: Landorus|Intimidate|boost
|-unboost|p2a: Jalter|atk|1
|
|-heal|p2a: Jalter|64/100|[from] Grassy Terrain
|-heal|p2a: Jalter|70/100|[from] item: Leftovers
|upkeep
|turn|16
|
|t:|1757786683
|switch|p2a: Ironhyde|Cobalion|99/100
|move|p1a: Landorus|U-turn|p2a: Ironhyde
|-resisted|p2a: Ironhyde
|-damage|p2a: Ironhyde|95/100
|-damage|p1a: Landorus|84/100|[from] item: Rocky Helmet|[of] p2a: Ironhyde
|
|t:|1757786694
|switch|p1a: Rillaboom|Rillaboom, M|84/100|[from] U-turn
|
|-heal|p2a: Ironhyde|100/100|[from] Grassy Terrain
|-heal|p1a: Rillaboom|90/100|[from] Grassy Terrain
|-fieldend|move: Grassy Terrain
|upkeep
|turn|17
|
|t:|1757786697
|move|p2a: Ironhyde|Stealth Rock|p1a: Rillaboom
|-sidestart|p1: moodrandom|move: Stealth Rock
|move|p1a: Rillaboom|Knock Off|p2a: Ironhyde
|-resisted|p2a: Ironhyde
|-damage|p2a: Ironhyde|84/100
|-damage|p1a: Rillaboom|73/100|[from] item: Rocky Helmet|[of] p2a: Ironhyde
|-ability|p2a: Ironhyde|Justified|boost
|-boost|p2a: Ironhyde|atk|1
|-enditem|p2a: Ironhyde|Rocky Helmet|[from] move: Knock Off|[of] p1a: Rillaboom
|
|upkeep
|turn|18
|
|t:|1757786702
|switch|p1a: Incineroar|Incineroar, M|18/100
|-damage|p1a: Incineroar|0 fnt|[from] Stealth Rock
|faint|p1a: Incineroar
|move|p2a: Ironhyde|Body Press|p1: Incineroar|[notarget]
|-fail|p2a: Ironhyde
|
|upkeep
|
|t:|1757786708
|switch|p1a: Maushold|Maushold|100/100
|-damage|p1a: Maushold|88/100|[from] Stealth Rock
|turn|19
|
|t:|1757786715
|switch|p2a: Jalter|Ceruledge, F|70/100
|-terastallize|p1a: Maushold|Ghost
|move|p1a: Maushold|Encore||[still]
|-fail|p1a: Maushold
|
|-heal|p2a: Jalter|76/100|[from] item: Leftovers
|upkeep
|turn|20
|
|t:|1757786725
|switch|p1a: Landorus|Landorus-Therian, M|84/100
|-damage|p1a: Landorus|72/100|[from] Stealth Rock
|-ability|p1a: Landorus|Intimidate|boost
|-unboost|p2a: Jalter|atk|1
|switch|p2a: Ironhyde|Cobalion|84/100
|
|upkeep
|turn|21
|
|t:|1757786730
|switch|p2a: Pantheon|Arboliva, M|64/100
|move|p1a: Landorus|U-turn|p2a: Pantheon
|-supereffective|p2a: Pantheon
|-damage|p2a: Pantheon|9/100
|-fieldstart|move: Grassy Terrain|[from] ability: Seed Sower|[of] p2a: Pantheon
|
|t:|1757786734
|switch|p1a: Rillaboom|Rillaboom, M|73/100|[from] U-turn
|-damage|p1a: Rillaboom|61/100|[from] Stealth Rock
|
|-heal|p1a: Rillaboom|67/100|[from] Grassy Terrain
|-heal|p2a: Pantheon|15/100|[from] Grassy Terrain
|upkeep
|turn|22
|
|t:|1757786737
|switch|p2a: Ironhyde|Cobalion|84/100
|move|p1a: Rillaboom|U-turn|p2a: Ironhyde
|-resisted|p2a: Ironhyde
|-damage|p2a: Ironhyde|77/100
|
|t:|1757786743
|switch|p1a: Kommo-o|Kommo-o, M|100/100|[from] U-turn
|-damage|p1a: Kommo-o|94/100|[from] Stealth Rock
|
|-heal|p2a: Ironhyde|83/100|[from] Grassy Terrain
|-heal|p1a: Kommo-o|100/100|[from] Grassy Terrain
|upkeep
|turn|23
|
|t:|1757786749
|move|p2a: Ironhyde|Body Press|p1a: Kommo-o
|-damage|p1a: Kommo-o|64/100
|move|p1a: Kommo-o|Stealth Rock|p2a: Ironhyde
|-sidestart|p2: YumeKasumi76|move: Stealth Rock
|
|-heal|p2a: Ironhyde|89/100|[from] Grassy Terrain
|-heal|p1a: Kommo-o|71/100|[from] Grassy Terrain
|upkeep
|turn|24
|
|t:|1757786756
|switch|p1a: Slowking|Slowking-Galar, F|54/100
|-damage|p1a: Slowking|42/100|[from] Stealth Rock
|move|p2a: Ironhyde|Volt Switch|p1a: Slowking
|-damage|p1a: Slowking|34/100
|
|t:|1757786759
|switch|p2a: Jalter|Ceruledge, F|76/100|[from] Volt Switch
|-damage|p2a: Jalter|51/100|[from] Stealth Rock
|
|-heal|p2a: Jalter|57/100|[from] Grassy Terrain
|-heal|p2a: Jalter|63/100|[from] item: Leftovers
|-heal|p1a: Slowking|40/100|[from] Grassy Terrain
|upkeep
|turn|25
|
|t:|1757786764
|switch|p1a: Landorus|Landorus-Therian, M|72/100
|-damage|p1a: Landorus|59/100|[from] Stealth Rock
|-ability|p1a: Landorus|Intimidate|boost
|-unboost|p2a: Jalter|atk|1
|move|p2a: Jalter|Poltergeist|p1a: Landorus
|-activate|p1a: Landorus|move: Poltergeist|Choice Scarf
|-damage|p1a: Landorus|24/100
|
|-heal|p2a: Jalter|69/100|[from] Grassy Terrain
|-heal|p2a: Jalter|76/100|[from] item: Leftovers
|-fieldend|move: Grassy Terrain
|upkeep
|turn|26
|
|t:|1757786786
|switch|p2a: Pantheon|Arboliva, M|15/100
|-damage|p2a: Pantheon|3/100|[from] Stealth Rock
|move|p1a: Landorus|Stone Edge|p2a: Pantheon
|-damage|p2a: Pantheon|0 fnt
|-fieldstart|move: Grassy Terrain|[from] ability: Seed Sower|[of] p2a: Pantheon
|faint|p2a: Pantheon
|
|upkeep
|
|t:|1757786793
|switch|p2a: Ironhyde|Cobalion|89/100
|-damage|p2a: Ironhyde|87/100|[from] Stealth Rock
|turn|27
|
|t:|1757786796
|switch|p1a: Slowking|Slowking-Galar, F|74/100
|-damage|p1a: Slowking|61/100|[from] Stealth Rock
|move|p2a: Ironhyde|Volt Switch|p1a: Slowking
|-crit|p1a: Slowking
|-damage|p1a: Slowking|51/100
|
|t:|1757786800
|switch|p2a: Jalter|Ceruledge, F|76/100|[from] Volt Switch
|-damage|p2a: Jalter|51/100|[from] Stealth Rock
|
|-heal|p2a: Jalter|57/100|[from] Grassy Terrain
|-heal|p2a: Jalter|63/100|[from] item: Leftovers
|-heal|p1a: Slowking|57/100|[from] Grassy Terrain
|upkeep
|turn|28
|
|t:|1757786813
|switch|p1a: Landorus|Landorus-Therian, M|24/100
|-damage|p1a: Landorus|12/100|[from] Stealth Rock
|-ability|p1a: Landorus|Intimidate|boost
|-unboost|p2a: Jalter|atk|1
|move|p2a: Jalter|Bulk Up|p2a: Jalter
|-boost|p2a: Jalter|atk|1
|-boost|p2a: Jalter|def|1
|
|-heal|p2a: Jalter|69/100|[from] Grassy Terrain
|-heal|p2a: Jalter|75/100|[from] item: Leftovers
|upkeep
|turn|29
|
|t:|1757786817
|move|p2a: Jalter|Shadow Sneak|p1a: Landorus
|-damage|p1a: Landorus|0 fnt
|faint|p1a: Landorus
|
|-heal|p2a: Jalter|81/100|[from] Grassy Terrain
|-heal|p2a: Jalter|88/100|[from] item: Leftovers
|upkeep
|
|t:|1757786825
|switch|p1a: Slowking|Slowking-Galar, F|90/100
|-damage|p1a: Slowking|78/100|[from] Stealth Rock
|turn|30
|
|t:|1757786828
|move|p2a: Jalter|Poltergeist|p1a: Slowking
|-activate|p1a: Slowking|move: Poltergeist|Assault Vest
|-supereffective|p1a: Slowking
|-damage|p1a: Slowking|0 fnt
|faint|p1a: Slowking
|
|-heal|p2a: Jalter|94/100|[from] Grassy Terrain
|-heal|p2a: Jalter|99/100|[from] item: Leftovers
|-fieldend|move: Grassy Terrain
|upkeep
|
|t:|1757786836
|switch|p1a: Rillaboom|Rillaboom, M|67/100
|-damage|p1a: Rillaboom|55/100|[from] Stealth Rock
|-fieldstart|move: Grassy Terrain|[from] ability: Grassy Surge|[of] p1a: Rillaboom
|turn|31
|
|t:|1757786843
|move|p1a: Rillaboom|Knock Off|p2a: Jalter
|-supereffective|p2a: Jalter
|-damage|p2a: Jalter|18/100
|-enditem|p2a: Jalter|Leftovers|[from] move: Knock Off|[of] p1a: Rillaboom
|move|p2a: Jalter|Bitter Blade|p1a: Rillaboom
|-supereffective|p1a: Rillaboom
|-damage|p1a: Rillaboom|0 fnt
|-heal|p2a: Jalter|49/100|[from] drain|[of] p1a: Rillaboom
|faint|p1a: Rillaboom
|
|-heal|p2a: Jalter|55/100|[from] Grassy Terrain
|upkeep
|
|t:|1757786847
|switch|p1a: Kommo-o|Kommo-o, M|71/100
|-damage|p1a: Kommo-o|64/100|[from] Stealth Rock
|turn|32
|
|t:|1757786850
|move|p1a: Kommo-o|Flamethrower|p2a: Jalter
|-start|p2a: Jalter|ability: Flash Fire
|move|p2a: Jalter|Poltergeist|p1a: Kommo-o|[miss]
|-miss|p2a: Jalter|p1a: Kommo-o
|
|-heal|p1a: Kommo-o|71/100|[from] Grassy Terrain
|-heal|p2a: Jalter|61/100|[from] Grassy Terrain
|upkeep
|turn|33
|-message|moodrandom forfeited.
|
|win|YumeKasumi76
|raw|moodrandom's rating: 1581 &rarr; <strong>1557</strong><br />(-24 for losing)
|raw|YumeKasumi76's rating: 1513 &rarr; <strong>1537</strong><br />(+24 for winning)
|l|☆moodrandom
|player|p1|
|l|☆YumeKasumi76
|player|p2|
