|j|☆711851l
|j|☆Huhgugghfuhh
|t:|1757829893
|gametype|singles
|player|p1|711851l|unknown|1098
|player|p2|Huhgugghfuhh|2|1072
|gen|9
|tier|[Gen 9] OU
|rated|
|rule|HP Percentage Mod: HP is shown in percentages
|rule|Endless Battle Clause: Forcing endless battles is banned
|rule|Species Clause: Limit one of each Pokémon
|rule|OHKO Clause: OHKO moves are banned
|rule|Evasion Items Clause: Evasion items are banned
|rule|Evasion Moves Clause: Evasion moves are banned
|rule|Evasion Abilities Clause: Evasion abilities are banned
|rule|Sleep Moves Clause: Sleep-inducing moves are banned
|clearpoke
|poke|p1|Incineroar, F|
|poke|p1|Typhlosion-Hisui, F|
|poke|p1|Serperior, M|
|poke|p1|Chesnaught, F|
|poke|p1|Greninja-*, M|
|poke|p1|Empoleon, F|
|poke|p2|Uxie|
|poke|p2|Haxorus, F|
|poke|p2|Krookodile, M|
|poke|p2|Whimsicott, F|
|poke|p2|Forretress, M|
|poke|p2|Rotom-Wash|
|teampreview
|
|t:|1757829906
|teamsize|p1|6
|teamsize|p2|6
|start
|switch|p1a: Incineroar|Incineroar, F|100/100
|switch|p2a: Whimsicott|Whimsicott, F, shiny|100/100
|-ability|p1a: Incineroar|Intimidate|boost
|-unboost|p2a: Whimsicott|atk|1
|turn|1
|
|t:|1757829914
|switch|p2a: Rotom|Rotom-Wash, shiny|100/100
|move|p1a: Incineroar|Fake Out|p2a: Rotom
|-damage|p2a: Rotom|89/100
|-damage|p1a: Incineroar|84/100|[from] item: Rocky Helmet|[of] p2a: Rotom
|
|upkeep
|turn|2
|
|t:|1757829923
|move|p2a: Rotom|Volt Switch|p1a: Incineroar
|-damage|p1a: Incineroar|63/100
|
|t:|1757829929
|switch|p2a: Uxie|Uxie, shiny|100/100|[from] Volt Switch
|move|p1a: Incineroar|Parting Shot|p2a: Uxie
|-unboost|p2a: Uxie|atk|1
|-unboost|p2a: Uxie|spa|1
|
|t:|1757829939
|switch|p1a: Greninja|Greninja, M|100/100|[from] Parting Shot
|
|upkeep
|turn|3
|
|t:|1757829947
|move|p1a: Greninja|Dark Pulse|p2a: Uxie
|-supereffective|p2a: Uxie
|-damage|p2a: Uxie|45/100
|cant|p2a: Uxie|flinch
|
|upkeep
|turn|4
|inactive|Battle timer is ON: inactive players will automatically lose when time's up. (requested by 711851l)
|
|t:|1757829953
|move|p1a: Greninja|Dark Pulse|p2a: Uxie
|-supereffective|p2a: Uxie
|-damage|p2a: Uxie|0 fnt
|faint|p2a: Uxie
|-ability|p1a: Greninja|Battle Bond|boost
|-boost|p1a: Greninja|atk|1
|-boost|p1a: Greninja|spa|1
|-boost|p1a: Greninja|spe|1
|-activate|p1a: Greninja|ability: Battle Bond
|
|upkeep
|
|t:|1757829959
|switch|p2a: Whimsicott|Whimsicott, F, shiny|100/100
|turn|5
|
|t:|1757829967
|-terastallize|p1a: Greninja|Water
|move|p2a: Whimsicott|Leech Seed|p1a: Greninja
|-start|p1a: Greninja|move: Leech Seed
|move|p1a: Greninja|Ice Beam|p2a: Whimsicott
|-supereffective|p2a: Whimsicott
|-damage|p2a: Whimsicott|12/100
|
|-heal|p2a: Whimsicott|18/100|[from] item: Leftovers
|-damage|p1a: Greninja|88/100|[from] Leech Seed|[of] p2a: Whimsicott
|-heal|p2a: Whimsicott|29/100|[silent]
|upkeep
|turn|6
|
|t:|1757829979
|move|p2a: Whimsicott|Protect|p2a: Whimsicott
|-singleturn|p2a: Whimsicott|Protect
|move|p1a: Greninja|Ice Beam|p2a: Whimsicott
|-activate|p2a: Whimsicott|move: Protect
|
|-heal|p2a: Whimsicott|35/100|[from] item: Leftovers
|-damage|p1a: Greninja|76/100|[from] Leech Seed|[of] p2a: Whimsicott
|-heal|p2a: Whimsicott|46/100|[silent]
|upkeep
|turn|7
|
|t:|1757829990
|switch|p2a: Rotom|Rotom-Wash, shiny|89/100
|move|p1a: Greninja|Ice Beam|p2a: Rotom
|-resisted|p2a: Rotom
|-damage|p2a: Rotom|71/100
|
|-damage|p1a: Greninja|64/100|[from] Leech Seed|[of] p2a: Rotom
|-heal|p2a: Rotom|82/100|[silent]
|upkeep
|turn|8
|
|t:|1757830002
|switch|p1a: Serperior|Serperior, M|100/100
|move|p2a: Rotom|Volt Switch|p1a: Serperior
|-resisted|p1a: Serperior
|-damage|p1a: Serperior|89/100
|-enditem|p1a: Serperior|Red Card|[of] p2a: Rotom
|drag|p2a: Forretress|Forretress, M, shiny|100/100
|
|upkeep
|turn|9
|
|t:|1757830014
|move|p1a: Serperior|Leech Seed|p2a: Forretress
|-start|p2a: Forretress|move: Leech Seed
|move|p2a: Forretress|Toxic Spikes|p1a: Serperior
|-sidestart|p1: 711851l|move: Toxic Spikes
|
|-damage|p2a: Forretress|88/100|[from] Leech Seed|[of] p1a: Serperior
|-heal|p1a: Serperior|100/100|[silent]
|upkeep
|turn|10
|
|t:|1757830022
|move|p1a: Serperior|Leaf Storm|p2a: Forretress
|-resisted|p2a: Forretress
|-damage|p2a: Forretress|71/100
|-boost|p1a: Serperior|spa|2
|move|p2a: Forretress|Toxic Spikes|p1a: Serperior
|-sidestart|p1: 711851l|move: Toxic Spikes
|
|-heal|p2a: Forretress|77/100|[from] item: Leftovers
|-damage|p2a: Forretress|65/100|[from] Leech Seed|[of] p1a: Serperior
|upkeep
|turn|11
|
|t:|1757830032
|move|p1a: Serperior|Leaf Storm|p2a: Forretress
|-resisted|p2a: Forretress
|-crit|p2a: Forretress
|-damage|p2a: Forretress|17/100
|-boost|p1a: Serperior|spa|2
|move|p2a: Forretress|Stealth Rock|p1a: Serperior
|-sidestart|p1: 711851l|move: Stealth Rock
|
|-heal|p2a: Forretress|23/100|[from] item: Leftovers
|-damage|p2a: Forretress|10/100|[from] Leech Seed|[of] p1a: Serperior
|upkeep
|turn|12
|
|t:|1757830043
|move|p1a: Serperior|Leaf Storm|p2a: Forretress
|-resisted|p2a: Forretress
|-damage|p2a: Forretress|0 fnt
|-boost|p1a: Serperior|spa|2
|faint|p2a: Forretress
|
|upkeep
|
|t:|1757830048
|switch|p2a: Haxorus|Haxorus, F, shiny|100/100
|-ability|p2a: Haxorus|Mold Breaker
|turn|13
|
|t:|1757830057
|-terastallize|p2a: Haxorus|Steel
|move|p1a: Serperior|Dragon Pulse|p2a: Haxorus
|-resisted|p2a: Haxorus
|-damage|p2a: Haxorus|36/100
|move|p2a: Haxorus|Swords Dance|p2a: Haxorus
|-boost|p2a: Haxorus|atk|2
|
|upkeep
|turn|14
|
|t:|1757830072
|move|p1a: Serperior|Dragon Pulse|p2a: Haxorus
|-resisted|p2a: Haxorus
|-damage|p2a: Haxorus|0 fnt
|faint|p2a: Haxorus
|
|upkeep
|
|t:|1757830076
|switch|p2a: Whimsicott|Whimsicott, F, shiny|46/100
|turn|15
|
|t:|1757830081
|move|p2a: Whimsicott|Encore|p1a: Serperior
|-start|p1a: Serperior|Encore
|move|p1a: Serperior|Dragon Pulse|p2a: Whimsicott
|-immune|p2a: Whimsicott
|
|-heal|p2a: Whimsicott|52/100|[from] item: Leftovers
|upkeep
|turn|16
|
|t:|1757830091
|move|p1a: Serperior|Dragon Pulse|p2a: Whimsicott
|-immune|p2a: Whimsicott
|move|p2a: Whimsicott|Moonblast|p1a: Serperior
|-damage|p1a: Serperior|70/100
|
|-heal|p2a: Whimsicott|59/100|[from] item: Leftovers
|upkeep
|turn|17
|
|t:|1757830099
|move|p2a: Whimsicott|Leech Seed|p1a: Serperior
|-immune|p1a: Serperior
|move|p1a: Serperior|Dragon Pulse|p2a: Whimsicott
|-immune|p2a: Whimsicott
|
|-heal|p2a: Whimsicott|65/100|[from] item: Leftovers
|-end|p1a: Serperior|Encore
|upkeep
|turn|18
|
|t:|1757830111
|move|p1a: Serperior|Protect|p1a: Serperior
|-singleturn|p1a: Serperior|Protect
|move|p2a: Whimsicott|Encore|p1a: Serperior
|-activate|p1a: Serperior|move: Protect
|
|-heal|p2a: Whimsicott|71/100|[from] item: Leftovers
|upkeep
|turn|19
|
|t:|1757830119
|move|p2a: Whimsicott|Encore|p1a: Serperior
|-start|p1a: Serperior|Encore
|move|p1a: Serperior|Protect||[still]
|-fail|p1a: Serperior
|
|-heal|p2a: Whimsicott|77/100|[from] item: Leftovers
|upkeep
|turn|20
|
|t:|1757830127
|move|p1a: Serperior|Protect|p1a: Serperior
|-singleturn|p1a: Serperior|Protect
|move|p2a: Whimsicott|Moonblast|p1a: Serperior
|-activate|p1a: Serperior|move: Protect
|
|-heal|p2a: Whimsicott|83/100|[from] item: Leftovers
|upkeep
|turn|21
|
|t:|1757830135
|move|p1a: Serperior|Protect||[still]
|-fail|p1a: Serperior
|move|p2a: Whimsicott|Moonblast|p1a: Serperior
|-damage|p1a: Serperior|40/100
|
|-heal|p2a: Whimsicott|89/100|[from] item: Leftovers
|-end|p1a: Serperior|Encore
|upkeep
|turn|22
|
|t:|1757830144
|move|p2a: Whimsicott|Encore|p1a: Serperior
|-start|p1a: Serperior|Encore
|move|p1a: Serperior|Protect||[still]
|-fail|p1a: Serperior
|
|-heal|p2a: Whimsicott|96/100|[from] item: Leftovers
|upkeep
|turn|23
|
|t:|1757830153
|switch|p1a: Incineroar|Incineroar, F|63/100
|-status|p1a: Incineroar|tox
|-damage|p1a: Incineroar|38/100 tox|[from] Stealth Rock
|-ability|p1a: Incineroar|Intimidate|boost
|-unboost|p2a: Whimsicott|atk|1
|move|p2a: Whimsicott|Moonblast|p1a: Incineroar
|-damage|p1a: Incineroar|13/100 tox
|
|-heal|p2a: Whimsicott|100/100|[from] item: Leftovers
|-damage|p1a: Incineroar|7/100 tox|[from] psn
|upkeep
|turn|24
|
|t:|1757830169
|move|p2a: Whimsicott|Protect|p2a: Whimsicott
|-singleturn|p2a: Whimsicott|Protect
|move|p1a: Incineroar|Flare Blitz|p2a: Whimsicott
|-activate|p2a: Whimsicott|move: Protect
|
|-damage|p1a: Incineroar|0 fnt|[from] psn
|faint|p1a: Incineroar
|upkeep
|
|t:|1757830178
|switch|p1a: Empoleon|Empoleon, F|100/100
|-damage|p1a: Empoleon|94/100|[from] Stealth Rock
|turn|25
|
|t:|1757830186
|move|p2a: Whimsicott|Leech Seed|p1a: Empoleon
|-start|p1a: Empoleon|move: Leech Seed
|move|p1a: Empoleon|Ice Beam|p2a: Whimsicott
|-supereffective|p2a: Whimsicott
|-damage|p2a: Whimsicott|44/100
|
|-heal|p2a: Whimsicott|50/100|[from] item: Leftovers
|-heal|p1a: Empoleon|100/100|[from] item: Leftovers
|-damage|p1a: Empoleon|88/100|[from] Leech Seed|[of] p2a: Whimsicott
|-heal|p2a: Whimsicott|63/100|[silent]
|upkeep
|turn|26
|
|t:|1757830198
|move|p2a: Whimsicott|Protect|p2a: Whimsicott
|-singleturn|p2a: Whimsicott|Protect
|move|p1a: Empoleon|Flash Cannon|p2a: Whimsicott
|-activate|p2a: Whimsicott|move: Protect
|
|-heal|p2a: Whimsicott|69/100|[from] item: Leftovers
|-heal|p1a: Empoleon|94/100|[from] item: Leftovers
|-damage|p1a: Empoleon|82/100|[from] Leech Seed|[of] p2a: Whimsicott
|-heal|p2a: Whimsicott|82/100|[silent]
|upkeep
|turn|27
|-message|711851l forfeited.
|
|win|Huhgugghfuhh
|raw|711851l's rating: 1098 &rarr; <strong>1071</strong><br />(-27 for losing)
|raw|Huhgugghfuhh's rating: 1072 &rarr; <strong>1103</strong><br />(+31 for winning)
|l|☆711851l
|player|p1|
|l|☆Huhgugghfuhh
|player|p2|
