|j|☆luvbunz
|j|☆The_hond
|t:|1757901589
|gametype|singles
|player|p1|luvbunz|elesa|1248
|player|p2|The_hond|170|1292
|gen|9
|tier|[Gen 9] OU
|rated|
|rule|HP Percentage Mod: HP is shown in percentages
|rule|Endless Battle Clause: Forcing endless battles is banned
|rule|Species Clause: Limit one of each Pokémon
|rule|OHKO Clause: OHKO moves are banned
|rule|Evasion Items Clause: Evasion items are banned
|rule|Evasion Moves Clause: Evasion moves are banned
|rule|Evasion Abilities Clause: Evasion abilities are banned
|rule|Sleep Moves Clause: Sleep-inducing moves are banned
|clearpoke
|poke|p1|Garchomp, M|
|poke|p1|Gholdengo|
|poke|p1|Talonflame, M|
|poke|p1|Hoopa-Unbound|
|poke|p1|Alomomola, M|
|poke|p1|Shaymin|
|poke|p2|Polteageist|
|poke|p2|Indeedee, M|
|poke|p2|Armarouge, M|
|poke|p2|Great Tusk|
|poke|p2|Hatterene, F|
|poke|p2|Kingambit, M|
|teampreview
|
|t:|1757901594
|teamsize|p1|6
|teamsize|p2|6
|start
|switch|p1a: Talonflame|Talonflame, M, shiny|100/100
|switch|p2a: Indeedee|Indeedee, M|100/100
|-fieldstart|move: Psychic Terrain|[from] ability: Psychic Surge|[of] p2a: Indeedee
|turn|1
|
|t:|1757901600
|switch|p2a: Great Tusk|Great Tusk|100/100
|move|p1a: Talonflame|U-turn|p2a: Great Tusk
|-resisted|p2a: Great Tusk
|-damage|p2a: Great Tusk|94/100
|-enditem|p2a: Great Tusk|Eject Button
|
|t:|1757901605
|-end|p2a: Great Tusk|Protosynthesis|[silent]
|switch|p2a: Polteageist|Polteageist, shiny|100/100
|
|upkeep
|turn|2
|
|t:|1757901611
|switch|p1a: Hoopa|Hoopa-Unbound|100/100
|move|p2a: Polteageist|Shell Smash|p2a: Polteageist
|-unboost|p2a: Polteageist|def|1
|-unboost|p2a: Polteageist|spd|1
|-boost|p2a: Polteageist|atk|2
|-boost|p2a: Polteageist|spa|2
|-boost|p2a: Polteageist|spe|2
|
|upkeep
|turn|3
|
|t:|1757901644
|move|p2a: Polteageist|Shell Smash|p2a: Polteageist
|-unboost|p2a: Polteageist|def|1
|-unboost|p2a: Polteageist|spd|1
|-boost|p2a: Polteageist|atk|2
|-boost|p2a: Polteageist|spa|2
|-boost|p2a: Polteageist|spe|2
|move|p1a: Hoopa|Dark Pulse|p2a: Polteageist
|-supereffective|p2a: Polteageist
|-enditem|p2a: Polteageist|Focus Sash
|-damage|p2a: Polteageist|1/100
|
|upkeep
|turn|4
|inactive|Battle timer is ON: inactive players will automatically lose when time's up. (requested by The_hond)
|
|t:|1757901653
|move|p2a: Polteageist|Shadow Ball|p1a: Hoopa
|-damage|p1a: Hoopa|35/100
|move|p1a: Hoopa|Dark Pulse|p2a: Polteageist
|-supereffective|p2a: Polteageist
|-damage|p2a: Polteageist|0 fnt
|faint|p2a: Polteageist
|
|upkeep
|
|t:|1757901660
|switch|p2a: Hatterene|Hatterene, F|100/100
|turn|5
|
|t:|1757901665
|move|p1a: Hoopa|Dark Pulse|p2a: Hatterene
|-damage|p2a: Hatterene|45/100
|-enditem|p2a: Hatterene|Eject Button
|inactive|The_hond has 120 seconds left.
|
|t:|1757901707
|switch|p2a: Armarouge|Armarouge, M|100/100
|
|upkeep
|turn|6
|
|t:|1757901714
|move|p2a: Armarouge|Endure|p2a: Armarouge
|-singleturn|p2a: Armarouge|move: Endure
|move|p1a: Hoopa|Dark Pulse|p2a: Armarouge
|-supereffective|p2a: Armarouge
|-activate|p2a: Armarouge|move: Endure
|-damage|p2a: Armarouge|1/100
|-enditem|p2a: Armarouge|Weakness Policy
|-boost|p2a: Armarouge|atk|2|[from] item: Weakness Policy
|-boost|p2a: Armarouge|spa|2|[from] item: Weakness Policy
|
|upkeep
|turn|7
|inactive|The_hond has 120 seconds left.
|inactive|The_hond has 90 seconds left.
|
|t:|1757901761
|move|p2a: Armarouge|Armor Cannon|p1a: Hoopa
|-damage|p1a: Hoopa|0 fnt
|-unboost|p2a: Armarouge|def|1
|-unboost|p2a: Armarouge|spd|1
|faint|p1a: Hoopa
|
|upkeep
|
|t:|1757901778
|switch|p1a: Gholdengo|Gholdengo, shiny|100/100
|-item|p1a: Gholdengo|Air Balloon
|turn|8
|inactive|The_hond has 90 seconds left.
|
|t:|1757901798
|switch|p1a: Alomomola|Alomomola, M|100/100
|move|p2a: Armarouge|Armor Cannon|p1a: Alomomola
|-resisted|p1a: Alomomola
|-damage|p1a: Alomomola|34/100
|-unboost|p2a: Armarouge|def|1
|-unboost|p2a: Armarouge|spd|1
|
|-heal|p1a: Alomomola|40/100|[from] item: Leftovers
|-fieldend|move: Psychic Terrain
|upkeep
|turn|9
|
|t:|1757901807
|move|p2a: Armarouge|Energy Ball|p1a: Alomomola
|-supereffective|p1a: Alomomola
|-damage|p1a: Alomomola|0 fnt
|faint|p1a: Alomomola
|
|upkeep
|
|t:|1757901810
|switch|p1a: Talonflame|Talonflame, M, shiny|100/100
|turn|10
|
|t:|1757901822
|move|p1a: Talonflame|Brave Bird|p2a: Armarouge
|-damage|p2a: Armarouge|0 fnt
|faint|p2a: Armarouge
|-damage|p1a: Talonflame|99/100|[from] Recoil
|
|upkeep
|
|t:|1757901833
|switch|p2a: Indeedee|Indeedee, M|100/100
|-fieldstart|move: Psychic Terrain|[from] ability: Psychic Surge|[of] p2a: Indeedee
|turn|11
|
|t:|1757901847
|move|p1a: Talonflame|Brave Bird|p2a: Indeedee
|-damage|p2a: Indeedee|49/100
|-damage|p1a: Talonflame|82/100|[from] Recoil
|move|p2a: Indeedee|Trick Room|p2a: Indeedee
|-fieldstart|move: Trick Room|[of] p2a: Indeedee
|
|upkeep
|turn|12
|
|t:|1757901867
|move|p2a: Indeedee|Expanding Force|p1a: Talonflame
|-damage|p1a: Talonflame|0 fnt
|faint|p1a: Talonflame
|
|upkeep
|
|t:|1757901880
|switch|p1a: Gholdengo|Gholdengo, shiny|100/100
|-item|p1a: Gholdengo|Air Balloon
|turn|13
|inactive|The_hond has 120 seconds left.
|inactive|The_hond has 90 seconds left.
|
|t:|1757901916
|move|p1a: Gholdengo|Make It Rain|p2a: Indeedee
|-damage|p2a: Indeedee|0 fnt
|-unboost|p1a: Gholdengo|spa|1
|faint|p2a: Indeedee
|
|upkeep
|inactive|The_hond has 90 seconds left.
|
|t:|1757901934
|switch|p2a: Kingambit|Kingambit, M|100/100
|-activate|p2a: Kingambit|ability: Supreme Overlord
|-start|p2a: Kingambit|fallen3|[silent]
|turn|14
|
|t:|1757901941
|move|p2a: Kingambit|Kowtow Cleave|p1a: Gholdengo
|-supereffective|p1a: Gholdengo
|-damage|p1a: Gholdengo|0 fnt
|-enditem|p1a: Gholdengo|Air Balloon
|faint|p1a: Gholdengo
|
|upkeep
|
|t:|1757901944
|switch|p1a: Garchomp|Garchomp, M|100/100
|turn|15
|inactive|The_hond has 90 seconds left.
|
|t:|1757901973
|move|p2a: Kingambit|Kowtow Cleave|p1a: Garchomp
|-damage|p1a: Garchomp|60/100
|-damage|p2a: Kingambit|88/100|[from] ability: Rough Skin|[of] p1a: Garchomp
|-damage|p2a: Kingambit|72/100|[from] item: Rocky Helmet|[of] p1a: Garchomp
|move|p1a: Garchomp|Earthquake|p2a: Kingambit
|-supereffective|p2a: Kingambit
|-damage|p2a: Kingambit|0 fnt
|faint|p2a: Kingambit
|-end|p2a: Kingambit|fallen3|[silent]
|
|-fieldend|move: Trick Room
|upkeep
|
|t:|1757901985
|switch|p2a: Great Tusk|Great Tusk|94/100
|turn|16
|
|t:|1757901993
|switch|p1a: Shaymin|Shaymin|100/100
|move|p2a: Great Tusk|Ice Spinner|p1a: Shaymin
|-supereffective|p1a: Shaymin
|-damage|p1a: Shaymin|47/100
|-fieldend|move: Psychic Terrain
|
|upkeep
|turn|17
|inactive|The_hond has 90 seconds left.
|
|t:|1757902011
|move|p2a: Great Tusk|Ice Spinner|p1a: Shaymin
|-supereffective|p1a: Shaymin
|-damage|p1a: Shaymin|0 fnt
|faint|p1a: Shaymin
|
|upkeep
|
|t:|1757902015
|switch|p1a: Garchomp|Garchomp, M|60/100
|turn|18
|
|t:|1757902026
|-terastallize|p1a: Garchomp|Fairy
|move|p2a: Great Tusk|Ice Spinner|p1a: Garchomp
|-damage|p1a: Garchomp|44/100
|-damage|p2a: Great Tusk|82/100|[from] ability: Rough Skin|[of] p1a: Garchomp
|-damage|p2a: Great Tusk|65/100|[from] item: Rocky Helmet|[of] p1a: Garchomp
|move|p1a: Garchomp|Earthquake|p2a: Great Tusk
|-damage|p2a: Great Tusk|31/100
|
|upkeep
|turn|19
|
|t:|1757902036
|move|p2a: Great Tusk|Headlong Rush|p1a: Garchomp
|-damage|p1a: Garchomp|4/100
|-unboost|p2a: Great Tusk|def|1
|-unboost|p2a: Great Tusk|spd|1
|-damage|p2a: Great Tusk|19/100|[from] ability: Rough Skin|[of] p1a: Garchomp
|-damage|p2a: Great Tusk|2/100|[from] item: Rocky Helmet|[of] p1a: Garchomp
|move|p1a: Garchomp|Earthquake|p2a: Great Tusk
|-damage|p2a: Great Tusk|0 fnt
|faint|p2a: Great Tusk
|-end|p2a: Great Tusk|Protosynthesis|[silent]
|
|upkeep
|
|t:|1757902040
|switch|p2a: Hatterene|Hatterene, F|45/100
|turn|20
|
|t:|1757902044
|move|p1a: Garchomp|Earthquake|p2a: Hatterene
|-damage|p2a: Hatterene|7/100
|move|p2a: Hatterene|Psychic Noise|p1a: Garchomp
|-damage|p1a: Garchomp|0 fnt
|faint|p1a: Garchomp
|
|win|The_hond
|raw|luvbunz's rating: 1248 &rarr; <strong>1226</strong><br />(-22 for losing)
|raw|The_hond's rating: 1292 &rarr; <strong>1314</strong><br />(+22 for winning)
|l|☆luvbunz
|player|p1|
|l|☆The_hond
|player|p2|
