|j|☆rrbrru
|j|☆Pahancor
|t:|1757902013
|gametype|singles
|player|p1|rrbrru|101|1400
|player|p2|Pahancor|steven|1498
|gen|9
|tier|[Gen 9] OU
|rated|
|rule|HP Percentage Mod: HP is shown in percentages
|rule|Endless Battle Clause: Forcing endless battles is banned
|rule|Species Clause: Limit one of each Pokémon
|rule|OHKO Clause: OHKO moves are banned
|rule|Evasion Items Clause: Evasion items are banned
|rule|Evasion Moves Clause: Evasion moves are banned
|rule|Evasion Abilities Clause: Evasion abilities are banned
|rule|Sleep Moves Clause: Sleep-inducing moves are banned
|clearpoke
|poke|p1|Toucannon, M|
|poke|p1|Dragonite, F|
|poke|p1|Zamazenta-*|
|poke|p1|Iron Treads|
|poke|p1|Zapdos|
|poke|p1|Primarina, M|
|poke|p2|Comfey, F|
|poke|p2|Whimsicott, M|
|poke|p2|Iron Moth|
|poke|p2|Walking Wake|
|poke|p2|Great Tusk|
|poke|p2|Ninetales, F|
|teampreview
|inactive|Battle timer is ON: inactive players will automatically lose when time's up. (requested by Pahancor)
|
|t:|1757902043
|teamsize|p1|6
|teamsize|p2|6
|start
|switch|p1a: Shanks|Zamazenta|100/100
|switch|p2a: Ninetales|Ninetales, F|100/100
|-ability|p1a: Shanks|Dauntless Shield|boost
|-boost|p1a: Shanks|def|1
|-weather|SunnyDay|[from] ability: Drought|[of] p2a: Ninetales
|turn|1
|inactive|Pahancor has 120 seconds left.
|
|t:|1757902084
|move|p1a: Shanks|Stone Edge|p2a: Ninetales
|-supereffective|p2a: Ninetales
|-damage|p2a: Ninetales|0 fnt
|faint|p2a: Ninetales
|
|-weather|SunnyDay|[upkeep]
|upkeep
|
|t:|1757902096
|switch|p2a: Whimsicott|Whimsicott, M|100/100
|turn|2
|
|t:|1757902102
|switch|p1a: Shirahoshi|Primarina, M|100/100
|move|p2a: Whimsicott|Moonblast|p1a: Shirahoshi
|-damage|p1a: Shirahoshi|71/100
|-damage|p2a: Whimsicott|91/100|[from] item: Life Orb
|
|-weather|SunnyDay|[upkeep]
|upkeep
|turn|3
|inactive|Pahancor has 120 seconds left.
|
|t:|1757902119
|move|p2a: Whimsicott|Growth|p2a: Whimsicott
|-boost|p2a: Whimsicott|atk|2
|-boost|p2a: Whimsicott|spa|2
|move|p1a: Shirahoshi|Moonblast|p2a: Whimsicott
|-damage|p2a: Whimsicott|16/100
|
|-weather|SunnyDay|[upkeep]
|upkeep
|turn|4
|
|t:|1757902131
|move|p2a: Whimsicott|Giga Drain|p1a: Shirahoshi
|-supereffective|p1a: Shirahoshi
|-damage|p1a: Shirahoshi|0 fnt
|-heal|p2a: Whimsicott|58/100|[from] drain|[of] p1a: Shirahoshi
|faint|p1a: Shirahoshi
|-damage|p2a: Whimsicott|48/100|[from] item: Life Orb
|
|-weather|SunnyDay|[upkeep]
|upkeep
|
|t:|1757902141
|switch|p1a: Monkey D. nite|Dragonite, F|100/100
|turn|5
|inactive|Pahancor has 120 seconds left.
|
|t:|1757902168
|-terastallize|p1a: Monkey D. nite|Fire
|move|p2a: Whimsicott|Moonblast|p1a: Monkey D. nite
|-resisted|p1a: Monkey D. nite
|-damage|p1a: Monkey D. nite|75/100
|-unboost|p1a: Monkey D. nite|spa|1
|-damage|p2a: Whimsicott|38/100|[from] item: Life Orb
|move|p1a: Monkey D. nite|Dragon Dance|p1a: Monkey D. nite
|-boost|p1a: Monkey D. nite|atk|1
|-boost|p1a: Monkey D. nite|spe|1
|
|-weather|SunnyDay|[upkeep]
|upkeep
|turn|6
|
|t:|1757902184
|move|p1a: Monkey D. nite|Extreme Speed|p2a: Whimsicott
|-damage|p2a: Whimsicott|0 fnt
|faint|p2a: Whimsicott
|
|-weather|SunnyDay|[upkeep]
|upkeep
|inactive|Pahancor has 90 seconds left.
|
|t:|1757902200
|switch|p2a: Walking Wake|Walking Wake|100/100
|-activate|p2a: Walking Wake|ability: Protosynthesis
|-start|p2a: Walking Wake|protosynthesisspe
|turn|7
|
|t:|1757902222
|move|p1a: Monkey D. nite|Extreme Speed|p2a: Walking Wake
|-damage|p2a: Walking Wake|54/100
|move|p2a: Walking Wake|Hydro Steam|p1a: Monkey D. nite
|-supereffective|p1a: Monkey D. nite
|-damage|p1a: Monkey D. nite|0 fnt
|faint|p1a: Monkey D. nite
|
|-weather|SunnyDay|[upkeep]
|upkeep
|
|t:|1757902233
|switch|p1a: Franky|Toucannon, M|100/100
|turn|8
|
|t:|1757902250
|-singleturn|p1a: Franky|move: Beak Blast
|move|p2a: Walking Wake|Hydro Steam|p1a: Franky
|-damage|p1a: Franky|53/100
|move|p1a: Franky|Beak Blast|p2a: Walking Wake
|-crit|p2a: Walking Wake
|-damage|p2a: Walking Wake|0 fnt
|faint|p2a: Walking Wake
|-end|p2a: Walking Wake|Protosynthesis|[silent]
|
|-weather|none
|upkeep
|inactive|Pahancor has 90 seconds left.
|inactive|Pahancor has 60 seconds left.
|
|t:|1757902294
|switch|p2a: Iron Moth|Iron Moth|100/100
|-enditem|p2a: Iron Moth|Booster Energy
|-activate|p2a: Iron Moth|ability: Quark Drive|[fromitem]
|-start|p2a: Iron Moth|quarkdrivespa
|turn|9
|
|t:|1757902304
|move|p2a: Iron Moth|Fiery Dance|p1a: Franky
|-damage|p1a: Franky|10/100
|-boost|p2a: Iron Moth|spa|1
|move|p1a: Franky|Rock Blast|p2a: Iron Moth
|-supereffective|p2a: Iron Moth
|-damage|p2a: Iron Moth|70/100
|-supereffective|p2a: Iron Moth
|-damage|p2a: Iron Moth|41/100
|-supereffective|p2a: Iron Moth
|-damage|p2a: Iron Moth|11/100
|-supereffective|p2a: Iron Moth
|-damage|p2a: Iron Moth|0 fnt
|faint|p2a: Iron Moth
|-end|p2a: Iron Moth|Quark Drive|[silent]
|-hitcount|p2: Iron Moth|4
|
|upkeep
|inactive|Pahancor has 60 seconds left.
|
|t:|1757902335
|switch|p2a: Comfey|Comfey, F|100/100
|turn|10
|inactive|rrbrru has 120 seconds left.
|
|t:|1757902366
|-singleturn|p1a: Franky|move: Beak Blast
|move|p2a: Comfey|Draining Kiss|p1a: Franky
|-damage|p1a: Franky|0 fnt
|-status|p2a: Comfey|brn
|faint|p1a: Franky
|-damage|p2a: Comfey|91/100 brn|[from] item: Life Orb
|
|-damage|p2a: Comfey|84/100 brn|[from] brn
|upkeep
|inactive|rrbrru has 120 seconds left.
|
|t:|1757902373
|switch|p1a: Enel|Zapdos|100/100
|turn|11
|inactive|Pahancor has 60 seconds left.
|
|t:|1757902383
|move|p1a: Enel|Hurricane|p2a: Comfey|[miss]
|-miss|p1a: Enel|p2a: Comfey
|move|p2a: Comfey|Growth|p2a: Comfey
|-boost|p2a: Comfey|atk|1
|-boost|p2a: Comfey|spa|1
|
|-damage|p2a: Comfey|78/100 brn|[from] brn
|upkeep
|turn|12
|inactive|Pahancor has 60 seconds left.
|
|t:|1757902391
|move|p2a: Comfey|Draining Kiss|p1a: Enel
|-damage|p1a: Enel|55/100
|-heal|p2a: Comfey|100/100 brn|[from] drain|[of] p1a: Enel
|-damage|p2a: Comfey|91/100 brn|[from] item: Life Orb
|move|p1a: Enel|Hurricane|p2a: Comfey|[miss]
|-miss|p1a: Enel|p2a: Comfey
|
|-damage|p2a: Comfey|84/100 brn|[from] brn
|upkeep
|turn|13
|inactive|Pahancor has 60 seconds left.
|
|t:|1757902402
|move|p2a: Comfey|Draining Kiss|p1a: Enel
|-damage|p1a: Enel|4/100
|-heal|p2a: Comfey|100/100 brn|[from] drain|[of] p1a: Enel
|-damage|p2a: Comfey|91/100 brn|[from] item: Life Orb
|move|p1a: Enel|Hurricane|p2a: Comfey
|-damage|p2a: Comfey|1/100 brn
|-start|p2a: Comfey|confusion
|
|-damage|p2a: Comfey|0 fnt|[from] brn
|faint|p2a: Comfey
|upkeep
|inactive|Pahancor has 60 seconds left.
|
|t:|1757902414
|switch|p2a: Great Tusk|Great Tusk|100/100
|turn|14
|inactive|Pahancor has 60 seconds left.
|
|t:|1757902419
|move|p1a: Enel|Hurricane|p2a: Great Tusk|[miss]
|-miss|p1a: Enel|p2a: Great Tusk
|move|p2a: Great Tusk|Rapid Spin|p1a: Enel
|-damage|p1a: Enel|0 fnt
|-boost|p2a: Great Tusk|spe|1
|faint|p1a: Enel
|
|upkeep
|
|t:|1757902427
|switch|p1a: Shanks|Zamazenta|100/100
|turn|15
|inactive|Pahancor has 60 seconds left.
|
|t:|1757902442
|move|p2a: Great Tusk|Headlong Rush|p1a: Shanks
|-damage|p1a: Shanks|53/100
|-unboost|p2a: Great Tusk|def|1
|-unboost|p2a: Great Tusk|spd|1
|move|p1a: Shanks|Close Combat|p2a: Great Tusk
|-damage|p2a: Great Tusk|17/100
|-unboost|p1a: Shanks|def|1
|-unboost|p1a: Shanks|spd|1
|-damage|p1a: Shanks|36/100|[from] item: Rocky Helmet|[of] p2a: Great Tusk
|
|upkeep
|turn|16
|inactive|Pahancor has 60 seconds left.
|
|t:|1757902454
|move|p2a: Great Tusk|Headlong Rush|p1a: Shanks
|-damage|p1a: Shanks|0 fnt
|-unboost|p2a: Great Tusk|def|1
|-unboost|p2a: Great Tusk|spd|1
|faint|p1a: Shanks
|
|upkeep
|
|t:|1757902459
|switch|p1a: Eustass Kid|Iron Treads|100/100
|-item|p1a: Eustass Kid|Air Balloon
|turn|17
|
|t:|1757902464
|move|p2a: Great Tusk|Close Combat|p1a: Eustass Kid
|-supereffective|p1a: Eustass Kid
|-damage|p1a: Eustass Kid|8/100
|-unboost|p2a: Great Tusk|def|1
|-unboost|p2a: Great Tusk|spd|1
|-enditem|p1a: Eustass Kid|Air Balloon
|move|p1a: Eustass Kid|Earthquake|p2a: Great Tusk
|-damage|p2a: Great Tusk|0 fnt
|faint|p2a: Great Tusk
|-end|p2a: Great Tusk|Protosynthesis|[silent]
|
|win|rrbrru
|raw|rrbrru's rating: 1422 &rarr; <strong>1446</strong><br />(+24 for winning)
|raw|Pahancor's rating: 1498 &rarr; <strong>1474</strong><br />(-24 for losing)
|l|☆rrbrru
|player|p1|
|l|☆Pahancor
|player|p2|
