|j|☆Crow76VGC
|j|☆mach95a113
|t:|1757964301
|gametype|singles
|player|p1|Crow76VGC|janitor|1097
|player|p2|mach95a113|gardenia|1118
|gen|9
|tier|[Gen 9] OU
|rated|
|rule|HP Percentage Mod: HP is shown in percentages
|rule|Endless Battle Clause: Forcing endless battles is banned
|rule|Species Clause: Limit one of each Pokémon
|rule|OHKO Clause: OHKO moves are banned
|rule|Evasion Items Clause: Evasion items are banned
|rule|Evasion Moves Clause: Evasion moves are banned
|rule|Evasion Abilities Clause: Evasion abilities are banned
|rule|Sleep Moves Clause: Sleep-inducing moves are banned
|clearpoke
|poke|p1|Gliscor, M|
|poke|p1|Gengar, F|
|poke|p1|Glimmora, F|
|poke|p1|Iron Moth|
|poke|p1|Pecharunt|
|poke|p1|Slowking-Galar, F|
|poke|p2|Hydrapple, M|
|poke|p2|Dondozo, M|
|poke|p2|Hatterene, F|
|poke|p2|Pawmot, M|
|poke|p2|Gliscor, F|
|poke|p2|Garganacl, M|
|teampreview
|inactive|Battle timer is ON: inactive players will automatically lose when time's up. (requested by Crow76VGC)
|c|☆mach95a113|Good luck!
|
|t:|1757964321
|teamsize|p1|6
|teamsize|p2|6
|start
|switch|p1a: Glimmora|Glimmora, F|100/100
|switch|p2a: Gliscor|Gliscor, F, shiny|100/100
|turn|1
|
|t:|1757964329
|move|p1a: Glimmora|Power Gem|p2a: Gliscor
|-damage|p2a: Gliscor|45/100
|move|p2a: Gliscor|Stealth Rock|p1a: Glimmora
|-sidestart|p1: Crow76VGC|move: Stealth Rock
|
|-status|p2a: Gliscor|tox|[from] item: Toxic Orb
|upkeep
|turn|2
|inactive|mach95a113 has 120 seconds left.
|
|t:|1757964372
|switch|p2a: Garganacl|Garganacl, M|100/100
|move|p1a: Glimmora|Power Gem|p2a: Garganacl
|-damage|p2a: Garganacl|63/100
|
|-heal|p2a: Garganacl|69/100|[from] item: Leftovers
|upkeep
|turn|3
|
|t:|1757964384
|move|p1a: Glimmora|Energy Ball|p2a: Garganacl
|-supereffective|p2a: Garganacl
|-damage|p2a: Garganacl|12/100
|move|p2a: Garganacl|Tera Blast|p1a: Glimmora
|-resisted|p1a: Glimmora
|-damage|p1a: Glimmora|94/100
|
|-heal|p2a: Garganacl|19/100|[from] item: Leftovers
|upkeep
|turn|4
|
|t:|1757964400
|switch|p2a: Hydrapple|Hydrapple, M|100/100
|move|p1a: Glimmora|Power Gem|p2a: Hydrapple
|-damage|p2a: Hydrapple|57/100
|
|upkeep
|turn|5
|
|t:|1757964410
|move|p1a: Glimmora|Mortal Spin|p2a: Hydrapple
|-supereffective|p2a: Hydrapple
|-damage|p2a: Hydrapple|48/100
|-status|p2a: Hydrapple|psn
|-sideend|p1: Crow76VGC|Stealth Rock|[from] move: Mortal Spin|[of] p1a: Glimmora
|-enditem|p2a: Hydrapple|Sitrus Berry|[eat]
|-heal|p2a: Hydrapple|73/100 psn|[from] item: Sitrus Berry
|move|p2a: Hydrapple|Earth Power|p1a: Glimmora
|-supereffective|p1a: Glimmora
|-damage|p1a: Glimmora|0 fnt
|faint|p1a: Glimmora
|
|-damage|p2a: Hydrapple|60/100 psn|[from] psn
|upkeep
|
|t:|1757964425
|switch|p1a: Iron Moth|Iron Moth|100/100
|-enditem|p1a: Iron Moth|Booster Energy
|-activate|p1a: Iron Moth|ability: Quark Drive|[fromitem]
|-start|p1a: Iron Moth|quarkdrivespa
|turn|6
|inactive|mach95a113 has 120 seconds left.
|
|t:|1757964450
|switch|p2a: Gliscor|Gliscor, F, shiny|45/100 tox
|move|p1a: Iron Moth|Sludge Wave|p2a: Gliscor
|-resisted|p2a: Gliscor
|-damage|p2a: Gliscor|1/100 tox
|
|-heal|p2a: Gliscor|13/100 tox|[from] ability: Poison Heal
|upkeep
|turn|7
|
|t:|1757964462
|move|p1a: Iron Moth|Fiery Dance|p2a: Gliscor
|-damage|p2a: Gliscor|0 fnt
|faint|p2a: Gliscor
|
|upkeep
|
|t:|1757964474
|switch|p2a: Hatterene|Hatterene, F|100/100
|turn|8
|
|t:|1757964482
|-terastallize|p1a: Iron Moth|Fairy
|move|p1a: Iron Moth|Sludge Wave|p2a: Hatterene
|-supereffective|p2a: Hatterene
|-enditem|p2a: Hatterene|Focus Sash
|-damage|p2a: Hatterene|1/100
|move|p2a: Hatterene|Trick Room|p2a: Hatterene
|-fieldstart|move: Trick Room|[of] p2a: Hatterene
|
|upkeep
|turn|9
|inactive|mach95a113 has 120 seconds left.
|
|t:|1757964497
|move|p2a: Hatterene|Shadow Ball|p1a: Iron Moth
|-damage|p1a: Iron Moth|75/100
|move|p1a: Iron Moth|Fiery Dance|p2a: Hatterene
|-damage|p2a: Hatterene|0 fnt
|-boost|p1a: Iron Moth|spa|1
|faint|p2a: Hatterene
|
|upkeep
|
|t:|1757964510
|switch|p2a: Dondozo|Dondozo, M|100/100
|turn|10
|
|t:|1757964516
|-end|p1a: Iron Moth|Quark Drive|[silent]
|switch|p1a: Pecharunt|Pecharunt|100/100
|move|p2a: Dondozo|Liquidation|p1a: Pecharunt
|-damage|p1a: Pecharunt|86/100
|
|-heal|p1a: Pecharunt|92/100|[from] item: Leftovers
|upkeep
|turn|11
|inactive|mach95a113 has 120 seconds left.
|
|t:|1757964525
|move|p1a: Pecharunt|Protect|p1a: Pecharunt
|-singleturn|p1a: Pecharunt|Protect
|move|p2a: Dondozo|Curse|p2a: Dondozo
|-unboost|p2a: Dondozo|spe|1
|-boost|p2a: Dondozo|atk|1
|-boost|p2a: Dondozo|def|1
|
|-heal|p1a: Pecharunt|98/100|[from] item: Leftovers
|upkeep
|turn|12
|inactive|mach95a113 has 120 seconds left.
|
|t:|1757964538
|move|p2a: Dondozo|Curse|p2a: Dondozo
|-unboost|p2a: Dondozo|spe|1
|-boost|p2a: Dondozo|atk|1
|-boost|p2a: Dondozo|def|1
|move|p1a: Pecharunt|Malignant Chain|p2a: Dondozo
|-damage|p2a: Dondozo|70/100
|
|-heal|p1a: Pecharunt|100/100|[from] item: Leftovers
|-fieldend|move: Trick Room
|upkeep
|turn|13
|
|t:|1757964547
|move|p1a: Pecharunt|Malignant Chain|p2a: Dondozo
|-damage|p2a: Dondozo|41/100
|-status|p2a: Dondozo|tox
|-start|p2a: Dondozo|confusion|[from] ability: Poison Puppeteer|[of] p1a: Pecharunt
|-activate|p2a: Dondozo|confusion
|move|p2a: Dondozo|Liquidation|p1a: Pecharunt
|-damage|p1a: Pecharunt|72/100
|
|-heal|p1a: Pecharunt|78/100|[from] item: Leftovers
|-damage|p2a: Dondozo|35/100 tox|[from] psn
|upkeep
|turn|14
|
|t:|1757964556
|move|p1a: Pecharunt|Hex|p2a: Dondozo
|-damage|p2a: Dondozo|0 fnt
|faint|p2a: Dondozo
|
|-heal|p1a: Pecharunt|84/100|[from] item: Leftovers
|upkeep
|
|t:|1757964562
|switch|p2a: Garganacl|Garganacl, M|19/100
|turn|15
|
|t:|1757964571
|move|p1a: Pecharunt|Malignant Chain|p2a: Garganacl
|-resisted|p2a: Garganacl
|-damage|p2a: Garganacl|5/100
|move|p2a: Garganacl|Salt Cure|p1a: Pecharunt
|-damage|p1a: Pecharunt|78/100
|-start|p1a: Pecharunt|Salt Cure
|
|-heal|p1a: Pecharunt|84/100|[from] item: Leftovers
|-heal|p2a: Garganacl|11/100|[from] item: Leftovers
|-damage|p1a: Pecharunt|72/100|[from] Salt Cure
|upkeep
|turn|16
|
|t:|1757964584
|switch|p2a: Hydrapple|Hydrapple, M|94/100 psn
|move|p1a: Pecharunt|Hex|p2a: Hydrapple
|-damage|p2a: Hydrapple|53/100 psn
|
|-heal|p1a: Pecharunt|78/100|[from] item: Leftovers
|-damage|p2a: Hydrapple|41/100 psn|[from] psn
|-damage|p1a: Pecharunt|65/100|[from] Salt Cure
|upkeep
|turn|17
|
|t:|1757964593
|switch|p2a: Garganacl|Garganacl, M|11/100
|move|p1a: Pecharunt|Hex|p2a: Garganacl
|-damage|p2a: Garganacl|2/100
|
|-heal|p1a: Pecharunt|71/100|[from] item: Leftovers
|-heal|p2a: Garganacl|8/100|[from] item: Leftovers
|-damage|p1a: Pecharunt|59/100|[from] Salt Cure
|upkeep
|turn|18
|
|t:|1757964612
|move|p1a: Pecharunt|Malignant Chain|p2a: Garganacl
|-resisted|p2a: Garganacl
|-damage|p2a: Garganacl|0 fnt
|faint|p2a: Garganacl
|
|-heal|p1a: Pecharunt|65/100|[from] item: Leftovers
|-damage|p1a: Pecharunt|53/100|[from] Salt Cure
|upkeep
|
|t:|1757964616
|switch|p2a: Pawmot|Pawmot, M|100/100
|turn|19
|
|t:|1757964619
|move|p2a: Pawmot|Knock Off|p1a: Pecharunt
|-supereffective|p1a: Pecharunt
|-damage|p1a: Pecharunt|24/100
|-enditem|p1a: Pecharunt|Leftovers|[from] move: Knock Off|[of] p2a: Pawmot
|move|p1a: Pecharunt|Malignant Chain|p2a: Pawmot
|-damage|p2a: Pawmot|47/100
|
|-damage|p1a: Pecharunt|11/100|[from] Salt Cure
|upkeep
|turn|20
|
|t:|1757964628
|move|p2a: Pawmot|Knock Off|p1a: Pecharunt
|-supereffective|p1a: Pecharunt
|-damage|p1a: Pecharunt|0 fnt
|faint|p1a: Pecharunt
|
|upkeep
|
|t:|1757964632
|switch|p1a: Iron Moth|Iron Moth, tera:Fairy|75/100
|turn|21
|
|t:|1757964646
|move|p1a: Iron Moth|Dazzling Gleam|p2a: Pawmot
|-supereffective|p2a: Pawmot
|-damage|p2a: Pawmot|0 fnt
|faint|p2a: Pawmot
|
|upkeep
|
|t:|1757964649
|switch|p2a: Hydrapple|Hydrapple, M|74/100 psn
|turn|22
|
|t:|1757964655
|move|p1a: Iron Moth|Dazzling Gleam|p2a: Hydrapple
|-supereffective|p2a: Hydrapple
|-damage|p2a: Hydrapple|0 fnt
|faint|p2a: Hydrapple
|
|win|Crow76VGC
|raw|Crow76VGC's rating: 1097 &rarr; <strong>1124</strong><br />(+27 for winning)
|raw|mach95a113's rating: 1118 &rarr; <strong>1091</strong><br />(-27 for losing)
|l|☆Crow76VGC
|player|p1|
|c|☆mach95a113|Gg
