|j|☆takeyouout
|j|☆Apoiguespm
|t:|1757787989
|gametype|singles
|player|p1|takeyouout|richboy|1598
|player|p2|Apoiguespm|101|1639
|gen|9
|tier|[Gen 9] OU
|rated|
|rule|HP Percentage Mod: HP is shown in percentages
|rule|Endless Battle Clause: Forcing endless battles is banned
|rule|Species Clause: Limit one of each Pokémon
|rule|OHKO Clause: OHKO moves are banned
|rule|Evasion Items Clause: Evasion items are banned
|rule|Evasion Moves Clause: Evasion moves are banned
|rule|Evasion Abilities Clause: Evasion abilities are banned
|rule|Sleep Moves Clause: Sleep-inducing moves are banned
|clearpoke
|poke|p1|Tyranitar, F|
|poke|p1|Garganacl, M|
|poke|p1|Deoxys-Speed|
|poke|p1|Alomomola, F|
|poke|p1|Excadrill, M|
|poke|p1|Tornadus-Therian, M|
|poke|p2|Indeedee-F, F|
|poke|p2|Hatterene, F|
|poke|p2|Polteageist|
|poke|p2|Armarouge, F|
|poke|p2|Deoxys-Speed|
|poke|p2|Slowking-Galar, F|
|teampreview
|inactive|Battle timer is ON: inactive players will automatically lose when time's up. (requested by Apoiguespm)
|
|t:|1757788010
|teamsize|p1|6
|teamsize|p2|6
|start
|switch|p1a: 99|Deoxys-Speed|100/100
|switch|p2a: Indeedee|Indeedee-F, F|100/100
|-ability|p1a: 99|Pressure
|-fieldstart|move: Psychic Terrain|[from] ability: Psychic Surge|[of] p2a: Indeedee
|turn|1
|
|t:|1757788019
|switch|p2a: Hatterene|Hatterene, F|100/100
|move|p1a: 99|Dark Pulse|p2a: Hatterene
|-crit|p2a: Hatterene
|-damage|p2a: Hatterene|46/100
|-damage|p1a: 99|91/100|[from] item: Life Orb
|
|upkeep
|turn|2
|inactive|Apoiguespm has 120 seconds left.
|
|t:|1757788078
|move|p1a: 99|Psycho Boost|p2a: Hatterene|[miss]
|-miss|p1a: 99|p2a: Hatterene
|move|p2a: Hatterene|Expanding Force|p1a: 99
|-resisted|p1a: 99
|-damage|p1a: 99|0 fnt
|faint|p1a: 99
|-damage|p2a: Hatterene|36/100|[from] item: Life Orb
|
|upkeep
|
|t:|1757788091
|switch|p1a: Broomhilda|Tyranitar, F, shiny|100/100
|-weather|Sandstorm|[from] ability: Sand Stream|[of] p1a: Broomhilda
|turn|3
|inactive|Apoiguespm has 90 seconds left.
|
|t:|1757788116
|move|p1a: Broomhilda|Knock Off|p2a: Hatterene
|-damage|p2a: Hatterene|0 fnt
|-enditem|p2a: Hatterene|Life Orb|[from] move: Knock Off|[of] p1a: Broomhilda
|faint|p2a: Hatterene
|
|-weather|Sandstorm|[upkeep]
|upkeep
|
|t:|1757788120
|switch|p2a: Deoxys|Deoxys-Speed|100/100
|-ability|p2a: Deoxys|Pressure
|turn|4
|
|t:|1757788134
|switch|p1a: Molllllyyyyy|Alomomola, F, shiny|100/100
|move|p2a: Deoxys|Focus Blast|p1a: Molllllyyyyy|[miss]
|-miss|p2a: Deoxys|p1a: Molllllyyyyy
|
|-weather|Sandstorm|[upkeep]
|-damage|p2a: Deoxys|94/100|[from] Sandstorm
|-damage|p1a: Molllllyyyyy|94/100|[from] Sandstorm
|upkeep
|turn|5
|inactive|Apoiguespm has 90 seconds left.
|
|t:|1757788170
|switch|p1a: Starscream|Excadrill, M|100/100
|move|p2a: Deoxys|Expanding Force|p1a: Starscream
|-resisted|p1a: Starscream
|-damage|p1a: Starscream|38/100
|-damage|p2a: Deoxys|84/100|[from] item: Life Orb
|
|-weather|Sandstorm|[upkeep]
|-damage|p2a: Deoxys|78/100|[from] Sandstorm
|upkeep
|turn|6
|
|t:|1757788194
|move|p1a: Starscream|Earthquake|p2a: Deoxys
|-damage|p2a: Deoxys|0 fnt
|faint|p2a: Deoxys
|
|-weather|Sandstorm|[upkeep]
|upkeep
|
|t:|1757788219
|switch|p2a: Polteageist|Polteageist|100/100
|turn|7
|
|t:|1757788230
|move|p1a: Starscream|Earthquake|p2a: Polteageist
|-enditem|p2a: Polteageist|Focus Sash
|-damage|p2a: Polteageist|1/100
|-ability|p2a: Polteageist|Weak Armor|boost
|-unboost|p2a: Polteageist|def|1
|-boost|p2a: Polteageist|spe|2
|move|p2a: Polteageist|Shadow Ball|p1a: Starscream
|-crit|p1a: Starscream
|-damage|p1a: Starscream|0 fnt
|faint|p1a: Starscream
|
|-weather|none
|upkeep
|
|t:|1757788239
|switch|p1a: Molllllyyyyy|Alomomola, F, shiny|100/100
|turn|8
|inactive|Apoiguespm has 90 seconds left.
|
|t:|1757788255
|move|p2a: Polteageist|Shadow Ball|p1a: Molllllyyyyy
|-damage|p1a: Molllllyyyyy|59/100
|move|p1a: Molllllyyyyy|Flip Turn|p2a: Polteageist
|-damage|p2a: Polteageist|0 fnt
|faint|p2a: Polteageist
|
|t:|1757788270
|switch|p1a: Broomhilda|Tyranitar, F, shiny|100/100|[from] Flip Turn
|-weather|Sandstorm|[from] ability: Sand Stream|[of] p1a: Broomhilda
|
|-weather|Sandstorm|[upkeep]
|-fieldend|move: Psychic Terrain
|upkeep
|
|t:|1757788298
|switch|p2a: Indeedee|Indeedee-F, F|100/100
|-fieldstart|move: Psychic Terrain|[from] ability: Psychic Surge|[of] p2a: Indeedee
|turn|9
|
|t:|1757788323
|move|p2a: Indeedee|Healing Wish|p2a: Indeedee
|faint|p2a: Indeedee
|move|p1a: Broomhilda|Knock Off|p2: Indeedee|[notarget]
|-fail|p1a: Broomhilda
|
|-weather|Sandstorm|[upkeep]
|upkeep
|
|t:|1757788328
|switch|p2a: Armarouge|Armarouge, F|100/100
|turn|10
|
|t:|1757788335
|move|p2a: Armarouge|Energy Ball|p1a: Broomhilda
|-supereffective|p1a: Broomhilda
|-damage|p1a: Broomhilda|74/100
|move|p1a: Broomhilda|Knock Off|p2a: Armarouge
|-supereffective|p2a: Armarouge
|-damage|p2a: Armarouge|0 fnt
|-enditem|p2a: Armarouge|Weakness Policy|[from] move: Knock Off|[of] p1a: Broomhilda
|faint|p2a: Armarouge
|
|-weather|Sandstorm|[upkeep]
|upkeep
|-message|Apoiguespm forfeited.
|
|win|takeyouout
|raw|takeyouout's rating: 1598 &rarr; <strong>1620</strong><br />(+22 for winning)
|raw|Apoiguespm's rating: 1639 &rarr; <strong>1617</strong><br />(-22 for losing)
|l|☆Apoiguespm
|player|p2|
|l|☆takeyouout
|player|p1|
