|j|☆frozenmoon77
|j|‽Flocking glock
|t:|1757928258
|gametype|singles
|player|p1|frozenmoon77|1|1449
|player|p2|Flocking glock|102|1462
|gen|9
|tier|[Gen 9] OU
|rated|
|rule|HP Percentage Mod: HP is shown in percentages
|rule|Endless Battle Clause: Forcing endless battles is banned
|rule|Species Clause: Limit one of each Pokémon
|rule|OHKO Clause: OHKO moves are banned
|rule|Evasion Items Clause: Evasion items are banned
|rule|Evasion Moves Clause: Evasion moves are banned
|rule|Evasion Abilities Clause: Evasion abilities are banned
|rule|Sleep Moves Clause: Sleep-inducing moves are banned
|clearpoke
|poke|p1|Krookodile, M|
|poke|p1|Pecharunt|
|poke|p1|Slowking-Galar, M|
|poke|p1|Comfey, M|
|poke|p1|Tornadus-Therian, M|
|poke|p1|Cinderace, M|
|poke|p2|Heatran, M|
|poke|p2|Ogerpon-Wellspring, F|
|poke|p2|Rillaboom, M|
|poke|p2|Great Tusk|
|poke|p2|Dragapult, M|
|poke|p2|Bronzong|
|teampreview
|inactive|Battle timer is ON: inactive players will automatically lose when time's up. (requested by frozenmoon77)
|
|t:|1757928273
|teamsize|p1|6
|teamsize|p2|6
|start
|switch|p1a: Tornadus|Tornadus-Therian, M|100/100
|switch|p2a: Dragapult|Dragapult, M|100/100
|turn|1
|
|t:|1757928278
|switch|p2a: Heatran|Heatran, M|100/100
|move|p1a: Tornadus|Knock Off|p2a: Heatran
|-damage|p2a: Heatran|82/100
|-enditem|p2a: Heatran|Leftovers|[from] move: Knock Off|[of] p1a: Tornadus
|
|upkeep
|turn|2
|
|t:|1757928287
|move|p1a: Tornadus|Taunt|p2a: Heatran
|-start|p2a: Heatran|move: Taunt
|move|p2a: Heatran|Magma Storm|p1a: Tornadus
|-damage|p1a: Tornadus|43/100
|-activate|p1a: Tornadus|move: Magma Storm|[of] p2a: Heatran
|
|-damage|p1a: Tornadus|31/100|[from] move: Magma Storm|[partiallytrapped]
|upkeep
|turn|3
|
|t:|1757928294
|move|p1a: Tornadus|U-turn|p2a: Heatran
|-resisted|p2a: Heatran
|-damage|p2a: Heatran|79/100
|
|t:|1757928300
|switch|p1a: Krookodile|Krookodile, M|100/100|[from] U-turn
|move|p2a: Heatran|Magma Storm|p1a: Krookodile
|-damage|p1a: Krookodile|38/100
|-activate|p1a: Krookodile|move: Magma Storm|[of] p2a: Heatran
|
|-damage|p1a: Krookodile|25/100|[from] move: Magma Storm|[partiallytrapped]
|upkeep
|turn|4
|
|t:|1757928309
|switch|p2a: Great Tusk|Great Tusk|100/100
|move|p1a: Krookodile|Gunk Shot|p2a: Great Tusk|[miss]
|-miss|p1a: Krookodile|p2a: Great Tusk
|
|-end|p1a: Krookodile|Magma Storm|[partiallytrapped]|[silent]
|upkeep
|turn|5
|
|t:|1757928320
|switch|p1a: Tornadus|Tornadus-Therian, M|64/100
|move|p2a: Great Tusk|Headlong Rush|p1a: Tornadus
|-immune|p1a: Tornadus
|
|upkeep
|turn|6
|
|t:|1757928327
|-end|p2a: Great Tusk|Protosynthesis|[silent]
|switch|p2a: Heatran|Heatran, M|79/100
|move|p1a: Tornadus|U-turn|p2a: Heatran
|-resisted|p2a: Heatran
|-damage|p2a: Heatran|75/100
|
|t:|1757928332
|switch|p1a: Krookodile|Krookodile, M|25/100|[from] U-turn
|
|upkeep
|turn|7
|
|t:|1757928335
|switch|p2a: Bronzong|Bronzong, shiny|100/100
|move|p1a: Krookodile|Earthquake|p2a: Bronzong
|-immune|p2a: Bronzong|[from] ability: Levitate
|
|upkeep
|turn|8
|
|t:|1757928343
|switch|p1a: Slowking|Slowking-Galar, M|100/100
|switch|p2a: Heatran|Heatran, M|75/100
|
|upkeep
|turn|9
|
|t:|1757928354
|switch|p1a: Tornadus|Tornadus-Therian, M|97/100
|move|p2a: Heatran|Magma Storm|p1a: Tornadus
|-damage|p1a: Tornadus|42/100
|-activate|p1a: Tornadus|move: Magma Storm|[of] p2a: Heatran
|
|-damage|p1a: Tornadus|30/100|[from] move: Magma Storm|[partiallytrapped]
|upkeep
|turn|10
|
|t:|1757928362
|move|p1a: Tornadus|U-turn|p2a: Heatran
|-resisted|p2a: Heatran
|-damage|p2a: Heatran|72/100
|
|t:|1757928366
|switch|p1a: Cinderace|Cinderace, M|100/100|[from] U-turn
|move|p2a: Heatran|Magma Storm|p1a: Cinderace
|-resisted|p1a: Cinderace
|-damage|p1a: Cinderace|67/100
|-activate|p1a: Cinderace|move: Magma Storm|[of] p2a: Heatran
|
|-damage|p1a: Cinderace|54/100|[from] move: Magma Storm|[partiallytrapped]
|upkeep
|turn|11
|
|t:|1757928376
|move|p1a: Cinderace|High Jump Kick|p2a: Heatran
|-start|p1a: Cinderace|typechange|Fighting|[from] ability: Libero
|-supereffective|p2a: Heatran
|-damage|p2a: Heatran|0 fnt
|faint|p2a: Heatran
|
|-end|p1a: Cinderace|Magma Storm|[partiallytrapped]|[silent]
|upkeep
|
|t:|1757928383
|switch|p2a: Rillaboom|Rillaboom, M|100/100
|-fieldstart|move: Grassy Terrain|[from] ability: Grassy Surge|[of] p2a: Rillaboom
|turn|12
|
|t:|1757928387
|switch|p1a: Pecharunt|Pecharunt|100/100
|move|p2a: Rillaboom|U-turn|p1a: Pecharunt
|-resisted|p1a: Pecharunt
|-damage|p1a: Pecharunt|98/100
|-damage|p2a: Rillaboom|84/100|[from] item: Rocky Helmet|[of] p1a: Pecharunt
|
|t:|1757928394
|switch|p2a: Dragapult|Dragapult, M|100/100|[from] U-turn
|
|-heal|p1a: Pecharunt|100/100|[from] Grassy Terrain
|upkeep
|turn|13
|
|t:|1757928413
|switch|p1a: Krookodile|Krookodile, M|25/100
|move|p2a: Dragapult|Shadow Ball|p1a: Krookodile
|-resisted|p1a: Krookodile
|-damage|p1a: Krookodile|0 fnt
|faint|p1a: Krookodile
|
|upkeep
|
|t:|1757928425
|switch|p1a: Comfey|Comfey, M|100/100
|turn|14
|
|t:|1757928436
|move|p2a: Dragapult|Shadow Ball|p1a: Comfey
|-damage|p1a: Comfey|44/100
|move|p1a: Comfey|Calm Mind|p1a: Comfey
|-boost|p1a: Comfey|spa|1
|-boost|p1a: Comfey|spd|1
|
|-heal|p1a: Comfey|50/100|[from] Grassy Terrain
|upkeep
|turn|15
|
|t:|1757928446
|switch|p2a: Ogerpon|Ogerpon-Wellspring, F|100/100
|move|p1a: Comfey|Draining Kiss|p2a: Ogerpon
|-damage|p2a: Ogerpon|56/100
|-heal|p1a: Comfey|83/100|[from] drain|[of] p2a: Ogerpon
|-damage|p1a: Comfey|73/100|[from] item: Life Orb
|
|-heal|p2a: Ogerpon|62/100|[from] Grassy Terrain
|-heal|p1a: Comfey|79/100|[from] Grassy Terrain
|upkeep
|turn|16
|
|t:|1757928456
|switch|p1a: Pecharunt|Pecharunt|100/100
|move|p2a: Ogerpon|Swords Dance|p2a: Ogerpon
|-boost|p2a: Ogerpon|atk|2
|
|-heal|p2a: Ogerpon|68/100|[from] Grassy Terrain
|upkeep
|turn|17
|
|t:|1757928464
|-terastallize|p2a: Ogerpon|Water
|detailschange|p2a: Ogerpon|Ogerpon-Wellspring-Tera, F, tera:Water
|-ability|p2a: Ogerpon|Embody Aspect (Wellspring)|boost
|-boost|p2a: Ogerpon|spd|1
|move|p2a: Ogerpon|Ivy Cudgel|p1a: Pecharunt|[anim] Ivy Cudgel Water
|-damage|p1a: Pecharunt|14/100
|move|p1a: Pecharunt|Foul Play|p2a: Ogerpon
|-damage|p2a: Ogerpon|0 fnt
|faint|p2a: Ogerpon
|detailschange|p2: Ogerpon|Ogerpon-Wellspring, F|[silent]
|
|-heal|p1a: Pecharunt|20/100|[from] Grassy Terrain
|upkeep
|
|t:|1757928473
|switch|p2a: Dragapult|Dragapult, M|100/100
|turn|18
|
|t:|1757928484
|switch|p1a: Cinderace|Cinderace, M|54/100
|move|p2a: Dragapult|Shadow Ball|p1a: Cinderace
|-damage|p1a: Cinderace|0 fnt
|faint|p1a: Cinderace
|
|upkeep
|
|t:|1757928490
|switch|p1a: Comfey|Comfey, M|79/100
|turn|19
|
|t:|1757928496
|move|p1a: Comfey|Draining Kiss|p2a: Dragapult
|-supereffective|p2a: Dragapult
|-damage|p2a: Dragapult|29/100
|-heal|p1a: Comfey|100/100|[from] drain|[of] p2a: Dragapult
|-damage|p1a: Comfey|91/100|[from] item: Life Orb
|move|p2a: Dragapult|Shadow Ball|p1a: Comfey
|-damage|p1a: Comfey|41/100
|
|-heal|p2a: Dragapult|35/100|[from] Grassy Terrain
|-heal|p1a: Comfey|48/100|[from] Grassy Terrain
|-fieldend|move: Grassy Terrain
|upkeep
|turn|20
|
|t:|1757928510
|switch|p2a: Rillaboom|Rillaboom, M|84/100
|-fieldstart|move: Grassy Terrain|[from] ability: Grassy Surge|[of] p2a: Rillaboom
|move|p1a: Comfey|Draining Kiss|p2a: Rillaboom
|-damage|p2a: Rillaboom|51/100
|-heal|p1a: Comfey|80/100|[from] drain|[of] p2a: Rillaboom
|-damage|p1a: Comfey|70/100|[from] item: Life Orb
|
|-heal|p1a: Comfey|76/100|[from] Grassy Terrain
|-heal|p2a: Rillaboom|57/100|[from] Grassy Terrain
|upkeep
|turn|21
|
|t:|1757928521
|switch|p1a: Pecharunt|Pecharunt|20/100
|move|p2a: Rillaboom|Grassy Glide|p1a: Pecharunt
|-resisted|p1a: Pecharunt
|-damage|p1a: Pecharunt|11/100
|-damage|p2a: Rillaboom|40/100|[from] item: Rocky Helmet|[of] p1a: Pecharunt
|
|-heal|p1a: Pecharunt|17/100|[from] Grassy Terrain
|-heal|p2a: Rillaboom|46/100|[from] Grassy Terrain
|upkeep
|turn|22
|
|t:|1757928530
|move|p1a: Pecharunt|Recover|p1a: Pecharunt
|-heal|p1a: Pecharunt|67/100
|move|p2a: Rillaboom|Knock Off|p1a: Pecharunt
|-supereffective|p1a: Pecharunt
|-damage|p1a: Pecharunt|34/100
|-damage|p2a: Rillaboom|30/100|[from] item: Rocky Helmet|[of] p1a: Pecharunt
|-enditem|p1a: Pecharunt|Rocky Helmet|[from] move: Knock Off|[of] p2a: Rillaboom
|
|-heal|p2a: Rillaboom|36/100|[from] Grassy Terrain
|-heal|p1a: Pecharunt|40/100|[from] Grassy Terrain
|upkeep
|turn|23
|-message|Flocking glock forfeited.
|
|win|frozenmoon77
|raw|frozenmoon77's rating: 1449 &rarr; <strong>1470</strong><br />(+21 for winning)
|raw|Flocking glock's rating: 1462 &rarr; <strong>1441</strong><br />(-21 for losing)
|l|‽Flocking glock
|player|p2|
|l|☆frozenmoon77
|player|p1|
