|j|‽lilacq
|j|‽Stryten
|t:|1757839814
|gametype|singles
|player|p1|lilacq|shauntal|1434
|player|p2|Stryten|ghetsis|1389
|gen|9
|tier|[Gen 9] OU
|rated|
|rule|HP Percentage Mod: HP is shown in percentages
|rule|Endless Battle Clause: Forcing endless battles is banned
|rule|Species Clause: Limit one of each Pokémon
|rule|OHKO Clause: OHKO moves are banned
|rule|Evasion Items Clause: Evasion items are banned
|rule|Evasion Moves Clause: Evasion moves are banned
|rule|Evasion Abilities Clause: Evasion abilities are banned
|rule|Sleep Moves Clause: Sleep-inducing moves are banned
|clearpoke
|poke|p1|Araquanid, F|
|poke|p1|Medicham, F|
|poke|p1|Glimmora, F|
|poke|p1|Raging Bolt|
|poke|p1|Gholdengo|
|poke|p1|Iron Treads|
|poke|p2|Scizor, F|
|poke|p2|Ogerpon-Wellspring, F|
|poke|p2|Raging Bolt|
|poke|p2|Enamorus, F|
|poke|p2|Great Tusk|
|poke|p2|Kingambit, F|
|teampreview
|inactive|Battle timer is ON: inactive players will automatically lose when time's up. (requested by lilacq)
|
|t:|1757839839
|teamsize|p1|6
|teamsize|p2|6
|start
|switch|p1a: Araquanid|Araquanid, F|100/100
|switch|p2a: Raging Bolt|Raging Bolt|100/100
|turn|1
|
|t:|1757839845
|move|p2a: Raging Bolt|Thunderbolt|p1a: Araquanid
|-supereffective|p1a: Araquanid
|-damage|p1a: Araquanid|22/100
|move|p1a: Araquanid|Sticky Web|p2a: Raging Bolt
|-sidestart|p2: Stryten|move: Sticky Web
|
|upkeep
|turn|2
|-enditem|p1a: Araquanid|Custap Berry|[eat]
|-activate|p1a: Araquanid|item: Custap Berry|[consumed]
|
|t:|1757839849
|move|p1a: Araquanid|Lunge|p2a: Raging Bolt
|-crit|p2a: Raging Bolt
|-damage|p2a: Raging Bolt|57/100
|-unboost|p2a: Raging Bolt|atk|1
|move|p2a: Raging Bolt|Volt Switch|p1a: Araquanid
|-supereffective|p1a: Araquanid
|-damage|p1a: Araquanid|0 fnt
|faint|p1a: Araquanid
|
|t:|1757839870
|-end|p2a: Raging Bolt|Protosynthesis|[silent]
|switch|p2a: Scizor|Scizor, F|100/100|[from] Volt Switch
|-activate|p2a: Scizor|move: Sticky Web
|-unboost|p2a: Scizor|spe|1
|
|upkeep
|
|t:|1757839875
|switch|p1a: Gholdengo|Gholdengo|100/100
|-item|p1a: Gholdengo|Air Balloon
|turn|3
|
|t:|1757839882
|move|p1a: Gholdengo|Nasty Plot|p1a: Gholdengo
|-boost|p1a: Gholdengo|spa|2
|move|p2a: Scizor|Knock Off|p1a: Gholdengo
|-supereffective|p1a: Gholdengo
|-damage|p1a: Gholdengo|0 fnt
|-enditem|p1a: Gholdengo|Air Balloon
|faint|p1a: Gholdengo
|
|upkeep
|
|t:|1757839887
|switch|p1a: Medicham|Medicham, F|100/100
|turn|4
|
|t:|1757839891
|-terastallize|p1a: Medicham|Fighting
|move|p1a: Medicham|Close Combat|p2a: Scizor
|-damage|p2a: Scizor|0 fnt
|-unboost|p1a: Medicham|def|1
|-unboost|p1a: Medicham|spd|1
|faint|p2a: Scizor
|
|upkeep
|
|t:|1757839908
|switch|p2a: Raging Bolt|Raging Bolt|57/100
|turn|5
|
|t:|1757839912
|switch|p1a: Iron Treads|Iron Treads|100/100
|-enditem|p1a: Iron Treads|Booster Energy
|-activate|p1a: Iron Treads|ability: Quark Drive|[fromitem]
|-start|p1a: Iron Treads|quarkdrivespe
|move|p2a: Raging Bolt|Thunderclap||[still]
|-fail|p2a: Raging Bolt
|
|upkeep
|turn|6
|
|t:|1757839916
|-end|p2a: Raging Bolt|Protosynthesis|[silent]
|switch|p2a: Great Tusk|Great Tusk|100/100
|move|p1a: Iron Treads|Earth Power|p2a: Great Tusk
|-damage|p2a: Great Tusk|54/100
|
|upkeep
|turn|7
|
|t:|1757839921
|move|p1a: Iron Treads|Steel Beam|p2a: Great Tusk
|-damage|p2a: Great Tusk|0 fnt
|-damage|p1a: Iron Treads|50/100|[from] steelbeam
|faint|p2a: Great Tusk
|-end|p2a: Great Tusk|Protosynthesis|[silent]
|
|upkeep
|
|t:|1757839929
|switch|p2a: Ogerpon|Ogerpon-Wellspring, F|100/100
|-activate|p2a: Ogerpon|move: Sticky Web
|-unboost|p2a: Ogerpon|spe|1
|turn|8
|
|t:|1757839934
|move|p1a: Iron Treads|Volt Switch|p2a: Ogerpon
|-damage|p2a: Ogerpon|81/100
|
|t:|1757839938
|-end|p1a: Iron Treads|Quark Drive|[silent]
|switch|p1a: Medicham|Medicham, F, tera:Fighting|100/100|[from] Volt Switch
|move|p2a: Ogerpon|Ivy Cudgel|p1a: Medicham|[anim] Ivy Cudgel Water
|-damage|p1a: Medicham|7/100
|
|upkeep
|turn|9
|
|t:|1757839959
|switch|p2a: Enamorus|Enamorus, F|100/100
|move|p1a: Medicham|Close Combat|p2a: Enamorus
|-resisted|p2a: Enamorus
|-damage|p2a: Enamorus|43/100
|-unboost|p1a: Medicham|def|1
|-unboost|p1a: Medicham|spd|1
|
|upkeep
|turn|10
|
|t:|1757839967
|move|p2a: Enamorus|Earth Power|p1a: Medicham
|-damage|p1a: Medicham|0 fnt
|faint|p1a: Medicham
|
|upkeep
|
|t:|1757839970
|switch|p1a: Raging Bolt|Raging Bolt|100/100
|-enditem|p1a: Raging Bolt|Booster Energy
|-activate|p1a: Raging Bolt|ability: Protosynthesis|[fromitem]
|-start|p1a: Raging Bolt|protosynthesisspa
|turn|11
|
|t:|1757839979
|-terastallize|p2a: Enamorus|Ground
|move|p2a: Enamorus|Earth Power|p1a: Raging Bolt
|-supereffective|p1a: Raging Bolt
|-damage|p1a: Raging Bolt|17/100
|move|p1a: Raging Bolt|Calm Mind|p1a: Raging Bolt
|-boost|p1a: Raging Bolt|spa|1
|-boost|p1a: Raging Bolt|spd|1
|
|upkeep
|turn|12
|-message|lilacq forfeited.
|
|win|Stryten
|raw|lilacq's rating: 1434 &rarr; <strong>1411</strong><br />(-23 for losing)
|raw|Stryten's rating: 1389 &rarr; <strong>1412</strong><br />(+23 for winning)
|l|‽lilacq
|player|p1|
|l|‽Stryten
|player|p2|
