|j|☆Jayson_Ubo
|j|☆LT2Jairo
|inactive|Battle timer is ON: inactive players will automatically lose when time's up.
|t:|1757874185
|gametype|singles
|player|p1|Jayson_Ubo|hilbert|
|player|p2|LT2Jairo|hilbert-masters|
|gen|9
|tier|[Gen 9] OU
|rated|Tournament battle
|rule|HP Percentage Mod: HP is shown in percentages
|rule|Endless Battle Clause: Forcing endless battles is banned
|rule|Species Clause: Limit one of each Pokémon
|rule|OHKO Clause: OHKO moves are banned
|rule|Evasion Items Clause: Evasion items are banned
|rule|Evasion Moves Clause: Evasion moves are banned
|rule|Evasion Abilities Clause: Evasion abilities are banned
|rule|Sleep Moves Clause: Sleep-inducing moves are banned
|raw|<div class="infobox"><details class="readmore"><summary><strong>15 custom rules:</strong></summary> -burmy, -caterpie, -combee, -kricketot, -magikarp, -scatterbug, -sunkern, -tynamo, -typenull, -weedle, -wurmple, -cosmog, -blipbug, -snom, -wynaut</details></div>
|clearpoke
|poke|p1|Gurdurr, F|
|poke|p1|Pupitar, M|
|poke|p1|Hitmonchan, M|
|poke|p2|Fennekin, M|
|poke|p2|Lanturn, F|
|poke|p2|Metagross|
|teampreview
|j|*Lady Monita ☀
|inactive|Jayson_Ubo also wants the timer to be on.
|inactive|LT2Jairo also wants the timer to be on.
|
|t:|1757874203
|teamsize|p1|3
|teamsize|p2|3
|start
|switch|p1a: Pupitar|Pupitar, M|100/100
|switch|p2a: Lanturn|Lanturn, F|100/100
|turn|1
|
|t:|1757874210
|move|p1a: Pupitar|Dragon Dance|p1a: Pupitar
|-boost|p1a: Pupitar|atk|1
|-boost|p1a: Pupitar|spe|1
|move|p2a: Lanturn|Scald|p1a: Pupitar
|-supereffective|p1a: Pupitar
|-enditem|p1a: Pupitar|Focus Sash
|-damage|p1a: Pupitar|1/100
|
|upkeep
|turn|2
|
|t:|1757874238
|-terastallize|p2a: Lanturn|Water
|move|p1a: Pupitar|Stealth Rock|p2a: Lanturn
|-sidestart|p2: LT2Jairo|move: Stealth Rock
|move|p2a: Lanturn|Scald|p1a: Pupitar
|-supereffective|p1a: Pupitar
|-damage|p1a: Pupitar|0 fnt
|faint|p1a: Pupitar
|
|upkeep
|
|t:|1757874246
|switch|p1a: Gurdurr|Gurdurr, F|100/100
|turn|3
|
|t:|1757874250
|move|p2a: Lanturn|Scald|p1a: Gurdurr
|-damage|p1a: Gurdurr|36/100
|move|p1a: Gurdurr|Bulk Up|p1a: Gurdurr
|-boost|p1a: Gurdurr|atk|1
|-boost|p1a: Gurdurr|def|1
|
|upkeep
|turn|4
|
|t:|1757874253
|move|p2a: Lanturn|Scald|p1a: Gurdurr
|-crit|p1a: Gurdurr
|-damage|p1a: Gurdurr|0 fnt
|faint|p1a: Gurdurr
|
|upkeep
|
|t:|1757874255
|switch|p1a: Hitmonchan|Hitmonchan, M|100/100
|turn|5
|
|t:|1757874265
|move|p1a: Hitmonchan|Swords Dance|p1a: Hitmonchan
|-boost|p1a: Hitmonchan|atk|2
|move|p2a: Lanturn|Scald|p1a: Hitmonchan
|-damage|p1a: Hitmonchan|16/100
|
|-heal|p1a: Hitmonchan|22/100|[from] item: Leftovers
|upkeep
|turn|6
|
|t:|1757874274
|move|p1a: Hitmonchan|Close Combat|p2a: Lanturn
|-damage|p2a: Lanturn|0 fnt
|-unboost|p1a: Hitmonchan|def|1
|-unboost|p1a: Hitmonchan|spd|1
|faint|p2a: Lanturn
|
|-heal|p1a: Hitmonchan|29/100|[from] item: Leftovers
|upkeep
|
|t:|1757874280
|switch|p2a: Fennekin|Fennekin, M|100/100
|-damage|p2a: Fennekin|76/100|[from] Stealth Rock
|turn|7
|
|t:|1757874286
|move|p2a: Fennekin|Psyshock|p1a: Hitmonchan
|-supereffective|p1a: Hitmonchan
|-damage|p1a: Hitmonchan|0 fnt
|faint|p1a: Hitmonchan
|
|win|LT2Jairo
|n|☆Jayson_Ubo|jaysonubo
|n|☆LT2Jairo|lt2jairo
|n|*Lady Monita ☀|ladymonita
