|j|☆titoche
|j|☆Nameless Moron
|t:|1757846149
|gametype|singles
|player|p1|titoche|steven|1115
|player|p2|Nameless Moron|unknown|1118
|gen|9
|tier|[Gen 9] OU
|rated|
|rule|HP Percentage Mod: HP is shown in percentages
|rule|Endless Battle Clause: Forcing endless battles is banned
|rule|Species Clause: Limit one of each Pokémon
|rule|OHKO Clause: OHKO moves are banned
|rule|Evasion Items Clause: Evasion items are banned
|rule|Evasion Moves Clause: Evasion moves are banned
|rule|Evasion Abilities Clause: Evasion abilities are banned
|rule|Sleep Moves Clause: Sleep-inducing moves are banned
|clearpoke
|poke|p1|Deoxys-Speed|
|poke|p1|Great Tusk|
|poke|p1|Quaquaval, M|
|poke|p1|Landorus-Therian, M|
|poke|p1|Cinderace, M|
|poke|p1|Hatterene, F|
|poke|p2|Rillaboom, F|
|poke|p2|Hatterene, F|
|poke|p2|Great Tusk|
|poke|p2|Ninetales, F|
|poke|p2|Venusaur, F|
|poke|p2|Raging Bolt|
|teampreview
|inactive|Battle timer is ON: inactive players will automatically lose when time's up. (requested by Nameless Moron)
|
|t:|1757846175
|teamsize|p1|6
|teamsize|p2|6
|start
|switch|p1a: Quaquaval|Quaquaval, M|100/100
|switch|p2a: Ninetales|Ninetales, F|100/100
|-weather|SunnyDay|[from] ability: Drought|[of] p2a: Ninetales
|turn|1
|
|t:|1757846183
|switch|p2a: Rillaboom|Rillaboom, F|100/100
|-fieldstart|move: Grassy Terrain|[from] ability: Grassy Surge|[of] p2a: Rillaboom
|move|p1a: Quaquaval|Focus Energy|p1a: Quaquaval
|-start|p1a: Quaquaval|move: Focus Energy
|
|-weather|SunnyDay|[upkeep]
|upkeep
|turn|2
|
|t:|1757846198
|move|p2a: Rillaboom|Grassy Glide|p1a: Quaquaval
|-supereffective|p1a: Quaquaval
|-damage|p1a: Quaquaval|0 fnt
|faint|p1a: Quaquaval
|
|-weather|SunnyDay|[upkeep]
|upkeep
|
|t:|1757846207
|switch|p1a: Cinderace|Cinderace, M|100/100
|turn|3
|inactive|Nameless Moron has 120 seconds left.
|
|t:|1757846255
|switch|p2a: Hatterene|Hatterene, F|100/100
|move|p1a: Cinderace|Pyro Ball|p2a: Hatterene
|-damage|p2a: Hatterene|26/100
|
|-weather|SunnyDay|[upkeep]
|-heal|p2a: Hatterene|32/100|[from] Grassy Terrain
|-heal|p2a: Hatterene|38/100|[from] item: Leftovers
|upkeep
|turn|4
|
|t:|1757846278
|-terastallize|p2a: Hatterene|Water
|move|p1a: Cinderace|U-turn|p2a: Hatterene
|-start|p1a: Cinderace|typechange|Bug|[from] ability: Libero
|-damage|p2a: Hatterene|7/100
|inactive|titoche has 120 seconds left.
|
|t:|1757846292
|switch|p1a: Landorus|Landorus-Therian, M|100/100|[from] U-turn
|-ability|p1a: Landorus|Intimidate|boost
|-unboost|p2a: Hatterene|atk|1
|move|p2a: Hatterene|Nuzzle|p1a: Landorus
|-immune|p1a: Landorus
|
|-weather|SunnyDay|[upkeep]
|-heal|p2a: Hatterene|13/100|[from] Grassy Terrain
|-heal|p2a: Hatterene|19/100|[from] item: Leftovers
|upkeep
|turn|5
|inactive|titoche has 120 seconds left.
|
|t:|1757846314
|switch|p2a: Venusaur|Venusaur, F|100/100
|move|p1a: Landorus|Stone Edge|p2a: Venusaur
|-damage|p2a: Venusaur|50/100
|
|-weather|SunnyDay|[upkeep]
|-heal|p2a: Venusaur|56/100|[from] Grassy Terrain
|upkeep
|turn|6
|inactive|titoche has 120 seconds left.
|
|t:|1757846342
|move|p2a: Venusaur|Growth|p2a: Venusaur
|-boost|p2a: Venusaur|atk|2
|-boost|p2a: Venusaur|spa|2
|move|p1a: Landorus|U-turn|p2a: Venusaur
|-damage|p2a: Venusaur|23/100
|
|t:|1757846349
|switch|p1a: Deoxys|Deoxys-Speed, shiny|100/100|[from] U-turn
|-ability|p1a: Deoxys|Pressure
|
|-weather|SunnyDay|[upkeep]
|-heal|p2a: Venusaur|29/100|[from] Grassy Terrain
|upkeep
|turn|7
|inactive|titoche has 90 seconds left.
|
|t:|1757846380
|move|p2a: Venusaur|Giga Drain|p1a: Deoxys
|-enditem|p1a: Deoxys|Focus Sash
|-damage|p1a: Deoxys|1/100
|-heal|p2a: Venusaur|69/100|[from] drain|[of] p1a: Deoxys
|-damage|p2a: Venusaur|59/100|[from] item: Life Orb
|move|p1a: Deoxys|Psycho Boost|p2a: Venusaur
|-supereffective|p2a: Venusaur
|-damage|p2a: Venusaur|0 fnt
|-unboost|p1a: Deoxys|spa|2
|faint|p2a: Venusaur
|
|-weather|SunnyDay|[upkeep]
|-heal|p1a: Deoxys|7/100|[from] Grassy Terrain
|upkeep
|
|t:|1757846399
|switch|p2a: Raging Bolt|Raging Bolt|100/100
|-activate|p2a: Raging Bolt|ability: Protosynthesis
|-start|p2a: Raging Bolt|protosynthesisspa
|turn|8
|inactive|titoche has 90 seconds left.
|l|☆titoche
|inactive|titoche disconnected and has a minute to reconnect!
|player|p1|
|j|☆titoche
|inactive|titoche reconnected and has 80 seconds left.
|player|p1|titoche|steven|
|
|t:|1757846425
|move|p1a: Deoxys|Stealth Rock|p2a: Raging Bolt
|-sidestart|p2: Nameless Moron|move: Stealth Rock
|move|p2a: Raging Bolt|Calm Mind|p2a: Raging Bolt
|-boost|p2a: Raging Bolt|spa|1
|-boost|p2a: Raging Bolt|spd|1
|
|-weather|none
|-end|p2a: Raging Bolt|Protosynthesis
|-heal|p1a: Deoxys|13/100|[from] Grassy Terrain
|-fieldend|move: Grassy Terrain
|upkeep
|turn|9
|inactive|Nameless Moron has 90 seconds left.
|
|t:|1757846440
|move|p1a: Deoxys|Knock Off|p2a: Raging Bolt
|-damage|p2a: Raging Bolt|82/100
|-enditem|p2a: Raging Bolt|Leftovers|[from] move: Knock Off|[of] p1a: Deoxys
|move|p2a: Raging Bolt|Dragon Pulse|p1a: Deoxys
|-damage|p1a: Deoxys|0 fnt
|faint|p1a: Deoxys
|
|upkeep
|
|t:|1757846453
|switch|p1a: Great Tusk|Great Tusk|100/100
|-enditem|p1a: Great Tusk|Booster Energy
|-activate|p1a: Great Tusk|ability: Protosynthesis|[fromitem]
|-start|p1a: Great Tusk|protosynthesisspe
|turn|10
|inactive|Nameless Moron has 90 seconds left.
|
|t:|1757846469
|-end|p2a: Raging Bolt|Protosynthesis|[silent]
|switch|p2a: Great Tusk|Great Tusk|100/100
|-damage|p2a: Great Tusk|98/100|[from] Stealth Rock
|move|p1a: Great Tusk|Ice Spinner|p2a: Great Tusk
|-supereffective|p2a: Great Tusk
|-damage|p2a: Great Tusk|65/100
|-damage|p1a: Great Tusk|84/100|[from] item: Rocky Helmet|[of] p2a: Great Tusk
|
|upkeep
|turn|11
|inactive|Nameless Moron has 90 seconds left.
|
|t:|1757846487
|move|p1a: Great Tusk|Bulk Up|p1a: Great Tusk
|-boost|p1a: Great Tusk|atk|1
|-boost|p1a: Great Tusk|def|1
|move|p2a: Great Tusk|Ice Spinner|p1a: Great Tusk
|-supereffective|p1a: Great Tusk
|-damage|p1a: Great Tusk|59/100
|
|upkeep
|turn|12
|inactive|Nameless Moron has 90 seconds left.
|
|t:|1757846505
|move|p1a: Great Tusk|Ice Spinner|p2a: Great Tusk
|-supereffective|p2a: Great Tusk
|-damage|p2a: Great Tusk|19/100
|-damage|p1a: Great Tusk|43/100|[from] item: Rocky Helmet|[of] p2a: Great Tusk
|move|p2a: Great Tusk|Earthquake|p1a: Great Tusk
|-damage|p1a: Great Tusk|20/100
|
|upkeep
|turn|13
|inactive|Nameless Moron has 90 seconds left.
|
|t:|1757846519
|-end|p2a: Great Tusk|Protosynthesis|[silent]
|switch|p2a: Rillaboom|Rillaboom, F|100/100
|-damage|p2a: Rillaboom|88/100|[from] Stealth Rock
|-fieldstart|move: Grassy Terrain|[from] ability: Grassy Surge|[of] p2a: Rillaboom
|move|p1a: Great Tusk|Ice Spinner|p2a: Rillaboom
|-supereffective|p2a: Rillaboom
|-damage|p2a: Rillaboom|23/100
|-fieldend|move: Grassy Terrain
|
|upkeep
|turn|14
|inactive|Nameless Moron has 90 seconds left.
|
|t:|1757846533
|move|p1a: Great Tusk|Ice Spinner|p2a: Rillaboom
|-supereffective|p2a: Rillaboom
|-damage|p2a: Rillaboom|0 fnt
|faint|p2a: Rillaboom
|
|upkeep
|
|t:|1757846538
|switch|p2a: Hatterene|Hatterene, F, tera:Water|19/100
|-damage|p2a: Hatterene|7/100|[from] Stealth Rock
|turn|15
|
|t:|1757846543
|move|p1a: Great Tusk|Ice Spinner|p2a: Hatterene
|-resisted|p2a: Hatterene
|-crit|p2a: Hatterene
|-damage|p2a: Hatterene|0 fnt
|faint|p2a: Hatterene
|
|upkeep
|
|t:|1757846548
|switch|p2a: Ninetales|Ninetales, F|100/100
|-damage|p2a: Ninetales|76/100|[from] Stealth Rock
|-weather|SunnyDay|[from] ability: Drought|[of] p2a: Ninetales
|turn|16
|
|t:|1757846557
|move|p1a: Great Tusk|Headlong Rush|p2a: Ninetales
|-supereffective|p2a: Ninetales
|-damage|p2a: Ninetales|0 fnt
|-unboost|p1a: Great Tusk|def|1
|-unboost|p1a: Great Tusk|spd|1
|faint|p2a: Ninetales
|
|-weather|SunnyDay|[upkeep]
|upkeep
|-message|Nameless Moron forfeited.
|
|win|titoche
|raw|titoche's rating: 1115 &rarr; <strong>1140</strong><br />(+25 for winning)
|raw|Nameless Moron's rating: 1118 &rarr; <strong>1093</strong><br />(-25 for losing)
