|j|☆DonphanPPF
|j|☆EV1SU
|t:|1757832139
|gametype|singles
|player|p1|DonphanPPF|265|1169
|player|p2|EV1SU|unknown|1128
|gen|9
|tier|[Gen 9] OU
|rated|
|rule|HP Percentage Mod: HP is shown in percentages
|rule|Endless Battle Clause: Forcing endless battles is banned
|rule|Species Clause: Limit one of each Pokémon
|rule|OHKO Clause: OHKO moves are banned
|rule|Evasion Items Clause: Evasion items are banned
|rule|Evasion Moves Clause: Evasion moves are banned
|rule|Evasion Abilities Clause: Evasion abilities are banned
|rule|Sleep Moves Clause: Sleep-inducing moves are banned
|clearpoke
|poke|p1|Weezing-Galar, M|
|poke|p1|Hitmonlee, M|
|poke|p1|Dragonite, M|
|poke|p1|Scizor, M|
|poke|p1|Lycanroc-Dusk, M|
|poke|p1|Vaporeon, F|
|poke|p2|Ting-Lu|
|poke|p2|Hatterene, F|
|poke|p2|Great Tusk|
|poke|p2|Ceruledge, M|
|poke|p2|Dragonite, M|
|poke|p2|Kyurem|
|teampreview
|inactive|Battle timer is ON: inactive players will automatically lose when time's up. (requested by EV1SU)
|
|t:|1757832164
|teamsize|p1|6
|teamsize|p2|6
|start
|switch|p1a: Lycanroc|Lycanroc-Dusk, M, shiny|100/100
|switch|p2a: DONATION PLEZ|Ting-Lu|100/100
|-ability|p2a: DONATION PLEZ|Vessel of Ruin
|turn|1
|
|t:|1757832172
|-terastallize|p1a: Lycanroc|Fighting
|move|p1a: Lycanroc|Close Combat|p2a: DONATION PLEZ
|-supereffective|p2a: DONATION PLEZ
|-damage|p2a: DONATION PLEZ|0 fnt
|-unboost|p1a: Lycanroc|def|1
|-unboost|p1a: Lycanroc|spd|1
|faint|p2a: DONATION PLEZ
|
|upkeep
|
|t:|1757832185
|switch|p2a: DRAG ON DEEZ NUT-|Dragonite, M|100/100
|turn|2
|
|t:|1757832191
|switch|p1a: Weezing|Weezing-Galar, M|100/100
|-ability|p1a: Weezing|Neutralizing Gas
|-terastallize|p2a: DRAG ON DEEZ NUT-|Fairy
|move|p2a: DRAG ON DEEZ NUT-|Dragon Dance|p2a: DRAG ON DEEZ NUT-
|-boost|p2a: DRAG ON DEEZ NUT-|atk|1
|-boost|p2a: DRAG ON DEEZ NUT-|spe|1
|
|upkeep
|turn|3
|
|t:|1757832201
|move|p2a: DRAG ON DEEZ NUT-|Earthquake|p1a: Weezing
|-supereffective|p1a: Weezing
|-damage|p1a: Weezing|0 fnt
|faint|p1a: Weezing
|-end|p1a: Weezing|ability: Neutralizing Gas
|
|upkeep
|
|t:|1757832206
|switch|p1a: Scizor|Scizor, M, shiny|100/100
|turn|4
|
|t:|1757832209
|move|p1a: Scizor|Bullet Punch|p2a: DRAG ON DEEZ NUT-
|-supereffective|p2a: DRAG ON DEEZ NUT-
|-damage|p2a: DRAG ON DEEZ NUT-|56/100
|move|p2a: DRAG ON DEEZ NUT-|Fire Punch|p1a: Scizor
|-supereffective|p1a: Scizor
|-damage|p1a: Scizor|0 fnt
|faint|p1a: Scizor
|
|upkeep
|
|t:|1757832215
|switch|p1a: Lycanroc|Lycanroc-Dusk, M, shiny, tera:Fighting|100/100
|turn|5
|
|t:|1757832219
|move|p1a: Lycanroc|Accelerock|p2a: DRAG ON DEEZ NUT-
|-damage|p2a: DRAG ON DEEZ NUT-|18/100
|move|p2a: DRAG ON DEEZ NUT-|Tera Blast|p1a: Lycanroc|[anim] Tera Blast Fairy
|-supereffective|p1a: Lycanroc
|-damage|p1a: Lycanroc|0 fnt
|faint|p1a: Lycanroc
|
|upkeep
|
|t:|1757832224
|switch|p1a: Dragonite|Dragonite, M, shiny|100/100
|turn|6
|
|t:|1757832230
|move|p1a: Dragonite|Extreme Speed|p2a: DRAG ON DEEZ NUT-
|-damage|p2a: DRAG ON DEEZ NUT-|0 fnt
|faint|p2a: DRAG ON DEEZ NUT-
|
|upkeep
|
|t:|1757832236
|switch|p2a: UGLY BUT SMASH|Kyurem, shiny|100/100
|-ability|p2a: UGLY BUT SMASH|Pressure
|turn|7
|
|t:|1757832242
|move|p2a: UGLY BUT SMASH|Draco Meteor|p1a: Dragonite
|-supereffective|p1a: Dragonite
|-damage|p1a: Dragonite|0 fnt
|-unboost|p2a: UGLY BUT SMASH|spa|2
|faint|p1a: Dragonite
|
|upkeep
|
|t:|1757832246
|switch|p1a: Hitmonlee|Hitmonlee, M, shiny|100/100
|turn|8
|
|t:|1757832250
|switch|p2a: ARISE BITCH|Ceruledge, M, shiny|100/100
|move|p1a: Hitmonlee|Knock Off|p2a: ARISE BITCH
|-supereffective|p2a: ARISE BITCH
|-damage|p2a: ARISE BITCH|10/100
|-ability|p2a: ARISE BITCH|Weak Armor|boost
|-unboost|p2a: ARISE BITCH|def|1
|-boost|p2a: ARISE BITCH|spe|2
|-enditem|p2a: ARISE BITCH|Focus Sash|[from] move: Knock Off|[of] p1a: Hitmonlee
|
|upkeep
|turn|9
|
|t:|1757832260
|move|p1a: Hitmonlee|Endure|p1a: Hitmonlee
|-singleturn|p1a: Hitmonlee|move: Endure
|move|p2a: ARISE BITCH|Bitter Blade|p1a: Hitmonlee
|-activate|p1a: Hitmonlee|move: Endure
|-damage|p1a: Hitmonlee|1/100
|-heal|p2a: ARISE BITCH|51/100|[from] drain|[of] p1a: Hitmonlee
|-enditem|p1a: Hitmonlee|Liechi Berry|[eat]
|-boost|p1a: Hitmonlee|atk|1|[from] item: Liechi Berry
|
|upkeep
|turn|10
|
|t:|1757832274
|move|p2a: ARISE BITCH|Shadow Sneak|p1a: Hitmonlee
|-damage|p1a: Hitmonlee|0 fnt
|faint|p1a: Hitmonlee
|
|upkeep
|
|t:|1757832277
|switch|p1a: Vaporeon|Vaporeon, F, shiny|100/100
|turn|11
|
|t:|1757832281
|move|p2a: ARISE BITCH|Close Combat|p1a: Vaporeon
|-damage|p1a: Vaporeon|69/100
|-unboost|p2a: ARISE BITCH|def|1
|-unboost|p2a: ARISE BITCH|spd|1
|move|p1a: Vaporeon|Scald|p2a: ARISE BITCH
|-supereffective|p2a: ARISE BITCH
|-damage|p2a: ARISE BITCH|0 fnt
|faint|p2a: ARISE BITCH
|
|-heal|p1a: Vaporeon|75/100|[from] item: Leftovers
|upkeep
|
|t:|1757832284
|switch|p2a: UGLY BUT SMASH|Kyurem, shiny|100/100
|-ability|p2a: UGLY BUT SMASH|Pressure
|turn|12
|
|t:|1757832294
|move|p2a: UGLY BUT SMASH|Freeze-Dry|p1a: Vaporeon
|-supereffective|p1a: Vaporeon
|-damage|p1a: Vaporeon|0 fnt
|faint|p1a: Vaporeon
|
|win|EV1SU
|raw|DonphanPPF's rating: 1169 &rarr; <strong>1141</strong><br />(-28 for losing)
|raw|EV1SU's rating: 1128 &rarr; <strong>1156</strong><br />(+28 for winning)
|l|☆DonphanPPF
|player|p1|
|c|☆EV1SU|gg
|l|☆EV1SU
|player|p2|
