|j|☆DirkDiggler420
|j|☆owl_with_scarf
|t:|1757905408
|gametype|singles
|player|p1|DirkDiggler420|linebacker|1575
|player|p2|owl_with_scarf|#owlwithscarf|1484
|gen|9
|tier|[Gen 9] OU
|rated|
|rule|HP Percentage Mod: HP is shown in percentages
|rule|Endless Battle Clause: Forcing endless battles is banned
|rule|Species Clause: Limit one of each Pokémon
|rule|OHKO Clause: OHKO moves are banned
|rule|Evasion Items Clause: Evasion items are banned
|rule|Evasion Moves Clause: Evasion moves are banned
|rule|Evasion Abilities Clause: Evasion abilities are banned
|rule|Sleep Moves Clause: Sleep-inducing moves are banned
|clearpoke
|poke|p1|Alomomola, F|
|poke|p1|Iron Hands|
|poke|p1|Garchomp, M|
|poke|p1|Enamorus, F|
|poke|p1|Slowking-Galar, M|
|poke|p1|Kyurem|
|poke|p2|Ninetales-Alola, F|
|poke|p2|Cetitan, M|
|poke|p2|Kyurem|
|poke|p2|Sandslash-Alola, F|
|poke|p2|Moltres|
|poke|p2|Zamazenta-*|
|teampreview
|inactive|Battle timer is ON: inactive players will automatically lose when time's up. (requested by owl_with_scarf)
|
|t:|1757905416
|teamsize|p1|6
|teamsize|p2|6
|start
|switch|p1a: Enamorus|Enamorus, F|100/100
|switch|p2a: Ninetales|Ninetales-Alola, F|100/100
|-weather|Snowscape|[from] ability: Snow Warning|[of] p2a: Ninetales
|turn|1
|
|t:|1757905424
|-terastallize|p1a: Enamorus|Fairy
|move|p1a: Enamorus|Moonblast|p2a: Ninetales
|-damage|p2a: Ninetales|6/100
|move|p2a: Ninetales|Blizzard|p1a: Enamorus
|-damage|p1a: Enamorus|40/100
|
|-weather|Snowscape|[upkeep]
|upkeep
|turn|2
|
|t:|1757905433
|switch|p1a: Alomomola|Alomomola, F|100/100
|switch|p2a: Moltres|Moltres|100/100
|
|-weather|Snowscape|[upkeep]
|upkeep
|turn|3
|l|☆owl_with_scarf
|inactive|owl_with_scarf disconnected and has a minute to reconnect!
|player|p2|
|j|☆owl_with_scarf
|inactive|owl_with_scarf reconnected and has 130 seconds left.
|player|p2|owl_with_scarf|#owlwithscarf|
|
|t:|1757905460
|move|p2a: Moltres|U-turn|p1a: Alomomola
|-damage|p1a: Alomomola|92/100
|
|t:|1757905462
|switch|p2a: Sandslash|Sandslash-Alola, F|100/100|[from] U-turn
|move|p1a: Alomomola|Wish|p1a: Alomomola
|
|-weather|Snowscape|[upkeep]
|upkeep
|turn|4
|
|t:|1757905466
|move|p2a: Sandslash|Knock Off|p1a: Alomomola
|-damage|p1a: Alomomola|76/100
|-enditem|p1a: Alomomola|Heavy-Duty Boots|[from] move: Knock Off|[of] p2a: Sandslash
|move|p1a: Alomomola|Flip Turn|p2a: Sandslash
|-damage|p2a: Sandslash|89/100
|
|t:|1757905469
|switch|p1a: Enamorus|Enamorus, F, tera:Fairy|40/100|[from] Flip Turn
|
|-weather|Snowscape|[upkeep]
|-heal|p1a: Enamorus|100/100|[from] move: Wish|[wisher] Alomomola
|upkeep
|turn|5
|
|t:|1757905478
|switch|p1a: Alomomola|Alomomola, F|100/100
|move|p2a: Sandslash|Triple Axel|p1a: Alomomola
|-resisted|p1a: Alomomola
|-damage|p1a: Alomomola|98/100
|-resisted|p1a: Alomomola
|-damage|p1a: Alomomola|92/100
|-resisted|p1a: Alomomola
|-damage|p1a: Alomomola|85/100
|-hitcount|p1a: Alomomola|3
|
|-weather|Snowscape|[upkeep]
|upkeep
|turn|6
|
|t:|1757905484
|move|p2a: Sandslash|Stealth Rock|p1a: Alomomola
|-sidestart|p1: DirkDiggler420|move: Stealth Rock
|move|p1a: Alomomola|Flip Turn|p2a: Sandslash
|-damage|p2a: Sandslash|78/100
|
|t:|1757905487
|switch|p1a: Iron Hands|Iron Hands|100/100|[from] Flip Turn
|-damage|p1a: Iron Hands|94/100|[from] Stealth Rock
|
|-weather|Snowscape|[upkeep]
|upkeep
|turn|7
|
|t:|1757905493
|move|p2a: Sandslash|Triple Axel|p1a: Iron Hands
|-damage|p1a: Iron Hands|88/100
|-damage|p1a: Iron Hands|75/100
|-damage|p1a: Iron Hands|57/100
|-hitcount|p1a: Iron Hands|3
|move|p1a: Iron Hands|Thunder Punch|p2a: Sandslash
|-damage|p2a: Sandslash|47/100
|
|-weather|Snowscape|[upkeep]
|upkeep
|turn|8
|
|t:|1757905496
|move|p2a: Sandslash|Triple Axel|p1a: Iron Hands
|-damage|p1a: Iron Hands|51/100
|-damage|p1a: Iron Hands|39/100
|-damage|p1a: Iron Hands|19/100
|-hitcount|p1a: Iron Hands|3
|move|p1a: Iron Hands|Drain Punch|p2a: Sandslash
|-supereffective|p2a: Sandslash
|-damage|p2a: Sandslash|0 fnt
|-heal|p1a: Iron Hands|33/100|[from] drain|[of] p2a: Sandslash
|faint|p2a: Sandslash
|
|-weather|none
|upkeep
|
|t:|1757905499
|switch|p2a: Kyurem|Kyurem|100/100
|-ability|p2a: Kyurem|Pressure
|turn|9
|
|t:|1757905506
|-end|p1a: Iron Hands|Quark Drive|[silent]
|switch|p1a: Slowking|Slowking-Galar, M|100/100
|move|p2a: Kyurem|Freeze-Dry|p1a: Slowking
|-damage|p1a: Slowking|70/100
|
|upkeep
|turn|10
|
|t:|1757905517
|move|p2a: Kyurem|Freeze-Dry|p1a: Slowking
|-damage|p1a: Slowking|38/100
|move|p1a: Slowking|Future Sight|p2a: Kyurem
|-start|p1a: Slowking|move: Future Sight
|
|upkeep
|turn|11
|
|t:|1757905526
|-terastallize|p2a: Kyurem|Ice
|move|p2a: Kyurem|Freeze-Dry|p1a: Slowking
|-damage|p1a: Slowking|0 fnt
|faint|p1a: Slowking
|
|upkeep
|
|t:|1757905537
|switch|p1a: Enamorus|Enamorus, F, tera:Fairy|100/100
|-damage|p1a: Enamorus|88/100|[from] Stealth Rock
|turn|12
|
|t:|1757905547
|switch|p2a: Ninetales|Ninetales-Alola, F|6/100
|-weather|Snowscape|[from] ability: Snow Warning|[of] p2a: Ninetales
|move|p1a: Enamorus|Moonblast|p2a: Ninetales
|-damage|p2a: Ninetales|0 fnt
|faint|p2a: Ninetales
|
|-weather|Snowscape|[upkeep]
|-hint|Future Sight did not hit because the target is fainted.
|upkeep
|
|t:|1757905566
|switch|p2a: Kyurem|Kyurem, tera:Ice|100/100
|-ability|p2a: Kyurem|Pressure
|turn|13
|
|t:|1757905568
|move|p1a: Enamorus|Moonblast|p2a: Kyurem
|-damage|p2a: Kyurem|31/100
|-unboost|p2a: Kyurem|spa|1
|move|p2a: Kyurem|Freeze-Dry|p1a: Enamorus
|-damage|p1a: Enamorus|18/100
|
|-weather|Snowscape|[upkeep]
|upkeep
|turn|14
|
|t:|1757905581
|switch|p1a: Alomomola|Alomomola, F|100/100
|-damage|p1a: Alomomola|88/100|[from] Stealth Rock
|switch|p2a: Moltres|Moltres|100/100
|
|-weather|Snowscape|[upkeep]
|upkeep
|turn|15
|
|t:|1757905588
|move|p2a: Moltres|U-turn|p1a: Alomomola
|-damage|p1a: Alomomola|81/100
|
|t:|1757905598
|switch|p2a: Cetitan|Cetitan, M, shiny|100/100|[from] U-turn
|move|p1a: Alomomola|Wish|p1a: Alomomola
|
|-weather|Snowscape|[upkeep]
|upkeep
|turn|16
|
|t:|1757905600
|move|p2a: Cetitan|Belly Drum|p2a: Cetitan
|-damage|p2a: Cetitan|50/100
|-setboost|p2a: Cetitan|atk|6|[from] move: Belly Drum
|-enditem|p2a: Cetitan|Sitrus Berry|[eat]
|-heal|p2a: Cetitan|75/100|[from] item: Sitrus Berry
|move|p1a: Alomomola|Flip Turn|p2a: Cetitan
|-damage|p2a: Cetitan|64/100
|
|t:|1757905608
|switch|p1a: Iron Hands|Iron Hands|33/100|[from] Flip Turn
|-damage|p1a: Iron Hands|27/100|[from] Stealth Rock
|
|-weather|Snowscape|[upkeep]
|-heal|p1a: Iron Hands|79/100|[from] move: Wish|[wisher] Alomomola
|upkeep
|turn|17
|
|t:|1757905612
|move|p1a: Iron Hands|Fake Out|p2a: Cetitan
|-damage|p2a: Cetitan|53/100
|cant|p2a: Cetitan|flinch
|
|-weather|Snowscape|[upkeep]
|upkeep
|turn|18
|
|t:|1757905615
|move|p2a: Cetitan|Play Rough|p1a: Iron Hands
|-supereffective|p1a: Iron Hands
|-damage|p1a: Iron Hands|0 fnt
|faint|p1a: Iron Hands
|-end|p1a: Iron Hands|Quark Drive|[silent]
|
|-weather|Snowscape|[upkeep]
|upkeep
|
|t:|1757905620
|switch|p1a: Alomomola|Alomomola, F|100/100
|-damage|p1a: Alomomola|88/100|[from] Stealth Rock
|turn|19
|
|t:|1757905623
|move|p1a: Alomomola|Protect|p1a: Alomomola
|-singleturn|p1a: Alomomola|Protect
|move|p2a: Cetitan|Play Rough|p1a: Alomomola
|-activate|p1a: Alomomola|move: Protect
|
|-weather|none
|upkeep
|turn|20
|
|t:|1757905629
|move|p2a: Cetitan|Play Rough|p1a: Alomomola
|-damage|p1a: Alomomola|32/100
|move|p1a: Alomomola|Flip Turn|p2a: Cetitan
|-damage|p2a: Cetitan|37/100
|
|t:|1757905635
|switch|p1a: Kyurem|Kyurem|100/100|[from] Flip Turn
|-damage|p1a: Kyurem|76/100|[from] Stealth Rock
|-ability|p1a: Kyurem|Pressure
|
|upkeep
|turn|21
|
|t:|1757905641
|move|p2a: Cetitan|Ice Shard|p1a: Kyurem
|-damage|p1a: Kyurem|0 fnt
|faint|p1a: Kyurem
|
|upkeep
|
|t:|1757905645
|switch|p1a: Garchomp|Garchomp, M|100/100
|-damage|p1a: Garchomp|94/100|[from] Stealth Rock
|turn|22
|-message|DirkDiggler420 forfeited.
|
|win|owl_with_scarf
|raw|DirkDiggler420's rating: 1575 &rarr; <strong>1552</strong><br />(-23 for losing)
|raw|owl_with_scarf's rating: 1520 &rarr; <strong>1543</strong><br />(+23 for winning)
|l|☆DirkDiggler420
|player|p1|
|l|☆owl_with_scarf
|player|p2|
