|j|☆Oni_az
|j|☆marriedthestreets
|t:|1757873924
|gametype|singles
|player|p1|Oni_az|swimmerf|1131
|player|p2|marriedthestreets|infielder|1078
|gen|9
|tier|[Gen 9] OU
|rated|
|rule|HP Percentage Mod: HP is shown in percentages
|rule|Endless Battle Clause: Forcing endless battles is banned
|rule|Species Clause: Limit one of each Pokémon
|rule|OHKO Clause: OHKO moves are banned
|rule|Evasion Items Clause: Evasion items are banned
|rule|Evasion Moves Clause: Evasion moves are banned
|rule|Evasion Abilities Clause: Evasion abilities are banned
|rule|Sleep Moves Clause: Sleep-inducing moves are banned
|clearpoke
|poke|p1|Primarina, F|
|poke|p1|Zamazenta-*|
|poke|p1|Rillaboom, M|
|poke|p1|Goodra-Hisui, F|
|poke|p1|Tornadus-Therian, M|
|poke|p1|Spiritomb, M|
|poke|p2|Alomomola, F|
|poke|p2|Great Tusk|
|poke|p2|Slowking-Galar, M|
|poke|p2|Kingambit, M|
|poke|p2|Enamorus, F|
|poke|p2|Ogerpon-Wellspring, F|
|teampreview
|inactive|Battle timer is ON: inactive players will automatically lose when time's up. (requested by Oni_az)
|
|t:|1757873942
|teamsize|p1|6
|teamsize|p2|6
|start
|switch|p1a: Tornadus|Tornadus-Therian, M|100/100
|switch|p2a: Great Tusk|Great Tusk|100/100
|turn|1
|c|☆Oni_az|glhf
|
|t:|1757873971
|-end|p2a: Great Tusk|Protosynthesis|[silent]
|switch|p2a: Slowking|Slowking-Galar, M|100/100
|move|p1a: Tornadus|Bleakwind Storm|p2a: Slowking|[miss]
|-miss|p1a: Tornadus|p2a: Slowking
|
|upkeep
|turn|2
|
|t:|1757873986
|move|p1a: Tornadus|Knock Off|p2a: Slowking
|-supereffective|p2a: Slowking
|-damage|p2a: Slowking|60/100
|-enditem|p2a: Slowking|Heavy-Duty Boots|[from] move: Knock Off|[of] p1a: Tornadus
|move|p2a: Slowking|Future Sight|p1a: Tornadus
|-start|p2a: Slowking|move: Future Sight
|
|upkeep
|turn|3
|
|t:|1757873997
|move|p1a: Tornadus|U-turn|p2a: Slowking
|-damage|p2a: Slowking|47/100
|
|t:|1757873999
|switch|p1a: Spiritomb|Spiritomb, M|100/100|[from] U-turn
|-prepare|p2a: Slowking|Chilly Reception|[premajor]
|move|p2a: Slowking|Chilly Reception|p2a: Slowking
|-weather|Snowscape
|
|t:|1757874003
|switch|p2a: Enamorus|Enamorus, F|100/100|[from] Chilly Reception
|
|-weather|Snowscape|[upkeep]
|upkeep
|turn|4
|
|t:|1757874013
|move|p2a: Enamorus|Moonblast|p1a: Spiritomb
|-supereffective|p1a: Spiritomb
|-damage|p1a: Spiritomb|0 fnt
|faint|p1a: Spiritomb
|
|-weather|Snowscape|[upkeep]
|-hint|Future Sight did not hit because the target is fainted.
|upkeep
|
|t:|1757874021
|switch|p1a: Goodra|Goodra-Hisui, F|100/100
|turn|5
|
|t:|1757874029
|switch|p2a: Slowking|Slowking-Galar, M|80/100
|move|p1a: Goodra|Flash Cannon|p2a: Slowking
|-damage|p2a: Slowking|62/100
|
|-weather|Snowscape|[upkeep]
|upkeep
|turn|6
|
|t:|1757874037
|move|p1a: Goodra|Acid Spray|p2a: Slowking
|-resisted|p2a: Slowking
|-damage|p2a: Slowking|59/100
|-unboost|p2a: Slowking|spd|2
|-prepare|p2a: Slowking|Chilly Reception|[premajor]
|move|p2a: Slowking|Chilly Reception|p2a: Slowking
|
|t:|1757874040
|switch|p2a: Great Tusk|Great Tusk|100/100|[from] Chilly Reception
|
|-weather|Snowscape|[upkeep]
|upkeep
|turn|7
|
|t:|1757874046
|switch|p1a: Tornadus|Tornadus-Therian, M|100/100
|move|p2a: Great Tusk|Stealth Rock|p1a: Tornadus
|-sidestart|p1: Oni_az|move: Stealth Rock
|
|-weather|none
|upkeep
|turn|8
|
|t:|1757874050
|-end|p2a: Great Tusk|Protosynthesis|[silent]
|switch|p2a: Slowking|Slowking-Galar, M|92/100
|move|p1a: Tornadus|Bleakwind Storm|p2a: Slowking
|-damage|p2a: Slowking|66/100
|-unboost|p2a: Slowking|spe|1
|
|upkeep
|turn|9
|
|t:|1757874057
|move|p1a: Tornadus|Knock Off|p2a: Slowking
|-supereffective|p2a: Slowking
|-crit|p2a: Slowking
|-damage|p2a: Slowking|22/100
|move|p2a: Slowking|Future Sight|p1a: Tornadus
|-start|p2a: Slowking|move: Future Sight
|
|upkeep
|turn|10
|
|t:|1757874079
|switch|p1a: Rillaboom|Rillaboom, M|100/100
|-damage|p1a: Rillaboom|88/100|[from] Stealth Rock
|-fieldstart|move: Grassy Terrain|[from] ability: Grassy Surge|[of] p1a: Rillaboom
|-enditem|p1a: Rillaboom|Grassy Seed
|-boost|p1a: Rillaboom|def|1|[from] item: Grassy Seed
|switch|p2a: Alomomola|Alomomola, F|100/100
|
|-heal|p1a: Rillaboom|94/100|[from] Grassy Terrain
|upkeep
|turn|11
|
|t:|1757874085
|switch|p2a: Slowking|Slowking-Galar, M|55/100
|move|p1a: Rillaboom|Grassy Glide|p2a: Slowking
|-resisted|p2a: Slowking
|-damage|p2a: Slowking|41/100
|
|-end|p1a: Rillaboom|move: Future Sight
|-damage|p1a: Rillaboom|45/100
|-heal|p1a: Rillaboom|51/100|[from] Grassy Terrain
|-heal|p2a: Slowking|47/100|[from] Grassy Terrain
|upkeep
|turn|12
|
|t:|1757874096
|move|p1a: Rillaboom|Swords Dance|p1a: Rillaboom
|-boost|p1a: Rillaboom|atk|2
|move|p2a: Slowking|Slack Off|p2a: Slowking
|-heal|p2a: Slowking|97/100
|
|-heal|p1a: Rillaboom|57/100|[from] Grassy Terrain
|-heal|p2a: Slowking|100/100|[from] Grassy Terrain
|upkeep
|turn|13
|
|t:|1757874103
|move|p1a: Rillaboom|Swords Dance|p1a: Rillaboom
|-boost|p1a: Rillaboom|atk|2
|move|p2a: Slowking|Sludge Bomb|p1a: Rillaboom
|-supereffective|p1a: Rillaboom
|-damage|p1a: Rillaboom|0 fnt
|faint|p1a: Rillaboom
|
|upkeep
|
|t:|1757874109
|switch|p1a: Zamazenta|Zamazenta|100/100
|-damage|p1a: Zamazenta|94/100|[from] Stealth Rock
|-ability|p1a: Zamazenta|Dauntless Shield|boost
|-boost|p1a: Zamazenta|def|1
|turn|14
|
|t:|1757874115
|move|p1a: Zamazenta|Psychic Fangs|p2a: Slowking
|-damage|p2a: Slowking|55/100
|move|p2a: Slowking|Future Sight|p1a: Zamazenta
|-start|p2a: Slowking|move: Future Sight
|
|-heal|p1a: Zamazenta|100/100|[from] Grassy Terrain
|-heal|p2a: Slowking|62/100|[from] Grassy Terrain
|-fieldend|move: Grassy Terrain
|upkeep
|turn|15
|inactive|marriedthestreets has 120 seconds left.
|
|t:|1757874146
|switch|p1a: Primarina|Primarina, F|100/100
|switch|p2a: Alomomola|Alomomola, F|100/100
|
|upkeep
|turn|16
|
|t:|1757874151
|move|p1a: Primarina|Energy Ball|p2a: Alomomola
|-supereffective|p2a: Alomomola
|-damage|p2a: Alomomola|47/100
|move|p2a: Alomomola|Flip Turn|p1a: Primarina
|-resisted|p1a: Primarina
|-damage|p1a: Primarina|90/100
|
|t:|1757874156
|switch|p2a: Slowking|Slowking-Galar, M|95/100|[from] Flip Turn
|
|-end|p1a: Primarina|move: Future Sight
|-damage|p1a: Primarina|46/100
|upkeep
|turn|17
|
|t:|1757874167
|move|p1a: Primarina|Sparkling Aria|p2a: Slowking
|-crit|p2a: Slowking
|-damage|p2a: Slowking|52/100
|move|p2a: Slowking|Future Sight|p1a: Primarina
|-start|p2a: Slowking|move: Future Sight
|
|upkeep
|turn|18
|inactive|marriedthestreets has 120 seconds left.
|
|t:|1757874214
|move|p1a: Primarina|Sparkling Aria|p2a: Slowking
|-damage|p2a: Slowking|24/100
|-prepare|p2a: Slowking|Chilly Reception|[premajor]
|move|p2a: Slowking|Chilly Reception|p2a: Slowking
|-weather|Snowscape
|
|t:|1757874220
|switch|p2a: Ogerpon|Ogerpon-Wellspring, F|100/100|[from] Chilly Reception
|
|-weather|Snowscape|[upkeep]
|upkeep
|turn|19
|
|t:|1757874231
|move|p2a: Ogerpon|Wood Hammer|p1a: Primarina
|-supereffective|p1a: Primarina
|-damage|p1a: Primarina|0 fnt
|faint|p1a: Primarina
|-damage|p2a: Ogerpon|85/100|[from] Recoil
|
|-weather|Snowscape|[upkeep]
|-hint|Future Sight did not hit because the target is fainted.
|upkeep
|
|t:|1757874235
|switch|p1a: Tornadus|Tornadus-Therian, M|100/100
|turn|20
|
|t:|1757874241
|-terastallize|p2a: Ogerpon|Water
|detailschange|p2a: Ogerpon|Ogerpon-Wellspring-Tera, F, tera:Water
|-ability|p2a: Ogerpon|Embody Aspect (Wellspring)|boost
|-boost|p2a: Ogerpon|spd|1
|move|p1a: Tornadus|Bleakwind Storm|p2a: Ogerpon|[miss]
|-miss|p1a: Tornadus|p2a: Ogerpon
|move|p2a: Ogerpon|Ivy Cudgel|p1a: Tornadus|[anim] Ivy Cudgel Water
|-damage|p1a: Tornadus|0 fnt
|faint|p1a: Tornadus
|
|-weather|Snowscape|[upkeep]
|upkeep
|
|t:|1757874248
|switch|p1a: Zamazenta|Zamazenta|100/100
|-damage|p1a: Zamazenta|94/100|[from] Stealth Rock
|turn|21
|
|t:|1757874251
|move|p1a: Zamazenta|Wild Charge|p2a: Ogerpon
|-supereffective|p2a: Ogerpon
|-damage|p2a: Ogerpon|0 fnt
|faint|p2a: Ogerpon
|detailschange|p2: Ogerpon|Ogerpon-Wellspring, F|[silent]
|-damage|p1a: Zamazenta|75/100|[from] Recoil
|
|-weather|Snowscape|[upkeep]
|upkeep
|
|t:|1757874256
|switch|p2a: Enamorus|Enamorus, F|100/100
|turn|22
|
|t:|1757874260
|move|p2a: Enamorus|Moonblast|p1a: Zamazenta
|-supereffective|p1a: Zamazenta
|-damage|p1a: Zamazenta|0 fnt
|faint|p1a: Zamazenta
|
|-weather|none
|upkeep
|-message|Oni_az forfeited.
|
|win|marriedthestreets
|raw|Oni_az's rating: 1131 &rarr; <strong>1102</strong><br />(-29 for losing)
|raw|marriedthestreets's rating: 1078 &rarr; <strong>1111</strong><br />(+33 for winning)
