|j|☆MIT POG MOMENT
|j|☆Chrille-1
|t:|1757861079
|gametype|singles
|player|p1|MIT POG MOMENT|crasherwake|1469
|player|p2|Chrille-1|morty|1493
|gen|9
|tier|[Gen 9] OU
|rated|
|rule|HP Percentage Mod: HP is shown in percentages
|rule|Endless Battle Clause: Forcing endless battles is banned
|rule|Species Clause: Limit one of each Pokémon
|rule|OHKO Clause: OHKO moves are banned
|rule|Evasion Items Clause: Evasion items are banned
|rule|Evasion Moves Clause: Evasion moves are banned
|rule|Evasion Abilities Clause: Evasion abilities are banned
|rule|Sleep Moves Clause: Sleep-inducing moves are banned
|clearpoke
|poke|p1|Dragonite, M|
|poke|p1|Porygon-Z|
|poke|p1|Samurott-Hisui, F|
|poke|p1|Corviknight, M|
|poke|p1|Landorus-Therian, M|
|poke|p1|Iron Valiant|
|poke|p2|Moltres|
|poke|p2|Great Tusk|
|poke|p2|Slowking-Galar, M|
|poke|p2|Kingambit, F|
|poke|p2|Dragapult, M|
|poke|p2|Ogerpon-Wellspring, F|
|teampreview
|inactive|Battle timer is ON: inactive players will automatically lose when time's up. (requested by Chrille-1)
|
|t:|1757861089
|teamsize|p1|6
|teamsize|p2|6
|start
|switch|p1a: Iron Valiant|Iron Valiant|100/100
|switch|p2a: Mustang|Ogerpon-Wellspring, F|100/100
|-enditem|p1a: Iron Valiant|Booster Energy
|-activate|p1a: Iron Valiant|ability: Quark Drive|[fromitem]
|-start|p1a: Iron Valiant|quarkdrivespe
|turn|1
|
|t:|1757861092
|switch|p2a: Supra|Slowking-Galar, M|100/100
|move|p1a: Iron Valiant|Calm Mind|p1a: Iron Valiant
|-boost|p1a: Iron Valiant|spa|1
|-boost|p1a: Iron Valiant|spd|1
|
|upkeep
|turn|2
|
|t:|1757861098
|move|p1a: Iron Valiant|Psyshock|p2a: Supra
|-damage|p2a: Supra|63/100
|move|p2a: Supra|Sludge Bomb|p1a: Iron Valiant
|-supereffective|p1a: Iron Valiant
|-damage|p1a: Iron Valiant|1/100
|
|upkeep
|turn|3
|
|t:|1757861105
|move|p1a: Iron Valiant|Psyshock|p2a: Supra
|-damage|p2a: Supra|24/100
|move|p2a: Supra|Sludge Bomb|p1a: Iron Valiant
|-supereffective|p1a: Iron Valiant
|-damage|p1a: Iron Valiant|0 fnt
|faint|p1a: Iron Valiant
|-end|p1a: Iron Valiant|Quark Drive|[silent]
|
|upkeep
|
|t:|1757861107
|switch|p1a: Samurott|Samurott-Hisui, F|100/100
|turn|4
|
|t:|1757861115
|switch|p2a: FierBird|Moltres|100/100
|move|p1a: Samurott|Razor Shell|p2a: FierBird
|-supereffective|p2a: FierBird
|-crit|p2a: FierBird
|-damage|p2a: FierBird|0 fnt
|faint|p2a: FierBird
|
|upkeep
|
|t:|1757861121
|switch|p2a: Mustang|Ogerpon-Wellspring, F|100/100
|turn|5
|
|t:|1757861124
|move|p2a: Mustang|Play Rough|p1a: Samurott
|-supereffective|p1a: Samurott
|-damage|p1a: Samurott|6/100
|move|p1a: Samurott|Ceaseless Edge|p2a: Mustang
|-damage|p2a: Mustang|38/100
|-sidestart|p2: Chrille-1|Spikes
|
|upkeep
|turn|6
|
|t:|1757861130
|move|p1a: Samurott|Sucker Punch|p2a: Mustang
|-damage|p2a: Mustang|0 fnt
|faint|p2a: Mustang
|
|upkeep
|
|t:|1757861139
|switch|p2a: Helcat|Dragapult, M, shiny|100/100
|-damage|p2a: Helcat|88/100|[from] Spikes
|turn|7
|
|t:|1757861145
|switch|p1a: Landorus|Landorus-Therian, M|100/100
|-ability|p1a: Landorus|Intimidate|boost
|-fail|p2a: Helcat|unboost|[from] ability: Clear Body|[of] p2a: Helcat
|-terastallize|p2a: Helcat|Fairy
|move|p2a: Helcat|Tera Blast|p1a: Landorus|[anim] Tera Blast Fairy
|-damage|p1a: Landorus|21/100
|
|upkeep
|turn|8
|
|t:|1757861154
|move|p1a: Landorus|U-turn|p2a: Helcat
|-resisted|p2a: Helcat
|-damage|p2a: Helcat|67/100
|
|t:|1757861160
|switch|p1a: THIS AINT RU|Porygon-Z|100/100|[from] U-turn
|move|p2a: Helcat|Tera Blast|p1a: THIS AINT RU|[anim] Tera Blast Fairy
|-damage|p1a: THIS AINT RU|32/100
|
|upkeep
|turn|9
|
|t:|1757861165
|move|p2a: Helcat|Tera Blast|p1a: THIS AINT RU|[anim] Tera Blast Fairy
|-damage|p1a: THIS AINT RU|0 fnt
|faint|p1a: THIS AINT RU
|
|upkeep
|
|t:|1757861169
|switch|p1a: Dragonite|Dragonite, M|100/100
|turn|10
|
|t:|1757861174
|move|p2a: Helcat|Tera Blast|p1a: Dragonite|[anim] Tera Blast Fairy
|-supereffective|p1a: Dragonite
|-crit|p1a: Dragonite
|-damage|p1a: Dragonite|33/100
|move|p1a: Dragonite|Dragon Dance|p1a: Dragonite
|-boost|p1a: Dragonite|atk|1
|-boost|p1a: Dragonite|spe|1
|
|upkeep
|turn|11
|
|t:|1757861178
|move|p1a: Dragonite|Extreme Speed|p2a: Helcat
|-damage|p2a: Helcat|4/100
|move|p2a: Helcat|Tera Blast|p1a: Dragonite|[anim] Tera Blast Fairy
|-supereffective|p1a: Dragonite
|-damage|p1a: Dragonite|0 fnt
|faint|p1a: Dragonite
|
|upkeep
|
|t:|1757861181
|switch|p1a: goldnuts|Corviknight, M|100/100
|-ability|p1a: goldnuts|Pressure
|turn|12
|
|t:|1757861185
|switch|p2a: Chager|Great Tusk|100/100
|-damage|p2a: Chager|88/100|[from] Spikes
|move|p1a: goldnuts|Iron Defense|p1a: goldnuts
|-boost|p1a: goldnuts|def|2
|
|upkeep
|turn|13
|
|t:|1757861188
|move|p2a: Chager|Stealth Rock|p1a: goldnuts
|-sidestart|p1: MIT POG MOMENT|move: Stealth Rock
|move|p1a: goldnuts|Iron Defense|p1a: goldnuts
|-boost|p1a: goldnuts|def|2
|
|upkeep
|turn|14
|
|t:|1757861193
|move|p2a: Chager|Body Press|p1a: goldnuts
|-damage|p1a: goldnuts|90/100
|-damage|p2a: Chager|71/100|[from] item: Rocky Helmet|[of] p1a: goldnuts
|move|p1a: goldnuts|Iron Defense|p1a: goldnuts
|-boost|p1a: goldnuts|def|2
|
|upkeep
|turn|15
|
|t:|1757861196
|move|p2a: Chager|Body Press|p1a: goldnuts
|-damage|p1a: goldnuts|83/100
|-damage|p2a: Chager|55/100|[from] item: Rocky Helmet|[of] p1a: goldnuts
|move|p1a: goldnuts|Body Press|p2a: Chager
|-damage|p2a: Chager|9/100
|-damage|p1a: goldnuts|67/100|[from] item: Rocky Helmet|[of] p2a: Chager
|
|upkeep
|turn|16
|
|t:|1757861203
|move|p2a: Chager|Body Press|p1a: goldnuts
|-damage|p1a: goldnuts|59/100
|-damage|p2a: Chager|0 fnt|[from] item: Rocky Helmet|[of] p1a: goldnuts
|faint|p2a: Chager
|-end|p2a: Chager|Protosynthesis|[silent]
|move|p1a: goldnuts|Roost|p1a: goldnuts
|-heal|p1a: goldnuts|100/100
|-singleturn|p1a: goldnuts|move: Roost
|
|upkeep
|
|t:|1757861208
|switch|p2a: Helcat|Dragapult, M, shiny, tera:Fairy|4/100
|-damage|p2a: Helcat|0 fnt|[from] Spikes
|faint|p2a: Helcat
|
|t:|1757861213
|switch|p2a: Supra|Slowking-Galar, M|57/100
|-damage|p2a: Supra|44/100|[from] Spikes
|turn|17
|
|t:|1757861215
|move|p1a: goldnuts|Body Press|p2a: Supra
|-resisted|p2a: Supra
|-damage|p2a: Supra|16/100
|move|p2a: Supra|Flamethrower|p1a: goldnuts
|-supereffective|p1a: goldnuts
|-damage|p1a: goldnuts|52/100
|
|upkeep
|turn|18
|
|t:|1757861220
|switch|p2a: Viper|Kingambit, F|100/100
|-damage|p2a: Viper|88/100|[from] Spikes
|-activate|p2a: Viper|ability: Supreme Overlord
|-start|p2a: Viper|fallen4|[silent]
|move|p1a: goldnuts|Body Press|p2a: Viper
|-supereffective|p2a: Viper
|-damage|p2a: Viper|0 fnt
|faint|p2a: Viper
|-end|p2a: Viper|fallen4|[silent]
|
|upkeep
|
|t:|1757861222
|switch|p2a: Supra|Slowking-Galar, M|50/100
|-damage|p2a: Supra|37/100|[from] Spikes
|turn|19
|-message|Chrille-1 forfeited.
|
|win|MIT POG MOMENT
|raw|MIT POG MOMENT's rating: 1469 &rarr; <strong>1490</strong><br />(+21 for winning)
|raw|Chrille-1's rating: 1493 &rarr; <strong>1472</strong><br />(-21 for losing)
|l|☆Chrille-1
|player|p2|
|l|☆MIT POG MOMENT
|player|p1|
