|j|☆21stCenturyB0y
|j|☆NormalDude1989
|t:|1757946445
|gametype|singles
|player|p1|21stCenturyB0y|argenta|1473
|player|p2|NormalDude1989|emmet|1519
|gen|9
|tier|[Gen 9] OU
|rated|
|rule|HP Percentage Mod: HP is shown in percentages
|rule|Endless Battle Clause: Forcing endless battles is banned
|rule|Species Clause: Limit one of each Pokémon
|rule|OHKO Clause: OHKO moves are banned
|rule|Evasion Items Clause: Evasion items are banned
|rule|Evasion Moves Clause: Evasion moves are banned
|rule|Evasion Abilities Clause: Evasion abilities are banned
|rule|Sleep Moves Clause: Sleep-inducing moves are banned
|clearpoke
|poke|p1|Smeargle, F|
|poke|p1|Serperior, M|
|poke|p1|Kingambit, F|
|poke|p1|Dragapult, F|
|poke|p1|Landorus-Therian, M|
|poke|p1|Cinderace, M|
|poke|p2|Kingambit, M|
|poke|p2|Hatterene, F|
|poke|p2|Ogerpon-Wellspring, F|
|poke|p2|Great Tusk|
|poke|p2|Latios, M|
|poke|p2|Zapdos|
|teampreview
|
|t:|1757946468
|teamsize|p1|6
|teamsize|p2|6
|start
|switch|p1a: The Kitchen Sink|Smeargle, F|100/100
|switch|p2a: Carly Beth|Ogerpon-Wellspring, F|100/100
|turn|1
|
|t:|1757946472
|move|p2a: Carly Beth|U-turn|p1a: The Kitchen Sink
|-damage|p1a: The Kitchen Sink|37/100
|
|t:|1757946476
|switch|p2a: Minerva|Hatterene, F|100/100|[from] U-turn
|move|p1a: The Kitchen Sink|Sticky Web|p2a: Minerva
|move|p2a: Minerva|Sticky Web|p1a: The Kitchen Sink|[from] ability: Magic Bounce
|-sidestart|p1: 21stCenturyB0y|move: Sticky Web
|
|upkeep
|turn|2
|
|t:|1757946485
|move|p1a: The Kitchen Sink|Destiny Bond|p1a: The Kitchen Sink
|-singlemove|p1a: The Kitchen Sink|Destiny Bond
|move|p2a: Minerva|Nuzzle|p1a: The Kitchen Sink
|-damage|p1a: The Kitchen Sink|28/100
|-status|p1a: The Kitchen Sink|par
|
|upkeep
|turn|3
|
|t:|1757946497
|move|p1a: The Kitchen Sink|Court Change|p1a: The Kitchen Sink
|-swapsideconditions
|-activate|p1a: The Kitchen Sink|move: Court Change
|move|p2a: Minerva|Draining Kiss|p1a: The Kitchen Sink
|-damage|p1a: The Kitchen Sink|0 fnt
|faint|p1a: The Kitchen Sink
|
|upkeep
|
|t:|1757946503
|switch|p1a: The Classic|Kingambit, F|100/100
|turn|4
|
|t:|1757946506
|switch|p2a: Ivan|Great Tusk|100/100
|-activate|p2a: Ivan|move: Sticky Web
|-unboost|p2a: Ivan|spe|1
|move|p1a: The Classic|Iron Head|p2a: Ivan
|-damage|p2a: Ivan|66/100
|
|-heal|p2a: Ivan|72/100|[from] item: Leftovers
|upkeep
|turn|5
|
|t:|1757946516
|switch|p1a: Cruise Control|Dragapult, F|100/100
|move|p2a: Ivan|Bulk Up|p2a: Ivan
|-boost|p2a: Ivan|atk|1
|-boost|p2a: Ivan|def|1
|
|-heal|p2a: Ivan|78/100|[from] item: Leftovers
|upkeep
|turn|6
|
|t:|1757946523
|move|p1a: Cruise Control|Draco Meteor|p2a: Ivan
|-damage|p2a: Ivan|0 fnt
|-unboost|p1a: Cruise Control|spa|2
|faint|p2a: Ivan
|-end|p2a: Ivan|Protosynthesis|[silent]
|-damage|p1a: Cruise Control|91/100|[from] item: Life Orb
|
|upkeep
|
|t:|1757946530
|switch|p2a: Muramasa|Kingambit, M|100/100
|-activate|p2a: Muramasa|move: Sticky Web
|-unboost|p2a: Muramasa|spe|1
|-activate|p2a: Muramasa|ability: Supreme Overlord
|-start|p2a: Muramasa|fallen1|[silent]
|turn|7
|
|t:|1757946536
|switch|p1a: ThatMF|Landorus-Therian, M|100/100
|-ability|p1a: ThatMF|Intimidate|boost
|-unboost|p2a: Muramasa|atk|1
|move|p2a: Muramasa|Swords Dance|p2a: Muramasa
|-boost|p2a: Muramasa|atk|2
|
|upkeep
|turn|8
|
|t:|1757946540
|move|p1a: ThatMF|Earthquake|p2a: Muramasa
|-supereffective|p2a: Muramasa
|-crit|p2a: Muramasa
|-damage|p2a: Muramasa|0 fnt
|faint|p2a: Muramasa
|-end|p2a: Muramasa|fallen1|[silent]
|
|upkeep
|
|t:|1757946545
|switch|p2a: Azure|Latios, M|100/100
|turn|9
|
|t:|1757946550
|move|p2a: Azure|Calm Mind|p2a: Azure
|-boost|p2a: Azure|spa|1
|-boost|p2a: Azure|spd|1
|move|p1a: ThatMF|U-turn|p2a: Azure
|-supereffective|p2a: Azure
|-damage|p2a: Azure|30/100
|
|t:|1757946555
|switch|p1a: Cruise Control|Dragapult, F|91/100|[from] U-turn
|
|upkeep
|turn|10
|
|t:|1757946560
|-terastallize|p2a: Azure|Steel
|move|p1a: Cruise Control|Shadow Ball|p2a: Azure
|-damage|p2a: Azure|0 fnt
|faint|p2a: Azure
|-damage|p1a: Cruise Control|81/100|[from] item: Life Orb
|
|upkeep
|-message|NormalDude1989 forfeited.
|
|win|21stCenturyB0y
|raw|21stCenturyB0y's rating: 1473 &rarr; <strong>1496</strong><br />(+23 for winning)
|raw|NormalDude1989's rating: 1519 &rarr; <strong>1496</strong><br />(-23 for losing)
|l|☆NormalDude1989
|player|p2|
|l|☆21stCenturyB0y
|player|p1|
