|j|☆flygonisdragon
|j|☆takeyouout
|t:|1757871810
|gametype|singles
|player|p1|flygonisdragon|serena-masters|1539
|player|p2|takeyouout|richboy|1588
|gen|9
|tier|[Gen 9] OU
|rated|
|rule|HP Percentage Mod: HP is shown in percentages
|rule|Endless Battle Clause: Forcing endless battles is banned
|rule|Species Clause: Limit one of each Pokémon
|rule|OHKO Clause: OHKO moves are banned
|rule|Evasion Items Clause: Evasion items are banned
|rule|Evasion Moves Clause: Evasion moves are banned
|rule|Evasion Abilities Clause: Evasion abilities are banned
|rule|Sleep Moves Clause: Sleep-inducing moves are banned
|clearpoke
|poke|p1|Volcanion|
|poke|p1|Metagross|
|poke|p1|Zamazenta-*|
|poke|p1|Talonflame, M|
|poke|p1|Fezandipiti, M|
|poke|p1|Regidrago|
|poke|p2|Tyranitar, F|
|poke|p2|Garganacl, M|
|poke|p2|Deoxys-Speed|
|poke|p2|Alomomola, F|
|poke|p2|Excadrill, M|
|poke|p2|Tornadus-Therian, M|
|teampreview
|inactive|Battle timer is ON: inactive players will automatically lose when time's up. (requested by takeyouout)
|
|t:|1757871821
|teamsize|p1|6
|teamsize|p2|6
|start
|switch|p1a: Metagross|Metagross|100/100
|switch|p2a: Broomhilda|Tyranitar, F, shiny|100/100
|-weather|Sandstorm|[from] ability: Sand Stream|[of] p2a: Broomhilda
|turn|1
|
|t:|1757871825
|switch|p2a: Molllllyyyyy|Alomomola, F, shiny|100/100
|move|p1a: Metagross|Meteor Mash|p2a: Molllllyyyyy
|-resisted|p2a: Molllllyyyyy
|-damage|p2a: Molllllyyyyy|78/100
|-damage|p1a: Metagross|84/100|[from] item: Rocky Helmet|[of] p2a: Molllllyyyyy
|-damage|p1a: Metagross|74/100|[from] item: Life Orb
|
|-weather|Sandstorm|[upkeep]
|-damage|p2a: Molllllyyyyy|72/100|[from] Sandstorm
|upkeep
|turn|2
|
|t:|1757871828
|move|p1a: Metagross|Stealth Rock|p2a: Molllllyyyyy
|-sidestart|p2: takeyouout|move: Stealth Rock
|move|p2a: Molllllyyyyy|Light Screen|p2a: Molllllyyyyy
|-sidestart|p2: takeyouout|move: Light Screen
|
|-weather|Sandstorm|[upkeep]
|-damage|p2a: Molllllyyyyy|65/100|[from] Sandstorm
|upkeep
|turn|3
|
|t:|1757871833
|move|p1a: Metagross|Explosion|p2a: Molllllyyyyy
|-damage|p2a: Molllllyyyyy|0 fnt
|faint|p1a: Metagross
|faint|p2a: Molllllyyyyy
|
|-weather|Sandstorm|[upkeep]
|upkeep
|
|t:|1757871849
|switch|p1a: Talonflame|Talonflame, M|100/100
|switch|p2a: Starscream|Excadrill, M|100/100
|-damage|p2a: Starscream|97/100|[from] Stealth Rock
|turn|4
|
|t:|1757871852
|move|p2a: Starscream|Rock Slide|p1a: Talonflame
|-supereffective|p1a: Talonflame
|-damage|p1a: Talonflame|0 fnt
|faint|p1a: Talonflame
|
|-weather|Sandstorm|[upkeep]
|upkeep
|
|t:|1757871859
|switch|p1a: Zamazenta|Zamazenta|100/100
|-ability|p1a: Zamazenta|Dauntless Shield|boost
|-boost|p1a: Zamazenta|def|1
|turn|5
|
|t:|1757871863
|switch|p2a: Sri Lanka|Tornadus-Therian, M|100/100
|-damage|p2a: Sri Lanka|75/100|[from] Stealth Rock
|move|p1a: Zamazenta|Body Press|p2a: Sri Lanka
|-resisted|p2a: Sri Lanka
|-damage|p2a: Sri Lanka|38/100
|
|-weather|none
|upkeep
|turn|6
|
|t:|1757871879
|switch|p1a: Fezandipiti|Fezandipiti, M|100/100
|move|p2a: Sri Lanka|Bleakwind Storm|p1a: Fezandipiti
|-damage|p1a: Fezandipiti|69/100
|-damage|p2a: Sri Lanka|28/100|[from] item: Life Orb
|
|-sideend|p2: takeyouout|move: Light Screen
|upkeep
|turn|7
|
|t:|1757871885
|switch|p2a: Broomhilda|Tyranitar, F, shiny|100/100
|-weather|Sandstorm|[from] ability: Sand Stream|[of] p2a: Broomhilda
|move|p1a: Fezandipiti|Tailwind|p1a: Fezandipiti
|-sidestart|p1: flygonisdragon|move: Tailwind
|
|-weather|Sandstorm|[upkeep]
|-damage|p1a: Fezandipiti|63/100|[from] Sandstorm
|upkeep
|turn|8
|
|t:|1757871889
|move|p1a: Fezandipiti|U-turn|p2a: Broomhilda
|-supereffective|p2a: Broomhilda
|-damage|p2a: Broomhilda|81/100
|
|t:|1757871892
|switch|p1a: Zamazenta|Zamazenta|100/100|[from] U-turn
|move|p2a: Broomhilda|Stealth Rock|p1a: Zamazenta
|-sidestart|p1: flygonisdragon|move: Stealth Rock
|
|-weather|Sandstorm|[upkeep]
|-damage|p1a: Zamazenta|94/100|[from] Sandstorm
|-heal|p1a: Zamazenta|100/100|[from] item: Leftovers
|upkeep
|turn|9
|
|t:|1757871909
|move|p1a: Zamazenta|Substitute|p1a: Zamazenta
|-start|p1a: Zamazenta|Substitute
|-damage|p1a: Zamazenta|75/100
|move|p2a: Broomhilda|Ice Beam|p1a: Zamazenta
|-activate|p1a: Zamazenta|move: Substitute|[damage]
|
|-weather|Sandstorm|[upkeep]
|-damage|p1a: Zamazenta|69/100|[from] Sandstorm
|-heal|p1a: Zamazenta|75/100|[from] item: Leftovers
|upkeep
|turn|10
|
|t:|1757871916
|move|p1a: Zamazenta|Body Press|p2a: Broomhilda
|-supereffective|p2a: Broomhilda
|-damage|p2a: Broomhilda|0 fnt
|faint|p2a: Broomhilda
|
|-weather|Sandstorm|[upkeep]
|-damage|p1a: Zamazenta|69/100|[from] Sandstorm
|-heal|p1a: Zamazenta|75/100|[from] item: Leftovers
|-sideend|p1: flygonisdragon|move: Tailwind
|upkeep
|
|t:|1757871920
|switch|p2a: Starscream|Excadrill, M|97/100
|-damage|p2a: Starscream|94/100|[from] Stealth Rock
|turn|11
|
|t:|1757871925
|move|p2a: Starscream|Rapid Spin|p1a: Zamazenta
|-end|p1a: Zamazenta|Substitute
|-sideend|p2: takeyouout|Stealth Rock|[from] move: Rapid Spin|[of] p2a: Starscream
|-boost|p2a: Starscream|spe|1
|move|p1a: Zamazenta|Body Press|p2a: Starscream
|-supereffective|p2a: Starscream
|-damage|p2a: Starscream|0 fnt
|faint|p2a: Starscream
|
|-weather|none
|-heal|p1a: Zamazenta|82/100|[from] item: Leftovers
|upkeep
|
|t:|1757871929
|switch|p2a: 99|Deoxys-Speed|100/100
|-ability|p2a: 99|Pressure
|turn|12
|
|t:|1757871940
|switch|p1a: Fezandipiti|Fezandipiti, M|63/100
|move|p2a: 99|Psycho Boost|p1a: Fezandipiti
|-supereffective|p1a: Fezandipiti
|-damage|p1a: Fezandipiti|0 fnt
|-unboost|p2a: 99|spa|2
|faint|p1a: Fezandipiti
|-damage|p2a: 99|91/100|[from] item: Life Orb
|
|upkeep
|
|t:|1757871946
|switch|p1a: Volcanion|Volcanion|100/100
|-damage|p1a: Volcanion|76/100|[from] Stealth Rock
|turn|13
|
|t:|1757871952
|switch|p2a: Sri Lanka|Tornadus-Therian, M|61/100
|move|p1a: Volcanion|Steam Eruption|p2a: Sri Lanka
|-damage|p2a: Sri Lanka|0 fnt
|faint|p2a: Sri Lanka
|
|upkeep
|
|t:|1757871959
|switch|p2a: 99|Deoxys-Speed|91/100
|-ability|p2a: 99|Pressure
|turn|14
|
|t:|1757871965
|move|p2a: 99|Psycho Boost|p1a: Volcanion
|-damage|p1a: Volcanion|0 fnt
|-unboost|p2a: 99|spa|2
|faint|p1a: Volcanion
|-damage|p2a: 99|81/100|[from] item: Life Orb
|
|upkeep
|
|t:|1757871972
|switch|p1a: Regidrago|Regidrago|100/100
|-damage|p1a: Regidrago|88/100|[from] Stealth Rock
|turn|15
|
|t:|1757871975
|switch|p2a: RockIce|Garganacl, M|100/100
|move|p1a: Regidrago|Draco Meteor|p2a: RockIce
|-crit|p2a: RockIce
|-damage|p2a: RockIce|0 fnt
|-unboost|p1a: Regidrago|spa|2
|faint|p2a: RockIce
|
|upkeep
|
|t:|1757871977
|switch|p2a: 99|Deoxys-Speed|81/100
|-ability|p2a: 99|Pressure
|turn|16
|
|t:|1757871999
|move|p2a: 99|Psycho Boost|p1a: Regidrago|[miss]
|-miss|p2a: 99|p1a: Regidrago
|move|p1a: Regidrago|Draco Meteor|p2a: 99|[miss]
|-miss|p1a: Regidrago|p2a: 99
|
|upkeep
|turn|17
|
|t:|1757872008
|move|p2a: 99|Psycho Boost|p1a: Regidrago
|-damage|p1a: Regidrago|5/100
|-unboost|p2a: 99|spa|2
|-damage|p2a: 99|71/100|[from] item: Life Orb
|move|p1a: Regidrago|Draco Meteor|p2a: 99
|-damage|p2a: 99|0 fnt
|-unboost|p1a: Regidrago|spa|2
|faint|p2a: 99
|
|win|flygonisdragon
|raw|flygonisdragon's rating: 1539 &rarr; <strong>1562</strong><br />(+23 for winning)
|raw|takeyouout's rating: 1588 &rarr; <strong>1565</strong><br />(-23 for losing)
|l|☆flygonisdragon
|player|p1|
|l|☆takeyouout
|player|p2|
