|j|☆emorawr79
|j|☆JoeSwanson96
|t:|1757923366
|gametype|singles
|player|p1|emorawr79|2|1445
|player|p2|JoeSwanson96|2|1414
|gen|9
|tier|[Gen 9] OU
|rated|
|rule|HP Percentage Mod: HP is shown in percentages
|rule|Endless Battle Clause: Forcing endless battles is banned
|rule|Species Clause: Limit one of each Pokémon
|rule|OHKO Clause: OHKO moves are banned
|rule|Evasion Items Clause: Evasion items are banned
|rule|Evasion Moves Clause: Evasion moves are banned
|rule|Evasion Abilities Clause: Evasion abilities are banned
|rule|Sleep Moves Clause: Sleep-inducing moves are banned
|clearpoke
|poke|p1|Serperior, M|
|poke|p1|Gliscor, M|
|poke|p1|Kyurem|
|poke|p1|Landorus-Therian, M|
|poke|p1|Garganacl, F|
|poke|p1|Ogerpon-Wellspring, F|
|poke|p2|Slowking-Galar, M|
|poke|p2|Glaceon, F|
|poke|p2|Landorus-Therian, M|
|poke|p2|Iron Crown|
|poke|p2|Ogerpon-Wellspring, F|
|poke|p2|Great Tusk|
|teampreview
|
|t:|1757923375
|teamsize|p1|6
|teamsize|p2|6
|start
|switch|p1a: Landorus|Landorus-Therian, M|100/100
|switch|p2a: LeBrondorus|Landorus-Therian, M|100/100
|-ability|p2a: LeBrondorus|Intimidate|boost
|-unboost|p1a: Landorus|atk|1
|-ability|p1a: Landorus|Intimidate|boost
|-unboost|p2a: LeBrondorus|atk|1
|turn|1
|inactive|Battle timer is ON: inactive players will automatically lose when time's up. (requested by emorawr79)
|
|t:|1757923383
|move|p2a: LeBrondorus|U-turn|p1a: Landorus
|-resisted|p1a: Landorus
|-damage|p1a: Landorus|91/100
|
|t:|1757923387
|switch|p2a: YesKing|Slowking-Galar, M|100/100|[from] U-turn
|move|p1a: Landorus|Stealth Rock|p2a: YesKing
|-sidestart|p2: JoeSwanson96|move: Stealth Rock
|
|-heal|p1a: Landorus|97/100|[from] item: Leftovers
|upkeep
|turn|2
|
|t:|1757923394
|move|p1a: Landorus|U-turn|p2a: YesKing
|-damage|p2a: YesKing|85/100
|
|t:|1757923398
|switch|p1a: Serperior|Serperior, M|100/100|[from] U-turn
|-prepare|p2a: YesKing|Chilly Reception|[premajor]
|move|p2a: YesKing|Chilly Reception|p2a: YesKing
|-weather|Snowscape
|
|t:|1757923405
|switch|p2a: Glazeon|Glaceon, F|100/100|[from] Chilly Reception
|-damage|p2a: Glazeon|76/100|[from] Stealth Rock
|
|-weather|Snowscape|[upkeep]
|-heal|p2a: Glazeon|82/100|[from] ability: Ice Body
|upkeep
|turn|3
|
|t:|1757923414
|move|p1a: Serperior|Glare|p2a: Glazeon
|-status|p2a: Glazeon|par
|move|p2a: Glazeon|Blizzard|p1a: Serperior
|-supereffective|p1a: Serperior
|-damage|p1a: Serperior|0 fnt
|faint|p1a: Serperior
|
|-weather|Snowscape|[upkeep]
|-heal|p2a: Glazeon|88/100 par|[from] ability: Ice Body
|upkeep
|
|t:|1757923425
|switch|p1a: Ogerpon|Ogerpon-Wellspring, F|100/100
|turn|4
|
|t:|1757923428
|move|p1a: Ogerpon|Swords Dance|p1a: Ogerpon
|-boost|p1a: Ogerpon|atk|2
|move|p2a: Glazeon|Blizzard|p1a: Ogerpon
|-damage|p1a: Ogerpon|0 fnt
|faint|p1a: Ogerpon
|
|-weather|Snowscape|[upkeep]
|-heal|p2a: Glazeon|93/100 par|[from] ability: Ice Body
|upkeep
|
|t:|1757923433
|switch|p1a: Kyurem|Kyurem|100/100
|-ability|p1a: Kyurem|Pressure
|turn|5
|
|t:|1757923435
|move|p1a: Kyurem|Draco Meteor|p2a: Glazeon
|-damage|p2a: Glazeon|0 fnt
|-unboost|p1a: Kyurem|spa|2
|faint|p2a: Glazeon
|
|-weather|Snowscape|[upkeep]
|upkeep
|
|t:|1757923452
|switch|p2a: Iron King|Iron Crown|100/100
|-damage|p2a: Iron King|94/100|[from] Stealth Rock
|-enditem|p2a: Iron King|Booster Energy
|-activate|p2a: Iron King|ability: Quark Drive|[fromitem]
|-start|p2a: Iron King|quarkdrivespe
|turn|6
|
|t:|1757923461
|switch|p1a: Landorus|Landorus-Therian, M|97/100
|-ability|p1a: Landorus|Intimidate|boost
|-unboost|p2a: Iron King|atk|1
|move|p2a: Iron King|Calm Mind|p2a: Iron King
|-boost|p2a: Iron King|spa|1
|-boost|p2a: Iron King|spd|1
|
|-weather|none
|-heal|p1a: Landorus|100/100|[from] item: Leftovers
|upkeep
|turn|7
|
|t:|1757923467
|-terastallize|p2a: Iron King|Fighting
|move|p2a: Iron King|Calm Mind|p2a: Iron King
|-boost|p2a: Iron King|spa|1
|-boost|p2a: Iron King|spd|1
|move|p1a: Landorus|Taunt|p2a: Iron King
|-start|p2a: Iron King|move: Taunt
|
|upkeep
|turn|8
|
|t:|1757923473
|move|p2a: Iron King|Tachyon Cutter|p1a: Landorus
|-damage|p1a: Landorus|68/100
|-damage|p1a: Landorus|30/100
|-hitcount|p1a: Landorus|2
|move|p1a: Landorus|Earthquake|p2a: Iron King
|-damage|p2a: Iron King|43/100
|
|-heal|p1a: Landorus|36/100|[from] item: Leftovers
|upkeep
|turn|9
|
|t:|1757923479
|move|p2a: Iron King|Tachyon Cutter|p1a: Landorus
|-damage|p1a: Landorus|2/100
|-damage|p1a: Landorus|0 fnt
|faint|p1a: Landorus
|-hitcount|p1: Landorus|2
|
|upkeep
|
|t:|1757923490
|switch|p1a: Gliscor|Gliscor, M|100/100
|turn|10
|
|t:|1757923494
|move|p2a: Iron King|Tachyon Cutter|p1a: Gliscor
|-damage|p1a: Gliscor|45/100
|-damage|p1a: Gliscor|0 fnt
|faint|p1a: Gliscor
|-hitcount|p1: Gliscor|2
|
|-end|p2a: Iron King|move: Taunt
|upkeep
|
|t:|1757923498
|switch|p1a: Garganacl|Garganacl, F|100/100
|turn|11
|
|t:|1757923504
|-terastallize|p1a: Garganacl|Ground
|move|p2a: Iron King|Tachyon Cutter|p1a: Garganacl
|-damage|p1a: Garganacl|66/100
|-damage|p1a: Garganacl|29/100
|-hitcount|p1a: Garganacl|2
|move|p1a: Garganacl|Salt Cure|p2a: Iron King
|-resisted|p2a: Iron King
|-damage|p2a: Iron King|37/100
|-start|p2a: Iron King|Salt Cure
|
|-heal|p1a: Garganacl|35/100|[from] item: Leftovers
|-damage|p2a: Iron King|25/100|[from] Salt Cure
|upkeep
|turn|12
|
|t:|1757923512
|move|p2a: Iron King|Tachyon Cutter|p1a: Garganacl
|-damage|p1a: Garganacl|1/100
|-damage|p1a: Garganacl|0 fnt
|faint|p1a: Garganacl
|-hitcount|p1: Garganacl|2
|
|-damage|p2a: Iron King|13/100|[from] Salt Cure
|upkeep
|
|t:|1757923513
|switch|p1a: Kyurem|Kyurem|100/100
|-ability|p1a: Kyurem|Pressure
|turn|13
|
|t:|1757923518
|move|p2a: Iron King|Tachyon Cutter|p1a: Kyurem
|-supereffective|p1a: Kyurem
|-damage|p1a: Kyurem|4/100
|-supereffective|p1a: Kyurem
|-damage|p1a: Kyurem|0 fnt
|faint|p1a: Kyurem
|-hitcount|p1: Kyurem|2
|
|win|JoeSwanson96
|raw|emorawr79's rating: 1445 &rarr; <strong>1423</strong><br />(-22 for losing)
|raw|JoeSwanson96's rating: 1414 &rarr; <strong>1436</strong><br />(+22 for winning)
|c|☆JoeSwanson96|gg
|l|☆emorawr79
|player|p1|
|l|☆JoeSwanson96
|player|p2|
