|j|☆Envy cat
|j|☆peixedentrod'agua
|t:|1757786022
|gametype|singles
|player|p1|Envy cat|roughneck-gen4|1161
|player|p2|peixedentrod'agua|1|1118
|gen|9
|tier|[Gen 9] OU
|rated|
|rule|HP Percentage Mod: HP is shown in percentages
|rule|Endless Battle Clause: Forcing endless battles is banned
|rule|Species Clause: Limit one of each Pokémon
|rule|OHKO Clause: OHKO moves are banned
|rule|Evasion Items Clause: Evasion items are banned
|rule|Evasion Moves Clause: Evasion moves are banned
|rule|Evasion Abilities Clause: Evasion abilities are banned
|rule|Sleep Moves Clause: Sleep-inducing moves are banned
|clearpoke
|poke|p1|Zoroark-Hisui, M|
|poke|p1|Sandslash-Alola, F|
|poke|p1|Kyurem|
|poke|p1|Lanturn, F|
|poke|p1|Landorus-Therian, M|
|poke|p1|Scrafty, F|
|poke|p2|Mandibuzz, F|
|poke|p2|Floatzel, M|
|poke|p2|Haxorus, M|
|poke|p2|Chandelure, F|
|poke|p2|Scrafty, M|
|poke|p2|Dragalge, M|
|teampreview
|inactive|Battle timer is ON: inactive players will automatically lose when time's up. (requested by peixedentrod'agua)
|
|t:|1757786027
|teamsize|p1|6
|teamsize|p2|6
|start
|switch|p1a: Não pode ser|Landorus-Therian, M|100/100
|switch|p2a: Mandibuzz|Mandibuzz, F|100/100
|-ability|p1a: Não pode ser|Intimidate|boost
|-unboost|p2a: Mandibuzz|atk|1
|turn|1
|
|t:|1757786033
|move|p1a: Não pode ser|Stealth Rock|p2a: Mandibuzz
|-sidestart|p2: peixedentrod'agua|move: Stealth Rock
|move|p2a: Mandibuzz|Knock Off|p1a: Não pode ser
|-damage|p1a: Não pode ser|81/100
|-enditem|p1a: Não pode ser|Soft Sand|[from] move: Knock Off|[of] p2a: Mandibuzz
|
|upkeep
|turn|2
|
|t:|1757786039
|move|p1a: Não pode ser|U-turn|p2a: Mandibuzz
|-damage|p2a: Mandibuzz|86/100
|
|t:|1757786044
|switch|p1a: Mas tem que ser|Lanturn, F|100/100|[from] U-turn
|move|p2a: Mandibuzz|Toxic|p1a: Mas tem que ser|[miss]
|-miss|p2a: Mandibuzz|p1a: Mas tem que ser
|
|-heal|p2a: Mandibuzz|92/100|[from] item: Leftovers
|upkeep
|turn|3
|
|t:|1757786053
|move|p2a: Mandibuzz|Defog|p1a: Mas tem que ser
|-unboost|p1a: Mas tem que ser|evasion|1
|-sideend|p2: peixedentrod'agua|Stealth Rock|[from] move: Defog|[of] p2a: Mandibuzz
|move|p1a: Mas tem que ser|Thunderbolt|p2a: Mandibuzz
|-supereffective|p2a: Mandibuzz
|-damage|p2a: Mandibuzz|40/100
|
|-heal|p2a: Mandibuzz|46/100|[from] item: Leftovers
|upkeep
|turn|4
|
|t:|1757786067
|switch|p2a: Dragalge|Dragalge, M|100/100
|move|p1a: Mas tem que ser|Flip Turn|p2a: Dragalge
|-resisted|p2a: Dragalge
|-damage|p2a: Dragalge|95/100
|
|t:|1757786078
|switch|p1a: Não pode ser|Landorus-Therian, M|81/100|[from] Flip Turn
|-ability|p1a: Não pode ser|Intimidate|boost
|-unboost|p2a: Dragalge|atk|1
|
|upkeep
|turn|5
|
|t:|1757786095
|move|p1a: Não pode ser|Earth Power|p2a: Dragalge
|-supereffective|p2a: Dragalge
|-damage|p2a: Dragalge|54/100
|move|p2a: Dragalge|Flip Turn|p1a: Não pode ser
|-supereffective|p1a: Não pode ser
|-damage|p1a: Não pode ser|64/100
|
|t:|1757786106
|switch|p2a: Floatzel|Floatzel, M|100/100|[from] Flip Turn
|
|upkeep
|turn|6
|
|t:|1757786115
|move|p2a: Floatzel|Ice Spinner|p1a: Não pode ser
|-supereffective|p1a: Não pode ser
|-damage|p1a: Não pode ser|0 fnt
|faint|p1a: Não pode ser
|
|upkeep
|
|t:|1757786122
|switch|p1a: Olha a cobra!!|Scrafty, F|100/100
|turn|7
|
|t:|1757786128
|switch|p2a: Scrafty|Scrafty, M|100/100
|-ability|p2a: Scrafty|Intimidate|boost
|-unboost|p1a: Olha a cobra!!|atk|1
|move|p1a: Olha a cobra!!|Snowscape|p1a: Olha a cobra!!
|-weather|Snowscape
|
|-weather|Snowscape|[upkeep]
|upkeep
|turn|8
|
|t:|1757786136
|move|p1a: Olha a cobra!!|Focus Blast|p2a: Scrafty
|-supereffective|p2a: Scrafty
|-damage|p2a: Scrafty|31/100
|move|p2a: Scrafty|Crunch|p1a: Olha a cobra!!
|-supereffective|p1a: Olha a cobra!!
|-damage|p1a: Olha a cobra!!|0 fnt
|replace|p1a: É mentira!!!|Zoroark-Hisui, M, shiny
|-end|p1a: É mentira!!!|Illusion
|faint|p1a: É mentira!!!
|
|-weather|Snowscape|[upkeep]
|upkeep
|
|t:|1757786145
|switch|p1a: PARABÉNS MEU AMOR|Sandslash-Alola, F|100/100
|turn|9
|
|t:|1757786151
|move|p1a: PARABÉNS MEU AMOR|Ice Spinner|p2a: Scrafty
|-crit|p2a: Scrafty
|-damage|p2a: Scrafty|0 fnt
|-damage|p1a: PARABÉNS MEU AMOR|84/100|[from] item: Rocky Helmet|[of] p2a: Scrafty
|faint|p2a: Scrafty
|
|-weather|Snowscape|[upkeep]
|upkeep
|
|t:|1757786171
|switch|p2a: Haxorus|Haxorus, M|100/100
|-ability|p2a: Haxorus|Mold Breaker
|turn|10
|
|t:|1757786175
|move|p1a: PARABÉNS MEU AMOR|Ice Spinner|p2a: Haxorus
|-supereffective|p2a: Haxorus
|-enditem|p2a: Haxorus|Focus Sash
|-damage|p2a: Haxorus|1/100
|move|p2a: Haxorus|Earthquake|p1a: PARABÉNS MEU AMOR
|-supereffective|p1a: PARABÉNS MEU AMOR
|-damage|p1a: PARABÉNS MEU AMOR|29/100
|
|-weather|Snowscape|[upkeep]
|upkeep
|turn|11
|
|t:|1757786186
|switch|p2a: Floatzel|Floatzel, M|100/100
|move|p1a: PARABÉNS MEU AMOR|Rapid Spin|p2a: Floatzel
|-damage|p2a: Floatzel|72/100
|-boost|p1a: PARABÉNS MEU AMOR|spe|1
|
|-weather|Snowscape|[upkeep]
|upkeep
|turn|12
|
|t:|1757786195
|-terastallize|p1a: PARABÉNS MEU AMOR|Electric
|move|p1a: PARABÉNS MEU AMOR|Tera Blast|p2a: Floatzel|[anim] Tera Blast Electric
|-supereffective|p2a: Floatzel
|-damage|p2a: Floatzel|0 fnt
|faint|p2a: Floatzel
|
|-weather|Snowscape|[upkeep]
|upkeep
|
|t:|1757786203
|switch|p2a: Haxorus|Haxorus, M|1/100
|-ability|p2a: Haxorus|Mold Breaker
|turn|13
|
|t:|1757786207
|move|p2a: Haxorus|First Impression|p1a: PARABÉNS MEU AMOR
|-damage|p1a: PARABÉNS MEU AMOR|0 fnt
|faint|p1a: PARABÉNS MEU AMOR
|
|-weather|Snowscape|[upkeep]
|upkeep
|
|t:|1757786211
|switch|p1a: PFVR MEU AMOR|Kyurem, shiny|100/100
|-ability|p1a: PFVR MEU AMOR|Pressure
|turn|14
|
|t:|1757786220
|switch|p2a: Dragalge|Dragalge, M|54/100
|move|p1a: PFVR MEU AMOR|Dragon Claw|p2a: Dragalge
|-supereffective|p2a: Dragalge
|-damage|p2a: Dragalge|0 fnt
|faint|p2a: Dragalge
|
|-weather|none
|upkeep
|
|t:|1757786230
|switch|p2a: Mandibuzz|Mandibuzz, F|46/100
|turn|15
|
|t:|1757786236
|move|p1a: PFVR MEU AMOR|Dragon Dance|p1a: PFVR MEU AMOR
|-boost|p1a: PFVR MEU AMOR|atk|1
|-boost|p1a: PFVR MEU AMOR|spe|1
|move|p2a: Mandibuzz|Knock Off|p1a: PFVR MEU AMOR
|-damage|p1a: PFVR MEU AMOR|78/100
|-enditem|p1a: PFVR MEU AMOR|Big Nugget|[from] move: Knock Off|[of] p2a: Mandibuzz
|
|-heal|p2a: Mandibuzz|53/100|[from] item: Leftovers
|upkeep
|turn|16
|
|t:|1757786245
|move|p1a: PFVR MEU AMOR|Ice Fang|p2a: Mandibuzz
|-supereffective|p2a: Mandibuzz
|-damage|p2a: Mandibuzz|0 fnt
|faint|p2a: Mandibuzz
|
|upkeep
|
|t:|1757786252
|switch|p2a: Haxorus|Haxorus, M|1/100
|-ability|p2a: Haxorus|Mold Breaker
|turn|17
|
|t:|1757786256
|move|p2a: Haxorus|First Impression|p1a: PFVR MEU AMOR
|-damage|p1a: PFVR MEU AMOR|40/100
|move|p1a: PFVR MEU AMOR|Dragon Claw|p2a: Haxorus
|-supereffective|p2a: Haxorus
|-crit|p2a: Haxorus
|-damage|p2a: Haxorus|0 fnt
|faint|p2a: Haxorus
|
|upkeep
|
|t:|1757786261
|switch|p2a: Chandelure|Chandelure, F|100/100
|turn|18
|
|t:|1757786269
|-terastallize|p2a: Chandelure|Ghost
|move|p1a: PFVR MEU AMOR|Dragon Claw|p2a: Chandelure
|-damage|p2a: Chandelure|7/100
|move|p2a: Chandelure|Shadow Ball|p1a: PFVR MEU AMOR
|-damage|p1a: PFVR MEU AMOR|0 fnt
|faint|p1a: PFVR MEU AMOR
|
|upkeep
|
|t:|1757786275
|switch|p1a: Olha a cobra!!|Scrafty, F|100/100
|-ability|p1a: Olha a cobra!!|Intimidate|boost
|-unboost|p2a: Chandelure|atk|1
|turn|19
|
|t:|1757786282
|move|p2a: Chandelure|Shadow Ball|p1a: Olha a cobra!!
|-resisted|p1a: Olha a cobra!!
|-damage|p1a: Olha a cobra!!|63/100
|move|p1a: Olha a cobra!!|Knock Off|p2a: Chandelure
|-supereffective|p2a: Chandelure
|-damage|p2a: Chandelure|0 fnt
|-enditem|p2a: Chandelure|Choice Scarf|[from] move: Knock Off|[of] p1a: Olha a cobra!!
|faint|p2a: Chandelure
|
|win|Envy cat
|raw|Envy cat's rating: 1161 &rarr; <strong>1183</strong><br />(+22 for winning)
|raw|peixedentrod&apos;agua's rating: 1118 &rarr; <strong>1096</strong><br />(-22 for losing)
|l|☆peixedentrod'agua
|player|p2|
|l|☆Envy cat
|player|p1|
