|j|☆peach boy test
|j|☆HaventPlayed4Years
|t:|1757834138
|gametype|singles
|player|p1|peach boy test|drayden|1181
|player|p2|HaventPlayed4Years|ghetsis|1222
|gen|9
|tier|[Gen 9] OU
|rated|
|rule|HP Percentage Mod: HP is shown in percentages
|rule|Endless Battle Clause: Forcing endless battles is banned
|rule|Species Clause: Limit one of each Pokémon
|rule|OHKO Clause: OHKO moves are banned
|rule|Evasion Items Clause: Evasion items are banned
|rule|Evasion Moves Clause: Evasion moves are banned
|rule|Evasion Abilities Clause: Evasion abilities are banned
|rule|Sleep Moves Clause: Sleep-inducing moves are banned
|clearpoke
|poke|p1|Iron Hands|
|poke|p1|Moltres|
|poke|p1|Oricorio-Sensu, M|
|poke|p1|Weezing-Galar, F|
|poke|p1|Garchomp, F|
|poke|p1|Lokix, F|
|poke|p2|Scream Tail|
|poke|p2|Iron Treads|
|poke|p2|Ogerpon-Wellspring, F|
|poke|p2|Incineroar, M|
|poke|p2|Raging Bolt|
|poke|p2|Primarina, M|
|teampreview
|inactive|Battle timer is ON: inactive players will automatically lose when time's up. (requested by peach boy test)
|c|☆peach boy test|glhf
|c|☆peach boy test|:)
|
|t:|1757834158
|teamsize|p1|6
|teamsize|p2|6
|start
|switch|p1a: Garth Champ|Garchomp, F|100/100
|switch|p2a: Raging Bolt|Raging Bolt|100/100
|turn|1
|
|t:|1757834165
|switch|p1a: walling Geezer|Weezing-Galar, F|100/100
|-ability|p1a: walling Geezer|Neutralizing Gas
|move|p2a: Raging Bolt|Dragon Pulse|p1a: walling Geezer
|-immune|p1a: walling Geezer
|
|upkeep
|turn|2
|
|t:|1757834170
|-end|p2a: Raging Bolt|Protosynthesis|[silent]
|switch|p2a: Iron Treads|Iron Treads|100/100
|move|p1a: walling Geezer|Strange Steam|p2a: Iron Treads
|-resisted|p2a: Iron Treads
|-damage|p2a: Iron Treads|80/100
|
|-heal|p2a: Iron Treads|86/100|[from] item: Leftovers
|upkeep
|turn|3
|
|t:|1757834176
|move|p2a: Iron Treads|Earthquake|p1a: walling Geezer
|-supereffective|p1a: walling Geezer
|-damage|p1a: walling Geezer|35/100
|move|p1a: walling Geezer|Will-O-Wisp|p2a: Iron Treads|[miss]
|-miss|p1a: walling Geezer|p2a: Iron Treads
|
|-heal|p2a: Iron Treads|92/100|[from] item: Leftovers
|upkeep
|turn|4
|
|t:|1757834184
|-end|p1a: walling Geezer|ability: Neutralizing Gas
|switch|p1a: trawl mez|Moltres|100/100
|move|p2a: Iron Treads|Earthquake|p1a: trawl mez
|-immune|p1a: trawl mez
|
|-heal|p2a: Iron Treads|98/100|[from] item: Leftovers
|upkeep
|turn|5
|
|t:|1757834189
|-end|p2a: Iron Treads|Quark Drive|[silent]
|switch|p2a: Raging Bolt|Raging Bolt|100/100
|move|p1a: trawl mez|Flamethrower|p2a: Raging Bolt
|-resisted|p2a: Raging Bolt
|-damage|p2a: Raging Bolt|83/100
|
|upkeep
|turn|6
|
|t:|1757834194
|switch|p1a: Garth Champ|Garchomp, F|100/100
|move|p2a: Raging Bolt|Dragon Pulse|p1a: Garth Champ
|-supereffective|p1a: Garth Champ
|-damage|p1a: Garth Champ|0 fnt
|faint|p1a: Garth Champ
|
|upkeep
|c|☆peach boy test|oh great read
|
|t:|1757834202
|switch|p1a: walling Geezer|Weezing-Galar, F|35/100
|-ability|p1a: walling Geezer|Neutralizing Gas
|turn|7
|c|☆HaventPlayed4Years|:)
|
|t:|1757834222
|-end|p2a: Raging Bolt|Protosynthesis|[silent]
|switch|p2a: Scream Tail|Scream Tail|100/100
|move|p1a: walling Geezer|Pain Split|p2a: Scream Tail
|-sethp|p2a: Scream Tail|64/100|[from] move: Pain Split|[silent]
|-sethp|p1a: walling Geezer|83/100|[from] move: Pain Split
|
|upkeep
|turn|8
|
|t:|1757834232
|move|p2a: Scream Tail|Encore|p1a: walling Geezer
|-start|p1a: walling Geezer|Encore
|move|p1a: walling Geezer|Pain Split|p2a: Scream Tail
|-sethp|p2a: Scream Tail|64/100|[from] move: Pain Split|[silent]
|-sethp|p1a: walling Geezer|83/100|[from] move: Pain Split
|
|upkeep
|turn|9
|
|t:|1757834237
|-end|p1a: walling Geezer|ability: Neutralizing Gas
|switch|p1a: Ollie Corio|Oricorio-Sensu, M|100/100
|-enditem|p2a: Scream Tail|Booster Energy
|-activate|p2a: Scream Tail|ability: Protosynthesis|[fromitem]
|-start|p2a: Scream Tail|protosynthesisspe
|move|p2a: Scream Tail|Wish|p2a: Scream Tail
|
|upkeep
|turn|10
|
|t:|1757834262
|-end|p2a: Scream Tail|Protosynthesis|[silent]
|switch|p2a: Raging Bolt|Raging Bolt|83/100
|move|p1a: Ollie Corio|Taunt|p2a: Raging Bolt
|-start|p2a: Raging Bolt|move: Taunt
|
|-heal|p2a: Raging Bolt|100/100|[from] move: Wish|[wisher] Scream Tail
|upkeep
|turn|11
|
|t:|1757834285
|move|p1a: Ollie Corio|Quiver Dance|p1a: Ollie Corio
|-boost|p1a: Ollie Corio|spa|1
|-boost|p1a: Ollie Corio|spd|1
|-boost|p1a: Ollie Corio|spe|1
|move|p2a: Raging Bolt|Thunderbolt|p1a: Ollie Corio
|-supereffective|p1a: Ollie Corio
|-damage|p1a: Ollie Corio|0 fnt
|faint|p1a: Ollie Corio
|
|upkeep
|
|t:|1757834288
|switch|p1a: Ramen Kaider|Lokix, F|100/100
|turn|12
|
|t:|1757834292
|-terastallize|p1a: Ramen Kaider|Bug
|move|p1a: Ramen Kaider|First Impression|p2a: Raging Bolt
|-damage|p2a: Raging Bolt|43/100
|move|p2a: Raging Bolt|Thunderbolt|p1a: Ramen Kaider
|-damage|p1a: Ramen Kaider|0 fnt
|faint|p1a: Ramen Kaider
|
|-end|p2a: Raging Bolt|move: Taunt
|upkeep
|
|t:|1757834298
|switch|p1a: Brian Hands|Iron Hands|100/100
|-enditem|p1a: Brian Hands|Booster Energy
|-activate|p1a: Brian Hands|ability: Quark Drive|[fromitem]
|-start|p1a: Brian Hands|quarkdriveatk
|turn|13
|
|t:|1757834306
|-end|p2a: Raging Bolt|Protosynthesis|[silent]
|switch|p2a: Scream Tail|Scream Tail|64/100
|move|p1a: Brian Hands|Ice Punch|p2a: Scream Tail
|-damage|p2a: Scream Tail|32/100
|
|upkeep
|turn|14
|
|t:|1757834317
|move|p2a: Scream Tail|Protect|p2a: Scream Tail
|-singleturn|p2a: Scream Tail|Protect
|move|p1a: Brian Hands|Ice Punch|p2a: Scream Tail
|-activate|p2a: Scream Tail|move: Protect
|
|upkeep
|turn|15
|
|t:|1757834328
|move|p2a: Scream Tail|Disable|p1a: Brian Hands
|-start|p1a: Brian Hands|Disable|Ice Punch
|cant|p1a: Brian Hands|Disable|Ice Punch
|
|upkeep
|turn|16
|
|t:|1757834336
|-end|p2a: Scream Tail|Protosynthesis|[silent]
|switch|p2a: Iron Treads|Iron Treads|98/100
|-end|p1a: Brian Hands|Quark Drive|[silent]
|switch|p1a: trawl mez|Moltres|100/100
|
|-heal|p2a: Iron Treads|100/100|[from] item: Leftovers
|upkeep
|turn|17
|
|t:|1757834354
|-end|p2a: Iron Treads|Quark Drive|[silent]
|switch|p2a: Primarina|Primarina, M|100/100
|move|p1a: trawl mez|Flamethrower|p2a: Primarina
|-resisted|p2a: Primarina
|-damage|p2a: Primarina|85/100
|
|-heal|p2a: Primarina|92/100|[from] item: Leftovers
|upkeep
|turn|18
|
|t:|1757834360
|switch|p1a: walling Geezer|Weezing-Galar, F|83/100
|-ability|p1a: walling Geezer|Neutralizing Gas
|move|p2a: Primarina|Psychic Noise|p1a: walling Geezer
|-supereffective|p1a: walling Geezer
|-damage|p1a: walling Geezer|8/100
|-start|p1a: walling Geezer|move: Heal Block
|
|-heal|p2a: Primarina|98/100|[from] item: Leftovers
|upkeep
|turn|19
|
|t:|1757834382
|move|p2a: Primarina|Psychic Noise|p1a: walling Geezer
|-supereffective|p1a: walling Geezer
|-damage|p1a: walling Geezer|0 fnt
|faint|p1a: walling Geezer
|-end|p1a: walling Geezer|ability: Neutralizing Gas
|
|-heal|p2a: Primarina|100/100|[from] item: Leftovers
|upkeep
|
|t:|1757834385
|switch|p1a: Brian Hands|Iron Hands|100/100
|turn|20
|
|t:|1757834399
|switch|p2a: Iron Treads|Iron Treads|100/100
|move|p1a: Brian Hands|Thunder Punch|p2a: Iron Treads
|-immune|p2a: Iron Treads
|
|upkeep
|turn|21
|
|t:|1757834410
|-end|p2a: Iron Treads|Quark Drive|[silent]
|switch|p2a: Primarina|Primarina, M|100/100
|move|p1a: Brian Hands|Drain Punch|p2a: Primarina
|-resisted|p2a: Primarina
|-damage|p2a: Primarina|73/100
|
|-heal|p2a: Primarina|79/100|[from] item: Leftovers
|upkeep
|turn|22
|
|t:|1757834419
|switch|p2a: Scream Tail|Scream Tail|32/100
|move|p1a: Brian Hands|Thunder Punch|p2a: Scream Tail
|-damage|p2a: Scream Tail|0 fnt
|faint|p2a: Scream Tail
|-end|p2a: Scream Tail|Protosynthesis|[silent]
|
|upkeep
|c|☆peach boy test|whew not a 6-0 at least lol
|
|t:|1757834434
|switch|p2a: Iron Treads|Iron Treads|100/100
|turn|23
|
|t:|1757834438
|move|p2a: Iron Treads|Earthquake|p1a: Brian Hands
|-supereffective|p1a: Brian Hands
|-damage|p1a: Brian Hands|38/100
|move|p1a: Brian Hands|Drain Punch|p2a: Iron Treads
|-supereffective|p2a: Iron Treads
|-damage|p2a: Iron Treads|14/100
|-heal|p1a: Brian Hands|69/100|[from] drain|[of] p2a: Iron Treads
|
|-heal|p2a: Iron Treads|20/100|[from] item: Leftovers
|upkeep
|turn|24
|
|t:|1757834445
|move|p2a: Iron Treads|Earthquake|p1a: Brian Hands
|-supereffective|p1a: Brian Hands
|-damage|p1a: Brian Hands|1/100
|move|p1a: Brian Hands|Drain Punch|p2a: Iron Treads
|-supereffective|p2a: Iron Treads
|-damage|p2a: Iron Treads|0 fnt
|-heal|p1a: Brian Hands|9/100|[from] drain|[of] p2a: Iron Treads
|faint|p2a: Iron Treads
|-end|p2a: Iron Treads|Quark Drive|[silent]
|
|upkeep
|
|t:|1757834455
|switch|p2a: Incineroar|Incineroar, M|100/100
|-ability|p2a: Incineroar|Intimidate|boost
|-unboost|p1a: Brian Hands|atk|1
|turn|25
|
|t:|1757834458
|move|p2a: Incineroar|Fake Out|p1a: Brian Hands
|-damage|p1a: Brian Hands|1/100
|cant|p1a: Brian Hands|flinch
|
|upkeep
|turn|26
|
|t:|1757834467
|switch|p2a: Primarina|Primarina, M|79/100
|move|p1a: Brian Hands|Drain Punch|p2a: Primarina
|-resisted|p2a: Primarina
|-damage|p2a: Primarina|60/100
|-heal|p1a: Brian Hands|9/100|[from] drain|[of] p2a: Primarina
|
|-heal|p2a: Primarina|66/100|[from] item: Leftovers
|upkeep
|turn|27
|
|t:|1757834490
|move|p1a: Brian Hands|Thunder Punch|p2a: Primarina
|-supereffective|p2a: Primarina
|-crit|p2a: Primarina
|-damage|p2a: Primarina|0 fnt
|faint|p2a: Primarina
|
|upkeep
|
|t:|1757834496
|switch|p2a: Ogerpon|Ogerpon-Wellspring, F|100/100
|turn|28
|c|☆peach boy test|oh didn't think id outspeed tbh
|
|t:|1757834507
|move|p2a: Ogerpon|Ivy Cudgel|p1a: Brian Hands|[anim] Ivy Cudgel Water
|-damage|p1a: Brian Hands|0 fnt
|faint|p1a: Brian Hands
|-end|p1a: Brian Hands|Quark Drive|[silent]
|
|upkeep
|
|t:|1757834508
|switch|p1a: trawl mez|Moltres|100/100
|turn|29
|
|t:|1757834515
|move|p2a: Ogerpon|Ivy Cudgel|p1a: trawl mez|[anim] Ivy Cudgel Water
|-supereffective|p1a: trawl mez
|-damage|p1a: trawl mez|23/100
|move|p1a: trawl mez|U-turn|p2a: Ogerpon
|-supereffective|p2a: Ogerpon
|-damage|p2a: Ogerpon|63/100
|
|upkeep
|turn|30
|c|☆peach boy test|ggwp!
|
|t:|1757834519
|move|p2a: Ogerpon|Ivy Cudgel|p1a: trawl mez|[anim] Ivy Cudgel Water
|-supereffective|p1a: trawl mez
|-damage|p1a: trawl mez|0 fnt
|faint|p1a: trawl mez
|
|win|HaventPlayed4Years
|raw|peach boy test's rating: 1181 &rarr; <strong>1159</strong><br />(-22 for losing)
|raw|HaventPlayed4Years's rating: 1222 &rarr; <strong>1244</strong><br />(+22 for winning)
|c|☆HaventPlayed4Years|Gg!
|l|☆HaventPlayed4Years
|player|p2|
|l|☆peach boy test
|player|p1|
