|j|☆roxty
|j|☆Bhramastra
|t:|1757929751
|gametype|singles
|player|p1|roxty|102|1555
|player|p2|Bhramastra|1|1592
|gen|9
|tier|[Gen 9] OU
|rated|
|rule|HP Percentage Mod: HP is shown in percentages
|rule|Endless Battle Clause: Forcing endless battles is banned
|rule|Species Clause: Limit one of each Pokémon
|rule|OHKO Clause: OHKO moves are banned
|rule|Evasion Items Clause: Evasion items are banned
|rule|Evasion Moves Clause: Evasion moves are banned
|rule|Evasion Abilities Clause: Evasion abilities are banned
|rule|Sleep Moves Clause: Sleep-inducing moves are banned
|clearpoke
|poke|p1|Gliscor, F|
|poke|p1|Blissey, F|
|poke|p1|Clefable, F|
|poke|p1|Toxapex, F|
|poke|p1|Dondozo, F|
|poke|p1|Corviknight, M|
|poke|p2|Ursaluna, M|
|poke|p2|Hatterene, F|
|poke|p2|Primarina, F|
|poke|p2|Iron Hands|
|poke|p2|Cresselia, F|
|poke|p2|Kingambit, F|
|teampreview
|
|t:|1757929765
|teamsize|p1|6
|teamsize|p2|6
|start
|switch|p1a: Gliscor|Gliscor, F, shiny|100/100
|switch|p2a: Cresselia|Cresselia, F|100/100
|turn|1
|
|t:|1757929772
|move|p1a: Gliscor|Protect|p1a: Gliscor
|-singleturn|p1a: Gliscor|Protect
|move|p2a: Cresselia|Ice Beam|p1a: Gliscor
|-activate|p1a: Gliscor|move: Protect
|
|-status|p1a: Gliscor|tox|[from] item: Toxic Orb
|upkeep
|turn|2
|
|t:|1757929777
|switch|p1a: Clefable|Clefable, F|100/100
|move|p2a: Cresselia|Trick Room|p2a: Cresselia
|-fieldstart|move: Trick Room|[of] p2a: Cresselia
|
|upkeep
|turn|3
|
|t:|1757929782
|move|p1a: Clefable|Knock Off|p2a: Cresselia
|-supereffective|p2a: Cresselia
|-damage|p2a: Cresselia|87/100
|-enditem|p2a: Cresselia|Rocky Helmet|[from] move: Knock Off|[of] p1a: Clefable
|move|p2a: Cresselia|Lunar Dance|p2a: Cresselia
|faint|p2a: Cresselia
|
|upkeep
|
|t:|1757929784
|switch|p2a: Ursaluna|Ursaluna, M|100/100
|turn|4
|
|t:|1757929798
|switch|p2a: Iron Hands|Iron Hands|100/100
|move|p1a: Clefable|Stealth Rock|p2a: Iron Hands
|-sidestart|p2: Bhramastra|move: Stealth Rock
|
|upkeep
|turn|5
|
|t:|1757929802
|move|p2a: Iron Hands|Belly Drum|p2a: Iron Hands
|-damage|p2a: Iron Hands|50/100
|-setboost|p2a: Iron Hands|atk|6|[from] move: Belly Drum
|-enditem|p2a: Iron Hands|Sitrus Berry|[eat]
|-heal|p2a: Iron Hands|75/100|[from] item: Sitrus Berry
|move|p1a: Clefable|Knock Off|p2a: Iron Hands
|-resisted|p2a: Iron Hands
|-damage|p2a: Iron Hands|72/100
|
|upkeep
|turn|6
|
|t:|1757929810
|move|p2a: Iron Hands|Drain Punch|p1a: Clefable
|-resisted|p1a: Clefable
|-damage|p1a: Clefable|37/100
|-heal|p2a: Iron Hands|99/100|[from] drain|[of] p1a: Clefable
|move|p1a: Clefable|Moonblast|p2a: Iron Hands
|-supereffective|p2a: Iron Hands
|-damage|p2a: Iron Hands|54/100
|
|-fieldend|move: Trick Room
|-damage|p2a: Iron Hands|41/100|[from] item: Sticky Barb
|upkeep
|turn|7
|inactive|Battle timer is ON: inactive players will automatically lose when time's up. (requested by Bhramastra)
|
|t:|1757929821
|move|p1a: Clefable|Moonlight|p1a: Clefable
|-heal|p1a: Clefable|87/100
|move|p2a: Iron Hands|Drain Punch|p1a: Clefable
|-resisted|p1a: Clefable
|-damage|p1a: Clefable|23/100
|-heal|p2a: Iron Hands|69/100|[from] drain|[of] p1a: Clefable
|
|-damage|p2a: Iron Hands|57/100|[from] item: Sticky Barb
|upkeep
|turn|8
|
|t:|1757929830
|move|p1a: Clefable|Moonblast|p2a: Iron Hands
|-supereffective|p2a: Iron Hands
|-damage|p2a: Iron Hands|16/100
|move|p2a: Iron Hands|Drain Punch|p1a: Clefable
|-resisted|p1a: Clefable
|-damage|p1a: Clefable|0 fnt
|-heal|p2a: Iron Hands|26/100|[from] drain|[of] p1a: Clefable
|faint|p1a: Clefable
|
|-damage|p2a: Iron Hands|14/100|[from] item: Sticky Barb
|upkeep
|
|t:|1757929841
|switch|p1a: Corviknight|Corviknight, M, shiny|100/100
|-ability|p1a: Corviknight|Pressure
|turn|9
|
|t:|1757929845
|-end|p2a: Iron Hands|Quark Drive|[silent]
|switch|p2a: Hatterene|Hatterene, F|100/100
|-damage|p2a: Hatterene|88/100|[from] Stealth Rock
|move|p1a: Corviknight|Protect||[still]
|-fail|p1a: Corviknight
|
|upkeep
|turn|10
|
|t:|1757929851
|switch|p1a: Blissey|Blissey, F|100/100
|move|p2a: Hatterene|Trick Room|p2a: Hatterene
|-fieldstart|move: Trick Room|[of] p2a: Hatterene
|
|upkeep
|turn|11
|
|t:|1757929857
|move|p2a: Hatterene|Healing Wish|p2a: Hatterene
|faint|p2a: Hatterene
|move|p1a: Blissey|Seismic Toss|p2: Hatterene|[notarget]
|-fail|p1a: Blissey
|
|upkeep
|
|t:|1757929861
|switch|p2a: Ursaluna|Ursaluna, M|100/100
|-damage|p2a: Ursaluna|94/100|[from] Stealth Rock
|turn|12
|
|t:|1757929874
|switch|p1a: Dondozo|Dondozo, F, shiny|100/100
|move|p2a: Ursaluna|Swords Dance|p2a: Ursaluna
|-boost|p2a: Ursaluna|atk|2
|
|-status|p2a: Ursaluna|brn|[from] item: Flame Orb
|upkeep
|turn|13
|
|t:|1757929880
|-terastallize|p2a: Ursaluna|Normal
|move|p1a: Dondozo|Rest|p1a: Dondozo
|-fail|p1a: Dondozo|heal
|move|p2a: Ursaluna|Facade|p1a: Dondozo
|-damage|p1a: Dondozo|24/100
|
|-damage|p2a: Ursaluna|88/100 brn|[from] brn
|upkeep
|turn|14
|
|t:|1757929890
|move|p1a: Dondozo|Rest|p1a: Dondozo
|-status|p1a: Dondozo|slp|[from] move: Rest
|-heal|p1a: Dondozo|100/100 slp|[silent]
|move|p2a: Ursaluna|Facade|p1a: Dondozo
|-damage|p1a: Dondozo|28/100 slp
|
|-damage|p2a: Ursaluna|82/100 brn|[from] brn
|-fieldend|move: Trick Room
|upkeep
|turn|15
|
|t:|1757929901
|move|p2a: Ursaluna|Facade|p1a: Dondozo
|-damage|p1a: Dondozo|0 fnt
|faint|p1a: Dondozo
|
|-damage|p2a: Ursaluna|75/100 brn|[from] brn
|upkeep
|
|t:|1757929903
|switch|p1a: Corviknight|Corviknight, M, shiny|100/100
|-ability|p1a: Corviknight|Pressure
|turn|16
|
|t:|1757929907
|move|p1a: Corviknight|Substitute|p1a: Corviknight
|-start|p1a: Corviknight|Substitute
|-damage|p1a: Corviknight|76/100
|move|p2a: Ursaluna|Fire Punch|p1a: Corviknight
|-supereffective|p1a: Corviknight
|-end|p1a: Corviknight|Substitute
|
|-heal|p1a: Corviknight|82/100|[from] item: Leftovers
|-damage|p2a: Ursaluna|69/100 brn|[from] brn
|upkeep
|turn|17
|
|t:|1757929915
|switch|p2a: Primarina|Primarina, F|100/100
|-damage|p2a: Primarina|88/100|[from] Stealth Rock
|move|p1a: Corviknight|Protect||[still]
|-fail|p1a: Corviknight
|
|-heal|p1a: Corviknight|88/100|[from] item: Leftovers
|upkeep
|turn|18
|
|t:|1757929928
|switch|p1a: Blissey|Blissey, F|100/100
|move|p2a: Primarina|Flip Turn|p1a: Blissey
|-damage|p1a: Blissey|81/100
|
|t:|1757929934
|switch|p2a: Iron Hands|Iron Hands|14/100|[from] Flip Turn
|-heal|p2a: Iron Hands|100/100|[from] move: Lunar Dance
|-damage|p2a: Iron Hands|94/100|[from] Stealth Rock
|
|-damage|p2a: Iron Hands|82/100|[from] item: Sticky Barb
|upkeep
|turn|19
|
|t:|1757929940
|switch|p1a: Toxapex|Toxapex, F, shiny|100/100
|move|p2a: Iron Hands|Ice Punch|p1a: Toxapex
|-resisted|p1a: Toxapex
|-damage|p1a: Toxapex|90/100
|
|-damage|p2a: Iron Hands|69/100|[from] item: Sticky Barb
|upkeep
|turn|20
|
|t:|1757929943
|move|p2a: Iron Hands|Supercell Slam|p1a: Toxapex
|-supereffective|p1a: Toxapex
|-crit|p1a: Toxapex
|-damage|p1a: Toxapex|0 fnt
|faint|p1a: Toxapex
|
|-damage|p2a: Iron Hands|57/100|[from] item: Sticky Barb
|upkeep
|
|t:|1757929948
|switch|p1a: Corviknight|Corviknight, M, shiny|88/100
|-ability|p1a: Corviknight|Pressure
|turn|21
|
|t:|1757929951
|move|p1a: Corviknight|Substitute|p1a: Corviknight
|-start|p1a: Corviknight|Substitute
|-damage|p1a: Corviknight|63/100
|move|p2a: Iron Hands|Ice Punch|p1a: Corviknight
|-activate|p1a: Corviknight|move: Substitute|[damage]
|
|-heal|p1a: Corviknight|69/100|[from] item: Leftovers
|-damage|p2a: Iron Hands|44/100|[from] item: Sticky Barb
|upkeep
|turn|22
|
|t:|1757929957
|move|p1a: Corviknight|Spite|p2a: Iron Hands
|-activate|p2a: Iron Hands|move: Spite|Ice Punch|4
|move|p2a: Iron Hands|Drain Punch|p1a: Corviknight
|-end|p1a: Corviknight|Substitute
|-heal|p2a: Iron Hands|45/100|[from] drain|[of] p1a: Corviknight
|
|-heal|p1a: Corviknight|75/100|[from] item: Leftovers
|-damage|p2a: Iron Hands|32/100|[from] item: Sticky Barb
|upkeep
|turn|23
|
|t:|1757929967
|move|p1a: Corviknight|Substitute|p1a: Corviknight
|-start|p1a: Corviknight|Substitute
|-damage|p1a: Corviknight|50/100
|move|p2a: Iron Hands|Drain Punch|p1a: Corviknight
|-end|p1a: Corviknight|Substitute
|-heal|p2a: Iron Hands|44/100|[from] drain|[of] p1a: Corviknight
|
|-heal|p1a: Corviknight|56/100|[from] item: Leftovers
|-damage|p2a: Iron Hands|31/100|[from] item: Sticky Barb
|upkeep
|turn|24
|
|t:|1757929971
|move|p1a: Corviknight|Protect|p1a: Corviknight
|-singleturn|p1a: Corviknight|Protect
|move|p2a: Iron Hands|Drain Punch|p1a: Corviknight
|-activate|p1a: Corviknight|move: Protect
|
|-heal|p1a: Corviknight|62/100|[from] item: Leftovers
|-damage|p2a: Iron Hands|19/100|[from] item: Sticky Barb
|upkeep
|turn|25
|
|t:|1757929976
|move|p1a: Corviknight|Substitute|p1a: Corviknight
|-start|p1a: Corviknight|Substitute
|-damage|p1a: Corviknight|37/100
|move|p2a: Iron Hands|Supercell Slam|p1a: Corviknight
|-supereffective|p1a: Corviknight
|-end|p1a: Corviknight|Substitute
|
|-heal|p1a: Corviknight|43/100|[from] item: Leftovers
|-damage|p2a: Iron Hands|6/100|[from] item: Sticky Barb
|upkeep
|turn|26
|
|t:|1757929980
|move|p1a: Corviknight|Protect|p1a: Corviknight
|-singleturn|p1a: Corviknight|Protect
|move|p2a: Iron Hands|Supercell Slam|p1a: Corviknight
|-activate|p1a: Corviknight|move: Protect
|-damage|p2a: Iron Hands|0 fnt|[from] supercellslam
|faint|p2a: Iron Hands
|-end|p2a: Iron Hands|Quark Drive|[silent]
|
|-heal|p1a: Corviknight|49/100|[from] item: Leftovers
|upkeep
|j| wgw2333
|
|t:|1757929988
|switch|p2a: Ursaluna|Ursaluna, M, tera:Normal|69/100 brn
|-heal|p2a: Ursaluna|100/100|[from] move: Healing Wish
|-damage|p2a: Ursaluna|88/100|[from] Stealth Rock
|turn|27
|l| wgw2333
|
|t:|1757929995
|move|p1a: Corviknight|Roost|p1a: Corviknight
|-heal|p1a: Corviknight|99/100
|-singleturn|p1a: Corviknight|move: Roost
|move|p2a: Ursaluna|Fire Punch|p1a: Corviknight
|-supereffective|p1a: Corviknight
|-damage|p1a: Corviknight|49/100
|
|-heal|p1a: Corviknight|55/100|[from] item: Leftovers
|-status|p2a: Ursaluna|brn|[from] item: Flame Orb
|upkeep
|turn|28
|
|t:|1757930008
|move|p1a: Corviknight|Protect|p1a: Corviknight
|-singleturn|p1a: Corviknight|Protect
|move|p2a: Ursaluna|Fire Punch|p1a: Corviknight
|-activate|p1a: Corviknight|move: Protect
|
|-heal|p1a: Corviknight|61/100|[from] item: Leftovers
|-damage|p2a: Ursaluna|82/100 brn|[from] brn
|upkeep
|turn|29
|
|t:|1757930017
|move|p1a: Corviknight|Substitute|p1a: Corviknight
|-start|p1a: Corviknight|Substitute
|-damage|p1a: Corviknight|36/100
|move|p2a: Ursaluna|Fire Punch|p1a: Corviknight
|-supereffective|p1a: Corviknight
|-end|p1a: Corviknight|Substitute
|
|-heal|p1a: Corviknight|42/100|[from] item: Leftovers
|-damage|p2a: Ursaluna|75/100 brn|[from] brn
|upkeep
|turn|30
|
|t:|1757930029
|move|p1a: Corviknight|Protect|p1a: Corviknight
|-singleturn|p1a: Corviknight|Protect
|move|p2a: Ursaluna|Fire Punch|p1a: Corviknight
|-activate|p1a: Corviknight|move: Protect
|
|-heal|p1a: Corviknight|48/100|[from] item: Leftovers
|-damage|p2a: Ursaluna|69/100 brn|[from] brn
|upkeep
|turn|31
|
|t:|1757930035
|move|p1a: Corviknight|Substitute|p1a: Corviknight
|-start|p1a: Corviknight|Substitute
|-damage|p1a: Corviknight|23/100
|move|p2a: Ursaluna|Fire Punch|p1a: Corviknight
|-supereffective|p1a: Corviknight
|-end|p1a: Corviknight|Substitute
|
|-heal|p1a: Corviknight|29/100|[from] item: Leftovers
|-damage|p2a: Ursaluna|63/100 brn|[from] brn
|upkeep
|turn|32
|
|t:|1757930040
|move|p1a: Corviknight|Protect|p1a: Corviknight
|-singleturn|p1a: Corviknight|Protect
|move|p2a: Ursaluna|Facade|p1a: Corviknight
|-activate|p1a: Corviknight|move: Protect
|
|-heal|p1a: Corviknight|35/100|[from] item: Leftovers
|-damage|p2a: Ursaluna|57/100 brn|[from] brn
|upkeep
|turn|33
|
|t:|1757930046
|move|p1a: Corviknight|Roost|p1a: Corviknight
|-heal|p1a: Corviknight|85/100
|-singleturn|p1a: Corviknight|move: Roost
|move|p2a: Ursaluna|Fire Punch|p1a: Corviknight
|-supereffective|p1a: Corviknight
|-damage|p1a: Corviknight|11/100
|
|-heal|p1a: Corviknight|17/100|[from] item: Leftovers
|-damage|p2a: Ursaluna|50/100 brn|[from] brn
|upkeep
|turn|34
|
|t:|1757930052
|move|p1a: Corviknight|Protect|p1a: Corviknight
|-singleturn|p1a: Corviknight|Protect
|move|p2a: Ursaluna|Facade|p1a: Corviknight
|-activate|p1a: Corviknight|move: Protect
|
|-heal|p1a: Corviknight|23/100|[from] item: Leftovers
|-damage|p2a: Ursaluna|44/100 brn|[from] brn
|upkeep
|turn|35
|
|t:|1757930063
|switch|p1a: Gliscor|Gliscor, F, shiny|100/100 tox
|move|p2a: Ursaluna|Fire Punch|p1a: Gliscor
|-damage|p1a: Gliscor|67/100 tox
|
|-heal|p1a: Gliscor|80/100 tox|[from] ability: Poison Heal
|-damage|p2a: Ursaluna|38/100 brn|[from] brn
|upkeep
|turn|36
|
|t:|1757930069
|move|p1a: Gliscor|Protect|p1a: Gliscor
|-singleturn|p1a: Gliscor|Protect
|move|p2a: Ursaluna|Facade|p1a: Gliscor
|-activate|p1a: Gliscor|move: Protect
|
|-heal|p1a: Gliscor|92/100 tox|[from] ability: Poison Heal
|-damage|p2a: Ursaluna|32/100 brn|[from] brn
|upkeep
|turn|37
|
|t:|1757930079
|move|p1a: Gliscor|Spikes|p2a: Ursaluna
|-sidestart|p2: Bhramastra|Spikes
|move|p2a: Ursaluna|Facade|p1a: Gliscor
|-damage|p1a: Gliscor|0 fnt
|faint|p1a: Gliscor
|
|-damage|p2a: Ursaluna|25/100 brn|[from] brn
|upkeep
|
|t:|1757930084
|switch|p1a: Corviknight|Corviknight, M, shiny|23/100
|-ability|p1a: Corviknight|Pressure
|turn|38
|
|t:|1757930092
|move|p1a: Corviknight|Protect|p1a: Corviknight
|-singleturn|p1a: Corviknight|Protect
|move|p2a: Ursaluna|Fire Punch|p1a: Corviknight
|-activate|p1a: Corviknight|move: Protect
|
|-heal|p1a: Corviknight|29/100|[from] item: Leftovers
|-damage|p2a: Ursaluna|19/100 brn|[from] brn
|upkeep
|turn|39
|
|t:|1757930102
|move|p1a: Corviknight|Roost|p1a: Corviknight
|-heal|p1a: Corviknight|79/100
|-singleturn|p1a: Corviknight|move: Roost
|move|p2a: Ursaluna|Fire Punch|p1a: Corviknight
|-supereffective|p1a: Corviknight
|-damage|p1a: Corviknight|9/100
|
|-heal|p1a: Corviknight|15/100|[from] item: Leftovers
|-damage|p2a: Ursaluna|13/100 brn|[from] brn
|upkeep
|turn|40
|
|t:|1757930110
|move|p1a: Corviknight|Protect|p1a: Corviknight
|-singleturn|p1a: Corviknight|Protect
|move|p2a: Ursaluna|Swords Dance|p2a: Ursaluna
|-boost|p2a: Ursaluna|atk|2
|
|-heal|p1a: Corviknight|21/100|[from] item: Leftovers
|-damage|p2a: Ursaluna|7/100 brn|[from] brn
|upkeep
|turn|41
|
|t:|1757930120
|switch|p1a: Blissey|Blissey, F|81/100
|move|p2a: Ursaluna|Fire Punch|p1a: Blissey
|-damage|p1a: Blissey|0 fnt
|faint|p1a: Blissey
|
|-damage|p2a: Ursaluna|0 fnt|[from] brn
|faint|p2a: Ursaluna
|upkeep
|
|t:|1757930125
|switch|p2a: Primarina|Primarina, F|88/100
|switch|p1a: Corviknight|Corviknight, M, shiny|21/100
|-ability|p1a: Corviknight|Pressure
|-damage|p2a: Primarina|76/100|[from] Stealth Rock
|-damage|p2a: Primarina|63/100|[from] Spikes
|turn|42
|
|t:|1757930129
|move|p1a: Corviknight|Protect|p1a: Corviknight
|-singleturn|p1a: Corviknight|Protect
|move|p2a: Primarina|Psychic Noise|p1a: Corviknight
|-activate|p1a: Corviknight|move: Protect
|
|-heal|p1a: Corviknight|27/100|[from] item: Leftovers
|upkeep
|turn|43
|
|t:|1757930133
|-terastallize|p1a: Corviknight|Dark
|move|p1a: Corviknight|Roost|p1a: Corviknight
|-heal|p1a: Corviknight|77/100
|move|p2a: Primarina|Psychic Noise|p1a: Corviknight
|-immune|p1a: Corviknight
|
|-heal|p1a: Corviknight|83/100|[from] item: Leftovers
|upkeep
|turn|44
|c|☆Bhramastra|Lol dark type.
|
|t:|1757930146
|move|p1a: Corviknight|Substitute|p1a: Corviknight
|-start|p1a: Corviknight|Substitute
|-damage|p1a: Corviknight|59/100
|move|p2a: Primarina|Moonblast|p1a: Corviknight
|-supereffective|p1a: Corviknight
|-end|p1a: Corviknight|Substitute
|
|-heal|p1a: Corviknight|65/100|[from] item: Leftovers
|upkeep
|turn|45
|
|t:|1757930152
|move|p1a: Corviknight|Protect|p1a: Corviknight
|-singleturn|p1a: Corviknight|Protect
|move|p2a: Primarina|Moonblast|p1a: Corviknight
|-activate|p1a: Corviknight|move: Protect
|
|-heal|p1a: Corviknight|71/100|[from] item: Leftovers
|upkeep
|turn|46
|
|t:|1757930159
|move|p1a: Corviknight|Roost|p1a: Corviknight
|-heal|p1a: Corviknight|100/100
|move|p2a: Primarina|Moonblast|p1a: Corviknight
|-supereffective|p1a: Corviknight
|-damage|p1a: Corviknight|10/100
|
|-heal|p1a: Corviknight|16/100|[from] item: Leftovers
|upkeep
|turn|47
|
|t:|1757930162
|move|p1a: Corviknight|Protect|p1a: Corviknight
|-singleturn|p1a: Corviknight|Protect
|move|p2a: Primarina|Moonblast|p1a: Corviknight
|-activate|p1a: Corviknight|move: Protect
|
|-heal|p1a: Corviknight|22/100|[from] item: Leftovers
|upkeep
|turn|48
|c|☆Bhramastra|Gg. Absolute stall fest
|inactive|roxty has 120 seconds left.
|c|☆Bhramastra|Bruh also stalling time. Absurd.
|inactive|roxty has 90 seconds left.
|inactive|roxty has 60 seconds left.
|inactive|roxty has 30 seconds left.
|inactive|roxty has 20 seconds left.
|inactive|roxty has 15 seconds left.
|inactive|roxty has 10 seconds left.
|inactive|roxty has 5 seconds left.
|-message|roxty lost due to inactivity.
|
|win|Bhramastra
|raw|roxty's rating: 1534 &rarr; <strong>1517</strong><br />(-17 for losing)
|raw|Bhramastra's rating: 1592 &rarr; <strong>1609</strong><br />(+17 for winning)
|l|☆Bhramastra
|player|p2|
|j|☆Bhramastra
|player|p2|Bhramastra|1|
|l|☆Bhramastra
|player|p2|
