|j|☆NguyenKhoa1904
|j|☆xiaoyang2004
|t:|1757938388
|gametype|singles
|player|p1|NguyenKhoa1904|nate|1565
|player|p2|xiaoyang2004|dawn-gen4pt|1540
|gen|9
|tier|[Gen 9] OU
|rated|
|rule|HP Percentage Mod: HP is shown in percentages
|rule|Endless Battle Clause: Forcing endless battles is banned
|rule|Species Clause: Limit one of each Pokémon
|rule|OHKO Clause: OHKO moves are banned
|rule|Evasion Items Clause: Evasion items are banned
|rule|Evasion Moves Clause: Evasion moves are banned
|rule|Evasion Abilities Clause: Evasion abilities are banned
|rule|Sleep Moves Clause: Sleep-inducing moves are banned
|clearpoke
|poke|p1|Kingambit, M|
|poke|p1|Deoxys-Speed|
|poke|p1|Great Tusk|
|poke|p1|Dragonite, M|
|poke|p1|Iron Moth|
|poke|p1|Primarina, F|
|poke|p2|Rillaboom, M|
|poke|p2|Serperior, F|
|poke|p2|Raging Bolt|
|poke|p2|Great Tusk|
|poke|p2|Iron Crown|
|poke|p2|Heatran, M|
|teampreview
|inactive|Battle timer is ON: inactive players will automatically lose when time's up. (requested by NguyenKhoa1904)
|
|t:|1757938403
|teamsize|p1|6
|teamsize|p2|6
|start
|switch|p1a: MOEBIUS|Deoxys-Speed|100/100
|switch|p2a: Rillaboom|Rillaboom, M, shiny|100/100
|-ability|p1a: MOEBIUS|Pressure
|-fieldstart|move: Grassy Terrain|[from] ability: Grassy Surge|[of] p2a: Rillaboom
|turn|1
|
|t:|1757938410
|move|p1a: MOEBIUS|Psycho Boost|p2a: Rillaboom
|-damage|p2a: Rillaboom|10/100
|-unboost|p1a: MOEBIUS|spa|2
|-damage|p1a: MOEBIUS|91/100|[from] item: Life Orb
|move|p2a: Rillaboom|Knock Off|p1a: MOEBIUS
|-supereffective|p1a: MOEBIUS
|-damage|p1a: MOEBIUS|0 fnt
|-enditem|p1a: MOEBIUS|Life Orb|[from] move: Knock Off|[of] p2a: Rillaboom
|faint|p1a: MOEBIUS
|
|-heal|p2a: Rillaboom|16/100|[from] Grassy Terrain
|upkeep
|
|t:|1757938416
|switch|p1a: PYRE|Iron Moth|100/100
|-enditem|p1a: PYRE|Booster Energy
|-activate|p1a: PYRE|ability: Quark Drive|[fromitem]
|-start|p1a: PYRE|quarkdrivespe
|turn|2
|
|t:|1757938425
|switch|p2a: Heatran|Heatran, M, shiny|100/100
|-item|p2a: Heatran|Air Balloon
|-terastallize|p1a: PYRE|Ground
|move|p1a: PYRE|Tera Blast|p2a: Heatran|[anim] Tera Blast Ground
|-immune|p2a: Heatran
|
|upkeep
|turn|3
|
|t:|1757938441
|move|p1a: PYRE|Dazzling Gleam|p2a: Heatran
|-resisted|p2a: Heatran
|-damage|p2a: Heatran|96/100
|-enditem|p2a: Heatran|Air Balloon
|move|p2a: Heatran|Magma Storm|p1a: PYRE
|-damage|p1a: PYRE|53/100
|-activate|p1a: PYRE|move: Magma Storm|[of] p2a: Heatran
|
|-heal|p1a: PYRE|59/100|[from] Grassy Terrain
|-heal|p2a: Heatran|100/100|[from] Grassy Terrain
|-damage|p1a: PYRE|46/100|[from] move: Magma Storm|[partiallytrapped]
|upkeep
|turn|4
|
|t:|1757938461
|switch|p2a: Serperior|Serperior, F|100/100
|move|p1a: PYRE|Fiery Dance|p2a: Serperior
|-supereffective|p2a: Serperior
|-damage|p2a: Serperior|0 fnt
|faint|p2a: Serperior
|
|-heal|p1a: PYRE|52/100|[from] Grassy Terrain
|-end|p1a: PYRE|Magma Storm|[partiallytrapped]|[silent]
|upkeep
|
|t:|1757938469
|switch|p2a: Rillaboom|Rillaboom, M, shiny|16/100
|turn|5
|
|t:|1757938481
|move|p2a: Rillaboom|Grassy Glide|p1a: PYRE
|-supereffective|p1a: PYRE
|-damage|p1a: PYRE|0 fnt
|faint|p1a: PYRE
|-end|p1a: PYRE|Quark Drive|[silent]
|
|-heal|p2a: Rillaboom|22/100|[from] Grassy Terrain
|upkeep
|
|t:|1757938491
|switch|p1a: IRONHIDE|Kingambit, M|100/100
|-activate|p1a: IRONHIDE|ability: Supreme Overlord
|-start|p1a: IRONHIDE|fallen2|[silent]
|turn|6
|
|t:|1757938500
|switch|p2a: Heatran|Heatran, M, shiny|100/100
|move|p1a: IRONHIDE|Iron Head|p2a: Heatran
|-resisted|p2a: Heatran
|-damage|p2a: Heatran|89/100
|
|-heal|p2a: Heatran|95/100|[from] Grassy Terrain
|upkeep
|turn|7
|
|t:|1757938528
|-end|p1a: IRONHIDE|fallen2|[silent]
|switch|p1a: CELESTINE|Primarina, F, shiny|100/100
|move|p2a: Heatran|Earth Power|p1a: CELESTINE
|-damage|p1a: CELESTINE|83/100
|
|-heal|p2a: Heatran|100/100|[from] Grassy Terrain
|-heal|p1a: CELESTINE|89/100|[from] Grassy Terrain
|upkeep
|turn|8
|
|t:|1757938542
|move|p2a: Heatran|Stealth Rock|p1a: CELESTINE
|-sidestart|p1: NguyenKhoa1904|move: Stealth Rock
|move|p1a: CELESTINE|Surf|p2a: Heatran
|-supereffective|p2a: Heatran
|-damage|p2a: Heatran|35/100
|
|-heal|p2a: Heatran|41/100|[from] Grassy Terrain
|-heal|p1a: CELESTINE|95/100|[from] Grassy Terrain
|-fieldend|move: Grassy Terrain
|upkeep
|turn|9
|
|t:|1757938549
|move|p2a: Heatran|Earth Power|p1a: CELESTINE
|-damage|p1a: CELESTINE|80/100
|move|p1a: CELESTINE|Surf|p2a: Heatran
|-supereffective|p2a: Heatran
|-damage|p2a: Heatran|0 fnt
|faint|p2a: Heatran
|
|upkeep
|
|t:|1757938556
|switch|p2a: Raging Bolt|Raging Bolt|100/100
|turn|10
|
|t:|1757938562
|-terastallize|p2a: Raging Bolt|Fairy
|move|p2a: Raging Bolt|Calm Mind|p2a: Raging Bolt
|-boost|p2a: Raging Bolt|spa|1
|-boost|p2a: Raging Bolt|spd|1
|move|p1a: CELESTINE|Moonblast|p2a: Raging Bolt
|-damage|p2a: Raging Bolt|66/100
|
|-heal|p2a: Raging Bolt|72/100|[from] item: Leftovers
|upkeep
|turn|11
|
|t:|1757938575
|move|p2a: Raging Bolt|Thunderbolt|p1a: CELESTINE
|-supereffective|p1a: CELESTINE
|-damage|p1a: CELESTINE|0 fnt
|faint|p1a: CELESTINE
|
|-heal|p2a: Raging Bolt|79/100|[from] item: Leftovers
|upkeep
|
|t:|1757938582
|switch|p1a: RAGNAROCK|Great Tusk|100/100
|-damage|p1a: RAGNAROCK|98/100|[from] Stealth Rock
|-enditem|p1a: RAGNAROCK|Booster Energy
|-activate|p1a: RAGNAROCK|ability: Protosynthesis|[fromitem]
|-start|p1a: RAGNAROCK|protosynthesisatk
|turn|12
|
|t:|1757938588
|move|p1a: RAGNAROCK|Headlong Rush|p2a: Raging Bolt
|-damage|p2a: Raging Bolt|29/100
|-unboost|p1a: RAGNAROCK|def|1
|-unboost|p1a: RAGNAROCK|spd|1
|move|p2a: Raging Bolt|Dragon Pulse|p1a: RAGNAROCK
|-crit|p1a: RAGNAROCK
|-damage|p1a: RAGNAROCK|0 fnt
|faint|p1a: RAGNAROCK
|-end|p1a: RAGNAROCK|Protosynthesis|[silent]
|
|-heal|p2a: Raging Bolt|36/100|[from] item: Leftovers
|upkeep
|
|t:|1757938593
|switch|p1a: IRONHIDE|Kingambit, M|100/100
|-damage|p1a: IRONHIDE|94/100|[from] Stealth Rock
|-activate|p1a: IRONHIDE|ability: Supreme Overlord
|-start|p1a: IRONHIDE|fallen4|[silent]
|turn|13
|
|t:|1757938602
|move|p2a: Raging Bolt|Thunderbolt|p1a: IRONHIDE
|-damage|p1a: IRONHIDE|24/100
|move|p1a: IRONHIDE|Iron Head|p2a: Raging Bolt
|-supereffective|p2a: Raging Bolt
|-damage|p2a: Raging Bolt|0 fnt
|faint|p2a: Raging Bolt
|-end|p2a: Raging Bolt|Protosynthesis|[silent]
|
|-heal|p1a: IRONHIDE|30/100|[from] item: Leftovers
|upkeep
|
|t:|1757938612
|switch|p2a: Great Tusk|Great Tusk|100/100
|-enditem|p2a: Great Tusk|Booster Energy
|-activate|p2a: Great Tusk|ability: Protosynthesis|[fromitem]
|-start|p2a: Great Tusk|protosynthesisatk
|turn|14
|
|t:|1757938619
|move|p2a: Great Tusk|Close Combat|p1a: IRONHIDE
|-supereffective|p1a: IRONHIDE
|-damage|p1a: IRONHIDE|0 fnt
|-unboost|p2a: Great Tusk|def|1
|-unboost|p2a: Great Tusk|spd|1
|faint|p1a: IRONHIDE
|-end|p1a: IRONHIDE|fallen4|[silent]
|
|upkeep
|
|t:|1757938622
|switch|p1a: LANCELOT|Dragonite, M|100/100
|-damage|p1a: LANCELOT|76/100|[from] Stealth Rock
|turn|15
|
|t:|1757938627
|move|p2a: Great Tusk|Ice Spinner|p1a: LANCELOT
|-supereffective|p1a: LANCELOT
|-crit|p1a: LANCELOT
|-damage|p1a: LANCELOT|0 fnt
|faint|p1a: LANCELOT
|
|win|xiaoyang2004
|raw|NguyenKhoa1904's rating: 1565 &rarr; <strong>1544</strong><br />(-21 for losing)
|raw|xiaoyang2004's rating: 1540 &rarr; <strong>1561</strong><br />(+21 for winning)
