|j|☆lzc123456
|j|☆michaelgoalise
|t:|1757920494
|gametype|singles
|player|p1|lzc123456|cynthia-gen4|1664
|player|p2|michaelgoalise|170|1654
|gen|9
|tier|[Gen 9] OU
|rated|
|rule|HP Percentage Mod: HP is shown in percentages
|rule|Endless Battle Clause: Forcing endless battles is banned
|rule|Species Clause: Limit one of each Pokémon
|rule|OHKO Clause: OHKO moves are banned
|rule|Evasion Items Clause: Evasion items are banned
|rule|Evasion Moves Clause: Evasion moves are banned
|rule|Evasion Abilities Clause: Evasion abilities are banned
|rule|Sleep Moves Clause: Sleep-inducing moves are banned
|clearpoke
|poke|p1|Tornadus-Therian, M|
|poke|p1|Garganacl, F|
|poke|p1|Hydrapple, F|
|poke|p1|Gholdengo|
|poke|p1|Great Tusk|
|poke|p1|Kingambit, M|
|poke|p2|Empoleon, M|
|poke|p2|Rillaboom, M|
|poke|p2|Raging Bolt|
|poke|p2|Great Tusk|
|poke|p2|Moltres|
|poke|p2|Samurott-Hisui, M|
|teampreview
|inactive|Battle timer is ON: inactive players will automatically lose when time's up. (requested by lzc123456)
|inactive|michaelgoalise has 120 seconds left.
|inactive|michaelgoalise has 90 seconds left.
|inactive|michaelgoalise has 60 seconds left.
|
|t:|1757920603
|teamsize|p1|6
|teamsize|p2|6
|start
|switch|p1a: Hydrapple|Hydrapple, F, shiny|100/100
|switch|p2a: Rillaboom|Rillaboom, M|100/100
|-fieldstart|move: Grassy Terrain|[from] ability: Grassy Surge|[of] p2a: Rillaboom
|turn|1
|
|t:|1757920614
|move|p2a: Rillaboom|Knock Off|p1a: Hydrapple
|-damage|p1a: Hydrapple|72/100
|-enditem|p1a: Hydrapple|Heavy-Duty Boots|[from] move: Knock Off|[of] p2a: Rillaboom
|move|p1a: Hydrapple|Fickle Beam|p2a: Rillaboom
|-damage|p2a: Rillaboom|58/100
|
|-heal|p2a: Rillaboom|64/100|[from] Grassy Terrain
|-heal|p1a: Hydrapple|78/100|[from] Grassy Terrain
|upkeep
|turn|2
|
|t:|1757920635
|switch|p2a: Moltres|Moltres|100/100
|move|p1a: Hydrapple|Fickle Beam|p2a: Moltres|[anim] Fickle Beam All Out
|-activate|p1a: Hydrapple|move: Fickle Beam
|-damage|p2a: Moltres|39/100
|
|-heal|p1a: Hydrapple|84/100|[from] Grassy Terrain
|upkeep
|turn|3
|
|t:|1757920645
|switch|p1a: Garganacl|Garganacl, F|100/100
|move|p2a: Moltres|Roost|p2a: Moltres
|-heal|p2a: Moltres|89/100
|-singleturn|p2a: Moltres|move: Roost
|
|-heal|p2a: Moltres|95/100|[from] Grassy Terrain
|upkeep
|turn|4
|
|t:|1757920653
|move|p2a: Moltres|U-turn|p1a: Garganacl
|-damage|p1a: Garganacl|91/100
|
|t:|1757920655
|switch|p2a: Great Tusk|Great Tusk|100/100|[from] U-turn
|move|p1a: Garganacl|Salt Cure|p2a: Great Tusk
|-resisted|p2a: Great Tusk
|-damage|p2a: Great Tusk|98/100
|-start|p2a: Great Tusk|Salt Cure
|
|-heal|p2a: Great Tusk|100/100|[from] Grassy Terrain
|-heal|p1a: Garganacl|97/100|[from] Grassy Terrain
|-heal|p1a: Garganacl|100/100|[from] item: Leftovers
|-damage|p2a: Great Tusk|88/100|[from] Salt Cure
|upkeep
|turn|5
|inactive|michaelgoalise has 120 seconds left.
|
|t:|1757920669
|switch|p1a: Hydrapple|Hydrapple, F, shiny|100/100
|move|p2a: Great Tusk|Stealth Rock|p1a: Hydrapple
|-sidestart|p1: lzc123456|move: Stealth Rock
|
|-heal|p2a: Great Tusk|94/100|[from] Grassy Terrain
|-damage|p2a: Great Tusk|82/100|[from] Salt Cure
|-fieldend|move: Grassy Terrain
|upkeep
|turn|6
|
|t:|1757920676
|-end|p2a: Great Tusk|Protosynthesis|[silent]
|switch|p2a: Moltres|Moltres|95/100
|move|p1a: Hydrapple|Nasty Plot|p1a: Hydrapple
|-boost|p1a: Hydrapple|spa|2
|
|upkeep
|turn|7
|inactive|michaelgoalise has 120 seconds left.
|
|t:|1757920715
|move|p2a: Moltres|U-turn|p1a: Hydrapple
|-supereffective|p1a: Hydrapple
|-damage|p1a: Hydrapple|83/100
|
|t:|1757920717
|switch|p2a: Empoleon|Empoleon, M|100/100|[from] U-turn
|move|p1a: Hydrapple|Fickle Beam|p2a: Empoleon
|-resisted|p2a: Empoleon
|-damage|p2a: Empoleon|80/100
|
|-heal|p2a: Empoleon|86/100|[from] item: Leftovers
|upkeep
|turn|8
|
|t:|1757920724
|move|p2a: Empoleon|Flash Cannon|p1a: Hydrapple
|-damage|p1a: Hydrapple|52/100
|move|p1a: Hydrapple|Earth Power|p2a: Empoleon
|-supereffective|p2a: Empoleon
|-damage|p2a: Empoleon|22/100
|
|-heal|p2a: Empoleon|28/100|[from] item: Leftovers
|upkeep
|turn|9
|
|t:|1757920735
|move|p2a: Empoleon|Flash Cannon|p1a: Hydrapple
|-damage|p1a: Hydrapple|23/100
|move|p1a: Hydrapple|Giga Drain|p2a: Empoleon
|-damage|p2a: Empoleon|0 fnt
|-heal|p1a: Hydrapple|35/100|[from] drain|[of] p2a: Empoleon
|faint|p2a: Empoleon
|
|upkeep
|
|t:|1757920758
|switch|p2a: Rillaboom|Rillaboom, M|64/100
|-fieldstart|move: Grassy Terrain|[from] ability: Grassy Surge|[of] p2a: Rillaboom
|turn|10
|
|t:|1757920764
|move|p2a: Rillaboom|U-turn|p1a: Hydrapple
|-supereffective|p1a: Hydrapple
|-damage|p1a: Hydrapple|0 fnt
|faint|p1a: Hydrapple
|
|t:|1757920779
|switch|p2a: Samurott|Samurott-Hisui, M|100/100|[from] U-turn
|
|upkeep
|
|t:|1757920796
|switch|p1a: Great Tusk|Great Tusk|100/100
|turn|11
|inactive|michaelgoalise has 90 seconds left.
|j| wgw2333
|
|t:|1757920837
|move|p2a: Samurott|Aqua Cutter|p1a: Great Tusk
|-supereffective|p1a: Great Tusk
|-damage|p1a: Great Tusk|26/100
|move|p1a: Great Tusk|Stealth Rock|p2a: Samurott
|-sidestart|p2: michaelgoalise|move: Stealth Rock
|
|-heal|p1a: Great Tusk|32/100|[from] Grassy Terrain
|upkeep
|turn|12
|
|t:|1757920847
|move|p2a: Samurott|Aqua Cutter|p1a: Great Tusk
|-supereffective|p1a: Great Tusk
|-damage|p1a: Great Tusk|0 fnt
|faint|p1a: Great Tusk
|-end|p1a: Great Tusk|Protosynthesis|[silent]
|
|upkeep
|
|t:|1757920852
|switch|p1a: Tornadus|Tornadus-Therian, M, shiny|100/100
|-damage|p1a: Tornadus|76/100|[from] Stealth Rock
|turn|13
|inactive|michaelgoalise has 90 seconds left.
|
|t:|1757920866
|move|p2a: Samurott|Aqua Cutter|p1a: Tornadus
|-damage|p1a: Tornadus|21/100
|move|p1a: Tornadus|U-turn|p2a: Samurott
|-supereffective|p2a: Samurott
|-damage|p2a: Samurott|64/100
|
|t:|1757920876
|switch|p1a: Garganacl|Garganacl, F|100/100|[from] U-turn
|-damage|p1a: Garganacl|88/100|[from] Stealth Rock
|
|-heal|p2a: Samurott|71/100|[from] Grassy Terrain
|-heal|p1a: Garganacl|94/100|[from] Grassy Terrain
|-heal|p1a: Garganacl|100/100|[from] item: Leftovers
|upkeep
|turn|14
|l| wgw2333
|inactive|michaelgoalise has 90 seconds left.
|
|t:|1757920894
|switch|p2a: Great Tusk|Great Tusk|82/100
|-terastallize|p1a: Garganacl|Electric
|move|p1a: Garganacl|Iron Defense|p1a: Garganacl
|-boost|p1a: Garganacl|def|2
|
|-heal|p2a: Great Tusk|88/100|[from] Grassy Terrain
|-fieldend|move: Grassy Terrain
|upkeep
|turn|15
|inactive|michaelgoalise has 90 seconds left.
|inactive|michaelgoalise has 60 seconds left.
|
|t:|1757920952
|-end|p2a: Great Tusk|Protosynthesis|[silent]
|switch|p2a: Rillaboom|Rillaboom, M|64/100
|-damage|p2a: Rillaboom|51/100|[from] Stealth Rock
|-fieldstart|move: Grassy Terrain|[from] ability: Grassy Surge|[of] p2a: Rillaboom
|move|p1a: Garganacl|Iron Defense|p1a: Garganacl
|-boost|p1a: Garganacl|def|2
|
|-heal|p2a: Rillaboom|57/100|[from] Grassy Terrain
|upkeep
|turn|16
|
|t:|1757920958
|move|p2a: Rillaboom|Knock Off|p1a: Garganacl
|-damage|p1a: Garganacl|90/100
|-enditem|p1a: Garganacl|Leftovers|[from] move: Knock Off|[of] p2a: Rillaboom
|move|p1a: Garganacl|Body Press|p2a: Rillaboom
|-damage|p2a: Rillaboom|0 fnt
|faint|p2a: Rillaboom
|
|-heal|p1a: Garganacl|96/100|[from] Grassy Terrain
|upkeep
|
|t:|1757920963
|switch|p2a: Moltres|Moltres|95/100
|turn|17
|
|t:|1757920966
|-terastallize|p2a: Moltres|Ghost
|move|p1a: Garganacl|Salt Cure|p2a: Moltres
|-damage|p2a: Moltres|85/100
|-start|p2a: Moltres|Salt Cure
|move|p2a: Moltres|Roar|p1a: Garganacl
|drag|p1a: Tornadus|Tornadus-Therian, M, shiny|55/100
|-damage|p1a: Tornadus|30/100|[from] Stealth Rock
|
|-heal|p2a: Moltres|91/100|[from] Grassy Terrain
|-damage|p2a: Moltres|78/100|[from] Salt Cure
|upkeep
|turn|18
|inactive|michaelgoalise has 60 seconds left.
|
|t:|1757920986
|move|p1a: Tornadus|Knock Off|p2a: Moltres
|-supereffective|p2a: Moltres
|-damage|p2a: Moltres|49/100
|-enditem|p2a: Moltres|Heavy-Duty Boots|[from] move: Knock Off|[of] p1a: Tornadus
|move|p2a: Moltres|U-turn|p1a: Tornadus
|-resisted|p1a: Tornadus
|-crit|p1a: Tornadus
|-damage|p1a: Tornadus|17/100
|
|t:|1757920994
|switch|p2a: Raging Bolt|Raging Bolt|100/100|[from] U-turn
|-damage|p2a: Raging Bolt|88/100|[from] Stealth Rock
|
|-heal|p2a: Raging Bolt|94/100|[from] Grassy Terrain
|-heal|p2a: Raging Bolt|100/100|[from] item: Leftovers
|upkeep
|turn|19
|
|t:|1757921005
|switch|p1a: Gholdengo|Gholdengo|100/100
|-damage|p1a: Gholdengo|94/100|[from] Stealth Rock
|move|p2a: Raging Bolt|Dragon Pulse|p1a: Gholdengo
|-resisted|p1a: Gholdengo
|-damage|p1a: Gholdengo|67/100
|
|-heal|p1a: Gholdengo|74/100|[from] Grassy Terrain
|-fieldend|move: Grassy Terrain
|upkeep
|turn|20
|
|t:|1757921024
|-end|p2a: Raging Bolt|Protosynthesis|[silent]
|switch|p2a: Samurott|Samurott-Hisui, M|71/100
|-damage|p2a: Samurott|58/100|[from] Stealth Rock
|move|p1a: Gholdengo|Trick|p2a: Samurott
|-activate|p1a: Gholdengo|move: Trick|[of] p2a: Samurott
|-item|p2a: Samurott|Choice Scarf|[from] move: Trick
|-item|p1a: Gholdengo|Choice Scarf|[from] move: Trick
|
|upkeep
|turn|21
|
|t:|1757921041
|switch|p1a: Garganacl|Garganacl, F, tera:Electric|96/100
|-damage|p1a: Garganacl|84/100|[from] Stealth Rock
|move|p2a: Samurott|Flip Turn|p1a: Garganacl
|-damage|p1a: Garganacl|68/100
|inactive|michaelgoalise has 30 seconds left.
|inactive|michaelgoalise has 20 seconds left.
|inactive|michaelgoalise has 15 seconds left.
|
|t:|1757921073
|switch|p2a: Great Tusk|Great Tusk|88/100|[from] Flip Turn
|
|upkeep
|turn|22
|inactive|michaelgoalise has 25 seconds left this turn.
|inactive|michaelgoalise has 20 seconds left.
|
|t:|1757921078
|switch|p1a: Tornadus|Tornadus-Therian, M, shiny|50/100
|-damage|p1a: Tornadus|25/100|[from] Stealth Rock
|move|p2a: Great Tusk|Headlong Rush|p1a: Tornadus
|-immune|p1a: Tornadus
|
|upkeep
|turn|23
|inactive|michaelgoalise has 30 seconds left this turn.
|
|t:|1757921085
|-end|p2a: Great Tusk|Protosynthesis|[silent]
|switch|p2a: Moltres|Moltres, tera:Ghost|49/100
|-damage|p2a: Moltres|37/100|[from] Stealth Rock
|move|p1a: Tornadus|Bleakwind Storm|p2a: Moltres
|-damage|p2a: Moltres|0 fnt
|faint|p2a: Moltres
|
|upkeep
|inactive|michaelgoalise has 30 seconds left this turn.
|
|t:|1757921091
|switch|p2a: Raging Bolt|Raging Bolt|100/100
|-damage|p2a: Raging Bolt|88/100|[from] Stealth Rock
|turn|24
|inactive|michaelgoalise has 30 seconds left.
|
|t:|1757921104
|move|p1a: Tornadus|Knock Off|p2a: Raging Bolt
|-damage|p2a: Raging Bolt|70/100
|-enditem|p2a: Raging Bolt|Leftovers|[from] move: Knock Off|[of] p1a: Tornadus
|move|p2a: Raging Bolt|Thunderbolt|p1a: Tornadus
|-supereffective|p1a: Tornadus
|-damage|p1a: Tornadus|0 fnt
|faint|p1a: Tornadus
|
|upkeep
|
|t:|1757921107
|switch|p1a: Garganacl|Garganacl, F, tera:Electric|68/100
|-damage|p1a: Garganacl|55/100|[from] Stealth Rock
|turn|25
|inactive|michaelgoalise has 30 seconds left.
|
|t:|1757921122
|move|p2a: Raging Bolt|Substitute|p2a: Raging Bolt
|-start|p2a: Raging Bolt|Substitute
|-damage|p2a: Raging Bolt|45/100
|move|p1a: Garganacl|Recover|p1a: Garganacl
|-heal|p1a: Garganacl|100/100
|
|upkeep
|turn|26
|
|t:|1757921125
|move|p2a: Raging Bolt|Calm Mind|p2a: Raging Bolt
|-boost|p2a: Raging Bolt|spa|1
|-boost|p2a: Raging Bolt|spd|1
|move|p1a: Garganacl|Iron Defense|p1a: Garganacl
|-boost|p1a: Garganacl|def|2
|
|upkeep
|turn|27
|
|t:|1757921128
|move|p2a: Raging Bolt|Dragon Pulse|p1a: Garganacl
|-damage|p1a: Garganacl|46/100
|move|p1a: Garganacl|Body Press|p2a: Raging Bolt
|-end|p2a: Raging Bolt|Substitute
|
|upkeep
|turn|28
|
|t:|1757921135
|switch|p1a: Gholdengo|Gholdengo|74/100
|-damage|p1a: Gholdengo|67/100|[from] Stealth Rock
|move|p2a: Raging Bolt|Dragon Pulse|p1a: Gholdengo
|-resisted|p1a: Gholdengo
|-damage|p1a: Gholdengo|20/100
|
|upkeep
|turn|29
|inactive|michaelgoalise has 60 seconds left.
|
|t:|1757921156
|move|p1a: Gholdengo|Make It Rain|p2a: Raging Bolt
|-resisted|p2a: Raging Bolt
|-damage|p2a: Raging Bolt|26/100
|-unboost|p1a: Gholdengo|spa|1
|move|p2a: Raging Bolt|Dragon Pulse|p1a: Gholdengo
|-resisted|p1a: Gholdengo
|-damage|p1a: Gholdengo|0 fnt
|faint|p1a: Gholdengo
|
|upkeep
|
|t:|1757921159
|switch|p1a: Kingambit|Kingambit, M, shiny|100/100
|-damage|p1a: Kingambit|94/100|[from] Stealth Rock
|-activate|p1a: Kingambit|ability: Supreme Overlord
|-start|p1a: Kingambit|fallen4|[silent]
|turn|30
|
|t:|1757921165
|move|p1a: Kingambit|Sucker Punch|p2a: Raging Bolt
|-crit|p2a: Raging Bolt
|-damage|p2a: Raging Bolt|0 fnt
|faint|p2a: Raging Bolt
|-end|p2a: Raging Bolt|Protosynthesis|[silent]
|
|-heal|p1a: Kingambit|100/100|[from] item: Leftovers
|upkeep
|inactive|michaelgoalise has 60 seconds left.
|
|t:|1757921181
|switch|p2a: Samurott|Samurott-Hisui, M|58/100
|-damage|p2a: Samurott|46/100|[from] Stealth Rock
|turn|31
|
|t:|1757921185
|move|p2a: Samurott|Flip Turn|p1a: Kingambit
|-damage|p1a: Kingambit|82/100
|
|t:|1757921187
|switch|p2a: Great Tusk|Great Tusk|88/100|[from] Flip Turn
|move|p1a: Kingambit|Low Kick|p2a: Great Tusk
|-damage|p2a: Great Tusk|49/100
|
|-heal|p1a: Kingambit|88/100|[from] item: Leftovers
|upkeep
|turn|32
|
|t:|1757921195
|move|p2a: Great Tusk|Headlong Rush|p1a: Kingambit
|-supereffective|p1a: Kingambit
|-damage|p1a: Kingambit|11/100
|-unboost|p2a: Great Tusk|def|1
|-unboost|p2a: Great Tusk|spd|1
|move|p1a: Kingambit|Low Kick|p2a: Great Tusk
|-crit|p2a: Great Tusk
|-damage|p2a: Great Tusk|0 fnt
|faint|p2a: Great Tusk
|-end|p2a: Great Tusk|Protosynthesis|[silent]
|
|-heal|p1a: Kingambit|17/100|[from] item: Leftovers
|upkeep
|
|t:|1757921198
|switch|p2a: Samurott|Samurott-Hisui, M|46/100
|-damage|p2a: Samurott|33/100|[from] Stealth Rock
|turn|33
|inactive|michaelgoalise has 90 seconds left.
|
|t:|1757921203
|move|p1a: Kingambit|Sucker Punch|p2a: Samurott
|-resisted|p2a: Samurott
|-damage|p2a: Samurott|0 fnt
|faint|p2a: Samurott
|
|win|lzc123456
|raw|lzc123456's rating: 1664 &rarr; <strong>1683</strong><br />(+19 for winning)
|raw|michaelgoalise's rating: 1654 &rarr; <strong>1635</strong><br />(-19 for losing)
|l|☆lzc123456
|player|p1|
|l|☆michaelgoalise
|player|p2|
