|j|☆tpr-fashion
|j|☆biglilcuh
|t:|1757908945
|gametype|singles
|player|p1|tpr-fashion|bellelba|1412
|player|p2|biglilcuh|101|1418
|gen|9
|tier|[Gen 9] OU
|rated|
|rule|HP Percentage Mod: HP is shown in percentages
|rule|Endless Battle Clause: Forcing endless battles is banned
|rule|Species Clause: Limit one of each Pokémon
|rule|OHKO Clause: OHKO moves are banned
|rule|Evasion Items Clause: Evasion items are banned
|rule|Evasion Moves Clause: Evasion moves are banned
|rule|Evasion Abilities Clause: Evasion abilities are banned
|rule|Sleep Moves Clause: Sleep-inducing moves are banned
|clearpoke
|poke|p1|Deoxys-Speed|
|poke|p1|Gholdengo|
|poke|p1|Iron Treads|
|poke|p1|Dragonite, F|
|poke|p1|Iron Moth|
|poke|p1|Samurott-Hisui, M|
|poke|p2|Pecharunt|
|poke|p2|Zapdos|
|poke|p2|Cinderace, M|
|poke|p2|Latios, M|
|poke|p2|Crawdaunt, M|
|poke|p2|Iron Treads|
|teampreview
|inactive|Battle timer is ON: inactive players will automatically lose when time's up. (requested by biglilcuh)
|
|t:|1757908972
|teamsize|p1|6
|teamsize|p2|6
|start
|switch|p1a: Samurott|Samurott-Hisui, M|100/100
|switch|p2a: Crawdaunt|Crawdaunt, M|100/100
|turn|1
|
|t:|1757908977
|move|p1a: Samurott|Ceaseless Edge|p2a: Crawdaunt
|-resisted|p2a: Crawdaunt
|-damage|p2a: Crawdaunt|77/100
|-sidestart|p2: biglilcuh|Spikes
|move|p2a: Crawdaunt|Swords Dance|p2a: Crawdaunt
|-boost|p2a: Crawdaunt|atk|2
|
|upkeep
|turn|2
|
|t:|1757908983
|move|p1a: Samurott|Encore|p2a: Crawdaunt
|-start|p2a: Crawdaunt|Encore
|move|p2a: Crawdaunt|Swords Dance|p2a: Crawdaunt
|-boost|p2a: Crawdaunt|atk|2
|
|upkeep
|turn|3
|
|t:|1757908999
|switch|p1a: Deoxys|Deoxys-Speed|100/100
|-ability|p1a: Deoxys|Pressure
|switch|p2a: Zapdos|Zapdos|100/100
|
|upkeep
|turn|4
|
|t:|1757909008
|move|p1a: Deoxys|Psycho Boost|p2a: Zapdos|[miss]
|-miss|p1a: Deoxys|p2a: Zapdos
|move|p2a: Zapdos|Volt Switch|p1a: Deoxys
|-damage|p1a: Deoxys|43/100
|
|t:|1757909029
|switch|p2a: Latios|Latios, M|100/100|[from] Volt Switch
|
|upkeep
|turn|5
|
|t:|1757909038
|move|p2a: Latios|Draco Meteor|p1a: Deoxys
|-damage|p1a: Deoxys|0 fnt
|-unboost|p2a: Latios|spa|2
|faint|p1a: Deoxys
|
|upkeep
|
|t:|1757909049
|switch|p1a: Dragonite|Dragonite, F|100/100
|turn|6
|
|t:|1757909053
|switch|p2a: Pecharunt|Pecharunt|100/100
|-damage|p2a: Pecharunt|88/100|[from] Spikes
|move|p1a: Dragonite|Dragon Dance|p1a: Dragonite
|-boost|p1a: Dragonite|atk|1
|-boost|p1a: Dragonite|spe|1
|
|upkeep
|turn|7
|
|t:|1757909059
|move|p1a: Dragonite|Earthquake|p2a: Pecharunt
|-supereffective|p2a: Pecharunt
|-crit|p2a: Pecharunt
|-damage|p2a: Pecharunt|3/100
|move|p2a: Pecharunt|Malignant Chain|p1a: Dragonite
|-damage|p1a: Dragonite|82/100
|-status|p1a: Dragonite|tox
|-start|p1a: Dragonite|confusion|[from] ability: Poison Puppeteer|[of] p2a: Pecharunt
|
|-damage|p1a: Dragonite|76/100 tox|[from] psn
|upkeep
|turn|8
|
|t:|1757909070
|-activate|p1a: Dragonite|confusion
|move|p1a: Dragonite|Extreme Speed|p2a: Pecharunt
|-immune|p2a: Pecharunt
|move|p2a: Pecharunt|Recover|p2a: Pecharunt
|-heal|p2a: Pecharunt|53/100
|
|-damage|p1a: Dragonite|63/100 tox|[from] psn
|upkeep
|turn|9
|
|t:|1757909077
|-end|p1a: Dragonite|confusion
|move|p1a: Dragonite|Earthquake|p2a: Pecharunt
|-supereffective|p2a: Pecharunt
|-damage|p2a: Pecharunt|0 fnt
|faint|p2a: Pecharunt
|
|-damage|p1a: Dragonite|45/100 tox|[from] psn
|upkeep
|
|t:|1757909095
|switch|p2a: Latios|Latios, M|100/100
|turn|10
|
|t:|1757909100
|-terastallize|p2a: Latios|Steel
|move|p1a: Dragonite|Extreme Speed|p2a: Latios
|-resisted|p2a: Latios
|-damage|p2a: Latios|69/100
|move|p2a: Latios|Luster Purge|p1a: Dragonite
|-damage|p1a: Dragonite|0 fnt
|faint|p1a: Dragonite
|
|upkeep
|
|t:|1757909109
|switch|p1a: Samurott|Samurott-Hisui, M|100/100
|turn|11
|
|t:|1757909117
|switch|p2a: Zapdos|Zapdos|100/100
|move|p1a: Samurott|Ceaseless Edge|p2a: Zapdos
|-crit|p2a: Zapdos
|-damage|p2a: Zapdos|18/100
|-sidestart|p2: biglilcuh|Spikes
|
|upkeep
|turn|12
|
|t:|1757909126
|move|p2a: Zapdos|Heat Wave|p1a: Samurott
|-resisted|p1a: Samurott
|-damage|p1a: Samurott|81/100
|move|p1a: Samurott|Knock Off|p2a: Zapdos
|-damage|p2a: Zapdos|0 fnt
|-status|p1a: Samurott|par|[from] ability: Static|[of] p2a: Zapdos
|-enditem|p2a: Zapdos|Heavy-Duty Boots|[from] move: Knock Off|[of] p1a: Samurott
|faint|p2a: Zapdos
|
|upkeep
|
|t:|1757909132
|switch|p2a: Iron Treads|Iron Treads|100/100
|-damage|p2a: Iron Treads|84/100|[from] Spikes
|-enditem|p2a: Iron Treads|Booster Energy
|-activate|p2a: Iron Treads|ability: Quark Drive|[fromitem]
|-start|p2a: Iron Treads|quarkdriveatk
|turn|13
|
|t:|1757909139
|move|p2a: Iron Treads|Supercell Slam|p1a: Samurott
|-supereffective|p1a: Samurott
|-damage|p1a: Samurott|0 fnt
|faint|p1a: Samurott
|
|upkeep
|
|t:|1757909152
|switch|p1a: Iron Treads|Iron Treads|100/100
|-enditem|p1a: Iron Treads|Booster Energy
|-activate|p1a: Iron Treads|ability: Quark Drive|[fromitem]
|-start|p1a: Iron Treads|quarkdrivespe
|turn|14
|
|t:|1757909158
|-end|p2a: Iron Treads|Quark Drive|[silent]
|switch|p2a: Latios|Latios, M, tera:Steel|69/100
|move|p1a: Iron Treads|Earthquake|p2a: Latios
|-immune|p2a: Latios|[from] ability: Levitate
|
|upkeep
|turn|15
|
|t:|1757909165
|move|p2a: Latios|Aura Sphere|p1a: Iron Treads
|-supereffective|p1a: Iron Treads
|-damage|p1a: Iron Treads|36/100
|move|p1a: Iron Treads|Stealth Rock|p2a: Latios
|-sidestart|p2: biglilcuh|move: Stealth Rock
|
|upkeep
|turn|16
|
|t:|1757909179
|switch|p2a: Cinderace|Cinderace, M|100/100
|-end|p1a: Iron Treads|Quark Drive|[silent]
|switch|p1a: Gholdengo|Gholdengo|100/100
|-item|p1a: Gholdengo|Air Balloon
|
|upkeep
|turn|17
|
|t:|1757909190
|move|p2a: Cinderace|Court Change|p2a: Cinderace
|-start|p2a: Cinderace|typechange|Normal|[from] ability: Libero
|-swapsideconditions
|-activate|p2a: Cinderace|move: Court Change
|move|p1a: Gholdengo|Shadow Ball|p2a: Cinderace
|-immune|p2a: Cinderace
|
|upkeep
|turn|18
|
|t:|1757909196
|move|p2a: Cinderace|Pyro Ball|p1a: Gholdengo
|-supereffective|p1a: Gholdengo
|-damage|p1a: Gholdengo|61/100
|-enditem|p1a: Gholdengo|Air Balloon
|move|p1a: Gholdengo|Make It Rain|p2a: Cinderace
|-crit|p2a: Cinderace
|-damage|p2a: Cinderace|2/100
|-unboost|p1a: Gholdengo|spa|1
|
|upkeep
|turn|19
|
|t:|1757909205
|move|p2a: Cinderace|Pyro Ball|p1a: Gholdengo
|-supereffective|p1a: Gholdengo
|-damage|p1a: Gholdengo|16/100
|move|p1a: Gholdengo|Make It Rain|p2a: Cinderace
|-damage|p2a: Cinderace|0 fnt
|-unboost|p1a: Gholdengo|spa|1
|faint|p2a: Cinderace
|
|upkeep
|
|t:|1757909211
|switch|p2a: Latios|Latios, M, tera:Steel|69/100
|turn|20
|
|t:|1757909214
|move|p2a: Latios|Luster Purge|p1a: Gholdengo
|-resisted|p1a: Gholdengo
|-damage|p1a: Gholdengo|0 fnt
|faint|p1a: Gholdengo
|
|upkeep
|
|t:|1757909221
|switch|p1a: Iron Treads|Iron Treads|36/100
|-damage|p1a: Iron Treads|19/100|[from] Spikes
|-damage|p1a: Iron Treads|16/100|[from] Stealth Rock
|turn|21
|
|t:|1757909228
|move|p2a: Latios|Luster Purge|p1a: Iron Treads
|-resisted|p1a: Iron Treads
|-damage|p1a: Iron Treads|0 fnt
|faint|p1a: Iron Treads
|-end|p1a: Iron Treads|Quark Drive|[silent]
|
|upkeep
|
|t:|1757909232
|switch|p1a: Iron Moth|Iron Moth|100/100
|-damage|p1a: Iron Moth|84/100|[from] Spikes
|-damage|p1a: Iron Moth|59/100|[from] Stealth Rock
|-enditem|p1a: Iron Moth|Booster Energy
|-activate|p1a: Iron Moth|ability: Quark Drive|[fromitem]
|-start|p1a: Iron Moth|quarkdrivespe
|turn|22
|
|t:|1757909238
|move|p2a: Latios|Luster Purge|p1a: Iron Moth
|-supereffective|p1a: Iron Moth
|-damage|p1a: Iron Moth|0 fnt
|faint|p1a: Iron Moth
|-end|p1a: Iron Moth|Quark Drive|[silent]
|
|win|biglilcuh
|raw|tpr-fashion's rating: 1412 &rarr; <strong>1392</strong><br />(-20 for losing)
|raw|biglilcuh's rating: 1418 &rarr; <strong>1438</strong><br />(+20 for winning)
|l|☆biglilcuh
|player|p2|
|l|☆tpr-fashion
|player|p1|
