|j|☆follow vukuatlar
|j|☆trollface games
|t:|1757837281
|gametype|singles
|player|p1|follow vukuatlar|veteran|1607
|player|p2|trollface games|psychic-gen4|1722
|gen|9
|tier|[Gen 9] OU
|rated|
|rule|HP Percentage Mod: HP is shown in percentages
|rule|Endless Battle Clause: Forcing endless battles is banned
|rule|Species Clause: Limit one of each Pokémon
|rule|OHKO Clause: OHKO moves are banned
|rule|Evasion Items Clause: Evasion items are banned
|rule|Evasion Moves Clause: Evasion moves are banned
|rule|Evasion Abilities Clause: Evasion abilities are banned
|rule|Sleep Moves Clause: Sleep-inducing moves are banned
|clearpoke
|poke|p1|Cinderace, M|
|poke|p1|Slowking, F|
|poke|p1|Ursaluna, F|
|poke|p1|Dragapult, M|
|poke|p1|Iron Hands|
|poke|p1|Keldeo-Resolute|
|poke|p2|Pelipper, M|
|poke|p2|Blastoise, M|
|poke|p2|Barraskewda, M|
|poke|p2|Hatterene, F|
|poke|p2|Overqwil, F|
|poke|p2|Iron Treads|
|teampreview
|
|t:|1757837287
|teamsize|p1|6
|teamsize|p2|6
|start
|switch|p1a: Keldeo|Keldeo-Resolute|100/100
|switch|p2a: Pelipper|Pelipper, M|100/100
|-weather|RainDance|[from] ability: Drizzle|[of] p2a: Pelipper
|turn|1
|
|t:|1757837293
|move|p1a: Keldeo|Surf|p2a: Pelipper
|-resisted|p2a: Pelipper
|-crit|p2a: Pelipper
|-damage|p2a: Pelipper|23/100
|move|p2a: Pelipper|U-turn|p1a: Keldeo
|-resisted|p1a: Keldeo
|-damage|p1a: Keldeo|96/100
|
|t:|1757837298
|switch|p2a: Blastoise|Blastoise, M|100/100|[from] U-turn
|
|-weather|RainDance|[upkeep]
|upkeep
|turn|2
|
|t:|1757837302
|move|p2a: Blastoise|Shell Smash|p2a: Blastoise
|-unboost|p2a: Blastoise|def|1
|-unboost|p2a: Blastoise|spd|1
|-boost|p2a: Blastoise|atk|2
|-boost|p2a: Blastoise|spa|2
|-boost|p2a: Blastoise|spe|2
|move|p1a: Keldeo|Surf|p2a: Blastoise
|-resisted|p2a: Blastoise
|-damage|p2a: Blastoise|33/100
|
|-weather|RainDance|[upkeep]
|-heal|p2a: Blastoise|40/100|[from] ability: Rain Dish
|upkeep
|turn|3
|
|t:|1757837313
|move|p1a: Keldeo|Vacuum Wave|p2a: Blastoise
|-damage|p2a: Blastoise|5/100
|move|p2a: Blastoise|Hydro Pump|p1a: Keldeo
|-resisted|p1a: Keldeo
|-damage|p1a: Keldeo|12/100
|-damage|p2a: Blastoise|0 fnt|[from] item: Life Orb
|faint|p2a: Blastoise
|
|-weather|RainDance|[upkeep]
|upkeep
|
|t:|1757837318
|switch|p2a: Barraskewda|Barraskewda, M|100/100
|turn|4
|
|t:|1757837321
|move|p1a: Keldeo|Vacuum Wave|p2a: Barraskewda
|-damage|p2a: Barraskewda|51/100
|move|p2a: Barraskewda|Flip Turn|p1a: Keldeo
|-resisted|p1a: Keldeo
|-damage|p1a: Keldeo|0 fnt
|faint|p1a: Keldeo
|
|t:|1757837325
|switch|p2a: Hatterene|Hatterene, F|100/100|[from] Flip Turn
|
|-weather|RainDance|[upkeep]
|upkeep
|
|t:|1757837329
|switch|p1a: Ursaluna|Ursaluna, F|100/100
|turn|5
|
|t:|1757837331
|move|p2a: Hatterene|Reflect|p2a: Hatterene
|-sidestart|p2: trollface games|Reflect
|move|p1a: Ursaluna|Substitute|p1a: Ursaluna
|-start|p1a: Ursaluna|Substitute
|-damage|p1a: Ursaluna|76/100
|
|-weather|RainDance|[upkeep]
|-status|p1a: Ursaluna|brn|[from] item: Flame Orb
|upkeep
|turn|6
|
|t:|1757837335
|move|p2a: Hatterene|Psychic Noise|p1a: Ursaluna
|-damage|p1a: Ursaluna|46/100 brn
|-start|p1a: Ursaluna|move: Heal Block
|move|p1a: Ursaluna|Facade|p2a: Hatterene
|-damage|p2a: Hatterene|53/100
|
|-weather|RainDance|[upkeep]
|-damage|p1a: Ursaluna|40/100 brn|[from] brn
|upkeep
|turn|7
|
|t:|1757837343
|move|p2a: Hatterene|Psychic Noise|p1a: Ursaluna
|-damage|p1a: Ursaluna|10/100 brn
|move|p1a: Ursaluna|Facade|p2a: Hatterene
|-crit|p2a: Hatterene
|-damage|p2a: Hatterene|0 fnt
|faint|p2a: Hatterene
|
|-weather|RainDance|[upkeep]
|-damage|p1a: Ursaluna|4/100 brn|[from] brn
|-end|p1a: Ursaluna|move: Heal Block
|upkeep
|
|t:|1757837350
|switch|p2a: Iron Treads|Iron Treads|100/100
|turn|8
|
|t:|1757837355
|move|p2a: Iron Treads|Stealth Rock|p1a: Ursaluna
|-sidestart|p1: follow vukuatlar|move: Stealth Rock
|move|p1a: Ursaluna|Facade|p2a: Iron Treads
|-resisted|p2a: Iron Treads
|-damage|p2a: Iron Treads|72/100
|-enditem|p2a: Iron Treads|Eject Button
|
|t:|1757837363
|-end|p2a: Iron Treads|Quark Drive|[silent]
|switch|p2a: Overqwil|Overqwil, F|100/100
|
|-weather|none
|-damage|p1a: Ursaluna|0 fnt|[from] brn
|faint|p1a: Ursaluna
|upkeep
|
|t:|1757837368
|switch|p1a: Cinderace|Cinderace, M|100/100
|turn|9
|
|t:|1757837373
|switch|p2a: Pelipper|Pelipper, M|23/100
|-weather|RainDance|[from] ability: Drizzle|[of] p2a: Pelipper
|move|p1a: Cinderace|Court Change|p1a: Cinderace
|-start|p1a: Cinderace|typechange|Normal|[from] ability: Libero
|-swapsideconditions
|-activate|p1a: Cinderace|move: Court Change
|
|-weather|RainDance|[upkeep]
|upkeep
|turn|10
|
|t:|1757837382
|move|p1a: Cinderace|U-turn|p2a: Pelipper
|-resisted|p2a: Pelipper
|-damage|p2a: Pelipper|14/100
|
|t:|1757837386
|switch|p1a: Slowking|Slowking, F|100/100|[from] U-turn
|move|p2a: Pelipper|Roost|p2a: Pelipper
|-heal|p2a: Pelipper|65/100
|-singleturn|p2a: Pelipper|move: Roost
|
|-weather|RainDance|[upkeep]
|upkeep
|turn|11
|
|t:|1757837394
|move|p2a: Pelipper|U-turn|p1a: Slowking
|-supereffective|p1a: Slowking
|-damage|p1a: Slowking|94/100
|
|t:|1757837396
|switch|p2a: Iron Treads|Iron Treads|72/100|[from] U-turn
|-damage|p2a: Iron Treads|69/100|[from] Stealth Rock
|-prepare|p1a: Slowking|Chilly Reception|[premajor]
|move|p1a: Slowking|Chilly Reception|p1a: Slowking
|-weather|Snowscape
|
|t:|1757837403
|switch|p1a: Cinderace|Cinderace, M|100/100|[from] Chilly Reception
|
|-weather|Snowscape|[upkeep]
|upkeep
|turn|12
|
|t:|1757837411
|-terastallize|p2a: Iron Treads|Ghost
|move|p1a: Cinderace|U-turn|p2a: Iron Treads
|-start|p1a: Cinderace|typechange|Bug|[from] ability: Libero
|-resisted|p2a: Iron Treads
|-damage|p2a: Iron Treads|53/100
|
|t:|1757837417
|switch|p1a: Dragapult|Dragapult, M|100/100|[from] U-turn
|move|p2a: Iron Treads|Rapid Spin|p1a: Dragapult
|-immune|p1a: Dragapult
|
|-weather|Snowscape|[upkeep]
|-sideend|p1: follow vukuatlar|Reflect
|upkeep
|turn|13
|
|t:|1757837423
|-end|p2a: Iron Treads|Quark Drive|[silent]
|switch|p2a: Pelipper|Pelipper, M|65/100
|-damage|p2a: Pelipper|40/100|[from] Stealth Rock
|-weather|RainDance|[from] ability: Drizzle|[of] p2a: Pelipper
|move|p1a: Dragapult|Dragon Darts|p2a: Pelipper
|-damage|p2a: Pelipper|5/100
|-anim|p1a: Dragapult|Dragon Darts|p2a: Pelipper
|-damage|p2a: Pelipper|0 fnt
|faint|p2a: Pelipper
|
|-weather|RainDance|[upkeep]
|upkeep
|
|t:|1757837426
|switch|p2a: Overqwil|Overqwil, F|100/100
|-damage|p2a: Overqwil|88/100|[from] Stealth Rock
|turn|14
|
|t:|1757837434
|switch|p1a: Cinderace|Cinderace, M|100/100
|move|p2a: Overqwil|Swords Dance|p2a: Overqwil
|-boost|p2a: Overqwil|atk|2
|
|-weather|RainDance|[upkeep]
|upkeep
|turn|15
|
|t:|1757837440
|move|p2a: Overqwil|Liquidation|p1a: Cinderace
|-supereffective|p1a: Cinderace
|-damage|p1a: Cinderace|0 fnt
|faint|p1a: Cinderace
|-damage|p2a: Overqwil|78/100|[from] item: Life Orb
|
|-weather|RainDance|[upkeep]
|upkeep
|
|t:|1757837443
|switch|p1a: Slowking|Slowking, F|100/100
|turn|16
|
|t:|1757837445
|move|p2a: Overqwil|Crunch|p1a: Slowking
|-supereffective|p1a: Slowking
|-enditem|p1a: Slowking|Colbur Berry|[eat]
|-enditem|p1a: Slowking|Colbur Berry|[weaken]
|-damage|p1a: Slowking|21/100
|-unboost|p1a: Slowking|def|1
|-damage|p2a: Overqwil|68/100|[from] item: Life Orb
|move|p1a: Slowking|Trick Room|p1a: Slowking
|-fieldstart|move: Trick Room|[of] p1a: Slowking
|
|-weather|RainDance|[upkeep]
|upkeep
|turn|17
|
|t:|1757837457
|move|p1a: Slowking|Scald|p2a: Overqwil
|-damage|p2a: Overqwil|6/100
|move|p2a: Overqwil|Liquidation|p1a: Slowking
|-resisted|p1a: Slowking
|-damage|p1a: Slowking|0 fnt
|faint|p1a: Slowking
|-damage|p2a: Overqwil|0 fnt|[from] item: Life Orb
|faint|p2a: Overqwil
|
|-weather|RainDance|[upkeep]
|upkeep
|
|t:|1757837465
|switch|p1a: Iron Hands|Iron Hands, shiny|100/100
|switch|p2a: Iron Treads|Iron Treads, tera:Ghost|53/100
|-damage|p2a: Iron Treads|40/100|[from] Stealth Rock
|turn|18
|
|t:|1757837475
|-terastallize|p1a: Iron Hands|Grass
|move|p1a: Iron Hands|Swords Dance|p1a: Iron Hands
|-boost|p1a: Iron Hands|atk|2
|move|p2a: Iron Treads|Earthquake|p1a: Iron Hands
|-resisted|p1a: Iron Hands
|-damage|p1a: Iron Hands|87/100
|
|-weather|RainDance|[upkeep]
|upkeep
|turn|19
|
|t:|1757837481
|move|p1a: Iron Hands|Thunder Punch|p2a: Iron Treads
|-damage|p2a: Iron Treads|0 fnt
|faint|p2a: Iron Treads
|-end|p2a: Iron Treads|Quark Drive|[silent]
|
|-weather|RainDance|[upkeep]
|upkeep
|
|t:|1757837484
|switch|p2a: Barraskewda|Barraskewda, M|51/100
|-damage|p2a: Barraskewda|39/100|[from] Stealth Rock
|turn|20
|
|t:|1757837487
|move|p1a: Iron Hands|Thunder Punch|p2a: Barraskewda
|-supereffective|p2a: Barraskewda
|-damage|p2a: Barraskewda|0 fnt
|faint|p2a: Barraskewda
|
|win|follow vukuatlar
|raw|follow vukuatlar's rating: 1607 &rarr; <strong>1633</strong><br />(+26 for winning)
|raw|trollface games's rating: 1722 &rarr; <strong>1696</strong><br />(-26 for losing)
|l|☆trollface games
|player|p2|
|l|☆follow vukuatlar
|player|p1|
