|j|☆Patole
|j|☆Detmys
|t:|1757810402
|gametype|singles
|player|p1|Patole|169|1365
|player|p2|Detmys|102|1397
|gen|9
|tier|[Gen 9] OU
|rated|
|rule|HP Percentage Mod: HP is shown in percentages
|rule|Endless Battle Clause: Forcing endless battles is banned
|rule|Species Clause: Limit one of each Pokémon
|rule|OHKO Clause: OHKO moves are banned
|rule|Evasion Items Clause: Evasion items are banned
|rule|Evasion Moves Clause: Evasion moves are banned
|rule|Evasion Abilities Clause: Evasion abilities are banned
|rule|Sleep Moves Clause: Sleep-inducing moves are banned
|clearpoke
|poke|p1|Darkrai|
|poke|p1|Iron Valiant|
|poke|p1|Iron Crown|
|poke|p1|Iron Hands|
|poke|p1|Meowscarada, M|
|poke|p1|Dragapult, M|
|poke|p2|Great Tusk|
|poke|p2|Slowking-Galar, F|
|poke|p2|Alomomola, M|
|poke|p2|Kingambit, M|
|poke|p2|Dragapult, M|
|poke|p2|Toucannon, F|
|teampreview
|inactive|Battle timer is ON: inactive players will automatically lose when time's up. (requested by Detmys)
|
|t:|1757810419
|teamsize|p1|6
|teamsize|p2|6
|start
|switch|p1a: Iron Valiant|Iron Valiant|100/100
|switch|p2a: Dragapult|Dragapult, M|100/100
|turn|1
|
|t:|1757810426
|move|p1a: Iron Valiant|Moonblast|p2a: Dragapult
|-supereffective|p2a: Dragapult
|-damage|p2a: Dragapult|0 fnt
|faint|p2a: Dragapult
|
|upkeep
|
|t:|1757810440
|switch|p2a: Slowking|Slowking-Galar, F|100/100
|turn|2
|
|t:|1757810449
|-end|p1a: Iron Valiant|Quark Drive|[silent]
|switch|p1a: Iron Crown|Iron Crown|100/100
|-enditem|p1a: Iron Crown|Booster Energy
|-activate|p1a: Iron Crown|ability: Quark Drive|[fromitem]
|-start|p1a: Iron Crown|quarkdrivespa
|move|p2a: Slowking|Thunder Wave|p1a: Iron Crown
|-status|p1a: Iron Crown|par
|
|upkeep
|turn|3
|
|t:|1757810459
|cant|p1a: Iron Crown|par
|-prepare|p2a: Slowking|Chilly Reception|[premajor]
|move|p2a: Slowking|Chilly Reception|p2a: Slowking
|-weather|Snowscape
|inactive|Detmys has 120 seconds left.
|
|t:|1757810487
|switch|p2a: Kingambit|Kingambit, M|100/100|[from] Chilly Reception
|-activate|p2a: Kingambit|ability: Supreme Overlord
|-start|p2a: Kingambit|fallen1|[silent]
|
|-weather|Snowscape|[upkeep]
|upkeep
|turn|4
|
|t:|1757810495
|move|p2a: Kingambit|Kowtow Cleave|p1a: Iron Crown
|-supereffective|p1a: Iron Crown
|-damage|p1a: Iron Crown|0 fnt
|faint|p1a: Iron Crown
|-end|p1a: Iron Crown|Quark Drive|[silent]
|
|-weather|Snowscape|[upkeep]
|upkeep
|
|t:|1757810498
|switch|p1a: Iron Hands|Iron Hands|100/100
|turn|5
|
|t:|1757810508
|-end|p2a: Kingambit|fallen1|[silent]
|switch|p2a: Alomomola|Alomomola, M|100/100
|move|p1a: Iron Hands|Brick Break|p2a: Alomomola
|-damage|p2a: Alomomola|78/100
|
|-weather|Snowscape|[upkeep]
|upkeep
|turn|6
|
|t:|1757810518
|move|p1a: Iron Hands|Supercell Slam|p2a: Alomomola
|-supereffective|p2a: Alomomola
|-damage|p2a: Alomomola|21/100
|move|p2a: Alomomola|Flip Turn|p1a: Iron Hands
|-damage|p1a: Iron Hands|90/100
|
|t:|1757810527
|switch|p2a: Great Tusk|Great Tusk|100/100|[from] Flip Turn
|
|-weather|Snowscape|[upkeep]
|upkeep
|turn|7
|
|t:|1757810535
|-end|p1a: Iron Hands|Quark Drive|[silent]
|switch|p1a: Meowscarada|Meowscarada, M|100/100
|move|p2a: Great Tusk|Headlong Rush|p1a: Meowscarada
|-resisted|p1a: Meowscarada
|-damage|p1a: Meowscarada|58/100
|-unboost|p2a: Great Tusk|def|1
|-unboost|p2a: Great Tusk|spd|1
|
|-weather|none
|upkeep
|turn|8
|
|t:|1757810563
|-end|p2a: Great Tusk|Protosynthesis|[silent]
|switch|p2a: Alomomola|Alomomola, M|54/100
|move|p1a: Meowscarada|Triple Axel|p2a: Alomomola
|-start|p1a: Meowscarada|typechange|Ice|[from] ability: Protean
|-resisted|p2a: Alomomola
|-damage|p2a: Alomomola|52/100
|-resisted|p2a: Alomomola
|-damage|p2a: Alomomola|47/100
|-resisted|p2a: Alomomola
|-damage|p2a: Alomomola|39/100
|-hitcount|p2a: Alomomola|3
|
|upkeep
|turn|9
|
|t:|1757810573
|-terastallize|p1a: Meowscarada|Grass
|move|p2a: Alomomola|Protect|p2a: Alomomola
|-singleturn|p2a: Alomomola|Protect
|move|p1a: Meowscarada|Flower Trick|p2a: Alomomola
|-activate|p2a: Alomomola|move: Protect
|
|upkeep
|turn|10
|
|t:|1757810581
|switch|p2a: Slowking|Slowking-Galar, F|100/100
|move|p1a: Meowscarada|Flower Trick|p2a: Slowking
|-resisted|p2a: Slowking
|-crit|p2a: Slowking
|-damage|p2a: Slowking|75/100
|
|upkeep
|turn|11
|
|t:|1757810593
|move|p1a: Meowscarada|Knock Off|p2a: Slowking
|-supereffective|p2a: Slowking
|-damage|p2a: Slowking|16/100
|-enditem|p2a: Slowking|Heavy-Duty Boots|[from] move: Knock Off|[of] p1a: Meowscarada
|move|p2a: Slowking|Thunder Wave|p1a: Meowscarada
|-status|p1a: Meowscarada|par
|
|upkeep
|turn|12
|
|t:|1757810601
|switch|p2a: Alomomola|Alomomola, M|72/100
|move|p1a: Meowscarada|Knock Off|p2a: Alomomola
|-damage|p2a: Alomomola|55/100
|-enditem|p2a: Alomomola|Heavy-Duty Boots|[from] move: Knock Off|[of] p1a: Meowscarada
|
|upkeep
|turn|13
|
|t:|1757810607
|switch|p2a: Slowking|Slowking-Galar, F|50/100
|move|p1a: Meowscarada|Flower Trick|p2a: Slowking
|-resisted|p2a: Slowking
|-crit|p2a: Slowking
|-damage|p2a: Slowking|23/100
|
|upkeep
|turn|14
|
|t:|1757810624
|switch|p2a: Kingambit|Kingambit, M|100/100
|-activate|p2a: Kingambit|ability: Supreme Overlord
|-start|p2a: Kingambit|fallen1|[silent]
|cant|p1a: Meowscarada|par
|
|upkeep
|turn|15
|
|t:|1757810633
|move|p2a: Kingambit|Low Kick|p1a: Meowscarada
|-damage|p1a: Meowscarada|14/100 par
|move|p1a: Meowscarada|Knock Off|p2a: Kingambit
|-resisted|p2a: Kingambit
|-damage|p2a: Kingambit|87/100
|-enditem|p2a: Kingambit|Leftovers|[from] move: Knock Off|[of] p1a: Meowscarada
|
|upkeep
|turn|16
|
|t:|1757810641
|move|p2a: Kingambit|Swords Dance|p2a: Kingambit
|-boost|p2a: Kingambit|atk|2
|move|p1a: Meowscarada|Flower Trick|p2a: Kingambit
|-resisted|p2a: Kingambit
|-crit|p2a: Kingambit
|-damage|p2a: Kingambit|67/100
|
|upkeep
|turn|17
|
|t:|1757810649
|switch|p1a: Iron Valiant|Iron Valiant|100/100
|move|p2a: Kingambit|Kowtow Cleave|p1a: Iron Valiant
|-resisted|p1a: Iron Valiant
|-damage|p1a: Iron Valiant|68/100
|
|upkeep
|turn|18
|
|t:|1757810661
|-end|p2a: Kingambit|fallen1|[silent]
|switch|p2a: Alomomola|Alomomola, M|88/100
|move|p1a: Iron Valiant|Aura Sphere|p2a: Alomomola
|-damage|p2a: Alomomola|44/100
|
|upkeep
|turn|19
|
|t:|1757810667
|switch|p2a: Slowking|Slowking-Galar, F|56/100
|move|p1a: Iron Valiant|Aura Sphere|p2a: Slowking
|-resisted|p2a: Slowking
|-crit|p2a: Slowking
|-damage|p2a: Slowking|48/100
|
|upkeep
|turn|20
|
|t:|1757810676
|-end|p1a: Iron Valiant|Quark Drive|[silent]
|switch|p1a: Meowscarada|Meowscarada, M, tera:Grass|14/100 par
|-prepare|p2a: Slowking|Chilly Reception|[premajor]
|move|p2a: Slowking|Chilly Reception|p2a: Slowking
|-weather|Snowscape
|
|t:|1757810689
|switch|p2a: Great Tusk|Great Tusk|100/100|[from] Chilly Reception
|
|-weather|Snowscape|[upkeep]
|upkeep
|turn|21
|
|t:|1757810695
|move|p2a: Great Tusk|Ice Spinner|p1a: Meowscarada
|-supereffective|p1a: Meowscarada
|-damage|p1a: Meowscarada|0 fnt
|faint|p1a: Meowscarada
|
|-weather|Snowscape|[upkeep]
|upkeep
|
|t:|1757810698
|switch|p1a: Iron Valiant|Iron Valiant|68/100
|turn|22
|
|t:|1757810716
|-terastallize|p2a: Great Tusk|Poison
|move|p1a: Iron Valiant|Moonblast|p2a: Great Tusk
|-resisted|p2a: Great Tusk
|-damage|p2a: Great Tusk|71/100
|move|p2a: Great Tusk|Rapid Spin|p1a: Iron Valiant
|-damage|p1a: Iron Valiant|48/100
|-boost|p2a: Great Tusk|spe|1
|
|-weather|Snowscape|[upkeep]
|upkeep
|turn|23
|
|t:|1757810731
|-end|p1a: Iron Valiant|Quark Drive|[silent]
|switch|p1a: Dragapult|Dragapult, M|100/100
|move|p2a: Great Tusk|Rapid Spin|p1a: Dragapult
|-immune|p1a: Dragapult
|
|-weather|Snowscape|[upkeep]
|upkeep
|turn|24
|
|t:|1757810741
|move|p2a: Great Tusk|Ice Spinner|p1a: Dragapult
|-supereffective|p1a: Dragapult
|-damage|p1a: Dragapult|36/100
|move|p1a: Dragapult|Outrage|p2a: Great Tusk
|-damage|p2a: Great Tusk|15/100
|-damage|p1a: Dragapult|20/100|[from] item: Rocky Helmet|[of] p2a: Great Tusk
|
|-weather|none
|upkeep
|turn|25
|
|t:|1757810763
|move|p2a: Great Tusk|Stealth Rock|p1a: Dragapult
|-sidestart|p1: Patole|move: Stealth Rock
|move|p1a: Dragapult|Outrage|p2a: Great Tusk|[from] lockedmove
|-damage|p2a: Great Tusk|0 fnt
|-damage|p1a: Dragapult|3/100|[from] item: Rocky Helmet|[of] p2a: Great Tusk
|faint|p2a: Great Tusk
|-end|p2a: Great Tusk|Protosynthesis|[silent]
|
|upkeep
|inactive|Detmys has 120 seconds left.
|
|t:|1757810777
|switch|p2a: Kingambit|Kingambit, M|67/100
|-activate|p2a: Kingambit|ability: Supreme Overlord
|-start|p2a: Kingambit|fallen2|[silent]
|turn|26
|
|t:|1757810781
|move|p2a: Kingambit|Sucker Punch|p1a: Dragapult
|-supereffective|p1a: Dragapult
|-damage|p1a: Dragapult|0 fnt
|faint|p1a: Dragapult
|
|upkeep
|
|t:|1757810784
|switch|p1a: Iron Hands|Iron Hands|90/100
|-damage|p1a: Iron Hands|84/100|[from] Stealth Rock
|turn|27
|
|t:|1757810797
|-end|p2a: Kingambit|fallen2|[silent]
|switch|p2a: Slowking|Slowking-Galar, F|81/100
|move|p1a: Iron Hands|Close Combat|p2a: Slowking
|-resisted|p2a: Slowking
|-damage|p2a: Slowking|63/100
|-unboost|p1a: Iron Hands|def|1
|-unboost|p1a: Iron Hands|spd|1
|
|upkeep
|turn|28
|
|t:|1757810809
|move|p1a: Iron Hands|Volt Switch|p2a: Slowking
|-damage|p2a: Slowking|56/100
|
|t:|1757810814
|-end|p1a: Iron Hands|Quark Drive|[silent]
|switch|p1a: Darkrai|Darkrai|100/100|[from] Volt Switch
|-damage|p1a: Darkrai|88/100|[from] Stealth Rock
|move|p2a: Slowking|Thunder Wave|p1a: Darkrai|[miss]
|-miss|p2a: Slowking|p1a: Darkrai
|
|upkeep
|turn|29
|
|t:|1757810827
|switch|p2a: Alomomola|Alomomola, M|77/100
|move|p1a: Darkrai|Dark Pulse|p2a: Alomomola
|-damage|p2a: Alomomola|2/100
|
|upkeep
|turn|30
|
|t:|1757810835
|move|p1a: Darkrai|Dark Pulse|p2a: Alomomola
|-damage|p2a: Alomomola|0 fnt
|faint|p2a: Alomomola
|
|upkeep
|
|t:|1757810841
|switch|p2a: Kingambit|Kingambit, M|67/100
|-activate|p2a: Kingambit|ability: Supreme Overlord
|-start|p2a: Kingambit|fallen3|[silent]
|turn|31
|
|t:|1757810866
|switch|p1a: Iron Hands|Iron Hands|84/100
|-damage|p1a: Iron Hands|78/100|[from] Stealth Rock
|move|p2a: Kingambit|Low Kick|p1a: Iron Hands
|-damage|p1a: Iron Hands|44/100
|
|upkeep
|turn|32
|
|t:|1757810876
|-end|p2a: Kingambit|fallen3|[silent]
|switch|p2a: Slowking|Slowking-Galar, F|89/100
|move|p1a: Iron Hands|Close Combat|p2a: Slowking
|-resisted|p2a: Slowking
|-damage|p2a: Slowking|74/100
|-unboost|p1a: Iron Hands|def|1
|-unboost|p1a: Iron Hands|spd|1
|
|upkeep
|turn|33
|
|t:|1757810896
|move|p1a: Iron Hands|Supercell Slam|p2a: Slowking
|-damage|p2a: Slowking|15/100
|-prepare|p2a: Slowking|Chilly Reception|[premajor]
|move|p2a: Slowking|Chilly Reception|p2a: Slowking
|-weather|Snowscape
|
|t:|1757810904
|switch|p2a: Toucannon|Toucannon, F|100/100|[from] Chilly Reception
|
|-weather|Snowscape|[upkeep]
|upkeep
|turn|34
|
|t:|1757810918
|move|p2a: Toucannon|Brave Bird|p1a: Iron Hands
|-damage|p1a: Iron Hands|0 fnt
|faint|p1a: Iron Hands
|-end|p1a: Iron Hands|Quark Drive|[silent]
|-damage|p2a: Toucannon|79/100|[from] Recoil
|
|-weather|Snowscape|[upkeep]
|upkeep
|inactive|Patole has 120 seconds left.
|
|t:|1757810962
|switch|p1a: Darkrai|Darkrai|88/100
|-damage|p1a: Darkrai|76/100|[from] Stealth Rock
|turn|35
|
|t:|1757810973
|move|p1a: Darkrai|Focus Blast|p2a: Toucannon|[miss]
|-miss|p1a: Darkrai|p2a: Toucannon
|move|p2a: Toucannon|Brave Bird|p1a: Darkrai
|-crit|p1a: Darkrai
|-damage|p1a: Darkrai|0 fnt
|faint|p1a: Darkrai
|-damage|p2a: Toucannon|56/100|[from] Recoil
|
|-weather|Snowscape|[upkeep]
|upkeep
|
|t:|1757810977
|switch|p1a: Iron Valiant|Iron Valiant|48/100
|-damage|p1a: Iron Valiant|41/100|[from] Stealth Rock
|turn|36
|inactive|Patole has 120 seconds left.
|
|t:|1757810985
|move|p1a: Iron Valiant|Aura Sphere|p2a: Toucannon
|-damage|p2a: Toucannon|0 fnt
|faint|p2a: Toucannon
|
|-weather|Snowscape|[upkeep]
|upkeep
|
|t:|1757810990
|switch|p2a: Slowking|Slowking-Galar, F|48/100
|turn|37
|
|t:|1757810994
|move|p1a: Iron Valiant|Aura Sphere|p2a: Slowking
|-resisted|p2a: Slowking
|-damage|p2a: Slowking|43/100
|move|p2a: Slowking|Sludge Bomb|p1a: Iron Valiant
|-supereffective|p1a: Iron Valiant
|-damage|p1a: Iron Valiant|0 fnt
|faint|p1a: Iron Valiant
|-end|p1a: Iron Valiant|Quark Drive|[silent]
|
|win|Detmys
|raw|Patole's rating: 1365 &rarr; <strong>1347</strong><br />(-18 for losing)
|raw|Detmys's rating: 1397 &rarr; <strong>1415</strong><br />(+18 for winning)
|l|☆Patole
|player|p1|
|l|☆Detmys
|player|p2|
