|j|☆ntp69
|j|☆Micahblast115
|t:|1757845462
|gametype|singles
|player|p1|ntp69|266|1227
|player|p2|Micahblast115|cyclist-gen4|1276
|gen|9
|tier|[Gen 9] OU
|rated|
|rule|HP Percentage Mod: HP is shown in percentages
|rule|Endless Battle Clause: Forcing endless battles is banned
|rule|Species Clause: Limit one of each Pokémon
|rule|OHKO Clause: OHKO moves are banned
|rule|Evasion Items Clause: Evasion items are banned
|rule|Evasion Moves Clause: Evasion moves are banned
|rule|Evasion Abilities Clause: Evasion abilities are banned
|rule|Sleep Moves Clause: Sleep-inducing moves are banned
|clearpoke
|poke|p1|Jolteon, F|
|poke|p1|Pelipper, F|
|poke|p1|Barraskewda, F|
|poke|p1|Sinistcha-Masterpiece|
|poke|p1|Kilowattrel, M|
|poke|p1|Great Tusk|
|poke|p2|Cinderace, F|
|poke|p2|Corviknight, M|
|poke|p2|Raging Bolt|
|poke|p2|Dragonite, M|
|poke|p2|Samurott-Hisui, F|
|poke|p2|Serperior, F|
|teampreview
|inactive|Battle timer is ON: inactive players will automatically lose when time's up. (requested by Micahblast115)
|
|t:|1757845476
|teamsize|p1|6
|teamsize|p2|6
|start
|switch|p1a: Pelipper|Pelipper, F|100/100
|switch|p2a: Samurott|Samurott-Hisui, F|100/100
|-weather|RainDance|[from] ability: Drizzle|[of] p1a: Pelipper
|turn|1
|
|t:|1757845492
|move|p2a: Samurott|Flip Turn|p1a: Pelipper
|-resisted|p1a: Pelipper
|-damage|p1a: Pelipper|85/100
|
|t:|1757845499
|switch|p2a: Serperior|Serperior, F|100/100|[from] Flip Turn
|move|p1a: Pelipper|U-turn|p2a: Serperior
|-supereffective|p2a: Serperior
|-damage|p2a: Serperior|81/100
|
|t:|1757845503
|switch|p1a: Kilowattrel|Kilowattrel, M|100/100|[from] U-turn
|
|-weather|RainDance|[upkeep]
|upkeep
|turn|2
|
|t:|1757845517
|move|p1a: Kilowattrel|Hurricane|p2a: Serperior
|-supereffective|p2a: Serperior
|-damage|p2a: Serperior|0 fnt
|faint|p2a: Serperior
|
|-weather|RainDance|[upkeep]
|upkeep
|
|t:|1757845532
|switch|p2a: Cinderace|Cinderace, F|100/100
|turn|3
|
|t:|1757845540
|move|p2a: Cinderace|Sucker Punch|p1a: Kilowattrel
|-start|p2a: Cinderace|typechange|Dark|[from] ability: Libero
|-damage|p1a: Kilowattrel|9/100
|move|p1a: Kilowattrel|Weather Ball|p2a: Cinderace
|-damage|p2a: Cinderace|39/100
|
|-weather|RainDance|[upkeep]
|upkeep
|turn|4
|
|t:|1757845552
|switch|p1a: Barraskewda|Barraskewda, F|100/100
|switch|p2a: Samurott|Samurott-Hisui, F|100/100
|
|-weather|RainDance|[upkeep]
|upkeep
|turn|5
|
|t:|1757845579
|switch|p2a: Corviknight|Corviknight, M|100/100
|move|p1a: Barraskewda|Close Combat|p2a: Corviknight
|-damage|p2a: Corviknight|61/100
|-unboost|p1a: Barraskewda|def|1
|-unboost|p1a: Barraskewda|spd|1
|-damage|p1a: Barraskewda|84/100|[from] item: Rocky Helmet|[of] p2a: Corviknight
|
|-weather|RainDance|[upkeep]
|upkeep
|turn|6
|
|t:|1757845586
|switch|p1a: Kilowattrel|Kilowattrel, M|9/100
|move|p2a: Corviknight|U-turn|p1a: Kilowattrel
|-resisted|p1a: Kilowattrel
|-damage|p1a: Kilowattrel|0 fnt
|faint|p1a: Kilowattrel
|
|t:|1757845594
|switch|p2a: Samurott|Samurott-Hisui, F|100/100|[from] U-turn
|
|-weather|RainDance|[upkeep]
|upkeep
|
|t:|1757845598
|switch|p1a: Jolteon|Jolteon, F|100/100
|turn|7
|
|t:|1757845609
|move|p2a: Samurott|Flip Turn|p1a: Jolteon
|-damage|p1a: Jolteon|27/100
|
|t:|1757845624
|switch|p2a: Cinderace|Cinderace, F|39/100|[from] Flip Turn
|move|p1a: Jolteon|Volt Switch|p2a: Cinderace
|-damage|p2a: Cinderace|0 fnt
|faint|p2a: Cinderace
|-damage|p1a: Jolteon|17/100|[from] item: Life Orb
|
|t:|1757845631
|switch|p1a: Barraskewda|Barraskewda, F|84/100|[from] Volt Switch
|
|-weather|RainDance|[upkeep]
|upkeep
|
|t:|1757845640
|switch|p2a: Dragonite|Dragonite, M|100/100
|turn|8
|
|t:|1757845646
|switch|p1a: Sinistcha|Sinistcha-Masterpiece|100/100
|move|p2a: Dragonite|Dragon Dance|p2a: Dragonite
|-boost|p2a: Dragonite|atk|1
|-boost|p2a: Dragonite|spe|1
|
|-weather|none
|upkeep
|turn|9
|
|t:|1757845658
|move|p2a: Dragonite|Dragon Claw|p1a: Sinistcha
|-damage|p1a: Sinistcha|39/100
|-damage|p2a: Dragonite|91/100|[from] item: Life Orb
|move|p1a: Sinistcha|Strength Sap|p2a: Dragonite
|-unboost|p2a: Dragonite|atk|1
|-heal|p1a: Sinistcha|100/100
|
|upkeep
|turn|10
|
|t:|1757845679
|move|p2a: Dragonite|Dragon Claw|p1a: Sinistcha
|-damage|p1a: Sinistcha|62/100
|-damage|p2a: Dragonite|81/100|[from] item: Life Orb
|move|p1a: Sinistcha|Strength Sap|p2a: Dragonite
|-unboost|p2a: Dragonite|atk|1
|-heal|p1a: Sinistcha|100/100
|
|upkeep
|turn|11
|
|t:|1757845690
|switch|p2a: Samurott|Samurott-Hisui, F|100/100
|move|p1a: Sinistcha|Calm Mind|p1a: Sinistcha
|-boost|p1a: Sinistcha|spa|1
|-boost|p1a: Sinistcha|spd|1
|
|upkeep
|turn|12
|
|t:|1757845695
|move|p2a: Samurott|Ceaseless Edge|p1a: Sinistcha
|-supereffective|p1a: Sinistcha
|-damage|p1a: Sinistcha|37/100
|-sidestart|p1: ntp69|Spikes
|move|p1a: Sinistcha|Giga Drain|p2a: Samurott
|-supereffective|p2a: Samurott
|-damage|p2a: Samurott|0 fnt
|-heal|p1a: Sinistcha|84/100|[from] drain|[of] p2a: Samurott
|faint|p2a: Samurott
|
|-heal|p1a: Sinistcha|90/100|[from] item: Leftovers
|upkeep
|
|t:|1757845702
|switch|p2a: Corviknight|Corviknight, M|61/100
|turn|13
|
|t:|1757845715
|-terastallize|p1a: Sinistcha|Steel
|move|p1a: Sinistcha|Calm Mind|p1a: Sinistcha
|-boost|p1a: Sinistcha|spa|1
|-boost|p1a: Sinistcha|spd|1
|move|p2a: Corviknight|Roost|p2a: Corviknight
|-heal|p2a: Corviknight|100/100
|-singleturn|p2a: Corviknight|move: Roost
|
|-heal|p1a: Sinistcha|96/100|[from] item: Leftovers
|upkeep
|turn|14
|
|t:|1757845725
|move|p1a: Sinistcha|Calm Mind|p1a: Sinistcha
|-boost|p1a: Sinistcha|spa|1
|-boost|p1a: Sinistcha|spd|1
|move|p2a: Corviknight|U-turn|p1a: Sinistcha
|-resisted|p1a: Sinistcha
|-damage|p1a: Sinistcha|92/100
|
|t:|1757845728
|switch|p2a: Raging Bolt|Raging Bolt|100/100|[from] U-turn
|-enditem|p2a: Raging Bolt|Booster Energy
|-activate|p2a: Raging Bolt|ability: Protosynthesis|[fromitem]
|-start|p2a: Raging Bolt|protosynthesisspa
|
|-heal|p1a: Sinistcha|98/100|[from] item: Leftovers
|upkeep
|turn|15
|
|t:|1757845738
|move|p2a: Raging Bolt|Draco Meteor|p1a: Sinistcha
|-resisted|p1a: Sinistcha
|-damage|p1a: Sinistcha|74/100
|-unboost|p2a: Raging Bolt|spa|2
|move|p1a: Sinistcha|Shadow Ball|p2a: Raging Bolt
|-damage|p2a: Raging Bolt|28/100
|-unboost|p2a: Raging Bolt|spd|1
|
|-heal|p1a: Sinistcha|80/100|[from] item: Leftovers
|upkeep
|turn|16
|
|t:|1757845746
|move|p2a: Raging Bolt|Thunderclap|p1a: Sinistcha
|-damage|p1a: Sinistcha|68/100
|move|p1a: Sinistcha|Shadow Ball|p2a: Raging Bolt
|-damage|p2a: Raging Bolt|0 fnt
|faint|p2a: Raging Bolt
|-end|p2a: Raging Bolt|Protosynthesis|[silent]
|
|-heal|p1a: Sinistcha|74/100|[from] item: Leftovers
|upkeep
|
|t:|1757845749
|switch|p2a: Corviknight|Corviknight, M|100/100
|turn|17
|
|t:|1757845757
|move|p1a: Sinistcha|Shadow Ball|p2a: Corviknight
|-damage|p2a: Corviknight|27/100
|-ability|p2a: Corviknight|Mirror Armor
|-unboost|p1a: Sinistcha|spd|1
|move|p2a: Corviknight|U-turn|p1a: Sinistcha
|-resisted|p1a: Sinistcha
|-damage|p1a: Sinistcha|69/100
|
|t:|1757845763
|switch|p2a: Dragonite|Dragonite, M|81/100|[from] U-turn
|
|-heal|p1a: Sinistcha|75/100|[from] item: Leftovers
|upkeep
|turn|18
|
|t:|1757845768
|move|p2a: Dragonite|Earthquake|p1a: Sinistcha
|-supereffective|p1a: Sinistcha
|-damage|p1a: Sinistcha|2/100
|-damage|p2a: Dragonite|71/100|[from] item: Life Orb
|move|p1a: Sinistcha|Strength Sap|p2a: Dragonite
|-unboost|p2a: Dragonite|atk|1
|-heal|p1a: Sinistcha|100/100
|
|upkeep
|turn|19
|-message|Micahblast115 forfeited.
|
|win|ntp69
|raw|ntp69's rating: 1227 &rarr; <strong>1256</strong><br />(+29 for winning)
|raw|Micahblast115's rating: 1276 &rarr; <strong>1247</strong><br />(-29 for losing)
|l|☆Micahblast115
|player|p2|
|l|☆ntp69
|player|p1|
