|j|☆SlimyTime
|j|☆Obito 2001
|t:|1757887569
|gametype|singles
|player|p1|SlimyTime|ltsurge|1690
|player|p2|Obito 2001|blue-gen3two|1702
|gen|9
|tier|[Gen 9] OU
|rated|
|rule|HP Percentage Mod: HP is shown in percentages
|rule|Endless Battle Clause: Forcing endless battles is banned
|rule|Species Clause: Limit one of each Pokémon
|rule|OHKO Clause: OHKO moves are banned
|rule|Evasion Items Clause: Evasion items are banned
|rule|Evasion Moves Clause: Evasion moves are banned
|rule|Evasion Abilities Clause: Evasion abilities are banned
|rule|Sleep Moves Clause: Sleep-inducing moves are banned
|clearpoke
|poke|p1|Ogerpon-Wellspring, F|
|poke|p1|Zamazenta-*|
|poke|p1|Iron Treads|
|poke|p1|Pecharunt|
|poke|p1|Samurott-Hisui, F|
|poke|p1|Hatterene, F|
|poke|p2|Alomomola, F|
|poke|p2|Salamence, M|
|poke|p2|Cinderace, F|
|poke|p2|Gliscor, F|
|poke|p2|Grimmsnarl, M|
|poke|p2|Darkrai|
|teampreview
|inactive|Battle timer is ON: inactive players will automatically lose when time's up. (requested by Obito 2001)
|
|t:|1757887595
|teamsize|p1|6
|teamsize|p2|6
|start
|switch|p1a: Samurott|Samurott-Hisui, F|100/100
|switch|p2a: BunnyGirlSenpai|Cinderace, F|100/100
|turn|1
|
|t:|1757887609
|switch|p1a: Pecharunt|Pecharunt|100/100
|move|p2a: BunnyGirlSenpai|Will-O-Wisp|p1a: Pecharunt
|-status|p1a: Pecharunt|brn
|
|-damage|p1a: Pecharunt|94/100 brn|[from] brn
|upkeep
|turn|2
|inactive|Obito 2001 has 120 seconds left.
|inactive|Obito 2001 has 90 seconds left.
|
|t:|1757887669
|switch|p2a: Ban me|Gliscor, F|100/100
|move|p1a: Pecharunt|Parting Shot|p2a: Ban me
|-unboost|p2a: Ban me|atk|1
|-unboost|p2a: Ban me|spa|1
|
|t:|1757887674
|switch|p1a: Ogerpon|Ogerpon-Wellspring, F|100/100|[from] Parting Shot
|
|-status|p2a: Ban me|tox|[from] item: Toxic Orb
|upkeep
|turn|3
|
|t:|1757887679
|switch|p2a: Salamence|Salamence, M|100/100
|move|p1a: Ogerpon|Ivy Cudgel|p2a: Salamence|[anim] Ivy Cudgel Water
|-resisted|p2a: Salamence
|-damage|p2a: Salamence|61/100
|
|upkeep
|turn|4
|
|t:|1757887686
|switch|p2a: BunnyGirlSenpai|Cinderace, F|100/100
|move|p1a: Ogerpon|U-turn|p2a: BunnyGirlSenpai
|-resisted|p2a: BunnyGirlSenpai
|-damage|p2a: BunnyGirlSenpai|85/100
|
|t:|1757887690
|switch|p1a: Pecharunt|Pecharunt|94/100 brn|[from] U-turn
|
|-damage|p1a: Pecharunt|88/100 brn|[from] brn
|upkeep
|turn|5
|
|t:|1757887695
|move|p2a: BunnyGirlSenpai|Pyro Ball|p1a: Pecharunt
|-damage|p1a: Pecharunt|66/100 brn
|move|p1a: Pecharunt|Parting Shot|p2a: BunnyGirlSenpai
|-unboost|p2a: BunnyGirlSenpai|atk|1
|-unboost|p2a: BunnyGirlSenpai|spa|1
|
|t:|1757887700
|switch|p1a: Samurott|Samurott-Hisui, F|100/100|[from] Parting Shot
|
|upkeep
|turn|6
|
|t:|1757887706
|move|p2a: BunnyGirlSenpai|U-turn|p1a: Samurott
|-supereffective|p1a: Samurott
|-damage|p1a: Samurott|71/100
|
|t:|1757887716
|switch|p2a: Darkrai|Darkrai|100/100|[from] U-turn
|move|p1a: Samurott|Knock Off|p2a: Darkrai
|-resisted|p2a: Darkrai
|-damage|p2a: Darkrai|71/100
|-enditem|p2a: Darkrai|Choice Specs|[from] move: Knock Off|[of] p1a: Samurott
|
|upkeep
|turn|7
|j| Jey2
|
|t:|1757887722
|switch|p1a: Hatterene|Hatterene, F|100/100
|move|p2a: Darkrai|Sludge Bomb|p1a: Hatterene
|-supereffective|p1a: Hatterene
|-damage|p1a: Hatterene|63/100
|
|upkeep
|turn|8
|
|t:|1757887726
|switch|p2a: Ban me|Gliscor, F|100/100 tox
|move|p1a: Hatterene|Draining Kiss|p2a: Ban me
|-damage|p2a: Ban me|56/100 tox
|-heal|p1a: Hatterene|93/100|[from] drain|[of] p2a: Ban me
|
|-heal|p2a: Ban me|69/100 tox|[from] ability: Poison Heal
|upkeep
|turn|9
|
|t:|1757887729
|move|p2a: Ban me|Fling|p1a: Hatterene
|-damage|p1a: Hatterene|84/100
|-status|p1a: Hatterene|tox
|-enditem|p2a: Ban me|Toxic Orb|[from] move: Fling
|move|p1a: Hatterene|Draining Kiss|p2a: Ban me
|-damage|p2a: Ban me|28/100 tox
|-heal|p1a: Hatterene|100/100 tox|[from] drain|[of] p2a: Ban me
|
|-heal|p2a: Ban me|40/100 tox|[from] ability: Poison Heal
|-damage|p1a: Hatterene|95/100 tox|[from] psn
|upkeep
|turn|10
|
|t:|1757887737
|switch|p2a: BunnyGirlSenpai|Cinderace, F|85/100
|switch|p1a: Ogerpon|Ogerpon-Wellspring, F|100/100
|
|upkeep
|turn|11
|
|t:|1757887741
|switch|p1a: Pecharunt|Pecharunt|66/100 brn
|move|p2a: BunnyGirlSenpai|U-turn|p1a: Pecharunt
|-resisted|p1a: Pecharunt
|-damage|p1a: Pecharunt|64/100 brn
|
|t:|1757887743
|switch|p2a: Ban me|Gliscor, F|40/100 tox|[from] U-turn
|
|-heal|p2a: Ban me|53/100 tox|[from] ability: Poison Heal
|-damage|p1a: Pecharunt|58/100 brn|[from] brn
|upkeep
|turn|12
|l| Jey2
|
|t:|1757887749
|move|p2a: Ban me|Swords Dance|p2a: Ban me
|-boost|p2a: Ban me|atk|2
|move|p1a: Pecharunt|Parting Shot|p2a: Ban me
|-unboost|p2a: Ban me|atk|1
|-unboost|p2a: Ban me|spa|1
|
|t:|1757887751
|switch|p1a: Ogerpon|Ogerpon-Wellspring, F|100/100|[from] Parting Shot
|
|-heal|p2a: Ban me|65/100 tox|[from] ability: Poison Heal
|upkeep
|turn|13
|
|t:|1757887760
|switch|p2a: Salamence|Salamence, M|61/100
|move|p1a: Ogerpon|Ivy Cudgel|p2a: Salamence|[anim] Ivy Cudgel Water
|-resisted|p2a: Salamence
|-damage|p2a: Salamence|22/100
|
|upkeep
|turn|14
|
|t:|1757887765
|-terastallize|p2a: Salamence|Flying
|move|p2a: Salamence|Tera Blast|p1a: Ogerpon|[anim] Tera Blast Flying
|-supereffective|p1a: Ogerpon
|-damage|p1a: Ogerpon|0 fnt
|faint|p1a: Ogerpon
|-ability|p2a: Salamence|Moxie|boost
|-boost|p2a: Salamence|atk|1
|
|upkeep
|
|t:|1757887768
|switch|p1a: Iron Treads|Iron Treads|100/100
|turn|15
|
|t:|1757887772
|switch|p2a: Ban me|Gliscor, F|65/100 tox
|move|p1a: Iron Treads|Knock Off|p2a: Ban me
|-damage|p2a: Ban me|46/100 tox
|
|-heal|p2a: Ban me|59/100 tox|[from] ability: Poison Heal
|upkeep
|turn|16
|
|t:|1757887777
|switch|p2a: BunnyGirlSenpai|Cinderace, F|85/100
|move|p1a: Iron Treads|Stealth Rock|p2a: BunnyGirlSenpai
|-sidestart|p2: Obito 2001|move: Stealth Rock
|
|upkeep
|turn|17
|
|t:|1757887783
|move|p2a: BunnyGirlSenpai|Will-O-Wisp|p1a: Iron Treads
|-status|p1a: Iron Treads|brn
|move|p1a: Iron Treads|Rapid Spin|p2a: BunnyGirlSenpai
|-damage|p2a: BunnyGirlSenpai|76/100
|-boost|p1a: Iron Treads|spe|1
|
|-damage|p1a: Iron Treads|94/100 brn|[from] brn
|upkeep
|turn|18
|
|t:|1757887786
|move|p1a: Iron Treads|Knock Off|p2a: BunnyGirlSenpai
|-damage|p2a: BunnyGirlSenpai|56/100
|-enditem|p2a: BunnyGirlSenpai|Heavy-Duty Boots|[from] move: Knock Off|[of] p1a: Iron Treads
|move|p2a: BunnyGirlSenpai|Pyro Ball|p1a: Iron Treads|[miss]
|-miss|p2a: BunnyGirlSenpai|p1a: Iron Treads
|
|-heal|p1a: Iron Treads|100/100 brn|[from] item: Leftovers
|-damage|p1a: Iron Treads|94/100 brn|[from] brn
|upkeep
|turn|19
|
|t:|1757887790
|-end|p1a: Iron Treads|Quark Drive|[silent]
|switch|p1a: Pecharunt|Pecharunt|58/100 brn
|move|p2a: BunnyGirlSenpai|Court Change|p2a: BunnyGirlSenpai
|-swapsideconditions
|-activate|p2a: BunnyGirlSenpai|move: Court Change
|
|-damage|p1a: Pecharunt|52/100 brn|[from] brn
|upkeep
|turn|20
|
|t:|1757887793
|move|p2a: BunnyGirlSenpai|U-turn|p1a: Pecharunt
|-resisted|p1a: Pecharunt
|-damage|p1a: Pecharunt|49/100 brn
|
|t:|1757887797
|switch|p2a: Ban me|Gliscor, F|59/100 tox|[from] U-turn
|move|p1a: Pecharunt|Parting Shot|p2a: Ban me
|-unboost|p2a: Ban me|atk|1
|-unboost|p2a: Ban me|spa|1
|
|t:|1757887800
|switch|p1a: Samurott|Samurott-Hisui, F|71/100|[from] Parting Shot
|
|-heal|p2a: Ban me|71/100 tox|[from] ability: Poison Heal
|upkeep
|turn|21
|
|t:|1757887817
|switch|p2a: Darkrai|Darkrai|71/100
|move|p1a: Samurott|Ceaseless Edge|p2a: Darkrai|[miss]
|-miss|p1a: Samurott|p2a: Darkrai
|
|upkeep
|turn|22
|
|t:|1757887822
|switch|p1a: Hatterene|Hatterene, F|95/100 tox
|-damage|p1a: Hatterene|82/100 tox|[from] Stealth Rock
|move|p2a: Darkrai|Sludge Bomb|p1a: Hatterene
|-supereffective|p1a: Hatterene
|-damage|p1a: Hatterene|40/100 tox
|
|-damage|p1a: Hatterene|34/100 tox|[from] psn
|upkeep
|turn|23
|
|t:|1757887825
|move|p2a: Darkrai|Sludge Bomb|p1a: Hatterene
|-supereffective|p1a: Hatterene
|-damage|p1a: Hatterene|0 fnt
|faint|p1a: Hatterene
|
|upkeep
|
|t:|1757887834
|switch|p1a: Iron Treads|Iron Treads|94/100 brn
|-damage|p1a: Iron Treads|91/100 brn|[from] Stealth Rock
|turn|24
|
|t:|1757887838
|move|p2a: Darkrai|Dark Pulse|p1a: Iron Treads
|-damage|p1a: Iron Treads|30/100 brn
|cant|p1a: Iron Treads|flinch
|
|-heal|p1a: Iron Treads|37/100 brn|[from] item: Leftovers
|-damage|p1a: Iron Treads|30/100 brn|[from] brn
|upkeep
|turn|25
|
|t:|1757887842
|move|p2a: Darkrai|Dark Pulse|p1a: Iron Treads
|-damage|p1a: Iron Treads|0 fnt
|faint|p1a: Iron Treads
|-end|p1a: Iron Treads|Quark Drive|[silent]
|
|upkeep
|
|t:|1757887845
|switch|p1a: Zamazenta|Zamazenta|100/100
|-damage|p1a: Zamazenta|94/100|[from] Stealth Rock
|-ability|p1a: Zamazenta|Dauntless Shield|boost
|-boost|p1a: Zamazenta|def|1
|turn|26
|
|t:|1757887850
|switch|p2a: Ban me|Gliscor, F|71/100 tox
|move|p1a: Zamazenta|Substitute|p1a: Zamazenta
|-start|p1a: Zamazenta|Substitute
|-damage|p1a: Zamazenta|70/100
|
|-heal|p1a: Zamazenta|76/100|[from] item: Leftovers
|-heal|p2a: Ban me|83/100 tox|[from] ability: Poison Heal
|upkeep
|turn|27
|
|t:|1757887856
|move|p1a: Zamazenta|Iron Defense|p1a: Zamazenta
|-boost|p1a: Zamazenta|def|2
|move|p2a: Ban me|Acrobatics|p1a: Zamazenta
|-supereffective|p1a: Zamazenta
|-end|p1a: Zamazenta|Substitute
|
|-heal|p1a: Zamazenta|82/100|[from] item: Leftovers
|-heal|p2a: Ban me|96/100 tox|[from] ability: Poison Heal
|upkeep
|turn|28
|
|t:|1757887866
|move|p1a: Zamazenta|Iron Defense|p1a: Zamazenta
|-boost|p1a: Zamazenta|def|2
|move|p2a: Ban me|Swords Dance|p2a: Ban me
|-boost|p2a: Ban me|atk|2
|
|-heal|p1a: Zamazenta|88/100|[from] item: Leftovers
|-heal|p2a: Ban me|100/100 tox|[from] ability: Poison Heal
|upkeep
|turn|29
|
|t:|1757887869
|move|p1a: Zamazenta|Body Press|p2a: Ban me
|-resisted|p2a: Ban me
|-damage|p2a: Ban me|35/100 tox
|move|p2a: Ban me|Acrobatics|p1a: Zamazenta
|-supereffective|p1a: Zamazenta
|-damage|p1a: Zamazenta|49/100
|
|-heal|p1a: Zamazenta|55/100|[from] item: Leftovers
|-heal|p2a: Ban me|47/100 tox|[from] ability: Poison Heal
|upkeep
|turn|30
|
|t:|1757887876
|switch|p2a: Momo Hirai|Alomomola, F|100/100
|move|p1a: Zamazenta|Body Press|p2a: Momo Hirai
|-damage|p2a: Momo Hirai|20/100
|-enditem|p2a: Momo Hirai|Red Card|[of] p1a: Zamazenta
|drag|p1a: Samurott|Samurott-Hisui, F|71/100
|
|upkeep
|turn|31
|
|t:|1757887889
|switch|p2a: Grimmsnarl|Grimmsnarl, M|100/100
|move|p1a: Samurott|Ceaseless Edge|p2a: Grimmsnarl
|-resisted|p2a: Grimmsnarl
|-damage|p2a: Grimmsnarl|91/100
|-sidestart|p2: Obito 2001|Spikes
|
|upkeep
|turn|32
|
|t:|1757887893
|move|p2a: Grimmsnarl|Reflect|p2a: Grimmsnarl
|-sidestart|p2: Obito 2001|Reflect
|move|p1a: Samurott|Ceaseless Edge|p2a: Grimmsnarl
|-resisted|p2a: Grimmsnarl
|-damage|p2a: Grimmsnarl|86/100
|-sidestart|p2: Obito 2001|Spikes
|
|upkeep
|turn|33
|
|t:|1757887898
|move|p1a: Samurott|Ceaseless Edge|p2a: Grimmsnarl
|-resisted|p2a: Grimmsnarl
|-damage|p2a: Grimmsnarl|80/100
|-sidestart|p2: Obito 2001|Spikes
|move|p2a: Grimmsnarl|Spirit Break|p1a: Samurott
|-supereffective|p1a: Samurott
|-damage|p1a: Samurott|0 fnt
|faint|p1a: Samurott
|
|upkeep
|
|t:|1757887901
|switch|p1a: Pecharunt|Pecharunt|49/100 brn
|turn|34
|
|t:|1757887904
|move|p2a: Grimmsnarl|Parting Shot|p1a: Pecharunt
|-unboost|p1a: Pecharunt|atk|1
|-unboost|p1a: Pecharunt|spa|1
|
|t:|1757887906
|switch|p2a: Ban me|Gliscor, F|47/100 tox|[from] Parting Shot
|move|p1a: Pecharunt|Malignant Chain|p2a: Ban me
|-resisted|p2a: Ban me
|-damage|p2a: Ban me|31/100 tox
|
|-heal|p2a: Ban me|43/100 tox|[from] ability: Poison Heal
|-damage|p1a: Pecharunt|43/100 brn|[from] brn
|upkeep
|turn|35
|
|t:|1757887910
|move|p2a: Ban me|Swords Dance|p2a: Ban me
|-boost|p2a: Ban me|atk|2
|move|p1a: Pecharunt|Shadow Ball|p2a: Ban me
|-damage|p2a: Ban me|20/100 tox
|
|-heal|p2a: Ban me|32/100 tox|[from] ability: Poison Heal
|-damage|p1a: Pecharunt|37/100 brn|[from] brn
|upkeep
|turn|36
|
|t:|1757887913
|move|p2a: Ban me|Earthquake|p1a: Pecharunt
|-supereffective|p1a: Pecharunt
|-damage|p1a: Pecharunt|0 fnt
|faint|p1a: Pecharunt
|
|-heal|p2a: Ban me|45/100 tox|[from] ability: Poison Heal
|upkeep
|
|t:|1757887915
|switch|p1a: Zamazenta|Zamazenta|55/100
|-damage|p1a: Zamazenta|49/100|[from] Stealth Rock
|turn|37
|
|t:|1757887917
|-terastallize|p1a: Zamazenta|Fire
|move|p1a: Zamazenta|Iron Defense|p1a: Zamazenta
|-boost|p1a: Zamazenta|def|2
|move|p2a: Ban me|Acrobatics|p1a: Zamazenta
|-damage|p1a: Zamazenta|18/100
|
|-heal|p1a: Zamazenta|24/100|[from] item: Leftovers
|-heal|p2a: Ban me|57/100 tox|[from] ability: Poison Heal
|upkeep
|turn|38
|
|t:|1757887920
|move|p1a: Zamazenta|Iron Defense|p1a: Zamazenta
|-boost|p1a: Zamazenta|def|2
|move|p2a: Ban me|Earthquake|p1a: Zamazenta
|-supereffective|p1a: Zamazenta
|-crit|p1a: Zamazenta
|-damage|p1a: Zamazenta|0 fnt
|faint|p1a: Zamazenta
|
|win|Obito 2001
|raw|SlimyTime's rating: 1690 &rarr; <strong>1671</strong><br />(-19 for losing)
|raw|Obito 2001's rating: 1702 &rarr; <strong>1721</strong><br />(+19 for winning)
|l|☆SlimyTime
|player|p1|
