|inactive|Battle timer is ON: inactive players will automatically lose when time's up.
|t:|1757795557
|gametype|singles
|player|p1|LTX Nemosse|#teamballo2025|
|player|p2|EuleLP|#rbywc2023|
|gen|9
|tier|[Gen 9] OU
|rule|HP Percentage Mod: HP is shown in percentages
|rule|Endless Battle Clause: Forcing endless battles is banned
|rule|Species Clause: Limit one of each Pokémon
|rule|OHKO Clause: OHKO moves are banned
|rule|Evasion Items Clause: Evasion items are banned
|rule|Evasion Moves Clause: Evasion moves are banned
|rule|Evasion Abilities Clause: Evasion abilities are banned
|rule|Sleep Moves Clause: Sleep-inducing moves are banned
|clearpoke
|poke|p1|Kyurem|
|poke|p1|Great Tusk|
|poke|p1|Zapdos|
|poke|p1|Enamorus, F|
|poke|p1|Walking Wake|
|poke|p1|Iron Crown|
|poke|p2|Cinderace, M|
|poke|p2|Dragapult, F|
|poke|p2|Kyurem|
|poke|p2|Landorus-Therian, M|
|poke|p2|Glimmora, F|
|poke|p2|Kingambit, F|
|teampreview
|c|☆LTX Nemosse|hff
|c|☆EuleLP|hf
|inactive|EuleLP has 270 seconds left.
|
|t:|1757795608
|teamsize|p1|6
|teamsize|p2|6
|start
|switch|p1a: Walking Wake|Walking Wake|100/100
|switch|p2a: Kyurem|Kyurem|100/100
|-ability|p2a: Kyurem|Pressure
|turn|1
|
|t:|1757795622
|move|p2a: Kyurem|Protect|p2a: Kyurem
|-singleturn|p2a: Kyurem|Protect
|move|p1a: Walking Wake|Draco Meteor|p2a: Kyurem
|-activate|p2a: Kyurem|move: Protect
|
|upkeep
|turn|2
|inactive|EuleLP has 270 seconds left.
|
|t:|1757795656
|-end|p1a: Walking Wake|Protosynthesis|[silent]
|switch|p1a: Zapdos|Zapdos|100/100
|-terastallize|p2a: Kyurem|Ground
|move|p2a: Kyurem|Freeze-Dry|p1a: Zapdos
|-supereffective|p1a: Zapdos
|-damage|p1a: Zapdos|33/100
|
|upkeep
|turn|3
|
|t:|1757795670
|switch|p1a: Iron Crown|Iron Crown|100/100
|move|p2a: Kyurem|Substitute|p2a: Kyurem
|-start|p2a: Kyurem|Substitute
|-damage|p2a: Kyurem|76/100
|
|-heal|p2a: Kyurem|82/100|[from] item: Leftovers
|upkeep
|turn|4
|
|t:|1757795676
|move|p1a: Iron Crown|Tachyon Cutter|p2a: Kyurem
|-activate|p2a: Kyurem|move: Substitute|[damage]
|-end|p2a: Kyurem|Substitute
|-hitcount|p2a: Kyurem|2
|move|p2a: Kyurem|Earth Power|p1a: Iron Crown
|-supereffective|p1a: Iron Crown
|-damage|p1a: Iron Crown|33/100
|
|-heal|p2a: Kyurem|88/100|[from] item: Leftovers
|upkeep
|turn|5
|
|t:|1757795685
|move|p2a: Kyurem|Protect|p2a: Kyurem
|-singleturn|p2a: Kyurem|Protect
|move|p1a: Iron Crown|Psychic Noise|p2a: Kyurem
|-activate|p2a: Kyurem|move: Protect
|
|-heal|p2a: Kyurem|94/100|[from] item: Leftovers
|upkeep
|turn|6
|
|t:|1757795694
|move|p1a: Iron Crown|Tachyon Cutter|p2a: Kyurem
|-damage|p2a: Kyurem|71/100
|-damage|p2a: Kyurem|45/100
|-hitcount|p2a: Kyurem|2
|move|p2a: Kyurem|Earth Power|p1a: Iron Crown
|-supereffective|p1a: Iron Crown
|-damage|p1a: Iron Crown|0 fnt
|faint|p1a: Iron Crown
|-end|p1a: Iron Crown|Quark Drive|[silent]
|
|-heal|p2a: Kyurem|51/100|[from] item: Leftovers
|upkeep
|
|t:|1757795701
|switch|p1a: Kyurem|Kyurem|100/100
|-ability|p1a: Kyurem|Pressure
|turn|7
|
|t:|1757795711
|switch|p2a: Glimmora|Glimmora, F|100/100
|move|p1a: Kyurem|Freeze-Dry|p2a: Glimmora
|-damage|p2a: Glimmora|60/100
|-enditem|p2a: Glimmora|Red Card|[of] p1a: Kyurem
|drag|p1a: Great Tusk|Great Tusk|100/100
|
|upkeep
|turn|8
|
|t:|1757795723
|-end|p1a: Great Tusk|Protosynthesis|[silent]
|switch|p1a: Kyurem|Kyurem|100/100
|-ability|p1a: Kyurem|Pressure
|switch|p2a: Landorus|Landorus-Therian, M|100/100
|-ability|p2a: Landorus|Intimidate|boost
|-unboost|p1a: Kyurem|atk|1
|
|upkeep
|turn|9
|
|t:|1757795736
|switch|p2a: Glimmora|Glimmora, F|60/100
|move|p1a: Kyurem|Freeze-Dry|p2a: Glimmora
|-damage|p2a: Glimmora|23/100
|
|upkeep
|turn|10
|
|t:|1757795739
|move|p1a: Kyurem|Freeze-Dry|p2a: Glimmora
|-damage|p2a: Glimmora|0 fnt
|faint|p2a: Glimmora
|
|upkeep
|
|t:|1757795743
|switch|p2a: Dragapult|Dragapult, F|100/100
|turn|11
|
|t:|1757795752
|switch|p1a: Enamorus|Enamorus, F|100/100
|move|p2a: Dragapult|U-turn|p1a: Enamorus
|-resisted|p1a: Enamorus
|-damage|p1a: Enamorus|94/100
|
|t:|1757795761
|switch|p2a: Kyurem|Kyurem, tera:Ground|51/100|[from] U-turn
|-ability|p2a: Kyurem|Pressure
|
|-heal|p1a: Enamorus|100/100|[from] item: Leftovers
|-heal|p2a: Kyurem|57/100|[from] item: Leftovers
|upkeep
|turn|12
|
|t:|1757795773
|move|p2a: Kyurem|Protect|p2a: Kyurem
|-singleturn|p2a: Kyurem|Protect
|move|p1a: Enamorus|Moonblast|p2a: Kyurem
|-activate|p2a: Kyurem|move: Protect
|
|-heal|p2a: Kyurem|63/100|[from] item: Leftovers
|upkeep
|turn|13
|
|t:|1757795782
|switch|p1a: Kyurem|Kyurem|100/100
|-ability|p1a: Kyurem|Pressure
|move|p2a: Kyurem|Freeze-Dry|p1a: Kyurem
|-damage|p1a: Kyurem|66/100
|
|-heal|p1a: Kyurem|72/100|[from] item: Leftovers
|-heal|p2a: Kyurem|69/100|[from] item: Leftovers
|upkeep
|turn|14
|
|t:|1757795789
|switch|p2a: Cinderace|Cinderace, M|100/100
|move|p1a: Kyurem|Substitute|p1a: Kyurem
|-start|p1a: Kyurem|Substitute
|-damage|p1a: Kyurem|47/100
|
|-heal|p1a: Kyurem|53/100|[from] item: Leftovers
|upkeep
|turn|15
|
|t:|1757795803
|move|p1a: Kyurem|Protect|p1a: Kyurem
|-singleturn|p1a: Kyurem|Protect
|move|p2a: Cinderace|U-turn|p1a: Kyurem
|-start|p2a: Cinderace|typechange|Bug|[from] ability: Libero
|-activate|p1a: Kyurem|move: Protect
|
|-heal|p1a: Kyurem|59/100|[from] item: Leftovers
|upkeep
|turn|16
|
|t:|1757795809
|move|p2a: Cinderace|U-turn|p1a: Kyurem
|-end|p1a: Kyurem|Substitute
|
|t:|1757795812
|switch|p2a: Dragapult|Dragapult, F|100/100|[from] U-turn
|move|p1a: Kyurem|Freeze-Dry|p2a: Dragapult
|-supereffective|p2a: Dragapult
|-damage|p2a: Dragapult|4/100
|
|-heal|p1a: Kyurem|65/100|[from] item: Leftovers
|upkeep
|turn|17
|
|t:|1757795817
|move|p1a: Kyurem|Protect|p1a: Kyurem
|-singleturn|p1a: Kyurem|Protect
|move|p2a: Dragapult|Draco Meteor|p1a: Kyurem
|-activate|p1a: Kyurem|move: Protect
|
|-heal|p1a: Kyurem|72/100|[from] item: Leftovers
|upkeep
|turn|18
|
|t:|1757795822
|switch|p2a: Kyurem|Kyurem, tera:Ground|69/100
|-ability|p2a: Kyurem|Pressure
|switch|p1a: Enamorus|Enamorus, F|100/100
|
|-heal|p2a: Kyurem|75/100|[from] item: Leftovers
|upkeep
|turn|19
|
|t:|1757795827
|move|p1a: Enamorus|Substitute|p1a: Enamorus
|-start|p1a: Enamorus|Substitute
|-damage|p1a: Enamorus|76/100
|move|p2a: Kyurem|Freeze-Dry|p1a: Enamorus
|-supereffective|p1a: Enamorus
|-end|p1a: Enamorus|Substitute
|
|-heal|p1a: Enamorus|82/100|[from] item: Leftovers
|-heal|p2a: Kyurem|82/100|[from] item: Leftovers
|upkeep
|turn|20
|
|t:|1757795829
|switch|p1a: Kyurem|Kyurem|72/100
|-ability|p1a: Kyurem|Pressure
|move|p2a: Kyurem|Freeze-Dry|p1a: Kyurem
|-damage|p1a: Kyurem|37/100
|
|-heal|p2a: Kyurem|88/100|[from] item: Leftovers
|-heal|p1a: Kyurem|43/100|[from] item: Leftovers
|upkeep
|turn|21
|
|t:|1757795836
|move|p2a: Kyurem|Freeze-Dry|p1a: Kyurem
|-damage|p1a: Kyurem|6/100
|move|p1a: Kyurem|Freeze-Dry|p2a: Kyurem
|-supereffective|p2a: Kyurem
|-damage|p2a: Kyurem|22/100
|
|-heal|p1a: Kyurem|13/100|[from] item: Leftovers
|-heal|p2a: Kyurem|28/100|[from] item: Leftovers
|upkeep
|turn|22
|
|t:|1757795839
|move|p2a: Kyurem|Freeze-Dry|p1a: Kyurem
|-damage|p1a: Kyurem|0 fnt
|faint|p1a: Kyurem
|
|-heal|p2a: Kyurem|34/100|[from] item: Leftovers
|upkeep
|
|t:|1757795845
|switch|p1a: Walking Wake|Walking Wake|100/100
|turn|23
|
|t:|1757795848
|move|p2a: Kyurem|Protect|p2a: Kyurem
|-singleturn|p2a: Kyurem|Protect
|move|p1a: Walking Wake|Scald|p2a: Kyurem
|-activate|p2a: Kyurem|move: Protect
|
|-heal|p2a: Kyurem|40/100|[from] item: Leftovers
|upkeep
|turn|24
|
|t:|1757795866
|switch|p2a: Kingambit|Kingambit, F|100/100
|-activate|p2a: Kingambit|ability: Supreme Overlord
|-start|p2a: Kingambit|fallen1|[silent]
|move|p1a: Walking Wake|Scald|p2a: Kingambit
|-damage|p2a: Kingambit|52/100
|
|upkeep
|turn|25
|
|t:|1757795879
|-end|p1a: Walking Wake|Protosynthesis|[silent]
|switch|p1a: Great Tusk|Great Tusk|100/100
|move|p2a: Kingambit|Swords Dance|p2a: Kingambit
|-boost|p2a: Kingambit|atk|2
|
|upkeep
|turn|26
|
|t:|1757795884
|move|p1a: Great Tusk|Headlong Rush|p2a: Kingambit
|-supereffective|p2a: Kingambit
|-enditem|p2a: Kingambit|Shuca Berry|[eat]
|-enditem|p2a: Kingambit|Shuca Berry|[weaken]
|-damage|p2a: Kingambit|7/100
|-unboost|p1a: Great Tusk|def|1
|-unboost|p1a: Great Tusk|spd|1
|move|p2a: Kingambit|Iron Head|p1a: Great Tusk
|-damage|p1a: Great Tusk|1/100
|
|upkeep
|turn|27
|
|t:|1757795893
|move|p1a: Great Tusk|Stealth Rock|p2a: Kingambit
|-sidestart|p2: EuleLP|move: Stealth Rock
|move|p2a: Kingambit|Iron Head|p1a: Great Tusk
|-crit|p1a: Great Tusk
|-damage|p1a: Great Tusk|0 fnt
|faint|p1a: Great Tusk
|-end|p1a: Great Tusk|Protosynthesis|[silent]
|
|upkeep
|
|t:|1757795896
|switch|p1a: Enamorus|Enamorus, F|82/100
|turn|28
|
|t:|1757795899
|move|p1a: Enamorus|Moonblast|p2a: Kingambit
|-damage|p2a: Kingambit|0 fnt
|faint|p2a: Kingambit
|-end|p2a: Kingambit|fallen1|[silent]
|
|-heal|p1a: Enamorus|88/100|[from] item: Leftovers
|upkeep
|
|t:|1757795909
|switch|p2a: Cinderace|Cinderace, M|100/100
|turn|29
|
|t:|1757795912
|move|p2a: Cinderace|Gunk Shot|p1a: Enamorus|[miss]
|-start|p2a: Cinderace|typechange|Poison|[from] ability: Libero
|-miss|p2a: Cinderace|p1a: Enamorus
|move|p1a: Enamorus|Substitute|p1a: Enamorus
|-start|p1a: Enamorus|Substitute
|-damage|p1a: Enamorus|63/100
|
|-heal|p1a: Enamorus|69/100|[from] item: Leftovers
|upkeep
|turn|30
|
|t:|1757795927
|-terastallize|p1a: Enamorus|Ground
|move|p2a: Cinderace|U-turn|p1a: Enamorus
|-end|p1a: Enamorus|Substitute
|
|t:|1757795940
|switch|p2a: Dragapult|Dragapult, F|4/100|[from] U-turn
|-damage|p2a: Dragapult|0 fnt|[from] Stealth Rock
|faint|p2a: Dragapult
|move|p1a: Enamorus|Earth Power|p2: Dragapult|[notarget]
|-fail|p1a: Enamorus
|
|-heal|p1a: Enamorus|76/100|[from] item: Leftovers
|upkeep
|
|t:|1757795949
|switch|p2a: Cinderace|Cinderace, M|100/100
|turn|31
|
|t:|1757795956
|switch|p1a: Zapdos|Zapdos|33/100
|move|p2a: Cinderace|Pyro Ball|p1a: Zapdos
|-damage|p1a: Zapdos|0 fnt
|faint|p1a: Zapdos
|
|upkeep
|
|t:|1757795959
|switch|p1a: Walking Wake|Walking Wake|100/100
|turn|32
|
|t:|1757795965
|move|p1a: Walking Wake|Scald|p2a: Cinderace
|-supereffective|p2a: Cinderace
|-damage|p2a: Cinderace|0 fnt
|faint|p2a: Cinderace
|
|upkeep
|
|t:|1757795978
|switch|p2a: Kyurem|Kyurem, tera:Ground|40/100
|-damage|p2a: Kyurem|34/100|[from] Stealth Rock
|-ability|p2a: Kyurem|Pressure
|turn|33
|
|t:|1757795983
|move|p2a: Kyurem|Protect|p2a: Kyurem
|-singleturn|p2a: Kyurem|Protect
|move|p1a: Walking Wake|Scald|p2a: Kyurem
|-activate|p2a: Kyurem|move: Protect
|
|-heal|p2a: Kyurem|40/100|[from] item: Leftovers
|upkeep
|turn|34
|
|t:|1757795988
|move|p2a: Kyurem|Protect||[still]
|-fail|p2a: Kyurem
|move|p1a: Walking Wake|Scald|p2a: Kyurem
|-supereffective|p2a: Kyurem
|-damage|p2a: Kyurem|0 fnt
|faint|p2a: Kyurem
|
|upkeep
|
|t:|1757795989
|switch|p2a: Landorus|Landorus-Therian, M|100/100
|-damage|p2a: Landorus|88/100|[from] Stealth Rock
|-ability|p2a: Landorus|Intimidate|boost
|-unboost|p1a: Walking Wake|atk|1
|turn|35
|
|t:|1757795992
|move|p1a: Walking Wake|Scald|p2a: Landorus
|-supereffective|p2a: Landorus
|-crit|p2a: Landorus
|-damage|p2a: Landorus|0 fnt
|faint|p2a: Landorus
|
|win|LTX Nemosse
|c|☆LTX Nemosse|gg
|c|☆EuleLP|gg
