|badge|p1|silver|gen9uu|30-6
|uhtml|medal-msg|<div class="broadcast-blue">Curious what those medals under the avatar are? PS now has Ladder Seasons! For more information, check out the <a href="https://www.smogon.com/forums/threads/3740067/">thread on Smogon.</a></div>
|j|☆FP.//06
|j|☆overheat xyz
|t:|1757822474
|gametype|singles
|player|p1|FP.//06|swimmerf2-gen6|1603
|player|p2|overheat xyz|170|1632
|gen|9
|tier|[Gen 9] OU
|rated|
|rule|HP Percentage Mod: HP is shown in percentages
|rule|Endless Battle Clause: Forcing endless battles is banned
|rule|Species Clause: Limit one of each Pokémon
|rule|OHKO Clause: OHKO moves are banned
|rule|Evasion Items Clause: Evasion items are banned
|rule|Evasion Moves Clause: Evasion moves are banned
|rule|Evasion Abilities Clause: Evasion abilities are banned
|rule|Sleep Moves Clause: Sleep-inducing moves are banned
|clearpoke
|poke|p1|Ting-Lu|
|poke|p1|Weezing-Galar, F|
|poke|p1|Alomomola, M|
|poke|p1|Tornadus-Therian, M|
|poke|p1|Gholdengo|
|poke|p1|Zamazenta-*|
|poke|p2|Kingambit, M|
|poke|p2|Garganacl, M|
|poke|p2|Rillaboom, M|
|poke|p2|Hatterene, F|
|poke|p2|Dragapult, M|
|poke|p2|Corviknight, F|
|teampreview
|
|t:|1757822485
|teamsize|p1|6
|teamsize|p2|6
|start
|switch|p1a: Djengo Unrained|Gholdengo|100/100
|switch|p2a: Rillaboom|Rillaboom, M|100/100
|-fieldstart|move: Grassy Terrain|[from] ability: Grassy Surge|[of] p2a: Rillaboom
|turn|1
|
|t:|1757822497
|switch|p1a: Therry Christmas|Tornadus-Therian, M, shiny|100/100
|switch|p2a: Kingambit|Kingambit, M|100/100
|-enditem|p2a: Kingambit|Grassy Seed
|-boost|p2a: Kingambit|def|1|[from] item: Grassy Seed
|
|upkeep
|turn|2
|
|t:|1757822503
|-end|p2a: Kingambit|fallenundefined|[silent]
|switch|p2a: Garganacl|Garganacl, M|100/100
|move|p1a: Therry Christmas|Heat Wave|p2a: Garganacl
|-resisted|p2a: Garganacl
|-damage|p2a: Garganacl|93/100
|
|-heal|p2a: Garganacl|99/100|[from] Grassy Terrain
|-heal|p2a: Garganacl|100/100|[from] item: Leftovers
|upkeep
|turn|3
|
|t:|1757822512
|move|p1a: Therry Christmas|Knock Off|p2a: Garganacl
|-damage|p2a: Garganacl|86/100
|-enditem|p2a: Garganacl|Leftovers|[from] move: Knock Off|[of] p1a: Therry Christmas
|move|p2a: Garganacl|Stealth Rock|p1a: Therry Christmas
|-sidestart|p1: FP.//06|move: Stealth Rock
|
|-heal|p2a: Garganacl|92/100|[from] Grassy Terrain
|upkeep
|turn|4
|
|t:|1757822524
|switch|p1a: HP Hoe|Alomomola, M, shiny|100/100
|-damage|p1a: HP Hoe|88/100|[from] Stealth Rock
|move|p2a: Garganacl|Salt Cure|p1a: HP Hoe
|-damage|p1a: HP Hoe|79/100
|-start|p1a: HP Hoe|Salt Cure
|
|-heal|p1a: HP Hoe|85/100|[from] Grassy Terrain
|-heal|p2a: Garganacl|99/100|[from] Grassy Terrain
|-damage|p1a: HP Hoe|60/100|[from] Salt Cure
|upkeep
|turn|5
|
|t:|1757822534
|move|p2a: Garganacl|Protect|p2a: Garganacl
|-singleturn|p2a: Garganacl|Protect
|move|p1a: HP Hoe|Flip Turn|p2a: Garganacl
|-activate|p2a: Garganacl|move: Protect
|
|-heal|p1a: HP Hoe|67/100|[from] Grassy Terrain
|-heal|p2a: Garganacl|100/100|[from] Grassy Terrain
|-damage|p1a: HP Hoe|42/100|[from] Salt Cure
|-fieldend|move: Grassy Terrain
|upkeep
|turn|6
|
|t:|1757822551
|move|p1a: HP Hoe|Flip Turn|p2a: Garganacl
|-supereffective|p2a: Garganacl
|-damage|p2a: Garganacl|80/100
|
|t:|1757822558
|switch|p1a: G-Wheezy|Weezing-Galar, F, shiny|100/100|[from] Flip Turn
|-ability|p1a: G-Wheezy|Neutralizing Gas
|move|p2a: Garganacl|Salt Cure|p1a: G-Wheezy
|-damage|p1a: G-Wheezy|91/100
|-start|p1a: G-Wheezy|Salt Cure
|
|-damage|p1a: G-Wheezy|79/100|[from] Salt Cure
|upkeep
|turn|7
|
|t:|1757822571
|switch|p2a: Hatterene|Hatterene, F|100/100
|move|p1a: G-Wheezy|Defog|p2a: Hatterene
|-unboost|p2a: Hatterene|evasion|1
|-sideend|p1: FP.//06|Stealth Rock|[from] move: Defog|[of] p1a: G-Wheezy
|
|-damage|p1a: G-Wheezy|67/100|[from] Salt Cure
|upkeep
|turn|8
|
|t:|1757822581
|-end|p1a: G-Wheezy|ability: Neutralizing Gas
|switch|p1a: Djengo Unrained|Gholdengo|100/100
|-terastallize|p2a: Hatterene|Steel
|move|p2a: Hatterene|Psychic Noise|p1a: Djengo Unrained
|-resisted|p1a: Djengo Unrained
|-damage|p1a: Djengo Unrained|75/100
|-start|p1a: Djengo Unrained|move: Heal Block
|
|upkeep
|turn|9
|
|t:|1757822587
|move|p1a: Djengo Unrained|Trick|p2a: Hatterene
|-activate|p1a: Djengo Unrained|move: Trick|[of] p2a: Hatterene
|-item|p2a: Hatterene|Choice Scarf|[from] move: Trick
|-item|p1a: Djengo Unrained|Assault Vest|[from] move: Trick
|move|p2a: Hatterene|Mystical Fire|p1a: Djengo Unrained
|-supereffective|p1a: Djengo Unrained
|-damage|p1a: Djengo Unrained|32/100
|-unboost|p1a: Djengo Unrained|spa|1
|
|-end|p1a: Djengo Unrained|move: Heal Block
|upkeep
|turn|10
|j| wgw2333
|
|t:|1757822597
|switch|p1a: HP Hoe|Alomomola, M, shiny|75/100
|move|p2a: Hatterene|Mystical Fire|p1a: HP Hoe
|-resisted|p1a: HP Hoe
|-damage|p1a: HP Hoe|61/100
|-unboost|p1a: HP Hoe|spa|1
|
|upkeep
|turn|11
|
|t:|1757822605
|switch|p2a: Rillaboom|Rillaboom, M|100/100
|-fieldstart|move: Grassy Terrain|[from] ability: Grassy Surge|[of] p2a: Rillaboom
|move|p1a: HP Hoe|Wish|p1a: HP Hoe
|
|-heal|p1a: HP Hoe|67/100|[from] Grassy Terrain
|upkeep
|turn|12
|
|t:|1757822609
|switch|p1a: G-Wheezy|Weezing-Galar, F, shiny|67/100
|-ability|p1a: G-Wheezy|Neutralizing Gas
|move|p2a: Rillaboom|Wood Hammer|p1a: G-Wheezy
|-resisted|p1a: G-Wheezy
|-damage|p1a: G-Wheezy|25/100
|-damage|p2a: Rillaboom|87/100|[from] Recoil
|
|-heal|p1a: G-Wheezy|96/100|[from] move: Wish|[wisher] HP Hoe
|-heal|p2a: Rillaboom|93/100|[from] Grassy Terrain
|-heal|p1a: G-Wheezy|100/100|[from] Grassy Terrain
|upkeep
|turn|13
|
|t:|1757822615
|switch|p2a: Hatterene|Hatterene, F, tera:Steel|100/100
|move|p1a: G-Wheezy|Will-O-Wisp|p2a: Hatterene
|-status|p2a: Hatterene|brn
|
|-damage|p2a: Hatterene|95/100 brn|[from] brn
|upkeep
|turn|14
|l| wgw2333
|
|t:|1757822626
|-end|p1a: G-Wheezy|ability: Neutralizing Gas
|switch|p1a: Lus-Lus Situation|Ting-Lu, shiny|100/100
|-ability|p1a: Lus-Lus Situation|Vessel of Ruin
|move|p2a: Hatterene|Draining Kiss|p1a: Lus-Lus Situation
|-supereffective|p1a: Lus-Lus Situation
|-damage|p1a: Lus-Lus Situation|76/100
|-heal|p2a: Hatterene|100/100 brn|[from] drain|[of] p1a: Lus-Lus Situation
|
|-heal|p1a: Lus-Lus Situation|82/100|[from] Grassy Terrain
|-heal|p1a: Lus-Lus Situation|88/100|[from] item: Leftovers
|-damage|p2a: Hatterene|95/100 brn|[from] brn
|upkeep
|turn|15
|j| wgw2333
|
|t:|1757822643
|switch|p2a: Rillaboom|Rillaboom, M|93/100
|switch|p1a: HP Hoe|Alomomola, M, shiny|100/100
|
|-heal|p2a: Rillaboom|99/100|[from] Grassy Terrain
|-fieldend|move: Grassy Terrain
|upkeep
|turn|16
|
|t:|1757822653
|move|p2a: Rillaboom|Wood Hammer|p1a: HP Hoe
|-supereffective|p1a: HP Hoe
|-damage|p1a: HP Hoe|0 fnt
|-damage|p2a: Rillaboom|83/100|[from] item: Rocky Helmet|[of] p1a: HP Hoe
|faint|p1a: HP Hoe
|-damage|p2a: Rillaboom|37/100|[from] Recoil
|
|upkeep
|
|t:|1757822656
|switch|p1a: Therry Christmas|Tornadus-Therian, M, shiny|100/100
|turn|17
|
|t:|1757822665
|switch|p2a: Garganacl|Garganacl, M|80/100
|move|p1a: Therry Christmas|Nasty Plot|p1a: Therry Christmas
|-boost|p1a: Therry Christmas|spa|2
|
|upkeep
|turn|18
|
|t:|1757822675
|move|p1a: Therry Christmas|Bleakwind Storm|p2a: Garganacl|[miss]
|-miss|p1a: Therry Christmas|p2a: Garganacl
|move|p2a: Garganacl|Salt Cure|p1a: Therry Christmas
|-supereffective|p1a: Therry Christmas
|-damage|p1a: Therry Christmas|70/100
|-start|p1a: Therry Christmas|Salt Cure
|
|-damage|p1a: Therry Christmas|58/100|[from] Salt Cure
|upkeep
|turn|19
|
|t:|1757822680
|switch|p1a: G-Wheezy|Weezing-Galar, F, shiny|100/100
|-ability|p1a: G-Wheezy|Neutralizing Gas
|move|p2a: Garganacl|Protect||[still]
|-fail|p2a: Garganacl
|
|upkeep
|turn|20
|
|t:|1757822683
|switch|p2a: Hatterene|Hatterene, F, tera:Steel|95/100 brn
|move|p1a: G-Wheezy|Will-O-Wisp|p2a: Hatterene
|-fail|p2a: Hatterene|brn
|
|-damage|p2a: Hatterene|89/100 brn|[from] brn
|upkeep
|turn|21
|
|t:|1757822692
|-end|p1a: G-Wheezy|ability: Neutralizing Gas
|switch|p1a: Lus-Lus Situation|Ting-Lu, shiny|88/100
|-ability|p1a: Lus-Lus Situation|Vessel of Ruin
|switch|p2a: Rillaboom|Rillaboom, M|37/100
|-fieldstart|move: Grassy Terrain|[from] ability: Grassy Surge|[of] p2a: Rillaboom
|
|-heal|p2a: Rillaboom|43/100|[from] Grassy Terrain
|-heal|p1a: Lus-Lus Situation|95/100|[from] Grassy Terrain
|-heal|p1a: Lus-Lus Situation|100/100|[from] item: Leftovers
|upkeep
|turn|22
|
|t:|1757822703
|switch|p1a: Therry Christmas|Tornadus-Therian, M, shiny|91/100
|move|p2a: Rillaboom|U-turn|p1a: Therry Christmas
|-resisted|p1a: Therry Christmas
|-damage|p1a: Therry Christmas|71/100
|j| LuLuNaNaRaRa
|
|t:|1757822708
|switch|p2a: Garganacl|Garganacl, M|80/100|[from] U-turn
|
|-heal|p2a: Garganacl|86/100|[from] Grassy Terrain
|upkeep
|turn|23
|
|t:|1757822716
|move|p1a: Therry Christmas|Bleakwind Storm|p2a: Garganacl
|-resisted|p2a: Garganacl
|-damage|p2a: Garganacl|74/100
|-unboost|p2a: Garganacl|spe|1
|move|p2a: Garganacl|Salt Cure|p1a: Therry Christmas
|-supereffective|p1a: Therry Christmas
|-damage|p1a: Therry Christmas|41/100
|-start|p1a: Therry Christmas|Salt Cure
|
|-heal|p2a: Garganacl|80/100|[from] Grassy Terrain
|-damage|p1a: Therry Christmas|29/100|[from] Salt Cure
|upkeep
|turn|24
|
|t:|1757822724
|switch|p1a: Dog in this Biatch|Zamazenta|100/100
|-ability|p1a: Dog in this Biatch|Dauntless Shield|boost
|-boost|p1a: Dog in this Biatch|def|1
|switch|p2a: Hatterene|Hatterene, F, tera:Steel|89/100 brn
|
|-heal|p2a: Hatterene|95/100 brn|[from] Grassy Terrain
|-damage|p2a: Hatterene|89/100 brn|[from] brn
|upkeep
|turn|25
|
|t:|1757822737
|switch|p2a: Corviknight|Corviknight, F|100/100
|-ability|p2a: Corviknight|Pressure
|move|p1a: Dog in this Biatch|Close Combat|p2a: Corviknight
|-damage|p2a: Corviknight|64/100
|-unboost|p1a: Dog in this Biatch|def|1
|-unboost|p1a: Dog in this Biatch|spd|1
|-damage|p1a: Dog in this Biatch|84/100|[from] item: Rocky Helmet|[of] p2a: Corviknight
|
|-heal|p1a: Dog in this Biatch|90/100|[from] Grassy Terrain
|-fieldend|move: Grassy Terrain
|upkeep
|turn|26
|
|t:|1757822748
|switch|p1a: Therry Christmas|Tornadus-Therian, M, shiny|62/100
|move|p2a: Corviknight|Roost|p2a: Corviknight
|-heal|p2a: Corviknight|100/100
|-singleturn|p2a: Corviknight|move: Roost
|
|upkeep
|turn|27
|
|t:|1757822756
|switch|p2a: Garganacl|Garganacl, M|80/100
|move|p1a: Therry Christmas|Knock Off|p2a: Garganacl
|-damage|p2a: Garganacl|72/100
|
|upkeep
|turn|28
|
|t:|1757822763
|move|p1a: Therry Christmas|Bleakwind Storm|p2a: Garganacl
|-resisted|p2a: Garganacl
|-damage|p2a: Garganacl|59/100
|move|p2a: Garganacl|Stealth Rock|p1a: Therry Christmas
|-sidestart|p1: FP.//06|move: Stealth Rock
|
|upkeep
|turn|29
|
|t:|1757822769
|move|p1a: Therry Christmas|Bleakwind Storm|p2a: Garganacl
|-resisted|p2a: Garganacl
|-damage|p2a: Garganacl|47/100
|move|p2a: Garganacl|Recover|p2a: Garganacl
|-heal|p2a: Garganacl|97/100
|
|upkeep
|turn|30
|
|t:|1757822772
|switch|p1a: G-Wheezy|Weezing-Galar, F, shiny|100/100
|-ability|p1a: G-Wheezy|Neutralizing Gas
|move|p2a: Garganacl|Salt Cure|p1a: G-Wheezy
|-damage|p1a: G-Wheezy|91/100
|-start|p1a: G-Wheezy|Salt Cure
|
|-damage|p1a: G-Wheezy|78/100|[from] Salt Cure
|upkeep
|turn|31
|
|t:|1757822781
|switch|p2a: Hatterene|Hatterene, F, tera:Steel|89/100 brn
|move|p1a: G-Wheezy|Defog|p2a: Hatterene
|-unboost|p2a: Hatterene|evasion|1
|-sideend|p1: FP.//06|Stealth Rock|[from] move: Defog|[of] p1a: G-Wheezy
|
|-damage|p2a: Hatterene|83/100 brn|[from] brn
|-damage|p1a: G-Wheezy|66/100|[from] Salt Cure
|upkeep
|turn|32
|
|t:|1757822791
|-end|p1a: G-Wheezy|ability: Neutralizing Gas
|switch|p1a: Djengo Unrained|Gholdengo|32/100
|move|p2a: Hatterene|Psychic Noise|p1a: Djengo Unrained
|-resisted|p1a: Djengo Unrained
|-damage|p1a: Djengo Unrained|14/100
|-start|p1a: Djengo Unrained|move: Heal Block
|
|-damage|p2a: Hatterene|77/100 brn|[from] brn
|upkeep
|turn|33
|
|t:|1757822804
|move|p1a: Djengo Unrained|Shadow Ball|p2a: Hatterene
|-damage|p2a: Hatterene|30/100 brn
|-unboost|p2a: Hatterene|spd|1
|move|p2a: Hatterene|Psychic Noise|p1a: Djengo Unrained
|-resisted|p1a: Djengo Unrained
|-damage|p1a: Djengo Unrained|0 fnt
|faint|p1a: Djengo Unrained
|
|-damage|p2a: Hatterene|24/100 brn|[from] brn
|upkeep
|
|t:|1757822814
|switch|p1a: Therry Christmas|Tornadus-Therian, M, shiny|95/100
|turn|34
|
|t:|1757822818
|switch|p2a: Garganacl|Garganacl, M|97/100
|move|p1a: Therry Christmas|Nasty Plot|p1a: Therry Christmas
|-boost|p1a: Therry Christmas|spa|2
|
|upkeep
|turn|35
|
|t:|1757822822
|move|p1a: Therry Christmas|Nasty Plot|p1a: Therry Christmas
|-boost|p1a: Therry Christmas|spa|2
|move|p2a: Garganacl|Salt Cure|p1a: Therry Christmas
|-supereffective|p1a: Therry Christmas
|-damage|p1a: Therry Christmas|62/100
|-start|p1a: Therry Christmas|Salt Cure
|
|-damage|p1a: Therry Christmas|50/100|[from] Salt Cure
|upkeep
|turn|36
|
|t:|1757822828
|move|p2a: Garganacl|Protect|p2a: Garganacl
|-singleturn|p2a: Garganacl|Protect
|move|p1a: Therry Christmas|Bleakwind Storm|p2a: Garganacl
|-activate|p2a: Garganacl|move: Protect
|
|-damage|p1a: Therry Christmas|37/100|[from] Salt Cure
|upkeep
|turn|37
|
|t:|1757822836
|switch|p1a: Lus-Lus Situation|Ting-Lu, shiny|100/100
|-ability|p1a: Lus-Lus Situation|Vessel of Ruin
|move|p2a: Garganacl|Recover|p2a: Garganacl
|-heal|p2a: Garganacl|100/100
|
|upkeep
|turn|38
|
|t:|1757822846
|switch|p1a: Therry Christmas|Tornadus-Therian, M, shiny|70/100
|move|p2a: Garganacl|Stealth Rock|p1a: Therry Christmas
|-sidestart|p1: FP.//06|move: Stealth Rock
|
|upkeep
|turn|39
|
|t:|1757822857
|move|p1a: Therry Christmas|Nasty Plot|p1a: Therry Christmas
|-boost|p1a: Therry Christmas|spa|2
|move|p2a: Garganacl|Salt Cure|p1a: Therry Christmas
|-supereffective|p1a: Therry Christmas
|-damage|p1a: Therry Christmas|37/100
|-start|p1a: Therry Christmas|Salt Cure
|
|-damage|p1a: Therry Christmas|25/100|[from] Salt Cure
|upkeep
|turn|40
|
|t:|1757822865
|switch|p1a: G-Wheezy|Weezing-Galar, F, shiny|66/100
|-ability|p1a: G-Wheezy|Neutralizing Gas
|move|p2a: Garganacl|Salt Cure|p1a: G-Wheezy
|-damage|p1a: G-Wheezy|57/100
|-start|p1a: G-Wheezy|Salt Cure
|
|-damage|p1a: G-Wheezy|45/100|[from] Salt Cure
|upkeep
|turn|41
|l| LuLuNaNaRaRa
|
|t:|1757822874
|move|p2a: Garganacl|Protect|p2a: Garganacl
|-singleturn|p2a: Garganacl|Protect
|move|p1a: G-Wheezy|Defog|p2a: Garganacl
|-activate|p2a: Garganacl|move: Protect
|
|-damage|p1a: G-Wheezy|32/100|[from] Salt Cure
|upkeep
|turn|42
|
|t:|1757822880
|switch|p2a: Hatterene|Hatterene, F, tera:Steel|24/100 brn
|move|p1a: G-Wheezy|Pain Split|p2a: Hatterene
|-sethp|p2a: Hatterene|29/100 brn|[from] move: Pain Split|[silent]
|-sethp|p1a: G-Wheezy|28/100|[from] move: Pain Split
|
|-damage|p2a: Hatterene|23/100 brn|[from] brn
|-damage|p1a: G-Wheezy|15/100|[from] Salt Cure
|upkeep
|turn|43
|
|t:|1757822894
|-end|p1a: G-Wheezy|ability: Neutralizing Gas
|switch|p1a: Therry Christmas|Tornadus-Therian, M, shiny|58/100
|move|p2a: Hatterene|Psychic Noise|p1a: Therry Christmas
|-damage|p1a: Therry Christmas|10/100
|-start|p1a: Therry Christmas|move: Heal Block
|
|-damage|p2a: Hatterene|17/100 brn|[from] brn
|upkeep
|turn|44
|
|t:|1757822900
|switch|p2a: Garganacl|Garganacl, M|100/100
|move|p1a: Therry Christmas|Heat Wave|p2a: Garganacl|[miss]
|-miss|p1a: Therry Christmas|p2a: Garganacl
|
|-end|p1a: Therry Christmas|move: Heal Block
|upkeep
|turn|45
|
|t:|1757822908
|switch|p1a: Lus-Lus Situation|Ting-Lu, shiny|100/100
|-damage|p1a: Lus-Lus Situation|94/100|[from] Stealth Rock
|-ability|p1a: Lus-Lus Situation|Vessel of Ruin
|move|p2a: Garganacl|Salt Cure|p1a: Lus-Lus Situation
|-resisted|p1a: Lus-Lus Situation
|-damage|p1a: Lus-Lus Situation|91/100
|-start|p1a: Lus-Lus Situation|Salt Cure
|
|-heal|p1a: Lus-Lus Situation|97/100|[from] item: Leftovers
|-damage|p1a: Lus-Lus Situation|85/100|[from] Salt Cure
|upkeep
|turn|46
|
|t:|1757822924
|switch|p2a: Rillaboom|Rillaboom, M|43/100
|-fieldstart|move: Grassy Terrain|[from] ability: Grassy Surge|[of] p2a: Rillaboom
|move|p1a: Lus-Lus Situation|Ruination|p2a: Rillaboom
|-damage|p2a: Rillaboom|22/100
|
|-heal|p2a: Rillaboom|28/100|[from] Grassy Terrain
|-heal|p1a: Lus-Lus Situation|91/100|[from] Grassy Terrain
|-heal|p1a: Lus-Lus Situation|97/100|[from] item: Leftovers
|-damage|p1a: Lus-Lus Situation|85/100|[from] Salt Cure
|upkeep
|turn|47
|
|t:|1757822935
|switch|p1a: Therry Christmas|Tornadus-Therian, M, shiny|44/100
|move|p2a: Rillaboom|U-turn|p1a: Therry Christmas
|-resisted|p1a: Therry Christmas
|-damage|p1a: Therry Christmas|22/100
|
|t:|1757822941
|switch|p2a: Dragapult|Dragapult, M|100/100|[from] U-turn
|
|upkeep
|turn|48
|
|t:|1757822945
|switch|p1a: Lus-Lus Situation|Ting-Lu, shiny|85/100
|-damage|p1a: Lus-Lus Situation|78/100|[from] Stealth Rock
|-ability|p1a: Lus-Lus Situation|Vessel of Ruin
|move|p2a: Dragapult|U-turn|p1a: Lus-Lus Situation
|-supereffective|p1a: Lus-Lus Situation
|-damage|p1a: Lus-Lus Situation|58/100
|
|t:|1757822953
|switch|p2a: Rillaboom|Rillaboom, M|28/100|[from] U-turn
|
|-heal|p2a: Rillaboom|34/100|[from] Grassy Terrain
|-heal|p1a: Lus-Lus Situation|65/100|[from] Grassy Terrain
|-heal|p1a: Lus-Lus Situation|71/100|[from] item: Leftovers
|upkeep
|turn|49
|
|t:|1757822958
|switch|p1a: Therry Christmas|Tornadus-Therian, M, shiny|56/100
|move|p2a: Rillaboom|U-turn|p1a: Therry Christmas
|-resisted|p1a: Therry Christmas
|-damage|p1a: Therry Christmas|35/100
|
|t:|1757822963
|switch|p2a: Dragapult|Dragapult, M|100/100|[from] U-turn
|
|upkeep
|turn|50
|
|t:|1757822969
|switch|p1a: Lus-Lus Situation|Ting-Lu, shiny|71/100
|-damage|p1a: Lus-Lus Situation|65/100|[from] Stealth Rock
|-ability|p1a: Lus-Lus Situation|Vessel of Ruin
|move|p2a: Dragapult|U-turn|p1a: Lus-Lus Situation
|-supereffective|p1a: Lus-Lus Situation
|-damage|p1a: Lus-Lus Situation|46/100
|
|t:|1757822973
|switch|p2a: Rillaboom|Rillaboom, M|34/100|[from] U-turn
|
|-heal|p2a: Rillaboom|40/100|[from] Grassy Terrain
|-heal|p1a: Lus-Lus Situation|52/100|[from] Grassy Terrain
|-heal|p1a: Lus-Lus Situation|58/100|[from] item: Leftovers
|-fieldend|move: Grassy Terrain
|upkeep
|turn|51
|
|t:|1757822981
|switch|p1a: Therry Christmas|Tornadus-Therian, M, shiny|68/100
|move|p2a: Rillaboom|Wood Hammer|p1a: Therry Christmas
|-resisted|p1a: Therry Christmas
|-damage|p1a: Therry Christmas|14/100
|-damage|p2a: Rillaboom|22/100|[from] Recoil
|
|upkeep
|turn|52
|
|t:|1757822987
|switch|p1a: G-Wheezy|Weezing-Galar, F, shiny|15/100
|-ability|p1a: G-Wheezy|Neutralizing Gas
|switch|p2a: Garganacl|Garganacl, M|100/100
|
|upkeep
|turn|53
|
|t:|1757822995
|switch|p2a: Hatterene|Hatterene, F, tera:Steel|17/100 brn
|move|p1a: G-Wheezy|Defog|p2a: Hatterene
|-unboost|p2a: Hatterene|evasion|1
|-sideend|p1: FP.//06|Stealth Rock|[from] move: Defog|[of] p1a: G-Wheezy
|
|-damage|p2a: Hatterene|11/100 brn|[from] brn
|upkeep
|turn|54
|
|t:|1757823002
|-end|p1a: G-Wheezy|ability: Neutralizing Gas
|switch|p1a: Lus-Lus Situation|Ting-Lu, shiny|58/100
|-ability|p1a: Lus-Lus Situation|Vessel of Ruin
|move|p2a: Hatterene|Draining Kiss|p1a: Lus-Lus Situation
|-supereffective|p1a: Lus-Lus Situation
|-damage|p1a: Lus-Lus Situation|34/100
|-heal|p2a: Hatterene|41/100 brn|[from] drain|[of] p1a: Lus-Lus Situation
|
|-heal|p1a: Lus-Lus Situation|40/100|[from] item: Leftovers
|-damage|p2a: Hatterene|35/100 brn|[from] brn
|upkeep
|turn|55
|
|t:|1757823015
|switch|p2a: Corviknight|Corviknight, F|100/100
|-ability|p2a: Corviknight|Pressure
|switch|p1a: Dog in this Biatch|Zamazenta|90/100
|
|upkeep
|turn|56
|
|t:|1757823024
|switch|p1a: G-Wheezy|Weezing-Galar, F, shiny|15/100
|-ability|p1a: G-Wheezy|Neutralizing Gas
|move|p2a: Corviknight|Body Press|p1a: G-Wheezy
|-resisted|p1a: G-Wheezy
|-damage|p1a: G-Wheezy|11/100
|
|upkeep
|turn|57
|j| LuLuNaNaRaRa
|
|t:|1757823030
|switch|p2a: Hatterene|Hatterene, F, tera:Steel|35/100 brn
|move|p1a: G-Wheezy|Pain Split|p2a: Hatterene
|-sethp|p2a: Hatterene|23/100 brn|[from] move: Pain Split|[silent]
|-sethp|p1a: G-Wheezy|22/100|[from] move: Pain Split
|
|-damage|p2a: Hatterene|17/100 brn|[from] brn
|upkeep
|turn|58
|
|t:|1757823037
|-end|p1a: G-Wheezy|ability: Neutralizing Gas
|switch|p1a: Therry Christmas|Tornadus-Therian, M, shiny|47/100
|move|p2a: Hatterene|Draining Kiss|p1a: Therry Christmas
|-damage|p1a: Therry Christmas|17/100
|-heal|p2a: Hatterene|43/100 brn|[from] drain|[of] p1a: Therry Christmas
|
|-damage|p2a: Hatterene|37/100 brn|[from] brn
|upkeep
|turn|59
|
|t:|1757823045
|switch|p1a: Dog in this Biatch|Zamazenta|90/100
|switch|p2a: Garganacl|Garganacl, M|100/100
|
|upkeep
|turn|60
|
|t:|1757823050
|move|p1a: Dog in this Biatch|Close Combat|p2a: Garganacl
|-supereffective|p2a: Garganacl
|-damage|p2a: Garganacl|22/100
|-unboost|p1a: Dog in this Biatch|def|1
|-unboost|p1a: Dog in this Biatch|spd|1
|move|p2a: Garganacl|Salt Cure|p1a: Dog in this Biatch
|-resisted|p1a: Dog in this Biatch
|-damage|p1a: Dog in this Biatch|81/100
|-start|p1a: Dog in this Biatch|Salt Cure
|
|-damage|p1a: Dog in this Biatch|68/100|[from] Salt Cure
|upkeep
|turn|61
|
|t:|1757823061
|switch|p1a: G-Wheezy|Weezing-Galar, F, shiny|22/100
|-ability|p1a: G-Wheezy|Neutralizing Gas
|move|p2a: Garganacl|Salt Cure|p1a: G-Wheezy
|-damage|p1a: G-Wheezy|13/100
|-start|p1a: G-Wheezy|Salt Cure
|
|-damage|p1a: G-Wheezy|1/100|[from] Salt Cure
|upkeep
|turn|62
|
|t:|1757823067
|-end|p1a: G-Wheezy|ability: Neutralizing Gas
|switch|p1a: Dog in this Biatch|Zamazenta|68/100
|move|p2a: Garganacl|Stealth Rock|p1a: Dog in this Biatch
|-sidestart|p1: FP.//06|move: Stealth Rock
|
|upkeep
|turn|63
|
|t:|1757823073
|switch|p2a: Corviknight|Corviknight, F|100/100
|-ability|p2a: Corviknight|Pressure
|move|p1a: Dog in this Biatch|Close Combat|p2a: Corviknight
|-crit|p2a: Corviknight
|-damage|p2a: Corviknight|47/100
|-unboost|p1a: Dog in this Biatch|def|1
|-unboost|p1a: Dog in this Biatch|spd|1
|-damage|p1a: Dog in this Biatch|52/100|[from] item: Rocky Helmet|[of] p2a: Corviknight
|
|upkeep
|turn|64
|
|t:|1757823082
|move|p1a: Dog in this Biatch|Stone Edge|p2a: Corviknight|[miss]
|-miss|p1a: Dog in this Biatch|p2a: Corviknight
|move|p2a: Corviknight|Roost|p2a: Corviknight
|-heal|p2a: Corviknight|97/100
|-singleturn|p2a: Corviknight|move: Roost
|
|upkeep
|turn|65
|
|t:|1757823088
|switch|p1a: Therry Christmas|Tornadus-Therian, M, shiny|50/100
|move|p2a: Corviknight|Body Press|p1a: Therry Christmas
|-resisted|p1a: Therry Christmas
|-damage|p1a: Therry Christmas|37/100
|
|upkeep
|turn|66
|
|t:|1757823096
|switch|p2a: Dragapult|Dragapult, M|100/100
|move|p1a: Therry Christmas|Heat Wave|p2a: Dragapult
|-resisted|p2a: Dragapult
|-damage|p2a: Dragapult|84/100
|
|upkeep
|turn|67
|
|t:|1757823106
|move|p2a: Dragapult|Draco Meteor|p1a: Therry Christmas
|-damage|p1a: Therry Christmas|0 fnt
|-unboost|p2a: Dragapult|spa|2
|faint|p1a: Therry Christmas
|
|upkeep
|-message|FP.//06 forfeited.
|
|win|overheat xyz
|raw|FP.&#x2f;&#x2f;06's rating: 1603 &rarr; <strong>1585</strong><br />(-18 for losing)
|raw|overheat xyz's rating: 1632 &rarr; <strong>1650</strong><br />(+18 for winning)
|l|☆FP.//06
|player|p1|
|l| LuLuNaNaRaRa
