|j|☆Crooksieee
|j|☆octillery chicken
|t:|1757856756
|gametype|singles
|player|p1|Crooksieee|266|1461
|player|p2|octillery chicken|harlequin|1507
|gen|9
|tier|[Gen 9] OU
|rated|
|rule|HP Percentage Mod: HP is shown in percentages
|rule|Endless Battle Clause: Forcing endless battles is banned
|rule|Species Clause: Limit one of each Pokémon
|rule|OHKO Clause: OHKO moves are banned
|rule|Evasion Items Clause: Evasion items are banned
|rule|Evasion Moves Clause: Evasion moves are banned
|rule|Evasion Abilities Clause: Evasion abilities are banned
|rule|Sleep Moves Clause: Sleep-inducing moves are banned
|clearpoke
|poke|p1|Ninetales-Alola, F|
|poke|p1|Scizor, M|
|poke|p1|Glimmora, M|
|poke|p1|Samurott-Hisui, M|
|poke|p1|Landorus-Therian, M|
|poke|p1|Dragapult, M|
|poke|p2|Heatran, M|
|poke|p2|Rillaboom, M|
|poke|p2|Ogerpon-Wellspring, F|
|poke|p2|Great Tusk|
|poke|p2|Bronzong|
|poke|p2|Dragapult, M|
|teampreview
|
|t:|1757856775
|teamsize|p1|6
|teamsize|p2|6
|start
|switch|p1a: Landorus|Landorus-Therian, M|100/100
|switch|p2a: Bronzong|Bronzong|100/100
|-ability|p1a: Landorus|Intimidate|boost
|-unboost|p2a: Bronzong|atk|1
|turn|1
|
|t:|1757856791
|move|p1a: Landorus|Taunt|p2a: Bronzong
|-start|p2a: Bronzong|move: Taunt
|cant|p2a: Bronzong|move: Taunt|Stealth Rock
|
|upkeep
|turn|2
|
|t:|1757856797
|move|p1a: Landorus|Stealth Rock|p2a: Bronzong
|-sidestart|p2: octillery chicken|move: Stealth Rock
|move|p2a: Bronzong|Future Sight|p1a: Landorus
|-start|p2a: Bronzong|move: Future Sight
|
|upkeep
|turn|3
|
|t:|1757856817
|switch|p1a: Samurott|Samurott-Hisui, M|100/100
|switch|p2a: Dragapult|Dragapult, M|100/100
|-damage|p2a: Dragapult|88/100|[from] Stealth Rock
|
|upkeep
|turn|4
|
|t:|1757856836
|switch|p2a: Rillaboom|Rillaboom, M|100/100
|-damage|p2a: Rillaboom|88/100|[from] Stealth Rock
|-fieldstart|move: Grassy Terrain|[from] ability: Grassy Surge|[of] p2a: Rillaboom
|move|p1a: Samurott|Ceaseless Edge|p2a: Rillaboom|[miss]
|-miss|p1a: Samurott|p2a: Rillaboom
|
|-end|p1a: Samurott|move: Future Sight
|-immune|p1a: Samurott
|-heal|p2a: Rillaboom|94/100|[from] Grassy Terrain
|upkeep
|turn|5
|
|t:|1757856848
|switch|p1a: Scizor|Scizor, M|100/100
|move|p2a: Rillaboom|Knock Off|p1a: Scizor
|-damage|p1a: Scizor|64/100
|-enditem|p1a: Scizor|Metal Coat|[from] move: Knock Off|[of] p2a: Rillaboom
|
|-heal|p2a: Rillaboom|99/100|[from] Grassy Terrain
|-heal|p1a: Scizor|70/100|[from] Grassy Terrain
|upkeep
|turn|6
|
|t:|1757856869
|switch|p2a: Heatran|Heatran, M|100/100
|-damage|p2a: Heatran|88/100|[from] Stealth Rock
|move|p1a: Scizor|Swords Dance|p1a: Scizor
|-boost|p1a: Scizor|atk|2
|
|-heal|p2a: Heatran|94/100|[from] Grassy Terrain
|-heal|p2a: Heatran|100/100|[from] item: Leftovers
|-heal|p1a: Scizor|76/100|[from] Grassy Terrain
|upkeep
|turn|7
|
|t:|1757856885
|switch|p1a: Glimmora|Glimmora, M|100/100
|move|p2a: Heatran|Magma Storm|p1a: Glimmora|[miss]
|-miss|p2a: Heatran|p1a: Glimmora
|
|upkeep
|turn|8
|
|t:|1757856892
|switch|p2a: Bronzong|Bronzong|100/100
|-damage|p2a: Bronzong|94/100|[from] Stealth Rock
|move|p1a: Glimmora|Earth Power|p2a: Bronzong
|-immune|p2a: Bronzong|[from] ability: Levitate
|
|upkeep
|turn|9
|
|t:|1757856904
|switch|p1a: Samurott|Samurott-Hisui, M|100/100
|move|p2a: Bronzong|Stealth Rock|p1a: Samurott
|-sidestart|p1: Crooksieee|move: Stealth Rock
|
|upkeep
|turn|10
|
|t:|1757856913
|switch|p2a: Rillaboom|Rillaboom, M|99/100
|-damage|p2a: Rillaboom|88/100|[from] Stealth Rock
|move|p1a: Samurott|Ceaseless Edge|p2a: Rillaboom
|-damage|p2a: Rillaboom|40/100
|-sidestart|p2: octillery chicken|Spikes
|
|-heal|p2a: Rillaboom|46/100|[from] Grassy Terrain
|upkeep
|turn|11
|
|t:|1757856924
|move|p2a: Rillaboom|Grassy Glide|p1a: Samurott
|-supereffective|p1a: Samurott
|-damage|p1a: Samurott|19/100
|move|p1a: Samurott|Ceaseless Edge|p2a: Rillaboom
|-damage|p2a: Rillaboom|2/100
|-sidestart|p2: octillery chicken|Spikes
|
|-heal|p2a: Rillaboom|8/100|[from] Grassy Terrain
|-heal|p1a: Samurott|25/100|[from] Grassy Terrain
|-fieldend|move: Grassy Terrain
|upkeep
|turn|12
|
|t:|1757856948
|switch|p2a: Great Tusk|Great Tusk|100/100
|move|p1a: Samurott|Sucker Punch||[still]
|-fail|p1a: Samurott
|
|upkeep
|turn|13
|
|t:|1757856954
|switch|p1a: Dragapult|Dragapult, M|100/100
|-damage|p1a: Dragapult|88/100|[from] Stealth Rock
|move|p2a: Great Tusk|Rapid Spin|p1a: Dragapult
|-immune|p1a: Dragapult
|
|upkeep
|turn|14
|
|t:|1757856974
|move|p1a: Dragapult|Will-O-Wisp|p2a: Great Tusk
|-status|p2a: Great Tusk|brn
|move|p2a: Great Tusk|Ice Spinner|p1a: Dragapult
|-supereffective|p1a: Dragapult
|-damage|p1a: Dragapult|48/100
|
|-damage|p2a: Great Tusk|94/100 brn|[from] brn
|upkeep
|turn|15
|
|t:|1757856986
|move|p1a: Dragapult|Hex|p2a: Great Tusk
|-damage|p2a: Great Tusk|8/100 brn
|move|p2a: Great Tusk|Rapid Spin|p1a: Dragapult
|-immune|p1a: Dragapult
|
|-damage|p2a: Great Tusk|2/100 brn|[from] brn
|upkeep
|turn|16
|
|t:|1757856998
|move|p1a: Dragapult|Hex|p2a: Great Tusk
|-damage|p2a: Great Tusk|0 fnt
|faint|p2a: Great Tusk
|-end|p2a: Great Tusk|Protosynthesis|[silent]
|
|upkeep
|
|t:|1757857011
|switch|p2a: Dragapult|Dragapult, M|88/100
|-damage|p2a: Dragapult|76/100|[from] Stealth Rock
|-damage|p2a: Dragapult|59/100|[from] Spikes
|turn|17
|
|t:|1757857022
|switch|p1a: Samurott|Samurott-Hisui, M|25/100
|-damage|p1a: Samurott|12/100|[from] Stealth Rock
|move|p2a: Dragapult|Shadow Ball|p1a: Samurott
|-resisted|p1a: Samurott
|-damage|p1a: Samurott|0 fnt
|faint|p1a: Samurott
|
|upkeep
|
|t:|1757857046
|switch|p1a: Ninetales|Ninetales-Alola, F|100/100
|-damage|p1a: Ninetales|76/100|[from] Stealth Rock
|-weather|Snowscape|[from] ability: Snow Warning|[of] p1a: Ninetales
|turn|18
|
|t:|1757857058
|switch|p2a: Heatran|Heatran, M|100/100
|-damage|p2a: Heatran|88/100|[from] Stealth Rock
|-damage|p2a: Heatran|72/100|[from] Spikes
|move|p1a: Ninetales|Aurora Veil|p1a: Ninetales
|-sidestart|p1: Crooksieee|move: Aurora Veil
|
|-weather|Snowscape|[upkeep]
|-heal|p2a: Heatran|78/100|[from] item: Leftovers
|upkeep
|turn|19
|
|t:|1757857075
|switch|p1a: Landorus|Landorus-Therian, M|100/100
|-damage|p1a: Landorus|88/100|[from] Stealth Rock
|-ability|p1a: Landorus|Intimidate|boost
|-unboost|p2a: Heatran|atk|1
|move|p2a: Heatran|Magma Storm|p1a: Landorus
|-damage|p1a: Landorus|60/100
|-activate|p1a: Landorus|move: Magma Storm|[of] p2a: Heatran
|
|-weather|Snowscape|[upkeep]
|-heal|p2a: Heatran|84/100|[from] item: Leftovers
|-damage|p1a: Landorus|48/100|[from] move: Magma Storm|[partiallytrapped]
|upkeep
|turn|20
|
|t:|1757857096
|switch|p2a: Rillaboom|Rillaboom, M|8/100
|-damage|p2a: Rillaboom|0 fnt|[from] Stealth Rock
|faint|p2a: Rillaboom
|move|p1a: Landorus|Earthquake|p2: Rillaboom|[notarget]
|-fail|p1a: Landorus
|
|-weather|Snowscape|[upkeep]
|-end|p1a: Landorus|Magma Storm|[partiallytrapped]|[silent]
|upkeep
|
|t:|1757857107
|switch|p2a: Ogerpon|Ogerpon-Wellspring, F|100/100
|-damage|p2a: Ogerpon|88/100|[from] Stealth Rock
|-damage|p2a: Ogerpon|72/100|[from] Spikes
|turn|21
|
|t:|1757857121
|switch|p1a: Ninetales|Ninetales-Alola, F|76/100
|-damage|p1a: Ninetales|51/100|[from] Stealth Rock
|move|p2a: Ogerpon|Ivy Cudgel|p1a: Ninetales|[anim] Ivy Cudgel Water
|-damage|p1a: Ninetales|23/100
|
|-weather|Snowscape|[upkeep]
|upkeep
|turn|22
|
|t:|1757857133
|switch|p2a: Bronzong|Bronzong|94/100
|-damage|p2a: Bronzong|88/100|[from] Stealth Rock
|move|p1a: Ninetales|Freeze-Dry|p2a: Bronzong
|-resisted|p2a: Bronzong
|-damage|p2a: Bronzong|79/100
|
|-weather|none
|upkeep
|turn|23
|
|t:|1757857143
|switch|p1a: Scizor|Scizor, M|76/100
|-damage|p1a: Scizor|64/100|[from] Stealth Rock
|move|p2a: Bronzong|Future Sight|p1a: Scizor
|-start|p2a: Bronzong|move: Future Sight
|
|upkeep
|turn|24
|
|t:|1757857158
|switch|p2a: Heatran|Heatran, M|84/100
|-damage|p2a: Heatran|72/100|[from] Stealth Rock
|-damage|p2a: Heatran|55/100|[from] Spikes
|move|p1a: Scizor|Knock Off|p2a: Heatran
|-damage|p2a: Heatran|21/100
|-enditem|p2a: Heatran|Leftovers|[from] move: Knock Off|[of] p1a: Scizor
|
|upkeep
|turn|25
|
|t:|1757857167
|move|p2a: Heatran|Magma Storm|p1a: Scizor
|-supereffective|p1a: Scizor
|-damage|p1a: Scizor|0 fnt
|faint|p1a: Scizor
|
|-hint|Future Sight did not hit because the target is fainted.
|-sideend|p1: Crooksieee|move: Aurora Veil
|upkeep
|
|t:|1757857187
|switch|p1a: Glimmora|Glimmora, M|100/100
|-damage|p1a: Glimmora|88/100|[from] Stealth Rock
|turn|26
|
|t:|1757857192
|switch|p2a: Bronzong|Bronzong|79/100
|-damage|p2a: Bronzong|73/100|[from] Stealth Rock
|move|p1a: Glimmora|Power Gem|p2a: Bronzong
|-resisted|p2a: Bronzong
|-damage|p2a: Bronzong|54/100
|
|upkeep
|turn|27
|
|t:|1757857209
|move|p1a: Glimmora|Power Gem|p2a: Bronzong
|-resisted|p2a: Bronzong
|-damage|p2a: Bronzong|35/100
|move|p2a: Bronzong|Future Sight|p1a: Glimmora
|-start|p2a: Bronzong|move: Future Sight
|
|upkeep
|turn|28
|
|t:|1757857214
|move|p1a: Glimmora|Power Gem|p2a: Bronzong
|-resisted|p2a: Bronzong
|-damage|p2a: Bronzong|14/100
|move|p2a: Bronzong|Psychic Noise|p1a: Glimmora
|-supereffective|p1a: Glimmora
|-damage|p1a: Glimmora|57/100
|-start|p1a: Glimmora|move: Heal Block
|
|upkeep
|turn|29
|
|t:|1757857246
|switch|p1a: Ninetales|Ninetales-Alola, F|23/100
|-damage|p1a: Ninetales|0 fnt|[from] Stealth Rock
|faint|p1a: Ninetales
|move|p2a: Bronzong|Psychic Noise|p1: Ninetales|[notarget]
|-fail|p2a: Bronzong
|
|-hint|Future Sight did not hit because the target is fainted.
|upkeep
|inactive|Battle timer is ON: inactive players will automatically lose when time's up. (requested by Crooksieee)
|
|t:|1757857257
|switch|p1a: Glimmora|Glimmora, M|57/100
|-damage|p1a: Glimmora|44/100|[from] Stealth Rock
|turn|30
|
|t:|1757857274
|move|p1a: Glimmora|Power Gem|p2a: Bronzong
|-resisted|p2a: Bronzong
|-damage|p2a: Bronzong|0 fnt
|faint|p2a: Bronzong
|
|upkeep
|
|t:|1757857280
|switch|p2a: Dragapult|Dragapult, M|59/100
|-damage|p2a: Dragapult|47/100|[from] Stealth Rock
|-damage|p2a: Dragapult|31/100|[from] Spikes
|turn|31
|
|t:|1757857289
|move|p2a: Dragapult|Shadow Ball|p1a: Glimmora
|-damage|p1a: Glimmora|5/100
|move|p1a: Glimmora|Mortal Spin|p2a: Dragapult
|-resisted|p2a: Dragapult
|-damage|p2a: Dragapult|27/100
|-status|p2a: Dragapult|psn
|-sideend|p1: Crooksieee|Stealth Rock|[from] move: Mortal Spin|[of] p1a: Glimmora
|
|-damage|p2a: Dragapult|14/100 psn|[from] psn
|upkeep
|turn|32
|
|t:|1757857310
|move|p2a: Dragapult|Shadow Ball|p1a: Glimmora
|-damage|p1a: Glimmora|0 fnt
|faint|p1a: Glimmora
|
|-damage|p2a: Dragapult|2/100 psn|[from] psn
|upkeep
|
|t:|1757857317
|switch|p1a: Landorus|Landorus-Therian, M|48/100
|-ability|p1a: Landorus|Intimidate|boost
|-fail|p2a: Dragapult|unboost|[from] ability: Clear Body|[of] p2a: Dragapult
|turn|33
|inactive|Crooksieee has 120 seconds left.
|
|t:|1757857338
|move|p2a: Dragapult|Shadow Ball|p1a: Landorus
|-damage|p1a: Landorus|0 fnt
|faint|p1a: Landorus
|
|-damage|p2a: Dragapult|0 fnt|[from] psn
|faint|p2a: Dragapult
|upkeep
|inactive|Crooksieee has 120 seconds left.
|
|t:|1757857353
|switch|p2a: Ogerpon|Ogerpon-Wellspring, F|72/100
|switch|p1a: Dragapult|Dragapult, M|48/100
|-damage|p2a: Ogerpon|59/100|[from] Stealth Rock
|-damage|p2a: Ogerpon|43/100|[from] Spikes
|turn|34
|inactive|Crooksieee has 120 seconds left.
|
|t:|1757857374
|-terastallize|p2a: Ogerpon|Water
|detailschange|p2a: Ogerpon|Ogerpon-Wellspring-Tera, F, tera:Water
|-ability|p2a: Ogerpon|Embody Aspect (Wellspring)|boost
|-boost|p2a: Ogerpon|spd|1
|move|p1a: Dragapult|Will-O-Wisp|p2a: Ogerpon
|-status|p2a: Ogerpon|brn
|move|p2a: Ogerpon|Play Rough|p1a: Dragapult
|-supereffective|p1a: Dragapult
|-damage|p1a: Dragapult|0 fnt
|faint|p1a: Dragapult
|
|win|octillery chicken
|raw|Crooksieee's rating: 1461 &rarr; <strong>1444</strong><br />(-17 for losing)
|raw|octillery chicken's rating: 1507 &rarr; <strong>1524</strong><br />(+17 for winning)
|c|☆Crooksieee|Gg
|l|☆Crooksieee
|player|p1|
|c|☆octillery chicken|gg
|l|☆octillery chicken
|player|p2|
