|j|☆Swag_SerotoninYT
|j|☆skycsy101008
|t:|1757935279
|gametype|singles
|player|p1|Swag_SerotoninYT|harlequin|1204
|player|p2|skycsy101008|cynthia-gen4|1232
|gen|9
|tier|[Gen 9] OU
|rated|
|rule|HP Percentage Mod: HP is shown in percentages
|rule|Endless Battle Clause: Forcing endless battles is banned
|rule|Species Clause: Limit one of each Pokémon
|rule|OHKO Clause: OHKO moves are banned
|rule|Evasion Items Clause: Evasion items are banned
|rule|Evasion Moves Clause: Evasion moves are banned
|rule|Evasion Abilities Clause: Evasion abilities are banned
|rule|Sleep Moves Clause: Sleep-inducing moves are banned
|clearpoke
|poke|p1|Cacturne, F|
|poke|p1|Dodrio, F|
|poke|p1|Malamar, F|
|poke|p1|Blastoise, M|
|poke|p1|Masquerain, F|
|poke|p1|Perrserker, M|
|poke|p2|Hatterene, F|
|poke|p2|Garganacl, F|
|poke|p2|Cinderace, F|
|poke|p2|Quaquaval, F|
|poke|p2|Raging Bolt|
|poke|p2|Corviknight, M|
|teampreview
|inactive|Battle timer is ON: inactive players will automatically lose when time's up. (requested by Swag_SerotoninYT)
|
|t:|1757935288
|teamsize|p1|6
|teamsize|p2|6
|start
|switch|p1a: Masquerain|Masquerain, F|100/100
|switch|p2a: Quaquaval|Quaquaval, F, shiny|100/100
|-ability|p1a: Masquerain|Intimidate|boost
|-unboost|p2a: Quaquaval|atk|1
|turn|1
|
|t:|1757935297
|switch|p2a: Garganacl|Garganacl, F, shiny|100/100
|move|p1a: Masquerain|Sticky Web|p2a: Garganacl
|-sidestart|p2: skycsy101008|move: Sticky Web
|
|upkeep
|turn|2
|
|t:|1757935303
|move|p1a: Masquerain|Stun Spore|p2a: Garganacl|[miss]
|-miss|p1a: Masquerain|p2a: Garganacl
|move|p2a: Garganacl|Salt Cure|p1a: Masquerain
|-supereffective|p1a: Masquerain
|-damage|p1a: Masquerain|1/100
|-start|p1a: Masquerain|Salt Cure
|
|-damage|p1a: Masquerain|0 fnt|[from] Salt Cure
|faint|p1a: Masquerain
|upkeep
|
|t:|1757935315
|switch|p1a: Blastoise|Blastoise, M|100/100
|turn|3
|
|t:|1757935318
|move|p1a: Blastoise|Shell Smash|p1a: Blastoise
|-unboost|p1a: Blastoise|def|1
|-unboost|p1a: Blastoise|spd|1
|-boost|p1a: Blastoise|atk|2
|-boost|p1a: Blastoise|spa|2
|-boost|p1a: Blastoise|spe|2
|-enditem|p1a: Blastoise|White Herb
|-clearnegativeboost|p1a: Blastoise|[silent]
|move|p2a: Garganacl|Salt Cure|p1a: Blastoise
|-damage|p1a: Blastoise|86/100
|-start|p1a: Blastoise|Salt Cure
|
|-damage|p1a: Blastoise|61/100|[from] Salt Cure
|upkeep
|turn|4
|
|t:|1757935324
|move|p2a: Garganacl|Protect|p2a: Garganacl
|-singleturn|p2a: Garganacl|Protect
|move|p1a: Blastoise|Hydro Pump|p2a: Garganacl
|-activate|p2a: Garganacl|move: Protect
|
|-damage|p1a: Blastoise|36/100|[from] Salt Cure
|upkeep
|turn|5
|
|t:|1757935336
|switch|p2a: Raging Bolt|Raging Bolt|100/100
|-activate|p2a: Raging Bolt|move: Sticky Web
|-unboost|p2a: Raging Bolt|spe|1
|-enditem|p2a: Raging Bolt|Booster Energy
|-activate|p2a: Raging Bolt|ability: Protosynthesis|[fromitem]
|-start|p2a: Raging Bolt|protosynthesisspa
|move|p1a: Blastoise|Hydro Pump|p2a: Raging Bolt
|-resisted|p2a: Raging Bolt
|-damage|p2a: Raging Bolt|67/100
|
|-damage|p1a: Blastoise|12/100|[from] Salt Cure
|upkeep
|turn|6
|
|t:|1757935365
|move|p2a: Raging Bolt|Thunderclap|p1a: Blastoise
|-supereffective|p1a: Blastoise
|-damage|p1a: Blastoise|0 fnt
|faint|p1a: Blastoise
|
|upkeep
|
|t:|1757935380
|switch|p1a: Perrserker|Perrserker, M|100/100
|turn|7
|
|t:|1757935385
|move|p1a: Perrserker|Play Rough|p2a: Raging Bolt
|-supereffective|p2a: Raging Bolt
|-damage|p2a: Raging Bolt|3/100
|-damage|p1a: Perrserker|91/100|[from] item: Life Orb
|move|p2a: Raging Bolt|Calm Mind|p2a: Raging Bolt
|-boost|p2a: Raging Bolt|spa|1
|-boost|p2a: Raging Bolt|spd|1
|
|upkeep
|turn|8
|
|t:|1757935396
|move|p2a: Raging Bolt|Thunderclap|p1a: Perrserker
|-damage|p1a: Perrserker|0 fnt
|faint|p1a: Perrserker
|
|upkeep
|
|t:|1757935404
|switch|p1a: Malamar|Malamar, F|100/100
|turn|9
|
|t:|1757935434
|move|p2a: Raging Bolt|Thunderclap|p1a: Malamar
|-damage|p1a: Malamar|24/100
|-enditem|p1a: Malamar|Sitrus Berry|[eat]
|-heal|p1a: Malamar|48/100|[from] item: Sitrus Berry
|move|p1a: Malamar|Superpower|p2a: Raging Bolt
|-damage|p2a: Raging Bolt|0 fnt
|-boost|p1a: Malamar|atk|1
|-boost|p1a: Malamar|def|1
|faint|p2a: Raging Bolt
|-end|p2a: Raging Bolt|Protosynthesis|[silent]
|
|upkeep
|
|t:|1757935437
|switch|p2a: Corviknight|Corviknight, M|100/100
|turn|10
|
|t:|1757935445
|move|p1a: Malamar|Superpower|p2a: Corviknight
|-damage|p2a: Corviknight|65/100
|-boost|p1a: Malamar|atk|1
|-boost|p1a: Malamar|def|1
|move|p2a: Corviknight|Defog|p1a: Malamar
|-boost|p1a: Malamar|evasion|1
|-sideend|p2: skycsy101008|Sticky Web|[from] move: Defog|[of] p2a: Corviknight
|
|upkeep
|turn|11
|
|t:|1757935452
|move|p1a: Malamar|Superpower|p2a: Corviknight
|-damage|p2a: Corviknight|21/100
|-boost|p1a: Malamar|atk|1
|-boost|p1a: Malamar|def|1
|move|p2a: Corviknight|U-turn|p1a: Malamar
|-supereffective|p1a: Malamar
|-damage|p1a: Malamar|25/100
|inactive|skycsy101008 has 120 seconds left.
|
|t:|1757935506
|switch|p2a: Quaquaval|Quaquaval, F, shiny|100/100|[from] U-turn
|
|upkeep
|turn|12
|
|t:|1757935516
|move|p2a: Quaquaval|Aqua Step|p1a: Malamar
|-damage|p1a: Malamar|10/100
|-boost|p2a: Quaquaval|spe|1
|move|p1a: Malamar|Superpower|p2a: Quaquaval
|-enditem|p2a: Quaquaval|Focus Sash
|-damage|p2a: Quaquaval|1/100
|-boost|p1a: Malamar|atk|1
|-boost|p1a: Malamar|def|1
|
|upkeep
|turn|13
|
|t:|1757935531
|move|p2a: Quaquaval|Aqua Step|p1a: Malamar|[miss]
|-miss|p2a: Quaquaval|p1a: Malamar
|move|p1a: Malamar|Superpower|p2a: Quaquaval
|-damage|p2a: Quaquaval|0 fnt
|-boost|p1a: Malamar|atk|1
|-boost|p1a: Malamar|def|1
|faint|p2a: Quaquaval
|
|upkeep
|
|t:|1757935540
|switch|p2a: Cinderace|Cinderace, F, shiny|100/100
|turn|14
|
|t:|1757935546
|move|p2a: Cinderace|U-turn|p1a: Malamar
|-start|p2a: Cinderace|typechange|Bug|[from] ability: Libero
|-supereffective|p1a: Malamar
|-damage|p1a: Malamar|0 fnt
|faint|p1a: Malamar
|-damage|p2a: Cinderace|91/100|[from] item: Life Orb
|
|t:|1757935548
|switch|p2a: Hatterene|Hatterene, F, shiny|100/100|[from] U-turn
|
|upkeep
|
|t:|1757935555
|switch|p1a: Dodrio|Dodrio, F|100/100
|turn|15
|
|t:|1757935561
|-terastallize|p1a: Dodrio|Normal
|-terastallize|p2a: Hatterene|Steel
|move|p1a: Dodrio|Thrash|p2a: Hatterene
|-resisted|p2a: Hatterene
|-damage|p2a: Hatterene|57/100
|move|p2a: Hatterene|Calm Mind|p2a: Hatterene
|-boost|p2a: Hatterene|spa|1
|-boost|p2a: Hatterene|spd|1
|
|-heal|p2a: Hatterene|63/100|[from] item: Leftovers
|upkeep
|turn|16
|
|t:|1757935576
|move|p1a: Dodrio|Thrash|p2a: Hatterene|[from] lockedmove
|-resisted|p2a: Hatterene
|-damage|p2a: Hatterene|20/100
|move|p2a: Hatterene|Draining Kiss|p1a: Dodrio
|-damage|p1a: Dodrio|33/100
|-heal|p2a: Hatterene|62/100|[from] drain|[of] p1a: Dodrio
|
|-heal|p2a: Hatterene|68/100|[from] item: Leftovers
|upkeep
|turn|17
|
|t:|1757935587
|move|p1a: Dodrio|Thrash|p2a: Hatterene|[from] lockedmove
|-resisted|p2a: Hatterene
|-damage|p2a: Hatterene|27/100
|-start|p1a: Dodrio|confusion|[fatigue]
|move|p2a: Hatterene|Draining Kiss|p1a: Dodrio|[miss]
|-miss|p2a: Hatterene|p1a: Dodrio
|
|-heal|p2a: Hatterene|33/100|[from] item: Leftovers
|upkeep
|turn|18
|
|t:|1757935604
|-activate|p1a: Dodrio|confusion
|move|p1a: Dodrio|Thrash|p2a: Hatterene
|-resisted|p2a: Hatterene
|-damage|p2a: Hatterene|0 fnt
|faint|p2a: Hatterene
|
|upkeep
|
|t:|1757935607
|switch|p2a: Cinderace|Cinderace, F, shiny|91/100
|turn|19
|
|t:|1757935611
|move|p2a: Cinderace|Sucker Punch|p1a: Dodrio
|-start|p2a: Cinderace|typechange|Dark|[from] ability: Libero
|-damage|p1a: Dodrio|0 fnt
|faint|p1a: Dodrio
|-damage|p2a: Cinderace|81/100|[from] item: Life Orb
|
|upkeep
|
|t:|1757935616
|switch|p1a: Cacturne|Cacturne, F|100/100
|turn|20
|
|t:|1757935621
|move|p2a: Cinderace|U-turn|p1a: Cacturne
|-supereffective|p1a: Cacturne
|-crit|p1a: Cacturne
|-damage|p1a: Cacturne|0 fnt
|-damage|p2a: Cinderace|64/100|[from] item: Rocky Helmet|[of] p1a: Cacturne
|faint|p1a: Cacturne
|-damage|p2a: Cinderace|54/100|[from] item: Life Orb
|
|win|skycsy101008
|raw|Swag_SerotoninYT's rating: 1204 &rarr; <strong>1181</strong><br />(-23 for losing)
|raw|skycsy101008's rating: 1232 &rarr; <strong>1255</strong><br />(+23 for winning)
|l|☆Swag_SerotoninYT
|player|p1|
|l|☆skycsy101008
|player|p2|
