|j|☆kqbuto
|j|☆xingyi
|t:|1757840968
|gametype|singles
|player|p1|kqbuto|170|1330
|player|p2|xingyi|lady|1266
|gen|9
|tier|[Gen 9] OU
|rated|
|rule|HP Percentage Mod: HP is shown in percentages
|rule|Endless Battle Clause: Forcing endless battles is banned
|rule|Species Clause: Limit one of each Pokémon
|rule|OHKO Clause: OHKO moves are banned
|rule|Evasion Items Clause: Evasion items are banned
|rule|Evasion Moves Clause: Evasion moves are banned
|rule|Evasion Abilities Clause: Evasion abilities are banned
|rule|Sleep Moves Clause: Sleep-inducing moves are banned
|clearpoke
|poke|p1|Kingambit, M|
|poke|p1|Gholdengo|
|poke|p1|Ogerpon-Cornerstone, F|
|poke|p1|Great Tusk|
|poke|p1|Araquanid, M|
|poke|p1|Iron Moth|
|poke|p2|Charjabug, F|
|poke|p2|Enamorus, F|
|poke|p2|Hoopa-Unbound|
|poke|p2|Clefable, F|
|poke|p2|Glimmora, F|
|poke|p2|Gholdengo|
|teampreview
|inactive|Battle timer is ON: inactive players will automatically lose when time's up. (requested by kqbuto)
|
|t:|1757840990
|teamsize|p1|6
|teamsize|p2|6
|start
|switch|p1a: Araquanid|Araquanid, M|100/100
|switch|p2a: Glimmora|Glimmora, F|100/100
|turn|1
|
|t:|1757841009
|-terastallize|p1a: Araquanid|Ghost
|move|p2a: Glimmora|Power Gem|p1a: Araquanid
|-damage|p1a: Araquanid|72/100
|move|p1a: Araquanid|Sticky Web|p2a: Glimmora
|-sidestart|p2: xingyi|move: Sticky Web
|
|upkeep
|turn|2
|
|t:|1757841015
|move|p2a: Glimmora|Mortal Spin|p1a: Araquanid
|-resisted|p1a: Araquanid
|-damage|p1a: Araquanid|68/100
|-status|p1a: Araquanid|psn
|-sideend|p2: xingyi|Sticky Web|[from] move: Mortal Spin|[of] p2a: Glimmora
|move|p1a: Araquanid|Surf|p2a: Glimmora
|-supereffective|p2a: Glimmora
|-enditem|p2a: Glimmora|Focus Sash
|-damage|p2a: Glimmora|1/100
|
|-damage|p1a: Araquanid|56/100 psn|[from] psn
|upkeep
|turn|3
|
|t:|1757841024
|move|p2a: Glimmora|Spikes|p1a: Araquanid
|-sidestart|p1: kqbuto|Spikes
|move|p1a: Araquanid|Sticky Web|p2a: Glimmora
|-sidestart|p2: xingyi|move: Sticky Web
|
|-damage|p1a: Araquanid|44/100 psn|[from] psn
|upkeep
|turn|4
|
|t:|1757841032
|move|p2a: Glimmora|Mortal Spin|p1a: Araquanid
|-resisted|p1a: Araquanid
|-damage|p1a: Araquanid|40/100 psn
|-sideend|p2: xingyi|Sticky Web|[from] move: Mortal Spin|[of] p2a: Glimmora
|move|p1a: Araquanid|Surf|p2a: Glimmora
|-supereffective|p2a: Glimmora
|-damage|p2a: Glimmora|0 fnt
|faint|p2a: Glimmora
|
|-damage|p1a: Araquanid|28/100 psn|[from] psn
|upkeep
|
|t:|1757841050
|switch|p2a: Clefable|Clefable, F|100/100
|turn|5
|
|t:|1757841076
|move|p1a: Araquanid|Endure|p1a: Araquanid
|-singleturn|p1a: Araquanid|move: Endure
|move|p2a: Clefable|Encore|p1a: Araquanid
|-start|p1a: Araquanid|Encore
|
|-damage|p1a: Araquanid|15/100 psn|[from] psn
|upkeep
|turn|6
|inactive|kqbuto has 120 seconds left.
|
|t:|1757841092
|switch|p2a: Charjabug|Charjabug, F|100/100
|switch|p1a: Gholdengo|Gholdengo|100/100
|-item|p1a: Gholdengo|Air Balloon
|
|upkeep
|turn|7
|inactive|kqbuto has 120 seconds left.
|
|t:|1757841110
|move|p1a: Gholdengo|Shadow Ball|p2a: Charjabug
|-damage|p2a: Charjabug|62/100
|move|p2a: Charjabug|Sticky Web|p1a: Gholdengo
|-sidestart|p1: kqbuto|move: Sticky Web
|
|upkeep
|turn|8
|inactive|kqbuto has 120 seconds left.
|
|t:|1757841129
|move|p1a: Gholdengo|Nasty Plot|p1a: Gholdengo
|-boost|p1a: Gholdengo|spa|2
|move|p2a: Charjabug|Thunder Wave|p1a: Gholdengo
|-immune|p1a: Gholdengo|[from] ability: Good as Gold
|
|upkeep
|turn|9
|
|t:|1757841135
|move|p1a: Gholdengo|Shadow Ball|p2a: Charjabug
|-crit|p2a: Charjabug
|-damage|p2a: Charjabug|0 fnt
|faint|p2a: Charjabug
|
|upkeep
|
|t:|1757841139
|switch|p2a: Hoopa|Hoopa-Unbound|100/100
|turn|10
|inactive|kqbuto has 120 seconds left.
|inactive|kqbuto has 90 seconds left.
|inactive|kqbuto has 60 seconds left.
|
|t:|1757841210
|switch|p1a: Ogerpon|Ogerpon-Cornerstone, F|100/100
|-damage|p1a: Ogerpon|88/100|[from] Spikes
|-activate|p1a: Ogerpon|move: Sticky Web
|-unboost|p1a: Ogerpon|spe|1
|move|p2a: Hoopa|Hyperspace Fury|p1a: Ogerpon
|-damage|p1a: Ogerpon|0 fnt
|-unboost|p2a: Hoopa|def|1
|faint|p1a: Ogerpon
|
|upkeep
|inactive|kqbuto has 60 seconds left.
|inactive|kqbuto has 30 seconds left.
|
|t:|1757841252
|switch|p1a: Araquanid|Araquanid, M, tera:Ghost|15/100 psn
|-damage|p1a: Araquanid|3/100 psn|[from] Spikes
|-activate|p1a: Araquanid|move: Sticky Web
|-unboost|p1a: Araquanid|spe|1
|turn|11
|-enditem|p1a: Araquanid|Custap Berry|[eat]
|-activate|p1a: Araquanid|item: Custap Berry|[consumed]
|
|t:|1757841257
|move|p1a: Araquanid|Sticky Web|p2a: Hoopa
|-sidestart|p2: xingyi|move: Sticky Web
|move|p2a: Hoopa|Hyperspace Fury|p1a: Araquanid
|-supereffective|p1a: Araquanid
|-damage|p1a: Araquanid|0 fnt
|-unboost|p2a: Hoopa|def|1
|faint|p1a: Araquanid
|
|upkeep
|inactive|kqbuto has 30 seconds left.
|
|t:|1757841268
|switch|p1a: Great Tusk|Great Tusk|100/100
|-damage|p1a: Great Tusk|88/100|[from] Spikes
|-activate|p1a: Great Tusk|move: Sticky Web
|-unboost|p1a: Great Tusk|spe|1
|turn|12
|inactive|kqbuto has 30 seconds left.
|
|t:|1757841285
|switch|p2a: Enamorus|Enamorus, F|100/100
|move|p1a: Great Tusk|Rapid Spin|p2a: Enamorus
|-damage|p2a: Enamorus|75/100
|-boost|p1a: Great Tusk|spe|1
|-sideend|p1: kqbuto|Spikes|[from] move: Rapid Spin|[of] p1a: Great Tusk
|-sideend|p1: kqbuto|Sticky Web|[from] move: Rapid Spin|[of] p1a: Great Tusk
|
|-heal|p1a: Great Tusk|94/100|[from] item: Leftovers
|upkeep
|turn|13
|inactive|kqbuto has 30 seconds left.
|
|t:|1757841298
|move|p2a: Enamorus|Superpower|p1a: Great Tusk
|-damage|p1a: Great Tusk|70/100
|-boost|p2a: Enamorus|atk|1
|-boost|p2a: Enamorus|def|1
|move|p1a: Great Tusk|Ice Spinner|p2a: Enamorus
|-supereffective|p2a: Enamorus
|-damage|p2a: Enamorus|15/100
|
|-heal|p1a: Great Tusk|77/100|[from] item: Leftovers
|upkeep
|turn|14
|inactive|kqbuto has 30 seconds left.
|
|t:|1757841305
|move|p2a: Enamorus|Play Rough|p1a: Great Tusk
|-supereffective|p1a: Great Tusk
|-damage|p1a: Great Tusk|3/100
|move|p1a: Great Tusk|Ice Spinner|p2a: Enamorus
|-supereffective|p2a: Enamorus
|-damage|p2a: Enamorus|0 fnt
|faint|p2a: Enamorus
|
|-heal|p1a: Great Tusk|9/100|[from] item: Leftovers
|upkeep
|
|t:|1757841315
|switch|p2a: Clefable|Clefable, F|100/100
|-activate|p2a: Clefable|move: Sticky Web
|-unboost|p2a: Clefable|spe|1
|turn|15
|
|t:|1757841321
|move|p1a: Great Tusk|Earthquake|p2a: Clefable
|-damage|p2a: Clefable|66/100
|move|p2a: Clefable|Calm Mind|p2a: Clefable
|-boost|p2a: Clefable|spa|1
|-boost|p2a: Clefable|spd|1
|
|-heal|p1a: Great Tusk|15/100|[from] item: Leftovers
|-heal|p2a: Clefable|72/100|[from] item: Leftovers
|upkeep
|turn|16
|
|t:|1757841327
|move|p1a: Great Tusk|Earthquake|p2a: Clefable
|-damage|p2a: Clefable|37/100
|move|p2a: Clefable|Wish|p2a: Clefable
|
|-heal|p1a: Great Tusk|22/100|[from] item: Leftovers
|-heal|p2a: Clefable|43/100|[from] item: Leftovers
|upkeep
|turn|17
|
|t:|1757841335
|move|p1a: Great Tusk|Bulk Up|p1a: Great Tusk
|-boost|p1a: Great Tusk|atk|1
|-boost|p1a: Great Tusk|def|1
|move|p2a: Clefable|Moonblast|p1a: Great Tusk
|-supereffective|p1a: Great Tusk
|-damage|p1a: Great Tusk|0 fnt
|faint|p1a: Great Tusk
|-end|p1a: Great Tusk|Protosynthesis|[silent]
|
|-heal|p2a: Clefable|93/100|[from] move: Wish|[wisher] Clefable
|-heal|p2a: Clefable|99/100|[from] item: Leftovers
|upkeep
|
|t:|1757841352
|switch|p1a: Iron Moth|Iron Moth|100/100
|-enditem|p1a: Iron Moth|Booster Energy
|-activate|p1a: Iron Moth|ability: Quark Drive|[fromitem]
|-start|p1a: Iron Moth|quarkdrivespa
|turn|18
|inactive|kqbuto has 30 seconds left.
|inactive|kqbuto has 20 seconds left.
|
|t:|1757841386
|move|p1a: Iron Moth|Substitute|p1a: Iron Moth
|-start|p1a: Iron Moth|Substitute
|-damage|p1a: Iron Moth|76/100
|move|p2a: Clefable|Encore|p1a: Iron Moth
|-start|p1a: Iron Moth|Encore
|
|-heal|p2a: Clefable|100/100|[from] item: Leftovers
|upkeep
|turn|19
|inactive|kqbuto has 30 seconds left this turn.
|
|t:|1757841406
|move|p1a: Iron Moth|Substitute|p1a: Iron Moth
|-fail|p1a: Iron Moth|move: Substitute
|move|p2a: Clefable|Calm Mind|p2a: Clefable
|-boost|p2a: Clefable|spa|1
|-boost|p2a: Clefable|spd|1
|
|upkeep
|turn|20
|inactive|kqbuto has 30 seconds left.
|
|t:|1757841411
|move|p1a: Iron Moth|Substitute|p1a: Iron Moth
|-fail|p1a: Iron Moth|move: Substitute
|move|p2a: Clefable|Calm Mind|p2a: Clefable
|-boost|p2a: Clefable|spa|1
|-boost|p2a: Clefable|spd|1
|
|upkeep
|turn|21
|
|t:|1757841416
|move|p1a: Iron Moth|Substitute|p1a: Iron Moth
|-fail|p1a: Iron Moth|move: Substitute
|move|p2a: Clefable|Calm Mind|p2a: Clefable
|-boost|p2a: Clefable|spa|1
|-boost|p2a: Clefable|spd|1
|
|-end|p1a: Iron Moth|Encore
|upkeep
|turn|22
|
|t:|1757841424
|move|p1a: Iron Moth|Sludge Wave|p2a: Clefable
|-supereffective|p2a: Clefable
|-damage|p2a: Clefable|60/100
|-status|p2a: Clefable|psn
|move|p2a: Clefable|Moonblast|p1a: Iron Moth
|-resisted|p1a: Iron Moth
|-end|p1a: Iron Moth|Substitute
|
|-heal|p2a: Clefable|66/100 psn|[from] item: Leftovers
|-damage|p2a: Clefable|54/100 psn|[from] psn
|upkeep
|turn|23
|
|t:|1757841433
|move|p1a: Iron Moth|Sludge Wave|p2a: Clefable
|-supereffective|p2a: Clefable
|-damage|p2a: Clefable|12/100 psn
|move|p2a: Clefable|Moonblast|p1a: Iron Moth
|-resisted|p1a: Iron Moth
|-damage|p1a: Iron Moth|51/100
|
|-heal|p2a: Clefable|19/100 psn|[from] item: Leftovers
|-damage|p2a: Clefable|6/100 psn|[from] psn
|upkeep
|turn|24
|inactive|kqbuto has 60 seconds left.
|
|t:|1757841445
|move|p1a: Iron Moth|Fiery Dance|p2a: Clefable
|-damage|p2a: Clefable|0 fnt
|-boost|p1a: Iron Moth|spa|1
|faint|p2a: Clefable
|
|upkeep
|
|t:|1757841447
|switch|p2a: Gholdengo|Gholdengo|100/100
|-activate|p2a: Gholdengo|move: Sticky Web
|-unboost|p2a: Gholdengo|spe|1
|turn|25
|
|t:|1757841458
|-terastallize|p2a: Gholdengo|Steel
|move|p1a: Iron Moth|Fiery Dance|p2a: Gholdengo
|-supereffective|p2a: Gholdengo
|-damage|p2a: Gholdengo|0 fnt
|faint|p2a: Gholdengo
|
|upkeep
|
|t:|1757841462
|switch|p2a: Hoopa|Hoopa-Unbound|100/100
|-activate|p2a: Hoopa|move: Sticky Web
|-unboost|p2a: Hoopa|spe|1
|turn|26
|
|t:|1757841470
|move|p1a: Iron Moth|Sludge Wave|p2a: Hoopa
|-damage|p2a: Hoopa|1/100
|move|p2a: Hoopa|Hyperspace Fury|p1a: Iron Moth
|-damage|p1a: Iron Moth|0 fnt
|-unboost|p2a: Hoopa|def|1
|faint|p1a: Iron Moth
|-end|p1a: Iron Moth|Quark Drive|[silent]
|
|upkeep
|-message|xingyi forfeited.
|
|win|kqbuto
|raw|kqbuto's rating: 1330 &rarr; <strong>1346</strong><br />(+16 for winning)
|raw|xingyi's rating: 1266 &rarr; <strong>1246</strong><br />(-20 for losing)
|l|☆xingyi
|player|p2|
|l|☆kqbuto
|player|p1|
