|j|☆oehtwashere
|j|☆Obito 2001
|t:|1757864548
|gametype|singles
|player|p1|oehtwashere|supernerd|1711
|player|p2|Obito 2001|blue-gen3two|1679
|gen|9
|tier|[Gen 9] OU
|rated|
|rule|HP Percentage Mod: HP is shown in percentages
|rule|Endless Battle Clause: Forcing endless battles is banned
|rule|Species Clause: Limit one of each Pokémon
|rule|OHKO Clause: OHKO moves are banned
|rule|Evasion Items Clause: Evasion items are banned
|rule|Evasion Moves Clause: Evasion moves are banned
|rule|Evasion Abilities Clause: Evasion abilities are banned
|rule|Sleep Moves Clause: Sleep-inducing moves are banned
|clearpoke
|poke|p1|Araquanid, F|
|poke|p1|Gholdengo|
|poke|p1|Raging Bolt|
|poke|p1|Iron Valiant|
|poke|p1|Ceruledge, M|
|poke|p1|Deoxys-Speed|
|poke|p2|Slowking-Galar, M|
|poke|p2|Cetitan, M|
|poke|p2|Corviknight, F|
|poke|p2|Landorus-Therian, M|
|poke|p2|Ninetales-Alola, F|
|poke|p2|Iron Hands|
|teampreview
|inactive|Battle timer is ON: inactive players will automatically lose when time's up. (requested by Obito 2001)
|inactive|oehtwashere also wants the timer to be on.
|
|t:|1757864564
|teamsize|p1|6
|teamsize|p2|6
|start
|switch|p1a: Araquanid|Araquanid, F|100/100
|switch|p2a: Mecha Buddha|Iron Hands|100/100
|turn|1
|
|t:|1757864574
|move|p1a: Araquanid|Endure|p1a: Araquanid
|-singleturn|p1a: Araquanid|move: Endure
|move|p2a: Mecha Buddha|Thunder Punch|p1a: Araquanid
|-supereffective|p1a: Araquanid
|-activate|p1a: Araquanid|move: Endure
|-damage|p1a: Araquanid|1/100
|
|upkeep
|turn|2
|-enditem|p1a: Araquanid|Custap Berry|[eat]
|-activate|p1a: Araquanid|item: Custap Berry|[consumed]
|
|t:|1757864581
|-end|p2a: Mecha Buddha|Quark Drive|[silent]
|switch|p2a: Fk hazard noobs|Corviknight, F|100/100
|-ability|p2a: Fk hazard noobs|Pressure
|move|p1a: Araquanid|Sticky Web|p2a: Fk hazard noobs
|-sidestart|p2: Obito 2001|move: Sticky Web
|
|upkeep
|turn|3
|
|t:|1757864585
|switch|p1a: Gholdengo|Gholdengo|100/100
|-item|p1a: Gholdengo|Air Balloon
|move|p2a: Fk hazard noobs|Body Press|p1a: Gholdengo
|-immune|p1a: Gholdengo
|
|upkeep
|turn|4
|
|t:|1757864589
|move|p1a: Gholdengo|Shadow Ball|p2a: Fk hazard noobs
|-damage|p2a: Fk hazard noobs|64/100
|move|p2a: Fk hazard noobs|U-turn|p1a: Gholdengo
|-resisted|p1a: Gholdengo
|-damage|p1a: Gholdengo|98/100
|-enditem|p1a: Gholdengo|Air Balloon
|
|t:|1757864591
|switch|p2a: Landorus|Landorus-Therian, M|100/100|[from] U-turn
|-ability|p2a: Landorus|Intimidate|boost
|-unboost|p1a: Gholdengo|atk|1
|
|upkeep
|turn|5
|
|t:|1757864595
|switch|p1a: Araquanid|Araquanid, F|1/100
|move|p2a: Landorus|Earth Power|p1a: Araquanid
|-resisted|p1a: Araquanid
|-damage|p1a: Araquanid|0 fnt
|faint|p1a: Araquanid
|
|upkeep
|
|t:|1757864598
|switch|p1a: Deoxys|Deoxys-Speed|100/100
|-ability|p1a: Deoxys|Pressure
|turn|6
|
|t:|1757864601
|switch|p2a: Fk toxic spikes|Slowking-Galar, M|100/100
|move|p1a: Deoxys|Ice Beam|p2a: Fk toxic spikes
|-damage|p2a: Fk toxic spikes|81/100
|-damage|p1a: Deoxys|91/100|[from] item: Life Orb
|
|upkeep
|turn|7
|
|t:|1757864605
|move|p1a: Deoxys|Nasty Plot|p1a: Deoxys
|-boost|p1a: Deoxys|spa|2
|move|p2a: Fk toxic spikes|Thunder Wave|p1a: Deoxys
|-status|p1a: Deoxys|par
|
|upkeep
|turn|8
|
|t:|1757864609
|move|p1a: Deoxys|Psycho Boost|p2a: Fk toxic spikes
|-damage|p2a: Fk toxic spikes|0 fnt
|-unboost|p1a: Deoxys|spa|2
|faint|p2a: Fk toxic spikes
|-damage|p1a: Deoxys|81/100 par|[from] item: Life Orb
|
|upkeep
|j| moodrandom
|
|t:|1757864625
|switch|p2a: Fk hazard noobs|Corviknight, F|64/100
|-ability|p2a: Fk hazard noobs|Pressure
|turn|9
|
|t:|1757864627
|switch|p1a: Gholdengo|Gholdengo|98/100
|move|p2a: Fk hazard noobs|U-turn|p1a: Gholdengo
|-resisted|p1a: Gholdengo
|-damage|p1a: Gholdengo|96/100
|
|t:|1757864629
|switch|p2a: Landorus|Landorus-Therian, M|100/100|[from] U-turn
|-ability|p2a: Landorus|Intimidate|boost
|-unboost|p1a: Gholdengo|atk|1
|
|upkeep
|turn|10
|
|t:|1757864635
|move|p2a: Landorus|Earth Power|p1a: Gholdengo
|-supereffective|p1a: Gholdengo
|-damage|p1a: Gholdengo|5/100
|move|p1a: Gholdengo|Make It Rain|p2a: Landorus
|-damage|p2a: Landorus|27/100
|-unboost|p1a: Gholdengo|spa|1
|
|upkeep
|turn|11
|
|t:|1757864645
|move|p2a: Landorus|Earth Power|p1a: Gholdengo
|-supereffective|p1a: Gholdengo
|-damage|p1a: Gholdengo|0 fnt
|faint|p1a: Gholdengo
|
|upkeep
|
|t:|1757864647
|switch|p1a: Iron Valiant|Iron Valiant|100/100
|-enditem|p1a: Iron Valiant|Booster Energy
|-activate|p1a: Iron Valiant|ability: Quark Drive|[fromitem]
|-start|p1a: Iron Valiant|quarkdrivespa
|turn|12
|
|t:|1757864658
|switch|p2a: Fk hazard noobs|Corviknight, F|64/100
|-ability|p2a: Fk hazard noobs|Pressure
|move|p1a: Iron Valiant|Calm Mind|p1a: Iron Valiant
|-boost|p1a: Iron Valiant|spa|1
|-boost|p1a: Iron Valiant|spd|1
|
|upkeep
|turn|13
|
|t:|1757864663
|-terastallize|p1a: Iron Valiant|Ghost
|move|p1a: Iron Valiant|Shadow Ball|p2a: Fk hazard noobs
|-damage|p2a: Fk hazard noobs|0 fnt
|faint|p2a: Fk hazard noobs
|
|upkeep
|j| AG3S
|
|t:|1757864671
|switch|p2a: Sakura Miyawaki|Ninetales-Alola, F|100/100
|-activate|p2a: Sakura Miyawaki|move: Sticky Web
|-unboost|p2a: Sakura Miyawaki|spe|1
|-weather|Snowscape|[from] ability: Snow Warning|[of] p2a: Sakura Miyawaki
|turn|14
|j| Noob 0_o
|
|t:|1757864673
|move|p1a: Iron Valiant|Moonblast|p2a: Sakura Miyawaki
|-damage|p2a: Sakura Miyawaki|2/100
|move|p2a: Sakura Miyawaki|Aurora Veil|p2a: Sakura Miyawaki
|-sidestart|p2: Obito 2001|move: Aurora Veil
|
|-weather|Snowscape|[upkeep]
|upkeep
|turn|15
|
|t:|1757864677
|move|p1a: Iron Valiant|Vacuum Wave|p2a: Sakura Miyawaki
|-damage|p2a: Sakura Miyawaki|0 fnt
|faint|p2a: Sakura Miyawaki
|
|-weather|Snowscape|[upkeep]
|upkeep
|
|t:|1757864684
|switch|p2a: Cetitan|Cetitan, M|100/100
|-activate|p2a: Cetitan|move: Sticky Web
|-unboost|p2a: Cetitan|spe|1
|turn|16
|
|t:|1757864691
|move|p2a: Cetitan|Belly Drum|p2a: Cetitan
|-damage|p2a: Cetitan|50/100
|-setboost|p2a: Cetitan|atk|6|[from] move: Belly Drum
|-enditem|p2a: Cetitan|Sitrus Berry|[eat]
|-heal|p2a: Cetitan|75/100|[from] item: Sitrus Berry
|move|p1a: Iron Valiant|Moonblast|p2a: Cetitan
|-damage|p2a: Cetitan|19/100
|
|-weather|Snowscape|[upkeep]
|upkeep
|turn|17
|j| Jey2
|
|t:|1757864699
|-terastallize|p2a: Cetitan|Ice
|move|p2a: Cetitan|Ice Shard|p1a: Iron Valiant
|-damage|p1a: Iron Valiant|0 fnt
|faint|p1a: Iron Valiant
|-end|p1a: Iron Valiant|Quark Drive|[silent]
|
|-weather|Snowscape|[upkeep]
|upkeep
|
|t:|1757864703
|switch|p1a: Ceruledge|Ceruledge, M|100/100
|turn|18
|j| AmGodzchild
|
|t:|1757864715
|move|p2a: Cetitan|Earthquake|p1a: Ceruledge
|-supereffective|p1a: Ceruledge
|-enditem|p1a: Ceruledge|Focus Sash
|-damage|p1a: Ceruledge|1/100
|-ability|p1a: Ceruledge|Weak Armor|boost
|-unboost|p1a: Ceruledge|def|1
|-boost|p1a: Ceruledge|spe|2
|move|p1a: Ceruledge|Swords Dance|p1a: Ceruledge
|-boost|p1a: Ceruledge|atk|2
|
|-weather|none
|upkeep
|turn|19
|
|t:|1757864720
|move|p1a: Ceruledge|Shadow Sneak|p2a: Cetitan
|-damage|p2a: Cetitan|0 fnt
|faint|p2a: Cetitan
|
|upkeep
|
|t:|1757864724
|switch|p2a: Mecha Buddha|Iron Hands|100/100
|-activate|p2a: Mecha Buddha|move: Sticky Web
|-unboost|p2a: Mecha Buddha|spe|1
|turn|20
|
|t:|1757864727
|move|p1a: Ceruledge|Bitter Blade|p2a: Mecha Buddha
|-damage|p2a: Mecha Buddha|68/100
|-heal|p1a: Ceruledge|26/100|[from] drain|[of] p2a: Mecha Buddha
|move|p2a: Mecha Buddha|Thunder Punch|p1a: Ceruledge
|-damage|p1a: Ceruledge|0 fnt
|faint|p1a: Ceruledge
|
|upkeep
|
|t:|1757864730
|switch|p1a: Raging Bolt|Raging Bolt|100/100
|-enditem|p1a: Raging Bolt|Booster Energy
|-activate|p1a: Raging Bolt|ability: Protosynthesis|[fromitem]
|-start|p1a: Raging Bolt|protosynthesisspa
|turn|21
|
|t:|1757864749
|move|p1a: Raging Bolt|Dragon Pulse|p2a: Mecha Buddha
|-damage|p2a: Mecha Buddha|38/100
|move|p2a: Mecha Buddha|Ice Punch|p1a: Raging Bolt
|-supereffective|p1a: Raging Bolt
|-damage|p1a: Raging Bolt|35/100
|
|-sideend|p2: Obito 2001|move: Aurora Veil
|upkeep
|turn|22
|
|t:|1757864753
|move|p1a: Raging Bolt|Dragon Pulse|p2a: Mecha Buddha
|-damage|p2a: Mecha Buddha|0 fnt
|faint|p2a: Mecha Buddha
|-end|p2a: Mecha Buddha|Quark Drive|[silent]
|
|upkeep
|
|t:|1757864755
|switch|p2a: Landorus|Landorus-Therian, M|27/100
|-ability|p2a: Landorus|Intimidate|boost
|-unboost|p1a: Raging Bolt|atk|1
|turn|23
|
|t:|1757864757
|move|p2a: Landorus|Earth Power|p1a: Raging Bolt
|-supereffective|p1a: Raging Bolt
|-damage|p1a: Raging Bolt|0 fnt
|faint|p1a: Raging Bolt
|-end|p1a: Raging Bolt|Protosynthesis|[silent]
|
|upkeep
|
|t:|1757864759
|switch|p1a: Deoxys|Deoxys-Speed|81/100 par
|-ability|p1a: Deoxys|Pressure
|turn|24
|
|t:|1757864761
|move|p2a: Landorus|Earth Power|p1a: Deoxys
|-damage|p1a: Deoxys|25/100 par
|cant|p1a: Deoxys|par
|
|upkeep
|turn|25
|
|t:|1757864764
|move|p2a: Landorus|Earth Power|p1a: Deoxys
|-damage|p1a: Deoxys|0 fnt
|faint|p1a: Deoxys
|
|win|Obito 2001
|raw|oehtwashere's rating: 1711 &rarr; <strong>1689</strong><br />(-22 for losing)
|raw|Obito 2001's rating: 1679 &rarr; <strong>1701</strong><br />(+22 for winning)
|l|☆oehtwashere
|player|p1|
