|j|☆plk1234
|j|☆aaron200589
|t:|1757849711
|gametype|singles
|player|p1|plk1234|102|1329
|player|p2|aaron200589|giovanni|1340
|gen|9
|tier|[Gen 9] OU
|rated|
|rule|HP Percentage Mod: HP is shown in percentages
|rule|Endless Battle Clause: Forcing endless battles is banned
|rule|Species Clause: Limit one of each Pokémon
|rule|OHKO Clause: OHKO moves are banned
|rule|Evasion Items Clause: Evasion items are banned
|rule|Evasion Moves Clause: Evasion moves are banned
|rule|Evasion Abilities Clause: Evasion abilities are banned
|rule|Sleep Moves Clause: Sleep-inducing moves are banned
|clearpoke
|poke|p1|Blastoise, F|
|poke|p1|Manaphy|
|poke|p1|Dragonite, M|
|poke|p1|Decidueye, M|
|poke|p1|Zapdos-Galar|
|poke|p1|Heatran, M|
|poke|p2|Gholdengo|
|poke|p2|Alomomola, M|
|poke|p2|Ting-Lu|
|poke|p2|Gliscor, F|
|poke|p2|Blissey, F|
|poke|p2|Toxapex, F|
|teampreview
|inactive|Battle timer is ON: inactive players will automatically lose when time's up. (requested by plk1234)
|
|t:|1757849724
|teamsize|p1|6
|teamsize|p2|6
|start
|switch|p1a: Heatran|Heatran, M|100/100
|switch|p2a: Toxapex|Toxapex, F, shiny|100/100
|-item|p1a: Heatran|Air Balloon
|turn|1
|
|t:|1757849734
|switch|p2a: Alomomola|Alomomola, M|100/100
|move|p1a: Heatran|Earth Power|p2a: Alomomola
|-damage|p2a: Alomomola|71/100
|
|upkeep
|turn|2
|
|t:|1757849743
|move|p1a: Heatran|Stealth Rock|p2a: Alomomola
|-sidestart|p2: aaron200589|move: Stealth Rock
|move|p2a: Alomomola|Flip Turn|p1a: Heatran
|-supereffective|p1a: Heatran
|-damage|p1a: Heatran|77/100
|-enditem|p1a: Heatran|Air Balloon
|
|t:|1757849756
|switch|p2a: Gliscor|Gliscor, F|100/100|[from] Flip Turn
|-damage|p2a: Gliscor|88/100|[from] Stealth Rock
|
|-status|p2a: Gliscor|tox|[from] item: Toxic Orb
|upkeep
|turn|3
|
|t:|1757849780
|move|p2a: Gliscor|Knock Off|p1a: Heatran
|-damage|p1a: Heatran|66/100
|move|p1a: Heatran|Lava Plume|p2a: Gliscor
|-damage|p2a: Gliscor|56/100 tox
|
|-heal|p2a: Gliscor|68/100 tox|[from] ability: Poison Heal
|upkeep
|turn|4
|inactive|plk1234 has 120 seconds left.
|
|t:|1757849805
|switch|p2a: Blissey|Blissey, F|100/100
|-damage|p2a: Blissey|88/100|[from] Stealth Rock
|switch|p1a: Manaphy|Manaphy|100/100
|
|-heal|p2a: Blissey|94/100|[from] item: Leftovers
|upkeep
|turn|5
|inactive|plk1234 has 120 seconds left.
|
|t:|1757849817
|switch|p1a: Decidueye|Decidueye, M|100/100
|switch|p2a: Toxapex|Toxapex, F, shiny|100/100
|-damage|p2a: Toxapex|88/100|[from] Stealth Rock
|
|-heal|p2a: Toxapex|94/100|[from] item: Leftovers
|upkeep
|turn|6
|
|t:|1757849828
|move|p1a: Decidueye|Swords Dance|p1a: Decidueye
|-boost|p1a: Decidueye|atk|2
|move|p2a: Toxapex|Toxic Spikes|p1a: Decidueye
|-sidestart|p1: plk1234|move: Toxic Spikes
|
|-heal|p2a: Toxapex|100/100|[from] item: Leftovers
|upkeep
|turn|7
|
|t:|1757849838
|move|p2a: Toxapex|Baneful Bunker|p2a: Toxapex
|-singleturn|p2a: Toxapex|move: Protect
|move|p1a: Decidueye|Leaf Blade|p2a: Toxapex
|-activate|p2a: Toxapex|move: Protect
|
|upkeep
|turn|8
|
|t:|1757849848
|switch|p2a: Ting-Lu|Ting-Lu|100/100
|-damage|p2a: Ting-Lu|94/100|[from] Stealth Rock
|-ability|p2a: Ting-Lu|Vessel of Ruin
|move|p1a: Decidueye|Swords Dance|p1a: Decidueye
|-boost|p1a: Decidueye|atk|2
|
|-heal|p2a: Ting-Lu|100/100|[from] item: Leftovers
|upkeep
|turn|9
|
|t:|1757849862
|-terastallize|p2a: Ting-Lu|Ghost
|move|p1a: Decidueye|Leaf Blade|p2a: Ting-Lu
|-crit|p2a: Ting-Lu
|-damage|p2a: Ting-Lu|0 fnt
|faint|p2a: Ting-Lu
|
|upkeep
|-message|aaron200589 forfeited.
|
|win|plk1234
|raw|plk1234's rating: 1329 &rarr; <strong>1350</strong><br />(+21 for winning)
|raw|aaron200589's rating: 1340 &rarr; <strong>1319</strong><br />(-21 for losing)
|l|☆aaron200589
|player|p2|
|l|☆plk1234
|player|p1|
