|j|☆ayayaphone
|j|☆Trail one
|t:|1757865991
|gametype|singles
|player|p1|ayayaphone|102|1397
|player|p2|Trail one|266|1476
|gen|9
|tier|[Gen 9] OU
|rated|
|rule|HP Percentage Mod: HP is shown in percentages
|rule|Endless Battle Clause: Forcing endless battles is banned
|rule|Species Clause: Limit one of each Pokémon
|rule|OHKO Clause: OHKO moves are banned
|rule|Evasion Items Clause: Evasion items are banned
|rule|Evasion Moves Clause: Evasion moves are banned
|rule|Evasion Abilities Clause: Evasion abilities are banned
|rule|Sleep Moves Clause: Sleep-inducing moves are banned
|clearpoke
|poke|p1|Pelipper, M|
|poke|p1|Raging Bolt|
|poke|p1|Landorus-Therian, M|
|poke|p1|Tentacruel, M|
|poke|p1|Overqwil, F|
|poke|p1|Scizor, F|
|poke|p2|Zapdos|
|poke|p2|Hoopa-Unbound|
|poke|p2|Alomomola, F|
|poke|p2|Toxtricity, M|
|poke|p2|Great Tusk|
|poke|p2|Cinderace, F|
|teampreview
|inactive|Battle timer is ON: inactive players will automatically lose when time's up. (requested by ayayaphone)
|inactive|ayayaphone has 120 seconds left.
|
|t:|1757866029
|teamsize|p1|6
|teamsize|p2|6
|start
|switch|p1a: Raging Bolt|Raging Bolt|100/100
|switch|p2a: Zapdos|Zapdos|100/100
|turn|1
|
|t:|1757866053
|move|p2a: Zapdos|Volt Switch|p1a: Raging Bolt
|-resisted|p1a: Raging Bolt
|-damage|p1a: Raging Bolt|94/100
|
|t:|1757866056
|switch|p2a: Alomomola|Alomomola, F|100/100|[from] Volt Switch
|move|p1a: Raging Bolt|Draco Meteor|p2a: Alomomola
|-damage|p2a: Alomomola|54/100
|-unboost|p1a: Raging Bolt|spa|2
|
|upkeep
|turn|2
|
|t:|1757866068
|-end|p1a: Raging Bolt|Protosynthesis|[silent]
|switch|p1a: Pelipper|Pelipper, M|100/100
|-weather|RainDance|[from] ability: Drizzle|[of] p1a: Pelipper
|switch|p2a: Great Tusk|Great Tusk|100/100
|
|-weather|RainDance|[upkeep]
|upkeep
|turn|3
|
|t:|1757866080
|move|p2a: Great Tusk|Knock Off|p1a: Pelipper
|-damage|p1a: Pelipper|65/100
|-enditem|p1a: Pelipper|Damp Rock|[from] move: Knock Off|[of] p2a: Great Tusk
|move|p1a: Pelipper|Hurricane|p2a: Great Tusk
|-supereffective|p2a: Great Tusk
|-damage|p2a: Great Tusk|0 fnt
|faint|p2a: Great Tusk
|-end|p2a: Great Tusk|Protosynthesis|[silent]
|
|-weather|RainDance|[upkeep]
|upkeep
|
|t:|1757866085
|switch|p2a: Zapdos|Zapdos|100/100
|turn|4
|
|t:|1757866094
|switch|p1a: Landorus|Landorus-Therian, M|100/100
|-ability|p1a: Landorus|Intimidate|boost
|-unboost|p2a: Zapdos|atk|1
|move|p2a: Zapdos|Volt Switch|p1a: Landorus
|-immune|p1a: Landorus
|
|-weather|RainDance|[upkeep]
|upkeep
|turn|5
|
|t:|1757866105
|move|p2a: Zapdos|Hurricane|p1a: Landorus
|-damage|p1a: Landorus|47/100
|move|p1a: Landorus|U-turn|p2a: Zapdos
|-resisted|p2a: Zapdos
|-damage|p2a: Zapdos|91/100
|
|t:|1757866109
|switch|p1a: Raging Bolt|Raging Bolt|94/100|[from] U-turn
|
|-weather|RainDance|[upkeep]
|upkeep
|turn|6
|
|t:|1757866111
|move|p2a: Zapdos|Volt Switch|p1a: Raging Bolt
|-resisted|p1a: Raging Bolt
|-damage|p1a: Raging Bolt|87/100
|
|t:|1757866123
|switch|p2a: Hoopa|Hoopa-Unbound|100/100|[from] Volt Switch
|move|p1a: Raging Bolt|Zap Cannon|p2a: Hoopa|[miss]
|-miss|p1a: Raging Bolt|p2a: Hoopa
|-enditem|p1a: Raging Bolt|Blunder Policy
|-boost|p1a: Raging Bolt|spe|2
|
|-weather|RainDance|[upkeep]
|upkeep
|turn|7
|inactive|Trail one has 120 seconds left.
|
|t:|1757866155
|move|p2a: Hoopa|Psychic|p1a: Raging Bolt
|-crit|p1a: Raging Bolt
|-damage|p1a: Raging Bolt|10/100
|move|p1a: Raging Bolt|Thunder|p2a: Hoopa
|-damage|p2a: Hoopa|38/100
|
|-weather|RainDance|[upkeep]
|upkeep
|turn|8
|inactive|Trail one has 120 seconds left.
|
|t:|1757866170
|switch|p2a: Zapdos|Zapdos|91/100
|-end|p1a: Raging Bolt|Protosynthesis|[silent]
|switch|p1a: Overqwil|Overqwil, F|100/100
|
|-weather|RainDance|[upkeep]
|upkeep
|turn|9
|
|t:|1757866180
|move|p1a: Overqwil|Barb Barrage|p2a: Zapdos
|-damage|p2a: Zapdos|55/100
|-status|p2a: Zapdos|psn
|-damage|p1a: Overqwil|91/100|[from] item: Life Orb
|move|p2a: Zapdos|Hurricane|p1a: Overqwil
|-damage|p1a: Overqwil|27/100
|-start|p1a: Overqwil|confusion
|
|-weather|none
|-damage|p2a: Zapdos|43/100 psn|[from] psn
|upkeep
|turn|10
|
|t:|1757866192
|switch|p1a: Raging Bolt|Raging Bolt|10/100
|move|p2a: Zapdos|Volt Switch|p1a: Raging Bolt
|-resisted|p1a: Raging Bolt
|-damage|p1a: Raging Bolt|4/100
|inactive|Trail one has 120 seconds left.
|
|t:|1757866214
|switch|p2a: Toxtricity|Toxtricity, M|100/100|[from] Volt Switch
|
|upkeep
|turn|11
|
|t:|1757866222
|move|p2a: Toxtricity|Boomburst|p1a: Raging Bolt
|-damage|p1a: Raging Bolt|0 fnt
|faint|p1a: Raging Bolt
|-end|p1a: Raging Bolt|Protosynthesis|[silent]
|
|upkeep
|
|t:|1757866225
|switch|p1a: Pelipper|Pelipper, M|65/100
|-weather|RainDance|[from] ability: Drizzle|[of] p1a: Pelipper
|turn|12
|
|t:|1757866229
|switch|p1a: Tentacruel|Tentacruel, M|100/100
|move|p2a: Toxtricity|Boomburst|p1a: Tentacruel
|-damage|p1a: Tentacruel|46/100
|
|-weather|RainDance|[upkeep]
|-heal|p1a: Tentacruel|52/100|[from] ability: Rain Dish
|-heal|p1a: Tentacruel|58/100|[from] item: Black Sludge
|upkeep
|turn|13
|
|t:|1757866235
|-terastallize|p2a: Toxtricity|Normal
|move|p2a: Toxtricity|Boomburst|p1a: Tentacruel
|-damage|p1a: Tentacruel|0 fnt
|faint|p1a: Tentacruel
|
|-weather|RainDance|[upkeep]
|upkeep
|
|t:|1757866242
|switch|p1a: Overqwil|Overqwil, F|27/100
|turn|14
|
|t:|1757866268
|switch|p2a: Alomomola|Alomomola, F|87/100
|move|p1a: Overqwil|Barb Barrage|p2a: Alomomola
|-damage|p2a: Alomomola|62/100
|-damage|p1a: Overqwil|17/100|[from] item: Life Orb
|
|-weather|RainDance|[upkeep]
|upkeep
|turn|15
|
|t:|1757866277
|move|p1a: Overqwil|Barb Barrage|p2a: Alomomola
|-damage|p2a: Alomomola|37/100
|-status|p2a: Alomomola|psn
|-damage|p1a: Overqwil|7/100|[from] item: Life Orb
|move|p2a: Alomomola|Flip Turn|p1a: Overqwil
|-damage|p1a: Overqwil|0 fnt
|faint|p1a: Overqwil
|
|t:|1757866283
|switch|p2a: Toxtricity|Toxtricity, M, tera:Normal|100/100|[from] Flip Turn
|
|-weather|RainDance|[upkeep]
|upkeep
|
|t:|1757866289
|switch|p1a: Scizor|Scizor, F|100/100
|turn|16
|
|t:|1757866312
|move|p2a: Toxtricity|Volt Switch|p1a: Scizor
|-damage|p1a: Scizor|40/100
|
|t:|1757866316
|switch|p2a: Zapdos|Zapdos|43/100 psn|[from] Volt Switch
|move|p1a: Scizor|Close Combat|p2a: Zapdos
|-resisted|p2a: Zapdos
|-damage|p2a: Zapdos|21/100 psn
|-unboost|p1a: Scizor|def|1
|-unboost|p1a: Scizor|spd|1
|
|-weather|none
|-heal|p1a: Scizor|46/100|[from] item: Leftovers
|-damage|p2a: Zapdos|8/100 psn|[from] psn
|upkeep
|turn|17
|
|t:|1757866337
|switch|p1a: Landorus|Landorus-Therian, M|47/100
|-ability|p1a: Landorus|Intimidate|boost
|-unboost|p2a: Zapdos|atk|1
|move|p2a: Zapdos|Hurricane|p1a: Landorus|[miss]
|-miss|p2a: Zapdos|p1a: Landorus
|
|-damage|p2a: Zapdos|0 fnt|[from] psn
|faint|p2a: Zapdos
|upkeep
|
|t:|1757866343
|switch|p2a: Hoopa|Hoopa-Unbound|38/100
|turn|18
|
|t:|1757866363
|switch|p1a: Scizor|Scizor, F|46/100
|move|p2a: Hoopa|Dark Pulse|p1a: Scizor
|-damage|p1a: Scizor|0 fnt
|faint|p1a: Scizor
|
|upkeep
|-message|ayayaphone forfeited.
|
|win|Trail one
|raw|ayayaphone's rating: 1397 &rarr; <strong>1381</strong><br />(-16 for losing)
|raw|Trail one's rating: 1476 &rarr; <strong>1492</strong><br />(+16 for winning)
|l|☆ayayaphone
|player|p1|
|l|☆Trail one
|player|p2|
