|j|☆pejelegante
|j|☆Antrum09
|t:|1757871187
|gametype|singles
|player|p1|pejelegante|hugh|1362
|player|p2|Antrum09|nurse|1390
|gen|9
|tier|[Gen 9] OU
|rated|
|rule|HP Percentage Mod: HP is shown in percentages
|rule|Endless Battle Clause: Forcing endless battles is banned
|rule|Species Clause: Limit one of each Pokémon
|rule|OHKO Clause: OHKO moves are banned
|rule|Evasion Items Clause: Evasion items are banned
|rule|Evasion Moves Clause: Evasion moves are banned
|rule|Evasion Abilities Clause: Evasion abilities are banned
|rule|Sleep Moves Clause: Sleep-inducing moves are banned
|clearpoke
|poke|p1|Haxorus, M|
|poke|p1|Tinkaton, F|
|poke|p1|Araquanid, F|
|poke|p1|Great Tusk|
|poke|p1|Lokix, M|
|poke|p1|Gholdengo|
|poke|p2|Garganacl, M|
|poke|p2|Kyurem|
|poke|p2|Iron Crown|
|poke|p2|Garchomp, F|
|poke|p2|Enamorus, F|
|poke|p2|Ursaluna, M|
|teampreview
|inactive|Battle timer is ON: inactive players will automatically lose when time's up. (requested by pejelegante)
|
|t:|1757871199
|teamsize|p1|6
|teamsize|p2|6
|start
|switch|p1a: 6-legs-apider|Araquanid, F, shiny|100/100
|switch|p2a: Ursaluna|Ursaluna, M|100/100
|turn|1
|inactive|Antrum09 has 120 seconds left.
|
|t:|1757871231
|move|p1a: 6-legs-apider|Sticky Web|p2a: Ursaluna
|-sidestart|p2: Antrum09|move: Sticky Web
|move|p2a: Ursaluna|Bulk Up|p2a: Ursaluna
|-boost|p2a: Ursaluna|atk|1
|-boost|p2a: Ursaluna|def|1
|
|-status|p2a: Ursaluna|brn|[from] item: Flame Orb
|upkeep
|turn|2
|inactive|Antrum09 has 120 seconds left.
|
|t:|1757871244
|move|p1a: 6-legs-apider|Hydro Pump|p2a: Ursaluna
|-supereffective|p2a: Ursaluna
|-damage|p2a: Ursaluna|22/100 brn
|move|p2a: Ursaluna|Facade|p1a: 6-legs-apider
|-damage|p1a: 6-legs-apider|0 fnt
|faint|p1a: 6-legs-apider
|
|-damage|p2a: Ursaluna|16/100 brn|[from] brn
|upkeep
|
|t:|1757871253
|switch|p1a: Idc bout your type|Lokix, M, shiny|100/100
|turn|3
|
|t:|1757871260
|move|p1a: Idc bout your type|First Impression|p2a: Ursaluna
|-crit|p2a: Ursaluna
|-damage|p2a: Ursaluna|0 fnt
|faint|p2a: Ursaluna
|
|upkeep
|
|t:|1757871266
|switch|p2a: Iron Crown|Iron Crown|100/100
|-activate|p2a: Iron Crown|move: Sticky Web
|-unboost|p2a: Iron Crown|spe|1
|turn|4
|
|t:|1757871274
|move|p1a: Idc bout your type|U-turn|p2a: Iron Crown
|-damage|p2a: Iron Crown|65/100
|
|t:|1757871278
|switch|p1a: Gholdengo|Gholdengo|100/100|[from] U-turn
|-item|p1a: Gholdengo|Air Balloon
|move|p2a: Iron Crown|Tachyon Cutter|p1a: Gholdengo
|-resisted|p1a: Gholdengo
|-damage|p1a: Gholdengo|86/100
|-enditem|p1a: Gholdengo|Air Balloon
|-resisted|p1a: Gholdengo
|-damage|p1a: Gholdengo|71/100
|-hitcount|p1a: Gholdengo|2
|
|upkeep
|turn|5
|
|t:|1757871283
|move|p1a: Gholdengo|Shadow Ball|p2a: Iron Crown
|-supereffective|p2a: Iron Crown
|-damage|p2a: Iron Crown|16/100
|move|p2a: Iron Crown|Volt Switch|p1a: Gholdengo
|-damage|p1a: Gholdengo|42/100
|
|t:|1757871296
|-end|p2a: Iron Crown|Quark Drive|[silent]
|switch|p2a: Garchomp|Garchomp, F|100/100|[from] Volt Switch
|-activate|p2a: Garchomp|move: Sticky Web
|-unboost|p2a: Garchomp|spe|1
|
|upkeep
|turn|6
|
|t:|1757871307
|-terastallize|p2a: Garchomp|Steel
|move|p1a: Gholdengo|Dazzling Gleam|p2a: Garchomp
|-resisted|p2a: Garchomp
|-damage|p2a: Garchomp|85/100
|move|p2a: Garchomp|Scale Shot|p1a: Gholdengo
|-resisted|p1a: Gholdengo
|-damage|p1a: Gholdengo|35/100
|-resisted|p1a: Gholdengo
|-damage|p1a: Gholdengo|27/100
|-resisted|p1a: Gholdengo
|-damage|p1a: Gholdengo|19/100
|-resisted|p1a: Gholdengo
|-damage|p1a: Gholdengo|12/100
|-resisted|p1a: Gholdengo
|-damage|p1a: Gholdengo|4/100
|-hitcount|p1a: Gholdengo|5
|-unboost|p2a: Garchomp|def|1
|-boost|p2a: Garchomp|spe|1
|
|upkeep
|turn|7
|
|t:|1757871319
|move|p2a: Garchomp|Swords Dance|p2a: Garchomp
|-boost|p2a: Garchomp|atk|2
|move|p1a: Gholdengo|Shadow Ball|p2a: Garchomp
|-damage|p2a: Garchomp|40/100
|
|upkeep
|turn|8
|
|t:|1757871324
|move|p2a: Garchomp|Scale Shot|p1a: Gholdengo
|-resisted|p1a: Gholdengo
|-damage|p1a: Gholdengo|0 fnt
|faint|p1a: Gholdengo
|-hitcount|p1: Gholdengo|1
|-unboost|p2a: Garchomp|def|1
|-boost|p2a: Garchomp|spe|1
|
|upkeep
|
|t:|1757871326
|switch|p1a: Idc bout your type|Lokix, M, shiny|100/100
|turn|9
|
|t:|1757871331
|move|p1a: Idc bout your type|First Impression|p2a: Garchomp
|-resisted|p2a: Garchomp
|-damage|p2a: Garchomp|0 fnt
|-damage|p1a: Idc bout your type|88/100|[from] ability: Rough Skin|[of] p2a: Garchomp
|faint|p2a: Garchomp
|
|upkeep
|
|t:|1757871336
|switch|p2a: Enamorus|Enamorus, F|100/100
|turn|10
|
|t:|1757871344
|switch|p1a: Gerson's daughter|Tinkaton, F, shiny|100/100
|-ability|p1a: Gerson's daughter|Mold Breaker
|-item|p1a: Gerson's daughter|Air Balloon
|move|p2a: Enamorus|Moonblast|p1a: Gerson's daughter
|-resisted|p1a: Gerson's daughter
|-damage|p1a: Gerson's daughter|76/100
|-unboost|p1a: Gerson's daughter|spa|1
|-enditem|p1a: Gerson's daughter|Air Balloon
|
|upkeep
|turn|11
|
|t:|1757871350
|switch|p2a: Iron Crown|Iron Crown|16/100
|-activate|p2a: Iron Crown|move: Sticky Web
|-unboost|p2a: Iron Crown|spe|1
|move|p1a: Gerson's daughter|Thunder Wave|p2a: Iron Crown
|-status|p2a: Iron Crown|par
|
|upkeep
|turn|12
|
|t:|1757871355
|move|p1a: Gerson's daughter|Play Rough|p2a: Iron Crown
|-resisted|p2a: Iron Crown
|-damage|p2a: Iron Crown|3/100 par
|move|p2a: Iron Crown|Tachyon Cutter|p1a: Gerson's daughter
|-damage|p1a: Gerson's daughter|48/100
|-damage|p1a: Gerson's daughter|24/100
|-hitcount|p1a: Gerson's daughter|2
|
|upkeep
|turn|13
|
|t:|1757871361
|move|p1a: Gerson's daughter|Play Rough|p2a: Iron Crown
|-resisted|p2a: Iron Crown
|-damage|p2a: Iron Crown|0 fnt
|faint|p2a: Iron Crown
|-end|p2a: Iron Crown|Quark Drive|[silent]
|
|upkeep
|
|t:|1757871368
|switch|p2a: Garganacl|Garganacl, M|100/100
|-activate|p2a: Garganacl|move: Sticky Web
|-unboost|p2a: Garganacl|spe|1
|turn|14
|
|t:|1757871371
|move|p1a: Gerson's daughter|Gigaton Hammer|p2a: Garganacl
|-supereffective|p2a: Garganacl
|-damage|p2a: Garganacl|20/100
|move|p2a: Garganacl|Salt Cure|p1a: Gerson's daughter
|-resisted|p1a: Gerson's daughter
|-damage|p1a: Gerson's daughter|14/100
|-start|p1a: Gerson's daughter|Salt Cure
|
|-heal|p2a: Garganacl|26/100|[from] item: Leftovers
|-damage|p1a: Gerson's daughter|0 fnt|[from] Salt Cure
|faint|p1a: Gerson's daughter
|upkeep
|
|t:|1757871377
|switch|p1a: Idc bout your type|Lokix, M, shiny|88/100
|turn|15
|
|t:|1757871385
|-terastallize|p1a: Idc bout your type|Bug
|move|p1a: Idc bout your type|U-turn|p2a: Garganacl
|-crit|p2a: Garganacl
|-damage|p2a: Garganacl|0 fnt
|faint|p2a: Garganacl
|
|t:|1757871392
|switch|p1a: Behemot|Great Tusk|100/100|[from] U-turn
|
|upkeep
|
|t:|1757871397
|switch|p2a: Kyurem|Kyurem|100/100
|-activate|p2a: Kyurem|move: Sticky Web
|-unboost|p2a: Kyurem|spe|1
|-ability|p2a: Kyurem|Pressure
|turn|16
|
|t:|1757871403
|move|p1a: Behemot|Headlong Rush|p2a: Kyurem
|-damage|p2a: Kyurem|49/100
|-unboost|p1a: Behemot|def|1
|-unboost|p1a: Behemot|spd|1
|move|p2a: Kyurem|Dragon Dance|p2a: Kyurem
|-boost|p2a: Kyurem|atk|1
|-boost|p2a: Kyurem|spe|1
|
|upkeep
|turn|17
|
|t:|1757871407
|move|p2a: Kyurem|Icicle Spear|p1a: Behemot
|-supereffective|p1a: Behemot
|-damage|p1a: Behemot|63/100
|-supereffective|p1a: Behemot
|-damage|p1a: Behemot|26/100
|-supereffective|p1a: Behemot
|-damage|p1a: Behemot|0 fnt
|faint|p1a: Behemot
|-end|p1a: Behemot|Protosynthesis|[silent]
|-hitcount|p1: Behemot|3
|
|upkeep
|
|t:|1757871409
|switch|p1a: Idc bout your type|Lokix, M, shiny, tera:Bug|88/100
|turn|18
|
|t:|1757871412
|move|p1a: Idc bout your type|First Impression|p2a: Kyurem
|-damage|p2a: Kyurem|0 fnt
|faint|p2a: Kyurem
|
|upkeep
|
|t:|1757871414
|switch|p2a: Enamorus|Enamorus, F|100/100
|turn|19
|
|t:|1757871417
|move|p2a: Enamorus|Moonblast|p1a: Idc bout your type
|-damage|p1a: Idc bout your type|0 fnt
|faint|p1a: Idc bout your type
|
|upkeep
|
|t:|1757871420
|switch|p1a: Razooroth|Haxorus, M, shiny|100/100
|-ability|p1a: Razooroth|Mold Breaker
|turn|20
|c|☆pejelegante|Gg
|
|t:|1757871425
|move|p2a: Enamorus|Moonblast|p1a: Razooroth
|-supereffective|p1a: Razooroth
|-damage|p1a: Razooroth|0 fnt
|faint|p1a: Razooroth
|
|win|Antrum09
|raw|pejelegante's rating: 1362 &rarr; <strong>1344</strong><br />(-18 for losing)
|raw|Antrum09's rating: 1390 &rarr; <strong>1408</strong><br />(+18 for winning)
