|j|☆dainijak
|j|☆infergrape
|t:|1757793010
|gametype|singles
|player|p1|dainijak|101|
|player|p2|infergrape|1|
|gen|9
|tier|[Gen 9] OU
|rule|HP Percentage Mod: HP is shown in percentages
|rule|Endless Battle Clause: Forcing endless battles is banned
|rule|Species Clause: Limit one of each Pokémon
|rule|OHKO Clause: OHKO moves are banned
|rule|Evasion Items Clause: Evasion items are banned
|rule|Evasion Moves Clause: Evasion moves are banned
|rule|Evasion Abilities Clause: Evasion abilities are banned
|rule|Sleep Moves Clause: Sleep-inducing moves are banned
|clearpoke
|poke|p1|Dragonite, M|
|poke|p1|Donphan, M|
|poke|p1|Gengar, M|
|poke|p1|Espeon, F|
|poke|p1|Vaporeon, F|
|poke|p1|Ninetales, M|
|poke|p2|Infernape, M|
|poke|p2|Raichu-Alola, F|
|poke|p2|Lycanroc-Dusk, M|
|poke|p2|Greninja-*, M|
|poke|p2|Corviknight, M|
|poke|p2|Goodra, M|
|teampreview
|
|t:|1757793030
|teamsize|p1|6
|teamsize|p2|6
|start
|switch|p1a: Donphan|Donphan, M|100/100
|switch|p2a: Greninja|Greninja, M|100/100
|turn|1
|
|t:|1757793070
|move|p2a: Greninja|Hydro Pump|p1a: Donphan
|-supereffective|p1a: Donphan
|-ability|p1a: Donphan|Sturdy
|-damage|p1a: Donphan|1/100
|-damage|p2a: Greninja|91/100|[from] item: Life Orb
|move|p1a: Donphan|Stealth Rock|p2a: Greninja
|-sidestart|p2: infergrape|move: Stealth Rock
|
|upkeep
|turn|2
|
|t:|1757793117
|switch|p1a: Vaporeon|Vaporeon, F|100/100
|move|p2a: Greninja|Dark Pulse|p1a: Vaporeon
|-damage|p1a: Vaporeon|66/100
|-damage|p2a: Greninja|81/100|[from] item: Life Orb
|
|-heal|p1a: Vaporeon|72/100|[from] item: Leftovers
|upkeep
|turn|3
|
|t:|1757793132
|switch|p2a: Raichu|Raichu-Alola, F|100/100
|move|p1a: Vaporeon|Hyper Voice|p2a: Raichu
|-damage|p2a: Raichu|69/100
|
|-heal|p1a: Vaporeon|78/100|[from] item: Leftovers
|upkeep
|turn|4
|
|t:|1757793143
|switch|p1a: Donphan|Donphan, M|1/100
|move|p2a: Raichu|Nasty Plot|p2a: Raichu
|-boost|p2a: Raichu|spa|2
|
|upkeep
|turn|5
|
|t:|1757793156
|move|p2a: Raichu|Psyshock|p1a: Donphan
|-damage|p1a: Donphan|0 fnt
|faint|p1a: Donphan
|
|upkeep
|
|t:|1757793187
|switch|p1a: Gengar|Gengar, M|100/100
|turn|6
|
|t:|1757793195
|move|p2a: Raichu|Psyshock|p1a: Gengar
|-supereffective|p1a: Gengar
|-enditem|p1a: Gengar|Focus Sash
|-damage|p1a: Gengar|1/100
|move|p1a: Gengar|Shadow Ball|p2a: Raichu
|-supereffective|p2a: Raichu
|-damage|p2a: Raichu|0 fnt
|faint|p2a: Raichu
|
|upkeep
|
|t:|1757793207
|switch|p2a: Corviknight|Corviknight, M|100/100
|-damage|p2a: Corviknight|88/100|[from] Stealth Rock
|-ability|p2a: Corviknight|Pressure
|turn|7
|
|t:|1757793218
|move|p1a: Gengar|Destiny Bond|p1a: Gengar
|-singlemove|p1a: Gengar|Destiny Bond
|move|p2a: Corviknight|Defog|p1a: Gengar
|-unboost|p1a: Gengar|evasion|1
|-sideend|p2: infergrape|Stealth Rock|[from] move: Defog|[of] p2a: Corviknight
|
|-heal|p2a: Corviknight|94/100|[from] item: Leftovers
|upkeep
|turn|8
|
|t:|1757793258
|move|p1a: Gengar|Shadow Ball|p2a: Corviknight
|-damage|p2a: Corviknight|56/100
|-unboost|p2a: Corviknight|spd|1
|move|p2a: Corviknight|Iron Defense|p2a: Corviknight
|-boost|p2a: Corviknight|def|2
|
|-heal|p2a: Corviknight|62/100|[from] item: Leftovers
|upkeep
|turn|9
|
|t:|1757793276
|move|p1a: Gengar|Shadow Ball|p2a: Corviknight
|-damage|p2a: Corviknight|5/100
|move|p2a: Corviknight|Roost|p2a: Corviknight
|-heal|p2a: Corviknight|55/100
|-singleturn|p2a: Corviknight|move: Roost
|
|-heal|p2a: Corviknight|61/100|[from] item: Leftovers
|upkeep
|turn|10
|
|t:|1757793291
|switch|p2a: Lycanroc|Lycanroc-Dusk, M|100/100
|move|p1a: Gengar|Shadow Ball|p2a: Lycanroc
|-damage|p2a: Lycanroc|37/100
|
|upkeep
|turn|11
|
|t:|1757793300
|move|p2a: Lycanroc|Accelerock|p1a: Gengar
|-damage|p1a: Gengar|0 fnt
|-start|p2a: Lycanroc|Disable|Accelerock|[from] ability: Cursed Body|[of] p1a: Gengar
|faint|p1a: Gengar
|
|upkeep
|
|t:|1757793427
|switch|p1a: Dragonite|Dragonite, M|100/100
|turn|12
|
|t:|1757793436
|switch|p2a: Greninja|Greninja, M|81/100
|move|p1a: Dragonite|Dragon Dance|p1a: Dragonite
|-boost|p1a: Dragonite|atk|1
|-boost|p1a: Dragonite|spe|1
|
|upkeep
|turn|13
|
|t:|1757793509
|move|p1a: Dragonite|Dragon Dance|p1a: Dragonite
|-boost|p1a: Dragonite|atk|1
|-boost|p1a: Dragonite|spe|1
|move|p2a: Greninja|Ice Beam|p1a: Dragonite
|-supereffective|p1a: Dragonite
|-damage|p1a: Dragonite|29/100
|-enditem|p1a: Dragonite|Weakness Policy
|-boost|p1a: Dragonite|atk|2|[from] item: Weakness Policy
|-boost|p1a: Dragonite|spa|2|[from] item: Weakness Policy
|-damage|p2a: Greninja|71/100|[from] item: Life Orb
|
|upkeep
|turn|14
|
|t:|1757793527
|move|p1a: Dragonite|Extreme Speed|p2a: Greninja
|-damage|p2a: Greninja|0 fnt
|faint|p2a: Greninja
|
|upkeep
|
|t:|1757793532
|switch|p2a: Goodra|Goodra, M|100/100
|turn|15
|
|t:|1757793572
|move|p1a: Dragonite|Ice Spinner|p2a: Goodra
|-supereffective|p2a: Goodra
|-damage|p2a: Goodra|0 fnt
|faint|p2a: Goodra
|
|upkeep
|
|t:|1757793580
|switch|p2a: Lycanroc|Lycanroc-Dusk, M|37/100
|turn|16
|
|t:|1757793585
|move|p1a: Dragonite|Extreme Speed|p2a: Lycanroc
|-resisted|p2a: Lycanroc
|-damage|p2a: Lycanroc|0 fnt
|faint|p2a: Lycanroc
|
|upkeep
|
|t:|1757793590
|switch|p2a: Corviknight|Corviknight, M|61/100
|-ability|p2a: Corviknight|Pressure
|turn|17
|
|t:|1757793666
|move|p1a: Dragonite|Ice Spinner|p2a: Corviknight
|-damage|p2a: Corviknight|3/100
|move|p2a: Corviknight|Roost|p2a: Corviknight
|-heal|p2a: Corviknight|53/100
|-singleturn|p2a: Corviknight|move: Roost
|
|-heal|p2a: Corviknight|59/100|[from] item: Leftovers
|upkeep
|turn|18
|
|t:|1757793681
|-terastallize|p2a: Corviknight|Fighting
|move|p1a: Dragonite|Earthquake|p2a: Corviknight
|-damage|p2a: Corviknight|0 fnt
|faint|p2a: Corviknight
|
|upkeep
|
|t:|1757793686
|switch|p2a: Infernape|Infernape, M|100/100
|turn|19
|
|t:|1757793730
|move|p1a: Dragonite|Extreme Speed|p2a: Infernape
|-damage|p2a: Infernape|0 fnt
|faint|p2a: Infernape
|
|win|dainijak
