|inactive|Battle timer is ON: inactive players will automatically lose when time's up.
|badge|p2|bronze|gen9ou|100-6
|badge|p2|silver|gen9randombattle|30-6
|uhtml|medal-msg|<div class="broadcast-blue">Curious what those medals under the avatar are? PS now has Ladder Seasons! For more information, check out the <a href="https://www.smogon.com/forums/threads/3740067/">thread on Smogon.</a></div>
|t:|1757856738
|gametype|singles
|player|p1|alh3n|lucas|
|player|p2|inertialinitiative|#scl5terrors|
|gen|9
|tier|[Gen 9] OU
|rule|HP Percentage Mod: HP is shown in percentages
|rule|Endless Battle Clause: Forcing endless battles is banned
|rule|Species Clause: Limit one of each Pokémon
|rule|OHKO Clause: OHKO moves are banned
|rule|Evasion Items Clause: Evasion items are banned
|rule|Evasion Moves Clause: Evasion moves are banned
|rule|Evasion Abilities Clause: Evasion abilities are banned
|rule|Sleep Moves Clause: Sleep-inducing moves are banned
|clearpoke
|poke|p1|Alomomola, F|
|poke|p1|Weezing-Galar, M|
|poke|p1|Garganacl, F|
|poke|p1|Lokix, M|
|poke|p1|Landorus-Therian, M|
|poke|p1|Iron Crown|
|poke|p2|Gliscor, F|
|poke|p2|Walking Wake|
|poke|p2|Slowking-Galar, M|
|poke|p2|Zamazenta-*|
|poke|p2|Ting-Lu|
|poke|p2|Kingambit, F|
|teampreview
|inactive|alh3n also wants the timer to be on.
|c|☆inertialinitiative|hf
|c|☆alh3n|hf
|inactive|alh3n has 270 seconds left.
|inactive|inertialinitiative has 270 seconds left.
|inactive|inertialinitiative has 240 seconds left.
|inactive|inertialinitiative has 210 seconds left.
|
|t:|1757856836
|teamsize|p1|6
|teamsize|p2|6
|start
|switch|p1a: Lokix|Lokix, M|100/100
|switch|p2a: Walking Wake|Walking Wake|100/100
|turn|1
|inactive|inertialinitiative has 270 seconds left.
|
|t:|1757856861
|switch|p1a: Alomomola|Alomomola, F|100/100
|move|p2a: Walking Wake|Draco Meteor|p1a: Alomomola
|-damage|p1a: Alomomola|62/100
|-unboost|p2a: Walking Wake|spa|2
|
|upkeep
|turn|2
|inactive|alh3n has 270 seconds left.
|inactive|inertialinitiative has 270 seconds left.
|
|t:|1757856888
|move|p2a: Walking Wake|Knock Off|p1a: Alomomola
|-damage|p1a: Alomomola|51/100
|-enditem|p1a: Alomomola|Assault Vest|[from] move: Knock Off|[of] p2a: Walking Wake
|move|p1a: Alomomola|Body Slam|p2a: Walking Wake
|-damage|p2a: Walking Wake|83/100
|-status|p2a: Walking Wake|par
|
|upkeep
|turn|3
|inactive|inertialinitiative has 270 seconds left.
|
|t:|1757856899
|move|p2a: Walking Wake|Scald|p1a: Alomomola
|-resisted|p1a: Alomomola
|-damage|p1a: Alomomola|43/100
|move|p1a: Alomomola|Flip Turn|p2a: Walking Wake
|-resisted|p2a: Walking Wake
|-damage|p2a: Walking Wake|79/100 par
|
|t:|1757856907
|switch|p1a: Lokix|Lokix, M|100/100|[from] Flip Turn
|
|upkeep
|turn|4
|inactive|alh3n has 270 seconds left.
|
|t:|1757856919
|-end|p2a: Walking Wake|Protosynthesis|[silent]
|switch|p2a: Zamazenta|Zamazenta|100/100
|-ability|p2a: Zamazenta|Dauntless Shield|boost
|-boost|p2a: Zamazenta|def|1
|move|p1a: Lokix|U-turn|p2a: Zamazenta
|-resisted|p2a: Zamazenta
|-damage|p2a: Zamazenta|68/100
|inactive|alh3n has 270 seconds left.
|
|t:|1757856928
|switch|p1a: Alomomola|Alomomola, F|77/100|[from] U-turn
|
|upkeep
|turn|5
|inactive|alh3n has 270 seconds left.
|
|t:|1757856948
|move|p2a: Zamazenta|Close Combat|p1a: Alomomola
|-damage|p1a: Alomomola|40/100
|-unboost|p2a: Zamazenta|def|1
|-unboost|p2a: Zamazenta|spd|1
|move|p1a: Alomomola|Flip Turn|p2a: Zamazenta
|-damage|p2a: Zamazenta|54/100
|inactive|alh3n has 240 seconds left.
|
|t:|1757856988
|switch|p1a: Weezing|Weezing-Galar, M|100/100|[from] Flip Turn
|-ability|p1a: Weezing|Neutralizing Gas
|
|upkeep
|turn|6
|
|t:|1757856996
|switch|p2a: Slowking|Slowking-Galar, M|100/100
|move|p1a: Weezing|Will-O-Wisp|p2a: Slowking
|-status|p2a: Slowking|brn
|
|-damage|p2a: Slowking|94/100 brn|[from] brn
|upkeep
|turn|7
|inactive|alh3n has 240 seconds left.
|
|t:|1757857008
|-end|p1a: Weezing|ability: Neutralizing Gas
|switch|p1a: Garganacl|Garganacl, F|100/100
|-prepare|p2a: Slowking|Chilly Reception|[premajor]
|move|p2a: Slowking|Chilly Reception|p2a: Slowking
|-weather|Snowscape
|
|t:|1757857015
|switch|p2a: Gliscor|Gliscor, F|100/100|[from] Chilly Reception
|
|-weather|Snowscape|[upkeep]
|-status|p2a: Gliscor|tox|[from] item: Toxic Orb
|upkeep
|turn|8
|inactive|alh3n has 240 seconds left.
|
|t:|1757857043
|switch|p1a: Alomomola|Alomomola, F|74/100
|move|p2a: Gliscor|Swords Dance|p2a: Gliscor
|-boost|p2a: Gliscor|atk|2
|
|-weather|Snowscape|[upkeep]
|upkeep
|turn|9
|
|t:|1757857055
|move|p2a: Gliscor|Earthquake|p1a: Alomomola
|-damage|p1a: Alomomola|21/100
|move|p1a: Alomomola|Flip Turn|p2a: Gliscor
|-supereffective|p2a: Gliscor
|-crit|p2a: Gliscor
|-damage|p2a: Gliscor|59/100 tox
|inactive|alh3n has 210 seconds left.
|
|t:|1757857101
|switch|p1a: Iron Crown|Iron Crown|100/100|[from] Flip Turn
|
|-weather|Snowscape|[upkeep]
|-heal|p2a: Gliscor|72/100 tox|[from] ability: Poison Heal
|upkeep
|turn|10
|
|t:|1757857108
|switch|p2a: Ting-Lu|Ting-Lu|100/100
|-ability|p2a: Ting-Lu|Vessel of Ruin
|move|p1a: Iron Crown|Tachyon Cutter|p2a: Ting-Lu
|-damage|p2a: Ting-Lu|82/100
|-damage|p2a: Ting-Lu|63/100
|-hitcount|p2a: Ting-Lu|2
|
|-weather|Snowscape|[upkeep]
|-heal|p2a: Ting-Lu|69/100|[from] item: Leftovers
|upkeep
|turn|11
|
|t:|1757857123
|-end|p1a: Iron Crown|Quark Drive|[silent]
|switch|p1a: Lokix|Lokix, M|100/100
|move|p2a: Ting-Lu|Earthquake|p1a: Lokix
|-resisted|p1a: Lokix
|-damage|p1a: Lokix|71/100
|
|-weather|none
|-heal|p2a: Ting-Lu|75/100|[from] item: Leftovers
|upkeep
|turn|12
|
|t:|1757857133
|move|p1a: Lokix|U-turn|p2a: Ting-Lu
|-supereffective|p2a: Ting-Lu
|-damage|p2a: Ting-Lu|29/100
|inactive|alh3n has 210 seconds left.
|
|t:|1757857142
|switch|p1a: Alomomola|Alomomola, F|54/100|[from] U-turn
|move|p2a: Ting-Lu|Stealth Rock|p1a: Alomomola
|-sidestart|p1: alh3n|move: Stealth Rock
|
|-heal|p2a: Ting-Lu|36/100|[from] item: Leftovers
|upkeep
|turn|13
|inactive|inertialinitiative has 270 seconds left.
|
|t:|1757857175
|switch|p2a: Slowking|Slowking-Galar, M|100/100 brn
|move|p1a: Alomomola|Flip Turn|p2a: Slowking
|-damage|p2a: Slowking|84/100 brn
|inactive|alh3n has 210 seconds left.
|
|t:|1757857196
|switch|p1a: Landorus|Landorus-Therian, M|100/100|[from] Flip Turn
|-damage|p1a: Landorus|88/100|[from] Stealth Rock
|-ability|p1a: Landorus|Intimidate|boost
|-unboost|p2a: Slowking|atk|1
|
|-damage|p2a: Slowking|78/100 brn|[from] brn
|upkeep
|turn|14
|
|t:|1757857203
|switch|p2a: Gliscor|Gliscor, F|72/100 tox
|move|p1a: Landorus|U-turn|p2a: Gliscor
|-resisted|p2a: Gliscor
|-damage|p2a: Gliscor|61/100 tox
|
|t:|1757857207
|switch|p1a: Iron Crown|Iron Crown|100/100|[from] U-turn
|-damage|p1a: Iron Crown|94/100|[from] Stealth Rock
|
|-heal|p2a: Gliscor|74/100 tox|[from] ability: Poison Heal
|upkeep
|turn|15
|
|t:|1757857211
|move|p2a: Gliscor|Protect|p2a: Gliscor
|-singleturn|p2a: Gliscor|Protect
|move|p1a: Iron Crown|Tachyon Cutter|p2a: Gliscor
|-activate|p2a: Gliscor|move: Protect
|
|-heal|p2a: Gliscor|86/100 tox|[from] ability: Poison Heal
|upkeep
|turn|16
|
|t:|1757857230
|switch|p2a: Ting-Lu|Ting-Lu|36/100
|-ability|p2a: Ting-Lu|Vessel of Ruin
|move|p1a: Iron Crown|Tachyon Cutter|p2a: Ting-Lu
|-crit|p2a: Ting-Lu
|-damage|p2a: Ting-Lu|9/100
|-damage|p2a: Ting-Lu|0 fnt
|faint|p2a: Ting-Lu
|-hitcount|p2: Ting-Lu|2
|
|upkeep
|
|t:|1757857242
|switch|p2a: Kingambit|Kingambit, F|100/100
|-activate|p2a: Kingambit|ability: Supreme Overlord
|-start|p2a: Kingambit|fallen1|[silent]
|turn|17
|inactive|alh3n has 240 seconds left.
|inactive|inertialinitiative has 270 seconds left.
|
|t:|1757857294
|-end|p1a: Iron Crown|Quark Drive|[silent]
|switch|p1a: Weezing|Weezing-Galar, M|100/100
|-ability|p1a: Weezing|Neutralizing Gas
|move|p2a: Kingambit|Kowtow Cleave|p1a: Weezing
|-resisted|p1a: Weezing
|-damage|p1a: Weezing|77/100
|
|upkeep
|turn|18
|
|t:|1757857313
|move|p1a: Weezing|Will-O-Wisp|p2a: Kingambit|[miss]
|-miss|p1a: Weezing|p2a: Kingambit
|move|p2a: Kingambit|Iron Head|p1a: Weezing
|-supereffective|p1a: Weezing
|-damage|p1a: Weezing|0 fnt
|faint|p1a: Weezing
|-end|p1a: Weezing|ability: Neutralizing Gas
|-activate|p2a: Kingambit|ability: Supreme Overlord
|-start|p2a: Kingambit|fallen1|[silent]
|
|upkeep
|c|☆inertialinitiative|sorry
|c|☆inertialinitiative|really sorry
|c|☆alh3n|happens
|c|☆inertialinitiative|I am playing like ass this game
|inactive|alh3n has 210 seconds left.
|inactive|alh3n has 180 seconds left.
|inactive|alh3n has 150 seconds left.
|
|t:|1757857418
|switch|p1a: Landorus|Landorus-Therian, M|88/100
|-damage|p1a: Landorus|76/100|[from] Stealth Rock
|-ability|p1a: Landorus|Intimidate|boost
|-unboost|p2a: Kingambit|atk|1
|turn|19
|
|t:|1757857424
|-end|p2a: Kingambit|fallen1|[silent]
|switch|p2a: Gliscor|Gliscor, F|86/100 tox
|move|p1a: Landorus|U-turn|p2a: Gliscor
|-resisted|p2a: Gliscor
|-damage|p2a: Gliscor|76/100 tox
|
|t:|1757857431
|switch|p1a: Iron Crown|Iron Crown|94/100|[from] U-turn
|-damage|p1a: Iron Crown|88/100|[from] Stealth Rock
|
|-heal|p2a: Gliscor|89/100 tox|[from] ability: Poison Heal
|upkeep
|turn|20
|
|t:|1757857435
|move|p2a: Gliscor|Protect|p2a: Gliscor
|-singleturn|p2a: Gliscor|Protect
|move|p1a: Iron Crown|Tachyon Cutter|p2a: Gliscor
|-activate|p2a: Gliscor|move: Protect
|
|-heal|p2a: Gliscor|100/100 tox|[from] ability: Poison Heal
|upkeep
|turn|21
|
|t:|1757857448
|switch|p2a: Slowking|Slowking-Galar, M|100/100 brn
|move|p1a: Iron Crown|Tachyon Cutter|p2a: Slowking
|-damage|p2a: Slowking|78/100 brn
|-damage|p2a: Slowking|54/100 brn
|-hitcount|p2a: Slowking|2
|
|-damage|p2a: Slowking|48/100 brn|[from] brn
|upkeep
|turn|22
|inactive|inertialinitiative has 270 seconds left.
|
|t:|1757857475
|-terastallize|p2a: Slowking|Water
|move|p1a: Iron Crown|Tachyon Cutter|p2a: Slowking
|-resisted|p2a: Slowking
|-damage|p2a: Slowking|36/100 brn
|-resisted|p2a: Slowking
|-damage|p2a: Slowking|26/100 brn
|-hitcount|p2a: Slowking|2
|-prepare|p2a: Slowking|Chilly Reception|[premajor]
|move|p2a: Slowking|Chilly Reception|p2a: Slowking
|-weather|Snowscape
|inactive|inertialinitiative has 270 seconds left.
|
|t:|1757857486
|switch|p2a: Kingambit|Kingambit, F|100/100|[from] Chilly Reception
|-activate|p2a: Kingambit|ability: Supreme Overlord
|-start|p2a: Kingambit|fallen1|[silent]
|
|-weather|Snowscape|[upkeep]
|upkeep
|turn|23
|inactive|inertialinitiative has 270 seconds left.
|
|t:|1757857495
|move|p1a: Iron Crown|Tachyon Cutter|p2a: Kingambit
|-resisted|p2a: Kingambit
|-damage|p2a: Kingambit|80/100
|-resisted|p2a: Kingambit
|-damage|p2a: Kingambit|59/100
|-hitcount|p2a: Kingambit|2
|move|p2a: Kingambit|Swords Dance|p2a: Kingambit
|-boost|p2a: Kingambit|atk|2
|
|-weather|Snowscape|[upkeep]
|upkeep
|turn|24
|inactive|inertialinitiative has 270 seconds left.
|
|t:|1757857510
|move|p1a: Iron Crown|Tachyon Cutter|p2a: Kingambit
|-resisted|p2a: Kingambit
|-damage|p2a: Kingambit|37/100
|-resisted|p2a: Kingambit
|-damage|p2a: Kingambit|17/100
|-hitcount|p2a: Kingambit|2
|move|p2a: Kingambit|Kowtow Cleave|p1a: Iron Crown
|-supereffective|p1a: Iron Crown
|-damage|p1a: Iron Crown|0 fnt
|faint|p1a: Iron Crown
|-end|p1a: Iron Crown|Quark Drive|[silent]
|
|-weather|Snowscape|[upkeep]
|upkeep
|
|t:|1757857528
|switch|p1a: Lokix|Lokix, M|71/100
|-damage|p1a: Lokix|46/100|[from] Stealth Rock
|turn|25
|
|t:|1757857535
|move|p1a: Lokix|First Impression|p2a: Kingambit
|-damage|p2a: Kingambit|0 fnt
|faint|p2a: Kingambit
|-end|p2a: Kingambit|fallen1|[silent]
|
|-weather|Snowscape|[upkeep]
|upkeep
|
|t:|1757857538
|switch|p2a: Gliscor|Gliscor, F|100/100 tox
|turn|26
|
|t:|1757857559
|switch|p1a: Garganacl|Garganacl, F|100/100
|-damage|p1a: Garganacl|88/100|[from] Stealth Rock
|move|p2a: Gliscor|Swords Dance|p2a: Gliscor
|-boost|p2a: Gliscor|atk|2
|
|-weather|none
|-heal|p1a: Garganacl|94/100|[from] item: Leftovers
|upkeep
|turn|27
|
|t:|1757857564
|-terastallize|p1a: Garganacl|Water
|move|p2a: Gliscor|Earthquake|p1a: Garganacl
|-damage|p1a: Garganacl|41/100
|move|p1a: Garganacl|Salt Cure|p2a: Gliscor
|-damage|p2a: Gliscor|90/100 tox
|-start|p2a: Gliscor|Salt Cure
|
|-heal|p1a: Garganacl|47/100|[from] item: Leftovers
|-heal|p2a: Gliscor|100/100 tox|[from] ability: Poison Heal
|-damage|p2a: Gliscor|88/100 tox|[from] Salt Cure
|upkeep
|turn|28
|
|t:|1757857572
|switch|p1a: Landorus|Landorus-Therian, M|76/100
|-damage|p1a: Landorus|64/100|[from] Stealth Rock
|-ability|p1a: Landorus|Intimidate|boost
|-unboost|p2a: Gliscor|atk|1
|move|p2a: Gliscor|Swords Dance|p2a: Gliscor
|-boost|p2a: Gliscor|atk|2
|
|-heal|p2a: Gliscor|100/100 tox|[from] ability: Poison Heal
|-damage|p2a: Gliscor|88/100 tox|[from] Salt Cure
|upkeep
|turn|29
|
|t:|1757857578
|move|p1a: Landorus|Stone Edge|p2a: Gliscor
|-damage|p2a: Gliscor|60/100 tox
|move|p2a: Gliscor|Ice Fang|p1a: Landorus
|-supereffective|p1a: Landorus
|-damage|p1a: Landorus|0 fnt
|faint|p1a: Landorus
|
|-heal|p2a: Gliscor|73/100 tox|[from] ability: Poison Heal
|-damage|p2a: Gliscor|60/100 tox|[from] Salt Cure
|upkeep
|inactive|alh3n has 180 seconds left.
|inactive|alh3n has 150 seconds left.
|
|t:|1757857619
|switch|p1a: Alomomola|Alomomola, F|87/100
|-damage|p1a: Alomomola|75/100|[from] Stealth Rock
|turn|30
|
|t:|1757857626
|move|p2a: Gliscor|Earthquake|p1a: Alomomola
|-damage|p1a: Alomomola|13/100
|move|p1a: Alomomola|Flip Turn|p2a: Gliscor
|-supereffective|p2a: Gliscor
|-damage|p2a: Gliscor|31/100 tox
|
|t:|1757857629
|switch|p1a: Lokix|Lokix, M|46/100|[from] Flip Turn
|-damage|p1a: Lokix|21/100|[from] Stealth Rock
|
|-heal|p2a: Gliscor|44/100 tox|[from] ability: Poison Heal
|-damage|p2a: Gliscor|31/100 tox|[from] Salt Cure
|upkeep
|turn|31
|
|t:|1757857643
|switch|p2a: Slowking|Slowking-Galar, M, tera:Water|59/100 brn
|move|p1a: Lokix|Leech Life|p2a: Slowking
|-crit|p2a: Slowking
|-damage|p2a: Slowking|0 fnt
|-heal|p1a: Lokix|62/100|[from] drain|[of] p2a: Slowking
|faint|p2a: Slowking
|
|upkeep
|
|t:|1757857648
|switch|p2a: Zamazenta|Zamazenta|54/100
|turn|32
|inactive|alh3n has 180 seconds left.
|
|t:|1757857665
|switch|p1a: Alomomola|Alomomola, F|46/100
|-damage|p1a: Alomomola|34/100|[from] Stealth Rock
|move|p2a: Zamazenta|Close Combat|p1a: Alomomola
|-damage|p1a: Alomomola|0 fnt
|-unboost|p2a: Zamazenta|def|1
|-unboost|p2a: Zamazenta|spd|1
|faint|p1a: Alomomola
|
|upkeep
|
|t:|1757857667
|switch|p1a: Garganacl|Garganacl, F, tera:Water|47/100
|-damage|p1a: Garganacl|35/100|[from] Stealth Rock
|turn|33
|
|t:|1757857673
|move|p1a: Garganacl|Protect|p1a: Garganacl
|-singleturn|p1a: Garganacl|Protect
|move|p2a: Zamazenta|Close Combat|p1a: Garganacl
|-activate|p1a: Garganacl|move: Protect
|
|-heal|p1a: Garganacl|41/100|[from] item: Leftovers
|upkeep
|turn|34
|
|t:|1757857680
|move|p2a: Zamazenta|Close Combat|p1a: Garganacl
|-damage|p1a: Garganacl|1/100
|-unboost|p2a: Zamazenta|def|1
|-unboost|p2a: Zamazenta|spd|1
|move|p1a: Garganacl|Recover|p1a: Garganacl
|-heal|p1a: Garganacl|51/100
|
|-heal|p1a: Garganacl|57/100|[from] item: Leftovers
|upkeep
|turn|35
|
|t:|1757857685
|move|p2a: Zamazenta|Close Combat|p1a: Garganacl
|-damage|p1a: Garganacl|19/100
|-unboost|p2a: Zamazenta|def|1
|-unboost|p2a: Zamazenta|spd|1
|move|p1a: Garganacl|Recover|p1a: Garganacl
|-heal|p1a: Garganacl|69/100
|
|-heal|p1a: Garganacl|75/100|[from] item: Leftovers
|upkeep
|turn|36
|
|t:|1757857692
|move|p2a: Zamazenta|Close Combat|p1a: Garganacl
|-crit|p1a: Garganacl
|-damage|p1a: Garganacl|15/100
|-unboost|p2a: Zamazenta|def|1
|-unboost|p2a: Zamazenta|spd|1
|move|p1a: Garganacl|Stealth Rock|p2a: Zamazenta
|-sidestart|p2: inertialinitiative|move: Stealth Rock
|
|-heal|p1a: Garganacl|21/100|[from] item: Leftovers
|upkeep
|turn|37
|c|☆alh3n|gg
|c|☆inertialinitiative|gg
|-message|alh3n forfeited.
|
|win|inertialinitiative
|player|p2|
|player|p2|inertialinitiative|#scl5terrors|
