|j|☆Winter escape
|j|☆OneWhoRants
|t:|1757912922
|gametype|singles
|player|p1|Winter escape|roughneck|1411
|player|p2|OneWhoRants|266|1396
|gen|9
|tier|[Gen 9] OU
|rated|
|rule|HP Percentage Mod: HP is shown in percentages
|rule|Endless Battle Clause: Forcing endless battles is banned
|rule|Species Clause: Limit one of each Pokémon
|rule|OHKO Clause: OHKO moves are banned
|rule|Evasion Items Clause: Evasion items are banned
|rule|Evasion Moves Clause: Evasion moves are banned
|rule|Evasion Abilities Clause: Evasion abilities are banned
|rule|Sleep Moves Clause: Sleep-inducing moves are banned
|clearpoke
|poke|p1|Skeledirge, M|
|poke|p1|Ogerpon-Wellspring, F|
|poke|p1|Garganacl, M|
|poke|p1|Zapdos|
|poke|p1|Gliscor, M|
|poke|p1|Quaquaval, F|
|poke|p2|Weavile, F|
|poke|p2|Pecharunt|
|poke|p2|Ting-Lu|
|poke|p2|Tinkaton, F|
|poke|p2|Keldeo-Resolute|
|poke|p2|Dragonite, F|
|teampreview
|inactive|Battle timer is ON: inactive players will automatically lose when time's up. (requested by Winter escape)
|inactive|OneWhoRants has 120 seconds left.
|
|t:|1757912970
|teamsize|p1|6
|teamsize|p2|6
|start
|switch|p1a: Garganacl|Garganacl, M|100/100
|switch|p2a: Tinkaton|Tinkaton, F|100/100
|-item|p2a: Tinkaton|Air Balloon
|turn|1
|
|t:|1757912991
|move|p2a: Tinkaton|Stealth Rock|p1a: Garganacl
|-sidestart|p1: Winter escape|move: Stealth Rock
|move|p1a: Garganacl|Salt Cure|p2a: Tinkaton
|-resisted|p2a: Tinkaton
|-damage|p2a: Tinkaton|93/100
|-start|p2a: Tinkaton|Salt Cure
|-enditem|p2a: Tinkaton|Air Balloon
|
|-damage|p2a: Tinkaton|68/100|[from] Salt Cure
|upkeep
|turn|2
|
|t:|1757913016
|switch|p2a: Pecharunt|Pecharunt|100/100
|-terastallize|p1a: Garganacl|Fighting
|move|p1a: Garganacl|Stealth Rock|p2a: Pecharunt
|-sidestart|p2: OneWhoRants|move: Stealth Rock
|
|upkeep
|turn|3
|
|t:|1757913025
|move|p2a: Pecharunt|Parting Shot|p1a: Garganacl
|-unboost|p1a: Garganacl|atk|1
|-unboost|p1a: Garganacl|spa|1
|
|t:|1757913037
|switch|p2a: Ting-Lu|Ting-Lu|100/100|[from] Parting Shot
|-damage|p2a: Ting-Lu|94/100|[from] Stealth Rock
|-ability|p2a: Ting-Lu|Vessel of Ruin
|move|p1a: Garganacl|Salt Cure|p2a: Ting-Lu
|-resisted|p2a: Ting-Lu
|-damage|p2a: Ting-Lu|92/100
|-start|p2a: Ting-Lu|Salt Cure
|
|-damage|p2a: Ting-Lu|80/100|[from] Salt Cure
|upkeep
|turn|4
|
|t:|1757913048
|move|p2a: Ting-Lu|Spikes|p1a: Garganacl
|-sidestart|p1: Winter escape|Spikes
|move|p1a: Garganacl|Body Press|p2a: Ting-Lu
|-supereffective|p2a: Ting-Lu
|-damage|p2a: Ting-Lu|34/100
|-damage|p1a: Garganacl|84/100|[from] item: Rocky Helmet|[of] p2a: Ting-Lu
|
|-heal|p1a: Garganacl|90/100|[from] item: Leftovers
|-damage|p2a: Ting-Lu|22/100|[from] Salt Cure
|upkeep
|turn|5
|
|t:|1757913061
|switch|p1a: Quaquaval|Quaquaval, F|100/100
|-damage|p1a: Quaquaval|94/100|[from] Stealth Rock
|-damage|p1a: Quaquaval|82/100|[from] Spikes
|move|p2a: Ting-Lu|Ruination|p1a: Quaquaval
|-damage|p1a: Quaquaval|41/100
|
|-damage|p2a: Ting-Lu|9/100|[from] Salt Cure
|upkeep
|turn|6
|inactive|OneWhoRants has 120 seconds left.
|
|t:|1757913097
|switch|p2a: Pecharunt|Pecharunt|100/100
|move|p1a: Quaquaval|Aqua Step|p2a: Pecharunt
|-damage|p2a: Pecharunt|83/100
|-boost|p1a: Quaquaval|spe|1
|
|upkeep
|turn|7
|inactive|OneWhoRants has 120 seconds left.
|
|t:|1757913112
|move|p1a: Quaquaval|Knock Off|p2a: Pecharunt
|-supereffective|p2a: Pecharunt
|-damage|p2a: Pecharunt|51/100
|-enditem|p2a: Pecharunt|Heavy-Duty Boots|[from] move: Knock Off|[of] p1a: Quaquaval
|move|p2a: Pecharunt|Recover|p2a: Pecharunt
|-heal|p2a: Pecharunt|100/100
|
|upkeep
|turn|8
|inactive|Winter escape has 120 seconds left.
|inactive|OneWhoRants has 120 seconds left.
|
|t:|1757913138
|switch|p1a: Gliscor|Gliscor, M|100/100
|-damage|p1a: Gliscor|88/100|[from] Stealth Rock
|move|p2a: Pecharunt|Parting Shot|p1a: Gliscor
|-unboost|p1a: Gliscor|atk|1
|-unboost|p1a: Gliscor|spa|1
|inactive|OneWhoRants has 120 seconds left.
|
|t:|1757913144
|switch|p2a: Weavile|Weavile, F|100/100|[from] Parting Shot
|-ability|p2a: Weavile|Pressure
|
|-status|p1a: Gliscor|tox|[from] item: Toxic Orb
|upkeep
|turn|9
|
|t:|1757913152
|move|p1a: Gliscor|Protect|p1a: Gliscor
|-singleturn|p1a: Gliscor|Protect
|move|p2a: Weavile|Icicle Crash|p1a: Gliscor
|-activate|p1a: Gliscor|move: Protect
|
|-heal|p1a: Gliscor|100/100 tox|[from] ability: Poison Heal
|upkeep
|turn|10
|inactive|Winter escape has 120 seconds left.
|
|t:|1757913173
|switch|p1a: Skeledirge|Skeledirge, M|100/100
|move|p2a: Weavile|Icicle Crash|p1a: Skeledirge|[miss]
|-miss|p2a: Weavile|p1a: Skeledirge
|
|upkeep
|turn|11
|inactive|Winter escape has 120 seconds left.
|inactive|OneWhoRants has 120 seconds left.
|
|t:|1757913205
|switch|p2a: Ting-Lu|Ting-Lu|9/100
|-damage|p2a: Ting-Lu|3/100|[from] Stealth Rock
|-ability|p2a: Ting-Lu|Vessel of Ruin
|move|p1a: Skeledirge|Will-O-Wisp|p2a: Ting-Lu
|-status|p2a: Ting-Lu|brn
|
|-damage|p2a: Ting-Lu|0 fnt|[from] brn
|faint|p2a: Ting-Lu
|upkeep
|inactive|OneWhoRants has 90 seconds left.
|
|t:|1757913243
|switch|p2a: Keldeo|Keldeo-Resolute|100/100
|turn|12
|inactive|Winter escape has 120 seconds left.
|
|t:|1757913256
|switch|p2a: Pecharunt|Pecharunt|100/100
|-damage|p2a: Pecharunt|88/100|[from] Stealth Rock
|switch|p1a: Ogerpon|Ogerpon-Wellspring, F|100/100
|-damage|p1a: Ogerpon|88/100|[from] Stealth Rock
|-damage|p1a: Ogerpon|76/100|[from] Spikes
|
|upkeep
|turn|13
|inactive|Winter escape has 120 seconds left.
|inactive|OneWhoRants has 90 seconds left.
|
|t:|1757913289
|move|p1a: Ogerpon|U-turn|p2a: Pecharunt
|-resisted|p2a: Pecharunt
|-damage|p2a: Pecharunt|85/100
|
|t:|1757913294
|switch|p1a: Garganacl|Garganacl, M, tera:Fighting|90/100|[from] U-turn
|-damage|p1a: Garganacl|84/100|[from] Stealth Rock
|-damage|p1a: Garganacl|72/100|[from] Spikes
|move|p2a: Pecharunt|Parting Shot|p1a: Garganacl
|-unboost|p1a: Garganacl|atk|1
|-unboost|p1a: Garganacl|spa|1
|inactive|OneWhoRants has 60 seconds left.
|
|t:|1757913312
|switch|p2a: Dragonite|Dragonite, F|100/100|[from] Parting Shot
|
|-heal|p1a: Garganacl|78/100|[from] item: Leftovers
|upkeep
|turn|14
|
|t:|1757913319
|move|p2a: Dragonite|Hurricane|p1a: Garganacl
|-supereffective|p1a: Garganacl
|-damage|p1a: Garganacl|6/100
|move|p1a: Garganacl|Salt Cure|p2a: Dragonite
|-supereffective|p2a: Dragonite
|-damage|p2a: Dragonite|90/100
|-start|p2a: Dragonite|Salt Cure
|
|-heal|p1a: Garganacl|13/100|[from] item: Leftovers
|-damage|p2a: Dragonite|78/100|[from] Salt Cure
|upkeep
|turn|15
|inactive|Winter escape has 120 seconds left.
|
|t:|1757913351
|switch|p1a: Skeledirge|Skeledirge, M|100/100
|move|p2a: Dragonite|Earthquake|p1a: Skeledirge
|-supereffective|p1a: Skeledirge
|-damage|p1a: Skeledirge|37/100
|
|-damage|p2a: Dragonite|65/100|[from] Salt Cure
|upkeep
|turn|16
|
|t:|1757913365
|switch|p1a: Zapdos|Zapdos|100/100
|move|p2a: Dragonite|Earthquake|p1a: Zapdos
|-immune|p1a: Zapdos
|
|-damage|p2a: Dragonite|53/100|[from] Salt Cure
|upkeep
|turn|17
|
|t:|1757913377
|switch|p2a: Tinkaton|Tinkaton, F|68/100
|-damage|p2a: Tinkaton|62/100|[from] Stealth Rock
|move|p1a: Zapdos|Discharge|p2a: Tinkaton
|-damage|p2a: Tinkaton|34/100
|-status|p2a: Tinkaton|par
|
|upkeep
|turn|18
|
|t:|1757913388
|move|p1a: Zapdos|Discharge|p2a: Tinkaton
|-damage|p2a: Tinkaton|6/100 par
|cant|p2a: Tinkaton|par
|
|upkeep
|turn|19
|
|t:|1757913398
|move|p1a: Zapdos|Discharge|p2a: Tinkaton
|-damage|p2a: Tinkaton|0 fnt
|faint|p2a: Tinkaton
|
|upkeep
|inactive|OneWhoRants has 60 seconds left.
|
|t:|1757913435
|switch|p2a: Weavile|Weavile, F|100/100
|-ability|p2a: Weavile|Pressure
|turn|20
|inactive|Winter escape has 120 seconds left.
|
|t:|1757913456
|switch|p1a: Garganacl|Garganacl, M, tera:Fighting|13/100
|-damage|p1a: Garganacl|6/100|[from] Stealth Rock
|-damage|p1a: Garganacl|0 fnt|[from] Spikes
|faint|p1a: Garganacl
|move|p2a: Weavile|Icicle Crash|p1: Garganacl|[notarget]
|-fail|p2a: Weavile
|
|upkeep
|inactive|Winter escape has 90 seconds left.
|
|t:|1757913490
|switch|p1a: Quaquaval|Quaquaval, F|41/100
|-damage|p1a: Quaquaval|35/100|[from] Stealth Rock
|-damage|p1a: Quaquaval|23/100|[from] Spikes
|turn|21
|inactive|OneWhoRants has 60 seconds left.
|inactive|OneWhoRants has 30 seconds left.
|inactive|OneWhoRants has 20 seconds left.
|inactive|OneWhoRants has 15 seconds left.
|inactive|OneWhoRants has 10 seconds left.
|
|t:|1757913546
|switch|p2a: Pecharunt|Pecharunt|85/100
|-damage|p2a: Pecharunt|73/100|[from] Stealth Rock
|move|p1a: Quaquaval|Rapid Spin|p2a: Pecharunt
|-immune|p2a: Pecharunt
|
|upkeep
|turn|22
|inactive|OneWhoRants has 20 seconds left this turn.
|inactive|Winter escape has 90 seconds left.
|inactive|OneWhoRants has 15 seconds left.
|
|t:|1757913556
|move|p1a: Quaquaval|Aqua Step|p2a: Pecharunt
|-damage|p2a: Pecharunt|52/100
|-boost|p1a: Quaquaval|spe|1
|move|p2a: Pecharunt|Parting Shot|p1a: Quaquaval
|-unboost|p1a: Quaquaval|atk|1
|-unboost|p1a: Quaquaval|spa|1
|inactive|OneWhoRants has 20 seconds left this turn.
|
|t:|1757913560
|switch|p2a: Dragonite|Dragonite, F|53/100|[from] Parting Shot
|
|upkeep
|turn|23
|inactive|OneWhoRants has 30 seconds left this turn.
|
|t:|1757913568
|move|p2a: Dragonite|Extreme Speed|p1a: Quaquaval
|-damage|p1a: Quaquaval|0 fnt
|faint|p1a: Quaquaval
|
|upkeep
|inactive|Winter escape has 90 seconds left.
|-message|Winter escape forfeited.
|
|win|OneWhoRants
|raw|Winter escape's rating: 1411 &rarr; <strong>1390</strong><br />(-21 for losing)
|raw|OneWhoRants's rating: 1396 &rarr; <strong>1417</strong><br />(+21 for winning)
|l|☆Winter escape
|player|p1|
|l|☆OneWhoRants
|player|p2|
