|j|☆talon246
|j|☆NassBug
|t:|1757889081
|gametype|singles
|player|p1|talon246|marlon|1333
|player|p2|NassBug|oleana|1365
|gen|9
|tier|[Gen 9] OU
|rated|
|rule|HP Percentage Mod: HP is shown in percentages
|rule|Endless Battle Clause: Forcing endless battles is banned
|rule|Species Clause: Limit one of each Pokémon
|rule|OHKO Clause: OHKO moves are banned
|rule|Evasion Items Clause: Evasion items are banned
|rule|Evasion Moves Clause: Evasion moves are banned
|rule|Evasion Abilities Clause: Evasion abilities are banned
|rule|Sleep Moves Clause: Sleep-inducing moves are banned
|clearpoke
|poke|p1|Samurott-Hisui, F|
|poke|p1|Great Tusk|
|poke|p1|Volcanion|
|poke|p1|Hydrapple, M|
|poke|p1|Gholdengo|
|poke|p1|Landorus-Therian, M|
|poke|p2|Zapdos|
|poke|p2|Rillaboom, M|
|poke|p2|Gholdengo|
|poke|p2|Tyranitar, M|
|poke|p2|Chesnaught, F|
|poke|p2|Garchomp, M|
|teampreview
|inactive|Battle timer is ON: inactive players will automatically lose when time's up. (requested by NassBug)
|
|t:|1757889102
|teamsize|p1|6
|teamsize|p2|6
|start
|switch|p1a: Samurott|Samurott-Hisui, F|100/100
|switch|p2a: MY BEST FRIEND💓|Garchomp, M, shiny|100/100
|turn|1
|
|t:|1757889107
|move|p2a: MY BEST FRIEND💓|Spikes|p1a: Samurott
|-sidestart|p1: talon246|Spikes
|move|p1a: Samurott|Ceaseless Edge|p2a: MY BEST FRIEND💓|[miss]
|-miss|p1a: Samurott|p2a: MY BEST FRIEND💓
|
|upkeep
|turn|2
|
|t:|1757889109
|move|p2a: MY BEST FRIEND💓|Spikes|p1a: Samurott
|-sidestart|p1: talon246|Spikes
|move|p1a: Samurott|Ceaseless Edge|p2a: MY BEST FRIEND💓
|-damage|p2a: MY BEST FRIEND💓|75/100
|-damage|p1a: Samurott|88/100|[from] ability: Rough Skin|[of] p2a: MY BEST FRIEND💓
|-damage|p1a: Samurott|72/100|[from] item: Rocky Helmet|[of] p2a: MY BEST FRIEND💓
|-sidestart|p2: NassBug|Spikes
|
|upkeep
|turn|3
|
|t:|1757889111
|move|p2a: MY BEST FRIEND💓|Spikes|p1a: Samurott
|-sidestart|p1: talon246|Spikes
|move|p1a: Samurott|Ceaseless Edge|p2a: MY BEST FRIEND💓
|-damage|p2a: MY BEST FRIEND💓|48/100
|-damage|p1a: Samurott|60/100|[from] ability: Rough Skin|[of] p2a: MY BEST FRIEND💓
|-damage|p1a: Samurott|43/100|[from] item: Rocky Helmet|[of] p2a: MY BEST FRIEND💓
|-sidestart|p2: NassBug|Spikes
|
|upkeep
|turn|4
|
|t:|1757889116
|move|p2a: MY BEST FRIEND💓|Stealth Rock|p1a: Samurott
|-sidestart|p1: talon246|move: Stealth Rock
|move|p1a: Samurott|Razor Shell|p2a: MY BEST FRIEND💓
|-damage|p2a: MY BEST FRIEND💓|21/100
|-damage|p1a: Samurott|31/100|[from] ability: Rough Skin|[of] p2a: MY BEST FRIEND💓
|-damage|p1a: Samurott|14/100|[from] item: Rocky Helmet|[of] p2a: MY BEST FRIEND💓
|
|upkeep
|turn|5
|
|t:|1757889122
|move|p1a: Samurott|Sucker Punch|p2a: MY BEST FRIEND💓
|-damage|p2a: MY BEST FRIEND💓|2/100
|-damage|p1a: Samurott|2/100|[from] ability: Rough Skin|[of] p2a: MY BEST FRIEND💓
|-damage|p1a: Samurott|0 fnt|[from] item: Rocky Helmet|[of] p2a: MY BEST FRIEND💓
|faint|p1a: Samurott
|move|p2a: MY BEST FRIEND💓|Dragon Tail|p1: Samurott|[notarget]
|-fail|p2a: MY BEST FRIEND💓
|
|upkeep
|
|t:|1757889135
|switch|p1a: Great Tusk|Great Tusk|100/100
|turn|6
|
|t:|1757889141
|switch|p2a: I HAXEED U SRRY|Gholdengo, shiny|100/100
|-item|p2a: I HAXEED U SRRY|Air Balloon
|move|p1a: Great Tusk|Ice Spinner|p2a: I HAXEED U SRRY
|-resisted|p2a: I HAXEED U SRRY
|-damage|p2a: I HAXEED U SRRY|91/100
|-enditem|p2a: I HAXEED U SRRY|Air Balloon
|
|upkeep
|turn|7
|
|t:|1757889147
|move|p1a: Great Tusk|Headlong Rush|p2a: I HAXEED U SRRY
|-supereffective|p2a: I HAXEED U SRRY
|-damage|p2a: I HAXEED U SRRY|4/100
|-unboost|p1a: Great Tusk|def|1
|-unboost|p1a: Great Tusk|spd|1
|move|p2a: I HAXEED U SRRY|Make It Rain|p1a: Great Tusk
|-damage|p1a: Great Tusk|0 fnt
|-unboost|p2a: I HAXEED U SRRY|spa|1
|faint|p1a: Great Tusk
|-end|p1a: Great Tusk|Protosynthesis|[silent]
|
|upkeep
|
|t:|1757889165
|switch|p1a: Lando|Landorus-Therian, M|100/100
|-damage|p1a: Lando|88/100|[from] Stealth Rock
|-ability|p1a: Lando|Intimidate|boost
|-unboost|p2a: I HAXEED U SRRY|atk|1
|turn|8
|
|t:|1757889177
|move|p1a: Lando|U-turn|p2a: I HAXEED U SRRY
|-resisted|p2a: I HAXEED U SRRY
|-damage|p2a: I HAXEED U SRRY|0 fnt
|faint|p2a: I HAXEED U SRRY
|
|t:|1757889187
|switch|p1a: Hydrapple|Hydrapple, M|100/100|[from] U-turn
|-damage|p1a: Hydrapple|76/100|[from] Spikes
|-damage|p1a: Hydrapple|63/100|[from] Stealth Rock
|
|upkeep
|
|t:|1757889191
|switch|p2a: STOP STOP STOP🥵|Rillaboom, M, shiny|100/100
|-damage|p2a: STOP STOP STOP🥵|84/100|[from] Spikes
|-fieldstart|move: Grassy Terrain|[from] ability: Grassy Surge|[of] p2a: STOP STOP STOP🥵
|turn|9
|j| Tunder♚boltz
|
|t:|1757889194
|move|p2a: STOP STOP STOP🥵|U-turn|p1a: Hydrapple
|-supereffective|p1a: Hydrapple
|-damage|p1a: Hydrapple|35/100
|-damage|p2a: STOP STOP STOP🥵|67/100|[from] item: Rocky Helmet|[of] p1a: Hydrapple
|
|t:|1757889201
|switch|p2a: MY BEST FRIEND💓|Garchomp, M, shiny|2/100|[from] U-turn
|-damage|p2a: MY BEST FRIEND💓|0 fnt|[from] Spikes
|faint|p2a: MY BEST FRIEND💓
|move|p1a: Hydrapple|Fickle Beam|p2: MY BEST FRIEND💓|[notarget]
|-fail|p1a: Hydrapple
|
|-heal|p1a: Hydrapple|41/100|[from] Grassy Terrain
|upkeep
|
|t:|1757889213
|switch|p2a: 우선순위를 정해 가자|Chesnaught, F, shiny|100/100
|-damage|p2a: 우선순위를 정해 가자|84/100|[from] Spikes
|turn|10
|
|t:|1757889219
|switch|p1a: Volcanion|Volcanion|100/100
|move|p2a: 우선순위를 정해 가자|Belly Drum|p2a: 우선순위를 정해 가자
|-damage|p2a: 우선순위를 정해 가자|34/100
|-setboost|p2a: 우선순위를 정해 가자|atk|6|[from] move: Belly Drum
|-enditem|p2a: 우선순위를 정해 가자|Sitrus Berry|[eat]
|-heal|p2a: 우선순위를 정해 가자|59/100|[from] item: Sitrus Berry
|
|-heal|p2a: 우선순위를 정해 가자|65/100|[from] Grassy Terrain
|upkeep
|turn|11
|
|t:|1757889228
|-terastallize|p1a: Volcanion|Bug
|-terastallize|p2a: 우선순위를 정해 가자|Grass
|move|p2a: 우선순위를 정해 가자|Grassy Glide|p1a: Volcanion
|-resisted|p1a: Volcanion
|-damage|p1a: Volcanion|17/100
|move|p1a: Volcanion|Will-O-Wisp|p2a: 우선순위를 정해 가자
|-status|p2a: 우선순위를 정해 가자|brn
|
|-heal|p1a: Volcanion|23/100|[from] Grassy Terrain
|-heal|p2a: 우선순위를 정해 가자|71/100 brn|[from] Grassy Terrain
|-damage|p2a: 우선순위를 정해 가자|65/100 brn|[from] brn
|upkeep
|turn|12
|
|t:|1757889234
|switch|p1a: Lando|Landorus-Therian, M|88/100
|-damage|p1a: Lando|76/100|[from] Stealth Rock
|-ability|p1a: Lando|Intimidate|boost
|-unboost|p2a: 우선순위를 정해 가자|atk|1
|move|p2a: 우선순위를 정해 가자|Grassy Glide|p1a: Lando
|-damage|p1a: Lando|0 fnt
|faint|p1a: Lando
|
|-heal|p2a: 우선순위를 정해 가자|71/100 brn|[from] Grassy Terrain
|-damage|p2a: 우선순위를 정해 가자|65/100 brn|[from] brn
|upkeep
|
|t:|1757889240
|switch|p1a: Gholdengo|Gholdengo|100/100
|-damage|p1a: Gholdengo|94/100|[from] Stealth Rock
|-item|p1a: Gholdengo|Air Balloon
|turn|13
|l|☆talon246
|inactive|talon246 disconnected and has a minute to reconnect!
|player|p1|
|j|☆talon246
|inactive|talon246 reconnected and has 115 seconds left.
|player|p1|talon246|marlon|
|
|t:|1757889279
|move|p1a: Gholdengo|Nasty Plot|p1a: Gholdengo
|-boost|p1a: Gholdengo|spa|2
|move|p2a: 우선순위를 정해 가자|Knock Off|p1a: Gholdengo
|-supereffective|p1a: Gholdengo
|-damage|p1a: Gholdengo|0 fnt
|-enditem|p1a: Gholdengo|Air Balloon
|faint|p1a: Gholdengo
|
|-heal|p2a: 우선순위를 정해 가자|71/100 brn|[from] Grassy Terrain
|-damage|p2a: 우선순위를 정해 가자|65/100 brn|[from] brn
|upkeep
|c|☆NassBug|GG
|
|t:|1757889285
|switch|p1a: Volcanion|Volcanion, tera:Bug|23/100
|turn|14
|
|t:|1757889288
|move|p2a: 우선순위를 정해 가자|Grassy Glide|p1a: Volcanion
|-resisted|p1a: Volcanion
|-damage|p1a: Volcanion|0 fnt
|faint|p1a: Volcanion
|
|-heal|p2a: 우선순위를 정해 가자|71/100 brn|[from] Grassy Terrain
|-damage|p2a: 우선순위를 정해 가자|65/100 brn|[from] brn
|upkeep
|
|t:|1757889291
|switch|p1a: Hydrapple|Hydrapple, M|75/100
|-damage|p1a: Hydrapple|50/100|[from] Spikes
|-damage|p1a: Hydrapple|38/100|[from] Stealth Rock
|turn|15
|
|t:|1757889296
|move|p2a: 우선순위를 정해 가자|Drain Punch|p1a: Hydrapple
|-damage|p1a: Hydrapple|0 fnt
|-heal|p2a: 우선순위를 정해 가자|86/100 brn|[from] drain|[of] p1a: Hydrapple
|-damage|p2a: 우선순위를 정해 가자|69/100 brn|[from] item: Rocky Helmet|[of] p1a: Hydrapple
|faint|p1a: Hydrapple
|
|win|NassBug
|raw|talon246's rating: 1333 &rarr; <strong>1315</strong><br />(-18 for losing)
|raw|NassBug's rating: 1365 &rarr; <strong>1383</strong><br />(+18 for winning)
|l| Tunder♚boltz
|l|☆talon246
|player|p1|
