|j|☆ProfSheen
|j|☆bsp1
|t:|1757915220
|gametype|singles
|player|p1|ProfSheen|169|1556
|player|p2|bsp1|266|1625
|gen|9
|tier|[Gen 9] OU
|rated|
|rule|HP Percentage Mod: HP is shown in percentages
|rule|Endless Battle Clause: Forcing endless battles is banned
|rule|Species Clause: Limit one of each Pokémon
|rule|OHKO Clause: OHKO moves are banned
|rule|Evasion Items Clause: Evasion items are banned
|rule|Evasion Moves Clause: Evasion moves are banned
|rule|Evasion Abilities Clause: Evasion abilities are banned
|rule|Sleep Moves Clause: Sleep-inducing moves are banned
|clearpoke
|poke|p1|Ursaluna, M|
|poke|p1|Cresselia, F|
|poke|p1|Grimmsnarl, M|
|poke|p1|Zamazenta-*|
|poke|p1|Sinistcha-Masterpiece|
|poke|p1|Tentacruel, M|
|poke|p2|Ogerpon-Wellspring, F|
|poke|p2|Kingambit, M|
|poke|p2|Landorus-Therian, M|
|poke|p2|Glimmora, M|
|poke|p2|Dragapult, M|
|poke|p2|Iron Valiant|
|teampreview
|inactive|Battle timer is ON: inactive players will automatically lose when time's up. (requested by ProfSheen)
|
|t:|1757915234
|teamsize|p1|6
|teamsize|p2|6
|start
|switch|p1a: Ursaluna|Ursaluna, M, shiny|100/100
|switch|p2a: Ogerpon|Ogerpon-Wellspring, F|100/100
|turn|1
|j| thraxxedout!
|
|t:|1757915245
|switch|p1a: Sinistcha|Sinistcha-Masterpiece, shiny|100/100
|move|p2a: Ogerpon|Ivy Cudgel|p1a: Sinistcha|[anim] Ivy Cudgel Water
|-resisted|p1a: Sinistcha
|-damage|p1a: Sinistcha|80/100
|
|upkeep
|turn|2
|
|t:|1757915257
|switch|p2a: Glimmora|Glimmora, M|100/100
|move|p1a: Sinistcha|Matcha Gotcha|p2a: Glimmora
|-damage|p2a: Glimmora|54/100
|-heal|p1a: Sinistcha|100/100|[from] drain|[of] p2a: Glimmora
|-status|p2a: Glimmora|brn
|
|-damage|p2a: Glimmora|48/100 brn|[from] brn
|upkeep
|turn|3
|
|t:|1757915285
|switch|p1a: Tentacruel|Tentacruel, M|100/100
|move|p2a: Glimmora|Meteor Beam||[still]
|-prepare|p2a: Glimmora|Meteor Beam
|-boost|p2a: Glimmora|spa|1
|-enditem|p2a: Glimmora|Power Herb
|-anim|p2a: Glimmora|Meteor Beam|p1a: Tentacruel
|-damage|p1a: Tentacruel|49/100
|
|-damage|p2a: Glimmora|41/100 brn|[from] brn
|upkeep
|turn|4
|inactive|bsp1 has 120 seconds left.
|
|t:|1757915325
|switch|p2a: Ogerpon|Ogerpon-Wellspring, F|100/100
|move|p1a: Tentacruel|Hydro Pump|p2a: Ogerpon
|-immune|p2a: Ogerpon|[from] ability: Water Absorb
|
|upkeep
|turn|5
|inactive|bsp1 has 120 seconds left.
|
|t:|1757915333
|switch|p1a: Sinistcha|Sinistcha-Masterpiece, shiny|100/100
|move|p2a: Ogerpon|Horn Leech|p1a: Sinistcha
|-resisted|p1a: Sinistcha
|-damage|p1a: Sinistcha|85/100
|
|upkeep
|turn|6
|inactive|bsp1 has 120 seconds left.
|
|t:|1757915344
|switch|p2a: Kingambit|Kingambit, M|100/100
|move|p1a: Sinistcha|Shadow Ball|p2a: Kingambit
|-resisted|p2a: Kingambit
|-damage|p2a: Kingambit|85/100
|
|-heal|p2a: Kingambit|91/100|[from] item: Leftovers
|upkeep
|turn|7
|
|t:|1757915363
|switch|p1a: Ursaluna|Ursaluna, M, shiny|100/100
|move|p2a: Kingambit|Kowtow Cleave|p1a: Ursaluna
|-damage|p1a: Ursaluna|62/100
|
|-heal|p2a: Kingambit|97/100|[from] item: Leftovers
|-status|p1a: Ursaluna|brn|[from] item: Flame Orb
|upkeep
|turn|8
|
|t:|1757915374
|-end|p2a: Kingambit|fallenundefined|[silent]
|switch|p2a: Landorus|Landorus-Therian, M|100/100
|-ability|p2a: Landorus|Intimidate|boost
|-unboost|p1a: Ursaluna|atk|1
|move|p1a: Ursaluna|Avalanche|p2a: Landorus
|-supereffective|p2a: Landorus
|-damage|p2a: Landorus|11/100
|-damage|p1a: Ursaluna|45/100 brn|[from] item: Rocky Helmet|[of] p2a: Landorus
|
|-damage|p1a: Ursaluna|39/100 brn|[from] brn
|upkeep
|turn|9
|
|t:|1757915394
|switch|p1a: Cresselia|Cresselia, F|100/100
|move|p2a: Landorus|Earthquake|p1a: Cresselia
|-immune|p1a: Cresselia|[from] ability: Levitate
|
|upkeep
|turn|10
|
|t:|1757915400
|move|p2a: Landorus|Taunt|p1a: Cresselia
|-start|p1a: Cresselia|move: Taunt
|move|p1a: Cresselia|Moonblast|p2a: Landorus
|-damage|p2a: Landorus|0 fnt
|faint|p2a: Landorus
|
|upkeep
|
|t:|1757915412
|switch|p2a: Dragapult|Dragapult, M|100/100
|turn|11
|
|t:|1757915432
|-terastallize|p1a: Cresselia|Fairy
|move|p2a: Dragapult|U-turn|p1a: Cresselia
|-resisted|p1a: Cresselia
|-damage|p1a: Cresselia|96/100
|-enditem|p1a: Cresselia|Red Card|[of] p2a: Dragapult
|drag|p2a: Glimmora|Glimmora, M|41/100 brn
|move|p1a: Cresselia|Moonblast|p2a: Glimmora
|-resisted|p2a: Glimmora
|-damage|p2a: Glimmora|23/100 brn
|
|-damage|p2a: Glimmora|17/100 brn|[from] brn
|upkeep
|turn|12
|
|t:|1757915446
|move|p2a: Glimmora|Mortal Spin|p1a: Cresselia
|-supereffective|p1a: Cresselia
|-damage|p1a: Cresselia|93/100
|-status|p1a: Cresselia|psn
|move|p1a: Cresselia|Moonblast|p2a: Glimmora
|-resisted|p2a: Glimmora
|-damage|p2a: Glimmora|0 fnt
|faint|p2a: Glimmora
|
|-damage|p1a: Cresselia|80/100 psn|[from] psn
|-end|p1a: Cresselia|move: Taunt
|upkeep
|
|t:|1757915457
|switch|p2a: Kingambit|Kingambit, M|97/100
|-activate|p2a: Kingambit|ability: Supreme Overlord
|-start|p2a: Kingambit|fallen2|[silent]
|turn|13
|
|t:|1757915465
|move|p1a: Cresselia|Lunar Dance|p1a: Cresselia
|faint|p1a: Cresselia
|move|p2a: Kingambit|Iron Head|p1: Cresselia|[notarget]
|-fail|p2a: Kingambit
|
|-heal|p2a: Kingambit|100/100|[from] item: Leftovers
|upkeep
|
|t:|1757915468
|switch|p1a: Ursaluna|Ursaluna, M, shiny|39/100 brn
|-heal|p1a: Ursaluna|100/100|[from] move: Lunar Dance
|turn|14
|
|t:|1757915479
|move|p2a: Kingambit|Kowtow Cleave|p1a: Ursaluna
|-damage|p1a: Ursaluna|61/100
|move|p1a: Ursaluna|Headlong Rush|p2a: Kingambit
|-supereffective|p2a: Kingambit
|-damage|p2a: Kingambit|0 fnt
|-unboost|p1a: Ursaluna|def|1
|-unboost|p1a: Ursaluna|spd|1
|faint|p2a: Kingambit
|-end|p2a: Kingambit|fallen2|[silent]
|
|-status|p1a: Ursaluna|brn|[from] item: Flame Orb
|upkeep
|
|t:|1757915485
|switch|p2a: Ogerpon|Ogerpon-Wellspring, F|100/100
|turn|15
|j| biryanilover
|
|t:|1757915498
|switch|p1a: Sinistcha|Sinistcha-Masterpiece, shiny|85/100
|move|p2a: Ogerpon|Ivy Cudgel|p1a: Sinistcha|[anim] Ivy Cudgel Water
|-resisted|p1a: Sinistcha
|-damage|p1a: Sinistcha|62/100
|
|upkeep
|turn|16
|
|t:|1757915507
|move|p2a: Ogerpon|Taunt|p1a: Sinistcha
|-start|p1a: Sinistcha|move: Taunt
|move|p1a: Sinistcha|Shadow Ball|p2a: Ogerpon
|-damage|p2a: Ogerpon|62/100
|
|upkeep
|turn|17
|
|t:|1757915514
|move|p2a: Ogerpon|Play Rough|p1a: Sinistcha
|-damage|p1a: Sinistcha|34/100
|move|p1a: Sinistcha|Matcha Gotcha|p2a: Ogerpon
|-damage|p2a: Ogerpon|26/100
|-heal|p1a: Sinistcha|50/100|[from] drain|[of] p2a: Ogerpon
|
|upkeep
|turn|18
|
|t:|1757915519
|move|p2a: Ogerpon|Play Rough|p1a: Sinistcha
|-damage|p1a: Sinistcha|24/100
|move|p1a: Sinistcha|Shadow Ball|p2a: Ogerpon
|-damage|p2a: Ogerpon|0 fnt
|faint|p2a: Ogerpon
|
|-end|p1a: Sinistcha|move: Taunt
|upkeep
|
|t:|1757915535
|switch|p2a: Dragapult|Dragapult, M|100/100
|turn|19
|
|t:|1757915541
|switch|p1a: Grimmsnarl|Grimmsnarl, M, shiny|100/100
|move|p2a: Dragapult|Flamethrower|p1a: Grimmsnarl
|-damage|p1a: Grimmsnarl|58/100
|-status|p1a: Grimmsnarl|brn
|
|-damage|p1a: Grimmsnarl|52/100 brn|[from] brn
|upkeep
|turn|20
|
|t:|1757915546
|move|p1a: Grimmsnarl|Trick|p2a: Dragapult
|-activate|p1a: Grimmsnarl|move: Trick|[of] p2a: Dragapult
|-item|p2a: Dragapult|Lagging Tail|[from] move: Trick
|-item|p1a: Grimmsnarl|Choice Specs|[from] move: Trick
|move|p2a: Dragapult|Flamethrower|p1a: Grimmsnarl
|-damage|p1a: Grimmsnarl|21/100 brn
|
|-damage|p1a: Grimmsnarl|15/100 brn|[from] brn
|upkeep
|turn|21
|
|t:|1757915557
|move|p1a: Grimmsnarl|Parting Shot|p2a: Dragapult
|-fail|p2a: Dragapult|unboost|[from] ability: Clear Body|[of] p2a: Dragapult
|move|p2a: Dragapult|Flamethrower|p1a: Grimmsnarl
|-damage|p1a: Grimmsnarl|0 fnt
|faint|p1a: Grimmsnarl
|
|upkeep
|
|t:|1757915558
|switch|p1a: Tentacruel|Tentacruel, M|49/100
|turn|22
|
|t:|1757915566
|move|p1a: Tentacruel|Acid Spray|p2a: Dragapult
|-resisted|p2a: Dragapult
|-crit|p2a: Dragapult
|-damage|p2a: Dragapult|89/100
|move|p2a: Dragapult|Shadow Ball|p1a: Tentacruel
|-damage|p1a: Tentacruel|32/100
|-unboost|p1a: Tentacruel|spd|1
|
|upkeep
|turn|23
|
|t:|1757915569
|move|p1a: Tentacruel|Acid Spray|p2a: Dragapult
|-resisted|p2a: Dragapult
|-damage|p2a: Dragapult|80/100
|move|p2a: Dragapult|Shadow Ball|p1a: Tentacruel
|-crit|p1a: Tentacruel
|-damage|p1a: Tentacruel|0 fnt
|faint|p1a: Tentacruel
|
|upkeep
|
|t:|1757915572
|switch|p1a: Ursaluna|Ursaluna, M, shiny|61/100 brn
|turn|24
|
|t:|1757915576
|move|p1a: Ursaluna|Headlong Rush|p2a: Dragapult
|-damage|p2a: Dragapult|0 fnt
|-unboost|p1a: Ursaluna|def|1
|-unboost|p1a: Ursaluna|spd|1
|faint|p2a: Dragapult
|
|-damage|p1a: Ursaluna|55/100 brn|[from] brn
|upkeep
|
|t:|1757915579
|switch|p2a: Iron Valiant|Iron Valiant|100/100
|-enditem|p2a: Iron Valiant|Booster Energy
|-activate|p2a: Iron Valiant|ability: Quark Drive|[fromitem]
|-start|p2a: Iron Valiant|quarkdrivespe
|turn|25
|
|t:|1757915591
|move|p2a: Iron Valiant|Spirit Break|p1a: Ursaluna
|-crit|p1a: Ursaluna
|-damage|p1a: Ursaluna|0 fnt
|faint|p1a: Ursaluna
|
|upkeep
|
|t:|1757915594
|switch|p1a: Zamazenta|Zamazenta, shiny|100/100
|-ability|p1a: Zamazenta|Dauntless Shield|boost
|-boost|p1a: Zamazenta|def|1
|turn|26
|
|t:|1757915603
|move|p2a: Iron Valiant|Swords Dance|p2a: Iron Valiant
|-boost|p2a: Iron Valiant|atk|2
|move|p1a: Zamazenta|Iron Defense|p1a: Zamazenta
|-boost|p1a: Zamazenta|def|2
|
|upkeep
|turn|27
|
|t:|1757915613
|move|p2a: Iron Valiant|Encore|p1a: Zamazenta
|-start|p1a: Zamazenta|Encore
|move|p1a: Zamazenta|Iron Defense|p1a: Zamazenta
|-boost|p1a: Zamazenta|def|2
|
|upkeep
|turn|28
|
|t:|1757915619
|switch|p1a: Sinistcha|Sinistcha-Masterpiece, shiny|24/100
|move|p2a: Iron Valiant|Swords Dance|p2a: Iron Valiant
|-boost|p2a: Iron Valiant|atk|2
|
|upkeep
|turn|29
|
|t:|1757915623
|move|p2a: Iron Valiant|Spirit Break|p1a: Sinistcha
|-damage|p1a: Sinistcha|0 fnt
|faint|p1a: Sinistcha
|
|upkeep
|
|t:|1757915626
|switch|p1a: Zamazenta|Zamazenta, shiny|100/100
|turn|30
|
|t:|1757915630
|move|p2a: Iron Valiant|Spirit Break|p1a: Zamazenta
|-supereffective|p1a: Zamazenta
|-damage|p1a: Zamazenta|0 fnt
|faint|p1a: Zamazenta
|
|win|bsp1
|raw|ProfSheen's rating: 1556 &rarr; <strong>1540</strong><br />(-16 for losing)
|raw|bsp1's rating: 1625 &rarr; <strong>1641</strong><br />(+16 for winning)
|l|☆ProfSheen
|player|p1|
|l| biryanilover
|l| thraxxedout!
|l|☆bsp1
|player|p2|
