|j|☆Mky27
|j|☆ciantaihou
|t:|1757827628
|gametype|singles
|player|p1|Mky27|ltsurge|1602
|player|p2|ciantaihou|bellelba|1690
|gen|9
|tier|[Gen 9] OU
|rated|
|rule|HP Percentage Mod: HP is shown in percentages
|rule|Endless Battle Clause: Forcing endless battles is banned
|rule|Species Clause: Limit one of each Pokémon
|rule|OHKO Clause: OHKO moves are banned
|rule|Evasion Items Clause: Evasion items are banned
|rule|Evasion Moves Clause: Evasion moves are banned
|rule|Evasion Abilities Clause: Evasion abilities are banned
|rule|Sleep Moves Clause: Sleep-inducing moves are banned
|clearpoke
|poke|p1|Walking Wake|
|poke|p1|Great Tusk|
|poke|p1|Torkoal, F|
|poke|p1|Indeedee, M|
|poke|p1|Exeggutor, M|
|poke|p1|Kingambit, M|
|poke|p2|Ursaluna, F|
|poke|p2|Torkoal, F|
|poke|p2|Hoopa-Unbound|
|poke|p2|Cresselia, F|
|poke|p2|Hatterene, F|
|poke|p2|Enamorus-Therian, F|
|teampreview
|inactive|Battle timer is ON: inactive players will automatically lose when time's up. (requested by Mky27)
|
|t:|1757827640
|teamsize|p1|6
|teamsize|p2|6
|start
|switch|p1a: Indimacho|Indeedee, M|100/100
|switch|p2a: Enamorus|Enamorus-Therian, F|100/100
|-fieldstart|move: Psychic Terrain|[from] ability: Psychic Surge|[of] p1a: Indimacho
|turn|1
|
|t:|1757827648
|move|p1a: Indimacho|Trick|p2a: Enamorus
|-activate|p1a: Indimacho|move: Trick|[of] p2a: Enamorus
|-item|p2a: Enamorus|Choice Scarf|[from] move: Trick
|-item|p1a: Indimacho|Choice Specs|[from] move: Trick
|move|p2a: Enamorus|Moonblast|p1a: Indimacho
|-damage|p1a: Indimacho|29/100
|
|upkeep
|turn|2
|
|t:|1757827656
|move|p1a: Indimacho|Expanding Force|p2a: Enamorus
|-damage|p2a: Enamorus|0 fnt
|faint|p2a: Enamorus
|
|upkeep
|
|t:|1757827662
|switch|p2a: Hoopa|Hoopa-Unbound|100/100
|turn|3
|
|t:|1757827668
|switch|p1a: Kingsharp|Kingambit, M|100/100
|move|p2a: Hoopa|Trick Room|p2a: Hoopa
|-fieldstart|move: Trick Room|[of] p2a: Hoopa
|
|upkeep
|turn|4
|
|t:|1757827684
|-terastallize|p1a: Kingsharp|Ground
|move|p1a: Kingsharp|Iron Head|p2a: Hoopa
|-damage|p2a: Hoopa|45/100
|move|p2a: Hoopa|Hyperspace Fury|p1a: Kingsharp
|-damage|p1a: Kingsharp|56/100
|-unboost|p2a: Hoopa|def|1
|-enditem|p2a: Hoopa|Eject Pack
|
|t:|1757827694
|switch|p2a: Torkoal|Torkoal, F, shiny|100/100
|-weather|SunnyDay|[from] ability: Drought|[of] p2a: Torkoal
|
|-weather|SunnyDay|[upkeep]
|upkeep
|turn|5
|
|t:|1757827705
|switch|p1a: PaleoRaptor|Walking Wake|100/100
|-activate|p1a: PaleoRaptor|ability: Protosynthesis
|-start|p1a: PaleoRaptor|protosynthesisspe
|move|p2a: Torkoal|Earth Power|p1a: PaleoRaptor
|-damage|p1a: PaleoRaptor|53/100
|
|-weather|SunnyDay|[upkeep]
|-fieldend|move: Psychic Terrain
|upkeep
|turn|6
|
|t:|1757827725
|move|p2a: Torkoal|Earth Power|p1a: PaleoRaptor
|-damage|p1a: PaleoRaptor|10/100
|move|p1a: PaleoRaptor|Hydro Steam|p2a: Torkoal
|-supereffective|p2a: Torkoal
|-damage|p2a: Torkoal|0 fnt
|faint|p2a: Torkoal
|
|-weather|SunnyDay|[upkeep]
|upkeep
|
|t:|1757827735
|switch|p2a: Ursaluna|Ursaluna, F|100/100
|turn|7
|
|t:|1757827745
|-end|p1a: PaleoRaptor|Protosynthesis|[silent]
|switch|p1a: Exxegcutor|Exeggutor, M, shiny|100/100
|move|p2a: Ursaluna|Facade|p1a: Exxegcutor
|-damage|p1a: Exxegcutor|50/100
|
|-weather|SunnyDay|[upkeep]
|-fieldend|move: Trick Room
|-status|p2a: Ursaluna|brn|[from] item: Flame Orb
|upkeep
|turn|8
|l|☆ciantaihou
|inactive|ciantaihou disconnected and has a minute to reconnect!
|player|p2|
|j| LegitimatePotato
|j|☆ciantaihou
|inactive|ciantaihou reconnected and has 105 seconds left.
|player|p2|ciantaihou|bellelba|
|j| Noobshoe
|l| Noobshoe
|inactive|ciantaihou has 90 seconds left.
|
|t:|1757827833
|move|p1a: Exxegcutor|Energy Ball|p2a: Ursaluna
|-supereffective|p2a: Ursaluna
|-damage|p2a: Ursaluna|17/100 brn
|move|p2a: Ursaluna|Facade|p1a: Exxegcutor
|-damage|p1a: Exxegcutor|0 fnt
|faint|p1a: Exxegcutor
|
|-weather|none
|-damage|p2a: Ursaluna|11/100 brn|[from] brn
|upkeep
|
|t:|1757827844
|switch|p1a: PaleoRaptor|Walking Wake|10/100
|turn|9
|
|t:|1757827849
|switch|p2a: Cresselia|Cresselia, F|100/100
|move|p1a: PaleoRaptor|Flip Turn|p2a: Cresselia
|-crit|p2a: Cresselia
|-damage|p2a: Cresselia|85/100
|
|t:|1757827855
|-end|p1a: PaleoRaptor|Protosynthesis|[silent]
|switch|p1a: Indimacho|Indeedee, M|29/100|[from] Flip Turn
|-fieldstart|move: Psychic Terrain|[from] ability: Psychic Surge|[of] p1a: Indimacho
|
|-heal|p2a: Cresselia|91/100|[from] item: Leftovers
|upkeep
|turn|10
|
|t:|1757827865
|switch|p2a: Hoopa|Hoopa-Unbound|45/100
|move|p1a: Indimacho|Trick|p2a: Hoopa
|-activate|p1a: Indimacho|move: Trick|[of] p2a: Hoopa
|-item|p2a: Hoopa|Choice Specs|[from] move: Trick
|-enditem|p1a: Indimacho|Choice Specs|[silent]|[from] move: Trick
|
|upkeep
|turn|11
|inactive|ciantaihou has 90 seconds left.
|
|t:|1757827885
|move|p1a: Indimacho|Dazzling Gleam|p2a: Hoopa
|-supereffective|p2a: Hoopa
|-damage|p2a: Hoopa|5/100
|move|p2a: Hoopa|Trick Room|p2a: Hoopa
|-fieldstart|move: Trick Room|[of] p2a: Hoopa
|
|upkeep
|turn|12
|inactive|Mky27 has 120 seconds left.
|
|t:|1757827911
|switch|p2a: Hatterene|Hatterene, F|100/100
|move|p1a: Indimacho|Trick|p2a: Hatterene
|-activate|p1a: Indimacho|move: Trick|[of] p2a: Hatterene
|-enditem|p2a: Hatterene|Focus Sash|[silent]|[from] move: Trick
|-item|p1a: Indimacho|Focus Sash|[from] move: Trick
|
|upkeep
|turn|13
|inactive|Mky27 has 120 seconds left.
|
|t:|1757827926
|switch|p1a: Kingsharp|Kingambit, M, tera:Ground|56/100
|move|p2a: Hatterene|Dazzling Gleam|p1a: Kingsharp
|-damage|p1a: Kingsharp|36/100
|
|-fieldend|move: Psychic Terrain
|upkeep
|turn|14
|inactive|Mky27 has 120 seconds left.
|inactive|ciantaihou has 90 seconds left.
|
|t:|1757827938
|move|p2a: Hatterene|Healing Wish|p2a: Hatterene
|faint|p2a: Hatterene
|move|p1a: Kingsharp|Iron Head|p2: Hatterene|[notarget]
|-fail|p1a: Kingsharp
|
|upkeep
|
|t:|1757827943
|switch|p2a: Ursaluna|Ursaluna, F|11/100 brn
|-heal|p2a: Ursaluna|100/100|[from] move: Healing Wish
|turn|15
|inactive|ciantaihou has 90 seconds left.
|inactive|Mky27 has 120 seconds left.
|
|t:|1757827972
|switch|p1a: Trollkoal|Torkoal, F, shiny|100/100
|-weather|SunnyDay|[from] ability: Drought|[of] p1a: Trollkoal
|-terastallize|p2a: Ursaluna|Normal
|move|p2a: Ursaluna|Facade|p1a: Trollkoal
|-damage|p1a: Trollkoal|67/100
|
|-weather|SunnyDay|[upkeep]
|-fieldend|move: Trick Room
|-status|p2a: Ursaluna|brn|[from] item: Flame Orb
|upkeep
|turn|16
|inactive|ciantaihou has 90 seconds left.
|
|t:|1757827991
|switch|p1a: Indimacho|Indeedee, M|29/100
|-fieldstart|move: Psychic Terrain|[from] ability: Psychic Surge|[of] p1a: Indimacho
|move|p2a: Ursaluna|Facade|p1a: Indimacho
|-damage|p1a: Indimacho|0 fnt
|faint|p1a: Indimacho
|
|-weather|SunnyDay|[upkeep]
|-damage|p2a: Ursaluna|94/100 brn|[from] brn
|upkeep
|
|t:|1757828002
|switch|p1a: PaleoRaptor|Walking Wake|10/100
|-activate|p1a: PaleoRaptor|ability: Protosynthesis
|-start|p1a: PaleoRaptor|protosynthesisspe
|turn|17
|
|t:|1757828008
|move|p1a: PaleoRaptor|Hydro Steam|p2a: Ursaluna
|-damage|p2a: Ursaluna|29/100 brn
|move|p2a: Ursaluna|Facade|p1a: PaleoRaptor
|-damage|p1a: PaleoRaptor|0 fnt
|faint|p1a: PaleoRaptor
|-end|p1a: PaleoRaptor|Protosynthesis|[silent]
|
|-weather|SunnyDay|[upkeep]
|-damage|p2a: Ursaluna|23/100 brn|[from] brn
|upkeep
|
|t:|1757828018
|switch|p1a: Paleomut|Great Tusk, shiny|100/100
|-activate|p1a: Paleomut|ability: Protosynthesis
|-start|p1a: Paleomut|protosynthesisspe
|turn|18
|
|t:|1757828026
|switch|p2a: Cresselia|Cresselia, F|91/100
|move|p1a: Paleomut|Headlong Rush|p2a: Cresselia
|-immune|p2a: Cresselia|[from] ability: Levitate
|
|-weather|SunnyDay|[upkeep]
|-heal|p2a: Cresselia|97/100|[from] item: Leftovers
|upkeep
|turn|19
|
|t:|1757828036
|-end|p1a: Paleomut|Protosynthesis|[silent]
|switch|p1a: Kingsharp|Kingambit, M, tera:Ground|36/100
|move|p2a: Cresselia|Moonblast|p1a: Kingsharp
|-damage|p1a: Kingsharp|27/100
|
|-weather|SunnyDay|[upkeep]
|-heal|p2a: Cresselia|100/100|[from] item: Leftovers
|upkeep
|turn|20
|inactive|ciantaihou has 120 seconds left.
|
|t:|1757828046
|move|p1a: Kingsharp|Iron Head|p2a: Cresselia
|-damage|p2a: Cresselia|81/100
|cant|p2a: Cresselia|flinch
|
|-weather|SunnyDay|[upkeep]
|-heal|p2a: Cresselia|87/100|[from] item: Leftovers
|-fieldend|move: Psychic Terrain
|upkeep
|turn|21
|inactive|Mky27 has 120 seconds left.
|
|t:|1757828061
|move|p1a: Kingsharp|Iron Head|p2a: Cresselia
|-damage|p2a: Cresselia|68/100
|cant|p2a: Cresselia|flinch
|
|-weather|SunnyDay|[upkeep]
|-heal|p2a: Cresselia|75/100|[from] item: Leftovers
|upkeep
|turn|22
|
|t:|1757828070
|move|p1a: Kingsharp|Iron Head|p2a: Cresselia
|-damage|p2a: Cresselia|54/100
|move|p2a: Cresselia|Trick Room|p2a: Cresselia
|-fieldstart|move: Trick Room|[of] p2a: Cresselia
|
|-weather|none
|-heal|p2a: Cresselia|60/100|[from] item: Leftovers
|upkeep
|turn|23
|inactive|Mky27 has 120 seconds left.
|
|t:|1757828093
|move|p1a: Kingsharp|Sucker Punch||[still]
|-fail|p1a: Kingsharp
|move|p2a: Cresselia|Lunar Dance|p2a: Cresselia
|faint|p2a: Cresselia
|
|upkeep
|
|t:|1757828103
|switch|p2a: Ursaluna|Ursaluna, F, tera:Normal|23/100 brn
|-heal|p2a: Ursaluna|100/100|[from] move: Lunar Dance
|turn|24
|
|t:|1757828113
|move|p1a: Kingsharp|Sucker Punch|p2a: Ursaluna
|-damage|p2a: Ursaluna|79/100
|move|p2a: Ursaluna|Facade|p1a: Kingsharp
|-damage|p1a: Kingsharp|0 fnt
|faint|p1a: Kingsharp
|
|-status|p2a: Ursaluna|brn|[from] item: Flame Orb
|upkeep
|
|t:|1757828123
|switch|p1a: Trollkoal|Torkoal, F, shiny|67/100
|-weather|SunnyDay|[from] ability: Drought|[of] p1a: Trollkoal
|turn|25
|
|t:|1757828128
|move|p1a: Trollkoal|Body Press|p2a: Ursaluna
|-supereffective|p2a: Ursaluna
|-damage|p2a: Ursaluna|33/100 brn
|move|p2a: Ursaluna|Facade|p1a: Trollkoal
|-damage|p1a: Trollkoal|0 fnt
|faint|p1a: Trollkoal
|
|-weather|SunnyDay|[upkeep]
|-damage|p2a: Ursaluna|27/100 brn|[from] brn
|upkeep
|
|t:|1757828139
|switch|p1a: Paleomut|Great Tusk, shiny|100/100
|-activate|p1a: Paleomut|ability: Protosynthesis
|-start|p1a: Paleomut|protosynthesisspe
|turn|26
|
|t:|1757828155
|move|p2a: Ursaluna|Facade|p1a: Paleomut
|-damage|p1a: Paleomut|0 fnt
|faint|p1a: Paleomut
|-end|p1a: Paleomut|Protosynthesis|[silent]
|
|win|ciantaihou
|raw|Mky27's rating: 1602 &rarr; <strong>1587</strong><br />(-15 for losing)
|raw|ciantaihou's rating: 1690 &rarr; <strong>1705</strong><br />(+15 for winning)
|l|☆ciantaihou
|player|p2|
|l|☆Mky27
|player|p1|
|l| LegitimatePotato
