|j|☆Gimmicko
|j|☆fetyu
|t:|1757948215
|gametype|singles
|player|p1|Gimmicko|170|1174
|player|p2|fetyu|102|1199
|gen|9
|tier|[Gen 9] OU
|rated|
|rule|HP Percentage Mod: HP is shown in percentages
|rule|Endless Battle Clause: Forcing endless battles is banned
|rule|Species Clause: Limit one of each Pokémon
|rule|OHKO Clause: OHKO moves are banned
|rule|Evasion Items Clause: Evasion items are banned
|rule|Evasion Moves Clause: Evasion moves are banned
|rule|Evasion Abilities Clause: Evasion abilities are banned
|rule|Sleep Moves Clause: Sleep-inducing moves are banned
|clearpoke
|poke|p1|Magmar, F|
|poke|p1|Quagsire, F|
|poke|p1|Muk-Alola, F|
|poke|p1|Torterra, F|
|poke|p1|Cramorant, F|
|poke|p1|Dusclops, F|
|poke|p2|Great Tusk|
|poke|p2|Heatran, M|
|poke|p2|Weavile, M|
|poke|p2|Primarina, M|
|poke|p2|Ogerpon, F|
|poke|p2|Pecharunt|
|teampreview
|
|t:|1757948234
|teamsize|p1|6
|teamsize|p2|6
|start
|switch|p1a: Muk|Muk-Alola, F|100/100
|switch|p2a: Anonymous|Ogerpon, F|100/100
|turn|1
|
|t:|1757948238
|move|p2a: Anonymous|U-turn|p1a: Muk
|-damage|p1a: Muk|67/100
|
|t:|1757948247
|switch|p2a: Behemoth|Great Tusk, shiny|100/100|[from] U-turn
|move|p1a: Muk|Gunk Shot|p2a: Behemoth|[miss]
|-miss|p1a: Muk|p2a: Behemoth
|
|-heal|p1a: Muk|73/100|[from] item: Black Sludge
|upkeep
|turn|2
|
|t:|1757948257
|switch|p1a: Cramorant|Cramorant, F|100/100
|move|p2a: Behemoth|Headlong Rush|p1a: Cramorant
|-immune|p1a: Cramorant
|
|upkeep
|turn|3
|
|t:|1757948264
|-end|p2a: Behemoth|Protosynthesis|[silent]
|switch|p2a: Overseer|Pecharunt|100/100
|move|p1a: Cramorant|Surf|p2a: Overseer
|-formechange|p1a: Cramorant|Cramorant-Gulping|
|-damage|p2a: Overseer|74/100
|
|upkeep
|turn|4
|
|t:|1757948273
|move|p2a: Overseer|Malignant Chain|p1a: Cramorant
|-damage|p1a: Cramorant|79/100
|-status|p1a: Cramorant|tox
|-start|p1a: Cramorant|confusion|[from] ability: Poison Puppeteer|[of] p2a: Overseer
|-damage|p2a: Overseer|49/100|[from] ability: Gulp Missile|[of] p1a: Cramorant
|-unboost|p2a: Overseer|def|1
|-formechange|p1a: Cramorant|Cramorant|
|-activate|p1a: Cramorant|confusion
|move|p1a: Cramorant|Drill Peck|p2a: Overseer
|-damage|p2a: Overseer|35/100
|-damage|p1a: Cramorant|63/100 tox|[from] item: Rocky Helmet|[of] p2a: Overseer
|
|-damage|p1a: Cramorant|56/100 tox|[from] psn
|upkeep
|turn|5
|
|t:|1757948279
|switch|p1a: Muk|Muk-Alola, F|73/100
|move|p2a: Overseer|Recover|p2a: Overseer
|-heal|p2a: Overseer|85/100
|
|-heal|p1a: Muk|79/100|[from] item: Black Sludge
|upkeep
|turn|6
|
|t:|1757948287
|move|p2a: Overseer|Parting Shot|p1a: Muk
|-unboost|p1a: Muk|atk|1
|-unboost|p1a: Muk|spa|1
|inactive|Battle timer is ON: inactive players will automatically lose when time's up. (requested by Gimmicko)
|
|t:|1757948289
|switch|p2a: Behemoth|Great Tusk, shiny|100/100|[from] Parting Shot
|move|p1a: Muk|Knock Off|p2a: Behemoth
|-resisted|p2a: Behemoth
|-damage|p2a: Behemoth|88/100
|-enditem|p2a: Behemoth|Heavy-Duty Boots|[from] move: Knock Off|[of] p1a: Muk
|
|-heal|p1a: Muk|85/100|[from] item: Black Sludge
|upkeep
|turn|7
|
|t:|1757948300
|switch|p1a: Dusclops|Dusclops, F|100/100
|-ability|p1a: Dusclops|Pressure
|move|p2a: Behemoth|Ice Spinner|p1a: Dusclops
|-damage|p1a: Dusclops|82/100
|
|upkeep
|turn|8
|
|t:|1757948308
|-end|p2a: Behemoth|Protosynthesis|[silent]
|switch|p2a: Bandit|Weavile, M, shiny|100/100
|-ability|p2a: Bandit|Pressure
|move|p1a: Dusclops|Will-O-Wisp|p2a: Bandit|[miss]
|-miss|p1a: Dusclops|p2a: Bandit
|
|upkeep
|turn|9
|
|t:|1757948322
|switch|p1a: Cramorant|Cramorant, F|56/100 tox
|move|p2a: Bandit|Knock Off|p1a: Cramorant
|-damage|p1a: Cramorant|0 fnt
|-enditem|p1a: Cramorant|Heavy-Duty Boots|[from] move: Knock Off|[of] p2a: Bandit
|faint|p1a: Cramorant
|
|upkeep
|
|t:|1757948324
|switch|p1a: Magmar|Magmar, F|100/100
|turn|10
|
|t:|1757948334
|switch|p2a: Chaos|Heatran, M, shiny|100/100
|-item|p2a: Chaos|Air Balloon
|move|p1a: Magmar|Mach Punch|p2a: Chaos
|-supereffective|p2a: Chaos
|-damage|p2a: Chaos|81/100
|-enditem|p2a: Chaos|Air Balloon
|
|upkeep
|turn|11
|
|t:|1757948344
|move|p2a: Chaos|Stealth Rock|p1a: Magmar
|-sidestart|p1: Gimmicko|move: Stealth Rock
|move|p1a: Magmar|Knock Off|p2a: Chaos
|-damage|p2a: Chaos|67/100
|
|upkeep
|turn|12
|
|t:|1757948356
|switch|p1a: Dusclops|Dusclops, F|82/100
|-damage|p1a: Dusclops|70/100|[from] Stealth Rock
|-ability|p1a: Dusclops|Pressure
|move|p2a: Chaos|Earth Power|p1a: Dusclops
|-crit|p1a: Dusclops
|-damage|p1a: Dusclops|48/100
|
|upkeep
|turn|13
|
|t:|1757948362
|move|p2a: Chaos|Magma Storm|p1a: Dusclops|[miss]
|-miss|p2a: Chaos|p1a: Dusclops
|move|p1a: Dusclops|Curse|p2a: Chaos
|-start|p2a: Chaos|Curse|[of] p1a: Dusclops
|-damage|p1a: Dusclops|0 fnt
|faint|p1a: Dusclops
|
|-damage|p2a: Chaos|43/100|[from] Curse
|upkeep
|
|t:|1757948378
|switch|p1a: Quagsire|Quagsire, F, shiny|100/100
|-damage|p1a: Quagsire|94/100|[from] Stealth Rock
|turn|14
|
|t:|1757948385
|move|p2a: Chaos|Taunt|p1a: Quagsire
|-start|p1a: Quagsire|move: Taunt
|move|p1a: Quagsire|Earthquake|p2a: Chaos
|-supereffective|p2a: Chaos
|-damage|p2a: Chaos|0 fnt
|faint|p2a: Chaos
|
|-heal|p1a: Quagsire|100/100|[from] item: Leftovers
|upkeep
|
|t:|1757948388
|switch|p2a: Anonymous|Ogerpon, F|100/100
|turn|15
|
|t:|1757948394
|switch|p1a: Muk|Muk-Alola, F|85/100
|-damage|p1a: Muk|72/100|[from] Stealth Rock
|move|p2a: Anonymous|Ivy Cudgel|p1a: Muk
|-resisted|p1a: Muk
|-damage|p1a: Muk|37/100
|
|-heal|p1a: Muk|43/100|[from] item: Black Sludge
|upkeep
|turn|16
|
|t:|1757948405
|switch|p2a: Behemoth|Great Tusk, shiny|88/100
|move|p1a: Muk|Curse|p1a: Muk
|-unboost|p1a: Muk|spe|1
|-boost|p1a: Muk|atk|1
|-boost|p1a: Muk|def|1
|
|-heal|p1a: Muk|49/100|[from] item: Black Sludge
|upkeep
|turn|17
|
|t:|1757948418
|-terastallize|p1a: Muk|Fighting
|move|p2a: Behemoth|Headlong Rush|p1a: Muk
|-damage|p1a: Muk|5/100
|-unboost|p2a: Behemoth|def|1
|-unboost|p2a: Behemoth|spd|1
|move|p1a: Muk|Drain Punch|p2a: Behemoth
|-damage|p2a: Behemoth|29/100
|-heal|p1a: Muk|31/100|[from] drain|[of] p2a: Behemoth
|
|-damage|p1a: Muk|19/100|[from] item: Black Sludge
|upkeep
|turn|18
|
|t:|1757948433
|move|p2a: Behemoth|Headlong Rush|p1a: Muk
|-damage|p1a: Muk|0 fnt
|-unboost|p2a: Behemoth|def|1
|-unboost|p2a: Behemoth|spd|1
|faint|p1a: Muk
|
|upkeep
|
|t:|1757948436
|switch|p1a: Quagsire|Quagsire, F, shiny|100/100
|-damage|p1a: Quagsire|94/100|[from] Stealth Rock
|turn|19
|
|t:|1757948443
|move|p2a: Behemoth|Headlong Rush|p1a: Quagsire
|-damage|p1a: Quagsire|50/100
|-unboost|p2a: Behemoth|def|1
|-unboost|p2a: Behemoth|spd|1
|move|p1a: Quagsire|Liquidation|p2a: Behemoth
|-supereffective|p2a: Behemoth
|-damage|p2a: Behemoth|0 fnt
|faint|p2a: Behemoth
|-end|p2a: Behemoth|Protosynthesis|[silent]
|
|-heal|p1a: Quagsire|56/100|[from] item: Leftovers
|upkeep
|
|t:|1757948448
|switch|p2a: Anonymous|Ogerpon, F|100/100
|turn|20
|
|t:|1757948469
|switch|p1a: Magmar|Magmar, F|100/100
|-damage|p1a: Magmar|76/100|[from] Stealth Rock
|move|p2a: Anonymous|Ivy Cudgel|p1a: Magmar
|-resisted|p1a: Magmar
|-damage|p1a: Magmar|31/100
|
|upkeep
|turn|21
|
|t:|1757948478
|move|p2a: Anonymous|Ivy Cudgel|p1a: Magmar
|-resisted|p1a: Magmar
|-damage|p1a: Magmar|0 fnt
|faint|p1a: Magmar
|
|upkeep
|
|t:|1757948480
|switch|p1a: Torterra|Torterra, F|100/100
|-damage|p1a: Torterra|94/100|[from] Stealth Rock
|turn|22
|
|t:|1757948493
|move|p2a: Anonymous|Ivy Cudgel|p1a: Torterra
|-crit|p1a: Torterra
|-damage|p1a: Torterra|0 fnt
|faint|p1a: Torterra
|
|upkeep
|
|t:|1757948496
|switch|p1a: Quagsire|Quagsire, F, shiny|56/100
|-damage|p1a: Quagsire|50/100|[from] Stealth Rock
|turn|23
|
|t:|1757948498
|move|p2a: Anonymous|Ivy Cudgel|p1a: Quagsire
|-supereffective|p1a: Quagsire
|-damage|p1a: Quagsire|0 fnt
|faint|p1a: Quagsire
|
|win|fetyu
|raw|Gimmicko's rating: 1174 &rarr; <strong>1151</strong><br />(-23 for losing)
|raw|fetyu's rating: 1199 &rarr; <strong>1222</strong><br />(+23 for winning)
|l|☆fetyu
|player|p2|
|l|☆Gimmicko
|player|p1|
