|j|☆kaspairs
|j|☆LuisMcSwagg
|t:|1757908811
|gametype|singles
|player|p1|kaspairs|veteran|1184
|player|p2|LuisMcSwagg|102|1235
|gen|9
|tier|[Gen 9] OU
|rated|
|rule|HP Percentage Mod: HP is shown in percentages
|rule|Endless Battle Clause: Forcing endless battles is banned
|rule|Species Clause: Limit one of each Pokémon
|rule|OHKO Clause: OHKO moves are banned
|rule|Evasion Items Clause: Evasion items are banned
|rule|Evasion Moves Clause: Evasion moves are banned
|rule|Evasion Abilities Clause: Evasion abilities are banned
|rule|Sleep Moves Clause: Sleep-inducing moves are banned
|clearpoke
|poke|p1|Umbreon, F|
|poke|p1|Glimmora, M|
|poke|p1|Iron Moth|
|poke|p1|Gholdengo|
|poke|p1|Dragonite, F|
|poke|p1|Garchomp, F|
|poke|p2|Iron Crown|
|poke|p2|Sinistcha|
|poke|p2|Toxapex, M|
|poke|p2|Rillaboom, F|
|poke|p2|Weezing-Galar, F|
|poke|p2|Skeledirge, F|
|teampreview
|
|t:|1757908819
|teamsize|p1|6
|teamsize|p2|6
|start
|switch|p1a: Kwasp|Umbreon, F|100/100
|switch|p2a: Rillaboom|Rillaboom, F|100/100
|-fieldstart|move: Grassy Terrain|[from] ability: Grassy Surge|[of] p2a: Rillaboom
|turn|1
|
|t:|1757908830
|move|p2a: Rillaboom|U-turn|p1a: Kwasp
|-supereffective|p1a: Kwasp
|-damage|p1a: Kwasp|48/100
|-damage|p2a: Rillaboom|91/100|[from] item: Life Orb
|
|t:|1757908836
|switch|p2a: Toxapex|Toxapex, M|100/100|[from] U-turn
|move|p1a: Kwasp|Thunder Wave|p2a: Toxapex
|-status|p2a: Toxapex|par
|
|-heal|p1a: Kwasp|54/100|[from] Grassy Terrain
|-heal|p1a: Kwasp|60/100|[from] item: Leftovers
|upkeep
|turn|2
|
|t:|1757908848
|move|p1a: Kwasp|Wish|p1a: Kwasp
|move|p2a: Toxapex|Infestation|p1a: Kwasp
|-supereffective|p1a: Kwasp
|-damage|p1a: Kwasp|56/100
|-activate|p1a: Kwasp|move: Infestation|[of] p2a: Toxapex
|
|-heal|p1a: Kwasp|62/100|[from] Grassy Terrain
|-heal|p1a: Kwasp|68/100|[from] item: Leftovers
|-damage|p1a: Kwasp|56/100|[from] move: Infestation|[partiallytrapped]
|upkeep
|turn|3
|
|t:|1757908856
|move|p1a: Kwasp|Foul Play|p2a: Toxapex
|-damage|p2a: Toxapex|91/100 par
|move|p2a: Toxapex|Toxic|p1a: Kwasp
|-status|p1a: Kwasp|tox
|
|-heal|p1a: Kwasp|100/100 tox|[from] move: Wish|[wisher] Kwasp
|-heal|p2a: Toxapex|97/100 par|[from] Grassy Terrain
|-heal|p2a: Toxapex|100/100 par|[from] item: Black Sludge
|-damage|p1a: Kwasp|94/100 tox|[from] psn
|-damage|p1a: Kwasp|82/100 tox|[from] move: Infestation|[partiallytrapped]
|upkeep
|turn|4
|
|t:|1757908871
|move|p1a: Kwasp|Wish|p1a: Kwasp
|cant|p2a: Toxapex|par
|
|-heal|p1a: Kwasp|88/100 tox|[from] Grassy Terrain
|-heal|p1a: Kwasp|94/100 tox|[from] item: Leftovers
|-damage|p1a: Kwasp|82/100 tox|[from] psn
|-damage|p1a: Kwasp|69/100 tox|[from] move: Infestation|[partiallytrapped]
|upkeep
|turn|5
|
|t:|1757908890
|move|p1a: Kwasp|Foul Play|p2a: Toxapex
|-damage|p2a: Toxapex|91/100 par
|cant|p2a: Toxapex|par
|
|-heal|p1a: Kwasp|100/100 tox|[from] move: Wish|[wisher] Kwasp
|-heal|p2a: Toxapex|98/100 par|[from] Grassy Terrain
|-heal|p2a: Toxapex|100/100 par|[from] item: Black Sludge
|-damage|p1a: Kwasp|82/100 tox|[from] psn
|-damage|p1a: Kwasp|70/100 tox|[from] move: Infestation|[partiallytrapped]
|-fieldend|move: Grassy Terrain
|upkeep
|turn|6
|
|t:|1757908909
|move|p1a: Kwasp|Foul Play|p2a: Toxapex
|-damage|p2a: Toxapex|90/100 par
|move|p2a: Toxapex|Infestation|p1a: Kwasp
|-supereffective|p1a: Kwasp
|-damage|p1a: Kwasp|66/100 tox
|
|-heal|p1a: Kwasp|72/100 tox|[from] item: Leftovers
|-heal|p2a: Toxapex|97/100 par|[from] item: Black Sludge
|-damage|p1a: Kwasp|48/100 tox|[from] psn
|-damage|p1a: Kwasp|35/100 tox|[from] move: Infestation|[partiallytrapped]
|upkeep
|turn|7
|
|t:|1757908919
|move|p1a: Kwasp|Wish|p1a: Kwasp
|move|p2a: Toxapex|Infestation|p1a: Kwasp
|-supereffective|p1a: Kwasp
|-damage|p1a: Kwasp|32/100 tox
|
|-heal|p1a: Kwasp|38/100 tox|[from] item: Leftovers
|-heal|p2a: Toxapex|100/100 par|[from] item: Black Sludge
|-damage|p1a: Kwasp|7/100 tox|[from] psn
|-end|p1a: Kwasp|Infestation|[partiallytrapped]
|upkeep
|turn|8
|
|t:|1757908932
|switch|p1a: éklaté|Glimmora, M|100/100
|move|p2a: Toxapex|Infestation|p1a: éklaté
|-resisted|p1a: éklaté
|-damage|p1a: éklaté|99/100
|-activate|p1a: éklaté|move: Infestation|[of] p2a: Toxapex
|
|-heal|p1a: éklaté|100/100|[from] move: Wish|[wisher] Kwasp
|-damage|p1a: éklaté|88/100|[from] move: Infestation|[partiallytrapped]
|upkeep
|turn|9
|
|t:|1757908944
|switch|p2a: Iron Crown|Iron Crown|100/100
|move|p1a: éklaté|Earth Power|p2a: Iron Crown
|-supereffective|p2a: Iron Crown
|-damage|p2a: Iron Crown|56/100
|
|-end|p1a: éklaté|Infestation|[partiallytrapped]|[silent]
|upkeep
|turn|10
|
|t:|1757908966
|move|p2a: Iron Crown|Tachyon Cutter|p1a: éklaté
|-supereffective|p1a: éklaté
|-damage|p1a: éklaté|26/100
|-supereffective|p1a: éklaté
|-damage|p1a: éklaté|0 fnt
|faint|p1a: éklaté
|-hitcount|p1: éklaté|2
|
|upkeep
|
|t:|1757908972
|switch|p1a: Kwasp|Umbreon, F|7/100 tox
|turn|11
|
|t:|1757908977
|move|p2a: Iron Crown|Tachyon Cutter|p1a: Kwasp
|-damage|p1a: Kwasp|0 fnt
|faint|p1a: Kwasp
|-hitcount|p1: Kwasp|1
|
|upkeep
|
|t:|1757908986
|switch|p1a: Ptite piece|Gholdengo|100/100
|turn|12
|
|t:|1757908994
|move|p1a: Ptite piece|Shadow Ball|p2a: Iron Crown
|-supereffective|p2a: Iron Crown
|-damage|p2a: Iron Crown|3/100
|move|p2a: Iron Crown|Volt Switch|p1a: Ptite piece
|-damage|p1a: Ptite piece|74/100
|
|t:|1757908999
|-end|p2a: Iron Crown|Quark Drive|[silent]
|switch|p2a: Skeledirge|Skeledirge, F|100/100|[from] Volt Switch
|
|upkeep
|turn|13
|
|t:|1757909004
|-terastallize|p2a: Skeledirge|Fairy
|move|p1a: Ptite piece|Shadow Ball|p2a: Skeledirge
|-damage|p2a: Skeledirge|67/100
|move|p2a: Skeledirge|Torch Song|p1a: Ptite piece
|-supereffective|p1a: Ptite piece
|-damage|p1a: Ptite piece|1/100
|-boost|p2a: Skeledirge|spa|1
|
|upkeep
|turn|14
|
|t:|1757909027
|switch|p1a: Normal en vrai|Dragonite, F|100/100
|switch|p2a: Toxapex|Toxapex, M|100/100 par
|
|upkeep
|turn|15
|
|t:|1757909034
|move|p1a: Normal en vrai|Earthquake|p2a: Toxapex
|-supereffective|p2a: Toxapex
|-damage|p2a: Toxapex|56/100 par
|cant|p2a: Toxapex|par
|
|-heal|p2a: Toxapex|63/100 par|[from] item: Black Sludge
|upkeep
|turn|16
|
|t:|1757909045
|move|p1a: Normal en vrai|Earthquake|p2a: Toxapex
|-supereffective|p2a: Toxapex
|-damage|p2a: Toxapex|11/100 par
|cant|p2a: Toxapex|par
|
|-heal|p2a: Toxapex|18/100 par|[from] item: Black Sludge
|upkeep
|turn|17
|
|t:|1757909054
|switch|p2a: Rillaboom|Rillaboom, F|91/100
|-fieldstart|move: Grassy Terrain|[from] ability: Grassy Surge|[of] p2a: Rillaboom
|move|p1a: Normal en vrai|Earthquake|p2a: Rillaboom
|-resisted|p2a: Rillaboom
|-damage|p2a: Rillaboom|79/100
|
|-heal|p2a: Rillaboom|86/100|[from] Grassy Terrain
|upkeep
|turn|18
|
|t:|1757909063
|move|p2a: Rillaboom|Knock Off|p1a: Normal en vrai
|-damage|p1a: Normal en vrai|76/100
|-enditem|p1a: Normal en vrai|Heavy-Duty Boots|[from] move: Knock Off|[of] p2a: Rillaboom
|-damage|p2a: Rillaboom|76/100|[from] item: Life Orb
|move|p1a: Normal en vrai|Ice Spinner|p2a: Rillaboom
|-supereffective|p2a: Rillaboom
|-damage|p2a: Rillaboom|11/100
|-fieldend|move: Grassy Terrain
|
|upkeep
|turn|19
|
|t:|1757909075
|move|p2a: Rillaboom|Leech Seed|p1a: Normal en vrai
|-start|p1a: Normal en vrai|move: Leech Seed
|move|p1a: Normal en vrai|Earthquake|p2a: Rillaboom
|-resisted|p2a: Rillaboom
|-damage|p2a: Rillaboom|0 fnt
|faint|p2a: Rillaboom
|
|upkeep
|
|t:|1757909077
|switch|p2a: Sinistcha|Sinistcha|100/100
|turn|20
|
|t:|1757909090
|switch|p1a: Fite-de-Ber|Iron Moth|100/100
|-enditem|p1a: Fite-de-Ber|Booster Energy
|-activate|p1a: Fite-de-Ber|ability: Quark Drive|[fromitem]
|-start|p1a: Fite-de-Ber|quarkdrivespe
|move|p2a: Sinistcha|Strength Sap|p1a: Fite-de-Ber
|-unboost|p1a: Fite-de-Ber|atk|1
|
|upkeep
|turn|21
|
|t:|1757909103
|-terastallize|p1a: Fite-de-Ber|Fairy
|move|p1a: Fite-de-Ber|Fiery Dance|p2a: Sinistcha
|-supereffective|p2a: Sinistcha
|-crit|p2a: Sinistcha
|-damage|p2a: Sinistcha|37/100
|-boost|p1a: Fite-de-Ber|spa|1
|move|p2a: Sinistcha|Shadow Ball|p1a: Fite-de-Ber
|-damage|p1a: Fite-de-Ber|64/100
|
|upkeep
|turn|22
|
|t:|1757909117
|switch|p2a: Toxapex|Toxapex, M|51/100 par
|move|p1a: Fite-de-Ber|Fiery Dance|p2a: Toxapex
|-resisted|p2a: Toxapex
|-damage|p2a: Toxapex|26/100 par
|
|-heal|p2a: Toxapex|32/100 par|[from] item: Black Sludge
|upkeep
|turn|23
|
|t:|1757909126
|switch|p2a: Sinistcha|Sinistcha|37/100
|move|p1a: Fite-de-Ber|Discharge|p2a: Sinistcha
|-resisted|p2a: Sinistcha
|-damage|p2a: Sinistcha|15/100
|-status|p2a: Sinistcha|par
|
|upkeep
|turn|24
|
|t:|1757909133
|move|p1a: Fite-de-Ber|Discharge|p2a: Sinistcha
|-resisted|p2a: Sinistcha
|-damage|p2a: Sinistcha|0 fnt
|faint|p2a: Sinistcha
|
|upkeep
|
|t:|1757909138
|switch|p2a: Skeledirge|Skeledirge, F, tera:Fairy|67/100
|turn|25
|
|t:|1757909144
|move|p1a: Fite-de-Ber|Dazzling Gleam|p2a: Skeledirge
|-damage|p2a: Skeledirge|39/100
|move|p2a: Skeledirge|Torch Song|p1a: Fite-de-Ber
|-damage|p1a: Fite-de-Ber|32/100
|-boost|p2a: Skeledirge|spa|1
|
|upkeep
|turn|26
|
|t:|1757909153
|move|p1a: Fite-de-Ber|Morning Sun|p1a: Fite-de-Ber
|-heal|p1a: Fite-de-Ber|82/100
|move|p2a: Skeledirge|Slack Off|p2a: Skeledirge
|-heal|p2a: Skeledirge|89/100
|
|upkeep
|turn|27
|
|t:|1757909163
|-end|p1a: Fite-de-Ber|Quark Drive|[silent]
|switch|p1a: Ptite piece|Gholdengo|1/100
|move|p2a: Skeledirge|Torch Song|p1a: Ptite piece
|-supereffective|p1a: Ptite piece
|-damage|p1a: Ptite piece|0 fnt
|-boost|p2a: Skeledirge|spa|1
|faint|p1a: Ptite piece
|
|upkeep
|
|t:|1757909174
|switch|p1a: shakshak|Garchomp, F|100/100
|turn|28
|
|t:|1757909178
|move|p1a: shakshak|Earthquake|p2a: Skeledirge
|-damage|p2a: Skeledirge|45/100
|move|p2a: Skeledirge|Will-O-Wisp|p1a: shakshak
|-status|p1a: shakshak|brn
|
|-damage|p1a: shakshak|94/100 brn|[from] brn
|upkeep
|turn|29
|
|t:|1757909188
|move|p1a: shakshak|Earthquake|p2a: Skeledirge
|-damage|p2a: Skeledirge|24/100
|move|p2a: Skeledirge|Slack Off|p2a: Skeledirge
|-heal|p2a: Skeledirge|74/100
|
|-heal|p1a: shakshak|100/100 brn|[from] item: Leftovers
|-damage|p1a: shakshak|94/100 brn|[from] brn
|upkeep
|turn|30
|
|t:|1757909196
|move|p1a: shakshak|Earthquake|p2a: Skeledirge
|-damage|p2a: Skeledirge|51/100
|move|p2a: Skeledirge|Slack Off|p2a: Skeledirge
|-heal|p2a: Skeledirge|100/100
|
|-heal|p1a: shakshak|100/100 brn|[from] item: Leftovers
|-damage|p1a: shakshak|94/100 brn|[from] brn
|upkeep
|turn|31
|
|t:|1757909211
|switch|p1a: Fite-de-Ber|Iron Moth, tera:Fairy|82/100
|move|p2a: Skeledirge|Hex|p1a: Fite-de-Ber
|-crit|p1a: Fite-de-Ber
|-damage|p1a: Fite-de-Ber|6/100
|
|upkeep
|turn|32
|
|t:|1757909227
|move|p1a: Fite-de-Ber|Discharge|p2a: Skeledirge
|-damage|p2a: Skeledirge|83/100
|move|p2a: Skeledirge|Torch Song|p1a: Fite-de-Ber
|-damage|p1a: Fite-de-Ber|0 fnt
|-boost|p2a: Skeledirge|spa|1
|faint|p1a: Fite-de-Ber
|-end|p1a: Fite-de-Ber|Quark Drive|[silent]
|
|upkeep
|
|t:|1757909236
|switch|p1a: Normal en vrai|Dragonite, F|76/100
|turn|33
|
|t:|1757909243
|move|p1a: Normal en vrai|Earthquake|p2a: Skeledirge
|-damage|p2a: Skeledirge|52/100
|move|p2a: Skeledirge|Will-O-Wisp|p1a: Normal en vrai
|-status|p1a: Normal en vrai|brn
|
|-damage|p1a: Normal en vrai|70/100 brn|[from] brn
|upkeep
|turn|34
|
|t:|1757909251
|move|p1a: Normal en vrai|Dragon Dance|p1a: Normal en vrai
|-boost|p1a: Normal en vrai|atk|1
|-boost|p1a: Normal en vrai|spe|1
|move|p2a: Skeledirge|Hex|p1a: Normal en vrai
|-damage|p1a: Normal en vrai|0 fnt
|faint|p1a: Normal en vrai
|
|upkeep
|
|t:|1757909258
|switch|p1a: shakshak|Garchomp, F|94/100 brn
|turn|35
|
|t:|1757909262
|move|p1a: shakshak|Swords Dance|p1a: shakshak
|-boost|p1a: shakshak|atk|2
|move|p2a: Skeledirge|Slack Off|p2a: Skeledirge
|-heal|p2a: Skeledirge|100/100
|
|-heal|p1a: shakshak|100/100 brn|[from] item: Leftovers
|-damage|p1a: shakshak|94/100 brn|[from] brn
|upkeep
|turn|36
|
|t:|1757909271
|move|p1a: shakshak|Earthquake|p2a: Skeledirge
|-damage|p2a: Skeledirge|79/100
|move|p2a: Skeledirge|Hex|p1a: shakshak
|-damage|p1a: shakshak|0 fnt
|faint|p1a: shakshak
|
|win|LuisMcSwagg
|raw|kaspairs's rating: 1184 &rarr; <strong>1163</strong><br />(-21 for losing)
|raw|LuisMcSwagg's rating: 1235 &rarr; <strong>1256</strong><br />(+21 for winning)
|l|☆LuisMcSwagg
|player|p2|
|l|☆kaspairs
|player|p1|
