|j|☆CilenTreeco
|j|☆capitolg
|t:|1757843622
|gametype|singles
|player|p1|CilenTreeco|2|1225
|player|p2|capitolg|bellelba|1197
|gen|9
|tier|[Gen 9] OU
|rated|
|rule|HP Percentage Mod: HP is shown in percentages
|rule|Endless Battle Clause: Forcing endless battles is banned
|rule|Species Clause: Limit one of each Pokémon
|rule|OHKO Clause: OHKO moves are banned
|rule|Evasion Items Clause: Evasion items are banned
|rule|Evasion Moves Clause: Evasion moves are banned
|rule|Evasion Abilities Clause: Evasion abilities are banned
|rule|Sleep Moves Clause: Sleep-inducing moves are banned
|clearpoke
|poke|p1|Gholdengo|
|poke|p1|Quaquaval, F|
|poke|p1|Armarouge, F|
|poke|p1|Goodra-Hisui, F|
|poke|p1|Toxicroak, M|
|poke|p1|Mamoswine, M|
|poke|p2|Vikavolt, F|
|poke|p2|Articuno-Galar|
|poke|p2|Smeargle, F|
|poke|p2|Empoleon, F|
|poke|p2|Passimian, M|
|poke|p2|Dusknoir, F|
|teampreview
|inactive|Battle timer is ON: inactive players will automatically lose when time's up. (requested by capitolg)
|
|t:|1757843636
|teamsize|p1|6
|teamsize|p2|6
|start
|switch|p1a: Armarouge|Armarouge, F, shiny|100/100
|switch|p2a: Vikavolt|Vikavolt, F|100/100
|turn|1
|
|t:|1757843641
|move|p1a: Armarouge|Substitute|p1a: Armarouge
|-start|p1a: Armarouge|Substitute
|-damage|p1a: Armarouge|76/100
|move|p2a: Vikavolt|Sticky Web|p1a: Armarouge
|-sidestart|p1: CilenTreeco|move: Sticky Web
|
|upkeep
|turn|2
|
|t:|1757843651
|move|p1a: Armarouge|Armor Cannon|p2a: Vikavolt
|-supereffective|p2a: Vikavolt
|-enditem|p2a: Vikavolt|Focus Sash
|-damage|p2a: Vikavolt|1/100
|-unboost|p1a: Armarouge|def|1
|-unboost|p1a: Armarouge|spd|1
|move|p2a: Vikavolt|Discharge|p1a: Armarouge
|-end|p1a: Armarouge|Substitute
|
|upkeep
|turn|3
|
|t:|1757843656
|move|p1a: Armarouge|Armor Cannon|p2a: Vikavolt
|-supereffective|p2a: Vikavolt
|-damage|p2a: Vikavolt|0 fnt
|-unboost|p1a: Armarouge|def|1
|-unboost|p1a: Armarouge|spd|1
|faint|p2a: Vikavolt
|
|upkeep
|
|t:|1757843662
|switch|p2a: Smeargle|Smeargle, F|100/100
|turn|4
|
|t:|1757843667
|move|p1a: Armarouge|Substitute|p1a: Armarouge
|-start|p1a: Armarouge|Substitute
|-damage|p1a: Armarouge|51/100
|move|p2a: Smeargle|Trick Room|p2a: Smeargle
|-fieldstart|move: Trick Room|[of] p2a: Smeargle
|
|upkeep
|turn|5
|
|t:|1757843675
|move|p2a: Smeargle|Court Change|p2a: Smeargle
|-swapsideconditions
|-activate|p2a: Smeargle|move: Court Change
|move|p1a: Armarouge|Armor Cannon|p2a: Smeargle
|-damage|p2a: Smeargle|11/100
|-unboost|p1a: Armarouge|def|1
|-unboost|p1a: Armarouge|spd|1
|
|upkeep
|turn|6
|
|t:|1757843681
|move|p2a: Smeargle|Taunt|p1a: Armarouge
|-start|p1a: Armarouge|move: Taunt
|move|p1a: Armarouge|Armor Cannon|p2a: Smeargle
|-damage|p2a: Smeargle|0 fnt
|-unboost|p1a: Armarouge|def|1
|-unboost|p1a: Armarouge|spd|1
|faint|p2a: Smeargle
|
|upkeep
|
|t:|1757843683
|switch|p2a: Dusknoir|Dusknoir, F|100/100
|-activate|p2a: Dusknoir|move: Sticky Web
|-unboost|p2a: Dusknoir|spe|1
|-item|p1a: Armarouge|Power Herb|[from] ability: Frisk|[of] p2a: Dusknoir
|turn|7
|
|t:|1757843688
|move|p2a: Dusknoir|Earthquake|p1a: Armarouge
|-supereffective|p1a: Armarouge
|-end|p1a: Armarouge|Substitute
|move|p1a: Armarouge|Armor Cannon|p2a: Dusknoir
|-damage|p2a: Dusknoir|29/100
|-unboost|p1a: Armarouge|def|1
|-unboost|p1a: Armarouge|spd|1
|
|upkeep
|turn|8
|
|t:|1757843691
|move|p2a: Dusknoir|Earthquake|p1a: Armarouge
|-supereffective|p1a: Armarouge
|-damage|p1a: Armarouge|0 fnt
|faint|p1a: Armarouge
|
|-fieldend|move: Trick Room
|upkeep
|
|t:|1757843708
|switch|p1a: Quaquaval|Quaquaval, F|100/100
|turn|9
|
|t:|1757843710
|move|p1a: Quaquaval|Aqua Step|p2a: Dusknoir
|-damage|p2a: Dusknoir|0 fnt
|-boost|p1a: Quaquaval|spe|1
|faint|p2a: Dusknoir
|-ability|p1a: Quaquaval|Moxie|boost
|-boost|p1a: Quaquaval|atk|1
|
|upkeep
|
|t:|1757843714
|switch|p2a: Articuno|Articuno-Galar|100/100
|-activate|p2a: Articuno|move: Sticky Web
|-unboost|p2a: Articuno|spe|1
|-ability|p2a: Articuno|Competitive|boost
|-boost|p2a: Articuno|spa|2
|turn|10
|
|t:|1757843725
|-terastallize|p1a: Quaquaval|Ice
|move|p1a: Quaquaval|Ice Spinner|p2a: Articuno
|-supereffective|p2a: Articuno
|-damage|p2a: Articuno|0 fnt
|faint|p2a: Articuno
|-ability|p1a: Quaquaval|Moxie|boost
|-boost|p1a: Quaquaval|atk|1
|
|upkeep
|
|t:|1757843728
|switch|p2a: Passimian|Passimian, M|100/100
|-activate|p2a: Passimian|move: Sticky Web
|-unboost|p2a: Passimian|spe|1
|-ability|p2a: Passimian|Defiant|boost
|-boost|p2a: Passimian|atk|2
|turn|11
|
|t:|1757843736
|move|p1a: Quaquaval|Close Combat|p2a: Passimian
|-damage|p2a: Passimian|0 fnt
|-unboost|p1a: Quaquaval|def|1
|-unboost|p1a: Quaquaval|spd|1
|faint|p2a: Passimian
|-ability|p1a: Quaquaval|Moxie|boost
|-boost|p1a: Quaquaval|atk|1
|
|upkeep
|
|t:|1757843739
|switch|p2a: Empoleon|Empoleon, F|100/100
|-activate|p2a: Empoleon|move: Sticky Web
|-unboost|p2a: Empoleon|spe|1
|-ability|p2a: Empoleon|Competitive|boost
|-boost|p2a: Empoleon|spa|2
|turn|12
|
|t:|1757843741
|move|p2a: Empoleon|Vacuum Wave|p1a: Quaquaval
|-supereffective|p1a: Quaquaval
|-damage|p1a: Quaquaval|22/100
|move|p1a: Quaquaval|Close Combat|p2a: Empoleon
|-supereffective|p2a: Empoleon
|-damage|p2a: Empoleon|0 fnt
|-unboost|p1a: Quaquaval|def|1
|-unboost|p1a: Quaquaval|spd|1
|faint|p2a: Empoleon
|
|win|CilenTreeco
|raw|CilenTreeco's rating: 1225 &rarr; <strong>1248</strong><br />(+23 for winning)
|raw|capitolg's rating: 1197 &rarr; <strong>1174</strong><br />(-23 for losing)
|l|☆capitolg
|player|p2|
|l|☆CilenTreeco
|player|p1|
