|j|☆yokodai
|j|☆the prime $uspect
|t:|1757815885
|gametype|singles
|player|p1|yokodai|101|1405
|player|p2|the prime $uspect|gambler|1520
|gen|9
|tier|[Gen 9] OU
|rated|
|rule|HP Percentage Mod: HP is shown in percentages
|rule|Endless Battle Clause: Forcing endless battles is banned
|rule|Species Clause: Limit one of each Pokémon
|rule|OHKO Clause: OHKO moves are banned
|rule|Evasion Items Clause: Evasion items are banned
|rule|Evasion Moves Clause: Evasion moves are banned
|rule|Evasion Abilities Clause: Evasion abilities are banned
|rule|Sleep Moves Clause: Sleep-inducing moves are banned
|clearpoke
|poke|p1|Mamoswine, M|
|poke|p1|Ting-Lu|
|poke|p1|Gastrodon, F|
|poke|p1|Clodsire, M|
|poke|p1|Great Tusk|
|poke|p1|Landorus-Therian, M|
|poke|p2|Darkrai|
|poke|p2|Ting-Lu|
|poke|p2|Pecharunt|
|poke|p2|Gliscor, M|
|poke|p2|Tinkaton, F|
|poke|p2|Raging Bolt|
|teampreview
|
|t:|1757815904
|teamsize|p1|6
|teamsize|p2|6
|start
|switch|p1a: Mamoswine|Mamoswine, M|100/100
|switch|p2a: Gliscor|Gliscor, M|100/100
|turn|1
|
|t:|1757815910
|switch|p1a: Landorus|Landorus-Therian, M|100/100
|-ability|p1a: Landorus|Intimidate|boost
|-unboost|p2a: Gliscor|atk|1
|move|p2a: Gliscor|Protect||[still]
|-fail|p2a: Gliscor
|
|-status|p2a: Gliscor|tox|[from] item: Toxic Orb
|upkeep
|turn|2
|
|t:|1757815923
|move|p2a: Gliscor|Swords Dance|p2a: Gliscor
|-boost|p2a: Gliscor|atk|2
|move|p1a: Landorus|Earth Power|p2a: Gliscor
|-immune|p2a: Gliscor
|
|upkeep
|turn|3
|
|t:|1757815930
|move|p2a: Gliscor|Swords Dance|p2a: Gliscor
|-boost|p2a: Gliscor|atk|2
|move|p1a: Landorus|Earth Power|p2a: Gliscor
|-immune|p2a: Gliscor
|
|upkeep
|turn|4
|
|t:|1757815933
|-terastallize|p1a: Landorus|Ice
|move|p2a: Gliscor|Swords Dance|p2a: Gliscor
|-boost|p2a: Gliscor|atk|2
|move|p1a: Landorus|Tera Blast|p2a: Gliscor|[anim] Tera Blast Ice
|-supereffective|p2a: Gliscor
|-crit|p2a: Gliscor
|-damage|p2a: Gliscor|0 fnt
|faint|p2a: Gliscor
|
|upkeep
|
|t:|1757815947
|switch|p2a: Darkrai|Darkrai|100/100
|turn|5
|
|t:|1757815952
|move|p2a: Darkrai|Knock Off|p1a: Landorus
|-damage|p1a: Landorus|72/100
|-enditem|p1a: Landorus|Lum Berry|[from] move: Knock Off|[of] p2a: Darkrai
|move|p1a: Landorus|Focus Blast|p2a: Darkrai|[miss]
|-miss|p1a: Landorus|p2a: Darkrai
|
|upkeep
|turn|6
|
|t:|1757815974
|switch|p1a: Great Tusk|Great Tusk|100/100
|move|p2a: Darkrai|Focus Blast|p1a: Great Tusk
|-damage|p1a: Great Tusk|48/100
|
|upkeep
|turn|7
|
|t:|1757815982
|-end|p1a: Great Tusk|Protosynthesis|[silent]
|switch|p1a: Ting-Lu|Ting-Lu|100/100
|-ability|p1a: Ting-Lu|Vessel of Ruin
|move|p2a: Darkrai|Ice Beam|p1a: Ting-Lu
|-supereffective|p1a: Ting-Lu
|-damage|p1a: Ting-Lu|83/100
|
|upkeep
|turn|8
|
|t:|1757815993
|move|p2a: Darkrai|Knock Off|p1a: Ting-Lu
|-resisted|p1a: Ting-Lu
|-damage|p1a: Ting-Lu|75/100
|-enditem|p1a: Ting-Lu|Assault Vest|[from] move: Knock Off|[of] p2a: Darkrai
|move|p1a: Ting-Lu|Ruination|p2a: Darkrai
|-damage|p2a: Darkrai|51/100
|
|upkeep
|turn|9
|
|t:|1757815998
|switch|p2a: Ting-Lu|Ting-Lu|100/100
|-ability|p2a: Ting-Lu|Vessel of Ruin
|move|p1a: Ting-Lu|Earthquake|p2a: Ting-Lu
|-damage|p2a: Ting-Lu|80/100
|
|-heal|p2a: Ting-Lu|86/100|[from] item: Leftovers
|upkeep
|turn|10
|
|t:|1757816004
|move|p1a: Ting-Lu|Ruination|p2a: Ting-Lu
|-damage|p2a: Ting-Lu|43/100
|move|p2a: Ting-Lu|Spikes|p1a: Ting-Lu
|-sidestart|p1: yokodai|Spikes
|
|-heal|p2a: Ting-Lu|50/100|[from] item: Leftovers
|upkeep
|turn|11
|
|t:|1757816021
|switch|p1a: Mamoswine|Mamoswine, M|100/100
|-damage|p1a: Mamoswine|88/100|[from] Spikes
|move|p2a: Ting-Lu|Ruination|p1a: Mamoswine
|-damage|p1a: Mamoswine|44/100
|
|-heal|p2a: Ting-Lu|56/100|[from] item: Leftovers
|upkeep
|turn|12
|
|t:|1757816027
|switch|p2a: Tinkaton|Tinkaton, F|100/100
|-ability|p2a: Tinkaton|Mold Breaker
|-item|p2a: Tinkaton|Air Balloon
|move|p1a: Mamoswine|Icicle Spear|p2a: Tinkaton
|-resisted|p2a: Tinkaton
|-damage|p2a: Tinkaton|88/100
|-enditem|p2a: Tinkaton|Air Balloon
|-resisted|p2a: Tinkaton
|-damage|p2a: Tinkaton|76/100
|-hitcount|p2a: Tinkaton|2
|
|upkeep
|turn|13
|inactive|Battle timer is ON: inactive players will automatically lose when time's up. (requested by the prime $uspect)
|
|t:|1757816060
|switch|p1a: Clodsire|Clodsire, M|100/100
|-damage|p1a: Clodsire|88/100|[from] Spikes
|move|p2a: Tinkaton|Gigaton Hammer|p1a: Clodsire
|-damage|p1a: Clodsire|56/100
|
|-heal|p1a: Clodsire|63/100|[from] item: Leftovers
|upkeep
|turn|14
|
|t:|1757816071
|move|p2a: Tinkaton|Stealth Rock|p1a: Clodsire
|-sidestart|p1: yokodai|move: Stealth Rock
|move|p1a: Clodsire|Earthquake|p2a: Tinkaton
|-supereffective|p2a: Tinkaton
|-damage|p2a: Tinkaton|13/100
|
|-heal|p1a: Clodsire|69/100|[from] item: Leftovers
|upkeep
|turn|15
|
|t:|1757816079
|switch|p2a: Ting-Lu|Ting-Lu|56/100
|-ability|p2a: Ting-Lu|Vessel of Ruin
|move|p1a: Clodsire|Recover|p1a: Clodsire
|-heal|p1a: Clodsire|100/100
|
|-heal|p2a: Ting-Lu|62/100|[from] item: Leftovers
|upkeep
|turn|16
|
|t:|1757816085
|switch|p1a: Great Tusk|Great Tusk|48/100
|-damage|p1a: Great Tusk|36/100|[from] Spikes
|-damage|p1a: Great Tusk|33/100|[from] Stealth Rock
|move|p2a: Ting-Lu|Ruination|p1a: Great Tusk|[miss]
|-miss|p2a: Ting-Lu|p1a: Great Tusk
|
|-heal|p2a: Ting-Lu|68/100|[from] item: Leftovers
|upkeep
|turn|17
|
|t:|1757816093
|switch|p2a: Pecharunt|Pecharunt|100/100
|move|p1a: Great Tusk|Knock Off|p2a: Pecharunt
|-supereffective|p2a: Pecharunt
|-damage|p2a: Pecharunt|76/100
|-enditem|p2a: Pecharunt|Heavy-Duty Boots|[from] move: Knock Off|[of] p1a: Great Tusk
|
|upkeep
|turn|18
|
|t:|1757816112
|-end|p1a: Great Tusk|Protosynthesis|[silent]
|switch|p1a: Clodsire|Clodsire, M|100/100
|-damage|p1a: Clodsire|88/100|[from] Spikes
|-damage|p1a: Clodsire|82/100|[from] Stealth Rock
|move|p2a: Pecharunt|Hex|p1a: Clodsire
|-damage|p1a: Clodsire|66/100
|
|-heal|p1a: Clodsire|72/100|[from] item: Leftovers
|upkeep
|turn|19
|
|t:|1757816120
|move|p2a: Pecharunt|Parting Shot|p1a: Clodsire
|-unboost|p1a: Clodsire|atk|1
|-unboost|p1a: Clodsire|spa|1
|
|t:|1757816125
|switch|p2a: Ting-Lu|Ting-Lu|68/100|[from] Parting Shot
|-ability|p2a: Ting-Lu|Vessel of Ruin
|move|p1a: Clodsire|Earthquake|p2a: Ting-Lu
|-damage|p2a: Ting-Lu|59/100
|
|-heal|p2a: Ting-Lu|65/100|[from] item: Leftovers
|-heal|p1a: Clodsire|78/100|[from] item: Leftovers
|upkeep
|turn|20
|
|t:|1757816155
|switch|p1a: Gastrodon|Gastrodon, F|100/100
|-damage|p1a: Gastrodon|88/100|[from] Spikes
|-damage|p1a: Gastrodon|82/100|[from] Stealth Rock
|move|p2a: Ting-Lu|Earthquake|p1a: Gastrodon
|-damage|p1a: Gastrodon|40/100
|
|-heal|p2a: Ting-Lu|71/100|[from] item: Leftovers
|upkeep
|turn|21
|
|t:|1757816163
|move|p2a: Ting-Lu|Earthquake|p1a: Gastrodon
|-crit|p1a: Gastrodon
|-damage|p1a: Gastrodon|0 fnt
|faint|p1a: Gastrodon
|
|-heal|p2a: Ting-Lu|77/100|[from] item: Leftovers
|upkeep
|-message|yokodai forfeited.
|
|win|the prime $uspect
|raw|yokodai's rating: 1405 &rarr; <strong>1391</strong><br />(-14 for losing)
|raw|the prime $uspect's rating: 1520 &rarr; <strong>1534</strong><br />(+14 for winning)
|l|☆yokodai
|player|p1|
|l|☆the prime $uspect
|player|p2|
