|j|☆TAT_Yangyu
|j|☆Nevada kun Girl A
|t:|1757902928
|gametype|singles
|player|p1|TAT_Yangyu|plasmagrunt-gen5bw|1105
|player|p2|Nevada kun Girl A|unknownf|1177
|gen|9
|tier|[Gen 9] OU
|rated|
|rule|HP Percentage Mod: HP is shown in percentages
|rule|Endless Battle Clause: Forcing endless battles is banned
|rule|Species Clause: Limit one of each Pokémon
|rule|OHKO Clause: OHKO moves are banned
|rule|Evasion Items Clause: Evasion items are banned
|rule|Evasion Moves Clause: Evasion moves are banned
|rule|Evasion Abilities Clause: Evasion abilities are banned
|rule|Sleep Moves Clause: Sleep-inducing moves are banned
|clearpoke
|poke|p1|Samurott-Hisui, M|
|poke|p1|Kingambit, M|
|poke|p1|Mimikyu, M|
|poke|p1|Corviknight, F|
|poke|p1|Dragapult, F|
|poke|p1|Gliscor, M|
|poke|p2|Primarina, F|
|poke|p2|Brambleghast, F|
|poke|p2|Dragonite, M|
|poke|p2|Volbeat, M|
|poke|p2|Meowscarada, M|
|poke|p2|Cinderace, M|
|teampreview
|inactive|Battle timer is ON: inactive players will automatically lose when time's up. (requested by Nevada kun Girl A)
|
|t:|1757902943
|teamsize|p1|6
|teamsize|p2|6
|start
|switch|p1a: Gliscor|Gliscor, M|100/100
|switch|p2a: Meowscarada|Meowscarada, M|100/100
|turn|1
|
|t:|1757902953
|move|p2a: Meowscarada|Knock Off|p1a: Gliscor
|-start|p2a: Meowscarada|typechange|Dark|[from] ability: Protean
|-damage|p1a: Gliscor|60/100
|-enditem|p1a: Gliscor|Toxic Orb|[from] move: Knock Off|[of] p2a: Meowscarada
|-damage|p2a: Meowscarada|91/100|[from] item: Life Orb
|move|p1a: Gliscor|Toxic|p2a: Meowscarada
|-status|p2a: Meowscarada|tox
|
|-damage|p2a: Meowscarada|84/100 tox|[from] psn
|upkeep
|turn|2
|
|t:|1757902970
|move|p2a: Meowscarada|Flower Trick|p1a: Gliscor
|-crit|p1a: Gliscor
|-damage|p1a: Gliscor|31/100
|-damage|p2a: Meowscarada|75/100 tox|[from] item: Life Orb
|move|p1a: Gliscor|Knock Off|p2a: Meowscarada
|-resisted|p2a: Meowscarada
|-damage|p2a: Meowscarada|57/100 tox
|-enditem|p2a: Meowscarada|Life Orb|[from] move: Knock Off|[of] p1a: Gliscor
|
|-damage|p2a: Meowscarada|45/100 tox|[from] psn
|upkeep
|turn|3
|
|t:|1757902984
|move|p1a: Gliscor|Protect|p1a: Gliscor
|-singleturn|p1a: Gliscor|Protect
|move|p2a: Meowscarada|U-turn|p1a: Gliscor
|-activate|p1a: Gliscor|move: Protect
|
|-damage|p2a: Meowscarada|26/100 tox|[from] psn
|upkeep
|turn|4
|
|t:|1757903003
|move|p2a: Meowscarada|Flower Trick|p1a: Gliscor
|-crit|p1a: Gliscor
|-damage|p1a: Gliscor|11/100
|move|p1a: Gliscor|Toxic|p2a: Meowscarada
|-fail|p2a: Meowscarada|tox
|
|-damage|p2a: Meowscarada|2/100 tox|[from] psn
|upkeep
|turn|5
|
|t:|1757903017
|switch|p2a: Cinderace|Cinderace, M|100/100
|move|p1a: Gliscor|Protect||[still]
|-fail|p1a: Gliscor
|
|upkeep
|turn|6
|
|t:|1757903023
|move|p2a: Cinderace|Iron Head|p1a: Gliscor
|-start|p2a: Cinderace|typechange|Steel|[from] ability: Libero
|-damage|p1a: Gliscor|0 fnt
|faint|p1a: Gliscor
|-damage|p2a: Cinderace|91/100|[from] item: Life Orb
|
|upkeep
|
|t:|1757903026
|switch|p1a: Samurott|Samurott-Hisui, M|100/100
|turn|7
|
|t:|1757903037
|switch|p2a: Meowscarada|Meowscarada, M|2/100 tox
|switch|p1a: Corviknight|Corviknight, F|100/100
|
|-damage|p2a: Meowscarada|0 fnt|[from] psn
|faint|p2a: Meowscarada
|upkeep
|
|t:|1757903049
|switch|p2a: Volbeat|Volbeat, M|100/100
|turn|8
|
|t:|1757903059
|move|p2a: Volbeat|Thunder Wave|p1a: Corviknight
|-status|p1a: Corviknight|par
|move|p1a: Corviknight|Light Screen|p1a: Corviknight
|-sidestart|p1: TAT_Yangyu|move: Light Screen
|
|upkeep
|turn|9
|
|t:|1757903064
|move|p2a: Volbeat|Encore|p1a: Corviknight
|-start|p1a: Corviknight|Encore
|move|p1a: Corviknight|Light Screen||[still]
|-fail|p1a: Corviknight
|
|upkeep
|turn|10
|
|t:|1757903088
|switch|p2a: Primarina|Primarina, F, shiny|100/100
|switch|p1a: Mimikyu|Mimikyu, M|100/100
|
|upkeep
|turn|11
|
|t:|1757903096
|move|p1a: Mimikyu|Curse|p2a: Primarina
|-start|p2a: Primarina|Curse|[of] p1a: Mimikyu
|-damage|p1a: Mimikyu|50/100
|move|p2a: Primarina|Hyper Voice|p1a: Mimikyu
|-activate|p1a: Mimikyu|ability: Disguise
|-damage|p1a: Mimikyu|50/100
|detailschange|p1a: Mimikyu|Mimikyu-Busted, M
|-damage|p1a: Mimikyu|38/100|[from] pokemon: Mimikyu-Busted
|
|-heal|p1a: Mimikyu|44/100|[from] item: Leftovers
|-damage|p2a: Primarina|75/100|[from] Curse
|upkeep
|turn|12
|
|t:|1757903114
|switch|p2a: Volbeat|Volbeat, M|100/100
|move|p1a: Mimikyu|Substitute|p1a: Mimikyu
|-start|p1a: Mimikyu|Substitute
|-damage|p1a: Mimikyu|19/100
|
|-heal|p1a: Mimikyu|25/100|[from] item: Leftovers
|-sideend|p1: TAT_Yangyu|move: Light Screen
|upkeep
|turn|13
|
|t:|1757903128
|move|p2a: Volbeat|Encore|p1a: Mimikyu
|-start|p1a: Mimikyu|Encore
|move|p1a: Mimikyu|Substitute|p1a: Mimikyu
|-fail|p1a: Mimikyu|move: Substitute
|
|-heal|p1a: Mimikyu|31/100|[from] item: Leftovers
|upkeep
|turn|14
|
|t:|1757903154
|switch|p1a: Dragapult|Dragapult, F|100/100
|switch|p2a: Brambleghast|Brambleghast, F|100/100
|
|upkeep
|turn|15
|
|t:|1757903160
|move|p2a: Brambleghast|Shadow Sneak|p1a: Dragapult
|-supereffective|p1a: Dragapult
|-damage|p1a: Dragapult|24/100
|move|p1a: Dragapult|Fire Blast|p2a: Brambleghast|[miss]
|-miss|p1a: Dragapult|p2a: Brambleghast
|
|upkeep
|turn|16
|
|t:|1757903164
|move|p2a: Brambleghast|Shadow Sneak|p1a: Dragapult
|-supereffective|p1a: Dragapult
|-damage|p1a: Dragapult|0 fnt
|faint|p1a: Dragapult
|
|upkeep
|
|t:|1757903172
|switch|p1a: Samurott|Samurott-Hisui, M|100/100
|turn|17
|
|t:|1757903178
|switch|p2a: Primarina|Primarina, F, shiny|75/100
|move|p1a: Samurott|Ceaseless Edge|p2a: Primarina
|-resisted|p2a: Primarina
|-damage|p2a: Primarina|43/100
|-sidestart|p2: Nevada kun Girl A|Spikes
|-damage|p1a: Samurott|91/100|[from] item: Life Orb
|
|upkeep
|turn|18
|
|t:|1757903187
|-terastallize|p1a: Samurott|Poison
|move|p1a: Samurott|Swords Dance|p1a: Samurott
|-boost|p1a: Samurott|atk|2
|move|p2a: Primarina|Draining Kiss|p1a: Samurott
|-resisted|p1a: Samurott
|-damage|p1a: Samurott|57/100
|-heal|p2a: Primarina|66/100|[from] drain|[of] p1a: Samurott
|
|upkeep
|turn|19
|
|t:|1757903198
|move|p1a: Samurott|Ceaseless Edge|p2a: Primarina|[miss]
|-miss|p1a: Samurott|p2a: Primarina
|move|p2a: Primarina|Draining Kiss|p1a: Samurott
|-resisted|p1a: Samurott
|-damage|p1a: Samurott|23/100
|-heal|p2a: Primarina|88/100|[from] drain|[of] p1a: Samurott
|
|upkeep
|turn|20
|
|t:|1757903201
|move|p1a: Samurott|Ceaseless Edge|p2a: Primarina
|-resisted|p2a: Primarina
|-damage|p2a: Primarina|13/100
|-sidestart|p2: Nevada kun Girl A|Spikes
|-damage|p1a: Samurott|13/100|[from] item: Life Orb
|move|p2a: Primarina|Draining Kiss|p1a: Samurott
|-resisted|p1a: Samurott
|-damage|p1a: Samurott|0 fnt
|-heal|p2a: Primarina|21/100|[from] drain|[of] p1a: Samurott
|faint|p1a: Samurott
|
|upkeep
|
|t:|1757903208
|switch|p1a: Mimikyu|Mimikyu-Busted, M|31/100
|turn|21
|
|t:|1757903211
|move|p1a: Mimikyu|Shadow Sneak|p2a: Primarina
|-damage|p2a: Primarina|6/100
|move|p2a: Primarina|Draining Kiss|p1a: Mimikyu
|-damage|p1a: Mimikyu|0 fnt
|-heal|p2a: Primarina|26/100|[from] drain|[of] p1a: Mimikyu
|faint|p1a: Mimikyu
|
|upkeep
|
|t:|1757903217
|switch|p1a: Corviknight|Corviknight, F|100/100 par
|turn|22
|
|t:|1757903224
|move|p2a: Primarina|Draining Kiss|p1a: Corviknight
|-resisted|p1a: Corviknight
|-damage|p1a: Corviknight|80/100 par
|-heal|p2a: Primarina|43/100|[from] drain|[of] p1a: Corviknight
|move|p1a: Corviknight|Body Press|p2a: Primarina
|-resisted|p2a: Primarina
|-damage|p2a: Primarina|27/100
|
|-heal|p1a: Corviknight|86/100 par|[from] item: Leftovers
|upkeep
|turn|23
|
|t:|1757903239
|switch|p2a: Cinderace|Cinderace, M|91/100
|-damage|p2a: Cinderace|74/100|[from] Spikes
|move|p1a: Corviknight|Body Press|p2a: Cinderace
|-damage|p2a: Cinderace|34/100
|
|-heal|p1a: Corviknight|93/100 par|[from] item: Leftovers
|upkeep
|turn|24
|
|t:|1757903245
|move|p2a: Cinderace|Court Change|p2a: Cinderace
|-start|p2a: Cinderace|typechange|Normal|[from] ability: Libero
|-swapsideconditions
|-activate|p2a: Cinderace|move: Court Change
|move|p1a: Corviknight|Body Press|p2a: Cinderace
|-supereffective|p2a: Cinderace
|-damage|p2a: Cinderace|0 fnt
|faint|p2a: Cinderace
|
|-heal|p1a: Corviknight|99/100 par|[from] item: Leftovers
|upkeep
|
|t:|1757903250
|switch|p2a: Primarina|Primarina, F, shiny|27/100
|turn|25
|
|t:|1757903252
|move|p2a: Primarina|Ice Beam|p1a: Corviknight
|-damage|p1a: Corviknight|46/100 par
|move|p1a: Corviknight|Body Press|p2a: Primarina
|-resisted|p2a: Primarina
|-damage|p2a: Primarina|11/100
|
|-heal|p1a: Corviknight|52/100 par|[from] item: Leftovers
|upkeep
|turn|26
|
|t:|1757903258
|move|p2a: Primarina|Ice Beam|p1a: Corviknight
|-damage|p1a: Corviknight|1/100 par
|cant|p1a: Corviknight|par
|
|-heal|p1a: Corviknight|8/100 par|[from] item: Leftovers
|upkeep
|turn|27
|
|t:|1757903260
|move|p2a: Primarina|Ice Beam|p1a: Corviknight
|-damage|p1a: Corviknight|0 fnt
|faint|p1a: Corviknight
|
|upkeep
|
|t:|1757903262
|switch|p1a: Kingambit|Kingambit, M|100/100
|-damage|p1a: Kingambit|84/100|[from] Spikes
|-activate|p1a: Kingambit|ability: Supreme Overlord
|-start|p1a: Kingambit|fallen5|[silent]
|turn|28
|
|t:|1757903268
|move|p1a: Kingambit|Sucker Punch|p2a: Primarina
|-resisted|p2a: Primarina
|-damage|p2a: Primarina|0 fnt
|faint|p2a: Primarina
|
|upkeep
|
|t:|1757903277
|switch|p2a: Dragonite|Dragonite, M|100/100
|turn|29
|
|t:|1757903283
|move|p2a: Dragonite|Dragon Dance|p2a: Dragonite
|-boost|p2a: Dragonite|atk|1
|-boost|p2a: Dragonite|spe|1
|move|p1a: Kingambit|Kowtow Cleave|p2a: Dragonite
|-damage|p2a: Dragonite|51/100
|
|-heal|p2a: Dragonite|57/100|[from] item: Leftovers
|upkeep
|turn|30
|
|t:|1757903288
|move|p2a: Dragonite|Dragon Dance|p2a: Dragonite
|-boost|p2a: Dragonite|atk|1
|-boost|p2a: Dragonite|spe|1
|move|p1a: Kingambit|Kowtow Cleave|p2a: Dragonite
|-damage|p2a: Dragonite|0 fnt
|faint|p2a: Dragonite
|
|upkeep
|
|t:|1757903291
|switch|p2a: Brambleghast|Brambleghast, F|100/100
|turn|31
|
|t:|1757903297
|move|p2a: Brambleghast|Poltergeist|p1a: Kingambit
|-activate|p1a: Kingambit|move: Poltergeist|Black Glasses
|-resisted|p1a: Kingambit
|-damage|p1a: Kingambit|56/100
|move|p1a: Kingambit|Kowtow Cleave|p2a: Brambleghast
|-supereffective|p2a: Brambleghast
|-damage|p2a: Brambleghast|0 fnt
|faint|p2a: Brambleghast
|
|upkeep
|
|t:|1757903302
|switch|p2a: Volbeat|Volbeat, M|100/100
|turn|32
|
|t:|1757903307
|move|p2a: Volbeat|Confuse Ray|p1a: Kingambit
|-hint|Since gen 7, Dark is immune to Prankster moves.
|-immune|p1a: Kingambit
|move|p1a: Kingambit|Kowtow Cleave|p2a: Volbeat
|-enditem|p2a: Volbeat|Focus Sash
|-damage|p2a: Volbeat|1/100
|
|upkeep
|turn|33
|-message|Nevada kun Girl A forfeited.
|
|win|TAT_Yangyu
|raw|TAT_Yangyu's rating: 1105 &rarr; <strong>1135</strong><br />(+30 for winning)
|raw|Nevada kun Girl A's rating: 1177 &rarr; <strong>1147</strong><br />(-30 for losing)
|l|☆Nevada kun Girl A
|player|p2|
|l|☆TAT_Yangyu
|player|p1|
