|j|☆happyxklo
|j|☆IDWTLA
|t:|1757892252
|gametype|singles
|player|p1|happyxklo|169|1333
|player|p2|IDWTLA|scientist-gen4dp|1348
|gen|9
|tier|[Gen 9] OU
|rated|
|rule|HP Percentage Mod: HP is shown in percentages
|rule|Endless Battle Clause: Forcing endless battles is banned
|rule|Species Clause: Limit one of each Pokémon
|rule|OHKO Clause: OHKO moves are banned
|rule|Evasion Items Clause: Evasion items are banned
|rule|Evasion Moves Clause: Evasion moves are banned
|rule|Evasion Abilities Clause: Evasion abilities are banned
|rule|Sleep Moves Clause: Sleep-inducing moves are banned
|clearpoke
|poke|p1|Tinkaton, F|
|poke|p1|Gliscor, F|
|poke|p1|Weavile, M|
|poke|p1|Weezing-Galar, M|
|poke|p1|Dragonite, F|
|poke|p1|Goodra-Hisui, F|
|poke|p2|Zapdos-Galar|
|poke|p2|Landorus-Therian, M|
|poke|p2|Dragapult, F|
|poke|p2|Slowking-Galar, F|
|poke|p2|Great Tusk|
|poke|p2|Alomomola, M|
|teampreview
|
|t:|1757892264
|teamsize|p1|6
|teamsize|p2|6
|start
|switch|p1a: Gliscor|Gliscor, F|100/100
|switch|p2a: Landorus|Landorus-Therian, M|100/100
|-ability|p2a: Landorus|Intimidate|boost
|-unboost|p1a: Gliscor|atk|1
|turn|1
|
|t:|1757892272
|move|p2a: Landorus|Taunt|p1a: Gliscor
|-start|p1a: Gliscor|move: Taunt
|cant|p1a: Gliscor|move: Taunt|Toxic
|
|-status|p1a: Gliscor|tox|[from] item: Toxic Orb
|upkeep
|turn|2
|
|t:|1757892290
|switch|p1a: Goodra|Goodra-Hisui, F|100/100
|move|p2a: Landorus|U-turn|p1a: Goodra
|-resisted|p1a: Goodra
|-damage|p1a: Goodra|90/100
|
|t:|1757892296
|switch|p2a: Great Tusk|Great Tusk|100/100|[from] U-turn
|
|upkeep
|turn|3
|
|t:|1757892308
|-terastallize|p1a: Goodra|Water
|move|p2a: Great Tusk|Ice Spinner|p1a: Goodra
|-resisted|p1a: Goodra
|-damage|p1a: Goodra|76/100
|move|p1a: Goodra|Hydro Pump|p2a: Great Tusk
|-supereffective|p2a: Great Tusk
|-damage|p2a: Great Tusk|0 fnt
|faint|p2a: Great Tusk
|-end|p2a: Great Tusk|Protosynthesis|[silent]
|
|upkeep
|
|t:|1757892318
|switch|p2a: Zapdos|Zapdos-Galar|100/100
|turn|4
|
|t:|1757892332
|move|p2a: Zapdos|Brave Bird|p1a: Goodra
|-damage|p1a: Goodra|0 fnt
|faint|p1a: Goodra
|-damage|p2a: Zapdos|72/100|[from] Recoil
|
|upkeep
|inactive|Battle timer is ON: inactive players will automatically lose when time's up. (requested by IDWTLA)
|
|t:|1757892354
|switch|p1a: Weezing|Weezing-Galar, M|100/100
|-ability|p1a: Weezing|Neutralizing Gas
|turn|5
|
|t:|1757892363
|switch|p2a: Slowking|Slowking-Galar, F|100/100
|move|p1a: Weezing|Will-O-Wisp|p2a: Slowking
|-status|p2a: Slowking|brn
|
|-damage|p2a: Slowking|94/100 brn|[from] brn
|upkeep
|turn|6
|
|t:|1757892383
|-end|p1a: Weezing|ability: Neutralizing Gas
|switch|p1a: Gliscor|Gliscor, F|100/100 tox
|move|p2a: Slowking|Future Sight|p1a: Gliscor
|-start|p2a: Slowking|move: Future Sight
|
|-damage|p2a: Slowking|88/100 brn|[from] brn
|upkeep
|turn|7
|
|t:|1757892399
|move|p1a: Gliscor|Stealth Rock|p2a: Slowking
|-sidestart|p2: IDWTLA|move: Stealth Rock
|-prepare|p2a: Slowking|Chilly Reception|[premajor]
|move|p2a: Slowking|Chilly Reception|p2a: Slowking
|-weather|Snowscape
|
|t:|1757892404
|switch|p2a: Landorus|Landorus-Therian, M|100/100|[from] Chilly Reception
|-damage|p2a: Landorus|88/100|[from] Stealth Rock
|-ability|p2a: Landorus|Intimidate|boost
|-unboost|p1a: Gliscor|atk|1
|
|-weather|Snowscape|[upkeep]
|upkeep
|turn|8
|
|t:|1757892412
|move|p1a: Gliscor|Protect|p1a: Gliscor
|-singleturn|p1a: Gliscor|Protect
|move|p2a: Landorus|Taunt|p1a: Gliscor
|-activate|p1a: Gliscor|move: Protect
|
|-weather|Snowscape|[upkeep]
|-end|p1a: Gliscor|move: Future Sight
|-damage|p1a: Gliscor|50/100 tox
|-heal|p1a: Gliscor|63/100 tox|[from] ability: Poison Heal
|upkeep
|turn|9
|
|t:|1757892434
|move|p2a: Landorus|Stealth Rock|p1a: Gliscor
|-sidestart|p1: happyxklo|move: Stealth Rock
|move|p1a: Gliscor|Toxic|p2a: Landorus
|-status|p2a: Landorus|tox
|
|-weather|Snowscape|[upkeep]
|-damage|p2a: Landorus|82/100 tox|[from] psn
|-heal|p1a: Gliscor|75/100 tox|[from] ability: Poison Heal
|upkeep
|turn|10
|
|t:|1757892443
|move|p1a: Gliscor|Protect|p1a: Gliscor
|-singleturn|p1a: Gliscor|Protect
|move|p2a: Landorus|U-turn|p1a: Gliscor
|-activate|p1a: Gliscor|move: Protect
|
|-weather|Snowscape|[upkeep]
|-damage|p2a: Landorus|70/100 tox|[from] psn
|-heal|p1a: Gliscor|88/100 tox|[from] ability: Poison Heal
|upkeep
|turn|11
|inactive|happyxklo has 120 seconds left.
|
|t:|1757892472
|switch|p1a: Weezing|Weezing-Galar, M|100/100
|-ability|p1a: Weezing|Neutralizing Gas
|-damage|p1a: Weezing|88/100|[from] Stealth Rock
|move|p2a: Landorus|U-turn|p1a: Weezing
|-resisted|p1a: Weezing
|-damage|p1a: Weezing|85/100
|
|t:|1757892480
|switch|p2a: Slowking|Slowking-Galar, F|100/100 brn|[from] U-turn
|
|-weather|none
|-heal|p1a: Weezing|91/100|[from] item: Leftovers
|-damage|p2a: Slowking|94/100 brn|[from] brn
|upkeep
|turn|12
|inactive|happyxklo has 120 seconds left.
|
|t:|1757892505
|-end|p1a: Weezing|ability: Neutralizing Gas
|switch|p1a: Gliscor|Gliscor, F|88/100 tox
|-damage|p1a: Gliscor|75/100 tox|[from] Stealth Rock
|move|p2a: Slowking|Future Sight|p1a: Gliscor
|-start|p2a: Slowking|move: Future Sight
|
|-heal|p1a: Gliscor|88/100 tox|[from] ability: Poison Heal
|-damage|p2a: Slowking|88/100 brn|[from] brn
|upkeep
|turn|13
|
|t:|1757892519
|move|p1a: Gliscor|Earthquake|p2a: Slowking
|-supereffective|p2a: Slowking
|-damage|p2a: Slowking|15/100 brn
|-prepare|p2a: Slowking|Chilly Reception|[premajor]
|move|p2a: Slowking|Chilly Reception|p2a: Slowking
|-weather|Snowscape
|
|t:|1757892525
|switch|p2a: Dragapult|Dragapult, F|100/100|[from] Chilly Reception
|-damage|p2a: Dragapult|88/100|[from] Stealth Rock
|
|-weather|Snowscape|[upkeep]
|-heal|p1a: Gliscor|99/100 tox|[from] ability: Poison Heal
|upkeep
|turn|14
|
|t:|1757892542
|move|p2a: Dragapult|Shadow Ball|p1a: Gliscor
|-damage|p1a: Gliscor|36/100 tox
|move|p1a: Gliscor|Toxic|p2a: Dragapult|[miss]
|-miss|p1a: Gliscor|p2a: Dragapult
|
|-weather|Snowscape|[upkeep]
|-end|p1a: Gliscor|move: Future Sight
|-damage|p1a: Gliscor|0 fnt
|faint|p1a: Gliscor
|upkeep
|
|t:|1757892554
|switch|p1a: Weezing|Weezing-Galar, M|91/100
|-ability|p1a: Weezing|Neutralizing Gas
|-damage|p1a: Weezing|78/100|[from] Stealth Rock
|turn|15
|
|t:|1757892563
|switch|p2a: Alomomola|Alomomola, M|100/100
|move|p1a: Weezing|Sludge Bomb|p2a: Alomomola
|-damage|p2a: Alomomola|67/100
|
|-weather|Snowscape|[upkeep]
|-heal|p1a: Weezing|84/100|[from] item: Leftovers
|upkeep
|turn|16
|
|t:|1757892571
|move|p1a: Weezing|Sludge Bomb|p2a: Alomomola
|-damage|p2a: Alomomola|36/100
|move|p2a: Alomomola|Wish|p2a: Alomomola
|
|-weather|Snowscape|[upkeep]
|-heal|p1a: Weezing|90/100|[from] item: Leftovers
|upkeep
|turn|17
|
|t:|1757892579
|switch|p2a: Slowking|Slowking-Galar, F|48/100 brn
|move|p1a: Weezing|Sludge Bomb|p2a: Slowking
|-resisted|p2a: Slowking
|-crit|p2a: Slowking
|-damage|p2a: Slowking|36/100 brn
|
|-weather|none
|-heal|p2a: Slowking|100/100 brn|[from] move: Wish|[wisher] Alomomola
|-heal|p1a: Weezing|96/100|[from] item: Leftovers
|-damage|p2a: Slowking|94/100 brn|[from] brn
|upkeep
|turn|18
|inactive|happyxklo has 120 seconds left.
|
|t:|1757892600
|-end|p1a: Weezing|ability: Neutralizing Gas
|switch|p1a: Weavile|Weavile, M|100/100
|-damage|p1a: Weavile|76/100|[from] Stealth Rock
|-ability|p1a: Weavile|Pressure
|move|p2a: Slowking|Future Sight|p1a: Weavile
|-start|p2a: Slowking|move: Future Sight
|
|-damage|p2a: Slowking|88/100 brn|[from] brn
|upkeep
|turn|19
|
|t:|1757892621
|switch|p2a: Landorus|Landorus-Therian, M|70/100 tox
|-damage|p2a: Landorus|57/100 tox|[from] Stealth Rock
|-ability|p2a: Landorus|Intimidate|boost
|-unboost|p1a: Weavile|atk|1
|move|p1a: Weavile|Knock Off|p2a: Landorus
|-damage|p2a: Landorus|26/100 tox
|-damage|p1a: Weavile|59/100|[from] item: Rocky Helmet|[of] p2a: Landorus
|-enditem|p2a: Landorus|Rocky Helmet|[from] move: Knock Off|[of] p1a: Weavile
|-damage|p1a: Weavile|49/100|[from] item: Life Orb
|
|-damage|p2a: Landorus|19/100 tox|[from] psn
|upkeep
|turn|20
|inactive|happyxklo has 90 seconds left.
|
|t:|1757892640
|switch|p1a: Weezing|Weezing-Galar, M|96/100
|-ability|p1a: Weezing|Neutralizing Gas
|-damage|p1a: Weezing|84/100|[from] Stealth Rock
|move|p2a: Landorus|U-turn|p1a: Weezing
|-resisted|p1a: Weezing
|-damage|p1a: Weezing|80/100
|
|t:|1757892650
|switch|p2a: Alomomola|Alomomola, M|36/100|[from] U-turn
|
|-end|p1a: Weezing|move: Future Sight
|-supereffective|p1a: Weezing
|-damage|p1a: Weezing|0 fnt
|faint|p1a: Weezing
|-end|p1a: Weezing|ability: Neutralizing Gas
|upkeep
|
|t:|1757892657
|switch|p1a: Weavile|Weavile, M|49/100
|-damage|p1a: Weavile|24/100|[from] Stealth Rock
|-ability|p1a: Weavile|Pressure
|turn|21
|
|t:|1757892663
|switch|p2a: Landorus|Landorus-Therian, M|19/100 tox
|-damage|p2a: Landorus|7/100 tox|[from] Stealth Rock
|-ability|p2a: Landorus|Intimidate|boost
|-unboost|p1a: Weavile|atk|1
|move|p1a: Weavile|Knock Off|p2a: Landorus
|-damage|p2a: Landorus|0 fnt
|faint|p2a: Landorus
|-damage|p1a: Weavile|14/100|[from] item: Life Orb
|
|upkeep
|
|t:|1757892674
|switch|p2a: Alomomola|Alomomola, M|69/100
|turn|22
|
|t:|1757892682
|move|p1a: Weavile|Knock Off|p2a: Alomomola
|-damage|p2a: Alomomola|47/100
|-enditem|p2a: Alomomola|Heavy-Duty Boots|[from] move: Knock Off|[of] p1a: Weavile
|-damage|p1a: Weavile|4/100|[from] item: Life Orb
|move|p2a: Alomomola|Flip Turn|p1a: Weavile
|-crit|p1a: Weavile
|-damage|p1a: Weavile|0 fnt
|faint|p1a: Weavile
|
|t:|1757892691
|switch|p2a: Zapdos|Zapdos-Galar|72/100|[from] Flip Turn
|-damage|p2a: Zapdos|60/100|[from] Stealth Rock
|
|upkeep
|
|t:|1757892704
|switch|p1a: Tinkaton|Tinkaton, F|100/100
|-damage|p1a: Tinkaton|94/100|[from] Stealth Rock
|-ability|p1a: Tinkaton|Mold Breaker
|turn|23
|
|t:|1757892714
|move|p2a: Zapdos|U-turn|p1a: Tinkaton
|-resisted|p1a: Tinkaton
|-damage|p1a: Tinkaton|82/100
|
|t:|1757892717
|switch|p2a: Alomomola|Alomomola, M|80/100|[from] U-turn
|-damage|p2a: Alomomola|68/100|[from] Stealth Rock
|move|p1a: Tinkaton|Play Rough|p2a: Alomomola
|-damage|p2a: Alomomola|45/100
|-damage|p1a: Tinkaton|73/100|[from] item: Life Orb
|
|upkeep
|turn|24
|inactive|happyxklo has 120 seconds left.
|
|t:|1757892729
|move|p1a: Tinkaton|Thunder Wave|p2a: Alomomola
|-status|p2a: Alomomola|par
|move|p2a: Alomomola|Scald|p1a: Tinkaton
|-damage|p1a: Tinkaton|59/100
|
|upkeep
|turn|25
|
|t:|1757892737
|move|p1a: Tinkaton|Play Rough|p2a: Alomomola
|-damage|p2a: Alomomola|23/100 par
|-damage|p1a: Tinkaton|49/100|[from] item: Life Orb
|move|p2a: Alomomola|Scald|p1a: Tinkaton
|-damage|p1a: Tinkaton|34/100
|
|upkeep
|turn|26
|
|t:|1757892745
|switch|p2a: Slowking|Slowking-Galar, F|100/100 brn
|move|p1a: Tinkaton|Play Rough|p2a: Slowking
|-resisted|p2a: Slowking
|-damage|p2a: Slowking|79/100 brn
|-damage|p1a: Tinkaton|24/100|[from] item: Life Orb
|
|-damage|p2a: Slowking|73/100 brn|[from] brn
|upkeep
|turn|27
|
|t:|1757892756
|move|p1a: Tinkaton|Gigaton Hammer|p2a: Slowking
|-damage|p2a: Slowking|0 fnt
|faint|p2a: Slowking
|-damage|p1a: Tinkaton|14/100|[from] item: Life Orb
|
|upkeep
|
|t:|1757892763
|switch|p2a: Zapdos|Zapdos-Galar|60/100
|-damage|p2a: Zapdos|47/100|[from] Stealth Rock
|turn|28
|
|t:|1757892770
|move|p2a: Zapdos|U-turn|p1a: Tinkaton
|-resisted|p1a: Tinkaton
|-damage|p1a: Tinkaton|1/100
|
|t:|1757892772
|switch|p2a: Alomomola|Alomomola, M|56/100 par|[from] U-turn
|-damage|p2a: Alomomola|44/100 par|[from] Stealth Rock
|move|p1a: Tinkaton|Play Rough|p2a: Alomomola
|-damage|p2a: Alomomola|21/100 par
|-damage|p1a: Tinkaton|0 fnt|[from] item: Life Orb
|faint|p1a: Tinkaton
|
|upkeep
|
|t:|1757892781
|switch|p1a: Dragonite|Dragonite, F|100/100
|turn|29
|
|t:|1757892788
|move|p1a: Dragonite|Dragon Dance|p1a: Dragonite
|-boost|p1a: Dragonite|atk|1
|-boost|p1a: Dragonite|spe|1
|move|p2a: Alomomola|Body Slam|p1a: Dragonite
|-damage|p1a: Dragonite|92/100
|
|upkeep
|turn|30
|
|t:|1757892797
|move|p1a: Dragonite|Dragon Dance|p1a: Dragonite
|-boost|p1a: Dragonite|atk|1
|-boost|p1a: Dragonite|spe|1
|move|p2a: Alomomola|Body Slam|p1a: Dragonite
|-damage|p1a: Dragonite|75/100
|-status|p1a: Dragonite|par
|
|upkeep
|turn|31
|
|t:|1757892823
|cant|p1a: Dragonite|par
|move|p2a: Alomomola|Flip Turn|p1a: Dragonite
|-resisted|p1a: Dragonite
|-damage|p1a: Dragonite|66/100 par
|
|t:|1757892832
|switch|p2a: Dragapult|Dragapult, F|88/100|[from] Flip Turn
|-damage|p2a: Dragapult|76/100|[from] Stealth Rock
|
|upkeep
|turn|32
|
|t:|1757892839
|move|p2a: Dragapult|Draco Meteor|p1a: Dragonite|[miss]
|-miss|p2a: Dragapult|p1a: Dragonite
|move|p1a: Dragonite|Outrage|p2a: Dragapult
|-supereffective|p2a: Dragapult
|-damage|p2a: Dragapult|0 fnt
|faint|p2a: Dragapult
|
|upkeep
|
|t:|1757892848
|switch|p2a: Zapdos|Zapdos-Galar|47/100
|-damage|p2a: Zapdos|35/100|[from] Stealth Rock
|turn|33
|
|t:|1757892854
|-terastallize|p2a: Zapdos|Steel
|move|p2a: Zapdos|Brave Bird|p1a: Dragonite
|-damage|p1a: Dragonite|0 fnt
|faint|p1a: Dragonite
|-damage|p2a: Zapdos|13/100|[from] Recoil
|
|win|IDWTLA
|raw|happyxklo's rating: 1333 &rarr; <strong>1314</strong><br />(-19 for losing)
|raw|IDWTLA's rating: 1348 &rarr; <strong>1367</strong><br />(+19 for winning)
