|j|☆NotClevey
|j|☆go b3yond
|t:|1757862170
|gametype|singles
|player|p1|NotClevey|pryce|1486
|player|p2|go b3yond|bruno|1439
|gen|9
|tier|[Gen 9] OU
|rated|
|rule|HP Percentage Mod: HP is shown in percentages
|rule|Endless Battle Clause: Forcing endless battles is banned
|rule|Species Clause: Limit one of each Pokémon
|rule|OHKO Clause: OHKO moves are banned
|rule|Evasion Items Clause: Evasion items are banned
|rule|Evasion Moves Clause: Evasion moves are banned
|rule|Evasion Abilities Clause: Evasion abilities are banned
|rule|Sleep Moves Clause: Sleep-inducing moves are banned
|clearpoke
|poke|p1|Walking Wake|
|poke|p1|Sandy Shocks|
|poke|p1|Torkoal, M|
|poke|p1|Dragonite, F|
|poke|p1|Corviknight, F|
|poke|p1|Alomomola, F|
|poke|p2|Torkoal, M|
|poke|p2|Brute Bonnet|
|poke|p2|Hatterene, F|
|poke|p2|Walking Wake|
|poke|p2|Thundurus-Therian, M|
|poke|p2|Ceruledge, M|
|teampreview
|inactive|Battle timer is ON: inactive players will automatically lose when time's up. (requested by NotClevey)
|
|t:|1757862182
|teamsize|p1|6
|teamsize|p2|6
|start
|switch|p1a: 钢骑士|Corviknight, F, shiny|100/100
|switch|p2a: GREAT Bait|Torkoal, M, shiny|100/100
|-weather|SunnyDay|[from] ability: Drought|[of] p2a: GREAT Bait
|turn|1
|
|t:|1757862188
|switch|p1a: PinklePinkle|Alomomola, F|100/100
|move|p2a: GREAT Bait|Eruption|p1a: PinklePinkle
|-resisted|p1a: PinklePinkle
|-damage|p1a: PinklePinkle|73/100
|
|-weather|SunnyDay|[upkeep]
|upkeep
|turn|2
|
|t:|1757862197
|switch|p2a: Hatterene|Hatterene, F|100/100
|move|p1a: PinklePinkle|Flip Turn|p2a: Hatterene
|-damage|p2a: Hatterene|94/100
|-enditem|p2a: Hatterene|Eject Button
|
|t:|1757862202
|switch|p2a: Brute Bonnet|Brute Bonnet|100/100
|-activate|p2a: Brute Bonnet|ability: Protosynthesis
|-start|p2a: Brute Bonnet|protosynthesisatk
|
|-weather|SunnyDay|[upkeep]
|upkeep
|turn|3
|
|t:|1757862214
|switch|p1a: 钢骑士|Corviknight, F, shiny|100/100
|move|p2a: Brute Bonnet|Growth|p2a: Brute Bonnet
|-boost|p2a: Brute Bonnet|atk|2
|-boost|p2a: Brute Bonnet|spa|2
|
|-weather|SunnyDay|[upkeep]
|upkeep
|turn|4
|
|t:|1757862219
|-terastallize|p2a: Brute Bonnet|Fire
|move|p2a: Brute Bonnet|Tera Blast|p1a: 钢骑士|[anim] Tera Blast Fire
|-supereffective|p1a: 钢骑士
|-damage|p1a: 钢骑士|0 fnt
|faint|p1a: 钢骑士
|
|-weather|SunnyDay|[upkeep]
|upkeep
|
|t:|1757862229
|switch|p1a: 储水硬接流星群|Walking Wake|100/100
|-activate|p1a: 储水硬接流星群|ability: Protosynthesis
|-start|p1a: 储水硬接流星群|protosynthesisspe
|turn|5
|
|t:|1757862235
|-terastallize|p1a: 储水硬接流星群|Fairy
|move|p2a: Brute Bonnet|Sucker Punch|p1a: 储水硬接流星群
|-resisted|p1a: 储水硬接流星群
|-damage|p1a: 储水硬接流星群|46/100
|move|p1a: 储水硬接流星群|Hydro Steam|p2a: Brute Bonnet
|-supereffective|p2a: Brute Bonnet
|-damage|p2a: Brute Bonnet|0 fnt
|faint|p2a: Brute Bonnet
|-end|p2a: Brute Bonnet|Protosynthesis|[silent]
|
|-weather|SunnyDay|[upkeep]
|upkeep
|
|t:|1757862252
|switch|p2a: Walking Wake|Walking Wake|100/100
|-activate|p2a: Walking Wake|ability: Protosynthesis
|-start|p2a: Walking Wake|protosynthesisspe
|turn|6
|
|t:|1757862270
|-end|p1a: 储水硬接流星群|Protosynthesis|[silent]
|switch|p1a: PinklePinkle|Alomomola, F|100/100
|move|p2a: Walking Wake|Flip Turn|p1a: PinklePinkle
|-resisted|p1a: PinklePinkle
|-damage|p1a: PinklePinkle|98/100
|
|t:|1757862275
|-end|p2a: Walking Wake|Protosynthesis|[silent]
|switch|p2a: Ceruledge|Ceruledge, M|100/100|[from] Flip Turn
|
|-weather|SunnyDay|[upkeep]
|upkeep
|turn|7
|
|t:|1757862280
|move|p2a: Ceruledge|Swords Dance|p2a: Ceruledge
|-boost|p2a: Ceruledge|atk|2
|move|p1a: PinklePinkle|Icy Wind|p2a: Ceruledge
|-resisted|p2a: Ceruledge
|-damage|p2a: Ceruledge|97/100
|-unboost|p2a: Ceruledge|spe|1
|
|-weather|SunnyDay|[upkeep]
|upkeep
|turn|8
|
|t:|1757862288
|move|p2a: Ceruledge|Bitter Blade|p1a: PinklePinkle
|-resisted|p1a: PinklePinkle
|-damage|p1a: PinklePinkle|58/100
|-heal|p2a: Ceruledge|100/100|[from] drain|[of] p1a: PinklePinkle
|move|p1a: PinklePinkle|Chilling Water|p2a: Ceruledge
|-supereffective|p2a: Ceruledge
|-damage|p2a: Ceruledge|90/100
|-unboost|p2a: Ceruledge|atk|1
|
|-weather|none
|upkeep
|turn|9
|
|t:|1757862304
|move|p2a: Ceruledge|Swords Dance|p2a: Ceruledge
|-boost|p2a: Ceruledge|atk|2
|move|p1a: PinklePinkle|Flip Turn|p2a: Ceruledge
|-supereffective|p2a: Ceruledge
|-damage|p2a: Ceruledge|41/100
|-ability|p2a: Ceruledge|Weak Armor|boost
|-unboost|p2a: Ceruledge|def|1
|-boost|p2a: Ceruledge|spe|2
|inactive|NotClevey has 120 seconds left.
|inactive|NotClevey has 90 seconds left.
|
|t:|1757862364
|switch|p1a: 地鸣雷震寒意生|Sandy Shocks, shiny|100/100|[from] Flip Turn
|
|upkeep
|turn|10
|
|t:|1757862372
|move|p1a: 地鸣雷震寒意生|Volt Switch|p2a: Ceruledge
|-damage|p2a: Ceruledge|0 fnt
|faint|p2a: Ceruledge
|
|t:|1757862377
|-end|p1a: 地鸣雷震寒意生|Protosynthesis|[silent]
|switch|p1a: Groudon.|Torkoal, M|100/100|[from] Volt Switch
|-weather|SunnyDay|[from] ability: Drought|[of] p1a: Groudon.
|
|-weather|SunnyDay|[upkeep]
|upkeep
|l|☆NotClevey
|inactive|NotClevey disconnected and has a minute to reconnect!
|player|p1|
|j|☆NotClevey
|inactive|NotClevey reconnected.
|player|p1|NotClevey|pryce|
|inactive|go b3yond has 120 seconds left.
|
|t:|1757862407
|switch|p2a: Walking Wake|Walking Wake|100/100
|-activate|p2a: Walking Wake|ability: Protosynthesis
|-start|p2a: Walking Wake|protosynthesisspe
|turn|11
|inactive|NotClevey has 90 seconds left.
|
|t:|1757862428
|switch|p1a: PinklePinkle|Alomomola, F|91/100
|move|p2a: Walking Wake|Flip Turn|p1a: PinklePinkle
|-resisted|p1a: PinklePinkle
|-damage|p1a: PinklePinkle|89/100
|
|t:|1757862432
|-end|p2a: Walking Wake|Protosynthesis|[silent]
|switch|p2a: Thundurus|Thundurus-Therian, M|100/100|[from] Flip Turn
|
|-weather|SunnyDay|[upkeep]
|upkeep
|turn|12
|
|t:|1757862436
|move|p2a: Thundurus|Weather Ball|p1a: PinklePinkle
|-resisted|p1a: PinklePinkle
|-damage|p1a: PinklePinkle|66/100
|move|p1a: PinklePinkle|Mirror Coat|p2a: Thundurus
|-damage|p2a: Thundurus|26/100
|
|-weather|SunnyDay|[upkeep]
|upkeep
|turn|13
|-message|go b3yond forfeited.
|
|win|NotClevey
|raw|NotClevey's rating: 1486 &rarr; <strong>1503</strong><br />(+17 for winning)
|raw|go b3yond's rating: 1439 &rarr; <strong>1422</strong><br />(-17 for losing)
|l|☆go b3yond
|player|p2|
|l|☆NotClevey
|player|p1|
|j|☆NotClevey
|player|p1|NotClevey|pryce|
|l|☆NotClevey
|player|p1|
|j| hheeii
|j| gugch
|l| gugch
|l| hheeii
|j| vywxiwjxjwk
