|j|☆Vlazphemy
|j|☆Basikone
|t:|1757927766
|gametype|singles
|player|p1|Vlazphemy|169|1257
|player|p2|Basikone|2|1273
|gen|9
|tier|[Gen 9] OU
|rated|
|rule|HP Percentage Mod: HP is shown in percentages
|rule|Endless Battle Clause: Forcing endless battles is banned
|rule|Species Clause: Limit one of each Pokémon
|rule|OHKO Clause: OHKO moves are banned
|rule|Evasion Items Clause: Evasion items are banned
|rule|Evasion Moves Clause: Evasion moves are banned
|rule|Evasion Abilities Clause: Evasion abilities are banned
|rule|Sleep Moves Clause: Sleep-inducing moves are banned
|clearpoke
|poke|p1|Scream Tail|
|poke|p1|Skeledirge, F|
|poke|p1|Corviknight, F|
|poke|p1|Meowscarada, F|
|poke|p1|Serperior, M|
|poke|p1|Pecharunt|
|poke|p2|Scizor, M|
|poke|p2|Jolteon, F|
|poke|p2|Kleavor, M|
|poke|p2|Magnezone|
|poke|p2|Donphan, F|
|poke|p2|Ting-Lu|
|teampreview
|inactive|Battle timer is ON: inactive players will automatically lose when time's up. (requested by Basikone)
|
|t:|1757927816
|teamsize|p1|6
|teamsize|p2|6
|start
|switch|p1a: Meowscarada|Meowscarada, F|100/100
|switch|p2a: Jolteon|Jolteon, F|100/100
|-item|p2a: Jolteon|Air Balloon
|turn|1
|
|t:|1757927822
|move|p2a: Jolteon|Alluring Voice|p1a: Meowscarada
|-supereffective|p1a: Meowscarada
|-damage|p1a: Meowscarada|19/100
|move|p1a: Meowscarada|U-turn|p2a: Jolteon
|-start|p1a: Meowscarada|typechange|Bug|[from] ability: Protean
|-damage|p2a: Jolteon|0 fnt
|-enditem|p2a: Jolteon|Air Balloon
|faint|p2a: Jolteon
|
|t:|1757927842
|switch|p1a: Scream Tail|Scream Tail|100/100|[from] U-turn
|-enditem|p1a: Scream Tail|Booster Energy
|-activate|p1a: Scream Tail|ability: Protosynthesis|[fromitem]
|-start|p1a: Scream Tail|protosynthesisspe
|
|upkeep
|
|t:|1757927853
|switch|p2a: Scizor|Scizor, M|100/100
|turn|2
|
|t:|1757927860
|move|p1a: Scream Tail|Flamethrower|p2a: Scizor
|-supereffective|p2a: Scizor
|-damage|p2a: Scizor|12/100
|move|p2a: Scizor|U-turn|p1a: Scream Tail
|-damage|p1a: Scream Tail|44/100
|
|t:|1757927868
|switch|p2a: Kleavor|Kleavor, M|100/100|[from] U-turn
|
|upkeep
|turn|3
|
|t:|1757927872
|move|p1a: Scream Tail|Flamethrower|p2a: Kleavor
|-damage|p2a: Kleavor|81/100
|move|p2a: Kleavor|Stone Axe|p1a: Scream Tail
|-crit|p1a: Scream Tail
|-damage|p1a: Scream Tail|0 fnt
|-sidestart|p1: Vlazphemy|move: Stealth Rock
|faint|p1a: Scream Tail
|-end|p1a: Scream Tail|Protosynthesis|[silent]
|
|upkeep
|
|t:|1757927876
|switch|p1a: Corviknight|Corviknight, F|100/100
|-damage|p1a: Corviknight|88/100|[from] Stealth Rock
|-ability|p1a: Corviknight|Pressure
|turn|4
|
|t:|1757927881
|move|p2a: Kleavor|U-turn|p1a: Corviknight
|-resisted|p1a: Corviknight
|-damage|p1a: Corviknight|83/100
|
|t:|1757927883
|switch|p2a: Magnezone|Magnezone|100/100|[from] U-turn
|move|p1a: Corviknight|Defog|p2a: Magnezone
|-unboost|p2a: Magnezone|evasion|1
|-sideend|p1: Vlazphemy|Stealth Rock|[from] move: Defog|[of] p1a: Corviknight
|
|-heal|p1a: Corviknight|89/100|[from] item: Leftovers
|upkeep
|turn|5
|
|t:|1757927898
|switch|p1a: Skeledirge|Skeledirge, F|100/100
|move|p2a: Magnezone|Thunderbolt|p1a: Skeledirge
|-damage|p1a: Skeledirge|51/100
|
|upkeep
|turn|6
|
|t:|1757927907
|move|p1a: Skeledirge|Torch Song|p2a: Magnezone
|-supereffective|p2a: Magnezone
|-damage|p2a: Magnezone|55/100
|-boost|p1a: Skeledirge|spa|1
|move|p2a: Magnezone|Thunderbolt|p1a: Skeledirge
|-damage|p1a: Skeledirge|8/100
|
|upkeep
|turn|7
|
|t:|1757927915
|switch|p2a: Ting-Lu|Ting-Lu|100/100
|-ability|p2a: Ting-Lu|Vessel of Ruin
|move|p1a: Skeledirge|Torch Song|p2a: Ting-Lu
|-damage|p2a: Ting-Lu|80/100
|-boost|p1a: Skeledirge|spa|1
|-enditem|p2a: Ting-Lu|Red Card|[of] p1a: Skeledirge
|drag|p1a: Serperior|Serperior, M|100/100
|
|upkeep
|turn|8
|
|t:|1757927933
|move|p1a: Serperior|Leaf Storm|p2a: Ting-Lu
|-supereffective|p2a: Ting-Lu
|-damage|p2a: Ting-Lu|35/100
|-boost|p1a: Serperior|spa|2
|move|p2a: Ting-Lu|Whirlwind|p1a: Serperior
|drag|p1a: Meowscarada|Meowscarada, F|19/100
|
|upkeep
|turn|9
|
|t:|1757927945
|move|p1a: Meowscarada|U-turn|p2a: Ting-Lu
|-start|p1a: Meowscarada|typechange|Bug|[from] ability: Protean
|-supereffective|p2a: Ting-Lu
|-damage|p2a: Ting-Lu|0 fnt
|faint|p2a: Ting-Lu
|
|t:|1757927955
|switch|p1a: Pecharunt|Pecharunt|100/100|[from] U-turn
|-item|p1a: Pecharunt|Air Balloon
|
|upkeep
|
|t:|1757927964
|switch|p2a: Magnezone|Magnezone|55/100
|turn|10
|
|t:|1757927977
|move|p1a: Pecharunt|Hex|p2a: Magnezone
|-damage|p2a: Magnezone|36/100
|move|p2a: Magnezone|Thunderbolt|p1a: Pecharunt
|-damage|p1a: Pecharunt|42/100
|-enditem|p1a: Pecharunt|Air Balloon
|
|upkeep
|turn|11
|
|t:|1757927992
|move|p1a: Pecharunt|Hex|p2a: Magnezone
|-crit|p2a: Magnezone
|-damage|p2a: Magnezone|12/100
|move|p2a: Magnezone|Thunderbolt|p1a: Pecharunt
|-damage|p1a: Pecharunt|0 fnt
|faint|p1a: Pecharunt
|
|upkeep
|
|t:|1757927995
|switch|p1a: Serperior|Serperior, M|100/100
|turn|12
|
|t:|1757928009
|-terastallize|p2a: Magnezone|Flying
|move|p1a: Serperior|Leaf Storm|p2a: Magnezone
|-resisted|p2a: Magnezone
|-damage|p2a: Magnezone|0 fnt
|-boost|p1a: Serperior|spa|2
|faint|p2a: Magnezone
|
|upkeep
|
|t:|1757928014
|switch|p2a: Scizor|Scizor, M|12/100
|turn|13
|
|t:|1757928019
|move|p2a: Scizor|Bullet Punch|p1a: Serperior
|-damage|p1a: Serperior|39/100
|move|p1a: Serperior|Leaf Storm|p2a: Scizor
|-resisted|p2a: Scizor
|-damage|p2a: Scizor|0 fnt
|-boost|p1a: Serperior|spa|2
|faint|p2a: Scizor
|
|upkeep
|
|t:|1757928024
|switch|p2a: Donphan|Donphan, F|100/100
|turn|14
|
|t:|1757928027
|move|p2a: Donphan|Ice Shard|p1a: Serperior
|-supereffective|p1a: Serperior
|-damage|p1a: Serperior|4/100
|move|p1a: Serperior|Leaf Storm|p2a: Donphan
|-supereffective|p2a: Donphan
|-ability|p2a: Donphan|Sturdy
|-damage|p2a: Donphan|1/100
|-boost|p1a: Serperior|spa|2
|
|upkeep
|turn|15
|
|t:|1757928040
|move|p2a: Donphan|Ice Shard|p1a: Serperior
|-supereffective|p1a: Serperior
|-damage|p1a: Serperior|0 fnt
|faint|p1a: Serperior
|
|upkeep
|
|t:|1757928042
|switch|p1a: Corviknight|Corviknight, F|89/100
|-ability|p1a: Corviknight|Pressure
|turn|16
|
|t:|1757928045
|move|p1a: Corviknight|Iron Head|p2a: Donphan
|-damage|p2a: Donphan|0 fnt
|faint|p2a: Donphan
|
|-heal|p1a: Corviknight|95/100|[from] item: Leftovers
|upkeep
|
|t:|1757928048
|switch|p2a: Kleavor|Kleavor, M|81/100
|turn|17
|
|t:|1757928052
|move|p2a: Kleavor|Swords Dance|p2a: Kleavor
|-boost|p2a: Kleavor|atk|2
|move|p1a: Corviknight|Iron Head|p2a: Kleavor
|-supereffective|p2a: Kleavor
|-damage|p2a: Kleavor|39/100
|
|-heal|p1a: Corviknight|100/100|[from] item: Leftovers
|upkeep
|turn|18
|
|t:|1757928057
|move|p2a: Kleavor|Stone Axe|p1a: Corviknight
|-damage|p1a: Corviknight|42/100
|-sidestart|p1: Vlazphemy|move: Stealth Rock
|move|p1a: Corviknight|Iron Head|p2a: Kleavor
|-supereffective|p2a: Kleavor
|-damage|p2a: Kleavor|1/100
|
|-heal|p1a: Corviknight|48/100|[from] item: Leftovers
|upkeep
|turn|19
|
|t:|1757928063
|move|p2a: Kleavor|Tailwind|p2a: Kleavor
|-sidestart|p2: Basikone|move: Tailwind
|move|p1a: Corviknight|Defog|p2a: Kleavor
|-unboost|p2a: Kleavor|evasion|1
|-sideend|p1: Vlazphemy|Stealth Rock|[from] move: Defog|[of] p1a: Corviknight
|
|-heal|p1a: Corviknight|54/100|[from] item: Leftovers
|upkeep
|turn|20
|
|t:|1757928067
|move|p2a: Kleavor|Stone Axe|p1a: Corviknight
|-damage|p1a: Corviknight|0 fnt
|-sidestart|p1: Vlazphemy|move: Stealth Rock
|faint|p1a: Corviknight
|
|upkeep
|
|t:|1757928070
|switch|p1a: Meowscarada|Meowscarada, F|19/100
|-damage|p1a: Meowscarada|6/100|[from] Stealth Rock
|turn|21
|
|t:|1757928073
|move|p2a: Kleavor|U-turn|p1a: Meowscarada
|-supereffective|p1a: Meowscarada
|-damage|p1a: Meowscarada|0 fnt
|faint|p1a: Meowscarada
|
|upkeep
|
|t:|1757928076
|switch|p1a: Skeledirge|Skeledirge, F|8/100
|turn|22
|-message|Vlazphemy forfeited.
|
|win|Basikone
|raw|Vlazphemy's rating: 1257 &rarr; <strong>1233</strong><br />(-24 for losing)
|raw|Basikone's rating: 1273 &rarr; <strong>1297</strong><br />(+24 for winning)
|l|☆Vlazphemy
|player|p1|
|l|☆Basikone
|player|p2|
