|j|☆Bbbbhg
|j|☆Acauci
|t:|1757828209
|gametype|singles
|player|p1|Bbbbhg|265|1289
|player|p2|Acauci|265|1272
|gen|9
|tier|[Gen 9] OU
|rated|
|rule|HP Percentage Mod: HP is shown in percentages
|rule|Endless Battle Clause: Forcing endless battles is banned
|rule|Species Clause: Limit one of each Pokémon
|rule|OHKO Clause: OHKO moves are banned
|rule|Evasion Items Clause: Evasion items are banned
|rule|Evasion Moves Clause: Evasion moves are banned
|rule|Evasion Abilities Clause: Evasion abilities are banned
|rule|Sleep Moves Clause: Sleep-inducing moves are banned
|clearpoke
|poke|p1|Araquanid, F|
|poke|p1|Ogerpon, F|
|poke|p1|Dragonite, M|
|poke|p1|Cinderace, M|
|poke|p1|Malamar, F|
|poke|p1|Iron Jugulis|
|poke|p2|Kingambit, F|
|poke|p2|Zamazenta-*|
|poke|p2|Dragapult, F|
|poke|p2|Iron Treads|
|poke|p2|Clefable, M|
|poke|p2|Iron Moth|
|teampreview
|
|t:|1757828227
|teamsize|p1|6
|teamsize|p2|6
|start
|switch|p1a: Araquanid|Araquanid, F, shiny|100/100
|switch|p2a: Dragapult|Dragapult, F|100/100
|turn|1
|
|t:|1757828236
|move|p2a: Dragapult|Dragon Dance|p2a: Dragapult
|-boost|p2a: Dragapult|atk|1
|-boost|p2a: Dragapult|spe|1
|move|p1a: Araquanid|Sticky Web|p2a: Dragapult
|-sidestart|p2: Acauci|move: Sticky Web
|
|upkeep
|turn|2
|
|t:|1757828256
|move|p2a: Dragapult|Dragon Darts|p1a: Araquanid
|-damage|p1a: Araquanid|61/100
|-anim|p2a: Dragapult|Dragon Darts|p1a: Araquanid
|-damage|p1a: Araquanid|22/100
|move|p1a: Araquanid|Surf|p2a: Dragapult
|-resisted|p2a: Dragapult
|-damage|p2a: Dragapult|77/100
|
|-heal|p2a: Dragapult|83/100|[from] item: Leftovers
|upkeep
|turn|3
|-enditem|p1a: Araquanid|Custap Berry|[eat]
|-activate|p1a: Araquanid|item: Custap Berry|[consumed]
|
|t:|1757828268
|move|p1a: Araquanid|Surf|p2a: Dragapult
|-resisted|p2a: Dragapult
|-damage|p2a: Dragapult|60/100
|move|p2a: Dragapult|Dragon Darts|p1a: Araquanid
|-damage|p1a: Araquanid|0 fnt
|faint|p1a: Araquanid
|
|-heal|p2a: Dragapult|66/100|[from] item: Leftovers
|upkeep
|
|t:|1757828273
|switch|p1a: Cinderace|Cinderace, M|100/100
|turn|4
|
|t:|1757828317
|switch|p1a: Ogerpon|Ogerpon, F|100/100
|move|p2a: Dragapult|Dragon Darts|p1a: Ogerpon
|-damage|p1a: Ogerpon|52/100
|-anim|p2a: Dragapult|Dragon Darts|p1a: Ogerpon
|-damage|p1a: Ogerpon|1/100
|
|-heal|p2a: Dragapult|72/100|[from] item: Leftovers
|upkeep
|turn|5
|
|t:|1757828329
|move|p2a: Dragapult|Dragon Darts|p1a: Ogerpon
|-damage|p1a: Ogerpon|0 fnt
|faint|p1a: Ogerpon
|
|-heal|p2a: Dragapult|78/100|[from] item: Leftovers
|upkeep
|
|t:|1757828331
|switch|p1a: Dragonite|Dragonite, M|100/100
|turn|6
|
|t:|1757828336
|-terastallize|p1a: Dragonite|Normal
|move|p2a: Dragapult|Dragon Darts|p1a: Dragonite
|-damage|p1a: Dragonite|80/100
|-anim|p2a: Dragapult|Dragon Darts|p1a: Dragonite
|-damage|p1a: Dragonite|37/100
|move|p1a: Dragonite|Dragon Tail|p2a: Dragapult
|-supereffective|p2a: Dragapult
|-damage|p2a: Dragapult|0 fnt
|faint|p2a: Dragapult
|
|upkeep
|
|t:|1757828349
|switch|p2a: Zamazenta|Zamazenta|100/100
|-activate|p2a: Zamazenta|move: Sticky Web
|-unboost|p2a: Zamazenta|spe|1
|-ability|p2a: Zamazenta|Dauntless Shield|boost
|-boost|p2a: Zamazenta|def|1
|turn|7
|
|t:|1757828357
|move|p2a: Zamazenta|Body Press|p1a: Dragonite
|-supereffective|p1a: Dragonite
|-damage|p1a: Dragonite|0 fnt
|faint|p1a: Dragonite
|
|upkeep
|
|t:|1757828369
|switch|p1a: Cinderace|Cinderace, M|100/100
|turn|8
|
|t:|1757828374
|move|p1a: Cinderace|Will-O-Wisp|p2a: Zamazenta
|-status|p2a: Zamazenta|brn
|move|p2a: Zamazenta|Body Press|p1a: Cinderace
|-damage|p1a: Cinderace|54/100
|
|-damage|p2a: Zamazenta|94/100 brn|[from] brn
|upkeep
|turn|9
|
|t:|1757828384
|switch|p1a: Iron Jugulis|Iron Jugulis|100/100
|-enditem|p1a: Iron Jugulis|Booster Energy
|-activate|p1a: Iron Jugulis|ability: Quark Drive|[fromitem]
|-start|p1a: Iron Jugulis|quarkdrivespe
|move|p2a: Zamazenta|Body Press|p1a: Iron Jugulis
|-damage|p1a: Iron Jugulis|63/100
|
|-damage|p2a: Zamazenta|88/100 brn|[from] brn
|upkeep
|turn|10
|
|t:|1757828395
|move|p1a: Iron Jugulis|Hurricane|p2a: Zamazenta|[miss]
|-miss|p1a: Iron Jugulis|p2a: Zamazenta
|move|p2a: Zamazenta|Ice Fang|p1a: Iron Jugulis
|-supereffective|p1a: Iron Jugulis
|-damage|p1a: Iron Jugulis|36/100
|
|-damage|p2a: Zamazenta|82/100 brn|[from] brn
|upkeep
|turn|11
|
|t:|1757828405
|move|p1a: Iron Jugulis|Hurricane|p2a: Zamazenta
|-supereffective|p2a: Zamazenta
|-damage|p2a: Zamazenta|17/100 brn
|move|p2a: Zamazenta|Body Press|p1a: Iron Jugulis
|-crit|p1a: Iron Jugulis
|-damage|p1a: Iron Jugulis|0 fnt
|faint|p1a: Iron Jugulis
|-end|p1a: Iron Jugulis|Quark Drive|[silent]
|
|-damage|p2a: Zamazenta|11/100 brn|[from] brn
|upkeep
|
|t:|1757828410
|switch|p1a: Cinderace|Cinderace, M|54/100
|turn|12
|
|t:|1757828415
|move|p2a: Zamazenta|Quick Attack|p1a: Cinderace
|-damage|p1a: Cinderace|44/100
|move|p1a: Cinderace|Pyro Ball|p2a: Zamazenta
|-damage|p2a: Zamazenta|0 fnt
|faint|p2a: Zamazenta
|
|upkeep
|
|t:|1757828428
|switch|p2a: Iron Treads|Iron Treads|100/100
|-activate|p2a: Iron Treads|move: Sticky Web
|-unboost|p2a: Iron Treads|spe|1
|-enditem|p2a: Iron Treads|Booster Energy
|-activate|p2a: Iron Treads|ability: Quark Drive|[fromitem]
|-start|p2a: Iron Treads|quarkdrivedef
|turn|13
|
|t:|1757828437
|move|p1a: Cinderace|Pyro Ball|p2a: Iron Treads
|-supereffective|p2a: Iron Treads
|-crit|p2a: Iron Treads
|-damage|p2a: Iron Treads|9/100
|move|p2a: Iron Treads|Rapid Spin|p1a: Cinderace
|-damage|p1a: Cinderace|23/100
|-boost|p2a: Iron Treads|spe|1
|-sideend|p2: Acauci|Sticky Web|[from] move: Rapid Spin|[of] p2a: Iron Treads
|
|upkeep
|turn|14
|
|t:|1757828446
|move|p1a: Cinderace|Pyro Ball|p2a: Iron Treads
|-supereffective|p2a: Iron Treads
|-damage|p2a: Iron Treads|0 fnt
|faint|p2a: Iron Treads
|-end|p2a: Iron Treads|Quark Drive|[silent]
|
|upkeep
|
|t:|1757828457
|switch|p2a: Kingambit|Kingambit, F|100/100
|-activate|p2a: Kingambit|ability: Supreme Overlord
|-start|p2a: Kingambit|fallen3|[silent]
|turn|15
|
|t:|1757828463
|move|p2a: Kingambit|Sucker Punch||[still]
|-fail|p2a: Kingambit
|move|p1a: Cinderace|Will-O-Wisp|p2a: Kingambit
|-status|p2a: Kingambit|brn
|
|-damage|p2a: Kingambit|94/100 brn|[from] brn
|upkeep
|turn|16
|
|t:|1757828474
|move|p2a: Kingambit|Sucker Punch|p1a: Cinderace
|-damage|p1a: Cinderace|0 fnt
|faint|p1a: Cinderace
|
|-heal|p2a: Kingambit|100/100 brn|[from] item: Leftovers
|-damage|p2a: Kingambit|94/100 brn|[from] brn
|upkeep
|
|t:|1757828476
|switch|p1a: Psychopath|Malamar, F|100/100
|turn|17
|
|t:|1757828483
|move|p1a: Psychopath|Superpower|p2a: Kingambit
|-supereffective|p2a: Kingambit
|-damage|p2a: Kingambit|0 fnt
|-boost|p1a: Psychopath|atk|1
|-boost|p1a: Psychopath|def|1
|faint|p2a: Kingambit
|-end|p2a: Kingambit|fallen3|[silent]
|
|upkeep
|
|t:|1757828489
|switch|p2a: Clefable|Clefable, M|100/100
|turn|18
|
|t:|1757828498
|move|p1a: Psychopath|Psycho Cut|p2a: Clefable
|-damage|p2a: Clefable|76/100
|move|p2a: Clefable|Moonblast|p1a: Psychopath
|-supereffective|p1a: Psychopath
|-damage|p1a: Psychopath|13/100
|-enditem|p1a: Psychopath|Iapapa Berry|[eat]
|-heal|p1a: Psychopath|46/100|[from] item: Iapapa Berry
|
|-heal|p2a: Clefable|82/100|[from] item: Leftovers
|upkeep
|turn|19
|-message|Bbbbhg forfeited.
|
|win|Acauci
|raw|Bbbbhg's rating: 1289 &rarr; <strong>1263</strong><br />(-26 for losing)
|raw|Acauci's rating: 1272 &rarr; <strong>1298</strong><br />(+26 for winning)
|l|☆Bbbbhg
|player|p1|
|l|☆Acauci
|player|p2|
