|j|☆Papagayo32
|j|☆kwsjjdjwjshshsjsja
|t:|1757945748
|gametype|singles
|player|p1|Papagayo32|youngster-gen4dp|1407
|player|p2|kwsjjdjwjshshsjsja|red|1404
|gen|9
|tier|[Gen 9] OU
|rated|
|rule|HP Percentage Mod: HP is shown in percentages
|rule|Endless Battle Clause: Forcing endless battles is banned
|rule|Species Clause: Limit one of each Pokémon
|rule|OHKO Clause: OHKO moves are banned
|rule|Evasion Items Clause: Evasion items are banned
|rule|Evasion Moves Clause: Evasion moves are banned
|rule|Evasion Abilities Clause: Evasion abilities are banned
|rule|Sleep Moves Clause: Sleep-inducing moves are banned
|clearpoke
|poke|p1|Dragapult, F|
|poke|p1|Slowbro, M|
|poke|p1|Empoleon, F|
|poke|p1|Gliscor, F|
|poke|p1|Ting-Lu|
|poke|p1|Weezing-Galar, M|
|poke|p2|Typhlosion-Hisui, M|
|poke|p2|Skarmory, F|
|poke|p2|Slither Wing|
|poke|p2|Torkoal, F|
|poke|p2|Crawdaunt, F|
|poke|p2|Serperior, F|
|teampreview
|inactive|Battle timer is ON: inactive players will automatically lose when time's up. (requested by kwsjjdjwjshshsjsja)
|
|t:|1757945765
|teamsize|p1|6
|teamsize|p2|6
|start
|switch|p1a: Weezing|Weezing-Galar, M|100/100
|switch|p2a: Skarmory|Skarmory, F|100/100
|-ability|p1a: Weezing|Neutralizing Gas
|turn|1
|
|t:|1757945773
|move|p2a: Skarmory|Stealth Rock|p1a: Weezing
|-sidestart|p1: Papagayo32|move: Stealth Rock
|move|p1a: Weezing|Toxic Spikes|p2a: Skarmory
|-sidestart|p2: kwsjjdjwjshshsjsja|move: Toxic Spikes
|
|upkeep
|turn|2
|
|t:|1757945779
|move|p2a: Skarmory|Spikes|p1a: Weezing
|-sidestart|p1: Papagayo32|Spikes
|move|p1a: Weezing|Will-O-Wisp|p2a: Skarmory
|-status|p2a: Skarmory|brn
|
|-damage|p2a: Skarmory|95/100 brn|[from] brn
|upkeep
|turn|3
|
|t:|1757945787
|move|p2a: Skarmory|Spikes|p1a: Weezing
|-sidestart|p1: Papagayo32|Spikes
|move|p1a: Weezing|Defog|p2a: Skarmory
|-unboost|p2a: Skarmory|evasion|1
|-sideend|p2: kwsjjdjwjshshsjsja|Toxic Spikes|[from] move: Defog|[of] p1a: Weezing
|-sideend|p1: Papagayo32|Spikes|[from] move: Defog|[of] p1a: Weezing
|-sideend|p1: Papagayo32|Stealth Rock|[from] move: Defog|[of] p1a: Weezing
|
|-heal|p2a: Skarmory|100/100 brn|[from] item: Leftovers
|-damage|p2a: Skarmory|95/100 brn|[from] brn
|upkeep
|turn|4
|
|t:|1757945806
|move|p2a: Skarmory|Stealth Rock|p1a: Weezing
|-sidestart|p1: Papagayo32|move: Stealth Rock
|move|p1a: Weezing|Toxic Spikes|p2a: Skarmory
|-sidestart|p2: kwsjjdjwjshshsjsja|move: Toxic Spikes
|
|-heal|p2a: Skarmory|100/100 brn|[from] item: Leftovers
|-damage|p2a: Skarmory|95/100 brn|[from] brn
|upkeep
|turn|5
|
|t:|1757945828
|move|p2a: Skarmory|Spikes|p1a: Weezing
|-sidestart|p1: Papagayo32|Spikes
|move|p1a: Weezing|Strange Steam|p2a: Skarmory
|-resisted|p2a: Skarmory
|-damage|p2a: Skarmory|79/100 brn
|
|-heal|p2a: Skarmory|85/100 brn|[from] item: Leftovers
|-damage|p2a: Skarmory|79/100 brn|[from] brn
|upkeep
|turn|6
|inactive|kwsjjdjwjshshsjsja has 120 seconds left.
|
|t:|1757945851
|move|p2a: Skarmory|Spikes|p1a: Weezing
|-sidestart|p1: Papagayo32|Spikes
|move|p1a: Weezing|Defog|p2a: Skarmory
|-unboost|p2a: Skarmory|evasion|1
|-sideend|p2: kwsjjdjwjshshsjsja|Toxic Spikes|[from] move: Defog|[of] p1a: Weezing
|-sideend|p1: Papagayo32|Spikes|[from] move: Defog|[of] p1a: Weezing
|-sideend|p1: Papagayo32|Stealth Rock|[from] move: Defog|[of] p1a: Weezing
|
|-heal|p2a: Skarmory|85/100 brn|[from] item: Leftovers
|-damage|p2a: Skarmory|79/100 brn|[from] brn
|upkeep
|turn|7
|inactive|kwsjjdjwjshshsjsja has 120 seconds left.
|
|t:|1757945860
|move|p2a: Skarmory|Stealth Rock|p1a: Weezing
|-sidestart|p1: Papagayo32|move: Stealth Rock
|move|p1a: Weezing|Strange Steam|p2a: Skarmory
|-resisted|p2a: Skarmory
|-damage|p2a: Skarmory|62/100 brn
|
|-heal|p2a: Skarmory|68/100 brn|[from] item: Leftovers
|-damage|p2a: Skarmory|62/100 brn|[from] brn
|upkeep
|turn|8
|
|t:|1757945863
|move|p2a: Skarmory|Spikes|p1a: Weezing
|-sidestart|p1: Papagayo32|Spikes
|move|p1a: Weezing|Defog|p2a: Skarmory
|-unboost|p2a: Skarmory|evasion|1
|-sideend|p1: Papagayo32|Spikes|[from] move: Defog|[of] p1a: Weezing
|-sideend|p1: Papagayo32|Stealth Rock|[from] move: Defog|[of] p1a: Weezing
|
|-heal|p2a: Skarmory|68/100 brn|[from] item: Leftovers
|-damage|p2a: Skarmory|62/100 brn|[from] brn
|upkeep
|turn|9
|
|t:|1757945877
|switch|p2a: Slither Wing|Slither Wing|100/100
|move|p1a: Weezing|Strange Steam|p2a: Slither Wing
|-supereffective|p2a: Slither Wing
|-damage|p2a: Slither Wing|39/100
|
|upkeep
|turn|10
|
|t:|1757945882
|-end|p1a: Weezing|ability: Neutralizing Gas
|switch|p1a: Gliscor|Gliscor, F|100/100
|move|p2a: Slither Wing|High Horsepower|p1a: Gliscor
|-immune|p1a: Gliscor
|
|-status|p1a: Gliscor|tox|[from] item: Toxic Orb
|upkeep
|turn|11
|
|t:|1757945890
|-end|p2a: Slither Wing|Protosynthesis|[silent]
|switch|p2a: Torkoal|Torkoal, F|100/100
|-weather|SunnyDay|[from] ability: Drought|[of] p2a: Torkoal
|move|p1a: Gliscor|Earthquake|p2a: Torkoal
|-supereffective|p2a: Torkoal
|-damage|p2a: Torkoal|55/100
|
|-weather|SunnyDay|[upkeep]
|upkeep
|turn|12
|
|t:|1757945901
|switch|p1a: Slowbro|Slowbro, M|100/100
|switch|p2a: Serperior|Serperior, F|100/100
|
|-weather|SunnyDay|[upkeep]
|upkeep
|turn|13
|
|t:|1757945904
|switch|p1a: Weezing|Weezing-Galar, M|100/100
|-ability|p1a: Weezing|Neutralizing Gas
|move|p2a: Serperior|Leaf Storm|p1a: Weezing
|-resisted|p1a: Weezing
|-damage|p1a: Weezing|79/100
|-unboost|p2a: Serperior|spa|2
|
|-weather|SunnyDay|[upkeep]
|upkeep
|turn|14
|
|t:|1757945912
|switch|p2a: Typhlosion|Typhlosion-Hisui, M|100/100
|move|p1a: Weezing|Strange Steam|p2a: Typhlosion
|-resisted|p2a: Typhlosion
|-damage|p2a: Typhlosion|83/100
|
|-weather|SunnyDay|[upkeep]
|upkeep
|turn|15
|
|t:|1757945918
|-end|p1a: Weezing|ability: Neutralizing Gas
|-item|p1a: Weezing|Heavy-Duty Boots|[from] ability: Frisk|[of] p2a: Typhlosion
|switch|p1a: Ting-Lu|Ting-Lu|100/100
|-ability|p1a: Ting-Lu|Vessel of Ruin
|move|p2a: Typhlosion|Eruption|p1a: Ting-Lu
|-damage|p1a: Ting-Lu|60/100
|
|-weather|SunnyDay|[upkeep]
|-heal|p1a: Ting-Lu|66/100|[from] item: Leftovers
|upkeep
|turn|16
|
|t:|1757945927
|switch|p2a: Crawdaunt|Crawdaunt, F|100/100
|move|p1a: Ting-Lu|Earthquake|p2a: Crawdaunt
|-damage|p2a: Crawdaunt|49/100
|
|-weather|SunnyDay|[upkeep]
|-heal|p1a: Ting-Lu|72/100|[from] item: Leftovers
|upkeep
|turn|17
|
|t:|1757945933
|switch|p1a: Empoleon|Empoleon, F|100/100
|move|p2a: Crawdaunt|Dragon Dance|p2a: Crawdaunt
|-boost|p2a: Crawdaunt|atk|1
|-boost|p2a: Crawdaunt|spe|1
|
|-weather|SunnyDay|[upkeep]
|upkeep
|turn|18
|
|t:|1757945939
|move|p1a: Empoleon|Vacuum Wave|p2a: Crawdaunt
|-supereffective|p2a: Crawdaunt
|-damage|p2a: Crawdaunt|0 fnt
|faint|p2a: Crawdaunt
|
|-weather|none
|upkeep
|
|t:|1757945946
|switch|p2a: Serperior|Serperior, F|100/100
|turn|19
|
|t:|1757945955
|switch|p1a: Weezing|Weezing-Galar, M|79/100
|-ability|p1a: Weezing|Neutralizing Gas
|move|p2a: Serperior|Frenzy Plant|p1a: Weezing
|-resisted|p1a: Weezing
|-damage|p1a: Weezing|50/100
|-mustrecharge|p2a: Serperior
|
|upkeep
|turn|20
|
|t:|1757945959
|cant|p2a: Serperior|recharge
|move|p1a: Weezing|Toxic Spikes|p2a: Serperior
|-sidestart|p2: kwsjjdjwjshshsjsja|move: Toxic Spikes
|
|upkeep
|turn|21
|
|t:|1757945967
|move|p2a: Serperior|Frenzy Plant|p1a: Weezing
|-resisted|p1a: Weezing
|-damage|p1a: Weezing|24/100
|-mustrecharge|p2a: Serperior
|move|p1a: Weezing|Strange Steam|p2a: Serperior
|-damage|p2a: Serperior|65/100
|
|upkeep
|turn|22
|
|t:|1757945973
|-end|p1a: Weezing|ability: Neutralizing Gas
|switch|p1a: Dragapult|Dragapult, F|100/100
|cant|p2a: Serperior|recharge
|
|upkeep
|turn|23
|
|t:|1757945978
|switch|p2a: Torkoal|Torkoal, F|55/100
|-status|p2a: Torkoal|psn
|-weather|SunnyDay|[from] ability: Drought|[of] p2a: Torkoal
|move|p1a: Dragapult|Shadow Ball|p2a: Torkoal
|-damage|p2a: Torkoal|0 fnt
|faint|p2a: Torkoal
|
|-weather|SunnyDay|[upkeep]
|upkeep
|
|t:|1757945981
|switch|p2a: Slither Wing|Slither Wing|39/100
|-status|p2a: Slither Wing|psn
|-activate|p2a: Slither Wing|ability: Protosynthesis
|-start|p2a: Slither Wing|protosynthesisatk
|turn|24
|
|t:|1757945985
|move|p2a: Slither Wing|Flare Blitz|p1a: Dragapult
|-resisted|p1a: Dragapult
|-damage|p1a: Dragapult|35/100
|-damage|p2a: Slither Wing|17/100 psn|[from] Recoil
|move|p1a: Dragapult|Shadow Ball|p2a: Slither Wing
|-damage|p2a: Slither Wing|0 fnt
|faint|p2a: Slither Wing
|-end|p2a: Slither Wing|Protosynthesis|[silent]
|
|-weather|SunnyDay|[upkeep]
|upkeep
|
|t:|1757945991
|switch|p2a: Serperior|Serperior, F|65/100
|-status|p2a: Serperior|psn
|turn|25
|
|t:|1757945993
|move|p2a: Serperior|Leaf Storm|p1a: Dragapult
|-resisted|p1a: Dragapult
|-damage|p1a: Dragapult|1/100
|-boost|p2a: Serperior|spa|2
|move|p1a: Dragapult|Shadow Ball|p2a: Serperior
|-damage|p2a: Serperior|1/100 psn
|
|-weather|SunnyDay|[upkeep]
|-damage|p2a: Serperior|0 fnt|[from] psn
|faint|p2a: Serperior
|upkeep
|-message|kwsjjdjwjshshsjsja forfeited.
|
|win|Papagayo32
|raw|Papagayo32's rating: 1425 &rarr; <strong>1443</strong><br />(+18 for winning)
|raw|kwsjjdjwjshshsjsja's rating: 1387 &rarr; <strong>1369</strong><br />(-18 for losing)
|l|☆kwsjjdjwjshshsjsja
|player|p2|
