|j|☆HGalliumh
|j|☆tigerspace02
|t:|1757912268
|gametype|singles
|player|p1|HGalliumh|dawn|1559
|player|p2|tigerspace02|lance-gen1rb|1477
|gen|9
|tier|[Gen 9] OU
|rated|
|rule|HP Percentage Mod: HP is shown in percentages
|rule|Endless Battle Clause: Forcing endless battles is banned
|rule|Species Clause: Limit one of each Pokémon
|rule|OHKO Clause: OHKO moves are banned
|rule|Evasion Items Clause: Evasion items are banned
|rule|Evasion Moves Clause: Evasion moves are banned
|rule|Evasion Abilities Clause: Evasion abilities are banned
|rule|Sleep Moves Clause: Sleep-inducing moves are banned
|clearpoke
|poke|p1|Primarina, M|
|poke|p1|Alomomola, M|
|poke|p1|Great Tusk|
|poke|p1|Mandibuzz, F|
|poke|p1|Gholdengo|
|poke|p1|Ceruledge, M|
|poke|p2|Kyurem|
|poke|p2|Darkrai|
|poke|p2|Gholdengo|
|poke|p2|Greninja-*, M|
|poke|p2|Iron Valiant|
|poke|p2|Cinderace, F|
|teampreview
|inactive|Battle timer is ON: inactive players will automatically lose when time's up. (requested by HGalliumh)
|c|☆tigerspace02|glhf
|c|☆HGalliumh|gl
|
|t:|1757912291
|teamsize|p1|6
|teamsize|p2|6
|start
|switch|p1a: Primarina|Primarina, M|100/100
|switch|p2a: Kyurem|Kyurem|100/100
|-ability|p2a: Kyurem|Pressure
|turn|1
|
|t:|1757912299
|move|p2a: Kyurem|Dragon Dance|p2a: Kyurem
|-boost|p2a: Kyurem|atk|1
|-boost|p2a: Kyurem|spe|1
|move|p1a: Primarina|Moonblast|p2a: Kyurem
|-supereffective|p2a: Kyurem
|-damage|p2a: Kyurem|0 fnt
|faint|p2a: Kyurem
|
|upkeep
|
|t:|1757912310
|switch|p2a: Cinderace|Cinderace, F|100/100
|turn|2
|
|t:|1757912316
|switch|p1a: Alomomola|Alomomola, M|100/100
|move|p2a: Cinderace|Gunk Shot|p1a: Alomomola
|-start|p2a: Cinderace|typechange|Poison|[from] ability: Libero
|-damage|p1a: Alomomola|57/100
|
|upkeep
|turn|3
|
|t:|1757912332
|switch|p2a: Iron Valiant|Iron Valiant|100/100
|-enditem|p2a: Iron Valiant|Booster Energy
|-activate|p2a: Iron Valiant|ability: Quark Drive|[fromitem]
|-start|p2a: Iron Valiant|quarkdrivespe
|move|p1a: Alomomola|Flip Turn|p2a: Iron Valiant
|-damage|p2a: Iron Valiant|80/100
|
|t:|1757912343
|switch|p1a: Primarina|Primarina, M|100/100|[from] Flip Turn
|
|upkeep
|turn|4
|inactive|tigerspace02 has 120 seconds left.
|
|t:|1757912378
|move|p2a: Iron Valiant|Moonblast|p1a: Primarina
|-damage|p1a: Primarina|58/100
|move|p1a: Primarina|Surf|p2a: Iron Valiant
|-damage|p2a: Iron Valiant|0 fnt
|faint|p2a: Iron Valiant
|-end|p2a: Iron Valiant|Quark Drive|[silent]
|
|upkeep
|inactive|tigerspace02 has 120 seconds left.
|
|t:|1757912384
|switch|p2a: Darkrai|Darkrai|100/100
|turn|5
|inactive|tigerspace02 has 120 seconds left.
|
|t:|1757912413
|switch|p1a: Alomomola|Alomomola, M|90/100
|-terastallize|p2a: Darkrai|Poison
|move|p2a: Darkrai|Nasty Plot|p2a: Darkrai
|-boost|p2a: Darkrai|spa|2
|
|upkeep
|turn|6
|
|t:|1757912418
|move|p2a: Darkrai|Dark Pulse|p1a: Alomomola
|-damage|p1a: Alomomola|33/100
|-damage|p2a: Darkrai|91/100|[from] item: Life Orb
|move|p1a: Alomomola|Flip Turn|p2a: Darkrai
|-damage|p2a: Darkrai|68/100
|
|t:|1757912424
|switch|p1a: Gholdengo|Gholdengo|100/100|[from] Flip Turn
|
|upkeep
|turn|7
|
|t:|1757912429
|move|p1a: Gholdengo|Make It Rain|p2a: Darkrai
|-damage|p2a: Darkrai|0 fnt
|-unboost|p1a: Gholdengo|spa|1
|faint|p2a: Darkrai
|
|upkeep
|
|t:|1757912435
|switch|p2a: Cinderace|Cinderace, F|100/100
|turn|8
|
|t:|1757912443
|switch|p1a: Mandibuzz|Mandibuzz, F|100/100
|move|p2a: Cinderace|Pyro Ball|p1a: Mandibuzz
|-damage|p1a: Mandibuzz|66/100
|
|upkeep
|turn|9
|
|t:|1757912453
|switch|p2a: Gholdengo|Gholdengo|100/100
|move|p1a: Mandibuzz|U-turn|p2a: Gholdengo
|-resisted|p2a: Gholdengo
|-damage|p2a: Gholdengo|98/100
|inactive|HGalliumh has 120 seconds left.
|
|t:|1757912490
|switch|p1a: Gholdengo|Gholdengo|100/100|[from] U-turn
|
|upkeep
|turn|10
|inactive|HGalliumh has 120 seconds left.
|
|t:|1757912498
|move|p1a: Gholdengo|Shadow Ball|p2a: Gholdengo
|-supereffective|p2a: Gholdengo
|-damage|p2a: Gholdengo|16/100
|move|p2a: Gholdengo|Shadow Ball|p1a: Gholdengo
|-supereffective|p1a: Gholdengo
|-damage|p1a: Gholdengo|0 fnt
|faint|p1a: Gholdengo
|
|upkeep
|inactive|HGalliumh has 120 seconds left.
|
|t:|1757912505
|switch|p1a: Alomomola|Alomomola, M|66/100
|turn|11
|
|t:|1757912514
|move|p2a: Gholdengo|Shadow Ball|p1a: Alomomola
|-damage|p1a: Alomomola|42/100
|move|p1a: Alomomola|Flip Turn|p2a: Gholdengo
|-damage|p2a: Gholdengo|0 fnt
|faint|p2a: Gholdengo
|inactive|HGalliumh has 120 seconds left.
|
|t:|1757912558
|switch|p1a: Primarina|Primarina, M|58/100|[from] Flip Turn
|
|upkeep
|
|t:|1757912565
|switch|p2a: Greninja|Greninja, M|100/100
|turn|12
|
|t:|1757912573
|move|p2a: Greninja|Gunk Shot|p1a: Primarina
|-supereffective|p1a: Primarina
|-damage|p1a: Primarina|0 fnt
|faint|p1a: Primarina
|-ability|p2a: Greninja|Battle Bond|boost
|-boost|p2a: Greninja|atk|1
|-boost|p2a: Greninja|spa|1
|-boost|p2a: Greninja|spe|1
|-activate|p2a: Greninja|ability: Battle Bond
|-damage|p2a: Greninja|91/100|[from] item: Life Orb
|
|upkeep
|
|t:|1757912586
|switch|p1a: Mandibuzz|Mandibuzz, F|66/100
|turn|13
|
|t:|1757912589
|move|p2a: Greninja|Surf|p1a: Mandibuzz
|-damage|p1a: Mandibuzz|0 fnt
|faint|p1a: Mandibuzz
|-damage|p2a: Greninja|81/100|[from] item: Life Orb
|
|upkeep
|
|t:|1757912597
|switch|p1a: Ceruledge|Ceruledge, M|100/100
|turn|14
|
|t:|1757912608
|-terastallize|p1a: Ceruledge|Bug
|move|p2a: Greninja|Dark Pulse|p1a: Ceruledge
|-damage|p1a: Ceruledge|43/100
|-damage|p2a: Greninja|71/100|[from] item: Life Orb
|move|p1a: Ceruledge|Bulk Up|p1a: Ceruledge
|-boost|p1a: Ceruledge|atk|1
|-boost|p1a: Ceruledge|def|1
|
|upkeep
|turn|15
|inactive|HGalliumh has 120 seconds left.
|
|t:|1757912622
|move|p1a: Ceruledge|Shadow Sneak|p2a: Greninja
|-resisted|p2a: Greninja
|-damage|p2a: Greninja|47/100
|move|p2a: Greninja|Surf|p1a: Ceruledge
|-damage|p1a: Ceruledge|0 fnt
|faint|p1a: Ceruledge
|-damage|p2a: Greninja|37/100|[from] item: Life Orb
|
|upkeep
|
|t:|1757912625
|switch|p1a: Alomomola|Alomomola, M|76/100
|turn|16
|
|t:|1757912631
|move|p2a: Greninja|Dark Pulse|p1a: Alomomola
|-damage|p1a: Alomomola|42/100
|-damage|p2a: Greninja|27/100|[from] item: Life Orb
|move|p1a: Alomomola|Play Rough|p2a: Greninja
|-supereffective|p2a: Greninja
|-crit|p2a: Greninja
|-damage|p2a: Greninja|0 fnt
|faint|p2a: Greninja
|
|upkeep
|
|t:|1757912637
|switch|p2a: Cinderace|Cinderace, F|100/100
|turn|17
|
|t:|1757912647
|move|p2a: Cinderace|High Jump Kick|p1a: Alomomola
|-start|p2a: Cinderace|typechange|Fighting|[from] ability: Libero
|-damage|p1a: Alomomola|0 fnt
|faint|p1a: Alomomola
|
|upkeep
|
|t:|1757912651
|switch|p1a: Great Tusk|Great Tusk|100/100
|turn|18
|
|t:|1757912659
|move|p2a: Cinderace|High Jump Kick|p1a: Great Tusk
|-damage|p1a: Great Tusk|54/100
|move|p1a: Great Tusk|Rapid Spin|p2a: Cinderace
|-damage|p2a: Cinderace|76/100
|-boost|p1a: Great Tusk|spe|1
|
|upkeep
|turn|19
|
|t:|1757912664
|move|p2a: Cinderace|High Jump Kick|p1a: Great Tusk
|-damage|p1a: Great Tusk|9/100
|move|p1a: Great Tusk|Headlong Rush|p2a: Cinderace
|-damage|p2a: Cinderace|0 fnt
|-unboost|p1a: Great Tusk|def|1
|-unboost|p1a: Great Tusk|spd|1
|faint|p2a: Cinderace
|
|win|HGalliumh
|raw|HGalliumh's rating: 1559 &rarr; <strong>1574</strong><br />(+15 for winning)
|raw|tigerspace02's rating: 1477 &rarr; <strong>1462</strong><br />(-15 for losing)
|l|☆HGalliumh
|player|p1|
|l|☆tigerspace02
|player|p2|
