|j|☆sminey
|j|☆BeachLeak
|t:|1757823488
|gametype|singles
|player|p1|sminey|170|1563
|player|p2|BeachLeak|archer|1577
|gen|9
|tier|[Gen 9] OU
|rated|
|rule|HP Percentage Mod: HP is shown in percentages
|rule|Endless Battle Clause: Forcing endless battles is banned
|rule|Species Clause: Limit one of each Pokémon
|rule|OHKO Clause: OHKO moves are banned
|rule|Evasion Items Clause: Evasion items are banned
|rule|Evasion Moves Clause: Evasion moves are banned
|rule|Evasion Abilities Clause: Evasion abilities are banned
|rule|Sleep Moves Clause: Sleep-inducing moves are banned
|clearpoke
|poke|p1|Latios, M|
|poke|p1|Cinderace, M|
|poke|p1|Weavile, M|
|poke|p1|Zapdos|
|poke|p1|Clefable, F|
|poke|p1|Slowking-Galar, F|
|poke|p2|Salamence, M|
|poke|p2|Tyranitar, M|
|poke|p2|Excadrill, M|
|poke|p2|Iron Crown|
|poke|p2|Azumarill, F|
|poke|p2|Zamazenta-*|
|teampreview
|inactive|Battle timer is ON: inactive players will automatically lose when time's up. (requested by sminey)
|
|t:|1757823498
|teamsize|p1|6
|teamsize|p2|6
|start
|switch|p1a: Cinderace|Cinderace, M|100/100
|switch|p2a: Sherbet|Salamence, M, shiny|100/100
|-ability|p2a: Sherbet|Intimidate|boost
|-unboost|p1a: Cinderace|atk|1
|turn|1
|
|t:|1757823504
|move|p1a: Cinderace|U-turn|p2a: Sherbet
|-start|p1a: Cinderace|typechange|Bug|[from] ability: Libero
|-resisted|p2a: Sherbet
|-damage|p2a: Sherbet|88/100
|
|t:|1757823506
|switch|p1a: Clefable|Clefable, F|100/100|[from] U-turn
|move|p2a: Sherbet|Hydro Pump|p1a: Clefable
|-damage|p1a: Clefable|54/100
|
|upkeep
|turn|2
|
|t:|1757823514
|move|p2a: Sherbet|Hydro Pump|p1a: Clefable|[miss]
|-miss|p2a: Sherbet|p1a: Clefable
|move|p1a: Clefable|Moonlight|p1a: Clefable
|-heal|p1a: Clefable|100/100
|
|upkeep
|turn|3
|
|t:|1757823519
|switch|p2a: Excadrill|Excadrill, M|100/100
|-item|p2a: Excadrill|Air Balloon
|move|p1a: Clefable|Moonblast|p2a: Excadrill
|-resisted|p2a: Excadrill
|-damage|p2a: Excadrill|80/100
|-enditem|p2a: Excadrill|Air Balloon
|
|upkeep
|turn|4
|
|t:|1757823527
|switch|p2a: Tyranitar|Tyranitar, M, shiny|100/100
|-weather|Sandstorm|[from] ability: Sand Stream|[of] p2a: Tyranitar
|switch|p1a: Zapdos|Zapdos|100/100
|
|-weather|Sandstorm|[upkeep]
|-damage|p1a: Zapdos|94/100|[from] Sandstorm
|upkeep
|turn|5
|
|t:|1757823534
|move|p1a: Zapdos|Thunder Wave|p2a: Tyranitar
|-status|p2a: Tyranitar|par
|move|p2a: Tyranitar|Stone Edge|p1a: Zapdos
|-supereffective|p1a: Zapdos
|-damage|p1a: Zapdos|0 fnt
|faint|p1a: Zapdos
|
|-weather|Sandstorm|[upkeep]
|upkeep
|
|t:|1757823542
|switch|p1a: Cinderace|Cinderace, M|100/100
|turn|6
|
|t:|1757823545
|move|p1a: Cinderace|U-turn|p2a: Tyranitar
|-start|p1a: Cinderace|typechange|Bug|[from] ability: Libero
|-supereffective|p2a: Tyranitar
|-damage|p2a: Tyranitar|36/100 par
|
|t:|1757823549
|switch|p1a: Clefable|Clefable, F|100/100|[from] U-turn
|move|p2a: Tyranitar|Stone Edge|p1a: Clefable
|-crit|p1a: Clefable
|-damage|p1a: Clefable|0 fnt
|faint|p1a: Clefable
|
|-weather|Sandstorm|[upkeep]
|upkeep
|
|t:|1757823553
|switch|p1a: Cinderace|Cinderace, M|100/100
|turn|7
|
|t:|1757823556
|switch|p2a: Sherbet|Salamence, M, shiny|88/100
|-ability|p2a: Sherbet|Intimidate|boost
|-unboost|p1a: Cinderace|atk|1
|move|p1a: Cinderace|U-turn|p2a: Sherbet
|-start|p1a: Cinderace|typechange|Bug|[from] ability: Libero
|-resisted|p2a: Sherbet
|-damage|p2a: Sherbet|73/100
|
|t:|1757823558
|switch|p1a: Weavile|Weavile, M|100/100|[from] U-turn
|-ability|p1a: Weavile|Pressure
|
|-weather|Sandstorm|[upkeep]
|-damage|p1a: Weavile|94/100|[from] Sandstorm
|-damage|p2a: Sherbet|67/100|[from] Sandstorm
|upkeep
|turn|8
|
|t:|1757823566
|-terastallize|p2a: Sherbet|Fire
|move|p1a: Weavile|Triple Axel|p2a: Sherbet
|-resisted|p2a: Sherbet
|-damage|p2a: Sherbet|61/100
|-resisted|p2a: Sherbet
|-damage|p2a: Sherbet|49/100
|-resisted|p2a: Sherbet
|-damage|p2a: Sherbet|29/100
|-hitcount|p2a: Sherbet|3
|move|p2a: Sherbet|Fire Blast|p1a: Weavile
|-supereffective|p1a: Weavile
|-damage|p1a: Weavile|0 fnt
|faint|p1a: Weavile
|
|-weather|none
|upkeep
|
|t:|1757823570
|switch|p1a: Latios|Latios, M|100/100
|turn|9
|j| LuLuNaNaRaRa
|
|t:|1757823573
|move|p1a: Latios|Flip Turn|p2a: Sherbet
|-supereffective|p2a: Sherbet
|-damage|p2a: Sherbet|2/100
|
|t:|1757823577
|switch|p1a: Slowking|Slowking-Galar, F|100/100|[from] Flip Turn
|move|p2a: Sherbet|Fire Blast|p1a: Slowking|[miss]
|-miss|p2a: Sherbet|p1a: Slowking
|
|upkeep
|turn|10
|
|t:|1757823589
|switch|p2a: Tyranitar|Tyranitar, M, shiny|36/100 par
|-weather|Sandstorm|[from] ability: Sand Stream|[of] p2a: Tyranitar
|move|p1a: Slowking|Ice Beam|p2a: Tyranitar
|-damage|p2a: Tyranitar|20/100 par
|
|-weather|Sandstorm|[upkeep]
|-damage|p1a: Slowking|94/100|[from] Sandstorm
|upkeep
|turn|11
|
|t:|1757823594
|cant|p2a: Tyranitar|par
|move|p1a: Slowking|Ice Beam|p2a: Tyranitar
|-damage|p2a: Tyranitar|5/100 par
|
|-weather|Sandstorm|[upkeep]
|-damage|p1a: Slowking|88/100|[from] Sandstorm
|upkeep
|turn|12
|
|t:|1757823597
|cant|p2a: Tyranitar|par
|move|p1a: Slowking|Ice Beam|p2a: Tyranitar
|-damage|p2a: Tyranitar|0 fnt
|faint|p2a: Tyranitar
|
|-weather|Sandstorm|[upkeep]
|-damage|p1a: Slowking|82/100|[from] Sandstorm
|upkeep
|
|t:|1757823600
|switch|p2a: Excadrill|Excadrill, M|80/100
|turn|13
|
|t:|1757823605
|move|p2a: Excadrill|Iron Head|p1a: Slowking
|-damage|p1a: Slowking|37/100
|cant|p1a: Slowking|flinch
|
|-weather|Sandstorm|[upkeep]
|-damage|p1a: Slowking|31/100|[from] Sandstorm
|upkeep
|turn|14
|
|t:|1757823614
|switch|p1a: Latios|Latios, M|100/100
|move|p2a: Excadrill|Iron Head|p1a: Latios
|-damage|p1a: Latios|38/100
|
|-weather|none
|upkeep
|turn|15
|
|t:|1757823622
|switch|p2a: Sherbet|Salamence, M, shiny, tera:Fire|2/100
|-ability|p2a: Sherbet|Intimidate|boost
|-unboost|p1a: Latios|atk|1
|move|p1a: Latios|Flip Turn|p2a: Sherbet
|-supereffective|p2a: Sherbet
|-damage|p2a: Sherbet|0 fnt
|faint|p2a: Sherbet
|
|t:|1757823624
|switch|p1a: Cinderace|Cinderace, M|100/100|[from] Flip Turn
|
|upkeep
|
|t:|1757823628
|switch|p2a: Zamazenta|Zamazenta|100/100
|-ability|p2a: Zamazenta|Dauntless Shield|boost
|-boost|p2a: Zamazenta|def|1
|turn|16
|
|t:|1757823633
|switch|p1a: Slowking|Slowking-Galar, F|64/100
|move|p2a: Zamazenta|Stone Edge|p1a: Slowking
|-crit|p1a: Slowking
|-damage|p1a: Slowking|0 fnt
|faint|p1a: Slowking
|-damage|p2a: Zamazenta|91/100|[from] item: Life Orb
|
|upkeep
|
|t:|1757823641
|switch|p1a: Latios|Latios, M|38/100
|turn|17
|
|t:|1757823644
|switch|p2a: Azumarill|Azumarill, F, shiny|100/100
|move|p1a: Latios|Luster Purge|p2a: Azumarill
|-damage|p2a: Azumarill|48/100
|-enditem|p2a: Azumarill|Sitrus Berry|[eat]
|-heal|p2a: Azumarill|73/100|[from] item: Sitrus Berry
|
|upkeep
|turn|18
|
|t:|1757823654
|switch|p1a: Cinderace|Cinderace, M|100/100
|switch|p2a: Iron Crown|Iron Crown|100/100
|
|upkeep
|turn|19
|
|t:|1757823659
|move|p2a: Iron Crown|Volt Switch|p1a: Cinderace
|-damage|p1a: Cinderace|69/100
|
|t:|1757823662
|-end|p2a: Iron Crown|Quark Drive|[silent]
|switch|p2a: Azumarill|Azumarill, F, shiny|73/100|[from] Volt Switch
|move|p1a: Cinderace|Pyro Ball|p2a: Azumarill
|-resisted|p2a: Azumarill
|-damage|p2a: Azumarill|39/100
|
|upkeep
|turn|20
|
|t:|1757823670
|-terastallize|p1a: Cinderace|Fire
|move|p2a: Azumarill|Aqua Jet|p1a: Cinderace
|-supereffective|p1a: Cinderace
|-damage|p1a: Cinderace|0 fnt
|faint|p1a: Cinderace
|
|upkeep
|
|t:|1757823673
|switch|p1a: Latios|Latios, M|38/100
|turn|21
|-message|sminey forfeited.
|
|win|BeachLeak
|raw|sminey's rating: 1563 &rarr; <strong>1544</strong><br />(-19 for losing)
|raw|BeachLeak's rating: 1577 &rarr; <strong>1596</strong><br />(+19 for winning)
|l|☆sminey
|player|p1|
|l|☆BeachLeak
|player|p2|
|l| LuLuNaNaRaRa
