|inactive|Battle timer is ON: inactive players will automatically lose when time's up.
|t:|1757859291
|gametype|singles
|player|p1|TDNT|#ptplvjirachis|
|player|p2|stareal|#scl5foxes|
|gen|9
|tier|[Gen 9] OU
|rule|HP Percentage Mod: HP is shown in percentages
|rule|Endless Battle Clause: Forcing endless battles is banned
|rule|Species Clause: Limit one of each Pokémon
|rule|OHKO Clause: OHKO moves are banned
|rule|Evasion Items Clause: Evasion items are banned
|rule|Evasion Moves Clause: Evasion moves are banned
|rule|Evasion Abilities Clause: Evasion abilities are banned
|rule|Sleep Moves Clause: Sleep-inducing moves are banned
|clearpoke
|poke|p1|Kyurem|
|poke|p1|Ogerpon-Wellspring, F|
|poke|p1|Iron Valiant|
|poke|p1|Kingambit, F|
|poke|p1|Pecharunt|
|poke|p1|Landorus-Therian, M|
|poke|p2|Alomomola, F|
|poke|p2|Landorus-Therian, M|
|poke|p2|Ogerpon, F|
|poke|p2|Gholdengo|
|poke|p2|Zamazenta-*|
|poke|p2|Glimmora, M|
|teampreview
|c|☆stareal|hf
|c|+toinha♫♪|VAI TDNT
|inactive|TDNT has 270 seconds left.
|inactive|stareal has 270 seconds left.
|c|+PLAGUE|Agr é olt ne
|c|☆TDNT|u2
|inactive|TDNT has 240 seconds left.
|inactive|stareal has 240 seconds left.
|inactive|TDNT has 210 seconds left.
|inactive|stareal has 210 seconds left.
|inactive|TDNT has 180 seconds left.
|c|+ASKOV|ptpl
|
|t:|1757859431
|teamsize|p1|6
|teamsize|p2|6
|start
|switch|p1a: Kyurem|Kyurem|100/100
|switch|p2a: Gholdengo|Gholdengo|100/100
|-ability|p1a: Kyurem|Pressure
|-item|p2a: Gholdengo|Air Balloon
|turn|1
|
|t:|1757859447
|switch|p1a: Kingambit|Kingambit, F|100/100
|move|p2a: Gholdengo|Shadow Ball|p1a: Kingambit
|-resisted|p1a: Kingambit
|-damage|p1a: Kingambit|83/100
|
|-heal|p1a: Kingambit|89/100|[from] item: Leftovers
|upkeep
|turn|2
|
|t:|1757859456
|-end|p1a: Kingambit|fallenundefined|[silent]
|switch|p1a: Kyurem|Kyurem|100/100
|-ability|p1a: Kyurem|Pressure
|move|p2a: Gholdengo|Make It Rain|p1a: Kyurem
|-supereffective|p1a: Kyurem
|-damage|p1a: Kyurem|0 fnt
|-unboost|p2a: Gholdengo|spa|1
|faint|p1a: Kyurem
|
|upkeep
|
|t:|1757859461
|switch|p1a: Landorus|Landorus-Therian, M|100/100
|-ability|p1a: Landorus|Intimidate|boost
|-unboost|p2a: Gholdengo|atk|1
|turn|3
|
|t:|1757859464
|switch|p2a: Landorus|Landorus-Therian, M|100/100
|-ability|p2a: Landorus|Intimidate|boost
|-unboost|p1a: Landorus|atk|1
|move|p1a: Landorus|Stealth Rock|p2a: Landorus
|-sidestart|p2: stareal|move: Stealth Rock
|
|upkeep
|turn|4
|
|t:|1757859466
|move|p1a: Landorus|Taunt|p2a: Landorus
|-start|p2a: Landorus|move: Taunt
|cant|p2a: Landorus|move: Taunt|Stealth Rock
|
|upkeep
|turn|5
|
|t:|1757859478
|move|p2a: Landorus|Earth Power|p1a: Landorus
|-immune|p1a: Landorus
|move|p1a: Landorus|U-turn|p2a: Landorus
|-resisted|p2a: Landorus
|-crit|p2a: Landorus
|-damage|p2a: Landorus|84/100
|-damage|p1a: Landorus|84/100|[from] item: Rocky Helmet|[of] p2a: Landorus
|
|t:|1757859497
|switch|p1a: Ogerpon|Ogerpon-Wellspring, F|100/100|[from] U-turn
|
|upkeep
|turn|6
|
|t:|1757859502
|switch|p2a: Ogerpon|Ogerpon, F|100/100
|move|p1a: Ogerpon|Ivy Cudgel|p2a: Ogerpon|[anim] Ivy Cudgel Water
|-resisted|p2a: Ogerpon
|-crit|p2a: Ogerpon
|-damage|p2a: Ogerpon|34/100
|
|upkeep
|turn|7
|
|t:|1757859514
|switch|p1a: Pecharunt|Pecharunt|100/100
|-terastallize|p2a: Ogerpon|Grass
|detailschange|p2a: Ogerpon|Ogerpon-Teal-Tera, F, tera:Grass
|-ability|p2a: Ogerpon|Embody Aspect (Teal)|boost
|-boost|p2a: Ogerpon|spe|1
|move|p2a: Ogerpon|U-turn|p1a: Pecharunt
|-resisted|p1a: Pecharunt
|-damage|p1a: Pecharunt|98/100
|
|t:|1757859516
|switch|p2a: Landorus|Landorus-Therian, M|84/100|[from] U-turn
|-damage|p2a: Landorus|72/100|[from] Stealth Rock
|-ability|p2a: Landorus|Intimidate|boost
|-unboost|p1a: Pecharunt|atk|1
|
|upkeep
|turn|8
|inactive|TDNT has 270 seconds left.
|
|t:|1757859534
|move|p2a: Landorus|Stealth Rock|p1a: Pecharunt
|-sidestart|p1: TDNT|move: Stealth Rock
|move|p1a: Pecharunt|Parting Shot|p2a: Landorus
|-unboost|p2a: Landorus|atk|1
|-unboost|p2a: Landorus|spa|1
|
|t:|1757859536
|switch|p1a: Ogerpon|Ogerpon-Wellspring, F|100/100|[from] Parting Shot
|-damage|p1a: Ogerpon|88/100|[from] Stealth Rock
|
|upkeep
|turn|9
|inactive|stareal has 270 seconds left.
|
|t:|1757859596
|switch|p2a: Gholdengo|Gholdengo|100/100
|-damage|p2a: Gholdengo|94/100|[from] Stealth Rock
|-item|p2a: Gholdengo|Air Balloon
|move|p1a: Ogerpon|Ivy Cudgel|p2a: Gholdengo|[anim] Ivy Cudgel Water
|-damage|p2a: Gholdengo|50/100
|-enditem|p2a: Gholdengo|Air Balloon
|
|upkeep
|turn|10
|inactive|TDNT has 270 seconds left.
|
|t:|1757859628
|switch|p1a: Kingambit|Kingambit, F|89/100
|-damage|p1a: Kingambit|83/100|[from] Stealth Rock
|-activate|p1a: Kingambit|ability: Supreme Overlord
|-start|p1a: Kingambit|fallen1|[silent]
|move|p2a: Gholdengo|Shadow Ball|p1a: Kingambit
|-resisted|p1a: Kingambit
|-damage|p1a: Kingambit|65/100
|-unboost|p1a: Kingambit|spd|1
|
|-heal|p1a: Kingambit|71/100|[from] item: Leftovers
|upkeep
|turn|11
|inactive|TDNT has 240 seconds left.
|inactive|stareal has 240 seconds left.
|inactive|TDNT has 210 seconds left.
|
|t:|1757859691
|move|p2a: Gholdengo|Shadow Ball|p1a: Kingambit
|-resisted|p1a: Kingambit
|-damage|p1a: Kingambit|45/100
|-unboost|p1a: Kingambit|spd|1
|move|p1a: Kingambit|Kowtow Cleave|p2a: Gholdengo
|-supereffective|p2a: Gholdengo
|-damage|p2a: Gholdengo|0 fnt
|faint|p2a: Gholdengo
|
|-heal|p1a: Kingambit|51/100|[from] item: Leftovers
|upkeep
|
|t:|1757859693
|switch|p2a: Glimmora|Glimmora, M|100/100
|-damage|p2a: Glimmora|88/100|[from] Stealth Rock
|turn|12
|inactive|TDNT has 210 seconds left.
|
|t:|1757859709
|move|p1a: Kingambit|Sucker Punch|p2a: Glimmora
|-damage|p2a: Glimmora|31/100
|-activate|p2a: Glimmora|ability: Toxic Debris
|-sidestart|p1: TDNT|move: Toxic Spikes
|move|p2a: Glimmora|Meteor Beam||[still]
|-prepare|p2a: Glimmora|Meteor Beam
|-boost|p2a: Glimmora|spa|1
|-enditem|p2a: Glimmora|Power Herb
|-anim|p2a: Glimmora|Meteor Beam|p1a: Kingambit
|-resisted|p1a: Kingambit
|-damage|p1a: Kingambit|0 fnt
|faint|p1a: Kingambit
|-end|p1a: Kingambit|fallen1|[silent]
|
|upkeep
|
|t:|1757859719
|switch|p1a: Landorus|Landorus-Therian, M|84/100
|-damage|p1a: Landorus|72/100|[from] Stealth Rock
|-ability|p1a: Landorus|Intimidate|boost
|-unboost|p2a: Glimmora|atk|1
|turn|13
|
|t:|1757859723
|switch|p2a: Alomomola|Alomomola, F|100/100
|-damage|p2a: Alomomola|88/100|[from] Stealth Rock
|move|p1a: Landorus|Earthquake|p2a: Alomomola
|-damage|p2a: Alomomola|54/100
|
|upkeep
|turn|14
|
|t:|1757859731
|move|p1a: Landorus|U-turn|p2a: Alomomola
|-damage|p2a: Alomomola|39/100
|
|t:|1757859733
|switch|p1a: Pecharunt|Pecharunt|98/100|[from] U-turn
|-sideend|p1: TDNT|move: Toxic Spikes|[of] p1a: Pecharunt
|move|p2a: Alomomola|Flip Turn|p1a: Pecharunt
|-damage|p1a: Pecharunt|90/100
|
|t:|1757859739
|switch|p2a: Glimmora|Glimmora, M|31/100|[from] Flip Turn
|-damage|p2a: Glimmora|19/100|[from] Stealth Rock
|
|upkeep
|turn|15
|
|t:|1757859746
|switch|p1a: Landorus|Landorus-Therian, M|72/100
|-damage|p1a: Landorus|59/100|[from] Stealth Rock
|-ability|p1a: Landorus|Intimidate|boost
|-unboost|p2a: Glimmora|atk|1
|move|p2a: Glimmora|Spikes|p1a: Landorus
|-sidestart|p1: TDNT|Spikes
|
|upkeep
|turn|16
|inactive|TDNT has 240 seconds left.
|
|t:|1757859756
|move|p1a: Landorus|Earthquake|p2a: Glimmora
|-supereffective|p2a: Glimmora
|-damage|p2a: Glimmora|0 fnt
|-activate|p2a: Glimmora|ability: Toxic Debris
|-sidestart|p1: TDNT|move: Toxic Spikes
|faint|p2a: Glimmora
|
|upkeep
|
|t:|1757859765
|switch|p2a: Ogerpon|Ogerpon-Teal-Tera, F, tera:Grass|34/100
|-ability|p2a: Ogerpon|Embody Aspect (Teal)|boost
|-boost|p2a: Ogerpon|spe|1
|turn|17
|
|t:|1757859772
|switch|p1a: Pecharunt|Pecharunt|90/100
|-sideend|p1: TDNT|move: Toxic Spikes|[of] p1a: Pecharunt
|move|p2a: Ogerpon|Ivy Cudgel|p1a: Pecharunt
|-resisted|p1a: Pecharunt
|-damage|p1a: Pecharunt|74/100
|
|upkeep
|turn|18
|
|t:|1757859777
|move|p2a: Ogerpon|Knock Off|p1a: Pecharunt
|-supereffective|p1a: Pecharunt
|-damage|p1a: Pecharunt|46/100
|-enditem|p1a: Pecharunt|Heavy-Duty Boots|[from] move: Knock Off|[of] p2a: Ogerpon
|move|p1a: Pecharunt|Malignant Chain|p2a: Ogerpon
|-supereffective|p2a: Ogerpon
|-damage|p2a: Ogerpon|0 fnt
|faint|p2a: Ogerpon
|detailschange|p2: Ogerpon|Ogerpon, F|[silent]
|
|upkeep
|
|t:|1757859782
|switch|p2a: Landorus|Landorus-Therian, M|72/100
|-damage|p2a: Landorus|59/100|[from] Stealth Rock
|-ability|p2a: Landorus|Intimidate|boost
|-unboost|p1a: Pecharunt|atk|1
|turn|19
|inactive|TDNT has 270 seconds left.
|
|t:|1757859803
|switch|p1a: Landorus|Landorus-Therian, M|59/100
|-damage|p1a: Landorus|47/100|[from] Stealth Rock
|-ability|p1a: Landorus|Intimidate|boost
|-unboost|p2a: Landorus|atk|1
|move|p2a: Landorus|Earth Power|p1a: Landorus
|-immune|p1a: Landorus
|
|upkeep
|turn|20
|
|t:|1757859812
|move|p2a: Landorus|Earth Power|p1a: Landorus
|-immune|p1a: Landorus
|move|p1a: Landorus|Earthquake|p2a: Landorus
|-immune|p2a: Landorus
|
|upkeep
|turn|21
|
|t:|1757859817
|move|p2a: Landorus|Taunt|p1a: Landorus
|-start|p1a: Landorus|move: Taunt
|move|p1a: Landorus|Earthquake|p2a: Landorus
|-immune|p2a: Landorus
|
|upkeep
|turn|22
|
|t:|1757859821
|move|p2a: Landorus|Earth Power|p1a: Landorus
|-immune|p1a: Landorus
|move|p1a: Landorus|Earthquake|p2a: Landorus
|-immune|p2a: Landorus
|
|upkeep
|turn|23
|
|t:|1757859824
|move|p2a: Landorus|Stealth Rock||[still]
|-fail|p2a: Landorus
|move|p1a: Landorus|U-turn|p2a: Landorus
|-resisted|p2a: Landorus
|-damage|p2a: Landorus|48/100
|-damage|p1a: Landorus|30/100|[from] item: Rocky Helmet|[of] p2a: Landorus
|c|+toinha♫♪|sv ou moment
|
|t:|1757859838
|switch|p1a: Ogerpon|Ogerpon-Wellspring, F|88/100|[from] U-turn
|-damage|p1a: Ogerpon|76/100|[from] Stealth Rock
|-damage|p1a: Ogerpon|64/100|[from] Spikes
|
|upkeep
|turn|24
|
|t:|1757859843
|switch|p2a: Zamazenta|Zamazenta|100/100
|-damage|p2a: Zamazenta|94/100|[from] Stealth Rock
|-ability|p2a: Zamazenta|Dauntless Shield|boost
|-boost|p2a: Zamazenta|def|1
|move|p1a: Ogerpon|Ivy Cudgel|p2a: Zamazenta|[anim] Ivy Cudgel Water
|-damage|p2a: Zamazenta|51/100
|
|upkeep
|turn|25
|
|t:|1757859867
|switch|p1a: Landorus|Landorus-Therian, M|30/100
|-damage|p1a: Landorus|18/100|[from] Stealth Rock
|-ability|p1a: Landorus|Intimidate|boost
|-unboost|p2a: Zamazenta|atk|1
|move|p2a: Zamazenta|Close Combat|p1a: Landorus
|-resisted|p1a: Landorus
|-damage|p1a: Landorus|0 fnt
|-unboost|p2a: Zamazenta|def|1
|-unboost|p2a: Zamazenta|spd|1
|-damage|p2a: Zamazenta|34/100|[from] item: Rocky Helmet|[of] p1a: Landorus
|faint|p1a: Landorus
|
|upkeep
|inactive|TDNT has 270 seconds left.
|inactive|TDNT has 240 seconds left.
|
|t:|1757859935
|switch|p1a: Iron Valiant|Iron Valiant|100/100
|-damage|p1a: Iron Valiant|94/100|[from] Stealth Rock
|-damage|p1a: Iron Valiant|82/100|[from] Spikes
|-enditem|p1a: Iron Valiant|Booster Energy
|-activate|p1a: Iron Valiant|ability: Quark Drive|[fromitem]
|-start|p1a: Iron Valiant|quarkdrivespe
|turn|26
|
|t:|1757859939
|switch|p2a: Alomomola|Alomomola, F|72/100
|-damage|p2a: Alomomola|60/100|[from] Stealth Rock
|move|p1a: Iron Valiant|Moonblast|p2a: Alomomola
|-damage|p2a: Alomomola|35/100
|
|upkeep
|turn|27
|
|t:|1757859946
|-terastallize|p1a: Iron Valiant|Ghost
|move|p1a: Iron Valiant|Calm Mind|p1a: Iron Valiant
|-boost|p1a: Iron Valiant|spa|1
|-boost|p1a: Iron Valiant|spd|1
|move|p2a: Alomomola|Body Slam|p1a: Iron Valiant
|-immune|p1a: Iron Valiant
|
|upkeep
|turn|28
|inactive|TDNT has 240 seconds left.
|
|t:|1757859968
|move|p1a: Iron Valiant|Calm Mind|p1a: Iron Valiant
|-boost|p1a: Iron Valiant|spa|1
|-boost|p1a: Iron Valiant|spd|1
|move|p2a: Alomomola|Mirror Coat||[still]
|-fail|p2a: Alomomola
|
|upkeep
|turn|29
|
|t:|1757859970
|move|p1a: Iron Valiant|Moonblast|p2a: Alomomola
|-damage|p2a: Alomomola|0 fnt
|faint|p2a: Alomomola
|
|upkeep
|c|☆stareal|gg
|c|☆TDNT|gg
|-message|stareal forfeited.
|
|win|TDNT
|player|p2|
|player|p1|
