|j|☆the tedd9999
|j|☆STRONGPPMAIN6969
|t:|1757788406
|gametype|singles
|player|p1|the tedd9999|blue|1636
|player|p2|STRONGPPMAIN6969|clown|1639
|gen|9
|tier|[Gen 9] OU
|rated|
|rule|HP Percentage Mod: HP is shown in percentages
|rule|Endless Battle Clause: Forcing endless battles is banned
|rule|Species Clause: Limit one of each Pokémon
|rule|OHKO Clause: OHKO moves are banned
|rule|Evasion Items Clause: Evasion items are banned
|rule|Evasion Moves Clause: Evasion moves are banned
|rule|Evasion Abilities Clause: Evasion abilities are banned
|rule|Sleep Moves Clause: Sleep-inducing moves are banned
|clearpoke
|poke|p1|Maushold-Four|
|poke|p1|Landorus-Therian, M|
|poke|p1|Kingambit, F|
|poke|p1|Kyurem|
|poke|p1|Arcanine-Hisui, F|
|poke|p1|Primarina, M|
|poke|p2|Pecharunt|
|poke|p2|Great Tusk|
|poke|p2|Ogerpon-Wellspring, F|
|poke|p2|Iron Crown|
|poke|p2|Landorus-Therian, M|
|poke|p2|Samurott-Hisui, F|
|teampreview
|inactive|Battle timer is ON: inactive players will automatically lose when time's up. (requested by STRONGPPMAIN6969)
|
|t:|1757788454
|teamsize|p1|6
|teamsize|p2|6
|start
|switch|p1a: Maushold|Maushold-Four|100/100
|switch|p2a: Iron Crown|Iron Crown|100/100
|turn|1
|
|t:|1757788481
|move|p1a: Maushold|Bite|p2a: Iron Crown
|-supereffective|p2a: Iron Crown
|-damage|p2a: Iron Crown|51/100
|move|p2a: Iron Crown|Tachyon Cutter|p1a: Maushold
|-damage|p1a: Maushold|42/100
|-crit|p1a: Maushold
|-damage|p1a: Maushold|0 fnt
|faint|p1a: Maushold
|-hitcount|p1: Maushold|2
|
|upkeep
|inactive|the tedd9999 has 120 seconds left.
|
|t:|1757788493
|switch|p1a: Primarina|Primarina, M|100/100
|turn|2
|
|t:|1757788497
|-end|p2a: Iron Crown|Quark Drive|[silent]
|switch|p2a: Samurott|Samurott-Hisui, F|100/100
|move|p1a: Primarina|Moonblast|p2a: Samurott
|-supereffective|p2a: Samurott
|-damage|p2a: Samurott|6/100
|-unboost|p2a: Samurott|spa|1
|
|upkeep
|turn|3
|
|t:|1757788505
|switch|p1a: Laura Castellano|Landorus-Therian, M|100/100
|-ability|p1a: Laura Castellano|Intimidate|boost
|-unboost|p2a: Samurott|atk|1
|move|p2a: Samurott|Ceaseless Edge|p1a: Laura Castellano
|-damage|p1a: Laura Castellano|69/100
|-damage|p2a: Samurott|0 fnt|[from] item: Rocky Helmet|[of] p1a: Laura Castellano
|faint|p2a: Samurott
|
|upkeep
|
|t:|1757788515
|switch|p2a: Great Tusk|Great Tusk|100/100
|-enditem|p2a: Great Tusk|Booster Energy
|-activate|p2a: Great Tusk|ability: Protosynthesis|[fromitem]
|-start|p2a: Great Tusk|protosynthesisspe
|turn|4
|
|t:|1757788520
|move|p2a: Great Tusk|Stealth Rock|p1a: Laura Castellano
|-sidestart|p1: the tedd9999|move: Stealth Rock
|move|p1a: Laura Castellano|Earth Power|p2a: Great Tusk
|-damage|p2a: Great Tusk|62/100
|
|upkeep
|turn|5
|
|t:|1757788532
|-end|p2a: Great Tusk|Protosynthesis|[silent]
|switch|p2a: Ogerpon|Ogerpon-Wellspring, F|100/100
|move|p1a: Laura Castellano|Earth Power|p2a: Ogerpon
|-resisted|p2a: Ogerpon
|-damage|p2a: Ogerpon|86/100
|
|upkeep
|turn|6
|
|t:|1757788542
|move|p1a: Laura Castellano|U-turn|p2a: Ogerpon
|-supereffective|p2a: Ogerpon
|-damage|p2a: Ogerpon|47/100
|
|t:|1757788550
|switch|p1a: Primarina|Primarina, M|100/100|[from] U-turn
|-damage|p1a: Primarina|88/100|[from] Stealth Rock
|move|p2a: Ogerpon|Swords Dance|p2a: Ogerpon
|-boost|p2a: Ogerpon|atk|2
|
|upkeep
|turn|7
|
|t:|1757788557
|switch|p1a: Laura Castellano|Landorus-Therian, M|69/100
|-damage|p1a: Laura Castellano|57/100|[from] Stealth Rock
|-ability|p1a: Laura Castellano|Intimidate|boost
|-unboost|p2a: Ogerpon|atk|1
|-terastallize|p2a: Ogerpon|Water
|detailschange|p2a: Ogerpon|Ogerpon-Wellspring-Tera, F, tera:Water
|-ability|p2a: Ogerpon|Embody Aspect (Wellspring)|boost
|-boost|p2a: Ogerpon|spd|1
|move|p2a: Ogerpon|Synthesis|p2a: Ogerpon
|-heal|p2a: Ogerpon|97/100
|
|upkeep
|turn|8
|
|t:|1757788577
|move|p1a: Laura Castellano|Taunt|p2a: Ogerpon
|-start|p2a: Ogerpon|move: Taunt
|move|p2a: Ogerpon|Ivy Cudgel|p1a: Laura Castellano|[anim] Ivy Cudgel Water
|-supereffective|p1a: Laura Castellano
|-crit|p1a: Laura Castellano
|-damage|p1a: Laura Castellano|0 fnt
|faint|p1a: Laura Castellano
|
|upkeep
|
|t:|1757788587
|switch|p1a: Arcanine|Arcanine-Hisui, F|100/100
|-damage|p1a: Arcanine|76/100|[from] Stealth Rock
|turn|9
|
|t:|1757788604
|switch|p2a: Landorus|Landorus-Therian, M|100/100
|-ability|p2a: Landorus|Intimidate|boost
|-unboost|p1a: Arcanine|atk|1
|move|p1a: Arcanine|Head Smash|p2a: Landorus
|-damage|p2a: Landorus|16/100
|
|upkeep
|turn|10
|
|t:|1757788617
|move|p2a: Landorus|Earthquake|p1a: Arcanine
|-supereffective|p1a: Arcanine
|-damage|p1a: Arcanine|0 fnt
|faint|p1a: Arcanine
|
|upkeep
|inactive|the tedd9999 has 120 seconds left.
|inactive|the tedd9999 has 90 seconds left.
|
|t:|1757788673
|switch|p1a: Kyurem|Kyurem|100/100
|-damage|p1a: Kyurem|76/100|[from] Stealth Rock
|-ability|p1a: Kyurem|Pressure
|turn|11
|
|t:|1757788678
|move|p2a: Landorus|Earthquake|p1a: Kyurem
|-damage|p1a: Kyurem|24/100
|move|p1a: Kyurem|Dragon Dance|p1a: Kyurem
|-boost|p1a: Kyurem|atk|1
|-boost|p1a: Kyurem|spe|1
|
|upkeep
|turn|12
|
|t:|1757788688
|move|p1a: Kyurem|Icicle Spear|p2a: Landorus
|-supereffective|p2a: Landorus
|-damage|p2a: Landorus|0 fnt
|faint|p2a: Landorus
|-hitcount|p2: Landorus|1
|
|upkeep
|
|t:|1757788690
|switch|p2a: Pecharunt|Pecharunt|100/100
|turn|13
|
|t:|1757788697
|move|p1a: Kyurem|Scale Shot|p2a: Pecharunt|[miss]
|-miss|p1a: Kyurem|p2a: Pecharunt
|move|p2a: Pecharunt|Foul Play|p1a: Kyurem
|-damage|p1a: Kyurem|0 fnt
|faint|p1a: Kyurem
|
|upkeep
|
|t:|1757788699
|switch|p1a: Gambito Alimaña|Kingambit, F|100/100
|-damage|p1a: Gambito Alimaña|94/100|[from] Stealth Rock
|-activate|p1a: Gambito Alimaña|ability: Supreme Overlord
|-start|p1a: Gambito Alimaña|fallen4|[silent]
|turn|14
|
|t:|1757788705
|move|p2a: Pecharunt|Parting Shot|p1a: Gambito Alimaña
|-unboost|p1a: Gambito Alimaña|atk|1
|-unboost|p1a: Gambito Alimaña|spa|1
|
|t:|1757788708
|switch|p2a: Great Tusk|Great Tusk|62/100|[from] Parting Shot
|move|p1a: Gambito Alimaña|Swords Dance|p1a: Gambito Alimaña
|-boost|p1a: Gambito Alimaña|atk|2
|
|upkeep
|turn|15
|
|t:|1757788719
|-terastallize|p1a: Gambito Alimaña|Dark
|move|p2a: Great Tusk|Headlong Rush|p1a: Gambito Alimaña
|-damage|p1a: Gambito Alimaña|58/100
|-unboost|p2a: Great Tusk|def|1
|-unboost|p2a: Great Tusk|spd|1
|move|p1a: Gambito Alimaña|Swords Dance|p1a: Gambito Alimaña
|-boost|p1a: Gambito Alimaña|atk|2
|
|upkeep
|turn|16
|
|t:|1757788732
|move|p1a: Gambito Alimaña|Sucker Punch|p2a: Great Tusk
|-resisted|p2a: Great Tusk
|-damage|p2a: Great Tusk|0 fnt
|faint|p2a: Great Tusk
|-end|p2a: Great Tusk|Protosynthesis|[silent]
|
|upkeep
|inactive|STRONGPPMAIN6969 has 120 seconds left.
|
|t:|1757788764
|switch|p2a: Pecharunt|Pecharunt|100/100
|turn|17
|
|t:|1757788768
|move|p2a: Pecharunt|Parting Shot|p1a: Gambito Alimaña
|-unboost|p1a: Gambito Alimaña|atk|1
|-unboost|p1a: Gambito Alimaña|spa|1
|
|t:|1757788769
|switch|p2a: Iron Crown|Iron Crown|51/100|[from] Parting Shot
|move|p1a: Gambito Alimaña|Kowtow Cleave|p2a: Iron Crown
|-supereffective|p2a: Iron Crown
|-damage|p2a: Iron Crown|0 fnt
|faint|p2a: Iron Crown
|-end|p2a: Iron Crown|Quark Drive|[silent]
|
|upkeep
|inactive|STRONGPPMAIN6969 has 120 seconds left.
|
|t:|1757788806
|switch|p2a: Ogerpon|Ogerpon-Wellspring-Tera, F, tera:Water|97/100
|-ability|p2a: Ogerpon|Embody Aspect (Wellspring)|boost
|-boost|p2a: Ogerpon|spd|1
|turn|18
|
|t:|1757788810
|move|p1a: Gambito Alimaña|Sucker Punch||[still]
|-fail|p1a: Gambito Alimaña
|move|p2a: Ogerpon|Swords Dance|p2a: Ogerpon
|-boost|p2a: Ogerpon|atk|2
|
|upkeep
|turn|19
|
|t:|1757788819
|move|p2a: Ogerpon|Swords Dance|p2a: Ogerpon
|-boost|p2a: Ogerpon|atk|2
|move|p1a: Gambito Alimaña|Kowtow Cleave|p2a: Ogerpon
|-damage|p2a: Ogerpon|0 fnt
|faint|p2a: Ogerpon
|detailschange|p2: Ogerpon|Ogerpon-Wellspring, F|[silent]
|
|upkeep
|
|t:|1757788821
|switch|p2a: Pecharunt|Pecharunt|100/100
|turn|20
|
|t:|1757788826
|move|p2a: Pecharunt|Foul Play|p1a: Gambito Alimaña
|-resisted|p1a: Gambito Alimaña
|-damage|p1a: Gambito Alimaña|32/100
|move|p1a: Gambito Alimaña|Kowtow Cleave|p2a: Pecharunt
|-supereffective|p2a: Pecharunt
|-damage|p2a: Pecharunt|0 fnt
|-damage|p1a: Gambito Alimaña|16/100|[from] item: Rocky Helmet|[of] p2a: Pecharunt
|faint|p2a: Pecharunt
|
|win|the tedd9999
|raw|the tedd9999's rating: 1636 &rarr; <strong>1656</strong><br />(+20 for winning)
|raw|STRONGPPMAIN6969's rating: 1639 &rarr; <strong>1619</strong><br />(-20 for losing)
|l|☆STRONGPPMAIN6969
|player|p2|
|l|☆the tedd9999
|player|p1|
