|j|☆Harabon
|j|☆literallyntd
|t:|1757839384
|gametype|singles
|player|p1|Harabon|169|1566
|player|p2|literallyntd|shadowtriad|1552
|gen|9
|tier|[Gen 9] OU
|rated|
|rule|HP Percentage Mod: HP is shown in percentages
|rule|Endless Battle Clause: Forcing endless battles is banned
|rule|Species Clause: Limit one of each Pokémon
|rule|OHKO Clause: OHKO moves are banned
|rule|Evasion Items Clause: Evasion items are banned
|rule|Evasion Moves Clause: Evasion moves are banned
|rule|Evasion Abilities Clause: Evasion abilities are banned
|rule|Sleep Moves Clause: Sleep-inducing moves are banned
|clearpoke
|poke|p1|Pelipper, M|
|poke|p1|Tornadus-Therian, M|
|poke|p1|Barraskewda, M|
|poke|p1|Overqwil, M|
|poke|p1|Raging Bolt|
|poke|p1|Iron Treads|
|poke|p2|Iron Boulder|
|poke|p2|Slowking-Galar, F|
|poke|p2|Meowscarada, M|
|poke|p2|Corviknight, M|
|poke|p2|Great Tusk|
|poke|p2|Dragonite, F|
|teampreview
|inactive|Battle timer is ON: inactive players will automatically lose when time's up. (requested by Harabon)
|
|t:|1757839393
|teamsize|p1|6
|teamsize|p2|6
|start
|switch|p1a: Barraskewda|Barraskewda, M|100/100
|switch|p2a: Slowking|Slowking-Galar, F|100/100
|turn|1
|
|t:|1757839398
|switch|p2a: Dragonite|Dragonite, F|100/100
|move|p1a: Barraskewda|Liquidation|p2a: Dragonite
|-resisted|p2a: Dragonite
|-damage|p2a: Dragonite|84/100
|
|upkeep
|turn|2
|
|t:|1757839403
|switch|p1a: Pelipper|Pelipper, M|100/100
|-weather|RainDance|[from] ability: Drizzle|[of] p1a: Pelipper
|move|p2a: Dragonite|Roost|p2a: Dragonite
|-heal|p2a: Dragonite|100/100
|-singleturn|p2a: Dragonite|move: Roost
|
|-weather|RainDance|[upkeep]
|upkeep
|turn|3
|
|t:|1757839426
|move|p1a: Pelipper|U-turn|p2a: Dragonite
|-resisted|p2a: Dragonite
|-damage|p2a: Dragonite|99/100
|
|t:|1757839432
|switch|p1a: Iron Treads|Iron Treads|100/100|[from] U-turn
|move|p2a: Dragonite|Dragon Tail|p1a: Iron Treads
|-resisted|p1a: Iron Treads
|-damage|p1a: Iron Treads|84/100
|-end|p1a: Iron Treads|Quark Drive|[silent]
|drag|p1a: Pelipper|Pelipper, M|100/100
|
|-weather|RainDance|[upkeep]
|upkeep
|turn|4
|
|t:|1757839438
|move|p2a: Dragonite|Roost|p2a: Dragonite
|-heal|p2a: Dragonite|100/100
|-singleturn|p2a: Dragonite|move: Roost
|move|p1a: Pelipper|Hurricane|p2a: Dragonite
|-damage|p2a: Dragonite|83/100
|
|-weather|RainDance|[upkeep]
|upkeep
|turn|5
|
|t:|1757839443
|move|p1a: Pelipper|U-turn|p2a: Dragonite
|-resisted|p2a: Dragonite
|-damage|p2a: Dragonite|80/100
|
|t:|1757839472
|switch|p1a: Tornadus|Tornadus-Therian, M|100/100|[from] U-turn
|move|p2a: Dragonite|Dragon Tail|p1a: Tornadus
|-damage|p1a: Tornadus|55/100
|drag|p1a: Barraskewda|Barraskewda, M|100/100
|
|-weather|RainDance|[upkeep]
|upkeep
|turn|6
|
|t:|1757839482
|move|p1a: Barraskewda|Flip Turn|p2a: Dragonite
|-resisted|p2a: Dragonite
|-damage|p2a: Dragonite|46/100
|
|t:|1757839486
|switch|p1a: Overqwil|Overqwil, M|100/100|[from] Flip Turn
|move|p2a: Dragonite|Dragon Tail|p1a: Overqwil
|-damage|p1a: Overqwil|58/100
|drag|p1a: Iron Treads|Iron Treads|84/100
|
|-weather|RainDance|[upkeep]
|upkeep
|turn|7
|
|t:|1757839492
|move|p1a: Iron Treads|Stone Edge|p2a: Dragonite
|-supereffective|p2a: Dragonite
|-damage|p2a: Dragonite|0 fnt
|faint|p2a: Dragonite
|
|-weather|RainDance|[upkeep]
|upkeep
|
|t:|1757839518
|switch|p2a: Iron Boulder|Iron Boulder|100/100
|turn|8
|
|t:|1757839528
|move|p2a: Iron Boulder|Close Combat|p1a: Iron Treads
|-supereffective|p1a: Iron Treads
|-damage|p1a: Iron Treads|0 fnt
|-unboost|p2a: Iron Boulder|def|1
|-unboost|p2a: Iron Boulder|spd|1
|faint|p1a: Iron Treads
|-end|p1a: Iron Treads|Quark Drive|[silent]
|
|-weather|RainDance|[upkeep]
|upkeep
|
|t:|1757839531
|switch|p1a: Barraskewda|Barraskewda, M|100/100
|turn|9
|
|t:|1757839536
|-end|p2a: Iron Boulder|Quark Drive|[silent]
|switch|p2a: Corviknight|Corviknight, M|100/100
|-ability|p2a: Corviknight|Pressure
|move|p1a: Barraskewda|Flip Turn|p2a: Corviknight
|-damage|p2a: Corviknight|53/100
|-damage|p1a: Barraskewda|84/100|[from] item: Rocky Helmet|[of] p2a: Corviknight
|
|t:|1757839545
|switch|p1a: Raging Bolt|Raging Bolt|100/100|[from] Flip Turn
|
|-weather|none
|upkeep
|turn|10
|
|t:|1757839554
|-end|p1a: Raging Bolt|Protosynthesis|[silent]
|switch|p1a: Pelipper|Pelipper, M|100/100
|-weather|RainDance|[from] ability: Drizzle|[of] p1a: Pelipper
|-terastallize|p2a: Corviknight|Dragon
|move|p2a: Corviknight|Roost|p2a: Corviknight
|-heal|p2a: Corviknight|100/100
|
|-weather|RainDance|[upkeep]
|upkeep
|turn|11
|
|t:|1757839560
|move|p2a: Corviknight|U-turn|p1a: Pelipper
|-resisted|p1a: Pelipper
|-damage|p1a: Pelipper|95/100
|
|t:|1757839563
|switch|p2a: Slowking|Slowking-Galar, F|100/100|[from] U-turn
|move|p1a: Pelipper|U-turn|p2a: Slowking
|-damage|p2a: Slowking|92/100
|
|t:|1757839567
|switch|p1a: Overqwil|Overqwil, M|58/100|[from] U-turn
|
|-weather|RainDance|[upkeep]
|upkeep
|turn|12
|
|t:|1757839594
|switch|p2a: Corviknight|Corviknight, M, tera:Dragon|100/100
|-ability|p2a: Corviknight|Pressure
|move|p1a: Overqwil|Swords Dance|p1a: Overqwil
|-boost|p1a: Overqwil|atk|2
|
|-weather|RainDance|[upkeep]
|upkeep
|turn|13
|inactive|literallyntd has 120 seconds left.
|inactive|literallyntd has 90 seconds left.
|
|t:|1757839654
|switch|p2a: Great Tusk|Great Tusk|100/100
|move|p1a: Overqwil|Gunk Shot|p2a: Great Tusk
|-resisted|p2a: Great Tusk
|-damage|p2a: Great Tusk|49/100
|-damage|p1a: Overqwil|48/100|[from] item: Life Orb
|
|-weather|RainDance|[upkeep]
|upkeep
|turn|14
|
|t:|1757839670
|-end|p2a: Great Tusk|Protosynthesis|[silent]
|switch|p2a: Corviknight|Corviknight, M, tera:Dragon|100/100
|-ability|p2a: Corviknight|Pressure
|move|p1a: Overqwil|Liquidation|p2a: Corviknight
|-resisted|p2a: Corviknight
|-damage|p2a: Corviknight|64/100
|-damage|p1a: Overqwil|31/100|[from] item: Rocky Helmet|[of] p2a: Corviknight
|-damage|p1a: Overqwil|21/100|[from] item: Life Orb
|
|-weather|RainDance|[upkeep]
|upkeep
|turn|15
|
|t:|1757839674
|move|p1a: Overqwil|Swords Dance|p1a: Overqwil
|-boost|p1a: Overqwil|atk|2
|move|p2a: Corviknight|Body Press|p1a: Overqwil
|-damage|p1a: Overqwil|0 fnt
|faint|p1a: Overqwil
|
|-weather|RainDance|[upkeep]
|upkeep
|
|t:|1757839678
|switch|p1a: Tornadus|Tornadus-Therian, M|88/100
|turn|16
|
|t:|1757839682
|switch|p2a: Slowking|Slowking-Galar, F|100/100
|-terastallize|p1a: Tornadus|Flying
|move|p1a: Tornadus|Hurricane|p2a: Slowking
|-damage|p2a: Slowking|41/100
|-start|p2a: Slowking|confusion
|
|-weather|RainDance|[upkeep]
|upkeep
|turn|17
|inactive|literallyntd has 90 seconds left.
|
|t:|1757839708
|move|p1a: Tornadus|Hurricane|p2a: Slowking
|-damage|p2a: Slowking|0 fnt
|faint|p2a: Slowking
|
|-weather|none
|upkeep
|
|t:|1757839713
|switch|p2a: Iron Boulder|Iron Boulder|100/100
|turn|18
|
|t:|1757839720
|switch|p1a: Pelipper|Pelipper, M|95/100
|-weather|RainDance|[from] ability: Drizzle|[of] p1a: Pelipper
|move|p2a: Iron Boulder|Mighty Cleave|p1a: Pelipper
|-supereffective|p1a: Pelipper
|-crit|p1a: Pelipper
|-damage|p1a: Pelipper|0 fnt
|faint|p1a: Pelipper
|
|-weather|RainDance|[upkeep]
|upkeep
|
|t:|1757839723
|switch|p1a: Barraskewda|Barraskewda, M|84/100
|turn|19
|inactive|literallyntd has 90 seconds left.
|
|t:|1757839744
|-end|p2a: Iron Boulder|Quark Drive|[silent]
|switch|p2a: Meowscarada|Meowscarada, M|100/100
|move|p1a: Barraskewda|Flip Turn|p2a: Meowscarada
|-resisted|p2a: Meowscarada
|-damage|p2a: Meowscarada|39/100
|
|t:|1757839755
|switch|p1a: Tornadus|Tornadus-Therian, M, tera:Flying|100/100|[from] Flip Turn
|
|-weather|RainDance|[upkeep]
|upkeep
|turn|20
|
|t:|1757839759
|switch|p1a: Raging Bolt|Raging Bolt|100/100
|move|p2a: Meowscarada|Triple Axel|p1a: Raging Bolt
|-start|p2a: Meowscarada|typechange|Ice|[from] ability: Protean
|-supereffective|p1a: Raging Bolt
|-damage|p1a: Raging Bolt|84/100
|-supereffective|p1a: Raging Bolt
|-damage|p1a: Raging Bolt|53/100
|-supereffective|p1a: Raging Bolt
|-damage|p1a: Raging Bolt|10/100
|-hitcount|p1a: Raging Bolt|3
|
|-weather|RainDance|[upkeep]
|-heal|p1a: Raging Bolt|16/100|[from] item: Leftovers
|upkeep
|turn|21
|
|t:|1757839782
|switch|p2a: Great Tusk|Great Tusk|49/100
|move|p1a: Raging Bolt|Dragon Pulse|p2a: Great Tusk
|-damage|p2a: Great Tusk|0 fnt
|faint|p2a: Great Tusk
|-end|p2a: Great Tusk|Protosynthesis|[silent]
|
|-weather|RainDance|[upkeep]
|-heal|p1a: Raging Bolt|22/100|[from] item: Leftovers
|upkeep
|inactive|literallyntd has 90 seconds left.
|
|t:|1757839793
|switch|p2a: Meowscarada|Meowscarada, M|39/100
|turn|22
|
|t:|1757839799
|move|p2a: Meowscarada|Triple Axel|p1a: Raging Bolt
|-start|p2a: Meowscarada|typechange|Ice|[from] ability: Protean
|-supereffective|p1a: Raging Bolt
|-damage|p1a: Raging Bolt|8/100
|-supereffective|p1a: Raging Bolt
|-damage|p1a: Raging Bolt|0 fnt
|faint|p1a: Raging Bolt
|-end|p1a: Raging Bolt|Protosynthesis|[silent]
|-hitcount|p1: Raging Bolt|2
|
|-weather|RainDance|[upkeep]
|upkeep
|
|t:|1757839804
|switch|p1a: Barraskewda|Barraskewda, M|84/100
|turn|23
|
|t:|1757839824
|move|p1a: Barraskewda|Liquidation|p2a: Meowscarada
|-damage|p2a: Meowscarada|0 fnt
|faint|p2a: Meowscarada
|
|-weather|RainDance|[upkeep]
|upkeep
|
|t:|1757839831
|switch|p2a: Corviknight|Corviknight, M, tera:Dragon|64/100
|-ability|p2a: Corviknight|Pressure
|turn|24
|
|t:|1757839837
|switch|p1a: Tornadus|Tornadus-Therian, M, tera:Flying|100/100
|move|p2a: Corviknight|Roost|p2a: Corviknight
|-heal|p2a: Corviknight|100/100
|
|-weather|RainDance|[upkeep]
|upkeep
|turn|25
|
|t:|1757839845
|switch|p2a: Iron Boulder|Iron Boulder|100/100
|move|p1a: Tornadus|Hurricane|p2a: Iron Boulder
|-resisted|p2a: Iron Boulder
|-crit|p2a: Iron Boulder
|-damage|p2a: Iron Boulder|30/100
|
|-weather|none
|upkeep
|turn|26
|
|t:|1757839865
|move|p2a: Iron Boulder|Mighty Cleave|p1a: Tornadus
|-supereffective|p1a: Tornadus
|-damage|p1a: Tornadus|0 fnt
|faint|p1a: Tornadus
|
|upkeep
|
|t:|1757839866
|switch|p1a: Barraskewda|Barraskewda, M|84/100
|turn|27
|
|t:|1757839869
|move|p1a: Barraskewda|Aqua Jet|p2a: Iron Boulder
|-supereffective|p2a: Iron Boulder
|-damage|p2a: Iron Boulder|0 fnt
|faint|p2a: Iron Boulder
|-end|p2a: Iron Boulder|Quark Drive|[silent]
|
|upkeep
|
|t:|1757839872
|switch|p2a: Corviknight|Corviknight, M, tera:Dragon|100/100
|-ability|p2a: Corviknight|Pressure
|turn|28
|-message|Harabon forfeited.
|
|win|literallyntd
|raw|Harabon's rating: 1566 &rarr; <strong>1545</strong><br />(-21 for losing)
|raw|literallyntd's rating: 1552 &rarr; <strong>1573</strong><br />(+21 for winning)
|l|☆Harabon
|player|p1|
|c|☆literallyntd|gg
|l|☆literallyntd
|player|p2|
