|j|☆UncleQuack
|j|☆SS/RO
|t:|1757816640
|gametype|singles
|player|p1|UncleQuack|harlequin|1309
|player|p2|SS/RO|169|1314
|gen|9
|tier|[Gen 9] OU
|rated|
|rule|HP Percentage Mod: HP is shown in percentages
|rule|Endless Battle Clause: Forcing endless battles is banned
|rule|Species Clause: Limit one of each Pokémon
|rule|OHKO Clause: OHKO moves are banned
|rule|Evasion Items Clause: Evasion items are banned
|rule|Evasion Moves Clause: Evasion moves are banned
|rule|Evasion Abilities Clause: Evasion abilities are banned
|rule|Sleep Moves Clause: Sleep-inducing moves are banned
|clearpoke
|poke|p1|Scovillain, M|
|poke|p1|Walking Wake|
|poke|p1|Torkoal, M|
|poke|p1|Ceruledge, F|
|poke|p1|Iron Moth|
|poke|p1|Ditto|
|poke|p2|Maushold-Four|
|poke|p2|Gholdengo|
|poke|p2|Great Tusk|
|poke|p2|Moltres|
|poke|p2|Primarina, M|
|poke|p2|Scizor, F|
|teampreview
|inactive|Battle timer is ON: inactive players will automatically lose when time's up. (requested by UncleQuack)
|
|t:|1757816647
|teamsize|p1|6
|teamsize|p2|6
|start
|switch|p1a: Wake & Bake|Walking Wake|100/100
|switch|p2a: Maushold|Maushold-Four|100/100
|turn|1
|
|t:|1757816651
|move|p2a: Maushold|Tidy Up|p2a: Maushold
|-boost|p2a: Maushold|atk|1
|-boost|p2a: Maushold|spe|1
|move|p1a: Wake & Bake|Draco Meteor|p2a: Maushold
|-damage|p2a: Maushold|0 fnt
|-unboost|p1a: Wake & Bake|spa|2
|faint|p2a: Maushold
|
|upkeep
|
|t:|1757816657
|switch|p2a: Primarina|Primarina, M|100/100
|turn|2
|
|t:|1757816666
|-end|p1a: Wake & Bake|Protosynthesis|[silent]
|switch|p1a: Cigarette Grandpa|Torkoal, M|100/100
|-weather|SunnyDay|[from] ability: Drought|[of] p1a: Cigarette Grandpa
|move|p2a: Primarina|Calm Mind|p2a: Primarina
|-boost|p2a: Primarina|spa|1
|-boost|p2a: Primarina|spd|1
|
|-weather|SunnyDay|[upkeep]
|upkeep
|turn|3
|
|t:|1757816669
|switch|p1a: Scovillain|Scovillain, M|100/100
|move|p2a: Primarina|Substitute|p2a: Primarina
|-start|p2a: Primarina|Substitute
|-damage|p2a: Primarina|76/100
|
|-weather|SunnyDay|[upkeep]
|-heal|p2a: Primarina|82/100|[from] item: Leftovers
|upkeep
|turn|4
|
|t:|1757816673
|move|p1a: Scovillain|Substitute|p1a: Scovillain
|-start|p1a: Scovillain|Substitute
|-damage|p1a: Scovillain|76/100
|move|p2a: Primarina|Calm Mind|p2a: Primarina
|-boost|p2a: Primarina|spa|1
|-boost|p2a: Primarina|spd|1
|
|-weather|SunnyDay|[upkeep]
|-heal|p2a: Primarina|88/100|[from] item: Leftovers
|upkeep
|turn|5
|
|t:|1757816675
|move|p1a: Scovillain|Giga Drain|p2a: Primarina
|-supereffective|p2a: Primarina
|-end|p2a: Primarina|Substitute
|-heal|p1a: Scovillain|91/100|[from] drain|[of] p2a: Primarina
|-damage|p1a: Scovillain|81/100|[from] item: Life Orb
|move|p2a: Primarina|Moonblast|p1a: Scovillain
|-resisted|p1a: Scovillain
|-end|p1a: Scovillain|Substitute
|
|-weather|SunnyDay|[upkeep]
|-heal|p2a: Primarina|94/100|[from] item: Leftovers
|upkeep
|turn|6
|
|t:|1757816679
|move|p1a: Scovillain|Solar Beam||[still]
|-prepare|p1a: Scovillain|Solar Beam
|-anim|p1a: Scovillain|Solar Beam|p2a: Primarina
|-supereffective|p2a: Primarina
|-damage|p2a: Primarina|30/100
|-damage|p1a: Scovillain|71/100|[from] item: Life Orb
|move|p2a: Primarina|Moonblast|p1a: Scovillain
|-resisted|p1a: Scovillain
|-damage|p1a: Scovillain|0 fnt
|faint|p1a: Scovillain
|
|-weather|SunnyDay|[upkeep]
|-heal|p2a: Primarina|37/100|[from] item: Leftovers
|upkeep
|
|t:|1757816688
|switch|p1a: Johnny Storm|Ceruledge, F|100/100
|turn|7
|
|t:|1757816692
|move|p1a: Johnny Storm|Solar Blade||[still]
|-prepare|p1a: Johnny Storm|Solar Blade
|-anim|p1a: Johnny Storm|Solar Blade|p2a: Primarina
|-supereffective|p2a: Primarina
|-damage|p2a: Primarina|0 fnt
|faint|p2a: Primarina
|
|-weather|SunnyDay|[upkeep]
|upkeep
|
|t:|1757816696
|switch|p2a: Gholdengo|Gholdengo|100/100
|turn|8
|
|t:|1757816701
|move|p1a: Johnny Storm|Shadow Sneak|p2a: Gholdengo
|-supereffective|p2a: Gholdengo
|-damage|p2a: Gholdengo|55/100
|move|p2a: Gholdengo|Shadow Ball|p1a: Johnny Storm
|-supereffective|p1a: Johnny Storm
|-damage|p1a: Johnny Storm|0 fnt
|faint|p1a: Johnny Storm
|
|-weather|SunnyDay|[upkeep]
|upkeep
|
|t:|1757816708
|switch|p1a: Wake & Bake|Walking Wake|100/100
|-activate|p1a: Wake & Bake|ability: Protosynthesis
|-start|p1a: Wake & Bake|protosynthesisspe
|turn|9
|
|t:|1757816713
|switch|p2a: Moltres|Moltres|100/100
|move|p1a: Wake & Bake|Hydro Steam|p2a: Moltres
|-supereffective|p2a: Moltres
|-damage|p2a: Moltres|0 fnt
|faint|p2a: Moltres
|
|-weather|none
|-end|p1a: Wake & Bake|Protosynthesis
|upkeep
|
|t:|1757816717
|switch|p2a: Scizor|Scizor, F|100/100
|turn|10
|
|t:|1757816722
|-end|p1a: Wake & Bake|Protosynthesis|[silent]
|switch|p1a: Cigarette Grandpa|Torkoal, M|100/100
|-weather|SunnyDay|[from] ability: Drought|[of] p1a: Cigarette Grandpa
|move|p2a: Scizor|Knock Off|p1a: Cigarette Grandpa
|-damage|p1a: Cigarette Grandpa|71/100
|-enditem|p1a: Cigarette Grandpa|Heat Rock|[from] move: Knock Off|[of] p2a: Scizor
|
|-weather|SunnyDay|[upkeep]
|upkeep
|turn|11
|
|t:|1757816727
|switch|p2a: Great Tusk|Great Tusk|100/100
|-activate|p2a: Great Tusk|ability: Protosynthesis
|-start|p2a: Great Tusk|protosynthesisspe
|move|p1a: Cigarette Grandpa|Stealth Rock|p2a: Great Tusk
|-sidestart|p2: SS/RO|move: Stealth Rock
|
|-weather|SunnyDay|[upkeep]
|upkeep
|turn|12
|
|t:|1757816733
|move|p2a: Great Tusk|Headlong Rush|p1a: Cigarette Grandpa
|-supereffective|p1a: Cigarette Grandpa
|-damage|p1a: Cigarette Grandpa|13/100
|-unboost|p2a: Great Tusk|def|1
|-unboost|p2a: Great Tusk|spd|1
|move|p1a: Cigarette Grandpa|Lava Plume|p2a: Great Tusk
|-damage|p2a: Great Tusk|27/100
|
|-weather|SunnyDay|[upkeep]
|upkeep
|turn|13
|
|t:|1757816737
|move|p2a: Great Tusk|Headlong Rush|p1a: Cigarette Grandpa
|-supereffective|p1a: Cigarette Grandpa
|-damage|p1a: Cigarette Grandpa|0 fnt
|-unboost|p2a: Great Tusk|def|1
|-unboost|p2a: Great Tusk|spd|1
|faint|p1a: Cigarette Grandpa
|
|-weather|SunnyDay|[upkeep]
|upkeep
|
|t:|1757816739
|switch|p1a: Wake & Bake|Walking Wake|100/100
|-activate|p1a: Wake & Bake|ability: Protosynthesis
|-start|p1a: Wake & Bake|protosynthesisspe
|turn|14
|
|t:|1757816741
|move|p1a: Wake & Bake|Hydro Steam|p2a: Great Tusk
|-supereffective|p2a: Great Tusk
|-damage|p2a: Great Tusk|0 fnt
|faint|p2a: Great Tusk
|-end|p2a: Great Tusk|Protosynthesis|[silent]
|
|-weather|SunnyDay|[upkeep]
|upkeep
|c|☆UncleQuack|gg
|
|t:|1757816745
|switch|p2a: Gholdengo|Gholdengo|55/100
|-damage|p2a: Gholdengo|49/100|[from] Stealth Rock
|turn|15
|
|t:|1757816748
|move|p1a: Wake & Bake|Hydro Steam|p2a: Gholdengo
|-damage|p2a: Gholdengo|0 fnt
|faint|p2a: Gholdengo
|
|-weather|SunnyDay|[upkeep]
|upkeep
|
|t:|1757816751
|switch|p2a: Scizor|Scizor, F|100/100
|-damage|p2a: Scizor|88/100|[from] Stealth Rock
|turn|16
|
|t:|1757816754
|-terastallize|p2a: Scizor|Steel
|move|p2a: Scizor|Bullet Punch|p1a: Wake & Bake
|-resisted|p1a: Wake & Bake
|-damage|p1a: Wake & Bake|61/100
|move|p1a: Wake & Bake|Hydro Steam|p2a: Scizor
|-damage|p2a: Scizor|0 fnt
|faint|p2a: Scizor
|
|win|UncleQuack
|raw|UncleQuack's rating: 1309 &rarr; <strong>1329</strong><br />(+20 for winning)
|raw|SS&#x2f;RO's rating: 1314 &rarr; <strong>1294</strong><br />(-20 for losing)
|l|☆SS/RO
|player|p2|
|l|☆UncleQuack
|player|p1|
