|j|☆xAllmight
|j|☆shmangoes
|t:|1757953181
|gametype|singles
|player|p1|xAllmight|266|1113
|player|p2|shmangoes|n|1075
|gen|9
|tier|[Gen 9] OU
|rated|
|rule|HP Percentage Mod: HP is shown in percentages
|rule|Endless Battle Clause: Forcing endless battles is banned
|rule|Species Clause: Limit one of each Pokémon
|rule|OHKO Clause: OHKO moves are banned
|rule|Evasion Items Clause: Evasion items are banned
|rule|Evasion Moves Clause: Evasion moves are banned
|rule|Evasion Abilities Clause: Evasion abilities are banned
|rule|Sleep Moves Clause: Sleep-inducing moves are banned
|clearpoke
|poke|p1|Iron Crown|
|poke|p1|Samurott-Hisui, F|
|poke|p1|Zapdos|
|poke|p1|Dragapult, F|
|poke|p1|Great Tusk|
|poke|p1|Iron Boulder|
|poke|p2|Regigigas|
|poke|p2|Lokix, M|
|poke|p2|Darkrai|
|poke|p2|Kingambit, F|
|poke|p2|Landorus-Therian, M|
|poke|p2|Chandelure, M|
|teampreview
|
|t:|1757953194
|teamsize|p1|6
|teamsize|p2|6
|start
|switch|p1a: Everytime We Touch|Samurott-Hisui, F|100/100
|switch|p2a: Regigigas|Regigigas|100/100
|-start|p2a: Regigigas|ability: Slow Start
|turn|1
|
|t:|1757953218
|move|p1a: Everytime We Touch|Sacred Sword|p2a: Regigigas
|-supereffective|p2a: Regigigas
|-damage|p2a: Regigigas|35/100
|move|p2a: Regigigas|Knock Off|p1a: Everytime We Touch
|-resisted|p1a: Everytime We Touch
|-damage|p1a: Everytime We Touch|90/100
|-enditem|p1a: Everytime We Touch|Choice Scarf|[from] move: Knock Off|[of] p2a: Regigigas
|
|-heal|p2a: Regigigas|41/100|[from] item: Leftovers
|upkeep
|turn|2
|
|t:|1757953236
|move|p2a: Regigigas|Protect|p2a: Regigigas
|-singleturn|p2a: Regigigas|Protect
|move|p1a: Everytime We Touch|Sacred Sword|p2a: Regigigas
|-activate|p2a: Regigigas|move: Protect
|
|-heal|p2a: Regigigas|48/100|[from] item: Leftovers
|upkeep
|turn|3
|
|t:|1757953246
|move|p1a: Everytime We Touch|Sacred Sword|p2a: Regigigas
|-supereffective|p2a: Regigigas
|-damage|p2a: Regigigas|0 fnt
|faint|p2a: Regigigas
|
|upkeep
|
|t:|1757953256
|switch|p2a: Lokix|Lokix, M|100/100
|turn|4
|
|t:|1757953270
|switch|p1a: Hurikan|Zapdos|100/100
|move|p2a: Lokix|First Impression|p1a: Hurikan
|-resisted|p1a: Hurikan
|-damage|p1a: Hurikan|58/100
|-damage|p2a: Lokix|91/100|[from] item: Life Orb
|
|upkeep
|turn|5
|
|t:|1757953278
|move|p2a: Lokix|Sucker Punch|p1a: Hurikan
|-damage|p1a: Hurikan|29/100
|-status|p2a: Lokix|par|[from] ability: Static|[of] p1a: Hurikan
|-damage|p2a: Lokix|81/100 par|[from] item: Life Orb
|move|p1a: Hurikan|Hurricane|p2a: Lokix
|-supereffective|p2a: Lokix
|-damage|p2a: Lokix|0 fnt
|faint|p2a: Lokix
|
|upkeep
|
|t:|1757953282
|switch|p2a: Darkrai|Darkrai|100/100
|turn|6
|
|t:|1757953300
|switch|p1a: Pump It|Great Tusk|100/100
|move|p2a: Darkrai|Nasty Plot|p2a: Darkrai
|-boost|p2a: Darkrai|spa|2
|
|upkeep
|turn|7
|
|t:|1757953320
|-terastallize|p2a: Darkrai|Psychic
|move|p2a: Darkrai|Psychic|p1a: Pump It
|-supereffective|p1a: Pump It
|-damage|p1a: Pump It|0 fnt
|faint|p1a: Pump It
|-end|p1a: Pump It|Protosynthesis|[silent]
|-damage|p2a: Darkrai|91/100|[from] item: Life Orb
|
|upkeep
|
|t:|1757953327
|switch|p1a: Everytime We Touch|Samurott-Hisui, F|90/100
|turn|8
|
|t:|1757953334
|move|p2a: Darkrai|Will-O-Wisp|p1a: Everytime We Touch|[miss]
|-miss|p2a: Darkrai|p1a: Everytime We Touch
|move|p1a: Everytime We Touch|Ceaseless Edge|p2a: Darkrai
|-supereffective|p2a: Darkrai
|-damage|p2a: Darkrai|0 fnt
|-sidestart|p2: shmangoes|Spikes
|faint|p2a: Darkrai
|
|upkeep
|
|t:|1757953343
|switch|p2a: Landorus|Landorus-Therian, M|100/100
|-ability|p2a: Landorus|Intimidate|boost
|-unboost|p1a: Everytime We Touch|atk|1
|turn|9
|
|t:|1757953357
|move|p2a: Landorus|U-turn|p1a: Everytime We Touch
|-supereffective|p1a: Everytime We Touch
|-damage|p1a: Everytime We Touch|0 fnt
|faint|p1a: Everytime We Touch
|-damage|p2a: Landorus|91/100|[from] item: Life Orb
|
|t:|1757953359
|switch|p2a: Chandelure|Chandelure, M|100/100|[from] U-turn
|-item|p2a: Chandelure|Air Balloon
|
|upkeep
|
|t:|1757953370
|switch|p1a: Parasite|Dragapult, F|100/100
|turn|10
|
|t:|1757953378
|-terastallize|p1a: Parasite|Ghost
|move|p1a: Parasite|Tera Blast|p2a: Chandelure|[anim] Tera Blast Ghost
|-supereffective|p2a: Chandelure
|-damage|p2a: Chandelure|0 fnt
|-enditem|p2a: Chandelure|Air Balloon
|faint|p2a: Chandelure
|
|upkeep
|
|t:|1757953383
|switch|p2a: Landorus|Landorus-Therian, M|91/100
|-ability|p2a: Landorus|Intimidate|boost
|-fail|p1a: Parasite|unboost|[from] ability: Clear Body|[of] p1a: Parasite
|turn|11
|
|t:|1757953391
|move|p1a: Parasite|Tera Blast|p2a: Landorus|[anim] Tera Blast Ghost
|-damage|p2a: Landorus|0 fnt
|faint|p2a: Landorus
|
|upkeep
|
|t:|1757953393
|switch|p2a: Kingambit|Kingambit, F|100/100
|-damage|p2a: Kingambit|88/100|[from] Spikes
|-activate|p2a: Kingambit|ability: Supreme Overlord
|-start|p2a: Kingambit|fallen5|[silent]
|turn|12
|
|t:|1757953404
|move|p2a: Kingambit|Sucker Punch|p1a: Parasite
|-supereffective|p1a: Parasite
|-crit|p1a: Parasite
|-damage|p1a: Parasite|0 fnt
|faint|p1a: Parasite
|
|-heal|p2a: Kingambit|94/100|[from] item: Leftovers
|upkeep
|
|t:|1757953417
|switch|p1a: Revery|Iron Boulder|100/100
|-enditem|p1a: Revery|Booster Energy
|-activate|p1a: Revery|ability: Quark Drive|[fromitem]
|-start|p1a: Revery|quarkdrivespe
|turn|13
|
|t:|1757953433
|move|p2a: Kingambit|Sucker Punch|p1a: Revery
|-supereffective|p1a: Revery
|-damage|p1a: Revery|0 fnt
|faint|p1a: Revery
|-end|p1a: Revery|Quark Drive|[silent]
|
|-heal|p2a: Kingambit|100/100|[from] item: Leftovers
|upkeep
|
|t:|1757953439
|switch|p1a: Mindreader|Iron Crown|100/100
|turn|14
|
|t:|1757953454
|move|p2a: Kingambit|Sucker Punch|p1a: Mindreader
|-supereffective|p1a: Mindreader
|-damage|p1a: Mindreader|0 fnt
|faint|p1a: Mindreader
|-end|p1a: Mindreader|Quark Drive|[silent]
|
|upkeep
|
|t:|1757953458
|switch|p1a: Hurikan|Zapdos|29/100
|turn|15
|
|t:|1757953463
|move|p2a: Kingambit|Sucker Punch|p1a: Hurikan
|-damage|p1a: Hurikan|0 fnt
|faint|p1a: Hurikan
|
|win|shmangoes
|raw|xAllmight's rating: 1113 &rarr; <strong>1085</strong><br />(-28 for losing)
|raw|shmangoes's rating: 1075 &rarr; <strong>1107</strong><br />(+32 for winning)
|l|☆xAllmight
|player|p1|
