|j|☆hakarigod
|j|☆k1m0_01
|html|<table width="100%"><tr><td align="left">hakarigod</td><td align="right">k1m0_01</tr><tr><td align="left"><i class="fa fa-circle-o"></i> <i class="fa fa-circle-o"></i> </td><td align="right"><i class="fa fa-circle-o"></i> <i class="fa fa-circle"></i> </tr></table>
|uhtml|bestof|<h2><strong>Game 2</strong> of <a href="/game-bestof3-gen9ou-2441163979">a best-of-3</a></h2>
|t:|1757807922
|gametype|singles
|player|p1|hakarigod|170|
|player|p2|k1m0_01|nate|
|gen|9
|tier|[Gen 9] OU
|rule|HP Percentage Mod: HP is shown in percentages
|rule|Endless Battle Clause: Forcing endless battles is banned
|rule|Species Clause: Limit one of each Pokémon
|rule|OHKO Clause: OHKO moves are banned
|rule|Evasion Items Clause: Evasion items are banned
|rule|Evasion Moves Clause: Evasion moves are banned
|rule|Evasion Abilities Clause: Evasion abilities are banned
|rule|Sleep Moves Clause: Sleep-inducing moves are banned
|raw|<div class="infobox"><details class="readmore"><summary><strong>6 custom rules:</strong></summary> Force Open Team Sheets, Anything Goes, maxteamsize=8, Picked Team Size = 6, Adjust Level = 100, bestof=3</details></div>
|clearpoke
|poke|p1|Garganacl, F|
|poke|p1|Weezing-Galar, M|
|poke|p1|Corviknight, M|
|poke|p1|Dragapult, F|
|poke|p1|Kingambit, M|
|poke|p1|Hatterene, F|
|poke|p1|Muk-Alola, F|
|poke|p1|Scizor, F|
|poke|p2|Dragapult, F|
|poke|p2|Sinistcha|
|poke|p2|Kingambit, F|
|poke|p2|Clodsire, M|
|poke|p2|Corviknight, F|
|poke|p2|Rotom-Wash|
|poke|p2|Cinderace, M|
|poke|p2|Primarina, M|
|teampreview|6
|showteam|p1|Garganacl||AssaultVest|PurifyingSalt|SaltCure,BodyPress,FirePunch,IronHead|||F||||,,,,,Rock]Weezing-Galar||RockyHelmet|NeutralizingGas|ClearSmog,DazzlingGleam,DestinyBond,SludgeBomb|||M||||,,,,,Poison]Corviknight||Leftovers|MirrorArmor|BodyPress,DrillPeck,Uturn,BulkUp|||M||||,,,,,Flying]Dragapult||ExpertBelt|ClearBody|DragonDarts,PsychicFangs,SuckerPunch,WillOWisp|||F||||,,,,,Dragon]Kingambit||FocusSash|SupremeOverlord|FoulPlay,BrickBreak,IronHead,XScissor|||M||||,,,,,Dark]Hatterene||Metronome|MagicBounce|DazzlingGleam,DrainingKiss,GigaDrain,MysticalFire|||F||||,,,,,Psychic]Muk-Alola||BlackSludge|PoisonTouch|Toxic,Haze,PoisonJab,Protect|||F||||,,,,,Poison]Scizor||MetalCoat|Technician|BulletPunch,AerialAce,BrickBreak,IronHead|||F||||,,,,,Bug
|showteam|p2|Dragapult||ChoiceScarf|Infiltrator|ShadowBall,Uturn,Flamethrower,DracoMeteor|||F||||,,,,,Dragon]Sinistcha||SitrusBerry|Heatproof|MatchaGotcha,ShadowBall,StrengthSap,Scald|||||||,,,,,Grass]Kingambit||BlackGlasses|SupremeOverlord|KowtowCleave,SuckerPunch,SwordsDance,IronHead|||F||||,,,,,Dark]Clodsire||BlackSludge|WaterAbsorb|Earthquake,PoisonJab,Recover,ToxicSpikes|||M||||,,,,,Poison]Corviknight||RockyHelmet|Pressure|IronHead,Uturn,Defog,Roost|||F||||,,,,,Flying]Rotom-Wash||Leftovers|Levitate|HydroPump,VoltSwitch,WillOWisp,PainSplit|||||||,,,,,Electric]Cinderace||HeavyDutyBoots|Libero|Uturn,PyroBall,CourtChange,SuckerPunch|||M||||,,,,,Fire]Primarina||AssaultVest|LiquidVoice|HyperVoice,IceBeam,DrainingKiss,FlipTurn|||M||||,,,,,Water
|inactive|Battle timer is ON: inactive players will automatically lose when time's up. (requested by hakarigod)
|c|☆hakarigod|ban corvinight
|c|☆k1m0_01|Igual ban Corviknight
|inactive|hakarigod has 270 seconds left.
|inactive|k1m0_01 has 270 seconds left.
|
|t:|1757807968
|teamsize|p1|6
|teamsize|p2|6
|start
|switch|p1a: ZACK|Weezing-Galar, M|100/100
|switch|p2a: Lavadora|Rotom-Wash|100/100
|-ability|p1a: ZACK|Neutralizing Gas
|turn|1
|c|☆hakarigod|no llevo hatterene
|
|t:|1757807986
|switch|p2a: Babosa osa|Clodsire, M|100/100
|move|p1a: ZACK|Sludge Bomb|p2a: Babosa osa
|-resisted|p2a: Babosa osa
|-damage|p2a: Babosa osa|95/100
|
|-heal|p2a: Babosa osa|100/100|[from] item: Black Sludge
|upkeep
|turn|2
|
|t:|1757807996
|move|p1a: ZACK|Destiny Bond|p1a: ZACK
|-singlemove|p1a: ZACK|Destiny Bond
|move|p2a: Babosa osa|Earthquake|p1a: ZACK
|-supereffective|p1a: ZACK
|-damage|p1a: ZACK|55/100
|
|upkeep
|turn|3
|
|t:|1757808021
|move|p1a: ZACK|Dazzling Gleam|p2a: Babosa osa
|-resisted|p2a: Babosa osa
|-damage|p2a: Babosa osa|91/100
|move|p2a: Babosa osa|Earthquake|p1a: ZACK
|-supereffective|p1a: ZACK
|-damage|p1a: ZACK|9/100
|
|-heal|p2a: Babosa osa|97/100|[from] item: Black Sludge
|upkeep
|turn|4
|
|t:|1757808030
|move|p1a: ZACK|Destiny Bond|p1a: ZACK
|-singlemove|p1a: ZACK|Destiny Bond
|move|p2a: Babosa osa|Toxic Spikes|p1a: ZACK
|-sidestart|p1: hakarigod|move: Toxic Spikes
|
|-heal|p2a: Babosa osa|100/100|[from] item: Black Sludge
|upkeep
|turn|5
|
|t:|1757808037
|move|p1a: ZACK|Destiny Bond||[still]
|-fail|p1a: ZACK
|move|p2a: Babosa osa|Toxic Spikes|p1a: ZACK
|-sidestart|p1: hakarigod|move: Toxic Spikes
|
|upkeep
|turn|6
|
|t:|1757808045
|move|p1a: ZACK|Destiny Bond|p1a: ZACK
|-singlemove|p1a: ZACK|Destiny Bond
|move|p2a: Babosa osa|Recover||[still]
|-fail|p2a: Babosa osa|heal
|
|upkeep
|turn|7
|
|t:|1757808053
|move|p1a: ZACK|Destiny Bond||[still]
|-fail|p1a: ZACK
|move|p2a: Babosa osa|Recover||[still]
|-fail|p2a: Babosa osa|heal
|
|upkeep
|turn|8
|
|t:|1757808062
|move|p1a: ZACK|Destiny Bond|p1a: ZACK
|-singlemove|p1a: ZACK|Destiny Bond
|move|p2a: Babosa osa|Toxic Spikes||[still]
|-fail|p2a: Babosa osa
|
|upkeep
|turn|9
|c|☆hakarigod|??????????
|
|t:|1757808069
|move|p1a: ZACK|Dazzling Gleam|p2a: Babosa osa
|-resisted|p2a: Babosa osa
|-damage|p2a: Babosa osa|91/100
|move|p2a: Babosa osa|Earthquake|p1a: ZACK
|-supereffective|p1a: ZACK
|-damage|p1a: ZACK|0 fnt
|faint|p1a: ZACK
|-end|p1a: ZACK|ability: Neutralizing Gas
|
|-heal|p2a: Babosa osa|98/100|[from] item: Black Sludge
|upkeep
|
|t:|1757808074
|switch|p1a: ZETA|Muk-Alola, F|100/100
|-sideend|p1: hakarigod|move: Toxic Spikes|[of] p1a: ZETA
|turn|10
|
|t:|1757808081
|switch|p1a: OLIANG|Dragapult, F|100/100
|move|p2a: Babosa osa|Earthquake|p1a: OLIANG
|-damage|p1a: OLIANG|61/100
|
|-heal|p2a: Babosa osa|100/100|[from] item: Black Sludge
|upkeep
|turn|11
|
|t:|1757808089
|switch|p2a: Lavadora|Rotom-Wash|100/100
|move|p1a: OLIANG|Will-O-Wisp|p2a: Lavadora
|-status|p2a: Lavadora|brn
|
|-damage|p2a: Lavadora|94/100 brn|[from] brn
|upkeep
|turn|12
|
|t:|1757808098
|switch|p1a: ZETA|Muk-Alola, F|100/100
|move|p2a: Lavadora|Will-O-Wisp|p1a: ZETA|[miss]
|-miss|p2a: Lavadora|p1a: ZETA
|
|-heal|p2a: Lavadora|100/100 brn|[from] item: Leftovers
|-damage|p2a: Lavadora|94/100 brn|[from] brn
|upkeep
|turn|13
|
|t:|1757808105
|move|p2a: Lavadora|Will-O-Wisp|p1a: ZETA
|-status|p1a: ZETA|brn
|move|p1a: ZETA|Poison Jab|p2a: Lavadora
|-damage|p2a: Lavadora|83/100 brn
|
|-heal|p2a: Lavadora|90/100 brn|[from] item: Leftovers
|-damage|p2a: Lavadora|83/100 brn|[from] brn
|-damage|p1a: ZETA|94/100 brn|[from] brn
|upkeep
|turn|14
|
|t:|1757808117
|switch|p1a: KSOP|Scizor, F|100/100
|move|p2a: Lavadora|Volt Switch|p1a: KSOP
|-damage|p1a: KSOP|69/100
|
|t:|1757808122
|switch|p2a: Pelota|Cinderace, M|100/100|[from] Volt Switch
|
|upkeep
|turn|15
|
|t:|1757808130
|move|p1a: KSOP|Bullet Punch|p2a: Pelota
|-resisted|p2a: Pelota
|-damage|p2a: Pelota|71/100
|move|p2a: Pelota|Pyro Ball|p1a: KSOP
|-supereffective|p1a: KSOP
|-damage|p1a: KSOP|0 fnt
|faint|p1a: KSOP
|
|upkeep
|
|t:|1757808139
|switch|p1a: OLIANG|Dragapult, F|61/100
|turn|16
|
|t:|1757808151
|move|p2a: Pelota|Sucker Punch||[still]
|-fail|p2a: Pelota
|move|p1a: OLIANG|Will-O-Wisp|p2a: Pelota|[miss]
|-miss|p1a: OLIANG|p2a: Pelota
|
|upkeep
|turn|17
|
|t:|1757808156
|move|p2a: Pelota|Sucker Punch||[still]
|-fail|p2a: Pelota
|move|p1a: OLIANG|Will-O-Wisp|p2a: Pelota|[miss]
|-miss|p1a: OLIANG|p2a: Pelota
|
|upkeep
|turn|18
|
|t:|1757808163
|move|p1a: OLIANG|Will-O-Wisp|p2a: Pelota|[miss]
|-miss|p1a: OLIANG|p2a: Pelota
|move|p2a: Pelota|Pyro Ball|p1a: OLIANG
|-resisted|p1a: OLIANG
|-damage|p1a: OLIANG|19/100
|
|upkeep
|turn|19
|
|t:|1757808167
|move|p2a: Pelota|Sucker Punch||[still]
|-fail|p2a: Pelota
|move|p1a: OLIANG|Will-O-Wisp|p2a: Pelota
|-immune|p2a: Pelota
|
|upkeep
|turn|20
|
|t:|1757808174
|move|p1a: OLIANG|Dragon Darts|p2a: Pelota
|-damage|p2a: Pelota|34/100
|-anim|p1a: OLIANG|Dragon Darts|p2a: Pelota
|-damage|p2a: Pelota|0 fnt
|faint|p2a: Pelota
|
|upkeep
|c|☆k1m0_01|No llevo al primarina
|c|☆k1m0_01|Pwrdon por no avisar
|
|t:|1757808203
|switch|p2a: Fantasmin|Dragapult, F|100/100
|turn|21
|c|☆hakarigod|tranqui
|
|t:|1757808208
|move|p1a: OLIANG|Sucker Punch|p2a: Fantasmin
|-supereffective|p2a: Fantasmin
|-damage|p2a: Fantasmin|40/100
|move|p2a: Fantasmin|Shadow Ball|p1a: OLIANG
|-supereffective|p1a: OLIANG
|-damage|p1a: OLIANG|0 fnt
|faint|p1a: OLIANG
|
|upkeep
|
|t:|1757808214
|switch|p1a: YAN|Kingambit, M|100/100
|-activate|p1a: YAN|ability: Supreme Overlord
|-start|p1a: YAN|fallen3|[silent]
|turn|22
|
|t:|1757808219
|switch|p2a: Lavadora|Rotom-Wash|83/100 brn
|move|p1a: YAN|Foul Play|p2a: Lavadora
|-damage|p2a: Lavadora|66/100 brn
|
|-heal|p2a: Lavadora|73/100 brn|[from] item: Leftovers
|-damage|p2a: Lavadora|66/100 brn|[from] brn
|upkeep
|turn|23
|
|t:|1757808230
|move|p2a: Lavadora|Will-O-Wisp|p1a: YAN
|-status|p1a: YAN|brn
|move|p1a: YAN|Iron Head|p2a: Lavadora
|-resisted|p2a: Lavadora
|-damage|p2a: Lavadora|60/100 brn
|
|-heal|p2a: Lavadora|67/100 brn|[from] item: Leftovers
|-damage|p2a: Lavadora|60/100 brn|[from] brn
|-damage|p1a: YAN|94/100 brn|[from] brn
|upkeep
|turn|24
|
|t:|1757808247
|move|p2a: Lavadora|Volt Switch|p1a: YAN
|-damage|p1a: YAN|72/100 brn
|
|t:|1757808255
|switch|p2a: Babosa osa|Clodsire, M|100/100|[from] Volt Switch
|move|p1a: YAN|Foul Play|p2a: Babosa osa
|-damage|p2a: Babosa osa|82/100
|
|-heal|p2a: Babosa osa|89/100|[from] item: Black Sludge
|-damage|p1a: YAN|66/100 brn|[from] brn
|upkeep
|turn|25
|
|t:|1757808261
|move|p1a: YAN|Iron Head|p2a: Babosa osa
|-damage|p2a: Babosa osa|52/100
|move|p2a: Babosa osa|Earthquake|p1a: YAN
|-supereffective|p1a: YAN
|-damage|p1a: YAN|27/100 brn
|
|-heal|p2a: Babosa osa|59/100|[from] item: Black Sludge
|-damage|p1a: YAN|21/100 brn|[from] brn
|upkeep
|turn|26
|
|t:|1757808267
|move|p1a: YAN|Iron Head|p2a: Babosa osa
|-damage|p2a: Babosa osa|25/100
|move|p2a: Babosa osa|Earthquake|p1a: YAN
|-supereffective|p1a: YAN
|-damage|p1a: YAN|0 fnt
|faint|p1a: YAN
|-end|p1a: YAN|fallen3|[silent]
|
|-heal|p2a: Babosa osa|31/100|[from] item: Black Sludge
|upkeep
|
|t:|1757808271
|switch|p1a: ARO|Garganacl, F|100/100
|turn|27
|
|t:|1757808277
|switch|p2a: Te chai|Sinistcha|100/100
|move|p1a: ARO|Iron Head|p2a: Te chai
|-damage|p2a: Te chai|80/100
|
|upkeep
|turn|28
|
|t:|1757808285
|move|p2a: Te chai|Strength Sap|p1a: ARO
|-unboost|p1a: ARO|atk|1
|-heal|p2a: Te chai|100/100
|move|p1a: ARO|Salt Cure|p2a: Te chai
|-damage|p2a: Te chai|91/100
|-start|p2a: Te chai|Salt Cure
|
|-damage|p2a: Te chai|79/100|[from] Salt Cure
|upkeep
|turn|29
|
|t:|1757808294
|switch|p1a: ZETA|Muk-Alola, F|94/100 brn
|move|p2a: Te chai|Scald|p1a: ZETA
|-damage|p1a: ZETA|82/100 brn
|
|-heal|p1a: ZETA|88/100 brn|[from] item: Black Sludge
|-damage|p1a: ZETA|82/100 brn|[from] brn
|-damage|p2a: Te chai|66/100|[from] Salt Cure
|upkeep
|turn|30
|
|t:|1757808307
|move|p2a: Te chai|Strength Sap|p1a: ZETA
|-unboost|p1a: ZETA|atk|1
|-heal|p2a: Te chai|100/100
|move|p1a: ZETA|Toxic|p2a: Te chai
|-status|p2a: Te chai|tox
|
|-heal|p1a: ZETA|88/100 brn|[from] item: Black Sludge
|-damage|p2a: Te chai|94/100 tox|[from] psn
|-damage|p1a: ZETA|82/100 brn|[from] brn
|-damage|p2a: Te chai|82/100 tox|[from] Salt Cure
|upkeep
|turn|31
|
|t:|1757808322
|switch|p2a: Babosa osa|Clodsire, M|31/100
|move|p1a: ZETA|Poison Jab|p2a: Babosa osa
|-resisted|p2a: Babosa osa
|-damage|p2a: Babosa osa|28/100
|
|-heal|p1a: ZETA|88/100 brn|[from] item: Black Sludge
|-heal|p2a: Babosa osa|35/100|[from] item: Black Sludge
|-damage|p1a: ZETA|82/100 brn|[from] brn
|upkeep
|turn|32
|
|t:|1757808332
|move|p1a: ZETA|Poison Jab|p2a: Babosa osa
|-resisted|p2a: Babosa osa
|-damage|p2a: Babosa osa|32/100
|move|p2a: Babosa osa|Recover|p2a: Babosa osa
|-heal|p2a: Babosa osa|82/100
|
|-heal|p1a: ZETA|88/100 brn|[from] item: Black Sludge
|-heal|p2a: Babosa osa|88/100|[from] item: Black Sludge
|-damage|p1a: ZETA|82/100 brn|[from] brn
|upkeep
|turn|33
|
|t:|1757808340
|move|p1a: ZETA|Poison Jab|p2a: Babosa osa
|-resisted|p2a: Babosa osa
|-damage|p2a: Babosa osa|86/100
|move|p2a: Babosa osa|Earthquake|p1a: ZETA
|-supereffective|p1a: ZETA
|-damage|p1a: ZETA|29/100 brn
|
|-heal|p1a: ZETA|36/100 brn|[from] item: Black Sludge
|-heal|p2a: Babosa osa|92/100|[from] item: Black Sludge
|-damage|p1a: ZETA|29/100 brn|[from] brn
|upkeep
|turn|34
|
|t:|1757808345
|move|p1a: ZETA|Poison Jab|p2a: Babosa osa
|-resisted|p2a: Babosa osa
|-damage|p2a: Babosa osa|89/100
|move|p2a: Babosa osa|Earthquake|p1a: ZETA
|-supereffective|p1a: ZETA
|-damage|p1a: ZETA|0 fnt
|faint|p1a: ZETA
|
|-heal|p2a: Babosa osa|95/100|[from] item: Black Sludge
|upkeep
|
|t:|1757808347
|switch|p1a: ARO|Garganacl, F|100/100
|turn|35
|
|t:|1757808353
|move|p1a: ARO|Salt Cure|p2a: Babosa osa
|-resisted|p2a: Babosa osa
|-damage|p2a: Babosa osa|85/100
|-start|p2a: Babosa osa|Salt Cure
|move|p2a: Babosa osa|Earthquake|p1a: ARO
|-supereffective|p1a: ARO
|-damage|p1a: ARO|60/100
|
|-heal|p2a: Babosa osa|91/100|[from] item: Black Sludge
|-damage|p2a: Babosa osa|79/100|[from] Salt Cure
|upkeep
|turn|36
|
|t:|1757808357
|move|p1a: ARO|Iron Head|p2a: Babosa osa
|-crit|p2a: Babosa osa
|-damage|p2a: Babosa osa|39/100
|cant|p2a: Babosa osa|flinch
|
|-heal|p2a: Babosa osa|45/100|[from] item: Black Sludge
|-damage|p2a: Babosa osa|33/100|[from] Salt Cure
|upkeep
|turn|37
|
|t:|1757808362
|move|p1a: ARO|Iron Head|p2a: Babosa osa
|-damage|p2a: Babosa osa|4/100
|cant|p2a: Babosa osa|flinch
|
|-heal|p2a: Babosa osa|10/100|[from] item: Black Sludge
|-damage|p2a: Babosa osa|0 fnt|[from] Salt Cure
|faint|p2a: Babosa osa
|upkeep
|
|t:|1757808366
|switch|p2a: Lavadora|Rotom-Wash|60/100 brn
|turn|38
|
|t:|1757808374
|move|p2a: Lavadora|Hydro Pump|p1a: ARO
|-supereffective|p1a: ARO
|-damage|p1a: ARO|11/100
|move|p1a: ARO|Iron Head|p2a: Lavadora
|-resisted|p2a: Lavadora
|-damage|p2a: Lavadora|55/100 brn
|
|-heal|p2a: Lavadora|62/100 brn|[from] item: Leftovers
|-damage|p2a: Lavadora|55/100 brn|[from] brn
|upkeep
|turn|39
|
|t:|1757808377
|move|p2a: Lavadora|Hydro Pump|p1a: ARO
|-supereffective|p1a: ARO
|-damage|p1a: ARO|0 fnt
|faint|p1a: ARO
|
|win|k1m0_01
|c|☆hakarigod|gg
|c|☆k1m0_01|GG
|c|☆k1m0_01|Muy bien jugado
|c|☆hakarigod|mandas tu la captura o yo?
|c|☆k1m0_01|Yo la puedo enviar tranqui
|c|☆hakarigod|ookey
