|j|☆trevontavios
|j|☆Mudkip43
|t:|1757919294
|gametype|singles
|player|p1|trevontavios|266|1063
|player|p2|Mudkip43|alec-anime|1071
|gen|9
|tier|[Gen 9] OU
|rated|
|rule|HP Percentage Mod: HP is shown in percentages
|rule|Endless Battle Clause: Forcing endless battles is banned
|rule|Species Clause: Limit one of each Pokémon
|rule|OHKO Clause: OHKO moves are banned
|rule|Evasion Items Clause: Evasion items are banned
|rule|Evasion Moves Clause: Evasion moves are banned
|rule|Evasion Abilities Clause: Evasion abilities are banned
|rule|Sleep Moves Clause: Sleep-inducing moves are banned
|clearpoke
|poke|p1|Lycanroc-Midnight, M|
|poke|p1|Electivire, M|
|poke|p1|Skarmory, M|
|poke|p1|Tentacruel, M|
|poke|p1|Lokix, M|
|poke|p1|Infernape, M|
|poke|p2|Cranidos, M|
|poke|p2|Munchlax, F|
|poke|p2|Shieldon, M|
|poke|p2|Cottonee, L1, M|
|poke|p2|Glimmet, M|
|poke|p2|Venonat, M|
|teampreview
|
|t:|1757919304
|teamsize|p1|6
|teamsize|p2|6
|start
|switch|p1a: Electivire|Electivire, M|100/100
|switch|p2a: Munchlax|Munchlax, F, shiny|100/100
|turn|1
|c|☆trevontavios|im bouta get cooked
|
|t:|1757919316
|switch|p1a: Infernape|Infernape, M|100/100
|move|p2a: Munchlax|Mud-Slap|p1a: Infernape
|-supereffective|p1a: Infernape
|-damage|p1a: Infernape|92/100
|-unboost|p1a: Infernape|accuracy|1
|
|upkeep
|turn|2
|
|t:|1757919327
|-terastallize|p2a: Munchlax|Poison
|move|p1a: Infernape|Close Combat|p2a: Munchlax
|-resisted|p2a: Munchlax
|-damage|p2a: Munchlax|83/100
|-unboost|p1a: Infernape|def|1
|-unboost|p1a: Infernape|spd|1
|-damage|p1a: Infernape|82/100|[from] item: Life Orb
|move|p2a: Munchlax|Counter|p1a: Infernape
|-damage|p1a: Infernape|27/100
|
|upkeep
|turn|3
|
|t:|1757919339
|move|p1a: Infernape|U-turn|p2a: Munchlax
|-resisted|p2a: Munchlax
|-damage|p2a: Munchlax|77/100
|-damage|p1a: Infernape|17/100|[from] item: Life Orb
|
|t:|1757919348
|switch|p1a: Skarmory|Skarmory, M|100/100|[from] U-turn
|move|p2a: Munchlax|Counter|p1a: Skarmory
|-damage|p1a: Skarmory|79/100
|-damage|p2a: Munchlax|61/100|[from] item: Rocky Helmet|[of] p1a: Skarmory
|-ability|p1a: Skarmory|Weak Armor|boost
|-unboost|p1a: Skarmory|def|1
|-boost|p1a: Skarmory|spe|2
|
|upkeep
|turn|4
|
|t:|1757919369
|switch|p2a: Cottonee|Cottonee, L1, M|100/100
|move|p1a: Skarmory|Stealth Rock|p2a: Cottonee
|-sidestart|p2: Mudkip43|move: Stealth Rock
|
|upkeep
|turn|5
|
|t:|1757919375
|move|p2a: Cottonee|Leech Seed|p1a: Skarmory
|-start|p1a: Skarmory|move: Leech Seed
|move|p1a: Skarmory|Drill Peck|p2a: Cottonee
|-supereffective|p2a: Cottonee
|-enditem|p2a: Cottonee|Focus Sash
|-damage|p2a: Cottonee|9/100
|
|-damage|p1a: Skarmory|67/100|[from] Leech Seed|[of] p2a: Cottonee
|-heal|p2a: Cottonee|100/100|[silent]
|upkeep
|turn|6
|c|☆trevontavios|????
|
|t:|1757919396
|move|p2a: Cottonee|Substitute|p2a: Cottonee
|-start|p2a: Cottonee|Substitute
|-damage|p2a: Cottonee|75/100
|move|p1a: Skarmory|Drill Peck|p2a: Cottonee
|-supereffective|p2a: Cottonee
|-end|p2a: Cottonee|Substitute
|
|-damage|p1a: Skarmory|54/100|[from] Leech Seed|[of] p2a: Cottonee
|-heal|p2a: Cottonee|100/100|[silent]
|upkeep
|turn|7
|
|t:|1757919410
|switch|p1a: Lokix|Lokix, M|100/100
|move|p2a: Cottonee|Substitute|p2a: Cottonee
|-start|p2a: Cottonee|Substitute
|-damage|p2a: Cottonee|75/100
|
|upkeep
|turn|8
|
|t:|1757919417
|move|p1a: Lokix|First Impression|p2a: Cottonee
|-end|p2a: Cottonee|Substitute
|move|p2a: Cottonee|Endeavor|p1a: Lokix
|-damage|p1a: Lokix|4/100
|
|upkeep
|turn|9
|-message|trevontavios forfeited.
|
|win|Mudkip43
|raw|trevontavios's rating: 1063 &rarr; <strong>1044</strong><br />(-19 for losing)
|raw|Mudkip43's rating: 1071 &rarr; <strong>1100</strong><br />(+29 for winning)
|l|☆trevontavios
|player|p1|
