|j|☆nuonuozi
|j|☆ulookugly
|t:|1757915733
|gametype|singles
|player|p1|nuonuozi|lass-gen4dp|1185
|player|p2|ulookugly|102|1136
|gen|9
|tier|[Gen 9] OU
|rated|
|rule|HP Percentage Mod: HP is shown in percentages
|rule|Endless Battle Clause: Forcing endless battles is banned
|rule|Species Clause: Limit one of each Pokémon
|rule|OHKO Clause: OHKO moves are banned
|rule|Evasion Items Clause: Evasion items are banned
|rule|Evasion Moves Clause: Evasion moves are banned
|rule|Evasion Abilities Clause: Evasion abilities are banned
|rule|Sleep Moves Clause: Sleep-inducing moves are banned
|clearpoke
|poke|p1|Greninja-*, M|
|poke|p1|Gliscor, M|
|poke|p1|Gholdengo|
|poke|p1|Kyurem|
|poke|p1|Iron Valiant|
|poke|p1|Blaziken, M|
|poke|p2|Kyurem|
|poke|p2|Tyranitar, M|
|poke|p2|Avalugg-Hisui, F|
|poke|p2|Landorus-Therian, M|
|poke|p2|Glimmora, F|
|poke|p2|Duraludon, M|
|teampreview
|inactive|Battle timer is ON: inactive players will automatically lose when time's up. (requested by ulookugly)
|inactive|ulookugly has 120 seconds left.
|
|t:|1757915774
|teamsize|p1|6
|teamsize|p2|6
|start
|switch|p1a: 我释放忍术！|Greninja, M|100/100
|switch|p2a: Landorus|Landorus-Therian, M|100/100
|-ability|p2a: Landorus|Intimidate|boost
|-unboost|p1a: 我释放忍术！|atk|1
|turn|1
|
|t:|1757915785
|switch|p2a: Glimmora|Glimmora, F|100/100
|move|p1a: 我释放忍术！|Surf|p2a: Glimmora
|-start|p1a: 我释放忍术！|typechange|Water|[from] ability: Protean
|-supereffective|p2a: Glimmora
|-damage|p2a: Glimmora|0 fnt
|faint|p2a: Glimmora
|
|upkeep
|
|t:|1757915791
|switch|p2a: Tyranitar|Tyranitar, M|100/100
|-weather|Sandstorm|[from] ability: Sand Stream|[of] p2a: Tyranitar
|turn|2
|
|t:|1757915798
|move|p1a: 我释放忍术！|Surf|p2a: Tyranitar
|-supereffective|p2a: Tyranitar
|-damage|p2a: Tyranitar|54/100
|move|p2a: Tyranitar|Knock Off|p1a: 我释放忍术！
|-damage|p1a: 我释放忍术！|21/100
|-enditem|p1a: 我释放忍术！|Choice Specs|[from] move: Knock Off|[of] p2a: Tyranitar
|
|-weather|Sandstorm|[upkeep]
|-damage|p1a: 我释放忍术！|16/100|[from] Sandstorm
|upkeep
|turn|3
|
|t:|1757915823
|switch|p1a: 土地蝎|Gliscor, M|100/100
|switch|p2a: Kyurem|Kyurem|100/100
|-ability|p2a: Kyurem|Pressure
|
|-weather|Sandstorm|[upkeep]
|-damage|p2a: Kyurem|94/100|[from] Sandstorm
|-status|p1a: 土地蝎|tox|[from] item: Toxic Orb
|upkeep
|turn|4
|
|t:|1757915833
|move|p2a: Kyurem|Ice Beam|p1a: 土地蝎
|-supereffective|p1a: 土地蝎
|-damage|p1a: 土地蝎|0 fnt
|faint|p1a: 土地蝎
|
|-weather|Sandstorm|[upkeep]
|-damage|p2a: Kyurem|88/100|[from] Sandstorm
|upkeep
|
|t:|1757915842
|switch|p1a: 坤哥|Blaziken, M, shiny|100/100
|turn|5
|
|t:|1757915847
|move|p1a: 坤哥|Protect|p1a: 坤哥
|-singleturn|p1a: 坤哥|Protect
|move|p2a: Kyurem|Ice Beam|p1a: 坤哥
|-activate|p1a: 坤哥|move: Protect
|
|-weather|Sandstorm|[upkeep]
|-damage|p2a: Kyurem|82/100|[from] Sandstorm
|-damage|p1a: 坤哥|95/100|[from] Sandstorm
|-ability|p1a: 坤哥|Speed Boost|boost
|-boost|p1a: 坤哥|spe|1
|upkeep
|turn|6
|
|t:|1757915857
|-terastallize|p2a: Kyurem|Dragon
|move|p2a: Kyurem|Ice Beam|p1a: 坤哥
|-resisted|p1a: 坤哥
|-damage|p1a: 坤哥|63/100
|move|p1a: 坤哥|Close Combat|p2a: Kyurem
|-damage|p2a: Kyurem|18/100
|-unboost|p1a: 坤哥|def|1
|-unboost|p1a: 坤哥|spd|1
|
|-weather|none
|-ability|p1a: 坤哥|Speed Boost|boost
|-boost|p1a: 坤哥|spe|1
|upkeep
|turn|7
|
|t:|1757915871
|move|p1a: 坤哥|Close Combat|p2a: Kyurem
|-damage|p2a: Kyurem|0 fnt
|-unboost|p1a: 坤哥|def|1
|-unboost|p1a: 坤哥|spd|1
|faint|p2a: Kyurem
|
|-ability|p1a: 坤哥|Speed Boost|boost
|-boost|p1a: 坤哥|spe|1
|upkeep
|
|t:|1757915874
|switch|p2a: Landorus|Landorus-Therian, M|100/100
|-ability|p2a: Landorus|Intimidate|boost
|-unboost|p1a: 坤哥|atk|1
|turn|8
|
|t:|1757915903
|switch|p1a: 金色圆柱体|Gholdengo, shiny|100/100
|move|p2a: Landorus|U-turn|p1a: 金色圆柱体
|-resisted|p1a: 金色圆柱体
|-damage|p1a: 金色圆柱体|94/100
|
|t:|1757915910
|switch|p2a: Tyranitar|Tyranitar, M|54/100|[from] U-turn
|-weather|Sandstorm|[from] ability: Sand Stream|[of] p2a: Tyranitar
|
|-weather|Sandstorm|[upkeep]
|-heal|p1a: 金色圆柱体|100/100|[from] item: Leftovers
|upkeep
|turn|9
|
|t:|1757915922
|-terastallize|p1a: 金色圆柱体|Flying
|move|p1a: 金色圆柱体|Dazzling Gleam|p2a: Tyranitar
|-supereffective|p2a: Tyranitar
|-damage|p2a: Tyranitar|31/100
|move|p2a: Tyranitar|Knock Off|p1a: 金色圆柱体
|-damage|p1a: 金色圆柱体|43/100
|-enditem|p1a: 金色圆柱体|Leftovers|[from] move: Knock Off|[of] p2a: Tyranitar
|
|-weather|Sandstorm|[upkeep]
|-damage|p1a: 金色圆柱体|37/100|[from] Sandstorm
|upkeep
|turn|10
|
|t:|1757915934
|switch|p2a: Duraludon|Duraludon, M|100/100
|move|p1a: 金色圆柱体|Dazzling Gleam|p2a: Duraludon
|-damage|p2a: Duraludon|75/100
|
|-weather|Sandstorm|[upkeep]
|-damage|p1a: 金色圆柱体|31/100|[from] Sandstorm
|upkeep
|turn|11
|
|t:|1757915943
|move|p1a: 金色圆柱体|Dazzling Gleam|p2a: Duraludon
|-damage|p2a: Duraludon|46/100
|move|p2a: Duraludon|Flash Cannon|p1a: 金色圆柱体
|-crit|p1a: 金色圆柱体
|-damage|p1a: 金色圆柱体|0 fnt
|faint|p1a: 金色圆柱体
|
|-weather|Sandstorm|[upkeep]
|upkeep
|
|t:|1757915960
|switch|p1a: 沙奈朵|Iron Valiant|100/100
|-enditem|p1a: 沙奈朵|Booster Energy
|-activate|p1a: 沙奈朵|ability: Quark Drive|[fromitem]
|-start|p1a: 沙奈朵|quarkdrivespe
|turn|12
|
|t:|1757915967
|switch|p2a: Landorus|Landorus-Therian, M|100/100
|-ability|p2a: Landorus|Intimidate|boost
|-unboost|p1a: 沙奈朵|atk|1
|move|p1a: 沙奈朵|Aura Sphere|p2a: Landorus
|-resisted|p2a: Landorus
|-damage|p2a: Landorus|81/100
|-enditem|p2a: Landorus|Eject Button
|
|t:|1757915973
|switch|p2a: Duraludon|Duraludon, M|46/100
|
|-weather|none
|upkeep
|turn|13
|
|t:|1757915979
|move|p1a: 沙奈朵|Aura Sphere|p2a: Duraludon
|-supereffective|p2a: Duraludon
|-damage|p2a: Duraludon|0 fnt
|faint|p2a: Duraludon
|
|upkeep
|
|t:|1757915983
|switch|p2a: Tyranitar|Tyranitar, M|31/100
|-weather|Sandstorm|[from] ability: Sand Stream|[of] p2a: Tyranitar
|turn|14
|
|t:|1757915988
|switch|p2a: Landorus|Landorus-Therian, M|81/100
|-ability|p2a: Landorus|Intimidate|boost
|-unboost|p1a: 沙奈朵|atk|1
|move|p1a: 沙奈朵|Aura Sphere|p2a: Landorus
|-resisted|p2a: Landorus
|-damage|p2a: Landorus|60/100
|
|-weather|Sandstorm|[upkeep]
|-damage|p1a: 沙奈朵|94/100|[from] Sandstorm
|upkeep
|turn|15
|
|t:|1757915999
|move|p1a: 沙奈朵|Moonblast|p2a: Landorus
|-damage|p2a: Landorus|18/100
|move|p2a: Landorus|U-turn|p1a: 沙奈朵
|-resisted|p1a: 沙奈朵
|-damage|p1a: 沙奈朵|87/100
|
|t:|1757916002
|switch|p2a: Avalugg|Avalugg-Hisui, F|100/100|[from] U-turn
|
|-weather|Sandstorm|[upkeep]
|-damage|p1a: 沙奈朵|81/100|[from] Sandstorm
|upkeep
|turn|16
|
|t:|1757916011
|move|p1a: 沙奈朵|Aura Sphere|p2a: Avalugg
|-supereffective|p2a: Avalugg
|-damage|p2a: Avalugg|5/100
|move|p2a: Avalugg|Crunch|p1a: 沙奈朵
|-resisted|p1a: 沙奈朵
|-damage|p1a: 沙奈朵|68/100
|-unboost|p1a: 沙奈朵|def|1
|
|-weather|Sandstorm|[upkeep]
|-damage|p1a: 沙奈朵|61/100|[from] Sandstorm
|upkeep
|turn|17
|-message|ulookugly forfeited.
|
|win|nuonuozi
|raw|nuonuozi's rating: 1185 &rarr; <strong>1206</strong><br />(+21 for winning)
|raw|ulookugly's rating: 1136 &rarr; <strong>1115</strong><br />(-21 for losing)
|l|☆ulookugly
|player|p2|
|l|☆nuonuozi
|player|p1|
