|j|☆PistachoNuclear
|j|☆123ezaqsd
|t:|1757787652
|gametype|singles
|player|p1|PistachoNuclear|gambler|1256
|player|p2|123ezaqsd|265|1243
|gen|9
|tier|[Gen 9] OU
|rated|
|rule|HP Percentage Mod: HP is shown in percentages
|rule|Endless Battle Clause: Forcing endless battles is banned
|rule|Species Clause: Limit one of each Pokémon
|rule|OHKO Clause: OHKO moves are banned
|rule|Evasion Items Clause: Evasion items are banned
|rule|Evasion Moves Clause: Evasion moves are banned
|rule|Evasion Abilities Clause: Evasion abilities are banned
|rule|Sleep Moves Clause: Sleep-inducing moves are banned
|clearpoke
|poke|p1|Slowbro, M|
|poke|p1|Corviknight, F|
|poke|p1|Persian-Alola, F|
|poke|p1|Jolteon, M|
|poke|p1|Crabominable, F|
|poke|p1|Dugtrio, M|
|poke|p2|Landorus-Therian, M|
|poke|p2|Volcanion|
|poke|p2|Slowking-Galar, M|
|poke|p2|Corviknight, M|
|poke|p2|Iron Boulder|
|poke|p2|Hoopa-Unbound|
|teampreview
|inactive|Battle timer is ON: inactive players will automatically lose when time's up. (requested by PistachoNuclear)
|
|t:|1757787676
|teamsize|p1|6
|teamsize|p2|6
|start
|switch|p1a: Jolteon|Jolteon, M|100/100
|switch|p2a: Volcanion|Volcanion|100/100
|turn|1
|
|t:|1757787686
|move|p1a: Jolteon|Volt Switch|p2a: Volcanion
|-supereffective|p2a: Volcanion
|-damage|p2a: Volcanion|0 fnt
|faint|p2a: Volcanion
|
|t:|1757787696
|switch|p1a: Persian|Persian-Alola, F, shiny|100/100|[from] Volt Switch
|
|upkeep
|
|t:|1757787701
|switch|p2a: Landorus|Landorus-Therian, M|100/100
|-ability|p2a: Landorus|Intimidate|boost
|-unboost|p1a: Persian|atk|1
|turn|2
|
|t:|1757787713
|move|p1a: Persian|Parting Shot|p2a: Landorus
|-unboost|p2a: Landorus|atk|1
|-unboost|p2a: Landorus|spa|1
|
|t:|1757787729
|switch|p1a: Slowbro|Slowbro, M, shiny|100/100|[from] Parting Shot
|move|p2a: Landorus|Stealth Rock|p1a: Slowbro
|-sidestart|p1: PistachoNuclear|move: Stealth Rock
|
|upkeep
|turn|3
|
|t:|1757787741
|move|p2a: Landorus|U-turn|p1a: Slowbro
|-supereffective|p1a: Slowbro
|-damage|p1a: Slowbro|73/100
|
|t:|1757787745
|switch|p2a: Hoopa|Hoopa-Unbound|100/100|[from] U-turn
|move|p1a: Slowbro|Surf|p2a: Hoopa
|-damage|p2a: Hoopa|65/100
|
|upkeep
|turn|4
|
|t:|1757787758
|switch|p1a: Corviknight|Corviknight, F|100/100
|-damage|p1a: Corviknight|88/100|[from] Stealth Rock
|move|p2a: Hoopa|Dark Pulse|p1a: Corviknight
|-damage|p1a: Corviknight|29/100
|
|upkeep
|turn|5
|inactive|PistachoNuclear has 120 seconds left.
|l|☆PistachoNuclear
|inactive|PistachoNuclear disconnected and has a minute to reconnect!
|player|p1|
|j|☆PistachoNuclear
|inactive|PistachoNuclear reconnected and has 105 seconds left.
|player|p1|PistachoNuclear|gambler|
|inactive|PistachoNuclear has 90 seconds left.
|
|t:|1757787813
|move|p2a: Hoopa|Dark Pulse|p1a: Corviknight
|-damage|p1a: Corviknight|0 fnt
|faint|p1a: Corviknight
|
|upkeep
|inactive|PistachoNuclear has 90 seconds left.
|
|t:|1757787818
|switch|p1a: Jolteon|Jolteon, M|100/100
|-damage|p1a: Jolteon|88/100|[from] Stealth Rock
|turn|6
|
|t:|1757787831
|move|p1a: Jolteon|Thunderbolt|p2a: Hoopa
|-damage|p2a: Hoopa|10/100
|move|p2a: Hoopa|Dark Pulse|p1a: Jolteon
|-damage|p1a: Jolteon|12/100
|
|upkeep
|turn|7
|
|t:|1757787839
|switch|p2a: Landorus|Landorus-Therian, M|100/100
|-ability|p2a: Landorus|Intimidate|boost
|-unboost|p1a: Jolteon|atk|1
|move|p1a: Jolteon|Thunderbolt|p2a: Landorus
|-immune|p2a: Landorus
|
|upkeep
|turn|8
|
|t:|1757787857
|move|p1a: Jolteon|Thunderbolt|p2a: Landorus
|-immune|p2a: Landorus
|move|p2a: Landorus|U-turn|p1a: Jolteon
|-damage|p1a: Jolteon|0 fnt
|faint|p1a: Jolteon
|
|t:|1757787871
|switch|p2a: Corviknight|Corviknight, M|100/100|[from] U-turn
|-ability|p2a: Corviknight|Pressure
|
|upkeep
|
|t:|1757787879
|switch|p1a: Slowbro|Slowbro, M, shiny|100/100
|-damage|p1a: Slowbro|88/100|[from] Stealth Rock
|turn|9
|
|t:|1757787888
|switch|p2a: Slowking|Slowking-Galar, M|100/100
|move|p1a: Slowbro|Surf|p2a: Slowking
|-damage|p2a: Slowking|74/100
|
|upkeep
|turn|10
|
|t:|1757787895
|move|p1a: Slowbro|Psychic|p2a: Slowking
|-damage|p2a: Slowking|51/100
|move|p2a: Slowking|Thunder Wave|p1a: Slowbro
|-status|p1a: Slowbro|par
|
|upkeep
|turn|11
|inactive|PistachoNuclear has 120 seconds left.
|
|t:|1757787902
|-prepare|p2a: Slowking|Chilly Reception|[premajor]
|move|p2a: Slowking|Chilly Reception|p2a: Slowking
|-weather|Snowscape
|
|t:|1757787908
|switch|p2a: Corviknight|Corviknight, M|100/100|[from] Chilly Reception
|-ability|p2a: Corviknight|Pressure
|move|p1a: Slowbro|Psychic|p2a: Corviknight
|-resisted|p2a: Corviknight
|-damage|p2a: Corviknight|81/100
|
|-weather|Snowscape|[upkeep]
|-heal|p2a: Corviknight|87/100|[from] item: Leftovers
|upkeep
|turn|12
|-message|PistachoNuclear forfeited.
|
|win|123ezaqsd
|raw|PistachoNuclear's rating: 1256 &rarr; <strong>1230</strong><br />(-26 for losing)
|raw|123ezaqsd's rating: 1243 &rarr; <strong>1269</strong><br />(+26 for winning)
|l|☆PistachoNuclear
|player|p1|
