|j|☆Dizzydwarf99
|j|☆mon$ter energy
|t:|1757899577
|gametype|singles
|player|p1|Dizzydwarf99|cheryl|1530
|player|p2|mon$ter energy|shadowtriad|1495
|gen|9
|tier|[Gen 9] OU
|rated|
|rule|HP Percentage Mod: HP is shown in percentages
|rule|Endless Battle Clause: Forcing endless battles is banned
|rule|Species Clause: Limit one of each Pokémon
|rule|OHKO Clause: OHKO moves are banned
|rule|Evasion Items Clause: Evasion items are banned
|rule|Evasion Moves Clause: Evasion moves are banned
|rule|Evasion Abilities Clause: Evasion abilities are banned
|rule|Sleep Moves Clause: Sleep-inducing moves are banned
|clearpoke
|poke|p1|Volcanion|
|poke|p1|Chesnaught, F|
|poke|p1|Scream Tail|
|poke|p1|Great Tusk|
|poke|p1|Tornadus-Therian, M|
|poke|p1|Toxtricity, M|
|poke|p2|Landorus-Therian, M|
|poke|p2|Darkrai|
|poke|p2|Kingambit, M|
|poke|p2|Cinderace, F|
|poke|p2|Zapdos|
|poke|p2|Samurott-Hisui, M|
|teampreview
|inactive|Battle timer is ON: inactive players will automatically lose when time's up. (requested by Dizzydwarf99)
|
|t:|1757899584
|teamsize|p1|6
|teamsize|p2|6
|start
|switch|p1a: Tornadus|Tornadus-Therian, M|100/100
|switch|p2a: Landorus|Landorus-Therian, M|100/100
|-ability|p2a: Landorus|Intimidate|boost
|-unboost|p1a: Tornadus|atk|1
|turn|1
|
|t:|1757899585
|move|p1a: Tornadus|Bleakwind Storm|p2a: Landorus
|-damage|p2a: Landorus|37/100
|-unboost|p2a: Landorus|spe|1
|move|p2a: Landorus|Stone Edge|p1a: Tornadus
|-supereffective|p1a: Tornadus
|-damage|p1a: Tornadus|0 fnt
|faint|p1a: Tornadus
|
|upkeep
|
|t:|1757899590
|switch|p1a: Great Tusk|Great Tusk|100/100
|turn|2
|
|t:|1757899601
|switch|p2a: Zapdos|Zapdos|100/100
|move|p1a: Great Tusk|Stealth Rock|p2a: Zapdos
|-sidestart|p2: mon$ter energy|move: Stealth Rock
|
|upkeep
|turn|3
|
|t:|1757899607
|-end|p1a: Great Tusk|Protosynthesis|[silent]
|switch|p1a: Toxtricity|Toxtricity, M|100/100
|move|p2a: Zapdos|Hurricane|p1a: Toxtricity
|-resisted|p1a: Toxtricity
|-damage|p1a: Toxtricity|64/100
|
|upkeep
|turn|4
|
|t:|1757899613
|move|p2a: Zapdos|Hurricane|p1a: Toxtricity|[miss]
|-miss|p2a: Zapdos|p1a: Toxtricity
|move|p1a: Toxtricity|Boomburst|p2a: Zapdos
|-damage|p2a: Zapdos|11/100
|
|upkeep
|turn|5
|
|t:|1757899618
|move|p2a: Zapdos|Hurricane|p1a: Toxtricity
|-resisted|p1a: Toxtricity
|-damage|p1a: Toxtricity|30/100
|-start|p1a: Toxtricity|confusion
|-activate|p1a: Toxtricity|confusion
|-damage|p1a: Toxtricity|19/100|[from] confusion
|
|upkeep
|turn|6
|
|t:|1757899625
|switch|p1a: Scream Tail|Scream Tail|100/100
|move|p2a: Zapdos|Volt Switch|p1a: Scream Tail
|-damage|p1a: Scream Tail|83/100
|
|t:|1757899628
|switch|p2a: Cinderace|Cinderace, F|100/100|[from] Volt Switch
|
|-heal|p1a: Scream Tail|89/100|[from] item: Leftovers
|upkeep
|turn|7
|
|t:|1757899633
|-end|p1a: Scream Tail|Protosynthesis|[silent]
|switch|p1a: Chesnaught|Chesnaught, F, shiny|100/100
|move|p2a: Cinderace|Gunk Shot|p1a: Chesnaught
|-start|p2a: Cinderace|typechange|Poison|[from] ability: Libero
|-supereffective|p1a: Chesnaught
|-damage|p1a: Chesnaught|30/100
|
|upkeep
|turn|8
|
|t:|1757899639
|-terastallize|p1a: Chesnaught|Steel
|move|p2a: Cinderace|Gunk Shot|p1a: Chesnaught
|-immune|p1a: Chesnaught
|move|p1a: Chesnaught|Synthesis|p1a: Chesnaught
|-heal|p1a: Chesnaught|80/100
|
|upkeep
|turn|9
|
|t:|1757899642
|move|p2a: Cinderace|U-turn|p1a: Chesnaught
|-resisted|p1a: Chesnaught
|-damage|p1a: Chesnaught|74/100
|-damage|p2a: Cinderace|84/100|[from] item: Rocky Helmet|[of] p1a: Chesnaught
|
|t:|1757899648
|switch|p2a: Zapdos|Zapdos|11/100|[from] U-turn
|move|p1a: Chesnaught|Knock Off|p2a: Zapdos
|-damage|p2a: Zapdos|0 fnt
|-enditem|p2a: Zapdos|Heavy-Duty Boots|[from] move: Knock Off|[of] p1a: Chesnaught
|faint|p2a: Zapdos
|
|upkeep
|
|t:|1757899652
|switch|p2a: Landorus|Landorus-Therian, M|37/100
|-damage|p2a: Landorus|25/100|[from] Stealth Rock
|-ability|p2a: Landorus|Intimidate|boost
|-unboost|p1a: Chesnaught|atk|1
|turn|10
|
|t:|1757899654
|switch|p1a: Scream Tail|Scream Tail|89/100
|move|p2a: Landorus|Earthquake|p1a: Scream Tail
|-damage|p1a: Scream Tail|45/100
|
|-heal|p1a: Scream Tail|51/100|[from] item: Leftovers
|upkeep
|turn|11
|
|t:|1757899660
|move|p1a: Scream Tail|Wish|p1a: Scream Tail
|move|p2a: Landorus|Earthquake|p1a: Scream Tail
|-damage|p1a: Scream Tail|8/100
|
|-heal|p1a: Scream Tail|15/100|[from] item: Leftovers
|upkeep
|turn|12
|
|t:|1757899662
|move|p1a: Scream Tail|Protect|p1a: Scream Tail
|-singleturn|p1a: Scream Tail|Protect
|move|p2a: Landorus|Stealth Rock|p1a: Scream Tail
|-sidestart|p1: Dizzydwarf99|move: Stealth Rock
|
|-heal|p1a: Scream Tail|65/100|[from] move: Wish|[wisher] Scream Tail
|-heal|p1a: Scream Tail|71/100|[from] item: Leftovers
|upkeep
|turn|13
|
|t:|1757899670
|switch|p2a: Cinderace|Cinderace, F|84/100
|move|p1a: Scream Tail|Wish|p1a: Scream Tail
|
|-heal|p1a: Scream Tail|77/100|[from] item: Leftovers
|upkeep
|turn|14
|
|t:|1757899675
|-end|p1a: Scream Tail|Protosynthesis|[silent]
|switch|p1a: Chesnaught|Chesnaught, F, shiny, tera:Steel|74/100
|-damage|p1a: Chesnaught|68/100|[from] Stealth Rock
|move|p2a: Cinderace|U-turn|p1a: Chesnaught
|-start|p2a: Cinderace|typechange|Bug|[from] ability: Libero
|-resisted|p1a: Chesnaught
|-damage|p1a: Chesnaught|59/100
|-damage|p2a: Cinderace|67/100|[from] item: Rocky Helmet|[of] p1a: Chesnaught
|
|t:|1757899690
|switch|p2a: Samurott|Samurott-Hisui, M, shiny|100/100|[from] U-turn
|-damage|p2a: Samurott|88/100|[from] Stealth Rock
|
|-heal|p1a: Chesnaught|100/100|[from] move: Wish|[wisher] Scream Tail
|upkeep
|turn|15
|
|t:|1757899695
|move|p2a: Samurott|Ceaseless Edge|p1a: Chesnaught
|-damage|p1a: Chesnaught|75/100
|-damage|p2a: Samurott|71/100|[from] item: Rocky Helmet|[of] p1a: Chesnaught
|-sidestart|p1: Dizzydwarf99|Spikes
|move|p1a: Chesnaught|Body Press|p2a: Samurott
|-supereffective|p2a: Samurott
|-damage|p2a: Samurott|0 fnt
|faint|p2a: Samurott
|
|upkeep
|
|t:|1757899705
|switch|p2a: Landorus|Landorus-Therian, M|25/100
|-damage|p2a: Landorus|13/100|[from] Stealth Rock
|-ability|p2a: Landorus|Intimidate|boost
|-unboost|p1a: Chesnaught|atk|1
|turn|16
|
|t:|1757899708
|switch|p1a: Great Tusk|Great Tusk|100/100
|move|p2a: Landorus|Earthquake|p1a: Great Tusk
|-damage|p1a: Great Tusk|57/100
|
|upkeep
|turn|17
|
|t:|1757899712
|move|p2a: Landorus|Earthquake|p1a: Great Tusk
|-damage|p1a: Great Tusk|14/100
|move|p1a: Great Tusk|Rapid Spin|p2a: Landorus
|-damage|p2a: Landorus|0 fnt
|-boost|p1a: Great Tusk|spe|1
|-damage|p1a: Great Tusk|0 fnt|[from] item: Rocky Helmet|[of] p2a: Landorus
|faint|p2a: Landorus
|faint|p1a: Great Tusk
|-end|p1a: Great Tusk|Protosynthesis|[silent]
|
|upkeep
|
|t:|1757899720
|switch|p2a: Darkrai|Darkrai, shiny|100/100
|switch|p1a: Chesnaught|Chesnaught, F, shiny, tera:Steel|75/100
|-damage|p1a: Chesnaught|69/100|[from] Stealth Rock
|-damage|p1a: Chesnaught|57/100|[from] Spikes
|turn|18
|
|t:|1757899740
|-terastallize|p2a: Darkrai|Poison
|move|p2a: Darkrai|Dark Pulse|p1a: Chesnaught
|-damage|p1a: Chesnaught|6/100
|cant|p1a: Chesnaught|flinch
|
|upkeep
|turn|19
|
|t:|1757899745
|move|p2a: Darkrai|Dark Pulse|p1a: Chesnaught
|-damage|p1a: Chesnaught|0 fnt
|faint|p1a: Chesnaught
|
|upkeep
|-message|Dizzydwarf99 forfeited.
|
|win|mon$ter energy
|raw|Dizzydwarf99's rating: 1530 &rarr; <strong>1508</strong><br />(-22 for losing)
|raw|mon$ter energy's rating: 1495 &rarr; <strong>1517</strong><br />(+22 for winning)
|l|☆Dizzydwarf99
|player|p1|
|l|☆mon$ter energy
|player|p2|
