|j|☆liwangjian
|j|☆arcadecarol
|t:|1757943329
|gametype|singles
|player|p1|liwangjian|clair|1164
|player|p2|arcadecarol|rocketgruntf|1144
|gen|9
|tier|[Gen 9] OU
|rated|
|rule|HP Percentage Mod: HP is shown in percentages
|rule|Endless Battle Clause: Forcing endless battles is banned
|rule|Species Clause: Limit one of each Pokémon
|rule|OHKO Clause: OHKO moves are banned
|rule|Evasion Items Clause: Evasion items are banned
|rule|Evasion Moves Clause: Evasion moves are banned
|rule|Evasion Abilities Clause: Evasion abilities are banned
|rule|Sleep Moves Clause: Sleep-inducing moves are banned
|clearpoke
|poke|p1|Pelipper, F|
|poke|p1|Greninja-*, M|
|poke|p1|Basculegion, M|
|poke|p1|Zapdos|
|poke|p1|Sandy Shocks|
|poke|p1|Scizor, F|
|poke|p2|Glaceon, F|
|poke|p2|Ninetales-Alola, F|
|poke|p2|Sneasel-Hisui, F|
|poke|p2|Alomomola, F|
|poke|p2|Great Tusk|
|poke|p2|Braviary-Hisui, M|
|teampreview
|c|☆arcadecarol|Glhf
|
|t:|1757943341
|teamsize|p1|6
|teamsize|p2|6
|start
|switch|p1a: Scizor|Scizor, F|100/100
|switch|p2a: Great Tusk|Great Tusk|100/100
|turn|1
|
|t:|1757943348
|switch|p1a: Pelipper|Pelipper, F|100/100
|-weather|RainDance|[from] ability: Drizzle|[of] p1a: Pelipper
|move|p2a: Great Tusk|Stealth Rock|p1a: Pelipper
|-sidestart|p1: liwangjian|move: Stealth Rock
|
|-weather|RainDance|[upkeep]
|upkeep
|turn|2
|
|t:|1757943365
|-end|p2a: Great Tusk|Protosynthesis|[silent]
|switch|p2a: Ninetales|Ninetales-Alola, F, shiny|100/100
|-weather|Snowscape|[from] ability: Snow Warning|[of] p2a: Ninetales
|move|p1a: Pelipper|U-turn|p2a: Ninetales
|-resisted|p2a: Ninetales
|-damage|p2a: Ninetales|98/100
|
|t:|1757943371
|switch|p1a: Scizor|Scizor, F|100/100|[from] U-turn
|-damage|p1a: Scizor|88/100|[from] Stealth Rock
|
|-weather|Snowscape|[upkeep]
|upkeep
|turn|3
|
|t:|1757943378
|switch|p2a: Sneasel|Sneasel-Hisui, F|100/100
|move|p1a: Scizor|Bullet Punch|p2a: Sneasel
|-damage|p2a: Sneasel|53/100
|
|-weather|Snowscape|[upkeep]
|upkeep
|turn|4
|
|t:|1757943387
|move|p2a: Sneasel|Fake Out|p1a: Scizor
|-resisted|p1a: Scizor
|-damage|p1a: Scizor|82/100
|cant|p1a: Scizor|flinch
|
|-weather|Snowscape|[upkeep]
|upkeep
|turn|5
|
|t:|1757943394
|move|p1a: Scizor|Bullet Punch|p2a: Sneasel
|-damage|p2a: Sneasel|5/100
|move|p2a: Sneasel|Close Combat|p1a: Scizor
|-damage|p1a: Scizor|33/100
|-unboost|p2a: Sneasel|def|1
|-unboost|p2a: Sneasel|spd|1
|
|-weather|Snowscape|[upkeep]
|upkeep
|turn|6
|
|t:|1757943410
|switch|p2a: Alomomola|Alomomola, F|100/100
|move|p1a: Scizor|Bullet Punch|p2a: Alomomola
|-resisted|p2a: Alomomola
|-crit|p2a: Alomomola
|-damage|p2a: Alomomola|86/100
|
|-weather|Snowscape|[upkeep]
|upkeep
|turn|7
|
|t:|1757943419
|switch|p1a: Zapdos|Zapdos|100/100
|move|p2a: Alomomola|Wish|p2a: Alomomola
|
|-weather|Snowscape|[upkeep]
|upkeep
|turn|8
|
|t:|1757943434
|switch|p2a: Glaceon|Glaceon, F|100/100
|move|p1a: Zapdos|Volt Switch|p2a: Glaceon
|-damage|p2a: Glaceon|72/100
|
|t:|1757943446
|switch|p1a: Scizor|Scizor, F|33/100|[from] Volt Switch
|-damage|p1a: Scizor|21/100|[from] Stealth Rock
|
|-weather|Snowscape|[upkeep]
|-heal|p2a: Glaceon|78/100|[from] ability: Ice Body
|-heal|p2a: Glaceon|100/100|[from] move: Wish|[wisher] Alomomola
|upkeep
|turn|9
|
|t:|1757943462
|switch|p2a: Great Tusk|Great Tusk|100/100
|move|p1a: Scizor|Bullet Punch|p2a: Great Tusk
|-damage|p2a: Great Tusk|76/100
|
|-weather|none
|upkeep
|turn|10
|
|t:|1757943474
|move|p1a: Scizor|Bullet Punch|p2a: Great Tusk
|-damage|p2a: Great Tusk|52/100
|move|p2a: Great Tusk|Knock Off|p1a: Scizor
|-damage|p1a: Scizor|0 fnt
|-enditem|p1a: Scizor|Expert Belt|[from] move: Knock Off|[of] p2a: Great Tusk
|faint|p1a: Scizor
|
|upkeep
|
|t:|1757943489
|switch|p1a: Sandy Shocks|Sandy Shocks, shiny|100/100
|-damage|p1a: Sandy Shocks|94/100|[from] Stealth Rock
|-enditem|p1a: Sandy Shocks|Booster Energy
|-activate|p1a: Sandy Shocks|ability: Protosynthesis|[fromitem]
|-start|p1a: Sandy Shocks|protosynthesisspe
|turn|11
|
|t:|1757943505
|move|p1a: Sandy Shocks|Earth Power|p2a: Great Tusk
|-damage|p2a: Great Tusk|0 fnt
|faint|p2a: Great Tusk
|-end|p2a: Great Tusk|Protosynthesis|[silent]
|
|upkeep
|
|t:|1757943539
|switch|p2a: Ninetales|Ninetales-Alola, F, shiny|98/100
|-weather|Snowscape|[from] ability: Snow Warning|[of] p2a: Ninetales
|turn|12
|
|t:|1757943579
|move|p1a: Sandy Shocks|Thunderbolt|p2a: Ninetales
|-damage|p2a: Ninetales|58/100
|move|p2a: Ninetales|Roar|p1a: Sandy Shocks
|-end|p1a: Sandy Shocks|Protosynthesis|[silent]
|drag|p1a: Pelipper|Pelipper, F|100/100
|-damage|p1a: Pelipper|76/100|[from] Stealth Rock
|-weather|RainDance|[from] ability: Drizzle|[of] p1a: Pelipper
|
|-weather|RainDance|[upkeep]
|upkeep
|turn|13
|
|t:|1757943591
|switch|p2a: Alomomola|Alomomola, F|100/100
|move|p1a: Pelipper|Hurricane|p2a: Alomomola
|-damage|p2a: Alomomola|35/100
|
|-weather|RainDance|[upkeep]
|upkeep
|turn|14
|
|t:|1757943601
|switch|p2a: Ninetales|Ninetales-Alola, F, shiny|58/100
|-weather|Snowscape|[from] ability: Snow Warning|[of] p2a: Ninetales
|move|p1a: Pelipper|Hurricane|p2a: Ninetales
|-damage|p2a: Ninetales|6/100
|
|-weather|Snowscape|[upkeep]
|upkeep
|turn|15
|
|t:|1757943630
|switch|p2a: Braviary|Braviary-Hisui, M|100/100
|move|p1a: Pelipper|U-turn|p2a: Braviary
|-damage|p2a: Braviary|91/100
|
|t:|1757943664
|switch|p1a: Zapdos|Zapdos|100/100|[from] U-turn
|
|-weather|Snowscape|[upkeep]
|upkeep
|turn|16
|
|t:|1757943699
|-terastallize|p2a: Braviary|Dark
|move|p1a: Zapdos|Heat Wave|p2a: Braviary
|-damage|p2a: Braviary|62/100
|move|p2a: Braviary|Esper Wing|p1a: Zapdos
|-damage|p1a: Zapdos|37/100
|-boost|p2a: Braviary|spe|1
|
|-weather|Snowscape|[upkeep]
|upkeep
|turn|17
|
|t:|1757943717
|move|p1a: Zapdos|Roost|p1a: Zapdos
|-heal|p1a: Zapdos|87/100
|-singleturn|p1a: Zapdos|move: Roost
|move|p2a: Braviary|Esper Wing|p1a: Zapdos
|-damage|p1a: Zapdos|29/100
|-boost|p2a: Braviary|spe|1
|
|-weather|Snowscape|[upkeep]
|upkeep
|turn|18
|
|t:|1757943727
|move|p2a: Braviary|Esper Wing|p1a: Zapdos
|-damage|p1a: Zapdos|0 fnt
|-boost|p2a: Braviary|spe|1
|faint|p1a: Zapdos
|
|-weather|Snowscape|[upkeep]
|upkeep
|
|t:|1757943734
|switch|p1a: Pelipper|Pelipper, F|76/100
|-damage|p1a: Pelipper|51/100|[from] Stealth Rock
|-weather|RainDance|[from] ability: Drizzle|[of] p1a: Pelipper
|turn|19
|
|t:|1757943744
|move|p2a: Braviary|Esper Wing|p1a: Pelipper
|-damage|p1a: Pelipper|0 fnt
|-boost|p2a: Braviary|spe|1
|faint|p1a: Pelipper
|
|-weather|RainDance|[upkeep]
|upkeep
|
|t:|1757943751
|switch|p1a: Basculegion|Basculegion, M|100/100
|-damage|p1a: Basculegion|88/100|[from] Stealth Rock
|turn|20
|
|t:|1757943761
|-terastallize|p1a: Basculegion|Water
|move|p1a: Basculegion|Aqua Jet|p2a: Braviary
|-damage|p2a: Braviary|0 fnt
|faint|p2a: Braviary
|
|-weather|RainDance|[upkeep]
|upkeep
|
|t:|1757943791
|switch|p2a: Alomomola|Alomomola, F|69/100
|turn|21
|
|t:|1757943816
|switch|p1a: Sandy Shocks|Sandy Shocks, shiny|94/100
|-damage|p1a: Sandy Shocks|88/100|[from] Stealth Rock
|move|p2a: Alomomola|Wish|p2a: Alomomola
|
|-weather|RainDance|[upkeep]
|upkeep
|turn|22
|
|t:|1757943831
|switch|p2a: Ninetales|Ninetales-Alola, F, shiny|6/100
|-weather|Snowscape|[from] ability: Snow Warning|[of] p2a: Ninetales
|move|p1a: Sandy Shocks|Thunderbolt|p2a: Ninetales
|-damage|p2a: Ninetales|0 fnt
|faint|p2a: Ninetales
|
|-weather|Snowscape|[upkeep]
|upkeep
|
|t:|1757943844
|switch|p2a: Sneasel|Sneasel-Hisui, F|5/100
|turn|23
|
|t:|1757943855
|move|p2a: Sneasel|Fake Out|p1a: Sandy Shocks
|-damage|p1a: Sandy Shocks|75/100
|cant|p1a: Sandy Shocks|flinch
|
|-weather|Snowscape|[upkeep]
|upkeep
|turn|24
|
|t:|1757943861
|move|p2a: Sneasel|Close Combat|p1a: Sandy Shocks
|-damage|p1a: Sandy Shocks|22/100
|-unboost|p2a: Sneasel|def|1
|-unboost|p2a: Sneasel|spd|1
|move|p1a: Sandy Shocks|Earth Power|p2a: Sneasel
|-supereffective|p2a: Sneasel
|-damage|p2a: Sneasel|0 fnt
|faint|p2a: Sneasel
|
|-weather|Snowscape|[upkeep]
|upkeep
|
|t:|1757943871
|switch|p2a: Glaceon|Glaceon, F|100/100
|turn|25
|
|t:|1757943884
|move|p1a: Sandy Shocks|Thunderbolt|p2a: Glaceon
|-damage|p2a: Glaceon|54/100
|-status|p2a: Glaceon|par
|cant|p2a: Glaceon|par
|
|-weather|Snowscape|[upkeep]
|-heal|p2a: Glaceon|60/100 par|[from] ability: Ice Body
|upkeep
|turn|26
|
|t:|1757943894
|move|p1a: Sandy Shocks|Thunderbolt|p2a: Glaceon
|-damage|p2a: Glaceon|13/100 par
|move|p2a: Glaceon|Blizzard|p1a: Sandy Shocks
|-supereffective|p1a: Sandy Shocks
|-damage|p1a: Sandy Shocks|0 fnt
|faint|p1a: Sandy Shocks
|-end|p1a: Sandy Shocks|Protosynthesis|[silent]
|
|-weather|Snowscape|[upkeep]
|-heal|p2a: Glaceon|19/100 par|[from] ability: Ice Body
|upkeep
|
|t:|1757943903
|switch|p1a: Greninja|Greninja, M|100/100
|-damage|p1a: Greninja|88/100|[from] Stealth Rock
|turn|27
|
|t:|1757943919
|switch|p2a: Alomomola|Alomomola, F|100/100
|move|p1a: Greninja|Surf|p2a: Alomomola
|-resisted|p2a: Alomomola
|-damage|p2a: Alomomola|72/100
|-damage|p1a: Greninja|78/100|[from] item: Life Orb
|
|-weather|Snowscape|[upkeep]
|upkeep
|turn|28
|
|t:|1757943927
|move|p2a: Alomomola|Protect|p2a: Alomomola
|-singleturn|p2a: Alomomola|Protect
|move|p1a: Greninja|Dark Pulse|p2a: Alomomola
|-activate|p2a: Alomomola|move: Protect
|
|-weather|Snowscape|[upkeep]
|upkeep
|turn|29
|
|t:|1757943939
|move|p1a: Greninja|Dark Pulse|p2a: Alomomola
|-damage|p2a: Alomomola|15/100
|-damage|p1a: Greninja|69/100|[from] item: Life Orb
|move|p2a: Alomomola|Wish|p2a: Alomomola
|
|-weather|none
|upkeep
|turn|30
|
|t:|1757943946
|move|p2a: Alomomola|Protect|p2a: Alomomola
|-singleturn|p2a: Alomomola|Protect
|move|p1a: Greninja|Dark Pulse|p2a: Alomomola
|-activate|p2a: Alomomola|move: Protect
|
|-heal|p2a: Alomomola|65/100|[from] move: Wish|[wisher] Alomomola
|upkeep
|turn|31
|
|t:|1757943966
|move|p1a: Greninja|Dark Pulse|p2a: Alomomola
|-damage|p2a: Alomomola|10/100
|-damage|p1a: Greninja|59/100|[from] item: Life Orb
|move|p2a: Alomomola|Healing Wish|p2a: Alomomola
|faint|p2a: Alomomola
|
|upkeep
|
|t:|1757943972
|switch|p2a: Glaceon|Glaceon, F|19/100 par
|-heal|p2a: Glaceon|100/100|[from] move: Healing Wish
|turn|32
|
|t:|1757944013
|move|p1a: Greninja|Dark Pulse|p2a: Glaceon
|-damage|p2a: Glaceon|51/100
|-damage|p1a: Greninja|49/100|[from] item: Life Orb
|move|p2a: Glaceon|Ice Beam|p1a: Greninja
|-resisted|p1a: Greninja
|-damage|p1a: Greninja|0 fnt
|faint|p1a: Greninja
|
|upkeep
|
|t:|1757944021
|switch|p1a: Basculegion|Basculegion, M, tera:Water|88/100
|-damage|p1a: Basculegion|76/100|[from] Stealth Rock
|turn|33
|
|t:|1757944028
|move|p1a: Basculegion|Wave Crash|p2a: Glaceon
|-damage|p2a: Glaceon|0 fnt
|faint|p2a: Glaceon
|-damage|p1a: Basculegion|61/100|[from] Recoil
|
|win|liwangjian
|raw|liwangjian's rating: 1164 &rarr; <strong>1188</strong><br />(+24 for winning)
|raw|arcadecarol's rating: 1144 &rarr; <strong>1120</strong><br />(-24 for losing)
|c|☆arcadecarol|Gg
