|j|☆d00d guy
|j|☆blazingshadow46
|t:|1757822917
|gametype|singles
|player|p1|d00d guy|brock|1261
|player|p2|blazingshadow46|ghetsis|1313
|gen|9
|tier|[Gen 9] OU
|rated|
|rule|HP Percentage Mod: HP is shown in percentages
|rule|Endless Battle Clause: Forcing endless battles is banned
|rule|Species Clause: Limit one of each Pokémon
|rule|OHKO Clause: OHKO moves are banned
|rule|Evasion Items Clause: Evasion items are banned
|rule|Evasion Moves Clause: Evasion moves are banned
|rule|Evasion Abilities Clause: Evasion abilities are banned
|rule|Sleep Moves Clause: Sleep-inducing moves are banned
|clearpoke
|poke|p1|Frosmoth, F|
|poke|p1|Cinccino, F|
|poke|p1|Incineroar, M|
|poke|p1|Weezing-Galar, F|
|poke|p1|Sinistcha|
|poke|p1|Alomomola, F|
|poke|p2|Noivern, F|
|poke|p2|Chandelure, F|
|poke|p2|Krookodile, F|
|poke|p2|Slowking-Galar, F|
|poke|p2|Scizor, F|
|poke|p2|Great Tusk|
|teampreview
|inactive|Battle timer is ON: inactive players will automatically lose when time's up. (requested by blazingshadow46)
|
|t:|1757822925
|teamsize|p1|6
|teamsize|p2|6
|start
|switch|p1a: Incineroar|Incineroar, M|100/100
|switch|p2a: Wombat|Noivern, F|100/100
|-ability|p1a: Incineroar|Intimidate|boost
|-unboost|p2a: Wombat|atk|1
|turn|1
|
|t:|1757822942
|move|p2a: Wombat|U-turn|p1a: Incineroar
|-damage|p1a: Incineroar|95/100
|
|t:|1757822945
|switch|p2a: Knee Surgery|Great Tusk|100/100|[from] U-turn
|move|p1a: Incineroar|Knock Off|p2a: Knee Surgery
|-resisted|p2a: Knee Surgery
|-damage|p2a: Knee Surgery|92/100
|-damage|p1a: Incineroar|79/100|[from] item: Rocky Helmet|[of] p2a: Knee Surgery
|-enditem|p2a: Knee Surgery|Rocky Helmet|[from] move: Knock Off|[of] p1a: Incineroar
|
|upkeep
|turn|2
|
|t:|1757822951
|switch|p1a: Alomomola|Alomomola, F|100/100
|move|p2a: Knee Surgery|Stealth Rock|p1a: Alomomola
|-sidestart|p1: d00d guy|move: Stealth Rock
|
|upkeep
|turn|3
|
|t:|1757822959
|-end|p2a: Knee Surgery|Protosynthesis|[silent]
|switch|p2a: Shell Rotation|Slowking-Galar, F|100/100
|move|p1a: Alomomola|Flip Turn|p2a: Shell Rotation
|-damage|p2a: Shell Rotation|84/100
|
|t:|1757822965
|switch|p1a: Weezing|Weezing-Galar, F|100/100|[from] Flip Turn
|-ability|p1a: Weezing|Neutralizing Gas
|-damage|p1a: Weezing|88/100|[from] Stealth Rock
|
|upkeep
|turn|4
|
|t:|1757822969
|move|p1a: Weezing|Defog|p2a: Shell Rotation
|-unboost|p2a: Shell Rotation|evasion|1
|-sideend|p1: d00d guy|Stealth Rock|[from] move: Defog|[of] p1a: Weezing
|move|p2a: Shell Rotation|Future Sight|p1a: Weezing
|-start|p2a: Shell Rotation|move: Future Sight
|
|upkeep
|turn|5
|
|t:|1757822980
|switch|p2a: Krooked Nose|Krookodile, F|100/100
|move|p1a: Weezing|Strange Steam|p2a: Krooked Nose
|-supereffective|p2a: Krooked Nose
|-damage|p2a: Krooked Nose|26/100
|
|upkeep
|turn|6
|c|☆blazingshadow46|whoops
|c|☆blazingshadow46|missclick
|
|t:|1757823001
|move|p2a: Krooked Nose|Earthquake|p1a: Weezing
|-supereffective|p1a: Weezing
|-enditem|p1a: Weezing|Shuca Berry|[eat]
|-enditem|p1a: Weezing|Shuca Berry|[weaken]
|-damage|p1a: Weezing|52/100
|move|p1a: Weezing|Strange Steam|p2a: Krooked Nose
|-supereffective|p2a: Krooked Nose
|-damage|p2a: Krooked Nose|0 fnt
|faint|p2a: Krooked Nose
|
|-end|p1a: Weezing|move: Future Sight
|-supereffective|p1a: Weezing
|-damage|p1a: Weezing|0 fnt
|faint|p1a: Weezing
|-end|p1a: Weezing|ability: Neutralizing Gas
|upkeep
|
|t:|1757823014
|switch|p2a: Wombat|Noivern, F|100/100
|switch|p1a: Incineroar|Incineroar, M|79/100
|-ability|p1a: Incineroar|Intimidate|boost
|-unboost|p2a: Wombat|atk|1
|turn|7
|
|t:|1757823020
|move|p2a: Wombat|U-turn|p1a: Incineroar
|-damage|p1a: Incineroar|73/100
|
|t:|1757823023
|switch|p2a: Knee Surgery|Great Tusk|92/100|[from] U-turn
|move|p1a: Incineroar|Parting Shot|p2a: Knee Surgery
|-unboost|p2a: Knee Surgery|atk|1
|-unboost|p2a: Knee Surgery|spa|1
|
|t:|1757823030
|switch|p1a: Sinistcha|Sinistcha|100/100|[from] Parting Shot
|
|upkeep
|turn|8
|
|t:|1757823036
|-end|p2a: Knee Surgery|Protosynthesis|[silent]
|switch|p2a: Shell Rotation|Slowking-Galar, F|84/100
|move|p1a: Sinistcha|Calm Mind|p1a: Sinistcha
|-boost|p1a: Sinistcha|spa|1
|-boost|p1a: Sinistcha|spd|1
|
|upkeep
|turn|9
|
|t:|1757823046
|move|p1a: Sinistcha|Scald|p2a: Shell Rotation
|-crit|p2a: Shell Rotation
|-damage|p2a: Shell Rotation|57/100
|-status|p2a: Shell Rotation|brn
|move|p2a: Shell Rotation|Sludge Bomb|p1a: Sinistcha
|-damage|p1a: Sinistcha|75/100
|
|-damage|p2a: Shell Rotation|51/100 brn|[from] brn
|upkeep
|turn|10
|
|t:|1757823053
|switch|p1a: Alomomola|Alomomola, F|100/100
|-prepare|p2a: Shell Rotation|Chilly Reception|[premajor]
|move|p2a: Shell Rotation|Chilly Reception|p2a: Shell Rotation
|-weather|Snowscape
|
|t:|1757823062
|switch|p2a: SS Stall trooper|Chandelure, F|100/100|[from] Chilly Reception
|
|-weather|Snowscape|[upkeep]
|upkeep
|turn|11
|
|t:|1757823066
|-terastallize|p2a: SS Stall trooper|Grass
|move|p2a: SS Stall trooper|Energy Ball|p1a: Alomomola
|-supereffective|p1a: Alomomola
|-damage|p1a: Alomomola|0 fnt
|faint|p1a: Alomomola
|
|-weather|Snowscape|[upkeep]
|upkeep
|
|t:|1757823070
|switch|p1a: Frosmoth|Frosmoth, F|100/100
|turn|12
|
|t:|1757823081
|switch|p2a: Knee Surgery|Great Tusk|92/100
|-terastallize|p1a: Frosmoth|Electric
|move|p1a: Frosmoth|Substitute|p1a: Frosmoth
|-start|p1a: Frosmoth|Substitute
|-damage|p1a: Frosmoth|76/100
|
|-weather|Snowscape|[upkeep]
|-heal|p1a: Frosmoth|82/100|[from] item: Leftovers
|upkeep
|turn|13
|
|t:|1757823094
|move|p2a: Knee Surgery|Stealth Rock|p1a: Frosmoth
|-sidestart|p1: d00d guy|move: Stealth Rock
|move|p1a: Frosmoth|Ice Beam|p2a: Knee Surgery
|-supereffective|p2a: Knee Surgery
|-damage|p2a: Knee Surgery|0 fnt
|faint|p2a: Knee Surgery
|-end|p2a: Knee Surgery|Protosynthesis|[silent]
|
|-weather|Snowscape|[upkeep]
|-heal|p1a: Frosmoth|88/100|[from] item: Leftovers
|upkeep
|inactive|blazingshadow46 has 120 seconds left.
|
|t:|1757823126
|switch|p2a: Shell Rotation|Slowking-Galar, F|85/100 brn
|turn|14
|
|t:|1757823140
|move|p1a: Frosmoth|Quiver Dance|p1a: Frosmoth
|-boost|p1a: Frosmoth|spa|1
|-boost|p1a: Frosmoth|spd|1
|-boost|p1a: Frosmoth|spe|1
|move|p2a: Shell Rotation|Future Sight|p1a: Frosmoth
|-start|p2a: Shell Rotation|move: Future Sight
|
|-weather|none
|-heal|p1a: Frosmoth|94/100|[from] item: Leftovers
|-damage|p2a: Shell Rotation|78/100 brn|[from] brn
|upkeep
|turn|15
|
|t:|1757823146
|switch|p2a: Safety Scizors|Scizor, F|100/100
|move|p1a: Frosmoth|Quiver Dance|p1a: Frosmoth
|-boost|p1a: Frosmoth|spa|1
|-boost|p1a: Frosmoth|spd|1
|-boost|p1a: Frosmoth|spe|1
|
|-heal|p1a: Frosmoth|99/100|[from] item: Leftovers
|upkeep
|turn|16
|
|t:|1757823151
|move|p1a: Frosmoth|Tera Blast|p2a: Safety Scizors|[anim] Tera Blast Electric
|-damage|p2a: Safety Scizors|16/100
|move|p2a: Safety Scizors|Swords Dance|p2a: Safety Scizors
|-boost|p2a: Safety Scizors|atk|2
|
|-end|p1a: Frosmoth|move: Future Sight
|-activate|p1a: Frosmoth|move: Substitute|[damage]
|-heal|p1a: Frosmoth|100/100|[from] item: Leftovers
|-heal|p2a: Safety Scizors|22/100|[from] item: Leftovers
|upkeep
|turn|17
|
|t:|1757823159
|move|p2a: Safety Scizors|Bullet Punch|p1a: Frosmoth
|-resisted|p1a: Frosmoth
|-end|p1a: Frosmoth|Substitute
|move|p1a: Frosmoth|Tera Blast|p2a: Safety Scizors|[anim] Tera Blast Electric
|-damage|p2a: Safety Scizors|0 fnt
|faint|p2a: Safety Scizors
|
|upkeep
|
|t:|1757823162
|switch|p2a: Wombat|Noivern, F|100/100
|turn|18
|
|t:|1757823166
|move|p2a: Wombat|Draco Meteor|p1a: Frosmoth
|-damage|p1a: Frosmoth|91/100
|-unboost|p2a: Wombat|spa|2
|move|p1a: Frosmoth|Substitute|p1a: Frosmoth
|-start|p1a: Frosmoth|Substitute
|-damage|p1a: Frosmoth|66/100
|
|-heal|p1a: Frosmoth|72/100|[from] item: Leftovers
|upkeep
|turn|19
|-message|blazingshadow46 forfeited.
|
|win|d00d guy
|raw|d00d guy's rating: 1261 &rarr; <strong>1290</strong><br />(+29 for winning)
|raw|blazingshadow46's rating: 1313 &rarr; <strong>1290</strong><br />(-23 for losing)
|l|☆blazingshadow46
|player|p2|
|l|☆d00d guy
|player|p1|
