|j|☆LOVE2OOO
|j|☆yiht
|t:|1757822742
|gametype|singles
|player|p1|LOVE2OOO|veteranf|1251
|player|p2|yiht|1|1313
|gen|9
|tier|[Gen 9] OU
|rated|
|rule|HP Percentage Mod: HP is shown in percentages
|rule|Endless Battle Clause: Forcing endless battles is banned
|rule|Species Clause: Limit one of each Pokémon
|rule|OHKO Clause: OHKO moves are banned
|rule|Evasion Items Clause: Evasion items are banned
|rule|Evasion Moves Clause: Evasion moves are banned
|rule|Evasion Abilities Clause: Evasion abilities are banned
|rule|Sleep Moves Clause: Sleep-inducing moves are banned
|clearpoke
|poke|p1|Tyranitar, M|
|poke|p1|Excadrill, M|
|poke|p1|Keldeo-Resolute|
|poke|p1|Heatran, M|
|poke|p1|Tornadus-Therian, M|
|poke|p1|Hydrapple, F|
|poke|p2|Ribombee, M|
|poke|p2|Samurott-Hisui, M|
|poke|p2|Gholdengo|
|poke|p2|Great Tusk|
|poke|p2|Glimmora, F|
|poke|p2|Dragonite, F|
|teampreview
|
|t:|1757822751
|teamsize|p1|6
|teamsize|p2|6
|start
|switch|p1a: Tyranitar|Tyranitar, M|100/100
|switch|p2a: Ribombee|Ribombee, M|100/100
|-weather|Sandstorm|[from] ability: Sand Stream|[of] p1a: Tyranitar
|turn|1
|
|t:|1757822778
|switch|p1a: Heatran|Heatran, M|100/100
|move|p2a: Ribombee|Sticky Web|p1a: Heatran
|-sidestart|p1: LOVE2OOO|move: Sticky Web
|
|-weather|Sandstorm|[upkeep]
|-damage|p2a: Ribombee|94/100|[from] Sandstorm
|upkeep
|turn|2
|
|t:|1757822813
|move|p2a: Ribombee|Stun Spore|p1a: Heatran
|-status|p1a: Heatran|par
|move|p1a: Heatran|Magma Storm|p2a: Ribombee
|-supereffective|p2a: Ribombee
|-damage|p2a: Ribombee|0 fnt
|faint|p2a: Ribombee
|
|-weather|Sandstorm|[upkeep]
|upkeep
|
|t:|1757822818
|switch|p2a: Glimmora|Glimmora, F|100/100
|turn|3
|
|t:|1757822831
|switch|p1a: Excadrill|Excadrill, M|100/100
|-item|p1a: Excadrill|Air Balloon
|move|p2a: Glimmora|Meteor Beam||[still]
|-prepare|p2a: Glimmora|Meteor Beam
|-boost|p2a: Glimmora|spa|1
|-enditem|p2a: Glimmora|Power Herb
|-anim|p2a: Glimmora|Meteor Beam|p1a: Excadrill
|-resisted|p1a: Excadrill
|-damage|p1a: Excadrill|69/100
|-enditem|p1a: Excadrill|Air Balloon
|
|-weather|Sandstorm|[upkeep]
|upkeep
|turn|4
|
|t:|1757822843
|move|p1a: Excadrill|Earthquake|p2a: Glimmora
|-supereffective|p2a: Glimmora
|-damage|p2a: Glimmora|0 fnt
|-activate|p2a: Glimmora|ability: Toxic Debris
|-sidestart|p1: LOVE2OOO|move: Toxic Spikes
|faint|p2a: Glimmora
|
|-weather|Sandstorm|[upkeep]
|upkeep
|
|t:|1757822848
|switch|p2a: Great Tusk|Great Tusk|100/100
|-enditem|p2a: Great Tusk|Booster Energy
|-activate|p2a: Great Tusk|ability: Protosynthesis|[fromitem]
|-start|p2a: Great Tusk|protosynthesisatk
|turn|5
|
|t:|1757822856
|move|p1a: Excadrill|Rapid Spin|p2a: Great Tusk
|-damage|p2a: Great Tusk|86/100
|-boost|p1a: Excadrill|spe|1
|-sideend|p1: LOVE2OOO|Toxic Spikes|[from] move: Rapid Spin|[of] p1a: Excadrill
|-sideend|p1: LOVE2OOO|Sticky Web|[from] move: Rapid Spin|[of] p1a: Excadrill
|move|p2a: Great Tusk|Headlong Rush|p1a: Excadrill
|-supereffective|p1a: Excadrill
|-damage|p1a: Excadrill|0 fnt
|-unboost|p2a: Great Tusk|def|1
|-unboost|p2a: Great Tusk|spd|1
|faint|p1a: Excadrill
|
|-weather|none
|upkeep
|
|t:|1757822870
|switch|p1a: Keldeo|Keldeo-Resolute|100/100
|turn|6
|
|t:|1757822874
|-end|p2a: Great Tusk|Protosynthesis|[silent]
|switch|p2a: Samurott|Samurott-Hisui, M|100/100
|move|p1a: Keldeo|Surf|p2a: Samurott
|-resisted|p2a: Samurott
|-damage|p2a: Samurott|44/100
|
|upkeep
|turn|7
|
|t:|1757822885
|switch|p1a: Hydrapple|Hydrapple, F|100/100
|move|p2a: Samurott|Sucker Punch||[still]
|-fail|p2a: Samurott
|
|upkeep
|turn|8
|
|t:|1757822895
|move|p2a: Samurott|Ceaseless Edge|p1a: Hydrapple|[miss]
|-miss|p2a: Samurott|p1a: Hydrapple
|move|p1a: Hydrapple|Giga Drain|p2a: Samurott
|-supereffective|p2a: Samurott
|-damage|p2a: Samurott|0 fnt
|faint|p2a: Samurott
|
|upkeep
|
|t:|1757822920
|switch|p2a: Great Tusk|Great Tusk|86/100
|turn|9
|
|t:|1757822927
|move|p2a: Great Tusk|Close Combat|p1a: Hydrapple
|-damage|p1a: Hydrapple|66/100
|-unboost|p2a: Great Tusk|def|1
|-unboost|p2a: Great Tusk|spd|1
|-damage|p2a: Great Tusk|70/100|[from] item: Rocky Helmet|[of] p1a: Hydrapple
|move|p1a: Hydrapple|Giga Drain|p2a: Great Tusk
|-supereffective|p2a: Great Tusk
|-damage|p2a: Great Tusk|0 fnt
|-heal|p1a: Hydrapple|97/100|[from] drain|[of] p2a: Great Tusk
|faint|p2a: Great Tusk
|-end|p2a: Great Tusk|Protosynthesis|[silent]
|
|upkeep
|
|t:|1757822929
|switch|p2a: Gholdengo|Gholdengo|100/100
|-item|p2a: Gholdengo|Air Balloon
|turn|10
|
|t:|1757822944
|switch|p1a: Heatran|Heatran, M|100/100 par
|move|p2a: Gholdengo|Memento|p1a: Heatran
|-unboost|p1a: Heatran|atk|2
|-unboost|p1a: Heatran|spa|2
|faint|p2a: Gholdengo
|
|upkeep
|
|t:|1757822957
|switch|p2a: Dragonite|Dragonite, F|100/100
|turn|11
|
|t:|1757822964
|switch|p1a: Tyranitar|Tyranitar, M|100/100
|-weather|Sandstorm|[from] ability: Sand Stream|[of] p1a: Tyranitar
|move|p2a: Dragonite|Dragon Dance|p2a: Dragonite
|-boost|p2a: Dragonite|atk|1
|-boost|p2a: Dragonite|spe|1
|
|-weather|Sandstorm|[upkeep]
|-damage|p2a: Dragonite|94/100|[from] Sandstorm
|-heal|p2a: Dragonite|100/100|[from] item: Leftovers
|upkeep
|turn|12
|
|t:|1757822992
|-terastallize|p1a: Tyranitar|Flying
|move|p2a: Dragonite|Earthquake|p1a: Tyranitar
|-immune|p1a: Tyranitar
|move|p1a: Tyranitar|Ice Punch|p2a: Dragonite
|-supereffective|p2a: Dragonite
|-damage|p2a: Dragonite|0 fnt
|faint|p2a: Dragonite
|
|win|LOVE2OOO
|raw|LOVE2OOO's rating: 1251 &rarr; <strong>1279</strong><br />(+28 for winning)
|raw|yiht's rating: 1291 &rarr; <strong>1263</strong><br />(-28 for losing)
|l|☆yiht
|player|p2|
|l|☆LOVE2OOO
|player|p1|
