|j|☆vitos86
|j|☆wtffdryvsr
|t:|1757785772
|gametype|singles
|player|p1|vitos86|biker|1187
|player|p2|wtffdryvsr|1|1149
|gen|9
|tier|[Gen 9] OU
|rated|
|rule|HP Percentage Mod: HP is shown in percentages
|rule|Endless Battle Clause: Forcing endless battles is banned
|rule|Species Clause: Limit one of each Pokémon
|rule|OHKO Clause: OHKO moves are banned
|rule|Evasion Items Clause: Evasion items are banned
|rule|Evasion Moves Clause: Evasion moves are banned
|rule|Evasion Abilities Clause: Evasion abilities are banned
|rule|Sleep Moves Clause: Sleep-inducing moves are banned
|clearpoke
|poke|p1|Mightyena, M|
|poke|p1|Jolteon, M|
|poke|p1|Articuno|
|poke|p1|Typhlosion, M|
|poke|p1|Hitmonchan, M|
|poke|p1|Blastoise, M|
|poke|p2|Weavile, M|
|poke|p2|Iron Valiant|
|poke|p2|Landorus-Therian, M|
|poke|p2|Alomomola, M|
|poke|p2|Hydrapple, F|
|poke|p2|Cinderace, M|
|teampreview
|inactive|Battle timer is ON: inactive players will automatically lose when time's up. (requested by vitos86)
|
|t:|1757785789
|teamsize|p1|6
|teamsize|p2|6
|start
|switch|p1a: Hitmonchan|Hitmonchan, M|100/100
|switch|p2a: Landorus|Landorus-Therian, M|100/100
|-ability|p2a: Landorus|Intimidate|boost
|-unboost|p1a: Hitmonchan|atk|1
|turn|1
|
|t:|1757785799
|move|p2a: Landorus|Substitute|p2a: Landorus
|-start|p2a: Landorus|Substitute
|-damage|p2a: Landorus|76/100
|move|p1a: Hitmonchan|Ice Punch|p2a: Landorus
|-supereffective|p2a: Landorus
|-end|p2a: Landorus|Substitute
|
|-heal|p2a: Landorus|82/100|[from] item: Leftovers
|upkeep
|turn|2
|
|t:|1757785811
|switch|p2a: Alomomola|Alomomola, M|100/100
|move|p1a: Hitmonchan|Ice Punch|p2a: Alomomola
|-resisted|p2a: Alomomola
|-damage|p2a: Alomomola|93/100
|
|upkeep
|turn|3
|
|t:|1757785820
|switch|p1a: Jolteon|Jolteon, M|100/100
|move|p2a: Alomomola|Flip Turn|p1a: Jolteon
|-damage|p1a: Jolteon|84/100
|
|t:|1757785828
|switch|p2a: Landorus|Landorus-Therian, M|82/100|[from] Flip Turn
|-ability|p2a: Landorus|Intimidate|boost
|-unboost|p1a: Jolteon|atk|1
|
|-heal|p2a: Landorus|88/100|[from] item: Leftovers
|-heal|p1a: Jolteon|90/100|[from] item: Leftovers
|upkeep
|turn|4
|
|t:|1757785840
|switch|p1a: Articuno|Articuno|100/100
|-ability|p1a: Articuno|Pressure
|move|p2a: Landorus|Substitute|p2a: Landorus
|-start|p2a: Landorus|Substitute
|-damage|p2a: Landorus|63/100
|
|-heal|p2a: Landorus|69/100|[from] item: Leftovers
|upkeep
|turn|5
|
|t:|1757785852
|move|p2a: Landorus|Swords Dance|p2a: Landorus
|-boost|p2a: Landorus|atk|2
|move|p1a: Articuno|Ice Beam|p2a: Landorus
|-supereffective|p2a: Landorus
|-end|p2a: Landorus|Substitute
|
|-heal|p2a: Landorus|75/100|[from] item: Leftovers
|upkeep
|turn|6
|
|t:|1757785863
|move|p2a: Landorus|Smack Down|p1a: Articuno
|-supereffective|p1a: Articuno
|-crit|p1a: Articuno
|-damage|p1a: Articuno|0 fnt
|faint|p1a: Articuno
|
|-heal|p2a: Landorus|81/100|[from] item: Leftovers
|upkeep
|
|t:|1757785872
|switch|p1a: Blastoise|Blastoise, M|100/100
|turn|7
|
|t:|1757785880
|move|p2a: Landorus|Substitute|p2a: Landorus
|-start|p2a: Landorus|Substitute
|-damage|p2a: Landorus|56/100
|move|p1a: Blastoise|Shell Smash|p1a: Blastoise
|-unboost|p1a: Blastoise|def|1
|-unboost|p1a: Blastoise|spd|1
|-boost|p1a: Blastoise|atk|2
|-boost|p1a: Blastoise|spa|2
|-boost|p1a: Blastoise|spe|2
|-enditem|p1a: Blastoise|White Herb
|-clearnegativeboost|p1a: Blastoise|[silent]
|
|-heal|p2a: Landorus|62/100|[from] item: Leftovers
|upkeep
|turn|8
|inactive|wtffdryvsr has 120 seconds left.
|
|t:|1757785927
|switch|p2a: Weavile|Weavile, M|100/100
|-ability|p2a: Weavile|Pressure
|move|p1a: Blastoise|Ice Beam|p2a: Weavile
|-resisted|p2a: Weavile
|-damage|p2a: Weavile|63/100
|
|upkeep
|turn|9
|
|t:|1757785938
|move|p1a: Blastoise|Aura Sphere|p2a: Weavile
|-supereffective|p2a: Weavile
|-damage|p2a: Weavile|0 fnt
|faint|p2a: Weavile
|
|upkeep
|
|t:|1757785943
|switch|p2a: Cinderace|Cinderace, M|100/100
|turn|10
|
|t:|1757785953
|move|p1a: Blastoise|Water Spout|p2a: Cinderace
|-supereffective|p2a: Cinderace
|-damage|p2a: Cinderace|0 fnt
|faint|p2a: Cinderace
|
|upkeep
|
|t:|1757785963
|switch|p2a: Hydrapple|Hydrapple, F|100/100
|turn|11
|
|t:|1757785974
|move|p1a: Blastoise|Ice Beam|p2a: Hydrapple
|-supereffective|p2a: Hydrapple
|-damage|p2a: Hydrapple|0 fnt
|faint|p2a: Hydrapple
|
|upkeep
|
|t:|1757785980
|switch|p2a: Iron Valiant|Iron Valiant|100/100
|turn|12
|
|t:|1757785989
|-terastallize|p2a: Iron Valiant|Electric
|move|p1a: Blastoise|Water Spout|p2a: Iron Valiant
|-damage|p2a: Iron Valiant|0 fnt
|faint|p2a: Iron Valiant
|-end|p2a: Iron Valiant|Quark Drive|[silent]
|
|upkeep
|-message|wtffdryvsr forfeited.
|
|win|vitos86
|raw|vitos86's rating: 1187 &rarr; <strong>1209</strong><br />(+22 for winning)
|raw|wtffdryvsr's rating: 1149 &rarr; <strong>1127</strong><br />(-22 for losing)
|l|☆wtffdryvsr
|player|p2|
|l|☆vitos86
|player|p1|
