|j|☆STRONGPPMAIN6969
|j|☆will-i-am2
|t:|1757789436
|gametype|singles
|player|p1|STRONGPPMAIN6969|clown|1619
|player|p2|will-i-am2|169|1530
|gen|9
|tier|[Gen 9] OU
|rated|
|rule|HP Percentage Mod: HP is shown in percentages
|rule|Endless Battle Clause: Forcing endless battles is banned
|rule|Species Clause: Limit one of each Pokémon
|rule|OHKO Clause: OHKO moves are banned
|rule|Evasion Items Clause: Evasion items are banned
|rule|Evasion Moves Clause: Evasion moves are banned
|rule|Evasion Abilities Clause: Evasion abilities are banned
|rule|Sleep Moves Clause: Sleep-inducing moves are banned
|clearpoke
|poke|p1|Pecharunt|
|poke|p1|Great Tusk|
|poke|p1|Ogerpon-Wellspring, F|
|poke|p1|Iron Crown|
|poke|p1|Landorus-Therian, M|
|poke|p1|Samurott-Hisui, M|
|poke|p2|Registeel|
|poke|p2|Mamoswine, F|
|poke|p2|Eelektross, F|
|poke|p2|Hydreigon, M|
|poke|p2|Slowbro, F|
|poke|p2|Mandibuzz, F|
|teampreview
|inactive|Battle timer is ON: inactive players will automatically lose when time's up. (requested by will-i-am2)
|
|t:|1757789455
|teamsize|p1|6
|teamsize|p2|6
|start
|switch|p1a: Samurott|Samurott-Hisui, M|100/100
|switch|p2a: Mamoswine|Mamoswine, F|100/100
|turn|1
|
|t:|1757789462
|switch|p2a: Mandibuzz|Mandibuzz, F|100/100
|move|p1a: Samurott|Ceaseless Edge|p2a: Mandibuzz
|-resisted|p2a: Mandibuzz
|-damage|p2a: Mandibuzz|87/100
|-damage|p1a: Samurott|84/100|[from] item: Rocky Helmet|[of] p2a: Mandibuzz
|-sidestart|p2: will-i-am2|Spikes
|
|upkeep
|turn|2
|
|t:|1757789470
|switch|p1a: Iron Crown|Iron Crown|100/100
|move|p2a: Mandibuzz|Defog|p1a: Iron Crown
|-unboost|p1a: Iron Crown|evasion|1
|-sideend|p2: will-i-am2|Spikes|[from] move: Defog|[of] p2a: Mandibuzz
|
|upkeep
|turn|3
|
|t:|1757789498
|switch|p2a: Registeel|Registeel|100/100
|move|p1a: Iron Crown|Focus Blast|p2a: Registeel
|-supereffective|p2a: Registeel
|-damage|p2a: Registeel|38/100
|
|-heal|p2a: Registeel|44/100|[from] item: Leftovers
|upkeep
|turn|4
|
|t:|1757789507
|move|p1a: Iron Crown|Focus Blast|p2a: Registeel
|-supereffective|p2a: Registeel
|-damage|p2a: Registeel|0 fnt
|faint|p2a: Registeel
|
|upkeep
|
|t:|1757789513
|switch|p2a: Slowbro|Slowbro, F|100/100
|turn|5
|
|t:|1757789535
|-end|p1a: Iron Crown|Quark Drive|[silent]
|switch|p1a: Ogerpon|Ogerpon-Wellspring, F|100/100
|switch|p2a: Hydreigon|Hydreigon, M|100/100
|
|upkeep
|turn|6
|inactive|STRONGPPMAIN6969 has 120 seconds left.
|
|t:|1757789558
|move|p2a: Hydreigon|Draco Meteor|p1a: Ogerpon
|-damage|p1a: Ogerpon|35/100
|-unboost|p2a: Hydreigon|spa|2
|move|p1a: Ogerpon|Trailblaze|p2a: Hydreigon
|-resisted|p2a: Hydreigon
|-damage|p2a: Hydreigon|85/100
|-boost|p1a: Ogerpon|spe|1
|
|upkeep
|turn|7
|
|t:|1757789566
|move|p1a: Ogerpon|Synthesis|p1a: Ogerpon
|-heal|p1a: Ogerpon|85/100
|move|p2a: Hydreigon|Draco Meteor|p1a: Ogerpon
|-damage|p1a: Ogerpon|51/100
|-unboost|p2a: Hydreigon|spa|2
|
|upkeep
|turn|8
|
|t:|1757789575
|switch|p2a: Eelektross|Eelektross, F|100/100
|move|p1a: Ogerpon|Swords Dance|p1a: Ogerpon
|-boost|p1a: Ogerpon|atk|2
|
|upkeep
|turn|9
|
|t:|1757789594
|-terastallize|p1a: Ogerpon|Water
|detailschange|p1a: Ogerpon|Ogerpon-Wellspring-Tera, F, tera:Water
|-ability|p1a: Ogerpon|Embody Aspect (Wellspring)|boost
|-boost|p1a: Ogerpon|spd|1
|move|p1a: Ogerpon|Ivy Cudgel|p2a: Eelektross|[anim] Ivy Cudgel Water
|-damage|p2a: Eelektross|0 fnt
|faint|p2a: Eelektross
|
|upkeep
|
|t:|1757789603
|switch|p2a: Mandibuzz|Mandibuzz, F|87/100
|turn|10
|
|t:|1757789612
|move|p1a: Ogerpon|Ivy Cudgel|p2a: Mandibuzz|[anim] Ivy Cudgel Water
|-damage|p2a: Mandibuzz|1/100
|move|p2a: Mandibuzz|Foul Play|p1a: Ogerpon
|-damage|p1a: Ogerpon|0 fnt
|faint|p1a: Ogerpon
|detailschange|p1: Ogerpon|Ogerpon-Wellspring, F|[silent]
|
|upkeep
|
|t:|1757789626
|switch|p1a: Landorus|Landorus-Therian, M|100/100
|-ability|p1a: Landorus|Intimidate|boost
|-unboost|p2a: Mandibuzz|atk|1
|turn|11
|
|t:|1757789637
|switch|p2a: Slowbro|Slowbro, F|100/100
|move|p1a: Landorus|U-turn|p2a: Slowbro
|-supereffective|p2a: Slowbro
|-damage|p2a: Slowbro|61/100
|
|t:|1757789647
|switch|p1a: Samurott|Samurott-Hisui, M|84/100|[from] U-turn
|
|-heal|p2a: Slowbro|67/100|[from] item: Leftovers
|upkeep
|turn|12
|
|t:|1757789660
|switch|p2a: Hydreigon|Hydreigon, M|85/100
|move|p1a: Samurott|Ceaseless Edge|p2a: Hydreigon
|-resisted|p2a: Hydreigon
|-damage|p2a: Hydreigon|57/100
|-sidestart|p2: will-i-am2|Spikes
|
|upkeep
|turn|13
|
|t:|1757789686
|switch|p1a: Pecharunt|Pecharunt|100/100
|move|p2a: Hydreigon|Draco Meteor|p1a: Pecharunt
|-damage|p1a: Pecharunt|33/100
|-unboost|p2a: Hydreigon|spa|2
|
|upkeep
|turn|14
|
|t:|1757789692
|move|p2a: Hydreigon|Dark Pulse|p1a: Pecharunt
|-supereffective|p1a: Pecharunt
|-damage|p1a: Pecharunt|0 fnt
|faint|p1a: Pecharunt
|
|upkeep
|inactive|STRONGPPMAIN6969 has 120 seconds left.
|
|t:|1757789721
|switch|p1a: Great Tusk|Great Tusk|100/100
|-enditem|p1a: Great Tusk|Booster Energy
|-activate|p1a: Great Tusk|ability: Protosynthesis|[fromitem]
|-start|p1a: Great Tusk|protosynthesisspe
|turn|15
|
|t:|1757789725
|switch|p2a: Slowbro|Slowbro, F|99/100
|-damage|p2a: Slowbro|88/100|[from] Spikes
|move|p1a: Great Tusk|Stealth Rock|p2a: Slowbro
|-sidestart|p2: will-i-am2|move: Stealth Rock
|
|-heal|p2a: Slowbro|94/100|[from] item: Leftovers
|upkeep
|turn|16
|inactive|STRONGPPMAIN6969 has 120 seconds left.
|
|t:|1757789756
|move|p1a: Great Tusk|Knock Off|p2a: Slowbro
|-supereffective|p2a: Slowbro
|-damage|p2a: Slowbro|48/100
|-enditem|p2a: Slowbro|Leftovers|[from] move: Knock Off|[of] p1a: Great Tusk
|move|p2a: Slowbro|Scald|p1a: Great Tusk
|-supereffective|p1a: Great Tusk
|-damage|p1a: Great Tusk|9/100
|
|upkeep
|turn|17
|
|t:|1757789784
|switch|p2a: Mandibuzz|Mandibuzz, F|1/100
|-damage|p2a: Mandibuzz|0 fnt|[from] Stealth Rock
|faint|p2a: Mandibuzz
|move|p1a: Great Tusk|Headlong Rush|p2: Mandibuzz|[notarget]
|-fail|p1a: Great Tusk
|
|upkeep
|
|t:|1757789791
|switch|p2a: Slowbro|Slowbro, F|81/100
|-damage|p2a: Slowbro|68/100|[from] Spikes
|-damage|p2a: Slowbro|56/100|[from] Stealth Rock
|turn|18
|inactive|STRONGPPMAIN6969 has 120 seconds left.
|
|t:|1757789806
|-end|p1a: Great Tusk|Protosynthesis|[silent]
|switch|p1a: Samurott|Samurott-Hisui, M|84/100
|move|p2a: Slowbro|Trick Room|p2a: Slowbro
|-fieldstart|move: Trick Room|[of] p2a: Slowbro
|
|upkeep
|turn|19
|
|t:|1757789812
|switch|p2a: Hydreigon|Hydreigon, M|57/100
|-damage|p2a: Hydreigon|45/100|[from] Stealth Rock
|move|p1a: Samurott|Ceaseless Edge|p2a: Hydreigon
|-resisted|p2a: Hydreigon
|-damage|p2a: Hydreigon|16/100
|-sidestart|p2: will-i-am2|Spikes
|
|upkeep
|turn|20
|
|t:|1757789819
|move|p1a: Samurott|Ceaseless Edge|p2a: Hydreigon
|-resisted|p2a: Hydreigon
|-damage|p2a: Hydreigon|0 fnt
|-sidestart|p2: will-i-am2|Spikes
|faint|p2a: Hydreigon
|
|upkeep
|
|t:|1757789821
|switch|p2a: Mamoswine|Mamoswine, F|100/100
|-damage|p2a: Mamoswine|76/100|[from] Spikes
|-damage|p2a: Mamoswine|63/100|[from] Stealth Rock
|turn|21
|
|t:|1757789835
|move|p1a: Samurott|Aqua Jet|p2a: Mamoswine
|-supereffective|p2a: Mamoswine
|-damage|p2a: Mamoswine|15/100
|move|p2a: Mamoswine|Earthquake|p1a: Samurott
|-damage|p1a: Samurott|0 fnt
|faint|p1a: Samurott
|
|upkeep
|
|t:|1757789854
|switch|p1a: Great Tusk|Great Tusk|9/100
|turn|22
|
|t:|1757789857
|move|p2a: Mamoswine|Earthquake|p1a: Great Tusk
|-damage|p1a: Great Tusk|0 fnt
|faint|p1a: Great Tusk
|-end|p1a: Great Tusk|Protosynthesis|[silent]
|
|-fieldend|move: Trick Room
|upkeep
|
|t:|1757789859
|switch|p1a: Iron Crown|Iron Crown|100/100
|turn|23
|
|t:|1757789863
|move|p1a: Iron Crown|Tachyon Cutter|p2a: Mamoswine
|-supereffective|p2a: Mamoswine
|-damage|p2a: Mamoswine|0 fnt
|faint|p2a: Mamoswine
|-hitcount|p2: Mamoswine|1
|
|upkeep
|
|t:|1757789865
|switch|p2a: Slowbro|Slowbro, F|89/100
|-damage|p2a: Slowbro|64/100|[from] Spikes
|-damage|p2a: Slowbro|52/100|[from] Stealth Rock
|turn|24
|
|t:|1757789869
|-end|p1a: Iron Crown|Quark Drive|[silent]
|switch|p1a: Landorus|Landorus-Therian, M|100/100
|-ability|p1a: Landorus|Intimidate|boost
|-unboost|p2a: Slowbro|atk|1
|move|p2a: Slowbro|Trick Room|p2a: Slowbro
|-fieldstart|move: Trick Room|[of] p2a: Slowbro
|
|upkeep
|turn|25
|
|t:|1757789874
|-terastallize|p2a: Slowbro|Water
|move|p2a: Slowbro|Scald|p1a: Landorus
|-supereffective|p1a: Landorus
|-damage|p1a: Landorus|0 fnt
|faint|p1a: Landorus
|
|upkeep
|
|t:|1757789878
|switch|p1a: Iron Crown|Iron Crown|100/100
|turn|26
|
|t:|1757789883
|move|p2a: Slowbro|Scald|p1a: Iron Crown
|-damage|p1a: Iron Crown|51/100
|move|p1a: Iron Crown|Volt Switch|p2a: Slowbro
|-supereffective|p2a: Slowbro
|-damage|p2a: Slowbro|0 fnt
|faint|p2a: Slowbro
|
|win|STRONGPPMAIN6969
|raw|STRONGPPMAIN6969's rating: 1640 &rarr; <strong>1654</strong><br />(+14 for winning)
|raw|will-i-am2's rating: 1530 &rarr; <strong>1516</strong><br />(-14 for losing)
|l|☆will-i-am2
|player|p2|
|c|☆STRONGPPMAIN6969|gg cool tam
|l|☆STRONGPPMAIN6969
|player|p1|
