|j|☆smogonules
|j|☆charliesinhell
|t:|1757812500
|gametype|singles
|player|p1|smogonules|170|1559
|player|p2|charliesinhell|brock-gen1rb|1500
|gen|9
|tier|[Gen 9] OU
|rated|
|rule|HP Percentage Mod: HP is shown in percentages
|rule|Endless Battle Clause: Forcing endless battles is banned
|rule|Species Clause: Limit one of each Pokémon
|rule|OHKO Clause: OHKO moves are banned
|rule|Evasion Items Clause: Evasion items are banned
|rule|Evasion Moves Clause: Evasion moves are banned
|rule|Evasion Abilities Clause: Evasion abilities are banned
|rule|Sleep Moves Clause: Sleep-inducing moves are banned
|clearpoke
|poke|p1|Jirachi|
|poke|p1|Great Tusk|
|poke|p1|Latios, M|
|poke|p1|Gardevoir, M|
|poke|p1|Polteageist|
|poke|p1|Crawdaunt, M|
|poke|p2|Pecharunt|
|poke|p2|Great Tusk|
|poke|p2|Ogerpon-Wellspring, F|
|poke|p2|Iron Crown|
|poke|p2|Landorus-Therian, M|
|poke|p2|Samurott-Hisui, F|
|teampreview
|
|t:|1757812514
|teamsize|p1|6
|teamsize|p2|6
|start
|switch|p1a: Chamomile|Jirachi|100/100
|switch|p2a: Landorus|Landorus-Therian, M|100/100
|-ability|p2a: Landorus|Intimidate|boost
|-unboost|p1a: Chamomile|atk|1
|turn|1
|
|t:|1757812525
|move|p2a: Landorus|Earthquake|p1a: Chamomile
|-supereffective|p1a: Chamomile
|-enditem|p1a: Chamomile|Focus Sash
|-damage|p1a: Chamomile|1/100
|move|p1a: Chamomile|Stealth Rock|p2a: Landorus
|-sidestart|p2: charliesinhell|move: Stealth Rock
|
|upkeep
|turn|2
|
|t:|1757812531
|switch|p2a: Samurott|Samurott-Hisui, F|100/100
|-damage|p2a: Samurott|88/100|[from] Stealth Rock
|move|p1a: Chamomile|Ice Punch|p2a: Samurott
|-resisted|p2a: Samurott
|-damage|p2a: Samurott|78/100
|
|upkeep
|turn|3
|
|t:|1757812534
|move|p1a: Chamomile|Thunder Wave|p2a: Samurott
|-status|p2a: Samurott|par
|cant|p2a: Samurott|par
|
|upkeep
|turn|4
|
|t:|1757812537
|move|p1a: Chamomile|Iron Head|p2a: Samurott
|-resisted|p2a: Samurott
|-damage|p2a: Samurott|64/100 par
|cant|p2a: Samurott|flinch
|
|upkeep
|turn|5
|
|t:|1757812539
|move|p2a: Samurott|Aqua Jet|p1a: Chamomile
|-damage|p1a: Chamomile|0 fnt
|faint|p1a: Chamomile
|
|upkeep
|
|t:|1757812541
|switch|p1a: Syrup|Latios, M|100/100
|turn|6
|
|t:|1757812544
|move|p1a: Syrup|Reflect|p1a: Syrup
|-sidestart|p1: smogonules|Reflect
|move|p2a: Samurott|Ceaseless Edge|p1a: Syrup
|-supereffective|p1a: Syrup
|-damage|p1a: Syrup|44/100
|-sidestart|p1: smogonules|Spikes
|
|upkeep
|turn|7
|
|t:|1757812557
|move|p1a: Syrup|Simple Beam|p2a: Samurott
|-ability|p2a: Samurott|Simple|Sharpness|[from] move: Simple Beam
|cant|p2a: Samurott|par
|
|upkeep
|turn|8
|
|t:|1757812563
|move|p1a: Syrup|Memento|p2a: Samurott
|-unboost|p2a: Samurott|atk|4
|-unboost|p2a: Samurott|spa|4
|faint|p1a: Syrup
|move|p2a: Samurott|Ceaseless Edge|p1: Syrup|[notarget]
|-fail|p2a: Samurott
|
|upkeep
|
|t:|1757812564
|switch|p1a: Cucumber|Gardevoir, M|100/100
|-damage|p1a: Cucumber|88/100|[from] Spikes
|-ability|p1a: Cucumber|Simple|Trace|[from] ability: Trace|[of] p2a: Samurott
|turn|9
|
|t:|1757812570
|move|p1a: Cucumber|Substitute|p1a: Cucumber
|-start|p1a: Cucumber|Substitute
|-damage|p1a: Cucumber|63/100
|move|p2a: Samurott|Flip Turn|p1a: Cucumber
|-activate|p1a: Cucumber|move: Substitute|[damage]
|
|t:|1757812572
|switch|p2a: Iron Crown|Iron Crown|100/100|[from] Flip Turn
|-damage|p2a: Iron Crown|94/100|[from] Stealth Rock
|
|upkeep
|turn|10
|
|t:|1757812574
|-terastallize|p1a: Cucumber|Steel
|move|p2a: Iron Crown|Tachyon Cutter|p1a: Cucumber
|-resisted|p1a: Cucumber
|-activate|p1a: Cucumber|move: Substitute|[damage]
|-resisted|p1a: Cucumber
|-end|p1a: Cucumber|Substitute
|-hitcount|p1a: Cucumber|2
|move|p1a: Cucumber|Calm Mind|p1a: Cucumber
|-boost|p1a: Cucumber|spa|2
|-boost|p1a: Cucumber|spd|2
|
|upkeep
|turn|11
|
|t:|1757812586
|-end|p2a: Iron Crown|Quark Drive|[silent]
|switch|p2a: Landorus|Landorus-Therian, M|100/100
|-damage|p2a: Landorus|88/100|[from] Stealth Rock
|-ability|p2a: Landorus|Intimidate|boost
|-unboost|p1a: Cucumber|atk|2
|move|p1a: Cucumber|Substitute|p1a: Cucumber
|-start|p1a: Cucumber|Substitute
|-damage|p1a: Cucumber|38/100
|
|upkeep
|turn|12
|
|t:|1757812595
|move|p2a: Landorus|Earthquake|p1a: Cucumber
|-supereffective|p1a: Cucumber
|-end|p1a: Cucumber|Substitute
|move|p1a: Cucumber|Substitute|p1a: Cucumber
|-start|p1a: Cucumber|Substitute
|-damage|p1a: Cucumber|13/100
|-enditem|p1a: Cucumber|Salac Berry|[eat]
|-boost|p1a: Cucumber|spe|2|[from] item: Salac Berry
|
|upkeep
|turn|13
|
|t:|1757812598
|move|p1a: Cucumber|Stored Power|p2a: Landorus
|-damage|p2a: Landorus|0 fnt
|faint|p2a: Landorus
|
|-sideend|p1: smogonules|Reflect
|upkeep
|
|t:|1757812609
|switch|p2a: Samurott|Samurott-Hisui, F|64/100 par
|-damage|p2a: Samurott|52/100 par|[from] Stealth Rock
|turn|14
|
|t:|1757812612
|move|p2a: Samurott|Sucker Punch|p1a: Cucumber
|-crit|p1a: Cucumber
|-end|p1a: Cucumber|Substitute
|move|p1a: Cucumber|Draining Kiss|p2a: Samurott
|-supereffective|p2a: Samurott
|-crit|p2a: Samurott
|-damage|p2a: Samurott|0 fnt
|-heal|p1a: Cucumber|49/100|[from] drain|[of] p2a: Samurott
|faint|p2a: Samurott
|
|upkeep
|
|t:|1757812625
|switch|p2a: Iron Crown|Iron Crown|94/100
|-damage|p2a: Iron Crown|88/100|[from] Stealth Rock
|turn|15
|
|t:|1757812628
|move|p1a: Cucumber|Calm Mind|p1a: Cucumber
|-boost|p1a: Cucumber|spa|2
|-boost|p1a: Cucumber|spd|2
|move|p2a: Iron Crown|Focus Blast|p1a: Cucumber
|-supereffective|p1a: Cucumber
|-damage|p1a: Cucumber|13/100
|
|upkeep
|turn|16
|
|t:|1757812634
|move|p1a: Cucumber|Draining Kiss|p2a: Iron Crown
|-resisted|p2a: Iron Crown
|-damage|p2a: Iron Crown|58/100
|-heal|p1a: Cucumber|34/100|[from] drain|[of] p2a: Iron Crown
|move|p2a: Iron Crown|Focus Blast|p1a: Cucumber
|-supereffective|p1a: Cucumber
|-damage|p1a: Cucumber|1/100
|
|upkeep
|turn|17
|
|t:|1757812641
|move|p1a: Cucumber|Draining Kiss|p2a: Iron Crown
|-resisted|p2a: Iron Crown
|-damage|p2a: Iron Crown|27/100
|-heal|p1a: Cucumber|23/100|[from] drain|[of] p2a: Iron Crown
|move|p2a: Iron Crown|Focus Blast|p1a: Cucumber
|-supereffective|p1a: Cucumber
|-damage|p1a: Cucumber|0 fnt
|faint|p1a: Cucumber
|
|upkeep
|
|t:|1757812644
|switch|p1a: Spud|Great Tusk|100/100
|turn|18
|
|t:|1757812650
|-end|p2a: Iron Crown|Quark Drive|[silent]
|switch|p2a: Pecharunt|Pecharunt|100/100
|-damage|p2a: Pecharunt|88/100|[from] Stealth Rock
|move|p1a: Spud|Bulk Up|p1a: Spud
|-boost|p1a: Spud|atk|1
|-boost|p1a: Spud|def|1
|
|upkeep
|turn|19
|
|t:|1757812658
|-terastallize|p2a: Pecharunt|Dark
|move|p1a: Spud|Earthquake|p2a: Pecharunt
|-damage|p2a: Pecharunt|55/100
|move|p2a: Pecharunt|Malignant Chain|p1a: Spud
|-resisted|p1a: Spud
|-damage|p1a: Spud|77/100
|
|upkeep
|turn|20
|
|t:|1757812667
|move|p1a: Spud|Rapid Spin|p2a: Pecharunt
|-damage|p2a: Pecharunt|42/100
|-boost|p1a: Spud|spe|1
|-damage|p1a: Spud|60/100|[from] item: Rocky Helmet|[of] p2a: Pecharunt
|-sideend|p1: smogonules|Spikes|[from] move: Rapid Spin|[of] p1a: Spud
|move|p2a: Pecharunt|Malignant Chain|p1a: Spud
|-resisted|p1a: Spud
|-damage|p1a: Spud|38/100
|
|upkeep
|turn|21
|
|t:|1757812670
|move|p1a: Spud|Earthquake|p2a: Pecharunt
|-damage|p2a: Pecharunt|9/100
|move|p2a: Pecharunt|Malignant Chain|p1a: Spud
|-resisted|p1a: Spud
|-damage|p1a: Spud|16/100
|
|upkeep
|turn|22
|
|t:|1757812673
|move|p1a: Spud|Ice Spinner|p2a: Pecharunt
|-damage|p2a: Pecharunt|0 fnt
|-damage|p1a: Spud|0 fnt|[from] item: Rocky Helmet|[of] p2a: Pecharunt
|faint|p2a: Pecharunt
|faint|p1a: Spud
|-end|p1a: Spud|Protosynthesis|[silent]
|
|upkeep
|
|t:|1757812683
|switch|p1a: Scampi|Crawdaunt, M|100/100
|switch|p2a: Iron Crown|Iron Crown|27/100
|-damage|p2a: Iron Crown|21/100|[from] Stealth Rock
|turn|23
|
|t:|1757812686
|move|p1a: Scampi|Aqua Jet|p2a: Iron Crown
|-damage|p2a: Iron Crown|0 fnt
|faint|p2a: Iron Crown
|-end|p2a: Iron Crown|Quark Drive|[silent]
|-damage|p1a: Scampi|91/100|[from] item: Life Orb
|
|upkeep
|
|t:|1757812687
|switch|p2a: Ogerpon|Ogerpon-Wellspring, F|100/100
|-damage|p2a: Ogerpon|88/100|[from] Stealth Rock
|turn|24
|
|t:|1757812691
|move|p2a: Ogerpon|Swords Dance|p2a: Ogerpon
|-boost|p2a: Ogerpon|atk|2
|move|p1a: Scampi|Knock Off|p2a: Ogerpon
|-damage|p2a: Ogerpon|29/100
|-damage|p1a: Scampi|81/100|[from] item: Life Orb
|
|upkeep
|turn|25
|
|t:|1757812696
|move|p2a: Ogerpon|Synthesis|p2a: Ogerpon
|-heal|p2a: Ogerpon|79/100
|move|p1a: Scampi|Knock Off|p2a: Ogerpon
|-damage|p2a: Ogerpon|22/100
|-damage|p1a: Scampi|71/100|[from] item: Life Orb
|
|upkeep
|turn|26
|
|t:|1757812698
|move|p2a: Ogerpon|Trailblaze|p1a: Scampi
|-supereffective|p1a: Scampi
|-crit|p1a: Scampi
|-damage|p1a: Scampi|0 fnt
|-boost|p2a: Ogerpon|spe|1
|faint|p1a: Scampi
|
|upkeep
|
|t:|1757812700
|switch|p1a: Biscuit|Polteageist|100/100
|turn|27
|
|t:|1757812702
|move|p2a: Ogerpon|Ivy Cudgel|p1a: Biscuit|[anim] Ivy Cudgel Water
|-enditem|p1a: Biscuit|Focus Sash
|-damage|p1a: Biscuit|1/100
|-ability|p1a: Biscuit|Weak Armor|boost
|-unboost|p1a: Biscuit|def|1
|-boost|p1a: Biscuit|spe|2
|move|p1a: Biscuit|Shell Smash|p1a: Biscuit
|-unboost|p1a: Biscuit|def|1
|-unboost|p1a: Biscuit|spd|1
|-boost|p1a: Biscuit|atk|2
|-boost|p1a: Biscuit|spa|2
|-boost|p1a: Biscuit|spe|2
|
|upkeep
|turn|28
|
|t:|1757812705
|move|p1a: Biscuit|Giga Drain|p2a: Ogerpon
|-damage|p2a: Ogerpon|0 fnt
|-heal|p1a: Biscuit|16/100|[from] drain|[of] p2a: Ogerpon
|faint|p2a: Ogerpon
|
|upkeep
|
|t:|1757812707
|switch|p2a: Great Tusk|Great Tusk|100/100
|-damage|p2a: Great Tusk|98/100|[from] Stealth Rock
|-enditem|p2a: Great Tusk|Booster Energy
|-activate|p2a: Great Tusk|ability: Protosynthesis|[fromitem]
|-start|p2a: Great Tusk|protosynthesisspe
|turn|29
|
|t:|1757812710
|move|p1a: Biscuit|Stored Power|p2a: Great Tusk
|-supereffective|p2a: Great Tusk
|-damage|p2a: Great Tusk|0 fnt
|faint|p2a: Great Tusk
|-end|p2a: Great Tusk|Protosynthesis|[silent]
|
|win|smogonules
|raw|smogonules's rating: 1559 &rarr; <strong>1576</strong><br />(+17 for winning)
|raw|charliesinhell's rating: 1500 &rarr; <strong>1483</strong><br />(-17 for losing)
|l|☆smogonules
|player|p1|
|l|☆charliesinhell
|player|p2|
