|j|☆Turducken64
|j|☆GarbagioFilth
|t:|1757822295
|gametype|singles
|player|p1|Turducken64|hiker-gen4|1573
|player|p2|GarbagioFilth|byron|1514
|gen|9
|tier|[Gen 9] OU
|rated|
|rule|HP Percentage Mod: HP is shown in percentages
|rule|Endless Battle Clause: Forcing endless battles is banned
|rule|Species Clause: Limit one of each Pokémon
|rule|OHKO Clause: OHKO moves are banned
|rule|Evasion Items Clause: Evasion items are banned
|rule|Evasion Moves Clause: Evasion moves are banned
|rule|Evasion Abilities Clause: Evasion abilities are banned
|rule|Sleep Moves Clause: Sleep-inducing moves are banned
|clearpoke
|poke|p1|Alomomola, M|
|poke|p1|Iron Hands|
|poke|p1|Sinistcha|
|poke|p1|Gliscor, M|
|poke|p1|Iron Treads|
|poke|p1|Latios, M|
|poke|p2|Dondozo, M|
|poke|p2|Blissey, F|
|poke|p2|Corviknight, F|
|poke|p2|Weezing-Galar, M|
|poke|p2|Gliscor, M|
|poke|p2|Toxapex, M|
|teampreview
|inactive|Battle timer is ON: inactive players will automatically lose when time's up. (requested by Turducken64)
|
|t:|1757822360
|teamsize|p1|6
|teamsize|p2|6
|start
|switch|p1a: Gliscor|Gliscor, M|100/100
|switch|p2a: Stallmate|Gliscor, M|100/100
|turn|1
|
|t:|1757822368
|move|p1a: Gliscor|Protect|p1a: Gliscor
|-singleturn|p1a: Gliscor|Protect
|move|p2a: Stallmate|Protect||[still]
|-fail|p2a: Stallmate
|
|-status|p1a: Gliscor|tox|[from] item: Toxic Orb
|-status|p2a: Stallmate|tox|[from] item: Toxic Orb
|upkeep
|turn|2
|
|t:|1757822372
|switch|p2a: Stalinski|Corviknight, F|100/100
|-ability|p2a: Stalinski|Pressure
|move|p1a: Gliscor|Spikes|p2a: Stalinski
|-sidestart|p2: GarbagioFilth|Spikes
|
|upkeep
|turn|3
|
|t:|1757822378
|move|p1a: Gliscor|Knock Off|p2a: Stalinski
|-damage|p2a: Stalinski|88/100
|-enditem|p2a: Stalinski|Leftovers|[from] move: Knock Off|[of] p1a: Gliscor
|move|p2a: Stalinski|Defog|p1a: Gliscor
|-unboost|p1a: Gliscor|evasion|1
|-sideend|p2: GarbagioFilth|Spikes|[from] move: Defog|[of] p2a: Stalinski
|
|upkeep
|turn|4
|
|t:|1757822387
|switch|p1a: Iron Hands|Iron Hands|100/100
|move|p2a: Stalinski|Iron Defense|p2a: Stalinski
|-boost|p2a: Stalinski|def|2
|
|upkeep
|turn|5
|
|t:|1757822391
|-terastallize|p2a: Stalinski|Fighting
|move|p2a: Stalinski|Body Press|p1a: Iron Hands
|-damage|p1a: Iron Hands|43/100
|move|p1a: Iron Hands|Volt Switch|p2a: Stalinski
|-crit|p2a: Stalinski
|-damage|p2a: Stalinski|68/100
|
|t:|1757822394
|-end|p1a: Iron Hands|Quark Drive|[silent]
|switch|p1a: Sinistcha|Sinistcha|100/100|[from] Volt Switch
|
|upkeep
|turn|6
|
|t:|1757822401
|move|p1a: Sinistcha|Matcha Gotcha|p2a: Stalinski
|-damage|p2a: Stalinski|38/100
|-status|p2a: Stalinski|brn
|move|p2a: Stalinski|Roost|p2a: Stalinski
|-heal|p2a: Stalinski|88/100 brn
|
|-damage|p2a: Stalinski|82/100 brn|[from] brn
|upkeep
|turn|7
|
|t:|1757822407
|switch|p2a: Stalingrad|Blissey, F|100/100
|move|p1a: Sinistcha|Calm Mind|p1a: Sinistcha
|-boost|p1a: Sinistcha|spa|1
|-boost|p1a: Sinistcha|spd|1
|
|upkeep
|turn|8
|
|t:|1757822411
|move|p1a: Sinistcha|Calm Mind|p1a: Sinistcha
|-boost|p1a: Sinistcha|spa|1
|-boost|p1a: Sinistcha|spd|1
|move|p2a: Stalingrad|Calm Mind|p2a: Stalingrad
|-boost|p2a: Stalingrad|spa|1
|-boost|p2a: Stalingrad|spd|1
|
|upkeep
|turn|9
|
|t:|1757822415
|switch|p1a: Iron Treads|Iron Treads|100/100
|move|p2a: Stalingrad|Calm Mind|p2a: Stalingrad
|-boost|p2a: Stalingrad|spa|1
|-boost|p2a: Stalingrad|spd|1
|
|upkeep
|turn|10
|
|t:|1757822422
|switch|p2a: Stalinski|Corviknight, F, tera:Fighting|82/100 brn
|-ability|p2a: Stalinski|Pressure
|move|p1a: Iron Treads|Stealth Rock|p2a: Stalinski
|-sidestart|p2: GarbagioFilth|move: Stealth Rock
|
|-damage|p2a: Stalinski|75/100 brn|[from] brn
|upkeep
|turn|11
|
|t:|1757822429
|-end|p1a: Iron Treads|Quark Drive|[silent]
|switch|p1a: Latios|Latios, M|100/100
|move|p2a: Stalinski|Body Press|p1a: Latios
|-resisted|p1a: Latios
|-damage|p1a: Latios|88/100
|
|-damage|p2a: Stalinski|69/100 brn|[from] brn
|upkeep
|turn|12
|
|t:|1757822435
|switch|p2a: Stalingrad|Blissey, F|100/100
|-damage|p2a: Stalingrad|88/100|[from] Stealth Rock
|move|p1a: Latios|Flip Turn|p2a: Stalingrad
|-damage|p2a: Stalingrad|77/100
|
|t:|1757822438
|switch|p1a: Alomomola|Alomomola, M|100/100|[from] Flip Turn
|
|-heal|p2a: Stalingrad|83/100|[from] item: Leftovers
|upkeep
|turn|13
|
|t:|1757822441
|move|p2a: Stalingrad|Stealth Rock|p1a: Alomomola
|-sidestart|p1: Turducken64|move: Stealth Rock
|move|p1a: Alomomola|Wish|p1a: Alomomola
|
|-heal|p2a: Stalingrad|89/100|[from] item: Leftovers
|upkeep
|turn|14
|
|t:|1757822446
|move|p2a: Stalingrad|Seismic Toss|p1a: Alomomola
|-damage|p1a: Alomomola|80/100
|move|p1a: Alomomola|Flip Turn|p2a: Stalingrad
|-damage|p2a: Stalingrad|73/100
|
|t:|1757822449
|switch|p1a: Iron Hands|Iron Hands|43/100|[from] Flip Turn
|-damage|p1a: Iron Hands|36/100|[from] Stealth Rock
|
|-heal|p1a: Iron Hands|90/100|[from] move: Wish|[wisher] Alomomola
|-heal|p2a: Stalingrad|80/100|[from] item: Leftovers
|upkeep
|turn|15
|
|t:|1757822457
|switch|p2a: Stallmate|Gliscor, M|100/100 tox
|-damage|p2a: Stallmate|88/100 tox|[from] Stealth Rock
|move|p1a: Iron Hands|Volt Switch|p2a: Stallmate
|-immune|p2a: Stallmate
|
|-heal|p2a: Stallmate|100/100 tox|[from] ability: Poison Heal
|upkeep
|turn|16
|
|t:|1757822462
|move|p2a: Stallmate|Protect|p2a: Stallmate
|-singleturn|p2a: Stallmate|Protect
|move|p1a: Iron Hands|Ice Punch|p2a: Stallmate
|-activate|p2a: Stallmate|move: Protect
|
|upkeep
|turn|17
|
|t:|1757822470
|switch|p2a: Stallking|Toxapex, M|100/100
|-damage|p2a: Stallking|88/100|[from] Stealth Rock
|move|p1a: Iron Hands|Volt Switch|p2a: Stallking
|-supereffective|p2a: Stallking
|-damage|p2a: Stallking|70/100
|
|t:|1757822475
|-end|p1a: Iron Hands|Quark Drive|[silent]
|switch|p1a: Iron Treads|Iron Treads|100/100|[from] Volt Switch
|-damage|p1a: Iron Treads|98/100|[from] Stealth Rock
|
|-heal|p1a: Iron Treads|100/100|[from] item: Leftovers
|-heal|p2a: Stallking|76/100|[from] item: Leftovers
|upkeep
|turn|18
|
|t:|1757822481
|switch|p2a: Stallmate|Gliscor, M|100/100 tox
|-damage|p2a: Stallmate|88/100 tox|[from] Stealth Rock
|move|p1a: Iron Treads|Earthquake|p2a: Stallmate
|-immune|p2a: Stallmate
|
|-heal|p2a: Stallmate|100/100 tox|[from] ability: Poison Heal
|upkeep
|turn|19
|
|t:|1757822487
|-end|p1a: Iron Treads|Quark Drive|[silent]
|switch|p1a: Gliscor|Gliscor, M|100/100 tox
|-damage|p1a: Gliscor|88/100 tox|[from] Stealth Rock
|move|p2a: Stallmate|Protect||[still]
|-fail|p2a: Stallmate
|
|-heal|p1a: Gliscor|100/100 tox|[from] ability: Poison Heal
|upkeep
|turn|20
|
|t:|1757822489
|move|p1a: Gliscor|Spikes|p2a: Stallmate
|-sidestart|p2: GarbagioFilth|Spikes
|move|p2a: Stallmate|Spikes|p1a: Gliscor
|-sidestart|p1: Turducken64|Spikes
|
|upkeep
|turn|21
|
|t:|1757822491
|move|p1a: Gliscor|Spikes|p2a: Stallmate
|-sidestart|p2: GarbagioFilth|Spikes
|move|p2a: Stallmate|Spikes|p1a: Gliscor
|-sidestart|p1: Turducken64|Spikes
|
|upkeep
|turn|22
|
|t:|1757822494
|move|p1a: Gliscor|Spikes|p2a: Stallmate
|-sidestart|p2: GarbagioFilth|Spikes
|move|p2a: Stallmate|Spikes|p1a: Gliscor
|-sidestart|p1: Turducken64|Spikes
|
|upkeep
|turn|23
|
|t:|1757822496
|move|p1a: Gliscor|Knock Off|p2a: Stallmate
|-damage|p2a: Stallmate|83/100 tox
|-enditem|p2a: Stallmate|Toxic Orb|[from] move: Knock Off|[of] p1a: Gliscor
|move|p2a: Stallmate|Knock Off|p1a: Gliscor
|-damage|p1a: Gliscor|83/100 tox
|-enditem|p1a: Gliscor|Toxic Orb|[from] move: Knock Off|[of] p2a: Stallmate
|
|-heal|p1a: Gliscor|95/100 tox|[from] ability: Poison Heal
|-heal|p2a: Stallmate|95/100 tox|[from] ability: Poison Heal
|upkeep
|turn|24
|j| LuLuNaNaRaRa
|
|t:|1757822503
|switch|p2a: Stalinski|Corviknight, F, tera:Fighting|69/100 brn
|-damage|p2a: Stalinski|63/100 brn|[from] Stealth Rock
|-damage|p2a: Stalinski|38/100 brn|[from] Spikes
|-ability|p2a: Stalinski|Pressure
|move|p1a: Gliscor|Knock Off|p2a: Stalinski
|-resisted|p2a: Stalinski
|-crit|p2a: Stalinski
|-damage|p2a: Stalinski|31/100 brn
|
|-heal|p1a: Gliscor|100/100 tox|[from] ability: Poison Heal
|-damage|p2a: Stalinski|25/100 brn|[from] brn
|upkeep
|turn|25
|
|t:|1757822512
|move|p1a: Gliscor|Earthquake|p2a: Stalinski
|-crit|p2a: Stalinski
|-damage|p2a: Stalinski|0 fnt
|faint|p2a: Stalinski
|
|upkeep
|
|t:|1757822517
|switch|p2a: Stalin|Dondozo, M|100/100
|-damage|p2a: Stalin|88/100|[from] Stealth Rock
|-damage|p2a: Stalin|63/100|[from] Spikes
|turn|26
|
|t:|1757822519
|move|p1a: Gliscor|Knock Off|p2a: Stalin
|-damage|p2a: Stalin|53/100
|-enditem|p2a: Stalin|Leftovers|[from] move: Knock Off|[of] p1a: Gliscor
|move|p2a: Stalin|Avalanche|p1a: Gliscor
|-supereffective|p1a: Gliscor
|-damage|p1a: Gliscor|16/100 tox
|
|-heal|p1a: Gliscor|29/100 tox|[from] ability: Poison Heal
|upkeep
|turn|27
|
|t:|1757822524
|move|p1a: Gliscor|Protect|p1a: Gliscor
|-singleturn|p1a: Gliscor|Protect
|move|p2a: Stalin|Rest|p2a: Stalin
|-status|p2a: Stalin|slp|[from] move: Rest
|-heal|p2a: Stalin|100/100 slp|[silent]
|
|-heal|p1a: Gliscor|41/100 tox|[from] ability: Poison Heal
|upkeep
|turn|28
|
|t:|1757822526
|switch|p1a: Iron Hands|Iron Hands|90/100
|-damage|p1a: Iron Hands|84/100|[from] Stealth Rock
|-damage|p1a: Iron Hands|59/100|[from] Spikes
|cant|p2a: Stalin|slp
|move|p2a: Stalin|Sleep Talk|p2a: Stalin
|move|p2a: Stalin|Rest||[from] move: Sleep Talk|[still]
|-fail|p2a: Stalin
|
|upkeep
|turn|29
|
|t:|1757822535
|move|p1a: Iron Hands|Ice Punch|p2a: Stalin
|-resisted|p2a: Stalin
|-damage|p2a: Stalin|94/100 slp
|cant|p2a: Stalin|slp
|move|p2a: Stalin|Sleep Talk|p2a: Stalin
|move|p2a: Stalin|Rest||[from] move: Sleep Talk|[still]
|-fail|p2a: Stalin
|
|upkeep
|turn|30
|
|t:|1757822543
|move|p1a: Iron Hands|Volt Switch|p2a: Stalin
|-supereffective|p2a: Stalin
|-damage|p2a: Stalin|70/100 slp
|
|t:|1757822546
|-end|p1a: Iron Hands|Quark Drive|[silent]
|switch|p1a: Sinistcha|Sinistcha|100/100|[from] Volt Switch
|-curestatus|p2a: Stalin|slp|[msg]
|move|p2a: Stalin|Body Press|p1a: Sinistcha
|-immune|p1a: Sinistcha
|
|upkeep
|turn|31
|
|t:|1757822553
|switch|p1a: Iron Treads|Iron Treads|100/100
|-damage|p1a: Iron Treads|98/100|[from] Stealth Rock
|-damage|p1a: Iron Treads|73/100|[from] Spikes
|switch|p2a: Stalingrad|Blissey, F|80/100
|-damage|p2a: Stalingrad|67/100|[from] Stealth Rock
|-damage|p2a: Stalingrad|42/100|[from] Spikes
|
|-heal|p1a: Iron Treads|79/100|[from] item: Leftovers
|-heal|p2a: Stalingrad|48/100|[from] item: Leftovers
|upkeep
|turn|32
|
|t:|1757822556
|switch|p2a: Stallmate|Gliscor, M|95/100 tox
|-damage|p2a: Stallmate|83/100 tox|[from] Stealth Rock
|move|p1a: Iron Treads|Rapid Spin|p2a: Stallmate
|-damage|p2a: Stallmate|74/100 tox
|-boost|p1a: Iron Treads|spe|1
|-sideend|p1: Turducken64|Spikes|[from] move: Rapid Spin|[of] p1a: Iron Treads
|-sideend|p1: Turducken64|Stealth Rock|[from] move: Rapid Spin|[of] p1a: Iron Treads
|
|-heal|p1a: Iron Treads|85/100|[from] item: Leftovers
|-heal|p2a: Stallmate|86/100 tox|[from] ability: Poison Heal
|upkeep
|turn|33
|
|t:|1757822569
|-end|p1a: Iron Treads|Quark Drive|[silent]
|switch|p1a: Latios|Latios, M|88/100
|move|p2a: Stallmate|Earthquake|p1a: Latios
|-immune|p1a: Latios|[from] ability: Levitate
|
|-heal|p2a: Stallmate|99/100 tox|[from] ability: Poison Heal
|upkeep
|turn|34
|
|t:|1757822574
|move|p1a: Latios|Flip Turn|p2a: Stallmate
|-supereffective|p2a: Stallmate
|-damage|p2a: Stallmate|80/100 tox
|
|t:|1757822576
|switch|p1a: Gliscor|Gliscor, M|41/100 tox|[from] Flip Turn
|move|p2a: Stallmate|Knock Off|p1a: Gliscor
|-damage|p1a: Gliscor|30/100 tox
|
|-heal|p1a: Gliscor|43/100 tox|[from] ability: Poison Heal
|-heal|p2a: Stallmate|92/100 tox|[from] ability: Poison Heal
|upkeep
|turn|35
|
|t:|1757822585
|move|p1a: Gliscor|Protect|p1a: Gliscor
|-singleturn|p1a: Gliscor|Protect
|move|p2a: Stallmate|Spikes|p1a: Gliscor
|-sidestart|p1: Turducken64|Spikes
|
|-heal|p1a: Gliscor|55/100 tox|[from] ability: Poison Heal
|-heal|p2a: Stallmate|100/100 tox|[from] ability: Poison Heal
|upkeep
|turn|36
|
|t:|1757822587
|switch|p1a: Latios|Latios, M|88/100
|move|p2a: Stallmate|Spikes|p1a: Latios
|-sidestart|p1: Turducken64|Spikes
|
|upkeep
|turn|37
|
|t:|1757822589
|move|p1a: Latios|Draco Meteor|p2a: Stallmate
|-damage|p2a: Stallmate|21/100 tox
|-unboost|p1a: Latios|spa|2
|move|p2a: Stallmate|Knock Off|p1a: Latios
|-supereffective|p1a: Latios
|-damage|p1a: Latios|32/100
|-enditem|p1a: Latios|Choice Specs|[from] move: Knock Off|[of] p2a: Stallmate
|
|-heal|p2a: Stallmate|34/100 tox|[from] ability: Poison Heal
|upkeep
|turn|38
|
|t:|1757822600
|move|p2a: Stallmate|Protect|p2a: Stallmate
|-singleturn|p2a: Stallmate|Protect
|move|p1a: Latios|Luster Purge|p2a: Stallmate
|-activate|p2a: Stallmate|move: Protect
|
|-heal|p2a: Stallmate|46/100 tox|[from] ability: Poison Heal
|upkeep
|turn|39
|
|t:|1757822606
|move|p1a: Latios|Flip Turn|p2a: Stallmate
|-supereffective|p2a: Stallmate
|-damage|p2a: Stallmate|28/100 tox
|
|t:|1757822610
|switch|p1a: Iron Hands|Iron Hands|59/100|[from] Flip Turn
|-damage|p1a: Iron Hands|42/100|[from] Spikes
|move|p2a: Stallmate|Knock Off|p1a: Iron Hands
|-resisted|p1a: Iron Hands
|-damage|p1a: Iron Hands|34/100
|-enditem|p1a: Iron Hands|Assault Vest|[from] move: Knock Off|[of] p2a: Stallmate
|
|-heal|p2a: Stallmate|41/100 tox|[from] ability: Poison Heal
|upkeep
|turn|40
|
|t:|1757822617
|move|p2a: Stallmate|Protect|p2a: Stallmate
|-singleturn|p2a: Stallmate|Protect
|move|p1a: Iron Hands|Ice Punch|p2a: Stallmate
|-activate|p2a: Stallmate|move: Protect
|
|-heal|p2a: Stallmate|53/100 tox|[from] ability: Poison Heal
|upkeep
|turn|41
|
|t:|1757822623
|switch|p2a: Stallking|Toxapex, M|100/100
|-damage|p2a: Stallking|88/100|[from] Stealth Rock
|-damage|p2a: Stallking|63/100|[from] Spikes
|move|p1a: Iron Hands|Ice Punch|p2a: Stallking
|-resisted|p2a: Stallking
|-damage|p2a: Stallking|51/100
|
|-heal|p2a: Stallking|57/100|[from] item: Leftovers
|upkeep
|turn|42
|
|t:|1757822630
|move|p1a: Iron Hands|Thunder Punch|p2a: Stallking
|-supereffective|p2a: Stallking
|-damage|p2a: Stallking|0 fnt
|faint|p2a: Stallking
|
|upkeep
|
|t:|1757822635
|switch|p2a: Staletto|Weezing-Galar, M|100/100
|-ability|p2a: Staletto|Neutralizing Gas
|turn|43
|
|t:|1757822642
|-end|p1a: Iron Hands|Quark Drive|[silent]
|switch|p1a: Latios|Latios, M|32/100
|-damage|p1a: Latios|16/100|[from] Spikes
|move|p2a: Staletto|Strange Steam|p1a: Latios|[miss]
|-miss|p2a: Staletto|p1a: Latios
|
|upkeep
|turn|44
|
|t:|1757822645
|move|p1a: Latios|Luster Purge|p2a: Staletto
|-supereffective|p2a: Staletto
|-damage|p2a: Staletto|0 fnt
|faint|p2a: Staletto
|-end|p2a: Staletto|ability: Neutralizing Gas
|
|upkeep
|c|☆GarbagioFilth|Bad luck for me this game
|c|☆GarbagioFilth|gg RNG
|inactive|GarbagioFilth has 120 seconds left.
|-message|GarbagioFilth forfeited.
|
|win|Turducken64
|raw|Turducken64's rating: 1573 &rarr; <strong>1590</strong><br />(+17 for winning)
|raw|GarbagioFilth's rating: 1514 &rarr; <strong>1497</strong><br />(-17 for losing)
|l|☆Turducken64
|player|p1|
|l|☆GarbagioFilth
|player|p2|
|l| LuLuNaNaRaRa
