|j|☆jessies boyfriend
|j|☆cdubs00
|t:|1757901209
|gametype|singles
|player|p1|jessies boyfriend|brock|1414
|player|p2|cdubs00|102|1460
|gen|9
|tier|[Gen 9] OU
|rated|
|rule|HP Percentage Mod: HP is shown in percentages
|rule|Endless Battle Clause: Forcing endless battles is banned
|rule|Species Clause: Limit one of each Pokémon
|rule|OHKO Clause: OHKO moves are banned
|rule|Evasion Items Clause: Evasion items are banned
|rule|Evasion Moves Clause: Evasion moves are banned
|rule|Evasion Abilities Clause: Evasion abilities are banned
|rule|Sleep Moves Clause: Sleep-inducing moves are banned
|clearpoke
|poke|p1|Munkidori, M|
|poke|p1|Fezandipiti, M|
|poke|p1|Okidogi, M|
|poke|p1|Corviknight, M|
|poke|p1|Porygon-Z|
|poke|p1|Incineroar, F|
|poke|p2|Hydrapple, M|
|poke|p2|Slowking, M|
|poke|p2|Great Tusk|
|poke|p2|Moltres|
|poke|p2|Zamazenta-*|
|poke|p2|Kingambit, F|
|teampreview
|inactive|Battle timer is ON: inactive players will automatically lose when time's up. (requested by jessies boyfriend)
|
|t:|1757901225
|teamsize|p1|6
|teamsize|p2|6
|start
|switch|p1a: Incineroar|Incineroar, F|100/100
|switch|p2a: Zamazenta|Zamazenta|100/100
|-ability|p2a: Zamazenta|Dauntless Shield|boost
|-boost|p2a: Zamazenta|def|1
|-ability|p1a: Incineroar|Intimidate|boost
|-unboost|p2a: Zamazenta|atk|1
|turn|1
|
|t:|1757901235
|switch|p2a: Moltres|Moltres|100/100
|switch|p1a: Fezandipiti|Fezandipiti, M|100/100
|
|upkeep
|turn|2
|
|t:|1757901242
|move|p1a: Fezandipiti|Beat Up|p2a: Moltres
|-damage|p2a: Moltres|98/100
|-damage|p2a: Moltres|96/100
|-damage|p2a: Moltres|93/100
|-damage|p2a: Moltres|91/100
|-status|p2a: Moltres|tox|[from] ability: Toxic Chain|[of] p1a: Fezandipiti
|-damage|p2a: Moltres|89/100 tox
|-damage|p2a: Moltres|87/100 tox
|-hitcount|p2a: Moltres|6
|move|p2a: Moltres|Flamethrower|p1a: Fezandipiti
|-damage|p1a: Fezandipiti|79/100
|
|-damage|p2a: Moltres|81/100 tox|[from] psn
|upkeep
|turn|3
|
|t:|1757901259
|move|p1a: Fezandipiti|Roost|p1a: Fezandipiti
|-heal|p1a: Fezandipiti|100/100
|-singleturn|p1a: Fezandipiti|move: Roost
|move|p2a: Moltres|U-turn|p1a: Fezandipiti
|-resisted|p1a: Fezandipiti
|-damage|p1a: Fezandipiti|97/100
|
|t:|1757901261
|switch|p2a: Kingambit|Kingambit, F|100/100|[from] U-turn
|
|upkeep
|turn|4
|
|t:|1757901266
|move|p1a: Fezandipiti|U-turn|p2a: Kingambit
|-damage|p2a: Kingambit|90/100
|
|t:|1757901269
|switch|p1a: Incineroar|Incineroar, F|100/100|[from] U-turn
|-ability|p1a: Incineroar|Intimidate|boost
|-unboost|p2a: Kingambit|atk|1
|move|p2a: Kingambit|Iron Head|p1a: Incineroar
|-resisted|p1a: Incineroar
|-damage|p1a: Incineroar|86/100
|
|-heal|p1a: Incineroar|92/100|[from] item: Leftovers
|-heal|p2a: Kingambit|96/100|[from] item: Leftovers
|upkeep
|turn|5
|
|t:|1757901274
|-end|p2a: Kingambit|fallenundefined|[silent]
|switch|p2a: Moltres|Moltres|81/100 tox
|move|p1a: Incineroar|Bulk Up|p1a: Incineroar
|-boost|p1a: Incineroar|atk|1
|-boost|p1a: Incineroar|def|1
|
|-heal|p1a: Incineroar|98/100|[from] item: Leftovers
|-damage|p2a: Moltres|75/100 tox|[from] psn
|upkeep
|turn|6
|
|t:|1757901282
|move|p1a: Incineroar|Flame Charge|p2a: Moltres
|-resisted|p2a: Moltres
|-damage|p2a: Moltres|65/100 tox
|-boost|p1a: Incineroar|spe|1
|move|p2a: Moltres|Roar|p1a: Incineroar
|drag|p1a: Munkidori|Munkidori, M|100/100
|
|-damage|p2a: Moltres|53/100 tox|[from] psn
|upkeep
|turn|7
|
|t:|1757901290
|switch|p2a: Slowking|Slowking, M|100/100
|move|p1a: Munkidori|Psychic|p2a: Slowking
|-resisted|p2a: Slowking
|-damage|p2a: Slowking|88/100
|-status|p2a: Slowking|tox|[from] ability: Toxic Chain|[of] p1a: Munkidori
|
|-damage|p2a: Slowking|82/100 tox|[from] psn
|upkeep
|turn|8
|
|t:|1757901299
|switch|p1a: Corviknight|Corviknight, M|100/100
|-ability|p1a: Corviknight|Pressure
|move|p2a: Slowking|Thunder Wave|p1a: Corviknight
|-status|p1a: Corviknight|par
|
|-damage|p2a: Slowking|70/100 tox|[from] psn
|upkeep
|turn|9
|
|t:|1757901311
|move|p1a: Corviknight|U-turn|p2a: Slowking
|-supereffective|p2a: Slowking
|-damage|p2a: Slowking|42/100 tox
|inactive|jessies boyfriend has 120 seconds left.
|
|t:|1757901343
|switch|p1a: Fezandipiti|Fezandipiti, M|97/100|[from] U-turn
|move|p2a: Slowking|Future Sight|p1a: Fezandipiti
|-start|p2a: Slowking|move: Future Sight
|
|-damage|p2a: Slowking|24/100 tox|[from] psn
|upkeep
|turn|10
|
|t:|1757901349
|switch|p2a: Kingambit|Kingambit, F|96/100
|move|p1a: Fezandipiti|U-turn|p2a: Kingambit
|-damage|p2a: Kingambit|86/100
|
|t:|1757901353
|switch|p1a: Incineroar|Incineroar, F|98/100|[from] U-turn
|-ability|p1a: Incineroar|Intimidate|boost
|-unboost|p2a: Kingambit|atk|1
|
|-heal|p1a: Incineroar|100/100|[from] item: Leftovers
|-heal|p2a: Kingambit|92/100|[from] item: Leftovers
|upkeep
|turn|11
|
|t:|1757901358
|-end|p2a: Kingambit|fallenundefined|[silent]
|switch|p2a: Zamazenta|Zamazenta|100/100
|move|p1a: Incineroar|Flame Charge|p2a: Zamazenta
|-damage|p2a: Zamazenta|83/100
|-boost|p1a: Incineroar|spe|1
|
|-end|p1a: Incineroar|move: Future Sight
|-immune|p1a: Incineroar
|upkeep
|turn|12
|
|t:|1757901371
|move|p2a: Zamazenta|Crunch|p1a: Incineroar
|-resisted|p1a: Incineroar
|-damage|p1a: Incineroar|82/100
|move|p1a: Incineroar|Flame Charge|p2a: Zamazenta
|-damage|p2a: Zamazenta|61/100
|-boost|p1a: Incineroar|spe|1
|
|-heal|p1a: Incineroar|88/100|[from] item: Leftovers
|upkeep
|turn|13
|
|t:|1757901376
|switch|p2a: Great Tusk|Great Tusk|100/100
|move|p1a: Incineroar|Bulk Up|p1a: Incineroar
|-boost|p1a: Incineroar|atk|1
|-boost|p1a: Incineroar|def|1
|
|-heal|p1a: Incineroar|94/100|[from] item: Leftovers
|upkeep
|turn|14
|
|t:|1757901382
|-terastallize|p1a: Incineroar|Fighting
|move|p1a: Incineroar|Bulk Up|p1a: Incineroar
|-boost|p1a: Incineroar|atk|1
|-boost|p1a: Incineroar|def|1
|move|p2a: Great Tusk|Headlong Rush|p1a: Incineroar
|-damage|p1a: Incineroar|63/100
|-unboost|p2a: Great Tusk|def|1
|-unboost|p2a: Great Tusk|spd|1
|
|-heal|p1a: Incineroar|69/100|[from] item: Leftovers
|upkeep
|turn|15
|
|t:|1757901395
|-end|p2a: Great Tusk|Protosynthesis|[silent]
|switch|p2a: Moltres|Moltres|53/100 tox
|move|p1a: Incineroar|Drain Punch|p2a: Moltres
|-resisted|p2a: Moltres
|-damage|p2a: Moltres|32/100 tox
|-heal|p1a: Incineroar|80/100|[from] drain|[of] p2a: Moltres
|
|-heal|p1a: Incineroar|86/100|[from] item: Leftovers
|-damage|p2a: Moltres|26/100 tox|[from] psn
|upkeep
|turn|16
|
|t:|1757901399
|move|p1a: Incineroar|Power Trip|p2a: Moltres
|-damage|p2a: Moltres|0 fnt
|faint|p2a: Moltres
|
|-heal|p1a: Incineroar|93/100|[from] item: Leftovers
|upkeep
|
|t:|1757901405
|switch|p2a: Hydrapple|Hydrapple, M, shiny|100/100
|turn|17
|
|t:|1757901410
|-terastallize|p2a: Hydrapple|Poison
|move|p1a: Incineroar|Power Trip|p2a: Hydrapple
|-damage|p2a: Hydrapple|0 fnt
|faint|p2a: Hydrapple
|
|-heal|p1a: Incineroar|99/100|[from] item: Leftovers
|upkeep
|-message|cdubs00 forfeited.
|
|win|jessies boyfriend
|raw|jessies boyfriend's rating: 1414 &rarr; <strong>1437</strong><br />(+23 for winning)
|raw|cdubs00's rating: 1460 &rarr; <strong>1437</strong><br />(-23 for losing)
|l|☆cdubs00
|player|p2|
|l|☆jessies boyfriend
|player|p1|
