|j|☆malamarkus
|j|☆Parker757
|t:|1757952032
|gametype|singles
|player|p1|malamarkus|carmine-festival|1581
|player|p2|Parker757|pokemonranger-gen4|1642
|gen|9
|tier|[Gen 9] OU
|rated|
|rule|HP Percentage Mod: HP is shown in percentages
|rule|Endless Battle Clause: Forcing endless battles is banned
|rule|Species Clause: Limit one of each Pokémon
|rule|OHKO Clause: OHKO moves are banned
|rule|Evasion Items Clause: Evasion items are banned
|rule|Evasion Moves Clause: Evasion moves are banned
|rule|Evasion Abilities Clause: Evasion abilities are banned
|rule|Sleep Moves Clause: Sleep-inducing moves are banned
|clearpoke
|poke|p1|Kingambit, M|
|poke|p1|Deoxys-Speed|
|poke|p1|Great Tusk|
|poke|p1|Dragonite, M|
|poke|p1|Iron Moth|
|poke|p1|Malamar, F|
|poke|p2|Ceruledge, F|
|poke|p2|Ogerpon-Wellspring, F|
|poke|p2|Dragonite, F|
|poke|p2|Iron Treads|
|poke|p2|Hatterene, F|
|poke|p2|Zamazenta-*|
|teampreview
|inactive|Battle timer is ON: inactive players will automatically lose when time's up. (requested by Parker757)
|j| she's not noob
|inactive|Parker757 has 120 seconds left.
|
|t:|1757952064
|teamsize|p1|6
|teamsize|p2|6
|start
|switch|p1a: Calamari|Malamar, F|100/100
|switch|p2a: Ogerpon|Ogerpon-Wellspring, F|100/100
|turn|1
|
|t:|1757952069
|move|p1a: Calamari|Destiny Bond|p1a: Calamari
|-singlemove|p1a: Calamari|Destiny Bond
|move|p2a: Ogerpon|Swords Dance|p2a: Ogerpon
|-boost|p2a: Ogerpon|atk|2
|
|upkeep
|turn|2
|c| she's not noob|allez malamarkus
|
|t:|1757952092
|move|p1a: Calamari|Destiny Bond||[still]
|-fail|p1a: Calamari
|move|p2a: Ogerpon|Ivy Cudgel|p1a: Calamari|[anim] Ivy Cudgel Water
|-damage|p1a: Calamari|0 fnt
|faint|p1a: Calamari
|
|upkeep
|
|t:|1757952098
|switch|p1a: Niteinshiningarmor|Dragonite, M, shiny|100/100
|turn|3
|
|t:|1757952107
|move|p2a: Ogerpon|Ivy Cudgel|p1a: Niteinshiningarmor|[anim] Ivy Cudgel Water
|-resisted|p1a: Niteinshiningarmor
|-damage|p1a: Niteinshiningarmor|67/100
|move|p1a: Niteinshiningarmor|Outrage|p2a: Ogerpon
|-damage|p2a: Ogerpon|0 fnt
|faint|p2a: Ogerpon
|
|upkeep
|
|t:|1757952111
|switch|p2a: Hatterene|Hatterene, F|100/100
|turn|4
|
|t:|1757952114
|move|p1a: Niteinshiningarmor|Outrage|p2a: Hatterene|[from] lockedmove
|-immune|p2a: Hatterene
|move|p2a: Hatterene|Draining Kiss|p1a: Niteinshiningarmor
|-supereffective|p1a: Niteinshiningarmor
|-damage|p1a: Niteinshiningarmor|5/100
|
|upkeep
|turn|5
|
|t:|1757952128
|move|p1a: Niteinshiningarmor|Outrage|p2a: Hatterene
|-immune|p2a: Hatterene
|move|p2a: Hatterene|Mystical Fire|p1a: Niteinshiningarmor
|-resisted|p1a: Niteinshiningarmor
|-damage|p1a: Niteinshiningarmor|0 fnt
|faint|p1a: Niteinshiningarmor
|
|upkeep
|
|t:|1757952130
|switch|p1a: Helios|Iron Moth|100/100
|-enditem|p1a: Helios|Booster Energy
|-activate|p1a: Helios|ability: Quark Drive|[fromitem]
|-start|p1a: Helios|quarkdrivespe
|turn|6
|
|t:|1757952140
|-terastallize|p1a: Helios|Ground
|move|p1a: Helios|Fiery Dance|p2a: Hatterene
|-damage|p2a: Hatterene|74/100
|-boost|p1a: Helios|spa|1
|move|p2a: Hatterene|Psychic Noise|p1a: Helios
|-damage|p1a: Helios|59/100
|-start|p1a: Helios|move: Heal Block
|
|upkeep
|turn|7
|
|t:|1757952147
|move|p1a: Helios|Sludge Wave|p2a: Hatterene
|-supereffective|p2a: Hatterene
|-crit|p2a: Hatterene
|-damage|p2a: Hatterene|0 fnt
|faint|p2a: Hatterene
|
|-end|p1a: Helios|move: Heal Block
|upkeep
|
|t:|1757952164
|switch|p2a: Zamazenta|Zamazenta|100/100
|-ability|p2a: Zamazenta|Dauntless Shield|boost
|-boost|p2a: Zamazenta|def|1
|turn|8
|
|t:|1757952169
|move|p1a: Helios|Sludge Wave|p2a: Zamazenta
|-damage|p2a: Zamazenta|29/100
|move|p2a: Zamazenta|Close Combat|p1a: Helios
|-damage|p1a: Helios|0 fnt
|-unboost|p2a: Zamazenta|def|1
|-unboost|p2a: Zamazenta|spd|1
|faint|p1a: Helios
|-end|p1a: Helios|Quark Drive|[silent]
|-damage|p2a: Zamazenta|20/100|[from] item: Life Orb
|
|upkeep
|
|t:|1757952180
|switch|p1a: Great Thighs|Great Tusk|100/100
|-enditem|p1a: Great Thighs|Booster Energy
|-activate|p1a: Great Thighs|ability: Protosynthesis|[fromitem]
|-start|p1a: Great Thighs|protosynthesisatk
|turn|9
|
|t:|1757952198
|move|p2a: Zamazenta|Close Combat|p1a: Great Thighs
|-damage|p1a: Great Thighs|49/100
|-unboost|p2a: Zamazenta|def|1
|-unboost|p2a: Zamazenta|spd|1
|-damage|p2a: Zamazenta|10/100|[from] item: Life Orb
|move|p1a: Great Thighs|Rapid Spin|p2a: Zamazenta
|-damage|p2a: Zamazenta|0 fnt
|-boost|p1a: Great Thighs|spe|1
|faint|p2a: Zamazenta
|
|upkeep
|
|t:|1757952209
|switch|p2a: Ceruledge|Ceruledge, F|100/100
|turn|10
|
|t:|1757952215
|move|p1a: Great Thighs|Headlong Rush|p2a: Ceruledge
|-supereffective|p2a: Ceruledge
|-enditem|p2a: Ceruledge|Focus Sash
|-damage|p2a: Ceruledge|1/100
|-unboost|p1a: Great Thighs|def|1
|-unboost|p1a: Great Thighs|spd|1
|-ability|p2a: Ceruledge|Weak Armor|boost
|-unboost|p2a: Ceruledge|def|1
|-boost|p2a: Ceruledge|spe|2
|move|p2a: Ceruledge|Swords Dance|p2a: Ceruledge
|-boost|p2a: Ceruledge|atk|2
|
|upkeep
|turn|11
|
|t:|1757952224
|move|p2a: Ceruledge|Bitter Blade|p1a: Great Thighs
|-damage|p1a: Great Thighs|0 fnt
|-heal|p2a: Ceruledge|32/100|[from] drain|[of] p1a: Great Thighs
|faint|p1a: Great Thighs
|-end|p1a: Great Thighs|Protosynthesis|[silent]
|
|upkeep
|
|t:|1757952227
|switch|p1a: Vienna|Kingambit, M|100/100
|-activate|p1a: Vienna|ability: Supreme Overlord
|-start|p1a: Vienna|fallen4|[silent]
|turn|12
|c| she's not noob|bitter blade
|
|t:|1757952243
|move|p2a: Ceruledge|Shadow Sneak|p1a: Vienna
|-resisted|p1a: Vienna
|-damage|p1a: Vienna|87/100
|move|p1a: Vienna|Sucker Punch||[still]
|-fail|p1a: Vienna
|
|-heal|p1a: Vienna|93/100|[from] item: Leftovers
|upkeep
|turn|13
|
|t:|1757952247
|move|p2a: Ceruledge|Shadow Sneak|p1a: Vienna
|-resisted|p1a: Vienna
|-damage|p1a: Vienna|79/100
|move|p1a: Vienna|Sucker Punch||[still]
|-fail|p1a: Vienna
|
|-heal|p1a: Vienna|85/100|[from] item: Leftovers
|upkeep
|turn|14
|
|t:|1757952256
|move|p1a: Vienna|Sucker Punch|p2a: Ceruledge
|-supereffective|p2a: Ceruledge
|-damage|p2a: Ceruledge|0 fnt
|faint|p2a: Ceruledge
|
|-heal|p1a: Vienna|91/100|[from] item: Leftovers
|upkeep
|
|t:|1757952261
|switch|p2a: Dragonite|Dragonite, F|100/100
|turn|15
|
|t:|1757952266
|move|p2a: Dragonite|Encore|p1a: Vienna
|-start|p1a: Vienna|Encore
|move|p1a: Vienna|Sucker Punch||[still]
|-fail|p1a: Vienna
|
|-heal|p1a: Vienna|97/100|[from] item: Leftovers
|upkeep
|turn|16
|
|t:|1757952271
|-end|p1a: Vienna|fallen4|[silent]
|switch|p1a: Trick Room Support|Deoxys-Speed|100/100
|-ability|p1a: Trick Room Support|Pressure
|move|p2a: Dragonite|Dragon Dance|p2a: Dragonite
|-boost|p2a: Dragonite|atk|1
|-boost|p2a: Dragonite|spe|1
|
|upkeep
|turn|17
|
|t:|1757952292
|-terastallize|p2a: Dragonite|Ground
|move|p1a: Trick Room Support|Psycho Boost|p2a: Dragonite|[miss]
|-miss|p1a: Trick Room Support|p2a: Dragonite
|move|p2a: Dragonite|Dragon Dance|p2a: Dragonite
|-boost|p2a: Dragonite|atk|1
|-boost|p2a: Dragonite|spe|1
|
|upkeep
|turn|18
|
|t:|1757952298
|move|p2a: Dragonite|Earthquake|p1a: Trick Room Support
|-damage|p1a: Trick Room Support|0 fnt
|faint|p1a: Trick Room Support
|
|upkeep
|-message|malamarkus forfeited.
|
|win|Parker757
|raw|malamarkus's rating: 1581 &rarr; <strong>1564</strong><br />(-17 for losing)
|raw|Parker757's rating: 1642 &rarr; <strong>1659</strong><br />(+17 for winning)
|l|☆malamarkus
|player|p1|
|c| she's not noob|gg
|c|☆Parker757|gg
|l|☆Parker757
|player|p2|
|l| she's not noob
|j| wgw2333
|l| wgw2333
