|j|☆Kams78190
|j|☆Lych0966
|t:|1757933418
|gametype|singles
|player|p1|Kams78190|bruno|1324
|player|p2|Lych0966|giovanni|1336
|gen|9
|tier|[Gen 9] OU
|rated|
|rule|HP Percentage Mod: HP is shown in percentages
|rule|Endless Battle Clause: Forcing endless battles is banned
|rule|Species Clause: Limit one of each Pokémon
|rule|OHKO Clause: OHKO moves are banned
|rule|Evasion Items Clause: Evasion items are banned
|rule|Evasion Moves Clause: Evasion moves are banned
|rule|Evasion Abilities Clause: Evasion abilities are banned
|rule|Sleep Moves Clause: Sleep-inducing moves are banned
|clearpoke
|poke|p1|Torkoal, M|
|poke|p1|Hatterene, F|
|poke|p1|Raging Bolt|
|poke|p1|Slither Wing|
|poke|p1|Venusaur, M|
|poke|p1|Walking Wake|
|poke|p2|Landorus-Therian, M|
|poke|p2|Greninja-*, M|
|poke|p2|Dragonite, M|
|poke|p2|Meowscarada, M|
|poke|p2|Iron Valiant|
|poke|p2|Cinderace, F|
|teampreview
|inactive|Battle timer is ON: inactive players will automatically lose when time's up. (requested by Kams78190)
|
|t:|1757933431
|teamsize|p1|6
|teamsize|p2|6
|start
|switch|p1a: Torkoal|Torkoal, M|100/100
|switch|p2a: FERNANDO|Landorus-Therian, M|100/100
|-ability|p2a: FERNANDO|Intimidate|boost
|-unboost|p1a: Torkoal|atk|1
|-weather|SunnyDay|[from] ability: Drought|[of] p1a: Torkoal
|turn|1
|
|t:|1757933440
|switch|p1a: Hatterene|Hatterene, F|100/100
|-item|p1a: Hatterene|Air Balloon
|move|p2a: FERNANDO|Earthquake|p1a: Hatterene
|-immune|p1a: Hatterene
|
|-weather|SunnyDay|[upkeep]
|upkeep
|turn|2
|inactive|Kams78190 has 120 seconds left.
|
|t:|1757933474
|switch|p2a: Chef.CRETIN|Cinderace, F|100/100
|move|p1a: Hatterene|Dazzling Gleam|p2a: Chef.CRETIN
|-resisted|p2a: Chef.CRETIN
|-crit|p2a: Chef.CRETIN
|-damage|p2a: Chef.CRETIN|65/100
|
|-weather|SunnyDay|[upkeep]
|upkeep
|turn|3
|inactive|Kams78190 has 120 seconds left.
|inactive|Kams78190 has 90 seconds left.
|
|t:|1757933540
|switch|p1a: Walking Wake|Walking Wake|100/100
|-activate|p1a: Walking Wake|ability: Protosynthesis
|-start|p1a: Walking Wake|protosynthesisspe
|move|p2a: Chef.CRETIN|U-turn|p1a: Walking Wake
|-start|p2a: Chef.CRETIN|typechange|Bug|[from] ability: Libero
|-damage|p1a: Walking Wake|64/100
|
|t:|1757933553
|switch|p2a: CARTMAN|Dragonite, M|100/100|[from] U-turn
|
|-weather|SunnyDay|[upkeep]
|upkeep
|turn|4
|
|t:|1757933558
|-terastallize|p2a: CARTMAN|Normal
|move|p1a: Walking Wake|Flip Turn|p2a: CARTMAN
|-damage|p2a: CARTMAN|97/100
|
|t:|1757933564
|-end|p1a: Walking Wake|Protosynthesis|[silent]
|switch|p1a: Slither Wing|Slither Wing|100/100|[from] Flip Turn
|-activate|p1a: Slither Wing|ability: Protosynthesis
|-start|p1a: Slither Wing|protosynthesisatk
|move|p2a: CARTMAN|Dragon Claw|p1a: Slither Wing
|-damage|p1a: Slither Wing|42/100
|
|-weather|SunnyDay|[upkeep]
|upkeep
|turn|5
|
|t:|1757933574
|move|p1a: Slither Wing|First Impression|p2a: CARTMAN
|-damage|p2a: CARTMAN|26/100
|move|p2a: CARTMAN|Extreme Speed|p1a: Slither Wing
|-damage|p1a: Slither Wing|0 fnt
|faint|p1a: Slither Wing
|-end|p1a: Slither Wing|Protosynthesis|[silent]
|
|-weather|SunnyDay|[upkeep]
|upkeep
|
|t:|1757933588
|switch|p1a: Venusaur|Venusaur, M|100/100
|turn|6
|
|t:|1757933591
|move|p2a: CARTMAN|Extreme Speed|p1a: Venusaur
|-damage|p1a: Venusaur|37/100
|move|p1a: Venusaur|Weather Ball|p2a: CARTMAN
|-damage|p2a: CARTMAN|0 fnt
|faint|p2a: CARTMAN
|-damage|p1a: Venusaur|27/100|[from] item: Life Orb
|
|-weather|SunnyDay|[upkeep]
|upkeep
|
|t:|1757933600
|switch|p2a: Chef.CRETIN|Cinderace, F|65/100
|turn|7
|inactive|Kams78190 has 90 seconds left.
|
|t:|1757933605
|switch|p1a: Walking Wake|Walking Wake|64/100
|-activate|p1a: Walking Wake|ability: Protosynthesis
|-start|p1a: Walking Wake|protosynthesisspe
|move|p2a: Chef.CRETIN|U-turn|p1a: Walking Wake
|-start|p2a: Chef.CRETIN|typechange|Bug|[from] ability: Libero
|-damage|p1a: Walking Wake|29/100
|
|t:|1757933616
|switch|p2a: RICK-DE-FER|Iron Valiant|100/100|[from] U-turn
|-enditem|p2a: RICK-DE-FER|Booster Energy
|-activate|p2a: RICK-DE-FER|ability: Quark Drive|[fromitem]
|-start|p2a: RICK-DE-FER|quarkdrivespe
|
|-weather|SunnyDay|[upkeep]
|upkeep
|turn|8
|inactive|Kams78190 has 90 seconds left.
|
|t:|1757933640
|-end|p1a: Walking Wake|Protosynthesis|[silent]
|switch|p1a: Hatterene|Hatterene, F|100/100
|-item|p1a: Hatterene|Air Balloon
|move|p2a: RICK-DE-FER|Moonblast|p1a: Hatterene
|-damage|p1a: Hatterene|49/100
|-enditem|p1a: Hatterene|Air Balloon
|
|-weather|none
|upkeep
|turn|9
|inactive|Kams78190 has 90 seconds left.
|
|t:|1757933654
|move|p2a: RICK-DE-FER|Moonblast|p1a: Hatterene
|-damage|p1a: Hatterene|3/100
|move|p1a: Hatterene|Psychic Noise|p2a: RICK-DE-FER
|-supereffective|p2a: RICK-DE-FER
|-damage|p2a: RICK-DE-FER|0 fnt
|faint|p2a: RICK-DE-FER
|-end|p2a: RICK-DE-FER|Quark Drive|[silent]
|
|upkeep
|
|t:|1757933660
|switch|p2a: EAUMOPHOBE|Greninja, M|100/100
|turn|10
|inactive|Kams78190 has 90 seconds left.
|
|t:|1757933685
|switch|p1a: Venusaur|Venusaur, M|27/100
|move|p2a: EAUMOPHOBE|Dark Pulse|p1a: Venusaur
|-damage|p1a: Venusaur|0 fnt
|faint|p1a: Venusaur
|-ability|p2a: EAUMOPHOBE|Battle Bond|boost
|-boost|p2a: EAUMOPHOBE|atk|1
|-boost|p2a: EAUMOPHOBE|spa|1
|-boost|p2a: EAUMOPHOBE|spe|1
|-activate|p2a: EAUMOPHOBE|ability: Battle Bond
|-damage|p2a: EAUMOPHOBE|91/100|[from] item: Life Orb
|
|upkeep
|
|t:|1757933700
|switch|p1a: Raging Bolt|Raging Bolt|100/100
|turn|11
|
|t:|1757933713
|move|p1a: Raging Bolt|Thunderclap|p2a: EAUMOPHOBE
|-supereffective|p2a: EAUMOPHOBE
|-damage|p2a: EAUMOPHOBE|0 fnt
|faint|p2a: EAUMOPHOBE
|-damage|p1a: Raging Bolt|91/100|[from] item: Life Orb
|
|upkeep
|
|t:|1757933717
|switch|p2a: FERNANDO|Landorus-Therian, M|100/100
|-ability|p2a: FERNANDO|Intimidate|boost
|-unboost|p1a: Raging Bolt|atk|1
|turn|12
|inactive|Kams78190 has 90 seconds left.
|
|t:|1757933725
|-end|p1a: Raging Bolt|Protosynthesis|[silent]
|switch|p1a: Hatterene|Hatterene, F|3/100
|move|p2a: FERNANDO|Earthquake|p1a: Hatterene
|-damage|p1a: Hatterene|0 fnt
|faint|p1a: Hatterene
|
|upkeep
|inactive|Kams78190 has 90 seconds left.
|
|t:|1757933733
|switch|p1a: Walking Wake|Walking Wake|29/100
|turn|13
|
|t:|1757933736
|move|p2a: FERNANDO|Earthquake|p1a: Walking Wake
|-damage|p1a: Walking Wake|0 fnt
|faint|p1a: Walking Wake
|-end|p1a: Walking Wake|Protosynthesis|[silent]
|
|upkeep
|
|t:|1757933742
|switch|p1a: Torkoal|Torkoal, M|100/100
|-weather|SunnyDay|[from] ability: Drought|[of] p1a: Torkoal
|turn|14
|
|t:|1757933751
|-terastallize|p1a: Torkoal|Ground
|move|p2a: FERNANDO|Earthquake|p1a: Torkoal
|-damage|p1a: Torkoal|47/100
|move|p1a: Torkoal|Overheat|p2a: FERNANDO
|-crit|p2a: FERNANDO
|-damage|p2a: FERNANDO|0 fnt
|-unboost|p1a: Torkoal|spa|2
|faint|p2a: FERNANDO
|
|-weather|SunnyDay|[upkeep]
|upkeep
|
|t:|1757933761
|switch|p2a: Chef.CRETIN|Cinderace, F|65/100
|turn|15
|
|t:|1757933766
|switch|p1a: Raging Bolt|Raging Bolt|91/100
|-activate|p1a: Raging Bolt|ability: Protosynthesis
|-start|p1a: Raging Bolt|protosynthesisspa
|move|p2a: Chef.CRETIN|Pyro Ball|p1a: Raging Bolt
|-resisted|p1a: Raging Bolt
|-damage|p1a: Raging Bolt|51/100
|
|-weather|SunnyDay|[upkeep]
|upkeep
|turn|16
|inactive|Kams78190 has 120 seconds left.
|
|t:|1757933776
|move|p2a: Chef.CRETIN|Pyro Ball|p1a: Raging Bolt
|-resisted|p1a: Raging Bolt
|-damage|p1a: Raging Bolt|13/100
|move|p1a: Raging Bolt|Weather Ball|p2a: Chef.CRETIN
|-resisted|p2a: Chef.CRETIN
|-damage|p2a: Chef.CRETIN|0 fnt
|faint|p2a: Chef.CRETIN
|-damage|p1a: Raging Bolt|3/100|[from] item: Life Orb
|
|-weather|SunnyDay|[upkeep]
|upkeep
|
|t:|1757933781
|switch|p2a: TRAVELO|Meowscarada, M|100/100
|turn|17
|
|t:|1757933791
|move|p2a: TRAVELO|Sucker Punch|p1a: Raging Bolt
|-start|p2a: TRAVELO|typechange|Dark|[from] ability: Protean
|-crit|p1a: Raging Bolt
|-damage|p1a: Raging Bolt|0 fnt
|faint|p1a: Raging Bolt
|-end|p1a: Raging Bolt|Protosynthesis|[silent]
|
|-weather|SunnyDay|[upkeep]
|upkeep
|
|t:|1757933799
|switch|p1a: Torkoal|Torkoal, M, tera:Ground|47/100
|turn|18
|
|t:|1757933806
|move|p2a: TRAVELO|Sucker Punch|p1a: Torkoal
|-damage|p1a: Torkoal|6/100
|move|p1a: Torkoal|Overheat|p2a: TRAVELO
|-damage|p2a: TRAVELO|0 fnt
|-unboost|p1a: Torkoal|spa|2
|faint|p2a: TRAVELO
|
|win|Kams78190
|raw|Kams78190's rating: 1324 &rarr; <strong>1345</strong><br />(+21 for winning)
|raw|Lych0966's rating: 1336 &rarr; <strong>1315</strong><br />(-21 for losing)
|l|☆Lych0966
|player|p2|
|l|☆Kams78190
|player|p1|
