|j|☆Gulptubus
|j|☆yeyibu
|t:|1757838310
|gametype|singles
|player|p1|Gulptubus|pokemonranger-gen4|1426
|player|p2|yeyibu|miku-ghost|1322
|gen|9
|tier|[Gen 9] OU
|rated|
|rule|HP Percentage Mod: HP is shown in percentages
|rule|Endless Battle Clause: Forcing endless battles is banned
|rule|Species Clause: Limit one of each Pokémon
|rule|OHKO Clause: OHKO moves are banned
|rule|Evasion Items Clause: Evasion items are banned
|rule|Evasion Moves Clause: Evasion moves are banned
|rule|Evasion Abilities Clause: Evasion abilities are banned
|rule|Sleep Moves Clause: Sleep-inducing moves are banned
|clearpoke
|poke|p1|Corviknight, M|
|poke|p1|Landorus-Therian, M|
|poke|p1|Samurott-Hisui, F|
|poke|p1|Iron Crown|
|poke|p1|Zoroark-Hisui, F|
|poke|p1|Pecharunt|
|poke|p2|Landorus-Therian, M|
|poke|p2|Cinderace, M|
|poke|p2|Alomomola, F|
|poke|p2|Chesnaught, F|
|poke|p2|Slowking-Galar, M|
|poke|p2|Iron Valiant|
|teampreview
|inactive|Battle timer is ON: inactive players will automatically lose when time's up. (requested by yeyibu)
|
|t:|1757838329
|teamsize|p1|6
|teamsize|p2|6
|start
|switch|p1a: Landorus|Landorus-Therian, M|100/100
|switch|p2a: Landorus|Landorus-Therian, M|100/100
|-ability|p2a: Landorus|Intimidate|boost
|-unboost|p1a: Landorus|atk|1
|-ability|p1a: Landorus|Intimidate|boost
|-unboost|p2a: Landorus|atk|1
|turn|1
|
|t:|1757838333
|move|p2a: Landorus|U-turn|p1a: Landorus
|-resisted|p1a: Landorus
|-damage|p1a: Landorus|91/100
|
|t:|1757838335
|switch|p2a: Chesnaught|Chesnaught, F|100/100|[from] U-turn
|move|p1a: Landorus|U-turn|p2a: Chesnaught
|-damage|p2a: Chesnaught|89/100
|-damage|p1a: Landorus|74/100|[from] item: Rocky Helmet|[of] p2a: Chesnaught
|
|t:|1757838344
|switch|p1a: Samurott|Samurott-Hisui, F|100/100|[from] U-turn
|
|upkeep
|turn|2
|
|t:|1757838351
|move|p1a: Samurott|Nasty Plot|p1a: Samurott
|-boost|p1a: Samurott|spa|2
|move|p2a: Chesnaught|Leech Seed|p1a: Samurott
|-start|p1a: Samurott|move: Leech Seed
|
|-damage|p1a: Samurott|88/100|[from] Leech Seed|[of] p2a: Chesnaught
|-heal|p2a: Chesnaught|97/100|[silent]
|upkeep
|turn|3
|
|t:|1757838360
|move|p2a: Chesnaught|Spiky Shield|p2a: Chesnaught
|-singleturn|p2a: Chesnaught|move: Protect
|move|p1a: Samurott|Hyper Voice|p2a: Chesnaught
|-activate|p2a: Chesnaught|move: Protect
|
|-damage|p1a: Samurott|76/100|[from] Leech Seed|[of] p2a: Chesnaught
|-heal|p2a: Chesnaught|100/100|[silent]
|upkeep
|turn|4
|
|t:|1757838381
|switch|p2a: Alomomola|Alomomola, F|100/100
|move|p1a: Samurott|Hyper Voice|p2a: Alomomola
|-damage|p2a: Alomomola|57/100
|
|-damage|p1a: Samurott|63/100|[from] Leech Seed|[of] p2a: Alomomola
|-heal|p2a: Alomomola|62/100|[silent]
|upkeep
|turn|5
|
|t:|1757838386
|move|p1a: Samurott|Nasty Plot|p1a: Samurott
|-boost|p1a: Samurott|spa|2
|move|p2a: Alomomola|Mirror Coat||[still]
|-fail|p2a: Alomomola
|
|-damage|p1a: Samurott|51/100|[from] Leech Seed|[of] p2a: Alomomola
|-heal|p2a: Alomomola|68/100|[silent]
|upkeep
|turn|6
|
|t:|1757838396
|move|p1a: Samurott|Hyper Voice|p2a: Alomomola
|-damage|p2a: Alomomola|0 fnt
|faint|p2a: Alomomola
|
|upkeep
|
|t:|1757838404
|switch|p2a: Cinderace|Cinderace, M|100/100
|turn|7
|
|t:|1757838409
|switch|p1a: Pecharunt|Pecharunt|100/100
|move|p2a: Cinderace|Pyro Ball|p1a: Pecharunt
|-damage|p1a: Pecharunt|73/100
|
|upkeep
|turn|8
|
|t:|1757838414
|move|p2a: Cinderace|U-turn|p1a: Pecharunt
|-start|p2a: Cinderace|typechange|Bug|[from] ability: Libero
|-resisted|p1a: Pecharunt
|-damage|p1a: Pecharunt|69/100
|-damage|p2a: Cinderace|84/100|[from] item: Rocky Helmet|[of] p1a: Pecharunt
|
|t:|1757838418
|switch|p2a: Slowking|Slowking-Galar, M|100/100|[from] U-turn
|move|p1a: Pecharunt|Recover|p1a: Pecharunt
|-heal|p1a: Pecharunt|100/100
|
|upkeep
|turn|9
|
|t:|1757838422
|move|p1a: Pecharunt|Parting Shot|p2a: Slowking
|-unboost|p2a: Slowking|atk|1
|-unboost|p2a: Slowking|spa|1
|
|t:|1757838426
|switch|p1a: Corviknight|Corviknight, M|100/100|[from] Parting Shot
|-ability|p1a: Corviknight|Pressure
|move|p2a: Slowking|Future Sight|p1a: Corviknight
|-start|p2a: Slowking|move: Future Sight
|
|upkeep
|turn|10
|
|t:|1757838431
|move|p1a: Corviknight|Iron Defense|p1a: Corviknight
|-boost|p1a: Corviknight|def|2
|-prepare|p2a: Slowking|Chilly Reception|[premajor]
|move|p2a: Slowking|Chilly Reception|p2a: Slowking
|-weather|Snowscape
|
|t:|1757838437
|switch|p2a: Chesnaught|Chesnaught, F|100/100|[from] Chilly Reception
|
|-weather|Snowscape|[upkeep]
|upkeep
|turn|11
|
|t:|1757838451
|move|p1a: Corviknight|Iron Defense|p1a: Corviknight
|-boost|p1a: Corviknight|def|2
|move|p2a: Chesnaught|Leech Seed|p1a: Corviknight
|-start|p1a: Corviknight|move: Leech Seed
|
|-weather|Snowscape|[upkeep]
|-end|p1a: Corviknight|move: Future Sight
|-resisted|p1a: Corviknight
|-damage|p1a: Corviknight|86/100
|-damage|p1a: Corviknight|74/100|[from] Leech Seed|[of] p2a: Chesnaught
|upkeep
|turn|12
|
|t:|1757838471
|switch|p1a: Samurott|Samurott-Hisui, F|100/100
|move|p2a: Chesnaught|Spiky Shield||[still]
|-fail|p2a: Chesnaught
|
|-weather|Snowscape|[upkeep]
|upkeep
|turn|13
|
|t:|1757838478
|move|p1a: Samurott|Flip Turn|p2a: Chesnaught
|-resisted|p2a: Chesnaught
|-damage|p2a: Chesnaught|92/100
|-damage|p1a: Samurott|84/100|[from] item: Rocky Helmet|[of] p2a: Chesnaught
|
|t:|1757838484
|switch|p1a: Corviknight|Corviknight, M|51/100|[from] Flip Turn
|move|p2a: Chesnaught|Leech Seed|p1a: Corviknight
|-start|p1a: Corviknight|move: Leech Seed
|
|-weather|Snowscape|[upkeep]
|-damage|p1a: Corviknight|39/100|[from] Leech Seed|[of] p2a: Chesnaught
|-heal|p2a: Chesnaught|100/100|[silent]
|upkeep
|turn|14
|
|t:|1757838498
|move|p2a: Chesnaught|Spiky Shield|p2a: Chesnaught
|-singleturn|p2a: Chesnaught|move: Protect
|move|p1a: Corviknight|Nasty Plot|p1a: Corviknight
|-boost|p1a: Corviknight|spa|2
|
|-weather|none
|-damage|p1a: Corviknight|26/100|[from] Leech Seed|[of] p2a: Chesnaught
|upkeep
|turn|15
|
|t:|1757838508
|switch|p2a: Slowking|Slowking-Galar, M|100/100
|move|p1a: Corviknight|Hyper Voice|p2a: Slowking
|-damage|p2a: Slowking|45/100
|
|-damage|p1a: Corviknight|14/100|[from] Leech Seed|[of] p2a: Slowking
|-heal|p2a: Slowking|53/100|[silent]
|upkeep
|turn|16
|
|t:|1757838513
|move|p1a: Corviknight|Shadow Ball|p2a: Slowking
|-supereffective|p2a: Slowking
|-damage|p2a: Slowking|0 fnt
|faint|p2a: Slowking
|
|upkeep
|
|t:|1757838518
|switch|p2a: Landorus|Landorus-Therian, M|100/100
|-ability|p2a: Landorus|Intimidate|boost
|-unboost|p1a: Corviknight|atk|1
|turn|17
|
|t:|1757838526
|switch|p1a: Corviknight|Corviknight, M|74/100
|-ability|p1a: Corviknight|Pressure
|move|p2a: Landorus|U-turn|p1a: Corviknight
|-resisted|p1a: Corviknight
|-damage|p1a: Corviknight|69/100
|-damage|p2a: Landorus|84/100|[from] item: Rocky Helmet|[of] p1a: Corviknight
|
|t:|1757838537
|switch|p2a: Cinderace|Cinderace, M|84/100|[from] U-turn
|
|upkeep
|turn|18
|
|t:|1757838547
|switch|p1a: Pecharunt|Pecharunt|100/100
|move|p2a: Cinderace|Pyro Ball|p1a: Pecharunt
|-damage|p1a: Pecharunt|71/100
|
|upkeep
|turn|19
|
|t:|1757838561
|move|p2a: Cinderace|U-turn|p1a: Pecharunt
|-start|p2a: Cinderace|typechange|Bug|[from] ability: Libero
|-resisted|p1a: Pecharunt
|-damage|p1a: Pecharunt|67/100
|-damage|p2a: Cinderace|67/100|[from] item: Rocky Helmet|[of] p1a: Pecharunt
|
|t:|1757838566
|switch|p2a: Chesnaught|Chesnaught, F|100/100|[from] U-turn
|move|p1a: Pecharunt|Malignant Chain|p2a: Chesnaught
|-supereffective|p2a: Chesnaught
|-damage|p2a: Chesnaught|24/100
|-status|p2a: Chesnaught|tox
|-start|p2a: Chesnaught|confusion|[from] ability: Poison Puppeteer|[of] p1a: Pecharunt
|
|-damage|p2a: Chesnaught|18/100 tox|[from] psn
|upkeep
|turn|20
|
|t:|1757838575
|move|p1a: Pecharunt|Malignant Chain|p2a: Chesnaught
|-supereffective|p2a: Chesnaught
|-damage|p2a: Chesnaught|0 fnt
|faint|p2a: Chesnaught
|
|upkeep
|
|t:|1757838599
|switch|p2a: Iron Valiant|Iron Valiant|100/100
|turn|21
|
|t:|1757838605
|-terastallize|p1a: Pecharunt|Dark
|move|p2a: Iron Valiant|Swords Dance|p2a: Iron Valiant
|-boost|p2a: Iron Valiant|atk|2
|move|p1a: Pecharunt|Malignant Chain|p2a: Iron Valiant
|-supereffective|p2a: Iron Valiant
|-enditem|p2a: Iron Valiant|Focus Sash
|-damage|p2a: Iron Valiant|1/100
|-status|p2a: Iron Valiant|tox
|-start|p2a: Iron Valiant|confusion|[from] ability: Poison Puppeteer|[of] p1a: Pecharunt
|
|-damage|p2a: Iron Valiant|0 fnt|[from] psn
|faint|p2a: Iron Valiant
|-end|p2a: Iron Valiant|Quark Drive|[silent]
|upkeep
|-message|yeyibu forfeited.
|
|win|Gulptubus
|raw|Gulptubus's rating: 1426 &rarr; <strong>1440</strong><br />(+14 for winning)
|raw|yeyibu's rating: 1322 &rarr; <strong>1308</strong><br />(-14 for losing)
|l|☆yeyibu
|player|p2|
