|j|☆preppy dude
|j|☆Marsharekt
|t:|1757815551
|gametype|singles
|player|p1|preppy dude|102|1177
|player|p2|Marsharekt|1|1174
|gen|9
|tier|[Gen 9] OU
|rated|
|rule|HP Percentage Mod: HP is shown in percentages
|rule|Endless Battle Clause: Forcing endless battles is banned
|rule|Species Clause: Limit one of each Pokémon
|rule|OHKO Clause: OHKO moves are banned
|rule|Evasion Items Clause: Evasion items are banned
|rule|Evasion Moves Clause: Evasion moves are banned
|rule|Evasion Abilities Clause: Evasion abilities are banned
|rule|Sleep Moves Clause: Sleep-inducing moves are banned
|clearpoke
|poke|p1|Zapdos|
|poke|p1|Golem, F|
|poke|p1|Arbok, M|
|poke|p1|Clefable, M|
|poke|p1|Magneton|
|poke|p1|Dodrio, F|
|poke|p2|Hatterene, F|
|poke|p2|Kyurem|
|poke|p2|Landorus-Therian, M|
|poke|p2|Zamazenta-*|
|poke|p2|Kingambit, M|
|poke|p2|Ogerpon-Wellspring, F|
|teampreview
|inactive|Battle timer is ON: inactive players will automatically lose when time's up. (requested by preppy dude)
|
|t:|1757815605
|teamsize|p1|6
|teamsize|p2|6
|start
|switch|p1a: Golem|Golem, F|100/100
|switch|p2a: Landorus|Landorus-Therian, M|100/100
|-ability|p2a: Landorus|Intimidate|boost
|-unboost|p1a: Golem|atk|1
|turn|1
|
|t:|1757815616
|move|p2a: Landorus|Stealth Rock|p1a: Golem
|-sidestart|p1: preppy dude|move: Stealth Rock
|move|p1a: Golem|Rock Blast|p2a: Landorus
|-damage|p2a: Landorus|92/100
|-damage|p2a: Landorus|82/100
|-damage|p2a: Landorus|74/100
|-hitcount|p2a: Landorus|3
|
|upkeep
|turn|2
|
|t:|1757815624
|move|p2a: Landorus|Earthquake|p1a: Golem
|-supereffective|p1a: Golem
|-damage|p1a: Golem|9/100
|move|p1a: Golem|Stealth Rock|p2a: Landorus
|-sidestart|p2: Marsharekt|move: Stealth Rock
|
|upkeep
|turn|3
|-enditem|p1a: Golem|Custap Berry|[eat]
|-activate|p1a: Golem|item: Custap Berry|[consumed]
|
|t:|1757815631
|move|p1a: Golem|Explosion|p2a: Landorus
|-damage|p2a: Landorus|14/100
|faint|p1a: Golem
|move|p2a: Landorus|Earthquake|p1: Golem|[notarget]
|-fail|p2a: Landorus
|
|upkeep
|
|t:|1757815639
|switch|p1a: Magneton|Magneton|100/100
|-damage|p1a: Magneton|94/100|[from] Stealth Rock
|turn|4
|
|t:|1757815652
|move|p1a: Magneton|Flash Cannon|p2a: Landorus
|-damage|p2a: Landorus|0 fnt
|faint|p2a: Landorus
|
|upkeep
|
|t:|1757815663
|switch|p2a: Hatterene|Hatterene, F|100/100
|-damage|p2a: Hatterene|88/100|[from] Stealth Rock
|turn|5
|
|t:|1757815668
|-terastallize|p2a: Hatterene|Steel
|move|p1a: Magneton|Flash Cannon|p2a: Hatterene
|-resisted|p2a: Hatterene
|-damage|p2a: Hatterene|75/100
|move|p2a: Hatterene|Mystical Fire|p1a: Magneton
|-supereffective|p1a: Magneton
|-damage|p1a: Magneton|0 fnt
|faint|p1a: Magneton
|
|upkeep
|
|t:|1757815679
|switch|p1a: Zapdos|Zapdos|100/100
|-damage|p1a: Zapdos|75/100|[from] Stealth Rock
|turn|6
|
|t:|1757815688
|move|p1a: Zapdos|Discharge|p2a: Hatterene
|-damage|p2a: Hatterene|53/100
|move|p2a: Hatterene|Psychic Noise|p1a: Zapdos
|-damage|p1a: Zapdos|41/100
|-start|p1a: Zapdos|move: Heal Block
|
|upkeep
|turn|7
|
|t:|1757815697
|move|p1a: Zapdos|Discharge|p2a: Hatterene
|-damage|p2a: Hatterene|33/100
|move|p2a: Hatterene|Psychic Noise|p1a: Zapdos
|-damage|p1a: Zapdos|5/100
|
|-end|p1a: Zapdos|move: Heal Block
|upkeep
|turn|8
|
|t:|1757815710
|move|p1a: Zapdos|Protect|p1a: Zapdos
|-singleturn|p1a: Zapdos|Protect
|move|p2a: Hatterene|Psychic Noise|p1a: Zapdos
|-activate|p1a: Zapdos|move: Protect
|
|-heal|p1a: Zapdos|11/100|[from] item: Leftovers
|upkeep
|turn|9
|
|t:|1757815722
|move|p1a: Zapdos|Roost|p1a: Zapdos
|-heal|p1a: Zapdos|61/100
|-singleturn|p1a: Zapdos|move: Roost
|move|p2a: Hatterene|Psychic Noise|p1a: Zapdos
|-damage|p1a: Zapdos|28/100
|-start|p1a: Zapdos|move: Heal Block
|
|upkeep
|turn|10
|
|t:|1757815736
|switch|p2a: Kyurem|Kyurem|100/100
|-damage|p2a: Kyurem|76/100|[from] Stealth Rock
|-ability|p2a: Kyurem|Pressure
|move|p1a: Zapdos|Discharge|p2a: Kyurem
|-resisted|p2a: Kyurem
|-damage|p2a: Kyurem|59/100
|
|-end|p1a: Zapdos|move: Heal Block
|upkeep
|turn|11
|
|t:|1757815750
|move|p1a: Zapdos|Protect|p1a: Zapdos
|-singleturn|p1a: Zapdos|Protect
|move|p2a: Kyurem|Freeze-Dry|p1a: Zapdos
|-activate|p1a: Zapdos|move: Protect
|
|-heal|p1a: Zapdos|35/100|[from] item: Leftovers
|upkeep
|turn|12
|
|t:|1757815760
|-terastallize|p1a: Zapdos|Electric
|move|p2a: Kyurem|Freeze-Dry|p1a: Zapdos
|-damage|p1a: Zapdos|4/100
|move|p1a: Zapdos|Roost|p1a: Zapdos
|-heal|p1a: Zapdos|54/100
|
|-heal|p1a: Zapdos|60/100|[from] item: Leftovers
|upkeep
|turn|13
|
|t:|1757815775
|switch|p2a: Hatterene|Hatterene, F, tera:Steel|33/100
|-damage|p2a: Hatterene|27/100|[from] Stealth Rock
|move|p1a: Zapdos|Protect||[still]
|-fail|p1a: Zapdos
|
|-heal|p1a: Zapdos|67/100|[from] item: Leftovers
|upkeep
|turn|14
|
|t:|1757815785
|move|p1a: Zapdos|Discharge|p2a: Hatterene
|-damage|p2a: Hatterene|0 fnt
|faint|p2a: Hatterene
|
|-heal|p1a: Zapdos|73/100|[from] item: Leftovers
|upkeep
|
|t:|1757815799
|switch|p2a: Kyurem|Kyurem|59/100
|-damage|p2a: Kyurem|34/100|[from] Stealth Rock
|-ability|p2a: Kyurem|Pressure
|turn|15
|
|t:|1757815805
|move|p1a: Zapdos|Protect|p1a: Zapdos
|-singleturn|p1a: Zapdos|Protect
|move|p2a: Kyurem|Draco Meteor|p1a: Zapdos
|-activate|p1a: Zapdos|move: Protect
|
|-heal|p1a: Zapdos|79/100|[from] item: Leftovers
|upkeep
|turn|16
|
|t:|1757815819
|switch|p2a: Ogerpon|Ogerpon-Wellspring, F|100/100
|-damage|p2a: Ogerpon|88/100|[from] Stealth Rock
|switch|p1a: Clefable|Clefable, M|100/100
|
|upkeep
|turn|17
|
|t:|1757815835
|move|p2a: Ogerpon|Power Whip|p1a: Clefable
|-damage|p1a: Clefable|24/100
|move|p1a: Clefable|Draining Kiss|p2a: Ogerpon
|-damage|p2a: Ogerpon|48/100
|-heal|p1a: Clefable|46/100|[from] drain|[of] p2a: Ogerpon
|
|upkeep
|turn|18
|
|t:|1757815844
|switch|p1a: Arbok|Arbok, M|100/100
|-damage|p1a: Arbok|88/100|[from] Stealth Rock
|-ability|p1a: Arbok|Intimidate|boost
|-unboost|p2a: Ogerpon|atk|1
|move|p2a: Ogerpon|Power Whip|p1a: Arbok
|-resisted|p1a: Arbok
|-crit|p1a: Arbok
|-damage|p1a: Arbok|14/100
|
|upkeep
|turn|19
|
|t:|1757815855
|move|p1a: Arbok|Poison Fang|p2a: Ogerpon
|-supereffective|p2a: Ogerpon
|-damage|p2a: Ogerpon|2/100
|-status|p2a: Ogerpon|tox
|move|p2a: Ogerpon|Ivy Cudgel|p1a: Arbok|[anim] Ivy Cudgel Water
|-damage|p1a: Arbok|0 fnt
|faint|p1a: Arbok
|
|-damage|p2a: Ogerpon|0 fnt|[from] psn
|faint|p2a: Ogerpon
|upkeep
|inactive|Marsharekt has 120 seconds left.
|
|t:|1757815882
|switch|p2a: Kyurem|Kyurem|34/100
|switch|p1a: Dodrio|Dodrio, F|100/100
|-damage|p1a: Dodrio|76/100|[from] Stealth Rock
|-damage|p2a: Kyurem|9/100|[from] Stealth Rock
|-ability|p2a: Kyurem|Pressure
|turn|20
|inactive|Marsharekt has 120 seconds left.
|
|t:|1757815894
|move|p1a: Dodrio|Brave Bird|p2a: Kyurem
|-damage|p2a: Kyurem|0 fnt
|faint|p2a: Kyurem
|-damage|p1a: Dodrio|71/100|[from] Recoil
|
|upkeep
|inactive|Marsharekt has 120 seconds left.
|
|t:|1757815902
|switch|p2a: Kingambit|Kingambit, M|100/100
|-damage|p2a: Kingambit|94/100|[from] Stealth Rock
|-activate|p2a: Kingambit|ability: Supreme Overlord
|-start|p2a: Kingambit|fallen4|[silent]
|turn|21
|
|t:|1757815911
|switch|p1a: Zapdos|Zapdos, tera:Electric|79/100
|-damage|p1a: Zapdos|67/100|[from] Stealth Rock
|move|p2a: Kingambit|Swords Dance|p2a: Kingambit
|-boost|p2a: Kingambit|atk|2
|
|-heal|p1a: Zapdos|73/100|[from] item: Leftovers
|-heal|p2a: Kingambit|100/100|[from] item: Leftovers
|upkeep
|turn|22
|inactive|Marsharekt has 120 seconds left.
|
|t:|1757815926
|move|p1a: Zapdos|Protect|p1a: Zapdos
|-singleturn|p1a: Zapdos|Protect
|move|p2a: Kingambit|Kowtow Cleave|p1a: Zapdos
|-activate|p1a: Zapdos|move: Protect
|
|-heal|p1a: Zapdos|79/100|[from] item: Leftovers
|upkeep
|turn|23
|
|t:|1757815935
|move|p2a: Kingambit|Sucker Punch|p1a: Zapdos
|-damage|p1a: Zapdos|0 fnt
|-status|p2a: Kingambit|par|[from] ability: Static|[of] p1a: Zapdos
|faint|p1a: Zapdos
|
|upkeep
|
|t:|1757815942
|switch|p1a: Clefable|Clefable, M|46/100
|turn|24
|
|t:|1757815950
|move|p1a: Clefable|Flamethrower|p2a: Kingambit
|-supereffective|p2a: Kingambit
|-damage|p2a: Kingambit|10/100 par
|move|p2a: Kingambit|Kowtow Cleave|p1a: Clefable
|-resisted|p1a: Clefable
|-damage|p1a: Clefable|0 fnt
|faint|p1a: Clefable
|
|-heal|p2a: Kingambit|16/100 par|[from] item: Leftovers
|upkeep
|
|t:|1757815960
|switch|p1a: Dodrio|Dodrio, F|71/100
|-damage|p1a: Dodrio|46/100|[from] Stealth Rock
|turn|25
|
|t:|1757815967
|move|p2a: Kingambit|Sucker Punch|p1a: Dodrio
|-damage|p1a: Dodrio|0 fnt
|faint|p1a: Dodrio
|
|win|Marsharekt
|raw|preppy dude's rating: 1177 &rarr; <strong>1152</strong><br />(-25 for losing)
|raw|Marsharekt's rating: 1174 &rarr; <strong>1199</strong><br />(+25 for winning)
|l|☆preppy dude
|player|p1|
|l|☆Marsharekt
|player|p2|
