|j|☆Free6lackpanther
|j|☆sanjywanjy
|t:|1757917204
|gametype|singles
|player|p1|Free6lackpanther|265|1344
|player|p2|sanjywanjy|skyla|1359
|gen|9
|tier|[Gen 9] OU
|rated|
|rule|HP Percentage Mod: HP is shown in percentages
|rule|Endless Battle Clause: Forcing endless battles is banned
|rule|Species Clause: Limit one of each Pokémon
|rule|OHKO Clause: OHKO moves are banned
|rule|Evasion Items Clause: Evasion items are banned
|rule|Evasion Moves Clause: Evasion moves are banned
|rule|Evasion Abilities Clause: Evasion abilities are banned
|rule|Sleep Moves Clause: Sleep-inducing moves are banned
|clearpoke
|poke|p1|Rotom-Wash|
|poke|p1|Ninetales-Alola, F|
|poke|p1|Exeggutor-Alola, F|
|poke|p1|Tinkaton, F|
|poke|p1|Dragonite, F|
|poke|p1|Scizor, M|
|poke|p2|Dragapult, F|
|poke|p2|Slowking-Galar, F|
|poke|p2|Ogerpon-Wellspring, F|
|poke|p2|Ting-Lu|
|poke|p2|Iron Moth|
|poke|p2|Corviknight, F|
|teampreview
|inactive|Battle timer is ON: inactive players will automatically lose when time's up. (requested by Free6lackpanther)
|
|t:|1757917227
|teamsize|p1|6
|teamsize|p2|6
|start
|switch|p1a: Exeggutor|Exeggutor-Alola, F|100/100
|switch|p2a: Ogerpon|Ogerpon-Wellspring, F|100/100
|turn|1
|
|t:|1757917236
|move|p2a: Ogerpon|U-turn|p1a: Exeggutor
|-supereffective|p1a: Exeggutor
|-damage|p1a: Exeggutor|48/100
|-enditem|p1a: Exeggutor|Sitrus Berry|[eat]
|-heal|p1a: Exeggutor|73/100|[from] item: Sitrus Berry
|
|t:|1757917258
|switch|p2a: Slowking|Slowking-Galar, F|100/100|[from] U-turn
|move|p1a: Exeggutor|Energy Ball|p2a: Slowking
|-resisted|p2a: Slowking
|-damage|p2a: Slowking|89/100
|
|upkeep
|turn|2
|
|t:|1757917275
|switch|p1a: Tinkaton|Tinkaton, F|100/100
|-ability|p1a: Tinkaton|Mold Breaker
|move|p2a: Slowking|Future Sight|p1a: Tinkaton
|-start|p2a: Slowking|move: Future Sight
|
|upkeep
|turn|3
|
|t:|1757917283
|move|p1a: Tinkaton|Substitute|p1a: Tinkaton
|-start|p1a: Tinkaton|Substitute
|-damage|p1a: Tinkaton|76/100
|move|p2a: Slowking|Flamethrower|p1a: Tinkaton
|-supereffective|p1a: Tinkaton
|-end|p1a: Tinkaton|Substitute
|
|-heal|p1a: Tinkaton|82/100|[from] item: Leftovers
|upkeep
|turn|4
|
|t:|1757917294
|switch|p1a: Rotom|Rotom-Wash|100/100
|move|p2a: Slowking|Flamethrower|p1a: Rotom
|-resisted|p1a: Rotom
|-damage|p1a: Rotom|84/100
|
|-end|p1a: Rotom|move: Future Sight
|-damage|p1a: Rotom|23/100
|-heal|p1a: Rotom|29/100|[from] item: Leftovers
|upkeep
|turn|5
|
|t:|1757917306
|move|p1a: Rotom|Pain Split|p2a: Slowking
|-sethp|p2a: Slowking|56/100|[from] move: Pain Split|[silent]
|-sethp|p1a: Rotom|72/100|[from] move: Pain Split
|move|p2a: Slowking|Flamethrower|p1a: Rotom
|-resisted|p1a: Rotom
|-damage|p1a: Rotom|58/100
|
|-heal|p1a: Rotom|64/100|[from] item: Leftovers
|upkeep
|turn|6
|
|t:|1757917318
|move|p1a: Rotom|Volt Switch|p2a: Slowking
|-damage|p2a: Slowking|42/100
|
|t:|1757917322
|switch|p1a: Dragonite|Dragonite, F|100/100|[from] Volt Switch
|move|p2a: Slowking|Sludge Bomb|p1a: Dragonite
|-damage|p1a: Dragonite|82/100
|-status|p1a: Dragonite|psn
|
|-heal|p1a: Dragonite|88/100 psn|[from] item: Leftovers
|-damage|p1a: Dragonite|75/100 psn|[from] psn
|upkeep
|turn|7
|
|t:|1757917334
|switch|p2a: Corviknight|Corviknight, F|100/100
|-ability|p2a: Corviknight|Pressure
|move|p1a: Dragonite|Earthquake|p2a: Corviknight
|-immune|p2a: Corviknight
|
|-heal|p1a: Dragonite|82/100 psn|[from] item: Leftovers
|-damage|p1a: Dragonite|69/100 psn|[from] psn
|upkeep
|turn|8
|
|t:|1757917346
|switch|p1a: Rotom|Rotom-Wash|64/100
|move|p2a: Corviknight|Brave Bird|p1a: Rotom
|-resisted|p1a: Rotom
|-damage|p1a: Rotom|50/100
|-damage|p2a: Corviknight|97/100|[from] Recoil
|
|-heal|p1a: Rotom|56/100|[from] item: Leftovers
|upkeep
|turn|9
|
|t:|1757917357
|switch|p2a: Ting-Lu|Ting-Lu|100/100
|-ability|p2a: Ting-Lu|Vessel of Ruin
|move|p1a: Rotom|Pain Split|p2a: Ting-Lu
|-sethp|p2a: Ting-Lu|67/100|[from] move: Pain Split|[silent]
|-sethp|p1a: Rotom|100/100|[from] move: Pain Split
|
|-heal|p2a: Ting-Lu|73/100|[from] item: Leftovers
|upkeep
|turn|10
|
|t:|1757917367
|move|p1a: Rotom|Will-O-Wisp|p2a: Ting-Lu
|-status|p2a: Ting-Lu|brn
|move|p2a: Ting-Lu|Stealth Rock|p1a: Rotom
|-sidestart|p1: Free6lackpanther|move: Stealth Rock
|
|-heal|p2a: Ting-Lu|79/100 brn|[from] item: Leftovers
|-damage|p2a: Ting-Lu|73/100 brn|[from] brn
|upkeep
|turn|11
|
|t:|1757917382
|switch|p1a: Scizor|Scizor, M|100/100
|-damage|p1a: Scizor|88/100|[from] Stealth Rock
|move|p2a: Ting-Lu|Ruination|p1a: Scizor|[miss]
|-miss|p2a: Ting-Lu|p1a: Scizor
|
|-heal|p1a: Scizor|94/100|[from] item: Leftovers
|-heal|p2a: Ting-Lu|79/100 brn|[from] item: Leftovers
|-damage|p2a: Ting-Lu|73/100 brn|[from] brn
|upkeep
|turn|12
|
|t:|1757917393
|move|p1a: Scizor|Defog|p2a: Ting-Lu
|-unboost|p2a: Ting-Lu|evasion|1
|-sideend|p1: Free6lackpanther|Stealth Rock|[from] move: Defog|[of] p1a: Scizor
|move|p2a: Ting-Lu|Ruination|p1a: Scizor
|-damage|p1a: Scizor|47/100
|
|-heal|p1a: Scizor|53/100|[from] item: Leftovers
|-heal|p2a: Ting-Lu|79/100 brn|[from] item: Leftovers
|-damage|p2a: Ting-Lu|73/100 brn|[from] brn
|upkeep
|turn|13
|
|t:|1757917404
|move|p1a: Scizor|U-turn|p2a: Ting-Lu
|-supereffective|p2a: Ting-Lu
|-damage|p2a: Ting-Lu|36/100 brn
|
|t:|1757917413
|switch|p1a: Ninetales|Ninetales-Alola, F|100/100|[from] U-turn
|-weather|Snowscape|[from] ability: Snow Warning|[of] p1a: Ninetales
|move|p2a: Ting-Lu|Whirlwind|p1a: Ninetales
|drag|p1a: Rotom|Rotom-Wash|100/100
|
|-weather|Snowscape|[upkeep]
|-heal|p2a: Ting-Lu|42/100 brn|[from] item: Leftovers
|-damage|p2a: Ting-Lu|36/100 brn|[from] brn
|upkeep
|turn|14
|
|t:|1757917426
|switch|p2a: Slowking|Slowking-Galar, F|75/100
|move|p1a: Rotom|Hydro Pump|p2a: Slowking
|-damage|p2a: Slowking|55/100
|
|-weather|Snowscape|[upkeep]
|upkeep
|turn|15
|
|t:|1757917435
|move|p1a: Rotom|Will-O-Wisp|p2a: Slowking
|-status|p2a: Slowking|brn
|move|p2a: Slowking|Sludge Bomb|p1a: Rotom
|-damage|p1a: Rotom|56/100
|
|-weather|Snowscape|[upkeep]
|-heal|p1a: Rotom|62/100|[from] item: Leftovers
|-damage|p2a: Slowking|49/100 brn|[from] brn
|upkeep
|turn|16
|
|t:|1757917452
|switch|p2a: Ogerpon|Ogerpon-Wellspring, F|100/100
|move|p1a: Rotom|Volt Switch|p2a: Ogerpon
|-damage|p2a: Ogerpon|72/100
|
|t:|1757917465
|switch|p1a: Ninetales|Ninetales-Alola, F|100/100|[from] Volt Switch
|
|-weather|Snowscape|[upkeep]
|upkeep
|turn|17
|
|t:|1757917475
|move|p2a: Ogerpon|Swords Dance|p2a: Ogerpon
|-boost|p2a: Ogerpon|atk|2
|move|p1a: Ninetales|Aurora Veil|p1a: Ninetales
|-sidestart|p1: Free6lackpanther|move: Aurora Veil
|
|-weather|none
|upkeep
|turn|18
|
|t:|1757917484
|move|p2a: Ogerpon|Ivy Cudgel|p1a: Ninetales|[anim] Ivy Cudgel Water
|-damage|p1a: Ninetales|9/100
|move|p1a: Ninetales|Freeze-Dry|p2a: Ogerpon
|-supereffective|p2a: Ogerpon
|-damage|p2a: Ogerpon|0 fnt
|faint|p2a: Ogerpon
|
|upkeep
|
|t:|1757917496
|switch|p2a: Iron Moth|Iron Moth|100/100
|-enditem|p2a: Iron Moth|Booster Energy
|-activate|p2a: Iron Moth|ability: Quark Drive|[fromitem]
|-start|p2a: Iron Moth|quarkdrivespe
|turn|19
|
|t:|1757917506
|switch|p1a: Rotom|Rotom-Wash|62/100
|move|p2a: Iron Moth|Fiery Dance|p1a: Rotom
|-resisted|p1a: Rotom
|-damage|p1a: Rotom|51/100
|-boost|p2a: Iron Moth|spa|1
|
|-heal|p1a: Rotom|58/100|[from] item: Leftovers
|upkeep
|turn|20
|
|t:|1757917518
|move|p2a: Iron Moth|Sludge Wave|p1a: Rotom
|-damage|p1a: Rotom|20/100
|move|p1a: Rotom|Pain Split|p2a: Iron Moth
|-sethp|p2a: Iron Moth|60/100|[from] move: Pain Split|[silent]
|-sethp|p1a: Rotom|60/100|[from] move: Pain Split
|
|-heal|p1a: Rotom|66/100|[from] item: Leftovers
|upkeep
|turn|21
|
|t:|1757917530
|move|p2a: Iron Moth|Sludge Wave|p1a: Rotom
|-damage|p1a: Rotom|28/100
|move|p1a: Rotom|Hydro Pump|p2a: Iron Moth
|-supereffective|p2a: Iron Moth
|-damage|p2a: Iron Moth|0 fnt
|faint|p2a: Iron Moth
|-end|p2a: Iron Moth|Quark Drive|[silent]
|
|-heal|p1a: Rotom|35/100|[from] item: Leftovers
|upkeep
|
|t:|1757917538
|switch|p2a: Dragapult|Dragapult, F|100/100
|turn|22
|
|t:|1757917544
|-terastallize|p2a: Dragapult|Ghost
|move|p2a: Dragapult|Tera Blast|p1a: Rotom|[anim] Tera Blast Ghost
|-damage|p1a: Rotom|6/100
|move|p1a: Rotom|Pain Split|p2a: Dragapult
|-sethp|p2a: Dragapult|53/100|[from] move: Pain Split|[silent]
|-sethp|p1a: Rotom|55/100|[from] move: Pain Split
|
|-heal|p1a: Rotom|61/100|[from] item: Leftovers
|upkeep
|turn|23
|-message|sanjywanjy forfeited.
|
|win|Free6lackpanther
|raw|Free6lackpanther's rating: 1344 &rarr; <strong>1365</strong><br />(+21 for winning)
|raw|sanjywanjy's rating: 1359 &rarr; <strong>1338</strong><br />(-21 for losing)
|l|☆sanjywanjy
|player|p2|
|l|☆Free6lackpanther
|player|p1|
