|j|☆jushu
|j|☆ybg mihan
|t:|1757949881
|gametype|singles
|player|p1|jushu|dawn-gen4pt|1670
|player|p2|ybg mihan|265|1718
|gen|9
|tier|[Gen 9] OU
|rated|
|rule|HP Percentage Mod: HP is shown in percentages
|rule|Endless Battle Clause: Forcing endless battles is banned
|rule|Species Clause: Limit one of each Pokémon
|rule|OHKO Clause: OHKO moves are banned
|rule|Evasion Items Clause: Evasion items are banned
|rule|Evasion Moves Clause: Evasion moves are banned
|rule|Evasion Abilities Clause: Evasion abilities are banned
|rule|Sleep Moves Clause: Sleep-inducing moves are banned
|clearpoke
|poke|p1|Torkoal, M|
|poke|p1|Hatterene, F|
|poke|p1|Walking Wake|
|poke|p1|Venusaur, F|
|poke|p1|Sandy Shocks|
|poke|p1|Zapdos-Galar|
|poke|p2|Hatterene, F|
|poke|p2|Ogerpon-Wellspring, F|
|poke|p2|Slowking-Galar, M|
|poke|p2|Gholdengo|
|poke|p2|Dragonite, M|
|poke|p2|Great Tusk|
|teampreview
|
|t:|1757949906
|teamsize|p1|6
|teamsize|p2|6
|start
|switch|p1a: Torkoal|Torkoal, M|100/100
|switch|p2a: Slowking|Slowking-Galar, M|100/100
|-weather|SunnyDay|[from] ability: Drought|[of] p1a: Torkoal
|turn|1
|inactive|Battle timer is ON: inactive players will automatically lose when time's up. (requested by ybg mihan)
|
|t:|1757949912
|move|p1a: Torkoal|Stealth Rock|p2a: Slowking
|-sidestart|p2: ybg mihan|move: Stealth Rock
|-prepare|p2a: Slowking|Chilly Reception|[premajor]
|move|p2a: Slowking|Chilly Reception|p2a: Slowking
|-weather|Snowscape
|
|t:|1757949925
|switch|p2a: Hatterene|Hatterene, F|100/100|[from] Chilly Reception
|-damage|p2a: Hatterene|88/100|[from] Stealth Rock
|
|-weather|Snowscape|[upkeep]
|upkeep
|turn|2
|
|t:|1757949951
|switch|p1a: Hatterene|Hatterene, F|100/100
|move|p2a: Hatterene|Psyshock|p1a: Hatterene
|-resisted|p1a: Hatterene
|-damage|p1a: Hatterene|82/100
|-enditem|p1a: Hatterene|Eject Button
|
|t:|1757949956
|switch|p1a: Zapdos|Zapdos-Galar|100/100
|
|-weather|Snowscape|[upkeep]
|upkeep
|turn|3
|
|t:|1757949960
|move|p1a: Zapdos|U-turn|p2a: Hatterene
|-damage|p2a: Hatterene|47/100
|
|t:|1757949968
|switch|p1a: Torkoal|Torkoal, M|100/100|[from] U-turn
|-weather|SunnyDay|[from] ability: Drought|[of] p1a: Torkoal
|move|p2a: Hatterene|Nuzzle|p1a: Torkoal
|-damage|p1a: Torkoal|98/100
|-status|p1a: Torkoal|par
|
|-weather|SunnyDay|[upkeep]
|upkeep
|turn|4
|
|t:|1757949972
|switch|p1a: Sandy Shocks|Sandy Shocks|100/100
|-activate|p1a: Sandy Shocks|ability: Protosynthesis
|-start|p1a: Sandy Shocks|protosynthesisspa
|move|p2a: Hatterene|Mystical Fire|p1a: Sandy Shocks
|-damage|p1a: Sandy Shocks|68/100
|-unboost|p1a: Sandy Shocks|spa|1
|
|-weather|SunnyDay|[upkeep]
|upkeep
|turn|5
|
|t:|1757949975
|move|p1a: Sandy Shocks|Earth Power|p2a: Hatterene
|-damage|p2a: Hatterene|24/100
|move|p2a: Hatterene|Draining Kiss|p1a: Sandy Shocks
|-damage|p1a: Sandy Shocks|43/100
|-heal|p2a: Hatterene|42/100|[from] drain|[of] p1a: Sandy Shocks
|
|-weather|SunnyDay|[upkeep]
|upkeep
|turn|6
|
|t:|1757949981
|move|p1a: Sandy Shocks|Volt Switch|p2a: Hatterene
|-damage|p2a: Hatterene|22/100
|
|t:|1757949982
|-end|p1a: Sandy Shocks|Protosynthesis|[silent]
|switch|p1a: Hatterene|Hatterene, F|82/100|[from] Volt Switch
|move|p2a: Hatterene|Mystical Fire|p1a: Hatterene
|-damage|p1a: Hatterene|39/100
|-unboost|p1a: Hatterene|spa|1
|
|-weather|SunnyDay|[upkeep]
|upkeep
|turn|7
|
|t:|1757949985
|move|p2a: Hatterene|Draining Kiss|p1a: Hatterene
|-damage|p1a: Hatterene|8/100
|-heal|p2a: Hatterene|45/100|[from] drain|[of] p1a: Hatterene
|move|p1a: Hatterene|Healing Wish|p1a: Hatterene
|faint|p1a: Hatterene
|
|-weather|SunnyDay|[upkeep]
|upkeep
|
|t:|1757949992
|switch|p1a: Zapdos|Zapdos-Galar|100/100
|turn|8
|
|t:|1757949998
|move|p1a: Zapdos|Brave Bird|p2a: Hatterene
|-damage|p2a: Hatterene|0 fnt
|faint|p2a: Hatterene
|-damage|p1a: Zapdos|86/100|[from] Recoil
|
|-weather|SunnyDay|[upkeep]
|upkeep
|
|t:|1757950001
|switch|p2a: Gholdengo|Gholdengo|100/100
|-damage|p2a: Gholdengo|94/100|[from] Stealth Rock
|turn|9
|
|t:|1757950010
|switch|p1a: Sandy Shocks|Sandy Shocks|43/100
|-heal|p1a: Sandy Shocks|100/100|[from] move: Healing Wish
|-activate|p1a: Sandy Shocks|ability: Protosynthesis
|-start|p1a: Sandy Shocks|protosynthesisspa
|switch|p2a: Slowking|Slowking-Galar, M|100/100
|-damage|p2a: Slowking|88/100|[from] Stealth Rock
|
|-weather|SunnyDay|[upkeep]
|upkeep
|turn|10
|
|t:|1757950035
|move|p1a: Sandy Shocks|Earth Power|p2a: Slowking
|-supereffective|p2a: Slowking
|-enditem|p2a: Slowking|Shuca Berry|[eat]
|-enditem|p2a: Slowking|Shuca Berry|[weaken]
|-damage|p2a: Slowking|38/100
|move|p2a: Slowking|Ice Beam|p1a: Sandy Shocks
|-supereffective|p1a: Sandy Shocks
|-damage|p1a: Sandy Shocks|59/100
|
|-weather|none
|-end|p1a: Sandy Shocks|Protosynthesis
|upkeep
|turn|11
|
|t:|1757950055
|move|p1a: Sandy Shocks|Earth Power|p2a: Slowking
|-supereffective|p2a: Slowking
|-damage|p2a: Slowking|0 fnt
|faint|p2a: Slowking
|
|upkeep
|
|t:|1757950057
|switch|p2a: Ogerpon|Ogerpon-Wellspring, F|100/100
|-damage|p2a: Ogerpon|88/100|[from] Stealth Rock
|turn|12
|
|t:|1757950069
|-end|p1a: Sandy Shocks|Protosynthesis|[silent]
|switch|p1a: Torkoal|Torkoal, M|98/100 par
|-weather|SunnyDay|[from] ability: Drought|[of] p1a: Torkoal
|move|p2a: Ogerpon|Swords Dance|p2a: Ogerpon
|-boost|p2a: Ogerpon|atk|2
|
|-weather|SunnyDay|[upkeep]
|upkeep
|turn|13
|
|t:|1757950074
|switch|p1a: Sandy Shocks|Sandy Shocks|59/100
|-activate|p1a: Sandy Shocks|ability: Protosynthesis
|-start|p1a: Sandy Shocks|protosynthesisspa
|move|p2a: Ogerpon|Ivy Cudgel|p1a: Sandy Shocks|[anim] Ivy Cudgel Water
|-supereffective|p1a: Sandy Shocks
|-damage|p1a: Sandy Shocks|0 fnt
|faint|p1a: Sandy Shocks
|-end|p1a: Sandy Shocks|Protosynthesis|[silent]
|
|-weather|SunnyDay|[upkeep]
|upkeep
|
|t:|1757950078
|switch|p1a: Walking Wake|Walking Wake|100/100
|-activate|p1a: Walking Wake|ability: Protosynthesis
|-start|p1a: Walking Wake|protosynthesisspe
|turn|14
|j| runningitdownmid
|
|t:|1757950095
|-terastallize|p2a: Ogerpon|Water
|detailschange|p2a: Ogerpon|Ogerpon-Wellspring-Tera, F, tera:Water
|-ability|p2a: Ogerpon|Embody Aspect (Wellspring)|boost
|-boost|p2a: Ogerpon|spd|1
|move|p1a: Walking Wake|Draco Meteor|p2a: Ogerpon
|-damage|p2a: Ogerpon|8/100
|-unboost|p1a: Walking Wake|spa|2
|move|p2a: Ogerpon|Power Whip|p1a: Walking Wake
|-damage|p1a: Walking Wake|0 fnt
|faint|p1a: Walking Wake
|-end|p1a: Walking Wake|Protosynthesis|[silent]
|
|-weather|SunnyDay|[upkeep]
|upkeep
|
|t:|1757950097
|switch|p1a: Venusaur|Venusaur, F|100/100
|turn|15
|
|t:|1757950114
|switch|p2a: Dragonite|Dragonite, M|100/100
|-damage|p2a: Dragonite|76/100|[from] Stealth Rock
|move|p1a: Venusaur|Giga Drain|p2a: Dragonite
|-resisted|p2a: Dragonite
|-damage|p2a: Dragonite|65/100
|-damage|p1a: Venusaur|91/100|[from] item: Life Orb
|
|-weather|SunnyDay|[upkeep]
|-heal|p2a: Dragonite|72/100|[from] item: Leftovers
|upkeep
|turn|16
|
|t:|1757950135
|move|p1a: Venusaur|Growth|p1a: Venusaur
|-boost|p1a: Venusaur|atk|2
|-boost|p1a: Venusaur|spa|2
|move|p2a: Dragonite|Roost|p2a: Dragonite
|-heal|p2a: Dragonite|100/100
|-singleturn|p2a: Dragonite|move: Roost
|
|-weather|SunnyDay|[upkeep]
|upkeep
|turn|17
|
|t:|1757950144
|move|p1a: Venusaur|Growth|p1a: Venusaur
|-boost|p1a: Venusaur|atk|2
|-boost|p1a: Venusaur|spa|2
|move|p2a: Dragonite|Earthquake|p1a: Venusaur
|-damage|p1a: Venusaur|47/100
|
|-weather|SunnyDay|[upkeep]
|upkeep
|turn|18
|
|t:|1757950149
|move|p1a: Venusaur|Giga Drain|p2a: Dragonite
|-resisted|p2a: Dragonite
|-damage|p2a: Dragonite|88/100
|-heal|p1a: Venusaur|56/100|[from] drain|[of] p2a: Dragonite
|-damage|p1a: Venusaur|46/100|[from] item: Life Orb
|move|p2a: Dragonite|Earthquake|p1a: Venusaur
|-damage|p1a: Venusaur|1/100
|
|-weather|SunnyDay|[upkeep]
|-heal|p2a: Dragonite|94/100|[from] item: Leftovers
|upkeep
|turn|19
|
|t:|1757950158
|move|p1a: Venusaur|Weather Ball|p2a: Dragonite
|-resisted|p2a: Dragonite
|-crit|p2a: Dragonite
|-damage|p2a: Dragonite|0 fnt
|faint|p2a: Dragonite
|-damage|p1a: Venusaur|0 fnt|[from] item: Life Orb
|faint|p1a: Venusaur
|
|-weather|none
|upkeep
|j| shyahngyoo
|
|t:|1757950164
|switch|p1a: Zapdos|Zapdos-Galar|86/100
|switch|p2a: Gholdengo|Gholdengo|94/100
|-damage|p2a: Gholdengo|88/100|[from] Stealth Rock
|turn|20
|
|t:|1757950169
|move|p1a: Zapdos|Knock Off|p2a: Gholdengo
|-supereffective|p2a: Gholdengo
|-damage|p2a: Gholdengo|0 fnt
|-enditem|p2a: Gholdengo|Metal Coat|[from] move: Knock Off|[of] p1a: Zapdos
|faint|p2a: Gholdengo
|
|upkeep
|
|t:|1757950172
|switch|p2a: Great Tusk|Great Tusk|100/100
|turn|21
|
|t:|1757950176
|switch|p1a: Torkoal|Torkoal, M|98/100 par
|-weather|SunnyDay|[from] ability: Drought|[of] p1a: Torkoal
|-activate|p2a: Great Tusk|ability: Protosynthesis
|-start|p2a: Great Tusk|protosynthesisatk
|move|p2a: Great Tusk|Rapid Spin|p1a: Torkoal
|-damage|p1a: Torkoal|84/100 par
|-boost|p2a: Great Tusk|spe|1
|-sideend|p2: ybg mihan|Stealth Rock|[from] move: Rapid Spin|[of] p2a: Great Tusk
|
|-weather|SunnyDay|[upkeep]
|upkeep
|turn|22
|
|t:|1757950179
|-terastallize|p1a: Torkoal|Flying
|move|p2a: Great Tusk|Headlong Rush|p1a: Torkoal
|-immune|p1a: Torkoal
|move|p1a: Torkoal|Will-O-Wisp|p2a: Great Tusk
|-status|p2a: Great Tusk|brn
|
|-weather|SunnyDay|[upkeep]
|-damage|p2a: Great Tusk|94/100 brn|[from] brn
|upkeep
|turn|23
|
|t:|1757950185
|move|p2a: Great Tusk|Temper Flare|p1a: Torkoal
|-damage|p1a: Torkoal|54/100 par
|move|p1a: Torkoal|Lava Plume|p2a: Great Tusk
|-damage|p2a: Great Tusk|40/100 brn
|
|-weather|SunnyDay|[upkeep]
|-damage|p2a: Great Tusk|34/100 brn|[from] brn
|upkeep
|turn|24
|
|t:|1757950191
|move|p2a: Great Tusk|Ice Spinner|p1a: Torkoal
|-supereffective|p1a: Torkoal
|-damage|p1a: Torkoal|33/100 par
|move|p1a: Torkoal|Lava Plume|p2a: Great Tusk
|-damage|p2a: Great Tusk|0 fnt
|faint|p2a: Great Tusk
|-end|p2a: Great Tusk|Protosynthesis|[silent]
|
|-weather|SunnyDay|[upkeep]
|upkeep
|
|t:|1757950194
|switch|p2a: Ogerpon|Ogerpon-Wellspring-Tera, F, tera:Water|8/100
|-ability|p2a: Ogerpon|Embody Aspect (Wellspring)|boost
|-boost|p2a: Ogerpon|spd|1
|turn|25
|
|t:|1757950206
|move|p2a: Ogerpon|Ivy Cudgel|p1a: Torkoal|[anim] Ivy Cudgel Water
|-damage|p1a: Torkoal|10/100 par
|move|p1a: Torkoal|Lava Plume|p2a: Ogerpon
|-resisted|p2a: Ogerpon
|-damage|p2a: Ogerpon|0 fnt
|faint|p2a: Ogerpon
|detailschange|p2: Ogerpon|Ogerpon-Wellspring, F|[silent]
|
|win|jushu
|raw|jushu's rating: 1688 &rarr; <strong>1710</strong><br />(+22 for winning)
|raw|ybg mihan's rating: 1718 &rarr; <strong>1696</strong><br />(-22 for losing)
|l|☆ybg mihan
|player|p2|
|l| runningitdownmid
