|j|☆linxiangyu
|j|☆Hyduineeee
|t:|1757930222
|gametype|singles
|player|p1|linxiangyu|clerkf|1182
|player|p2|Hyduineeee|cynthia|1183
|gen|9
|tier|[Gen 9] OU
|rated|
|rule|HP Percentage Mod: HP is shown in percentages
|rule|Endless Battle Clause: Forcing endless battles is banned
|rule|Species Clause: Limit one of each Pokémon
|rule|OHKO Clause: OHKO moves are banned
|rule|Evasion Items Clause: Evasion items are banned
|rule|Evasion Moves Clause: Evasion moves are banned
|rule|Evasion Abilities Clause: Evasion abilities are banned
|rule|Sleep Moves Clause: Sleep-inducing moves are banned
|clearpoke
|poke|p1|Iron Treads|
|poke|p1|Dragonite, M|
|poke|p1|Cinderace, F|
|poke|p1|Polteageist|
|poke|p1|Dondozo, F|
|poke|p1|Kingambit, F|
|poke|p2|Masquerain, F|
|poke|p2|Iron Crown|
|poke|p2|Kingambit, F|
|poke|p2|Primarina, M|
|poke|p2|Ogerpon-Cornerstone, F|
|poke|p2|Dragapult, M|
|teampreview
|inactive|Battle timer is ON: inactive players will automatically lose when time's up. (requested by linxiangyu)
|
|t:|1757930236
|teamsize|p1|6
|teamsize|p2|6
|start
|switch|p1a: Kingambit|Kingambit, F|100/100
|switch|p2a: Masquerain|Masquerain, F|100/100
|-ability|p2a: Masquerain|Intimidate|boost
|-unboost|p1a: Kingambit|atk|1
|turn|1
|
|t:|1757930244
|move|p2a: Masquerain|Quiver Dance|p2a: Masquerain
|-boost|p2a: Masquerain|spa|1
|-boost|p2a: Masquerain|spd|1
|-boost|p2a: Masquerain|spe|1
|move|p1a: Kingambit|Thunder Wave|p2a: Masquerain
|-status|p2a: Masquerain|par
|
|upkeep
|turn|2
|
|t:|1757930251
|move|p2a: Masquerain|Sticky Web|p1a: Kingambit
|-sidestart|p1: linxiangyu|move: Sticky Web
|move|p1a: Kingambit|Swords Dance|p1a: Kingambit
|-boost|p1a: Kingambit|atk|2
|
|upkeep
|turn|3
|
|t:|1757930270
|cant|p2a: Masquerain|par
|move|p1a: Kingambit|Swords Dance|p1a: Kingambit
|-boost|p1a: Kingambit|atk|2
|
|upkeep
|turn|4
|
|t:|1757930274
|cant|p2a: Masquerain|par
|move|p1a: Kingambit|Iron Head|p2a: Masquerain
|-enditem|p2a: Masquerain|Focus Sash
|-damage|p2a: Masquerain|1/100 par
|
|upkeep
|turn|5
|
|t:|1757930280
|move|p1a: Kingambit|Sucker Punch|p2a: Masquerain
|-damage|p2a: Masquerain|0 fnt
|faint|p2a: Masquerain
|
|upkeep
|
|t:|1757930287
|switch|p2a: Ogerpon|Ogerpon-Cornerstone, F|100/100
|turn|6
|
|t:|1757930297
|move|p2a: Ogerpon|Ivy Cudgel|p1a: Kingambit|[anim] Ivy Cudgel Rock
|-resisted|p1a: Kingambit
|-damage|p1a: Kingambit|79/100
|move|p1a: Kingambit|Iron Head|p2a: Ogerpon
|-supereffective|p2a: Ogerpon
|-ability|p2a: Ogerpon|Sturdy
|-damage|p2a: Ogerpon|1/100
|
|upkeep
|turn|7
|
|t:|1757930306
|move|p2a: Ogerpon|Swords Dance|p2a: Ogerpon
|-boost|p2a: Ogerpon|atk|2
|move|p1a: Kingambit|Thunder Wave|p2a: Ogerpon
|-status|p2a: Ogerpon|par
|
|upkeep
|turn|8
|
|t:|1757930314
|cant|p2a: Ogerpon|par
|move|p1a: Kingambit|Iron Head|p2a: Ogerpon
|-supereffective|p2a: Ogerpon
|-damage|p2a: Ogerpon|0 fnt
|faint|p2a: Ogerpon
|
|upkeep
|
|t:|1757930330
|switch|p2a: Iron Crown|Iron Crown|100/100
|-enditem|p2a: Iron Crown|Booster Energy
|-activate|p2a: Iron Crown|ability: Quark Drive|[fromitem]
|-start|p2a: Iron Crown|quarkdrivespa
|turn|9
|
|t:|1757930338
|-terastallize|p2a: Iron Crown|Flying
|move|p1a: Kingambit|Sucker Punch|p2a: Iron Crown
|-damage|p2a: Iron Crown|0 fnt
|faint|p2a: Iron Crown
|-end|p2a: Iron Crown|Quark Drive|[silent]
|
|upkeep
|
|t:|1757930342
|switch|p2a: Kingambit|Kingambit, F|100/100
|-activate|p2a: Kingambit|ability: Supreme Overlord
|-start|p2a: Kingambit|fallen3|[silent]
|turn|10
|
|t:|1757930345
|move|p2a: Kingambit|Iron Head|p1a: Kingambit
|-resisted|p1a: Kingambit
|-damage|p1a: Kingambit|55/100
|move|p1a: Kingambit|Thunder Wave|p2a: Kingambit
|-status|p2a: Kingambit|par
|
|upkeep
|turn|11
|
|t:|1757930350
|-end|p1a: Kingambit|fallenundefined|[silent]
|switch|p1a: Cinderace|Cinderace, F|100/100
|cant|p2a: Kingambit|par
|
|upkeep
|turn|12
|
|t:|1757930356
|move|p1a: Cinderace|Court Change|p1a: Cinderace
|-start|p1a: Cinderace|typechange|Normal|[from] ability: Libero
|-swapsideconditions
|-activate|p1a: Cinderace|move: Court Change
|move|p2a: Kingambit|Kowtow Cleave|p1a: Cinderace
|-damage|p1a: Cinderace|0 fnt
|faint|p1a: Cinderace
|
|upkeep
|
|t:|1757930371
|switch|p1a: Dragonite|Dragonite, M|100/100
|turn|13
|
|t:|1757930377
|move|p1a: Dragonite|Dragon Dance|p1a: Dragonite
|-boost|p1a: Dragonite|atk|1
|-boost|p1a: Dragonite|spe|1
|cant|p2a: Kingambit|par
|
|upkeep
|turn|14
|
|t:|1757930381
|move|p1a: Dragonite|Dragon Dance|p1a: Dragonite
|-boost|p1a: Dragonite|atk|1
|-boost|p1a: Dragonite|spe|1
|cant|p2a: Kingambit|par
|
|upkeep
|turn|15
|c|☆Hyduineeee|brother
|
|t:|1757930388
|move|p1a: Dragonite|Earthquake|p2a: Kingambit
|-supereffective|p2a: Kingambit
|-damage|p2a: Kingambit|0 fnt
|faint|p2a: Kingambit
|-end|p2a: Kingambit|fallen3|[silent]
|
|upkeep
|
|t:|1757930391
|switch|p2a: Primarina|Primarina, M|100/100
|-activate|p2a: Primarina|move: Sticky Web
|-unboost|p2a: Primarina|spe|1
|turn|16
|c|☆linxiangyu|。
|
|t:|1757930412
|move|p1a: Dragonite|Thunder Wave|p2a: Primarina
|-status|p2a: Primarina|par
|move|p2a: Primarina|Moonblast|p1a: Dragonite
|-supereffective|p1a: Dragonite
|-damage|p1a: Dragonite|50/100
|-unboost|p1a: Dragonite|spa|1
|
|-heal|p1a: Dragonite|56/100|[from] item: Leftovers
|upkeep
|turn|17
|
|t:|1757930419
|move|p1a: Dragonite|Earthquake|p2a: Primarina
|-damage|p2a: Primarina|2/100 par
|move|p2a: Primarina|Moonblast|p1a: Dragonite
|-supereffective|p1a: Dragonite
|-damage|p1a: Dragonite|0 fnt
|faint|p1a: Dragonite
|
|-heal|p2a: Primarina|8/100 par|[from] item: Leftovers
|upkeep
|
|t:|1757930428
|switch|p1a: Iron Treads|Iron Treads|100/100
|turn|18
|
|t:|1757930443
|move|p1a: Iron Treads|Steel Roller||[still]
|-fail|p1a: Iron Treads
|cant|p2a: Primarina|par
|
|-heal|p2a: Primarina|15/100 par|[from] item: Leftovers
|upkeep
|turn|19
|
|t:|1757930446
|move|p1a: Iron Treads|Steel Roller||[still]
|-fail|p1a: Iron Treads
|cant|p2a: Primarina|par
|
|-heal|p2a: Primarina|21/100 par|[from] item: Leftovers
|upkeep
|turn|20
|c|☆Hyduineeee|how
|c|☆linxiangyu|。。。。
|
|t:|1757930455
|move|p1a: Iron Treads|Steel Roller||[still]
|-fail|p1a: Iron Treads
|cant|p2a: Primarina|par
|
|-heal|p2a: Primarina|27/100 par|[from] item: Leftovers
|upkeep
|turn|21
|c|☆linxiangyu|poor you
|
|t:|1757930472
|move|p1a: Iron Treads|Steel Roller||[still]
|-fail|p1a: Iron Treads
|cant|p2a: Primarina|par
|
|-heal|p2a: Primarina|33/100 par|[from] item: Leftovers
|upkeep
|turn|22
|c|☆Hyduineeee|lmao
|c|☆linxiangyu|。。。
|
|t:|1757930486
|-end|p1a: Iron Treads|Quark Drive|[silent]
|switch|p1a: Dondozo|Dondozo, F|100/100
|move|p2a: Primarina|Hydro Pump|p1a: Dondozo
|-resisted|p1a: Dondozo
|-damage|p1a: Dondozo|59/100
|
|-heal|p1a: Dondozo|66/100|[from] item: Leftovers
|-heal|p2a: Primarina|39/100 par|[from] item: Leftovers
|upkeep
|turn|23
|
|t:|1757930494
|move|p1a: Dondozo|Curse|p1a: Dondozo
|-unboost|p1a: Dondozo|spe|1
|-boost|p1a: Dondozo|atk|1
|-boost|p1a: Dondozo|def|1
|cant|p2a: Primarina|par
|
|-heal|p1a: Dondozo|72/100|[from] item: Leftovers
|-heal|p2a: Primarina|45/100 par|[from] item: Leftovers
|upkeep
|turn|24
|
|t:|1757930500
|move|p1a: Dondozo|Earthquake|p2a: Primarina
|-damage|p2a: Primarina|0 fnt
|faint|p2a: Primarina
|
|-heal|p1a: Dondozo|78/100|[from] item: Leftovers
|upkeep
|
|t:|1757930502
|switch|p2a: Dragapult|Dragapult, M|100/100
|-activate|p2a: Dragapult|move: Sticky Web
|-unboost|p2a: Dragapult|spe|1
|turn|25
|
|t:|1757930515
|move|p2a: Dragapult|Dragon Darts|p1a: Dondozo
|-damage|p1a: Dondozo|62/100
|-anim|p2a: Dragapult|Dragon Darts|p1a: Dondozo
|-damage|p1a: Dondozo|48/100
|-damage|p2a: Dragapult|91/100|[from] item: Life Orb
|move|p1a: Dondozo|Avalanche|p2a: Dragapult
|-supereffective|p2a: Dragapult
|-damage|p2a: Dragapult|0 fnt
|faint|p2a: Dragapult
|
|win|linxiangyu
|raw|linxiangyu's rating: 1182 &rarr; <strong>1207</strong><br />(+25 for winning)
|raw|Hyduineeee's rating: 1183 &rarr; <strong>1158</strong><br />(-25 for losing)
|c|☆Hyduineeee|gg
|c|☆linxiangyu|gg
|l|☆linxiangyu
|player|p1|
