|j|☆LX1987
|j|☆kinsword
|t:|1757925783
|gametype|singles
|player|p1|LX1987|2|1298
|player|p2|kinsword|1|1290
|gen|9
|tier|[Gen 9] OU
|rated|
|rule|HP Percentage Mod: HP is shown in percentages
|rule|Endless Battle Clause: Forcing endless battles is banned
|rule|Species Clause: Limit one of each Pokémon
|rule|OHKO Clause: OHKO moves are banned
|rule|Evasion Items Clause: Evasion items are banned
|rule|Evasion Moves Clause: Evasion moves are banned
|rule|Evasion Abilities Clause: Evasion abilities are banned
|rule|Sleep Moves Clause: Sleep-inducing moves are banned
|clearpoke
|poke|p1|Dragonite, F|
|poke|p1|Gholdengo|
|poke|p1|Weezing-Galar, F|
|poke|p1|Kleavor, M|
|poke|p1|Primarina, F|
|poke|p1|Toedscruel, M|
|poke|p2|Iron Thorns|
|poke|p2|Manaphy|
|poke|p2|Zapdos-Galar|
|poke|p2|Excadrill, F|
|poke|p2|Enamorus-Therian, F|
|poke|p2|Overqwil, M|
|teampreview
|inactive|Battle timer is ON: inactive players will automatically lose when time's up. (requested by kinsword)
|
|t:|1757925790
|teamsize|p1|6
|teamsize|p2|6
|start
|switch|p1a: Kleavor|Kleavor, M|100/100
|switch|p2a: Manaphy|Manaphy|100/100
|turn|1
|
|t:|1757925802
|move|p1a: Kleavor|Stone Axe|p2a: Manaphy
|-damage|p2a: Manaphy|55/100
|-sidestart|p2: kinsword|move: Stealth Rock
|move|p2a: Manaphy|Surf|p1a: Kleavor
|-supereffective|p1a: Kleavor
|-enditem|p1a: Kleavor|Focus Sash
|-damage|p1a: Kleavor|1/100
|
|-heal|p2a: Manaphy|61/100|[from] item: Leftovers
|upkeep
|turn|2
|
|t:|1757925813
|move|p1a: Kleavor|U-turn|p2a: Manaphy
|-damage|p2a: Manaphy|30/100
|
|t:|1757925816
|switch|p1a: Primarina|Primarina, F|100/100|[from] U-turn
|move|p2a: Manaphy|Surf|p1a: Primarina
|-resisted|p1a: Primarina
|-damage|p1a: Primarina|81/100
|
|-heal|p2a: Manaphy|37/100|[from] item: Leftovers
|-heal|p1a: Primarina|87/100|[from] item: Leftovers
|upkeep
|turn|3
|
|t:|1757925827
|move|p2a: Manaphy|Energy Ball|p1a: Primarina
|-supereffective|p1a: Primarina
|-crit|p1a: Primarina
|-damage|p1a: Primarina|7/100
|move|p1a: Primarina|Calm Mind|p1a: Primarina
|-boost|p1a: Primarina|spa|1
|-boost|p1a: Primarina|spd|1
|
|-heal|p2a: Manaphy|43/100|[from] item: Leftovers
|-heal|p1a: Primarina|13/100|[from] item: Leftovers
|upkeep
|turn|4
|
|t:|1757925839
|move|p2a: Manaphy|Energy Ball|p1a: Primarina
|-supereffective|p1a: Primarina
|-damage|p1a: Primarina|0 fnt
|faint|p1a: Primarina
|
|-heal|p2a: Manaphy|49/100|[from] item: Leftovers
|upkeep
|
|t:|1757925847
|switch|p1a: Kleavor|Kleavor, M|1/100
|turn|5
|
|t:|1757925851
|switch|p2a: Overqwil|Overqwil, M|100/100
|-damage|p2a: Overqwil|88/100|[from] Stealth Rock
|-ability|p2a: Overqwil|Intimidate|boost
|-unboost|p1a: Kleavor|atk|1
|move|p1a: Kleavor|Stone Axe|p2a: Overqwil
|-damage|p2a: Overqwil|58/100
|
|-heal|p2a: Overqwil|64/100|[from] item: Leftovers
|upkeep
|turn|6
|
|t:|1757925864
|move|p1a: Kleavor|U-turn|p2a: Overqwil
|-damage|p2a: Overqwil|43/100
|
|t:|1757925867
|switch|p1a: Weezing|Weezing-Galar, F|100/100|[from] U-turn
|move|p2a: Overqwil|Crunch|p1a: Weezing
|-resisted|p1a: Weezing
|-damage|p1a: Weezing|85/100
|-unboost|p1a: Weezing|def|1
|-damage|p2a: Overqwil|27/100|[from] item: Rocky Helmet|[of] p1a: Weezing
|
|-heal|p2a: Overqwil|33/100|[from] item: Leftovers
|upkeep
|turn|7
|
|t:|1757925880
|move|p2a: Overqwil|Gunk Shot|p1a: Weezing
|-damage|p1a: Weezing|14/100
|move|p1a: Weezing|Strange Steam|p2a: Overqwil|[miss]
|-miss|p1a: Weezing|p2a: Overqwil
|
|-heal|p2a: Overqwil|39/100|[from] item: Leftovers
|upkeep
|turn|8
|
|t:|1757925889
|move|p2a: Overqwil|Liquidation|p1a: Weezing
|-damage|p1a: Weezing|0 fnt
|-damage|p2a: Overqwil|22/100|[from] item: Rocky Helmet|[of] p1a: Weezing
|faint|p1a: Weezing
|
|-heal|p2a: Overqwil|29/100|[from] item: Leftovers
|upkeep
|l|☆kinsword
|inactive|kinsword disconnected and has a minute to reconnect!
|player|p2|
|
|t:|1757925900
|switch|p1a: Kleavor|Kleavor, M|1/100
|turn|9
|j|☆kinsword
|inactive|kinsword reconnected and has 140 seconds left.
|player|p2|kinsword|1|
|
|t:|1757925916
|move|p1a: Kleavor|Stone Axe|p2a: Overqwil
|-damage|p2a: Overqwil|0 fnt
|faint|p2a: Overqwil
|
|upkeep
|
|t:|1757925931
|switch|p2a: Zapdos|Zapdos-Galar|100/100
|-damage|p2a: Zapdos|88/100|[from] Stealth Rock
|turn|10
|
|t:|1757925941
|move|p2a: Zapdos|U-turn|p1a: Kleavor
|-damage|p1a: Kleavor|0 fnt
|faint|p1a: Kleavor
|
|t:|1757925949
|switch|p2a: Manaphy|Manaphy|49/100|[from] U-turn
|-damage|p2a: Manaphy|37/100|[from] Stealth Rock
|
|-heal|p2a: Manaphy|43/100|[from] item: Leftovers
|upkeep
|
|t:|1757925957
|switch|p1a: Dragonite|Dragonite, F|100/100
|turn|11
|
|t:|1757925961
|-terastallize|p1a: Dragonite|Normal
|move|p1a: Dragonite|Extreme Speed|p2a: Manaphy
|-damage|p2a: Manaphy|0 fnt
|faint|p2a: Manaphy
|
|upkeep
|
|t:|1757925977
|switch|p2a: Zapdos|Zapdos-Galar|88/100
|-damage|p2a: Zapdos|76/100|[from] Stealth Rock
|turn|12
|
|t:|1757925985
|move|p1a: Dragonite|Extreme Speed|p2a: Zapdos
|-damage|p2a: Zapdos|0 fnt
|faint|p2a: Zapdos
|
|upkeep
|
|t:|1757925991
|switch|p2a: Iron Thorns|Iron Thorns|100/100
|-damage|p2a: Iron Thorns|88/100|[from] Stealth Rock
|turn|13
|
|t:|1757925997
|switch|p1a: Gholdengo|Gholdengo|100/100
|-item|p1a: Gholdengo|Air Balloon
|move|p2a: Iron Thorns|Rock Blast|p1a: Gholdengo
|-resisted|p1a: Gholdengo
|-damage|p1a: Gholdengo|93/100
|-enditem|p1a: Gholdengo|Air Balloon
|-resisted|p1a: Gholdengo
|-damage|p1a: Gholdengo|86/100
|-resisted|p1a: Gholdengo
|-damage|p1a: Gholdengo|79/100
|-resisted|p1a: Gholdengo
|-damage|p1a: Gholdengo|72/100
|-hitcount|p1a: Gholdengo|4
|
|upkeep
|turn|14
|
|t:|1757926011
|-end|p2a: Iron Thorns|Quark Drive|[silent]
|switch|p2a: Excadrill|Excadrill, F|100/100
|-damage|p2a: Excadrill|97/100|[from] Stealth Rock
|-ability|p2a: Excadrill|Mold Breaker
|move|p1a: Gholdengo|Make It Rain|p2a: Excadrill
|-resisted|p2a: Excadrill
|-damage|p2a: Excadrill|74/100
|-unboost|p1a: Gholdengo|spa|1
|
|upkeep
|turn|15
|
|t:|1757926023
|switch|p1a: Toedscruel|Toedscruel, M|100/100
|move|p2a: Excadrill|Rapid Spin|p1a: Toedscruel
|-damage|p1a: Toedscruel|76/100
|-boost|p2a: Excadrill|spe|1
|-sideend|p2: kinsword|Stealth Rock|[from] move: Rapid Spin|[of] p2a: Excadrill
|
|upkeep
|turn|16
|
|t:|1757926033
|switch|p2a: Enamorus|Enamorus-Therian, F|100/100
|move|p1a: Toedscruel|Knock Off|p2a: Enamorus
|-resisted|p2a: Enamorus
|-damage|p2a: Enamorus|94/100
|-enditem|p2a: Enamorus|Assault Vest|[from] move: Knock Off|[of] p1a: Toedscruel
|
|upkeep
|turn|17
|
|t:|1757926042
|move|p2a: Enamorus|Moonblast|p1a: Toedscruel
|-damage|p1a: Toedscruel|41/100
|-unboost|p1a: Toedscruel|spa|1
|move|p1a: Toedscruel|Spikes|p2a: Enamorus
|-sidestart|p2: kinsword|Spikes
|
|upkeep
|turn|18
|
|t:|1757926052
|move|p2a: Enamorus|Mystical Fire|p1a: Toedscruel
|-supereffective|p1a: Toedscruel
|-damage|p1a: Toedscruel|7/100
|-unboost|p1a: Toedscruel|spa|1
|-enditem|p1a: Toedscruel|Aguav Berry|[eat]
|-heal|p1a: Toedscruel|41/100|[from] item: Aguav Berry
|move|p1a: Toedscruel|Spikes|p2a: Enamorus
|-sidestart|p2: kinsword|Spikes
|
|upkeep
|turn|19
|
|t:|1757926063
|switch|p2a: Excadrill|Excadrill, F|74/100
|-damage|p2a: Excadrill|58/100|[from] Spikes
|-ability|p2a: Excadrill|Mold Breaker
|move|p1a: Toedscruel|Foul Play|p2a: Excadrill
|-damage|p2a: Excadrill|13/100
|
|upkeep
|turn|20
|
|t:|1757926072
|move|p2a: Excadrill|Earthquake|p1a: Toedscruel
|-resisted|p1a: Toedscruel
|-damage|p1a: Toedscruel|8/100
|move|p1a: Toedscruel|Foul Play|p2a: Excadrill
|-damage|p2a: Excadrill|0 fnt
|faint|p2a: Excadrill
|
|upkeep
|
|t:|1757926081
|switch|p2a: Enamorus|Enamorus-Therian, F|94/100
|turn|21
|
|t:|1757926086
|move|p1a: Toedscruel|Knock Off|p2a: Enamorus
|-resisted|p2a: Enamorus
|-damage|p2a: Enamorus|90/100
|move|p2a: Enamorus|Moonblast|p1a: Toedscruel
|-damage|p1a: Toedscruel|0 fnt
|faint|p1a: Toedscruel
|
|upkeep
|
|t:|1757926095
|switch|p1a: Gholdengo|Gholdengo|72/100
|turn|22
|
|t:|1757926099
|move|p1a: Gholdengo|Make It Rain|p2a: Enamorus
|-supereffective|p2a: Enamorus
|-damage|p2a: Enamorus|0 fnt
|-unboost|p1a: Gholdengo|spa|1
|faint|p2a: Enamorus
|
|upkeep
|
|t:|1757926106
|switch|p2a: Iron Thorns|Iron Thorns|88/100
|-damage|p2a: Iron Thorns|72/100|[from] Spikes
|turn|23
|
|t:|1757926112
|move|p1a: Gholdengo|Make It Rain|p2a: Iron Thorns
|-damage|p2a: Iron Thorns|34/100
|-unboost|p1a: Gholdengo|spa|1
|move|p2a: Iron Thorns|Dragon Dance|p2a: Iron Thorns
|-boost|p2a: Iron Thorns|atk|1
|-boost|p2a: Iron Thorns|spe|1
|
|upkeep
|turn|24
|
|t:|1757926122
|move|p2a: Iron Thorns|Supercell Slam|p1a: Gholdengo
|-damage|p1a: Gholdengo|0 fnt
|faint|p1a: Gholdengo
|
|upkeep
|
|t:|1757926128
|switch|p1a: Dragonite|Dragonite, F, tera:Normal|100/100
|turn|25
|
|t:|1757926131
|move|p1a: Dragonite|Extreme Speed|p2a: Iron Thorns
|-resisted|p2a: Iron Thorns
|-damage|p2a: Iron Thorns|1/100
|move|p2a: Iron Thorns|Rock Blast|p1a: Dragonite
|-damage|p1a: Dragonite|89/100
|-damage|p1a: Dragonite|64/100
|-damage|p1a: Dragonite|38/100
|-damage|p1a: Dragonite|12/100
|-damage|p1a: Dragonite|0 fnt
|faint|p1a: Dragonite
|-hitcount|p1: Dragonite|5
|
|win|kinsword
|raw|LX1987's rating: 1298 &rarr; <strong>1272</strong><br />(-26 for losing)
|raw|kinsword's rating: 1290 &rarr; <strong>1316</strong><br />(+26 for winning)
|l|☆kinsword
|player|p2|
|l|☆LX1987
|player|p1|
