|j|☆Saviola108
|j|☆betoleo2000
|t:|1757820320
|gametype|singles
|player|p1|Saviola108|101|1084
|player|p2|betoleo2000|hilbert|1160
|gen|9
|tier|[Gen 9] OU
|rated|
|rule|HP Percentage Mod: HP is shown in percentages
|rule|Endless Battle Clause: Forcing endless battles is banned
|rule|Species Clause: Limit one of each Pokémon
|rule|OHKO Clause: OHKO moves are banned
|rule|Evasion Items Clause: Evasion items are banned
|rule|Evasion Moves Clause: Evasion moves are banned
|rule|Evasion Abilities Clause: Evasion abilities are banned
|rule|Sleep Moves Clause: Sleep-inducing moves are banned
|clearpoke
|poke|p1|Landorus-Therian, M|
|poke|p1|Gholdengo|
|poke|p1|Deoxys-Speed|
|poke|p1|Araquanid, F|
|poke|p1|Iron Moth|
|poke|p1|Weavile, M|
|poke|p2|Dragapult, F|
|poke|p2|Iron Valiant|
|poke|p2|Great Tusk|
|poke|p2|Kingambit, F|
|poke|p2|Garganacl, F|
|poke|p2|Grimmsnarl, M|
|teampreview
|inactive|Battle timer is ON: inactive players will automatically lose when time's up. (requested by betoleo2000)
|
|t:|1757820340
|teamsize|p1|6
|teamsize|p2|6
|start
|switch|p1a: Araquanid|Araquanid, F, shiny|100/100
|switch|p2a: Grimmsnarl|Grimmsnarl, M|100/100
|turn|1
|
|t:|1757820357
|move|p2a: Grimmsnarl|Taunt|p1a: Araquanid
|-start|p1a: Araquanid|move: Taunt
|cant|p1a: Araquanid|move: Taunt|Substitute
|
|upkeep
|turn|2
|
|t:|1757820363
|move|p2a: Grimmsnarl|Reflect|p2a: Grimmsnarl
|-sidestart|p2: betoleo2000|Reflect
|move|p1a: Araquanid|Leech Life|p2a: Grimmsnarl
|-damage|p2a: Grimmsnarl|91/100
|
|upkeep
|turn|3
|
|t:|1757820370
|move|p2a: Grimmsnarl|Light Screen|p2a: Grimmsnarl
|-sidestart|p2: betoleo2000|move: Light Screen
|move|p1a: Araquanid|Infestation|p2a: Grimmsnarl
|-damage|p2a: Grimmsnarl|90/100
|-activate|p2a: Grimmsnarl|move: Infestation|[of] p1a: Araquanid
|
|-damage|p2a: Grimmsnarl|77/100|[from] move: Infestation|[partiallytrapped]
|-end|p1a: Araquanid|move: Taunt
|upkeep
|turn|4
|
|t:|1757820377
|move|p2a: Grimmsnarl|Taunt|p1a: Araquanid
|-start|p1a: Araquanid|move: Taunt
|cant|p1a: Araquanid|move: Taunt|Substitute
|
|-damage|p2a: Grimmsnarl|65/100|[from] move: Infestation|[partiallytrapped]
|upkeep
|turn|5
|
|t:|1757820386
|move|p2a: Grimmsnarl|Parting Shot|p1a: Araquanid
|-unboost|p1a: Araquanid|atk|1
|-unboost|p1a: Araquanid|spa|1
|
|t:|1757820397
|switch|p2a: Garganacl|Garganacl, F|100/100|[from] Parting Shot
|move|p1a: Araquanid|Infestation|p2a: Garganacl
|-damage|p2a: Garganacl|99/100
|-activate|p2a: Garganacl|move: Infestation|[of] p1a: Araquanid
|
|-heal|p2a: Garganacl|100/100|[from] item: Leftovers
|-damage|p2a: Garganacl|88/100|[from] move: Infestation|[partiallytrapped]
|upkeep
|turn|6
|
|t:|1757820409
|move|p1a: Araquanid|Liquidation|p2a: Garganacl
|-supereffective|p2a: Garganacl
|-damage|p2a: Garganacl|67/100
|-unboost|p2a: Garganacl|def|1
|move|p2a: Garganacl|Iron Defense|p2a: Garganacl
|-boost|p2a: Garganacl|def|2
|
|-heal|p2a: Garganacl|73/100|[from] item: Leftovers
|-damage|p2a: Garganacl|60/100|[from] move: Infestation|[partiallytrapped]
|-end|p1a: Araquanid|move: Taunt
|upkeep
|turn|7
|
|t:|1757820417
|move|p1a: Araquanid|Substitute|p1a: Araquanid
|-start|p1a: Araquanid|Substitute
|-damage|p1a: Araquanid|75/100
|move|p2a: Garganacl|Recover|p2a: Garganacl
|-heal|p2a: Garganacl|100/100
|
|-heal|p1a: Araquanid|82/100|[from] item: Leftovers
|-damage|p2a: Garganacl|88/100|[from] move: Infestation|[partiallytrapped]
|upkeep
|turn|8
|
|t:|1757820425
|move|p1a: Araquanid|Liquidation|p2a: Garganacl
|-supereffective|p2a: Garganacl
|-damage|p2a: Garganacl|75/100
|move|p2a: Garganacl|Salt Cure|p1a: Araquanid
|-supereffective|p1a: Araquanid
|-end|p1a: Araquanid|Substitute
|
|-heal|p1a: Araquanid|88/100|[from] item: Leftovers
|-heal|p2a: Garganacl|81/100|[from] item: Leftovers
|-damage|p2a: Garganacl|68/100|[from] move: Infestation|[partiallytrapped]
|upkeep
|turn|9
|
|t:|1757820435
|move|p1a: Araquanid|Substitute|p1a: Araquanid
|-start|p1a: Araquanid|Substitute
|-damage|p1a: Araquanid|63/100
|move|p2a: Garganacl|Salt Cure|p1a: Araquanid
|-supereffective|p1a: Araquanid
|-end|p1a: Araquanid|Substitute
|
|-heal|p1a: Araquanid|69/100|[from] item: Leftovers
|-heal|p2a: Garganacl|75/100|[from] item: Leftovers
|-end|p2a: Garganacl|Infestation|[partiallytrapped]
|-sideend|p2: betoleo2000|Reflect
|upkeep
|turn|10
|
|t:|1757820438
|move|p1a: Araquanid|Infestation|p2a: Garganacl
|-damage|p2a: Garganacl|74/100
|-activate|p2a: Garganacl|move: Infestation|[of] p1a: Araquanid
|move|p2a: Garganacl|Salt Cure|p1a: Araquanid
|-supereffective|p1a: Araquanid
|-damage|p1a: Araquanid|40/100
|-start|p1a: Araquanid|Salt Cure
|
|-heal|p1a: Araquanid|46/100|[from] item: Leftovers
|-heal|p2a: Garganacl|80/100|[from] item: Leftovers
|-damage|p1a: Araquanid|21/100|[from] Salt Cure
|-damage|p2a: Garganacl|68/100|[from] move: Infestation|[partiallytrapped]
|-sideend|p2: betoleo2000|move: Light Screen
|upkeep
|turn|11
|
|t:|1757820445
|move|p1a: Araquanid|Liquidation|p2a: Garganacl
|-supereffective|p2a: Garganacl
|-damage|p2a: Garganacl|42/100
|move|p2a: Garganacl|Recover|p2a: Garganacl
|-heal|p2a: Garganacl|92/100
|
|-heal|p1a: Araquanid|28/100|[from] item: Leftovers
|-heal|p2a: Garganacl|98/100|[from] item: Leftovers
|-damage|p1a: Araquanid|3/100|[from] Salt Cure
|-damage|p2a: Garganacl|86/100|[from] move: Infestation|[partiallytrapped]
|upkeep
|turn|12
|
|t:|1757820453
|move|p1a: Araquanid|Liquidation|p2a: Garganacl
|-supereffective|p2a: Garganacl
|-damage|p2a: Garganacl|58/100
|move|p2a: Garganacl|Iron Defense|p2a: Garganacl
|-boost|p2a: Garganacl|def|2
|
|-heal|p1a: Araquanid|9/100|[from] item: Leftovers
|-heal|p2a: Garganacl|65/100|[from] item: Leftovers
|-damage|p1a: Araquanid|0 fnt|[from] Salt Cure
|faint|p1a: Araquanid
|-end|p2a: Garganacl|Infestation|[partiallytrapped]|[silent]
|upkeep
|
|t:|1757820461
|switch|p1a: Deoxys|Deoxys-Speed, shiny|100/100
|-ability|p1a: Deoxys|Pressure
|turn|13
|
|t:|1757820468
|move|p1a: Deoxys|Flash Cannon|p2a: Garganacl
|-supereffective|p2a: Garganacl
|-damage|p2a: Garganacl|29/100
|-damage|p1a: Deoxys|91/100|[from] item: Life Orb
|move|p2a: Garganacl|Recover|p2a: Garganacl
|-heal|p2a: Garganacl|79/100
|
|-heal|p2a: Garganacl|85/100|[from] item: Leftovers
|upkeep
|turn|14
|
|t:|1757820487
|move|p1a: Deoxys|Psycho Boost|p2a: Garganacl
|-damage|p2a: Garganacl|37/100
|-unboost|p1a: Deoxys|spa|2
|-damage|p1a: Deoxys|81/100|[from] item: Life Orb
|move|p2a: Garganacl|Recover|p2a: Garganacl
|-heal|p2a: Garganacl|87/100
|
|-heal|p2a: Garganacl|93/100|[from] item: Leftovers
|upkeep
|turn|15
|
|t:|1757820497
|switch|p1a: Gholdengo|Gholdengo, shiny|100/100
|-item|p1a: Gholdengo|Air Balloon
|move|p2a: Garganacl|Iron Defense|p2a: Garganacl
|-boost|p2a: Garganacl|def|2
|
|-heal|p2a: Garganacl|99/100|[from] item: Leftovers
|upkeep
|turn|16
|
|t:|1757820502
|-terastallize|p2a: Garganacl|Fighting
|move|p1a: Gholdengo|Nasty Plot|p1a: Gholdengo
|-boost|p1a: Gholdengo|spa|2
|move|p2a: Garganacl|Salt Cure|p1a: Gholdengo
|-resisted|p1a: Gholdengo
|-damage|p1a: Gholdengo|93/100
|-start|p1a: Gholdengo|Salt Cure
|-enditem|p1a: Gholdengo|Air Balloon
|
|-heal|p2a: Garganacl|100/100|[from] item: Leftovers
|-damage|p1a: Gholdengo|68/100|[from] Salt Cure
|upkeep
|turn|17
|
|t:|1757820513
|move|p1a: Gholdengo|Dazzling Gleam|p2a: Garganacl
|-supereffective|p2a: Garganacl
|-damage|p2a: Garganacl|23/100
|move|p2a: Garganacl|Salt Cure|p1a: Gholdengo
|-resisted|p1a: Gholdengo
|-damage|p1a: Gholdengo|60/100
|
|-heal|p2a: Garganacl|29/100|[from] item: Leftovers
|-damage|p1a: Gholdengo|35/100|[from] Salt Cure
|upkeep
|turn|18
|
|t:|1757820524
|move|p1a: Gholdengo|Dazzling Gleam|p2a: Garganacl
|-supereffective|p2a: Garganacl
|-damage|p2a: Garganacl|0 fnt
|faint|p2a: Garganacl
|
|-damage|p1a: Gholdengo|10/100|[from] Salt Cure
|upkeep
|
|t:|1757820537
|switch|p2a: Dragapult|Dragapult, F|100/100
|turn|19
|
|t:|1757820548
|switch|p1a: Weavile|Weavile, M, shiny|100/100
|-ability|p1a: Weavile|Pressure
|move|p2a: Dragapult|U-turn|p1a: Weavile
|-supereffective|p1a: Weavile
|-damage|p1a: Weavile|37/100
|
|t:|1757820563
|switch|p2a: Great Tusk|Great Tusk|100/100|[from] U-turn
|
|upkeep
|turn|20
|
|t:|1757820570
|move|p1a: Weavile|Icicle Crash|p2a: Great Tusk
|-supereffective|p2a: Great Tusk
|-damage|p2a: Great Tusk|50/100
|-damage|p1a: Weavile|27/100|[from] item: Life Orb
|cant|p2a: Great Tusk|flinch
|
|upkeep
|turn|21
|
|t:|1757820581
|-end|p2a: Great Tusk|Protosynthesis|[silent]
|switch|p2a: Grimmsnarl|Grimmsnarl, M|65/100
|move|p1a: Weavile|Icicle Crash|p2a: Grimmsnarl
|-damage|p2a: Grimmsnarl|12/100
|-damage|p1a: Weavile|17/100|[from] item: Life Orb
|
|upkeep
|turn|22
|
|t:|1757820588
|move|p1a: Weavile|Ice Shard|p2a: Grimmsnarl
|-damage|p2a: Grimmsnarl|0 fnt
|faint|p2a: Grimmsnarl
|-damage|p1a: Weavile|7/100|[from] item: Life Orb
|
|upkeep
|
|t:|1757820604
|switch|p2a: Dragapult|Dragapult, F|100/100
|turn|23
|
|t:|1757820610
|move|p1a: Weavile|Ice Shard|p2a: Dragapult
|-supereffective|p2a: Dragapult
|-damage|p2a: Dragapult|33/100
|-damage|p1a: Weavile|0 fnt|[from] item: Life Orb
|faint|p1a: Weavile
|move|p2a: Dragapult|U-turn|p1: Weavile|[notarget]
|-fail|p2a: Dragapult
|
|upkeep
|
|t:|1757820621
|switch|p1a: Deoxys|Deoxys-Speed, shiny|81/100
|-ability|p1a: Deoxys|Pressure
|turn|24
|
|t:|1757820636
|switch|p2a: Great Tusk|Great Tusk|50/100
|move|p1a: Deoxys|Psycho Boost|p2a: Great Tusk
|-supereffective|p2a: Great Tusk
|-damage|p2a: Great Tusk|0 fnt
|-unboost|p1a: Deoxys|spa|2
|faint|p2a: Great Tusk
|-end|p2a: Great Tusk|Protosynthesis|[silent]
|-damage|p1a: Deoxys|71/100|[from] item: Life Orb
|
|upkeep
|
|t:|1757820648
|switch|p2a: Dragapult|Dragapult, F|33/100
|turn|25
|
|t:|1757820653
|move|p1a: Deoxys|Psycho Boost|p2a: Dragapult
|-damage|p2a: Dragapult|0 fnt
|-unboost|p1a: Deoxys|spa|2
|faint|p2a: Dragapult
|-damage|p1a: Deoxys|61/100|[from] item: Life Orb
|
|upkeep
|
|t:|1757820661
|switch|p2a: Iron Valiant|Iron Valiant|100/100
|turn|26
|
|t:|1757820671
|switch|p1a: Gholdengo|Gholdengo, shiny|10/100
|move|p2a: Iron Valiant|Fire Punch|p1a: Gholdengo
|-supereffective|p1a: Gholdengo
|-damage|p1a: Gholdengo|0 fnt
|faint|p1a: Gholdengo
|
|upkeep
|
|t:|1757820678
|switch|p1a: Deoxys|Deoxys-Speed, shiny|61/100
|-ability|p1a: Deoxys|Pressure
|turn|27
|
|t:|1757820681
|move|p1a: Deoxys|Psycho Boost|p2a: Iron Valiant
|-supereffective|p2a: Iron Valiant
|-damage|p2a: Iron Valiant|0 fnt
|-unboost|p1a: Deoxys|spa|2
|faint|p2a: Iron Valiant
|-end|p2a: Iron Valiant|Quark Drive|[silent]
|-damage|p1a: Deoxys|51/100|[from] item: Life Orb
|
|upkeep
|
|t:|1757820685
|switch|p2a: Kingambit|Kingambit, F|100/100
|-activate|p2a: Kingambit|ability: Supreme Overlord
|-start|p2a: Kingambit|fallen5|[silent]
|turn|28
|
|t:|1757820698
|-terastallize|p1a: Deoxys|Steel
|move|p1a: Deoxys|Thunderbolt|p2a: Kingambit
|-crit|p2a: Kingambit
|-damage|p2a: Kingambit|54/100
|-damage|p1a: Deoxys|41/100|[from] item: Life Orb
|move|p2a: Kingambit|Swords Dance|p2a: Kingambit
|-boost|p2a: Kingambit|atk|2
|
|upkeep
|turn|29
|
|t:|1757820705
|move|p2a: Kingambit|Sucker Punch|p1a: Deoxys
|-damage|p1a: Deoxys|0 fnt
|faint|p1a: Deoxys
|
|upkeep
|
|t:|1757820708
|switch|p1a: Iron Moth|Iron Moth, shiny|100/100
|-enditem|p1a: Iron Moth|Booster Energy
|-activate|p1a: Iron Moth|ability: Quark Drive|[fromitem]
|-start|p1a: Iron Moth|quarkdrivespa
|turn|30
|
|t:|1757820713
|move|p2a: Kingambit|Sucker Punch|p1a: Iron Moth
|-damage|p1a: Iron Moth|0 fnt
|faint|p1a: Iron Moth
|-end|p1a: Iron Moth|Quark Drive|[silent]
|
|upkeep
|
|t:|1757820717
|switch|p1a: Landorus|Landorus-Therian, M, shiny|100/100
|-ability|p1a: Landorus|Intimidate|boost
|-unboost|p2a: Kingambit|atk|1
|turn|31
|
|t:|1757820721
|move|p2a: Kingambit|Sucker Punch|p1a: Landorus
|-damage|p1a: Landorus|0 fnt
|faint|p1a: Landorus
|
|win|betoleo2000
|raw|Saviola108's rating: 1084 &rarr; <strong>1066</strong><br />(-18 for losing)
|raw|betoleo2000's rating: 1160 &rarr; <strong>1180</strong><br />(+20 for winning)
|c|☆betoleo2000|gg
