|j|☆RyuuRoyy
|j|☆Biswajit singh
|t:|1757945387
|gametype|singles
|player|p1|RyuuRoyy|cynthia-gen4|1069
|player|p2|Biswajit singh|nate|1077
|gen|9
|tier|[Gen 9] OU
|rated|
|rule|HP Percentage Mod: HP is shown in percentages
|rule|Endless Battle Clause: Forcing endless battles is banned
|rule|Species Clause: Limit one of each Pokémon
|rule|OHKO Clause: OHKO moves are banned
|rule|Evasion Items Clause: Evasion items are banned
|rule|Evasion Moves Clause: Evasion moves are banned
|rule|Evasion Abilities Clause: Evasion abilities are banned
|rule|Sleep Moves Clause: Sleep-inducing moves are banned
|clearpoke
|poke|p1|Ribombee, M|
|poke|p1|Cinderace, F|
|poke|p1|Serperior, M|
|poke|p1|Duraludon, F|
|poke|p1|Tornadus-Therian, M|
|poke|p1|Darkrai|
|poke|p2|Electivire, M|
|poke|p2|Ogerpon-Wellspring, F|
|poke|p2|Garganacl, M|
|poke|p2|Froslass, F|
|poke|p2|Dragapult, F|
|poke|p2|Metagross|
|teampreview
|
|t:|1757945391
|teamsize|p1|6
|teamsize|p2|6
|start
|switch|p1a: Ribombee|Ribombee, M|100/100
|switch|p2a: Froslass|Froslass, F|100/100
|turn|1
|l|☆Biswajit singh
|player|p2|
|inactive|Battle timer is ON: inactive players will automatically lose when time's up. (requested by RyuuRoyy)
|j|☆Biswajit singh
|inactive|Biswajit singh reconnected and has 150 seconds left.
|player|p2|Biswajit singh|nate|
|
|t:|1757945422
|move|p2a: Froslass|Spikes|p1a: Ribombee
|-sidestart|p1: RyuuRoyy|Spikes
|move|p1a: Ribombee|Sticky Web|p2a: Froslass
|-sidestart|p2: Biswajit singh|move: Sticky Web
|
|upkeep
|turn|2
|
|t:|1757945429
|move|p2a: Froslass|Spikes|p1a: Ribombee
|-sidestart|p1: RyuuRoyy|Spikes
|move|p1a: Ribombee|U-turn|p2a: Froslass
|-resisted|p2a: Froslass
|-damage|p2a: Froslass|89/100
|
|t:|1757945434
|switch|p1a: Cinderace|Cinderace, F|100/100|[from] U-turn
|
|upkeep
|turn|3
|
|t:|1757945450
|switch|p2a: Garganacl|Garganacl, M|100/100
|-activate|p2a: Garganacl|move: Sticky Web
|-unboost|p2a: Garganacl|spe|1
|move|p1a: Cinderace|Pyro Ball|p2a: Garganacl|[miss]
|-miss|p1a: Cinderace|p2a: Garganacl
|
|upkeep
|turn|4
|
|t:|1757945459
|move|p1a: Cinderace|Court Change|p1a: Cinderace
|-start|p1a: Cinderace|typechange|Normal|[from] ability: Libero
|-swapsideconditions
|-activate|p1a: Cinderace|move: Court Change
|move|p2a: Garganacl|Salt Cure|p1a: Cinderace
|-damage|p1a: Cinderace|82/100
|-start|p1a: Cinderace|Salt Cure
|
|-damage|p1a: Cinderace|70/100|[from] Salt Cure
|upkeep
|turn|5
|
|t:|1757945473
|move|p1a: Cinderace|U-turn|p2a: Garganacl
|-damage|p2a: Garganacl|86/100
|
|t:|1757945477
|switch|p1a: Serperior|Serperior, M|100/100|[from] U-turn
|-activate|p1a: Serperior|move: Sticky Web
|-boost|p1a: Serperior|spe|1
|move|p2a: Garganacl|Iron Defense|p2a: Garganacl
|-boost|p2a: Garganacl|def|2
|
|-heal|p2a: Garganacl|92/100|[from] item: Leftovers
|upkeep
|turn|6
|
|t:|1757945491
|-terastallize|p1a: Serperior|Grass
|-terastallize|p2a: Garganacl|Fighting
|move|p1a: Serperior|Leaf Storm|p2a: Garganacl
|-damage|p2a: Garganacl|26/100
|-boost|p1a: Serperior|spa|2
|move|p2a: Garganacl|Body Press|p1a: Serperior
|-damage|p1a: Serperior|19/100
|
|-heal|p2a: Garganacl|32/100|[from] item: Leftovers
|upkeep
|turn|7
|
|t:|1757945505
|move|p1a: Serperior|Leaf Storm|p2a: Garganacl|[miss]
|-miss|p1a: Serperior|p2a: Garganacl
|move|p2a: Garganacl|Salt Cure|p1a: Serperior
|-damage|p1a: Serperior|3/100
|-start|p1a: Serperior|Salt Cure
|
|-heal|p2a: Garganacl|39/100|[from] item: Leftovers
|-damage|p1a: Serperior|0 fnt|[from] Salt Cure
|faint|p1a: Serperior
|upkeep
|
|t:|1757945517
|switch|p1a: Duraludon|Duraludon, F|100/100
|-activate|p1a: Duraludon|move: Sticky Web
|-unboost|p1a: Duraludon|spe|1
|turn|8
|
|t:|1757945524
|move|p1a: Duraludon|Focus Energy|p1a: Duraludon
|-start|p1a: Duraludon|move: Focus Energy
|move|p2a: Garganacl|Body Press|p1a: Duraludon
|-supereffective|p1a: Duraludon
|-damage|p1a: Duraludon|0 fnt
|faint|p1a: Duraludon
|
|-heal|p2a: Garganacl|45/100|[from] item: Leftovers
|upkeep
|-message|RyuuRoyy forfeited.
|
|win|Biswajit singh
|raw|RyuuRoyy's rating: 1069 &rarr; <strong>1049</strong><br />(-20 for losing)
|raw|Biswajit singh's rating: 1077 &rarr; <strong>1105</strong><br />(+28 for winning)
|l|☆RyuuRoyy
|player|p1|
|l|☆Biswajit singh
|player|p2|
