|j|☆nushinator
|j|☆top 500 mainstay
|t:|1757867730
|gametype|singles
|player|p1|nushinator|bugcatcher-gen4dp|1594
|player|p2|top 500 mainstay|169|1675
|gen|9
|tier|[Gen 9] OU
|rated|
|rule|HP Percentage Mod: HP is shown in percentages
|rule|Endless Battle Clause: Forcing endless battles is banned
|rule|Species Clause: Limit one of each Pokémon
|rule|OHKO Clause: OHKO moves are banned
|rule|Evasion Items Clause: Evasion items are banned
|rule|Evasion Moves Clause: Evasion moves are banned
|rule|Evasion Abilities Clause: Evasion abilities are banned
|rule|Sleep Moves Clause: Sleep-inducing moves are banned
|clearpoke
|poke|p1|Alomomola, F|
|poke|p1|Ting-Lu|
|poke|p1|Great Tusk|
|poke|p1|Raging Bolt|
|poke|p1|Corviknight, F|
|poke|p1|Scizor, F|
|poke|p2|Iron Crown|
|poke|p2|Deoxys-Speed|
|poke|p2|Rillaboom, F|
|poke|p2|Hawlucha, F|
|poke|p2|Raging Bolt|
|poke|p2|Kingambit, F|
|teampreview
|inactive|Battle timer is ON: inactive players will automatically lose when time's up. (requested by nushinator)
|
|t:|1757867742
|teamsize|p1|6
|teamsize|p2|6
|start
|switch|p1a: Scizor|Scizor, F|100/100
|switch|p2a: Deoxys|Deoxys-Speed|100/100
|-ability|p2a: Deoxys|Pressure
|turn|1
|
|t:|1757867745
|move|p1a: Scizor|Bullet Punch|p2a: Deoxys
|-damage|p2a: Deoxys|55/100
|move|p2a: Deoxys|Stealth Rock|p1a: Scizor
|-sidestart|p1: nushinator|move: Stealth Rock
|
|upkeep
|turn|2
|
|t:|1757867753
|move|p2a: Deoxys|Spikes|p1a: Scizor
|-sidestart|p1: nushinator|Spikes
|move|p1a: Scizor|U-turn|p2a: Deoxys
|-supereffective|p2a: Deoxys
|-damage|p2a: Deoxys|0 fnt
|faint|p2a: Deoxys
|
|t:|1757867758
|switch|p1a: Great Tusk|Great Tusk|100/100|[from] U-turn
|
|upkeep
|inactive|top 500 mainstay has 120 seconds left.
|
|t:|1757867803
|switch|p2a: Raging Bolt|Raging Bolt|100/100
|-enditem|p2a: Raging Bolt|Booster Energy
|-activate|p2a: Raging Bolt|ability: Protosynthesis|[fromitem]
|-start|p2a: Raging Bolt|protosynthesisspa
|turn|3
|
|t:|1757867824
|-end|p1a: Great Tusk|Protosynthesis|[silent]
|switch|p1a: Ting-Lu|Ting-Lu|100/100
|-damage|p1a: Ting-Lu|94/100|[from] Stealth Rock
|-damage|p1a: Ting-Lu|82/100|[from] Spikes
|-ability|p1a: Ting-Lu|Vessel of Ruin
|-terastallize|p2a: Raging Bolt|Fairy
|move|p2a: Raging Bolt|Tera Blast|p1a: Ting-Lu|[anim] Tera Blast Fairy
|-supereffective|p1a: Ting-Lu
|-damage|p1a: Ting-Lu|27/100
|
|-heal|p1a: Ting-Lu|33/100|[from] item: Leftovers
|upkeep
|turn|4
|
|t:|1757867835
|move|p2a: Raging Bolt|Tera Blast|p1a: Ting-Lu|[anim] Tera Blast Fairy
|-supereffective|p1a: Ting-Lu
|-damage|p1a: Ting-Lu|0 fnt
|faint|p1a: Ting-Lu
|
|upkeep
|
|t:|1757867837
|switch|p1a: Scizor|Scizor, F|100/100
|-damage|p1a: Scizor|88/100|[from] Stealth Rock
|-damage|p1a: Scizor|76/100|[from] Spikes
|turn|5
|
|t:|1757867856
|-end|p2a: Raging Bolt|Protosynthesis|[silent]
|switch|p2a: Rillaboom|Rillaboom, F|100/100
|-fieldstart|move: Grassy Terrain|[from] ability: Grassy Surge|[of] p2a: Rillaboom
|move|p1a: Scizor|Bullet Punch|p2a: Rillaboom
|-damage|p2a: Rillaboom|64/100
|
|-heal|p2a: Rillaboom|71/100|[from] Grassy Terrain
|-heal|p1a: Scizor|82/100|[from] Grassy Terrain
|-heal|p1a: Scizor|88/100|[from] item: Leftovers
|upkeep
|turn|6
|inactive|top 500 mainstay has 120 seconds left.
|
|t:|1757867871
|move|p2a: Rillaboom|Knock Off|p1a: Scizor
|-damage|p1a: Scizor|43/100
|-enditem|p1a: Scizor|Leftovers|[from] move: Knock Off|[of] p2a: Rillaboom
|-damage|p2a: Rillaboom|61/100|[from] item: Life Orb
|move|p1a: Scizor|U-turn|p2a: Rillaboom
|-supereffective|p2a: Rillaboom
|-damage|p2a: Rillaboom|0 fnt
|faint|p2a: Rillaboom
|
|t:|1757867898
|switch|p1a: Corviknight|Corviknight, F|100/100|[from] U-turn
|-damage|p1a: Corviknight|88/100|[from] Stealth Rock
|-ability|p1a: Corviknight|Pressure
|
|upkeep
|inactive|top 500 mainstay has 120 seconds left.
|
|t:|1757867909
|switch|p2a: Raging Bolt|Raging Bolt, tera:Fairy|100/100
|turn|7
|
|t:|1757867924
|-end|p2a: Raging Bolt|Protosynthesis|[silent]
|switch|p2a: Hawlucha|Hawlucha, F|100/100
|-enditem|p2a: Hawlucha|Grassy Seed
|-boost|p2a: Hawlucha|def|1|[from] item: Grassy Seed
|switch|p1a: Great Tusk|Great Tusk|100/100
|
|upkeep
|turn|8
|
|t:|1757867929
|move|p2a: Hawlucha|Swords Dance|p2a: Hawlucha
|-boost|p2a: Hawlucha|atk|2
|move|p1a: Great Tusk|Rapid Spin|p2a: Hawlucha
|-damage|p2a: Hawlucha|85/100
|-boost|p1a: Great Tusk|spe|1
|-sideend|p1: nushinator|Spikes|[from] move: Rapid Spin|[of] p1a: Great Tusk
|-sideend|p1: nushinator|Stealth Rock|[from] move: Rapid Spin|[of] p1a: Great Tusk
|
|upkeep
|turn|9
|
|t:|1757867937
|-end|p1a: Great Tusk|Protosynthesis|[silent]
|switch|p1a: Corviknight|Corviknight, F|88/100
|-ability|p1a: Corviknight|Pressure
|move|p2a: Hawlucha|Substitute|p2a: Hawlucha
|-start|p2a: Hawlucha|Substitute
|-damage|p2a: Hawlucha|60/100
|
|-fieldend|move: Grassy Terrain
|upkeep
|turn|10
|
|t:|1757867941
|move|p2a: Hawlucha|Close Combat|p1a: Corviknight
|-damage|p1a: Corviknight|27/100
|-unboost|p2a: Hawlucha|def|1
|-unboost|p2a: Hawlucha|spd|1
|-damage|p2a: Hawlucha|44/100|[from] item: Rocky Helmet|[of] p1a: Corviknight
|move|p1a: Corviknight|Iron Defense|p1a: Corviknight
|-boost|p1a: Corviknight|def|2
|
|upkeep
|turn|11
|
|t:|1757867948
|move|p2a: Hawlucha|Close Combat|p1a: Corviknight
|-damage|p1a: Corviknight|0 fnt
|-unboost|p2a: Hawlucha|def|1
|-unboost|p2a: Hawlucha|spd|1
|-damage|p2a: Hawlucha|27/100|[from] item: Rocky Helmet|[of] p1a: Corviknight
|faint|p1a: Corviknight
|
|upkeep
|
|t:|1757867955
|switch|p1a: Scizor|Scizor, F|43/100
|turn|12
|
|t:|1757867958
|move|p1a: Scizor|Bullet Punch|p2a: Hawlucha
|-end|p2a: Hawlucha|Substitute
|move|p2a: Hawlucha|Acrobatics|p1a: Scizor
|-damage|p1a: Scizor|0 fnt
|faint|p1a: Scizor
|
|upkeep
|
|t:|1757867960
|switch|p1a: Alomomola|Alomomola, F|100/100
|turn|13
|j| urmomdog
|
|t:|1757867963
|move|p2a: Hawlucha|Substitute|p2a: Hawlucha
|-start|p2a: Hawlucha|Substitute
|-damage|p2a: Hawlucha|2/100
|move|p1a: Alomomola|Flip Turn|p2a: Hawlucha
|-crit|p2a: Hawlucha
|-end|p2a: Hawlucha|Substitute
|
|t:|1757867970
|switch|p1a: Raging Bolt|Raging Bolt|100/100|[from] Flip Turn
|
|upkeep
|turn|14
|
|t:|1757867982
|move|p2a: Hawlucha|Swords Dance|p2a: Hawlucha
|-boost|p2a: Hawlucha|atk|2
|move|p1a: Raging Bolt|Volt Switch|p2a: Hawlucha
|-supereffective|p2a: Hawlucha
|-damage|p2a: Hawlucha|0 fnt
|faint|p2a: Hawlucha
|
|t:|1757867986
|-end|p1a: Raging Bolt|Protosynthesis|[silent]
|switch|p1a: Great Tusk|Great Tusk|100/100|[from] Volt Switch
|
|upkeep
|
|t:|1757867990
|switch|p2a: Raging Bolt|Raging Bolt, tera:Fairy|100/100
|turn|15
|
|t:|1757867998
|move|p1a: Great Tusk|Earthquake|p2a: Raging Bolt
|-damage|p2a: Raging Bolt|59/100
|move|p2a: Raging Bolt|Tera Blast|p1a: Great Tusk|[anim] Tera Blast Fairy
|-supereffective|p1a: Great Tusk
|-damage|p1a: Great Tusk|0 fnt
|faint|p1a: Great Tusk
|-end|p1a: Great Tusk|Protosynthesis|[silent]
|
|upkeep
|j| Rakshards
|
|t:|1757868000
|switch|p1a: Raging Bolt|Raging Bolt|100/100
|turn|16
|
|t:|1757868018
|move|p2a: Raging Bolt|Tera Blast|p1a: Raging Bolt|[anim] Tera Blast Fairy
|-supereffective|p1a: Raging Bolt
|-damage|p1a: Raging Bolt|27/100
|move|p1a: Raging Bolt|Volt Switch|p2a: Raging Bolt
|-damage|p2a: Raging Bolt|4/100
|
|t:|1757868021
|-end|p1a: Raging Bolt|Protosynthesis|[silent]
|switch|p1a: Alomomola|Alomomola, F|100/100|[from] Volt Switch
|
|upkeep
|turn|17
|
|t:|1757868025
|move|p2a: Raging Bolt|Thunderbolt|p1a: Alomomola
|-supereffective|p1a: Alomomola
|-damage|p1a: Alomomola|0 fnt
|faint|p1a: Alomomola
|
|upkeep
|
|t:|1757868027
|switch|p1a: Raging Bolt|Raging Bolt|27/100
|turn|18
|-message|nushinator forfeited.
|
|win|top 500 mainstay
|raw|nushinator's rating: 1594 &rarr; <strong>1579</strong><br />(-15 for losing)
|raw|top 500 mainstay's rating: 1675 &rarr; <strong>1690</strong><br />(+15 for winning)
|l|☆nushinator
|player|p1|
|l|☆top 500 mainstay
|player|p2|
