|j|☆Destroyer2373
|j|☆slash_poke
|t:|1757854663
|gametype|singles
|player|p1|Destroyer2373|170|1235
|player|p2|slash_poke|volkner|1222
|gen|9
|tier|[Gen 9] OU
|rated|
|rule|HP Percentage Mod: HP is shown in percentages
|rule|Endless Battle Clause: Forcing endless battles is banned
|rule|Species Clause: Limit one of each Pokémon
|rule|OHKO Clause: OHKO moves are banned
|rule|Evasion Items Clause: Evasion items are banned
|rule|Evasion Moves Clause: Evasion moves are banned
|rule|Evasion Abilities Clause: Evasion abilities are banned
|rule|Sleep Moves Clause: Sleep-inducing moves are banned
|clearpoke
|poke|p1|Corviknight, M|
|poke|p1|Haxorus, F|
|poke|p1|Quaquaval, M|
|poke|p1|Enamorus, F|
|poke|p1|Dragalge, F|
|poke|p1|Iron Hands|
|poke|p2|Swampert, M|
|poke|p2|Gardevoir, M|
|poke|p2|Kingambit, F|
|poke|p2|Arcanine, M|
|poke|p2|Salamence, F|
|poke|p2|Iron Hands|
|teampreview
|inactive|Battle timer is ON: inactive players will automatically lose when time's up. (requested by slash_poke)
|
|t:|1757854684
|teamsize|p1|6
|teamsize|p2|6
|start
|switch|p1a: Quaquaval|Quaquaval, M, shiny|100/100
|switch|p2a: Swampert|Swampert, M|100/100
|turn|1
|
|t:|1757854695
|move|p1a: Quaquaval|Ice Spinner|p2a: Swampert
|-crit|p2a: Swampert
|-damage|p2a: Swampert|57/100
|-damage|p1a: Quaquaval|84/100|[from] item: Rocky Helmet|[of] p2a: Swampert
|move|p2a: Swampert|Knock Off|p1a: Quaquaval
|-resisted|p1a: Quaquaval
|-damage|p1a: Quaquaval|60/100
|-enditem|p1a: Quaquaval|Mystic Water|[from] move: Knock Off|[of] p2a: Swampert
|
|upkeep
|turn|2
|
|t:|1757854706
|move|p1a: Quaquaval|Ice Spinner|p2a: Swampert
|-damage|p2a: Swampert|30/100
|-damage|p1a: Quaquaval|44/100|[from] item: Rocky Helmet|[of] p2a: Swampert
|move|p2a: Swampert|Earthquake|p1a: Quaquaval
|-damage|p1a: Quaquaval|0 fnt
|faint|p1a: Quaquaval
|
|upkeep
|
|t:|1757854716
|switch|p1a: Corviknight|Corviknight, M, shiny|100/100
|turn|3
|
|t:|1757854721
|move|p2a: Swampert|Knock Off|p1a: Corviknight
|-damage|p1a: Corviknight|76/100
|-enditem|p1a: Corviknight|Aguav Berry|[from] move: Knock Off|[of] p2a: Swampert
|move|p1a: Corviknight|Body Press|p2a: Swampert
|-damage|p2a: Swampert|8/100
|-damage|p1a: Corviknight|60/100|[from] item: Rocky Helmet|[of] p2a: Swampert
|
|upkeep
|turn|4
|
|t:|1757854727
|move|p2a: Swampert|Liquidation|p1a: Corviknight
|-damage|p1a: Corviknight|12/100
|-ability|p1a: Corviknight|Mirror Armor
|-unboost|p2a: Swampert|def|1
|move|p1a: Corviknight|Body Press|p2a: Swampert
|-damage|p2a: Swampert|0 fnt
|-damage|p1a: Corviknight|0 fnt|[from] item: Rocky Helmet|[of] p2a: Swampert
|faint|p2a: Swampert
|faint|p1a: Corviknight
|
|upkeep
|
|t:|1757854754
|switch|p2a: Gardevoir|Gardevoir, M|100/100
|switch|p1a: Iron Hands|Iron Hands|100/100
|-enditem|p1a: Iron Hands|Booster Energy
|-activate|p1a: Iron Hands|ability: Quark Drive|[fromitem]
|-start|p1a: Iron Hands|quarkdriveatk
|turn|5
|
|t:|1757854761
|move|p2a: Gardevoir|Moonblast|p1a: Iron Hands
|-supereffective|p1a: Iron Hands
|-crit|p1a: Iron Hands
|-damage|p1a: Iron Hands|0 fnt
|faint|p1a: Iron Hands
|-end|p1a: Iron Hands|Quark Drive|[silent]
|
|upkeep
|
|t:|1757854768
|switch|p1a: Enamorus|Enamorus, F, shiny|100/100
|-ability|p2a: Gardevoir|Contrary|Trace|[from] ability: Trace|[of] p1a: Enamorus
|turn|6
|
|t:|1757854774
|switch|p2a: Kingambit|Kingambit, F|100/100
|-activate|p2a: Kingambit|ability: Supreme Overlord
|-start|p2a: Kingambit|fallen1|[silent]
|move|p1a: Enamorus|Superpower|p2a: Kingambit
|-supereffective|p2a: Kingambit
|-enditem|p2a: Kingambit|Focus Sash
|-damage|p2a: Kingambit|1/100
|-boost|p1a: Enamorus|atk|1
|-boost|p1a: Enamorus|def|1
|-damage|p1a: Enamorus|90/100|[from] item: Life Orb
|
|upkeep
|turn|7
|
|t:|1757854787
|move|p2a: Kingambit|Sucker Punch|p1a: Enamorus
|-resisted|p1a: Enamorus
|-damage|p1a: Enamorus|69/100
|move|p1a: Enamorus|Superpower|p2a: Kingambit
|-supereffective|p2a: Kingambit
|-damage|p2a: Kingambit|0 fnt
|-boost|p1a: Enamorus|atk|1
|-boost|p1a: Enamorus|def|1
|faint|p2a: Kingambit
|-end|p2a: Kingambit|fallen1|[silent]
|-damage|p1a: Enamorus|59/100|[from] item: Life Orb
|
|upkeep
|
|t:|1757854806
|switch|p2a: Arcanine|Arcanine, M|100/100
|-ability|p2a: Arcanine|Intimidate|boost
|-boost|p1a: Enamorus|atk|1
|turn|8
|
|t:|1757854825
|-terastallize|p2a: Arcanine|Normal
|move|p2a: Arcanine|Extreme Speed|p1a: Enamorus
|-damage|p1a: Enamorus|15/100
|move|p1a: Enamorus|Superpower|p2a: Arcanine
|-supereffective|p2a: Arcanine
|-damage|p2a: Arcanine|0 fnt
|-boost|p1a: Enamorus|atk|1
|-boost|p1a: Enamorus|def|1
|faint|p2a: Arcanine
|-damage|p1a: Enamorus|5/100|[from] item: Life Orb
|
|upkeep
|
|t:|1757854834
|switch|p2a: Gardevoir|Gardevoir, M|100/100
|-ability|p2a: Gardevoir|Contrary|Trace|[from] ability: Trace|[of] p1a: Enamorus
|turn|9
|
|t:|1757854841
|move|p2a: Gardevoir|Moonblast|p1a: Enamorus
|-damage|p1a: Enamorus|0 fnt
|faint|p1a: Enamorus
|
|upkeep
|
|t:|1757854845
|switch|p1a: Dragalge|Dragalge, F|100/100
|turn|10
|
|t:|1757854851
|switch|p2a: Iron Hands|Iron Hands|100/100
|-enditem|p2a: Iron Hands|Booster Energy
|-activate|p2a: Iron Hands|ability: Quark Drive|[fromitem]
|-start|p2a: Iron Hands|quarkdriveatk
|move|p1a: Dragalge|Gunk Shot|p2a: Iron Hands
|-damage|p2a: Iron Hands|83/100
|
|upkeep
|turn|11
|
|t:|1757854871
|move|p2a: Iron Hands|Ice Punch|p1a: Dragalge
|-supereffective|p1a: Dragalge
|-damage|p1a: Dragalge|9/100
|move|p1a: Dragalge|Gunk Shot|p2a: Iron Hands|[miss]
|-miss|p1a: Dragalge|p2a: Iron Hands
|
|-heal|p1a: Dragalge|16/100|[from] item: Black Sludge
|upkeep
|turn|12
|
|t:|1757854878
|move|p2a: Iron Hands|Swords Dance|p2a: Iron Hands
|-boost|p2a: Iron Hands|atk|2
|move|p1a: Dragalge|Gunk Shot|p2a: Iron Hands
|-damage|p2a: Iron Hands|64/100
|
|-heal|p1a: Dragalge|22/100|[from] item: Black Sludge
|upkeep
|turn|13
|
|t:|1757854885
|move|p2a: Iron Hands|Drain Punch|p1a: Dragalge
|-resisted|p1a: Dragalge
|-damage|p1a: Dragalge|0 fnt
|-heal|p2a: Iron Hands|70/100|[from] drain|[of] p1a: Dragalge
|faint|p1a: Dragalge
|
|upkeep
|
|t:|1757854888
|switch|p1a: Haxorus|Haxorus, F, shiny|100/100
|-ability|p1a: Haxorus|Mold Breaker
|turn|14
|
|t:|1757854891
|move|p2a: Iron Hands|Ice Punch|p1a: Haxorus
|-supereffective|p1a: Haxorus
|-damage|p1a: Haxorus|0 fnt
|faint|p1a: Haxorus
|
|win|slash_poke
|raw|Destroyer2373's rating: 1235 &rarr; <strong>1209</strong><br />(-26 for losing)
|raw|slash_poke's rating: 1222 &rarr; <strong>1248</strong><br />(+26 for winning)
|l|☆Destroyer2373
|player|p1|
|l|☆slash_poke
|player|p2|
