|j|☆JJJKD
|j|☆Church of Booty
|t:|1757908553
|gametype|singles
|player|p1|JJJKD|170|1121
|player|p2|Church of Booty|cynthia-gen4|1155
|gen|9
|tier|[Gen 9] OU
|rated|
|rule|HP Percentage Mod: HP is shown in percentages
|rule|Endless Battle Clause: Forcing endless battles is banned
|rule|Species Clause: Limit one of each Pokémon
|rule|OHKO Clause: OHKO moves are banned
|rule|Evasion Items Clause: Evasion items are banned
|rule|Evasion Moves Clause: Evasion moves are banned
|rule|Evasion Abilities Clause: Evasion abilities are banned
|rule|Sleep Moves Clause: Sleep-inducing moves are banned
|clearpoke
|poke|p1|Electivire, F|
|poke|p1|Lucario, F|
|poke|p1|Scizor, F|
|poke|p1|Garchomp, M|
|poke|p1|Tyranitar, F|
|poke|p1|Excadrill, F|
|poke|p2|Rhydon, M|
|poke|p2|Greninja-*, M|
|poke|p2|Torterra, M|
|poke|p2|Corviknight, M|
|poke|p2|Hatterene, F|
|poke|p2|Rotom-Wash|
|teampreview
|inactive|Battle timer is ON: inactive players will automatically lose when time's up. (requested by Church of Booty)
|
|t:|1757908580
|teamsize|p1|6
|teamsize|p2|6
|start
|switch|p1a: Electivire|Electivire, F|100/100
|switch|p2a: Torterra|Torterra, M|100/100
|turn|1
|
|t:|1757908600
|-terastallize|p2a: Torterra|Rock
|move|p1a: Electivire|Light Screen|p1a: Electivire
|-sidestart|p1: JJJKD|move: Light Screen
|move|p2a: Torterra|Shell Smash|p2a: Torterra
|-unboost|p2a: Torterra|def|1
|-unboost|p2a: Torterra|spd|1
|-boost|p2a: Torterra|atk|2
|-boost|p2a: Torterra|spa|2
|-boost|p2a: Torterra|spe|2
|
|upkeep
|turn|2
|
|t:|1757908609
|move|p2a: Torterra|Rock Blast|p1a: Electivire
|-damage|p1a: Electivire|57/100
|-damage|p1a: Electivire|17/100
|-damage|p1a: Electivire|0 fnt
|faint|p1a: Electivire
|-hitcount|p1: Electivire|3
|
|upkeep
|
|t:|1757908616
|switch|p1a: Tyranitar|Tyranitar, F|100/100
|-weather|Sandstorm|[from] ability: Sand Stream|[of] p1a: Tyranitar
|turn|3
|
|t:|1757908625
|move|p2a: Torterra|Bullet Seed|p1a: Tyranitar
|-supereffective|p1a: Tyranitar
|-damage|p1a: Tyranitar|51/100
|-supereffective|p1a: Tyranitar
|-damage|p1a: Tyranitar|3/100
|-supereffective|p1a: Tyranitar
|-damage|p1a: Tyranitar|0 fnt
|faint|p1a: Tyranitar
|-hitcount|p1: Tyranitar|3
|
|-weather|Sandstorm|[upkeep]
|upkeep
|
|t:|1757908634
|switch|p1a: Excadrill|Excadrill, F|100/100
|turn|4
|
|t:|1757908638
|move|p1a: Excadrill|Earthquake|p2a: Torterra
|-supereffective|p2a: Torterra
|-damage|p2a: Torterra|0 fnt
|faint|p2a: Torterra
|
|-weather|Sandstorm|[upkeep]
|upkeep
|
|t:|1757908644
|switch|p2a: Rotom|Rotom-Wash|100/100
|turn|5
|
|t:|1757908655
|switch|p1a: Lucario|Lucario, F|100/100
|move|p2a: Rotom|Will-O-Wisp|p1a: Lucario
|-status|p1a: Lucario|brn
|
|-weather|Sandstorm|[upkeep]
|-damage|p2a: Rotom|94/100|[from] Sandstorm
|-heal|p2a: Rotom|100/100|[from] item: Leftovers
|-damage|p1a: Lucario|94/100 brn|[from] brn
|upkeep
|turn|6
|
|t:|1757908670
|move|p1a: Lucario|Bullet Punch|p2a: Rotom
|-resisted|p2a: Rotom
|-damage|p2a: Rotom|98/100
|move|p2a: Rotom|Volt Switch|p1a: Lucario
|-damage|p1a: Lucario|78/100 brn
|
|t:|1757908679
|switch|p2a: Rhydon|Rhydon, M|100/100|[from] Volt Switch
|
|-weather|Sandstorm|[upkeep]
|-damage|p1a: Lucario|72/100 brn|[from] brn
|upkeep
|turn|7
|
|t:|1757908689
|move|p1a: Lucario|Vacuum Wave|p2a: Rhydon
|-supereffective|p2a: Rhydon
|-damage|p2a: Rhydon|66/100
|move|p2a: Rhydon|Swords Dance|p2a: Rhydon
|-boost|p2a: Rhydon|atk|2
|
|-weather|Sandstorm|[upkeep]
|-damage|p1a: Lucario|66/100 brn|[from] brn
|upkeep
|turn|8
|l|☆Church of Booty
|inactive|Church of Booty disconnected and has a minute to reconnect!
|player|p2|
|j|☆Church of Booty
|inactive|Church of Booty reconnected and has 135 seconds left.
|player|p2|Church of Booty|cynthia-gen4|
|
|t:|1757908707
|move|p1a: Lucario|Vacuum Wave|p2a: Rhydon
|-supereffective|p2a: Rhydon
|-damage|p2a: Rhydon|32/100
|move|p2a: Rhydon|Earthquake|p1a: Lucario
|-supereffective|p1a: Lucario
|-damage|p1a: Lucario|0 fnt
|faint|p1a: Lucario
|
|-weather|Sandstorm|[upkeep]
|-sideend|p1: JJJKD|move: Light Screen
|upkeep
|
|t:|1757908716
|switch|p1a: Excadrill|Excadrill, F|100/100
|turn|9
|
|t:|1757908721
|move|p1a: Excadrill|Iron Head|p2a: Rhydon
|-supereffective|p2a: Rhydon
|-damage|p2a: Rhydon|0 fnt
|faint|p2a: Rhydon
|
|-weather|Sandstorm|[upkeep]
|upkeep
|
|t:|1757908727
|switch|p2a: Rotom|Rotom-Wash|98/100
|turn|10
|
|t:|1757908738
|move|p1a: Excadrill|Iron Head|p2a: Rotom
|-resisted|p2a: Rotom
|-damage|p2a: Rotom|82/100
|move|p2a: Rotom|Will-O-Wisp|p1a: Excadrill
|-status|p1a: Excadrill|brn
|
|-weather|none
|-heal|p2a: Rotom|88/100|[from] item: Leftovers
|-damage|p1a: Excadrill|94/100 brn|[from] brn
|upkeep
|turn|11
|
|t:|1757908749
|move|p1a: Excadrill|Earthquake|p2a: Rotom
|-immune|p2a: Rotom|[from] ability: Levitate
|move|p2a: Rotom|Hydro Pump|p1a: Excadrill
|-supereffective|p1a: Excadrill
|-damage|p1a: Excadrill|0 fnt
|faint|p1a: Excadrill
|
|-heal|p2a: Rotom|95/100|[from] item: Leftovers
|upkeep
|
|t:|1757908759
|switch|p1a: Scizor|Scizor, F|100/100
|turn|12
|
|t:|1757908763
|move|p2a: Rotom|Will-O-Wisp|p1a: Scizor
|-status|p1a: Scizor|brn
|move|p1a: Scizor|Swords Dance|p1a: Scizor
|-boost|p1a: Scizor|atk|2
|
|-heal|p2a: Rotom|100/100|[from] item: Leftovers
|-damage|p1a: Scizor|94/100 brn|[from] brn
|upkeep
|turn|13
|
|t:|1757908772
|move|p2a: Rotom|Hydro Pump|p1a: Scizor
|-damage|p1a: Scizor|23/100 brn
|move|p1a: Scizor|Swords Dance|p1a: Scizor
|-boost|p1a: Scizor|atk|2
|
|-heal|p1a: Scizor|29/100 brn|[from] item: Leftovers
|-damage|p1a: Scizor|23/100 brn|[from] brn
|upkeep
|turn|14
|
|t:|1757908782
|move|p1a: Scizor|Bullet Punch|p2a: Rotom
|-resisted|p2a: Rotom
|-damage|p2a: Rotom|82/100
|move|p2a: Rotom|Thunderbolt|p1a: Scizor
|-damage|p1a: Scizor|0 fnt
|faint|p1a: Scizor
|
|-heal|p2a: Rotom|88/100|[from] item: Leftovers
|upkeep
|
|t:|1757908790
|switch|p1a: Garchomp|Garchomp, M|100/100
|turn|15
|
|t:|1757908799
|move|p1a: Garchomp|Rock Slide|p2a: Rotom
|-damage|p2a: Rotom|54/100
|move|p2a: Rotom|Will-O-Wisp|p1a: Garchomp
|-status|p1a: Garchomp|brn
|
|-heal|p2a: Rotom|61/100|[from] item: Leftovers
|-damage|p1a: Garchomp|94/100 brn|[from] brn
|upkeep
|turn|16
|
|t:|1757908810
|move|p1a: Garchomp|Dragon Claw|p2a: Rotom
|-damage|p2a: Rotom|34/100
|move|p2a: Rotom|Hydro Pump|p1a: Garchomp
|-damage|p1a: Garchomp|43/100 brn
|
|-heal|p2a: Rotom|40/100|[from] item: Leftovers
|-damage|p1a: Garchomp|37/100 brn|[from] brn
|upkeep
|turn|17
|
|t:|1757908820
|switch|p2a: Corviknight|Corviknight, M|100/100
|move|p1a: Garchomp|Dragon Claw|p2a: Corviknight
|-resisted|p2a: Corviknight
|-damage|p2a: Corviknight|93/100
|-damage|p1a: Garchomp|20/100 brn|[from] item: Rocky Helmet|[of] p2a: Corviknight
|
|-damage|p1a: Garchomp|14/100 brn|[from] brn
|upkeep
|turn|18
|
|t:|1757908830
|move|p1a: Garchomp|Rock Slide|p2a: Corviknight
|-damage|p2a: Corviknight|83/100
|cant|p2a: Corviknight|flinch
|
|-damage|p1a: Garchomp|8/100 brn|[from] brn
|upkeep
|turn|19
|
|t:|1757908838
|move|p1a: Garchomp|Dragon Claw|p2a: Corviknight
|-resisted|p2a: Corviknight
|-damage|p2a: Corviknight|76/100
|-damage|p1a: Garchomp|0 fnt|[from] item: Rocky Helmet|[of] p2a: Corviknight
|faint|p1a: Garchomp
|
|win|Church of Booty
|raw|JJJKD's rating: 1121 &rarr; <strong>1098</strong><br />(-23 for losing)
|raw|Church of Booty's rating: 1155 &rarr; <strong>1178</strong><br />(+23 for winning)
|l|☆JJJKD
|player|p1|
|c|☆Church of Booty|GG
