|j|☆Braised Leeks
|j|☆kookoobooboo
|t:|1757795463
|gametype|singles
|player|p1|Braised Leeks|102|1183
|player|p2|kookoobooboo|266|1182
|gen|9
|tier|[Gen 9] OU
|rated|
|rule|HP Percentage Mod: HP is shown in percentages
|rule|Endless Battle Clause: Forcing endless battles is banned
|rule|Species Clause: Limit one of each Pokémon
|rule|OHKO Clause: OHKO moves are banned
|rule|Evasion Items Clause: Evasion items are banned
|rule|Evasion Moves Clause: Evasion moves are banned
|rule|Evasion Abilities Clause: Evasion abilities are banned
|rule|Sleep Moves Clause: Sleep-inducing moves are banned
|clearpoke
|poke|p1|Ribombee, F|
|poke|p1|Dragonite, F|
|poke|p1|Gholdengo|
|poke|p1|Great Tusk|
|poke|p1|Iron Valiant|
|poke|p1|Ting-Lu|
|poke|p2|Empoleon, M|
|poke|p2|Iron Valiant|
|poke|p2|Hydrapple, M|
|poke|p2|Garchomp, F|
|poke|p2|Ceruledge, M|
|poke|p2|Zoroark-Hisui, M|
|teampreview
|inactive|Battle timer is ON: inactive players will automatically lose when time's up. (requested by Braised Leeks)
|l|☆kookoobooboo
|inactive|kookoobooboo disconnected and has a minute to reconnect!
|player|p2|
|j|☆kookoobooboo
|inactive|kookoobooboo reconnected and has 130 seconds left.
|player|p2|kookoobooboo|266|
|inactive|kookoobooboo has 120 seconds left.
|
|t:|1757795494
|teamsize|p1|6
|teamsize|p2|6
|start
|switch|p1a: Ribombee|Ribombee, F|100/100
|switch|p2a: Ceruledge|Ceruledge, M|100/100
|turn|1
|
|t:|1757795507
|move|p1a: Ribombee|Sticky Web|p2a: Ceruledge
|-sidestart|p2: kookoobooboo|move: Sticky Web
|move|p2a: Ceruledge|Bitter Blade|p1a: Ribombee
|-supereffective|p1a: Ribombee
|-enditem|p1a: Ribombee|Focus Sash
|-damage|p1a: Ribombee|1/100
|
|upkeep
|turn|2
|
|t:|1757795524
|move|p2a: Ceruledge|Shadow Sneak|p1a: Ribombee
|-damage|p1a: Ribombee|0 fnt
|faint|p1a: Ribombee
|
|upkeep
|
|t:|1757795532
|switch|p1a: Ting-Lu|Ting-Lu|100/100
|-ability|p1a: Ting-Lu|Vessel of Ruin
|turn|3
|
|t:|1757795538
|move|p2a: Ceruledge|Will-O-Wisp|p1a: Ting-Lu
|-status|p1a: Ting-Lu|brn
|move|p1a: Ting-Lu|Whirlwind|p2a: Ceruledge
|drag|p2a: Iron Valiant|Iron Valiant, shiny|100/100
|-activate|p2a: Iron Valiant|move: Sticky Web
|-unboost|p2a: Iron Valiant|spe|1
|-enditem|p2a: Iron Valiant|Booster Energy
|-activate|p2a: Iron Valiant|ability: Quark Drive|[fromitem]
|-start|p2a: Iron Valiant|quarkdriveatk
|
|-damage|p1a: Ting-Lu|94/100 brn|[from] brn
|upkeep
|turn|4
|
|t:|1757795551
|move|p2a: Iron Valiant|Close Combat|p1a: Ting-Lu
|-supereffective|p1a: Ting-Lu
|-damage|p1a: Ting-Lu|12/100 brn
|-unboost|p2a: Iron Valiant|def|1
|-unboost|p2a: Iron Valiant|spd|1
|-damage|p2a: Iron Valiant|84/100|[from] item: Rocky Helmet|[of] p1a: Ting-Lu
|move|p1a: Ting-Lu|Stealth Rock|p2a: Iron Valiant
|-sidestart|p2: kookoobooboo|move: Stealth Rock
|
|-damage|p1a: Ting-Lu|6/100 brn|[from] brn
|upkeep
|turn|5
|
|t:|1757795576
|switch|p1a: Gholdengo|Gholdengo|100/100
|-item|p1a: Gholdengo|Air Balloon
|move|p2a: Iron Valiant|Knock Off|p1a: Gholdengo
|-supereffective|p1a: Gholdengo
|-damage|p1a: Gholdengo|39/100
|-enditem|p1a: Gholdengo|Air Balloon
|
|upkeep
|turn|6
|l|☆kookoobooboo
|inactive|kookoobooboo disconnected and has a minute to reconnect!
|player|p2|
|j|☆kookoobooboo
|inactive|kookoobooboo reconnected and has 125 seconds left.
|player|p2|kookoobooboo|266|
|
|t:|1757795604
|move|p2a: Iron Valiant|Knock Off|p1a: Gholdengo
|-supereffective|p1a: Gholdengo
|-damage|p1a: Gholdengo|0 fnt
|faint|p1a: Gholdengo
|
|upkeep
|inactive|Braised Leeks has 120 seconds left.
|
|t:|1757795626
|switch|p1a: Dragonite|Dragonite, F|100/100
|turn|7
|inactive|Braised Leeks has 120 seconds left.
|
|t:|1757795639
|move|p1a: Dragonite|Extreme Speed|p2a: Iron Valiant
|-damage|p2a: Iron Valiant|0 fnt
|faint|p2a: Iron Valiant
|-end|p2a: Iron Valiant|Quark Drive|[silent]
|
|upkeep
|
|t:|1757795647
|switch|p2a: Ceruledge|Ceruledge, M|100/100
|-activate|p2a: Ceruledge|move: Sticky Web
|-unboost|p2a: Ceruledge|spe|1
|-damage|p2a: Ceruledge|88/100|[from] Stealth Rock
|turn|8
|
|t:|1757795656
|switch|p1a: Ting-Lu|Ting-Lu|6/100 brn
|-ability|p1a: Ting-Lu|Vessel of Ruin
|move|p2a: Ceruledge|U-turn|p1a: Ting-Lu
|-supereffective|p1a: Ting-Lu
|-damage|p1a: Ting-Lu|0 fnt
|-damage|p2a: Ceruledge|72/100|[from] item: Rocky Helmet|[of] p1a: Ting-Lu
|faint|p1a: Ting-Lu
|
|t:|1757795662
|switch|p2a: Ceruledge|Ceruledge, M|100/100|[from] U-turn
|-activate|p2a: Ceruledge|move: Sticky Web
|-unboost|p2a: Ceruledge|spe|1
|-damage|p2a: Ceruledge|76/100|[from] Stealth Rock
|
|upkeep
|
|t:|1757795675
|switch|p1a: Dragonite|Dragonite, F|100/100
|turn|9
|
|t:|1757795681
|switch|p2a: Hydrapple|Hydrapple, M, shiny|100/100
|-activate|p2a: Hydrapple|move: Sticky Web
|-unboost|p2a: Hydrapple|spe|1
|-damage|p2a: Hydrapple|88/100|[from] Stealth Rock
|-terastallize|p1a: Dragonite|Flying
|move|p1a: Dragonite|Tera Blast|p2a: Hydrapple|[anim] Tera Blast Flying
|-supereffective|p2a: Hydrapple
|-damage|p2a: Hydrapple|0 fnt
|faint|p2a: Hydrapple
|
|upkeep
|
|t:|1757795690
|switch|p2a: Empoleon|Empoleon, M|100/100
|-activate|p2a: Empoleon|move: Sticky Web
|-unboost|p2a: Empoleon|spe|1
|-ability|p2a: Empoleon|Competitive|boost
|-boost|p2a: Empoleon|spa|2
|-damage|p2a: Empoleon|94/100|[from] Stealth Rock
|turn|10
|
|t:|1757795706
|switch|p1a: Iron Valiant|Iron Valiant|100/100
|-enditem|p1a: Iron Valiant|Booster Energy
|-activate|p1a: Iron Valiant|ability: Quark Drive|[fromitem]
|-start|p1a: Iron Valiant|quarkdrivespe
|move|p2a: Empoleon|Surf|p1a: Iron Valiant
|-damage|p1a: Iron Valiant|0 fnt
|faint|p1a: Iron Valiant
|-end|p1a: Iron Valiant|Quark Drive|[silent]
|
|upkeep
|
|t:|1757795716
|switch|p1a: Great Tusk|Great Tusk|100/100
|-enditem|p1a: Great Tusk|Booster Energy
|-activate|p1a: Great Tusk|ability: Protosynthesis|[fromitem]
|-start|p1a: Great Tusk|protosynthesisatk
|turn|11
|
|t:|1757795724
|switch|p2a: Ceruledge|Ceruledge, M|76/100
|-activate|p2a: Ceruledge|move: Sticky Web
|-unboost|p2a: Ceruledge|spe|1
|-damage|p2a: Ceruledge|51/100|[from] Stealth Rock
|move|p1a: Great Tusk|Headlong Rush|p2a: Ceruledge
|-supereffective|p2a: Ceruledge
|-damage|p2a: Ceruledge|0 fnt
|-unboost|p1a: Great Tusk|def|1
|-unboost|p1a: Great Tusk|spd|1
|faint|p2a: Ceruledge
|
|upkeep
|
|t:|1757795726
|switch|p2a: Garchomp|Garchomp, F|72/100
|-activate|p2a: Garchomp|move: Sticky Web
|-unboost|p2a: Garchomp|spe|1
|-damage|p2a: Garchomp|59/100|[from] Stealth Rock
|turn|12
|
|t:|1757795739
|move|p2a: Garchomp|Hyper Voice|p1a: Great Tusk
|-damage|p1a: Great Tusk|0 fnt
|faint|p1a: Great Tusk
|-end|p1a: Great Tusk|Protosynthesis|[silent]
|
|upkeep
|
|t:|1757795743
|switch|p1a: Dragonite|Dragonite, F, tera:Flying|100/100
|turn|13
|
|t:|1757795757
|move|p2a: Garchomp|Hyper Voice|p1a: Dragonite
|-damage|p1a: Dragonite|75/100
|move|p1a: Dragonite|Outrage|p2a: Garchomp
|-damage|p2a: Garchomp|0 fnt
|replace|p2a: Zoroark|Zoroark-Hisui, M, shiny
|-end|p2a: Zoroark|Illusion
|faint|p2a: Zoroark
|
|upkeep
|
|t:|1757795765
|switch|p2a: Empoleon|Empoleon, M|94/100
|-activate|p2a: Empoleon|move: Sticky Web
|-unboost|p2a: Empoleon|spe|1
|-ability|p2a: Empoleon|Competitive|boost
|-boost|p2a: Empoleon|spa|2
|-damage|p2a: Empoleon|88/100|[from] Stealth Rock
|turn|14
|
|t:|1757795772
|-terastallize|p2a: Empoleon|Fairy
|move|p1a: Dragonite|Outrage|p2a: Empoleon|[from] lockedmove
|-immune|p2a: Empoleon
|-start|p1a: Dragonite|confusion|[fatigue]
|move|p2a: Empoleon|Surf|p1a: Dragonite
|-damage|p1a: Dragonite|3/100
|
|upkeep
|turn|15
|-message|Braised Leeks forfeited.
|
|win|kookoobooboo
|raw|Braised Leeks's rating: 1183 &rarr; <strong>1158</strong><br />(-25 for losing)
|raw|kookoobooboo's rating: 1182 &rarr; <strong>1207</strong><br />(+25 for winning)
|l|☆Braised Leeks
|player|p1|
