|j|☆nitrif
|j|☆Karan8179
|t:|1757836817
|gametype|singles
|player|p1|nitrif|102|1176
|player|p2|Karan8179|red|1210
|gen|9
|tier|[Gen 9] OU
|rated|
|rule|HP Percentage Mod: HP is shown in percentages
|rule|Endless Battle Clause: Forcing endless battles is banned
|rule|Species Clause: Limit one of each Pokémon
|rule|OHKO Clause: OHKO moves are banned
|rule|Evasion Items Clause: Evasion items are banned
|rule|Evasion Moves Clause: Evasion moves are banned
|rule|Evasion Abilities Clause: Evasion abilities are banned
|rule|Sleep Moves Clause: Sleep-inducing moves are banned
|clearpoke
|poke|p1|Maushold-Four|
|poke|p1|Salamence, M|
|poke|p1|Araquanid, F|
|poke|p1|Gholdengo|
|poke|p1|Glimmora, F|
|poke|p1|Corviknight, F|
|poke|p2|Blaziken, F|
|poke|p2|Clawitzer, M|
|poke|p2|Flygon, M|
|poke|p2|Rhyperior, M|
|poke|p2|Pikachu-Kalos, M|
|poke|p2|Noivern, M|
|teampreview
|inactive|Battle timer is ON: inactive players will automatically lose when time's up. (requested by Karan8179)
|
|t:|1757836824
|teamsize|p1|6
|teamsize|p2|6
|start
|switch|p1a: Araquanid|Araquanid, F|100/100
|switch|p2a: Clawitzer|Clawitzer, M|100/100
|turn|1
|
|t:|1757836832
|move|p2a: Clawitzer|Dragon Pulse|p1a: Araquanid
|-damage|p1a: Araquanid|63/100
|move|p1a: Araquanid|Sticky Web|p2a: Clawitzer
|-sidestart|p2: Karan8179|move: Sticky Web
|
|upkeep
|turn|2
|
|t:|1757836839
|switch|p2a: Rhyperior|Rhyperior, M|100/100
|-activate|p2a: Rhyperior|move: Sticky Web
|-unboost|p2a: Rhyperior|spe|1
|move|p1a: Araquanid|Endeavor|p2a: Rhyperior
|-damage|p2a: Rhyperior|40/100
|
|-heal|p2a: Rhyperior|46/100|[from] item: Leftovers
|upkeep
|turn|3
|
|t:|1757836850
|move|p1a: Araquanid|Waterfall|p2a: Rhyperior
|-supereffective|p2a: Rhyperior
|-damage|p2a: Rhyperior|0 fnt
|faint|p2a: Rhyperior
|
|upkeep
|
|t:|1757836856
|switch|p2a: Blaziken|Blaziken, F|100/100
|-activate|p2a: Blaziken|move: Sticky Web
|-unboost|p2a: Blaziken|spe|1
|turn|4
|
|t:|1757836861
|move|p2a: Blaziken|Swords Dance|p2a: Blaziken
|-boost|p2a: Blaziken|atk|2
|move|p1a: Araquanid|Waterfall|p2a: Blaziken
|-supereffective|p2a: Blaziken
|-enditem|p2a: Blaziken|Focus Sash
|-damage|p2a: Blaziken|1/100
|
|-ability|p2a: Blaziken|Speed Boost|boost
|-boost|p2a: Blaziken|spe|1
|upkeep
|turn|5
|
|t:|1757836874
|move|p2a: Blaziken|Protect|p2a: Blaziken
|-singleturn|p2a: Blaziken|Protect
|move|p1a: Araquanid|Waterfall|p2a: Blaziken
|-activate|p2a: Blaziken|move: Protect
|
|-ability|p2a: Blaziken|Speed Boost|boost
|-boost|p2a: Blaziken|spe|1
|upkeep
|turn|6
|
|t:|1757836883
|move|p2a: Blaziken|Close Combat|p1a: Araquanid
|-resisted|p1a: Araquanid
|-crit|p1a: Araquanid
|-damage|p1a: Araquanid|0 fnt
|-unboost|p2a: Blaziken|def|1
|-unboost|p2a: Blaziken|spd|1
|faint|p1a: Araquanid
|
|-ability|p2a: Blaziken|Speed Boost|boost
|-boost|p2a: Blaziken|spe|1
|upkeep
|
|t:|1757836902
|switch|p1a: Corviknight|Corviknight, F|100/100
|turn|7
|
|t:|1757836908
|-terastallize|p1a: Corviknight|Flying
|move|p2a: Blaziken|Blaze Kick|p1a: Corviknight
|-damage|p1a: Corviknight|50/100
|move|p1a: Corviknight|Body Press|p2a: Blaziken
|-damage|p2a: Blaziken|0 fnt
|faint|p2a: Blaziken
|
|-heal|p1a: Corviknight|56/100|[from] item: Leftovers
|upkeep
|
|t:|1757836925
|switch|p2a: Pikachu|Pikachu-Kalos, M|100/100
|-activate|p2a: Pikachu|move: Sticky Web
|-unboost|p2a: Pikachu|spe|1
|turn|8
|
|t:|1757836933
|switch|p1a: Glimmora|Glimmora, F|100/100
|-item|p1a: Glimmora|Air Balloon
|move|p2a: Pikachu|Volt Switch|p1a: Glimmora
|-damage|p1a: Glimmora|75/100
|-enditem|p1a: Glimmora|Air Balloon
|
|t:|1757836944
|switch|p2a: Flygon|Flygon, M|100/100|[from] Volt Switch
|
|upkeep
|turn|9
|
|t:|1757836953
|move|p1a: Glimmora|Protect|p1a: Glimmora
|-singleturn|p1a: Glimmora|Protect
|move|p2a: Flygon|Earthquake|p1a: Glimmora
|-activate|p1a: Glimmora|move: Protect
|
|upkeep
|turn|10
|
|t:|1757836962
|move|p2a: Flygon|Earthquake|p1a: Glimmora
|-supereffective|p1a: Glimmora
|-damage|p1a: Glimmora|0 fnt
|-activate|p1a: Glimmora|ability: Toxic Debris
|-sidestart|p2: Karan8179|move: Toxic Spikes
|faint|p1a: Glimmora
|
|upkeep
|
|t:|1757836987
|switch|p1a: Maushold|Maushold-Four|100/100
|turn|11
|
|t:|1757836997
|move|p2a: Flygon|Dragon Claw|p1a: Maushold
|-damage|p1a: Maushold|43/100
|move|p1a: Maushold|Population Bomb|p2a: Flygon
|-damage|p2a: Flygon|87/100
|-damage|p2a: Flygon|73/100
|-damage|p2a: Flygon|60/100
|-damage|p2a: Flygon|46/100
|-damage|p2a: Flygon|31/100
|-damage|p2a: Flygon|18/100
|-hitcount|p2a: Flygon|6
|
|-heal|p2a: Flygon|24/100|[from] item: Leftovers
|upkeep
|turn|12
|
|t:|1757837015
|switch|p1a: Corviknight|Corviknight, F, tera:Flying|56/100
|move|p2a: Flygon|Dragon Claw|p1a: Corviknight
|-damage|p1a: Corviknight|36/100
|
|-heal|p2a: Flygon|30/100|[from] item: Leftovers
|-heal|p1a: Corviknight|43/100|[from] item: Leftovers
|upkeep
|turn|13
|
|t:|1757837025
|move|p2a: Flygon|U-turn|p1a: Corviknight
|-resisted|p1a: Corviknight
|-damage|p1a: Corviknight|37/100
|
|t:|1757837032
|switch|p2a: Pikachu|Pikachu-Kalos, M|100/100|[from] U-turn
|-activate|p2a: Pikachu|move: Sticky Web
|-unboost|p2a: Pikachu|spe|1
|-status|p2a: Pikachu|psn
|move|p1a: Corviknight|Roost|p1a: Corviknight
|-heal|p1a: Corviknight|87/100
|-hint|If a Terastallized Pokemon uses Roost, it remains Flying-type.
|
|-heal|p1a: Corviknight|93/100|[from] item: Leftovers
|-damage|p2a: Pikachu|88/100 psn|[from] psn
|upkeep
|turn|14
|
|t:|1757837049
|move|p2a: Pikachu|Knock Off|p1a: Corviknight
|-damage|p1a: Corviknight|70/100
|-enditem|p1a: Corviknight|Leftovers|[from] move: Knock Off|[of] p2a: Pikachu
|move|p1a: Corviknight|Body Press|p2a: Pikachu
|-damage|p2a: Pikachu|0 fnt
|-status|p1a: Corviknight|par|[from] ability: Static|[of] p2a: Pikachu
|faint|p2a: Pikachu
|
|upkeep
|
|t:|1757837064
|switch|p2a: Noivern|Noivern, M|100/100
|turn|15
|
|t:|1757837082
|switch|p1a: Maushold|Maushold-Four|43/100
|move|p2a: Noivern|Flamethrower|p1a: Maushold
|-damage|p1a: Maushold|1/100
|
|upkeep
|turn|16
|
|t:|1757837089
|move|p2a: Noivern|Flamethrower|p1a: Maushold
|-damage|p1a: Maushold|0 fnt
|faint|p1a: Maushold
|
|upkeep
|
|t:|1757837094
|switch|p1a: Gholdengo|Gholdengo|100/100
|turn|17
|
|t:|1757837098
|move|p2a: Noivern|Flamethrower|p1a: Gholdengo
|-supereffective|p1a: Gholdengo
|-damage|p1a: Gholdengo|45/100
|move|p1a: Gholdengo|Dazzling Gleam|p2a: Noivern
|-supereffective|p2a: Noivern
|-damage|p2a: Noivern|0 fnt
|faint|p2a: Noivern
|-damage|p1a: Gholdengo|35/100|[from] item: Life Orb
|
|upkeep
|
|t:|1757837110
|switch|p2a: Flygon|Flygon, M|30/100
|turn|18
|
|t:|1757837115
|switch|p1a: Corviknight|Corviknight, F, tera:Flying|70/100 par
|move|p2a: Flygon|Earthquake|p1a: Corviknight
|-immune|p1a: Corviknight
|
|-heal|p2a: Flygon|36/100|[from] item: Leftovers
|upkeep
|turn|19
|
|t:|1757837128
|move|p2a: Flygon|U-turn|p1a: Corviknight
|-resisted|p1a: Corviknight
|-damage|p1a: Corviknight|63/100 par
|
|t:|1757837131
|switch|p2a: Clawitzer|Clawitzer, M|100/100|[from] U-turn
|-activate|p2a: Clawitzer|move: Sticky Web
|-unboost|p2a: Clawitzer|spe|1
|-status|p2a: Clawitzer|psn
|move|p1a: Corviknight|Body Press|p2a: Clawitzer
|-damage|p2a: Clawitzer|71/100 psn
|
|-damage|p2a: Clawitzer|59/100 psn|[from] psn
|upkeep
|turn|20
|
|t:|1757837146
|-terastallize|p2a: Clawitzer|Dragon
|move|p2a: Clawitzer|Dragon Pulse|p1a: Corviknight
|-damage|p1a: Corviknight|0 fnt
|faint|p1a: Corviknight
|
|-damage|p2a: Clawitzer|46/100 psn|[from] psn
|upkeep
|
|t:|1757837154
|switch|p1a: Salamence|Salamence, M|100/100
|turn|21
|
|t:|1757837162
|move|p1a: Salamence|Outrage|p2a: Clawitzer
|-supereffective|p2a: Clawitzer
|-damage|p2a: Clawitzer|0 fnt
|faint|p2a: Clawitzer
|-ability|p1a: Salamence|Moxie|boost
|-boost|p1a: Salamence|atk|1
|
|upkeep
|
|t:|1757837166
|switch|p2a: Flygon|Flygon, M|36/100
|turn|22
|
|t:|1757837171
|move|p2a: Flygon|Dragon Claw|p1a: Salamence
|-supereffective|p1a: Salamence
|-damage|p1a: Salamence|18/100
|move|p1a: Salamence|Outrage|p2a: Flygon|[from] lockedmove
|-supereffective|p2a: Flygon
|-damage|p2a: Flygon|0 fnt
|faint|p2a: Flygon
|-start|p1a: Salamence|confusion|[fatigue]
|
|win|nitrif
|raw|nitrif's rating: 1176 &rarr; <strong>1203</strong><br />(+27 for winning)
|raw|Karan8179's rating: 1210 &rarr; <strong>1183</strong><br />(-27 for losing)
|l|☆nitrif
|player|p1|
|l|☆Karan8179
|player|p2|
