|j|☆MADMANWHO
|j|☆preppy dude
|t:|1757836486
|gametype|singles
|player|p1|MADMANWHO|hiker|1153
|player|p2|preppy dude|102|1127
|gen|9
|tier|[Gen 9] OU
|rated|
|rule|HP Percentage Mod: HP is shown in percentages
|rule|Endless Battle Clause: Forcing endless battles is banned
|rule|Species Clause: Limit one of each Pokémon
|rule|OHKO Clause: OHKO moves are banned
|rule|Evasion Items Clause: Evasion items are banned
|rule|Evasion Moves Clause: Evasion moves are banned
|rule|Evasion Abilities Clause: Evasion abilities are banned
|rule|Sleep Moves Clause: Sleep-inducing moves are banned
|clearpoke
|poke|p1|Tyranitar, M|
|poke|p1|Corviknight, M|
|poke|p1|Tinkaton, F|
|poke|p1|Iron Valiant|
|poke|p1|Komala, M|
|poke|p1|Kommo-o, M|
|poke|p2|Zapdos|
|poke|p2|Golem, F|
|poke|p2|Arbok, F|
|poke|p2|Rhydon, F|
|poke|p2|Magneton|
|poke|p2|Dodrio, F|
|teampreview
|inactive|Battle timer is ON: inactive players will automatically lose when time's up. (requested by MADMANWHO)
|
|t:|1757836494
|teamsize|p1|6
|teamsize|p2|6
|start
|switch|p1a: Tinkaton|Tinkaton, F|100/100
|switch|p2a: Golem|Golem, F|100/100
|-ability|p1a: Tinkaton|Mold Breaker
|-item|p1a: Tinkaton|Air Balloon
|turn|1
|
|t:|1757836502
|switch|p2a: Zapdos|Zapdos|100/100
|move|p1a: Tinkaton|Stealth Rock|p2a: Zapdos
|-sidestart|p2: preppy dude|move: Stealth Rock
|
|upkeep
|turn|2
|
|t:|1757836513
|move|p1a: Tinkaton|Knock Off|p2a: Zapdos
|-damage|p2a: Zapdos|81/100
|-enditem|p2a: Zapdos|Leftovers|[from] move: Knock Off|[of] p1a: Tinkaton
|move|p2a: Zapdos|Discharge|p1a: Tinkaton
|-damage|p1a: Tinkaton|64/100
|-enditem|p1a: Tinkaton|Air Balloon
|
|upkeep
|turn|3
|
|t:|1757836525
|switch|p1a: Tyranitar|Tyranitar, M|100/100
|-weather|Sandstorm|[from] ability: Sand Stream|[of] p1a: Tyranitar
|move|p2a: Zapdos|Discharge|p1a: Tyranitar
|-damage|p1a: Tyranitar|85/100
|-status|p1a: Tyranitar|par
|
|-weather|Sandstorm|[upkeep]
|-damage|p2a: Zapdos|75/100|[from] Sandstorm
|upkeep
|turn|4
|
|t:|1757836538
|switch|p2a: Golem|Golem, F|100/100
|-damage|p2a: Golem|95/100|[from] Stealth Rock
|move|p1a: Tyranitar|Knock Off|p2a: Golem
|-damage|p2a: Golem|48/100
|-enditem|p2a: Golem|Custap Berry|[from] move: Knock Off|[of] p1a: Tyranitar
|
|-weather|Sandstorm|[upkeep]
|upkeep
|turn|5
|
|t:|1757836547
|switch|p1a: Corviknight|Corviknight, M|100/100
|-ability|p1a: Corviknight|Pressure
|move|p2a: Golem|Stealth Rock|p1a: Corviknight
|-sidestart|p1: MADMANWHO|move: Stealth Rock
|
|-weather|Sandstorm|[upkeep]
|upkeep
|turn|6
|
|t:|1757836555
|move|p2a: Golem|Explosion|p1a: Corviknight
|-resisted|p1a: Corviknight
|-damage|p1a: Corviknight|75/100
|faint|p2a: Golem
|move|p1a: Corviknight|Iron Defense|p1a: Corviknight
|-boost|p1a: Corviknight|def|2
|
|-weather|Sandstorm|[upkeep]
|-heal|p1a: Corviknight|81/100|[from] item: Leftovers
|upkeep
|
|t:|1757836564
|switch|p2a: Magneton|Magneton|100/100
|-damage|p2a: Magneton|94/100|[from] Stealth Rock
|turn|7
|
|t:|1757836581
|-terastallize|p2a: Magneton|Electric
|-terastallize|p1a: Corviknight|Fairy
|move|p2a: Magneton|Discharge|p1a: Corviknight
|-damage|p1a: Corviknight|29/100
|-status|p1a: Corviknight|par
|move|p1a: Corviknight|U-turn|p2a: Magneton
|-damage|p2a: Magneton|72/100
|
|t:|1757836598
|switch|p1a: Tyranitar|Tyranitar, M|85/100 par|[from] U-turn
|-damage|p1a: Tyranitar|73/100 par|[from] Stealth Rock
|
|-weather|none
|upkeep
|turn|8
|
|t:|1757836607
|switch|p2a: Arbok|Arbok, F|100/100
|-damage|p2a: Arbok|88/100|[from] Stealth Rock
|-ability|p2a: Arbok|Intimidate|boost
|-unboost|p1a: Tyranitar|atk|1
|move|p1a: Tyranitar|Knock Off|p2a: Arbok
|-damage|p2a: Arbok|44/100
|-enditem|p2a: Arbok|Choice Scarf|[from] move: Knock Off|[of] p1a: Tyranitar
|
|upkeep
|turn|9
|
|t:|1757836621
|switch|p1a: Tinkaton|Tinkaton, F|64/100
|-damage|p1a: Tinkaton|58/100|[from] Stealth Rock
|-ability|p1a: Tinkaton|Mold Breaker
|move|p2a: Arbok|Pain Split|p1a: Tinkaton
|-sethp|p1a: Tinkaton|51/100|[from] move: Pain Split|[silent]
|-sethp|p2a: Arbok|50/100|[from] move: Pain Split
|
|upkeep
|turn|10
|
|t:|1757836630
|move|p2a: Arbok|Protect|p2a: Arbok
|-singleturn|p2a: Arbok|Protect
|move|p1a: Tinkaton|Thunder Wave|p2a: Arbok
|-activate|p2a: Arbok|move: Protect
|
|upkeep
|turn|11
|
|t:|1757836638
|move|p1a: Tinkaton|Encore|p2a: Arbok
|-start|p2a: Arbok|Encore
|move|p2a: Arbok|Protect||[still]
|-fail|p2a: Arbok
|
|upkeep
|turn|12
|
|t:|1757836644
|move|p2a: Arbok|Protect|p2a: Arbok
|-singleturn|p2a: Arbok|Protect
|move|p1a: Tinkaton|Knock Off|p2a: Arbok
|-activate|p2a: Arbok|move: Protect
|
|upkeep
|turn|13
|
|t:|1757836652
|switch|p2a: Zapdos|Zapdos|75/100
|-damage|p2a: Zapdos|50/100|[from] Stealth Rock
|move|p1a: Tinkaton|Thunder Wave|p2a: Zapdos
|-immune|p2a: Zapdos
|
|upkeep
|turn|14
|
|t:|1757836663
|switch|p1a: Tyranitar|Tyranitar, M|73/100 par
|-damage|p1a: Tyranitar|61/100 par|[from] Stealth Rock
|-weather|Sandstorm|[from] ability: Sand Stream|[of] p1a: Tyranitar
|move|p2a: Zapdos|Roost|p2a: Zapdos
|-heal|p2a: Zapdos|99/100
|-singleturn|p2a: Zapdos|move: Roost
|
|-weather|Sandstorm|[upkeep]
|-damage|p2a: Zapdos|94/100|[from] Sandstorm
|upkeep
|turn|15
|
|t:|1757836674
|move|p2a: Zapdos|Protect|p2a: Zapdos
|-singleturn|p2a: Zapdos|Protect
|move|p1a: Tyranitar|Dragon Tail|p2a: Zapdos
|-activate|p2a: Zapdos|move: Protect
|
|-weather|Sandstorm|[upkeep]
|-damage|p2a: Zapdos|88/100|[from] Sandstorm
|upkeep
|turn|16
|
|t:|1757836684
|move|p2a: Zapdos|Discharge|p1a: Tyranitar
|-damage|p1a: Tyranitar|43/100 par
|move|p1a: Tyranitar|Dragon Tail|p2a: Zapdos
|-damage|p2a: Zapdos|71/100
|drag|p2a: Magneton|Magneton, tera:Electric|72/100
|-damage|p2a: Magneton|59/100|[from] Stealth Rock
|
|-weather|Sandstorm|[upkeep]
|-damage|p2a: Magneton|53/100|[from] Sandstorm
|upkeep
|turn|17
|
|t:|1757836697
|move|p2a: Magneton|Flash Cannon|p1a: Tyranitar
|-supereffective|p1a: Tyranitar
|-damage|p1a: Tyranitar|2/100 par
|-unboost|p1a: Tyranitar|spd|1
|move|p1a: Tyranitar|Knock Off|p2a: Magneton
|-damage|p2a: Magneton|0 fnt
|-enditem|p2a: Magneton|Choice Scarf|[from] move: Knock Off|[of] p1a: Tyranitar
|faint|p2a: Magneton
|
|-weather|Sandstorm|[upkeep]
|upkeep
|
|t:|1757836708
|switch|p2a: Zapdos|Zapdos|71/100
|-damage|p2a: Zapdos|46/100|[from] Stealth Rock
|turn|18
|
|t:|1757836712
|move|p2a: Zapdos|Roost|p2a: Zapdos
|-heal|p2a: Zapdos|96/100
|-singleturn|p2a: Zapdos|move: Roost
|move|p1a: Tyranitar|Rock Tomb|p2a: Zapdos
|-damage|p2a: Zapdos|70/100
|-unboost|p2a: Zapdos|spe|1
|
|-weather|none
|upkeep
|turn|19
|
|t:|1757836723
|move|p2a: Zapdos|Air Cutter|p1a: Tyranitar
|-resisted|p1a: Tyranitar
|-damage|p1a: Tyranitar|0 fnt
|faint|p1a: Tyranitar
|
|upkeep
|
|t:|1757836731
|switch|p1a: Komala|Komala, M|100/100
|-damage|p1a: Komala|88/100|[from] Stealth Rock
|-ability|p1a: Komala|Comatose
|turn|20
|
|t:|1757836738
|switch|p2a: Arbok|Arbok, F|50/100
|-damage|p2a: Arbok|37/100|[from] Stealth Rock
|-ability|p2a: Arbok|Intimidate|boost
|-unboost|p1a: Komala|atk|1
|move|p1a: Komala|Rapid Spin|p2a: Arbok
|-damage|p2a: Arbok|19/100
|-boost|p1a: Komala|spe|1
|-sideend|p1: MADMANWHO|Stealth Rock|[from] move: Rapid Spin|[of] p1a: Komala
|
|upkeep
|turn|21
|
|t:|1757836751
|move|p2a: Arbok|Pain Split|p1a: Komala
|-sethp|p1a: Komala|53/100|[from] move: Pain Split|[silent]
|-sethp|p2a: Arbok|55/100|[from] move: Pain Split
|move|p1a: Komala|Wish|p1a: Komala
|
|upkeep
|turn|22
|
|t:|1757836761
|move|p2a: Arbok|Poison Fang|p1a: Komala
|-damage|p1a: Komala|38/100
|move|p1a: Komala|U-turn|p2a: Arbok
|-resisted|p2a: Arbok
|-damage|p2a: Arbok|46/100
|
|t:|1757836770
|switch|p1a: Corviknight|Corviknight, M, tera:Fairy|29/100 par|[from] U-turn
|-ability|p1a: Corviknight|Pressure
|
|-heal|p1a: Corviknight|71/100 par|[from] move: Wish|[wisher] Komala
|-heal|p1a: Corviknight|77/100 par|[from] item: Leftovers
|upkeep
|turn|23
|
|t:|1757836779
|move|p2a: Arbok|Poison Fang|p1a: Corviknight
|-supereffective|p1a: Corviknight
|-damage|p1a: Corviknight|57/100 par
|move|p1a: Corviknight|U-turn|p2a: Arbok
|-resisted|p2a: Arbok
|-damage|p2a: Arbok|37/100
|
|t:|1757836785
|switch|p1a: Komala|Komala, M|38/100|[from] U-turn
|-ability|p1a: Komala|Comatose
|
|upkeep
|turn|24
|
|t:|1757836791
|move|p2a: Arbok|Poison Fang|p1a: Komala
|-damage|p1a: Komala|24/100
|move|p1a: Komala|Wish|p1a: Komala
|
|upkeep
|turn|25
|
|t:|1757836797
|move|p1a: Komala|Protect|p1a: Komala
|-singleturn|p1a: Komala|Protect
|move|p2a: Arbok|Poison Fang|p1a: Komala
|-activate|p1a: Komala|move: Protect
|
|-heal|p1a: Komala|74/100|[from] move: Wish|[wisher] Komala
|upkeep
|turn|26
|
|t:|1757836808
|move|p2a: Arbok|Pain Split|p1a: Komala
|-sethp|p1a: Komala|55/100|[from] move: Pain Split|[silent]
|-sethp|p2a: Arbok|56/100|[from] move: Pain Split
|move|p1a: Komala|Wish|p1a: Komala
|
|upkeep
|turn|27
|
|t:|1757836815
|move|p2a: Arbok|Poison Fang|p1a: Komala
|-damage|p1a: Komala|37/100
|move|p1a: Komala|U-turn|p2a: Arbok
|-resisted|p2a: Arbok
|-damage|p2a: Arbok|43/100
|
|t:|1757836821
|switch|p1a: Kommo-o|Kommo-o, M|100/100|[from] U-turn
|
|upkeep
|turn|28
|
|t:|1757836833
|move|p1a: Kommo-o|Clanging Scales|p2a: Arbok
|-damage|p2a: Arbok|0 fnt
|faint|p2a: Arbok
|-unboost|p1a: Kommo-o|def|1
|-enditem|p1a: Kommo-o|Throat Spray
|-boost|p1a: Kommo-o|spa|1|[from] item: Throat Spray
|
|upkeep
|
|t:|1757836843
|switch|p2a: Dodrio|Dodrio, F|100/100
|-damage|p2a: Dodrio|76/100|[from] Stealth Rock
|turn|29
|
|t:|1757836850
|move|p2a: Dodrio|Brave Bird|p1a: Kommo-o
|-supereffective|p1a: Kommo-o
|-damage|p1a: Kommo-o|0 fnt
|faint|p1a: Kommo-o
|-damage|p2a: Dodrio|39/100|[from] Recoil
|
|upkeep
|
|t:|1757836862
|switch|p1a: Iron Valiant|Iron Valiant|100/100
|-enditem|p1a: Iron Valiant|Booster Energy
|-activate|p1a: Iron Valiant|ability: Quark Drive|[fromitem]
|-start|p1a: Iron Valiant|quarkdrivespe
|turn|30
|
|t:|1757836867
|move|p1a: Iron Valiant|Moonblast|p2a: Dodrio
|-damage|p2a: Dodrio|0 fnt
|faint|p2a: Dodrio
|
|upkeep
|
|t:|1757836871
|switch|p2a: Rhydon|Rhydon, F|100/100
|-damage|p2a: Rhydon|94/100|[from] Stealth Rock
|turn|31
|
|t:|1757836892
|move|p1a: Iron Valiant|Moonblast|p2a: Rhydon
|-damage|p2a: Rhydon|48/100
|-unboost|p2a: Rhydon|spa|1
|move|p2a: Rhydon|Earthquake|p1a: Iron Valiant
|-crit|p1a: Iron Valiant
|-damage|p1a: Iron Valiant|0 fnt
|faint|p1a: Iron Valiant
|-end|p1a: Iron Valiant|Quark Drive|[silent]
|
|upkeep
|
|t:|1757836905
|switch|p1a: Corviknight|Corviknight, M, tera:Fairy|57/100 par
|-ability|p1a: Corviknight|Pressure
|turn|32
|
|t:|1757836911
|move|p2a: Rhydon|Earthquake|p1a: Corviknight
|-damage|p1a: Corviknight|25/100 par
|move|p1a: Corviknight|Roost|p1a: Corviknight
|-heal|p1a: Corviknight|75/100 par
|
|-heal|p1a: Corviknight|81/100 par|[from] item: Leftovers
|upkeep
|turn|33
|
|t:|1757836922
|move|p2a: Rhydon|Earthquake|p1a: Corviknight
|-damage|p1a: Corviknight|47/100 par
|cant|p1a: Corviknight|par
|
|-heal|p1a: Corviknight|53/100 par|[from] item: Leftovers
|upkeep
|turn|34
|
|t:|1757836930
|move|p2a: Rhydon|Earthquake|p1a: Corviknight
|-damage|p1a: Corviknight|17/100 par
|move|p1a: Corviknight|Roost|p1a: Corviknight
|-heal|p1a: Corviknight|67/100 par
|
|-heal|p1a: Corviknight|73/100 par|[from] item: Leftovers
|upkeep
|turn|35
|
|t:|1757836942
|move|p2a: Rhydon|Earthquake|p1a: Corviknight
|-damage|p1a: Corviknight|41/100 par
|move|p1a: Corviknight|Iron Defense|p1a: Corviknight
|-boost|p1a: Corviknight|def|2
|
|-heal|p1a: Corviknight|47/100 par|[from] item: Leftovers
|upkeep
|turn|36
|
|t:|1757836950
|move|p2a: Rhydon|Earthquake|p1a: Corviknight
|-damage|p1a: Corviknight|30/100 par
|move|p1a: Corviknight|Roost|p1a: Corviknight
|-heal|p1a: Corviknight|80/100 par
|
|-heal|p1a: Corviknight|86/100 par|[from] item: Leftovers
|upkeep
|turn|37
|
|t:|1757836958
|move|p2a: Rhydon|Earthquake|p1a: Corviknight
|-damage|p1a: Corviknight|68/100 par
|move|p1a: Corviknight|Body Press|p2a: Rhydon
|-supereffective|p2a: Rhydon
|-damage|p2a: Rhydon|0 fnt
|faint|p2a: Rhydon
|
|-heal|p1a: Corviknight|74/100 par|[from] item: Leftovers
|upkeep
|
|t:|1757836967
|switch|p2a: Zapdos|Zapdos|70/100
|-damage|p2a: Zapdos|45/100|[from] Stealth Rock
|turn|38
|
|t:|1757836973
|move|p2a: Zapdos|Roost|p2a: Zapdos
|-heal|p2a: Zapdos|95/100
|-singleturn|p2a: Zapdos|move: Roost
|move|p1a: Corviknight|Body Press|p2a: Zapdos
|-damage|p2a: Zapdos|47/100
|
|-heal|p1a: Corviknight|80/100 par|[from] item: Leftovers
|upkeep
|turn|39
|
|t:|1757836982
|move|p2a: Zapdos|Roost|p2a: Zapdos
|-heal|p2a: Zapdos|97/100
|-singleturn|p2a: Zapdos|move: Roost
|cant|p1a: Corviknight|par
|
|-heal|p1a: Corviknight|86/100 par|[from] item: Leftovers
|upkeep
|turn|40
|
|t:|1757836991
|move|p2a: Zapdos|Discharge|p1a: Corviknight
|-damage|p1a: Corviknight|54/100 par
|move|p1a: Corviknight|Body Press|p2a: Zapdos
|-resisted|p2a: Zapdos
|-damage|p2a: Zapdos|75/100
|
|-heal|p1a: Corviknight|60/100 par|[from] item: Leftovers
|upkeep
|turn|41
|
|t:|1757837000
|move|p2a: Zapdos|Discharge|p1a: Corviknight
|-damage|p1a: Corviknight|30/100 par
|move|p1a: Corviknight|Roost|p1a: Corviknight
|-heal|p1a: Corviknight|80/100 par
|
|-heal|p1a: Corviknight|86/100 par|[from] item: Leftovers
|upkeep
|turn|42
|
|t:|1757837008
|move|p2a: Zapdos|Discharge|p1a: Corviknight
|-damage|p1a: Corviknight|53/100 par
|move|p1a: Corviknight|Iron Defense|p1a: Corviknight
|-boost|p1a: Corviknight|def|2
|
|-heal|p1a: Corviknight|59/100 par|[from] item: Leftovers
|upkeep
|turn|43
|
|t:|1757837016
|move|p2a: Zapdos|Discharge|p1a: Corviknight
|-damage|p1a: Corviknight|28/100 par
|cant|p1a: Corviknight|par
|
|-heal|p1a: Corviknight|34/100 par|[from] item: Leftovers
|upkeep
|turn|44
|
|t:|1757837024
|move|p2a: Zapdos|Discharge|p1a: Corviknight
|-damage|p1a: Corviknight|0 fnt
|faint|p1a: Corviknight
|
|upkeep
|
|t:|1757837029
|switch|p1a: Komala|Komala, M|37/100
|-ability|p1a: Komala|Comatose
|turn|45
|
|t:|1757837033
|move|p2a: Zapdos|Discharge|p1a: Komala
|-damage|p1a: Komala|4/100
|move|p1a: Komala|Wish|p1a: Komala
|
|upkeep
|turn|46
|
|t:|1757837040
|move|p1a: Komala|Protect|p1a: Komala
|-singleturn|p1a: Komala|Protect
|move|p2a: Zapdos|Air Cutter|p1a: Komala
|-activate|p1a: Komala|move: Protect
|
|-heal|p1a: Komala|54/100|[from] move: Wish|[wisher] Komala
|upkeep
|turn|47
|
|t:|1757837048
|move|p2a: Zapdos|Discharge|p1a: Komala
|-damage|p1a: Komala|16/100
|move|p1a: Komala|Wish|p1a: Komala
|
|upkeep
|turn|48
|
|t:|1757837054
|move|p1a: Komala|Protect|p1a: Komala
|-singleturn|p1a: Komala|Protect
|move|p2a: Zapdos|Air Cutter|p1a: Komala
|-activate|p1a: Komala|move: Protect
|
|-heal|p1a: Komala|66/100|[from] move: Wish|[wisher] Komala
|upkeep
|turn|49
|
|t:|1757837062
|move|p2a: Zapdos|Discharge|p1a: Komala
|-damage|p1a: Komala|27/100
|move|p1a: Komala|Wish|p1a: Komala
|
|upkeep
|turn|50
|
|t:|1757837069
|move|p1a: Komala|Protect|p1a: Komala
|-singleturn|p1a: Komala|Protect
|move|p2a: Zapdos|Air Cutter|p1a: Komala
|-activate|p1a: Komala|move: Protect
|
|-heal|p1a: Komala|77/100|[from] move: Wish|[wisher] Komala
|upkeep
|turn|51
|
|t:|1757837077
|move|p2a: Zapdos|Air Cutter|p1a: Komala
|-crit|p1a: Komala
|-damage|p1a: Komala|35/100
|move|p1a: Komala|Wish|p1a: Komala
|
|upkeep
|turn|52
|
|t:|1757837083
|move|p1a: Komala|Protect|p1a: Komala
|-singleturn|p1a: Komala|Protect
|move|p2a: Zapdos|Air Cutter|p1a: Komala
|-activate|p1a: Komala|move: Protect
|
|-heal|p1a: Komala|85/100|[from] move: Wish|[wisher] Komala
|upkeep
|turn|53
|
|t:|1757837091
|move|p2a: Zapdos|Air Cutter|p1a: Komala
|-damage|p1a: Komala|56/100
|move|p1a: Komala|Wish|p1a: Komala
|
|upkeep
|turn|54
|
|t:|1757837099
|move|p2a: Zapdos|Air Cutter|p1a: Komala
|-damage|p1a: Komala|27/100
|move|p1a: Komala|Rapid Spin|p2a: Zapdos
|-damage|p2a: Zapdos|59/100
|-boost|p1a: Komala|spe|1
|
|-heal|p1a: Komala|77/100|[from] move: Wish|[wisher] Komala
|upkeep
|turn|55
|
|t:|1757837109
|move|p1a: Komala|Wish|p1a: Komala
|move|p2a: Zapdos|Roost|p2a: Zapdos
|-heal|p2a: Zapdos|100/100
|-singleturn|p2a: Zapdos|move: Roost
|
|upkeep
|turn|56
|
|t:|1757837115
|move|p1a: Komala|Rapid Spin|p2a: Zapdos
|-damage|p2a: Zapdos|84/100
|-boost|p1a: Komala|spe|1
|move|p2a: Zapdos|Discharge|p1a: Komala
|-damage|p1a: Komala|40/100
|
|-heal|p1a: Komala|90/100|[from] move: Wish|[wisher] Komala
|upkeep
|turn|57
|
|t:|1757837128
|move|p1a: Komala|Wish|p1a: Komala
|move|p2a: Zapdos|Discharge|p1a: Komala
|-damage|p1a: Komala|56/100
|
|upkeep
|turn|58
|
|t:|1757837133
|move|p1a: Komala|Rapid Spin|p2a: Zapdos
|-damage|p2a: Zapdos|66/100
|-boost|p1a: Komala|spe|1
|move|p2a: Zapdos|Air Cutter|p1a: Komala
|-crit|p1a: Komala
|-damage|p1a: Komala|19/100
|
|-heal|p1a: Komala|69/100|[from] move: Wish|[wisher] Komala
|upkeep
|turn|59
|
|t:|1757837143
|move|p1a: Komala|Wish|p1a: Komala
|move|p2a: Zapdos|Discharge|p1a: Komala
|-damage|p1a: Komala|36/100
|
|upkeep
|turn|60
|
|t:|1757837148
|move|p1a: Komala|Protect|p1a: Komala
|-singleturn|p1a: Komala|Protect
|move|p2a: Zapdos|Air Cutter|p1a: Komala
|-activate|p1a: Komala|move: Protect
|
|-heal|p1a: Komala|86/100|[from] move: Wish|[wisher] Komala
|upkeep
|turn|61
|
|t:|1757837156
|move|p1a: Komala|Wish|p1a: Komala
|move|p2a: Zapdos|Air Cutter|p1a: Komala
|-damage|p1a: Komala|58/100
|
|upkeep
|turn|62
|
|t:|1757837161
|move|p1a: Komala|Rapid Spin|p2a: Zapdos
|-damage|p2a: Zapdos|50/100
|-boost|p1a: Komala|spe|1
|move|p2a: Zapdos|Air Cutter|p1a: Komala
|-damage|p1a: Komala|34/100
|
|-heal|p1a: Komala|84/100|[from] move: Wish|[wisher] Komala
|upkeep
|turn|63
|
|t:|1757837170
|move|p1a: Komala|Protect|p1a: Komala
|-singleturn|p1a: Komala|Protect
|move|p2a: Zapdos|Air Cutter|p1a: Komala
|-activate|p1a: Komala|move: Protect
|
|upkeep
|turn|64
|
|t:|1757837177
|move|p2a: Zapdos|Protect|p2a: Zapdos
|-singleturn|p2a: Zapdos|Protect
|move|p1a: Komala|Wish|p1a: Komala
|
|upkeep
|turn|65
|
|t:|1757837182
|move|p1a: Komala|Rapid Spin|p2a: Zapdos
|-damage|p2a: Zapdos|32/100
|-boost|p1a: Komala|spe|1
|move|p2a: Zapdos|Roost|p2a: Zapdos
|-heal|p2a: Zapdos|82/100
|-singleturn|p2a: Zapdos|move: Roost
|
|-heal|p1a: Komala|100/100|[from] move: Wish|[wisher] Komala
|upkeep
|turn|66
|
|t:|1757837193
|move|p2a: Zapdos|Protect|p2a: Zapdos
|-singleturn|p2a: Zapdos|Protect
|move|p1a: Komala|Rapid Spin|p2a: Zapdos
|-activate|p2a: Zapdos|move: Protect
|
|upkeep
|turn|67
|
|t:|1757837199
|move|p1a: Komala|Rapid Spin|p2a: Zapdos
|-damage|p2a: Zapdos|67/100
|-boost|p1a: Komala|spe|1
|move|p2a: Zapdos|Discharge|p1a: Komala
|-damage|p1a: Komala|65/100
|
|upkeep
|turn|68
|
|t:|1757837206
|move|p1a: Komala|U-turn|p2a: Zapdos
|-resisted|p2a: Zapdos
|-damage|p2a: Zapdos|59/100
|
|t:|1757837209
|switch|p1a: Tinkaton|Tinkaton, F|51/100|[from] U-turn
|-ability|p1a: Tinkaton|Mold Breaker
|move|p2a: Zapdos|Air Cutter|p1a: Tinkaton
|-resisted|p1a: Tinkaton
|-crit|p1a: Tinkaton
|-damage|p1a: Tinkaton|32/100
|
|upkeep
|turn|69
|
|t:|1757837218
|move|p1a: Tinkaton|Encore|p2a: Zapdos
|-start|p2a: Zapdos|Encore
|move|p2a: Zapdos|Air Cutter|p1a: Tinkaton
|-resisted|p1a: Tinkaton
|-damage|p1a: Tinkaton|17/100
|
|upkeep
|turn|70
|
|t:|1757837224
|move|p1a: Tinkaton|Knock Off|p2a: Zapdos
|-damage|p2a: Zapdos|46/100
|move|p2a: Zapdos|Air Cutter|p1a: Tinkaton
|-resisted|p1a: Tinkaton
|-damage|p1a: Tinkaton|5/100
|
|upkeep
|turn|71
|
|t:|1757837230
|move|p1a: Tinkaton|Knock Off|p2a: Zapdos
|-damage|p2a: Zapdos|33/100
|move|p2a: Zapdos|Air Cutter|p1a: Tinkaton
|-resisted|p1a: Tinkaton
|-damage|p1a: Tinkaton|0 fnt
|faint|p1a: Tinkaton
|
|-end|p2a: Zapdos|Encore
|upkeep
|
|t:|1757837237
|switch|p1a: Komala|Komala, M|65/100
|-ability|p1a: Komala|Comatose
|turn|72
|
|t:|1757837244
|move|p2a: Zapdos|Protect|p2a: Zapdos
|-singleturn|p2a: Zapdos|Protect
|move|p1a: Komala|Rapid Spin|p2a: Zapdos
|-activate|p2a: Zapdos|move: Protect
|
|upkeep
|turn|73
|
|t:|1757837250
|move|p2a: Zapdos|Roost|p2a: Zapdos
|-heal|p2a: Zapdos|83/100
|-singleturn|p2a: Zapdos|move: Roost
|move|p1a: Komala|Rapid Spin|p2a: Zapdos
|-damage|p2a: Zapdos|68/100
|-boost|p1a: Komala|spe|1
|
|upkeep
|turn|74
|
|t:|1757837258
|move|p1a: Komala|Wish|p1a: Komala
|move|p2a: Zapdos|Discharge|p1a: Komala
|-damage|p1a: Komala|27/100
|
|upkeep
|turn|75
|
|t:|1757837265
|move|p1a: Komala|Protect|p1a: Komala
|-singleturn|p1a: Komala|Protect
|move|p2a: Zapdos|Air Cutter|p1a: Komala
|-activate|p1a: Komala|move: Protect
|
|-heal|p1a: Komala|77/100|[from] move: Wish|[wisher] Komala
|upkeep
|turn|76
|
|t:|1757837273
|move|p1a: Komala|Wish|p1a: Komala
|move|p2a: Zapdos|Discharge|p1a: Komala
|-damage|p1a: Komala|42/100
|
|upkeep
|turn|77
|
|t:|1757837278
|move|p1a: Komala|Rapid Spin|p2a: Zapdos
|-damage|p2a: Zapdos|52/100
|-boost|p1a: Komala|spe|1
|move|p2a: Zapdos|Air Cutter|p1a: Komala
|-crit|p1a: Komala
|-damage|p1a: Komala|4/100
|
|-heal|p1a: Komala|54/100|[from] move: Wish|[wisher] Komala
|upkeep
|turn|78
|
|t:|1757837291
|move|p1a: Komala|Wish|p1a: Komala
|move|p2a: Zapdos|Air Cutter|p1a: Komala|[miss]
|-miss|p2a: Zapdos|p1a: Komala
|
|upkeep
|turn|79
|
|t:|1757837298
|move|p1a: Komala|Rapid Spin|p2a: Zapdos
|-damage|p2a: Zapdos|35/100
|-boost|p1a: Komala|spe|1
|move|p2a: Zapdos|Roost|p2a: Zapdos
|-heal|p2a: Zapdos|85/100
|-singleturn|p2a: Zapdos|move: Roost
|
|-heal|p1a: Komala|100/100|[from] move: Wish|[wisher] Komala
|upkeep
|turn|80
|
|t:|1757837310
|move|p2a: Zapdos|Protect|p2a: Zapdos
|-singleturn|p2a: Zapdos|Protect
|move|p1a: Komala|Rapid Spin|p2a: Zapdos
|-activate|p2a: Zapdos|move: Protect
|
|upkeep
|turn|81
|
|t:|1757837315
|move|p1a: Komala|Rapid Spin|p2a: Zapdos
|-damage|p2a: Zapdos|68/100
|-boost|p1a: Komala|spe|1
|move|p2a: Zapdos|Discharge|p1a: Komala
|-damage|p1a: Komala|68/100
|
|upkeep
|turn|82
|
|t:|1757837323
|move|p1a: Komala|Rapid Spin|p2a: Zapdos
|-damage|p2a: Zapdos|51/100
|-boost|p1a: Komala|spe|1
|move|p2a: Zapdos|Air Cutter|p1a: Komala
|-damage|p1a: Komala|41/100
|
|upkeep
|turn|83
|
|t:|1757837335
|move|p1a: Komala|Rapid Spin|p2a: Zapdos
|-damage|p2a: Zapdos|34/100
|-boost|p1a: Komala|spe|1
|move|p2a: Zapdos|Air Cutter|p1a: Komala
|-damage|p1a: Komala|13/100
|
|upkeep
|turn|84
|
|t:|1757837342
|move|p1a: Komala|Rapid Spin|p2a: Zapdos
|-damage|p2a: Zapdos|16/100
|move|p2a: Zapdos|Discharge|p1a: Komala
|-damage|p1a: Komala|0 fnt
|faint|p1a: Komala
|
|win|preppy dude
|raw|MADMANWHO's rating: 1153 &rarr; <strong>1126</strong><br />(-27 for losing)
|raw|preppy dude's rating: 1127 &rarr; <strong>1154</strong><br />(+27 for winning)
|l|☆MADMANWHO
|player|p1|
|l|☆preppy dude
|player|p2|
