|j|☆mayuhara
|j|☆matougris
|t:|1757932721
|gametype|singles
|player|p1|mayuhara|ghetsis|1529
|player|p2|matougris|cameraman|1489
|gen|9
|tier|[Gen 9] OU
|rated|
|rule|HP Percentage Mod: HP is shown in percentages
|rule|Endless Battle Clause: Forcing endless battles is banned
|rule|Species Clause: Limit one of each Pokémon
|rule|OHKO Clause: OHKO moves are banned
|rule|Evasion Items Clause: Evasion items are banned
|rule|Evasion Moves Clause: Evasion moves are banned
|rule|Evasion Abilities Clause: Evasion abilities are banned
|rule|Sleep Moves Clause: Sleep-inducing moves are banned
|clearpoke
|poke|p1|Arcanine-Hisui, F|
|poke|p1|Gholdengo|
|poke|p1|Ogerpon-Wellspring, F|
|poke|p1|Great Tusk|
|poke|p1|Darkrai|
|poke|p1|Dragonite, F|
|poke|p2|Torkoal, M|
|poke|p2|Walking Wake|
|poke|p2|Iron Moth|
|poke|p2|Kingambit, M|
|poke|p2|Lilligant-Hisui, F|
|poke|p2|Great Tusk|
|teampreview
|inactive|Battle timer is ON: inactive players will automatically lose when time's up. (requested by mayuhara)
|
|t:|1757932743
|teamsize|p1|6
|teamsize|p2|6
|start
|switch|p1a: Arcanine|Arcanine-Hisui, F|100/100
|switch|p2a: tapfort 1|Great Tusk, shiny|100/100
|turn|1
|
|t:|1757932757
|move|p1a: Arcanine|Stealth Rock|p2a: tapfort 1
|-sidestart|p2: matougris|move: Stealth Rock
|move|p2a: tapfort 1|Close Combat|p1a: Arcanine
|-supereffective|p1a: Arcanine
|-enditem|p1a: Arcanine|Focus Sash
|-damage|p1a: Arcanine|1/100
|-unboost|p2a: tapfort 1|def|1
|-unboost|p2a: tapfort 1|spd|1
|-damage|p2a: tapfort 1|91/100|[from] item: Life Orb
|
|upkeep
|turn|2
|
|t:|1757932763
|move|p1a: Arcanine|Flare Blitz|p2a: tapfort 1
|-damage|p2a: tapfort 1|29/100
|move|p2a: tapfort 1|Rapid Spin|p1a: Arcanine
|-resisted|p1a: Arcanine
|-damage|p1a: Arcanine|0 fnt
|-boost|p2a: tapfort 1|spe|1
|-sideend|p2: matougris|Stealth Rock|[from] move: Rapid Spin|[of] p2a: tapfort 1
|faint|p1a: Arcanine
|-damage|p2a: tapfort 1|19/100|[from] item: Life Orb
|
|upkeep
|
|t:|1757932770
|switch|p1a: Gholdengo|Gholdengo|100/100
|-item|p1a: Gholdengo|Air Balloon
|turn|3
|
|t:|1757932776
|-end|p2a: tapfort 1|Protosynthesis|[silent]
|switch|p2a: here comes the|Torkoal, M, shiny|100/100
|-weather|SunnyDay|[from] ability: Drought|[of] p2a: here comes the
|move|p1a: Gholdengo|Nasty Plot|p1a: Gholdengo
|-boost|p1a: Gholdengo|spa|2
|
|-weather|SunnyDay|[upkeep]
|upkeep
|turn|4
|
|t:|1757932782
|move|p1a: Gholdengo|Shadow Ball|p2a: here comes the
|-damage|p2a: here comes the|33/100
|move|p2a: here comes the|Lava Plume|p1a: Gholdengo
|-supereffective|p1a: Gholdengo
|-damage|p1a: Gholdengo|25/100
|-status|p1a: Gholdengo|brn
|-enditem|p1a: Gholdengo|Air Balloon
|
|-weather|SunnyDay|[upkeep]
|-damage|p1a: Gholdengo|19/100 brn|[from] brn
|upkeep
|turn|5
|
|t:|1757932788
|switch|p2a: frapfort 2|Kingambit, M, shiny|100/100
|move|p1a: Gholdengo|Make It Rain|p2a: frapfort 2
|-resisted|p2a: frapfort 2
|-damage|p2a: frapfort 2|50/100
|-unboost|p1a: Gholdengo|spa|1
|
|-weather|SunnyDay|[upkeep]
|-heal|p2a: frapfort 2|56/100|[from] item: Leftovers
|-damage|p1a: Gholdengo|13/100 brn|[from] brn
|upkeep
|turn|6
|
|t:|1757932794
|move|p1a: Gholdengo|Recover|p1a: Gholdengo
|-heal|p1a: Gholdengo|63/100 brn
|move|p2a: frapfort 2|Iron Head|p1a: Gholdengo
|-resisted|p1a: Gholdengo
|-damage|p1a: Gholdengo|45/100 brn
|
|-weather|SunnyDay|[upkeep]
|-heal|p2a: frapfort 2|62/100|[from] item: Leftovers
|-damage|p1a: Gholdengo|39/100 brn|[from] brn
|upkeep
|turn|7
|
|t:|1757932799
|switch|p1a: Great Tusk|Great Tusk|100/100
|-activate|p1a: Great Tusk|ability: Protosynthesis
|-start|p1a: Great Tusk|protosynthesisatk
|move|p2a: frapfort 2|Iron Head|p1a: Great Tusk
|-damage|p1a: Great Tusk|68/100
|
|-weather|SunnyDay|[upkeep]
|-heal|p2a: frapfort 2|68/100|[from] item: Leftovers
|upkeep
|turn|8
|
|t:|1757932813
|-terastallize|p2a: frapfort 2|Fairy
|move|p1a: Great Tusk|Rapid Spin|p2a: frapfort 2
|-damage|p2a: frapfort 2|51/100
|-boost|p1a: Great Tusk|spe|1
|move|p2a: frapfort 2|Tera Blast|p1a: Great Tusk|[anim] Tera Blast Fairy
|-supereffective|p1a: Great Tusk
|-damage|p1a: Great Tusk|3/100
|
|-weather|SunnyDay|[upkeep]
|-heal|p2a: frapfort 2|57/100|[from] item: Leftovers
|upkeep
|turn|9
|
|t:|1757932819
|move|p2a: frapfort 2|Sucker Punch|p1a: Great Tusk
|-resisted|p1a: Great Tusk
|-damage|p1a: Great Tusk|0 fnt
|faint|p1a: Great Tusk
|-end|p1a: Great Tusk|Protosynthesis|[silent]
|
|-weather|SunnyDay|[upkeep]
|-heal|p2a: frapfort 2|63/100|[from] item: Leftovers
|upkeep
|
|t:|1757932824
|switch|p1a: Darkrai|Darkrai|100/100
|turn|10
|
|t:|1757932835
|-end|p2a: frapfort 2|fallenundefined|[silent]
|switch|p2a: tapfort 1|Great Tusk, shiny|19/100
|-activate|p2a: tapfort 1|ability: Protosynthesis
|-start|p2a: tapfort 1|protosynthesisatk
|move|p1a: Darkrai|Sludge Bomb|p2a: tapfort 1
|-resisted|p2a: tapfort 1
|-damage|p2a: tapfort 1|0 fnt
|faint|p2a: tapfort 1
|-end|p2a: tapfort 1|Protosynthesis|[silent]
|
|-weather|none
|upkeep
|
|t:|1757932844
|switch|p2a: la mite|Iron Moth|100/100
|-enditem|p2a: la mite|Booster Energy
|-activate|p2a: la mite|ability: Quark Drive|[fromitem]
|-start|p2a: la mite|quarkdrivespe
|turn|11
|
|t:|1757932849
|switch|p1a: Gholdengo|Gholdengo|39/100 brn
|move|p2a: la mite|Fiery Dance|p1a: Gholdengo
|-supereffective|p1a: Gholdengo
|-damage|p1a: Gholdengo|0 fnt
|-boost|p2a: la mite|spa|1
|faint|p1a: Gholdengo
|
|upkeep
|
|t:|1757932852
|switch|p1a: Dragonite|Dragonite, F|100/100
|turn|12
|
|t:|1757932860
|move|p2a: la mite|Sludge Wave|p1a: Dragonite
|-damage|p1a: Dragonite|66/100
|move|p1a: Dragonite|Earthquake|p2a: la mite
|-supereffective|p2a: la mite
|-damage|p2a: la mite|0 fnt
|faint|p2a: la mite
|-end|p2a: la mite|Quark Drive|[silent]
|
|upkeep
|
|t:|1757932865
|switch|p2a: here comes the|Torkoal, M, shiny|33/100
|-weather|SunnyDay|[from] ability: Drought|[of] p2a: here comes the
|turn|13
|
|t:|1757932869
|switch|p2a: streapteaseuse|Lilligant-Hisui, F, shiny|100/100
|move|p1a: Dragonite|Earthquake|p2a: streapteaseuse
|-resisted|p2a: streapteaseuse
|-damage|p2a: streapteaseuse|69/100
|
|-weather|SunnyDay|[upkeep]
|upkeep
|turn|14
|
|t:|1757932876
|-terastallize|p1a: Dragonite|Normal
|move|p1a: Dragonite|Extreme Speed|p2a: streapteaseuse
|-damage|p2a: streapteaseuse|0 fnt
|faint|p2a: streapteaseuse
|
|-weather|SunnyDay|[upkeep]
|upkeep
|
|t:|1757932879
|switch|p2a: long queue|Walking Wake|100/100
|-activate|p2a: long queue|ability: Protosynthesis
|-start|p2a: long queue|protosynthesisspe
|turn|15
|
|t:|1757932885
|move|p1a: Dragonite|Extreme Speed|p2a: long queue
|-damage|p2a: long queue|53/100
|move|p2a: long queue|Draco Meteor|p1a: Dragonite|[miss]
|-miss|p2a: long queue|p1a: Dragonite
|
|-weather|SunnyDay|[upkeep]
|upkeep
|turn|16
|
|t:|1757932892
|move|p1a: Dragonite|Extreme Speed|p2a: long queue
|-damage|p2a: long queue|1/100
|move|p2a: long queue|Hydro Steam|p1a: Dragonite
|-damage|p1a: Dragonite|0 fnt
|faint|p1a: Dragonite
|-damage|p2a: long queue|0 fnt|[from] item: Life Orb
|faint|p2a: long queue
|-end|p2a: long queue|Protosynthesis|[silent]
|
|-weather|SunnyDay|[upkeep]
|upkeep
|c|☆matougris|gg
|
|t:|1757932903
|switch|p2a: here comes the|Torkoal, M, shiny|33/100
|switch|p1a: Ogerpon|Ogerpon-Wellspring, F|100/100
|turn|17
|
|t:|1757932906
|move|p1a: Ogerpon|Ivy Cudgel|p2a: here comes the|[anim] Ivy Cudgel Water
|-supereffective|p2a: here comes the
|-damage|p2a: here comes the|0 fnt
|faint|p2a: here comes the
|
|-weather|SunnyDay|[upkeep]
|upkeep
|
|t:|1757932908
|switch|p2a: frapfort 2|Kingambit, M, shiny, tera:Fairy|63/100
|-activate|p2a: frapfort 2|ability: Supreme Overlord
|-start|p2a: frapfort 2|fallen5|[silent]
|turn|18
|
|t:|1757932913
|move|p1a: Ogerpon|Power Whip|p2a: frapfort 2
|-damage|p2a: frapfort 2|7/100
|move|p2a: frapfort 2|Swords Dance|p2a: frapfort 2
|-boost|p2a: frapfort 2|atk|2
|
|-weather|SunnyDay|[upkeep]
|-heal|p2a: frapfort 2|13/100|[from] item: Leftovers
|upkeep
|turn|19
|
|t:|1757932916
|move|p2a: frapfort 2|Sucker Punch|p1a: Ogerpon
|-damage|p1a: Ogerpon|0 fnt
|faint|p1a: Ogerpon
|
|-weather|SunnyDay|[upkeep]
|-heal|p2a: frapfort 2|19/100|[from] item: Leftovers
|upkeep
|
|t:|1757932918
|switch|p1a: Darkrai|Darkrai|100/100
|turn|20
|
|t:|1757932921
|move|p2a: frapfort 2|Sucker Punch|p1a: Darkrai
|-resisted|p1a: Darkrai
|-damage|p1a: Darkrai|16/100
|move|p1a: Darkrai|Sludge Bomb|p2a: frapfort 2
|-supereffective|p2a: frapfort 2
|-damage|p2a: frapfort 2|0 fnt
|faint|p2a: frapfort 2
|-end|p2a: frapfort 2|fallen5|[silent]
|
|win|mayuhara
|raw|mayuhara's rating: 1529 &rarr; <strong>1547</strong><br />(+18 for winning)
|raw|matougris's rating: 1489 &rarr; <strong>1471</strong><br />(-18 for losing)
|c|☆mayuhara|gg
|l|☆matougris
|player|p2|
|l|☆mayuhara
|player|p1|
