|j|☆Polgo
|j|☆infinitehappiness
|t:|1757866973
|gametype|singles
|player|p1|Polgo|swimmer-gen4|1107
|player|p2|infinitehappiness|pokemonbreeder-gen4|1087
|gen|9
|tier|[Gen 9] OU
|rated|
|rule|HP Percentage Mod: HP is shown in percentages
|rule|Endless Battle Clause: Forcing endless battles is banned
|rule|Species Clause: Limit one of each Pokémon
|rule|OHKO Clause: OHKO moves are banned
|rule|Evasion Items Clause: Evasion items are banned
|rule|Evasion Moves Clause: Evasion moves are banned
|rule|Evasion Abilities Clause: Evasion abilities are banned
|rule|Sleep Moves Clause: Sleep-inducing moves are banned
|clearpoke
|poke|p1|Krookodile, F|
|poke|p1|Ariados, M|
|poke|p1|Scrafty, M|
|poke|p1|Drifblim, F|
|poke|p1|Dewgong, F|
|poke|p2|Florges-Blue, F|
|poke|p2|Goodra, M|
|poke|p2|Gyarados, F|
|poke|p2|Salazzle, F|
|poke|p2|Metagross|
|poke|p2|Tsareena, F|
|teampreview
|
|t:|1757866991
|teamsize|p1|5
|teamsize|p2|6
|start
|switch|p1a: Ariados|Ariados, M, shiny|100/100
|switch|p2a: Lizard|Salazzle, F|100/100
|-item|p2a: Lizard|Air Balloon
|turn|1
|
|t:|1757867002
|move|p2a: Lizard|Taunt|p1a: Ariados
|-start|p1a: Ariados|move: Taunt
|cant|p1a: Ariados|move: Taunt|Sticky Web
|
|upkeep
|turn|2
|
|t:|1757867008
|move|p2a: Lizard|Flamethrower|p1a: Ariados
|-supereffective|p1a: Ariados
|-enditem|p1a: Ariados|Focus Sash
|-damage|p1a: Ariados|1/100
|move|p1a: Ariados|Megahorn|p2a: Lizard
|-resisted|p2a: Lizard
|-damage|p2a: Lizard|61/100
|-enditem|p2a: Lizard|Air Balloon
|
|upkeep
|turn|3
|
|t:|1757867022
|move|p1a: Ariados|Sucker Punch|p2a: Lizard
|-damage|p2a: Lizard|21/100
|move|p2a: Lizard|Sludge Bomb|p1a: Ariados
|-resisted|p1a: Ariados
|-damage|p1a: Ariados|0 fnt
|faint|p1a: Ariados
|
|upkeep
|
|t:|1757867029
|switch|p1a: Dewgong|Dewgong, F, shiny|100/100
|turn|4
|
|t:|1757867035
|move|p1a: Dewgong|Fake Out|p2a: Lizard
|-damage|p2a: Lizard|9/100
|cant|p2a: Lizard|flinch
|
|upkeep
|turn|5
|
|t:|1757867043
|move|p2a: Lizard|Taunt|p1a: Dewgong
|-start|p1a: Dewgong|move: Taunt
|move|p1a: Dewgong|Flip Turn|p2a: Lizard
|-supereffective|p2a: Lizard
|-damage|p2a: Lizard|0 fnt
|faint|p2a: Lizard
|
|t:|1757867048
|switch|p1a: Drifblim|Drifblim, F, shiny|100/100|[from] Flip Turn
|
|-status|p1a: Drifblim|brn|[from] item: Flame Orb
|upkeep
|
|t:|1757867065
|switch|p2a: Tsareena|Tsareena, F|100/100
|turn|6
|
|t:|1757867071
|move|p1a: Drifblim|Trick|p2a: Tsareena
|-activate|p1a: Drifblim|move: Trick|[of] p2a: Tsareena
|-item|p2a: Tsareena|Flame Orb|[from] move: Trick
|-item|p1a: Drifblim|Rocky Helmet|[from] move: Trick
|move|p2a: Tsareena|Knock Off|p1a: Drifblim
|-supereffective|p1a: Drifblim
|-damage|p1a: Drifblim|22/100 brn
|-damage|p2a: Tsareena|84/100|[from] item: Rocky Helmet|[of] p1a: Drifblim
|-enditem|p1a: Drifblim|Rocky Helmet|[from] move: Knock Off|[of] p2a: Tsareena
|
|-damage|p1a: Drifblim|16/100 brn|[from] brn
|-status|p2a: Tsareena|brn|[from] item: Flame Orb
|upkeep
|turn|7
|
|t:|1757867084
|move|p1a: Drifblim|Strength Sap|p2a: Tsareena
|-unboost|p2a: Tsareena|atk|1
|-heal|p1a: Drifblim|100/100 brn
|move|p2a: Tsareena|Knock Off|p1a: Drifblim
|-supereffective|p1a: Drifblim
|-damage|p1a: Drifblim|83/100 brn
|
|-damage|p1a: Drifblim|76/100 brn|[from] brn
|-damage|p2a: Tsareena|78/100 brn|[from] brn
|upkeep
|turn|8
|inactive|Battle timer is ON: inactive players will automatically lose when time's up. (requested by Polgo)
|
|t:|1757867105
|switch|p2a: Kaidos|Gyarados, F|100/100
|-ability|p2a: Kaidos|Intimidate|boost
|-unboost|p1a: Drifblim|atk|1
|move|p1a: Drifblim|Air Slash|p2a: Kaidos
|-damage|p2a: Kaidos|53/100
|
|-damage|p1a: Drifblim|70/100 brn|[from] brn
|upkeep
|turn|9
|
|t:|1757867117
|move|p2a: Kaidos|Crunch|p1a: Drifblim
|-supereffective|p1a: Drifblim
|-damage|p1a: Drifblim|0 fnt
|faint|p1a: Drifblim
|-damage|p2a: Kaidos|43/100|[from] item: Life Orb
|
|upkeep
|
|t:|1757867124
|switch|p1a: Scrafty|Scrafty, M, shiny|100/100
|turn|10
|
|t:|1757867133
|move|p2a: Kaidos|Waterfall|p1a: Scrafty
|-damage|p1a: Scrafty|51/100
|-damage|p2a: Kaidos|33/100|[from] item: Life Orb
|move|p1a: Scrafty|Bulk Up|p1a: Scrafty
|-boost|p1a: Scrafty|atk|1
|-boost|p1a: Scrafty|def|1
|
|-heal|p1a: Scrafty|57/100|[from] item: Leftovers
|upkeep
|turn|11
|
|t:|1757867143
|-terastallize|p2a: Kaidos|Water
|move|p2a: Kaidos|Waterfall|p1a: Scrafty
|-damage|p1a: Scrafty|18/100
|-damage|p2a: Kaidos|23/100|[from] item: Life Orb
|move|p1a: Scrafty|Drain Punch|p2a: Kaidos
|-damage|p2a: Kaidos|0 fnt
|-heal|p1a: Scrafty|29/100|[from] drain|[of] p2a: Kaidos
|faint|p2a: Kaidos
|
|-heal|p1a: Scrafty|35/100|[from] item: Leftovers
|upkeep
|
|t:|1757867155
|switch|p2a: Echinacea|Florges-Blue, F|100/100
|turn|12
|
|t:|1757867160
|-terastallize|p1a: Scrafty|Poison
|move|p2a: Echinacea|Calm Mind|p2a: Echinacea
|-boost|p2a: Echinacea|spa|1
|-boost|p2a: Echinacea|spd|1
|move|p1a: Scrafty|Bulk Up|p1a: Scrafty
|-boost|p1a: Scrafty|atk|1
|-boost|p1a: Scrafty|def|1
|
|-heal|p1a: Scrafty|41/100|[from] item: Leftovers
|upkeep
|turn|13
|
|t:|1757867170
|move|p2a: Echinacea|Moonblast|p1a: Scrafty
|-resisted|p1a: Scrafty
|-damage|p1a: Scrafty|20/100
|-unboost|p1a: Scrafty|spa|1
|move|p1a: Scrafty|Drain Punch|p2a: Echinacea
|-resisted|p2a: Echinacea
|-damage|p2a: Echinacea|79/100
|-heal|p1a: Scrafty|31/100|[from] drain|[of] p2a: Echinacea
|
|-heal|p2a: Echinacea|85/100|[from] item: Leftovers
|-heal|p1a: Scrafty|37/100|[from] item: Leftovers
|upkeep
|turn|14
|
|t:|1757867180
|move|p2a: Echinacea|Calm Mind|p2a: Echinacea
|-boost|p2a: Echinacea|spa|1
|-boost|p2a: Echinacea|spd|1
|move|p1a: Scrafty|Rest|p1a: Scrafty
|-status|p1a: Scrafty|slp|[from] move: Rest
|-heal|p1a: Scrafty|100/100 slp|[silent]
|
|-heal|p2a: Echinacea|91/100|[from] item: Leftovers
|upkeep
|turn|15
|
|t:|1757867188
|move|p2a: Echinacea|Calm Mind|p2a: Echinacea
|-boost|p2a: Echinacea|spa|1
|-boost|p2a: Echinacea|spd|1
|cant|p1a: Scrafty|slp
|
|-heal|p2a: Echinacea|97/100|[from] item: Leftovers
|upkeep
|turn|16
|
|t:|1757867194
|move|p2a: Echinacea|Calm Mind|p2a: Echinacea
|-boost|p2a: Echinacea|spa|1
|-boost|p2a: Echinacea|spd|1
|cant|p1a: Scrafty|slp
|
|-heal|p2a: Echinacea|100/100|[from] item: Leftovers
|upkeep
|turn|17
|
|t:|1757867202
|move|p2a: Echinacea|Calm Mind|p2a: Echinacea
|-boost|p2a: Echinacea|spa|1
|-boost|p2a: Echinacea|spd|1
|-curestatus|p1a: Scrafty|slp|[msg]
|move|p1a: Scrafty|Bulk Up|p1a: Scrafty
|-boost|p1a: Scrafty|atk|1
|-boost|p1a: Scrafty|def|1
|
|upkeep
|turn|18
|
|t:|1757867209
|move|p2a: Echinacea|Moonblast|p1a: Scrafty
|-resisted|p1a: Scrafty
|-damage|p1a: Scrafty|53/100
|-unboost|p1a: Scrafty|spa|1
|move|p1a: Scrafty|Drain Punch|p2a: Echinacea
|-resisted|p2a: Echinacea
|-damage|p2a: Echinacea|74/100
|-heal|p1a: Scrafty|67/100|[from] drain|[of] p2a: Echinacea
|
|-heal|p2a: Echinacea|80/100|[from] item: Leftovers
|-heal|p1a: Scrafty|73/100|[from] item: Leftovers
|upkeep
|turn|19
|
|t:|1757867220
|move|p2a: Echinacea|Moonblast|p1a: Scrafty
|-resisted|p1a: Scrafty
|-damage|p1a: Scrafty|24/100
|move|p1a: Scrafty|Drain Punch|p2a: Echinacea
|-resisted|p2a: Echinacea
|-damage|p2a: Echinacea|55/100
|-heal|p1a: Scrafty|37/100|[from] drain|[of] p2a: Echinacea
|
|-heal|p2a: Echinacea|61/100|[from] item: Leftovers
|-heal|p1a: Scrafty|43/100|[from] item: Leftovers
|upkeep
|turn|20
|
|t:|1757867229
|move|p2a: Echinacea|Wish|p2a: Echinacea
|move|p1a: Scrafty|Payback|p2a: Echinacea
|-resisted|p2a: Echinacea
|-damage|p2a: Echinacea|30/100
|
|-heal|p2a: Echinacea|36/100|[from] item: Leftovers
|-heal|p1a: Scrafty|49/100|[from] item: Leftovers
|upkeep
|turn|21
|
|t:|1757867237
|move|p2a: Echinacea|Protect|p2a: Echinacea
|-singleturn|p2a: Echinacea|Protect
|move|p1a: Scrafty|Payback|p2a: Echinacea
|-activate|p2a: Echinacea|move: Protect
|
|-heal|p2a: Echinacea|86/100|[from] move: Wish|[wisher] Echinacea
|-heal|p2a: Echinacea|92/100|[from] item: Leftovers
|-heal|p1a: Scrafty|55/100|[from] item: Leftovers
|upkeep
|turn|22
|
|t:|1757867246
|move|p2a: Echinacea|Calm Mind|p2a: Echinacea
|-boost|p2a: Echinacea|spa|1
|-boost|p2a: Echinacea|spd|1
|move|p1a: Scrafty|Payback|p2a: Echinacea
|-resisted|p2a: Echinacea
|-crit|p2a: Echinacea
|-damage|p2a: Echinacea|45/100
|
|-heal|p2a: Echinacea|51/100|[from] item: Leftovers
|-heal|p1a: Scrafty|61/100|[from] item: Leftovers
|upkeep
|turn|23
|
|t:|1757867258
|move|p2a: Echinacea|Protect|p2a: Echinacea
|-singleturn|p2a: Echinacea|Protect
|move|p1a: Scrafty|Payback|p2a: Echinacea
|-activate|p2a: Echinacea|move: Protect
|
|-heal|p2a: Echinacea|57/100|[from] item: Leftovers
|-heal|p1a: Scrafty|67/100|[from] item: Leftovers
|upkeep
|turn|24
|
|t:|1757867265
|move|p2a: Echinacea|Wish|p2a: Echinacea
|move|p1a: Scrafty|Payback|p2a: Echinacea
|-resisted|p2a: Echinacea
|-damage|p2a: Echinacea|22/100
|
|-heal|p2a: Echinacea|28/100|[from] item: Leftovers
|-heal|p1a: Scrafty|73/100|[from] item: Leftovers
|upkeep
|turn|25
|
|t:|1757867271
|move|p2a: Echinacea|Protect|p2a: Echinacea
|-singleturn|p2a: Echinacea|Protect
|move|p1a: Scrafty|Bulk Up|p1a: Scrafty
|-boost|p1a: Scrafty|atk|1
|-boost|p1a: Scrafty|def|1
|
|-heal|p2a: Echinacea|78/100|[from] move: Wish|[wisher] Echinacea
|-heal|p2a: Echinacea|84/100|[from] item: Leftovers
|-heal|p1a: Scrafty|79/100|[from] item: Leftovers
|upkeep
|turn|26
|
|t:|1757867280
|move|p2a: Echinacea|Wish|p2a: Echinacea
|move|p1a: Scrafty|Payback|p2a: Echinacea
|-resisted|p2a: Echinacea
|-damage|p2a: Echinacea|44/100
|
|-heal|p2a: Echinacea|50/100|[from] item: Leftovers
|-heal|p1a: Scrafty|85/100|[from] item: Leftovers
|upkeep
|turn|27
|
|t:|1757867287
|move|p2a: Echinacea|Protect|p2a: Echinacea
|-singleturn|p2a: Echinacea|Protect
|move|p1a: Scrafty|Payback|p2a: Echinacea
|-activate|p2a: Echinacea|move: Protect
|
|-heal|p2a: Echinacea|99/100|[from] move: Wish|[wisher] Echinacea
|-heal|p2a: Echinacea|100/100|[from] item: Leftovers
|-heal|p1a: Scrafty|91/100|[from] item: Leftovers
|upkeep
|turn|28
|
|t:|1757867296
|move|p2a: Echinacea|Moonblast|p1a: Scrafty
|-resisted|p1a: Scrafty
|-damage|p1a: Scrafty|34/100
|-unboost|p1a: Scrafty|spa|1
|move|p1a: Scrafty|Payback|p2a: Echinacea
|-resisted|p2a: Echinacea
|-damage|p2a: Echinacea|60/100
|
|-heal|p2a: Echinacea|67/100|[from] item: Leftovers
|-heal|p1a: Scrafty|40/100|[from] item: Leftovers
|upkeep
|turn|29
|
|t:|1757867305
|move|p2a: Echinacea|Moonblast|p1a: Scrafty
|-resisted|p1a: Scrafty
|-damage|p1a: Scrafty|0 fnt
|faint|p1a: Scrafty
|
|-heal|p2a: Echinacea|73/100|[from] item: Leftovers
|upkeep
|
|t:|1757867308
|switch|p1a: Krookodile|Krookodile, F, shiny|100/100
|turn|30
|
|t:|1757867312
|move|p1a: Krookodile|Earthquake|p2a: Echinacea
|-damage|p2a: Echinacea|33/100
|move|p2a: Echinacea|Moonblast|p1a: Krookodile
|-supereffective|p1a: Krookodile
|-damage|p1a: Krookodile|0 fnt
|faint|p1a: Krookodile
|
|-heal|p2a: Echinacea|39/100|[from] item: Leftovers
|upkeep
|-message|Polgo forfeited.
|
|win|infinitehappiness
|raw|Polgo's rating: 1107 &rarr; <strong>1081</strong><br />(-26 for losing)
|raw|infinitehappiness's rating: 1087 &rarr; <strong>1115</strong><br />(+28 for winning)
|l|☆Polgo
|player|p1|
|l|☆infinitehappiness
|player|p2|
