|j|☆pbjojo
|j|☆Durianelitemandem
|t:|1757822787
|gametype|singles
|player|p1|pbjojo|hoopster|1308
|player|p2|Durianelitemandem|lucas|1347
|gen|9
|tier|[Gen 9] OU
|rated|
|rule|HP Percentage Mod: HP is shown in percentages
|rule|Endless Battle Clause: Forcing endless battles is banned
|rule|Species Clause: Limit one of each Pokémon
|rule|OHKO Clause: OHKO moves are banned
|rule|Evasion Items Clause: Evasion items are banned
|rule|Evasion Moves Clause: Evasion moves are banned
|rule|Evasion Abilities Clause: Evasion abilities are banned
|rule|Sleep Moves Clause: Sleep-inducing moves are banned
|clearpoke
|poke|p1|Zamazenta-*|
|poke|p1|Pecharunt|
|poke|p1|Kyurem|
|poke|p1|Ninetales-Alola, F|
|poke|p1|Araquanid, F|
|poke|p1|Avalugg, M|
|poke|p2|Latios, M|
|poke|p2|Meowscarada, M|
|poke|p2|Cinderace, M|
|poke|p2|Pecharunt|
|poke|p2|Ting-Lu|
|poke|p2|Great Tusk|
|teampreview
|inactive|Battle timer is ON: inactive players will automatically lose when time's up. (requested by Durianelitemandem)
|
|t:|1757822793
|teamsize|p1|6
|teamsize|p2|6
|start
|switch|p1a: hehe|Ninetales-Alola, F, shiny|100/100
|switch|p2a: Latios|Latios, M|100/100
|-weather|Snowscape|[from] ability: Snow Warning|[of] p1a: hehe
|turn|1
|
|t:|1757822805
|move|p2a: Latios|Luster Purge|p1a: hehe
|-damage|p1a: hehe|8/100
|move|p1a: hehe|Blizzard|p2a: Latios
|-supereffective|p2a: Latios
|-damage|p2a: Latios|11/100
|
|-weather|Snowscape|[upkeep]
|upkeep
|turn|2
|
|t:|1757822833
|switch|p1a: spidy|Araquanid, F, shiny|100/100
|move|p2a: Latios|Luster Purge|p1a: spidy
|-damage|p1a: spidy|55/100
|
|-weather|Snowscape|[upkeep]
|upkeep
|turn|3
|
|t:|1757822843
|switch|p2a: Cinderace|Cinderace, M|100/100
|move|p1a: spidy|Liquidation|p2a: Cinderace
|-supereffective|p2a: Cinderace
|-damage|p2a: Cinderace|0 fnt
|faint|p2a: Cinderace
|
|-weather|Snowscape|[upkeep]
|upkeep
|
|t:|1757822850
|switch|p2a: Latios|Latios, M|11/100
|turn|4
|
|t:|1757822855
|move|p2a: Latios|Draco Meteor|p1a: spidy
|-damage|p1a: spidy|0 fnt
|-unboost|p2a: Latios|spa|2
|faint|p1a: spidy
|
|-weather|Snowscape|[upkeep]
|upkeep
|
|t:|1757822874
|switch|p1a: hehe|Ninetales-Alola, F, shiny|8/100
|turn|5
|
|t:|1757822879
|switch|p2a: Pecharunt|Pecharunt|100/100
|-item|p2a: Pecharunt|Air Balloon
|move|p1a: hehe|Aurora Veil|p1a: hehe
|-sidestart|p1: pbjojo|move: Aurora Veil
|
|-weather|Snowscape|[upkeep]
|upkeep
|turn|6
|
|t:|1757822900
|switch|p1a: zaza|Zamazenta, shiny|100/100
|-ability|p1a: zaza|Dauntless Shield|boost
|-boost|p1a: zaza|def|1
|move|p2a: Pecharunt|Parting Shot|p1a: zaza
|-unboost|p1a: zaza|atk|1
|-unboost|p1a: zaza|spa|1
|
|t:|1757822907
|switch|p2a: Great Tusk|Great Tusk|100/100|[from] Parting Shot
|
|-weather|Snowscape|[upkeep]
|upkeep
|turn|7
|
|t:|1757822923
|switch|p1a: TABLE|Avalugg, M|100/100
|move|p2a: Great Tusk|Rapid Spin|p1a: TABLE
|-damage|p1a: TABLE|98/100
|-boost|p2a: Great Tusk|spe|1
|
|-weather|Snowscape|[upkeep]
|-heal|p1a: TABLE|100/100|[from] ability: Ice Body
|upkeep
|turn|8
|
|t:|1757822934
|-end|p2a: Great Tusk|Protosynthesis|[silent]
|switch|p2a: Pecharunt|Pecharunt|100/100
|-item|p2a: Pecharunt|Air Balloon
|move|p1a: TABLE|Avalanche|p2a: Pecharunt
|-damage|p2a: Pecharunt|85/100
|-enditem|p2a: Pecharunt|Air Balloon
|
|-weather|none
|upkeep
|turn|9
|
|t:|1757822944
|move|p2a: Pecharunt|Shadow Ball|p1a: TABLE
|-damage|p1a: TABLE|80/100
|move|p1a: TABLE|Earthquake|p2a: Pecharunt
|-supereffective|p2a: Pecharunt
|-damage|p2a: Pecharunt|56/100
|
|-heal|p1a: TABLE|86/100|[from] item: Leftovers
|-sideend|p1: pbjojo|move: Aurora Veil
|upkeep
|turn|10
|
|t:|1757822959
|move|p2a: Pecharunt|Shadow Ball|p1a: TABLE
|-damage|p1a: TABLE|47/100
|move|p1a: TABLE|Earthquake|p2a: Pecharunt
|-supereffective|p2a: Pecharunt
|-damage|p2a: Pecharunt|23/100
|
|-heal|p1a: TABLE|53/100|[from] item: Leftovers
|upkeep
|turn|11
|
|t:|1757822976
|move|p2a: Pecharunt|Recover|p2a: Pecharunt
|-heal|p2a: Pecharunt|73/100
|move|p1a: TABLE|Avalanche|p2a: Pecharunt
|-damage|p2a: Pecharunt|59/100
|
|-heal|p1a: TABLE|59/100|[from] item: Leftovers
|upkeep
|turn|12
|
|t:|1757822982
|move|p2a: Pecharunt|Shadow Ball|p1a: TABLE
|-damage|p1a: TABLE|22/100
|move|p1a: TABLE|Earthquake|p2a: Pecharunt
|-supereffective|p2a: Pecharunt
|-damage|p2a: Pecharunt|29/100
|
|-heal|p1a: TABLE|28/100|[from] item: Leftovers
|upkeep
|turn|13
|
|t:|1757822997
|move|p2a: Pecharunt|Recover|p2a: Pecharunt
|-heal|p2a: Pecharunt|79/100
|move|p1a: TABLE|Recover|p1a: TABLE
|-heal|p1a: TABLE|78/100
|
|-heal|p1a: TABLE|84/100|[from] item: Leftovers
|upkeep
|turn|14
|
|t:|1757823002
|move|p2a: Pecharunt|Shadow Ball|p1a: TABLE
|-damage|p1a: TABLE|46/100
|move|p1a: TABLE|Earthquake|p2a: Pecharunt
|-supereffective|p2a: Pecharunt
|-damage|p2a: Pecharunt|45/100
|
|-heal|p1a: TABLE|52/100|[from] item: Leftovers
|upkeep
|turn|15
|
|t:|1757823007
|move|p2a: Pecharunt|Shadow Ball|p1a: TABLE
|-damage|p1a: TABLE|11/100
|move|p1a: TABLE|Recover|p1a: TABLE
|-heal|p1a: TABLE|61/100
|
|-heal|p1a: TABLE|67/100|[from] item: Leftovers
|upkeep
|turn|16
|
|t:|1757823011
|move|p2a: Pecharunt|Shadow Ball|p1a: TABLE
|-damage|p1a: TABLE|26/100
|move|p1a: TABLE|Earthquake|p2a: Pecharunt
|-supereffective|p2a: Pecharunt
|-damage|p2a: Pecharunt|13/100
|
|-heal|p1a: TABLE|32/100|[from] item: Leftovers
|upkeep
|turn|17
|
|t:|1757823033
|move|p2a: Pecharunt|Shadow Ball|p1a: TABLE
|-damage|p1a: TABLE|0 fnt
|faint|p1a: TABLE
|
|upkeep
|
|t:|1757823044
|switch|p1a: zaza|Zamazenta, shiny|100/100
|turn|18
|
|t:|1757823052
|switch|p2a: Great Tusk|Great Tusk|100/100
|move|p1a: zaza|Crunch|p2a: Great Tusk
|-resisted|p2a: Great Tusk
|-damage|p2a: Great Tusk|87/100
|-damage|p1a: zaza|84/100|[from] item: Rocky Helmet|[of] p2a: Great Tusk
|-damage|p1a: zaza|74/100|[from] item: Life Orb
|
|upkeep
|turn|19
|
|t:|1757823065
|move|p1a: zaza|Close Combat|p2a: Great Tusk
|-damage|p2a: Great Tusk|27/100
|-unboost|p1a: zaza|def|1
|-unboost|p1a: zaza|spd|1
|-damage|p1a: zaza|57/100|[from] item: Rocky Helmet|[of] p2a: Great Tusk
|-damage|p1a: zaza|48/100|[from] item: Life Orb
|move|p2a: Great Tusk|Rapid Spin|p1a: zaza
|-damage|p1a: zaza|22/100
|-boost|p2a: Great Tusk|spe|1
|
|upkeep
|turn|20
|
|t:|1757823076
|move|p2a: Great Tusk|Ice Spinner|p1a: zaza
|-damage|p1a: zaza|0 fnt
|faint|p1a: zaza
|
|upkeep
|
|t:|1757823099
|switch|p1a: kaiju|Kyurem, shiny|100/100
|-ability|p1a: kaiju|Pressure
|turn|21
|
|t:|1757823108
|-terastallize|p1a: kaiju|Ground
|move|p2a: Great Tusk|Close Combat|p1a: kaiju
|-damage|p1a: kaiju|41/100
|-unboost|p2a: Great Tusk|def|1
|-unboost|p2a: Great Tusk|spd|1
|move|p1a: kaiju|Freeze-Dry|p2a: Great Tusk
|-supereffective|p2a: Great Tusk
|-damage|p2a: Great Tusk|0 fnt
|faint|p2a: Great Tusk
|-end|p2a: Great Tusk|Protosynthesis|[silent]
|
|upkeep
|
|t:|1757823113
|switch|p2a: Meowscarada|Meowscarada, M|100/100
|turn|22
|
|t:|1757823128
|switch|p1a: fukmedry|Pecharunt|100/100
|move|p2a: Meowscarada|Triple Axel|p1a: fukmedry
|-start|p2a: Meowscarada|typechange|Ice|[from] ability: Protean
|-damage|p1a: fukmedry|95/100
|-damage|p1a: fukmedry|84/100
|-damage|p1a: fukmedry|68/100
|-hitcount|p1a: fukmedry|3
|
|upkeep
|turn|23
|
|t:|1757823138
|switch|p2a: Pecharunt|Pecharunt|13/100
|move|p1a: fukmedry|Malignant Chain|p2a: Pecharunt
|-resisted|p2a: Pecharunt
|-damage|p2a: Pecharunt|5/100
|
|upkeep
|turn|24
|
|t:|1757823145
|move|p1a: fukmedry|Hex|p2a: Pecharunt
|-supereffective|p2a: Pecharunt
|-damage|p2a: Pecharunt|0 fnt
|faint|p2a: Pecharunt
|
|upkeep
|
|t:|1757823149
|switch|p2a: Latios|Latios, M|11/100
|turn|25
|
|t:|1757823162
|move|p2a: Latios|Luster Purge|p1a: fukmedry
|-supereffective|p1a: fukmedry
|-damage|p1a: fukmedry|0 fnt
|faint|p1a: fukmedry
|
|upkeep
|
|t:|1757823178
|switch|p1a: hehe|Ninetales-Alola, F, shiny|8/100
|-weather|Snowscape|[from] ability: Snow Warning|[of] p1a: hehe
|turn|26
|
|t:|1757823185
|move|p2a: Latios|Luster Purge|p1a: hehe
|-damage|p1a: hehe|0 fnt
|faint|p1a: hehe
|
|-weather|Snowscape|[upkeep]
|upkeep
|
|t:|1757823187
|switch|p1a: kaiju|Kyurem, shiny, tera:Ground|41/100
|-ability|p1a: kaiju|Pressure
|turn|27
|
|t:|1757823192
|move|p2a: Latios|Luster Purge|p1a: kaiju
|-damage|p1a: kaiju|0 fnt
|faint|p1a: kaiju
|
|win|Durianelitemandem
|raw|pbjojo's rating: 1308 &rarr; <strong>1290</strong><br />(-18 for losing)
|raw|Durianelitemandem's rating: 1347 &rarr; <strong>1365</strong><br />(+18 for winning)
|l|☆pbjojo
|player|p1|
|l|☆Durianelitemandem
|player|p2|
