|j|☆ciantaihou
|j|☆Eel56
|t:|1757826440
|gametype|singles
|player|p1|ciantaihou|bellelba|1758
|player|p2|Eel56|266|1708
|gen|9
|tier|[Gen 9] OU
|rated|
|rule|HP Percentage Mod: HP is shown in percentages
|rule|Endless Battle Clause: Forcing endless battles is banned
|rule|Species Clause: Limit one of each Pokémon
|rule|OHKO Clause: OHKO moves are banned
|rule|Evasion Items Clause: Evasion items are banned
|rule|Evasion Moves Clause: Evasion moves are banned
|rule|Evasion Abilities Clause: Evasion abilities are banned
|rule|Sleep Moves Clause: Sleep-inducing moves are banned
|clearpoke
|poke|p1|Ursaluna, F|
|poke|p1|Torkoal, F|
|poke|p1|Hoopa-Unbound|
|poke|p1|Cresselia, F|
|poke|p1|Hatterene, F|
|poke|p1|Enamorus-Therian, F|
|poke|p2|Gholdengo|
|poke|p2|Zamazenta-*|
|poke|p2|Ting-Lu|
|poke|p2|Clefable, F|
|poke|p2|Dragonite, M|
|poke|p2|Deoxys-Speed|
|teampreview
|
|t:|1757826453
|teamsize|p1|6
|teamsize|p2|6
|start
|switch|p1a: Hatterene|Hatterene, F|100/100
|switch|p2a: Djengo Unrained|Gholdengo|100/100
|turn|1
|
|t:|1757826470
|switch|p1a: Ursaluna|Ursaluna, F|100/100
|move|p2a: Djengo Unrained|Make It Rain|p1a: Ursaluna
|-damage|p1a: Ursaluna|53/100
|-unboost|p2a: Djengo Unrained|spa|1
|
|-status|p1a: Ursaluna|brn|[from] item: Flame Orb
|upkeep
|turn|2
|j| gamebattle$
|
|t:|1757826492
|switch|p2a: Moonrock 350|Clefable, F|100/100
|move|p1a: Ursaluna|Facade|p2a: Moonrock 350
|-damage|p2a: Moonrock 350|10/100
|-damage|p1a: Ursaluna|36/100 brn|[from] item: Rocky Helmet|[of] p2a: Moonrock 350
|
|-damage|p1a: Ursaluna|30/100 brn|[from] brn
|upkeep
|turn|3
|
|t:|1757826505
|switch|p2a: Djengo Unrained|Gholdengo|100/100
|switch|p1a: Hatterene|Hatterene, F|100/100
|
|upkeep
|turn|4
|
|t:|1757826515
|switch|p1a: Hoopa|Hoopa-Unbound|100/100
|move|p2a: Djengo Unrained|Nasty Plot|p2a: Djengo Unrained
|-boost|p2a: Djengo Unrained|spa|2
|
|upkeep
|turn|5
|
|t:|1757826522
|move|p2a: Djengo Unrained|Make It Rain|p1a: Hoopa
|-damage|p1a: Hoopa|12/100
|-unboost|p2a: Djengo Unrained|spa|1
|move|p1a: Hoopa|Trick Room|p1a: Hoopa
|-fieldstart|move: Trick Room|[of] p1a: Hoopa
|
|upkeep
|turn|6
|
|t:|1757826532
|switch|p2a: Up Bowl On Em|Ting-Lu|100/100
|-ability|p2a: Up Bowl On Em|Vessel of Ruin
|move|p1a: Hoopa|Hyperspace Fury|p2a: Up Bowl On Em
|-resisted|p2a: Up Bowl On Em
|-damage|p2a: Up Bowl On Em|82/100
|-unboost|p1a: Hoopa|def|1
|-enditem|p1a: Hoopa|Eject Pack
|
|t:|1757826541
|switch|p1a: Enamorus|Enamorus-Therian, F|100/100
|
|-heal|p2a: Up Bowl On Em|89/100|[from] item: Leftovers
|upkeep
|turn|7
|
|t:|1757826548
|-terastallize|p1a: Enamorus|Fairy
|move|p1a: Enamorus|Moonblast|p2a: Up Bowl On Em
|-supereffective|p2a: Up Bowl On Em
|-damage|p2a: Up Bowl On Em|0 fnt
|faint|p2a: Up Bowl On Em
|
|upkeep
|
|t:|1757826556
|switch|p2a: Djengo Unrained|Gholdengo|100/100
|turn|8
|
|t:|1757826559
|move|p1a: Enamorus|Moonblast|p2a: Djengo Unrained
|-resisted|p2a: Djengo Unrained
|-damage|p2a: Djengo Unrained|50/100
|move|p2a: Djengo Unrained|Make It Rain|p1a: Enamorus
|-supereffective|p1a: Enamorus
|-damage|p1a: Enamorus|2/100
|-unboost|p2a: Djengo Unrained|spa|1
|
|upkeep
|turn|9
|j| 54 Insane Rats
|
|t:|1757826574
|switch|p2a: Moonrock 350|Clefable, F|10/100
|move|p1a: Enamorus|Moonblast|p2a: Moonrock 350
|-damage|p2a: Moonrock 350|0 fnt
|faint|p2a: Moonrock 350
|
|-fieldend|move: Trick Room
|upkeep
|
|t:|1757826579
|switch|p2a: Djengo Unrained|Gholdengo|50/100
|turn|10
|
|t:|1757826594
|switch|p1a: Hoopa|Hoopa-Unbound|12/100
|move|p2a: Djengo Unrained|Shadow Ball|p1a: Hoopa
|-damage|p1a: Hoopa|0 fnt
|faint|p1a: Hoopa
|
|upkeep
|
|t:|1757826603
|switch|p1a: Torkoal|Torkoal, F, shiny|100/100
|-weather|SunnyDay|[from] ability: Drought|[of] p1a: Torkoal
|turn|11
|
|t:|1757826630
|switch|p2a: Dude Nasty Asf|Deoxys-Speed|100/100
|-ability|p2a: Dude Nasty Asf|Pressure
|move|p1a: Torkoal|Eruption|p2a: Dude Nasty Asf
|-damage|p2a: Dude Nasty Asf|0 fnt
|faint|p2a: Dude Nasty Asf
|
|-weather|SunnyDay|[upkeep]
|upkeep
|
|t:|1757826638
|switch|p2a: Secret Service|Dragonite, M|100/100
|turn|12
|l| gamebattle$
|
|t:|1757826644
|move|p2a: Secret Service|Earthquake|p1a: Torkoal
|-supereffective|p1a: Torkoal
|-damage|p1a: Torkoal|38/100
|move|p1a: Torkoal|Eruption|p2a: Secret Service
|-resisted|p2a: Secret Service
|-damage|p2a: Secret Service|89/100
|
|-weather|SunnyDay|[upkeep]
|upkeep
|turn|13
|
|t:|1757826656
|switch|p1a: Cresselia|Cresselia, F|100/100
|move|p2a: Secret Service|Roost|p2a: Secret Service
|-heal|p2a: Secret Service|100/100
|-singleturn|p2a: Secret Service|move: Roost
|
|-weather|SunnyDay|[upkeep]
|upkeep
|turn|14
|
|t:|1757826665
|move|p2a: Secret Service|Dragon Tail|p1a: Cresselia
|-damage|p1a: Cresselia|80/100
|drag|p1a: Hatterene|Hatterene, F|100/100
|
|-weather|SunnyDay|[upkeep]
|upkeep
|turn|15
|
|t:|1757826671
|-terastallize|p2a: Secret Service|Normal
|move|p2a: Secret Service|Extreme Speed|p1a: Hatterene
|-damage|p1a: Hatterene|54/100
|move|p1a: Hatterene|Dazzling Gleam|p2a: Secret Service
|-damage|p2a: Secret Service|82/100
|
|-weather|none
|upkeep
|turn|16
|j| Noob 0_o
|
|t:|1757826683
|move|p2a: Secret Service|Extreme Speed|p1a: Hatterene
|-damage|p1a: Hatterene|3/100
|move|p1a: Hatterene|Healing Wish|p1a: Hatterene
|faint|p1a: Hatterene
|
|upkeep
|
|t:|1757826690
|switch|p1a: Enamorus|Enamorus-Therian, F, tera:Fairy|2/100
|-heal|p1a: Enamorus|100/100|[from] move: Healing Wish
|turn|17
|
|t:|1757826700
|switch|p2a: CClifford|Zamazenta|100/100
|-ability|p2a: CClifford|Dauntless Shield|boost
|-boost|p2a: CClifford|def|1
|move|p1a: Enamorus|Moonblast|p2a: CClifford
|-supereffective|p2a: CClifford
|-damage|p2a: CClifford|0 fnt
|faint|p2a: CClifford
|
|upkeep
|
|t:|1757826701
|switch|p2a: Djengo Unrained|Gholdengo|50/100
|turn|18
|
|t:|1757826716
|switch|p1a: Ursaluna|Ursaluna, F|30/100 brn
|move|p2a: Djengo Unrained|Recover|p2a: Djengo Unrained
|-heal|p2a: Djengo Unrained|100/100
|
|-damage|p1a: Ursaluna|24/100 brn|[from] brn
|upkeep
|turn|19
|
|t:|1757826731
|move|p2a: Djengo Unrained|Make It Rain|p1a: Ursaluna
|-crit|p1a: Ursaluna
|-damage|p1a: Ursaluna|0 fnt
|-unboost|p2a: Djengo Unrained|spa|1
|faint|p1a: Ursaluna
|
|upkeep
|
|t:|1757826739
|switch|p1a: Cresselia|Cresselia, F|80/100
|turn|20
|
|t:|1757826744
|switch|p2a: Secret Service|Dragonite, M, tera:Normal|82/100
|move|p1a: Cresselia|Trick Room|p1a: Cresselia
|-fieldstart|move: Trick Room|[of] p1a: Cresselia
|
|-heal|p1a: Cresselia|86/100|[from] item: Leftovers
|upkeep
|turn|21
|
|t:|1757826753
|move|p1a: Cresselia|Lunar Dance|p1a: Cresselia
|faint|p1a: Cresselia
|move|p2a: Secret Service|Roost|p2a: Secret Service
|-heal|p2a: Secret Service|100/100
|
|upkeep
|
|t:|1757826760
|switch|p1a: Enamorus|Enamorus-Therian, F, tera:Fairy|100/100
|-heal|p1a: Enamorus|100/100|[from] move: Lunar Dance
|turn|22
|
|t:|1757826766
|move|p1a: Enamorus|Moonblast|p2a: Secret Service
|-damage|p2a: Secret Service|48/100
|-unboost|p2a: Secret Service|spa|1
|move|p2a: Secret Service|Roost|p2a: Secret Service
|-heal|p2a: Secret Service|98/100
|
|upkeep
|turn|23
|l| 54 Insane Rats
|
|t:|1757826774
|move|p2a: Secret Service|Extreme Speed|p1a: Enamorus
|-damage|p1a: Enamorus|61/100
|move|p1a: Enamorus|Moonblast|p2a: Secret Service
|-damage|p2a: Secret Service|0 fnt
|faint|p2a: Secret Service
|
|upkeep
|
|t:|1757826777
|switch|p2a: Djengo Unrained|Gholdengo|100/100
|turn|24
|
|t:|1757826785
|move|p1a: Enamorus|Moonblast|p2a: Djengo Unrained
|-resisted|p2a: Djengo Unrained
|-damage|p2a: Djengo Unrained|49/100
|move|p2a: Djengo Unrained|Nasty Plot|p2a: Djengo Unrained
|-boost|p2a: Djengo Unrained|spa|2
|
|-fieldend|move: Trick Room
|upkeep
|turn|25
|j| 54 Insane Rats
|
|t:|1757826797
|move|p2a: Djengo Unrained|Make It Rain|p1a: Enamorus
|-supereffective|p1a: Enamorus
|-damage|p1a: Enamorus|0 fnt
|-unboost|p2a: Djengo Unrained|spa|1
|faint|p1a: Enamorus
|
|upkeep
|
|t:|1757826804
|switch|p1a: Torkoal|Torkoal, F, shiny|38/100
|-weather|SunnyDay|[from] ability: Drought|[of] p1a: Torkoal
|turn|26
|
|t:|1757826810
|move|p2a: Djengo Unrained|Shadow Ball|p1a: Torkoal
|-crit|p1a: Torkoal
|-damage|p1a: Torkoal|0 fnt
|faint|p1a: Torkoal
|
|win|Eel56
|raw|ciantaihou's rating: 1758 &rarr; <strong>1735</strong><br />(-23 for losing)
|raw|Eel56's rating: 1708 &rarr; <strong>1731</strong><br />(+23 for winning)
|l| Noob 0_o
|l|☆Eel56
|player|p2|
|l| 54 Insane Rats
|l|☆ciantaihou
|player|p1|
