|j|☆Droid17
|j|☆oinkolog
|t:|1757836687
|gametype|singles
|player|p1|Droid17|169|1368
|player|p2|oinkolog|bertha|1323
|gen|9
|tier|[Gen 9] OU
|rated|
|rule|HP Percentage Mod: HP is shown in percentages
|rule|Endless Battle Clause: Forcing endless battles is banned
|rule|Species Clause: Limit one of each Pokémon
|rule|OHKO Clause: OHKO moves are banned
|rule|Evasion Items Clause: Evasion items are banned
|rule|Evasion Moves Clause: Evasion moves are banned
|rule|Evasion Abilities Clause: Evasion abilities are banned
|rule|Sleep Moves Clause: Sleep-inducing moves are banned
|clearpoke
|poke|p1|Tyranitar, F|
|poke|p1|Rillaboom, M|
|poke|p1|Garchomp, F|
|poke|p1|Clefable, M|
|poke|p1|Gholdengo|
|poke|p1|Excadrill, F|
|poke|p2|Weezing-Galar, F|
|poke|p2|Gallade, M|
|poke|p2|Garganacl, M|
|poke|p2|Ogerpon-Wellspring, F|
|poke|p2|Darkrai|
|poke|p2|Thundurus-Therian, M|
|teampreview
|
|t:|1757836726
|teamsize|p1|6
|teamsize|p2|6
|start
|switch|p1a: Clefable|Clefable, M|100/100
|switch|p2a: hero|Weezing-Galar, F, shiny|100/100
|-ability|p2a: hero|Neutralizing Gas
|turn|1
|inactive|Battle timer is ON: inactive players will automatically lose when time's up. (requested by oinkolog)
|
|t:|1757836731
|move|p1a: Clefable|Thunder Wave|p2a: hero
|-status|p2a: hero|par
|move|p2a: hero|Will-O-Wisp|p1a: Clefable|[miss]
|-miss|p2a: hero|p1a: Clefable
|
|upkeep
|turn|2
|inactive|Droid17 has 120 seconds left.
|
|t:|1757836768
|switch|p1a: Gholdengo|Gholdengo|100/100
|cant|p2a: hero|par
|
|upkeep
|turn|3
|inactive|Droid17 has 120 seconds left.
|
|t:|1757836784
|-end|p2a: hero|ability: Neutralizing Gas
|switch|p2a: Thundurus|Thundurus-Therian, M|100/100
|move|p1a: Gholdengo|Shadow Ball|p2a: Thundurus
|-damage|p2a: Thundurus|48/100
|
|upkeep
|turn|4
|
|t:|1757836795
|switch|p1a: Garchomp|Garchomp, F|100/100
|move|p2a: Thundurus|Dark Pulse|p1a: Garchomp
|-damage|p1a: Garchomp|67/100
|
|upkeep
|turn|5
|
|t:|1757836811
|move|p2a: Thundurus|Dark Pulse|p1a: Garchomp
|-damage|p1a: Garchomp|31/100
|move|p1a: Garchomp|Stealth Rock|p2a: Thundurus
|-sidestart|p2: oinkolog|move: Stealth Rock
|
|upkeep
|turn|6
|
|t:|1757836817
|switch|p1a: Tyranitar|Tyranitar, F|100/100
|-weather|Sandstorm|[from] ability: Sand Stream|[of] p1a: Tyranitar
|move|p2a: Thundurus|Dark Pulse|p1a: Tyranitar
|-resisted|p1a: Tyranitar
|-damage|p1a: Tyranitar|94/100
|
|-weather|Sandstorm|[upkeep]
|-damage|p2a: Thundurus|42/100|[from] Sandstorm
|upkeep
|turn|7
|
|t:|1757836822
|move|p2a: Thundurus|Dark Pulse|p1a: Tyranitar
|-resisted|p1a: Tyranitar
|-damage|p1a: Tyranitar|89/100
|move|p1a: Tyranitar|Knock Off|p2a: Thundurus
|-damage|p2a: Thundurus|0 fnt
|-enditem|p2a: Thundurus|Choice Scarf|[from] move: Knock Off|[of] p1a: Tyranitar
|faint|p2a: Thundurus
|
|-weather|Sandstorm|[upkeep]
|upkeep
|
|t:|1757836829
|switch|p2a: hero|Weezing-Galar, F, shiny|100/100 par
|-ability|p2a: hero|Neutralizing Gas
|turn|8
|
|t:|1757836835
|move|p1a: Tyranitar|Heavy Slam|p2a: hero
|-supereffective|p2a: hero
|-damage|p2a: hero|38/100 par
|move|p2a: hero|Will-O-Wisp|p1a: Tyranitar
|-status|p1a: Tyranitar|brn
|
|-weather|Sandstorm|[upkeep]
|-damage|p2a: hero|32/100 par|[from] Sandstorm
|-damage|p1a: Tyranitar|82/100 brn|[from] brn
|upkeep
|turn|9
|
|t:|1757836844
|move|p1a: Tyranitar|Knock Off|p2a: hero
|-resisted|p2a: hero
|-damage|p2a: hero|24/100 par
|-enditem|p2a: hero|Heavy-Duty Boots|[from] move: Knock Off|[of] p1a: Tyranitar
|move|p2a: hero|Defog|p1a: Tyranitar
|-unboost|p1a: Tyranitar|evasion|1
|-sideend|p2: oinkolog|Stealth Rock|[from] move: Defog|[of] p2a: hero
|
|-weather|Sandstorm|[upkeep]
|-damage|p2a: hero|18/100 par|[from] Sandstorm
|-damage|p1a: Tyranitar|76/100 brn|[from] brn
|upkeep
|turn|10
|
|t:|1757836855
|move|p1a: Tyranitar|Rock Blast|p2a: hero
|-damage|p2a: hero|13/100 par
|-damage|p2a: hero|8/100 par
|-hitcount|p2a: hero|2
|move|p2a: hero|Strange Steam|p1a: Tyranitar
|-supereffective|p1a: Tyranitar
|-damage|p1a: Tyranitar|58/100 brn
|
|-weather|none
|-damage|p1a: Tyranitar|52/100 brn|[from] brn
|upkeep
|turn|11
|
|t:|1757836865
|move|p1a: Tyranitar|Knock Off|p2a: hero
|-resisted|p2a: hero
|-damage|p2a: hero|3/100 par
|cant|p2a: hero|par
|
|-damage|p1a: Tyranitar|46/100 brn|[from] brn
|upkeep
|turn|12
|
|t:|1757836871
|move|p1a: Tyranitar|Knock Off|p2a: hero
|-resisted|p2a: hero
|-damage|p2a: hero|0 fnt
|faint|p2a: hero
|-end|p2a: hero|ability: Neutralizing Gas
|-weather|Sandstorm|[from] ability: Sand Stream|[of] p1a: Tyranitar
|
|-weather|Sandstorm|[upkeep]
|-damage|p1a: Tyranitar|40/100 brn|[from] brn
|upkeep
|c|☆Droid17|Can’t get a play right for the life of me😭😭
|
|t:|1757836885
|switch|p2a: Garganacl|Garganacl, M|100/100
|turn|13
|
|t:|1757836888
|move|p1a: Tyranitar|Knock Off|p2a: Garganacl
|-damage|p2a: Garganacl|82/100
|-enditem|p2a: Garganacl|Leftovers|[from] move: Knock Off|[of] p1a: Tyranitar
|move|p2a: Garganacl|Iron Defense|p2a: Garganacl
|-boost|p2a: Garganacl|def|2
|
|-weather|Sandstorm|[upkeep]
|-damage|p1a: Tyranitar|34/100 brn|[from] brn
|upkeep
|turn|14
|
|t:|1757836898
|move|p2a: Garganacl|Salt Cure|p1a: Tyranitar
|-damage|p1a: Tyranitar|24/100 brn
|-start|p1a: Tyranitar|Salt Cure
|move|p1a: Tyranitar|Dragon Tail|p2a: Garganacl
|-damage|p2a: Garganacl|78/100
|drag|p2a: Darkrai|Darkrai|100/100
|
|-weather|Sandstorm|[upkeep]
|-damage|p2a: Darkrai|94/100|[from] Sandstorm
|-damage|p1a: Tyranitar|17/100 brn|[from] brn
|-damage|p1a: Tyranitar|5/100 brn|[from] Salt Cure
|upkeep
|turn|15
|
|t:|1757836905
|switch|p1a: Clefable|Clefable, M|100/100
|move|p2a: Darkrai|Ice Beam|p1a: Clefable
|-damage|p1a: Clefable|64/100
|-damage|p2a: Darkrai|84/100|[from] item: Life Orb
|
|-weather|Sandstorm|[upkeep]
|-damage|p2a: Darkrai|78/100|[from] Sandstorm
|upkeep
|turn|16
|
|t:|1757836932
|switch|p1a: Gholdengo|Gholdengo|100/100
|move|p2a: Darkrai|Sludge Bomb|p1a: Gholdengo
|-immune|p1a: Gholdengo
|
|-weather|none
|upkeep
|turn|17
|c|☆oinkolog|damn i wouldve tera right here but i forgot my tera
|c|☆oinkolog|shi
|
|t:|1757836958
|switch|p2a: Garganacl|Garganacl, M|78/100
|-terastallize|p1a: Gholdengo|Fighting
|move|p1a: Gholdengo|Focus Blast|p2a: Garganacl
|-supereffective|p2a: Garganacl
|-damage|p2a: Garganacl|12/100
|
|upkeep
|turn|18
|inactive|Droid17 has 120 seconds left.
|
|t:|1757836981
|switch|p1a: Garchomp|Garchomp, F|31/100
|move|p2a: Garganacl|Salt Cure|p1a: Garchomp
|-resisted|p1a: Garchomp
|-damage|p1a: Garchomp|25/100
|-start|p1a: Garchomp|Salt Cure
|
|-damage|p1a: Garchomp|13/100|[from] Salt Cure
|upkeep
|turn|19
|
|t:|1757836988
|move|p1a: Garchomp|Stealth Rock|p2a: Garganacl
|-sidestart|p2: oinkolog|move: Stealth Rock
|move|p2a: Garganacl|Recover|p2a: Garganacl
|-heal|p2a: Garganacl|62/100
|
|-damage|p1a: Garchomp|0 fnt|[from] Salt Cure
|faint|p1a: Garchomp
|upkeep
|
|t:|1757836992
|switch|p1a: Rillaboom|Rillaboom, M|100/100
|-fieldstart|move: Grassy Terrain|[from] ability: Grassy Surge|[of] p1a: Rillaboom
|turn|20
|
|t:|1757837001
|move|p1a: Rillaboom|Taunt|p2a: Garganacl
|-start|p2a: Garganacl|move: Taunt
|cant|p2a: Garganacl|move: Taunt|Recover
|
|-heal|p2a: Garganacl|68/100|[from] Grassy Terrain
|upkeep
|turn|21
|
|t:|1757837006
|move|p1a: Rillaboom|Grassy Glide|p2a: Garganacl
|-supereffective|p2a: Garganacl
|-damage|p2a: Garganacl|11/100
|move|p2a: Garganacl|Salt Cure|p1a: Rillaboom
|-damage|p1a: Rillaboom|85/100
|-start|p1a: Rillaboom|Salt Cure
|
|-heal|p1a: Rillaboom|91/100|[from] Grassy Terrain
|-heal|p2a: Garganacl|18/100|[from] Grassy Terrain
|-damage|p1a: Rillaboom|79/100|[from] Salt Cure
|upkeep
|turn|22
|c|☆oinkolog|taunt
|c|☆oinkolog|omds
|
|t:|1757837020
|move|p1a: Rillaboom|Grassy Glide|p2a: Garganacl
|-supereffective|p2a: Garganacl
|-damage|p2a: Garganacl|0 fnt
|faint|p2a: Garganacl
|
|-heal|p1a: Rillaboom|85/100|[from] Grassy Terrain
|-damage|p1a: Rillaboom|72/100|[from] Salt Cure
|upkeep
|
|t:|1757837024
|switch|p2a: Gallade|Gallade, M, shiny|100/100
|-damage|p2a: Gallade|94/100|[from] Stealth Rock
|turn|23
|c|☆Droid17|What does omds mean
|
|t:|1757837039
|switch|p1a: Gholdengo|Gholdengo, tera:Fighting|100/100
|-enditem|p1a: Gholdengo|Grassy Seed
|-boost|p1a: Gholdengo|def|1|[from] item: Grassy Seed
|move|p2a: Gallade|Agility|p2a: Gallade
|-boost|p2a: Gallade|spe|2
|
|-heal|p2a: Gallade|100/100|[from] Grassy Terrain
|upkeep
|turn|24
|c|☆oinkolog|oh um
|c|☆oinkolog|oh my days
|
|t:|1757837058
|move|p2a: Gallade|Psycho Cut|p1a: Gholdengo
|-supereffective|p1a: Gholdengo
|-damage|p1a: Gholdengo|39/100
|move|p1a: Gholdengo|Shadow Ball|p2a: Gallade
|-supereffective|p2a: Gallade
|-damage|p2a: Gallade|20/100
|
|-heal|p2a: Gallade|26/100|[from] Grassy Terrain
|-heal|p1a: Gholdengo|45/100|[from] Grassy Terrain
|-fieldend|move: Grassy Terrain
|upkeep
|turn|25
|c|☆Droid17|Oh ok lol
|
|t:|1757837069
|move|p2a: Gallade|Psycho Cut|p1a: Gholdengo
|-supereffective|p1a: Gholdengo
|-crit|p1a: Gholdengo
|-damage|p1a: Gholdengo|0 fnt
|faint|p1a: Gholdengo
|
|upkeep
|
|t:|1757837071
|switch|p1a: Rillaboom|Rillaboom, M|72/100
|-fieldstart|move: Grassy Terrain|[from] ability: Grassy Surge|[of] p1a: Rillaboom
|turn|26
|
|t:|1757837083
|-terastallize|p2a: Gallade|Steel
|move|p1a: Rillaboom|Grassy Glide|p2a: Gallade
|-resisted|p2a: Gallade
|-damage|p2a: Gallade|0 fnt
|faint|p2a: Gallade
|
|-heal|p1a: Rillaboom|79/100|[from] Grassy Terrain
|upkeep
|c|☆oinkolog|omg
|c|☆Droid17|Dam
|
|t:|1757837091
|switch|p2a: Darkrai|Darkrai|78/100
|-damage|p2a: Darkrai|66/100|[from] Stealth Rock
|turn|27
|inactive|Droid17 has 120 seconds left.
|
|t:|1757837139
|switch|p1a: Tyranitar|Tyranitar, F|5/100 brn
|-weather|Sandstorm|[from] ability: Sand Stream|[of] p1a: Tyranitar
|move|p2a: Darkrai|Ice Beam|p1a: Tyranitar
|-damage|p1a: Tyranitar|0 fnt
|faint|p1a: Tyranitar
|-damage|p2a: Darkrai|56/100|[from] item: Life Orb
|
|-weather|Sandstorm|[upkeep]
|-damage|p2a: Darkrai|50/100|[from] Sandstorm
|-heal|p2a: Darkrai|56/100|[from] Grassy Terrain
|upkeep
|
|t:|1757837141
|switch|p1a: Excadrill|Excadrill, F|100/100
|-item|p1a: Excadrill|Air Balloon
|turn|28
|
|t:|1757837149
|move|p1a: Excadrill|Iron Head|p2a: Darkrai
|-damage|p2a: Darkrai|0 fnt
|faint|p2a: Darkrai
|
|-weather|Sandstorm|[upkeep]
|upkeep
|
|t:|1757837152
|switch|p2a: Ogerpon|Ogerpon-Wellspring, F|100/100
|-damage|p2a: Ogerpon|88/100|[from] Stealth Rock
|turn|29
|
|t:|1757837157
|move|p1a: Excadrill|Iron Head|p2a: Ogerpon
|-resisted|p2a: Ogerpon
|-damage|p2a: Ogerpon|55/100
|move|p2a: Ogerpon|Ivy Cudgel|p1a: Excadrill|[anim] Ivy Cudgel Water
|-supereffective|p1a: Excadrill
|-damage|p1a: Excadrill|0 fnt
|-enditem|p1a: Excadrill|Air Balloon
|faint|p1a: Excadrill
|
|-weather|Sandstorm|[upkeep]
|-damage|p2a: Ogerpon|49/100|[from] Sandstorm
|-heal|p2a: Ogerpon|55/100|[from] Grassy Terrain
|upkeep
|
|t:|1757837160
|switch|p1a: Rillaboom|Rillaboom, M|79/100
|turn|30
|
|t:|1757837170
|move|p1a: Rillaboom|Grassy Glide|p2a: Ogerpon
|-crit|p2a: Ogerpon
|-damage|p2a: Ogerpon|0 fnt
|faint|p2a: Ogerpon
|
|win|Droid17
|raw|Droid17's rating: 1368 &rarr; <strong>1385</strong><br />(+17 for winning)
|raw|oinkolog's rating: 1323 &rarr; <strong>1306</strong><br />(-17 for losing)
|c|☆oinkolog|omd
|c|☆oinkolog|gg
|c|☆Droid17|Gg
|c|☆oinkolog|gonna jump now
|l|☆oinkolog
|player|p2|
|c|☆Droid17|Pleas dont
|l|☆Droid17
|player|p1|
|j|☆Droid17
|player|p1|Droid17|169|
