|j|☆someboby
|j|☆isaac_lmaoo
|t:|1757845409
|gametype|singles
|player|p1|someboby|maid|1264
|player|p2|isaac_lmaoo|lucas|1329
|gen|9
|tier|[Gen 9] OU
|rated|
|rule|HP Percentage Mod: HP is shown in percentages
|rule|Endless Battle Clause: Forcing endless battles is banned
|rule|Species Clause: Limit one of each Pokémon
|rule|OHKO Clause: OHKO moves are banned
|rule|Evasion Items Clause: Evasion items are banned
|rule|Evasion Moves Clause: Evasion moves are banned
|rule|Evasion Abilities Clause: Evasion abilities are banned
|rule|Sleep Moves Clause: Sleep-inducing moves are banned
|clearpoke
|poke|p1|Barraskewda, M|
|poke|p1|Dragapult, M|
|poke|p1|Kyurem|
|poke|p1|Alomomola, M|
|poke|p1|Corviknight, M|
|poke|p1|Slowking-Galar, F|
|poke|p2|Yanmega, M|
|poke|p2|Ogerpon, F|
|poke|p2|Hydreigon, M|
|poke|p2|Magnezone|
|poke|p2|Conkeldurr, M|
|poke|p2|Minior|
|teampreview
|inactive|Battle timer is ON: inactive players will automatically lose when time's up. (requested by isaac_lmaoo)
|inactive|isaac_lmaoo has 120 seconds left.
|
|t:|1757845440
|teamsize|p1|6
|teamsize|p2|6
|start
|switch|p1a: Kyurem|Kyurem|100/100
|switch|p2a: Tera|Ogerpon, F|100/100
|-ability|p1a: Kyurem|Pressure
|turn|1
|
|t:|1757845446
|move|p1a: Kyurem|Protect|p1a: Kyurem
|-singleturn|p1a: Kyurem|Protect
|move|p2a: Tera|U-turn|p1a: Kyurem
|-activate|p1a: Kyurem|move: Protect
|
|upkeep
|turn|2
|
|t:|1757845449
|move|p2a: Tera|U-turn|p1a: Kyurem
|-damage|p1a: Kyurem|70/100
|
|t:|1757845452
|switch|p2a: crying baby|Magnezone|100/100|[from] U-turn
|move|p1a: Kyurem|Substitute|p1a: Kyurem
|-start|p1a: Kyurem|Substitute
|-damage|p1a: Kyurem|45/100
|
|-heal|p1a: Kyurem|51/100|[from] item: Leftovers
|upkeep
|turn|3
|
|t:|1757845459
|move|p1a: Kyurem|Protect|p1a: Kyurem
|-singleturn|p1a: Kyurem|Protect
|move|p2a: crying baby|Volt Switch|p1a: Kyurem
|-activate|p1a: Kyurem|move: Protect
|
|-heal|p1a: Kyurem|58/100|[from] item: Leftovers
|upkeep
|turn|4
|
|t:|1757845465
|move|p1a: Kyurem|Earth Power|p2a: crying baby
|-supereffective|p2a: crying baby
|-damage|p2a: crying baby|0 fnt
|faint|p2a: crying baby
|
|-heal|p1a: Kyurem|64/100|[from] item: Leftovers
|upkeep
|
|t:|1757845470
|switch|p2a: DefHydreigon|Hydreigon, M, shiny|100/100
|turn|5
|
|t:|1757845473
|move|p2a: DefHydreigon|Dragon Dance|p2a: DefHydreigon
|-boost|p2a: DefHydreigon|atk|1
|-boost|p2a: DefHydreigon|spe|1
|move|p1a: Kyurem|Freeze-Dry|p2a: DefHydreigon
|-supereffective|p2a: DefHydreigon
|-damage|p2a: DefHydreigon|14/100
|
|-heal|p1a: Kyurem|70/100|[from] item: Leftovers
|upkeep
|turn|6
|
|t:|1757845480
|move|p1a: Kyurem|Protect|p1a: Kyurem
|-singleturn|p1a: Kyurem|Protect
|move|p2a: DefHydreigon|Scale Shot|p1a: Kyurem
|-activate|p1a: Kyurem|move: Protect
|
|-heal|p1a: Kyurem|76/100|[from] item: Leftovers
|upkeep
|turn|7
|
|t:|1757845495
|switch|p1a: Alomomola|Alomomola, M|100/100
|move|p2a: DefHydreigon|Scale Shot|p1a: Alomomola
|-damage|p1a: Alomomola|90/100
|-damage|p1a: Alomomola|81/100
|-damage|p1a: Alomomola|71/100
|-damage|p1a: Alomomola|60/100
|-damage|p1a: Alomomola|50/100
|-hitcount|p1a: Alomomola|5
|-unboost|p2a: DefHydreigon|def|1
|-boost|p2a: DefHydreigon|spe|1
|
|upkeep
|turn|8
|
|t:|1757845505
|move|p1a: Alomomola|Protect|p1a: Alomomola
|-singleturn|p1a: Alomomola|Protect
|move|p2a: DefHydreigon|Scale Shot|p1a: Alomomola
|-activate|p1a: Alomomola|move: Protect
|
|upkeep
|turn|9
|
|t:|1757845510
|switch|p1a: Corviknight|Corviknight, M|100/100
|-ability|p1a: Corviknight|Pressure
|move|p2a: DefHydreigon|Scale Shot|p1a: Corviknight
|-resisted|p1a: Corviknight
|-damage|p1a: Corviknight|94/100
|-resisted|p1a: Corviknight
|-damage|p1a: Corviknight|89/100
|-resisted|p1a: Corviknight
|-damage|p1a: Corviknight|83/100
|-resisted|p1a: Corviknight
|-damage|p1a: Corviknight|78/100
|-resisted|p1a: Corviknight
|-damage|p1a: Corviknight|72/100
|-hitcount|p1a: Corviknight|5
|-unboost|p2a: DefHydreigon|def|1
|-boost|p2a: DefHydreigon|spe|1
|
|upkeep
|turn|10
|
|t:|1757845519
|move|p2a: DefHydreigon|Crunch|p1a: Corviknight
|-damage|p1a: Corviknight|37/100
|-damage|p2a: DefHydreigon|0 fnt|[from] item: Rocky Helmet|[of] p1a: Corviknight
|faint|p2a: DefHydreigon
|move|p1a: Corviknight|Roost|p1a: Corviknight
|-heal|p1a: Corviknight|87/100
|-singleturn|p1a: Corviknight|move: Roost
|
|upkeep
|
|t:|1757845523
|switch|p2a: Spectacles|Yanmega, M, shiny|100/100
|turn|11
|
|t:|1757845528
|move|p2a: Spectacles|Air Slash|p1a: Corviknight
|-resisted|p1a: Corviknight
|-damage|p1a: Corviknight|38/100
|cant|p1a: Corviknight|flinch
|
|upkeep
|turn|12
|
|t:|1757845532
|switch|p1a: Slowking|Slowking-Galar, F|100/100
|move|p2a: Spectacles|Air Slash|p1a: Slowking
|-damage|p1a: Slowking|80/100
|
|upkeep
|turn|13
|
|t:|1757845537
|switch|p2a: Conkeldurr|Conkeldurr, M|100/100
|move|p1a: Slowking|Future Sight|p2a: Conkeldurr
|-start|p1a: Slowking|move: Future Sight
|
|-status|p2a: Conkeldurr|brn|[from] item: Flame Orb
|upkeep
|turn|14
|
|t:|1757845543
|switch|p1a: Corviknight|Corviknight, M|38/100
|-ability|p1a: Corviknight|Pressure
|move|p2a: Conkeldurr|Knock Off|p1a: Corviknight
|-damage|p1a: Corviknight|5/100
|-damage|p2a: Conkeldurr|84/100 brn|[from] item: Rocky Helmet|[of] p1a: Corviknight
|-enditem|p1a: Corviknight|Rocky Helmet|[from] move: Knock Off|[of] p2a: Conkeldurr
|
|-damage|p2a: Conkeldurr|78/100 brn|[from] brn
|upkeep
|turn|15
|
|t:|1757845550
|-terastallize|p2a: Conkeldurr|Dark
|move|p1a: Corviknight|Roost|p1a: Corviknight
|-heal|p1a: Corviknight|55/100
|-singleturn|p1a: Corviknight|move: Roost
|move|p2a: Conkeldurr|Drain Punch|p1a: Corviknight
|-supereffective|p1a: Corviknight
|-damage|p1a: Corviknight|0 fnt
|-heal|p2a: Conkeldurr|100/100 brn|[from] drain|[of] p1a: Corviknight
|faint|p1a: Corviknight
|
|-end|p2a: Conkeldurr|move: Future Sight
|-immune|p2a: Conkeldurr
|-damage|p2a: Conkeldurr|95/100 brn|[from] brn
|upkeep
|
|t:|1757845564
|switch|p1a: Alomomola|Alomomola, M|83/100
|turn|16
|
|t:|1757845569
|switch|p2a: Minior|Minior|100/100
|-formechange|p2a: Minior|Minior-Meteor||[from] ability: Shields Down
|move|p1a: Alomomola|Wish|p1a: Alomomola
|
|upkeep
|turn|17
|
|t:|1757845573
|move|p2a: Minior|Shell Smash|p2a: Minior
|-unboost|p2a: Minior|def|1
|-unboost|p2a: Minior|spd|1
|-boost|p2a: Minior|atk|2
|-boost|p2a: Minior|spa|2
|-boost|p2a: Minior|spe|2
|-enditem|p2a: Minior|White Herb
|-clearnegativeboost|p2a: Minior|[silent]
|move|p1a: Alomomola|Flip Turn|p2a: Minior
|-supereffective|p2a: Minior
|-damage|p2a: Minior|61/100
|
|t:|1757845580
|switch|p1a: Barraskewda|Barraskewda, M|100/100|[from] Flip Turn
|
|upkeep
|turn|18
|c|☆isaac_lmaoo|!dt barras
'barras' has no exact match. Approximate match:
|raw|<ul class="utilichart"><li class="result"><span class="col movenamecol"><a href="https://dex.pokemonshowdown.com/moves/barrage">Barrage</a></span> <span class="col typecol"><img src="//play.pokemonshowdown.com/sprites/types/Normal.png" alt="Normal" width="32" height="14"><img src="//play.pokemonshowdown.com/sprites/categories/Physical.png" alt="Physical" width="32" height="14"></span> <span class="col labelcol"><em>Power</em><br>15</span> <span class="col widelabelcol"><em>Accuracy</em><br>85%</span> <span class="col pplabelcol"><em>PP</em><br>32</span> <span class="col movedesccol">Hits 2-5 times in one turn.</span> </li><li style="clear:both"></li></ul>
|raw|<font size="1"><font color="#686868">Priority:</font> 0&nbsp;|&ThickSpace;<font color="#686868">Gen:</font> 1&nbsp;|&ThickSpace;&#10007; Past Gens Only&nbsp;|&ThickSpace;&#10003; Bullet&nbsp;|&ThickSpace;<font color="#686868">Z-Power:</font> 100&nbsp;|&ThickSpace;<font color="#686868">Target:</font> One Adjacent Pokémon</font>

|c|☆isaac_lmaoo|!dt barraskewda
|raw|<div class="message"><ul class="utilichart"><li class="result"><span class="col numcol">NU</span> <span class="col iconcol"><psicon pokemon="barraskewda"/></span> <span class="col pokemonnamecol" style="white-space:nowrap"><a href="https://dex.pokemonshowdown.com/pokemon/barraskewda" target="_blank">Barraskewda</a></span> <span class="col typecol"><img src="https://play.pokemonshowdown.com/sprites/types/Water.png" alt="Water" height="14" width="32"></span> <span style="float:left;min-height:26px"><span class="col abilitycol">Swift Swim</span><span class="col abilitycol"><em>Propeller Tail</em></span></span><span style="float:left;min-height:26px"><span class="col statcol"><em>HP</em><br />61</span> <span class="col statcol"><em>Atk</em><br />123</span> <span class="col statcol"><em>Def</em><br />60</span> <span class="col statcol"><em>SpA</em><br />60</span> <span class="col statcol"><em>SpD</em><br />50</span> <span class="col statcol"><em>Spe</em><br />136</span> <span class="col bstcol"><em>BST<br />490</em></span> </span></li><li style="clear:both"></li></ul></div>
|raw|<font size="1"><font color="#686868">Dex#:</font> 847&nbsp;|&ThickSpace;<font color="#686868">Gen:</font> 8&nbsp;|&ThickSpace;<font color="#686868">Height:</font> 1.3 m&nbsp;|&ThickSpace;<font color="#686868">Weight:</font> 30 kg <em>(60 BP)</em>&nbsp;|&ThickSpace;<font color="#686868">Dex Colour:</font> Brown&nbsp;|&ThickSpace;<font color="#686868">Egg Group(s):</font> Water 2&nbsp;|&ThickSpace;<font color="#686868">Pre-Evolution:</font> Arrokuda&nbsp;|&ThickSpace;<font color="#686868">Does Not Evolve</font></font>

|
|t:|1757845603
|-terastallize|p1a: Barraskewda|Water
|move|p1a: Barraskewda|Aqua Jet|p2a: Minior
|-supereffective|p2a: Minior
|-damage|p2a: Minior|0 fnt
|faint|p2a: Minior
|
|upkeep
|
|t:|1757845608
|switch|p2a: Tera|Ogerpon, F|100/100
|turn|19
|
|t:|1757845614
|switch|p1a: Kyurem|Kyurem|76/100
|-ability|p1a: Kyurem|Pressure
|move|p2a: Tera|Knock Off|p1a: Kyurem
|-damage|p1a: Kyurem|37/100
|-enditem|p1a: Kyurem|Leftovers|[from] move: Knock Off|[of] p2a: Tera
|
|upkeep
|turn|20
|
|t:|1757845623
|switch|p2a: Spectacles|Yanmega, M, shiny|100/100
|move|p1a: Kyurem|Freeze-Dry|p2a: Spectacles
|-supereffective|p2a: Spectacles
|-damage|p2a: Spectacles|0 fnt
|faint|p2a: Spectacles
|
|upkeep
|
|t:|1757845630
|switch|p2a: Conkeldurr|Conkeldurr, M, tera:Dark|95/100 brn
|turn|21
|
|t:|1757845643
|move|p1a: Kyurem|Protect|p1a: Kyurem
|-singleturn|p1a: Kyurem|Protect
|move|p2a: Conkeldurr|Drain Punch|p1a: Kyurem
|-activate|p1a: Kyurem|move: Protect
|
|-damage|p2a: Conkeldurr|89/100 brn|[from] brn
|upkeep
|turn|22
|
|t:|1757845651
|move|p1a: Kyurem|Freeze-Dry|p2a: Conkeldurr
|-damage|p2a: Conkeldurr|42/100 brn
|move|p2a: Conkeldurr|Knock Off|p1a: Kyurem
|-damage|p1a: Kyurem|0 fnt
|faint|p1a: Kyurem
|
|-damage|p2a: Conkeldurr|36/100 brn|[from] brn
|upkeep
|
|t:|1757845659
|switch|p1a: Dragapult|Dragapult, M|100/100
|turn|23
|
|t:|1757845667
|move|p1a: Dragapult|Dragon Darts|p2a: Conkeldurr
|-damage|p2a: Conkeldurr|5/100 brn
|-anim|p1a: Dragapult|Dragon Darts|p2a: Conkeldurr
|-damage|p2a: Conkeldurr|0 fnt
|faint|p2a: Conkeldurr
|
|upkeep
|-message|isaac_lmaoo forfeited.
|
|win|someboby
|raw|someboby's rating: 1264 &rarr; <strong>1294</strong><br />(+30 for winning)
|raw|isaac_lmaoo's rating: 1329 &rarr; <strong>1305</strong><br />(-24 for losing)
|l|☆isaac_lmaoo
|player|p2|
|l|☆someboby
|player|p1|
