|j|☆ILoveAdaWong22
|j|☆jawnpilgrim
|t:|1757910152
|gametype|singles
|player|p1|ILoveAdaWong22|volkner|1231
|player|p2|jawnpilgrim|n|1162
|gen|9
|tier|[Gen 9] OU
|rated|
|rule|HP Percentage Mod: HP is shown in percentages
|rule|Endless Battle Clause: Forcing endless battles is banned
|rule|Species Clause: Limit one of each Pokémon
|rule|OHKO Clause: OHKO moves are banned
|rule|Evasion Items Clause: Evasion items are banned
|rule|Evasion Moves Clause: Evasion moves are banned
|rule|Evasion Abilities Clause: Evasion abilities are banned
|rule|Sleep Moves Clause: Sleep-inducing moves are banned
|clearpoke
|poke|p1|Quagsire, M|
|poke|p1|Goodra-Hisui, M|
|poke|p1|Slowking-Galar, F|
|poke|p1|Cyclizar, F|
|poke|p1|Enamorus, F|
|poke|p1|Iron Moth|
|poke|p2|Excadrill, M|
|poke|p2|Tyranitar, M|
|poke|p2|Zapdos|
|poke|p2|Dragapult, M|
|poke|p2|Tinkaton, F|
|poke|p2|Typhlosion, M|
|teampreview
|inactive|Battle timer is ON: inactive players will automatically lose when time's up. (requested by ILoveAdaWong22)
|
|t:|1757910159
|teamsize|p1|6
|teamsize|p2|6
|start
|switch|p1a: Glo|Slowking-Galar, F, shiny|100/100
|switch|p2a: Tinkaton|Tinkaton, F|100/100
|turn|1
|
|t:|1757910167
|move|p2a: Tinkaton|Stealth Rock|p1a: Glo
|-sidestart|p1: ILoveAdaWong22|move: Stealth Rock
|move|p1a: Glo|Future Sight|p2a: Tinkaton
|-start|p1a: Glo|move: Future Sight
|
|upkeep
|turn|2
|
|t:|1757910174
|switch|p1a: Lexie|Quagsire, M|100/100
|-damage|p1a: Lexie|94/100|[from] Stealth Rock
|move|p2a: Tinkaton|Thunder Wave|p1a: Lexie
|-immune|p1a: Lexie
|
|-heal|p1a: Lexie|100/100|[from] item: Leftovers
|upkeep
|turn|3
|
|t:|1757910202
|switch|p2a: Tyranitar|Tyranitar, M|100/100
|-weather|Sandstorm|[from] ability: Sand Stream|[of] p2a: Tyranitar
|move|p1a: Lexie|Liquidation|p2a: Tyranitar
|-supereffective|p2a: Tyranitar
|-damage|p2a: Tyranitar|50/100
|
|-weather|Sandstorm|[upkeep]
|-end|p2a: Tyranitar|move: Future Sight
|-immune|p2a: Tyranitar
|upkeep
|turn|4
|inactive|jawnpilgrim has 120 seconds left.
|
|t:|1757910223
|-terastallize|p2a: Tyranitar|Flying
|move|p2a: Tyranitar|Knock Off|p1a: Lexie
|-damage|p1a: Lexie|56/100
|-enditem|p1a: Lexie|Leftovers|[from] move: Knock Off|[of] p2a: Tyranitar
|move|p1a: Lexie|Liquidation|p2a: Tyranitar
|-damage|p2a: Tyranitar|25/100
|-unboost|p2a: Tyranitar|def|1
|
|-weather|Sandstorm|[upkeep]
|-damage|p2a: Tyranitar|19/100|[from] Sandstorm
|upkeep
|turn|5
|inactive|jawnpilgrim has 120 seconds left.
|
|t:|1757910234
|move|p2a: Tyranitar|Knock Off|p1a: Lexie
|-damage|p1a: Lexie|26/100
|move|p1a: Lexie|Recover|p1a: Lexie
|-heal|p1a: Lexie|76/100
|
|-weather|Sandstorm|[upkeep]
|-damage|p2a: Tyranitar|13/100|[from] Sandstorm
|upkeep
|turn|6
|inactive|jawnpilgrim has 120 seconds left.
|
|t:|1757910242
|move|p2a: Tyranitar|Earthquake|p1a: Lexie
|-damage|p1a: Lexie|48/100
|move|p1a: Lexie|Recover|p1a: Lexie
|-heal|p1a: Lexie|98/100
|
|-weather|Sandstorm|[upkeep]
|-damage|p2a: Tyranitar|6/100|[from] Sandstorm
|upkeep
|turn|7
|inactive|jawnpilgrim has 120 seconds left.
|
|t:|1757910253
|switch|p1a: Enamorus|Enamorus, F|100/100
|-damage|p1a: Enamorus|76/100|[from] Stealth Rock
|move|p2a: Tyranitar|Earthquake|p1a: Enamorus
|-immune|p1a: Enamorus
|
|-weather|Sandstorm|[upkeep]
|-damage|p1a: Enamorus|69/100|[from] Sandstorm
|-damage|p2a: Tyranitar|0 fnt|[from] Sandstorm
|faint|p2a: Tyranitar
|upkeep
|inactive|jawnpilgrim has 120 seconds left.
|
|t:|1757910264
|switch|p2a: Tinkaton|Tinkaton, F|100/100
|turn|8
|
|t:|1757910272
|move|p1a: Enamorus|Earth Power|p2a: Tinkaton
|-supereffective|p2a: Tinkaton
|-damage|p2a: Tinkaton|23/100
|move|p2a: Tinkaton|Gigaton Hammer|p1a: Enamorus
|-supereffective|p1a: Enamorus
|-damage|p1a: Enamorus|0 fnt
|faint|p1a: Enamorus
|
|-weather|Sandstorm|[upkeep]
|upkeep
|
|t:|1757910282
|switch|p1a: Iron Moth|Iron Moth, shiny|100/100
|-damage|p1a: Iron Moth|76/100|[from] Stealth Rock
|-enditem|p1a: Iron Moth|Booster Energy
|-activate|p1a: Iron Moth|ability: Quark Drive|[fromitem]
|-start|p1a: Iron Moth|quarkdrivespa
|turn|9
|
|t:|1757910290
|move|p1a: Iron Moth|Fiery Dance|p2a: Tinkaton
|-supereffective|p2a: Tinkaton
|-damage|p2a: Tinkaton|0 fnt
|faint|p2a: Tinkaton
|
|-weather|Sandstorm|[upkeep]
|-damage|p1a: Iron Moth|70/100|[from] Sandstorm
|upkeep
|
|t:|1757910297
|switch|p2a: Excadrill|Excadrill, M|100/100
|turn|10
|
|t:|1757910308
|move|p2a: Excadrill|Earthquake|p1a: Iron Moth
|-supereffective|p1a: Iron Moth
|-damage|p1a: Iron Moth|0 fnt
|faint|p1a: Iron Moth
|-end|p1a: Iron Moth|Quark Drive|[silent]
|
|-weather|none
|upkeep
|
|t:|1757910319
|switch|p1a: Lexie|Quagsire, M|98/100
|-damage|p1a: Lexie|92/100|[from] Stealth Rock
|turn|11
|
|t:|1757910335
|switch|p2a: Dragapult|Dragapult, M|100/100
|move|p1a: Lexie|Liquidation|p2a: Dragapult
|-resisted|p2a: Dragapult
|-damage|p2a: Dragapult|79/100
|
|upkeep
|turn|12
|
|t:|1757910342
|move|p2a: Dragapult|Will-O-Wisp|p1a: Lexie|[miss]
|-miss|p2a: Dragapult|p1a: Lexie
|move|p1a: Lexie|Toxic|p2a: Dragapult
|-status|p2a: Dragapult|tox
|
|-damage|p2a: Dragapult|73/100 tox|[from] psn
|upkeep
|turn|13
|
|t:|1757910352
|switch|p1a: Cyclizar|Cyclizar, F|100/100
|move|p2a: Dragapult|Will-O-Wisp|p1a: Cyclizar
|-status|p1a: Cyclizar|brn
|
|-damage|p2a: Dragapult|61/100 tox|[from] psn
|-damage|p1a: Cyclizar|94/100 brn|[from] brn
|upkeep
|turn|14
|
|t:|1757910361
|move|p2a: Dragapult|Draco Meteor|p1a: Cyclizar
|-supereffective|p1a: Cyclizar
|-damage|p1a: Cyclizar|0 fnt
|-unboost|p2a: Dragapult|spa|2
|faint|p1a: Cyclizar
|
|-damage|p2a: Dragapult|43/100 tox|[from] psn
|upkeep
|
|t:|1757910364
|switch|p1a: Glo|Slowking-Galar, F, shiny|100/100
|-damage|p1a: Glo|88/100|[from] Stealth Rock
|turn|15
|
|t:|1757910372
|switch|p2a: Excadrill|Excadrill, M|100/100
|move|p1a: Glo|Future Sight|p2a: Excadrill
|-start|p1a: Glo|move: Future Sight
|
|upkeep
|turn|16
|
|t:|1757910387
|-terastallize|p1a: Glo|Flying
|move|p2a: Excadrill|Earthquake|p1a: Glo
|-immune|p1a: Glo
|-prepare|p1a: Glo|Chilly Reception|[premajor]
|move|p1a: Glo|Chilly Reception|p1a: Glo
|-weather|Snowscape
|
|t:|1757910391
|switch|p1a: Lexie|Quagsire, M|92/100|[from] Chilly Reception
|-damage|p1a: Lexie|86/100|[from] Stealth Rock
|
|-weather|Snowscape|[upkeep]
|upkeep
|turn|17
|
|t:|1757910402
|switch|p2a: Dragapult|Dragapult, M|43/100 tox
|move|p1a: Lexie|Earthquake|p2a: Dragapult
|-damage|p2a: Dragapult|0 fnt
|faint|p2a: Dragapult
|
|-weather|Snowscape|[upkeep]
|-hint|Future Sight did not hit because the target is fainted.
|upkeep
|
|t:|1757910411
|switch|p2a: Zapdos|Zapdos, shiny|100/100
|turn|18
|
|t:|1757910421
|move|p2a: Zapdos|Hurricane|p1a: Lexie
|-damage|p1a: Lexie|0 fnt
|faint|p1a: Lexie
|
|-weather|Snowscape|[upkeep]
|upkeep
|
|t:|1757910427
|switch|p1a: Glo|Slowking-Galar, F, shiny, tera:Flying|100/100
|-damage|p1a: Glo|76/100|[from] Stealth Rock
|turn|19
|
|t:|1757910431
|switch|p1a: Goodra|Goodra-Hisui, M|100/100
|-damage|p1a: Goodra|95/100|[from] Stealth Rock
|move|p2a: Zapdos|Volt Switch|p1a: Goodra
|-resisted|p1a: Goodra
|-damage|p1a: Goodra|86/100
|
|t:|1757910439
|switch|p2a: Typhlosion|Typhlosion, M, shiny|100/100|[from] Volt Switch
|
|-weather|Snowscape|[upkeep]
|upkeep
|turn|20
|
|t:|1757910447
|move|p2a: Typhlosion|Flamethrower|p1a: Goodra
|-damage|p1a: Goodra|66/100
|move|p1a: Goodra|Knock Off|p2a: Typhlosion
|-damage|p2a: Typhlosion|57/100
|-enditem|p2a: Typhlosion|Leftovers|[from] move: Knock Off|[of] p1a: Goodra
|
|-weather|none
|upkeep
|turn|21
|
|t:|1757910458
|move|p2a: Typhlosion|Eruption|p1a: Goodra
|-damage|p1a: Goodra|50/100
|move|p1a: Goodra|Dragon Claw|p2a: Typhlosion
|-damage|p2a: Typhlosion|0 fnt
|faint|p2a: Typhlosion
|
|upkeep
|
|t:|1757910466
|switch|p2a: Excadrill|Excadrill, M|100/100
|turn|22
|
|t:|1757910474
|switch|p1a: Glo|Slowking-Galar, F, shiny, tera:Flying|100/100
|-damage|p1a: Glo|76/100|[from] Stealth Rock
|move|p2a: Excadrill|Earthquake|p1a: Glo
|-immune|p1a: Glo
|
|upkeep
|turn|23
|
|t:|1757910481
|move|p2a: Excadrill|Rock Slide|p1a: Glo|[miss]
|-miss|p2a: Excadrill|p1a: Glo
|move|p1a: Glo|Future Sight|p2a: Excadrill
|-start|p1a: Glo|move: Future Sight
|
|upkeep
|turn|24
|inactive|ILoveAdaWong22 has 120 seconds left.
|
|t:|1757910514
|switch|p1a: Goodra|Goodra-Hisui, M|50/100
|-damage|p1a: Goodra|44/100|[from] Stealth Rock
|move|p2a: Excadrill|Rock Slide|p1a: Goodra
|-resisted|p1a: Goodra
|-damage|p1a: Goodra|27/100
|
|upkeep
|turn|25
|inactive|ILoveAdaWong22 has 120 seconds left.
|
|t:|1757910524
|move|p2a: Excadrill|Rock Slide|p1a: Goodra
|-resisted|p1a: Goodra
|-damage|p1a: Goodra|12/100
|cant|p1a: Goodra|flinch
|
|-end|p2a: Excadrill|move: Future Sight
|-resisted|p2a: Excadrill
|-damage|p2a: Excadrill|63/100
|upkeep
|turn|26
|inactive|ILoveAdaWong22 has 120 seconds left.
|
|t:|1757910536
|move|p2a: Excadrill|Rock Slide|p1a: Goodra
|-resisted|p1a: Goodra
|-damage|p1a: Goodra|0 fnt
|faint|p1a: Goodra
|
|upkeep
|
|t:|1757910538
|switch|p1a: Glo|Slowking-Galar, F, shiny, tera:Flying|100/100
|-damage|p1a: Glo|76/100|[from] Stealth Rock
|turn|27
|
|t:|1757910544
|move|p2a: Excadrill|Rock Slide|p1a: Glo|[miss]
|-miss|p2a: Excadrill|p1a: Glo
|move|p1a: Glo|Future Sight|p2a: Excadrill
|-start|p1a: Glo|move: Future Sight
|
|upkeep
|turn|28
|
|t:|1757910551
|move|p2a: Excadrill|Rock Slide|p1a: Glo
|-supereffective|p1a: Glo
|-damage|p1a: Glo|1/100
|-prepare|p1a: Glo|Chilly Reception|[premajor]
|move|p1a: Glo|Chilly Reception|p1a: Glo
|-weather|Snowscape
|
|-weather|Snowscape|[upkeep]
|upkeep
|turn|29
|
|t:|1757910559
|move|p2a: Excadrill|Rapid Spin|p1a: Glo
|-damage|p1a: Glo|0 fnt
|-boost|p2a: Excadrill|spe|1
|faint|p1a: Glo
|
|win|jawnpilgrim
|raw|ILoveAdaWong22's rating: 1231 &rarr; <strong>1201</strong><br />(-30 for losing)
|raw|jawnpilgrim's rating: 1162 &rarr; <strong>1192</strong><br />(+30 for winning)
|l|☆ILoveAdaWong22
|player|p1|
|c|☆jawnpilgrim|gg
|l|☆jawnpilgrim
|player|p2|
