|j|☆Gym Leader Bert
|j|☆yfoyflxitgcxkucjn
|t:|1757827610
|gametype|singles
|player|p1|Gym Leader Bert|gentleman-gen4|1156
|player|p2|yfoyflxitgcxkucjn|elesa|1097
|gen|9
|tier|[Gen 9] OU
|rated|
|rule|HP Percentage Mod: HP is shown in percentages
|rule|Endless Battle Clause: Forcing endless battles is banned
|rule|Species Clause: Limit one of each Pokémon
|rule|OHKO Clause: OHKO moves are banned
|rule|Evasion Items Clause: Evasion items are banned
|rule|Evasion Moves Clause: Evasion moves are banned
|rule|Evasion Abilities Clause: Evasion abilities are banned
|rule|Sleep Moves Clause: Sleep-inducing moves are banned
|clearpoke
|poke|p1|Torkoal, M|
|poke|p1|Hatterene, F|
|poke|p1|Walking Wake|
|poke|p1|Gliscor, F|
|poke|p1|Dragapult, F|
|poke|p1|Cloyster, F|
|poke|p2|Cloyster, F|
|poke|p2|Tornadus-Therian, M|
|poke|p2|Hatterene, F|
|poke|p2|Clodsire, F|
|poke|p2|Skeledirge, M|
|poke|p2|Great Tusk|
|teampreview
|
|t:|1757827621
|teamsize|p1|6
|teamsize|p2|6
|start
|switch|p1a: Gliscor|Gliscor, F|100/100
|switch|p2a: Cloyster|Cloyster, F|100/100
|turn|1
|
|t:|1757827628
|move|p1a: Gliscor|Knock Off|p2a: Cloyster
|-damage|p2a: Cloyster|81/100
|-enditem|p2a: Cloyster|White Herb|[from] move: Knock Off|[of] p1a: Gliscor
|move|p2a: Cloyster|Shell Smash|p2a: Cloyster
|-unboost|p2a: Cloyster|def|1
|-unboost|p2a: Cloyster|spd|1
|-boost|p2a: Cloyster|atk|2
|-boost|p2a: Cloyster|spa|2
|-boost|p2a: Cloyster|spe|2
|
|-status|p1a: Gliscor|tox|[from] item: Toxic Orb
|upkeep
|turn|2
|
|t:|1757827642
|switch|p1a: Sun God Koal|Torkoal, M|100/100
|-weather|SunnyDay|[from] ability: Drought|[of] p1a: Sun God Koal
|move|p2a: Cloyster|Icicle Spear|p1a: Sun God Koal
|-resisted|p1a: Sun God Koal
|-damage|p1a: Sun God Koal|92/100
|-resisted|p1a: Sun God Koal
|-crit|p1a: Sun God Koal
|-damage|p1a: Sun God Koal|79/100
|-resisted|p1a: Sun God Koal
|-damage|p1a: Sun God Koal|72/100
|-resisted|p1a: Sun God Koal
|-damage|p1a: Sun God Koal|63/100
|-resisted|p1a: Sun God Koal
|-damage|p1a: Sun God Koal|55/100
|-hitcount|p1a: Sun God Koal|5
|
|-weather|SunnyDay|[upkeep]
|upkeep
|turn|3
|
|t:|1757827654
|-terastallize|p1a: Sun God Koal|Ground
|move|p2a: Cloyster|Protect|p2a: Cloyster
|-singleturn|p2a: Cloyster|Protect
|move|p1a: Sun God Koal|Overheat|p2a: Cloyster
|-activate|p2a: Cloyster|move: Protect
|
|-weather|SunnyDay|[upkeep]
|upkeep
|turn|4
|
|t:|1757827663
|move|p2a: Cloyster|Icicle Spear|p1a: Sun God Koal
|-supereffective|p1a: Sun God Koal
|-damage|p1a: Sun God Koal|24/100
|-supereffective|p1a: Sun God Koal
|-damage|p1a: Sun God Koal|0 fnt
|faint|p1a: Sun God Koal
|-hitcount|p1: Sun God Koal|2
|
|-weather|SunnyDay|[upkeep]
|upkeep
|
|t:|1757827668
|switch|p1a: Walking Wake|Walking Wake|100/100
|-activate|p1a: Walking Wake|ability: Protosynthesis
|-start|p1a: Walking Wake|protosynthesisspe
|turn|5
|
|t:|1757827674
|move|p2a: Cloyster|Protect|p2a: Cloyster
|-singleturn|p2a: Cloyster|Protect
|move|p1a: Walking Wake|Hydro Steam|p2a: Cloyster
|-activate|p2a: Cloyster|move: Protect
|
|-weather|SunnyDay|[upkeep]
|upkeep
|turn|6
|
|t:|1757827685
|move|p1a: Walking Wake|Hydro Steam|p2a: Cloyster
|-resisted|p2a: Cloyster
|-damage|p2a: Cloyster|0 fnt
|faint|p2a: Cloyster
|
|-weather|none
|-end|p1a: Walking Wake|Protosynthesis
|upkeep
|
|t:|1757827690
|switch|p2a: Clodsire|Clodsire, F|100/100
|turn|7
|
|t:|1757827693
|-end|p1a: Walking Wake|Protosynthesis|[silent]
|switch|p1a: Gliscor|Gliscor, F|100/100 tox
|move|p2a: Clodsire|Toxic|p1a: Gliscor
|-fail|p1a: Gliscor|tox
|
|upkeep
|turn|8
|
|t:|1757827696
|move|p1a: Gliscor|Swords Dance|p1a: Gliscor
|-boost|p1a: Gliscor|atk|2
|move|p2a: Clodsire|Stealth Rock|p1a: Gliscor
|-sidestart|p1: Gym Leader Bert|move: Stealth Rock
|
|upkeep
|turn|9
|
|t:|1757827705
|switch|p2a: Skeledirge|Skeledirge, M|100/100
|move|p1a: Gliscor|Substitute|p1a: Gliscor
|-start|p1a: Gliscor|Substitute
|-damage|p1a: Gliscor|75/100 tox
|
|-heal|p1a: Gliscor|88/100 tox|[from] ability: Poison Heal
|upkeep
|turn|10
|
|t:|1757827711
|-terastallize|p2a: Skeledirge|Dark
|move|p1a: Gliscor|Earthquake|p2a: Skeledirge
|-damage|p2a: Skeledirge|72/100
|move|p2a: Skeledirge|Torch Song|p1a: Gliscor
|-damage|p1a: Gliscor|58/100 tox
|-boost|p2a: Skeledirge|spa|1
|
|-heal|p1a: Gliscor|70/100 tox|[from] ability: Poison Heal
|upkeep
|turn|11
|
|t:|1757827722
|move|p1a: Gliscor|Earthquake|p2a: Skeledirge
|-crit|p2a: Skeledirge
|-damage|p2a: Skeledirge|34/100
|move|p2a: Skeledirge|Hex|p1a: Gliscor
|-end|p1a: Gliscor|Substitute
|
|-heal|p1a: Gliscor|83/100 tox|[from] ability: Poison Heal
|upkeep
|turn|12
|
|t:|1757827728
|move|p1a: Gliscor|Earthquake|p2a: Skeledirge
|-damage|p2a: Skeledirge|5/100
|move|p2a: Skeledirge|Slack Off|p2a: Skeledirge
|-heal|p2a: Skeledirge|55/100
|
|-heal|p1a: Gliscor|95/100 tox|[from] ability: Poison Heal
|upkeep
|turn|13
|
|t:|1757827732
|move|p1a: Gliscor|Knock Off|p2a: Skeledirge
|-resisted|p2a: Skeledirge
|-damage|p2a: Skeledirge|45/100
|-enditem|p2a: Skeledirge|Heavy-Duty Boots|[from] move: Knock Off|[of] p1a: Gliscor
|move|p2a: Skeledirge|Slack Off|p2a: Skeledirge
|-heal|p2a: Skeledirge|95/100
|
|-heal|p1a: Gliscor|100/100 tox|[from] ability: Poison Heal
|upkeep
|turn|14
|
|t:|1757827735
|move|p1a: Gliscor|Earthquake|p2a: Skeledirge
|-damage|p2a: Skeledirge|66/100
|move|p2a: Skeledirge|Hex|p1a: Gliscor
|-damage|p1a: Gliscor|19/100 tox
|
|-heal|p1a: Gliscor|32/100 tox|[from] ability: Poison Heal
|upkeep
|turn|15
|
|t:|1757827742
|move|p1a: Gliscor|Earthquake|p2a: Skeledirge
|-damage|p2a: Skeledirge|40/100
|move|p2a: Skeledirge|Torch Song|p1a: Gliscor
|-damage|p1a: Gliscor|0 fnt
|-boost|p2a: Skeledirge|spa|1
|faint|p1a: Gliscor
|
|upkeep
|
|t:|1757827744
|switch|p1a: Hatterene|Hatterene, F|100/100
|-damage|p1a: Hatterene|88/100|[from] Stealth Rock
|turn|16
|
|t:|1757827750
|move|p2a: Skeledirge|Slack Off|p2a: Skeledirge
|-heal|p2a: Skeledirge|90/100
|move|p1a: Hatterene|Trick Room|p1a: Hatterene
|-fieldstart|move: Trick Room|[of] p1a: Hatterene
|
|upkeep
|turn|17
|
|t:|1757827759
|switch|p2a: Hatterene|Hatterene, F|100/100
|move|p1a: Hatterene|Draining Kiss|p2a: Hatterene
|-damage|p2a: Hatterene|72/100
|-heal|p1a: Hatterene|100/100|[from] drain|[of] p2a: Hatterene
|
|-heal|p2a: Hatterene|78/100|[from] item: Leftovers
|upkeep
|turn|18
|
|t:|1757827765
|move|p1a: Hatterene|Mystical Fire|p2a: Hatterene
|-damage|p2a: Hatterene|49/100
|-unboost|p2a: Hatterene|spa|1
|move|p2a: Hatterene|Calm Mind|p2a: Hatterene
|-boost|p2a: Hatterene|spa|1
|-boost|p2a: Hatterene|spd|1
|
|-heal|p2a: Hatterene|55/100|[from] item: Leftovers
|upkeep
|turn|19
|
|t:|1757827771
|move|p1a: Hatterene|Mystical Fire|p2a: Hatterene
|-damage|p2a: Hatterene|32/100
|-unboost|p2a: Hatterene|spa|1
|move|p2a: Hatterene|Draining Kiss|p1a: Hatterene
|-damage|p1a: Hatterene|79/100
|-heal|p2a: Hatterene|47/100|[from] drain|[of] p1a: Hatterene
|
|-heal|p2a: Hatterene|53/100|[from] item: Leftovers
|upkeep
|turn|20
|
|t:|1757827777
|move|p1a: Hatterene|Psychic|p2a: Hatterene
|-resisted|p2a: Hatterene
|-damage|p2a: Hatterene|35/100
|move|p2a: Hatterene|Draining Kiss|p1a: Hatterene
|-damage|p1a: Hatterene|58/100
|-heal|p2a: Hatterene|50/100|[from] drain|[of] p1a: Hatterene
|
|-heal|p2a: Hatterene|56/100|[from] item: Leftovers
|-fieldend|move: Trick Room
|upkeep
|turn|21
|
|t:|1757827786
|switch|p1a: Walking Wake|Walking Wake|100/100
|-damage|p1a: Walking Wake|88/100|[from] Stealth Rock
|move|p2a: Hatterene|Draining Kiss|p1a: Walking Wake
|-supereffective|p1a: Walking Wake
|-damage|p1a: Walking Wake|46/100
|-heal|p2a: Hatterene|90/100|[from] drain|[of] p1a: Walking Wake
|
|-heal|p2a: Hatterene|96/100|[from] item: Leftovers
|upkeep
|turn|22
|
|t:|1757827794
|move|p1a: Walking Wake|Hydro Steam|p2a: Hatterene
|-damage|p2a: Hatterene|56/100
|move|p2a: Hatterene|Draining Kiss|p1a: Walking Wake
|-supereffective|p1a: Walking Wake
|-damage|p1a: Walking Wake|1/100
|-heal|p2a: Hatterene|92/100|[from] drain|[of] p1a: Walking Wake
|
|-heal|p2a: Hatterene|98/100|[from] item: Leftovers
|upkeep
|turn|23
|
|t:|1757827800
|move|p1a: Walking Wake|Hydro Steam|p2a: Hatterene
|-damage|p2a: Hatterene|56/100
|move|p2a: Hatterene|Calm Mind|p2a: Hatterene
|-boost|p2a: Hatterene|spa|1
|-boost|p2a: Hatterene|spd|1
|
|-heal|p2a: Hatterene|62/100|[from] item: Leftovers
|upkeep
|turn|24
|
|t:|1757827804
|move|p1a: Walking Wake|Hydro Steam|p2a: Hatterene
|-damage|p2a: Hatterene|31/100
|move|p2a: Hatterene|Draining Kiss|p1a: Walking Wake
|-supereffective|p1a: Walking Wake
|-damage|p1a: Walking Wake|0 fnt
|-heal|p2a: Hatterene|32/100|[from] drain|[of] p1a: Walking Wake
|faint|p1a: Walking Wake
|-end|p1a: Walking Wake|Protosynthesis|[silent]
|
|-heal|p2a: Hatterene|38/100|[from] item: Leftovers
|upkeep
|
|t:|1757827809
|switch|p1a: Dragapult|Dragapult, F|100/100
|-damage|p1a: Dragapult|88/100|[from] Stealth Rock
|turn|25
|
|t:|1757827812
|move|p1a: Dragapult|Phantom Force||[still]
|-prepare|p1a: Dragapult|Phantom Force
|move|p2a: Hatterene|Draining Kiss|p1a: Dragapult|[miss]
|-miss|p2a: Hatterene|p1a: Dragapult
|
|-heal|p2a: Hatterene|44/100|[from] item: Leftovers
|upkeep
|turn|26
|
|t:|1757827818
|move|p1a: Dragapult|Phantom Force|p2a: Hatterene|[from] lockedmove
|-supereffective|p2a: Hatterene
|-damage|p2a: Hatterene|0 fnt
|faint|p2a: Hatterene
|
|upkeep
|
|t:|1757827826
|switch|p2a: Skeledirge|Skeledirge, M, tera:Dark|90/100
|turn|27
|
|t:|1757827829
|move|p1a: Dragapult|Substitute|p1a: Dragapult
|-start|p1a: Dragapult|Substitute
|-damage|p1a: Dragapult|63/100
|move|p2a: Skeledirge|Torch Song|p1a: Dragapult
|-resisted|p1a: Dragapult
|-damage|p1a: Dragapult|43/100
|-boost|p2a: Skeledirge|spa|1
|
|upkeep
|turn|28
|
|t:|1757827832
|move|p1a: Dragapult|Dragon Dance|p1a: Dragapult
|-boost|p1a: Dragapult|atk|1
|-boost|p1a: Dragapult|spe|1
|move|p2a: Skeledirge|Torch Song|p1a: Dragapult
|-resisted|p1a: Dragapult
|-damage|p1a: Dragapult|13/100
|-boost|p2a: Skeledirge|spa|1
|
|upkeep
|turn|29
|
|t:|1757827841
|move|p1a: Dragapult|Phantom Force||[still]
|-prepare|p1a: Dragapult|Phantom Force
|move|p2a: Skeledirge|Torch Song|p1a: Dragapult|[miss]
|-miss|p2a: Skeledirge|p1a: Dragapult
|
|upkeep
|turn|30
|
|t:|1757827844
|move|p1a: Dragapult|Phantom Force|p2a: Skeledirge|[from] lockedmove
|-resisted|p2a: Skeledirge
|-damage|p2a: Skeledirge|72/100
|move|p2a: Skeledirge|Torch Song|p1a: Dragapult
|-resisted|p1a: Dragapult
|-damage|p1a: Dragapult|0 fnt
|-boost|p2a: Skeledirge|spa|1
|faint|p1a: Dragapult
|
|upkeep
|
|t:|1757827848
|switch|p1a: Cloyster|Cloyster, F|100/100
|-damage|p1a: Cloyster|76/100|[from] Stealth Rock
|turn|31
|-message|Gym Leader Bert forfeited.
|
|win|yfoyflxitgcxkucjn
|raw|Gym Leader Bert's rating: 1156 &rarr; <strong>1127</strong><br />(-29 for losing)
|raw|yfoyflxitgcxkucjn's rating: 1097 &rarr; <strong>1127</strong><br />(+30 for winning)
|l|☆Gym Leader Bert
|player|p1|
|l|☆yfoyflxitgcxkucjn
|player|p2|
|j|☆yfoyflxitgcxkucjn
|player|p2|yfoyflxitgcxkucjn|elesa|
|l|☆yfoyflxitgcxkucjn
|player|p2|
