|j|☆Kyommunism
|j|☆Partynparadise
|t:|1757808745
|gametype|singles
|player|p1|Kyommunism|iris-gen5bw2|1500
|player|p2|Partynparadise|brock|1519
|gen|9
|tier|[Gen 9] OU
|rated|
|rule|HP Percentage Mod: HP is shown in percentages
|rule|Endless Battle Clause: Forcing endless battles is banned
|rule|Species Clause: Limit one of each Pokémon
|rule|OHKO Clause: OHKO moves are banned
|rule|Evasion Items Clause: Evasion items are banned
|rule|Evasion Moves Clause: Evasion moves are banned
|rule|Evasion Abilities Clause: Evasion abilities are banned
|rule|Sleep Moves Clause: Sleep-inducing moves are banned
|clearpoke
|poke|p1|Skeledirge, M|
|poke|p1|Ribombee, M|
|poke|p1|Goodra-Hisui, M|
|poke|p1|Raging Bolt|
|poke|p1|Trevenant, M|
|poke|p1|Corviknight, M|
|poke|p2|Great Tusk|
|poke|p2|Kyurem|
|poke|p2|Slowking-Galar, F|
|poke|p2|Moltres|
|poke|p2|Iron Valiant|
|poke|p2|Darkrai|
|teampreview
|inactive|Battle timer is ON: inactive players will automatically lose when time's up. (requested by Kyommunism)
|
|t:|1757808750
|teamsize|p1|6
|teamsize|p2|6
|start
|switch|p1a: Ribombee|Ribombee, M, shiny|100/100
|switch|p2a: Slowking|Slowking-Galar, F|100/100
|turn|1
|
|t:|1757808753
|switch|p1a: Goodra|Goodra-Hisui, M, shiny|100/100
|move|p2a: Slowking|Toxic|p1a: Goodra
|-immune|p1a: Goodra
|
|upkeep
|turn|2
|
|t:|1757808757
|move|p1a: Goodra|Curse|p1a: Goodra
|-unboost|p1a: Goodra|spe|1
|-boost|p1a: Goodra|atk|1
|-boost|p1a: Goodra|def|1
|-prepare|p2a: Slowking|Chilly Reception|[premajor]
|move|p2a: Slowking|Chilly Reception|p2a: Slowking
|-weather|Snowscape
|
|t:|1757808764
|switch|p2a: Darkrai|Darkrai|100/100|[from] Chilly Reception
|
|-weather|Snowscape|[upkeep]
|upkeep
|turn|3
|
|t:|1757808772
|move|p2a: Darkrai|Trick|p1a: Goodra
|-activate|p2a: Darkrai|move: Trick|[of] p1a: Goodra
|-item|p1a: Goodra|Choice Scarf|[from] move: Trick
|-item|p2a: Darkrai|Chesto Berry|[from] move: Trick
|move|p1a: Goodra|Curse|p1a: Goodra
|-unboost|p1a: Goodra|spe|1
|-boost|p1a: Goodra|atk|1
|-boost|p1a: Goodra|def|1
|
|-weather|Snowscape|[upkeep]
|upkeep
|turn|4
|
|t:|1757808785
|switch|p1a: Ribombee|Ribombee, M, shiny|100/100
|move|p2a: Darkrai|Dark Pulse|p1a: Ribombee
|-resisted|p1a: Ribombee
|-damage|p1a: Ribombee|70/100
|
|-weather|Snowscape|[upkeep]
|upkeep
|turn|5
|
|t:|1757808802
|switch|p2a: Slowking|Slowking-Galar, F|100/100
|move|p1a: Ribombee|Quiver Dance|p1a: Ribombee
|-boost|p1a: Ribombee|spa|1
|-boost|p1a: Ribombee|spd|1
|-boost|p1a: Ribombee|spe|1
|
|-weather|Snowscape|[upkeep]
|upkeep
|turn|6
|
|t:|1757808807
|switch|p1a: Goodra|Goodra-Hisui, M, shiny|100/100
|move|p2a: Slowking|Toxic|p1a: Goodra
|-immune|p1a: Goodra
|
|-weather|none
|upkeep
|turn|7
|
|t:|1757808811
|move|p1a: Goodra|Earthquake|p2a: Slowking
|-supereffective|p2a: Slowking
|-damage|p2a: Slowking|56/100
|move|p2a: Slowking|Future Sight|p1a: Goodra
|-start|p2a: Slowking|move: Future Sight
|
|upkeep
|turn|8
|
|t:|1757808817
|switch|p1a: Raging Bolt|Raging Bolt|100/100
|-prepare|p2a: Slowking|Chilly Reception|[premajor]
|move|p2a: Slowking|Chilly Reception|p2a: Slowking
|-weather|Snowscape
|
|t:|1757808825
|switch|p2a: Kyurem|Kyurem, shiny|100/100|[from] Chilly Reception
|-ability|p2a: Kyurem|Pressure
|
|-weather|Snowscape|[upkeep]
|upkeep
|turn|9
|
|t:|1757808845
|-end|p1a: Raging Bolt|Protosynthesis|[silent]
|switch|p1a: Corviknight|Corviknight, M, shiny|100/100
|-ability|p1a: Corviknight|Pressure
|move|p2a: Kyurem|Substitute|p2a: Kyurem
|-start|p2a: Kyurem|Substitute
|-damage|p2a: Kyurem|76/100
|
|-weather|Snowscape|[upkeep]
|-end|p1a: Corviknight|move: Future Sight
|-resisted|p1a: Corviknight
|-damage|p1a: Corviknight|84/100
|-heal|p2a: Kyurem|82/100|[from] item: Leftovers
|-heal|p1a: Corviknight|90/100|[from] item: Leftovers
|upkeep
|turn|10
|
|t:|1757808852
|move|p2a: Kyurem|Freeze-Dry|p1a: Corviknight
|-damage|p1a: Corviknight|63/100
|move|p1a: Corviknight|Iron Defense|p1a: Corviknight
|-boost|p1a: Corviknight|def|2
|
|-weather|Snowscape|[upkeep]
|-heal|p2a: Kyurem|88/100|[from] item: Leftovers
|-heal|p1a: Corviknight|69/100|[from] item: Leftovers
|upkeep
|turn|11
|
|t:|1757808855
|move|p2a: Kyurem|Freeze-Dry|p1a: Corviknight
|-damage|p1a: Corviknight|43/100
|move|p1a: Corviknight|Body Press|p2a: Kyurem
|-supereffective|p2a: Kyurem
|-crit|p2a: Kyurem
|-end|p2a: Kyurem|Substitute
|
|-weather|Snowscape|[upkeep]
|-heal|p2a: Kyurem|94/100|[from] item: Leftovers
|-heal|p1a: Corviknight|49/100|[from] item: Leftovers
|upkeep
|turn|12
|
|t:|1757808863
|switch|p2a: Moltres|Moltres|100/100
|move|p1a: Corviknight|Roost|p1a: Corviknight
|-heal|p1a: Corviknight|99/100
|-singleturn|p1a: Corviknight|move: Roost
|
|-weather|none
|-heal|p1a: Corviknight|100/100|[from] item: Leftovers
|upkeep
|turn|13
|
|t:|1757808866
|switch|p1a: MourningWood|Trevenant, M, shiny|100/100
|move|p2a: Moltres|Flamethrower|p1a: MourningWood
|-supereffective|p1a: MourningWood
|-damage|p1a: MourningWood|15/100
|
|upkeep
|turn|14
|-enditem|p1a: MourningWood|Custap Berry|[eat]
|-activate|p1a: MourningWood|item: Custap Berry|[consumed]
|
|t:|1757808873
|move|p1a: MourningWood|Destiny Bond|p1a: MourningWood
|-singlemove|p1a: MourningWood|Destiny Bond
|move|p2a: Moltres|Flamethrower|p1a: MourningWood
|-supereffective|p1a: MourningWood
|-damage|p1a: MourningWood|0 fnt
|faint|p1a: MourningWood
|-activate|p1a: MourningWood|move: Destiny Bond
|faint|p2a: Moltres
|
|upkeep
|
|t:|1757808882
|switch|p2a: Slowking|Slowking-Galar, F|89/100
|switch|p1a: Ribombee|Ribombee, M, shiny|70/100
|turn|15
|
|t:|1757808887
|switch|p1a: Corviknight|Corviknight, M, shiny|100/100
|-ability|p1a: Corviknight|Pressure
|move|p2a: Slowking|Toxic|p1a: Corviknight
|-immune|p1a: Corviknight
|
|upkeep
|turn|16
|
|t:|1757808894
|move|p1a: Corviknight|Iron Defense|p1a: Corviknight
|-boost|p1a: Corviknight|def|2
|move|p2a: Slowking|Flamethrower|p1a: Corviknight
|-supereffective|p1a: Corviknight
|-damage|p1a: Corviknight|71/100
|
|-heal|p1a: Corviknight|78/100|[from] item: Leftovers
|upkeep
|turn|17
|
|t:|1757808897
|move|p1a: Corviknight|Iron Defense|p1a: Corviknight
|-boost|p1a: Corviknight|def|2
|-prepare|p2a: Slowking|Chilly Reception|[premajor]
|move|p2a: Slowking|Chilly Reception|p2a: Slowking
|-weather|Snowscape
|
|t:|1757808899
|switch|p2a: Iron Valiant|Iron Valiant|100/100|[from] Chilly Reception
|-enditem|p2a: Iron Valiant|Booster Energy
|-activate|p2a: Iron Valiant|ability: Quark Drive|[fromitem]
|-start|p2a: Iron Valiant|quarkdrivespe
|
|-weather|Snowscape|[upkeep]
|-heal|p1a: Corviknight|84/100|[from] item: Leftovers
|upkeep
|turn|18
|
|t:|1757808904
|switch|p1a: Goodra|Goodra-Hisui, M, shiny|100/100
|move|p2a: Iron Valiant|Encore||[still]
|-fail|p2a: Iron Valiant
|
|-weather|Snowscape|[upkeep]
|upkeep
|turn|19
|
|t:|1757808909
|-end|p2a: Iron Valiant|Quark Drive|[silent]
|switch|p2a: Slowking|Slowking-Galar, F|100/100
|move|p1a: Goodra|Gyro Ball|p2a: Slowking
|-damage|p2a: Slowking|95/100
|
|-weather|Snowscape|[upkeep]
|upkeep
|turn|20
|
|t:|1757808917
|switch|p1a: Corviknight|Corviknight, M, shiny|84/100
|-ability|p1a: Corviknight|Pressure
|move|p2a: Slowking|Future Sight|p1a: Corviknight
|-start|p2a: Slowking|move: Future Sight
|
|-weather|Snowscape|[upkeep]
|-heal|p1a: Corviknight|90/100|[from] item: Leftovers
|upkeep
|turn|21
|
|t:|1757808926
|move|p1a: Corviknight|Iron Defense|p1a: Corviknight
|-boost|p1a: Corviknight|def|2
|-prepare|p2a: Slowking|Chilly Reception|[premajor]
|move|p2a: Slowking|Chilly Reception|p2a: Slowking
|
|t:|1757808932
|switch|p2a: Iron Valiant|Iron Valiant|100/100|[from] Chilly Reception
|
|-weather|none
|-heal|p1a: Corviknight|96/100|[from] item: Leftovers
|upkeep
|turn|22
|
|t:|1757808935
|switch|p1a: Goodra|Goodra-Hisui, M, shiny|100/100
|move|p2a: Iron Valiant|Encore||[still]
|-fail|p2a: Iron Valiant
|
|-end|p1a: Goodra|move: Future Sight
|-resisted|p1a: Goodra
|-damage|p1a: Goodra|90/100
|upkeep
|turn|23
|
|t:|1757808943
|-end|p2a: Iron Valiant|Quark Drive|[silent]
|switch|p2a: Slowking|Slowking-Galar, F|100/100
|switch|p1a: Raging Bolt|Raging Bolt|100/100
|
|upkeep
|turn|24
|
|t:|1757808947
|move|p1a: Raging Bolt|Substitute|p1a: Raging Bolt
|-start|p1a: Raging Bolt|Substitute
|-damage|p1a: Raging Bolt|76/100
|move|p2a: Slowking|Toxic||[still]
|-fail|p2a: Slowking
|
|-heal|p1a: Raging Bolt|82/100|[from] item: Leftovers
|upkeep
|turn|25
|
|t:|1757808951
|move|p1a: Raging Bolt|Calm Mind|p1a: Raging Bolt
|-boost|p1a: Raging Bolt|spa|1
|-boost|p1a: Raging Bolt|spd|1
|-prepare|p2a: Slowking|Chilly Reception|[premajor]
|move|p2a: Slowking|Chilly Reception|p2a: Slowking
|-weather|Snowscape
|
|t:|1757808953
|switch|p2a: Iron Valiant|Iron Valiant|100/100|[from] Chilly Reception
|
|-weather|Snowscape|[upkeep]
|-heal|p1a: Raging Bolt|88/100|[from] item: Leftovers
|upkeep
|turn|26
|
|t:|1757808959
|-end|p1a: Raging Bolt|Protosynthesis|[silent]
|switch|p1a: Skeledirge|Skeledirge, M, shiny|100/100
|move|p2a: Iron Valiant|Encore||[still]
|-fail|p2a: Iron Valiant
|
|-weather|Snowscape|[upkeep]
|upkeep
|turn|27
|
|t:|1757808963
|move|p2a: Iron Valiant|Knock Off|p1a: Skeledirge
|-supereffective|p1a: Skeledirge
|-damage|p1a: Skeledirge|56/100
|-enditem|p1a: Skeledirge|Leftovers|[from] move: Knock Off|[of] p2a: Iron Valiant
|move|p1a: Skeledirge|Torch Song|p2a: Iron Valiant
|-damage|p2a: Iron Valiant|45/100
|-boost|p1a: Skeledirge|spa|1
|
|-weather|Snowscape|[upkeep]
|upkeep
|turn|28
|
|t:|1757808974
|-end|p2a: Iron Valiant|Quark Drive|[silent]
|switch|p2a: Kyurem|Kyurem, shiny|94/100
|-ability|p2a: Kyurem|Pressure
|move|p1a: Skeledirge|Earth Power|p2a: Kyurem
|-damage|p2a: Kyurem|65/100
|
|-weather|Snowscape|[upkeep]
|-heal|p2a: Kyurem|71/100|[from] item: Leftovers
|upkeep
|turn|29
|
|t:|1757808980
|switch|p1a: Corviknight|Corviknight, M, shiny|96/100
|-ability|p1a: Corviknight|Pressure
|move|p2a: Kyurem|Earth Power|p1a: Corviknight
|-immune|p1a: Corviknight
|
|-weather|none
|-heal|p2a: Kyurem|77/100|[from] item: Leftovers
|-heal|p1a: Corviknight|100/100|[from] item: Leftovers
|upkeep
|turn|30
|
|t:|1757808986
|switch|p2a: Great Tusk|Great Tusk|100/100
|move|p1a: Corviknight|Body Press|p2a: Great Tusk
|-crit|p2a: Great Tusk
|-damage|p2a: Great Tusk|83/100
|-damage|p1a: Corviknight|84/100|[from] item: Rocky Helmet|[of] p2a: Great Tusk
|
|-heal|p1a: Corviknight|90/100|[from] item: Leftovers
|upkeep
|turn|31
|
|t:|1757808990
|move|p2a: Great Tusk|Knock Off|p1a: Corviknight
|-damage|p1a: Corviknight|65/100
|-enditem|p1a: Corviknight|Leftovers|[from] move: Knock Off|[of] p2a: Great Tusk
|move|p1a: Corviknight|Iron Defense|p1a: Corviknight
|-boost|p1a: Corviknight|def|2
|
|upkeep
|turn|32
|
|t:|1757808994
|move|p2a: Great Tusk|Stealth Rock|p1a: Corviknight
|-sidestart|p1: Kyommunism|move: Stealth Rock
|move|p1a: Corviknight|Roost|p1a: Corviknight
|-heal|p1a: Corviknight|100/100
|-singleturn|p1a: Corviknight|move: Roost
|
|upkeep
|turn|33
|
|t:|1757808997
|-end|p2a: Great Tusk|Protosynthesis|[silent]
|switch|p2a: Slowking|Slowking-Galar, F|100/100
|move|p1a: Corviknight|Defog|p2a: Slowking
|-unboost|p2a: Slowking|evasion|1
|-sideend|p1: Kyommunism|Stealth Rock|[from] move: Defog|[of] p1a: Corviknight
|
|upkeep
|turn|34
|
|t:|1757809002
|switch|p1a: Skeledirge|Skeledirge, M, shiny|56/100
|-prepare|p2a: Slowking|Chilly Reception|[premajor]
|move|p2a: Slowking|Chilly Reception|p2a: Slowking
|-weather|Snowscape
|
|t:|1757809005
|switch|p2a: Darkrai|Darkrai|100/100|[from] Chilly Reception
|
|-weather|Snowscape|[upkeep]
|upkeep
|turn|35
|
|t:|1757809011
|switch|p1a: Goodra|Goodra-Hisui, M, shiny|90/100
|move|p2a: Darkrai|Dark Pulse|p1a: Goodra
|-damage|p1a: Goodra|66/100
|
|-weather|Snowscape|[upkeep]
|upkeep
|turn|36
|
|t:|1757809016
|switch|p2a: Slowking|Slowking-Galar, F|100/100
|move|p1a: Goodra|Earthquake|p2a: Slowking
|-supereffective|p2a: Slowking
|-damage|p2a: Slowking|49/100
|
|-weather|Snowscape|[upkeep]
|upkeep
|turn|37
|
|t:|1757809020
|switch|p1a: Ribombee|Ribombee, M, shiny|70/100
|-prepare|p2a: Slowking|Chilly Reception|[premajor]
|move|p2a: Slowking|Chilly Reception|p2a: Slowking
|
|t:|1757809028
|switch|p2a: Iron Valiant|Iron Valiant|45/100|[from] Chilly Reception
|
|-weather|Snowscape|[upkeep]
|upkeep
|turn|38
|
|t:|1757809030
|-end|p2a: Iron Valiant|Quark Drive|[silent]
|switch|p2a: Slowking|Slowking-Galar, F|82/100
|move|p1a: Ribombee|Quiver Dance|p1a: Ribombee
|-boost|p1a: Ribombee|spa|1
|-boost|p1a: Ribombee|spd|1
|-boost|p1a: Ribombee|spe|1
|
|-weather|none
|upkeep
|turn|39
|
|t:|1757809035
|switch|p1a: Goodra|Goodra-Hisui, M, shiny|66/100
|move|p2a: Slowking|Toxic|p1a: Goodra
|-immune|p1a: Goodra
|
|upkeep
|turn|40
|
|t:|1757809038
|move|p1a: Goodra|Earthquake|p2a: Slowking
|-supereffective|p2a: Slowking
|-damage|p2a: Slowking|37/100
|-prepare|p2a: Slowking|Chilly Reception|[premajor]
|move|p2a: Slowking|Chilly Reception|p2a: Slowking
|-weather|Snowscape
|
|t:|1757809044
|switch|p2a: Kyurem|Kyurem, shiny|77/100|[from] Chilly Reception
|-ability|p2a: Kyurem|Pressure
|
|-weather|Snowscape|[upkeep]
|-heal|p2a: Kyurem|84/100|[from] item: Leftovers
|upkeep
|turn|41
|
|t:|1757809048
|switch|p1a: Corviknight|Corviknight, M, shiny|100/100
|-ability|p1a: Corviknight|Pressure
|move|p2a: Kyurem|Freeze-Dry|p1a: Corviknight
|-damage|p1a: Corviknight|70/100
|
|-weather|Snowscape|[upkeep]
|-heal|p2a: Kyurem|90/100|[from] item: Leftovers
|upkeep
|turn|42
|
|t:|1757809054
|move|p2a: Kyurem|Freeze-Dry|p1a: Corviknight
|-damage|p1a: Corviknight|43/100
|move|p1a: Corviknight|Roost|p1a: Corviknight
|-heal|p1a: Corviknight|93/100
|-singleturn|p1a: Corviknight|move: Roost
|
|-weather|Snowscape|[upkeep]
|-heal|p2a: Kyurem|96/100|[from] item: Leftovers
|upkeep
|turn|43
|j| ItsOstro
|
|t:|1757809059
|move|p2a: Kyurem|Freeze-Dry|p1a: Corviknight
|-damage|p1a: Corviknight|67/100
|move|p1a: Corviknight|Body Press|p2a: Kyurem
|-supereffective|p2a: Kyurem
|-damage|p2a: Kyurem|74/100
|
|-weather|Snowscape|[upkeep]
|-heal|p2a: Kyurem|80/100|[from] item: Leftovers
|upkeep
|turn|44
|
|t:|1757809068
|move|p2a: Kyurem|Freeze-Dry|p1a: Corviknight
|-damage|p1a: Corviknight|40/100
|move|p1a: Corviknight|Iron Defense|p1a: Corviknight
|-boost|p1a: Corviknight|def|2
|
|-weather|none
|-heal|p2a: Kyurem|86/100|[from] item: Leftovers
|upkeep
|turn|45
|
|t:|1757809075
|move|p2a: Kyurem|Substitute|p2a: Kyurem
|-start|p2a: Kyurem|Substitute
|-damage|p2a: Kyurem|61/100
|move|p1a: Corviknight|Roost|p1a: Corviknight
|-heal|p1a: Corviknight|90/100
|-singleturn|p1a: Corviknight|move: Roost
|
|-heal|p2a: Kyurem|67/100|[from] item: Leftovers
|upkeep
|turn|46
|
|t:|1757809080
|move|p2a: Kyurem|Freeze-Dry|p1a: Corviknight
|-damage|p1a: Corviknight|63/100
|move|p1a: Corviknight|Body Press|p2a: Kyurem
|-supereffective|p2a: Kyurem
|-end|p2a: Kyurem|Substitute
|
|-heal|p2a: Kyurem|74/100|[from] item: Leftovers
|upkeep
|turn|47
|
|t:|1757809089
|move|p2a: Kyurem|Protect|p2a: Kyurem
|-singleturn|p2a: Kyurem|Protect
|move|p1a: Corviknight|Body Press|p2a: Kyurem
|-activate|p2a: Kyurem|move: Protect
|
|-heal|p2a: Kyurem|80/100|[from] item: Leftovers
|upkeep
|turn|48
|
|t:|1757809100
|switch|p2a: Slowking|Slowking-Galar, F|71/100
|move|p1a: Corviknight|Body Press|p2a: Slowking
|-resisted|p2a: Slowking
|-damage|p2a: Slowking|60/100
|
|upkeep
|turn|49
|
|t:|1757809104
|move|p1a: Corviknight|Roost|p1a: Corviknight
|-heal|p1a: Corviknight|100/100
|-singleturn|p1a: Corviknight|move: Roost
|-prepare|p2a: Slowking|Chilly Reception|[premajor]
|move|p2a: Slowking|Chilly Reception|p2a: Slowking
|-weather|Snowscape
|
|t:|1757809106
|switch|p2a: Kyurem|Kyurem, shiny|80/100|[from] Chilly Reception
|-ability|p2a: Kyurem|Pressure
|
|-weather|Snowscape|[upkeep]
|-heal|p2a: Kyurem|86/100|[from] item: Leftovers
|upkeep
|turn|50
|
|t:|1757809116
|move|p2a: Kyurem|Substitute|p2a: Kyurem
|-start|p2a: Kyurem|Substitute
|-damage|p2a: Kyurem|61/100
|move|p1a: Corviknight|Body Press|p2a: Kyurem
|-supereffective|p2a: Kyurem
|-end|p2a: Kyurem|Substitute
|
|-weather|Snowscape|[upkeep]
|-heal|p2a: Kyurem|67/100|[from] item: Leftovers
|upkeep
|turn|51
|
|t:|1757809127
|move|p2a: Kyurem|Protect|p2a: Kyurem
|-singleturn|p2a: Kyurem|Protect
|move|p1a: Corviknight|Body Press|p2a: Kyurem
|-activate|p2a: Kyurem|move: Protect
|
|-weather|Snowscape|[upkeep]
|-heal|p2a: Kyurem|73/100|[from] item: Leftovers
|upkeep
|turn|52
|
|t:|1757809139
|switch|p2a: Slowking|Slowking-Galar, F|93/100
|switch|p1a: Goodra|Goodra-Hisui, M, shiny|66/100
|
|-weather|Snowscape|[upkeep]
|upkeep
|turn|53
|
|t:|1757809142
|move|p1a: Goodra|Earthquake|p2a: Slowking
|-supereffective|p2a: Slowking
|-damage|p2a: Slowking|43/100
|-prepare|p2a: Slowking|Chilly Reception|[premajor]
|move|p2a: Slowking|Chilly Reception|p2a: Slowking
|
|t:|1757809149
|switch|p2a: Great Tusk|Great Tusk|83/100|[from] Chilly Reception
|
|-weather|none
|upkeep
|turn|54
|
|t:|1757809154
|move|p2a: Great Tusk|Stealth Rock|p1a: Goodra
|-sidestart|p1: Kyommunism|move: Stealth Rock
|move|p1a: Goodra|Earthquake|p2a: Great Tusk
|-damage|p2a: Great Tusk|70/100
|
|upkeep
|turn|55
|
|t:|1757809156
|switch|p1a: Corviknight|Corviknight, M, shiny|100/100
|-damage|p1a: Corviknight|88/100|[from] Stealth Rock
|-ability|p1a: Corviknight|Pressure
|move|p2a: Great Tusk|Close Combat|p1a: Corviknight
|-damage|p1a: Corviknight|45/100
|-unboost|p2a: Great Tusk|def|1
|-unboost|p2a: Great Tusk|spd|1
|
|upkeep
|turn|56
|
|t:|1757809160
|move|p2a: Great Tusk|Close Combat|p1a: Corviknight
|-damage|p1a: Corviknight|0 fnt
|-unboost|p2a: Great Tusk|def|1
|-unboost|p2a: Great Tusk|spd|1
|faint|p1a: Corviknight
|
|upkeep
|
|t:|1757809168
|switch|p1a: Ribombee|Ribombee, M, shiny|70/100
|-damage|p1a: Ribombee|45/100|[from] Stealth Rock
|turn|57
|
|t:|1757809171
|-end|p2a: Great Tusk|Protosynthesis|[silent]
|switch|p2a: Slowking|Slowking-Galar, F|77/100
|move|p1a: Ribombee|Quiver Dance|p1a: Ribombee
|-boost|p1a: Ribombee|spa|1
|-boost|p1a: Ribombee|spd|1
|-boost|p1a: Ribombee|spe|1
|
|upkeep
|turn|58
|
|t:|1757809173
|-terastallize|p1a: Ribombee|Fire
|move|p1a: Ribombee|Quiver Dance|p1a: Ribombee
|-boost|p1a: Ribombee|spa|1
|-boost|p1a: Ribombee|spd|1
|-boost|p1a: Ribombee|spe|1
|move|p2a: Slowking|Toxic|p1a: Ribombee
|-status|p1a: Ribombee|tox
|
|-damage|p1a: Ribombee|39/100 tox|[from] psn
|upkeep
|turn|59
|
|t:|1757809179
|move|p1a: Ribombee|Stored Power|p2a: Slowking
|-crit|p2a: Slowking
|-damage|p2a: Slowking|24/100
|move|p2a: Slowking|Future Sight|p1a: Ribombee
|-start|p2a: Slowking|move: Future Sight
|
|-damage|p1a: Ribombee|26/100 tox|[from] psn
|upkeep
|turn|60
|
|t:|1757809185
|switch|p2a: Darkrai|Darkrai|100/100
|move|p1a: Ribombee|Draining Kiss|p2a: Darkrai
|-supereffective|p2a: Darkrai
|-damage|p2a: Darkrai|10/100
|-heal|p1a: Ribombee|85/100 tox|[from] drain|[of] p2a: Darkrai
|
|-damage|p1a: Ribombee|67/100 tox|[from] psn
|upkeep
|turn|61
|inactive|Partynparadise has 120 seconds left.
|
|t:|1757809216
|move|p1a: Ribombee|Tera Blast|p2a: Darkrai|[anim] Tera Blast Fire
|-damage|p2a: Darkrai|0 fnt
|faint|p2a: Darkrai
|
|-end|p1a: Ribombee|move: Future Sight
|-damage|p1a: Ribombee|34/100 tox
|-damage|p1a: Ribombee|10/100 tox|[from] psn
|upkeep
|inactive|Partynparadise has 120 seconds left.
|
|t:|1757809225
|switch|p2a: Kyurem|Kyurem, shiny|73/100
|-ability|p2a: Kyurem|Pressure
|turn|62
|
|t:|1757809227
|move|p2a: Kyurem|Protect|p2a: Kyurem
|-singleturn|p2a: Kyurem|Protect
|move|p1a: Ribombee|Draining Kiss|p2a: Kyurem
|-activate|p2a: Kyurem|move: Protect
|
|-heal|p2a: Kyurem|80/100|[from] item: Leftovers
|-damage|p1a: Ribombee|0 fnt|[from] psn
|faint|p1a: Ribombee
|upkeep
|
|t:|1757809232
|switch|p1a: Goodra|Goodra-Hisui, M, shiny|66/100
|-damage|p1a: Goodra|60/100|[from] Stealth Rock
|turn|63
|
|t:|1757809238
|switch|p2a: Great Tusk|Great Tusk|70/100
|move|p1a: Goodra|Earthquake|p2a: Great Tusk
|-damage|p2a: Great Tusk|57/100
|
|upkeep
|turn|64
|
|t:|1757809245
|switch|p1a: Skeledirge|Skeledirge, M, shiny|56/100
|-damage|p1a: Skeledirge|31/100|[from] Stealth Rock
|move|p2a: Great Tusk|Rapid Spin|p1a: Skeledirge
|-immune|p1a: Skeledirge
|
|upkeep
|turn|65
|
|t:|1757809250
|move|p2a: Great Tusk|Knock Off|p1a: Skeledirge
|-supereffective|p1a: Skeledirge
|-damage|p1a: Skeledirge|2/100
|move|p1a: Skeledirge|Slack Off|p1a: Skeledirge
|-heal|p1a: Skeledirge|52/100
|
|upkeep
|turn|66
|
|t:|1757809255
|-end|p2a: Great Tusk|Protosynthesis|[silent]
|switch|p2a: Slowking|Slowking-Galar, F|58/100
|move|p1a: Skeledirge|Slack Off|p1a: Skeledirge
|-heal|p1a: Skeledirge|100/100
|
|upkeep
|turn|67
|
|t:|1757809257
|move|p1a: Skeledirge|Earth Power|p2a: Slowking
|-supereffective|p2a: Slowking
|-damage|p2a: Slowking|32/100
|move|p2a: Slowking|Toxic|p1a: Skeledirge
|-status|p1a: Skeledirge|tox
|
|-damage|p1a: Skeledirge|94/100 tox|[from] psn
|upkeep
|turn|68
|
|t:|1757809260
|move|p1a: Skeledirge|Torch Song|p2a: Slowking
|-damage|p2a: Slowking|15/100
|-boost|p1a: Skeledirge|spa|1
|-prepare|p2a: Slowking|Chilly Reception|[premajor]
|move|p2a: Slowking|Chilly Reception|p2a: Slowking
|-weather|Snowscape
|
|t:|1757809267
|switch|p2a: Kyurem|Kyurem, shiny|80/100|[from] Chilly Reception
|-ability|p2a: Kyurem|Pressure
|
|-weather|Snowscape|[upkeep]
|-heal|p2a: Kyurem|86/100|[from] item: Leftovers
|-damage|p1a: Skeledirge|82/100 tox|[from] psn
|upkeep
|turn|69
|
|t:|1757809279
|move|p2a: Kyurem|Earth Power|p1a: Skeledirge
|-supereffective|p1a: Skeledirge
|-damage|p1a: Skeledirge|28/100 tox
|move|p1a: Skeledirge|Torch Song|p2a: Kyurem
|-damage|p2a: Kyurem|49/100
|-boost|p1a: Skeledirge|spa|1
|
|-weather|Snowscape|[upkeep]
|-heal|p2a: Kyurem|55/100|[from] item: Leftovers
|-damage|p1a: Skeledirge|10/100 tox|[from] psn
|upkeep
|turn|70
|-message|Kyommunism forfeited.
|
|win|Partynparadise
|raw|Kyommunism's rating: 1500 &rarr; <strong>1481</strong><br />(-19 for losing)
|raw|Partynparadise's rating: 1519 &rarr; <strong>1538</strong><br />(+19 for winning)
|l|☆Kyommunism
|player|p1|
|l| ItsOstro
|l|☆Partynparadise
|player|p2|
