|j|☆Hottttt
|j|☆frodriguez128
|t:|1757947695
|gametype|singles
|player|p1|Hottttt|red|1426
|player|p2|frodriguez128|rosa|1453
|gen|9
|tier|[Gen 9] OU
|rated|
|rule|HP Percentage Mod: HP is shown in percentages
|rule|Endless Battle Clause: Forcing endless battles is banned
|rule|Species Clause: Limit one of each Pokémon
|rule|OHKO Clause: OHKO moves are banned
|rule|Evasion Items Clause: Evasion items are banned
|rule|Evasion Moves Clause: Evasion moves are banned
|rule|Evasion Abilities Clause: Evasion abilities are banned
|rule|Sleep Moves Clause: Sleep-inducing moves are banned
|clearpoke
|poke|p1|Charizard, M|
|poke|p1|Garchomp, M|
|poke|p1|Tinkaton, F|
|poke|p1|Quaquaval, F|
|poke|p1|Walking Wake|
|poke|p1|Darkrai|
|poke|p2|Pelipper, F|
|poke|p2|Kingdra, F|
|poke|p2|Barraskewda, F|
|poke|p2|Dragonite, F|
|poke|p2|Raging Bolt|
|poke|p2|Iron Treads|
|teampreview
|inactive|Battle timer is ON: inactive players will automatically lose when time's up. (requested by Hottttt)
|inactive|frodriguez128 has 120 seconds left.
|
|t:|1757947730
|teamsize|p1|6
|teamsize|p2|6
|start
|switch|p1a: Tinkaton|Tinkaton, F|100/100
|switch|p2a: Pelipper|Pelipper, F|100/100
|-ability|p1a: Tinkaton|Mold Breaker
|-weather|RainDance|[from] ability: Drizzle|[of] p2a: Pelipper
|turn|1
|
|t:|1757947743
|move|p1a: Tinkaton|Knock Off|p2a: Pelipper
|-damage|p2a: Pelipper|87/100
|-enditem|p2a: Pelipper|Damp Rock|[from] move: Knock Off|[of] p1a: Tinkaton
|move|p2a: Pelipper|Knock Off|p1a: Tinkaton
|-resisted|p1a: Tinkaton
|-damage|p1a: Tinkaton|95/100
|-enditem|p1a: Tinkaton|Leftovers|[from] move: Knock Off|[of] p2a: Pelipper
|
|-weather|RainDance|[upkeep]
|upkeep
|turn|2
|
|t:|1757947754
|move|p1a: Tinkaton|Stealth Rock|p2a: Pelipper
|-sidestart|p2: frodriguez128|move: Stealth Rock
|move|p2a: Pelipper|U-turn|p1a: Tinkaton
|-resisted|p1a: Tinkaton
|-damage|p1a: Tinkaton|94/100
|
|t:|1757947764
|switch|p2a: Kingdra|Kingdra, F|100/100|[from] U-turn
|-damage|p2a: Kingdra|88/100|[from] Stealth Rock
|
|-weather|RainDance|[upkeep]
|upkeep
|turn|3
|
|t:|1757947773
|move|p2a: Kingdra|Weather Ball|p1a: Tinkaton
|-damage|p1a: Tinkaton|0 fnt
|faint|p1a: Tinkaton
|
|-weather|RainDance|[upkeep]
|upkeep
|
|t:|1757947788
|switch|p1a: Darkrai|Darkrai|100/100
|turn|4
|
|t:|1757947792
|move|p2a: Kingdra|Weather Ball|p1a: Darkrai
|-damage|p1a: Darkrai|0 fnt
|faint|p1a: Darkrai
|
|-weather|RainDance|[upkeep]
|upkeep
|
|t:|1757947795
|switch|p1a: Quaquaval|Quaquaval, F|100/100
|turn|5
|
|t:|1757947804
|-terastallize|p2a: Kingdra|Water
|move|p2a: Kingdra|Weather Ball|p1a: Quaquaval
|-resisted|p1a: Quaquaval
|-damage|p1a: Quaquaval|0 fnt
|faint|p1a: Quaquaval
|
|-weather|RainDance|[upkeep]
|upkeep
|
|t:|1757947819
|switch|p1a: Walking Wake|Walking Wake|100/100
|turn|6
|inactive|frodriguez128 has 120 seconds left.
|
|t:|1757947867
|switch|p2a: Iron Treads|Iron Treads|100/100
|-damage|p2a: Iron Treads|97/100|[from] Stealth Rock
|-enditem|p2a: Iron Treads|Booster Energy
|-activate|p2a: Iron Treads|ability: Quark Drive|[fromitem]
|-start|p2a: Iron Treads|quarkdrivespe
|move|p1a: Walking Wake|Draco Meteor|p2a: Iron Treads
|-resisted|p2a: Iron Treads
|-damage|p2a: Iron Treads|51/100
|-unboost|p1a: Walking Wake|spa|2
|
|-weather|RainDance|[upkeep]
|upkeep
|turn|7
|inactive|frodriguez128 has 90 seconds left.
|
|t:|1757947900
|-end|p1a: Walking Wake|Protosynthesis|[silent]
|switch|p1a: Charizard|Charizard, M, shiny|100/100
|move|p2a: Iron Treads|Earth Power|p1a: Charizard
|-immune|p1a: Charizard
|
|-weather|RainDance|[upkeep]
|upkeep
|turn|8
|inactive|frodriguez128 has 90 seconds left.
|
|t:|1757947913
|-end|p2a: Iron Treads|Quark Drive|[silent]
|switch|p2a: Kingdra|Kingdra, F, tera:Water|88/100
|-damage|p2a: Kingdra|76/100|[from] Stealth Rock
|move|p1a: Charizard|Hurricane|p2a: Kingdra
|-damage|p2a: Kingdra|10/100
|-start|p2a: Kingdra|confusion
|
|-weather|none
|upkeep
|turn|9
|inactive|frodriguez128 has 90 seconds left.
|
|t:|1757947925
|switch|p2a: Pelipper|Pelipper, F|87/100
|-damage|p2a: Pelipper|62/100|[from] Stealth Rock
|-weather|RainDance|[from] ability: Drizzle|[of] p2a: Pelipper
|move|p1a: Charizard|Tera Blast|p2a: Pelipper
|-damage|p2a: Pelipper|29/100
|
|-weather|RainDance|[upkeep]
|upkeep
|turn|10
|inactive|frodriguez128 has 90 seconds left.
|
|t:|1757947936
|switch|p2a: Raging Bolt|Raging Bolt|100/100
|-damage|p2a: Raging Bolt|88/100|[from] Stealth Rock
|-enditem|p2a: Raging Bolt|Booster Energy
|-activate|p2a: Raging Bolt|ability: Protosynthesis|[fromitem]
|-start|p2a: Raging Bolt|protosynthesisspa
|move|p1a: Charizard|Hurricane|p2a: Raging Bolt
|-resisted|p2a: Raging Bolt
|-damage|p2a: Raging Bolt|64/100
|
|-weather|RainDance|[upkeep]
|upkeep
|turn|11
|inactive|frodriguez128 has 90 seconds left.
|
|t:|1757947947
|move|p1a: Charizard|Focus Blast|p2a: Raging Bolt
|-damage|p2a: Raging Bolt|30/100
|move|p2a: Raging Bolt|Dragon Pulse|p1a: Charizard
|-damage|p1a: Charizard|8/100
|
|-weather|RainDance|[upkeep]
|upkeep
|turn|12
|inactive|frodriguez128 has 90 seconds left.
|
|t:|1757947956
|move|p2a: Raging Bolt|Thunderclap|p1a: Charizard
|-supereffective|p1a: Charizard
|-damage|p1a: Charizard|0 fnt
|faint|p1a: Charizard
|
|-weather|RainDance|[upkeep]
|upkeep
|
|t:|1757947959
|switch|p1a: Garchomp|Garchomp, M|100/100
|turn|13
|
|t:|1757947968
|move|p1a: Garchomp|Scale Shot|p2a: Raging Bolt
|-supereffective|p2a: Raging Bolt
|-damage|p2a: Raging Bolt|4/100
|-supereffective|p2a: Raging Bolt
|-damage|p2a: Raging Bolt|0 fnt
|faint|p2a: Raging Bolt
|-end|p2a: Raging Bolt|Protosynthesis|[silent]
|-hitcount|p2: Raging Bolt|2
|-unboost|p1a: Garchomp|def|1
|-boost|p1a: Garchomp|spe|1
|
|-weather|none
|upkeep
|
|t:|1757947982
|switch|p2a: Iron Treads|Iron Treads|51/100
|-damage|p2a: Iron Treads|48/100|[from] Stealth Rock
|turn|14
|
|t:|1757947993
|move|p1a: Garchomp|Earthquake|p2a: Iron Treads
|-supereffective|p2a: Iron Treads
|-damage|p2a: Iron Treads|0 fnt
|faint|p2a: Iron Treads
|-end|p2a: Iron Treads|Quark Drive|[silent]
|
|upkeep
|
|t:|1757947999
|switch|p2a: Pelipper|Pelipper, F|29/100
|-damage|p2a: Pelipper|5/100|[from] Stealth Rock
|-weather|RainDance|[from] ability: Drizzle|[of] p2a: Pelipper
|turn|15
|
|t:|1757948010
|move|p1a: Garchomp|Scale Shot|p2a: Pelipper
|-crit|p2a: Pelipper
|-damage|p2a: Pelipper|0 fnt
|faint|p2a: Pelipper
|-hitcount|p2: Pelipper|1
|-unboost|p1a: Garchomp|def|1
|-boost|p1a: Garchomp|spe|1
|
|-weather|RainDance|[upkeep]
|upkeep
|
|t:|1757948025
|switch|p2a: Barraskewda|Barraskewda, F|100/100
|-damage|p2a: Barraskewda|88/100|[from] Stealth Rock
|turn|16
|
|t:|1757948030
|move|p2a: Barraskewda|Liquidation|p1a: Garchomp
|-damage|p1a: Garchomp|0 fnt
|-damage|p2a: Barraskewda|76/100|[from] ability: Rough Skin|[of] p1a: Garchomp
|faint|p1a: Garchomp
|-damage|p2a: Barraskewda|66/100|[from] item: Life Orb
|
|-weather|RainDance|[upkeep]
|upkeep
|
|t:|1757948033
|switch|p1a: Walking Wake|Walking Wake|100/100
|turn|17
|
|t:|1757948054
|move|p2a: Barraskewda|Close Combat|p1a: Walking Wake
|-damage|p1a: Walking Wake|33/100
|-unboost|p2a: Barraskewda|def|1
|-unboost|p2a: Barraskewda|spd|1
|-damage|p2a: Barraskewda|56/100|[from] item: Life Orb
|move|p1a: Walking Wake|Tera Blast|p2a: Barraskewda
|-damage|p2a: Barraskewda|0 fnt
|faint|p2a: Barraskewda
|
|-weather|RainDance|[upkeep]
|upkeep
|
|t:|1757948066
|switch|p2a: Kingdra|Kingdra, F, tera:Water|10/100
|-damage|p2a: Kingdra|0 fnt|[from] Stealth Rock
|faint|p2a: Kingdra
|
|t:|1757948070
|switch|p2a: Dragonite|Dragonite, F|100/100
|turn|18
|
|t:|1757948079
|-terastallize|p1a: Walking Wake|Fairy
|move|p1a: Walking Wake|Tera Blast|p2a: Dragonite|[anim] Tera Blast Fairy
|-supereffective|p2a: Dragonite
|-damage|p2a: Dragonite|58/100
|move|p2a: Dragonite|Low Kick|p1a: Walking Wake
|-resisted|p1a: Walking Wake
|-damage|p1a: Walking Wake|7/100
|
|-weather|RainDance|[upkeep]
|upkeep
|turn|19
|inactive|frodriguez128 has 120 seconds left.
|
|t:|1757948090
|move|p1a: Walking Wake|Tera Blast|p2a: Dragonite|[anim] Tera Blast Fairy
|-supereffective|p2a: Dragonite
|-damage|p2a: Dragonite|0 fnt
|faint|p2a: Dragonite
|
|win|Hottttt
|raw|Hottttt's rating: 1426 &rarr; <strong>1448</strong><br />(+22 for winning)
|raw|frodriguez128's rating: 1453 &rarr; <strong>1431</strong><br />(-22 for losing)
|l|☆frodriguez128
|player|p2|
|l|☆Hottttt
|player|p1|
