|j|☆abdkkgja
|j|☆langa hasegawa
|t:|1757910166
|gametype|singles
|player|p1|abdkkgja|lacey|1588
|player|p2|langa hasegawa|steven|1620
|gen|9
|tier|[Gen 9] OU
|rated|
|rule|HP Percentage Mod: HP is shown in percentages
|rule|Endless Battle Clause: Forcing endless battles is banned
|rule|Species Clause: Limit one of each Pokémon
|rule|OHKO Clause: OHKO moves are banned
|rule|Evasion Items Clause: Evasion items are banned
|rule|Evasion Moves Clause: Evasion moves are banned
|rule|Evasion Abilities Clause: Evasion abilities are banned
|rule|Sleep Moves Clause: Sleep-inducing moves are banned
|clearpoke
|poke|p1|Ninetales-Alola, F|
|poke|p1|Ursaluna, M|
|poke|p1|Mew|
|poke|p1|Polteageist|
|poke|p1|Great Tusk|
|poke|p1|Kingambit, F|
|poke|p2|Zamazenta-*|
|poke|p2|Landorus-Therian, M|
|poke|p2|Weezing-Galar, M|
|poke|p2|Kyurem|
|poke|p2|Garganacl, F|
|poke|p2|Gholdengo|
|teampreview
|c|☆langa hasegawa|hf
|
|t:|1757910194
|teamsize|p1|6
|teamsize|p2|6
|start
|switch|p1a: Mew|Mew|100/100
|switch|p2a: Garganacl|Garganacl, F|100/100
|turn|1
|
|t:|1757910201
|move|p1a: Mew|Swords Dance|p1a: Mew
|-boost|p1a: Mew|atk|2
|move|p2a: Garganacl|Stealth Rock|p1a: Mew
|-sidestart|p1: abdkkgja|move: Stealth Rock
|
|upkeep
|turn|2
|
|t:|1757910221
|-terastallize|p1a: Mew|Ground
|move|p1a: Mew|Earthquake|p2a: Garganacl
|-supereffective|p2a: Garganacl
|-damage|p2a: Garganacl|0 fnt
|faint|p2a: Garganacl
|
|upkeep
|
|t:|1757910229
|switch|p2a: Kyurem|Kyurem|100/100
|-ability|p2a: Kyurem|Pressure
|turn|3
|
|t:|1757910233
|move|p1a: Mew|Scale Shot|p2a: Kyurem
|-supereffective|p2a: Kyurem
|-damage|p2a: Kyurem|75/100
|-supereffective|p2a: Kyurem
|-damage|p2a: Kyurem|50/100
|-supereffective|p2a: Kyurem
|-damage|p2a: Kyurem|23/100
|-supereffective|p2a: Kyurem
|-damage|p2a: Kyurem|0 fnt
|faint|p2a: Kyurem
|-hitcount|p2: Kyurem|4
|-unboost|p1a: Mew|def|1
|-boost|p1a: Mew|spe|1
|
|upkeep
|
|t:|1757910239
|switch|p2a: Landorus|Landorus-Therian, M|100/100
|-ability|p2a: Landorus|Intimidate|boost
|-unboost|p1a: Mew|atk|1
|turn|4
|
|t:|1757910243
|move|p1a: Mew|Icicle Spear|p2a: Landorus
|-supereffective|p2a: Landorus
|-damage|p2a: Landorus|52/100
|-supereffective|p2a: Landorus
|-damage|p2a: Landorus|0 fnt
|faint|p2a: Landorus
|-hitcount|p2: Landorus|2
|
|upkeep
|c|☆langa hasegawa|6-0d by mew
|c|☆langa hasegawa|gg
|
|t:|1757910253
|switch|p2a: Zamazenta|Zamazenta|100/100
|-ability|p2a: Zamazenta|Dauntless Shield|boost
|-boost|p2a: Zamazenta|def|1
|turn|5
|c|☆abdkkgja|gg
|
|t:|1757910266
|move|p1a: Mew|Icicle Spear|p2a: Zamazenta
|-damage|p2a: Zamazenta|94/100
|-damage|p2a: Zamazenta|88/100
|-damage|p2a: Zamazenta|82/100
|-damage|p2a: Zamazenta|76/100
|-damage|p2a: Zamazenta|70/100
|-hitcount|p2a: Zamazenta|5
|move|p2a: Zamazenta|Iron Defense|p2a: Zamazenta
|-boost|p2a: Zamazenta|def|2
|
|-heal|p2a: Zamazenta|76/100|[from] item: Leftovers
|upkeep
|turn|6
|
|t:|1757910273
|move|p1a: Mew|Earthquake|p2a: Zamazenta
|-damage|p2a: Zamazenta|57/100
|move|p2a: Zamazenta|Body Press|p1a: Mew
|-damage|p1a: Mew|0 fnt
|faint|p1a: Mew
|
|-heal|p2a: Zamazenta|63/100|[from] item: Leftovers
|upkeep
|
|t:|1757910277
|switch|p1a: Polteageist|Polteageist|100/100
|-damage|p1a: Polteageist|88/100|[from] Stealth Rock
|turn|7
|
|t:|1757910281
|move|p1a: Polteageist|Strength Sap|p2a: Zamazenta
|-unboost|p2a: Zamazenta|atk|1
|-heal|p1a: Polteageist|100/100
|move|p2a: Zamazenta|Roar|p1a: Polteageist
|drag|p1a: Great Tusk|Great Tusk|100/100
|-damage|p1a: Great Tusk|98/100|[from] Stealth Rock
|-enditem|p1a: Great Tusk|Booster Energy
|-activate|p1a: Great Tusk|ability: Protosynthesis|[fromitem]
|-start|p1a: Great Tusk|protosynthesisspe
|
|-heal|p2a: Zamazenta|69/100|[from] item: Leftovers
|upkeep
|turn|8
|
|t:|1757910286
|move|p1a: Great Tusk|Rapid Spin|p2a: Zamazenta
|-damage|p2a: Zamazenta|65/100
|-boost|p1a: Great Tusk|spe|1
|-sideend|p1: abdkkgja|Stealth Rock|[from] move: Rapid Spin|[of] p1a: Great Tusk
|move|p2a: Zamazenta|Roar|p1a: Great Tusk
|-end|p1a: Great Tusk|Protosynthesis|[silent]
|drag|p1a: Ursaluna|Ursaluna, M|100/100
|
|-heal|p2a: Zamazenta|71/100|[from] item: Leftovers
|-status|p1a: Ursaluna|brn|[from] item: Flame Orb
|upkeep
|turn|9
|
|t:|1757910289
|switch|p1a: Polteageist|Polteageist|100/100
|move|p2a: Zamazenta|Body Press|p1a: Polteageist
|-immune|p1a: Polteageist
|
|-heal|p2a: Zamazenta|77/100|[from] item: Leftovers
|upkeep
|turn|10
|
|t:|1757910293
|move|p1a: Polteageist|Shadow Ball|p2a: Zamazenta
|-damage|p2a: Zamazenta|54/100
|move|p2a: Zamazenta|Roar|p1a: Polteageist
|drag|p1a: Great Tusk|Great Tusk|98/100
|
|-heal|p2a: Zamazenta|60/100|[from] item: Leftovers
|upkeep
|turn|11
|
|t:|1757910302
|-end|p1a: Great Tusk|Protosynthesis|[silent]
|switch|p1a: Polteageist|Polteageist|100/100
|move|p2a: Zamazenta|Body Press|p1a: Polteageist
|-immune|p1a: Polteageist
|
|-heal|p2a: Zamazenta|66/100|[from] item: Leftovers
|upkeep
|turn|12
|
|t:|1757910305
|move|p1a: Polteageist|Strength Sap|p2a: Zamazenta
|-unboost|p2a: Zamazenta|atk|1
|move|p2a: Zamazenta|Roar|p1a: Polteageist
|drag|p1a: Ursaluna|Ursaluna, M|100/100 brn
|
|-heal|p2a: Zamazenta|72/100|[from] item: Leftovers
|-damage|p1a: Ursaluna|94/100 brn|[from] brn
|upkeep
|turn|13
|
|t:|1757910309
|switch|p1a: Polteageist|Polteageist|100/100
|move|p2a: Zamazenta|Crunch|p1a: Polteageist
|-supereffective|p1a: Polteageist
|-damage|p1a: Polteageist|69/100
|-start|p2a: Zamazenta|Disable|Crunch|[from] ability: Cursed Body|[of] p1a: Polteageist
|
|-heal|p2a: Zamazenta|79/100|[from] item: Leftovers
|upkeep
|turn|14
|
|t:|1757910317
|move|p1a: Polteageist|Shadow Ball|p2a: Zamazenta
|-damage|p2a: Zamazenta|52/100
|move|p2a: Zamazenta|Roar|p1a: Polteageist
|drag|p1a: Ninetales|Ninetales-Alola, F|100/100
|-weather|Snowscape|[from] ability: Snow Warning|[of] p1a: Ninetales
|
|-weather|Snowscape|[upkeep]
|-heal|p2a: Zamazenta|58/100|[from] item: Leftovers
|upkeep
|turn|15
|
|t:|1757910326
|switch|p2a: Gholdengo|Gholdengo|100/100
|switch|p1a: Polteageist|Polteageist|69/100
|
|-weather|Snowscape|[upkeep]
|upkeep
|turn|16
|
|t:|1757910334
|switch|p1a: Ursaluna|Ursaluna, M|94/100 brn
|move|p2a: Gholdengo|Shadow Ball|p1a: Ursaluna
|-immune|p1a: Ursaluna
|
|-weather|Snowscape|[upkeep]
|-damage|p1a: Ursaluna|88/100 brn|[from] brn
|upkeep
|turn|17
|
|t:|1757910343
|switch|p2a: Weezing|Weezing-Galar, M|100/100
|-ability|p2a: Weezing|Neutralizing Gas
|move|p1a: Ursaluna|Earthquake|p2a: Weezing
|-supereffective|p2a: Weezing
|-damage|p2a: Weezing|60/100
|
|-weather|Snowscape|[upkeep]
|-damage|p1a: Ursaluna|82/100 brn|[from] brn
|upkeep
|turn|18
|
|t:|1757910353
|move|p1a: Ursaluna|Facade|p2a: Weezing
|-damage|p2a: Weezing|1/100
|move|p2a: Weezing|Sludge Bomb|p1a: Ursaluna
|-resisted|p1a: Ursaluna
|-damage|p1a: Ursaluna|68/100 brn
|
|-weather|none
|-damage|p1a: Ursaluna|61/100 brn|[from] brn
|upkeep
|turn|19
|
|t:|1757910359
|move|p1a: Ursaluna|Earthquake|p2a: Weezing
|-supereffective|p2a: Weezing
|-damage|p2a: Weezing|0 fnt
|faint|p2a: Weezing
|-end|p2a: Weezing|ability: Neutralizing Gas
|
|-damage|p1a: Ursaluna|55/100 brn|[from] brn
|upkeep
|
|t:|1757910367
|switch|p2a: Gholdengo|Gholdengo|100/100
|turn|20
|
|t:|1757910371
|-terastallize|p2a: Gholdengo|Steel
|move|p2a: Gholdengo|Make It Rain|p1a: Ursaluna
|-damage|p1a: Ursaluna|0 fnt
|-unboost|p2a: Gholdengo|spa|1
|faint|p1a: Ursaluna
|
|upkeep
|
|t:|1757910376
|switch|p1a: Kingambit|Kingambit, F|100/100
|-activate|p1a: Kingambit|ability: Supreme Overlord
|-start|p1a: Kingambit|fallen2|[silent]
|turn|21
|
|t:|1757910381
|switch|p2a: Zamazenta|Zamazenta|58/100
|move|p1a: Kingambit|Iron Head|p2a: Zamazenta
|-damage|p2a: Zamazenta|16/100
|
|-heal|p2a: Zamazenta|22/100|[from] item: Leftovers
|upkeep
|turn|22
|
|t:|1757910388
|-end|p1a: Kingambit|fallen2|[silent]
|switch|p1a: Ninetales|Ninetales-Alola, F|100/100
|-weather|Snowscape|[from] ability: Snow Warning|[of] p1a: Ninetales
|move|p2a: Zamazenta|Iron Defense|p2a: Zamazenta
|-boost|p2a: Zamazenta|def|2
|
|-weather|Snowscape|[upkeep]
|-heal|p2a: Zamazenta|29/100|[from] item: Leftovers
|upkeep
|turn|23
|
|t:|1757910393
|move|p2a: Zamazenta|Body Press|p1a: Ninetales
|-damage|p1a: Ninetales|53/100
|move|p1a: Ninetales|Encore|p2a: Zamazenta
|-start|p2a: Zamazenta|Encore
|
|-weather|Snowscape|[upkeep]
|-heal|p2a: Zamazenta|35/100|[from] item: Leftovers
|upkeep
|turn|24
|
|t:|1757910399
|switch|p2a: Gholdengo|Gholdengo, tera:Steel|100/100
|move|p1a: Ninetales|Aurora Veil|p1a: Ninetales
|-sidestart|p1: abdkkgja|move: Aurora Veil
|
|-weather|Snowscape|[upkeep]
|upkeep
|turn|25
|
|t:|1757910405
|switch|p1a: Kingambit|Kingambit, F|100/100
|-activate|p1a: Kingambit|ability: Supreme Overlord
|-start|p1a: Kingambit|fallen2|[silent]
|move|p2a: Gholdengo|Nasty Plot|p2a: Gholdengo
|-boost|p2a: Gholdengo|spa|2
|
|-weather|Snowscape|[upkeep]
|upkeep
|turn|26
|
|t:|1757910410
|move|p2a: Gholdengo|Make It Rain|p1a: Kingambit
|-resisted|p1a: Kingambit
|-damage|p1a: Kingambit|37/100
|-unboost|p2a: Gholdengo|spa|1
|move|p1a: Kingambit|Low Kick|p2a: Gholdengo
|-supereffective|p2a: Gholdengo
|-damage|p2a: Gholdengo|39/100
|
|-weather|none
|upkeep
|turn|27
|
|t:|1757910421
|move|p2a: Gholdengo|Nasty Plot|p2a: Gholdengo
|-boost|p2a: Gholdengo|spa|2
|move|p1a: Kingambit|Low Kick|p2a: Gholdengo
|-supereffective|p2a: Gholdengo
|-damage|p2a: Gholdengo|0 fnt
|faint|p2a: Gholdengo
|
|upkeep
|
|t:|1757910423
|switch|p2a: Zamazenta|Zamazenta|35/100
|turn|28
|
|t:|1757910427
|move|p2a: Zamazenta|Iron Defense|p2a: Zamazenta
|-boost|p2a: Zamazenta|def|2
|move|p1a: Kingambit|Iron Head|p2a: Zamazenta
|-damage|p2a: Zamazenta|16/100
|
|-heal|p2a: Zamazenta|22/100|[from] item: Leftovers
|upkeep
|turn|29
|
|t:|1757910429
|move|p2a: Zamazenta|Body Press|p1a: Kingambit
|-supereffective|p1a: Kingambit
|-damage|p1a: Kingambit|0 fnt
|faint|p1a: Kingambit
|-end|p1a: Kingambit|fallen2|[silent]
|
|-heal|p2a: Zamazenta|28/100|[from] item: Leftovers
|upkeep
|
|t:|1757910432
|switch|p1a: Polteageist|Polteageist|69/100
|turn|30
|c|☆langa hasegawa|gg
|-message|langa hasegawa forfeited.
|
|win|abdkkgja
|raw|abdkkgja's rating: 1588 &rarr; <strong>1610</strong><br />(+22 for winning)
|raw|langa hasegawa's rating: 1620 &rarr; <strong>1598</strong><br />(-22 for losing)
|l|☆langa hasegawa
|player|p2|
|l|☆abdkkgja
|player|p1|
