|j|☆Jus4funsies
|j|☆cro$$w1n
|t:|1757815397
|gametype|singles
|player|p1|Jus4funsies|teamrocket|1441
|player|p2|cro$$w1n|266|1417
|gen|9
|tier|[Gen 9] OU
|rated|
|rule|HP Percentage Mod: HP is shown in percentages
|rule|Endless Battle Clause: Forcing endless battles is banned
|rule|Species Clause: Limit one of each Pokémon
|rule|OHKO Clause: OHKO moves are banned
|rule|Evasion Items Clause: Evasion items are banned
|rule|Evasion Moves Clause: Evasion moves are banned
|rule|Evasion Abilities Clause: Evasion abilities are banned
|rule|Sleep Moves Clause: Sleep-inducing moves are banned
|clearpoke
|poke|p1|Samurott-Hisui, F|
|poke|p1|Gholdengo|
|poke|p1|Great Tusk|
|poke|p1|Raging Bolt|
|poke|p1|Dragonite, F|
|poke|p1|Kingambit, M|
|poke|p2|Incineroar, F|
|poke|p2|Blissey, F|
|poke|p2|Garganacl, F|
|poke|p2|Garchomp, M|
|poke|p2|Mimikyu, F|
|poke|p2|Forretress, F|
|teampreview
|inactive|Battle timer is ON: inactive players will automatically lose when time's up. (requested by cro$$w1n)
|
|t:|1757815426
|teamsize|p1|6
|teamsize|p2|6
|start
|switch|p1a: Samurott|Samurott-Hisui, F|100/100
|switch|p2a: Turbo|Garchomp, M|100/100
|turn|1
|
|t:|1757815433
|move|p2a: Turbo|Earth Power|p1a: Samurott
|-damage|p1a: Samurott|47/100
|move|p1a: Samurott|Ceaseless Edge|p2a: Turbo
|-damage|p2a: Turbo|59/100
|-damage|p1a: Samurott|35/100|[from] ability: Rough Skin|[of] p2a: Turbo
|-damage|p1a: Samurott|18/100|[from] item: Rocky Helmet|[of] p2a: Turbo
|-sidestart|p2: cro$$w1n|Spikes
|
|upkeep
|turn|2
|
|t:|1757815444
|move|p1a: Samurott|Sucker Punch||[still]
|-fail|p1a: Samurott
|move|p2a: Turbo|Stealth Rock|p1a: Samurott
|-sidestart|p1: Jus4funsies|move: Stealth Rock
|
|upkeep
|turn|3
|
|t:|1757815451
|move|p2a: Turbo|Earth Power|p1a: Samurott
|-damage|p1a: Samurott|0 fnt
|faint|p1a: Samurott
|
|upkeep
|
|t:|1757815461
|switch|p1a: Great Tusk|Great Tusk|100/100
|turn|4
|
|t:|1757815466
|move|p2a: Turbo|Draco Meteor|p1a: Great Tusk
|-damage|p1a: Great Tusk|36/100
|-unboost|p2a: Turbo|spa|2
|move|p1a: Great Tusk|Ice Spinner|p2a: Turbo
|-supereffective|p2a: Turbo
|-damage|p2a: Turbo|0 fnt
|-damage|p1a: Great Tusk|24/100|[from] ability: Rough Skin|[of] p2a: Turbo
|-damage|p1a: Great Tusk|7/100|[from] item: Rocky Helmet|[of] p2a: Turbo
|faint|p2a: Turbo
|
|upkeep
|
|t:|1757815479
|switch|p2a: Ink|Incineroar, F, shiny|100/100
|-ability|p2a: Ink|Intimidate|boost
|-unboost|p1a: Great Tusk|atk|1
|turn|5
|inactive|Jus4funsies has 120 seconds left.
|
|t:|1757815520
|move|p2a: Ink|Fake Out|p1a: Great Tusk
|-damage|p1a: Great Tusk|0 fnt
|faint|p1a: Great Tusk
|-end|p1a: Great Tusk|Protosynthesis|[silent]
|
|upkeep
|inactive|Jus4funsies has 90 seconds left.
|
|t:|1757815546
|switch|p1a: Raging Bolt|Raging Bolt|100/100
|-damage|p1a: Raging Bolt|88/100|[from] Stealth Rock
|-enditem|p1a: Raging Bolt|Booster Energy
|-activate|p1a: Raging Bolt|ability: Protosynthesis|[fromitem]
|-start|p1a: Raging Bolt|protosynthesisspa
|turn|6
|
|t:|1757815557
|switch|p2a: bunK|Blissey, F|100/100
|-damage|p2a: bunK|88/100|[from] Spikes
|move|p1a: Raging Bolt|Thunderbolt|p2a: bunK
|-damage|p2a: bunK|69/100
|-status|p2a: bunK|par
|
|-heal|p2a: bunK|76/100 par|[from] item: Leftovers
|upkeep
|turn|7
|
|t:|1757815569
|-end|p1a: Raging Bolt|Protosynthesis|[silent]
|switch|p1a: Dragonite|Dragonite, F|100/100
|cant|p2a: bunK|par
|
|-heal|p2a: bunK|82/100 par|[from] item: Leftovers
|upkeep
|turn|8
|
|t:|1757815579
|-curestatus|p2a: bunK|par|[from] ability: Natural Cure
|switch|p2a: Ink|Incineroar, F, shiny|100/100
|-ability|p2a: Ink|Intimidate|boost
|-unboost|p1a: Dragonite|atk|1
|move|p1a: Dragonite|Dragon Dance|p1a: Dragonite
|-boost|p1a: Dragonite|atk|1
|-boost|p1a: Dragonite|spe|1
|
|upkeep
|turn|9
|inactive|Jus4funsies has 120 seconds left.
|
|t:|1757815598
|move|p1a: Dragonite|Earthquake|p2a: Ink
|-supereffective|p2a: Ink
|-damage|p2a: Ink|38/100
|move|p2a: Ink|Will-O-Wisp|p1a: Dragonite|[miss]
|-miss|p2a: Ink|p1a: Dragonite
|
|upkeep
|turn|10
|c|☆Jus4funsies|Yay
|c|☆cro$$w1n|Gg
|
|t:|1757815612
|move|p1a: Dragonite|Earthquake|p2a: Ink
|-supereffective|p2a: Ink
|-damage|p2a: Ink|0 fnt
|faint|p2a: Ink
|
|upkeep
|
|t:|1757815619
|switch|p2a: Fubar|Garganacl, F|100/100
|-damage|p2a: Fubar|88/100|[from] Spikes
|turn|11
|c|☆Jus4funsies|U know the song i dont know by erika
|c|☆Jus4funsies|it's so good
|
|t:|1757815631
|-terastallize|p2a: Fubar|Ghost
|move|p1a: Dragonite|Earthquake|p2a: Fubar
|-damage|p2a: Fubar|65/100
|move|p2a: Fubar|Substitute|p2a: Fubar
|-start|p2a: Fubar|Substitute
|-damage|p2a: Fubar|40/100
|
|-heal|p2a: Fubar|46/100|[from] item: Leftovers
|upkeep
|turn|12
|c|☆cro$$w1n|Xd
|inactive|Jus4funsies has 120 seconds left.
|
|t:|1757815648
|move|p1a: Dragonite|Earthquake|p2a: Fubar
|-activate|p2a: Fubar|move: Substitute|[damage]
|move|p2a: Fubar|Salt Cure|p1a: Dragonite
|-supereffective|p1a: Dragonite
|-damage|p1a: Dragonite|86/100
|-start|p1a: Dragonite|Salt Cure
|
|-heal|p2a: Fubar|52/100|[from] item: Leftovers
|-damage|p1a: Dragonite|74/100|[from] Salt Cure
|upkeep
|turn|13
|
|t:|1757815659
|move|p1a: Dragonite|Earthquake|p2a: Fubar
|-end|p2a: Fubar|Substitute
|move|p2a: Fubar|Recover|p2a: Fubar
|-heal|p2a: Fubar|100/100
|
|-damage|p1a: Dragonite|61/100|[from] Salt Cure
|upkeep
|turn|14
|
|t:|1757815668
|move|p1a: Dragonite|Roost|p1a: Dragonite
|-heal|p1a: Dragonite|100/100
|-singleturn|p1a: Dragonite|move: Roost
|move|p2a: Fubar|Substitute|p2a: Fubar
|-start|p2a: Fubar|Substitute
|-damage|p2a: Fubar|76/100
|
|-heal|p2a: Fubar|82/100|[from] item: Leftovers
|-damage|p1a: Dragonite|88/100|[from] Salt Cure
|upkeep
|turn|15
|
|t:|1757815680
|move|p2a: Fubar|Protect|p2a: Fubar
|-singleturn|p2a: Fubar|Protect
|move|p1a: Dragonite|Earthquake|p2a: Fubar
|-activate|p2a: Fubar|move: Protect
|
|-heal|p2a: Fubar|88/100|[from] item: Leftovers
|-damage|p1a: Dragonite|76/100|[from] Salt Cure
|upkeep
|turn|16
|
|t:|1757815690
|move|p1a: Dragonite|Earthquake|p2a: Fubar
|-crit|p2a: Fubar
|-end|p2a: Fubar|Substitute
|move|p2a: Fubar|Salt Cure|p1a: Dragonite
|-supereffective|p1a: Dragonite
|-damage|p1a: Dragonite|45/100
|
|-heal|p2a: Fubar|94/100|[from] item: Leftovers
|-damage|p1a: Dragonite|33/100|[from] Salt Cure
|upkeep
|turn|17
|
|t:|1757815713
|move|p1a: Dragonite|Roost|p1a: Dragonite
|-heal|p1a: Dragonite|83/100
|-singleturn|p1a: Dragonite|move: Roost
|move|p2a: Fubar|Substitute|p2a: Fubar
|-start|p2a: Fubar|Substitute
|-damage|p2a: Fubar|69/100
|
|-heal|p2a: Fubar|75/100|[from] item: Leftovers
|-damage|p1a: Dragonite|71/100|[from] Salt Cure
|upkeep
|turn|18
|
|t:|1757815724
|switch|p1a: Kingambit|Kingambit, M, shiny|100/100
|-damage|p1a: Kingambit|94/100|[from] Stealth Rock
|-activate|p1a: Kingambit|ability: Supreme Overlord
|-start|p1a: Kingambit|fallen2|[silent]
|move|p2a: Fubar|Protect||[still]
|-fail|p2a: Fubar
|
|-heal|p2a: Fubar|81/100|[from] item: Leftovers
|upkeep
|turn|19
|
|t:|1757815735
|move|p1a: Kingambit|Sucker Punch|p2a: Fubar
|-supereffective|p2a: Fubar
|-end|p2a: Fubar|Substitute
|move|p2a: Fubar|Salt Cure|p1a: Kingambit
|-resisted|p1a: Kingambit
|-damage|p1a: Kingambit|89/100
|-start|p1a: Kingambit|Salt Cure
|
|-heal|p2a: Fubar|87/100|[from] item: Leftovers
|-damage|p1a: Kingambit|64/100|[from] Salt Cure
|upkeep
|turn|20
|
|t:|1757815750
|switch|p2a: Larry|Forretress, F|100/100
|move|p1a: Kingambit|Kowtow Cleave|p2a: Larry
|-damage|p2a: Larry|63/100
|
|-damage|p1a: Kingambit|39/100|[from] Salt Cure
|upkeep
|turn|21
|
|t:|1757815759
|-end|p1a: Kingambit|fallen2|[silent]
|switch|p1a: Raging Bolt|Raging Bolt|88/100
|-damage|p1a: Raging Bolt|76/100|[from] Stealth Rock
|move|p2a: Larry|Spikes|p1a: Raging Bolt
|-sidestart|p1: Jus4funsies|Spikes
|
|upkeep
|turn|22
|
|t:|1757815770
|switch|p2a: bunK|Blissey, F|82/100
|-damage|p2a: bunK|69/100|[from] Spikes
|move|p1a: Raging Bolt|Calm Mind|p1a: Raging Bolt
|-boost|p1a: Raging Bolt|spa|1
|-boost|p1a: Raging Bolt|spd|1
|
|-heal|p2a: bunK|75/100|[from] item: Leftovers
|upkeep
|turn|23
|
|t:|1757815783
|-end|p1a: Raging Bolt|Protosynthesis|[silent]
|switch|p1a: Gholdengo|Gholdengo, shiny|100/100
|-damage|p1a: Gholdengo|94/100|[from] Stealth Rock
|-item|p1a: Gholdengo|Air Balloon
|move|p2a: bunK|Soft-Boiled|p2a: bunK
|-heal|p2a: bunK|100/100
|
|upkeep
|turn|24
|
|t:|1757815793
|move|p1a: Gholdengo|Nasty Plot|p1a: Gholdengo
|-boost|p1a: Gholdengo|spa|2
|move|p2a: bunK|Shadow Ball|p1a: Gholdengo
|-supereffective|p1a: Gholdengo
|-damage|p1a: Gholdengo|56/100
|-enditem|p1a: Gholdengo|Air Balloon
|
|upkeep
|turn|25
|
|t:|1757815802
|move|p1a: Gholdengo|Nasty Plot|p1a: Gholdengo
|-boost|p1a: Gholdengo|spa|2
|move|p2a: bunK|Shadow Ball|p1a: Gholdengo
|-supereffective|p1a: Gholdengo
|-damage|p1a: Gholdengo|18/100
|
|upkeep
|turn|26
|
|t:|1757815810
|move|p1a: Gholdengo|Recover|p1a: Gholdengo
|-heal|p1a: Gholdengo|68/100
|move|p2a: bunK|Shadow Ball|p1a: Gholdengo
|-supereffective|p1a: Gholdengo
|-damage|p1a: Gholdengo|33/100
|
|upkeep
|turn|27
|
|t:|1757815817
|move|p1a: Gholdengo|Recover|p1a: Gholdengo
|-heal|p1a: Gholdengo|83/100
|move|p2a: bunK|Shadow Ball|p1a: Gholdengo
|-supereffective|p1a: Gholdengo
|-damage|p1a: Gholdengo|49/100
|
|upkeep
|turn|28
|c|☆Jus4funsies|Pls no spd down
|
|t:|1757815825
|move|p1a: Gholdengo|Recover|p1a: Gholdengo
|-heal|p1a: Gholdengo|99/100
|move|p2a: bunK|Shadow Ball|p1a: Gholdengo
|-supereffective|p1a: Gholdengo
|-damage|p1a: Gholdengo|61/100
|-unboost|p1a: Gholdengo|spd|1
|
|upkeep
|turn|29
|
|t:|1757815833
|move|p1a: Gholdengo|Make It Rain|p2a: bunK
|-damage|p2a: bunK|47/100
|-unboost|p1a: Gholdengo|spa|1
|move|p2a: bunK|Shadow Ball|p1a: Gholdengo
|-supereffective|p1a: Gholdengo
|-damage|p1a: Gholdengo|2/100
|
|-heal|p2a: bunK|53/100|[from] item: Leftovers
|upkeep
|turn|30
|inactive|cro$$w1n has 120 seconds left.
|c|☆cro$$w1n|Last guy didn't believe me that it took a 4x goldengo crit to ko blissey
|c|☆Jus4funsies|Oh
|c|☆Jus4funsies|Do u enjoy playing stall
|inactive|cro$$w1n has 90 seconds left.
|c|☆cro$$w1n|Yes
|c|☆Jus4funsies|Im not a hater but it seems boring
|c|☆Jus4funsies|I love breaking them though
|
|t:|1757815905
|move|p1a: Gholdengo|Recover|p1a: Gholdengo
|-heal|p1a: Gholdengo|52/100
|move|p2a: bunK|Shadow Ball|p1a: Gholdengo
|-supereffective|p1a: Gholdengo
|-damage|p1a: Gholdengo|0 fnt
|faint|p1a: Gholdengo
|
|-heal|p2a: bunK|59/100|[from] item: Leftovers
|upkeep
|c|☆cro$$w1n|U playing it too
|
|t:|1757815917
|switch|p1a: Kingambit|Kingambit, M, shiny|39/100
|-damage|p1a: Kingambit|33/100|[from] Stealth Rock
|-damage|p1a: Kingambit|20/100|[from] Spikes
|-activate|p1a: Kingambit|ability: Supreme Overlord
|-start|p1a: Kingambit|fallen3|[silent]
|turn|31
|inactive|cro$$w1n has 90 seconds left.
|
|t:|1757815929
|switch|p2a: Larry|Forretress, F|63/100
|move|p1a: Kingambit|Kowtow Cleave|p2a: Larry
|-damage|p2a: Larry|19/100
|
|upkeep
|turn|32
|inactive|cro$$w1n has 90 seconds left.
|c|☆Jus4funsies|Oh i didnt know
|
|t:|1757815938
|move|p1a: Kingambit|Sucker Punch||[still]
|-fail|p1a: Kingambit
|move|p2a: Larry|Spikes|p1a: Kingambit
|-sidestart|p1: Jus4funsies|Spikes
|
|upkeep
|turn|33
|
|t:|1757815945
|move|p1a: Kingambit|Kowtow Cleave|p2a: Larry
|-damage|p2a: Larry|0 fnt
|faint|p2a: Larry
|
|upkeep
|
|t:|1757815951
|switch|p2a: Sith|Mimikyu, F, shiny|100/100
|-damage|p2a: Sith|88/100|[from] Spikes
|turn|34
|
|t:|1757815958
|move|p1a: Kingambit|Sucker Punch||[still]
|-fail|p1a: Kingambit
|move|p2a: Sith|Substitute|p2a: Sith
|-start|p2a: Sith|Substitute
|-damage|p2a: Sith|63/100
|
|-heal|p2a: Sith|69/100|[from] item: Leftovers
|upkeep
|turn|35
|c|☆Jus4funsies|Oh no\
|
|t:|1757815966
|move|p1a: Kingambit|Sucker Punch||[still]
|-fail|p1a: Kingambit
|move|p2a: Sith|Curse|p1a: Kingambit
|-start|p1a: Kingambit|Curse|[of] p2a: Sith
|-damage|p2a: Sith|19/100
|
|-heal|p2a: Sith|25/100|[from] item: Leftovers
|-damage|p1a: Kingambit|0 fnt|[from] Curse
|faint|p1a: Kingambit
|-end|p1a: Kingambit|fallen3|[silent]
|upkeep
|
|t:|1757815972
|switch|p1a: Dragonite|Dragonite, F|71/100
|turn|36
|
|t:|1757815986
|-terastallize|p1a: Dragonite|Normal
|move|p2a: Sith|Pain Split|p1a: Dragonite
|-sethp|p1a: Dragonite|48/100|[from] move: Pain Split|[silent]
|-sethp|p2a: Sith|49/100|[from] move: Pain Split
|move|p1a: Dragonite|Dragon Dance|p1a: Dragonite
|-boost|p1a: Dragonite|atk|1
|-boost|p1a: Dragonite|spe|1
|
|-heal|p2a: Sith|55/100|[from] item: Leftovers
|upkeep
|turn|37
|
|t:|1757815997
|move|p1a: Dragonite|Roost|p1a: Dragonite
|-heal|p1a: Dragonite|98/100
|move|p2a: Sith|Curse|p1a: Dragonite
|-start|p1a: Dragonite|Curse|[of] p2a: Sith
|-damage|p2a: Sith|5/100
|
|-heal|p2a: Sith|11/100|[from] item: Leftovers
|-damage|p1a: Dragonite|73/100|[from] Curse
|upkeep
|turn|38
|c|☆Jus4funsies|Braaaaaa what is this set ma
|
|t:|1757816008
|move|p1a: Dragonite|Earthquake|p2a: Sith
|-end|p2a: Sith|Substitute
|move|p2a: Sith|Pain Split|p1a: Dragonite
|-sethp|p1a: Dragonite|42/100|[from] move: Pain Split|[silent]
|-sethp|p2a: Sith|43/100|[from] move: Pain Split
|
|-heal|p2a: Sith|49/100|[from] item: Leftovers
|-damage|p1a: Dragonite|17/100|[from] Curse
|upkeep
|turn|39
|
|t:|1757816019
|move|p1a: Dragonite|Roost|p1a: Dragonite
|-heal|p1a: Dragonite|67/100
|move|p2a: Sith|Will-O-Wisp|p1a: Dragonite
|-status|p1a: Dragonite|brn
|
|-heal|p2a: Sith|55/100|[from] item: Leftovers
|-damage|p1a: Dragonite|61/100 brn|[from] brn
|-damage|p1a: Dragonite|36/100 brn|[from] Curse
|upkeep
|turn|40
|c|☆Jus4funsies|Baaaaa
|
|t:|1757816035
|move|p1a: Dragonite|Roost|p1a: Dragonite
|-heal|p1a: Dragonite|86/100 brn
|move|p2a: Sith|Substitute|p2a: Sith
|-start|p2a: Sith|Substitute
|-damage|p2a: Sith|30/100
|
|-heal|p2a: Sith|36/100|[from] item: Leftovers
|-damage|p1a: Dragonite|80/100 brn|[from] brn
|-damage|p1a: Dragonite|55/100 brn|[from] Curse
|upkeep
|turn|41
|c|☆Jus4funsies|What is ur peak with this team
|inactive|cro$$w1n has 90 seconds left.
|c|☆cro$$w1n|Just started ladder
|c|☆Jus4funsies|Me too third day
|
|t:|1757816073
|move|p1a: Dragonite|Dragon Dance|p1a: Dragonite
|-boost|p1a: Dragonite|atk|1
|-boost|p1a: Dragonite|spe|1
|move|p2a: Sith|Pain Split|p1a: Dragonite
|-sethp|p1a: Dragonite|45/100 brn|[from] move: Pain Split|[silent]
|-sethp|p2a: Sith|46/100|[from] move: Pain Split
|
|-heal|p2a: Sith|52/100|[from] item: Leftovers
|-damage|p1a: Dragonite|39/100 brn|[from] brn
|-damage|p1a: Dragonite|14/100 brn|[from] Curse
|upkeep
|turn|42
|
|t:|1757816091
|move|p1a: Dragonite|Roost|p1a: Dragonite
|-heal|p1a: Dragonite|64/100 brn
|move|p2a: Sith|Substitute|p2a: Sith
|-fail|p2a: Sith|move: Substitute
|
|-heal|p2a: Sith|58/100|[from] item: Leftovers
|-damage|p1a: Dragonite|58/100 brn|[from] brn
|-damage|p1a: Dragonite|33/100 brn|[from] Curse
|upkeep
|turn|43
|
|t:|1757816103
|move|p1a: Dragonite|Earthquake|p2a: Sith
|-end|p2a: Sith|Substitute
|move|p2a: Sith|Substitute|p2a: Sith
|-start|p2a: Sith|Substitute
|-damage|p2a: Sith|34/100
|
|-heal|p2a: Sith|40/100|[from] item: Leftovers
|-damage|p1a: Dragonite|27/100 brn|[from] brn
|-damage|p1a: Dragonite|2/100 brn|[from] Curse
|upkeep
|turn|44
|
|t:|1757816118
|move|p1a: Dragonite|Roost|p1a: Dragonite
|-heal|p1a: Dragonite|53/100 brn
|move|p2a: Sith|Substitute|p2a: Sith
|-fail|p2a: Sith|move: Substitute
|
|-heal|p2a: Sith|46/100|[from] item: Leftovers
|-damage|p1a: Dragonite|46/100 brn|[from] brn
|-damage|p1a: Dragonite|22/100 brn|[from] Curse
|upkeep
|turn|45
|
|t:|1757816137
|move|p1a: Dragonite|Roost|p1a: Dragonite
|-heal|p1a: Dragonite|72/100 brn
|move|p2a: Sith|Substitute|p2a: Sith
|-fail|p2a: Sith|move: Substitute
|
|-heal|p2a: Sith|52/100|[from] item: Leftovers
|-damage|p1a: Dragonite|66/100 brn|[from] brn
|-damage|p1a: Dragonite|41/100 brn|[from] Curse
|upkeep
|turn|46
|
|t:|1757816150
|move|p1a: Dragonite|Earthquake|p2a: Sith
|-end|p2a: Sith|Substitute
|move|p2a: Sith|Substitute|p2a: Sith
|-start|p2a: Sith|Substitute
|-damage|p2a: Sith|27/100
|
|-heal|p2a: Sith|33/100|[from] item: Leftovers
|-damage|p1a: Dragonite|35/100 brn|[from] brn
|-damage|p1a: Dragonite|10/100 brn|[from] Curse
|upkeep
|turn|47
|-message|Jus4funsies forfeited.
|
|win|cro$$w1n
|raw|Jus4funsies's rating: 1441 &rarr; <strong>1420</strong><br />(-21 for losing)
|raw|cro$$w1n's rating: 1417 &rarr; <strong>1438</strong><br />(+21 for winning)
|c|☆Jus4funsies|GG
|c|☆Jus4funsies|enjoy terrorizing others w this team
|l|☆Jus4funsies
|player|p1|
|l|☆cro$$w1n
|player|p2|
