|j|☆Underquill
|j|☆Stoner007
|t:|1757927188
|gametype|singles
|player|p1|Underquill|169|1325
|player|p2|Stoner007|lance|1315
|gen|9
|tier|[Gen 9] OU
|rated|
|rule|HP Percentage Mod: HP is shown in percentages
|rule|Endless Battle Clause: Forcing endless battles is banned
|rule|Species Clause: Limit one of each Pokémon
|rule|OHKO Clause: OHKO moves are banned
|rule|Evasion Items Clause: Evasion items are banned
|rule|Evasion Moves Clause: Evasion moves are banned
|rule|Evasion Abilities Clause: Evasion abilities are banned
|rule|Sleep Moves Clause: Sleep-inducing moves are banned
|clearpoke
|poke|p1|Hatterene, F|
|poke|p1|Ursaluna, M|
|poke|p1|Mimikyu, M|
|poke|p1|Iron Hands|
|poke|p1|Emboar, M|
|poke|p1|Indeedee, M|
|poke|p2|Landorus-Therian, M|
|poke|p2|Zapdos|
|poke|p2|Pelipper, M|
|poke|p2|Manaphy|
|poke|p2|Dragonite, M|
|poke|p2|Iron Crown|
|teampreview
|inactive|Battle timer is ON: inactive players will automatically lose when time's up. (requested by Underquill)
|
|t:|1757927208
|teamsize|p1|6
|teamsize|p2|6
|start
|switch|p1a: Mimikyu|Mimikyu, M|100/100
|switch|p2a: Pelipper|Pelipper, M|100/100
|-weather|RainDance|[from] ability: Drizzle|[of] p2a: Pelipper
|turn|1
|
|t:|1757927218
|move|p2a: Pelipper|Knock Off|p1a: Mimikyu
|-activate|p1a: Mimikyu|ability: Disguise
|-damage|p1a: Mimikyu|100/100
|-enditem|p1a: Mimikyu|Red Card|[from] move: Knock Off|[of] p2a: Pelipper
|detailschange|p1a: Mimikyu|Mimikyu-Busted, M
|-damage|p1a: Mimikyu|88/100|[from] pokemon: Mimikyu-Busted
|move|p1a: Mimikyu|Trick Room|p1a: Mimikyu
|-fieldstart|move: Trick Room|[of] p1a: Mimikyu
|
|-weather|RainDance|[upkeep]
|upkeep
|turn|2
|
|t:|1757927230
|switch|p1a: Emboar|Emboar, M|100/100
|move|p2a: Pelipper|Surf|p1a: Emboar
|-supereffective|p1a: Emboar
|-damage|p1a: Emboar|5/100
|
|-weather|RainDance|[upkeep]
|upkeep
|turn|3
|
|t:|1757927240
|move|p2a: Pelipper|U-turn|p1a: Emboar
|-resisted|p1a: Emboar
|-damage|p1a: Emboar|3/100
|
|t:|1757927244
|switch|p2a: Landorus|Landorus-Therian, M|100/100|[from] U-turn
|-ability|p2a: Landorus|Intimidate|boost
|-unboost|p1a: Emboar|atk|1
|move|p1a: Emboar|Wild Charge|p2a: Landorus
|-immune|p2a: Landorus
|
|-weather|RainDance|[upkeep]
|upkeep
|turn|4
|
|t:|1757927252
|move|p1a: Emboar|Flare Blitz|p2a: Landorus
|-damage|p2a: Landorus|69/100
|-damage|p1a: Emboar|0 fnt|[from] Recoil
|faint|p1a: Emboar
|move|p2a: Landorus|Nasty Plot|p2a: Landorus
|-boost|p2a: Landorus|spa|2
|
|-weather|RainDance|[upkeep]
|upkeep
|
|t:|1757927259
|switch|p1a: Iron Hands|Iron Hands|100/100
|turn|5
|
|t:|1757927271
|move|p1a: Iron Hands|Ice Punch|p2a: Landorus
|-supereffective|p2a: Landorus
|-damage|p2a: Landorus|0 fnt
|faint|p2a: Landorus
|
|-weather|RainDance|[upkeep]
|-fieldend|move: Trick Room
|upkeep
|
|t:|1757927281
|switch|p2a: Zapdos|Zapdos|100/100
|turn|6
|
|t:|1757927291
|-end|p1a: Iron Hands|Quark Drive|[silent]
|switch|p1a: Mimikyu|Mimikyu-Busted, M|88/100
|move|p2a: Zapdos|Hurricane|p1a: Mimikyu
|-damage|p1a: Mimikyu|46/100
|-start|p1a: Mimikyu|confusion
|
|-weather|RainDance|[upkeep]
|upkeep
|turn|7
|
|t:|1757927313
|move|p2a: Zapdos|Hurricane|p1a: Mimikyu
|-damage|p1a: Mimikyu|5/100
|-activate|p1a: Mimikyu|confusion
|move|p1a: Mimikyu|Trick Room|p1a: Mimikyu
|-fieldstart|move: Trick Room|[of] p1a: Mimikyu
|
|-weather|RainDance|[upkeep]
|upkeep
|turn|8
|
|t:|1757927320
|-activate|p1a: Mimikyu|confusion
|move|p1a: Mimikyu|Destiny Bond|p1a: Mimikyu
|-singlemove|p1a: Mimikyu|Destiny Bond
|move|p2a: Zapdos|U-turn|p1a: Mimikyu
|-resisted|p1a: Mimikyu
|-damage|p1a: Mimikyu|0 fnt
|faint|p1a: Mimikyu
|-activate|p1a: Mimikyu|move: Destiny Bond
|faint|p2a: Zapdos
|
|-weather|none
|upkeep
|
|t:|1757927331
|switch|p1a: Iron Hands|Iron Hands|100/100
|switch|p2a: Pelipper|Pelipper, M|100/100
|-weather|RainDance|[from] ability: Drizzle|[of] p2a: Pelipper
|turn|9
|inactive|Stoner007 has 120 seconds left.
|
|t:|1757927354
|move|p1a: Iron Hands|Supercell Slam|p2a: Pelipper
|-supereffective|p2a: Pelipper
|-damage|p2a: Pelipper|0 fnt
|faint|p2a: Pelipper
|
|-weather|RainDance|[upkeep]
|upkeep
|inactive|Stoner007 has 120 seconds left.
|
|t:|1757927359
|switch|p2a: Dragonite|Dragonite, M|100/100
|turn|10
|inactive|Stoner007 has 120 seconds left.
|
|t:|1757927371
|move|p1a: Iron Hands|Ice Punch|p2a: Dragonite
|-supereffective|p2a: Dragonite
|-damage|p2a: Dragonite|39/100
|move|p2a: Dragonite|Hurricane|p1a: Iron Hands
|-damage|p1a: Iron Hands|55/100
|-start|p1a: Iron Hands|confusion
|
|-weather|RainDance|[upkeep]
|-heal|p1a: Iron Hands|61/100|[from] item: Leftovers
|upkeep
|turn|11
|
|t:|1757927381
|-activate|p1a: Iron Hands|confusion
|move|p1a: Iron Hands|Ice Punch|p2a: Dragonite
|-supereffective|p2a: Dragonite
|-damage|p2a: Dragonite|0 fnt
|faint|p2a: Dragonite
|
|-weather|RainDance|[upkeep]
|-heal|p1a: Iron Hands|67/100|[from] item: Leftovers
|-fieldend|move: Trick Room
|upkeep
|inactive|Stoner007 has 120 seconds left.
|
|t:|1757927416
|switch|p2a: Iron Crown|Iron Crown|100/100
|turn|12
|inactive|Stoner007 has 90 seconds left.
|
|t:|1757927440
|-end|p1a: Iron Hands|Quark Drive|[silent]
|switch|p1a: Hatterene|Hatterene, F|100/100
|move|p2a: Iron Crown|Psychic Noise|p1a: Hatterene
|-resisted|p1a: Hatterene
|-damage|p1a: Hatterene|81/100
|-start|p1a: Hatterene|move: Heal Block
|
|-weather|RainDance|[upkeep]
|upkeep
|turn|13
|inactive|Stoner007 has 90 seconds left.
|
|t:|1757927446
|move|p2a: Iron Crown|Tachyon Cutter|p1a: Hatterene
|-supereffective|p1a: Hatterene
|-damage|p1a: Hatterene|28/100
|-supereffective|p1a: Hatterene
|-damage|p1a: Hatterene|0 fnt
|faint|p1a: Hatterene
|-hitcount|p1: Hatterene|2
|
|-weather|RainDance|[upkeep]
|upkeep
|
|t:|1757927451
|switch|p1a: Ursaluna|Ursaluna, M|100/100
|turn|14
|
|t:|1757927460
|move|p2a: Iron Crown|Tachyon Cutter|p1a: Ursaluna
|-damage|p1a: Ursaluna|79/100
|-damage|p1a: Ursaluna|56/100
|-hitcount|p1a: Ursaluna|2
|move|p1a: Ursaluna|Drain Punch|p2a: Iron Crown
|-crit|p2a: Iron Crown
|-damage|p2a: Iron Crown|49/100
|-heal|p1a: Ursaluna|74/100|[from] drain|[of] p2a: Iron Crown
|
|-weather|RainDance|[upkeep]
|-status|p1a: Ursaluna|brn|[from] item: Flame Orb
|upkeep
|turn|15
|
|t:|1757927469
|move|p2a: Iron Crown|Psychic Noise|p1a: Ursaluna
|-damage|p1a: Ursaluna|38/100 brn
|-start|p1a: Ursaluna|move: Heal Block
|move|p1a: Ursaluna|Headlong Rush|p2a: Iron Crown
|-supereffective|p2a: Iron Crown
|-damage|p2a: Iron Crown|0 fnt
|-unboost|p1a: Ursaluna|def|1
|-unboost|p1a: Ursaluna|spd|1
|faint|p2a: Iron Crown
|-end|p2a: Iron Crown|Quark Drive|[silent]
|
|-weather|RainDance|[upkeep]
|-damage|p1a: Ursaluna|32/100 brn|[from] brn
|upkeep
|inactive|Stoner007 has 90 seconds left.
|
|t:|1757927494
|switch|p2a: Manaphy|Manaphy|100/100
|turn|16
|
|t:|1757927499
|move|p2a: Manaphy|Acid Armor|p2a: Manaphy
|-boost|p2a: Manaphy|def|2
|move|p1a: Ursaluna|Facade|p2a: Manaphy
|-damage|p2a: Manaphy|46/100
|
|-weather|none
|-heal|p2a: Manaphy|52/100|[from] item: Leftovers
|-damage|p1a: Ursaluna|26/100 brn|[from] brn
|-end|p1a: Ursaluna|move: Heal Block
|upkeep
|turn|17
|inactive|Stoner007 has 90 seconds left.
|
|t:|1757927514
|switch|p1a: Indeedee|Indeedee, M|100/100
|-fieldstart|move: Psychic Terrain|[from] ability: Psychic Surge|[of] p1a: Indeedee
|move|p2a: Manaphy|Acid Armor|p2a: Manaphy
|-boost|p2a: Manaphy|def|2
|
|-heal|p2a: Manaphy|58/100|[from] item: Leftovers
|upkeep
|turn|18
|
|t:|1757927520
|move|p2a: Manaphy|Calm Mind|p2a: Manaphy
|-boost|p2a: Manaphy|spa|1
|-boost|p2a: Manaphy|spd|1
|move|p1a: Indeedee|Trick Room|p1a: Indeedee
|-fieldstart|move: Trick Room|[of] p1a: Indeedee
|
|-heal|p2a: Manaphy|65/100|[from] item: Leftovers
|upkeep
|turn|19
|
|t:|1757927530
|move|p1a: Indeedee|Encore|p2a: Manaphy
|-start|p2a: Manaphy|Encore
|move|p2a: Manaphy|Calm Mind|p2a: Manaphy
|-boost|p2a: Manaphy|spa|1
|-boost|p2a: Manaphy|spd|1
|
|-heal|p2a: Manaphy|71/100|[from] item: Leftovers
|upkeep
|turn|20
|
|t:|1757927537
|-terastallize|p1a: Indeedee|Psychic
|move|p1a: Indeedee|Expanding Force|p2a: Manaphy
|-crit|p2a: Manaphy
|-damage|p2a: Manaphy|0 fnt
|faint|p2a: Manaphy
|
|win|Underquill
|raw|Underquill's rating: 1325 &rarr; <strong>1344</strong><br />(+19 for winning)
|raw|Stoner007's rating: 1315 &rarr; <strong>1296</strong><br />(-19 for losing)
|l|☆Stoner007
|player|p2|
|l|☆Underquill
|player|p1|
