|j|☆TLchatha
|j|☆Migstaper
|t:|1757806502
|gametype|singles
|player|p1|TLchatha|brycenman|1549
|player|p2|Migstaper|ltsurge|1638
|gen|9
|tier|[Gen 9] OU
|rated|
|rule|HP Percentage Mod: HP is shown in percentages
|rule|Endless Battle Clause: Forcing endless battles is banned
|rule|Species Clause: Limit one of each Pokémon
|rule|OHKO Clause: OHKO moves are banned
|rule|Evasion Items Clause: Evasion items are banned
|rule|Evasion Moves Clause: Evasion moves are banned
|rule|Evasion Abilities Clause: Evasion abilities are banned
|rule|Sleep Moves Clause: Sleep-inducing moves are banned
|clearpoke
|poke|p1|Alomomola, M|
|poke|p1|Cinderace, M|
|poke|p1|Slowking-Galar, M|
|poke|p1|Ursaluna, M|
|poke|p1|Zamazenta-*|
|poke|p1|Kyurem|
|poke|p2|Enamorus, F|
|poke|p2|Iron Valiant|
|poke|p2|Dragapult, M|
|poke|p2|Dragonite, M|
|poke|p2|Great Tusk|
|poke|p2|Kingambit, M|
|teampreview
|inactive|Battle timer is ON: inactive players will automatically lose when time's up. (requested by TLchatha)
|
|t:|1757806513
|teamsize|p1|6
|teamsize|p2|6
|start
|switch|p1a: Alomomola|Alomomola, M|100/100
|switch|p2a: Read the Bible|Enamorus, F, shiny|100/100
|turn|1
|
|t:|1757806519
|move|p2a: Read the Bible|Superpower|p1a: Alomomola
|-damage|p1a: Alomomola|82/100
|-boost|p2a: Read the Bible|atk|1
|-boost|p2a: Read the Bible|def|1
|-damage|p2a: Read the Bible|90/100|[from] item: Life Orb
|move|p1a: Alomomola|Flip Turn|p2a: Read the Bible
|-damage|p2a: Read the Bible|75/100
|inactive|TLchatha has 120 seconds left.
|inactive|TLchatha has 90 seconds left.
|
|t:|1757806596
|switch|p1a: Slowking|Slowking-Galar, M|100/100|[from] Flip Turn
|
|upkeep
|turn|2
|
|t:|1757806603
|move|p2a: Read the Bible|Earth Power|p1a: Slowking
|-supereffective|p1a: Slowking
|-damage|p1a: Slowking|52/100
|-damage|p2a: Read the Bible|65/100|[from] item: Life Orb
|move|p1a: Slowking|Sludge Bomb|p2a: Read the Bible
|-supereffective|p2a: Read the Bible
|-damage|p2a: Read the Bible|0 fnt
|faint|p2a: Read the Bible
|
|upkeep
|
|t:|1757806612
|switch|p2a: Paul we know|Dragapult, M, shiny|100/100
|turn|3
|
|t:|1757806615
|switch|p1a: Alomomola|Alomomola, M|100/100
|move|p2a: Paul we know|Dragon Dance|p2a: Paul we know
|-boost|p2a: Paul we know|atk|1
|-boost|p2a: Paul we know|spe|1
|
|upkeep
|turn|4
|
|t:|1757806624
|move|p2a: Paul we know|Dragon Dance|p2a: Paul we know
|-boost|p2a: Paul we know|atk|1
|-boost|p2a: Paul we know|spe|1
|move|p1a: Alomomola|Flip Turn|p2a: Paul we know
|-resisted|p2a: Paul we know
|-damage|p2a: Paul we know|89/100
|
|t:|1757806628
|switch|p1a: Ursaluna|Ursaluna, M|100/100|[from] Flip Turn
|
|-status|p1a: Ursaluna|brn|[from] item: Flame Orb
|upkeep
|turn|5
|
|t:|1757806637
|move|p2a: Paul we know|Dragon Darts|p1a: Ursaluna
|-damage|p1a: Ursaluna|51/100 brn
|-anim|p2a: Paul we know|Dragon Darts|p1a: Ursaluna
|-damage|p1a: Ursaluna|1/100 brn
|-damage|p2a: Paul we know|79/100|[from] item: Life Orb
|move|p1a: Ursaluna|Ice Punch|p2a: Paul we know
|-supereffective|p2a: Paul we know
|-damage|p2a: Paul we know|0 fnt
|faint|p2a: Paul we know
|
|-damage|p1a: Ursaluna|0 fnt|[from] brn
|faint|p1a: Ursaluna
|upkeep
|
|t:|1757806656
|switch|p2a: ROMANS 10:9|Great Tusk, shiny|100/100
|switch|p1a: Cinderace|Cinderace, M|100/100
|-enditem|p2a: ROMANS 10:9|Booster Energy
|-activate|p2a: ROMANS 10:9|ability: Protosynthesis|[fromitem]
|-start|p2a: ROMANS 10:9|protosynthesisatk
|turn|6
|
|t:|1757806665
|-terastallize|p1a: Cinderace|Ghost
|move|p1a: Cinderace|Will-O-Wisp|p2a: ROMANS 10:9
|-status|p2a: ROMANS 10:9|brn
|move|p2a: ROMANS 10:9|Headlong Rush|p1a: Cinderace
|-damage|p1a: Cinderace|44/100
|-unboost|p2a: ROMANS 10:9|def|1
|-unboost|p2a: ROMANS 10:9|spd|1
|
|-damage|p2a: ROMANS 10:9|94/100 brn|[from] brn
|upkeep
|turn|7
|
|t:|1757806677
|move|p1a: Cinderace|U-turn|p2a: ROMANS 10:9
|-resisted|p2a: ROMANS 10:9
|-damage|p2a: ROMANS 10:9|82/100 brn
|
|t:|1757806681
|switch|p1a: Alomomola|Alomomola, M|100/100|[from] U-turn
|move|p2a: ROMANS 10:9|Headlong Rush|p1a: Alomomola
|-damage|p1a: Alomomola|78/100
|-unboost|p2a: ROMANS 10:9|def|1
|-unboost|p2a: ROMANS 10:9|spd|1
|
|-damage|p2a: ROMANS 10:9|76/100 brn|[from] brn
|upkeep
|turn|8
|
|t:|1757806693
|move|p2a: ROMANS 10:9|Rapid Spin|p1a: Alomomola
|-damage|p1a: Alomomola|72/100
|-boost|p2a: ROMANS 10:9|spe|1
|move|p1a: Alomomola|Flip Turn|p2a: ROMANS 10:9
|-supereffective|p2a: ROMANS 10:9
|-damage|p2a: ROMANS 10:9|25/100 brn
|
|t:|1757806701
|switch|p1a: Slowking|Slowking-Galar, M|85/100|[from] Flip Turn
|
|-damage|p2a: ROMANS 10:9|19/100 brn|[from] brn
|upkeep
|turn|9
|
|t:|1757806708
|switch|p1a: Alomomola|Alomomola, M|100/100
|move|p2a: ROMANS 10:9|Headlong Rush|p1a: Alomomola
|-damage|p1a: Alomomola|78/100
|-unboost|p2a: ROMANS 10:9|def|1
|-unboost|p2a: ROMANS 10:9|spd|1
|
|-damage|p2a: ROMANS 10:9|13/100 brn|[from] brn
|upkeep
|turn|10
|
|t:|1757806717
|move|p2a: ROMANS 10:9|Headlong Rush|p1a: Alomomola
|-damage|p1a: Alomomola|57/100
|-unboost|p2a: ROMANS 10:9|def|1
|-unboost|p2a: ROMANS 10:9|spd|1
|move|p1a: Alomomola|Flip Turn|p2a: ROMANS 10:9
|-supereffective|p2a: ROMANS 10:9
|-damage|p2a: ROMANS 10:9|0 fnt
|faint|p2a: ROMANS 10:9
|-end|p2a: ROMANS 10:9|Protosynthesis|[silent]
|
|t:|1757806726
|switch|p1a: Cinderace|Cinderace, M, tera:Ghost|44/100|[from] Flip Turn
|
|upkeep
|
|t:|1757806732
|switch|p2a: Habakkuk|Dragonite, M, shiny|100/100
|turn|11
|
|t:|1757806735
|move|p1a: Cinderace|Will-O-Wisp|p2a: Habakkuk
|-status|p2a: Habakkuk|brn
|-enditem|p2a: Habakkuk|Lum Berry|[eat]
|-curestatus|p2a: Habakkuk|brn|[msg]
|move|p2a: Habakkuk|Dragon Dance|p2a: Habakkuk
|-boost|p2a: Habakkuk|atk|1
|-boost|p2a: Habakkuk|spe|1
|
|upkeep
|turn|12
|
|t:|1757806745
|move|p2a: Habakkuk|Earthquake|p1a: Cinderace
|-damage|p1a: Cinderace|0 fnt
|faint|p1a: Cinderace
|
|upkeep
|
|t:|1757806751
|switch|p1a: Kyurem|Kyurem|100/100
|-ability|p1a: Kyurem|Pressure
|turn|13
|
|t:|1757806765
|move|p2a: Habakkuk|Outrage|p1a: Kyurem
|-supereffective|p1a: Kyurem
|-damage|p1a: Kyurem|0 fnt
|faint|p1a: Kyurem
|
|upkeep
|
|t:|1757806793
|switch|p1a: Alomomola|Alomomola, M|90/100
|turn|14
|
|t:|1757806800
|move|p2a: Habakkuk|Outrage|p1a: Alomomola|[from] lockedmove
|-damage|p1a: Alomomola|36/100
|-start|p2a: Habakkuk|confusion|[fatigue]
|move|p1a: Alomomola|Scald|p2a: Habakkuk
|-resisted|p2a: Habakkuk
|-damage|p2a: Habakkuk|97/100
|-status|p2a: Habakkuk|brn
|
|-damage|p2a: Habakkuk|91/100 brn|[from] brn
|upkeep
|turn|15
|
|t:|1757806813
|-activate|p2a: Habakkuk|confusion
|move|p2a: Habakkuk|Dragon Dance|p2a: Habakkuk
|-boost|p2a: Habakkuk|atk|1
|-boost|p2a: Habakkuk|spe|1
|move|p1a: Alomomola|Play Rough|p2a: Habakkuk|[miss]
|-miss|p1a: Alomomola|p2a: Habakkuk
|
|-damage|p2a: Habakkuk|84/100 brn|[from] brn
|upkeep
|turn|16
|
|t:|1757806822
|-activate|p2a: Habakkuk|confusion
|move|p2a: Habakkuk|Outrage|p1a: Alomomola
|-damage|p1a: Alomomola|1/100
|move|p1a: Alomomola|Play Rough|p2a: Habakkuk
|-supereffective|p2a: Habakkuk
|-damage|p2a: Habakkuk|49/100 brn
|
|-damage|p2a: Habakkuk|43/100 brn|[from] brn
|upkeep
|turn|17
|
|t:|1757806831
|-activate|p2a: Habakkuk|confusion
|move|p2a: Habakkuk|Outrage|p1a: Alomomola|[from] lockedmove
|-damage|p1a: Alomomola|0 fnt
|faint|p1a: Alomomola
|
|-damage|p2a: Habakkuk|37/100 brn|[from] brn
|upkeep
|inactive|TLchatha has 120 seconds left.
|
|t:|1757806862
|switch|p1a: Zamazenta|Zamazenta|100/100
|-ability|p1a: Zamazenta|Dauntless Shield|boost
|-boost|p1a: Zamazenta|def|1
|turn|18
|
|t:|1757806873
|-activate|p2a: Habakkuk|confusion
|move|p2a: Habakkuk|Outrage|p1a: Zamazenta
|-damage|p1a: Zamazenta|55/100
|move|p1a: Zamazenta|Close Combat|p2a: Habakkuk
|-resisted|p2a: Habakkuk
|-damage|p2a: Habakkuk|0 fnt
|-unboost|p1a: Zamazenta|def|1
|-unboost|p1a: Zamazenta|spd|1
|faint|p2a: Habakkuk
|-damage|p1a: Zamazenta|45/100|[from] item: Life Orb
|
|upkeep
|
|t:|1757806890
|switch|p2a: No condemnation|Kingambit, M, shiny|100/100
|-activate|p2a: No condemnation|ability: Supreme Overlord
|-start|p2a: No condemnation|fallen4|[silent]
|turn|19
|
|t:|1757806906
|-terastallize|p2a: No condemnation|Fairy
|move|p1a: Zamazenta|Stone Edge|p2a: No condemnation|[miss]
|-miss|p1a: Zamazenta|p2a: No condemnation
|move|p2a: No condemnation|Iron Head|p1a: Zamazenta
|-damage|p1a: Zamazenta|0 fnt
|faint|p1a: Zamazenta
|
|upkeep
|c|☆TLchatha|gg
|inactive|TLchatha has 120 seconds left.
|-message|TLchatha forfeited.
|
|win|Migstaper
|raw|TLchatha's rating: 1549 &rarr; <strong>1534</strong><br />(-15 for losing)
|raw|Migstaper's rating: 1638 &rarr; <strong>1653</strong><br />(+15 for winning)
|l|☆TLchatha
|player|p1|
