|j|☆gabrvm12
|j|☆skkopop
|t:|1757909634
|gametype|singles
|player|p1|gabrvm12|102|1055
|player|p2|skkopop|170|1050
|gen|9
|tier|[Gen 9] OU
|rated|
|rule|HP Percentage Mod: HP is shown in percentages
|rule|Endless Battle Clause: Forcing endless battles is banned
|rule|Species Clause: Limit one of each Pokémon
|rule|OHKO Clause: OHKO moves are banned
|rule|Evasion Items Clause: Evasion items are banned
|rule|Evasion Moves Clause: Evasion moves are banned
|rule|Evasion Abilities Clause: Evasion abilities are banned
|rule|Sleep Moves Clause: Sleep-inducing moves are banned
|clearpoke
|poke|p1|Dragapult, F|
|poke|p1|Landorus-Therian, M|
|poke|p1|Serperior, F|
|poke|p1|Weezing-Galar, M|
|poke|p1|Ogerpon-Wellspring, F|
|poke|p1|Glimmora, F|
|poke|p2|Iron Treads|
|poke|p2|Gholdengo|
|poke|p2|Tyranitar, M|
|poke|p2|Quaquaval, M|
|poke|p2|Corviknight, M|
|poke|p2|Kommo-o, F|
|teampreview
|
|t:|1757909639
|teamsize|p1|6
|teamsize|p2|6
|start
|switch|p1a: Serperior|Serperior, F|100/100
|switch|p2a: Tyranitar|Tyranitar, M|100/100
|-weather|Sandstorm|[from] ability: Sand Stream|[of] p2a: Tyranitar
|turn|1
|
|t:|1757909647
|move|p1a: Serperior|Leaf Storm|p2a: Tyranitar
|-supereffective|p2a: Tyranitar
|-damage|p2a: Tyranitar|63/100
|-boost|p1a: Serperior|spa|2
|move|p2a: Tyranitar|Fire Punch|p1a: Serperior
|-supereffective|p1a: Serperior
|-damage|p1a: Serperior|29/100
|
|-weather|Sandstorm|[upkeep]
|-damage|p1a: Serperior|23/100|[from] Sandstorm
|upkeep
|turn|2
|
|t:|1757909657
|move|p1a: Serperior|Leaf Storm|p2a: Tyranitar
|-supereffective|p2a: Tyranitar
|-damage|p2a: Tyranitar|0 fnt
|-boost|p1a: Serperior|spa|2
|faint|p2a: Tyranitar
|
|-weather|Sandstorm|[upkeep]
|-damage|p1a: Serperior|17/100|[from] Sandstorm
|upkeep
|
|t:|1757909662
|switch|p2a: Corviknight|Corviknight, M|100/100
|turn|3
|
|t:|1757909675
|move|p1a: Serperior|Glare|p2a: Corviknight
|-status|p2a: Corviknight|par
|cant|p2a: Corviknight|par
|
|-weather|Sandstorm|[upkeep]
|-damage|p1a: Serperior|10/100|[from] Sandstorm
|upkeep
|turn|4
|
|t:|1757909683
|switch|p2a: Gholdengo|Gholdengo|100/100
|move|p1a: Serperior|Dragon Pulse|p2a: Gholdengo
|-resisted|p2a: Gholdengo
|-damage|p2a: Gholdengo|67/100
|
|-weather|Sandstorm|[upkeep]
|-damage|p1a: Serperior|4/100|[from] Sandstorm
|-heal|p2a: Gholdengo|74/100|[from] item: Leftovers
|upkeep
|turn|5
|
|t:|1757909695
|move|p1a: Serperior|Leaf Storm|p2a: Gholdengo
|-resisted|p2a: Gholdengo
|-damage|p2a: Gholdengo|4/100
|-boost|p1a: Serperior|spa|2
|move|p2a: Gholdengo|Recover|p2a: Gholdengo
|-heal|p2a: Gholdengo|54/100
|
|-weather|none
|-heal|p2a: Gholdengo|61/100|[from] item: Leftovers
|upkeep
|turn|6
|
|t:|1757909706
|-terastallize|p2a: Gholdengo|Steel
|move|p1a: Serperior|Leaf Storm|p2a: Gholdengo
|-resisted|p2a: Gholdengo
|-damage|p2a: Gholdengo|0 fnt
|faint|p2a: Gholdengo
|
|upkeep
|
|t:|1757909709
|switch|p2a: Iron Treads|Iron Treads|100/100
|turn|7
|
|t:|1757909715
|move|p2a: Iron Treads|Heavy Slam|p1a: Serperior
|-damage|p1a: Serperior|0 fnt
|faint|p1a: Serperior
|
|upkeep
|
|t:|1757909728
|switch|p1a: Glimmora|Glimmora, F|100/100
|turn|8
|
|t:|1757909734
|move|p2a: Iron Treads|Heavy Slam|p1a: Glimmora
|-supereffective|p1a: Glimmora
|-damage|p1a: Glimmora|0 fnt
|-activate|p1a: Glimmora|ability: Toxic Debris
|-sidestart|p2: skkopop|move: Toxic Spikes
|faint|p1a: Glimmora
|
|upkeep
|
|t:|1757909744
|switch|p1a: Ogerpon|Ogerpon-Wellspring, F|100/100
|turn|9
|
|t:|1757909752
|move|p2a: Iron Treads|Rapid Spin|p1a: Ogerpon
|-damage|p1a: Ogerpon|79/100
|-boost|p2a: Iron Treads|spe|1
|-sideend|p2: skkopop|Toxic Spikes|[from] move: Rapid Spin|[of] p2a: Iron Treads
|move|p1a: Ogerpon|Ivy Cudgel|p2a: Iron Treads|[anim] Ivy Cudgel Water
|-supereffective|p2a: Iron Treads
|-crit|p2a: Iron Treads
|-damage|p2a: Iron Treads|0 fnt
|faint|p2a: Iron Treads
|-end|p2a: Iron Treads|Quark Drive|[silent]
|
|upkeep
|
|t:|1757909757
|switch|p2a: Kommo-o|Kommo-o, F|100/100
|turn|10
|
|t:|1757909781
|-terastallize|p1a: Ogerpon|Water
|detailschange|p1a: Ogerpon|Ogerpon-Wellspring-Tera, F, tera:Water
|-ability|p1a: Ogerpon|Embody Aspect (Wellspring)|boost
|-boost|p1a: Ogerpon|spd|1
|move|p1a: Ogerpon|Brick Break|p2a: Kommo-o
|-damage|p2a: Kommo-o|71/100
|move|p2a: Kommo-o|Clangorous Soul|p2a: Kommo-o
|-boost|p2a: Kommo-o|atk|1
|-boost|p2a: Kommo-o|def|1
|-boost|p2a: Kommo-o|spa|1
|-boost|p2a: Kommo-o|spd|1
|-boost|p2a: Kommo-o|spe|1
|-damage|p2a: Kommo-o|38/100
|
|upkeep
|turn|11
|
|t:|1757909798
|move|p1a: Ogerpon|Ivy Cudgel|p2a: Kommo-o|[anim] Ivy Cudgel Water
|-resisted|p2a: Kommo-o
|-damage|p2a: Kommo-o|9/100
|-enditem|p2a: Kommo-o|Aguav Berry|[eat]
|-heal|p2a: Kommo-o|42/100|[from] item: Aguav Berry
|move|p2a: Kommo-o|Dragon Tail|p1a: Ogerpon
|-damage|p1a: Ogerpon|27/100
|drag|p1a: Weezing|Weezing-Galar, M|100/100
|-ability|p1a: Weezing|Neutralizing Gas
|-item|p1a: Weezing|Air Balloon
|
|upkeep
|turn|12
|
|t:|1757909816
|move|p2a: Kommo-o|Close Combat|p1a: Weezing
|-resisted|p1a: Weezing
|-damage|p1a: Weezing|81/100
|-unboost|p2a: Kommo-o|def|1
|-unboost|p2a: Kommo-o|spd|1
|-enditem|p1a: Weezing|Air Balloon
|move|p1a: Weezing|Strange Steam|p2a: Kommo-o
|-supereffective|p2a: Kommo-o
|-damage|p2a: Kommo-o|0 fnt
|faint|p2a: Kommo-o
|
|upkeep
|
|t:|1757909820
|switch|p2a: Quaquaval|Quaquaval, M|100/100
|turn|13
|
|t:|1757909829
|move|p2a: Quaquaval|Aqua Step|p1a: Weezing
|-damage|p1a: Weezing|44/100
|-boost|p2a: Quaquaval|spe|1
|-damage|p2a: Quaquaval|91/100|[from] item: Life Orb
|move|p1a: Weezing|Pain Split|p2a: Quaquaval
|-sethp|p2a: Quaquaval|61/100|[from] move: Pain Split|[silent]
|-sethp|p1a: Weezing|84/100|[from] move: Pain Split
|
|upkeep
|turn|14
|
|t:|1757909840
|move|p2a: Quaquaval|Aqua Step|p1a: Weezing
|-crit|p1a: Weezing
|-damage|p1a: Weezing|24/100
|-boost|p2a: Quaquaval|spe|1
|-damage|p2a: Quaquaval|51/100|[from] item: Life Orb
|move|p1a: Weezing|Toxic|p2a: Quaquaval
|-status|p2a: Quaquaval|tox
|
|-damage|p2a: Quaquaval|45/100 tox|[from] psn
|upkeep
|turn|15
|
|t:|1757909853
|move|p2a: Quaquaval|Aqua Step|p1a: Weezing
|-damage|p1a: Weezing|0 fnt
|-boost|p2a: Quaquaval|spe|1
|faint|p1a: Weezing
|-end|p1a: Weezing|ability: Neutralizing Gas
|-ability|p2a: Quaquaval|Moxie|boost
|-boost|p2a: Quaquaval|atk|1
|-damage|p2a: Quaquaval|35/100 tox|[from] item: Life Orb
|
|-damage|p2a: Quaquaval|23/100 tox|[from] psn
|upkeep
|
|t:|1757909862
|switch|p1a: Landorus|Landorus-Therian, M, shiny|100/100
|-ability|p1a: Landorus|Intimidate|boost
|-unboost|p2a: Quaquaval|atk|1
|turn|16
|
|t:|1757909870
|switch|p1a: Ogerpon|Ogerpon-Wellspring-Tera, F, tera:Water|27/100
|-ability|p1a: Ogerpon|Embody Aspect (Wellspring)|boost
|-boost|p1a: Ogerpon|spd|1
|move|p2a: Quaquaval|Roost|p2a: Quaquaval
|-heal|p2a: Quaquaval|73/100 tox
|-singleturn|p2a: Quaquaval|move: Roost
|
|-damage|p2a: Quaquaval|55/100 tox|[from] psn
|upkeep
|turn|17
|
|t:|1757909881
|move|p2a: Quaquaval|Close Combat|p1a: Ogerpon
|-damage|p1a: Ogerpon|0 fnt
|-unboost|p2a: Quaquaval|def|1
|-unboost|p2a: Quaquaval|spd|1
|faint|p1a: Ogerpon
|detailschange|p1: Ogerpon|Ogerpon-Wellspring, F|[silent]
|-ability|p2a: Quaquaval|Moxie|boost
|-boost|p2a: Quaquaval|atk|1
|-damage|p2a: Quaquaval|45/100 tox|[from] item: Life Orb
|
|-damage|p2a: Quaquaval|20/100 tox|[from] psn
|upkeep
|
|t:|1757909894
|switch|p1a: Dragapult|Dragapult, F|100/100
|turn|18
|
|t:|1757909900
|move|p1a: Dragapult|Sucker Punch|p2a: Quaquaval
|-resisted|p2a: Quaquaval
|-damage|p2a: Quaquaval|0 fnt
|faint|p2a: Quaquaval
|
|upkeep
|
|t:|1757909902
|switch|p2a: Corviknight|Corviknight, M|100/100 par
|turn|19
|
|t:|1757909912
|switch|p1a: Landorus|Landorus-Therian, M, shiny|100/100
|-ability|p1a: Landorus|Intimidate|boost
|-ability|p2a: Corviknight|Mirror Armor
|-unboost|p1a: Landorus|atk|1
|cant|p2a: Corviknight|par
|
|upkeep
|turn|20
|
|t:|1757909922
|move|p1a: Landorus|Stone Edge|p2a: Corviknight
|-damage|p2a: Corviknight|71/100 par
|-damage|p1a: Landorus|90/100|[from] item: Life Orb
|move|p2a: Corviknight|Iron Defense|p2a: Corviknight
|-boost|p2a: Corviknight|def|2
|
|upkeep
|turn|21
|
|t:|1757909931
|move|p1a: Landorus|Stone Edge|p2a: Corviknight|[miss]
|-miss|p1a: Landorus|p2a: Corviknight
|move|p2a: Corviknight|Roost|p2a: Corviknight
|-heal|p2a: Corviknight|100/100 par
|-singleturn|p2a: Corviknight|move: Roost
|
|upkeep
|turn|22
|
|t:|1757909939
|move|p1a: Landorus|Swords Dance|p1a: Landorus
|-boost|p1a: Landorus|atk|2
|move|p2a: Corviknight|Iron Defense|p2a: Corviknight
|-boost|p2a: Corviknight|def|2
|
|upkeep
|turn|23
|
|t:|1757909945
|move|p1a: Landorus|Swords Dance|p1a: Landorus
|-boost|p1a: Landorus|atk|2
|move|p2a: Corviknight|Body Press|p1a: Landorus
|-resisted|p1a: Landorus
|-damage|p1a: Landorus|53/100
|
|upkeep
|turn|24
|
|t:|1757909951
|move|p1a: Landorus|Swords Dance|p1a: Landorus
|-boost|p1a: Landorus|atk|2
|move|p2a: Corviknight|Body Press|p1a: Landorus
|-resisted|p1a: Landorus
|-damage|p1a: Landorus|12/100
|
|upkeep
|turn|25
|
|t:|1757909958
|move|p1a: Landorus|Stone Edge|p2a: Corviknight
|-damage|p2a: Corviknight|57/100 par
|-damage|p1a: Landorus|2/100|[from] item: Life Orb
|move|p2a: Corviknight|Body Press|p1a: Landorus
|-resisted|p1a: Landorus
|-damage|p1a: Landorus|0 fnt
|faint|p1a: Landorus
|
|upkeep
|
|t:|1757909966
|switch|p1a: Dragapult|Dragapult, F|100/100
|turn|26
|
|t:|1757909973
|move|p1a: Dragapult|Dragon Darts|p2a: Corviknight
|-resisted|p2a: Corviknight
|-damage|p2a: Corviknight|53/100 par
|-anim|p1a: Dragapult|Dragon Darts|p2a: Corviknight
|-resisted|p2a: Corviknight
|-damage|p2a: Corviknight|49/100 par
|move|p2a: Corviknight|Roost|p2a: Corviknight
|-heal|p2a: Corviknight|99/100 par
|-singleturn|p2a: Corviknight|move: Roost
|
|upkeep
|turn|27
|
|t:|1757909984
|move|p1a: Dragapult|Dragon Darts|p2a: Corviknight
|-resisted|p2a: Corviknight
|-damage|p2a: Corviknight|96/100 par
|-anim|p1a: Dragapult|Dragon Darts|p2a: Corviknight
|-resisted|p2a: Corviknight
|-damage|p2a: Corviknight|92/100 par
|move|p2a: Corviknight|Iron Defense|p2a: Corviknight
|-boost|p2a: Corviknight|def|2
|
|upkeep
|turn|28
|
|t:|1757909993
|move|p1a: Dragapult|Acrobatics|p2a: Corviknight
|-resisted|p2a: Corviknight
|-damage|p2a: Corviknight|88/100 par
|move|p2a: Corviknight|Body Press|p1a: Dragapult
|-immune|p1a: Dragapult
|
|upkeep
|turn|29
|
|t:|1757910000
|move|p1a: Dragapult|Acrobatics|p2a: Corviknight
|-resisted|p2a: Corviknight
|-damage|p2a: Corviknight|83/100 par
|cant|p2a: Corviknight|par
|
|upkeep
|turn|30
|
|t:|1757910005
|move|p1a: Dragapult|Acrobatics|p2a: Corviknight
|-resisted|p2a: Corviknight
|-damage|p2a: Corviknight|79/100 par
|move|p2a: Corviknight|Brave Bird|p1a: Dragapult
|-damage|p1a: Dragapult|53/100
|-damage|p2a: Corviknight|67/100 par|[from] Recoil
|
|upkeep
|turn|31
|
|t:|1757910014
|move|p1a: Dragapult|Sucker Punch|p2a: Corviknight
|-damage|p2a: Corviknight|61/100 par
|move|p2a: Corviknight|Brave Bird|p1a: Dragapult
|-damage|p1a: Dragapult|4/100
|-damage|p2a: Corviknight|49/100 par|[from] Recoil
|
|upkeep
|turn|32
|
|t:|1757910022
|move|p1a: Dragapult|Dragon Darts|p2a: Corviknight
|-resisted|p2a: Corviknight
|-damage|p2a: Corviknight|46/100 par
|-anim|p1a: Dragapult|Dragon Darts|p2a: Corviknight
|-resisted|p2a: Corviknight
|-damage|p2a: Corviknight|43/100 par
|move|p2a: Corviknight|Brave Bird|p1a: Dragapult
|-damage|p1a: Dragapult|0 fnt
|faint|p1a: Dragapult
|-damage|p2a: Corviknight|42/100 par|[from] Recoil
|
|win|skkopop
|raw|gabrvm12's rating: 1055 &rarr; <strong>1036</strong><br />(-19 for losing)
|raw|skkopop's rating: 1050 &rarr; <strong>1083</strong><br />(+33 for winning)
|l|☆gabrvm12
|player|p1|
|l|☆skkopop
|player|p2|
