|j|☆Dizzydwarf99
|j|☆22doodle
|t:|1757897260
|gametype|singles
|player|p1|Dizzydwarf99|cheryl|1555
|player|p2|22doodle|lucas|1474
|gen|9
|tier|[Gen 9] OU
|rated|
|rule|HP Percentage Mod: HP is shown in percentages
|rule|Endless Battle Clause: Forcing endless battles is banned
|rule|Species Clause: Limit one of each Pokémon
|rule|OHKO Clause: OHKO moves are banned
|rule|Evasion Items Clause: Evasion items are banned
|rule|Evasion Moves Clause: Evasion moves are banned
|rule|Evasion Abilities Clause: Evasion abilities are banned
|rule|Sleep Moves Clause: Sleep-inducing moves are banned
|clearpoke
|poke|p1|Volcanion|
|poke|p1|Chesnaught, M|
|poke|p1|Scream Tail|
|poke|p1|Great Tusk|
|poke|p1|Tornadus-Therian, M|
|poke|p1|Toxtricity, M|
|poke|p2|Dragonite, F|
|poke|p2|Iron Treads|
|poke|p2|Primarina, F|
|poke|p2|Moltres|
|poke|p2|Meowscarada, M|
|poke|p2|Slowking-Galar, F|
|teampreview
|inactive|Battle timer is ON: inactive players will automatically lose when time's up. (requested by Dizzydwarf99)
|inactive|Dizzydwarf99 has 120 seconds left.
|
|t:|1757897306
|teamsize|p1|6
|teamsize|p2|6
|start
|switch|p1a: Chesnaught|Chesnaught, M, shiny|100/100
|switch|p2a: Slowking|Slowking-Galar, F|100/100
|turn|1
|
|t:|1757897311
|move|p1a: Chesnaught|Knock Off|p2a: Slowking
|-supereffective|p2a: Slowking
|-damage|p2a: Slowking|50/100
|-enditem|p2a: Slowking|Heavy-Duty Boots|[from] move: Knock Off|[of] p1a: Chesnaught
|move|p2a: Slowking|Future Sight|p1a: Chesnaught
|-start|p2a: Slowking|move: Future Sight
|
|upkeep
|turn|2
|
|t:|1757897316
|switch|p1a: Volcanion|Volcanion|100/100
|move|p2a: Slowking|Toxic|p1a: Volcanion
|-status|p1a: Volcanion|tox
|
|-damage|p1a: Volcanion|94/100 tox|[from] psn
|upkeep
|turn|3
|
|t:|1757897322
|switch|p2a: Primarina|Primarina, F|100/100
|move|p1a: Volcanion|Sludge Wave|p2a: Primarina
|-supereffective|p2a: Primarina
|-damage|p2a: Primarina|64/100
|
|-end|p1a: Volcanion|move: Future Sight
|-damage|p1a: Volcanion|66/100 tox
|-damage|p1a: Volcanion|53/100 tox|[from] psn
|upkeep
|turn|4
|
|t:|1757897328
|switch|p1a: Toxtricity|Toxtricity, M|100/100
|move|p2a: Primarina|Psychic Noise|p1a: Toxtricity
|-supereffective|p1a: Toxtricity
|-damage|p1a: Toxtricity|57/100
|-start|p1a: Toxtricity|move: Heal Block
|
|upkeep
|turn|5
|
|t:|1757897337
|switch|p2a: Slowking|Slowking-Galar, F|83/100
|move|p1a: Toxtricity|Boomburst|p2a: Slowking
|-damage|p2a: Slowking|30/100
|
|-end|p1a: Toxtricity|move: Heal Block
|upkeep
|turn|6
|
|t:|1757897354
|switch|p2a: Iron Treads|Iron Treads|100/100
|move|p1a: Toxtricity|Boomburst|p2a: Iron Treads
|-resisted|p2a: Iron Treads
|-damage|p2a: Iron Treads|36/100
|
|-heal|p2a: Iron Treads|42/100|[from] item: Leftovers
|upkeep
|turn|7
|
|t:|1757897362
|switch|p1a: Great Tusk|Great Tusk|100/100
|move|p2a: Iron Treads|Earthquake|p1a: Great Tusk
|-damage|p1a: Great Tusk|68/100
|
|-heal|p2a: Iron Treads|48/100|[from] item: Leftovers
|upkeep
|turn|8
|
|t:|1757897366
|move|p2a: Iron Treads|Stealth Rock|p1a: Great Tusk
|-sidestart|p1: Dizzydwarf99|move: Stealth Rock
|move|p1a: Great Tusk|Stealth Rock|p2a: Iron Treads
|-sidestart|p2: 22doodle|move: Stealth Rock
|
|-heal|p2a: Iron Treads|55/100|[from] item: Leftovers
|upkeep
|turn|9
|
|t:|1757897370
|move|p2a: Iron Treads|Rapid Spin|p1a: Great Tusk
|-damage|p1a: Great Tusk|57/100
|-boost|p2a: Iron Treads|spe|1
|-sideend|p2: 22doodle|Stealth Rock|[from] move: Rapid Spin|[of] p2a: Iron Treads
|move|p1a: Great Tusk|Rapid Spin|p2a: Iron Treads
|-resisted|p2a: Iron Treads
|-damage|p2a: Iron Treads|47/100
|-boost|p1a: Great Tusk|spe|1
|-sideend|p1: Dizzydwarf99|Stealth Rock|[from] move: Rapid Spin|[of] p1a: Great Tusk
|
|-heal|p2a: Iron Treads|53/100|[from] item: Leftovers
|upkeep
|turn|10
|
|t:|1757897378
|move|p2a: Iron Treads|Stealth Rock|p1a: Great Tusk
|-sidestart|p1: Dizzydwarf99|move: Stealth Rock
|move|p1a: Great Tusk|Headlong Rush|p2a: Iron Treads
|-supereffective|p2a: Iron Treads
|-damage|p2a: Iron Treads|0 fnt
|-unboost|p1a: Great Tusk|def|1
|-unboost|p1a: Great Tusk|spd|1
|faint|p2a: Iron Treads
|-end|p2a: Iron Treads|Quark Drive|[silent]
|
|upkeep
|
|t:|1757897386
|switch|p2a: Dragonite|Dragonite, F|100/100
|turn|11
|
|t:|1757897393
|-terastallize|p2a: Dragonite|Flying
|move|p1a: Great Tusk|Rapid Spin|p2a: Dragonite
|-damage|p2a: Dragonite|93/100
|-boost|p1a: Great Tusk|spe|1
|-sideend|p1: Dizzydwarf99|Stealth Rock|[from] move: Rapid Spin|[of] p1a: Great Tusk
|move|p2a: Dragonite|Dragon Dance|p2a: Dragonite
|-boost|p2a: Dragonite|atk|1
|-boost|p2a: Dragonite|spe|1
|
|upkeep
|turn|12
|
|t:|1757897419
|move|p1a: Great Tusk|Ice Spinner|p2a: Dragonite
|-supereffective|p2a: Dragonite
|-crit|p2a: Dragonite
|-damage|p2a: Dragonite|8/100
|move|p2a: Dragonite|Tera Blast|p1a: Great Tusk|[anim] Tera Blast Flying
|-supereffective|p1a: Great Tusk
|-damage|p1a: Great Tusk|0 fnt
|faint|p1a: Great Tusk
|-end|p1a: Great Tusk|Protosynthesis|[silent]
|
|upkeep
|
|t:|1757897421
|switch|p1a: Chesnaught|Chesnaught, M, shiny|100/100
|turn|13
|inactive|22doodle has 120 seconds left.
|l|☆22doodle
|inactive|22doodle disconnected and has a minute to reconnect!
|player|p2|
|inactive|22doodle has 30 seconds to reconnect!
|j|☆22doodle
|inactive|22doodle reconnected and has 70 seconds left.
|player|p2|22doodle|lucas|
|
|t:|1757897496
|-terastallize|p1a: Chesnaught|Steel
|move|p2a: Dragonite|Roost|p2a: Dragonite
|-heal|p2a: Dragonite|58/100
|-hint|If a Terastallized Pokemon uses Roost, it remains Flying-type.
|move|p1a: Chesnaught|Body Press|p2a: Dragonite
|-resisted|p2a: Dragonite
|-damage|p2a: Dragonite|37/100
|
|upkeep
|turn|14
|
|t:|1757897503
|switch|p1a: Scream Tail|Scream Tail|100/100
|move|p2a: Dragonite|Dragon Dance|p2a: Dragonite
|-boost|p2a: Dragonite|atk|1
|-boost|p2a: Dragonite|spe|1
|
|upkeep
|turn|15
|
|t:|1757897508
|move|p2a: Dragonite|Tera Blast|p1a: Scream Tail|[anim] Tera Blast Flying
|-damage|p1a: Scream Tail|0 fnt
|faint|p1a: Scream Tail
|-end|p1a: Scream Tail|Protosynthesis|[silent]
|
|upkeep
|-message|Dizzydwarf99 forfeited.
|
|win|22doodle
|raw|Dizzydwarf99's rating: 1555 &rarr; <strong>1530</strong><br />(-25 for losing)
|raw|22doodle's rating: 1474 &rarr; <strong>1499</strong><br />(+25 for winning)
|l|☆Dizzydwarf99
|player|p1|
|l|☆22doodle
|player|p2|
