|j|☆luketheidiot
|j|☆emeraldspottie
|t:|1757916886
|gametype|singles
|player|p1|luketheidiot|iris-gen5bw2|1231
|player|p2|emeraldspottie|266|1233
|gen|9
|tier|[Gen 9] OU
|rated|
|rule|HP Percentage Mod: HP is shown in percentages
|rule|Endless Battle Clause: Forcing endless battles is banned
|rule|Species Clause: Limit one of each Pokémon
|rule|OHKO Clause: OHKO moves are banned
|rule|Evasion Items Clause: Evasion items are banned
|rule|Evasion Moves Clause: Evasion moves are banned
|rule|Evasion Abilities Clause: Evasion abilities are banned
|rule|Sleep Moves Clause: Sleep-inducing moves are banned
|clearpoke
|poke|p1|Darkrai|
|poke|p1|Iron Jugulis|
|poke|p1|Ogerpon-Cornerstone, F|
|poke|p1|Meowscarada, F|
|poke|p1|Maushold|
|poke|p1|Hitmonlee, M|
|poke|p2|Keldeo-Resolute|
|poke|p2|Raging Bolt|
|poke|p2|Great Tusk|
|poke|p2|Kommo-o, M|
|poke|p2|Iron Valiant|
|poke|p2|Darkrai|
|teampreview
|inactive|Battle timer is ON: inactive players will automatically lose when time's up. (requested by luketheidiot)
|
|t:|1757916901
|teamsize|p1|6
|teamsize|p2|6
|start
|switch|p1a: Maushold|Maushold|100/100
|switch|p2a: Rаikou|Raging Bolt|100/100
|-enditem|p2a: Rаikou|Booster Energy
|-activate|p2a: Rаikou|ability: Protosynthesis|[fromitem]
|-start|p2a: Rаikou|protosynthesisspa
|turn|1
|
|t:|1757916912
|move|p1a: Maushold|Population Bomb|p2a: Rаikou
|-damage|p2a: Rаikou|91/100
|-damage|p2a: Rаikou|80/100
|-damage|p2a: Rаikou|69/100
|-crit|p2a: Rаikou
|-damage|p2a: Rаikou|54/100
|-damage|p2a: Rаikou|42/100
|-damage|p2a: Rаikou|32/100
|-damage|p2a: Rаikou|22/100
|-damage|p2a: Rаikou|12/100
|-damage|p2a: Rаikou|2/100
|-crit|p2a: Rаikou
|-damage|p2a: Rаikou|0 fnt
|faint|p2a: Rаikou
|-end|p2a: Rаikou|Protosynthesis|[silent]
|-hitcount|p2: Rаikou|10
|
|upkeep
|
|t:|1757916918
|switch|p2a: schrödinger's|Iron Valiant|100/100
|-enditem|p2a: schrödinger's|Booster Energy
|-activate|p2a: schrödinger's|ability: Quark Drive|[fromitem]
|-start|p2a: schrödinger's|quarkdrivespe
|turn|2
|
|t:|1757916937
|move|p2a: schrödinger's|Close Combat|p1a: Maushold
|-supereffective|p1a: Maushold
|-damage|p1a: Maushold|0 fnt
|-unboost|p2a: schrödinger's|def|1
|-unboost|p2a: schrödinger's|spd|1
|faint|p1a: Maushold
|
|upkeep
|
|t:|1757916948
|switch|p1a: Ogerpon|Ogerpon-Cornerstone, F|100/100
|turn|3
|
|t:|1757916973
|move|p2a: schrödinger's|Knock Off|p1a: Ogerpon
|-damage|p1a: Ogerpon|78/100
|move|p1a: Ogerpon|Play Rough|p2a: schrödinger's|[miss]
|-miss|p1a: Ogerpon|p2a: schrödinger's
|
|upkeep
|turn|4
|
|t:|1757916980
|move|p2a: schrödinger's|Close Combat|p1a: Ogerpon
|-supereffective|p1a: Ogerpon
|-damage|p1a: Ogerpon|0 fnt
|-unboost|p2a: schrödinger's|def|1
|-unboost|p2a: schrödinger's|spd|1
|faint|p1a: Ogerpon
|
|upkeep
|
|t:|1757916985
|switch|p1a: Hitmonlee|Hitmonlee, M|100/100
|turn|5
|
|t:|1757916992
|move|p1a: Hitmonlee|Endure|p1a: Hitmonlee
|-singleturn|p1a: Hitmonlee|move: Endure
|move|p2a: schrödinger's|Moonblast|p1a: Hitmonlee
|-supereffective|p1a: Hitmonlee
|-activate|p1a: Hitmonlee|move: Endure
|-damage|p1a: Hitmonlee|1/100
|-enditem|p1a: Hitmonlee|Liechi Berry|[eat]
|-boost|p1a: Hitmonlee|atk|1|[from] item: Liechi Berry
|
|upkeep
|turn|6
|
|t:|1757917002
|move|p1a: Hitmonlee|Reversal|p2a: schrödinger's
|-resisted|p2a: schrödinger's
|-damage|p2a: schrödinger's|0 fnt
|faint|p2a: schrödinger's
|-end|p2a: schrödinger's|Quark Drive|[silent]
|
|upkeep
|
|t:|1757917006
|switch|p2a: narpony|Keldeo-Resolute|100/100
|turn|7
|
|t:|1757917010
|move|p1a: Hitmonlee|Endure|p1a: Hitmonlee
|-singleturn|p1a: Hitmonlee|move: Endure
|move|p2a: narpony|Vacuum Wave|p1a: Hitmonlee
|-activate|p1a: Hitmonlee|move: Endure
|-damage|p1a: Hitmonlee|1/100
|
|upkeep
|turn|8
|
|t:|1757917014
|move|p1a: Hitmonlee|Upper Hand|p2a: narpony
|-damage|p2a: narpony|49/100
|cant|p2a: narpony|flinch
|
|upkeep
|turn|9
|
|t:|1757917018
|move|p1a: Hitmonlee|Endure|p1a: Hitmonlee
|-singleturn|p1a: Hitmonlee|move: Endure
|move|p2a: narpony|Vacuum Wave|p1a: Hitmonlee
|-activate|p1a: Hitmonlee|move: Endure
|-damage|p1a: Hitmonlee|1/100
|
|upkeep
|turn|10
|
|t:|1757917024
|move|p1a: Hitmonlee|Upper Hand||[still]
|-fail|p1a: Hitmonlee
|move|p2a: narpony|Surf|p1a: Hitmonlee
|-damage|p1a: Hitmonlee|0 fnt
|faint|p1a: Hitmonlee
|
|upkeep
|
|t:|1757917029
|switch|p1a: Meowscarada|Meowscarada, F|100/100
|turn|11
|
|t:|1757917041
|move|p1a: Meowscarada|Flower Trick|p2a: narpony
|-start|p1a: Meowscarada|typechange|Grass|[from] ability: Protean
|-supereffective|p2a: narpony
|-crit|p2a: narpony
|-damage|p2a: narpony|0 fnt
|faint|p2a: narpony
|
|upkeep
|
|t:|1757917047
|switch|p2a: dark ræ|Darkrai|100/100
|turn|12
|
|t:|1757917052
|move|p2a: dark ræ|Sludge Bomb|p1a: Meowscarada
|-supereffective|p1a: Meowscarada
|-damage|p1a: Meowscarada|7/100
|move|p1a: Meowscarada|Flower Trick|p2a: dark ræ
|-crit|p2a: dark ræ
|-damage|p2a: dark ræ|1/100
|
|upkeep
|turn|13
|
|t:|1757917055
|move|p2a: dark ræ|Ice Beam|p1a: Meowscarada
|-supereffective|p1a: Meowscarada
|-damage|p1a: Meowscarada|0 fnt
|faint|p1a: Meowscarada
|
|upkeep
|
|t:|1757917059
|switch|p1a: Darkrai|Darkrai|100/100
|turn|14
|
|t:|1757917065
|move|p2a: dark ræ|Focus Blast|p1a: Darkrai
|-supereffective|p1a: Darkrai
|-damage|p1a: Darkrai|0 fnt
|faint|p1a: Darkrai
|
|upkeep
|
|t:|1757917068
|switch|p1a: Iron Jugulis|Iron Jugulis|100/100
|turn|15
|
|t:|1757917081
|move|p2a: dark ræ|Ice Beam|p1a: Iron Jugulis
|-supereffective|p1a: Iron Jugulis
|-damage|p1a: Iron Jugulis|17/100
|move|p1a: Iron Jugulis|Dark Pulse|p2a: dark ræ
|-resisted|p2a: dark ræ
|-damage|p2a: dark ræ|0 fnt
|faint|p2a: dark ræ
|
|upkeep
|-message|luketheidiot forfeited.
|
|win|emeraldspottie
|raw|luketheidiot's rating: 1231 &rarr; <strong>1206</strong><br />(-25 for losing)
|raw|emeraldspottie's rating: 1233 &rarr; <strong>1258</strong><br />(+25 for winning)
|l|☆luketheidiot
|player|p1|
