|j|☆jpapaio
|j|☆lolcano46
|t:|1757812836
|gametype|singles
|player|p1|jpapaio|roxie-masters|1643
|player|p2|lolcano46|fisherman-gen4|1597
|gen|9
|tier|[Gen 9] OU
|rated|
|rule|HP Percentage Mod: HP is shown in percentages
|rule|Endless Battle Clause: Forcing endless battles is banned
|rule|Species Clause: Limit one of each Pokémon
|rule|OHKO Clause: OHKO moves are banned
|rule|Evasion Items Clause: Evasion items are banned
|rule|Evasion Moves Clause: Evasion moves are banned
|rule|Evasion Abilities Clause: Evasion abilities are banned
|rule|Sleep Moves Clause: Sleep-inducing moves are banned
|clearpoke
|poke|p1|Samurott-Hisui, M|
|poke|p1|Great Tusk|
|poke|p1|Volcanion|
|poke|p1|Hydrapple, F|
|poke|p1|Gholdengo|
|poke|p1|Landorus-Therian, M|
|poke|p2|Azelf|
|poke|p2|Ogerpon-Wellspring, F|
|poke|p2|Scizor, M|
|poke|p2|Gengar, M|
|poke|p2|Raging Bolt|
|poke|p2|Cinderace, F|
|teampreview
|inactive|Battle timer is ON: inactive players will automatically lose when time's up. (requested by lolcano46)
|
|t:|1757812856
|teamsize|p1|6
|teamsize|p2|6
|start
|switch|p1a: Great Mustache|Landorus-Therian, M|100/100
|switch|p2a: Cinderace|Cinderace, F|100/100
|-ability|p1a: Great Mustache|Intimidate|boost
|-unboost|p2a: Cinderace|atk|1
|turn|1
|
|t:|1757812878
|move|p1a: Great Mustache|U-turn|p2a: Cinderace
|-resisted|p2a: Cinderace
|-damage|p2a: Cinderace|80/100
|
|t:|1757812884
|switch|p1a: Erupting Star|Volcanion|100/100|[from] U-turn
|move|p2a: Cinderace|Will-O-Wisp|p1a: Erupting Star|[miss]
|-miss|p2a: Cinderace|p1a: Erupting Star
|
|upkeep
|turn|2
|
|t:|1757812897
|switch|p2a: Ogerpon|Ogerpon-Wellspring, F|100/100
|move|p1a: Erupting Star|Steam Eruption|p2a: Ogerpon
|-immune|p2a: Ogerpon|[from] ability: Water Absorb
|
|upkeep
|turn|3
|
|t:|1757812909
|move|p2a: Ogerpon|Swords Dance|p2a: Ogerpon
|-boost|p2a: Ogerpon|atk|2
|move|p1a: Erupting Star|Will-O-Wisp|p2a: Ogerpon
|-status|p2a: Ogerpon|brn
|
|-damage|p2a: Ogerpon|95/100 brn|[from] brn
|upkeep
|turn|4
|
|t:|1757812921
|move|p2a: Ogerpon|Swords Dance|p2a: Ogerpon
|-boost|p2a: Ogerpon|atk|2
|move|p1a: Erupting Star|Sludge Bomb|p2a: Ogerpon
|-supereffective|p2a: Ogerpon
|-damage|p2a: Ogerpon|18/100 brn
|
|-damage|p2a: Ogerpon|12/100 brn|[from] brn
|upkeep
|turn|5
|
|t:|1757812933
|move|p2a: Ogerpon|Horn Leech|p1a: Erupting Star
|-damage|p1a: Erupting Star|47/100
|-heal|p2a: Ogerpon|45/100 brn|[from] drain|[of] p1a: Erupting Star
|move|p1a: Erupting Star|Sludge Bomb|p2a: Ogerpon
|-supereffective|p2a: Ogerpon
|-damage|p2a: Ogerpon|0 fnt
|faint|p2a: Ogerpon
|
|upkeep
|
|t:|1757812939
|switch|p2a: Azelf|Azelf|100/100
|turn|6
|
|t:|1757812953
|move|p2a: Azelf|Thunderbolt|p1a: Erupting Star
|-supereffective|p1a: Erupting Star
|-damage|p1a: Erupting Star|0 fnt
|faint|p1a: Erupting Star
|
|upkeep
|
|t:|1757812959
|switch|p1a: Great Mustache|Landorus-Therian, M|100/100
|-ability|p1a: Great Mustache|Intimidate|boost
|-unboost|p2a: Azelf|atk|1
|turn|7
|
|t:|1757812972
|-terastallize|p2a: Azelf|Fairy
|move|p1a: Great Mustache|U-turn|p2a: Azelf
|-resisted|p2a: Azelf
|-damage|p2a: Azelf|78/100
|
|t:|1757812978
|switch|p1a: The Last Ronin|Samurott-Hisui, M|100/100|[from] U-turn
|move|p2a: Azelf|Flamethrower|p1a: The Last Ronin
|-resisted|p1a: The Last Ronin
|-damage|p1a: The Last Ronin|90/100
|
|upkeep
|turn|8
|
|t:|1757812992
|switch|p1a: Great Mustache|Landorus-Therian, M|100/100
|-ability|p1a: Great Mustache|Intimidate|boost
|-unboost|p2a: Azelf|atk|1
|move|p2a: Azelf|Dazzling Gleam|p1a: Great Mustache
|-damage|p1a: Great Mustache|50/100
|
|upkeep
|turn|9
|inactive|jpapaio has 120 seconds left.
|
|t:|1757813030
|-terastallize|p1a: Great Mustache|Flying
|move|p1a: Great Mustache|Tera Blast|p2a: Azelf|[anim] Tera Blast Flying
|-damage|p2a: Azelf|0 fnt
|faint|p2a: Azelf
|
|upkeep
|
|t:|1757813036
|switch|p2a: Gengar|Gengar, M|100/100
|turn|10
|inactive|jpapaio has 120 seconds left.
|
|t:|1757813048
|move|p2a: Gengar|Sludge Bomb|p1a: Great Mustache
|-damage|p1a: Great Mustache|0 fnt
|faint|p1a: Great Mustache
|
|upkeep
|inactive|jpapaio has 120 seconds left.
|
|t:|1757813055
|switch|p1a: Heart of Ghold|Gholdengo|100/100
|-item|p1a: Heart of Ghold|Air Balloon
|turn|11
|inactive|jpapaio has 120 seconds left.
|
|t:|1757813068
|switch|p2a: Cinderace|Cinderace, F|80/100
|move|p1a: Heart of Ghold|Shadow Ball|p2a: Cinderace
|-damage|p2a: Cinderace|22/100
|
|upkeep
|turn|12
|inactive|jpapaio has 120 seconds left.
|
|t:|1757813082
|switch|p1a: King Tusk|Great Tusk|100/100
|move|p2a: Cinderace|Pyro Ball|p1a: King Tusk
|-damage|p1a: King Tusk|62/100
|
|upkeep
|turn|13
|inactive|jpapaio has 120 seconds left.
|
|t:|1757813096
|move|p2a: Cinderace|Will-O-Wisp|p1a: King Tusk
|-status|p1a: King Tusk|brn
|move|p1a: King Tusk|Rapid Spin|p2a: Cinderace
|-damage|p2a: Cinderace|10/100
|-boost|p1a: King Tusk|spe|1
|
|-damage|p1a: King Tusk|55/100 brn|[from] brn
|upkeep
|turn|14
|inactive|jpapaio has 120 seconds left.
|
|t:|1757813108
|move|p2a: Cinderace|Sucker Punch|p1a: King Tusk
|-start|p2a: Cinderace|typechange|Dark|[from] ability: Libero
|-resisted|p1a: King Tusk
|-damage|p1a: King Tusk|42/100 brn
|move|p1a: King Tusk|Headlong Rush|p2a: Cinderace
|-damage|p2a: Cinderace|0 fnt
|-unboost|p1a: King Tusk|def|1
|-unboost|p1a: King Tusk|spd|1
|faint|p2a: Cinderace
|
|-damage|p1a: King Tusk|36/100 brn|[from] brn
|upkeep
|
|t:|1757813117
|switch|p2a: Scizor|Scizor, M|100/100
|turn|15
|
|t:|1757813129
|move|p1a: King Tusk|Stealth Rock|p2a: Scizor
|-sidestart|p2: lolcano46|move: Stealth Rock
|move|p2a: Scizor|Swords Dance|p2a: Scizor
|-boost|p2a: Scizor|atk|2
|
|-damage|p1a: King Tusk|30/100 brn|[from] brn
|upkeep
|turn|16
|
|t:|1757813142
|move|p2a: Scizor|Bullet Punch|p1a: King Tusk
|-damage|p1a: King Tusk|0 fnt
|faint|p1a: King Tusk
|-end|p1a: King Tusk|Protosynthesis|[silent]
|
|upkeep
|
|t:|1757813147
|switch|p1a: The Fickle Heart|Hydrapple, F|100/100
|turn|17
|
|t:|1757813158
|move|p2a: Scizor|Knock Off|p1a: The Fickle Heart
|-damage|p1a: The Fickle Heart|56/100
|-damage|p2a: Scizor|84/100|[from] item: Rocky Helmet|[of] p1a: The Fickle Heart
|-enditem|p1a: The Fickle Heart|Rocky Helmet|[from] move: Knock Off|[of] p2a: Scizor
|move|p1a: The Fickle Heart|Earth Power|p2a: Scizor
|-damage|p2a: Scizor|51/100
|
|upkeep
|turn|18
|
|t:|1757813174
|switch|p1a: The Last Ronin|Samurott-Hisui, M|90/100
|move|p2a: Scizor|Close Combat|p1a: The Last Ronin
|-supereffective|p1a: The Last Ronin
|-damage|p1a: The Last Ronin|0 fnt
|-unboost|p2a: Scizor|def|1
|-unboost|p2a: Scizor|spd|1
|faint|p1a: The Last Ronin
|
|upkeep
|
|t:|1757813180
|switch|p1a: The Fickle Heart|Hydrapple, F|89/100
|turn|19
|
|t:|1757813192
|move|p2a: Scizor|Close Combat|p1a: The Fickle Heart
|-damage|p1a: The Fickle Heart|34/100
|-unboost|p2a: Scizor|def|1
|-unboost|p2a: Scizor|spd|1
|move|p1a: The Fickle Heart|Earth Power|p2a: Scizor
|-damage|p2a: Scizor|0 fnt
|faint|p2a: Scizor
|
|upkeep
|
|t:|1757813197
|switch|p2a: Raging Bolt|Raging Bolt|100/100
|-damage|p2a: Raging Bolt|88/100|[from] Stealth Rock
|-enditem|p2a: Raging Bolt|Booster Energy
|-activate|p2a: Raging Bolt|ability: Protosynthesis|[fromitem]
|-start|p2a: Raging Bolt|protosynthesisspa
|turn|20
|
|t:|1757813210
|move|p2a: Raging Bolt|Dragon Pulse|p1a: The Fickle Heart
|-supereffective|p1a: The Fickle Heart
|-damage|p1a: The Fickle Heart|0 fnt
|faint|p1a: The Fickle Heart
|
|upkeep
|
|t:|1757813213
|switch|p1a: Heart of Ghold|Gholdengo|100/100
|-item|p1a: Heart of Ghold|Air Balloon
|turn|21
|-message|jpapaio forfeited.
|
|win|lolcano46
|raw|jpapaio's rating: 1643 &rarr; <strong>1620</strong><br />(-23 for losing)
|raw|lolcano46's rating: 1597 &rarr; <strong>1620</strong><br />(+23 for winning)
|l|☆jpapaio
|player|p1|
|l|☆lolcano46
|player|p2|
