|j|☆Sin IU 雨
|j|☆stockroomsupply
|t:|1757954470
|gametype|singles
|player|p1|Sin IU 雨|265|1380
|player|p2|stockroomsupply|169|1391
|gen|9
|tier|[Gen 9] OU
|rated|
|rule|HP Percentage Mod: HP is shown in percentages
|rule|Endless Battle Clause: Forcing endless battles is banned
|rule|Species Clause: Limit one of each Pokémon
|rule|OHKO Clause: OHKO moves are banned
|rule|Evasion Items Clause: Evasion items are banned
|rule|Evasion Moves Clause: Evasion moves are banned
|rule|Evasion Abilities Clause: Evasion abilities are banned
|rule|Sleep Moves Clause: Sleep-inducing moves are banned
|clearpoke
|poke|p1|Gholdengo|
|poke|p1|Zamazenta-*|
|poke|p1|Ting-Lu|
|poke|p1|Clefable, F|
|poke|p1|Dragonite, M|
|poke|p1|Deoxys-Speed|
|poke|p2|Mudsdale, F|
|poke|p2|Glimmora, M|
|poke|p2|Dusclops, F|
|poke|p2|Tyranitar, M|
|poke|p2|Ditto|
|poke|p2|Weavile, M|
|teampreview
|c|☆stockroomsupply|good luck :)
|inactive|Battle timer is ON: inactive players will automatically lose when time's up. (requested by Sin IU 雨)
|
|t:|1757954484
|teamsize|p1|6
|teamsize|p2|6
|start
|switch|p1a: Dude Nasty Asf|Deoxys-Speed|100/100
|switch|p2a: Mudsdale|Mudsdale, F|100/100
|-ability|p1a: Dude Nasty Asf|Pressure
|turn|1
|
|t:|1757954498
|switch|p1a: Moonrock 350|Clefable, F|100/100
|move|p2a: Mudsdale|Stealth Rock|p1a: Moonrock 350
|-sidestart|p1: Sin IU 雨|move: Stealth Rock
|
|upkeep
|turn|2
|
|t:|1757954503
|move|p1a: Moonrock 350|Stealth Rock|p2a: Mudsdale
|-sidestart|p2: stockroomsupply|move: Stealth Rock
|move|p2a: Mudsdale|Roar|p1a: Moonrock 350
|drag|p1a: Up Bowl On Em|Ting-Lu|100/100
|-damage|p1a: Up Bowl On Em|94/100|[from] Stealth Rock
|-ability|p1a: Up Bowl On Em|Vessel of Ruin
|
|-heal|p1a: Up Bowl On Em|100/100|[from] item: Leftovers
|upkeep
|turn|3
|
|t:|1757954511
|move|p1a: Up Bowl On Em|Spikes|p2a: Mudsdale
|-sidestart|p2: stockroomsupply|Spikes
|move|p2a: Mudsdale|Earthquake|p1a: Up Bowl On Em
|-damage|p1a: Up Bowl On Em|78/100
|
|-heal|p1a: Up Bowl On Em|84/100|[from] item: Leftovers
|upkeep
|turn|4
|
|t:|1757954516
|move|p1a: Up Bowl On Em|Ruination|p2a: Mudsdale
|-damage|p2a: Mudsdale|50/100
|-ability|p2a: Mudsdale|Stamina|boost
|-boost|p2a: Mudsdale|def|1
|move|p2a: Mudsdale|Roar|p1a: Up Bowl On Em
|drag|p1a: Moonrock 350|Clefable, F|100/100
|
|-heal|p2a: Mudsdale|57/100|[from] item: Leftovers
|upkeep
|turn|5
|
|t:|1757954525
|move|p1a: Moonrock 350|Knock Off|p2a: Mudsdale
|-damage|p2a: Mudsdale|50/100
|-ability|p2a: Mudsdale|Stamina|boost
|-boost|p2a: Mudsdale|def|1
|-enditem|p2a: Mudsdale|Leftovers|[from] move: Knock Off|[of] p1a: Moonrock 350
|move|p2a: Mudsdale|Roar|p1a: Moonrock 350
|drag|p1a: Secret Service|Dragonite, M|100/100
|
|upkeep
|turn|6
|
|t:|1757954536
|switch|p1a: Moonrock 350|Clefable, F|100/100
|move|p2a: Mudsdale|Roar|p1a: Moonrock 350
|drag|p1a: Secret Service|Dragonite, M|100/100
|
|upkeep
|turn|7
|
|t:|1757954543
|switch|p1a: Moonrock 350|Clefable, F|100/100
|move|p2a: Mudsdale|Roar|p1a: Moonrock 350
|drag|p1a: Secret Service|Dragonite, M|100/100
|
|upkeep
|turn|8
|c|☆stockroomsupply|lol
|
|t:|1757954550
|switch|p1a: Moonrock 350|Clefable, F|100/100
|move|p2a: Mudsdale|Roar|p1a: Moonrock 350
|drag|p1a: Secret Service|Dragonite, M|100/100
|
|upkeep
|turn|9
|
|t:|1757954556
|switch|p1a: Moonrock 350|Clefable, F|100/100
|move|p2a: Mudsdale|Roar|p1a: Moonrock 350
|drag|p1a: CClifford|Zamazenta|100/100
|-ability|p1a: CClifford|Dauntless Shield|boost
|-boost|p1a: CClifford|def|1
|
|upkeep
|turn|10
|c|☆stockroomsupply|do you only have heavy duty boots?
|
|t:|1757954579
|switch|p1a: Moonrock 350|Clefable, F|100/100
|move|p2a: Mudsdale|Roar|p1a: Moonrock 350
|drag|p1a: Djengo Unrained|Gholdengo|100/100
|
|upkeep
|turn|11
|
|t:|1757954587
|switch|p1a: Moonrock 350|Clefable, F|100/100
|move|p2a: Mudsdale|Earthquake|p1a: Moonrock 350
|-damage|p1a: Moonrock 350|71/100
|
|upkeep
|turn|12
|
|t:|1757954594
|move|p1a: Moonrock 350|Moonblast|p2a: Mudsdale
|-damage|p2a: Mudsdale|21/100
|-ability|p2a: Mudsdale|Stamina|boost
|-boost|p2a: Mudsdale|def|1
|move|p2a: Mudsdale|Roar|p1a: Moonrock 350
|drag|p1a: Djengo Unrained|Gholdengo|100/100
|
|upkeep
|turn|13
|
|t:|1757954602
|move|p1a: Djengo Unrained|Shadow Ball|p2a: Mudsdale
|-damage|p2a: Mudsdale|0 fnt
|faint|p2a: Mudsdale
|
|upkeep
|
|t:|1757954609
|switch|p2a: Ditto|Ditto|100/100
|-damage|p2a: Ditto|88/100|[from] Stealth Rock
|-damage|p2a: Ditto|76/100|[from] Spikes
|-transform|p2a: Ditto|p1a: Djengo Unrained|[from] ability: Imposter
|turn|14
|
|t:|1757954616
|switch|p1a: Up Bowl On Em|Ting-Lu|84/100
|-damage|p1a: Up Bowl On Em|78/100|[from] Stealth Rock
|-ability|p1a: Up Bowl On Em|Vessel of Ruin
|move|p2a: Ditto|Shadow Ball|p1a: Up Bowl On Em
|-resisted|p1a: Up Bowl On Em
|-damage|p1a: Up Bowl On Em|71/100
|
|-heal|p1a: Up Bowl On Em|77/100|[from] item: Leftovers
|upkeep
|turn|15
|
|t:|1757954624
|switch|p2a: Glimmora|Glimmora, M|100/100
|-damage|p2a: Glimmora|88/100|[from] Stealth Rock
|-damage|p2a: Glimmora|76/100|[from] Spikes
|move|p1a: Up Bowl On Em|Earthquake|p2a: Glimmora
|-supereffective|p2a: Glimmora
|-damage|p2a: Glimmora|0 fnt
|-activate|p2a: Glimmora|ability: Toxic Debris
|-sidestart|p1: Sin IU 雨|move: Toxic Spikes
|faint|p2a: Glimmora
|
|-heal|p1a: Up Bowl On Em|83/100|[from] item: Leftovers
|upkeep
|c|☆stockroomsupply|gg
|c|☆stockroomsupply|I need boots lol
|c|☆Sin IU 雨|gg
|c|☆stockroomsupply|actually ill play it out quick if thats ok
|
|t:|1757954654
|switch|p2a: Weavile|Weavile, M|100/100
|-damage|p2a: Weavile|76/100|[from] Stealth Rock
|-damage|p2a: Weavile|63/100|[from] Spikes
|-ability|p2a: Weavile|Pressure
|turn|16
|c|☆stockroomsupply|i cant win though
|c|☆stockroomsupply|but good practice
|
|t:|1757954673
|move|p2a: Weavile|Icicle Crash|p1a: Up Bowl On Em
|-supereffective|p1a: Up Bowl On Em
|-damage|p1a: Up Bowl On Em|15/100
|move|p1a: Up Bowl On Em|Earthquake|p2a: Weavile
|-damage|p2a: Weavile|3/100
|
|-heal|p1a: Up Bowl On Em|21/100|[from] item: Leftovers
|upkeep
|turn|17
|
|t:|1757954681
|move|p2a: Weavile|Icicle Crash|p1a: Up Bowl On Em
|-supereffective|p1a: Up Bowl On Em
|-damage|p1a: Up Bowl On Em|0 fnt
|faint|p1a: Up Bowl On Em
|
|upkeep
|
|t:|1757954685
|switch|p1a: Dude Nasty Asf|Deoxys-Speed|100/100
|-ability|p1a: Dude Nasty Asf|Pressure
|turn|18
|
|t:|1757954692
|move|p1a: Dude Nasty Asf|Ice Beam|p2a: Weavile
|-resisted|p2a: Weavile
|-damage|p2a: Weavile|0 fnt
|faint|p2a: Weavile
|
|upkeep
|
|t:|1757954700
|switch|p2a: Ditto|Ditto|76/100
|-damage|p2a: Ditto|63/100|[from] Stealth Rock
|-damage|p2a: Ditto|51/100|[from] Spikes
|-transform|p2a: Ditto|p1a: Dude Nasty Asf|[from] ability: Imposter
|-ability|p2a: Ditto|Pressure
|turn|19
|
|t:|1757954713
|switch|p2a: Tyranitar|Tyranitar, M|100/100
|-damage|p2a: Tyranitar|88/100|[from] Stealth Rock
|-damage|p2a: Tyranitar|76/100|[from] Spikes
|-weather|Sandstorm|[from] ability: Sand Stream|[of] p2a: Tyranitar
|switch|p1a: Djengo Unrained|Gholdengo|100/100
|
|-weather|Sandstorm|[upkeep]
|upkeep
|turn|20
|
|t:|1757954720
|switch|p1a: CClifford|Zamazenta|100/100
|move|p2a: Tyranitar|Dark Pulse|p1a: CClifford
|-resisted|p1a: CClifford
|-damage|p1a: CClifford|89/100
|
|-weather|Sandstorm|[upkeep]
|-damage|p1a: CClifford|83/100|[from] Sandstorm
|upkeep
|turn|21
|
|t:|1757954726
|-terastallize|p2a: Tyranitar|Grass
|move|p1a: CClifford|Crunch|p2a: Tyranitar
|-damage|p2a: Tyranitar|54/100
|-unboost|p2a: Tyranitar|def|1
|move|p2a: Tyranitar|Dragon Tail|p1a: CClifford|[miss]
|-miss|p2a: Tyranitar|p1a: CClifford
|
|-weather|Sandstorm|[upkeep]
|-damage|p1a: CClifford|77/100|[from] Sandstorm
|-damage|p2a: Tyranitar|48/100|[from] Sandstorm
|upkeep
|turn|22
|
|t:|1757954733
|move|p1a: CClifford|Close Combat|p2a: Tyranitar
|-damage|p2a: Tyranitar|0 fnt
|-unboost|p1a: CClifford|def|1
|-unboost|p1a: CClifford|spd|1
|faint|p2a: Tyranitar
|
|-weather|Sandstorm|[upkeep]
|-damage|p1a: CClifford|71/100|[from] Sandstorm
|upkeep
|
|t:|1757954738
|switch|p2a: Dusclops|Dusclops, F|100/100
|-damage|p2a: Dusclops|88/100|[from] Stealth Rock
|-damage|p2a: Dusclops|76/100|[from] Spikes
|-item|p1a: CClifford|Heavy-Duty Boots|[from] ability: Frisk|[of] p2a: Dusclops
|turn|23
|
|t:|1757954743
|switch|p1a: Djengo Unrained|Gholdengo|100/100
|move|p2a: Dusclops|Will-O-Wisp|p1a: Djengo Unrained
|-immune|p1a: Djengo Unrained|[from] ability: Good as Gold
|
|-weather|none
|upkeep
|turn|24
|
|t:|1757954749
|move|p1a: Djengo Unrained|Nasty Plot|p1a: Djengo Unrained
|-boost|p1a: Djengo Unrained|spa|2
|move|p2a: Dusclops|Night Shade|p1a: Djengo Unrained
|-damage|p1a: Djengo Unrained|74/100
|
|upkeep
|turn|25
|
|t:|1757954751
|move|p1a: Djengo Unrained|Shadow Ball|p2a: Dusclops
|-supereffective|p2a: Dusclops
|-damage|p2a: Dusclops|0 fnt
|faint|p2a: Dusclops
|
|upkeep
|
|t:|1757954754
|switch|p2a: Ditto|Ditto|51/100
|-damage|p2a: Ditto|39/100|[from] Stealth Rock
|-damage|p2a: Ditto|26/100|[from] Spikes
|-transform|p2a: Ditto|p1a: Djengo Unrained|[from] ability: Imposter
|turn|26
|
|t:|1757954770
|move|p2a: Ditto|Shadow Ball|p1a: Djengo Unrained
|-supereffective|p1a: Djengo Unrained
|-damage|p1a: Djengo Unrained|0 fnt
|faint|p1a: Djengo Unrained
|
|upkeep
|
|t:|1757954775
|switch|p1a: Secret Service|Dragonite, M|100/100
|turn|27
|
|t:|1757954777
|-terastallize|p1a: Secret Service|Normal
|move|p2a: Ditto|Shadow Ball|p1a: Secret Service
|-immune|p1a: Secret Service
|move|p1a: Secret Service|Earthquake|p2a: Ditto
|-supereffective|p2a: Ditto
|-damage|p2a: Ditto|0 fnt
|faint|p2a: Ditto
|
|win|Sin IU 雨
|raw|Sin IU 雨's rating: 1380 &rarr; <strong>1401</strong><br />(+21 for winning)
|raw|stockroomsupply's rating: 1391 &rarr; <strong>1370</strong><br />(-21 for losing)
|c|☆stockroomsupply|gg
|l|☆Sin IU 雨
|player|p1|
|l|☆stockroomsupply
|player|p2|
