|j|☆hongbong
|j|☆lelmoment
|t:|1757913359
|gametype|singles
|player|p1|hongbong|n|1482
|player|p2|lelmoment|170|1642
|gen|9
|tier|[Gen 9] OU
|rated|
|rule|HP Percentage Mod: HP is shown in percentages
|rule|Endless Battle Clause: Forcing endless battles is banned
|rule|Species Clause: Limit one of each Pokémon
|rule|OHKO Clause: OHKO moves are banned
|rule|Evasion Items Clause: Evasion items are banned
|rule|Evasion Moves Clause: Evasion moves are banned
|rule|Evasion Abilities Clause: Evasion abilities are banned
|rule|Sleep Moves Clause: Sleep-inducing moves are banned
|clearpoke
|poke|p1|Blaziken, F|
|poke|p1|Tentacruel, M|
|poke|p1|Zoroark-Hisui, F|
|poke|p1|Lycanroc-Dusk, M|
|poke|p1|Ogerpon, F|
|poke|p1|Hoopa-Unbound|
|poke|p2|Deoxys-Speed|
|poke|p2|Dragonite, M|
|poke|p2|Darkrai|
|poke|p2|Iron Moth|
|poke|p2|Scizor, M|
|poke|p2|Great Tusk|
|teampreview
|inactive|Battle timer is ON: inactive players will automatically lose when time's up. (requested by lelmoment)
|
|t:|1757913375
|teamsize|p1|6
|teamsize|p2|6
|start
|switch|p1a: Hoopa|Hoopa-Unbound|100/100
|switch|p2a: Scizor|Scizor, M|100/100
|turn|1
|
|t:|1757913378
|switch|p1a: Blaziken|Blaziken, F|100/100
|move|p2a: Scizor|U-turn|p1a: Blaziken
|-resisted|p1a: Blaziken
|-damage|p1a: Blaziken|79/100
|
|t:|1757913385
|switch|p2a: Deoxys|Deoxys-Speed|100/100|[from] U-turn
|-ability|p2a: Deoxys|Pressure
|
|upkeep
|turn|2
|
|t:|1757913388
|switch|p1a: Hoopa|Hoopa-Unbound|100/100
|move|p2a: Deoxys|Stealth Rock|p1a: Hoopa
|-sidestart|p1: hongbong|move: Stealth Rock
|
|upkeep
|turn|3
|
|t:|1757913392
|move|p2a: Deoxys|Ice Beam|p1a: Hoopa
|-damage|p1a: Hoopa|80/100
|-status|p1a: Hoopa|frz
|-curestatus|p1a: Hoopa|frz|[msg]
|move|p1a: Hoopa|Dark Pulse|p2a: Deoxys
|-supereffective|p2a: Deoxys
|-damage|p2a: Deoxys|0 fnt
|faint|p2a: Deoxys
|
|upkeep
|
|t:|1757913400
|switch|p2a: Scizor|Scizor, M|100/100
|turn|4
|
|t:|1757913403
|switch|p1a: Blaziken|Blaziken, F|79/100
|-damage|p1a: Blaziken|67/100|[from] Stealth Rock
|move|p2a: Scizor|U-turn|p1a: Blaziken
|-resisted|p1a: Blaziken
|-damage|p1a: Blaziken|43/100
|
|t:|1757913409
|switch|p2a: Iron Moth|Iron Moth|100/100|[from] U-turn
|-enditem|p2a: Iron Moth|Booster Energy
|-activate|p2a: Iron Moth|ability: Quark Drive|[fromitem]
|-start|p2a: Iron Moth|quarkdrivespe
|
|upkeep
|turn|5
|
|t:|1757913412
|switch|p1a: Tentacruel|Tentacruel, M|100/100
|-damage|p1a: Tentacruel|88/100|[from] Stealth Rock
|move|p2a: Iron Moth|Toxic Spikes|p1a: Tentacruel
|-sidestart|p1: hongbong|move: Toxic Spikes
|
|upkeep
|turn|6
|
|t:|1757913420
|-end|p2a: Iron Moth|Quark Drive|[silent]
|switch|p2a: Great Tusk|Great Tusk|100/100
|-enditem|p2a: Great Tusk|Booster Energy
|-activate|p2a: Great Tusk|ability: Protosynthesis|[fromitem]
|-start|p2a: Great Tusk|protosynthesisspe
|move|p1a: Tentacruel|Rapid Spin|p2a: Great Tusk
|-damage|p2a: Great Tusk|95/100
|-boost|p1a: Tentacruel|spe|1
|-sideend|p1: hongbong|Toxic Spikes|[from] move: Rapid Spin|[of] p1a: Tentacruel
|-sideend|p1: hongbong|Stealth Rock|[from] move: Rapid Spin|[of] p1a: Tentacruel
|
|upkeep
|turn|7
|
|t:|1757913425
|switch|p1a: Ogerpon|Ogerpon, F|100/100
|move|p2a: Great Tusk|Headlong Rush|p1a: Ogerpon
|-resisted|p1a: Ogerpon
|-damage|p1a: Ogerpon|65/100
|-unboost|p2a: Great Tusk|def|1
|-unboost|p2a: Great Tusk|spd|1
|
|upkeep
|turn|8
|
|t:|1757913443
|-terastallize|p1a: Ogerpon|Grass
|detailschange|p1a: Ogerpon|Ogerpon-Teal-Tera, F, tera:Grass
|-ability|p1a: Ogerpon|Embody Aspect (Teal)|boost
|-boost|p1a: Ogerpon|spe|1
|move|p1a: Ogerpon|Ivy Cudgel|p2a: Great Tusk
|-supereffective|p2a: Great Tusk
|-damage|p2a: Great Tusk|0 fnt
|faint|p2a: Great Tusk
|-end|p2a: Great Tusk|Protosynthesis|[silent]
|
|upkeep
|
|t:|1757913452
|switch|p2a: Scizor|Scizor, M|100/100
|turn|9
|
|t:|1757913455
|switch|p1a: Blaziken|Blaziken, F|43/100
|move|p2a: Scizor|U-turn|p1a: Blaziken
|-resisted|p1a: Blaziken
|-crit|p1a: Blaziken
|-damage|p1a: Blaziken|8/100
|-enditem|p1a: Blaziken|Liechi Berry|[eat]
|-boost|p1a: Blaziken|atk|1|[from] item: Liechi Berry
|
|t:|1757913460
|switch|p2a: Darkrai|Darkrai|100/100|[from] U-turn
|
|upkeep
|turn|10
|
|t:|1757913464
|move|p1a: Blaziken|Endure|p1a: Blaziken
|-singleturn|p1a: Blaziken|move: Endure
|move|p2a: Darkrai|Dark Pulse|p1a: Blaziken
|-resisted|p1a: Blaziken
|-activate|p1a: Blaziken|move: Endure
|-damage|p1a: Blaziken|1/100
|-damage|p2a: Darkrai|91/100|[from] item: Life Orb
|
|-ability|p1a: Blaziken|Speed Boost|boost
|-boost|p1a: Blaziken|spe|1
|upkeep
|turn|11
|
|t:|1757913466
|move|p2a: Darkrai|Sucker Punch|p1a: Blaziken
|-resisted|p1a: Blaziken
|-damage|p1a: Blaziken|0 fnt
|faint|p1a: Blaziken
|-damage|p2a: Darkrai|81/100|[from] item: Life Orb
|
|upkeep
|
|t:|1757913473
|switch|p1a: Ogerpon|Ogerpon-Teal-Tera, F, tera:Grass|65/100
|-ability|p1a: Ogerpon|Embody Aspect (Teal)|boost
|-boost|p1a: Ogerpon|spe|1
|turn|12
|
|t:|1757913479
|switch|p2a: Iron Moth|Iron Moth|100/100
|move|p1a: Ogerpon|U-turn|p2a: Iron Moth
|-resisted|p2a: Iron Moth
|-damage|p2a: Iron Moth|89/100
|
|t:|1757913481
|switch|p1a: Tentacruel|Tentacruel, M|88/100|[from] U-turn
|
|upkeep
|turn|13
|
|t:|1757913484
|move|p2a: Iron Moth|Toxic Spikes|p1a: Tentacruel
|-sidestart|p1: hongbong|move: Toxic Spikes
|move|p1a: Tentacruel|Surf|p2a: Iron Moth
|-supereffective|p2a: Iron Moth
|-damage|p2a: Iron Moth|32/100
|
|upkeep
|turn|14
|
|t:|1757913488
|-end|p2a: Iron Moth|Quark Drive|[silent]
|switch|p2a: Scizor|Scizor, M|100/100
|move|p1a: Tentacruel|Rapid Spin|p2a: Scizor
|-resisted|p2a: Scizor
|-damage|p2a: Scizor|96/100
|-boost|p1a: Tentacruel|spe|1
|-sideend|p1: hongbong|Toxic Spikes|[from] move: Rapid Spin|[of] p1a: Tentacruel
|
|upkeep
|turn|15
|
|t:|1757913491
|move|p1a: Tentacruel|Surf|p2a: Scizor
|-damage|p2a: Scizor|60/100
|move|p2a: Scizor|Knock Off|p1a: Tentacruel
|-damage|p1a: Tentacruel|36/100
|-enditem|p1a: Tentacruel|Assault Vest|[from] move: Knock Off|[of] p2a: Scizor
|
|upkeep
|turn|16
|
|t:|1757913495
|move|p1a: Tentacruel|Surf|p2a: Scizor
|-damage|p2a: Scizor|25/100
|move|p2a: Scizor|Knock Off|p1a: Tentacruel
|-damage|p1a: Tentacruel|0 fnt
|faint|p1a: Tentacruel
|
|upkeep
|
|t:|1757913507
|switch|p1a: Hoopa|Hoopa-Unbound|80/100
|turn|17
|
|t:|1757913510
|move|p1a: Hoopa|Dark Pulse|p2a: Scizor
|-damage|p2a: Scizor|0 fnt
|faint|p2a: Scizor
|
|upkeep
|
|t:|1757913512
|switch|p2a: Darkrai|Darkrai|81/100
|turn|18
|
|t:|1757913514
|move|p2a: Darkrai|Ice Beam|p1a: Hoopa
|-damage|p1a: Hoopa|40/100
|-damage|p2a: Darkrai|71/100|[from] item: Life Orb
|move|p1a: Hoopa|Focus Blast|p2a: Darkrai
|-supereffective|p2a: Darkrai
|-damage|p2a: Darkrai|0 fnt
|faint|p2a: Darkrai
|
|upkeep
|
|t:|1757913519
|switch|p2a: Iron Moth|Iron Moth|32/100
|turn|19
|
|t:|1757913525
|move|p2a: Iron Moth|Dazzling Gleam|p1a: Hoopa
|-supereffective|p1a: Hoopa
|-damage|p1a: Hoopa|0 fnt
|faint|p1a: Hoopa
|
|upkeep
|
|t:|1757913530
|switch|p1a: Lycanroc|Lycanroc-Dusk, M|100/100
|turn|20
|
|t:|1757913536
|move|p1a: Lycanroc|Accelerock|p2a: Iron Moth
|-supereffective|p2a: Iron Moth
|-damage|p2a: Iron Moth|0 fnt
|faint|p2a: Iron Moth
|-end|p2a: Iron Moth|Quark Drive|[silent]
|
|upkeep
|
|t:|1757913537
|switch|p2a: Dragonite|Dragonite, M|100/100
|turn|21
|
|t:|1757913541
|-terastallize|p2a: Dragonite|Ghost
|move|p1a: Lycanroc|Stone Edge|p2a: Dragonite
|-crit|p2a: Dragonite
|-damage|p2a: Dragonite|61/100
|move|p2a: Dragonite|Dragon Dance|p2a: Dragonite
|-boost|p2a: Dragonite|atk|1
|-boost|p2a: Dragonite|spe|1
|
|upkeep
|turn|22
|
|t:|1757913545
|move|p2a: Dragonite|Low Kick|p1a: Lycanroc
|-supereffective|p1a: Lycanroc
|-enditem|p1a: Lycanroc|Focus Sash
|-damage|p1a: Lycanroc|1/100
|move|p1a: Lycanroc|Stone Edge|p2a: Dragonite|[miss]
|-miss|p1a: Lycanroc|p2a: Dragonite
|
|upkeep
|turn|23
|
|t:|1757913549
|move|p1a: Lycanroc|Accelerock|p2a: Dragonite
|-damage|p2a: Dragonite|33/100
|move|p2a: Dragonite|Low Kick|p1a: Lycanroc
|-supereffective|p1a: Lycanroc
|-damage|p1a: Lycanroc|0 fnt
|faint|p1a: Lycanroc
|
|upkeep
|
|t:|1757913554
|switch|p1a: Ogerpon|Ogerpon-Teal-Tera, F|100/100
|turn|24
|-message|lelmoment forfeited.
|
|win|hongbong
|raw|hongbong's rating: 1482 &rarr; <strong>1511</strong><br />(+29 for winning)
|raw|lelmoment's rating: 1642 &rarr; <strong>1613</strong><br />(-29 for losing)
|l|☆lelmoment
|player|p2|
|l|☆hongbong
|player|p1|
