|badge|p2|bronze|gen9ou|100-6
|uhtml|medal-msg|<div class="broadcast-blue">Curious what those medals under the avatar are? PS now has Ladder Seasons! For more information, check out the <a href="https://www.smogon.com/forums/threads/3740067/">thread on Smogon.</a></div>
|j|☆TrueBananaman41
|j|☆54 Insane Rats
|t:|1757864360
|gametype|singles
|player|p1|TrueBananaman41|brycenman|
|player|p2|54 Insane Rats|supernerd|
|gen|9
|tier|[Gen 9] OU
|rule|HP Percentage Mod: HP is shown in percentages
|rule|Endless Battle Clause: Forcing endless battles is banned
|rule|Species Clause: Limit one of each Pokémon
|rule|OHKO Clause: OHKO moves are banned
|rule|Evasion Items Clause: Evasion items are banned
|rule|Evasion Moves Clause: Evasion moves are banned
|rule|Evasion Abilities Clause: Evasion abilities are banned
|rule|Sleep Moves Clause: Sleep-inducing moves are banned
|clearpoke
|poke|p1|Forretress, F|
|poke|p1|Dragapult, M|
|poke|p1|Samurott-Hisui, F|
|poke|p1|Slowking-Galar, F|
|poke|p1|Zamazenta-*|
|poke|p1|Clefable, F|
|poke|p2|Tyranitar, M|
|poke|p2|Excadrill, F|
|poke|p2|Kingambit, M|
|poke|p2|Garchomp, F|
|poke|p2|Pecharunt|
|poke|p2|Rotom-Wash|
|teampreview
|inactive|Battle timer is ON: inactive players will automatically lose when time's up. (requested by 54 Insane Rats)
|c|☆TrueBananaman41|glhf
|inactive|TrueBananaman41 has 270 seconds left.
|
|t:|1757864400
|teamsize|p1|6
|teamsize|p2|6
|start
|switch|p1a: Clefable|Clefable, F|100/100
|switch|p2a: Tyranitar|Tyranitar, M|100/100
|-weather|Sandstorm|[from] ability: Sand Stream|[of] p2a: Tyranitar
|turn|1
|inactive|TrueBananaman41 has 270 seconds left.
|
|t:|1757864435
|switch|p1a: Forretress|Forretress, F|100/100
|move|p2a: Tyranitar|Stealth Rock|p1a: Forretress
|-sidestart|p1: TrueBananaman41|move: Stealth Rock
|
|-weather|Sandstorm|[upkeep]
|upkeep
|turn|2
|
|t:|1757864451
|switch|p2a: Garchomp|Garchomp, F|100/100
|move|p1a: Forretress|Thunder Wave|p2a: Garchomp
|-immune|p2a: Garchomp
|
|-weather|Sandstorm|[upkeep]
|upkeep
|turn|3
|inactive|TrueBananaman41 has 270 seconds left.
|
|t:|1757864466
|move|p2a: Garchomp|Swords Dance|p2a: Garchomp
|-boost|p2a: Garchomp|atk|2
|move|p1a: Forretress|Rapid Spin|p2a: Garchomp
|-damage|p2a: Garchomp|91/100
|-boost|p1a: Forretress|spe|1
|-damage|p1a: Forretress|88/100|[from] ability: Rough Skin|[of] p2a: Garchomp
|-sideend|p1: TrueBananaman41|Stealth Rock|[from] move: Rapid Spin|[of] p1a: Forretress
|
|-weather|Sandstorm|[upkeep]
|upkeep
|turn|4
|inactive|TrueBananaman41 has 270 seconds left.
|
|t:|1757864487
|move|p2a: Garchomp|Scale Shot|p1a: Forretress
|-resisted|p1a: Forretress
|-damage|p1a: Forretress|80/100
|-resisted|p1a: Forretress
|-damage|p1a: Forretress|73/100
|-resisted|p1a: Forretress
|-damage|p1a: Forretress|65/100
|-resisted|p1a: Forretress
|-damage|p1a: Forretress|57/100
|-resisted|p1a: Forretress
|-damage|p1a: Forretress|50/100
|-hitcount|p1a: Forretress|5
|-enditem|p1a: Forretress|Red Card|[of] p2a: Garchomp
|-unboost|p2a: Garchomp|def|1
|-boost|p2a: Garchomp|spe|1
|drag|p2a: Excadrill|Excadrill, F|100/100
|move|p1a: Forretress|Iron Head|p2a: Excadrill
|-resisted|p2a: Excadrill
|-crit|p2a: Excadrill
|-damage|p2a: Excadrill|73/100
|
|-weather|Sandstorm|[upkeep]
|upkeep
|turn|5
|
|t:|1757864509
|move|p2a: Excadrill|Earthquake|p1a: Forretress
|-damage|p1a: Forretress|11/100
|-damage|p2a: Excadrill|63/100|[from] item: Life Orb
|move|p1a: Forretress|Body Press|p2a: Excadrill
|-supereffective|p2a: Excadrill
|-crit|p2a: Excadrill
|-damage|p2a: Excadrill|0 fnt
|faint|p2a: Excadrill
|
|-weather|Sandstorm|[upkeep]
|upkeep
|
|t:|1757864514
|switch|p2a: Rotom|Rotom-Wash|100/100
|turn|6
|inactive|TrueBananaman41 has 270 seconds left.
|
|t:|1757864524
|move|p2a: Rotom|Volt Switch|p1a: Forretress
|-damage|p1a: Forretress|0 fnt
|faint|p1a: Forretress
|
|t:|1757864532
|switch|p2a: Kingambit|Kingambit, M|100/100|[from] Volt Switch
|-activate|p2a: Kingambit|ability: Supreme Overlord
|-start|p2a: Kingambit|fallen1|[silent]
|
|-weather|Sandstorm|[upkeep]
|upkeep
|inactive|TrueBananaman41 has 270 seconds left.
|
|t:|1757864542
|switch|p1a: Dragapult|Dragapult, M|100/100
|turn|7
|inactive|TrueBananaman41 has 270 seconds left.
|
|t:|1757864549
|-end|p2a: Kingambit|fallen1|[silent]
|switch|p2a: Tyranitar|Tyranitar, M|100/100
|move|p1a: Dragapult|Will-O-Wisp|p2a: Tyranitar
|-status|p2a: Tyranitar|brn
|
|-weather|Sandstorm|[upkeep]
|-damage|p1a: Dragapult|95/100|[from] Sandstorm
|-damage|p2a: Tyranitar|94/100 brn|[from] brn
|upkeep
|turn|8
|inactive|TrueBananaman41 has 270 seconds left.
|
|t:|1757864565
|switch|p1a: Samurott|Samurott-Hisui, F|100/100
|move|p2a: Tyranitar|Knock Off|p1a: Samurott
|-resisted|p1a: Samurott
|-damage|p1a: Samurott|87/100
|-enditem|p1a: Samurott|Choice Scarf|[from] move: Knock Off|[of] p2a: Tyranitar
|
|-weather|none
|-damage|p2a: Tyranitar|88/100 brn|[from] brn
|upkeep
|turn|9
|inactive|TrueBananaman41 has 270 seconds left.
|
|t:|1757864576
|move|p1a: Samurott|Ceaseless Edge|p2a: Tyranitar
|-resisted|p2a: Tyranitar
|-damage|p2a: Tyranitar|70/100 brn
|-sidestart|p2: 54 Insane Rats|Spikes
|move|p2a: Tyranitar|Thunder Wave|p1a: Samurott
|-status|p1a: Samurott|par
|
|-damage|p2a: Tyranitar|64/100 brn|[from] brn
|upkeep
|turn|10
|inactive|TrueBananaman41 has 270 seconds left.
|
|t:|1757864584
|move|p2a: Tyranitar|Stealth Rock|p1a: Samurott
|-sidestart|p1: TrueBananaman41|move: Stealth Rock
|cant|p1a: Samurott|par
|
|-damage|p2a: Tyranitar|57/100 brn|[from] brn
|upkeep
|turn|11
|
|t:|1757864590
|switch|p2a: Rotom|Rotom-Wash|100/100
|cant|p1a: Samurott|par
|
|upkeep
|turn|12
|
|t:|1757864597
|switch|p1a: Dragapult|Dragapult, M|95/100
|move|p2a: Rotom|Volt Switch|p1a: Dragapult
|-resisted|p1a: Dragapult
|-damage|p1a: Dragapult|77/100
|
|t:|1757864600
|switch|p2a: Tyranitar|Tyranitar, M|57/100 brn|[from] Volt Switch
|-damage|p2a: Tyranitar|45/100 brn|[from] Spikes
|-weather|Sandstorm|[from] ability: Sand Stream|[of] p2a: Tyranitar
|
|-weather|Sandstorm|[upkeep]
|-damage|p1a: Dragapult|71/100|[from] Sandstorm
|-damage|p2a: Tyranitar|39/100 brn|[from] brn
|upkeep
|turn|13
|
|t:|1757864610
|move|p1a: Dragapult|U-turn|p2a: Tyranitar
|-supereffective|p2a: Tyranitar
|-damage|p2a: Tyranitar|11/100 brn
|
|t:|1757864612
|switch|p1a: Samurott|Samurott-Hisui, F|87/100 par|[from] U-turn
|-damage|p1a: Samurott|74/100 par|[from] Stealth Rock
|move|p2a: Tyranitar|Knock Off|p1a: Samurott
|-resisted|p1a: Samurott
|-damage|p1a: Samurott|66/100 par
|
|-weather|Sandstorm|[upkeep]
|-damage|p1a: Samurott|60/100 par|[from] Sandstorm
|-damage|p2a: Tyranitar|4/100 brn|[from] brn
|upkeep
|turn|14
|
|t:|1757864622
|move|p2a: Tyranitar|Ice Beam|p1a: Samurott
|-resisted|p1a: Samurott
|-damage|p1a: Samurott|46/100 par
|move|p1a: Samurott|Ceaseless Edge|p2a: Tyranitar
|-resisted|p2a: Tyranitar
|-damage|p2a: Tyranitar|0 fnt
|-sidestart|p2: 54 Insane Rats|Spikes
|faint|p2a: Tyranitar
|
|-weather|Sandstorm|[upkeep]
|-damage|p1a: Samurott|39/100 par|[from] Sandstorm
|upkeep
|
|t:|1757864625
|switch|p2a: Rotom|Rotom-Wash|100/100
|turn|15
|
|t:|1757864634
|move|p2a: Rotom|Volt Switch|p1a: Samurott
|-supereffective|p1a: Samurott
|-damage|p1a: Samurott|0 fnt
|faint|p1a: Samurott
|
|t:|1757864637
|switch|p2a: Kingambit|Kingambit, M|100/100|[from] Volt Switch
|-damage|p2a: Kingambit|84/100|[from] Spikes
|-activate|p2a: Kingambit|ability: Supreme Overlord
|-start|p2a: Kingambit|fallen2|[silent]
|
|-weather|Sandstorm|[upkeep]
|upkeep
|
|t:|1757864645
|switch|p1a: Dragapult|Dragapult, M|71/100
|turn|16
|
|t:|1757864650
|move|p1a: Dragapult|Will-O-Wisp|p2a: Kingambit
|-status|p2a: Kingambit|brn
|move|p2a: Kingambit|Kowtow Cleave|p1a: Dragapult
|-supereffective|p1a: Dragapult
|-damage|p1a: Dragapult|0 fnt
|faint|p1a: Dragapult
|
|-weather|Sandstorm|[upkeep]
|-damage|p2a: Kingambit|78/100 brn|[from] brn
|upkeep
|
|t:|1757864662
|switch|p1a: Clefable|Clefable, F|100/100
|turn|17
|
|t:|1757864668
|move|p2a: Kingambit|Swords Dance|p2a: Kingambit
|-boost|p2a: Kingambit|atk|2
|move|p1a: Clefable|Flamethrower|p2a: Kingambit
|-supereffective|p2a: Kingambit
|-damage|p2a: Kingambit|21/100 brn
|
|-weather|Sandstorm|[upkeep]
|-damage|p2a: Kingambit|15/100 brn|[from] brn
|upkeep
|turn|18
|
|t:|1757864678
|switch|p1a: Zamazenta|Zamazenta|100/100
|-damage|p1a: Zamazenta|94/100|[from] Stealth Rock
|-ability|p1a: Zamazenta|Dauntless Shield|boost
|-boost|p1a: Zamazenta|def|1
|move|p2a: Kingambit|Iron Head|p1a: Zamazenta
|-crit|p1a: Zamazenta
|-damage|p1a: Zamazenta|37/100
|
|-weather|Sandstorm|[upkeep]
|-damage|p1a: Zamazenta|31/100|[from] Sandstorm
|-heal|p1a: Zamazenta|37/100|[from] item: Leftovers
|-damage|p2a: Kingambit|9/100 brn|[from] brn
|upkeep
|turn|19
|
|t:|1757864691
|move|p2a: Kingambit|Sucker Punch|p1a: Zamazenta
|-resisted|p1a: Zamazenta
|-damage|p1a: Zamazenta|24/100
|move|p1a: Zamazenta|Heavy Slam|p2a: Kingambit
|-resisted|p2a: Kingambit
|-damage|p2a: Kingambit|5/100 brn
|
|-weather|none
|-heal|p1a: Zamazenta|30/100|[from] item: Leftovers
|-damage|p2a: Kingambit|0 fnt|[from] brn
|faint|p2a: Kingambit
|-end|p2a: Kingambit|fallen2|[silent]
|upkeep
|
|t:|1757864695
|switch|p2a: Pecharunt|Pecharunt|100/100
|-item|p2a: Pecharunt|Air Balloon
|turn|20
|
|t:|1757864701
|move|p1a: Zamazenta|Heavy Slam|p2a: Pecharunt
|-damage|p2a: Pecharunt|85/100
|-enditem|p2a: Pecharunt|Air Balloon
|move|p2a: Pecharunt|Shadow Ball|p1a: Zamazenta
|-damage|p1a: Zamazenta|8/100
|
|-heal|p1a: Zamazenta|14/100|[from] item: Leftovers
|upkeep
|turn|21
|
|t:|1757864711
|move|p1a: Zamazenta|Heavy Slam|p2a: Pecharunt
|-damage|p2a: Pecharunt|70/100
|move|p2a: Pecharunt|Shadow Ball|p1a: Zamazenta
|-damage|p1a: Zamazenta|0 fnt
|faint|p1a: Zamazenta
|
|upkeep
|
|t:|1757864721
|switch|p1a: Slowking|Slowking-Galar, F|100/100
|turn|22
|
|t:|1757864727
|move|p2a: Pecharunt|Shadow Ball|p1a: Slowking
|-supereffective|p1a: Slowking
|-damage|p1a: Slowking|69/100
|-unboost|p1a: Slowking|spd|1
|move|p1a: Slowking|Future Sight|p2a: Pecharunt
|-start|p1a: Slowking|move: Future Sight
|
|upkeep
|turn|23
|
|t:|1757864733
|switch|p1a: Clefable|Clefable, F|100/100
|move|p2a: Pecharunt|Shadow Ball|p1a: Clefable
|-damage|p1a: Clefable|78/100
|
|upkeep
|turn|24
|
|t:|1757864742
|move|p2a: Pecharunt|Parting Shot|p1a: Clefable
|-unboost|p1a: Clefable|atk|1
|-unboost|p1a: Clefable|spa|1
|
|t:|1757864744
|switch|p2a: Rotom|Rotom-Wash|100/100|[from] Parting Shot
|move|p1a: Clefable|Moonblast|p2a: Rotom
|-damage|p2a: Rotom|69/100
|
|-end|p2a: Rotom|move: Future Sight
|-damage|p2a: Rotom|16/100
|-heal|p2a: Rotom|22/100|[from] item: Leftovers
|upkeep
|turn|25
|
|t:|1757864754
|move|p2a: Rotom|Pain Split|p1a: Clefable
|-sethp|p1a: Clefable|47/100|[from] move: Pain Split|[silent]
|-sethp|p2a: Rotom|61/100|[from] move: Pain Split
|move|p1a: Clefable|Moonblast|p2a: Rotom
|-damage|p2a: Rotom|28/100
|
|-heal|p2a: Rotom|34/100|[from] item: Leftovers
|upkeep
|turn|26
|
|t:|1757864761
|move|p2a: Rotom|Hydro Pump|p1a: Clefable
|-damage|p1a: Clefable|9/100
|move|p1a: Clefable|Wish|p1a: Clefable
|
|-heal|p2a: Rotom|41/100|[from] item: Leftovers
|upkeep
|turn|27
|
|t:|1757864771
|move|p2a: Rotom|Volt Switch|p1a: Clefable
|-damage|p1a: Clefable|0 fnt
|faint|p1a: Clefable
|
|t:|1757864774
|switch|p2a: Garchomp|Garchomp, F|91/100|[from] Volt Switch
|-damage|p2a: Garchomp|74/100|[from] Spikes
|
|upkeep
|
|t:|1757864778
|switch|p1a: Slowking|Slowking-Galar, F|100/100
|turn|28
|
|t:|1757864783
|-terastallize|p1a: Slowking|Fairy
|move|p2a: Garchomp|Earthquake|p1a: Slowking
|-crit|p1a: Slowking
|-damage|p1a: Slowking|23/100
|move|p1a: Slowking|Future Sight|p2a: Garchomp
|-start|p1a: Slowking|move: Future Sight
|
|upkeep
|turn|29
|
|t:|1757864788
|move|p2a: Garchomp|Earthquake|p1a: Slowking
|-damage|p1a: Slowking|0 fnt
|faint|p1a: Slowking
|
|win|54 Insane Rats
