|j|‽v1n001
|j|☆Obito 2001
|t:|1757863891
|gametype|singles
|player|p1|v1n001|266|1636
|player|p2|Obito 2001|blue-gen3two|1725
|gen|9
|tier|[Gen 9] OU
|rated|
|rule|HP Percentage Mod: HP is shown in percentages
|rule|Endless Battle Clause: Forcing endless battles is banned
|rule|Species Clause: Limit one of each Pokémon
|rule|OHKO Clause: OHKO moves are banned
|rule|Evasion Items Clause: Evasion items are banned
|rule|Evasion Moves Clause: Evasion moves are banned
|rule|Evasion Abilities Clause: Evasion abilities are banned
|rule|Sleep Moves Clause: Sleep-inducing moves are banned
|clearpoke
|poke|p1|Raging Bolt|
|poke|p1|Alomomola, F|
|poke|p1|Ting-Lu|
|poke|p1|Weezing-Galar, F|
|poke|p1|Landorus-Therian, M|
|poke|p1|Ogerpon-Wellspring, F|
|poke|p2|Grimmsnarl, M|
|poke|p2|Landorus-Therian, M|
|poke|p2|Weezing-Galar, F|
|poke|p2|Iron Valiant|
|poke|p2|Gholdengo|
|poke|p2|Empoleon, F|
|teampreview
|inactive|Battle timer is ON: inactive players will automatically lose when time's up. (requested by v1n001)
|inactive|Obito 2001 also wants the timer to be on.
|j| moodrandom
|
|t:|1757863914
|teamsize|p1|6
|teamsize|p2|6
|start
|switch|p1a: Raging Bolt|Raging Bolt|100/100
|switch|p2a: Empoleon|Empoleon, F|100/100
|-item|p2a: Empoleon|Air Balloon
|turn|1
|
|t:|1757863922
|switch|p2a: Landorus|Landorus-Therian, M|100/100
|-ability|p2a: Landorus|Intimidate|boost
|-unboost|p1a: Raging Bolt|atk|1
|move|p1a: Raging Bolt|Thunderbolt|p2a: Landorus
|-immune|p2a: Landorus
|
|upkeep
|turn|2
|
|t:|1757863926
|-end|p1a: Raging Bolt|Protosynthesis|[silent]
|switch|p1a: Alomomola|Alomomola, F, shiny|100/100
|move|p2a: Landorus|Stealth Rock|p1a: Alomomola
|-sidestart|p1: v1n001|move: Stealth Rock
|
|upkeep
|turn|3
|
|t:|1757863930
|move|p2a: Landorus|U-turn|p1a: Alomomola
|-damage|p1a: Alomomola|85/100
|
|t:|1757863944
|switch|p2a: Grimmsnarl|Grimmsnarl, M|100/100|[from] U-turn
|move|p1a: Alomomola|Flip Turn|p2a: Grimmsnarl
|-damage|p2a: Grimmsnarl|87/100
|
|t:|1757863948
|switch|p1a: Weezing|Weezing-Galar, F, shiny|100/100|[from] Flip Turn
|-ability|p1a: Weezing|Neutralizing Gas
|
|upkeep
|turn|4
|
|t:|1757863951
|move|p1a: Weezing|Sludge Bomb|p2a: Grimmsnarl
|-supereffective|p2a: Grimmsnarl
|-damage|p2a: Grimmsnarl|31/100
|-status|p2a: Grimmsnarl|psn
|move|p2a: Grimmsnarl|Parting Shot|p1a: Weezing
|-unboost|p1a: Weezing|atk|1
|-unboost|p1a: Weezing|spa|1
|
|t:|1757863954
|switch|p2a: Gholdengo|Gholdengo|100/100|[from] Parting Shot
|
|upkeep
|turn|5
|
|t:|1757863961
|-end|p1a: Weezing|ability: Neutralizing Gas
|switch|p1a: Ting-Lu|Ting-Lu|100/100
|-damage|p1a: Ting-Lu|94/100|[from] Stealth Rock
|-ability|p1a: Ting-Lu|Vessel of Ruin
|move|p2a: Gholdengo|Make It Rain|p1a: Ting-Lu
|-damage|p1a: Ting-Lu|54/100
|-unboost|p2a: Gholdengo|spa|1
|
|-heal|p1a: Ting-Lu|61/100|[from] item: Leftovers
|upkeep
|turn|6
|
|t:|1757863969
|switch|p2a: Empoleon|Empoleon, F|100/100
|-item|p2a: Empoleon|Air Balloon
|move|p1a: Ting-Lu|Ruination|p2a: Empoleon|[miss]
|-miss|p1a: Ting-Lu|p2a: Empoleon
|
|-heal|p1a: Ting-Lu|67/100|[from] item: Leftovers
|upkeep
|turn|7
|
|t:|1757863976
|switch|p1a: Ogerpon|Ogerpon-Wellspring, F|100/100
|-damage|p1a: Ogerpon|88/100|[from] Stealth Rock
|move|p2a: Empoleon|Surf|p1a: Ogerpon
|-heal|p1a: Ogerpon|100/100|[from] ability: Water Absorb|[of] p2a: Empoleon
|
|upkeep
|turn|8
|
|t:|1757863981
|switch|p2a: Landorus|Landorus-Therian, M|100/100
|-ability|p2a: Landorus|Intimidate|boost
|-unboost|p1a: Ogerpon|atk|1
|move|p1a: Ogerpon|U-turn|p2a: Landorus
|-resisted|p2a: Landorus
|-damage|p2a: Landorus|89/100
|-damage|p1a: Ogerpon|84/100|[from] item: Rocky Helmet|[of] p2a: Landorus
|
|t:|1757863986
|switch|p1a: Alomomola|Alomomola, F, shiny|100/100|[from] U-turn
|
|upkeep
|turn|9
|
|t:|1757863990
|move|p2a: Landorus|U-turn|p1a: Alomomola
|-damage|p1a: Alomomola|84/100
|
|t:|1757863994
|switch|p2a: Grimmsnarl|Grimmsnarl, M|31/100 psn|[from] U-turn
|move|p1a: Alomomola|Scald|p2a: Grimmsnarl
|-damage|p2a: Grimmsnarl|18/100 psn
|
|-damage|p2a: Grimmsnarl|5/100 psn|[from] psn
|upkeep
|turn|10
|
|t:|1757864005
|move|p2a: Grimmsnarl|Light Screen|p2a: Grimmsnarl
|-sidestart|p2: Obito 2001|move: Light Screen
|move|p1a: Alomomola|Wish|p1a: Alomomola
|
|-damage|p2a: Grimmsnarl|0 fnt|[from] psn
|faint|p2a: Grimmsnarl
|upkeep
|
|t:|1757864010
|switch|p2a: Hero|Iron Valiant|100/100
|-enditem|p2a: Hero|Booster Energy
|-activate|p2a: Hero|ability: Quark Drive|[fromitem]
|-start|p2a: Hero|quarkdrivespe
|turn|11
|j| FaronAan
|
|t:|1757864013
|switch|p1a: Ting-Lu|Ting-Lu|67/100
|-damage|p1a: Ting-Lu|61/100|[from] Stealth Rock
|-ability|p1a: Ting-Lu|Vessel of Ruin
|move|p2a: Hero|Swords Dance|p2a: Hero
|-boost|p2a: Hero|atk|2
|
|-heal|p1a: Ting-Lu|100/100|[from] move: Wish|[wisher] Alomomola
|upkeep
|turn|12
|
|t:|1757864018
|-terastallize|p1a: Ting-Lu|Poison
|move|p2a: Hero|Spirit Break|p1a: Ting-Lu
|-resisted|p1a: Ting-Lu
|-damage|p1a: Ting-Lu|80/100
|-unboost|p1a: Ting-Lu|spa|1
|move|p1a: Ting-Lu|Whirlwind|p2a: Hero
|-end|p2a: Hero|Quark Drive|[silent]
|drag|p2a: Empoleon|Empoleon, F|100/100
|-item|p2a: Empoleon|Air Balloon
|
|-heal|p1a: Ting-Lu|86/100|[from] item: Leftovers
|upkeep
|turn|13
|
|t:|1757864025
|switch|p2a: Gholdengo|Gholdengo|100/100
|switch|p1a: Alomomola|Alomomola, F, shiny|100/100
|
|upkeep
|turn|14
|
|t:|1757864029
|move|p2a: Gholdengo|Trick|p1a: Alomomola
|-activate|p2a: Gholdengo|move: Trick|[of] p1a: Alomomola
|-item|p1a: Alomomola|Choice Specs|[from] move: Trick
|-item|p2a: Gholdengo|Heavy-Duty Boots|[from] move: Trick
|move|p1a: Alomomola|Flip Turn|p2a: Gholdengo
|-damage|p2a: Gholdengo|81/100
|
|t:|1757864033
|switch|p1a: Ting-Lu|Ting-Lu, tera:Poison|86/100|[from] Flip Turn
|-damage|p1a: Ting-Lu|74/100|[from] Stealth Rock
|-ability|p1a: Ting-Lu|Vessel of Ruin
|
|-heal|p1a: Ting-Lu|80/100|[from] item: Leftovers
|upkeep
|turn|15
|
|t:|1757864043
|move|p2a: Gholdengo|Trick|p1a: Ting-Lu
|-activate|p2a: Gholdengo|move: Trick|[of] p1a: Ting-Lu
|-item|p1a: Ting-Lu|Heavy-Duty Boots|[from] move: Trick
|-item|p2a: Gholdengo|Leftovers|[from] move: Trick
|move|p1a: Ting-Lu|Stealth Rock|p2a: Gholdengo
|-sidestart|p2: Obito 2001|move: Stealth Rock
|
|-heal|p2a: Gholdengo|87/100|[from] item: Leftovers
|upkeep
|turn|16
|
|t:|1757864048
|switch|p2a: Landorus|Landorus-Therian, M|89/100
|-damage|p2a: Landorus|77/100|[from] Stealth Rock
|-ability|p2a: Landorus|Intimidate|boost
|-unboost|p1a: Ting-Lu|atk|1
|move|p1a: Ting-Lu|Earthquake|p2a: Landorus
|-immune|p2a: Landorus
|
|upkeep
|turn|17
|
|t:|1757864058
|switch|p1a: Alomomola|Alomomola, F, shiny|100/100
|-damage|p1a: Alomomola|88/100|[from] Stealth Rock
|move|p2a: Landorus|Stone Edge|p1a: Alomomola
|-damage|p1a: Alomomola|65/100
|
|-sideend|p2: Obito 2001|move: Light Screen
|upkeep
|turn|18
|
|t:|1757864061
|move|p2a: Landorus|U-turn|p1a: Alomomola
|-damage|p1a: Alomomola|49/100
|
|t:|1757864065
|switch|p2a: Weezing|Weezing-Galar, F|100/100|[from] U-turn
|-ability|p2a: Weezing|Neutralizing Gas
|move|p1a: Alomomola|Flip Turn|p2a: Weezing
|-damage|p2a: Weezing|90/100
|
|t:|1757864074
|switch|p1a: Raging Bolt|Raging Bolt|100/100|[from] Flip Turn
|-damage|p1a: Raging Bolt|88/100|[from] Stealth Rock
|
|upkeep
|turn|19
|
|t:|1757864080
|move|p1a: Raging Bolt|Draco Meteor|p2a: Weezing
|-immune|p2a: Weezing
|move|p2a: Weezing|Sludge Bomb|p1a: Raging Bolt
|-damage|p1a: Raging Bolt|60/100
|
|upkeep
|turn|20
|
|t:|1757864086
|-end|p1a: Raging Bolt|Protosynthesis|[silent]
|switch|p1a: Landorus|Landorus-Therian, M, shiny|100/100
|-damage|p1a: Landorus|88/100|[from] Stealth Rock
|move|p2a: Weezing|Sludge Bomb|p1a: Landorus
|-resisted|p1a: Landorus
|-damage|p1a: Landorus|69/100
|
|upkeep
|turn|21
|
|t:|1757864089
|move|p1a: Landorus|Earthquake|p2a: Weezing
|-supereffective|p2a: Weezing
|-crit|p2a: Weezing
|-damage|p2a: Weezing|0 fnt
|faint|p2a: Weezing
|-end|p2a: Weezing|ability: Neutralizing Gas
|
|upkeep
|
|t:|1757864095
|switch|p2a: Landorus|Landorus-Therian, M|77/100
|-damage|p2a: Landorus|65/100|[from] Stealth Rock
|-ability|p2a: Landorus|Intimidate|boost
|-unboost|p1a: Landorus|atk|1
|turn|22
|
|t:|1757864099
|switch|p1a: Alomomola|Alomomola, F, shiny|49/100
|-damage|p1a: Alomomola|37/100|[from] Stealth Rock
|move|p2a: Landorus|U-turn|p1a: Alomomola
|-damage|p1a: Alomomola|22/100
|
|t:|1757864107
|switch|p2a: Empoleon|Empoleon, F|100/100|[from] U-turn
|-damage|p2a: Empoleon|94/100|[from] Stealth Rock
|-item|p2a: Empoleon|Air Balloon
|
|upkeep
|turn|23
|
|t:|1757864118
|switch|p1a: Ogerpon|Ogerpon-Wellspring, F|84/100
|-damage|p1a: Ogerpon|72/100|[from] Stealth Rock
|move|p2a: Empoleon|Air Slash|p1a: Ogerpon
|-supereffective|p1a: Ogerpon
|-damage|p1a: Ogerpon|24/100
|
|upkeep
|turn|24
|
|t:|1757864124
|switch|p2a: Landorus|Landorus-Therian, M|65/100
|-damage|p2a: Landorus|53/100|[from] Stealth Rock
|-ability|p2a: Landorus|Intimidate|boost
|-unboost|p1a: Ogerpon|atk|1
|move|p1a: Ogerpon|U-turn|p2a: Landorus
|-resisted|p2a: Landorus
|-damage|p2a: Landorus|42/100
|-damage|p1a: Ogerpon|8/100|[from] item: Rocky Helmet|[of] p2a: Landorus
|
|t:|1757864132
|switch|p1a: Weezing|Weezing-Galar, F, shiny|100/100|[from] U-turn
|-ability|p1a: Weezing|Neutralizing Gas
|
|upkeep
|turn|25
|
|t:|1757864135
|move|p2a: Landorus|Earthquake|p1a: Weezing
|-supereffective|p1a: Weezing
|-damage|p1a: Weezing|21/100
|move|p1a: Weezing|Defog|p2a: Landorus
|-unboost|p2a: Landorus|evasion|1
|-sideend|p2: Obito 2001|Stealth Rock|[from] move: Defog|[of] p1a: Weezing
|-sideend|p1: v1n001|Stealth Rock|[from] move: Defog|[of] p1a: Weezing
|
|upkeep
|turn|26
|
|t:|1757864138
|-end|p1a: Weezing|ability: Neutralizing Gas
|-ability|p2a: Landorus|Intimidate|boost
|-unboost|p1a: Weezing|atk|1
|switch|p1a: Ogerpon|Ogerpon-Wellspring, F|8/100
|move|p2a: Landorus|Stealth Rock|p1a: Ogerpon
|-sidestart|p1: v1n001|move: Stealth Rock
|
|upkeep
|turn|27
|
|t:|1757864152
|switch|p2a: Empoleon|Empoleon, F|94/100
|-item|p2a: Empoleon|Air Balloon
|move|p1a: Ogerpon|Ivy Cudgel|p2a: Empoleon|[anim] Ivy Cudgel Water
|-resisted|p2a: Empoleon
|-damage|p2a: Empoleon|71/100
|-enditem|p2a: Empoleon|Air Balloon
|
|upkeep
|turn|28
|
|t:|1757864157
|move|p1a: Ogerpon|U-turn|p2a: Empoleon
|-resisted|p2a: Empoleon
|-damage|p2a: Empoleon|60/100
|
|t:|1757864159
|switch|p1a: Alomomola|Alomomola, F, shiny|55/100|[from] U-turn
|-damage|p1a: Alomomola|43/100|[from] Stealth Rock
|move|p2a: Empoleon|Ice Beam|p1a: Alomomola
|-resisted|p1a: Alomomola
|-damage|p1a: Alomomola|32/100
|
|upkeep
|turn|29
|
|t:|1757864163
|move|p2a: Empoleon|Air Slash|p1a: Alomomola
|-damage|p1a: Alomomola|14/100
|move|p1a: Alomomola|Wish|p1a: Alomomola
|
|upkeep
|turn|30
|
|t:|1757864176
|switch|p1a: Ting-Lu|Ting-Lu, tera:Poison|80/100
|-ability|p1a: Ting-Lu|Vessel of Ruin
|move|p2a: Empoleon|Surf|p1a: Ting-Lu
|-damage|p1a: Ting-Lu|66/100
|
|-heal|p1a: Ting-Lu|100/100|[from] move: Wish|[wisher] Alomomola
|upkeep
|turn|31
|
|t:|1757864181
|switch|p2a: Landorus|Landorus-Therian, M|42/100
|-ability|p2a: Landorus|Intimidate|boost
|-unboost|p1a: Ting-Lu|atk|1
|move|p1a: Ting-Lu|Stealth Rock|p2a: Landorus
|-sidestart|p2: Obito 2001|move: Stealth Rock
|
|upkeep
|turn|32
|
|t:|1757864187
|switch|p1a: Landorus|Landorus-Therian, M, shiny|69/100
|-damage|p1a: Landorus|57/100|[from] Stealth Rock
|-ability|p1a: Landorus|Intimidate|boost
|-unboost|p2a: Landorus|atk|1
|move|p2a: Landorus|Stone Edge|p1a: Landorus
|-damage|p1a: Landorus|28/100
|
|upkeep
|turn|33
|
|t:|1757864198
|move|p1a: Landorus|Stone Edge|p2a: Landorus
|-crit|p2a: Landorus
|-damage|p2a: Landorus|0 fnt
|faint|p2a: Landorus
|
|upkeep
|
|t:|1757864202
|switch|p2a: Hero|Iron Valiant|100/100
|-damage|p2a: Hero|94/100|[from] Stealth Rock
|turn|34
|
|t:|1757864206
|switch|p1a: Ogerpon|Ogerpon-Wellspring, F|8/100
|-damage|p1a: Ogerpon|0 fnt|[from] Stealth Rock
|faint|p1a: Ogerpon
|move|p2a: Hero|Swords Dance|p2a: Hero
|-boost|p2a: Hero|atk|2
|
|upkeep
|
|t:|1757864209
|switch|p1a: Ting-Lu|Ting-Lu, tera:Poison|100/100
|-ability|p1a: Ting-Lu|Vessel of Ruin
|turn|35
|
|t:|1757864215
|move|p2a: Hero|Knock Off|p1a: Ting-Lu
|-damage|p1a: Ting-Lu|65/100
|-enditem|p1a: Ting-Lu|Heavy-Duty Boots|[from] move: Knock Off|[of] p2a: Hero
|move|p1a: Ting-Lu|Whirlwind|p2a: Hero
|-end|p2a: Hero|Quark Drive|[silent]
|drag|p2a: Gholdengo|Gholdengo|87/100
|-damage|p2a: Gholdengo|81/100|[from] Stealth Rock
|
|-heal|p2a: Gholdengo|87/100|[from] item: Leftovers
|upkeep
|turn|36
|
|t:|1757864220
|move|p2a: Gholdengo|Make It Rain|p1a: Ting-Lu
|-damage|p1a: Ting-Lu|36/100
|-unboost|p2a: Gholdengo|spa|1
|move|p1a: Ting-Lu|Earthquake|p2a: Gholdengo
|-supereffective|p2a: Gholdengo
|-damage|p2a: Gholdengo|7/100
|
|-heal|p2a: Gholdengo|13/100|[from] item: Leftovers
|upkeep
|turn|37
|
|t:|1757864226
|move|p2a: Gholdengo|Make It Rain|p1a: Ting-Lu
|-damage|p1a: Ting-Lu|15/100
|-unboost|p2a: Gholdengo|spa|1
|move|p1a: Ting-Lu|Earthquake|p2a: Gholdengo
|-supereffective|p2a: Gholdengo
|-damage|p2a: Gholdengo|0 fnt
|faint|p2a: Gholdengo
|
|upkeep
|
|t:|1757864235
|switch|p2a: Empoleon|Empoleon, F|60/100
|-damage|p2a: Empoleon|53/100|[from] Stealth Rock
|turn|38
|
|t:|1757864244
|move|p2a: Empoleon|Ice Beam|p1a: Ting-Lu
|-damage|p1a: Ting-Lu|4/100
|move|p1a: Ting-Lu|Earthquake|p2a: Empoleon
|-supereffective|p2a: Empoleon
|-damage|p2a: Empoleon|0 fnt
|faint|p2a: Empoleon
|
|upkeep
|
|t:|1757864246
|switch|p2a: Hero|Iron Valiant|94/100
|-damage|p2a: Hero|88/100|[from] Stealth Rock
|turn|39
|
|t:|1757864249
|move|p2a: Hero|Swords Dance|p2a: Hero
|-boost|p2a: Hero|atk|2
|move|p1a: Ting-Lu|Earthquake|p2a: Hero
|-damage|p2a: Hero|37/100
|
|upkeep
|turn|40
|
|t:|1757864253
|move|p2a: Hero|Knock Off|p1a: Ting-Lu
|-damage|p1a: Ting-Lu|0 fnt
|faint|p1a: Ting-Lu
|
|upkeep
|
|t:|1757864255
|switch|p1a: Landorus|Landorus-Therian, M, shiny|28/100
|-damage|p1a: Landorus|16/100|[from] Stealth Rock
|-ability|p1a: Landorus|Intimidate|boost
|-unboost|p2a: Hero|atk|1
|turn|41
|
|t:|1757864257
|move|p1a: Landorus|Earthquake|p2a: Hero
|-damage|p2a: Hero|0 fnt
|faint|p2a: Hero
|-end|p2a: Hero|Quark Drive|[silent]
|
|win|v1n001
|raw|v1n001's rating: 1636 &rarr; <strong>1661</strong><br />(+25 for winning)
|raw|Obito 2001's rating: 1725 &rarr; <strong>1700</strong><br />(-25 for losing)
|l|‽v1n001
|player|p1|
|l|☆Obito 2001
|player|p2|
|l| moodrandom
