|j|☆MikhaelSunworth
|j|☆happyorunhappy春和景明
|t:|1757940194
|gametype|singles
|player|p1|MikhaelSunworth|chuck|1466
|player|p2|happyorunhappy春和景明|iono|1519
|gen|9
|tier|[Gen 9] OU
|rated|
|rule|HP Percentage Mod: HP is shown in percentages
|rule|Endless Battle Clause: Forcing endless battles is banned
|rule|Species Clause: Limit one of each Pokémon
|rule|OHKO Clause: OHKO moves are banned
|rule|Evasion Items Clause: Evasion items are banned
|rule|Evasion Moves Clause: Evasion moves are banned
|rule|Evasion Abilities Clause: Evasion abilities are banned
|rule|Sleep Moves Clause: Sleep-inducing moves are banned
|clearpoke
|poke|p1|Pecharunt|
|poke|p1|Great Tusk|
|poke|p1|Landorus-Therian, M|
|poke|p1|Samurott-Hisui, M|
|poke|p1|Ting-Lu|
|poke|p1|Walking Wake|
|poke|p2|Tyranitar, M|
|poke|p2|Excadrill, M|
|poke|p2|Espeon, F|
|poke|p2|Tornadus-Therian, M|
|poke|p2|Hydrapple, M|
|poke|p2|Heatran, M|
|teampreview
|
|t:|1757940207
|teamsize|p1|6
|teamsize|p2|6
|start
|switch|p1a: The Choosen One|Landorus-Therian, M|100/100
|switch|p2a: Espeon|Espeon, F|100/100
|-ability|p1a: The Choosen One|Intimidate|boost
|-unboost|p2a: Espeon|atk|1
|turn|1
|j| amefurikoneko
|
|t:|1757940218
|switch|p2a: Hydrapple|Hydrapple, M, shiny|100/100
|move|p1a: The Choosen One|U-turn|p2a: Hydrapple
|-supereffective|p2a: Hydrapple
|-damage|p2a: Hydrapple|70/100
|-damage|p1a: The Choosen One|84/100|[from] item: Rocky Helmet|[of] p2a: Hydrapple
|
|t:|1757940224
|switch|p1a: The Samurai|Samurott-Hisui, M|100/100|[from] U-turn
|
|upkeep
|turn|2
|
|t:|1757940232
|move|p1a: The Samurai|Knock Off|p2a: Hydrapple
|-damage|p2a: Hydrapple|44/100
|-damage|p1a: The Samurai|84/100|[from] item: Rocky Helmet|[of] p2a: Hydrapple
|-enditem|p2a: Hydrapple|Rocky Helmet|[from] move: Knock Off|[of] p1a: The Samurai
|move|p2a: Hydrapple|Giga Drain|p1a: The Samurai
|-supereffective|p1a: The Samurai
|-damage|p1a: The Samurai|33/100
|-heal|p2a: Hydrapple|63/100|[from] drain|[of] p1a: The Samurai
|
|upkeep
|turn|3
|
|t:|1757940238
|move|p1a: The Samurai|Flip Turn|p2a: Hydrapple
|-resisted|p2a: Hydrapple
|-damage|p2a: Hydrapple|59/100
|
|t:|1757940247
|switch|p1a: The Strategist|Pecharunt|100/100|[from] Flip Turn
|move|p2a: Hydrapple|Giga Drain|p1a: The Strategist
|-resisted|p1a: The Strategist
|-damage|p1a: The Strategist|87/100
|-heal|p2a: Hydrapple|66/100|[from] drain|[of] p1a: The Strategist
|
|upkeep
|turn|4
|
|t:|1757940253
|switch|p2a: Espeon|Espeon, F|100/100
|move|p1a: The Strategist|Parting Shot|p2a: Espeon
|move|p2a: Espeon|Parting Shot|p1a: The Strategist|[from] ability: Magic Bounce
|-unboost|p1a: The Strategist|atk|1
|-unboost|p1a: The Strategist|spa|1
|
|t:|1757940263
|switch|p2a: Tyranitar|Tyranitar, M, shiny|100/100|[from] Parting Shot
|-weather|Sandstorm|[from] ability: Sand Stream|[of] p2a: Tyranitar
|
|-weather|Sandstorm|[upkeep]
|-damage|p1a: The Strategist|80/100|[from] Sandstorm
|upkeep
|turn|5
|
|t:|1757940270
|switch|p1a: The Bulldozer|Great Tusk|100/100
|move|p2a: Tyranitar|Knock Off|p1a: The Bulldozer
|-resisted|p1a: The Bulldozer
|-damage|p1a: The Bulldozer|74/100
|-enditem|p1a: The Bulldozer|Leftovers|[from] move: Knock Off|[of] p2a: Tyranitar
|
|-weather|Sandstorm|[upkeep]
|upkeep
|turn|6
|
|t:|1757940283
|switch|p2a: Hydrapple|Hydrapple, M, shiny|99/100
|move|p1a: The Bulldozer|Ice Spinner|p2a: Hydrapple
|-supereffective|p2a: Hydrapple
|-damage|p2a: Hydrapple|51/100
|
|-weather|Sandstorm|[upkeep]
|-damage|p2a: Hydrapple|45/100|[from] Sandstorm
|upkeep
|turn|7
|
|t:|1757940294
|switch|p2a: Heatran|Heatran, M, shiny|100/100
|move|p1a: The Bulldozer|Ice Spinner|p2a: Heatran
|-resisted|p2a: Heatran
|-damage|p2a: Heatran|96/100
|
|-weather|Sandstorm|[upkeep]
|-heal|p2a: Heatran|100/100|[from] item: Leftovers
|upkeep
|turn|8
|j| vywxiwjxjwk
|
|t:|1757940302
|-end|p1a: The Bulldozer|Protosynthesis|[silent]
|switch|p1a: The Wall|Ting-Lu|100/100
|-ability|p1a: The Wall|Vessel of Ruin
|switch|p2a: Tornadus|Tornadus-Therian, M|100/100
|
|-weather|none
|upkeep
|turn|9
|
|t:|1757940312
|move|p2a: Tornadus|U-turn|p1a: The Wall
|-supereffective|p1a: The Wall
|-damage|p1a: The Wall|83/100
|
|t:|1757940315
|switch|p2a: Espeon|Espeon, F|100/100|[from] U-turn
|move|p1a: The Wall|Stealth Rock|p2a: Espeon
|move|p2a: Espeon|Stealth Rock|p1a: The Wall|[from] ability: Magic Bounce
|-sidestart|p1: MikhaelSunworth|move: Stealth Rock
|
|-heal|p1a: The Wall|89/100|[from] item: Leftovers
|upkeep
|turn|10
|l| vywxiwjxjwk
|
|t:|1757940343
|switch|p2a: Hydrapple|Hydrapple, M, shiny|78/100
|move|p1a: The Wall|Ruination|p2a: Hydrapple
|-damage|p2a: Hydrapple|39/100
|
|-heal|p1a: The Wall|95/100|[from] item: Leftovers
|upkeep
|turn|11
|
|t:|1757940361
|switch|p2a: Tyranitar|Tyranitar, M, shiny|100/100
|-weather|Sandstorm|[from] ability: Sand Stream|[of] p2a: Tyranitar
|move|p1a: The Wall|Stealth Rock|p2a: Tyranitar
|-sidestart|p2: happyorunhappy春和景明|move: Stealth Rock
|
|-weather|Sandstorm|[upkeep]
|-heal|p1a: The Wall|100/100|[from] item: Leftovers
|upkeep
|turn|12
|
|t:|1757940373
|move|p2a: Tyranitar|Low Kick|p1a: The Wall
|-supereffective|p1a: The Wall
|-damage|p1a: The Wall|26/100
|move|p1a: The Wall|Earthquake|p2a: Tyranitar
|-supereffective|p2a: Tyranitar
|-damage|p2a: Tyranitar|37/100
|
|-weather|Sandstorm|[upkeep]
|-heal|p1a: The Wall|32/100|[from] item: Leftovers
|upkeep
|turn|13
|
|t:|1757940393
|switch|p2a: Espeon|Espeon, F|100/100
|-damage|p2a: Espeon|88/100|[from] Stealth Rock
|switch|p1a: The Strategist|Pecharunt|80/100
|-damage|p1a: The Strategist|68/100|[from] Stealth Rock
|
|-weather|Sandstorm|[upkeep]
|-damage|p2a: Espeon|82/100|[from] Sandstorm
|-damage|p1a: The Strategist|62/100|[from] Sandstorm
|upkeep
|turn|14
|
|t:|1757940429
|switch|p1a: The Wall|Ting-Lu|32/100
|-damage|p1a: The Wall|26/100|[from] Stealth Rock
|-ability|p1a: The Wall|Vessel of Ruin
|move|p2a: Espeon|Shadow Ball|p1a: The Wall
|-resisted|p1a: The Wall
|-damage|p1a: The Wall|21/100
|-unboost|p1a: The Wall|spd|1
|
|-weather|Sandstorm|[upkeep]
|-damage|p2a: Espeon|77/100|[from] Sandstorm
|-heal|p1a: The Wall|27/100|[from] item: Leftovers
|upkeep
|turn|15
|inactive|Battle timer is ON: inactive players will automatically lose when time's up. (requested by happyorunhappy春和景明)
|
|t:|1757940545
|switch|p2a: Hydrapple|Hydrapple, M, shiny|72/100
|-damage|p2a: Hydrapple|60/100|[from] Stealth Rock
|move|p1a: The Wall|Ruination|p2a: Hydrapple
|-damage|p2a: Hydrapple|30/100
|
|-weather|none
|-heal|p1a: The Wall|33/100|[from] item: Leftovers
|upkeep
|turn|16
|
|t:|1757940556
|switch|p1a: The Strategist|Pecharunt|62/100
|-damage|p1a: The Strategist|50/100|[from] Stealth Rock
|move|p2a: Hydrapple|Earth Power|p1a: The Strategist
|-supereffective|p1a: The Strategist
|-damage|p1a: The Strategist|0 fnt
|faint|p1a: The Strategist
|
|upkeep
|
|t:|1757940560
|switch|p1a: The Samurai|Samurott-Hisui, M|33/100
|-damage|p1a: The Samurai|20/100|[from] Stealth Rock
|turn|17
|inactive|happyorunhappy春和景明 has 120 seconds left.
|
|t:|1757940617
|move|p1a: The Samurai|Ceaseless Edge|p2a: Hydrapple
|-damage|p2a: Hydrapple|2/100
|-sidestart|p2: happyorunhappy春和景明|Spikes
|move|p2a: Hydrapple|Giga Drain|p1a: The Samurai
|-supereffective|p1a: The Samurai
|-damage|p1a: The Samurai|0 fnt
|-heal|p2a: Hydrapple|10/100|[from] drain|[of] p1a: The Samurai
|faint|p1a: The Samurai
|
|upkeep
|
|t:|1757940633
|switch|p1a: The Bulldozer|Great Tusk|74/100
|-damage|p1a: The Bulldozer|71/100|[from] Stealth Rock
|turn|18
|
|t:|1757940636
|switch|p2a: Tornadus|Tornadus-Therian, M|100/100
|-damage|p2a: Tornadus|76/100|[from] Stealth Rock
|move|p1a: The Bulldozer|Ice Spinner|p2a: Tornadus
|-supereffective|p2a: Tornadus
|-damage|p2a: Tornadus|29/100
|
|upkeep
|turn|19
|
|t:|1757940654
|-terastallize|p1a: The Bulldozer|Water
|move|p2a: Tornadus|Bleakwind Storm|p1a: The Bulldozer
|-damage|p1a: The Bulldozer|24/100
|move|p1a: The Bulldozer|Rapid Spin|p2a: Tornadus
|-damage|p2a: Tornadus|15/100
|-boost|p1a: The Bulldozer|spe|1
|-sideend|p1: MikhaelSunworth|Stealth Rock|[from] move: Rapid Spin|[of] p1a: The Bulldozer
|
|upkeep
|turn|20
|inactive|happyorunhappy春和景明 has 120 seconds left.
|
|t:|1757940667
|switch|p2a: Heatran|Heatran, M, shiny|100/100
|-damage|p2a: Heatran|88/100|[from] Stealth Rock
|-damage|p2a: Heatran|76/100|[from] Spikes
|move|p1a: The Bulldozer|Ice Spinner|p2a: Heatran
|-resisted|p2a: Heatran
|-damage|p2a: Heatran|70/100
|
|-heal|p2a: Heatran|77/100|[from] item: Leftovers
|upkeep
|turn|21
|inactive|happyorunhappy春和景明 has 120 seconds left.
|
|t:|1757940686
|-terastallize|p2a: Heatran|Grass
|move|p1a: The Bulldozer|Headlong Rush|p2a: Heatran
|-resisted|p2a: Heatran
|-damage|p2a: Heatran|57/100
|-unboost|p1a: The Bulldozer|def|1
|-unboost|p1a: The Bulldozer|spd|1
|move|p2a: Heatran|Earth Power|p1a: The Bulldozer
|-damage|p1a: The Bulldozer|0 fnt
|faint|p1a: The Bulldozer
|-end|p1a: The Bulldozer|Protosynthesis|[silent]
|
|-heal|p2a: Heatran|63/100|[from] item: Leftovers
|upkeep
|
|t:|1757940691
|switch|p1a: The Choosen One|Landorus-Therian, M|84/100
|-ability|p1a: The Choosen One|Intimidate|boost
|-unboost|p2a: Heatran|atk|1
|turn|22
|
|t:|1757940696
|switch|p2a: Tornadus|Tornadus-Therian, M|48/100
|-damage|p2a: Tornadus|23/100|[from] Stealth Rock
|move|p1a: The Choosen One|U-turn|p2a: Tornadus
|-resisted|p2a: Tornadus
|-crit|p2a: Tornadus
|-damage|p2a: Tornadus|0 fnt
|faint|p2a: Tornadus
|
|t:|1757940704
|switch|p1a: The Wincon|Walking Wake|100/100|[from] U-turn
|
|upkeep
|
|t:|1757940710
|switch|p2a: Tyranitar|Tyranitar, M, shiny|37/100
|-damage|p2a: Tyranitar|25/100|[from] Stealth Rock
|-damage|p2a: Tyranitar|12/100|[from] Spikes
|-weather|Sandstorm|[from] ability: Sand Stream|[of] p2a: Tyranitar
|turn|23
|
|t:|1757940714
|switch|p2a: Heatran|Heatran, M, shiny, tera:Grass|63/100
|-damage|p2a: Heatran|50/100|[from] Stealth Rock
|-damage|p2a: Heatran|38/100|[from] Spikes
|move|p1a: The Wincon|Flip Turn|p2a: Heatran
|-resisted|p2a: Heatran
|-damage|p2a: Heatran|31/100
|
|t:|1757940723
|-end|p1a: The Wincon|Protosynthesis|[silent]
|switch|p1a: The Wall|Ting-Lu|33/100|[from] Flip Turn
|-ability|p1a: The Wall|Vessel of Ruin
|
|-weather|Sandstorm|[upkeep]
|-damage|p2a: Heatran|25/100|[from] Sandstorm
|-heal|p2a: Heatran|31/100|[from] item: Leftovers
|-heal|p1a: The Wall|39/100|[from] item: Leftovers
|upkeep
|turn|24
|
|t:|1757940729
|move|p2a: Heatran|Taunt|p1a: The Wall
|-start|p1a: The Wall|move: Taunt
|cant|p1a: The Wall|move: Taunt|Whirlwind
|
|-weather|Sandstorm|[upkeep]
|-damage|p2a: Heatran|25/100|[from] Sandstorm
|-heal|p2a: Heatran|31/100|[from] item: Leftovers
|-heal|p1a: The Wall|45/100|[from] item: Leftovers
|upkeep
|turn|25
|
|t:|1757940737
|move|p2a: Heatran|Magma Storm|p1a: The Wall
|-damage|p1a: The Wall|27/100
|-activate|p1a: The Wall|move: Magma Storm|[of] p2a: Heatran
|move|p1a: The Wall|Ruination|p2a: Heatran
|-damage|p2a: Heatran|16/100
|
|-weather|Sandstorm|[upkeep]
|-damage|p2a: Heatran|10/100|[from] Sandstorm
|-heal|p2a: Heatran|16/100|[from] item: Leftovers
|-heal|p1a: The Wall|33/100|[from] item: Leftovers
|-damage|p1a: The Wall|20/100|[from] move: Magma Storm|[partiallytrapped]
|upkeep
|turn|26
|
|t:|1757940744
|move|p2a: Heatran|Magma Storm|p1a: The Wall|[miss]
|-miss|p2a: Heatran|p1a: The Wall
|move|p1a: The Wall|Earthquake|p2a: Heatran
|-resisted|p2a: Heatran
|-damage|p2a: Heatran|1/100
|
|-weather|Sandstorm|[upkeep]
|-damage|p2a: Heatran|0 fnt|[from] Sandstorm
|faint|p2a: Heatran
|-heal|p1a: The Wall|27/100|[from] item: Leftovers
|-end|p1a: The Wall|Magma Storm|[partiallytrapped]|[silent]
|-end|p1a: The Wall|move: Taunt
|upkeep
|
|t:|1757940749
|switch|p2a: Excadrill|Excadrill, M, shiny|100/100
|-damage|p2a: Excadrill|97/100|[from] Stealth Rock
|-item|p2a: Excadrill|Air Balloon
|turn|27
|
|t:|1757940753
|move|p2a: Excadrill|Rapid Spin|p1a: The Wall
|-damage|p1a: The Wall|16/100
|-boost|p2a: Excadrill|spe|1
|-sideend|p2: happyorunhappy春和景明|Spikes|[from] move: Rapid Spin|[of] p2a: Excadrill
|-sideend|p2: happyorunhappy春和景明|Stealth Rock|[from] move: Rapid Spin|[of] p2a: Excadrill
|move|p1a: The Wall|Whirlwind|p2a: Excadrill
|drag|p2a: Espeon|Espeon, F|77/100
|
|-weather|none
|-heal|p1a: The Wall|22/100|[from] item: Leftovers
|upkeep
|turn|28
|
|t:|1757940762
|switch|p2a: Hydrapple|Hydrapple, M, shiny|43/100
|move|p1a: The Wall|Earthquake|p2a: Hydrapple
|-resisted|p2a: Hydrapple
|-damage|p2a: Hydrapple|33/100
|
|-heal|p1a: The Wall|28/100|[from] item: Leftovers
|upkeep
|turn|29
|
|t:|1757940768
|move|p2a: Hydrapple|Giga Drain|p1a: The Wall
|-supereffective|p1a: The Wall
|-crit|p1a: The Wall
|-damage|p1a: The Wall|0 fnt
|-heal|p2a: Hydrapple|50/100|[from] drain|[of] p1a: The Wall
|faint|p1a: The Wall
|
|upkeep
|
|t:|1757940772
|switch|p1a: The Wincon|Walking Wake|100/100
|turn|30
|
|t:|1757940776
|switch|p2a: Tyranitar|Tyranitar, M, shiny|12/100
|-weather|Sandstorm|[from] ability: Sand Stream|[of] p2a: Tyranitar
|move|p1a: The Wincon|Dragon Pulse|p2a: Tyranitar
|-damage|p2a: Tyranitar|0 fnt
|faint|p2a: Tyranitar
|
|-weather|Sandstorm|[upkeep]
|-damage|p1a: The Wincon|94/100|[from] Sandstorm
|upkeep
|
|t:|1757940787
|switch|p2a: Espeon|Espeon, F|77/100
|turn|31
|
|t:|1757940794
|move|p2a: Espeon|Psyshock|p1a: The Wincon
|-damage|p1a: The Wincon|48/100
|move|p1a: The Wincon|Flip Turn|p2a: Espeon
|-damage|p2a: Espeon|48/100
|
|t:|1757940799
|-end|p1a: The Wincon|Protosynthesis|[silent]
|switch|p1a: The Choosen One|Landorus-Therian, M|84/100|[from] Flip Turn
|-ability|p1a: The Choosen One|Intimidate|boost
|-unboost|p2a: Espeon|atk|1
|
|-weather|Sandstorm|[upkeep]
|-damage|p2a: Espeon|43/100|[from] Sandstorm
|upkeep
|turn|32
|
|t:|1757940805
|move|p2a: Espeon|Psyshock|p1a: The Choosen One
|-damage|p1a: The Choosen One|33/100
|move|p1a: The Choosen One|U-turn|p2a: Espeon
|-supereffective|p2a: Espeon
|-damage|p2a: Espeon|0 fnt
|faint|p2a: Espeon
|
|t:|1757940810
|switch|p1a: The Wincon|Walking Wake|48/100|[from] U-turn
|
|-weather|Sandstorm|[upkeep]
|-damage|p1a: The Wincon|41/100|[from] Sandstorm
|upkeep
|
|t:|1757940812
|switch|p2a: Excadrill|Excadrill, M, shiny|97/100
|-item|p2a: Excadrill|Air Balloon
|turn|33
|
|t:|1757940818
|-end|p1a: The Wincon|Protosynthesis|[silent]
|switch|p1a: The Choosen One|Landorus-Therian, M|33/100
|-ability|p1a: The Choosen One|Intimidate|boost
|-unboost|p2a: Excadrill|atk|1
|move|p2a: Excadrill|Iron Head|p1a: The Choosen One
|-damage|p1a: The Choosen One|0 fnt
|faint|p1a: The Choosen One
|
|-weather|Sandstorm|[upkeep]
|upkeep
|
|t:|1757940821
|switch|p1a: The Wincon|Walking Wake|41/100
|turn|34
|
|t:|1757940824
|move|p2a: Excadrill|Earthquake|p1a: The Wincon
|-damage|p1a: The Wincon|0 fnt
|faint|p1a: The Wincon
|-end|p1a: The Wincon|Protosynthesis|[silent]
|
|win|happyorunhappy春和景明
|raw|MikhaelSunworth's rating: 1466 &rarr; <strong>1449</strong><br />(-17 for losing)
|raw|happyorunhappy春和景明's rating: 1519 &rarr; <strong>1536</strong><br />(+17 for winning)
|l|☆MikhaelSunworth
|player|p1|
|l| amefurikoneko
|l|☆happyorunhappy春和景明
|player|p2|
|j| amefurikoneko
|l| amefurikoneko
