|j|☆Bluelamentation
|j|☆GeorgeStarCC
|t:|1757947279
|gametype|singles
|player|p1|Bluelamentation|giovanni|1313
|player|p2|GeorgeStarCC|crasherwake|1264
|gen|9
|tier|[Gen 9] OU
|rated|
|rule|HP Percentage Mod: HP is shown in percentages
|rule|Endless Battle Clause: Forcing endless battles is banned
|rule|Species Clause: Limit one of each Pokémon
|rule|OHKO Clause: OHKO moves are banned
|rule|Evasion Items Clause: Evasion items are banned
|rule|Evasion Moves Clause: Evasion moves are banned
|rule|Evasion Abilities Clause: Evasion abilities are banned
|rule|Sleep Moves Clause: Sleep-inducing moves are banned
|clearpoke
|poke|p1|Thundurus-Therian, M|
|poke|p1|Glimmora, M|
|poke|p1|Heatran, M|
|poke|p1|Great Tusk|
|poke|p1|Walking Wake|
|poke|p1|Meowscarada, F|
|poke|p2|Meowscarada, M|
|poke|p2|Rotom-Wash|
|poke|p2|Oricorio-Pa'u, M|
|poke|p2|Skeledirge, F|
|poke|p2|Gliscor, M|
|poke|p2|Scizor, F|
|teampreview
|inactive|Battle timer is ON: inactive players will automatically lose when time's up. (requested by Bluelamentation)
|
|t:|1757947293
|teamsize|p1|6
|teamsize|p2|6
|start
|switch|p1a: Meowscarada|Meowscarada, F|100/100
|switch|p2a: Gliscor|Gliscor, M|100/100
|turn|1
|
|t:|1757947312
|switch|p1a: Glimmora|Glimmora, M|100/100
|move|p2a: Gliscor|Protect||[still]
|-fail|p2a: Gliscor
|
|-status|p2a: Gliscor|tox|[from] item: Toxic Orb
|upkeep
|turn|2
|
|t:|1757947326
|move|p2a: Gliscor|Earthquake|p1a: Glimmora
|-supereffective|p1a: Glimmora
|-damage|p1a: Glimmora|10/100
|move|p1a: Glimmora|Stealth Rock|p2a: Gliscor
|-sidestart|p2: GeorgeStarCC|move: Stealth Rock
|
|upkeep
|turn|3
|
|t:|1757947340
|switch|p1a: Thundurus|Thundurus-Therian, M|100/100
|move|p2a: Gliscor|Toxic|p1a: Thundurus
|-status|p1a: Thundurus|tox
|
|-damage|p1a: Thundurus|94/100 tox|[from] psn
|upkeep
|turn|4
|
|t:|1757947349
|move|p1a: Thundurus|Volt Switch|p2a: Gliscor
|-immune|p2a: Gliscor
|move|p2a: Gliscor|Stealth Rock|p1a: Thundurus
|-sidestart|p1: Bluelamentation|move: Stealth Rock
|
|-damage|p1a: Thundurus|82/100 tox|[from] psn
|upkeep
|turn|5
|c|☆Bluelamentation|strange
|
|t:|1757947357
|switch|p1a: Great Tusk|Great Tusk|100/100
|move|p2a: Gliscor|Protect||[still]
|-fail|p2a: Gliscor
|
|upkeep
|turn|6
|
|t:|1757947363
|move|p1a: Great Tusk|Knock Off|p2a: Gliscor
|-damage|p2a: Gliscor|84/100 tox
|-enditem|p2a: Gliscor|Toxic Orb|[from] move: Knock Off|[of] p1a: Great Tusk
|move|p2a: Gliscor|Toxic|p1a: Great Tusk
|-status|p1a: Great Tusk|tox
|
|-damage|p1a: Great Tusk|94/100 tox|[from] psn
|-heal|p2a: Gliscor|97/100 tox|[from] ability: Poison Heal
|upkeep
|turn|7
|
|t:|1757947380
|-end|p1a: Great Tusk|Protosynthesis|[silent]
|switch|p1a: Meowscarada|Meowscarada, F|100/100
|-damage|p1a: Meowscarada|88/100|[from] Stealth Rock
|move|p2a: Gliscor|Earthquake|p1a: Meowscarada
|-resisted|p1a: Meowscarada
|-damage|p1a: Meowscarada|62/100
|
|-heal|p2a: Gliscor|100/100 tox|[from] ability: Poison Heal
|upkeep
|turn|8
|
|t:|1757947395
|switch|p2a: Skeledirge|Skeledirge, F|100/100
|move|p1a: Meowscarada|Trick|p2a: Skeledirge
|-start|p1a: Meowscarada|typechange|Psychic|[from] ability: Protean
|-activate|p1a: Meowscarada|move: Trick|[of] p2a: Skeledirge
|-item|p2a: Skeledirge|Choice Scarf|[from] move: Trick
|-item|p1a: Meowscarada|Heavy-Duty Boots|[from] move: Trick
|
|upkeep
|turn|9
|
|t:|1757947418
|move|p1a: Meowscarada|U-turn|p2a: Skeledirge
|-resisted|p2a: Skeledirge
|-damage|p2a: Skeledirge|96/100
|
|t:|1757947421
|switch|p1a: Walking Wake|Walking Wake|100/100|[from] U-turn
|move|p2a: Skeledirge|Hex|p1a: Walking Wake
|-damage|p1a: Walking Wake|70/100
|
|upkeep
|turn|10
|
|t:|1757947429
|move|p1a: Walking Wake|Flip Turn|p2a: Skeledirge
|-supereffective|p2a: Skeledirge
|-damage|p2a: Skeledirge|68/100
|
|t:|1757947441
|-end|p1a: Walking Wake|Protosynthesis|[silent]
|switch|p1a: Great Tusk|Great Tusk|94/100 tox|[from] Flip Turn
|move|p2a: Skeledirge|Hex|p1a: Great Tusk
|-damage|p1a: Great Tusk|33/100 tox
|
|-damage|p1a: Great Tusk|27/100 tox|[from] psn
|upkeep
|turn|11
|
|t:|1757947448
|move|p1a: Great Tusk|Headlong Rush|p2a: Skeledirge
|-supereffective|p2a: Skeledirge
|-damage|p2a: Skeledirge|0 fnt
|-unboost|p1a: Great Tusk|def|1
|-unboost|p1a: Great Tusk|spd|1
|faint|p2a: Skeledirge
|
|-damage|p1a: Great Tusk|15/100 tox|[from] psn
|upkeep
|
|t:|1757947463
|switch|p2a: Scizor|Scizor, F|100/100
|turn|12
|
|t:|1757947466
|move|p2a: Scizor|Bullet Punch|p1a: Great Tusk
|-damage|p1a: Great Tusk|0 fnt
|faint|p1a: Great Tusk
|-end|p1a: Great Tusk|Protosynthesis|[silent]
|
|upkeep
|
|t:|1757947471
|switch|p1a: Heatran|Heatran, M|100/100
|-damage|p1a: Heatran|88/100|[from] Stealth Rock
|-item|p1a: Heatran|Air Balloon
|turn|13
|
|t:|1757947486
|switch|p2a: Rotom|Rotom-Wash|100/100
|-damage|p2a: Rotom|88/100|[from] Stealth Rock
|move|p1a: Heatran|Magma Storm|p2a: Rotom
|-resisted|p2a: Rotom
|-damage|p2a: Rotom|52/100
|-activate|p2a: Rotom|move: Magma Storm|[of] p1a: Heatran
|
|-heal|p2a: Rotom|59/100|[from] item: Leftovers
|-damage|p2a: Rotom|46/100|[from] move: Magma Storm|[partiallytrapped]
|upkeep
|turn|14
|
|t:|1757947498
|-terastallize|p1a: Heatran|Fairy
|move|p2a: Rotom|Volt Switch|p1a: Heatran
|-damage|p1a: Heatran|58/100
|-enditem|p1a: Heatran|Air Balloon
|
|t:|1757947509
|switch|p2a: Scizor|Scizor, F|100/100|[from] Volt Switch
|move|p1a: Heatran|Magma Storm|p2a: Scizor
|-supereffective|p2a: Scizor
|-damage|p2a: Scizor|0 fnt
|faint|p2a: Scizor
|
|upkeep
|inactive|GeorgeStarCC has 120 seconds left.
|
|t:|1757947527
|switch|p2a: Gliscor|Gliscor, M|100/100 tox
|-damage|p2a: Gliscor|88/100 tox|[from] Stealth Rock
|turn|15
|
|t:|1757947533
|move|p1a: Heatran|Taunt|p2a: Gliscor
|-start|p2a: Gliscor|move: Taunt
|move|p2a: Gliscor|Earthquake|p1a: Heatran
|-damage|p1a: Heatran|28/100
|
|-heal|p2a: Gliscor|100/100 tox|[from] ability: Poison Heal
|upkeep
|turn|16
|
|t:|1757947541
|move|p1a: Heatran|Magma Storm|p2a: Gliscor
|-damage|p2a: Gliscor|36/100 tox
|-activate|p2a: Gliscor|move: Magma Storm|[of] p1a: Heatran
|move|p2a: Gliscor|Earthquake|p1a: Heatran
|-damage|p1a: Heatran|0 fnt
|faint|p1a: Heatran
|
|-heal|p2a: Gliscor|49/100 tox|[from] ability: Poison Heal
|-end|p2a: Gliscor|Magma Storm|[partiallytrapped]|[silent]
|upkeep
|c|☆Bluelamentation|just strange
|c|☆Bluelamentation|pure strange
|
|t:|1757947553
|switch|p1a: Walking Wake|Walking Wake|70/100
|turn|17
|
|t:|1757947572
|switch|p2a: Rotom|Rotom-Wash|46/100
|-damage|p2a: Rotom|34/100|[from] Stealth Rock
|move|p1a: Walking Wake|Draco Meteor|p2a: Rotom
|-damage|p2a: Rotom|0 fnt
|-unboost|p1a: Walking Wake|spa|2
|faint|p2a: Rotom
|
|upkeep
|
|t:|1757947580
|switch|p2a: Meowscarada|Meowscarada, M|100/100
|turn|18
|
|t:|1757947591
|move|p2a: Meowscarada|Flower Trick|p1a: Walking Wake
|-start|p2a: Meowscarada|typechange|Grass|[from] ability: Protean
|-crit|p1a: Walking Wake
|-damage|p1a: Walking Wake|18/100
|move|p1a: Walking Wake|Flip Turn|p2a: Meowscarada
|-resisted|p2a: Meowscarada
|-damage|p2a: Meowscarada|89/100
|
|t:|1757947599
|-end|p1a: Walking Wake|Protosynthesis|[silent]
|switch|p1a: Thundurus|Thundurus-Therian, M|82/100 tox|[from] Flip Turn
|-damage|p1a: Thundurus|57/100 tox|[from] Stealth Rock
|
|-damage|p1a: Thundurus|51/100 tox|[from] psn
|upkeep
|turn|19
|
|t:|1757947606
|move|p2a: Meowscarada|Triple Axel|p1a: Thundurus|[miss]
|-miss|p2a: Meowscarada|p1a: Thundurus
|move|p1a: Thundurus|Tera Blast|p2a: Meowscarada
|-crit|p2a: Meowscarada
|-damage|p2a: Meowscarada|0 fnt
|faint|p2a: Meowscarada
|
|-damage|p1a: Thundurus|39/100 tox|[from] psn
|upkeep
|
|t:|1757947617
|switch|p2a: Gliscor|Gliscor, M|49/100 tox
|-damage|p2a: Gliscor|36/100 tox|[from] Stealth Rock
|turn|20
|
|t:|1757947624
|move|p1a: Thundurus|Tera Blast|p2a: Gliscor
|-damage|p2a: Gliscor|0 fnt
|faint|p2a: Gliscor
|
|-damage|p1a: Thundurus|21/100 tox|[from] psn
|upkeep
|
|t:|1757947629
|switch|p2a: Oricorio|Oricorio-Pa'u, M|100/100
|turn|21
|
|t:|1757947632
|move|p1a: Thundurus|Tera Blast|p2a: Oricorio
|-damage|p2a: Oricorio|42/100
|move|p2a: Oricorio|Quiver Dance|p2a: Oricorio
|-boost|p2a: Oricorio|spa|1
|-boost|p2a: Oricorio|spd|1
|-boost|p2a: Oricorio|spe|1
|
|-damage|p1a: Thundurus|0 fnt|[from] psn
|faint|p1a: Thundurus
|upkeep
|
|t:|1757947639
|switch|p1a: Meowscarada|Meowscarada, F|62/100
|turn|22
|
|t:|1757947649
|move|p1a: Meowscarada|Knock Off|p2a: Oricorio
|-start|p1a: Meowscarada|typechange|Dark|[from] ability: Protean
|-supereffective|p2a: Oricorio
|-damage|p2a: Oricorio|0 fnt
|-enditem|p2a: Oricorio|Heavy-Duty Boots|[from] move: Knock Off|[of] p1a: Meowscarada
|faint|p2a: Oricorio
|
|win|Bluelamentation
|raw|Bluelamentation's rating: 1313 &rarr; <strong>1330</strong><br />(+17 for winning)
|raw|GeorgeStarCC's rating: 1264 &rarr; <strong>1243</strong><br />(-21 for losing)
|l|☆Bluelamentation
|player|p1|
|l|☆GeorgeStarCC
|player|p2|
