|j|☆CoffinSquad
|j|☆imn3ws0rry
|t:|1757837178
|gametype|singles
|player|p1|CoffinSquad|byron|1103
|player|p2|imn3ws0rry|caitlin|1036
|gen|9
|tier|[Gen 9] OU
|rated|
|rule|HP Percentage Mod: HP is shown in percentages
|rule|Endless Battle Clause: Forcing endless battles is banned
|rule|Species Clause: Limit one of each Pokémon
|rule|OHKO Clause: OHKO moves are banned
|rule|Evasion Items Clause: Evasion items are banned
|rule|Evasion Moves Clause: Evasion moves are banned
|rule|Evasion Abilities Clause: Evasion abilities are banned
|rule|Sleep Moves Clause: Sleep-inducing moves are banned
|clearpoke
|poke|p1|Dragapult, M|
|poke|p1|Darkrai|
|poke|p1|Zapdos|
|poke|p1|Great Tusk|
|poke|p1|Araquanid, M|
|poke|p1|Gliscor, M|
|poke|p2|Raichu-Alola, F|
|poke|p2|Milotic, F|
|poke|p2|Serperior, F|
|poke|p2|Lycanroc, M|
|poke|p2|Moltres|
|poke|p2|Pincurchin, F|
|teampreview
|inactive|Battle timer is ON: inactive players will automatically lose when time's up. (requested by imn3ws0rry)
|
|t:|1757837193
|teamsize|p1|6
|teamsize|p2|6
|start
|switch|p1a: Araquanid|Araquanid, M, shiny|100/100
|switch|p2a: Lycanroc|Lycanroc, M, shiny|100/100
|turn|1
|c|☆imn3ws0rry|Gl!
|
|t:|1757837206
|move|p1a: Araquanid|Endure|p1a: Araquanid
|-singleturn|p1a: Araquanid|move: Endure
|move|p2a: Lycanroc|Stealth Rock|p1a: Araquanid
|-sidestart|p1: CoffinSquad|move: Stealth Rock
|
|upkeep
|turn|2
|c|☆CoffinSquad|u2
|
|t:|1757837211
|move|p2a: Lycanroc|Accelerock|p1a: Araquanid
|-supereffective|p1a: Araquanid
|-crit|p1a: Araquanid
|-damage|p1a: Araquanid|40/100
|move|p1a: Araquanid|Sticky Web|p2a: Lycanroc
|-sidestart|p2: imn3ws0rry|move: Sticky Web
|
|upkeep
|turn|3
|
|t:|1757837231
|switch|p1a: Great Tusk|Great Tusk, shiny|100/100
|move|p2a: Lycanroc|Accelerock|p1a: Great Tusk
|-resisted|p1a: Great Tusk
|-damage|p1a: Great Tusk|97/100
|
|upkeep
|turn|4
|
|t:|1757837238
|move|p2a: Lycanroc|Close Combat|p1a: Great Tusk
|-damage|p1a: Great Tusk|71/100
|-unboost|p2a: Lycanroc|def|1
|-unboost|p2a: Lycanroc|spd|1
|move|p1a: Great Tusk|Rapid Spin|p2a: Lycanroc
|-resisted|p2a: Lycanroc
|-damage|p2a: Lycanroc|77/100
|-boost|p1a: Great Tusk|spe|1
|-sideend|p1: CoffinSquad|Stealth Rock|[from] move: Rapid Spin|[of] p1a: Great Tusk
|
|upkeep
|turn|5
|
|t:|1757837250
|move|p1a: Great Tusk|Stealth Rock|p2a: Lycanroc
|-sidestart|p2: imn3ws0rry|move: Stealth Rock
|move|p2a: Lycanroc|Endeavor|p1a: Great Tusk
|-damage|p1a: Great Tusk|61/100
|
|upkeep
|turn|6
|
|t:|1757837258
|-end|p1a: Great Tusk|Protosynthesis|[silent]
|switch|p1a: Gliscor|Gliscor, M, shiny|100/100
|move|p2a: Lycanroc|Endeavor|p1a: Gliscor
|-damage|p1a: Gliscor|64/100
|
|-status|p1a: Gliscor|tox|[from] item: Toxic Orb
|upkeep
|turn|7
|
|t:|1757837268
|move|p2a: Lycanroc|Accelerock|p1a: Gliscor
|-damage|p1a: Gliscor|49/100 tox
|move|p1a: Gliscor|Toxic|p2a: Lycanroc
|-status|p2a: Lycanroc|tox
|
|-damage|p2a: Lycanroc|71/100 tox|[from] psn
|-heal|p1a: Gliscor|62/100 tox|[from] ability: Poison Heal
|upkeep
|turn|8
|
|t:|1757837280
|move|p2a: Lycanroc|Endeavor|p1a: Gliscor
|-damage|p1a: Gliscor|59/100 tox
|move|p1a: Gliscor|Knock Off|p2a: Lycanroc
|-damage|p2a: Lycanroc|20/100 tox
|-enditem|p2a: Lycanroc|Focus Sash|[from] move: Knock Off|[of] p1a: Gliscor
|
|-damage|p2a: Lycanroc|7/100 tox|[from] psn
|-heal|p1a: Gliscor|72/100 tox|[from] ability: Poison Heal
|upkeep
|turn|9
|
|t:|1757837291
|switch|p1a: Araquanid|Araquanid, M, shiny|40/100
|move|p2a: Lycanroc|Endeavor|p1a: Araquanid
|-damage|p1a: Araquanid|6/100
|
|-damage|p2a: Lycanroc|0 fnt|[from] psn
|faint|p2a: Lycanroc
|upkeep
|
|t:|1757837309
|switch|p2a: Milotic|Milotic, F, shiny|100/100
|-activate|p2a: Milotic|move: Sticky Web
|-unboost|p2a: Milotic|spe|1
|-damage|p2a: Milotic|88/100|[from] Stealth Rock
|turn|10
|-enditem|p1a: Araquanid|Custap Berry|[eat]
|-activate|p1a: Araquanid|item: Custap Berry|[consumed]
|
|t:|1757837318
|move|p1a: Araquanid|Endeavor|p2a: Milotic
|-damage|p2a: Milotic|6/100
|move|p2a: Milotic|Flip Turn|p1a: Araquanid
|-resisted|p1a: Araquanid
|-damage|p1a: Araquanid|0 fnt
|faint|p1a: Araquanid
|
|t:|1757837335
|switch|p2a: Moltres|Moltres, shiny|100/100|[from] Flip Turn
|-ability|p2a: Moltres|Pressure
|
|upkeep
|
|t:|1757837348
|switch|p1a: Gliscor|Gliscor, M, shiny|72/100 tox
|turn|11
|
|t:|1757837355
|move|p1a: Gliscor|Toxic|p2a: Moltres
|-status|p2a: Moltres|tox
|move|p2a: Moltres|Will-O-Wisp||[still]
|-fail|p2a: Moltres
|
|-heal|p1a: Gliscor|84/100 tox|[from] ability: Poison Heal
|-damage|p2a: Moltres|94/100 tox|[from] psn
|upkeep
|turn|12
|
|t:|1757837366
|move|p1a: Gliscor|Spikes|p2a: Moltres
|-sidestart|p2: imn3ws0rry|Spikes
|move|p2a: Moltres|Flamethrower|p1a: Gliscor
|-damage|p1a: Gliscor|51/100 tox
|
|-heal|p1a: Gliscor|63/100 tox|[from] ability: Poison Heal
|-damage|p2a: Moltres|82/100 tox|[from] psn
|upkeep
|turn|13
|
|t:|1757837374
|move|p1a: Gliscor|Spikes|p2a: Moltres
|-sidestart|p2: imn3ws0rry|Spikes
|move|p2a: Moltres|Flamethrower|p1a: Gliscor
|-damage|p1a: Gliscor|30/100 tox
|
|-heal|p1a: Gliscor|43/100 tox|[from] ability: Poison Heal
|-damage|p2a: Moltres|64/100 tox|[from] psn
|upkeep
|turn|14
|
|t:|1757837383
|move|p1a: Gliscor|Spikes|p2a: Moltres
|-sidestart|p2: imn3ws0rry|Spikes
|move|p2a: Moltres|Flamethrower|p1a: Gliscor
|-damage|p1a: Gliscor|11/100 tox
|
|-heal|p1a: Gliscor|23/100 tox|[from] ability: Poison Heal
|-damage|p2a: Moltres|40/100 tox|[from] psn
|upkeep
|turn|15
|
|t:|1757837391
|move|p1a: Gliscor|Protect|p1a: Gliscor
|-singleturn|p1a: Gliscor|Protect
|move|p2a: Moltres|Flamethrower|p1a: Gliscor
|-activate|p1a: Gliscor|move: Protect
|
|-heal|p1a: Gliscor|36/100 tox|[from] ability: Poison Heal
|-damage|p2a: Moltres|10/100 tox|[from] psn
|upkeep
|turn|16
|
|t:|1757837402
|switch|p1a: Great Tusk|Great Tusk, shiny|61/100
|move|p2a: Moltres|Flamethrower|p1a: Great Tusk
|-damage|p1a: Great Tusk|7/100
|
|-damage|p2a: Moltres|0 fnt|[from] psn
|faint|p2a: Moltres
|upkeep
|
|t:|1757837410
|switch|p2a: Serperior|Serperior, F, shiny|100/100
|-activate|p2a: Serperior|move: Sticky Web
|-unboost|p2a: Serperior|spe|1
|-damage|p2a: Serperior|88/100|[from] Stealth Rock
|-damage|p2a: Serperior|63/100|[from] Spikes
|turn|17
|
|t:|1757837426
|move|p1a: Great Tusk|Ice Spinner|p2a: Serperior
|-supereffective|p2a: Serperior
|-damage|p2a: Serperior|0 fnt
|faint|p2a: Serperior
|
|upkeep
|
|t:|1757837444
|switch|p2a: Milotic|Milotic, F, shiny|6/100
|-activate|p2a: Milotic|move: Sticky Web
|-unboost|p2a: Milotic|spe|1
|-damage|p2a: Milotic|0 fnt|[from] Stealth Rock
|faint|p2a: Milotic
|
|t:|1757837449
|switch|p2a: Pincurchin|Pincurchin, F, shiny|100/100
|-activate|p2a: Pincurchin|move: Sticky Web
|-unboost|p2a: Pincurchin|spe|1
|-damage|p2a: Pincurchin|88/100|[from] Stealth Rock
|-damage|p2a: Pincurchin|63/100|[from] Spikes
|-fieldstart|move: Electric Terrain|[from] ability: Electric Surge|[of] p2a: Pincurchin
|turn|18
|
|t:|1757837465
|move|p1a: Great Tusk|Headlong Rush|p2a: Pincurchin
|-supereffective|p2a: Pincurchin
|-damage|p2a: Pincurchin|0 fnt
|-unboost|p1a: Great Tusk|def|1
|-unboost|p1a: Great Tusk|spd|1
|faint|p2a: Pincurchin
|
|upkeep
|
|t:|1757837469
|switch|p2a: Raichu|Raichu-Alola, F, shiny|100/100
|-activate|p2a: Raichu|move: Sticky Web
|-unboost|p2a: Raichu|spe|1
|-damage|p2a: Raichu|88/100|[from] Stealth Rock
|-damage|p2a: Raichu|63/100|[from] Spikes
|turn|19
|c|☆CoffinSquad|gg friend
|
|t:|1757837480
|move|p2a: Raichu|Surf|p1a: Great Tusk
|-supereffective|p1a: Great Tusk
|-damage|p1a: Great Tusk|0 fnt
|faint|p1a: Great Tusk
|-end|p1a: Great Tusk|Protosynthesis|[silent]
|-damage|p2a: Raichu|53/100|[from] item: Life Orb
|
|upkeep
|
|t:|1757837494
|switch|p1a: Dragapult|Dragapult, M, shiny|100/100
|turn|20
|
|t:|1757837504
|move|p2a: Raichu|Psyshock|p1a: Dragapult
|-damage|p1a: Dragapult|41/100
|-damage|p2a: Raichu|43/100|[from] item: Life Orb
|move|p1a: Dragapult|Shadow Ball|p2a: Raichu
|-supereffective|p2a: Raichu
|-damage|p2a: Raichu|0 fnt
|faint|p2a: Raichu
|
|win|CoffinSquad
|raw|CoffinSquad's rating: 1103 &rarr; <strong>1123</strong><br />(+20 for winning)
|raw|imn3ws0rry's rating: 1036 &rarr; <strong>1024</strong><br />(-12 for losing)
|l|☆imn3ws0rry
|player|p2|
