|j|☆MYNAMEISGIORNO
|j|☆fffxz
|t:|1757789444
|gametype|singles
|player|p1|MYNAMEISGIORNO|policeman-gen4|1239
|player|p2|fffxz|elesa|1300
|gen|9
|tier|[Gen 9] OU
|rated|
|rule|HP Percentage Mod: HP is shown in percentages
|rule|Endless Battle Clause: Forcing endless battles is banned
|rule|Species Clause: Limit one of each Pokémon
|rule|OHKO Clause: OHKO moves are banned
|rule|Evasion Items Clause: Evasion items are banned
|rule|Evasion Moves Clause: Evasion moves are banned
|rule|Evasion Abilities Clause: Evasion abilities are banned
|rule|Sleep Moves Clause: Sleep-inducing moves are banned
|clearpoke
|poke|p1|Great Tusk|
|poke|p1|Kilowattrel, M|
|poke|p1|Gallade, M|
|poke|p1|Cinderace, M|
|poke|p1|Goodra-Hisui, F|
|poke|p1|Serperior, F|
|poke|p2|Serperior, F|
|poke|p2|Mamoswine, M|
|poke|p2|Empoleon, F|
|poke|p2|Rotom-Wash|
|poke|p2|Gallade, M|
|poke|p2|Gliscor, M|
|teampreview
|inactive|Battle timer is ON: inactive players will automatically lose when time's up. (requested by fffxz)
|
|t:|1757789469
|teamsize|p1|6
|teamsize|p2|6
|start
|switch|p1a: Kilowattrel|Kilowattrel, M|100/100
|switch|p2a: Gliscor|Gliscor, M|100/100
|turn|1
|
|t:|1757789489
|move|p1a: Kilowattrel|Air Slash|p2a: Gliscor
|-damage|p2a: Gliscor|60/100
|move|p2a: Gliscor|Spikes|p1a: Kilowattrel
|-sidestart|p1: MYNAMEISGIORNO|Spikes
|
|-status|p2a: Gliscor|tox|[from] item: Toxic Orb
|upkeep
|turn|2
|
|t:|1757789507
|move|p1a: Kilowattrel|Air Slash|p2a: Gliscor
|-damage|p2a: Gliscor|19/100 tox
|move|p2a: Gliscor|Spikes|p1a: Kilowattrel
|-sidestart|p1: MYNAMEISGIORNO|Spikes
|
|-heal|p2a: Gliscor|32/100 tox|[from] ability: Poison Heal
|upkeep
|turn|3
|
|t:|1757789522
|switch|p2a: Empoleon|Empoleon, F|100/100
|move|p1a: Kilowattrel|Air Slash|p2a: Empoleon
|-resisted|p2a: Empoleon
|-damage|p2a: Empoleon|90/100
|
|-heal|p2a: Empoleon|96/100|[from] item: Leftovers
|upkeep
|turn|4
|
|t:|1757789533
|move|p1a: Kilowattrel|Volt Switch|p2a: Empoleon
|-supereffective|p2a: Empoleon
|-damage|p2a: Empoleon|53/100
|
|t:|1757789539
|switch|p1a: Castle|Goodra-Hisui, F|100/100|[from] Volt Switch
|-damage|p1a: Castle|84/100|[from] Spikes
|move|p2a: Empoleon|Stealth Rock|p1a: Castle
|-sidestart|p1: MYNAMEISGIORNO|move: Stealth Rock
|
|-heal|p2a: Empoleon|60/100|[from] item: Leftovers
|upkeep
|turn|5
|
|t:|1757789549
|move|p2a: Empoleon|Roost|p2a: Empoleon
|-heal|p2a: Empoleon|100/100
|-singleturn|p2a: Empoleon|move: Roost
|move|p1a: Castle|Thunderbolt|p2a: Empoleon
|-supereffective|p2a: Empoleon
|-damage|p2a: Empoleon|61/100
|
|-heal|p2a: Empoleon|67/100|[from] item: Leftovers
|upkeep
|turn|6
|
|t:|1757789558
|move|p1a: Castle|Thunderbolt|p2a: Empoleon
|-supereffective|p2a: Empoleon
|-damage|p2a: Empoleon|24/100
|move|p2a: Empoleon|Flip Turn|p1a: Castle
|-resisted|p1a: Castle
|-damage|p1a: Castle|75/100
|-damage|p2a: Empoleon|7/100|[from] item: Rocky Helmet|[of] p1a: Castle
|-ability|p1a: Castle|Gooey
|-unboost|p2a: Empoleon|spe|1
|-ability|p2a: Empoleon|Competitive|boost
|-boost|p2a: Empoleon|spa|2
|
|t:|1757789583
|switch|p2a: Serperior|Serperior, F, shiny|100/100|[from] Flip Turn
|
|upkeep
|turn|7
|
|t:|1757789591
|move|p2a: Serperior|Substitute|p2a: Serperior
|-start|p2a: Serperior|Substitute
|-damage|p2a: Serperior|76/100
|move|p1a: Castle|Ice Beam|p2a: Serperior
|-supereffective|p2a: Serperior
|-end|p2a: Serperior|Substitute
|
|-heal|p2a: Serperior|82/100|[from] item: Leftovers
|upkeep
|turn|8
|
|t:|1757789601
|-terastallize|p2a: Serperior|Fire
|move|p2a: Serperior|Substitute|p2a: Serperior
|-start|p2a: Serperior|Substitute
|-damage|p2a: Serperior|57/100
|move|p1a: Castle|Flamethrower|p2a: Serperior
|-resisted|p2a: Serperior
|-activate|p2a: Serperior|move: Substitute|[damage]
|
|-heal|p2a: Serperior|63/100|[from] item: Leftovers
|upkeep
|turn|9
|
|t:|1757789614
|move|p2a: Serperior|Leech Seed|p1a: Castle
|-start|p1a: Castle|move: Leech Seed
|move|p1a: Castle|Thunderbolt|p2a: Serperior
|-end|p2a: Serperior|Substitute
|
|-heal|p2a: Serperior|70/100|[from] item: Leftovers
|-damage|p1a: Castle|63/100|[from] Leech Seed|[of] p2a: Serperior
|-heal|p2a: Serperior|85/100|[silent]
|upkeep
|turn|10
|
|t:|1757789624
|switch|p1a: Cinderace|Cinderace, M|100/100
|move|p2a: Serperior|Substitute|p2a: Serperior
|-start|p2a: Serperior|Substitute
|-damage|p2a: Serperior|60/100
|
|-heal|p2a: Serperior|66/100|[from] item: Leftovers
|upkeep
|turn|11
|
|t:|1757789633
|move|p1a: Cinderace|Pyro Ball|p2a: Serperior
|-resisted|p2a: Serperior
|-end|p2a: Serperior|Substitute
|move|p2a: Serperior|Glare|p1a: Cinderace
|-status|p1a: Cinderace|par
|
|-heal|p2a: Serperior|73/100|[from] item: Leftovers
|upkeep
|turn|12
|
|t:|1757789642
|move|p2a: Serperior|Substitute|p2a: Serperior
|-start|p2a: Serperior|Substitute
|-damage|p2a: Serperior|48/100
|cant|p1a: Cinderace|par
|
|-heal|p2a: Serperior|54/100|[from] item: Leftovers
|upkeep
|turn|13
|
|t:|1757789650
|move|p2a: Serperior|Leech Seed|p1a: Cinderace
|-start|p1a: Cinderace|move: Leech Seed
|move|p1a: Cinderace|Court Change|p1a: Cinderace
|-start|p1a: Cinderace|typechange|Normal|[from] ability: Libero
|-swapsideconditions
|-activate|p1a: Cinderace|move: Court Change
|
|-heal|p2a: Serperior|60/100|[from] item: Leftovers
|-damage|p1a: Cinderace|88/100 par|[from] Leech Seed|[of] p2a: Serperior
|-heal|p2a: Serperior|73/100|[silent]
|upkeep
|turn|14
|
|t:|1757789661
|switch|p1a: Castle|Goodra-Hisui, F|63/100
|move|p2a: Serperior|Leaf Storm|p1a: Castle
|-resisted|p1a: Castle
|-damage|p1a: Castle|55/100
|-boost|p2a: Serperior|spa|2
|
|-heal|p2a: Serperior|79/100|[from] item: Leftovers
|upkeep
|turn|15
|
|t:|1757789671
|move|p2a: Serperior|Leech Seed|p1a: Castle
|-start|p1a: Castle|move: Leech Seed
|move|p1a: Castle|Thunderbolt|p2a: Serperior
|-end|p2a: Serperior|Substitute
|
|-heal|p2a: Serperior|85/100|[from] item: Leftovers
|-damage|p1a: Castle|43/100|[from] Leech Seed|[of] p2a: Serperior
|-heal|p2a: Serperior|100/100|[silent]
|upkeep
|turn|16
|
|t:|1757789681
|switch|p1a: Kilowattrel|Kilowattrel, M|100/100
|move|p2a: Serperior|Substitute|p2a: Serperior
|-start|p2a: Serperior|Substitute
|-damage|p2a: Serperior|76/100
|
|-heal|p2a: Serperior|82/100|[from] item: Leftovers
|upkeep
|turn|17
|
|t:|1757789696
|move|p1a: Kilowattrel|Air Slash|p2a: Serperior
|-end|p2a: Serperior|Substitute
|move|p2a: Serperior|Glare|p1a: Kilowattrel
|-immune|p1a: Kilowattrel
|
|-heal|p2a: Serperior|88/100|[from] item: Leftovers
|upkeep
|turn|18
|
|t:|1757789709
|move|p1a: Kilowattrel|Air Slash|p2a: Serperior
|-damage|p2a: Serperior|44/100
|move|p2a: Serperior|Leaf Storm|p1a: Kilowattrel
|-resisted|p1a: Kilowattrel
|-damage|p1a: Kilowattrel|14/100
|-boost|p2a: Serperior|spa|2
|
|-heal|p2a: Serperior|51/100|[from] item: Leftovers
|upkeep
|turn|19
|
|t:|1757789733
|move|p1a: Kilowattrel|Air Slash|p2a: Serperior
|-damage|p2a: Serperior|9/100
|cant|p2a: Serperior|flinch
|
|-heal|p2a: Serperior|15/100|[from] item: Leftovers
|upkeep
|turn|20
|
|t:|1757789741
|move|p1a: Kilowattrel|Air Slash|p2a: Serperior
|-damage|p2a: Serperior|0 fnt
|faint|p2a: Serperior
|
|upkeep
|
|t:|1757789749
|switch|p2a: Gallade|Gallade, M|100/100
|-damage|p2a: Gallade|84/100|[from] Spikes
|-damage|p2a: Gallade|78/100|[from] Stealth Rock
|turn|21
|
|t:|1757789761
|move|p2a: Gallade|Sacred Sword|p1a: Kilowattrel
|-resisted|p1a: Kilowattrel
|-damage|p1a: Kilowattrel|0 fnt
|faint|p1a: Kilowattrel
|
|upkeep
|
|t:|1757789764
|switch|p1a: Gallade|Gallade, M|100/100
|turn|22
|
|t:|1757789774
|switch|p2a: Empoleon|Empoleon, F|7/100
|-damage|p2a: Empoleon|0 fnt|[from] Spikes
|faint|p2a: Empoleon
|move|p1a: Gallade|Psycho Cut|p2: Empoleon|[notarget]
|-fail|p1a: Gallade
|
|upkeep
|
|t:|1757789788
|switch|p2a: Rotom|Rotom-Wash|100/100
|-damage|p2a: Rotom|88/100|[from] Stealth Rock
|turn|23
|
|t:|1757789800
|move|p1a: Gallade|Knock Off|p2a: Rotom
|-damage|p2a: Rotom|62/100
|-enditem|p2a: Rotom|Leftovers|[from] move: Knock Off|[of] p1a: Gallade
|move|p2a: Rotom|Will-O-Wisp|p1a: Gallade
|-status|p1a: Gallade|brn
|
|-damage|p1a: Gallade|94/100 brn|[from] brn
|upkeep
|turn|24
|
|t:|1757789814
|move|p1a: Gallade|Sacred Sword|p2a: Rotom
|-damage|p2a: Rotom|36/100
|move|p2a: Rotom|Pain Split|p1a: Gallade
|-sethp|p1a: Gallade|67/100 brn|[from] move: Pain Split|[silent]
|-sethp|p2a: Rotom|61/100|[from] move: Pain Split
|
|-damage|p1a: Gallade|61/100 brn|[from] brn
|upkeep
|turn|25
|
|t:|1757789826
|move|p1a: Gallade|Sacred Sword|p2a: Rotom
|-damage|p2a: Rotom|32/100
|move|p2a: Rotom|Pain Split|p1a: Gallade
|-sethp|p1a: Gallade|48/100 brn|[from] move: Pain Split|[silent]
|-sethp|p2a: Rotom|44/100|[from] move: Pain Split
|
|-damage|p1a: Gallade|42/100 brn|[from] brn
|upkeep
|turn|26
|
|t:|1757789836
|move|p1a: Gallade|Sacred Sword|p2a: Rotom
|-damage|p2a: Rotom|18/100
|move|p2a: Rotom|Pain Split|p1a: Gallade
|-sethp|p1a: Gallade|31/100 brn|[from] move: Pain Split|[silent]
|-sethp|p2a: Rotom|28/100|[from] move: Pain Split
|
|-damage|p1a: Gallade|25/100 brn|[from] brn
|upkeep
|-enditem|p1a: Gallade|Salac Berry|[eat]
|-boost|p1a: Gallade|spe|1|[from] item: Salac Berry
|turn|27
|
|t:|1757789851
|move|p1a: Gallade|Sacred Sword|p2a: Rotom
|-damage|p2a: Rotom|2/100
|move|p2a: Rotom|Volt Switch|p1a: Gallade
|-damage|p1a: Gallade|0 fnt
|faint|p1a: Gallade
|inactive|fffxz has 120 seconds left.
|
|t:|1757789872
|switch|p2a: Gallade|Gallade, M|78/100|[from] Volt Switch
|-damage|p2a: Gallade|61/100|[from] Spikes
|-damage|p2a: Gallade|55/100|[from] Stealth Rock
|
|upkeep
|
|t:|1757789878
|switch|p1a: Cinderace|Cinderace, M|88/100 par
|turn|28
|
|t:|1757789886
|move|p2a: Gallade|Psycho Cut|p1a: Cinderace
|-crit|p1a: Cinderace
|-damage|p1a: Cinderace|0 fnt
|faint|p1a: Cinderace
|
|upkeep
|
|t:|1757789896
|switch|p1a: Castle|Goodra-Hisui, F|43/100
|turn|29
|
|t:|1757789900
|move|p2a: Gallade|Psycho Cut|p1a: Castle
|-resisted|p1a: Castle
|-damage|p1a: Castle|17/100
|move|p1a: Castle|Flash Cannon|p2a: Gallade
|-damage|p2a: Gallade|13/100
|
|upkeep
|turn|30
|
|t:|1757789907
|move|p2a: Gallade|Psycho Cut|p1a: Castle
|-resisted|p1a: Castle
|-crit|p1a: Castle
|-damage|p1a: Castle|0 fnt
|faint|p1a: Castle
|
|upkeep
|
|t:|1757789911
|switch|p1a: Serperior|Serperior, F|100/100
|turn|31
|
|t:|1757789915
|move|p2a: Gallade|Psycho Cut|p1a: Serperior
|-damage|p1a: Serperior|27/100
|move|p1a: Serperior|Leaf Storm|p2a: Gallade
|-damage|p2a: Gallade|0 fnt
|-boost|p1a: Serperior|spa|2
|faint|p2a: Gallade
|-damage|p1a: Serperior|17/100|[from] item: Life Orb
|
|upkeep
|
|t:|1757789924
|switch|p2a: Mamoswine|Mamoswine, M|100/100
|-damage|p2a: Mamoswine|84/100|[from] Spikes
|-damage|p2a: Mamoswine|71/100|[from] Stealth Rock
|turn|32
|
|t:|1757789930
|move|p2a: Mamoswine|Ice Shard|p1a: Serperior
|-supereffective|p1a: Serperior
|-damage|p1a: Serperior|0 fnt
|faint|p1a: Serperior
|
|upkeep
|
|t:|1757789932
|switch|p1a: Great Tusk|Great Tusk|100/100
|-enditem|p1a: Great Tusk|Booster Energy
|-activate|p1a: Great Tusk|ability: Protosynthesis|[fromitem]
|-start|p1a: Great Tusk|protosynthesisatk
|turn|33
|
|t:|1757789940
|switch|p2a: Gliscor|Gliscor, M|32/100 tox
|-damage|p2a: Gliscor|19/100 tox|[from] Stealth Rock
|move|p1a: Great Tusk|Close Combat|p2a: Gliscor
|-resisted|p2a: Gliscor
|-damage|p2a: Gliscor|0 fnt
|-unboost|p1a: Great Tusk|def|1
|-unboost|p1a: Great Tusk|spd|1
|faint|p2a: Gliscor
|
|upkeep
|
|t:|1757789951
|switch|p2a: Mamoswine|Mamoswine, M|71/100
|-damage|p2a: Mamoswine|55/100|[from] Spikes
|-damage|p2a: Mamoswine|42/100|[from] Stealth Rock
|turn|34
|
|t:|1757789965
|move|p2a: Mamoswine|Ice Shard|p1a: Great Tusk
|-supereffective|p1a: Great Tusk
|-damage|p1a: Great Tusk|20/100
|move|p1a: Great Tusk|Ice Spinner|p2a: Mamoswine
|-damage|p2a: Mamoswine|23/100
|
|upkeep
|turn|35
|c|☆MYNAMEISGIORNO|gg
|-message|MYNAMEISGIORNO forfeited.
|
|win|fffxz
|raw|MYNAMEISGIORNO's rating: 1239 &rarr; <strong>1218</strong><br />(-21 for losing)
|raw|fffxz's rating: 1300 &rarr; <strong>1321</strong><br />(+21 for winning)
|l|☆MYNAMEISGIORNO
|player|p1|
|l|☆fffxz
|player|p2|
