|j|☆2545304124abc
|j|☆sakuya 2hu
|t:|1757858517
|gametype|singles
|player|p1|2545304124abc|dawn|1067
|player|p2|sakuya 2hu|sailor-gen1|1054
|gen|9
|tier|[Gen 9] OU
|rated|
|rule|HP Percentage Mod: HP is shown in percentages
|rule|Endless Battle Clause: Forcing endless battles is banned
|rule|Species Clause: Limit one of each Pokémon
|rule|OHKO Clause: OHKO moves are banned
|rule|Evasion Items Clause: Evasion items are banned
|rule|Evasion Moves Clause: Evasion moves are banned
|rule|Evasion Abilities Clause: Evasion abilities are banned
|rule|Sleep Moves Clause: Sleep-inducing moves are banned
|clearpoke
|poke|p1|Alomomola, M|
|poke|p1|Hydreigon, F|
|poke|p1|Arcanine, M|
|poke|p1|Gholdengo|
|poke|p1|Gliscor, F|
|poke|p1|Avalugg, F|
|poke|p2|Latios, M|
|poke|p2|Electrode|
|poke|p2|Tyranitar, M|
|poke|p2|Glimmet, M|
|poke|p2|Drilbur, M|
|poke|p2|Blastoise, F|
|teampreview
|
|t:|1757858522
|teamsize|p1|6
|teamsize|p2|6
|start
|switch|p1a: Gliscor|Gliscor, F|100/100
|switch|p2a: coochie|Glimmet, M|100/100
|turn|1
|
|t:|1757858529
|move|p1a: Gliscor|Stealth Rock|p2a: coochie
|-sidestart|p2: sakuya 2hu|move: Stealth Rock
|move|p2a: coochie|Stealth Rock|p1a: Gliscor
|-sidestart|p1: 2545304124abc|move: Stealth Rock
|
|-status|p1a: Gliscor|tox|[from] item: Toxic Orb
|upkeep
|turn|2
|
|t:|1757858536
|move|p1a: Gliscor|Earthquake|p2a: coochie
|-supereffective|p2a: coochie
|-enditem|p2a: coochie|Focus Sash
|-damage|p2a: coochie|1/100
|-activate|p2a: coochie|ability: Toxic Debris
|-sidestart|p1: 2545304124abc|move: Toxic Spikes
|move|p2a: coochie|Spikes|p1a: Gliscor
|-sidestart|p1: 2545304124abc|Spikes
|
|upkeep
|turn|3
|
|t:|1757858546
|move|p1a: Gliscor|U-turn|p2a: coochie
|-resisted|p2a: coochie
|-damage|p2a: coochie|0 fnt
|-activate|p2a: coochie|ability: Toxic Debris
|-sidestart|p1: 2545304124abc|move: Toxic Spikes
|faint|p2a: coochie
|
|t:|1757858552
|switch|p1a: Avalugg|Avalugg, F|100/100|[from] U-turn
|
|upkeep
|inactive|Battle timer is ON: inactive players will automatically lose when time's up. (requested by 2545304124abc)
|
|t:|1757858565
|switch|p2a: they wont know|Tyranitar, M|100/100
|-damage|p2a: they wont know|88/100|[from] Stealth Rock
|-weather|Sandstorm|[from] ability: Sand Stream|[of] p2a: they wont know
|turn|4
|
|t:|1757858571
|move|p2a: they wont know|Flamethrower|p1a: Avalugg
|-supereffective|p1a: Avalugg
|-damage|p1a: Avalugg|26/100
|move|p1a: Avalugg|Rapid Spin|p2a: they wont know
|-resisted|p2a: they wont know
|-damage|p2a: they wont know|83/100
|-boost|p1a: Avalugg|spe|1
|-sideend|p1: 2545304124abc|Spikes|[from] move: Rapid Spin|[of] p1a: Avalugg
|-sideend|p1: 2545304124abc|Toxic Spikes|[from] move: Rapid Spin|[of] p1a: Avalugg
|-sideend|p1: 2545304124abc|Stealth Rock|[from] move: Rapid Spin|[of] p1a: Avalugg
|
|-weather|Sandstorm|[upkeep]
|-damage|p1a: Avalugg|20/100|[from] Sandstorm
|upkeep
|turn|5
|
|t:|1757858583
|switch|p1a: Arcanine|Arcanine, M|100/100
|-ability|p1a: Arcanine|Intimidate|boost
|-unboost|p2a: they wont know|atk|1
|move|p2a: they wont know|Ice Beam|p1a: Arcanine
|-resisted|p1a: Arcanine
|-damage|p1a: Arcanine|89/100
|
|-weather|Sandstorm|[upkeep]
|-damage|p1a: Arcanine|83/100|[from] Sandstorm
|upkeep
|turn|6
|
|t:|1757858594
|move|p1a: Arcanine|Will-O-Wisp|p2a: they wont know
|-status|p2a: they wont know|brn
|move|p2a: they wont know|Power Gem|p1a: Arcanine
|-supereffective|p1a: Arcanine
|-damage|p1a: Arcanine|15/100
|
|-weather|Sandstorm|[upkeep]
|-damage|p1a: Arcanine|9/100|[from] Sandstorm
|-damage|p2a: they wont know|77/100 brn|[from] brn
|upkeep
|turn|7
|
|t:|1757858612
|switch|p1a: Hydreigon|Hydreigon, F|100/100
|move|p2a: they wont know|Power Gem|p1a: Hydreigon
|-damage|p1a: Hydreigon|65/100
|
|-weather|Sandstorm|[upkeep]
|-damage|p1a: Hydreigon|59/100|[from] Sandstorm
|-damage|p2a: they wont know|71/100 brn|[from] brn
|upkeep
|turn|8
|
|t:|1757858623
|move|p1a: Hydreigon|Flash Cannon|p2a: they wont know
|-supereffective|p2a: they wont know
|-damage|p2a: they wont know|48/100 brn
|-damage|p1a: Hydreigon|49/100|[from] item: Life Orb
|move|p2a: they wont know|Ice Beam|p1a: Hydreigon
|-supereffective|p1a: Hydreigon
|-damage|p1a: Hydreigon|2/100
|
|-weather|none
|-damage|p2a: they wont know|42/100 brn|[from] brn
|upkeep
|turn|9
|
|t:|1757858635
|switch|p1a: Alomomola|Alomomola, M|100/100
|move|p2a: they wont know|Ice Beam|p1a: Alomomola
|-resisted|p1a: Alomomola
|-damage|p1a: Alomomola|88/100
|
|-damage|p2a: they wont know|36/100 brn|[from] brn
|upkeep
|turn|10
|
|t:|1757858644
|move|p1a: Alomomola|Wish|p1a: Alomomola
|move|p2a: they wont know|Thunderbolt|p1a: Alomomola
|-supereffective|p1a: Alomomola
|-damage|p1a: Alomomola|35/100
|-enditem|p1a: Alomomola|Sitrus Berry|[eat]
|-heal|p1a: Alomomola|60/100|[from] item: Sitrus Berry
|
|-damage|p2a: they wont know|29/100 brn|[from] brn
|upkeep
|turn|11
|
|t:|1757858655
|switch|p2a: left testicle|Electrode|100/100
|-damage|p2a: left testicle|88/100|[from] Stealth Rock
|move|p1a: Alomomola|Flip Turn|p2a: left testicle
|-damage|p2a: left testicle|61/100
|
|t:|1757858663
|switch|p1a: Hydreigon|Hydreigon, F|2/100|[from] Flip Turn
|
|-heal|p1a: Hydreigon|84/100|[from] move: Wish|[wisher] Alomomola
|upkeep
|turn|12
|
|t:|1757858678
|-terastallize|p1a: Hydreigon|Steel
|move|p2a: left testicle|Volt Switch|p1a: Hydreigon
|-damage|p1a: Hydreigon|37/100
|
|t:|1757858688
|switch|p2a: they wont know|Tyranitar, M|29/100 brn|[from] Volt Switch
|-damage|p2a: they wont know|17/100 brn|[from] Stealth Rock
|-weather|Sandstorm|[from] ability: Sand Stream|[of] p2a: they wont know
|move|p1a: Hydreigon|Flash Cannon|p2a: they wont know
|-supereffective|p2a: they wont know
|-damage|p2a: they wont know|0 fnt
|faint|p2a: they wont know
|-damage|p1a: Hydreigon|27/100|[from] item: Life Orb
|
|-weather|Sandstorm|[upkeep]
|upkeep
|
|t:|1757858699
|switch|p2a: The king|Drilbur, M, shiny|100/100
|-damage|p2a: The king|94/100|[from] Stealth Rock
|turn|13
|
|t:|1757858710
|switch|p1a: Arcanine|Arcanine, M|9/100
|-ability|p1a: Arcanine|Intimidate|boost
|-unboost|p2a: The king|atk|1
|move|p2a: The king|Earthquake|p1a: Arcanine
|-supereffective|p1a: Arcanine
|-damage|p1a: Arcanine|0 fnt
|faint|p1a: Arcanine
|
|-weather|Sandstorm|[upkeep]
|upkeep
|
|t:|1757858721
|switch|p1a: Hydreigon|Hydreigon, F, tera:Steel|27/100
|turn|14
|
|t:|1757858728
|switch|p2a: bowserfart.gif|Blastoise, F|100/100
|move|p1a: Hydreigon|Dark Pulse|p2a: bowserfart.gif
|-damage|p2a: bowserfart.gif|38/100
|-damage|p1a: Hydreigon|17/100|[from] item: Life Orb
|
|-weather|Sandstorm|[upkeep]
|-damage|p2a: bowserfart.gif|32/100|[from] Sandstorm
|upkeep
|turn|15
|
|t:|1757858738
|move|p1a: Hydreigon|Dark Pulse|p2a: bowserfart.gif
|-crit|p2a: bowserfart.gif
|-damage|p2a: bowserfart.gif|0 fnt
|faint|p2a: bowserfart.gif
|-damage|p1a: Hydreigon|8/100|[from] item: Life Orb
|
|-weather|Sandstorm|[upkeep]
|upkeep
|
|t:|1757858744
|switch|p2a: The king|Drilbur, M, shiny|94/100
|-damage|p2a: The king|88/100|[from] Stealth Rock
|turn|16
|
|t:|1757858751
|move|p2a: The king|X-Scissor|p1a: Hydreigon
|-resisted|p1a: Hydreigon
|-damage|p1a: Hydreigon|0 fnt
|faint|p1a: Hydreigon
|
|-weather|none
|upkeep
|
|t:|1757858758
|switch|p1a: Gliscor|Gliscor, F|100/100 tox
|turn|17
|
|t:|1757858764
|move|p2a: The king|X-Scissor|p1a: Gliscor
|-resisted|p1a: Gliscor
|-damage|p1a: Gliscor|87/100 tox
|move|p1a: Gliscor|U-turn|p2a: The king
|-damage|p2a: The king|32/100
|
|t:|1757858771
|switch|p1a: Gholdengo|Gholdengo|100/100|[from] U-turn
|
|upkeep
|turn|18
|
|t:|1757858775
|move|p1a: Gholdengo|Shadow Ball|p2a: The king
|-damage|p2a: The king|0 fnt
|faint|p2a: The king
|
|upkeep
|
|t:|1757858788
|switch|p2a: left testicle|Electrode|61/100
|-damage|p2a: left testicle|49/100|[from] Stealth Rock
|turn|19
|
|t:|1757858793
|switch|p1a: Gliscor|Gliscor, F|87/100 tox
|move|p2a: left testicle|Thunder|p1a: Gliscor
|-immune|p1a: Gliscor
|
|-heal|p1a: Gliscor|99/100 tox|[from] ability: Poison Heal
|upkeep
|turn|20
|-message|sakuya 2hu forfeited.
|
|win|2545304124abc
|raw|2545304124abc's rating: 1067 &rarr; <strong>1096</strong><br />(+29 for winning)
|raw|sakuya 2hu's rating: 1054 &rarr; <strong>1037</strong><br />(-17 for losing)
|l|☆sakuya 2hu
|player|p2|
|l|☆2545304124abc
|player|p1|
