|j|☆astralclone
|j|☆Danielcollins15
|inactive|Battle timer is ON: inactive players will automatically lose when time's up.
|t:|1757792157
|gametype|singles
|player|p1|astralclone|ghetsis|
|player|p2|Danielcollins15|fisherman-gen4|
|gen|9
|tier|[Gen 9] OU
|rated|Tournament battle
|rule|HP Percentage Mod: HP is shown in percentages
|rule|Endless Battle Clause: Forcing endless battles is banned
|rule|Species Clause: Limit one of each Pokémon
|rule|OHKO Clause: OHKO moves are banned
|rule|Evasion Items Clause: Evasion items are banned
|rule|Evasion Moves Clause: Evasion moves are banned
|rule|Evasion Abilities Clause: Evasion abilities are banned
|rule|Sleep Moves Clause: Sleep-inducing moves are banned
|clearpoke
|poke|p1|Greninja-*, M|
|poke|p1|Pelipper, M|
|poke|p1|Braviary-Hisui, M|
|poke|p1|Basculegion, M|
|poke|p1|Zamazenta-*|
|poke|p1|Zapdos|
|poke|p2|Metagross|
|poke|p2|Suicune|
|poke|p2|Greninja-*, M|
|poke|p2|Lucario, M|
|poke|p2|Garchomp, M|
|poke|p2|Venusaur, M|
|teampreview
|j| Albrtix
|
|t:|1757792175
|teamsize|p1|6
|teamsize|p2|6
|start
|switch|p1a: Pelipper|Pelipper, M|100/100
|switch|p2a: Metagross|Metagross, shiny|100/100
|-item|p2a: Metagross|Air Balloon
|-weather|RainDance|[from] ability: Drizzle|[of] p1a: Pelipper
|turn|1
|
|t:|1757792195
|move|p2a: Metagross|Expanding Force|p1a: Pelipper
|-damage|p1a: Pelipper|69/100
|move|p1a: Pelipper|Weather Ball|p2a: Metagross
|-damage|p2a: Metagross|44/100
|-enditem|p2a: Metagross|Air Balloon
|
|-weather|RainDance|[upkeep]
|upkeep
|turn|2
|
|t:|1757792205
|move|p2a: Metagross|Expanding Force|p1a: Pelipper
|-damage|p1a: Pelipper|40/100
|move|p1a: Pelipper|U-turn|p2a: Metagross
|-damage|p2a: Metagross|38/100
|
|t:|1757792219
|switch|p1a: Zamazenta|Zamazenta, shiny|100/100|[from] U-turn
|-ability|p1a: Zamazenta|Dauntless Shield|boost
|-boost|p1a: Zamazenta|def|1
|
|-weather|RainDance|[upkeep]
|upkeep
|turn|3
|
|t:|1757792230
|move|p1a: Zamazenta|Iron Defense|p1a: Zamazenta
|-boost|p1a: Zamazenta|def|2
|move|p2a: Metagross|Expanding Force|p1a: Zamazenta
|-supereffective|p1a: Zamazenta
|-damage|p1a: Zamazenta|53/100
|
|-weather|RainDance|[upkeep]
|upkeep
|turn|4
|
|t:|1757792237
|move|p1a: Zamazenta|Body Press|p2a: Metagross
|-damage|p2a: Metagross|0 fnt
|faint|p2a: Metagross
|
|-weather|RainDance|[upkeep]
|upkeep
|
|t:|1757792244
|switch|p2a: Suicune|Suicune, shiny|100/100
|turn|5
|inactive|astralclone has 120 seconds left.
|
|t:|1757792277
|move|p1a: Zamazenta|Body Press|p2a: Suicune
|-damage|p2a: Suicune|25/100
|move|p2a: Suicune|Hydro Pump|p1a: Zamazenta|[miss]
|-miss|p2a: Suicune|p1a: Zamazenta
|
|-weather|RainDance|[upkeep]
|-heal|p2a: Suicune|32/100|[from] item: Leftovers
|upkeep
|turn|6
|
|t:|1757792288
|move|p1a: Zamazenta|Body Press|p2a: Suicune
|-damage|p2a: Suicune|0 fnt
|faint|p2a: Suicune
|
|-weather|RainDance|[upkeep]
|upkeep
|
|t:|1757792293
|switch|p2a: Garchomp|Garchomp, M, shiny|100/100
|turn|7
|
|t:|1757792299
|move|p1a: Zamazenta|Body Press|p2a: Garchomp
|-damage|p2a: Garchomp|0 fnt
|-damage|p1a: Zamazenta|40/100|[from] ability: Rough Skin|[of] p2a: Garchomp
|faint|p2a: Garchomp
|
|-weather|RainDance|[upkeep]
|upkeep
|
|t:|1757792304
|switch|p2a: Venusaur|Venusaur, M, shiny|100/100
|turn|8
|
|t:|1757792319
|move|p1a: Zamazenta|Body Press|p2a: Venusaur
|-resisted|p2a: Venusaur
|-damage|p2a: Venusaur|53/100
|move|p2a: Venusaur|Petal Blizzard|p1a: Zamazenta
|-damage|p1a: Zamazenta|34/100
|
|-weather|none
|upkeep
|turn|9
|
|t:|1757792328
|-terastallize|p1a: Zamazenta|Fighting
|move|p1a: Zamazenta|Body Press|p2a: Venusaur
|-resisted|p2a: Venusaur
|-damage|p2a: Venusaur|0 fnt
|faint|p2a: Venusaur
|
|upkeep
|
|t:|1757792336
|switch|p2a: Greninja|Greninja, M, shiny|100/100
|turn|10
|
|t:|1757792349
|move|p1a: Zamazenta|Body Press|p2a: Greninja
|-supereffective|p2a: Greninja
|-damage|p2a: Greninja|0 fnt
|faint|p2a: Greninja
|
|upkeep
|
|t:|1757792354
|switch|p2a: Lucario|Lucario, M, shiny|100/100
|turn|11
|
|t:|1757792369
|-terastallize|p2a: Lucario|Fighting
|move|p1a: Zamazenta|Body Press|p2a: Lucario
|-damage|p2a: Lucario|0 fnt
|faint|p2a: Lucario
|
|win|astralclone
|n|☆astralclone|astralclone
|n|☆Danielcollins15|danielcollins15
|n| Albrtix|albrtix
|l|☆Danielcollins15
|player|p2|
|c|☆astralclone|Gg
