|j|☆juancbas1234
|j|☆TREMBLEB4BAST
|t:|1757910542
|gametype|singles
|player|p1|juancbas1234|170|1339
|player|p2|TREMBLEB4BAST|geeta|1281
|gen|9
|tier|[Gen 9] OU
|rated|
|rule|HP Percentage Mod: HP is shown in percentages
|rule|Endless Battle Clause: Forcing endless battles is banned
|rule|Species Clause: Limit one of each Pokémon
|rule|OHKO Clause: OHKO moves are banned
|rule|Evasion Items Clause: Evasion items are banned
|rule|Evasion Moves Clause: Evasion moves are banned
|rule|Evasion Abilities Clause: Evasion abilities are banned
|rule|Sleep Moves Clause: Sleep-inducing moves are banned
|clearpoke
|poke|p1|Dragapult, F|
|poke|p1|Heatran, M|
|poke|p1|Ogerpon-Wellspring, F|
|poke|p1|Garganacl, M|
|poke|p1|Great Tusk|
|poke|p1|Enamorus, F|
|poke|p2|Tyranitar, M|
|poke|p2|Lucario, M|
|poke|p2|Gastrodon-East, F|
|poke|p2|Iron Moth|
|poke|p2|Vikavolt, M|
|poke|p2|Iron Leaves|
|teampreview
|inactive|Battle timer is ON: inactive players will automatically lose when time's up. (requested by juancbas1234)
|
|t:|1757910615
|teamsize|p1|6
|teamsize|p2|6
|start
|switch|p1a: Dragapult|Dragapult, F|100/100
|switch|p2a: Australian|Vikavolt, M|100/100
|turn|1
|
|t:|1757910637
|-terastallize|p1a: Dragapult|Dragon
|move|p1a: Dragapult|Draco Meteor|p2a: Australian
|-damage|p2a: Australian|0 fnt
|-unboost|p1a: Dragapult|spa|2
|faint|p2a: Australian
|
|upkeep
|inactive|TREMBLEB4BAST has 120 seconds left.
|
|t:|1757910668
|switch|p2a: Lich|Gastrodon-East, F|100/100
|turn|2
|inactive|juancbas1234 has 120 seconds left.
|inactive|juancbas1234 has 90 seconds left.
|
|t:|1757910747
|switch|p1a: Ogerpon|Ogerpon-Wellspring, F|100/100
|move|p2a: Lich|Ice Beam|p1a: Ogerpon
|-damage|p1a: Ogerpon|56/100
|
|upkeep
|turn|3
|
|t:|1757910755
|switch|p2a: Chiron|Iron Leaves|100/100
|move|p1a: Ogerpon|Horn Leech|p2a: Chiron
|-resisted|p2a: Chiron
|-damage|p2a: Chiron|74/100
|-heal|p1a: Ogerpon|71/100|[from] drain|[of] p2a: Chiron
|
|upkeep
|turn|4
|inactive|TREMBLEB4BAST has 120 seconds left.
|inactive|juancbas1234 has 60 seconds left.
|
|t:|1757910795
|switch|p1a: Heatran|Heatran, M|100/100
|move|p2a: Chiron|Psyblade|p1a: Heatran
|-resisted|p1a: Heatran
|-damage|p1a: Heatran|84/100
|
|-heal|p1a: Heatran|90/100|[from] item: Leftovers
|upkeep
|turn|5
|
|t:|1757910803
|-end|p2a: Chiron|Quark Drive|[silent]
|switch|p2a: Lich|Gastrodon-East, F|100/100
|move|p1a: Heatran|Stealth Rock|p2a: Lich
|-sidestart|p2: TREMBLEB4BAST|move: Stealth Rock
|
|-heal|p1a: Heatran|97/100|[from] item: Leftovers
|upkeep
|turn|6
|
|t:|1757910826
|move|p1a: Heatran|Protect|p1a: Heatran
|-singleturn|p1a: Heatran|Protect
|move|p2a: Lich|Earth Power|p1a: Heatran
|-activate|p1a: Heatran|move: Protect
|
|-heal|p1a: Heatran|100/100|[from] item: Leftovers
|upkeep
|turn|7
|inactive|juancbas1234 has 30 seconds left.
|
|t:|1757910849
|switch|p1a: Ogerpon|Ogerpon-Wellspring, F|71/100
|switch|p2a: Gohan|Lucario, M|100/100
|-damage|p2a: Gohan|98/100|[from] Stealth Rock
|
|upkeep
|turn|8
|
|t:|1757910857
|move|p2a: Gohan|Aura Sphere|p1a: Ogerpon
|-damage|p1a: Ogerpon|19/100
|move|p1a: Ogerpon|Ivy Cudgel|p2a: Gohan|[anim] Ivy Cudgel Water
|-damage|p2a: Gohan|0 fnt
|faint|p2a: Gohan
|
|upkeep
|
|t:|1757910869
|switch|p2a: Shinobu|Iron Moth, shiny|100/100
|-damage|p2a: Shinobu|75/100|[from] Stealth Rock
|-enditem|p2a: Shinobu|Booster Energy
|-activate|p2a: Shinobu|ability: Quark Drive|[fromitem]
|-start|p2a: Shinobu|quarkdrivespe
|turn|9
|inactive|juancbas1234 has 30 seconds left.
|inactive|juancbas1234 has 20 seconds left.
|inactive|juancbas1234 has 15 seconds left.
|inactive|juancbas1234 has 10 seconds left.
|inactive|juancbas1234 has 5 seconds left.
|inactiveoff|Battle timer is now OFF.
|
|t:|1757910918
|switch|p1a: Dragapult|Dragapult, F, tera:Dragon|100/100
|move|p2a: Shinobu|Fiery Dance|p1a: Dragapult
|-resisted|p1a: Dragapult
|-damage|p1a: Dragapult|71/100
|
|upkeep
|turn|10
|inactive|Battle timer is ON: inactive players will automatically lose when time's up. (requested by TREMBLEB4BAST)
|inactive|juancbas1234 has 15 seconds left this turn.
|inactive|juancbas1234 has 10 seconds left.
|
|t:|1757910927
|move|p2a: Shinobu|Dazzling Gleam|p1a: Dragapult
|-supereffective|p1a: Dragapult
|-damage|p1a: Dragapult|0 fnt
|faint|p1a: Dragapult
|
|upkeep
|inactive|juancbas1234 has 15 seconds left this turn.
|inactive|juancbas1234 has 10 seconds left.
|
|t:|1757910934
|switch|p1a: Heatran|Heatran, M|100/100
|turn|11
|inactive|juancbas1234 has 20 seconds left this turn.
|inactive|juancbas1234 has 15 seconds left.
|
|t:|1757910949
|-end|p2a: Shinobu|Quark Drive|[silent]
|switch|p2a: Lich|Gastrodon-East, F|100/100
|-damage|p2a: Lich|94/100|[from] Stealth Rock
|switch|p1a: Great Tusk|Great Tusk|100/100
|-enditem|p1a: Great Tusk|Booster Energy
|-activate|p1a: Great Tusk|ability: Protosynthesis|[fromitem]
|-start|p1a: Great Tusk|protosynthesisatk
|
|upkeep
|turn|12
|inactive|juancbas1234 has 25 seconds left this turn.
|inactive|juancbas1234 has 20 seconds left.
|inactive|juancbas1234 has 15 seconds left.
|
|t:|1757910961
|move|p1a: Great Tusk|Headlong Rush|p2a: Lich
|-damage|p2a: Lich|0 fnt
|-unboost|p1a: Great Tusk|def|1
|-unboost|p1a: Great Tusk|spd|1
|faint|p2a: Lich
|
|upkeep
|
|t:|1757910968
|switch|p2a: Chiron|Iron Leaves|74/100
|-damage|p2a: Chiron|62/100|[from] Stealth Rock
|turn|13
|inactive|juancbas1234 has 30 seconds left this turn.
|
|t:|1757910975
|-end|p1a: Great Tusk|Protosynthesis|[silent]
|switch|p1a: Ogerpon|Ogerpon-Wellspring, F|19/100
|move|p2a: Chiron|Leaf Blade|p1a: Ogerpon
|-damage|p1a: Ogerpon|0 fnt
|faint|p1a: Ogerpon
|
|upkeep
|inactive|juancbas1234 has 30 seconds left this turn.
|
|t:|1757910983
|switch|p1a: Enamorus|Enamorus, F|100/100
|turn|14
|inactive|juancbas1234 has 30 seconds left.
|
|t:|1757910998
|-end|p2a: Chiron|Quark Drive|[silent]
|switch|p2a: Shinobu|Iron Moth, shiny|75/100
|-damage|p2a: Shinobu|50/100|[from] Stealth Rock
|move|p1a: Enamorus|Substitute|p1a: Enamorus
|-start|p1a: Enamorus|Substitute
|-damage|p1a: Enamorus|76/100
|
|-heal|p1a: Enamorus|82/100|[from] item: Leftovers
|upkeep
|turn|15
|
|t:|1757911008
|move|p2a: Shinobu|Sludge Wave|p1a: Enamorus
|-supereffective|p1a: Enamorus
|-end|p1a: Enamorus|Substitute
|move|p1a: Enamorus|Earth Power|p2a: Shinobu
|-supereffective|p2a: Shinobu
|-damage|p2a: Shinobu|0 fnt
|faint|p2a: Shinobu
|-end|p2a: Shinobu|Quark Drive|[silent]
|
|-heal|p1a: Enamorus|88/100|[from] item: Leftovers
|upkeep
|
|t:|1757911013
|switch|p2a: Chiron|Iron Leaves|62/100
|-damage|p2a: Chiron|49/100|[from] Stealth Rock
|turn|16
|
|t:|1757911021
|move|p1a: Enamorus|Moonblast|p2a: Chiron
|-damage|p2a: Chiron|13/100
|move|p2a: Chiron|Retaliate|p1a: Enamorus
|-crit|p1a: Enamorus
|-damage|p1a: Enamorus|0 fnt
|faint|p1a: Enamorus
|
|upkeep
|
|t:|1757911037
|switch|p1a: Great Tusk|Great Tusk|100/100
|turn|17
|
|t:|1757911045
|move|p2a: Chiron|Leaf Blade|p1a: Great Tusk
|-supereffective|p1a: Great Tusk
|-damage|p1a: Great Tusk|31/100
|move|p1a: Great Tusk|Rapid Spin|p2a: Chiron
|-damage|p2a: Chiron|0 fnt
|-boost|p1a: Great Tusk|spe|1
|faint|p2a: Chiron
|-end|p2a: Chiron|Quark Drive|[silent]
|
|upkeep
|
|t:|1757911049
|switch|p2a: Reiner Braun|Tyranitar, M|100/100
|-damage|p2a: Reiner Braun|88/100|[from] Stealth Rock
|-weather|Sandstorm|[from] ability: Sand Stream|[of] p2a: Reiner Braun
|turn|18
|
|t:|1757911058
|-terastallize|p2a: Reiner Braun|Ghost
|move|p1a: Great Tusk|Close Combat|p2a: Reiner Braun
|-immune|p2a: Reiner Braun
|move|p2a: Reiner Braun|Ice Punch|p1a: Great Tusk
|-supereffective|p1a: Great Tusk
|-damage|p1a: Great Tusk|0 fnt
|faint|p1a: Great Tusk
|-end|p1a: Great Tusk|Protosynthesis|[silent]
|
|-weather|Sandstorm|[upkeep]
|-damage|p2a: Reiner Braun|82/100|[from] Sandstorm
|upkeep
|
|t:|1757911073
|switch|p1a: Garganacl|Garganacl, M|100/100
|turn|19
|
|t:|1757911088
|move|p2a: Reiner Braun|Earthquake|p1a: Garganacl
|-supereffective|p1a: Garganacl
|-damage|p1a: Garganacl|48/100
|move|p1a: Garganacl|Iron Defense|p1a: Garganacl
|-boost|p1a: Garganacl|def|2
|
|-weather|Sandstorm|[upkeep]
|-damage|p2a: Reiner Braun|76/100|[from] Sandstorm
|-heal|p1a: Garganacl|54/100|[from] item: Leftovers
|upkeep
|turn|20
|inactive|juancbas1234 has 60 seconds left.
|
|t:|1757911099
|move|p2a: Reiner Braun|Earthquake|p1a: Garganacl
|-supereffective|p1a: Garganacl
|-damage|p1a: Garganacl|29/100
|move|p1a: Garganacl|Recover|p1a: Garganacl
|-heal|p1a: Garganacl|79/100
|
|-weather|Sandstorm|[upkeep]
|-damage|p2a: Reiner Braun|70/100|[from] Sandstorm
|-heal|p1a: Garganacl|85/100|[from] item: Leftovers
|upkeep
|turn|21
|-message|TREMBLEB4BAST forfeited.
|
|win|juancbas1234
|raw|juancbas1234's rating: 1319 &rarr; <strong>1337</strong><br />(+18 for winning)
|raw|TREMBLEB4BAST's rating: 1281 &rarr; <strong>1259</strong><br />(-22 for losing)
|l|☆TREMBLEB4BAST
|player|p2|
|j|☆TREMBLEB4BAST
|player|p2|TREMBLEB4BAST|geeta|
|c|☆TREMBLEB4BAST|Gg
|l|☆juancbas1234
|player|p1|
|l|☆TREMBLEB4BAST
|player|p2|
