|j|☆mtxo
|j|☆daxzz_
|t:|1757845621
|gametype|singles
|player|p1|mtxo|n|1483
|player|p2|daxzz_|shadowtriad|1470
|gen|9
|tier|[Gen 9] OU
|rated|
|rule|HP Percentage Mod: HP is shown in percentages
|rule|Endless Battle Clause: Forcing endless battles is banned
|rule|Species Clause: Limit one of each Pokémon
|rule|OHKO Clause: OHKO moves are banned
|rule|Evasion Items Clause: Evasion items are banned
|rule|Evasion Moves Clause: Evasion moves are banned
|rule|Evasion Abilities Clause: Evasion abilities are banned
|rule|Sleep Moves Clause: Sleep-inducing moves are banned
|clearpoke
|poke|p1|Indeedee, M|
|poke|p1|Hatterene, F|
|poke|p1|Ursaluna, F|
|poke|p1|Iron Hands|
|poke|p1|Hoopa-Unbound|
|poke|p1|Mimikyu, F|
|poke|p2|Iron Leaves|
|poke|p2|Incineroar, F|
|poke|p2|Great Tusk|
|poke|p2|Slowking-Galar, F|
|poke|p2|Dragonite, F|
|poke|p2|Scizor, M|
|teampreview
|inactive|Battle timer is ON: inactive players will automatically lose when time's up. (requested by mtxo)
|
|t:|1757845651
|teamsize|p1|6
|teamsize|p2|6
|start
|switch|p1a: Subaru|Indeedee, M, shiny|100/100
|switch|p2a: Iron Leaves|Iron Leaves|100/100
|-fieldstart|move: Psychic Terrain|[from] ability: Psychic Surge|[of] p1a: Subaru
|-enditem|p2a: Iron Leaves|Booster Energy
|-activate|p2a: Iron Leaves|ability: Quark Drive|[fromitem]
|-start|p2a: Iron Leaves|quarkdrivespe
|turn|1
|inactive|daxzz_ has 120 seconds left.
|
|t:|1757845682
|-end|p2a: Iron Leaves|Quark Drive|[silent]
|switch|p2a: Scizor|Scizor, M|100/100
|move|p1a: Subaru|Trick Room|p1a: Subaru
|-fieldstart|move: Trick Room|[of] p1a: Subaru
|
|upkeep
|turn|2
|inactive|daxzz_ has 120 seconds left.
|
|t:|1757845695
|switch|p2a: Great Tusk|Great Tusk|100/100
|switch|p1a: 5 Nights in TR|Ursaluna, F, shiny|100/100
|
|-status|p1a: 5 Nights in TR|brn|[from] item: Flame Orb
|upkeep
|turn|3
|
|t:|1757845702
|move|p1a: 5 Nights in TR|Facade|p2a: Great Tusk
|-damage|p2a: Great Tusk|19/100
|move|p2a: Great Tusk|Ice Spinner|p1a: 5 Nights in TR
|-supereffective|p1a: 5 Nights in TR
|-damage|p1a: 5 Nights in TR|69/100 brn
|-fieldend|move: Psychic Terrain
|
|-damage|p1a: 5 Nights in TR|63/100 brn|[from] brn
|upkeep
|turn|4
|
|t:|1757845715
|move|p1a: 5 Nights in TR|Facade|p2a: Great Tusk
|-damage|p2a: Great Tusk|0 fnt
|faint|p2a: Great Tusk
|-end|p2a: Great Tusk|Protosynthesis|[silent]
|
|-damage|p1a: 5 Nights in TR|57/100 brn|[from] brn
|upkeep
|inactive|daxzz_ has 120 seconds left.
|inactive|daxzz_ has 90 seconds left.
|
|t:|1757845772
|switch|p2a: Incineroar|Incineroar, F|100/100
|-ability|p2a: Incineroar|Intimidate|boost
|-unboost|p1a: 5 Nights in TR|atk|1
|turn|5
|
|t:|1757845780
|switch|p2a: Dragonite|Dragonite, F|100/100
|move|p1a: 5 Nights in TR|Headlong Rush|p2a: Dragonite
|-immune|p2a: Dragonite
|
|-damage|p1a: 5 Nights in TR|51/100 brn|[from] brn
|-fieldend|move: Trick Room
|upkeep
|turn|6
|
|t:|1757845797
|switch|p2a: Slowking|Slowking-Galar, F|100/100
|move|p1a: 5 Nights in TR|Ice Punch|p2a: Slowking
|-damage|p2a: Slowking|67/100
|
|-damage|p1a: 5 Nights in TR|45/100 brn|[from] brn
|upkeep
|turn|7
|
|t:|1757845802
|move|p1a: 5 Nights in TR|Facade|p2a: Slowking
|-damage|p2a: Slowking|0 fnt
|faint|p2a: Slowking
|
|-damage|p1a: 5 Nights in TR|39/100 brn|[from] brn
|upkeep
|
|t:|1757845805
|switch|p2a: Iron Leaves|Iron Leaves|100/100
|turn|8
|
|t:|1757845814
|switch|p1a: Mimikyu|Mimikyu, F, shiny|100/100
|move|p2a: Iron Leaves|Swords Dance|p2a: Iron Leaves
|-boost|p2a: Iron Leaves|atk|2
|
|upkeep
|turn|9
|
|t:|1757845820
|move|p2a: Iron Leaves|Leaf Blade|p1a: Mimikyu
|-activate|p1a: Mimikyu|ability: Disguise
|-damage|p1a: Mimikyu|100/100
|detailschange|p1a: Mimikyu|Mimikyu-Busted, F, shiny
|-damage|p1a: Mimikyu|88/100|[from] pokemon: Mimikyu-Busted
|-enditem|p1a: Mimikyu|Red Card|[of] p2a: Iron Leaves
|-end|p2a: Iron Leaves|Quark Drive|[silent]
|drag|p2a: Scizor|Scizor, M|100/100
|move|p1a: Mimikyu|Trick Room|p1a: Mimikyu
|-fieldstart|move: Trick Room|[of] p1a: Mimikyu
|
|upkeep
|turn|10
|
|t:|1757845833
|switch|p2a: Incineroar|Incineroar, F|100/100
|-ability|p2a: Incineroar|Intimidate|boost
|-unboost|p1a: Mimikyu|atk|1
|move|p1a: Mimikyu|Curse|p2a: Incineroar
|-start|p2a: Incineroar|Curse|[of] p1a: Mimikyu
|-damage|p1a: Mimikyu|38/100
|
|-damage|p2a: Incineroar|76/100|[from] Curse
|upkeep
|turn|11
|
|t:|1757845842
|move|p2a: Incineroar|Parting Shot|p1a: Mimikyu
|-unboost|p1a: Mimikyu|atk|1
|-unboost|p1a: Mimikyu|spa|1
|
|t:|1757845847
|switch|p2a: Scizor|Scizor, M|100/100|[from] Parting Shot
|move|p1a: Mimikyu|Destiny Bond|p1a: Mimikyu
|-singlemove|p1a: Mimikyu|Destiny Bond
|
|upkeep
|turn|12
|
|t:|1757845852
|switch|p2a: Incineroar|Incineroar, F|76/100
|-ability|p2a: Incineroar|Intimidate|boost
|-unboost|p1a: Mimikyu|atk|1
|move|p1a: Mimikyu|Trick Room|p1a: Mimikyu
|-fieldend|move: Trick Room
|
|upkeep
|turn|13
|inactive|daxzz_ has 120 seconds left.
|
|t:|1757845861
|move|p1a: Mimikyu|Destiny Bond|p1a: Mimikyu
|-singlemove|p1a: Mimikyu|Destiny Bond
|move|p2a: Incineroar|Flare Blitz|p1a: Mimikyu
|-damage|p1a: Mimikyu|0 fnt
|faint|p1a: Mimikyu
|-activate|p1a: Mimikyu|move: Destiny Bond
|faint|p2a: Incineroar
|
|upkeep
|inactive|daxzz_ has 120 seconds left.
|
|t:|1757845867
|switch|p1a: Subaru|Indeedee, M, shiny|100/100
|switch|p2a: Iron Leaves|Iron Leaves|100/100
|-fieldstart|move: Psychic Terrain|[from] ability: Psychic Surge|[of] p1a: Subaru
|turn|14
|
|t:|1757845875
|-end|p2a: Iron Leaves|Quark Drive|[silent]
|switch|p2a: Scizor|Scizor, M|100/100
|move|p1a: Subaru|Trick Room|p1a: Subaru
|-fieldstart|move: Trick Room|[of] p1a: Subaru
|
|upkeep
|turn|15
|
|t:|1757845882
|switch|p2a: Dragonite|Dragonite, F|100/100
|move|p1a: Subaru|Expanding Force|p2a: Dragonite
|-damage|p2a: Dragonite|76/100
|
|upkeep
|turn|16
|
|t:|1757845885
|move|p2a: Dragonite|Roost|p2a: Dragonite
|-heal|p2a: Dragonite|100/100
|-singleturn|p2a: Dragonite|move: Roost
|move|p1a: Subaru|Expanding Force|p2a: Dragonite
|-damage|p2a: Dragonite|76/100
|
|upkeep
|turn|17
|
|t:|1757845892
|move|p1a: Subaru|Encore|p2a: Dragonite
|-start|p2a: Dragonite|Encore
|move|p2a: Dragonite|Roost|p2a: Dragonite
|-heal|p2a: Dragonite|100/100
|-singleturn|p2a: Dragonite|move: Roost
|
|upkeep
|turn|18
|
|t:|1757845899
|switch|p2a: Scizor|Scizor, M|100/100
|switch|p1a: Satella|Hatterene, F, shiny|100/100
|
|-fieldend|move: Trick Room
|upkeep
|turn|19
|
|t:|1757845906
|move|p2a: Scizor|Knock Off|p1a: Satella
|-damage|p1a: Satella|43/100
|-enditem|p1a: Satella|Life Orb|[from] move: Knock Off|[of] p2a: Scizor
|move|p1a: Satella|Trick Room|p1a: Satella
|-fieldstart|move: Trick Room|[of] p1a: Satella
|
|upkeep
|turn|20
|
|t:|1757845922
|switch|p2a: Dragonite|Dragonite, F|100/100
|move|p1a: Satella|Mystical Fire|p2a: Dragonite
|-resisted|p2a: Dragonite
|-damage|p2a: Dragonite|95/100
|-unboost|p2a: Dragonite|spa|1
|
|upkeep
|turn|21
|
|t:|1757845928
|move|p1a: Satella|Draining Kiss|p2a: Dragonite
|-supereffective|p2a: Dragonite
|-damage|p2a: Dragonite|39/100
|-heal|p1a: Satella|94/100|[from] drain|[of] p2a: Dragonite
|move|p2a: Dragonite|Roost|p2a: Dragonite
|-heal|p2a: Dragonite|89/100
|-singleturn|p2a: Dragonite|move: Roost
|
|-fieldend|move: Psychic Terrain
|upkeep
|turn|22
|
|t:|1757845938
|move|p1a: Satella|Draining Kiss|p2a: Dragonite
|-supereffective|p2a: Dragonite
|-damage|p2a: Dragonite|34/100
|-heal|p1a: Satella|100/100|[from] drain|[of] p2a: Dragonite
|move|p2a: Dragonite|Roost|p2a: Dragonite
|-heal|p2a: Dragonite|84/100
|-singleturn|p2a: Dragonite|move: Roost
|
|upkeep
|turn|23
|
|t:|1757845950
|switch|p2a: Scizor|Scizor, M|100/100
|move|p1a: Satella|Draining Kiss|p2a: Scizor
|-resisted|p2a: Scizor
|-damage|p2a: Scizor|82/100
|
|-fieldend|move: Trick Room
|upkeep
|turn|24
|
|t:|1757845958
|-terastallize|p2a: Scizor|Steel
|move|p2a: Scizor|Bullet Punch|p1a: Satella
|-supereffective|p1a: Satella
|-damage|p1a: Satella|0 fnt
|faint|p1a: Satella
|
|upkeep
|
|t:|1757845964
|switch|p1a: Subaru|Indeedee, M, shiny|100/100
|-fieldstart|move: Psychic Terrain|[from] ability: Psychic Surge|[of] p1a: Subaru
|turn|25
|
|t:|1757845969
|switch|p2a: Dragonite|Dragonite, F|84/100
|move|p1a: Subaru|Trick Room|p1a: Subaru
|-fieldstart|move: Trick Room|[of] p1a: Subaru
|
|upkeep
|turn|26
|
|t:|1757845984
|switch|p1a: 5 Nights in TR|Ursaluna, F, shiny|39/100 brn
|move|p2a: Dragonite|Dragon Tail|p1a: 5 Nights in TR
|-damage|p1a: 5 Nights in TR|13/100 brn
|drag|p1a: King Von|Hoopa-Unbound|100/100
|-enditem|p1a: King Von|Psychic Seed
|-boost|p1a: King Von|spd|1|[from] item: Psychic Seed
|
|upkeep
|turn|27
|
|t:|1757845995
|move|p1a: King Von|Expanding Force|p2a: Dragonite
|-damage|p2a: Dragonite|0 fnt
|faint|p2a: Dragonite
|-item|p1a: King Von|Heavy-Duty Boots|[from] ability: Magician|[of] p2: Dragonite
|
|upkeep
|
|t:|1757846003
|switch|p2a: Scizor|Scizor, M, tera:Steel|82/100
|turn|28
|
|t:|1757846009
|move|p1a: King Von|Expanding Force|p2a: Scizor
|-resisted|p2a: Scizor
|-damage|p2a: Scizor|16/100
|move|p2a: Scizor|U-turn|p1a: King Von
|-supereffective|p1a: King Von
|-damage|p1a: King Von|0 fnt
|faint|p1a: King Von
|
|t:|1757846020
|switch|p2a: Iron Leaves|Iron Leaves|100/100|[from] U-turn
|
|upkeep
|
|t:|1757846023
|switch|p1a: 5 Nights in TR|Ursaluna, F, shiny|13/100 brn
|turn|29
|
|t:|1757846026
|-end|p2a: Iron Leaves|Quark Drive|[silent]
|switch|p2a: Scizor|Scizor, M, tera:Steel|16/100
|move|p1a: 5 Nights in TR|Facade|p2a: Scizor
|-resisted|p2a: Scizor
|-damage|p2a: Scizor|0 fnt
|faint|p2a: Scizor
|
|-damage|p1a: 5 Nights in TR|7/100 brn|[from] brn
|-fieldend|move: Trick Room
|upkeep
|
|t:|1757846029
|switch|p2a: Iron Leaves|Iron Leaves|100/100
|turn|30
|
|t:|1757846035
|switch|p1a: LEBRON|Iron Hands|100/100
|-enditem|p1a: LEBRON|Booster Energy
|-activate|p1a: LEBRON|ability: Quark Drive|[fromitem]
|-start|p1a: LEBRON|quarkdriveatk
|move|p2a: Iron Leaves|Swords Dance|p2a: Iron Leaves
|-boost|p2a: Iron Leaves|atk|2
|
|upkeep
|turn|31
|c|☆mtxo|wp
|
|t:|1757846051
|move|p2a: Iron Leaves|Psyblade|p1a: LEBRON
|-supereffective|p1a: LEBRON
|-damage|p1a: LEBRON|0 fnt
|faint|p1a: LEBRON
|-end|p1a: LEBRON|Quark Drive|[silent]
|
|upkeep
|
|t:|1757846053
|switch|p1a: Subaru|Indeedee, M, shiny|100/100
|turn|32
|
|t:|1757846057
|move|p2a: Iron Leaves|Leaf Blade|p1a: Subaru
|-damage|p1a: Subaru|3/100
|move|p1a: Subaru|Trick Room|p1a: Subaru
|-fieldstart|move: Trick Room|[of] p1a: Subaru
|
|-fieldend|move: Psychic Terrain
|upkeep
|turn|33
|
|t:|1757846065
|move|p1a: Subaru|Healing Wish|p1a: Subaru
|faint|p1a: Subaru
|move|p2a: Iron Leaves|Leaf Blade|p1: Subaru|[notarget]
|-fail|p2a: Iron Leaves
|
|upkeep
|
|t:|1757846067
|switch|p1a: 5 Nights in TR|Ursaluna, F, shiny|7/100 brn
|-heal|p1a: 5 Nights in TR|100/100|[from] move: Healing Wish
|turn|34
|c|☆daxzz_|gg
|
|t:|1757846074
|-terastallize|p1a: 5 Nights in TR|Normal
|move|p1a: 5 Nights in TR|Facade|p2a: Iron Leaves
|-damage|p2a: Iron Leaves|38/100
|move|p2a: Iron Leaves|Leaf Blade|p1a: 5 Nights in TR
|-crit|p1a: 5 Nights in TR
|-damage|p1a: 5 Nights in TR|10/100
|
|-status|p1a: 5 Nights in TR|brn|[from] item: Flame Orb
|upkeep
|turn|35
|
|t:|1757846081
|move|p1a: 5 Nights in TR|Facade|p2a: Iron Leaves
|-damage|p2a: Iron Leaves|0 fnt
|faint|p2a: Iron Leaves
|-end|p2a: Iron Leaves|Quark Drive|[silent]
|
|win|mtxo
|raw|mtxo's rating: 1461 &rarr; <strong>1482</strong><br />(+21 for winning)
|raw|daxzz_'s rating: 1470 &rarr; <strong>1449</strong><br />(-21 for losing)
|c|☆mtxo|gg
|l|☆mtxo
|player|p1|
|l|☆daxzz_
|player|p2|
