|inactive|Battle timer is ON: inactive players will automatically lose when time's up.
|t:|1757814311
|gametype|singles
|player|p1|DCA|#scl5islanders|
|player|p2|JJ09LIE|#scl5platoon2|
|gen|9
|tier|[Gen 9] OU
|rule|HP Percentage Mod: HP is shown in percentages
|rule|Endless Battle Clause: Forcing endless battles is banned
|rule|Species Clause: Limit one of each Pokémon
|rule|OHKO Clause: OHKO moves are banned
|rule|Evasion Items Clause: Evasion items are banned
|rule|Evasion Moves Clause: Evasion moves are banned
|rule|Evasion Abilities Clause: Evasion abilities are banned
|rule|Sleep Moves Clause: Sleep-inducing moves are banned
|clearpoke
|poke|p1|Kyurem|
|poke|p1|Cinderace, F|
|poke|p1|Landorus-Therian, M|
|poke|p1|Kingambit, M|
|poke|p1|Primarina, M|
|poke|p1|Zamazenta-*|
|poke|p2|Cinderace, M|
|poke|p2|Iron Valiant|
|poke|p2|Great Tusk|
|poke|p2|Kingambit, F|
|poke|p2|Dragapult, M|
|poke|p2|Kyurem|
|teampreview
|inactive|DCA has 270 seconds left.
|inactive|JJ09LIE has 270 seconds left.
|inactive|DCA has 240 seconds left.
|inactive|JJ09LIE has 240 seconds left.
|inactive|DCA has 210 seconds left.
|inactive|JJ09LIE has 210 seconds left.
|inactive|JJ09LIE has 180 seconds left.
|
|t:|1757814443
|teamsize|p1|6
|teamsize|p2|6
|start
|switch|p1a: WHOPPER|Cinderace, F|100/100
|switch|p2a: Cinderace|Cinderace, M|100/100
|turn|1
|inactive|DCA has 270 seconds left.
|
|t:|1757814462
|move|p2a: Cinderace|Gunk Shot|p1a: WHOPPER
|-start|p2a: Cinderace|typechange|Poison|[from] ability: Libero
|-damage|p1a: WHOPPER|13/100
|-status|p1a: WHOPPER|psn
|move|p1a: WHOPPER|Pyro Ball|p2a: Cinderace
|-damage|p2a: Cinderace|22/100
|
|-damage|p1a: WHOPPER|0 fnt|[from] psn
|faint|p1a: WHOPPER
|upkeep
|inactive|DCA has 240 seconds left.
|
|t:|1757814500
|switch|p1a: SHACKBURGER|Zamazenta|100/100
|-ability|p1a: SHACKBURGER|Dauntless Shield|boost
|-boost|p1a: SHACKBURGER|def|1
|turn|2
|inactive|DCA has 240 seconds left.
|inactive|JJ09LIE has 240 seconds left.
|
|t:|1757814530
|switch|p2a: Dragapult|Dragapult, M|100/100
|move|p1a: SHACKBURGER|Heavy Slam|p2a: Dragapult
|-damage|p2a: Dragapult|35/100
|-damage|p1a: SHACKBURGER|91/100|[from] item: Life Orb
|
|upkeep
|turn|3
|inactive|DCA has 240 seconds left.
|inactive|JJ09LIE has 210 seconds left.
|inactive|DCA has 210 seconds left.
|
|t:|1757814595
|move|p2a: Dragapult|U-turn|p1a: SHACKBURGER
|-resisted|p1a: SHACKBURGER
|-damage|p1a: SHACKBURGER|85/100
|
|t:|1757814598
|switch|p2a: Great Tusk|Great Tusk|100/100|[from] U-turn
|move|p1a: SHACKBURGER|Crunch|p2a: Great Tusk
|-resisted|p2a: Great Tusk
|-damage|p2a: Great Tusk|88/100
|-damage|p1a: SHACKBURGER|68/100|[from] item: Rocky Helmet|[of] p2a: Great Tusk
|-damage|p1a: SHACKBURGER|59/100|[from] item: Life Orb
|
|upkeep
|turn|4
|inactive|DCA has 180 seconds left.
|inactive|JJ09LIE has 180 seconds left.
|
|t:|1757814630
|switch|p1a: BIG MAC|Kyurem|100/100
|-ability|p1a: BIG MAC|Pressure
|move|p2a: Great Tusk|Stealth Rock|p1a: BIG MAC
|-sidestart|p1: DCA|move: Stealth Rock
|
|upkeep
|turn|5
|inactive|JJ09LIE has 180 seconds left.
|
|t:|1757814658
|-end|p2a: Great Tusk|Protosynthesis|[silent]
|switch|p2a: Kyurem|Kyurem|100/100
|-ability|p2a: Kyurem|Pressure
|move|p1a: BIG MAC|Ice Beam|p2a: Kyurem
|-damage|p2a: Kyurem|74/100
|
|upkeep
|turn|6
|
|t:|1757814667
|move|p2a: Kyurem|Draco Meteor|p1a: BIG MAC
|-supereffective|p1a: BIG MAC
|-damage|p1a: BIG MAC|20/100
|-unboost|p2a: Kyurem|spa|2
|move|p1a: BIG MAC|Ancient Power|p2a: Kyurem
|-supereffective|p2a: Kyurem
|-damage|p2a: Kyurem|49/100
|
|upkeep
|turn|7
|inactive|DCA has 150 seconds left.
|inactive|JJ09LIE has 150 seconds left.
|
|t:|1757814696
|move|p2a: Kyurem|Draco Meteor|p1a: BIG MAC
|-supereffective|p1a: BIG MAC
|-damage|p1a: BIG MAC|0 fnt
|-unboost|p2a: Kyurem|spa|2
|faint|p1a: BIG MAC
|
|upkeep
|inactive|DCA has 150 seconds left.
|
|t:|1757814708
|switch|p1a: SHACKBURGER|Zamazenta|59/100
|-damage|p1a: SHACKBURGER|52/100|[from] Stealth Rock
|turn|8
|inactive|DCA has 150 seconds left.
|inactive|JJ09LIE has 150 seconds left.
|inactive|DCA has 120 seconds left.
|
|t:|1757814764
|move|p1a: SHACKBURGER|Close Combat|p2a: Kyurem
|-supereffective|p2a: Kyurem
|-damage|p2a: Kyurem|0 fnt
|-unboost|p1a: SHACKBURGER|def|1
|-unboost|p1a: SHACKBURGER|spd|1
|faint|p2a: Kyurem
|-damage|p1a: SHACKBURGER|43/100|[from] item: Life Orb
|
|upkeep
|
|t:|1757814771
|switch|p2a: Dragapult|Dragapult, M|35/100
|turn|9
|inactive|DCA has 90 seconds left.
|inactive|DCA has 60 seconds left.
|
|t:|1757814839
|move|p2a: Dragapult|Shadow Ball|p1a: SHACKBURGER
|-damage|p1a: SHACKBURGER|0 fnt
|faint|p1a: SHACKBURGER
|
|upkeep
|
|t:|1757814845
|switch|p1a: DOUBLE DOUBLE|Kingambit, M|100/100
|-damage|p1a: DOUBLE DOUBLE|94/100|[from] Stealth Rock
|-activate|p1a: DOUBLE DOUBLE|ability: Supreme Overlord
|-start|p1a: DOUBLE DOUBLE|fallen3|[silent]
|turn|10
|
|t:|1757814868
|move|p2a: Dragapult|Shadow Ball|p1a: DOUBLE DOUBLE
|-resisted|p1a: DOUBLE DOUBLE
|-damage|p1a: DOUBLE DOUBLE|68/100
|move|p1a: DOUBLE DOUBLE|Swords Dance|p1a: DOUBLE DOUBLE
|-boost|p1a: DOUBLE DOUBLE|atk|2
|
|-heal|p1a: DOUBLE DOUBLE|74/100|[from] item: Leftovers
|upkeep
|turn|11
|c|+AshKetchumsPikachu|in n out burger
|c|+AshKetchumsPikachu|my goat
|rated|Smogon Champions League
|inactive|DCA has 30 seconds left.
|
|t:|1757814893
|move|p1a: DOUBLE DOUBLE|Sucker Punch|p2a: Dragapult
|-supereffective|p2a: Dragapult
|-damage|p2a: Dragapult|0 fnt
|faint|p2a: Dragapult
|
|-heal|p1a: DOUBLE DOUBLE|80/100|[from] item: Leftovers
|upkeep
|
|t:|1757814917
|switch|p2a: Kingambit|Kingambit, F|100/100
|-activate|p2a: Kingambit|ability: Supreme Overlord
|-start|p2a: Kingambit|fallen2|[silent]
|-item|p2a: Kingambit|Air Balloon
|turn|12
|inactive|DCA has 30 seconds left.
|inactive|DCA has 20 seconds left.
|inactive|DCA has 15 seconds left.
|
|t:|1757814948
|-terastallize|p1a: DOUBLE DOUBLE|Fairy
|move|p2a: Kingambit|Low Kick|p1a: DOUBLE DOUBLE
|-resisted|p1a: DOUBLE DOUBLE
|-damage|p1a: DOUBLE DOUBLE|64/100
|move|p1a: DOUBLE DOUBLE|Tera Blast|p2a: Kingambit|[anim] Tera Blast Fairy
|-damage|p2a: Kingambit|0 fnt
|-enditem|p2a: Kingambit|Air Balloon
|faint|p2a: Kingambit
|-end|p2a: Kingambit|fallen2|[silent]
|
|-heal|p1a: DOUBLE DOUBLE|70/100|[from] item: Leftovers
|upkeep
|inactive|JJ09LIE has 150 seconds left.
|inactive|JJ09LIE has 120 seconds left.
|inactive|JJ09LIE has 90 seconds left.
|inactive|JJ09LIE has 60 seconds left.
|inactive|JJ09LIE has 30 seconds left.
|inactive|JJ09LIE has 20 seconds left.
|
|t:|1757815098
|switch|p2a: Iron Valiant|Iron Valiant|100/100
|turn|13
|inactive|DCA has 30 seconds left this turn.
|inactive|JJ09LIE has 30 seconds left this turn.
|
|t:|1757815108
|move|p2a: Iron Valiant|Moonblast|p1a: DOUBLE DOUBLE
|-damage|p1a: DOUBLE DOUBLE|25/100
|move|p1a: DOUBLE DOUBLE|Tera Blast|p2a: Iron Valiant|[anim] Tera Blast Fairy
|-supereffective|p2a: Iron Valiant
|-damage|p2a: Iron Valiant|0 fnt
|faint|p2a: Iron Valiant
|-end|p2a: Iron Valiant|Quark Drive|[silent]
|
|-heal|p1a: DOUBLE DOUBLE|31/100|[from] item: Leftovers
|upkeep
|inactive|JJ09LIE has 30 seconds left this turn.
|
|t:|1757815112
|switch|p2a: Great Tusk|Great Tusk|88/100
|turn|14
|inactive|DCA has 30 seconds left.
|inactive|DCA has 20 seconds left.
|
|t:|1757815134
|move|p1a: DOUBLE DOUBLE|Sucker Punch|p2a: Great Tusk
|-resisted|p2a: Great Tusk
|-damage|p2a: Great Tusk|46/100
|-damage|p1a: DOUBLE DOUBLE|15/100|[from] item: Rocky Helmet|[of] p2a: Great Tusk
|move|p2a: Great Tusk|Headlong Rush|p1a: DOUBLE DOUBLE
|-damage|p1a: DOUBLE DOUBLE|0 fnt
|-unboost|p2a: Great Tusk|def|1
|-unboost|p2a: Great Tusk|spd|1
|faint|p1a: DOUBLE DOUBLE
|-end|p1a: DOUBLE DOUBLE|fallen3|[silent]
|
|upkeep
|inactive|DCA has 25 seconds left this turn.
|inactive|DCA has 20 seconds left.
|
|t:|1757815140
|switch|p1a: CHICKEN BURGER|Landorus-Therian, M|100/100
|-damage|p1a: CHICKEN BURGER|88/100|[from] Stealth Rock
|-ability|p1a: CHICKEN BURGER|Intimidate|boost
|-unboost|p2a: Great Tusk|atk|1
|turn|15
|inactive|DCA has 30 seconds left this turn.
|
|t:|1757815154
|-terastallize|p2a: Great Tusk|Ice
|move|p1a: CHICKEN BURGER|Earth Power|p2a: Great Tusk
|-damage|p2a: Great Tusk|0 fnt
|faint|p2a: Great Tusk
|-end|p2a: Great Tusk|Protosynthesis|[silent]
|
|upkeep
|
|t:|1757815158
|switch|p2a: Cinderace|Cinderace, M|22/100
|turn|16
|
|t:|1757815164
|switch|p1a: BACONATOR|Primarina, M|100/100
|-damage|p1a: BACONATOR|88/100|[from] Stealth Rock
|move|p2a: Cinderace|Pyro Ball|p1a: BACONATOR
|-resisted|p1a: BACONATOR
|-damage|p1a: BACONATOR|44/100
|
|upkeep
|turn|17
|inactive|JJ09LIE has 60 seconds left.
|
|t:|1757815169
|move|p2a: Cinderace|Pyro Ball|p1a: BACONATOR
|-resisted|p1a: BACONATOR
|-damage|p1a: BACONATOR|0 fnt
|faint|p1a: BACONATOR
|
|upkeep
|
|t:|1757815171
|switch|p1a: CHICKEN BURGER|Landorus-Therian, M|88/100
|-damage|p1a: CHICKEN BURGER|76/100|[from] Stealth Rock
|-ability|p1a: CHICKEN BURGER|Intimidate|boost
|-unboost|p2a: Cinderace|atk|1
|turn|18
|
|t:|1757815173
|move|p2a: Cinderace|Pyro Ball|p1a: CHICKEN BURGER
|-damage|p1a: CHICKEN BURGER|39/100
|move|p1a: CHICKEN BURGER|Earth Power|p2a: Cinderace
|-supereffective|p2a: Cinderace
|-damage|p2a: Cinderace|0 fnt
|faint|p2a: Cinderace
|
|win|DCA
|c|☆DCA|gg
|c|☆JJ09LIE|gg
|player|p2|
|player|p2|JJ09LIE|#scl5platoon2|
|player|p2|
