|j|☆Drsilversoul
|j|☆slugger_6703
|t:|1757825134
|gametype|singles
|player|p1|Drsilversoul|ghetsis|1131
|player|p2|slugger_6703|nate|1185
|gen|9
|tier|[Gen 9] OU
|rated|
|rule|HP Percentage Mod: HP is shown in percentages
|rule|Endless Battle Clause: Forcing endless battles is banned
|rule|Species Clause: Limit one of each Pokémon
|rule|OHKO Clause: OHKO moves are banned
|rule|Evasion Items Clause: Evasion items are banned
|rule|Evasion Moves Clause: Evasion moves are banned
|rule|Evasion Abilities Clause: Evasion abilities are banned
|rule|Sleep Moves Clause: Sleep-inducing moves are banned
|clearpoke
|poke|p1|Kommo-o, M|
|poke|p1|Araquanid, M|
|poke|p1|Weezing-Galar, M|
|poke|p1|Clefable, F|
|poke|p1|Pelipper, F|
|poke|p1|Kingambit, M|
|poke|p2|Pelipper, F|
|poke|p2|Barraskewda, M|
|poke|p2|Zapdos|
|poke|p2|Iron Treads|
|poke|p2|Ogerpon-Wellspring, F|
|poke|p2|Kingdra, M|
|teampreview
|inactive|Battle timer is ON: inactive players will automatically lose when time's up. (requested by Drsilversoul)
|
|t:|1757825144
|teamsize|p1|6
|teamsize|p2|6
|start
|switch|p1a: Kommo-o|Kommo-o, M, shiny|100/100
|switch|p2a: Zapdos|Zapdos|100/100
|turn|1
|
|t:|1757825149
|-terastallize|p1a: Kommo-o|Fairy
|move|p2a: Zapdos|Hurricane|p1a: Kommo-o
|-damage|p1a: Kommo-o|36/100
|move|p1a: Kommo-o|Clangorous Soul|p1a: Kommo-o
|-boost|p1a: Kommo-o|atk|1
|-boost|p1a: Kommo-o|def|1
|-boost|p1a: Kommo-o|spa|1
|-boost|p1a: Kommo-o|spd|1
|-boost|p1a: Kommo-o|spe|1
|-damage|p1a: Kommo-o|3/100
|-enditem|p1a: Kommo-o|Throat Spray
|-boost|p1a: Kommo-o|spa|1|[from] item: Throat Spray
|
|upkeep
|turn|2
|inactive|slugger_6703 has 120 seconds left.
|
|t:|1757825197
|switch|p2a: Iron Treads|Iron Treads|100/100
|-enditem|p2a: Iron Treads|Booster Energy
|-activate|p2a: Iron Treads|ability: Quark Drive|[fromitem]
|-start|p2a: Iron Treads|quarkdrivespe
|move|p1a: Kommo-o|Drain Punch|p2a: Iron Treads
|-supereffective|p2a: Iron Treads
|-damage|p2a: Iron Treads|0 fnt
|-heal|p1a: Kommo-o|58/100|[from] drain|[of] p2a: Iron Treads
|faint|p2a: Iron Treads
|-end|p2a: Iron Treads|Quark Drive|[silent]
|
|upkeep
|
|t:|1757825213
|switch|p2a: Pelipper|Pelipper, F|100/100
|-weather|RainDance|[from] ability: Drizzle|[of] p2a: Pelipper
|turn|3
|
|t:|1757825223
|move|p1a: Kommo-o|Dragon Dance|p1a: Kommo-o
|-boost|p1a: Kommo-o|atk|1
|-boost|p1a: Kommo-o|spe|1
|move|p2a: Pelipper|Hurricane|p1a: Kommo-o
|-damage|p1a: Kommo-o|31/100
|
|-weather|RainDance|[upkeep]
|upkeep
|turn|4
|inactive|slugger_6703 has 90 seconds left.
|
|t:|1757825255
|move|p1a: Kommo-o|Drain Punch|p2a: Pelipper
|-resisted|p2a: Pelipper
|-damage|p2a: Pelipper|72/100
|-heal|p1a: Kommo-o|47/100|[from] drain|[of] p2a: Pelipper
|move|p2a: Pelipper|Hurricane|p1a: Kommo-o
|-damage|p1a: Kommo-o|19/100
|-start|p1a: Kommo-o|confusion
|
|-weather|RainDance|[upkeep]
|upkeep
|turn|5
|
|t:|1757825278
|-activate|p1a: Kommo-o|confusion
|move|p1a: Kommo-o|Drain Punch|p2a: Pelipper
|-resisted|p2a: Pelipper
|-damage|p2a: Pelipper|44/100
|-heal|p1a: Kommo-o|35/100|[from] drain|[of] p2a: Pelipper
|move|p2a: Pelipper|Hurricane|p1a: Kommo-o
|-damage|p1a: Kommo-o|8/100
|
|-weather|RainDance|[upkeep]
|upkeep
|turn|6
|
|t:|1757825285
|-end|p1a: Kommo-o|confusion
|move|p1a: Kommo-o|Drain Punch|p2a: Pelipper
|-resisted|p2a: Pelipper
|-damage|p2a: Pelipper|16/100
|-heal|p1a: Kommo-o|24/100|[from] drain|[of] p2a: Pelipper
|move|p2a: Pelipper|Roost|p2a: Pelipper
|-heal|p2a: Pelipper|66/100
|-singleturn|p2a: Pelipper|move: Roost
|
|-weather|RainDance|[upkeep]
|upkeep
|turn|7
|inactive|slugger_6703 has 60 seconds left.
|
|t:|1757825307
|move|p1a: Kommo-o|Drain Punch|p2a: Pelipper
|-resisted|p2a: Pelipper
|-damage|p2a: Pelipper|36/100
|-heal|p1a: Kommo-o|41/100|[from] drain|[of] p2a: Pelipper
|move|p2a: Pelipper|U-turn|p1a: Kommo-o
|-resisted|p1a: Kommo-o
|-damage|p1a: Kommo-o|38/100
|inactive|slugger_6703 has 60 seconds left.
|
|t:|1757825314
|switch|p2a: Barraskewda|Barraskewda, M|100/100|[from] U-turn
|
|-weather|RainDance|[upkeep]
|upkeep
|turn|8
|
|t:|1757825317
|move|p2a: Barraskewda|Poison Jab|p1a: Kommo-o
|-supereffective|p1a: Kommo-o
|-damage|p1a: Kommo-o|0 fnt
|faint|p1a: Kommo-o
|
|-weather|RainDance|[upkeep]
|upkeep
|
|t:|1757825325
|switch|p1a: Araquanid|Araquanid, M|100/100
|turn|9
|
|t:|1757825346
|move|p2a: Barraskewda|Poison Jab|p1a: Araquanid
|-damage|p1a: Araquanid|67/100
|move|p1a: Araquanid|Sticky Web|p2a: Barraskewda
|-sidestart|p2: slugger_6703|move: Sticky Web
|
|-weather|RainDance|[upkeep]
|upkeep
|turn|10
|inactive|slugger_6703 has 60 seconds left.
|
|t:|1757825362
|switch|p2a: Zapdos|Zapdos|100/100
|move|p1a: Araquanid|Giga Drain|p2a: Zapdos
|-resisted|p2a: Zapdos
|-damage|p2a: Zapdos|97/100
|-heal|p1a: Araquanid|69/100|[from] drain|[of] p2a: Zapdos
|
|-weather|none
|upkeep
|turn|11
|
|t:|1757825373
|switch|p1a: Clefable|Clefable, F|100/100
|move|p2a: Zapdos|Volt Switch|p1a: Clefable
|-damage|p1a: Clefable|68/100
|
|t:|1757825378
|switch|p2a: Pelipper|Pelipper, F|36/100|[from] Volt Switch
|-weather|RainDance|[from] ability: Drizzle|[of] p2a: Pelipper
|
|-weather|RainDance|[upkeep]
|upkeep
|turn|12
|
|t:|1757825386
|move|p1a: Clefable|Thunderbolt|p2a: Pelipper
|-supereffective|p2a: Pelipper
|-damage|p2a: Pelipper|0 fnt
|faint|p2a: Pelipper
|
|-weather|RainDance|[upkeep]
|upkeep
|
|t:|1757825389
|switch|p2a: Barraskewda|Barraskewda, M|100/100
|-activate|p2a: Barraskewda|move: Sticky Web
|-unboost|p2a: Barraskewda|spe|1
|turn|13
|
|t:|1757825393
|switch|p1a: Kingambit|Kingambit, M|100/100
|-activate|p1a: Kingambit|ability: Supreme Overlord
|-start|p1a: Kingambit|fallen1|[silent]
|move|p2a: Barraskewda|Poison Jab|p1a: Kingambit
|-immune|p1a: Kingambit
|
|-weather|RainDance|[upkeep]
|upkeep
|turn|14
|
|t:|1757825397
|move|p2a: Barraskewda|Close Combat|p1a: Kingambit
|-supereffective|p1a: Kingambit
|-damage|p1a: Kingambit|0 fnt
|-unboost|p2a: Barraskewda|def|1
|-unboost|p2a: Barraskewda|spd|1
|faint|p1a: Kingambit
|-end|p1a: Kingambit|fallen1|[silent]
|
|-weather|RainDance|[upkeep]
|upkeep
|
|t:|1757825401
|switch|p1a: Pelipper|Pelipper, F|100/100
|turn|15
|
|t:|1757825419
|move|p2a: Barraskewda|Flip Turn|p1a: Pelipper
|-resisted|p1a: Pelipper
|-damage|p1a: Pelipper|67/100
|
|t:|1757825422
|switch|p2a: Zapdos|Zapdos|97/100|[from] Flip Turn
|move|p1a: Pelipper|Tailwind|p1a: Pelipper
|-sidestart|p1: Drsilversoul|move: Tailwind
|
|-weather|RainDance|[upkeep]
|upkeep
|turn|16
|
|t:|1757825428
|move|p1a: Pelipper|Hurricane|p2a: Zapdos
|-resisted|p2a: Zapdos
|-damage|p2a: Zapdos|77/100
|move|p2a: Zapdos|Thunder|p1a: Pelipper
|-supereffective|p1a: Pelipper
|-damage|p1a: Pelipper|0 fnt
|faint|p1a: Pelipper
|
|-weather|RainDance|[upkeep]
|upkeep
|
|t:|1757825431
|switch|p1a: Clefable|Clefable, F|68/100
|turn|17
|inactive|slugger_6703 has 120 seconds left.
|
|t:|1757825438
|move|p2a: Zapdos|Thunder|p1a: Clefable
|-damage|p1a: Clefable|19/100
|move|p1a: Clefable|Ice Beam|p2a: Zapdos
|-supereffective|p2a: Zapdos
|-damage|p2a: Zapdos|27/100
|-status|p2a: Zapdos|frz
|
|-weather|RainDance|[upkeep]
|upkeep
|turn|18
|
|t:|1757825445
|-curestatus|p2a: Zapdos|frz|[msg]
|move|p2a: Zapdos|Hurricane|p1a: Clefable
|-damage|p1a: Clefable|0 fnt
|faint|p1a: Clefable
|
|-weather|none
|-sideend|p1: Drsilversoul|move: Tailwind
|upkeep
|c|☆slugger_6703|lol
|
|t:|1757825452
|switch|p1a: Weezing|Weezing-Galar, M|100/100
|turn|19
|inactive|slugger_6703 has 120 seconds left.
|-message|Drsilversoul forfeited.
|
|win|slugger_6703
|raw|Drsilversoul's rating: 1131 &rarr; <strong>1110</strong><br />(-21 for losing)
|raw|slugger_6703's rating: 1185 &rarr; <strong>1206</strong><br />(+21 for winning)
|l|☆Drsilversoul
|player|p1|
|l|☆slugger_6703
|player|p2|
