|inactive|Battle timer is ON: inactive players will automatically lose when time's up.
|t:|1757869456
|gametype|singles
|player|p1|leng loi|#splxviclassiest2|
|player|p2|SupaGmoney|#wcop2024ussouth|
|gen|9
|tier|[Gen 9] OU
|rule|HP Percentage Mod: HP is shown in percentages
|rule|Endless Battle Clause: Forcing endless battles is banned
|rule|Species Clause: Limit one of each Pokémon
|rule|OHKO Clause: OHKO moves are banned
|rule|Evasion Items Clause: Evasion items are banned
|rule|Evasion Moves Clause: Evasion moves are banned
|rule|Evasion Abilities Clause: Evasion abilities are banned
|rule|Sleep Moves Clause: Sleep-inducing moves are banned
|clearpoke
|poke|p1|Ting-Lu|
|poke|p1|Tornadus-Therian, M|
|poke|p1|Gholdengo|
|poke|p1|Gliscor, F|
|poke|p1|Raging Bolt|
|poke|p1|Zamazenta-*|
|poke|p2|Kyurem|
|poke|p2|Cinderace, F|
|poke|p2|Dragapult, F|
|poke|p2|Glimmora, M|
|poke|p2|Landorus-Therian, M|
|poke|p2|Kingambit, M|
|teampreview
|c|☆leng loi|hf
|c|☆SupaGmoney|u2
|inactive|leng loi has 270 seconds left.
|inactive|SupaGmoney has 270 seconds left.
|inactive|SupaGmoney has 240 seconds left.
|inactive|leng loi has 240 seconds left.
|raw|<div class="broadcast-red"><strong>Moderated chat was set to ☆!</strong><br />Only users of rank ☆ and higher can talk.</div>
|inactive|SupaGmoney has 210 seconds left.
|inactive|leng loi has 210 seconds left.
|inactive|SupaGmoney has 180 seconds left.
|inactive|leng loi has 180 seconds left.
|
|t:|1757869609
|teamsize|p1|6
|teamsize|p2|6
|start
|switch|p1a: Mandate|Ting-Lu|100/100
|switch|p2a: Cinderace|Cinderace, F|100/100
|-ability|p1a: Mandate|Vessel of Ruin
|turn|1
|inactive|SupaGmoney has 210 seconds left.
|inactive|leng loi has 210 seconds left.
|inactive|SupaGmoney has 180 seconds left.
|
|t:|1757869662
|move|p2a: Cinderace|Gunk Shot|p1a: Mandate
|-start|p2a: Cinderace|typechange|Poison|[from] ability: Libero
|-resisted|p1a: Mandate
|-damage|p1a: Mandate|88/100
|-enditem|p1a: Mandate|Red Card|[of] p2a: Cinderace
|drag|p2a: Glimmora|Glimmora, M|100/100
|move|p1a: Mandate|Ruination|p2a: Glimmora
|-damage|p2a: Glimmora|51/100
|-enditem|p2a: Glimmora|Red Card|[of] p1a: Mandate
|drag|p1a: Cornucopia|Gholdengo|100/100
|
|upkeep
|turn|2
|inactive|leng loi has 210 seconds left.
|inactive|SupaGmoney has 180 seconds left.
|
|t:|1757869688
|switch|p2a: Cinderace|Cinderace, F|100/100
|move|p1a: Cornucopia|Thunder Wave|p2a: Cinderace
|-status|p2a: Cinderace|par
|
|upkeep
|turn|3
|
|t:|1757869704
|switch|p1a: Anemoi|Tornadus-Therian, M|100/100
|cant|p2a: Cinderace|par
|
|upkeep
|turn|4
|
|t:|1757869712
|move|p1a: Anemoi|Bleakwind Storm|p2a: Cinderace
|-damage|p2a: Cinderace|44/100 par
|-unboost|p2a: Cinderace|spe|1
|move|p2a: Cinderace|Gunk Shot|p1a: Anemoi
|-start|p2a: Cinderace|typechange|Poison|[from] ability: Libero
|-damage|p1a: Anemoi|33/100
|-status|p1a: Anemoi|psn
|
|-damage|p1a: Anemoi|21/100 psn|[from] psn
|upkeep
|turn|5
|
|t:|1757869719
|move|p2a: Cinderace|Sucker Punch|p1a: Anemoi
|-damage|p1a: Anemoi|0 fnt
|faint|p1a: Anemoi
|
|upkeep
|
|t:|1757869721
|switch|p1a: Hemlocke|Gliscor, F|100/100
|turn|6
|
|t:|1757869730
|move|p1a: Hemlocke|Swords Dance|p1a: Hemlocke
|-boost|p1a: Hemlocke|atk|2
|cant|p2a: Cinderace|par
|
|-status|p1a: Hemlocke|tox|[from] item: Toxic Orb
|upkeep
|turn|7
|inactive|SupaGmoney has 210 seconds left.
|
|t:|1757869737
|move|p1a: Hemlocke|Earthquake|p2a: Cinderace
|-supereffective|p2a: Cinderace
|-damage|p2a: Cinderace|0 fnt
|faint|p2a: Cinderace
|
|upkeep
|
|t:|1757869741
|switch|p2a: Kyurem|Kyurem|100/100
|-ability|p2a: Kyurem|Pressure
|turn|8
|
|t:|1757869744
|switch|p2a: Landorus|Landorus-Therian, M|100/100
|-ability|p2a: Landorus|Intimidate|boost
|-unboost|p1a: Hemlocke|atk|1
|-terastallize|p1a: Hemlocke|Fairy
|move|p1a: Hemlocke|Tera Blast|p2a: Landorus|[anim] Tera Blast Fairy
|-damage|p2a: Landorus|63/100
|
|upkeep
|turn|9
|
|t:|1757869755
|switch|p2a: Glimmora|Glimmora, M|51/100
|move|p1a: Hemlocke|Swords Dance|p1a: Hemlocke
|-boost|p1a: Hemlocke|atk|2
|
|upkeep
|turn|10
|inactive|leng loi has 240 seconds left.
|
|t:|1757869782
|switch|p2a: Landorus|Landorus-Therian, M|63/100
|-ability|p2a: Landorus|Intimidate|boost
|-unboost|p1a: Hemlocke|atk|1
|move|p1a: Hemlocke|Swords Dance|p1a: Hemlocke
|-boost|p1a: Hemlocke|atk|2
|
|upkeep
|turn|11
|
|t:|1757869788
|move|p1a: Hemlocke|Tera Blast|p2a: Landorus|[anim] Tera Blast Fairy
|-damage|p2a: Landorus|0 fnt
|faint|p2a: Landorus
|
|upkeep
|inactive|SupaGmoney has 210 seconds left.
|inactive|SupaGmoney has 180 seconds left.
|inactive|SupaGmoney has 150 seconds left.
|inactive|SupaGmoney has 120 seconds left.
|
|t:|1757869898
|switch|p2a: Kyurem|Kyurem|100/100
|-ability|p2a: Kyurem|Pressure
|turn|12
|inactive|leng loi has 240 seconds left.
|
|t:|1757869906
|switch|p2a: Glimmora|Glimmora, M|51/100
|move|p1a: Hemlocke|Earthquake|p2a: Glimmora
|-supereffective|p2a: Glimmora
|-damage|p2a: Glimmora|0 fnt
|-activate|p2a: Glimmora|ability: Toxic Debris
|-sidestart|p1: leng loi|move: Toxic Spikes
|faint|p2a: Glimmora
|
|upkeep
|inactive|SupaGmoney has 120 seconds left.
|inactive|SupaGmoney has 90 seconds left.
|inactive|SupaGmoney has 60 seconds left.
|
|t:|1757870005
|switch|p2a: Kyurem|Kyurem|100/100
|-ability|p2a: Kyurem|Pressure
|turn|13
|
|t:|1757870010
|move|p1a: Hemlocke|Tera Blast|p2a: Kyurem|[anim] Tera Blast Fairy
|-supereffective|p2a: Kyurem
|-damage|p2a: Kyurem|0 fnt
|faint|p2a: Kyurem
|
|upkeep
|inactive|SupaGmoney has 30 seconds left.
|inactive|SupaGmoney has 20 seconds left.
|
|t:|1757870044
|switch|p2a: Dragapult|Dragapult, F|100/100
|turn|14
|inactive|SupaGmoney has 30 seconds left this turn.
|
|t:|1757870049
|move|p1a: Hemlocke|Protect|p1a: Hemlocke
|-singleturn|p1a: Hemlocke|Protect
|move|p2a: Dragapult|Shadow Ball|p1a: Hemlocke
|-activate|p1a: Hemlocke|move: Protect
|
|upkeep
|turn|15
|
|t:|1757870057
|move|p2a: Dragapult|Shadow Ball|p1a: Hemlocke
|-damage|p1a: Hemlocke|36/100 tox
|move|p1a: Hemlocke|Earthquake|p2a: Dragapult
|-damage|p2a: Dragapult|0 fnt
|faint|p2a: Dragapult
|
|-heal|p1a: Hemlocke|48/100 tox|[from] ability: Poison Heal
|upkeep
|
|t:|1757870060
|switch|p2a: Kingambit|Kingambit, M|100/100
|-activate|p2a: Kingambit|ability: Supreme Overlord
|-start|p2a: Kingambit|fallen5|[silent]
|turn|16
|inactive|leng loi has 270 seconds left.
|
|t:|1757870081
|-terastallize|p2a: Kingambit|Fire
|move|p1a: Hemlocke|Earthquake|p2a: Kingambit
|-supereffective|p2a: Kingambit
|-damage|p2a: Kingambit|0 fnt
|faint|p2a: Kingambit
|-end|p2a: Kingambit|fallen5|[silent]
|
|win|leng loi
|c|☆SupaGmoney|gg
|c|☆leng loi|gg
