|j|☆Drosophila_enjoyer
|j|☆vipmaycom
|t:|1757953432
|gametype|singles
|player|p1|Drosophila_enjoyer|rocketgrunt|1319
|player|p2|vipmaycom|101|1323
|gen|9
|tier|[Gen 9] OU
|rated|
|rule|HP Percentage Mod: HP is shown in percentages
|rule|Endless Battle Clause: Forcing endless battles is banned
|rule|Species Clause: Limit one of each Pokémon
|rule|OHKO Clause: OHKO moves are banned
|rule|Evasion Items Clause: Evasion items are banned
|rule|Evasion Moves Clause: Evasion moves are banned
|rule|Evasion Abilities Clause: Evasion abilities are banned
|rule|Sleep Moves Clause: Sleep-inducing moves are banned
|clearpoke
|poke|p1|Breloom, M|
|poke|p1|Bisharp, F|
|poke|p1|Regidrago|
|poke|p1|Maushold-Four|
|poke|p1|Armarouge, F|
|poke|p1|Magnezone|
|poke|p2|Dragapult, M|
|poke|p2|Mamoswine, M|
|poke|p2|Skarmory, M|
|poke|p2|Hatterene, F|
|poke|p2|Samurott-Hisui, M|
|poke|p2|Iron Moth|
|teampreview
|inactive|Battle timer is ON: inactive players will automatically lose when time's up. (requested by Drosophila_enjoyer)
|
|t:|1757953442
|teamsize|p1|6
|teamsize|p2|6
|start
|switch|p1a: Magnezone|Magnezone|100/100
|switch|p2a: Jack Sparrow|Samurott-Hisui, M, shiny|100/100
|turn|1
|
|t:|1757953452
|switch|p2a: Behemoth|Mamoswine, M, shiny|100/100
|move|p1a: Magnezone|Discharge|p2a: Behemoth
|-immune|p2a: Behemoth
|
|upkeep
|turn|2
|
|t:|1757953462
|-terastallize|p1a: Magnezone|Flying
|move|p2a: Behemoth|Earthquake|p1a: Magnezone
|-immune|p1a: Magnezone
|move|p1a: Magnezone|Flash Cannon|p2a: Behemoth
|-supereffective|p2a: Behemoth
|-damage|p2a: Behemoth|0 fnt
|faint|p2a: Behemoth
|
|upkeep
|
|t:|1757953474
|switch|p2a: Leviathan|Dragapult, M, shiny|100/100
|turn|3
|
|t:|1757953479
|move|p2a: Leviathan|Draco Meteor|p1a: Magnezone|[miss]
|-miss|p2a: Leviathan|p1a: Magnezone
|move|p1a: Magnezone|Discharge|p2a: Leviathan
|-resisted|p2a: Leviathan
|-damage|p2a: Leviathan|63/100
|
|upkeep
|turn|4
|
|t:|1757953484
|move|p2a: Leviathan|Draco Meteor|p1a: Magnezone
|-damage|p1a: Magnezone|44/100
|-unboost|p2a: Leviathan|spa|2
|move|p1a: Magnezone|Discharge|p2a: Leviathan
|-resisted|p2a: Leviathan
|-damage|p2a: Leviathan|21/100
|
|upkeep
|turn|5
|
|t:|1757953495
|switch|p2a: Lacey Evans|Hatterene, F, shiny|100/100
|move|p1a: Magnezone|Discharge|p2a: Lacey Evans
|-damage|p2a: Lacey Evans|34/100
|
|-heal|p2a: Lacey Evans|40/100|[from] item: Leftovers
|upkeep
|turn|6
|
|t:|1757953505
|move|p1a: Magnezone|Discharge|p2a: Lacey Evans
|-damage|p2a: Lacey Evans|0 fnt
|faint|p2a: Lacey Evans
|
|upkeep
|
|t:|1757953512
|switch|p2a: Leviathan|Dragapult, M, shiny|21/100
|turn|7
|
|t:|1757953515
|move|p2a: Leviathan|Shadow Ball|p1a: Magnezone
|-damage|p1a: Magnezone|9/100
|move|p1a: Magnezone|Volt Switch|p2a: Leviathan
|-resisted|p2a: Leviathan
|-damage|p2a: Leviathan|0 fnt
|faint|p2a: Leviathan
|
|t:|1757953522
|switch|p1a: Regidrago|Regidrago|100/100|[from] Volt Switch
|
|upkeep
|
|t:|1757953530
|switch|p2a: Symbolism|Iron Moth, shiny|100/100
|-enditem|p2a: Symbolism|Booster Energy
|-activate|p2a: Symbolism|ability: Quark Drive|[fromitem]
|-start|p2a: Symbolism|quarkdrivespe
|turn|8
|
|t:|1757953539
|-terastallize|p2a: Symbolism|Ground
|move|p2a: Symbolism|Substitute|p2a: Symbolism
|-start|p2a: Symbolism|Substitute
|-damage|p2a: Symbolism|76/100
|move|p1a: Regidrago|Earth Power|p2a: Symbolism
|-end|p2a: Symbolism|Substitute
|
|upkeep
|turn|9
|
|t:|1757953546
|move|p2a: Symbolism|Fiery Dance|p1a: Regidrago
|-resisted|p1a: Regidrago
|-damage|p1a: Regidrago|79/100
|move|p1a: Regidrago|Earth Power|p2a: Symbolism
|-damage|p2a: Symbolism|48/100
|
|upkeep
|turn|10
|
|t:|1757953552
|move|p2a: Symbolism|Fiery Dance|p1a: Regidrago
|-resisted|p1a: Regidrago
|-crit|p1a: Regidrago
|-damage|p1a: Regidrago|46/100
|-boost|p2a: Symbolism|spa|1
|move|p1a: Regidrago|Earth Power|p2a: Symbolism
|-damage|p2a: Symbolism|21/100
|
|upkeep
|turn|11
|
|t:|1757953561
|move|p2a: Symbolism|Sludge Wave|p1a: Regidrago
|-damage|p1a: Regidrago|0 fnt
|faint|p1a: Regidrago
|
|upkeep
|
|t:|1757953564
|switch|p1a: Breloom|Breloom, M|100/100
|turn|12
|
|t:|1757953568
|move|p1a: Breloom|Mach Punch|p2a: Symbolism
|-damage|p2a: Symbolism|0 fnt
|faint|p2a: Symbolism
|-end|p2a: Symbolism|Quark Drive|[silent]
|
|upkeep
|
|t:|1757953574
|switch|p2a: Raptor|Skarmory, M, shiny|100/100
|turn|13
|
|t:|1757953580
|move|p1a: Breloom|Rock Tomb|p2a: Raptor
|-damage|p2a: Raptor|79/100
|-unboost|p2a: Raptor|spe|1
|move|p2a: Raptor|Iron Defense|p2a: Raptor
|-boost|p2a: Raptor|def|2
|
|upkeep
|turn|14
|
|t:|1757953593
|move|p1a: Breloom|Swords Dance|p1a: Breloom
|-boost|p1a: Breloom|atk|2
|move|p2a: Raptor|Body Press|p1a: Breloom
|-damage|p1a: Breloom|0 fnt
|faint|p1a: Breloom
|
|upkeep
|
|t:|1757953597
|switch|p1a: Armarouge|Armarouge, F|100/100
|turn|15
|
|t:|1757953602
|switch|p2a: Jack Sparrow|Samurott-Hisui, M, shiny|100/100
|move|p1a: Armarouge|Armor Cannon|p2a: Jack Sparrow
|-resisted|p2a: Jack Sparrow
|-damage|p2a: Jack Sparrow|53/100
|-unboost|p1a: Armarouge|def|1
|-unboost|p1a: Armarouge|spd|1
|
|upkeep
|turn|16
|
|t:|1757953607
|move|p1a: Armarouge|Endure|p1a: Armarouge
|-singleturn|p1a: Armarouge|move: Endure
|move|p2a: Jack Sparrow|Sucker Punch||[still]
|-fail|p2a: Jack Sparrow
|
|upkeep
|turn|17
|
|t:|1757953613
|switch|p1a: Magnezone|Magnezone, tera:Flying|9/100
|move|p2a: Jack Sparrow|Sucker Punch||[still]
|-fail|p2a: Jack Sparrow
|
|upkeep
|turn|18
|
|t:|1757953617
|move|p2a: Jack Sparrow|Sucker Punch|p1a: Magnezone
|-damage|p1a: Magnezone|0 fnt
|faint|p1a: Magnezone
|
|upkeep
|
|t:|1757953619
|switch|p1a: Maushold|Maushold-Four|100/100
|turn|19
|
|t:|1757953624
|move|p1a: Maushold|Encore|p2a: Jack Sparrow
|-start|p2a: Jack Sparrow|Encore
|move|p2a: Jack Sparrow|Sucker Punch||[still]
|-fail|p2a: Jack Sparrow
|
|upkeep
|turn|20
|
|t:|1757953628
|switch|p2a: Raptor|Skarmory, M, shiny|79/100
|move|p1a: Maushold|Tidy Up|p1a: Maushold
|-boost|p1a: Maushold|atk|1
|-boost|p1a: Maushold|spe|1
|
|upkeep
|turn|21
|
|t:|1757953638
|move|p1a: Maushold|Population Bomb|p2a: Raptor
|-resisted|p2a: Raptor
|-damage|p2a: Raptor|73/100
|-damage|p1a: Maushold|84/100|[from] item: Rocky Helmet|[of] p2a: Raptor
|-resisted|p2a: Raptor
|-damage|p2a: Raptor|68/100
|-damage|p1a: Maushold|67/100|[from] item: Rocky Helmet|[of] p2a: Raptor
|-resisted|p2a: Raptor
|-damage|p2a: Raptor|63/100
|-damage|p1a: Maushold|51/100|[from] item: Rocky Helmet|[of] p2a: Raptor
|-resisted|p2a: Raptor
|-damage|p2a: Raptor|57/100
|-damage|p1a: Maushold|34/100|[from] item: Rocky Helmet|[of] p2a: Raptor
|-resisted|p2a: Raptor
|-damage|p2a: Raptor|52/100
|-damage|p1a: Maushold|17/100|[from] item: Rocky Helmet|[of] p2a: Raptor
|-resisted|p2a: Raptor
|-damage|p2a: Raptor|47/100
|-damage|p1a: Maushold|1/100|[from] item: Rocky Helmet|[of] p2a: Raptor
|-resisted|p2a: Raptor
|-damage|p2a: Raptor|40/100
|-damage|p1a: Maushold|0 fnt|[from] item: Rocky Helmet|[of] p2a: Raptor
|faint|p1a: Maushold
|-hitcount|p2a: Raptor|7
|move|p2a: Raptor|Roost|p2a: Raptor
|-heal|p2a: Raptor|91/100
|-singleturn|p2a: Raptor|move: Roost
|
|upkeep
|
|t:|1757953644
|switch|p1a: Armarouge|Armarouge, F|100/100
|turn|22
|
|t:|1757953652
|switch|p2a: Jack Sparrow|Samurott-Hisui, M, shiny|53/100
|move|p1a: Armarouge|Energy Ball|p2a: Jack Sparrow
|-supereffective|p2a: Jack Sparrow
|-damage|p2a: Jack Sparrow|0 fnt
|faint|p2a: Jack Sparrow
|
|upkeep
|
|t:|1757953657
|switch|p2a: Raptor|Skarmory, M, shiny|91/100
|turn|23
|-message|vipmaycom forfeited.
|
|win|Drosophila_enjoyer
|raw|Drosophila_enjoyer's rating: 1319 &rarr; <strong>1339</strong><br />(+20 for winning)
|raw|vipmaycom's rating: 1323 &rarr; <strong>1303</strong><br />(-20 for losing)
|l|☆vipmaycom
|player|p2|
|l|☆Drosophila_enjoyer
|player|p1|
