|j|☆holo-hy2te
|j|☆battler12312001
|t:|1757920499
|gametype|singles
|player|p1|holo-hy2te|ingo|1202
|player|p2|battler12312001|hugh|1240
|gen|9
|tier|[Gen 9] OU
|rated|
|rule|HP Percentage Mod: HP is shown in percentages
|rule|Endless Battle Clause: Forcing endless battles is banned
|rule|Species Clause: Limit one of each Pokémon
|rule|OHKO Clause: OHKO moves are banned
|rule|Evasion Items Clause: Evasion items are banned
|rule|Evasion Moves Clause: Evasion moves are banned
|rule|Evasion Abilities Clause: Evasion abilities are banned
|rule|Sleep Moves Clause: Sleep-inducing moves are banned
|clearpoke
|poke|p1|Eelektross, F|
|poke|p1|Iron Boulder|
|poke|p1|Ceruledge, F|
|poke|p1|Zapdos-Galar|
|poke|p1|Glastrier|
|poke|p1|Duraludon, F|
|poke|p2|Iron Moth|
|poke|p2|Hawlucha, M|
|poke|p2|Rillaboom, M|
|poke|p2|Pecharunt|
|poke|p2|Iron Valiant|
|poke|p2|Rotom-Wash|
|teampreview
|inactive|Battle timer is ON: inactive players will automatically lose when time's up. (requested by battler12312001)
|
|t:|1757920528
|teamsize|p1|6
|teamsize|p2|6
|start
|switch|p1a: ground hornbill|Zapdos-Galar|100/100
|switch|p2a: Grassy|Rillaboom, M, shiny|100/100
|-fieldstart|move: Grassy Terrain|[from] ability: Grassy Surge|[of] p2a: Grassy
|turn|1
|
|t:|1757920551
|switch|p2a: Wishi Washi|Rotom-Wash, shiny|100/100
|move|p1a: ground hornbill|Acrobatics|p2a: Wishi Washi
|-resisted|p2a: Wishi Washi
|-damage|p2a: Wishi Washi|80/100
|-damage|p1a: ground hornbill|84/100|[from] item: Rocky Helmet|[of] p2a: Wishi Washi
|
|upkeep
|turn|2
|
|t:|1757920566
|switch|p1a: wrong IVs|Eelektross, F|100/100
|move|p2a: Wishi Washi|Thunder Wave|p1a: wrong IVs
|-immune|p1a: wrong IVs
|
|upkeep
|turn|3
|
|t:|1757920574
|move|p2a: Wishi Washi|Hydro Pump|p1a: wrong IVs
|-damage|p1a: wrong IVs|73/100
|move|p1a: wrong IVs|Giga Drain|p2a: Wishi Washi
|-supereffective|p2a: Wishi Washi
|-damage|p2a: Wishi Washi|34/100
|-heal|p1a: wrong IVs|92/100|[from] drain|[of] p2a: Wishi Washi
|
|upkeep
|turn|4
|
|t:|1757920583
|switch|p2a: DeviceSweep|Iron Moth, shiny|100/100
|-enditem|p2a: DeviceSweep|Booster Energy
|-activate|p2a: DeviceSweep|ability: Quark Drive|[fromitem]
|-start|p2a: DeviceSweep|quarkdrivespa
|move|p1a: wrong IVs|Giga Drain|p2a: DeviceSweep
|-resisted|p2a: DeviceSweep
|-damage|p2a: DeviceSweep|95/100
|-heal|p1a: wrong IVs|94/100|[from] drain|[of] p2a: DeviceSweep
|
|-heal|p2a: DeviceSweep|100/100|[from] Grassy Terrain
|upkeep
|turn|5
|
|t:|1757920599
|move|p2a: DeviceSweep|Fiery Dance|p1a: wrong IVs
|-damage|p1a: wrong IVs|51/100
|move|p1a: wrong IVs|Discharge|p2a: DeviceSweep
|-damage|p2a: DeviceSweep|62/100
|
|-heal|p2a: DeviceSweep|68/100|[from] Grassy Terrain
|-fieldend|move: Grassy Terrain
|upkeep
|turn|6
|
|t:|1757920608
|move|p2a: DeviceSweep|Fiery Dance|p1a: wrong IVs
|-damage|p1a: wrong IVs|10/100
|-boost|p2a: DeviceSweep|spa|1
|move|p1a: wrong IVs|Discharge|p2a: DeviceSweep
|-damage|p2a: DeviceSweep|23/100
|
|upkeep
|turn|7
|
|t:|1757920618
|move|p2a: DeviceSweep|Morning Sun|p2a: DeviceSweep
|-heal|p2a: DeviceSweep|73/100
|move|p1a: wrong IVs|Discharge|p2a: DeviceSweep
|-damage|p2a: DeviceSweep|32/100
|
|upkeep
|turn|8
|
|t:|1757920628
|move|p2a: DeviceSweep|Fiery Dance|p1a: wrong IVs
|-damage|p1a: wrong IVs|0 fnt
|faint|p1a: wrong IVs
|
|upkeep
|
|t:|1757920633
|switch|p1a: my win rate is 45%|Iron Boulder|100/100
|-enditem|p1a: my win rate is 45%|Booster Energy
|-activate|p1a: my win rate is 45%|ability: Quark Drive|[fromitem]
|-start|p1a: my win rate is 45%|quarkdrivespe
|turn|9
|
|t:|1757920660
|-end|p2a: DeviceSweep|Quark Drive|[silent]
|switch|p2a: Wishi Washi|Rotom-Wash, shiny|34/100
|move|p1a: my win rate is 45%|Mighty Cleave|p2a: Wishi Washi
|-crit|p2a: Wishi Washi
|-damage|p2a: Wishi Washi|0 fnt
|-damage|p1a: my win rate is 45%|84/100|[from] item: Rocky Helmet|[of] p2a: Wishi Washi
|faint|p2a: Wishi Washi
|
|upkeep
|inactive|battler12312001 has 120 seconds left.
|
|t:|1757920670
|switch|p2a: Grassy|Rillaboom, M, shiny|100/100
|-fieldstart|move: Grassy Terrain|[from] ability: Grassy Surge|[of] p2a: Grassy
|turn|10
|inactive|battler12312001 has 120 seconds left.
|
|t:|1757920700
|-end|p1a: my win rate is 45%|Quark Drive|[silent]
|switch|p1a: glass|Glastrier|100/100
|move|p2a: Grassy|Knock Off|p1a: glass
|-damage|p1a: glass|77/100
|-enditem|p1a: glass|Heavy-Duty Boots|[from] move: Knock Off|[of] p2a: Grassy
|-damage|p2a: Grassy|91/100|[from] item: Life Orb
|
|-heal|p2a: Grassy|97/100|[from] Grassy Terrain
|-heal|p1a: glass|83/100|[from] Grassy Terrain
|upkeep
|turn|11
|inactive|battler12312001 has 90 seconds left.
|
|t:|1757920746
|move|p2a: Grassy|U-turn|p1a: glass
|-damage|p1a: glass|65/100
|-damage|p2a: Grassy|87/100|[from] item: Life Orb
|inactive|battler12312001 has 60 seconds left.
|
|t:|1757920774
|switch|p2a: DeviceSweep|Iron Moth, shiny|32/100|[from] U-turn
|move|p1a: glass|Icicle Crash|p2a: DeviceSweep
|-resisted|p2a: DeviceSweep
|-damage|p2a: DeviceSweep|0 fnt
|faint|p2a: DeviceSweep
|-end|p2a: DeviceSweep|Quark Drive|[silent]
|-ability|p1a: glass|Chilling Neigh|boost
|-boost|p1a: glass|atk|1
|
|-heal|p1a: glass|71/100|[from] Grassy Terrain
|upkeep
|inactive|battler12312001 has 30 seconds left.
|c|☆holo-hy2te|watch the time
|inactive|battler12312001 has 20 seconds left.
|
|t:|1757920812
|switch|p2a: SteelMan|Iron Valiant, shiny|100/100
|-enditem|p2a: SteelMan|Booster Energy
|-activate|p2a: SteelMan|ability: Quark Drive|[fromitem]
|-start|p2a: SteelMan|quarkdrivespe
|turn|12
|inactive|battler12312001 has 30 seconds left this turn.
|
|t:|1757920823
|move|p2a: SteelMan|Swords Dance|p2a: SteelMan
|-boost|p2a: SteelMan|atk|2
|move|p1a: glass|Avalanche|p2a: SteelMan
|-damage|p2a: SteelMan|32/100
|
|-heal|p2a: SteelMan|38/100|[from] Grassy Terrain
|-heal|p1a: glass|77/100|[from] Grassy Terrain
|upkeep
|turn|13
|c|☆holo-hy2te|thats just sad...
|inactive|battler12312001 has 30 seconds left.
|inactive|battler12312001 has 20 seconds left.
|inactive|battler12312001 has 15 seconds left.
|inactive|battler12312001 has 10 seconds left.
|c|☆holo-hy2te|one icicle crash and it woulda been over
|inactive|battler12312001 has 5 seconds left.
|c|☆holo-hy2te|time
|
|t:|1757920861
|move|p2a: SteelMan|Drain Punch|p1a: glass
|-supereffective|p1a: glass
|-damage|p1a: glass|0 fnt
|-heal|p2a: SteelMan|92/100|[from] drain|[of] p1a: glass
|faint|p1a: glass
|
|-heal|p2a: SteelMan|98/100|[from] Grassy Terrain
|upkeep
|
|t:|1757920864
|switch|p1a: scalivur|Ceruledge, F|100/100
|turn|14
|inactive|battler12312001 has 20 seconds left this turn.
|inactive|battler12312001 has 15 seconds left.
|
|t:|1757920872
|move|p2a: SteelMan|Shadow Sneak|p1a: scalivur
|-supereffective|p1a: scalivur
|-damage|p1a: scalivur|27/100
|-ability|p1a: scalivur|Weak Armor|boost
|-unboost|p1a: scalivur|def|1
|-boost|p1a: scalivur|spe|2
|move|p1a: scalivur|Bitter Blade|p2a: SteelMan
|-damage|p2a: SteelMan|32/100
|-heal|p1a: scalivur|60/100|[from] drain|[of] p2a: SteelMan
|
|-heal|p2a: SteelMan|39/100|[from] Grassy Terrain
|-heal|p1a: scalivur|66/100|[from] Grassy Terrain
|-fieldend|move: Grassy Terrain
|upkeep
|turn|15
|inactive|battler12312001 has 25 seconds left this turn.
|inactive|battler12312001 has 20 seconds left.
|inactive|battler12312001 has 15 seconds left.
|inactive|battler12312001 has 10 seconds left.
|
|t:|1757920888
|-terastallize|p1a: scalivur|Fairy
|move|p2a: SteelMan|Shadow Sneak|p1a: scalivur
|-damage|p1a: scalivur|12/100
|-ability|p1a: scalivur|Weak Armor|boost
|-unboost|p1a: scalivur|def|1
|-boost|p1a: scalivur|spe|2
|move|p1a: scalivur|Bitter Blade|p2a: SteelMan
|-damage|p2a: SteelMan|0 fnt
|-heal|p1a: scalivur|31/100|[from] drain|[of] p2a: SteelMan
|faint|p2a: SteelMan
|-end|p2a: SteelMan|Quark Drive|[silent]
|
|upkeep
|inactive|battler12312001 has 15 seconds left this turn.
|inactive|battler12312001 has 10 seconds left.
|inactive|battler12312001 has 5 seconds left.
|c|☆holo-hy2te|time
|-message|battler12312001 lost due to inactivity.
|
|win|holo-hy2te
|raw|holo-hy2te's rating: 1202 &rarr; <strong>1230</strong><br />(+28 for winning)
|raw|battler12312001's rating: 1240 &rarr; <strong>1212</strong><br />(-28 for losing)
|l|☆holo-hy2te
|player|p1|
|l|☆battler12312001
|player|p2|
