|j|☆TREMBLEB4BAST
|j|☆Chinnumon1
|t:|1757831972
|gametype|singles
|player|p1|TREMBLEB4BAST|geeta|1225
|player|p2|Chinnumon1|102|1265
|gen|9
|tier|[Gen 9] OU
|rated|
|rule|HP Percentage Mod: HP is shown in percentages
|rule|Endless Battle Clause: Forcing endless battles is banned
|rule|Species Clause: Limit one of each Pokémon
|rule|OHKO Clause: OHKO moves are banned
|rule|Evasion Items Clause: Evasion items are banned
|rule|Evasion Moves Clause: Evasion moves are banned
|rule|Evasion Abilities Clause: Evasion abilities are banned
|rule|Sleep Moves Clause: Sleep-inducing moves are banned
|clearpoke
|poke|p1|Scizor, F|
|poke|p1|Haxorus, M|
|poke|p1|Keldeo|
|poke|p1|Enamorus, F|
|poke|p1|Kingdra, M|
|poke|p1|Vikavolt, M|
|poke|p2|Glimmora, F|
|poke|p2|Zapdos|
|poke|p2|Iron Valiant|
|poke|p2|Great Tusk|
|poke|p2|Iron Moth|
|poke|p2|Kingambit, F|
|teampreview
|inactive|Battle timer is ON: inactive players will automatically lose when time's up. (requested by Chinnumon1)
|
|t:|1757831991
|teamsize|p1|6
|teamsize|p2|6
|start
|switch|p1a: Bojack|Keldeo|100/100
|switch|p2a: Iron Moth|Iron Moth|100/100
|-enditem|p2a: Iron Moth|Booster Energy
|-activate|p2a: Iron Moth|ability: Quark Drive|[fromitem]
|-start|p2a: Iron Moth|quarkdrivespa
|turn|1
|
|t:|1757831999
|move|p2a: Iron Moth|Energy Ball|p1a: Bojack
|-supereffective|p1a: Bojack
|-crit|p1a: Bojack
|-damage|p1a: Bojack|0 fnt
|faint|p1a: Bojack
|
|upkeep
|
|t:|1757832005
|switch|p1a: Darth Blader|Haxorus, M, shiny|100/100
|-ability|p1a: Darth Blader|Mold Breaker
|turn|2
|
|t:|1757832014
|-end|p2a: Iron Moth|Quark Drive|[silent]
|switch|p2a: Glimmora|Glimmora, F|100/100
|move|p1a: Darth Blader|Earthquake|p2a: Glimmora
|-supereffective|p2a: Glimmora
|-crit|p2a: Glimmora
|-enditem|p2a: Glimmora|Focus Sash
|-damage|p2a: Glimmora|1/100
|-activate|p2a: Glimmora|ability: Toxic Debris
|-sidestart|p1: TREMBLEB4BAST|move: Toxic Spikes
|
|upkeep
|turn|3
|
|t:|1757832019
|move|p1a: Darth Blader|Earthquake|p2a: Glimmora
|-supereffective|p2a: Glimmora
|-damage|p2a: Glimmora|0 fnt
|-activate|p2a: Glimmora|ability: Toxic Debris
|-sidestart|p1: TREMBLEB4BAST|move: Toxic Spikes
|faint|p2a: Glimmora
|
|upkeep
|
|t:|1757832027
|switch|p2a: Zapdos|Zapdos|100/100
|turn|4
|
|t:|1757832031
|switch|p1a: Australian|Vikavolt, M|100/100
|move|p2a: Zapdos|Hurricane|p1a: Australian
|-damage|p1a: Australian|63/100
|-start|p1a: Australian|confusion
|
|upkeep
|turn|5
|
|t:|1757832038
|move|p2a: Zapdos|Heat Wave|p1a: Australian
|-supereffective|p1a: Australian
|-damage|p1a: Australian|17/100
|-activate|p1a: Australian|confusion
|-damage|p1a: Australian|11/100|[from] confusion
|
|upkeep
|turn|6
|
|t:|1757832048
|move|p2a: Zapdos|Heat Wave|p1a: Australian
|-supereffective|p1a: Australian
|-damage|p1a: Australian|0 fnt
|faint|p1a: Australian
|
|upkeep
|
|t:|1757832054
|switch|p1a: Yakuza|Kingdra, M, shiny|100/100
|-status|p1a: Yakuza|tox
|turn|7
|
|t:|1757832059
|move|p1a: Yakuza|Ice Beam|p2a: Zapdos
|-supereffective|p2a: Zapdos
|-damage|p2a: Zapdos|78/100
|move|p2a: Zapdos|Thunderbolt|p1a: Yakuza
|-damage|p1a: Yakuza|53/100 tox
|
|-damage|p1a: Yakuza|47/100 tox|[from] psn
|upkeep
|turn|8
|
|t:|1757832067
|move|p1a: Yakuza|Ice Beam|p2a: Zapdos
|-supereffective|p2a: Zapdos
|-damage|p2a: Zapdos|53/100
|move|p2a: Zapdos|Thunderbolt|p1a: Yakuza
|-damage|p1a: Yakuza|3/100 tox
|
|-damage|p1a: Yakuza|0 fnt|[from] psn
|faint|p1a: Yakuza
|upkeep
|
|t:|1757832077
|switch|p1a: Darth Blader|Haxorus, M, shiny|100/100
|-status|p1a: Darth Blader|tox
|-ability|p1a: Darth Blader|Mold Breaker
|turn|9
|
|t:|1757832092
|switch|p2a: Iron Valiant|Iron Valiant|100/100
|-enditem|p2a: Iron Valiant|Booster Energy
|-activate|p2a: Iron Valiant|ability: Quark Drive|[fromitem]
|-start|p2a: Iron Valiant|quarkdrivespe
|move|p1a: Darth Blader|Dragon Claw|p2a: Iron Valiant
|-immune|p2a: Iron Valiant
|
|-damage|p1a: Darth Blader|94/100 tox|[from] psn
|upkeep
|turn|10
|
|t:|1757832099
|switch|p1a: Lesbian|Scizor, F|100/100
|move|p2a: Iron Valiant|Calm Mind|p2a: Iron Valiant
|-boost|p2a: Iron Valiant|spa|1
|-boost|p2a: Iron Valiant|spd|1
|
|upkeep
|turn|11
|
|t:|1757832108
|move|p1a: Lesbian|Bullet Punch|p2a: Iron Valiant
|-supereffective|p2a: Iron Valiant
|-damage|p2a: Iron Valiant|0 fnt
|faint|p2a: Iron Valiant
|-end|p2a: Iron Valiant|Quark Drive|[silent]
|
|upkeep
|
|t:|1757832112
|switch|p2a: Iron Moth|Iron Moth|100/100
|turn|12
|
|t:|1757832116
|switch|p1a: Darth Blader|Haxorus, M, shiny|94/100 tox
|-ability|p1a: Darth Blader|Mold Breaker
|move|p2a: Iron Moth|Fiery Dance|p1a: Darth Blader
|-resisted|p1a: Darth Blader
|-damage|p1a: Darth Blader|60/100 tox
|
|-damage|p1a: Darth Blader|54/100 tox|[from] psn
|upkeep
|turn|13
|
|t:|1757832130
|-end|p2a: Iron Moth|Quark Drive|[silent]
|switch|p2a: Zapdos|Zapdos|53/100
|-terastallize|p1a: Darth Blader|Steel
|move|p1a: Darth Blader|Earthquake|p2a: Zapdos
|-immune|p2a: Zapdos
|
|-damage|p1a: Darth Blader|42/100 tox|[from] psn
|upkeep
|turn|14
|-message|TREMBLEB4BAST forfeited.
|
|win|Chinnumon1
|raw|TREMBLEB4BAST's rating: 1225 &rarr; <strong>1203</strong><br />(-22 for losing)
|raw|Chinnumon1's rating: 1265 &rarr; <strong>1287</strong><br />(+22 for winning)
|l|☆Chinnumon1
|player|p2|
|l|☆TREMBLEB4BAST
|player|p1|
