|j|‽huzkage
|j|☆Munch144447
|t:|1757930918
|gametype|singles
|player|p1|huzkage|silver|1217
|player|p2|Munch144447|102|1185
|gen|9
|tier|[Gen 9] OU
|rated|
|rule|HP Percentage Mod: HP is shown in percentages
|rule|Endless Battle Clause: Forcing endless battles is banned
|rule|Species Clause: Limit one of each Pokémon
|rule|OHKO Clause: OHKO moves are banned
|rule|Evasion Items Clause: Evasion items are banned
|rule|Evasion Moves Clause: Evasion moves are banned
|rule|Evasion Abilities Clause: Evasion abilities are banned
|rule|Sleep Moves Clause: Sleep-inducing moves are banned
|clearpoke
|poke|p1|Dragonite, F|
|poke|p1|Great Tusk|
|poke|p1|Grimmsnarl, M|
|poke|p1|Raging Bolt|
|poke|p1|Kingambit, F|
|poke|p1|Iron Moth|
|poke|p2|Tropius, F|
|poke|p2|Espeon, M|
|poke|p2|Skuntank, F|
|poke|p2|Drednaw, M|
|poke|p2|Camerupt, F|
|poke|p2|Abomasnow, F|
|teampreview
|
|t:|1757930927
|teamsize|p1|6
|teamsize|p2|6
|start
|switch|p1a: Grimmsnarl|Grimmsnarl, M, shiny|100/100
|switch|p2a: Skuntank|Skuntank, F|100/100
|turn|1
|
|t:|1757930934
|move|p1a: Grimmsnarl|Reflect|p1a: Grimmsnarl
|-sidestart|p1: huzkage|Reflect
|move|p2a: Skuntank|Knock Off|p1a: Grimmsnarl
|-resisted|p1a: Grimmsnarl
|-damage|p1a: Grimmsnarl|92/100
|-enditem|p1a: Grimmsnarl|Light Clay|[from] move: Knock Off|[of] p2a: Skuntank
|-damage|p2a: Skuntank|91/100|[from] item: Life Orb
|
|upkeep
|turn|2
|
|t:|1757930941
|move|p1a: Grimmsnarl|Light Screen|p1a: Grimmsnarl
|-sidestart|p1: huzkage|move: Light Screen
|move|p2a: Skuntank|Gunk Shot|p1a: Grimmsnarl
|-supereffective|p1a: Grimmsnarl
|-damage|p1a: Grimmsnarl|8/100
|-damage|p2a: Skuntank|81/100|[from] item: Life Orb
|
|upkeep
|turn|3
|
|t:|1757930950
|move|p1a: Grimmsnarl|Parting Shot|p2a: Skuntank
|-hint|Since gen 7, Dark is immune to Prankster moves.
|-immune|p2a: Skuntank
|move|p2a: Skuntank|Knock Off|p1a: Grimmsnarl
|-resisted|p1a: Grimmsnarl
|-damage|p1a: Grimmsnarl|3/100
|-damage|p2a: Skuntank|71/100|[from] item: Life Orb
|
|upkeep
|turn|4
|
|t:|1757930958
|move|p2a: Skuntank|Knock Off|p1a: Grimmsnarl
|-resisted|p1a: Grimmsnarl
|-damage|p1a: Grimmsnarl|0 fnt
|faint|p1a: Grimmsnarl
|-damage|p2a: Skuntank|61/100|[from] item: Life Orb
|
|upkeep
|
|t:|1757930964
|switch|p1a: Dragonite|Dragonite, F|100/100
|turn|5
|
|t:|1757930972
|move|p2a: Skuntank|Knock Off|p1a: Dragonite
|-damage|p1a: Dragonite|87/100
|-enditem|p1a: Dragonite|Sharp Beak|[from] move: Knock Off|[of] p2a: Skuntank
|-damage|p2a: Skuntank|52/100|[from] item: Life Orb
|move|p1a: Dragonite|Dragon Dance|p1a: Dragonite
|-boost|p1a: Dragonite|atk|1
|-boost|p1a: Dragonite|spe|1
|
|upkeep
|turn|6
|
|t:|1757930977
|move|p1a: Dragonite|Dragon Dance|p1a: Dragonite
|-boost|p1a: Dragonite|atk|1
|-boost|p1a: Dragonite|spe|1
|move|p2a: Skuntank|Gunk Shot|p1a: Dragonite
|-damage|p1a: Dragonite|53/100
|-damage|p2a: Skuntank|42/100|[from] item: Life Orb
|
|-sideend|p1: huzkage|move: Light Screen
|upkeep
|turn|7
|
|t:|1757930988
|move|p1a: Dragonite|Earthquake|p2a: Skuntank
|-supereffective|p2a: Skuntank
|-damage|p2a: Skuntank|0 fnt
|faint|p2a: Skuntank
|
|upkeep
|
|t:|1757930991
|switch|p2a: Abomasnow|Abomasnow, F|100/100
|-weather|Snowscape|[from] ability: Snow Warning|[of] p2a: Abomasnow
|turn|8
|
|t:|1757931003
|-terastallize|p1a: Dragonite|Flying
|move|p1a: Dragonite|Tera Blast|p2a: Abomasnow|[anim] Tera Blast Flying
|-supereffective|p2a: Abomasnow
|-damage|p2a: Abomasnow|0 fnt
|faint|p2a: Abomasnow
|
|-weather|Snowscape|[upkeep]
|-sideend|p1: huzkage|Reflect
|upkeep
|
|t:|1757931011
|switch|p2a: Drednaw|Drednaw, M|100/100
|turn|9
|
|t:|1757931015
|-terastallize|p2a: Drednaw|Water
|move|p1a: Dragonite|Earthquake|p2a: Drednaw
|-damage|p2a: Drednaw|21/100
|move|p2a: Drednaw|Head Smash|p1a: Dragonite
|-supereffective|p1a: Dragonite
|-damage|p1a: Dragonite|0 fnt
|faint|p1a: Dragonite
|-damage|p2a: Drednaw|0 fnt|[from] Recoil
|faint|p2a: Drednaw
|
|-weather|Snowscape|[upkeep]
|upkeep
|
|t:|1757931034
|switch|p1a: Iron Moth|Iron Moth, shiny|100/100
|switch|p2a: Espeon|Espeon, M|100/100
|-enditem|p1a: Iron Moth|Booster Energy
|-activate|p1a: Iron Moth|ability: Quark Drive|[fromitem]
|-start|p1a: Iron Moth|quarkdrivespa
|turn|10
|
|t:|1757931039
|move|p1a: Iron Moth|Sludge Wave|p2a: Espeon
|-damage|p2a: Espeon|12/100
|move|p2a: Espeon|Psychic|p1a: Iron Moth
|-supereffective|p1a: Iron Moth
|-damage|p1a: Iron Moth|0 fnt
|faint|p1a: Iron Moth
|-end|p1a: Iron Moth|Quark Drive|[silent]
|
|-weather|Snowscape|[upkeep]
|upkeep
|
|t:|1757931048
|switch|p1a: Raging Bolt|Raging Bolt|100/100
|-enditem|p1a: Raging Bolt|Booster Energy
|-activate|p1a: Raging Bolt|ability: Protosynthesis|[fromitem]
|-start|p1a: Raging Bolt|protosynthesisspa
|turn|11
|
|t:|1757931057
|switch|p2a: Camerupt|Camerupt, F|100/100
|move|p1a: Raging Bolt|Calm Mind|p1a: Raging Bolt
|-boost|p1a: Raging Bolt|spa|1
|-boost|p1a: Raging Bolt|spd|1
|
|-weather|Snowscape|[upkeep]
|upkeep
|turn|12
|
|t:|1757931060
|move|p1a: Raging Bolt|Dragon Pulse|p2a: Camerupt
|-damage|p2a: Camerupt|0 fnt
|faint|p2a: Camerupt
|
|-weather|none
|upkeep
|
|t:|1757931065
|switch|p2a: Tropius|Tropius, F|100/100
|turn|13
|
|t:|1757931071
|move|p1a: Raging Bolt|Thunderbolt|p2a: Tropius
|-damage|p2a: Tropius|33/100
|-status|p2a: Tropius|par
|move|p2a: Tropius|Substitute|p2a: Tropius
|-start|p2a: Tropius|Substitute
|-damage|p2a: Tropius|8/100 par
|-enditem|p2a: Tropius|Starf Berry|[eat]
|-boost|p2a: Tropius|spe|2|[from] item: Starf Berry
|
|upkeep
|turn|14
|
|t:|1757931083
|move|p1a: Raging Bolt|Thunderbolt|p2a: Tropius
|-end|p2a: Tropius|Substitute
|move|p2a: Tropius|Synthesis|p2a: Tropius
|-heal|p2a: Tropius|58/100 par
|
|-item|p2a: Tropius|Starf Berry|[from] ability: Harvest
|upkeep
|turn|15
|-message|Munch144447 forfeited.
|
|win|huzkage
|raw|huzkage's rating: 1217 &rarr; <strong>1240</strong><br />(+23 for winning)
|raw|Munch144447's rating: 1185 &rarr; <strong>1162</strong><br />(-23 for losing)
|l|☆Munch144447
|player|p2|
|l|‽huzkage
|player|p1|
