|j|☆snowingmittens
|j|☆Karan8179
|t:|1757929043
|gametype|singles
|player|p1|snowingmittens|dawn-gen4pt|1089
|player|p2|Karan8179|red|1063
|gen|9
|tier|[Gen 9] OU
|rated|
|rule|HP Percentage Mod: HP is shown in percentages
|rule|Endless Battle Clause: Forcing endless battles is banned
|rule|Species Clause: Limit one of each Pokémon
|rule|OHKO Clause: OHKO moves are banned
|rule|Evasion Items Clause: Evasion items are banned
|rule|Evasion Moves Clause: Evasion moves are banned
|rule|Evasion Abilities Clause: Evasion abilities are banned
|rule|Sleep Moves Clause: Sleep-inducing moves are banned
|clearpoke
|poke|p1|Dragapult, F|
|poke|p1|Clodsire, M|
|poke|p1|Zapdos|
|poke|p1|Ogerpon-Wellspring, F|
|poke|p1|Pelipper, F|
|poke|p1|Goodra, F|
|poke|p2|Ceruledge, M|
|poke|p2|Greninja-*, M|
|poke|p2|Scyther, M|
|poke|p2|Garganacl, M|
|poke|p2|Lycanroc-Midnight, M|
|poke|p2|Salamence, M|
|teampreview
|inactive|Battle timer is ON: inactive players will automatically lose when time's up. (requested by Karan8179)
|
|t:|1757929052
|teamsize|p1|6
|teamsize|p2|6
|start
|switch|p1a: Pelipper|Pelipper, F|100/100
|switch|p2a: Garganacl|Garganacl, M|100/100
|-weather|RainDance|[from] ability: Drizzle|[of] p1a: Pelipper
|turn|1
|
|t:|1757929060
|move|p1a: Pelipper|Weather Ball|p2a: Garganacl
|-supereffective|p2a: Garganacl
|-damage|p2a: Garganacl|38/100
|move|p2a: Garganacl|Salt Cure|p1a: Pelipper
|-supereffective|p1a: Pelipper
|-damage|p1a: Pelipper|78/100
|-start|p1a: Pelipper|Salt Cure
|
|-weather|RainDance|[upkeep]
|-heal|p2a: Garganacl|44/100|[from] item: Leftovers
|-damage|p1a: Pelipper|53/100|[from] Salt Cure
|upkeep
|turn|2
|
|t:|1757929072
|switch|p1a: Ogerpon|Ogerpon-Wellspring, F|100/100
|move|p2a: Garganacl|Protect||[still]
|-fail|p2a: Garganacl
|
|-weather|RainDance|[upkeep]
|-heal|p2a: Garganacl|50/100|[from] item: Leftovers
|upkeep
|turn|3
|
|t:|1757929090
|move|p1a: Ogerpon|Swords Dance|p1a: Ogerpon
|-boost|p1a: Ogerpon|atk|2
|move|p2a: Garganacl|Recover|p2a: Garganacl
|-heal|p2a: Garganacl|100/100
|
|-weather|RainDance|[upkeep]
|upkeep
|turn|4
|
|t:|1757929098
|move|p1a: Ogerpon|Encore|p2a: Garganacl
|-start|p2a: Garganacl|Encore
|move|p2a: Garganacl|Recover||[still]
|-fail|p2a: Garganacl|heal
|
|-weather|RainDance|[upkeep]
|upkeep
|turn|5
|
|t:|1757929103
|switch|p2a: Lycanroc|Lycanroc-Midnight, M|100/100
|move|p1a: Ogerpon|Ivy Cudgel|p2a: Lycanroc|[anim] Ivy Cudgel Water
|-supereffective|p2a: Lycanroc
|-enditem|p2a: Lycanroc|Focus Sash
|-damage|p2a: Lycanroc|1/100
|
|-weather|RainDance|[upkeep]
|upkeep
|turn|6
|
|t:|1757929115
|move|p1a: Ogerpon|Ivy Cudgel|p2a: Lycanroc|[anim] Ivy Cudgel Water
|-supereffective|p2a: Lycanroc
|-damage|p2a: Lycanroc|0 fnt
|faint|p2a: Lycanroc
|
|-weather|RainDance|[upkeep]
|upkeep
|
|t:|1757929126
|switch|p2a: Darkuro|Ceruledge, M, shiny|100/100
|turn|7
|
|t:|1757929132
|move|p1a: Ogerpon|Ivy Cudgel|p2a: Darkuro|[anim] Ivy Cudgel Water
|-supereffective|p2a: Darkuro
|-enditem|p2a: Darkuro|Focus Sash
|-damage|p2a: Darkuro|1/100
|-ability|p2a: Darkuro|Weak Armor|boost
|-unboost|p2a: Darkuro|def|1
|-boost|p2a: Darkuro|spe|2
|move|p2a: Darkuro|Swords Dance|p2a: Darkuro
|-boost|p2a: Darkuro|atk|2
|
|-weather|RainDance|[upkeep]
|upkeep
|turn|8
|
|t:|1757929145
|move|p2a: Darkuro|Close Combat|p1a: Ogerpon
|-damage|p1a: Ogerpon|0 fnt
|-unboost|p2a: Darkuro|def|1
|-unboost|p2a: Darkuro|spd|1
|faint|p1a: Ogerpon
|
|-weather|none
|upkeep
|
|t:|1757929150
|switch|p1a: Clodsire|Clodsire, M|100/100
|turn|9
|
|t:|1757929158
|move|p2a: Darkuro|Shadow Sneak|p1a: Clodsire
|-damage|p1a: Clodsire|74/100
|move|p1a: Clodsire|Earthquake|p2a: Darkuro
|-supereffective|p2a: Darkuro
|-damage|p2a: Darkuro|0 fnt
|faint|p2a: Darkuro
|
|-heal|p1a: Clodsire|80/100|[from] item: Leftovers
|upkeep
|
|t:|1757929171
|switch|p2a: Greninja|Greninja, M|100/100
|turn|10
|
|t:|1757929175
|switch|p1a: Pelipper|Pelipper, F|53/100
|-weather|RainDance|[from] ability: Drizzle|[of] p1a: Pelipper
|move|p2a: Greninja|Ice Beam|p1a: Pelipper
|-start|p2a: Greninja|typechange|Ice|[from] ability: Protean
|-damage|p1a: Pelipper|0 fnt
|faint|p1a: Pelipper
|
|-weather|RainDance|[upkeep]
|upkeep
|
|t:|1757929201
|switch|p1a: Clodsire|Clodsire, M|80/100
|turn|11
|
|t:|1757929204
|move|p2a: Greninja|Ice Beam|p1a: Clodsire
|-supereffective|p1a: Clodsire
|-damage|p1a: Clodsire|28/100
|move|p1a: Clodsire|Earthquake|p2a: Greninja
|-damage|p2a: Greninja|48/100
|
|-weather|RainDance|[upkeep]
|-heal|p1a: Clodsire|34/100|[from] item: Leftovers
|upkeep
|turn|12
|
|t:|1757929219
|move|p2a: Greninja|Ice Beam|p1a: Clodsire
|-supereffective|p1a: Clodsire
|-damage|p1a: Clodsire|0 fnt
|faint|p1a: Clodsire
|
|-weather|RainDance|[upkeep]
|upkeep
|
|t:|1757929222
|switch|p1a: Dragapult|Dragapult, F|100/100
|turn|13
|
|t:|1757929229
|-terastallize|p1a: Dragapult|Water
|move|p1a: Dragapult|Surf|p2a: Greninja
|-damage|p2a: Greninja|0 fnt
|faint|p2a: Greninja
|
|-weather|RainDance|[upkeep]
|upkeep
|
|t:|1757929245
|switch|p2a: Garganacl|Garganacl, M|100/100
|turn|14
|
|t:|1757929251
|move|p1a: Dragapult|Surf|p2a: Garganacl
|-supereffective|p2a: Garganacl
|-damage|p2a: Garganacl|30/100
|move|p2a: Garganacl|Salt Cure|p1a: Dragapult
|-damage|p1a: Dragapult|83/100
|-start|p1a: Dragapult|Salt Cure
|
|-weather|RainDance|[upkeep]
|-heal|p2a: Garganacl|36/100|[from] item: Leftovers
|-damage|p1a: Dragapult|58/100|[from] Salt Cure
|upkeep
|turn|15
|
|t:|1757929263
|move|p2a: Garganacl|Protect|p2a: Garganacl
|-singleturn|p2a: Garganacl|Protect
|move|p1a: Dragapult|Surf|p2a: Garganacl
|-activate|p2a: Garganacl|move: Protect
|
|-weather|RainDance|[upkeep]
|-heal|p2a: Garganacl|43/100|[from] item: Leftovers
|-damage|p1a: Dragapult|33/100|[from] Salt Cure
|upkeep
|turn|16
|
|t:|1757929274
|switch|p1a: Goodra|Goodra, F|100/100
|switch|p2a: Salamence|Salamence, M|100/100
|-ability|p2a: Salamence|Intimidate|boost
|-unboost|p1a: Goodra|atk|1
|
|-weather|RainDance|[upkeep]
|upkeep
|turn|17
|
|t:|1757929284
|move|p2a: Salamence|Dragon Dance|p2a: Salamence
|-boost|p2a: Salamence|atk|1
|-boost|p2a: Salamence|spe|1
|move|p1a: Goodra|Draco Meteor|p2a: Salamence
|-supereffective|p2a: Salamence
|-damage|p2a: Salamence|0 fnt
|-unboost|p1a: Goodra|spa|2
|faint|p2a: Salamence
|
|-weather|none
|upkeep
|
|t:|1757929295
|switch|p2a: Garganacl|Garganacl, M|43/100
|turn|18
|
|t:|1757929303
|switch|p1a: Zapdos|Zapdos|100/100
|-ability|p1a: Zapdos|Pressure
|move|p2a: Garganacl|Recover|p2a: Garganacl
|-heal|p2a: Garganacl|93/100
|
|-heal|p2a: Garganacl|99/100|[from] item: Leftovers
|upkeep
|turn|19
|
|t:|1757929319
|move|p1a: Zapdos|Hurricane|p2a: Garganacl
|-resisted|p2a: Garganacl
|-damage|p2a: Garganacl|84/100
|move|p2a: Garganacl|Salt Cure|p1a: Zapdos
|-supereffective|p1a: Zapdos
|-damage|p1a: Zapdos|72/100
|-start|p1a: Zapdos|Salt Cure
|
|-heal|p2a: Garganacl|90/100|[from] item: Leftovers
|-damage|p1a: Zapdos|60/100|[from] Salt Cure
|upkeep
|turn|20
|
|t:|1757929331
|move|p1a: Zapdos|Hurricane|p2a: Garganacl
|-resisted|p2a: Garganacl
|-damage|p2a: Garganacl|76/100
|move|p2a: Garganacl|Salt Cure|p1a: Zapdos
|-supereffective|p1a: Zapdos
|-damage|p1a: Zapdos|34/100
|
|-heal|p2a: Garganacl|82/100|[from] item: Leftovers
|-damage|p1a: Zapdos|21/100|[from] Salt Cure
|upkeep
|turn|21
|
|t:|1757929343
|move|p1a: Zapdos|Hurricane|p2a: Garganacl|[miss]
|-miss|p1a: Zapdos|p2a: Garganacl
|move|p2a: Garganacl|Salt Cure|p1a: Zapdos
|-supereffective|p1a: Zapdos
|-damage|p1a: Zapdos|0 fnt
|faint|p1a: Zapdos
|
|-heal|p2a: Garganacl|89/100|[from] item: Leftovers
|upkeep
|
|t:|1757929345
|switch|p1a: Dragapult|Dragapult, F, tera:Water|33/100
|turn|22
|
|t:|1757929355
|move|p1a: Dragapult|Surf|p2a: Garganacl
|-supereffective|p2a: Garganacl
|-damage|p2a: Garganacl|40/100
|move|p2a: Garganacl|Salt Cure|p1a: Dragapult
|-damage|p1a: Dragapult|13/100
|-start|p1a: Dragapult|Salt Cure
|
|-heal|p2a: Garganacl|46/100|[from] item: Leftovers
|-damage|p1a: Dragapult|0 fnt|[from] Salt Cure
|faint|p1a: Dragapult
|upkeep
|
|t:|1757929361
|switch|p1a: Goodra|Goodra, F|100/100
|turn|23
|
|t:|1757929370
|move|p1a: Goodra|Draco Meteor|p2a: Garganacl
|-damage|p2a: Garganacl|5/100
|-unboost|p1a: Goodra|spa|2
|move|p2a: Garganacl|Recover|p2a: Garganacl
|-heal|p2a: Garganacl|55/100
|
|-heal|p2a: Garganacl|61/100|[from] item: Leftovers
|upkeep
|turn|24
|-message|snowingmittens forfeited.
|
|win|Karan8179
|raw|snowingmittens's rating: 1089 &rarr; <strong>1064</strong><br />(-25 for losing)
|raw|Karan8179's rating: 1063 &rarr; <strong>1096</strong><br />(+33 for winning)
|l|☆snowingmittens
|player|p1|
|l|☆Karan8179
|player|p2|
