|j|☆BornOfCreed
|j|☆itstheboyjay
|t:|1757815548
|gametype|singles
|player|p1|BornOfCreed|ghetsis|1119
|player|p2|itstheboyjay|101|1090
|gen|9
|tier|[Gen 9] OU
|rated|
|rule|HP Percentage Mod: HP is shown in percentages
|rule|Endless Battle Clause: Forcing endless battles is banned
|rule|Species Clause: Limit one of each Pokémon
|rule|OHKO Clause: OHKO moves are banned
|rule|Evasion Items Clause: Evasion items are banned
|rule|Evasion Moves Clause: Evasion moves are banned
|rule|Evasion Abilities Clause: Evasion abilities are banned
|rule|Sleep Moves Clause: Sleep-inducing moves are banned
|clearpoke
|poke|p1|Amoonguss, M|
|poke|p1|Milotic, F|
|poke|p1|Muk, M|
|poke|p1|Avalugg-Hisui, F|
|poke|p1|Scyther, M|
|poke|p1|Shelgon, M|
|poke|p2|Salamence, M|
|poke|p2|Dusclops, M|
|poke|p2|Jirachi|
|poke|p2|Milotic, F|
|poke|p2|Slaking, F|
|poke|p2|Seviper, F|
|teampreview
|inactive|Battle timer is ON: inactive players will automatically lose when time's up. (requested by itstheboyjay)
|
|t:|1757815559
|teamsize|p1|6
|teamsize|p2|6
|start
|switch|p1a: Avalugg|Avalugg-Hisui, F|100/100
|switch|p2a: Slaking|Slaking, F, shiny|100/100
|turn|1
|
|t:|1757815585
|switch|p1a: Amoonguss|Amoonguss, M|100/100
|move|p2a: Slaking|Drain Punch|p1a: Amoonguss
|-resisted|p1a: Amoonguss
|-damage|p1a: Amoonguss|83/100
|-damage|p2a: Slaking|84/100|[from] item: Rocky Helmet|[of] p1a: Amoonguss
|
|upkeep
|turn|2
|
|t:|1757815592
|switch|p2a: Seviper|Seviper, F, shiny|100/100
|move|p1a: Amoonguss|Stun Spore|p2a: Seviper
|-status|p2a: Seviper|par
|
|-activate|p2a: Seviper|ability: Shed Skin
|-curestatus|p2a: Seviper|par|[msg]
|upkeep
|turn|3
|
|t:|1757815606
|move|p2a: Seviper|Switcheroo|p1a: Amoonguss
|-activate|p2a: Seviper|move: Trick|[of] p1a: Amoonguss
|-item|p1a: Amoonguss|Choice Scarf|[from] move: Switcheroo
|-item|p2a: Seviper|Rocky Helmet|[from] move: Switcheroo
|move|p1a: Amoonguss|Stun Spore|p2a: Seviper
|-status|p2a: Seviper|par
|
|upkeep
|turn|4
|
|t:|1757815623
|switch|p1a: Muk|Muk, M|100/100
|move|p2a: Seviper|Coil|p2a: Seviper
|-boost|p2a: Seviper|atk|1
|-boost|p2a: Seviper|def|1
|-boost|p2a: Seviper|accuracy|1
|
|upkeep
|turn|5
|
|t:|1757815630
|move|p1a: Muk|Curse|p1a: Muk
|-unboost|p1a: Muk|spe|1
|-boost|p1a: Muk|atk|1
|-boost|p1a: Muk|def|1
|cant|p2a: Seviper|par
|
|upkeep
|turn|6
|
|t:|1757815636
|move|p1a: Muk|Curse|p1a: Muk
|-unboost|p1a: Muk|spe|1
|-boost|p1a: Muk|atk|1
|-boost|p1a: Muk|def|1
|move|p2a: Seviper|Coil|p2a: Seviper
|-boost|p2a: Seviper|atk|1
|-boost|p2a: Seviper|def|1
|-boost|p2a: Seviper|accuracy|1
|
|upkeep
|turn|7
|
|t:|1757815644
|cant|p2a: Seviper|par
|move|p1a: Muk|Curse|p1a: Muk
|-unboost|p1a: Muk|spe|1
|-boost|p1a: Muk|atk|1
|-boost|p1a: Muk|def|1
|
|upkeep
|turn|8
|
|t:|1757815649
|cant|p2a: Seviper|par
|move|p1a: Muk|Curse|p1a: Muk
|-unboost|p1a: Muk|spe|1
|-boost|p1a: Muk|atk|1
|-boost|p1a: Muk|def|1
|
|upkeep
|turn|9
|c|☆itstheboyjay|hruh wheres my shek skin
|
|t:|1757815658
|move|p2a: Seviper|Coil|p2a: Seviper
|-boost|p2a: Seviper|atk|1
|-boost|p2a: Seviper|def|1
|-boost|p2a: Seviper|accuracy|1
|move|p1a: Muk|Curse|p1a: Muk
|-unboost|p1a: Muk|spe|1
|-boost|p1a: Muk|atk|1
|-boost|p1a: Muk|def|1
|
|upkeep
|turn|10
|
|t:|1757815665
|move|p2a: Seviper|Coil|p2a: Seviper
|-boost|p2a: Seviper|atk|1
|-boost|p2a: Seviper|def|1
|-boost|p2a: Seviper|accuracy|1
|move|p1a: Muk|Curse|p1a: Muk
|-unboost|p1a: Muk|spe|1
|-boost|p1a: Muk|atk|1
|-boost|p1a: Muk|def|1
|
|-activate|p2a: Seviper|ability: Shed Skin
|-curestatus|p2a: Seviper|par|[msg]
|upkeep
|turn|11
|
|t:|1757815679
|-terastallize|p1a: Muk|Ghost
|move|p1a: Muk|Shadow Sneak|p2a: Seviper
|-damage|p2a: Seviper|70/100
|-damage|p1a: Muk|84/100|[from] item: Rocky Helmet|[of] p2a: Seviper
|-damage|p1a: Muk|74/100|[from] item: Life Orb
|move|p2a: Seviper|Coil|p2a: Seviper
|-boost|p2a: Seviper|atk|1
|-boost|p2a: Seviper|def|1
|-boost|p2a: Seviper|accuracy|1
|
|upkeep
|turn|12
|
|t:|1757815690
|move|p2a: Seviper|Crunch|p1a: Muk
|-supereffective|p1a: Muk
|-damage|p1a: Muk|40/100
|move|p1a: Muk|Curse|p2a: Seviper
|-start|p2a: Seviper|Curse|[of] p1a: Muk
|-damage|p1a: Muk|0 fnt
|faint|p1a: Muk
|
|-damage|p2a: Seviper|45/100|[from] Curse
|upkeep
|
|t:|1757815711
|switch|p1a: Scyther|Scyther, M|100/100
|turn|13
|
|t:|1757815715
|move|p1a: Scyther|Dual Wingbeat|p2a: Seviper
|-damage|p2a: Seviper|36/100
|-damage|p1a: Scyther|84/100|[from] item: Rocky Helmet|[of] p2a: Seviper
|-damage|p2a: Seviper|29/100
|-damage|p1a: Scyther|68/100|[from] item: Rocky Helmet|[of] p2a: Seviper
|-hitcount|p2a: Seviper|2
|move|p2a: Seviper|Gunk Shot|p1a: Scyther
|-damage|p1a: Scyther|0 fnt
|faint|p1a: Scyther
|
|-damage|p2a: Seviper|4/100|[from] Curse
|upkeep
|
|t:|1757815730
|switch|p1a: Avalugg|Avalugg-Hisui, F|100/100
|turn|14
|
|t:|1757815738
|switch|p1a: Amoonguss|Amoonguss, M|83/100
|move|p2a: Seviper|Gunk Shot|p1a: Amoonguss
|-damage|p1a: Amoonguss|0 fnt
|faint|p1a: Amoonguss
|
|-damage|p2a: Seviper|0 fnt|[from] Curse
|faint|p2a: Seviper
|upkeep
|
|t:|1757815750
|switch|p2a: Jirachi|Jirachi, shiny|100/100
|switch|p1a: Avalugg|Avalugg-Hisui, F|100/100
|turn|15
|
|t:|1757815757
|move|p2a: Jirachi|Meteor Mash|p1a: Avalugg
|-supereffective|p1a: Avalugg
|-damage|p1a: Avalugg|15/100
|move|p1a: Avalugg|Crunch|p2a: Jirachi
|-supereffective|p2a: Jirachi
|-damage|p2a: Jirachi|0 fnt
|faint|p2a: Jirachi
|
|upkeep
|
|t:|1757815768
|switch|p2a: Salamence|Salamence, M, shiny|100/100
|-ability|p2a: Salamence|Intimidate|boost
|-unboost|p1a: Avalugg|atk|1
|turn|16
|
|t:|1757815773
|move|p2a: Salamence|Hurricane|p1a: Avalugg
|-resisted|p1a: Avalugg
|-damage|p1a: Avalugg|0 fnt
|faint|p1a: Avalugg
|
|upkeep
|
|t:|1757815777
|switch|p1a: Milotic|Milotic, F|100/100
|turn|17
|
|t:|1757815780
|switch|p2a: Milotic|Milotic, F, shiny|100/100
|move|p1a: Milotic|Blizzard|p2a: Milotic
|-resisted|p2a: Milotic
|-crit|p2a: Milotic
|-damage|p2a: Milotic|83/100
|
|-heal|p2a: Milotic|89/100|[from] item: Leftovers
|upkeep
|turn|18
|
|t:|1757815788
|switch|p2a: Slaking|Slaking, F, shiny|84/100
|move|p1a: Milotic|Dragon Breath|p2a: Slaking
|-crit|p2a: Slaking
|-damage|p2a: Slaking|51/100
|
|upkeep
|turn|19
|
|t:|1757815794
|move|p2a: Slaking|Giga Impact|p1a: Milotic
|-damage|p1a: Milotic|0 fnt
|-mustrecharge|p2a: Slaking
|faint|p1a: Milotic
|
|upkeep
|
|t:|1757815798
|switch|p1a: Shelgon|Shelgon, M|100/100
|turn|20
|
|t:|1757815801
|cant|p2a: Slaking|recharge
|move|p1a: Shelgon|Dragon Dance|p1a: Shelgon
|-boost|p1a: Shelgon|atk|1
|-boost|p1a: Shelgon|spe|1
|
|upkeep
|turn|21
|
|t:|1757815806
|move|p2a: Slaking|Giga Impact|p1a: Shelgon|[miss]
|-miss|p2a: Slaking|p1a: Shelgon
|move|p1a: Shelgon|Dragon Dance|p1a: Shelgon
|-boost|p1a: Shelgon|atk|1
|-boost|p1a: Shelgon|spe|1
|
|upkeep
|turn|22
|
|t:|1757815813
|move|p1a: Shelgon|Outrage|p2a: Slaking
|-damage|p2a: Slaking|0 fnt
|faint|p2a: Slaking
|
|upkeep
|
|t:|1757815818
|switch|p2a: Dusclops|Dusclops, M, shiny|100/100
|-ability|p2a: Dusclops|Pressure
|turn|23
|
|t:|1757815822
|move|p1a: Shelgon|Outrage|p2a: Dusclops|[from] lockedmove
|-damage|p2a: Dusclops|56/100
|-start|p1a: Shelgon|confusion|[fatigue]
|move|p2a: Dusclops|Bind|p1a: Shelgon
|-damage|p1a: Shelgon|99/100
|-activate|p1a: Shelgon|move: Bind|[of] p2a: Dusclops
|
|-damage|p1a: Shelgon|86/100|[from] move: Bind|[partiallytrapped]
|upkeep
|turn|24
|
|t:|1757815831
|-activate|p1a: Shelgon|confusion
|move|p1a: Shelgon|Crunch|p2a: Dusclops
|-supereffective|p2a: Dusclops
|-damage|p2a: Dusclops|9/100
|move|p2a: Dusclops|Rest|p2a: Dusclops
|-status|p2a: Dusclops|slp|[from] move: Rest
|-heal|p2a: Dusclops|100/100 slp|[silent]
|
|-damage|p1a: Shelgon|74/100|[from] move: Bind|[partiallytrapped]
|upkeep
|turn|25
|
|t:|1757815840
|-activate|p1a: Shelgon|confusion
|-damage|p1a: Shelgon|46/100|[from] confusion
|cant|p2a: Dusclops|slp
|move|p2a: Dusclops|Sleep Talk|p2a: Dusclops
|move|p2a: Dusclops|Bind|p1a: Shelgon|[from] move: Sleep Talk|[miss]
|-miss|p2a: Dusclops|p1a: Shelgon
|
|-damage|p1a: Shelgon|34/100|[from] move: Bind|[partiallytrapped]
|upkeep
|turn|26
|
|t:|1757815849
|-activate|p1a: Shelgon|confusion
|move|p1a: Shelgon|Dragon Dance|p1a: Shelgon
|-boost|p1a: Shelgon|atk|1
|-boost|p1a: Shelgon|spe|1
|cant|p2a: Dusclops|slp
|move|p2a: Dusclops|Sleep Talk|p2a: Dusclops
|move|p2a: Dusclops|Rest||[from] move: Sleep Talk|[still]
|-fail|p2a: Dusclops
|
|-damage|p1a: Shelgon|22/100|[from] move: Bind|[partiallytrapped]
|upkeep
|turn|27
|
|t:|1757815859
|-end|p1a: Shelgon|confusion
|move|p1a: Shelgon|Dragon Dance|p1a: Shelgon
|-boost|p1a: Shelgon|atk|1
|-boost|p1a: Shelgon|spe|1
|-curestatus|p2a: Dusclops|slp|[msg]
|move|p2a: Dusclops|Night Shade|p1a: Shelgon
|-damage|p1a: Shelgon|0 fnt
|faint|p1a: Shelgon
|
|win|itstheboyjay
|raw|BornOfCreed's rating: 1119 &rarr; <strong>1092</strong><br />(-27 for losing)
|raw|itstheboyjay's rating: 1090 &rarr; <strong>1119</strong><br />(+29 for winning)
|l|☆BornOfCreed
|player|p1|
|l|☆itstheboyjay
|player|p2|
