|j|☆ryanblob2
|j|☆Jatzism
|t:|1757842872
|gametype|singles
|player|p1|ryanblob2|1|1075
|player|p2|Jatzism|pokemaniac|1097
|gen|9
|tier|[Gen 9] OU
|rated|
|rule|HP Percentage Mod: HP is shown in percentages
|rule|Endless Battle Clause: Forcing endless battles is banned
|rule|Species Clause: Limit one of each Pokémon
|rule|OHKO Clause: OHKO moves are banned
|rule|Evasion Items Clause: Evasion items are banned
|rule|Evasion Moves Clause: Evasion moves are banned
|rule|Evasion Abilities Clause: Evasion abilities are banned
|rule|Sleep Moves Clause: Sleep-inducing moves are banned
|clearpoke
|poke|p1|Chansey, F|
|poke|p1|Slowbro, F|
|poke|p1|Clodsire, F|
|poke|p1|Tyranitar, F|
|poke|p1|Skarmory, F|
|poke|p1|Clefable, M|
|poke|p2|Clawitzer, F|
|poke|p2|Slowbro-Galar, F|
|poke|p2|Garchomp, F|
|poke|p2|Glimmora, M|
|poke|p2|Grotle, F|
|poke|p2|Kingambit, M|
|teampreview
|inactive|Battle timer is ON: inactive players will automatically lose when time's up. (requested by Jatzism)
|
|t:|1757842884
|teamsize|p1|6
|teamsize|p2|6
|start
|switch|p1a: Clodsire|Clodsire, F|100/100
|switch|p2a: Clawitzer|Clawitzer, F|100/100
|turn|1
|
|t:|1757842891
|move|p2a: Clawitzer|Dragon Pulse|p1a: Clodsire
|-damage|p1a: Clodsire|62/100
|move|p1a: Clodsire|Stealth Rock|p2a: Clawitzer
|-sidestart|p2: Jatzism|move: Stealth Rock
|
|upkeep
|turn|2
|
|t:|1757842897
|move|p2a: Clawitzer|Dragon Pulse|p1a: Clodsire
|-damage|p1a: Clodsire|26/100
|move|p1a: Clodsire|Recover|p1a: Clodsire
|-heal|p1a: Clodsire|76/100
|
|upkeep
|turn|3
|
|t:|1757842904
|switch|p2a: Garchomp|Garchomp, F|100/100
|-damage|p2a: Garchomp|94/100|[from] Stealth Rock
|move|p1a: Clodsire|Toxic Spikes|p2a: Garchomp
|-sidestart|p2: Jatzism|move: Toxic Spikes
|
|upkeep
|turn|4
|
|t:|1757842910
|move|p2a: Garchomp|Scale Shot|p1a: Clodsire
|-damage|p1a: Clodsire|60/100
|-damage|p1a: Clodsire|43/100
|-damage|p1a: Clodsire|27/100
|-damage|p1a: Clodsire|11/100
|-hitcount|p1a: Clodsire|4
|-unboost|p2a: Garchomp|def|1
|-boost|p2a: Garchomp|spe|1
|move|p1a: Clodsire|Toxic Spikes|p2a: Garchomp
|-sidestart|p2: Jatzism|move: Toxic Spikes
|
|upkeep
|turn|5
|
|t:|1757842921
|move|p2a: Garchomp|Scale Shot|p1a: Clodsire|[miss]
|-miss|p2a: Garchomp|p1a: Clodsire
|move|p1a: Clodsire|Recover|p1a: Clodsire
|-heal|p1a: Clodsire|61/100
|
|upkeep
|turn|6
|
|t:|1757842928
|move|p2a: Garchomp|Scale Shot|p1a: Clodsire
|-damage|p1a: Clodsire|47/100
|-damage|p1a: Clodsire|31/100
|-damage|p1a: Clodsire|16/100
|-damage|p1a: Clodsire|0 fnt
|faint|p1a: Clodsire
|-hitcount|p1: Clodsire|4
|-unboost|p2a: Garchomp|def|1
|-boost|p2a: Garchomp|spe|1
|
|upkeep
|
|t:|1757842940
|switch|p1a: Clefable|Clefable, M|100/100
|turn|7
|
|t:|1757842945
|move|p2a: Garchomp|Iron Head|p1a: Clefable
|-supereffective|p1a: Clefable
|-damage|p1a: Clefable|29/100
|move|p1a: Clefable|Moonblast|p2a: Garchomp
|-supereffective|p2a: Garchomp
|-damage|p2a: Garchomp|2/100
|
|-status|p1a: Clefable|tox|[from] item: Toxic Orb
|upkeep
|turn|8
|
|t:|1757842953
|move|p2a: Garchomp|Iron Head|p1a: Clefable
|-supereffective|p1a: Clefable
|-damage|p1a: Clefable|0 fnt
|faint|p1a: Clefable
|
|upkeep
|
|t:|1757842970
|switch|p1a: Slowbro|Slowbro, F|100/100
|turn|9
|
|t:|1757842974
|move|p2a: Garchomp|Scale Shot|p1a: Slowbro
|-damage|p1a: Slowbro|93/100
|-damage|p1a: Slowbro|83/100
|-damage|p1a: Slowbro|75/100
|-damage|p1a: Slowbro|67/100
|-hitcount|p1a: Slowbro|4
|-unboost|p2a: Garchomp|def|1
|-boost|p2a: Garchomp|spe|1
|move|p1a: Slowbro|Scald|p2a: Garchomp
|-damage|p2a: Garchomp|0 fnt
|faint|p2a: Garchomp
|
|upkeep
|
|t:|1757842987
|switch|p2a: Glimmora|Glimmora, M|100/100
|-damage|p2a: Glimmora|88/100|[from] Stealth Rock
|-sideend|p2: Jatzism|move: Toxic Spikes|[of] p2a: Glimmora
|turn|10
|
|t:|1757842992
|move|p2a: Glimmora|Mortal Spin|p1a: Slowbro
|-damage|p1a: Slowbro|63/100
|-status|p1a: Slowbro|psn
|-damage|p2a: Glimmora|72/100|[from] item: Rocky Helmet|[of] p1a: Slowbro
|-sideend|p2: Jatzism|Stealth Rock|[from] move: Mortal Spin|[of] p2a: Glimmora
|move|p1a: Slowbro|Calm Mind|p1a: Slowbro
|-boost|p1a: Slowbro|spa|1
|-boost|p1a: Slowbro|spd|1
|
|-damage|p1a: Slowbro|51/100 psn|[from] psn
|upkeep
|turn|11
|
|t:|1757843002
|move|p2a: Glimmora|Meteor Beam||[still]
|-prepare|p2a: Glimmora|Meteor Beam
|-boost|p2a: Glimmora|spa|1
|-enditem|p2a: Glimmora|Power Herb
|-anim|p2a: Glimmora|Meteor Beam|p1a: Slowbro
|-damage|p1a: Slowbro|0 fnt
|faint|p1a: Slowbro
|
|upkeep
|
|t:|1757843008
|switch|p1a: Skarmory|Skarmory, F|100/100
|turn|12
|
|t:|1757843015
|move|p2a: Glimmora|Meteor Beam||[still]
|-prepare|p2a: Glimmora|Meteor Beam
|-boost|p2a: Glimmora|spa|1
|move|p1a: Skarmory|Roar|p2a: Glimmora
|drag|p2a: Grotle|Grotle, F|100/100
|
|upkeep
|turn|13
|
|t:|1757843023
|switch|p2a: Clawitzer|Clawitzer, F|100/100
|move|p1a: Skarmory|Brave Bird|p2a: Clawitzer
|-damage|p2a: Clawitzer|44/100
|-damage|p1a: Skarmory|81/100|[from] Recoil
|
|-heal|p1a: Skarmory|87/100|[from] item: Leftovers
|upkeep
|turn|14
|
|t:|1757843031
|move|p1a: Skarmory|Brave Bird|p2a: Clawitzer
|-damage|p2a: Clawitzer|0 fnt
|faint|p2a: Clawitzer
|-damage|p1a: Skarmory|72/100|[from] Recoil
|
|-heal|p1a: Skarmory|78/100|[from] item: Leftovers
|upkeep
|
|t:|1757843038
|switch|p2a: Fastbro|Slowbro-Galar, F|100/100
|turn|15
|
|t:|1757843043
|move|p2a: Fastbro|Flamethrower|p1a: Skarmory
|-supereffective|p1a: Skarmory
|-damage|p1a: Skarmory|2/100
|move|p1a: Skarmory|Roar|p2a: Fastbro
|drag|p2a: Glimmora|Glimmora, M|72/100
|
|-heal|p1a: Skarmory|8/100|[from] item: Leftovers
|upkeep
|turn|16
|
|t:|1757843053
|move|p2a: Glimmora|Meteor Beam||[still]
|-prepare|p2a: Glimmora|Meteor Beam
|-boost|p2a: Glimmora|spa|1
|move|p1a: Skarmory|Brave Bird|p2a: Glimmora
|-resisted|p2a: Glimmora
|-damage|p2a: Glimmora|47/100
|-activate|p2a: Glimmora|ability: Toxic Debris
|-sidestart|p1: ryanblob2|move: Toxic Spikes
|-damage|p1a: Skarmory|0 fnt|[from] Recoil
|faint|p1a: Skarmory
|
|upkeep
|
|t:|1757843066
|switch|p1a: Chansey|Chansey, F|100/100
|-status|p1a: Chansey|psn
|turn|17
|
|t:|1757843070
|move|p2a: Glimmora|Meteor Beam|p1a: Chansey|[from] lockedmove
|-damage|p1a: Chansey|77/100 psn
|move|p1a: Chansey|Seismic Toss|p2a: Glimmora
|-damage|p2a: Glimmora|20/100
|-activate|p2a: Glimmora|ability: Toxic Debris
|-sidestart|p1: ryanblob2|move: Toxic Spikes
|
|-damage|p1a: Chansey|64/100 psn|[from] psn
|upkeep
|turn|18
|
|t:|1757843081
|move|p2a: Glimmora|Sludge Wave|p1a: Chansey
|-damage|p1a: Chansey|44/100 psn
|move|p1a: Chansey|Seismic Toss|p2a: Glimmora
|-damage|p2a: Glimmora|0 fnt
|faint|p2a: Glimmora
|
|-damage|p1a: Chansey|32/100 psn|[from] psn
|upkeep
|
|t:|1757843089
|switch|p2a: Grotle|Grotle, F|100/100
|turn|19
|
|t:|1757843094
|move|p1a: Chansey|Soft-Boiled|p1a: Chansey
|-heal|p1a: Chansey|82/100 psn
|move|p2a: Grotle|Leech Seed|p1a: Chansey|[miss]
|-miss|p2a: Grotle|p1a: Chansey
|
|-damage|p1a: Chansey|69/100 psn|[from] psn
|upkeep
|turn|20
|
|t:|1757843105
|move|p1a: Chansey|Thunder Wave|p2a: Grotle
|-status|p2a: Grotle|par
|move|p2a: Grotle|Substitute|p2a: Grotle
|-start|p2a: Grotle|Substitute
|-damage|p2a: Grotle|76/100 par
|
|-damage|p1a: Chansey|57/100 psn|[from] psn
|upkeep
|turn|21
|
|t:|1757843115
|move|p1a: Chansey|Heal Bell|p1a: Chansey
|-activate|p1a: Chansey|move: Heal Bell
|-curestatus|p1a: Chansey|psn|[msg]
|move|p2a: Grotle|Leech Seed|p1a: Chansey
|-start|p1a: Chansey|move: Leech Seed
|
|-damage|p1a: Chansey|44/100|[from] Leech Seed|[of] p2a: Grotle
|-heal|p2a: Grotle|99/100 par|[silent]
|upkeep
|turn|22
|
|t:|1757843124
|move|p1a: Chansey|Heal Bell||[still]
|-activate|p1a: Chansey|move: Heal Bell
|-fail|p1a: Chansey
|move|p2a: Grotle|Sand Tomb|p1a: Chansey
|-damage|p1a: Chansey|38/100
|-activate|p1a: Chansey|move: Sand Tomb|[of] p2a: Grotle
|
|-damage|p1a: Chansey|26/100|[from] Leech Seed|[of] p2a: Grotle
|-heal|p2a: Grotle|100/100 par|[silent]
|-damage|p1a: Chansey|13/100|[from] move: Sand Tomb|[partiallytrapped]
|upkeep
|turn|23
|
|t:|1757843135
|move|p1a: Chansey|Soft-Boiled|p1a: Chansey
|-heal|p1a: Chansey|63/100
|cant|p2a: Grotle|par
|
|-damage|p1a: Chansey|51/100|[from] Leech Seed|[of] p2a: Grotle
|-damage|p1a: Chansey|38/100|[from] move: Sand Tomb|[partiallytrapped]
|upkeep
|turn|24
|
|t:|1757843143
|move|p1a: Chansey|Seismic Toss|p2a: Grotle
|-end|p2a: Grotle|Substitute
|cant|p2a: Grotle|par
|
|-damage|p1a: Chansey|26/100|[from] Leech Seed|[of] p2a: Grotle
|-damage|p1a: Chansey|13/100|[from] move: Sand Tomb|[partiallytrapped]
|upkeep
|turn|25
|
|t:|1757843151
|move|p1a: Chansey|Soft-Boiled|p1a: Chansey
|-heal|p1a: Chansey|63/100
|move|p2a: Grotle|Substitute|p2a: Grotle
|-start|p2a: Grotle|Substitute
|-damage|p2a: Grotle|76/100 par
|
|-damage|p1a: Chansey|51/100|[from] Leech Seed|[of] p2a: Grotle
|-heal|p2a: Grotle|99/100 par|[silent]
|-damage|p1a: Chansey|38/100|[from] move: Sand Tomb|[partiallytrapped]
|upkeep
|turn|26
|
|t:|1757843167
|move|p1a: Chansey|Seismic Toss|p2a: Grotle
|-end|p2a: Grotle|Substitute
|move|p2a: Grotle|Sand Tomb|p1a: Chansey
|-damage|p1a: Chansey|32/100
|
|-damage|p1a: Chansey|20/100|[from] Leech Seed|[of] p2a: Grotle
|-heal|p2a: Grotle|100/100 par|[silent]
|-end|p1a: Chansey|Sand Tomb|[partiallytrapped]
|upkeep
|turn|27
|
|t:|1757843176
|move|p1a: Chansey|Seismic Toss|p2a: Grotle
|-damage|p2a: Grotle|72/100 par
|move|p2a: Grotle|Sand Tomb|p1a: Chansey
|-damage|p1a: Chansey|14/100
|-activate|p1a: Chansey|move: Sand Tomb|[of] p2a: Grotle
|
|-damage|p1a: Chansey|1/100|[from] Leech Seed|[of] p2a: Grotle
|-heal|p2a: Grotle|95/100 par|[silent]
|-damage|p1a: Chansey|0 fnt|[from] move: Sand Tomb|[partiallytrapped]
|faint|p1a: Chansey
|upkeep
|
|t:|1757843185
|switch|p1a: Tyranitar|Tyranitar, F|100/100
|-status|p1a: Tyranitar|tox
|-weather|Sandstorm|[from] ability: Sand Stream|[of] p1a: Tyranitar
|turn|28
|
|t:|1757843192
|move|p2a: Grotle|Leech Seed|p1a: Tyranitar
|-start|p1a: Tyranitar|move: Leech Seed
|move|p1a: Tyranitar|Dragon Tail|p2a: Grotle
|-damage|p2a: Grotle|80/100 par
|drag|p2a: Kingambit|Kingambit, M|100/100
|-activate|p2a: Kingambit|ability: Supreme Overlord
|-start|p2a: Kingambit|fallen3|[silent]
|
|-weather|Sandstorm|[upkeep]
|-damage|p1a: Tyranitar|88/100 tox|[from] Leech Seed|[of] p2a: Kingambit
|-damage|p1a: Tyranitar|82/100 tox|[from] psn
|upkeep
|turn|29
|
|t:|1757843206
|move|p2a: Kingambit|Iron Head|p1a: Tyranitar
|-supereffective|p1a: Tyranitar
|-damage|p1a: Tyranitar|0 fnt
|faint|p1a: Tyranitar
|
|win|Jatzism
|raw|ryanblob2's rating: 1075 &rarr; <strong>1055</strong><br />(-20 for losing)
|raw|Jatzism's rating: 1097 &rarr; <strong>1121</strong><br />(+24 for winning)
|l|☆ryanblob2
|player|p1|
|c|☆Jatzism|gg
|l|☆Jatzism
|player|p2|
