|j|☆woahwindow
|j|☆Buy my book azul
|t:|1757863630
|gametype|singles
|player|p1|woahwindow|169|1339
|player|p2|Buy my book azul|diantha-masters|1322
|gen|9
|tier|[Gen 9] OU
|rated|
|rule|HP Percentage Mod: HP is shown in percentages
|rule|Endless Battle Clause: Forcing endless battles is banned
|rule|Species Clause: Limit one of each Pokémon
|rule|OHKO Clause: OHKO moves are banned
|rule|Evasion Items Clause: Evasion items are banned
|rule|Evasion Moves Clause: Evasion moves are banned
|rule|Evasion Abilities Clause: Evasion abilities are banned
|rule|Sleep Moves Clause: Sleep-inducing moves are banned
|clearpoke
|poke|p1|Garganacl, M|
|poke|p1|Corviknight, M|
|poke|p1|Kommo-o, F|
|poke|p1|Iron Moth|
|poke|p1|Clodsire, F|
|poke|p1|Meowscarada, M|
|poke|p2|Garchomp, F|
|poke|p2|Dragapult, F|
|poke|p2|Samurott-Hisui, M|
|poke|p2|Scizor, F|
|poke|p2|Gholdengo|
|poke|p2|Ting-Lu|
|teampreview
|
|t:|1757863650
|teamsize|p1|6
|teamsize|p2|6
|start
|switch|p1a: Garganacl|Garganacl, M|100/100
|switch|p2a: Samurott|Samurott-Hisui, M|100/100
|turn|1
|
|t:|1757863654
|-terastallize|p1a: Garganacl|Water
|move|p2a: Samurott|Razor Shell|p1a: Garganacl
|-resisted|p1a: Garganacl
|-damage|p1a: Garganacl|85/100
|-unboost|p1a: Garganacl|def|1
|move|p1a: Garganacl|Salt Cure|p2a: Samurott
|-damage|p2a: Samurott|83/100
|-start|p2a: Samurott|Salt Cure
|
|-heal|p1a: Garganacl|91/100|[from] item: Leftovers
|-damage|p2a: Samurott|58/100|[from] Salt Cure
|upkeep
|turn|2
|
|t:|1757863657
|move|p2a: Samurott|Knock Off|p1a: Garganacl
|-damage|p1a: Garganacl|46/100
|-enditem|p1a: Garganacl|Leftovers|[from] move: Knock Off|[of] p2a: Samurott
|move|p1a: Garganacl|Salt Cure|p2a: Samurott
|-damage|p2a: Samurott|41/100
|
|-damage|p2a: Samurott|16/100|[from] Salt Cure
|upkeep
|turn|3
|
|t:|1757863663
|move|p1a: Garganacl|Protect|p1a: Garganacl
|-singleturn|p1a: Garganacl|Protect
|move|p2a: Samurott|Ceaseless Edge|p1a: Garganacl
|-activate|p1a: Garganacl|move: Protect
|
|-damage|p2a: Samurott|0 fnt|[from] Salt Cure
|faint|p2a: Samurott
|upkeep
|
|t:|1757863675
|switch|p2a: Garchomp|Garchomp, F|100/100
|turn|4
|
|t:|1757863684
|switch|p1a: Meowscarada|Meowscarada, M|100/100
|move|p2a: Garchomp|Swords Dance|p2a: Garchomp
|-boost|p2a: Garchomp|atk|2
|
|upkeep
|turn|5
|
|t:|1757863687
|-terastallize|p2a: Garchomp|Fire
|move|p1a: Meowscarada|Triple Axel|p2a: Garchomp
|-resisted|p2a: Garchomp
|-damage|p2a: Garchomp|98/100
|-damage|p1a: Meowscarada|88/100|[from] ability: Rough Skin|[of] p2a: Garchomp
|-resisted|p2a: Garchomp
|-damage|p2a: Garchomp|93/100
|-damage|p1a: Meowscarada|76/100|[from] ability: Rough Skin|[of] p2a: Garchomp
|-resisted|p2a: Garchomp
|-crit|p2a: Garchomp
|-damage|p2a: Garchomp|80/100
|-damage|p1a: Meowscarada|63/100|[from] ability: Rough Skin|[of] p2a: Garchomp
|-hitcount|p2a: Garchomp|3
|move|p2a: Garchomp|Scale Shot|p1a: Meowscarada
|-damage|p1a: Meowscarada|22/100
|-damage|p1a: Meowscarada|0 fnt
|faint|p1a: Meowscarada
|-hitcount|p1: Meowscarada|2
|-unboost|p2a: Garchomp|def|1
|-boost|p2a: Garchomp|spe|1
|
|upkeep
|
|t:|1757863692
|switch|p1a: Clodsire|Clodsire, F|100/100
|turn|6
|
|t:|1757863704
|move|p2a: Garchomp|Earthquake|p1a: Clodsire
|-supereffective|p1a: Clodsire
|-damage|p1a: Clodsire|0 fnt
|faint|p1a: Clodsire
|
|upkeep
|
|t:|1757863710
|switch|p1a: Kommo-o|Kommo-o, F|100/100
|turn|7
|
|t:|1757863715
|move|p2a: Garchomp|Scale Shot|p1a: Kommo-o|[miss]
|-miss|p2a: Garchomp|p1a: Kommo-o
|move|p1a: Kommo-o|Clanging Scales|p2a: Garchomp
|-damage|p2a: Garchomp|31/100
|-unboost|p1a: Kommo-o|def|1
|-enditem|p1a: Kommo-o|Throat Spray
|-boost|p1a: Kommo-o|spa|1|[from] item: Throat Spray
|
|upkeep
|turn|8
|
|t:|1757863721
|move|p2a: Garchomp|Scale Shot|p1a: Kommo-o
|-supereffective|p1a: Kommo-o
|-damage|p1a: Kommo-o|24/100
|-supereffective|p1a: Kommo-o
|-damage|p1a: Kommo-o|0 fnt
|faint|p1a: Kommo-o
|-hitcount|p1: Kommo-o|2
|-unboost|p2a: Garchomp|def|1
|-boost|p2a: Garchomp|spe|1
|
|upkeep
|
|t:|1757863725
|switch|p1a: Corviknight|Corviknight, M|100/100
|-ability|p1a: Corviknight|Pressure
|turn|9
|
|t:|1757863729
|move|p2a: Garchomp|Tera Blast|p1a: Corviknight|[anim] Tera Blast Fire
|-supereffective|p1a: Corviknight
|-damage|p1a: Corviknight|0 fnt
|faint|p1a: Corviknight
|
|upkeep
|
|t:|1757863731
|switch|p1a: Iron Moth|Iron Moth|100/100
|turn|10
|
|t:|1757863735
|move|p2a: Garchomp|Earthquake|p1a: Iron Moth
|-supereffective|p1a: Iron Moth
|-damage|p1a: Iron Moth|0 fnt
|faint|p1a: Iron Moth
|-end|p1a: Iron Moth|Quark Drive|[silent]
|
|upkeep
|-message|woahwindow forfeited.
|
|win|Buy my book azul
|raw|woahwindow's rating: 1339 &rarr; <strong>1318</strong><br />(-21 for losing)
|raw|Buy my book azul's rating: 1322 &rarr; <strong>1343</strong><br />(+21 for winning)
|l|☆woahwindow
|player|p1|
