|j|☆jxnpm80
|j|☆Chari0w0
|t:|1757793927
|gametype|singles
|player|p1|jxnpm80|265|1249
|player|p2|Chari0w0|steven|1228
|gen|9
|tier|[Gen 9] OU
|rated|
|rule|HP Percentage Mod: HP is shown in percentages
|rule|Endless Battle Clause: Forcing endless battles is banned
|rule|Species Clause: Limit one of each Pokémon
|rule|OHKO Clause: OHKO moves are banned
|rule|Evasion Items Clause: Evasion items are banned
|rule|Evasion Moves Clause: Evasion moves are banned
|rule|Evasion Abilities Clause: Evasion abilities are banned
|rule|Sleep Moves Clause: Sleep-inducing moves are banned
|clearpoke
|poke|p1|Flapple, M|
|poke|p1|Cresselia, F|
|poke|p1|Iron Moth|
|poke|p1|Kingambit, M|
|poke|p1|Iron Treads|
|poke|p1|Sandy Shocks|
|poke|p2|Glimmora, M|
|poke|p2|Blaziken, M|
|poke|p2|Garganacl, M|
|poke|p2|Scizor, M|
|poke|p2|Electrode-Hisui|
|poke|p2|Metagross|
|teampreview
|
|t:|1757793937
|teamsize|p1|6
|teamsize|p2|6
|start
|switch|p1a: Angel|Cresselia, F|100/100
|switch|p2a: Glimmora|Glimmora, M|100/100
|turn|1
|
|t:|1757793947
|-terastallize|p2a: Glimmora|Flying
|move|p2a: Glimmora|Meteor Beam||[still]
|-prepare|p2a: Glimmora|Meteor Beam
|-boost|p2a: Glimmora|spa|1
|-enditem|p2a: Glimmora|Power Herb
|-anim|p2a: Glimmora|Meteor Beam|p1a: Angel
|-damage|p1a: Angel|53/100
|move|p1a: Angel|Reflect|p1a: Angel
|-sidestart|p1: jxnpm80|Reflect
|
|upkeep
|turn|2
|
|t:|1757793961
|move|p2a: Glimmora|Sludge Bomb|p1a: Angel
|-damage|p1a: Angel|19/100
|move|p1a: Angel|Light Screen|p1a: Angel
|-sidestart|p1: jxnpm80|move: Light Screen
|
|upkeep
|turn|3
|
|t:|1757793969
|move|p2a: Glimmora|Sludge Bomb|p1a: Angel
|-damage|p1a: Angel|0 fnt
|faint|p1a: Angel
|
|upkeep
|
|t:|1757793976
|switch|p1a: Sal Bandz|Sandy Shocks|100/100
|-enditem|p1a: Sal Bandz|Booster Energy
|-activate|p1a: Sal Bandz|ability: Protosynthesis|[fromitem]
|-start|p1a: Sal Bandz|protosynthesisspe
|turn|4
|
|t:|1757793987
|move|p1a: Sal Bandz|Stealth Rock|p2a: Glimmora
|-sidestart|p2: Chari0w0|move: Stealth Rock
|move|p2a: Glimmora|Earth Power|p1a: Sal Bandz
|-supereffective|p1a: Sal Bandz
|-damage|p1a: Sal Bandz|45/100
|
|upkeep
|turn|5
|
|t:|1757793995
|move|p1a: Sal Bandz|Volt Switch|p2a: Glimmora
|-supereffective|p2a: Glimmora
|-damage|p2a: Glimmora|33/100
|
|t:|1757794002
|-end|p1a: Sal Bandz|Protosynthesis|[silent]
|switch|p1a: Doomstrike|Flapple, M, shiny|100/100|[from] Volt Switch
|move|p2a: Glimmora|Earth Power|p1a: Doomstrike
|-resisted|p1a: Doomstrike
|-damage|p1a: Doomstrike|79/100
|
|upkeep
|turn|6
|
|t:|1757794020
|-terastallize|p1a: Doomstrike|Steel
|move|p1a: Doomstrike|Tera Blast|p2a: Glimmora|[anim] Tera Blast Steel
|-damage|p2a: Glimmora|0 fnt
|-activate|p2a: Glimmora|ability: Toxic Debris
|-sidestart|p1: jxnpm80|move: Toxic Spikes
|faint|p2a: Glimmora
|
|upkeep
|
|t:|1757794037
|switch|p2a: Blaziken|Blaziken, M, shiny|100/100
|turn|7
|
|t:|1757794046
|switch|p1a: Coin Coffer|Iron Treads|100/100
|move|p2a: Blaziken|Protect||[still]
|-fail|p2a: Blaziken
|
|-ability|p2a: Blaziken|Speed Boost|boost
|-boost|p2a: Blaziken|spe|1
|upkeep
|turn|8
|
|t:|1757794062
|move|p2a: Blaziken|Close Combat|p1a: Coin Coffer
|-supereffective|p1a: Coin Coffer
|-damage|p1a: Coin Coffer|41/100
|-unboost|p2a: Blaziken|def|1
|-unboost|p2a: Blaziken|spd|1
|move|p1a: Coin Coffer|Rapid Spin|p2a: Blaziken
|-damage|p2a: Blaziken|69/100
|-boost|p1a: Coin Coffer|spe|1
|-sideend|p1: jxnpm80|Toxic Spikes|[from] move: Rapid Spin|[of] p1a: Coin Coffer
|
|-sideend|p1: jxnpm80|Reflect
|-ability|p2a: Blaziken|Speed Boost|boost
|-boost|p2a: Blaziken|spe|1
|upkeep
|turn|9
|
|t:|1757794075
|move|p1a: Coin Coffer|Earthquake|p2a: Blaziken
|-supereffective|p2a: Blaziken
|-crit|p2a: Blaziken
|-damage|p2a: Blaziken|0 fnt
|faint|p2a: Blaziken
|
|-sideend|p1: jxnpm80|move: Light Screen
|upkeep
|
|t:|1757794093
|switch|p2a: Electrode|Electrode-Hisui, shiny|100/100
|-damage|p2a: Electrode|88/100|[from] Stealth Rock
|turn|10
|
|t:|1757794098
|move|p1a: Coin Coffer|Ice Spinner|p2a: Electrode
|-supereffective|p2a: Electrode
|-damage|p2a: Electrode|4/100
|move|p2a: Electrode|Chloroblast|p1a: Coin Coffer
|-damage|p1a: Coin Coffer|0 fnt
|faint|p1a: Coin Coffer
|-end|p1a: Coin Coffer|Quark Drive|[silent]
|-damage|p2a: Electrode|0 fnt|[from] Recoil
|faint|p2a: Electrode
|
|upkeep
|
|t:|1757794121
|switch|p2a: Metagross|Metagross|100/100
|switch|p1a: Sal Bandz|Sandy Shocks|45/100
|-damage|p2a: Metagross|94/100|[from] Stealth Rock
|turn|11
|
|t:|1757794145
|move|p1a: Sal Bandz|Spikes|p2a: Metagross
|-sidestart|p2: Chari0w0|Spikes
|move|p2a: Metagross|Earthquake|p1a: Sal Bandz
|-supereffective|p1a: Sal Bandz
|-damage|p1a: Sal Bandz|0 fnt
|faint|p1a: Sal Bandz
|-end|p1a: Sal Bandz|Protosynthesis|[silent]
|
|upkeep
|
|t:|1757794149
|switch|p1a: Seth Rollins|Iron Moth|100/100
|-enditem|p1a: Seth Rollins|Booster Energy
|-activate|p1a: Seth Rollins|ability: Quark Drive|[fromitem]
|-start|p1a: Seth Rollins|quarkdrivespa
|turn|12
|
|t:|1757794160
|move|p1a: Seth Rollins|Fiery Dance|p2a: Metagross
|-supereffective|p2a: Metagross
|-damage|p2a: Metagross|0 fnt
|-boost|p1a: Seth Rollins|spa|1
|faint|p2a: Metagross
|
|upkeep
|
|t:|1757794173
|switch|p2a: Garganacl|Garganacl, M|100/100
|-damage|p2a: Garganacl|88/100|[from] Stealth Rock
|-damage|p2a: Garganacl|76/100|[from] Spikes
|turn|13
|
|t:|1757794179
|move|p1a: Seth Rollins|Energy Ball|p2a: Garganacl
|-supereffective|p2a: Garganacl
|-damage|p2a: Garganacl|0 fnt
|faint|p2a: Garganacl
|
|upkeep
|-message|Chari0w0 forfeited.
|
|win|jxnpm80
|raw|jxnpm80's rating: 1249 &rarr; <strong>1272</strong><br />(+23 for winning)
|raw|Chari0w0's rating: 1228 &rarr; <strong>1205</strong><br />(-23 for losing)
|l|☆Chari0w0
|player|p2|
|l|☆jxnpm80
|player|p1|
