|j|☆Allegedly Stupid
|j|☆youjustgotnoobed
|t:|1757813511
|gametype|singles
|player|p1|Allegedly Stupid|caitlin|1465
|player|p2|youjustgotnoobed|lady|1456
|gen|9
|tier|[Gen 9] OU
|rated|
|rule|HP Percentage Mod: HP is shown in percentages
|rule|Endless Battle Clause: Forcing endless battles is banned
|rule|Species Clause: Limit one of each Pokémon
|rule|OHKO Clause: OHKO moves are banned
|rule|Evasion Items Clause: Evasion items are banned
|rule|Evasion Moves Clause: Evasion moves are banned
|rule|Evasion Abilities Clause: Evasion abilities are banned
|rule|Sleep Moves Clause: Sleep-inducing moves are banned
|clearpoke
|poke|p1|Ting-Lu|
|poke|p1|Clefable, F|
|poke|p1|Dragapult, M|
|poke|p1|Reuniclus, F|
|poke|p1|Skarmory, M|
|poke|p1|Empoleon, M|
|poke|p2|Comfey, M|
|poke|p2|Whimsicott, M|
|poke|p2|Great Tusk|
|poke|p2|Walking Wake|
|poke|p2|Slither Wing|
|poke|p2|Ninetales, F|
|teampreview
|inactive|Battle timer is ON: inactive players will automatically lose when time's up. (requested by youjustgotnoobed)
|
|t:|1757813518
|teamsize|p1|6
|teamsize|p2|6
|start
|switch|p1a: Clefable|Clefable, F|100/100
|switch|p2a: Ninetales|Ninetales, F|100/100
|-weather|SunnyDay|[from] ability: Drought|[of] p2a: Ninetales
|turn|1
|
|t:|1757813531
|switch|p2a: Walking Wake|Walking Wake|100/100
|-activate|p2a: Walking Wake|ability: Protosynthesis
|-start|p2a: Walking Wake|protosynthesisspa
|move|p1a: Clefable|Thunder Wave|p2a: Walking Wake
|-status|p2a: Walking Wake|par
|
|-weather|SunnyDay|[upkeep]
|upkeep
|turn|2
|
|t:|1757813539
|move|p2a: Walking Wake|Hydro Steam|p1a: Clefable
|-damage|p1a: Clefable|0 fnt
|faint|p1a: Clefable
|
|-weather|SunnyDay|[upkeep]
|upkeep
|
|t:|1757813543
|switch|p1a: Dragapult|Dragapult, M|100/100
|turn|3
|
|t:|1757813550
|-end|p2a: Walking Wake|Protosynthesis|[silent]
|switch|p2a: Whimsicott|Whimsicott, M|100/100
|move|p1a: Dragapult|Dragon Darts|p2a: Whimsicott
|-immune|p2a: Whimsicott
|
|-weather|SunnyDay|[upkeep]
|upkeep
|turn|4
|
|t:|1757813559
|switch|p1a: Empoleon|Empoleon, M|100/100
|move|p2a: Whimsicott|Moonblast|p1a: Empoleon
|-resisted|p1a: Empoleon
|-damage|p1a: Empoleon|74/100
|-unboost|p1a: Empoleon|spa|1
|-ability|p1a: Empoleon|Competitive|boost
|-boost|p1a: Empoleon|spa|2
|-damage|p2a: Whimsicott|91/100|[from] item: Life Orb
|
|-weather|SunnyDay|[upkeep]
|-heal|p1a: Empoleon|80/100|[from] item: Leftovers
|upkeep
|turn|5
|
|t:|1757813567
|switch|p2a: Slither Wing|Slither Wing|100/100
|-activate|p2a: Slither Wing|ability: Protosynthesis
|-start|p2a: Slither Wing|protosynthesisatk
|move|p1a: Empoleon|Flash Cannon|p2a: Slither Wing
|-damage|p2a: Slither Wing|35/100
|
|-weather|SunnyDay|[upkeep]
|-heal|p1a: Empoleon|86/100|[from] item: Leftovers
|upkeep
|turn|6
|
|t:|1757813577
|switch|p1a: Skarmory|Skarmory, M|100/100
|move|p2a: Slither Wing|Earthquake|p1a: Skarmory
|-immune|p1a: Skarmory
|
|-weather|SunnyDay|[upkeep]
|upkeep
|turn|7
|
|t:|1757813583
|-end|p2a: Slither Wing|Protosynthesis|[silent]
|switch|p2a: Walking Wake|Walking Wake|100/100 par
|-activate|p2a: Walking Wake|ability: Protosynthesis
|-start|p2a: Walking Wake|protosynthesisspa
|move|p1a: Skarmory|Spikes|p2a: Walking Wake
|-sidestart|p2: youjustgotnoobed|Spikes
|
|-weather|SunnyDay|[upkeep]
|upkeep
|turn|8
|
|t:|1757813588
|switch|p1a: Dragapult|Dragapult, M|100/100
|move|p2a: Walking Wake|Hydro Steam|p1a: Dragapult
|-resisted|p1a: Dragapult
|-damage|p1a: Dragapult|0 fnt
|faint|p1a: Dragapult
|
|-weather|none
|-end|p2a: Walking Wake|Protosynthesis
|upkeep
|
|t:|1757813594
|switch|p1a: Ting-Lu|Ting-Lu|100/100
|-ability|p1a: Ting-Lu|Vessel of Ruin
|turn|9
|
|t:|1757813597
|-end|p2a: Walking Wake|Protosynthesis|[silent]
|switch|p2a: Ninetales|Ninetales, F|100/100
|-damage|p2a: Ninetales|88/100|[from] Spikes
|-weather|SunnyDay|[from] ability: Drought|[of] p2a: Ninetales
|move|p1a: Ting-Lu|Stealth Rock|p2a: Ninetales
|-sidestart|p2: youjustgotnoobed|move: Stealth Rock
|
|-weather|SunnyDay|[upkeep]
|upkeep
|turn|10
|
|t:|1757813601
|switch|p1a: Spell icup|Reuniclus, F|100/100
|move|p2a: Ninetales|Encore||[still]
|-fail|p2a: Ninetales
|
|-weather|SunnyDay|[upkeep]
|upkeep
|turn|11
|
|t:|1757813608
|move|p2a: Ninetales|Weather Ball|p1a: Spell icup
|-damage|p1a: Spell icup|62/100
|move|p1a: Spell icup|Psychic Noise|p2a: Ninetales
|-damage|p2a: Ninetales|32/100
|-start|p2a: Ninetales|move: Heal Block
|
|-weather|SunnyDay|[upkeep]
|upkeep
|turn|12
|
|t:|1757813615
|switch|p2a: Comfey|Comfey, M|100/100
|-damage|p2a: Comfey|88/100|[from] Spikes
|-damage|p2a: Comfey|76/100|[from] Stealth Rock
|move|p1a: Spell icup|Psychic Noise|p2a: Comfey
|-damage|p2a: Comfey|24/100
|-start|p2a: Comfey|move: Heal Block
|
|-weather|SunnyDay|[upkeep]
|upkeep
|turn|13
|
|t:|1757813620
|move|p2a: Comfey|Stored Power|p1a: Spell icup
|-resisted|p1a: Spell icup
|-damage|p1a: Spell icup|58/100
|-damage|p2a: Comfey|15/100|[from] item: Life Orb
|move|p1a: Spell icup|Recover|p1a: Spell icup
|-heal|p1a: Spell icup|100/100
|
|-weather|SunnyDay|[upkeep]
|-end|p2a: Comfey|move: Heal Block
|upkeep
|turn|14
|
|t:|1757813623
|move|p2a: Comfey|Synthesis|p2a: Comfey
|-heal|p2a: Comfey|81/100
|move|p1a: Spell icup|Psychic Noise|p2a: Comfey
|-damage|p2a: Comfey|26/100
|-start|p2a: Comfey|move: Heal Block
|
|-weather|SunnyDay|[upkeep]
|upkeep
|turn|15
|
|t:|1757813631
|move|p2a: Comfey|Stored Power|p1a: Spell icup
|-resisted|p1a: Spell icup
|-crit|p1a: Spell icup
|-damage|p1a: Spell icup|95/100
|-damage|p2a: Comfey|16/100|[from] item: Life Orb
|move|p1a: Spell icup|Psychic Noise|p2a: Comfey
|-damage|p2a: Comfey|0 fnt
|faint|p2a: Comfey
|
|-weather|SunnyDay|[upkeep]
|upkeep
|
|t:|1757813633
|switch|p2a: Slither Wing|Slither Wing|35/100
|-damage|p2a: Slither Wing|23/100|[from] Spikes
|-damage|p2a: Slither Wing|10/100|[from] Stealth Rock
|-activate|p2a: Slither Wing|ability: Protosynthesis
|-start|p2a: Slither Wing|protosynthesisatk
|turn|16
|
|t:|1757813639
|switch|p1a: Skarmory|Skarmory, M|100/100
|move|p2a: Slither Wing|First Impression|p1a: Skarmory
|-resisted|p1a: Skarmory
|-damage|p1a: Skarmory|85/100
|-damage|p2a: Slither Wing|0 fnt|[from] item: Rocky Helmet|[of] p1a: Skarmory
|faint|p2a: Slither Wing
|-end|p2a: Slither Wing|Protosynthesis|[silent]
|
|-weather|none
|upkeep
|
|t:|1757813641
|switch|p2a: Ninetales|Ninetales, F|32/100
|-damage|p2a: Ninetales|20/100|[from] Spikes
|-damage|p2a: Ninetales|0 fnt|[from] Stealth Rock
|faint|p2a: Ninetales
|
|t:|1757813645
|switch|p2a: Walking Wake|Walking Wake|100/100 par
|-damage|p2a: Walking Wake|88/100 par|[from] Spikes
|-damage|p2a: Walking Wake|76/100 par|[from] Stealth Rock
|turn|17
|
|t:|1757813649
|switch|p1a: Ting-Lu|Ting-Lu|100/100
|-ability|p1a: Ting-Lu|Vessel of Ruin
|move|p2a: Walking Wake|Hydro Steam|p1a: Ting-Lu
|-supereffective|p1a: Ting-Lu
|-damage|p1a: Ting-Lu|41/100
|
|-heal|p1a: Ting-Lu|47/100|[from] item: Leftovers
|upkeep
|turn|18
|
|t:|1757813656
|move|p2a: Walking Wake|Hydro Steam|p1a: Ting-Lu
|-supereffective|p1a: Ting-Lu
|-damage|p1a: Ting-Lu|0 fnt
|faint|p1a: Ting-Lu
|
|upkeep
|
|t:|1757813658
|switch|p1a: Empoleon|Empoleon, M|86/100
|turn|19
|
|t:|1757813665
|move|p1a: Empoleon|Ice Beam|p2a: Walking Wake
|-damage|p2a: Walking Wake|37/100 par
|move|p2a: Walking Wake|Hydro Steam|p1a: Empoleon
|-resisted|p1a: Empoleon
|-damage|p1a: Empoleon|53/100
|
|-heal|p1a: Empoleon|58/100|[from] item: Leftovers
|upkeep
|turn|20
|
|t:|1757813675
|-end|p2a: Walking Wake|Protosynthesis|[silent]
|switch|p2a: Great Tusk|Great Tusk|100/100
|move|p1a: Empoleon|Roost|p1a: Empoleon
|-heal|p1a: Empoleon|100/100
|-singleturn|p1a: Empoleon|move: Roost
|
|upkeep
|turn|21
|
|t:|1757813681
|-terastallize|p2a: Great Tusk|Steel
|move|p2a: Great Tusk|Rapid Spin|p1a: Empoleon
|-resisted|p1a: Empoleon
|-damage|p1a: Empoleon|89/100
|-boost|p2a: Great Tusk|spe|1
|-sideend|p2: youjustgotnoobed|Spikes|[from] move: Rapid Spin|[of] p2a: Great Tusk
|-sideend|p2: youjustgotnoobed|Stealth Rock|[from] move: Rapid Spin|[of] p2a: Great Tusk
|move|p1a: Empoleon|Surf|p2a: Great Tusk
|-damage|p2a: Great Tusk|25/100
|
|-heal|p1a: Empoleon|95/100|[from] item: Leftovers
|upkeep
|turn|22
|
|t:|1757813688
|switch|p1a: Skarmory|Skarmory, M|85/100
|move|p2a: Great Tusk|Headlong Rush|p1a: Skarmory
|-immune|p1a: Skarmory
|
|upkeep
|turn|23
|
|t:|1757813697
|move|p2a: Great Tusk|Stealth Rock|p1a: Skarmory
|-sidestart|p1: Allegedly Stupid|move: Stealth Rock
|move|p1a: Skarmory|Spikes|p2a: Great Tusk
|-sidestart|p2: youjustgotnoobed|Spikes
|
|upkeep
|turn|24
|
|t:|1757813701
|-end|p2a: Great Tusk|Protosynthesis|[silent]
|switch|p2a: Walking Wake|Walking Wake|37/100 par
|-damage|p2a: Walking Wake|25/100 par|[from] Spikes
|move|p1a: Skarmory|Spikes|p2a: Walking Wake
|-sidestart|p2: youjustgotnoobed|Spikes
|
|upkeep
|turn|25
|
|t:|1757813726
|switch|p1a: Spell icup|Reuniclus, F|95/100
|move|p2a: Walking Wake|Draco Meteor|p1a: Spell icup
|-damage|p1a: Spell icup|0 fnt
|-unboost|p2a: Walking Wake|spa|2
|faint|p1a: Spell icup
|
|upkeep
|
|t:|1757813733
|switch|p1a: Empoleon|Empoleon, M|95/100
|-damage|p1a: Empoleon|89/100|[from] Stealth Rock
|turn|26
|
|t:|1757813741
|move|p1a: Empoleon|Ice Beam|p2a: Walking Wake
|-damage|p2a: Walking Wake|0 fnt
|faint|p2a: Walking Wake
|-end|p2a: Walking Wake|Protosynthesis|[silent]
|
|-heal|p1a: Empoleon|95/100|[from] item: Leftovers
|upkeep
|
|t:|1757813745
|switch|p2a: Great Tusk|Great Tusk, tera:Steel|25/100
|turn|27
|
|t:|1757813749
|switch|p1a: Skarmory|Skarmory, M|85/100
|-damage|p1a: Skarmory|73/100|[from] Stealth Rock
|move|p2a: Great Tusk|Headlong Rush|p1a: Skarmory
|-immune|p1a: Skarmory
|
|upkeep
|turn|28
|
|t:|1757813752
|move|p2a: Great Tusk|Rapid Spin|p1a: Skarmory
|-resisted|p1a: Skarmory
|-damage|p1a: Skarmory|68/100
|-boost|p2a: Great Tusk|spe|1
|-damage|p2a: Great Tusk|9/100|[from] item: Rocky Helmet|[of] p1a: Skarmory
|-sideend|p2: youjustgotnoobed|Spikes|[from] move: Rapid Spin|[of] p2a: Great Tusk
|move|p1a: Skarmory|Body Press|p2a: Great Tusk
|-supereffective|p2a: Great Tusk
|-damage|p2a: Great Tusk|0 fnt
|faint|p2a: Great Tusk
|-end|p2a: Great Tusk|Protosynthesis|[silent]
|
|upkeep
|
|t:|1757813755
|switch|p2a: Whimsicott|Whimsicott, M|91/100
|turn|29
|
|t:|1757813759
|switch|p1a: Empoleon|Empoleon, M|95/100
|-damage|p1a: Empoleon|89/100|[from] Stealth Rock
|move|p2a: Whimsicott|Growth|p2a: Whimsicott
|-boost|p2a: Whimsicott|atk|1
|-boost|p2a: Whimsicott|spa|1
|
|-heal|p1a: Empoleon|95/100|[from] item: Leftovers
|upkeep
|turn|30
|
|t:|1757813770
|move|p2a: Whimsicott|Growth|p2a: Whimsicott
|-boost|p2a: Whimsicott|atk|1
|-boost|p2a: Whimsicott|spa|1
|move|p1a: Empoleon|Flash Cannon|p2a: Whimsicott
|-supereffective|p2a: Whimsicott
|-damage|p2a: Whimsicott|0 fnt
|faint|p2a: Whimsicott
|
|win|Allegedly Stupid
|raw|Allegedly Stupid's rating: 1465 &rarr; <strong>1484</strong><br />(+19 for winning)
|raw|youjustgotnoobed's rating: 1456 &rarr; <strong>1437</strong><br />(-19 for losing)
|l|☆youjustgotnoobed
|player|p2|
|l|☆Allegedly Stupid
|player|p1|
