|j|☆UltraDJames
|j|☆PikachuStupid90
|t:|1757912892
|gametype|singles
|player|p1|UltraDJames|falkner|1344
|player|p2|PikachuStupid90|miku-ground|1361
|gen|9
|tier|[Gen 9] OU
|rated|
|rule|HP Percentage Mod: HP is shown in percentages
|rule|Endless Battle Clause: Forcing endless battles is banned
|rule|Species Clause: Limit one of each Pokémon
|rule|OHKO Clause: OHKO moves are banned
|rule|Evasion Items Clause: Evasion items are banned
|rule|Evasion Moves Clause: Evasion moves are banned
|rule|Evasion Abilities Clause: Evasion abilities are banned
|rule|Sleep Moves Clause: Sleep-inducing moves are banned
|clearpoke
|poke|p1|Entei|
|poke|p1|Corviknight, M|
|poke|p1|Glimmora, M|
|poke|p1|Cinccino, M|
|poke|p1|Quagsire, F|
|poke|p1|Deoxys-Defense|
|poke|p2|Ogerpon-Wellspring, F|
|poke|p2|Heatran, F|
|poke|p2|Landorus-Therian, M|
|poke|p2|Dragapult, F|
|poke|p2|Enamorus, F|
|poke|p2|Magnezone|
|teampreview
|inactive|Battle timer is ON: inactive players will automatically lose when time's up. (requested by UltraDJames)
|c|☆UltraDJames|gl
|
|t:|1757912902
|teamsize|p1|6
|teamsize|p2|6
|start
|switch|p1a: Glimmora|Glimmora, M|100/100
|switch|p2a: Dragapult|Dragapult, F|100/100
|turn|1
|
|t:|1757912912
|move|p2a: Dragapult|U-turn|p1a: Glimmora
|-resisted|p1a: Glimmora
|-damage|p1a: Glimmora|90/100
|-activate|p1a: Glimmora|ability: Toxic Debris
|-sidestart|p2: PikachuStupid90|move: Toxic Spikes
|
|t:|1757912916
|switch|p2a: Ogerpon|Ogerpon-Wellspring, F|100/100|[from] U-turn
|-status|p2a: Ogerpon|psn
|move|p1a: Glimmora|Stealth Rock|p2a: Ogerpon
|-sidestart|p2: PikachuStupid90|move: Stealth Rock
|
|-damage|p2a: Ogerpon|88/100 psn|[from] psn
|upkeep
|turn|2
|
|t:|1757912926
|-terastallize|p1a: Glimmora|Grass
|move|p2a: Ogerpon|Ivy Cudgel|p1a: Glimmora|[anim] Ivy Cudgel Water
|-resisted|p1a: Glimmora
|-damage|p1a: Glimmora|54/100
|-activate|p1a: Glimmora|ability: Toxic Debris
|-sidestart|p2: PikachuStupid90|move: Toxic Spikes
|move|p1a: Glimmora|Sludge Bomb|p2a: Ogerpon
|-supereffective|p2a: Ogerpon
|-damage|p2a: Ogerpon|0 fnt
|faint|p2a: Ogerpon
|
|upkeep
|
|t:|1757912942
|switch|p2a: Landorus|Landorus-Therian, M|100/100
|-damage|p2a: Landorus|88/100|[from] Stealth Rock
|-ability|p2a: Landorus|Intimidate|boost
|-unboost|p1a: Glimmora|atk|1
|turn|3
|
|t:|1757912949
|switch|p1a: Cinccino|Cinccino, M|100/100
|move|p2a: Landorus|U-turn|p1a: Cinccino
|-damage|p1a: Cinccino|52/100
|
|t:|1757912962
|switch|p2a: Dragapult|Dragapult, F|100/100|[from] U-turn
|-status|p2a: Dragapult|tox
|-damage|p2a: Dragapult|88/100 tox|[from] Stealth Rock
|
|-damage|p2a: Dragapult|82/100 tox|[from] psn
|upkeep
|turn|4
|
|t:|1757912976
|move|p2a: Dragapult|Draco Meteor|p1a: Cinccino
|-damage|p1a: Cinccino|0 fnt
|-unboost|p2a: Dragapult|spa|2
|faint|p1a: Cinccino
|
|-damage|p2a: Dragapult|70/100 tox|[from] psn
|upkeep
|inactive|UltraDJames has 120 seconds left.
|
|t:|1757913022
|switch|p1a: Quagsire|Quagsire, F|100/100
|turn|5
|
|t:|1757913048
|switch|p2a: Enamorus|Enamorus, F|100/100
|move|p1a: Quagsire|Stockpile|p1a: Quagsire
|-start|p1a: Quagsire|stockpile1
|-boost|p1a: Quagsire|def|1
|-boost|p1a: Quagsire|spd|1
|
|upkeep
|turn|6
|
|t:|1757913055
|move|p2a: Enamorus|Taunt|p1a: Quagsire
|-start|p1a: Quagsire|move: Taunt
|cant|p1a: Quagsire|move: Taunt|Toxic
|
|upkeep
|turn|7
|
|t:|1757913063
|switch|p1a: Deoxys|Deoxys-Defense|100/100
|-ability|p1a: Deoxys|Pressure
|move|p2a: Enamorus|Calm Mind|p2a: Enamorus
|-boost|p2a: Enamorus|spa|1
|-boost|p2a: Enamorus|spd|1
|
|upkeep
|turn|8
|inactive|PikachuStupid90 has 120 seconds left.
|
|t:|1757913091
|move|p2a: Enamorus|Taunt|p1a: Deoxys
|-start|p1a: Deoxys|move: Taunt
|move|p1a: Deoxys|Thunderbolt|p2a: Enamorus
|-supereffective|p2a: Enamorus
|-damage|p2a: Enamorus|61/100
|
|upkeep
|turn|9
|
|t:|1757913104
|switch|p1a: Glimmora|Glimmora, M, tera:Grass|54/100
|move|p2a: Enamorus|Calm Mind|p2a: Enamorus
|-boost|p2a: Enamorus|spa|1
|-boost|p2a: Enamorus|spd|1
|
|upkeep
|turn|10
|
|t:|1757913112
|move|p2a: Enamorus|Earth Power|p1a: Glimmora
|-resisted|p1a: Glimmora
|-damage|p1a: Glimmora|14/100
|move|p1a: Glimmora|Sludge Bomb|p2a: Enamorus
|-supereffective|p2a: Enamorus
|-damage|p2a: Enamorus|0 fnt
|faint|p2a: Enamorus
|
|upkeep
|-message|PikachuStupid90 forfeited.
|
|win|UltraDJames
|raw|UltraDJames's rating: 1344 &rarr; <strong>1365</strong><br />(+21 for winning)
|raw|PikachuStupid90's rating: 1361 &rarr; <strong>1340</strong><br />(-21 for losing)
|l|☆PikachuStupid90
|player|p2|
|c|☆UltraDJames|nice
|c|☆UltraDJames|ggs
|l|☆UltraDJames
|player|p1|
