|j|☆MesutOzil23
|j|☆adow
|t:|1757903906
|gametype|singles
|player|p1|MesutOzil23|265|1164
|player|p2|adow|veteran|1179
|gen|9
|tier|[Gen 9] OU
|rated|
|rule|HP Percentage Mod: HP is shown in percentages
|rule|Endless Battle Clause: Forcing endless battles is banned
|rule|Species Clause: Limit one of each Pokémon
|rule|OHKO Clause: OHKO moves are banned
|rule|Evasion Items Clause: Evasion items are banned
|rule|Evasion Moves Clause: Evasion moves are banned
|rule|Evasion Abilities Clause: Evasion abilities are banned
|rule|Sleep Moves Clause: Sleep-inducing moves are banned
|clearpoke
|poke|p1|Heatran, M|
|poke|p1|Samurott-Hisui, M|
|poke|p1|Gholdengo|
|poke|p1|Garchomp, F|
|poke|p1|Iron Valiant|
|poke|p1|Dragonite, F|
|poke|p2|Ninetales-Alola, F|
|poke|p2|Komala, M|
|poke|p2|Garchomp, F|
|poke|p2|Araquanid, M|
|poke|p2|Zoroark, M|
|poke|p2|Toucannon, M|
|teampreview
|
|t:|1757903929
|teamsize|p1|6
|teamsize|p2|6
|start
|switch|p1a: momma im rich|Gholdengo|100/100
|switch|p2a: Toucannon|Toucannon, M|100/100
|-item|p1a: momma im rich|Air Balloon
|turn|1
|
|t:|1757903946
|switch|p2a: Araquanid|Araquanid, M|100/100
|move|p1a: momma im rich|Nasty Plot|p1a: momma im rich
|-boost|p1a: momma im rich|spa|2
|
|upkeep
|turn|2
|inactive|Battle timer is ON: inactive players will automatically lose when time's up. (requested by MesutOzil23)
|
|t:|1757903954
|move|p1a: momma im rich|Shadow Ball|p2a: Araquanid
|-damage|p2a: Araquanid|46/100
|move|p2a: Araquanid|Sticky Web|p1a: momma im rich
|-sidestart|p1: MesutOzil23|move: Sticky Web
|
|upkeep
|turn|3
|
|t:|1757903963
|switch|p2a: Komala|Komala, M|100/100
|-ability|p2a: Komala|Comatose
|move|p1a: momma im rich|Shadow Ball|p2a: Komala
|-immune|p2a: Komala
|
|upkeep
|turn|4
|
|t:|1757903968
|switch|p2a: Araquanid|Araquanid, M|46/100
|move|p1a: momma im rich|Make It Rain|p2a: Araquanid
|-resisted|p2a: Araquanid
|-damage|p2a: Araquanid|4/100
|-unboost|p1a: momma im rich|spa|1
|
|upkeep
|turn|5
|
|t:|1757903971
|move|p1a: momma im rich|Make It Rain|p2a: Araquanid
|-resisted|p2a: Araquanid
|-damage|p2a: Araquanid|0 fnt
|-unboost|p1a: momma im rich|spa|1
|faint|p2a: Araquanid
|
|upkeep
|
|t:|1757903994
|switch|p2a: Komala|Komala, M|100/100
|turn|6
|
|t:|1757904004
|move|p2a: Komala|Dark Pulse|p1a: momma im rich
|-supereffective|p1a: momma im rich
|-damage|p1a: momma im rich|21/100
|-enditem|p1a: momma im rich|Air Balloon
|move|p1a: momma im rich|Nasty Plot|p1a: momma im rich
|-boost|p1a: momma im rich|spa|2
|
|upkeep
|turn|7
|
|t:|1757904016
|move|p2a: Komala|Substitute|p2a: Komala
|-start|p2a: Komala|Substitute
|-damage|p2a: Komala|76/100
|move|p1a: momma im rich|Make It Rain|p2a: Komala
|-end|p2a: Komala|Substitute
|-unboost|p1a: momma im rich|spa|1
|
|-heal|p2a: Komala|82/100|[from] item: Leftovers
|upkeep
|turn|8
|
|t:|1757904022
|move|p2a: Komala|Dark Pulse|p1a: momma im rich
|-supereffective|p1a: momma im rich
|-damage|p1a: momma im rich|0 fnt
|faint|p1a: momma im rich
|
|-heal|p2a: Komala|88/100|[from] item: Leftovers
|upkeep
|
|t:|1757904036
|switch|p1a: ¿Gallade?|Iron Valiant|100/100
|-activate|p1a: ¿Gallade?|move: Sticky Web
|-unboost|p1a: ¿Gallade?|spe|1
|-enditem|p1a: ¿Gallade?|Booster Energy
|-activate|p1a: ¿Gallade?|ability: Quark Drive|[fromitem]
|-start|p1a: ¿Gallade?|quarkdrivespa
|turn|9
|
|t:|1757904051
|switch|p2a: Ninetales|Ninetales-Alola, F, shiny|100/100
|-weather|Snowscape|[from] ability: Snow Warning|[of] p2a: Ninetales
|move|p1a: ¿Gallade?|Moonblast|p2a: Ninetales
|-damage|p2a: Ninetales|49/100
|
|-weather|Snowscape|[upkeep]
|upkeep
|turn|10
|
|t:|1757904059
|move|p1a: ¿Gallade?|Calm Mind|p1a: ¿Gallade?
|-boost|p1a: ¿Gallade?|spa|1
|-boost|p1a: ¿Gallade?|spd|1
|move|p2a: Ninetales|Aurora Veil|p2a: Ninetales
|-sidestart|p2: adow|move: Aurora Veil
|
|-weather|Snowscape|[upkeep]
|upkeep
|turn|11
|
|t:|1757904067
|move|p1a: ¿Gallade?|Calm Mind|p1a: ¿Gallade?
|-boost|p1a: ¿Gallade?|spa|1
|-boost|p1a: ¿Gallade?|spd|1
|move|p2a: Ninetales|Encore|p1a: ¿Gallade?
|-start|p1a: ¿Gallade?|Encore
|
|-weather|Snowscape|[upkeep]
|upkeep
|turn|12
|
|t:|1757904074
|-end|p1a: ¿Gallade?|Quark Drive|[silent]
|switch|p1a: RANDY MARSH|Heatran, M, shiny|100/100
|-activate|p1a: RANDY MARSH|move: Sticky Web
|-unboost|p1a: RANDY MARSH|spe|1
|switch|p2a: Garchomp|Garchomp, F|100/100
|
|-weather|Snowscape|[upkeep]
|upkeep
|turn|13
|
|t:|1757904087
|-terastallize|p1a: RANDY MARSH|Flying
|move|p2a: Garchomp|Swords Dance|p2a: Garchomp
|-boost|p2a: Garchomp|atk|2
|move|p1a: RANDY MARSH|Will-O-Wisp|p2a: Garchomp|[miss]
|-miss|p1a: RANDY MARSH|p2a: Garchomp
|
|-weather|none
|upkeep
|turn|14
|
|t:|1757904094
|move|p2a: Garchomp|Scale Shot|p1a: RANDY MARSH
|-damage|p1a: RANDY MARSH|77/100
|-damage|p1a: RANDY MARSH|54/100
|-damage|p1a: RANDY MARSH|30/100
|-damage|p1a: RANDY MARSH|8/100
|-hitcount|p1a: RANDY MARSH|4
|-unboost|p2a: Garchomp|def|1
|-boost|p2a: Garchomp|spe|1
|move|p1a: RANDY MARSH|Will-O-Wisp|p2a: Garchomp
|-status|p2a: Garchomp|brn
|
|-heal|p1a: RANDY MARSH|14/100|[from] item: Leftovers
|-damage|p2a: Garchomp|94/100 brn|[from] brn
|upkeep
|turn|15
|
|t:|1757904108
|switch|p1a: La Gordi|Dragonite, F, shiny|100/100
|move|p2a: Garchomp|Swords Dance|p2a: Garchomp
|-boost|p2a: Garchomp|atk|2
|
|-damage|p2a: Garchomp|88/100 brn|[from] brn
|upkeep
|turn|16
|
|t:|1757904114
|move|p2a: Garchomp|Scale Shot|p1a: La Gordi
|-supereffective|p1a: La Gordi
|-damage|p1a: La Gordi|77/100
|-supereffective|p1a: La Gordi
|-damage|p1a: La Gordi|36/100
|-supereffective|p1a: La Gordi
|-damage|p1a: La Gordi|0 fnt
|faint|p1a: La Gordi
|-hitcount|p1: La Gordi|3
|-unboost|p2a: Garchomp|def|1
|-boost|p2a: Garchomp|spe|1
|
|-damage|p2a: Garchomp|82/100 brn|[from] brn
|upkeep
|-message|MesutOzil23 forfeited.
|
|win|adow
|raw|MesutOzil23's rating: 1164 &rarr; <strong>1140</strong><br />(-24 for losing)
|raw|adow's rating: 1179 &rarr; <strong>1203</strong><br />(+24 for winning)
|l|☆MesutOzil23
|player|p1|
|l|☆adow
|player|p2|
|j|☆adow
|player|p2|adow|veteran|
|l|☆adow
|player|p2|
