|j|☆Dragadile
|j|☆fjigxiy
|t:|1757872258
|gametype|singles
|player|p1|Dragadile|eusine|1103
|player|p2|fjigxiy|102|1129
|gen|9
|tier|[Gen 9] OU
|rated|
|rule|HP Percentage Mod: HP is shown in percentages
|rule|Endless Battle Clause: Forcing endless battles is banned
|rule|Species Clause: Limit one of each Pokémon
|rule|OHKO Clause: OHKO moves are banned
|rule|Evasion Items Clause: Evasion items are banned
|rule|Evasion Moves Clause: Evasion moves are banned
|rule|Evasion Abilities Clause: Evasion abilities are banned
|rule|Sleep Moves Clause: Sleep-inducing moves are banned
|clearpoke
|poke|p1|Dragapult, M|
|poke|p1|Serperior, F|
|poke|p1|Gliscor, F|
|poke|p1|Kingambit, F|
|poke|p1|Cyclizar, F|
|poke|p1|Iron Moth|
|poke|p2|Corviknight, M|
|poke|p2|Clefable, M|
|poke|p2|Tinkaton, F|
|poke|p2|Regigigas|
|poke|p2|Kingambit, M|
|poke|p2|Inteleon, M|
|teampreview
|inactive|Battle timer is ON: inactive players will automatically lose when time's up. (requested by Dragadile)
|inactive|fjigxiy also wants the timer to be on.
|
|t:|1757872266
|teamsize|p1|6
|teamsize|p2|6
|start
|switch|p1a: Gliscor|Gliscor, F|100/100
|switch|p2a: Inteleon|Inteleon, M|100/100
|turn|1
|
|t:|1757872275
|move|p1a: Gliscor|Protect|p1a: Gliscor
|-singleturn|p1a: Gliscor|Protect
|move|p2a: Inteleon|Hydro Pump|p1a: Gliscor
|-activate|p1a: Gliscor|move: Protect
|
|-status|p1a: Gliscor|tox|[from] item: Toxic Orb
|upkeep
|turn|2
|
|t:|1757872283
|switch|p1a: Cyclizar|Cyclizar, F|100/100
|move|p2a: Inteleon|Hydro Pump|p1a: Cyclizar
|-resisted|p1a: Cyclizar
|-damage|p1a: Cyclizar|50/100
|
|upkeep
|turn|3
|inactive|fjigxiy has 120 seconds left.
|
|t:|1757872314
|move|p2a: Inteleon|Hydro Pump|p1a: Cyclizar
|-resisted|p1a: Cyclizar
|-damage|p1a: Cyclizar|0 fnt
|faint|p1a: Cyclizar
|
|upkeep
|
|t:|1757872317
|switch|p1a: Serperior|Serperior, F|100/100
|turn|4
|
|t:|1757872320
|switch|p2a: Corviknight|Corviknight, M|100/100
|move|p1a: Serperior|Leaf Storm|p2a: Corviknight
|-resisted|p2a: Corviknight
|-damage|p2a: Corviknight|88/100
|-boost|p1a: Serperior|spa|2
|
|upkeep
|turn|5
|
|t:|1757872326
|-terastallize|p1a: Serperior|Fire
|move|p1a: Serperior|Tera Blast|p2a: Corviknight|[anim] Tera Blast Fire
|-supereffective|p2a: Corviknight
|-damage|p2a: Corviknight|0 fnt
|faint|p2a: Corviknight
|
|upkeep
|
|t:|1757872337
|switch|p2a: Regigigas|Regigigas|100/100
|-start|p2a: Regigigas|ability: Slow Start
|turn|6
|
|t:|1757872339
|move|p1a: Serperior|Leaf Storm|p2a: Regigigas
|-damage|p2a: Regigigas|24/100
|-boost|p1a: Serperior|spa|2
|move|p2a: Regigigas|Hyper Beam|p1a: Serperior
|-damage|p1a: Serperior|0 fnt
|-mustrecharge|p2a: Regigigas
|faint|p1a: Serperior
|
|upkeep
|
|t:|1757872351
|switch|p1a: Dragapult|Dragapult, M|100/100
|turn|7
|
|t:|1757872353
|move|p1a: Dragapult|Dragon Dance|p1a: Dragapult
|-boost|p1a: Dragapult|atk|1
|-boost|p1a: Dragapult|spe|1
|cant|p2a: Regigigas|recharge
|
|upkeep
|turn|8
|
|t:|1757872359
|switch|p2a: Clefable|Clefable, M|100/100
|move|p1a: Dragapult|Dragon Darts|p2a: Clefable
|-immune|p2a: Clefable
|
|upkeep
|turn|9
|
|t:|1757872366
|move|p1a: Dragapult|Phantom Force||[still]
|-prepare|p1a: Dragapult|Phantom Force
|move|p2a: Clefable|Moonblast|p1a: Dragapult|[miss]
|-miss|p2a: Clefable|p1a: Dragapult
|
|upkeep
|turn|10
|
|t:|1757872371
|move|p1a: Dragapult|Phantom Force|p2a: Clefable|[from] lockedmove
|-damage|p2a: Clefable|0 fnt
|faint|p2a: Clefable
|-damage|p1a: Dragapult|91/100|[from] item: Life Orb
|
|upkeep
|
|t:|1757872374
|switch|p2a: Tinkaton|Tinkaton, F|100/100
|-ability|p2a: Tinkaton|Mold Breaker
|turn|11
|
|t:|1757872378
|move|p1a: Dragapult|Phantom Force||[still]
|-prepare|p1a: Dragapult|Phantom Force
|move|p2a: Tinkaton|Play Rough|p1a: Dragapult|[miss]
|-miss|p2a: Tinkaton|p1a: Dragapult
|
|upkeep
|turn|12
|
|t:|1757872383
|move|p1a: Dragapult|Phantom Force|p2a: Tinkaton|[from] lockedmove
|-crit|p2a: Tinkaton
|-enditem|p2a: Tinkaton|Focus Sash
|-damage|p2a: Tinkaton|1/100
|-damage|p1a: Dragapult|81/100|[from] item: Life Orb
|move|p2a: Tinkaton|Play Rough|p1a: Dragapult
|-supereffective|p1a: Dragapult
|-damage|p1a: Dragapult|0 fnt
|faint|p1a: Dragapult
|
|upkeep
|
|t:|1757872391
|switch|p1a: Gliscor|Gliscor, F|100/100 tox
|turn|13
|
|t:|1757872394
|move|p2a: Tinkaton|Stealth Rock|p1a: Gliscor
|-sidestart|p1: Dragadile|move: Stealth Rock
|move|p1a: Gliscor|Earthquake|p2a: Tinkaton
|-supereffective|p2a: Tinkaton
|-damage|p2a: Tinkaton|0 fnt
|faint|p2a: Tinkaton
|
|upkeep
|
|t:|1757872400
|switch|p2a: Inteleon|Inteleon, M|100/100
|turn|14
|
|t:|1757872405
|switch|p2a: Regigigas|Regigigas|24/100
|-start|p2a: Regigigas|ability: Slow Start
|move|p1a: Gliscor|Protect||[still]
|-fail|p1a: Gliscor
|
|upkeep
|turn|15
|
|t:|1757872411
|move|p1a: Gliscor|Protect|p1a: Gliscor
|-singleturn|p1a: Gliscor|Protect
|move|p2a: Regigigas|Hyper Beam|p1a: Gliscor
|-activate|p1a: Gliscor|move: Protect
|
|upkeep
|turn|16
|
|t:|1757872415
|move|p1a: Gliscor|Swords Dance|p1a: Gliscor
|-boost|p1a: Gliscor|atk|2
|move|p2a: Regigigas|Hyper Beam|p1a: Gliscor
|-damage|p1a: Gliscor|0 fnt
|-mustrecharge|p2a: Regigigas
|faint|p1a: Gliscor
|
|upkeep
|
|t:|1757872422
|switch|p1a: Iron Moth|Iron Moth|100/100
|-damage|p1a: Iron Moth|75/100|[from] Stealth Rock
|-enditem|p1a: Iron Moth|Booster Energy
|-activate|p1a: Iron Moth|ability: Quark Drive|[fromitem]
|-start|p1a: Iron Moth|quarkdrivespe
|turn|17
|
|t:|1757872425
|move|p1a: Iron Moth|Fiery Dance|p2a: Regigigas
|-damage|p2a: Regigigas|0 fnt
|faint|p2a: Regigigas
|
|upkeep
|
|t:|1757872430
|switch|p2a: Kingambit|Kingambit, M|100/100
|-activate|p2a: Kingambit|ability: Supreme Overlord
|-start|p2a: Kingambit|fallen4|[silent]
|turn|18
|
|t:|1757872434
|move|p1a: Iron Moth|Fiery Dance|p2a: Kingambit
|-supereffective|p2a: Kingambit
|-damage|p2a: Kingambit|15/100
|-boost|p1a: Iron Moth|spa|1
|move|p2a: Kingambit|Kowtow Cleave|p1a: Iron Moth
|-damage|p1a: Iron Moth|0 fnt
|faint|p1a: Iron Moth
|-end|p1a: Iron Moth|Quark Drive|[silent]
|
|upkeep
|
|t:|1757872440
|switch|p1a: Kingambit|Kingambit, F, shiny|100/100
|-damage|p1a: Kingambit|94/100|[from] Stealth Rock
|-activate|p1a: Kingambit|ability: Supreme Overlord
|-start|p1a: Kingambit|fallen5|[silent]
|turn|19
|
|t:|1757872442
|move|p2a: Kingambit|Kowtow Cleave|p1a: Kingambit
|-resisted|p1a: Kingambit
|-damage|p1a: Kingambit|62/100
|move|p1a: Kingambit|Swords Dance|p1a: Kingambit
|-boost|p1a: Kingambit|atk|2
|
|upkeep
|turn|20
|
|t:|1757872446
|move|p1a: Kingambit|Sucker Punch||[still]
|-fail|p1a: Kingambit
|move|p2a: Kingambit|Swords Dance|p2a: Kingambit
|-boost|p2a: Kingambit|atk|2
|
|upkeep
|turn|21
|
|t:|1757872449
|move|p2a: Kingambit|Sucker Punch|p1a: Kingambit
|-resisted|p1a: Kingambit
|-damage|p1a: Kingambit|12/100
|move|p1a: Kingambit|Sucker Punch||[still]
|-fail|p1a: Kingambit
|
|upkeep
|turn|22
|
|t:|1757872453
|move|p2a: Kingambit|Sucker Punch|p1a: Kingambit
|-resisted|p1a: Kingambit
|-damage|p1a: Kingambit|0 fnt
|faint|p1a: Kingambit
|-end|p1a: Kingambit|fallen5|[silent]
|
|win|fjigxiy
|raw|Dragadile's rating: 1103 &rarr; <strong>1080</strong><br />(-23 for losing)
|raw|fjigxiy's rating: 1129 &rarr; <strong>1152</strong><br />(+23 for winning)
|l|☆Dragadile
|player|p1|
