|j|☆SSStyl1sh
|j|☆mesnaj
|t:|1757961886
|gametype|singles
|player|p1|SSStyl1sh|giovanni|1207
|player|p2|mesnaj|shadowtriad|1281
|gen|9
|tier|[Gen 9] OU
|rated|
|rule|HP Percentage Mod: HP is shown in percentages
|rule|Endless Battle Clause: Forcing endless battles is banned
|rule|Species Clause: Limit one of each Pokémon
|rule|OHKO Clause: OHKO moves are banned
|rule|Evasion Items Clause: Evasion items are banned
|rule|Evasion Moves Clause: Evasion moves are banned
|rule|Evasion Abilities Clause: Evasion abilities are banned
|rule|Sleep Moves Clause: Sleep-inducing moves are banned
|clearpoke
|poke|p1|Araquanid, F|
|poke|p1|Crawdaunt, F|
|poke|p1|Tornadus-Therian, M|
|poke|p1|Ting-Lu|
|poke|p1|Gholdengo|
|poke|p1|Great Tusk|
|poke|p2|Bisharp, M|
|poke|p2|Gholdengo|
|poke|p2|Glimmora, M|
|poke|p2|Lurantis, F|
|poke|p2|Drifblim, M|
|poke|p2|Dragalge, M|
|teampreview
|inactive|Battle timer is ON: inactive players will automatically lose when time's up. (requested by mesnaj)
|
|t:|1757961898
|teamsize|p1|6
|teamsize|p2|6
|start
|switch|p1a: Tornadus|Tornadus-Therian, M|100/100
|switch|p2a: Rakia|Glimmora, M, shiny|100/100
|turn|1
|
|t:|1757961903
|move|p1a: Tornadus|Taunt|p2a: Rakia
|-start|p2a: Rakia|move: Taunt
|cant|p2a: Rakia|move: Taunt|Stealth Rock
|
|upkeep
|turn|2
|
|t:|1757961908
|move|p1a: Tornadus|U-turn|p2a: Rakia
|-resisted|p2a: Rakia
|-damage|p2a: Rakia|94/100
|-activate|p2a: Rakia|ability: Toxic Debris
|-sidestart|p1: SSStyl1sh|move: Toxic Spikes
|
|t:|1757961912
|switch|p1a: Gholdengo|Gholdengo|100/100|[from] U-turn
|-item|p1a: Gholdengo|Air Balloon
|move|p2a: Rakia|Mortal Spin|p1a: Gholdengo
|-immune|p1a: Gholdengo
|
|upkeep
|turn|3
|
|t:|1757961922
|switch|p2a: Sugh-za-Deva|Lurantis, F|100/100
|move|p1a: Gholdengo|Make It Rain|p2a: Sugh-za-Deva
|-damage|p2a: Sugh-za-Deva|53/100
|-unboost|p1a: Gholdengo|spa|1
|
|upkeep
|turn|4
|
|t:|1757961939
|switch|p1a: Araquanid|Araquanid, F|100/100
|-status|p1a: Araquanid|psn
|move|p2a: Sugh-za-Deva|Knock Off|p1a: Araquanid
|-damage|p1a: Araquanid|69/100 psn
|-enditem|p1a: Araquanid|Custap Berry|[from] move: Knock Off|[of] p2a: Sugh-za-Deva
|
|-damage|p1a: Araquanid|56/100 psn|[from] psn
|upkeep
|turn|5
|
|t:|1757961957
|move|p1a: Araquanid|Sticky Web|p2a: Sugh-za-Deva
|-sidestart|p2: mesnaj|move: Sticky Web
|move|p2a: Sugh-za-Deva|Leaf Storm|p1a: Araquanid
|-crit|p1a: Araquanid
|-damage|p1a: Araquanid|15/100 psn
|-boost|p2a: Sugh-za-Deva|spa|2
|
|-damage|p1a: Araquanid|2/100 psn|[from] psn
|upkeep
|turn|6
|
|t:|1757961967
|move|p1a: Araquanid|Surf|p2a: Sugh-za-Deva
|-resisted|p2a: Sugh-za-Deva
|-damage|p2a: Sugh-za-Deva|34/100
|move|p2a: Sugh-za-Deva|Superpower|p1a: Araquanid
|-resisted|p1a: Araquanid
|-damage|p1a: Araquanid|0 fnt
|-boost|p2a: Sugh-za-Deva|atk|1
|-boost|p2a: Sugh-za-Deva|def|1
|faint|p1a: Araquanid
|
|upkeep
|
|t:|1757961975
|switch|p1a: Tornadus|Tornadus-Therian, M|100/100
|turn|7
|
|t:|1757961982
|move|p1a: Tornadus|Bleakwind Storm|p2a: Sugh-za-Deva
|-supereffective|p2a: Sugh-za-Deva
|-damage|p2a: Sugh-za-Deva|0 fnt
|faint|p2a: Sugh-za-Deva
|
|upkeep
|
|t:|1757961987
|switch|p2a: Rakia|Glimmora, M, shiny|94/100
|-activate|p2a: Rakia|move: Sticky Web
|-unboost|p2a: Rakia|spe|1
|turn|8
|
|t:|1757961992
|move|p1a: Tornadus|Taunt|p2a: Rakia
|-start|p2a: Rakia|move: Taunt
|move|p2a: Rakia|Mortal Spin|p1a: Tornadus
|-damage|p1a: Tornadus|92/100
|-status|p1a: Tornadus|psn
|-sideend|p2: mesnaj|Sticky Web|[from] move: Mortal Spin|[of] p2a: Rakia
|
|-damage|p1a: Tornadus|79/100 psn|[from] psn
|upkeep
|turn|9
|
|t:|1757962004
|switch|p1a: Gholdengo|Gholdengo|100/100
|-item|p1a: Gholdengo|Air Balloon
|switch|p2a: Ghost|Drifblim, M|100/100
|
|upkeep
|turn|10
|
|t:|1757962012
|move|p1a: Gholdengo|Shadow Ball|p2a: Ghost
|-supereffective|p2a: Ghost
|-damage|p2a: Ghost|8/100
|move|p2a: Ghost|Destiny Bond|p2a: Ghost
|-singlemove|p2a: Ghost|Destiny Bond
|
|upkeep
|turn|11
|
|t:|1757962034
|move|p1a: Gholdengo|Nasty Plot|p1a: Gholdengo
|-boost|p1a: Gholdengo|spa|2
|move|p2a: Ghost|Strength Sap|p1a: Gholdengo
|-immune|p1a: Gholdengo|[from] ability: Good as Gold
|
|upkeep
|turn|12
|
|t:|1757962041
|switch|p2a: Rakia|Glimmora, M, shiny|94/100
|move|p1a: Gholdengo|Shadow Ball|p2a: Rakia
|-damage|p2a: Rakia|0 fnt
|faint|p2a: Rakia
|
|upkeep
|
|t:|1757962043
|switch|p2a: Hyper-Muteki|Gholdengo|100/100
|turn|13
|
|t:|1757962048
|move|p2a: Hyper-Muteki|Shadow Ball|p1a: Gholdengo
|-supereffective|p1a: Gholdengo
|-damage|p1a: Gholdengo|0 fnt
|-enditem|p1a: Gholdengo|Air Balloon
|faint|p1a: Gholdengo
|
|upkeep
|
|t:|1757962058
|switch|p1a: Ting-Lu|Ting-Lu|100/100
|-status|p1a: Ting-Lu|psn
|-ability|p1a: Ting-Lu|Vessel of Ruin
|turn|14
|
|t:|1757962065
|switch|p2a: Ghost|Drifblim, M|8/100
|move|p1a: Ting-Lu|Stealth Rock|p2a: Ghost
|-sidestart|p2: mesnaj|move: Stealth Rock
|
|-damage|p1a: Ting-Lu|88/100 psn|[from] psn
|upkeep
|turn|15
|
|t:|1757962069
|move|p2a: Ghost|Strength Sap|p1a: Ting-Lu
|-unboost|p1a: Ting-Lu|atk|1
|-heal|p2a: Ghost|58/100
|move|p1a: Ting-Lu|Spikes|p2a: Ghost
|-sidestart|p2: mesnaj|Spikes
|
|-heal|p1a: Ting-Lu|94/100 psn|[from] item: Leftovers
|-damage|p1a: Ting-Lu|82/100 psn|[from] psn
|upkeep
|turn|16
|
|t:|1757962078
|switch|p1a: Great Tusk|Great Tusk|100/100
|-status|p1a: Great Tusk|psn
|move|p2a: Ghost|Strength Sap|p1a: Great Tusk
|-unboost|p1a: Great Tusk|atk|1
|-heal|p2a: Ghost|100/100
|
|-damage|p1a: Great Tusk|88/100 psn|[from] psn
|upkeep
|turn|17
|
|t:|1757962086
|move|p1a: Great Tusk|Knock Off|p2a: Ghost
|-supereffective|p2a: Ghost
|-damage|p2a: Ghost|56/100
|-damage|p1a: Great Tusk|71/100 psn|[from] item: Rocky Helmet|[of] p2a: Ghost
|-enditem|p2a: Ghost|Rocky Helmet|[from] move: Knock Off|[of] p1a: Great Tusk
|move|p2a: Ghost|Destiny Bond|p2a: Ghost
|-singlemove|p2a: Ghost|Destiny Bond
|
|-damage|p1a: Great Tusk|59/100 psn|[from] psn
|upkeep
|turn|18
|
|t:|1757962093
|move|p1a: Great Tusk|Ice Spinner|p2a: Ghost
|-supereffective|p2a: Ghost
|-damage|p2a: Ghost|15/100
|move|p2a: Ghost|Strength Sap|p1a: Great Tusk
|-unboost|p1a: Great Tusk|atk|1
|-heal|p2a: Ghost|54/100
|
|-damage|p1a: Great Tusk|47/100 psn|[from] psn
|upkeep
|turn|19
|
|t:|1757962105
|-end|p1a: Great Tusk|Protosynthesis|[silent]
|switch|p1a: Tornadus|Tornadus-Therian, M|100/100 psn
|move|p2a: Ghost|Defog|p1a: Tornadus
|-unboost|p1a: Tornadus|evasion|1
|-sideend|p1: SSStyl1sh|Toxic Spikes|[from] move: Defog|[of] p2a: Ghost
|-sideend|p2: mesnaj|Spikes|[from] move: Defog|[of] p2a: Ghost
|-sideend|p2: mesnaj|Stealth Rock|[from] move: Defog|[of] p2a: Ghost
|
|-damage|p1a: Tornadus|88/100 psn|[from] psn
|upkeep
|turn|20
|
|t:|1757962112
|move|p1a: Tornadus|Taunt|p2a: Ghost
|-start|p2a: Ghost|move: Taunt
|cant|p2a: Ghost|move: Taunt|Destiny Bond
|
|-damage|p1a: Tornadus|76/100 psn|[from] psn
|upkeep
|turn|21
|
|t:|1757962117
|switch|p2a: Ryukki|Dragalge, M|100/100
|move|p1a: Tornadus|U-turn|p2a: Ryukki
|-resisted|p2a: Ryukki
|-damage|p2a: Ryukki|92/100
|
|t:|1757962126
|switch|p1a: Ting-Lu|Ting-Lu|82/100 psn|[from] U-turn
|-ability|p1a: Ting-Lu|Vessel of Ruin
|
|-heal|p1a: Ting-Lu|88/100 psn|[from] item: Leftovers
|-damage|p1a: Ting-Lu|76/100 psn|[from] psn
|upkeep
|turn|22
|
|t:|1757962134
|move|p1a: Ting-Lu|Earthquake|p2a: Ryukki
|-supereffective|p2a: Ryukki
|-damage|p2a: Ryukki|15/100
|move|p2a: Ryukki|Draco Meteor|p1a: Ting-Lu
|-damage|p1a: Ting-Lu|26/100 psn
|-unboost|p2a: Ryukki|spa|2
|
|-heal|p1a: Ting-Lu|32/100 psn|[from] item: Leftovers
|-damage|p1a: Ting-Lu|20/100 psn|[from] psn
|upkeep
|turn|23
|
|t:|1757962141
|move|p1a: Ting-Lu|Earthquake|p2a: Ryukki
|-supereffective|p2a: Ryukki
|-damage|p2a: Ryukki|0 fnt
|faint|p2a: Ryukki
|
|-heal|p1a: Ting-Lu|26/100 psn|[from] item: Leftovers
|-damage|p1a: Ting-Lu|13/100 psn|[from] psn
|upkeep
|
|t:|1757962145
|switch|p2a: Hyper-Muteki|Gholdengo|100/100
|turn|24
|
|t:|1757962148
|move|p2a: Hyper-Muteki|Shadow Ball|p1a: Ting-Lu
|-resisted|p1a: Ting-Lu
|-damage|p1a: Ting-Lu|4/100 psn
|move|p1a: Ting-Lu|Earthquake|p2a: Hyper-Muteki
|-supereffective|p2a: Hyper-Muteki
|-damage|p2a: Hyper-Muteki|15/100
|
|-heal|p1a: Ting-Lu|10/100 psn|[from] item: Leftovers
|-damage|p1a: Ting-Lu|0 fnt|[from] psn
|faint|p1a: Ting-Lu
|upkeep
|
|t:|1757962159
|switch|p1a: Crawdaunt|Crawdaunt, F|100/100
|turn|25
|
|t:|1757962166
|switch|p2a: Ghost|Drifblim, M|54/100
|move|p1a: Crawdaunt|Aqua Jet|p2a: Ghost
|-damage|p2a: Ghost|0 fnt
|-damage|p1a: Crawdaunt|76/100|[from] ability: Aftermath|[of] p2a: Ghost
|faint|p2a: Ghost
|
|upkeep
|
|t:|1757962172
|switch|p2a: Faiz-ø|Bisharp, M|100/100
|turn|26
|
|t:|1757962175
|move|p1a: Crawdaunt|Aqua Jet|p2a: Faiz-ø
|-damage|p2a: Faiz-ø|69/100
|move|p2a: Faiz-ø|Swords Dance|p2a: Faiz-ø
|-boost|p2a: Faiz-ø|atk|2
|
|upkeep
|turn|27
|
|t:|1757962181
|switch|p1a: Great Tusk|Great Tusk|47/100 psn
|move|p2a: Faiz-ø|Brick Break|p1a: Great Tusk
|-damage|p1a: Great Tusk|11/100 psn
|-damage|p2a: Faiz-ø|52/100|[from] item: Rocky Helmet|[of] p1a: Great Tusk
|
|-damage|p1a: Great Tusk|0 fnt|[from] psn
|faint|p1a: Great Tusk
|-end|p1a: Great Tusk|Protosynthesis|[silent]
|upkeep
|
|t:|1757962195
|switch|p1a: Crawdaunt|Crawdaunt, F|76/100
|turn|28
|
|t:|1757962205
|-terastallize|p2a: Faiz-ø|Flying
|move|p1a: Crawdaunt|Crabhammer|p2a: Faiz-ø
|-damage|p2a: Faiz-ø|0 fnt
|faint|p2a: Faiz-ø
|
|upkeep
|
|t:|1757962209
|switch|p2a: Hyper-Muteki|Gholdengo|15/100
|turn|29
|
|t:|1757962213
|move|p2a: Hyper-Muteki|Make It Rain|p1a: Crawdaunt
|-resisted|p1a: Crawdaunt
|-damage|p1a: Crawdaunt|8/100
|-unboost|p2a: Hyper-Muteki|spa|1
|move|p1a: Crawdaunt|Crabhammer|p2a: Hyper-Muteki
|-damage|p2a: Hyper-Muteki|0 fnt
|faint|p2a: Hyper-Muteki
|
|win|SSStyl1sh
|raw|SSStyl1sh's rating: 1207 &rarr; <strong>1237</strong><br />(+30 for winning)
|raw|mesnaj's rating: 1281 &rarr; <strong>1251</strong><br />(-30 for losing)
|l|☆mesnaj
|player|p2|
