|j|☆leinata
|j|☆frozen shogun
|t:|1757816000
|gametype|singles
|player|p1|leinata|cynthia-gen4|1270
|player|p2|frozen shogun|wallace|1303
|gen|9
|tier|[Gen 9] OU
|rated|
|rule|HP Percentage Mod: HP is shown in percentages
|rule|Endless Battle Clause: Forcing endless battles is banned
|rule|Species Clause: Limit one of each Pokémon
|rule|OHKO Clause: OHKO moves are banned
|rule|Evasion Items Clause: Evasion items are banned
|rule|Evasion Moves Clause: Evasion moves are banned
|rule|Evasion Abilities Clause: Evasion abilities are banned
|rule|Sleep Moves Clause: Sleep-inducing moves are banned
|clearpoke
|poke|p1|Ogerpon-Wellspring, F|
|poke|p1|Kingambit, M|
|poke|p1|Landorus-Therian, M|
|poke|p1|Glimmora, M|
|poke|p1|Dragapult, M|
|poke|p1|Iron Valiant|
|poke|p2|Victreebel, M|
|poke|p2|Torkoal, F|
|poke|p2|Ninetales, M|
|poke|p2|Primarina, M|
|poke|p2|Scizor, F|
|poke|p2|Thundurus-Therian, M|
|teampreview
|
|t:|1757816008
|teamsize|p1|6
|teamsize|p2|6
|start
|switch|p1a: Glimmora|Glimmora, M|100/100
|switch|p2a: Scizor|Scizor, F|100/100
|turn|1
|
|t:|1757816015
|move|p1a: Glimmora|Meteor Beam||[still]
|-prepare|p1a: Glimmora|Meteor Beam
|-boost|p1a: Glimmora|spa|1
|-enditem|p1a: Glimmora|Power Herb
|-anim|p1a: Glimmora|Meteor Beam|p2a: Scizor
|-damage|p2a: Scizor|0 fnt
|faint|p2a: Scizor
|
|upkeep
|
|t:|1757816021
|switch|p2a: Torkoal|Torkoal, F|100/100
|-weather|SunnyDay|[from] ability: Drought|[of] p2a: Torkoal
|turn|2
|
|t:|1757816030
|-terastallize|p1a: Glimmora|Ghost
|move|p1a: Glimmora|Spikes|p2a: Torkoal
|-sidestart|p2: frozen shogun|Spikes
|move|p2a: Torkoal|Stealth Rock|p1a: Glimmora
|-sidestart|p1: leinata|move: Stealth Rock
|
|-weather|SunnyDay|[upkeep]
|upkeep
|turn|3
|
|t:|1757816041
|move|p1a: Glimmora|Spikes|p2a: Torkoal
|-sidestart|p2: frozen shogun|Spikes
|move|p2a: Torkoal|Clear Smog|p1a: Glimmora
|-resisted|p1a: Glimmora
|-damage|p1a: Glimmora|93/100
|-clearboost|p1a: Glimmora
|
|-weather|SunnyDay|[upkeep]
|upkeep
|turn|4
|inactive|Battle timer is ON: inactive players will automatically lose when time's up. (requested by leinata)
|
|t:|1757816044
|move|p1a: Glimmora|Mortal Spin|p2a: Torkoal
|-damage|p2a: Torkoal|96/100
|-status|p2a: Torkoal|psn
|-sideend|p1: leinata|Stealth Rock|[from] move: Mortal Spin|[of] p1a: Glimmora
|move|p2a: Torkoal|Will-O-Wisp|p1a: Glimmora
|-status|p1a: Glimmora|brn
|
|-weather|SunnyDay|[upkeep]
|-damage|p2a: Torkoal|84/100 psn|[from] psn
|-damage|p1a: Glimmora|87/100 brn|[from] brn
|upkeep
|turn|5
|
|t:|1757816055
|switch|p2a: Victreebel|Victreebel, M|100/100
|-damage|p2a: Victreebel|84/100|[from] Spikes
|move|p1a: Glimmora|Spikes|p2a: Victreebel
|-sidestart|p2: frozen shogun|Spikes
|
|-weather|SunnyDay|[upkeep]
|-damage|p1a: Glimmora|81/100 brn|[from] brn
|upkeep
|turn|6
|
|t:|1757816061
|move|p2a: Victreebel|Knock Off|p1a: Glimmora
|-supereffective|p1a: Glimmora
|-crit|p1a: Glimmora
|-damage|p1a: Glimmora|5/100 brn
|-activate|p1a: Glimmora|ability: Toxic Debris
|-sidestart|p2: frozen shogun|move: Toxic Spikes
|move|p1a: Glimmora|Mortal Spin|p2a: Victreebel
|-damage|p2a: Victreebel|79/100
|
|-weather|none
|-damage|p1a: Glimmora|0 fnt|[from] brn
|faint|p1a: Glimmora
|upkeep
|
|t:|1757816070
|switch|p1a: Dragapult|Dragapult, M|100/100
|turn|7
|
|t:|1757816076
|move|p1a: Dragapult|Shadow Ball|p2a: Victreebel
|-damage|p2a: Victreebel|6/100
|move|p2a: Victreebel|Knock Off|p1a: Dragapult
|-supereffective|p1a: Dragapult
|-damage|p1a: Dragapult|12/100
|-enditem|p1a: Dragapult|Choice Specs|[from] move: Knock Off|[of] p2a: Victreebel
|
|upkeep
|turn|8
|
|t:|1757816086
|move|p1a: Dragapult|Shadow Ball|p2a: Victreebel
|-damage|p2a: Victreebel|0 fnt
|faint|p2a: Victreebel
|
|upkeep
|
|t:|1757816092
|switch|p2a: Thundurus|Thundurus-Therian, M|100/100
|turn|9
|
|t:|1757816098
|-terastallize|p2a: Thundurus|Flying
|move|p2a: Thundurus|Tera Blast|p1a: Dragapult|[anim] Tera Blast Flying
|-damage|p1a: Dragapult|0 fnt
|faint|p1a: Dragapult
|
|upkeep
|
|t:|1757816106
|switch|p1a: Iron Valiant|Iron Valiant|100/100
|-enditem|p1a: Iron Valiant|Booster Energy
|-activate|p1a: Iron Valiant|ability: Quark Drive|[fromitem]
|-start|p1a: Iron Valiant|quarkdrivespe
|turn|10
|
|t:|1757816109
|move|p1a: Iron Valiant|Knock Off|p2a: Thundurus
|-damage|p2a: Thundurus|50/100
|-enditem|p2a: Thundurus|Choice Scarf|[from] move: Knock Off|[of] p1a: Iron Valiant
|move|p2a: Thundurus|Tera Blast|p1a: Iron Valiant|[anim] Tera Blast Flying
|-supereffective|p1a: Iron Valiant
|-damage|p1a: Iron Valiant|0 fnt
|faint|p1a: Iron Valiant
|-end|p1a: Iron Valiant|Quark Drive|[silent]
|
|upkeep
|
|t:|1757816116
|switch|p1a: Ogerpon|Ogerpon-Wellspring, F|100/100
|turn|11
|
|t:|1757816120
|move|p1a: Ogerpon|Ivy Cudgel|p2a: Thundurus|[anim] Ivy Cudgel Water
|-damage|p2a: Thundurus|0 fnt
|faint|p2a: Thundurus
|
|upkeep
|
|t:|1757816123
|switch|p2a: Torkoal|Torkoal, F|84/100 psn
|-weather|SunnyDay|[from] ability: Drought|[of] p2a: Torkoal
|turn|12
|
|t:|1757816127
|move|p1a: Ogerpon|Ivy Cudgel|p2a: Torkoal|[anim] Ivy Cudgel Water
|-supereffective|p2a: Torkoal
|-damage|p2a: Torkoal|40/100 psn
|move|p2a: Torkoal|Rapid Spin|p1a: Ogerpon
|-damage|p1a: Ogerpon|88/100
|-boost|p2a: Torkoal|spe|1
|-sideend|p2: frozen shogun|Spikes|[from] move: Rapid Spin|[of] p2a: Torkoal
|-sideend|p2: frozen shogun|Toxic Spikes|[from] move: Rapid Spin|[of] p2a: Torkoal
|
|-weather|SunnyDay|[upkeep]
|-damage|p2a: Torkoal|28/100 psn|[from] psn
|upkeep
|turn|13
|
|t:|1757816133
|move|p1a: Ogerpon|Ivy Cudgel|p2a: Torkoal|[anim] Ivy Cudgel Water
|-supereffective|p2a: Torkoal
|-damage|p2a: Torkoal|0 fnt
|faint|p2a: Torkoal
|
|-weather|SunnyDay|[upkeep]
|upkeep
|
|t:|1757816147
|switch|p2a: Ninetales|Ninetales, M|100/100
|turn|14
|
|t:|1757816150
|move|p1a: Ogerpon|Ivy Cudgel|p2a: Ninetales|[anim] Ivy Cudgel Water
|-supereffective|p2a: Ninetales
|-damage|p2a: Ninetales|6/100
|move|p2a: Ninetales|Overheat|p1a: Ogerpon
|-damage|p1a: Ogerpon|3/100
|-unboost|p2a: Ninetales|spa|2
|
|-weather|SunnyDay|[upkeep]
|upkeep
|turn|15
|
|t:|1757816161
|move|p1a: Ogerpon|Horn Leech|p2a: Ninetales
|-resisted|p2a: Ninetales
|-damage|p2a: Ninetales|0 fnt
|-heal|p1a: Ogerpon|6/100|[from] drain|[of] p2a: Ninetales
|faint|p2a: Ninetales
|
|-weather|SunnyDay|[upkeep]
|upkeep
|
|t:|1757816163
|switch|p2a: Primarina|Primarina, M|100/100
|turn|16
|-message|frozen shogun forfeited.
|
|win|leinata
|raw|leinata's rating: 1270 &rarr; <strong>1297</strong><br />(+27 for winning)
|raw|frozen shogun's rating: 1303 &rarr; <strong>1281</strong><br />(-22 for losing)
|l|☆frozen shogun
|player|p2|
|l|☆leinata
|player|p1|
