|j|☆DrAlphaStone
|j|☆tommy1928
|t:|1757827079
|gametype|singles
|player|p1|DrAlphaStone|karen|1672
|player|p2|tommy1928|101|1688
|gen|9
|tier|[Gen 9] OU
|rated|
|rule|HP Percentage Mod: HP is shown in percentages
|rule|Endless Battle Clause: Forcing endless battles is banned
|rule|Species Clause: Limit one of each Pokémon
|rule|OHKO Clause: OHKO moves are banned
|rule|Evasion Items Clause: Evasion items are banned
|rule|Evasion Moves Clause: Evasion moves are banned
|rule|Evasion Abilities Clause: Evasion abilities are banned
|rule|Sleep Moves Clause: Sleep-inducing moves are banned
|clearpoke
|poke|p1|Dragapult, M|
|poke|p1|Slowking-Galar, F|
|poke|p1|Zamazenta-*|
|poke|p1|Ogerpon-Wellspring, F|
|poke|p1|Rotom-Heat|
|poke|p1|Iron Treads|
|poke|p2|Torkoal, F|
|poke|p2|Ceruledge, M|
|poke|p2|Raging Bolt|
|poke|p2|Great Tusk|
|poke|p2|Walking Wake|
|poke|p2|Alomomola, M|
|teampreview
|
|t:|1757827098
|teamsize|p1|6
|teamsize|p2|6
|start
|switch|p1a: Ogerpon|Ogerpon-Wellspring, F|100/100
|switch|p2a: Torkoal|Torkoal, F, shiny|100/100
|-weather|SunnyDay|[from] ability: Drought|[of] p2a: Torkoal
|turn|1
|inactive|Battle timer is ON: inactive players will automatically lose when time's up. (requested by tommy1928)
|
|t:|1757827105
|move|p1a: Ogerpon|U-turn|p2a: Torkoal
|-resisted|p2a: Torkoal
|-damage|p2a: Torkoal|91/100
|
|t:|1757827108
|switch|p1a: Rotom|Rotom-Heat|100/100|[from] U-turn
|move|p2a: Torkoal|Will-O-Wisp|p1a: Rotom
|-immune|p1a: Rotom
|
|-weather|SunnyDay|[upkeep]
|upkeep
|turn|2
|
|t:|1757827115
|move|p1a: Rotom|Volt Switch|p2a: Torkoal
|-damage|p2a: Torkoal|66/100
|
|t:|1757827118
|switch|p1a: Slowking|Slowking-Galar, F|100/100|[from] Volt Switch
|move|p2a: Torkoal|Stealth Rock|p1a: Slowking
|-sidestart|p1: DrAlphaStone|move: Stealth Rock
|
|-weather|SunnyDay|[upkeep]
|upkeep
|turn|3
|
|t:|1757827122
|move|p2a: Torkoal|Will-O-Wisp|p1a: Slowking|[miss]
|-miss|p2a: Torkoal|p1a: Slowking
|-prepare|p1a: Slowking|Chilly Reception|[premajor]
|move|p1a: Slowking|Chilly Reception|p1a: Slowking
|-weather|Snowscape
|
|t:|1757827127
|switch|p1a: Dragapult|Dragapult, M|100/100|[from] Chilly Reception
|-damage|p1a: Dragapult|88/100|[from] Stealth Rock
|
|-weather|Snowscape|[upkeep]
|-heal|p1a: Dragapult|94/100|[from] item: Leftovers
|upkeep
|turn|4
|
|t:|1757827136
|move|p1a: Dragapult|Substitute|p1a: Dragapult
|-start|p1a: Dragapult|Substitute
|-damage|p1a: Dragapult|69/100
|move|p2a: Torkoal|Will-O-Wisp|p1a: Dragapult|[miss]
|-miss|p2a: Torkoal|p1a: Dragapult
|
|-weather|Snowscape|[upkeep]
|-heal|p1a: Dragapult|75/100|[from] item: Leftovers
|upkeep
|turn|5
|
|t:|1757827141
|switch|p2a: Great Tusk|Great Tusk|100/100
|move|p1a: Dragapult|Dragon Darts|p2a: Great Tusk
|-damage|p2a: Great Tusk|90/100
|-anim|p1a: Dragapult|Dragon Darts|p2a: Great Tusk
|-damage|p2a: Great Tusk|80/100
|
|-weather|Snowscape|[upkeep]
|-heal|p1a: Dragapult|82/100|[from] item: Leftovers
|upkeep
|turn|6
|
|t:|1757827144
|move|p1a: Dragapult|Will-O-Wisp|p2a: Great Tusk
|-status|p2a: Great Tusk|brn
|move|p2a: Great Tusk|Roar|p1a: Dragapult
|drag|p1a: Slowking|Slowking-Galar, F|100/100
|
|-weather|Snowscape|[upkeep]
|-damage|p2a: Great Tusk|74/100 brn|[from] brn
|upkeep
|turn|7
|
|t:|1757827154
|move|p2a: Great Tusk|Knock Off|p1a: Slowking
|-supereffective|p1a: Slowking
|-damage|p1a: Slowking|72/100
|-enditem|p1a: Slowking|Heavy-Duty Boots|[from] move: Knock Off|[of] p2a: Great Tusk
|move|p1a: Slowking|Future Sight|p2a: Great Tusk
|-start|p1a: Slowking|move: Future Sight
|
|-weather|none
|-damage|p2a: Great Tusk|68/100 brn|[from] brn
|upkeep
|turn|8
|
|t:|1757827164
|move|p2a: Great Tusk|Earthquake|p1a: Slowking
|-supereffective|p1a: Slowking
|-damage|p1a: Slowking|30/100
|-prepare|p1a: Slowking|Chilly Reception|[premajor]
|move|p1a: Slowking|Chilly Reception|p1a: Slowking
|-weather|Snowscape
|
|t:|1757827167
|switch|p1a: Ogerpon|Ogerpon-Wellspring, F|100/100|[from] Chilly Reception
|-damage|p1a: Ogerpon|88/100|[from] Stealth Rock
|
|-weather|Snowscape|[upkeep]
|-damage|p2a: Great Tusk|62/100 brn|[from] brn
|upkeep
|turn|9
|
|t:|1757827181
|-end|p2a: Great Tusk|Protosynthesis|[silent]
|switch|p2a: Torkoal|Torkoal, F, shiny|66/100
|-weather|SunnyDay|[from] ability: Drought|[of] p2a: Torkoal
|move|p1a: Ogerpon|Ivy Cudgel|p2a: Torkoal|[anim] Ivy Cudgel Water
|-supereffective|p2a: Torkoal
|-damage|p2a: Torkoal|23/100
|
|-weather|SunnyDay|[upkeep]
|-end|p2a: Torkoal|move: Future Sight
|-damage|p2a: Torkoal|0 fnt
|faint|p2a: Torkoal
|upkeep
|j| wgw2333
|j| LegitimatePotato
|inactive|tommy1928 has 120 seconds left.
|
|t:|1757827211
|switch|p2a: Raging Bolt|Raging Bolt|100/100
|-activate|p2a: Raging Bolt|ability: Protosynthesis
|-start|p2a: Raging Bolt|protosynthesisdef
|turn|10
|
|t:|1757827215
|move|p1a: Ogerpon|U-turn|p2a: Raging Bolt
|-damage|p2a: Raging Bolt|89/100
|
|t:|1757827219
|switch|p1a: Iron Treads|Iron Treads|100/100|[from] U-turn
|move|p2a: Raging Bolt|Substitute|p2a: Raging Bolt
|-start|p2a: Raging Bolt|Substitute
|-damage|p2a: Raging Bolt|64/100
|
|-weather|SunnyDay|[upkeep]
|-heal|p2a: Raging Bolt|70/100|[from] item: Leftovers
|upkeep
|turn|11
|
|t:|1757827229
|-terastallize|p2a: Raging Bolt|Bug
|move|p1a: Iron Treads|Stealth Rock|p2a: Raging Bolt
|-sidestart|p2: tommy1928|move: Stealth Rock
|move|p2a: Raging Bolt|Calm Mind|p2a: Raging Bolt
|-boost|p2a: Raging Bolt|spa|1
|-boost|p2a: Raging Bolt|spd|1
|
|-weather|SunnyDay|[upkeep]
|-heal|p2a: Raging Bolt|76/100|[from] item: Leftovers
|upkeep
|turn|12
|
|t:|1757827235
|move|p1a: Iron Treads|Rapid Spin|p2a: Raging Bolt
|-crit|p2a: Raging Bolt
|-activate|p2a: Raging Bolt|move: Substitute|[damage]
|-sideend|p1: DrAlphaStone|Stealth Rock|[from] move: Rapid Spin|[of] p1a: Iron Treads
|-boost|p1a: Iron Treads|spe|1
|move|p2a: Raging Bolt|Dragon Pulse|p1a: Iron Treads
|-resisted|p1a: Iron Treads
|-crit|p1a: Iron Treads
|-damage|p1a: Iron Treads|40/100
|
|-weather|SunnyDay|[upkeep]
|-heal|p2a: Raging Bolt|83/100|[from] item: Leftovers
|upkeep
|turn|13
|
|t:|1757827240
|move|p1a: Iron Treads|Rapid Spin|p2a: Raging Bolt
|-activate|p2a: Raging Bolt|move: Substitute|[damage]
|-boost|p1a: Iron Treads|spe|1
|move|p2a: Raging Bolt|Calm Mind|p2a: Raging Bolt
|-boost|p2a: Raging Bolt|spa|1
|-boost|p2a: Raging Bolt|spd|1
|
|-weather|SunnyDay|[upkeep]
|-heal|p2a: Raging Bolt|89/100|[from] item: Leftovers
|upkeep
|turn|14
|
|t:|1757827248
|move|p1a: Iron Treads|Knock Off|p2a: Raging Bolt
|-end|p2a: Raging Bolt|Substitute
|move|p2a: Raging Bolt|Substitute|p2a: Raging Bolt
|-start|p2a: Raging Bolt|Substitute
|-damage|p2a: Raging Bolt|64/100
|
|-weather|SunnyDay|[upkeep]
|-heal|p2a: Raging Bolt|70/100|[from] item: Leftovers
|upkeep
|turn|15
|
|t:|1757827275
|move|p1a: Iron Treads|Knock Off|p2a: Raging Bolt
|-activate|p2a: Raging Bolt|move: Substitute|[damage]
|move|p2a: Raging Bolt|Dragon Pulse|p1a: Iron Treads
|-resisted|p1a: Iron Treads
|-damage|p1a: Iron Treads|0 fnt
|faint|p1a: Iron Treads
|-end|p1a: Iron Treads|Quark Drive|[silent]
|
|-weather|SunnyDay|[upkeep]
|-heal|p2a: Raging Bolt|76/100|[from] item: Leftovers
|upkeep
|
|t:|1757827284
|switch|p1a: Dragapult|Dragapult, M|82/100
|turn|16
|
|t:|1757827291
|-terastallize|p1a: Dragapult|Fairy
|move|p1a: Dragapult|Substitute|p1a: Dragapult
|-start|p1a: Dragapult|Substitute
|-damage|p1a: Dragapult|57/100
|move|p2a: Raging Bolt|Dragon Pulse|p1a: Dragapult
|-immune|p1a: Dragapult
|
|-weather|none
|-end|p2a: Raging Bolt|Protosynthesis
|-heal|p1a: Dragapult|63/100|[from] item: Leftovers
|-heal|p2a: Raging Bolt|82/100|[from] item: Leftovers
|upkeep
|turn|17
|
|t:|1757827297
|move|p1a: Dragapult|Dragon Darts|p2a: Raging Bolt
|-damage|p2a: Raging Bolt|70/100
|-anim|p1a: Dragapult|Dragon Darts|p2a: Raging Bolt
|-damage|p2a: Raging Bolt|59/100
|move|p2a: Raging Bolt|Discharge|p1a: Dragapult
|-end|p1a: Dragapult|Substitute
|
|-heal|p1a: Dragapult|69/100|[from] item: Leftovers
|-heal|p2a: Raging Bolt|65/100|[from] item: Leftovers
|upkeep
|turn|18
|
|t:|1757827308
|move|p1a: Dragapult|Will-O-Wisp|p2a: Raging Bolt
|-status|p2a: Raging Bolt|brn
|move|p2a: Raging Bolt|Discharge|p1a: Dragapult
|-damage|p1a: Dragapult|0 fnt
|faint|p1a: Dragapult
|
|-heal|p2a: Raging Bolt|71/100 brn|[from] item: Leftovers
|-damage|p2a: Raging Bolt|65/100 brn|[from] brn
|upkeep
|
|t:|1757827314
|switch|p1a: Slowking|Slowking-Galar, F|64/100
|turn|19
|
|t:|1757827317
|move|p2a: Raging Bolt|Discharge|p1a: Slowking
|-damage|p1a: Slowking|25/100
|-status|p1a: Slowking|par
|-prepare|p1a: Slowking|Chilly Reception|[premajor]
|move|p1a: Slowking|Chilly Reception|p1a: Slowking
|-weather|Snowscape
|
|t:|1757827321
|switch|p1a: Ogerpon|Ogerpon-Wellspring, F|88/100|[from] Chilly Reception
|
|-weather|Snowscape|[upkeep]
|-heal|p2a: Raging Bolt|71/100 brn|[from] item: Leftovers
|-damage|p2a: Raging Bolt|65/100 brn|[from] brn
|upkeep
|turn|20
|
|t:|1757827328
|move|p1a: Ogerpon|U-turn|p2a: Raging Bolt
|-end|p2a: Raging Bolt|Substitute
|
|t:|1757827330
|switch|p1a: Slowking|Slowking-Galar, F|58/100 par|[from] U-turn
|move|p2a: Raging Bolt|Dragon Pulse|p1a: Slowking
|-damage|p1a: Slowking|15/100 par
|
|-weather|Snowscape|[upkeep]
|-heal|p2a: Raging Bolt|71/100 brn|[from] item: Leftovers
|-damage|p2a: Raging Bolt|65/100 brn|[from] brn
|upkeep
|turn|21
|
|t:|1757827336
|move|p2a: Raging Bolt|Discharge|p1a: Slowking
|-damage|p1a: Slowking|0 fnt
|faint|p1a: Slowking
|
|-weather|Snowscape|[upkeep]
|-heal|p2a: Raging Bolt|71/100 brn|[from] item: Leftovers
|-damage|p2a: Raging Bolt|65/100 brn|[from] brn
|upkeep
|
|t:|1757827342
|switch|p1a: Ogerpon|Ogerpon-Wellspring, F|88/100
|turn|22
|
|t:|1757827347
|move|p1a: Ogerpon|Ivy Cudgel|p2a: Raging Bolt|[anim] Ivy Cudgel Water
|-damage|p2a: Raging Bolt|29/100 brn
|move|p2a: Raging Bolt|Discharge|p1a: Ogerpon
|-damage|p1a: Ogerpon|7/100
|
|-weather|Snowscape|[upkeep]
|-heal|p2a: Raging Bolt|35/100 brn|[from] item: Leftovers
|-damage|p2a: Raging Bolt|29/100 brn|[from] brn
|upkeep
|turn|23
|
|t:|1757827370
|move|p1a: Ogerpon|Ivy Cudgel|p2a: Raging Bolt|[anim] Ivy Cudgel Water
|-damage|p2a: Raging Bolt|0 fnt
|faint|p2a: Raging Bolt
|-end|p2a: Raging Bolt|Protosynthesis|[silent]
|
|-weather|none
|upkeep
|
|t:|1757827382
|switch|p2a: Alomomola|Alomomola, M|100/100
|-damage|p2a: Alomomola|88/100|[from] Stealth Rock
|turn|24
|
|t:|1757827389
|move|p1a: Ogerpon|Horn Leech|p2a: Alomomola
|-supereffective|p2a: Alomomola
|-damage|p2a: Alomomola|18/100
|-heal|p1a: Ogerpon|69/100|[from] drain|[of] p2a: Alomomola
|move|p2a: Alomomola|Play Rough|p1a: Ogerpon
|-damage|p1a: Ogerpon|47/100
|
|upkeep
|turn|25
|
|t:|1757827398
|switch|p2a: Ceruledge|Ceruledge, M|100/100
|-damage|p2a: Ceruledge|76/100|[from] Stealth Rock
|-item|p2a: Ceruledge|Air Balloon
|move|p1a: Ogerpon|Ivy Cudgel|p2a: Ceruledge|[anim] Ivy Cudgel Water
|-supereffective|p2a: Ceruledge
|-damage|p2a: Ceruledge|0 fnt
|-enditem|p2a: Ceruledge|Air Balloon
|faint|p2a: Ceruledge
|
|upkeep
|-message|tommy1928 forfeited.
|
|win|DrAlphaStone
|raw|DrAlphaStone's rating: 1672 &rarr; <strong>1693</strong><br />(+21 for winning)
|raw|tommy1928's rating: 1688 &rarr; <strong>1667</strong><br />(-21 for losing)
|l|☆tommy1928
|player|p2|
|l| LegitimatePotato
|l|☆DrAlphaStone
|player|p1|
