|j|☆enormouschilli
|j|☆LVL62Monoco
|t:|1757939830
|gametype|singles
|player|p1|enormouschilli|101|1364
|player|p2|LVL62Monoco|265|1472
|gen|9
|tier|[Gen 9] OU
|rated|
|rule|HP Percentage Mod: HP is shown in percentages
|rule|Endless Battle Clause: Forcing endless battles is banned
|rule|Species Clause: Limit one of each Pokémon
|rule|OHKO Clause: OHKO moves are banned
|rule|Evasion Items Clause: Evasion items are banned
|rule|Evasion Moves Clause: Evasion moves are banned
|rule|Evasion Abilities Clause: Evasion abilities are banned
|rule|Sleep Moves Clause: Sleep-inducing moves are banned
|clearpoke
|poke|p1|Zamazenta-*|
|poke|p1|Glimmora, M|
|poke|p1|Meowscarada, F|
|poke|p1|Gholdengo|
|poke|p1|Ting-Lu|
|poke|p1|Hydrapple, M|
|poke|p2|Ribombee, M|
|poke|p2|Cinderace, F|
|poke|p2|Great Tusk|
|poke|p2|Kingambit, F|
|poke|p2|Serperior, F|
|poke|p2|Milotic, F|
|teampreview
|inactive|Battle timer is ON: inactive players will automatically lose when time's up. (requested by enormouschilli)
|
|t:|1757939845
|teamsize|p1|6
|teamsize|p2|6
|start
|switch|p1a: Glimmora|Glimmora, M|100/100
|switch|p2a: Great Tusk|Great Tusk|100/100
|turn|1
|inactive|enormouschilli has 120 seconds left.
|
|t:|1757939875
|switch|p1a: Gholdengo|Gholdengo|100/100
|-item|p1a: Gholdengo|Air Balloon
|move|p2a: Great Tusk|Stealth Rock|p1a: Gholdengo
|-sidestart|p1: enormouschilli|move: Stealth Rock
|
|upkeep
|turn|2
|
|t:|1757939894
|-end|p2a: Great Tusk|Protosynthesis|[silent]
|switch|p2a: Kingambit|Kingambit, F|100/100
|move|p1a: Gholdengo|Dazzling Gleam|p2a: Kingambit
|-damage|p2a: Kingambit|79/100
|
|upkeep
|turn|3
|inactive|enormouschilli has 120 seconds left.
|
|t:|1757939926
|switch|p1a: Hydrapple|Hydrapple, M|100/100
|move|p2a: Kingambit|Swords Dance|p2a: Kingambit
|-boost|p2a: Kingambit|atk|2
|
|upkeep
|turn|4
|
|t:|1757939943
|move|p2a: Kingambit|Kowtow Cleave|p1a: Hydrapple
|-damage|p1a: Hydrapple|36/100
|move|p1a: Hydrapple|Earth Power|p2a: Kingambit
|-supereffective|p2a: Kingambit
|-damage|p2a: Kingambit|36/100
|
|upkeep
|turn|5
|inactive|enormouschilli has 120 seconds left.
|
|t:|1757939953
|switch|p1a: Zamazenta|Zamazenta|100/100
|-ability|p1a: Zamazenta|Dauntless Shield|boost
|-boost|p1a: Zamazenta|def|1
|move|p2a: Kingambit|Iron Head|p1a: Zamazenta
|-damage|p1a: Zamazenta|37/100
|
|upkeep
|turn|6
|
|t:|1757939964
|move|p2a: Kingambit|Sucker Punch|p1a: Zamazenta
|-resisted|p1a: Zamazenta
|-damage|p1a: Zamazenta|5/100
|move|p1a: Zamazenta|Close Combat|p2a: Kingambit
|-supereffective|p2a: Kingambit
|-damage|p2a: Kingambit|0 fnt
|-unboost|p1a: Zamazenta|def|1
|-unboost|p1a: Zamazenta|spd|1
|faint|p2a: Kingambit
|
|upkeep
|
|t:|1757939974
|switch|p2a: Ribombee|Ribombee, M|100/100
|turn|7
|
|t:|1757939988
|move|p1a: Zamazenta|Heavy Slam|p2a: Ribombee
|-supereffective|p2a: Ribombee
|-enditem|p2a: Ribombee|Focus Sash
|-damage|p2a: Ribombee|1/100
|move|p2a: Ribombee|Sticky Web|p1a: Zamazenta
|-sidestart|p1: enormouschilli|move: Sticky Web
|
|upkeep
|turn|8
|
|t:|1757939996
|move|p1a: Zamazenta|Heavy Slam|p2a: Ribombee
|-supereffective|p2a: Ribombee
|-damage|p2a: Ribombee|0 fnt
|faint|p2a: Ribombee
|
|upkeep
|
|t:|1757940009
|switch|p2a: Great Tusk|Great Tusk|100/100
|turn|9
|
|t:|1757940015
|move|p1a: Zamazenta|Close Combat|p2a: Great Tusk
|-damage|p2a: Great Tusk|64/100
|-unboost|p1a: Zamazenta|def|1
|-unboost|p1a: Zamazenta|spd|1
|move|p2a: Great Tusk|Ice Spinner|p1a: Zamazenta
|-damage|p1a: Zamazenta|0 fnt
|faint|p1a: Zamazenta
|
|upkeep
|
|t:|1757940041
|switch|p1a: Gholdengo|Gholdengo|100/100
|-damage|p1a: Gholdengo|94/100|[from] Stealth Rock
|-item|p1a: Gholdengo|Air Balloon
|turn|10
|
|t:|1757940052
|-end|p2a: Great Tusk|Protosynthesis|[silent]
|switch|p2a: Milotic|Milotic, F|100/100
|move|p1a: Gholdengo|Make It Rain|p2a: Milotic
|-resisted|p2a: Milotic
|-damage|p2a: Milotic|88/100
|-unboost|p1a: Gholdengo|spa|1
|
|upkeep
|turn|11
|inactive|enormouschilli has 120 seconds left.
|
|t:|1757940077
|move|p1a: Gholdengo|Nasty Plot|p1a: Gholdengo
|-boost|p1a: Gholdengo|spa|2
|move|p2a: Milotic|Flip Turn|p1a: Gholdengo
|-crit|p1a: Gholdengo
|-damage|p1a: Gholdengo|81/100
|-enditem|p1a: Gholdengo|Air Balloon
|
|t:|1757940085
|switch|p2a: Cinderace|Cinderace, F|100/100|[from] Flip Turn
|
|upkeep
|turn|12
|inactive|enormouschilli has 120 seconds left.
|
|t:|1757940118
|-terastallize|p1a: Gholdengo|Fairy
|move|p2a: Cinderace|Pyro Ball|p1a: Gholdengo
|-damage|p1a: Gholdengo|47/100
|move|p1a: Gholdengo|Dazzling Gleam|p2a: Cinderace
|-resisted|p2a: Cinderace
|-damage|p2a: Cinderace|71/100
|
|upkeep
|turn|13
|
|t:|1757940132
|move|p2a: Cinderace|Court Change|p2a: Cinderace
|-swapsideconditions
|-activate|p2a: Cinderace|move: Court Change
|move|p1a: Gholdengo|Recover|p1a: Gholdengo
|-heal|p1a: Gholdengo|97/100
|
|upkeep
|turn|14
|
|t:|1757940137
|move|p2a: Cinderace|U-turn|p1a: Gholdengo
|-resisted|p1a: Gholdengo
|-damage|p1a: Gholdengo|89/100
|
|t:|1757940141
|switch|p2a: Milotic|Milotic, F|88/100|[from] U-turn
|-damage|p2a: Milotic|75/100|[from] Stealth Rock
|-activate|p2a: Milotic|move: Sticky Web
|-unboost|p2a: Milotic|spe|1
|-ability|p2a: Milotic|Competitive|boost
|-boost|p2a: Milotic|spa|2
|move|p1a: Gholdengo|Make It Rain|p2a: Milotic
|-resisted|p2a: Milotic
|-damage|p2a: Milotic|55/100
|-unboost|p1a: Gholdengo|spa|1
|
|upkeep
|turn|15
|
|t:|1757940153
|move|p1a: Gholdengo|Dazzling Gleam|p2a: Milotic
|-damage|p2a: Milotic|40/100
|move|p2a: Milotic|Draining Kiss|p1a: Gholdengo
|-damage|p1a: Gholdengo|56/100
|-heal|p2a: Milotic|64/100|[from] drain|[of] p1a: Gholdengo
|
|upkeep
|turn|16
|
|t:|1757940161
|switch|p1a: Glimmora|Glimmora, M|100/100
|move|p2a: Milotic|Draining Kiss|p1a: Glimmora
|-resisted|p1a: Glimmora
|-damage|p1a: Glimmora|81/100
|-heal|p2a: Milotic|76/100|[from] drain|[of] p1a: Glimmora
|
|upkeep
|turn|17
|
|t:|1757940168
|move|p1a: Glimmora|Mortal Spin|p2a: Milotic
|-damage|p2a: Milotic|69/100
|-status|p2a: Milotic|psn
|move|p2a: Milotic|Scald|p1a: Glimmora
|-supereffective|p1a: Glimmora
|-damage|p1a: Glimmora|0 fnt
|faint|p1a: Glimmora
|
|-damage|p2a: Milotic|56/100 psn|[from] psn
|upkeep
|
|t:|1757940180
|switch|p1a: Meowscarada|Meowscarada, F|100/100
|turn|18
|
|t:|1757940190
|-terastallize|p2a: Milotic|Fairy
|move|p1a: Meowscarada|Flower Trick|p2a: Milotic
|-start|p1a: Meowscarada|typechange|Grass|[from] ability: Protean
|-crit|p2a: Milotic
|-damage|p2a: Milotic|4/100 psn
|move|p2a: Milotic|Draining Kiss|p1a: Meowscarada
|-damage|p1a: Meowscarada|8/100
|-heal|p2a: Milotic|55/100 psn|[from] drain|[of] p1a: Meowscarada
|
|-damage|p2a: Milotic|43/100 psn|[from] psn
|upkeep
|turn|19
|inactive|enormouschilli has 120 seconds left.
|
|t:|1757940241
|move|p1a: Meowscarada|Flower Trick|p2a: Milotic
|-crit|p2a: Milotic
|-damage|p2a: Milotic|0 fnt
|faint|p2a: Milotic
|
|upkeep
|
|t:|1757940255
|switch|p2a: Serperior|Serperior, F|100/100
|-damage|p2a: Serperior|88/100|[from] Stealth Rock
|-activate|p2a: Serperior|move: Sticky Web
|-boost|p2a: Serperior|spe|1
|turn|20
|inactive|enormouschilli has 90 seconds left.
|
|t:|1757940284
|move|p1a: Meowscarada|Flower Trick|p2a: Serperior
|-resisted|p2a: Serperior
|-crit|p2a: Serperior
|-damage|p2a: Serperior|57/100
|move|p2a: Serperior|Leaf Storm|p1a: Meowscarada
|-resisted|p1a: Meowscarada
|-damage|p1a: Meowscarada|0 fnt
|-boost|p2a: Serperior|spa|2
|faint|p1a: Meowscarada
|
|-heal|p2a: Serperior|63/100|[from] item: Leftovers
|upkeep
|inactive|enormouschilli has 90 seconds left.
|
|t:|1757940303
|switch|p1a: Hydrapple|Hydrapple, M|69/100
|turn|21
|
|t:|1757940317
|move|p2a: Serperior|Leaf Storm|p1a: Hydrapple
|-resisted|p1a: Hydrapple
|-damage|p1a: Hydrapple|47/100
|-boost|p2a: Serperior|spa|2
|move|p1a: Hydrapple|Fickle Beam|p2a: Serperior
|-damage|p2a: Serperior|26/100
|
|-heal|p2a: Serperior|32/100|[from] item: Leftovers
|upkeep
|turn|22
|
|t:|1757940327
|move|p2a: Serperior|Leaf Storm|p1a: Hydrapple
|-resisted|p1a: Hydrapple
|-crit|p1a: Hydrapple
|-damage|p1a: Hydrapple|0 fnt
|-boost|p2a: Serperior|spa|2
|faint|p1a: Hydrapple
|
|-heal|p2a: Serperior|38/100|[from] item: Leftovers
|upkeep
|
|t:|1757940332
|switch|p1a: Gholdengo|Gholdengo, tera:Fairy|56/100
|turn|23
|
|t:|1757940338
|move|p2a: Serperior|Leaf Storm|p1a: Gholdengo
|-crit|p1a: Gholdengo
|-damage|p1a: Gholdengo|0 fnt
|faint|p1a: Gholdengo
|
|-heal|p2a: Serperior|44/100|[from] item: Leftovers
|upkeep
|-message|enormouschilli forfeited.
|
|win|LVL62Monoco
|raw|enormouschilli's rating: 1364 &rarr; <strong>1350</strong><br />(-14 for losing)
|raw|LVL62Monoco's rating: 1472 &rarr; <strong>1486</strong><br />(+14 for winning)
|l|☆enormouschilli
|player|p1|
|l|☆LVL62Monoco
|player|p2|
