|j|☆ricboooy
|j|☆carloss prates
|t:|1757932073
|gametype|singles
|player|p1|ricboooy|1|1542
|player|p2|carloss prates|bruno|1519
|gen|9
|tier|[Gen 9] OU
|rated|
|rule|HP Percentage Mod: HP is shown in percentages
|rule|Endless Battle Clause: Forcing endless battles is banned
|rule|Species Clause: Limit one of each Pokémon
|rule|OHKO Clause: OHKO moves are banned
|rule|Evasion Items Clause: Evasion items are banned
|rule|Evasion Moves Clause: Evasion moves are banned
|rule|Evasion Abilities Clause: Evasion abilities are banned
|rule|Sleep Moves Clause: Sleep-inducing moves are banned
|clearpoke
|poke|p1|Dragonite, F|
|poke|p1|Goodra-Hisui, M|
|poke|p1|Zamazenta-*|
|poke|p1|Gholdengo|
|poke|p1|Orthworm, M|
|poke|p1|Zapdos|
|poke|p2|Great Tusk|
|poke|p2|Heatran, M|
|poke|p2|Weavile, M|
|poke|p2|Primarina, M|
|poke|p2|Ogerpon, F|
|poke|p2|Pecharunt|
|teampreview
|inactive|Battle timer is ON: inactive players will automatically lose when time's up. (requested by ricboooy)
|
|t:|1757932087
|teamsize|p1|6
|teamsize|p2|6
|start
|switch|p1a: Zapdos|Zapdos|100/100
|switch|p2a: Celestine|Primarina, M, shiny|100/100
|turn|1
|
|t:|1757932098
|-terastallize|p2a: Celestine|Ground
|move|p1a: Zapdos|Hurricane|p2a: Celestine|[miss]
|-miss|p1a: Zapdos|p2a: Celestine
|move|p2a: Celestine|Whirlpool|p1a: Zapdos|[miss]
|-miss|p2a: Celestine|p1a: Zapdos
|
|upkeep
|turn|2
|
|t:|1757932109
|switch|p1a: Goodra|Goodra-Hisui, M|100/100
|move|p2a: Celestine|Flip Turn|p1a: Goodra
|-resisted|p1a: Goodra
|-damage|p1a: Goodra|93/100
|-ability|p1a: Goodra|Gooey
|-unboost|p2a: Celestine|spe|1
|
|t:|1757932115
|switch|p2a: Chaos|Heatran, M, shiny|100/100|[from] Flip Turn
|-item|p2a: Chaos|Air Balloon
|
|upkeep
|turn|3
|
|t:|1757932124
|move|p2a: Chaos|Stealth Rock|p1a: Goodra
|-sidestart|p1: ricboooy|move: Stealth Rock
|move|p1a: Goodra|Dragon Pulse|p2a: Chaos
|-resisted|p2a: Chaos
|-damage|p2a: Chaos|80/100
|-enditem|p2a: Chaos|Air Balloon
|
|upkeep
|turn|4
|
|t:|1757932134
|switch|p2a: Behemoth|Great Tusk, shiny|100/100
|switch|p1a: Zapdos|Zapdos|100/100
|-damage|p1a: Zapdos|76/100|[from] Stealth Rock
|
|upkeep
|turn|5
|
|t:|1757932138
|-end|p2a: Behemoth|Protosynthesis|[silent]
|switch|p2a: Celestine|Primarina, M, shiny, tera:Ground|100/100
|move|p1a: Zapdos|Hurricane|p2a: Celestine
|-damage|p2a: Celestine|70/100
|
|upkeep
|turn|6
|
|t:|1757932144
|move|p1a: Zapdos|Hurricane|p2a: Celestine
|-damage|p2a: Celestine|41/100
|move|p2a: Celestine|Whirlpool|p1a: Zapdos
|-damage|p1a: Zapdos|55/100
|-activate|p1a: Zapdos|move: Whirlpool|[of] p2a: Celestine
|
|-damage|p1a: Zapdos|42/100|[from] move: Whirlpool|[partiallytrapped]
|upkeep
|turn|7
|
|t:|1757932149
|move|p1a: Zapdos|Roost|p1a: Zapdos
|-heal|p1a: Zapdos|92/100
|-singleturn|p1a: Zapdos|move: Roost
|move|p2a: Celestine|Psychic Noise|p1a: Zapdos
|-damage|p1a: Zapdos|51/100
|-start|p1a: Zapdos|move: Heal Block
|
|-damage|p1a: Zapdos|39/100|[from] move: Whirlpool|[partiallytrapped]
|upkeep
|turn|8
|
|t:|1757932154
|move|p1a: Zapdos|Hurricane|p2a: Celestine|[miss]
|-miss|p1a: Zapdos|p2a: Celestine
|move|p2a: Celestine|Moonblast|p1a: Zapdos
|-damage|p1a: Zapdos|0 fnt
|faint|p1a: Zapdos
|
|upkeep
|
|t:|1757932173
|switch|p1a: Goodra|Goodra-Hisui, M|93/100
|-damage|p1a: Goodra|87/100|[from] Stealth Rock
|turn|9
|
|t:|1757932180
|switch|p2a: Chaos|Heatran, M, shiny|80/100
|move|p1a: Goodra|Ice Beam|p2a: Chaos
|-resisted|p2a: Chaos
|-damage|p2a: Chaos|73/100
|
|upkeep
|turn|10
|
|t:|1757932183
|switch|p2a: Behemoth|Great Tusk, shiny|100/100
|move|p1a: Goodra|Fire Blast|p2a: Behemoth
|-damage|p2a: Behemoth|45/100
|-status|p2a: Behemoth|brn
|
|-damage|p2a: Behemoth|39/100 brn|[from] brn
|upkeep
|turn|11
|
|t:|1757932188
|move|p2a: Behemoth|Headlong Rush|p1a: Goodra
|-supereffective|p1a: Goodra
|-damage|p1a: Goodra|21/100
|-unboost|p2a: Behemoth|def|1
|-unboost|p2a: Behemoth|spd|1
|-ability|p1a: Goodra|Gooey
|-unboost|p2a: Behemoth|spe|1
|move|p1a: Goodra|Ice Beam|p2a: Behemoth
|-supereffective|p2a: Behemoth
|-damage|p2a: Behemoth|0 fnt
|faint|p2a: Behemoth
|-end|p2a: Behemoth|Protosynthesis|[silent]
|
|upkeep
|
|t:|1757932191
|switch|p2a: Bandit|Weavile, M, shiny|100/100
|-ability|p2a: Bandit|Pressure
|turn|12
|
|t:|1757932194
|move|p2a: Bandit|Knock Off|p1a: Goodra
|-damage|p1a: Goodra|0 fnt
|-ability|p1a: Goodra|Gooey
|-unboost|p2a: Bandit|spe|1
|-enditem|p1a: Goodra|Assault Vest|[from] move: Knock Off|[of] p2a: Bandit
|faint|p1a: Goodra
|
|upkeep
|
|t:|1757932208
|switch|p1a: Orthworm|Orthworm, M|100/100
|-damage|p1a: Orthworm|94/100|[from] Stealth Rock
|turn|13
|
|t:|1757932215
|move|p2a: Bandit|Knock Off|p1a: Orthworm
|-damage|p1a: Orthworm|57/100
|-enditem|p1a: Orthworm|Lum Berry|[from] move: Knock Off|[of] p2a: Bandit
|move|p1a: Orthworm|Coil|p1a: Orthworm
|-boost|p1a: Orthworm|atk|1
|-boost|p1a: Orthworm|def|1
|-boost|p1a: Orthworm|accuracy|1
|
|upkeep
|turn|14
|
|t:|1757932221
|switch|p2a: Overseer|Pecharunt|100/100
|move|p1a: Orthworm|Rest|p1a: Orthworm
|-status|p1a: Orthworm|slp|[from] move: Rest
|-heal|p1a: Orthworm|100/100 slp|[silent]
|
|upkeep
|turn|15
|
|t:|1757932228
|move|p2a: Overseer|Parting Shot|p1a: Orthworm
|-unboost|p1a: Orthworm|atk|1
|-unboost|p1a: Orthworm|spa|1
|
|t:|1757932229
|switch|p2a: Chaos|Heatran, M, shiny|73/100|[from] Parting Shot
|cant|p1a: Orthworm|slp
|
|upkeep
|turn|16
|
|t:|1757932239
|switch|p1a: Zamazenta|Zamazenta|100/100
|-damage|p1a: Zamazenta|94/100|[from] Stealth Rock
|-ability|p1a: Zamazenta|Dauntless Shield|boost
|-boost|p1a: Zamazenta|def|1
|move|p2a: Chaos|Taunt|p1a: Zamazenta
|-start|p1a: Zamazenta|move: Taunt
|
|-heal|p1a: Zamazenta|100/100|[from] item: Leftovers
|upkeep
|turn|17
|
|t:|1757932242
|switch|p2a: Overseer|Pecharunt|100/100
|move|p1a: Zamazenta|Body Press|p2a: Overseer
|-immune|p2a: Overseer
|
|upkeep
|turn|18
|
|t:|1757932246
|move|p1a: Zamazenta|Psychic Fangs|p2a: Overseer
|-supereffective|p2a: Overseer
|-damage|p2a: Overseer|81/100
|-damage|p1a: Zamazenta|84/100|[from] item: Rocky Helmet|[of] p2a: Overseer
|move|p2a: Overseer|Shadow Ball|p1a: Zamazenta
|-damage|p1a: Zamazenta|60/100
|
|-heal|p1a: Zamazenta|66/100|[from] item: Leftovers
|-end|p1a: Zamazenta|move: Taunt
|upkeep
|turn|19
|
|t:|1757932255
|switch|p1a: Dragonite|Dragonite, F|100/100
|-damage|p1a: Dragonite|75/100|[from] Stealth Rock
|move|p2a: Overseer|Shadow Ball|p1a: Dragonite
|-damage|p1a: Dragonite|47/100
|
|upkeep
|turn|20
|
|t:|1757932260
|switch|p2a: Bandit|Weavile, M, shiny|100/100
|-ability|p2a: Bandit|Pressure
|move|p1a: Dragonite|Earthquake|p2a: Bandit
|-damage|p2a: Bandit|35/100
|
|upkeep
|turn|21
|
|t:|1757932263
|move|p1a: Dragonite|Extreme Speed|p2a: Bandit
|-damage|p2a: Bandit|0 fnt
|faint|p2a: Bandit
|
|upkeep
|
|t:|1757932267
|switch|p2a: Anonymous|Ogerpon, F|100/100
|turn|22
|
|t:|1757932271
|move|p2a: Anonymous|Rock Tomb|p1a: Dragonite
|-supereffective|p1a: Dragonite
|-damage|p1a: Dragonite|0 fnt
|faint|p1a: Dragonite
|
|upkeep
|
|t:|1757932274
|switch|p1a: Orthworm|Orthworm, M|100/100 slp
|-damage|p1a: Orthworm|94/100 slp|[from] Stealth Rock
|turn|23
|
|t:|1757932277
|switch|p2a: Overseer|Pecharunt|81/100
|cant|p1a: Orthworm|slp
|
|upkeep
|turn|24
|
|t:|1757932280
|move|p2a: Overseer|Shadow Ball|p1a: Orthworm
|-damage|p1a: Orthworm|52/100 slp
|-curestatus|p1a: Orthworm|slp|[msg]
|move|p1a: Orthworm|Coil|p1a: Orthworm
|-boost|p1a: Orthworm|atk|1
|-boost|p1a: Orthworm|def|1
|-boost|p1a: Orthworm|accuracy|1
|
|upkeep
|turn|25
|
|t:|1757932286
|move|p2a: Overseer|Shadow Ball|p1a: Orthworm
|-damage|p1a: Orthworm|4/100
|move|p1a: Orthworm|Rock Blast|p2a: Overseer
|-crit|p2a: Overseer
|-damage|p2a: Overseer|75/100
|-damage|p2a: Overseer|71/100
|-hitcount|p2a: Overseer|2
|
|upkeep
|turn|26
|
|t:|1757932291
|move|p2a: Overseer|Shadow Ball|p1a: Orthworm
|-damage|p1a: Orthworm|0 fnt
|faint|p1a: Orthworm
|
|upkeep
|
|t:|1757932293
|switch|p1a: Gholdengo|Gholdengo|100/100
|-damage|p1a: Gholdengo|94/100|[from] Stealth Rock
|turn|27
|
|t:|1757932298
|switch|p2a: Celestine|Primarina, M, shiny, tera:Ground|41/100
|-terastallize|p1a: Gholdengo|Flying
|move|p1a: Gholdengo|Trick|p2a: Celestine
|-activate|p1a: Gholdengo|move: Trick|[of] p2a: Celestine
|-item|p2a: Celestine|Choice Scarf|[from] move: Trick
|-item|p1a: Gholdengo|Assault Vest|[from] move: Trick
|
|upkeep
|turn|28
|
|t:|1757932304
|move|p1a: Gholdengo|Shadow Ball|p2a: Celestine
|-damage|p2a: Celestine|7/100
|move|p2a: Celestine|Psychic Noise|p1a: Gholdengo
|-damage|p1a: Gholdengo|64/100
|-start|p1a: Gholdengo|move: Heal Block
|
|upkeep
|turn|29
|
|t:|1757932307
|move|p1a: Gholdengo|Tera Blast|p2a: Celestine|[anim] Tera Blast Flying
|-damage|p2a: Celestine|0 fnt
|faint|p2a: Celestine
|
|-end|p1a: Gholdengo|move: Heal Block
|upkeep
|
|t:|1757932310
|switch|p2a: Anonymous|Ogerpon, F|100/100
|turn|30
|
|t:|1757932312
|move|p2a: Anonymous|Rock Tomb|p1a: Gholdengo
|-supereffective|p1a: Gholdengo
|-damage|p1a: Gholdengo|0 fnt
|faint|p1a: Gholdengo
|
|upkeep
|
|t:|1757932314
|switch|p1a: Zamazenta|Zamazenta|66/100
|-damage|p1a: Zamazenta|60/100|[from] Stealth Rock
|turn|31
|
|t:|1757932316
|move|p1a: Zamazenta|Substitute|p1a: Zamazenta
|-start|p1a: Zamazenta|Substitute
|-damage|p1a: Zamazenta|35/100
|move|p2a: Anonymous|Rock Tomb|p1a: Zamazenta
|-resisted|p1a: Zamazenta
|-activate|p1a: Zamazenta|move: Substitute|[damage]
|
|-heal|p1a: Zamazenta|41/100|[from] item: Leftovers
|upkeep
|turn|32
|
|t:|1757932319
|switch|p2a: Overseer|Pecharunt|71/100
|move|p1a: Zamazenta|Iron Defense|p1a: Zamazenta
|-boost|p1a: Zamazenta|def|2
|
|-heal|p1a: Zamazenta|47/100|[from] item: Leftovers
|upkeep
|turn|33
|
|t:|1757932321
|move|p1a: Zamazenta|Psychic Fangs|p2a: Overseer
|-supereffective|p2a: Overseer
|-damage|p2a: Overseer|50/100
|-damage|p1a: Zamazenta|30/100|[from] item: Rocky Helmet|[of] p2a: Overseer
|move|p2a: Overseer|Recover|p2a: Overseer
|-heal|p2a: Overseer|99/100
|
|-heal|p1a: Zamazenta|36/100|[from] item: Leftovers
|upkeep
|turn|34
|
|t:|1757932326
|move|p1a: Zamazenta|Iron Defense|p1a: Zamazenta
|-boost|p1a: Zamazenta|def|2
|move|p2a: Overseer|Shadow Ball|p1a: Zamazenta
|-end|p1a: Zamazenta|Substitute
|
|-heal|p1a: Zamazenta|43/100|[from] item: Leftovers
|upkeep
|turn|35
|
|t:|1757932330
|move|p1a: Zamazenta|Iron Defense|p1a: Zamazenta
|-boost|p1a: Zamazenta|def|2
|move|p2a: Overseer|Shadow Ball|p1a: Zamazenta
|-damage|p1a: Zamazenta|19/100
|
|-heal|p1a: Zamazenta|25/100|[from] item: Leftovers
|upkeep
|turn|36
|
|t:|1757932345
|move|p1a: Zamazenta|Psychic Fangs|p2a: Overseer
|-supereffective|p2a: Overseer
|-damage|p2a: Overseer|80/100
|-damage|p1a: Zamazenta|9/100|[from] item: Rocky Helmet|[of] p2a: Overseer
|move|p2a: Overseer|Shadow Ball|p1a: Zamazenta
|-damage|p1a: Zamazenta|0 fnt
|faint|p1a: Zamazenta
|
|win|carloss prates
|raw|ricboooy's rating: 1542 &rarr; <strong>1521</strong><br />(-21 for losing)
|raw|carloss prates's rating: 1519 &rarr; <strong>1540</strong><br />(+21 for winning)
|l|☆ricboooy
|player|p1|
|l|☆carloss prates
|player|p2|
