|j|☆S11xSummarized
|j|☆romerux
|t:|1757940524
|gametype|singles
|player|p1|S11xSummarized|rosa|1076
|player|p2|romerux|266|1101
|gen|9
|tier|[Gen 9] OU
|rated|
|rule|HP Percentage Mod: HP is shown in percentages
|rule|Endless Battle Clause: Forcing endless battles is banned
|rule|Species Clause: Limit one of each Pokémon
|rule|OHKO Clause: OHKO moves are banned
|rule|Evasion Items Clause: Evasion items are banned
|rule|Evasion Moves Clause: Evasion moves are banned
|rule|Evasion Abilities Clause: Evasion abilities are banned
|rule|Sleep Moves Clause: Sleep-inducing moves are banned
|clearpoke
|poke|p1|Indeedee-F, F|
|poke|p1|Armarouge, M|
|poke|p1|Polteageist-Antique|
|poke|p1|Hatterene, F|
|poke|p1|Great Tusk|
|poke|p1|Serperior, F|
|poke|p2|Ting-Lu|
|poke|p2|Great Tusk|
|poke|p2|Gholdengo|
|poke|p2|Dragonite, F|
|poke|p2|Iron Valiant|
|poke|p2|Heatran, F|
|teampreview
|
|t:|1757940530
|teamsize|p1|6
|teamsize|p2|6
|start
|switch|p1a: Indeedee|Indeedee-F, F|100/100
|switch|p2a: Ting-Lu|Ting-Lu, shiny|100/100
|-fieldstart|move: Psychic Terrain|[from] ability: Psychic Surge|[of] p1a: Indeedee
|-ability|p2a: Ting-Lu|Vessel of Ruin
|turn|1
|
|t:|1757940551
|switch|p1a: Serperior|Serperior, F|100/100
|switch|p2a: Great Tusk|Great Tusk, shiny|100/100
|
|upkeep
|turn|2
|
|t:|1757940563
|-end|p2a: Great Tusk|Protosynthesis|[silent]
|switch|p2a: Heatran|Heatran, F|100/100
|move|p1a: Serperior|Leaf Storm|p2a: Heatran
|-resisted|p2a: Heatran
|-damage|p2a: Heatran|90/100
|-boost|p1a: Serperior|spa|2
|-damage|p1a: Serperior|91/100|[from] item: Life Orb
|
|-heal|p2a: Heatran|97/100|[from] item: Leftovers
|upkeep
|turn|3
|
|t:|1757940577
|move|p1a: Serperior|Substitute|p1a: Serperior
|-start|p1a: Serperior|Substitute
|-damage|p1a: Serperior|66/100
|move|p2a: Heatran|Magma Storm|p1a: Serperior
|-supereffective|p1a: Serperior
|-end|p1a: Serperior|Substitute
|
|-heal|p2a: Heatran|100/100|[from] item: Leftovers
|upkeep
|turn|4
|
|t:|1757940586
|move|p1a: Serperior|Glare|p2a: Heatran
|-status|p2a: Heatran|par
|move|p2a: Heatran|Magma Storm|p1a: Serperior|[miss]
|-miss|p2a: Heatran|p1a: Serperior
|
|upkeep
|turn|5
|
|t:|1757940602
|switch|p1a: Great Tusk|Great Tusk|100/100
|move|p2a: Heatran|Taunt|p1a: Great Tusk
|-start|p1a: Great Tusk|move: Taunt
|
|upkeep
|turn|6
|
|t:|1757940610
|move|p2a: Heatran|Protect|p2a: Heatran
|-singleturn|p2a: Heatran|Protect
|move|p1a: Great Tusk|Close Combat|p2a: Heatran
|-activate|p2a: Heatran|move: Protect
|
|upkeep
|turn|7
|
|t:|1757940625
|switch|p2a: Iron Valiant|Iron Valiant|100/100
|move|p1a: Great Tusk|Close Combat|p2a: Iron Valiant
|-resisted|p2a: Iron Valiant
|-damage|p2a: Iron Valiant|60/100
|-unboost|p1a: Great Tusk|def|1
|-unboost|p1a: Great Tusk|spd|1
|
|-end|p1a: Great Tusk|move: Taunt
|upkeep
|turn|8
|
|t:|1757940637
|move|p2a: Iron Valiant|Spirit Break|p1a: Great Tusk
|-supereffective|p1a: Great Tusk
|-damage|p1a: Great Tusk|15/100
|-unboost|p1a: Great Tusk|spa|1
|move|p1a: Great Tusk|Knock Off|p2a: Iron Valiant
|-resisted|p2a: Iron Valiant
|-damage|p2a: Iron Valiant|49/100
|-enditem|p2a: Iron Valiant|Choice Scarf|[from] move: Knock Off|[of] p1a: Great Tusk
|
|-fieldend|move: Psychic Terrain
|upkeep
|turn|9
|
|t:|1757940653
|-end|p1a: Great Tusk|Protosynthesis|[silent]
|switch|p1a: Indeedee|Indeedee-F, F|100/100
|-fieldstart|move: Psychic Terrain|[from] ability: Psychic Surge|[of] p1a: Indeedee
|move|p2a: Iron Valiant|Spirit Break|p1a: Indeedee
|-damage|p1a: Indeedee|34/100
|-unboost|p1a: Indeedee|spa|1
|
|upkeep
|turn|10
|
|t:|1757940666
|move|p2a: Iron Valiant|Spirit Break|p1a: Indeedee
|-damage|p1a: Indeedee|0 fnt
|faint|p1a: Indeedee
|
|upkeep
|
|t:|1757940670
|switch|p1a: Polteageist|Polteageist-Antique|100/100
|turn|11
|
|t:|1757940679
|-end|p2a: Iron Valiant|Quark Drive|[silent]
|switch|p2a: Ting-Lu|Ting-Lu, shiny|100/100
|-ability|p2a: Ting-Lu|Vessel of Ruin
|move|p1a: Polteageist|Shell Smash|p1a: Polteageist
|-unboost|p1a: Polteageist|def|1
|-unboost|p1a: Polteageist|spd|1
|-boost|p1a: Polteageist|atk|2
|-boost|p1a: Polteageist|spa|2
|-boost|p1a: Polteageist|spe|2
|
|upkeep
|turn|12
|
|t:|1757940690
|-terastallize|p1a: Polteageist|Fighting
|move|p1a: Polteageist|Tera Blast|p2a: Ting-Lu|[anim] Tera Blast Fighting
|-supereffective|p2a: Ting-Lu
|-damage|p2a: Ting-Lu|20/100
|move|p2a: Ting-Lu|Whirlwind|p1a: Polteageist
|drag|p1a: Hatterene|Hatterene, F|100/100
|
|-heal|p2a: Ting-Lu|26/100|[from] item: Leftovers
|upkeep
|turn|13
|
|t:|1757940703
|move|p2a: Ting-Lu|Ruination|p1a: Hatterene
|-damage|p1a: Hatterene|50/100
|move|p1a: Hatterene|Draining Kiss|p2a: Ting-Lu
|-supereffective|p2a: Ting-Lu
|-damage|p2a: Ting-Lu|8/100
|-heal|p1a: Hatterene|72/100|[from] drain|[of] p2a: Ting-Lu
|
|-heal|p2a: Ting-Lu|15/100|[from] item: Leftovers
|-heal|p1a: Hatterene|78/100|[from] item: Leftovers
|upkeep
|turn|14
|
|t:|1757940717
|switch|p2a: Heatran|Heatran, F|100/100 par
|move|p1a: Hatterene|Draining Kiss|p2a: Heatran
|-resisted|p2a: Heatran
|-damage|p2a: Heatran|96/100 par
|-heal|p1a: Hatterene|82/100|[from] drain|[of] p2a: Heatran
|
|-heal|p2a: Heatran|100/100 par|[from] item: Leftovers
|-heal|p1a: Hatterene|88/100|[from] item: Leftovers
|upkeep
|turn|15
|
|t:|1757940728
|move|p2a: Heatran|Earth Power|p1a: Hatterene
|-damage|p1a: Hatterene|58/100
|move|p1a: Hatterene|Mystical Fire|p2a: Heatran
|-start|p2a: Heatran|ability: Flash Fire
|
|-heal|p1a: Hatterene|64/100|[from] item: Leftovers
|upkeep
|turn|16
|
|t:|1757940743
|switch|p1a: Armarouge|Armarouge, M|100/100
|cant|p2a: Heatran|par
|
|-fieldend|move: Psychic Terrain
|upkeep
|turn|17
|
|t:|1757940752
|move|p1a: Armarouge|Expanding Force|p2a: Heatran
|-resisted|p2a: Heatran
|-damage|p2a: Heatran|85/100 par
|move|p2a: Heatran|Earth Power|p1a: Armarouge
|-supereffective|p1a: Armarouge
|-damage|p1a: Armarouge|43/100
|
|-heal|p2a: Heatran|91/100 par|[from] item: Leftovers
|upkeep
|turn|18
|
|t:|1757940763
|move|p1a: Armarouge|Expanding Force|p2a: Heatran
|-resisted|p2a: Heatran
|-damage|p2a: Heatran|77/100 par
|move|p2a: Heatran|Earth Power|p1a: Armarouge
|-supereffective|p1a: Armarouge
|-damage|p1a: Armarouge|0 fnt
|faint|p1a: Armarouge
|
|-heal|p2a: Heatran|84/100 par|[from] item: Leftovers
|upkeep
|
|t:|1757940771
|switch|p1a: Polteageist|Polteageist-Antique, tera:Fighting|100/100
|turn|19
|
|t:|1757940777
|move|p1a: Polteageist|Shell Smash|p1a: Polteageist
|-unboost|p1a: Polteageist|def|1
|-unboost|p1a: Polteageist|spd|1
|-boost|p1a: Polteageist|atk|2
|-boost|p1a: Polteageist|spa|2
|-boost|p1a: Polteageist|spe|2
|move|p2a: Heatran|Magma Storm|p1a: Polteageist|[miss]
|-miss|p2a: Heatran|p1a: Polteageist
|
|-heal|p2a: Heatran|90/100 par|[from] item: Leftovers
|upkeep
|turn|20
|
|t:|1757940792
|move|p1a: Polteageist|Tera Blast|p2a: Heatran|[anim] Tera Blast Fighting
|-supereffective|p2a: Heatran
|-damage|p2a: Heatran|0 fnt
|faint|p2a: Heatran
|
|upkeep
|
|t:|1757940799
|switch|p2a: Iron Valiant|Iron Valiant|49/100
|turn|21
|
|t:|1757940803
|move|p1a: Polteageist|Stored Power|p2a: Iron Valiant
|-supereffective|p2a: Iron Valiant
|-damage|p2a: Iron Valiant|0 fnt
|faint|p2a: Iron Valiant
|-end|p2a: Iron Valiant|Quark Drive|[silent]
|
|upkeep
|
|t:|1757940817
|switch|p2a: Dragonite|Dragonite, F|100/100
|turn|22
|
|t:|1757940824
|move|p1a: Polteageist|Stored Power|p2a: Dragonite
|-damage|p2a: Dragonite|40/100
|move|p2a: Dragonite|Dragon Dance|p2a: Dragonite
|-boost|p2a: Dragonite|atk|1
|-boost|p2a: Dragonite|spe|1
|
|upkeep
|turn|23
|
|t:|1757940837
|move|p1a: Polteageist|Stored Power|p2a: Dragonite
|-damage|p2a: Dragonite|0 fnt
|faint|p2a: Dragonite
|
|upkeep
|-message|romerux forfeited.
|
|win|S11xSummarized
|raw|S11xSummarized's rating: 1076 &rarr; <strong>1107</strong><br />(+31 for winning)
|raw|romerux's rating: 1101 &rarr; <strong>1074</strong><br />(-27 for losing)
|l|☆romerux
|player|p2|
|l|☆S11xSummarized
|player|p1|
|j|☆S11xSummarized
|player|p1|S11xSummarized|rosa|
|l|☆S11xSummarized
|player|p1|
