|j|☆aiden022688
|j|☆7thdegreemurder
|inactive|Battle timer is ON: inactive players will automatically lose when time's up.
|t:|1757961466
|gametype|singles
|player|p1|aiden022688|dawn|
|player|p2|7thdegreemurder|170|
|gen|9
|tier|[Gen 9] OU
|rated|Tournament battle
|rule|HP Percentage Mod: HP is shown in percentages
|rule|Endless Battle Clause: Forcing endless battles is banned
|rule|Species Clause: Limit one of each Pokémon
|rule|OHKO Clause: OHKO moves are banned
|rule|Evasion Items Clause: Evasion items are banned
|rule|Evasion Moves Clause: Evasion moves are banned
|rule|Evasion Abilities Clause: Evasion abilities are banned
|rule|Sleep Moves Clause: Sleep-inducing moves are banned
|raw|<div class="infobox"><details class="readmore"><summary><strong>15 custom rules:</strong></summary> -burmy, -caterpie, -combee, -kricketot, -magikarp, -scatterbug, -sunkern, -tynamo, -typenull, -weedle, -wurmple, -cosmog, -blipbug, -snom, -wynaut</details></div>
|clearpoke
|poke|p1|Excadrill, M|
|poke|p1|Lotad, F|
|poke|p1|Haxorus, F|
|poke|p2|Malamar, M|
|poke|p2|Kilowattrel, M|
|poke|p2|Golurk|
|teampreview
|j|*Lady Monita ☀
|inactive|aiden022688 also wants the timer to be on.
|j| Tempomochi
|j| got_the_hacks
|c|☆7thdegreemurder|glhf
|c|☆aiden022688|U2
|c|☆7thdegreemurder|sorry was late wifi was out
|
|t:|1757961484
|teamsize|p1|3
|teamsize|p2|3
|start
|switch|p1a: Haxorus|Haxorus, F|100/100
|switch|p2a: Kilowattrel|Kilowattrel, M|100/100
|-ability|p1a: Haxorus|Mold Breaker
|turn|1
|
|t:|1757961491
|move|p2a: Kilowattrel|Thunder Wave|p1a: Haxorus
|-status|p1a: Haxorus|par
|move|p1a: Haxorus|Dragon Dance|p1a: Haxorus
|-boost|p1a: Haxorus|atk|1
|-boost|p1a: Haxorus|spe|1
|
|upkeep
|turn|2
|
|t:|1757961496
|move|p2a: Kilowattrel|Tailwind|p2a: Kilowattrel
|-sidestart|p2: 7thdegreemurder|move: Tailwind
|cant|p1a: Haxorus|par
|
|upkeep
|turn|3
|
|t:|1757961500
|move|p2a: Kilowattrel|Air Slash|p1a: Haxorus
|-damage|p1a: Haxorus|44/100 par
|move|p1a: Haxorus|Outrage|p2a: Kilowattrel
|-enditem|p2a: Kilowattrel|Focus Sash
|-damage|p2a: Kilowattrel|1/100
|-damage|p1a: Haxorus|34/100 par|[from] item: Life Orb
|
|upkeep
|turn|4
|
|t:|1757961507
|move|p2a: Kilowattrel|Air Slash|p1a: Haxorus
|-damage|p1a: Haxorus|0 fnt
|faint|p1a: Haxorus
|
|upkeep
|j| maoaomao
|
|t:|1757961510
|switch|p1a: Will carry|Excadrill, M|100/100
|-ability|p1a: Will carry|Mold Breaker
|turn|5
|
|t:|1757961521
|move|p2a: Kilowattrel|Air Slash|p1a: Will carry
|-resisted|p1a: Will carry
|-damage|p1a: Will carry|77/100
|cant|p1a: Will carry|flinch
|
|-sideend|p2: 7thdegreemurder|move: Tailwind
|upkeep
|turn|6
|
|t:|1757961525
|move|p2a: Kilowattrel|Tailwind|p2a: Kilowattrel
|-sidestart|p2: 7thdegreemurder|move: Tailwind
|move|p1a: Will carry|Iron Head|p2a: Kilowattrel
|-resisted|p2a: Kilowattrel
|-damage|p2a: Kilowattrel|0 fnt
|faint|p2a: Kilowattrel
|
|upkeep
|
|t:|1757961528
|switch|p2a: Malamar|Malamar, M|100/100
|turn|7
|
|t:|1757961532
|move|p2a: Malamar|Superpower|p1a: Will carry
|-supereffective|p1a: Will carry
|-damage|p1a: Will carry|0 fnt
|-boost|p2a: Malamar|atk|1
|-boost|p2a: Malamar|def|1
|faint|p1a: Will carry
|
|upkeep
|
|t:|1757961535
|switch|p1a: Here for exp|Lotad, F|100/100
|turn|8
|
|t:|1757961537
|move|p2a: Malamar|Superpower|p1a: Here for exp
|-damage|p1a: Here for exp|0 fnt
|-boost|p2a: Malamar|atk|1
|-boost|p2a: Malamar|def|1
|faint|p1a: Here for exp
|
|win|7thdegreemurder
|n|☆aiden022688|aiden022688
|n|☆7thdegreemurder|7thdegreemurder
|n|*Lady Monita ☀|ladymonita
|n| Tempomochi|tempomochi
|n| got_the_hacks|gotthehacks
|n| maoaomao|maoaomao
