|j|☆Zergut
|j|☆Mad.Haven
|t:|1757924110
|gametype|singles
|player|p1|Zergut|shadowtriad|1431
|player|p2|Mad.Haven|skyla|1406
|gen|9
|tier|[Gen 9] OU
|rated|
|rule|HP Percentage Mod: HP is shown in percentages
|rule|Endless Battle Clause: Forcing endless battles is banned
|rule|Species Clause: Limit one of each Pokémon
|rule|OHKO Clause: OHKO moves are banned
|rule|Evasion Items Clause: Evasion items are banned
|rule|Evasion Moves Clause: Evasion moves are banned
|rule|Evasion Abilities Clause: Evasion abilities are banned
|rule|Sleep Moves Clause: Sleep-inducing moves are banned
|clearpoke
|poke|p1|Landorus-Therian, M|
|poke|p1|Kyurem|
|poke|p1|Samurott-Hisui, M|
|poke|p1|Keldeo-Resolute|
|poke|p1|Serperior, F|
|poke|p1|Excadrill, M|
|poke|p2|Tsareena, F|
|poke|p2|Araquanid, F|
|poke|p2|Ceruledge, M|
|poke|p2|Corviknight, M|
|poke|p2|Landorus-Therian, M|
|poke|p2|Raging Bolt|
|teampreview
|inactive|Battle timer is ON: inactive players will automatically lose when time's up. (requested by Mad.Haven)
|inactive|Mad.Haven has 120 seconds left.
|inactive|Mad.Haven has 90 seconds left.
|
|t:|1757924193
|teamsize|p1|6
|teamsize|p2|6
|start
|switch|p1a: Samurott|Samurott-Hisui, M|100/100
|switch|p2a: Thunderstorm|Raging Bolt|100/100
|turn|1
|
|t:|1757924200
|move|p1a: Samurott|Knock Off|p2a: Thunderstorm
|-damage|p2a: Thunderstorm|60/100
|-enditem|p2a: Thunderstorm|Heavy-Duty Boots|[from] move: Knock Off|[of] p1a: Samurott
|move|p2a: Thunderstorm|Thunderbolt|p1a: Samurott
|-supereffective|p1a: Samurott
|-enditem|p1a: Samurott|Focus Sash
|-damage|p1a: Samurott|1/100
|-status|p1a: Samurott|par
|
|upkeep
|turn|2
|inactive|Mad.Haven has 120 seconds left.
|
|t:|1757924235
|move|p2a: Thunderstorm|Thunderclap|p1a: Samurott
|-supereffective|p1a: Samurott
|-damage|p1a: Samurott|0 fnt
|faint|p1a: Samurott
|
|upkeep
|
|t:|1757924239
|switch|p1a: Excadrill|Excadrill, M|100/100
|-ability|p1a: Excadrill|Mold Breaker
|turn|3
|
|t:|1757924250
|-end|p2a: Thunderstorm|Protosynthesis|[silent]
|switch|p2a: 3 wishes|Landorus-Therian, M|100/100
|-ability|p2a: 3 wishes|Intimidate|boost
|-unboost|p1a: Excadrill|atk|1
|move|p1a: Excadrill|Stealth Rock|p2a: 3 wishes
|-sidestart|p2: Mad.Haven|move: Stealth Rock
|
|upkeep
|turn|4
|
|t:|1757924257
|move|p2a: 3 wishes|Stealth Rock|p1a: Excadrill
|-sidestart|p1: Zergut|move: Stealth Rock
|move|p1a: Excadrill|Rapid Spin|p2a: 3 wishes
|-crit|p2a: 3 wishes
|-damage|p2a: 3 wishes|76/100
|-boost|p1a: Excadrill|spe|1
|-damage|p1a: Excadrill|84/100|[from] item: Rocky Helmet|[of] p2a: 3 wishes
|-sideend|p1: Zergut|Stealth Rock|[from] move: Rapid Spin|[of] p1a: Excadrill
|
|-heal|p1a: Excadrill|90/100|[from] item: Leftovers
|upkeep
|turn|5
|
|t:|1757924267
|switch|p1a: Landorus|Landorus-Therian, M|100/100
|-ability|p1a: Landorus|Intimidate|boost
|-unboost|p2a: 3 wishes|atk|1
|move|p2a: 3 wishes|Earthquake|p1a: Landorus
|-immune|p1a: Landorus
|
|upkeep
|turn|6
|
|t:|1757924275
|-terastallize|p1a: Landorus|Ice
|move|p1a: Landorus|Tera Blast|p2a: 3 wishes|[anim] Tera Blast Ice
|-supereffective|p2a: 3 wishes
|-crit|p2a: 3 wishes
|-damage|p2a: 3 wishes|0 fnt
|faint|p2a: 3 wishes
|
|upkeep
|
|t:|1757924290
|switch|p2a: Knighted Crow|Corviknight, M|100/100
|-damage|p2a: Knighted Crow|88/100|[from] Stealth Rock
|-ability|p2a: Knighted Crow|Pressure
|turn|7
|
|t:|1757924296
|switch|p1a: Serperior|Serperior, F|100/100
|move|p2a: Knighted Crow|Defog|p1a: Serperior
|-boost|p1a: Serperior|evasion|1
|-sideend|p2: Mad.Haven|Stealth Rock|[from] move: Defog|[of] p2a: Knighted Crow
|
|-heal|p2a: Knighted Crow|94/100|[from] item: Leftovers
|upkeep
|turn|8
|
|t:|1757924303
|move|p1a: Serperior|Glare|p2a: Knighted Crow
|-status|p2a: Knighted Crow|par
|cant|p2a: Knighted Crow|par
|
|-heal|p2a: Knighted Crow|99/100 par|[from] item: Leftovers
|upkeep
|turn|9
|
|t:|1757924310
|move|p1a: Serperior|Leaf Storm|p2a: Knighted Crow
|-resisted|p2a: Knighted Crow
|-damage|p2a: Knighted Crow|88/100 par
|-boost|p1a: Serperior|spa|2
|cant|p2a: Knighted Crow|par
|
|-heal|p2a: Knighted Crow|94/100 par|[from] item: Leftovers
|upkeep
|turn|10
|
|t:|1757924317
|move|p1a: Serperior|Leaf Storm|p2a: Knighted Crow
|-resisted|p2a: Knighted Crow
|-damage|p2a: Knighted Crow|72/100 par
|-boost|p1a: Serperior|spa|2
|cant|p2a: Knighted Crow|par
|
|-heal|p2a: Knighted Crow|78/100 par|[from] item: Leftovers
|upkeep
|turn|11
|
|t:|1757924324
|move|p1a: Serperior|Leaf Storm|p2a: Knighted Crow
|-resisted|p2a: Knighted Crow
|-damage|p2a: Knighted Crow|46/100 par
|-boost|p1a: Serperior|spa|2
|cant|p2a: Knighted Crow|par
|
|-heal|p2a: Knighted Crow|52/100 par|[from] item: Leftovers
|upkeep
|turn|12
|
|t:|1757924334
|move|p1a: Serperior|Dragon Pulse|p2a: Knighted Crow
|-resisted|p2a: Knighted Crow
|-damage|p2a: Knighted Crow|11/100 par
|move|p2a: Knighted Crow|Brave Bird|p1a: Serperior
|-supereffective|p1a: Serperior
|-damage|p1a: Serperior|3/100
|-damage|p2a: Knighted Crow|0 fnt|[from] Recoil
|faint|p2a: Knighted Crow
|
|-heal|p1a: Serperior|9/100|[from] item: Leftovers
|upkeep
|
|t:|1757924340
|switch|p2a: Zoro|Ceruledge, M|100/100
|turn|13
|
|t:|1757924348
|move|p1a: Serperior|Glare|p2a: Zoro
|-status|p2a: Zoro|par
|move|p2a: Zoro|Swords Dance|p2a: Zoro
|-boost|p2a: Zoro|atk|2
|
|-heal|p1a: Serperior|15/100|[from] item: Leftovers
|upkeep
|turn|14
|
|t:|1757924354
|move|p2a: Zoro|Shadow Sneak|p1a: Serperior
|-damage|p1a: Serperior|0 fnt
|faint|p1a: Serperior
|
|upkeep
|
|t:|1757924359
|switch|p1a: Keldeo|Keldeo-Resolute|100/100
|turn|15
|
|t:|1757924366
|switch|p2a: Aquarachnid|Araquanid, F|100/100
|move|p1a: Keldeo|Surf|p2a: Aquarachnid
|-resisted|p2a: Aquarachnid
|-damage|p2a: Aquarachnid|74/100
|
|upkeep
|turn|16
|
|t:|1757924372
|switch|p1a: Landorus|Landorus-Therian, M, tera:Ice|100/100
|-ability|p1a: Landorus|Intimidate|boost
|-unboost|p2a: Aquarachnid|atk|1
|move|p2a: Aquarachnid|Sticky Web|p1a: Landorus
|-sidestart|p1: Zergut|move: Sticky Web
|
|upkeep
|turn|17
|
|t:|1757924380
|move|p2a: Aquarachnid|Endure|p2a: Aquarachnid
|-singleturn|p2a: Aquarachnid|move: Endure
|move|p1a: Landorus|U-turn|p2a: Aquarachnid
|-damage|p2a: Aquarachnid|49/100
|
|t:|1757924385
|switch|p1a: Excadrill|Excadrill, M|90/100|[from] U-turn
|-activate|p1a: Excadrill|move: Sticky Web
|-unboost|p1a: Excadrill|spe|1
|-ability|p1a: Excadrill|Mold Breaker
|
|-heal|p1a: Excadrill|96/100|[from] item: Leftovers
|upkeep
|turn|18
|
|t:|1757924395
|move|p1a: Excadrill|Rapid Spin|p2a: Aquarachnid
|-damage|p2a: Aquarachnid|33/100
|-boost|p1a: Excadrill|spe|1
|-sideend|p1: Zergut|Sticky Web|[from] move: Rapid Spin|[of] p1a: Excadrill
|move|p2a: Aquarachnid|Surf|p1a: Excadrill
|-supereffective|p1a: Excadrill
|-damage|p1a: Excadrill|6/100
|
|-heal|p1a: Excadrill|13/100|[from] item: Leftovers
|upkeep
|turn|19
|
|t:|1757924406
|move|p2a: Aquarachnid|Endure|p2a: Aquarachnid
|-singleturn|p2a: Aquarachnid|move: Endure
|move|p1a: Excadrill|Stealth Rock|p2a: Aquarachnid
|-sidestart|p2: Mad.Haven|move: Stealth Rock
|
|-heal|p1a: Excadrill|19/100|[from] item: Leftovers
|upkeep
|turn|20
|
|t:|1757924414
|move|p1a: Excadrill|Iron Head|p2a: Aquarachnid
|-resisted|p2a: Aquarachnid
|-damage|p2a: Aquarachnid|14/100
|move|p2a: Aquarachnid|Surf|p1a: Excadrill
|-supereffective|p1a: Excadrill
|-damage|p1a: Excadrill|0 fnt
|faint|p1a: Excadrill
|
|upkeep
|
|t:|1757924425
|switch|p1a: Keldeo|Keldeo-Resolute|100/100
|turn|21
|-enditem|p2a: Aquarachnid|Custap Berry|[eat]
|-activate|p2a: Aquarachnid|item: Custap Berry|[consumed]
|
|t:|1757924434
|move|p1a: Keldeo|Vacuum Wave|p2a: Aquarachnid
|-resisted|p2a: Aquarachnid
|-damage|p2a: Aquarachnid|2/100
|move|p2a: Aquarachnid|Endeavor|p1a: Keldeo
|-damage|p1a: Keldeo|2/100
|
|upkeep
|turn|22
|
|t:|1757924443
|move|p1a: Keldeo|Vacuum Wave|p2a: Aquarachnid
|-resisted|p2a: Aquarachnid
|-damage|p2a: Aquarachnid|0 fnt
|faint|p2a: Aquarachnid
|
|upkeep
|
|t:|1757924453
|switch|p2a: Thunderstorm|Raging Bolt|60/100
|-damage|p2a: Thunderstorm|48/100|[from] Stealth Rock
|turn|23
|
|t:|1757924458
|move|p1a: Keldeo|Vacuum Wave|p2a: Thunderstorm
|-damage|p2a: Thunderstorm|17/100
|move|p2a: Thunderstorm|Thunderclap||[still]
|-fail|p2a: Thunderstorm
|
|upkeep
|turn|24
|
|t:|1757924471
|-end|p2a: Thunderstorm|Protosynthesis|[silent]
|switch|p2a: Zoro|Ceruledge, M|100/100 par
|-damage|p2a: Zoro|76/100 par|[from] Stealth Rock
|move|p1a: Keldeo|Vacuum Wave|p2a: Zoro
|-immune|p2a: Zoro
|
|upkeep
|turn|25
|
|t:|1757924484
|switch|p1a: Landorus|Landorus-Therian, M, tera:Ice|100/100
|-ability|p1a: Landorus|Intimidate|boost
|-unboost|p2a: Zoro|atk|1
|move|p2a: Zoro|Shadow Sneak|p1a: Landorus
|-damage|p1a: Landorus|85/100
|
|upkeep
|turn|26
|
|t:|1757924499
|-terastallize|p2a: Zoro|Ghost
|move|p1a: Landorus|Earthquake|p2a: Zoro
|-damage|p2a: Zoro|0 fnt
|faint|p2a: Zoro
|
|upkeep
|
|t:|1757924509
|switch|p2a: Queen Elizabeth|Tsareena, F, shiny|100/100
|-damage|p2a: Queen Elizabeth|88/100|[from] Stealth Rock
|turn|27
|
|t:|1757924515
|move|p1a: Landorus|Earthquake|p2a: Queen Elizabeth
|-resisted|p2a: Queen Elizabeth
|-damage|p2a: Queen Elizabeth|59/100
|move|p2a: Queen Elizabeth|Knock Off|p1a: Landorus
|-damage|p1a: Landorus|42/100
|-enditem|p1a: Landorus|Choice Scarf|[from] move: Knock Off|[of] p2a: Queen Elizabeth
|
|upkeep
|turn|28
|
|t:|1757924521
|move|p1a: Landorus|Tera Blast|p2a: Queen Elizabeth|[anim] Tera Blast Ice
|-supereffective|p2a: Queen Elizabeth
|-damage|p2a: Queen Elizabeth|0 fnt
|faint|p2a: Queen Elizabeth
|
|upkeep
|
|t:|1757924524
|switch|p2a: Thunderstorm|Raging Bolt|17/100
|-damage|p2a: Thunderstorm|4/100|[from] Stealth Rock
|turn|29
|
|t:|1757924528
|move|p2a: Thunderstorm|Thunderclap|p1a: Landorus
|-damage|p1a: Landorus|0 fnt
|faint|p1a: Landorus
|
|upkeep
|
|t:|1757924532
|switch|p1a: Keldeo|Keldeo-Resolute|2/100
|turn|30
|
|t:|1757924535
|move|p1a: Keldeo|Vacuum Wave|p2a: Thunderstorm
|-damage|p2a: Thunderstorm|0 fnt
|faint|p2a: Thunderstorm
|-end|p2a: Thunderstorm|Protosynthesis|[silent]
|
|win|Zergut
|raw|Zergut's rating: 1431 &rarr; <strong>1450</strong><br />(+19 for winning)
|raw|Mad.Haven's rating: 1406 &rarr; <strong>1387</strong><br />(-19 for losing)
|l|☆Mad.Haven
|player|p2|
|l|☆Zergut
|player|p1|
