|j|☆ripcold
|j|☆slugger_6703
|t:|1757824770
|gametype|singles
|player|p1|ripcold|170|1108
|player|p2|slugger_6703|nate|1164
|gen|9
|tier|[Gen 9] OU
|rated|
|rule|HP Percentage Mod: HP is shown in percentages
|rule|Endless Battle Clause: Forcing endless battles is banned
|rule|Species Clause: Limit one of each Pokémon
|rule|OHKO Clause: OHKO moves are banned
|rule|Evasion Items Clause: Evasion items are banned
|rule|Evasion Moves Clause: Evasion moves are banned
|rule|Evasion Abilities Clause: Evasion abilities are banned
|rule|Sleep Moves Clause: Sleep-inducing moves are banned
|clearpoke
|poke|p1|Kleavor, M|
|poke|p1|Ceruledge, F|
|poke|p1|Araquanid, F|
|poke|p1|Great Tusk|
|poke|p1|Thundurus-Therian, M|
|poke|p1|Iron Crown|
|poke|p2|Pelipper, M|
|poke|p2|Barraskewda, F|
|poke|p2|Zapdos|
|poke|p2|Iron Treads|
|poke|p2|Ogerpon-Wellspring, F|
|poke|p2|Kingdra, F|
|teampreview
|inactive|Battle timer is ON: inactive players will automatically lose when time's up. (requested by slugger_6703)
|
|t:|1757824801
|teamsize|p1|6
|teamsize|p2|6
|start
|switch|p1a: Araquanid|Araquanid, F, shiny|100/100
|switch|p2a: Zapdos|Zapdos|100/100
|turn|1
|
|t:|1757824816
|move|p2a: Zapdos|Hurricane|p1a: Araquanid
|-supereffective|p1a: Araquanid
|-enditem|p1a: Araquanid|Focus Sash
|-damage|p1a: Araquanid|1/100
|move|p1a: Araquanid|Sticky Web|p2a: Zapdos
|-sidestart|p2: slugger_6703|move: Sticky Web
|
|upkeep
|turn|2
|inactive|slugger_6703 has 120 seconds left.
|
|t:|1757824844
|switch|p1a: Kleavor|Kleavor, M|100/100
|move|p2a: Zapdos|Weather Ball|p1a: Kleavor
|-resisted|p1a: Kleavor
|-damage|p1a: Kleavor|90/100
|
|upkeep
|turn|3
|inactive|slugger_6703 has 120 seconds left.
|
|t:|1757824858
|move|p2a: Zapdos|Volt Switch|p1a: Kleavor
|-damage|p1a: Kleavor|46/100
|inactive|slugger_6703 has 120 seconds left.
|
|t:|1757824869
|switch|p2a: Iron Treads|Iron Treads|100/100|[from] Volt Switch
|-activate|p2a: Iron Treads|move: Sticky Web
|-unboost|p2a: Iron Treads|spe|1
|-enditem|p2a: Iron Treads|Booster Energy
|-activate|p2a: Iron Treads|ability: Quark Drive|[fromitem]
|-start|p2a: Iron Treads|quarkdriveatk
|move|p1a: Kleavor|Stone Axe|p2a: Iron Treads
|-resisted|p2a: Iron Treads
|-damage|p2a: Iron Treads|87/100
|-sidestart|p2: slugger_6703|move: Stealth Rock
|
|upkeep
|turn|4
|inactive|slugger_6703 has 120 seconds left.
|inactive|slugger_6703 has 90 seconds left.
|
|t:|1757824909
|switch|p1a: Thundurus|Thundurus-Therian, M|100/100
|move|p2a: Iron Treads|Rapid Spin|p1a: Thundurus
|-damage|p1a: Thundurus|79/100
|-boost|p2a: Iron Treads|spe|1
|-sideend|p2: slugger_6703|Stealth Rock|[from] move: Rapid Spin|[of] p2a: Iron Treads
|-sideend|p2: slugger_6703|Sticky Web|[from] move: Rapid Spin|[of] p2a: Iron Treads
|
|upkeep
|turn|5
|inactive|slugger_6703 has 90 seconds left.
|
|t:|1757824932
|-end|p2a: Iron Treads|Quark Drive|[silent]
|switch|p2a: Pelipper|Pelipper, M|100/100
|-weather|RainDance|[from] ability: Drizzle|[of] p2a: Pelipper
|move|p1a: Thundurus|Grass Knot|p2a: Pelipper
|-damage|p2a: Pelipper|73/100
|
|-weather|RainDance|[upkeep]
|upkeep
|turn|6
|
|t:|1757824956
|switch|p2a: Kingdra|Kingdra, F|100/100
|move|p1a: Thundurus|Grass Knot|p2a: Kingdra
|-damage|p2a: Kingdra|58/100
|
|-weather|RainDance|[upkeep]
|upkeep
|turn|7
|
|t:|1757824970
|move|p2a: Kingdra|Hurricane|p1a: Thundurus
|-resisted|p1a: Thundurus
|-crit|p1a: Thundurus
|-damage|p1a: Thundurus|47/100
|-enditem|p1a: Thundurus|Sitrus Berry|[eat]
|-heal|p1a: Thundurus|72/100|[from] item: Sitrus Berry
|-damage|p2a: Kingdra|48/100|[from] item: Life Orb
|move|p1a: Thundurus|Grass Knot|p2a: Kingdra
|-damage|p2a: Kingdra|9/100
|
|-weather|RainDance|[upkeep]
|upkeep
|turn|8
|
|t:|1757824984
|move|p2a: Kingdra|Draco Meteor|p1a: Thundurus
|-damage|p1a: Thundurus|0 fnt
|-unboost|p2a: Kingdra|spa|2
|faint|p1a: Thundurus
|-damage|p2a: Kingdra|0 fnt|[from] item: Life Orb
|faint|p2a: Kingdra
|
|-weather|RainDance|[upkeep]
|upkeep
|
|t:|1757824994
|switch|p2a: Barraskewda|Barraskewda, F|100/100
|switch|p1a: Araquanid|Araquanid, F, shiny|1/100
|turn|9
|
|t:|1757825014
|move|p2a: Barraskewda|Poison Jab|p1a: Araquanid
|-damage|p1a: Araquanid|0 fnt
|faint|p1a: Araquanid
|
|-weather|RainDance|[upkeep]
|upkeep
|
|t:|1757825024
|switch|p1a: Iron Crown|Iron Crown|100/100
|-enditem|p1a: Iron Crown|Booster Energy
|-activate|p1a: Iron Crown|ability: Quark Drive|[fromitem]
|-start|p1a: Iron Crown|quarkdrivespa
|turn|10
|
|t:|1757825040
|move|p2a: Barraskewda|Flip Turn|p1a: Iron Crown
|-damage|p1a: Iron Crown|53/100
|
|t:|1757825049
|switch|p2a: Iron Treads|Iron Treads|87/100|[from] Flip Turn
|move|p1a: Iron Crown|Calm Mind|p1a: Iron Crown
|-boost|p1a: Iron Crown|spa|1
|-boost|p1a: Iron Crown|spd|1
|
|-weather|RainDance|[upkeep]
|upkeep
|turn|11
|
|t:|1757825063
|move|p2a: Iron Treads|Earthquake|p1a: Iron Crown
|-supereffective|p1a: Iron Crown
|-damage|p1a: Iron Crown|0 fnt
|faint|p1a: Iron Crown
|-end|p1a: Iron Crown|Quark Drive|[silent]
|
|-weather|RainDance|[upkeep]
|upkeep
|
|t:|1757825073
|switch|p1a: Great Tusk|Great Tusk|100/100
|-enditem|p1a: Great Tusk|Booster Energy
|-activate|p1a: Great Tusk|ability: Protosynthesis|[fromitem]
|-start|p1a: Great Tusk|protosynthesisatk
|turn|12
|inactive|slugger_6703 has 90 seconds left.
|
|t:|1757825091
|-end|p2a: Iron Treads|Quark Drive|[silent]
|switch|p2a: Ogerpon|Ogerpon-Wellspring, F|100/100
|move|p1a: Great Tusk|Headlong Rush|p2a: Ogerpon
|-resisted|p2a: Ogerpon
|-damage|p2a: Ogerpon|48/100
|-unboost|p1a: Great Tusk|def|1
|-unboost|p1a: Great Tusk|spd|1
|
|-weather|none
|upkeep
|turn|13
|
|t:|1757825102
|move|p2a: Ogerpon|Ivy Cudgel|p1a: Great Tusk|[anim] Ivy Cudgel Water
|-supereffective|p1a: Great Tusk
|-crit|p1a: Great Tusk
|-damage|p1a: Great Tusk|0 fnt
|faint|p1a: Great Tusk
|-end|p1a: Great Tusk|Protosynthesis|[silent]
|
|upkeep
|
|t:|1757825109
|switch|p1a: Kleavor|Kleavor, M|46/100
|turn|14
|inactive|slugger_6703 has 90 seconds left.
|
|t:|1757825114
|move|p2a: Ogerpon|Ivy Cudgel|p1a: Kleavor|[anim] Ivy Cudgel Water
|-supereffective|p1a: Kleavor
|-damage|p1a: Kleavor|0 fnt
|faint|p1a: Kleavor
|
|upkeep
|-message|ripcold forfeited.
|
|win|slugger_6703
|raw|ripcold's rating: 1108 &rarr; <strong>1087</strong><br />(-21 for losing)
|raw|slugger_6703's rating: 1164 &rarr; <strong>1185</strong><br />(+21 for winning)
|l|☆ripcold
|player|p1|
|l|☆slugger_6703
|player|p2|
