|j|☆yesterdaymister
|j|☆motorskk
|t:|1757818037
|gametype|singles
|player|p1|yesterdaymister|striker|1656
|player|p2|motorskk|battlegirl-gen4|1669
|gen|9
|tier|[Gen 9] OU
|rated|
|rule|HP Percentage Mod: HP is shown in percentages
|rule|Endless Battle Clause: Forcing endless battles is banned
|rule|Species Clause: Limit one of each Pokémon
|rule|OHKO Clause: OHKO moves are banned
|rule|Evasion Items Clause: Evasion items are banned
|rule|Evasion Moves Clause: Evasion moves are banned
|rule|Evasion Abilities Clause: Evasion abilities are banned
|rule|Sleep Moves Clause: Sleep-inducing moves are banned
|clearpoke
|poke|p1|Ninetales, M|
|poke|p1|Ceruledge, F|
|poke|p1|Venusaur, F|
|poke|p1|Hatterene, F|
|poke|p1|Great Tusk|
|poke|p1|Walking Wake|
|poke|p2|Iron Hands|
|poke|p2|Ninetales-Alola, M|
|poke|p2|Raging Bolt|
|poke|p2|Landorus-Therian, M|
|poke|p2|Polteageist|
|poke|p2|Kingambit, F|
|teampreview
|inactive|Battle timer is ON: inactive players will automatically lose when time's up. (requested by yesterdaymister)
|inactive|motorskk also wants the timer to be on.
|j| cvgtf
|inactive|motorskk has 120 seconds left.
|
|t:|1757818069
|teamsize|p1|6
|teamsize|p2|6
|start
|switch|p1a: arda guler|Ninetales, M|100/100
|switch|p2a: Landorus|Landorus-Therian, M|100/100
|-weather|SunnyDay|[from] ability: Drought|[of] p1a: arda guler
|-ability|p2a: Landorus|Intimidate|boost
|-unboost|p1a: arda guler|atk|1
|turn|1
|j| LuLuNaNaRaRa
|
|t:|1757818079
|switch|p1a: maccabi|Hatterene, F|100/100
|move|p2a: Landorus|Earthquake|p1a: maccabi
|-damage|p1a: maccabi|38/100
|-enditem|p1a: maccabi|Eject Button
|
|t:|1757818092
|switch|p1a: chama|Walking Wake|100/100
|-activate|p1a: chama|ability: Protosynthesis
|-start|p1a: chama|protosynthesisspa
|
|-weather|SunnyDay|[upkeep]
|upkeep
|turn|2
|
|t:|1757818107
|switch|p2a: Raging Bolt|Raging Bolt|100/100
|-activate|p2a: Raging Bolt|ability: Protosynthesis
|-start|p2a: Raging Bolt|protosynthesisspa
|move|p1a: chama|Hydro Steam|p2a: Raging Bolt
|-resisted|p2a: Raging Bolt
|-damage|p2a: Raging Bolt|33/100
|
|-weather|SunnyDay|[upkeep]
|upkeep
|turn|3
|
|t:|1757818116
|-end|p1a: chama|Protosynthesis|[silent]
|switch|p1a: mignolet|Great Tusk|100/100
|-activate|p1a: mignolet|ability: Protosynthesis
|-start|p1a: mignolet|protosynthesisspe
|move|p2a: Raging Bolt|Thunderclap||[still]
|-fail|p2a: Raging Bolt
|
|-weather|SunnyDay|[upkeep]
|upkeep
|turn|4
|
|t:|1757818121
|-end|p2a: Raging Bolt|Protosynthesis|[silent]
|switch|p2a: Ninetales|Ninetales-Alola, M|100/100
|-weather|Snowscape|[from] ability: Snow Warning|[of] p2a: Ninetales
|-end|p1a: mignolet|Protosynthesis
|move|p1a: mignolet|Stealth Rock|p2a: Ninetales
|-sidestart|p2: motorskk|move: Stealth Rock
|
|-weather|Snowscape|[upkeep]
|upkeep
|turn|5
|j| Perola Z
|
|t:|1757818130
|-end|p1a: mignolet|Protosynthesis|[silent]
|switch|p1a: arda guler|Ninetales, M|100/100
|-weather|SunnyDay|[from] ability: Drought|[of] p1a: arda guler
|move|p2a: Ninetales|Aurora Veil||[still]
|-fail|p2a: Ninetales
|
|-weather|SunnyDay|[upkeep]
|upkeep
|turn|6
|
|t:|1757818141
|switch|p2a: Landorus|Landorus-Therian, M|100/100
|-damage|p2a: Landorus|88/100|[from] Stealth Rock
|-ability|p2a: Landorus|Intimidate|boost
|-unboost|p1a: arda guler|atk|1
|move|p1a: arda guler|Encore||[still]
|-fail|p1a: arda guler
|
|-weather|SunnyDay|[upkeep]
|upkeep
|turn|7
|l| Perola Z
|
|t:|1757818150
|switch|p1a: maccabi|Hatterene, F|38/100
|move|p2a: Landorus|Earthquake|p1a: maccabi
|-damage|p1a: maccabi|0 fnt
|faint|p1a: maccabi
|
|-weather|SunnyDay|[upkeep]
|upkeep
|
|t:|1757818157
|switch|p1a: chama|Walking Wake|100/100
|-activate|p1a: chama|ability: Protosynthesis
|-start|p1a: chama|protosynthesisspa
|turn|8
|
|t:|1757818167
|switch|p2a: Raging Bolt|Raging Bolt|33/100
|-damage|p2a: Raging Bolt|21/100|[from] Stealth Rock
|-activate|p2a: Raging Bolt|ability: Protosynthesis
|-start|p2a: Raging Bolt|protosynthesisspa
|move|p1a: chama|Hydro Steam|p2a: Raging Bolt
|-resisted|p2a: Raging Bolt
|-damage|p2a: Raging Bolt|0 fnt
|faint|p2a: Raging Bolt
|-end|p2a: Raging Bolt|Protosynthesis|[silent]
|
|-weather|SunnyDay|[upkeep]
|upkeep
|
|t:|1757818172
|switch|p2a: Ninetales|Ninetales-Alola, M|100/100
|-damage|p2a: Ninetales|76/100|[from] Stealth Rock
|-weather|Snowscape|[from] ability: Snow Warning|[of] p2a: Ninetales
|-end|p1a: chama|Protosynthesis
|turn|9
|
|t:|1757818190
|switch|p2a: Landorus|Landorus-Therian, M|88/100
|-damage|p2a: Landorus|76/100|[from] Stealth Rock
|-ability|p2a: Landorus|Intimidate|boost
|-unboost|p1a: chama|atk|1
|-end|p1a: chama|Protosynthesis|[silent]
|switch|p1a: arda guler|Ninetales, M|100/100
|-weather|SunnyDay|[from] ability: Drought|[of] p1a: arda guler
|
|-weather|SunnyDay|[upkeep]
|upkeep
|turn|10
|
|t:|1757818199
|switch|p1a: mignolet|Great Tusk|100/100
|-activate|p1a: mignolet|ability: Protosynthesis
|-start|p1a: mignolet|protosynthesisspe
|move|p2a: Landorus|Earthquake|p1a: mignolet
|-damage|p1a: mignolet|57/100
|
|-weather|SunnyDay|[upkeep]
|upkeep
|turn|11
|
|t:|1757818209
|switch|p2a: Iron Hands|Iron Hands|100/100
|-damage|p2a: Iron Hands|94/100|[from] Stealth Rock
|move|p1a: mignolet|Ice Spinner|p2a: Iron Hands
|-damage|p2a: Iron Hands|79/100
|
|-weather|SunnyDay|[upkeep]
|upkeep
|turn|12
|
|t:|1757818229
|move|p1a: mignolet|Headlong Rush|p2a: Iron Hands
|-supereffective|p2a: Iron Hands
|-enditem|p2a: Iron Hands|Shuca Berry|[eat]
|-enditem|p2a: Iron Hands|Shuca Berry|[weaken]
|-damage|p2a: Iron Hands|42/100
|-unboost|p1a: mignolet|def|1
|-unboost|p1a: mignolet|spd|1
|move|p2a: Iron Hands|Ice Punch|p1a: mignolet
|-supereffective|p1a: mignolet
|-damage|p1a: mignolet|0 fnt
|-damage|p2a: Iron Hands|26/100|[from] item: Rocky Helmet|[of] p1a: mignolet
|faint|p1a: mignolet
|-end|p1a: mignolet|Protosynthesis|[silent]
|
|-weather|SunnyDay|[upkeep]
|upkeep
|
|t:|1757818244
|switch|p1a: chama|Walking Wake|100/100
|-activate|p1a: chama|ability: Protosynthesis
|-start|p1a: chama|protosynthesisspa
|turn|13
|j| nesnot
|j| FaronAan
|
|t:|1757818261
|move|p1a: chama|Hydro Steam|p2a: Iron Hands
|-crit|p2a: Iron Hands
|-damage|p2a: Iron Hands|0 fnt
|faint|p2a: Iron Hands
|-end|p2a: Iron Hands|Quark Drive|[silent]
|
|-weather|SunnyDay|[upkeep]
|upkeep
|
|t:|1757818268
|switch|p2a: Ninetales|Ninetales-Alola, M|76/100
|-damage|p2a: Ninetales|51/100|[from] Stealth Rock
|-weather|Snowscape|[from] ability: Snow Warning|[of] p2a: Ninetales
|-end|p1a: chama|Protosynthesis
|turn|14
|
|t:|1757818277
|switch|p2a: Polteageist|Polteageist|100/100
|-damage|p2a: Polteageist|88/100|[from] Stealth Rock
|-end|p1a: chama|Protosynthesis|[silent]
|switch|p1a: arda guler|Ninetales, M|100/100
|-weather|SunnyDay|[from] ability: Drought|[of] p1a: arda guler
|
|-weather|SunnyDay|[upkeep]
|upkeep
|turn|15
|
|t:|1757818288
|switch|p1a: hans vanaken|Venusaur, F|100/100
|move|p2a: Polteageist|Shell Smash|p2a: Polteageist
|-unboost|p2a: Polteageist|def|1
|-unboost|p2a: Polteageist|spd|1
|-boost|p2a: Polteageist|atk|2
|-boost|p2a: Polteageist|spa|2
|-boost|p2a: Polteageist|spe|2
|
|-weather|SunnyDay|[upkeep]
|upkeep
|turn|16
|inactive|motorskk has 120 seconds left.
|
|t:|1757818336
|switch|p2a: Ninetales|Ninetales-Alola, M|51/100
|-damage|p2a: Ninetales|26/100|[from] Stealth Rock
|-weather|Snowscape|[from] ability: Snow Warning|[of] p2a: Ninetales
|move|p1a: hans vanaken|Weather Ball|p2a: Ninetales
|-resisted|p2a: Ninetales
|-damage|p2a: Ninetales|5/100
|-damage|p1a: hans vanaken|91/100|[from] item: Life Orb
|
|-weather|Snowscape|[upkeep]
|upkeep
|turn|17
|inactive|motorskk has 90 seconds left.
|
|t:|1757818388
|switch|p2a: Landorus|Landorus-Therian, M|76/100
|-damage|p2a: Landorus|63/100|[from] Stealth Rock
|-ability|p2a: Landorus|Intimidate|boost
|-unboost|p1a: hans vanaken|atk|1
|switch|p1a: arda guler|Ninetales, M|100/100
|-weather|SunnyDay|[from] ability: Drought|[of] p1a: arda guler
|
|-weather|SunnyDay|[upkeep]
|upkeep
|turn|18
|l| LuLuNaNaRaRa
|l| nesnot
|
|t:|1757818408
|switch|p1a: lebron|Ceruledge, F|100/100
|move|p2a: Landorus|Earthquake|p1a: lebron
|-supereffective|p1a: lebron
|-enditem|p1a: lebron|Focus Sash
|-damage|p1a: lebron|1/100
|-ability|p1a: lebron|Weak Armor|boost
|-unboost|p1a: lebron|def|1
|-boost|p1a: lebron|spe|2
|
|-weather|SunnyDay|[upkeep]
|upkeep
|turn|19
|inactive|motorskk has 60 seconds left.
|
|t:|1757818431
|switch|p2a: Ninetales|Ninetales-Alola, M|5/100
|-damage|p2a: Ninetales|0 fnt|[from] Stealth Rock
|faint|p2a: Ninetales
|move|p1a: lebron|Bitter Blade|p2: Ninetales|[notarget]
|-fail|p1a: lebron
|
|-weather|SunnyDay|[upkeep]
|upkeep
|
|t:|1757818435
|switch|p2a: Kingambit|Kingambit, F|100/100
|-damage|p2a: Kingambit|94/100|[from] Stealth Rock
|-activate|p2a: Kingambit|ability: Supreme Overlord
|-start|p2a: Kingambit|fallen3|[silent]
|-item|p2a: Kingambit|Air Balloon
|turn|20
|
|t:|1757818445
|move|p2a: Kingambit|Sucker Punch|p1a: lebron
|-supereffective|p1a: lebron
|-damage|p1a: lebron|0 fnt
|faint|p1a: lebron
|
|-weather|SunnyDay|[upkeep]
|upkeep
|
|t:|1757818454
|switch|p1a: hans vanaken|Venusaur, F|91/100
|turn|21
|
|t:|1757818462
|-end|p2a: Kingambit|fallen3|[silent]
|switch|p2a: Polteageist|Polteageist|88/100
|-damage|p2a: Polteageist|76/100|[from] Stealth Rock
|move|p1a: hans vanaken|Weather Ball|p2a: Polteageist
|-damage|p2a: Polteageist|0 fnt
|faint|p2a: Polteageist
|-damage|p1a: hans vanaken|81/100|[from] item: Life Orb
|
|-weather|SunnyDay|[upkeep]
|upkeep
|inactive|motorskk has 60 seconds left.
|
|t:|1757818507
|switch|p2a: Kingambit|Kingambit, F|94/100
|-damage|p2a: Kingambit|88/100|[from] Stealth Rock
|-activate|p2a: Kingambit|ability: Supreme Overlord
|-start|p2a: Kingambit|fallen4|[silent]
|-item|p2a: Kingambit|Air Balloon
|turn|22
|
|t:|1757818523
|-terastallize|p2a: Kingambit|Ghost
|move|p1a: hans vanaken|Weather Ball|p2a: Kingambit
|-damage|p2a: Kingambit|15/100
|-enditem|p2a: Kingambit|Air Balloon
|-damage|p1a: hans vanaken|71/100|[from] item: Life Orb
|move|p2a: Kingambit|Swords Dance|p2a: Kingambit
|-boost|p2a: Kingambit|atk|2
|
|-weather|SunnyDay|[upkeep]
|upkeep
|turn|23
|
|t:|1757818536
|switch|p1a: arda guler|Ninetales, M|100/100
|move|p2a: Kingambit|Sucker Punch||[still]
|-fail|p2a: Kingambit
|
|-weather|SunnyDay|[upkeep]
|upkeep
|turn|24
|inactive|motorskk has 30 seconds left.
|
|t:|1757818564
|-end|p2a: Kingambit|fallen4|[silent]
|switch|p2a: Landorus|Landorus-Therian, M|63/100
|-damage|p2a: Landorus|51/100|[from] Stealth Rock
|-ability|p2a: Landorus|Intimidate|boost
|-unboost|p1a: arda guler|atk|1
|move|p1a: arda guler|Encore||[still]
|-fail|p1a: arda guler
|
|-weather|none
|upkeep
|turn|25
|inactive|motorskk has 30 seconds left.
|
|t:|1757818579
|switch|p1a: hans vanaken|Venusaur, F|71/100
|move|p2a: Landorus|Taunt|p1a: hans vanaken
|-start|p1a: hans vanaken|move: Taunt
|
|upkeep
|turn|26
|inactive|motorskk has 30 seconds left.
|
|t:|1757818584
|move|p2a: Landorus|Stealth Rock|p1a: hans vanaken
|-sidestart|p1: yesterdaymister|move: Stealth Rock
|move|p1a: hans vanaken|Giga Drain|p2a: Landorus
|-damage|p2a: Landorus|0 fnt
|-heal|p1a: hans vanaken|98/100|[from] drain|[of] p2a: Landorus
|faint|p2a: Landorus
|-damage|p1a: hans vanaken|88/100|[from] item: Life Orb
|
|upkeep
|inactive|motorskk has 30 seconds left.
|l| FaronAan
|inactive|motorskk has 20 seconds left.
|inactive|motorskk has 15 seconds left.
|inactive|motorskk has 10 seconds left.
|inactive|motorskk has 5 seconds left.
|-message|motorskk lost due to inactivity.
|
|win|yesterdaymister
|raw|yesterdaymister's rating: 1656 &rarr; <strong>1677</strong><br />(+21 for winning)
|raw|motorskk's rating: 1669 &rarr; <strong>1648</strong><br />(-21 for losing)
|l|☆motorskk
|player|p2|
|l|☆yesterdaymister
|player|p1|
