|j|☆HANDYARROW22
|j|☆catney
|t:|1757824754
|gametype|singles
|player|p1|HANDYARROW22|drayden|1126
|player|p2|catney|101|1192
|gen|9
|tier|[Gen 9] OU
|rated|
|rule|HP Percentage Mod: HP is shown in percentages
|rule|Endless Battle Clause: Forcing endless battles is banned
|rule|Species Clause: Limit one of each Pokémon
|rule|OHKO Clause: OHKO moves are banned
|rule|Evasion Items Clause: Evasion items are banned
|rule|Evasion Moves Clause: Evasion moves are banned
|rule|Evasion Abilities Clause: Evasion abilities are banned
|rule|Sleep Moves Clause: Sleep-inducing moves are banned
|clearpoke
|poke|p1|Gyarados, F|
|poke|p1|Arcanine-Hisui, F|
|poke|p1|Scizor, M|
|poke|p1|Gliscor, F|
|poke|p1|Maushold-Four|
|poke|p1|Raging Bolt|
|poke|p2|Landorus-Therian, M|
|poke|p2|Sinistcha|
|poke|p2|Tinkaton, F|
|poke|p2|Moltres|
|poke|p2|Samurott-Hisui, M|
|poke|p2|Hydreigon, M|
|teampreview
|inactive|Battle timer is ON: inactive players will automatically lose when time's up. (requested by HANDYARROW22)
|
|t:|1757824772
|teamsize|p1|6
|teamsize|p2|6
|start
|switch|p1a: Maushold|Maushold-Four|100/100
|switch|p2a: Tinkaton|Tinkaton, F, shiny|100/100
|-item|p2a: Tinkaton|Air Balloon
|turn|1
|
|t:|1757824780
|switch|p2a: Landorus|Landorus-Therian, M, shiny|100/100
|-ability|p2a: Landorus|Intimidate|boost
|-unboost|p1a: Maushold|atk|1
|move|p1a: Maushold|Tidy Up|p1a: Maushold
|-boost|p1a: Maushold|atk|1
|-boost|p1a: Maushold|spe|1
|
|upkeep
|turn|2
|
|t:|1757824796
|move|p1a: Maushold|Population Bomb|p2a: Landorus|[miss]
|-miss|p1a: Maushold|p2a: Landorus
|move|p2a: Landorus|Earthquake|p1a: Maushold
|-damage|p1a: Maushold|16/100
|
|upkeep
|turn|3
|
|t:|1757824803
|move|p1a: Maushold|Population Bomb|p2a: Landorus
|-damage|p2a: Landorus|85/100
|-damage|p2a: Landorus|71/100
|-damage|p2a: Landorus|58/100
|-damage|p2a: Landorus|44/100
|-damage|p2a: Landorus|31/100
|-damage|p2a: Landorus|16/100
|-damage|p2a: Landorus|2/100
|-damage|p2a: Landorus|0 fnt
|faint|p2a: Landorus
|-hitcount|p2: Landorus|8
|
|upkeep
|
|t:|1757824808
|switch|p2a: Samurott|Samurott-Hisui, M, shiny|100/100
|turn|4
|
|t:|1757824823
|move|p2a: Samurott|Sucker Punch|p1a: Maushold
|-damage|p1a: Maushold|0 fnt
|faint|p1a: Maushold
|
|upkeep
|
|t:|1757824829
|switch|p1a: Raging Bolt|Raging Bolt|100/100
|-enditem|p1a: Raging Bolt|Booster Energy
|-activate|p1a: Raging Bolt|ability: Protosynthesis|[fromitem]
|-start|p1a: Raging Bolt|protosynthesisspa
|turn|5
|
|t:|1757824835
|switch|p2a: Hydreigon|Hydreigon, M, shiny|100/100
|move|p1a: Raging Bolt|Calm Mind|p1a: Raging Bolt
|-boost|p1a: Raging Bolt|spa|1
|-boost|p1a: Raging Bolt|spd|1
|
|upkeep
|turn|6
|
|t:|1757824849
|switch|p2a: Tinkaton|Tinkaton, F, shiny|100/100
|-item|p2a: Tinkaton|Air Balloon
|move|p1a: Raging Bolt|Thunderbolt|p2a: Tinkaton
|-damage|p2a: Tinkaton|0 fnt
|-enditem|p2a: Tinkaton|Air Balloon
|faint|p2a: Tinkaton
|
|upkeep
|
|t:|1757824855
|switch|p2a: Hydreigon|Hydreigon, M, shiny|100/100
|turn|7
|
|t:|1757824876
|move|p2a: Hydreigon|Draco Meteor|p1a: Raging Bolt
|-supereffective|p1a: Raging Bolt
|-damage|p1a: Raging Bolt|0 fnt
|-unboost|p2a: Hydreigon|spa|2
|faint|p1a: Raging Bolt
|-end|p1a: Raging Bolt|Protosynthesis|[silent]
|
|upkeep
|
|t:|1757824891
|switch|p1a: Scizor|Scizor, M|100/100
|turn|8
|
|t:|1757824918
|switch|p2a: Moltres|Moltres, shiny|100/100
|move|p1a: Scizor|Bug Bite|p2a: Moltres
|-resisted|p2a: Moltres
|-damage|p2a: Moltres|88/100
|-status|p1a: Scizor|brn|[from] ability: Flame Body|[of] p2a: Moltres
|
|-damage|p1a: Scizor|94/100 brn|[from] brn
|upkeep
|turn|9
|
|t:|1757824928
|switch|p1a: Arcanine|Arcanine-Hisui, F|100/100
|move|p2a: Moltres|U-turn|p1a: Arcanine
|-resisted|p1a: Arcanine
|-damage|p1a: Arcanine|92/100
|
|t:|1757824932
|switch|p2a: Samurott|Samurott-Hisui, M, shiny|100/100|[from] U-turn
|
|upkeep
|turn|10
|
|t:|1757824940
|move|p1a: Arcanine|Wild Charge|p2a: Samurott
|-supereffective|p2a: Samurott
|-damage|p2a: Samurott|22/100
|move|p2a: Samurott|Flip Turn|p1a: Arcanine
|-supereffective|p1a: Arcanine
|-damage|p1a: Arcanine|0 fnt
|faint|p1a: Arcanine
|
|t:|1757824949
|switch|p2a: Hydreigon|Hydreigon, M, shiny|100/100|[from] Flip Turn
|
|upkeep
|
|t:|1757824956
|switch|p1a: Scizor|Scizor, M|94/100 brn
|turn|11
|
|t:|1757824962
|switch|p2a: Moltres|Moltres, shiny|88/100
|move|p1a: Scizor|Swords Dance|p1a: Scizor
|-boost|p1a: Scizor|atk|2
|
|-damage|p1a: Scizor|88/100 brn|[from] brn
|upkeep
|turn|12
|
|t:|1757824971
|move|p2a: Moltres|Flamethrower|p1a: Scizor
|-supereffective|p1a: Scizor
|-damage|p1a: Scizor|0 fnt
|faint|p1a: Scizor
|
|upkeep
|
|t:|1757824989
|switch|p1a: Gyarados|Gyarados, F, shiny|100/100
|turn|13
|
|t:|1757825002
|move|p1a: Gyarados|Dragon Dance|p1a: Gyarados
|-boost|p1a: Gyarados|atk|1
|-boost|p1a: Gyarados|spe|1
|move|p2a: Moltres|U-turn|p1a: Gyarados
|-resisted|p1a: Gyarados
|-damage|p1a: Gyarados|92/100
|-damage|p2a: Moltres|72/100|[from] item: Rocky Helmet|[of] p1a: Gyarados
|
|t:|1757825010
|switch|p2a: Hydreigon|Hydreigon, M, shiny|100/100|[from] U-turn
|
|upkeep
|turn|14
|
|t:|1757825019
|move|p1a: Gyarados|Dragon Dance|p1a: Gyarados
|-boost|p1a: Gyarados|atk|1
|-boost|p1a: Gyarados|spe|1
|move|p2a: Hydreigon|Draco Meteor|p1a: Gyarados
|-damage|p1a: Gyarados|0 fnt
|-unboost|p2a: Hydreigon|spa|2
|faint|p1a: Gyarados
|
|upkeep
|
|t:|1757825043
|switch|p1a: Gliscor|Gliscor, F|100/100
|turn|15
|
|t:|1757825055
|switch|p2a: Moltres|Moltres, shiny|72/100
|move|p1a: Gliscor|Toxic|p2a: Moltres
|-status|p2a: Moltres|tox
|
|-damage|p2a: Moltres|66/100 tox|[from] psn
|-status|p1a: Gliscor|tox|[from] item: Toxic Orb
|upkeep
|turn|16
|
|t:|1757825073
|move|p1a: Gliscor|Quick Attack|p2a: Moltres
|-damage|p2a: Moltres|57/100 tox
|move|p2a: Moltres|Flamethrower|p1a: Gliscor
|-damage|p1a: Gliscor|42/100 tox
|
|-heal|p1a: Gliscor|55/100 tox|[from] ability: Poison Heal
|-damage|p2a: Moltres|45/100 tox|[from] psn
|upkeep
|turn|17
|
|t:|1757825083
|move|p1a: Gliscor|Protect|p1a: Gliscor
|-singleturn|p1a: Gliscor|Protect
|move|p2a: Moltres|Flamethrower|p1a: Gliscor
|-activate|p1a: Gliscor|move: Protect
|
|-heal|p1a: Gliscor|67/100 tox|[from] ability: Poison Heal
|-damage|p2a: Moltres|27/100 tox|[from] psn
|upkeep
|turn|18
|
|t:|1757825093
|move|p1a: Gliscor|Quick Attack|p2a: Moltres
|-damage|p2a: Moltres|17/100 tox
|move|p2a: Moltres|Flamethrower|p1a: Gliscor
|-damage|p1a: Gliscor|10/100 tox
|
|-heal|p1a: Gliscor|23/100 tox|[from] ability: Poison Heal
|-damage|p2a: Moltres|0 fnt|[from] psn
|faint|p2a: Moltres
|upkeep
|
|t:|1757825098
|switch|p2a: Hydreigon|Hydreigon, M, shiny|100/100
|turn|19
|
|t:|1757825106
|move|p1a: Gliscor|Protect|p1a: Gliscor
|-singleturn|p1a: Gliscor|Protect
|move|p2a: Hydreigon|Dark Pulse|p1a: Gliscor
|-activate|p1a: Gliscor|move: Protect
|
|-heal|p1a: Gliscor|35/100 tox|[from] ability: Poison Heal
|upkeep
|turn|20
|
|t:|1757825116
|move|p2a: Hydreigon|Dark Pulse|p1a: Gliscor
|-damage|p1a: Gliscor|0 fnt
|faint|p1a: Gliscor
|
|win|catney
|raw|HANDYARROW22's rating: 1126 &rarr; <strong>1106</strong><br />(-20 for losing)
|raw|catney's rating: 1192 &rarr; <strong>1212</strong><br />(+20 for winning)
|l|☆catney
|player|p2|
|l|☆HANDYARROW22
|player|p1|
