|j|☆browoo42
|j|☆SittinGamer
|t:|1757795017
|gametype|singles
|player|p1|browoo42|101|1401
|player|p2|SittinGamer|dawn-gen4pt|1458
|gen|9
|tier|[Gen 9] OU
|rated|
|rule|HP Percentage Mod: HP is shown in percentages
|rule|Endless Battle Clause: Forcing endless battles is banned
|rule|Species Clause: Limit one of each Pokémon
|rule|OHKO Clause: OHKO moves are banned
|rule|Evasion Items Clause: Evasion items are banned
|rule|Evasion Moves Clause: Evasion moves are banned
|rule|Evasion Abilities Clause: Evasion abilities are banned
|rule|Sleep Moves Clause: Sleep-inducing moves are banned
|clearpoke
|poke|p1|Jirachi|
|poke|p1|Dragonite, F|
|poke|p1|Crawdaunt, F|
|poke|p1|Mew|
|poke|p1|Corviknight, M|
|poke|p1|Dragapult, M|
|poke|p2|Tyranitar, M|
|poke|p2|Empoleon, F|
|poke|p2|Pecharunt|
|poke|p2|Excadrill, M|
|poke|p2|Scizor, M|
|poke|p2|Cinderace, M|
|teampreview
|
|t:|1757795028
|teamsize|p1|6
|teamsize|p2|6
|start
|switch|p1a: Crawdaunt|Crawdaunt, F|100/100
|switch|p2a: Scizor|Scizor, M|100/100
|turn|1
|
|t:|1757795033
|switch|p1a: Corviknight|Corviknight, M|100/100
|move|p2a: Scizor|U-turn|p1a: Corviknight
|-resisted|p1a: Corviknight
|-damage|p1a: Corviknight|91/100
|-damage|p2a: Scizor|84/100|[from] item: Rocky Helmet|[of] p1a: Corviknight
|
|t:|1757795037
|switch|p2a: Cinderace|Cinderace, M|100/100|[from] U-turn
|
|upkeep
|turn|2
|
|t:|1757795044
|switch|p1a: Dragapult|Dragapult, M|100/100
|move|p2a: Cinderace|Will-O-Wisp|p1a: Dragapult
|-status|p1a: Dragapult|brn
|
|-damage|p1a: Dragapult|95/100 brn|[from] brn
|upkeep
|turn|3
|
|t:|1757795053
|switch|p2a: Tyranitar|Tyranitar, M|100/100
|-weather|Sandstorm|[from] ability: Sand Stream|[of] p2a: Tyranitar
|move|p1a: Dragapult|Draco Meteor|p2a: Tyranitar
|-crit|p2a: Tyranitar
|-damage|p2a: Tyranitar|48/100
|-unboost|p1a: Dragapult|spa|2
|
|-weather|Sandstorm|[upkeep]
|-damage|p1a: Dragapult|89/100 brn|[from] Sandstorm
|-damage|p1a: Dragapult|83/100 brn|[from] brn
|upkeep
|turn|4
|
|t:|1757795064
|switch|p1a: Corviknight|Corviknight, M|91/100
|move|p2a: Tyranitar|Knock Off|p1a: Corviknight
|-damage|p1a: Corviknight|57/100
|-damage|p2a: Tyranitar|32/100|[from] item: Rocky Helmet|[of] p1a: Corviknight
|-enditem|p1a: Corviknight|Rocky Helmet|[from] move: Knock Off|[of] p2a: Tyranitar
|
|-weather|Sandstorm|[upkeep]
|upkeep
|turn|5
|
|t:|1757795080
|move|p2a: Tyranitar|Stone Edge|p1a: Corviknight|[miss]
|-miss|p2a: Tyranitar|p1a: Corviknight
|move|p1a: Corviknight|U-turn|p2a: Tyranitar
|-supereffective|p2a: Tyranitar
|-damage|p2a: Tyranitar|4/100
|inactive|Battle timer is ON: inactive players will automatically lose when time's up. (requested by SittinGamer)
|
|t:|1757795159
|switch|p1a: Dragapult|Dragapult, M|83/100 brn|[from] U-turn
|
|-weather|Sandstorm|[upkeep]
|-damage|p1a: Dragapult|77/100 brn|[from] Sandstorm
|-damage|p1a: Dragapult|71/100 brn|[from] brn
|upkeep
|turn|6
|
|t:|1757795166
|move|p1a: Dragapult|U-turn|p2a: Tyranitar
|-supereffective|p2a: Tyranitar
|-damage|p2a: Tyranitar|0 fnt
|faint|p2a: Tyranitar
|
|t:|1757795183
|switch|p1a: Mew|Mew|100/100|[from] U-turn
|
|-weather|Sandstorm|[upkeep]
|-damage|p1a: Mew|94/100|[from] Sandstorm
|upkeep
|
|t:|1757795188
|switch|p2a: Empoleon|Empoleon, F|100/100
|turn|7
|
|t:|1757795193
|move|p1a: Mew|Volt Switch|p2a: Empoleon
|-supereffective|p2a: Empoleon
|-damage|p2a: Empoleon|66/100
|-damage|p1a: Mew|84/100|[from] item: Life Orb
|
|t:|1757795198
|switch|p1a: Corviknight|Corviknight, M|57/100|[from] Volt Switch
|move|p2a: Empoleon|Stealth Rock|p1a: Corviknight
|-sidestart|p1: browoo42|move: Stealth Rock
|
|-weather|none
|upkeep
|turn|8
|
|t:|1757795204
|move|p1a: Corviknight|Body Press|p2a: Empoleon
|-supereffective|p2a: Empoleon
|-damage|p2a: Empoleon|7/100
|move|p2a: Empoleon|Surf|p1a: Corviknight
|-damage|p1a: Corviknight|21/100
|
|upkeep
|turn|9
|
|t:|1757795213
|move|p1a: Corviknight|Defog|p2a: Empoleon
|-unboost|p2a: Empoleon|evasion|1
|-ability|p2a: Empoleon|Competitive|boost
|-boost|p2a: Empoleon|spa|2
|-sideend|p1: browoo42|Stealth Rock|[from] move: Defog|[of] p1a: Corviknight
|move|p2a: Empoleon|Roost|p2a: Empoleon
|-heal|p2a: Empoleon|57/100
|-singleturn|p2a: Empoleon|move: Roost
|
|upkeep
|turn|10
|
|t:|1757795224
|-terastallize|p2a: Empoleon|Grass
|move|p1a: Corviknight|Body Press|p2a: Empoleon
|-damage|p2a: Empoleon|31/100
|move|p2a: Empoleon|Roost|p2a: Empoleon
|-heal|p2a: Empoleon|81/100
|
|upkeep
|turn|11
|
|t:|1757795231
|move|p1a: Corviknight|U-turn|p2a: Empoleon
|-supereffective|p2a: Empoleon
|-damage|p2a: Empoleon|52/100
|
|t:|1757795234
|switch|p1a: Dragapult|Dragapult, M|71/100 brn|[from] U-turn
|move|p2a: Empoleon|Surf|p1a: Dragapult
|-resisted|p1a: Dragapult
|-damage|p1a: Dragapult|21/100 brn
|
|-damage|p1a: Dragapult|15/100 brn|[from] brn
|upkeep
|turn|12
|
|t:|1757795241
|move|p1a: Dragapult|Draco Meteor|p2a: Empoleon
|-damage|p2a: Empoleon|14/100
|-unboost|p1a: Dragapult|spa|2
|move|p2a: Empoleon|Roost|p2a: Empoleon
|-heal|p2a: Empoleon|64/100
|
|-damage|p1a: Dragapult|9/100 brn|[from] brn
|upkeep
|turn|13
|
|t:|1757795252
|switch|p1a: Corviknight|Corviknight, M|21/100
|move|p2a: Empoleon|Stealth Rock|p1a: Corviknight
|-sidestart|p1: browoo42|move: Stealth Rock
|
|upkeep
|turn|14
|
|t:|1757795259
|move|p1a: Corviknight|Defog|p2a: Empoleon
|-unboost|p2a: Empoleon|evasion|1
|-ability|p2a: Empoleon|Competitive|boost
|-boost|p2a: Empoleon|spa|2
|-sideend|p1: browoo42|Stealth Rock|[from] move: Defog|[of] p1a: Corviknight
|move|p2a: Empoleon|Surf|p1a: Corviknight
|-damage|p1a: Corviknight|0 fnt
|faint|p1a: Corviknight
|
|upkeep
|
|t:|1757795281
|switch|p1a: Dragonite|Dragonite, F|100/100
|turn|15
|inactive|browoo42 has 120 seconds left.
|
|t:|1757795309
|move|p1a: Dragonite|Fire Punch|p2a: Empoleon
|-supereffective|p2a: Empoleon
|-damage|p2a: Empoleon|0 fnt
|faint|p2a: Empoleon
|
|upkeep
|
|t:|1757795313
|switch|p2a: Pecharunt|Pecharunt|100/100
|turn|16
|
|t:|1757795317
|switch|p1a: Dragapult|Dragapult, M|9/100 brn
|move|p2a: Pecharunt|Parting Shot|p1a: Dragapult
|-unboost|p1a: Dragapult|atk|1
|-unboost|p1a: Dragapult|spa|1
|
|t:|1757795321
|switch|p2a: Scizor|Scizor, M|84/100|[from] Parting Shot
|
|-damage|p1a: Dragapult|3/100 brn|[from] brn
|upkeep
|turn|17
|inactive|browoo42 has 120 seconds left.
|
|t:|1757795359
|move|p2a: Scizor|Bullet Punch|p1a: Dragapult
|-damage|p1a: Dragapult|0 fnt
|faint|p1a: Dragapult
|
|upkeep
|
|t:|1757795364
|switch|p1a: Dragonite|Dragonite, F|100/100
|turn|18
|
|t:|1757795373
|switch|p2a: Pecharunt|Pecharunt|100/100
|move|p1a: Dragonite|Earthquake|p2a: Pecharunt
|-supereffective|p2a: Pecharunt
|-damage|p2a: Pecharunt|44/100
|
|upkeep
|turn|19
|
|t:|1757795379
|move|p1a: Dragonite|Earthquake|p2a: Pecharunt
|-supereffective|p2a: Pecharunt
|-damage|p2a: Pecharunt|0 fnt
|faint|p2a: Pecharunt
|
|upkeep
|
|t:|1757795383
|switch|p2a: Cinderace|Cinderace, M|100/100
|turn|20
|
|t:|1757795389
|switch|p1a: Jirachi|Jirachi|100/100
|move|p2a: Cinderace|Will-O-Wisp|p1a: Jirachi
|-status|p1a: Jirachi|brn
|
|-damage|p1a: Jirachi|94/100 brn|[from] brn
|upkeep
|turn|21
|
|t:|1757795397
|move|p1a: Jirachi|Trick|p2a: Cinderace
|-activate|p1a: Jirachi|move: Trick|[of] p2a: Cinderace
|-item|p2a: Cinderace|Choice Scarf|[from] move: Trick
|-item|p1a: Jirachi|Heavy-Duty Boots|[from] move: Trick
|move|p2a: Cinderace|Pyro Ball|p1a: Jirachi|[miss]
|-miss|p2a: Cinderace|p1a: Jirachi
|
|-damage|p1a: Jirachi|88/100 brn|[from] brn
|upkeep
|turn|22
|
|t:|1757795406
|switch|p2a: Excadrill|Excadrill, M|100/100
|-item|p2a: Excadrill|Air Balloon
|move|p1a: Jirachi|Drain Punch|p2a: Excadrill
|-supereffective|p2a: Excadrill
|-damage|p2a: Excadrill|71/100
|-heal|p1a: Jirachi|100/100 brn|[from] drain|[of] p2a: Excadrill
|-enditem|p2a: Excadrill|Air Balloon
|
|-damage|p1a: Jirachi|94/100 brn|[from] brn
|upkeep
|turn|23
|
|t:|1757795416
|move|p1a: Jirachi|Drain Punch|p2a: Excadrill
|-supereffective|p2a: Excadrill
|-damage|p2a: Excadrill|40/100
|-heal|p1a: Jirachi|100/100 brn|[from] drain|[of] p2a: Excadrill
|move|p2a: Excadrill|Rapid Spin|p1a: Jirachi
|-resisted|p1a: Jirachi
|-damage|p1a: Jirachi|91/100 brn
|-boost|p2a: Excadrill|spe|1
|
|-damage|p1a: Jirachi|85/100 brn|[from] brn
|upkeep
|turn|24
|
|t:|1757795426
|move|p2a: Excadrill|Swords Dance|p2a: Excadrill
|-boost|p2a: Excadrill|atk|2
|move|p1a: Jirachi|Drain Punch|p2a: Excadrill
|-supereffective|p2a: Excadrill
|-damage|p2a: Excadrill|8/100
|-heal|p1a: Jirachi|100/100 brn|[from] drain|[of] p2a: Excadrill
|
|-damage|p1a: Jirachi|94/100 brn|[from] brn
|upkeep
|turn|25
|
|t:|1757795434
|move|p2a: Excadrill|Earthquake|p1a: Jirachi
|-supereffective|p1a: Jirachi
|-damage|p1a: Jirachi|0 fnt
|faint|p1a: Jirachi
|
|upkeep
|
|t:|1757795440
|switch|p1a: Crawdaunt|Crawdaunt, F|100/100
|turn|26
|
|t:|1757795445
|move|p1a: Crawdaunt|Aqua Jet|p2a: Excadrill
|-supereffective|p2a: Excadrill
|-damage|p2a: Excadrill|0 fnt
|faint|p2a: Excadrill
|
|upkeep
|
|t:|1757795448
|switch|p2a: Scizor|Scizor, M|84/100
|turn|27
|
|t:|1757795455
|move|p1a: Crawdaunt|Crabhammer|p2a: Scizor
|-damage|p2a: Scizor|9/100
|move|p2a: Scizor|U-turn|p1a: Crawdaunt
|-supereffective|p1a: Crawdaunt
|-enditem|p1a: Crawdaunt|Focus Sash
|-damage|p1a: Crawdaunt|1/100
|
|t:|1757795459
|switch|p2a: Cinderace|Cinderace, M|100/100|[from] U-turn
|
|upkeep
|turn|28
|
|t:|1757795464
|move|p1a: Crawdaunt|Aqua Jet|p2a: Cinderace
|-supereffective|p2a: Cinderace
|-damage|p2a: Cinderace|15/100
|move|p2a: Cinderace|U-turn|p1a: Crawdaunt
|-start|p2a: Cinderace|typechange|Bug|[from] ability: Libero
|-supereffective|p1a: Crawdaunt
|-damage|p1a: Crawdaunt|0 fnt
|faint|p1a: Crawdaunt
|
|t:|1757795466
|switch|p2a: Scizor|Scizor, M|9/100|[from] U-turn
|
|upkeep
|-message|SittinGamer forfeited.
|
|win|browoo42
|raw|browoo42's rating: 1401 &rarr; <strong>1424</strong><br />(+23 for winning)
|raw|SittinGamer's rating: 1458 &rarr; <strong>1435</strong><br />(-23 for losing)
|l|☆SittinGamer
|player|p2|
|l|☆browoo42
|player|p1|
