|j|☆Pokemon of Color
|j|☆Oattumblely
|t:|1757917114
|gametype|singles
|player|p1|Pokemon of Color|265|1408
|player|p2|Oattumblely|rocketgruntf|1459
|gen|9
|tier|[Gen 9] OU
|rated|
|rule|HP Percentage Mod: HP is shown in percentages
|rule|Endless Battle Clause: Forcing endless battles is banned
|rule|Species Clause: Limit one of each Pokémon
|rule|OHKO Clause: OHKO moves are banned
|rule|Evasion Items Clause: Evasion items are banned
|rule|Evasion Moves Clause: Evasion moves are banned
|rule|Evasion Abilities Clause: Evasion abilities are banned
|rule|Sleep Moves Clause: Sleep-inducing moves are banned
|clearpoke
|poke|p1|Noivern, M|
|poke|p1|Great Tusk|
|poke|p1|Ceruledge, M|
|poke|p1|Articuno-Galar|
|poke|p1|Goodra-Hisui, F|
|poke|p1|Cloyster, F|
|poke|p2|Araquanid, M|
|poke|p2|Ceruledge, M|
|poke|p2|Ting-Lu|
|poke|p2|Espeon, F|
|poke|p2|Clefable, F|
|poke|p2|Iron Boulder|
|teampreview
|inactive|Battle timer is ON: inactive players will automatically lose when time's up. (requested by Oattumblely)
|
|t:|1757917128
|teamsize|p1|6
|teamsize|p2|6
|start
|switch|p1a: Cloyster|Cloyster, F|100/100
|switch|p2a: Ting-Lu|Ting-Lu|100/100
|-ability|p2a: Ting-Lu|Vessel of Ruin
|turn|1
|
|t:|1757917135
|move|p1a: Cloyster|Icicle Spear|p2a: Ting-Lu
|-supereffective|p2a: Ting-Lu
|-damage|p2a: Ting-Lu|87/100
|-supereffective|p2a: Ting-Lu
|-damage|p2a: Ting-Lu|74/100
|-supereffective|p2a: Ting-Lu
|-damage|p2a: Ting-Lu|60/100
|-supereffective|p2a: Ting-Lu
|-damage|p2a: Ting-Lu|46/100
|-supereffective|p2a: Ting-Lu
|-damage|p2a: Ting-Lu|33/100
|-hitcount|p2a: Ting-Lu|5
|move|p2a: Ting-Lu|Whirlwind|p1a: Cloyster
|drag|p1a: Ceruledge|Ceruledge, M|100/100
|
|-heal|p2a: Ting-Lu|39/100|[from] item: Leftovers
|upkeep
|turn|2
|
|t:|1757917150
|switch|p2a: Clefable|Clefable, F|100/100
|move|p1a: Ceruledge|Close Combat|p2a: Clefable
|-resisted|p2a: Clefable
|-damage|p2a: Clefable|85/100
|-unboost|p1a: Ceruledge|def|1
|-unboost|p1a: Ceruledge|spd|1
|-damage|p1a: Ceruledge|84/100|[from] item: Rocky Helmet|[of] p2a: Clefable
|
|upkeep
|turn|3
|
|t:|1757917165
|switch|p1a: Articuno|Articuno-Galar|100/100
|move|p2a: Clefable|Stealth Rock|p1a: Articuno
|-sidestart|p1: Pokemon of Color|move: Stealth Rock
|
|upkeep
|turn|4
|
|t:|1757917173
|move|p1a: Articuno|Calm Mind|p1a: Articuno
|-boost|p1a: Articuno|spa|1
|-boost|p1a: Articuno|spd|1
|move|p2a: Clefable|Thunder Wave|p1a: Articuno|[miss]
|-miss|p2a: Clefable|p1a: Articuno
|
|upkeep
|turn|5
|
|t:|1757917180
|move|p1a: Articuno|Calm Mind|p1a: Articuno
|-boost|p1a: Articuno|spa|1
|-boost|p1a: Articuno|spd|1
|move|p2a: Clefable|Thunder Wave|p1a: Articuno
|-status|p1a: Articuno|par
|
|upkeep
|turn|6
|
|t:|1757917187
|switch|p2a: Araquanid|Araquanid, M|100/100
|move|p1a: Articuno|Calm Mind|p1a: Articuno
|-boost|p1a: Articuno|spa|1
|-boost|p1a: Articuno|spd|1
|
|upkeep
|turn|7
|
|t:|1757917203
|move|p1a: Articuno|Calm Mind|p1a: Articuno
|-boost|p1a: Articuno|spa|1
|-boost|p1a: Articuno|spd|1
|move|p2a: Araquanid|Lunge|p1a: Articuno
|-crit|p1a: Articuno
|-damage|p1a: Articuno|79/100 par
|-unboost|p1a: Articuno|atk|1
|-ability|p1a: Articuno|Competitive|boost
|-boost|p1a: Articuno|spa|2
|
|upkeep
|turn|8
|
|t:|1757917216
|move|p1a: Articuno|Stored Power|p2a: Araquanid
|-damage|p2a: Araquanid|0 fnt
|faint|p2a: Araquanid
|
|upkeep
|
|t:|1757917221
|switch|p2a: Ceruledge|Ceruledge, M|100/100
|turn|9
|
|t:|1757917231
|switch|p2a: Ting-Lu|Ting-Lu|39/100
|-ability|p2a: Ting-Lu|Vessel of Ruin
|move|p1a: Articuno|Stored Power|p2a: Ting-Lu
|-immune|p2a: Ting-Lu
|
|-heal|p2a: Ting-Lu|46/100|[from] item: Leftovers
|upkeep
|turn|10
|
|t:|1757917240
|move|p1a: Articuno|Air Slash|p2a: Ting-Lu
|-damage|p2a: Ting-Lu|0 fnt
|faint|p2a: Ting-Lu
|
|upkeep
|
|t:|1757917243
|switch|p2a: Ceruledge|Ceruledge, M|100/100
|turn|11
|
|t:|1757917250
|move|p2a: Ceruledge|Swords Dance|p2a: Ceruledge
|-boost|p2a: Ceruledge|atk|2
|move|p1a: Articuno|Stored Power|p2a: Ceruledge
|-enditem|p2a: Ceruledge|Focus Sash
|-damage|p2a: Ceruledge|1/100
|
|upkeep
|turn|12
|
|t:|1757917264
|move|p2a: Ceruledge|Shadow Sneak|p1a: Articuno
|-supereffective|p1a: Articuno
|-damage|p1a: Articuno|18/100 par
|-enditem|p1a: Articuno|Weakness Policy
|-boost|p1a: Articuno|atk|2|[from] item: Weakness Policy
|-boost|p1a: Articuno|spa|0
|move|p1a: Articuno|Stored Power|p2a: Ceruledge
|-damage|p2a: Ceruledge|0 fnt
|faint|p2a: Ceruledge
|
|upkeep
|
|t:|1757917268
|switch|p2a: Iron Boulder|Iron Boulder|100/100
|-enditem|p2a: Iron Boulder|Booster Energy
|-activate|p2a: Iron Boulder|ability: Quark Drive|[fromitem]
|-start|p2a: Iron Boulder|quarkdrivespe
|turn|13
|
|t:|1757917277
|move|p2a: Iron Boulder|Mighty Cleave|p1a: Articuno
|-supereffective|p1a: Articuno
|-damage|p1a: Articuno|0 fnt
|faint|p1a: Articuno
|
|upkeep
|
|t:|1757917283
|switch|p1a: Great Tusk|Great Tusk|100/100
|-damage|p1a: Great Tusk|98/100|[from] Stealth Rock
|turn|14
|
|t:|1757917288
|-terastallize|p2a: Iron Boulder|Fighting
|move|p2a: Iron Boulder|Swords Dance|p2a: Iron Boulder
|-boost|p2a: Iron Boulder|atk|2
|move|p1a: Great Tusk|Rapid Spin|p2a: Iron Boulder
|-damage|p2a: Iron Boulder|78/100
|-boost|p1a: Great Tusk|spe|1
|-sideend|p1: Pokemon of Color|Stealth Rock|[from] move: Rapid Spin|[of] p1a: Great Tusk
|
|upkeep
|turn|15
|
|t:|1757917299
|move|p2a: Iron Boulder|Zen Headbutt|p1a: Great Tusk
|-supereffective|p1a: Great Tusk
|-damage|p1a: Great Tusk|0 fnt
|faint|p1a: Great Tusk
|-end|p1a: Great Tusk|Protosynthesis|[silent]
|
|upkeep
|
|t:|1757917320
|switch|p1a: Ceruledge|Ceruledge, M|84/100
|turn|16
|
|t:|1757917325
|move|p2a: Iron Boulder|Mighty Cleave|p1a: Ceruledge
|-supereffective|p1a: Ceruledge
|-damage|p1a: Ceruledge|0 fnt
|faint|p1a: Ceruledge
|
|upkeep
|inactive|Pokemon of Color has 120 seconds left.
|
|t:|1757917356
|switch|p1a: Cloyster|Cloyster, F|100/100
|turn|17
|
|t:|1757917365
|-terastallize|p1a: Cloyster|Electric
|move|p2a: Iron Boulder|Mighty Cleave|p1a: Cloyster
|-damage|p1a: Cloyster|32/100
|move|p1a: Cloyster|Icicle Spear|p2a: Iron Boulder
|-damage|p2a: Iron Boulder|64/100
|-damage|p2a: Iron Boulder|51/100
|-damage|p2a: Iron Boulder|35/100
|-damage|p2a: Iron Boulder|20/100
|-damage|p2a: Iron Boulder|5/100
|-hitcount|p2a: Iron Boulder|5
|
|upkeep
|turn|18
|
|t:|1757917381
|move|p2a: Iron Boulder|Mighty Cleave|p1a: Cloyster
|-damage|p1a: Cloyster|0 fnt
|faint|p1a: Cloyster
|
|upkeep
|
|t:|1757917383
|switch|p1a: Goodra|Goodra-Hisui, F|100/100
|turn|19
|
|t:|1757917390
|move|p2a: Iron Boulder|Close Combat|p1a: Goodra
|-supereffective|p1a: Goodra
|-damage|p1a: Goodra|0 fnt
|-unboost|p2a: Iron Boulder|def|1
|-unboost|p2a: Iron Boulder|spd|1
|-ability|p1a: Goodra|Gooey
|-unboost|p2a: Iron Boulder|spe|1
|faint|p1a: Goodra
|
|upkeep
|
|t:|1757917393
|switch|p1a: Noivern|Noivern, M|100/100
|turn|20
|
|t:|1757917399
|move|p2a: Iron Boulder|Mighty Cleave|p1a: Noivern
|-supereffective|p1a: Noivern
|-damage|p1a: Noivern|0 fnt
|faint|p1a: Noivern
|
|win|Oattumblely
|raw|Pokemon of Color's rating: 1408 &rarr; <strong>1391</strong><br />(-17 for losing)
|raw|Oattumblely's rating: 1459 &rarr; <strong>1476</strong><br />(+17 for winning)
|l|☆Pokemon of Color
|player|p1|
|l|☆Oattumblely
|player|p2|
