|j|☆BeachLeak
|j|☆omari p
|t:|1757894645
|gametype|singles
|player|p1|BeachLeak|archer|1558
|player|p2|omari p|pokemonrangerf|1605
|gen|9
|tier|[Gen 9] OU
|rated|
|rule|HP Percentage Mod: HP is shown in percentages
|rule|Endless Battle Clause: Forcing endless battles is banned
|rule|Species Clause: Limit one of each Pokémon
|rule|OHKO Clause: OHKO moves are banned
|rule|Evasion Items Clause: Evasion items are banned
|rule|Evasion Moves Clause: Evasion moves are banned
|rule|Evasion Abilities Clause: Evasion abilities are banned
|rule|Sleep Moves Clause: Sleep-inducing moves are banned
|clearpoke
|poke|p1|Salamence, M|
|poke|p1|Tyranitar, M|
|poke|p1|Excadrill, F|
|poke|p1|Iron Crown|
|poke|p1|Azumarill, F|
|poke|p1|Zamazenta-*|
|poke|p2|Deoxys-Speed|
|poke|p2|Cresselia, F|
|poke|p2|Kyurem|
|poke|p2|Kingambit, M|
|poke|p2|Suicune|
|poke|p2|Pawmot, M|
|teampreview
|j| iguana_droga
|inactive|Battle timer is ON: inactive players will automatically lose when time's up. (requested by BeachLeak)
|inactive|omari p has 120 seconds left.
|j| sukrutisthaman
|
|t:|1757894703
|teamsize|p1|6
|teamsize|p2|6
|start
|switch|p1a: Iron Crown|Iron Crown|100/100
|switch|p2a: Suicune|Suicune|100/100
|-ability|p2a: Suicune|Pressure
|turn|1
|
|t:|1757894717
|move|p2a: Suicune|Protect|p2a: Suicune
|-singleturn|p2a: Suicune|Protect
|move|p1a: Iron Crown|Volt Switch|p2a: Suicune
|-activate|p2a: Suicune|move: Protect
|
|upkeep
|turn|2
|
|t:|1757894724
|move|p1a: Iron Crown|Volt Switch|p2a: Suicune
|-supereffective|p2a: Suicune
|-damage|p2a: Suicune|64/100
|
|t:|1757894728
|-end|p1a: Iron Crown|Quark Drive|[silent]
|switch|p1a: Sherbet|Salamence, M, shiny|100/100|[from] Volt Switch
|-ability|p1a: Sherbet|Intimidate|boost
|-unboost|p2a: Suicune|atk|1
|move|p2a: Suicune|Substitute|p2a: Suicune
|-start|p2a: Suicune|Substitute
|-damage|p2a: Suicune|39/100
|
|-heal|p2a: Suicune|46/100|[from] item: Leftovers
|upkeep
|turn|3
|
|t:|1757894732
|move|p2a: Suicune|Protect|p2a: Suicune
|-singleturn|p2a: Suicune|Protect
|move|p1a: Sherbet|Air Slash|p2a: Suicune
|-activate|p2a: Suicune|move: Protect
|
|-heal|p2a: Suicune|52/100|[from] item: Leftovers
|upkeep
|turn|4
|
|t:|1757894735
|move|p1a: Sherbet|Air Slash|p2a: Suicune
|-end|p2a: Suicune|Substitute
|move|p2a: Suicune|Scald|p1a: Sherbet
|-resisted|p1a: Sherbet
|-damage|p1a: Sherbet|85/100
|
|-heal|p2a: Suicune|58/100|[from] item: Leftovers
|upkeep
|turn|5
|
|t:|1757894741
|move|p2a: Suicune|Protect|p2a: Suicune
|-singleturn|p2a: Suicune|Protect
|move|p1a: Sherbet|Air Slash|p2a: Suicune
|-activate|p2a: Suicune|move: Protect
|
|-heal|p2a: Suicune|64/100|[from] item: Leftovers
|upkeep
|turn|6
|
|t:|1757894744
|switch|p2a: Deoxys|Deoxys-Speed|100/100
|-ability|p2a: Deoxys|Pressure
|move|p1a: Sherbet|Air Slash|p2a: Deoxys
|-damage|p2a: Deoxys|39/100
|
|upkeep
|turn|7
|
|t:|1757894747
|switch|p1a: Tyranitar|Tyranitar, M, shiny|100/100
|-weather|Sandstorm|[from] ability: Sand Stream|[of] p1a: Tyranitar
|move|p2a: Deoxys|Stealth Rock|p1a: Tyranitar
|-sidestart|p1: BeachLeak|move: Stealth Rock
|
|-weather|Sandstorm|[upkeep]
|-damage|p2a: Deoxys|33/100|[from] Sandstorm
|upkeep
|turn|8
|
|t:|1757894750
|move|p2a: Deoxys|Reflect|p2a: Deoxys
|-sidestart|p2: omari p|Reflect
|move|p1a: Tyranitar|Knock Off|p2a: Deoxys
|-supereffective|p2a: Deoxys
|-damage|p2a: Deoxys|0 fnt
|-enditem|p2a: Deoxys|Light Clay|[from] move: Knock Off|[of] p1a: Tyranitar
|faint|p2a: Deoxys
|
|-weather|Sandstorm|[upkeep]
|upkeep
|
|t:|1757894754
|switch|p2a: Suicune|Suicune|64/100
|-ability|p2a: Suicune|Pressure
|turn|9
|
|t:|1757894756
|move|p2a: Suicune|Scald|p1a: Tyranitar
|-supereffective|p1a: Tyranitar
|-damage|p1a: Tyranitar|65/100
|-status|p1a: Tyranitar|brn
|move|p1a: Tyranitar|Knock Off|p2a: Suicune
|-damage|p2a: Suicune|48/100
|-enditem|p2a: Suicune|Leftovers|[from] move: Knock Off|[of] p1a: Tyranitar
|
|-weather|Sandstorm|[upkeep]
|-damage|p2a: Suicune|42/100|[from] Sandstorm
|-damage|p1a: Tyranitar|59/100 brn|[from] brn
|upkeep
|turn|10
|
|t:|1757894762
|switch|p1a: Iron Crown|Iron Crown|100/100
|-damage|p1a: Iron Crown|94/100|[from] Stealth Rock
|move|p2a: Suicune|Scald|p1a: Iron Crown
|-damage|p1a: Iron Crown|70/100
|-status|p1a: Iron Crown|brn
|
|-weather|Sandstorm|[upkeep]
|-damage|p2a: Suicune|35/100|[from] Sandstorm
|-damage|p1a: Iron Crown|63/100 brn|[from] brn
|upkeep
|turn|11
|
|t:|1757894766
|move|p2a: Suicune|Protect|p2a: Suicune
|-singleturn|p2a: Suicune|Protect
|move|p1a: Iron Crown|Volt Switch|p2a: Suicune
|-activate|p2a: Suicune|move: Protect
|
|-weather|none
|-damage|p1a: Iron Crown|57/100 brn|[from] brn
|upkeep
|turn|12
|
|t:|1757894775
|switch|p2a: Pawmot|Pawmot, M|100/100
|move|p1a: Iron Crown|Volt Switch|p2a: Pawmot
|-resisted|p2a: Pawmot
|-damage|p2a: Pawmot|83/100
|
|t:|1757894778
|-end|p1a: Iron Crown|Quark Drive|[silent]
|switch|p1a: Excadrill|Excadrill, F|100/100|[from] Volt Switch
|-damage|p1a: Excadrill|97/100|[from] Stealth Rock
|-item|p1a: Excadrill|Air Balloon
|
|upkeep
|turn|13
|
|t:|1757894784
|move|p2a: Pawmot|Low Kick|p1a: Excadrill
|-supereffective|p1a: Excadrill
|-damage|p1a: Excadrill|25/100
|-enditem|p1a: Excadrill|Air Balloon
|move|p1a: Excadrill|Rapid Spin|p2a: Pawmot
|-damage|p2a: Pawmot|71/100
|-boost|p1a: Excadrill|spe|1
|-sideend|p1: BeachLeak|Stealth Rock|[from] move: Rapid Spin|[of] p1a: Excadrill
|
|upkeep
|turn|14
|
|t:|1757894791
|switch|p1a: Sherbet|Salamence, M, shiny|85/100
|-ability|p1a: Sherbet|Intimidate|boost
|-unboost|p2a: Pawmot|atk|1
|move|p2a: Pawmot|Low Kick|p1a: Sherbet
|-resisted|p1a: Sherbet
|-damage|p1a: Sherbet|70/100
|
|upkeep
|turn|15
|
|t:|1757894795
|switch|p2a: Kyurem|Kyurem|100/100
|-ability|p2a: Kyurem|Pressure
|move|p1a: Sherbet|Draco Meteor|p2a: Kyurem
|-supereffective|p2a: Kyurem
|-damage|p2a: Kyurem|0 fnt
|-unboost|p1a: Sherbet|spa|2
|faint|p2a: Kyurem
|
|-sideend|p2: omari p|Reflect
|upkeep
|
|t:|1757894799
|switch|p2a: Pawmot|Pawmot, M|71/100
|turn|16
|
|t:|1757894804
|move|p2a: Pawmot|Revival Blessing|p2a: Pawmot
|-enditem|p2a: Pawmot|Leppa Berry|[eat]
|-activate|p2a: Pawmot|item: Leppa Berry|Revival Blessing|[consumed]
|
|t:|1757894806
|-heal|p2: Kyurem|50/100|[from] move: Revival Blessing
|move|p1a: Sherbet|Draco Meteor|p2a: Pawmot
|-damage|p2a: Pawmot|0 fnt
|-unboost|p1a: Sherbet|spa|2
|faint|p2a: Pawmot
|
|upkeep
|
|t:|1757894812
|switch|p2a: Kingambit|Kingambit, M|100/100
|-activate|p2a: Kingambit|ability: Supreme Overlord
|-start|p2a: Kingambit|fallen3|[silent]
|turn|17
|j| glowingrobot
|
|t:|1757894816
|switch|p1a: Zamazenta|Zamazenta|100/100
|-ability|p1a: Zamazenta|Dauntless Shield|boost
|-boost|p1a: Zamazenta|def|1
|move|p2a: Kingambit|Swords Dance|p2a: Kingambit
|-boost|p2a: Kingambit|atk|2
|
|upkeep
|turn|18
|
|t:|1757894820
|-terastallize|p2a: Kingambit|Fairy
|move|p1a: Zamazenta|Close Combat|p2a: Kingambit
|-resisted|p2a: Kingambit
|-damage|p2a: Kingambit|72/100
|-unboost|p1a: Zamazenta|def|1
|-unboost|p1a: Zamazenta|spd|1
|-damage|p1a: Zamazenta|91/100|[from] item: Life Orb
|move|p2a: Kingambit|Tera Blast|p1a: Zamazenta|[anim] Tera Blast Fairy
|-supereffective|p1a: Zamazenta
|-damage|p1a: Zamazenta|0 fnt
|faint|p1a: Zamazenta
|
|upkeep
|
|t:|1757894827
|switch|p1a: Sherbet|Salamence, M, shiny|70/100
|-ability|p1a: Sherbet|Intimidate|boost
|-unboost|p2a: Kingambit|atk|1
|turn|19
|inactive|omari p has 120 seconds left.
|j| Ske
|inactive|omari p has 90 seconds left.
|
|t:|1757894906
|move|p1a: Sherbet|Air Slash|p2a: Kingambit
|-damage|p2a: Kingambit|16/100
|move|p2a: Kingambit|Kowtow Cleave|p1a: Sherbet
|-damage|p1a: Sherbet|0 fnt
|faint|p1a: Sherbet
|
|upkeep
|
|t:|1757894913
|switch|p1a: Azumarill|Azumarill, F, shiny|100/100
|turn|20
|
|t:|1757894918
|move|p1a: Azumarill|Aqua Jet|p2a: Kingambit
|-damage|p2a: Kingambit|0 fnt
|faint|p2a: Kingambit
|-end|p2a: Kingambit|fallen3|[silent]
|
|upkeep
|inactive|omari p has 90 seconds left.
|
|t:|1757894925
|switch|p2a: Cresselia|Cresselia, F|100/100
|turn|21
|
|t:|1757894928
|move|p2a: Cresselia|Lunar Dance|p2a: Cresselia
|faint|p2a: Cresselia
|move|p1a: Azumarill|Belly Drum|p1a: Azumarill
|-damage|p1a: Azumarill|50/100
|-setboost|p1a: Azumarill|atk|6|[from] move: Belly Drum
|-enditem|p1a: Azumarill|Sitrus Berry|[eat]
|-heal|p1a: Azumarill|75/100|[from] item: Sitrus Berry
|
|upkeep
|
|t:|1757894930
|switch|p2a: Kyurem|Kyurem|50/100
|-heal|p2a: Kyurem|100/100|[from] move: Lunar Dance
|-ability|p2a: Kyurem|Pressure
|turn|22
|
|t:|1757894936
|move|p2a: Kyurem|Protect|p2a: Kyurem
|-singleturn|p2a: Kyurem|Protect
|move|p1a: Azumarill|Aqua Jet|p2a: Kyurem
|-activate|p2a: Kyurem|move: Protect
|
|upkeep
|turn|23
|
|t:|1757894940
|move|p1a: Azumarill|Aqua Jet|p2a: Kyurem
|-resisted|p2a: Kyurem
|-damage|p2a: Kyurem|55/100
|move|p2a: Kyurem|Substitute|p2a: Kyurem
|-start|p2a: Kyurem|Substitute
|-damage|p2a: Kyurem|30/100
|
|-heal|p2a: Kyurem|36/100|[from] item: Leftovers
|upkeep
|turn|24
|
|t:|1757894944
|move|p2a: Kyurem|Protect|p2a: Kyurem
|-singleturn|p2a: Kyurem|Protect
|move|p1a: Azumarill|Aqua Jet|p2a: Kyurem
|-activate|p2a: Kyurem|move: Protect
|
|-heal|p2a: Kyurem|42/100|[from] item: Leftovers
|upkeep
|turn|25
|
|t:|1757894947
|move|p1a: Azumarill|Aqua Jet|p2a: Kyurem
|-resisted|p2a: Kyurem
|-end|p2a: Kyurem|Substitute
|move|p2a: Kyurem|Icicle Spear|p1a: Azumarill
|-resisted|p1a: Azumarill
|-damage|p1a: Azumarill|69/100
|-resisted|p1a: Azumarill
|-damage|p1a: Azumarill|62/100
|-resisted|p1a: Azumarill
|-damage|p1a: Azumarill|54/100
|-hitcount|p1a: Azumarill|3
|
|-heal|p2a: Kyurem|48/100|[from] item: Leftovers
|upkeep
|turn|26
|
|t:|1757894952
|move|p2a: Kyurem|Protect|p2a: Kyurem
|-singleturn|p2a: Kyurem|Protect
|move|p1a: Azumarill|Aqua Jet|p2a: Kyurem
|-activate|p2a: Kyurem|move: Protect
|
|-heal|p2a: Kyurem|55/100|[from] item: Leftovers
|upkeep
|turn|27
|
|t:|1757894955
|move|p2a: Kyurem|Protect|p2a: Kyurem
|-singleturn|p2a: Kyurem|Protect
|move|p1a: Azumarill|Aqua Jet|p2a: Kyurem
|-activate|p2a: Kyurem|move: Protect
|
|-heal|p2a: Kyurem|61/100|[from] item: Leftovers
|upkeep
|turn|28
|c|☆BeachLeak|this boy got some weird stall
|
|t:|1757894970
|switch|p2a: Suicune|Suicune|35/100
|-ability|p2a: Suicune|Pressure
|move|p1a: Azumarill|Aqua Jet|p2a: Suicune
|-resisted|p2a: Suicune
|-damage|p2a: Suicune|0 fnt
|faint|p2a: Suicune
|
|upkeep
|c|☆omari p|ROTFL
|
|t:|1757894976
|switch|p2a: Kyurem|Kyurem|61/100
|-ability|p2a: Kyurem|Pressure
|turn|29
|c| Ske|That’s disrespectful
|
|t:|1757894982
|move|p2a: Kyurem|Protect|p2a: Kyurem
|-singleturn|p2a: Kyurem|Protect
|move|p1a: Azumarill|Aqua Jet|p2a: Kyurem
|-activate|p2a: Kyurem|move: Protect
|
|-heal|p2a: Kyurem|67/100|[from] item: Leftovers
|upkeep
|turn|30
|c| Ske|How dare you
|
|t:|1757894990
|move|p1a: Azumarill|Aqua Jet|p2a: Kyurem
|-resisted|p2a: Kyurem
|-damage|p2a: Kyurem|19/100
|move|p2a: Kyurem|Icicle Spear|p1a: Azumarill
|-resisted|p1a: Azumarill
|-damage|p1a: Azumarill|48/100
|-resisted|p1a: Azumarill
|-damage|p1a: Azumarill|42/100
|-hitcount|p1a: Azumarill|2
|
|-heal|p2a: Kyurem|25/100|[from] item: Leftovers
|upkeep
|turn|31
|
|t:|1757894994
|move|p2a: Kyurem|Protect|p2a: Kyurem
|-singleturn|p2a: Kyurem|Protect
|move|p1a: Azumarill|Aqua Jet|p2a: Kyurem
|-activate|p2a: Kyurem|move: Protect
|
|-heal|p2a: Kyurem|31/100|[from] item: Leftovers
|upkeep
|turn|32
|
|t:|1757894998
|move|p2a: Kyurem|Protect||[still]
|-fail|p2a: Kyurem
|move|p1a: Azumarill|Aqua Jet|p2a: Kyurem
|-resisted|p2a: Kyurem
|-damage|p2a: Kyurem|0 fnt
|faint|p2a: Kyurem
|
|win|BeachLeak
|raw|BeachLeak's rating: 1558 &rarr; <strong>1581</strong><br />(+23 for winning)
|raw|omari p's rating: 1605 &rarr; <strong>1582</strong><br />(-23 for losing)
|c|☆BeachLeak|gg
|l| glowingrobot
|l|☆BeachLeak
|player|p1|
|l| Ske
|l| iguana_droga
|j| Ske
|l| Ske
|l|☆omari p
|player|p2|
