|j|☆Midorinome
|j|☆PLAY274
|t:|1757940256
|gametype|singles
|player|p1|Midorinome|102|1369
|player|p2|PLAY274|steven|1334
|gen|9
|tier|[Gen 9] OU
|rated|
|rule|HP Percentage Mod: HP is shown in percentages
|rule|Endless Battle Clause: Forcing endless battles is banned
|rule|Species Clause: Limit one of each Pokémon
|rule|OHKO Clause: OHKO moves are banned
|rule|Evasion Items Clause: Evasion items are banned
|rule|Evasion Moves Clause: Evasion moves are banned
|rule|Evasion Abilities Clause: Evasion abilities are banned
|rule|Sleep Moves Clause: Sleep-inducing moves are banned
|clearpoke
|poke|p1|Umbreon, M|
|poke|p1|Salamence, M|
|poke|p1|Avalugg, F|
|poke|p1|Gengar, F|
|poke|p1|Meowscarada, M|
|poke|p1|Articuno|
|poke|p2|Samurott-Hisui, M|
|poke|p2|Donphan, M|
|poke|p2|Ursaring, F|
|poke|p2|Tinkaton, F|
|poke|p2|Scream Tail|
|poke|p2|Iron Moth|
|teampreview
|inactive|Battle timer is ON: inactive players will automatically lose when time's up. (requested by Midorinome)
|inactive|PLAY274 has 120 seconds left.
|
|t:|1757940307
|teamsize|p1|6
|teamsize|p2|6
|start
|switch|p1a: Avalugg|Avalugg, F|100/100
|switch|p2a: Samurott|Samurott-Hisui, M, shiny|100/100
|turn|1
|
|t:|1757940310
|move|p2a: Samurott|Ceaseless Edge|p1a: Avalugg
|-damage|p1a: Avalugg|80/100
|-sidestart|p1: Midorinome|Spikes
|move|p1a: Avalugg|Body Press|p2a: Samurott
|-supereffective|p2a: Samurott
|-damage|p2a: Samurott|20/100
|
|upkeep
|turn|2
|
|t:|1757940320
|switch|p2a: Iron Moth|Iron Moth|100/100
|move|p1a: Avalugg|Rapid Spin|p2a: Iron Moth
|-damage|p2a: Iron Moth|79/100
|-boost|p1a: Avalugg|spe|1
|-sideend|p1: Midorinome|Spikes|[from] move: Rapid Spin|[of] p1a: Avalugg
|
|upkeep
|turn|3
|
|t:|1757940336
|switch|p1a: Salamence|Salamence, M|100/100
|-ability|p1a: Salamence|Intimidate|boost
|-unboost|p2a: Iron Moth|atk|1
|move|p2a: Iron Moth|Sludge Wave|p1a: Salamence
|-damage|p1a: Salamence|43/100
|
|upkeep
|turn|4
|
|t:|1757940342
|move|p2a: Iron Moth|Sludge Wave|p1a: Salamence
|-damage|p1a: Salamence|0 fnt
|faint|p1a: Salamence
|
|upkeep
|
|t:|1757940357
|switch|p1a: Articuno|Articuno, shiny|100/100
|-ability|p1a: Articuno|Pressure
|turn|5
|
|t:|1757940362
|-end|p2a: Iron Moth|Quark Drive|[silent]
|switch|p2a: Tinkaton|Tinkaton, F|100/100
|-terastallize|p1a: Articuno|Ground
|move|p1a: Articuno|Tera Blast|p2a: Tinkaton|[anim] Tera Blast Ground
|-supereffective|p2a: Tinkaton
|-damage|p2a: Tinkaton|33/100
|
|-heal|p2a: Tinkaton|40/100|[from] item: Leftovers
|upkeep
|turn|6
|
|t:|1757940371
|switch|p2a: Samurott|Samurott-Hisui, M, shiny|20/100
|move|p1a: Articuno|Agility|p1a: Articuno
|-boost|p1a: Articuno|spe|2
|
|upkeep
|turn|7
|inactive|PLAY274 has 120 seconds left.
|inactive|PLAY274 has 90 seconds left.
|
|t:|1757940432
|move|p2a: Samurott|Sucker Punch|p1a: Articuno
|-damage|p1a: Articuno|70/100
|move|p1a: Articuno|Freeze-Dry|p2a: Samurott
|-supereffective|p2a: Samurott
|-damage|p2a: Samurott|0 fnt
|faint|p2a: Samurott
|
|upkeep
|inactive|PLAY274 has 90 seconds left.
|
|t:|1757940445
|switch|p2a: Iron Moth|Iron Moth|79/100
|turn|8
|inactive|PLAY274 has 90 seconds left.
|
|t:|1757940454
|-terastallize|p2a: Iron Moth|Flying
|move|p2a: Iron Moth|Energy Ball|p1a: Articuno
|-supereffective|p1a: Articuno
|-damage|p1a: Articuno|22/100
|-enditem|p1a: Articuno|Weakness Policy
|-boost|p1a: Articuno|atk|2|[from] item: Weakness Policy
|-boost|p1a: Articuno|spa|2|[from] item: Weakness Policy
|move|p1a: Articuno|Tera Blast|p2a: Iron Moth|[anim] Tera Blast Ground
|-immune|p2a: Iron Moth
|
|upkeep
|turn|9
|inactive|PLAY274 has 90 seconds left.
|
|t:|1757940471
|move|p2a: Iron Moth|Energy Ball|p1a: Articuno
|-supereffective|p1a: Articuno
|-damage|p1a: Articuno|0 fnt
|faint|p1a: Articuno
|
|upkeep
|
|t:|1757940498
|switch|p1a: Umbreon|Umbreon, M, shiny|100/100
|turn|10
|inactive|PLAY274 has 90 seconds left.
|
|t:|1757940513
|-end|p2a: Iron Moth|Quark Drive|[silent]
|switch|p2a: Tinkaton|Tinkaton, F|40/100
|move|p1a: Umbreon|Curse|p1a: Umbreon
|-unboost|p1a: Umbreon|spe|1
|-boost|p1a: Umbreon|atk|1
|-boost|p1a: Umbreon|def|1
|
|-heal|p2a: Tinkaton|46/100|[from] item: Leftovers
|upkeep
|turn|11
|c|☆Midorinome|Choice wtf
|
|t:|1757940519
|move|p2a: Tinkaton|Stealth Rock|p1a: Umbreon
|-sidestart|p1: Midorinome|move: Stealth Rock
|move|p1a: Umbreon|Curse|p1a: Umbreon
|-unboost|p1a: Umbreon|spe|1
|-boost|p1a: Umbreon|atk|1
|-boost|p1a: Umbreon|def|1
|
|-heal|p2a: Tinkaton|52/100|[from] item: Leftovers
|upkeep
|turn|12
|
|t:|1757940522
|switch|p2a: Scream Tail|Scream Tail|100/100
|move|p1a: Umbreon|Curse|p1a: Umbreon
|-unboost|p1a: Umbreon|spe|1
|-boost|p1a: Umbreon|atk|1
|-boost|p1a: Umbreon|def|1
|
|upkeep
|turn|13
|
|t:|1757940526
|move|p2a: Scream Tail|Perish Song|p2a: Scream Tail
|-start|p1a: Umbreon|perish3|[silent]
|-start|p2a: Scream Tail|perish3|[silent]
|-fieldactivate|move: Perish Song
|move|p1a: Umbreon|Crunch|p2a: Scream Tail
|-damage|p2a: Scream Tail|68/100
|
|-heal|p2a: Scream Tail|74/100|[from] item: Leftovers
|-start|p2a: Scream Tail|perish3
|-start|p1a: Umbreon|perish3
|upkeep
|turn|14
|
|t:|1757940533
|-end|p2a: Scream Tail|Protosynthesis|[silent]
|switch|p2a: Tinkaton|Tinkaton, F|52/100
|switch|p1a: Gengar|Gengar, F|100/100
|-damage|p1a: Gengar|88/100|[from] Stealth Rock
|
|-heal|p2a: Tinkaton|58/100|[from] item: Leftovers
|upkeep
|turn|15
|
|t:|1757940538
|move|p1a: Gengar|Trick|p2a: Tinkaton
|-activate|p1a: Gengar|move: Trick|[of] p2a: Tinkaton
|-item|p2a: Tinkaton|Choice Scarf|[from] move: Trick
|-item|p1a: Gengar|Leftovers|[from] move: Trick
|move|p2a: Tinkaton|Gigaton Hammer|p1a: Gengar
|-damage|p1a: Gengar|0 fnt
|faint|p1a: Gengar
|
|upkeep
|
|t:|1757940543
|switch|p1a: Avalugg|Avalugg, F|80/100
|turn|16
|
|t:|1757940550
|switch|p2a: Iron Moth|Iron Moth, tera:Flying|79/100
|move|p1a: Avalugg|Rapid Spin|p2a: Iron Moth
|-damage|p2a: Iron Moth|60/100
|-boost|p1a: Avalugg|spe|1
|-sideend|p1: Midorinome|Stealth Rock|[from] move: Rapid Spin|[of] p1a: Avalugg
|
|upkeep
|turn|17
|
|t:|1757940555
|switch|p1a: Umbreon|Umbreon, M, shiny|100/100
|move|p2a: Iron Moth|Fiery Dance|p1a: Umbreon
|-crit|p1a: Umbreon
|-damage|p1a: Umbreon|60/100
|-boost|p2a: Iron Moth|spa|1
|
|upkeep
|turn|18
|-message|Midorinome forfeited.
|
|win|PLAY274
|raw|Midorinome's rating: 1369 &rarr; <strong>1347</strong><br />(-22 for losing)
|raw|PLAY274's rating: 1334 &rarr; <strong>1356</strong><br />(+22 for winning)
|l|☆Midorinome
|player|p1|
|c|☆PLAY274|EZZ
|l|☆PLAY274
|player|p2|
