|j|☆LovingsBoringPupil
|j|☆Mikeflem12326171
|t:|1757961723
|gametype|singles
|player|p1|LovingsBoringPupil|170|1169
|player|p2|Mikeflem12326171|colress|1222
|gen|9
|tier|[Gen 9] OU
|rated|
|rule|HP Percentage Mod: HP is shown in percentages
|rule|Endless Battle Clause: Forcing endless battles is banned
|rule|Species Clause: Limit one of each Pokémon
|rule|OHKO Clause: OHKO moves are banned
|rule|Evasion Items Clause: Evasion items are banned
|rule|Evasion Moves Clause: Evasion moves are banned
|rule|Evasion Abilities Clause: Evasion abilities are banned
|rule|Sleep Moves Clause: Sleep-inducing moves are banned
|clearpoke
|poke|p1|Dondozo, M|
|poke|p1|Blissey, F|
|poke|p1|Corviknight, F|
|poke|p1|Weezing-Galar, F|
|poke|p1|Gliscor, M|
|poke|p1|Toxapex, M|
|poke|p2|Pelipper, M|
|poke|p2|Samurott-Hisui, F|
|poke|p2|Great Tusk|
|poke|p2|Scizor, F|
|poke|p2|Iron Valiant|
|poke|p2|Garganacl, F|
|teampreview
|inactive|Battle timer is ON: inactive players will automatically lose when time's up. (requested by LovingsBoringPupil)
|
|t:|1757961741
|teamsize|p1|6
|teamsize|p2|6
|start
|switch|p1a: Weezing|Weezing-Galar, F|100/100
|switch|p2a: Pelipper|Pelipper, M|100/100
|-ability|p1a: Weezing|Neutralizing Gas
|turn|1
|
|t:|1757961755
|move|p2a: Pelipper|U-turn|p1a: Weezing
|-resisted|p1a: Weezing
|-damage|p1a: Weezing|99/100
|
|t:|1757961757
|switch|p2a: Garganacl|Garganacl, F|100/100|[from] U-turn
|move|p1a: Weezing|Will-O-Wisp|p2a: Garganacl
|-status|p2a: Garganacl|brn
|
|-damage|p2a: Garganacl|94/100 brn|[from] brn
|upkeep
|turn|2
|
|t:|1757961771
|-end|p1a: Weezing|ability: Neutralizing Gas
|switch|p1a: Toxapex|Toxapex, M|100/100
|move|p2a: Garganacl|Salt Cure|p1a: Toxapex
|-damage|p1a: Toxapex|95/100
|-start|p1a: Toxapex|Salt Cure
|
|-heal|p1a: Toxapex|100/100|[from] item: Leftovers
|-heal|p2a: Garganacl|100/100 brn|[from] item: Leftovers
|-damage|p2a: Garganacl|94/100 brn|[from] brn
|-damage|p1a: Toxapex|75/100|[from] Salt Cure
|upkeep
|turn|3
|
|t:|1757961789
|move|p1a: Toxapex|Recover|p1a: Toxapex
|-heal|p1a: Toxapex|100/100
|move|p2a: Garganacl|Salt Cure|p1a: Toxapex
|-damage|p1a: Toxapex|96/100
|
|-heal|p1a: Toxapex|100/100|[from] item: Leftovers
|-heal|p2a: Garganacl|100/100 brn|[from] item: Leftovers
|-damage|p2a: Garganacl|94/100 brn|[from] brn
|-damage|p1a: Toxapex|75/100|[from] Salt Cure
|upkeep
|turn|4
|
|t:|1757961802
|switch|p2a: Samurott|Samurott-Hisui, F|100/100
|move|p1a: Toxapex|Toxic Spikes|p2a: Samurott
|-sidestart|p2: Mikeflem12326171|move: Toxic Spikes
|
|-heal|p1a: Toxapex|82/100|[from] item: Leftovers
|-damage|p1a: Toxapex|57/100|[from] Salt Cure
|upkeep
|turn|5
|
|t:|1757961818
|switch|p1a: Weezing|Weezing-Galar, F|99/100
|-ability|p1a: Weezing|Neutralizing Gas
|move|p2a: Samurott|Ceaseless Edge|p1a: Weezing
|-resisted|p1a: Weezing
|-damage|p1a: Weezing|88/100
|-sidestart|p1: LovingsBoringPupil|Spikes
|
|upkeep
|turn|6
|inactive|Mikeflem12326171 has 120 seconds left.
|
|t:|1757961849
|switch|p2a: Garganacl|Garganacl, F|94/100 brn
|move|p1a: Weezing|Will-O-Wisp|p2a: Garganacl
|-fail|p2a: Garganacl|brn
|
|-heal|p2a: Garganacl|100/100 brn|[from] item: Leftovers
|-damage|p2a: Garganacl|94/100 brn|[from] brn
|upkeep
|turn|7
|
|t:|1757961863
|-end|p1a: Weezing|ability: Neutralizing Gas
|switch|p1a: Corviknight|Corviknight, F|100/100
|-ability|p1a: Corviknight|Pressure
|move|p2a: Garganacl|Salt Cure|p1a: Corviknight
|-damage|p1a: Corviknight|96/100
|-start|p1a: Corviknight|Salt Cure
|
|-heal|p1a: Corviknight|100/100|[from] item: Leftovers
|-heal|p2a: Garganacl|100/100 brn|[from] item: Leftovers
|-damage|p2a: Garganacl|94/100 brn|[from] brn
|-damage|p1a: Corviknight|75/100|[from] Salt Cure
|upkeep
|turn|8
|
|t:|1757961876
|move|p1a: Corviknight|Iron Defense|p1a: Corviknight
|-boost|p1a: Corviknight|def|2
|move|p2a: Garganacl|Curse|p2a: Garganacl
|-unboost|p2a: Garganacl|spe|1
|-boost|p2a: Garganacl|atk|1
|-boost|p2a: Garganacl|def|1
|
|-heal|p1a: Corviknight|82/100|[from] item: Leftovers
|-heal|p2a: Garganacl|100/100 brn|[from] item: Leftovers
|-damage|p2a: Garganacl|94/100 brn|[from] brn
|-damage|p1a: Corviknight|57/100|[from] Salt Cure
|upkeep
|turn|9
|
|t:|1757961888
|move|p1a: Corviknight|Iron Defense|p1a: Corviknight
|-boost|p1a: Corviknight|def|2
|move|p2a: Garganacl|Salt Cure|p1a: Corviknight
|-damage|p1a: Corviknight|54/100
|
|-heal|p1a: Corviknight|61/100|[from] item: Leftovers
|-heal|p2a: Garganacl|100/100 brn|[from] item: Leftovers
|-damage|p2a: Garganacl|94/100 brn|[from] brn
|-damage|p1a: Corviknight|36/100|[from] Salt Cure
|upkeep
|turn|10
|
|t:|1757961900
|-terastallize|p2a: Garganacl|Ghost
|move|p1a: Corviknight|Roost|p1a: Corviknight
|-heal|p1a: Corviknight|86/100
|-singleturn|p1a: Corviknight|move: Roost
|move|p2a: Garganacl|Curse|p1a: Corviknight
|-start|p1a: Corviknight|Curse|[of] p2a: Garganacl
|-damage|p2a: Garganacl|44/100 brn
|
|-heal|p1a: Corviknight|92/100|[from] item: Leftovers
|-heal|p2a: Garganacl|50/100 brn|[from] item: Leftovers
|-damage|p2a: Garganacl|44/100 brn|[from] brn
|-damage|p1a: Corviknight|67/100|[from] Curse
|-damage|p1a: Corviknight|42/100|[from] Salt Cure
|upkeep
|turn|11
|
|t:|1757961919
|switch|p1a: Dondozo|Dondozo, M|100/100
|-damage|p1a: Dondozo|88/100|[from] Spikes
|move|p2a: Garganacl|Recover|p2a: Garganacl
|-heal|p2a: Garganacl|94/100 brn
|
|-heal|p1a: Dondozo|94/100|[from] item: Leftovers
|-heal|p2a: Garganacl|100/100 brn|[from] item: Leftovers
|-damage|p2a: Garganacl|94/100 brn|[from] brn
|upkeep
|turn|12
|
|t:|1757961930
|switch|p1a: Gliscor|Gliscor, M|100/100
|move|p2a: Garganacl|Salt Cure|p1a: Gliscor
|-damage|p1a: Gliscor|93/100
|-start|p1a: Gliscor|Salt Cure
|
|-heal|p2a: Garganacl|100/100 brn|[from] item: Leftovers
|-damage|p2a: Garganacl|94/100 brn|[from] brn
|-damage|p1a: Gliscor|80/100|[from] Salt Cure
|-status|p1a: Gliscor|tox|[from] item: Toxic Orb
|upkeep
|turn|13
|
|t:|1757961943
|move|p1a: Gliscor|Knock Off|p2a: Garganacl
|-supereffective|p2a: Garganacl
|-damage|p2a: Garganacl|75/100 brn
|-enditem|p2a: Garganacl|Leftovers|[from] move: Knock Off|[of] p1a: Gliscor
|move|p2a: Garganacl|Curse|p1a: Gliscor
|-start|p1a: Gliscor|Curse|[of] p2a: Garganacl
|-damage|p2a: Garganacl|25/100 brn
|
|-heal|p1a: Gliscor|93/100 tox|[from] ability: Poison Heal
|-damage|p2a: Garganacl|19/100 brn|[from] brn
|-damage|p1a: Gliscor|68/100 tox|[from] Curse
|-damage|p1a: Gliscor|55/100 tox|[from] Salt Cure
|upkeep
|turn|14
|
|t:|1757961957
|move|p1a: Gliscor|Protect|p1a: Gliscor
|-singleturn|p1a: Gliscor|Protect
|move|p2a: Garganacl|Recover|p2a: Garganacl
|-heal|p2a: Garganacl|69/100 brn
|
|-heal|p1a: Gliscor|68/100 tox|[from] ability: Poison Heal
|-damage|p2a: Garganacl|63/100 brn|[from] brn
|-damage|p1a: Gliscor|43/100 tox|[from] Curse
|-damage|p1a: Gliscor|30/100 tox|[from] Salt Cure
|upkeep
|turn|15
|
|t:|1757961974
|switch|p1a: Blissey|Blissey, F|100/100
|-damage|p1a: Blissey|88/100|[from] Spikes
|move|p2a: Garganacl|Recover|p2a: Garganacl
|-heal|p2a: Garganacl|100/100 brn
|
|-heal|p1a: Blissey|94/100|[from] item: Leftovers
|-damage|p2a: Garganacl|94/100 brn|[from] brn
|upkeep
|turn|16
|inactive|LovingsBoringPupil has 120 seconds left.
|
|t:|1757961995
|switch|p2a: Great Tusk|Great Tusk|100/100
|-status|p2a: Great Tusk|psn
|move|p1a: Blissey|Stealth Rock|p2a: Great Tusk
|-sidestart|p2: Mikeflem12326171|move: Stealth Rock
|
|-heal|p1a: Blissey|100/100|[from] item: Leftovers
|-damage|p2a: Great Tusk|88/100 psn|[from] psn
|upkeep
|turn|17
|inactive|LovingsBoringPupil has 120 seconds left.
|
|t:|1757962021
|switch|p1a: Dondozo|Dondozo, M|94/100
|-damage|p1a: Dondozo|82/100|[from] Spikes
|move|p2a: Great Tusk|Rapid Spin|p1a: Dondozo
|-damage|p1a: Dondozo|75/100
|-boost|p2a: Great Tusk|spe|1
|-sideend|p2: Mikeflem12326171|Toxic Spikes|[from] move: Rapid Spin|[of] p2a: Great Tusk
|-sideend|p2: Mikeflem12326171|Stealth Rock|[from] move: Rapid Spin|[of] p2a: Great Tusk
|
|-heal|p2a: Great Tusk|94/100 psn|[from] item: Leftovers
|-heal|p1a: Dondozo|81/100|[from] item: Leftovers
|-damage|p2a: Great Tusk|82/100 psn|[from] psn
|upkeep
|turn|18
|
|t:|1757962034
|-end|p2a: Great Tusk|Protosynthesis|[silent]
|switch|p2a: Iron Valiant|Iron Valiant|100/100
|-enditem|p2a: Iron Valiant|Booster Energy
|-activate|p2a: Iron Valiant|ability: Quark Drive|[fromitem]
|-start|p2a: Iron Valiant|quarkdrivespe
|move|p1a: Dondozo|Avalanche|p2a: Iron Valiant
|-damage|p2a: Iron Valiant|83/100
|
|-heal|p1a: Dondozo|87/100|[from] item: Leftovers
|upkeep
|turn|19
|
|t:|1757962048
|move|p2a: Iron Valiant|Moonblast|p1a: Dondozo
|-damage|p1a: Dondozo|43/100
|move|p1a: Dondozo|Avalanche|p2a: Iron Valiant
|-damage|p2a: Iron Valiant|45/100
|
|-heal|p1a: Dondozo|49/100|[from] item: Leftovers
|upkeep
|turn|20
|
|t:|1757962059
|move|p2a: Iron Valiant|Thunderbolt|p1a: Dondozo
|-supereffective|p1a: Dondozo
|-damage|p1a: Dondozo|0 fnt
|faint|p1a: Dondozo
|
|upkeep
|
|t:|1757962068
|switch|p1a: Toxapex|Toxapex, M|90/100
|-damage|p1a: Toxapex|77/100|[from] Spikes
|turn|21
|
|t:|1757962074
|move|p2a: Iron Valiant|Thunderbolt|p1a: Toxapex
|-supereffective|p1a: Toxapex
|-damage|p1a: Toxapex|42/100
|-status|p1a: Toxapex|par
|cant|p1a: Toxapex|par
|
|-heal|p1a: Toxapex|48/100 par|[from] item: Leftovers
|upkeep
|turn|22
|
|t:|1757962085
|switch|p1a: Gliscor|Gliscor, M|30/100 tox
|move|p2a: Iron Valiant|Calm Mind|p2a: Iron Valiant
|-boost|p2a: Iron Valiant|spa|1
|-boost|p2a: Iron Valiant|spd|1
|
|-heal|p1a: Gliscor|43/100 tox|[from] ability: Poison Heal
|upkeep
|turn|23
|
|t:|1757962095
|move|p1a: Gliscor|Protect|p1a: Gliscor
|-singleturn|p1a: Gliscor|Protect
|move|p2a: Iron Valiant|Moonblast|p1a: Gliscor
|-activate|p1a: Gliscor|move: Protect
|
|-heal|p1a: Gliscor|55/100 tox|[from] ability: Poison Heal
|upkeep
|turn|24
|
|t:|1757962105
|switch|p1a: Blissey|Blissey, F|100/100
|-damage|p1a: Blissey|88/100|[from] Spikes
|move|p2a: Iron Valiant|Moonblast|p1a: Blissey
|-damage|p1a: Blissey|68/100
|
|-heal|p1a: Blissey|74/100|[from] item: Leftovers
|upkeep
|turn|25
|inactive|LovingsBoringPupil has 120 seconds left.
|
|t:|1757962116
|-end|p2a: Iron Valiant|Quark Drive|[silent]
|switch|p2a: Scizor|Scizor, F|100/100
|move|p1a: Blissey|Calm Mind|p1a: Blissey
|-boost|p1a: Blissey|spa|1
|-boost|p1a: Blissey|spd|1
|
|-heal|p1a: Blissey|81/100|[from] item: Leftovers
|upkeep
|turn|26
|inactive|LovingsBoringPupil has 120 seconds left.
|
|t:|1757962126
|switch|p1a: Corviknight|Corviknight, F|42/100
|-ability|p1a: Corviknight|Pressure
|move|p2a: Scizor|U-turn|p1a: Corviknight
|-resisted|p1a: Corviknight
|-damage|p1a: Corviknight|34/100
|
|t:|1757962130
|switch|p2a: Pelipper|Pelipper, M|100/100|[from] U-turn
|-weather|RainDance|[from] ability: Drizzle|[of] p2a: Pelipper
|
|-weather|RainDance|[upkeep]
|-heal|p1a: Corviknight|40/100|[from] item: Leftovers
|upkeep
|turn|27
|
|t:|1757962141
|move|p2a: Pelipper|Weather Ball|p1a: Corviknight
|-damage|p1a: Corviknight|0 fnt
|faint|p1a: Corviknight
|
|-weather|RainDance|[upkeep]
|upkeep
|inactive|LovingsBoringPupil has 120 seconds left.
|
|t:|1757962153
|switch|p1a: Weezing|Weezing-Galar, F|88/100
|-ability|p1a: Weezing|Neutralizing Gas
|turn|28
|
|t:|1757962159
|move|p2a: Pelipper|Weather Ball|p1a: Weezing
|-damage|p1a: Weezing|0 fnt
|faint|p1a: Weezing
|-end|p1a: Weezing|ability: Neutralizing Gas
|
|-weather|RainDance|[upkeep]
|upkeep
|-message|LovingsBoringPupil forfeited.
|
|win|Mikeflem12326171
|raw|LovingsBoringPupil's rating: 1169 &rarr; <strong>1148</strong><br />(-21 for losing)
|raw|Mikeflem12326171's rating: 1222 &rarr; <strong>1243</strong><br />(+21 for winning)
|l|☆LovingsBoringPupil
|player|p1|
