|j|☆Chuck2025
|j|☆aaron200589
|t:|1757833723
|gametype|singles
|player|p1|Chuck2025|dawn|1218
|player|p2|aaron200589|giovanni|1291
|gen|9
|tier|[Gen 9] OU
|rated|
|rule|HP Percentage Mod: HP is shown in percentages
|rule|Endless Battle Clause: Forcing endless battles is banned
|rule|Species Clause: Limit one of each Pokémon
|rule|OHKO Clause: OHKO moves are banned
|rule|Evasion Items Clause: Evasion items are banned
|rule|Evasion Moves Clause: Evasion moves are banned
|rule|Evasion Abilities Clause: Evasion abilities are banned
|rule|Sleep Moves Clause: Sleep-inducing moves are banned
|clearpoke
|poke|p1|Dragonite, M|
|poke|p1|Swampert, F|
|poke|p1|Snorlax, M|
|poke|p1|Iron Hands|
|poke|p1|Zamazenta-*|
|poke|p1|Zapdos|
|poke|p2|Cinderace, M|
|poke|p2|Darkrai|
|poke|p2|Kyurem|
|poke|p2|Cetitan, F|
|poke|p2|Slowking-Galar, F|
|poke|p2|Great Tusk|
|teampreview
|inactive|Battle timer is ON: inactive players will automatically lose when time's up. (requested by Chuck2025)
|
|t:|1757833744
|teamsize|p1|6
|teamsize|p2|6
|start
|switch|p1a: Snorlax|Snorlax, M, shiny|100/100
|switch|p2a: Slowking|Slowking-Galar, F|100/100
|turn|1
|
|t:|1757833762
|move|p2a: Slowking|Future Sight|p1a: Snorlax
|-start|p2a: Slowking|move: Future Sight
|move|p1a: Snorlax|Earthquake|p2a: Slowking
|-supereffective|p2a: Slowking
|-damage|p2a: Slowking|49/100
|
|upkeep
|turn|2
|
|t:|1757833768
|switch|p2a: Great Tusk|Great Tusk|100/100
|move|p1a: Snorlax|Earthquake|p2a: Great Tusk
|-damage|p2a: Great Tusk|86/100
|
|upkeep
|turn|3
|inactive|Chuck2025 has 120 seconds left.
|
|t:|1757833812
|switch|p1a: Swampert|Swampert, F|100/100
|move|p2a: Great Tusk|Stealth Rock|p1a: Swampert
|-sidestart|p1: Chuck2025|move: Stealth Rock
|
|-end|p1a: Swampert|move: Future Sight
|-damage|p1a: Swampert|56/100
|upkeep
|turn|4
|
|t:|1757833822
|move|p2a: Great Tusk|Headlong Rush|p1a: Swampert
|-damage|p1a: Swampert|6/100
|-unboost|p2a: Great Tusk|def|1
|-unboost|p2a: Great Tusk|spd|1
|move|p1a: Swampert|Hydro Pump|p2a: Great Tusk|[miss]
|-miss|p1a: Swampert|p2a: Great Tusk
|
|upkeep
|turn|5
|inactive|Chuck2025 has 120 seconds left.
|
|t:|1757833830
|move|p2a: Great Tusk|Knock Off|p1a: Swampert
|-damage|p1a: Swampert|0 fnt
|-enditem|p1a: Swampert|Heavy-Duty Boots|[from] move: Knock Off|[of] p2a: Great Tusk
|faint|p1a: Swampert
|
|upkeep
|inactive|Chuck2025 has 120 seconds left.
|
|t:|1757833838
|switch|p1a: Dragonite|Dragonite, M|100/100
|turn|6
|
|t:|1757833853
|-end|p2a: Great Tusk|Protosynthesis|[silent]
|switch|p2a: Slowking|Slowking-Galar, F|82/100
|-terastallize|p1a: Dragonite|Fairy
|move|p1a: Dragonite|Earthquake|p2a: Slowking
|-supereffective|p2a: Slowking
|-damage|p2a: Slowking|1/100
|
|upkeep
|turn|7
|
|t:|1757833865
|switch|p2a: Great Tusk|Great Tusk|86/100
|move|p1a: Dragonite|Extreme Speed|p2a: Great Tusk
|-crit|p2a: Great Tusk
|-damage|p2a: Great Tusk|56/100
|
|upkeep
|turn|8
|
|t:|1757833872
|move|p2a: Great Tusk|Knock Off|p1a: Dragonite
|-resisted|p1a: Dragonite
|-damage|p1a: Dragonite|93/100
|-enditem|p1a: Dragonite|Heavy-Duty Boots|[from] move: Knock Off|[of] p2a: Great Tusk
|move|p1a: Dragonite|Earthquake|p2a: Great Tusk
|-damage|p2a: Great Tusk|30/100
|
|upkeep
|turn|9
|
|t:|1757833882
|move|p2a: Great Tusk|Headlong Rush|p1a: Dragonite
|-damage|p1a: Dragonite|37/100
|-unboost|p2a: Great Tusk|def|1
|-unboost|p2a: Great Tusk|spd|1
|move|p1a: Dragonite|Ice Beam|p2a: Great Tusk
|-supereffective|p2a: Great Tusk
|-damage|p2a: Great Tusk|0 fnt
|faint|p2a: Great Tusk
|-end|p2a: Great Tusk|Protosynthesis|[silent]
|
|upkeep
|
|t:|1757833896
|switch|p2a: Cinderace|Cinderace, M|100/100
|turn|10
|
|t:|1757833900
|move|p1a: Dragonite|Extreme Speed|p2a: Cinderace
|-damage|p2a: Cinderace|58/100
|move|p2a: Cinderace|Pyro Ball|p1a: Dragonite
|-damage|p1a: Dragonite|0 fnt
|faint|p1a: Dragonite
|
|upkeep
|
|t:|1757833910
|switch|p1a: Snorlax|Snorlax, M, shiny|100/100
|-damage|p1a: Snorlax|88/100|[from] Stealth Rock
|turn|11
|
|t:|1757833919
|move|p2a: Cinderace|U-turn|p1a: Snorlax
|-start|p2a: Cinderace|typechange|Bug|[from] ability: Libero
|-damage|p1a: Snorlax|58/100
|-damage|p2a: Cinderace|41/100|[from] item: Rocky Helmet|[of] p1a: Snorlax
|
|t:|1757833924
|switch|p2a: Darkrai|Darkrai|100/100|[from] U-turn
|move|p1a: Snorlax|Earthquake|p2a: Darkrai
|-damage|p2a: Darkrai|65/100
|
|upkeep
|turn|12
|
|t:|1757833936
|move|p2a: Darkrai|Psyshock|p1a: Snorlax
|-damage|p1a: Snorlax|28/100
|move|p1a: Snorlax|Flamethrower|p2a: Darkrai
|-damage|p2a: Darkrai|37/100
|
|upkeep
|turn|13
|
|t:|1757833948
|switch|p2a: Slowking|Slowking-Galar, F|35/100
|move|p1a: Snorlax|Ice Beam|p2a: Slowking
|-damage|p2a: Slowking|22/100
|
|upkeep
|turn|14
|
|t:|1757833954
|switch|p2a: Darkrai|Darkrai|37/100
|move|p1a: Snorlax|Earthquake|p2a: Darkrai
|-damage|p2a: Darkrai|4/100
|
|upkeep
|turn|15
|
|t:|1757833962
|move|p2a: Darkrai|Dark Pulse|p1a: Snorlax
|-damage|p1a: Snorlax|2/100
|cant|p1a: Snorlax|flinch
|
|upkeep
|turn|16
|
|t:|1757833968
|move|p2a: Darkrai|Dark Pulse|p1a: Snorlax
|-damage|p1a: Snorlax|0 fnt
|faint|p1a: Snorlax
|
|upkeep
|
|t:|1757833976
|switch|p1a: Zapdos|Zapdos|100/100
|turn|17
|
|t:|1757833984
|switch|p2a: Slowking|Slowking-Galar, F|56/100
|move|p1a: Zapdos|Drill Peck|p2a: Slowking
|-damage|p2a: Slowking|25/100
|
|upkeep
|turn|18
|
|t:|1757833992
|switch|p2a: Cinderace|Cinderace, M|41/100
|move|p1a: Zapdos|Drill Peck|p2a: Cinderace
|-damage|p2a: Cinderace|5/100
|
|upkeep
|turn|19
|
|t:|1757833999
|move|p2a: Cinderace|Pyro Ball|p1a: Zapdos
|-damage|p1a: Zapdos|33/100
|move|p1a: Zapdos|Drill Peck|p2a: Cinderace
|-damage|p2a: Cinderace|0 fnt
|faint|p2a: Cinderace
|
|upkeep
|
|t:|1757834006
|switch|p2a: Slowking|Slowking-Galar, F|58/100
|turn|20
|
|t:|1757834010
|move|p1a: Zapdos|Roost|p1a: Zapdos
|-heal|p1a: Zapdos|83/100
|-singleturn|p1a: Zapdos|move: Roost
|-prepare|p2a: Slowking|Chilly Reception|[premajor]
|move|p2a: Slowking|Chilly Reception|p2a: Slowking
|-weather|Snowscape
|
|t:|1757834016
|switch|p2a: Cetitan|Cetitan, F, shiny|100/100|[from] Chilly Reception
|
|-weather|Snowscape|[upkeep]
|upkeep
|turn|21
|
|t:|1757834023
|move|p2a: Cetitan|Belly Drum|p2a: Cetitan
|-damage|p2a: Cetitan|50/100
|-setboost|p2a: Cetitan|atk|6|[from] move: Belly Drum
|-enditem|p2a: Cetitan|Sitrus Berry|[eat]
|-heal|p2a: Cetitan|75/100|[from] item: Sitrus Berry
|move|p1a: Zapdos|Volt Switch|p2a: Cetitan
|-damage|p2a: Cetitan|32/100
|
|t:|1757834032
|switch|p1a: Zamazenta|Zamazenta|100/100|[from] Volt Switch
|-damage|p1a: Zamazenta|94/100|[from] Stealth Rock
|-ability|p1a: Zamazenta|Dauntless Shield|boost
|-boost|p1a: Zamazenta|def|1
|
|-weather|Snowscape|[upkeep]
|upkeep
|turn|22
|
|t:|1757834041
|-terastallize|p2a: Cetitan|Ice
|move|p2a: Cetitan|Ice Spinner|p1a: Zamazenta
|-damage|p1a: Zamazenta|0 fnt
|faint|p1a: Zamazenta
|
|-weather|Snowscape|[upkeep]
|upkeep
|
|t:|1757834053
|switch|p1a: Iron Hands|Iron Hands, shiny|100/100
|-damage|p1a: Iron Hands|94/100|[from] Stealth Rock
|turn|23
|
|t:|1757834058
|move|p2a: Cetitan|Earthquake|p1a: Iron Hands
|-supereffective|p1a: Iron Hands
|-damage|p1a: Iron Hands|0 fnt
|faint|p1a: Iron Hands
|-end|p1a: Iron Hands|Quark Drive|[silent]
|
|-weather|Snowscape|[upkeep]
|upkeep
|
|t:|1757834064
|switch|p1a: Zapdos|Zapdos|83/100
|turn|24
|
|t:|1757834069
|move|p2a: Cetitan|Ice Spinner|p1a: Zapdos
|-supereffective|p1a: Zapdos
|-damage|p1a: Zapdos|0 fnt
|faint|p1a: Zapdos
|
|win|aaron200589
|raw|Chuck2025's rating: 1218 &rarr; <strong>1198</strong><br />(-20 for losing)
|raw|aaron200589's rating: 1291 &rarr; <strong>1311</strong><br />(+20 for winning)
|l|☆aaron200589
|player|p2|
|l|☆Chuck2025
|player|p1|
