|j|☆hexagram 69
|j|☆Micahblast115
|t:|1757863544
|gametype|singles
|player|p1|hexagram 69|102|1406
|player|p2|Micahblast115|cyclist-gen4|1431
|gen|9
|tier|[Gen 9] OU
|rated|
|rule|HP Percentage Mod: HP is shown in percentages
|rule|Endless Battle Clause: Forcing endless battles is banned
|rule|Species Clause: Limit one of each Pokémon
|rule|OHKO Clause: OHKO moves are banned
|rule|Evasion Items Clause: Evasion items are banned
|rule|Evasion Moves Clause: Evasion moves are banned
|rule|Evasion Abilities Clause: Evasion abilities are banned
|rule|Sleep Moves Clause: Sleep-inducing moves are banned
|clearpoke
|poke|p1|Pincurchin, F|
|poke|p1|Iron Boulder|
|poke|p1|Tinkaton, F|
|poke|p1|Iron Jugulis|
|poke|p1|Gholdengo|
|poke|p1|Volcanion|
|poke|p2|Cinderace, F|
|poke|p2|Corviknight, M|
|poke|p2|Raging Bolt|
|poke|p2|Dragonite, F|
|poke|p2|Samurott-Hisui, M|
|poke|p2|Serperior, F|
|teampreview
|inactive|Battle timer is ON: inactive players will automatically lose when time's up. (requested by Micahblast115)
|
|t:|1757863566
|teamsize|p1|6
|teamsize|p2|6
|start
|switch|p1a: Pincurchin|Pincurchin, F|100/100
|switch|p2a: Cinderace|Cinderace, F|100/100
|-fieldstart|move: Electric Terrain|[from] ability: Electric Surge|[of] p1a: Pincurchin
|turn|1
|
|t:|1757863577
|move|p2a: Cinderace|U-turn|p1a: Pincurchin
|-start|p2a: Cinderace|typechange|Bug|[from] ability: Libero
|-damage|p1a: Pincurchin|53/100
|
|t:|1757863580
|switch|p2a: Serperior|Serperior, F|100/100|[from] U-turn
|move|p1a: Pincurchin|Scald|p2a: Serperior
|-resisted|p2a: Serperior
|-damage|p2a: Serperior|91/100
|
|upkeep
|turn|2
|
|t:|1757863590
|switch|p1a: Iron Jugulis|Iron Jugulis, shiny|100/100
|-activate|p1a: Iron Jugulis|ability: Quark Drive
|-start|p1a: Iron Jugulis|quarkdrivespa
|move|p2a: Serperior|Leaf Storm|p1a: Iron Jugulis
|-resisted|p1a: Iron Jugulis
|-damage|p1a: Iron Jugulis|73/100
|-boost|p2a: Serperior|spa|2
|
|upkeep
|turn|3
|
|t:|1757863609
|move|p2a: Serperior|Glare|p1a: Iron Jugulis
|-status|p1a: Iron Jugulis|par
|cant|p1a: Iron Jugulis|par
|
|upkeep
|turn|4
|
|t:|1757863621
|move|p2a: Serperior|Leaf Storm|p1a: Iron Jugulis
|-resisted|p1a: Iron Jugulis
|-damage|p1a: Iron Jugulis|16/100 par
|-boost|p2a: Serperior|spa|2
|move|p1a: Iron Jugulis|Hurricane|p2a: Serperior|[miss]
|-miss|p1a: Iron Jugulis|p2a: Serperior
|
|upkeep
|turn|5
|
|t:|1757863628
|move|p2a: Serperior|Leaf Storm|p1a: Iron Jugulis
|-resisted|p1a: Iron Jugulis
|-damage|p1a: Iron Jugulis|0 fnt
|-boost|p2a: Serperior|spa|2
|faint|p1a: Iron Jugulis
|-end|p1a: Iron Jugulis|Quark Drive|[silent]
|
|upkeep
|
|t:|1757863633
|switch|p1a: Iron Boulder|Iron Boulder|100/100
|-activate|p1a: Iron Boulder|ability: Quark Drive
|-start|p1a: Iron Boulder|quarkdrivespe
|turn|6
|
|t:|1757863641
|-terastallize|p1a: Iron Boulder|Rock
|move|p1a: Iron Boulder|Mighty Cleave|p2a: Serperior
|-damage|p2a: Serperior|0 fnt
|faint|p2a: Serperior
|
|upkeep
|
|t:|1757863648
|switch|p2a: Corviknight|Corviknight, M, shiny|100/100
|turn|7
|
|t:|1757863654
|-end|p1a: Iron Boulder|Quark Drive|[silent]
|switch|p1a: Volcanion|Volcanion|100/100
|move|p2a: Corviknight|Roost||[still]
|-fail|p2a: Corviknight|heal
|
|upkeep
|turn|8
|
|t:|1757863669
|switch|p2a: Samurott|Samurott-Hisui, M, shiny|100/100
|move|p1a: Volcanion|Steam Eruption|p2a: Samurott
|-resisted|p2a: Samurott
|-damage|p2a: Samurott|57/100
|
|-fieldend|move: Electric Terrain
|upkeep
|turn|9
|
|t:|1757863680
|switch|p1a: Pincurchin|Pincurchin, F|53/100
|-fieldstart|move: Electric Terrain|[from] ability: Electric Surge|[of] p1a: Pincurchin
|move|p2a: Samurott|Sacred Sword|p1a: Pincurchin
|-damage|p1a: Pincurchin|13/100
|
|upkeep
|turn|10
|
|t:|1757863694
|move|p2a: Samurott|Sacred Sword|p1a: Pincurchin
|-damage|p1a: Pincurchin|0 fnt
|faint|p1a: Pincurchin
|
|upkeep
|
|t:|1757863699
|switch|p1a: Iron Boulder|Iron Boulder, tera:Rock|100/100
|-activate|p1a: Iron Boulder|ability: Quark Drive
|-start|p1a: Iron Boulder|quarkdrivespe
|turn|11
|
|t:|1757863706
|switch|p2a: Corviknight|Corviknight, M, shiny|100/100
|move|p1a: Iron Boulder|Mighty Cleave|p2a: Corviknight
|-damage|p2a: Corviknight|43/100
|-damage|p1a: Iron Boulder|84/100|[from] item: Rocky Helmet|[of] p2a: Corviknight
|
|upkeep
|turn|12
|
|t:|1757863712
|move|p1a: Iron Boulder|Mighty Cleave|p2a: Corviknight
|-damage|p2a: Corviknight|0 fnt
|-damage|p1a: Iron Boulder|67/100|[from] item: Rocky Helmet|[of] p2a: Corviknight
|faint|p2a: Corviknight
|
|upkeep
|
|t:|1757863722
|switch|p2a: Raging Bolt|Raging Bolt|100/100
|-enditem|p2a: Raging Bolt|Booster Energy
|-activate|p2a: Raging Bolt|ability: Protosynthesis|[fromitem]
|-start|p2a: Raging Bolt|protosynthesisspa
|turn|13
|
|t:|1757863732
|move|p2a: Raging Bolt|Thunderclap|p1a: Iron Boulder
|-damage|p1a: Iron Boulder|3/100
|move|p1a: Iron Boulder|Mighty Cleave|p2a: Raging Bolt
|-damage|p2a: Raging Bolt|28/100
|
|upkeep
|turn|14
|
|t:|1757863741
|move|p2a: Raging Bolt|Thunderclap|p1a: Iron Boulder
|-damage|p1a: Iron Boulder|0 fnt
|faint|p1a: Iron Boulder
|-end|p1a: Iron Boulder|Quark Drive|[silent]
|
|upkeep
|
|t:|1757863745
|switch|p1a: Tinkaton|Tinkaton, F|100/100
|-ability|p1a: Tinkaton|Mold Breaker
|-item|p1a: Tinkaton|Air Balloon
|turn|15
|
|t:|1757863759
|-terastallize|p2a: Raging Bolt|Fairy
|move|p1a: Tinkaton|Stealth Rock|p2a: Raging Bolt
|-sidestart|p2: Micahblast115|move: Stealth Rock
|move|p2a: Raging Bolt|Thunderbolt|p1a: Tinkaton
|-damage|p1a: Tinkaton|22/100
|-enditem|p1a: Tinkaton|Air Balloon
|
|upkeep
|turn|16
|
|t:|1757863767
|move|p2a: Raging Bolt|Thunderclap||[still]
|-fail|p2a: Raging Bolt
|move|p1a: Tinkaton|Thunder Wave|p2a: Raging Bolt
|-status|p2a: Raging Bolt|par
|
|-fieldend|move: Electric Terrain
|upkeep
|turn|17
|
|t:|1757863772
|cant|p2a: Raging Bolt|par
|move|p1a: Tinkaton|Ice Hammer|p2a: Raging Bolt
|-damage|p2a: Raging Bolt|13/100 par
|-unboost|p1a: Tinkaton|spe|1
|
|upkeep
|turn|18
|
|t:|1757863783
|cant|p2a: Raging Bolt|par
|move|p1a: Tinkaton|Gigaton Hammer|p2a: Raging Bolt
|-supereffective|p2a: Raging Bolt
|-damage|p2a: Raging Bolt|0 fnt
|faint|p2a: Raging Bolt
|-end|p2a: Raging Bolt|Protosynthesis|[silent]
|
|upkeep
|c|☆hexagram 69|Sry
|
|t:|1757863801
|switch|p2a: Samurott|Samurott-Hisui, M, shiny|57/100
|-damage|p2a: Samurott|45/100|[from] Stealth Rock
|turn|19
|
|t:|1757863805
|move|p2a: Samurott|Ceaseless Edge|p1a: Tinkaton
|-resisted|p1a: Tinkaton
|-damage|p1a: Tinkaton|0 fnt
|-sidestart|p1: hexagram 69|Spikes
|faint|p1a: Tinkaton
|
|upkeep
|
|t:|1757863818
|switch|p1a: Gholdengo|Gholdengo|100/100
|-damage|p1a: Gholdengo|88/100|[from] Spikes
|turn|20
|
|t:|1757863824
|move|p2a: Samurott|Ceaseless Edge|p1a: Gholdengo
|-supereffective|p1a: Gholdengo
|-damage|p1a: Gholdengo|0 fnt
|-sidestart|p1: hexagram 69|Spikes
|faint|p1a: Gholdengo
|
|upkeep
|-message|hexagram 69 forfeited.
|
|win|Micahblast115
|raw|hexagram 69's rating: 1406 &rarr; <strong>1388</strong><br />(-18 for losing)
|raw|Micahblast115's rating: 1449 &rarr; <strong>1467</strong><br />(+18 for winning)
|l|☆hexagram 69
|player|p1|
|l|☆Micahblast115
|player|p2|
