|j|☆mathismathin
|j|☆walkingwini22
|t:|1757899542
|gametype|singles
|player|p1|mathismathin|hilbert|1587
|player|p2|walkingwini22|ghetsis|1523
|gen|9
|tier|[Gen 9] OU
|rated|
|rule|HP Percentage Mod: HP is shown in percentages
|rule|Endless Battle Clause: Forcing endless battles is banned
|rule|Species Clause: Limit one of each Pokémon
|rule|OHKO Clause: OHKO moves are banned
|rule|Evasion Items Clause: Evasion items are banned
|rule|Evasion Moves Clause: Evasion moves are banned
|rule|Evasion Abilities Clause: Evasion abilities are banned
|rule|Sleep Moves Clause: Sleep-inducing moves are banned
|clearpoke
|poke|p1|Heatran, M|
|poke|p1|Zapdos|
|poke|p1|Primarina, F|
|poke|p1|Toxtricity, M|
|poke|p1|Yanmega, M|
|poke|p1|Iron Crown|
|poke|p2|Hoopa-Unbound|
|poke|p2|Slowking-Galar, F|
|poke|p2|Alomomola, F|
|poke|p2|Zamazenta-*|
|poke|p2|Great Tusk|
|poke|p2|Kingambit, F|
|teampreview
|
|t:|1757899576
|teamsize|p1|6
|teamsize|p2|6
|start
|switch|p1a: Yanmega|Yanmega, M|100/100
|switch|p2a: Hoopa|Hoopa-Unbound|100/100
|turn|1
|
|t:|1757899583
|switch|p2a: Slowking|Slowking-Galar, F|100/100
|move|p1a: Yanmega|Bug Buzz|p2a: Slowking
|-damage|p2a: Slowking|72/100
|-enditem|p1a: Yanmega|Throat Spray
|-boost|p1a: Yanmega|spa|1|[from] item: Throat Spray
|
|-ability|p1a: Yanmega|Speed Boost|boost
|-boost|p1a: Yanmega|spe|1
|upkeep
|turn|2
|
|t:|1757899598
|move|p1a: Yanmega|Bug Buzz|p2a: Slowking
|-damage|p2a: Slowking|33/100
|move|p2a: Slowking|Sludge Bomb|p1a: Yanmega
|-damage|p1a: Yanmega|40/100
|
|-ability|p1a: Yanmega|Speed Boost|boost
|-boost|p1a: Yanmega|spe|1
|upkeep
|turn|3
|
|t:|1757899618
|switch|p2a: Alomomola|Alomomola, F|100/100
|move|p1a: Yanmega|Bug Buzz|p2a: Alomomola
|-damage|p2a: Alomomola|32/100
|
|-ability|p1a: Yanmega|Speed Boost|boost
|-boost|p1a: Yanmega|spe|1
|upkeep
|turn|4
|
|t:|1757899649
|move|p1a: Yanmega|Bug Buzz|p2a: Alomomola
|-damage|p2a: Alomomola|0 fnt
|faint|p2a: Alomomola
|
|-ability|p1a: Yanmega|Speed Boost|boost
|-boost|p1a: Yanmega|spe|1
|upkeep
|
|t:|1757899655
|switch|p2a: Slowking|Slowking-Galar, F|66/100
|turn|5
|
|t:|1757899668
|move|p1a: Yanmega|Bug Buzz|p2a: Slowking
|-damage|p2a: Slowking|27/100
|-unboost|p2a: Slowking|spd|1
|move|p2a: Slowking|Sludge Bomb|p1a: Yanmega
|-damage|p1a: Yanmega|0 fnt
|faint|p1a: Yanmega
|
|upkeep
|
|t:|1757899671
|switch|p1a: Primarina|Primarina, F|100/100
|turn|6
|
|t:|1757899677
|switch|p2a: Hoopa|Hoopa-Unbound|100/100
|move|p1a: Primarina|Psychic Noise|p2a: Hoopa
|-damage|p2a: Hoopa|61/100
|-start|p2a: Hoopa|move: Heal Block
|-enditem|p1a: Primarina|Throat Spray
|-boost|p1a: Primarina|spa|1|[from] item: Throat Spray
|
|upkeep
|turn|7
|
|t:|1757899708
|move|p2a: Hoopa|Zen Headbutt|p1a: Primarina
|-damage|p1a: Primarina|0 fnt
|faint|p1a: Primarina
|
|-end|p2a: Hoopa|move: Heal Block
|upkeep
|
|t:|1757899712
|switch|p1a: Iron Crown|Iron Crown|100/100
|turn|8
|
|t:|1757899719
|switch|p2a: Slowking|Slowking-Galar, F|60/100
|move|p1a: Iron Crown|Agility|p1a: Iron Crown
|-boost|p1a: Iron Crown|spe|2
|
|upkeep
|turn|9
|
|t:|1757899724
|move|p1a: Iron Crown|Psychic Noise|p2a: Slowking
|-damage|p2a: Slowking|38/100
|-start|p2a: Slowking|move: Heal Block
|-enditem|p1a: Iron Crown|Throat Spray
|-boost|p1a: Iron Crown|spa|1|[from] item: Throat Spray
|-prepare|p2a: Slowking|Chilly Reception|[premajor]
|move|p2a: Slowking|Chilly Reception|p2a: Slowking
|-weather|Snowscape
|
|t:|1757899748
|switch|p2a: Kingambit|Kingambit, F|100/100|[from] Chilly Reception
|-activate|p2a: Kingambit|ability: Supreme Overlord
|-start|p2a: Kingambit|fallen1|[silent]
|
|-weather|Snowscape|[upkeep]
|upkeep
|turn|10
|
|t:|1757899755
|-terastallize|p1a: Iron Crown|Steel
|-terastallize|p2a: Kingambit|Fire
|move|p1a: Iron Crown|Focus Blast|p2a: Kingambit|[miss]
|-miss|p1a: Iron Crown|p2a: Kingambit
|move|p2a: Kingambit|Kowtow Cleave|p1a: Iron Crown
|-damage|p1a: Iron Crown|40/100
|
|-weather|Snowscape|[upkeep]
|upkeep
|turn|11
|
|t:|1757899808
|move|p2a: Kingambit|Sucker Punch|p1a: Iron Crown
|-damage|p1a: Iron Crown|0 fnt
|faint|p1a: Iron Crown
|-end|p1a: Iron Crown|Quark Drive|[silent]
|
|-weather|Snowscape|[upkeep]
|upkeep
|
|t:|1757899824
|switch|p1a: Heatran|Heatran, M|100/100
|turn|12
|
|t:|1757899839
|-end|p2a: Kingambit|fallen1|[silent]
|switch|p2a: Slowking|Slowking-Galar, F|71/100
|move|p1a: Heatran|Earth Power|p2a: Slowking
|-supereffective|p2a: Slowking
|-damage|p2a: Slowking|27/100
|
|-weather|Snowscape|[upkeep]
|upkeep
|turn|13
|
|t:|1757899859
|move|p1a: Heatran|Fire Blast|p2a: Slowking
|-damage|p2a: Slowking|0 fnt
|faint|p2a: Slowking
|
|-weather|none
|upkeep
|inactive|Battle timer is ON: inactive players will automatically lose when time's up. (requested by mathismathin)
|
|t:|1757899888
|switch|p2a: Hoopa|Hoopa-Unbound|61/100
|turn|14
|
|t:|1757899896
|move|p2a: Hoopa|Hyperspace Fury|p1a: Heatran
|-crit|p1a: Heatran
|-damage|p1a: Heatran|0 fnt
|-unboost|p2a: Hoopa|def|1
|faint|p1a: Heatran
|
|upkeep
|
|t:|1757899900
|switch|p1a: Zapdos|Zapdos|100/100
|-ability|p1a: Zapdos|Pressure
|turn|15
|
|t:|1757899914
|move|p1a: Zapdos|Hurricane|p2a: Hoopa
|-damage|p2a: Hoopa|15/100
|move|p2a: Hoopa|Hyperspace Fury|p1a: Zapdos
|-damage|p1a: Zapdos|0 fnt
|-unboost|p2a: Hoopa|def|1
|faint|p1a: Zapdos
|
|upkeep
|
|t:|1757899938
|switch|p1a: Toxtricity|Toxtricity, M|100/100
|turn|16
|
|t:|1757899941
|move|p2a: Hoopa|Hyperspace Fury|p1a: Toxtricity
|-damage|p1a: Toxtricity|0 fnt
|-unboost|p2a: Hoopa|def|1
|faint|p1a: Toxtricity
|
|win|walkingwini22
|raw|mathismathin's rating: 1549 &rarr; <strong>1528</strong><br />(-21 for losing)
|raw|walkingwini22's rating: 1523 &rarr; <strong>1544</strong><br />(+21 for winning)
|l|☆mathismathin
|player|p1|
|l|☆walkingwini22
|player|p2|
