|j|☆mesnaj
|j|☆StellarSW
|t:|1757955738
|gametype|singles
|player|p1|mesnaj|shadowtriad|1186
|player|p2|StellarSW|wattson|1237
|gen|9
|tier|[Gen 9] OU
|rated|
|rule|HP Percentage Mod: HP is shown in percentages
|rule|Endless Battle Clause: Forcing endless battles is banned
|rule|Species Clause: Limit one of each Pokémon
|rule|OHKO Clause: OHKO moves are banned
|rule|Evasion Items Clause: Evasion items are banned
|rule|Evasion Moves Clause: Evasion moves are banned
|rule|Evasion Abilities Clause: Evasion abilities are banned
|rule|Sleep Moves Clause: Sleep-inducing moves are banned
|clearpoke
|poke|p1|Bisharp, M|
|poke|p1|Gholdengo|
|poke|p1|Glimmora, M|
|poke|p1|Lurantis, F|
|poke|p1|Drifblim, M|
|poke|p1|Dragalge, M|
|poke|p2|Raging Bolt|
|poke|p2|Ogerpon-Wellspring, F|
|poke|p2|Landorus-Therian, M|
|poke|p2|Scizor, M|
|poke|p2|Clefable, F|
|poke|p2|Slowking-Galar, F|
|teampreview
|inactive|Battle timer is ON: inactive players will automatically lose when time's up. (requested by mesnaj)
|
|t:|1757955784
|teamsize|p1|6
|teamsize|p2|6
|start
|switch|p1a: Rakia|Glimmora, M, shiny|100/100
|switch|p2a: Landorus|Landorus-Therian, M|100/100
|-ability|p2a: Landorus|Intimidate|boost
|-unboost|p1a: Rakia|atk|1
|turn|1
|
|t:|1757955802
|move|p2a: Landorus|U-turn|p1a: Rakia
|-resisted|p1a: Rakia
|-crit|p1a: Rakia
|-damage|p1a: Rakia|69/100
|-activate|p1a: Rakia|ability: Toxic Debris
|-sidestart|p2: StellarSW|move: Toxic Spikes
|
|t:|1757955806
|switch|p2a: Slowking|Slowking-Galar, F|100/100|[from] U-turn
|-sideend|p2: StellarSW|move: Toxic Spikes|[of] p2a: Slowking
|move|p1a: Rakia|Stealth Rock|p2a: Slowking
|-sidestart|p2: StellarSW|move: Stealth Rock
|
|upkeep
|turn|2
|
|t:|1757955817
|move|p1a: Rakia|Spikes|p2a: Slowking
|-sidestart|p2: StellarSW|Spikes
|move|p2a: Slowking|Future Sight|p1a: Rakia
|-start|p2a: Slowking|move: Future Sight
|
|upkeep
|turn|3
|
|t:|1757955822
|switch|p2a: Scizor|Scizor, M|100/100
|-damage|p2a: Scizor|88/100|[from] Stealth Rock
|-damage|p2a: Scizor|76/100|[from] Spikes
|move|p1a: Rakia|Spikes|p2a: Scizor
|-sidestart|p2: StellarSW|Spikes
|
|upkeep
|turn|4
|
|t:|1757955827
|move|p1a: Rakia|Spiky Shield|p1a: Rakia
|-singleturn|p1a: Rakia|move: Protect
|move|p2a: Scizor|Defog|p1a: Rakia
|-activate|p1a: Rakia|move: Protect
|
|-end|p1a: Rakia|move: Future Sight
|-supereffective|p1a: Rakia
|-damage|p1a: Rakia|0 fnt
|faint|p1a: Rakia
|upkeep
|
|t:|1757955838
|switch|p1a: Hyper-Muteki|Gholdengo|100/100
|turn|5
|
|t:|1757955843
|move|p1a: Hyper-Muteki|Shadow Ball|p2a: Scizor
|-damage|p2a: Scizor|25/100
|-unboost|p2a: Scizor|spd|1
|-enditem|p2a: Scizor|Sitrus Berry|[eat]
|-heal|p2a: Scizor|50/100|[from] item: Sitrus Berry
|move|p2a: Scizor|Knock Off|p1a: Hyper-Muteki
|-supereffective|p1a: Hyper-Muteki
|-damage|p1a: Hyper-Muteki|14/100
|-enditem|p1a: Hyper-Muteki|Choice Scarf|[from] move: Knock Off|[of] p2a: Scizor
|
|upkeep
|turn|6
|inactive|mesnaj has 120 seconds left.
|
|t:|1757955873
|move|p2a: Scizor|Bullet Punch|p1a: Hyper-Muteki
|-resisted|p1a: Hyper-Muteki
|-damage|p1a: Hyper-Muteki|0 fnt
|faint|p1a: Hyper-Muteki
|
|upkeep
|inactive|mesnaj has 120 seconds left.
|
|t:|1757955881
|switch|p1a: Sugh-za-Deva|Lurantis, F|100/100
|turn|7
|
|t:|1757955885
|move|p2a: Scizor|Defog|p1a: Sugh-za-Deva
|-boost|p1a: Sugh-za-Deva|evasion|1
|-sideend|p2: StellarSW|Spikes|[from] move: Defog|[of] p2a: Scizor
|-sideend|p2: StellarSW|Stealth Rock|[from] move: Defog|[of] p2a: Scizor
|move|p1a: Sugh-za-Deva|Superpower|p2a: Scizor
|-damage|p2a: Scizor|14/100
|-boost|p1a: Sugh-za-Deva|atk|1
|-boost|p1a: Sugh-za-Deva|def|1
|
|upkeep
|turn|8
|inactive|mesnaj has 120 seconds left.
|
|t:|1757955930
|move|p2a: Scizor|U-turn|p1a: Sugh-za-Deva|[miss]
|-miss|p2a: Scizor|p1a: Sugh-za-Deva
|move|p1a: Sugh-za-Deva|Superpower|p2a: Scizor
|-damage|p2a: Scizor|0 fnt
|-boost|p1a: Sugh-za-Deva|atk|1
|-boost|p1a: Sugh-za-Deva|def|1
|faint|p2a: Scizor
|
|upkeep
|
|t:|1757955950
|switch|p2a: Clefable|Clefable, F|100/100
|turn|9
|
|t:|1757955965
|move|p2a: Clefable|Thunder Wave|p1a: Sugh-za-Deva
|-status|p1a: Sugh-za-Deva|par
|move|p1a: Sugh-za-Deva|Knock Off|p2a: Clefable
|-resisted|p2a: Clefable
|-damage|p2a: Clefable|78/100
|-enditem|p2a: Clefable|Leftovers|[from] move: Knock Off|[of] p1a: Sugh-za-Deva
|
|upkeep
|turn|10
|
|t:|1757955971
|move|p2a: Clefable|Stealth Rock|p1a: Sugh-za-Deva
|-sidestart|p1: mesnaj|move: Stealth Rock
|move|p1a: Sugh-za-Deva|Leaf Storm|p2a: Clefable
|-damage|p2a: Clefable|43/100
|-boost|p1a: Sugh-za-Deva|spa|2
|
|upkeep
|turn|11
|
|t:|1757955976
|move|p2a: Clefable|Moonblast|p1a: Sugh-za-Deva
|-damage|p1a: Sugh-za-Deva|77/100 par
|-boost|p1a: Sugh-za-Deva|spa|1
|cant|p1a: Sugh-za-Deva|par
|
|upkeep
|turn|12
|inactive|mesnaj has 120 seconds left.
|
|t:|1757955999
|move|p2a: Clefable|Moonblast|p1a: Sugh-za-Deva
|-crit|p1a: Sugh-za-Deva
|-damage|p1a: Sugh-za-Deva|45/100 par
|move|p1a: Sugh-za-Deva|Leaf Storm|p2a: Clefable
|-damage|p2a: Clefable|0 fnt
|-boost|p1a: Sugh-za-Deva|spa|2
|faint|p2a: Clefable
|
|upkeep
|
|t:|1757956014
|switch|p2a: Raging Bolt|Raging Bolt|100/100
|-enditem|p2a: Raging Bolt|Booster Energy
|-activate|p2a: Raging Bolt|ability: Protosynthesis|[fromitem]
|-start|p2a: Raging Bolt|protosynthesisspa
|turn|13
|inactive|mesnaj has 120 seconds left.
|
|t:|1757956020
|move|p2a: Raging Bolt|Dragon Pulse|p1a: Sugh-za-Deva|[miss]
|-miss|p2a: Raging Bolt|p1a: Sugh-za-Deva
|move|p1a: Sugh-za-Deva|Superpower|p2a: Raging Bolt
|-damage|p2a: Raging Bolt|31/100
|-boost|p1a: Sugh-za-Deva|atk|1
|-boost|p1a: Sugh-za-Deva|def|1
|
|upkeep
|turn|14
|
|t:|1757956023
|move|p2a: Raging Bolt|Dragon Pulse|p1a: Sugh-za-Deva|[miss]
|-miss|p2a: Raging Bolt|p1a: Sugh-za-Deva
|move|p1a: Sugh-za-Deva|Leech Life|p2a: Raging Bolt
|-damage|p2a: Raging Bolt|0 fnt
|-heal|p1a: Sugh-za-Deva|62/100 par|[from] drain|[of] p2a: Raging Bolt
|faint|p2a: Raging Bolt
|-end|p2a: Raging Bolt|Protosynthesis|[silent]
|
|upkeep
|-message|StellarSW forfeited.
|
|win|mesnaj
|raw|mesnaj's rating: 1186 &rarr; <strong>1215</strong><br />(+29 for winning)
|raw|StellarSW's rating: 1237 &rarr; <strong>1208</strong><br />(-29 for losing)
|l|☆StellarSW
|player|p2|
|l|☆mesnaj
|player|p1|
