|j|☆wafflecone67
|j|☆AkiDes
|t:|1757792440
|gametype|singles
|player|p1|wafflecone67|1|1329
|player|p2|AkiDes|pokemonranger-gen4|1256
|gen|9
|tier|[Gen 9] OU
|rated|
|rule|HP Percentage Mod: HP is shown in percentages
|rule|Endless Battle Clause: Forcing endless battles is banned
|rule|Species Clause: Limit one of each Pokémon
|rule|OHKO Clause: OHKO moves are banned
|rule|Evasion Items Clause: Evasion items are banned
|rule|Evasion Moves Clause: Evasion moves are banned
|rule|Evasion Abilities Clause: Evasion abilities are banned
|rule|Sleep Moves Clause: Sleep-inducing moves are banned
|clearpoke
|poke|p1|Raging Bolt|
|poke|p1|Iron Treads|
|poke|p1|Ting-Lu|
|poke|p1|Gholdengo|
|poke|p1|Zamazenta-*|
|poke|p1|Tornadus-Therian, M|
|poke|p2|Jolteon, F|
|poke|p2|Cinderace, F|
|poke|p2|Dragonite, F|
|poke|p2|Landorus-Therian, M|
|poke|p2|Mandibuzz, F|
|poke|p2|Ogerpon-Wellspring, F|
|teampreview
|
|t:|1757792445
|teamsize|p1|6
|teamsize|p2|6
|start
|switch|p1a: Ting-Lu|Ting-Lu|100/100
|switch|p2a: Cinderace|Cinderace, F|100/100
|-ability|p1a: Ting-Lu|Vessel of Ruin
|turn|1
|
|t:|1757792448
|move|p2a: Cinderace|High Jump Kick|p1a: Ting-Lu
|-start|p2a: Cinderace|typechange|Fighting|[from] ability: Libero
|-supereffective|p1a: Ting-Lu
|-damage|p1a: Ting-Lu|39/100
|-enditem|p1a: Ting-Lu|Weakness Policy
|-boost|p1a: Ting-Lu|atk|2|[from] item: Weakness Policy
|-boost|p1a: Ting-Lu|spa|2|[from] item: Weakness Policy
|move|p1a: Ting-Lu|Stealth Rock|p2a: Cinderace
|-sidestart|p2: AkiDes|move: Stealth Rock
|
|upkeep
|turn|2
|
|t:|1757792454
|-terastallize|p1a: Ting-Lu|Water
|move|p2a: Cinderace|U-turn|p1a: Ting-Lu
|-damage|p1a: Ting-Lu|28/100
|
|t:|1757792461
|switch|p2a: Landorus|Landorus-Therian, M|100/100|[from] U-turn
|-damage|p2a: Landorus|88/100|[from] Stealth Rock
|-ability|p2a: Landorus|Intimidate|boost
|-unboost|p1a: Ting-Lu|atk|1
|move|p1a: Ting-Lu|Earthquake|p2a: Landorus
|-immune|p2a: Landorus
|
|upkeep
|turn|3
|
|t:|1757792468
|move|p2a: Landorus|Earthquake|p1a: Ting-Lu
|-damage|p1a: Ting-Lu|2/100
|move|p1a: Ting-Lu|Ruination|p2a: Landorus
|-damage|p2a: Landorus|44/100
|
|upkeep
|turn|4
|
|t:|1757792470
|move|p2a: Landorus|U-turn|p1a: Ting-Lu
|-damage|p1a: Ting-Lu|0 fnt
|faint|p1a: Ting-Lu
|
|t:|1757792473
|switch|p2a: Mandibuzz|Mandibuzz, F|100/100|[from] U-turn
|-damage|p2a: Mandibuzz|76/100|[from] Stealth Rock
|
|-heal|p2a: Mandibuzz|82/100|[from] item: Leftovers
|upkeep
|
|t:|1757792477
|switch|p1a: Raging Bolt|Raging Bolt|100/100
|-enditem|p1a: Raging Bolt|Booster Energy
|-activate|p1a: Raging Bolt|ability: Protosynthesis|[fromitem]
|-start|p1a: Raging Bolt|protosynthesisspa
|turn|5
|
|t:|1757792482
|move|p2a: Mandibuzz|Defog|p1a: Raging Bolt
|-unboost|p1a: Raging Bolt|evasion|1
|-sideend|p2: AkiDes|Stealth Rock|[from] move: Defog|[of] p2a: Mandibuzz
|move|p1a: Raging Bolt|Calm Mind|p1a: Raging Bolt
|-boost|p1a: Raging Bolt|spa|1
|-boost|p1a: Raging Bolt|spd|1
|
|-heal|p2a: Mandibuzz|88/100|[from] item: Leftovers
|upkeep
|turn|6
|
|t:|1757792485
|switch|p2a: Landorus|Landorus-Therian, M|44/100
|-ability|p2a: Landorus|Intimidate|boost
|-unboost|p1a: Raging Bolt|atk|1
|move|p1a: Raging Bolt|Calm Mind|p1a: Raging Bolt
|-boost|p1a: Raging Bolt|spa|1
|-boost|p1a: Raging Bolt|spd|1
|
|upkeep
|turn|7
|
|t:|1757792489
|move|p2a: Landorus|Earthquake|p1a: Raging Bolt
|-supereffective|p1a: Raging Bolt
|-damage|p1a: Raging Bolt|19/100
|move|p1a: Raging Bolt|Dragon Pulse|p2a: Landorus
|-damage|p2a: Landorus|0 fnt
|faint|p2a: Landorus
|
|upkeep
|
|t:|1757792493
|switch|p2a: Cinderace|Cinderace, F|100/100
|turn|8
|
|t:|1757792496
|move|p1a: Raging Bolt|Thunderclap|p2a: Cinderace
|-damage|p2a: Cinderace|0 fnt
|faint|p2a: Cinderace
|
|upkeep
|
|t:|1757792500
|switch|p2a: Dragonite|Dragonite, F|100/100
|turn|9
|
|t:|1757792502
|move|p2a: Dragonite|Extreme Speed|p1a: Raging Bolt
|-damage|p1a: Raging Bolt|0 fnt
|faint|p1a: Raging Bolt
|-end|p1a: Raging Bolt|Protosynthesis|[silent]
|
|upkeep
|
|t:|1757792506
|switch|p1a: Iron Treads|Iron Treads|100/100
|-enditem|p1a: Iron Treads|Booster Energy
|-activate|p1a: Iron Treads|ability: Quark Drive|[fromitem]
|-start|p1a: Iron Treads|quarkdrivespe
|turn|10
|
|t:|1757792510
|switch|p2a: Ogerpon|Ogerpon-Wellspring, F|100/100
|move|p1a: Iron Treads|Ice Spinner|p2a: Ogerpon
|-damage|p2a: Ogerpon|67/100
|
|upkeep
|turn|11
|
|t:|1757792523
|move|p1a: Iron Treads|Ice Spinner|p2a: Ogerpon
|-damage|p2a: Ogerpon|35/100
|move|p2a: Ogerpon|Ivy Cudgel|p1a: Iron Treads|[anim] Ivy Cudgel Water
|-supereffective|p1a: Iron Treads
|-damage|p1a: Iron Treads|3/100
|
|upkeep
|turn|12
|
|t:|1757792533
|move|p1a: Iron Treads|Ice Spinner|p2a: Ogerpon
|-damage|p2a: Ogerpon|3/100
|move|p2a: Ogerpon|U-turn|p1a: Iron Treads
|-resisted|p1a: Iron Treads
|-crit|p1a: Iron Treads
|-damage|p1a: Iron Treads|0 fnt
|faint|p1a: Iron Treads
|-end|p1a: Iron Treads|Quark Drive|[silent]
|
|t:|1757792536
|switch|p2a: Mandibuzz|Mandibuzz, F|88/100|[from] U-turn
|
|-heal|p2a: Mandibuzz|94/100|[from] item: Leftovers
|upkeep
|
|t:|1757792540
|switch|p1a: Zamazenta|Zamazenta|100/100
|-ability|p1a: Zamazenta|Dauntless Shield|boost
|-boost|p1a: Zamazenta|def|1
|turn|13
|
|t:|1757792543
|move|p1a: Zamazenta|Iron Defense|p1a: Zamazenta
|-boost|p1a: Zamazenta|def|2
|move|p2a: Mandibuzz|Toxic|p1a: Zamazenta
|-status|p1a: Zamazenta|tox
|
|-heal|p2a: Mandibuzz|99/100|[from] item: Leftovers
|-damage|p1a: Zamazenta|94/100 tox|[from] psn
|upkeep
|turn|14
|
|t:|1757792547
|switch|p2a: Ogerpon|Ogerpon-Wellspring, F|3/100
|move|p1a: Zamazenta|Iron Defense|p1a: Zamazenta
|-boost|p1a: Zamazenta|def|2
|
|-heal|p1a: Zamazenta|100/100 tox|[from] item: Leftovers
|-damage|p1a: Zamazenta|88/100 tox|[from] psn
|upkeep
|turn|15
|
|t:|1757792551
|move|p1a: Zamazenta|Body Press|p2a: Ogerpon
|-crit|p2a: Ogerpon
|-damage|p2a: Ogerpon|0 fnt
|faint|p2a: Ogerpon
|
|-heal|p1a: Zamazenta|94/100 tox|[from] item: Leftovers
|-damage|p1a: Zamazenta|76/100 tox|[from] psn
|upkeep
|
|t:|1757792557
|switch|p2a: Mandibuzz|Mandibuzz, F|99/100
|turn|16
|
|t:|1757792560
|move|p1a: Zamazenta|Body Press|p2a: Mandibuzz
|-damage|p2a: Mandibuzz|22/100
|move|p2a: Mandibuzz|Roost|p2a: Mandibuzz
|-heal|p2a: Mandibuzz|72/100
|-singleturn|p2a: Mandibuzz|move: Roost
|
|-heal|p1a: Zamazenta|82/100 tox|[from] item: Leftovers
|-heal|p2a: Mandibuzz|79/100|[from] item: Leftovers
|-damage|p1a: Zamazenta|57/100 tox|[from] psn
|upkeep
|turn|17
|
|t:|1757792565
|move|p1a: Zamazenta|Body Press|p2a: Mandibuzz
|-damage|p2a: Mandibuzz|8/100
|move|p2a: Mandibuzz|Roost|p2a: Mandibuzz
|-heal|p2a: Mandibuzz|58/100
|-singleturn|p2a: Mandibuzz|move: Roost
|
|-heal|p1a: Zamazenta|64/100 tox|[from] item: Leftovers
|-heal|p2a: Mandibuzz|64/100|[from] item: Leftovers
|-damage|p1a: Zamazenta|33/100 tox|[from] psn
|upkeep
|turn|18
|
|t:|1757792568
|move|p1a: Zamazenta|Body Press|p2a: Mandibuzz
|-damage|p2a: Mandibuzz|0 fnt
|faint|p2a: Mandibuzz
|
|-heal|p1a: Zamazenta|39/100 tox|[from] item: Leftovers
|-damage|p1a: Zamazenta|2/100 tox|[from] psn
|upkeep
|
|t:|1757792575
|switch|p2a: Dragonite|Dragonite, F|100/100
|turn|19
|
|t:|1757792577
|move|p2a: Dragonite|Extreme Speed|p1a: Zamazenta
|-damage|p1a: Zamazenta|0 fnt
|faint|p1a: Zamazenta
|
|upkeep
|
|t:|1757792579
|switch|p1a: Gholdengo|Gholdengo|100/100
|-item|p1a: Gholdengo|Air Balloon
|turn|20
|
|t:|1757792585
|move|p2a: Dragonite|Ice Punch|p1a: Gholdengo
|-resisted|p1a: Gholdengo
|-damage|p1a: Gholdengo|86/100
|-enditem|p1a: Gholdengo|Air Balloon
|move|p1a: Gholdengo|Shadow Ball|p2a: Dragonite
|-crit|p2a: Dragonite
|-damage|p2a: Dragonite|69/100
|
|upkeep
|turn|21
|
|t:|1757792590
|move|p2a: Dragonite|Earthquake|p1a: Gholdengo
|-supereffective|p1a: Gholdengo
|-damage|p1a: Gholdengo|6/100
|move|p1a: Gholdengo|Make It Rain|p2a: Dragonite
|-damage|p2a: Dragonite|8/100
|-unboost|p1a: Gholdengo|spa|1
|
|upkeep
|turn|22
|
|t:|1757792593
|move|p2a: Dragonite|Earthquake|p1a: Gholdengo
|-supereffective|p1a: Gholdengo
|-damage|p1a: Gholdengo|0 fnt
|faint|p1a: Gholdengo
|
|upkeep
|
|t:|1757792594
|switch|p1a: Tornadus|Tornadus-Therian, M|100/100
|turn|23
|
|t:|1757792602
|move|p1a: Tornadus|Dark Pulse|p2a: Dragonite
|-damage|p2a: Dragonite|0 fnt
|faint|p2a: Dragonite
|-damage|p1a: Tornadus|91/100|[from] item: Life Orb
|
|upkeep
|
|t:|1757792603
|switch|p2a: Jarcres|Jolteon, F|100/100
|turn|24
|
|t:|1757792605
|move|p2a: Jarcres|Thunderbolt|p1a: Tornadus
|-supereffective|p1a: Tornadus
|-damage|p1a: Tornadus|0 fnt
|faint|p1a: Tornadus
|
|win|AkiDes
|raw|wafflecone67's rating: 1329 &rarr; <strong>1305</strong><br />(-24 for losing)
|raw|AkiDes's rating: 1256 &rarr; <strong>1286</strong><br />(+30 for winning)
|l|☆wafflecone67
|player|p1|
