|j|☆preppy dude
|j|☆AlexDragneel21
|t:|1757914482
|gametype|singles
|player|p1|preppy dude|1|1248
|player|p2|AlexDragneel21|102|1239
|gen|9
|tier|[Gen 9] OU
|rated|
|rule|HP Percentage Mod: HP is shown in percentages
|rule|Endless Battle Clause: Forcing endless battles is banned
|rule|Species Clause: Limit one of each Pokémon
|rule|OHKO Clause: OHKO moves are banned
|rule|Evasion Items Clause: Evasion items are banned
|rule|Evasion Moves Clause: Evasion moves are banned
|rule|Evasion Abilities Clause: Evasion abilities are banned
|rule|Sleep Moves Clause: Sleep-inducing moves are banned
|clearpoke
|poke|p1|Zapdos|
|poke|p1|Golem, M|
|poke|p1|Arbok, M|
|poke|p1|Rhydon, M|
|poke|p1|Magneton|
|poke|p1|Dodrio, F|
|poke|p2|Espeon, F|
|poke|p2|Electivire, M|
|poke|p2|Greninja-*, M|
|poke|p2|Charizard, M|
|poke|p2|Serperior, F|
|poke|p2|Gengar, M|
|teampreview
|inactive|Battle timer is ON: inactive players will automatically lose when time's up. (requested by AlexDragneel21)
|
|t:|1757914503
|teamsize|p1|6
|teamsize|p2|6
|start
|switch|p1a: Dodrio|Dodrio, F|100/100
|switch|p2a: Serperior|Serperior, F|100/100
|turn|1
|
|t:|1757914511
|move|p1a: Dodrio|Brave Bird|p2a: Serperior
|-supereffective|p2a: Serperior
|-enditem|p2a: Serperior|Focus Sash
|-damage|p2a: Serperior|1/100
|-damage|p1a: Dodrio|64/100|[from] Recoil
|move|p2a: Serperior|Glare|p1a: Dodrio
|-status|p1a: Dodrio|par
|
|upkeep
|turn|2
|
|t:|1757914522
|switch|p1a: Arbok|Arbok, M|100/100
|-ability|p1a: Arbok|Intimidate|boost
|-boost|p2a: Serperior|atk|1
|move|p2a: Serperior|Leaf Storm|p1a: Arbok
|-resisted|p1a: Arbok
|-damage|p1a: Arbok|71/100
|-boost|p2a: Serperior|spa|2
|
|upkeep
|turn|3
|
|t:|1757914531
|move|p1a: Arbok|Poison Fang|p2a: Serperior
|-supereffective|p2a: Serperior
|-damage|p2a: Serperior|0 fnt
|faint|p2a: Serperior
|
|upkeep
|
|t:|1757914536
|switch|p2a: Electivire|Electivire, M|100/100
|turn|4
|
|t:|1757914539
|switch|p1a: Rhydon|Rhydon, M|100/100
|move|p2a: Electivire|Earthquake|p1a: Rhydon
|-supereffective|p1a: Rhydon
|-damage|p1a: Rhydon|71/100
|
|upkeep
|turn|5
|
|t:|1757914547
|move|p2a: Electivire|Ice Punch|p1a: Rhydon
|-supereffective|p1a: Rhydon
|-damage|p1a: Rhydon|44/100
|move|p1a: Rhydon|Rock Blast|p2a: Electivire
|-damage|p2a: Electivire|79/100
|-damage|p2a: Electivire|59/100
|-damage|p2a: Electivire|36/100
|-damage|p2a: Electivire|15/100
|-hitcount|p2a: Electivire|4
|
|upkeep
|turn|6
|
|t:|1757914558
|-terastallize|p1a: Rhydon|Ghost
|move|p2a: Electivire|Ice Punch|p1a: Rhydon
|-damage|p1a: Rhydon|33/100
|-status|p1a: Rhydon|frz
|cant|p1a: Rhydon|frz
|
|upkeep
|turn|7
|
|t:|1757914567
|switch|p1a: Arbok|Arbok, M|71/100
|-ability|p1a: Arbok|Intimidate|boost
|-unboost|p2a: Electivire|atk|1
|move|p2a: Electivire|Volt Switch|p1a: Arbok
|-crit|p1a: Arbok
|-damage|p1a: Arbok|31/100
|
|t:|1757914574
|switch|p2a: Greninja|Greninja, M|100/100|[from] Volt Switch
|
|upkeep
|turn|8
|
|t:|1757914581
|switch|p1a: Rhydon|Rhydon, M, tera:Ghost|33/100 frz
|move|p2a: Greninja|Water Shuriken|p1a: Rhydon
|-damage|p1a: Rhydon|27/100 frz
|-damage|p1a: Rhydon|19/100 frz
|-damage|p1a: Rhydon|12/100 frz
|-damage|p1a: Rhydon|5/100 frz
|-hitcount|p1a: Rhydon|4
|
|upkeep
|turn|9
|
|t:|1757914595
|switch|p1a: Zapdos|Zapdos|100/100
|move|p2a: Greninja|Water Shuriken|p1a: Zapdos
|-damage|p1a: Zapdos|95/100
|-damage|p1a: Zapdos|90/100
|-damage|p1a: Zapdos|84/100
|-damage|p1a: Zapdos|79/100
|-damage|p1a: Zapdos|73/100
|-hitcount|p1a: Zapdos|5
|
|-heal|p1a: Zapdos|79/100|[from] item: Leftovers
|upkeep
|turn|10
|
|t:|1757914608
|switch|p2a: Electivire|Electivire, M|15/100
|move|p1a: Zapdos|Protect||[still]
|-fail|p1a: Zapdos
|
|-heal|p1a: Zapdos|86/100|[from] item: Leftovers
|upkeep
|turn|11
|
|t:|1757914616
|move|p1a: Zapdos|Protect|p1a: Zapdos
|-singleturn|p1a: Zapdos|Protect
|move|p2a: Electivire|Ice Punch|p1a: Zapdos
|-activate|p1a: Zapdos|move: Protect
|
|-heal|p1a: Zapdos|92/100|[from] item: Leftovers
|upkeep
|turn|12
|
|t:|1757914625
|switch|p1a: Arbok|Arbok, M|31/100
|-ability|p1a: Arbok|Intimidate|boost
|-unboost|p2a: Electivire|atk|1
|move|p2a: Electivire|Ice Punch|p1a: Arbok
|-damage|p1a: Arbok|4/100
|-status|p1a: Arbok|frz
|
|upkeep
|turn|13
|
|t:|1757914633
|cant|p1a: Arbok|frz
|move|p2a: Electivire|Volt Switch|p1a: Arbok
|-damage|p1a: Arbok|0 fnt
|faint|p1a: Arbok
|
|t:|1757914642
|switch|p2a: Greninja|Greninja, M|100/100|[from] Volt Switch
|
|upkeep
|
|t:|1757914648
|switch|p1a: Magneton|Magneton|100/100
|turn|14
|
|t:|1757914663
|switch|p2a: Electivire|Electivire, M|15/100
|move|p1a: Magneton|Discharge|p2a: Electivire
|-ability|p2a: Electivire|Motor Drive|boost
|-boost|p2a: Electivire|spe|1
|
|upkeep
|turn|15
|
|t:|1757914670
|switch|p1a: Rhydon|Rhydon, M, tera:Ghost|5/100 frz
|move|p2a: Electivire|Earthquake|p1a: Rhydon
|-damage|p1a: Rhydon|0 fnt
|faint|p1a: Rhydon
|
|upkeep
|
|t:|1757914678
|switch|p1a: Golem|Golem, M|100/100
|turn|16
|
|t:|1757914684
|move|p2a: Electivire|Earthquake|p1a: Golem
|-supereffective|p1a: Golem
|-damage|p1a: Golem|32/100
|move|p1a: Golem|Rock Blast|p2a: Electivire|[miss]
|-miss|p1a: Golem|p2a: Electivire
|
|upkeep
|turn|17
|
|t:|1757914696
|move|p1a: Golem|Endure|p1a: Golem
|-singleturn|p1a: Golem|move: Endure
|move|p2a: Electivire|Earthquake|p1a: Golem
|-supereffective|p1a: Golem
|-activate|p1a: Golem|move: Endure
|-damage|p1a: Golem|1/100
|
|upkeep
|turn|18
|-enditem|p1a: Golem|Custap Berry|[eat]
|-activate|p1a: Golem|item: Custap Berry|[consumed]
|
|t:|1757914703
|move|p1a: Golem|Stealth Rock|p2a: Electivire
|-sidestart|p2: AlexDragneel21|move: Stealth Rock
|move|p2a: Electivire|Earthquake|p1a: Golem
|-supereffective|p1a: Golem
|-damage|p1a: Golem|0 fnt
|faint|p1a: Golem
|
|upkeep
|
|t:|1757914712
|switch|p1a: Dodrio|Dodrio, F|64/100 par
|turn|19
|
|t:|1757914715
|cant|p1a: Dodrio|par
|move|p2a: Electivire|Volt Switch|p1a: Dodrio
|-supereffective|p1a: Dodrio
|-damage|p1a: Dodrio|0 fnt
|faint|p1a: Dodrio
|
|t:|1757914725
|switch|p2a: Charizard|Charizard, M|100/100|[from] Volt Switch
|-damage|p2a: Charizard|50/100|[from] Stealth Rock
|
|upkeep
|
|t:|1757914730
|switch|p1a: Magneton|Magneton|100/100
|turn|20
|
|t:|1757914733
|move|p1a: Magneton|Discharge|p2a: Charizard
|-supereffective|p2a: Charizard
|-damage|p2a: Charizard|0 fnt
|faint|p2a: Charizard
|
|upkeep
|
|t:|1757914746
|switch|p2a: Gengar|Gengar, M|100/100
|-damage|p2a: Gengar|88/100|[from] Stealth Rock
|turn|21
|
|t:|1757914752
|move|p1a: Magneton|Discharge|p2a: Gengar
|-damage|p2a: Gengar|26/100
|-status|p2a: Gengar|par
|move|p2a: Gengar|Shadow Ball|p1a: Magneton
|-damage|p1a: Magneton|23/100
|-unboost|p1a: Magneton|spd|1
|
|upkeep
|turn|22
|
|t:|1757914761
|move|p1a: Magneton|Discharge|p2a: Gengar
|-damage|p2a: Gengar|0 fnt
|faint|p2a: Gengar
|
|upkeep
|
|t:|1757914766
|switch|p2a: Greninja|Greninja, M|100/100
|-damage|p2a: Greninja|88/100|[from] Stealth Rock
|turn|23
|
|t:|1757914770
|switch|p1a: Zapdos|Zapdos|92/100
|move|p2a: Greninja|Water Shuriken|p1a: Zapdos
|-damage|p1a: Zapdos|86/100
|-damage|p1a: Zapdos|80/100
|-damage|p1a: Zapdos|74/100
|-damage|p1a: Zapdos|69/100
|-hitcount|p1a: Zapdos|4
|
|-heal|p1a: Zapdos|75/100|[from] item: Leftovers
|upkeep
|turn|24
|
|t:|1757914782
|move|p2a: Greninja|Ice Beam|p1a: Zapdos
|-supereffective|p1a: Zapdos
|-damage|p1a: Zapdos|33/100
|move|p1a: Zapdos|Roost|p1a: Zapdos
|-heal|p1a: Zapdos|83/100
|-singleturn|p1a: Zapdos|move: Roost
|
|-heal|p1a: Zapdos|90/100|[from] item: Leftovers
|upkeep
|turn|25
|
|t:|1757914792
|move|p1a: Zapdos|Protect|p1a: Zapdos
|-singleturn|p1a: Zapdos|Protect
|move|p2a: Greninja|Ice Beam|p1a: Zapdos
|-activate|p1a: Zapdos|move: Protect
|
|-heal|p1a: Zapdos|96/100|[from] item: Leftovers
|upkeep
|turn|26
|
|t:|1757914802
|move|p2a: Greninja|Dark Pulse|p1a: Zapdos
|-damage|p1a: Zapdos|69/100
|move|p1a: Zapdos|Discharge|p2a: Greninja
|-supereffective|p2a: Greninja
|-damage|p2a: Greninja|0 fnt
|faint|p2a: Greninja
|
|-heal|p1a: Zapdos|75/100|[from] item: Leftovers
|upkeep
|
|t:|1757914812
|switch|p2a: Espeon|Espeon, F|100/100
|-damage|p2a: Espeon|88/100|[from] Stealth Rock
|turn|27
|
|t:|1757914821
|switch|p1a: Magneton|Magneton|23/100
|move|p2a: Espeon|Psychic|p1a: Magneton
|-resisted|p1a: Magneton
|-damage|p1a: Magneton|0 fnt
|faint|p1a: Magneton
|
|upkeep
|
|t:|1757914828
|switch|p1a: Zapdos|Zapdos|75/100
|turn|28
|
|t:|1757914832
|move|p1a: Zapdos|Protect|p1a: Zapdos
|-singleturn|p1a: Zapdos|Protect
|move|p2a: Espeon|Psychic|p1a: Zapdos
|-activate|p1a: Zapdos|move: Protect
|
|-heal|p1a: Zapdos|82/100|[from] item: Leftovers
|upkeep
|turn|29
|
|t:|1757914840
|move|p2a: Espeon|Psychic|p1a: Zapdos
|-damage|p1a: Zapdos|42/100
|move|p1a: Zapdos|Discharge|p2a: Espeon
|-damage|p2a: Espeon|48/100
|
|-heal|p1a: Zapdos|48/100|[from] item: Leftovers
|upkeep
|turn|30
|
|t:|1757914852
|move|p1a: Zapdos|Protect|p1a: Zapdos
|-singleturn|p1a: Zapdos|Protect
|move|p2a: Espeon|Psychic|p1a: Zapdos
|-activate|p1a: Zapdos|move: Protect
|
|-heal|p1a: Zapdos|54/100|[from] item: Leftovers
|upkeep
|turn|31
|
|t:|1757914866
|move|p2a: Espeon|Psychic|p1a: Zapdos
|-damage|p1a: Zapdos|14/100
|move|p1a: Zapdos|Roost|p1a: Zapdos
|-heal|p1a: Zapdos|64/100
|-singleturn|p1a: Zapdos|move: Roost
|
|-heal|p1a: Zapdos|70/100|[from] item: Leftovers
|upkeep
|turn|32
|
|t:|1757914876
|move|p1a: Zapdos|Protect|p1a: Zapdos
|-singleturn|p1a: Zapdos|Protect
|move|p2a: Espeon|Psychic|p1a: Zapdos
|-activate|p1a: Zapdos|move: Protect
|
|-heal|p1a: Zapdos|76/100|[from] item: Leftovers
|upkeep
|turn|33
|
|t:|1757914884
|move|p2a: Espeon|Psychic|p1a: Zapdos
|-damage|p1a: Zapdos|35/100
|move|p1a: Zapdos|Roost|p1a: Zapdos
|-heal|p1a: Zapdos|85/100
|-singleturn|p1a: Zapdos|move: Roost
|
|-heal|p1a: Zapdos|92/100|[from] item: Leftovers
|upkeep
|turn|34
|
|t:|1757914898
|move|p1a: Zapdos|Protect|p1a: Zapdos
|-singleturn|p1a: Zapdos|Protect
|move|p2a: Espeon|Psychic|p1a: Zapdos
|-activate|p1a: Zapdos|move: Protect
|
|-heal|p1a: Zapdos|98/100|[from] item: Leftovers
|upkeep
|turn|35
|
|t:|1757914906
|move|p2a: Espeon|Psychic|p1a: Zapdos
|-damage|p1a: Zapdos|59/100
|move|p1a: Zapdos|Discharge|p2a: Espeon
|-damage|p2a: Espeon|6/100
|
|-heal|p1a: Zapdos|65/100|[from] item: Leftovers
|upkeep
|turn|36
|
|t:|1757914914
|move|p1a: Zapdos|Protect|p1a: Zapdos
|-singleturn|p1a: Zapdos|Protect
|move|p2a: Espeon|Confuse Ray|p1a: Zapdos
|-activate|p1a: Zapdos|move: Protect
|
|-heal|p1a: Zapdos|71/100|[from] item: Leftovers
|upkeep
|turn|37
|
|t:|1757914923
|move|p2a: Espeon|Confuse Ray|p1a: Zapdos
|-start|p1a: Zapdos|confusion
|-activate|p1a: Zapdos|confusion
|move|p1a: Zapdos|Roost|p1a: Zapdos
|-heal|p1a: Zapdos|100/100
|-singleturn|p1a: Zapdos|move: Roost
|
|upkeep
|turn|38
|
|t:|1757914931
|-activate|p1a: Zapdos|confusion
|-damage|p1a: Zapdos|95/100|[from] confusion
|move|p2a: Espeon|Psychic|p1a: Zapdos
|-damage|p1a: Zapdos|55/100
|
|-heal|p1a: Zapdos|61/100|[from] item: Leftovers
|upkeep
|turn|39
|
|t:|1757914939
|-activate|p1a: Zapdos|confusion
|move|p1a: Zapdos|Protect|p1a: Zapdos
|-singleturn|p1a: Zapdos|Protect
|move|p2a: Espeon|Psychic|p1a: Zapdos
|-activate|p1a: Zapdos|move: Protect
|
|-heal|p1a: Zapdos|67/100|[from] item: Leftovers
|upkeep
|turn|40
|
|t:|1757914947
|move|p2a: Espeon|Psychic|p1a: Zapdos
|-damage|p1a: Zapdos|31/100
|-end|p1a: Zapdos|confusion
|move|p1a: Zapdos|Roost|p1a: Zapdos
|-heal|p1a: Zapdos|81/100
|-singleturn|p1a: Zapdos|move: Roost
|
|-heal|p1a: Zapdos|87/100|[from] item: Leftovers
|upkeep
|turn|41
|
|t:|1757914957
|move|p1a: Zapdos|Protect|p1a: Zapdos
|-singleturn|p1a: Zapdos|Protect
|move|p2a: Espeon|Confuse Ray|p1a: Zapdos
|-activate|p1a: Zapdos|move: Protect
|
|-heal|p1a: Zapdos|94/100|[from] item: Leftovers
|upkeep
|turn|42
|
|t:|1757914966
|move|p2a: Espeon|Confuse Ray|p1a: Zapdos
|-start|p1a: Zapdos|confusion
|-activate|p1a: Zapdos|confusion
|move|p1a: Zapdos|Discharge|p2a: Espeon
|-damage|p2a: Espeon|0 fnt
|faint|p2a: Espeon
|
|-heal|p1a: Zapdos|99/100|[from] item: Leftovers
|upkeep
|
|t:|1757914976
|switch|p2a: Electivire|Electivire, M|15/100
|-damage|p2a: Electivire|3/100|[from] Stealth Rock
|turn|43
|
|t:|1757914984
|move|p2a: Electivire|Ice Punch|p1a: Zapdos
|-supereffective|p1a: Zapdos
|-damage|p1a: Zapdos|51/100
|-end|p1a: Zapdos|confusion
|move|p1a: Zapdos|Air Cutter|p2a: Electivire
|-resisted|p2a: Electivire
|-damage|p2a: Electivire|0 fnt
|faint|p2a: Electivire
|
|win|preppy dude
|raw|preppy dude's rating: 1248 &rarr; <strong>1272</strong><br />(+24 for winning)
|raw|AlexDragneel21's rating: 1239 &rarr; <strong>1215</strong><br />(-24 for losing)
|l|☆AlexDragneel21
|player|p2|
|l|☆preppy dude
|player|p1|
