|j|☆frazybalkany
|j|☆trrzno2
|t:|1757934433
|gametype|singles
|player|p1|frazybalkany|2|1562
|player|p2|trrzno2|artist|1521
|gen|9
|tier|[Gen 9] OU
|rated|
|rule|HP Percentage Mod: HP is shown in percentages
|rule|Endless Battle Clause: Forcing endless battles is banned
|rule|Species Clause: Limit one of each Pokémon
|rule|OHKO Clause: OHKO moves are banned
|rule|Evasion Items Clause: Evasion items are banned
|rule|Evasion Moves Clause: Evasion moves are banned
|rule|Evasion Abilities Clause: Evasion abilities are banned
|rule|Sleep Moves Clause: Sleep-inducing moves are banned
|clearpoke
|poke|p1|Torkoal, M|
|poke|p1|Dragapult, M|
|poke|p1|Iron Moth|
|poke|p1|Kingambit, F|
|poke|p1|Ceruledge, M|
|poke|p1|Staraptor, F|
|poke|p2|Scizor, M|
|poke|p2|Ogerpon-Wellspring, F|
|poke|p2|Garganacl, F|
|poke|p2|Darkrai|
|poke|p2|Zapdos|
|poke|p2|Cinderace, F|
|teampreview
|inactive|Battle timer is ON: inactive players will automatically lose when time's up. (requested by frazybalkany)
|
|t:|1757934451
|teamsize|p1|6
|teamsize|p2|6
|start
|switch|p1a: Staraptor|Staraptor, F|100/100
|switch|p2a: Garganacl|Garganacl, F|100/100
|turn|1
|
|t:|1757934455
|move|p1a: Staraptor|Final Gambit|p2a: Garganacl
|-damage|p2a: Garganacl|8/100
|faint|p1a: Staraptor
|move|p2a: Garganacl|Salt Cure|p1: Staraptor|[notarget]
|-fail|p2a: Garganacl
|
|-heal|p2a: Garganacl|14/100|[from] item: Leftovers
|upkeep
|
|t:|1757934466
|switch|p1a: Dragapult|Dragapult, M|100/100
|turn|2
|
|t:|1757934470
|move|p1a: Dragapult|Dragon Darts|p2a: Garganacl
|-crit|p2a: Garganacl
|-damage|p2a: Garganacl|0 fnt
|faint|p2a: Garganacl
|
|upkeep
|
|t:|1757934477
|switch|p2a: Darkrai|Darkrai|100/100
|turn|3
|
|t:|1757934499
|-terastallize|p1a: Dragapult|Steel
|move|p2a: Darkrai|Dark Pulse|p1a: Dragapult
|-damage|p1a: Dragapult|42/100
|cant|p1a: Dragapult|flinch
|
|-heal|p1a: Dragapult|48/100|[from] item: Leftovers
|upkeep
|turn|4
|inactive|frazybalkany has 120 seconds left.
|
|t:|1757934520
|switch|p1a: Torkoal|Torkoal, M|100/100
|-weather|SunnyDay|[from] ability: Drought|[of] p1a: Torkoal
|move|p2a: Darkrai|Dark Pulse|p1a: Torkoal
|-damage|p1a: Torkoal|60/100
|
|-weather|SunnyDay|[upkeep]
|upkeep
|turn|5
|
|t:|1757934523
|move|p2a: Darkrai|Dark Pulse|p1a: Torkoal
|-damage|p1a: Torkoal|22/100
|move|p1a: Torkoal|Lava Plume|p2a: Darkrai
|-damage|p2a: Darkrai|45/100
|-status|p2a: Darkrai|brn
|
|-weather|SunnyDay|[upkeep]
|-damage|p2a: Darkrai|39/100 brn|[from] brn
|upkeep
|turn|6
|
|t:|1757934533
|move|p2a: Darkrai|Dark Pulse|p1a: Torkoal
|-damage|p1a: Torkoal|0 fnt
|faint|p1a: Torkoal
|
|-weather|SunnyDay|[upkeep]
|-damage|p2a: Darkrai|33/100 brn|[from] brn
|upkeep
|
|t:|1757934541
|switch|p1a: Iron Moth|Iron Moth|100/100
|-enditem|p1a: Iron Moth|Booster Energy
|-activate|p1a: Iron Moth|ability: Quark Drive|[fromitem]
|-start|p1a: Iron Moth|quarkdrivespe
|turn|7
|
|t:|1757934549
|move|p2a: Darkrai|Dark Pulse|p1a: Iron Moth
|-damage|p1a: Iron Moth|63/100
|move|p1a: Iron Moth|Fiery Dance|p2a: Darkrai
|-damage|p2a: Darkrai|0 fnt
|-boost|p1a: Iron Moth|spa|1
|faint|p2a: Darkrai
|
|-weather|SunnyDay|[upkeep]
|upkeep
|
|t:|1757934554
|switch|p2a: Zapdos|Zapdos|100/100
|turn|8
|
|t:|1757934557
|move|p1a: Iron Moth|Fiery Dance|p2a: Zapdos
|-damage|p2a: Zapdos|16/100
|move|p2a: Zapdos|Thunder Wave|p1a: Iron Moth
|-status|p1a: Iron Moth|par
|
|-weather|none
|upkeep
|turn|9
|
|t:|1757934562
|cant|p1a: Iron Moth|par
|move|p2a: Zapdos|Roost|p2a: Zapdos
|-heal|p2a: Zapdos|66/100
|-singleturn|p2a: Zapdos|move: Roost
|
|upkeep
|turn|10
|
|t:|1757934568
|cant|p1a: Iron Moth|par
|move|p2a: Zapdos|Hurricane|p1a: Iron Moth
|-damage|p1a: Iron Moth|19/100 par
|
|upkeep
|turn|11
|c|☆frazybalkany|Yolo
|
|t:|1757934575
|cant|p1a: Iron Moth|par
|move|p2a: Zapdos|Roost|p2a: Zapdos
|-heal|p2a: Zapdos|100/100
|-singleturn|p2a: Zapdos|move: Roost
|
|upkeep
|turn|12
|
|t:|1757934578
|move|p1a: Iron Moth|Fiery Dance|p2a: Zapdos
|-damage|p2a: Zapdos|44/100
|move|p2a: Zapdos|Volt Switch|p1a: Iron Moth
|-crit|p1a: Iron Moth
|-damage|p1a: Iron Moth|0 fnt
|faint|p1a: Iron Moth
|-end|p1a: Iron Moth|Quark Drive|[silent]
|
|t:|1757934588
|switch|p2a: Cinderace|Cinderace, F|100/100|[from] Volt Switch
|
|upkeep
|
|t:|1757934605
|switch|p1a: Ceruledge|Ceruledge, M|100/100
|turn|13
|
|t:|1757934612
|move|p2a: Cinderace|Pyro Ball|p1a: Ceruledge
|-resisted|p1a: Ceruledge
|-damage|p1a: Ceruledge|63/100
|-ability|p1a: Ceruledge|Weak Armor|boost
|-unboost|p1a: Ceruledge|def|1
|-boost|p1a: Ceruledge|spe|2
|move|p1a: Ceruledge|Swords Dance|p1a: Ceruledge
|-boost|p1a: Ceruledge|atk|2
|
|upkeep
|turn|14
|
|t:|1757934621
|move|p2a: Cinderace|Sucker Punch|p1a: Ceruledge
|-start|p2a: Cinderace|typechange|Dark|[from] ability: Libero
|-supereffective|p1a: Ceruledge
|-damage|p1a: Ceruledge|0 fnt
|faint|p1a: Ceruledge
|
|upkeep
|
|t:|1757934625
|switch|p1a: Kingambit|Kingambit, F|100/100
|-activate|p1a: Kingambit|ability: Supreme Overlord
|-start|p1a: Kingambit|fallen4|[silent]
|turn|15
|
|t:|1757934633
|move|p2a: Cinderace|Pyro Ball|p1a: Kingambit
|-supereffective|p1a: Kingambit
|-damage|p1a: Kingambit|29/100
|move|p1a: Kingambit|Low Kick|p2a: Cinderace
|-supereffective|p2a: Cinderace
|-damage|p2a: Cinderace|17/100
|
|upkeep
|turn|16
|
|t:|1757934640
|move|p2a: Cinderace|Sucker Punch|p1a: Kingambit
|-resisted|p1a: Kingambit
|-damage|p1a: Kingambit|15/100
|move|p1a: Kingambit|Sucker Punch||[still]
|-fail|p1a: Kingambit
|
|upkeep
|turn|17
|
|t:|1757934647
|move|p2a: Cinderace|Sucker Punch|p1a: Kingambit
|-resisted|p1a: Kingambit
|-damage|p1a: Kingambit|2/100
|move|p1a: Kingambit|Sucker Punch||[still]
|-fail|p1a: Kingambit
|
|upkeep
|turn|18
|
|t:|1757934650
|move|p2a: Cinderace|Sucker Punch|p1a: Kingambit
|-resisted|p1a: Kingambit
|-damage|p1a: Kingambit|0 fnt
|faint|p1a: Kingambit
|-end|p1a: Kingambit|fallen4|[silent]
|
|upkeep
|
|t:|1757934651
|switch|p1a: Dragapult|Dragapult, M, tera:Steel|48/100
|turn|19
|
|t:|1757934656
|move|p2a: Cinderace|Sucker Punch||[still]
|-fail|p2a: Cinderace
|move|p1a: Dragapult|Dragon Dance|p1a: Dragapult
|-boost|p1a: Dragapult|atk|1
|-boost|p1a: Dragapult|spe|1
|
|-heal|p1a: Dragapult|53/100|[from] item: Leftovers
|upkeep
|turn|20
|
|t:|1757934659
|move|p1a: Dragapult|Substitute|p1a: Dragapult
|-start|p1a: Dragapult|Substitute
|-damage|p1a: Dragapult|29/100
|move|p2a: Cinderace|Pyro Ball|p1a: Dragapult
|-supereffective|p1a: Dragapult
|-end|p1a: Dragapult|Substitute
|
|-heal|p1a: Dragapult|35/100|[from] item: Leftovers
|upkeep
|turn|21
|
|t:|1757934663
|move|p1a: Dragapult|Dragon Dance|p1a: Dragapult
|-boost|p1a: Dragapult|atk|1
|-boost|p1a: Dragapult|spe|1
|move|p2a: Cinderace|Pyro Ball|p1a: Dragapult
|-supereffective|p1a: Dragapult
|-damage|p1a: Dragapult|0 fnt
|faint|p1a: Dragapult
|
|win|trrzno2
|raw|frazybalkany's rating: 1562 &rarr; <strong>1540</strong><br />(-22 for losing)
|raw|trrzno2's rating: 1521 &rarr; <strong>1543</strong><br />(+22 for winning)
|l|☆frazybalkany
|player|p1|
|l|☆trrzno2
|player|p2|
