|j|☆findmyhair
|j|☆UmbraEmerge
|t:|1757816200
|gametype|singles
|player|p1|findmyhair|acetrainercouple|1191
|player|p2|UmbraEmerge|fisherman-gen4|1254
|gen|9
|tier|[Gen 9] OU
|rated|
|rule|HP Percentage Mod: HP is shown in percentages
|rule|Endless Battle Clause: Forcing endless battles is banned
|rule|Species Clause: Limit one of each Pokémon
|rule|OHKO Clause: OHKO moves are banned
|rule|Evasion Items Clause: Evasion items are banned
|rule|Evasion Moves Clause: Evasion moves are banned
|rule|Evasion Abilities Clause: Evasion abilities are banned
|rule|Sleep Moves Clause: Sleep-inducing moves are banned
|clearpoke
|poke|p1|Cresselia, F|
|poke|p1|Slowking-Galar, M|
|poke|p1|Iron Hands|
|poke|p1|Ursaluna, M|
|poke|p1|Crawdaunt, M|
|poke|p1|Klefki, M|
|poke|p2|Dondozo, F|
|poke|p2|Blissey, F|
|poke|p2|Corviknight, F|
|poke|p2|Weezing-Galar, M|
|poke|p2|Gliscor, M|
|poke|p2|Toxapex, F|
|teampreview
|inactive|Battle timer is ON: inactive players will automatically lose when time's up. (requested by findmyhair)
|inactive|UmbraEmerge also wants the timer to be on.
|c|☆findmyhair|another stall team 😭
|
|t:|1757816221
|teamsize|p1|6
|teamsize|p2|6
|start
|switch|p1a: Klefki|Klefki, M|100/100
|switch|p2a: Gliscor|Gliscor, M|100/100
|turn|1
|
|t:|1757816237
|move|p1a: Klefki|Spikes|p2a: Gliscor
|-sidestart|p2: UmbraEmerge|Spikes
|move|p2a: Gliscor|Knock Off|p1a: Klefki
|-resisted|p1a: Klefki
|-damage|p1a: Klefki|92/100
|-enditem|p1a: Klefki|Light Clay|[from] move: Knock Off|[of] p2a: Gliscor
|
|-status|p2a: Gliscor|tox|[from] item: Toxic Orb
|upkeep
|turn|2
|
|t:|1757816245
|move|p1a: Klefki|Light Screen|p1a: Klefki
|-sidestart|p1: findmyhair|move: Light Screen
|move|p2a: Gliscor|Earthquake|p1a: Klefki
|-supereffective|p1a: Klefki
|-damage|p1a: Klefki|35/100
|
|upkeep
|turn|3
|
|t:|1757816253
|switch|p1a: Cresselia|Cresselia, F|100/100
|move|p2a: Gliscor|Earthquake|p1a: Cresselia
|-immune|p1a: Cresselia|[from] ability: Levitate
|
|upkeep
|turn|4
|
|t:|1757816259
|move|p2a: Gliscor|Spikes|p1a: Cresselia
|-sidestart|p1: findmyhair|Spikes
|move|p1a: Cresselia|Trick Room|p1a: Cresselia
|-fieldstart|move: Trick Room|[of] p1a: Cresselia
|
|upkeep
|turn|5
|
|t:|1757816268
|move|p1a: Cresselia|Psychic|p2a: Gliscor
|-damage|p2a: Gliscor|79/100 tox
|move|p2a: Gliscor|Knock Off|p1a: Cresselia
|-supereffective|p1a: Cresselia
|-damage|p1a: Cresselia|76/100
|-enditem|p1a: Cresselia|Mental Herb|[from] move: Knock Off|[of] p2a: Gliscor
|
|-heal|p2a: Gliscor|91/100 tox|[from] ability: Poison Heal
|upkeep
|turn|6
|
|t:|1757816278
|move|p1a: Cresselia|Ice Beam|p2a: Gliscor
|-supereffective|p2a: Gliscor
|-damage|p2a: Gliscor|32/100 tox
|move|p2a: Gliscor|Spikes|p1a: Cresselia
|-sidestart|p1: findmyhair|Spikes
|
|-heal|p2a: Gliscor|45/100 tox|[from] ability: Poison Heal
|-sideend|p1: findmyhair|move: Light Screen
|upkeep
|turn|7
|
|t:|1757816286
|move|p2a: Gliscor|Protect|p2a: Gliscor
|-singleturn|p2a: Gliscor|Protect
|move|p1a: Cresselia|Trick Room|p1a: Cresselia
|-fieldend|move: Trick Room
|
|-heal|p2a: Gliscor|57/100 tox|[from] ability: Poison Heal
|upkeep
|turn|8
|
|t:|1757816297
|move|p2a: Gliscor|Spikes|p1a: Cresselia
|-sidestart|p1: findmyhair|Spikes
|move|p1a: Cresselia|Trick Room|p1a: Cresselia
|-fieldstart|move: Trick Room|[of] p1a: Cresselia
|
|-heal|p2a: Gliscor|70/100 tox|[from] ability: Poison Heal
|upkeep
|turn|9
|c|☆findmyhair|maybe 5 attacking moves between 6 pokemon for you
|c|☆findmyhair|im guessing
|
|t:|1757816322
|move|p1a: Cresselia|Ice Beam|p2a: Gliscor
|-supereffective|p2a: Gliscor
|-damage|p2a: Gliscor|18/100 tox
|move|p2a: Gliscor|Knock Off|p1a: Cresselia
|-supereffective|p1a: Cresselia
|-damage|p1a: Cresselia|60/100
|
|-heal|p2a: Gliscor|30/100 tox|[from] ability: Poison Heal
|upkeep
|turn|10
|
|t:|1757816330
|move|p2a: Gliscor|Protect|p2a: Gliscor
|-singleturn|p2a: Gliscor|Protect
|move|p1a: Cresselia|Trick Room|p1a: Cresselia
|-fieldend|move: Trick Room
|
|-heal|p2a: Gliscor|43/100 tox|[from] ability: Poison Heal
|upkeep
|turn|11
|
|t:|1757816338
|switch|p2a: Blissey|Blissey, F|100/100
|-damage|p2a: Blissey|88/100|[from] Spikes
|move|p1a: Cresselia|Ice Beam|p2a: Blissey
|-damage|p2a: Blissey|83/100
|
|-heal|p2a: Blissey|89/100|[from] item: Leftovers
|upkeep
|turn|12
|
|t:|1757816345
|move|p2a: Blissey|Seismic Toss|p1a: Cresselia
|-damage|p1a: Cresselia|37/100
|move|p1a: Cresselia|Trick Room|p1a: Cresselia
|-fieldstart|move: Trick Room|[of] p1a: Cresselia
|
|-heal|p2a: Blissey|95/100|[from] item: Leftovers
|upkeep
|turn|13
|
|t:|1757816352
|switch|p1a: Ursaluna|Ursaluna, M|100/100
|-damage|p1a: Ursaluna|75/100|[from] Spikes
|move|p2a: Blissey|Seismic Toss|p1a: Ursaluna
|-damage|p1a: Ursaluna|54/100
|
|-heal|p2a: Blissey|100/100|[from] item: Leftovers
|-status|p1a: Ursaluna|brn|[from] item: Flame Orb
|upkeep
|turn|14
|
|t:|1757816378
|switch|p2a: Weezing|Weezing-Galar, M|100/100
|-ability|p2a: Weezing|Neutralizing Gas
|move|p1a: Ursaluna|Swords Dance|p1a: Ursaluna
|-boost|p1a: Ursaluna|atk|2
|
|-damage|p1a: Ursaluna|48/100 brn|[from] brn
|upkeep
|turn|15
|inactive|UmbraEmerge has 120 seconds left.
|
|t:|1757816395
|-terastallize|p2a: Weezing|Ghost
|move|p1a: Ursaluna|Facade|p2a: Weezing
|-immune|p2a: Weezing
|move|p2a: Weezing|Strange Steam|p1a: Ursaluna
|-damage|p1a: Ursaluna|22/100 brn
|
|-damage|p1a: Ursaluna|15/100 brn|[from] brn
|upkeep
|turn|16
|c|☆UmbraEmerge|nc
|inactive|UmbraEmerge has 120 seconds left.
|
|t:|1757816407
|switch|p1a: Klefki|Klefki, M|35/100
|-damage|p1a: Klefki|10/100|[from] Spikes
|move|p2a: Weezing|Strange Steam|p1a: Klefki
|-resisted|p1a: Klefki
|-damage|p1a: Klefki|0 fnt
|faint|p1a: Klefki
|
|-fieldend|move: Trick Room
|upkeep
|
|t:|1757816415
|switch|p1a: Cresselia|Cresselia, F|37/100
|-damage|p1a: Cresselia|12/100|[from] Spikes
|turn|17
|
|t:|1757816420
|-end|p2a: Weezing|ability: Neutralizing Gas
|switch|p2a: Blissey|Blissey, F|100/100
|-damage|p2a: Blissey|88/100|[from] Spikes
|move|p1a: Cresselia|Trick Room|p1a: Cresselia
|-fieldstart|move: Trick Room|[of] p1a: Cresselia
|
|-heal|p2a: Blissey|94/100|[from] item: Leftovers
|upkeep
|turn|18
|
|t:|1757816427
|move|p2a: Blissey|Seismic Toss|p1a: Cresselia
|-damage|p1a: Cresselia|0 fnt
|faint|p1a: Cresselia
|
|-heal|p2a: Blissey|100/100|[from] item: Leftovers
|upkeep
|
|t:|1757816436
|switch|p1a: Crawdaunt|Crawdaunt, M|100/100
|-damage|p1a: Crawdaunt|76/100|[from] Spikes
|turn|19
|
|t:|1757816456
|switch|p2a: Toxapex|Toxapex, F|100/100
|-damage|p2a: Toxapex|88/100|[from] Spikes
|move|p1a: Crawdaunt|Knock Off|p2a: Toxapex
|-damage|p2a: Toxapex|16/100
|-enditem|p2a: Toxapex|Leftovers|[from] move: Knock Off|[of] p1a: Crawdaunt
|-damage|p1a: Crawdaunt|66/100|[from] item: Life Orb
|
|upkeep
|turn|20
|inactive|UmbraEmerge has 120 seconds left.
|
|t:|1757816478
|switch|p1a: Slowking|Slowking-Galar, M|100/100
|-damage|p1a: Slowking|76/100|[from] Spikes
|move|p2a: Toxapex|Recover|p2a: Toxapex
|-heal|p2a: Toxapex|66/100
|
|-heal|p1a: Slowking|82/100|[from] item: Black Sludge
|upkeep
|turn|21
|
|t:|1757816486
|move|p1a: Slowking|Nasty Plot|p1a: Slowking
|-boost|p1a: Slowking|spa|2
|move|p2a: Toxapex|Recover|p2a: Toxapex
|-heal|p2a: Toxapex|100/100
|
|-heal|p1a: Slowking|88/100|[from] item: Black Sludge
|-fieldend|move: Trick Room
|upkeep
|turn|22
|
|t:|1757816497
|move|p2a: Toxapex|Haze|p2a: Toxapex
|-clearallboost
|move|p1a: Slowking|Trick Room|p1a: Slowking
|-fieldstart|move: Trick Room|[of] p1a: Slowking
|
|-heal|p1a: Slowking|94/100|[from] item: Black Sludge
|upkeep
|turn|23
|
|t:|1757816508
|move|p1a: Slowking|Fire Blast|p2a: Toxapex|[miss]
|-miss|p1a: Slowking|p2a: Toxapex
|move|p2a: Toxapex|Toxic Spikes|p1a: Slowking
|-sidestart|p1: findmyhair|move: Toxic Spikes
|
|-heal|p1a: Slowking|99/100|[from] item: Black Sludge
|upkeep
|turn|24
|
|t:|1757816527
|switch|p1a: Ursaluna|Ursaluna, M|15/100 brn
|-damage|p1a: Ursaluna|0 fnt|[from] Spikes
|faint|p1a: Ursaluna
|switch|p2a: Blissey|Blissey, F|100/100
|-damage|p2a: Blissey|88/100|[from] Spikes
|
|-heal|p2a: Blissey|94/100|[from] item: Leftovers
|upkeep
|
|t:|1757816538
|switch|p1a: Slowking|Slowking-Galar, M|100/100
|-damage|p1a: Slowking|76/100|[from] Spikes
|-sideend|p1: findmyhair|move: Toxic Spikes|[of] p1a: Slowking
|turn|25
|
|t:|1757816546
|move|p2a: Blissey|Seismic Toss|p1a: Slowking
|-damage|p1a: Slowking|50/100
|move|p1a: Slowking|Trick Room|p1a: Slowking
|-fieldend|move: Trick Room
|
|-heal|p2a: Blissey|100/100|[from] item: Leftovers
|-heal|p1a: Slowking|56/100|[from] item: Black Sludge
|upkeep
|turn|26
|
|t:|1757816552
|move|p2a: Blissey|Seismic Toss|p1a: Slowking
|-damage|p1a: Slowking|31/100
|move|p1a: Slowking|Trick Room|p1a: Slowking
|-fieldstart|move: Trick Room|[of] p1a: Slowking
|
|-heal|p1a: Slowking|37/100|[from] item: Black Sludge
|upkeep
|turn|27
|
|t:|1757816558
|switch|p1a: Iron Hands|Iron Hands|100/100
|-damage|p1a: Iron Hands|75/100|[from] Spikes
|move|p2a: Blissey|Stealth Rock|p1a: Iron Hands
|-sidestart|p1: findmyhair|move: Stealth Rock
|
|upkeep
|turn|28
|
|t:|1757816587
|switch|p2a: Weezing|Weezing-Galar, M, tera:Ghost|100/100
|-ability|p2a: Weezing|Neutralizing Gas
|move|p1a: Iron Hands|Ice Punch|p2a: Weezing
|-damage|p2a: Weezing|80/100
|
|upkeep
|turn|29
|
|t:|1757816598
|-end|p1a: Iron Hands|Quark Drive|[silent]
|switch|p1a: Slowking|Slowking-Galar, M|70/100
|-damage|p1a: Slowking|45/100|[from] Spikes
|-damage|p1a: Slowking|33/100|[from] Stealth Rock
|move|p2a: Weezing|Strange Steam|p1a: Slowking
|-resisted|p1a: Slowking
|-damage|p1a: Slowking|23/100
|
|-heal|p1a: Slowking|29/100|[from] item: Black Sludge
|upkeep
|turn|30
|
|t:|1757816608
|-end|p2a: Weezing|ability: Neutralizing Gas
|switch|p2a: Blissey|Blissey, F|100/100
|-damage|p2a: Blissey|88/100|[from] Spikes
|move|p1a: Slowking|Nasty Plot|p1a: Slowking
|-boost|p1a: Slowking|spa|2
|
|-heal|p1a: Slowking|35/100|[from] item: Black Sludge
|-heal|p2a: Blissey|94/100|[from] item: Leftovers
|-fieldend|move: Trick Room
|upkeep
|turn|31
|
|t:|1757816617
|move|p2a: Blissey|Seismic Toss|p1a: Slowking
|-damage|p1a: Slowking|10/100
|move|p1a: Slowking|Trick Room|p1a: Slowking
|-fieldstart|move: Trick Room|[of] p1a: Slowking
|
|-heal|p1a: Slowking|16/100|[from] item: Black Sludge
|-heal|p2a: Blissey|100/100|[from] item: Leftovers
|upkeep
|turn|32
|
|t:|1757816625
|move|p1a: Slowking|Sludge Bomb|p2a: Blissey
|-damage|p2a: Blissey|70/100
|-status|p2a: Blissey|psn
|move|p2a: Blissey|Seismic Toss|p1a: Slowking
|-damage|p1a: Slowking|0 fnt
|faint|p1a: Slowking
|
|-heal|p2a: Blissey|76/100 psn|[from] item: Leftovers
|-damage|p2a: Blissey|64/100 psn|[from] psn
|upkeep
|
|t:|1757816637
|switch|p1a: Crawdaunt|Crawdaunt, M|66/100
|-damage|p1a: Crawdaunt|41/100|[from] Spikes
|-damage|p1a: Crawdaunt|28/100|[from] Stealth Rock
|turn|33
|inactive|UmbraEmerge has 120 seconds left.
|
|t:|1757816668
|move|p1a: Crawdaunt|Knock Off|p2a: Blissey
|-crit|p2a: Blissey
|-damage|p2a: Blissey|0 fnt
|-enditem|p2a: Blissey|Leftovers|[from] move: Knock Off|[of] p1a: Crawdaunt
|faint|p2a: Blissey
|-damage|p1a: Crawdaunt|18/100|[from] item: Life Orb
|
|upkeep
|inactive|UmbraEmerge has 120 seconds left.
|c|☆findmyhair|dang I just won 2 other matches waiting for this one to end
|
|t:|1757816686
|switch|p2a: Dondozo|Dondozo, F|100/100
|-damage|p2a: Dondozo|88/100|[from] Spikes
|turn|34
|c|☆UmbraEmerge|too bad you ain't winning this one
|
|t:|1757816699
|move|p1a: Crawdaunt|Knock Off|p2a: Dondozo
|-damage|p2a: Dondozo|49/100
|-enditem|p2a: Dondozo|Leftovers|[from] move: Knock Off|[of] p1a: Crawdaunt
|-damage|p1a: Crawdaunt|8/100|[from] item: Life Orb
|move|p2a: Dondozo|Body Press|p1a: Crawdaunt
|-supereffective|p1a: Crawdaunt
|-damage|p1a: Crawdaunt|0 fnt
|faint|p1a: Crawdaunt
|
|upkeep
|c|☆findmyhair|yeah it just takes you 50 moves for these teams to win lol
|
|t:|1757816718
|switch|p1a: Iron Hands|Iron Hands|75/100
|-damage|p1a: Iron Hands|50/100|[from] Spikes
|-damage|p1a: Iron Hands|44/100|[from] Stealth Rock
|turn|35
|inactive|UmbraEmerge has 120 seconds left.
|
|t:|1757816724
|move|p1a: Iron Hands|Fake Out|p2a: Dondozo
|-damage|p2a: Dondozo|43/100
|cant|p2a: Dondozo|flinch
|
|-fieldend|move: Trick Room
|upkeep
|turn|36
|
|t:|1757816732
|move|p2a: Dondozo|Rest|p2a: Dondozo
|-status|p2a: Dondozo|slp|[from] move: Rest
|-heal|p2a: Dondozo|100/100 slp|[silent]
|move|p1a: Iron Hands|Wild Charge|p2a: Dondozo
|-supereffective|p2a: Dondozo
|-damage|p2a: Dondozo|52/100 slp
|-damage|p1a: Iron Hands|32/100|[from] Recoil
|
|upkeep
|turn|37
|inactive|UmbraEmerge has 120 seconds left.
|
|t:|1757816755
|switch|p2a: Gliscor|Gliscor, M|43/100 tox
|move|p1a: Iron Hands|Close Combat|p2a: Gliscor
|-resisted|p2a: Gliscor
|-damage|p2a: Gliscor|15/100 tox
|-unboost|p1a: Iron Hands|def|1
|-unboost|p1a: Iron Hands|spd|1
|
|-heal|p2a: Gliscor|27/100 tox|[from] ability: Poison Heal
|upkeep
|turn|38
|inactive|UmbraEmerge has 120 seconds left.
|
|t:|1757816765
|move|p2a: Gliscor|Earthquake|p1a: Iron Hands
|-supereffective|p1a: Iron Hands
|-damage|p1a: Iron Hands|0 fnt
|faint|p1a: Iron Hands
|-end|p1a: Iron Hands|Quark Drive|[silent]
|
|win|UmbraEmerge
|raw|findmyhair's rating: 1191 &rarr; <strong>1170</strong><br />(-21 for losing)
|raw|UmbraEmerge's rating: 1254 &rarr; <strong>1275</strong><br />(+21 for winning)
|c|☆findmyhair|gg tho
|l|☆UmbraEmerge
|player|p2|
