|j|☆3idk
|j|☆randombananaYAY
|t:|1757911468
|gametype|singles
|player|p1|3idk|lusamine-masters|1638
|player|p2|randombananaYAY|2|1635
|gen|9
|tier|[Gen 9] OU
|rated|
|rule|HP Percentage Mod: HP is shown in percentages
|rule|Endless Battle Clause: Forcing endless battles is banned
|rule|Species Clause: Limit one of each Pokémon
|rule|OHKO Clause: OHKO moves are banned
|rule|Evasion Items Clause: Evasion items are banned
|rule|Evasion Moves Clause: Evasion moves are banned
|rule|Evasion Abilities Clause: Evasion abilities are banned
|rule|Sleep Moves Clause: Sleep-inducing moves are banned
|clearpoke
|poke|p1|Tyranitar, F|
|poke|p1|Excadrill, F|
|poke|p1|Keldeo-Resolute|
|poke|p1|Tornadus-Therian, M|
|poke|p1|Heatran, F|
|poke|p1|Hydrapple, M|
|poke|p2|Alomomola, M|
|poke|p2|Gliscor, M|
|poke|p2|Dondozo, F|
|poke|p2|Blissey, F|
|poke|p2|Toxapex, M|
|poke|p2|Clodsire, F|
|teampreview
|inactive|Battle timer is ON: inactive players will automatically lose when time's up. (requested by 3idk)
|
|t:|1757911476
|teamsize|p1|6
|teamsize|p2|6
|start
|switch|p1a: Tornadus|Tornadus-Therian, M|100/100
|switch|p2a: Gliscor|Gliscor, M|100/100
|turn|1
|inactive|3idk has 120 seconds left.
|
|t:|1757911515
|move|p2a: Gliscor|Protect|p2a: Gliscor
|-singleturn|p2a: Gliscor|Protect
|move|p1a: Tornadus|Taunt|p2a: Gliscor
|-activate|p2a: Gliscor|move: Protect
|
|-status|p2a: Gliscor|tox|[from] item: Toxic Orb
|upkeep
|turn|2
|
|t:|1757911522
|move|p1a: Tornadus|Taunt|p2a: Gliscor
|-start|p2a: Gliscor|move: Taunt
|move|p2a: Gliscor|Knock Off|p1a: Tornadus
|-damage|p1a: Tornadus|76/100
|-enditem|p1a: Tornadus|Heavy-Duty Boots|[from] move: Knock Off|[of] p2a: Gliscor
|
|upkeep
|turn|3
|inactive|3idk has 120 seconds left.
|inactive|3idk has 90 seconds left.
|inactive|3idk has 60 seconds left.
|inactive|3idk has 30 seconds left.
|
|t:|1757911628
|move|p1a: Tornadus|Bleakwind Storm|p2a: Gliscor
|-damage|p2a: Gliscor|71/100 tox
|-unboost|p2a: Gliscor|spe|1
|move|p2a: Gliscor|Knock Off|p1a: Tornadus
|-damage|p1a: Tornadus|60/100
|
|-heal|p2a: Gliscor|83/100 tox|[from] ability: Poison Heal
|upkeep
|turn|4
|
|t:|1757911637
|move|p1a: Tornadus|Bleakwind Storm|p2a: Gliscor
|-damage|p2a: Gliscor|53/100 tox
|move|p2a: Gliscor|Knock Off|p1a: Tornadus
|-damage|p1a: Tornadus|45/100
|
|-heal|p2a: Gliscor|65/100 tox|[from] ability: Poison Heal
|-end|p2a: Gliscor|move: Taunt
|upkeep
|turn|5
|inactive|3idk has 30 seconds left.
|
|t:|1757911661
|move|p1a: Tornadus|Taunt|p2a: Gliscor
|-start|p2a: Gliscor|move: Taunt
|move|p2a: Gliscor|Knock Off|p1a: Tornadus
|-damage|p1a: Tornadus|30/100
|
|-heal|p2a: Gliscor|78/100 tox|[from] ability: Poison Heal
|upkeep
|turn|6
|
|t:|1757911670
|move|p1a: Tornadus|U-turn|p2a: Gliscor
|-resisted|p2a: Gliscor
|-damage|p2a: Gliscor|72/100 tox
|
|t:|1757911675
|switch|p1a: Tyranitar|Tyranitar, F|100/100|[from] U-turn
|-weather|Sandstorm|[from] ability: Sand Stream|[of] p1a: Tyranitar
|move|p2a: Gliscor|Knock Off|p1a: Tyranitar
|-resisted|p1a: Tyranitar
|-damage|p1a: Tyranitar|91/100
|-enditem|p1a: Tyranitar|Choice Band|[from] move: Knock Off|[of] p2a: Gliscor
|
|-weather|Sandstorm|[upkeep]
|-heal|p2a: Gliscor|84/100 tox|[from] ability: Poison Heal
|upkeep
|turn|7
|
|t:|1757911690
|switch|p2a: Alomomola|Alomomola, M|100/100
|move|p1a: Tyranitar|Ice Punch|p2a: Alomomola
|-resisted|p2a: Alomomola
|-damage|p2a: Alomomola|92/100
|
|-weather|Sandstorm|[upkeep]
|-damage|p2a: Alomomola|86/100|[from] Sandstorm
|upkeep
|turn|8
|
|t:|1757911697
|switch|p1a: Hydrapple|Hydrapple, M|100/100
|move|p2a: Alomomola|Flip Turn|p1a: Hydrapple
|-resisted|p1a: Hydrapple
|-damage|p1a: Hydrapple|98/100
|-damage|p2a: Alomomola|69/100|[from] item: Rocky Helmet|[of] p1a: Hydrapple
|
|t:|1757911708
|switch|p2a: Toxapex|Toxapex, M|100/100|[from] Flip Turn
|
|-weather|Sandstorm|[upkeep]
|-damage|p1a: Hydrapple|92/100|[from] Sandstorm
|-damage|p2a: Toxapex|95/100|[from] Sandstorm
|upkeep
|turn|9
|inactive|3idk has 60 seconds left.
|
|t:|1757911742
|switch|p1a: Excadrill|Excadrill, F|100/100
|-item|p1a: Excadrill|Air Balloon
|move|p2a: Toxapex|Toxic|p1a: Excadrill
|-immune|p1a: Excadrill
|
|-weather|Sandstorm|[upkeep]
|-damage|p2a: Toxapex|89/100|[from] Sandstorm
|upkeep
|turn|10
|
|t:|1757911754
|switch|p1a: Tornadus|Tornadus-Therian, M|63/100
|switch|p2a: Alomomola|Alomomola, M|100/100
|
|-weather|none
|upkeep
|turn|11
|
|t:|1757911763
|move|p1a: Tornadus|Bleakwind Storm|p2a: Alomomola
|-damage|p2a: Alomomola|60/100
|move|p2a: Alomomola|Flip Turn|p1a: Tornadus
|-damage|p1a: Tornadus|46/100
|
|t:|1757911777
|switch|p2a: Gliscor|Gliscor, M|84/100 tox|[from] Flip Turn
|
|-heal|p2a: Gliscor|97/100 tox|[from] ability: Poison Heal
|upkeep
|turn|12
|
|t:|1757911788
|switch|p2a: Alomomola|Alomomola, M|93/100
|move|p1a: Tornadus|Taunt|p2a: Alomomola
|-start|p2a: Alomomola|move: Taunt
|
|upkeep
|turn|13
|
|t:|1757911795
|move|p1a: Tornadus|U-turn|p2a: Alomomola
|-damage|p2a: Alomomola|85/100
|
|t:|1757911799
|switch|p1a: Hydrapple|Hydrapple, M|100/100|[from] U-turn
|move|p2a: Alomomola|Flip Turn|p1a: Hydrapple
|-resisted|p1a: Hydrapple
|-damage|p1a: Hydrapple|98/100
|-damage|p2a: Alomomola|68/100|[from] item: Rocky Helmet|[of] p1a: Hydrapple
|
|t:|1757911808
|switch|p2a: Toxapex|Toxapex, M|100/100|[from] Flip Turn
|
|upkeep
|turn|14
|
|t:|1757911813
|switch|p1a: Tornadus|Tornadus-Therian, M|79/100
|move|p2a: Toxapex|Infestation|p1a: Tornadus
|-resisted|p1a: Tornadus
|-damage|p1a: Tornadus|78/100
|-activate|p1a: Tornadus|move: Infestation|[of] p2a: Toxapex
|
|-damage|p1a: Tornadus|65/100|[from] move: Infestation|[partiallytrapped]
|upkeep
|turn|15
|
|t:|1757911828
|switch|p2a: Alomomola|Alomomola, M|100/100
|move|p1a: Tornadus|Taunt|p2a: Alomomola
|-start|p2a: Alomomola|move: Taunt
|
|-end|p1a: Tornadus|Infestation|[partiallytrapped]|[silent]
|upkeep
|turn|16
|
|t:|1757911835
|move|p1a: Tornadus|U-turn|p2a: Alomomola
|-crit|p2a: Alomomola
|-damage|p2a: Alomomola|90/100
|
|t:|1757911843
|switch|p1a: Hydrapple|Hydrapple, M|100/100|[from] U-turn
|move|p2a: Alomomola|Scald|p1a: Hydrapple
|-resisted|p1a: Hydrapple
|-damage|p1a: Hydrapple|97/100
|
|upkeep
|turn|17
|
|t:|1757911855
|switch|p2a: Gliscor|Gliscor, M|97/100 tox
|move|p1a: Hydrapple|Nasty Plot|p1a: Hydrapple
|-boost|p1a: Hydrapple|spa|2
|
|-heal|p2a: Gliscor|100/100 tox|[from] ability: Poison Heal
|upkeep
|turn|18
|
|t:|1757911867
|move|p2a: Gliscor|Knock Off|p1a: Hydrapple
|-damage|p1a: Hydrapple|85/100
|-damage|p2a: Gliscor|84/100 tox|[from] item: Rocky Helmet|[of] p1a: Hydrapple
|-enditem|p1a: Hydrapple|Rocky Helmet|[from] move: Knock Off|[of] p2a: Gliscor
|move|p1a: Hydrapple|Nasty Plot|p1a: Hydrapple
|-boost|p1a: Hydrapple|spa|2
|
|-heal|p2a: Gliscor|96/100 tox|[from] ability: Poison Heal
|upkeep
|turn|19
|
|t:|1757911873
|switch|p2a: Clodsire|Clodsire, F|100/100
|move|p1a: Hydrapple|Fickle Beam|p2a: Clodsire
|-damage|p2a: Clodsire|81/100
|
|upkeep
|turn|20
|
|t:|1757911881
|switch|p1a: Excadrill|Excadrill, F|100/100
|-item|p1a: Excadrill|Air Balloon
|move|p2a: Clodsire|Amnesia|p2a: Clodsire
|-boost|p2a: Clodsire|spd|2
|
|upkeep
|turn|21
|
|t:|1757911888
|switch|p2a: Alomomola|Alomomola, M|100/100
|move|p1a: Excadrill|Swords Dance|p1a: Excadrill
|-boost|p1a: Excadrill|atk|2
|
|upkeep
|turn|22
|
|t:|1757911895
|move|p1a: Excadrill|Earthquake|p2a: Alomomola
|-damage|p2a: Alomomola|34/100
|move|p2a: Alomomola|Flip Turn|p1a: Excadrill
|-supereffective|p1a: Excadrill
|-damage|p1a: Excadrill|52/100
|-enditem|p1a: Excadrill|Air Balloon
|
|t:|1757911898
|switch|p2a: Dondozo|Dondozo, F|100/100|[from] Flip Turn
|
|upkeep
|turn|23
|
|t:|1757911905
|switch|p1a: Hydrapple|Hydrapple, M|100/100
|move|p2a: Dondozo|Avalanche|p1a: Hydrapple
|-supereffective|p1a: Hydrapple
|-damage|p1a: Hydrapple|72/100
|
|upkeep
|turn|24
|
|t:|1757911916
|switch|p1a: Excadrill|Excadrill, F|52/100
|switch|p2a: Blissey|Blissey, F|100/100
|
|upkeep
|turn|25
|
|t:|1757911922
|switch|p2a: Alomomola|Alomomola, M|68/100
|move|p1a: Excadrill|Swords Dance|p1a: Excadrill
|-boost|p1a: Excadrill|atk|2
|
|upkeep
|turn|26
|
|t:|1757911928
|move|p2a: Alomomola|Protect|p2a: Alomomola
|-singleturn|p2a: Alomomola|Protect
|move|p1a: Excadrill|Swords Dance|p1a: Excadrill
|-boost|p1a: Excadrill|atk|2
|
|upkeep
|turn|27
|
|t:|1757911933
|switch|p2a: Dondozo|Dondozo, F|100/100
|move|p1a: Excadrill|Earthquake|p2a: Dondozo
|-damage|p2a: Dondozo|75/100
|
|upkeep
|turn|28
|
|t:|1757911939
|switch|p1a: Hydrapple|Hydrapple, M|100/100
|move|p2a: Dondozo|Curse|p2a: Dondozo
|-unboost|p2a: Dondozo|spe|1
|-boost|p2a: Dondozo|atk|1
|-boost|p2a: Dondozo|def|1
|
|upkeep
|turn|29
|
|t:|1757911949
|switch|p2a: Blissey|Blissey, F|100/100
|move|p1a: Hydrapple|Earth Power|p2a: Blissey
|-damage|p2a: Blissey|92/100
|
|upkeep
|turn|30
|
|t:|1757911953
|switch|p1a: Heatran|Heatran, F|100/100
|move|p2a: Blissey|Stealth Rock|p1a: Heatran
|-sidestart|p1: 3idk|move: Stealth Rock
|
|upkeep
|turn|31
|
|t:|1757911960
|switch|p2a: Alomomola|Alomomola, M|100/100
|move|p1a: Heatran|Stealth Rock|p2a: Alomomola
|-sidestart|p2: randombananaYAY|move: Stealth Rock
|
|upkeep
|turn|32
|
|t:|1757911965
|switch|p1a: Hydrapple|Hydrapple, M|100/100
|-damage|p1a: Hydrapple|88/100|[from] Stealth Rock
|move|p2a: Alomomola|Protect||[still]
|-fail|p2a: Alomomola
|
|upkeep
|turn|33
|
|t:|1757911981
|switch|p2a: Blissey|Blissey, F|92/100
|move|p1a: Hydrapple|Giga Drain|p2a: Blissey
|-damage|p2a: Blissey|83/100
|-heal|p1a: Hydrapple|95/100|[from] drain|[of] p2a: Blissey
|
|upkeep
|turn|34
|
|t:|1757911993
|switch|p1a: Tyranitar|Tyranitar, F|91/100
|-damage|p1a: Tyranitar|79/100|[from] Stealth Rock
|-weather|Sandstorm|[from] ability: Sand Stream|[of] p1a: Tyranitar
|move|p2a: Blissey|Calm Mind|p2a: Blissey
|-boost|p2a: Blissey|spa|1
|-boost|p2a: Blissey|spd|1
|
|-weather|Sandstorm|[upkeep]
|-damage|p2a: Blissey|77/100|[from] Sandstorm
|upkeep
|turn|35
|
|t:|1757911999
|switch|p2a: Alomomola|Alomomola, M|100/100
|move|p1a: Tyranitar|Knock Off|p2a: Alomomola
|-damage|p2a: Alomomola|71/100
|-enditem|p2a: Alomomola|Heavy-Duty Boots|[from] move: Knock Off|[of] p1a: Tyranitar
|
|-weather|Sandstorm|[upkeep]
|-damage|p2a: Alomomola|65/100|[from] Sandstorm
|upkeep
|turn|36
|
|t:|1757912008
|switch|p1a: Hydrapple|Hydrapple, M|100/100
|-damage|p1a: Hydrapple|88/100|[from] Stealth Rock
|move|p2a: Alomomola|Wish|p2a: Alomomola
|
|-weather|Sandstorm|[upkeep]
|-damage|p2a: Alomomola|58/100|[from] Sandstorm
|-damage|p1a: Hydrapple|82/100|[from] Sandstorm
|upkeep
|turn|37
|
|t:|1757912022
|switch|p2a: Blissey|Blissey, F|77/100
|move|p1a: Hydrapple|Nasty Plot|p1a: Hydrapple
|-boost|p1a: Hydrapple|spa|2
|
|-weather|Sandstorm|[upkeep]
|-damage|p2a: Blissey|71/100|[from] Sandstorm
|-damage|p1a: Hydrapple|76/100|[from] Sandstorm
|-heal|p2a: Blissey|100/100|[from] move: Wish|[wisher] Alomomola
|upkeep
|turn|38
|
|t:|1757912027
|switch|p1a: Heatran|Heatran, F|100/100
|-damage|p1a: Heatran|88/100|[from] Stealth Rock
|move|p2a: Blissey|Calm Mind|p2a: Blissey
|-boost|p2a: Blissey|spa|1
|-boost|p2a: Blissey|spd|1
|
|-weather|none
|-heal|p1a: Heatran|94/100|[from] item: Leftovers
|upkeep
|turn|39
|
|t:|1757912035
|move|p1a: Heatran|Magma Storm|p2a: Blissey
|-damage|p2a: Blissey|92/100
|-activate|p2a: Blissey|move: Magma Storm|[of] p1a: Heatran
|move|p2a: Blissey|Calm Mind|p2a: Blissey
|-boost|p2a: Blissey|spa|1
|-boost|p2a: Blissey|spd|1
|
|-heal|p1a: Heatran|100/100|[from] item: Leftovers
|-damage|p2a: Blissey|80/100|[from] move: Magma Storm|[partiallytrapped]
|upkeep
|turn|40
|
|t:|1757912044
|move|p1a: Heatran|Earth Power|p2a: Blissey
|-damage|p2a: Blissey|75/100
|move|p2a: Blissey|Seismic Toss|p1a: Heatran
|-damage|p1a: Heatran|75/100
|
|-heal|p1a: Heatran|81/100|[from] item: Leftovers
|-damage|p2a: Blissey|63/100|[from] move: Magma Storm|[partiallytrapped]
|upkeep
|turn|41
|
|t:|1757912053
|move|p1a: Heatran|Earth Power|p2a: Blissey
|-damage|p2a: Blissey|59/100
|move|p2a: Blissey|Soft-Boiled|p2a: Blissey
|-heal|p2a: Blissey|100/100
|
|-heal|p1a: Heatran|87/100|[from] item: Leftovers
|-damage|p2a: Blissey|88/100|[from] move: Magma Storm|[partiallytrapped]
|upkeep
|turn|42
|
|t:|1757912060
|move|p1a: Heatran|Earth Power|p2a: Blissey
|-damage|p2a: Blissey|84/100
|move|p2a: Blissey|Calm Mind|p2a: Blissey
|-boost|p2a: Blissey|spa|1
|-boost|p2a: Blissey|spd|1
|
|-heal|p1a: Heatran|93/100|[from] item: Leftovers
|-damage|p2a: Blissey|72/100|[from] move: Magma Storm|[partiallytrapped]
|upkeep
|turn|43
|
|t:|1757912068
|move|p1a: Heatran|Taunt|p2a: Blissey
|-start|p2a: Blissey|move: Taunt
|move|p2a: Blissey|Seismic Toss|p1a: Heatran
|-damage|p1a: Heatran|67/100
|-status|p2a: Blissey|brn|[from] ability: Flame Body|[of] p1a: Heatran
|
|-heal|p1a: Heatran|74/100|[from] item: Leftovers
|-damage|p2a: Blissey|66/100 brn|[from] brn
|-end|p2a: Blissey|Magma Storm|[partiallytrapped]
|upkeep
|turn|44
|
|t:|1757912077
|-curestatus|p2a: Blissey|brn|[from] ability: Natural Cure
|switch|p2a: Alomomola|Alomomola, M|92/100
|-damage|p2a: Alomomola|79/100|[from] Stealth Rock
|move|p1a: Heatran|Earth Power|p2a: Alomomola
|-damage|p2a: Alomomola|47/100
|
|-heal|p1a: Heatran|80/100|[from] item: Leftovers
|upkeep
|turn|45
|
|t:|1757912087
|switch|p1a: Hydrapple|Hydrapple, M|100/100
|-damage|p1a: Hydrapple|88/100|[from] Stealth Rock
|move|p2a: Alomomola|Flip Turn|p1a: Hydrapple
|-resisted|p1a: Hydrapple
|-damage|p1a: Hydrapple|86/100
|
|t:|1757912097
|switch|p2a: Blissey|Blissey, F|66/100|[from] Flip Turn
|
|upkeep
|turn|46
|
|t:|1757912103
|switch|p1a: Keldeo|Keldeo-Resolute|100/100
|-damage|p1a: Keldeo|94/100|[from] Stealth Rock
|move|p2a: Blissey|Seismic Toss|p1a: Keldeo
|-damage|p1a: Keldeo|63/100
|
|upkeep
|turn|47
|
|t:|1757912112
|switch|p2a: Toxapex|Toxapex, M|100/100
|move|p1a: Keldeo|Flip Turn|p2a: Toxapex
|-resisted|p2a: Toxapex
|-damage|p2a: Toxapex|96/100
|
|t:|1757912117
|switch|p1a: Excadrill|Excadrill, F|52/100|[from] Flip Turn
|-damage|p1a: Excadrill|49/100|[from] Stealth Rock
|
|upkeep
|turn|48
|
|t:|1757912123
|switch|p2a: Dondozo|Dondozo, F|75/100
|move|p1a: Excadrill|Rapid Spin|p2a: Dondozo
|-damage|p2a: Dondozo|67/100
|-boost|p1a: Excadrill|spe|1
|-sideend|p1: 3idk|Stealth Rock|[from] move: Rapid Spin|[of] p1a: Excadrill
|
|upkeep
|turn|49
|
|t:|1757912131
|switch|p1a: Hydrapple|Hydrapple, M|100/100
|switch|p2a: Alomomola|Alomomola, M|80/100
|-damage|p2a: Alomomola|68/100|[from] Stealth Rock
|
|upkeep
|turn|50
|
|t:|1757912138
|switch|p2a: Blissey|Blissey, F|66/100
|switch|p1a: Keldeo|Keldeo-Resolute|63/100
|
|upkeep
|turn|51
|
|t:|1757912145
|switch|p2a: Toxapex|Toxapex, M|100/100
|move|p1a: Keldeo|Flip Turn|p2a: Toxapex
|-resisted|p2a: Toxapex
|-damage|p2a: Toxapex|96/100
|
|t:|1757912153
|switch|p1a: Tornadus|Tornadus-Therian, M|98/100|[from] Flip Turn
|
|upkeep
|turn|52
|
|t:|1757912162
|move|p1a: Tornadus|Bleakwind Storm|p2a: Toxapex
|-damage|p2a: Toxapex|65/100
|move|p2a: Toxapex|Infestation|p1a: Tornadus
|-resisted|p1a: Tornadus
|-damage|p1a: Tornadus|97/100
|-activate|p1a: Tornadus|move: Infestation|[of] p2a: Toxapex
|
|-damage|p1a: Tornadus|84/100|[from] move: Infestation|[partiallytrapped]
|upkeep
|turn|53
|
|t:|1757912168
|move|p1a: Tornadus|Bleakwind Storm|p2a: Toxapex|[miss]
|-miss|p1a: Tornadus|p2a: Toxapex
|move|p2a: Toxapex|Infestation|p1a: Tornadus
|-resisted|p1a: Tornadus
|-damage|p1a: Tornadus|83/100
|
|-damage|p1a: Tornadus|71/100|[from] move: Infestation|[partiallytrapped]
|upkeep
|turn|54
|
|t:|1757912173
|move|p1a: Tornadus|Taunt|p2a: Toxapex
|-start|p2a: Toxapex|move: Taunt
|cant|p2a: Toxapex|move: Taunt|Toxic
|
|-damage|p1a: Tornadus|58/100|[from] move: Infestation|[partiallytrapped]
|upkeep
|turn|55
|
|t:|1757912180
|switch|p2a: Gliscor|Gliscor, M|96/100 tox
|-damage|p2a: Gliscor|84/100 tox|[from] Stealth Rock
|move|p1a: Tornadus|Bleakwind Storm|p2a: Gliscor
|-damage|p2a: Gliscor|55/100 tox
|-unboost|p2a: Gliscor|spe|1
|
|-heal|p2a: Gliscor|67/100 tox|[from] ability: Poison Heal
|-end|p1a: Tornadus|Infestation|[partiallytrapped]|[silent]
|upkeep
|turn|56
|j| Nodragondanceinrb
|
|t:|1757912189
|move|p2a: Gliscor|Protect|p2a: Gliscor
|-singleturn|p2a: Gliscor|Protect
|move|p1a: Tornadus|Taunt|p2a: Gliscor
|-activate|p2a: Gliscor|move: Protect
|
|-heal|p2a: Gliscor|80/100 tox|[from] ability: Poison Heal
|upkeep
|turn|57
|
|t:|1757912195
|move|p1a: Tornadus|Taunt|p2a: Gliscor
|-start|p2a: Gliscor|move: Taunt
|cant|p2a: Gliscor|move: Taunt|Spikes
|
|-heal|p2a: Gliscor|92/100 tox|[from] ability: Poison Heal
|upkeep
|turn|58
|
|t:|1757912199
|move|p1a: Tornadus|Bleakwind Storm|p2a: Gliscor|[miss]
|-miss|p1a: Tornadus|p2a: Gliscor
|move|p2a: Gliscor|Knock Off|p1a: Tornadus
|-damage|p1a: Tornadus|43/100
|
|-heal|p2a: Gliscor|100/100 tox|[from] ability: Poison Heal
|upkeep
|turn|59
|
|t:|1757912203
|move|p1a: Tornadus|Bleakwind Storm|p2a: Gliscor
|-damage|p2a: Gliscor|72/100 tox
|move|p2a: Gliscor|Knock Off|p1a: Tornadus
|-damage|p1a: Tornadus|27/100
|
|-heal|p2a: Gliscor|84/100 tox|[from] ability: Poison Heal
|-end|p2a: Gliscor|move: Taunt
|upkeep
|turn|60
|
|t:|1757912208
|move|p1a: Tornadus|Taunt|p2a: Gliscor
|-start|p2a: Gliscor|move: Taunt
|move|p2a: Gliscor|Knock Off|p1a: Tornadus
|-damage|p1a: Tornadus|10/100
|
|-heal|p2a: Gliscor|97/100 tox|[from] ability: Poison Heal
|upkeep
|turn|61
|
|t:|1757912218
|move|p1a: Tornadus|U-turn|p2a: Gliscor
|-resisted|p2a: Gliscor
|-damage|p2a: Gliscor|91/100 tox
|
|t:|1757912223
|switch|p1a: Keldeo|Keldeo-Resolute|63/100|[from] U-turn
|move|p2a: Gliscor|Knock Off|p1a: Keldeo
|-resisted|p1a: Keldeo
|-damage|p1a: Keldeo|51/100
|-ability|p1a: Keldeo|Justified|boost
|-boost|p1a: Keldeo|atk|1
|-enditem|p1a: Keldeo|Choice Specs|[from] move: Knock Off|[of] p2a: Gliscor
|
|-heal|p2a: Gliscor|100/100 tox|[from] ability: Poison Heal
|upkeep
|turn|62
|
|t:|1757912235
|switch|p2a: Toxapex|Toxapex, M|98/100
|move|p1a: Keldeo|Surf|p2a: Toxapex
|-resisted|p2a: Toxapex
|-damage|p2a: Toxapex|78/100
|
|upkeep
|turn|63
|
|t:|1757912244
|switch|p1a: Heatran|Heatran, F|80/100
|move|p2a: Toxapex|Infestation|p1a: Heatran
|-resisted|p1a: Heatran
|-damage|p1a: Heatran|80/100
|-activate|p1a: Heatran|move: Infestation|[of] p2a: Toxapex
|
|-heal|p1a: Heatran|86/100|[from] item: Leftovers
|-damage|p1a: Heatran|73/100|[from] move: Infestation|[partiallytrapped]
|upkeep
|turn|64
|
|t:|1757912255
|switch|p2a: Alomomola|Alomomola, M|100/100
|-damage|p2a: Alomomola|88/100|[from] Stealth Rock
|move|p1a: Heatran|Magma Storm|p2a: Alomomola|[miss]
|-miss|p1a: Heatran|p2a: Alomomola
|
|-heal|p1a: Heatran|80/100|[from] item: Leftovers
|-end|p1a: Heatran|Infestation|[partiallytrapped]|[silent]
|upkeep
|turn|65
|
|t:|1757912265
|switch|p1a: Tornadus|Tornadus-Therian, M|43/100
|move|p2a: Alomomola|Protect||[still]
|-fail|p2a: Alomomola
|
|upkeep
|turn|66
|j| heatraniac
|
|t:|1757912273
|move|p1a: Tornadus|Bleakwind Storm|p2a: Alomomola
|-damage|p2a: Alomomola|44/100
|-unboost|p2a: Alomomola|spe|1
|move|p2a: Alomomola|Flip Turn|p1a: Tornadus
|-damage|p1a: Tornadus|24/100
|
|t:|1757912282
|switch|p2a: Blissey|Blissey, F|66/100|[from] Flip Turn
|
|upkeep
|turn|67
|
|t:|1757912286
|move|p1a: Tornadus|Taunt|p2a: Blissey
|-start|p2a: Blissey|move: Taunt
|cant|p2a: Blissey|move: Taunt|Stealth Rock
|
|upkeep
|turn|68
|
|t:|1757912292
|switch|p2a: Alomomola|Alomomola, M|77/100
|-damage|p2a: Alomomola|65/100|[from] Stealth Rock
|move|p1a: Tornadus|U-turn|p2a: Alomomola
|-damage|p2a: Alomomola|57/100
|
|t:|1757912305
|switch|p1a: Hydrapple|Hydrapple, M|100/100|[from] U-turn
|
|upkeep
|turn|69
|
|t:|1757912311
|switch|p2a: Blissey|Blissey, F|66/100
|switch|p1a: Tornadus|Tornadus-Therian, M|57/100
|
|upkeep
|turn|70
|l| heatraniac
|
|t:|1757912321
|switch|p2a: Gliscor|Gliscor, M|100/100 tox
|-damage|p2a: Gliscor|88/100 tox|[from] Stealth Rock
|move|p1a: Tornadus|Taunt|p2a: Gliscor
|-start|p2a: Gliscor|move: Taunt
|
|-heal|p2a: Gliscor|100/100 tox|[from] ability: Poison Heal
|upkeep
|turn|71
|
|t:|1757912331
|switch|p2a: Toxapex|Toxapex, M|100/100
|move|p1a: Tornadus|Bleakwind Storm|p2a: Toxapex
|-damage|p2a: Toxapex|69/100
|-unboost|p2a: Toxapex|spe|1
|
|upkeep
|turn|72
|
|t:|1757912338
|switch|p2a: Gliscor|Gliscor, M|100/100 tox
|-damage|p2a: Gliscor|88/100 tox|[from] Stealth Rock
|move|p1a: Tornadus|Taunt|p2a: Gliscor
|-start|p2a: Gliscor|move: Taunt
|
|-heal|p2a: Gliscor|100/100 tox|[from] ability: Poison Heal
|upkeep
|turn|73
|
|t:|1757912344
|switch|p2a: Toxapex|Toxapex, M|100/100
|move|p1a: Tornadus|Bleakwind Storm|p2a: Toxapex
|-damage|p2a: Toxapex|67/100
|
|upkeep
|turn|74
|
|t:|1757912352
|move|p1a: Tornadus|Taunt|p2a: Toxapex
|-start|p2a: Toxapex|move: Taunt
|move|p2a: Toxapex|Infestation|p1a: Tornadus
|-resisted|p1a: Tornadus
|-damage|p1a: Tornadus|56/100
|-activate|p1a: Tornadus|move: Infestation|[of] p2a: Toxapex
|
|-damage|p1a: Tornadus|43/100|[from] move: Infestation|[partiallytrapped]
|upkeep
|turn|75
|
|t:|1757912358
|switch|p2a: Gliscor|Gliscor, M|100/100 tox
|-damage|p2a: Gliscor|88/100 tox|[from] Stealth Rock
|move|p1a: Tornadus|U-turn|p2a: Gliscor
|-resisted|p2a: Gliscor
|-damage|p2a: Gliscor|83/100 tox
|
|t:|1757912366
|switch|p1a: Keldeo|Keldeo-Resolute|51/100|[from] U-turn
|
|-heal|p2a: Gliscor|95/100 tox|[from] ability: Poison Heal
|upkeep
|turn|76
|
|t:|1757912374
|switch|p2a: Toxapex|Toxapex, M|99/100
|move|p1a: Keldeo|Flip Turn|p2a: Toxapex
|-resisted|p2a: Toxapex
|-damage|p2a: Toxapex|96/100
|
|t:|1757912384
|switch|p1a: Excadrill|Excadrill, F|49/100|[from] Flip Turn
|
|upkeep
|turn|77
|l|☆randombananaYAY
|inactive|randombananaYAY disconnected and has a minute to reconnect!
|player|p2|
|inactive|randombananaYAY has 30 seconds to reconnect!
|inactive|randombananaYAY has 20 seconds to reconnect!
|inactive|randombananaYAY has 15 seconds to reconnect!
|inactive|randombananaYAY has 10 seconds to reconnect!
|j| A.Omnipotent
|inactive|randombananaYAY has 5 seconds to reconnect!
|-message|randombananaYAY lost due to inactivity.
|
|win|3idk
|raw|3idk's rating: 1618 &rarr; <strong>1639</strong><br />(+21 for winning)
|raw|randombananaYAY's rating: 1635 &rarr; <strong>1614</strong><br />(-21 for losing)
|l| A.Omnipotent
|l| Nodragondanceinrb
