|j|☆IMNOTGCB
|j|☆litlenova
|t:|1757865630
|gametype|singles
|player|p1|IMNOTGCB|169|1041
|player|p2|litlenova|hugh|1063
|gen|9
|tier|[Gen 9] OU
|rated|
|rule|HP Percentage Mod: HP is shown in percentages
|rule|Endless Battle Clause: Forcing endless battles is banned
|rule|Species Clause: Limit one of each Pokémon
|rule|OHKO Clause: OHKO moves are banned
|rule|Evasion Items Clause: Evasion items are banned
|rule|Evasion Moves Clause: Evasion moves are banned
|rule|Evasion Abilities Clause: Evasion abilities are banned
|rule|Sleep Moves Clause: Sleep-inducing moves are banned
|clearpoke
|poke|p1|Talonflame, M|
|poke|p1|Ting-Lu|
|poke|p1|Great Tusk|
|poke|p1|Kingambit, M|
|poke|p1|Gholdengo|
|poke|p1|Corviknight, M|
|poke|p2|Blissey, F|
|poke|p2|Dondozo, M|
|poke|p2|Gliscor, F|
|poke|p2|Toxapex, M|
|poke|p2|Clefable, M|
|poke|p2|Clodsire, M|
|teampreview
|
|t:|1757865649
|teamsize|p1|6
|teamsize|p2|6
|start
|switch|p1a: Talonflame|Talonflame, M|100/100
|switch|p2a: Blissey|Blissey, F|100/100
|turn|1
|
|t:|1757865658
|move|p1a: Talonflame|U-turn|p2a: Blissey
|-damage|p2a: Blissey|84/100
|
|t:|1757865663
|switch|p1a: Corviknight|Corviknight, M|100/100|[from] U-turn
|-ability|p1a: Corviknight|Pressure
|move|p2a: Blissey|Stealth Rock|p1a: Corviknight
|-sidestart|p1: IMNOTGCB|move: Stealth Rock
|
|upkeep
|turn|2
|
|t:|1757865675
|move|p1a: Corviknight|Bulk Up|p1a: Corviknight
|-boost|p1a: Corviknight|atk|1
|-boost|p1a: Corviknight|def|1
|move|p2a: Blissey|Shadow Ball|p1a: Corviknight
|-damage|p1a: Corviknight|87/100
|
|upkeep
|turn|3
|
|t:|1757865686
|move|p1a: Corviknight|Bulk Up|p1a: Corviknight
|-boost|p1a: Corviknight|atk|1
|-boost|p1a: Corviknight|def|1
|move|p2a: Blissey|Shadow Ball|p1a: Corviknight
|-damage|p1a: Corviknight|75/100
|
|upkeep
|turn|4
|
|t:|1757865694
|move|p1a: Corviknight|Body Press|p2a: Blissey
|-supereffective|p2a: Blissey
|-damage|p2a: Blissey|0 fnt
|faint|p2a: Blissey
|
|upkeep
|
|t:|1757865706
|switch|p2a: Clefable|Clefable, M|100/100
|turn|5
|
|t:|1757865712
|move|p1a: Corviknight|Brave Bird|p2a: Clefable
|-damage|p2a: Clefable|45/100
|-damage|p1a: Corviknight|53/100|[from] Recoil
|move|p2a: Clefable|Knock Off|p1a: Corviknight
|-damage|p1a: Corviknight|48/100
|-enditem|p1a: Corviknight|Sitrus Berry|[from] move: Knock Off|[of] p2a: Clefable
|
|upkeep
|turn|6
|
|t:|1757865725
|switch|p2a: Dondozo|Dondozo, M|100/100
|move|p1a: Corviknight|Roost|p1a: Corviknight
|-heal|p1a: Corviknight|98/100
|-singleturn|p1a: Corviknight|move: Roost
|
|upkeep
|turn|7
|
|t:|1757865741
|move|p1a: Corviknight|Body Press|p2a: Dondozo
|-damage|p2a: Dondozo|88/100
|move|p2a: Dondozo|Waterfall|p1a: Corviknight
|-damage|p1a: Corviknight|78/100
|
|upkeep
|turn|8
|
|t:|1757865749
|move|p1a: Corviknight|Brave Bird|p2a: Dondozo
|-crit|p2a: Dondozo
|-damage|p2a: Dondozo|66/100
|-damage|p1a: Corviknight|67/100|[from] Recoil
|move|p2a: Dondozo|Curse|p2a: Dondozo
|-unboost|p2a: Dondozo|spe|1
|-boost|p2a: Dondozo|atk|1
|-boost|p2a: Dondozo|def|1
|
|upkeep
|turn|9
|
|t:|1757865767
|switch|p1a: Gholdengo|Gholdengo|100/100
|-damage|p1a: Gholdengo|94/100|[from] Stealth Rock
|move|p2a: Dondozo|Waterfall|p1a: Gholdengo
|-crit|p1a: Gholdengo
|-damage|p1a: Gholdengo|27/100
|
|upkeep
|turn|10
|
|t:|1757865780
|move|p1a: Gholdengo|Shadow Ball|p2a: Dondozo
|-damage|p2a: Dondozo|21/100
|move|p2a: Dondozo|Waterfall|p1a: Gholdengo
|-damage|p1a: Gholdengo|0 fnt
|faint|p1a: Gholdengo
|
|upkeep
|
|t:|1757865798
|switch|p1a: Great Tusk|Great Tusk|100/100
|-damage|p1a: Great Tusk|98/100|[from] Stealth Rock
|-enditem|p1a: Great Tusk|Booster Energy
|-activate|p1a: Great Tusk|ability: Protosynthesis|[fromitem]
|-start|p1a: Great Tusk|protosynthesisspe
|turn|11
|
|t:|1757865806
|switch|p2a: Toxapex|Toxapex, M|100/100
|-terastallize|p1a: Great Tusk|Ground
|move|p1a: Great Tusk|Headlong Rush|p2a: Toxapex
|-supereffective|p2a: Toxapex
|-damage|p2a: Toxapex|13/100
|-unboost|p1a: Great Tusk|def|1
|-unboost|p1a: Great Tusk|spd|1
|
|upkeep
|turn|12
|
|t:|1757865823
|move|p1a: Great Tusk|Rapid Spin|p2a: Toxapex
|-damage|p2a: Toxapex|5/100
|-boost|p1a: Great Tusk|spe|1
|-sideend|p1: IMNOTGCB|Stealth Rock|[from] move: Rapid Spin|[of] p1a: Great Tusk
|move|p2a: Toxapex|Toxic|p1a: Great Tusk
|-status|p1a: Great Tusk|tox
|
|-damage|p1a: Great Tusk|91/100 tox|[from] psn
|upkeep
|turn|13
|
|t:|1757865839
|switch|p2a: Clefable|Clefable, M|45/100
|move|p1a: Great Tusk|Rapid Spin|p2a: Clefable
|-damage|p2a: Clefable|35/100
|-boost|p1a: Great Tusk|spe|1
|
|-damage|p1a: Great Tusk|79/100 tox|[from] psn
|-damage|p1a: Great Tusk|67/100 tox|[from] item: Sticky Barb
|upkeep
|turn|14
|
|t:|1757865866
|-end|p1a: Great Tusk|Protosynthesis|[silent]
|switch|p1a: Ting-Lu|Ting-Lu|100/100
|-ability|p1a: Ting-Lu|Vessel of Ruin
|move|p2a: Clefable|Moonlight|p2a: Clefable
|-heal|p2a: Clefable|85/100
|
|upkeep
|turn|15
|
|t:|1757865881
|move|p2a: Clefable|Knock Off|p1a: Ting-Lu
|-resisted|p1a: Ting-Lu
|-damage|p1a: Ting-Lu|97/100
|-enditem|p1a: Ting-Lu|Leftovers|[from] move: Knock Off|[of] p2a: Clefable
|move|p1a: Ting-Lu|Stealth Rock|p2a: Clefable
|-sidestart|p2: litlenova|move: Stealth Rock
|
|upkeep
|turn|16
|
|t:|1757865889
|move|p2a: Clefable|Moonblast|p1a: Ting-Lu
|-supereffective|p1a: Ting-Lu
|-damage|p1a: Ting-Lu|66/100
|move|p1a: Ting-Lu|Spikes|p2a: Clefable
|-sidestart|p2: litlenova|Spikes
|
|upkeep
|turn|17
|
|t:|1757865896
|move|p2a: Clefable|Calm Mind|p2a: Clefable
|-boost|p2a: Clefable|spa|1
|-boost|p2a: Clefable|spd|1
|move|p1a: Ting-Lu|Spikes|p2a: Clefable
|-sidestart|p2: litlenova|Spikes
|
|upkeep
|turn|18
|
|t:|1757865903
|move|p2a: Clefable|Moonblast|p1a: Ting-Lu
|-supereffective|p1a: Ting-Lu
|-damage|p1a: Ting-Lu|18/100
|-unboost|p1a: Ting-Lu|spa|1
|move|p1a: Ting-Lu|Spikes|p2a: Clefable
|-sidestart|p2: litlenova|Spikes
|
|upkeep
|turn|19
|
|t:|1757865911
|move|p2a: Clefable|Moonblast|p1a: Ting-Lu
|-supereffective|p1a: Ting-Lu
|-damage|p1a: Ting-Lu|0 fnt
|faint|p1a: Ting-Lu
|
|upkeep
|
|t:|1757865919
|switch|p1a: Talonflame|Talonflame, M|100/100
|turn|20
|
|t:|1757865931
|move|p1a: Talonflame|Steel Wing|p2a: Clefable
|-supereffective|p2a: Clefable
|-damage|p2a: Clefable|54/100
|-boost|p1a: Talonflame|def|1
|move|p2a: Clefable|Moonblast|p1a: Talonflame
|-resisted|p1a: Talonflame
|-damage|p1a: Talonflame|65/100
|
|upkeep
|turn|21
|
|t:|1757865942
|switch|p2a: Clodsire|Clodsire, M|100/100
|move|p1a: Talonflame|Steel Wing|p2a: Clodsire
|-damage|p2a: Clodsire|80/100
|
|upkeep
|turn|22
|
|t:|1757865985
|move|p1a: Talonflame|Dual Wingbeat|p2a: Clodsire
|-damage|p2a: Clodsire|64/100
|-damage|p2a: Clodsire|47/100
|-hitcount|p2a: Clodsire|2
|move|p2a: Clodsire|Poison Jab|p1a: Talonflame
|-damage|p1a: Talonflame|30/100
|
|upkeep
|turn|23
|
|t:|1757865994
|move|p1a: Talonflame|Flare Blitz|p2a: Clodsire
|-damage|p2a: Clodsire|0 fnt
|faint|p2a: Clodsire
|-damage|p1a: Talonflame|6/100|[from] Recoil
|
|upkeep
|
|t:|1757866003
|switch|p2a: Clefable|Clefable, M|54/100
|turn|24
|
|t:|1757866008
|move|p1a: Talonflame|Steel Wing|p2a: Clefable|[miss]
|-miss|p1a: Talonflame|p2a: Clefable
|move|p2a: Clefable|Moonblast|p1a: Talonflame
|-resisted|p1a: Talonflame
|-damage|p1a: Talonflame|0 fnt
|faint|p1a: Talonflame
|
|upkeep
|
|t:|1757866027
|switch|p1a: Corviknight|Corviknight, M|67/100
|-ability|p1a: Corviknight|Pressure
|turn|25
|
|t:|1757866033
|move|p1a: Corviknight|Brave Bird|p2a: Clefable
|-damage|p2a: Clefable|24/100
|-damage|p1a: Corviknight|56/100|[from] Recoil
|move|p2a: Clefable|Moonblast|p1a: Corviknight
|-resisted|p1a: Corviknight
|-damage|p1a: Corviknight|40/100
|
|upkeep
|turn|26
|
|t:|1757866045
|-terastallize|p2a: Clefable|Steel
|move|p1a: Corviknight|Brave Bird|p2a: Clefable
|-resisted|p2a: Clefable
|-damage|p2a: Clefable|10/100
|-damage|p1a: Corviknight|35/100|[from] Recoil
|move|p2a: Clefable|Moonlight|p2a: Clefable
|-heal|p2a: Clefable|60/100
|
|upkeep
|turn|27
|
|t:|1757866056
|move|p1a: Corviknight|Roost|p1a: Corviknight
|-heal|p1a: Corviknight|85/100
|-singleturn|p1a: Corviknight|move: Roost
|move|p2a: Clefable|Moonblast|p1a: Corviknight
|-resisted|p1a: Corviknight
|-damage|p1a: Corviknight|71/100
|
|upkeep
|turn|28
|
|t:|1757866067
|move|p1a: Corviknight|Bulk Up|p1a: Corviknight
|-boost|p1a: Corviknight|atk|1
|-boost|p1a: Corviknight|def|1
|move|p2a: Clefable|Knock Off|p1a: Corviknight
|-damage|p1a: Corviknight|66/100
|
|upkeep
|turn|29
|
|t:|1757866089
|switch|p2a: Toxapex|Toxapex, M|38/100
|move|p1a: Corviknight|Body Press|p2a: Toxapex
|-resisted|p2a: Toxapex
|-damage|p2a: Toxapex|27/100
|
|upkeep
|turn|30
|
|t:|1757866101
|move|p1a: Corviknight|Brave Bird|p2a: Toxapex
|-damage|p2a: Toxapex|0 fnt
|faint|p2a: Toxapex
|-damage|p1a: Corviknight|58/100|[from] Recoil
|
|upkeep
|
|t:|1757866109
|switch|p2a: Gliscor|Gliscor, F|100/100
|-damage|p2a: Gliscor|88/100|[from] Stealth Rock
|turn|31
|
|t:|1757866114
|move|p2a: Gliscor|Protect|p2a: Gliscor
|-singleturn|p2a: Gliscor|Protect
|move|p1a: Corviknight|Roost|p1a: Corviknight
|-heal|p1a: Corviknight|100/100
|-singleturn|p1a: Corviknight|move: Roost
|
|-status|p2a: Gliscor|tox|[from] item: Toxic Orb
|upkeep
|turn|32
|
|t:|1757866125
|switch|p2a: Clefable|Clefable, M, tera:Steel|60/100
|move|p1a: Corviknight|Bulk Up|p1a: Corviknight
|-boost|p1a: Corviknight|atk|1
|-boost|p1a: Corviknight|def|1
|
|upkeep
|turn|33
|
|t:|1757866139
|move|p1a: Corviknight|Body Press|p2a: Clefable
|-supereffective|p2a: Clefable
|-damage|p2a: Clefable|0 fnt
|faint|p2a: Clefable
|
|upkeep
|
|t:|1757866145
|switch|p2a: Dondozo|Dondozo, M|21/100
|turn|34
|
|t:|1757866160
|move|p1a: Corviknight|Body Press|p2a: Dondozo
|-damage|p2a: Dondozo|9/100
|move|p2a: Dondozo|Rest|p2a: Dondozo
|-status|p2a: Dondozo|slp|[from] move: Rest
|-heal|p2a: Dondozo|100/100 slp|[silent]
|
|upkeep
|turn|35
|
|t:|1757866170
|move|p1a: Corviknight|Bulk Up|p1a: Corviknight
|-boost|p1a: Corviknight|atk|1
|-boost|p1a: Corviknight|def|1
|cant|p2a: Dondozo|slp
|move|p2a: Dondozo|Sleep Talk|p2a: Dondozo
|move|p2a: Dondozo|Waterfall|p1a: Corviknight|[from] move: Sleep Talk
|-damage|p1a: Corviknight|82/100
|
|upkeep
|turn|36
|
|t:|1757866181
|move|p1a: Corviknight|Bulk Up|p1a: Corviknight
|-boost|p1a: Corviknight|atk|1
|-boost|p1a: Corviknight|def|1
|cant|p2a: Dondozo|slp
|move|p2a: Dondozo|Sleep Talk|p2a: Dondozo
|move|p2a: Dondozo|Rest||[from] move: Sleep Talk|[still]
|-fail|p2a: Dondozo
|
|upkeep
|turn|37
|
|t:|1757866191
|move|p1a: Corviknight|Bulk Up|p1a: Corviknight
|-boost|p1a: Corviknight|atk|1
|-boost|p1a: Corviknight|def|1
|-curestatus|p2a: Dondozo|slp|[msg]
|move|p2a: Dondozo|Curse|p2a: Dondozo
|-unboost|p2a: Dondozo|spe|1
|-boost|p2a: Dondozo|atk|1
|-boost|p2a: Dondozo|def|1
|
|upkeep
|turn|38
|
|t:|1757866201
|move|p1a: Corviknight|Body Press|p2a: Dondozo
|-crit|p2a: Dondozo
|-damage|p2a: Dondozo|82/100
|move|p2a: Dondozo|Waterfall|p1a: Corviknight
|-damage|p1a: Corviknight|52/100
|
|upkeep
|turn|39
|
|t:|1757866211
|move|p1a: Corviknight|Body Press|p2a: Dondozo
|-damage|p2a: Dondozo|74/100
|move|p2a: Dondozo|Waterfall|p1a: Corviknight
|-damage|p1a: Corviknight|23/100
|
|upkeep
|turn|40
|
|t:|1757866218
|move|p1a: Corviknight|Roost|p1a: Corviknight
|-heal|p1a: Corviknight|73/100
|-singleturn|p1a: Corviknight|move: Roost
|move|p2a: Dondozo|Waterfall|p1a: Corviknight
|-damage|p1a: Corviknight|43/100
|
|upkeep
|turn|41
|
|t:|1757866229
|move|p1a: Corviknight|Body Press|p2a: Dondozo
|-damage|p2a: Dondozo|67/100
|move|p2a: Dondozo|Waterfall|p1a: Corviknight
|-damage|p1a: Corviknight|16/100
|
|upkeep
|turn|42
|
|t:|1757866240
|move|p1a: Corviknight|Roost|p1a: Corviknight
|-heal|p1a: Corviknight|66/100
|-singleturn|p1a: Corviknight|move: Roost
|move|p2a: Dondozo|Curse|p2a: Dondozo
|-unboost|p2a: Dondozo|spe|1
|-boost|p2a: Dondozo|atk|1
|-boost|p2a: Dondozo|def|1
|
|upkeep
|turn|43
|
|t:|1757866251
|move|p1a: Corviknight|Body Press|p2a: Dondozo
|-damage|p2a: Dondozo|61/100
|move|p2a: Dondozo|Waterfall|p1a: Corviknight
|-damage|p1a: Corviknight|27/100
|
|upkeep
|turn|44
|
|t:|1757866259
|move|p1a: Corviknight|Roost|p1a: Corviknight
|-heal|p1a: Corviknight|77/100
|-singleturn|p1a: Corviknight|move: Roost
|move|p2a: Dondozo|Curse|p2a: Dondozo
|-unboost|p2a: Dondozo|spe|1
|-boost|p2a: Dondozo|atk|1
|-boost|p2a: Dondozo|def|1
|
|upkeep
|turn|45
|
|t:|1757866272
|move|p1a: Corviknight|Body Press|p2a: Dondozo
|-damage|p2a: Dondozo|56/100
|move|p2a: Dondozo|Waterfall|p1a: Corviknight
|-damage|p1a: Corviknight|33/100
|
|upkeep
|turn|46
|
|t:|1757866280
|move|p1a: Corviknight|Body Press|p2a: Dondozo
|-damage|p2a: Dondozo|51/100
|move|p2a: Dondozo|Waterfall|p1a: Corviknight
|-damage|p1a: Corviknight|0 fnt
|faint|p1a: Corviknight
|
|upkeep
|
|t:|1757866288
|switch|p1a: Great Tusk|Great Tusk, tera:Ground|67/100 tox
|turn|47
|
|t:|1757866295
|switch|p2a: Gliscor|Gliscor, F|88/100 tox
|-damage|p2a: Gliscor|75/100 tox|[from] Stealth Rock
|move|p1a: Great Tusk|Close Combat|p2a: Gliscor
|-resisted|p2a: Gliscor
|-damage|p2a: Gliscor|59/100 tox
|-unboost|p1a: Great Tusk|def|1
|-unboost|p1a: Great Tusk|spd|1
|
|-damage|p1a: Great Tusk|60/100 tox|[from] psn
|-heal|p2a: Gliscor|72/100 tox|[from] ability: Poison Heal
|-damage|p1a: Great Tusk|48/100 tox|[from] item: Sticky Barb
|upkeep
|turn|48
|
|t:|1757866311
|move|p1a: Great Tusk|Ice Spinner|p2a: Gliscor
|-supereffective|p2a: Gliscor
|-damage|p2a: Gliscor|21/100 tox
|move|p2a: Gliscor|Earthquake|p1a: Great Tusk
|-damage|p1a: Great Tusk|13/100 tox
|
|-damage|p1a: Great Tusk|0 fnt|[from] psn
|faint|p1a: Great Tusk
|-end|p1a: Great Tusk|Protosynthesis|[silent]
|-heal|p2a: Gliscor|33/100 tox|[from] ability: Poison Heal
|upkeep
|
|t:|1757866323
|switch|p1a: Kingambit|Kingambit, M|100/100
|-activate|p1a: Kingambit|ability: Supreme Overlord
|-start|p1a: Kingambit|fallen5|[silent]
|turn|49
|
|t:|1757866329
|move|p2a: Gliscor|Protect|p2a: Gliscor
|-singleturn|p2a: Gliscor|Protect
|move|p1a: Kingambit|Iron Head|p2a: Gliscor
|-activate|p2a: Gliscor|move: Protect
|
|-heal|p2a: Gliscor|46/100 tox|[from] ability: Poison Heal
|upkeep
|turn|50
|
|t:|1757866339
|move|p2a: Gliscor|Protect||[still]
|-fail|p2a: Gliscor
|move|p1a: Kingambit|Iron Head|p2a: Gliscor
|-damage|p2a: Gliscor|1/100 tox
|
|-heal|p2a: Gliscor|14/100 tox|[from] ability: Poison Heal
|upkeep
|turn|51
|
|t:|1757866347
|move|p2a: Gliscor|Earthquake|p1a: Kingambit
|-supereffective|p1a: Kingambit
|-damage|p1a: Kingambit|51/100
|move|p1a: Kingambit|Swords Dance|p1a: Kingambit
|-boost|p1a: Kingambit|atk|2
|
|-heal|p2a: Gliscor|26/100 tox|[from] ability: Poison Heal
|upkeep
|turn|52
|
|t:|1757866358
|move|p1a: Kingambit|Sucker Punch|p2a: Gliscor
|-damage|p2a: Gliscor|0 fnt
|faint|p2a: Gliscor
|
|upkeep
|
|t:|1757866363
|switch|p2a: Dondozo|Dondozo, M|51/100
|turn|53
|
|t:|1757866368
|move|p1a: Kingambit|Kowtow Cleave|p2a: Dondozo
|-damage|p2a: Dondozo|17/100
|move|p2a: Dondozo|Rest|p2a: Dondozo
|-status|p2a: Dondozo|slp|[from] move: Rest
|-heal|p2a: Dondozo|100/100 slp|[silent]
|
|upkeep
|turn|54
|
|t:|1757866380
|move|p1a: Kingambit|Kowtow Cleave|p2a: Dondozo
|-damage|p2a: Dondozo|65/100 slp
|cant|p2a: Dondozo|slp
|move|p2a: Dondozo|Sleep Talk|p2a: Dondozo
|move|p2a: Dondozo|Curse|p2a: Dondozo|[from] move: Sleep Talk
|-unboost|p2a: Dondozo|spe|1
|-boost|p2a: Dondozo|atk|1
|-boost|p2a: Dondozo|def|1
|
|upkeep
|turn|55
|
|t:|1757866393
|move|p1a: Kingambit|Kowtow Cleave|p2a: Dondozo
|-damage|p2a: Dondozo|41/100 slp
|cant|p2a: Dondozo|slp
|move|p2a: Dondozo|Sleep Talk|p2a: Dondozo
|move|p2a: Dondozo|Curse|p2a: Dondozo|[from] move: Sleep Talk
|-unboost|p2a: Dondozo|spe|1
|-boost|p2a: Dondozo|atk|1
|-boost|p2a: Dondozo|def|1
|
|upkeep
|turn|56
|
|t:|1757866404
|move|p1a: Kingambit|Kowtow Cleave|p2a: Dondozo
|-damage|p2a: Dondozo|24/100 slp
|-curestatus|p2a: Dondozo|slp|[msg]
|move|p2a: Dondozo|Waterfall|p1a: Kingambit
|-damage|p1a: Kingambit|7/100
|-damage|p2a: Dondozo|7/100|[from] item: Rocky Helmet|[of] p1a: Kingambit
|
|upkeep
|turn|57
|
|t:|1757866417
|move|p1a: Kingambit|Kowtow Cleave|p2a: Dondozo
|-crit|p2a: Dondozo
|-damage|p2a: Dondozo|0 fnt
|faint|p2a: Dondozo
|
|win|IMNOTGCB
|raw|IMNOTGCB's rating: 1041 &rarr; <strong>1077</strong><br />(+36 for winning)
|raw|litlenova's rating: 1063 &rarr; <strong>1042</strong><br />(-21 for losing)
