|j|☆JustJjb
|j|☆EmperadorSRN
|t:|1757902733
|gametype|singles
|player|p1|JustJjb|170|1412
|player|p2|EmperadorSRN|gambler|1422
|gen|9
|tier|[Gen 9] OU
|rated|
|rule|HP Percentage Mod: HP is shown in percentages
|rule|Endless Battle Clause: Forcing endless battles is banned
|rule|Species Clause: Limit one of each Pokémon
|rule|OHKO Clause: OHKO moves are banned
|rule|Evasion Items Clause: Evasion items are banned
|rule|Evasion Moves Clause: Evasion moves are banned
|rule|Evasion Abilities Clause: Evasion abilities are banned
|rule|Sleep Moves Clause: Sleep-inducing moves are banned
|clearpoke
|poke|p1|Medicham, M|
|poke|p1|Glimmora, M|
|poke|p1|Ogerpon-Wellspring, F|
|poke|p1|Kingambit, F|
|poke|p1|Landorus-Therian, M|
|poke|p1|Raging Bolt|
|poke|p2|Garganacl, M|
|poke|p2|Arcanine-Hisui, M|
|poke|p2|Araquanid, F|
|poke|p2|Houndstone, M|
|poke|p2|Serperior, F|
|poke|p2|Glimmora, F|
|teampreview
|
|t:|1757902752
|teamsize|p1|6
|teamsize|p2|6
|start
|switch|p1a: Glimmora|Glimmora, M|100/100
|switch|p2a: Garganacl|Garganacl, M|100/100
|turn|1
|
|t:|1757902761
|move|p1a: Glimmora|Stealth Rock|p2a: Garganacl
|-sidestart|p2: EmperadorSRN|move: Stealth Rock
|move|p2a: Garganacl|Salt Cure|p1a: Glimmora
|-damage|p1a: Glimmora|84/100
|-start|p1a: Glimmora|Salt Cure
|-activate|p1a: Glimmora|ability: Toxic Debris
|-sidestart|p2: EmperadorSRN|move: Toxic Spikes
|
|-damage|p1a: Glimmora|72/100|[from] Salt Cure
|upkeep
|turn|2
|
|t:|1757902771
|move|p1a: Glimmora|Earth Power|p2a: Garganacl
|-supereffective|p2a: Garganacl
|-damage|p2a: Garganacl|62/100
|move|p2a: Garganacl|Iron Defense|p2a: Garganacl
|-boost|p2a: Garganacl|def|2
|
|-heal|p2a: Garganacl|69/100|[from] item: Leftovers
|-damage|p1a: Glimmora|59/100|[from] Salt Cure
|upkeep
|turn|3
|
|t:|1757902782
|-terastallize|p2a: Garganacl|Ghost
|move|p1a: Glimmora|Mortal Spin|p2a: Garganacl
|-resisted|p2a: Garganacl
|-damage|p2a: Garganacl|68/100
|move|p2a: Garganacl|Iron Defense|p2a: Garganacl
|-boost|p2a: Garganacl|def|2
|
|-heal|p2a: Garganacl|74/100|[from] item: Leftovers
|-damage|p1a: Glimmora|47/100|[from] Salt Cure
|upkeep
|turn|4
|
|t:|1757902794
|move|p1a: Glimmora|Earth Power|p2a: Garganacl
|-damage|p2a: Garganacl|53/100
|move|p2a: Garganacl|Iron Defense|p2a: Garganacl
|-boost|p2a: Garganacl|def|2
|
|-heal|p2a: Garganacl|59/100|[from] item: Leftovers
|-damage|p1a: Glimmora|34/100|[from] Salt Cure
|upkeep
|turn|5
|
|t:|1757902805
|move|p1a: Glimmora|Power Gem|p2a: Garganacl
|-damage|p2a: Garganacl|32/100
|move|p2a: Garganacl|Recover|p2a: Garganacl
|-heal|p2a: Garganacl|82/100
|
|-heal|p2a: Garganacl|88/100|[from] item: Leftovers
|-damage|p1a: Glimmora|22/100|[from] Salt Cure
|upkeep
|turn|6
|
|t:|1757902816
|switch|p1a: Raging Bolt|Raging Bolt|100/100
|-enditem|p1a: Raging Bolt|Booster Energy
|-activate|p1a: Raging Bolt|ability: Protosynthesis|[fromitem]
|-start|p1a: Raging Bolt|protosynthesisspa
|move|p2a: Garganacl|Body Press|p1a: Raging Bolt
|-damage|p1a: Raging Bolt|10/100
|
|-heal|p2a: Garganacl|94/100|[from] item: Leftovers
|upkeep
|turn|7
|
|t:|1757902828
|move|p1a: Raging Bolt|Thunderbolt|p2a: Garganacl
|-damage|p2a: Garganacl|46/100
|move|p2a: Garganacl|Salt Cure|p1a: Raging Bolt
|-damage|p1a: Raging Bolt|0 fnt
|faint|p1a: Raging Bolt
|-end|p1a: Raging Bolt|Protosynthesis|[silent]
|
|-heal|p2a: Garganacl|52/100|[from] item: Leftovers
|upkeep
|
|t:|1757902845
|switch|p1a: Kingambit|Kingambit, F|100/100
|-activate|p1a: Kingambit|ability: Supreme Overlord
|-start|p1a: Kingambit|fallen1|[silent]
|turn|8
|
|t:|1757902852
|-terastallize|p1a: Kingambit|Ghost
|move|p1a: Kingambit|Swords Dance|p1a: Kingambit
|-boost|p1a: Kingambit|atk|2
|move|p2a: Garganacl|Recover|p2a: Garganacl
|-heal|p2a: Garganacl|100/100
|
|upkeep
|turn|9
|
|t:|1757902861
|move|p1a: Kingambit|Swords Dance|p1a: Kingambit
|-boost|p1a: Kingambit|atk|2
|move|p2a: Garganacl|Salt Cure|p1a: Kingambit
|-damage|p1a: Kingambit|89/100
|-start|p1a: Kingambit|Salt Cure
|
|-heal|p1a: Kingambit|95/100|[from] item: Leftovers
|-damage|p1a: Kingambit|83/100|[from] Salt Cure
|upkeep
|turn|10
|
|t:|1757902877
|move|p1a: Kingambit|Kowtow Cleave|p2a: Garganacl
|-supereffective|p2a: Garganacl
|-damage|p2a: Garganacl|49/100
|move|p2a: Garganacl|Salt Cure|p1a: Kingambit
|-damage|p1a: Kingambit|72/100
|
|-heal|p1a: Kingambit|78/100|[from] item: Leftovers
|-heal|p2a: Garganacl|55/100|[from] item: Leftovers
|-damage|p1a: Kingambit|66/100|[from] Salt Cure
|upkeep
|turn|11
|
|t:|1757902890
|move|p1a: Kingambit|Swords Dance|p1a: Kingambit
|-boost|p1a: Kingambit|atk|2
|move|p2a: Garganacl|Recover|p2a: Garganacl
|-heal|p2a: Garganacl|100/100
|
|-heal|p1a: Kingambit|72/100|[from] item: Leftovers
|-damage|p1a: Kingambit|60/100|[from] Salt Cure
|upkeep
|turn|12
|
|t:|1757902899
|move|p1a: Kingambit|Kowtow Cleave|p2a: Garganacl
|-supereffective|p2a: Garganacl
|-damage|p2a: Garganacl|26/100
|move|p2a: Garganacl|Salt Cure|p1a: Kingambit
|-damage|p1a: Kingambit|48/100
|
|-heal|p1a: Kingambit|54/100|[from] item: Leftovers
|-heal|p2a: Garganacl|32/100|[from] item: Leftovers
|-damage|p1a: Kingambit|42/100|[from] Salt Cure
|upkeep
|turn|13
|
|t:|1757902910
|move|p1a: Kingambit|Kowtow Cleave|p2a: Garganacl
|-supereffective|p2a: Garganacl
|-damage|p2a: Garganacl|0 fnt
|faint|p2a: Garganacl
|
|-heal|p1a: Kingambit|48/100|[from] item: Leftovers
|-damage|p1a: Kingambit|36/100|[from] Salt Cure
|upkeep
|
|t:|1757902915
|switch|p2a: Houndstone|Houndstone, M|100/100
|-damage|p2a: Houndstone|88/100|[from] Stealth Rock
|-status|p2a: Houndstone|psn
|turn|14
|
|t:|1757902925
|move|p1a: Kingambit|Kowtow Cleave|p2a: Houndstone
|-supereffective|p2a: Houndstone
|-damage|p2a: Houndstone|0 fnt
|faint|p2a: Houndstone
|
|-heal|p1a: Kingambit|42/100|[from] item: Leftovers
|-damage|p1a: Kingambit|30/100|[from] Salt Cure
|upkeep
|
|t:|1757902936
|switch|p2a: Glimmora|Glimmora, F|100/100
|-damage|p2a: Glimmora|88/100|[from] Stealth Rock
|-sideend|p2: EmperadorSRN|move: Toxic Spikes|[of] p2a: Glimmora
|turn|15
|
|t:|1757902943
|move|p1a: Kingambit|Sucker Punch||[still]
|-fail|p1a: Kingambit
|move|p2a: Glimmora|Stealth Rock|p1a: Kingambit
|-sidestart|p1: JustJjb|move: Stealth Rock
|
|-heal|p1a: Kingambit|36/100|[from] item: Leftovers
|-damage|p1a: Kingambit|23/100|[from] Salt Cure
|upkeep
|turn|16
|
|t:|1757902951
|move|p2a: Glimmora|Spikes|p1a: Kingambit
|-sidestart|p1: JustJjb|Spikes
|move|p1a: Kingambit|Kowtow Cleave|p2a: Glimmora
|-damage|p2a: Glimmora|0 fnt
|-activate|p2a: Glimmora|ability: Toxic Debris
|-sidestart|p1: JustJjb|move: Toxic Spikes
|faint|p2a: Glimmora
|
|-heal|p1a: Kingambit|30/100|[from] item: Leftovers
|-damage|p1a: Kingambit|17/100|[from] Salt Cure
|upkeep
|
|t:|1757902956
|switch|p2a: Serperior|Serperior, F|100/100
|-damage|p2a: Serperior|88/100|[from] Stealth Rock
|turn|17
|
|t:|1757902968
|move|p2a: Serperior|Substitute|p2a: Serperior
|-start|p2a: Serperior|Substitute
|-damage|p2a: Serperior|63/100
|move|p1a: Kingambit|Kowtow Cleave|p2a: Serperior
|-end|p2a: Serperior|Substitute
|
|-heal|p2a: Serperior|69/100|[from] item: Leftovers
|-heal|p1a: Kingambit|23/100|[from] item: Leftovers
|-damage|p1a: Kingambit|11/100|[from] Salt Cure
|upkeep
|turn|18
|
|t:|1757902979
|move|p2a: Serperior|Substitute|p2a: Serperior
|-start|p2a: Serperior|Substitute
|-damage|p2a: Serperior|44/100
|move|p1a: Kingambit|Kowtow Cleave|p2a: Serperior
|-end|p2a: Serperior|Substitute
|
|-heal|p2a: Serperior|50/100|[from] item: Leftovers
|-heal|p1a: Kingambit|17/100|[from] item: Leftovers
|-damage|p1a: Kingambit|5/100|[from] Salt Cure
|upkeep
|turn|19
|
|t:|1757902989
|move|p2a: Serperior|Substitute|p2a: Serperior
|-start|p2a: Serperior|Substitute
|-damage|p2a: Serperior|25/100
|move|p1a: Kingambit|Kowtow Cleave|p2a: Serperior
|-end|p2a: Serperior|Substitute
|
|-heal|p2a: Serperior|32/100|[from] item: Leftovers
|-heal|p1a: Kingambit|11/100|[from] item: Leftovers
|-damage|p1a: Kingambit|0 fnt|[from] Salt Cure
|faint|p1a: Kingambit
|-end|p1a: Kingambit|fallen1|[silent]
|upkeep
|
|t:|1757903006
|switch|p1a: Landorus|Landorus-Therian, M|100/100
|-damage|p1a: Landorus|88/100|[from] Stealth Rock
|-ability|p1a: Landorus|Intimidate|boost
|-boost|p2a: Serperior|atk|1
|turn|20
|
|t:|1757903012
|move|p1a: Landorus|U-turn|p2a: Serperior
|-supereffective|p2a: Serperior
|-damage|p2a: Serperior|0 fnt
|faint|p2a: Serperior
|
|t:|1757903017
|switch|p1a: Glimmora|Glimmora, M|22/100|[from] U-turn
|-damage|p1a: Glimmora|10/100|[from] Stealth Rock
|-damage|p1a: Glimmora|0 fnt|[from] Spikes
|faint|p1a: Glimmora
|
|upkeep
|
|t:|1757903029
|switch|p2a: Araquanid|Araquanid, F|100/100
|switch|p1a: Ogerpon|Ogerpon-Wellspring, F|100/100
|-damage|p1a: Ogerpon|88/100|[from] Stealth Rock
|-damage|p1a: Ogerpon|76/100|[from] Spikes
|-status|p1a: Ogerpon|psn
|turn|21
|
|t:|1757903041
|move|p1a: Ogerpon|Trailblaze|p2a: Araquanid
|-damage|p2a: Araquanid|67/100
|-boost|p1a: Ogerpon|spe|1
|move|p2a: Araquanid|Leech Life|p1a: Ogerpon
|-supereffective|p1a: Ogerpon
|-damage|p1a: Ogerpon|0 fnt
|-heal|p2a: Araquanid|100/100|[from] drain|[of] p1a: Ogerpon
|faint|p1a: Ogerpon
|
|upkeep
|
|t:|1757903054
|switch|p1a: Landorus|Landorus-Therian, M|88/100
|-damage|p1a: Landorus|76/100|[from] Stealth Rock
|-ability|p1a: Landorus|Intimidate|boost
|-unboost|p2a: Araquanid|atk|1
|turn|22
|
|t:|1757903060
|move|p1a: Landorus|Stone Edge|p2a: Araquanid
|-supereffective|p2a: Araquanid
|-damage|p2a: Araquanid|15/100
|move|p2a: Araquanid|Liquidation|p1a: Landorus
|-supereffective|p1a: Landorus
|-damage|p1a: Landorus|0 fnt
|faint|p1a: Landorus
|
|upkeep
|
|t:|1757903070
|switch|p1a: Medicham|Medicham, M|100/100
|-damage|p1a: Medicham|94/100|[from] Stealth Rock
|-damage|p1a: Medicham|82/100|[from] Spikes
|-status|p1a: Medicham|psn
|turn|23
|
|t:|1757903077
|move|p1a: Medicham|Close Combat|p2a: Araquanid
|-resisted|p2a: Araquanid
|-damage|p2a: Araquanid|0 fnt
|-unboost|p1a: Medicham|def|1
|-unboost|p1a: Medicham|spd|1
|faint|p2a: Araquanid
|
|-damage|p1a: Medicham|70/100 psn|[from] psn
|upkeep
|
|t:|1757903079
|switch|p2a: Arcanine|Arcanine-Hisui, M|100/100
|-damage|p2a: Arcanine|76/100|[from] Stealth Rock
|turn|24
|
|t:|1757903090
|move|p1a: Medicham|Close Combat|p2a: Arcanine
|-supereffective|p2a: Arcanine
|-damage|p2a: Arcanine|0 fnt
|-unboost|p1a: Medicham|def|1
|-unboost|p1a: Medicham|spd|1
|faint|p2a: Arcanine
|
|win|JustJjb
|raw|JustJjb's rating: 1412 &rarr; <strong>1433</strong><br />(+21 for winning)
|raw|EmperadorSRN's rating: 1422 &rarr; <strong>1401</strong><br />(-21 for losing)
|l|☆EmperadorSRN
|player|p2|
|l|☆JustJjb
|player|p1|
