|j|☆Fin_Erza2
|j|☆AskGandalf
|t:|1757946292
|gametype|singles
|player|p1|Fin_Erza2|pokekid|1121
|player|p2|AskGandalf|170|1128
|gen|9
|tier|[Gen 9] OU
|rated|
|rule|HP Percentage Mod: HP is shown in percentages
|rule|Endless Battle Clause: Forcing endless battles is banned
|rule|Species Clause: Limit one of each Pokémon
|rule|OHKO Clause: OHKO moves are banned
|rule|Evasion Items Clause: Evasion items are banned
|rule|Evasion Moves Clause: Evasion moves are banned
|rule|Evasion Abilities Clause: Evasion abilities are banned
|rule|Sleep Moves Clause: Sleep-inducing moves are banned
|clearpoke
|poke|p1|Hatterene, F|
|poke|p1|Lilligant, F|
|poke|p1|Vespiquen, F|
|poke|p1|Mandibuzz, F|
|poke|p1|Tinkaton, F|
|poke|p1|Latias, F|
|poke|p2|Garchomp, M|
|poke|p2|Moltres|
|poke|p2|Iron Crown|
|poke|p2|Rillaboom, F|
|poke|p2|Mandibuzz, F|
|poke|p2|Clefable, M|
|teampreview
|inactive|Battle timer is ON: inactive players will automatically lose when time's up. (requested by AskGandalf)
|
|t:|1757946297
|teamsize|p1|6
|teamsize|p2|6
|start
|switch|p1a: Hatterene|Hatterene, F|100/100
|switch|p2a: Clefable|Clefable, M|100/100
|turn|1
|
|t:|1757946303
|move|p2a: Clefable|Trick|p1a: Hatterene
|-activate|p2a: Clefable|move: Trick|[of] p1a: Hatterene
|-item|p1a: Hatterene|Flame Orb|[from] move: Trick
|-item|p2a: Clefable|Leftovers|[from] move: Trick
|move|p1a: Hatterene|Calm Mind|p1a: Hatterene
|-boost|p1a: Hatterene|spa|1
|-boost|p1a: Hatterene|spd|1
|
|-status|p1a: Hatterene|brn|[from] item: Flame Orb
|upkeep
|turn|2
|
|t:|1757946313
|move|p2a: Clefable|Alluring Voice|p1a: Hatterene
|-damage|p1a: Hatterene|76/100 brn
|move|p1a: Hatterene|Calm Mind|p1a: Hatterene
|-boost|p1a: Hatterene|spa|1
|-boost|p1a: Hatterene|spd|1
|
|-damage|p1a: Hatterene|69/100 brn|[from] brn
|upkeep
|turn|3
|
|t:|1757946338
|move|p2a: Clefable|Alluring Voice|p1a: Hatterene
|-damage|p1a: Hatterene|49/100 brn
|move|p1a: Hatterene|Psychic|p2a: Clefable
|-damage|p2a: Clefable|13/100
|
|-heal|p2a: Clefable|19/100|[from] item: Leftovers
|-damage|p1a: Hatterene|43/100 brn|[from] brn
|upkeep
|turn|4
|
|t:|1757946343
|move|p2a: Clefable|Alluring Voice|p1a: Hatterene
|-damage|p1a: Hatterene|24/100 brn
|move|p1a: Hatterene|Psychic|p2a: Clefable
|-damage|p2a: Clefable|0 fnt
|faint|p2a: Clefable
|
|-damage|p1a: Hatterene|18/100 brn|[from] brn
|upkeep
|inactive|AskGandalf has 120 seconds left.
|
|t:|1757946369
|switch|p2a: Rillaboom|Rillaboom, F, shiny|100/100
|-fieldstart|move: Grassy Terrain|[from] ability: Grassy Surge|[of] p2a: Rillaboom
|turn|5
|
|t:|1757946375
|move|p2a: Rillaboom|Grassy Glide|p1a: Hatterene
|-crit|p1a: Hatterene
|-damage|p1a: Hatterene|0 fnt
|faint|p1a: Hatterene
|
|upkeep
|
|t:|1757946380
|switch|p1a: Mandibuzz|Mandibuzz, F|100/100
|turn|6
|inactive|AskGandalf has 120 seconds left.
|
|t:|1757946429
|switch|p2a: Moltres|Moltres|100/100
|move|p1a: Mandibuzz|Brave Bird|p2a: Moltres
|-damage|p2a: Moltres|72/100
|-damage|p1a: Mandibuzz|92/100|[from] Recoil
|
|upkeep
|turn|7
|
|t:|1757946434
|move|p2a: Moltres|U-turn|p1a: Mandibuzz
|-damage|p1a: Mandibuzz|80/100
|inactive|AskGandalf has 90 seconds left.
|
|t:|1757946483
|switch|p2a: Rillaboom|Rillaboom, F, shiny|100/100|[from] U-turn
|move|p1a: Mandibuzz|Knock Off|p2a: Rillaboom
|-damage|p2a: Rillaboom|65/100
|-enditem|p2a: Rillaboom|Choice Band|[from] move: Knock Off|[of] p1a: Mandibuzz
|
|-heal|p2a: Rillaboom|71/100|[from] Grassy Terrain
|upkeep
|turn|8
|
|t:|1757946491
|move|p2a: Rillaboom|U-turn|p1a: Mandibuzz
|-damage|p1a: Mandibuzz|60/100
|
|t:|1757946511
|switch|p2a: Iron Crown|Iron Crown|100/100|[from] U-turn
|-enditem|p2a: Iron Crown|Booster Energy
|-activate|p2a: Iron Crown|ability: Quark Drive|[fromitem]
|-start|p2a: Iron Crown|quarkdrivespe
|move|p1a: Mandibuzz|Brave Bird|p2a: Iron Crown
|-resisted|p2a: Iron Crown
|-damage|p2a: Iron Crown|79/100
|-damage|p1a: Mandibuzz|54/100|[from] Recoil
|
|-heal|p2a: Iron Crown|85/100|[from] Grassy Terrain
|upkeep
|turn|9
|
|t:|1757946534
|move|p2a: Iron Crown|Calm Mind|p2a: Iron Crown
|-boost|p2a: Iron Crown|spa|1
|-boost|p2a: Iron Crown|spd|1
|move|p1a: Mandibuzz|Knock Off|p2a: Iron Crown
|-supereffective|p2a: Iron Crown
|-damage|p2a: Iron Crown|37/100
|
|-heal|p2a: Iron Crown|43/100|[from] Grassy Terrain
|-fieldend|move: Grassy Terrain
|upkeep
|turn|10
|
|t:|1757946541
|move|p2a: Iron Crown|Tachyon Cutter|p1a: Mandibuzz
|-damage|p1a: Mandibuzz|32/100
|-damage|p1a: Mandibuzz|13/100
|-hitcount|p1a: Mandibuzz|2
|move|p1a: Mandibuzz|Bone Rush|p2a: Iron Crown
|-supereffective|p2a: Iron Crown
|-damage|p2a: Iron Crown|31/100
|-supereffective|p2a: Iron Crown
|-damage|p2a: Iron Crown|18/100
|-hitcount|p2a: Iron Crown|2
|
|upkeep
|turn|11
|inactive|AskGandalf has 60 seconds left.
|
|t:|1757946585
|move|p2a: Iron Crown|Tachyon Cutter|p1a: Mandibuzz
|-damage|p1a: Mandibuzz|0 fnt
|faint|p1a: Mandibuzz
|-hitcount|p1: Mandibuzz|1
|
|upkeep
|inactive|Fin_Erza2 has 120 seconds left.
|
|t:|1757946607
|switch|p1a: Latias|Latias, F, shiny|100/100
|turn|12
|inactive|AskGandalf has 60 seconds left.
|
|t:|1757946614
|move|p2a: Iron Crown|Psychic Noise|p1a: Latias
|-resisted|p1a: Latias
|-damage|p1a: Latias|78/100
|-start|p1a: Latias|move: Heal Block
|move|p1a: Latias|Shadow Ball|p2a: Iron Crown
|-supereffective|p2a: Iron Crown
|-damage|p2a: Iron Crown|0 fnt
|faint|p2a: Iron Crown
|-end|p2a: Iron Crown|Quark Drive|[silent]
|
|upkeep
|
|t:|1757946618
|switch|p2a: Garchomp|Garchomp, M|100/100
|turn|13
|
|t:|1757946627
|-terastallize|p2a: Garchomp|Normal
|move|p1a: Latias|Draco Meteor|p2a: Garchomp
|-damage|p2a: Garchomp|45/100
|-unboost|p1a: Latias|spa|2
|move|p2a: Garchomp|Dragon Tail|p1a: Latias
|-supereffective|p1a: Latias
|-damage|p1a: Latias|12/100
|drag|p1a: Tinkaton|Tinkaton, F|100/100
|-item|p1a: Tinkaton|Air Balloon
|
|upkeep
|turn|14
|
|t:|1757946638
|switch|p2a: Moltres|Moltres|72/100
|move|p1a: Tinkaton|Swords Dance|p1a: Tinkaton
|-boost|p1a: Tinkaton|atk|2
|
|upkeep
|turn|15
|
|t:|1757946650
|-terastallize|p1a: Tinkaton|Ground
|move|p1a: Tinkaton|Gigaton Hammer|p2a: Moltres
|-resisted|p2a: Moltres
|-damage|p2a: Moltres|32/100
|move|p2a: Moltres|Flamethrower|p1a: Tinkaton
|-damage|p1a: Tinkaton|63/100
|-enditem|p1a: Tinkaton|Air Balloon
|
|upkeep
|turn|16
|
|t:|1757946657
|move|p1a: Tinkaton|Play Rough|p2a: Moltres
|-resisted|p2a: Moltres
|-damage|p2a: Moltres|10/100
|move|p2a: Moltres|Hurricane|p1a: Tinkaton
|-damage|p1a: Tinkaton|18/100
|
|upkeep
|turn|17
|inactive|AskGandalf has 90 seconds left.
|
|t:|1757946672
|move|p1a: Tinkaton|Gigaton Hammer|p2a: Moltres
|-resisted|p2a: Moltres
|-damage|p2a: Moltres|0 fnt
|faint|p2a: Moltres
|
|upkeep
|
|t:|1757946674
|switch|p2a: Rillaboom|Rillaboom, F, shiny|71/100
|-fieldstart|move: Grassy Terrain|[from] ability: Grassy Surge|[of] p2a: Rillaboom
|turn|18
|
|t:|1757946683
|move|p2a: Rillaboom|Grassy Glide|p1a: Tinkaton
|-supereffective|p1a: Tinkaton
|-damage|p1a: Tinkaton|0 fnt
|faint|p1a: Tinkaton
|
|-heal|p2a: Rillaboom|77/100|[from] Grassy Terrain
|upkeep
|
|t:|1757946688
|switch|p1a: Vespiquen|Vespiquen, F|100/100
|-ability|p1a: Vespiquen|Pressure
|turn|19
|inactive|AskGandalf has 90 seconds left.
|inactive|AskGandalf has 60 seconds left.
|
|t:|1757946756
|move|p2a: Rillaboom|U-turn|p1a: Vespiquen
|-resisted|p1a: Vespiquen
|-damage|p1a: Vespiquen|88/100
|
|t:|1757946758
|switch|p2a: Mandibuzz|Mandibuzz, F|100/100|[from] U-turn
|move|p1a: Vespiquen|Bug Buzz|p2a: Mandibuzz
|-damage|p2a: Mandibuzz|77/100
|
|-heal|p1a: Vespiquen|94/100|[from] item: Leftovers
|upkeep
|turn|20
|inactive|Fin_Erza2 has 120 seconds left.
|
|t:|1757946808
|move|p2a: Mandibuzz|Toxic|p1a: Vespiquen
|-status|p1a: Vespiquen|tox
|move|p1a: Vespiquen|Power Gem|p2a: Mandibuzz
|-supereffective|p2a: Mandibuzz
|-damage|p2a: Mandibuzz|48/100
|
|-heal|p1a: Vespiquen|99/100 tox|[from] item: Leftovers
|-damage|p1a: Vespiquen|94/100 tox|[from] psn
|upkeep
|turn|21
|inactive|AskGandalf has 60 seconds left.
|
|t:|1757946839
|move|p2a: Mandibuzz|Roost|p2a: Mandibuzz
|-heal|p2a: Mandibuzz|98/100
|-singleturn|p2a: Mandibuzz|move: Roost
|move|p1a: Vespiquen|Confuse Ray|p2a: Mandibuzz
|-start|p2a: Mandibuzz|confusion
|
|-heal|p2a: Mandibuzz|100/100|[from] Grassy Terrain
|-heal|p1a: Vespiquen|99/100 tox|[from] item: Leftovers
|-damage|p1a: Vespiquen|88/100 tox|[from] psn
|upkeep
|turn|22
|
|t:|1757946848
|-activate|p2a: Mandibuzz|confusion
|-damage|p2a: Mandibuzz|97/100|[from] confusion
|move|p1a: Vespiquen|Power Gem|p2a: Mandibuzz
|-supereffective|p2a: Mandibuzz
|-damage|p2a: Mandibuzz|69/100
|
|-heal|p1a: Vespiquen|94/100 tox|[from] item: Leftovers
|-damage|p1a: Vespiquen|75/100 tox|[from] psn
|-fieldend|move: Grassy Terrain
|upkeep
|turn|23
|inactive|Fin_Erza2 has 120 seconds left.
|inactive|AskGandalf has 30 seconds left.
|inactive|AskGandalf has 20 seconds left.
|inactive|AskGandalf has 15 seconds left.
|inactive|AskGandalf has 10 seconds left.
|inactive|AskGandalf has 5 seconds left.
|
|t:|1757946905
|switch|p1a: Latias|Latias, F, shiny|12/100
|-activate|p2a: Mandibuzz|confusion
|move|p2a: Mandibuzz|Foul Play|p1a: Latias
|-supereffective|p1a: Latias
|-crit|p1a: Latias
|-damage|p1a: Latias|0 fnt
|faint|p1a: Latias
|
|upkeep
|inactive|Fin_Erza2 has 120 seconds left.
|
|t:|1757946913
|switch|p1a: Lilligant|Lilligant, F|100/100
|turn|24
|inactive|AskGandalf has 20 seconds left this turn.
|inactive|AskGandalf has 15 seconds left.
|
|t:|1757946920
|move|p1a: Lilligant|Alluring Voice|p2a: Mandibuzz
|-supereffective|p2a: Mandibuzz
|-damage|p2a: Mandibuzz|41/100
|-end|p2a: Mandibuzz|confusion
|move|p2a: Mandibuzz|Toxic|p1a: Lilligant
|-status|p1a: Lilligant|tox
|
|-damage|p1a: Lilligant|94/100 tox|[from] psn
|upkeep
|turn|25
|inactive|AskGandalf has 25 seconds left this turn.
|
|t:|1757946926
|move|p1a: Lilligant|Leech Seed|p2a: Mandibuzz
|-start|p2a: Mandibuzz|move: Leech Seed
|move|p2a: Mandibuzz|Roost|p2a: Mandibuzz
|-heal|p2a: Mandibuzz|91/100
|-singleturn|p2a: Mandibuzz|move: Roost
|
|-damage|p2a: Mandibuzz|79/100|[from] Leech Seed|[of] p1a: Lilligant
|-heal|p1a: Lilligant|100/100 tox|[silent]
|-damage|p1a: Lilligant|88/100 tox|[from] psn
|upkeep
|turn|26
|inactive|AskGandalf has 30 seconds left.
|
|t:|1757946931
|move|p1a: Lilligant|Petal Dance|p2a: Mandibuzz
|-resisted|p2a: Mandibuzz
|-damage|p2a: Mandibuzz|63/100
|move|p2a: Mandibuzz|Foul Play|p1a: Lilligant
|-damage|p1a: Lilligant|70/100 tox
|
|-damage|p2a: Mandibuzz|51/100|[from] Leech Seed|[of] p1a: Lilligant
|-heal|p1a: Lilligant|87/100 tox|[silent]
|-damage|p1a: Lilligant|69/100 tox|[from] psn
|upkeep
|turn|27
|-message|Fin_Erza2 forfeited.
|
|win|AskGandalf
|raw|Fin_Erza2's rating: 1121 &rarr; <strong>1097</strong><br />(-24 for losing)
|raw|AskGandalf's rating: 1128 &rarr; <strong>1152</strong><br />(+24 for winning)
|l|☆Fin_Erza2
|player|p1|
|l|☆AskGandalf
|player|p2|
