|j|☆Gurden
|j|☆FireWolf89
|t:|1757788547
|gametype|singles
|player|p1|Gurden|170|1173
|player|p2|FireWolf89|psychic-gen4|1181
|gen|9
|tier|[Gen 9] OU
|rated|
|rule|HP Percentage Mod: HP is shown in percentages
|rule|Endless Battle Clause: Forcing endless battles is banned
|rule|Species Clause: Limit one of each Pokémon
|rule|OHKO Clause: OHKO moves are banned
|rule|Evasion Items Clause: Evasion items are banned
|rule|Evasion Moves Clause: Evasion moves are banned
|rule|Evasion Abilities Clause: Evasion abilities are banned
|rule|Sleep Moves Clause: Sleep-inducing moves are banned
|clearpoke
|poke|p1|Primeape, F|
|poke|p1|Kingdra, F|
|poke|p1|Scream Tail|
|poke|p1|Samurott-Hisui, M|
|poke|p1|Arcanine-Hisui, M|
|poke|p1|Bastiodon, F|
|poke|p2|Iron Valiant|
|poke|p2|Slowking-Galar, L99, F|
|poke|p2|Samurott-Hisui, M|
|poke|p2|Gliscor, F|
|poke|p2|Dragapult, F|
|poke|p2|Clefable, F|
|teampreview
|inactive|Battle timer is ON: inactive players will automatically lose when time's up. (requested by FireWolf89)
|
|t:|1757788562
|teamsize|p1|6
|teamsize|p2|6
|start
|switch|p1a: Bastiodon|Bastiodon, F|100/100
|switch|p2a: Dance|Clefable, F|100/100
|turn|1
|
|t:|1757788569
|move|p2a: Dance|Stealth Rock|p1a: Bastiodon
|-sidestart|p1: Gurden|move: Stealth Rock
|move|p1a: Bastiodon|Stealth Rock|p2a: Dance
|-sidestart|p2: FireWolf89|move: Stealth Rock
|
|upkeep
|turn|2
|
|t:|1757788587
|switch|p2a: Rifle|Gliscor, F|100/100
|-damage|p2a: Rifle|88/100|[from] Stealth Rock
|move|p1a: Bastiodon|Body Press|p2a: Rifle
|-resisted|p2a: Rifle
|-damage|p2a: Rifle|73/100
|
|-status|p2a: Rifle|tox|[from] item: Toxic Orb
|upkeep
|turn|3
|
|t:|1757788599
|move|p2a: Rifle|Earthquake|p1a: Bastiodon
|-supereffective|p1a: Bastiodon
|-damage|p1a: Bastiodon|33/100
|move|p1a: Bastiodon|Metal Burst|p2a: Rifle
|-damage|p2a: Rifle|0 fnt
|faint|p2a: Rifle
|
|upkeep
|
|t:|1757788613
|switch|p2a: Airblade|Samurott-Hisui, M|100/100
|-damage|p2a: Airblade|88/100|[from] Stealth Rock
|turn|4
|
|t:|1757788621
|move|p2a: Airblade|Razor Shell|p1a: Bastiodon
|-supereffective|p1a: Bastiodon
|-damage|p1a: Bastiodon|0 fnt
|faint|p1a: Bastiodon
|
|upkeep
|
|t:|1757788635
|switch|p1a: Samurott|Samurott-Hisui, M|100/100
|-damage|p1a: Samurott|88/100|[from] Stealth Rock
|turn|5
|
|t:|1757788649
|switch|p2a: Dance|Clefable, F|100/100
|move|p1a: Samurott|Aqua Cutter|p2a: Dance
|-damage|p2a: Dance|66/100
|
|upkeep
|turn|6
|
|t:|1757788666
|switch|p1a: Scream Tail|Scream Tail|100/100
|-damage|p1a: Scream Tail|88/100|[from] Stealth Rock
|-enditem|p1a: Scream Tail|Booster Energy
|-activate|p1a: Scream Tail|ability: Protosynthesis|[fromitem]
|-start|p1a: Scream Tail|protosynthesisspd
|move|p2a: Dance|Moonblast|p1a: Scream Tail
|-damage|p1a: Scream Tail|71/100
|
|upkeep
|turn|7
|
|t:|1757788676
|switch|p2a: Swing|Slowking-Galar, L99, F|100/100
|move|p1a: Scream Tail|Calm Mind|p1a: Scream Tail
|-boost|p1a: Scream Tail|spa|1
|-boost|p1a: Scream Tail|spd|1
|
|upkeep
|turn|8
|
|t:|1757788684
|-terastallize|p1a: Scream Tail|Normal
|move|p1a: Scream Tail|Calm Mind|p1a: Scream Tail
|-boost|p1a: Scream Tail|spa|1
|-boost|p1a: Scream Tail|spd|1
|move|p2a: Swing|Toxic|p1a: Scream Tail
|-status|p1a: Scream Tail|tox
|
|-damage|p1a: Scream Tail|65/100 tox|[from] psn
|upkeep
|turn|9
|
|t:|1757788695
|switch|p2a: Flag|Dragapult, F|100/100
|move|p1a: Scream Tail|Boomburst|p2a: Flag
|-immune|p2a: Flag
|
|-damage|p1a: Scream Tail|52/100 tox|[from] psn
|upkeep
|turn|10
|
|t:|1757788704
|move|p2a: Flag|U-turn|p1a: Scream Tail
|-damage|p1a: Scream Tail|38/100 tox
|
|t:|1757788710
|switch|p2a: Swing|Slowking-Galar, L99, F|100/100|[from] U-turn
|move|p1a: Scream Tail|Psyshock|p2a: Swing
|-damage|p2a: Swing|34/100
|
|-damage|p1a: Scream Tail|19/100 tox|[from] psn
|upkeep
|turn|11
|
|t:|1757788724
|move|p1a: Scream Tail|Psyshock|p2a: Swing
|-damage|p2a: Swing|0 fnt
|faint|p2a: Swing
|
|-damage|p1a: Scream Tail|0 fnt|[from] psn
|faint|p1a: Scream Tail
|-end|p1a: Scream Tail|Protosynthesis|[silent]
|upkeep
|
|t:|1757788734
|switch|p1a: Samurott|Samurott-Hisui, M|88/100
|switch|p2a: Sabre|Iron Valiant|100/100
|-damage|p1a: Samurott|76/100|[from] Stealth Rock
|turn|12
|
|t:|1757788754
|move|p1a: Samurott|Aqua Cutter|p2a: Sabre
|-damage|p2a: Sabre|42/100
|move|p2a: Sabre|Close Combat|p1a: Samurott
|-supereffective|p1a: Samurott
|-damage|p1a: Samurott|0 fnt
|-unboost|p2a: Sabre|def|1
|-unboost|p2a: Sabre|spd|1
|faint|p1a: Samurott
|
|upkeep
|
|t:|1757788765
|switch|p1a: Arcanine|Arcanine-Hisui, M|100/100
|-damage|p1a: Arcanine|76/100|[from] Stealth Rock
|turn|13
|
|t:|1757788773
|-end|p2a: Sabre|Quark Drive|[silent]
|switch|p2a: Flag|Dragapult, F|100/100
|move|p1a: Arcanine|Head Smash|p2a: Flag
|-damage|p2a: Flag|0 fnt
|faint|p2a: Flag
|
|upkeep
|
|t:|1757788777
|switch|p2a: Sabre|Iron Valiant|42/100
|turn|14
|
|t:|1757788784
|move|p2a: Sabre|Close Combat|p1a: Arcanine
|-supereffective|p1a: Arcanine
|-damage|p1a: Arcanine|0 fnt
|-unboost|p2a: Sabre|def|1
|-unboost|p2a: Sabre|spd|1
|faint|p1a: Arcanine
|
|upkeep
|
|t:|1757788792
|switch|p1a: Primeape|Primeape, F|100/100
|-damage|p1a: Primeape|95/100|[from] Stealth Rock
|turn|15
|
|t:|1757788808
|-terastallize|p2a: Sabre|Fighting
|move|p2a: Sabre|Close Combat|p1a: Primeape
|-crit|p1a: Primeape
|-damage|p1a: Primeape|0 fnt
|-unboost|p2a: Sabre|def|1
|-unboost|p2a: Sabre|spd|1
|faint|p1a: Primeape
|
|upkeep
|
|t:|1757788816
|switch|p1a: Kingdra|Kingdra, F|100/100
|-damage|p1a: Kingdra|88/100|[from] Stealth Rock
|turn|16
|
|t:|1757788822
|move|p2a: Sabre|Spirit Break|p1a: Kingdra
|-supereffective|p1a: Kingdra
|-damage|p1a: Kingdra|0 fnt
|faint|p1a: Kingdra
|
|win|FireWolf89
|raw|Gurden's rating: 1173 &rarr; <strong>1149</strong><br />(-24 for losing)
|raw|FireWolf89's rating: 1181 &rarr; <strong>1205</strong><br />(+24 for winning)
|l|☆FireWolf89
|player|p2|
|l|☆Gurden
|player|p1|
