|j|☆Gattuso74
|j|☆xanjii
|t:|1757787926
|gametype|singles
|player|p1|Gattuso74|cynthia-gen4|1119
|player|p2|xanjii|102|1074
|gen|9
|tier|[Gen 9] OU
|rated|
|rule|HP Percentage Mod: HP is shown in percentages
|rule|Endless Battle Clause: Forcing endless battles is banned
|rule|Species Clause: Limit one of each Pokémon
|rule|OHKO Clause: OHKO moves are banned
|rule|Evasion Items Clause: Evasion items are banned
|rule|Evasion Moves Clause: Evasion moves are banned
|rule|Evasion Abilities Clause: Evasion abilities are banned
|rule|Sleep Moves Clause: Sleep-inducing moves are banned
|clearpoke
|poke|p1|Dragonite, M|
|poke|p1|Toxicroak, M|
|poke|p1|Umbreon, F|
|poke|p1|Quagsire, M|
|poke|p1|Infernape, M|
|poke|p1|Mienshao, M|
|poke|p2|Kricketune, F|
|poke|p2|Wigglytuff, F|
|poke|p2|Kommo-o, M|
|poke|p2|Rillaboom, F|
|poke|p2|Skeledirge, F|
|poke|p2|Primarina, F|
|teampreview
|inactive|Battle timer is ON: inactive players will automatically lose when time's up. (requested by Gattuso74)
|
|t:|1757787934
|teamsize|p1|6
|teamsize|p2|6
|start
|switch|p1a: Mienshao|Mienshao, M|100/100
|switch|p2a: Primarina|Primarina, F, shiny|100/100
|turn|1
|
|t:|1757787941
|move|p1a: Mienshao|Poison Jab|p2a: Primarina
|-supereffective|p2a: Primarina
|-damage|p2a: Primarina|25/100
|move|p2a: Primarina|Reflect|p2a: Primarina
|-sidestart|p2: xanjii|Reflect
|
|upkeep
|turn|2
|
|t:|1757787948
|move|p1a: Mienshao|Poison Jab|p2a: Primarina
|-supereffective|p2a: Primarina
|-damage|p2a: Primarina|0 fnt
|faint|p2a: Primarina
|
|upkeep
|
|t:|1757787954
|switch|p2a: Wigglytuff|Wigglytuff, F|100/100
|turn|3
|
|t:|1757787958
|move|p1a: Mienshao|Poison Jab|p2a: Wigglytuff
|-supereffective|p2a: Wigglytuff
|-damage|p2a: Wigglytuff|64/100
|move|p2a: Wigglytuff|Alluring Voice|p1a: Mienshao
|-supereffective|p1a: Mienshao
|-damage|p1a: Mienshao|0 fnt
|faint|p1a: Mienshao
|
|upkeep
|
|t:|1757787966
|switch|p1a: Infernape|Infernape, M|100/100
|turn|4
|
|t:|1757787971
|move|p1a: Infernape|Flamethrower|p2a: Wigglytuff
|-crit|p2a: Wigglytuff
|-damage|p2a: Wigglytuff|0 fnt
|faint|p2a: Wigglytuff
|-damage|p1a: Infernape|91/100|[from] item: Life Orb
|
|upkeep
|
|t:|1757787978
|switch|p2a: Skeledirge|Skeledirge, F, shiny|100/100
|turn|5
|
|t:|1757787983
|switch|p1a: Umbreon|Umbreon, F|100/100
|move|p2a: Skeledirge|Torch Song|p1a: Umbreon
|-damage|p1a: Umbreon|73/100
|-boost|p2a: Skeledirge|spa|1
|
|-heal|p1a: Umbreon|79/100|[from] item: Leftovers
|upkeep
|turn|6
|
|t:|1757787993
|switch|p2a: Kricketune|Kricketune, F|100/100
|move|p1a: Umbreon|Toxic|p2a: Kricketune
|-status|p2a: Kricketune|tox
|
|-heal|p1a: Umbreon|85/100|[from] item: Leftovers
|-damage|p2a: Kricketune|94/100 tox|[from] psn
|upkeep
|turn|7
|
|t:|1757788011
|move|p2a: Kricketune|Sticky Web|p1a: Umbreon
|-sidestart|p1: Gattuso74|move: Sticky Web
|move|p1a: Umbreon|Wish|p1a: Umbreon
|
|-heal|p1a: Umbreon|91/100|[from] item: Leftovers
|-damage|p2a: Kricketune|82/100 tox|[from] psn
|upkeep
|turn|8
|
|t:|1757788018
|switch|p1a: Infernape|Infernape, M|91/100
|-activate|p1a: Infernape|move: Sticky Web
|-unboost|p1a: Infernape|spe|1
|move|p2a: Kricketune|Perish Song|p2a: Kricketune
|-start|p1a: Infernape|perish3|[silent]
|-start|p2a: Kricketune|perish3|[silent]
|-fieldactivate|move: Perish Song
|
|-heal|p1a: Infernape|100/100|[from] move: Wish|[wisher] Umbreon
|-damage|p2a: Kricketune|64/100 tox|[from] psn
|-start|p1a: Infernape|perish3
|-start|p2a: Kricketune|perish3
|-sideend|p2: xanjii|Reflect
|upkeep
|turn|9
|
|t:|1757788032
|move|p1a: Infernape|Flamethrower|p2a: Kricketune
|-supereffective|p2a: Kricketune
|-damage|p2a: Kricketune|0 fnt
|faint|p2a: Kricketune
|-damage|p1a: Infernape|91/100|[from] item: Life Orb
|
|-start|p1a: Infernape|perish2
|upkeep
|
|t:|1757788038
|switch|p2a: Kommo-o|Kommo-o, M, shiny|100/100
|turn|10
|
|t:|1757788048
|switch|p2a: Skeledirge|Skeledirge, F, shiny|100/100
|switch|p1a: Umbreon|Umbreon, F|91/100
|-activate|p1a: Umbreon|move: Sticky Web
|-unboost|p1a: Umbreon|spe|1
|
|-heal|p1a: Umbreon|97/100|[from] item: Leftovers
|upkeep
|turn|11
|
|t:|1757788058
|move|p2a: Skeledirge|Alluring Voice|p1a: Umbreon
|-supereffective|p1a: Umbreon
|-damage|p1a: Umbreon|62/100
|move|p1a: Umbreon|Toxic|p2a: Skeledirge
|-status|p2a: Skeledirge|tox
|
|-heal|p1a: Umbreon|68/100|[from] item: Leftovers
|-damage|p2a: Skeledirge|94/100 tox|[from] psn
|upkeep
|turn|12
|-message|xanjii forfeited.
|
|win|Gattuso74
|raw|Gattuso74's rating: 1119 &rarr; <strong>1141</strong><br />(+22 for winning)
|raw|xanjii's rating: 1074 &rarr; <strong>1056</strong><br />(-18 for losing)
|l|☆xanjii
|player|p2|
|l|☆Gattuso74
|player|p1|
