|j|☆g2deathscythehell
|j|☆doomfletch
|t:|1757953517
|gametype|singles
|player|p1|g2deathscythehell|lance|1420
|player|p2|doomfletch|101|1402
|gen|9
|tier|[Gen 9] OU
|rated|
|rule|HP Percentage Mod: HP is shown in percentages
|rule|Endless Battle Clause: Forcing endless battles is banned
|rule|Species Clause: Limit one of each Pokémon
|rule|OHKO Clause: OHKO moves are banned
|rule|Evasion Items Clause: Evasion items are banned
|rule|Evasion Moves Clause: Evasion moves are banned
|rule|Evasion Abilities Clause: Evasion abilities are banned
|rule|Sleep Moves Clause: Sleep-inducing moves are banned
|clearpoke
|poke|p1|Ceruledge, F|
|poke|p1|Kingambit, M|
|poke|p1|Landorus-Therian, M|
|poke|p1|Walking Wake|
|poke|p1|Primarina, M|
|poke|p1|Iron Treads|
|poke|p2|Hydreigon, M|
|poke|p2|Slowking-Galar, M|
|poke|p2|Great Tusk|
|poke|p2|Corviknight, M|
|poke|p2|Crawdaunt, F|
|poke|p2|Raikou|
|teampreview
|
|t:|1757953531
|teamsize|p1|6
|teamsize|p2|6
|start
|switch|p1a: Landorus|Landorus-Therian, M|100/100
|switch|p2a: Raikou|Raikou|100/100
|-ability|p1a: Landorus|Intimidate|boost
|-fail|p2a: Raikou|unboost|Attack|[from] ability: Inner Focus|[of] p2a: Raikou
|turn|1
|
|t:|1757953538
|switch|p2a: Corviknight|Corviknight, M|100/100
|-ability|p2a: Corviknight|Pressure
|move|p1a: Landorus|Stealth Rock|p2a: Corviknight
|-sidestart|p2: doomfletch|move: Stealth Rock
|
|upkeep
|turn|2
|
|t:|1757953552
|move|p1a: Landorus|Rock Slide|p2a: Corviknight
|-damage|p2a: Corviknight|82/100
|move|p2a: Corviknight|U-turn|p1a: Landorus
|-resisted|p1a: Landorus
|-damage|p1a: Landorus|92/100
|-damage|p2a: Corviknight|66/100|[from] item: Rocky Helmet|[of] p1a: Landorus
|
|t:|1757953563
|switch|p2a: Great Tusk|Great Tusk|100/100|[from] U-turn
|-damage|p2a: Great Tusk|98/100|[from] Stealth Rock
|
|upkeep
|turn|3
|
|t:|1757953573
|switch|p1a: Walking Wake|Walking Wake|100/100
|-enditem|p1a: Walking Wake|Booster Energy
|-activate|p1a: Walking Wake|ability: Protosynthesis|[fromitem]
|-start|p1a: Walking Wake|protosynthesisspa
|move|p2a: Great Tusk|Stealth Rock|p1a: Walking Wake
|-sidestart|p1: g2deathscythehell|move: Stealth Rock
|
|upkeep
|turn|4
|
|t:|1757953583
|-end|p2a: Great Tusk|Protosynthesis|[silent]
|switch|p2a: Raikou|Raikou|100/100
|move|p1a: Walking Wake|Hydro Steam|p2a: Raikou
|-damage|p2a: Raikou|48/100
|
|upkeep
|turn|5
|
|t:|1757953590
|move|p2a: Raikou|Volt Switch|p1a: Walking Wake
|-damage|p1a: Walking Wake|59/100
|
|t:|1757953595
|switch|p2a: Slowking|Slowking-Galar, M|100/100|[from] Volt Switch
|-damage|p2a: Slowking|88/100|[from] Stealth Rock
|move|p1a: Walking Wake|Hydro Steam|p2a: Slowking
|-damage|p2a: Slowking|63/100
|
|upkeep
|turn|6
|
|t:|1757953604
|move|p1a: Walking Wake|Hurricane|p2a: Slowking|[miss]
|-miss|p1a: Walking Wake|p2a: Slowking
|move|p2a: Slowking|Sludge Bomb|p1a: Walking Wake
|-damage|p1a: Walking Wake|10/100
|
|upkeep
|turn|7
|
|t:|1757953613
|move|p1a: Walking Wake|Hydro Steam|p2a: Slowking
|-damage|p2a: Slowking|36/100
|move|p2a: Slowking|Ice Beam|p1a: Walking Wake
|-damage|p1a: Walking Wake|0 fnt
|faint|p1a: Walking Wake
|-end|p1a: Walking Wake|Protosynthesis|[silent]
|
|upkeep
|
|t:|1757953620
|switch|p1a: Iron Treads|Iron Treads|100/100
|-damage|p1a: Iron Treads|97/100|[from] Stealth Rock
|turn|8
|
|t:|1757953625
|switch|p2a: Corviknight|Corviknight, M|66/100
|-damage|p2a: Corviknight|53/100|[from] Stealth Rock
|-ability|p2a: Corviknight|Pressure
|move|p1a: Iron Treads|Rapid Spin|p2a: Corviknight
|-resisted|p2a: Corviknight
|-damage|p2a: Corviknight|49/100
|-boost|p1a: Iron Treads|spe|1
|-damage|p1a: Iron Treads|81/100|[from] item: Rocky Helmet|[of] p2a: Corviknight
|-sideend|p1: g2deathscythehell|Stealth Rock|[from] move: Rapid Spin|[of] p1a: Iron Treads
|
|-heal|p1a: Iron Treads|87/100|[from] item: Leftovers
|upkeep
|turn|9
|
|t:|1757953637
|-end|p1a: Iron Treads|Quark Drive|[silent]
|switch|p1a: Primarina|Primarina, M|100/100
|move|p2a: Corviknight|Roost|p2a: Corviknight
|-heal|p2a: Corviknight|99/100
|-singleturn|p2a: Corviknight|move: Roost
|
|upkeep
|turn|10
|
|t:|1757953644
|move|p2a: Corviknight|U-turn|p1a: Primarina
|-resisted|p1a: Primarina
|-damage|p1a: Primarina|91/100
|
|t:|1757953647
|switch|p2a: Raikou|Raikou|48/100|[from] U-turn
|move|p1a: Primarina|Calm Mind|p1a: Primarina
|-boost|p1a: Primarina|spa|1
|-boost|p1a: Primarina|spd|1
|
|-heal|p1a: Primarina|97/100|[from] item: Leftovers
|upkeep
|turn|11
|
|t:|1757953655
|move|p2a: Raikou|Thunderbolt|p1a: Primarina
|-supereffective|p1a: Primarina
|-damage|p1a: Primarina|49/100
|move|p1a: Primarina|Draining Kiss|p2a: Raikou
|-damage|p2a: Raikou|7/100
|-heal|p1a: Primarina|77/100|[from] drain|[of] p2a: Raikou
|
|-heal|p1a: Primarina|83/100|[from] item: Leftovers
|upkeep
|turn|12
|
|t:|1757953663
|move|p2a: Raikou|Volt Switch|p1a: Primarina
|-supereffective|p1a: Primarina
|-crit|p1a: Primarina
|-damage|p1a: Primarina|0 fnt
|faint|p1a: Primarina
|c|☆g2deathscythehell|B R U H
|
|t:|1757953680
|switch|p2a: Hydreigon|Hydreigon, M|100/100|[from] Volt Switch
|-damage|p2a: Hydreigon|88/100|[from] Stealth Rock
|
|-heal|p2a: Hydreigon|94/100|[from] item: Leftovers
|upkeep
|
|t:|1757953693
|switch|p1a: Iron Treads|Iron Treads|87/100
|turn|13
|
|t:|1757953699
|move|p1a: Iron Treads|Ice Spinner|p2a: Hydreigon
|-supereffective|p2a: Hydreigon
|-damage|p2a: Hydreigon|41/100
|move|p2a: Hydreigon|Flamethrower|p1a: Iron Treads
|-supereffective|p1a: Iron Treads
|-damage|p1a: Iron Treads|0 fnt
|faint|p1a: Iron Treads
|-end|p1a: Iron Treads|Quark Drive|[silent]
|
|-heal|p2a: Hydreigon|47/100|[from] item: Leftovers
|upkeep
|
|t:|1757953712
|switch|p1a: Landorus|Landorus-Therian, M|92/100
|-ability|p1a: Landorus|Intimidate|boost
|-unboost|p2a: Hydreigon|atk|1
|turn|14
|
|t:|1757953717
|move|p1a: Landorus|U-turn|p2a: Hydreigon
|-supereffective|p2a: Hydreigon
|-damage|p2a: Hydreigon|0 fnt
|faint|p2a: Hydreigon
|
|t:|1757953722
|switch|p1a: Ceruledge|Ceruledge, F, shiny|100/100|[from] U-turn
|
|upkeep
|
|t:|1757953734
|switch|p2a: Raikou|Raikou|7/100
|turn|15
|
|t:|1757953740
|move|p2a: Raikou|Volt Switch|p1a: Ceruledge
|-damage|p1a: Ceruledge|64/100
|
|t:|1757953745
|switch|p2a: Crawdaunt|Crawdaunt, F|100/100|[from] Volt Switch
|-damage|p2a: Crawdaunt|88/100|[from] Stealth Rock
|move|p1a: Ceruledge|Bitter Blade|p2a: Crawdaunt
|-resisted|p2a: Crawdaunt
|-crit|p2a: Crawdaunt
|-damage|p2a: Crawdaunt|34/100
|-heal|p1a: Ceruledge|89/100|[from] drain|[of] p2a: Crawdaunt
|
|upkeep
|turn|16
|
|t:|1757953756
|-terastallize|p2a: Crawdaunt|Water
|move|p2a: Crawdaunt|Aqua Jet|p1a: Ceruledge
|-supereffective|p1a: Ceruledge
|-damage|p1a: Ceruledge|0 fnt
|faint|p1a: Ceruledge
|
|upkeep
|
|t:|1757953763
|switch|p1a: Landorus|Landorus-Therian, M|92/100
|-ability|p1a: Landorus|Intimidate|boost
|-unboost|p2a: Crawdaunt|atk|1
|turn|17
|
|t:|1757953773
|move|p2a: Crawdaunt|Aqua Jet|p1a: Landorus
|-supereffective|p1a: Landorus
|-damage|p1a: Landorus|14/100
|-damage|p2a: Crawdaunt|18/100|[from] item: Rocky Helmet|[of] p1a: Landorus
|move|p1a: Landorus|Earthquake|p2a: Crawdaunt
|-damage|p2a: Crawdaunt|0 fnt
|faint|p2a: Crawdaunt
|
|upkeep
|
|t:|1757953780
|switch|p2a: Raikou|Raikou|7/100
|turn|18
|
|t:|1757953783
|move|p2a: Raikou|Scald|p1a: Landorus
|-supereffective|p1a: Landorus
|-crit|p1a: Landorus
|-damage|p1a: Landorus|0 fnt
|faint|p1a: Landorus
|
|upkeep
|
|t:|1757953788
|switch|p1a: Kingambit|Kingambit, M, shiny|100/100
|-activate|p1a: Kingambit|ability: Supreme Overlord
|-start|p1a: Kingambit|fallen5|[silent]
|turn|19
|
|t:|1757953794
|move|p1a: Kingambit|Sucker Punch|p2a: Raikou
|-damage|p2a: Raikou|0 fnt
|faint|p2a: Raikou
|
|upkeep
|
|t:|1757953802
|switch|p2a: Corviknight|Corviknight, M|99/100
|-damage|p2a: Corviknight|86/100|[from] Stealth Rock
|-ability|p2a: Corviknight|Pressure
|turn|20
|
|t:|1757953807
|move|p2a: Corviknight|Iron Defense|p2a: Corviknight
|-boost|p2a: Corviknight|def|2
|move|p1a: Kingambit|Swords Dance|p1a: Kingambit
|-boost|p1a: Kingambit|atk|2
|
|upkeep
|turn|21
|
|t:|1757953813
|move|p2a: Corviknight|Iron Defense|p2a: Corviknight
|-boost|p2a: Corviknight|def|2
|move|p1a: Kingambit|Kowtow Cleave|p2a: Corviknight
|-damage|p2a: Corviknight|57/100
|-damage|p1a: Kingambit|84/100|[from] item: Rocky Helmet|[of] p2a: Corviknight
|
|-heal|p1a: Kingambit|90/100|[from] item: Leftovers
|upkeep
|turn|22
|
|t:|1757953821
|move|p2a: Corviknight|Roost|p2a: Corviknight
|-heal|p2a: Corviknight|100/100
|-singleturn|p2a: Corviknight|move: Roost
|move|p1a: Kingambit|Swords Dance|p1a: Kingambit
|-boost|p1a: Kingambit|atk|2
|
|-heal|p1a: Kingambit|96/100|[from] item: Leftovers
|upkeep
|turn|23
|
|t:|1757953829
|move|p2a: Corviknight|Body Press|p1a: Kingambit
|-supereffective|p1a: Kingambit
|-crit|p1a: Kingambit
|-damage|p1a: Kingambit|0 fnt
|faint|p1a: Kingambit
|-end|p1a: Kingambit|fallen5|[silent]
|
|win|doomfletch
|raw|g2deathscythehell's rating: 1420 &rarr; <strong>1399</strong><br />(-21 for losing)
|raw|doomfletch's rating: 1402 &rarr; <strong>1423</strong><br />(+21 for winning)
|c|☆doomfletch|you can tera btw
|c|☆doomfletch|this is gen 9
|l|☆doomfletch
|player|p2|
|l|☆g2deathscythehell
|player|p1|
