|j|☆bishop1
|j|☆Pepepeponez
|t:|1757932337
|gametype|singles
|player|p1|bishop1|101|1562
|player|p2|Pepepeponez|1|1512
|gen|9
|tier|[Gen 9] OU
|rated|
|rule|HP Percentage Mod: HP is shown in percentages
|rule|Endless Battle Clause: Forcing endless battles is banned
|rule|Species Clause: Limit one of each Pokémon
|rule|OHKO Clause: OHKO moves are banned
|rule|Evasion Items Clause: Evasion items are banned
|rule|Evasion Moves Clause: Evasion moves are banned
|rule|Evasion Abilities Clause: Evasion abilities are banned
|rule|Sleep Moves Clause: Sleep-inducing moves are banned
|clearpoke
|poke|p1|Zamazenta-*|
|poke|p1|Ninetales-Alola, M|
|poke|p1|Darkrai|
|poke|p1|Ceruledge, M|
|poke|p1|Gliscor, M|
|poke|p1|Hatterene, F|
|poke|p2|Kingambit, M|
|poke|p2|Zamazenta-*|
|poke|p2|Dragonite, F|
|poke|p2|Dragapult, M|
|poke|p2|Ogerpon-Wellspring, F|
|poke|p2|Forretress, M|
|teampreview
|inactive|Battle timer is ON: inactive players will automatically lose when time's up. (requested by Pepepeponez)
|
|t:|1757932350
|teamsize|p1|6
|teamsize|p2|6
|start
|switch|p1a: Ninetales|Ninetales-Alola, M|100/100
|switch|p2a: Forretress|Forretress, M|100/100
|-weather|Snowscape|[from] ability: Snow Warning|[of] p1a: Ninetales
|turn|1
|
|t:|1757932355
|move|p1a: Ninetales|Aurora Veil|p1a: Ninetales
|-sidestart|p1: bishop1|move: Aurora Veil
|move|p2a: Forretress|Gyro Ball|p1a: Ninetales
|-supereffective|p1a: Ninetales
|-damage|p1a: Ninetales|41/100
|
|-weather|Snowscape|[upkeep]
|upkeep
|turn|2
|
|t:|1757932368
|switch|p1a: Ceruledge|Ceruledge, M|100/100
|move|p2a: Forretress|Spikes|p1a: Ceruledge
|-sidestart|p1: bishop1|Spikes
|
|-weather|Snowscape|[upkeep]
|upkeep
|turn|3
|
|t:|1757932378
|move|p1a: Ceruledge|Bulk Up|p1a: Ceruledge
|-boost|p1a: Ceruledge|atk|1
|-boost|p1a: Ceruledge|def|1
|move|p2a: Forretress|Volt Switch|p1a: Ceruledge
|-damage|p1a: Ceruledge|97/100
|
|t:|1757932399
|switch|p2a: Zamazenta|Zamazenta|100/100|[from] Volt Switch
|-ability|p2a: Zamazenta|Dauntless Shield|boost
|-boost|p2a: Zamazenta|def|1
|
|-weather|Snowscape|[upkeep]
|upkeep
|turn|4
|
|t:|1757932402
|move|p1a: Ceruledge|Taunt|p2a: Zamazenta
|-start|p2a: Zamazenta|move: Taunt
|cant|p2a: Zamazenta|move: Taunt|Roar
|
|-weather|Snowscape|[upkeep]
|upkeep
|turn|5
|
|t:|1757932414
|-terastallize|p1a: Ceruledge|Bug
|move|p2a: Zamazenta|Crunch|p1a: Ceruledge
|-damage|p1a: Ceruledge|89/100
|move|p1a: Ceruledge|Bulk Up|p1a: Ceruledge
|-boost|p1a: Ceruledge|atk|1
|-boost|p1a: Ceruledge|def|1
|
|-weather|none
|upkeep
|turn|6
|
|t:|1757932422
|switch|p2a: Forretress|Forretress, M|100/100
|move|p1a: Ceruledge|Bulk Up|p1a: Ceruledge
|-boost|p1a: Ceruledge|atk|1
|-boost|p1a: Ceruledge|def|1
|
|upkeep
|turn|7
|
|t:|1757932430
|move|p1a: Ceruledge|Taunt|p2a: Forretress
|-start|p2a: Forretress|move: Taunt
|move|p2a: Forretress|Volt Switch|p1a: Ceruledge
|-damage|p1a: Ceruledge|85/100
|
|t:|1757932447
|switch|p2a: Zamazenta|Zamazenta|100/100|[from] Volt Switch
|
|upkeep
|turn|8
|
|t:|1757932452
|move|p1a: Ceruledge|Taunt|p2a: Zamazenta
|-start|p2a: Zamazenta|move: Taunt
|cant|p2a: Zamazenta|move: Taunt|Roar
|
|-sideend|p1: bishop1|move: Aurora Veil
|upkeep
|turn|9
|
|t:|1757932455
|switch|p2a: Dragapult|Dragapult, M|100/100
|move|p1a: Ceruledge|Bulk Up|p1a: Ceruledge
|-boost|p1a: Ceruledge|atk|1
|-boost|p1a: Ceruledge|def|1
|
|upkeep
|turn|10
|
|t:|1757932461
|move|p2a: Dragapult|Flamethrower|p1a: Ceruledge
|-start|p1a: Ceruledge|ability: Flash Fire
|move|p1a: Ceruledge|Bitter Blade|p2a: Dragapult
|-resisted|p2a: Dragapult
|-damage|p2a: Dragapult|0 fnt
|-heal|p1a: Ceruledge|100/100|[from] drain|[of] p2a: Dragapult
|faint|p2a: Dragapult
|
|upkeep
|j| cris peacock
|-message|Pepepeponez forfeited.
|
|win|bishop1
|raw|bishop1's rating: 1562 &rarr; <strong>1579</strong><br />(+17 for winning)
|raw|Pepepeponez's rating: 1512 &rarr; <strong>1495</strong><br />(-17 for losing)
|l|☆Pepepeponez
|player|p2|
|l|☆bishop1
|player|p1|
|l| cris peacock
