|j|☆HatedWitch
|j|☆glubtubbus weppel
|t:|1757900533
|gametype|singles
|player|p1|HatedWitch|lass|1210
|player|p2|glubtubbus weppel|265|1233
|gen|9
|tier|[Gen 9] OU
|rated|
|rule|HP Percentage Mod: HP is shown in percentages
|rule|Endless Battle Clause: Forcing endless battles is banned
|rule|Species Clause: Limit one of each Pokémon
|rule|OHKO Clause: OHKO moves are banned
|rule|Evasion Items Clause: Evasion items are banned
|rule|Evasion Moves Clause: Evasion moves are banned
|rule|Evasion Abilities Clause: Evasion abilities are banned
|rule|Sleep Moves Clause: Sleep-inducing moves are banned
|clearpoke
|poke|p1|Alomomola, F|
|poke|p1|Dragapult, M|
|poke|p1|Sandy Shocks|
|poke|p1|Gliscor, M|
|poke|p1|Meowscarada, F|
|poke|p1|Scizor, M|
|poke|p2|Spidops, M|
|poke|p2|Serperior, M|
|poke|p2|Malamar, F|
|poke|p2|Kingambit, F|
|poke|p2|Gholdengo|
|poke|p2|Cinderace, F|
|teampreview
|
|t:|1757900539
|teamsize|p1|6
|teamsize|p2|6
|start
|switch|p1a: Scizor|Scizor, M|100/100
|switch|p2a: Spidops|Spidops, M|100/100
|turn|1
|
|t:|1757900550
|move|p2a: Spidops|Silk Trap|p2a: Spidops
|-singleturn|p2a: Spidops|Protect
|move|p1a: Scizor|Bullet Punch|p2a: Spidops
|-activate|p2a: Spidops|move: Protect
|-unboost|p1a: Scizor|spe|1
|
|upkeep
|turn|2
|
|t:|1757900557
|move|p1a: Scizor|Bullet Punch|p2a: Spidops
|-damage|p2a: Spidops|61/100
|move|p2a: Spidops|Sticky Web|p1a: Scizor
|-sidestart|p1: HatedWitch|move: Sticky Web
|
|upkeep
|turn|3
|
|t:|1757900565
|switch|p2a: Cinderace|Cinderace, F|100/100
|move|p1a: Scizor|Bullet Punch|p2a: Cinderace
|-resisted|p2a: Cinderace
|-damage|p2a: Cinderace|74/100
|
|upkeep
|turn|4
|
|t:|1757900575
|switch|p1a: Alomomola|Alomomola, F|100/100
|-activate|p1a: Alomomola|move: Sticky Web
|-unboost|p1a: Alomomola|spe|1
|move|p2a: Cinderace|Court Change|p2a: Cinderace
|-start|p2a: Cinderace|typechange|Normal|[from] ability: Libero
|-swapsideconditions
|-activate|p2a: Cinderace|move: Court Change
|
|upkeep
|turn|5
|
|t:|1757900583
|move|p2a: Cinderace|U-turn|p1a: Alomomola
|-damage|p1a: Alomomola|85/100
|
|t:|1757900587
|switch|p2a: Spidops|Spidops, M|61/100|[from] U-turn
|-activate|p2a: Spidops|move: Sticky Web
|-unboost|p2a: Spidops|spe|1
|move|p1a: Alomomola|Flip Turn|p2a: Spidops
|-damage|p2a: Spidops|44/100
|
|t:|1757900594
|switch|p1a: Gliscor|Gliscor, M|100/100|[from] Flip Turn
|
|-status|p1a: Gliscor|tox|[from] item: Toxic Orb
|upkeep
|turn|6
|
|t:|1757900600
|move|p1a: Gliscor|Stealth Rock|p2a: Spidops
|-sidestart|p2: glubtubbus weppel|move: Stealth Rock
|move|p2a: Spidops|Sticky Web|p1a: Gliscor
|-sidestart|p1: HatedWitch|move: Sticky Web
|
|upkeep
|turn|7
|
|t:|1757900607
|move|p1a: Gliscor|Knock Off|p2a: Spidops
|-damage|p2a: Spidops|18/100
|-enditem|p2a: Spidops|Focus Sash|[from] move: Knock Off|[of] p1a: Gliscor
|move|p2a: Spidops|Knock Off|p1a: Gliscor
|-damage|p1a: Gliscor|85/100 tox
|-enditem|p1a: Gliscor|Toxic Orb|[from] move: Knock Off|[of] p2a: Spidops
|
|-heal|p1a: Gliscor|98/100 tox|[from] ability: Poison Heal
|upkeep
|turn|8
|
|t:|1757900617
|move|p2a: Spidops|Silk Trap|p2a: Spidops
|-singleturn|p2a: Spidops|Protect
|move|p1a: Gliscor|U-turn|p2a: Spidops
|-activate|p2a: Spidops|move: Protect
|-unboost|p1a: Gliscor|spe|1
|
|-heal|p1a: Gliscor|100/100 tox|[from] ability: Poison Heal
|upkeep
|turn|9
|
|t:|1757900627
|move|p1a: Gliscor|U-turn|p2a: Spidops
|-damage|p2a: Spidops|0 fnt
|faint|p2a: Spidops
|
|t:|1757900642
|switch|p1a: Meowscarada|Meowscarada, F|100/100|[from] U-turn
|
|upkeep
|
|t:|1757900647
|switch|p2a: Cinderace|Cinderace, F|74/100
|turn|10
|
|t:|1757900659
|switch|p1a: Dragapult|Dragapult, M|100/100
|move|p2a: Cinderace|Court Change|p2a: Cinderace
|-start|p2a: Cinderace|typechange|Normal|[from] ability: Libero
|-swapsideconditions
|-activate|p2a: Cinderace|move: Court Change
|
|upkeep
|turn|11
|
|t:|1757900670
|move|p2a: Cinderace|Sucker Punch||[still]
|-fail|p2a: Cinderace
|move|p1a: Dragapult|Will-O-Wisp|p2a: Cinderace
|-status|p2a: Cinderace|brn
|
|-damage|p2a: Cinderace|68/100 brn|[from] brn
|upkeep
|turn|12
|
|t:|1757900679
|switch|p1a: Gliscor|Gliscor, M|100/100 tox
|-damage|p1a: Gliscor|88/100 tox|[from] Stealth Rock
|move|p2a: Cinderace|U-turn|p1a: Gliscor
|-resisted|p1a: Gliscor
|-damage|p1a: Gliscor|85/100 tox
|
|t:|1757900689
|switch|p2a: Serperior|Serperior, M|100/100|[from] U-turn
|-activate|p2a: Serperior|move: Sticky Web
|-boost|p2a: Serperior|spe|1
|
|-heal|p1a: Gliscor|97/100 tox|[from] ability: Poison Heal
|upkeep
|turn|13
|
|t:|1757900697
|move|p2a: Serperior|Substitute|p2a: Serperior
|-start|p2a: Serperior|Substitute
|-damage|p2a: Serperior|76/100
|move|p1a: Gliscor|U-turn|p2a: Serperior
|-supereffective|p2a: Serperior
|-end|p2a: Serperior|Substitute
|
|t:|1757900707
|switch|p1a: Scizor|Scizor, M|100/100|[from] U-turn
|
|upkeep
|turn|14
|
|t:|1757900716
|switch|p2a: Cinderace|Cinderace, F|68/100 brn
|move|p1a: Scizor|U-turn|p2a: Cinderace
|-resisted|p2a: Cinderace
|-damage|p2a: Cinderace|40/100 brn
|
|t:|1757900721
|switch|p1a: Gliscor|Gliscor, M|97/100 tox|[from] U-turn
|-damage|p1a: Gliscor|85/100 tox|[from] Stealth Rock
|
|-heal|p1a: Gliscor|97/100 tox|[from] ability: Poison Heal
|-damage|p2a: Cinderace|34/100 brn|[from] brn
|upkeep
|turn|15
|
|t:|1757900733
|move|p2a: Cinderace|U-turn|p1a: Gliscor
|-start|p2a: Cinderace|typechange|Bug|[from] ability: Libero
|-resisted|p1a: Gliscor
|-damage|p1a: Gliscor|92/100 tox
|
|t:|1757900739
|switch|p2a: Kingambit|Kingambit, F|100/100|[from] U-turn
|-activate|p2a: Kingambit|move: Sticky Web
|-unboost|p2a: Kingambit|spe|1
|-ability|p2a: Kingambit|Defiant|boost
|-boost|p2a: Kingambit|atk|2
|move|p1a: Gliscor|Stealth Rock|p2a: Kingambit
|-sidestart|p2: glubtubbus weppel|move: Stealth Rock
|
|-heal|p1a: Gliscor|100/100 tox|[from] ability: Poison Heal
|upkeep
|turn|16
|
|t:|1757900751
|move|p1a: Gliscor|Knock Off|p2a: Kingambit
|-resisted|p2a: Kingambit
|-damage|p2a: Kingambit|93/100
|-enditem|p2a: Kingambit|Black Glasses|[from] move: Knock Off|[of] p1a: Gliscor
|move|p2a: Kingambit|Kowtow Cleave|p1a: Gliscor
|-damage|p1a: Gliscor|41/100 tox
|
|-heal|p1a: Gliscor|54/100 tox|[from] ability: Poison Heal
|upkeep
|turn|17
|
|t:|1757900761
|move|p1a: Gliscor|Protect|p1a: Gliscor
|-singleturn|p1a: Gliscor|Protect
|move|p2a: Kingambit|Swords Dance|p2a: Kingambit
|-boost|p2a: Kingambit|atk|2
|
|-heal|p1a: Gliscor|66/100 tox|[from] ability: Poison Heal
|upkeep
|turn|18
|
|t:|1757900772
|move|p1a: Gliscor|U-turn|p2a: Kingambit
|-damage|p2a: Kingambit|82/100
|
|t:|1757900782
|switch|p1a: Alomomola|Alomomola, F|100/100|[from] U-turn
|-activate|p1a: Alomomola|move: Sticky Web
|-unboost|p1a: Alomomola|spe|1
|-damage|p1a: Alomomola|88/100|[from] Stealth Rock
|move|p2a: Kingambit|Kowtow Cleave|p1a: Alomomola
|-damage|p1a: Alomomola|0 fnt
|faint|p1a: Alomomola
|
|upkeep
|
|t:|1757900791
|switch|p1a: Dragapult|Dragapult, M|100/100
|turn|19
|
|t:|1757900796
|switch|p2a: Cinderace|Cinderace, F|34/100 brn
|move|p1a: Dragapult|Will-O-Wisp|p2a: Cinderace
|-fail|p2a: Cinderace|brn
|
|-damage|p2a: Cinderace|28/100 brn|[from] brn
|upkeep
|turn|20
|
|t:|1757900805
|move|p1a: Dragapult|Dragon Darts|p2a: Cinderace
|-damage|p2a: Cinderace|0 fnt
|faint|p2a: Cinderace
|
|upkeep
|
|t:|1757900814
|switch|p2a: Serperior|Serperior, M|76/100
|-activate|p2a: Serperior|move: Sticky Web
|-boost|p2a: Serperior|spe|1
|-damage|p2a: Serperior|63/100|[from] Stealth Rock
|turn|21
|
|t:|1757900847
|move|p2a: Serperior|Dragon Pulse|p1a: Dragapult
|-supereffective|p1a: Dragapult
|-damage|p1a: Dragapult|16/100
|-damage|p2a: Serperior|53/100|[from] item: Life Orb
|move|p1a: Dragapult|Will-O-Wisp|p2a: Serperior
|-status|p2a: Serperior|brn
|
|-damage|p2a: Serperior|47/100 brn|[from] brn
|upkeep
|turn|22
|
|t:|1757900858
|switch|p1a: Scizor|Scizor, M|100/100
|move|p2a: Serperior|Leaf Storm|p1a: Scizor
|-resisted|p1a: Scizor
|-damage|p1a: Scizor|81/100
|-boost|p2a: Serperior|spa|2
|-damage|p2a: Serperior|37/100 brn|[from] item: Life Orb
|
|-damage|p2a: Serperior|31/100 brn|[from] brn
|upkeep
|turn|23
|
|t:|1757900871
|move|p1a: Scizor|Bullet Punch|p2a: Serperior
|-damage|p2a: Serperior|0 fnt
|faint|p2a: Serperior
|
|upkeep
|
|t:|1757900876
|switch|p2a: Malamar|Malamar, F|100/100
|-activate|p2a: Malamar|move: Sticky Web
|-boost|p2a: Malamar|spe|1
|-damage|p2a: Malamar|88/100|[from] Stealth Rock
|turn|24
|
|t:|1757900886
|move|p2a: Malamar|Night Slash|p1a: Scizor
|-damage|p1a: Scizor|45/100
|move|p1a: Scizor|U-turn|p2a: Malamar
|-supereffective|p2a: Malamar
|-damage|p2a: Malamar|0 fnt
|faint|p2a: Malamar
|
|t:|1757900895
|switch|p1a: Dragapult|Dragapult, M|16/100|[from] U-turn
|
|upkeep
|
|t:|1757900913
|switch|p2a: Gholdengo|Gholdengo|100/100
|-damage|p2a: Gholdengo|94/100|[from] Stealth Rock
|-item|p2a: Gholdengo|Air Balloon
|turn|25
|
|t:|1757900922
|move|p1a: Dragapult|Hex|p2a: Gholdengo
|-supereffective|p2a: Gholdengo
|-damage|p2a: Gholdengo|35/100
|-enditem|p2a: Gholdengo|Air Balloon
|move|p2a: Gholdengo|Make It Rain|p1a: Dragapult
|-damage|p1a: Dragapult|0 fnt
|-unboost|p2a: Gholdengo|spa|1
|faint|p1a: Dragapult
|
|upkeep
|
|t:|1757900933
|switch|p1a: Gliscor|Gliscor, M|66/100 tox
|-damage|p1a: Gliscor|54/100 tox|[from] Stealth Rock
|turn|26
|
|t:|1757900942
|move|p2a: Gholdengo|Nasty Plot|p2a: Gholdengo
|-boost|p2a: Gholdengo|spa|2
|move|p1a: Gliscor|Knock Off|p2a: Gholdengo
|-supereffective|p2a: Gholdengo
|-damage|p2a: Gholdengo|0 fnt
|faint|p2a: Gholdengo
|
|-heal|p1a: Gliscor|66/100 tox|[from] ability: Poison Heal
|upkeep
|
|t:|1757900951
|switch|p2a: Kingambit|Kingambit, F|82/100
|-activate|p2a: Kingambit|move: Sticky Web
|-unboost|p2a: Kingambit|spe|1
|-ability|p2a: Kingambit|Defiant|boost
|-boost|p2a: Kingambit|atk|2
|-damage|p2a: Kingambit|75/100|[from] Stealth Rock
|turn|27
|
|t:|1757900962
|move|p1a: Gliscor|U-turn|p2a: Kingambit
|-damage|p2a: Kingambit|64/100
|
|t:|1757900985
|switch|p1a: Scizor|Scizor, M|45/100|[from] U-turn
|move|p2a: Kingambit|Kowtow Cleave|p1a: Scizor
|-damage|p1a: Scizor|0 fnt
|faint|p1a: Scizor
|
|upkeep
|
|t:|1757900993
|switch|p1a: Sandy Shocks|Sandy Shocks, shiny|100/100
|turn|28
|
|t:|1757901009
|-terastallize|p2a: Kingambit|Dark
|move|p1a: Sandy Shocks|Earth Power|p2a: Kingambit
|-damage|p2a: Kingambit|20/100
|move|p2a: Kingambit|Kowtow Cleave|p1a: Sandy Shocks
|-damage|p1a: Sandy Shocks|0 fnt
|faint|p1a: Sandy Shocks
|-end|p1a: Sandy Shocks|Protosynthesis|[silent]
|
|upkeep
|
|t:|1757901016
|switch|p1a: Gliscor|Gliscor, M|66/100 tox
|-damage|p1a: Gliscor|54/100 tox|[from] Stealth Rock
|turn|29
|
|t:|1757901023
|move|p2a: Kingambit|Sucker Punch|p1a: Gliscor
|-crit|p1a: Gliscor
|-damage|p1a: Gliscor|0 fnt
|faint|p1a: Gliscor
|
|upkeep
|
|t:|1757901026
|switch|p1a: Meowscarada|Meowscarada, F|100/100
|turn|30
|
|t:|1757901031
|-terastallize|p1a: Meowscarada|Grass
|move|p2a: Kingambit|Sucker Punch|p1a: Meowscarada
|-damage|p1a: Meowscarada|0 fnt
|faint|p1a: Meowscarada
|
|win|glubtubbus weppel
|raw|HatedWitch's rating: 1210 &rarr; <strong>1187</strong><br />(-23 for losing)
|raw|glubtubbus weppel's rating: 1233 &rarr; <strong>1256</strong><br />(+23 for winning)
|l|☆HatedWitch
|player|p1|
|c|☆glubtubbus weppel|Lol
|c|☆glubtubbus weppel|That tera lost u the game
|c|☆glubtubbus weppel|Idk why u terad there
|c|☆glubtubbus weppel|Or idk if u survived but it definitely turned u from a resistance to neutral
|l|☆glubtubbus weppel
|player|p2|
