|j|☆trrzno2
|j|☆SittinGamer
|t:|1757914662
|gametype|singles
|player|p1|trrzno2|artist|1526
|player|p2|SittinGamer|dawn-gen4pt|1516
|gen|9
|tier|[Gen 9] OU
|rated|
|rule|HP Percentage Mod: HP is shown in percentages
|rule|Endless Battle Clause: Forcing endless battles is banned
|rule|Species Clause: Limit one of each Pokémon
|rule|OHKO Clause: OHKO moves are banned
|rule|Evasion Items Clause: Evasion items are banned
|rule|Evasion Moves Clause: Evasion moves are banned
|rule|Evasion Abilities Clause: Evasion abilities are banned
|rule|Sleep Moves Clause: Sleep-inducing moves are banned
|clearpoke
|poke|p1|Scizor, F|
|poke|p1|Ogerpon-Wellspring, F|
|poke|p1|Garganacl, F|
|poke|p1|Darkrai|
|poke|p1|Zapdos|
|poke|p1|Cinderace, M|
|poke|p2|Infernape, M|
|poke|p2|Samurott-Hisui, M|
|poke|p2|Gholdengo|
|poke|p2|Hatterene, F|
|poke|p2|Great Tusk|
|poke|p2|Zamazenta-*|
|teampreview
|
|t:|1757914673
|teamsize|p1|6
|teamsize|p2|6
|start
|switch|p1a: Ogerpon|Ogerpon-Wellspring, F|100/100
|switch|p2a: Infernape|Infernape, M|100/100
|turn|1
|inactive|Battle timer is ON: inactive players will automatically lose when time's up. (requested by trrzno2)
|
|t:|1757914697
|move|p1a: Ogerpon|Ivy Cudgel|p2a: Infernape|[anim] Ivy Cudgel Water
|-supereffective|p2a: Infernape
|-enditem|p2a: Infernape|Focus Sash
|-damage|p2a: Infernape|1/100
|move|p2a: Infernape|Overheat|p1a: Ogerpon
|-damage|p1a: Ogerpon|2/100
|-unboost|p2a: Infernape|spa|2
|
|upkeep
|turn|2
|
|t:|1757914706
|switch|p1a: Zapdos|Zapdos|100/100
|move|p2a: Infernape|Vacuum Wave|p1a: Zapdos
|-resisted|p1a: Zapdos
|-damage|p1a: Zapdos|95/100
|
|upkeep
|turn|3
|
|t:|1757914711
|switch|p2a: Hatterene|Hatterene, F|100/100
|move|p1a: Zapdos|Volt Switch|p2a: Hatterene
|-damage|p2a: Hatterene|80/100
|
|t:|1757914721
|switch|p1a: Scizor|Scizor, F|100/100|[from] Volt Switch
|
|upkeep
|turn|4
|j| wgw2333
|
|t:|1757914744
|-terastallize|p2a: Hatterene|Water
|move|p1a: Scizor|Bullet Punch|p2a: Hatterene
|-resisted|p2a: Hatterene
|-damage|p2a: Hatterene|54/100
|-damage|p1a: Scizor|91/100|[from] item: Life Orb
|move|p2a: Hatterene|Mystical Fire|p1a: Scizor
|-supereffective|p1a: Scizor
|-damage|p1a: Scizor|0 fnt
|faint|p1a: Scizor
|
|upkeep
|
|t:|1757914749
|switch|p1a: Ogerpon|Ogerpon-Wellspring, F|2/100
|turn|5
|
|t:|1757914754
|switch|p2a: Gholdengo|Gholdengo|100/100
|move|p1a: Ogerpon|Horn Leech|p2a: Gholdengo
|-resisted|p2a: Gholdengo
|-damage|p2a: Gholdengo|78/100
|-heal|p1a: Ogerpon|12/100|[from] drain|[of] p2a: Gholdengo
|
|upkeep
|turn|6
|
|t:|1757914762
|move|p2a: Gholdengo|Make It Rain|p1a: Ogerpon
|-resisted|p1a: Ogerpon
|-damage|p1a: Ogerpon|0 fnt
|-unboost|p2a: Gholdengo|spa|1
|faint|p1a: Ogerpon
|
|upkeep
|
|t:|1757914776
|switch|p1a: Cinderace|Cinderace, M|100/100
|turn|7
|
|t:|1757914789
|switch|p2a: Hatterene|Hatterene, F, tera:Water|54/100
|move|p1a: Cinderace|Pyro Ball|p2a: Hatterene
|-resisted|p2a: Hatterene
|-damage|p2a: Hatterene|24/100
|
|upkeep
|turn|8
|
|t:|1757914795
|move|p1a: Cinderace|Pyro Ball|p2a: Hatterene
|-resisted|p2a: Hatterene
|-damage|p2a: Hatterene|0 fnt
|faint|p2a: Hatterene
|
|upkeep
|
|t:|1757914797
|switch|p2a: Great Tusk|Great Tusk|100/100
|-enditem|p2a: Great Tusk|Booster Energy
|-activate|p2a: Great Tusk|ability: Protosynthesis|[fromitem]
|-start|p2a: Great Tusk|protosynthesisatk
|turn|9
|
|t:|1757914802
|move|p1a: Cinderace|U-turn|p2a: Great Tusk
|-start|p1a: Cinderace|typechange|Bug|[from] ability: Libero
|-resisted|p2a: Great Tusk
|-damage|p2a: Great Tusk|89/100
|
|t:|1757914804
|switch|p1a: Zapdos|Zapdos|95/100|[from] U-turn
|move|p2a: Great Tusk|Rapid Spin|p1a: Zapdos
|-damage|p1a: Zapdos|80/100
|-boost|p2a: Great Tusk|spe|1
|-status|p2a: Great Tusk|par|[from] ability: Static|[of] p1a: Zapdos
|
|upkeep
|turn|10
|j| Shucklepilled
|
|t:|1757914810
|move|p1a: Zapdos|Hurricane|p2a: Great Tusk
|-supereffective|p2a: Great Tusk
|-crit|p2a: Great Tusk
|-damage|p2a: Great Tusk|0 fnt
|faint|p2a: Great Tusk
|-end|p2a: Great Tusk|Protosynthesis|[silent]
|
|upkeep
|
|t:|1757914817
|switch|p2a: Infernape|Infernape, M|1/100
|turn|11
|
|t:|1757914826
|move|p2a: Infernape|Overheat|p1a: Zapdos
|-damage|p1a: Zapdos|0 fnt
|-unboost|p2a: Infernape|spa|2
|faint|p1a: Zapdos
|
|upkeep
|
|t:|1757914835
|switch|p1a: Cinderace|Cinderace, M|100/100
|turn|12
|
|t:|1757914842
|switch|p2a: Zamazenta|Zamazenta|100/100
|-ability|p2a: Zamazenta|Dauntless Shield|boost
|-boost|p2a: Zamazenta|def|1
|move|p1a: Cinderace|U-turn|p2a: Zamazenta
|-start|p1a: Cinderace|typechange|Bug|[from] ability: Libero
|-resisted|p2a: Zamazenta
|-damage|p2a: Zamazenta|93/100
|
|t:|1757914846
|switch|p1a: Darkrai|Darkrai|100/100|[from] U-turn
|
|-heal|p2a: Zamazenta|99/100|[from] item: Leftovers
|upkeep
|turn|13
|
|t:|1757914852
|switch|p2a: Samurott|Samurott-Hisui, M|100/100
|-terastallize|p1a: Darkrai|Poison
|move|p1a: Darkrai|Trick|p2a: Samurott
|-activate|p1a: Darkrai|move: Trick|[of] p2a: Samurott
|-item|p2a: Samurott|Choice Scarf|[from] move: Trick
|-item|p1a: Darkrai|Assault Vest|[from] move: Trick
|
|upkeep
|turn|14
|
|t:|1757914865
|move|p1a: Darkrai|Sludge Bomb|p2a: Samurott
|-damage|p2a: Samurott|39/100
|move|p2a: Samurott|Razor Shell|p1a: Darkrai
|-damage|p1a: Darkrai|38/100
|
|upkeep
|turn|15
|
|t:|1757914876
|move|p1a: Darkrai|Sludge Bomb|p2a: Samurott
|-damage|p2a: Samurott|0 fnt
|faint|p2a: Samurott
|
|upkeep
|
|t:|1757914878
|switch|p2a: Gholdengo|Gholdengo|78/100
|turn|16
|
|t:|1757914882
|move|p2a: Gholdengo|Shadow Ball|p1a: Darkrai
|-crit|p1a: Darkrai
|-damage|p1a: Darkrai|0 fnt
|faint|p1a: Darkrai
|
|upkeep
|
|t:|1757914887
|switch|p1a: Cinderace|Cinderace, M|100/100
|turn|17
|
|t:|1757914890
|move|p2a: Gholdengo|Shadow Ball|p1a: Cinderace
|-damage|p1a: Cinderace|36/100
|move|p1a: Cinderace|Pyro Ball|p2a: Gholdengo
|-supereffective|p2a: Gholdengo
|-damage|p2a: Gholdengo|0 fnt
|faint|p2a: Gholdengo
|
|upkeep
|
|t:|1757914894
|switch|p2a: Zamazenta|Zamazenta|99/100
|turn|18
|
|t:|1757914898
|move|p2a: Zamazenta|Body Press|p1a: Cinderace
|-damage|p1a: Cinderace|0 fnt
|faint|p1a: Cinderace
|
|-heal|p2a: Zamazenta|100/100|[from] item: Leftovers
|upkeep
|
|t:|1757914900
|switch|p1a: Garganacl|Garganacl, F|100/100
|turn|19
|
|t:|1757914902
|move|p2a: Zamazenta|Iron Defense|p2a: Zamazenta
|-boost|p2a: Zamazenta|def|2
|move|p1a: Garganacl|Salt Cure|p2a: Zamazenta
|-resisted|p2a: Zamazenta
|-damage|p2a: Zamazenta|98/100
|-start|p2a: Zamazenta|Salt Cure
|
|-heal|p2a: Zamazenta|100/100|[from] item: Leftovers
|-damage|p2a: Zamazenta|88/100|[from] Salt Cure
|upkeep
|turn|20
|
|t:|1757914906
|move|p2a: Zamazenta|Iron Defense|p2a: Zamazenta
|-boost|p2a: Zamazenta|def|2
|move|p1a: Garganacl|Stealth Rock|p2a: Zamazenta
|-sidestart|p2: SittinGamer|move: Stealth Rock
|
|-heal|p2a: Zamazenta|94/100|[from] item: Leftovers
|-damage|p2a: Zamazenta|82/100|[from] Salt Cure
|upkeep
|turn|21
|
|t:|1757914908
|move|p2a: Zamazenta|Body Press|p1a: Garganacl
|-supereffective|p1a: Garganacl
|-damage|p1a: Garganacl|0 fnt
|faint|p1a: Garganacl
|
|win|SittinGamer
|raw|trrzno2's rating: 1526 &rarr; <strong>1505</strong><br />(-21 for losing)
|raw|SittinGamer's rating: 1516 &rarr; <strong>1537</strong><br />(+21 for winning)
|l|☆trrzno2
|player|p1|
|l|☆SittinGamer
|player|p2|
|l| Shucklepilled
