|j|☆larry_minimum_wage
|j|☆Fekliope
|t:|1757823796
|gametype|singles
|player|p1|larry_minimum_wage|266|1255
|player|p2|Fekliope|shauntal|1283
|gen|9
|tier|[Gen 9] OU
|rated|
|rule|HP Percentage Mod: HP is shown in percentages
|rule|Endless Battle Clause: Forcing endless battles is banned
|rule|Species Clause: Limit one of each Pokémon
|rule|OHKO Clause: OHKO moves are banned
|rule|Evasion Items Clause: Evasion items are banned
|rule|Evasion Moves Clause: Evasion moves are banned
|rule|Evasion Abilities Clause: Evasion abilities are banned
|rule|Sleep Moves Clause: Sleep-inducing moves are banned
|clearpoke
|poke|p1|Scizor, M|
|poke|p1|Pecharunt|
|poke|p1|Slowking-Galar, M|
|poke|p1|Kyurem|
|poke|p1|Great Tusk|
|poke|p1|Samurott-Hisui, M|
|poke|p2|Rotom-Heat|
|poke|p2|Walking Wake|
|poke|p2|Lilligant-Hisui, F|
|poke|p2|Great Tusk|
|poke|p2|Heatran, M|
|poke|p2|Torkoal, M|
|teampreview
|inactive|Battle timer is ON: inactive players will automatically lose when time's up. (requested by larry_minimum_wage)
|inactive|Fekliope also wants the timer to be on.
|
|t:|1757823824
|teamsize|p1|6
|teamsize|p2|6
|start
|switch|p1a: Great Tusk|Great Tusk|100/100
|switch|p2a: Torkoal|Torkoal, M|100/100
|-weather|SunnyDay|[from] ability: Drought|[of] p2a: Torkoal
|-activate|p1a: Great Tusk|ability: Protosynthesis
|-start|p1a: Great Tusk|protosynthesisdef
|turn|1
|
|t:|1757823844
|move|p1a: Great Tusk|Stealth Rock|p2a: Torkoal
|-sidestart|p2: Fekliope|move: Stealth Rock
|move|p2a: Torkoal|Lava Plume|p1a: Great Tusk
|-damage|p1a: Great Tusk|36/100
|
|-weather|SunnyDay|[upkeep]
|-heal|p1a: Great Tusk|42/100|[from] item: Leftovers
|upkeep
|turn|2
|
|t:|1757823853
|move|p1a: Great Tusk|Headlong Rush|p2a: Torkoal
|-supereffective|p2a: Torkoal
|-damage|p2a: Torkoal|27/100
|-unboost|p1a: Great Tusk|def|1
|-unboost|p1a: Great Tusk|spd|1
|move|p2a: Torkoal|Rapid Spin|p1a: Great Tusk
|-damage|p1a: Great Tusk|37/100
|-boost|p2a: Torkoal|spe|1
|-sideend|p2: Fekliope|Stealth Rock|[from] move: Rapid Spin|[of] p2a: Torkoal
|
|-weather|SunnyDay|[upkeep]
|-heal|p1a: Great Tusk|43/100|[from] item: Leftovers
|upkeep
|turn|3
|
|t:|1757823861
|move|p1a: Great Tusk|Headlong Rush|p2a: Torkoal
|-supereffective|p2a: Torkoal
|-damage|p2a: Torkoal|0 fnt
|-unboost|p1a: Great Tusk|def|1
|-unboost|p1a: Great Tusk|spd|1
|faint|p2a: Torkoal
|
|-weather|SunnyDay|[upkeep]
|-heal|p1a: Great Tusk|50/100|[from] item: Leftovers
|upkeep
|
|t:|1757823866
|switch|p2a: Walking Wake|Walking Wake|100/100
|-activate|p2a: Walking Wake|ability: Protosynthesis
|-start|p2a: Walking Wake|protosynthesisspa
|turn|4
|
|t:|1757823878
|-end|p1a: Great Tusk|Protosynthesis|[silent]
|switch|p1a: Scizor|Scizor, M, shiny|100/100
|move|p2a: Walking Wake|Agility|p2a: Walking Wake
|-boost|p2a: Walking Wake|spe|2
|
|-weather|SunnyDay|[upkeep]
|upkeep
|turn|5
|
|t:|1757823883
|move|p2a: Walking Wake|Flamethrower|p1a: Scizor
|-supereffective|p1a: Scizor
|-damage|p1a: Scizor|0 fnt
|faint|p1a: Scizor
|-damage|p2a: Walking Wake|91/100|[from] item: Life Orb
|
|-weather|SunnyDay|[upkeep]
|upkeep
|
|t:|1757823894
|switch|p1a: Slowking|Slowking-Galar, M|100/100
|turn|6
|
|t:|1757823901
|move|p2a: Walking Wake|Hydro Steam|p1a: Slowking
|-damage|p1a: Slowking|36/100
|-damage|p2a: Walking Wake|81/100|[from] item: Life Orb
|move|p1a: Slowking|Sludge Bomb|p2a: Walking Wake
|-damage|p2a: Walking Wake|31/100
|-status|p2a: Walking Wake|psn
|
|-weather|SunnyDay|[upkeep]
|-damage|p2a: Walking Wake|19/100 psn|[from] psn
|upkeep
|turn|7
|
|t:|1757823913
|move|p2a: Walking Wake|Hydro Steam|p1a: Slowking
|-damage|p1a: Slowking|0 fnt
|faint|p1a: Slowking
|-damage|p2a: Walking Wake|9/100 psn|[from] item: Life Orb
|
|-weather|SunnyDay|[upkeep]
|-damage|p2a: Walking Wake|0 fnt|[from] psn
|faint|p2a: Walking Wake
|-end|p2a: Walking Wake|Protosynthesis|[silent]
|upkeep
|
|t:|1757823920
|switch|p2a: Rotom|Rotom-Heat|100/100
|switch|p1a: Samurott|Samurott-Hisui, M|100/100
|turn|8
|
|t:|1757823925
|move|p2a: Rotom|Discharge|p1a: Samurott
|-supereffective|p1a: Samurott
|-damage|p1a: Samurott|0 fnt
|faint|p1a: Samurott
|
|-weather|none
|upkeep
|
|t:|1757823930
|switch|p1a: Great Tusk|Great Tusk|50/100
|turn|9
|
|t:|1757823934
|move|p2a: Rotom|Overheat|p1a: Great Tusk
|-damage|p1a: Great Tusk|0 fnt
|-unboost|p2a: Rotom|spa|2
|faint|p1a: Great Tusk
|-end|p1a: Great Tusk|Protosynthesis|[silent]
|
|upkeep
|
|t:|1757823942
|switch|p1a: Kyurem|Kyurem|100/100
|-ability|p1a: Kyurem|Pressure
|turn|10
|
|t:|1757823946
|-terastallize|p1a: Kyurem|Dragon
|move|p1a: Kyurem|Draco Meteor|p2a: Rotom|[miss]
|-miss|p1a: Kyurem|p2a: Rotom
|move|p2a: Rotom|Volt Switch|p1a: Kyurem
|-resisted|p1a: Kyurem
|-damage|p1a: Kyurem|93/100
|
|t:|1757823954
|switch|p2a: Heatran|Heatran, M|100/100|[from] Volt Switch
|-item|p2a: Heatran|Air Balloon
|
|upkeep
|turn|11
|
|t:|1757823959
|move|p1a: Kyurem|Draco Meteor|p2a: Heatran
|-resisted|p2a: Heatran
|-damage|p2a: Heatran|63/100
|-unboost|p1a: Kyurem|spa|2
|-enditem|p2a: Heatran|Air Balloon
|move|p2a: Heatran|Flash Cannon|p1a: Kyurem
|-damage|p1a: Kyurem|53/100
|
|upkeep
|turn|12
|
|t:|1757823967
|switch|p1a: Pecharunt|Pecharunt|100/100
|move|p2a: Heatran|Flash Cannon|p1a: Pecharunt
|-damage|p1a: Pecharunt|58/100
|
|upkeep
|turn|13
|-message|larry_minimum_wage forfeited.
|
|win|Fekliope
|raw|larry_minimum_wage's rating: 1255 &rarr; <strong>1232</strong><br />(-23 for losing)
|raw|Fekliope's rating: 1283 &rarr; <strong>1306</strong><br />(+23 for winning)
|l|☆larry_minimum_wage
|player|p1|
|l|☆Fekliope
|player|p2|
