|j|☆Tigerballs
|j|‽DiceyRice
|t:|1757832534
|gametype|singles
|player|p1|Tigerballs|swimmer-gen4dp|1730
|player|p2|DiceyRice|hilda-wonderlauncher|1734
|gen|9
|tier|[Gen 9] OU
|rated|
|rule|HP Percentage Mod: HP is shown in percentages
|rule|Endless Battle Clause: Forcing endless battles is banned
|rule|Species Clause: Limit one of each Pokémon
|rule|OHKO Clause: OHKO moves are banned
|rule|Evasion Items Clause: Evasion items are banned
|rule|Evasion Moves Clause: Evasion moves are banned
|rule|Evasion Abilities Clause: Evasion abilities are banned
|rule|Sleep Moves Clause: Sleep-inducing moves are banned
|clearpoke
|poke|p1|Ninetales-Alola, M|
|poke|p1|Skeledirge, F|
|poke|p1|Okidogi, M|
|poke|p1|Vaporeon, F|
|poke|p1|Cresselia, F|
|poke|p1|Darkrai|
|poke|p2|Indeedee, M|
|poke|p2|Hatterene, F|
|poke|p2|Armarouge, F|
|poke|p2|Cinderace, F|
|poke|p2|Ursaluna, M|
|poke|p2|Porygon2|
|teampreview
|
|t:|1757832549
|teamsize|p1|6
|teamsize|p2|6
|start
|switch|p1a: Darkrai|Darkrai|100/100
|switch|p2a: Cinderace|Cinderace, F|100/100
|turn|1
|inactive|Battle timer is ON: inactive players will automatically lose when time's up. (requested by Tigerballs)
|
|t:|1757832557
|move|p2a: Cinderace|High Jump Kick|p1a: Darkrai|[miss]
|-start|p2a: Cinderace|typechange|Fighting|[from] ability: Libero
|-miss|p2a: Cinderace|p1a: Darkrai
|-damage|p2a: Cinderace|51/100|[from] highjumpkick
|move|p1a: Darkrai|Dark Pulse|p2a: Cinderace
|-resisted|p2a: Cinderace
|-damage|p2a: Cinderace|1/100
|
|upkeep
|turn|2
|j| LegitimatePotato
|j| HGalliumh
|
|t:|1757832567
|switch|p2a: Ursaluna|Ursaluna, M|100/100
|switch|p1a: Skeledirge|Skeledirge, F|100/100
|
|-status|p2a: Ursaluna|brn|[from] item: Flame Orb
|upkeep
|turn|3
|
|t:|1757832577
|switch|p1a: Cresselia|Cresselia, F|100/100
|move|p2a: Ursaluna|Headlong Rush|p1a: Cresselia
|-immune|p1a: Cresselia|[from] ability: Levitate
|
|-damage|p2a: Ursaluna|94/100 brn|[from] brn
|upkeep
|turn|4
|
|t:|1757832589
|move|p1a: Cresselia|Trick|p2a: Ursaluna
|-activate|p1a: Cresselia|move: Trick|[of] p2a: Ursaluna
|-item|p2a: Ursaluna|Choice Scarf|[from] move: Trick
|-item|p1a: Cresselia|Flame Orb|[from] move: Trick
|move|p2a: Ursaluna|Facade|p1a: Cresselia
|-damage|p1a: Cresselia|12/100
|
|-damage|p2a: Ursaluna|88/100 brn|[from] brn
|-status|p1a: Cresselia|brn|[from] item: Flame Orb
|upkeep
|turn|5
|
|t:|1757832600
|switch|p1a: Skeledirge|Skeledirge, F|100/100
|move|p2a: Ursaluna|Facade|p1a: Skeledirge
|-immune|p1a: Skeledirge
|
|-damage|p2a: Ursaluna|82/100 brn|[from] brn
|upkeep
|turn|6
|
|t:|1757832609
|switch|p2a: Porygon2|Porygon2|100/100
|-ability|p2a: Porygon2|Download|boost
|-boost|p2a: Porygon2|spa|1
|move|p1a: Skeledirge|Torch Song|p2a: Porygon2
|-damage|p2a: Porygon2|83/100
|-boost|p1a: Skeledirge|spa|1
|
|upkeep
|turn|7
|
|t:|1757832626
|switch|p1a: Mermaid cat|Vaporeon, F|100/100
|move|p2a: Porygon2|Trick Room|p2a: Porygon2
|-fieldstart|move: Trick Room|[of] p2a: Porygon2
|
|upkeep
|turn|8
|
|t:|1757832636
|move|p2a: Porygon2|Thunderbolt|p1a: Mermaid cat
|-supereffective|p1a: Mermaid cat
|-damage|p1a: Mermaid cat|48/100
|move|p1a: Mermaid cat|Scald|p2a: Porygon2
|-damage|p2a: Porygon2|64/100
|
|-heal|p1a: Mermaid cat|55/100|[from] item: Leftovers
|upkeep
|turn|9
|j| Top1SSSmegaSlowbro
|j| heatraniac
|
|t:|1757832655
|-terastallize|p1a: Mermaid cat|Ground
|move|p2a: Porygon2|Thunderbolt|p1a: Mermaid cat
|-immune|p1a: Mermaid cat
|move|p1a: Mermaid cat|Wish|p1a: Mermaid cat
|
|-heal|p1a: Mermaid cat|61/100|[from] item: Leftovers
|upkeep
|turn|10
|
|t:|1757832667
|move|p2a: Porygon2|Ice Beam|p1a: Mermaid cat
|-supereffective|p1a: Mermaid cat
|-damage|p1a: Mermaid cat|8/100
|move|p1a: Mermaid cat|Scald|p2a: Porygon2
|-damage|p2a: Porygon2|46/100
|-status|p2a: Porygon2|brn
|
|-heal|p1a: Mermaid cat|58/100|[from] move: Wish|[wisher] Mermaid cat
|-heal|p1a: Mermaid cat|64/100|[from] item: Leftovers
|-damage|p2a: Porygon2|40/100 brn|[from] brn
|upkeep
|turn|11
|c| Top1SSSmegaSlowbro|Heatraniac in game with no heatran
|
|t:|1757832684
|switch|p1a: Ninetales|Ninetales-Alola, M, shiny|100/100
|-weather|Snowscape|[from] ability: Snow Warning|[of] p1a: Ninetales
|move|p2a: Porygon2|Ice Beam|p1a: Ninetales
|-resisted|p1a: Ninetales
|-damage|p1a: Ninetales|74/100
|
|-weather|Snowscape|[upkeep]
|-damage|p2a: Porygon2|34/100 brn|[from] brn
|-fieldend|move: Trick Room
|upkeep
|turn|12
|
|t:|1757832698
|switch|p2a: Cinderace|Cinderace, F|1/100
|move|p1a: Ninetales|Blizzard|p2a: Cinderace
|-resisted|p2a: Cinderace
|-damage|p2a: Cinderace|0 fnt
|faint|p2a: Cinderace
|
|-weather|Snowscape|[upkeep]
|upkeep
|c| Top1SSSmegaSlowbro|Tr would be dead in few days
|
|t:|1757832704
|switch|p2a: Indeedee|Indeedee, M|100/100
|-fieldstart|move: Psychic Terrain|[from] ability: Psychic Surge|[of] p2a: Indeedee
|turn|13
|
|t:|1757832711
|move|p1a: Ninetales|Blizzard|p2a: Indeedee
|-damage|p2a: Indeedee|6/100
|move|p2a: Indeedee|Trick Room|p2a: Indeedee
|-fieldstart|move: Trick Room|[of] p2a: Indeedee
|
|-weather|Snowscape|[upkeep]
|upkeep
|turn|14
|
|t:|1757832720
|switch|p1a: Darkrai|Darkrai|100/100
|move|p2a: Indeedee|Expanding Force|p1a: Darkrai
|-immune|p1a: Darkrai
|
|-weather|Snowscape|[upkeep]
|upkeep
|turn|15
|
|t:|1757832730
|move|p2a: Indeedee|Healing Wish|p2a: Indeedee
|faint|p2a: Indeedee
|move|p1a: Darkrai|Dark Pulse|p2: Indeedee|[notarget]
|-fail|p1a: Darkrai
|
|-weather|none
|upkeep
|
|t:|1757832733
|switch|p2a: Porygon2|Porygon2|34/100 brn
|-heal|p2a: Porygon2|100/100|[from] move: Healing Wish
|-ability|p2a: Porygon2|Download|boost
|-boost|p2a: Porygon2|spa|1
|turn|16
|c| heatraniac|huh who said my name
|
|t:|1757832754
|move|p2a: Porygon2|Tera Blast|p1a: Darkrai
|-damage|p1a: Darkrai|24/100
|move|p1a: Darkrai|Dark Pulse|p2a: Porygon2
|-damage|p2a: Porygon2|62/100
|
|upkeep
|turn|17
|
|t:|1757832763
|switch|p1a: Ninetales|Ninetales-Alola, M, shiny|74/100
|-weather|Snowscape|[from] ability: Snow Warning|[of] p1a: Ninetales
|move|p2a: Porygon2|Tera Blast|p1a: Ninetales
|-damage|p1a: Ninetales|0 fnt
|faint|p1a: Ninetales
|
|-weather|Snowscape|[upkeep]
|-fieldend|move: Trick Room
|upkeep
|l| LegitimatePotato
|inactive|Tigerballs has 120 seconds left.
|
|t:|1757832785
|switch|p1a: Grrrr|Okidogi, M|100/100
|turn|18
|
|t:|1757832789
|-terastallize|p2a: Porygon2|Ground
|move|p1a: Grrrr|Drain Punch|p2a: Porygon2
|-damage|p2a: Porygon2|40/100
|move|p2a: Porygon2|Trick Room|p2a: Porygon2
|-fieldstart|move: Trick Room|[of] p2a: Porygon2
|
|-weather|Snowscape|[upkeep]
|upkeep
|turn|19
|
|t:|1757832801
|move|p2a: Porygon2|Tera Blast|p1a: Grrrr|[anim] Tera Blast Ground
|-supereffective|p1a: Grrrr
|-damage|p1a: Grrrr|23/100
|move|p1a: Grrrr|Drain Punch|p2a: Porygon2
|-damage|p2a: Porygon2|21/100
|-heal|p1a: Grrrr|32/100|[from] drain|[of] p2a: Porygon2
|-status|p2a: Porygon2|tox|[from] ability: Toxic Chain|[of] p1a: Grrrr
|
|-weather|Snowscape|[upkeep]
|-heal|p1a: Grrrr|38/100|[from] item: Leftovers
|-damage|p2a: Porygon2|14/100 tox|[from] psn
|upkeep
|turn|20
|
|t:|1757832814
|switch|p1a: Cresselia|Cresselia, F|12/100 brn
|move|p2a: Porygon2|Tera Blast|p1a: Cresselia|[anim] Tera Blast Ground
|-immune|p1a: Cresselia|[from] ability: Levitate
|
|-weather|Snowscape|[upkeep]
|-damage|p2a: Porygon2|2/100 tox|[from] psn
|-damage|p1a: Cresselia|6/100 brn|[from] brn
|-fieldend|move: Psychic Terrain
|upkeep
|turn|21
|c| Top1SSSmegaSlowbro|Are any of
|
|t:|1757832834
|switch|p2a: Hatterene|Hatterene, F|100/100
|switch|p1a: Mermaid cat|Vaporeon, F, tera:Ground|64/100
|
|-weather|none
|-heal|p1a: Mermaid cat|70/100|[from] item: Leftovers
|upkeep
|turn|22
|c| Top1SSSmegaSlowbro|you heatran
|c| Top1SSSmegaSlowbro|or have one?
|
|t:|1757832843
|move|p2a: Hatterene|Psychic Noise|p1a: Mermaid cat
|-damage|p1a: Mermaid cat|50/100
|-start|p1a: Mermaid cat|move: Heal Block
|cant|p1a: Mermaid cat|move: Heal Block|Wish
|
|-fieldend|move: Trick Room
|upkeep
|turn|23
|c| heatraniac|heatran?
|c| heatraniac|i love that guy
|
|t:|1757832859
|move|p1a: Mermaid cat|Scald|p2a: Hatterene
|-damage|p2a: Hatterene|70/100
|-status|p2a: Hatterene|brn
|move|p2a: Hatterene|Psychic Noise|p1a: Mermaid cat
|-damage|p1a: Mermaid cat|31/100
|
|-damage|p2a: Hatterene|64/100 brn|[from] brn
|-end|p1a: Mermaid cat|move: Heal Block
|upkeep
|turn|24
|c| Top1SSSmegaSlowbro|Nickname checked
|c| Top1SSSmegaSlowbro|are you heatran male?
|
|t:|1757832875
|move|p1a: Mermaid cat|Scald|p2a: Hatterene
|-damage|p2a: Hatterene|32/100 brn
|move|p2a: Hatterene|Trick Room|p2a: Hatterene
|-fieldstart|move: Trick Room|[of] p2a: Hatterene
|
|-heal|p1a: Mermaid cat|37/100|[from] item: Leftovers
|-damage|p2a: Hatterene|26/100 brn|[from] brn
|upkeep
|turn|25
|
|t:|1757832885
|move|p2a: Hatterene|Healing Wish|p2a: Hatterene
|faint|p2a: Hatterene
|move|p1a: Mermaid cat|Scald|p2: Hatterene|[notarget]
|-fail|p1a: Mermaid cat
|
|-heal|p1a: Mermaid cat|43/100|[from] item: Leftovers
|upkeep
|c| heatraniac|i am indeed a heatran male howd you know
|
|t:|1757832887
|switch|p2a: Porygon2|Porygon2, tera:Ground|2/100 tox
|-heal|p2a: Porygon2|100/100|[from] move: Healing Wish
|-ability|p2a: Porygon2|Download|boost
|-boost|p2a: Porygon2|atk|1
|turn|26
|
|t:|1757832903
|switch|p1a: Skeledirge|Skeledirge, F|100/100
|move|p2a: Porygon2|Ice Beam|p1a: Skeledirge
|-resisted|p1a: Skeledirge
|-damage|p1a: Skeledirge|84/100
|
|-heal|p1a: Skeledirge|91/100|[from] item: Leftovers
|upkeep
|turn|27
|c| Top1SSSmegaSlowbro|And what was the worst day of this generation?
|
|t:|1757832925
|switch|p1a: Mermaid cat|Vaporeon, F, tera:Ground|43/100
|move|p2a: Porygon2|Tera Blast|p1a: Mermaid cat|[anim] Tera Blast Ground
|-damage|p1a: Mermaid cat|22/100
|
|-heal|p1a: Mermaid cat|29/100|[from] item: Leftovers
|upkeep
|turn|28
|
|t:|1757832937
|switch|p2a: Ursaluna|Ursaluna, M|82/100 brn
|move|p1a: Mermaid cat|Scald|p2a: Ursaluna
|-supereffective|p2a: Ursaluna
|-damage|p2a: Ursaluna|33/100 brn
|
|-heal|p1a: Mermaid cat|35/100|[from] item: Leftovers
|-damage|p2a: Ursaluna|27/100 brn|[from] brn
|-fieldend|move: Trick Room
|upkeep
|turn|29
|
|t:|1757832947
|move|p1a: Mermaid cat|Scald|p2a: Ursaluna
|-supereffective|p2a: Ursaluna
|-damage|p2a: Ursaluna|0 fnt
|faint|p2a: Ursaluna
|
|-heal|p1a: Mermaid cat|41/100|[from] item: Leftovers
|upkeep
|
|t:|1757832949
|switch|p2a: Armarouge|Armarouge, F|100/100
|turn|30
|c| Top1SSSmegaSlowbro|WHEN HEATRAN DROPPED TO UU
|c| heatraniac|so true
|
|t:|1757832969
|switch|p1a: Skeledirge|Skeledirge, F|91/100
|move|p2a: Armarouge|Expanding Force|p1a: Skeledirge
|-crit|p1a: Skeledirge
|-damage|p1a: Skeledirge|20/100
|
|-heal|p1a: Skeledirge|26/100|[from] item: Leftovers
|upkeep
|turn|31
|
|t:|1757832979
|move|p2a: Armarouge|Expanding Force|p1a: Skeledirge
|-damage|p1a: Skeledirge|0 fnt
|faint|p1a: Skeledirge
|
|upkeep
|c| heatraniac|but heatrans def gonna rise next shift
|
|t:|1757832990
|switch|p1a: Cresselia|Cresselia, F|6/100 brn
|turn|32
|c| Top1SSSmegaSlowbro|I hope so
|
|t:|1757832995
|move|p2a: Armarouge|Expanding Force|p1a: Cresselia
|-resisted|p1a: Cresselia
|-damage|p1a: Cresselia|0 fnt
|faint|p1a: Cresselia
|
|upkeep
|
|t:|1757833001
|switch|p1a: Darkrai|Darkrai|24/100
|turn|33
|c| Top1SSSmegaSlowbro|he looks stupid and i like it
|
|t:|1757833009
|move|p1a: Darkrai|Dark Pulse|p2a: Armarouge
|-supereffective|p2a: Armarouge
|-damage|p2a: Armarouge|0 fnt
|faint|p2a: Armarouge
|
|upkeep
|
|t:|1757833011
|switch|p2a: Porygon2|Porygon2, tera:Ground|100/100
|-ability|p2a: Porygon2|Download|boost
|-boost|p2a: Porygon2|spa|1
|turn|34
|
|t:|1757833019
|move|p1a: Darkrai|Dark Pulse|p2a: Porygon2
|-damage|p2a: Porygon2|59/100
|move|p2a: Porygon2|Trick Room|p2a: Porygon2
|-fieldstart|move: Trick Room|[of] p2a: Porygon2
|
|upkeep
|turn|35
|c| heatraniac|thats fair just dont let heatran hear you say that
|
|t:|1757833026
|move|p2a: Porygon2|Ice Beam|p1a: Darkrai
|-damage|p1a: Darkrai|0 fnt
|faint|p1a: Darkrai
|
|upkeep
|
|t:|1757833034
|switch|p1a: Grrrr|Okidogi, M|38/100
|turn|36
|j| Powerpuff moves
|
|t:|1757833037
|move|p2a: Porygon2|Tera Blast|p1a: Grrrr|[anim] Tera Blast Ground
|-supereffective|p1a: Grrrr
|-damage|p1a: Grrrr|0 fnt
|faint|p1a: Grrrr
|
|upkeep
|
|t:|1757833042
|switch|p1a: Mermaid cat|Vaporeon, F, tera:Ground|41/100
|turn|37
|
|t:|1757833046
|move|p2a: Porygon2|Ice Beam|p1a: Mermaid cat
|-supereffective|p1a: Mermaid cat
|-damage|p1a: Mermaid cat|0 fnt
|faint|p1a: Mermaid cat
|
|win|DiceyRice
|raw|Tigerballs's rating: 1730 &rarr; <strong>1710</strong><br />(-20 for losing)
|raw|DiceyRice's rating: 1734 &rarr; <strong>1754</strong><br />(+20 for winning)
|c|☆Tigerballs|Gg
|c|☆Tigerballs|Nice porygon
|c| Top1SSSmegaSlowbro|but to make it 100% some youtuber like jimotji should make a action to motivate everyone to use heatran
|l|‽DiceyRice
|player|p2|
|c| Top1SSSmegaSlowbro|Then he would hit 4.52% easili
|l| heatraniac
|l| Top1SSSmegaSlowbro
