|j|☆ILFangzor
|j|☆ZeonNynja
|t:|1757915637
|gametype|singles
|player|p1|ILFangzor|hilbert-masters|1407
|player|p2|ZeonNynja|volkner|1393
|gen|9
|tier|[Gen 9] OU
|rated|
|rule|HP Percentage Mod: HP is shown in percentages
|rule|Endless Battle Clause: Forcing endless battles is banned
|rule|Species Clause: Limit one of each Pokémon
|rule|OHKO Clause: OHKO moves are banned
|rule|Evasion Items Clause: Evasion items are banned
|rule|Evasion Moves Clause: Evasion moves are banned
|rule|Evasion Abilities Clause: Evasion abilities are banned
|rule|Sleep Moves Clause: Sleep-inducing moves are banned
|clearpoke
|poke|p1|Lycanroc-Dusk, M|
|poke|p1|Sinistcha|
|poke|p1|Alomomola, M|
|poke|p1|Clodsire, F|
|poke|p1|Mandibuzz, F|
|poke|p1|Iron Crown|
|poke|p2|Salamence, F|
|poke|p2|Ting-Lu|
|poke|p2|Ogerpon-Wellspring, F|
|poke|p2|Iron Treads|
|poke|p2|Iron Moth|
|poke|p2|Raging Bolt|
|teampreview
|inactive|Battle timer is ON: inactive players will automatically lose when time's up. (requested by ILFangzor)
|
|t:|1757915646
|teamsize|p1|6
|teamsize|p2|6
|start
|switch|p1a: Iron Crown|Iron Crown|100/100
|switch|p2a: Ting-Lu|Ting-Lu, shiny|100/100
|-ability|p2a: Ting-Lu|Vessel of Ruin
|turn|1
|
|t:|1757915650
|move|p1a: Iron Crown|Focus Blast|p2a: Ting-Lu
|-supereffective|p2a: Ting-Lu
|-crit|p2a: Ting-Lu
|-damage|p2a: Ting-Lu|25/100
|move|p2a: Ting-Lu|Stealth Rock|p1a: Iron Crown
|-sidestart|p1: ILFangzor|move: Stealth Rock
|
|-heal|p2a: Ting-Lu|31/100|[from] item: Leftovers
|upkeep
|turn|2
|
|t:|1757915661
|switch|p2a: Salamence|Salamence, F|100/100
|move|p1a: Iron Crown|Focus Blast|p2a: Salamence
|-resisted|p2a: Salamence
|-damage|p2a: Salamence|65/100
|
|upkeep
|turn|3
|
|t:|1757915678
|-end|p1a: Iron Crown|Quark Drive|[silent]
|switch|p1a: Mandibuzz|Mandibuzz, F|100/100
|switch|p2a: Iron Moth|Iron Moth, shiny|100/100
|
|upkeep
|turn|4
|
|t:|1757915686
|move|p2a: Iron Moth|Overheat|p1a: Mandibuzz
|-damage|p1a: Mandibuzz|49/100
|-unboost|p2a: Iron Moth|spa|2
|move|p1a: Mandibuzz|Defog|p2a: Iron Moth
|-unboost|p2a: Iron Moth|evasion|1
|-sideend|p1: ILFangzor|Stealth Rock|[from] move: Defog|[of] p1a: Mandibuzz
|
|upkeep
|turn|5
|
|t:|1757915691
|-end|p2a: Iron Moth|Quark Drive|[silent]
|switch|p2a: Raging Bolt|Raging Bolt|100/100
|move|p1a: Mandibuzz|Knock Off|p2a: Raging Bolt
|-crit|p2a: Raging Bolt
|-damage|p2a: Raging Bolt|72/100
|-enditem|p2a: Raging Bolt|Assault Vest|[from] move: Knock Off|[of] p1a: Mandibuzz
|
|upkeep
|turn|6
|
|t:|1757915697
|switch|p1a: Clodsire|Clodsire, F|100/100
|move|p2a: Raging Bolt|Draco Meteor|p1a: Clodsire
|-damage|p1a: Clodsire|57/100
|-unboost|p2a: Raging Bolt|spa|2
|
|-heal|p1a: Clodsire|63/100|[from] item: Leftovers
|upkeep
|turn|7
|
|t:|1757915703
|-end|p2a: Raging Bolt|Protosynthesis|[silent]
|switch|p2a: Iron Treads|Iron Treads, shiny|100/100
|move|p1a: Clodsire|Toxic|p2a: Iron Treads
|-immune|p2a: Iron Treads
|
|-heal|p1a: Clodsire|69/100|[from] item: Leftovers
|upkeep
|turn|8
|
|t:|1757915708
|switch|p1a: Mandibuzz|Mandibuzz, F|49/100
|move|p2a: Iron Treads|Earthquake|p1a: Mandibuzz
|-immune|p1a: Mandibuzz
|
|upkeep
|turn|9
|
|t:|1757915715
|-terastallize|p2a: Iron Treads|Ice
|move|p2a: Iron Treads|Ice Spinner|p1a: Mandibuzz
|-supereffective|p1a: Mandibuzz
|-damage|p1a: Mandibuzz|0 fnt
|faint|p1a: Mandibuzz
|
|upkeep
|
|t:|1757915730
|switch|p1a: Sinistcha|Sinistcha|100/100
|turn|10
|
|t:|1757915733
|move|p2a: Iron Treads|Ice Spinner|p1a: Sinistcha
|-supereffective|p1a: Sinistcha
|-damage|p1a: Sinistcha|48/100
|move|p1a: Sinistcha|Strength Sap|p2a: Iron Treads
|-unboost|p2a: Iron Treads|atk|1
|-heal|p1a: Sinistcha|100/100
|
|upkeep
|turn|11
|
|t:|1757915737
|move|p2a: Iron Treads|Volt Switch|p1a: Sinistcha
|-resisted|p1a: Sinistcha
|-damage|p1a: Sinistcha|94/100
|
|t:|1757915739
|-end|p2a: Iron Treads|Quark Drive|[silent]
|switch|p2a: Iron Moth|Iron Moth, shiny|100/100|[from] Volt Switch
|move|p1a: Sinistcha|Calm Mind|p1a: Sinistcha
|-boost|p1a: Sinistcha|spa|1
|-boost|p1a: Sinistcha|spd|1
|
|-heal|p1a: Sinistcha|99/100|[from] item: Leftovers
|upkeep
|turn|12
|
|t:|1757915749
|move|p2a: Iron Moth|Overheat|p1a: Sinistcha
|-supereffective|p1a: Sinistcha
|-damage|p1a: Sinistcha|33/100
|-unboost|p2a: Iron Moth|spa|2
|move|p1a: Sinistcha|Strength Sap|p2a: Iron Moth
|-unboost|p2a: Iron Moth|atk|1
|-heal|p1a: Sinistcha|79/100
|
|-heal|p1a: Sinistcha|85/100|[from] item: Leftovers
|upkeep
|turn|13
|
|t:|1757915757
|-end|p2a: Iron Moth|Quark Drive|[silent]
|switch|p2a: Ting-Lu|Ting-Lu, shiny|31/100
|-ability|p2a: Ting-Lu|Vessel of Ruin
|move|p1a: Sinistcha|Calm Mind|p1a: Sinistcha
|-boost|p1a: Sinistcha|spa|1
|-boost|p1a: Sinistcha|spd|1
|
|-heal|p1a: Sinistcha|91/100|[from] item: Leftovers
|-heal|p2a: Ting-Lu|37/100|[from] item: Leftovers
|upkeep
|turn|14
|
|t:|1757915761
|move|p1a: Sinistcha|Matcha Gotcha|p2a: Ting-Lu
|-supereffective|p2a: Ting-Lu
|-damage|p2a: Ting-Lu|0 fnt
|-heal|p1a: Sinistcha|100/100|[from] drain|[of] p2a: Ting-Lu
|faint|p2a: Ting-Lu
|
|upkeep
|
|t:|1757915768
|switch|p2a: Iron Moth|Iron Moth, shiny|100/100
|turn|15
|
|t:|1757915772
|move|p2a: Iron Moth|Sludge Wave|p1a: Sinistcha
|-damage|p1a: Sinistcha|68/100
|move|p1a: Sinistcha|Strength Sap|p2a: Iron Moth
|-unboost|p2a: Iron Moth|atk|1
|-heal|p1a: Sinistcha|100/100
|
|upkeep
|turn|16
|
|t:|1757915777
|move|p2a: Iron Moth|Sludge Wave|p1a: Sinistcha
|-damage|p1a: Sinistcha|66/100
|move|p1a: Sinistcha|Shadow Ball|p2a: Iron Moth
|-damage|p2a: Iron Moth|32/100
|
|-heal|p1a: Sinistcha|72/100|[from] item: Leftovers
|upkeep
|turn|17
|
|t:|1757915782
|move|p2a: Iron Moth|Sludge Wave|p1a: Sinistcha
|-damage|p1a: Sinistcha|39/100
|move|p1a: Sinistcha|Shadow Ball|p2a: Iron Moth
|-damage|p2a: Iron Moth|0 fnt
|faint|p2a: Iron Moth
|-end|p2a: Iron Moth|Quark Drive|[silent]
|
|-heal|p1a: Sinistcha|45/100|[from] item: Leftovers
|upkeep
|
|t:|1757915786
|switch|p2a: Iron Treads|Iron Treads, shiny, tera:Ice|100/100
|turn|18
|
|t:|1757915794
|-terastallize|p1a: Sinistcha|Dark
|move|p2a: Iron Treads|Ice Spinner|p1a: Sinistcha
|-damage|p1a: Sinistcha|15/100
|move|p1a: Sinistcha|Strength Sap|p2a: Iron Treads
|-unboost|p2a: Iron Treads|atk|1
|-heal|p1a: Sinistcha|100/100
|
|upkeep
|turn|19
|-message|ZeonNynja forfeited.
|
|win|ILFangzor
|raw|ILFangzor's rating: 1407 &rarr; <strong>1426</strong><br />(+19 for winning)
|raw|ZeonNynja's rating: 1393 &rarr; <strong>1374</strong><br />(-19 for losing)
|l|☆ZeonNynja
|player|p2|
