|j|☆yesterdaymister
|j|☆Kazuelasnt
|t:|1757791567
|gametype|singles
|player|p1|yesterdaymister|striker|1581
|player|p2|Kazuelasnt|cress|1543
|gen|9
|tier|[Gen 9] OU
|rated|
|rule|HP Percentage Mod: HP is shown in percentages
|rule|Endless Battle Clause: Forcing endless battles is banned
|rule|Species Clause: Limit one of each Pokémon
|rule|OHKO Clause: OHKO moves are banned
|rule|Evasion Items Clause: Evasion items are banned
|rule|Evasion Moves Clause: Evasion moves are banned
|rule|Evasion Abilities Clause: Evasion abilities are banned
|rule|Sleep Moves Clause: Sleep-inducing moves are banned
|clearpoke
|poke|p1|Ninetales, M|
|poke|p1|Ceruledge, F|
|poke|p1|Venusaur, M|
|poke|p1|Hatterene, F|
|poke|p1|Great Tusk|
|poke|p1|Walking Wake|
|poke|p2|Arcanine-Hisui, M|
|poke|p2|Great Tusk|
|poke|p2|Rillaboom, F|
|poke|p2|Zapdos|
|poke|p2|Iron Boulder|
|poke|p2|Kingambit, F|
|teampreview
|inactive|Battle timer is ON: inactive players will automatically lose when time's up. (requested by yesterdaymister)
|
|t:|1757791580
|teamsize|p1|6
|teamsize|p2|6
|start
|switch|p1a: arda guler|Ninetales, M|100/100
|switch|p2a: Kevin|Arcanine-Hisui, M|100/100
|-weather|SunnyDay|[from] ability: Drought|[of] p1a: arda guler
|turn|1
|
|t:|1757791588
|switch|p1a: mignolet|Great Tusk|100/100
|-activate|p1a: mignolet|ability: Protosynthesis
|-start|p1a: mignolet|protosynthesisspe
|move|p2a: Kevin|Head Smash|p1a: mignolet
|-resisted|p1a: mignolet
|-damage|p1a: mignolet|85/100
|-damage|p2a: Kevin|84/100|[from] item: Rocky Helmet|[of] p1a: mignolet
|
|-weather|SunnyDay|[upkeep]
|upkeep
|turn|2
|
|t:|1757791596
|switch|p2a: 30% MY ASS|Zapdos|100/100
|move|p1a: mignolet|Stealth Rock|p2a: 30% MY ASS
|-sidestart|p2: Kazuelasnt|move: Stealth Rock
|
|-weather|SunnyDay|[upkeep]
|upkeep
|turn|3
|
|t:|1757791604
|-end|p1a: mignolet|Protosynthesis|[silent]
|switch|p1a: maccabi|Hatterene, F|100/100
|move|p2a: 30% MY ASS|Volt Switch|p1a: maccabi
|-damage|p1a: maccabi|73/100
|-enditem|p1a: maccabi|Eject Button
|j| Ceeds1
|
|t:|1757791623
|switch|p1a: chama|Walking Wake|100/100
|-activate|p1a: chama|ability: Protosynthesis
|-start|p1a: chama|protosynthesisspa
|
|-weather|SunnyDay|[upkeep]
|upkeep
|turn|4
|
|t:|1757791631
|move|p1a: chama|Hydro Steam|p2a: 30% MY ASS
|-damage|p2a: 30% MY ASS|0 fnt
|faint|p2a: 30% MY ASS
|
|-weather|SunnyDay|[upkeep]
|upkeep
|
|t:|1757791638
|switch|p2a: Gryla|Rillaboom, F|100/100
|-damage|p2a: Gryla|88/100|[from] Stealth Rock
|-fieldstart|move: Grassy Terrain|[from] ability: Grassy Surge|[of] p2a: Gryla
|turn|5
|
|t:|1757791652
|-end|p1a: chama|Protosynthesis|[silent]
|switch|p1a: hans vanaken|Venusaur, M|100/100
|move|p2a: Gryla|Grassy Glide|p1a: hans vanaken
|-resisted|p1a: hans vanaken
|-damage|p1a: hans vanaken|79/100
|
|-weather|SunnyDay|[upkeep]
|-heal|p1a: hans vanaken|85/100|[from] Grassy Terrain
|-heal|p2a: Gryla|94/100|[from] Grassy Terrain
|upkeep
|turn|6
|
|t:|1757791661
|switch|p2a: Kevin|Arcanine-Hisui, M|84/100
|-damage|p2a: Kevin|59/100|[from] Stealth Rock
|move|p1a: hans vanaken|Growth|p1a: hans vanaken
|-boost|p1a: hans vanaken|atk|2
|-boost|p1a: hans vanaken|spa|2
|
|-weather|SunnyDay|[upkeep]
|-heal|p1a: hans vanaken|91/100|[from] Grassy Terrain
|-heal|p2a: Kevin|65/100|[from] Grassy Terrain
|upkeep
|turn|7
|
|t:|1757791669
|move|p1a: hans vanaken|Giga Drain|p2a: Kevin
|-damage|p2a: Kevin|0 fnt
|-heal|p1a: hans vanaken|100/100|[from] drain|[of] p2a: Kevin
|faint|p2a: Kevin
|-damage|p1a: hans vanaken|91/100|[from] item: Life Orb
|
|-weather|SunnyDay|[upkeep]
|-heal|p1a: hans vanaken|97/100|[from] Grassy Terrain
|upkeep
|
|t:|1757791674
|switch|p2a: CLOBBERING TIME|Iron Boulder|100/100
|-damage|p2a: CLOBBERING TIME|88/100|[from] Stealth Rock
|-enditem|p2a: CLOBBERING TIME|Booster Energy
|-activate|p2a: CLOBBERING TIME|ability: Quark Drive|[fromitem]
|-start|p2a: CLOBBERING TIME|quarkdrivespe
|turn|8
|
|t:|1757791681
|-terastallize|p2a: CLOBBERING TIME|Fighting
|-terastallize|p1a: hans vanaken|Fire
|move|p2a: CLOBBERING TIME|Zen Headbutt|p1a: hans vanaken
|-damage|p1a: hans vanaken|42/100
|cant|p1a: hans vanaken|flinch
|
|-weather|none
|-heal|p2a: CLOBBERING TIME|94/100|[from] Grassy Terrain
|-heal|p1a: hans vanaken|48/100|[from] Grassy Terrain
|upkeep
|turn|9
|
|t:|1757791707
|switch|p1a: maccabi|Hatterene, F|73/100
|move|p2a: CLOBBERING TIME|Mighty Cleave|p1a: maccabi
|-damage|p1a: maccabi|30/100
|
|-heal|p2a: CLOBBERING TIME|100/100|[from] Grassy Terrain
|-heal|p1a: maccabi|36/100|[from] Grassy Terrain
|-fieldend|move: Grassy Terrain
|upkeep
|turn|10
|
|t:|1757791719
|move|p2a: CLOBBERING TIME|Mighty Cleave|p1a: maccabi
|-damage|p1a: maccabi|0 fnt
|faint|p1a: maccabi
|
|upkeep
|
|t:|1757791723
|switch|p1a: arda guler|Ninetales, M|100/100
|-weather|SunnyDay|[from] ability: Drought|[of] p1a: arda guler
|turn|11
|
|t:|1757791727
|switch|p1a: mignolet|Great Tusk|85/100
|-activate|p1a: mignolet|ability: Protosynthesis
|-start|p1a: mignolet|protosynthesisspe
|move|p2a: CLOBBERING TIME|Mighty Cleave|p1a: mignolet
|-resisted|p1a: mignolet
|-crit|p1a: mignolet
|-damage|p1a: mignolet|75/100
|-damage|p2a: CLOBBERING TIME|84/100|[from] item: Rocky Helmet|[of] p1a: mignolet
|
|-weather|SunnyDay|[upkeep]
|upkeep
|turn|12
|
|t:|1757791732
|move|p2a: CLOBBERING TIME|Swords Dance|p2a: CLOBBERING TIME
|-boost|p2a: CLOBBERING TIME|atk|2
|move|p1a: mignolet|Ice Spinner|p2a: CLOBBERING TIME
|-damage|p2a: CLOBBERING TIME|55/100
|
|-weather|SunnyDay|[upkeep]
|upkeep
|turn|13
|
|t:|1757791737
|move|p2a: CLOBBERING TIME|Zen Headbutt|p1a: mignolet
|-supereffective|p1a: mignolet
|-damage|p1a: mignolet|0 fnt
|-damage|p2a: CLOBBERING TIME|39/100|[from] item: Rocky Helmet|[of] p1a: mignolet
|faint|p1a: mignolet
|-end|p1a: mignolet|Protosynthesis|[silent]
|
|-weather|SunnyDay|[upkeep]
|upkeep
|
|t:|1757791740
|switch|p1a: lebron|Ceruledge, F|100/100
|turn|14
|
|t:|1757791746
|move|p2a: CLOBBERING TIME|Mighty Cleave|p1a: lebron
|-supereffective|p1a: lebron
|-enditem|p1a: lebron|Focus Sash
|-damage|p1a: lebron|1/100
|-ability|p1a: lebron|Weak Armor|boost
|-unboost|p1a: lebron|def|1
|-boost|p1a: lebron|spe|2
|move|p1a: lebron|Swords Dance|p1a: lebron
|-boost|p1a: lebron|atk|2
|
|-weather|SunnyDay|[upkeep]
|upkeep
|turn|15
|
|t:|1757791749
|move|p1a: lebron|Bitter Blade|p2a: CLOBBERING TIME
|-damage|p2a: CLOBBERING TIME|0 fnt
|-heal|p1a: lebron|22/100|[from] drain|[of] p2a: CLOBBERING TIME
|faint|p2a: CLOBBERING TIME
|-end|p2a: CLOBBERING TIME|Quark Drive|[silent]
|
|-weather|SunnyDay|[upkeep]
|upkeep
|
|t:|1757791752
|switch|p2a: Gryla|Rillaboom, F|94/100
|-damage|p2a: Gryla|82/100|[from] Stealth Rock
|-fieldstart|move: Grassy Terrain|[from] ability: Grassy Surge|[of] p2a: Gryla
|turn|16
|
|t:|1757791761
|move|p2a: Gryla|Grassy Glide|p1a: lebron
|-resisted|p1a: lebron
|-damage|p1a: lebron|0 fnt
|faint|p1a: lebron
|
|-weather|SunnyDay|[upkeep]
|-heal|p2a: Gryla|88/100|[from] Grassy Terrain
|upkeep
|
|t:|1757791765
|switch|p1a: hans vanaken|Venusaur, M, tera:Fire|48/100
|turn|17
|
|t:|1757791773
|move|p2a: Gryla|Grassy Glide|p1a: hans vanaken
|-resisted|p1a: hans vanaken
|-damage|p1a: hans vanaken|10/100
|move|p1a: hans vanaken|Weather Ball|p2a: Gryla
|-supereffective|p2a: Gryla
|-damage|p2a: Gryla|0 fnt
|faint|p2a: Gryla
|-damage|p1a: hans vanaken|0 fnt|[from] item: Life Orb
|faint|p1a: hans vanaken
|
|-weather|SunnyDay|[upkeep]
|upkeep
|
|t:|1757791779
|switch|p2a: DA T U S K|Great Tusk|100/100
|switch|p1a: chama|Walking Wake|100/100
|-activate|p1a: chama|ability: Protosynthesis
|-start|p1a: chama|protosynthesisspa
|-activate|p2a: DA T U S K|ability: Protosynthesis
|-start|p2a: DA T U S K|protosynthesisspe
|turn|18
|
|t:|1757791793
|move|p2a: DA T U S K|Headlong Rush|p1a: chama
|-damage|p1a: chama|40/100
|-unboost|p2a: DA T U S K|def|1
|-unboost|p2a: DA T U S K|spd|1
|move|p1a: chama|Hydro Steam|p2a: DA T U S K
|-supereffective|p2a: DA T U S K
|-damage|p2a: DA T U S K|0 fnt
|faint|p2a: DA T U S K
|-end|p2a: DA T U S K|Protosynthesis|[silent]
|
|-weather|none
|-end|p1a: chama|Protosynthesis
|-heal|p1a: chama|47/100|[from] Grassy Terrain
|upkeep
|
|t:|1757791796
|switch|p2a: Queengambit|Kingambit, F, shiny|100/100
|-damage|p2a: Queengambit|95/100|[from] Stealth Rock
|-activate|p2a: Queengambit|ability: Supreme Overlord
|-start|p2a: Queengambit|fallen5|[silent]
|turn|19
|
|t:|1757791800
|-end|p1a: chama|Protosynthesis|[silent]
|switch|p1a: arda guler|Ninetales, M|100/100
|-weather|SunnyDay|[from] ability: Drought|[of] p1a: arda guler
|move|p2a: Queengambit|Swords Dance|p2a: Queengambit
|-boost|p2a: Queengambit|atk|2
|
|-weather|SunnyDay|[upkeep]
|-heal|p2a: Queengambit|100/100|[from] Grassy Terrain
|upkeep
|turn|20
|
|t:|1757791804
|move|p1a: arda guler|Encore|p2a: Queengambit
|-start|p2a: Queengambit|Encore
|move|p2a: Queengambit|Swords Dance|p2a: Queengambit
|-boost|p2a: Queengambit|atk|2
|
|-weather|SunnyDay|[upkeep]
|-fieldend|move: Grassy Terrain
|upkeep
|turn|21
|
|t:|1757791813
|switch|p1a: chama|Walking Wake|47/100
|-activate|p1a: chama|ability: Protosynthesis
|-start|p1a: chama|protosynthesisspa
|move|p2a: Queengambit|Swords Dance|p2a: Queengambit
|-boost|p2a: Queengambit|atk|2
|
|-weather|SunnyDay|[upkeep]
|upkeep
|turn|22
|
|t:|1757791814
|move|p1a: chama|Hydro Steam|p2a: Queengambit
|-damage|p2a: Queengambit|0 fnt
|faint|p2a: Queengambit
|-end|p2a: Queengambit|fallen5|[silent]
|
|win|yesterdaymister
|raw|yesterdaymister's rating: 1581 &rarr; <strong>1599</strong><br />(+18 for winning)
|raw|Kazuelasnt's rating: 1543 &rarr; <strong>1525</strong><br />(-18 for losing)
|l|☆Kazuelasnt
|player|p2|
|l| Ceeds1
|l|☆yesterdaymister
|player|p1|
