|j|☆emeryns88
|j|☆StaticZ4Z
|t:|1757869803
|gametype|singles
|player|p1|emeryns88|hilbert|1356
|player|p2|StaticZ4Z|morty|1327
|gen|9
|tier|[Gen 9] OU
|rated|
|rule|HP Percentage Mod: HP is shown in percentages
|rule|Endless Battle Clause: Forcing endless battles is banned
|rule|Species Clause: Limit one of each Pokémon
|rule|OHKO Clause: OHKO moves are banned
|rule|Evasion Items Clause: Evasion items are banned
|rule|Evasion Moves Clause: Evasion moves are banned
|rule|Evasion Abilities Clause: Evasion abilities are banned
|rule|Sleep Moves Clause: Sleep-inducing moves are banned
|clearpoke
|poke|p1|Glimmora, M|
|poke|p1|Dragonite, M|
|poke|p1|Scizor, M|
|poke|p1|Zapdos|
|poke|p1|Primarina, F|
|poke|p1|Ceruledge, F|
|poke|p2|Gliscor, M|
|poke|p2|Heracross, M|
|poke|p2|Venusaur, M|
|poke|p2|Ceruledge, M|
|poke|p2|Meowscarada, F|
|poke|p2|Magnezone|
|teampreview
|
|t:|1757869808
|teamsize|p1|6
|teamsize|p2|6
|start
|switch|p1a: Scizor|Scizor, M|100/100
|switch|p2a: Ghost|Ceruledge, M|100/100
|turn|1
|
|t:|1757869815
|move|p2a: Ghost|Swords Dance|p2a: Ghost
|-boost|p2a: Ghost|atk|2
|move|p1a: Scizor|Knock Off|p2a: Ghost
|-supereffective|p2a: Ghost
|-enditem|p2a: Ghost|Focus Sash
|-damage|p2a: Ghost|1/100
|-ability|p2a: Ghost|Weak Armor|boost
|-unboost|p2a: Ghost|def|1
|-boost|p2a: Ghost|spe|2
|
|upkeep
|turn|2
|inactive|Battle timer is ON: inactive players will automatically lose when time's up. (requested by emeryns88)
|
|t:|1757869842
|switch|p2a: Fentanyl|Gliscor, M|100/100
|switch|p1a: Zapdos|Zapdos|100/100
|
|-status|p2a: Fentanyl|tox|[from] item: Toxic Orb
|upkeep
|turn|3
|
|t:|1757869851
|switch|p1a: Glimmora|Glimmora, M, shiny|100/100
|move|p2a: Fentanyl|Stealth Rock|p1a: Glimmora
|-sidestart|p1: emeryns88|move: Stealth Rock
|
|upkeep
|turn|4
|
|t:|1757869857
|move|p2a: Fentanyl|Earthquake|p1a: Glimmora
|-supereffective|p1a: Glimmora
|-enditem|p1a: Glimmora|Focus Sash
|-damage|p1a: Glimmora|1/100
|-activate|p1a: Glimmora|ability: Toxic Debris
|-sidestart|p2: StaticZ4Z|move: Toxic Spikes
|move|p1a: Glimmora|Stealth Rock|p2a: Fentanyl
|-sidestart|p2: StaticZ4Z|move: Stealth Rock
|
|upkeep
|turn|5
|
|t:|1757869866
|move|p2a: Fentanyl|Facade|p1a: Glimmora
|-resisted|p1a: Glimmora
|-damage|p1a: Glimmora|0 fnt
|-activate|p1a: Glimmora|ability: Toxic Debris
|-sidestart|p2: StaticZ4Z|move: Toxic Spikes
|faint|p1a: Glimmora
|
|upkeep
|
|t:|1757869870
|switch|p1a: Primarina|Primarina, F|100/100
|-damage|p1a: Primarina|88/100|[from] Stealth Rock
|turn|6
|
|t:|1757869879
|switch|p2a: Plant|Venusaur, M|100/100
|-sideend|p2: StaticZ4Z|move: Toxic Spikes|[of] p2a: Plant
|-damage|p2a: Plant|88/100|[from] Stealth Rock
|move|p1a: Primarina|Hydro Pump|p2a: Plant
|-resisted|p2a: Plant
|-damage|p2a: Plant|66/100
|
|-heal|p2a: Plant|72/100|[from] item: Leftovers
|upkeep
|turn|7
|
|t:|1757869889
|switch|p1a: Ceruledge|Ceruledge, F|100/100
|move|p2a: Plant|Leech Seed|p1a: Ceruledge
|-start|p1a: Ceruledge|move: Leech Seed
|
|-heal|p2a: Plant|78/100|[from] item: Leftovers
|-damage|p1a: Ceruledge|88/100|[from] Leech Seed|[of] p2a: Plant
|-heal|p2a: Plant|88/100|[silent]
|upkeep
|turn|8
|
|t:|1757869901
|switch|p2a: Fentanyl|Gliscor, M|100/100 tox
|-damage|p2a: Fentanyl|88/100 tox|[from] Stealth Rock
|move|p1a: Ceruledge|Bitter Blade|p2a: Fentanyl
|-damage|p2a: Fentanyl|46/100 tox
|-heal|p1a: Ceruledge|100/100|[from] drain|[of] p2a: Fentanyl
|
|-damage|p1a: Ceruledge|88/100|[from] Leech Seed|[of] p2a: Fentanyl
|-heal|p2a: Fentanyl|58/100 tox|[silent]
|-heal|p2a: Fentanyl|70/100 tox|[from] ability: Poison Heal
|upkeep
|turn|9
|
|t:|1757869915
|switch|p1a: Zapdos|Zapdos|100/100
|-damage|p1a: Zapdos|76/100|[from] Stealth Rock
|move|p2a: Fentanyl|Facade|p1a: Zapdos
|-damage|p1a: Zapdos|43/100
|-damage|p2a: Fentanyl|54/100 tox|[from] item: Rocky Helmet|[of] p1a: Zapdos
|
|-heal|p2a: Fentanyl|66/100 tox|[from] ability: Poison Heal
|upkeep
|turn|10
|
|t:|1757869930
|move|p2a: Fentanyl|Facade|p1a: Zapdos
|-damage|p1a: Zapdos|8/100
|-damage|p2a: Fentanyl|50/100 tox|[from] item: Rocky Helmet|[of] p1a: Zapdos
|move|p1a: Zapdos|Roost|p1a: Zapdos
|-heal|p1a: Zapdos|58/100
|-singleturn|p1a: Zapdos|move: Roost
|
|-heal|p2a: Fentanyl|62/100 tox|[from] ability: Poison Heal
|upkeep
|turn|11
|
|t:|1757869954
|switch|p2a: Overgrow!!!|Meowscarada, F|100/100
|-damage|p2a: Overgrow!!!|88/100|[from] Stealth Rock
|move|p1a: Zapdos|Roost|p1a: Zapdos
|-heal|p1a: Zapdos|100/100
|-singleturn|p1a: Zapdos|move: Roost
|
|upkeep
|turn|12
|
|t:|1757869966
|move|p2a: Overgrow!!!|Knock Off|p1a: Zapdos
|-start|p2a: Overgrow!!!|typechange|Dark|[from] ability: Protean
|-damage|p1a: Zapdos|64/100
|-damage|p2a: Overgrow!!!|72/100|[from] item: Rocky Helmet|[of] p1a: Zapdos
|-enditem|p1a: Zapdos|Rocky Helmet|[from] move: Knock Off|[of] p2a: Overgrow!!!
|move|p1a: Zapdos|Hurricane|p2a: Overgrow!!!
|-damage|p2a: Overgrow!!!|16/100
|
|upkeep
|turn|13
|
|t:|1757869980
|switch|p1a: Scizor|Scizor, M|100/100
|move|p2a: Overgrow!!!|Triple Axel|p1a: Scizor
|-resisted|p1a: Scizor
|-damage|p1a: Scizor|98/100
|-resisted|p1a: Scizor
|-damage|p1a: Scizor|91/100
|-resisted|p1a: Scizor
|-damage|p1a: Scizor|82/100
|-hitcount|p1a: Scizor|3
|
|upkeep
|turn|14
|
|t:|1757870000
|switch|p2a: Fentanyl|Gliscor, M|62/100 tox
|-damage|p2a: Fentanyl|50/100 tox|[from] Stealth Rock
|move|p1a: Scizor|Bullet Punch|p2a: Fentanyl
|-damage|p2a: Fentanyl|13/100 tox
|
|-heal|p2a: Fentanyl|26/100 tox|[from] ability: Poison Heal
|upkeep
|turn|15
|
|t:|1757870009
|move|p2a: Fentanyl|Protect|p2a: Fentanyl
|-singleturn|p2a: Fentanyl|Protect
|move|p1a: Scizor|Knock Off|p2a: Fentanyl
|-activate|p2a: Fentanyl|move: Protect
|
|-heal|p2a: Fentanyl|38/100 tox|[from] ability: Poison Heal
|upkeep
|turn|16
|
|t:|1757870018
|move|p2a: Fentanyl|Earthquake|p1a: Scizor
|-damage|p1a: Scizor|40/100
|move|p1a: Scizor|U-turn|p2a: Fentanyl
|-resisted|p2a: Fentanyl
|-damage|p2a: Fentanyl|19/100 tox
|
|t:|1757870022
|switch|p1a: Primarina|Primarina, F|88/100|[from] U-turn
|-damage|p1a: Primarina|76/100|[from] Stealth Rock
|
|-heal|p2a: Fentanyl|31/100 tox|[from] ability: Poison Heal
|upkeep
|turn|17
|
|t:|1757870031
|switch|p2a: Plant|Venusaur, M|88/100
|-damage|p2a: Plant|75/100|[from] Stealth Rock
|move|p1a: Primarina|Shadow Ball|p2a: Plant
|-crit|p2a: Plant
|-damage|p2a: Plant|43/100
|
|-heal|p2a: Plant|49/100|[from] item: Leftovers
|upkeep
|turn|18
|
|t:|1757870042
|move|p2a: Plant|Leech Seed|p1a: Primarina
|-start|p1a: Primarina|move: Leech Seed
|move|p1a: Primarina|Shadow Ball|p2a: Plant
|-damage|p2a: Plant|28/100
|
|-heal|p2a: Plant|34/100|[from] item: Leftovers
|-damage|p1a: Primarina|63/100|[from] Leech Seed|[of] p2a: Plant
|-heal|p2a: Plant|46/100|[silent]
|upkeep
|turn|19
|
|t:|1757870051
|switch|p1a: Ceruledge|Ceruledge, F|88/100
|move|p2a: Plant|Energy Ball|p1a: Ceruledge
|-resisted|p1a: Ceruledge
|-damage|p1a: Ceruledge|70/100
|
|-heal|p2a: Plant|52/100|[from] item: Leftovers
|upkeep
|turn|20
|
|t:|1757870077
|switch|p2a: Ghost|Ceruledge, M|1/100
|-damage|p2a: Ghost|0 fnt|[from] Stealth Rock
|faint|p2a: Ghost
|move|p1a: Ceruledge|Poltergeist|p2: Ghost|[notarget]
|-fail|p1a: Ceruledge
|
|upkeep
|
|t:|1757870086
|switch|p2a: Overgrow!!!|Meowscarada, F|16/100
|-damage|p2a: Overgrow!!!|4/100|[from] Stealth Rock
|turn|21
|
|t:|1757870092
|switch|p1a: Zapdos|Zapdos|64/100
|-damage|p1a: Zapdos|40/100|[from] Stealth Rock
|move|p2a: Overgrow!!!|Knock Off|p1a: Zapdos
|-start|p2a: Overgrow!!!|typechange|Dark|[from] ability: Protean
|-damage|p1a: Zapdos|14/100
|
|upkeep
|turn|22
|
|t:|1757870104
|move|p2a: Overgrow!!!|Knock Off|p1a: Zapdos
|-damage|p1a: Zapdos|0 fnt
|faint|p1a: Zapdos
|
|upkeep
|
|t:|1757870106
|switch|p1a: Scizor|Scizor, M|40/100
|turn|23
|
|t:|1757870112
|move|p1a: Scizor|Bullet Punch|p2a: Overgrow!!!
|-damage|p2a: Overgrow!!!|0 fnt
|faint|p2a: Overgrow!!!
|
|upkeep
|
|t:|1757870122
|switch|p2a: Aiden|Heracross, M|100/100
|-damage|p2a: Aiden|88/100|[from] Stealth Rock
|turn|24
|
|t:|1757870131
|move|p2a: Aiden|Bulk Up|p2a: Aiden
|-boost|p2a: Aiden|atk|1
|-boost|p2a: Aiden|def|1
|move|p1a: Scizor|U-turn|p2a: Aiden
|-resisted|p2a: Aiden
|-damage|p2a: Aiden|68/100
|
|t:|1757870134
|switch|p1a: Ceruledge|Ceruledge, F|70/100|[from] U-turn
|
|upkeep
|turn|25
|
|t:|1757870142
|-terastallize|p2a: Aiden|Dark
|move|p2a: Aiden|Knock Off|p1a: Ceruledge
|-supereffective|p1a: Ceruledge
|-damage|p1a: Ceruledge|0 fnt
|-enditem|p1a: Ceruledge|Heavy-Duty Boots|[from] move: Knock Off|[of] p2a: Aiden
|faint|p1a: Ceruledge
|-ability|p2a: Aiden|Moxie|boost
|-boost|p2a: Aiden|atk|1
|
|upkeep
|
|t:|1757870146
|switch|p1a: Primarina|Primarina, F|63/100
|-damage|p1a: Primarina|51/100|[from] Stealth Rock
|turn|26
|
|t:|1757870165
|move|p2a: Aiden|Megahorn|p1a: Primarina
|-resisted|p1a: Primarina
|-damage|p1a: Primarina|0 fnt
|faint|p1a: Primarina
|-ability|p2a: Aiden|Moxie|boost
|-boost|p2a: Aiden|atk|1
|
|upkeep
|
|t:|1757870168
|switch|p1a: Dragonite|Dragonite, M|100/100
|turn|27
|
|t:|1757870174
|move|p2a: Aiden|Knock Off|p1a: Dragonite
|-damage|p1a: Dragonite|35/100
|-enditem|p1a: Dragonite|Heavy-Duty Boots|[from] move: Knock Off|[of] p2a: Aiden
|move|p1a: Dragonite|Dragon Dance|p1a: Dragonite
|-boost|p1a: Dragonite|atk|1
|-boost|p1a: Dragonite|spe|1
|
|upkeep
|turn|28
|
|t:|1757870181
|-terastallize|p1a: Dragonite|Normal
|move|p1a: Dragonite|Extreme Speed|p2a: Aiden
|-damage|p2a: Aiden|5/100
|-enditem|p2a: Aiden|Salac Berry|[eat]
|-boost|p2a: Aiden|spe|1|[from] item: Salac Berry
|move|p2a: Aiden|Knock Off|p1a: Dragonite
|-damage|p1a: Dragonite|0 fnt
|faint|p1a: Dragonite
|-ability|p2a: Aiden|Moxie|boost
|-boost|p2a: Aiden|atk|1
|
|upkeep
|
|t:|1757870186
|switch|p1a: Scizor|Scizor, M|40/100
|turn|29
|-message|emeryns88 forfeited.
|
|win|StaticZ4Z
|raw|emeryns88's rating: 1356 &rarr; <strong>1334</strong><br />(-22 for losing)
|raw|StaticZ4Z's rating: 1327 &rarr; <strong>1349</strong><br />(+22 for winning)
|l|☆emeryns88
|player|p1|
|l|☆StaticZ4Z
|player|p2|
