|j|☆Gym Leader Bert
|j|☆aqword123
|t:|1757916407
|gametype|singles
|player|p1|Gym Leader Bert|gentleman-gen4|1288
|player|p2|aqword123|101|1289
|gen|9
|tier|[Gen 9] OU
|rated|
|rule|HP Percentage Mod: HP is shown in percentages
|rule|Endless Battle Clause: Forcing endless battles is banned
|rule|Species Clause: Limit one of each Pokémon
|rule|OHKO Clause: OHKO moves are banned
|rule|Evasion Items Clause: Evasion items are banned
|rule|Evasion Moves Clause: Evasion moves are banned
|rule|Evasion Abilities Clause: Evasion abilities are banned
|rule|Sleep Moves Clause: Sleep-inducing moves are banned
|clearpoke
|poke|p1|Torkoal, F|
|poke|p1|Hatterene, F|
|poke|p1|Walking Wake|
|poke|p1|Dragapult, F|
|poke|p1|Cloyster, F|
|poke|p1|Torterra, F|
|poke|p2|Dondozo, M|
|poke|p2|Rillaboom, M|
|poke|p2|Hawlucha, F|
|poke|p2|Landorus-Therian, M|
|poke|p2|Ogerpon-Wellspring, F|
|poke|p2|Gholdengo|
|teampreview
|inactive|Battle timer is ON: inactive players will automatically lose when time's up. (requested by aqword123)
|
|t:|1757916420
|teamsize|p1|6
|teamsize|p2|6
|start
|switch|p1a: Sun God Koal|Torkoal, F|100/100
|switch|p2a: Lando Tee-Grizzly|Landorus-Therian, M|100/100
|-ability|p2a: Lando Tee-Grizzly|Intimidate|boost
|-unboost|p1a: Sun God Koal|atk|1
|-weather|SunnyDay|[from] ability: Drought|[of] p1a: Sun God Koal
|-enditem|p1a: Sun God Koal|Eject Pack
|
|t:|1757916424
|switch|p1a: Hatterene|Hatterene, F|100/100
|turn|1
|inactive|aqword123 has 120 seconds left.
|
|t:|1757916470
|move|p2a: Lando Tee-Grizzly|Taunt|p1a: Hatterene
|move|p1a: Hatterene|Taunt|p2a: Lando Tee-Grizzly|[from] ability: Magic Bounce
|-start|p2a: Lando Tee-Grizzly|move: Taunt
|move|p1a: Hatterene|Trick Room|p1a: Hatterene
|-fieldstart|move: Trick Room|[of] p1a: Hatterene
|
|-weather|SunnyDay|[upkeep]
|upkeep
|turn|2
|c|☆aqword123|how i forget
|
|t:|1757916485
|move|p1a: Hatterene|Psychic|p2a: Lando Tee-Grizzly
|-damage|p2a: Lando Tee-Grizzly|41/100
|move|p2a: Lando Tee-Grizzly|Earthquake|p1a: Hatterene
|-damage|p1a: Hatterene|48/100
|
|-weather|SunnyDay|[upkeep]
|upkeep
|turn|3
|inactive|aqword123 has 90 seconds left.
|
|t:|1757916518
|move|p1a: Hatterene|Psychic|p2a: Lando Tee-Grizzly
|-damage|p2a: Lando Tee-Grizzly|0 fnt
|faint|p2a: Lando Tee-Grizzly
|
|-weather|SunnyDay|[upkeep]
|upkeep
|
|t:|1757916522
|switch|p2a: THE DON|Dondozo, M, shiny|100/100
|turn|4
|
|t:|1757916529
|switch|p1a: Sun God Koal|Torkoal, F|100/100
|move|p2a: THE DON|Wave Crash|p1a: Sun God Koal
|-supereffective|p1a: Sun God Koal
|-damage|p1a: Sun God Koal|42/100
|-damage|p2a: THE DON|88/100|[from] Recoil
|
|-weather|SunnyDay|[upkeep]
|upkeep
|turn|5
|
|t:|1757916536
|move|p1a: Sun God Koal|Stealth Rock|p2a: THE DON
|-sidestart|p2: aqword123|move: Stealth Rock
|move|p2a: THE DON|Wave Crash|p1a: Sun God Koal
|-supereffective|p1a: Sun God Koal
|-damage|p1a: Sun God Koal|0 fnt
|faint|p1a: Sun God Koal
|-damage|p2a: THE DON|79/100|[from] Recoil
|
|-weather|none
|-fieldend|move: Trick Room
|upkeep
|
|t:|1757916540
|switch|p1a: Torterra|Torterra, F|100/100
|turn|6
|inactive|aqword123 has 120 seconds left.
|
|t:|1757916552
|switch|p2a: zaza pachulia|Rillaboom, M, shiny|100/100
|-damage|p2a: zaza pachulia|88/100|[from] Stealth Rock
|-fieldstart|move: Grassy Terrain|[from] ability: Grassy Surge|[of] p2a: zaza pachulia
|move|p1a: Torterra|Stockpile|p1a: Torterra
|-start|p1a: Torterra|stockpile1
|-boost|p1a: Torterra|def|1
|-boost|p1a: Torterra|spd|1
|
|-heal|p2a: zaza pachulia|94/100|[from] Grassy Terrain
|upkeep
|turn|7
|inactive|aqword123 has 120 seconds left.
|
|t:|1757916565
|move|p2a: zaza pachulia|Knock Off|p1a: Torterra
|-damage|p1a: Torterra|76/100
|-enditem|p1a: Torterra|Heavy-Duty Boots|[from] move: Knock Off|[of] p2a: zaza pachulia
|move|p1a: Torterra|Stockpile|p1a: Torterra
|-start|p1a: Torterra|stockpile2
|-boost|p1a: Torterra|def|1
|-boost|p1a: Torterra|spd|1
|
|-heal|p2a: zaza pachulia|99/100|[from] Grassy Terrain
|-heal|p1a: Torterra|82/100|[from] Grassy Terrain
|upkeep
|turn|8
|inactive|aqword123 has 120 seconds left.
|
|t:|1757916575
|move|p2a: zaza pachulia|U-turn|p1a: Torterra
|-supereffective|p1a: Torterra
|-damage|p1a: Torterra|55/100
|
|t:|1757916577
|switch|p2a: nachooo libree|Hawlucha, F|100/100|[from] U-turn
|-damage|p2a: nachooo libree|88/100|[from] Stealth Rock
|-enditem|p2a: nachooo libree|Grassy Seed
|-boost|p2a: nachooo libree|def|1|[from] item: Grassy Seed
|move|p1a: Torterra|Shell Smash|p1a: Torterra
|-unboost|p1a: Torterra|def|1
|-unboost|p1a: Torterra|spd|1
|-boost|p1a: Torterra|atk|2
|-boost|p1a: Torterra|spa|2
|-boost|p1a: Torterra|spe|2
|
|-heal|p1a: Torterra|61/100|[from] Grassy Terrain
|upkeep
|turn|9
|inactive|aqword123 has 120 seconds left.
|
|t:|1757916593
|move|p2a: nachooo libree|Acrobatics|p1a: Torterra
|-supereffective|p1a: Torterra
|-damage|p1a: Torterra|1/100
|move|p1a: Torterra|Rock Blast|p2a: nachooo libree|[miss]
|-miss|p1a: Torterra|p2a: nachooo libree
|
|-heal|p1a: Torterra|7/100|[from] Grassy Terrain
|upkeep
|turn|10
|l|☆aqword123
|inactive|aqword123 disconnected and has a minute to reconnect!
|player|p2|
|j|☆aqword123
|inactive|aqword123 reconnected and has 105 seconds left.
|player|p2|aqword123|101|
|
|t:|1757916625
|move|p2a: nachooo libree|Acrobatics|p1a: Torterra
|-supereffective|p1a: Torterra
|-damage|p1a: Torterra|0 fnt
|faint|p1a: Torterra
|
|upkeep
|
|t:|1757916633
|switch|p1a: Walking Wake|Walking Wake|100/100
|turn|11
|
|t:|1757916647
|move|p2a: nachooo libree|Acrobatics|p1a: Walking Wake
|-damage|p1a: Walking Wake|45/100
|move|p1a: Walking Wake|Hydro Steam|p2a: nachooo libree
|-damage|p2a: nachooo libree|0 fnt
|faint|p2a: nachooo libree
|
|-heal|p1a: Walking Wake|51/100|[from] Grassy Terrain
|upkeep
|inactive|aqword123 has 90 seconds left.
|
|t:|1757916670
|switch|p2a: zaza pachulia|Rillaboom, M, shiny|99/100
|-damage|p2a: zaza pachulia|88/100|[from] Stealth Rock
|turn|12
|
|t:|1757916674
|-end|p1a: Walking Wake|Protosynthesis|[silent]
|switch|p1a: Hatterene|Hatterene, F|48/100
|move|p2a: zaza pachulia|Grassy Glide|p1a: Hatterene
|-damage|p1a: Hatterene|0 fnt
|faint|p1a: Hatterene
|
|-heal|p2a: zaza pachulia|94/100|[from] Grassy Terrain
|upkeep
|
|t:|1757916679
|switch|p1a: Cloyster|Cloyster, F|100/100
|turn|13
|
|t:|1757916684
|move|p2a: zaza pachulia|Grassy Glide|p1a: Cloyster
|-supereffective|p1a: Cloyster
|-crit|p1a: Cloyster
|-damage|p1a: Cloyster|5/100
|move|p1a: Cloyster|Shell Smash|p1a: Cloyster
|-unboost|p1a: Cloyster|def|1
|-unboost|p1a: Cloyster|spd|1
|-boost|p1a: Cloyster|atk|2
|-boost|p1a: Cloyster|spa|2
|-boost|p1a: Cloyster|spe|2
|
|-heal|p1a: Cloyster|12/100|[from] Grassy Terrain
|-heal|p2a: zaza pachulia|99/100|[from] Grassy Terrain
|-fieldend|move: Grassy Terrain
|upkeep
|turn|14
|inactive|aqword123 has 120 seconds left.
|
|t:|1757916698
|switch|p2a: THE DON|Dondozo, M, shiny|79/100
|-damage|p2a: THE DON|66/100|[from] Stealth Rock
|move|p1a: Cloyster|Icicle Spear|p2a: THE DON
|-resisted|p2a: THE DON
|-damage|p2a: THE DON|63/100
|-resisted|p2a: THE DON
|-damage|p2a: THE DON|60/100
|-resisted|p2a: THE DON
|-damage|p2a: THE DON|57/100
|-resisted|p2a: THE DON
|-damage|p2a: THE DON|54/100
|-resisted|p2a: THE DON
|-damage|p2a: THE DON|51/100
|-hitcount|p2a: THE DON|5
|
|upkeep
|turn|15
|inactive|aqword123 has 120 seconds left.
|
|t:|1757916720
|move|p1a: Cloyster|Rock Blast|p2a: THE DON
|-damage|p2a: THE DON|47/100
|-damage|p2a: THE DON|43/100
|-damage|p2a: THE DON|38/100
|-damage|p2a: THE DON|34/100
|-damage|p2a: THE DON|29/100
|-hitcount|p2a: THE DON|5
|move|p2a: THE DON|Earthquake|p1a: Cloyster
|-damage|p1a: Cloyster|0 fnt
|faint|p1a: Cloyster
|
|upkeep
|
|t:|1757916723
|switch|p1a: Dragapult|Dragapult, F|100/100
|turn|16
|
|t:|1757916732
|move|p1a: Dragapult|Dragon Dance|p1a: Dragapult
|-boost|p1a: Dragapult|atk|1
|-boost|p1a: Dragapult|spe|1
|move|p2a: THE DON|Earthquake|p1a: Dragapult
|-damage|p1a: Dragapult|44/100
|
|upkeep
|turn|17
|inactive|aqword123 has 120 seconds left.
|
|t:|1757916739
|move|p1a: Dragapult|Sucker Punch|p2a: THE DON
|-damage|p2a: THE DON|16/100
|move|p2a: THE DON|Earthquake|p1a: Dragapult
|-damage|p1a: Dragapult|0 fnt
|faint|p1a: Dragapult
|
|upkeep
|
|t:|1757916742
|switch|p1a: Walking Wake|Walking Wake|51/100
|turn|18
|
|t:|1757916746
|-terastallize|p1a: Walking Wake|Fire
|move|p1a: Walking Wake|Flamethrower|p2a: THE DON
|-resisted|p2a: THE DON
|-damage|p2a: THE DON|0 fnt
|faint|p2a: THE DON
|
|upkeep
|
|t:|1757916754
|switch|p2a: joe rogerpon|Ogerpon-Wellspring, F|100/100
|-damage|p2a: joe rogerpon|88/100|[from] Stealth Rock
|turn|19
|
|t:|1757916759
|-terastallize|p2a: joe rogerpon|Water
|detailschange|p2a: joe rogerpon|Ogerpon-Wellspring-Tera, F, tera:Water
|-ability|p2a: joe rogerpon|Embody Aspect (Wellspring)|boost
|-boost|p2a: joe rogerpon|spd|1
|move|p2a: joe rogerpon|Ivy Cudgel|p1a: Walking Wake|[anim] Ivy Cudgel Water
|-supereffective|p1a: Walking Wake
|-damage|p1a: Walking Wake|0 fnt
|faint|p1a: Walking Wake
|-end|p1a: Walking Wake|Protosynthesis|[silent]
|
|win|aqword123
|raw|Gym Leader Bert's rating: 1288 &rarr; <strong>1263</strong><br />(-25 for losing)
|raw|aqword123's rating: 1289 &rarr; <strong>1314</strong><br />(+25 for winning)
|l|☆Gym Leader Bert
|player|p1|
|l|☆aqword123
|player|p2|
