|j|☆Rizzofreko
|j|☆ice spice enjoyer
|t:|1757927312
|gametype|singles
|player|p1|Rizzofreko|hugh|1476
|player|p2|ice spice enjoyer|266|1575
|gen|9
|tier|[Gen 9] OU
|rated|
|rule|HP Percentage Mod: HP is shown in percentages
|rule|Endless Battle Clause: Forcing endless battles is banned
|rule|Species Clause: Limit one of each Pokémon
|rule|OHKO Clause: OHKO moves are banned
|rule|Evasion Items Clause: Evasion items are banned
|rule|Evasion Moves Clause: Evasion moves are banned
|rule|Evasion Abilities Clause: Evasion abilities are banned
|rule|Sleep Moves Clause: Sleep-inducing moves are banned
|clearpoke
|poke|p1|Great Tusk|
|poke|p1|Enamorus, F|
|poke|p1|Samurott-Hisui, M|
|poke|p1|Dragonite, M|
|poke|p1|Dondozo, M|
|poke|p1|Raging Bolt|
|poke|p2|Garganacl, F|
|poke|p2|Landorus-Therian, M|
|poke|p2|Corviknight, F|
|poke|p2|Weezing-Galar, F|
|poke|p2|Hoopa-Unbound|
|poke|p2|Iron Valiant|
|teampreview
|inactive|Battle timer is ON: inactive players will automatically lose when time's up. (requested by Rizzofreko)
|
|t:|1757927344
|teamsize|p1|6
|teamsize|p2|6
|start
|switch|p1a: Samurott|Samurott-Hisui, M, shiny|100/100
|switch|p2a: Landorus|Landorus-Therian, M|100/100
|-ability|p2a: Landorus|Intimidate|boost
|-unboost|p1a: Samurott|atk|1
|turn|1
|
|t:|1757927351
|move|p2a: Landorus|U-turn|p1a: Samurott
|-supereffective|p1a: Samurott
|-damage|p1a: Samurott|35/100
|
|t:|1757927354
|switch|p2a: Weezing|Weezing-Galar, F|100/100|[from] U-turn
|-ability|p2a: Weezing|Neutralizing Gas
|move|p1a: Samurott|Ceaseless Edge|p2a: Weezing
|-resisted|p2a: Weezing
|-damage|p2a: Weezing|93/100
|-sidestart|p2: ice spice enjoyer|Spikes
|
|upkeep
|turn|2
|
|t:|1757927368
|move|p1a: Samurott|Aqua Cutter|p2a: Weezing
|-damage|p2a: Weezing|79/100
|move|p2a: Weezing|Toxic Spikes|p1a: Samurott
|-sidestart|p1: Rizzofreko|move: Toxic Spikes
|
|upkeep
|turn|3
|
|t:|1757927377
|move|p1a: Samurott|Swords Dance|p1a: Samurott
|-boost|p1a: Samurott|atk|2
|move|p2a: Weezing|Will-O-Wisp|p1a: Samurott
|-status|p1a: Samurott|brn
|
|-damage|p1a: Samurott|29/100 brn|[from] brn
|upkeep
|turn|4
|
|t:|1757927382
|move|p1a: Samurott|Ceaseless Edge|p2a: Weezing
|-resisted|p2a: Weezing
|-damage|p2a: Weezing|71/100
|-sidestart|p2: ice spice enjoyer|Spikes
|move|p2a: Weezing|Toxic Spikes|p1a: Samurott
|-sidestart|p1: Rizzofreko|move: Toxic Spikes
|
|-damage|p1a: Samurott|23/100 brn|[from] brn
|upkeep
|turn|5
|inactive|ice spice enjoyer has 120 seconds left.
|
|t:|1757927421
|-end|p2a: Weezing|ability: Neutralizing Gas
|switch|p2a: Landorus|Landorus-Therian, M|100/100
|-ability|p2a: Landorus|Intimidate|boost
|-unboost|p1a: Samurott|atk|1
|move|p1a: Samurott|Aqua Cutter|p2a: Landorus
|-supereffective|p2a: Landorus
|-damage|p2a: Landorus|37/100
|
|-damage|p1a: Samurott|18/100 brn|[from] brn
|upkeep
|turn|6
|inactive|ice spice enjoyer has 120 seconds left.
|
|t:|1757927430
|move|p1a: Samurott|Aqua Jet|p2a: Landorus
|-supereffective|p2a: Landorus
|-damage|p2a: Landorus|15/100
|move|p2a: Landorus|U-turn|p1a: Samurott
|-supereffective|p1a: Samurott
|-damage|p1a: Samurott|0 fnt
|faint|p1a: Samurott
|inactive|ice spice enjoyer has 120 seconds left.
|
|t:|1757927439
|switch|p2a: Garganacl|Garganacl, F|100/100|[from] U-turn
|-damage|p2a: Garganacl|84/100|[from] Spikes
|
|-heal|p2a: Garganacl|90/100|[from] item: Leftovers
|upkeep
|
|t:|1757927446
|switch|p1a: Great Tusk|Great Tusk, shiny|100/100
|-status|p1a: Great Tusk|tox
|-enditem|p1a: Great Tusk|Booster Energy
|-activate|p1a: Great Tusk|ability: Protosynthesis|[fromitem]
|-start|p1a: Great Tusk|protosynthesisatk
|turn|7
|
|t:|1757927459
|move|p2a: Garganacl|Protect|p2a: Garganacl
|-singleturn|p2a: Garganacl|Protect
|move|p1a: Great Tusk|Rapid Spin|p2a: Garganacl
|-activate|p2a: Garganacl|move: Protect
|
|-heal|p2a: Garganacl|96/100|[from] item: Leftovers
|-damage|p1a: Great Tusk|94/100 tox|[from] psn
|upkeep
|turn|8
|inactive|ice spice enjoyer has 120 seconds left.
|
|t:|1757927485
|switch|p2a: Landorus|Landorus-Therian, M|15/100
|-ability|p2a: Landorus|Intimidate|boost
|-unboost|p1a: Great Tusk|atk|1
|move|p1a: Great Tusk|Rapid Spin|p2a: Landorus
|-damage|p2a: Landorus|0 fnt
|-boost|p1a: Great Tusk|spe|1
|-sideend|p1: Rizzofreko|Toxic Spikes|[from] move: Rapid Spin|[of] p1a: Great Tusk
|faint|p2a: Landorus
|
|-damage|p1a: Great Tusk|82/100 tox|[from] psn
|upkeep
|
|t:|1757927496
|switch|p2a: Corviknight|Corviknight, F|100/100
|-ability|p2a: Corviknight|Pressure
|turn|9
|
|t:|1757927509
|-end|p1a: Great Tusk|Protosynthesis|[silent]
|switch|p1a: Raging Bolt|Raging Bolt|100/100
|-enditem|p1a: Raging Bolt|Booster Energy
|-activate|p1a: Raging Bolt|ability: Protosynthesis|[fromitem]
|-start|p1a: Raging Bolt|protosynthesisspa
|move|p2a: Corviknight|Brave Bird|p1a: Raging Bolt
|-resisted|p1a: Raging Bolt
|-damage|p1a: Raging Bolt|85/100
|-damage|p2a: Corviknight|95/100|[from] Recoil
|
|-heal|p2a: Corviknight|100/100|[from] item: Leftovers
|upkeep
|turn|10
|inactive|ice spice enjoyer has 120 seconds left.
|
|t:|1757927522
|move|p1a: Raging Bolt|Calm Mind|p1a: Raging Bolt
|-boost|p1a: Raging Bolt|spa|1
|-boost|p1a: Raging Bolt|spd|1
|move|p2a: Corviknight|U-turn|p1a: Raging Bolt
|-damage|p1a: Raging Bolt|74/100
|
|t:|1757927542
|switch|p2a: Hoopa|Hoopa-Unbound|100/100|[from] U-turn
|-damage|p2a: Hoopa|84/100|[from] Spikes
|
|upkeep
|turn|11
|
|t:|1757927553
|move|p1a: Raging Bolt|Thunderclap|p2a: Hoopa
|-damage|p2a: Hoopa|44/100
|move|p2a: Hoopa|Drain Punch|p1a: Raging Bolt
|-damage|p1a: Raging Bolt|54/100
|-heal|p2a: Hoopa|56/100|[from] drain|[of] p1a: Raging Bolt
|
|upkeep
|turn|12
|
|t:|1757927573
|move|p1a: Raging Bolt|Discharge|p2a: Hoopa
|-damage|p2a: Hoopa|8/100
|-status|p2a: Hoopa|par
|move|p2a: Hoopa|Knock Off|p1a: Raging Bolt
|-damage|p1a: Raging Bolt|28/100
|
|upkeep
|turn|13
|
|t:|1757927592
|move|p1a: Raging Bolt|Discharge|p2a: Hoopa
|-damage|p2a: Hoopa|0 fnt
|faint|p2a: Hoopa
|
|upkeep
|
|t:|1757927607
|switch|p2a: Iron Valiant|Iron Valiant|100/100
|-damage|p2a: Iron Valiant|84/100|[from] Spikes
|turn|14
|
|t:|1757927611
|move|p2a: Iron Valiant|Vacuum Wave|p1a: Raging Bolt
|-damage|p1a: Raging Bolt|11/100
|move|p1a: Raging Bolt|Thunderclap||[still]
|-fail|p1a: Raging Bolt
|
|upkeep
|turn|15
|
|t:|1757927636
|-end|p1a: Raging Bolt|Protosynthesis|[silent]
|switch|p1a: Enamorus|Enamorus, F|100/100
|move|p2a: Iron Valiant|Vacuum Wave|p1a: Enamorus
|-resisted|p1a: Enamorus
|-damage|p1a: Enamorus|91/100
|
|upkeep
|turn|16
|inactive|ice spice enjoyer has 120 seconds left.
|
|t:|1757927646
|-end|p2a: Iron Valiant|Quark Drive|[silent]
|switch|p2a: Corviknight|Corviknight, F|100/100
|-ability|p2a: Corviknight|Pressure
|-terastallize|p1a: Enamorus|Stellar
|move|p1a: Enamorus|Tera Blast|p2a: Corviknight|[anim] Tera Blast Stellar
|-damage|p2a: Corviknight|68/100
|-boost|p1a: Enamorus|atk|1
|-boost|p1a: Enamorus|spa|1
|
|-heal|p2a: Corviknight|74/100|[from] item: Leftovers
|upkeep
|turn|17
|inactive|ice spice enjoyer has 120 seconds left.
|
|t:|1757927660
|move|p1a: Enamorus|Tera Blast|p2a: Corviknight|[anim] Tera Blast Stellar
|-damage|p2a: Corviknight|33/100
|-boost|p1a: Enamorus|atk|1
|-boost|p1a: Enamorus|spa|1
|move|p2a: Corviknight|Brave Bird|p1a: Enamorus
|-damage|p1a: Enamorus|31/100
|-damage|p2a: Corviknight|18/100|[from] Recoil
|
|-heal|p2a: Corviknight|24/100|[from] item: Leftovers
|upkeep
|turn|18
|inactive|ice spice enjoyer has 120 seconds left.
|
|t:|1757927681
|move|p1a: Enamorus|Tera Blast|p2a: Corviknight|[anim] Tera Blast Stellar
|-damage|p2a: Corviknight|0 fnt
|-boost|p1a: Enamorus|atk|1
|-boost|p1a: Enamorus|spa|1
|faint|p2a: Corviknight
|
|upkeep
|
|t:|1757927687
|switch|p2a: Iron Valiant|Iron Valiant|84/100
|-damage|p2a: Iron Valiant|67/100|[from] Spikes
|turn|19
|
|t:|1757927690
|move|p1a: Enamorus|Tera Blast|p2a: Iron Valiant|[anim] Tera Blast Stellar
|-damage|p2a: Iron Valiant|0 fnt
|-boost|p1a: Enamorus|atk|1
|-boost|p1a: Enamorus|spa|1
|faint|p2a: Iron Valiant
|-end|p2a: Iron Valiant|Quark Drive|[silent]
|
|upkeep
|-message|ice spice enjoyer forfeited.
|
|win|Rizzofreko
|raw|Rizzofreko's rating: 1476 &rarr; <strong>1502</strong><br />(+26 for winning)
|raw|ice spice enjoyer's rating: 1575 &rarr; <strong>1549</strong><br />(-26 for losing)
|l|☆ice spice enjoyer
|player|p2|
