|j|☆mathdragon
|j|☆Garacade
|t:|1757898520
|gametype|singles
|player|p1|mathdragon|lady-gen4|1335
|player|p2|Garacade|1|1373
|gen|9
|tier|[Gen 9] OU
|rated|
|rule|HP Percentage Mod: HP is shown in percentages
|rule|Endless Battle Clause: Forcing endless battles is banned
|rule|Species Clause: Limit one of each Pokémon
|rule|OHKO Clause: OHKO moves are banned
|rule|Evasion Items Clause: Evasion items are banned
|rule|Evasion Moves Clause: Evasion moves are banned
|rule|Evasion Abilities Clause: Evasion abilities are banned
|rule|Sleep Moves Clause: Sleep-inducing moves are banned
|clearpoke
|poke|p1|Dragapult, M|
|poke|p1|Shiftry, M|
|poke|p1|Drifblim, F|
|poke|p1|Dondozo, M|
|poke|p1|Blissey, F|
|poke|p1|Exeggutor, F|
|poke|p2|Bronzong|
|poke|p2|Great Tusk|
|poke|p2|Dragapult, M|
|poke|p2|Ogerpon-Wellspring, F|
|poke|p2|Uxie|
|poke|p2|Kingambit, M|
|teampreview
|inactive|Battle timer is ON: inactive players will automatically lose when time's up. (requested by mathdragon)
|
|t:|1757898528
|teamsize|p1|6
|teamsize|p2|6
|start
|switch|p1a: Dragapult|Dragapult, M|100/100
|switch|p2a: Uxie|Uxie|100/100
|turn|1
|
|t:|1757898534
|move|p1a: Dragapult|U-turn|p2a: Uxie
|-supereffective|p2a: Uxie
|-damage|p2a: Uxie|73/100
|
|t:|1757898537
|switch|p1a: Shiftry|Shiftry, M|100/100|[from] U-turn
|move|p2a: Uxie|Thunder Wave|p1a: Shiftry
|-status|p1a: Shiftry|par
|
|upkeep
|turn|2
|
|t:|1757898560
|switch|p2a: Dragapult|Dragapult, M|100/100
|move|p1a: Shiftry|Tailwind|p1a: Shiftry
|-sidestart|p1: mathdragon|move: Tailwind
|-ability|p1a: Shiftry|Wind Rider|boost
|-boost|p1a: Shiftry|atk|1
|
|upkeep
|turn|3
|
|t:|1757898567
|move|p2a: Dragapult|U-turn|p1a: Shiftry
|-supereffective|p1a: Shiftry
|-damage|p1a: Shiftry|0 fnt
|faint|p1a: Shiftry
|
|t:|1757898573
|switch|p2a: Uxie|Uxie|73/100|[from] U-turn
|
|upkeep
|
|t:|1757898579
|switch|p1a: Drifblim|Drifblim, F|100/100
|turn|4
|
|t:|1757898583
|move|p1a: Drifblim|Will-O-Wisp|p2a: Uxie
|-status|p2a: Uxie|brn
|move|p2a: Uxie|Trick|p1a: Drifblim
|-activate|p2a: Uxie|move: Trick|[of] p1a: Drifblim
|-item|p1a: Drifblim|Choice Band|[from] move: Trick
|-item|p2a: Uxie|Heavy-Duty Boots|[from] move: Trick
|
|-damage|p2a: Uxie|67/100 brn|[from] brn
|upkeep
|turn|5
|
|t:|1757898595
|move|p1a: Drifblim|Hex|p2a: Uxie
|-supereffective|p2a: Uxie
|-damage|p2a: Uxie|9/100 brn
|move|p2a: Uxie|Thunder Wave|p1a: Drifblim
|-status|p1a: Drifblim|par
|
|-damage|p2a: Uxie|3/100 brn|[from] brn
|-sideend|p1: mathdragon|move: Tailwind
|upkeep
|turn|6
|
|t:|1757898606
|move|p2a: Uxie|U-turn|p1a: Drifblim
|-resisted|p1a: Drifblim
|-damage|p1a: Drifblim|99/100 par
|
|t:|1757898609
|switch|p2a: Kingambit|Kingambit, M|100/100|[from] U-turn
|cant|p1a: Drifblim|par
|
|upkeep
|turn|7
|
|t:|1757898616
|switch|p1a: Dondozo|Dondozo, M|100/100
|move|p2a: Kingambit|Kowtow Cleave|p1a: Dondozo
|-damage|p1a: Dondozo|74/100
|
|-heal|p1a: Dondozo|80/100|[from] item: Leftovers
|upkeep
|turn|8
|
|t:|1757898626
|-end|p2a: Kingambit|fallenundefined|[silent]
|switch|p2a: Uxie|Uxie|3/100 brn
|move|p1a: Dondozo|Body Press|p2a: Uxie
|-resisted|p2a: Uxie
|-damage|p2a: Uxie|0 fnt
|faint|p2a: Uxie
|
|-heal|p1a: Dondozo|86/100|[from] item: Leftovers
|upkeep
|
|t:|1757898632
|switch|p2a: Dragapult|Dragapult, M|100/100
|turn|9
|
|t:|1757898644
|move|p2a: Dragapult|U-turn|p1a: Dondozo
|-damage|p1a: Dondozo|78/100
|
|t:|1757898659
|switch|p2a: Ogerpon|Ogerpon-Wellspring, F|100/100|[from] U-turn
|move|p1a: Dondozo|Liquidation|p2a: Ogerpon
|-immune|p2a: Ogerpon|[from] ability: Water Absorb
|
|-heal|p1a: Dondozo|84/100|[from] item: Leftovers
|upkeep
|turn|10
|
|t:|1757898669
|switch|p1a: Drifblim|Drifblim, F|99/100 par
|move|p2a: Ogerpon|Knock Off|p1a: Drifblim
|-supereffective|p1a: Drifblim
|-damage|p1a: Drifblim|30/100 par
|-enditem|p1a: Drifblim|Choice Band|[from] move: Knock Off|[of] p2a: Ogerpon
|
|upkeep
|turn|11
|
|t:|1757898676
|move|p2a: Ogerpon|Knock Off|p1a: Drifblim
|-supereffective|p1a: Drifblim
|-damage|p1a: Drifblim|0 fnt
|-damage|p2a: Ogerpon|76/100|[from] ability: Aftermath|[of] p1a: Drifblim
|faint|p1a: Drifblim
|
|upkeep
|
|t:|1757898683
|switch|p1a: Dragapult|Dragapult, M|100/100
|turn|12
|
|t:|1757898687
|move|p1a: Dragapult|U-turn|p2a: Ogerpon
|-supereffective|p2a: Ogerpon
|-damage|p2a: Ogerpon|8/100
|
|t:|1757898693
|switch|p1a: Dondozo|Dondozo, M|84/100|[from] U-turn
|move|p2a: Ogerpon|Knock Off|p1a: Dondozo
|-damage|p1a: Dondozo|66/100
|-enditem|p1a: Dondozo|Leftovers|[from] move: Knock Off|[of] p2a: Ogerpon
|
|upkeep
|turn|13
|
|t:|1757898702
|move|p2a: Ogerpon|U-turn|p1a: Dondozo
|-damage|p1a: Dondozo|54/100
|
|t:|1757898705
|switch|p2a: Dragapult|Dragapult, M|100/100|[from] U-turn
|move|p1a: Dondozo|Earthquake|p2a: Dragapult
|-damage|p2a: Dragapult|70/100
|
|upkeep
|turn|14
|
|t:|1757898713
|move|p2a: Dragapult|U-turn|p1a: Dondozo
|-damage|p1a: Dondozo|47/100
|
|t:|1757898715
|switch|p2a: Ogerpon|Ogerpon-Wellspring, F|8/100|[from] U-turn
|move|p1a: Dondozo|Rest|p1a: Dondozo
|-status|p1a: Dondozo|slp|[from] move: Rest
|-heal|p1a: Dondozo|100/100 slp|[silent]
|
|upkeep
|turn|15
|
|t:|1757898724
|switch|p1a: Blissey|Blissey, F|100/100
|move|p2a: Ogerpon|U-turn|p1a: Blissey
|-crit|p1a: Blissey
|-damage|p1a: Blissey|65/100
|
|t:|1757898735
|switch|p2a: Great Tusk|Great Tusk|100/100|[from] U-turn
|-enditem|p2a: Great Tusk|Booster Energy
|-activate|p2a: Great Tusk|ability: Protosynthesis|[fromitem]
|-start|p2a: Great Tusk|protosynthesisatk
|
|upkeep
|turn|16
|
|t:|1757898742
|-terastallize|p2a: Great Tusk|Ground
|move|p2a: Great Tusk|Earthquake|p1a: Blissey
|-damage|p1a: Blissey|0 fnt
|faint|p1a: Blissey
|
|upkeep
|
|t:|1757898757
|switch|p1a: Exeggutor|Exeggutor, F|100/100
|turn|17
|
|t:|1757898762
|move|p2a: Great Tusk|Knock Off|p1a: Exeggutor
|-supereffective|p1a: Exeggutor
|-damage|p1a: Exeggutor|30/100
|-enditem|p1a: Exeggutor|Sitrus Berry|[from] move: Knock Off|[of] p2a: Great Tusk
|move|p1a: Exeggutor|Giga Drain|p2a: Great Tusk
|-supereffective|p2a: Great Tusk
|-damage|p2a: Great Tusk|3/100
|-heal|p1a: Exeggutor|76/100|[from] drain|[of] p2a: Great Tusk
|
|upkeep
|turn|18
|
|t:|1757898772
|move|p2a: Great Tusk|Ice Spinner|p1a: Exeggutor
|-supereffective|p1a: Exeggutor
|-damage|p1a: Exeggutor|12/100
|move|p1a: Exeggutor|Giga Drain|p2a: Great Tusk
|-supereffective|p2a: Great Tusk
|-damage|p2a: Great Tusk|0 fnt
|-heal|p1a: Exeggutor|13/100|[from] drain|[of] p2a: Great Tusk
|faint|p2a: Great Tusk
|-end|p2a: Great Tusk|Protosynthesis|[silent]
|
|upkeep
|
|t:|1757898777
|switch|p2a: Dragapult|Dragapult, M|70/100
|turn|19
|
|t:|1757898783
|move|p2a: Dragapult|U-turn|p1a: Exeggutor
|-supereffective|p1a: Exeggutor
|-damage|p1a: Exeggutor|0 fnt
|faint|p1a: Exeggutor
|
|t:|1757898786
|switch|p2a: Bronzong|Bronzong|100/100|[from] U-turn
|
|upkeep
|
|t:|1757898791
|switch|p1a: Dragapult|Dragapult, M|100/100
|turn|20
|
|t:|1757898795
|move|p1a: Dragapult|U-turn|p2a: Bronzong
|-damage|p2a: Bronzong|77/100
|
|t:|1757898797
|switch|p1a: Dondozo|Dondozo, M|100/100 slp|[from] U-turn
|move|p2a: Bronzong|Light Screen|p2a: Bronzong
|-sidestart|p2: Garacade|move: Light Screen
|
|upkeep
|turn|21
|
|t:|1757898804
|cant|p1a: Dondozo|slp
|move|p2a: Bronzong|Stealth Rock|p1a: Dondozo
|-sidestart|p1: mathdragon|move: Stealth Rock
|
|upkeep
|turn|22
|
|t:|1757898810
|switch|p2a: Kingambit|Kingambit, M|100/100
|-activate|p2a: Kingambit|ability: Supreme Overlord
|-start|p2a: Kingambit|fallen2|[silent]
|cant|p1a: Dondozo|slp
|
|upkeep
|turn|23
|
|t:|1757898817
|move|p2a: Kingambit|Kowtow Cleave|p1a: Dondozo
|-damage|p1a: Dondozo|69/100 slp
|-curestatus|p1a: Dondozo|slp|[msg]
|move|p1a: Dondozo|Body Press|p2a: Kingambit
|-supereffective|p2a: Kingambit
|-damage|p2a: Kingambit|16/100
|
|upkeep
|turn|24
|
|t:|1757898826
|move|p2a: Kingambit|Kowtow Cleave|p1a: Dondozo
|-damage|p1a: Dondozo|36/100
|move|p1a: Dondozo|Earthquake|p2a: Kingambit
|-supereffective|p2a: Kingambit
|-damage|p2a: Kingambit|0 fnt
|faint|p2a: Kingambit
|-end|p2a: Kingambit|fallen2|[silent]
|
|upkeep
|
|t:|1757898831
|switch|p2a: Dragapult|Dragapult, M|70/100
|turn|25
|
|t:|1757898837
|move|p2a: Dragapult|Shadow Ball|p1a: Dondozo
|-damage|p1a: Dondozo|0 fnt
|faint|p1a: Dondozo
|
|upkeep
|
|t:|1757898842
|switch|p1a: Dragapult|Dragapult, M|100/100
|-damage|p1a: Dragapult|88/100|[from] Stealth Rock
|turn|26
|
|t:|1757898847
|move|p1a: Dragapult|Dragon Darts|p2a: Dragapult
|-supereffective|p2a: Dragapult
|-damage|p2a: Dragapult|0 fnt
|faint|p2a: Dragapult
|
|upkeep
|
|t:|1757898852
|switch|p2a: Bronzong|Bronzong|77/100
|turn|27
|
|t:|1757898856
|move|p1a: Dragapult|Dragon Darts|p2a: Bronzong
|-resisted|p2a: Bronzong
|-damage|p2a: Bronzong|65/100
|-anim|p1a: Dragapult|Dragon Darts|p2a: Bronzong
|-resisted|p2a: Bronzong
|-damage|p2a: Bronzong|52/100
|move|p2a: Bronzong|Gyro Ball|p1a: Dragapult
|-damage|p1a: Dragapult|22/100
|
|-sideend|p2: Garacade|move: Light Screen
|upkeep
|turn|28
|-message|mathdragon forfeited.
|
|win|Garacade
|raw|mathdragon's rating: 1335 &rarr; <strong>1317</strong><br />(-18 for losing)
|raw|Garacade's rating: 1373 &rarr; <strong>1391</strong><br />(+18 for winning)
|l|☆mathdragon
|player|p1|
|l|☆Garacade
|player|p2|
