|j|☆Killme93
|j|☆Saebassloza
|t:|1757794642
|gametype|singles
|player|p1|Killme93|veteranf|1174
|player|p2|Saebassloza|265|1182
|gen|9
|tier|[Gen 9] OU
|rated|
|rule|HP Percentage Mod: HP is shown in percentages
|rule|Endless Battle Clause: Forcing endless battles is banned
|rule|Species Clause: Limit one of each Pokémon
|rule|OHKO Clause: OHKO moves are banned
|rule|Evasion Items Clause: Evasion items are banned
|rule|Evasion Moves Clause: Evasion moves are banned
|rule|Evasion Abilities Clause: Evasion abilities are banned
|rule|Sleep Moves Clause: Sleep-inducing moves are banned
|clearpoke
|poke|p1|Golem-Alola, F|
|poke|p1|Dragapult, M|
|poke|p1|Iron Moth|
|poke|p1|Great Tusk|
|poke|p1|Hydrapple, F|
|poke|p1|Zapdos|
|poke|p2|Iron Valiant|
|poke|p2|Tinkaton, F|
|poke|p2|Hatterene, F|
|poke|p2|Alcremie-Ruby-Swirl, F|
|poke|p2|Primarina, F|
|poke|p2|Mimikyu, M|
|teampreview
|inactive|Battle timer is ON: inactive players will automatically lose when time's up. (requested by Killme93)
|inactive|Saebassloza has 120 seconds left.
|inactive|Saebassloza has 90 seconds left.
|
|t:|1757794726
|teamsize|p1|6
|teamsize|p2|6
|start
|switch|p1a: Iron Moth|Iron Moth|100/100
|switch|p2a: Tinkaton|Tinkaton, F|100/100
|-item|p2a: Tinkaton|Air Balloon
|-enditem|p1a: Iron Moth|Booster Energy
|-activate|p1a: Iron Moth|ability: Quark Drive|[fromitem]
|-start|p1a: Iron Moth|quarkdrivespa
|turn|1
|
|t:|1757794735
|switch|p2a: Primarina|Primarina, F|100/100
|move|p1a: Iron Moth|Fiery Dance|p2a: Primarina
|-resisted|p2a: Primarina
|-damage|p2a: Primarina|87/100
|-boost|p1a: Iron Moth|spa|1
|
|upkeep
|turn|2
|
|t:|1757794746
|-terastallize|p2a: Primarina|Water
|move|p1a: Iron Moth|Sludge Wave|p2a: Primarina
|-damage|p2a: Primarina|44/100
|move|p2a: Primarina|Psychic Noise|p1a: Iron Moth
|-supereffective|p1a: Iron Moth
|-damage|p1a: Iron Moth|6/100
|-start|p1a: Iron Moth|move: Heal Block
|
|upkeep
|turn|3
|
|t:|1757794756
|move|p1a: Iron Moth|Energy Ball|p2a: Primarina
|-supereffective|p2a: Primarina
|-damage|p2a: Primarina|0 fnt
|faint|p2a: Primarina
|
|-end|p1a: Iron Moth|move: Heal Block
|upkeep
|inactive|Saebassloza has 120 seconds left.
|
|t:|1757794808
|switch|p2a: Iron Valiant|Iron Valiant|100/100
|-enditem|p2a: Iron Valiant|Booster Energy
|-activate|p2a: Iron Valiant|ability: Quark Drive|[fromitem]
|-start|p2a: Iron Valiant|quarkdrivespe
|turn|4
|inactive|Saebassloza has 90 seconds left.
|inactive|Killme93 has 120 seconds left.
|
|t:|1757794838
|move|p2a: Iron Valiant|Thunderbolt|p1a: Iron Moth
|-damage|p1a: Iron Moth|0 fnt
|faint|p1a: Iron Moth
|-end|p1a: Iron Moth|Quark Drive|[silent]
|
|upkeep
|
|t:|1757794843
|switch|p1a: Zapdos|Zapdos|100/100
|turn|5
|inactive|Saebassloza has 90 seconds left.
|
|t:|1757794850
|move|p2a: Iron Valiant|Moonblast|p1a: Zapdos
|-damage|p1a: Zapdos|58/100
|-unboost|p1a: Zapdos|spa|1
|move|p1a: Zapdos|Discharge|p2a: Iron Valiant
|-damage|p2a: Iron Valiant|42/100
|
|upkeep
|turn|6
|inactive|Saebassloza has 90 seconds left.
|
|t:|1757794870
|-end|p2a: Iron Valiant|Quark Drive|[silent]
|switch|p2a: Alcremie|Alcremie-Ruby-Swirl, F|100/100
|move|p1a: Zapdos|Discharge|p2a: Alcremie
|-damage|p2a: Alcremie|75/100
|
|-heal|p2a: Alcremie|81/100|[from] item: Leftovers
|upkeep
|turn|7
|inactive|Saebassloza has 90 seconds left.
|
|t:|1757794877
|move|p1a: Zapdos|Roost|p1a: Zapdos
|-heal|p1a: Zapdos|100/100
|-singleturn|p1a: Zapdos|move: Roost
|move|p2a: Alcremie|Calm Mind|p2a: Alcremie
|-boost|p2a: Alcremie|spa|1
|-boost|p2a: Alcremie|spd|1
|
|-heal|p2a: Alcremie|87/100|[from] item: Leftovers
|upkeep
|turn|8
|
|t:|1757794885
|switch|p1a: Golem|Golem-Alola, F|100/100
|move|p2a: Alcremie|Draining Kiss|p1a: Golem
|-damage|p1a: Golem|58/100
|-heal|p2a: Alcremie|100/100|[from] drain|[of] p1a: Golem
|
|upkeep
|turn|9
|
|t:|1757794890
|move|p2a: Alcremie|Acid Armor|p2a: Alcremie
|-boost|p2a: Alcremie|def|2
|move|p1a: Golem|Explosion|p2a: Alcremie
|-damage|p2a: Alcremie|0 fnt
|faint|p1a: Golem
|faint|p2a: Alcremie
|
|upkeep
|
|t:|1757794903
|switch|p2a: Tinkaton|Tinkaton, F|100/100
|switch|p1a: Zapdos|Zapdos|100/100
|-item|p2a: Tinkaton|Air Balloon
|turn|10
|
|t:|1757794908
|move|p1a: Zapdos|Heat Wave|p2a: Tinkaton
|-supereffective|p2a: Tinkaton
|-damage|p2a: Tinkaton|31/100
|-enditem|p2a: Tinkaton|Air Balloon
|move|p2a: Tinkaton|Knock Off|p1a: Zapdos
|-damage|p1a: Zapdos|82/100
|-status|p2a: Tinkaton|par|[from] ability: Static|[of] p1a: Zapdos
|-enditem|p1a: Zapdos|Heavy-Duty Boots|[from] move: Knock Off|[of] p2a: Tinkaton
|
|upkeep
|turn|11
|
|t:|1757794916
|move|p1a: Zapdos|Heat Wave|p2a: Tinkaton
|-supereffective|p2a: Tinkaton
|-damage|p2a: Tinkaton|0 fnt
|faint|p2a: Tinkaton
|
|upkeep
|inactive|Saebassloza has 120 seconds left.
|
|t:|1757794928
|switch|p2a: Hatterene|Hatterene, F|100/100
|turn|12
|inactive|Saebassloza has 120 seconds left.
|
|t:|1757794938
|-terastallize|p1a: Zapdos|Electric
|move|p1a: Zapdos|Discharge|p2a: Hatterene
|-damage|p2a: Hatterene|30/100
|-status|p2a: Hatterene|par
|cant|p2a: Hatterene|par
|
|upkeep
|turn|13
|
|t:|1757794944
|move|p1a: Zapdos|Discharge|p2a: Hatterene
|-damage|p2a: Hatterene|0 fnt
|faint|p2a: Hatterene
|
|upkeep
|
|t:|1757794948
|switch|p2a: Mimikyu|Mimikyu, M|100/100
|turn|14
|
|t:|1757794951
|move|p2a: Mimikyu|Swords Dance|p2a: Mimikyu
|-boost|p2a: Mimikyu|atk|2
|move|p1a: Zapdos|Discharge|p2a: Mimikyu
|-activate|p2a: Mimikyu|ability: Disguise
|-damage|p2a: Mimikyu|100/100
|-status|p2a: Mimikyu|par
|detailschange|p2a: Mimikyu|Mimikyu-Busted, M
|-damage|p2a: Mimikyu|88/100 par|[from] pokemon: Mimikyu-Busted
|
|upkeep
|turn|15
|c|☆Saebassloza|damn
|c|☆Saebassloza|gg
|c|☆Killme93|Gg
|
|t:|1757794970
|move|p1a: Zapdos|Discharge|p2a: Mimikyu
|-damage|p2a: Mimikyu|16/100 par
|move|p2a: Mimikyu|Shadow Claw|p1a: Zapdos
|-damage|p1a: Zapdos|20/100
|
|upkeep
|turn|16
|
|t:|1757794978
|move|p1a: Zapdos|Discharge|p2a: Mimikyu
|-damage|p2a: Mimikyu|0 fnt
|faint|p2a: Mimikyu
|
|upkeep
|
|t:|1757794992
|switch|p2a: Iron Valiant|Iron Valiant|42/100
|turn|17
|
|t:|1757794996
|move|p2a: Iron Valiant|Moonblast|p1a: Zapdos
|-damage|p1a: Zapdos|0 fnt
|faint|p1a: Zapdos
|
|upkeep
|
|t:|1757794999
|switch|p1a: Dragapult|Dragapult, M|100/100
|turn|18
|
|t:|1757795001
|move|p1a: Dragapult|Phantom Force||[still]
|-prepare|p1a: Dragapult|Phantom Force
|move|p2a: Iron Valiant|Moonblast|p1a: Dragapult|[miss]
|-miss|p2a: Iron Valiant|p1a: Dragapult
|
|upkeep
|turn|19
|
|t:|1757795006
|move|p1a: Dragapult|Phantom Force|p2a: Iron Valiant|[from] lockedmove
|-damage|p2a: Iron Valiant|0 fnt
|faint|p2a: Iron Valiant
|-end|p2a: Iron Valiant|Quark Drive|[silent]
|
|win|Killme93
|raw|Killme93's rating: 1174 &rarr; <strong>1200</strong><br />(+26 for winning)
|raw|Saebassloza's rating: 1182 &rarr; <strong>1156</strong><br />(-26 for losing)
|l|☆Killme93
|player|p1|
|j|☆Killme93
|player|p1|Killme93|veteranf|
|l|☆Killme93
|player|p1|
