|j|☆ScaldDragapult
|j|☆chenyu1998
|t:|1757871771
|gametype|singles
|player|p1|ScaldDragapult|swimmer-gen4|1475
|player|p2|chenyu1998|170|1473
|gen|9
|tier|[Gen 9] OU
|rated|
|rule|HP Percentage Mod: HP is shown in percentages
|rule|Endless Battle Clause: Forcing endless battles is banned
|rule|Species Clause: Limit one of each Pokémon
|rule|OHKO Clause: OHKO moves are banned
|rule|Evasion Items Clause: Evasion items are banned
|rule|Evasion Moves Clause: Evasion moves are banned
|rule|Evasion Abilities Clause: Evasion abilities are banned
|rule|Sleep Moves Clause: Sleep-inducing moves are banned
|clearpoke
|poke|p1|Gliscor, M|
|poke|p1|Walking Wake|
|poke|p1|Slowking-Galar, M|
|poke|p1|Zamazenta-*|
|poke|p1|Ting-Lu|
|poke|p1|Kingambit, M|
|poke|p2|Weavile, F|
|poke|p2|Hatterene, F|
|poke|p2|Pecharunt|
|poke|p2|Landorus-Therian, M|
|poke|p2|Kingambit, F|
|poke|p2|Enamorus, F|
|teampreview
|
|t:|1757871780
|teamsize|p1|6
|teamsize|p2|6
|start
|switch|p1a: Walking Wake|Walking Wake|100/100
|switch|p2a: Weavile|Weavile, F|100/100
|-ability|p2a: Weavile|Pressure
|turn|1
|
|t:|1757871790
|switch|p2a: Hatterene|Hatterene, F, shiny|100/100
|move|p1a: Walking Wake|Scald|p2a: Hatterene
|-damage|p2a: Hatterene|75/100
|
|upkeep
|turn|2
|
|t:|1757871799
|-end|p1a: Walking Wake|Protosynthesis|[silent]
|switch|p1a: Slowking|Slowking-Galar, M|100/100
|switch|p2a: Weavile|Weavile, F|100/100
|-ability|p2a: Weavile|Pressure
|
|upkeep
|turn|3
|
|t:|1757871806
|move|p2a: Weavile|Swords Dance|p2a: Weavile
|-boost|p2a: Weavile|atk|2
|move|p1a: Slowking|Flamethrower|p2a: Weavile
|-supereffective|p2a: Weavile
|-damage|p2a: Weavile|42/100
|
|upkeep
|turn|4
|
|t:|1757871814
|switch|p1a: Zamazenta|Zamazenta|100/100
|-ability|p1a: Zamazenta|Dauntless Shield|boost
|-boost|p1a: Zamazenta|def|1
|move|p2a: Weavile|Knock Off|p1a: Zamazenta
|-resisted|p1a: Zamazenta
|-damage|p1a: Zamazenta|71/100
|-enditem|p1a: Zamazenta|Heavy-Duty Boots|[from] move: Knock Off|[of] p2a: Weavile
|
|upkeep
|turn|5
|
|t:|1757871826
|switch|p2a: Landorus|Landorus-Therian, M, shiny|100/100
|-ability|p2a: Landorus|Intimidate|boost
|-unboost|p1a: Zamazenta|atk|1
|move|p1a: Zamazenta|Close Combat|p2a: Landorus
|-resisted|p2a: Landorus
|-damage|p2a: Landorus|83/100
|-unboost|p1a: Zamazenta|def|1
|-unboost|p1a: Zamazenta|spd|1
|-damage|p1a: Zamazenta|54/100|[from] item: Rocky Helmet|[of] p2a: Landorus
|
|upkeep
|turn|6
|
|t:|1757871837
|switch|p1a: Gliscor|Gliscor, M|100/100
|move|p2a: Landorus|U-turn|p1a: Gliscor
|-resisted|p1a: Gliscor
|-damage|p1a: Gliscor|91/100
|
|t:|1757871844
|switch|p2a: Weavile|Weavile, F|42/100|[from] U-turn
|-ability|p2a: Weavile|Pressure
|
|-status|p1a: Gliscor|tox|[from] item: Toxic Orb
|upkeep
|turn|7
|
|t:|1757871851
|switch|p1a: Kingambit|Kingambit, M|100/100
|move|p2a: Weavile|Icicle Crash|p1a: Kingambit|[miss]
|-miss|p2a: Weavile|p1a: Kingambit
|
|upkeep
|turn|8
|
|t:|1757871857
|-end|p1a: Kingambit|fallenundefined|[silent]
|switch|p1a: Gliscor|Gliscor, M|91/100 tox
|move|p2a: Weavile|Low Kick|p1a: Gliscor
|-resisted|p1a: Gliscor
|-damage|p1a: Gliscor|83/100 tox
|
|-heal|p1a: Gliscor|95/100 tox|[from] ability: Poison Heal
|upkeep
|turn|9
|
|t:|1757871865
|switch|p1a: Zamazenta|Zamazenta|54/100
|move|p2a: Weavile|Swords Dance|p2a: Weavile
|-boost|p2a: Weavile|atk|2
|
|upkeep
|turn|10
|
|t:|1757871871
|switch|p2a: Landorus|Landorus-Therian, M, shiny|83/100
|-ability|p2a: Landorus|Intimidate|boost
|-unboost|p1a: Zamazenta|atk|1
|move|p1a: Zamazenta|Stone Edge|p2a: Landorus
|-damage|p2a: Landorus|64/100
|
|upkeep
|turn|11
|
|t:|1757871878
|switch|p1a: Walking Wake|Walking Wake|100/100
|move|p2a: Landorus|U-turn|p1a: Walking Wake
|-damage|p1a: Walking Wake|76/100
|
|t:|1757871887
|switch|p2a: Enamorus|Enamorus, F|100/100|[from] U-turn
|
|upkeep
|turn|12
|
|t:|1757871894
|move|p2a: Enamorus|Moonblast|p1a: Walking Wake
|-supereffective|p1a: Walking Wake
|-damage|p1a: Walking Wake|0 fnt
|faint|p1a: Walking Wake
|-end|p1a: Walking Wake|Protosynthesis|[silent]
|
|upkeep
|
|t:|1757871899
|switch|p1a: Slowking|Slowking-Galar, M|100/100
|turn|13
|
|t:|1757871903
|switch|p2a: Pecharunt|Pecharunt|100/100
|-prepare|p1a: Slowking|Chilly Reception|[premajor]
|move|p1a: Slowking|Chilly Reception|p1a: Slowking
|-weather|Snowscape
|
|t:|1757871910
|switch|p1a: Ting-Lu|Ting-Lu|100/100|[from] Chilly Reception
|-ability|p1a: Ting-Lu|Vessel of Ruin
|
|-weather|Snowscape|[upkeep]
|upkeep
|turn|14
|
|t:|1757871924
|move|p2a: Pecharunt|Parting Shot|p1a: Ting-Lu
|-unboost|p1a: Ting-Lu|atk|1
|-unboost|p1a: Ting-Lu|spa|1
|
|t:|1757871929
|switch|p2a: Hatterene|Hatterene, F, shiny|75/100|[from] Parting Shot
|move|p1a: Ting-Lu|Ruination|p2a: Hatterene
|-damage|p2a: Hatterene|38/100
|
|-weather|Snowscape|[upkeep]
|upkeep
|turn|15
|
|t:|1757871937
|move|p1a: Ting-Lu|Ruination|p2a: Hatterene
|-damage|p2a: Hatterene|19/100
|move|p2a: Hatterene|Draining Kiss|p1a: Ting-Lu
|-supereffective|p1a: Ting-Lu
|-damage|p1a: Ting-Lu|77/100
|-heal|p2a: Hatterene|47/100|[from] drain|[of] p1a: Ting-Lu
|
|-weather|Snowscape|[upkeep]
|-heal|p1a: Ting-Lu|83/100|[from] item: Leftovers
|upkeep
|turn|16
|
|t:|1757871947
|move|p1a: Ting-Lu|Ruination|p2a: Hatterene
|-damage|p2a: Hatterene|24/100
|move|p2a: Hatterene|Nuzzle|p1a: Ting-Lu
|-immune|p1a: Ting-Lu
|
|-weather|Snowscape|[upkeep]
|-heal|p1a: Ting-Lu|90/100|[from] item: Leftovers
|upkeep
|turn|17
|
|t:|1757871956
|switch|p1a: Slowking|Slowking-Galar, M|100/100
|move|p2a: Hatterene|Draining Kiss|p1a: Slowking
|-resisted|p1a: Slowking
|-crit|p1a: Slowking
|-damage|p1a: Slowking|88/100
|-heal|p2a: Hatterene|35/100|[from] drain|[of] p1a: Slowking
|
|-weather|none
|upkeep
|turn|18
|
|t:|1757871965
|move|p2a: Hatterene|Psychic Noise|p1a: Slowking
|-damage|p1a: Slowking|66/100
|-start|p1a: Slowking|move: Heal Block
|move|p1a: Slowking|Flamethrower|p2a: Hatterene
|-damage|p2a: Hatterene|22/100
|
|upkeep
|turn|19
|
|t:|1757871973
|move|p2a: Hatterene|Nuzzle|p1a: Slowking
|-damage|p1a: Slowking|62/100
|-status|p1a: Slowking|par
|-prepare|p1a: Slowking|Chilly Reception|[premajor]
|move|p1a: Slowking|Chilly Reception|p1a: Slowking
|-weather|Snowscape
|
|t:|1757871984
|switch|p1a: Gliscor|Gliscor, M|95/100 tox|[from] Chilly Reception
|
|-weather|Snowscape|[upkeep]
|-heal|p1a: Gliscor|100/100 tox|[from] ability: Poison Heal
|upkeep
|turn|20
|
|t:|1757871990
|switch|p2a: Landorus|Landorus-Therian, M, shiny|64/100
|-ability|p2a: Landorus|Intimidate|boost
|-unboost|p1a: Gliscor|atk|1
|move|p1a: Gliscor|Earthquake|p2a: Landorus
|-immune|p2a: Landorus
|
|-weather|Snowscape|[upkeep]
|upkeep
|turn|21
|
|t:|1757871998
|switch|p1a: Ting-Lu|Ting-Lu|90/100
|-ability|p1a: Ting-Lu|Vessel of Ruin
|move|p2a: Landorus|Taunt|p1a: Ting-Lu
|-start|p1a: Ting-Lu|move: Taunt
|
|-weather|Snowscape|[upkeep]
|-heal|p1a: Ting-Lu|96/100|[from] item: Leftovers
|upkeep
|turn|22
|
|t:|1757872009
|move|p2a: Landorus|Stealth Rock|p1a: Ting-Lu
|-sidestart|p1: ScaldDragapult|move: Stealth Rock
|move|p1a: Ting-Lu|Ruination|p2a: Landorus
|-damage|p2a: Landorus|32/100
|
|-weather|Snowscape|[upkeep]
|-heal|p1a: Ting-Lu|100/100|[from] item: Leftovers
|upkeep
|turn|23
|
|t:|1757872017
|move|p2a: Landorus|U-turn|p1a: Ting-Lu
|-supereffective|p1a: Ting-Lu
|-crit|p1a: Ting-Lu
|-damage|p1a: Ting-Lu|66/100
|
|t:|1757872020
|switch|p2a: Weavile|Weavile, F|42/100|[from] U-turn
|-ability|p2a: Weavile|Pressure
|move|p1a: Ting-Lu|Earthquake|p2a: Weavile
|-damage|p2a: Weavile|0 fnt
|faint|p2a: Weavile
|
|-weather|none
|-heal|p1a: Ting-Lu|72/100|[from] item: Leftovers
|-end|p1a: Ting-Lu|move: Taunt
|upkeep
|
|t:|1757872032
|switch|p2a: Enamorus|Enamorus, F|100/100
|turn|24
|
|t:|1757872038
|move|p2a: Enamorus|Moonblast|p1a: Ting-Lu
|-supereffective|p1a: Ting-Lu
|-damage|p1a: Ting-Lu|24/100
|move|p1a: Ting-Lu|Stealth Rock|p2a: Enamorus
|-sidestart|p2: chenyu1998|move: Stealth Rock
|
|-heal|p1a: Ting-Lu|30/100|[from] item: Leftovers
|upkeep
|turn|25
|
|t:|1757872049
|switch|p2a: Kingambit|Kingambit, F, shiny|100/100
|-damage|p2a: Kingambit|94/100|[from] Stealth Rock
|-activate|p2a: Kingambit|ability: Supreme Overlord
|-start|p2a: Kingambit|fallen1|[silent]
|move|p1a: Ting-Lu|Ruination|p2a: Kingambit
|-damage|p2a: Kingambit|47/100
|
|-heal|p2a: Kingambit|54/100|[from] item: Leftovers
|-heal|p1a: Ting-Lu|37/100|[from] item: Leftovers
|upkeep
|turn|26
|
|t:|1757872060
|move|p2a: Kingambit|Low Kick|p1a: Ting-Lu
|-supereffective|p1a: Ting-Lu
|-damage|p1a: Ting-Lu|0 fnt
|faint|p1a: Ting-Lu
|
|-heal|p2a: Kingambit|60/100|[from] item: Leftovers
|upkeep
|
|t:|1757872063
|switch|p1a: Zamazenta|Zamazenta|54/100
|-damage|p1a: Zamazenta|48/100|[from] Stealth Rock
|turn|27
|
|t:|1757872074
|-end|p2a: Kingambit|fallen1|[silent]
|switch|p2a: Landorus|Landorus-Therian, M, shiny|32/100
|-damage|p2a: Landorus|20/100|[from] Stealth Rock
|-ability|p2a: Landorus|Intimidate|boost
|-unboost|p1a: Zamazenta|atk|1
|move|p1a: Zamazenta|Close Combat|p2a: Landorus
|-resisted|p2a: Landorus
|-crit|p2a: Landorus
|-damage|p2a: Landorus|0 fnt
|-unboost|p1a: Zamazenta|def|1
|-unboost|p1a: Zamazenta|spd|1
|-damage|p1a: Zamazenta|32/100|[from] item: Rocky Helmet|[of] p2a: Landorus
|faint|p2a: Landorus
|
|upkeep
|
|t:|1757872093
|switch|p2a: Kingambit|Kingambit, F, shiny|60/100
|-damage|p2a: Kingambit|54/100|[from] Stealth Rock
|-activate|p2a: Kingambit|ability: Supreme Overlord
|-start|p2a: Kingambit|fallen2|[silent]
|turn|28
|
|t:|1757872099
|move|p1a: Zamazenta|Close Combat|p2a: Kingambit
|-supereffective|p2a: Kingambit
|-damage|p2a: Kingambit|0 fnt
|-unboost|p1a: Zamazenta|def|1
|-unboost|p1a: Zamazenta|spd|1
|faint|p2a: Kingambit
|-end|p2a: Kingambit|fallen2|[silent]
|
|upkeep
|-message|chenyu1998 forfeited.
|
|win|ScaldDragapult
|raw|ScaldDragapult's rating: 1475 &rarr; <strong>1495</strong><br />(+20 for winning)
|raw|chenyu1998's rating: 1473 &rarr; <strong>1453</strong><br />(-20 for losing)
|l|☆chenyu1998
|player|p2|
