|j|☆Sadnessi
|j|☆PrimeXStriker
|t:|1757819093
|gametype|singles
|player|p1|Sadnessi|leon-tower|1468
|player|p2|PrimeXStriker|marshal|1482
|gen|9
|tier|[Gen 9] OU
|rated|
|rule|HP Percentage Mod: HP is shown in percentages
|rule|Endless Battle Clause: Forcing endless battles is banned
|rule|Species Clause: Limit one of each Pokémon
|rule|OHKO Clause: OHKO moves are banned
|rule|Evasion Items Clause: Evasion items are banned
|rule|Evasion Moves Clause: Evasion moves are banned
|rule|Evasion Abilities Clause: Evasion abilities are banned
|rule|Sleep Moves Clause: Sleep-inducing moves are banned
|clearpoke
|poke|p1|Hoopa-Unbound|
|poke|p1|Zamazenta-*|
|poke|p1|Cinderace, M|
|poke|p1|Zapdos|
|poke|p1|Clodsire, M|
|poke|p1|Clefable, F|
|poke|p2|Ceruledge, M|
|poke|p2|Scream Tail|
|poke|p2|Hydreigon, M|
|poke|p2|Great Tusk|
|poke|p2|Ting-Lu|
|poke|p2|Decidueye, F|
|teampreview
|inactive|Battle timer is ON: inactive players will automatically lose when time's up. (requested by PrimeXStriker)
|
|t:|1757819109
|teamsize|p1|6
|teamsize|p2|6
|start
|switch|p1a: Zamazenta|Zamazenta|100/100
|switch|p2a: Scream Tail|Scream Tail|100/100
|-ability|p1a: Zamazenta|Dauntless Shield|boost
|-boost|p1a: Zamazenta|def|1
|turn|1
|
|t:|1757819113
|move|p1a: Zamazenta|Heavy Slam|p2a: Scream Tail
|-supereffective|p2a: Scream Tail
|-damage|p2a: Scream Tail|16/100
|move|p2a: Scream Tail|Dazzling Gleam|p1a: Zamazenta
|-supereffective|p1a: Zamazenta
|-damage|p1a: Zamazenta|65/100
|
|-heal|p2a: Scream Tail|23/100|[from] item: Leftovers
|upkeep
|turn|2
|
|t:|1757819123
|switch|p1a: Zapdos|Zapdos|100/100
|move|p2a: Scream Tail|Protect||[still]
|-fail|p2a: Scream Tail
|
|-heal|p2a: Scream Tail|29/100|[from] item: Leftovers
|upkeep
|turn|3
|
|t:|1757819127
|move|p2a: Scream Tail|Protect|p2a: Scream Tail
|-singleturn|p2a: Scream Tail|Protect
|move|p1a: Zapdos|Hurricane|p2a: Scream Tail
|-activate|p2a: Scream Tail|move: Protect
|
|-heal|p2a: Scream Tail|35/100|[from] item: Leftovers
|upkeep
|turn|4
|
|t:|1757819132
|-end|p2a: Scream Tail|Protosynthesis|[silent]
|switch|p2a: Ting-Lu|Ting-Lu|100/100
|-ability|p2a: Ting-Lu|Vessel of Ruin
|move|p1a: Zapdos|Hurricane|p2a: Ting-Lu|[miss]
|-miss|p1a: Zapdos|p2a: Ting-Lu
|
|upkeep
|turn|5
|
|t:|1757819145
|move|p1a: Zapdos|U-turn|p2a: Ting-Lu
|-supereffective|p2a: Ting-Lu
|-damage|p2a: Ting-Lu|86/100
|
|t:|1757819152
|switch|p1a: Zamazenta|Zamazenta|65/100|[from] U-turn
|move|p2a: Ting-Lu|Ruination|p1a: Zamazenta
|-damage|p1a: Zamazenta|33/100
|
|-heal|p2a: Ting-Lu|92/100|[from] item: Leftovers
|upkeep
|turn|6
|
|t:|1757819162
|switch|p2a: Great Tusk|Great Tusk|100/100
|move|p1a: Zamazenta|Crunch|p2a: Great Tusk
|-resisted|p2a: Great Tusk
|-damage|p2a: Great Tusk|92/100
|-damage|p1a: Zamazenta|16/100|[from] item: Rocky Helmet|[of] p2a: Great Tusk
|
|upkeep
|turn|7
|
|t:|1757819171
|switch|p1a: Zapdos|Zapdos|100/100
|move|p2a: Great Tusk|Earthquake|p1a: Zapdos
|-immune|p1a: Zapdos
|
|upkeep
|turn|8
|
|t:|1757819174
|-end|p2a: Great Tusk|Protosynthesis|[silent]
|switch|p2a: Ting-Lu|Ting-Lu|92/100
|-ability|p2a: Ting-Lu|Vessel of Ruin
|move|p1a: Zapdos|U-turn|p2a: Ting-Lu
|-supereffective|p2a: Ting-Lu
|-damage|p2a: Ting-Lu|78/100
|
|t:|1757819179
|switch|p1a: Clefable|Clefable, F|100/100|[from] U-turn
|
|-heal|p2a: Ting-Lu|84/100|[from] item: Leftovers
|upkeep
|turn|9
|
|t:|1757819191
|switch|p2a: Decidueye|Decidueye, F|100/100
|move|p1a: Clefable|Moonblast|p2a: Decidueye
|-damage|p2a: Decidueye|71/100
|
|-heal|p2a: Decidueye|77/100|[from] item: Leftovers
|upkeep
|turn|10
|
|t:|1757819200
|move|p2a: Decidueye|Poltergeist|p1a: Clefable
|-activate|p1a: Clefable|move: Poltergeist|Leftovers
|-damage|p1a: Clefable|59/100
|move|p1a: Clefable|Cosmic Power|p1a: Clefable
|-boost|p1a: Clefable|def|1
|-boost|p1a: Clefable|spd|1
|
|-heal|p2a: Decidueye|83/100|[from] item: Leftovers
|-heal|p1a: Clefable|65/100|[from] item: Leftovers
|upkeep
|turn|11
|
|t:|1757819207
|switch|p2a: Scream Tail|Scream Tail|35/100
|move|p1a: Clefable|Moonlight|p1a: Clefable
|-heal|p1a: Clefable|100/100
|
|-heal|p2a: Scream Tail|41/100|[from] item: Leftovers
|upkeep
|turn|12
|
|t:|1757819215
|switch|p1a: Cinderace|Cinderace, M|100/100
|move|p2a: Scream Tail|Encore||[still]
|-fail|p2a: Scream Tail
|
|-heal|p2a: Scream Tail|47/100|[from] item: Leftovers
|upkeep
|turn|13
|
|t:|1757819217
|move|p2a: Scream Tail|Protect|p2a: Scream Tail
|-singleturn|p2a: Scream Tail|Protect
|move|p1a: Cinderace|Pyro Ball|p2a: Scream Tail
|-activate|p2a: Scream Tail|move: Protect
|
|-heal|p2a: Scream Tail|54/100|[from] item: Leftovers
|upkeep
|turn|14
|
|t:|1757819222
|-end|p2a: Scream Tail|Protosynthesis|[silent]
|switch|p2a: Great Tusk|Great Tusk|92/100
|move|p1a: Cinderace|Pyro Ball|p2a: Great Tusk
|-damage|p2a: Great Tusk|66/100
|
|upkeep
|turn|15
|
|t:|1757819228
|switch|p1a: Zapdos|Zapdos|100/100
|move|p2a: Great Tusk|Knock Off|p1a: Zapdos
|-damage|p1a: Zapdos|81/100
|-enditem|p1a: Zapdos|Heavy-Duty Boots|[from] move: Knock Off|[of] p2a: Great Tusk
|
|upkeep
|turn|16
|
|t:|1757819247
|-end|p2a: Great Tusk|Protosynthesis|[silent]
|switch|p2a: Ting-Lu|Ting-Lu|84/100
|-ability|p2a: Ting-Lu|Vessel of Ruin
|move|p1a: Zapdos|Hurricane|p2a: Ting-Lu
|-damage|p2a: Ting-Lu|66/100
|
|-heal|p2a: Ting-Lu|72/100|[from] item: Leftovers
|upkeep
|turn|17
|
|t:|1757819257
|move|p1a: Zapdos|U-turn|p2a: Ting-Lu
|-supereffective|p2a: Ting-Lu
|-damage|p2a: Ting-Lu|57/100
|
|t:|1757819262
|switch|p1a: Clefable|Clefable, F|100/100|[from] U-turn
|move|p2a: Ting-Lu|Earthquake|p1a: Clefable
|-damage|p1a: Clefable|72/100
|
|-heal|p1a: Clefable|78/100|[from] item: Leftovers
|-heal|p2a: Ting-Lu|63/100|[from] item: Leftovers
|upkeep
|turn|18
|
|t:|1757819272
|switch|p2a: Decidueye|Decidueye, F|83/100
|move|p1a: Clefable|Cosmic Power|p1a: Clefable
|-boost|p1a: Clefable|def|1
|-boost|p1a: Clefable|spd|1
|
|-heal|p2a: Decidueye|89/100|[from] item: Leftovers
|-heal|p1a: Clefable|84/100|[from] item: Leftovers
|upkeep
|turn|19
|
|t:|1757819280
|move|p2a: Decidueye|Swords Dance|p2a: Decidueye
|-boost|p2a: Decidueye|atk|2
|move|p1a: Clefable|Moonblast|p2a: Decidueye
|-damage|p2a: Decidueye|59/100
|
|-heal|p2a: Decidueye|65/100|[from] item: Leftovers
|-heal|p1a: Clefable|90/100|[from] item: Leftovers
|upkeep
|turn|20
|
|t:|1757819286
|move|p2a: Decidueye|Poltergeist|p1a: Clefable
|-activate|p1a: Clefable|move: Poltergeist|Leftovers
|-damage|p1a: Clefable|62/100
|move|p1a: Clefable|Cosmic Power|p1a: Clefable
|-boost|p1a: Clefable|def|1
|-boost|p1a: Clefable|spd|1
|
|-heal|p2a: Decidueye|71/100|[from] item: Leftovers
|-heal|p1a: Clefable|68/100|[from] item: Leftovers
|upkeep
|turn|21
|
|t:|1757819293
|move|p2a: Decidueye|Swords Dance|p2a: Decidueye
|-boost|p2a: Decidueye|atk|2
|move|p1a: Clefable|Moonblast|p2a: Decidueye
|-damage|p2a: Decidueye|40/100
|
|-heal|p2a: Decidueye|47/100|[from] item: Leftovers
|-heal|p1a: Clefable|74/100|[from] item: Leftovers
|upkeep
|turn|22
|
|t:|1757819301
|switch|p2a: Scream Tail|Scream Tail|54/100
|move|p1a: Clefable|Moonlight|p1a: Clefable
|-heal|p1a: Clefable|100/100
|
|-heal|p2a: Scream Tail|60/100|[from] item: Leftovers
|upkeep
|turn|23
|
|t:|1757819313
|switch|p1a: Clodsire|Clodsire, M|100/100
|move|p2a: Scream Tail|Encore||[still]
|-fail|p2a: Scream Tail
|
|-heal|p2a: Scream Tail|66/100|[from] item: Leftovers
|upkeep
|turn|24
|
|t:|1757819335
|-end|p2a: Scream Tail|Protosynthesis|[silent]
|switch|p2a: Great Tusk|Great Tusk|66/100
|move|p1a: Clodsire|Stealth Rock|p2a: Great Tusk
|-sidestart|p2: PrimeXStriker|move: Stealth Rock
|
|upkeep
|turn|25
|
|t:|1757819343
|switch|p1a: Zapdos|Zapdos|81/100
|move|p2a: Great Tusk|Stealth Rock|p1a: Zapdos
|-sidestart|p1: Sadnessi|move: Stealth Rock
|
|upkeep
|turn|26
|
|t:|1757819348
|-end|p2a: Great Tusk|Protosynthesis|[silent]
|switch|p2a: Ting-Lu|Ting-Lu|63/100
|-damage|p2a: Ting-Lu|57/100|[from] Stealth Rock
|-ability|p2a: Ting-Lu|Vessel of Ruin
|move|p1a: Zapdos|U-turn|p2a: Ting-Lu
|-supereffective|p2a: Ting-Lu
|-damage|p2a: Ting-Lu|41/100
|
|t:|1757819357
|switch|p1a: Clefable|Clefable, F|100/100|[from] U-turn
|-damage|p1a: Clefable|88/100|[from] Stealth Rock
|
|-heal|p1a: Clefable|94/100|[from] item: Leftovers
|-heal|p2a: Ting-Lu|47/100|[from] item: Leftovers
|upkeep
|turn|27
|
|t:|1757819364
|switch|p2a: Scream Tail|Scream Tail|66/100
|-damage|p2a: Scream Tail|54/100|[from] Stealth Rock
|move|p1a: Clefable|Moonblast|p2a: Scream Tail
|-damage|p2a: Scream Tail|29/100
|
|-heal|p2a: Scream Tail|36/100|[from] item: Leftovers
|-heal|p1a: Clefable|99/100|[from] item: Leftovers
|upkeep
|turn|28
|
|t:|1757819374
|move|p2a: Scream Tail|Wish|p2a: Scream Tail
|move|p1a: Clefable|Moonblast|p2a: Scream Tail
|-damage|p2a: Scream Tail|10/100
|
|-heal|p2a: Scream Tail|17/100|[from] item: Leftovers
|-heal|p1a: Clefable|100/100|[from] item: Leftovers
|upkeep
|turn|29
|
|t:|1757819387
|switch|p1a: Zamazenta|Zamazenta|16/100
|-damage|p1a: Zamazenta|10/100|[from] Stealth Rock
|move|p2a: Scream Tail|Protect||[still]
|-fail|p2a: Scream Tail
|
|-heal|p2a: Scream Tail|67/100|[from] move: Wish|[wisher] Scream Tail
|-heal|p2a: Scream Tail|73/100|[from] item: Leftovers
|upkeep
|turn|30
|
|t:|1757819391
|-end|p2a: Scream Tail|Protosynthesis|[silent]
|switch|p2a: Great Tusk|Great Tusk|66/100
|-damage|p2a: Great Tusk|63/100|[from] Stealth Rock
|move|p1a: Zamazenta|Heavy Slam|p2a: Great Tusk
|-damage|p2a: Great Tusk|54/100
|-damage|p1a: Zamazenta|0 fnt|[from] item: Rocky Helmet|[of] p2a: Great Tusk
|faint|p1a: Zamazenta
|
|upkeep
|
|t:|1757819401
|switch|p1a: Hoopa|Hoopa-Unbound|100/100
|-damage|p1a: Hoopa|88/100|[from] Stealth Rock
|turn|31
|
|t:|1757819411
|-end|p2a: Great Tusk|Protosynthesis|[silent]
|switch|p2a: Hydreigon|Hydreigon, M|100/100
|-damage|p2a: Hydreigon|88/100|[from] Stealth Rock
|move|p1a: Hoopa|Psychic|p2a: Hydreigon
|-immune|p2a: Hydreigon
|
|upkeep
|turn|32
|
|t:|1757819418
|move|p2a: Hydreigon|U-turn|p1a: Hoopa
|-supereffective|p1a: Hoopa
|-damage|p1a: Hoopa|0 fnt
|faint|p1a: Hoopa
|
|t:|1757819436
|switch|p2a: Decidueye|Decidueye, F|47/100|[from] U-turn
|-damage|p2a: Decidueye|34/100|[from] Stealth Rock
|
|-heal|p2a: Decidueye|40/100|[from] item: Leftovers
|upkeep
|
|t:|1757819441
|switch|p1a: Cinderace|Cinderace, M|100/100
|turn|33
|
|t:|1757819447
|switch|p2a: Ceruledge|Ceruledge, M|100/100
|move|p1a: Cinderace|Pyro Ball|p2a: Ceruledge
|-start|p2a: Ceruledge|ability: Flash Fire
|
|upkeep
|turn|34
|
|t:|1757819454
|switch|p1a: Zapdos|Zapdos|81/100
|-damage|p1a: Zapdos|56/100|[from] Stealth Rock
|move|p2a: Ceruledge|Bitter Blade|p1a: Zapdos
|-damage|p1a: Zapdos|18/100
|-status|p2a: Ceruledge|par|[from] ability: Static|[of] p1a: Zapdos
|
|upkeep
|turn|35
|
|t:|1757819476
|move|p1a: Zapdos|Roost|p1a: Zapdos
|-heal|p1a: Zapdos|68/100
|-singleturn|p1a: Zapdos|move: Roost
|move|p2a: Ceruledge|Bitter Blade|p1a: Zapdos
|-damage|p1a: Zapdos|30/100
|
|upkeep
|turn|36
|
|t:|1757819491
|-end|p2a: Ceruledge|ability: Flash Fire|[silent]
|switch|p2a: Scream Tail|Scream Tail|73/100
|-damage|p2a: Scream Tail|60/100|[from] Stealth Rock
|move|p1a: Zapdos|Roost|p1a: Zapdos
|-heal|p1a: Zapdos|80/100
|-singleturn|p1a: Zapdos|move: Roost
|
|-heal|p2a: Scream Tail|67/100|[from] item: Leftovers
|upkeep
|turn|37
|
|t:|1757819497
|switch|p1a: Clodsire|Clodsire, M|100/100
|-damage|p1a: Clodsire|94/100|[from] Stealth Rock
|move|p2a: Scream Tail|Wish|p2a: Scream Tail
|
|-heal|p2a: Scream Tail|73/100|[from] item: Leftovers
|-heal|p1a: Clodsire|100/100|[from] item: Black Sludge
|upkeep
|turn|38
|
|t:|1757819501
|-end|p2a: Scream Tail|Protosynthesis|[silent]
|switch|p2a: Ting-Lu|Ting-Lu|47/100
|-damage|p2a: Ting-Lu|41/100|[from] Stealth Rock
|-ability|p2a: Ting-Lu|Vessel of Ruin
|move|p1a: Clodsire|Toxic|p2a: Ting-Lu
|-status|p2a: Ting-Lu|tox
|
|-heal|p2a: Ting-Lu|78/100 tox|[from] move: Wish|[wisher] Scream Tail
|-heal|p2a: Ting-Lu|84/100 tox|[from] item: Leftovers
|-damage|p2a: Ting-Lu|78/100 tox|[from] psn
|upkeep
|turn|39
|
|t:|1757819507
|switch|p1a: Clefable|Clefable, F|100/100
|-damage|p1a: Clefable|88/100|[from] Stealth Rock
|move|p2a: Ting-Lu|Ruination|p1a: Clefable
|-damage|p1a: Clefable|44/100
|
|-heal|p1a: Clefable|50/100|[from] item: Leftovers
|-heal|p2a: Ting-Lu|84/100 tox|[from] item: Leftovers
|-damage|p2a: Ting-Lu|71/100 tox|[from] psn
|upkeep
|turn|40
|
|t:|1757819512
|switch|p2a: Scream Tail|Scream Tail|73/100
|-damage|p2a: Scream Tail|60/100|[from] Stealth Rock
|move|p1a: Clefable|Moonlight|p1a: Clefable
|-heal|p1a: Clefable|100/100
|
|-heal|p2a: Scream Tail|67/100|[from] item: Leftovers
|upkeep
|turn|41
|
|t:|1757819516
|switch|p1a: Clodsire|Clodsire, M|100/100
|-damage|p1a: Clodsire|94/100|[from] Stealth Rock
|move|p2a: Scream Tail|Wish|p2a: Scream Tail
|
|-heal|p2a: Scream Tail|73/100|[from] item: Leftovers
|-heal|p1a: Clodsire|100/100|[from] item: Black Sludge
|upkeep
|turn|42
|
|t:|1757819522
|-end|p2a: Scream Tail|Protosynthesis|[silent]
|switch|p2a: Ting-Lu|Ting-Lu|71/100 tox
|-damage|p2a: Ting-Lu|65/100 tox|[from] Stealth Rock
|-ability|p2a: Ting-Lu|Vessel of Ruin
|move|p1a: Clodsire|Toxic|p2a: Ting-Lu
|-fail|p2a: Ting-Lu|tox
|
|-heal|p2a: Ting-Lu|100/100 tox|[from] move: Wish|[wisher] Scream Tail
|-damage|p2a: Ting-Lu|94/100 tox|[from] psn
|upkeep
|turn|43
|
|t:|1757819529
|move|p2a: Ting-Lu|Ruination|p1a: Clodsire
|-damage|p1a: Clodsire|50/100
|move|p1a: Clodsire|Poison Jab|p2a: Ting-Lu
|-resisted|p2a: Ting-Lu
|-damage|p2a: Ting-Lu|88/100 tox
|
|-heal|p2a: Ting-Lu|94/100 tox|[from] item: Leftovers
|-heal|p1a: Clodsire|57/100|[from] item: Black Sludge
|-damage|p2a: Ting-Lu|82/100 tox|[from] psn
|upkeep
|turn|44
|
|t:|1757819534
|switch|p1a: Zapdos|Zapdos|80/100
|-damage|p1a: Zapdos|55/100|[from] Stealth Rock
|move|p2a: Ting-Lu|Earthquake|p1a: Zapdos
|-immune|p1a: Zapdos
|
|-heal|p2a: Ting-Lu|88/100 tox|[from] item: Leftovers
|-damage|p2a: Ting-Lu|70/100 tox|[from] psn
|upkeep
|turn|45
|
|t:|1757819539
|move|p1a: Zapdos|Roost|p1a: Zapdos
|-heal|p1a: Zapdos|100/100
|-singleturn|p1a: Zapdos|move: Roost
|move|p2a: Ting-Lu|Whirlwind|p1a: Zapdos
|drag|p1a: Clefable|Clefable, F|100/100
|-damage|p1a: Clefable|88/100|[from] Stealth Rock
|
|-heal|p1a: Clefable|94/100|[from] item: Leftovers
|-heal|p2a: Ting-Lu|76/100 tox|[from] item: Leftovers
|-damage|p2a: Ting-Lu|52/100 tox|[from] psn
|upkeep
|turn|46
|
|t:|1757819543
|switch|p2a: Scream Tail|Scream Tail|73/100
|-damage|p2a: Scream Tail|60/100|[from] Stealth Rock
|move|p1a: Clefable|Moonblast|p2a: Scream Tail
|-damage|p2a: Scream Tail|34/100
|-unboost|p2a: Scream Tail|spa|1
|
|-heal|p2a: Scream Tail|41/100|[from] item: Leftovers
|-heal|p1a: Clefable|99/100|[from] item: Leftovers
|upkeep
|turn|47
|
|t:|1757819550
|move|p2a: Scream Tail|Wish|p2a: Scream Tail
|move|p1a: Clefable|Moonblast|p2a: Scream Tail
|-damage|p2a: Scream Tail|16/100
|
|-heal|p2a: Scream Tail|23/100|[from] item: Leftovers
|-heal|p1a: Clefable|100/100|[from] item: Leftovers
|upkeep
|turn|48
|
|t:|1757819559
|move|p2a: Scream Tail|Protect|p2a: Scream Tail
|-singleturn|p2a: Scream Tail|Protect
|move|p1a: Clefable|Cosmic Power|p1a: Clefable
|-boost|p1a: Clefable|def|1
|-boost|p1a: Clefable|spd|1
|
|-heal|p2a: Scream Tail|72/100|[from] move: Wish|[wisher] Scream Tail
|-heal|p2a: Scream Tail|79/100|[from] item: Leftovers
|upkeep
|turn|49
|
|t:|1757819566
|switch|p1a: Cinderace|Cinderace, M|100/100
|move|p2a: Scream Tail|Encore||[still]
|-fail|p2a: Scream Tail
|
|-heal|p2a: Scream Tail|85/100|[from] item: Leftovers
|upkeep
|turn|50
|
|t:|1757819574
|move|p1a: Cinderace|U-turn|p2a: Scream Tail
|-start|p1a: Cinderace|typechange|Bug|[from] ability: Libero
|-damage|p2a: Scream Tail|59/100
|
|t:|1757819583
|switch|p1a: Clodsire|Clodsire, M|57/100|[from] U-turn
|-damage|p1a: Clodsire|50/100|[from] Stealth Rock
|move|p2a: Scream Tail|Wish|p2a: Scream Tail
|
|-heal|p2a: Scream Tail|65/100|[from] item: Leftovers
|-heal|p1a: Clodsire|57/100|[from] item: Black Sludge
|upkeep
|turn|51
|
|t:|1757819589
|-end|p2a: Scream Tail|Protosynthesis|[silent]
|switch|p2a: Great Tusk|Great Tusk|54/100
|-damage|p2a: Great Tusk|51/100|[from] Stealth Rock
|move|p1a: Clodsire|Recover|p1a: Clodsire
|-heal|p1a: Clodsire|100/100
|
|-heal|p2a: Great Tusk|93/100|[from] move: Wish|[wisher] Scream Tail
|upkeep
|turn|52
|
|t:|1757819595
|switch|p1a: Zapdos|Zapdos|100/100
|-damage|p1a: Zapdos|75/100|[from] Stealth Rock
|move|p2a: Great Tusk|Rapid Spin|p1a: Zapdos
|-damage|p1a: Zapdos|66/100
|-boost|p2a: Great Tusk|spe|1
|-sideend|p2: PrimeXStriker|Stealth Rock|[from] move: Rapid Spin|[of] p2a: Great Tusk
|
|upkeep
|turn|53
|
|t:|1757819603
|-end|p2a: Great Tusk|Protosynthesis|[silent]
|switch|p2a: Hydreigon|Hydreigon, M|88/100
|move|p1a: Zapdos|U-turn|p2a: Hydreigon
|-supereffective|p2a: Hydreigon
|-damage|p2a: Hydreigon|58/100
|
|t:|1757819609
|switch|p1a: Cinderace|Cinderace, M|100/100|[from] U-turn
|
|upkeep
|turn|54
|
|t:|1757819617
|switch|p2a: Ceruledge|Ceruledge, M|100/100 par
|move|p1a: Cinderace|U-turn|p2a: Ceruledge
|-start|p1a: Cinderace|typechange|Bug|[from] ability: Libero
|-resisted|p2a: Ceruledge
|-damage|p2a: Ceruledge|91/100 par
|
|t:|1757819629
|switch|p1a: Clefable|Clefable, F|100/100|[from] U-turn
|-damage|p1a: Clefable|88/100|[from] Stealth Rock
|
|-heal|p1a: Clefable|94/100|[from] item: Leftovers
|upkeep
|turn|55
|
|t:|1757819637
|switch|p2a: Scream Tail|Scream Tail|65/100
|move|p1a: Clefable|Cosmic Power|p1a: Clefable
|-boost|p1a: Clefable|def|1
|-boost|p1a: Clefable|spd|1
|
|-heal|p2a: Scream Tail|71/100|[from] item: Leftovers
|-heal|p1a: Clefable|99/100|[from] item: Leftovers
|upkeep
|turn|56
|
|t:|1757819641
|switch|p1a: Cinderace|Cinderace, M|100/100
|move|p2a: Scream Tail|Wish|p2a: Scream Tail
|
|-heal|p2a: Scream Tail|78/100|[from] item: Leftovers
|upkeep
|turn|57
|
|t:|1757819648
|-end|p2a: Scream Tail|Protosynthesis|[silent]
|switch|p2a: Ting-Lu|Ting-Lu|52/100 tox
|-ability|p2a: Ting-Lu|Vessel of Ruin
|move|p1a: Cinderace|Court Change|p1a: Cinderace
|-start|p1a: Cinderace|typechange|Normal|[from] ability: Libero
|-swapsideconditions
|-activate|p1a: Cinderace|move: Court Change
|
|-heal|p2a: Ting-Lu|88/100 tox|[from] move: Wish|[wisher] Scream Tail
|-heal|p2a: Ting-Lu|94/100 tox|[from] item: Leftovers
|-damage|p2a: Ting-Lu|88/100 tox|[from] psn
|upkeep
|turn|58
|
|t:|1757819655
|move|p1a: Cinderace|U-turn|p2a: Ting-Lu
|-supereffective|p2a: Ting-Lu
|-damage|p2a: Ting-Lu|62/100 tox
|
|t:|1757819661
|switch|p1a: Clefable|Clefable, F|99/100|[from] U-turn
|move|p2a: Ting-Lu|Ruination|p1a: Clefable
|-damage|p1a: Clefable|50/100
|
|-heal|p1a: Clefable|57/100|[from] item: Leftovers
|-heal|p2a: Ting-Lu|68/100 tox|[from] item: Leftovers
|-damage|p2a: Ting-Lu|56/100 tox|[from] psn
|upkeep
|turn|59
|
|t:|1757819669
|switch|p2a: Scream Tail|Scream Tail|78/100
|-damage|p2a: Scream Tail|65/100|[from] Stealth Rock
|move|p1a: Clefable|Moonblast|p2a: Scream Tail
|-damage|p2a: Scream Tail|40/100
|-unboost|p2a: Scream Tail|spa|1
|
|-heal|p2a: Scream Tail|46/100|[from] item: Leftovers
|-heal|p1a: Clefable|63/100|[from] item: Leftovers
|upkeep
|turn|60
|
|t:|1757819677
|move|p2a: Scream Tail|Wish|p2a: Scream Tail
|move|p1a: Clefable|Cosmic Power|p1a: Clefable
|-boost|p1a: Clefable|def|1
|-boost|p1a: Clefable|spd|1
|
|-heal|p2a: Scream Tail|53/100|[from] item: Leftovers
|-heal|p1a: Clefable|69/100|[from] item: Leftovers
|upkeep
|turn|61
|
|t:|1757819685
|switch|p1a: Zapdos|Zapdos|66/100
|move|p2a: Scream Tail|Encore||[still]
|-fail|p2a: Scream Tail
|
|-heal|p2a: Scream Tail|100/100|[from] move: Wish|[wisher] Scream Tail
|upkeep
|turn|62
|
|t:|1757819695
|move|p2a: Scream Tail|Wish|p2a: Scream Tail
|move|p1a: Zapdos|Hurricane|p2a: Scream Tail|[miss]
|-miss|p1a: Zapdos|p2a: Scream Tail
|
|upkeep
|turn|63
|
|t:|1757819703
|-end|p2a: Scream Tail|Protosynthesis|[silent]
|switch|p2a: Ting-Lu|Ting-Lu|56/100 tox
|-damage|p2a: Ting-Lu|50/100 tox|[from] Stealth Rock
|-ability|p2a: Ting-Lu|Vessel of Ruin
|move|p1a: Zapdos|Roost|p1a: Zapdos
|-heal|p1a: Zapdos|100/100
|-singleturn|p1a: Zapdos|move: Roost
|
|-heal|p2a: Ting-Lu|86/100 tox|[from] move: Wish|[wisher] Scream Tail
|-heal|p2a: Ting-Lu|92/100 tox|[from] item: Leftovers
|-damage|p2a: Ting-Lu|86/100 tox|[from] psn
|upkeep
|turn|64
|
|t:|1757819708
|switch|p2a: Great Tusk|Great Tusk|93/100
|-damage|p2a: Great Tusk|90/100|[from] Stealth Rock
|move|p1a: Zapdos|U-turn|p2a: Great Tusk
|-resisted|p2a: Great Tusk
|-damage|p2a: Great Tusk|87/100
|-damage|p1a: Zapdos|84/100|[from] item: Rocky Helmet|[of] p2a: Great Tusk
|
|t:|1757819712
|switch|p1a: Clefable|Clefable, F|69/100|[from] U-turn
|
|-heal|p1a: Clefable|75/100|[from] item: Leftovers
|upkeep
|turn|65
|
|t:|1757819721
|move|p2a: Great Tusk|Stealth Rock|p1a: Clefable
|-sidestart|p1: Sadnessi|move: Stealth Rock
|move|p1a: Clefable|Moonblast|p2a: Great Tusk
|-supereffective|p2a: Great Tusk
|-damage|p2a: Great Tusk|0 fnt
|faint|p2a: Great Tusk
|-end|p2a: Great Tusk|Protosynthesis|[silent]
|
|-heal|p1a: Clefable|81/100|[from] item: Leftovers
|upkeep
|
|t:|1757819729
|switch|p2a: Decidueye|Decidueye, F|40/100
|-damage|p2a: Decidueye|28/100|[from] Stealth Rock
|turn|66
|
|t:|1757819733
|move|p2a: Decidueye|Swords Dance|p2a: Decidueye
|-boost|p2a: Decidueye|atk|2
|move|p1a: Clefable|Cosmic Power|p1a: Clefable
|-boost|p1a: Clefable|def|1
|-boost|p1a: Clefable|spd|1
|
|-heal|p2a: Decidueye|34/100|[from] item: Leftovers
|-heal|p1a: Clefable|87/100|[from] item: Leftovers
|upkeep
|turn|67
|
|t:|1757819739
|move|p2a: Decidueye|Poltergeist|p1a: Clefable
|-activate|p1a: Clefable|move: Poltergeist|Leftovers
|-damage|p1a: Clefable|61/100
|move|p1a: Clefable|Cosmic Power|p1a: Clefable
|-boost|p1a: Clefable|def|1
|-boost|p1a: Clefable|spd|1
|
|-heal|p2a: Decidueye|40/100|[from] item: Leftovers
|-heal|p1a: Clefable|67/100|[from] item: Leftovers
|upkeep
|turn|68
|
|t:|1757819750
|switch|p2a: Scream Tail|Scream Tail|100/100
|-damage|p2a: Scream Tail|88/100|[from] Stealth Rock
|move|p1a: Clefable|Moonblast|p2a: Scream Tail
|-damage|p2a: Scream Tail|64/100
|
|-heal|p2a: Scream Tail|71/100|[from] item: Leftovers
|-heal|p1a: Clefable|73/100|[from] item: Leftovers
|upkeep
|turn|69
|inactive|Sadnessi has 120 seconds left.
|
|t:|1757819783
|move|p2a: Scream Tail|Wish|p2a: Scream Tail
|move|p1a: Clefable|Moonblast|p2a: Scream Tail
|-damage|p2a: Scream Tail|46/100
|-unboost|p2a: Scream Tail|spa|1
|
|-heal|p2a: Scream Tail|52/100|[from] item: Leftovers
|-heal|p1a: Clefable|79/100|[from] item: Leftovers
|upkeep
|turn|70
|inactive|Sadnessi has 120 seconds left.
|
|t:|1757819801
|-end|p2a: Scream Tail|Protosynthesis|[silent]
|switch|p2a: Decidueye|Decidueye, F|40/100
|-damage|p2a: Decidueye|27/100|[from] Stealth Rock
|switch|p1a: Clodsire|Clodsire, M|100/100
|-damage|p1a: Clodsire|94/100|[from] Stealth Rock
|
|-heal|p2a: Decidueye|79/100|[from] move: Wish|[wisher] Scream Tail
|-heal|p2a: Decidueye|85/100|[from] item: Leftovers
|-heal|p1a: Clodsire|100/100|[from] item: Black Sludge
|upkeep
|turn|71
|inactive|Sadnessi has 120 seconds left.
|
|t:|1757819817
|switch|p2a: Ting-Lu|Ting-Lu|86/100 tox
|-damage|p2a: Ting-Lu|80/100 tox|[from] Stealth Rock
|-ability|p2a: Ting-Lu|Vessel of Ruin
|move|p1a: Clodsire|Toxic|p2a: Ting-Lu
|-fail|p2a: Ting-Lu|tox
|
|-heal|p2a: Ting-Lu|86/100 tox|[from] item: Leftovers
|-damage|p2a: Ting-Lu|80/100 tox|[from] psn
|upkeep
|turn|72
|
|t:|1757819824
|switch|p1a: Clefable|Clefable, F|79/100
|-damage|p1a: Clefable|67/100|[from] Stealth Rock
|move|p2a: Ting-Lu|Ruination|p1a: Clefable
|-damage|p1a: Clefable|34/100
|
|-heal|p1a: Clefable|40/100|[from] item: Leftovers
|-heal|p2a: Ting-Lu|86/100 tox|[from] item: Leftovers
|-damage|p2a: Ting-Lu|74/100 tox|[from] psn
|upkeep
|turn|73
|inactive|Sadnessi has 120 seconds left.
|
|t:|1757819832
|move|p1a: Clefable|Moonlight|p1a: Clefable
|-heal|p1a: Clefable|90/100
|move|p2a: Ting-Lu|Earthquake|p1a: Clefable
|-damage|p1a: Clefable|59/100
|
|-heal|p1a: Clefable|65/100|[from] item: Leftovers
|-heal|p2a: Ting-Lu|80/100 tox|[from] item: Leftovers
|-damage|p2a: Ting-Lu|62/100 tox|[from] psn
|upkeep
|turn|74
|
|t:|1757819842
|switch|p2a: Scream Tail|Scream Tail|52/100
|-damage|p2a: Scream Tail|40/100|[from] Stealth Rock
|move|p1a: Clefable|Moonblast|p2a: Scream Tail
|-damage|p2a: Scream Tail|13/100
|
|-heal|p2a: Scream Tail|19/100|[from] item: Leftovers
|-heal|p1a: Clefable|71/100|[from] item: Leftovers
|upkeep
|turn|75
|
|t:|1757819845
|move|p2a: Scream Tail|Protect|p2a: Scream Tail
|-singleturn|p2a: Scream Tail|Protect
|move|p1a: Clefable|Moonblast|p2a: Scream Tail
|-activate|p2a: Scream Tail|move: Protect
|
|-heal|p2a: Scream Tail|26/100|[from] item: Leftovers
|-heal|p1a: Clefable|77/100|[from] item: Leftovers
|upkeep
|turn|76
|
|t:|1757819850
|move|p2a: Scream Tail|Wish|p2a: Scream Tail
|move|p1a: Clefable|Moonblast|p2a: Scream Tail
|-damage|p2a: Scream Tail|0 fnt
|faint|p2a: Scream Tail
|-end|p2a: Scream Tail|Protosynthesis|[silent]
|
|-heal|p1a: Clefable|83/100|[from] item: Leftovers
|upkeep
|
|t:|1757819860
|switch|p2a: Hydreigon|Hydreigon, M|58/100
|-damage|p2a: Hydreigon|46/100|[from] Stealth Rock
|turn|77
|
|t:|1757819864
|switch|p1a: Clodsire|Clodsire, M|100/100
|-damage|p1a: Clodsire|94/100|[from] Stealth Rock
|-terastallize|p2a: Hydreigon|Steel
|move|p2a: Hydreigon|Flash Cannon|p1a: Clodsire
|-damage|p1a: Clodsire|73/100
|
|-heal|p2a: Hydreigon|100/100|[from] move: Wish|[wisher] Scream Tail
|-heal|p1a: Clodsire|79/100|[from] item: Black Sludge
|upkeep
|turn|78
|
|t:|1757819875
|move|p2a: Hydreigon|Flash Cannon|p1a: Clodsire
|-damage|p1a: Clodsire|57/100
|move|p1a: Clodsire|Recover|p1a: Clodsire
|-heal|p1a: Clodsire|100/100
|
|upkeep
|turn|79
|
|t:|1757819883
|move|p2a: Hydreigon|Flash Cannon|p1a: Clodsire
|-damage|p1a: Clodsire|79/100
|move|p1a: Clodsire|Toxic|p2a: Hydreigon
|-immune|p2a: Hydreigon
|
|-heal|p1a: Clodsire|85/100|[from] item: Black Sludge
|upkeep
|turn|80
|
|t:|1757819889
|move|p2a: Hydreigon|Flash Cannon|p1a: Clodsire
|-damage|p1a: Clodsire|65/100
|move|p1a: Clodsire|Toxic|p2a: Hydreigon
|-immune|p2a: Hydreigon
|
|-heal|p1a: Clodsire|71/100|[from] item: Black Sludge
|upkeep
|turn|81
|
|t:|1757819894
|move|p2a: Hydreigon|Flash Cannon|p1a: Clodsire
|-damage|p1a: Clodsire|49/100
|move|p1a: Clodsire|Toxic|p2a: Hydreigon
|-immune|p2a: Hydreigon
|
|-heal|p1a: Clodsire|55/100|[from] item: Black Sludge
|upkeep
|turn|82
|
|t:|1757819897
|move|p2a: Hydreigon|Flash Cannon|p1a: Clodsire
|-damage|p1a: Clodsire|32/100
|move|p1a: Clodsire|Recover|p1a: Clodsire
|-heal|p1a: Clodsire|82/100
|
|-heal|p1a: Clodsire|89/100|[from] item: Black Sludge
|upkeep
|turn|83
|
|t:|1757819903
|move|p2a: Hydreigon|Flash Cannon|p1a: Clodsire
|-damage|p1a: Clodsire|68/100
|move|p1a: Clodsire|Poison Jab|p2a: Hydreigon
|-immune|p2a: Hydreigon
|
|-heal|p1a: Clodsire|75/100|[from] item: Black Sludge
|upkeep
|turn|84
|
|t:|1757819906
|move|p2a: Hydreigon|Flash Cannon|p1a: Clodsire
|-damage|p1a: Clodsire|54/100
|move|p1a: Clodsire|Poison Jab|p2a: Hydreigon
|-immune|p2a: Hydreigon
|
|-heal|p1a: Clodsire|60/100|[from] item: Black Sludge
|upkeep
|turn|85
|
|t:|1757819908
|switch|p2a: Decidueye|Decidueye, F|85/100
|-damage|p2a: Decidueye|72/100|[from] Stealth Rock
|move|p1a: Clodsire|Recover|p1a: Clodsire
|-heal|p1a: Clodsire|100/100
|
|-heal|p2a: Decidueye|79/100|[from] item: Leftovers
|upkeep
|turn|86
|
|t:|1757819914
|switch|p1a: Zapdos|Zapdos|84/100
|-damage|p1a: Zapdos|59/100|[from] Stealth Rock
|move|p2a: Decidueye|Swords Dance|p2a: Decidueye
|-boost|p2a: Decidueye|atk|2
|
|-heal|p2a: Decidueye|85/100|[from] item: Leftovers
|upkeep
|turn|87
|
|t:|1757819919
|move|p2a: Decidueye|Shadow Sneak|p1a: Zapdos
|-crit|p1a: Zapdos
|-damage|p1a: Zapdos|19/100
|move|p1a: Zapdos|Hurricane|p2a: Decidueye
|-supereffective|p2a: Decidueye
|-damage|p2a: Decidueye|3/100
|
|-heal|p2a: Decidueye|9/100|[from] item: Leftovers
|upkeep
|turn|88
|
|t:|1757819927
|move|p2a: Decidueye|Shadow Sneak|p1a: Zapdos
|-damage|p1a: Zapdos|0 fnt
|-status|p2a: Decidueye|par|[from] ability: Static|[of] p1a: Zapdos
|faint|p1a: Zapdos
|
|-heal|p2a: Decidueye|15/100 par|[from] item: Leftovers
|upkeep
|
|t:|1757819931
|switch|p1a: Clefable|Clefable, F|83/100
|-damage|p1a: Clefable|71/100|[from] Stealth Rock
|turn|89
|
|t:|1757819937
|switch|p2a: Hydreigon|Hydreigon, M, tera:Steel|100/100
|-damage|p2a: Hydreigon|94/100|[from] Stealth Rock
|move|p1a: Clefable|Cosmic Power|p1a: Clefable
|-boost|p1a: Clefable|def|1
|-boost|p1a: Clefable|spd|1
|
|-heal|p1a: Clefable|77/100|[from] item: Leftovers
|upkeep
|turn|90
|
|t:|1757819943
|switch|p1a: Clodsire|Clodsire, M|100/100
|-damage|p1a: Clodsire|94/100|[from] Stealth Rock
|move|p2a: Hydreigon|Flash Cannon|p1a: Clodsire
|-damage|p1a: Clodsire|73/100
|
|-heal|p1a: Clodsire|80/100|[from] item: Black Sludge
|upkeep
|turn|91
|
|t:|1757819951
|switch|p2a: Ting-Lu|Ting-Lu|62/100 tox
|-damage|p2a: Ting-Lu|56/100 tox|[from] Stealth Rock
|-ability|p2a: Ting-Lu|Vessel of Ruin
|move|p1a: Clodsire|Poison Jab|p2a: Ting-Lu
|-resisted|p2a: Ting-Lu
|-damage|p2a: Ting-Lu|49/100 tox
|
|-heal|p2a: Ting-Lu|55/100 tox|[from] item: Leftovers
|-heal|p1a: Clodsire|86/100|[from] item: Black Sludge
|-damage|p2a: Ting-Lu|49/100 tox|[from] psn
|upkeep
|turn|92
|
|t:|1757819956
|switch|p1a: Clefable|Clefable, F|77/100
|-damage|p1a: Clefable|64/100|[from] Stealth Rock
|move|p2a: Ting-Lu|Earthquake|p1a: Clefable
|-damage|p1a: Clefable|37/100
|
|-heal|p1a: Clefable|43/100|[from] item: Leftovers
|-heal|p2a: Ting-Lu|55/100 tox|[from] item: Leftovers
|-damage|p2a: Ting-Lu|43/100 tox|[from] psn
|upkeep
|turn|93
|
|t:|1757819962
|switch|p2a: Hydreigon|Hydreigon, M, tera:Steel|94/100
|-damage|p2a: Hydreigon|88/100|[from] Stealth Rock
|move|p1a: Clefable|Moonlight|p1a: Clefable
|-heal|p1a: Clefable|93/100
|
|-heal|p1a: Clefable|99/100|[from] item: Leftovers
|upkeep
|turn|94
|
|t:|1757819976
|move|p2a: Hydreigon|U-turn|p1a: Clefable
|-resisted|p1a: Clefable
|-damage|p1a: Clefable|93/100
|
|t:|1757819978
|switch|p2a: Ceruledge|Ceruledge, M|91/100 par|[from] U-turn
|move|p1a: Clefable|Cosmic Power|p1a: Clefable
|-boost|p1a: Clefable|def|1
|-boost|p1a: Clefable|spd|1
|
|-heal|p1a: Clefable|99/100|[from] item: Leftovers
|upkeep
|turn|95
|
|t:|1757819984
|switch|p2a: Hydreigon|Hydreigon, M, tera:Steel|88/100
|-damage|p2a: Hydreigon|82/100|[from] Stealth Rock
|move|p1a: Clefable|Cosmic Power|p1a: Clefable
|-boost|p1a: Clefable|def|1
|-boost|p1a: Clefable|spd|1
|
|-heal|p1a: Clefable|100/100|[from] item: Leftovers
|upkeep
|turn|96
|
|t:|1757819993
|move|p2a: Hydreigon|Flash Cannon|p1a: Clefable
|-supereffective|p1a: Clefable
|-damage|p1a: Clefable|62/100
|move|p1a: Clefable|Cosmic Power|p1a: Clefable
|-boost|p1a: Clefable|def|1
|-boost|p1a: Clefable|spd|1
|
|-heal|p1a: Clefable|69/100|[from] item: Leftovers
|upkeep
|turn|97
|
|t:|1757820000
|move|p2a: Hydreigon|Flash Cannon|p1a: Clefable
|-supereffective|p1a: Clefable
|-damage|p1a: Clefable|38/100
|move|p1a: Clefable|Moonlight|p1a: Clefable
|-heal|p1a: Clefable|88/100
|
|-heal|p1a: Clefable|94/100|[from] item: Leftovers
|upkeep
|turn|98
|
|t:|1757820008
|move|p2a: Hydreigon|Flash Cannon|p1a: Clefable
|-supereffective|p1a: Clefable
|-damage|p1a: Clefable|65/100
|move|p1a: Clefable|Cosmic Power|p1a: Clefable
|-boost|p1a: Clefable|def|1
|-boost|p1a: Clefable|spd|1
|
|-heal|p1a: Clefable|71/100|[from] item: Leftovers
|upkeep
|turn|99
|
|t:|1757820012
|move|p2a: Hydreigon|Flash Cannon|p1a: Clefable
|-supereffective|p1a: Clefable
|-damage|p1a: Clefable|46/100
|-unboost|p1a: Clefable|spd|1
|move|p1a: Clefable|Cosmic Power|p1a: Clefable
|-boost|p1a: Clefable|def|1
|-boost|p1a: Clefable|spd|1
|
|-heal|p1a: Clefable|53/100|[from] item: Leftovers
|upkeep
|turn|100
|
|t:|1757820016
|move|p2a: Hydreigon|Flash Cannon|p1a: Clefable
|-supereffective|p1a: Clefable
|-damage|p1a: Clefable|27/100
|move|p1a: Clefable|Moonlight|p1a: Clefable
|-heal|p1a: Clefable|77/100
|
|-heal|p1a: Clefable|83/100|[from] item: Leftovers
|upkeep
|turn|101
|
|t:|1757820022
|move|p2a: Hydreigon|Flash Cannon|p1a: Clefable
|-supereffective|p1a: Clefable
|-damage|p1a: Clefable|58/100
|move|p1a: Clefable|Cosmic Power|p1a: Clefable
|-boost|p1a: Clefable|def|1
|-boost|p1a: Clefable|spd|1
|
|-heal|p1a: Clefable|64/100|[from] item: Leftovers
|upkeep
|turn|102
|
|t:|1757820031
|move|p2a: Hydreigon|Flash Cannon|p1a: Clefable
|-supereffective|p1a: Clefable
|-damage|p1a: Clefable|42/100
|move|p1a: Clefable|Stored Power|p2a: Hydreigon
|-resisted|p2a: Hydreigon
|-damage|p2a: Hydreigon|53/100
|
|-heal|p1a: Clefable|48/100|[from] item: Leftovers
|upkeep
|turn|103
|
|t:|1757820034
|-activate|p2a: Hydreigon|move: Struggle
|move|p2a: Hydreigon|Struggle|p1a: Clefable
|-damage|p1a: Clefable|46/100
|-damage|p2a: Hydreigon|28/100|[from] recoil
|move|p1a: Clefable|Moonlight|p1a: Clefable
|-heal|p1a: Clefable|96/100
|
|-heal|p1a: Clefable|100/100|[from] item: Leftovers
|upkeep
|turn|104
|
|t:|1757820045
|-activate|p2a: Hydreigon|move: Struggle
|move|p2a: Hydreigon|Struggle|p1a: Clefable
|-damage|p1a: Clefable|98/100
|-damage|p2a: Hydreigon|4/100|[from] recoil
|move|p1a: Clefable|Moonblast|p2a: Hydreigon
|-resisted|p2a: Hydreigon
|-damage|p2a: Hydreigon|0 fnt
|faint|p2a: Hydreigon
|
|-heal|p1a: Clefable|100/100|[from] item: Leftovers
|upkeep
|
|t:|1757820047
|switch|p2a: Ting-Lu|Ting-Lu|43/100 tox
|-damage|p2a: Ting-Lu|37/100 tox|[from] Stealth Rock
|-ability|p2a: Ting-Lu|Vessel of Ruin
|turn|105
|
|t:|1757820051
|move|p1a: Clefable|Moonblast|p2a: Ting-Lu
|-supereffective|p2a: Ting-Lu
|-damage|p2a: Ting-Lu|11/100 tox
|move|p2a: Ting-Lu|Whirlwind|p1a: Clefable
|drag|p1a: Cinderace|Cinderace, M|100/100
|
|-heal|p2a: Ting-Lu|17/100 tox|[from] item: Leftovers
|-damage|p2a: Ting-Lu|11/100 tox|[from] psn
|upkeep
|turn|106
|
|t:|1757820059
|switch|p2a: Ceruledge|Ceruledge, M|91/100 par
|move|p1a: Cinderace|U-turn|p2a: Ceruledge
|-start|p1a: Cinderace|typechange|Bug|[from] ability: Libero
|-resisted|p2a: Ceruledge
|-damage|p2a: Ceruledge|81/100 par
|
|t:|1757820074
|switch|p1a: Clefable|Clefable, F|100/100|[from] U-turn
|-damage|p1a: Clefable|88/100|[from] Stealth Rock
|
|-heal|p1a: Clefable|94/100|[from] item: Leftovers
|upkeep
|turn|107
|
|t:|1757820076
|move|p1a: Clefable|Cosmic Power|p1a: Clefable
|-boost|p1a: Clefable|def|1
|-boost|p1a: Clefable|spd|1
|move|p2a: Ceruledge|Bulk Up|p2a: Ceruledge
|-boost|p2a: Ceruledge|atk|1
|-boost|p2a: Ceruledge|def|1
|
|-heal|p1a: Clefable|99/100|[from] item: Leftovers
|upkeep
|turn|108
|
|t:|1757820079
|move|p1a: Clefable|Cosmic Power|p1a: Clefable
|-boost|p1a: Clefable|def|1
|-boost|p1a: Clefable|spd|1
|move|p2a: Ceruledge|Bulk Up|p2a: Ceruledge
|-boost|p2a: Ceruledge|atk|1
|-boost|p2a: Ceruledge|def|1
|
|-heal|p1a: Clefable|100/100|[from] item: Leftovers
|upkeep
|turn|109
|
|t:|1757820087
|move|p1a: Clefable|Cosmic Power|p1a: Clefable
|-boost|p1a: Clefable|def|1
|-boost|p1a: Clefable|spd|1
|move|p2a: Ceruledge|Shadow Claw|p1a: Clefable
|-damage|p1a: Clefable|91/100
|
|-heal|p1a: Clefable|97/100|[from] item: Leftovers
|upkeep
|turn|110
|
|t:|1757820090
|move|p1a: Clefable|Stored Power|p2a: Ceruledge
|-damage|p2a: Ceruledge|58/100 par
|cant|p2a: Ceruledge|par
|
|-heal|p1a: Clefable|100/100|[from] item: Leftovers
|upkeep
|turn|111
|
|t:|1757820096
|move|p1a: Clefable|Stored Power|p2a: Ceruledge
|-damage|p2a: Ceruledge|38/100 par
|move|p2a: Ceruledge|Bitter Blade|p1a: Clefable
|-damage|p1a: Clefable|89/100
|-heal|p2a: Ceruledge|44/100 par|[from] drain|[of] p1a: Clefable
|
|-heal|p1a: Clefable|95/100|[from] item: Leftovers
|upkeep
|turn|112
|
|t:|1757820099
|move|p1a: Clefable|Stored Power|p2a: Ceruledge
|-damage|p2a: Ceruledge|24/100 par
|move|p2a: Ceruledge|Shadow Claw|p1a: Clefable
|-damage|p1a: Clefable|87/100
|
|-heal|p1a: Clefable|93/100|[from] item: Leftovers
|upkeep
|turn|113
|
|t:|1757820101
|move|p1a: Clefable|Stored Power|p2a: Ceruledge
|-damage|p2a: Ceruledge|1/100 par
|move|p2a: Ceruledge|Shadow Claw|p1a: Clefable
|-damage|p1a: Clefable|83/100
|
|-heal|p1a: Clefable|90/100|[from] item: Leftovers
|upkeep
|turn|114
|
|t:|1757820104
|move|p1a: Clefable|Stored Power|p2a: Ceruledge
|-damage|p2a: Ceruledge|0 fnt
|faint|p2a: Ceruledge
|
|-heal|p1a: Clefable|96/100|[from] item: Leftovers
|upkeep
|
|t:|1757820106
|switch|p2a: Ting-Lu|Ting-Lu|11/100 tox
|-damage|p2a: Ting-Lu|5/100 tox|[from] Stealth Rock
|-ability|p2a: Ting-Lu|Vessel of Ruin
|turn|115
|
|t:|1757820109
|move|p1a: Clefable|Moonblast|p2a: Ting-Lu
|-supereffective|p2a: Ting-Lu
|-damage|p2a: Ting-Lu|0 fnt
|faint|p2a: Ting-Lu
|
|-heal|p1a: Clefable|100/100|[from] item: Leftovers
|upkeep
|
|t:|1757820111
|switch|p2a: Decidueye|Decidueye, F|15/100 par
|-damage|p2a: Decidueye|3/100 par|[from] Stealth Rock
|turn|116
|c|☆Sadnessi|gg
|
|t:|1757820129
|cant|p2a: Decidueye|par
|move|p1a: Clefable|Moonblast|p2a: Decidueye
|-damage|p2a: Decidueye|0 fnt
|faint|p2a: Decidueye
|
|win|Sadnessi
|raw|Sadnessi's rating: 1468 &rarr; <strong>1489</strong><br />(+21 for winning)
|raw|PrimeXStriker's rating: 1482 &rarr; <strong>1461</strong><br />(-21 for losing)
|l|☆PrimeXStriker
|player|p2|
|j| fashion people时尚人
|l|☆Sadnessi
|player|p1|
