|j|☆MiahOD
|j|‽LT91BB incelman
|t:|1757830167
|gametype|singles
|player|p1|MiahOD|marlon|1362
|player|p2|LT91BB incelman|miku-ice|1457
|gen|9
|tier|[Gen 9] OU
|rated|
|rule|HP Percentage Mod: HP is shown in percentages
|rule|Endless Battle Clause: Forcing endless battles is banned
|rule|Species Clause: Limit one of each Pokémon
|rule|OHKO Clause: OHKO moves are banned
|rule|Evasion Items Clause: Evasion items are banned
|rule|Evasion Moves Clause: Evasion moves are banned
|rule|Evasion Abilities Clause: Evasion abilities are banned
|rule|Sleep Moves Clause: Sleep-inducing moves are banned
|clearpoke
|poke|p1|Samurott-Hisui, M|
|poke|p1|Ogerpon-Cornerstone, F|
|poke|p1|Clefable, F|
|poke|p1|Skeledirge, M|
|poke|p1|Latios, M|
|poke|p1|Iron Treads|
|poke|p2|Raging Bolt|
|poke|p2|Walking Wake|
|poke|p2|Kingambit, F|
|poke|p2|Iron Moth|
|poke|p2|Landorus-Therian, M|
|poke|p2|Torkoal, F|
|teampreview
|inactive|Battle timer is ON: inactive players will automatically lose when time's up. (requested by MiahOD)
|
|t:|1757830176
|teamsize|p1|6
|teamsize|p2|6
|start
|switch|p1a: Samurott|Samurott-Hisui, M, shiny|100/100
|switch|p2a: Torkoal|Torkoal, F, shiny|100/100
|-weather|SunnyDay|[from] ability: Drought|[of] p2a: Torkoal
|turn|1
|
|t:|1757830186
|switch|p1a: Skeledirge|Skeledirge, M, shiny|100/100
|move|p2a: Torkoal|Will-O-Wisp|p1a: Skeledirge
|-immune|p1a: Skeledirge
|
|-weather|SunnyDay|[upkeep]
|upkeep
|turn|2
|inactive|LT91BB incelman has 120 seconds left.
|
|t:|1757830231
|switch|p2a: Walking Wake|Walking Wake|100/100
|-activate|p2a: Walking Wake|ability: Protosynthesis
|-start|p2a: Walking Wake|protosynthesisspe
|move|p1a: Skeledirge|Torch Song|p2a: Walking Wake
|-resisted|p2a: Walking Wake
|-damage|p2a: Walking Wake|87/100
|-boost|p1a: Skeledirge|spa|1
|
|-weather|SunnyDay|[upkeep]
|upkeep
|turn|3
|
|t:|1757830242
|switch|p1a: Clefable|Clefable, F, shiny|100/100
|move|p2a: Walking Wake|Hydro Steam|p1a: Clefable
|-damage|p1a: Clefable|10/100
|
|-weather|SunnyDay|[upkeep]
|upkeep
|turn|4
|
|t:|1757830254
|move|p2a: Walking Wake|Hydro Steam|p1a: Clefable
|-damage|p1a: Clefable|0 fnt
|faint|p1a: Clefable
|
|-weather|SunnyDay|[upkeep]
|upkeep
|
|t:|1757830257
|switch|p1a: Latios|Latios, M, shiny|100/100
|turn|5
|
|t:|1757830270
|-end|p2a: Walking Wake|Protosynthesis|[silent]
|switch|p2a: Kingambit|Kingambit, F, shiny|100/100
|move|p1a: Latios|Draco Meteor|p2a: Kingambit
|-resisted|p2a: Kingambit
|-damage|p2a: Kingambit|37/100
|-unboost|p1a: Latios|spa|2
|
|-weather|SunnyDay|[upkeep]
|-heal|p2a: Kingambit|44/100|[from] item: Leftovers
|upkeep
|turn|6
|
|t:|1757830280
|switch|p1a: Samurott|Samurott-Hisui, M, shiny|100/100
|-end|p2a: Kingambit|fallenundefined|[silent]
|switch|p2a: Landorus|Landorus-Therian, M|100/100
|-ability|p2a: Landorus|Intimidate|boost
|-unboost|p1a: Samurott|atk|1
|
|-weather|SunnyDay|[upkeep]
|upkeep
|turn|7
|
|t:|1757830297
|move|p1a: Samurott|Razor Shell|p2a: Landorus
|-supereffective|p2a: Landorus
|-damage|p2a: Landorus|72/100
|-unboost|p2a: Landorus|def|1
|-damage|p1a: Samurott|84/100|[from] item: Rocky Helmet|[of] p2a: Landorus
|move|p2a: Landorus|Grass Knot|p1a: Samurott
|-supereffective|p1a: Samurott
|-damage|p1a: Samurott|29/100
|
|-weather|SunnyDay|[upkeep]
|upkeep
|turn|8
|
|t:|1757830306
|move|p1a: Samurott|Ceaseless Edge|p2a: Landorus
|-damage|p2a: Landorus|32/100
|-damage|p1a: Samurott|12/100|[from] item: Rocky Helmet|[of] p2a: Landorus
|-sidestart|p2: LT91BB incelman|Spikes
|move|p2a: Landorus|U-turn|p1a: Samurott
|-supereffective|p1a: Samurott
|-damage|p1a: Samurott|0 fnt
|faint|p1a: Samurott
|
|t:|1757830319
|switch|p2a: Kingambit|Kingambit, F, shiny|44/100|[from] U-turn
|-damage|p2a: Kingambit|31/100|[from] Spikes
|
|-weather|none
|-heal|p2a: Kingambit|37/100|[from] item: Leftovers
|upkeep
|
|t:|1757830328
|switch|p1a: Iron Treads|Iron Treads, shiny|100/100
|turn|9
|
|t:|1757830346
|-end|p2a: Kingambit|fallenundefined|[silent]
|switch|p2a: Landorus|Landorus-Therian, M|32/100
|-ability|p2a: Landorus|Intimidate|boost
|-unboost|p1a: Iron Treads|atk|1
|move|p1a: Iron Treads|Stealth Rock|p2a: Landorus
|-sidestart|p2: LT91BB incelman|move: Stealth Rock
|
|upkeep
|turn|10
|
|t:|1757830353
|move|p1a: Iron Treads|Ice Spinner|p2a: Landorus
|-supereffective|p2a: Landorus
|-damage|p2a: Landorus|0 fnt
|-damage|p1a: Iron Treads|84/100|[from] item: Rocky Helmet|[of] p2a: Landorus
|faint|p2a: Landorus
|
|upkeep
|
|t:|1757830357
|switch|p2a: Torkoal|Torkoal, F, shiny|100/100
|-damage|p2a: Torkoal|88/100|[from] Spikes
|-damage|p2a: Torkoal|63/100|[from] Stealth Rock
|-weather|SunnyDay|[from] ability: Drought|[of] p2a: Torkoal
|turn|11
|
|t:|1757830372
|-end|p1a: Iron Treads|Quark Drive|[silent]
|switch|p1a: Skeledirge|Skeledirge, M, shiny|100/100
|-terastallize|p2a: Torkoal|Flying
|move|p2a: Torkoal|Will-O-Wisp|p1a: Skeledirge
|-immune|p1a: Skeledirge
|
|-weather|SunnyDay|[upkeep]
|upkeep
|turn|12
|
|t:|1757830381
|switch|p2a: Walking Wake|Walking Wake|87/100
|-damage|p2a: Walking Wake|75/100|[from] Spikes
|-damage|p2a: Walking Wake|63/100|[from] Stealth Rock
|-activate|p2a: Walking Wake|ability: Protosynthesis
|-start|p2a: Walking Wake|protosynthesisspe
|move|p1a: Skeledirge|Will-O-Wisp|p2a: Walking Wake
|-status|p2a: Walking Wake|brn
|
|-weather|SunnyDay|[upkeep]
|-damage|p2a: Walking Wake|57/100 brn|[from] brn
|upkeep
|turn|13
|
|t:|1757830394
|move|p2a: Walking Wake|Dragon Pulse|p1a: Skeledirge
|-damage|p1a: Skeledirge|57/100
|move|p1a: Skeledirge|Hex|p2a: Walking Wake
|-damage|p2a: Walking Wake|2/100 brn
|
|-weather|SunnyDay|[upkeep]
|-heal|p1a: Skeledirge|64/100|[from] item: Leftovers
|-damage|p2a: Walking Wake|0 fnt|[from] brn
|faint|p2a: Walking Wake
|-end|p2a: Walking Wake|Protosynthesis|[silent]
|upkeep
|
|t:|1757830400
|switch|p2a: Raging Bolt|Raging Bolt|100/100
|-damage|p2a: Raging Bolt|88/100|[from] Spikes
|-damage|p2a: Raging Bolt|76/100|[from] Stealth Rock
|-activate|p2a: Raging Bolt|ability: Protosynthesis
|-start|p2a: Raging Bolt|protosynthesisspa
|turn|14
|
|t:|1757830416
|switch|p1a: Iron Treads|Iron Treads, shiny|84/100
|move|p2a: Raging Bolt|Dragon Pulse|p1a: Iron Treads
|-resisted|p1a: Iron Treads
|-damage|p1a: Iron Treads|35/100
|
|-weather|SunnyDay|[upkeep]
|upkeep
|turn|15
|
|t:|1757830437
|-end|p2a: Raging Bolt|Protosynthesis|[silent]
|switch|p2a: Torkoal|Torkoal, F, shiny, tera:Flying|63/100
|-damage|p2a: Torkoal|39/100|[from] Stealth Rock
|move|p1a: Iron Treads|Ice Spinner|p2a: Torkoal
|-supereffective|p2a: Torkoal
|-damage|p2a: Torkoal|11/100
|
|-weather|SunnyDay|[upkeep]
|upkeep
|turn|16
|
|t:|1757830448
|move|p1a: Iron Treads|Ice Spinner|p2a: Torkoal
|-supereffective|p2a: Torkoal
|-damage|p2a: Torkoal|0 fnt
|faint|p2a: Torkoal
|
|-weather|SunnyDay|[upkeep]
|upkeep
|
|t:|1757830457
|switch|p2a: Iron Moth|Iron Moth, shiny|100/100
|-damage|p2a: Iron Moth|88/100|[from] Spikes
|-damage|p2a: Iron Moth|63/100|[from] Stealth Rock
|-enditem|p2a: Iron Moth|Booster Energy
|-activate|p2a: Iron Moth|ability: Quark Drive|[fromitem]
|-start|p2a: Iron Moth|quarkdrivespe
|turn|17
|
|t:|1757830477
|-end|p1a: Iron Treads|Quark Drive|[silent]
|switch|p1a: Skeledirge|Skeledirge, M, shiny|64/100
|move|p2a: Iron Moth|Fiery Dance|p1a: Skeledirge
|-resisted|p1a: Skeledirge
|-damage|p1a: Skeledirge|43/100
|
|-weather|SunnyDay|[upkeep]
|-heal|p1a: Skeledirge|49/100|[from] item: Leftovers
|upkeep
|turn|18
|
|t:|1757830485
|move|p2a: Iron Moth|Sludge Wave|p1a: Skeledirge
|-resisted|p1a: Skeledirge
|-damage|p1a: Skeledirge|31/100
|move|p1a: Skeledirge|Slack Off|p1a: Skeledirge
|-heal|p1a: Skeledirge|81/100
|
|-weather|none
|-heal|p1a: Skeledirge|87/100|[from] item: Leftovers
|upkeep
|turn|19
|-message|LT91BB incelman forfeited.
|
|win|MiahOD
|raw|MiahOD's rating: 1362 &rarr; <strong>1387</strong><br />(+25 for winning)
|raw|LT91BB incelman's rating: 1457 &rarr; <strong>1432</strong><br />(-25 for losing)
|l|‽LT91BB incelman
|player|p2|
|l|☆MiahOD
|player|p1|
