|j|☆kurogite
|j|☆SemperMamba
|t:|1757808243
|gametype|singles
|player|p1|kurogite|flint|1356
|player|p2|SemperMamba|170|1281
|gen|9
|tier|[Gen 9] OU
|rated|
|rule|HP Percentage Mod: HP is shown in percentages
|rule|Endless Battle Clause: Forcing endless battles is banned
|rule|Species Clause: Limit one of each Pokémon
|rule|OHKO Clause: OHKO moves are banned
|rule|Evasion Items Clause: Evasion items are banned
|rule|Evasion Moves Clause: Evasion moves are banned
|rule|Evasion Abilities Clause: Evasion abilities are banned
|rule|Sleep Moves Clause: Sleep-inducing moves are banned
|clearpoke
|poke|p1|Terrakion|
|poke|p1|Ting-Lu|
|poke|p1|Sinistcha|
|poke|p1|Skeledirge, F|
|poke|p1|Samurott-Hisui, M|
|poke|p1|Great Tusk|
|poke|p2|Lokix, F|
|poke|p2|Iron Crown|
|poke|p2|Gliscor, M|
|poke|p2|Garganacl, M|
|poke|p2|Pecharunt|
|poke|p2|Cinderace, F|
|teampreview
|
|t:|1757808265
|teamsize|p1|6
|teamsize|p2|6
|start
|switch|p1a: Terrakion|Terrakion|100/100
|switch|p2a: Iron Crown|Iron Crown|100/100
|turn|1
|
|t:|1757808274
|move|p1a: Terrakion|Earthquake|p2a: Iron Crown
|-supereffective|p2a: Iron Crown
|-damage|p2a: Iron Crown|24/100
|move|p2a: Iron Crown|Tachyon Cutter|p1a: Terrakion
|-supereffective|p1a: Terrakion
|-damage|p1a: Terrakion|13/100
|-supereffective|p1a: Terrakion
|-damage|p1a: Terrakion|0 fnt
|faint|p1a: Terrakion
|-hitcount|p1: Terrakion|2
|
|upkeep
|
|t:|1757808278
|switch|p1a: Samurott|Samurott-Hisui, M|100/100
|turn|2
|
|t:|1757808295
|-end|p2a: Iron Crown|Quark Drive|[silent]
|switch|p2a: Lokix|Lokix, F|100/100
|move|p1a: Samurott|Aqua Cutter|p2a: Lokix
|-damage|p2a: Lokix|33/100
|
|upkeep
|turn|3
|
|t:|1757808304
|switch|p1a: Great Tusk|Great Tusk|100/100
|-enditem|p1a: Great Tusk|Booster Energy
|-activate|p1a: Great Tusk|ability: Protosynthesis|[fromitem]
|-start|p1a: Great Tusk|protosynthesisatk
|move|p2a: Lokix|U-turn|p1a: Great Tusk
|-resisted|p1a: Great Tusk
|-damage|p1a: Great Tusk|69/100
|
|t:|1757808310
|switch|p2a: Iron Crown|Iron Crown|24/100|[from] U-turn
|
|upkeep
|turn|4
|
|t:|1757808321
|-end|p1a: Great Tusk|Protosynthesis|[silent]
|switch|p1a: Ting-Lu|Ting-Lu|100/100
|-ability|p1a: Ting-Lu|Vessel of Ruin
|move|p2a: Iron Crown|Tachyon Cutter|p1a: Ting-Lu
|-damage|p1a: Ting-Lu|82/100
|-crit|p1a: Ting-Lu
|-damage|p1a: Ting-Lu|55/100
|-hitcount|p1a: Ting-Lu|2
|
|-heal|p1a: Ting-Lu|61/100|[from] item: Leftovers
|upkeep
|turn|5
|
|t:|1757808337
|-end|p2a: Iron Crown|Quark Drive|[silent]
|switch|p2a: Gliscor|Gliscor, M|100/100
|move|p1a: Ting-Lu|Earthquake|p2a: Gliscor
|-immune|p2a: Gliscor
|
|-heal|p1a: Ting-Lu|67/100|[from] item: Leftovers
|-status|p2a: Gliscor|tox|[from] item: Toxic Orb
|upkeep
|turn|6
|
|t:|1757808373
|move|p2a: Gliscor|Swords Dance|p2a: Gliscor
|-boost|p2a: Gliscor|atk|2
|move|p1a: Ting-Lu|Ruination|p2a: Gliscor
|-damage|p2a: Gliscor|50/100 tox
|
|-heal|p1a: Ting-Lu|74/100|[from] item: Leftovers
|-heal|p2a: Gliscor|63/100 tox|[from] ability: Poison Heal
|upkeep
|turn|7
|
|t:|1757808381
|move|p2a: Gliscor|Earthquake|p1a: Ting-Lu
|-damage|p1a: Ting-Lu|22/100
|move|p1a: Ting-Lu|Whirlwind|p2a: Gliscor
|drag|p2a: Iron Crown|Iron Crown|24/100
|
|-heal|p1a: Ting-Lu|28/100|[from] item: Leftovers
|upkeep
|turn|8
|
|t:|1757808394
|move|p2a: Iron Crown|Tachyon Cutter|p1a: Ting-Lu
|-damage|p1a: Ting-Lu|9/100
|-damage|p1a: Ting-Lu|0 fnt
|faint|p1a: Ting-Lu
|-hitcount|p1: Ting-Lu|2
|
|upkeep
|
|t:|1757808396
|switch|p1a: Samurott|Samurott-Hisui, M|100/100
|turn|9
|
|t:|1757808405
|move|p1a: Samurott|Aqua Cutter|p2a: Iron Crown
|-damage|p2a: Iron Crown|0 fnt
|faint|p2a: Iron Crown
|-end|p2a: Iron Crown|Quark Drive|[silent]
|
|upkeep
|
|t:|1757808411
|switch|p2a: Lokix|Lokix, F|33/100
|turn|10
|
|t:|1757808417
|switch|p1a: Great Tusk|Great Tusk|69/100
|move|p2a: Lokix|First Impression|p1a: Great Tusk
|-resisted|p1a: Great Tusk
|-damage|p1a: Great Tusk|31/100
|
|upkeep
|turn|11
|
|t:|1757808443
|-end|p1a: Great Tusk|Protosynthesis|[silent]
|switch|p1a: Samurott|Samurott-Hisui, M|100/100
|switch|p2a: Gliscor|Gliscor, M|63/100 tox
|
|-heal|p2a: Gliscor|75/100 tox|[from] ability: Poison Heal
|upkeep
|turn|12
|
|t:|1757808455
|move|p2a: Gliscor|Protect|p2a: Gliscor
|-singleturn|p2a: Gliscor|Protect
|move|p1a: Samurott|Aqua Cutter|p2a: Gliscor
|-activate|p2a: Gliscor|move: Protect
|
|-heal|p2a: Gliscor|88/100 tox|[from] ability: Poison Heal
|upkeep
|turn|13
|
|t:|1757808467
|switch|p2a: Pecharunt|Pecharunt|100/100
|move|p1a: Samurott|Aqua Cutter|p2a: Pecharunt
|-damage|p2a: Pecharunt|79/100
|
|upkeep
|turn|14
|
|t:|1757808476
|switch|p1a: Great Tusk|Great Tusk|31/100
|move|p2a: Pecharunt|Parting Shot|p1a: Great Tusk
|-unboost|p1a: Great Tusk|atk|1
|-unboost|p1a: Great Tusk|spa|1
|
|t:|1757808480
|switch|p2a: Cinderace|Cinderace, F|100/100|[from] Parting Shot
|
|upkeep
|turn|15
|
|t:|1757808488
|move|p2a: Cinderace|Pyro Ball|p1a: Great Tusk
|-damage|p1a: Great Tusk|0 fnt
|faint|p1a: Great Tusk
|-end|p1a: Great Tusk|Protosynthesis|[silent]
|
|upkeep
|
|t:|1757808506
|switch|p1a: Skeledirge|Skeledirge, F|100/100
|turn|16
|
|t:|1757808515
|move|p2a: Cinderace|U-turn|p1a: Skeledirge
|-start|p2a: Cinderace|typechange|Bug|[from] ability: Libero
|-resisted|p1a: Skeledirge
|-damage|p1a: Skeledirge|96/100
|
|t:|1757808519
|switch|p2a: Garganacl|Garganacl, M|100/100|[from] U-turn
|move|p1a: Skeledirge|Torch Song|p2a: Garganacl
|-resisted|p2a: Garganacl
|-damage|p2a: Garganacl|91/100
|-boost|p1a: Skeledirge|spa|1
|
|-heal|p2a: Garganacl|97/100|[from] item: Leftovers
|upkeep
|turn|17
|
|t:|1757808528
|move|p1a: Skeledirge|Earth Power|p2a: Garganacl
|-supereffective|p2a: Garganacl
|-damage|p2a: Garganacl|54/100
|move|p2a: Garganacl|Salt Cure|p1a: Skeledirge
|-supereffective|p1a: Skeledirge
|-damage|p1a: Skeledirge|79/100
|-start|p1a: Skeledirge|Salt Cure
|
|-heal|p2a: Garganacl|60/100|[from] item: Leftovers
|-damage|p1a: Skeledirge|67/100|[from] Salt Cure
|upkeep
|turn|18
|
|t:|1757808536
|move|p1a: Skeledirge|Slack Off|p1a: Skeledirge
|-heal|p1a: Skeledirge|100/100
|move|p2a: Garganacl|Stealth Rock|p1a: Skeledirge
|-sidestart|p1: kurogite|move: Stealth Rock
|
|-heal|p2a: Garganacl|67/100|[from] item: Leftovers
|-damage|p1a: Skeledirge|88/100|[from] Salt Cure
|upkeep
|turn|19
|
|t:|1757808542
|move|p1a: Skeledirge|Torch Song|p2a: Garganacl
|-resisted|p2a: Garganacl
|-damage|p2a: Garganacl|50/100
|-boost|p1a: Skeledirge|spa|1
|move|p2a: Garganacl|Salt Cure|p1a: Skeledirge
|-supereffective|p1a: Skeledirge
|-damage|p1a: Skeledirge|72/100
|
|-heal|p2a: Garganacl|57/100|[from] item: Leftovers
|-damage|p1a: Skeledirge|60/100|[from] Salt Cure
|upkeep
|turn|20
|
|t:|1757808555
|move|p2a: Garganacl|Protect|p2a: Garganacl
|-singleturn|p2a: Garganacl|Protect
|move|p1a: Skeledirge|Torch Song|p2a: Garganacl
|-activate|p2a: Garganacl|move: Protect
|
|-heal|p2a: Garganacl|63/100|[from] item: Leftovers
|-damage|p1a: Skeledirge|47/100|[from] Salt Cure
|upkeep
|turn|21
|
|t:|1757808561
|move|p1a: Skeledirge|Slack Off|p1a: Skeledirge
|-heal|p1a: Skeledirge|97/100
|move|p2a: Garganacl|Recover|p2a: Garganacl
|-heal|p2a: Garganacl|100/100
|
|-damage|p1a: Skeledirge|85/100|[from] Salt Cure
|upkeep
|turn|22
|
|t:|1757808574
|-terastallize|p2a: Garganacl|Water
|move|p1a: Skeledirge|Torch Song|p2a: Garganacl
|-resisted|p2a: Garganacl
|-damage|p2a: Garganacl|80/100
|-boost|p1a: Skeledirge|spa|1
|move|p2a: Garganacl|Salt Cure|p1a: Skeledirge
|-supereffective|p1a: Skeledirge
|-damage|p1a: Skeledirge|68/100
|
|-heal|p2a: Garganacl|86/100|[from] item: Leftovers
|-damage|p1a: Skeledirge|56/100|[from] Salt Cure
|upkeep
|turn|23
|
|t:|1757808596
|move|p1a: Skeledirge|Slack Off|p1a: Skeledirge
|-heal|p1a: Skeledirge|100/100
|move|p2a: Garganacl|Salt Cure|p1a: Skeledirge
|-supereffective|p1a: Skeledirge
|-damage|p1a: Skeledirge|82/100
|
|-heal|p2a: Garganacl|92/100|[from] item: Leftovers
|-damage|p1a: Skeledirge|69/100|[from] Salt Cure
|upkeep
|turn|24
|
|t:|1757808603
|move|p1a: Skeledirge|Torch Song|p2a: Garganacl
|-resisted|p2a: Garganacl
|-damage|p2a: Garganacl|67/100
|-boost|p1a: Skeledirge|spa|1
|move|p2a: Garganacl|Salt Cure|p1a: Skeledirge
|-supereffective|p1a: Skeledirge
|-damage|p1a: Skeledirge|53/100
|
|-heal|p2a: Garganacl|73/100|[from] item: Leftovers
|-damage|p1a: Skeledirge|40/100|[from] Salt Cure
|upkeep
|turn|25
|
|t:|1757808620
|move|p1a: Skeledirge|Slack Off|p1a: Skeledirge
|-heal|p1a: Skeledirge|90/100
|move|p2a: Garganacl|Salt Cure|p1a: Skeledirge
|-supereffective|p1a: Skeledirge
|-damage|p1a: Skeledirge|72/100
|
|-heal|p2a: Garganacl|79/100|[from] item: Leftovers
|-damage|p1a: Skeledirge|60/100|[from] Salt Cure
|upkeep
|turn|26
|
|t:|1757808630
|move|p1a: Skeledirge|Earth Power|p2a: Garganacl
|-damage|p2a: Garganacl|37/100
|-unboost|p2a: Garganacl|spd|1
|move|p2a: Garganacl|Salt Cure|p1a: Skeledirge
|-supereffective|p1a: Skeledirge
|-damage|p1a: Skeledirge|42/100
|
|-heal|p2a: Garganacl|43/100|[from] item: Leftovers
|-damage|p1a: Skeledirge|29/100|[from] Salt Cure
|upkeep
|turn|27
|
|t:|1757808644
|move|p2a: Garganacl|Protect|p2a: Garganacl
|-singleturn|p2a: Garganacl|Protect
|move|p1a: Skeledirge|Slack Off|p1a: Skeledirge
|-heal|p1a: Skeledirge|80/100
|
|-heal|p2a: Garganacl|49/100|[from] item: Leftovers
|-damage|p1a: Skeledirge|67/100|[from] Salt Cure
|upkeep
|turn|28
|
|t:|1757808671
|switch|p2a: Pecharunt|Pecharunt|79/100
|move|p1a: Skeledirge|Earth Power|p2a: Pecharunt
|-supereffective|p2a: Pecharunt
|-damage|p2a: Pecharunt|0 fnt
|faint|p2a: Pecharunt
|
|-damage|p1a: Skeledirge|55/100|[from] Salt Cure
|upkeep
|
|t:|1757808674
|switch|p2a: Lokix|Lokix, F|33/100
|turn|29
|
|t:|1757808681
|switch|p1a: Samurott|Samurott-Hisui, M|100/100
|-damage|p1a: Samurott|88/100|[from] Stealth Rock
|move|p2a: Lokix|U-turn|p1a: Samurott
|-supereffective|p1a: Samurott
|-damage|p1a: Samurott|0 fnt
|faint|p1a: Samurott
|
|t:|1757808692
|switch|p2a: Cinderace|Cinderace, F|100/100|[from] U-turn
|
|upkeep
|
|t:|1757808695
|switch|p1a: Sinistcha|Sinistcha|100/100
|turn|30
|
|t:|1757808702
|move|p2a: Cinderace|U-turn|p1a: Sinistcha
|-start|p2a: Cinderace|typechange|Bug|[from] ability: Libero
|-damage|p1a: Sinistcha|78/100
|
|t:|1757808706
|switch|p2a: Gliscor|Gliscor, M|88/100 tox|[from] U-turn
|move|p1a: Sinistcha|Strength Sap|p2a: Gliscor
|-unboost|p2a: Gliscor|atk|1
|-heal|p1a: Sinistcha|100/100
|
|-heal|p2a: Gliscor|100/100 tox|[from] ability: Poison Heal
|upkeep
|turn|31
|
|t:|1757808719
|switch|p2a: Garganacl|Garganacl, M, tera:Water|49/100
|move|p1a: Sinistcha|Calm Mind|p1a: Sinistcha
|-boost|p1a: Sinistcha|spa|1
|-boost|p1a: Sinistcha|spd|1
|
|-heal|p2a: Garganacl|55/100|[from] item: Leftovers
|upkeep
|turn|32
|
|t:|1757808735
|move|p1a: Sinistcha|Matcha Gotcha|p2a: Garganacl
|-supereffective|p2a: Garganacl
|-damage|p2a: Garganacl|0 fnt
|faint|p2a: Garganacl
|
|upkeep
|
|t:|1757808739
|switch|p2a: Cinderace|Cinderace, F|100/100
|turn|33
|
|t:|1757808754
|move|p2a: Cinderace|Pyro Ball|p1a: Sinistcha
|-supereffective|p1a: Sinistcha
|-damage|p1a: Sinistcha|64/100
|move|p1a: Sinistcha|Strength Sap|p2a: Cinderace
|-unboost|p2a: Cinderace|atk|1
|-heal|p1a: Sinistcha|100/100
|
|upkeep
|turn|34
|
|t:|1757808765
|move|p2a: Cinderace|Will-O-Wisp|p1a: Sinistcha
|-status|p1a: Sinistcha|brn
|move|p1a: Sinistcha|Calm Mind|p1a: Sinistcha
|-boost|p1a: Sinistcha|spa|1
|-boost|p1a: Sinistcha|spd|1
|
|-damage|p1a: Sinistcha|98/100 brn|[from] brn
|upkeep
|turn|35
|
|t:|1757808772
|move|p2a: Cinderace|U-turn|p1a: Sinistcha
|-start|p2a: Cinderace|typechange|Bug|[from] ability: Libero
|-damage|p1a: Sinistcha|81/100 brn
|
|t:|1757808777
|switch|p2a: Gliscor|Gliscor, M|100/100 tox|[from] U-turn
|move|p1a: Sinistcha|Matcha Gotcha|p2a: Gliscor
|-damage|p2a: Gliscor|12/100 tox
|-heal|p1a: Sinistcha|100/100 brn|[from] drain|[of] p2a: Gliscor
|
|-heal|p2a: Gliscor|25/100 tox|[from] ability: Poison Heal
|-damage|p1a: Sinistcha|98/100 brn|[from] brn
|upkeep
|turn|36
|
|t:|1757808784
|move|p2a: Gliscor|Protect|p2a: Gliscor
|-singleturn|p2a: Gliscor|Protect
|move|p1a: Sinistcha|Matcha Gotcha|p2a: Gliscor
|-activate|p2a: Gliscor|move: Protect
|
|-heal|p2a: Gliscor|37/100 tox|[from] ability: Poison Heal
|-damage|p1a: Sinistcha|95/100 brn|[from] brn
|upkeep
|turn|37
|
|t:|1757808789
|switch|p2a: Cinderace|Cinderace, F|100/100
|move|p1a: Sinistcha|Matcha Gotcha|p2a: Cinderace
|-resisted|p2a: Cinderace
|-damage|p2a: Cinderace|51/100
|-heal|p1a: Sinistcha|100/100 brn|[from] drain|[of] p2a: Cinderace
|
|-damage|p1a: Sinistcha|98/100 brn|[from] brn
|upkeep
|turn|38
|
|t:|1757808804
|move|p2a: Cinderace|Pyro Ball|p1a: Sinistcha
|-supereffective|p1a: Sinistcha
|-damage|p1a: Sinistcha|55/100 brn
|move|p1a: Sinistcha|Matcha Gotcha|p2a: Cinderace
|-resisted|p2a: Cinderace
|-damage|p2a: Cinderace|2/100
|-heal|p1a: Sinistcha|77/100 brn|[from] drain|[of] p2a: Cinderace
|
|-damage|p1a: Sinistcha|74/100 brn|[from] brn
|upkeep
|turn|39
|
|t:|1757808818
|move|p2a: Cinderace|Pyro Ball|p1a: Sinistcha
|-supereffective|p1a: Sinistcha
|-damage|p1a: Sinistcha|32/100 brn
|move|p1a: Sinistcha|Strength Sap|p2a: Cinderace
|-unboost|p2a: Cinderace|atk|1
|-heal|p1a: Sinistcha|100/100 brn
|
|-damage|p1a: Sinistcha|98/100 brn|[from] brn
|upkeep
|turn|40
|
|t:|1757808830
|switch|p2a: Gliscor|Gliscor, M|37/100 tox
|move|p1a: Sinistcha|Strength Sap|p2a: Gliscor
|-unboost|p2a: Gliscor|atk|1
|-heal|p1a: Sinistcha|100/100 brn
|
|-heal|p2a: Gliscor|50/100 tox|[from] ability: Poison Heal
|-damage|p1a: Sinistcha|98/100 brn|[from] brn
|upkeep
|turn|41
|
|t:|1757808836
|move|p2a: Gliscor|Earthquake|p1a: Sinistcha
|-resisted|p1a: Sinistcha
|-damage|p1a: Sinistcha|89/100 brn
|move|p1a: Sinistcha|Matcha Gotcha|p2a: Gliscor
|-damage|p2a: Gliscor|0 fnt
|-heal|p1a: Sinistcha|100/100 brn|[from] drain|[of] p2a: Gliscor
|faint|p2a: Gliscor
|
|-damage|p1a: Sinistcha|98/100 brn|[from] brn
|upkeep
|
|t:|1757808839
|switch|p2a: Lokix|Lokix, F|33/100
|turn|42
|
|t:|1757808849
|move|p2a: Lokix|U-turn|p1a: Sinistcha
|-damage|p1a: Sinistcha|67/100 brn
|
|t:|1757808851
|switch|p2a: Cinderace|Cinderace, F|2/100|[from] U-turn
|move|p1a: Sinistcha|Matcha Gotcha|p2a: Cinderace|[miss]
|-miss|p1a: Sinistcha|p2a: Cinderace
|
|-damage|p1a: Sinistcha|64/100 brn|[from] brn
|upkeep
|turn|43
|
|t:|1757808859
|move|p2a: Cinderace|Pyro Ball|p1a: Sinistcha
|-supereffective|p1a: Sinistcha
|-damage|p1a: Sinistcha|24/100 brn
|move|p1a: Sinistcha|Strength Sap|p2a: Cinderace
|-unboost|p2a: Cinderace|atk|1
|-heal|p1a: Sinistcha|100/100 brn
|
|-damage|p1a: Sinistcha|98/100 brn|[from] brn
|upkeep
|turn|44
|
|t:|1757808863
|move|p2a: Cinderace|Pyro Ball|p1a: Sinistcha
|-supereffective|p1a: Sinistcha
|-damage|p1a: Sinistcha|72/100 brn
|move|p1a: Sinistcha|Matcha Gotcha|p2a: Cinderace
|-resisted|p2a: Cinderace
|-damage|p2a: Cinderace|0 fnt
|-heal|p1a: Sinistcha|72/100 brn|[from] drain|[of] p2a: Cinderace
|faint|p2a: Cinderace
|
|-damage|p1a: Sinistcha|69/100 brn|[from] brn
|upkeep
|
|t:|1757808865
|switch|p2a: Lokix|Lokix, F|33/100
|turn|45
|
|t:|1757808868
|-terastallize|p1a: Sinistcha|Grass
|move|p2a: Lokix|Knock Off|p1a: Sinistcha
|-damage|p1a: Sinistcha|38/100 brn
|-enditem|p1a: Sinistcha|Heavy-Duty Boots|[from] move: Knock Off|[of] p2a: Lokix
|move|p1a: Sinistcha|Matcha Gotcha|p2a: Lokix
|-resisted|p2a: Lokix
|-damage|p2a: Lokix|0 fnt
|-heal|p1a: Sinistcha|52/100 brn|[from] drain|[of] p2a: Lokix
|faint|p2a: Lokix
|
|win|kurogite
|raw|kurogite's rating: 1356 &rarr; <strong>1372</strong><br />(+16 for winning)
|raw|SemperMamba's rating: 1281 &rarr; <strong>1261</strong><br />(-20 for losing)
|l|☆SemperMamba
|player|p2|
|l|☆kurogite
|player|p1|
