|j|☆Nameless Moron
|j|☆DarkstarIS19
|t:|1757848400
|gametype|singles
|player|p1|Nameless Moron|unknown|1031
|player|p2|DarkstarIS19|170|1000
|gen|9
|tier|[Gen 9] OU
|rated|
|rule|HP Percentage Mod: HP is shown in percentages
|rule|Endless Battle Clause: Forcing endless battles is banned
|rule|Species Clause: Limit one of each Pokémon
|rule|OHKO Clause: OHKO moves are banned
|rule|Evasion Items Clause: Evasion items are banned
|rule|Evasion Moves Clause: Evasion moves are banned
|rule|Evasion Abilities Clause: Evasion abilities are banned
|rule|Sleep Moves Clause: Sleep-inducing moves are banned
|clearpoke
|poke|p1|Scizor, F|
|poke|p1|Ceruledge, F|
|poke|p1|Greninja-*, M|
|poke|p1|Clodsire, F|
|poke|p1|Great Tusk|
|poke|p1|Dragapult, M|
|poke|p2|Incineroar, F|
|poke|p2|Sceptile, M|
|poke|p2|Charizard, F|
|poke|p2|Metagross|
|poke|p2|Greninja-*, M|
|poke|p2|Maushold-Four|
|teampreview
|inactive|Battle timer is ON: inactive players will automatically lose when time's up. (requested by Nameless Moron)
|
|t:|1757848413
|teamsize|p1|6
|teamsize|p2|6
|start
|switch|p1a: Ceruledge|Ceruledge, F|100/100
|switch|p2a: Maushold|Maushold-Four, shiny|100/100
|turn|1
|
|t:|1757848419
|move|p2a: Maushold|Tidy Up|p2a: Maushold
|-boost|p2a: Maushold|atk|1
|-boost|p2a: Maushold|spe|1
|move|p1a: Ceruledge|Bulk Up|p1a: Ceruledge
|-boost|p1a: Ceruledge|atk|1
|-boost|p1a: Ceruledge|def|1
|
|upkeep
|turn|2
|
|t:|1757848428
|move|p2a: Maushold|Tidy Up|p2a: Maushold
|-boost|p2a: Maushold|atk|1
|-boost|p2a: Maushold|spe|1
|move|p1a: Ceruledge|Taunt|p2a: Maushold
|-start|p2a: Maushold|move: Taunt
|
|upkeep
|turn|3
|
|t:|1757848440
|move|p2a: Maushold|Population Bomb|p1a: Ceruledge
|-immune|p1a: Ceruledge
|move|p1a: Ceruledge|Bulk Up|p1a: Ceruledge
|-boost|p1a: Ceruledge|atk|1
|-boost|p1a: Ceruledge|def|1
|
|upkeep
|turn|4
|
|t:|1757848451
|move|p2a: Maushold|Play Rough|p1a: Ceruledge
|-resisted|p1a: Ceruledge
|-damage|p1a: Ceruledge|88/100
|move|p1a: Ceruledge|Bulk Up|p1a: Ceruledge
|-boost|p1a: Ceruledge|atk|1
|-boost|p1a: Ceruledge|def|1
|
|upkeep
|turn|5
|
|t:|1757848465
|switch|p2a: Greninja|Greninja, M, shiny|100/100
|move|p1a: Ceruledge|Bulk Up|p1a: Ceruledge
|-boost|p1a: Ceruledge|atk|1
|-boost|p1a: Ceruledge|def|1
|
|upkeep
|turn|6
|
|t:|1757848473
|move|p1a: Ceruledge|Shadow Sneak|p2a: Greninja
|-resisted|p2a: Greninja
|-damage|p2a: Greninja|65/100
|move|p2a: Greninja|Water Pulse|p1a: Ceruledge
|-supereffective|p1a: Ceruledge
|-damage|p1a: Ceruledge|55/100
|
|upkeep
|turn|7
|
|t:|1757848480
|move|p2a: Greninja|Water Pulse|p1a: Ceruledge
|-supereffective|p1a: Ceruledge
|-damage|p1a: Ceruledge|23/100
|move|p1a: Ceruledge|Bitter Blade|p2a: Greninja
|-resisted|p2a: Greninja
|-damage|p2a: Greninja|0 fnt
|-heal|p1a: Ceruledge|51/100|[from] drain|[of] p2a: Greninja
|faint|p2a: Greninja
|
|upkeep
|
|t:|1757848491
|switch|p2a: Incineroar|Incineroar, F|100/100
|turn|8
|
|t:|1757848501
|move|p1a: Ceruledge|Bitter Blade|p2a: Incineroar
|-resisted|p2a: Incineroar
|-damage|p2a: Incineroar|45/100
|-heal|p1a: Ceruledge|79/100|[from] drain|[of] p2a: Incineroar
|move|p2a: Incineroar|Flame Charge|p1a: Ceruledge
|-start|p1a: Ceruledge|ability: Flash Fire
|
|upkeep
|turn|9
|
|t:|1757848512
|switch|p2a: Charizard|Charizard, F, shiny|100/100
|move|p1a: Ceruledge|Bitter Blade|p2a: Charizard
|-resisted|p2a: Charizard
|-damage|p2a: Charizard|4/100
|-heal|p1a: Ceruledge|100/100|[from] drain|[of] p2a: Charizard
|
|upkeep
|turn|10
|
|t:|1757848523
|move|p1a: Ceruledge|Shadow Sneak|p2a: Charizard
|-damage|p2a: Charizard|0 fnt
|faint|p2a: Charizard
|
|upkeep
|
|t:|1757848529
|switch|p2a: Sceptile|Sceptile, M|100/100
|turn|11
|c|☆Nameless Moron|is it your first time playing??
|-message|DarkstarIS19 forfeited.
|
|win|Nameless Moron
|raw|Nameless Moron's rating: 1031 &rarr; <strong>1063</strong><br />(+32 for winning)
|raw|DarkstarIS19's rating: 1000 &rarr; <strong>1000</strong><br />(+0 for losing)
|l|☆DarkstarIS19
|player|p2|
