|j|☆lzc123456
|j|☆Mr Tpen
|t:|1757857259
|gametype|singles
|player|p1|lzc123456|cynthia-gen4|1687
|player|p2|Mr Tpen|2|1812
|gen|9
|tier|[Gen 9] OU
|rated|
|rule|HP Percentage Mod: HP is shown in percentages
|rule|Endless Battle Clause: Forcing endless battles is banned
|rule|Species Clause: Limit one of each Pokémon
|rule|OHKO Clause: OHKO moves are banned
|rule|Evasion Items Clause: Evasion items are banned
|rule|Evasion Moves Clause: Evasion moves are banned
|rule|Evasion Abilities Clause: Evasion abilities are banned
|rule|Sleep Moves Clause: Sleep-inducing moves are banned
|clearpoke
|poke|p1|Alomomola, F|
|poke|p1|Serperior, F|
|poke|p1|Garchomp, M|
|poke|p1|Iron Treads|
|poke|p1|Pelipper, M|
|poke|p1|Zamazenta-*|
|poke|p2|Enamorus, F|
|poke|p2|Kyurem|
|poke|p2|Landorus-Therian, M|
|poke|p2|Kingambit, F|
|poke|p2|Ogerpon-Wellspring, F|
|poke|p2|Glimmora, F|
|teampreview
|inactive|Battle timer is ON: inactive players will automatically lose when time's up. (requested by lzc123456)
|
|t:|1757857275
|teamsize|p1|6
|teamsize|p2|6
|start
|switch|p1a: 蛇姐|Serperior, F, shiny|100/100
|switch|p2a: Kyurem|Kyurem|100/100
|-ability|p2a: Kyurem|Pressure
|turn|1
|
|t:|1757857282
|move|p2a: Kyurem|Ice Beam|p1a: 蛇姐
|-supereffective|p1a: 蛇姐
|-damage|p1a: 蛇姐|0 fnt
|faint|p1a: 蛇姐
|
|upkeep
|
|t:|1757857288
|switch|p1a: 盾盾小狗|Zamazenta|100/100
|-ability|p1a: 盾盾小狗|Dauntless Shield|boost
|-boost|p1a: 盾盾小狗|def|1
|turn|2
|
|t:|1757857296
|switch|p2a: Glimmora|Glimmora, F|100/100
|move|p1a: 盾盾小狗|Close Combat|p2a: Glimmora
|-damage|p2a: Glimmora|32/100
|-unboost|p1a: 盾盾小狗|def|1
|-unboost|p1a: 盾盾小狗|spd|1
|-activate|p2a: Glimmora|ability: Toxic Debris
|-sidestart|p1: lzc123456|move: Toxic Spikes
|-enditem|p2a: Glimmora|Red Card|[of] p1a: 盾盾小狗
|drag|p1a: 减10大王|Garchomp, M, shiny|100/100
|-status|p1a: 减10大王|psn
|
|-damage|p1a: 减10大王|88/100 psn|[from] psn
|upkeep
|turn|3
|
|t:|1757857301
|switch|p2a: Enamorus|Enamorus, F|100/100
|move|p1a: 减10大王|Stealth Rock|p2a: Enamorus
|-sidestart|p2: Mr Tpen|move: Stealth Rock
|
|-damage|p1a: 减10大王|76/100 psn|[from] psn
|upkeep
|turn|4
|
|t:|1757857304
|switch|p1a: 小铁|Iron Treads|100/100
|move|p2a: Enamorus|Moonblast|p1a: 小铁
|-resisted|p1a: 小铁
|-damage|p1a: 小铁|87/100
|
|upkeep
|turn|5
|
|t:|1757857308
|move|p2a: Enamorus|Superpower|p1a: 小铁
|-supereffective|p1a: 小铁
|-damage|p1a: 小铁|36/100
|-boost|p2a: Enamorus|atk|1
|-boost|p2a: Enamorus|def|1
|move|p1a: 小铁|Rapid Spin|p2a: Enamorus
|-crit|p2a: Enamorus
|-damage|p2a: Enamorus|68/100
|-boost|p1a: 小铁|spe|1
|-sideend|p1: lzc123456|Toxic Spikes|[from] move: Rapid Spin|[of] p1a: 小铁
|
|upkeep
|turn|6
|
|t:|1757857320
|move|p1a: 小铁|Volt Switch|p2a: Enamorus
|-supereffective|p2a: Enamorus
|-damage|p2a: Enamorus|33/100
|
|t:|1757857323
|-end|p1a: 小铁|Quark Drive|[silent]
|switch|p1a: 减10大王|Garchomp, M, shiny|76/100 psn|[from] Volt Switch
|move|p2a: Enamorus|Superpower|p1a: 减10大王
|-damage|p1a: 减10大王|46/100 psn
|-boost|p2a: Enamorus|atk|1
|-boost|p2a: Enamorus|def|1
|-damage|p2a: Enamorus|20/100|[from] ability: Rough Skin|[of] p1a: 减10大王
|-damage|p2a: Enamorus|4/100|[from] item: Rocky Helmet|[of] p1a: 减10大王
|
|-damage|p1a: 减10大王|34/100 psn|[from] psn
|upkeep
|turn|7
|
|t:|1757857334
|move|p2a: Enamorus|Moonblast|p1a: 减10大王
|-supereffective|p1a: 减10大王
|-damage|p1a: 减10大王|0 fnt
|faint|p1a: 减10大王
|
|upkeep
|
|t:|1757857337
|switch|p1a: 盾盾小狗|Zamazenta|100/100
|turn|8
|
|t:|1757857340
|switch|p2a: Glimmora|Glimmora, F|32/100
|-damage|p2a: Glimmora|20/100|[from] Stealth Rock
|move|p1a: 盾盾小狗|Crunch|p2a: Glimmora
|-crit|p2a: Glimmora
|-damage|p2a: Glimmora|0 fnt
|-activate|p2a: Glimmora|ability: Toxic Debris
|-sidestart|p1: lzc123456|move: Toxic Spikes
|faint|p2a: Glimmora
|
|upkeep
|
|t:|1757857344
|switch|p2a: Landorus|Landorus-Therian, M|100/100
|-damage|p2a: Landorus|88/100|[from] Stealth Rock
|-ability|p2a: Landorus|Intimidate|boost
|-unboost|p1a: 盾盾小狗|atk|1
|turn|9
|
|t:|1757857349
|switch|p1a: 小铁|Iron Treads|36/100
|move|p2a: Landorus|Stealth Rock|p1a: 小铁
|-sidestart|p1: lzc123456|move: Stealth Rock
|
|upkeep
|turn|10
|
|t:|1757857354
|-terastallize|p2a: Landorus|Ghost
|move|p2a: Landorus|Earthquake|p1a: 小铁
|-supereffective|p1a: 小铁
|-damage|p1a: 小铁|0 fnt
|faint|p1a: 小铁
|-end|p1a: 小铁|Quark Drive|[silent]
|
|upkeep
|
|t:|1757857357
|switch|p1a: 盖鸥卡|Pelipper, M, shiny|100/100
|-damage|p1a: 盖鸥卡|76/100|[from] Stealth Rock
|-weather|RainDance|[from] ability: Drizzle|[of] p1a: 盖鸥卡
|turn|11
|
|t:|1757857361
|switch|p2a: Enamorus|Enamorus, F|4/100
|move|p1a: 盖鸥卡|Hurricane|p2a: Enamorus
|-damage|p2a: Enamorus|0 fnt
|faint|p2a: Enamorus
|
|-weather|RainDance|[upkeep]
|upkeep
|
|t:|1757857363
|switch|p2a: Kyurem|Kyurem|100/100
|-damage|p2a: Kyurem|76/100|[from] Stealth Rock
|-ability|p2a: Kyurem|Pressure
|turn|12
|
|t:|1757857368
|switch|p1a: 脏活累活|Alomomola, F|100/100
|-status|p1a: 脏活累活|psn
|-damage|p1a: 脏活累活|88/100 psn|[from] Stealth Rock
|move|p2a: Kyurem|Freeze-Dry|p1a: 脏活累活
|-supereffective|p1a: 脏活累活
|-damage|p1a: 脏活累活|44/100 psn
|
|-weather|RainDance|[upkeep]
|-damage|p1a: 脏活累活|31/100 psn|[from] psn
|upkeep
|turn|13
|
|t:|1757857381
|move|p2a: Kyurem|Freeze-Dry|p1a: 脏活累活
|-supereffective|p1a: 脏活累活
|-damage|p1a: 脏活累活|0 fnt
|faint|p1a: 脏活累活
|
|-weather|RainDance|[upkeep]
|upkeep
|
|t:|1757857384
|switch|p1a: 盾盾小狗|Zamazenta|100/100
|-status|p1a: 盾盾小狗|psn
|-damage|p1a: 盾盾小狗|94/100 psn|[from] Stealth Rock
|turn|14
|
|t:|1757857389
|switch|p2a: Landorus|Landorus-Therian, M, tera:Ghost|88/100
|-damage|p2a: Landorus|76/100|[from] Stealth Rock
|-ability|p2a: Landorus|Intimidate|boost
|-unboost|p1a: 盾盾小狗|atk|1
|move|p1a: 盾盾小狗|Close Combat|p2a: Landorus
|-immune|p2a: Landorus
|
|-weather|RainDance|[upkeep]
|-damage|p1a: 盾盾小狗|82/100 psn|[from] psn
|upkeep
|turn|15
|-message|lzc123456 forfeited.
|
|win|Mr Tpen
|raw|lzc123456's rating: 1687 &rarr; <strong>1674</strong><br />(-13 for losing)
|raw|Mr Tpen's rating: 1812 &rarr; <strong>1825</strong><br />(+13 for winning)
|l|☆lzc123456
|player|p1|
|l|☆Mr Tpen
|player|p2|
