|j|☆Cap2n
|j|☆ABraviousTinkaton
|t:|1757798518
|gametype|singles
|player|p1|Cap2n|burglar|1509
|player|p2|ABraviousTinkaton|miku-ice|1557
|gen|9
|tier|[Gen 9] OU
|rated|
|rule|HP Percentage Mod: HP is shown in percentages
|rule|Endless Battle Clause: Forcing endless battles is banned
|rule|Species Clause: Limit one of each Pokémon
|rule|OHKO Clause: OHKO moves are banned
|rule|Evasion Items Clause: Evasion items are banned
|rule|Evasion Moves Clause: Evasion moves are banned
|rule|Evasion Abilities Clause: Evasion abilities are banned
|rule|Sleep Moves Clause: Sleep-inducing moves are banned
|clearpoke
|poke|p1|Pelipper, F|
|poke|p1|Talonflame, M|
|poke|p1|Iron Treads|
|poke|p1|Tornadus-Therian, M|
|poke|p1|Zamazenta-*|
|poke|p1|Greninja-*, M|
|poke|p2|Ceruledge, F|
|poke|p2|Raging Bolt|
|poke|p2|Latias, F|
|poke|p2|Kyurem|
|poke|p2|Ninetales-Alola, F|
|poke|p2|Iron Moth|
|teampreview
|inactive|Battle timer is ON: inactive players will automatically lose when time's up. (requested by Cap2n)
|
|t:|1757798546
|teamsize|p1|6
|teamsize|p2|6
|start
|switch|p1a: Artemis|Zamazenta|100/100
|switch|p2a: rng my ahh|Kyurem|100/100
|-ability|p1a: Artemis|Dauntless Shield|boost
|-boost|p1a: Artemis|def|1
|-ability|p2a: rng my ahh|Pressure
|turn|1
|
|t:|1757798556
|switch|p2a: realpsyspam|Latias, F|100/100
|move|p1a: Artemis|Close Combat|p2a: realpsyspam
|-resisted|p2a: realpsyspam
|-damage|p2a: realpsyspam|47/100
|-unboost|p1a: Artemis|def|1
|-unboost|p1a: Artemis|spd|1
|-damage|p1a: Artemis|91/100|[from] item: Life Orb
|
|-heal|p2a: realpsyspam|53/100|[from] item: Leftovers
|upkeep
|turn|2
|
|t:|1757798568
|switch|p2a: MoveMerchant|Iron Moth|100/100
|-enditem|p2a: MoveMerchant|Booster Energy
|-activate|p2a: MoveMerchant|ability: Quark Drive|[fromitem]
|-start|p2a: MoveMerchant|quarkdrivespe
|move|p1a: Artemis|Crunch|p2a: MoveMerchant
|-damage|p2a: MoveMerchant|38/100
|-damage|p1a: Artemis|81/100|[from] item: Life Orb
|
|upkeep
|turn|3
|
|t:|1757798578
|switch|p1a: Vayu|Tornadus-Therian, M|100/100
|move|p2a: MoveMerchant|Sludge Wave|p1a: Vayu
|-damage|p1a: Vayu|67/100
|
|upkeep
|turn|4
|
|t:|1757798583
|move|p2a: MoveMerchant|Fiery Dance|p1a: Vayu
|-crit|p1a: Vayu
|-damage|p1a: Vayu|25/100
|-boost|p2a: MoveMerchant|spa|1
|move|p1a: Vayu|U-turn|p2a: MoveMerchant
|-resisted|p2a: MoveMerchant
|-damage|p2a: MoveMerchant|32/100
|
|t:|1757798587
|switch|p1a: Ranas|Greninja, M|100/100|[from] U-turn
|
|upkeep
|turn|5
|
|t:|1757798596
|-end|p2a: MoveMerchant|Quark Drive|[silent]
|switch|p2a: 50/50|Raging Bolt|100/100
|-enditem|p2a: 50/50|Booster Energy
|-activate|p2a: 50/50|ability: Protosynthesis|[fromitem]
|-start|p2a: 50/50|protosynthesisspa
|move|p1a: Ranas|Dark Pulse|p2a: 50/50
|-start|p1a: Ranas|typechange|Dark|[from] ability: Protean
|-crit|p2a: 50/50
|-damage|p2a: 50/50|56/100
|
|upkeep
|turn|6
|
|t:|1757798603
|switch|p1a: Big Unit 51|Iron Treads|100/100
|-end|p2a: 50/50|Protosynthesis|[silent]
|switch|p2a: MoveMerchant|Iron Moth|32/100
|
|upkeep
|turn|7
|
|t:|1757798625
|move|p2a: MoveMerchant|Fiery Dance|p1a: Big Unit 51
|-supereffective|p1a: Big Unit 51
|-damage|p1a: Big Unit 51|26/100
|-boost|p2a: MoveMerchant|spa|1
|move|p1a: Big Unit 51|Rapid Spin|p2a: MoveMerchant
|-damage|p2a: MoveMerchant|5/100
|-boost|p1a: Big Unit 51|spe|1
|
|upkeep
|turn|8
|
|t:|1757798640
|move|p1a: Big Unit 51|Volt Switch|p2a: MoveMerchant
|-damage|p2a: MoveMerchant|0 fnt
|faint|p2a: MoveMerchant
|-end|p2a: MoveMerchant|Quark Drive|[silent]
|
|t:|1757798642
|-end|p1a: Big Unit 51|Quark Drive|[silent]
|switch|p1a: STORMBRINGER|Pelipper, F|100/100|[from] Volt Switch
|-weather|RainDance|[from] ability: Drizzle|[of] p1a: STORMBRINGER
|
|-weather|RainDance|[upkeep]
|upkeep
|
|t:|1757798644
|switch|p2a: snow bunny|Ninetales-Alola, F|100/100
|-weather|Snowscape|[from] ability: Snow Warning|[of] p2a: snow bunny
|turn|9
|
|t:|1757798653
|switch|p1a: Artemis|Zamazenta|81/100
|move|p2a: snow bunny|Aurora Veil|p2a: snow bunny
|-sidestart|p2: ABraviousTinkaton|move: Aurora Veil
|
|-weather|Snowscape|[upkeep]
|upkeep
|turn|10
|
|t:|1757798665
|switch|p2a: bury the light|Ceruledge, F|100/100
|move|p1a: Artemis|Heavy Slam|p2a: bury the light
|-resisted|p2a: bury the light
|-damage|p2a: bury the light|88/100
|-ability|p2a: bury the light|Weak Armor|boost
|-unboost|p2a: bury the light|def|1
|-boost|p2a: bury the light|spe|2
|-damage|p1a: Artemis|71/100|[from] item: Life Orb
|
|-weather|Snowscape|[upkeep]
|upkeep
|turn|11
|
|t:|1757798669
|switch|p1a: STORMBRINGER|Pelipper, F|100/100
|-weather|RainDance|[from] ability: Drizzle|[of] p1a: STORMBRINGER
|move|p2a: bury the light|Swords Dance|p2a: bury the light
|-boost|p2a: bury the light|atk|2
|
|-weather|RainDance|[upkeep]
|upkeep
|turn|12
|
|t:|1757798674
|move|p2a: bury the light|Poltergeist|p1a: STORMBRINGER
|-activate|p1a: STORMBRINGER|move: Poltergeist|Damp Rock
|-damage|p1a: STORMBRINGER|12/100
|move|p1a: STORMBRINGER|Weather Ball|p2a: bury the light
|-supereffective|p2a: bury the light
|-damage|p2a: bury the light|26/100
|
|-weather|RainDance|[upkeep]
|upkeep
|turn|13
|
|t:|1757798697
|switch|p1a: Big Unit 51|Iron Treads|26/100
|move|p2a: bury the light|Bitter Blade|p1a: Big Unit 51
|-supereffective|p1a: Big Unit 51
|-damage|p1a: Big Unit 51|0 fnt
|-heal|p2a: bury the light|40/100|[from] drain|[of] p1a: Big Unit 51
|faint|p1a: Big Unit 51
|-end|p1a: Big Unit 51|Quark Drive|[silent]
|
|-weather|RainDance|[upkeep]
|upkeep
|
|t:|1757798700
|switch|p1a: Ranas|Greninja, M|100/100
|turn|14
|
|t:|1757798709
|move|p2a: bury the light|Poltergeist|p1a: Ranas|[miss]
|-miss|p2a: bury the light|p1a: Ranas
|move|p1a: Ranas|Dark Pulse|p2a: bury the light
|-start|p1a: Ranas|typechange|Dark|[from] ability: Protean
|-supereffective|p2a: bury the light
|-damage|p2a: bury the light|0 fnt
|faint|p2a: bury the light
|
|-weather|RainDance|[upkeep]
|upkeep
|
|t:|1757798716
|switch|p2a: rng my ahh|Kyurem|100/100
|-ability|p2a: rng my ahh|Pressure
|turn|15
|inactive|Cap2n has 120 seconds left.
|
|t:|1757798753
|move|p1a: Ranas|Dark Pulse|p2a: rng my ahh
|-damage|p2a: rng my ahh|85/100
|move|p2a: rng my ahh|Dragon Dance|p2a: rng my ahh
|-boost|p2a: rng my ahh|atk|1
|-boost|p2a: rng my ahh|spe|1
|
|-weather|RainDance|[upkeep]
|upkeep
|turn|16
|inactive|Cap2n has 120 seconds left.
|inactive|Cap2n has 90 seconds left.
|
|t:|1757798801
|switch|p1a: Artemis|Zamazenta|71/100
|move|p2a: rng my ahh|Dragon Dance|p2a: rng my ahh
|-boost|p2a: rng my ahh|atk|1
|-boost|p2a: rng my ahh|spe|1
|
|-weather|RainDance|[upkeep]
|-sideend|p2: ABraviousTinkaton|move: Aurora Veil
|upkeep
|turn|17
|
|t:|1757798817
|move|p2a: rng my ahh|Icicle Spear|p1a: Artemis
|-damage|p1a: Artemis|46/100
|-damage|p1a: Artemis|19/100
|-damage|p1a: Artemis|0 fnt
|faint|p1a: Artemis
|-hitcount|p1: Artemis|3
|
|-weather|RainDance|[upkeep]
|upkeep
|inactive|Cap2n has 90 seconds left.
|inactive|Cap2n has 60 seconds left.
|
|t:|1757798861
|switch|p1a: Vendavas|Talonflame, M, shiny|100/100
|turn|18
|inactive|Cap2n has 60 seconds left.
|
|t:|1757798883
|move|p1a: Vendavas|Air Slash|p2a: rng my ahh
|-damage|p2a: rng my ahh|46/100
|move|p2a: rng my ahh|Icicle Spear|p1a: Vendavas
|-damage|p1a: Vendavas|61/100
|-damage|p1a: Vendavas|16/100
|-damage|p1a: Vendavas|0 fnt
|faint|p1a: Vendavas
|-hitcount|p1: Vendavas|3
|
|-weather|none
|upkeep
|-message|Cap2n forfeited.
|
|win|ABraviousTinkaton
|raw|Cap2n's rating: 1509 &rarr; <strong>1492</strong><br />(-17 for losing)
|raw|ABraviousTinkaton's rating: 1557 &rarr; <strong>1574</strong><br />(+17 for winning)
|c|☆Cap2n|gg
|l|☆ABraviousTinkaton
|player|p2|
|l|☆Cap2n
|player|p1|
