|j|☆coping walrus
|j|☆Kasey D
|t:|1757862682
|gametype|singles
|player|p1|coping walrus|wattson|1133
|player|p2|Kasey D|102|1110
|gen|9
|tier|[Gen 9] OU
|rated|
|rule|HP Percentage Mod: HP is shown in percentages
|rule|Endless Battle Clause: Forcing endless battles is banned
|rule|Species Clause: Limit one of each Pokémon
|rule|OHKO Clause: OHKO moves are banned
|rule|Evasion Items Clause: Evasion items are banned
|rule|Evasion Moves Clause: Evasion moves are banned
|rule|Evasion Abilities Clause: Evasion abilities are banned
|rule|Sleep Moves Clause: Sleep-inducing moves are banned
|clearpoke
|poke|p1|Abomasnow, F|
|poke|p1|Maushold|
|poke|p1|Diancie|
|poke|p1|Staraptor, F|
|poke|p1|Volcanion|
|poke|p1|Polteageist|
|poke|p2|Wigglytuff, F|
|poke|p2|Hatterene, F|
|poke|p2|Malamar, M|
|poke|p2|Farigiraf, M|
|poke|p2|Kingambit, M|
|poke|p2|Oricorio-Sensu, M|
|teampreview
|inactive|Battle timer is ON: inactive players will automatically lose when time's up. (requested by coping walrus)
|inactive|coping walrus has 120 seconds left.
|
|t:|1757862730
|teamsize|p1|6
|teamsize|p2|6
|start
|switch|p1a: Yukon Cornelius|Abomasnow, F, shiny|100/100
|switch|p2a: Malamar|Malamar, M|100/100
|-weather|Snowscape|[from] ability: Snow Warning|[of] p1a: Yukon Cornelius
|turn|1
|
|t:|1757862738
|move|p2a: Malamar|Superpower|p1a: Yukon Cornelius
|-supereffective|p1a: Yukon Cornelius
|-damage|p1a: Yukon Cornelius|63/100
|-boost|p2a: Malamar|atk|1
|-boost|p2a: Malamar|def|1
|move|p1a: Yukon Cornelius|Aurora Veil|p1a: Yukon Cornelius
|-sidestart|p1: coping walrus|move: Aurora Veil
|
|-weather|Snowscape|[upkeep]
|upkeep
|turn|2
|inactive|coping walrus has 120 seconds left.
|
|t:|1757862773
|switch|p1a: Bagga Hot Cheetos|Volcanion|100/100
|move|p2a: Malamar|Superpower|p1a: Bagga Hot Cheetos
|-damage|p1a: Bagga Hot Cheetos|81/100
|-boost|p2a: Malamar|atk|1
|-boost|p2a: Malamar|def|1
|
|-weather|Snowscape|[upkeep]
|upkeep
|turn|3
|
|t:|1757862787
|move|p1a: Bagga Hot Cheetos|Steam Eruption|p2a: Malamar
|-damage|p2a: Malamar|22/100
|move|p2a: Malamar|Superpower|p1a: Bagga Hot Cheetos
|-damage|p1a: Bagga Hot Cheetos|54/100
|-boost|p2a: Malamar|atk|1
|-boost|p2a: Malamar|def|1
|
|-weather|Snowscape|[upkeep]
|-heal|p2a: Malamar|28/100|[from] item: Leftovers
|upkeep
|turn|4
|
|t:|1757862799
|move|p1a: Bagga Hot Cheetos|Steam Eruption|p2a: Malamar
|-damage|p2a: Malamar|0 fnt
|faint|p2a: Malamar
|
|-weather|Snowscape|[upkeep]
|upkeep
|
|t:|1757862810
|switch|p2a: Hatterene|Hatterene, F|100/100
|turn|5
|
|t:|1757862815
|move|p1a: Bagga Hot Cheetos|Steam Eruption|p2a: Hatterene
|-enditem|p2a: Hatterene|Focus Sash
|-damage|p2a: Hatterene|1/100
|-status|p2a: Hatterene|brn
|move|p2a: Hatterene|Trick Room|p2a: Hatterene
|-fieldstart|move: Trick Room|[of] p2a: Hatterene
|
|-weather|none
|-damage|p2a: Hatterene|0 fnt|[from] brn
|faint|p2a: Hatterene
|upkeep
|
|t:|1757862830
|switch|p2a: Wigglytuff|Wigglytuff, F|100/100
|turn|6
|
|t:|1757862846
|switch|p1a: Mrs. Potts|Polteageist, shiny|100/100
|move|p2a: Wigglytuff|Hyper Voice|p1a: Mrs. Potts
|-immune|p1a: Mrs. Potts
|
|upkeep
|turn|7
|
|t:|1757862854
|move|p2a: Wigglytuff|Alluring Voice|p1a: Mrs. Potts
|-damage|p1a: Mrs. Potts|81/100
|-enditem|p2a: Wigglytuff|Throat Spray
|-boost|p2a: Wigglytuff|spa|1|[from] item: Throat Spray
|move|p1a: Mrs. Potts|Shell Smash|p1a: Mrs. Potts
|-unboost|p1a: Mrs. Potts|def|1
|-unboost|p1a: Mrs. Potts|spd|1
|-boost|p1a: Mrs. Potts|atk|2
|-boost|p1a: Mrs. Potts|spa|2
|-boost|p1a: Mrs. Potts|spe|2
|
|upkeep
|turn|8
|
|t:|1757862878
|move|p2a: Wigglytuff|Alluring Voice|p1a: Mrs. Potts
|-damage|p1a: Mrs. Potts|36/100
|move|p1a: Mrs. Potts|Stored Power|p2a: Wigglytuff
|-damage|p2a: Wigglytuff|0 fnt
|faint|p2a: Wigglytuff
|
|-sideend|p1: coping walrus|move: Aurora Veil
|upkeep
|
|t:|1757862888
|switch|p2a: Kingambit|Kingambit, M|100/100
|-activate|p2a: Kingambit|ability: Supreme Overlord
|-start|p2a: Kingambit|fallen3|[silent]
|turn|9
|
|t:|1757862896
|move|p2a: Kingambit|Iron Head|p1a: Mrs. Potts
|-damage|p1a: Mrs. Potts|0 fnt
|faint|p1a: Mrs. Potts
|-damage|p2a: Kingambit|91/100|[from] item: Life Orb
|
|-fieldend|move: Trick Room
|upkeep
|
|t:|1757862903
|switch|p1a: Bagga Hot Cheetos|Volcanion|54/100
|turn|10
|
|t:|1757862911
|move|p2a: Kingambit|Sucker Punch|p1a: Bagga Hot Cheetos
|-damage|p1a: Bagga Hot Cheetos|0 fnt
|faint|p1a: Bagga Hot Cheetos
|-damage|p2a: Kingambit|81/100|[from] item: Life Orb
|
|upkeep
|
|t:|1757862930
|switch|p1a: Yukon Cornelius|Abomasnow, F, shiny|63/100
|-weather|Snowscape|[from] ability: Snow Warning|[of] p1a: Yukon Cornelius
|turn|11
|
|t:|1757862938
|move|p1a: Yukon Cornelius|Aurora Veil|p1a: Yukon Cornelius
|-sidestart|p1: coping walrus|move: Aurora Veil
|move|p2a: Kingambit|Iron Head|p1a: Yukon Cornelius
|-supereffective|p1a: Yukon Cornelius
|-damage|p1a: Yukon Cornelius|1/100
|-damage|p2a: Kingambit|71/100|[from] item: Life Orb
|
|-weather|Snowscape|[upkeep]
|upkeep
|turn|12
|
|t:|1757862953
|switch|p1a: Pete Wentz|Staraptor, F|100/100
|move|p2a: Kingambit|Sucker Punch||[still]
|-fail|p2a: Kingambit
|
|-weather|Snowscape|[upkeep]
|upkeep
|turn|13
|
|t:|1757862964
|-end|p2a: Kingambit|fallen3|[silent]
|switch|p2a: Oricorio|Oricorio-Sensu, M|100/100
|move|p1a: Pete Wentz|Close Combat|p2a: Oricorio
|-immune|p2a: Oricorio
|
|-weather|Snowscape|[upkeep]
|upkeep
|turn|14
|
|t:|1757862979
|switch|p1a: Bumper Balls|Diancie, shiny|100/100
|move|p2a: Oricorio|Quiver Dance|p2a: Oricorio
|-boost|p2a: Oricorio|spa|1
|-boost|p2a: Oricorio|spd|1
|-boost|p2a: Oricorio|spe|1
|
|-weather|Snowscape|[upkeep]
|upkeep
|turn|15
|
|t:|1757862999
|move|p2a: Oricorio|Defog||[still]
|-fail|p1a: Bumper Balls|unboost|[from] ability: Clear Body|[of] p1a: Bumper Balls
|-sideend|p1: coping walrus|move: Aurora Veil
|-fail|p2a: Oricorio
|move|p1a: Bumper Balls|Diamond Storm|p2a: Oricorio
|-supereffective|p2a: Oricorio
|-damage|p2a: Oricorio|0 fnt
|faint|p2a: Oricorio
|
|-weather|none
|upkeep
|inactive|Kasey D has 120 seconds left.
|
|t:|1757863012
|switch|p2a: Kingambit|Kingambit, M|71/100
|-activate|p2a: Kingambit|ability: Supreme Overlord
|-start|p2a: Kingambit|fallen4|[silent]
|turn|16
|
|t:|1757863021
|-terastallize|p1a: Bumper Balls|Flying
|move|p2a: Kingambit|Iron Head|p1a: Bumper Balls
|-damage|p1a: Bumper Balls|29/100
|-damage|p2a: Kingambit|61/100|[from] item: Life Orb
|cant|p1a: Bumper Balls|flinch
|
|-heal|p1a: Bumper Balls|36/100|[from] item: Leftovers
|upkeep
|turn|17
|inactive|Kasey D has 120 seconds left.
|
|t:|1757863040
|move|p2a: Kingambit|Kowtow Cleave|p1a: Bumper Balls
|-damage|p1a: Bumper Balls|0 fnt
|faint|p1a: Bumper Balls
|-damage|p2a: Kingambit|51/100|[from] item: Life Orb
|
|upkeep
|
|t:|1757863055
|switch|p1a: Pete Wentz|Staraptor, F|100/100
|turn|18
|
|t:|1757863063
|move|p2a: Kingambit|Sucker Punch|p1a: Pete Wentz
|-damage|p1a: Pete Wentz|0 fnt
|faint|p1a: Pete Wentz
|-damage|p2a: Kingambit|41/100|[from] item: Life Orb
|
|upkeep
|
|t:|1757863074
|switch|p1a: Winslow|Maushold, shiny|100/100
|turn|19
|
|t:|1757863080
|move|p1a: Winslow|Tidy Up|p1a: Winslow
|-boost|p1a: Winslow|atk|1
|-boost|p1a: Winslow|spe|1
|move|p2a: Kingambit|Kowtow Cleave|p1a: Winslow
|-damage|p1a: Winslow|0 fnt
|faint|p1a: Winslow
|-damage|p2a: Kingambit|31/100|[from] item: Life Orb
|
|upkeep
|-message|coping walrus forfeited.
|
|win|Kasey D
|raw|coping walrus's rating: 1133 &rarr; <strong>1106</strong><br />(-27 for losing)
|raw|Kasey D's rating: 1110 &rarr; <strong>1137</strong><br />(+27 for winning)
|l|☆coping walrus
|player|p1|
|l|☆Kasey D
|player|p2|
