|j|☆jackker
|j|☆Glorp Florp
|inactive|Battle timer is ON: inactive players will automatically lose when time's up.
|t:|1757870116
|gametype|singles
|player|p1|jackker|thorton|
|player|p2|Glorp Florp|266|
|gen|9
|tier|[Gen 9] OU
|rated|Tournament battle
|rule|HP Percentage Mod: HP is shown in percentages
|rule|Endless Battle Clause: Forcing endless battles is banned
|rule|Species Clause: Limit one of each Pokémon
|rule|OHKO Clause: OHKO moves are banned
|rule|Evasion Items Clause: Evasion items are banned
|rule|Evasion Moves Clause: Evasion moves are banned
|rule|Evasion Abilities Clause: Evasion abilities are banned
|rule|Sleep Moves Clause: Sleep-inducing moves are banned
|raw|<div class="infobox"><details class="readmore"><summary><strong>15 custom rules:</strong></summary> -burmy, -caterpie, -combee, -kricketot, -magikarp, -scatterbug, -sunkern, -tynamo, -typenull, -weedle, -wurmple, -cosmog, -blipbug, -snom, -wynaut</details></div>
|clearpoke
|poke|p1|Girafarig, F|
|poke|p1|Litten, F|
|poke|p1|Thwackey, F|
|poke|p1|Psyduck, F|
|poke|p1|Spinarak, F|
|poke|p2|Mandibuzz, F|
|poke|p2|Diglett, F|
|poke|p2|Yungoos, M|
|poke|p2|Totodile, M|
|poke|p2|Elekid, M|
|teampreview
|j|*Lady Monita ☀
|inactive|Glorp Florp also wants the timer to be on.
|c|☆Glorp Florp|hf
|c|☆jackker|u2
|
|t:|1757870128
|teamsize|p1|5
|teamsize|p2|5
|start
|switch|p1a: Spinarak|Spinarak, F|100/100
|switch|p2a: Mandibuzz|Mandibuzz, F|100/100
|turn|1
|
|t:|1757870135
|move|p2a: Mandibuzz|Knock Off|p1a: Spinarak
|-damage|p1a: Spinarak|41/100
|-enditem|p1a: Spinarak|Focus Sash|[from] move: Knock Off|[of] p2a: Mandibuzz
|move|p1a: Spinarak|Lunge|p2a: Mandibuzz
|-damage|p2a: Mandibuzz|84/100
|-unboost|p2a: Mandibuzz|atk|1
|
|-heal|p2a: Mandibuzz|90/100|[from] item: Leftovers
|upkeep
|turn|2
|
|t:|1757870142
|move|p2a: Mandibuzz|Brave Bird|p1a: Spinarak
|-supereffective|p1a: Spinarak
|-damage|p1a: Spinarak|0 fnt
|faint|p1a: Spinarak
|-damage|p2a: Mandibuzz|81/100|[from] Recoil
|
|-heal|p2a: Mandibuzz|87/100|[from] item: Leftovers
|upkeep
|
|t:|1757870146
|switch|p1a: Girafarig|Girafarig, F|100/100
|turn|3
|j| KingofBlackStar
|
|t:|1757870150
|move|p1a: Girafarig|Wish|p1a: Girafarig
|move|p2a: Mandibuzz|Knock Off|p1a: Girafarig
|-supereffective|p1a: Girafarig
|-damage|p1a: Girafarig|69/100
|-enditem|p1a: Girafarig|Eviolite|[from] move: Knock Off|[of] p2a: Mandibuzz
|
|-heal|p2a: Mandibuzz|93/100|[from] item: Leftovers
|upkeep
|turn|4
|
|t:|1757870161
|switch|p2a: Elekid|Elekid, M|100/100
|move|p1a: Girafarig|Nasty Plot|p1a: Girafarig
|-boost|p1a: Girafarig|spa|2
|
|-heal|p1a: Girafarig|100/100|[from] move: Wish|[wisher] Girafarig
|upkeep
|turn|5
|
|t:|1757870167
|move|p2a: Elekid|Thunder Wave|p1a: Girafarig
|-status|p1a: Girafarig|par
|move|p1a: Girafarig|Hyper Voice|p2a: Elekid
|-damage|p2a: Elekid|15/100
|
|upkeep
|turn|6
|
|t:|1757870177
|move|p2a: Elekid|Ice Punch|p1a: Girafarig
|-damage|p1a: Girafarig|84/100 par
|cant|p1a: Girafarig|par
|
|upkeep
|turn|7
|
|t:|1757870182
|move|p2a: Elekid|Ice Punch|p1a: Girafarig
|-damage|p1a: Girafarig|66/100 par
|move|p1a: Girafarig|Hyper Voice|p2a: Elekid
|-damage|p2a: Elekid|0 fnt
|faint|p2a: Elekid
|
|upkeep
|
|t:|1757870192
|switch|p2a: Yungoos|Yungoos, M|100/100
|turn|8
|inactive|jackker has 120 seconds left.
|
|t:|1757870223
|move|p2a: Yungoos|Crunch|p1a: Girafarig
|-supereffective|p1a: Girafarig
|-damage|p1a: Girafarig|16/100 par
|-unboost|p1a: Girafarig|def|1
|move|p1a: Girafarig|Hyper Voice|p2a: Yungoos
|-damage|p2a: Yungoos|0 fnt
|faint|p2a: Yungoos
|
|upkeep
|
|t:|1757870234
|switch|p2a: Diglett|Diglett, F|100/100
|turn|9
|
|t:|1757870237
|move|p2a: Diglett|Earthquake|p1a: Girafarig
|-damage|p1a: Girafarig|0 fnt
|faint|p1a: Girafarig
|
|upkeep
|
|t:|1757870240
|switch|p1a: Thwackey|Thwackey, F|100/100
|-fieldstart|move: Grassy Terrain|[from] ability: Grassy Surge|[of] p1a: Thwackey
|turn|10
|
|t:|1757870251
|switch|p1a: Psyduck|Psyduck, F|100/100
|move|p2a: Diglett|Endeavor|p1a: Psyduck
|-damage|p1a: Psyduck|67/100
|
|-heal|p1a: Psyduck|74/100|[from] Grassy Terrain
|upkeep
|turn|11
|
|t:|1757870261
|switch|p2a: Mandibuzz|Mandibuzz, F|93/100
|switch|p1a: Litten|Litten, F|100/100
|-ability|p1a: Litten|Intimidate|boost
|-unboost|p2a: Mandibuzz|atk|1
|
|-heal|p2a: Mandibuzz|99/100|[from] item: Leftovers
|upkeep
|turn|12
|
|t:|1757870277
|switch|p1a: Psyduck|Psyduck, F|74/100
|move|p2a: Mandibuzz|Knock Off|p1a: Psyduck
|-damage|p1a: Psyduck|49/100
|-enditem|p1a: Psyduck|Eviolite|[from] move: Knock Off|[of] p2a: Mandibuzz
|
|-heal|p1a: Psyduck|55/100|[from] Grassy Terrain
|-heal|p2a: Mandibuzz|100/100|[from] item: Leftovers
|upkeep
|turn|13
|
|t:|1757870285
|switch|p2a: Totodile|Totodile, M|100/100
|move|p1a: Psyduck|Ice Beam|p2a: Totodile
|-resisted|p2a: Totodile
|-damage|p2a: Totodile|72/100
|
|-heal|p1a: Psyduck|61/100|[from] Grassy Terrain
|-heal|p2a: Totodile|79/100|[from] Grassy Terrain
|upkeep
|turn|14
|
|t:|1757870290
|switch|p1a: Thwackey|Thwackey, F|100/100
|move|p2a: Totodile|Dragon Dance|p2a: Totodile
|-boost|p2a: Totodile|atk|1
|-boost|p2a: Totodile|spe|1
|
|-heal|p2a: Totodile|85/100|[from] Grassy Terrain
|-fieldend|move: Grassy Terrain
|upkeep
|turn|15
|
|t:|1757870299
|-terastallize|p2a: Totodile|Dragon
|move|p2a: Totodile|Ice Punch|p1a: Thwackey
|-supereffective|p1a: Thwackey
|-damage|p1a: Thwackey|32/100
|move|p1a: Thwackey|Grassy Glide|p2a: Totodile
|-resisted|p2a: Totodile
|-damage|p2a: Totodile|61/100
|
|upkeep
|turn|16
|
|t:|1757870310
|switch|p1a: Litten|Litten, F|100/100
|-ability|p1a: Litten|Intimidate|boost
|-unboost|p2a: Totodile|atk|1
|move|p2a: Totodile|Crunch|p1a: Litten
|-damage|p1a: Litten|18/100
|
|upkeep
|turn|17
|
|t:|1757870317
|move|p1a: Litten|Fake Out|p2a: Totodile
|-damage|p2a: Totodile|37/100
|-damage|p1a: Litten|8/100|[from] item: Life Orb
|cant|p2a: Totodile|flinch
|
|upkeep
|turn|18
|
|t:|1757870326
|move|p2a: Totodile|Liquidation|p1a: Litten
|-supereffective|p1a: Litten
|-damage|p1a: Litten|0 fnt
|faint|p1a: Litten
|
|upkeep
|
|t:|1757870329
|switch|p1a: Thwackey|Thwackey, F|32/100
|-fieldstart|move: Grassy Terrain|[from] ability: Grassy Surge|[of] p1a: Thwackey
|turn|19
|
|t:|1757870333
|move|p1a: Thwackey|Grassy Glide|p2a: Totodile
|-resisted|p2a: Totodile
|-damage|p2a: Totodile|6/100
|move|p2a: Totodile|Ice Punch|p1a: Thwackey
|-supereffective|p1a: Thwackey
|-crit|p1a: Thwackey
|-damage|p1a: Thwackey|0 fnt
|faint|p1a: Thwackey
|
|-heal|p2a: Totodile|12/100|[from] Grassy Terrain
|upkeep
|
|t:|1757870337
|switch|p1a: Psyduck|Psyduck, F|61/100
|turn|20
|c|☆jackker|gg
|
|t:|1757870340
|move|p2a: Totodile|Crunch|p1a: Psyduck
|-damage|p1a: Psyduck|0 fnt
|faint|p1a: Psyduck
|
|win|Glorp Florp
|n|☆jackker|jackker
|n|☆Glorp Florp|glorpflorp
|n|*Lady Monita ☀|ladymonita
|n| KingofBlackStar|kingofblackstar
