|j|☆tserola
|j|☆Trgear
|t:|1757903948
|gametype|singles
|player|p1|tserola|170|1144
|player|p2|Trgear|erika|1101
|gen|9
|tier|[Gen 9] OU
|rated|
|rule|HP Percentage Mod: HP is shown in percentages
|rule|Endless Battle Clause: Forcing endless battles is banned
|rule|Species Clause: Limit one of each Pokémon
|rule|OHKO Clause: OHKO moves are banned
|rule|Evasion Items Clause: Evasion items are banned
|rule|Evasion Moves Clause: Evasion moves are banned
|rule|Evasion Abilities Clause: Evasion abilities are banned
|rule|Sleep Moves Clause: Sleep-inducing moves are banned
|clearpoke
|poke|p1|Corviknight, F|
|poke|p1|Dragonite, F|
|poke|p1|Kingambit, M|
|poke|p1|Clefable, F|
|poke|p1|Pecharunt|
|poke|p1|Moltres|
|poke|p2|Camerupt, M|
|poke|p2|Talonflame, F|
|poke|p2|Torkoal, F|
|poke|p2|Heatran, F|
|poke|p2|Walking Wake|
|poke|p2|Meowscarada, F|
|teampreview
|
|t:|1757903964
|teamsize|p1|6
|teamsize|p2|6
|start
|switch|p1a: Pecharunt|Pecharunt|100/100
|switch|p2a: Torkoal|Torkoal, F|100/100
|-item|p1a: Pecharunt|Air Balloon
|-weather|SunnyDay|[from] ability: Drought|[of] p2a: Torkoal
|turn|1
|
|t:|1757903975
|move|p1a: Pecharunt|Shadow Ball|p2a: Torkoal
|-damage|p2a: Torkoal|50/100
|move|p2a: Torkoal|Stealth Rock|p1a: Pecharunt
|-sidestart|p1: tserola|move: Stealth Rock
|
|-weather|SunnyDay|[upkeep]
|upkeep
|turn|2
|
|t:|1757903995
|move|p1a: Pecharunt|Malignant Chain|p2a: Torkoal
|-damage|p2a: Torkoal|0 fnt
|faint|p2a: Torkoal
|
|-weather|SunnyDay|[upkeep]
|upkeep
|
|t:|1757904002
|switch|p2a: Walking Wake|Walking Wake|100/100
|-activate|p2a: Walking Wake|ability: Protosynthesis
|-start|p2a: Walking Wake|protosynthesisspa
|turn|3
|
|t:|1757904025
|-terastallize|p2a: Walking Wake|Water
|move|p2a: Walking Wake|Hydro Steam|p1a: Pecharunt
|-damage|p1a: Pecharunt|0 fnt
|-enditem|p1a: Pecharunt|Air Balloon
|faint|p1a: Pecharunt
|
|-weather|SunnyDay|[upkeep]
|upkeep
|
|t:|1757904053
|switch|p1a: Dragonite|Dragonite, F|100/100
|-damage|p1a: Dragonite|76/100|[from] Stealth Rock
|turn|4
|
|t:|1757904060
|move|p1a: Dragonite|Extreme Speed|p2a: Walking Wake
|-damage|p2a: Walking Wake|47/100
|move|p2a: Walking Wake|Hydro Steam|p1a: Dragonite
|-resisted|p1a: Dragonite
|-damage|p1a: Dragonite|17/100
|
|-weather|SunnyDay|[upkeep]
|upkeep
|turn|5
|
|t:|1757904071
|-end|p2a: Walking Wake|Protosynthesis|[silent]
|switch|p2a: Heatran|Heatran, F|100/100
|move|p1a: Dragonite|Extreme Speed|p2a: Heatran
|-resisted|p2a: Heatran
|-damage|p2a: Heatran|80/100
|
|-weather|SunnyDay|[upkeep]
|-heal|p2a: Heatran|87/100|[from] item: Leftovers
|upkeep
|turn|6
|
|t:|1757904083
|switch|p1a: Moltres|Moltres|100/100
|move|p2a: Heatran|Flash Cannon|p1a: Moltres
|-resisted|p1a: Moltres
|-damage|p1a: Moltres|73/100
|
|-weather|SunnyDay|[upkeep]
|-heal|p2a: Heatran|93/100|[from] item: Leftovers
|upkeep
|turn|7
|
|t:|1757904098
|switch|p2a: Walking Wake|Walking Wake, tera:Water|47/100
|-activate|p2a: Walking Wake|ability: Protosynthesis
|-start|p2a: Walking Wake|protosynthesisspa
|move|p1a: Moltres|Scorching Sands|p2a: Walking Wake
|-damage|p2a: Walking Wake|20/100
|
|-weather|SunnyDay|[upkeep]
|upkeep
|turn|8
|
|t:|1757904154
|switch|p1a: Dragonite|Dragonite, F|17/100
|-damage|p1a: Dragonite|0 fnt|[from] Stealth Rock
|faint|p1a: Dragonite
|move|p2a: Walking Wake|Hydro Steam|p1: Dragonite|[notarget]
|-fail|p2a: Walking Wake
|
|-weather|none
|-end|p2a: Walking Wake|Protosynthesis
|upkeep
|
|t:|1757904179
|switch|p1a: Kingambit|Kingambit, M|100/100
|-damage|p1a: Kingambit|94/100|[from] Stealth Rock
|-activate|p1a: Kingambit|ability: Supreme Overlord
|-start|p1a: Kingambit|fallen2|[silent]
|turn|9
|
|t:|1757904186
|move|p2a: Walking Wake|Hydro Steam|p1a: Kingambit
|-damage|p1a: Kingambit|42/100
|move|p1a: Kingambit|Swords Dance|p1a: Kingambit
|-boost|p1a: Kingambit|atk|2
|
|upkeep
|turn|10
|
|t:|1757904193
|move|p1a: Kingambit|Sucker Punch|p2a: Walking Wake
|-damage|p2a: Walking Wake|0 fnt
|faint|p2a: Walking Wake
|-end|p2a: Walking Wake|Protosynthesis|[silent]
|-damage|p1a: Kingambit|32/100|[from] item: Life Orb
|
|upkeep
|
|t:|1757904200
|switch|p2a: Meowscarada|Meowscarada, F|100/100
|turn|11
|
|t:|1757904206
|switch|p2a: Talonflame|Talonflame, F|100/100
|move|p1a: Kingambit|Sucker Punch||[still]
|-fail|p1a: Kingambit
|
|upkeep
|turn|12
|
|t:|1757904214
|move|p2a: Talonflame|Brave Bird|p1a: Kingambit
|-resisted|p1a: Kingambit
|-damage|p1a: Kingambit|15/100
|-damage|p2a: Talonflame|93/100|[from] Recoil
|move|p1a: Kingambit|Sucker Punch||[still]
|-fail|p1a: Kingambit
|
|upkeep
|turn|13
|
|t:|1757904226
|move|p1a: Kingambit|Sucker Punch|p2a: Talonflame
|-damage|p2a: Talonflame|0 fnt
|faint|p2a: Talonflame
|-damage|p1a: Kingambit|5/100|[from] item: Life Orb
|
|upkeep
|
|t:|1757904238
|switch|p2a: Camerupt|Camerupt, M|100/100
|-item|p2a: Camerupt|Air Balloon
|turn|14
|
|t:|1757904256
|move|p1a: Kingambit|Lash Out|p2a: Camerupt
|-damage|p2a: Camerupt|0 fnt
|-enditem|p2a: Camerupt|Air Balloon
|faint|p2a: Camerupt
|-damage|p1a: Kingambit|0 fnt|[from] item: Life Orb
|faint|p1a: Kingambit
|-end|p1a: Kingambit|fallen2|[silent]
|
|upkeep
|
|t:|1757904267
|switch|p1a: Corviknight|Corviknight, F|100/100
|switch|p2a: Meowscarada|Meowscarada, F|100/100
|-damage|p1a: Corviknight|88/100|[from] Stealth Rock
|-ability|p1a: Corviknight|Pressure
|turn|15
|
|t:|1757904279
|move|p2a: Meowscarada|Triple Axel|p1a: Corviknight
|-start|p2a: Meowscarada|typechange|Ice|[from] ability: Protean
|-damage|p1a: Corviknight|80/100
|-damage|p1a: Corviknight|64/100
|-damage|p1a: Corviknight|43/100
|-hitcount|p1a: Corviknight|3
|move|p1a: Corviknight|Body Press|p2a: Meowscarada
|-supereffective|p2a: Meowscarada
|-damage|p2a: Meowscarada|42/100
|
|-heal|p1a: Corviknight|49/100|[from] item: Leftovers
|upkeep
|turn|16
|
|t:|1757904295
|move|p2a: Meowscarada|Triple Axel|p1a: Corviknight
|-damage|p1a: Corviknight|41/100
|-damage|p1a: Corviknight|26/100
|-hitcount|p1a: Corviknight|2
|move|p1a: Corviknight|Roost|p1a: Corviknight
|-heal|p1a: Corviknight|76/100
|-singleturn|p1a: Corviknight|move: Roost
|
|-heal|p1a: Corviknight|83/100|[from] item: Leftovers
|upkeep
|turn|17
|
|t:|1757904308
|move|p2a: Meowscarada|Triple Axel|p1a: Corviknight
|-damage|p1a: Corviknight|76/100
|-damage|p1a: Corviknight|61/100
|-damage|p1a: Corviknight|37/100
|-hitcount|p1a: Corviknight|3
|move|p1a: Corviknight|Body Press|p2a: Meowscarada
|-supereffective|p2a: Meowscarada
|-damage|p2a: Meowscarada|0 fnt
|faint|p2a: Meowscarada
|
|-heal|p1a: Corviknight|44/100|[from] item: Leftovers
|upkeep
|
|t:|1757904320
|switch|p2a: Heatran|Heatran, F|93/100
|turn|18
|
|t:|1757904327
|move|p2a: Heatran|Magma Storm|p1a: Corviknight
|-supereffective|p1a: Corviknight
|-damage|p1a: Corviknight|0 fnt
|faint|p1a: Corviknight
|
|-heal|p2a: Heatran|99/100|[from] item: Leftovers
|upkeep
|
|t:|1757904331
|switch|p1a: Moltres|Moltres|73/100
|turn|19
|
|t:|1757904361
|move|p1a: Moltres|Scorching Sands|p2a: Heatran
|-supereffective|p2a: Heatran
|-damage|p2a: Heatran|18/100
|move|p2a: Heatran|Magma Storm|p1a: Moltres|[miss]
|-miss|p2a: Heatran|p1a: Moltres
|
|-heal|p2a: Heatran|24/100|[from] item: Leftovers
|upkeep
|turn|20
|-message|Trgear forfeited.
|
|win|tserola
|raw|tserola's rating: 1144 &rarr; <strong>1166</strong><br />(+22 for winning)
|raw|Trgear's rating: 1101 &rarr; <strong>1079</strong><br />(-22 for losing)
|l|☆Trgear
|player|p2|
|l|☆tserola
|player|p1|
