|j|☆averagealt99
|j|☆earl5000
|t:|1757949617
|gametype|singles
|player|p1|averagealt99|acetrainerf-gen4dp|1436
|player|p2|earl5000|palmer|1401
|gen|9
|tier|[Gen 9] OU
|rated|
|rule|HP Percentage Mod: HP is shown in percentages
|rule|Endless Battle Clause: Forcing endless battles is banned
|rule|Species Clause: Limit one of each Pokémon
|rule|OHKO Clause: OHKO moves are banned
|rule|Evasion Items Clause: Evasion items are banned
|rule|Evasion Moves Clause: Evasion moves are banned
|rule|Evasion Abilities Clause: Evasion abilities are banned
|rule|Sleep Moves Clause: Sleep-inducing moves are banned
|clearpoke
|poke|p1|Vikavolt, M|
|poke|p1|Chesnaught, F|
|poke|p1|Samurott-Hisui, M|
|poke|p1|Tornadus-Therian, M|
|poke|p1|Moltres|
|poke|p1|Landorus-Therian, M|
|poke|p2|Dragonite, F|
|poke|p2|Iron Valiant|
|poke|p2|Glimmora, M|
|poke|p2|Kingambit, M|
|poke|p2|Deoxys-Speed|
|poke|p2|Great Tusk|
|teampreview
|inactive|Battle timer is ON: inactive players will automatically lose when time's up. (requested by earl5000)
|
|t:|1757949632
|teamsize|p1|6
|teamsize|p2|6
|start
|switch|p1a: Moltres|Moltres|100/100
|switch|p2a: Deoxys|Deoxys-Speed|100/100
|-ability|p2a: Deoxys|Pressure
|turn|1
|
|t:|1757949641
|move|p2a: Deoxys|Reflect|p2a: Deoxys
|-sidestart|p2: earl5000|Reflect
|move|p1a: Moltres|Will-O-Wisp|p2a: Deoxys
|-status|p2a: Deoxys|brn
|
|-damage|p2a: Deoxys|95/100 brn|[from] brn
|upkeep
|turn|2
|
|t:|1757949647
|switch|p1a: Samurott|Samurott-Hisui, M|100/100
|move|p2a: Deoxys|Light Screen|p2a: Deoxys
|-sidestart|p2: earl5000|move: Light Screen
|
|-damage|p2a: Deoxys|89/100 brn|[from] brn
|upkeep
|turn|3
|
|t:|1757949667
|switch|p2a: Glimmora|Glimmora, M|100/100
|switch|p1a: Moltres|Moltres|100/100
|
|upkeep
|turn|4
|
|t:|1757949674
|-terastallize|p1a: Moltres|Ground
|move|p1a: Moltres|Scorching Sands|p2a: Glimmora
|-supereffective|p2a: Glimmora
|-damage|p2a: Glimmora|5/100
|move|p2a: Glimmora|Meteor Beam||[still]
|-prepare|p2a: Glimmora|Meteor Beam
|-boost|p2a: Glimmora|spa|1
|-enditem|p2a: Glimmora|Power Herb
|-anim|p2a: Glimmora|Meteor Beam|p1a: Moltres
|-resisted|p1a: Moltres
|-damage|p1a: Moltres|49/100
|
|upkeep
|turn|5
|
|t:|1757949688
|switch|p2a: Deoxys|Deoxys-Speed|89/100 brn
|-ability|p2a: Deoxys|Pressure
|move|p1a: Moltres|Scorching Sands|p2a: Deoxys
|-damage|p2a: Deoxys|68/100 brn
|
|-damage|p2a: Deoxys|63/100 brn|[from] brn
|upkeep
|turn|6
|
|t:|1757949696
|switch|p2a: Glimmora|Glimmora, M|5/100
|move|p1a: Moltres|Roost|p1a: Moltres
|-heal|p1a: Moltres|99/100
|
|upkeep
|turn|7
|
|t:|1757949701
|move|p1a: Moltres|Flamethrower|p2a: Glimmora
|-resisted|p2a: Glimmora
|-damage|p2a: Glimmora|0 fnt
|faint|p2a: Glimmora
|
|upkeep
|
|t:|1757949718
|switch|p2a: Iron Valiant|Iron Valiant|100/100
|-enditem|p2a: Iron Valiant|Booster Energy
|-activate|p2a: Iron Valiant|ability: Quark Drive|[fromitem]
|-start|p2a: Iron Valiant|quarkdrivespe
|turn|8
|
|t:|1757949730
|move|p2a: Iron Valiant|Moonblast|p1a: Moltres
|-damage|p1a: Moltres|48/100
|-unboost|p1a: Moltres|spa|1
|move|p1a: Moltres|Will-O-Wisp|p2a: Iron Valiant
|-status|p2a: Iron Valiant|brn
|
|-damage|p2a: Iron Valiant|94/100 brn|[from] brn
|-sideend|p2: earl5000|Reflect
|upkeep
|turn|9
|
|t:|1757949746
|switch|p1a: Vikavolt|Vikavolt, M|100/100
|move|p2a: Iron Valiant|Moonblast|p1a: Vikavolt
|-damage|p1a: Vikavolt|45/100
|-unboost|p1a: Vikavolt|spa|1
|
|-damage|p2a: Iron Valiant|88/100 brn|[from] brn
|-sideend|p2: earl5000|move: Light Screen
|upkeep
|turn|10
|
|t:|1757949756
|move|p2a: Iron Valiant|Moonblast|p1a: Vikavolt
|-damage|p1a: Vikavolt|0 fnt
|faint|p1a: Vikavolt
|
|-damage|p2a: Iron Valiant|82/100 brn|[from] brn
|upkeep
|
|t:|1757949764
|switch|p1a: Tornadus|Tornadus-Therian, M|100/100
|turn|11
|
|t:|1757949768
|move|p2a: Iron Valiant|Moonblast|p1a: Tornadus
|-damage|p1a: Tornadus|56/100
|move|p1a: Tornadus|Bleakwind Storm|p2a: Iron Valiant
|-supereffective|p2a: Iron Valiant
|-damage|p2a: Iron Valiant|0 fnt
|faint|p2a: Iron Valiant
|-end|p2a: Iron Valiant|Quark Drive|[silent]
|-damage|p1a: Tornadus|46/100|[from] item: Life Orb
|
|upkeep
|
|t:|1757949777
|switch|p2a: Deoxys|Deoxys-Speed|63/100 brn
|-ability|p2a: Deoxys|Pressure
|turn|12
|
|t:|1757949783
|move|p2a: Deoxys|Light Screen|p2a: Deoxys
|-sidestart|p2: earl5000|move: Light Screen
|move|p1a: Tornadus|Dark Pulse|p2a: Deoxys
|-supereffective|p2a: Deoxys
|-damage|p2a: Deoxys|32/100 brn
|-damage|p1a: Tornadus|36/100|[from] item: Life Orb
|
|-damage|p2a: Deoxys|26/100 brn|[from] brn
|upkeep
|turn|13
|
|t:|1757949788
|switch|p1a: Landorus|Landorus-Therian, M|100/100
|-ability|p1a: Landorus|Intimidate|boost
|-unboost|p2a: Deoxys|atk|1
|move|p2a: Deoxys|Reflect|p2a: Deoxys
|-sidestart|p2: earl5000|Reflect
|
|-damage|p2a: Deoxys|20/100 brn|[from] brn
|upkeep
|turn|14
|
|t:|1757949791
|move|p2a: Deoxys|Psycho Boost|p1a: Landorus
|-crit|p1a: Landorus
|-damage|p1a: Landorus|9/100
|-unboost|p2a: Deoxys|spa|2
|move|p1a: Landorus|U-turn|p2a: Deoxys
|-supereffective|p2a: Deoxys
|-damage|p2a: Deoxys|0 fnt
|faint|p2a: Deoxys
|
|t:|1757949799
|switch|p1a: Moltres|Moltres, tera:Ground|48/100|[from] U-turn
|
|upkeep
|
|t:|1757949805
|switch|p2a: Great Tusk|Great Tusk|100/100
|-enditem|p2a: Great Tusk|Booster Energy
|-activate|p2a: Great Tusk|ability: Protosynthesis|[fromitem]
|-start|p2a: Great Tusk|protosynthesisspe
|turn|15
|
|t:|1757949815
|move|p2a: Great Tusk|Headlong Rush|p1a: Moltres
|-crit|p1a: Moltres
|-damage|p1a: Moltres|0 fnt
|-unboost|p2a: Great Tusk|def|1
|-unboost|p2a: Great Tusk|spd|1
|-status|p2a: Great Tusk|brn|[from] ability: Flame Body|[of] p1a: Moltres
|faint|p1a: Moltres
|
|-damage|p2a: Great Tusk|94/100 brn|[from] brn
|upkeep
|
|t:|1757949819
|switch|p1a: Chesnaught|Chesnaught, F|100/100
|turn|16
|
|t:|1757949823
|move|p1a: Chesnaught|Spiky Shield|p1a: Chesnaught
|-singleturn|p1a: Chesnaught|move: Protect
|move|p2a: Great Tusk|Taunt|p1a: Chesnaught
|-activate|p1a: Chesnaught|move: Protect
|
|-damage|p2a: Great Tusk|88/100 brn|[from] brn
|upkeep
|turn|17
|
|t:|1757949828
|move|p2a: Great Tusk|Taunt|p1a: Chesnaught
|-start|p1a: Chesnaught|move: Taunt
|move|p1a: Chesnaught|Body Press|p2a: Great Tusk
|-damage|p2a: Great Tusk|66/100 brn
|
|-damage|p2a: Great Tusk|60/100 brn|[from] brn
|upkeep
|turn|18
|
|t:|1757949834
|-end|p2a: Great Tusk|Protosynthesis|[silent]
|switch|p2a: Dragonite|Dragonite, F|100/100
|move|p1a: Chesnaught|Body Press|p2a: Dragonite
|-resisted|p2a: Dragonite
|-damage|p2a: Dragonite|96/100
|
|-heal|p2a: Dragonite|100/100|[from] item: Leftovers
|upkeep
|turn|19
|
|t:|1757949838
|move|p2a: Dragonite|Dragon Dance|p2a: Dragonite
|-boost|p2a: Dragonite|atk|1
|-boost|p2a: Dragonite|spe|1
|move|p1a: Chesnaught|Knock Off|p2a: Dragonite
|-damage|p2a: Dragonite|96/100
|-enditem|p2a: Dragonite|Leftovers|[from] move: Knock Off|[of] p1a: Chesnaught
|
|-end|p1a: Chesnaught|move: Taunt
|-sideend|p2: earl5000|move: Light Screen
|upkeep
|turn|20
|
|t:|1757949845
|switch|p1a: Landorus|Landorus-Therian, M|9/100
|-ability|p1a: Landorus|Intimidate|boost
|-unboost|p2a: Dragonite|atk|1
|move|p2a: Dragonite|Substitute|p2a: Dragonite
|-start|p2a: Dragonite|Substitute
|-damage|p2a: Dragonite|71/100
|
|-sideend|p2: earl5000|Reflect
|upkeep
|turn|21
|
|t:|1757949852
|move|p1a: Landorus|Rock Slide|p2a: Dragonite
|-supereffective|p2a: Dragonite
|-end|p2a: Dragonite|Substitute
|move|p2a: Dragonite|Dragon Dance|p2a: Dragonite
|-boost|p2a: Dragonite|atk|1
|-boost|p2a: Dragonite|spe|1
|
|upkeep
|turn|22
|
|t:|1757949860
|move|p1a: Landorus|Rock Slide|p2a: Dragonite
|-supereffective|p2a: Dragonite
|-damage|p2a: Dragonite|18/100
|cant|p2a: Dragonite|flinch
|
|upkeep
|turn|23
|
|t:|1757949865
|move|p1a: Landorus|Rock Slide|p2a: Dragonite
|-supereffective|p2a: Dragonite
|-damage|p2a: Dragonite|0 fnt
|faint|p2a: Dragonite
|
|upkeep
|-message|earl5000 forfeited.
|
|win|averagealt99
|raw|averagealt99's rating: 1436 &rarr; <strong>1454</strong><br />(+18 for winning)
|raw|earl5000's rating: 1401 &rarr; <strong>1383</strong><br />(-18 for losing)
|l|☆earl5000
|player|p2|
|l|☆averagealt99
|player|p1|
