|j|☆bernard31/reis
|j|☆Jlenny8
|t:|1757867885
|gametype|singles
|player|p1|bernard31/reis|cynthia-gen4|1210
|player|p2|Jlenny8|101|1261
|gen|9
|tier|[Gen 9] OU
|rated|
|rule|HP Percentage Mod: HP is shown in percentages
|rule|Endless Battle Clause: Forcing endless battles is banned
|rule|Species Clause: Limit one of each Pokémon
|rule|OHKO Clause: OHKO moves are banned
|rule|Evasion Items Clause: Evasion items are banned
|rule|Evasion Moves Clause: Evasion moves are banned
|rule|Evasion Abilities Clause: Evasion abilities are banned
|rule|Sleep Moves Clause: Sleep-inducing moves are banned
|clearpoke
|poke|p1|Hydrapple, M|
|poke|p1|Slowking-Galar, M|
|poke|p1|Corviknight, F|
|poke|p1|Primarina, M|
|poke|p1|Landorus-Therian, M|
|poke|p1|Zamazenta-*|
|poke|p2|Cinderace, M|
|poke|p2|Ogerpon-Wellspring, F|
|poke|p2|Kingambit, M|
|poke|p2|Incineroar, M|
|poke|p2|Clefable, F|
|poke|p2|Dragapult, F|
|teampreview
|inactive|Battle timer is ON: inactive players will automatically lose when time's up. (requested by bernard31/reis)
|
|t:|1757867897
|teamsize|p1|6
|teamsize|p2|6
|start
|switch|p1a: Primarina|Primarina, M, shiny|100/100
|switch|p2a: Ogerpon|Ogerpon-Wellspring, F|100/100
|turn|1
|
|t:|1757867903
|move|p2a: Ogerpon|Leech Seed|p1a: Primarina
|-start|p1a: Primarina|move: Leech Seed
|move|p1a: Primarina|Moonblast|p2a: Ogerpon
|-damage|p2a: Ogerpon|43/100
|-unboost|p2a: Ogerpon|spa|1
|
|-damage|p1a: Primarina|88/100|[from] Leech Seed|[of] p2a: Ogerpon
|-heal|p2a: Ogerpon|58/100|[silent]
|upkeep
|turn|2
|
|t:|1757867912
|switch|p1a: Corviknight|Corviknight, F, shiny|100/100
|move|p2a: Ogerpon|Horn Leech|p1a: Corviknight
|-resisted|p1a: Corviknight
|-damage|p1a: Corviknight|93/100
|-heal|p2a: Ogerpon|62/100|[from] drain|[of] p1a: Corviknight
|-damage|p2a: Ogerpon|46/100|[from] item: Rocky Helmet|[of] p1a: Corviknight
|
|upkeep
|turn|3
|
|t:|1757867924
|switch|p2a: Dragapult|Dragapult, F|100/100
|move|p1a: Corviknight|U-turn|p2a: Dragapult
|-resisted|p2a: Dragapult
|-damage|p2a: Dragapult|91/100
|
|t:|1757867927
|switch|p1a: Primarina|Primarina, M, shiny|88/100|[from] U-turn
|
|upkeep
|turn|4
|
|t:|1757867937
|switch|p2a: Clefable|Clefable, F|100/100
|move|p1a: Primarina|Moonblast|p2a: Clefable
|-damage|p2a: Clefable|53/100
|-unboost|p2a: Clefable|spa|1
|
|-heal|p2a: Clefable|59/100|[from] item: Leftovers
|upkeep
|turn|5
|
|t:|1757867946
|move|p1a: Primarina|Flip Turn|p2a: Clefable
|-damage|p2a: Clefable|47/100
|
|t:|1757867951
|switch|p1a: Slowking|Slowking-Galar, M, shiny|100/100|[from] Flip Turn
|move|p2a: Clefable|Wish|p2a: Clefable
|
|-heal|p2a: Clefable|54/100|[from] item: Leftovers
|upkeep
|turn|6
|
|t:|1757867959
|move|p2a: Clefable|Protect|p2a: Clefable
|-singleturn|p2a: Clefable|Protect
|-prepare|p1a: Slowking|Chilly Reception|[premajor]
|move|p1a: Slowking|Chilly Reception|p1a: Slowking
|-weather|Snowscape
|
|t:|1757867966
|switch|p1a: Hydrapple|Hydrapple, M, shiny|100/100|[from] Chilly Reception
|
|-weather|Snowscape|[upkeep]
|-heal|p2a: Clefable|100/100|[from] move: Wish|[wisher] Clefable
|upkeep
|turn|7
|
|t:|1757867974
|-terastallize|p1a: Hydrapple|Poison
|move|p2a: Clefable|Calm Mind|p2a: Clefable
|-boost|p2a: Clefable|spa|1
|-boost|p2a: Clefable|spd|1
|move|p1a: Hydrapple|Tera Blast|p2a: Clefable|[anim] Tera Blast Poison
|-supereffective|p2a: Clefable
|-damage|p2a: Clefable|16/100
|
|-weather|Snowscape|[upkeep]
|-heal|p2a: Clefable|22/100|[from] item: Leftovers
|upkeep
|turn|8
|
|t:|1757867988
|switch|p2a: Incineroar|Incineroar, M|100/100
|-ability|p2a: Incineroar|Intimidate|boost
|-unboost|p1a: Hydrapple|atk|1
|move|p1a: Hydrapple|Tera Blast|p2a: Incineroar|[anim] Tera Blast Poison
|-damage|p2a: Incineroar|61/100
|
|-weather|Snowscape|[upkeep]
|-heal|p2a: Incineroar|67/100|[from] item: Leftovers
|upkeep
|turn|9
|
|t:|1757867998
|switch|p1a: Corviknight|Corviknight, F, shiny|93/100
|move|p2a: Incineroar|Parting Shot|p1a: Corviknight
|-ability|p1a: Corviknight|Mirror Armor
|-unboost|p2a: Incineroar|atk|1
|-ability|p1a: Corviknight|Mirror Armor
|-unboost|p2a: Incineroar|spa|1
|
|t:|1757868009
|switch|p2a: Cinderace|Cinderace, M|100/100|[from] Parting Shot
|
|-weather|Snowscape|[upkeep]
|upkeep
|turn|10
|
|t:|1757868023
|switch|p2a: Ogerpon|Ogerpon-Wellspring, F|46/100
|switch|p1a: Zamazenta|Zamazenta, shiny|100/100
|-ability|p1a: Zamazenta|Dauntless Shield|boost
|-boost|p1a: Zamazenta|def|1
|
|-weather|none
|upkeep
|turn|11
|
|t:|1757868031
|move|p1a: Zamazenta|Body Press|p2a: Ogerpon
|-damage|p2a: Ogerpon|0 fnt
|faint|p2a: Ogerpon
|
|upkeep
|
|t:|1757868037
|switch|p2a: Dragapult|Dragapult, F|91/100
|turn|12
|
|t:|1757868056
|switch|p1a: Primarina|Primarina, M, shiny|88/100
|-terastallize|p2a: Dragapult|Fairy
|move|p2a: Dragapult|Tera Blast|p1a: Primarina|[anim] Tera Blast Fairy
|-damage|p1a: Primarina|69/100
|
|upkeep
|turn|13
|
|t:|1757868070
|switch|p2a: Clefable|Clefable, F|22/100
|move|p1a: Primarina|Flip Turn|p2a: Clefable
|-damage|p2a: Clefable|11/100
|-message|Jlenny8 forfeited.
|
|win|bernard31/reis
|raw|bernard31&#x2f;reis's rating: 1210 &rarr; <strong>1239</strong><br />(+29 for winning)
|raw|Jlenny8's rating: 1261 &rarr; <strong>1232</strong><br />(-29 for losing)
|l|☆Jlenny8
|player|p2|
