|j|☆OG)Flamelibra
|j|☆axoubibou
|t:|1757942384
|gametype|singles
|player|p1|OG)Flamelibra|266|1206
|player|p2|axoubibou|bellelba|1191
|gen|9
|tier|[Gen 9] OU
|rated|
|rule|HP Percentage Mod: HP is shown in percentages
|rule|Endless Battle Clause: Forcing endless battles is banned
|rule|Species Clause: Limit one of each Pokémon
|rule|OHKO Clause: OHKO moves are banned
|rule|Evasion Items Clause: Evasion items are banned
|rule|Evasion Moves Clause: Evasion moves are banned
|rule|Evasion Abilities Clause: Evasion abilities are banned
|rule|Sleep Moves Clause: Sleep-inducing moves are banned
|clearpoke
|poke|p1|Garchomp, F|
|poke|p1|Weavile, M|
|poke|p1|Clefable, F|
|poke|p1|Ogerpon-Wellspring, F|
|poke|p1|Moltres|
|poke|p1|Pecharunt|
|poke|p2|Clodsire, F|
|poke|p2|Dondozo, F|
|poke|p2|Gliscor, F|
|poke|p2|Alomomola, L99, F|
|poke|p2|Corviknight, M|
|poke|p2|Azumarill, F|
|teampreview
|inactive|Battle timer is ON: inactive players will automatically lose when time's up. (requested by axoubibou)
|
|t:|1757942393
|teamsize|p1|6
|teamsize|p2|6
|start
|switch|p1a: Weavile|Weavile, M|100/100
|switch|p2a: Cancer|Gliscor, F|100/100
|-ability|p1a: Weavile|Pressure
|turn|1
|
|t:|1757942407
|move|p2a: Cancer|Protect|p2a: Cancer
|-singleturn|p2a: Cancer|Protect
|move|p1a: Weavile|Swords Dance|p1a: Weavile
|-boost|p1a: Weavile|atk|2
|
|-status|p2a: Cancer|tox|[from] item: Toxic Orb
|upkeep
|turn|2
|
|t:|1757942426
|switch|p2a: Fat fish|Dondozo, F|100/100
|move|p1a: Weavile|Knock Off|p2a: Fat fish
|-damage|p2a: Fat fish|78/100
|-enditem|p2a: Fat fish|Heavy-Duty Boots|[from] move: Knock Off|[of] p1a: Weavile
|
|upkeep
|turn|3
|
|t:|1757942449
|switch|p1a: Garchomp|Garchomp, F|100/100
|move|p2a: Fat fish|Body Press|p1a: Garchomp
|-damage|p1a: Garchomp|76/100
|-damage|p2a: Fat fish|65/100|[from] ability: Rough Skin|[of] p1a: Garchomp
|-damage|p2a: Fat fish|49/100|[from] item: Rocky Helmet|[of] p1a: Garchomp
|
|upkeep
|turn|4
|
|t:|1757942459
|move|p1a: Garchomp|Stealth Rock|p2a: Fat fish
|-sidestart|p2: axoubibou|move: Stealth Rock
|move|p2a: Fat fish|Avalanche|p1a: Garchomp
|-supereffective|p1a: Garchomp
|-damage|p1a: Garchomp|24/100
|-damage|p2a: Fat fish|36/100|[from] ability: Rough Skin|[of] p1a: Garchomp
|-damage|p2a: Fat fish|19/100|[from] item: Rocky Helmet|[of] p1a: Garchomp
|
|upkeep
|turn|5
|
|t:|1757942468
|move|p1a: Garchomp|Earthquake|p2a: Fat fish
|-damage|p2a: Fat fish|0 fnt
|faint|p2a: Fat fish
|
|upkeep
|
|t:|1757942477
|switch|p2a: Golden shower|Azumarill, F, shiny|100/100
|turn|6
|c|☆OG)Flamelibra|nice name
|c|☆axoubibou|i know
|
|t:|1757942502
|switch|p1a: Pecharunt|Pecharunt|100/100
|move|p2a: Golden shower|Whirlpool|p1a: Pecharunt
|-damage|p1a: Pecharunt|92/100
|-activate|p1a: Pecharunt|move: Whirlpool|[of] p2a: Golden shower
|
|-damage|p1a: Pecharunt|80/100|[from] move: Whirlpool|[partiallytrapped]
|upkeep
|turn|7
|
|t:|1757942514
|switch|p2a: Bebou|Clodsire, F|100/100
|move|p1a: Pecharunt|Parting Shot|p2a: Bebou
|-unboost|p2a: Bebou|atk|1
|-unboost|p2a: Bebou|spa|1
|inactive|OG)Flamelibra has 120 seconds left.
|
|t:|1757942536
|switch|p1a: Garchomp|Garchomp, F|24/100|[from] Parting Shot
|
|upkeep
|turn|8
|
|t:|1757942543
|switch|p2a: Slurp|Corviknight, M, shiny|100/100
|-damage|p2a: Slurp|88/100|[from] Stealth Rock
|-ability|p2a: Slurp|Pressure
|move|p1a: Garchomp|Dragon Tail|p2a: Slurp
|-resisted|p2a: Slurp
|-damage|p2a: Slurp|76/100
|drag|p2a: Kant|Alomomola, L99, F, shiny|100/100
|
|upkeep
|turn|9
|inactive|OG)Flamelibra has 120 seconds left.
|
|t:|1757942558
|move|p2a: Kant|Scald|p1a: Garchomp
|-damage|p1a: Garchomp|9/100
|move|p1a: Garchomp|Dragon Tail|p2a: Kant
|-crit|p2a: Kant
|-damage|p2a: Kant|65/100
|drag|p2a: Golden shower|Azumarill, F, shiny|100/100
|
|upkeep
|turn|10
|inactive|OG)Flamelibra has 120 seconds left.
|
|t:|1757942567
|switch|p1a: Ogerpon|Ogerpon-Wellspring, F|100/100
|move|p2a: Golden shower|Whirlpool|p1a: Ogerpon
|-immune|p1a: Ogerpon|[from] ability: Water Absorb
|
|upkeep
|turn|11
|
|t:|1757942574
|move|p1a: Ogerpon|Knock Off|p2a: Golden shower
|-resisted|p2a: Golden shower
|-damage|p2a: Golden shower|87/100
|-enditem|p2a: Golden shower|Heavy-Duty Boots|[from] move: Knock Off|[of] p1a: Ogerpon
|move|p2a: Golden shower|Perish Song|p2a: Golden shower
|-start|p1a: Ogerpon|perish3|[silent]
|-start|p2a: Golden shower|perish3|[silent]
|-fieldactivate|move: Perish Song
|
|-start|p1a: Ogerpon|perish3
|-start|p2a: Golden shower|perish3
|upkeep
|turn|12
|inactive|OG)Flamelibra has 120 seconds left.
|
|t:|1757942598
|move|p1a: Ogerpon|Power Whip|p2a: Golden shower
|-ability|p2a: Golden shower|Sap Sipper|boost
|-boost|p2a: Golden shower|atk|1
|move|p2a: Golden shower|Alluring Voice|p1a: Ogerpon
|-damage|p1a: Ogerpon|78/100
|
|-start|p1a: Ogerpon|perish2
|-start|p2a: Golden shower|perish2
|upkeep
|turn|13
|inactive|OG)Flamelibra has 120 seconds left.
|
|t:|1757942607
|move|p1a: Ogerpon|U-turn|p2a: Golden shower
|-resisted|p2a: Golden shower
|-damage|p2a: Golden shower|76/100
|inactive|OG)Flamelibra has 120 seconds left.
|
|t:|1757942613
|switch|p1a: Pecharunt|Pecharunt|80/100|[from] U-turn
|move|p2a: Golden shower|Whirlpool|p1a: Pecharunt
|-damage|p1a: Pecharunt|70/100
|-activate|p1a: Pecharunt|move: Whirlpool|[of] p2a: Golden shower
|
|-damage|p1a: Pecharunt|58/100|[from] move: Whirlpool|[partiallytrapped]
|-start|p2a: Golden shower|perish1
|upkeep
|turn|14
|
|t:|1757942622
|switch|p2a: Slurp|Corviknight, M, shiny|76/100
|-damage|p2a: Slurp|64/100|[from] Stealth Rock
|-ability|p2a: Slurp|Pressure
|move|p1a: Pecharunt|Recover|p1a: Pecharunt
|-heal|p1a: Pecharunt|100/100
|
|-heal|p2a: Slurp|70/100|[from] item: Leftovers
|-end|p1a: Pecharunt|Whirlpool|[partiallytrapped]|[silent]
|upkeep
|turn|15
|
|t:|1757942634
|move|p2a: Slurp|Spite|p1a: Pecharunt
|-activate|p1a: Pecharunt|move: Spite|Recover|4
|move|p1a: Pecharunt|Parting Shot|p2a: Slurp
|-unboost|p2a: Slurp|atk|1
|-unboost|p2a: Slurp|spa|1
|c|☆OG)Flamelibra|interesting
|inactive|OG)Flamelibra has 120 seconds left.
|
|t:|1757942649
|switch|p1a: Moltres|Moltres|100/100|[from] Parting Shot
|
|-heal|p2a: Slurp|76/100|[from] item: Leftovers
|upkeep
|turn|16
|
|t:|1757942654
|move|p2a: Slurp|Protect|p2a: Slurp
|-singleturn|p2a: Slurp|Protect
|move|p1a: Moltres|Roar|p2a: Slurp
|drag|p2a: Cancer|Gliscor, F|100/100 tox
|-damage|p2a: Cancer|88/100 tox|[from] Stealth Rock
|
|-heal|p2a: Cancer|100/100 tox|[from] ability: Poison Heal
|upkeep
|turn|17
|inactive|OG)Flamelibra has 120 seconds left.
|
|t:|1757942670
|switch|p1a: Pecharunt|Pecharunt|100/100
|move|p2a: Cancer|Toxic|p1a: Pecharunt
|-immune|p1a: Pecharunt
|
|upkeep
|turn|18
|inactive|OG)Flamelibra has 120 seconds left.
|
|t:|1757942682
|-terastallize|p1a: Pecharunt|Ghost
|move|p2a: Cancer|Knock Off|p1a: Pecharunt
|-supereffective|p1a: Pecharunt
|-damage|p1a: Pecharunt|80/100
|-enditem|p1a: Pecharunt|Heavy-Duty Boots|[from] move: Knock Off|[of] p2a: Cancer
|move|p1a: Pecharunt|Hex|p2a: Cancer
|-damage|p2a: Cancer|39/100 tox
|
|-heal|p2a: Cancer|52/100 tox|[from] ability: Poison Heal
|upkeep
|turn|19
|inactive|OG)Flamelibra has 120 seconds left.
|
|t:|1757942692
|move|p2a: Cancer|Protect|p2a: Cancer
|-singleturn|p2a: Cancer|Protect
|move|p1a: Pecharunt|Hex|p2a: Cancer
|-activate|p2a: Cancer|move: Protect
|
|-heal|p2a: Cancer|64/100 tox|[from] ability: Poison Heal
|upkeep
|turn|20
|
|t:|1757942700
|switch|p2a: Bebou|Clodsire, F|100/100
|move|p1a: Pecharunt|Hex|p2a: Bebou
|-damage|p2a: Bebou|85/100
|
|upkeep
|turn|21
|
|t:|1757942709
|move|p1a: Pecharunt|Parting Shot|p2a: Bebou
|-unboost|p2a: Bebou|atk|1
|-unboost|p2a: Bebou|spa|1
|
|t:|1757942715
|switch|p1a: Clefable|Clefable, F|100/100|[from] Parting Shot
|move|p2a: Bebou|Bulldoze|p1a: Clefable
|-damage|p1a: Clefable|92/100
|-unboost|p1a: Clefable|spe|1
|
|upkeep
|turn|22
|
|t:|1757942722
|move|p1a: Clefable|Trick|p2a: Bebou
|-activate|p1a: Clefable|move: Trick|[of] p2a: Bebou
|-item|p2a: Bebou|Sticky Barb|[from] move: Trick
|-item|p1a: Clefable|Heavy-Duty Boots|[from] move: Trick
|move|p2a: Bebou|Toxic|p1a: Clefable
|-status|p1a: Clefable|tox
|
|-damage|p2a: Bebou|72/100|[from] item: Sticky Barb
|upkeep
|turn|23
|
|t:|1757942737
|switch|p2a: Kant|Alomomola, L99, F, shiny|98/100
|move|p1a: Clefable|Moonblast|p2a: Kant
|-damage|p2a: Kant|73/100
|-unboost|p2a: Kant|spa|1
|
|upkeep
|turn|24
|
|t:|1757942752
|move|p2a: Kant|Wish|p2a: Kant
|move|p1a: Clefable|Moonblast|p2a: Kant
|-damage|p2a: Kant|48/100
|
|upkeep
|turn|25
|
|t:|1757942764
|switch|p1a: Weavile|Weavile, M|100/100
|-ability|p1a: Weavile|Pressure
|move|p2a: Kant|Flip Turn|p1a: Weavile
|-damage|p1a: Weavile|75/100
|
|t:|1757942771
|switch|p2a: Golden shower|Azumarill, F, shiny|76/100|[from] Flip Turn
|-damage|p2a: Golden shower|64/100|[from] Stealth Rock
|
|-heal|p2a: Golden shower|100/100|[from] move: Wish|[wisher] Kant
|upkeep
|turn|26
|
|t:|1757942778
|switch|p1a: Ogerpon|Ogerpon-Wellspring, F|78/100
|move|p2a: Golden shower|Whirlpool|p1a: Ogerpon
|-heal|p1a: Ogerpon|100/100|[from] ability: Water Absorb|[of] p2a: Golden shower
|
|upkeep
|turn|27
|
|t:|1757942787
|move|p1a: Ogerpon|Knock Off|p2a: Golden shower
|-resisted|p2a: Golden shower
|-damage|p2a: Golden shower|91/100
|move|p2a: Golden shower|Perish Song|p2a: Golden shower
|-start|p1a: Ogerpon|perish3|[silent]
|-start|p2a: Golden shower|perish3|[silent]
|-fieldactivate|move: Perish Song
|
|-start|p1a: Ogerpon|perish3
|-start|p2a: Golden shower|perish3
|upkeep
|turn|28
|
|t:|1757942794
|move|p1a: Ogerpon|Power Whip|p2a: Golden shower
|-ability|p2a: Golden shower|Sap Sipper|boost
|-boost|p2a: Golden shower|atk|1
|move|p2a: Golden shower|Alluring Voice|p1a: Ogerpon
|-damage|p1a: Ogerpon|79/100
|
|-start|p1a: Ogerpon|perish2
|-start|p2a: Golden shower|perish2
|upkeep
|turn|29
|
|t:|1757942805
|move|p1a: Ogerpon|U-turn|p2a: Golden shower
|-resisted|p2a: Golden shower
|-damage|p2a: Golden shower|81/100
|
|t:|1757942808
|switch|p1a: Pecharunt|Pecharunt, tera:Ghost|80/100|[from] U-turn
|move|p2a: Golden shower|Whirlpool|p1a: Pecharunt
|-damage|p1a: Pecharunt|71/100
|-activate|p1a: Pecharunt|move: Whirlpool|[of] p2a: Golden shower
|
|-damage|p1a: Pecharunt|59/100|[from] move: Whirlpool|[partiallytrapped]
|-start|p2a: Golden shower|perish1
|upkeep
|turn|30
|
|t:|1757942826
|switch|p2a: Slurp|Corviknight, M, shiny|76/100
|-damage|p2a: Slurp|63/100|[from] Stealth Rock
|-ability|p2a: Slurp|Pressure
|move|p1a: Pecharunt|Hex|p2a: Slurp
|-damage|p2a: Slurp|42/100
|
|-heal|p2a: Slurp|48/100|[from] item: Leftovers
|-end|p1a: Pecharunt|Whirlpool|[partiallytrapped]|[silent]
|upkeep
|turn|31
|
|t:|1757942834
|move|p2a: Slurp|Roost|p2a: Slurp
|-heal|p2a: Slurp|98/100
|-singleturn|p2a: Slurp|move: Roost
|move|p1a: Pecharunt|Recover|p1a: Pecharunt
|-heal|p1a: Pecharunt|100/100
|
|-heal|p2a: Slurp|100/100|[from] item: Leftovers
|upkeep
|turn|32
|
|t:|1757942843
|move|p2a: Slurp|Substitute|p2a: Slurp
|-start|p2a: Slurp|Substitute
|-damage|p2a: Slurp|76/100
|move|p1a: Pecharunt|Parting Shot|p2a: Slurp
|-unboost|p2a: Slurp|atk|1
|-unboost|p2a: Slurp|spa|1
|
|t:|1757942853
|switch|p1a: Moltres|Moltres|100/100|[from] Parting Shot
|
|-heal|p2a: Slurp|82/100|[from] item: Leftovers
|upkeep
|turn|33
|
|t:|1757942867
|switch|p2a: Kant|Alomomola, L99, F, shiny|82/100
|move|p1a: Moltres|Roar|p2a: Kant
|drag|p2a: Bebou|Clodsire, F|72/100
|-damage|p2a: Bebou|66/100|[from] Stealth Rock
|
|-damage|p2a: Bebou|54/100|[from] item: Sticky Barb
|upkeep
|turn|34
|
|t:|1757942880
|switch|p1a: Pecharunt|Pecharunt, tera:Ghost|100/100
|move|p2a: Bebou|Recover|p2a: Bebou
|-heal|p2a: Bebou|100/100
|
|-damage|p2a: Bebou|88/100|[from] item: Sticky Barb
|upkeep
|turn|35
|
|t:|1757942889
|move|p1a: Pecharunt|Hex|p2a: Bebou
|-crit|p2a: Bebou
|-damage|p2a: Bebou|64/100
|move|p2a: Bebou|Bulldoze|p1a: Pecharunt
|-damage|p1a: Pecharunt|93/100
|-unboost|p1a: Pecharunt|spe|1
|
|-damage|p2a: Bebou|52/100|[from] item: Sticky Barb
|upkeep
|turn|36
|
|t:|1757942897
|move|p1a: Pecharunt|Hex|p2a: Bebou
|-damage|p2a: Bebou|37/100
|move|p2a: Bebou|Bulldoze|p1a: Pecharunt
|-damage|p1a: Pecharunt|86/100
|-unboost|p1a: Pecharunt|spe|1
|
|-damage|p2a: Bebou|25/100|[from] item: Sticky Barb
|upkeep
|turn|37
|
|t:|1757942908
|move|p1a: Pecharunt|Hex|p2a: Bebou
|-damage|p2a: Bebou|9/100
|move|p2a: Bebou|Recover|p2a: Bebou
|-heal|p2a: Bebou|59/100
|
|-damage|p2a: Bebou|46/100|[from] item: Sticky Barb
|upkeep
|turn|38
|
|t:|1757942920
|switch|p1a: Moltres|Moltres|100/100
|switch|p2a: Kant|Alomomola, L99, F, shiny|100/100
|
|upkeep
|turn|39
|
|t:|1757942927
|move|p1a: Moltres|Will-O-Wisp|p2a: Kant
|-status|p2a: Kant|brn
|move|p2a: Kant|Wish|p2a: Kant
|
|-damage|p2a: Kant|94/100 brn|[from] brn
|upkeep
|turn|40
|
|t:|1757942933
|move|p2a: Kant|Flip Turn|p1a: Moltres
|-supereffective|p1a: Moltres
|-damage|p1a: Moltres|88/100
|
|t:|1757942936
|switch|p2a: Bebou|Clodsire, F|46/100|[from] Flip Turn
|-damage|p2a: Bebou|40/100|[from] Stealth Rock
|move|p1a: Moltres|Roar|p2a: Bebou
|drag|p2a: Slurp|Corviknight, M, shiny|82/100
|-damage|p2a: Slurp|69/100|[from] Stealth Rock
|-ability|p2a: Slurp|Pressure
|
|-heal|p2a: Slurp|100/100|[from] move: Wish|[wisher] Kant
|upkeep
|turn|41
|
|t:|1757942948
|move|p2a: Slurp|Substitute|p2a: Slurp
|-start|p2a: Slurp|Substitute
|-damage|p2a: Slurp|76/100
|move|p1a: Moltres|Flamethrower|p2a: Slurp
|-supereffective|p2a: Slurp
|-crit|p2a: Slurp
|-end|p2a: Slurp|Substitute
|
|-heal|p2a: Slurp|82/100|[from] item: Leftovers
|upkeep
|turn|42
|
|t:|1757942954
|move|p2a: Slurp|Protect|p2a: Slurp
|-singleturn|p2a: Slurp|Protect
|move|p1a: Moltres|Roar|p2a: Slurp
|drag|p2a: Golden shower|Azumarill, F, shiny|81/100
|-damage|p2a: Golden shower|68/100|[from] Stealth Rock
|
|upkeep
|turn|43
|c|☆OG)Flamelibra|this is a war of attrition
|inactive|axoubibou has 120 seconds left.
|inactive|axoubibou has 90 seconds left.
|
|t:|1757943014
|switch|p1a: Ogerpon|Ogerpon-Wellspring, F|79/100
|move|p2a: Golden shower|Whirlpool|p1a: Ogerpon
|-heal|p1a: Ogerpon|100/100|[from] ability: Water Absorb|[of] p2a: Golden shower
|
|upkeep
|turn|44
|c|☆axoubibou|yes
|inactive|axoubibou has 90 seconds left.
|
|t:|1757943034
|move|p1a: Ogerpon|Ivy Cudgel|p2a: Golden shower|[anim] Ivy Cudgel Water
|-resisted|p2a: Golden shower
|-damage|p2a: Golden shower|46/100
|move|p2a: Golden shower|Whirlpool|p1a: Ogerpon
|-immune|p1a: Ogerpon|[from] ability: Water Absorb
|
|upkeep
|turn|45
|
|t:|1757943041
|move|p1a: Ogerpon|Ivy Cudgel|p2a: Golden shower|[anim] Ivy Cudgel Water
|-resisted|p2a: Golden shower
|-damage|p2a: Golden shower|26/100
|move|p2a: Golden shower|Perish Song|p2a: Golden shower
|-start|p1a: Ogerpon|perish3|[silent]
|-start|p2a: Golden shower|perish3|[silent]
|-fieldactivate|move: Perish Song
|
|-start|p1a: Ogerpon|perish3
|-start|p2a: Golden shower|perish3
|upkeep
|turn|46
|
|t:|1757943049
|move|p1a: Ogerpon|Ivy Cudgel|p2a: Golden shower|[anim] Ivy Cudgel Water
|-resisted|p2a: Golden shower
|-damage|p2a: Golden shower|4/100
|move|p2a: Golden shower|Rest|p2a: Golden shower
|-status|p2a: Golden shower|slp|[from] move: Rest
|-heal|p2a: Golden shower|100/100 slp|[silent]
|
|-start|p1a: Ogerpon|perish2
|-start|p2a: Golden shower|perish2
|upkeep
|turn|47
|
|t:|1757943059
|move|p1a: Ogerpon|U-turn|p2a: Golden shower
|-resisted|p2a: Golden shower
|-damage|p2a: Golden shower|91/100 slp
|
|t:|1757943062
|switch|p1a: Moltres|Moltres|88/100|[from] U-turn
|cant|p2a: Golden shower|slp
|
|-start|p2a: Golden shower|perish1
|upkeep
|turn|48
|
|t:|1757943069
|switch|p2a: Kant|Alomomola, L99, F, shiny|100/100 brn
|move|p1a: Moltres|Roar|p2a: Kant
|drag|p2a: Slurp|Corviknight, M, shiny|82/100
|-damage|p2a: Slurp|69/100|[from] Stealth Rock
|-ability|p2a: Slurp|Pressure
|
|-heal|p2a: Slurp|75/100|[from] item: Leftovers
|upkeep
|turn|49
|
|t:|1757943078
|move|p2a: Slurp|Protect|p2a: Slurp
|-singleturn|p2a: Slurp|Protect
|move|p1a: Moltres|Roar|p2a: Slurp
|drag|p2a: Kant|Alomomola, L99, F, shiny|100/100 brn
|
|-damage|p2a: Kant|94/100 brn|[from] brn
|upkeep
|turn|50
|
|t:|1757943092
|switch|p1a: Ogerpon|Ogerpon-Wellspring, F|100/100
|move|p2a: Kant|Wish|p2a: Kant
|
|-damage|p2a: Kant|88/100 brn|[from] brn
|upkeep
|turn|51
|
|t:|1757943107
|switch|p2a: Bebou|Clodsire, F|40/100
|-damage|p2a: Bebou|34/100|[from] Stealth Rock
|move|p1a: Ogerpon|Knock Off|p2a: Bebou
|-damage|p2a: Bebou|0 fnt
|-enditem|p2a: Bebou|Sticky Barb|[from] move: Knock Off|[of] p1a: Ogerpon
|faint|p2a: Bebou
|
|upkeep
|inactive|axoubibou has 120 seconds left.
|c|☆axoubibou|i was paying I survive and you knock off sticky shit
|
|t:|1757943140
|switch|p2a: Golden shower|Azumarill, F, shiny|91/100 slp
|-damage|p2a: Golden shower|79/100 slp|[from] Stealth Rock
|turn|52
|
|t:|1757943160
|switch|p1a: Garchomp|Garchomp, F|9/100
|cant|p2a: Golden shower|slp
|
|upkeep
|turn|53
|
|t:|1757943165
|move|p1a: Garchomp|Earthquake|p2a: Golden shower
|-damage|p2a: Golden shower|44/100 slp
|-curestatus|p2a: Golden shower|slp|[msg]
|move|p2a: Golden shower|Whirlpool|p1a: Garchomp
|-damage|p1a: Garchomp|0 fnt
|faint|p1a: Garchomp
|
|upkeep
|
|t:|1757943184
|switch|p1a: Pecharunt|Pecharunt, tera:Ghost|86/100
|turn|54
|
|t:|1757943189
|switch|p2a: Slurp|Corviknight, M, shiny|75/100
|-damage|p2a: Slurp|63/100|[from] Stealth Rock
|-ability|p2a: Slurp|Pressure
|move|p1a: Pecharunt|Malignant Chain|p2a: Slurp
|-immune|p2a: Slurp
|
|-heal|p2a: Slurp|69/100|[from] item: Leftovers
|upkeep
|turn|55
|
|t:|1757943195
|move|p2a: Slurp|Roost|p2a: Slurp
|-heal|p2a: Slurp|100/100
|-singleturn|p2a: Slurp|move: Roost
|move|p1a: Pecharunt|Parting Shot|p2a: Slurp
|-unboost|p2a: Slurp|atk|1
|-unboost|p2a: Slurp|spa|1
|
|t:|1757943218
|switch|p1a: Weavile|Weavile, M|75/100|[from] Parting Shot
|-ability|p1a: Weavile|Pressure
|
|upkeep
|turn|56
|
|t:|1757943224
|move|p1a: Weavile|Swords Dance|p1a: Weavile
|-boost|p1a: Weavile|atk|2
|move|p2a: Slurp|Substitute|p2a: Slurp
|-start|p2a: Slurp|Substitute
|-damage|p2a: Slurp|76/100
|
|-heal|p2a: Slurp|82/100|[from] item: Leftovers
|upkeep
|turn|57
|
|t:|1757943231
|switch|p2a: Kant|Alomomola, L99, F, shiny|100/100 brn
|move|p1a: Weavile|Swords Dance|p1a: Weavile
|-boost|p1a: Weavile|atk|2
|
|-damage|p2a: Kant|94/100 brn|[from] brn
|upkeep
|turn|58
|c|☆axoubibou|gg
|c|☆OG)Flamelibra|ggwp
|
|t:|1757943245
|move|p1a: Weavile|Knock Off|p2a: Kant
|-damage|p2a: Kant|0 fnt
|-enditem|p2a: Kant|Heavy-Duty Boots|[from] move: Knock Off|[of] p1a: Weavile
|faint|p2a: Kant
|
|upkeep
|-message|axoubibou forfeited.
|
|win|OG)Flamelibra
|raw|OG)Flamelibra's rating: 1206 &rarr; <strong>1230</strong><br />(+24 for winning)
|raw|axoubibou's rating: 1191 &rarr; <strong>1167</strong><br />(-24 for losing)
|l|☆axoubibou
|player|p2|
|c|☆OG)Flamelibra|stall can be tough to deal with
