|j|☆55555X
|j|☆kudohoang
|t:|1757942388
|gametype|singles
|player|p1|55555X|pokemaniac|1146
|player|p2|kudohoang|265|1116
|gen|9
|tier|[Gen 9] OU
|rated|
|rule|HP Percentage Mod: HP is shown in percentages
|rule|Endless Battle Clause: Forcing endless battles is banned
|rule|Species Clause: Limit one of each Pokémon
|rule|OHKO Clause: OHKO moves are banned
|rule|Evasion Items Clause: Evasion items are banned
|rule|Evasion Moves Clause: Evasion moves are banned
|rule|Evasion Abilities Clause: Evasion abilities are banned
|rule|Sleep Moves Clause: Sleep-inducing moves are banned
|clearpoke
|poke|p1|Malamar, M|
|poke|p1|Galvantula, M|
|poke|p1|Cinderace, M|
|poke|p1|Serperior, F|
|poke|p1|Falinks|
|poke|p1|Empoleon, M|
|poke|p2|Talonflame, F|
|poke|p2|Zapdos|
|poke|p2|Gengar, M|
|poke|p2|Garganacl, F|
|poke|p2|Clefable, M|
|poke|p2|Milotic, F|
|teampreview
|
|t:|1757942398
|teamsize|p1|6
|teamsize|p2|6
|start
|switch|p1a: Galvantula|Galvantula, M, shiny|100/100
|switch|p2a: Talonflame|Talonflame, F|100/100
|turn|1
|
|t:|1757942405
|move|p2a: Talonflame|Taunt|p1a: Galvantula
|-start|p1a: Galvantula|move: Taunt
|cant|p1a: Galvantula|move: Taunt|Sticky Web
|
|upkeep
|turn|2
|
|t:|1757942411
|move|p2a: Talonflame|Flamethrower|p1a: Galvantula
|-supereffective|p1a: Galvantula
|-damage|p1a: Galvantula|17/100
|-status|p1a: Galvantula|brn
|move|p1a: Galvantula|Thunderbolt|p2a: Talonflame
|-supereffective|p2a: Talonflame
|-damage|p2a: Talonflame|0 fnt
|faint|p2a: Talonflame
|
|-damage|p1a: Galvantula|11/100 brn|[from] brn
|upkeep
|c|☆55555X|Huh
|
|t:|1757942428
|switch|p2a: Garganacl|Garganacl, F|100/100
|turn|3
|
|t:|1757942440
|switch|p1a: Cinderace|Cinderace, M|100/100
|move|p2a: Garganacl|Salt Cure|p1a: Cinderace
|-supereffective|p1a: Cinderace
|-damage|p1a: Cinderace|42/100
|-start|p1a: Cinderace|Salt Cure
|
|-damage|p1a: Cinderace|30/100|[from] Salt Cure
|upkeep
|turn|4
|c|☆55555X|Wow
|
|t:|1757942450
|move|p1a: Cinderace|U-turn|p2a: Garganacl
|-damage|p2a: Garganacl|85/100
|
|t:|1757942458
|switch|p1a: Falinks|Falinks|100/100|[from] U-turn
|move|p2a: Garganacl|Salt Cure|p1a: Falinks
|-resisted|p1a: Falinks
|-damage|p1a: Falinks|88/100
|-start|p1a: Falinks|Salt Cure
|
|-heal|p2a: Garganacl|91/100|[from] item: Leftovers
|-damage|p1a: Falinks|76/100|[from] Salt Cure
|upkeep
|turn|5
|
|t:|1757942475
|switch|p1a: Galvantula|Galvantula, M, shiny|11/100 brn
|switch|p2a: Clefable|Clefable, M|100/100
|
|-damage|p1a: Galvantula|5/100 brn|[from] brn
|upkeep
|turn|6
|
|t:|1757942485
|move|p1a: Galvantula|Sticky Web|p2a: Clefable
|-sidestart|p2: kudohoang|move: Sticky Web
|move|p2a: Clefable|Calm Mind|p2a: Clefable
|-boost|p2a: Clefable|spa|1
|-boost|p2a: Clefable|spd|1
|
|-damage|p1a: Galvantula|0 fnt|[from] brn
|faint|p1a: Galvantula
|upkeep
|
|t:|1757942490
|switch|p1a: Cinderace|Cinderace, M|30/100
|turn|7
|
|t:|1757942497
|move|p1a: Cinderace|Court Change|p1a: Cinderace
|-swapsideconditions
|-activate|p1a: Cinderace|move: Court Change
|move|p2a: Clefable|Draining Kiss|p1a: Cinderace
|-resisted|p1a: Cinderace
|-damage|p1a: Cinderace|11/100
|
|upkeep
|turn|8
|
|t:|1757942516
|switch|p2a: Gengar|Gengar, M|100/100
|move|p1a: Cinderace|Pyro Ball|p2a: Gengar
|-damage|p2a: Gengar|0 fnt
|faint|p2a: Gengar
|
|upkeep
|
|t:|1757942523
|switch|p2a: Clefable|Clefable, M|100/100
|turn|9
|
|t:|1757942527
|move|p1a: Cinderace|Pyro Ball|p2a: Clefable
|-damage|p2a: Clefable|32/100
|move|p2a: Clefable|Calm Mind|p2a: Clefable
|-boost|p2a: Clefable|spa|1
|-boost|p2a: Clefable|spd|1
|
|upkeep
|turn|10
|
|t:|1757942534
|move|p1a: Cinderace|Pyro Ball|p2a: Clefable
|-damage|p2a: Clefable|0 fnt
|faint|p2a: Clefable
|
|upkeep
|
|t:|1757942539
|switch|p2a: Milotic|Milotic, F|100/100
|turn|11
|
|t:|1757942543
|move|p1a: Cinderace|Low Kick|p2a: Milotic
|-damage|p2a: Milotic|74/100
|move|p2a: Milotic|Scald|p1a: Cinderace
|-supereffective|p1a: Cinderace
|-damage|p1a: Cinderace|0 fnt
|faint|p1a: Cinderace
|
|-status|p2a: Milotic|brn|[from] item: Flame Orb
|upkeep
|
|t:|1757942548
|switch|p1a: Serperior|Serperior, F|100/100
|-activate|p1a: Serperior|move: Sticky Web
|-boost|p1a: Serperior|spe|1
|turn|12
|c|☆55555X|My snake is better
|
|t:|1757942558
|move|p1a: Serperior|Leaf Storm|p2a: Milotic
|-supereffective|p2a: Milotic
|-damage|p2a: Milotic|0 fnt
|-boost|p1a: Serperior|spa|2
|faint|p2a: Milotic
|
|upkeep
|
|t:|1757942564
|switch|p2a: Zapdos|Zapdos|100/100
|turn|13
|
|t:|1757942570
|move|p1a: Serperior|Leaf Storm|p2a: Zapdos
|-resisted|p2a: Zapdos
|-damage|p2a: Zapdos|30/100
|-boost|p1a: Serperior|spa|2
|move|p2a: Zapdos|Hurricane|p1a: Serperior
|-supereffective|p1a: Serperior
|-damage|p1a: Serperior|0 fnt
|faint|p1a: Serperior
|
|-heal|p2a: Zapdos|36/100|[from] item: Leftovers
|upkeep
|
|t:|1757942576
|switch|p1a: Malamar|Malamar, M, shiny|100/100
|-activate|p1a: Malamar|move: Sticky Web
|-boost|p1a: Malamar|spe|1
|turn|14
|
|t:|1757942586
|move|p1a: Malamar|Knock Off|p2a: Zapdos
|-crit|p2a: Zapdos
|-damage|p2a: Zapdos|0 fnt
|-status|p1a: Malamar|par|[from] ability: Static|[of] p2a: Zapdos
|-enditem|p2a: Zapdos|Leftovers|[from] move: Knock Off|[of] p1a: Malamar
|faint|p2a: Zapdos
|
|upkeep
|
|t:|1757942593
|switch|p2a: Garganacl|Garganacl, F|91/100
|turn|15
|
|t:|1757942597
|move|p1a: Malamar|Knock Off|p2a: Garganacl
|-damage|p2a: Garganacl|69/100
|-enditem|p2a: Garganacl|Leftovers|[from] move: Knock Off|[of] p1a: Malamar
|move|p2a: Garganacl|Salt Cure|p1a: Malamar
|-damage|p1a: Malamar|77/100 par
|-start|p1a: Malamar|Salt Cure
|
|-damage|p1a: Malamar|65/100 par|[from] Salt Cure
|upkeep
|turn|16
|
|t:|1757942609
|move|p1a: Malamar|Superpower|p2a: Garganacl
|-supereffective|p2a: Garganacl
|-damage|p2a: Garganacl|30/100
|-boost|p1a: Malamar|atk|1
|-boost|p1a: Malamar|def|1
|move|p2a: Garganacl|Recover|p2a: Garganacl
|-heal|p2a: Garganacl|80/100
|
|-damage|p1a: Malamar|52/100 par|[from] Salt Cure
|upkeep
|turn|17
|
|t:|1757942625
|-terastallize|p2a: Garganacl|Rock
|cant|p1a: Malamar|par
|move|p2a: Garganacl|Salt Cure|p1a: Malamar
|-damage|p1a: Malamar|20/100 par
|
|-damage|p1a: Malamar|8/100 par|[from] Salt Cure
|upkeep
|turn|18
|
|t:|1757942634
|move|p1a: Malamar|Superpower|p2a: Garganacl
|-supereffective|p2a: Garganacl
|-damage|p2a: Garganacl|30/100
|-boost|p1a: Malamar|atk|1
|-boost|p1a: Malamar|def|1
|move|p2a: Garganacl|Recover|p2a: Garganacl
|-heal|p2a: Garganacl|80/100
|
|-damage|p1a: Malamar|0 fnt|[from] Salt Cure
|faint|p1a: Malamar
|upkeep
|
|t:|1757942640
|switch|p1a: Empoleon|Empoleon, M|100/100
|-activate|p1a: Empoleon|move: Sticky Web
|-unboost|p1a: Empoleon|spe|1
|-ability|p1a: Empoleon|Competitive|boost
|-boost|p1a: Empoleon|spa|2
|turn|19
|
|t:|1757942650
|move|p2a: Garganacl|Salt Cure|p1a: Empoleon
|-resisted|p1a: Empoleon
|-damage|p1a: Empoleon|81/100
|-start|p1a: Empoleon|Salt Cure
|move|p1a: Empoleon|Surf|p2a: Garganacl
|-supereffective|p2a: Garganacl
|-damage|p2a: Garganacl|0 fnt
|faint|p2a: Garganacl
|
|win|55555X
|raw|55555X's rating: 1146 &rarr; <strong>1169</strong><br />(+23 for winning)
|raw|kudohoang's rating: 1116 &rarr; <strong>1093</strong><br />(-23 for losing)
|l|☆kudohoang
|player|p2|
|l|☆55555X
|player|p1|
