|j|‽Cherrybomb15
|j|☆e3720
|t:|1757812242
|gametype|singles
|player|p1|Cherrybomb15|1|1589
|player|p2|e3720|101|1596
|gen|9
|tier|[Gen 9] OU
|rated|
|rule|HP Percentage Mod: HP is shown in percentages
|rule|Endless Battle Clause: Forcing endless battles is banned
|rule|Species Clause: Limit one of each Pokémon
|rule|OHKO Clause: OHKO moves are banned
|rule|Evasion Items Clause: Evasion items are banned
|rule|Evasion Moves Clause: Evasion moves are banned
|rule|Evasion Abilities Clause: Evasion abilities are banned
|rule|Sleep Moves Clause: Sleep-inducing moves are banned
|clearpoke
|poke|p1|Dondozo, F|
|poke|p1|Slowking-Galar, M|
|poke|p1|Cinderace, M|
|poke|p1|Gholdengo|
|poke|p1|Hatterene, F|
|poke|p1|Landorus-Therian, M|
|poke|p2|Pincurchin, F|
|poke|p2|Iron Valiant|
|poke|p2|Iron Treads|
|poke|p2|Iron Moth|
|poke|p2|Hawlucha, F|
|poke|p2|Dragonite, M|
|teampreview
|inactive|Battle timer is ON: inactive players will automatically lose when time's up. (requested by Cherrybomb15)
|j| edollas
|
|t:|1757812262
|teamsize|p1|6
|teamsize|p2|6
|start
|switch|p1a: Slowking|Slowking-Galar, M|100/100
|switch|p2a: Iron Moth|Iron Moth|100/100
|turn|1
|
|t:|1757812268
|move|p2a: Iron Moth|Overheat|p1a: Slowking
|-damage|p1a: Slowking|37/100
|-unboost|p2a: Iron Moth|spa|2
|move|p1a: Slowking|Future Sight|p2a: Iron Moth
|-start|p1a: Slowking|move: Future Sight
|
|upkeep
|turn|2
|
|t:|1757812282
|-end|p2a: Iron Moth|Quark Drive|[silent]
|switch|p2a: Pincurchin|Pincurchin, F|100/100
|-fieldstart|move: Electric Terrain|[from] ability: Electric Surge|[of] p2a: Pincurchin
|-prepare|p1a: Slowking|Chilly Reception|[premajor]
|move|p1a: Slowking|Chilly Reception|p1a: Slowking
|-weather|Snowscape
|
|t:|1757812292
|switch|p1a: Cinderace|Cinderace, M|100/100|[from] Chilly Reception
|
|-weather|Snowscape|[upkeep]
|upkeep
|turn|3
|
|t:|1757812306
|move|p1a: Cinderace|U-turn|p2a: Pincurchin
|-start|p1a: Cinderace|typechange|Bug|[from] ability: Libero
|-damage|p2a: Pincurchin|71/100
|
|t:|1757812310
|switch|p1a: Landorus|Landorus-Therian, M|100/100|[from] U-turn
|-ability|p1a: Landorus|Intimidate|boost
|-unboost|p2a: Pincurchin|atk|1
|move|p2a: Pincurchin|Scald|p1a: Landorus
|-supereffective|p1a: Landorus
|-damage|p1a: Landorus|57/100
|
|-weather|Snowscape|[upkeep]
|-end|p2a: Pincurchin|move: Future Sight
|-damage|p2a: Pincurchin|18/100
|upkeep
|turn|4
|inactive|e3720 has 120 seconds left.
|
|t:|1757812345
|switch|p2a: Iron Moth|Iron Moth|100/100
|-activate|p2a: Iron Moth|ability: Quark Drive
|-start|p2a: Iron Moth|quarkdrivespa
|move|p1a: Landorus|U-turn|p2a: Iron Moth
|-resisted|p2a: Iron Moth
|-damage|p2a: Iron Moth|88/100
|
|t:|1757812359
|switch|p1a: Gholdengo|Gholdengo|100/100|[from] U-turn
|
|-weather|Snowscape|[upkeep]
|upkeep
|turn|5
|inactive|e3720 has 120 seconds left.
|
|t:|1757812372
|move|p1a: Gholdengo|Shadow Ball|p2a: Iron Moth
|-damage|p2a: Iron Moth|47/100
|move|p2a: Iron Moth|Overheat|p1a: Gholdengo
|-supereffective|p1a: Gholdengo
|-damage|p1a: Gholdengo|0 fnt
|-unboost|p2a: Iron Moth|spa|2
|faint|p1a: Gholdengo
|
|-weather|Snowscape|[upkeep]
|upkeep
|inactive|Cherrybomb15 has 120 seconds left.
|j| LuLuNaNaRaRa
|inactive|Cherrybomb15 has 90 seconds left.
|l| LuLuNaNaRaRa
|inactive|Cherrybomb15 has 60 seconds left.
|
|t:|1757812488
|switch|p1a: Slowking|Slowking-Galar, M|70/100
|turn|6
|
|t:|1757812499
|-end|p2a: Iron Moth|Quark Drive|[silent]
|switch|p2a: Iron Treads|Iron Treads|100/100
|-activate|p2a: Iron Treads|ability: Quark Drive
|-start|p2a: Iron Treads|quarkdrivespe
|-prepare|p1a: Slowking|Chilly Reception|[premajor]
|move|p1a: Slowking|Chilly Reception|p1a: Slowking
|inactive|Cherrybomb15 has 30 seconds left.
|
|t:|1757812521
|switch|p1a: Cinderace|Cinderace, M|100/100|[from] Chilly Reception
|
|-weather|none
|upkeep
|turn|7
|
|t:|1757812530
|move|p2a: Iron Treads|Earthquake|p1a: Cinderace
|-supereffective|p1a: Cinderace
|-damage|p1a: Cinderace|0 fnt
|faint|p1a: Cinderace
|
|upkeep
|-message|Cherrybomb15 forfeited.
|
|win|e3720
|raw|Cherrybomb15's rating: 1589 &rarr; <strong>1569</strong><br />(-20 for losing)
|raw|e3720's rating: 1596 &rarr; <strong>1616</strong><br />(+20 for winning)
|j| CCCCold
|l|‽Cherrybomb15
|player|p1|
|l|☆e3720
|player|p2|
|l| CCCCold
