|j|☆567crazy
|j|☆JPBuck
|t:|1757918596
|gametype|singles
|player|p1|567crazy|101|1093
|player|p2|JPBuck|266|1114
|gen|9
|tier|[Gen 9] OU
|rated|
|rule|HP Percentage Mod: HP is shown in percentages
|rule|Endless Battle Clause: Forcing endless battles is banned
|rule|Species Clause: Limit one of each Pokémon
|rule|OHKO Clause: OHKO moves are banned
|rule|Evasion Items Clause: Evasion items are banned
|rule|Evasion Moves Clause: Evasion moves are banned
|rule|Evasion Abilities Clause: Evasion abilities are banned
|rule|Sleep Moves Clause: Sleep-inducing moves are banned
|clearpoke
|poke|p1|Zoroark-Hisui, F|
|poke|p1|Blissey, F|
|poke|p1|Pineco, L1, M|
|poke|p1|Kingambit, M|
|poke|p1|Toxapex, M|
|poke|p1|Excadrill, M|
|poke|p2|Hatterene, F|
|poke|p2|Araquanid, F|
|poke|p2|Dragapult, M|
|poke|p2|Garganacl, M|
|poke|p2|Serperior, M|
|poke|p2|Iron Treads|
|teampreview
|
|t:|1757918612
|teamsize|p1|6
|teamsize|p2|6
|start
|switch|p1a: Toxapex|Toxapex, M|100/100
|switch|p2a: Araquanid|Araquanid, F|100/100
|turn|1
|
|t:|1757918621
|switch|p2a: Hatterene|Hatterene, F|100/100
|move|p1a: Toxapex|Toxic Spikes|p2a: Hatterene
|move|p2a: Hatterene|Toxic Spikes|p1a: Toxapex|[from] ability: Magic Bounce
|-sidestart|p1: 567crazy|move: Toxic Spikes
|
|upkeep
|turn|2
|
|t:|1757918637
|move|p1a: Toxapex|Sludge Bomb|p2a: Hatterene
|-supereffective|p2a: Hatterene
|-damage|p2a: Hatterene|63/100
|move|p2a: Hatterene|Calm Mind|p2a: Hatterene
|-boost|p2a: Hatterene|spa|1
|-boost|p2a: Hatterene|spd|1
|
|-heal|p2a: Hatterene|69/100|[from] item: Leftovers
|upkeep
|turn|3
|
|t:|1757918647
|-terastallize|p2a: Hatterene|Steel
|move|p1a: Toxapex|Sludge Bomb|p2a: Hatterene
|-immune|p2a: Hatterene
|move|p2a: Hatterene|Calm Mind|p2a: Hatterene
|-boost|p2a: Hatterene|spa|1
|-boost|p2a: Hatterene|spd|1
|
|-heal|p2a: Hatterene|75/100|[from] item: Leftovers
|upkeep
|turn|4
|
|t:|1757918672
|switch|p1a: Excadrill|Excadrill, M|100/100
|-ability|p1a: Excadrill|Mold Breaker
|-item|p1a: Excadrill|Air Balloon
|move|p2a: Hatterene|Calm Mind|p2a: Hatterene
|-boost|p2a: Hatterene|spa|1
|-boost|p2a: Hatterene|spd|1
|
|-heal|p2a: Hatterene|81/100|[from] item: Leftovers
|upkeep
|turn|5
|
|t:|1757918692
|move|p1a: Excadrill|Rapid Spin|p2a: Hatterene
|-resisted|p2a: Hatterene
|-damage|p2a: Hatterene|70/100
|-boost|p1a: Excadrill|spe|1
|-sideend|p1: 567crazy|Toxic Spikes|[from] move: Rapid Spin|[of] p1a: Excadrill
|move|p2a: Hatterene|Trick Room|p2a: Hatterene
|-fieldstart|move: Trick Room|[of] p2a: Hatterene
|
|-heal|p2a: Hatterene|76/100|[from] item: Leftovers
|upkeep
|turn|6
|
|t:|1757918704
|move|p2a: Hatterene|Psychic|p1a: Excadrill
|-resisted|p1a: Excadrill
|-damage|p1a: Excadrill|5/100
|-enditem|p1a: Excadrill|Air Balloon
|move|p1a: Excadrill|Earthquake|p2a: Hatterene
|-supereffective|p2a: Hatterene
|-crit|p2a: Hatterene
|-damage|p2a: Hatterene|0 fnt
|faint|p2a: Hatterene
|
|upkeep
|
|t:|1757918715
|switch|p2a: Garganacl|Garganacl, M|100/100
|turn|7
|
|t:|1757918733
|-terastallize|p1a: Excadrill|Ground
|move|p2a: Garganacl|Salt Cure|p1a: Excadrill
|-resisted|p1a: Excadrill
|-damage|p1a: Excadrill|0 fnt
|faint|p1a: Excadrill
|
|upkeep
|inactive|Battle timer is ON: inactive players will automatically lose when time's up. (requested by JPBuck)
|
|t:|1757918785
|switch|p1a: Toxapex|Toxapex, M|100/100
|turn|8
|
|t:|1757918794
|move|p2a: Garganacl|Stealth Rock|p1a: Toxapex
|-sidestart|p1: 567crazy|move: Stealth Rock
|move|p1a: Toxapex|Sludge Bomb|p2a: Garganacl
|-resisted|p2a: Garganacl
|-damage|p2a: Garganacl|92/100
|
|-heal|p2a: Garganacl|98/100|[from] item: Leftovers
|upkeep
|turn|9
|
|t:|1757918809
|move|p2a: Garganacl|Salt Cure|p1a: Toxapex
|-damage|p1a: Toxapex|93/100
|-start|p1a: Toxapex|Salt Cure
|move|p1a: Toxapex|Sludge Bomb|p2a: Garganacl
|-resisted|p2a: Garganacl
|-damage|p2a: Garganacl|89/100
|
|-heal|p2a: Garganacl|96/100|[from] item: Leftovers
|-damage|p1a: Toxapex|68/100|[from] Salt Cure
|-fieldend|move: Trick Room
|upkeep
|turn|10
|
|t:|1757918823
|move|p1a: Toxapex|Sludge Bomb|p2a: Garganacl
|-resisted|p2a: Garganacl
|-damage|p2a: Garganacl|87/100
|move|p2a: Garganacl|Earthquake|p1a: Toxapex
|-supereffective|p1a: Toxapex
|-damage|p1a: Toxapex|40/100
|
|-heal|p2a: Garganacl|94/100|[from] item: Leftovers
|-damage|p1a: Toxapex|15/100|[from] Salt Cure
|upkeep
|turn|11
|
|t:|1757918835
|move|p1a: Toxapex|Recover|p1a: Toxapex
|-heal|p1a: Toxapex|66/100
|move|p2a: Garganacl|Earthquake|p1a: Toxapex
|-supereffective|p1a: Toxapex
|-damage|p1a: Toxapex|40/100
|
|-heal|p2a: Garganacl|99/100|[from] item: Leftovers
|-damage|p1a: Toxapex|15/100|[from] Salt Cure
|upkeep
|turn|12
|
|t:|1757918844
|move|p1a: Toxapex|Recover|p1a: Toxapex
|-heal|p1a: Toxapex|65/100
|move|p2a: Garganacl|Earthquake|p1a: Toxapex
|-supereffective|p1a: Toxapex
|-damage|p1a: Toxapex|39/100
|
|-heal|p2a: Garganacl|100/100|[from] item: Leftovers
|-damage|p1a: Toxapex|15/100|[from] Salt Cure
|upkeep
|turn|13
|
|t:|1757918853
|move|p1a: Toxapex|Recover|p1a: Toxapex
|-heal|p1a: Toxapex|65/100
|move|p2a: Garganacl|Earthquake|p1a: Toxapex
|-supereffective|p1a: Toxapex
|-damage|p1a: Toxapex|38/100
|
|-damage|p1a: Toxapex|13/100|[from] Salt Cure
|upkeep
|turn|14
|
|t:|1757918862
|move|p1a: Toxapex|Recover|p1a: Toxapex
|-heal|p1a: Toxapex|63/100
|move|p2a: Garganacl|Earthquake|p1a: Toxapex
|-supereffective|p1a: Toxapex
|-damage|p1a: Toxapex|33/100
|
|-damage|p1a: Toxapex|8/100|[from] Salt Cure
|upkeep
|turn|15
|
|t:|1757918891
|move|p1a: Toxapex|Sludge Bomb|p2a: Garganacl
|-resisted|p2a: Garganacl
|-damage|p2a: Garganacl|92/100
|move|p2a: Garganacl|Earthquake|p1a: Toxapex
|-supereffective|p1a: Toxapex
|-crit|p1a: Toxapex
|-damage|p1a: Toxapex|0 fnt
|faint|p1a: Toxapex
|
|-heal|p2a: Garganacl|98/100|[from] item: Leftovers
|upkeep
|inactive|567crazy has 120 seconds left.
|
|t:|1757918902
|switch|p1a: Blissey|Blissey, F|100/100
|turn|16
|inactive|567crazy has 120 seconds left.
|
|t:|1757918924
|move|p1a: Blissey|Nasty Plot|p1a: Blissey
|-boost|p1a: Blissey|spa|2
|move|p2a: Garganacl|Salt Cure|p1a: Blissey
|-damage|p1a: Blissey|71/100
|-start|p1a: Blissey|Salt Cure
|replace|p1a: Zoroark|Zoroark-Hisui, F
|-end|p1a: Zoroark|Illusion
|
|-heal|p2a: Garganacl|100/100|[from] item: Leftovers
|-damage|p1a: Zoroark|59/100|[from] Salt Cure
|upkeep
|turn|17
|
|t:|1757918939
|move|p1a: Zoroark|Focus Blast|p2a: Garganacl
|-supereffective|p2a: Garganacl
|-crit|p2a: Garganacl
|-damage|p2a: Garganacl|0 fnt
|faint|p2a: Garganacl
|
|-damage|p1a: Zoroark|47/100|[from] Salt Cure
|upkeep
|
|t:|1757918949
|switch|p2a: Serperior|Serperior, M|100/100
|turn|18
|inactive|567crazy has 120 seconds left.
|inactive|567crazy has 90 seconds left.
|
|t:|1757918989
|move|p2a: Serperior|Leaf Storm|p1a: Zoroark
|-damage|p1a: Zoroark|0 fnt
|-boost|p2a: Serperior|spa|2
|faint|p1a: Zoroark
|
|upkeep
|inactive|567crazy has 90 seconds left.
|
|t:|1757918995
|switch|p1a: Blissey|Blissey, F|100/100
|-damage|p1a: Blissey|88/100|[from] Stealth Rock
|turn|19
|
|t:|1757919001
|move|p2a: Serperior|Leech Seed|p1a: Blissey
|-start|p1a: Blissey|move: Leech Seed
|move|p1a: Blissey|Seismic Toss|p2a: Serperior
|-damage|p2a: Serperior|66/100
|
|-damage|p1a: Blissey|76/100|[from] Leech Seed|[of] p2a: Serperior
|-heal|p2a: Serperior|97/100|[silent]
|upkeep
|turn|20
|
|t:|1757919010
|move|p2a: Serperior|Leaf Storm|p1a: Blissey
|-damage|p1a: Blissey|42/100
|-boost|p2a: Serperior|spa|2
|move|p1a: Blissey|Light Screen|p1a: Blissey
|-sidestart|p1: 567crazy|move: Light Screen
|
|-damage|p1a: Blissey|29/100|[from] Leech Seed|[of] p2a: Serperior
|-heal|p2a: Serperior|100/100|[silent]
|upkeep
|turn|21
|
|t:|1757919018
|move|p2a: Serperior|Leaf Storm|p1a: Blissey
|-damage|p1a: Blissey|1/100
|-boost|p2a: Serperior|spa|2
|move|p1a: Blissey|Soft-Boiled|p1a: Blissey
|-heal|p1a: Blissey|51/100
|
|-damage|p1a: Blissey|39/100|[from] Leech Seed|[of] p2a: Serperior
|upkeep
|turn|22
|
|t:|1757919029
|move|p2a: Serperior|Tera Blast|p1a: Blissey
|-damage|p1a: Blissey|24/100
|move|p1a: Blissey|Seismic Toss|p2a: Serperior
|-damage|p2a: Serperior|66/100
|
|-damage|p1a: Blissey|11/100|[from] Leech Seed|[of] p2a: Serperior
|-heal|p2a: Serperior|97/100|[silent]
|upkeep
|turn|23
|
|t:|1757919053
|move|p2a: Serperior|Tera Blast|p1a: Blissey
|-damage|p1a: Blissey|0 fnt
|faint|p1a: Blissey
|
|upkeep
|
|t:|1757919058
|switch|p1a: Pineco|Pineco, L1, M|100/100
|-damage|p1a: Pineco|75/100|[from] Stealth Rock
|turn|24
|
|t:|1757919064
|move|p2a: Serperior|Dragon Pulse|p1a: Pineco
|-damage|p1a: Pineco|0 fnt
|faint|p1a: Pineco
|
|-sideend|p1: 567crazy|move: Light Screen
|upkeep
|
|t:|1757919069
|switch|p1a: Kingambit|Kingambit, M|100/100
|-damage|p1a: Kingambit|94/100|[from] Stealth Rock
|-activate|p1a: Kingambit|ability: Supreme Overlord
|-start|p1a: Kingambit|fallen5|[silent]
|turn|25
|
|t:|1757919096
|move|p2a: Serperior|Leaf Storm|p1a: Kingambit
|-resisted|p1a: Kingambit
|-damage|p1a: Kingambit|11/100
|move|p1a: Kingambit|Swords Dance|p1a: Kingambit
|-boost|p1a: Kingambit|atk|2
|
|upkeep
|turn|26
|
|t:|1757919106
|move|p1a: Kingambit|Sucker Punch||[still]
|-fail|p1a: Kingambit
|move|p2a: Serperior|Leech Seed|p1a: Kingambit
|-start|p1a: Kingambit|move: Leech Seed
|
|-damage|p1a: Kingambit|0 fnt|[from] Leech Seed|[of] p2a: Serperior
|-heal|p2a: Serperior|100/100|[silent]
|faint|p1a: Kingambit
|-end|p1a: Kingambit|fallen5|[silent]
|
|win|JPBuck
|raw|567crazy's rating: 1093 &rarr; <strong>1070</strong><br />(-23 for losing)
|raw|JPBuck's rating: 1114 &rarr; <strong>1137</strong><br />(+23 for winning)
|l|☆567crazy
|player|p1|
|l|☆JPBuck
|player|p2|
