|j|☆ruyusbunyus
|j|☆iheartgalvantula
|t:|1757855287
|gametype|singles
|player|p1|ruyusbunyus|1|1483
|player|p2|iheartgalvantula|unknown|1547
|gen|9
|tier|[Gen 9] OU
|rated|
|rule|HP Percentage Mod: HP is shown in percentages
|rule|Endless Battle Clause: Forcing endless battles is banned
|rule|Species Clause: Limit one of each Pokémon
|rule|OHKO Clause: OHKO moves are banned
|rule|Evasion Items Clause: Evasion items are banned
|rule|Evasion Moves Clause: Evasion moves are banned
|rule|Evasion Abilities Clause: Evasion abilities are banned
|rule|Sleep Moves Clause: Sleep-inducing moves are banned
|clearpoke
|poke|p1|Glimmora, F|
|poke|p1|Corviknight, F|
|poke|p1|Ting-Lu|
|poke|p1|Frosmoth, F|
|poke|p1|Ambipom, M|
|poke|p1|Dragapult, M|
|poke|p2|Galvantula, F|
|poke|p2|Enamorus, F|
|poke|p2|Samurott-Hisui, M|
|poke|p2|Ceruledge, F|
|poke|p2|Kingambit, M|
|poke|p2|Raging Bolt|
|teampreview
|inactive|Battle timer is ON: inactive players will automatically lose when time's up. (requested by iheartgalvantula)
|
|t:|1757855307
|teamsize|p1|6
|teamsize|p2|6
|start
|switch|p1a: Ambipom|Ambipom, M|100/100
|switch|p2a: Galvantula|Galvantula, F|100/100
|turn|1
|
|t:|1757855315
|switch|p2a: Ceruledge|Ceruledge, F|100/100
|-item|p2a: Ceruledge|Air Balloon
|move|p1a: Ambipom|Fake Out|p2a: Ceruledge
|-immune|p2a: Ceruledge
|
|upkeep
|turn|2
|
|t:|1757855336
|switch|p1a: Glimmora|Glimmora, F, shiny|100/100
|move|p2a: Ceruledge|Bitter Blade|p1a: Glimmora
|-resisted|p1a: Glimmora
|-damage|p1a: Glimmora|73/100
|-activate|p1a: Glimmora|ability: Toxic Debris
|-sidestart|p2: iheartgalvantula|move: Toxic Spikes
|-enditem|p1a: Glimmora|Red Card|[of] p2a: Ceruledge
|drag|p2a: Galvantula|Galvantula, F|100/100
|-status|p2a: Galvantula|psn
|
|-damage|p2a: Galvantula|88/100 psn|[from] psn
|upkeep
|turn|3
|
|t:|1757855350
|move|p2a: Galvantula|Sticky Web|p1a: Glimmora
|-sidestart|p1: ruyusbunyus|move: Sticky Web
|move|p1a: Glimmora|Mortal Spin|p2a: Galvantula
|-damage|p2a: Galvantula|76/100 psn
|-sideend|p1: ruyusbunyus|Sticky Web|[from] move: Mortal Spin|[of] p1a: Glimmora
|
|-damage|p2a: Galvantula|64/100 psn|[from] psn
|upkeep
|turn|4
|inactive|ruyusbunyus has 120 seconds left.
|
|t:|1757855379
|move|p2a: Galvantula|Thunder Wave|p1a: Glimmora
|-status|p1a: Glimmora|par
|move|p1a: Glimmora|Power Gem|p2a: Galvantula
|-supereffective|p2a: Galvantula
|-damage|p2a: Galvantula|0 fnt
|faint|p2a: Galvantula
|
|upkeep
|j| pelmanism
|
|t:|1757855389
|switch|p2a: Samurott|Samurott-Hisui, M|100/100
|-status|p2a: Samurott|psn
|turn|5
|
|t:|1757855399
|move|p2a: Samurott|Ceaseless Edge|p1a: Glimmora
|-damage|p1a: Glimmora|12/100 par
|-activate|p1a: Glimmora|ability: Toxic Debris
|-sidestart|p2: iheartgalvantula|move: Toxic Spikes
|-sidestart|p1: ruyusbunyus|Spikes
|-damage|p2a: Samurott|91/100 psn|[from] item: Life Orb
|move|p1a: Glimmora|Sludge Bomb|p2a: Samurott
|-damage|p2a: Samurott|12/100 psn
|
|-damage|p2a: Samurott|0 fnt|[from] psn
|faint|p2a: Samurott
|upkeep
|
|t:|1757855411
|switch|p2a: Ceruledge|Ceruledge, F|100/100
|-item|p2a: Ceruledge|Air Balloon
|turn|6
|
|t:|1757855419
|move|p2a: Ceruledge|Bitter Blade|p1a: Glimmora
|-resisted|p1a: Glimmora
|-damage|p1a: Glimmora|0 fnt
|faint|p1a: Glimmora
|
|upkeep
|
|t:|1757855429
|switch|p1a: Ting-Lu|Ting-Lu|100/100
|-damage|p1a: Ting-Lu|88/100|[from] Spikes
|-ability|p1a: Ting-Lu|Vessel of Ruin
|turn|7
|
|t:|1757855443
|switch|p2a: Enamorus|Enamorus, F|100/100
|-terastallize|p1a: Ting-Lu|Poison
|move|p1a: Ting-Lu|Ruination|p2a: Enamorus
|-damage|p2a: Enamorus|51/100
|
|-heal|p1a: Ting-Lu|94/100|[from] item: Leftovers
|upkeep
|turn|8
|
|t:|1757855459
|switch|p1a: Frosmoth|Frosmoth, F|100/100
|move|p2a: Enamorus|Mystical Fire|p1a: Frosmoth
|-supereffective|p1a: Frosmoth
|-damage|p1a: Frosmoth|37/100
|-unboost|p1a: Frosmoth|spa|1
|
|upkeep
|turn|9
|
|t:|1757855474
|move|p2a: Enamorus|Mystical Fire|p1a: Frosmoth
|-supereffective|p1a: Frosmoth
|-damage|p1a: Frosmoth|0 fnt
|faint|p1a: Frosmoth
|
|upkeep
|l| pelmanism
|
|t:|1757855480
|switch|p1a: Ambipom|Ambipom, M|100/100
|-damage|p1a: Ambipom|88/100|[from] Spikes
|turn|10
|inactive|ruyusbunyus has 120 seconds left.
|
|t:|1757855507
|move|p1a: Ambipom|Knock Off|p2a: Enamorus
|-resisted|p2a: Enamorus
|-damage|p2a: Enamorus|20/100
|-enditem|p2a: Enamorus|Choice Specs|[from] move: Knock Off|[of] p1a: Ambipom
|-damage|p1a: Ambipom|78/100|[from] item: Life Orb
|move|p2a: Enamorus|Mystical Fire|p1a: Ambipom
|-damage|p1a: Ambipom|32/100
|-unboost|p1a: Ambipom|spa|1
|
|upkeep
|turn|11
|inactive|ruyusbunyus has 120 seconds left.
|
|t:|1757855522
|move|p1a: Ambipom|Triple Axel|p2a: Enamorus
|-supereffective|p2a: Enamorus
|-damage|p2a: Enamorus|0 fnt
|faint|p2a: Enamorus
|-hitcount|p2: Enamorus|1
|-damage|p1a: Ambipom|22/100|[from] item: Life Orb
|
|upkeep
|
|t:|1757855527
|switch|p2a: Kingambit|Kingambit, M|100/100
|-activate|p2a: Kingambit|ability: Supreme Overlord
|-start|p2a: Kingambit|fallen3|[silent]
|turn|12
|inactive|ruyusbunyus has 120 seconds left.
|
|t:|1757855553
|switch|p1a: Corviknight|Corviknight, F, shiny|100/100
|-ability|p1a: Corviknight|Unnerve
|move|p2a: Kingambit|Kowtow Cleave|p1a: Corviknight
|-damage|p1a: Corviknight|54/100
|-damage|p2a: Kingambit|84/100|[from] item: Rocky Helmet|[of] p1a: Corviknight
|
|upkeep
|turn|13
|
|t:|1757855561
|-end|p2a: Kingambit|fallen3|[silent]
|switch|p2a: Ceruledge|Ceruledge, F|100/100
|-item|p2a: Ceruledge|Air Balloon
|move|p1a: Corviknight|Roost|p1a: Corviknight
|-heal|p1a: Corviknight|100/100
|-singleturn|p1a: Corviknight|move: Roost
|
|upkeep
|turn|14
|inactive|ruyusbunyus has 120 seconds left.
|
|t:|1757855571
|move|p2a: Ceruledge|Swords Dance|p2a: Ceruledge
|-boost|p2a: Ceruledge|atk|2
|move|p1a: Corviknight|U-turn|p2a: Ceruledge
|-resisted|p2a: Ceruledge
|-damage|p2a: Ceruledge|95/100
|-enditem|p2a: Ceruledge|Air Balloon
|inactive|ruyusbunyus has 120 seconds left.
|
|t:|1757855584
|switch|p1a: Ting-Lu|Ting-Lu, tera:Poison|94/100|[from] U-turn
|-damage|p1a: Ting-Lu|82/100|[from] Spikes
|-ability|p1a: Ting-Lu|Vessel of Ruin
|
|-heal|p1a: Ting-Lu|88/100|[from] item: Leftovers
|upkeep
|turn|15
|inactive|ruyusbunyus has 120 seconds left.
|
|t:|1757855591
|-terastallize|p2a: Ceruledge|Grass
|move|p2a: Ceruledge|Swords Dance|p2a: Ceruledge
|-boost|p2a: Ceruledge|atk|2
|move|p1a: Ting-Lu|Earthquake|p2a: Ceruledge
|-resisted|p2a: Ceruledge
|-damage|p2a: Ceruledge|69/100
|
|-heal|p1a: Ting-Lu|94/100|[from] item: Leftovers
|upkeep
|turn|16
|
|t:|1757855605
|move|p2a: Ceruledge|Bitter Blade|p1a: Ting-Lu
|-damage|p1a: Ting-Lu|35/100
|-heal|p2a: Ceruledge|100/100|[from] drain|[of] p1a: Ting-Lu
|move|p1a: Ting-Lu|Whirlwind|p2a: Ceruledge
|drag|p2a: Kingambit|Kingambit, M|84/100
|-activate|p2a: Kingambit|ability: Supreme Overlord
|-start|p2a: Kingambit|fallen3|[silent]
|
|-heal|p1a: Ting-Lu|42/100|[from] item: Leftovers
|upkeep
|turn|17
|inactive|ruyusbunyus has 120 seconds left.
|
|t:|1757855630
|switch|p1a: Corviknight|Corviknight, F, shiny|100/100
|-ability|p1a: Corviknight|Unnerve
|move|p2a: Kingambit|Kowtow Cleave|p1a: Corviknight
|-damage|p1a: Corviknight|54/100
|-damage|p2a: Kingambit|67/100|[from] item: Rocky Helmet|[of] p1a: Corviknight
|
|upkeep
|turn|18
|inactive|ruyusbunyus has 120 seconds left.
|
|t:|1757855645
|move|p1a: Corviknight|Roost|p1a: Corviknight
|-heal|p1a: Corviknight|100/100
|-singleturn|p1a: Corviknight|move: Roost
|move|p2a: Kingambit|Swords Dance|p2a: Kingambit
|-boost|p2a: Kingambit|atk|2
|
|upkeep
|turn|19
|
|t:|1757855651
|move|p1a: Corviknight|Body Press|p2a: Kingambit
|-supereffective|p2a: Kingambit
|-damage|p2a: Kingambit|0 fnt
|faint|p2a: Kingambit
|-end|p2a: Kingambit|fallen3|[silent]
|
|upkeep
|
|t:|1757855654
|switch|p2a: Raging Bolt|Raging Bolt|100/100
|-status|p2a: Raging Bolt|tox
|-enditem|p2a: Raging Bolt|Booster Energy
|-activate|p2a: Raging Bolt|ability: Protosynthesis|[fromitem]
|-start|p2a: Raging Bolt|protosynthesisspa
|turn|20
|inactive|ruyusbunyus has 120 seconds left.
|
|t:|1757855673
|switch|p1a: Ting-Lu|Ting-Lu, tera:Poison|42/100
|-damage|p1a: Ting-Lu|29/100|[from] Spikes
|-ability|p1a: Ting-Lu|Vessel of Ruin
|move|p2a: Raging Bolt|Thunderbolt|p1a: Ting-Lu
|-damage|p1a: Ting-Lu|0 fnt
|faint|p1a: Ting-Lu
|
|-damage|p2a: Raging Bolt|94/100 tox|[from] psn
|upkeep
|
|t:|1757855689
|switch|p1a: Dragapult|Dragapult, M|100/100
|-damage|p1a: Dragapult|88/100|[from] Spikes
|turn|21
|
|t:|1757855705
|move|p1a: Dragapult|Draco Meteor|p2a: Raging Bolt
|-supereffective|p2a: Raging Bolt
|-damage|p2a: Raging Bolt|0 fnt
|-unboost|p1a: Dragapult|spa|2
|faint|p2a: Raging Bolt
|-end|p2a: Raging Bolt|Protosynthesis|[silent]
|
|upkeep
|
|t:|1757855707
|switch|p2a: Ceruledge|Ceruledge, F, tera:Grass|100/100
|-status|p2a: Ceruledge|tox
|turn|22
|
|t:|1757855714
|move|p1a: Dragapult|Draco Meteor|p2a: Ceruledge
|-damage|p2a: Ceruledge|54/100 tox
|-unboost|p1a: Dragapult|spa|2
|move|p2a: Ceruledge|Swords Dance|p2a: Ceruledge
|-boost|p2a: Ceruledge|atk|2
|
|-damage|p2a: Ceruledge|48/100 tox|[from] psn
|upkeep
|turn|23
|
|t:|1757855723
|move|p1a: Dragapult|Draco Meteor|p2a: Ceruledge
|-damage|p2a: Ceruledge|16/100 tox
|-unboost|p1a: Dragapult|spa|2
|move|p2a: Ceruledge|Bitter Blade|p1a: Dragapult
|-resisted|p1a: Dragapult
|-damage|p1a: Dragapult|17/100
|-heal|p2a: Ceruledge|55/100 tox|[from] drain|[of] p1a: Dragapult
|
|-damage|p2a: Ceruledge|42/100 tox|[from] psn
|upkeep
|turn|24
|
|t:|1757855732
|move|p2a: Ceruledge|Shadow Sneak|p1a: Dragapult
|-supereffective|p1a: Dragapult
|-damage|p1a: Dragapult|0 fnt
|faint|p1a: Dragapult
|
|-damage|p2a: Ceruledge|24/100 tox|[from] psn
|upkeep
|
|t:|1757855737
|switch|p1a: Ambipom|Ambipom, M|22/100
|-damage|p1a: Ambipom|10/100|[from] Spikes
|turn|25
|
|t:|1757855741
|move|p1a: Ambipom|Fake Out|p2a: Ceruledge
|-damage|p2a: Ceruledge|0 fnt
|faint|p2a: Ceruledge
|-damage|p1a: Ambipom|0 fnt|[from] item: Life Orb
|faint|p1a: Ambipom
|
|win|ruyusbunyus
|raw|ruyusbunyus's rating: 1483 &rarr; <strong>1508</strong><br />(+25 for winning)
|raw|iheartgalvantula's rating: 1573 &rarr; <strong>1548</strong><br />(-25 for losing)
|l|☆iheartgalvantula
|player|p2|
|l|☆ruyusbunyus
|player|p1|
