|j|☆BorderofSeal
|j|☆Lyrongolem1
|t:|1757805420
|gametype|singles
|player|p1|BorderofSeal|102|1633
|player|p2|Lyrongolem1|101|1533
|gen|9
|tier|[Gen 9] OU
|rated|
|rule|HP Percentage Mod: HP is shown in percentages
|rule|Endless Battle Clause: Forcing endless battles is banned
|rule|Species Clause: Limit one of each Pokémon
|rule|OHKO Clause: OHKO moves are banned
|rule|Evasion Items Clause: Evasion items are banned
|rule|Evasion Moves Clause: Evasion moves are banned
|rule|Evasion Abilities Clause: Evasion abilities are banned
|rule|Sleep Moves Clause: Sleep-inducing moves are banned
|clearpoke
|poke|p1|Tornadus-Therian, M|
|poke|p1|Slowking-Galar, M|
|poke|p1|Ogerpon-Wellspring, F|
|poke|p1|Kyurem|
|poke|p1|Kingambit, M|
|poke|p1|Iron Treads|
|poke|p2|Garganacl, M|
|poke|p2|Weezing-Galar, F|
|poke|p2|Corviknight, M|
|poke|p2|Dragapult, M|
|poke|p2|Slowking-Galar, F|
|poke|p2|Samurott-Hisui, F|
|teampreview
|inactive|Battle timer is ON: inactive players will automatically lose when time's up. (requested by BorderofSeal)
|inactive|Lyrongolem1 has 120 seconds left.
|
|t:|1757805490
|teamsize|p1|6
|teamsize|p2|6
|start
|switch|p1a: Tornadus|Tornadus-Therian, M|100/100
|switch|p2a: Dr. Garg|Garganacl, M|100/100
|turn|1
|
|t:|1757805493
|move|p2a: Dr. Garg|Protect|p2a: Dr. Garg
|-singleturn|p2a: Dr. Garg|Protect
|move|p1a: Tornadus|Knock Off|p2a: Dr. Garg
|-activate|p2a: Dr. Garg|move: Protect
|
|upkeep
|turn|2
|
|t:|1757805497
|move|p1a: Tornadus|Knock Off|p2a: Dr. Garg
|-crit|p2a: Dr. Garg
|-damage|p2a: Dr. Garg|82/100
|-enditem|p2a: Dr. Garg|Leftovers|[from] move: Knock Off|[of] p1a: Tornadus
|move|p2a: Dr. Garg|Stealth Rock|p1a: Tornadus
|-sidestart|p1: BorderofSeal|move: Stealth Rock
|
|upkeep
|turn|3
|
|t:|1757805503
|move|p1a: Tornadus|U-turn|p2a: Dr. Garg
|-damage|p2a: Dr. Garg|73/100
|
|t:|1757805504
|switch|p1a: Slowking|Slowking-Galar, M|100/100|[from] U-turn
|move|p2a: Dr. Garg|Salt Cure|p1a: Slowking
|-damage|p1a: Slowking|90/100
|-start|p1a: Slowking|Salt Cure
|
|-damage|p1a: Slowking|78/100|[from] Salt Cure
|upkeep
|turn|4
|
|t:|1757805524
|move|p2a: Dr. Garg|Protect|p2a: Dr. Garg
|-singleturn|p2a: Dr. Garg|Protect
|-prepare|p1a: Slowking|Chilly Reception|[premajor]
|move|p1a: Slowking|Chilly Reception|p1a: Slowking
|-weather|Snowscape
|
|t:|1757805530
|switch|p1a: Ogerpon|Ogerpon-Wellspring, F|100/100|[from] Chilly Reception
|-damage|p1a: Ogerpon|88/100|[from] Stealth Rock
|
|-weather|Snowscape|[upkeep]
|upkeep
|turn|5
|
|t:|1757805537
|-terastallize|p2a: Dr. Garg|Fairy
|move|p1a: Ogerpon|Encore|p2a: Dr. Garg
|-start|p2a: Dr. Garg|Encore
|move|p2a: Dr. Garg|Protect||[still]
|-fail|p2a: Dr. Garg
|
|-weather|Snowscape|[upkeep]
|upkeep
|turn|6
|
|t:|1757805545
|switch|p2a: Plague Doctor|Corviknight, M|100/100
|-ability|p2a: Plague Doctor|Pressure
|move|p1a: Ogerpon|Swords Dance|p1a: Ogerpon
|-boost|p1a: Ogerpon|atk|2
|
|-weather|Snowscape|[upkeep]
|upkeep
|turn|7
|
|t:|1757805558
|switch|p1a: Slowking|Slowking-Galar, M|100/100
|move|p2a: Plague Doctor|U-turn|p1a: Slowking
|-damage|p1a: Slowking|90/100
|
|t:|1757805566
|switch|p2a: Acupuncturist|Samurott-Hisui, F|100/100|[from] U-turn
|
|-weather|Snowscape|[upkeep]
|upkeep
|turn|8
|
|t:|1757805570
|switch|p1a: Iron Tusk|Iron Treads|100/100
|-damage|p1a: Iron Tusk|97/100|[from] Stealth Rock
|-enditem|p1a: Iron Tusk|Booster Energy
|-activate|p1a: Iron Tusk|ability: Quark Drive|[fromitem]
|-start|p1a: Iron Tusk|quarkdrivespe
|move|p2a: Acupuncturist|Ceaseless Edge|p1a: Iron Tusk
|-damage|p1a: Iron Tusk|60/100
|-sidestart|p1: BorderofSeal|Spikes
|
|-weather|none
|upkeep
|turn|9
|
|t:|1757805584
|move|p1a: Iron Tusk|Stealth Rock|p2a: Acupuncturist
|-sidestart|p2: Lyrongolem1|move: Stealth Rock
|move|p2a: Acupuncturist|Ceaseless Edge|p1a: Iron Tusk
|-damage|p1a: Iron Tusk|20/100
|-sidestart|p1: BorderofSeal|Spikes
|
|upkeep
|turn|10
|
|t:|1757805587
|move|p1a: Iron Tusk|Rapid Spin|p2a: Acupuncturist
|-damage|p2a: Acupuncturist|79/100
|-boost|p1a: Iron Tusk|spe|1
|-sideend|p1: BorderofSeal|Spikes|[from] move: Rapid Spin|[of] p1a: Iron Tusk
|-sideend|p1: BorderofSeal|Stealth Rock|[from] move: Rapid Spin|[of] p1a: Iron Tusk
|move|p2a: Acupuncturist|Ceaseless Edge|p1a: Iron Tusk
|-damage|p1a: Iron Tusk|0 fnt
|-sidestart|p1: BorderofSeal|Spikes
|faint|p1a: Iron Tusk
|-end|p1a: Iron Tusk|Quark Drive|[silent]
|
|upkeep
|
|t:|1757805591
|switch|p1a: Ogerpon|Ogerpon-Wellspring, F|88/100
|-damage|p1a: Ogerpon|76/100|[from] Spikes
|turn|11
|
|t:|1757805596
|move|p2a: Acupuncturist|Ceaseless Edge|p1a: Ogerpon|[miss]
|-miss|p2a: Acupuncturist|p1a: Ogerpon
|move|p1a: Ogerpon|Horn Leech|p2a: Acupuncturist
|-supereffective|p2a: Acupuncturist
|-damage|p2a: Acupuncturist|0 fnt
|-heal|p1a: Ogerpon|100/100|[from] drain|[of] p2a: Acupuncturist
|faint|p2a: Acupuncturist
|
|upkeep
|
|t:|1757805608
|switch|p2a: Specialist|Dragapult, M|100/100
|turn|12
|
|t:|1757805612
|switch|p1a: Tornadus|Tornadus-Therian, M|100/100
|move|p2a: Specialist|Dragon Darts|p1a: Tornadus
|-damage|p1a: Tornadus|67/100
|-anim|p2a: Specialist|Dragon Darts|p1a: Tornadus
|-damage|p1a: Tornadus|35/100
|
|upkeep
|turn|13
|
|t:|1757805616
|switch|p1a: Kingambit|Kingambit, M|100/100
|-damage|p1a: Kingambit|88/100|[from] Spikes
|-activate|p1a: Kingambit|ability: Supreme Overlord
|-start|p1a: Kingambit|fallen1|[silent]
|move|p2a: Specialist|Dragon Darts|p1a: Kingambit
|-resisted|p1a: Kingambit
|-damage|p1a: Kingambit|80/100
|-anim|p2a: Specialist|Dragon Darts|p1a: Kingambit
|-resisted|p1a: Kingambit
|-damage|p1a: Kingambit|72/100
|
|upkeep
|turn|14
|
|t:|1757805625
|switch|p2a: Nurse|Weezing-Galar, F|100/100
|-ability|p2a: Nurse|Neutralizing Gas
|-damage|p2a: Nurse|88/100|[from] Stealth Rock
|move|p1a: Kingambit|Kowtow Cleave|p2a: Nurse
|-resisted|p2a: Nurse
|-damage|p2a: Nurse|69/100
|
|-heal|p2a: Nurse|75/100|[from] item: Black Sludge
|upkeep
|turn|15
|
|t:|1757805633
|-end|p1a: Kingambit|fallen1|[silent]
|switch|p1a: Slowking|Slowking-Galar, M|100/100
|move|p2a: Nurse|Will-O-Wisp|p1a: Slowking
|-status|p1a: Slowking|brn
|
|-heal|p2a: Nurse|81/100|[from] item: Black Sludge
|-damage|p1a: Slowking|94/100 brn|[from] brn
|upkeep
|turn|16
|
|t:|1757805649
|-end|p2a: Nurse|ability: Neutralizing Gas
|switch|p2a: Plague Doctor|Corviknight, M|100/100
|-damage|p2a: Plague Doctor|88/100|[from] Stealth Rock
|-ability|p2a: Plague Doctor|Pressure
|move|p1a: Slowking|Future Sight|p2a: Plague Doctor
|-start|p1a: Slowking|move: Future Sight
|
|-damage|p1a: Slowking|88/100 brn|[from] brn
|upkeep
|turn|17
|
|t:|1757805659
|move|p2a: Plague Doctor|U-turn|p1a: Slowking
|-damage|p1a: Slowking|77/100 brn
|
|t:|1757805663
|switch|p2a: Trudeau-king|Slowking-Galar, F|100/100|[from] U-turn
|-damage|p2a: Trudeau-king|88/100|[from] Stealth Rock
|-prepare|p1a: Slowking|Chilly Reception|[premajor]
|move|p1a: Slowking|Chilly Reception|p1a: Slowking
|-weather|Snowscape
|
|t:|1757805672
|switch|p1a: Kingambit|Kingambit, M|72/100|[from] Chilly Reception
|-damage|p1a: Kingambit|59/100|[from] Spikes
|-activate|p1a: Kingambit|ability: Supreme Overlord
|-start|p1a: Kingambit|fallen1|[silent]
|
|-weather|Snowscape|[upkeep]
|upkeep
|turn|18
|
|t:|1757805679
|switch|p2a: Plague Doctor|Corviknight, M|88/100
|-damage|p2a: Plague Doctor|75/100|[from] Stealth Rock
|-ability|p2a: Plague Doctor|Pressure
|move|p1a: Kingambit|Kowtow Cleave|p2a: Plague Doctor
|-damage|p2a: Plague Doctor|39/100
|-damage|p1a: Kingambit|43/100|[from] item: Rocky Helmet|[of] p2a: Plague Doctor
|
|-weather|Snowscape|[upkeep]
|-end|p2a: Plague Doctor|move: Future Sight
|-resisted|p2a: Plague Doctor
|-damage|p2a: Plague Doctor|17/100
|upkeep
|turn|19
|
|t:|1757805690
|move|p2a: Plague Doctor|Roost|p2a: Plague Doctor
|-heal|p2a: Plague Doctor|67/100
|-singleturn|p2a: Plague Doctor|move: Roost
|move|p1a: Kingambit|Kowtow Cleave|p2a: Plague Doctor
|-damage|p2a: Plague Doctor|28/100
|-damage|p1a: Kingambit|26/100|[from] item: Rocky Helmet|[of] p2a: Plague Doctor
|
|-weather|Snowscape|[upkeep]
|upkeep
|turn|20
|
|t:|1757805699
|-end|p1a: Kingambit|fallen1|[silent]
|switch|p1a: Slowking|Slowking-Galar, M|100/100 brn
|move|p2a: Plague Doctor|Roost|p2a: Plague Doctor
|-heal|p2a: Plague Doctor|78/100
|-singleturn|p2a: Plague Doctor|move: Roost
|
|-weather|Snowscape|[upkeep]
|-damage|p1a: Slowking|94/100 brn|[from] brn
|upkeep
|turn|21
|
|t:|1757805704
|move|p2a: Plague Doctor|U-turn|p1a: Slowking
|-damage|p1a: Slowking|84/100 brn
|
|t:|1757805707
|switch|p2a: Specialist|Dragapult, M|100/100|[from] U-turn
|move|p1a: Slowking|Future Sight|p2a: Specialist
|-start|p1a: Slowking|move: Future Sight
|
|-weather|none
|-damage|p1a: Slowking|78/100 brn|[from] brn
|upkeep
|turn|22
|
|t:|1757805717
|switch|p1a: Kingambit|Kingambit, M|26/100
|-damage|p1a: Kingambit|14/100|[from] Spikes
|-activate|p1a: Kingambit|ability: Supreme Overlord
|-start|p1a: Kingambit|fallen1|[silent]
|move|p2a: Specialist|Dragon Darts|p1a: Kingambit
|-resisted|p1a: Kingambit
|-damage|p1a: Kingambit|4/100
|-anim|p2a: Specialist|Dragon Darts|p1a: Kingambit
|-resisted|p1a: Kingambit
|-damage|p1a: Kingambit|0 fnt
|faint|p1a: Kingambit
|-end|p1a: Kingambit|fallen1|[silent]
|
|upkeep
|
|t:|1757805724
|switch|p1a: Kyurem|Kyurem|100/100
|-ability|p1a: Kyurem|Pressure
|turn|23
|
|t:|1757805741
|-terastallize|p1a: Kyurem|Ground
|move|p2a: Specialist|U-turn|p1a: Kyurem
|-damage|p1a: Kyurem|80/100
|
|t:|1757805754
|switch|p2a: Trudeau-king|Slowking-Galar, F|100/100|[from] U-turn
|-damage|p2a: Trudeau-king|88/100|[from] Stealth Rock
|move|p1a: Kyurem|Freeze-Dry|p2a: Trudeau-king
|-damage|p2a: Trudeau-king|73/100
|
|-end|p2a: Trudeau-king|move: Future Sight
|-damage|p2a: Trudeau-king|53/100
|upkeep
|turn|24
|inactive|Lyrongolem1 has 120 seconds left.
|
|t:|1757805803
|move|p1a: Kyurem|Earth Power|p2a: Trudeau-king
|-supereffective|p2a: Trudeau-king
|-damage|p2a: Trudeau-king|11/100
|move|p2a: Trudeau-king|Future Sight|p1a: Kyurem
|-start|p2a: Trudeau-king|move: Future Sight
|
|upkeep
|turn|25
|
|t:|1757805809
|switch|p2a: Plague Doctor|Corviknight, M|78/100
|-damage|p2a: Plague Doctor|66/100|[from] Stealth Rock
|-ability|p2a: Plague Doctor|Pressure
|move|p1a: Kyurem|Freeze-Dry|p2a: Plague Doctor
|-damage|p2a: Plague Doctor|32/100
|
|upkeep
|turn|26
|
|t:|1757805825
|switch|p1a: Tornadus|Tornadus-Therian, M|68/100
|move|p2a: Plague Doctor|Body Press|p1a: Tornadus
|-resisted|p1a: Tornadus
|-damage|p1a: Tornadus|49/100
|
|-end|p1a: Tornadus|move: Future Sight
|-damage|p1a: Tornadus|12/100
|upkeep
|turn|27
|
|t:|1757805836
|switch|p2a: Specialist|Dragapult, M|100/100
|move|p1a: Tornadus|Heat Wave|p2a: Specialist
|-resisted|p2a: Specialist
|-damage|p2a: Specialist|77/100
|
|upkeep
|turn|28
|
|t:|1757805842
|move|p2a: Specialist|Dragon Darts|p1a: Tornadus
|-damage|p1a: Tornadus|0 fnt
|faint|p1a: Tornadus
|
|upkeep
|
|t:|1757805844
|switch|p1a: Slowking|Slowking-Galar, M|100/100 brn
|turn|29
|inactive|Lyrongolem1 has 120 seconds left.
|
|t:|1757805850
|move|p2a: Specialist|Dragon Darts|p1a: Slowking
|-damage|p1a: Slowking|83/100 brn
|-anim|p2a: Specialist|Dragon Darts|p1a: Slowking
|-damage|p1a: Slowking|66/100 brn
|move|p1a: Slowking|Thunder Wave|p2a: Specialist
|-status|p2a: Specialist|par
|
|-damage|p1a: Slowking|60/100 brn|[from] brn
|upkeep
|turn|30
|
|t:|1757805856
|move|p2a: Specialist|Hex|p1a: Slowking
|-supereffective|p1a: Slowking
|-damage|p1a: Slowking|0 fnt
|faint|p1a: Slowking
|
|upkeep
|
|t:|1757805859
|switch|p1a: Kyurem|Kyurem, tera:Ground|80/100
|-ability|p1a: Kyurem|Pressure
|turn|31
|
|t:|1757805868
|move|p1a: Kyurem|Freeze-Dry|p2a: Specialist
|-supereffective|p2a: Specialist
|-damage|p2a: Specialist|0 fnt
|faint|p2a: Specialist
|
|upkeep
|
|t:|1757805872
|switch|p2a: Trudeau-king|Slowking-Galar, F|45/100
|-damage|p2a: Trudeau-king|32/100|[from] Stealth Rock
|turn|32
|
|t:|1757805879
|switch|p2a: Plague Doctor|Corviknight, M|32/100
|-damage|p2a: Plague Doctor|20/100|[from] Stealth Rock
|-ability|p2a: Plague Doctor|Pressure
|move|p1a: Kyurem|Earth Power|p2a: Plague Doctor
|-immune|p2a: Plague Doctor
|
|upkeep
|turn|33
|
|t:|1757805885
|move|p1a: Kyurem|Freeze-Dry|p2a: Plague Doctor
|-damage|p2a: Plague Doctor|0 fnt
|faint|p2a: Plague Doctor
|
|upkeep
|
|t:|1757805889
|switch|p2a: Dr. Garg|Garganacl, M, tera:Fairy|73/100
|-damage|p2a: Dr. Garg|60/100|[from] Stealth Rock
|turn|34
|
|t:|1757805893
|move|p1a: Kyurem|Earth Power|p2a: Dr. Garg
|-damage|p2a: Dr. Garg|30/100
|-unboost|p2a: Dr. Garg|spd|1
|move|p2a: Dr. Garg|Recover|p2a: Dr. Garg
|-heal|p2a: Dr. Garg|80/100
|
|upkeep
|turn|35
|
|t:|1757805900
|move|p1a: Kyurem|Earth Power|p2a: Dr. Garg
|-damage|p2a: Dr. Garg|36/100
|move|p2a: Dr. Garg|Salt Cure|p1a: Kyurem
|-resisted|p1a: Kyurem
|-damage|p1a: Kyurem|73/100
|-start|p1a: Kyurem|Salt Cure
|
|-damage|p1a: Kyurem|61/100|[from] Salt Cure
|upkeep
|turn|36
|
|t:|1757805907
|switch|p1a: Ogerpon|Ogerpon-Wellspring, F|100/100
|-damage|p1a: Ogerpon|88/100|[from] Spikes
|move|p2a: Dr. Garg|Protect||[still]
|-fail|p2a: Dr. Garg
|
|upkeep
|turn|37
|
|t:|1757805915
|switch|p2a: Trudeau-king|Slowking-Galar, F|66/100
|-damage|p2a: Trudeau-king|53/100|[from] Stealth Rock
|move|p1a: Ogerpon|Encore||[still]
|-fail|p1a: Ogerpon
|
|upkeep
|turn|38
|
|t:|1757805934
|switch|p1a: Kyurem|Kyurem, tera:Ground|61/100
|-ability|p1a: Kyurem|Pressure
|move|p2a: Trudeau-king|Sludge Bomb|p1a: Kyurem
|-resisted|p1a: Kyurem
|-damage|p1a: Kyurem|45/100
|
|upkeep
|turn|39
|inactive|Lyrongolem1 has 120 seconds left.
|l|☆BorderofSeal
|inactive|BorderofSeal disconnected and has a minute to reconnect!
|player|p1|
|
|t:|1757805993
|move|p1a: Kyurem|Earth Power|p2a: Trudeau-king
|-supereffective|p2a: Trudeau-king
|-damage|p2a: Trudeau-king|15/100
|move|p2a: Trudeau-king|Future Sight|p1a: Kyurem
|-start|p2a: Trudeau-king|move: Future Sight
|
|upkeep
|turn|40
|j|☆BorderofSeal
|inactive|BorderofSeal reconnected and has 150 seconds left.
|player|p1|BorderofSeal|102|
|
|t:|1757806001
|switch|p2a: Dr. Garg|Garganacl, M, tera:Fairy|36/100
|-damage|p2a: Dr. Garg|23/100|[from] Stealth Rock
|move|p1a: Kyurem|Earth Power|p2a: Dr. Garg
|-damage|p2a: Dr. Garg|0 fnt
|faint|p2a: Dr. Garg
|
|upkeep
|inactive|Lyrongolem1 has 90 seconds left.
|
|t:|1757806018
|switch|p2a: Trudeau-king|Slowking-Galar, F|48/100
|-damage|p2a: Trudeau-king|36/100|[from] Stealth Rock
|turn|41
|
|t:|1757806022
|switch|p1a: Ogerpon|Ogerpon-Wellspring, F|88/100
|-damage|p1a: Ogerpon|76/100|[from] Spikes
|move|p2a: Trudeau-king|Sludge Bomb|p1a: Ogerpon
|-supereffective|p1a: Ogerpon
|-damage|p1a: Ogerpon|0 fnt
|faint|p1a: Ogerpon
|
|-hint|Future Sight did not hit because the target is fainted.
|upkeep
|
|t:|1757806024
|switch|p1a: Kyurem|Kyurem, tera:Ground|45/100
|-ability|p1a: Kyurem|Pressure
|turn|42
|
|t:|1757806030
|switch|p2a: Nurse|Weezing-Galar, F|81/100
|-ability|p2a: Nurse|Neutralizing Gas
|-damage|p2a: Nurse|69/100|[from] Stealth Rock
|move|p1a: Kyurem|Earth Power|p2a: Nurse
|-supereffective|p2a: Nurse
|-damage|p2a: Nurse|0 fnt
|faint|p2a: Nurse
|-end|p2a: Nurse|ability: Neutralizing Gas
|-ability|p1a: Kyurem|Pressure
|
|upkeep
|
|t:|1757806032
|switch|p2a: Trudeau-king|Slowking-Galar, F|69/100
|-damage|p2a: Trudeau-king|57/100|[from] Stealth Rock
|turn|43
|inactive|Lyrongolem1 has 120 seconds left.
|
|t:|1757806049
|move|p1a: Kyurem|Earth Power|p2a: Trudeau-king
|-supereffective|p2a: Trudeau-king
|-damage|p2a: Trudeau-king|17/100
|move|p2a: Trudeau-king|Future Sight|p1a: Kyurem
|-start|p2a: Trudeau-king|move: Future Sight
|
|upkeep
|turn|44
|
|t:|1757806054
|move|p1a: Kyurem|Earth Power|p2a: Trudeau-king
|-supereffective|p2a: Trudeau-king
|-damage|p2a: Trudeau-king|0 fnt
|faint|p2a: Trudeau-king
|
|win|BorderofSeal
|raw|BorderofSeal's rating: 1633 &rarr; <strong>1647</strong><br />(+14 for winning)
|raw|Lyrongolem1's rating: 1533 &rarr; <strong>1519</strong><br />(-14 for losing)
|l|☆Lyrongolem1
|player|p2|
