|j|☆jelynfish
|j|☆axoubibou
|t:|1757918875
|gametype|singles
|player|p1|jelynfish|miku-ghost|1379
|player|p2|axoubibou|bellelba|1343
|gen|9
|tier|[Gen 9] OU
|rated|
|rule|HP Percentage Mod: HP is shown in percentages
|rule|Endless Battle Clause: Forcing endless battles is banned
|rule|Species Clause: Limit one of each Pokémon
|rule|OHKO Clause: OHKO moves are banned
|rule|Evasion Items Clause: Evasion items are banned
|rule|Evasion Moves Clause: Evasion moves are banned
|rule|Evasion Abilities Clause: Evasion abilities are banned
|rule|Sleep Moves Clause: Sleep-inducing moves are banned
|clearpoke
|poke|p1|Iron Hands|
|poke|p1|Rillaboom, M|
|poke|p1|Heatran, M|
|poke|p1|Kyurem|
|poke|p1|Great Tusk|
|poke|p1|Tornadus-Therian, M|
|poke|p2|Clodsire, F|
|poke|p2|Dondozo, F|
|poke|p2|Gliscor, F|
|poke|p2|Alomomola, L99, F|
|poke|p2|Corviknight, M|
|poke|p2|Azumarill, F|
|teampreview
|inactive|Battle timer is ON: inactive players will automatically lose when time's up. (requested by axoubibou)
|
|t:|1757918888
|teamsize|p1|6
|teamsize|p2|6
|start
|switch|p1a: Rillaboom|Rillaboom, M|100/100
|switch|p2a: Cancer|Gliscor, F|100/100
|-fieldstart|move: Grassy Terrain|[from] ability: Grassy Surge|[of] p1a: Rillaboom
|turn|1
|
|t:|1757918894
|move|p2a: Cancer|Protect|p2a: Cancer
|-singleturn|p2a: Cancer|Protect
|move|p1a: Rillaboom|Knock Off|p2a: Cancer
|-activate|p2a: Cancer|move: Protect
|
|-status|p2a: Cancer|tox|[from] item: Toxic Orb
|upkeep
|turn|2
|
|t:|1757918906
|switch|p1a: Heatran|Heatran, M|100/100
|move|p2a: Cancer|Toxic|p1a: Heatran
|-immune|p1a: Heatran
|
|upkeep
|turn|3
|
|t:|1757918917
|switch|p2a: Kant|Alomomola, L99, F, shiny|100/100
|move|p1a: Heatran|Stealth Rock|p2a: Kant
|-sidestart|p2: axoubibou|move: Stealth Rock
|
|upkeep
|turn|4
|
|t:|1757918923
|move|p1a: Heatran|Taunt|p2a: Kant
|-start|p2a: Kant|move: Taunt
|move|p2a: Kant|Flip Turn|p1a: Heatran
|-supereffective|p1a: Heatran
|-damage|p1a: Heatran|74/100
|
|t:|1757918928
|switch|p2a: Golden shower|Azumarill, F, shiny|100/100|[from] Flip Turn
|
|-heal|p1a: Heatran|80/100|[from] Grassy Terrain
|-heal|p1a: Heatran|87/100|[from] item: Leftovers
|upkeep
|turn|5
|
|t:|1757918937
|switch|p1a: Iron Hands|Iron Hands|100/100
|-enditem|p1a: Iron Hands|Grassy Seed
|-boost|p1a: Iron Hands|def|1|[from] item: Grassy Seed
|move|p2a: Golden shower|Whirlpool|p1a: Iron Hands
|-damage|p1a: Iron Hands|93/100
|-activate|p1a: Iron Hands|move: Whirlpool|[of] p2a: Golden shower
|
|-heal|p1a: Iron Hands|99/100|[from] Grassy Terrain
|-damage|p1a: Iron Hands|87/100|[from] move: Whirlpool|[partiallytrapped]
|-fieldend|move: Grassy Terrain
|upkeep
|turn|6
|
|t:|1757918952
|switch|p2a: Bebou|Clodsire, F|100/100
|move|p1a: Iron Hands|Supercell Slam|p2a: Bebou
|-immune|p2a: Bebou
|-damage|p1a: Iron Hands|37/100|[from] supercellslam
|
|-end|p1a: Iron Hands|Whirlpool|[partiallytrapped]|[silent]
|upkeep
|turn|7
|
|t:|1757918960
|-end|p1a: Iron Hands|Quark Drive|[silent]
|switch|p1a: Rillaboom|Rillaboom, M|100/100
|-fieldstart|move: Grassy Terrain|[from] ability: Grassy Surge|[of] p1a: Rillaboom
|move|p2a: Bebou|Toxic|p1a: Rillaboom
|-status|p1a: Rillaboom|tox
|
|-damage|p1a: Rillaboom|94/100 tox|[from] psn
|upkeep
|turn|8
|
|t:|1757918965
|switch|p2a: Slurp|Corviknight, M, shiny|100/100
|-damage|p2a: Slurp|88/100|[from] Stealth Rock
|-ability|p2a: Slurp|Pressure
|move|p1a: Rillaboom|Wood Hammer|p2a: Slurp
|-resisted|p2a: Slurp
|-damage|p2a: Slurp|64/100
|-damage|p1a: Rillaboom|85/100 tox|[from] Recoil
|
|-heal|p1a: Rillaboom|91/100 tox|[from] Grassy Terrain
|-heal|p2a: Slurp|70/100|[from] item: Leftovers
|-damage|p1a: Rillaboom|79/100 tox|[from] psn
|upkeep
|turn|9
|
|t:|1757918969
|switch|p1a: Tornadus|Tornadus-Therian, M|100/100
|move|p2a: Slurp|Substitute|p2a: Slurp
|-start|p2a: Slurp|Substitute
|-damage|p2a: Slurp|45/100
|
|-heal|p2a: Slurp|51/100|[from] item: Leftovers
|upkeep
|turn|10
|
|t:|1757918974
|move|p2a: Slurp|Protect|p2a: Slurp
|-singleturn|p2a: Slurp|Protect
|move|p1a: Tornadus|Heat Wave|p2a: Slurp
|-activate|p2a: Slurp|move: Protect
|
|-heal|p2a: Slurp|57/100|[from] item: Leftovers
|upkeep
|turn|11
|
|t:|1757918990
|switch|p1a: Iron Hands|Iron Hands|37/100
|move|p2a: Slurp|Substitute|p2a: Slurp
|-fail|p2a: Slurp|move: Substitute
|
|-heal|p2a: Slurp|63/100|[from] item: Leftovers
|-heal|p1a: Iron Hands|43/100|[from] Grassy Terrain
|-fieldend|move: Grassy Terrain
|upkeep
|turn|12
|
|t:|1757918995
|-end|p1a: Iron Hands|Quark Drive|[silent]
|switch|p1a: Tornadus|Tornadus-Therian, M|100/100
|move|p2a: Slurp|Protect||[still]
|-fail|p2a: Slurp
|
|-heal|p2a: Slurp|69/100|[from] item: Leftovers
|upkeep
|turn|13
|
|t:|1757919005
|move|p2a: Slurp|Protect|p2a: Slurp
|-singleturn|p2a: Slurp|Protect
|move|p1a: Tornadus|Heat Wave|p2a: Slurp
|-activate|p2a: Slurp|move: Protect
|
|-heal|p2a: Slurp|75/100|[from] item: Leftovers
|upkeep
|turn|14
|
|t:|1757919013
|move|p1a: Tornadus|Heat Wave|p2a: Slurp
|-supereffective|p2a: Slurp
|-end|p2a: Slurp|Substitute
|move|p2a: Slurp|Substitute|p2a: Slurp
|-start|p2a: Slurp|Substitute
|-damage|p2a: Slurp|50/100
|
|-heal|p2a: Slurp|56/100|[from] item: Leftovers
|upkeep
|turn|15
|
|t:|1757919019
|switch|p1a: Heatran|Heatran, M|87/100
|move|p2a: Slurp|Protect||[still]
|-fail|p2a: Slurp
|
|-heal|p2a: Slurp|62/100|[from] item: Leftovers
|-heal|p1a: Heatran|93/100|[from] item: Leftovers
|upkeep
|turn|16
|
|t:|1757919022
|move|p2a: Slurp|Protect|p2a: Slurp
|-singleturn|p2a: Slurp|Protect
|move|p1a: Heatran|Taunt|p2a: Slurp
|-activate|p2a: Slurp|move: Protect
|
|-heal|p2a: Slurp|68/100|[from] item: Leftovers
|-heal|p1a: Heatran|99/100|[from] item: Leftovers
|upkeep
|turn|17
|
|t:|1757919034
|move|p2a: Slurp|Roost|p2a: Slurp
|-heal|p2a: Slurp|100/100
|-singleturn|p2a: Slurp|move: Roost
|move|p1a: Heatran|Magma Storm|p2a: Slurp|[miss]
|-miss|p1a: Heatran|p2a: Slurp
|
|-heal|p1a: Heatran|100/100|[from] item: Leftovers
|upkeep
|turn|18
|
|t:|1757919040
|move|p2a: Slurp|Spite|p1a: Heatran
|-activate|p1a: Heatran|move: Spite|Magma Storm|4
|move|p1a: Heatran|Taunt|p2a: Slurp
|-start|p2a: Slurp|move: Taunt
|
|upkeep
|turn|19
|
|t:|1757919048
|switch|p2a: Bebou|Clodsire, F|100/100
|switch|p1a: Rillaboom|Rillaboom, M|79/100 tox
|-fieldstart|move: Grassy Terrain|[from] ability: Grassy Surge|[of] p1a: Rillaboom
|
|-heal|p1a: Rillaboom|85/100 tox|[from] Grassy Terrain
|-damage|p1a: Rillaboom|79/100 tox|[from] psn
|upkeep
|turn|20
|
|t:|1757919067
|switch|p1a: Heatran|Heatran, M|100/100
|switch|p2a: Slurp|Corviknight, M, shiny|100/100
|-damage|p2a: Slurp|88/100|[from] Stealth Rock
|-ability|p2a: Slurp|Pressure
|
|-heal|p2a: Slurp|94/100|[from] item: Leftovers
|upkeep
|turn|21
|
|t:|1757919075
|move|p2a: Slurp|Substitute|p2a: Slurp
|-start|p2a: Slurp|Substitute
|-damage|p2a: Slurp|69/100
|move|p1a: Heatran|Taunt|p2a: Slurp
|-start|p2a: Slurp|move: Taunt
|
|-heal|p2a: Slurp|75/100|[from] item: Leftovers
|upkeep
|turn|22
|
|t:|1757919083
|switch|p2a: Bebou|Clodsire, F|100/100
|move|p1a: Heatran|Earth Power|p2a: Bebou
|-supereffective|p2a: Bebou
|-damage|p2a: Bebou|69/100
|
|-heal|p2a: Bebou|75/100|[from] Grassy Terrain
|upkeep
|turn|23
|
|t:|1757919089
|switch|p1a: Tornadus|Tornadus-Therian, M|100/100
|move|p2a: Bebou|Bulldoze|p1a: Tornadus
|-immune|p1a: Tornadus
|
|-heal|p2a: Bebou|81/100|[from] Grassy Terrain
|-fieldend|move: Grassy Terrain
|upkeep
|turn|24
|
|t:|1757919094
|move|p1a: Tornadus|U-turn|p2a: Bebou
|-resisted|p2a: Bebou
|-damage|p2a: Bebou|74/100
|
|t:|1757919098
|switch|p1a: Heatran|Heatran, M|100/100|[from] U-turn
|move|p2a: Bebou|Toxic|p1a: Heatran
|-immune|p1a: Heatran
|
|upkeep
|turn|25
|
|t:|1757919104
|switch|p1a: Rillaboom|Rillaboom, M|79/100 tox
|-fieldstart|move: Grassy Terrain|[from] ability: Grassy Surge|[of] p1a: Rillaboom
|move|p2a: Bebou|Bulldoze|p1a: Rillaboom
|-resisted|p1a: Rillaboom
|-damage|p1a: Rillaboom|74/100 tox
|-unboost|p1a: Rillaboom|spe|1
|
|-heal|p1a: Rillaboom|80/100 tox|[from] Grassy Terrain
|-heal|p2a: Bebou|80/100|[from] Grassy Terrain
|-damage|p1a: Rillaboom|74/100 tox|[from] psn
|upkeep
|turn|26
|
|t:|1757919117
|switch|p2a: Golden shower|Azumarill, F, shiny|100/100
|move|p1a: Rillaboom|Knock Off|p2a: Golden shower
|-resisted|p2a: Golden shower
|-damage|p2a: Golden shower|80/100
|-enditem|p2a: Golden shower|Heavy-Duty Boots|[from] move: Knock Off|[of] p1a: Rillaboom
|
|-heal|p1a: Rillaboom|80/100 tox|[from] Grassy Terrain
|-heal|p2a: Golden shower|87/100|[from] Grassy Terrain
|-damage|p1a: Rillaboom|68/100 tox|[from] psn
|upkeep
|turn|27
|
|t:|1757919131
|switch|p1a: Heatran|Heatran, M|100/100
|move|p2a: Golden shower|Whirlpool|p1a: Heatran
|-supereffective|p1a: Heatran
|-damage|p1a: Heatran|89/100
|-activate|p1a: Heatran|move: Whirlpool|[of] p2a: Golden shower
|
|-heal|p1a: Heatran|95/100|[from] Grassy Terrain
|-heal|p1a: Heatran|100/100|[from] item: Leftovers
|-heal|p2a: Golden shower|93/100|[from] Grassy Terrain
|-damage|p1a: Heatran|88/100|[from] move: Whirlpool|[partiallytrapped]
|upkeep
|turn|28
|
|t:|1757919141
|move|p1a: Heatran|Magma Storm|p2a: Golden shower
|-resisted|p2a: Golden shower
|-damage|p2a: Golden shower|70/100
|-activate|p2a: Golden shower|move: Magma Storm|[of] p1a: Heatran
|move|p2a: Golden shower|Perish Song|p2a: Golden shower
|-start|p1a: Heatran|perish3|[silent]
|-start|p2a: Golden shower|perish3|[silent]
|-fieldactivate|move: Perish Song
|
|-heal|p1a: Heatran|94/100|[from] Grassy Terrain
|-heal|p1a: Heatran|100/100|[from] item: Leftovers
|-heal|p2a: Golden shower|76/100|[from] Grassy Terrain
|-damage|p1a: Heatran|88/100|[from] move: Whirlpool|[partiallytrapped]
|-damage|p2a: Golden shower|63/100|[from] move: Magma Storm|[partiallytrapped]
|-start|p1a: Heatran|perish3
|-start|p2a: Golden shower|perish3
|upkeep
|turn|29
|c|☆axoubibou|lol
|
|t:|1757919159
|-terastallize|p1a: Heatran|Ghost
|move|p1a: Heatran|Earth Power|p2a: Golden shower
|-damage|p2a: Golden shower|36/100
|move|p2a: Golden shower|Whirlpool|p1a: Heatran
|-damage|p1a: Heatran|83/100
|
|-heal|p1a: Heatran|89/100|[from] Grassy Terrain
|-heal|p1a: Heatran|96/100|[from] item: Leftovers
|-heal|p2a: Golden shower|42/100|[from] Grassy Terrain
|-damage|p1a: Heatran|83/100|[from] move: Whirlpool|[partiallytrapped]
|-damage|p2a: Golden shower|30/100|[from] move: Magma Storm|[partiallytrapped]
|-start|p1a: Heatran|perish2
|-start|p2a: Golden shower|perish2
|-fieldend|move: Grassy Terrain
|upkeep
|turn|30
|
|t:|1757919167
|switch|p1a: Kyurem|Kyurem|100/100
|-ability|p1a: Kyurem|Pressure
|move|p2a: Golden shower|Rest|p2a: Golden shower
|-status|p2a: Golden shower|slp|[from] move: Rest
|-heal|p2a: Golden shower|100/100 slp|[silent]
|
|-end|p2a: Golden shower|Magma Storm|[partiallytrapped]|[silent]
|-start|p2a: Golden shower|perish1
|upkeep
|turn|31
|
|t:|1757919176
|switch|p2a: Kant|Alomomola, L99, F, shiny|100/100
|move|p1a: Kyurem|Draco Meteor|p2a: Kant
|-damage|p2a: Kant|44/100
|-unboost|p1a: Kyurem|spa|2
|
|upkeep
|turn|32
|
|t:|1757919180
|move|p1a: Kyurem|Draco Meteor|p2a: Kant
|-damage|p2a: Kant|15/100
|-unboost|p1a: Kyurem|spa|2
|move|p2a: Kant|Wish|p2a: Kant
|
|upkeep
|turn|33
|
|t:|1757919186
|switch|p1a: Rillaboom|Rillaboom, M|68/100 tox
|-fieldstart|move: Grassy Terrain|[from] ability: Grassy Surge|[of] p1a: Rillaboom
|switch|p2a: Slurp|Corviknight, M, shiny|75/100
|-damage|p2a: Slurp|63/100|[from] Stealth Rock
|-ability|p2a: Slurp|Pressure
|
|-heal|p2a: Slurp|100/100|[from] move: Wish|[wisher] Kant
|-heal|p1a: Rillaboom|74/100 tox|[from] Grassy Terrain
|-damage|p1a: Rillaboom|68/100 tox|[from] psn
|upkeep
|turn|34
|
|t:|1757919195
|move|p1a: Rillaboom|Knock Off|p2a: Slurp
|-damage|p2a: Slurp|54/100
|-enditem|p2a: Slurp|Leftovers|[from] move: Knock Off|[of] p1a: Rillaboom
|move|p2a: Slurp|Spite|p1a: Rillaboom
|-activate|p1a: Rillaboom|move: Spite|Knock Off|4
|
|-heal|p1a: Rillaboom|74/100 tox|[from] Grassy Terrain
|-damage|p1a: Rillaboom|62/100 tox|[from] psn
|upkeep
|turn|35
|
|t:|1757919202
|switch|p1a: Heatran|Heatran, M, tera:Ghost|83/100
|move|p2a: Slurp|Roost|p2a: Slurp
|-heal|p2a: Slurp|100/100
|-singleturn|p2a: Slurp|move: Roost
|
|-heal|p1a: Heatran|89/100|[from] Grassy Terrain
|-heal|p1a: Heatran|96/100|[from] item: Leftovers
|upkeep
|turn|36
|
|t:|1757919207
|move|p2a: Slurp|Protect|p2a: Slurp
|-singleturn|p2a: Slurp|Protect
|move|p1a: Heatran|Taunt|p2a: Slurp
|-activate|p2a: Slurp|move: Protect
|
|-heal|p1a: Heatran|100/100|[from] Grassy Terrain
|upkeep
|turn|37
|
|t:|1757919218
|switch|p2a: Kant|Alomomola, L99, F, shiny|48/100
|move|p1a: Heatran|Taunt|p2a: Kant
|-start|p2a: Kant|move: Taunt
|
|-heal|p2a: Kant|54/100|[from] Grassy Terrain
|-fieldend|move: Grassy Terrain
|upkeep
|turn|38
|
|t:|1757919226
|move|p1a: Heatran|Earth Power|p2a: Kant
|-crit|p2a: Kant
|-damage|p2a: Kant|25/100
|move|p2a: Kant|Flip Turn|p1a: Heatran
|-damage|p1a: Heatran|87/100
|
|t:|1757919231
|switch|p2a: Cancer|Gliscor, F|100/100 tox|[from] Flip Turn
|-damage|p2a: Cancer|88/100 tox|[from] Stealth Rock
|
|-heal|p1a: Heatran|93/100|[from] item: Leftovers
|-heal|p2a: Cancer|100/100 tox|[from] ability: Poison Heal
|upkeep
|turn|39
|
|t:|1757919237
|switch|p1a: Kyurem|Kyurem|100/100
|-ability|p1a: Kyurem|Pressure
|move|p2a: Cancer|Protect||[still]
|-fail|p2a: Cancer
|
|upkeep
|turn|40
|
|t:|1757919246
|switch|p2a: Golden shower|Azumarill, F, shiny|100/100 slp
|-damage|p2a: Golden shower|88/100 slp|[from] Stealth Rock
|move|p1a: Kyurem|Ice Beam|p2a: Golden shower
|-resisted|p2a: Golden shower
|-damage|p2a: Golden shower|62/100 slp
|
|upkeep
|turn|41
|
|t:|1757919252
|switch|p1a: Rillaboom|Rillaboom, M|62/100 tox
|-fieldstart|move: Grassy Terrain|[from] ability: Grassy Surge|[of] p1a: Rillaboom
|cant|p2a: Golden shower|slp
|
|-heal|p1a: Rillaboom|68/100 tox|[from] Grassy Terrain
|-heal|p2a: Golden shower|68/100 slp|[from] Grassy Terrain
|-damage|p1a: Rillaboom|62/100 tox|[from] psn
|upkeep
|turn|42
|
|t:|1757919262
|move|p1a: Rillaboom|U-turn|p2a: Golden shower
|-resisted|p2a: Golden shower
|-damage|p2a: Golden shower|55/100 slp
|
|t:|1757919267
|switch|p1a: Iron Hands|Iron Hands|43/100|[from] U-turn
|cant|p2a: Golden shower|slp
|
|-heal|p1a: Iron Hands|49/100|[from] Grassy Terrain
|-heal|p2a: Golden shower|61/100 slp|[from] Grassy Terrain
|upkeep
|turn|43
|
|t:|1757919278
|switch|p2a: Bebou|Clodsire, F|80/100
|move|p1a: Iron Hands|Drain Punch|p2a: Bebou
|-resisted|p2a: Bebou
|-damage|p2a: Bebou|58/100
|-heal|p1a: Iron Hands|60/100|[from] drain|[of] p2a: Bebou
|
|-heal|p1a: Iron Hands|66/100|[from] Grassy Terrain
|-heal|p2a: Bebou|64/100|[from] Grassy Terrain
|upkeep
|turn|44
|
|t:|1757919281
|move|p1a: Iron Hands|Ice Punch|p2a: Bebou
|-supereffective|p2a: Bebou
|-damage|p2a: Bebou|8/100
|move|p2a: Bebou|Recover|p2a: Bebou
|-heal|p2a: Bebou|58/100
|
|-heal|p1a: Iron Hands|72/100|[from] Grassy Terrain
|-heal|p2a: Bebou|64/100|[from] Grassy Terrain
|upkeep
|turn|45
|
|t:|1757919291
|-end|p1a: Iron Hands|Quark Drive|[silent]
|switch|p1a: Rillaboom|Rillaboom, M|62/100 tox
|switch|p2a: Cancer|Gliscor, F|100/100 tox
|-damage|p2a: Cancer|88/100 tox|[from] Stealth Rock
|
|-heal|p1a: Rillaboom|68/100 tox|[from] Grassy Terrain
|-damage|p1a: Rillaboom|62/100 tox|[from] psn
|-heal|p2a: Cancer|100/100 tox|[from] ability: Poison Heal
|-fieldend|move: Grassy Terrain
|upkeep
|turn|46
|
|t:|1757919297
|move|p1a: Rillaboom|U-turn|p2a: Cancer
|-resisted|p2a: Cancer
|-damage|p2a: Cancer|88/100 tox
|
|t:|1757919299
|switch|p1a: Heatran|Heatran, M, tera:Ghost|93/100|[from] U-turn
|move|p2a: Cancer|Spikes|p1a: Heatran
|-sidestart|p1: jelynfish|Spikes
|
|-heal|p1a: Heatran|99/100|[from] item: Leftovers
|-heal|p2a: Cancer|100/100 tox|[from] ability: Poison Heal
|upkeep
|turn|47
|
|t:|1757919307
|move|p2a: Cancer|Knock Off|p1a: Heatran
|-supereffective|p1a: Heatran
|-damage|p1a: Heatran|65/100
|-enditem|p1a: Heatran|Leftovers|[from] move: Knock Off|[of] p2a: Cancer
|move|p1a: Heatran|Taunt|p2a: Cancer
|-start|p2a: Cancer|move: Taunt
|
|upkeep
|turn|48
|
|t:|1757919315
|switch|p2a: Kant|Alomomola, L99, F, shiny|58/100
|switch|p1a: Great Tusk|Great Tusk|100/100
|
|upkeep
|turn|49
|
|t:|1757919320
|move|p1a: Great Tusk|Rapid Spin|p2a: Kant
|-damage|p2a: Kant|44/100
|-boost|p1a: Great Tusk|spe|1
|-sideend|p1: jelynfish|Spikes|[from] move: Rapid Spin|[of] p1a: Great Tusk
|move|p2a: Kant|Flip Turn|p1a: Great Tusk
|-supereffective|p1a: Great Tusk
|-damage|p1a: Great Tusk|78/100
|
|t:|1757919327
|switch|p2a: Golden shower|Azumarill, F, shiny|61/100 slp|[from] Flip Turn
|-damage|p2a: Golden shower|48/100 slp|[from] Stealth Rock
|
|upkeep
|turn|50
|
|t:|1757919330
|move|p1a: Great Tusk|Headlong Rush|p2a: Golden shower
|-damage|p2a: Golden shower|1/100 slp
|-unboost|p1a: Great Tusk|def|1
|-unboost|p1a: Great Tusk|spd|1
|-curestatus|p2a: Golden shower|slp|[msg]
|move|p2a: Golden shower|Whirlpool|p1a: Great Tusk
|-supereffective|p1a: Great Tusk
|-damage|p1a: Great Tusk|35/100
|-activate|p1a: Great Tusk|move: Whirlpool|[of] p2a: Golden shower
|
|-damage|p1a: Great Tusk|23/100|[from] move: Whirlpool|[partiallytrapped]
|upkeep
|turn|51
|
|t:|1757919341
|move|p1a: Great Tusk|Rapid Spin|p2a: Golden shower
|-damage|p2a: Golden shower|0 fnt
|-boost|p1a: Great Tusk|spe|1
|-end|p1a: Great Tusk|Whirlpool|[partiallytrapped]
|faint|p2a: Golden shower
|
|upkeep
|
|t:|1757919356
|switch|p2a: Cancer|Gliscor, F|100/100 tox
|-damage|p2a: Cancer|88/100 tox|[from] Stealth Rock
|turn|52
|
|t:|1757919360
|move|p1a: Great Tusk|Ice Spinner|p2a: Cancer
|-supereffective|p2a: Cancer
|-damage|p2a: Cancer|16/100 tox
|move|p2a: Cancer|Knock Off|p1a: Great Tusk
|-resisted|p1a: Great Tusk
|-damage|p1a: Great Tusk|12/100
|-enditem|p1a: Great Tusk|Heavy-Duty Boots|[from] move: Knock Off|[of] p2a: Cancer
|
|-heal|p2a: Cancer|29/100 tox|[from] ability: Poison Heal
|upkeep
|turn|53
|
|t:|1757919368
|move|p2a: Cancer|Protect|p2a: Cancer
|-singleturn|p2a: Cancer|Protect
|move|p1a: Great Tusk|Ice Spinner|p2a: Cancer
|-activate|p2a: Cancer|move: Protect
|
|-heal|p2a: Cancer|41/100 tox|[from] ability: Poison Heal
|upkeep
|turn|54
|
|t:|1757919377
|switch|p2a: Slurp|Corviknight, M, shiny|100/100
|-damage|p2a: Slurp|88/100|[from] Stealth Rock
|-ability|p2a: Slurp|Pressure
|move|p1a: Great Tusk|Ice Spinner|p2a: Slurp
|-damage|p2a: Slurp|66/100
|
|upkeep
|turn|55
|
|t:|1757919393
|-end|p1a: Great Tusk|Protosynthesis|[silent]
|switch|p1a: Tornadus|Tornadus-Therian, M|100/100
|move|p2a: Slurp|Substitute|p2a: Slurp
|-start|p2a: Slurp|Substitute
|-damage|p2a: Slurp|42/100
|
|upkeep
|turn|56
|
|t:|1757919398
|move|p2a: Slurp|Protect|p2a: Slurp
|-singleturn|p2a: Slurp|Protect
|move|p1a: Tornadus|U-turn|p2a: Slurp
|-activate|p2a: Slurp|move: Protect
|
|upkeep
|turn|57
|
|t:|1757919404
|move|p1a: Tornadus|U-turn|p2a: Slurp
|-resisted|p2a: Slurp
|-activate|p2a: Slurp|move: Substitute|[damage]
|
|t:|1757919416
|switch|p1a: Heatran|Heatran, M, tera:Ghost|65/100|[from] U-turn
|move|p2a: Slurp|Roost|p2a: Slurp
|-heal|p2a: Slurp|92/100
|-singleturn|p2a: Slurp|move: Roost
|
|upkeep
|turn|58
|
|t:|1757919425
|move|p2a: Slurp|Protect|p2a: Slurp
|-singleturn|p2a: Slurp|Protect
|move|p1a: Heatran|Taunt|p2a: Slurp
|-activate|p2a: Slurp|move: Protect
|
|upkeep
|turn|59
|
|t:|1757919432
|move|p2a: Slurp|Spite|p1a: Heatran
|-activate|p1a: Heatran|move: Spite|Taunt|4
|move|p1a: Heatran|Taunt|p2a: Slurp
|-start|p2a: Slurp|move: Taunt
|
|upkeep
|turn|60
|
|t:|1757919457
|switch|p2a: Kant|Alomomola, L99, F, shiny|78/100
|switch|p1a: Rillaboom|Rillaboom, M|62/100 tox
|-fieldstart|move: Grassy Terrain|[from] ability: Grassy Surge|[of] p1a: Rillaboom
|
|-heal|p1a: Rillaboom|68/100 tox|[from] Grassy Terrain
|-heal|p2a: Kant|84/100|[from] Grassy Terrain
|-damage|p1a: Rillaboom|62/100 tox|[from] psn
|upkeep
|turn|61
|
|t:|1757919463
|move|p2a: Kant|Protect|p2a: Kant
|-singleturn|p2a: Kant|Protect
|move|p1a: Rillaboom|Knock Off|p2a: Kant
|-activate|p2a: Kant|move: Protect
|
|-heal|p1a: Rillaboom|68/100 tox|[from] Grassy Terrain
|-heal|p2a: Kant|90/100|[from] Grassy Terrain
|-damage|p1a: Rillaboom|56/100 tox|[from] psn
|upkeep
|turn|62
|
|t:|1757919473
|switch|p1a: Tornadus|Tornadus-Therian, M|100/100
|switch|p2a: Slurp|Corviknight, M, shiny|92/100
|-damage|p2a: Slurp|79/100|[from] Stealth Rock
|-ability|p2a: Slurp|Pressure
|
|upkeep
|turn|63
|
|t:|1757919476
|move|p2a: Slurp|Protect|p2a: Slurp
|-singleturn|p2a: Slurp|Protect
|move|p1a: Tornadus|Heat Wave|p2a: Slurp
|-activate|p2a: Slurp|move: Protect
|
|upkeep
|turn|64
|
|t:|1757919488
|switch|p2a: Kant|Alomomola, L99, F, shiny|100/100
|move|p1a: Tornadus|Heat Wave|p2a: Kant
|-resisted|p2a: Kant
|-damage|p2a: Kant|83/100
|
|-heal|p2a: Kant|89/100|[from] Grassy Terrain
|-fieldend|move: Grassy Terrain
|upkeep
|turn|65
|
|t:|1757919494
|switch|p1a: Heatran|Heatran, M, tera:Ghost|65/100
|move|p2a: Kant|Flip Turn|p1a: Heatran
|-crit|p1a: Heatran
|-damage|p1a: Heatran|46/100
|
|t:|1757919498
|switch|p2a: Cancer|Gliscor, F|41/100 tox|[from] Flip Turn
|-damage|p2a: Cancer|29/100 tox|[from] Stealth Rock
|
|-heal|p2a: Cancer|41/100 tox|[from] ability: Poison Heal
|upkeep
|turn|66
|
|t:|1757919507
|switch|p1a: Tornadus|Tornadus-Therian, M|100/100
|move|p2a: Cancer|Toxic|p1a: Tornadus
|-status|p1a: Tornadus|tox
|
|-damage|p1a: Tornadus|94/100 tox|[from] psn
|-heal|p2a: Cancer|54/100 tox|[from] ability: Poison Heal
|upkeep
|turn|67
|
|t:|1757919514
|move|p2a: Cancer|Protect|p2a: Cancer
|-singleturn|p2a: Cancer|Protect
|move|p1a: Tornadus|Heat Wave|p2a: Cancer
|-activate|p2a: Cancer|move: Protect
|
|-damage|p1a: Tornadus|82/100 tox|[from] psn
|-heal|p2a: Cancer|66/100 tox|[from] ability: Poison Heal
|upkeep
|turn|68
|
|t:|1757919532
|switch|p1a: Great Tusk|Great Tusk|12/100
|switch|p2a: Bebou|Clodsire, F|64/100
|
|upkeep
|turn|69
|
|t:|1757919550
|move|p1a: Great Tusk|Headlong Rush|p2a: Bebou
|-supereffective|p2a: Bebou
|-damage|p2a: Bebou|0 fnt
|-unboost|p1a: Great Tusk|def|1
|-unboost|p1a: Great Tusk|spd|1
|faint|p2a: Bebou
|
|upkeep
|
|t:|1757919563
|switch|p2a: Cancer|Gliscor, F|66/100 tox
|-damage|p2a: Cancer|54/100 tox|[from] Stealth Rock
|turn|70
|
|t:|1757919570
|-terastallize|p2a: Cancer|Water
|move|p1a: Great Tusk|Ice Spinner|p2a: Cancer
|-resisted|p2a: Cancer
|-damage|p2a: Cancer|45/100 tox
|move|p2a: Cancer|Toxic|p1a: Great Tusk
|-status|p1a: Great Tusk|tox
|
|-damage|p1a: Great Tusk|6/100 tox|[from] psn
|-heal|p2a: Cancer|58/100 tox|[from] ability: Poison Heal
|upkeep
|turn|71
|
|t:|1757919582
|-end|p1a: Great Tusk|Protosynthesis|[silent]
|switch|p1a: Rillaboom|Rillaboom, M|56/100 tox
|-fieldstart|move: Grassy Terrain|[from] ability: Grassy Surge|[of] p1a: Rillaboom
|move|p2a: Cancer|Protect||[still]
|-fail|p2a: Cancer
|
|-heal|p1a: Rillaboom|62/100 tox|[from] Grassy Terrain
|-heal|p2a: Cancer|64/100 tox|[from] Grassy Terrain
|-damage|p1a: Rillaboom|56/100 tox|[from] psn
|-heal|p2a: Cancer|77/100 tox|[from] ability: Poison Heal
|upkeep
|turn|72
|
|t:|1757919592
|switch|p2a: Slurp|Corviknight, M, shiny|79/100
|-damage|p2a: Slurp|67/100|[from] Stealth Rock
|-ability|p2a: Slurp|Pressure
|move|p1a: Rillaboom|U-turn|p2a: Slurp
|-resisted|p2a: Slurp
|-damage|p2a: Slurp|60/100
|
|t:|1757919597
|switch|p1a: Heatran|Heatran, M, tera:Ghost|46/100|[from] U-turn
|
|-heal|p1a: Heatran|53/100|[from] Grassy Terrain
|upkeep
|turn|73
|
|t:|1757919601
|move|p2a: Slurp|Protect|p2a: Slurp
|-singleturn|p2a: Slurp|Protect
|move|p1a: Heatran|Taunt|p2a: Slurp
|-activate|p2a: Slurp|move: Protect
|
|-heal|p1a: Heatran|59/100|[from] Grassy Terrain
|upkeep
|turn|74
|
|t:|1757919607
|move|p2a: Slurp|Roost|p2a: Slurp
|-heal|p2a: Slurp|100/100
|-singleturn|p2a: Slurp|move: Roost
|move|p1a: Heatran|Taunt|p2a: Slurp
|-start|p2a: Slurp|move: Taunt
|
|-heal|p1a: Heatran|65/100|[from] Grassy Terrain
|upkeep
|turn|75
|
|t:|1757919611
|switch|p2a: Cancer|Gliscor, F, tera:Water|77/100 tox
|-damage|p2a: Cancer|64/100 tox|[from] Stealth Rock
|switch|p1a: Iron Hands|Iron Hands|72/100
|
|-heal|p2a: Cancer|70/100 tox|[from] Grassy Terrain
|-heal|p1a: Iron Hands|78/100|[from] Grassy Terrain
|-heal|p2a: Cancer|83/100 tox|[from] ability: Poison Heal
|-fieldend|move: Grassy Terrain
|upkeep
|turn|76
|
|t:|1757919616
|move|p2a: Cancer|Protect|p2a: Cancer
|-singleturn|p2a: Cancer|Protect
|move|p1a: Iron Hands|Supercell Slam|p2a: Cancer
|-activate|p2a: Cancer|move: Protect
|-damage|p1a: Iron Hands|29/100|[from] supercellslam
|
|-heal|p2a: Cancer|95/100 tox|[from] ability: Poison Heal
|upkeep
|turn|77
|
|t:|1757919623
|move|p2a: Cancer|Spikes|p1a: Iron Hands
|-sidestart|p1: jelynfish|Spikes
|move|p1a: Iron Hands|Supercell Slam|p2a: Cancer
|-supereffective|p2a: Cancer
|-damage|p2a: Cancer|28/100 tox
|
|-heal|p2a: Cancer|41/100 tox|[from] ability: Poison Heal
|upkeep
|turn|78
|
|t:|1757919634
|move|p2a: Cancer|Protect|p2a: Cancer
|-singleturn|p2a: Cancer|Protect
|move|p1a: Iron Hands|Swords Dance|p1a: Iron Hands
|-boost|p1a: Iron Hands|atk|2
|
|-heal|p2a: Cancer|53/100 tox|[from] ability: Poison Heal
|upkeep
|turn|79
|
|t:|1757919643
|switch|p2a: Fat fish|Dondozo, F|100/100
|move|p1a: Iron Hands|Drain Punch|p2a: Fat fish
|-damage|p2a: Fat fish|82/100
|-heal|p1a: Iron Hands|39/100|[from] drain|[of] p2a: Fat fish
|
|upkeep
|turn|80
|
|t:|1757919646
|move|p1a: Iron Hands|Supercell Slam|p2a: Fat fish
|-supereffective|p2a: Fat fish
|-damage|p2a: Fat fish|33/100
|move|p2a: Fat fish|Body Press|p1a: Iron Hands
|-damage|p1a: Iron Hands|18/100
|
|upkeep
|turn|81
|
|t:|1757919655
|switch|p2a: Kant|Alomomola, L99, F, shiny|100/100
|move|p1a: Iron Hands|Supercell Slam|p2a: Kant
|-supereffective|p2a: Kant
|-damage|p2a: Kant|0 fnt
|faint|p2a: Kant
|
|upkeep
|
|t:|1757919658
|switch|p2a: Slurp|Corviknight, M, shiny|100/100
|-damage|p2a: Slurp|88/100|[from] Stealth Rock
|-ability|p2a: Slurp|Pressure
|turn|82
|
|t:|1757919666
|move|p2a: Slurp|Roost|p2a: Slurp
|-heal|p2a: Slurp|100/100
|-singleturn|p2a: Slurp|move: Roost
|move|p1a: Iron Hands|Drain Punch|p2a: Slurp
|-supereffective|p2a: Slurp
|-damage|p2a: Slurp|0 fnt
|-heal|p1a: Iron Hands|62/100|[from] drain|[of] p2a: Slurp
|faint|p2a: Slurp
|
|upkeep
|-message|axoubibou forfeited.
|
|win|jelynfish
|raw|jelynfish's rating: 1379 &rarr; <strong>1397</strong><br />(+18 for winning)
|raw|axoubibou's rating: 1343 &rarr; <strong>1325</strong><br />(-18 for losing)
|l|☆axoubibou
|player|p2|
