|j|☆GooberGoobie
|j|☆Cool Kid JJ
|t:|1757946496
|gametype|singles
|player|p1|GooberGoobie|unknownf|1287
|player|p2|Cool Kid JJ|1|1248
|gen|9
|tier|[Gen 9] OU
|rated|
|rule|HP Percentage Mod: HP is shown in percentages
|rule|Endless Battle Clause: Forcing endless battles is banned
|rule|Species Clause: Limit one of each Pokémon
|rule|OHKO Clause: OHKO moves are banned
|rule|Evasion Items Clause: Evasion items are banned
|rule|Evasion Moves Clause: Evasion moves are banned
|rule|Evasion Abilities Clause: Evasion abilities are banned
|rule|Sleep Moves Clause: Sleep-inducing moves are banned
|clearpoke
|poke|p1|Torkoal, F|
|poke|p1|Walking Wake|
|poke|p1|Iron Moth|
|poke|p1|Slither Wing|
|poke|p1|Zamazenta-*|
|poke|p1|Grafaiai, M|
|poke|p2|Landorus-Therian, M|
|poke|p2|Pecharunt|
|poke|p2|Empoleon, F|
|poke|p2|Iron Valiant|
|poke|p2|Latios, M|
|poke|p2|Samurott-Hisui, M|
|teampreview
|inactive|Battle timer is ON: inactive players will automatically lose when time's up. (requested by GooberGoobie)
|
|t:|1757946524
|teamsize|p1|6
|teamsize|p2|6
|start
|switch|p1a: Slither Wing|Slither Wing|100/100
|switch|p2a: Empoleon|Empoleon, F, shiny|100/100
|turn|1
|
|t:|1757946533
|switch|p2a: Pecharunt|Pecharunt|100/100
|move|p1a: Slither Wing|Close Combat|p2a: Pecharunt
|-immune|p2a: Pecharunt
|
|upkeep
|turn|2
|
|t:|1757946549
|move|p1a: Slither Wing|U-turn|p2a: Pecharunt
|-resisted|p2a: Pecharunt
|-damage|p2a: Pecharunt|95/100
|-damage|p1a: Slither Wing|91/100|[from] item: Life Orb
|
|t:|1757946556
|-end|p1a: Slither Wing|Protosynthesis|[silent]
|switch|p1a: Torkoal|Torkoal, F|100/100|[from] U-turn
|-weather|SunnyDay|[from] ability: Drought|[of] p1a: Torkoal
|move|p2a: Pecharunt|Malignant Chain|p1a: Torkoal
|-crit|p1a: Torkoal
|-damage|p1a: Torkoal|35/100
|
|-weather|SunnyDay|[upkeep]
|-heal|p2a: Pecharunt|100/100|[from] item: Leftovers
|upkeep
|turn|3
|
|t:|1757946562
|move|p2a: Pecharunt|Malignant Chain|p1a: Torkoal
|-damage|p1a: Torkoal|0 fnt
|faint|p1a: Torkoal
|
|-weather|SunnyDay|[upkeep]
|upkeep
|
|t:|1757946565
|switch|p1a: Walking Wake|Walking Wake|100/100
|-activate|p1a: Walking Wake|ability: Protosynthesis
|-start|p1a: Walking Wake|protosynthesisspe
|turn|4
|
|t:|1757946583
|switch|p2a: Samurott|Samurott-Hisui, M, shiny|100/100
|move|p1a: Walking Wake|Hydro Steam|p2a: Samurott
|-resisted|p2a: Samurott
|-damage|p2a: Samurott|40/100
|
|-weather|SunnyDay|[upkeep]
|upkeep
|turn|5
|
|t:|1757946589
|move|p2a: Samurott|Sucker Punch|p1a: Walking Wake
|-damage|p1a: Walking Wake|51/100
|-damage|p2a: Samurott|30/100|[from] item: Life Orb
|move|p1a: Walking Wake|Hydro Steam|p2a: Samurott
|-resisted|p2a: Samurott
|-damage|p2a: Samurott|0 fnt
|faint|p2a: Samurott
|
|-weather|SunnyDay|[upkeep]
|upkeep
|
|t:|1757946597
|switch|p2a: Empoleon|Empoleon, F, shiny|100/100
|turn|6
|
|t:|1757946602
|move|p1a: Walking Wake|Hydro Steam|p2a: Empoleon
|-resisted|p2a: Empoleon
|-damage|p2a: Empoleon|68/100
|move|p2a: Empoleon|Flash Cannon|p1a: Walking Wake
|-resisted|p1a: Walking Wake
|-damage|p1a: Walking Wake|35/100
|
|-weather|SunnyDay|[upkeep]
|-heal|p2a: Empoleon|74/100|[from] item: Leftovers
|upkeep
|turn|7
|
|t:|1757946612
|move|p1a: Walking Wake|Hydro Steam|p2a: Empoleon
|-resisted|p2a: Empoleon
|-damage|p2a: Empoleon|45/100
|move|p2a: Empoleon|Roost|p2a: Empoleon
|-heal|p2a: Empoleon|95/100
|-singleturn|p2a: Empoleon|move: Roost
|
|-weather|SunnyDay|[upkeep]
|-heal|p2a: Empoleon|100/100|[from] item: Leftovers
|upkeep
|turn|8
|
|t:|1757946620
|-end|p1a: Walking Wake|Protosynthesis|[silent]
|switch|p1a: Slither Wing|Slither Wing|91/100
|-activate|p1a: Slither Wing|ability: Protosynthesis
|-start|p1a: Slither Wing|protosynthesisatk
|move|p2a: Empoleon|Stealth Rock|p1a: Slither Wing
|-sidestart|p1: GooberGoobie|move: Stealth Rock
|
|-weather|SunnyDay|[upkeep]
|upkeep
|turn|9
|
|t:|1757946627
|switch|p2a: Pecharunt|Pecharunt|100/100
|move|p1a: Slither Wing|Close Combat|p2a: Pecharunt
|-immune|p2a: Pecharunt
|
|-weather|none
|-end|p1a: Slither Wing|Protosynthesis
|upkeep
|turn|10
|
|t:|1757946634
|move|p1a: Slither Wing|U-turn|p2a: Pecharunt
|-resisted|p2a: Pecharunt
|-damage|p2a: Pecharunt|95/100
|-damage|p1a: Slither Wing|81/100|[from] item: Life Orb
|
|t:|1757946648
|-end|p1a: Slither Wing|Protosynthesis|[silent]
|switch|p1a: Walking Wake|Walking Wake|35/100|[from] U-turn
|-damage|p1a: Walking Wake|23/100|[from] Stealth Rock
|move|p2a: Pecharunt|Malignant Chain|p1a: Walking Wake
|-damage|p1a: Walking Wake|0 fnt
|faint|p1a: Walking Wake
|-end|p1a: Walking Wake|Protosynthesis|[silent]
|
|-heal|p2a: Pecharunt|100/100|[from] item: Leftovers
|upkeep
|
|t:|1757946652
|switch|p1a: Iron Moth|Iron Moth|100/100
|-damage|p1a: Iron Moth|76/100|[from] Stealth Rock
|-enditem|p1a: Iron Moth|Booster Energy
|-activate|p1a: Iron Moth|ability: Quark Drive|[fromitem]
|-start|p1a: Iron Moth|quarkdrivespa
|turn|11
|
|t:|1757946667
|switch|p2a: Empoleon|Empoleon, F, shiny|100/100
|move|p1a: Iron Moth|Overheat|p2a: Empoleon
|-damage|p2a: Empoleon|37/100
|-unboost|p1a: Iron Moth|spa|2
|
|-heal|p2a: Empoleon|44/100|[from] item: Leftovers
|upkeep
|turn|12
|
|t:|1757946684
|-end|p1a: Iron Moth|Quark Drive|[silent]
|switch|p1a: Slither Wing|Slither Wing|81/100
|-damage|p1a: Slither Wing|68/100|[from] Stealth Rock
|move|p2a: Empoleon|Roost|p2a: Empoleon
|-heal|p2a: Empoleon|94/100
|-singleturn|p2a: Empoleon|move: Roost
|
|-heal|p2a: Empoleon|99/100|[from] item: Leftovers
|upkeep
|turn|13
|
|t:|1757946695
|switch|p2a: Pecharunt|Pecharunt|100/100
|move|p1a: Slither Wing|First Impression|p2a: Pecharunt
|-resisted|p2a: Pecharunt
|-damage|p2a: Pecharunt|93/100
|-damage|p1a: Slither Wing|58/100|[from] item: Life Orb
|
|-heal|p2a: Pecharunt|99/100|[from] item: Leftovers
|upkeep
|turn|14
|
|t:|1757946702
|move|p1a: Slither Wing|Flare Blitz|p2a: Pecharunt
|-damage|p2a: Pecharunt|75/100
|-damage|p1a: Slither Wing|48/100|[from] Recoil
|-damage|p1a: Slither Wing|38/100|[from] item: Life Orb
|move|p2a: Pecharunt|Malignant Chain|p1a: Slither Wing
|-damage|p1a: Slither Wing|4/100
|-status|p1a: Slither Wing|tox
|-start|p1a: Slither Wing|confusion|[from] ability: Poison Puppeteer|[of] p2a: Pecharunt
|
|-heal|p2a: Pecharunt|81/100|[from] item: Leftovers
|-damage|p1a: Slither Wing|0 fnt|[from] psn
|faint|p1a: Slither Wing
|-end|p1a: Slither Wing|Protosynthesis|[silent]
|upkeep
|
|t:|1757946713
|switch|p1a: Grafaiai|Grafaiai, M|100/100
|-damage|p1a: Grafaiai|88/100|[from] Stealth Rock
|turn|15
|
|t:|1757946725
|switch|p2a: Empoleon|Empoleon, F, shiny|99/100
|move|p1a: Grafaiai|Dig||[still]
|-prepare|p1a: Grafaiai|Dig
|
|-heal|p1a: Grafaiai|94/100|[from] item: Leftovers
|-heal|p2a: Empoleon|100/100|[from] item: Leftovers
|upkeep
|turn|16
|
|t:|1757946733
|switch|p2a: Latios|Latios, M, shiny|100/100
|move|p1a: Grafaiai|Dig|p2a: Latios|[from] lockedmove
|-immune|p2a: Latios|[from] ability: Levitate
|
|-heal|p1a: Grafaiai|99/100|[from] item: Leftovers
|upkeep
|turn|17
|
|t:|1757946744
|move|p1a: Grafaiai|Toxic|p2a: Latios
|-status|p2a: Latios|tox
|move|p2a: Latios|Luster Purge|p1a: Grafaiai
|-supereffective|p1a: Grafaiai
|-damage|p1a: Grafaiai|0 fnt
|faint|p1a: Grafaiai
|
|-damage|p2a: Latios|95/100 tox|[from] psn
|upkeep
|-message|GooberGoobie forfeited.
|
|win|Cool Kid JJ
|raw|GooberGoobie's rating: 1287 &rarr; <strong>1259</strong><br />(-28 for losing)
|raw|Cool Kid JJ's rating: 1248 &rarr; <strong>1276</strong><br />(+28 for winning)
|l|☆GooberGoobie
|player|p1|
