|j|☆lzc123456
|j|☆Versalius
|t:|1757847218
|gametype|singles
|player|p1|lzc123456|cynthia-gen4|1617
|player|p2|Versalius|265|1627
|gen|9
|tier|[Gen 9] OU
|rated|
|rule|HP Percentage Mod: HP is shown in percentages
|rule|Endless Battle Clause: Forcing endless battles is banned
|rule|Species Clause: Limit one of each Pokémon
|rule|OHKO Clause: OHKO moves are banned
|rule|Evasion Items Clause: Evasion items are banned
|rule|Evasion Moves Clause: Evasion moves are banned
|rule|Evasion Abilities Clause: Evasion abilities are banned
|rule|Sleep Moves Clause: Sleep-inducing moves are banned
|clearpoke
|poke|p1|Dragapult, M|
|poke|p1|Ting-Lu|
|poke|p1|Glimmora, F|
|poke|p1|Ogerpon-Wellspring, F|
|poke|p1|Arcanine-Hisui, M|
|poke|p1|Corviknight, M|
|poke|p2|Ting-Lu|
|poke|p2|Dragapult, F|
|poke|p2|Cinderace, M|
|poke|p2|Meowscarada, F|
|poke|p2|Corviknight, F|
|poke|p2|Raging Bolt|
|teampreview
|inactive|Battle timer is ON: inactive players will automatically lose when time's up. (requested by Versalius)
|
|t:|1757847230
|teamsize|p1|6
|teamsize|p2|6
|start
|switch|p1a: Glimmora|Glimmora, F|100/100
|switch|p2a: Ting-Lu|Ting-Lu|100/100
|-ability|p2a: Ting-Lu|Vessel of Ruin
|turn|1
|
|t:|1757847244
|switch|p1a: Ogerpon|Ogerpon-Wellspring, F|100/100
|move|p2a: Ting-Lu|Earthquake|p1a: Ogerpon
|-resisted|p1a: Ogerpon
|-damage|p1a: Ogerpon|75/100
|
|upkeep
|turn|2
|j| heatraniac
|
|t:|1757847250
|switch|p2a: Corviknight|Corviknight, F|100/100
|-ability|p2a: Corviknight|Pressure
|move|p1a: Ogerpon|Knock Off|p2a: Corviknight
|-damage|p2a: Corviknight|78/100
|-damage|p1a: Ogerpon|58/100|[from] item: Rocky Helmet|[of] p2a: Corviknight
|-enditem|p2a: Corviknight|Rocky Helmet|[from] move: Knock Off|[of] p1a: Ogerpon
|
|upkeep
|turn|3
|l| heatraniac
|
|t:|1757847256
|switch|p2a: Ting-Lu|Ting-Lu|100/100
|-ability|p2a: Ting-Lu|Vessel of Ruin
|move|p1a: Ogerpon|U-turn|p2a: Ting-Lu
|-supereffective|p2a: Ting-Lu
|-damage|p2a: Ting-Lu|69/100
|
|t:|1757847268
|switch|p1a: Dragapult|Dragapult, M, shiny|100/100|[from] U-turn
|
|-heal|p2a: Ting-Lu|75/100|[from] item: Leftovers
|upkeep
|turn|4
|
|t:|1757847273
|move|p1a: Dragapult|U-turn|p2a: Ting-Lu
|-supereffective|p2a: Ting-Lu
|-crit|p2a: Ting-Lu
|-damage|p2a: Ting-Lu|40/100
|
|t:|1757847276
|switch|p1a: Ogerpon|Ogerpon-Wellspring, F|58/100|[from] U-turn
|move|p2a: Ting-Lu|Stealth Rock|p1a: Ogerpon
|-sidestart|p1: lzc123456|move: Stealth Rock
|
|-heal|p2a: Ting-Lu|46/100|[from] item: Leftovers
|upkeep
|turn|5
|
|t:|1757847279
|switch|p2a: Corviknight|Corviknight, F|78/100
|-ability|p2a: Corviknight|Pressure
|move|p1a: Ogerpon|Ivy Cudgel|p2a: Corviknight|[anim] Ivy Cudgel Water
|-damage|p2a: Corviknight|44/100
|
|upkeep
|turn|6
|
|t:|1757847286
|move|p1a: Ogerpon|Taunt|p2a: Corviknight
|-start|p2a: Corviknight|move: Taunt
|cant|p2a: Corviknight|move: Taunt|Roost
|
|upkeep
|turn|7
|
|t:|1757847292
|move|p1a: Ogerpon|Ivy Cudgel|p2a: Corviknight|[anim] Ivy Cudgel Water
|-damage|p2a: Corviknight|12/100
|move|p2a: Corviknight|U-turn|p1a: Ogerpon
|-supereffective|p1a: Ogerpon
|-damage|p1a: Ogerpon|21/100
|
|t:|1757847307
|switch|p2a: Dragapult|Dragapult, F|100/100|[from] U-turn
|
|upkeep
|turn|8
|
|t:|1757847313
|switch|p1a: Ting-Lu|Ting-Lu|100/100
|-damage|p1a: Ting-Lu|94/100|[from] Stealth Rock
|-ability|p1a: Ting-Lu|Vessel of Ruin
|move|p2a: Dragapult|U-turn|p1a: Ting-Lu
|-supereffective|p1a: Ting-Lu
|-damage|p1a: Ting-Lu|75/100
|
|t:|1757847323
|switch|p2a: Meowscarada|Meowscarada, F|100/100|[from] U-turn
|
|-heal|p1a: Ting-Lu|81/100|[from] item: Leftovers
|upkeep
|turn|9
|
|t:|1757847326
|move|p2a: Meowscarada|Knock Off|p1a: Ting-Lu
|-start|p2a: Meowscarada|typechange|Dark|[from] ability: Protean
|-resisted|p1a: Ting-Lu
|-damage|p1a: Ting-Lu|69/100
|-enditem|p1a: Ting-Lu|Leftovers|[from] move: Knock Off|[of] p2a: Meowscarada
|move|p1a: Ting-Lu|Stealth Rock|p2a: Meowscarada
|-sidestart|p2: Versalius|move: Stealth Rock
|
|upkeep
|turn|10
|
|t:|1757847343
|switch|p2a: Cinderace|Cinderace, M|100/100
|move|p1a: Ting-Lu|Whirlwind|p2a: Cinderace
|drag|p2a: Raging Bolt|Raging Bolt|100/100
|-damage|p2a: Raging Bolt|88/100|[from] Stealth Rock
|-enditem|p2a: Raging Bolt|Booster Energy
|-activate|p2a: Raging Bolt|ability: Protosynthesis|[fromitem]
|-start|p2a: Raging Bolt|protosynthesisspa
|
|upkeep
|turn|11
|
|t:|1757847350
|move|p2a: Raging Bolt|Dragon Pulse|p1a: Ting-Lu
|-damage|p1a: Ting-Lu|43/100
|move|p1a: Ting-Lu|Earthquake|p2a: Raging Bolt
|-supereffective|p2a: Raging Bolt
|-damage|p2a: Raging Bolt|28/100
|
|upkeep
|turn|12
|
|t:|1757847356
|-end|p2a: Raging Bolt|Protosynthesis|[silent]
|switch|p2a: Corviknight|Corviknight, F|12/100
|-damage|p2a: Corviknight|0 fnt|[from] Stealth Rock
|faint|p2a: Corviknight
|move|p1a: Ting-Lu|Whirlwind|p2: Corviknight|[notarget]
|-fail|p1a: Ting-Lu
|
|upkeep
|
|t:|1757847358
|switch|p2a: Cinderace|Cinderace, M|100/100
|turn|13
|
|t:|1757847362
|move|p2a: Cinderace|High Jump Kick|p1a: Ting-Lu
|-start|p2a: Cinderace|typechange|Fighting|[from] ability: Libero
|-supereffective|p1a: Ting-Lu
|-damage|p1a: Ting-Lu|0 fnt
|faint|p1a: Ting-Lu
|
|upkeep
|
|t:|1757847366
|switch|p1a: Dragapult|Dragapult, M, shiny|100/100
|turn|14
|
|t:|1757847379
|switch|p2a: Ting-Lu|Ting-Lu|46/100
|-damage|p2a: Ting-Lu|40/100|[from] Stealth Rock
|-ability|p2a: Ting-Lu|Vessel of Ruin
|move|p1a: Dragapult|Will-O-Wisp|p2a: Ting-Lu
|-status|p2a: Ting-Lu|brn
|
|-heal|p2a: Ting-Lu|46/100 brn|[from] item: Leftovers
|-damage|p2a: Ting-Lu|40/100 brn|[from] brn
|upkeep
|turn|15
|
|t:|1757847388
|move|p1a: Dragapult|U-turn|p2a: Ting-Lu
|-supereffective|p2a: Ting-Lu
|-damage|p2a: Ting-Lu|17/100 brn
|
|t:|1757847390
|switch|p1a: Glimmora|Glimmora, F|100/100|[from] U-turn
|-damage|p1a: Glimmora|88/100|[from] Stealth Rock
|move|p2a: Ting-Lu|Whirlwind|p1a: Glimmora
|drag|p1a: Arcanine|Arcanine-Hisui, M, shiny|100/100
|
|-heal|p2a: Ting-Lu|23/100 brn|[from] item: Leftovers
|-damage|p2a: Ting-Lu|17/100 brn|[from] brn
|upkeep
|turn|16
|
|t:|1757847398
|move|p1a: Arcanine|Flare Blitz|p2a: Ting-Lu
|-damage|p2a: Ting-Lu|0 fnt
|faint|p2a: Ting-Lu
|
|upkeep
|
|t:|1757847408
|switch|p2a: Dragapult|Dragapult, F|100/100
|-damage|p2a: Dragapult|88/100|[from] Stealth Rock
|turn|17
|
|t:|1757847412
|switch|p1a: Corviknight|Corviknight, M|100/100
|-damage|p1a: Corviknight|88/100|[from] Stealth Rock
|-ability|p1a: Corviknight|Pressure
|move|p2a: Dragapult|Draco Meteor|p1a: Corviknight
|-resisted|p1a: Corviknight
|-crit|p1a: Corviknight
|-damage|p1a: Corviknight|17/100
|-unboost|p2a: Dragapult|spa|2
|
|upkeep
|turn|18
|inactive|lzc123456 has 120 seconds left.
|
|t:|1757847444
|move|p2a: Dragapult|Draco Meteor|p1a: Corviknight
|-resisted|p1a: Corviknight
|-damage|p1a: Corviknight|0 fnt
|-unboost|p2a: Dragapult|spa|2
|faint|p1a: Corviknight
|
|upkeep
|
|t:|1757847447
|switch|p1a: Dragapult|Dragapult, M, shiny|100/100
|turn|19
|
|t:|1757847458
|switch|p2a: Cinderace|Cinderace, M|100/100
|-terastallize|p1a: Dragapult|Fairy
|move|p1a: Dragapult|Dragon Darts|p2a: Cinderace
|-damage|p2a: Cinderace|71/100
|-anim|p1a: Dragapult|Dragon Darts|p2a: Cinderace
|-damage|p2a: Cinderace|42/100
|
|upkeep
|turn|20
|j| Pokeniceguy
|
|t:|1757847469
|move|p1a: Dragapult|Dragon Darts|p2a: Cinderace
|-damage|p2a: Cinderace|11/100
|-anim|p1a: Dragapult|Dragon Darts|p2a: Cinderace
|-damage|p2a: Cinderace|0 fnt
|faint|p2a: Cinderace
|
|upkeep
|
|t:|1757847475
|switch|p2a: Meowscarada|Meowscarada, F|100/100
|-damage|p2a: Meowscarada|88/100|[from] Stealth Rock
|turn|21
|
|t:|1757847479
|move|p2a: Meowscarada|Triple Axel|p1a: Dragapult
|-start|p2a: Meowscarada|typechange|Ice|[from] ability: Protean
|-damage|p1a: Dragapult|87/100
|-damage|p1a: Dragapult|61/100
|-hitcount|p1a: Dragapult|2
|move|p1a: Dragapult|U-turn|p2a: Meowscarada
|-damage|p2a: Meowscarada|56/100
|
|t:|1757847483
|switch|p1a: Glimmora|Glimmora, F|88/100|[from] U-turn
|-damage|p1a: Glimmora|76/100|[from] Stealth Rock
|
|upkeep
|turn|22
|
|t:|1757847503
|switch|p2a: Dragapult|Dragapult, F|88/100
|-damage|p2a: Dragapult|76/100|[from] Stealth Rock
|move|p1a: Glimmora|Power Gem|p2a: Dragapult
|-damage|p2a: Dragapult|21/100
|
|upkeep
|turn|23
|
|t:|1757847516
|move|p1a: Glimmora|Power Gem|p2a: Dragapult
|-damage|p2a: Dragapult|0 fnt
|faint|p2a: Dragapult
|
|upkeep
|-message|Versalius forfeited.
|
|win|lzc123456
|raw|lzc123456's rating: 1617 &rarr; <strong>1638</strong><br />(+21 for winning)
|raw|Versalius's rating: 1627 &rarr; <strong>1606</strong><br />(-21 for losing)
|l|☆Versalius
|player|p2|
|l|☆lzc123456
|player|p1|
|l| Pokeniceguy
