|j|☆Syrique
|j|☆aexilyth
|t:|1757867138
|gametype|singles
|player|p1|Syrique|musician|1075
|player|p2|aexilyth|265|1083
|gen|9
|tier|[Gen 9] OU
|rated|
|rule|HP Percentage Mod: HP is shown in percentages
|rule|Endless Battle Clause: Forcing endless battles is banned
|rule|Species Clause: Limit one of each Pokémon
|rule|OHKO Clause: OHKO moves are banned
|rule|Evasion Items Clause: Evasion items are banned
|rule|Evasion Moves Clause: Evasion moves are banned
|rule|Evasion Abilities Clause: Evasion abilities are banned
|rule|Sleep Moves Clause: Sleep-inducing moves are banned
|clearpoke
|poke|p1|Lurantis, F|
|poke|p1|Exeggutor-Alola, F|
|poke|p1|Rillaboom, M|
|poke|p1|Meowscarada, F|
|poke|p1|Tsareena, F|
|poke|p1|Breloom, M|
|poke|p2|Dragonite, F|
|poke|p2|Toxapex, M|
|poke|p2|Excadrill, F|
|poke|p2|Gliscor, F|
|poke|p2|Hippowdon, M|
|poke|p2|Heatran, M|
|teampreview
|inactive|Battle timer is ON: inactive players will automatically lose when time's up. (requested by Syrique)
|inactive|aexilyth also wants the timer to be on.
|
|t:|1757867156
|teamsize|p1|6
|teamsize|p2|6
|start
|switch|p1a: Lurantis|Lurantis, F, shiny|100/100
|switch|p2a: Hippowdon|Hippowdon, M|100/100
|-weather|Sandstorm|[from] ability: Sand Stream|[of] p2a: Hippowdon
|turn|1
|
|t:|1757867159
|move|p2a: Hippowdon|Stealth Rock|p1a: Lurantis
|-sidestart|p1: Syrique|move: Stealth Rock
|move|p1a: Lurantis|Superpower|p2a: Hippowdon
|-damage|p2a: Hippowdon|84/100
|-boost|p1a: Lurantis|atk|1
|-boost|p1a: Lurantis|def|1
|-damage|p1a: Lurantis|84/100|[from] item: Rocky Helmet|[of] p2a: Hippowdon
|
|-weather|Sandstorm|[upkeep]
|-damage|p1a: Lurantis|78/100|[from] Sandstorm
|upkeep
|turn|2
|
|t:|1757867169
|-terastallize|p2a: Hippowdon|Ghost
|move|p1a: Lurantis|Leaf Blade|p2a: Hippowdon
|-crit|p2a: Hippowdon
|-damage|p2a: Hippowdon|44/100
|-damage|p1a: Lurantis|61/100|[from] item: Rocky Helmet|[of] p2a: Hippowdon
|move|p2a: Hippowdon|Whirlwind|p1a: Lurantis
|drag|p1a: Breloom|Breloom, M, shiny|100/100
|-damage|p1a: Breloom|94/100|[from] Stealth Rock
|
|-weather|Sandstorm|[upkeep]
|-damage|p1a: Breloom|88/100|[from] Sandstorm
|-damage|p2a: Hippowdon|38/100|[from] Sandstorm
|upkeep
|turn|3
|
|t:|1757867180
|switch|p2a: Toxapex|Toxapex, M|100/100
|move|p1a: Breloom|Bullet Seed|p2a: Toxapex
|-crit|p2a: Toxapex
|-damage|p2a: Toxapex|76/100
|-damage|p2a: Toxapex|60/100
|-damage|p2a: Toxapex|42/100
|-damage|p2a: Toxapex|24/100
|-damage|p2a: Toxapex|6/100
|-hitcount|p2a: Toxapex|5
|
|-weather|Sandstorm|[upkeep]
|-damage|p1a: Breloom|82/100|[from] Sandstorm
|-damage|p2a: Toxapex|0 fnt|[from] Sandstorm
|faint|p2a: Toxapex
|upkeep
|
|t:|1757867191
|switch|p2a: Gliscor|Gliscor, F|100/100
|turn|4
|
|t:|1757867200
|move|p2a: Gliscor|Protect|p2a: Gliscor
|-singleturn|p2a: Gliscor|Protect
|move|p1a: Breloom|Swords Dance|p1a: Breloom
|-boost|p1a: Breloom|atk|2
|
|-weather|Sandstorm|[upkeep]
|-damage|p1a: Breloom|76/100|[from] Sandstorm
|-status|p2a: Gliscor|tox|[from] item: Toxic Orb
|upkeep
|turn|5
|
|t:|1757867206
|move|p2a: Gliscor|Substitute|p2a: Gliscor
|-start|p2a: Gliscor|Substitute
|-damage|p2a: Gliscor|75/100 tox
|move|p1a: Breloom|Bullet Seed|p2a: Gliscor
|-end|p2a: Gliscor|Substitute
|-damage|p2a: Gliscor|50/100 tox
|-damage|p2a: Gliscor|25/100 tox
|-damage|p2a: Gliscor|0 fnt
|faint|p2a: Gliscor
|-hitcount|p2: Gliscor|4
|
|-weather|none
|upkeep
|
|t:|1757867212
|switch|p2a: Dragonite|Dragonite, F|100/100
|turn|6
|
|t:|1757867220
|move|p1a: Breloom|Mach Punch|p2a: Dragonite
|-resisted|p2a: Dragonite
|-damage|p2a: Dragonite|82/100
|move|p2a: Dragonite|Ice Spinner|p1a: Breloom
|-supereffective|p1a: Breloom
|-damage|p1a: Breloom|0 fnt
|faint|p1a: Breloom
|
|upkeep
|
|t:|1757867227
|switch|p1a: Meowscarada|Meowscarada, F, shiny|100/100
|-damage|p1a: Meowscarada|88/100|[from] Stealth Rock
|turn|7
|
|t:|1757867233
|move|p1a: Meowscarada|Triple Axel|p2a: Dragonite
|-start|p1a: Meowscarada|typechange|Ice|[from] ability: Protean
|-supereffective|p2a: Dragonite
|-damage|p2a: Dragonite|29/100
|-supereffective|p2a: Dragonite
|-damage|p2a: Dragonite|0 fnt
|faint|p2a: Dragonite
|-hitcount|p2: Dragonite|2
|-damage|p1a: Meowscarada|78/100|[from] item: Life Orb
|
|upkeep
|
|t:|1757867242
|switch|p2a: Hippowdon|Hippowdon, M, tera:Ghost|38/100
|-weather|Sandstorm|[from] ability: Sand Stream|[of] p2a: Hippowdon
|turn|8
|
|t:|1757867249
|move|p1a: Meowscarada|Knock Off|p2a: Hippowdon
|-supereffective|p2a: Hippowdon
|-damage|p2a: Hippowdon|0 fnt
|-damage|p1a: Meowscarada|62/100|[from] item: Rocky Helmet|[of] p2a: Hippowdon
|-enditem|p2a: Hippowdon|Rocky Helmet|[from] move: Knock Off|[of] p1a: Meowscarada
|faint|p2a: Hippowdon
|-damage|p1a: Meowscarada|52/100|[from] item: Life Orb
|
|-weather|Sandstorm|[upkeep]
|-damage|p1a: Meowscarada|46/100|[from] Sandstorm
|upkeep
|
|t:|1757867253
|switch|p2a: Excadrill|Excadrill, F|100/100
|-item|p2a: Excadrill|Air Balloon
|turn|9
|
|t:|1757867260
|move|p2a: Excadrill|Iron Head|p1a: Meowscarada
|-supereffective|p1a: Meowscarada
|-damage|p1a: Meowscarada|0 fnt
|faint|p1a: Meowscarada
|
|-weather|Sandstorm|[upkeep]
|upkeep
|
|t:|1757867273
|switch|p1a: Tsareena|Tsareena, F, shiny|100/100
|-damage|p1a: Tsareena|88/100|[from] Stealth Rock
|turn|10
|
|t:|1757867277
|move|p2a: Excadrill|Iron Head|p1a: Tsareena
|-damage|p1a: Tsareena|55/100
|cant|p1a: Tsareena|flinch
|
|-weather|Sandstorm|[upkeep]
|-damage|p1a: Tsareena|48/100|[from] Sandstorm
|upkeep
|turn|11
|
|t:|1757867281
|move|p2a: Excadrill|Iron Head|p1a: Tsareena
|-damage|p1a: Tsareena|15/100
|move|p1a: Tsareena|Rapid Spin|p2a: Excadrill
|-resisted|p2a: Excadrill
|-damage|p2a: Excadrill|91/100
|-boost|p1a: Tsareena|spe|1
|-enditem|p2a: Excadrill|Air Balloon
|-sideend|p1: Syrique|Stealth Rock|[from] move: Rapid Spin|[of] p1a: Tsareena
|
|-weather|Sandstorm|[upkeep]
|-damage|p1a: Tsareena|9/100|[from] Sandstorm
|upkeep
|turn|12
|
|t:|1757867291
|move|p2a: Excadrill|Iron Head|p1a: Tsareena
|-crit|p1a: Tsareena
|-damage|p1a: Tsareena|0 fnt
|faint|p1a: Tsareena
|
|-weather|none
|upkeep
|
|t:|1757867297
|switch|p1a: Lurantis|Lurantis, F, shiny|61/100
|turn|13
|
|t:|1757867299
|move|p2a: Excadrill|Rapid Spin|p1a: Lurantis
|-damage|p1a: Lurantis|39/100
|-boost|p2a: Excadrill|spe|1
|move|p1a: Lurantis|Superpower|p2a: Excadrill
|-supereffective|p2a: Excadrill
|-damage|p2a: Excadrill|16/100
|-boost|p1a: Lurantis|atk|1
|-boost|p1a: Lurantis|def|1
|
|upkeep
|turn|14
|
|t:|1757867303
|move|p2a: Excadrill|Iron Head|p1a: Lurantis
|-crit|p1a: Lurantis
|-damage|p1a: Lurantis|0 fnt
|faint|p1a: Lurantis
|
|upkeep
|
|t:|1757867306
|switch|p1a: Rillaboom|Rillaboom, M|100/100
|-fieldstart|move: Grassy Terrain|[from] ability: Grassy Surge|[of] p1a: Rillaboom
|turn|15
|
|t:|1757867310
|move|p1a: Rillaboom|Grassy Glide|p2a: Excadrill
|-damage|p2a: Excadrill|0 fnt
|faint|p2a: Excadrill
|
|upkeep
|
|t:|1757867312
|switch|p2a: Heatran|Heatran, M|100/100
|turn|16
|
|t:|1757867315
|move|p1a: Rillaboom|Grassy Glide|p2a: Heatran
|-resisted|p2a: Heatran
|-damage|p2a: Heatran|90/100
|move|p2a: Heatran|Magma Storm|p1a: Rillaboom
|-supereffective|p1a: Rillaboom
|-damage|p1a: Rillaboom|0 fnt
|faint|p1a: Rillaboom
|
|-heal|p2a: Heatran|96/100|[from] Grassy Terrain
|-heal|p2a: Heatran|100/100|[from] item: Leftovers
|upkeep
|
|t:|1757867318
|switch|p1a: Exeggutor|Exeggutor-Alola, F, shiny|100/100
|turn|17
|
|t:|1757867326
|move|p2a: Heatran|Magma Storm|p1a: Exeggutor|[miss]
|-miss|p2a: Heatran|p1a: Exeggutor
|move|p1a: Exeggutor|Calm Mind|p1a: Exeggutor
|-boost|p1a: Exeggutor|spa|1
|-boost|p1a: Exeggutor|spd|1
|
|upkeep
|turn|18
|
|t:|1757867336
|move|p2a: Heatran|Magma Storm|p1a: Exeggutor
|-damage|p1a: Exeggutor|71/100
|-activate|p1a: Exeggutor|move: Magma Storm|[of] p2a: Heatran
|move|p1a: Exeggutor|Calm Mind|p1a: Exeggutor
|-boost|p1a: Exeggutor|spa|1
|-boost|p1a: Exeggutor|spd|1
|
|-heal|p1a: Exeggutor|77/100|[from] Grassy Terrain
|-damage|p1a: Exeggutor|65/100|[from] move: Magma Storm|[partiallytrapped]
|upkeep
|turn|19
|
|t:|1757867351
|move|p2a: Heatran|Taunt|p1a: Exeggutor
|-start|p1a: Exeggutor|move: Taunt
|move|p1a: Exeggutor|Giga Drain|p2a: Heatran
|-resisted|p2a: Heatran
|-damage|p2a: Heatran|87/100
|-heal|p1a: Exeggutor|72/100|[from] drain|[of] p2a: Heatran
|
|-heal|p2a: Heatran|93/100|[from] Grassy Terrain
|-heal|p2a: Heatran|99/100|[from] item: Leftovers
|-heal|p1a: Exeggutor|78/100|[from] Grassy Terrain
|-damage|p1a: Exeggutor|65/100|[from] move: Magma Storm|[partiallytrapped]
|-fieldend|move: Grassy Terrain
|upkeep
|turn|20
|
|t:|1757867367
|move|p2a: Heatran|Earth Power|p1a: Exeggutor
|-resisted|p1a: Exeggutor
|-damage|p1a: Exeggutor|58/100
|move|p1a: Exeggutor|Dragon Pulse|p2a: Heatran
|-resisted|p2a: Heatran
|-damage|p2a: Heatran|75/100
|
|-heal|p2a: Heatran|82/100|[from] item: Leftovers
|-damage|p1a: Exeggutor|46/100|[from] move: Magma Storm|[partiallytrapped]
|upkeep
|-enditem|p1a: Exeggutor|Sitrus Berry|[eat]
|-heal|p1a: Exeggutor|71/100|[from] item: Sitrus Berry
|turn|21
|
|t:|1757867384
|move|p2a: Heatran|Earth Power|p1a: Exeggutor
|-resisted|p1a: Exeggutor
|-crit|p1a: Exeggutor
|-damage|p1a: Exeggutor|50/100
|move|p1a: Exeggutor|Dragon Pulse|p2a: Heatran
|-resisted|p2a: Heatran
|-damage|p2a: Heatran|60/100
|
|-heal|p2a: Heatran|66/100|[from] item: Leftovers
|-damage|p1a: Exeggutor|38/100|[from] move: Magma Storm|[partiallytrapped]
|-end|p1a: Exeggutor|move: Taunt
|upkeep
|turn|22
|
|t:|1757867392
|move|p2a: Heatran|Taunt|p1a: Exeggutor
|-start|p1a: Exeggutor|move: Taunt
|move|p1a: Exeggutor|Dragon Pulse|p2a: Heatran
|-resisted|p2a: Heatran
|-damage|p2a: Heatran|45/100
|
|-heal|p2a: Heatran|51/100|[from] item: Leftovers
|-damage|p1a: Exeggutor|25/100|[from] move: Magma Storm|[partiallytrapped]
|-item|p1a: Exeggutor|Sitrus Berry|[from] ability: Harvest
|upkeep
|-enditem|p1a: Exeggutor|Sitrus Berry|[eat]
|-heal|p1a: Exeggutor|50/100|[from] item: Sitrus Berry
|turn|23
|
|t:|1757867404
|move|p2a: Heatran|Earth Power|p1a: Exeggutor
|-resisted|p1a: Exeggutor
|-damage|p1a: Exeggutor|43/100
|move|p1a: Exeggutor|Dragon Pulse|p2a: Heatran
|-resisted|p2a: Heatran
|-damage|p2a: Heatran|28/100
|
|-heal|p2a: Heatran|34/100|[from] item: Leftovers
|-end|p1a: Exeggutor|Magma Storm|[partiallytrapped]
|upkeep
|turn|24
|
|t:|1757867412
|move|p2a: Heatran|Magma Storm|p1a: Exeggutor
|-damage|p1a: Exeggutor|21/100
|-activate|p1a: Exeggutor|move: Magma Storm|[of] p2a: Heatran
|move|p1a: Exeggutor|Dragon Pulse|p2a: Heatran
|-resisted|p2a: Heatran
|-damage|p2a: Heatran|14/100
|
|-heal|p2a: Heatran|20/100|[from] item: Leftovers
|-damage|p1a: Exeggutor|9/100|[from] move: Magma Storm|[partiallytrapped]
|-end|p1a: Exeggutor|move: Taunt
|-item|p1a: Exeggutor|Sitrus Berry|[from] ability: Harvest
|upkeep
|-enditem|p1a: Exeggutor|Sitrus Berry|[eat]
|-heal|p1a: Exeggutor|34/100|[from] item: Sitrus Berry
|turn|25
|
|t:|1757867417
|move|p2a: Heatran|Magma Storm|p1a: Exeggutor
|-damage|p1a: Exeggutor|9/100
|move|p1a: Exeggutor|Dragon Pulse|p2a: Heatran
|-resisted|p2a: Heatran
|-damage|p2a: Heatran|0 fnt
|faint|p2a: Heatran
|
|win|Syrique
|raw|Syrique's rating: 1075 &rarr; <strong>1104</strong><br />(+29 for winning)
|raw|aexilyth's rating: 1083 &rarr; <strong>1060</strong><br />(-23 for losing)
|l|☆aexilyth
|player|p2|
|l|☆Syrique
|player|p1|
