|j|☆SapphireRedux
|j|☆guoqiushi
|t:|1757819367
|gametype|singles
|player|p1|SapphireRedux|lacey|1546
|player|p2|guoqiushi|n|1515
|gen|9
|tier|[Gen 9] OU
|rated|
|rule|HP Percentage Mod: HP is shown in percentages
|rule|Endless Battle Clause: Forcing endless battles is banned
|rule|Species Clause: Limit one of each Pokémon
|rule|OHKO Clause: OHKO moves are banned
|rule|Evasion Items Clause: Evasion items are banned
|rule|Evasion Moves Clause: Evasion moves are banned
|rule|Evasion Abilities Clause: Evasion abilities are banned
|rule|Sleep Moves Clause: Sleep-inducing moves are banned
|clearpoke
|poke|p1|Zamazenta-*|
|poke|p1|Ninetales-Alola, F|
|poke|p1|Darkrai|
|poke|p1|Ceruledge, F|
|poke|p1|Empoleon, F|
|poke|p1|Hatterene, F|
|poke|p2|Moltres|
|poke|p2|Araquanid, F|
|poke|p2|Iron Treads|
|poke|p2|Gholdengo|
|poke|p2|Zamazenta-*|
|poke|p2|Hydreigon, F|
|teampreview
|inactive|Battle timer is ON: inactive players will automatically lose when time's up. (requested by SapphireRedux)
|
|t:|1757819379
|teamsize|p1|6
|teamsize|p2|6
|start
|switch|p1a: Ninetales|Ninetales-Alola, F|100/100
|switch|p2a: Araquanid|Araquanid, F|100/100
|-weather|Snowscape|[from] ability: Snow Warning|[of] p1a: Ninetales
|turn|1
|
|t:|1757819385
|switch|p1a: Hatterene|Hatterene, F|100/100
|move|p2a: Araquanid|Sticky Web|p1a: Hatterene
|move|p1a: Hatterene|Sticky Web|p2a: Araquanid|[from] ability: Magic Bounce
|-sidestart|p2: guoqiushi|move: Sticky Web
|
|-weather|Snowscape|[upkeep]
|upkeep
|turn|2
|
|t:|1757819403
|switch|p1a: Ninetales|Ninetales-Alola, F|100/100
|move|p2a: Araquanid|Liquidation|p1a: Ninetales
|-damage|p1a: Ninetales|61/100
|-unboost|p1a: Ninetales|def|1
|
|-weather|Snowscape|[upkeep]
|upkeep
|turn|3
|
|t:|1757819411
|move|p1a: Ninetales|Encore|p2a: Araquanid
|-start|p2a: Araquanid|Encore
|move|p2a: Araquanid|Liquidation|p1a: Ninetales
|-damage|p1a: Ninetales|2/100
|
|-weather|Snowscape|[upkeep]
|upkeep
|turn|4
|
|t:|1757819416
|switch|p1a: Empoleon|Empoleon, F|100/100
|switch|p2a: Iron Treads|Iron Treads|100/100
|-activate|p2a: Iron Treads|move: Sticky Web
|-unboost|p2a: Iron Treads|spe|1
|
|-weather|Snowscape|[upkeep]
|upkeep
|turn|5
|
|t:|1757819420
|move|p2a: Iron Treads|Rapid Spin|p1a: Empoleon
|-resisted|p1a: Empoleon
|-damage|p1a: Empoleon|93/100
|-boost|p2a: Iron Treads|spe|1
|-sideend|p2: guoqiushi|Sticky Web|[from] move: Rapid Spin|[of] p2a: Iron Treads
|move|p1a: Empoleon|Agility|p1a: Empoleon
|-boost|p1a: Empoleon|spe|2
|
|-weather|none
|upkeep
|turn|6
|
|t:|1757819427
|move|p1a: Empoleon|Surf|p2a: Iron Treads
|-supereffective|p2a: Iron Treads
|-damage|p2a: Iron Treads|0 fnt
|faint|p2a: Iron Treads
|-end|p2a: Iron Treads|Quark Drive|[silent]
|
|upkeep
|
|t:|1757819431
|switch|p2a: Araquanid|Araquanid, F|100/100
|turn|7
|
|t:|1757819436
|switch|p1a: Hatterene|Hatterene, F|100/100
|move|p2a: Araquanid|Liquidation|p1a: Hatterene
|-damage|p1a: Hatterene|66/100
|
|-heal|p1a: Hatterene|72/100|[from] item: Leftovers
|upkeep
|turn|8
|
|t:|1757819444
|move|p2a: Araquanid|Liquidation|p1a: Hatterene
|-damage|p1a: Hatterene|37/100
|move|p1a: Hatterene|Psyshock|p2a: Araquanid
|-damage|p2a: Araquanid|63/100
|
|-heal|p1a: Hatterene|43/100|[from] item: Leftovers
|upkeep
|turn|9
|
|t:|1757819452
|move|p2a: Araquanid|Liquidation|p1a: Hatterene
|-damage|p1a: Hatterene|4/100
|move|p1a: Hatterene|Psyshock|p2a: Araquanid
|-damage|p2a: Araquanid|23/100
|
|-heal|p1a: Hatterene|10/100|[from] item: Leftovers
|upkeep
|turn|10
|
|t:|1757819458
|switch|p2a: Hydreigon|Hydreigon, F|100/100
|move|p1a: Hatterene|Psyshock|p2a: Hydreigon
|-immune|p2a: Hydreigon
|
|-heal|p1a: Hatterene|16/100|[from] item: Leftovers
|upkeep
|turn|11
|
|t:|1757819467
|switch|p1a: Empoleon|Empoleon, F|93/100
|move|p2a: Hydreigon|Substitute|p2a: Hydreigon
|-start|p2a: Hydreigon|Substitute
|-damage|p2a: Hydreigon|75/100
|
|-heal|p2a: Hydreigon|82/100|[from] item: Leftovers
|upkeep
|turn|12
|
|t:|1757819475
|move|p2a: Hydreigon|Nasty Plot|p2a: Hydreigon
|-boost|p2a: Hydreigon|spa|2
|move|p1a: Empoleon|Agility|p1a: Empoleon
|-boost|p1a: Empoleon|spe|2
|
|-heal|p2a: Hydreigon|88/100|[from] item: Leftovers
|upkeep
|turn|13
|
|t:|1757819483
|move|p1a: Empoleon|Ice Beam|p2a: Hydreigon
|-supereffective|p2a: Hydreigon
|-end|p2a: Hydreigon|Substitute
|move|p2a: Hydreigon|Dark Pulse|p1a: Empoleon
|-damage|p1a: Empoleon|23/100
|
|-heal|p2a: Hydreigon|94/100|[from] item: Leftovers
|upkeep
|turn|14
|
|t:|1757819487
|-terastallize|p2a: Hydreigon|Fairy
|move|p1a: Empoleon|Ice Beam|p2a: Hydreigon
|-damage|p2a: Hydreigon|67/100
|move|p2a: Hydreigon|Dark Pulse|p1a: Empoleon
|-damage|p1a: Empoleon|0 fnt
|faint|p1a: Empoleon
|
|-heal|p2a: Hydreigon|73/100|[from] item: Leftovers
|upkeep
|
|t:|1757819503
|switch|p1a: Ninetales|Ninetales-Alola, F|2/100
|-weather|Snowscape|[from] ability: Snow Warning|[of] p1a: Ninetales
|turn|15
|
|t:|1757819510
|move|p1a: Ninetales|Aurora Veil|p1a: Ninetales
|-sidestart|p1: SapphireRedux|move: Aurora Veil
|move|p2a: Hydreigon|Substitute|p2a: Hydreigon
|-start|p2a: Hydreigon|Substitute
|-damage|p2a: Hydreigon|48/100
|
|-weather|Snowscape|[upkeep]
|-heal|p2a: Hydreigon|54/100|[from] item: Leftovers
|upkeep
|turn|16
|
|t:|1757819514
|move|p1a: Ninetales|Encore|p2a: Hydreigon
|-start|p2a: Hydreigon|Encore
|move|p2a: Hydreigon|Substitute|p2a: Hydreigon
|-fail|p2a: Hydreigon|move: Substitute
|
|-weather|Snowscape|[upkeep]
|-heal|p2a: Hydreigon|60/100|[from] item: Leftovers
|upkeep
|turn|17
|
|t:|1757819520
|switch|p2a: Gholdengo|Gholdengo|100/100
|-item|p2a: Gholdengo|Air Balloon
|move|p1a: Ninetales|Roar|p2a: Gholdengo
|-immune|p2a: Gholdengo|[from] ability: Good as Gold
|
|-weather|Snowscape|[upkeep]
|upkeep
|turn|18
|
|t:|1757819529
|switch|p1a: Darkrai|Darkrai|100/100
|move|p2a: Gholdengo|Hex|p1a: Darkrai
|-resisted|p1a: Darkrai
|-damage|p1a: Darkrai|91/100
|
|-weather|Snowscape|[upkeep]
|-heal|p1a: Darkrai|97/100|[from] item: Leftovers
|upkeep
|turn|19
|
|t:|1757819535
|move|p1a: Darkrai|Dark Pulse|p2a: Gholdengo
|-supereffective|p2a: Gholdengo
|-damage|p2a: Gholdengo|18/100
|-enditem|p2a: Gholdengo|Air Balloon
|move|p2a: Gholdengo|Thunder Wave|p1a: Darkrai
|-status|p1a: Darkrai|par
|
|-weather|none
|-heal|p1a: Darkrai|100/100 par|[from] item: Leftovers
|upkeep
|turn|20
|
|t:|1757819539
|move|p2a: Gholdengo|Make It Rain|p1a: Darkrai
|-damage|p1a: Darkrai|61/100 par
|-unboost|p2a: Gholdengo|spa|1
|cant|p1a: Darkrai|par
|
|-heal|p1a: Darkrai|67/100 par|[from] item: Leftovers
|upkeep
|turn|21
|
|t:|1757819546
|move|p2a: Gholdengo|Make It Rain|p1a: Darkrai
|-damage|p1a: Darkrai|40/100 par
|-unboost|p2a: Gholdengo|spa|1
|move|p1a: Darkrai|Dark Pulse|p2a: Gholdengo
|-supereffective|p2a: Gholdengo
|-damage|p2a: Gholdengo|0 fnt
|faint|p2a: Gholdengo
|
|-heal|p1a: Darkrai|46/100 par|[from] item: Leftovers
|upkeep
|
|t:|1757819552
|switch|p2a: Zamazenta|Zamazenta|100/100
|-ability|p2a: Zamazenta|Dauntless Shield|boost
|-boost|p2a: Zamazenta|def|1
|turn|22
|
|t:|1757819568
|switch|p1a: Hatterene|Hatterene, F|16/100
|move|p2a: Zamazenta|Substitute|p2a: Zamazenta
|-start|p2a: Zamazenta|Substitute
|-damage|p2a: Zamazenta|76/100
|
|-heal|p2a: Zamazenta|82/100|[from] item: Leftovers
|-heal|p1a: Hatterene|22/100|[from] item: Leftovers
|-sideend|p1: SapphireRedux|move: Aurora Veil
|upkeep
|turn|23
|
|t:|1757819573
|move|p2a: Zamazenta|Body Press|p1a: Hatterene
|-resisted|p1a: Hatterene
|-damage|p1a: Hatterene|12/100
|move|p1a: Hatterene|Draining Kiss|p2a: Zamazenta
|-supereffective|p2a: Zamazenta
|-end|p2a: Zamazenta|Substitute
|-heal|p1a: Hatterene|34/100|[from] drain|[of] p2a: Zamazenta
|
|-heal|p2a: Zamazenta|88/100|[from] item: Leftovers
|-heal|p1a: Hatterene|40/100|[from] item: Leftovers
|upkeep
|turn|24
|
|t:|1757819583
|switch|p2a: Moltres|Moltres|100/100
|move|p1a: Hatterene|Draining Kiss|p2a: Moltres
|-resisted|p2a: Moltres
|-damage|p2a: Moltres|88/100
|-heal|p1a: Hatterene|52/100|[from] drain|[of] p2a: Moltres
|-status|p1a: Hatterene|brn|[from] ability: Flame Body|[of] p2a: Moltres
|
|-heal|p1a: Hatterene|58/100 brn|[from] item: Leftovers
|-damage|p1a: Hatterene|52/100 brn|[from] brn
|upkeep
|turn|25
|
|t:|1757819591
|move|p2a: Moltres|U-turn|p1a: Hatterene
|-damage|p1a: Hatterene|39/100 brn
|
|t:|1757819593
|switch|p2a: Zamazenta|Zamazenta|88/100|[from] U-turn
|move|p1a: Hatterene|Calm Mind|p1a: Hatterene
|-boost|p1a: Hatterene|spa|1
|-boost|p1a: Hatterene|spd|1
|
|-heal|p2a: Zamazenta|94/100|[from] item: Leftovers
|-heal|p1a: Hatterene|45/100 brn|[from] item: Leftovers
|-damage|p1a: Hatterene|39/100 brn|[from] brn
|upkeep
|turn|26
|
|t:|1757819599
|move|p2a: Zamazenta|Crunch|p1a: Hatterene
|-damage|p1a: Hatterene|22/100 brn
|move|p1a: Hatterene|Draining Kiss|p2a: Zamazenta
|-supereffective|p2a: Zamazenta
|-damage|p2a: Zamazenta|45/100
|-heal|p1a: Hatterene|67/100 brn|[from] drain|[of] p2a: Zamazenta
|
|-heal|p2a: Zamazenta|51/100|[from] item: Leftovers
|-heal|p1a: Hatterene|73/100 brn|[from] item: Leftovers
|-damage|p1a: Hatterene|67/100 brn|[from] brn
|upkeep
|turn|27
|
|t:|1757819603
|switch|p2a: Moltres|Moltres|88/100
|move|p1a: Hatterene|Draining Kiss|p2a: Moltres
|-resisted|p2a: Moltres
|-damage|p2a: Moltres|72/100
|-heal|p1a: Hatterene|82/100 brn|[from] drain|[of] p2a: Moltres
|
|-heal|p1a: Hatterene|88/100 brn|[from] item: Leftovers
|-damage|p1a: Hatterene|82/100 brn|[from] brn
|upkeep
|turn|28
|
|t:|1757819608
|move|p2a: Moltres|Flamethrower|p1a: Hatterene
|-damage|p1a: Hatterene|52/100 brn
|move|p1a: Hatterene|Calm Mind|p1a: Hatterene
|-boost|p1a: Hatterene|spa|1
|-boost|p1a: Hatterene|spd|1
|
|-heal|p1a: Hatterene|58/100 brn|[from] item: Leftovers
|-damage|p1a: Hatterene|52/100 brn|[from] brn
|upkeep
|turn|29
|
|t:|1757819612
|move|p2a: Moltres|Flamethrower|p1a: Hatterene
|-damage|p1a: Hatterene|30/100 brn
|move|p1a: Hatterene|Draining Kiss|p2a: Moltres
|-resisted|p2a: Moltres
|-damage|p2a: Moltres|51/100
|-heal|p1a: Hatterene|50/100 brn|[from] drain|[of] p2a: Moltres
|
|-heal|p1a: Hatterene|56/100 brn|[from] item: Leftovers
|-damage|p1a: Hatterene|50/100 brn|[from] brn
|upkeep
|turn|30
|
|t:|1757819619
|move|p2a: Moltres|Flamethrower|p1a: Hatterene
|-damage|p1a: Hatterene|26/100 brn
|move|p1a: Hatterene|Draining Kiss|p2a: Moltres
|-resisted|p2a: Moltres
|-damage|p2a: Moltres|26/100
|-heal|p1a: Hatterene|48/100 brn|[from] drain|[of] p2a: Moltres
|
|-heal|p1a: Hatterene|54/100 brn|[from] item: Leftovers
|-damage|p1a: Hatterene|48/100 brn|[from] brn
|upkeep
|turn|31
|
|t:|1757819624
|move|p2a: Moltres|Flamethrower|p1a: Hatterene
|-damage|p1a: Hatterene|27/100 brn
|move|p1a: Hatterene|Psyshock|p2a: Moltres
|-damage|p2a: Moltres|0 fnt
|faint|p2a: Moltres
|
|-heal|p1a: Hatterene|33/100 brn|[from] item: Leftovers
|-damage|p1a: Hatterene|27/100 brn|[from] brn
|upkeep
|
|t:|1757819631
|switch|p2a: Hydreigon|Hydreigon, F, tera:Fairy|60/100
|turn|32
|
|t:|1757819637
|move|p2a: Hydreigon|Tera Blast|p1a: Hatterene|[anim] Tera Blast Fairy
|-damage|p1a: Hatterene|9/100 brn
|move|p1a: Hatterene|Draining Kiss|p2a: Hydreigon
|-damage|p2a: Hydreigon|14/100
|-heal|p1a: Hatterene|52/100 brn|[from] drain|[of] p2a: Hydreigon
|
|-heal|p2a: Hydreigon|21/100|[from] item: Leftovers
|-heal|p1a: Hatterene|58/100 brn|[from] item: Leftovers
|-damage|p1a: Hatterene|52/100 brn|[from] brn
|upkeep
|turn|33
|
|t:|1757819643
|move|p2a: Hydreigon|Dark Pulse|p1a: Hatterene
|-damage|p1a: Hatterene|32/100 brn
|move|p1a: Hatterene|Draining Kiss|p2a: Hydreigon
|-damage|p2a: Hydreigon|0 fnt
|-heal|p1a: Hatterene|50/100 brn|[from] drain|[of] p2a: Hydreigon
|faint|p2a: Hydreigon
|
|-heal|p1a: Hatterene|56/100 brn|[from] item: Leftovers
|-damage|p1a: Hatterene|50/100 brn|[from] brn
|upkeep
|
|t:|1757819649
|switch|p2a: Araquanid|Araquanid, F|23/100
|turn|34
|-enditem|p2a: Araquanid|Custap Berry|[eat]
|-activate|p2a: Araquanid|item: Custap Berry|[consumed]
|
|t:|1757819653
|move|p2a: Araquanid|Liquidation|p1a: Hatterene
|-damage|p1a: Hatterene|16/100 brn
|move|p1a: Hatterene|Draining Kiss|p2a: Araquanid
|-damage|p2a: Araquanid|0 fnt
|-heal|p1a: Hatterene|34/100 brn|[from] drain|[of] p2a: Araquanid
|faint|p2a: Araquanid
|
|-heal|p1a: Hatterene|40/100 brn|[from] item: Leftovers
|-damage|p1a: Hatterene|34/100 brn|[from] brn
|upkeep
|
|t:|1757819660
|switch|p2a: Zamazenta|Zamazenta|51/100
|turn|35
|-message|guoqiushi forfeited.
|
|win|SapphireRedux
|raw|SapphireRedux's rating: 1546 &rarr; <strong>1564</strong><br />(+18 for winning)
|raw|guoqiushi's rating: 1515 &rarr; <strong>1497</strong><br />(-18 for losing)
|l|☆guoqiushi
|player|p2|
|l|☆SapphireRedux
|player|p1|
