|j|☆Passerby bye
|j|☆sublimest tobias
|t:|1757948105
|gametype|singles
|player|p1|Passerby bye|cyclist|1410
|player|p2|sublimest tobias|volkner-masters|1383
|gen|9
|tier|[Gen 9] OU
|rated|
|rule|HP Percentage Mod: HP is shown in percentages
|rule|Endless Battle Clause: Forcing endless battles is banned
|rule|Species Clause: Limit one of each Pokémon
|rule|OHKO Clause: OHKO moves are banned
|rule|Evasion Items Clause: Evasion items are banned
|rule|Evasion Moves Clause: Evasion moves are banned
|rule|Evasion Abilities Clause: Evasion abilities are banned
|rule|Sleep Moves Clause: Sleep-inducing moves are banned
|clearpoke
|poke|p1|Magnezone|
|poke|p1|Vileplume, M|
|poke|p1|Gyarados, M|
|poke|p1|Houndoom, M|
|poke|p1|Mamoswine, M|
|poke|p1|Azumarill, F|
|poke|p2|Dragapult, M|
|poke|p2|Iron Valiant|
|poke|p2|Kingambit, F|
|poke|p2|Ogerpon-Wellspring, F|
|poke|p2|Great Tusk|
|poke|p2|Zapdos|
|teampreview
|
|t:|1757948120
|teamsize|p1|6
|teamsize|p2|6
|start
|switch|p1a: Legend Pkmn sucks|Magnezone|100/100
|switch|p2a: Seiryū|Dragapult, M|100/100
|turn|1
|
|t:|1757948128
|move|p2a: Seiryū|Flamethrower|p1a: Legend Pkmn sucks
|-supereffective|p1a: Legend Pkmn sucks
|-damage|p1a: Legend Pkmn sucks|18/100
|move|p1a: Legend Pkmn sucks|Flash Cannon|p2a: Seiryū
|-damage|p2a: Seiryū|0 fnt
|faint|p2a: Seiryū
|
|upkeep
|
|t:|1757948133
|switch|p2a: Great Tusk|Great Tusk|100/100
|turn|2
|
|t:|1757948153
|-terastallize|p1a: Legend Pkmn sucks|Flying
|move|p2a: Great Tusk|Stealth Rock|p1a: Legend Pkmn sucks
|-sidestart|p1: Passerby bye|move: Stealth Rock
|move|p1a: Legend Pkmn sucks|Flash Cannon|p2a: Great Tusk
|-damage|p2a: Great Tusk|0 fnt
|faint|p2a: Great Tusk
|-end|p2a: Great Tusk|Protosynthesis|[silent]
|
|upkeep
|
|t:|1757948160
|switch|p2a: Raijin|Zapdos|100/100
|turn|3
|
|t:|1757948167
|move|p2a: Raijin|Volt Switch|p1a: Legend Pkmn sucks
|-supereffective|p1a: Legend Pkmn sucks
|-damage|p1a: Legend Pkmn sucks|0 fnt
|faint|p1a: Legend Pkmn sucks
|
|t:|1757948170
|switch|p2a: Suijin|Ogerpon-Wellspring, F|100/100|[from] Volt Switch
|
|upkeep
|
|t:|1757948189
|switch|p1a: Ordinary Pkmn only|Vileplume, M|100/100
|-damage|p1a: Ordinary Pkmn only|88/100|[from] Stealth Rock
|turn|4
|
|t:|1757948194
|move|p2a: Suijin|U-turn|p1a: Ordinary Pkmn only
|-damage|p1a: Ordinary Pkmn only|66/100
|-damage|p2a: Suijin|84/100|[from] item: Rocky Helmet|[of] p1a: Ordinary Pkmn only
|
|t:|1757948196
|switch|p2a: Raijin|Zapdos|100/100|[from] U-turn
|move|p1a: Ordinary Pkmn only|Sludge Wave|p2a: Raijin
|-damage|p2a: Raijin|66/100
|-status|p2a: Raijin|psn
|
|-damage|p2a: Raijin|54/100 psn|[from] psn
|upkeep
|turn|5
|
|t:|1757948202
|switch|p1a: Terrain Team sucks|Mamoswine, M|100/100
|-damage|p1a: Terrain Team sucks|88/100|[from] Stealth Rock
|move|p2a: Raijin|Hurricane|p1a: Terrain Team sucks|[miss]
|-miss|p2a: Raijin|p1a: Terrain Team sucks
|
|-damage|p2a: Raijin|41/100 psn|[from] psn
|upkeep
|turn|6
|
|t:|1757948213
|move|p1a: Terrain Team sucks|Ice Shard|p2a: Raijin
|-supereffective|p2a: Raijin
|-damage|p2a: Raijin|10/100 psn
|move|p2a: Raijin|Hurricane|p1a: Terrain Team sucks
|-damage|p1a: Terrain Team sucks|53/100
|-start|p1a: Terrain Team sucks|confusion
|
|-damage|p2a: Raijin|0 fnt|[from] psn
|faint|p2a: Raijin
|upkeep
|
|t:|1757948227
|switch|p2a: Suijin|Ogerpon-Wellspring, F|84/100
|turn|7
|
|t:|1757948240
|switch|p1a: Ordinary Pkmn only|Vileplume, M|66/100
|-damage|p1a: Ordinary Pkmn only|54/100|[from] Stealth Rock
|move|p2a: Suijin|Ivy Cudgel|p1a: Ordinary Pkmn only|[anim] Ivy Cudgel Water
|-resisted|p1a: Ordinary Pkmn only
|-damage|p1a: Ordinary Pkmn only|30/100
|
|upkeep
|turn|8
|
|t:|1757948247
|move|p2a: Suijin|Power Whip|p1a: Ordinary Pkmn only|[miss]
|-miss|p2a: Suijin|p1a: Ordinary Pkmn only
|move|p1a: Ordinary Pkmn only|Strength Sap|p2a: Suijin
|-unboost|p2a: Suijin|atk|1
|-heal|p1a: Ordinary Pkmn only|100/100
|
|upkeep
|turn|9
|
|t:|1757948250
|move|p2a: Suijin|U-turn|p1a: Ordinary Pkmn only
|-damage|p1a: Ordinary Pkmn only|85/100
|-damage|p2a: Suijin|67/100|[from] item: Rocky Helmet|[of] p1a: Ordinary Pkmn only
|
|t:|1757948255
|switch|p2a: Erza|Iron Valiant|100/100|[from] U-turn
|move|p1a: Ordinary Pkmn only|Sludge Wave|p2a: Erza
|-supereffective|p2a: Erza
|-damage|p2a: Erza|0 fnt
|faint|p2a: Erza
|-end|p2a: Erza|Quark Drive|[silent]
|
|upkeep
|
|t:|1757948257
|switch|p2a: Emperor Jimmu|Kingambit, F|100/100
|-activate|p2a: Emperor Jimmu|ability: Supreme Overlord
|-start|p2a: Emperor Jimmu|fallen4|[silent]
|turn|10
|
|t:|1757948267
|switch|p1a: Weather Team sucks|Houndoom, M|100/100
|move|p2a: Emperor Jimmu|Swords Dance|p2a: Emperor Jimmu
|-boost|p2a: Emperor Jimmu|atk|2
|
|upkeep
|turn|11
|
|t:|1757948272
|-terastallize|p2a: Emperor Jimmu|Flying
|move|p1a: Weather Team sucks|Destiny Bond|p1a: Weather Team sucks
|-singlemove|p1a: Weather Team sucks|Destiny Bond
|move|p2a: Emperor Jimmu|Swords Dance|p2a: Emperor Jimmu
|-boost|p2a: Emperor Jimmu|atk|2
|
|upkeep
|turn|12
|
|t:|1757948281
|move|p1a: Weather Team sucks|Fire Blast|p2a: Emperor Jimmu
|-damage|p2a: Emperor Jimmu|50/100
|move|p2a: Emperor Jimmu|Kowtow Cleave|p1a: Weather Team sucks
|-resisted|p1a: Weather Team sucks
|-damage|p1a: Weather Team sucks|0 fnt
|faint|p1a: Weather Team sucks
|
|-heal|p2a: Emperor Jimmu|56/100|[from] item: Leftovers
|upkeep
|
|t:|1757948291
|switch|p1a: BST＞540 Pkmn sucks|Gyarados, M, shiny|100/100
|-ability|p1a: BST＞540 Pkmn sucks|Intimidate|boost
|-unboost|p2a: Emperor Jimmu|atk|1
|turn|13
|
|t:|1757948297
|switch|p1a: Terrain Team sucks|Mamoswine, M|53/100
|-damage|p1a: Terrain Team sucks|40/100|[from] Stealth Rock
|move|p2a: Emperor Jimmu|Kowtow Cleave|p1a: Terrain Team sucks
|-damage|p1a: Terrain Team sucks|0 fnt
|faint|p1a: Terrain Team sucks
|
|-heal|p2a: Emperor Jimmu|62/100|[from] item: Leftovers
|upkeep
|
|t:|1757948305
|switch|p1a: BST＞540 Pkmn sucks|Gyarados, M, shiny|100/100
|-ability|p1a: BST＞540 Pkmn sucks|Intimidate|boost
|-unboost|p2a: Emperor Jimmu|atk|1
|turn|14
|
|t:|1757948314
|move|p1a: BST＞540 Pkmn sucks|Thunder Wave|p2a: Emperor Jimmu
|-status|p2a: Emperor Jimmu|par
|move|p2a: Emperor Jimmu|Iron Head|p1a: BST＞540 Pkmn sucks
|-resisted|p1a: BST＞540 Pkmn sucks
|-damage|p1a: BST＞540 Pkmn sucks|46/100
|
|-heal|p2a: Emperor Jimmu|68/100 par|[from] item: Leftovers
|upkeep
|turn|15
|
|t:|1757948321
|move|p1a: BST＞540 Pkmn sucks|Dragon Dance|p1a: BST＞540 Pkmn sucks
|-boost|p1a: BST＞540 Pkmn sucks|atk|1
|-boost|p1a: BST＞540 Pkmn sucks|spe|1
|cant|p2a: Emperor Jimmu|par
|
|-heal|p2a: Emperor Jimmu|75/100 par|[from] item: Leftovers
|upkeep
|turn|16
|
|t:|1757948326
|move|p1a: BST＞540 Pkmn sucks|Waterfall|p2a: Emperor Jimmu
|-damage|p2a: Emperor Jimmu|28/100 par
|cant|p2a: Emperor Jimmu|par
|
|-heal|p2a: Emperor Jimmu|34/100 par|[from] item: Leftovers
|upkeep
|turn|17
|
|t:|1757948331
|move|p2a: Emperor Jimmu|Sucker Punch|p1a: BST＞540 Pkmn sucks
|-damage|p1a: BST＞540 Pkmn sucks|0 fnt
|faint|p1a: BST＞540 Pkmn sucks
|
|-heal|p2a: Emperor Jimmu|40/100 par|[from] item: Leftovers
|upkeep
|
|t:|1757948339
|switch|p1a: Ordinary Pkmn only|Vileplume, M|85/100
|-damage|p1a: Ordinary Pkmn only|73/100|[from] Stealth Rock
|turn|18
|
|t:|1757948342
|move|p1a: Ordinary Pkmn only|Strength Sap|p2a: Emperor Jimmu
|-unboost|p2a: Emperor Jimmu|atk|1
|-heal|p1a: Ordinary Pkmn only|100/100
|move|p2a: Emperor Jimmu|Kowtow Cleave|p1a: Ordinary Pkmn only
|-damage|p1a: Ordinary Pkmn only|24/100
|-damage|p2a: Emperor Jimmu|23/100 par|[from] item: Rocky Helmet|[of] p1a: Ordinary Pkmn only
|
|-heal|p2a: Emperor Jimmu|30/100 par|[from] item: Leftovers
|upkeep
|turn|19
|
|t:|1757948349
|move|p1a: Ordinary Pkmn only|Strength Sap|p2a: Emperor Jimmu
|-unboost|p2a: Emperor Jimmu|atk|1
|-heal|p1a: Ordinary Pkmn only|100/100
|move|p2a: Emperor Jimmu|Kowtow Cleave|p1a: Ordinary Pkmn only
|-damage|p1a: Ordinary Pkmn only|49/100
|-damage|p2a: Emperor Jimmu|13/100 par|[from] item: Rocky Helmet|[of] p1a: Ordinary Pkmn only
|
|-heal|p2a: Emperor Jimmu|19/100 par|[from] item: Leftovers
|upkeep
|turn|20
|
|t:|1757948354
|move|p1a: Ordinary Pkmn only|Strength Sap|p2a: Emperor Jimmu
|-unboost|p2a: Emperor Jimmu|atk|1
|-heal|p1a: Ordinary Pkmn only|100/100
|cant|p2a: Emperor Jimmu|par
|
|-heal|p2a: Emperor Jimmu|25/100 par|[from] item: Leftovers
|upkeep
|turn|21
|
|t:|1757948357
|move|p1a: Ordinary Pkmn only|Sludge Wave|p2a: Emperor Jimmu
|-damage|p2a: Emperor Jimmu|0 fnt
|faint|p2a: Emperor Jimmu
|-end|p2a: Emperor Jimmu|fallen4|[silent]
|
|upkeep
|
|t:|1757948359
|switch|p2a: Suijin|Ogerpon-Wellspring, F|67/100
|turn|22
|
|t:|1757948361
|move|p2a: Suijin|Knock Off|p1a: Ordinary Pkmn only
|-damage|p1a: Ordinary Pkmn only|69/100
|-damage|p2a: Suijin|51/100|[from] item: Rocky Helmet|[of] p1a: Ordinary Pkmn only
|-enditem|p1a: Ordinary Pkmn only|Rocky Helmet|[from] move: Knock Off|[of] p2a: Suijin
|move|p1a: Ordinary Pkmn only|Sludge Wave|p2a: Suijin
|-supereffective|p2a: Suijin
|-damage|p2a: Suijin|0 fnt
|faint|p2a: Suijin
|
|win|Passerby bye
|raw|Passerby bye's rating: 1410 &rarr; <strong>1428</strong><br />(+18 for winning)
|raw|sublimest tobias's rating: 1383 &rarr; <strong>1365</strong><br />(-18 for losing)
|l|☆sublimest tobias
|player|p2|
