|j|‽pisociety
|j|☆DylanValencia10
|t:|1757897093
|gametype|singles
|player|p1|pisociety|169|1145
|player|p2|DylanValencia10|hilbert|1116
|gen|9
|tier|[Gen 9] OU
|rated|
|rule|HP Percentage Mod: HP is shown in percentages
|rule|Endless Battle Clause: Forcing endless battles is banned
|rule|Species Clause: Limit one of each Pokémon
|rule|OHKO Clause: OHKO moves are banned
|rule|Evasion Items Clause: Evasion items are banned
|rule|Evasion Moves Clause: Evasion moves are banned
|rule|Evasion Abilities Clause: Evasion abilities are banned
|rule|Sleep Moves Clause: Sleep-inducing moves are banned
|clearpoke
|poke|p1|Porygon2|
|poke|p1|Dragonite, F|
|poke|p1|Meowscarada, F|
|poke|p1|Scizor, F|
|poke|p1|Latios, M|
|poke|p1|Ogerpon-Wellspring, F|
|poke|p2|Iron Valiant|
|poke|p2|Ceruledge, F|
|poke|p2|Hydreigon, F|
|poke|p2|Hatterene, F|
|poke|p2|Landorus-Therian, M|
|poke|p2|Rillaboom, M|
|teampreview
|inactive|Battle timer is ON: inactive players will automatically lose when time's up. (requested by pisociety)
|
|t:|1757897142
|teamsize|p1|6
|teamsize|p2|6
|start
|switch|p1a: Meowscarada|Meowscarada, F|100/100
|switch|p2a: Landorus|Landorus-Therian, M|100/100
|-ability|p2a: Landorus|Intimidate|boost
|-unboost|p1a: Meowscarada|atk|1
|turn|1
|
|t:|1757897158
|switch|p2a: Ceruledge|Ceruledge, F|100/100
|move|p1a: Meowscarada|Toxic Spikes|p2a: Ceruledge
|-start|p1a: Meowscarada|typechange|Poison|[from] ability: Protean
|-sidestart|p2: DylanValencia10|move: Toxic Spikes
|
|upkeep
|turn|2
|
|t:|1757897173
|move|p1a: Meowscarada|Knock Off|p2a: Ceruledge
|-supereffective|p2a: Ceruledge
|-damage|p2a: Ceruledge|39/100
|-enditem|p2a: Ceruledge|Heavy-Duty Boots|[from] move: Knock Off|[of] p1a: Meowscarada
|move|p2a: Ceruledge|Poltergeist|p1a: Meowscarada
|-activate|p1a: Meowscarada|move: Poltergeist|Focus Sash
|-damage|p1a: Meowscarada|12/100
|
|upkeep
|turn|3
|
|t:|1757897181
|move|p2a: Ceruledge|Shadow Sneak|p1a: Meowscarada
|-damage|p1a: Meowscarada|0 fnt
|faint|p1a: Meowscarada
|
|upkeep
|
|t:|1757897188
|switch|p1a: Ogerpon|Ogerpon-Wellspring, F|100/100
|turn|4
|
|t:|1757897199
|switch|p2a: Rillaboom|Rillaboom, M|100/100
|-status|p2a: Rillaboom|psn
|-fieldstart|move: Grassy Terrain|[from] ability: Grassy Surge|[of] p2a: Rillaboom
|move|p1a: Ogerpon|Ivy Cudgel|p2a: Rillaboom|[anim] Ivy Cudgel Water
|-resisted|p2a: Rillaboom
|-crit|p2a: Rillaboom
|-damage|p2a: Rillaboom|62/100 psn
|
|-heal|p2a: Rillaboom|68/100 psn|[from] Grassy Terrain
|-heal|p2a: Rillaboom|74/100 psn|[from] item: Leftovers
|-damage|p2a: Rillaboom|62/100 psn|[from] psn
|upkeep
|turn|5
|
|t:|1757897213
|move|p2a: Rillaboom|Drain Punch|p1a: Ogerpon
|-damage|p1a: Ogerpon|75/100
|-heal|p2a: Rillaboom|76/100 psn|[from] drain|[of] p1a: Ogerpon
|move|p1a: Ogerpon|Horn Leech|p2a: Rillaboom
|-resisted|p2a: Rillaboom
|-damage|p2a: Rillaboom|51/100 psn
|-heal|p1a: Ogerpon|86/100|[from] drain|[of] p2a: Rillaboom
|
|-heal|p2a: Rillaboom|57/100 psn|[from] Grassy Terrain
|-heal|p1a: Ogerpon|92/100|[from] Grassy Terrain
|-heal|p2a: Rillaboom|64/100 psn|[from] item: Leftovers
|-damage|p2a: Rillaboom|51/100 psn|[from] psn
|upkeep
|turn|6
|
|t:|1757897225
|move|p2a: Rillaboom|Grassy Glide|p1a: Ogerpon
|-damage|p1a: Ogerpon|54/100
|move|p1a: Ogerpon|Horn Leech|p2a: Rillaboom
|-resisted|p2a: Rillaboom
|-damage|p2a: Rillaboom|24/100 psn
|-heal|p1a: Ogerpon|66/100|[from] drain|[of] p2a: Rillaboom
|
|-heal|p2a: Rillaboom|30/100 psn|[from] Grassy Terrain
|-heal|p1a: Ogerpon|72/100|[from] Grassy Terrain
|-heal|p2a: Rillaboom|36/100 psn|[from] item: Leftovers
|-damage|p2a: Rillaboom|24/100 psn|[from] psn
|upkeep
|turn|7
|
|t:|1757897238
|move|p2a: Rillaboom|Grassy Glide|p1a: Ogerpon
|-damage|p1a: Ogerpon|35/100
|move|p1a: Ogerpon|Horn Leech|p2a: Rillaboom
|-resisted|p2a: Rillaboom
|-damage|p2a: Rillaboom|0 fnt
|-heal|p1a: Ogerpon|46/100|[from] drain|[of] p2a: Rillaboom
|faint|p2a: Rillaboom
|
|-heal|p1a: Ogerpon|52/100|[from] Grassy Terrain
|upkeep
|
|t:|1757897257
|switch|p2a: Hydreigon|Hydreigon, F|100/100
|turn|8
|
|t:|1757897278
|switch|p1a: Scizor|Scizor, F|100/100
|move|p2a: Hydreigon|Flamethrower|p1a: Scizor
|-supereffective|p1a: Scizor
|-damage|p1a: Scizor|0 fnt
|faint|p1a: Scizor
|
|-fieldend|move: Grassy Terrain
|upkeep
|
|t:|1757897289
|switch|p1a: Porygon2|Porygon2|100/100
|turn|9
|
|t:|1757897294
|switch|p2a: Landorus|Landorus-Therian, M|100/100
|-ability|p2a: Landorus|Intimidate|boost
|-unboost|p1a: Porygon2|atk|1
|move|p1a: Porygon2|Ice Beam|p2a: Landorus
|-supereffective|p2a: Landorus
|-damage|p2a: Landorus|0 fnt
|faint|p2a: Landorus
|
|upkeep
|
|t:|1757897306
|switch|p2a: Hatterene|Hatterene, F|100/100
|-status|p2a: Hatterene|psn
|turn|10
|
|t:|1757897324
|move|p1a: Porygon2|Thunderbolt|p2a: Hatterene
|-damage|p2a: Hatterene|71/100 psn
|move|p2a: Hatterene|Nuzzle|p1a: Porygon2
|-damage|p1a: Porygon2|98/100
|-status|p1a: Porygon2|par
|
|-heal|p2a: Hatterene|77/100 psn|[from] item: Leftovers
|-damage|p2a: Hatterene|65/100 psn|[from] psn
|upkeep
|turn|11
|
|t:|1757897334
|move|p2a: Hatterene|Calm Mind|p2a: Hatterene
|-boost|p2a: Hatterene|spa|1
|-boost|p2a: Hatterene|spd|1
|cant|p1a: Porygon2|par
|
|-heal|p2a: Hatterene|71/100 psn|[from] item: Leftovers
|-damage|p2a: Hatterene|58/100 psn|[from] psn
|upkeep
|turn|12
|
|t:|1757897342
|move|p2a: Hatterene|Draining Kiss|p1a: Porygon2
|-damage|p1a: Porygon2|71/100 par
|-heal|p2a: Hatterene|83/100 psn|[from] drain|[of] p1a: Porygon2
|move|p1a: Porygon2|Ice Beam|p2a: Hatterene
|-damage|p2a: Hatterene|54/100 psn
|
|-heal|p2a: Hatterene|60/100 psn|[from] item: Leftovers
|-damage|p2a: Hatterene|48/100 psn|[from] psn
|upkeep
|turn|13
|
|t:|1757897355
|-terastallize|p1a: Porygon2|Ghost
|move|p2a: Hatterene|Draining Kiss|p1a: Porygon2
|-damage|p1a: Porygon2|43/100 par
|-heal|p2a: Hatterene|72/100 psn|[from] drain|[of] p1a: Porygon2
|move|p1a: Porygon2|Tera Blast|p2a: Hatterene|[anim] Tera Blast Ghost
|-supereffective|p2a: Hatterene
|-damage|p2a: Hatterene|2/100 psn
|
|-heal|p2a: Hatterene|8/100 psn|[from] item: Leftovers
|-damage|p2a: Hatterene|0 fnt|[from] psn
|faint|p2a: Hatterene
|upkeep
|
|t:|1757897370
|switch|p2a: Ceruledge|Ceruledge, F|39/100
|-status|p2a: Ceruledge|psn
|turn|14
|
|t:|1757897376
|move|p2a: Ceruledge|Poltergeist|p1a: Porygon2
|-activate|p1a: Porygon2|move: Poltergeist|Eviolite
|-supereffective|p1a: Porygon2
|-damage|p1a: Porygon2|0 fnt
|faint|p1a: Porygon2
|
|-damage|p2a: Ceruledge|27/100 psn|[from] psn
|upkeep
|
|t:|1757897386
|switch|p1a: Ogerpon|Ogerpon-Wellspring, F|52/100
|turn|15
|
|t:|1757897392
|move|p1a: Ogerpon|Ivy Cudgel|p2a: Ceruledge|[anim] Ivy Cudgel Water
|-supereffective|p2a: Ceruledge
|-damage|p2a: Ceruledge|0 fnt
|faint|p2a: Ceruledge
|
|upkeep
|
|t:|1757897403
|switch|p2a: Iron Valiant|Iron Valiant|100/100
|-status|p2a: Iron Valiant|psn
|-enditem|p2a: Iron Valiant|Booster Energy
|-activate|p2a: Iron Valiant|ability: Quark Drive|[fromitem]
|-start|p2a: Iron Valiant|quarkdrivespe
|turn|16
|
|t:|1757897424
|move|p2a: Iron Valiant|Moonblast|p1a: Ogerpon
|-damage|p1a: Ogerpon|18/100
|move|p1a: Ogerpon|Ivy Cudgel|p2a: Iron Valiant|[anim] Ivy Cudgel Water
|-damage|p2a: Iron Valiant|28/100 psn
|
|-damage|p2a: Iron Valiant|15/100 psn|[from] psn
|upkeep
|turn|17
|
|t:|1757897433
|move|p2a: Iron Valiant|Moonblast|p1a: Ogerpon
|-damage|p1a: Ogerpon|0 fnt
|faint|p1a: Ogerpon
|
|-damage|p2a: Iron Valiant|3/100 psn|[from] psn
|upkeep
|
|t:|1757897437
|switch|p1a: Latios|Latios, M|100/100
|turn|18
|
|t:|1757897441
|move|p2a: Iron Valiant|Moonblast|p1a: Latios
|-supereffective|p1a: Latios
|-damage|p1a: Latios|7/100
|move|p1a: Latios|Psyshock|p2a: Iron Valiant
|-supereffective|p2a: Iron Valiant
|-damage|p2a: Iron Valiant|0 fnt
|faint|p2a: Iron Valiant
|-end|p2a: Iron Valiant|Quark Drive|[silent]
|
|upkeep
|
|t:|1757897448
|switch|p2a: Hydreigon|Hydreigon, F|100/100
|turn|19
|
|t:|1757897460
|move|p2a: Hydreigon|Dragon Pulse|p1a: Latios
|-supereffective|p1a: Latios
|-damage|p1a: Latios|0 fnt
|faint|p1a: Latios
|
|upkeep
|
|t:|1757897477
|switch|p1a: Dragonite|Dragonite, F|100/100
|turn|20
|
|t:|1757897483
|-terastallize|p2a: Hydreigon|Steel
|move|p1a: Dragonite|Extreme Speed|p2a: Hydreigon
|-resisted|p2a: Hydreigon
|-damage|p2a: Hydreigon|82/100
|move|p2a: Hydreigon|Dragon Pulse|p1a: Dragonite
|-supereffective|p1a: Dragonite
|-damage|p1a: Dragonite|57/100
|
|upkeep
|turn|21
|
|t:|1757897492
|move|p2a: Hydreigon|Dragon Pulse|p1a: Dragonite
|-supereffective|p1a: Dragonite
|-damage|p1a: Dragonite|0 fnt
|faint|p1a: Dragonite
|
|win|DylanValencia10
|raw|pisociety's rating: 1145 &rarr; <strong>1118</strong><br />(-27 for losing)
|raw|DylanValencia10's rating: 1116 &rarr; <strong>1143</strong><br />(+27 for winning)
|l|‽pisociety
|player|p1|
