|j|☆Sezonac
|j|☆Fifo drummer
|t:|1757933440
|gametype|singles
|player|p1|Sezonac|pokefan|1358
|player|p2|Fifo drummer|unknown|1418
|gen|9
|tier|[Gen 9] OU
|rated|
|rule|HP Percentage Mod: HP is shown in percentages
|rule|Endless Battle Clause: Forcing endless battles is banned
|rule|Species Clause: Limit one of each Pokémon
|rule|OHKO Clause: OHKO moves are banned
|rule|Evasion Items Clause: Evasion items are banned
|rule|Evasion Moves Clause: Evasion moves are banned
|rule|Evasion Abilities Clause: Evasion abilities are banned
|rule|Sleep Moves Clause: Sleep-inducing moves are banned
|clearpoke
|poke|p1|Pelipper, M|
|poke|p1|Barraskewda, M|
|poke|p1|Iron Treads|
|poke|p1|Kingambit, M|
|poke|p1|Raging Bolt|
|poke|p1|Ogerpon-Wellspring, F|
|poke|p2|Crawdaunt, M|
|poke|p2|Krookodile, M|
|poke|p2|Goodra-Hisui, F|
|poke|p2|Haxorus, M|
|poke|p2|Espeon, F|
|poke|p2|Corviknight, F|
|teampreview
|inactive|Battle timer is ON: inactive players will automatically lose when time's up. (requested by Sezonac)
|
|t:|1757933447
|teamsize|p1|6
|teamsize|p2|6
|start
|switch|p1a: Pelipper|Pelipper, M|100/100
|switch|p2a: Shrimpboat Capt.|Crawdaunt, M|100/100
|-weather|RainDance|[from] ability: Drizzle|[of] p1a: Pelipper
|turn|1
|
|t:|1757933454
|move|p2a: Shrimpboat Capt.|Knock Off|p1a: Pelipper
|-damage|p1a: Pelipper|52/100
|-enditem|p1a: Pelipper|Damp Rock|[from] move: Knock Off|[of] p2a: Shrimpboat Capt.
|move|p1a: Pelipper|U-turn|p2a: Shrimpboat Capt.
|-supereffective|p2a: Shrimpboat Capt.
|-damage|p2a: Shrimpboat Capt.|78/100
|
|t:|1757933461
|switch|p1a: Ogerpon|Ogerpon-Wellspring, F|100/100|[from] U-turn
|
|-weather|RainDance|[upkeep]
|upkeep
|turn|2
|
|t:|1757933467
|switch|p2a: Badra|Goodra-Hisui, F|100/100
|move|p1a: Ogerpon|Horn Leech|p2a: Badra
|-resisted|p2a: Badra
|-damage|p2a: Badra|91/100
|-ability|p2a: Badra|Gooey
|-unboost|p1a: Ogerpon|spe|1
|
|-weather|RainDance|[upkeep]
|upkeep
|turn|3
|
|t:|1757933477
|move|p1a: Ogerpon|Knock Off|p2a: Badra
|-damage|p2a: Badra|58/100
|-ability|p2a: Badra|Gooey
|-unboost|p1a: Ogerpon|spe|1
|-enditem|p2a: Badra|Assault Vest|[from] move: Knock Off|[of] p1a: Ogerpon
|move|p2a: Badra|Dragon Pulse|p1a: Ogerpon
|-damage|p1a: Ogerpon|46/100
|
|-weather|RainDance|[upkeep]
|upkeep
|turn|4
|
|t:|1757933489
|switch|p1a: Iron Treads|Iron Treads|100/100
|-enditem|p1a: Iron Treads|Booster Energy
|-activate|p1a: Iron Treads|ability: Quark Drive|[fromitem]
|-start|p1a: Iron Treads|quarkdrivespe
|move|p2a: Badra|Surf|p1a: Iron Treads
|-supereffective|p1a: Iron Treads
|-damage|p1a: Iron Treads|0 fnt
|faint|p1a: Iron Treads
|-end|p1a: Iron Treads|Quark Drive|[silent]
|
|-weather|RainDance|[upkeep]
|upkeep
|
|t:|1757933503
|switch|p1a: Raging Bolt|Raging Bolt|100/100
|turn|5
|
|t:|1757933506
|move|p1a: Raging Bolt|Draco Meteor|p2a: Badra
|-damage|p2a: Badra|0 fnt
|-unboost|p1a: Raging Bolt|spa|2
|faint|p2a: Badra
|
|-weather|RainDance|[upkeep]
|upkeep
|
|t:|1757933514
|switch|p2a: I don't give a fox|Espeon, F, shiny|100/100
|turn|6
|
|t:|1757933517
|-end|p1a: Raging Bolt|Protosynthesis|[silent]
|switch|p1a: Kingambit|Kingambit, M|100/100
|-activate|p1a: Kingambit|ability: Supreme Overlord
|-start|p1a: Kingambit|fallen1|[silent]
|move|p2a: I don't give a fox|Alluring Voice|p1a: Kingambit
|-damage|p1a: Kingambit|73/100
|
|-weather|RainDance|[upkeep]
|-heal|p1a: Kingambit|79/100|[from] item: Leftovers
|upkeep
|turn|7
|
|t:|1757933527
|switch|p2a: Mrs Raven|Corviknight, F, shiny|100/100
|move|p1a: Kingambit|Kowtow Cleave|p2a: Mrs Raven
|-damage|p2a: Mrs Raven|57/100
|-damage|p1a: Kingambit|62/100|[from] item: Rocky Helmet|[of] p2a: Mrs Raven
|
|-weather|RainDance|[upkeep]
|-heal|p1a: Kingambit|68/100|[from] item: Leftovers
|upkeep
|turn|8
|
|t:|1757933536
|-end|p1a: Kingambit|fallen1|[silent]
|switch|p1a: Raging Bolt|Raging Bolt|100/100
|move|p2a: Mrs Raven|Body Press|p1a: Raging Bolt
|-damage|p1a: Raging Bolt|77/100
|
|-weather|none
|upkeep
|turn|9
|
|t:|1757933546
|-end|p1a: Raging Bolt|Protosynthesis|[silent]
|switch|p1a: Pelipper|Pelipper, M|52/100
|-weather|RainDance|[from] ability: Drizzle|[of] p1a: Pelipper
|move|p2a: Mrs Raven|Body Press|p1a: Pelipper
|-resisted|p1a: Pelipper
|-damage|p1a: Pelipper|43/100
|
|-weather|RainDance|[upkeep]
|upkeep
|turn|10
|
|t:|1757933557
|move|p2a: Mrs Raven|Brave Bird|p1a: Pelipper
|-damage|p1a: Pelipper|9/100
|-damage|p2a: Mrs Raven|46/100|[from] Recoil
|move|p1a: Pelipper|Surf|p2a: Mrs Raven
|-crit|p2a: Mrs Raven
|-damage|p2a: Mrs Raven|0 fnt
|faint|p2a: Mrs Raven
|
|-weather|RainDance|[upkeep]
|upkeep
|
|t:|1757933567
|switch|p2a: Shrimpboat Capt.|Crawdaunt, M|78/100
|turn|11
|
|t:|1757933571
|switch|p1a: Ogerpon|Ogerpon-Wellspring, F|46/100
|move|p2a: Shrimpboat Capt.|Knock Off|p1a: Ogerpon
|-damage|p1a: Ogerpon|0 fnt
|faint|p1a: Ogerpon
|
|-weather|RainDance|[upkeep]
|upkeep
|
|t:|1757933578
|switch|p1a: Raging Bolt|Raging Bolt|77/100
|turn|12
|
|t:|1757933585
|-terastallize|p2a: Shrimpboat Capt.|Ground
|move|p1a: Raging Bolt|Draco Meteor|p2a: Shrimpboat Capt.
|-damage|p2a: Shrimpboat Capt.|0 fnt
|-unboost|p1a: Raging Bolt|spa|2
|faint|p2a: Shrimpboat Capt.
|
|-weather|RainDance|[upkeep]
|upkeep
|
|t:|1757933596
|switch|p2a: I don't give a fox|Espeon, F, shiny|100/100
|turn|13
|
|t:|1757933602
|-end|p1a: Raging Bolt|Protosynthesis|[silent]
|switch|p1a: Pelipper|Pelipper, M|9/100
|move|p2a: I don't give a fox|Alluring Voice|p1a: Pelipper
|-damage|p1a: Pelipper|0 fnt
|faint|p1a: Pelipper
|
|-weather|none
|upkeep
|
|t:|1757933612
|switch|p1a: Barraskewda|Barraskewda, M, shiny|100/100
|turn|14
|
|t:|1757933622
|-terastallize|p1a: Barraskewda|Water
|move|p1a: Barraskewda|Liquidation|p2a: I don't give a fox
|-damage|p2a: I don't give a fox|0 fnt
|faint|p2a: I don't give a fox
|
|upkeep
|
|t:|1757933630
|switch|p2a: AXE Bodyspray|Haxorus, M, shiny|100/100
|-ability|p2a: AXE Bodyspray|Mold Breaker
|turn|15
|
|t:|1757933636
|move|p1a: Barraskewda|Liquidation|p2a: AXE Bodyspray
|-resisted|p2a: AXE Bodyspray
|-damage|p2a: AXE Bodyspray|41/100
|move|p2a: AXE Bodyspray|Dragon Dance|p2a: AXE Bodyspray
|-boost|p2a: AXE Bodyspray|atk|1
|-boost|p2a: AXE Bodyspray|spe|1
|
|upkeep
|turn|16
|
|t:|1757933644
|move|p2a: AXE Bodyspray|Outrage|p1a: Barraskewda
|-damage|p1a: Barraskewda|0 fnt
|faint|p1a: Barraskewda
|
|upkeep
|
|t:|1757933657
|switch|p1a: Kingambit|Kingambit, M|68/100
|-activate|p1a: Kingambit|ability: Supreme Overlord
|-start|p1a: Kingambit|fallen4|[silent]
|turn|17
|
|t:|1757933665
|move|p1a: Kingambit|Sucker Punch|p2a: AXE Bodyspray
|-damage|p2a: AXE Bodyspray|0 fnt
|faint|p2a: AXE Bodyspray
|
|-heal|p1a: Kingambit|75/100|[from] item: Leftovers
|upkeep
|
|t:|1757933671
|switch|p2a: Son of a Krook|Krookodile, M, shiny|100/100
|turn|18
|
|t:|1757933684
|move|p1a: Kingambit|Sucker Punch|p2a: Son of a Krook
|-resisted|p2a: Son of a Krook
|-damage|p2a: Son of a Krook|64/100
|move|p2a: Son of a Krook|Earthquake|p1a: Kingambit
|-supereffective|p1a: Kingambit
|-damage|p1a: Kingambit|0 fnt
|faint|p1a: Kingambit
|-end|p1a: Kingambit|fallen4|[silent]
|-ability|p2a: Son of a Krook|Moxie|boost
|-boost|p2a: Son of a Krook|atk|1
|
|upkeep
|
|t:|1757933692
|switch|p1a: Raging Bolt|Raging Bolt|77/100
|turn|19
|
|t:|1757933696
|move|p2a: Son of a Krook|Earthquake|p1a: Raging Bolt
|-supereffective|p1a: Raging Bolt
|-damage|p1a: Raging Bolt|0 fnt
|faint|p1a: Raging Bolt
|-end|p1a: Raging Bolt|Protosynthesis|[silent]
|
|win|Fifo drummer
|raw|Sezonac's rating: 1358 &rarr; <strong>1341</strong><br />(-17 for losing)
|raw|Fifo drummer's rating: 1418 &rarr; <strong>1435</strong><br />(+17 for winning)
|l|☆Sezonac
|player|p1|
|l|☆Fifo drummer
|player|p2|
