|j|☆201254u
|j|☆skibidisigma417
|t:|1757841536
|gametype|singles
|player|p1|201254u|2|1117
|player|p2|skibidisigma417|boarder|1115
|gen|9
|tier|[Gen 9] OU
|rated|
|rule|HP Percentage Mod: HP is shown in percentages
|rule|Endless Battle Clause: Forcing endless battles is banned
|rule|Species Clause: Limit one of each Pokémon
|rule|OHKO Clause: OHKO moves are banned
|rule|Evasion Items Clause: Evasion items are banned
|rule|Evasion Moves Clause: Evasion moves are banned
|rule|Evasion Abilities Clause: Evasion abilities are banned
|rule|Sleep Moves Clause: Sleep-inducing moves are banned
|clearpoke
|poke|p1|Bellibolt, M|
|poke|p1|Porygon-Z|
|poke|p1|Oricorio-Sensu, M|
|poke|p1|Swalot, M|
|poke|p1|Araquanid, M|
|poke|p1|Primeape, F|
|poke|p2|Dragonite, F|
|poke|p2|Great Tusk|
|poke|p2|Zamazenta-*|
|poke|p2|Moltres|
|poke|p2|Slowking-Galar, M|
|poke|p2|Ting-Lu|
|teampreview
|inactive|Battle timer is ON: inactive players will automatically lose when time's up. (requested by 201254u)
|
|t:|1757841552
|teamsize|p1|6
|teamsize|p2|6
|start
|switch|p1a: Primeape|Primeape, F, shiny|100/100
|switch|p2a: Great Tusk|Great Tusk|100/100
|turn|1
|
|t:|1757841564
|move|p1a: Primeape|Taunt|p2a: Great Tusk
|-start|p2a: Great Tusk|move: Taunt
|move|p2a: Great Tusk|Headlong Rush|p1a: Primeape
|-damage|p1a: Primeape|41/100
|-unboost|p2a: Great Tusk|def|1
|-unboost|p2a: Great Tusk|spd|1
|
|upkeep
|turn|2
|
|t:|1757841571
|move|p1a: Primeape|Drain Punch|p2a: Great Tusk
|-damage|p2a: Great Tusk|66/100
|-heal|p1a: Primeape|64/100|[from] drain|[of] p2a: Great Tusk
|-damage|p1a: Primeape|48/100|[from] item: Rocky Helmet|[of] p2a: Great Tusk
|move|p2a: Great Tusk|Headlong Rush|p1a: Primeape
|-damage|p1a: Primeape|0 fnt
|-unboost|p2a: Great Tusk|def|1
|-unboost|p2a: Great Tusk|spd|1
|faint|p1a: Primeape
|
|upkeep
|
|t:|1757841580
|switch|p1a: Oricorio|Oricorio-Sensu, M, shiny|100/100
|turn|3
|
|t:|1757841588
|move|p2a: Great Tusk|Ice Spinner|p1a: Oricorio
|-supereffective|p1a: Oricorio
|-damage|p1a: Oricorio|49/100
|-enditem|p1a: Oricorio|Kee Berry|[eat]
|-boost|p1a: Oricorio|def|1|[from] item: Kee Berry
|move|p1a: Oricorio|Quiver Dance|p1a: Oricorio
|-boost|p1a: Oricorio|spa|1
|-boost|p1a: Oricorio|spd|1
|-boost|p1a: Oricorio|spe|1
|
|-end|p2a: Great Tusk|move: Taunt
|upkeep
|turn|4
|
|t:|1757841593
|move|p1a: Oricorio|Quiver Dance|p1a: Oricorio
|-boost|p1a: Oricorio|spa|1
|-boost|p1a: Oricorio|spd|1
|-boost|p1a: Oricorio|spe|1
|move|p2a: Great Tusk|Ice Spinner|p1a: Oricorio
|-supereffective|p1a: Oricorio
|-damage|p1a: Oricorio|15/100
|
|upkeep
|turn|5
|
|t:|1757841600
|move|p1a: Oricorio|Roost|p1a: Oricorio
|-heal|p1a: Oricorio|65/100
|-singleturn|p1a: Oricorio|move: Roost
|move|p2a: Great Tusk|Ice Spinner|p1a: Oricorio
|-damage|p1a: Oricorio|49/100
|
|upkeep
|turn|6
|
|t:|1757841605
|move|p1a: Oricorio|Charm|p2a: Great Tusk
|-unboost|p2a: Great Tusk|atk|2
|move|p2a: Great Tusk|Ice Spinner|p1a: Oricorio
|-supereffective|p1a: Oricorio
|-damage|p1a: Oricorio|32/100
|
|upkeep
|turn|7
|
|t:|1757841629
|-end|p2a: Great Tusk|Protosynthesis|[silent]
|switch|p2a: Dragonite|Dragonite, F|100/100
|move|p1a: Oricorio|Revelation Dance|p2a: Dragonite
|-damage|p2a: Dragonite|66/100
|
|upkeep
|turn|8
|
|t:|1757841640
|move|p1a: Oricorio|Charm|p2a: Dragonite
|-unboost|p2a: Dragonite|atk|2
|move|p2a: Dragonite|Ice Spinner|p1a: Oricorio
|-supereffective|p1a: Oricorio
|-damage|p1a: Oricorio|14/100
|
|upkeep
|turn|9
|
|t:|1757841647
|move|p2a: Dragonite|Extreme Speed|p1a: Oricorio
|-immune|p1a: Oricorio
|move|p1a: Oricorio|Roost|p1a: Oricorio
|-heal|p1a: Oricorio|64/100
|-singleturn|p1a: Oricorio|move: Roost
|
|upkeep
|turn|10
|
|t:|1757841654
|switch|p2a: Moltres|Moltres|100/100
|move|p1a: Oricorio|Roost|p1a: Oricorio
|-heal|p1a: Oricorio|100/100
|-singleturn|p1a: Oricorio|move: Roost
|
|upkeep
|turn|11
|
|t:|1757841677
|move|p1a: Oricorio|Revelation Dance|p2a: Moltres
|-damage|p2a: Moltres|39/100
|move|p2a: Moltres|Will-O-Wisp|p1a: Oricorio|[miss]
|-miss|p2a: Moltres|p1a: Oricorio
|
|upkeep
|turn|12
|
|t:|1757841684
|move|p1a: Oricorio|Revelation Dance|p2a: Moltres
|-damage|p2a: Moltres|0 fnt
|faint|p2a: Moltres
|
|upkeep
|
|t:|1757841686
|switch|p2a: Zamazenta|Zamazenta|100/100
|-ability|p2a: Zamazenta|Dauntless Shield|boost
|-boost|p2a: Zamazenta|def|1
|turn|13
|
|t:|1757841699
|-terastallize|p2a: Zamazenta|Dark
|move|p1a: Oricorio|Charm|p2a: Zamazenta
|-unboost|p2a: Zamazenta|atk|2
|move|p2a: Zamazenta|Stone Edge|p1a: Oricorio
|-supereffective|p1a: Oricorio
|-damage|p1a: Oricorio|80/100
|
|upkeep
|turn|14
|-message|skibidisigma417 forfeited.
|
|win|201254u
|raw|201254u's rating: 1117 &rarr; <strong>1142</strong><br />(+25 for winning)
|raw|skibidisigma417's rating: 1115 &rarr; <strong>1090</strong><br />(-25 for losing)
|l|☆skibidisigma417
|player|p2|
|l|☆201254u
|player|p1|
