|j|☆IMMAAXX
|j|☆lzc123456
|t:|1757917355
|gametype|singles
|player|p1|IMMAAXX|lusamine-nihilego|1574
|player|p2|lzc123456|cynthia-gen4|1719
|gen|9
|tier|[Gen 9] OU
|rated|
|rule|HP Percentage Mod: HP is shown in percentages
|rule|Endless Battle Clause: Forcing endless battles is banned
|rule|Species Clause: Limit one of each Pokémon
|rule|OHKO Clause: OHKO moves are banned
|rule|Evasion Items Clause: Evasion items are banned
|rule|Evasion Moves Clause: Evasion moves are banned
|rule|Evasion Abilities Clause: Evasion abilities are banned
|rule|Sleep Moves Clause: Sleep-inducing moves are banned
|clearpoke
|poke|p1|Indeedee, M|
|poke|p1|Hatterene, F|
|poke|p1|Ursaluna, F|
|poke|p1|Iron Hands|
|poke|p1|Hoopa-Unbound|
|poke|p1|Mimikyu, F|
|poke|p2|Alomomola, F|
|poke|p2|Serperior, F|
|poke|p2|Garchomp, M|
|poke|p2|Iron Treads|
|poke|p2|Pelipper, M|
|poke|p2|Zamazenta-*|
|teampreview
|inactive|Battle timer is ON: inactive players will automatically lose when time's up. (requested by lzc123456)
|
|t:|1757917360
|teamsize|p1|6
|teamsize|p2|6
|start
|switch|p1a: LEBRON|Iron Hands, shiny|100/100
|switch|p2a: 盖鸥卡|Pelipper, M, shiny|100/100
|-weather|RainDance|[from] ability: Drizzle|[of] p2a: 盖鸥卡
|-enditem|p1a: LEBRON|Booster Energy
|-activate|p1a: LEBRON|ability: Quark Drive|[fromitem]
|-start|p1a: LEBRON|quarkdriveatk
|turn|1
|
|t:|1757917367
|-terastallize|p2a: 盖鸥卡|Water
|move|p2a: 盖鸥卡|Hydro Pump|p1a: LEBRON
|-damage|p1a: LEBRON|0 fnt
|faint|p1a: LEBRON
|-end|p1a: LEBRON|Quark Drive|[silent]
|
|-weather|RainDance|[upkeep]
|upkeep
|
|t:|1757917390
|switch|p1a: Subaru|Indeedee, M, shiny|100/100
|-fieldstart|move: Psychic Terrain|[from] ability: Psychic Surge|[of] p1a: Subaru
|turn|2
|
|t:|1757917394
|switch|p1a: Mimi|Mimikyu, F, shiny|100/100
|move|p2a: 盖鸥卡|Hydro Pump|p1a: Mimi
|-activate|p1a: Mimi|ability: Disguise
|-damage|p1a: Mimi|100/100
|detailschange|p1a: Mimi|Mimikyu-Busted, F, shiny
|-damage|p1a: Mimi|88/100|[from] pokemon: Mimikyu-Busted
|-enditem|p1a: Mimi|Red Card|[of] p2a: 盖鸥卡
|drag|p2a: 减10大王|Garchomp, M, shiny|100/100
|
|-weather|RainDance|[upkeep]
|upkeep
|turn|3
|
|t:|1757917404
|switch|p1a: Satella|Hatterene, F, shiny|100/100
|move|p2a: 减10大王|Earthquake|p1a: Satella
|-damage|p1a: Satella|49/100
|
|-weather|RainDance|[upkeep]
|upkeep
|turn|4
|
|t:|1757917409
|move|p2a: 减10大王|Earthquake|p1a: Satella
|-damage|p1a: Satella|3/100
|move|p1a: Satella|Trick Room|p1a: Satella
|-fieldstart|move: Trick Room|[of] p1a: Satella
|
|-weather|RainDance|[upkeep]
|upkeep
|turn|5
|
|t:|1757917412
|move|p1a: Satella|Expanding Force|p2a: 减10大王
|-damage|p2a: 减10大王|0 fnt
|faint|p2a: 减10大王
|-damage|p1a: Satella|0 fnt|[from] item: Life Orb
|faint|p1a: Satella
|
|-weather|none
|upkeep
|
|t:|1757917421
|switch|p1a: King Von|Hoopa-Unbound|100/100
|switch|p2a: 小铁|Iron Treads|100/100
|-enditem|p1a: King Von|Psychic Seed
|-boost|p1a: King Von|spd|1|[from] item: Psychic Seed
|turn|6
|
|t:|1757917428
|move|p1a: King Von|Focus Blast|p2a: 小铁|[miss]
|-miss|p1a: King Von|p2a: 小铁
|move|p2a: 小铁|Earthquake|p1a: King Von
|-damage|p1a: King Von|58/100
|
|upkeep
|turn|7
|
|t:|1757917431
|move|p1a: King Von|Focus Blast|p2a: 小铁
|-supereffective|p2a: 小铁
|-damage|p2a: 小铁|46/100
|-item|p1a: King Von|Assault Vest|[from] ability: Magician|[of] p2a: 小铁
|move|p2a: 小铁|Earthquake|p1a: King Von
|-damage|p1a: King Von|16/100
|
|upkeep
|turn|8
|
|t:|1757917438
|-end|p2a: 小铁|Quark Drive|[silent]
|switch|p2a: 脏活累活|Alomomola, F|100/100
|move|p1a: King Von|Focus Blast|p2a: 脏活累活|[miss]
|-miss|p1a: King Von|p2a: 脏活累活
|
|-fieldend|move: Trick Room
|upkeep
|turn|9
|
|t:|1757917442
|move|p1a: King Von|Expanding Force|p2a: 脏活累活
|-damage|p2a: 脏活累活|49/100
|move|p2a: 脏活累活|Flip Turn|p1a: King Von
|-damage|p1a: King Von|0 fnt
|faint|p1a: King Von
|
|t:|1757917445
|switch|p2a: 盖鸥卡|Pelipper, M, shiny, tera:Water|100/100|[from] Flip Turn
|-weather|RainDance|[from] ability: Drizzle|[of] p2a: 盖鸥卡
|
|-weather|RainDance|[upkeep]
|-fieldend|move: Psychic Terrain
|upkeep
|
|t:|1757917449
|switch|p1a: Subaru|Indeedee, M, shiny|100/100
|-fieldstart|move: Psychic Terrain|[from] ability: Psychic Surge|[of] p1a: Subaru
|turn|10
|
|t:|1757917451
|move|p2a: 盖鸥卡|Weather Ball|p1a: Subaru
|-damage|p1a: Subaru|0 fnt
|faint|p1a: Subaru
|
|-weather|RainDance|[upkeep]
|upkeep
|
|t:|1757917454
|switch|p1a: Mimi|Mimikyu-Busted, F, shiny|88/100
|turn|11
|
|t:|1757917456
|move|p2a: 盖鸥卡|Weather Ball|p1a: Mimi
|-damage|p1a: Mimi|0 fnt
|faint|p1a: Mimi
|
|-weather|RainDance|[upkeep]
|upkeep
|-message|IMMAAXX forfeited.
|
|win|lzc123456
|raw|IMMAAXX's rating: 1574 &rarr; <strong>1562</strong><br />(-12 for losing)
|raw|lzc123456's rating: 1719 &rarr; <strong>1731</strong><br />(+12 for winning)
|l|☆IMMAAXX
|player|p1|
|l|☆lzc123456
|player|p2|
