|j|☆Aggron1337
|j|☆matougris
|t:|1757945207
|gametype|singles
|player|p1|Aggron1337|pokemaniac|1434
|player|p2|matougris|cameraman|1452
|gen|9
|tier|[Gen 9] OU
|rated|
|rule|HP Percentage Mod: HP is shown in percentages
|rule|Endless Battle Clause: Forcing endless battles is banned
|rule|Species Clause: Limit one of each Pokémon
|rule|OHKO Clause: OHKO moves are banned
|rule|Evasion Items Clause: Evasion items are banned
|rule|Evasion Moves Clause: Evasion moves are banned
|rule|Evasion Abilities Clause: Evasion abilities are banned
|rule|Sleep Moves Clause: Sleep-inducing moves are banned
|clearpoke
|poke|p1|Kyurem|
|poke|p1|Excadrill, F|
|poke|p1|Samurott-Hisui, M|
|poke|p1|Cramorant, F|
|poke|p1|Hatterene, F|
|poke|p1|Zapdos|
|poke|p2|Torkoal, M|
|poke|p2|Walking Wake|
|poke|p2|Iron Moth|
|poke|p2|Kingambit, M|
|poke|p2|Lilligant-Hisui, F|
|poke|p2|Great Tusk|
|teampreview
|inactive|Battle timer is ON: inactive players will automatically lose when time's up. (requested by Aggron1337)
|
|t:|1757945227
|teamsize|p1|6
|teamsize|p2|6
|start
|switch|p1a: Cramorant|Cramorant, F|100/100
|switch|p2a: frapfort 2|Kingambit, M, shiny|100/100
|turn|1
|
|t:|1757945234
|move|p1a: Cramorant|Surf|p2a: frapfort 2
|-formechange|p1a: Cramorant|Cramorant-Gulping|
|-damage|p2a: frapfort 2|65/100
|move|p2a: frapfort 2|Iron Head|p1a: Cramorant
|-resisted|p1a: Cramorant
|-damage|p1a: Cramorant|66/100
|-damage|p2a: frapfort 2|40/100|[from] ability: Gulp Missile|[of] p1a: Cramorant
|-unboost|p2a: frapfort 2|def|1
|-formechange|p1a: Cramorant|Cramorant|
|
|-heal|p2a: frapfort 2|46/100|[from] item: Leftovers
|upkeep
|turn|2
|
|t:|1757945242
|-end|p2a: frapfort 2|fallenundefined|[silent]
|switch|p2a: here comes the|Torkoal, M, shiny|100/100
|-weather|SunnyDay|[from] ability: Drought|[of] p2a: here comes the
|move|p1a: Cramorant|Roost|p1a: Cramorant
|-heal|p1a: Cramorant|100/100
|-singleturn|p1a: Cramorant|move: Roost
|
|-weather|SunnyDay|[upkeep]
|upkeep
|turn|3
|
|t:|1757945245
|move|p1a: Cramorant|Surf|p2a: here comes the
|-formechange|p1a: Cramorant|Cramorant-Gulping|
|-supereffective|p2a: here comes the
|-damage|p2a: here comes the|67/100
|move|p2a: here comes the|Stealth Rock|p1a: Cramorant
|-sidestart|p1: Aggron1337|move: Stealth Rock
|
|-weather|SunnyDay|[upkeep]
|upkeep
|turn|4
|
|t:|1757945252
|switch|p2a: streapteaseuse|Lilligant-Hisui, F, shiny|100/100
|move|p1a: Cramorant|Defog|p2a: streapteaseuse
|-unboost|p2a: streapteaseuse|evasion|1
|-sideend|p1: Aggron1337|Stealth Rock|[from] move: Defog|[of] p1a: Cramorant
|
|-weather|SunnyDay|[upkeep]
|upkeep
|turn|5
|
|t:|1757945255
|move|p2a: streapteaseuse|Solar Blade||[still]
|-prepare|p2a: streapteaseuse|Solar Blade
|-anim|p2a: streapteaseuse|Solar Blade|p1a: Cramorant
|-damage|p1a: Cramorant|0 fnt
|-damage|p2a: streapteaseuse|76/100|[from] ability: Gulp Missile|[of] p1a: Cramorant
|-unboost|p2a: streapteaseuse|def|1
|-formechange|p1a: Cramorant|Cramorant|
|faint|p1a: Cramorant
|-damage|p2a: streapteaseuse|66/100|[from] item: Life Orb
|
|-weather|SunnyDay|[upkeep]
|upkeep
|
|t:|1757945262
|switch|p1a: Zapdos|Zapdos, shiny|100/100
|turn|6
|
|t:|1757945267
|switch|p2a: long queue|Walking Wake|100/100
|-activate|p2a: long queue|ability: Protosynthesis
|-start|p2a: long queue|protosynthesisspe
|move|p1a: Zapdos|Hurricane|p2a: long queue
|-damage|p2a: long queue|49/100
|
|-weather|SunnyDay|[upkeep]
|upkeep
|turn|7
|
|t:|1757945270
|move|p2a: long queue|Hydro Steam|p1a: Zapdos
|-damage|p1a: Zapdos|29/100
|-damage|p2a: long queue|39/100|[from] item: Life Orb
|move|p1a: Zapdos|Hurricane|p2a: long queue|[miss]
|-miss|p1a: Zapdos|p2a: long queue
|
|-weather|SunnyDay|[upkeep]
|upkeep
|turn|8
|
|t:|1757945273
|move|p2a: long queue|Hydro Steam|p1a: Zapdos
|-damage|p1a: Zapdos|0 fnt
|faint|p1a: Zapdos
|-damage|p2a: long queue|29/100|[from] item: Life Orb
|
|-weather|SunnyDay|[upkeep]
|upkeep
|
|t:|1757945278
|switch|p1a: Samurott|Samurott-Hisui, M|100/100
|turn|9
|
|t:|1757945280
|move|p2a: long queue|Draco Meteor|p1a: Samurott
|-damage|p1a: Samurott|0 fnt
|-unboost|p2a: long queue|spa|2
|faint|p1a: Samurott
|-damage|p2a: long queue|20/100|[from] item: Life Orb
|
|-weather|none
|-end|p2a: long queue|Protosynthesis
|upkeep
|
|t:|1757945283
|switch|p1a: Kyurem|Kyurem|100/100
|-ability|p1a: Kyurem|Pressure
|turn|10
|
|t:|1757945291
|-terastallize|p1a: Kyurem|Ground
|move|p2a: long queue|Draco Meteor|p1a: Kyurem
|-damage|p1a: Kyurem|61/100
|-unboost|p2a: long queue|spa|2
|-damage|p2a: long queue|10/100|[from] item: Life Orb
|move|p1a: Kyurem|Dragon Dance|p1a: Kyurem
|-boost|p1a: Kyurem|atk|1
|-boost|p1a: Kyurem|spe|1
|
|upkeep
|turn|11
|
|t:|1757945296
|move|p1a: Kyurem|Scale Shot|p2a: long queue
|-supereffective|p2a: long queue
|-damage|p2a: long queue|0 fnt
|faint|p2a: long queue
|-end|p2a: long queue|Protosynthesis|[silent]
|-hitcount|p2: long queue|1
|-unboost|p1a: Kyurem|def|1
|-boost|p1a: Kyurem|spe|1
|
|upkeep
|
|t:|1757945301
|switch|p2a: here comes the|Torkoal, M, shiny|67/100
|-weather|SunnyDay|[from] ability: Drought|[of] p2a: here comes the
|turn|12
|
|t:|1757945306
|move|p1a: Kyurem|Dragon Dance|p1a: Kyurem
|-boost|p1a: Kyurem|atk|1
|-boost|p1a: Kyurem|spe|1
|move|p2a: here comes the|Body Press|p1a: Kyurem
|-damage|p1a: Kyurem|27/100
|
|-weather|SunnyDay|[upkeep]
|upkeep
|turn|13
|
|t:|1757945309
|move|p1a: Kyurem|Scale Shot|p2a: here comes the
|-damage|p2a: here comes the|44/100
|-damage|p2a: here comes the|23/100
|-damage|p2a: here comes the|3/100
|-damage|p2a: here comes the|0 fnt
|faint|p2a: here comes the
|-hitcount|p2: here comes the|4
|-unboost|p1a: Kyurem|def|1
|-boost|p1a: Kyurem|spe|1
|
|-weather|SunnyDay|[upkeep]
|upkeep
|
|t:|1757945315
|switch|p2a: frapfort 2|Kingambit, M, shiny|46/100
|-activate|p2a: frapfort 2|ability: Supreme Overlord
|-start|p2a: frapfort 2|fallen2|[silent]
|turn|14
|
|t:|1757945318
|move|p1a: Kyurem|Dragon Dance|p1a: Kyurem
|-boost|p1a: Kyurem|atk|1
|-boost|p1a: Kyurem|spe|1
|move|p2a: frapfort 2|Iron Head|p1a: Kyurem
|-damage|p1a: Kyurem|0 fnt
|faint|p1a: Kyurem
|
|-weather|SunnyDay|[upkeep]
|-heal|p2a: frapfort 2|52/100|[from] item: Leftovers
|upkeep
|
|t:|1757945321
|switch|p1a: Excadrill|Excadrill, F|100/100
|-ability|p1a: Excadrill|Mold Breaker
|turn|15
|-message|Aggron1337 forfeited.
|
|win|matougris
|raw|Aggron1337's rating: 1434 &rarr; <strong>1415</strong><br />(-19 for losing)
|raw|matougris's rating: 1452 &rarr; <strong>1471</strong><br />(+19 for winning)
|l|☆Aggron1337
|player|p1|
|l|☆matougris
|player|p2|
