|j|☆ravextrix
|j|☆napkin_56
|t:|1757909517
|gametype|singles
|player|p1|ravextrix|169|1455
|player|p2|napkin_56|policeman-gen4|1510
|gen|9
|tier|[Gen 9] OU
|rated|
|rule|HP Percentage Mod: HP is shown in percentages
|rule|Endless Battle Clause: Forcing endless battles is banned
|rule|Species Clause: Limit one of each Pokémon
|rule|OHKO Clause: OHKO moves are banned
|rule|Evasion Items Clause: Evasion items are banned
|rule|Evasion Moves Clause: Evasion moves are banned
|rule|Evasion Abilities Clause: Evasion abilities are banned
|rule|Sleep Moves Clause: Sleep-inducing moves are banned
|clearpoke
|poke|p1|Garganacl, M|
|poke|p1|Weezing-Galar, F|
|poke|p1|Corviknight, M|
|poke|p1|Dragapult, M|
|poke|p1|Slowking-Galar, F|
|poke|p1|Samurott-Hisui, F|
|poke|p2|Thundurus-Therian, M|
|poke|p2|Gholdengo|
|poke|p2|Landorus-Therian, M|
|poke|p2|Samurott-Hisui, F|
|poke|p2|Zamazenta-*|
|poke|p2|Slowking-Galar, F|
|teampreview
|inactive|Battle timer is ON: inactive players will automatically lose when time's up. (requested by napkin_56)
|
|t:|1757909536
|teamsize|p1|6
|teamsize|p2|6
|start
|switch|p1a: Specialist|Dragapult, M|100/100
|switch|p2a: Landorus|Landorus-Therian, M|100/100
|-ability|p2a: Landorus|Intimidate|boost
|-unboost|p1a: Specialist|atk|1
|turn|1
|
|t:|1757909540
|move|p1a: Specialist|Will-O-Wisp|p2a: Landorus
|-status|p2a: Landorus|brn
|move|p2a: Landorus|Stealth Rock|p1a: Specialist
|-sidestart|p1: ravextrix|move: Stealth Rock
|
|-damage|p2a: Landorus|94/100 brn|[from] brn
|upkeep
|turn|2
|
|t:|1757909544
|move|p1a: Specialist|Hex|p2a: Landorus
|-damage|p2a: Landorus|55/100 brn
|move|p2a: Landorus|Taunt|p1a: Specialist
|-start|p1a: Specialist|move: Taunt
|
|-damage|p2a: Landorus|49/100 brn|[from] brn
|upkeep
|turn|3
|
|t:|1757909559
|switch|p2a: Samurott|Samurott-Hisui, F|100/100
|move|p1a: Specialist|Hex|p2a: Samurott
|-resisted|p2a: Samurott
|-damage|p2a: Samurott|86/100
|
|upkeep
|turn|4
|
|t:|1757909565
|switch|p1a: Nurse|Weezing-Galar, F|100/100
|-ability|p1a: Nurse|Neutralizing Gas
|-damage|p1a: Nurse|88/100|[from] Stealth Rock
|move|p2a: Samurott|Ceaseless Edge|p1a: Nurse
|-resisted|p1a: Nurse
|-damage|p1a: Nurse|80/100
|-sidestart|p1: ravextrix|Spikes
|
|-heal|p1a: Nurse|86/100|[from] item: Black Sludge
|upkeep
|turn|5
|
|t:|1757909576
|switch|p2a: Slowking|Slowking-Galar, F|100/100
|move|p1a: Nurse|Defog|p2a: Slowking
|-unboost|p2a: Slowking|evasion|1
|-sideend|p1: ravextrix|Spikes|[from] move: Defog|[of] p1a: Nurse
|-sideend|p1: ravextrix|Stealth Rock|[from] move: Defog|[of] p1a: Nurse
|
|-heal|p1a: Nurse|92/100|[from] item: Black Sludge
|upkeep
|turn|6
|
|t:|1757909585
|-end|p1a: Nurse|ability: Neutralizing Gas
|switch|p1a: Acupuncturist|Samurott-Hisui, F|100/100
|move|p2a: Slowking|Future Sight|p1a: Acupuncturist
|-start|p2a: Slowking|move: Future Sight
|
|upkeep
|turn|7
|inactive|napkin_56 has 120 seconds left.
|
|t:|1757909624
|switch|p2a: Samurott|Samurott-Hisui, F|86/100
|move|p1a: Acupuncturist|Knock Off|p2a: Samurott
|-resisted|p2a: Samurott
|-damage|p2a: Samurott|64/100
|-enditem|p2a: Samurott|Heavy-Duty Boots|[from] move: Knock Off|[of] p1a: Acupuncturist
|
|upkeep
|turn|8
|
|t:|1757909632
|switch|p1a: Plague Doctor|Corviknight, M|100/100
|-ability|p1a: Plague Doctor|Pressure
|move|p2a: Samurott|Ceaseless Edge|p1a: Plague Doctor
|-damage|p1a: Plague Doctor|76/100
|-damage|p2a: Samurott|47/100|[from] item: Rocky Helmet|[of] p1a: Plague Doctor
|-sidestart|p1: ravextrix|Spikes
|
|-end|p1a: Plague Doctor|move: Future Sight
|-resisted|p1a: Plague Doctor
|-damage|p1a: Plague Doctor|55/100
|upkeep
|turn|9
|
|t:|1757909642
|switch|p2a: Thundurus|Thundurus-Therian, M|100/100
|move|p1a: Plague Doctor|Roost|p1a: Plague Doctor
|-heal|p1a: Plague Doctor|100/100
|-singleturn|p1a: Plague Doctor|move: Roost
|
|upkeep
|turn|10
|
|t:|1757909652
|switch|p1a: Specialist|Dragapult, M|100/100
|move|p2a: Thundurus|Knock Off|p1a: Specialist
|-supereffective|p1a: Specialist
|-damage|p1a: Specialist|39/100
|-enditem|p1a: Specialist|Heavy-Duty Boots|[from] move: Knock Off|[of] p2a: Thundurus
|
|upkeep
|turn|11
|
|t:|1757909672
|move|p1a: Specialist|Dragon Darts|p2a: Thundurus
|-damage|p2a: Thundurus|62/100
|-anim|p1a: Specialist|Dragon Darts|p2a: Thundurus
|-damage|p2a: Thundurus|23/100
|move|p2a: Thundurus|Volt Switch|p1a: Specialist
|-resisted|p1a: Specialist
|-damage|p1a: Specialist|12/100
|
|t:|1757909685
|switch|p2a: Gholdengo|Gholdengo|100/100|[from] Volt Switch
|
|upkeep
|turn|12
|
|t:|1757909693
|move|p2a: Gholdengo|Make It Rain|p1a: Specialist
|-damage|p1a: Specialist|0 fnt
|-unboost|p2a: Gholdengo|spa|1
|faint|p1a: Specialist
|
|upkeep
|
|t:|1757909700
|switch|p1a: Acupuncturist|Samurott-Hisui, F|100/100
|-damage|p1a: Acupuncturist|88/100|[from] Spikes
|turn|13
|
|t:|1757909708
|switch|p2a: Zamazenta|Zamazenta|100/100
|-ability|p2a: Zamazenta|Dauntless Shield|boost
|-boost|p2a: Zamazenta|def|1
|move|p1a: Acupuncturist|Ceaseless Edge|p2a: Zamazenta
|-resisted|p2a: Zamazenta
|-damage|p2a: Zamazenta|90/100
|-sidestart|p2: napkin_56|Spikes
|
|upkeep
|turn|14
|
|t:|1757909714
|switch|p1a: Plague Doctor|Corviknight, M|100/100
|-ability|p1a: Plague Doctor|Pressure
|move|p2a: Zamazenta|Iron Defense|p2a: Zamazenta
|-boost|p2a: Zamazenta|def|2
|
|upkeep
|turn|15
|
|t:|1757909718
|move|p2a: Zamazenta|Body Press|p1a: Plague Doctor
|-damage|p1a: Plague Doctor|47/100
|-damage|p2a: Zamazenta|73/100|[from] item: Rocky Helmet|[of] p1a: Plague Doctor
|move|p1a: Plague Doctor|Iron Defense|p1a: Plague Doctor
|-boost|p1a: Plague Doctor|def|2
|
|upkeep
|turn|16
|
|t:|1757909724
|move|p2a: Zamazenta|Iron Defense|p2a: Zamazenta
|-boost|p2a: Zamazenta|def|2
|move|p1a: Plague Doctor|Roost|p1a: Plague Doctor
|-heal|p1a: Plague Doctor|97/100
|-singleturn|p1a: Plague Doctor|move: Roost
|
|upkeep
|turn|17
|
|t:|1757909732
|move|p2a: Zamazenta|Body Press|p1a: Plague Doctor
|-damage|p1a: Plague Doctor|57/100
|-damage|p2a: Zamazenta|56/100|[from] item: Rocky Helmet|[of] p1a: Plague Doctor
|move|p1a: Plague Doctor|Iron Defense|p1a: Plague Doctor
|-boost|p1a: Plague Doctor|def|2
|
|upkeep
|turn|18
|
|t:|1757909742
|switch|p2a: Thundurus|Thundurus-Therian, M|23/100
|move|p1a: Plague Doctor|Roost|p1a: Plague Doctor
|-heal|p1a: Plague Doctor|100/100
|-singleturn|p1a: Plague Doctor|move: Roost
|
|upkeep
|turn|19
|
|t:|1757909748
|-terastallize|p1a: Plague Doctor|Fighting
|move|p2a: Thundurus|Thunderbolt|p1a: Plague Doctor
|-damage|p1a: Plague Doctor|51/100
|move|p1a: Plague Doctor|Body Press|p2a: Thundurus
|-resisted|p2a: Thundurus
|-damage|p2a: Thundurus|0 fnt
|faint|p2a: Thundurus
|
|upkeep
|
|t:|1757909761
|switch|p2a: Gholdengo|Gholdengo|100/100
|-damage|p2a: Gholdengo|88/100|[from] Spikes
|turn|20
|
|t:|1757909784
|move|p2a: Gholdengo|Trick|p1a: Plague Doctor
|-activate|p2a: Gholdengo|move: Trick|[of] p1a: Plague Doctor
|-item|p1a: Plague Doctor|Choice Scarf|[from] move: Trick
|-item|p2a: Gholdengo|Rocky Helmet|[from] move: Trick
|move|p1a: Plague Doctor|Roost|p1a: Plague Doctor
|-heal|p1a: Plague Doctor|100/100
|
|upkeep
|turn|21
|
|t:|1757909793
|switch|p1a: Acupuncturist|Samurott-Hisui, F|88/100
|-damage|p1a: Acupuncturist|76/100|[from] Spikes
|move|p2a: Gholdengo|Thunderbolt|p1a: Acupuncturist
|-supereffective|p1a: Acupuncturist
|-damage|p1a: Acupuncturist|0 fnt
|faint|p1a: Acupuncturist
|
|upkeep
|
|t:|1757909799
|switch|p1a: Trudeau-king|Slowking-Galar, F|100/100
|-damage|p1a: Trudeau-king|88/100|[from] Spikes
|turn|22
|
|t:|1757909809
|switch|p2a: Slowking|Slowking-Galar, F|100/100
|move|p1a: Trudeau-king|Flamethrower|p2a: Slowking
|-damage|p2a: Slowking|86/100
|
|upkeep
|turn|23
|inactive|ravextrix has 120 seconds left.
|-message|ravextrix forfeited.
|
|win|napkin_56
|raw|ravextrix's rating: 1455 &rarr; <strong>1438</strong><br />(-17 for losing)
|raw|napkin_56's rating: 1510 &rarr; <strong>1527</strong><br />(+17 for winning)
|l|☆ravextrix
|player|p1|
|l|☆napkin_56
|player|p2|
