|j|☆Djorz01
|j|☆beanzzzz4me
|t:|1757851532
|gametype|singles
|player|p1|Djorz01|gambler|1244
|player|p2|beanzzzz4me|rood|1219
|gen|9
|tier|[Gen 9] OU
|rated|
|rule|HP Percentage Mod: HP is shown in percentages
|rule|Endless Battle Clause: Forcing endless battles is banned
|rule|Species Clause: Limit one of each Pokémon
|rule|OHKO Clause: OHKO moves are banned
|rule|Evasion Items Clause: Evasion items are banned
|rule|Evasion Moves Clause: Evasion moves are banned
|rule|Evasion Abilities Clause: Evasion abilities are banned
|rule|Sleep Moves Clause: Sleep-inducing moves are banned
|clearpoke
|poke|p1|Slaking, F|
|poke|p1|Slowking-Galar, M|
|poke|p1|Hoopa-Unbound|
|poke|p1|Great Tusk|
|poke|p1|Kingambit, F|
|poke|p1|Latios, M|
|poke|p2|Indeedee, M|
|poke|p2|Hatterene, F|
|poke|p2|Ursaluna, F|
|poke|p2|Iron Hands|
|poke|p2|Hoopa-Unbound|
|poke|p2|Mimikyu, F|
|teampreview
|
|t:|1757851544
|teamsize|p1|6
|teamsize|p2|6
|start
|switch|p1a: Slaking|Slaking, F|100/100
|switch|p2a: Subaru|Indeedee, M, shiny|100/100
|-fieldstart|move: Psychic Terrain|[from] ability: Psychic Surge|[of] p2a: Subaru
|turn|1
|
|t:|1757851556
|switch|p2a: Mimi|Mimikyu, F, shiny|100/100
|move|p1a: Slaking|Taunt|p2a: Mimi
|-start|p2a: Mimi|move: Taunt
|
|upkeep
|turn|2
|
|t:|1757851574
|cant|p1a: Slaking|ability: Truant
|move|p2a: Mimi|Play Rough|p1a: Slaking
|-damage|p1a: Slaking|87/100
|-damage|p2a: Mimi|84/100|[from] item: Rocky Helmet|[of] p1a: Slaking
|
|upkeep
|turn|3
|
|t:|1757851584
|switch|p2a: Subaru|Indeedee, M, shiny|100/100
|move|p1a: Slaking|Knock Off|p2a: Subaru
|-supereffective|p2a: Subaru
|-damage|p2a: Subaru|26/100
|-enditem|p2a: Subaru|Terrain Extender|[from] move: Knock Off|[of] p1a: Slaking
|
|upkeep
|turn|4
|
|t:|1757851602
|switch|p1a: Hoopa|Hoopa-Unbound|100/100
|move|p2a: Subaru|Trick Room|p2a: Subaru
|-fieldstart|move: Trick Room|[of] p2a: Subaru
|
|upkeep
|turn|5
|
|t:|1757851610
|move|p2a: Subaru|Healing Wish|p2a: Subaru
|faint|p2a: Subaru
|move|p1a: Hoopa|Hyperspace Fury|p2: Subaru|[notarget]
|-fail|p1a: Hoopa
|
|upkeep
|
|t:|1757851624
|switch|p2a: Satella|Hatterene, F, shiny|100/100
|turn|6
|
|t:|1757851629
|move|p2a: Satella|Draining Kiss|p1a: Hoopa
|-supereffective|p1a: Hoopa
|-damage|p1a: Hoopa|28/100
|-damage|p2a: Satella|91/100|[from] item: Life Orb
|move|p1a: Hoopa|Hyperspace Fury|p2a: Satella
|-crit|p2a: Satella
|-damage|p2a: Satella|0 fnt
|-unboost|p1a: Hoopa|def|1
|faint|p2a: Satella
|
|upkeep
|
|t:|1757851642
|switch|p2a: Crashout YN|Ursaluna, F, shiny|100/100
|turn|7
|
|t:|1757851647
|switch|p1a: Slaking|Slaking, F|87/100
|move|p2a: Crashout YN|Facade|p1a: Slaking
|-damage|p1a: Slaking|64/100
|-damage|p2a: Crashout YN|84/100|[from] item: Rocky Helmet|[of] p1a: Slaking
|
|-status|p2a: Crashout YN|brn|[from] item: Flame Orb
|upkeep
|turn|8
|
|t:|1757851664
|move|p2a: Crashout YN|Facade|p1a: Slaking
|-damage|p1a: Slaking|0 fnt
|-damage|p2a: Crashout YN|67/100 brn|[from] item: Rocky Helmet|[of] p1a: Slaking
|faint|p1a: Slaking
|
|-damage|p2a: Crashout YN|61/100 brn|[from] brn
|-fieldend|move: Trick Room
|-fieldend|move: Psychic Terrain
|upkeep
|
|t:|1757851692
|switch|p1a: Hoopa|Hoopa-Unbound|28/100
|turn|9
|
|t:|1757851704
|switch|p2a: Mimi|Mimikyu, F, shiny|84/100
|-heal|p2a: Mimi|100/100|[from] move: Healing Wish
|-terastallize|p1a: Hoopa|Dark
|move|p1a: Hoopa|Hyperspace Fury|p2a: Mimi
|-activate|p2a: Mimi|ability: Disguise
|-damage|p2a: Mimi|100/100
|-unboost|p1a: Hoopa|def|1
|detailschange|p2a: Mimi|Mimikyu-Busted, F, shiny
|-damage|p2a: Mimi|88/100|[from] pokemon: Mimikyu-Busted
|-enditem|p2a: Mimi|Red Card|[of] p1a: Hoopa
|drag|p1a: Kingambit|Kingambit, F|100/100
|-activate|p1a: Kingambit|ability: Supreme Overlord
|-start|p1a: Kingambit|fallen1|[silent]
|
|upkeep
|turn|10
|
|t:|1757851736
|move|p2a: Mimi|Curse|p1a: Kingambit
|-start|p1a: Kingambit|Curse|[of] p2a: Mimi
|-damage|p2a: Mimi|38/100
|move|p1a: Kingambit|Iron Head|p2a: Mimi
|-supereffective|p2a: Mimi
|-damage|p2a: Mimi|0 fnt
|faint|p2a: Mimi
|
|-damage|p1a: Kingambit|76/100|[from] Curse
|upkeep
|
|t:|1757851746
|switch|p2a: LEBRON|Iron Hands, shiny|100/100
|-enditem|p2a: LEBRON|Booster Energy
|-activate|p2a: LEBRON|ability: Quark Drive|[fromitem]
|-start|p2a: LEBRON|quarkdriveatk
|turn|11
|
|t:|1757851759
|-end|p1a: Kingambit|fallen1|[silent]
|switch|p1a: Slowking|Slowking-Galar, M|100/100
|move|p2a: LEBRON|Supercell Slam|p1a: Slowking
|-damage|p1a: Slowking|17/100
|
|upkeep
|turn|12
|
|t:|1757851769
|move|p2a: LEBRON|Ice Punch|p1a: Slowking
|-damage|p1a: Slowking|0 fnt
|faint|p1a: Slowking
|
|upkeep
|
|t:|1757851773
|switch|p1a: Latios|Latios, M|100/100
|turn|13
|
|t:|1757851799
|-terastallize|p2a: LEBRON|Flying
|move|p1a: Latios|Draco Meteor|p2a: LEBRON
|-damage|p2a: LEBRON|24/100
|-unboost|p1a: Latios|spa|2
|move|p2a: LEBRON|Ice Punch|p1a: Latios
|-supereffective|p1a: Latios
|-damage|p1a: Latios|0 fnt
|faint|p1a: Latios
|
|upkeep
|
|t:|1757851813
|switch|p1a: Hoopa|Hoopa-Unbound, tera:Dark|28/100
|turn|14
|
|t:|1757851832
|move|p1a: Hoopa|Hyperspace Fury|p2a: LEBRON
|-damage|p2a: LEBRON|0 fnt
|-unboost|p1a: Hoopa|def|1
|faint|p2a: LEBRON
|-end|p2a: LEBRON|Quark Drive|[silent]
|
|upkeep
|
|t:|1757851858
|switch|p2a: King Von|Hoopa-Unbound|100/100
|turn|15
|
|t:|1757851861
|move|p1a: Hoopa|Hyperspace Fury|p2a: King Von
|-damage|p2a: King Von|0 fnt
|-unboost|p1a: Hoopa|def|1
|faint|p2a: King Von
|
|upkeep
|-message|beanzzzz4me forfeited.
|
|win|Djorz01
|raw|Djorz01's rating: 1244 &rarr; <strong>1267</strong><br />(+23 for winning)
|raw|beanzzzz4me's rating: 1219 &rarr; <strong>1196</strong><br />(-23 for losing)
|l|☆beanzzzz4me
|player|p2|
|l|☆Djorz01
|player|p1|
