|j|☆GauMongStyle
|j|☆jxrx
|t:|1757798103
|gametype|singles
|player|p1|GauMongStyle|170|1381
|player|p2|jxrx|norman|1360
|gen|9
|tier|[Gen 9] OU
|rated|
|rule|HP Percentage Mod: HP is shown in percentages
|rule|Endless Battle Clause: Forcing endless battles is banned
|rule|Species Clause: Limit one of each Pokémon
|rule|OHKO Clause: OHKO moves are banned
|rule|Evasion Items Clause: Evasion items are banned
|rule|Evasion Moves Clause: Evasion moves are banned
|rule|Evasion Abilities Clause: Evasion abilities are banned
|rule|Sleep Moves Clause: Sleep-inducing moves are banned
|clearpoke
|poke|p1|Latios, M|
|poke|p1|Tinkaton, F|
|poke|p1|Donphan, M|
|poke|p1|Rotom-Wash|
|poke|p1|Zarude|
|poke|p1|Zapdos-Galar|
|poke|p2|Empoleon, M|
|poke|p2|Sableye, M|
|poke|p2|Great Tusk|
|poke|p2|Dragapult, M|
|poke|p2|Iron Crown|
|poke|p2|Cyclizar, M|
|teampreview
|inactive|Battle timer is ON: inactive players will automatically lose when time's up. (requested by GauMongStyle)
|inactive|GauMongStyle has 120 seconds left.
|inactive|jxrx has 120 seconds left.
|inactive|jxrx has 90 seconds left.
|
|t:|1757798170
|teamsize|p1|6
|teamsize|p2|6
|start
|switch|p1a: Tinkaton|Tinkaton, F|100/100
|switch|p2a: Cyclizar|Cyclizar, M|100/100
|turn|1
|
|t:|1757798176
|move|p2a: Cyclizar|U-turn|p1a: Tinkaton
|-resisted|p1a: Tinkaton
|-damage|p1a: Tinkaton|94/100
|-damage|p2a: Cyclizar|91/100|[from] item: Life Orb
|
|t:|1757798179
|switch|p2a: Great Tusk|Great Tusk|100/100|[from] U-turn
|move|p1a: Tinkaton|Knock Off|p2a: Great Tusk
|-resisted|p2a: Great Tusk
|-damage|p2a: Great Tusk|95/100
|-enditem|p2a: Great Tusk|Heavy-Duty Boots|[from] move: Knock Off|[of] p1a: Tinkaton
|
|-heal|p1a: Tinkaton|99/100|[from] item: Leftovers
|upkeep
|turn|2
|
|t:|1757798187
|move|p1a: Tinkaton|Stealth Rock|p2a: Great Tusk
|-sidestart|p2: jxrx|move: Stealth Rock
|move|p2a: Great Tusk|Stealth Rock|p1a: Tinkaton
|-sidestart|p1: GauMongStyle|move: Stealth Rock
|
|-heal|p1a: Tinkaton|100/100|[from] item: Leftovers
|upkeep
|turn|3
|
|t:|1757798191
|-end|p2a: Great Tusk|Protosynthesis|[silent]
|switch|p2a: Cyclizar|Cyclizar, M|100/100
|-damage|p2a: Cyclizar|88/100|[from] Stealth Rock
|move|p1a: Tinkaton|Encore||[still]
|-fail|p1a: Tinkaton
|
|upkeep
|turn|4
|
|t:|1757798196
|move|p2a: Cyclizar|Rapid Spin|p1a: Tinkaton
|-resisted|p1a: Tinkaton
|-damage|p1a: Tinkaton|86/100
|-boost|p2a: Cyclizar|spe|1
|-sideend|p2: jxrx|Stealth Rock|[from] move: Rapid Spin|[of] p2a: Cyclizar
|-damage|p2a: Cyclizar|78/100|[from] item: Life Orb
|move|p1a: Tinkaton|Gigaton Hammer|p2a: Cyclizar
|-damage|p2a: Cyclizar|8/100
|
|-heal|p1a: Tinkaton|92/100|[from] item: Leftovers
|upkeep
|turn|5
|
|t:|1757798202
|move|p2a: Cyclizar|U-turn|p1a: Tinkaton
|-resisted|p1a: Tinkaton
|-damage|p1a: Tinkaton|85/100
|-damage|p2a: Cyclizar|0 fnt|[from] item: Life Orb
|faint|p2a: Cyclizar
|move|p1a: Tinkaton|Stealth Rock|p2: Cyclizar
|-sidestart|p2: jxrx|move: Stealth Rock
|
|-heal|p1a: Tinkaton|91/100|[from] item: Leftovers
|upkeep
|
|t:|1757798208
|switch|p2a: Great Tusk|Great Tusk|95/100
|-damage|p2a: Great Tusk|92/100|[from] Stealth Rock
|turn|6
|
|t:|1757798212
|switch|p1a: Rotom|Rotom-Wash|100/100
|-damage|p1a: Rotom|88/100|[from] Stealth Rock
|move|p2a: Great Tusk|Headlong Rush|p1a: Rotom
|-immune|p1a: Rotom|[from] ability: Levitate
|
|-heal|p1a: Rotom|94/100|[from] item: Leftovers
|upkeep
|turn|7
|
|t:|1757798219
|move|p2a: Great Tusk|Rapid Spin|p1a: Rotom
|-damage|p1a: Rotom|78/100
|-boost|p2a: Great Tusk|spe|1
|-sideend|p2: jxrx|Stealth Rock|[from] move: Rapid Spin|[of] p2a: Great Tusk
|move|p1a: Rotom|Hydro Pump|p2a: Great Tusk
|-supereffective|p2a: Great Tusk
|-damage|p2a: Great Tusk|0 fnt
|faint|p2a: Great Tusk
|-end|p2a: Great Tusk|Protosynthesis|[silent]
|
|-heal|p1a: Rotom|84/100|[from] item: Leftovers
|upkeep
|
|t:|1757798228
|switch|p2a: Iron Crown|Iron Crown|100/100
|turn|8
|
|t:|1757798230
|move|p2a: Iron Crown|Volt Switch|p1a: Rotom
|-crit|p1a: Rotom
|-damage|p1a: Rotom|44/100
|
|t:|1757798234
|-end|p2a: Iron Crown|Quark Drive|[silent]
|switch|p2a: Sableye|Sableye, M|100/100|[from] Volt Switch
|move|p1a: Rotom|Thunder Wave|p2a: Sableye
|-status|p2a: Sableye|par
|
|-heal|p1a: Rotom|50/100|[from] item: Leftovers
|upkeep
|turn|9
|
|t:|1757798238
|move|p2a: Sableye|Encore|p1a: Rotom
|-start|p1a: Rotom|Encore
|move|p1a: Rotom|Thunder Wave|p2a: Sableye
|-fail|p2a: Sableye|par
|
|-heal|p1a: Rotom|56/100|[from] item: Leftovers
|upkeep
|turn|10
|
|t:|1757798242
|switch|p1a: Tinkaton|Tinkaton, F|91/100
|-damage|p1a: Tinkaton|85/100|[from] Stealth Rock
|move|p2a: Sableye|Knock Off|p1a: Tinkaton
|-resisted|p1a: Tinkaton
|-damage|p1a: Tinkaton|70/100
|-enditem|p1a: Tinkaton|Leftovers|[from] move: Knock Off|[of] p2a: Sableye
|-enditem|p2a: Sableye|Rocky Helmet|[silent]|[from] ability: Pickpocket|[of] p2a: Sableye
|-item|p1a: Tinkaton|Rocky Helmet|[from] ability: Pickpocket|[of] p2a: Sableye
|
|upkeep
|turn|11
|inactive|jxrx has 120 seconds left.
|
|t:|1757798273
|move|p1a: Tinkaton|Stealth Rock|p2a: Sableye
|-sidestart|p2: jxrx|move: Stealth Rock
|cant|p2a: Sableye|par
|
|upkeep
|turn|12
|
|t:|1757798278
|switch|p1a: Rotom|Rotom-Wash|56/100
|-damage|p1a: Rotom|44/100|[from] Stealth Rock
|move|p2a: Sableye|Encore||[still]
|-fail|p2a: Sableye
|
|-heal|p1a: Rotom|50/100|[from] item: Leftovers
|upkeep
|turn|13
|inactive|jxrx has 120 seconds left.
|inactive|jxrx has 90 seconds left.
|
|t:|1757798337
|move|p1a: Rotom|Volt Switch|p2a: Sableye
|-damage|p2a: Sableye|58/100 par
|
|t:|1757798341
|switch|p1a: Tinkaton|Tinkaton, F|70/100|[from] Volt Switch
|-damage|p1a: Tinkaton|64/100|[from] Stealth Rock
|cant|p2a: Sableye|par
|
|upkeep
|turn|14
|
|t:|1757798346
|move|p1a: Tinkaton|Gigaton Hammer|p2a: Sableye
|-damage|p2a: Sableye|17/100 par
|move|p2a: Sableye|Knock Off|p1a: Tinkaton
|-resisted|p1a: Tinkaton
|-damage|p1a: Tinkaton|49/100
|-damage|p2a: Sableye|1/100 par|[from] item: Rocky Helmet|[of] p1a: Tinkaton
|-enditem|p1a: Tinkaton|Rocky Helmet|[from] move: Knock Off|[of] p2a: Sableye
|
|upkeep
|turn|15
|
|t:|1757798352
|move|p2a: Sableye|Recover|p2a: Sableye
|-heal|p2a: Sableye|51/100 par
|move|p1a: Tinkaton|Knock Off|p2a: Sableye
|-damage|p2a: Sableye|39/100 par
|
|upkeep
|turn|16
|
|t:|1757798355
|move|p2a: Sableye|Will-O-Wisp|p1a: Tinkaton|[miss]
|-miss|p2a: Sableye|p1a: Tinkaton
|move|p1a: Tinkaton|Gigaton Hammer|p2a: Sableye
|-damage|p2a: Sableye|0 fnt
|faint|p2a: Sableye
|
|upkeep
|inactive|jxrx has 120 seconds left.
|
|t:|1757798366
|switch|p2a: Iron Crown|Iron Crown|100/100
|-damage|p2a: Iron Crown|94/100|[from] Stealth Rock
|turn|17
|
|t:|1757798368
|move|p2a: Iron Crown|Tachyon Cutter|p1a: Tinkaton
|-damage|p1a: Tinkaton|19/100
|-damage|p1a: Tinkaton|0 fnt
|faint|p1a: Tinkaton
|-hitcount|p1: Tinkaton|2
|
|upkeep
|
|t:|1757798372
|switch|p1a: Donphan|Donphan, M|100/100
|-damage|p1a: Donphan|94/100|[from] Stealth Rock
|turn|18
|
|t:|1757798376
|move|p2a: Iron Crown|Tachyon Cutter|p1a: Donphan
|-damage|p1a: Donphan|54/100
|-damage|p1a: Donphan|10/100
|-hitcount|p1a: Donphan|2
|move|p1a: Donphan|Earthquake|p2a: Iron Crown
|-supereffective|p2a: Iron Crown
|-damage|p2a: Iron Crown|8/100
|
|-heal|p1a: Donphan|17/100|[from] item: Leftovers
|upkeep
|turn|19
|
|t:|1757798379
|move|p1a: Donphan|Ice Shard|p2a: Iron Crown
|-resisted|p2a: Iron Crown
|-damage|p2a: Iron Crown|1/100
|move|p2a: Iron Crown|Tachyon Cutter|p1a: Donphan
|-damage|p1a: Donphan|0 fnt
|faint|p1a: Donphan
|-hitcount|p1: Donphan|1
|
|upkeep
|
|t:|1757798385
|switch|p1a: Zapdos|Zapdos-Galar|100/100
|-damage|p1a: Zapdos|88/100|[from] Stealth Rock
|turn|20
|
|t:|1757798387
|move|p1a: Zapdos|U-turn|p2a: Iron Crown
|-damage|p2a: Iron Crown|0 fnt
|faint|p2a: Iron Crown
|-end|p2a: Iron Crown|Quark Drive|[silent]
|
|t:|1757798393
|switch|p1a: Zarude|Zarude|100/100|[from] U-turn
|-damage|p1a: Zarude|88/100|[from] Stealth Rock
|
|-heal|p1a: Zarude|94/100|[from] item: Leftovers
|upkeep
|
|t:|1757798396
|switch|p2a: Empoleon|Empoleon, M|100/100
|-damage|p2a: Empoleon|95/100|[from] Stealth Rock
|turn|21
|
|t:|1757798400
|move|p1a: Zarude|Swords Dance|p1a: Zarude
|-boost|p1a: Zarude|atk|2
|move|p2a: Empoleon|Ice Beam|p1a: Zarude
|-supereffective|p1a: Zarude
|-damage|p1a: Zarude|33/100
|
|-heal|p1a: Zarude|39/100|[from] item: Leftovers
|-heal|p2a: Empoleon|100/100|[from] item: Leftovers
|upkeep
|turn|22
|
|t:|1757798406
|move|p1a: Zarude|Drain Punch|p2a: Empoleon
|-supereffective|p2a: Empoleon
|-damage|p2a: Empoleon|0 fnt
|-heal|p1a: Zarude|84/100|[from] drain|[of] p2a: Empoleon
|faint|p2a: Empoleon
|
|-heal|p1a: Zarude|90/100|[from] item: Leftovers
|upkeep
|-message|jxrx forfeited.
|
|win|GauMongStyle
|raw|GauMongStyle's rating: 1381 &rarr; <strong>1400</strong><br />(+19 for winning)
|raw|jxrx's rating: 1360 &rarr; <strong>1341</strong><br />(-19 for losing)
|l|☆jxrx
|player|p2|
|l|☆GauMongStyle
|player|p1|
