|j|‽firepowah
|j|☆KnockOffx2
|t:|1757906791
|gametype|singles
|player|p1|firepowah|102|1696
|player|p2|KnockOffx2|burglar|1677
|gen|9
|tier|[Gen 9] OU
|rated|
|rule|HP Percentage Mod: HP is shown in percentages
|rule|Endless Battle Clause: Forcing endless battles is banned
|rule|Species Clause: Limit one of each Pokémon
|rule|OHKO Clause: OHKO moves are banned
|rule|Evasion Items Clause: Evasion items are banned
|rule|Evasion Moves Clause: Evasion moves are banned
|rule|Evasion Abilities Clause: Evasion abilities are banned
|rule|Sleep Moves Clause: Sleep-inducing moves are banned
|clearpoke
|poke|p1|Kingambit, M|
|poke|p1|Gliscor, F|
|poke|p1|Great Tusk|
|poke|p1|Samurott-Hisui, F|
|poke|p1|Pecharunt|
|poke|p1|Raging Bolt|
|poke|p2|Great Tusk|
|poke|p2|Slowking-Galar, M|
|poke|p2|Crawdaunt, M|
|poke|p2|Gholdengo|
|poke|p2|Zapdos|
|poke|p2|Cinderace, F|
|teampreview
|
|t:|1757906811
|teamsize|p1|6
|teamsize|p2|6
|start
|switch|p1a: Samurott|Samurott-Hisui, F|100/100
|switch|p2a: Zapdos|Zapdos|100/100
|turn|1
|
|t:|1757906815
|move|p1a: Samurott|Ceaseless Edge|p2a: Zapdos
|-damage|p2a: Zapdos|69/100
|-sidestart|p2: KnockOffx2|Spikes
|move|p2a: Zapdos|Volt Switch|p1a: Samurott
|-supereffective|p1a: Samurott
|-damage|p1a: Samurott|15/100
|-enditem|p1a: Samurott|Red Card|[of] p2a: Zapdos
|drag|p2a: Crawdaunt|Crawdaunt, M|100/100
|-damage|p2a: Crawdaunt|88/100|[from] Spikes
|
|upkeep
|turn|2
|
|t:|1757906825
|move|p2a: Crawdaunt|Aqua Jet|p1a: Samurott
|-resisted|p1a: Samurott
|-damage|p1a: Samurott|0 fnt
|faint|p1a: Samurott
|
|upkeep
|
|t:|1757906829
|switch|p1a: Raging Bolt|Raging Bolt|100/100
|-enditem|p1a: Raging Bolt|Booster Energy
|-activate|p1a: Raging Bolt|ability: Protosynthesis|[fromitem]
|-start|p1a: Raging Bolt|protosynthesisspa
|turn|3
|
|t:|1757906838
|switch|p2a: Slowking|Slowking-Galar, M|100/100
|-damage|p2a: Slowking|88/100|[from] Spikes
|move|p1a: Raging Bolt|Calm Mind|p1a: Raging Bolt
|-boost|p1a: Raging Bolt|spa|1
|-boost|p1a: Raging Bolt|spd|1
|
|upkeep
|turn|4
|
|t:|1757906844
|move|p1a: Raging Bolt|Draco Meteor|p2a: Slowking
|-damage|p2a: Slowking|12/100
|-unboost|p1a: Raging Bolt|spa|2
|move|p2a: Slowking|Ice Beam|p1a: Raging Bolt
|-supereffective|p1a: Raging Bolt
|-damage|p1a: Raging Bolt|64/100
|
|upkeep
|turn|5
|
|t:|1757906852
|switch|p2a: Great Tusk|Great Tusk|100/100
|move|p1a: Raging Bolt|Thunderbolt|p2a: Great Tusk
|-immune|p2a: Great Tusk
|
|upkeep
|turn|6
|
|t:|1757906860
|-end|p1a: Raging Bolt|Protosynthesis|[silent]
|switch|p1a: Gliscor|Gliscor, F, shiny|100/100
|move|p2a: Great Tusk|Ice Spinner|p1a: Gliscor
|-supereffective|p1a: Gliscor
|-damage|p1a: Gliscor|9/100
|
|-status|p1a: Gliscor|tox|[from] item: Toxic Orb
|upkeep
|turn|7
|
|t:|1757906866
|move|p1a: Gliscor|Protect|p1a: Gliscor
|-singleturn|p1a: Gliscor|Protect
|move|p2a: Great Tusk|Stealth Rock|p1a: Gliscor
|-sidestart|p1: firepowah|move: Stealth Rock
|
|-heal|p1a: Gliscor|21/100 tox|[from] ability: Poison Heal
|upkeep
|turn|8
|
|t:|1757906870
|switch|p1a: Pecharunt|Pecharunt|100/100
|move|p2a: Great Tusk|Rapid Spin|p1a: Pecharunt
|-immune|p1a: Pecharunt
|
|upkeep
|turn|9
|
|t:|1757906873
|move|p2a: Great Tusk|Headlong Rush|p1a: Pecharunt
|-supereffective|p1a: Pecharunt
|-damage|p1a: Pecharunt|45/100
|-unboost|p2a: Great Tusk|def|1
|-unboost|p2a: Great Tusk|spd|1
|move|p1a: Pecharunt|Malignant Chain|p2a: Great Tusk
|-resisted|p2a: Great Tusk
|-damage|p2a: Great Tusk|64/100
|
|upkeep
|turn|10
|
|t:|1757906881
|move|p2a: Great Tusk|Headlong Rush|p1a: Pecharunt
|-supereffective|p1a: Pecharunt
|-damage|p1a: Pecharunt|0 fnt
|-unboost|p2a: Great Tusk|def|1
|-unboost|p2a: Great Tusk|spd|1
|faint|p1a: Pecharunt
|
|upkeep
|
|t:|1757906882
|switch|p1a: Great Tusk|Great Tusk|100/100
|turn|11
|j| Ctannn
|
|t:|1757906885
|move|p2a: Great Tusk|Rapid Spin|p1a: Great Tusk
|-damage|p1a: Great Tusk|88/100
|-boost|p2a: Great Tusk|spe|1
|-sideend|p2: KnockOffx2|Spikes|[from] move: Rapid Spin|[of] p2a: Great Tusk
|move|p1a: Great Tusk|Rapid Spin|p2a: Great Tusk
|-damage|p2a: Great Tusk|40/100
|-boost|p1a: Great Tusk|spe|1
|-sideend|p1: firepowah|Stealth Rock|[from] move: Rapid Spin|[of] p1a: Great Tusk
|
|upkeep
|turn|12
|
|t:|1757906891
|-end|p2a: Great Tusk|Protosynthesis|[silent]
|switch|p2a: Zapdos|Zapdos|69/100
|move|p1a: Great Tusk|Ice Spinner|p2a: Zapdos
|-supereffective|p2a: Zapdos
|-damage|p2a: Zapdos|28/100
|-status|p1a: Great Tusk|par|[from] ability: Static|[of] p2a: Zapdos
|
|upkeep
|turn|13
|j| wgw2333
|
|t:|1757906897
|move|p2a: Zapdos|Roost|p2a: Zapdos
|-heal|p2a: Zapdos|78/100
|-singleturn|p2a: Zapdos|move: Roost
|move|p1a: Great Tusk|Headlong Rush|p2a: Zapdos
|-supereffective|p2a: Zapdos
|-damage|p2a: Zapdos|0 fnt
|-unboost|p1a: Great Tusk|def|1
|-unboost|p1a: Great Tusk|spd|1
|faint|p2a: Zapdos
|
|upkeep
|
|t:|1757906904
|switch|p2a: Crawdaunt|Crawdaunt, M|88/100
|turn|14
|
|t:|1757906906
|cant|p1a: Great Tusk|par
|move|p2a: Crawdaunt|Crabhammer|p1a: Great Tusk
|-supereffective|p1a: Great Tusk
|-damage|p1a: Great Tusk|0 fnt
|faint|p1a: Great Tusk
|-end|p1a: Great Tusk|Protosynthesis|[silent]
|
|upkeep
|
|t:|1757906910
|switch|p1a: Raging Bolt|Raging Bolt|64/100
|turn|15
|
|t:|1757906915
|move|p1a: Raging Bolt|Draco Meteor|p2a: Crawdaunt
|-damage|p2a: Crawdaunt|0 fnt
|-unboost|p1a: Raging Bolt|spa|2
|faint|p2a: Crawdaunt
|
|upkeep
|
|t:|1757906921
|switch|p2a: Slowking|Slowking-Galar, M|45/100
|turn|16
|
|t:|1757906924
|-end|p1a: Raging Bolt|Protosynthesis|[silent]
|switch|p1a: Gliscor|Gliscor, F, shiny|21/100 tox
|move|p2a: Slowking|Flamethrower|p1a: Gliscor
|-damage|p1a: Gliscor|0 fnt
|faint|p1a: Gliscor
|
|upkeep
|
|t:|1757906929
|switch|p1a: Kingambit|Kingambit, M, shiny|100/100
|-activate|p1a: Kingambit|ability: Supreme Overlord
|-start|p1a: Kingambit|fallen4|[silent]
|turn|17
|
|t:|1757906938
|switch|p2a: Great Tusk|Great Tusk|40/100
|move|p1a: Kingambit|Kowtow Cleave|p2a: Great Tusk
|-resisted|p2a: Great Tusk
|-damage|p2a: Great Tusk|4/100
|
|upkeep
|turn|18
|
|t:|1757906943
|move|p2a: Great Tusk|Stealth Rock|p1a: Kingambit
|-sidestart|p1: firepowah|move: Stealth Rock
|move|p1a: Kingambit|Kowtow Cleave|p2a: Great Tusk
|-resisted|p2a: Great Tusk
|-damage|p2a: Great Tusk|0 fnt
|faint|p2a: Great Tusk
|-end|p2a: Great Tusk|Protosynthesis|[silent]
|
|upkeep
|
|t:|1757906948
|switch|p2a: Gholdengo|Gholdengo|100/100
|turn|19
|
|t:|1757906951
|-terastallize|p2a: Gholdengo|Fighting
|move|p2a: Gholdengo|Focus Blast|p1a: Kingambit|[miss]
|-miss|p2a: Gholdengo|p1a: Kingambit
|move|p1a: Kingambit|Kowtow Cleave|p2a: Gholdengo
|-resisted|p2a: Gholdengo
|-damage|p2a: Gholdengo|49/100
|
|upkeep
|turn|20
|
|t:|1757906959
|switch|p2a: Slowking|Slowking-Galar, M|78/100
|-end|p1a: Kingambit|fallen4|[silent]
|switch|p1a: Raging Bolt|Raging Bolt|64/100
|-damage|p1a: Raging Bolt|52/100|[from] Stealth Rock
|
|upkeep
|turn|21
|
|t:|1757906962
|move|p1a: Raging Bolt|Calm Mind|p1a: Raging Bolt
|-boost|p1a: Raging Bolt|spa|1
|-boost|p1a: Raging Bolt|spd|1
|move|p2a: Slowking|Ice Beam|p1a: Raging Bolt
|-supereffective|p1a: Raging Bolt
|-damage|p1a: Raging Bolt|15/100
|
|upkeep
|turn|22
|
|t:|1757906968
|move|p1a: Raging Bolt|Draco Meteor|p2a: Slowking
|-damage|p2a: Slowking|25/100
|-unboost|p1a: Raging Bolt|spa|2
|move|p2a: Slowking|Psyshock|p1a: Raging Bolt
|-damage|p1a: Raging Bolt|0 fnt
|faint|p1a: Raging Bolt
|-end|p1a: Raging Bolt|Protosynthesis|[silent]
|
|upkeep
|
|t:|1757906970
|switch|p1a: Kingambit|Kingambit, M, shiny|100/100
|-damage|p1a: Kingambit|94/100|[from] Stealth Rock
|-activate|p1a: Kingambit|ability: Supreme Overlord
|-start|p1a: Kingambit|fallen5|[silent]
|turn|23
|inactive|Battle timer is ON: inactive players will automatically lose when time's up. (requested by KnockOffx2)
|
|t:|1757906998
|move|p1a: Kingambit|Iron Head|p2a: Slowking
|-damage|p2a: Slowking|0 fnt
|faint|p2a: Slowking
|
|upkeep
|
|t:|1757907000
|switch|p2a: Gholdengo|Gholdengo, tera:Fighting|49/100
|turn|24
|
|t:|1757907004
|-terastallize|p1a: Kingambit|Fire
|move|p2a: Gholdengo|Make It Rain|p1a: Kingambit
|-resisted|p1a: Kingambit
|-damage|p1a: Kingambit|58/100
|-unboost|p2a: Gholdengo|spa|1
|move|p1a: Kingambit|Iron Head|p2a: Gholdengo
|-damage|p2a: Gholdengo|0 fnt
|faint|p2a: Gholdengo
|
|upkeep
|
|t:|1757907011
|switch|p2a: Cinderace|Cinderace, F|100/100
|turn|25
|
|t:|1757907013
|move|p2a: Cinderace|Gunk Shot|p1a: Kingambit
|-start|p2a: Cinderace|typechange|Poison|[from] ability: Libero
|-damage|p1a: Kingambit|11/100
|move|p1a: Kingambit|Iron Head|p2a: Cinderace
|-damage|p2a: Cinderace|0 fnt
|faint|p2a: Cinderace
|
|win|firepowah
|raw|firepowah's rating: 1696 &rarr; <strong>1715</strong><br />(+19 for winning)
|raw|KnockOffx2's rating: 1677 &rarr; <strong>1658</strong><br />(-19 for losing)
|l|☆KnockOffx2
|player|p2|
|l|‽firepowah
|player|p1|
