|j|☆JokerXXXXJoker
|j|☆koelekikker
|t:|1757849063
|gametype|singles
|player|p1|JokerXXXXJoker|170|1103
|player|p2|koelekikker|lucas|1143
|gen|9
|tier|[Gen 9] OU
|rated|
|rule|HP Percentage Mod: HP is shown in percentages
|rule|Endless Battle Clause: Forcing endless battles is banned
|rule|Species Clause: Limit one of each Pokémon
|rule|OHKO Clause: OHKO moves are banned
|rule|Evasion Items Clause: Evasion items are banned
|rule|Evasion Moves Clause: Evasion moves are banned
|rule|Evasion Abilities Clause: Evasion abilities are banned
|rule|Sleep Moves Clause: Sleep-inducing moves are banned
|clearpoke
|poke|p1|Pikachu-Original, M|
|poke|p1|Primarina, M|
|poke|p1|Kingambit, M|
|poke|p1|Weezing-Galar, M|
|poke|p1|Zamazenta-*|
|poke|p1|Iron Moth|
|poke|p2|Great Tusk|
|poke|p2|Umbreon, F|
|poke|p2|Clefable, M|
|poke|p2|Keldeo-Resolute|
|poke|p2|Meowscarada, M|
|poke|p2|Moltres|
|teampreview
|
|t:|1757849084
|teamsize|p1|6
|teamsize|p2|6
|start
|switch|p1a: Iron Moth|Iron Moth|100/100
|switch|p2a: Keldeo|Keldeo-Resolute|100/100
|-enditem|p1a: Iron Moth|Booster Energy
|-activate|p1a: Iron Moth|ability: Quark Drive|[fromitem]
|-start|p1a: Iron Moth|quarkdrivespa
|turn|1
|
|t:|1757849099
|move|p2a: Keldeo|Hydro Pump|p1a: Iron Moth|[miss]
|-miss|p2a: Keldeo|p1a: Iron Moth
|move|p1a: Iron Moth|U-turn|p2a: Keldeo
|-resisted|p2a: Keldeo
|-damage|p2a: Keldeo|94/100
|
|t:|1757849110
|-end|p1a: Iron Moth|Quark Drive|[silent]
|switch|p1a: Undefeatable|Primarina, M|100/100|[from] U-turn
|
|upkeep
|turn|2
|
|t:|1757849135
|switch|p2a: Moltres|Moltres|100/100
|move|p1a: Undefeatable|Moonblast|p2a: Moltres
|-resisted|p2a: Moltres
|-damage|p2a: Moltres|73/100
|
|upkeep
|turn|3
|
|t:|1757849143
|move|p2a: Moltres|U-turn|p1a: Undefeatable
|-resisted|p1a: Undefeatable
|-damage|p1a: Undefeatable|92/100
|
|t:|1757849146
|switch|p2a: Meowscarada|Meowscarada, M|100/100|[from] U-turn
|move|p1a: Undefeatable|Sparkling Aria|p2a: Meowscarada
|-resisted|p2a: Meowscarada
|-damage|p2a: Meowscarada|60/100
|
|upkeep
|turn|4
|
|t:|1757849166
|switch|p1a: Wheeze|Weezing-Galar, M|100/100
|move|p2a: Meowscarada|Flower Trick|p1a: Wheeze
|-start|p2a: Meowscarada|typechange|Grass|[from] ability: Protean
|-resisted|p1a: Wheeze
|-crit|p1a: Wheeze
|-damage|p1a: Wheeze|77/100
|
|upkeep
|turn|5
|
|t:|1757849190
|switch|p2a: Moltres|Moltres|73/100
|move|p1a: Wheeze|Will-O-Wisp|p2a: Moltres
|-immune|p2a: Moltres
|
|upkeep
|turn|6
|
|t:|1757849198
|move|p2a: Moltres|Fire Blast|p1a: Wheeze|[miss]
|-miss|p2a: Moltres|p1a: Wheeze
|move|p1a: Wheeze|Strange Steam|p2a: Moltres
|-resisted|p2a: Moltres
|-damage|p2a: Moltres|60/100
|
|upkeep
|turn|7
|
|t:|1757849208
|switch|p1a: Iron Moth|Iron Moth|100/100
|move|p2a: Moltres|Fire Blast|p1a: Iron Moth
|-resisted|p1a: Iron Moth
|-damage|p1a: Iron Moth|76/100
|
|upkeep
|turn|8
|
|t:|1757849217
|switch|p2a: Umbreon|Umbreon, F|100/100
|move|p1a: Iron Moth|Fiery Dance|p2a: Umbreon
|-damage|p2a: Umbreon|77/100
|-boost|p1a: Iron Moth|spa|1
|
|-heal|p2a: Umbreon|83/100|[from] item: Leftovers
|upkeep
|turn|9
|
|t:|1757849227
|move|p1a: Iron Moth|U-turn|p2a: Umbreon
|-supereffective|p2a: Umbreon
|-damage|p2a: Umbreon|65/100
|
|t:|1757849235
|-end|p1a: Iron Moth|Quark Drive|[silent]
|switch|p1a: Shieldog|Zamazenta|100/100|[from] U-turn
|-ability|p1a: Shieldog|Dauntless Shield|boost
|-boost|p1a: Shieldog|def|1
|move|p2a: Umbreon|Foul Play|p1a: Shieldog
|-resisted|p1a: Shieldog
|-damage|p1a: Shieldog|87/100
|
|-heal|p2a: Umbreon|72/100|[from] item: Leftovers
|upkeep
|turn|10
|
|t:|1757849248
|switch|p2a: Moltres|Moltres|60/100
|move|p1a: Shieldog|Close Combat|p2a: Moltres
|-resisted|p2a: Moltres
|-damage|p2a: Moltres|29/100
|-unboost|p1a: Shieldog|def|1
|-unboost|p1a: Shieldog|spd|1
|-status|p1a: Shieldog|brn|[from] ability: Flame Body|[of] p2a: Moltres
|
|-damage|p1a: Shieldog|80/100 brn|[from] brn
|upkeep
|turn|11
|
|t:|1757849259
|move|p1a: Shieldog|Close Combat|p2a: Moltres
|-resisted|p2a: Moltres
|-damage|p2a: Moltres|13/100
|-unboost|p1a: Shieldog|def|1
|-unboost|p1a: Shieldog|spd|1
|move|p2a: Moltres|Roost|p2a: Moltres
|-heal|p2a: Moltres|63/100
|-singleturn|p2a: Moltres|move: Roost
|
|-damage|p1a: Shieldog|74/100 brn|[from] brn
|upkeep
|turn|12
|
|t:|1757849276
|switch|p1a: I Choose You|Pikachu-Original, M|100/100
|move|p2a: Moltres|U-turn|p1a: I Choose You
|-damage|p1a: I Choose You|46/100
|
|t:|1757849284
|switch|p2a: Meowscarada|Meowscarada, M|60/100|[from] U-turn
|
|upkeep
|turn|13
|
|t:|1757849336
|switch|p1a: Iron Moth|Iron Moth|76/100
|move|p2a: Meowscarada|Flower Trick|p1a: Iron Moth
|-start|p2a: Meowscarada|typechange|Grass|[from] ability: Protean
|-resisted|p1a: Iron Moth
|-crit|p1a: Iron Moth
|-damage|p1a: Iron Moth|46/100
|
|upkeep
|turn|14
|
|t:|1757849347
|switch|p2a: Umbreon|Umbreon, F|72/100
|move|p1a: Iron Moth|Fiery Dance|p2a: Umbreon
|-damage|p2a: Umbreon|47/100
|-boost|p1a: Iron Moth|spa|1
|
|-heal|p2a: Umbreon|53/100|[from] item: Leftovers
|upkeep
|turn|15
|
|t:|1757849368
|move|p1a: Iron Moth|Fiery Dance|p2a: Umbreon
|-damage|p2a: Umbreon|17/100
|move|p2a: Umbreon|Wish|p2a: Umbreon
|
|-heal|p2a: Umbreon|23/100|[from] item: Leftovers
|upkeep
|turn|16
|
|t:|1757849383
|-end|p1a: Iron Moth|Quark Drive|[silent]
|switch|p1a: I Choose You|Pikachu-Original, M|46/100
|move|p2a: Umbreon|Protect||[still]
|-fail|p2a: Umbreon
|
|-heal|p2a: Umbreon|73/100|[from] move: Wish|[wisher] Umbreon
|-heal|p2a: Umbreon|79/100|[from] item: Leftovers
|upkeep
|turn|17
|
|t:|1757849404
|switch|p2a: Great Tusk|Great Tusk|100/100
|-terastallize|p1a: I Choose You|Fairy
|move|p1a: I Choose You|Alluring Voice|p2a: Great Tusk
|-supereffective|p2a: Great Tusk
|-damage|p2a: Great Tusk|0 fnt
|faint|p2a: Great Tusk
|-end|p2a: Great Tusk|Protosynthesis|[silent]
|
|upkeep
|inactive|Battle timer is ON: inactive players will automatically lose when time's up. (requested by JokerXXXXJoker)
|
|t:|1757849416
|switch|p2a: Meowscarada|Meowscarada, M|60/100
|turn|18
|
|t:|1757849425
|switch|p1a: Wheeze|Weezing-Galar, M|77/100
|move|p2a: Meowscarada|Flower Trick|p1a: Wheeze
|-start|p2a: Meowscarada|typechange|Grass|[from] ability: Protean
|-resisted|p1a: Wheeze
|-crit|p1a: Wheeze
|-damage|p1a: Wheeze|50/100
|-enditem|p1a: Wheeze|Sitrus Berry|[eat]
|-heal|p1a: Wheeze|75/100|[from] item: Sitrus Berry
|
|upkeep
|turn|19
|
|t:|1757849436
|switch|p2a: Moltres|Moltres|63/100
|move|p1a: Wheeze|Strange Steam|p2a: Moltres
|-resisted|p2a: Moltres
|-damage|p2a: Moltres|49/100
|-start|p2a: Moltres|confusion
|
|upkeep
|turn|20
|
|t:|1757849447
|switch|p1a: Undefeatable|Primarina, M|92/100
|-activate|p2a: Moltres|confusion
|move|p2a: Moltres|Roost|p2a: Moltres
|-heal|p2a: Moltres|99/100
|-singleturn|p2a: Moltres|move: Roost
|
|upkeep
|turn|21
|
|t:|1757849456
|switch|p2a: Meowscarada|Meowscarada, M|60/100
|move|p1a: Undefeatable|Sparkling Aria|p2a: Meowscarada
|-resisted|p2a: Meowscarada
|-damage|p2a: Meowscarada|18/100
|
|upkeep
|turn|22
|
|t:|1757849466
|switch|p1a: Wheeze|Weezing-Galar, M|75/100
|move|p2a: Meowscarada|U-turn|p1a: Wheeze
|-start|p2a: Meowscarada|typechange|Bug|[from] ability: Protean
|-resisted|p1a: Wheeze
|-damage|p1a: Wheeze|67/100
|
|t:|1757849469
|switch|p2a: Moltres|Moltres|99/100|[from] U-turn
|
|upkeep
|turn|23
|
|t:|1757849489
|switch|p1a: Undefeatable|Primarina, M|92/100
|move|p2a: Moltres|U-turn|p1a: Undefeatable
|-resisted|p1a: Undefeatable
|-damage|p1a: Undefeatable|84/100
|
|t:|1757849492
|switch|p2a: Meowscarada|Meowscarada, M|18/100|[from] U-turn
|
|upkeep
|turn|24
|
|t:|1757849511
|move|p2a: Meowscarada|Flower Trick|p1a: Undefeatable
|-start|p2a: Meowscarada|typechange|Grass|[from] ability: Protean
|-supereffective|p1a: Undefeatable
|-crit|p1a: Undefeatable
|-damage|p1a: Undefeatable|0 fnt
|faint|p1a: Undefeatable
|
|upkeep
|
|t:|1757849521
|switch|p1a: Iron Moth|Iron Moth|46/100
|turn|25
|
|t:|1757849527
|switch|p2a: Umbreon|Umbreon, F|79/100
|move|p1a: Iron Moth|Fiery Dance|p2a: Umbreon
|-damage|p2a: Umbreon|55/100
|
|-heal|p2a: Umbreon|61/100|[from] item: Leftovers
|upkeep
|turn|26
|
|t:|1757849538
|-end|p1a: Iron Moth|Quark Drive|[silent]
|switch|p1a: Shieldog|Zamazenta|74/100 brn
|move|p2a: Umbreon|Wish|p2a: Umbreon
|
|-heal|p2a: Umbreon|67/100|[from] item: Leftovers
|-damage|p1a: Shieldog|68/100 brn|[from] brn
|upkeep
|turn|27
|
|t:|1757849550
|move|p1a: Shieldog|Close Combat|p2a: Umbreon
|-supereffective|p2a: Umbreon
|-damage|p2a: Umbreon|0 fnt
|-unboost|p1a: Shieldog|def|1
|-unboost|p1a: Shieldog|spd|1
|faint|p2a: Umbreon
|
|-damage|p1a: Shieldog|62/100 brn|[from] brn
|upkeep
|
|t:|1757849557
|switch|p2a: Meowscarada|Meowscarada, M|18/100
|turn|28
|
|t:|1757849566
|switch|p1a: The King|Kingambit, M|100/100
|-activate|p1a: The King|ability: Supreme Overlord
|-start|p1a: The King|fallen1|[silent]
|move|p2a: Meowscarada|Play Rough|p1a: The King
|-start|p2a: Meowscarada|typechange|Fairy|[from] ability: Protean
|-damage|p1a: The King|47/100
|
|upkeep
|turn|29
|
|t:|1757849577
|switch|p2a: Moltres|Moltres|99/100
|move|p1a: The King|Sucker Punch||[still]
|-fail|p1a: The King
|
|upkeep
|turn|30
|
|t:|1757849590
|-end|p1a: The King|fallen1|[silent]
|switch|p1a: Iron Moth|Iron Moth|46/100
|move|p2a: Moltres|Fire Blast|p1a: Iron Moth
|-resisted|p1a: Iron Moth
|-damage|p1a: Iron Moth|22/100
|
|upkeep
|turn|31
|
|t:|1757849599
|move|p1a: Iron Moth|U-turn|p2a: Moltres
|-resisted|p2a: Moltres
|-damage|p2a: Moltres|97/100
|
|t:|1757849602
|-end|p1a: Iron Moth|Quark Drive|[silent]
|switch|p1a: Wheeze|Weezing-Galar, M|67/100|[from] U-turn
|move|p2a: Moltres|Fire Blast|p1a: Wheeze|[miss]
|-miss|p2a: Moltres|p1a: Wheeze
|
|upkeep
|turn|32
|
|t:|1757849611
|move|p2a: Moltres|Fire Blast|p1a: Wheeze
|-damage|p1a: Wheeze|0 fnt
|faint|p1a: Wheeze
|
|upkeep
|
|t:|1757849616
|switch|p1a: I Choose You|Pikachu-Original, M, tera:Fairy|46/100
|turn|33
|
|t:|1757849622
|switch|p2a: Clefable|Clefable, M|100/100
|move|p1a: I Choose You|Thunder|p2a: Clefable|[miss]
|-miss|p1a: I Choose You|p2a: Clefable
|
|upkeep
|turn|34
|
|t:|1757849640
|move|p1a: I Choose You|Alluring Voice|p2a: Clefable
|-damage|p2a: Clefable|60/100
|move|p2a: Clefable|Moonblast|p1a: I Choose You
|-damage|p1a: I Choose You|0 fnt
|faint|p1a: I Choose You
|
|-heal|p2a: Clefable|66/100|[from] item: Leftovers
|upkeep
|
|t:|1757849650
|switch|p1a: The King|Kingambit, M|47/100
|-activate|p1a: The King|ability: Supreme Overlord
|-start|p1a: The King|fallen3|[silent]
|turn|35
|
|t:|1757849663
|move|p1a: The King|Iron Head|p2a: Clefable
|-supereffective|p2a: Clefable
|-damage|p2a: Clefable|0 fnt
|faint|p2a: Clefable
|
|upkeep
|
|t:|1757849666
|switch|p2a: Moltres|Moltres|97/100
|turn|36
|
|t:|1757849673
|move|p2a: Moltres|Fire Blast|p1a: The King
|-supereffective|p1a: The King
|-damage|p1a: The King|0 fnt
|faint|p1a: The King
|-end|p1a: The King|fallen3|[silent]
|
|upkeep
|
|t:|1757849690
|switch|p1a: Iron Moth|Iron Moth|22/100
|turn|37
|
|t:|1757849695
|move|p1a: Iron Moth|Fiery Dance|p2a: Moltres
|-resisted|p2a: Moltres
|-damage|p2a: Moltres|75/100
|-boost|p1a: Iron Moth|spa|1
|move|p2a: Moltres|Fire Blast|p1a: Iron Moth
|-resisted|p1a: Iron Moth
|-damage|p1a: Iron Moth|0 fnt
|faint|p1a: Iron Moth
|-end|p1a: Iron Moth|Quark Drive|[silent]
|
|upkeep
|
|t:|1757849705
|switch|p1a: Shieldog|Zamazenta|62/100 brn
|turn|38
|c|☆koelekikker|gg
|
|t:|1757849713
|move|p1a: Shieldog|Crunch|p2a: Moltres
|-damage|p2a: Moltres|61/100
|-unboost|p2a: Moltres|def|1
|move|p2a: Moltres|Fire Blast|p1a: Shieldog
|-damage|p1a: Shieldog|23/100 brn
|
|-damage|p1a: Shieldog|17/100 brn|[from] brn
|upkeep
|turn|39
|
|t:|1757849725
|move|p1a: Shieldog|Crunch|p2a: Moltres
|-damage|p2a: Moltres|41/100
|-unboost|p2a: Moltres|def|1
|move|p2a: Moltres|U-turn|p1a: Shieldog
|-resisted|p1a: Shieldog
|-damage|p1a: Shieldog|10/100 brn
|
|t:|1757849732
|switch|p2a: Meowscarada|Meowscarada, M|18/100|[from] U-turn
|
|-damage|p1a: Shieldog|4/100 brn|[from] brn
|upkeep
|turn|40
|
|t:|1757849738
|move|p1a: Shieldog|Crunch|p2a: Meowscarada
|-resisted|p2a: Meowscarada
|-damage|p2a: Meowscarada|3/100
|move|p2a: Meowscarada|Play Rough|p1a: Shieldog
|-start|p2a: Meowscarada|typechange|Fairy|[from] ability: Protean
|-supereffective|p1a: Shieldog
|-damage|p1a: Shieldog|0 fnt
|faint|p1a: Shieldog
|
|win|koelekikker
|raw|JokerXXXXJoker's rating: 1103 &rarr; <strong>1081</strong><br />(-22 for losing)
|raw|koelekikker's rating: 1143 &rarr; <strong>1165</strong><br />(+22 for winning)
|l|☆JokerXXXXJoker
|player|p1|
|l|☆koelekikker
|player|p2|
