|j|☆ForceFire_SR
|j|☆Natorito
|t:|1757873060
|gametype|singles
|player|p1|ForceFire_SR|blue|1224
|player|p2|Natorito|170|1203
|gen|9
|tier|[Gen 9] OU
|rated|
|rule|HP Percentage Mod: HP is shown in percentages
|rule|Endless Battle Clause: Forcing endless battles is banned
|rule|Species Clause: Limit one of each Pokémon
|rule|OHKO Clause: OHKO moves are banned
|rule|Evasion Items Clause: Evasion items are banned
|rule|Evasion Moves Clause: Evasion moves are banned
|rule|Evasion Abilities Clause: Evasion abilities are banned
|rule|Sleep Moves Clause: Sleep-inducing moves are banned
|clearpoke
|poke|p1|Heatran, M|
|poke|p1|Rotom-Wash|
|poke|p1|Sinistcha|
|poke|p1|Iron Valiant|
|poke|p1|Slowking-Galar, F|
|poke|p1|Cyclizar, M|
|poke|p2|Slowbro-Galar, F|
|poke|p2|Mudsdale, F|
|poke|p2|Minior|
|poke|p2|Hitmonchan, M|
|poke|p2|Rotom-Heat|
|poke|p2|Milotic, F|
|teampreview
|inactive|Battle timer is ON: inactive players will automatically lose when time's up. (requested by Natorito)
|
|t:|1757873081
|teamsize|p1|6
|teamsize|p2|6
|start
|switch|p1a: Rotom|Rotom-Wash|100/100
|switch|p2a: Rotom|Rotom-Heat, shiny|100/100
|turn|1
|
|t:|1757873104
|move|p2a: Rotom|Volt Switch|p1a: Rotom
|-damage|p1a: Rotom|67/100
|
|t:|1757873109
|switch|p2a: Hitmonchan|Hitmonchan, M|100/100|[from] Volt Switch
|move|p1a: Rotom|Hydro Pump|p2a: Hitmonchan
|-damage|p2a: Hitmonchan|73/100
|
|-heal|p1a: Rotom|73/100|[from] item: Leftovers
|upkeep
|turn|2
|
|t:|1757873119
|move|p1a: Rotom|Will-O-Wisp|p2a: Hitmonchan
|-status|p2a: Hitmonchan|brn
|move|p2a: Hitmonchan|Knock Off|p1a: Rotom
|-damage|p1a: Rotom|60/100
|-enditem|p1a: Rotom|Leftovers|[from] move: Knock Off|[of] p2a: Hitmonchan
|
|-damage|p2a: Hitmonchan|66/100 brn|[from] brn
|upkeep
|turn|3
|inactive|Natorito has 120 seconds left.
|
|t:|1757873147
|move|p1a: Rotom|Volt Switch|p2a: Hitmonchan
|-damage|p2a: Hitmonchan|49/100 brn
|
|t:|1757873151
|switch|p1a: Sinistcha|Sinistcha|100/100|[from] Volt Switch
|move|p2a: Hitmonchan|Drain Punch|p1a: Sinistcha
|-immune|p1a: Sinistcha
|
|-damage|p2a: Hitmonchan|43/100 brn|[from] brn
|upkeep
|turn|4
|inactive|Natorito has 120 seconds left.
|
|t:|1757873170
|switch|p2a: Rotom|Rotom-Heat, shiny|100/100
|switch|p1a: Rotom|Rotom-Wash|60/100
|
|upkeep
|turn|5
|
|t:|1757873182
|move|p2a: Rotom|Volt Switch|p1a: Rotom
|-damage|p1a: Rotom|29/100
|inactive|Natorito has 120 seconds left.
|
|t:|1757873199
|switch|p2a: Milotic|Milotic, F|100/100|[from] Volt Switch
|move|p1a: Rotom|Volt Switch|p2a: Milotic
|-supereffective|p2a: Milotic
|-damage|p2a: Milotic|63/100
|
|t:|1757873215
|switch|p1a: Slowking|Slowking-Galar, F|100/100|[from] Volt Switch
|
|-heal|p2a: Milotic|70/100|[from] item: Leftovers
|upkeep
|turn|6
|inactive|Natorito has 120 seconds left.
|
|t:|1757873233
|move|p2a: Milotic|Scald|p1a: Slowking
|-damage|p1a: Slowking|83/100
|move|p1a: Slowking|Taunt|p2a: Milotic
|-start|p2a: Milotic|move: Taunt
|
|-heal|p2a: Milotic|76/100|[from] item: Leftovers
|upkeep
|turn|7
|inactive|Natorito has 120 seconds left.
|
|t:|1757873242
|move|p2a: Milotic|Scald|p1a: Slowking
|-damage|p1a: Slowking|67/100
|move|p1a: Slowking|Psychic Noise|p2a: Milotic
|-damage|p2a: Milotic|57/100
|-start|p2a: Milotic|move: Heal Block
|
|upkeep
|turn|8
|
|t:|1757873253
|switch|p1a: Sinistcha|Sinistcha|100/100
|move|p2a: Milotic|Scald|p1a: Sinistcha
|-resisted|p1a: Sinistcha
|-damage|p1a: Sinistcha|83/100
|-status|p1a: Sinistcha|brn
|
|-damage|p1a: Sinistcha|80/100 brn|[from] brn
|-end|p2a: Milotic|move: Heal Block
|upkeep
|turn|9
|inactive|Natorito has 120 seconds left.
|
|t:|1757873269
|switch|p2a: Rotom|Rotom-Heat, shiny|100/100
|move|p1a: Sinistcha|Matcha Gotcha|p2a: Rotom
|-resisted|p2a: Rotom
|-damage|p2a: Rotom|79/100
|-heal|p1a: Sinistcha|88/100 brn|[from] drain|[of] p2a: Rotom
|
|-damage|p1a: Sinistcha|85/100 brn|[from] brn
|upkeep
|turn|10
|inactive|Natorito has 120 seconds left.
|
|t:|1757873282
|move|p2a: Rotom|Overheat|p1a: Sinistcha
|-supereffective|p1a: Sinistcha
|-crit|p1a: Sinistcha
|-damage|p1a: Sinistcha|0 fnt
|-unboost|p2a: Rotom|spa|2
|faint|p1a: Sinistcha
|
|upkeep
|
|t:|1757873300
|switch|p1a: Rotom|Rotom-Wash|29/100
|turn|11
|inactive|Natorito has 120 seconds left.
|
|t:|1757873319
|switch|p2a: Mudsdale|Mudsdale, F|100/100
|move|p1a: Rotom|Will-O-Wisp|p2a: Mudsdale
|-status|p2a: Mudsdale|brn
|
|-damage|p2a: Mudsdale|94/100 brn|[from] brn
|upkeep
|turn|12
|
|t:|1757873328
|switch|p2a: Milotic|Milotic, F|57/100
|move|p1a: Rotom|Hydro Pump|p2a: Milotic|[miss]
|-miss|p1a: Rotom|p2a: Milotic
|
|-heal|p2a: Milotic|63/100|[from] item: Leftovers
|upkeep
|turn|13
|inactive|Natorito has 120 seconds left.
|
|t:|1757873343
|move|p1a: Rotom|Will-O-Wisp|p2a: Milotic
|-status|p2a: Milotic|brn
|move|p2a: Milotic|Rest|p2a: Milotic
|-status|p2a: Milotic|slp|[from] move: Rest
|-heal|p2a: Milotic|100/100 slp|[silent]
|
|upkeep
|turn|14
|
|t:|1757873356
|switch|p1a: Iron Valiant|Iron Valiant|100/100
|cant|p2a: Milotic|slp
|move|p2a: Milotic|Sleep Talk|p2a: Milotic
|move|p2a: Milotic|Rest||[from] move: Sleep Talk|[still]
|-fail|p2a: Milotic
|
|upkeep
|turn|15
|
|t:|1757873373
|move|p1a: Iron Valiant|Thunderbolt|p2a: Milotic
|-supereffective|p2a: Milotic
|-damage|p2a: Milotic|32/100 slp
|cant|p2a: Milotic|slp
|move|p2a: Milotic|Sleep Talk|p2a: Milotic
|move|p2a: Milotic|Dragon Tail|p1a: Iron Valiant|[from] move: Sleep Talk
|-immune|p1a: Iron Valiant
|
|-heal|p2a: Milotic|38/100 slp|[from] item: Leftovers
|upkeep
|turn|16
|inactive|Natorito has 120 seconds left.
|
|t:|1757873403
|-end|p1a: Iron Valiant|Quark Drive|[silent]
|switch|p1a: Rotom|Rotom-Wash|29/100
|switch|p2a: Hitmonchan|Hitmonchan, M|43/100 brn
|
|-damage|p2a: Hitmonchan|37/100 brn|[from] brn
|upkeep
|turn|17
|
|t:|1757873417
|move|p1a: Rotom|Hydro Pump|p2a: Hitmonchan
|-damage|p2a: Hitmonchan|10/100 brn
|move|p2a: Hitmonchan|Drain Punch|p1a: Rotom
|-damage|p1a: Rotom|12/100
|-heal|p2a: Hitmonchan|21/100 brn|[from] drain|[of] p1a: Rotom
|
|-damage|p2a: Hitmonchan|15/100 brn|[from] brn
|upkeep
|turn|18
|
|t:|1757873427
|move|p1a: Rotom|Hydro Pump|p2a: Hitmonchan
|-damage|p2a: Hitmonchan|0 fnt
|faint|p2a: Hitmonchan
|
|upkeep
|inactive|Natorito has 90 seconds left.
|
|t:|1757873463
|switch|p2a: Rotom|Rotom-Heat, shiny|79/100
|turn|19
|
|t:|1757873468
|switch|p1a: Heatran|Heatran, M|100/100
|move|p2a: Rotom|Volt Switch|p1a: Heatran
|-damage|p1a: Heatran|82/100
|inactive|Natorito has 90 seconds left.
|
|t:|1757873488
|switch|p2a: Minior|Minior|100/100|[from] Volt Switch
|-formechange|p2a: Minior|Minior-Meteor||[from] ability: Shields Down
|
|-heal|p1a: Heatran|88/100|[from] item: Leftovers
|upkeep
|turn|20
|
|t:|1757873498
|switch|p1a: Slowking|Slowking-Galar, F|99/100
|move|p2a: Minior|Shell Smash|p2a: Minior
|-unboost|p2a: Minior|def|1
|-unboost|p2a: Minior|spd|1
|-boost|p2a: Minior|atk|2
|-boost|p2a: Minior|spa|2
|-boost|p2a: Minior|spe|2
|
|upkeep
|turn|21
|inactive|Natorito has 90 seconds left.
|
|t:|1757873522
|move|p2a: Minior|Earth Power|p1a: Slowking
|-supereffective|p1a: Slowking
|-damage|p1a: Slowking|53/100
|-unboost|p1a: Slowking|spd|1
|move|p1a: Slowking|Psychic Noise|p2a: Minior
|-damage|p2a: Minior|48/100
|-start|p2a: Minior|move: Heal Block
|
|-formechange|p2a: Minior|Minior||[from] ability: Shields Down
|upkeep
|turn|22
|
|t:|1757873544
|switch|p1a: Rotom|Rotom-Wash|12/100
|move|p2a: Minior|Earth Power|p1a: Rotom
|-immune|p1a: Rotom|[from] ability: Levitate
|
|-end|p2a: Minior|move: Heal Block
|upkeep
|turn|23
|
|t:|1757873555
|move|p2a: Minior|Dazzling Gleam|p1a: Rotom
|-damage|p1a: Rotom|0 fnt
|faint|p1a: Rotom
|
|upkeep
|inactive|ForceFire_SR has 120 seconds left.
|
|t:|1757873592
|switch|p1a: Slowking|Slowking-Galar, F|86/100
|turn|24
|
|t:|1757873609
|move|p2a: Minior|Earth Power|p1a: Slowking
|-supereffective|p1a: Slowking
|-damage|p1a: Slowking|26/100
|move|p1a: Slowking|Psychic Noise|p2a: Minior
|-damage|p2a: Minior|0 fnt
|faint|p2a: Minior
|
|upkeep
|
|t:|1757873622
|switch|p2a: Slowbro|Slowbro-Galar, F|100/100
|turn|25
|inactive|ForceFire_SR has 120 seconds left.
|-activate|p2a: Slowbro|item: Quick Claw
|
|t:|1757873642
|move|p2a: Slowbro|Belly Drum|p2a: Slowbro
|-damage|p2a: Slowbro|50/100
|-setboost|p2a: Slowbro|atk|6|[from] move: Belly Drum
|move|p1a: Slowking|Taunt|p2a: Slowbro
|-start|p2a: Slowbro|move: Taunt
|
|upkeep
|turn|26
|-activate|p2a: Slowbro|ability: Quick Draw
|
|t:|1757873657
|move|p2a: Slowbro|Liquidation|p1a: Slowking
|-damage|p1a: Slowking|0 fnt
|faint|p1a: Slowking
|
|upkeep
|
|t:|1757873664
|switch|p1a: Iron Valiant|Iron Valiant|100/100
|turn|27
|
|t:|1757873679
|move|p1a: Iron Valiant|Shadow Ball|p2a: Slowbro
|-supereffective|p2a: Slowbro
|-damage|p2a: Slowbro|0 fnt
|faint|p2a: Slowbro
|
|upkeep
|
|t:|1757873691
|switch|p2a: Milotic|Milotic, F|38/100 slp
|turn|28
|inactive|ForceFire_SR has 120 seconds left.
|
|t:|1757873702
|-end|p1a: Iron Valiant|Quark Drive|[silent]
|switch|p1a: Cyclizar|Cyclizar, M|100/100
|-curestatus|p2a: Milotic|slp|[msg]
|move|p2a: Milotic|Rest|p2a: Milotic
|-status|p2a: Milotic|slp|[from] move: Rest
|-heal|p2a: Milotic|100/100 slp|[silent]
|
|upkeep
|turn|29
|inactive|ForceFire_SR has 120 seconds left.
|
|t:|1757873715
|switch|p2a: Mudsdale|Mudsdale, F|94/100 brn
|move|p1a: Cyclizar|Knock Off|p2a: Mudsdale
|-damage|p2a: Mudsdale|80/100 brn
|-ability|p2a: Mudsdale|Stamina|boost
|-boost|p2a: Mudsdale|def|1
|-enditem|p2a: Mudsdale|Leftovers|[from] move: Knock Off|[of] p1a: Cyclizar
|
|-damage|p2a: Mudsdale|74/100 brn|[from] brn
|upkeep
|turn|30
|inactive|ForceFire_SR has 120 seconds left.
|
|t:|1757873733
|move|p1a: Cyclizar|U-turn|p2a: Mudsdale
|-damage|p2a: Mudsdale|68/100 brn
|-ability|p2a: Mudsdale|Stamina|boost
|-boost|p2a: Mudsdale|def|1
|
|t:|1757873753
|switch|p1a: Heatran|Heatran, M|88/100|[from] U-turn
|move|p2a: Mudsdale|Stealth Rock|p1a: Heatran
|-sidestart|p1: ForceFire_SR|move: Stealth Rock
|
|-heal|p1a: Heatran|94/100|[from] item: Leftovers
|-damage|p2a: Mudsdale|62/100 brn|[from] brn
|upkeep
|turn|31
|inactive|ForceFire_SR has 90 seconds left.
|
|t:|1757873780
|switch|p2a: Rotom|Rotom-Heat, shiny|79/100
|-terastallize|p1a: Heatran|Grass
|move|p1a: Heatran|Lava Plume|p2a: Rotom
|-resisted|p2a: Rotom
|-damage|p2a: Rotom|55/100
|
|-heal|p1a: Heatran|99/100|[from] item: Leftovers
|upkeep
|turn|32
|inactive|ForceFire_SR has 90 seconds left.
|
|t:|1757873795
|move|p2a: Rotom|Trick|p1a: Heatran
|-activate|p2a: Rotom|move: Trick|[of] p1a: Heatran
|-item|p1a: Heatran|Choice Scarf|[from] move: Trick
|-item|p2a: Rotom|Leftovers|[from] move: Trick
|move|p1a: Heatran|Dark Pulse|p2a: Rotom
|-damage|p2a: Rotom|25/100
|
|-heal|p2a: Rotom|32/100|[from] item: Leftovers
|upkeep
|turn|33
|
|t:|1757873811
|move|p1a: Heatran|Dark Pulse|p2a: Rotom
|-damage|p2a: Rotom|0 fnt
|faint|p2a: Rotom
|
|upkeep
|inactive|Natorito has 60 seconds left.
|
|t:|1757873824
|switch|p2a: Milotic|Milotic, F|100/100 slp
|turn|34
|inactive|ForceFire_SR has 90 seconds left.
|
|t:|1757873835
|switch|p1a: Iron Valiant|Iron Valiant|100/100
|-damage|p1a: Iron Valiant|94/100|[from] Stealth Rock
|cant|p2a: Milotic|slp
|move|p2a: Milotic|Sleep Talk|p2a: Milotic
|move|p2a: Milotic|Rest||[from] move: Sleep Talk|[still]
|-fail|p2a: Milotic
|
|upkeep
|turn|35
|inactive|ForceFire_SR has 90 seconds left.
|
|t:|1757873847
|move|p1a: Iron Valiant|Trick|p2a: Milotic
|-activate|p1a: Iron Valiant|move: Trick|[of] p2a: Milotic
|-item|p2a: Milotic|Choice Specs|[from] move: Trick
|-item|p1a: Iron Valiant|Leftovers|[from] move: Trick
|cant|p2a: Milotic|slp
|move|p2a: Milotic|Sleep Talk|p2a: Milotic
|move|p2a: Milotic|Scald|p1a: Iron Valiant|[from] move: Sleep Talk
|-damage|p1a: Iron Valiant|23/100
|-status|p1a: Iron Valiant|brn
|
|-heal|p1a: Iron Valiant|30/100 brn|[from] item: Leftovers
|-damage|p1a: Iron Valiant|23/100 brn|[from] brn
|upkeep
|turn|36
|inactive|ForceFire_SR has 90 seconds left.
|inactive|Natorito has 60 seconds left.
|
|t:|1757873868
|switch|p2a: Mudsdale|Mudsdale, F|62/100 brn
|move|p1a: Iron Valiant|Thunderbolt|p2a: Mudsdale
|-immune|p2a: Mudsdale
|
|-heal|p1a: Iron Valiant|30/100 brn|[from] item: Leftovers
|-damage|p1a: Iron Valiant|23/100 brn|[from] brn
|-damage|p2a: Mudsdale|55/100 brn|[from] brn
|upkeep
|turn|37
|inactive|ForceFire_SR has 90 seconds left.
|inactive|Natorito has 60 seconds left.
|
|t:|1757873890
|move|p1a: Iron Valiant|Moonblast|p2a: Mudsdale
|-damage|p2a: Mudsdale|8/100 brn
|-ability|p2a: Mudsdale|Stamina|boost
|-boost|p2a: Mudsdale|def|1
|move|p2a: Mudsdale|Bulldoze|p1a: Iron Valiant
|-damage|p1a: Iron Valiant|6/100 brn
|-unboost|p1a: Iron Valiant|spe|1
|
|-heal|p1a: Iron Valiant|12/100 brn|[from] item: Leftovers
|-damage|p1a: Iron Valiant|6/100 brn|[from] brn
|-damage|p2a: Mudsdale|2/100 brn|[from] brn
|upkeep
|turn|38
|inactive|Natorito has 60 seconds left.
|
|t:|1757873910
|move|p1a: Iron Valiant|Moonblast|p2a: Mudsdale
|-damage|p2a: Mudsdale|0 fnt
|faint|p2a: Mudsdale
|
|-heal|p1a: Iron Valiant|12/100 brn|[from] item: Leftovers
|-damage|p1a: Iron Valiant|6/100 brn|[from] brn
|upkeep
|inactive|Natorito has 60 seconds left.
|
|t:|1757873918
|switch|p2a: Milotic|Milotic, F|100/100 slp
|turn|39
|
|t:|1757873924
|move|p1a: Iron Valiant|Thunderbolt|p2a: Milotic
|-supereffective|p2a: Milotic
|-damage|p2a: Milotic|58/100 slp
|-curestatus|p2a: Milotic|slp|[msg]
|move|p2a: Milotic|Scald|p1a: Iron Valiant
|-damage|p1a: Iron Valiant|0 fnt
|faint|p1a: Iron Valiant
|-end|p1a: Iron Valiant|Quark Drive|[silent]
|
|upkeep
|
|t:|1757873934
|switch|p1a: Cyclizar|Cyclizar, M|100/100
|turn|40
|
|t:|1757873943
|move|p1a: Cyclizar|Rapid Spin|p2a: Milotic
|-damage|p2a: Milotic|46/100
|-boost|p1a: Cyclizar|spe|1
|-sideend|p1: ForceFire_SR|Stealth Rock|[from] move: Rapid Spin|[of] p1a: Cyclizar
|move|p2a: Milotic|Scald|p1a: Cyclizar
|-resisted|p1a: Cyclizar
|-damage|p1a: Cyclizar|70/100
|
|upkeep
|turn|41
|
|t:|1757873953
|-terastallize|p2a: Milotic|Dragon
|move|p1a: Cyclizar|Rapid Spin|p2a: Milotic
|-damage|p2a: Milotic|33/100
|-boost|p1a: Cyclizar|spe|1
|move|p2a: Milotic|Scald|p1a: Cyclizar
|-resisted|p1a: Cyclizar
|-damage|p1a: Cyclizar|41/100
|
|upkeep
|turn|42
|
|t:|1757873963
|move|p1a: Cyclizar|Rapid Spin|p2a: Milotic
|-damage|p2a: Milotic|21/100
|-boost|p1a: Cyclizar|spe|1
|move|p2a: Milotic|Scald|p1a: Cyclizar
|-resisted|p1a: Cyclizar
|-damage|p1a: Cyclizar|15/100
|
|upkeep
|turn|43
|inactive|ForceFire_SR has 90 seconds left.
|
|t:|1757873971
|move|p1a: Cyclizar|Rapid Spin|p2a: Milotic
|-damage|p2a: Milotic|8/100
|-boost|p1a: Cyclizar|spe|1
|move|p2a: Milotic|Scald|p1a: Cyclizar
|-resisted|p1a: Cyclizar
|-damage|p1a: Cyclizar|0 fnt
|faint|p1a: Cyclizar
|
|upkeep
|inactive|ForceFire_SR has 90 seconds left.
|
|t:|1757873981
|switch|p1a: Heatran|Heatran, M, tera:Grass|99/100
|turn|44
|inactive|ForceFire_SR has 90 seconds left.
|
|t:|1757873998
|move|p1a: Heatran|Dark Pulse|p2a: Milotic
|-damage|p2a: Milotic|0 fnt
|faint|p2a: Milotic
|
|win|ForceFire_SR
|raw|ForceFire_SR's rating: 1224 &rarr; <strong>1247</strong><br />(+23 for winning)
|raw|Natorito's rating: 1203 &rarr; <strong>1180</strong><br />(-23 for losing)
|l|☆Natorito
|player|p2|
|l|☆ForceFire_SR
|player|p1|
