|j|☆BBQSHAPESsoGOOD
|j|☆PkScept
|t:|1757849619
|gametype|singles
|player|p1|BBQSHAPESsoGOOD|170|1288
|player|p2|PkScept|169|1362
|gen|9
|tier|[Gen 9] OU
|rated|
|rule|HP Percentage Mod: HP is shown in percentages
|rule|Endless Battle Clause: Forcing endless battles is banned
|rule|Species Clause: Limit one of each Pokémon
|rule|OHKO Clause: OHKO moves are banned
|rule|Evasion Items Clause: Evasion items are banned
|rule|Evasion Moves Clause: Evasion moves are banned
|rule|Evasion Abilities Clause: Evasion abilities are banned
|rule|Sleep Moves Clause: Sleep-inducing moves are banned
|clearpoke
|poke|p1|Indeedee, M|
|poke|p1|Polteageist|
|poke|p1|Hawlucha, M|
|poke|p1|Dragonite, M|
|poke|p1|Deoxys-Speed|
|poke|p1|Avalugg, F|
|poke|p2|Venomoth, F|
|poke|p2|Alomomola, F|
|poke|p2|Corviknight, F|
|poke|p2|Rillaboom, M|
|poke|p2|Slowking-Galar, M|
|poke|p2|Hawlucha, M|
|teampreview
|inactive|Battle timer is ON: inactive players will automatically lose when time's up. (requested by PkScept)
|
|t:|1757849662
|teamsize|p1|6
|teamsize|p2|6
|start
|switch|p1a: Deoxys|Deoxys-Speed|100/100
|switch|p2a: Mephistus|Slowking-Galar, M|100/100
|-ability|p1a: Deoxys|Pressure
|turn|1
|
|t:|1757849670
|move|p1a: Deoxys|Stealth Rock|p2a: Mephistus
|-sidestart|p2: PkScept|move: Stealth Rock
|move|p2a: Mephistus|Sludge Bomb|p1a: Deoxys
|-damage|p1a: Deoxys|52/100
|
|upkeep
|turn|2
|
|t:|1757849675
|move|p1a: Deoxys|Expanding Force|p2a: Mephistus
|-damage|p2a: Mephistus|81/100
|move|p2a: Mephistus|Sludge Bomb|p1a: Deoxys
|-damage|p1a: Deoxys|0 fnt
|faint|p1a: Deoxys
|
|upkeep
|
|t:|1757849688
|switch|p1a: Dragonite|Dragonite, M|100/100
|turn|3
|
|t:|1757849690
|move|p1a: Dragonite|Earthquake|p2a: Mephistus
|-supereffective|p2a: Mephistus
|-damage|p2a: Mephistus|6/100
|move|p2a: Mephistus|Toxic|p1a: Dragonite
|-status|p1a: Dragonite|tox
|
|-damage|p1a: Dragonite|94/100 tox|[from] psn
|upkeep
|turn|4
|
|t:|1757849697
|switch|p2a: Raven|Corviknight, F|100/100
|-damage|p2a: Raven|88/100|[from] Stealth Rock
|-ability|p2a: Raven|Pressure
|move|p1a: Dragonite|Dragon Claw|p2a: Raven
|-resisted|p2a: Raven
|-damage|p2a: Raven|75/100
|-damage|p1a: Dragonite|78/100 tox|[from] item: Rocky Helmet|[of] p2a: Raven
|
|-damage|p1a: Dragonite|65/100 tox|[from] psn
|upkeep
|turn|5
|
|t:|1757849704
|switch|p1a: Indeedee|Indeedee, M|100/100
|-fieldstart|move: Psychic Terrain|[from] ability: Psychic Surge|[of] p1a: Indeedee
|move|p2a: Raven|U-turn|p1a: Indeedee
|-supereffective|p1a: Indeedee
|-damage|p1a: Indeedee|41/100
|
|t:|1757849707
|switch|p2a: Rillaboom|Rillaboom, M|100/100|[from] U-turn
|-damage|p2a: Rillaboom|88/100|[from] Stealth Rock
|-fieldstart|move: Grassy Terrain|[from] ability: Grassy Surge|[of] p2a: Rillaboom
|
|-heal|p1a: Indeedee|48/100|[from] Grassy Terrain
|-heal|p2a: Rillaboom|94/100|[from] Grassy Terrain
|upkeep
|turn|6
|
|t:|1757849711
|switch|p1a: Avalugg|Avalugg, F|100/100
|move|p2a: Rillaboom|U-turn|p1a: Avalugg
|-damage|p1a: Avalugg|91/100
|
|t:|1757849713
|switch|p2a: Mephistus|Slowking-Galar, M|39/100|[from] U-turn
|
|-heal|p2a: Mephistus|45/100|[from] Grassy Terrain
|-heal|p1a: Avalugg|97/100|[from] Grassy Terrain
|upkeep
|turn|7
|
|t:|1757849721
|switch|p2a: Maho|Alomomola, F|100/100
|switch|p1a: Indeedee|Indeedee, M|48/100
|-fieldstart|move: Psychic Terrain|[from] ability: Psychic Surge|[of] p1a: Indeedee
|
|upkeep
|turn|8
|
|t:|1757849729
|switch|p1a: Hawlucha|Hawlucha, M|100/100
|-enditem|p1a: Hawlucha|Psychic Seed
|-boost|p1a: Hawlucha|spd|1|[from] item: Psychic Seed
|switch|p2a: Rillaboom|Rillaboom, M|94/100
|-damage|p2a: Rillaboom|82/100|[from] Stealth Rock
|-fieldstart|move: Grassy Terrain|[from] ability: Grassy Surge|[of] p2a: Rillaboom
|
|-heal|p2a: Rillaboom|88/100|[from] Grassy Terrain
|upkeep
|turn|9
|
|t:|1757849733
|switch|p2a: Maho|Alomomola, F|100/100
|move|p1a: Hawlucha|Acrobatics|p2a: Maho
|-damage|p2a: Maho|76/100
|
|-heal|p2a: Maho|82/100|[from] Grassy Terrain
|upkeep
|turn|10
|
|t:|1757849737
|move|p1a: Hawlucha|Swords Dance|p1a: Hawlucha
|-boost|p1a: Hawlucha|atk|2
|move|p2a: Maho|Scald|p1a: Hawlucha
|-damage|p1a: Hawlucha|86/100
|
|-heal|p2a: Maho|88/100|[from] Grassy Terrain
|upkeep
|turn|11
|
|t:|1757849740
|move|p1a: Hawlucha|Swords Dance|p1a: Hawlucha
|-boost|p1a: Hawlucha|atk|2
|move|p2a: Maho|Scald|p1a: Hawlucha
|-damage|p1a: Hawlucha|72/100
|
|-heal|p2a: Maho|94/100|[from] Grassy Terrain
|upkeep
|turn|12
|
|t:|1757849756
|-terastallize|p1a: Hawlucha|Flying
|move|p1a: Hawlucha|Acrobatics|p2a: Maho
|-damage|p2a: Maho|0 fnt
|faint|p2a: Maho
|
|-fieldend|move: Grassy Terrain
|upkeep
|
|t:|1757849764
|switch|p2a: Raven|Corviknight, F|75/100
|-damage|p2a: Raven|63/100|[from] Stealth Rock
|-ability|p2a: Raven|Pressure
|turn|13
|
|t:|1757849780
|switch|p2a: Mephistus|Slowking-Galar, M|79/100
|move|p1a: Hawlucha|Acrobatics|p2a: Mephistus
|-damage|p2a: Mephistus|0 fnt
|faint|p2a: Mephistus
|
|upkeep
|
|t:|1757849785
|switch|p2a: Raven|Corviknight, F|63/100
|-damage|p2a: Raven|51/100|[from] Stealth Rock
|-ability|p2a: Raven|Pressure
|turn|14
|
|t:|1757849789
|move|p1a: Hawlucha|Acrobatics|p2a: Raven
|-resisted|p2a: Raven
|-damage|p2a: Raven|0 fnt
|-damage|p1a: Hawlucha|55/100|[from] item: Rocky Helmet|[of] p2a: Raven
|faint|p2a: Raven
|
|upkeep
|
|t:|1757849795
|switch|p2a: Rillaboom|Rillaboom, M|88/100
|-damage|p2a: Rillaboom|76/100|[from] Stealth Rock
|-fieldstart|move: Grassy Terrain|[from] ability: Grassy Surge|[of] p2a: Rillaboom
|turn|15
|
|t:|1757849798
|move|p2a: Rillaboom|Grassy Glide|p1a: Hawlucha
|-resisted|p1a: Hawlucha
|-damage|p1a: Hawlucha|28/100
|move|p1a: Hawlucha|Acrobatics|p2a: Rillaboom
|-supereffective|p2a: Rillaboom
|-damage|p2a: Rillaboom|0 fnt
|faint|p2a: Rillaboom
|
|upkeep
|
|t:|1757849801
|switch|p2a: Hawlucha|Hawlucha, M|100/100
|-damage|p2a: Hawlucha|88/100|[from] Stealth Rock
|-enditem|p2a: Hawlucha|Grassy Seed
|-boost|p2a: Hawlucha|def|1|[from] item: Grassy Seed
|turn|16
|
|t:|1757849804
|move|p2a: Hawlucha|Acrobatics|p1a: Hawlucha
|-damage|p1a: Hawlucha|0 fnt
|faint|p1a: Hawlucha
|
|upkeep
|
|t:|1757849815
|switch|p1a: Dragonite|Dragonite, M|65/100 tox
|turn|17
|
|t:|1757849819
|move|p1a: Dragonite|Extreme Speed|p2a: Hawlucha
|-damage|p2a: Hawlucha|59/100
|move|p2a: Hawlucha|Substitute|p2a: Hawlucha
|-start|p2a: Hawlucha|Substitute
|-damage|p2a: Hawlucha|34/100
|
|-damage|p1a: Dragonite|59/100 tox|[from] psn
|upkeep
|turn|18
|
|t:|1757849824
|move|p1a: Dragonite|Extreme Speed|p2a: Hawlucha
|-end|p2a: Hawlucha|Substitute
|move|p2a: Hawlucha|Bulk Up|p2a: Hawlucha
|-boost|p2a: Hawlucha|atk|1
|-boost|p2a: Hawlucha|def|1
|
|-damage|p1a: Dragonite|47/100 tox|[from] psn
|upkeep
|turn|19
|
|t:|1757849832
|move|p2a: Hawlucha|Acrobatics|p1a: Dragonite
|-damage|p1a: Dragonite|0 fnt
|faint|p1a: Dragonite
|
|-fieldend|move: Grassy Terrain
|upkeep
|
|t:|1757849835
|switch|p1a: Polteageist|Polteageist|100/100
|turn|20
|
|t:|1757849838
|move|p2a: Hawlucha|Acrobatics|p1a: Polteageist
|-enditem|p1a: Polteageist|Focus Sash
|-damage|p1a: Polteageist|1/100
|-ability|p1a: Polteageist|Weak Armor|boost
|-unboost|p1a: Polteageist|def|1
|-boost|p1a: Polteageist|spe|2
|move|p1a: Polteageist|Shadow Ball|p2a: Hawlucha
|-damage|p2a: Hawlucha|0 fnt
|faint|p2a: Hawlucha
|
|upkeep
|
|t:|1757849843
|switch|p2a: Venomoth|Venomoth, F, shiny|100/100
|turn|21
|
|t:|1757849861
|-terastallize|p2a: Venomoth|Ground
|move|p1a: Polteageist|Shadow Ball|p2a: Venomoth
|-damage|p2a: Venomoth|31/100
|-unboost|p2a: Venomoth|spd|1
|move|p2a: Venomoth|Sludge Bomb|p1a: Polteageist
|-resisted|p1a: Polteageist
|-damage|p1a: Polteageist|0 fnt
|faint|p1a: Polteageist
|
|upkeep
|
|t:|1757849873
|switch|p1a: Indeedee|Indeedee, M|48/100
|-fieldstart|move: Psychic Terrain|[from] ability: Psychic Surge|[of] p1a: Indeedee
|turn|22
|
|t:|1757849882
|move|p1a: Indeedee|Expanding Force|p2a: Venomoth
|-damage|p2a: Venomoth|0 fnt
|faint|p2a: Venomoth
|
|win|BBQSHAPESsoGOOD
|raw|BBQSHAPESsoGOOD's rating: 1288 &rarr; <strong>1318</strong><br />(+30 for winning)
|raw|PkScept's rating: 1362 &rarr; <strong>1338</strong><br />(-24 for losing)
|l|☆PkScept
|player|p2|
|l|☆BBQSHAPESsoGOOD
|player|p1|
