|j|☆IDWTLA
|j|☆The real milk
|t:|1757867251
|gametype|singles
|player|p1|IDWTLA|scientist-gen4dp|1078
|player|p2|The real milk|102|1040
|gen|9
|tier|[Gen 9] OU
|rated|
|rule|HP Percentage Mod: HP is shown in percentages
|rule|Endless Battle Clause: Forcing endless battles is banned
|rule|Species Clause: Limit one of each Pokémon
|rule|OHKO Clause: OHKO moves are banned
|rule|Evasion Items Clause: Evasion items are banned
|rule|Evasion Moves Clause: Evasion moves are banned
|rule|Evasion Abilities Clause: Evasion abilities are banned
|rule|Sleep Moves Clause: Sleep-inducing moves are banned
|clearpoke
|poke|p1|Zapdos-Galar|
|poke|p1|Landorus-Therian, M|
|poke|p1|Dragapult, M|
|poke|p1|Slowking-Galar, M|
|poke|p1|Great Tusk|
|poke|p1|Alomomola, F|
|poke|p2|Slowking-Galar, F|
|poke|p2|Ting-Lu|
|poke|p2|Corviknight, F|
|poke|p2|Rotom-Wash|
|poke|p2|Cinderace, F|
|poke|p2|Iron Valiant|
|teampreview
|
|t:|1757867255
|teamsize|p1|6
|teamsize|p2|6
|start
|switch|p1a: Zapdos|Zapdos-Galar|100/100
|switch|p2a: Rotom|Rotom-Wash|100/100
|turn|1
|
|t:|1757867279
|move|p1a: Zapdos|U-turn|p2a: Rotom
|-damage|p2a: Rotom|71/100
|
|t:|1757867282
|switch|p1a: Slowking|Slowking-Galar, M|100/100|[from] U-turn
|move|p2a: Rotom|Volt Switch|p1a: Slowking
|-damage|p1a: Slowking|84/100
|inactive|Battle timer is ON: inactive players will automatically lose when time's up. (requested by IDWTLA)
|
|t:|1757867310
|switch|p2a: Ting-Lu|Ting-Lu|100/100|[from] Volt Switch
|-ability|p2a: Ting-Lu|Vessel of Ruin
|
|upkeep
|turn|2
|
|t:|1757867330
|move|p2a: Ting-Lu|Stealth Rock|p1a: Slowking
|-sidestart|p1: IDWTLA|move: Stealth Rock
|move|p1a: Slowking|Toxic|p2a: Ting-Lu
|-status|p2a: Ting-Lu|tox
|
|-damage|p2a: Ting-Lu|94/100 tox|[from] psn
|upkeep
|turn|3
|
|t:|1757867343
|switch|p1a: Landorus|Landorus-Therian, M|100/100
|-damage|p1a: Landorus|88/100|[from] Stealth Rock
|-ability|p1a: Landorus|Intimidate|boost
|-unboost|p2a: Ting-Lu|atk|1
|move|p2a: Ting-Lu|Ruination|p1a: Landorus
|-damage|p1a: Landorus|44/100
|
|-heal|p2a: Ting-Lu|100/100 tox|[from] item: Leftovers
|-damage|p2a: Ting-Lu|88/100 tox|[from] psn
|upkeep
|turn|4
|
|t:|1757867357
|switch|p2a: Rotom|Rotom-Wash|71/100
|move|p1a: Landorus|Stealth Rock|p2a: Rotom
|-sidestart|p2: The real milk|move: Stealth Rock
|
|upkeep
|turn|5
|
|t:|1757867383
|switch|p1a: Slowking|Slowking-Galar, M|100/100
|move|p2a: Rotom|Hydro Pump|p1a: Slowking|[miss]
|-miss|p2a: Rotom|p1a: Slowking
|
|upkeep
|turn|6
|
|t:|1757867410
|switch|p2a: Iron Valiant|Iron Valiant|100/100
|-damage|p2a: Iron Valiant|94/100|[from] Stealth Rock
|move|p1a: Slowking|Future Sight|p2a: Iron Valiant
|-start|p1a: Slowking|move: Future Sight
|
|upkeep
|turn|7
|
|t:|1757867422
|move|p2a: Iron Valiant|Moonblast|p1a: Slowking
|-resisted|p1a: Slowking
|-damage|p1a: Slowking|81/100
|move|p1a: Slowking|Sludge Bomb|p2a: Iron Valiant
|-supereffective|p2a: Iron Valiant
|-damage|p2a: Iron Valiant|0 fnt
|faint|p2a: Iron Valiant
|-end|p2a: Iron Valiant|Quark Drive|[silent]
|
|upkeep
|
|t:|1757867431
|switch|p2a: Ting-Lu|Ting-Lu|88/100 tox
|-damage|p2a: Ting-Lu|82/100 tox|[from] Stealth Rock
|-ability|p2a: Ting-Lu|Vessel of Ruin
|turn|8
|inactive|IDWTLA has 120 seconds left.
|
|t:|1757867485
|switch|p1a: Alomomola|Alomomola, F|100/100
|move|p2a: Ting-Lu|Ruination|p1a: Alomomola
|-damage|p1a: Alomomola|50/100
|
|-end|p2a: Ting-Lu|move: Future Sight
|-immune|p2a: Ting-Lu
|-heal|p2a: Ting-Lu|88/100 tox|[from] item: Leftovers
|-damage|p2a: Ting-Lu|82/100 tox|[from] psn
|upkeep
|turn|9
|
|t:|1757867497
|move|p1a: Alomomola|Wish|p1a: Alomomola
|move|p2a: Ting-Lu|Ruination|p1a: Alomomola
|-damage|p1a: Alomomola|26/100
|
|-heal|p2a: Ting-Lu|88/100 tox|[from] item: Leftovers
|-damage|p2a: Ting-Lu|76/100 tox|[from] psn
|upkeep
|turn|10
|
|t:|1757867507
|move|p1a: Alomomola|Flip Turn|p2a: Ting-Lu
|-supereffective|p2a: Ting-Lu
|-damage|p2a: Ting-Lu|58/100 tox
|
|t:|1757867517
|switch|p1a: Landorus|Landorus-Therian, M|44/100|[from] Flip Turn
|-damage|p1a: Landorus|32/100|[from] Stealth Rock
|-ability|p1a: Landorus|Intimidate|boost
|-unboost|p2a: Ting-Lu|atk|1
|move|p2a: Ting-Lu|Ruination|p1a: Landorus
|-damage|p1a: Landorus|16/100
|
|-heal|p1a: Landorus|88/100|[from] move: Wish|[wisher] Alomomola
|-heal|p2a: Ting-Lu|64/100 tox|[from] item: Leftovers
|-damage|p2a: Ting-Lu|46/100 tox|[from] psn
|upkeep
|turn|11
|inactive|IDWTLA has 90 seconds left.
|
|t:|1757867555
|switch|p2a: Rotom|Rotom-Wash|71/100
|-damage|p2a: Rotom|58/100|[from] Stealth Rock
|move|p1a: Landorus|U-turn|p2a: Rotom
|-damage|p2a: Rotom|42/100
|
|t:|1757867562
|switch|p1a: Alomomola|Alomomola, F|59/100|[from] U-turn
|
|upkeep
|turn|12
|
|t:|1757867567
|switch|p1a: Slowking|Slowking-Galar, M|100/100
|move|p2a: Rotom|Volt Switch|p1a: Slowking
|-damage|p1a: Slowking|85/100
|
|t:|1757867577
|switch|p2a: Corviknight|Corviknight, F|100/100|[from] Volt Switch
|-damage|p2a: Corviknight|88/100|[from] Stealth Rock
|-ability|p2a: Corviknight|Pressure
|
|upkeep
|turn|13
|inactive|IDWTLA has 90 seconds left.
|
|t:|1757867587
|switch|p1a: Landorus|Landorus-Therian, M|88/100
|-damage|p1a: Landorus|76/100|[from] Stealth Rock
|-ability|p1a: Landorus|Intimidate|boost
|-unboost|p2a: Corviknight|atk|1
|move|p2a: Corviknight|Defog|p1a: Landorus
|-unboost|p1a: Landorus|evasion|1
|-sideend|p1: IDWTLA|Stealth Rock|[from] move: Defog|[of] p2a: Corviknight
|-sideend|p2: The real milk|Stealth Rock|[from] move: Defog|[of] p2a: Corviknight
|
|upkeep
|turn|14
|
|t:|1757867601
|move|p1a: Landorus|Stealth Rock|p2a: Corviknight
|-sidestart|p2: The real milk|move: Stealth Rock
|move|p2a: Corviknight|U-turn|p1a: Landorus
|-resisted|p1a: Landorus
|-damage|p1a: Landorus|72/100
|-damage|p2a: Corviknight|72/100|[from] item: Rocky Helmet|[of] p1a: Landorus
|
|t:|1757867607
|switch|p2a: Rotom|Rotom-Wash|42/100|[from] U-turn
|-damage|p2a: Rotom|29/100|[from] Stealth Rock
|
|upkeep
|turn|15
|
|t:|1757867625
|switch|p1a: Slowking|Slowking-Galar, M|100/100
|move|p2a: Rotom|Trick|p1a: Slowking
|-activate|p2a: Rotom|move: Trick|[of] p1a: Slowking
|-item|p1a: Slowking|Choice Scarf|[from] move: Trick
|-item|p2a: Rotom|Heavy-Duty Boots|[from] move: Trick
|
|upkeep
|turn|16
|
|t:|1757867637
|move|p2a: Rotom|Protect|p2a: Rotom
|-singleturn|p2a: Rotom|Protect
|-prepare|p1a: Slowking|Chilly Reception|[premajor]
|move|p1a: Slowking|Chilly Reception|p1a: Slowking
|-weather|Snowscape
|
|t:|1757867643
|switch|p1a: Zapdos|Zapdos-Galar|100/100|[from] Chilly Reception
|
|-weather|Snowscape|[upkeep]
|upkeep
|turn|17
|
|t:|1757867650
|move|p1a: Zapdos|Knock Off|p2a: Rotom
|-damage|p2a: Rotom|0 fnt
|-enditem|p2a: Rotom|Heavy-Duty Boots|[from] move: Knock Off|[of] p1a: Zapdos
|faint|p2a: Rotom
|
|-weather|Snowscape|[upkeep]
|upkeep
|
|t:|1757867659
|switch|p2a: Cinderace|Cinderace, F|100/100
|turn|18
|
|t:|1757867679
|switch|p1a: Alomomola|Alomomola, F|92/100
|move|p2a: Cinderace|Pyro Ball|p1a: Alomomola
|-resisted|p1a: Alomomola
|-crit|p1a: Alomomola
|-damage|p1a: Alomomola|71/100
|
|-weather|Snowscape|[upkeep]
|upkeep
|turn|19
|
|t:|1757867689
|switch|p2a: Slowking|Slowking-Galar, F|100/100
|move|p1a: Alomomola|Body Slam|p2a: Slowking
|-damage|p2a: Slowking|88/100
|-status|p2a: Slowking|par
|
|-weather|Snowscape|[upkeep]
|upkeep
|turn|20
|
|t:|1757867702
|switch|p1a: Slowking|Slowking-Galar, M|100/100
|move|p2a: Slowking|Future Sight|p1a: Slowking
|-start|p2a: Slowking|move: Future Sight
|
|-weather|none
|upkeep
|turn|21
|
|t:|1757867711
|move|p1a: Slowking|Future Sight|p2a: Slowking
|-start|p1a: Slowking|move: Future Sight
|move|p2a: Slowking|Sludge Bomb|p1a: Slowking
|-resisted|p1a: Slowking
|-damage|p1a: Slowking|91/100
|
|upkeep
|turn|22
|inactive|IDWTLA has 120 seconds left.
|
|t:|1757867723
|switch|p2a: Ting-Lu|Ting-Lu|46/100 tox
|-damage|p2a: Ting-Lu|39/100 tox|[from] Stealth Rock
|-ability|p2a: Ting-Lu|Vessel of Ruin
|move|p1a: Slowking|Future Sight||[still]
|-fail|p1a: Slowking
|
|-end|p1a: Slowking|move: Future Sight
|-damage|p1a: Slowking|70/100
|-heal|p2a: Ting-Lu|46/100 tox|[from] item: Leftovers
|-damage|p2a: Ting-Lu|39/100 tox|[from] psn
|upkeep
|turn|23
|inactive|IDWTLA has 120 seconds left.
|
|t:|1757867753
|switch|p1a: Alomomola|Alomomola, F|100/100
|move|p2a: Ting-Lu|Stealth Rock|p1a: Alomomola
|-sidestart|p1: IDWTLA|move: Stealth Rock
|
|-end|p2a: Ting-Lu|move: Future Sight
|-immune|p2a: Ting-Lu
|-heal|p2a: Ting-Lu|46/100 tox|[from] item: Leftovers
|-damage|p2a: Ting-Lu|33/100 tox|[from] psn
|upkeep
|turn|24
|inactive|IDWTLA has 90 seconds left.
|inactive|IDWTLA has 60 seconds left.
|
|t:|1757867805
|move|p1a: Alomomola|Flip Turn|p2a: Ting-Lu
|-supereffective|p2a: Ting-Lu
|-damage|p2a: Ting-Lu|16/100 tox
|inactive|IDWTLA has 60 seconds left.
|
|t:|1757867838
|switch|p1a: Great Tusk|Great Tusk|100/100|[from] Flip Turn
|move|p2a: Ting-Lu|Whirlwind|p1a: Great Tusk
|-end|p1a: Great Tusk|Protosynthesis|[silent]
|drag|p1a: Dragapult|Dragapult, M|100/100
|-damage|p1a: Dragapult|88/100|[from] Stealth Rock
|
|-heal|p2a: Ting-Lu|23/100 tox|[from] item: Leftovers
|-damage|p2a: Ting-Lu|4/100 tox|[from] psn
|upkeep
|turn|25
|
|t:|1757867854
|move|p1a: Dragapult|Shadow Ball|p2a: Ting-Lu
|-resisted|p2a: Ting-Lu
|-damage|p2a: Ting-Lu|0 fnt
|faint|p2a: Ting-Lu
|
|upkeep
|
|t:|1757867862
|switch|p2a: Slowking|Slowking-Galar, F|100/100 par
|turn|26
|
|t:|1757867867
|move|p1a: Dragapult|Shadow Ball|p2a: Slowking
|-supereffective|p2a: Slowking
|-damage|p2a: Slowking|31/100 par
|cant|p2a: Slowking|par
|
|upkeep
|turn|27
|
|t:|1757867874
|move|p1a: Dragapult|Shadow Ball|p2a: Slowking
|-supereffective|p2a: Slowking
|-damage|p2a: Slowking|0 fnt
|faint|p2a: Slowking
|
|upkeep
|
|t:|1757867883
|switch|p2a: Cinderace|Cinderace, F|100/100
|turn|28
|
|t:|1757867892
|switch|p1a: Alomomola|Alomomola, F|100/100
|-terastallize|p2a: Cinderace|Fire
|move|p2a: Cinderace|Pyro Ball|p1a: Alomomola
|-resisted|p1a: Alomomola
|-damage|p1a: Alomomola|85/100
|
|upkeep
|turn|29
|
|t:|1757867901
|move|p2a: Cinderace|U-turn|p1a: Alomomola
|-damage|p1a: Alomomola|74/100
|
|t:|1757867903
|switch|p2a: Corviknight|Corviknight, F|72/100|[from] U-turn
|-damage|p2a: Corviknight|59/100|[from] Stealth Rock
|-ability|p2a: Corviknight|Pressure
|move|p1a: Alomomola|Flip Turn|p2a: Corviknight
|-damage|p2a: Corviknight|50/100
|-damage|p1a: Alomomola|58/100|[from] item: Rocky Helmet|[of] p2a: Corviknight
|c|☆IDWTLA|Gg
|
|t:|1757867916
|switch|p1a: Dragapult|Dragapult, M|88/100|[from] Flip Turn
|-damage|p1a: Dragapult|76/100|[from] Stealth Rock
|
|upkeep
|turn|30
|
|t:|1757867925
|move|p1a: Dragapult|Flamethrower|p2a: Corviknight
|-supereffective|p2a: Corviknight
|-damage|p2a: Corviknight|0 fnt
|faint|p2a: Corviknight
|
|upkeep
|
|t:|1757867930
|switch|p2a: Cinderace|Cinderace, F, tera:Fire|100/100
|turn|31
|
|t:|1757867935
|switch|p1a: Alomomola|Alomomola, F|91/100
|move|p2a: Cinderace|Will-O-Wisp|p1a: Alomomola
|-status|p1a: Alomomola|brn
|
|-damage|p1a: Alomomola|85/100 brn|[from] brn
|upkeep
|turn|32
|inactive|The real milk has 120 seconds left.
|
|t:|1757867967
|move|p2a: Cinderace|Pyro Ball|p1a: Alomomola|[miss]
|-miss|p2a: Cinderace|p1a: Alomomola
|move|p1a: Alomomola|Body Slam|p2a: Cinderace
|-damage|p2a: Cinderace|90/100
|-status|p2a: Cinderace|par
|
|-damage|p1a: Alomomola|79/100 brn|[from] brn
|upkeep
|turn|33
|inactive|The real milk has 120 seconds left.
|
|t:|1757867977
|move|p2a: Cinderace|Pyro Ball|p1a: Alomomola
|-resisted|p1a: Alomomola
|-damage|p1a: Alomomola|62/100 brn
|move|p1a: Alomomola|Flip Turn|p2a: Cinderace
|-supereffective|p2a: Cinderace
|-damage|p2a: Cinderace|72/100 par
|
|t:|1757867983
|switch|p1a: Zapdos|Zapdos-Galar|100/100|[from] Flip Turn
|-damage|p1a: Zapdos|88/100|[from] Stealth Rock
|
|upkeep
|turn|34
|
|t:|1757867991
|move|p1a: Zapdos|Brave Bird|p2a: Cinderace
|-damage|p2a: Cinderace|0 fnt
|faint|p2a: Cinderace
|-damage|p1a: Zapdos|62/100|[from] Recoil
|
|win|IDWTLA
|raw|IDWTLA's rating: 1078 &rarr; <strong>1103</strong><br />(+25 for winning)
|raw|The real milk's rating: 1040 &rarr; <strong>1026</strong><br />(-14 for losing)
|l|☆The real milk
|player|p2|
