|j|☆Rootliff
|j|☆swawsold
|t:|1757863317
|gametype|singles
|player|p1|Rootliff|169|1230
|player|p2|swawsold|unknownf|1317
|gen|9
|tier|[Gen 9] OU
|rated|
|rule|HP Percentage Mod: HP is shown in percentages
|rule|Endless Battle Clause: Forcing endless battles is banned
|rule|Species Clause: Limit one of each Pokémon
|rule|OHKO Clause: OHKO moves are banned
|rule|Evasion Items Clause: Evasion items are banned
|rule|Evasion Moves Clause: Evasion moves are banned
|rule|Evasion Abilities Clause: Evasion abilities are banned
|rule|Sleep Moves Clause: Sleep-inducing moves are banned
|clearpoke
|poke|p1|Pelipper, F|
|poke|p1|Barraskewda, M|
|poke|p1|Politoed, F|
|poke|p1|Manaphy|
|poke|p1|Toxicroak, F|
|poke|p1|Raging Bolt|
|poke|p2|Ninetales, M|
|poke|p2|Leavanny, M|
|poke|p2|Walking Wake|
|poke|p2|Ceruledge, M|
|poke|p2|Great Tusk|
|poke|p2|Raging Bolt|
|teampreview
|
|t:|1757863324
|teamsize|p1|6
|teamsize|p2|6
|start
|switch|p1a: Manaphy|Manaphy|100/100
|switch|p2a: Raging Bolt|Raging Bolt|100/100
|turn|1
|
|t:|1757863337
|move|p1a: Manaphy|Substitute|p1a: Manaphy
|-start|p1a: Manaphy|Substitute
|-damage|p1a: Manaphy|76/100
|move|p2a: Raging Bolt|Volt Switch|p1a: Manaphy
|-supereffective|p1a: Manaphy
|-end|p1a: Manaphy|Substitute
|
|t:|1757863345
|-end|p2a: Raging Bolt|Protosynthesis|[silent]
|switch|p2a: Ninetales|Ninetales, M|100/100|[from] Volt Switch
|-weather|SunnyDay|[from] ability: Drought|[of] p2a: Ninetales
|
|-weather|SunnyDay|[upkeep]
|-heal|p1a: Manaphy|82/100|[from] item: Leftovers
|upkeep
|turn|2
|
|t:|1757863356
|move|p1a: Manaphy|Substitute|p1a: Manaphy
|-start|p1a: Manaphy|Substitute
|-damage|p1a: Manaphy|57/100
|move|p2a: Ninetales|Encore|p1a: Manaphy
|-start|p1a: Manaphy|Encore
|
|-weather|SunnyDay|[upkeep]
|-heal|p1a: Manaphy|63/100|[from] item: Leftovers
|upkeep
|turn|3
|
|t:|1757863364
|switch|p1a: Pelipper|Pelipper, F|100/100
|-weather|RainDance|[from] ability: Drizzle|[of] p1a: Pelipper
|switch|p2a: Leavanny|Leavanny, M|100/100
|
|-weather|RainDance|[upkeep]
|upkeep
|turn|4
|
|t:|1757863373
|move|p2a: Leavanny|Leaf Storm|p1a: Pelipper
|-damage|p1a: Pelipper|48/100
|-unboost|p2a: Leavanny|spa|2
|-enditem|p2a: Leavanny|Eject Pack
|
|t:|1757863378
|switch|p2a: Ninetales|Ninetales, M|100/100
|-weather|SunnyDay|[from] ability: Drought|[of] p2a: Ninetales
|move|p1a: Pelipper|Knock Off|p2a: Ninetales
|-damage|p2a: Ninetales|84/100
|-enditem|p2a: Ninetales|Heat Rock|[from] move: Knock Off|[of] p1a: Pelipper
|
|-weather|SunnyDay|[upkeep]
|upkeep
|turn|5
|
|t:|1757863387
|switch|p2a: Raging Bolt|Raging Bolt|100/100
|-activate|p2a: Raging Bolt|ability: Protosynthesis
|-start|p2a: Raging Bolt|protosynthesisspa
|switch|p1a: Politoed|Politoed, F|100/100
|-weather|RainDance|[from] ability: Drizzle|[of] p1a: Politoed
|-end|p2a: Raging Bolt|Protosynthesis
|
|-weather|RainDance|[upkeep]
|upkeep
|turn|6
|
|t:|1757863401
|switch|p1a: Raging Bolt|Raging Bolt|100/100
|move|p2a: Raging Bolt|Volt Switch|p1a: Raging Bolt
|-resisted|p1a: Raging Bolt
|-damage|p1a: Raging Bolt|91/100
|
|t:|1757863410
|-end|p2a: Raging Bolt|Protosynthesis|[silent]
|switch|p2a: Ninetales|Ninetales, M|84/100|[from] Volt Switch
|-weather|SunnyDay|[from] ability: Drought|[of] p2a: Ninetales
|-activate|p1a: Raging Bolt|ability: Protosynthesis
|-start|p1a: Raging Bolt|protosynthesisspa
|
|-weather|SunnyDay|[upkeep]
|upkeep
|turn|7
|
|t:|1757863433
|switch|p2a: Great Tusk|Great Tusk|100/100
|-activate|p2a: Great Tusk|ability: Protosynthesis
|-start|p2a: Great Tusk|protosynthesisatk
|move|p1a: Raging Bolt|Draco Meteor|p2a: Great Tusk
|-damage|p2a: Great Tusk|0 fnt
|-unboost|p1a: Raging Bolt|spa|2
|faint|p2a: Great Tusk
|-end|p2a: Great Tusk|Protosynthesis|[silent]
|
|-weather|SunnyDay|[upkeep]
|upkeep
|
|t:|1757863444
|switch|p2a: Raging Bolt|Raging Bolt|100/100
|-activate|p2a: Raging Bolt|ability: Protosynthesis
|-start|p2a: Raging Bolt|protosynthesisspa
|turn|8
|
|t:|1757863449
|move|p2a: Raging Bolt|Dragon Pulse|p1a: Raging Bolt
|-supereffective|p1a: Raging Bolt
|-damage|p1a: Raging Bolt|0 fnt
|faint|p1a: Raging Bolt
|-end|p1a: Raging Bolt|Protosynthesis|[silent]
|
|-weather|SunnyDay|[upkeep]
|upkeep
|
|t:|1757863452
|switch|p1a: Pelipper|Pelipper, F|48/100
|-weather|RainDance|[from] ability: Drizzle|[of] p1a: Pelipper
|-end|p2a: Raging Bolt|Protosynthesis
|turn|9
|
|t:|1757863459
|move|p2a: Raging Bolt|Dragon Pulse|p1a: Pelipper
|-damage|p1a: Pelipper|0 fnt
|faint|p1a: Pelipper
|
|-weather|RainDance|[upkeep]
|upkeep
|
|t:|1757863464
|switch|p1a: Barraskewda|Barraskewda, M|100/100
|turn|10
|
|t:|1757863467
|-terastallize|p1a: Barraskewda|Water
|move|p2a: Raging Bolt|Thunderclap|p1a: Barraskewda
|-supereffective|p1a: Barraskewda
|-damage|p1a: Barraskewda|0 fnt
|faint|p1a: Barraskewda
|
|-weather|RainDance|[upkeep]
|upkeep
|-message|Rootliff forfeited.
|
|win|swawsold
|raw|Rootliff's rating: 1230 &rarr; <strong>1211</strong><br />(-19 for losing)
|raw|swawsold's rating: 1317 &rarr; <strong>1332</strong><br />(+15 for winning)
|l|☆Rootliff
|player|p1|
|l|☆swawsold
|player|p2|
