|j|☆yeetonat0r
|j|☆James1715
|t:|1757866401
|gametype|singles
|player|p1|yeetonat0r|265|1117
|player|p2|James1715|red|1153
|gen|9
|tier|[Gen 9] OU
|rated|
|rule|HP Percentage Mod: HP is shown in percentages
|rule|Endless Battle Clause: Forcing endless battles is banned
|rule|Species Clause: Limit one of each Pokémon
|rule|OHKO Clause: OHKO moves are banned
|rule|Evasion Items Clause: Evasion items are banned
|rule|Evasion Moves Clause: Evasion moves are banned
|rule|Evasion Abilities Clause: Evasion abilities are banned
|rule|Sleep Moves Clause: Sleep-inducing moves are banned
|clearpoke
|poke|p1|Haxorus, M|
|poke|p1|Hawlucha, F|
|poke|p1|Bisharp, M|
|poke|p1|Gardevoir, F|
|poke|p1|Chandelure, F|
|poke|p1|Gastrodon, M|
|poke|p2|Thundurus-Therian, M|
|poke|p2|Gliscor, F|
|poke|p2|Kingambit, F|
|poke|p2|Salamence, M|
|poke|p2|Greninja-*, M|
|poke|p2|Cinderace, F|
|teampreview
|
|t:|1757866416
|teamsize|p1|6
|teamsize|p2|6
|start
|switch|p1a: CupCake|Haxorus, M, shiny|100/100
|switch|p2a: Gliscor|Gliscor, F|100/100
|-ability|p1a: CupCake|Mold Breaker
|turn|1
|
|t:|1757866424
|move|p1a: CupCake|Outrage|p2a: Gliscor
|-damage|p2a: Gliscor|4/100
|move|p2a: Gliscor|Toxic|p1a: CupCake
|-status|p1a: CupCake|tox
|
|-damage|p1a: CupCake|94/100 tox|[from] psn
|-status|p2a: Gliscor|tox|[from] item: Toxic Orb
|upkeep
|turn|2
|
|t:|1757866434
|move|p2a: Gliscor|Protect|p2a: Gliscor
|-singleturn|p2a: Gliscor|Protect
|move|p1a: CupCake|Outrage|p2a: Gliscor|[from] lockedmove
|-activate|p2a: Gliscor|move: Protect
|-start|p1a: CupCake|confusion|[fatigue]
|
|-damage|p1a: CupCake|82/100 tox|[from] psn
|-heal|p2a: Gliscor|16/100 tox|[from] ability: Poison Heal
|upkeep
|turn|3
|
|t:|1757866456
|switch|p1a: Führer|Bisharp, M|100/100
|move|p2a: Gliscor|Substitute|p2a: Gliscor
|-fail|p2a: Gliscor|move: Substitute|[weak]
|
|-heal|p2a: Gliscor|28/100 tox|[from] ability: Poison Heal
|upkeep
|turn|4
|
|t:|1757866464
|move|p2a: Gliscor|Protect|p2a: Gliscor
|-singleturn|p2a: Gliscor|Protect
|move|p1a: Führer|Sucker Punch||[still]
|-fail|p1a: Führer
|
|-heal|p2a: Gliscor|41/100 tox|[from] ability: Poison Heal
|upkeep
|turn|5
|
|t:|1757866472
|move|p2a: Gliscor|Earthquake|p1a: Führer
|-supereffective|p1a: Führer
|-damage|p1a: Führer|47/100
|move|p1a: Führer|Swords Dance|p1a: Führer
|-boost|p1a: Führer|atk|2
|
|-heal|p2a: Gliscor|53/100 tox|[from] ability: Poison Heal
|upkeep
|turn|6
|
|t:|1757866483
|-terastallize|p1a: Führer|Flying
|move|p2a: Gliscor|Protect|p2a: Gliscor
|-singleturn|p2a: Gliscor|Protect
|move|p1a: Führer|Swords Dance|p1a: Führer
|-boost|p1a: Führer|atk|2
|
|-heal|p2a: Gliscor|65/100 tox|[from] ability: Poison Heal
|upkeep
|turn|7
|
|t:|1757866493
|move|p2a: Gliscor|Toxic|p1a: Führer
|-status|p1a: Führer|tox
|move|p1a: Führer|Throat Chop|p2a: Gliscor
|-damage|p2a: Gliscor|0 fnt
|faint|p2a: Gliscor
|
|-damage|p1a: Führer|41/100 tox|[from] psn
|upkeep
|
|t:|1757866504
|switch|p2a: Thundurus|Thundurus-Therian, M|100/100
|turn|8
|
|t:|1757866508
|move|p1a: Führer|Sucker Punch|p2a: Thundurus
|-damage|p2a: Thundurus|0 fnt
|faint|p2a: Thundurus
|
|-damage|p1a: Führer|28/100 tox|[from] psn
|upkeep
|
|t:|1757866517
|switch|p2a: Kingambit|Kingambit, F, shiny|100/100
|-activate|p2a: Kingambit|ability: Supreme Overlord
|-start|p2a: Kingambit|fallen2|[silent]
|turn|9
|
|t:|1757866523
|move|p2a: Kingambit|Protect|p2a: Kingambit
|-singleturn|p2a: Kingambit|Protect
|move|p1a: Führer|Iron Head|p2a: Kingambit
|-activate|p2a: Kingambit|move: Protect
|
|-damage|p1a: Führer|10/100 tox|[from] psn
|upkeep
|turn|10
|
|t:|1757866531
|move|p1a: Führer|Sucker Punch|p2a: Kingambit
|-resisted|p2a: Kingambit
|-damage|p2a: Kingambit|54/100
|move|p2a: Kingambit|Sucker Punch||[still]
|-fail|p2a: Kingambit
|
|-damage|p1a: Führer|0 fnt|[from] psn
|faint|p1a: Führer
|upkeep
|
|t:|1757866541
|switch|p1a: CupCake|Haxorus, M, shiny|82/100 tox
|-ability|p1a: CupCake|Mold Breaker
|turn|11
|
|t:|1757866547
|move|p2a: Kingambit|Protect|p2a: Kingambit
|-singleturn|p2a: Kingambit|Protect
|move|p1a: CupCake|First Impression|p2a: Kingambit
|-activate|p2a: Kingambit|move: Protect
|
|-damage|p1a: CupCake|76/100 tox|[from] psn
|upkeep
|turn|12
|
|t:|1757866560
|switch|p1a: Slipette|Gastrodon, M|100/100
|move|p2a: Kingambit|Kowtow Cleave|p1a: Slipette
|-damage|p1a: Slipette|37/100
|-damage|p2a: Kingambit|37/100|[from] item: Rocky Helmet|[of] p1a: Slipette
|-damage|p2a: Kingambit|27/100|[from] item: Life Orb
|
|upkeep
|turn|13
|
|t:|1757866571
|-end|p2a: Kingambit|fallen2|[silent]
|switch|p2a: Greninja|Greninja, M|100/100
|move|p1a: Slipette|Earth Power|p2a: Greninja
|-damage|p2a: Greninja|55/100
|
|upkeep
|turn|14
|
|t:|1757866577
|move|p2a: Greninja|Water Shuriken|p1a: Slipette
|-ability|p1a: Slipette|Storm Drain|boost
|-boost|p1a: Slipette|spa|1
|move|p1a: Slipette|Earth Power|p2a: Greninja
|-damage|p2a: Greninja|0 fnt
|faint|p2a: Greninja
|
|upkeep
|
|t:|1757866588
|switch|p2a: Salamence|Salamence, M|100/100
|turn|15
|
|t:|1757866592
|move|p2a: Salamence|Earthquake|p1a: Slipette
|-damage|p1a: Slipette|11/100
|move|p1a: Slipette|Ice Beam|p2a: Salamence
|-supereffective|p2a: Salamence
|-enditem|p2a: Salamence|Focus Sash
|-damage|p2a: Salamence|1/100
|
|upkeep
|turn|16
|
|t:|1757866600
|move|p2a: Salamence|Earthquake|p1a: Slipette
|-damage|p1a: Slipette|0 fnt
|faint|p1a: Slipette
|-ability|p2a: Salamence|Moxie|boost
|-boost|p2a: Salamence|atk|1
|
|upkeep
|
|t:|1757866610
|switch|p1a: Miku|Gardevoir, F, shiny|100/100
|-ability|p1a: Miku|Moxie|Trace|[from] ability: Trace|[of] p2a: Salamence
|turn|17
|
|t:|1757866618
|move|p1a: Miku|Moonblast|p2a: Salamence
|-supereffective|p2a: Salamence
|-damage|p2a: Salamence|0 fnt
|faint|p2a: Salamence
|-ability|p1a: Miku|Moxie|boost
|-boost|p1a: Miku|atk|1
|
|upkeep
|inactive|Battle timer is ON: inactive players will automatically lose when time's up. (requested by yeetonat0r)
|
|t:|1757866630
|switch|p2a: Cinderace|Cinderace, F|100/100
|turn|18
|
|t:|1757866638
|switch|p1a: Yui|Hawlucha, F, shiny|100/100
|move|p2a: Cinderace|Pyro Ball|p1a: Yui
|-damage|p1a: Yui|17/100
|
|upkeep
|turn|19
|
|t:|1757866645
|move|p2a: Cinderace|Pyro Ball|p1a: Yui
|-crit|p1a: Yui
|-damage|p1a: Yui|0 fnt
|faint|p1a: Yui
|
|upkeep
|
|t:|1757866649
|switch|p1a: CupCake|Haxorus, M, shiny|76/100 tox
|-ability|p1a: CupCake|Mold Breaker
|turn|20
|
|t:|1757866655
|move|p2a: Cinderace|Pyro Ball|p1a: CupCake
|-resisted|p1a: CupCake
|-damage|p1a: CupCake|37/100 tox
|move|p1a: CupCake|Earthquake|p2a: Cinderace
|-supereffective|p2a: Cinderace
|-damage|p2a: Cinderace|0 fnt
|faint|p2a: Cinderace
|
|-damage|p1a: CupCake|31/100 tox|[from] psn
|upkeep
|
|t:|1757866665
|switch|p2a: Kingambit|Kingambit, F, shiny|27/100
|-activate|p2a: Kingambit|ability: Supreme Overlord
|-start|p2a: Kingambit|fallen5|[silent]
|turn|21
|
|t:|1757866669
|switch|p1a: Miku|Gardevoir, F, shiny|100/100
|-ability|p1a: Miku|Supreme Overlord|Trace|[from] ability: Trace|[of] p2a: Kingambit
|-activate|p1a: Miku|ability: Supreme Overlord
|-start|p1a: Miku|fallen3|[silent]
|move|p2a: Kingambit|Protect||[still]
|-fail|p2a: Kingambit
|
|upkeep
|turn|22
|
|t:|1757866682
|-terastallize|p2a: Kingambit|Fairy
|move|p1a: Miku|Moonblast|p2a: Kingambit
|-damage|p2a: Kingambit|0 fnt
|faint|p2a: Kingambit
|-end|p2a: Kingambit|fallen5|[silent]
|
|win|yeetonat0r
|raw|yeetonat0r's rating: 1117 &rarr; <strong>1145</strong><br />(+28 for winning)
|raw|James1715's rating: 1153 &rarr; <strong>1125</strong><br />(-28 for losing)
|l|☆yeetonat0r
|player|p1|
