|j|☆Skel13
|j|☆HozuyYuzoryko
|t:|1757794763
|gametype|singles
|player|p1|Skel13|policeman-gen4|1202
|player|p2|HozuyYuzoryko|volkner|1182
|gen|9
|tier|[Gen 9] OU
|rated|
|rule|HP Percentage Mod: HP is shown in percentages
|rule|Endless Battle Clause: Forcing endless battles is banned
|rule|Species Clause: Limit one of each Pokémon
|rule|OHKO Clause: OHKO moves are banned
|rule|Evasion Items Clause: Evasion items are banned
|rule|Evasion Moves Clause: Evasion moves are banned
|rule|Evasion Abilities Clause: Evasion abilities are banned
|rule|Sleep Moves Clause: Sleep-inducing moves are banned
|clearpoke
|poke|p1|Inteleon, F|
|poke|p1|Blastoise, F|
|poke|p1|Dragapult, F|
|poke|p1|Clawitzer, F|
|poke|p1|Kingambit, M|
|poke|p1|Iron Valiant|
|poke|p2|Indeedee, M|
|poke|p2|Iron Valiant|
|poke|p2|Armarouge, M|
|poke|p2|Hatterene, F|
|poke|p2|Polteageist|
|poke|p2|Kyurem|
|teampreview
|inactive|Battle timer is ON: inactive players will automatically lose when time's up. (requested by HozuyYuzoryko)
|
|t:|1757794790
|teamsize|p1|6
|teamsize|p2|6
|start
|switch|p1a: hey fascist CATCH!|Dragapult, F|100/100
|switch|p2a: Indeedee|Indeedee, M|100/100
|-fieldstart|move: Psychic Terrain|[from] ability: Psychic Surge|[of] p2a: Indeedee
|turn|1
|
|t:|1757794799
|move|p1a: hey fascist CATCH!|Dragon Dance|p1a: hey fascist CATCH!
|-boost|p1a: hey fascist CATCH!|atk|1
|-boost|p1a: hey fascist CATCH!|spe|1
|move|p2a: Indeedee|Dazzling Gleam|p1a: hey fascist CATCH!
|-supereffective|p1a: hey fascist CATCH!
|-damage|p1a: hey fascist CATCH!|32/100
|
|upkeep
|turn|2
|
|t:|1757794817
|move|p1a: hey fascist CATCH!|Dragon Darts|p2a: Indeedee
|-damage|p2a: Indeedee|16/100
|-anim|p1a: hey fascist CATCH!|Dragon Darts|p2a: Indeedee
|-crit|p2a: Indeedee
|-damage|p2a: Indeedee|0 fnt
|faint|p2a: Indeedee
|
|upkeep
|
|t:|1757794825
|switch|p2a: Hatterene|Hatterene, F|100/100
|turn|3
|
|t:|1757794832
|move|p1a: hey fascist CATCH!|Phantom Force||[still]
|-prepare|p1a: hey fascist CATCH!|Phantom Force
|move|p2a: Hatterene|Future Sight|p1a: hey fascist CATCH!
|-start|p2a: Hatterene|move: Future Sight
|
|upkeep
|turn|4
|
|t:|1757794837
|move|p1a: hey fascist CATCH!|Phantom Force|p2a: Hatterene|[from] lockedmove
|-supereffective|p2a: Hatterene
|-damage|p2a: Hatterene|0 fnt
|faint|p2a: Hatterene
|
|upkeep
|
|t:|1757794840
|switch|p2a: Iron Valiant|Iron Valiant, shiny|100/100
|-enditem|p2a: Iron Valiant|Booster Energy
|-activate|p2a: Iron Valiant|ability: Quark Drive|[fromitem]
|-start|p2a: Iron Valiant|quarkdrivespe
|turn|5
|
|t:|1757794856
|move|p1a: hey fascist CATCH!|Facade|p2a: Iron Valiant
|-damage|p2a: Iron Valiant|52/100
|move|p2a: Iron Valiant|Knock Off|p1a: hey fascist CATCH!
|-supereffective|p1a: hey fascist CATCH!
|-damage|p1a: hey fascist CATCH!|0 fnt
|-enditem|p1a: hey fascist CATCH!|Focus Sash|[from] move: Knock Off|[of] p2a: Iron Valiant
|faint|p1a: hey fascist CATCH!
|
|-hint|Future Sight did not hit because the target is fainted.
|upkeep
|
|t:|1757794866
|switch|p1a: Notices Buldge OWO|Iron Valiant|100/100
|turn|6
|
|t:|1757794877
|move|p2a: Iron Valiant|Psycho Cut|p1a: Notices Buldge OWO
|-supereffective|p1a: Notices Buldge OWO
|-damage|p1a: Notices Buldge OWO|20/100
|move|p1a: Notices Buldge OWO|Spirit Break|p2a: Iron Valiant
|-supereffective|p2a: Iron Valiant
|-damage|p2a: Iron Valiant|0 fnt
|faint|p2a: Iron Valiant
|-end|p2a: Iron Valiant|Quark Drive|[silent]
|
|upkeep
|
|t:|1757794885
|switch|p2a: Armarouge|Armarouge, M|100/100
|turn|7
|
|t:|1757794894
|-end|p1a: Notices Buldge OWO|Quark Drive|[silent]
|switch|p1a: u read This ur GAY|Clawitzer, F|100/100
|move|p2a: Armarouge|Expanding Force|p1a: u read This ur GAY
|-damage|p1a: u read This ur GAY|42/100
|
|upkeep
|turn|8
|
|t:|1757794904
|-terastallize|p2a: Armarouge|Fighting
|move|p2a: Armarouge|Expanding Force|p1a: u read This ur GAY
|-damage|p1a: u read This ur GAY|0 fnt
|faint|p1a: u read This ur GAY
|
|-fieldend|move: Psychic Terrain
|upkeep
|
|t:|1757794912
|switch|p1a: Delay Deny Defend|Inteleon, F|100/100
|turn|9
|
|t:|1757794919
|move|p1a: Delay Deny Defend|Liquidation|p2a: Armarouge
|-crit|p2a: Armarouge
|-damage|p2a: Armarouge|32/100
|-ability|p2a: Armarouge|Weak Armor|boost
|-unboost|p2a: Armarouge|def|1
|-boost|p2a: Armarouge|spe|2
|move|p2a: Armarouge|Destiny Bond|p2a: Armarouge
|-singlemove|p2a: Armarouge|Destiny Bond
|
|upkeep
|turn|10
|
|t:|1757794931
|switch|p1a: Notices Buldge OWO|Iron Valiant|20/100
|move|p2a: Armarouge|Expanding Force|p1a: Notices Buldge OWO
|-supereffective|p1a: Notices Buldge OWO
|-damage|p1a: Notices Buldge OWO|0 fnt
|faint|p1a: Notices Buldge OWO
|-end|p1a: Notices Buldge OWO|Quark Drive|[silent]
|
|upkeep
|
|t:|1757794939
|switch|p1a: Delay Deny Defend|Inteleon, F|100/100
|turn|11
|
|t:|1757794946
|move|p2a: Armarouge|Destiny Bond|p2a: Armarouge
|-singlemove|p2a: Armarouge|Destiny Bond
|move|p1a: Delay Deny Defend|Liquidation|p2a: Armarouge
|-damage|p2a: Armarouge|0 fnt
|faint|p2a: Armarouge
|-activate|p2a: Armarouge|move: Destiny Bond
|faint|p1a: Delay Deny Defend
|
|upkeep
|
|t:|1757794955
|switch|p1a: O Bella ciao|Blastoise, F|100/100
|switch|p2a: Kyurem|Kyurem|100/100
|-ability|p2a: Kyurem|Pressure
|turn|12
|
|t:|1757794964
|move|p2a: Kyurem|Dragon Dance|p2a: Kyurem
|-boost|p2a: Kyurem|atk|1
|-boost|p2a: Kyurem|spe|1
|move|p1a: O Bella ciao|Aura Sphere|p2a: Kyurem
|-supereffective|p2a: Kyurem
|-damage|p2a: Kyurem|60/100
|
|upkeep
|turn|13
|
|t:|1757794973
|move|p2a: Kyurem|Scale Shot|p1a: O Bella ciao
|-damage|p1a: O Bella ciao|82/100
|-damage|p1a: O Bella ciao|64/100
|-damage|p1a: O Bella ciao|45/100
|-damage|p1a: O Bella ciao|28/100
|-hitcount|p1a: O Bella ciao|4
|-unboost|p2a: Kyurem|def|1
|-boost|p2a: Kyurem|spe|1
|move|p1a: O Bella ciao|Aura Sphere|p2a: Kyurem
|-supereffective|p2a: Kyurem
|-damage|p2a: Kyurem|19/100
|
|upkeep
|turn|14
|
|t:|1757794985
|move|p2a: Kyurem|Tera Blast|p1a: O Bella ciao
|-damage|p1a: O Bella ciao|15/100
|move|p1a: O Bella ciao|Aura Sphere|p2a: Kyurem
|-supereffective|p2a: Kyurem
|-damage|p2a: Kyurem|0 fnt
|faint|p2a: Kyurem
|
|upkeep
|
|t:|1757794989
|switch|p2a: Polteageist|Polteageist|100/100
|turn|15
|
|t:|1757794993
|move|p2a: Polteageist|Shadow Ball|p1a: O Bella ciao
|-crit|p1a: O Bella ciao
|-damage|p1a: O Bella ciao|0 fnt
|faint|p1a: O Bella ciao
|
|upkeep
|
|t:|1757794998
|switch|p1a: Sh*t|Kingambit, M|100/100
|-activate|p1a: Sh*t|ability: Supreme Overlord
|-start|p1a: Sh*t|fallen5|[silent]
|turn|16
|
|t:|1757795012
|move|p2a: Polteageist|Shadow Ball|p1a: Sh*t
|-resisted|p1a: Sh*t
|-damage|p1a: Sh*t|86/100
|move|p1a: Sh*t|Kowtow Cleave|p2a: Polteageist
|-supereffective|p2a: Polteageist
|-enditem|p2a: Polteageist|Focus Sash
|-damage|p2a: Polteageist|1/100
|-ability|p2a: Polteageist|Weak Armor|boost
|-unboost|p2a: Polteageist|def|1
|-boost|p2a: Polteageist|spe|2
|
|upkeep
|turn|17
|c|☆Skel13|gg
|
|t:|1757795024
|move|p2a: Polteageist|Shadow Ball|p1a: Sh*t
|-resisted|p1a: Sh*t
|-damage|p1a: Sh*t|71/100
|move|p1a: Sh*t|Kowtow Cleave|p2a: Polteageist
|-supereffective|p2a: Polteageist
|-damage|p2a: Polteageist|0 fnt
|faint|p2a: Polteageist
|
|win|Skel13
|raw|Skel13's rating: 1202 &rarr; <strong>1226</strong><br />(+24 for winning)
|raw|HozuyYuzoryko's rating: 1182 &rarr; <strong>1158</strong><br />(-24 for losing)
|l|☆HozuyYuzoryko
|player|p2|
|l|☆Skel13
|player|p1|
