|j|☆c3rrot
|j|☆tillersaplant
|t:|1757824468
|gametype|singles
|player|p1|c3rrot|gentleman|1371
|player|p2|tillersaplant|chili|1388
|gen|9
|tier|[Gen 9] OU
|rated|
|rule|HP Percentage Mod: HP is shown in percentages
|rule|Endless Battle Clause: Forcing endless battles is banned
|rule|Species Clause: Limit one of each Pokémon
|rule|OHKO Clause: OHKO moves are banned
|rule|Evasion Items Clause: Evasion items are banned
|rule|Evasion Moves Clause: Evasion moves are banned
|rule|Evasion Abilities Clause: Evasion abilities are banned
|rule|Sleep Moves Clause: Sleep-inducing moves are banned
|clearpoke
|poke|p1|Alomomola, F|
|poke|p1|Dragapult, F|
|poke|p1|Cinderace, F|
|poke|p1|Kingambit, M|
|poke|p1|Zapdos|
|poke|p1|Garganacl, M|
|poke|p2|Basculegion, M|
|poke|p2|Haxorus, F|
|poke|p2|Scream Tail|
|poke|p2|Cryogonal|
|poke|p2|Eelektross, M|
|poke|p2|Slither Wing|
|teampreview
|inactive|Battle timer is ON: inactive players will automatically lose when time's up. (requested by c3rrot)
|
|t:|1757824477
|teamsize|p1|6
|teamsize|p2|6
|start
|switch|p1a: Dragapult|Dragapult, F|100/100
|switch|p2a: Basculegion|Basculegion, M|100/100
|turn|1
|
|t:|1757824487
|move|p1a: Dragapult|Shadow Ball|p2a: Basculegion
|-supereffective|p2a: Basculegion
|-damage|p2a: Basculegion|0 fnt
|faint|p2a: Basculegion
|
|upkeep
|
|t:|1757824498
|switch|p2a: Eelektross|Eelektross, M|100/100
|turn|2
|
|t:|1757824508
|switch|p1a: Garganacl|Garganacl, M|100/100
|move|p2a: Eelektross|Thunder Wave|p1a: Garganacl
|-immune|p1a: Garganacl|[from] ability: Purifying Salt
|
|upkeep
|turn|3
|
|t:|1757824515
|move|p2a: Eelektross|Volt Switch|p1a: Garganacl
|-damage|p1a: Garganacl|70/100
|-damage|p2a: Eelektross|91/100|[from] item: Life Orb
|
|t:|1757824528
|switch|p2a: Slither Wing|Slither Wing|100/100|[from] Volt Switch
|-enditem|p2a: Slither Wing|Booster Energy
|-activate|p2a: Slither Wing|ability: Protosynthesis|[fromitem]
|-start|p2a: Slither Wing|protosynthesisatk
|move|p1a: Garganacl|Salt Cure|p2a: Slither Wing
|-damage|p2a: Slither Wing|87/100
|-start|p2a: Slither Wing|Salt Cure
|
|-heal|p1a: Garganacl|76/100|[from] item: Leftovers
|-damage|p2a: Slither Wing|74/100|[from] Salt Cure
|upkeep
|turn|4
|
|t:|1757824553
|switch|p1a: Zapdos|Zapdos|100/100
|move|p2a: Slither Wing|U-turn|p1a: Zapdos
|-resisted|p1a: Zapdos
|-damage|p1a: Zapdos|80/100
|
|t:|1757824570
|-end|p2a: Slither Wing|Protosynthesis|[silent]
|switch|p2a: Eelektross|Eelektross, M|91/100|[from] U-turn
|
|upkeep
|turn|5
|
|t:|1757824575
|move|p1a: Zapdos|Volt Switch|p2a: Eelektross
|-resisted|p2a: Eelektross
|-damage|p2a: Eelektross|73/100
|
|t:|1757824583
|switch|p1a: Garganacl|Garganacl, M|76/100|[from] Volt Switch
|move|p2a: Eelektross|Volt Switch|p1a: Garganacl
|-damage|p1a: Garganacl|43/100
|-damage|p2a: Eelektross|63/100|[from] item: Life Orb
|inactive|tillersaplant has 120 seconds left.
|
|t:|1757824624
|switch|p2a: Tomato|Haxorus, F|100/100|[from] Volt Switch
|-ability|p2a: Tomato|Mold Breaker
|
|-heal|p1a: Garganacl|50/100|[from] item: Leftovers
|upkeep
|turn|6
|
|t:|1757824641
|move|p2a: Tomato|Dragon Dance|p2a: Tomato
|-boost|p2a: Tomato|atk|1
|-boost|p2a: Tomato|spe|1
|move|p1a: Garganacl|Salt Cure|p2a: Tomato
|-damage|p2a: Tomato|82/100
|-start|p2a: Tomato|Salt Cure
|
|-heal|p1a: Garganacl|56/100|[from] item: Leftovers
|-damage|p2a: Tomato|70/100|[from] Salt Cure
|upkeep
|turn|7
|
|t:|1757824651
|-terastallize|p2a: Tomato|Steel
|move|p2a: Tomato|Iron Head|p1a: Garganacl
|-supereffective|p1a: Garganacl
|-damage|p1a: Garganacl|0 fnt
|faint|p1a: Garganacl
|
|-damage|p2a: Tomato|45/100|[from] Salt Cure
|upkeep
|
|t:|1757824660
|switch|p1a: Kingambit|Kingambit, M|100/100
|-activate|p1a: Kingambit|ability: Supreme Overlord
|-start|p1a: Kingambit|fallen1|[silent]
|turn|8
|inactive|tillersaplant has 120 seconds left.
|
|t:|1757824673
|move|p1a: Kingambit|Sucker Punch|p2a: Tomato
|-damage|p2a: Tomato|0 fnt
|faint|p2a: Tomato
|
|upkeep
|
|t:|1757824678
|switch|p2a: Slither Wing|Slither Wing|74/100
|turn|9
|
|t:|1757824694
|-end|p1a: Kingambit|fallen1|[silent]
|switch|p1a: Zapdos|Zapdos|80/100
|move|p2a: Slither Wing|Close Combat|p1a: Zapdos
|-resisted|p1a: Zapdos
|-damage|p1a: Zapdos|54/100
|-unboost|p2a: Slither Wing|def|1
|-unboost|p2a: Slither Wing|spd|1
|
|upkeep
|turn|10
|
|t:|1757824709
|move|p1a: Zapdos|Roost|p1a: Zapdos
|-heal|p1a: Zapdos|100/100
|-singleturn|p1a: Zapdos|move: Roost
|move|p2a: Slither Wing|U-turn|p1a: Zapdos
|-damage|p1a: Zapdos|72/100
|-status|p2a: Slither Wing|par|[from] ability: Static|[of] p1a: Zapdos
|inactive|tillersaplant has 120 seconds left.
|
|t:|1757824719
|-end|p2a: Slither Wing|Protosynthesis|[silent]
|switch|p2a: Jiren|Scream Tail|100/100|[from] U-turn
|
|upkeep
|turn|11
|
|t:|1757824724
|move|p2a: Jiren|Encore|p1a: Zapdos
|-start|p1a: Zapdos|Encore
|move|p1a: Zapdos|Roost|p1a: Zapdos
|-heal|p1a: Zapdos|100/100
|-singleturn|p1a: Zapdos|move: Roost
|
|upkeep
|turn|12
|
|t:|1757824731
|switch|p1a: Kingambit|Kingambit, M|100/100
|-activate|p1a: Kingambit|ability: Supreme Overlord
|-start|p1a: Kingambit|fallen1|[silent]
|move|p2a: Jiren|Calm Mind|p2a: Jiren
|-boost|p2a: Jiren|spa|1
|-boost|p2a: Jiren|spd|1
|
|upkeep
|turn|13
|
|t:|1757824747
|move|p2a: Jiren|Calm Mind|p2a: Jiren
|-boost|p2a: Jiren|spa|1
|-boost|p2a: Jiren|spd|1
|move|p1a: Kingambit|Iron Head|p2a: Jiren
|-supereffective|p2a: Jiren
|-damage|p2a: Jiren|3/100
|
|-heal|p2a: Jiren|9/100|[from] item: Leftovers
|upkeep
|turn|14
|
|t:|1757824756
|move|p2a: Jiren|Encore|p1a: Kingambit
|-start|p1a: Kingambit|Encore
|move|p1a: Kingambit|Iron Head|p2a: Jiren
|-supereffective|p2a: Jiren
|-damage|p2a: Jiren|0 fnt
|faint|p2a: Jiren
|-end|p2a: Jiren|Protosynthesis|[silent]
|
|upkeep
|
|t:|1757824768
|switch|p2a: Slither Wing|Slither Wing|74/100 par
|turn|15
|
|t:|1757824772
|-end|p1a: Kingambit|fallen1|[silent]
|switch|p1a: Zapdos|Zapdos|100/100
|move|p2a: Slither Wing|Close Combat|p1a: Zapdos
|-resisted|p1a: Zapdos
|-damage|p1a: Zapdos|76/100
|-unboost|p2a: Slither Wing|def|1
|-unboost|p2a: Slither Wing|spd|1
|
|upkeep
|turn|16
|-message|tillersaplant forfeited.
|
|win|c3rrot
|raw|c3rrot's rating: 1371 &rarr; <strong>1392</strong><br />(+21 for winning)
|raw|tillersaplant's rating: 1388 &rarr; <strong>1367</strong><br />(-21 for losing)
|l|☆tillersaplant
|player|p2|
|l|☆c3rrot
|player|p1|
