|j|☆averagealt99
|j|☆Lonelyenders
|t:|1757948616
|gametype|singles
|player|p1|averagealt99|acetrainerf-gen4dp|1406
|player|p2|Lonelyenders|acetrainer|1395
|gen|9
|tier|[Gen 9] OU
|rated|
|rule|HP Percentage Mod: HP is shown in percentages
|rule|Endless Battle Clause: Forcing endless battles is banned
|rule|Species Clause: Limit one of each Pokémon
|rule|OHKO Clause: OHKO moves are banned
|rule|Evasion Items Clause: Evasion items are banned
|rule|Evasion Moves Clause: Evasion moves are banned
|rule|Evasion Abilities Clause: Evasion abilities are banned
|rule|Sleep Moves Clause: Sleep-inducing moves are banned
|clearpoke
|poke|p1|Vikavolt, M|
|poke|p1|Slowking-Galar, M|
|poke|p1|Chesnaught, F|
|poke|p1|Samurott-Hisui, F|
|poke|p1|Landorus-Therian, M|
|poke|p1|Moltres|
|poke|p2|Iron Moth|
|poke|p2|Zapdos|
|poke|p2|Iron Crown|
|poke|p2|Torterra, M|
|poke|p2|Azumarill, M|
|poke|p2|Lokix, M|
|teampreview
|inactive|Battle timer is ON: inactive players will automatically lose when time's up. (requested by Lonelyenders)
|inactive|Lonelyenders has 120 seconds left.
|
|t:|1757948649
|teamsize|p1|6
|teamsize|p2|6
|start
|switch|p1a: Slowking|Slowking-Galar, M|100/100
|switch|p2a: Torterra|Torterra, M, shiny|100/100
|turn|1
|
|t:|1757948654
|move|p2a: Torterra|Shell Smash|p2a: Torterra
|-unboost|p2a: Torterra|def|1
|-unboost|p2a: Torterra|spd|1
|-boost|p2a: Torterra|atk|2
|-boost|p2a: Torterra|spa|2
|-boost|p2a: Torterra|spe|2
|move|p1a: Slowking|Blizzard|p2a: Torterra
|-supereffective|p2a: Torterra
|-damage|p2a: Torterra|0 fnt
|faint|p2a: Torterra
|
|upkeep
|
|t:|1757948660
|switch|p2a: Azumarill|Azumarill, M|100/100
|turn|2
|c|☆Lonelyenders|Outch
|c|☆Lonelyenders|Very surprising
|
|t:|1757948682
|move|p2a: Azumarill|Belly Drum|p2a: Azumarill
|-damage|p2a: Azumarill|50/100
|-setboost|p2a: Azumarill|atk|6|[from] move: Belly Drum
|-enditem|p2a: Azumarill|Sitrus Berry|[eat]
|-heal|p2a: Azumarill|75/100|[from] item: Sitrus Berry
|-prepare|p1a: Slowking|Chilly Reception|[premajor]
|move|p1a: Slowking|Chilly Reception|p1a: Slowking
|-weather|Snowscape
|
|t:|1757948690
|switch|p1a: Chesnaught|Chesnaught, F|100/100|[from] Chilly Reception
|
|-weather|Snowscape|[upkeep]
|upkeep
|turn|3
|
|t:|1757948694
|move|p1a: Chesnaught|Spiky Shield|p1a: Chesnaught
|-singleturn|p1a: Chesnaught|move: Protect
|move|p2a: Azumarill|Play Rough|p1a: Chesnaught
|-activate|p1a: Chesnaught|move: Protect
|-damage|p2a: Azumarill|63/100|[from] Spiky Shield|[of] p1a: Chesnaught
|
|-weather|Snowscape|[upkeep]
|upkeep
|turn|4
|
|t:|1757948708
|-terastallize|p1a: Chesnaught|Fire
|move|p1a: Chesnaught|Body Press|p2a: Azumarill
|-resisted|p2a: Azumarill
|-damage|p2a: Azumarill|42/100
|move|p2a: Azumarill|Play Rough|p1a: Chesnaught
|-resisted|p1a: Chesnaught
|-damage|p1a: Chesnaught|39/100
|-damage|p2a: Azumarill|26/100|[from] item: Rocky Helmet|[of] p1a: Chesnaught
|
|-weather|Snowscape|[upkeep]
|upkeep
|turn|5
|
|t:|1757948716
|move|p1a: Chesnaught|Spiky Shield|p1a: Chesnaught
|-singleturn|p1a: Chesnaught|move: Protect
|move|p2a: Azumarill|Aqua Jet|p1a: Chesnaught
|-activate|p1a: Chesnaught|move: Protect
|-damage|p2a: Azumarill|13/100|[from] Spiky Shield|[of] p1a: Chesnaught
|
|-weather|Snowscape|[upkeep]
|upkeep
|turn|6
|
|t:|1757948726
|move|p1a: Chesnaught|Spiky Shield||[still]
|-fail|p1a: Chesnaught
|move|p2a: Azumarill|Aqua Jet|p1a: Chesnaught
|-supereffective|p1a: Chesnaught
|-damage|p1a: Chesnaught|0 fnt
|-damage|p2a: Azumarill|0 fnt|[from] item: Rocky Helmet|[of] p1a: Chesnaught
|faint|p1a: Chesnaught
|faint|p2a: Azumarill
|
|-weather|none
|upkeep
|
|t:|1757948735
|switch|p1a: Landorus|Landorus-Therian, M|100/100
|switch|p2a: Zapdos|Zapdos|100/100
|-ability|p1a: Landorus|Intimidate|boost
|-unboost|p2a: Zapdos|atk|1
|turn|7
|
|t:|1757948739
|switch|p1a: Slowking|Slowking-Galar, M|100/100
|move|p2a: Zapdos|Hurricane|p1a: Slowking
|-damage|p1a: Slowking|69/100
|
|upkeep
|turn|8
|
|t:|1757948744
|move|p2a: Zapdos|Volt Switch|p1a: Slowking
|-damage|p1a: Slowking|51/100
|
|t:|1757948747
|switch|p2a: Iron Crown|Iron Crown|100/100|[from] Volt Switch
|-enditem|p2a: Iron Crown|Booster Energy
|-activate|p2a: Iron Crown|ability: Quark Drive|[fromitem]
|-start|p2a: Iron Crown|quarkdrivespe
|-prepare|p1a: Slowking|Chilly Reception|[premajor]
|move|p1a: Slowking|Chilly Reception|p1a: Slowking
|-weather|Snowscape
|
|t:|1757948764
|switch|p1a: Landorus|Landorus-Therian, M|100/100|[from] Chilly Reception
|-ability|p1a: Landorus|Intimidate|boost
|-unboost|p2a: Iron Crown|atk|1
|
|-weather|Snowscape|[upkeep]
|upkeep
|turn|9
|
|t:|1757948771
|-terastallize|p2a: Iron Crown|Fighting
|move|p2a: Iron Crown|Calm Mind|p2a: Iron Crown
|-boost|p2a: Iron Crown|spa|1
|-boost|p2a: Iron Crown|spd|1
|move|p1a: Landorus|Earthquake|p2a: Iron Crown
|-damage|p2a: Iron Crown|48/100
|
|-weather|Snowscape|[upkeep]
|upkeep
|turn|10
|
|t:|1757948780
|move|p2a: Iron Crown|Tachyon Cutter|p1a: Landorus
|-damage|p1a: Landorus|58/100
|-damage|p1a: Landorus|12/100
|-hitcount|p1a: Landorus|2
|move|p1a: Landorus|Earthquake|p2a: Iron Crown
|-damage|p2a: Iron Crown|0 fnt
|faint|p2a: Iron Crown
|-end|p2a: Iron Crown|Quark Drive|[silent]
|
|-weather|Snowscape|[upkeep]
|upkeep
|
|t:|1757948782
|switch|p2a: Lokix|Lokix, M|100/100
|turn|11
|
|t:|1757948788
|move|p1a: Landorus|Earthquake|p2a: Lokix
|-resisted|p2a: Lokix
|-damage|p2a: Lokix|57/100
|move|p2a: Lokix|Swords Dance|p2a: Lokix
|-boost|p2a: Lokix|atk|2
|
|-weather|Snowscape|[upkeep]
|upkeep
|turn|12
|
|t:|1757948790
|move|p1a: Landorus|Earthquake|p2a: Lokix
|-resisted|p2a: Lokix
|-damage|p2a: Lokix|15/100
|move|p2a: Lokix|Leech Life|p1a: Landorus
|-resisted|p1a: Landorus
|-damage|p1a: Landorus|0 fnt
|-heal|p2a: Lokix|21/100|[from] drain|[of] p1a: Landorus
|faint|p1a: Landorus
|
|-weather|none
|upkeep
|
|t:|1757948795
|switch|p1a: Moltres|Moltres|100/100
|turn|13
|
|t:|1757948802
|move|p2a: Lokix|Knock Off|p1a: Moltres
|-enditem|p1a: Moltres|Focus Sash
|-damage|p1a: Moltres|1/100
|move|p1a: Moltres|Flamethrower|p2a: Lokix
|-supereffective|p2a: Lokix
|-damage|p2a: Lokix|0 fnt
|faint|p2a: Lokix
|
|upkeep
|
|t:|1757948805
|switch|p2a: Iron Moth|Iron Moth|100/100
|-enditem|p2a: Iron Moth|Booster Energy
|-activate|p2a: Iron Moth|ability: Quark Drive|[fromitem]
|-start|p2a: Iron Moth|quarkdrivespe
|turn|14
|
|t:|1757948808
|move|p2a: Iron Moth|Fiery Dance|p1a: Moltres
|-resisted|p1a: Moltres
|-damage|p1a: Moltres|0 fnt
|faint|p1a: Moltres
|
|upkeep
|
|t:|1757948815
|switch|p1a: Slowking|Slowking-Galar, M|84/100
|turn|15
|
|t:|1757948818
|move|p2a: Iron Moth|Fiery Dance|p1a: Slowking
|-damage|p1a: Slowking|62/100
|move|p1a: Slowking|Future Sight|p2a: Iron Moth
|-start|p1a: Slowking|move: Future Sight
|
|upkeep
|turn|16
|
|t:|1757948823
|move|p2a: Iron Moth|Fiery Dance|p1a: Slowking
|-damage|p1a: Slowking|38/100
|move|p1a: Slowking|Shadow Ball|p2a: Iron Moth
|-damage|p2a: Iron Moth|78/100
|
|upkeep
|turn|17
|
|t:|1757948828
|switch|p1a: Samurott|Samurott-Hisui, F|100/100
|move|p2a: Iron Moth|Fiery Dance|p1a: Samurott
|-resisted|p1a: Samurott
|-damage|p1a: Samurott|71/100
|-boost|p2a: Iron Moth|spa|1
|
|-end|p2a: Iron Moth|move: Future Sight
|-supereffective|p2a: Iron Moth
|-damage|p2a: Iron Moth|0 fnt
|faint|p2a: Iron Moth
|-end|p2a: Iron Moth|Quark Drive|[silent]
|upkeep
|
|t:|1757948830
|switch|p2a: Zapdos|Zapdos|100/100
|turn|18
|
|t:|1757948834
|move|p2a: Zapdos|Volt Switch|p1a: Samurott
|-supereffective|p1a: Samurott
|-damage|p1a: Samurott|0 fnt
|faint|p1a: Samurott
|
|upkeep
|
|t:|1757948840
|switch|p1a: Vikavolt|Vikavolt, M|100/100
|turn|19
|
|t:|1757948843
|move|p2a: Zapdos|Heat Wave|p1a: Vikavolt
|-supereffective|p1a: Vikavolt
|-damage|p1a: Vikavolt|30/100
|move|p1a: Vikavolt|Volt Switch|p2a: Zapdos
|-damage|p2a: Zapdos|52/100
|
|t:|1757948847
|switch|p1a: Slowking|Slowking-Galar, M|72/100|[from] Volt Switch
|
|upkeep
|turn|20
|
|t:|1757948849
|move|p2a: Zapdos|Hurricane|p1a: Slowking|[miss]
|-miss|p2a: Zapdos|p1a: Slowking
|-prepare|p1a: Slowking|Chilly Reception|[premajor]
|move|p1a: Slowking|Chilly Reception|p1a: Slowking
|-weather|Snowscape
|
|t:|1757948851
|switch|p1a: Vikavolt|Vikavolt, M|30/100|[from] Chilly Reception
|
|-weather|Snowscape|[upkeep]
|upkeep
|turn|21
|
|t:|1757948853
|move|p2a: Zapdos|Heat Wave|p1a: Vikavolt
|-supereffective|p1a: Vikavolt
|-damage|p1a: Vikavolt|0 fnt
|faint|p1a: Vikavolt
|
|-weather|Snowscape|[upkeep]
|upkeep
|
|t:|1757948855
|switch|p1a: Slowking|Slowking-Galar, M|100/100
|turn|22
|
|t:|1757948857
|move|p2a: Zapdos|Hurricane|p1a: Slowking
|-damage|p1a: Slowking|72/100
|move|p1a: Slowking|Blizzard|p2a: Zapdos
|-supereffective|p2a: Zapdos
|-damage|p2a: Zapdos|0 fnt
|faint|p2a: Zapdos
|
|win|averagealt99
|raw|averagealt99's rating: 1406 &rarr; <strong>1425</strong><br />(+19 for winning)
|raw|Lonelyenders's rating: 1395 &rarr; <strong>1376</strong><br />(-19 for losing)
|l|☆Lonelyenders
|player|p2|
|l|☆averagealt99
|player|p1|
