|j|☆manjaloid
|j|☆shoebat
|t:|1757840114
|gametype|singles
|player|p1|manjaloid|chuck|1488
|player|p2|shoebat|sage|1501
|gen|9
|tier|[Gen 9] OU
|rated|
|rule|HP Percentage Mod: HP is shown in percentages
|rule|Endless Battle Clause: Forcing endless battles is banned
|rule|Species Clause: Limit one of each Pokémon
|rule|OHKO Clause: OHKO moves are banned
|rule|Evasion Items Clause: Evasion items are banned
|rule|Evasion Moves Clause: Evasion moves are banned
|rule|Evasion Abilities Clause: Evasion abilities are banned
|rule|Sleep Moves Clause: Sleep-inducing moves are banned
|clearpoke
|poke|p1|Dragalge, M|
|poke|p1|Alomomola, M|
|poke|p1|Weavile, M|
|poke|p1|Great Tusk|
|poke|p1|Iron Crown|
|poke|p1|Dragonite, M|
|poke|p2|Skarmory, F|
|poke|p2|Ting-Lu|
|poke|p2|Zamazenta-*|
|poke|p2|Pecharunt|
|poke|p2|Clefable, F|
|poke|p2|Walking Wake|
|teampreview
|inactive|Battle timer is ON: inactive players will automatically lose when time's up. (requested by shoebat)
|inactive|manjaloid also wants the timer to be on.
|
|t:|1757840117
|teamsize|p1|6
|teamsize|p2|6
|start
|switch|p1a: Dragalge|Dragalge, M|100/100
|switch|p2a: Clefable|Clefable, F|100/100
|turn|1
|
|t:|1757840122
|move|p2a: Clefable|Knock Off|p1a: Dragalge
|-crit|p1a: Dragalge
|-damage|p1a: Dragalge|83/100
|-enditem|p1a: Dragalge|Heavy-Duty Boots|[from] move: Knock Off|[of] p2a: Clefable
|move|p1a: Dragalge|Toxic Spikes|p2a: Clefable
|-sidestart|p2: shoebat|move: Toxic Spikes
|
|upkeep
|turn|2
|
|t:|1757840130
|move|p2a: Clefable|Calm Mind|p2a: Clefable
|-boost|p2a: Clefable|spa|1
|-boost|p2a: Clefable|spd|1
|move|p1a: Dragalge|Flip Turn|p2a: Clefable
|-damage|p2a: Clefable|92/100
|
|t:|1757840133
|switch|p1a: Iron Crown|Iron Crown|100/100|[from] Flip Turn
|
|-heal|p2a: Clefable|98/100|[from] item: Leftovers
|upkeep
|turn|3
|
|t:|1757840136
|move|p1a: Iron Crown|Tachyon Cutter|p2a: Clefable
|-supereffective|p2a: Clefable
|-damage|p2a: Clefable|66/100
|-supereffective|p2a: Clefable
|-damage|p2a: Clefable|34/100
|-hitcount|p2a: Clefable|2
|move|p2a: Clefable|Knock Off|p1a: Iron Crown
|-supereffective|p1a: Iron Crown
|-damage|p1a: Iron Crown|69/100
|-enditem|p1a: Iron Crown|Assault Vest|[from] move: Knock Off|[of] p2a: Clefable
|
|-heal|p2a: Clefable|40/100|[from] item: Leftovers
|upkeep
|turn|4
|
|t:|1757840149
|switch|p2a: Pecharunt|Pecharunt|100/100
|-sideend|p2: shoebat|move: Toxic Spikes|[of] p2a: Pecharunt
|move|p1a: Iron Crown|Psychic Noise|p2a: Pecharunt
|-supereffective|p2a: Pecharunt
|-damage|p2a: Pecharunt|21/100
|-start|p2a: Pecharunt|move: Heal Block
|
|upkeep
|turn|5
|
|t:|1757840156
|switch|p2a: Ting-Lu|Ting-Lu|100/100
|-ability|p2a: Ting-Lu|Vessel of Ruin
|move|p1a: Iron Crown|Tachyon Cutter|p2a: Ting-Lu
|-damage|p2a: Ting-Lu|89/100
|-damage|p2a: Ting-Lu|79/100
|-hitcount|p2a: Ting-Lu|2
|
|-heal|p2a: Ting-Lu|85/100|[from] item: Leftovers
|upkeep
|turn|6
|
|t:|1757840164
|-end|p1a: Iron Crown|Quark Drive|[silent]
|switch|p1a: Weavile|Weavile, M|100/100
|-ability|p1a: Weavile|Pressure
|move|p2a: Ting-Lu|Ruination|p1a: Weavile
|-damage|p1a: Weavile|51/100
|
|-heal|p2a: Ting-Lu|91/100|[from] item: Leftovers
|upkeep
|turn|7
|
|t:|1757840171
|switch|p2a: Skarmory|Skarmory, F|100/100
|move|p1a: Weavile|Icicle Crash|p2a: Skarmory
|-damage|p2a: Skarmory|63/100
|
|upkeep
|turn|8
|
|t:|1757840179
|switch|p1a: Dragalge|Dragalge, M|83/100
|move|p2a: Skarmory|Roost|p2a: Skarmory
|-heal|p2a: Skarmory|100/100
|-singleturn|p2a: Skarmory|move: Roost
|
|upkeep
|turn|9
|
|t:|1757840186
|move|p2a: Skarmory|Spikes|p1a: Dragalge
|-sidestart|p1: manjaloid|Spikes
|move|p1a: Dragalge|Flip Turn|p2a: Skarmory
|-damage|p2a: Skarmory|94/100
|-damage|p1a: Dragalge|67/100|[from] item: Rocky Helmet|[of] p2a: Skarmory
|
|t:|1757840194
|switch|p1a: Iron Crown|Iron Crown|69/100|[from] Flip Turn
|-damage|p1a: Iron Crown|56/100|[from] Spikes
|
|upkeep
|turn|10
|
|t:|1757840199
|-end|p1a: Iron Crown|Quark Drive|[silent]
|switch|p1a: Great Tusk|Great Tusk|100/100
|switch|p2a: Ting-Lu|Ting-Lu|91/100
|-ability|p2a: Ting-Lu|Vessel of Ruin
|
|-heal|p2a: Ting-Lu|98/100|[from] item: Leftovers
|upkeep
|turn|11
|
|t:|1757840205
|switch|p2a: Pecharunt|Pecharunt|21/100
|move|p1a: Great Tusk|Knock Off|p2a: Pecharunt
|-supereffective|p2a: Pecharunt
|-damage|p2a: Pecharunt|0 fnt
|-enditem|p2a: Pecharunt|Heavy-Duty Boots|[from] move: Knock Off|[of] p1a: Great Tusk
|faint|p2a: Pecharunt
|
|upkeep
|
|t:|1757840210
|switch|p2a: Walking Wake|Walking Wake|100/100
|turn|12
|
|t:|1757840220
|-end|p1a: Great Tusk|Protosynthesis|[silent]
|switch|p1a: Iron Crown|Iron Crown|56/100
|-damage|p1a: Iron Crown|44/100|[from] Spikes
|move|p2a: Walking Wake|Surf|p1a: Iron Crown
|-damage|p1a: Iron Crown|0 fnt
|faint|p1a: Iron Crown
|-end|p1a: Iron Crown|Quark Drive|[silent]
|
|upkeep
|
|t:|1757840226
|switch|p1a: Dragalge|Dragalge, M|67/100
|-damage|p1a: Dragalge|54/100|[from] Spikes
|turn|13
|
|t:|1757840235
|move|p2a: Walking Wake|Draco Meteor|p1a: Dragalge
|-supereffective|p1a: Dragalge
|-damage|p1a: Dragalge|0 fnt
|-unboost|p2a: Walking Wake|spa|2
|faint|p1a: Dragalge
|
|upkeep
|
|t:|1757840241
|switch|p1a: Dragonite|Dragonite, M|100/100
|turn|14
|
|t:|1757840245
|move|p2a: Walking Wake|Flip Turn|p1a: Dragonite
|-resisted|p1a: Dragonite
|-damage|p1a: Dragonite|96/100
|
|t:|1757840249
|-end|p2a: Walking Wake|Protosynthesis|[silent]
|switch|p2a: Clefable|Clefable, F|40/100|[from] Flip Turn
|move|p1a: Dragonite|Dragon Dance|p1a: Dragonite
|-boost|p1a: Dragonite|atk|1
|-boost|p1a: Dragonite|spe|1
|
|-heal|p2a: Clefable|46/100|[from] item: Leftovers
|upkeep
|turn|15
|
|t:|1757840254
|move|p1a: Dragonite|Earthquake|p2a: Clefable
|-damage|p2a: Clefable|2/100
|move|p2a: Clefable|Moonlight|p2a: Clefable
|-heal|p2a: Clefable|52/100
|
|-heal|p2a: Clefable|58/100|[from] item: Leftovers
|upkeep
|turn|16
|
|t:|1757840262
|-terastallize|p1a: Dragonite|Normal
|move|p1a: Dragonite|Extreme Speed|p2a: Clefable
|-damage|p2a: Clefable|9/100
|move|p2a: Clefable|Moonlight|p2a: Clefable
|-heal|p2a: Clefable|59/100
|
|-heal|p2a: Clefable|65/100|[from] item: Leftovers
|upkeep
|turn|17
|
|t:|1757840271
|switch|p1a: Weavile|Weavile, M|51/100
|-damage|p1a: Weavile|38/100|[from] Spikes
|-ability|p1a: Weavile|Pressure
|move|p2a: Clefable|Moonlight|p2a: Clefable
|-heal|p2a: Clefable|100/100
|
|upkeep
|turn|18
|
|t:|1757840276
|move|p1a: Weavile|Icicle Crash|p2a: Clefable
|-damage|p2a: Clefable|55/100
|cant|p2a: Clefable|flinch
|
|-heal|p2a: Clefable|61/100|[from] item: Leftovers
|upkeep
|turn|19
|
|t:|1757840282
|move|p1a: Weavile|Icicle Crash|p2a: Clefable
|-crit|p2a: Clefable
|-damage|p2a: Clefable|0 fnt
|faint|p2a: Clefable
|
|upkeep
|
|t:|1757840291
|switch|p2a: Zamazenta|Zamazenta|100/100
|-ability|p2a: Zamazenta|Dauntless Shield|boost
|-boost|p2a: Zamazenta|def|1
|turn|20
|
|t:|1757840295
|switch|p1a: Alomomola|Alomomola, M|100/100
|move|p2a: Zamazenta|Heavy Slam|p1a: Alomomola
|-resisted|p1a: Alomomola
|-damage|p1a: Alomomola|86/100
|
|upkeep
|turn|21
|
|t:|1757840302
|switch|p2a: Walking Wake|Walking Wake|100/100
|move|p1a: Alomomola|Scald|p2a: Walking Wake
|-resisted|p2a: Walking Wake
|-damage|p2a: Walking Wake|97/100
|
|upkeep
|turn|22
|
|t:|1757840306
|move|p2a: Walking Wake|Knock Off|p1a: Alomomola
|-crit|p1a: Alomomola
|-damage|p1a: Alomomola|70/100
|-enditem|p1a: Alomomola|Heavy-Duty Boots|[from] move: Knock Off|[of] p2a: Walking Wake
|move|p1a: Alomomola|Wish|p1a: Alomomola
|
|upkeep
|turn|23
|
|t:|1757840315
|move|p2a: Walking Wake|Draco Meteor|p1a: Alomomola
|-damage|p1a: Alomomola|14/100
|-unboost|p2a: Walking Wake|spa|2
|move|p1a: Alomomola|Scald|p2a: Walking Wake
|-resisted|p2a: Walking Wake
|-damage|p2a: Walking Wake|93/100
|
|-heal|p1a: Alomomola|64/100|[from] move: Wish|[wisher] Alomomola
|upkeep
|turn|24
|
|t:|1757840322
|move|p2a: Walking Wake|Flip Turn|p1a: Alomomola
|-resisted|p1a: Alomomola
|-damage|p1a: Alomomola|59/100
|
|t:|1757840329
|-end|p2a: Walking Wake|Protosynthesis|[silent]
|switch|p2a: Skarmory|Skarmory, F|94/100|[from] Flip Turn
|move|p1a: Alomomola|Wish|p1a: Alomomola
|
|upkeep
|turn|25
|
|t:|1757840336
|move|p1a: Alomomola|Scald|p2a: Skarmory
|-damage|p2a: Skarmory|76/100
|move|p2a: Skarmory|Whirlwind|p1a: Alomomola
|drag|p1a: Weavile|Weavile, M|38/100
|-damage|p1a: Weavile|26/100|[from] Spikes
|-ability|p1a: Weavile|Pressure
|
|-heal|p1a: Weavile|100/100|[from] move: Wish|[wisher] Alomomola
|upkeep
|turn|26
|
|t:|1757840341
|switch|p1a: Alomomola|Alomomola, M|93/100
|-damage|p1a: Alomomola|80/100|[from] Spikes
|move|p2a: Skarmory|Spikes|p1a: Alomomola
|-sidestart|p1: manjaloid|Spikes
|
|upkeep
|turn|27
|
|t:|1757840349
|move|p2a: Skarmory|Brave Bird|p1a: Alomomola
|-damage|p1a: Alomomola|59/100
|-damage|p2a: Skarmory|66/100|[from] Recoil
|move|p1a: Alomomola|Scald|p2a: Skarmory
|-damage|p2a: Skarmory|46/100
|
|upkeep
|turn|28
|
|t:|1757840355
|move|p2a: Skarmory|Roost|p2a: Skarmory
|-heal|p2a: Skarmory|96/100
|-singleturn|p2a: Skarmory|move: Roost
|move|p1a: Alomomola|Wish|p1a: Alomomola
|
|upkeep
|turn|29
|
|t:|1757840358
|move|p2a: Skarmory|Spikes|p1a: Alomomola
|-sidestart|p1: manjaloid|Spikes
|move|p1a: Alomomola|Scald|p2a: Skarmory
|-damage|p2a: Skarmory|78/100
|
|-heal|p1a: Alomomola|100/100|[from] move: Wish|[wisher] Alomomola
|upkeep
|turn|30
|
|t:|1757840363
|switch|p2a: Walking Wake|Walking Wake|93/100
|move|p1a: Alomomola|Scald|p2a: Walking Wake
|-resisted|p2a: Walking Wake
|-damage|p2a: Walking Wake|88/100
|-status|p2a: Walking Wake|brn
|
|-damage|p2a: Walking Wake|82/100 brn|[from] brn
|upkeep
|turn|31
|
|t:|1757840373
|move|p2a: Walking Wake|Surf|p1a: Alomomola
|-resisted|p1a: Alomomola
|-damage|p1a: Alomomola|81/100
|move|p1a: Alomomola|Wish|p1a: Alomomola
|
|-damage|p2a: Walking Wake|76/100 brn|[from] brn
|upkeep
|turn|32
|
|t:|1757840385
|move|p2a: Walking Wake|Flip Turn|p1a: Alomomola
|-resisted|p1a: Alomomola
|-damage|p1a: Alomomola|79/100
|
|t:|1757840390
|-end|p2a: Walking Wake|Protosynthesis|[silent]
|switch|p2a: Skarmory|Skarmory, F|78/100|[from] Flip Turn
|move|p1a: Alomomola|Flip Turn|p2a: Skarmory
|-damage|p2a: Skarmory|68/100
|-damage|p1a: Alomomola|62/100|[from] item: Rocky Helmet|[of] p2a: Skarmory
|
|t:|1757840392
|switch|p1a: Great Tusk|Great Tusk|100/100|[from] Flip Turn
|
|upkeep
|turn|33
|
|t:|1757840398
|move|p1a: Great Tusk|Rapid Spin|p2a: Skarmory
|-resisted|p2a: Skarmory
|-damage|p2a: Skarmory|63/100
|-boost|p1a: Great Tusk|spe|1
|-damage|p1a: Great Tusk|84/100|[from] item: Rocky Helmet|[of] p2a: Skarmory
|-sideend|p1: manjaloid|Spikes|[from] move: Rapid Spin|[of] p1a: Great Tusk
|move|p2a: Skarmory|Brave Bird|p1a: Great Tusk
|-supereffective|p1a: Great Tusk
|-damage|p1a: Great Tusk|35/100
|-damage|p2a: Skarmory|45/100|[from] Recoil
|
|upkeep
|turn|34
|
|t:|1757840406
|-end|p1a: Great Tusk|Protosynthesis|[silent]
|switch|p1a: Alomomola|Alomomola, M|95/100
|move|p2a: Skarmory|Roost|p2a: Skarmory
|-heal|p2a: Skarmory|95/100
|-singleturn|p2a: Skarmory|move: Roost
|
|upkeep
|turn|35
|
|t:|1757840410
|move|p1a: Alomomola|Scald|p2a: Skarmory
|-damage|p2a: Skarmory|76/100
|move|p2a: Skarmory|Whirlwind|p1a: Alomomola
|drag|p1a: Great Tusk|Great Tusk|35/100
|
|upkeep
|turn|36
|
|t:|1757840413
|-end|p1a: Great Tusk|Protosynthesis|[silent]
|switch|p1a: Alomomola|Alomomola, M|100/100
|move|p2a: Skarmory|Brave Bird|p1a: Alomomola
|-damage|p1a: Alomomola|79/100
|-damage|p2a: Skarmory|66/100|[from] Recoil
|
|upkeep
|turn|37
|
|t:|1757840416
|move|p1a: Alomomola|Scald|p2a: Skarmory
|-damage|p2a: Skarmory|48/100
|-status|p2a: Skarmory|brn
|move|p2a: Skarmory|Whirlwind|p1a: Alomomola
|drag|p1a: Weavile|Weavile, M|100/100
|-ability|p1a: Weavile|Pressure
|
|-damage|p2a: Skarmory|42/100 brn|[from] brn
|upkeep
|turn|38
|
|t:|1757840420
|move|p1a: Weavile|Icicle Crash|p2a: Skarmory
|-damage|p2a: Skarmory|6/100 brn
|move|p2a: Skarmory|Roost|p2a: Skarmory
|-heal|p2a: Skarmory|56/100 brn
|-singleturn|p2a: Skarmory|move: Roost
|
|-damage|p2a: Skarmory|50/100 brn|[from] brn
|upkeep
|turn|39
|
|t:|1757840426
|switch|p2a: Zamazenta|Zamazenta|100/100
|move|p1a: Weavile|Icicle Crash|p2a: Zamazenta
|-damage|p2a: Zamazenta|47/100
|
|upkeep
|turn|40
|
|t:|1757840432
|switch|p1a: Alomomola|Alomomola, M|100/100
|move|p2a: Zamazenta|Close Combat|p1a: Alomomola
|-damage|p1a: Alomomola|60/100
|-unboost|p2a: Zamazenta|def|1
|-unboost|p2a: Zamazenta|spd|1
|
|upkeep
|turn|41
|
|t:|1757840435
|move|p1a: Alomomola|Protect|p1a: Alomomola
|-singleturn|p1a: Alomomola|Protect
|move|p2a: Zamazenta|Close Combat|p1a: Alomomola
|-activate|p1a: Alomomola|move: Protect
|
|upkeep
|turn|42
|
|t:|1757840445
|switch|p1a: Dragonite|Dragonite, M, tera:Normal|96/100
|move|p2a: Zamazenta|Close Combat|p1a: Dragonite
|-supereffective|p1a: Dragonite
|-damage|p1a: Dragonite|0 fnt
|-unboost|p2a: Zamazenta|def|1
|-unboost|p2a: Zamazenta|spd|1
|faint|p1a: Dragonite
|
|upkeep
|
|t:|1757840455
|switch|p1a: Alomomola|Alomomola, M|93/100
|turn|43
|
|t:|1757840462
|switch|p2a: Ting-Lu|Ting-Lu|98/100
|-ability|p2a: Ting-Lu|Vessel of Ruin
|move|p1a: Alomomola|Scald|p2a: Ting-Lu
|-supereffective|p2a: Ting-Lu
|-damage|p2a: Ting-Lu|86/100
|
|-heal|p2a: Ting-Lu|92/100|[from] item: Leftovers
|upkeep
|turn|44
|
|t:|1757840473
|-terastallize|p2a: Ting-Lu|Water
|move|p2a: Ting-Lu|Ruination|p1a: Alomomola
|-damage|p1a: Alomomola|47/100
|move|p1a: Alomomola|Wish|p1a: Alomomola
|
|-heal|p2a: Ting-Lu|98/100|[from] item: Leftovers
|upkeep
|turn|45
|
|t:|1757840479
|move|p2a: Ting-Lu|Stealth Rock|p1a: Alomomola
|-sidestart|p1: manjaloid|move: Stealth Rock
|move|p1a: Alomomola|Flip Turn|p2a: Ting-Lu
|-resisted|p2a: Ting-Lu
|-damage|p2a: Ting-Lu|94/100
|
|t:|1757840482
|switch|p1a: Great Tusk|Great Tusk|35/100|[from] Flip Turn
|
|-heal|p1a: Great Tusk|98/100|[from] move: Wish|[wisher] Alomomola
|-heal|p2a: Ting-Lu|99/100|[from] item: Leftovers
|upkeep
|turn|46
|
|t:|1757840491
|move|p1a: Great Tusk|Stealth Rock|p2a: Ting-Lu
|-sidestart|p2: shoebat|move: Stealth Rock
|move|p2a: Ting-Lu|Ruination|p1a: Great Tusk|[miss]
|-miss|p2a: Ting-Lu|p1a: Great Tusk
|
|-heal|p2a: Ting-Lu|100/100|[from] item: Leftovers
|upkeep
|turn|47
|
|t:|1757840498
|move|p1a: Great Tusk|Knock Off|p2a: Ting-Lu
|-damage|p2a: Ting-Lu|83/100
|-enditem|p2a: Ting-Lu|Leftovers|[from] move: Knock Off|[of] p1a: Great Tusk
|move|p2a: Ting-Lu|Ruination|p1a: Great Tusk
|-damage|p1a: Great Tusk|50/100
|
|upkeep
|turn|48
|
|t:|1757840505
|switch|p2a: Skarmory|Skarmory, F|50/100 brn
|-damage|p2a: Skarmory|38/100 brn|[from] Stealth Rock
|move|p1a: Great Tusk|Rapid Spin|p2a: Skarmory
|-resisted|p2a: Skarmory
|-damage|p2a: Skarmory|33/100 brn
|-boost|p1a: Great Tusk|spe|1
|-damage|p1a: Great Tusk|33/100|[from] item: Rocky Helmet|[of] p2a: Skarmory
|-sideend|p1: manjaloid|Stealth Rock|[from] move: Rapid Spin|[of] p1a: Great Tusk
|
|-damage|p2a: Skarmory|27/100 brn|[from] brn
|upkeep
|turn|49
|
|t:|1757840513
|-end|p1a: Great Tusk|Protosynthesis|[silent]
|switch|p1a: Alomomola|Alomomola, M|80/100
|move|p2a: Skarmory|Whirlwind|p1a: Alomomola
|drag|p1a: Great Tusk|Great Tusk|33/100
|
|-damage|p2a: Skarmory|21/100 brn|[from] brn
|upkeep
|turn|50
|
|t:|1757840521
|-end|p1a: Great Tusk|Protosynthesis|[silent]
|switch|p1a: Alomomola|Alomomola, M|100/100
|move|p2a: Skarmory|Brave Bird|p1a: Alomomola
|-damage|p1a: Alomomola|90/100
|-damage|p2a: Skarmory|16/100 brn|[from] Recoil
|
|-damage|p2a: Skarmory|10/100 brn|[from] brn
|upkeep
|turn|51
|
|t:|1757840523
|move|p2a: Skarmory|Roost|p2a: Skarmory
|-heal|p2a: Skarmory|61/100 brn
|-singleturn|p2a: Skarmory|move: Roost
|move|p1a: Alomomola|Wish|p1a: Alomomola
|
|-damage|p2a: Skarmory|55/100 brn|[from] brn
|upkeep
|turn|52
|
|t:|1757840526
|switch|p2a: Ting-Lu|Ting-Lu, tera:Water|83/100
|-damage|p2a: Ting-Lu|71/100|[from] Stealth Rock
|-ability|p2a: Ting-Lu|Vessel of Ruin
|move|p1a: Alomomola|Flip Turn|p2a: Ting-Lu
|-resisted|p2a: Ting-Lu
|-damage|p2a: Ting-Lu|67/100
|
|t:|1757840528
|switch|p1a: Great Tusk|Great Tusk|33/100|[from] Flip Turn
|
|-heal|p1a: Great Tusk|96/100|[from] move: Wish|[wisher] Alomomola
|upkeep
|turn|53
|
|t:|1757840544
|move|p1a: Great Tusk|Headlong Rush|p2a: Ting-Lu
|-damage|p2a: Ting-Lu|31/100
|-unboost|p1a: Great Tusk|def|1
|-unboost|p1a: Great Tusk|spd|1
|move|p2a: Ting-Lu|Ruination|p1a: Great Tusk
|-damage|p1a: Great Tusk|48/100
|
|upkeep
|turn|54
|
|t:|1757840548
|move|p1a: Great Tusk|Headlong Rush|p2a: Ting-Lu
|-damage|p2a: Ting-Lu|0 fnt
|-unboost|p1a: Great Tusk|def|1
|-unboost|p1a: Great Tusk|spd|1
|faint|p2a: Ting-Lu
|
|upkeep
|
|t:|1757840551
|switch|p2a: Walking Wake|Walking Wake|76/100 brn
|turn|55
|
|t:|1757840557
|-end|p1a: Great Tusk|Protosynthesis|[silent]
|switch|p1a: Alomomola|Alomomola, M|100/100
|move|p2a: Walking Wake|Draco Meteor|p1a: Alomomola
|-damage|p1a: Alomomola|47/100
|-unboost|p2a: Walking Wake|spa|2
|
|-damage|p2a: Walking Wake|70/100 brn|[from] brn
|upkeep
|turn|56
|
|t:|1757840560
|move|p2a: Walking Wake|Draco Meteor|p1a: Alomomola
|-damage|p1a: Alomomola|19/100
|-unboost|p2a: Walking Wake|spa|2
|move|p1a: Alomomola|Flip Turn|p2a: Walking Wake
|-resisted|p2a: Walking Wake
|-damage|p2a: Walking Wake|65/100 brn
|
|t:|1757840563
|switch|p1a: Weavile|Weavile, M|100/100|[from] Flip Turn
|-ability|p1a: Weavile|Pressure
|
|-damage|p2a: Walking Wake|59/100 brn|[from] brn
|upkeep
|turn|57
|
|t:|1757840568
|-end|p2a: Walking Wake|Protosynthesis|[silent]
|switch|p2a: Skarmory|Skarmory, F|55/100 brn
|-damage|p2a: Skarmory|42/100 brn|[from] Stealth Rock
|move|p1a: Weavile|Knock Off|p2a: Skarmory
|-damage|p2a: Skarmory|3/100 brn
|-damage|p1a: Weavile|84/100|[from] item: Rocky Helmet|[of] p2a: Skarmory
|-enditem|p2a: Skarmory|Rocky Helmet|[from] move: Knock Off|[of] p1a: Weavile
|
|-damage|p2a: Skarmory|0 fnt|[from] brn
|faint|p2a: Skarmory
|upkeep
|
|t:|1757840571
|switch|p2a: Zamazenta|Zamazenta|47/100
|turn|58
|
|t:|1757840576
|switch|p2a: Walking Wake|Walking Wake|59/100 brn
|switch|p1a: Great Tusk|Great Tusk|48/100
|
|-damage|p2a: Walking Wake|53/100 brn|[from] brn
|upkeep
|turn|59
|
|t:|1757840584
|move|p2a: Walking Wake|Surf|p1a: Great Tusk
|-supereffective|p1a: Great Tusk
|-damage|p1a: Great Tusk|0 fnt
|faint|p1a: Great Tusk
|-end|p1a: Great Tusk|Protosynthesis|[silent]
|
|-damage|p2a: Walking Wake|47/100 brn|[from] brn
|upkeep
|
|t:|1757840586
|switch|p1a: Alomomola|Alomomola, M|53/100
|turn|60
|
|t:|1757840592
|move|p1a: Alomomola|Protect|p1a: Alomomola
|-singleturn|p1a: Alomomola|Protect
|move|p2a: Walking Wake|Draco Meteor|p1a: Alomomola
|-activate|p1a: Alomomola|move: Protect
|
|-damage|p2a: Walking Wake|40/100 brn|[from] brn
|upkeep
|turn|61
|
|t:|1757840598
|move|p2a: Walking Wake|Flip Turn|p1a: Alomomola
|-resisted|p1a: Alomomola
|-damage|p1a: Alomomola|50/100
|
|t:|1757840600
|-end|p2a: Walking Wake|Protosynthesis|[silent]
|switch|p2a: Zamazenta|Zamazenta|47/100|[from] Flip Turn
|move|p1a: Alomomola|Wish|p1a: Alomomola
|
|upkeep
|turn|62
|
|t:|1757840606
|move|p1a: Alomomola|Protect|p1a: Alomomola
|-singleturn|p1a: Alomomola|Protect
|move|p2a: Zamazenta|Close Combat|p1a: Alomomola
|-activate|p1a: Alomomola|move: Protect
|
|-heal|p1a: Alomomola|99/100|[from] move: Wish|[wisher] Alomomola
|upkeep
|turn|63
|
|t:|1757840610
|move|p2a: Zamazenta|Stone Edge|p1a: Alomomola
|-damage|p1a: Alomomola|77/100
|move|p1a: Alomomola|Wish|p1a: Alomomola
|
|upkeep
|turn|64
|
|t:|1757840615
|move|p2a: Zamazenta|Stone Edge|p1a: Alomomola
|-damage|p1a: Alomomola|57/100
|move|p1a: Alomomola|Scald|p2a: Zamazenta
|-damage|p2a: Zamazenta|35/100
|
|-heal|p1a: Alomomola|100/100|[from] move: Wish|[wisher] Alomomola
|upkeep
|turn|65
|
|t:|1757840620
|move|p2a: Zamazenta|Close Combat|p1a: Alomomola
|-damage|p1a: Alomomola|60/100
|-unboost|p2a: Zamazenta|def|1
|-unboost|p2a: Zamazenta|spd|1
|move|p1a: Alomomola|Wish|p1a: Alomomola
|
|upkeep
|turn|66
|c|☆shoebat|fun endgame.
|c|☆shoebat|gg
|c|☆shoebat|gg*
|c|☆manjaloid|Gg
|-message|shoebat forfeited.
|
|win|manjaloid
|raw|manjaloid's rating: 1488 &rarr; <strong>1509</strong><br />(+21 for winning)
|raw|shoebat's rating: 1501 &rarr; <strong>1480</strong><br />(-21 for losing)
|l|☆manjaloid
|player|p1|
|l|☆shoebat
|player|p2|
