|j|☆INGIOZU
|j|☆litpulls
|t:|1757947270
|gametype|singles
|player|p1|INGIOZU|265|1108
|player|p2|litpulls|102|1124
|gen|9
|tier|[Gen 9] OU
|rated|
|rule|HP Percentage Mod: HP is shown in percentages
|rule|Endless Battle Clause: Forcing endless battles is banned
|rule|Species Clause: Limit one of each Pokémon
|rule|OHKO Clause: OHKO moves are banned
|rule|Evasion Items Clause: Evasion items are banned
|rule|Evasion Moves Clause: Evasion moves are banned
|rule|Evasion Abilities Clause: Evasion abilities are banned
|rule|Sleep Moves Clause: Sleep-inducing moves are banned
|clearpoke
|poke|p1|Dondozo, F|
|poke|p1|Clodsire, F|
|poke|p1|Ting-Lu|
|poke|p1|Corviknight, M|
|poke|p1|Kingambit, M|
|poke|p1|Cottonee, L1, F|
|poke|p2|Blaziken, F|
|poke|p2|Zamazenta-*|
|poke|p2|Araquanid, M|
|poke|p2|Zapdos|
|poke|p2|Darkrai|
|poke|p2|Great Tusk|
|teampreview
|
|t:|1757947291
|teamsize|p1|6
|teamsize|p2|6
|start
|switch|p1a: Cottonee|Cottonee, L1, F|100/100
|switch|p2a: Zamazenta|Zamazenta|100/100
|-ability|p2a: Zamazenta|Dauntless Shield|boost
|-boost|p2a: Zamazenta|def|1
|turn|1
|
|t:|1757947297
|move|p1a: Cottonee|Leech Seed|p2a: Zamazenta
|-start|p2a: Zamazenta|move: Leech Seed
|move|p2a: Zamazenta|Substitute|p2a: Zamazenta
|-start|p2a: Zamazenta|Substitute
|-damage|p2a: Zamazenta|76/100
|
|-damage|p2a: Zamazenta|63/100|[from] Leech Seed|[of] p1a: Cottonee
|upkeep
|turn|2
|
|t:|1757947303
|move|p1a: Cottonee|Substitute|p1a: Cottonee
|-start|p1a: Cottonee|Substitute
|-damage|p1a: Cottonee|75/100
|move|p2a: Zamazenta|Iron Defense|p2a: Zamazenta
|-boost|p2a: Zamazenta|def|2
|
|-damage|p2a: Zamazenta|51/100|[from] Leech Seed|[of] p1a: Cottonee
|-heal|p1a: Cottonee|100/100|[silent]
|upkeep
|turn|3
|
|t:|1757947308
|move|p1a: Cottonee|Encore|p2a: Zamazenta
|-start|p2a: Zamazenta|Encore
|move|p2a: Zamazenta|Iron Defense|p2a: Zamazenta
|-boost|p2a: Zamazenta|def|2
|
|-damage|p2a: Zamazenta|39/100|[from] Leech Seed|[of] p1a: Cottonee
|upkeep
|turn|4
|
|t:|1757947316
|switch|p2a: Darkrai|Darkrai|100/100
|move|p1a: Cottonee|Encore|p2a: Darkrai
|-hint|Since gen 7, Dark is immune to Prankster moves.
|-immune|p2a: Darkrai
|
|upkeep
|turn|5
|
|t:|1757947323
|switch|p1a: Corviknight|Corviknight, M|100/100
|-ability|p1a: Corviknight|Pressure
|move|p2a: Darkrai|Sludge Bomb|p1a: Corviknight
|-immune|p1a: Corviknight
|
|upkeep
|turn|6
|
|t:|1757947328
|switch|p2a: Zapdos|Zapdos|100/100
|-ability|p2a: Zapdos|Pressure
|move|p1a: Corviknight|Body Press|p2a: Zapdos
|-resisted|p2a: Zapdos
|-damage|p2a: Zapdos|88/100
|
|-heal|p2a: Zapdos|94/100|[from] item: Leftovers
|upkeep
|turn|7
|
|t:|1757947338
|switch|p2a: Great Tusk|Great Tusk|100/100
|-enditem|p2a: Great Tusk|Booster Energy
|-activate|p2a: Great Tusk|ability: Protosynthesis|[fromitem]
|-start|p2a: Great Tusk|protosynthesisatk
|switch|p1a: Clodsire|Clodsire, F|100/100
|
|upkeep
|turn|8
|
|t:|1757947355
|switch|p1a: Corviknight|Corviknight, M|100/100
|-ability|p1a: Corviknight|Pressure
|move|p2a: Great Tusk|Stealth Rock|p1a: Corviknight
|-sidestart|p1: INGIOZU|move: Stealth Rock
|
|upkeep
|turn|9
|
|t:|1757947361
|-end|p2a: Great Tusk|Protosynthesis|[silent]
|switch|p2a: Zapdos|Zapdos|94/100
|-ability|p2a: Zapdos|Pressure
|move|p1a: Corviknight|Defog|p2a: Zapdos
|-unboost|p2a: Zapdos|evasion|1
|-sideend|p1: INGIOZU|Stealth Rock|[from] move: Defog|[of] p1a: Corviknight
|
|-heal|p2a: Zapdos|99/100|[from] item: Leftovers
|upkeep
|turn|10
|
|t:|1757947368
|switch|p2a: Araquanid|Araquanid, M|100/100
|move|p1a: Corviknight|U-turn|p2a: Araquanid
|-damage|p2a: Araquanid|85/100
|-damage|p1a: Corviknight|84/100|[from] item: Rocky Helmet|[of] p2a: Araquanid
|
|t:|1757947373
|switch|p1a: Cottonee|Cottonee, L1, F|100/100|[from] U-turn
|
|upkeep
|turn|11
|
|t:|1757947378
|move|p1a: Cottonee|Leech Seed|p2a: Araquanid
|-start|p2a: Araquanid|move: Leech Seed
|move|p2a: Araquanid|Infestation|p1a: Cottonee
|-enditem|p1a: Cottonee|Focus Sash
|-damage|p1a: Cottonee|9/100
|-activate|p1a: Cottonee|move: Infestation|[of] p2a: Araquanid
|
|-damage|p2a: Araquanid|72/100|[from] Leech Seed|[of] p1a: Cottonee
|-heal|p1a: Cottonee|100/100|[silent]
|-damage|p1a: Cottonee|92/100|[from] move: Infestation|[partiallytrapped]
|upkeep
|turn|12
|
|t:|1757947387
|move|p1a: Cottonee|Substitute|p1a: Cottonee
|-start|p1a: Cottonee|Substitute
|-end|p1a: Cottonee|Infestation|[partiallytrapped]|[silent]
|-damage|p1a: Cottonee|67/100
|move|p2a: Araquanid|Infestation|p1a: Cottonee
|-end|p1a: Cottonee|Substitute
|
|-damage|p2a: Araquanid|60/100|[from] Leech Seed|[of] p1a: Cottonee
|-heal|p1a: Cottonee|100/100|[silent]
|upkeep
|turn|13
|
|t:|1757947397
|move|p1a: Cottonee|Protect|p1a: Cottonee
|-singleturn|p1a: Cottonee|Protect
|move|p2a: Araquanid|Leech Life|p1a: Cottonee
|-activate|p1a: Cottonee|move: Protect
|
|-damage|p2a: Araquanid|48/100|[from] Leech Seed|[of] p1a: Cottonee
|upkeep
|turn|14
|inactive|Battle timer is ON: inactive players will automatically lose when time's up. (requested by litpulls)
|
|t:|1757947404
|move|p1a: Cottonee|Substitute|p1a: Cottonee
|-start|p1a: Cottonee|Substitute
|-damage|p1a: Cottonee|75/100
|move|p2a: Araquanid|Leech Life|p1a: Cottonee
|-crit|p1a: Cottonee
|-end|p1a: Cottonee|Substitute
|-heal|p2a: Araquanid|48/100|[from] drain|[of] p1a: Cottonee
|
|-damage|p2a: Araquanid|36/100|[from] Leech Seed|[of] p1a: Cottonee
|-heal|p1a: Cottonee|100/100|[silent]
|upkeep
|turn|15
|
|t:|1757947412
|move|p1a: Cottonee|Protect|p1a: Cottonee
|-singleturn|p1a: Cottonee|Protect
|move|p2a: Araquanid|Infestation|p1a: Cottonee
|-activate|p1a: Cottonee|move: Protect
|
|-damage|p2a: Araquanid|24/100|[from] Leech Seed|[of] p1a: Cottonee
|upkeep
|turn|16
|
|t:|1757947420
|switch|p2a: Zapdos|Zapdos|99/100
|-ability|p2a: Zapdos|Pressure
|move|p1a: Cottonee|Substitute|p1a: Cottonee
|-start|p1a: Cottonee|Substitute
|-damage|p1a: Cottonee|75/100
|
|-heal|p2a: Zapdos|100/100|[from] item: Leftovers
|upkeep
|turn|17
|
|t:|1757947426
|move|p1a: Cottonee|Leech Seed|p2a: Zapdos
|-start|p2a: Zapdos|move: Leech Seed
|move|p2a: Zapdos|Thunder|p1a: Cottonee
|-resisted|p1a: Cottonee
|-end|p1a: Cottonee|Substitute
|
|-damage|p2a: Zapdos|88/100|[from] Leech Seed|[of] p1a: Cottonee
|-heal|p1a: Cottonee|100/100|[silent]
|upkeep
|turn|18
|
|t:|1757947432
|switch|p2a: Darkrai|Darkrai|100/100
|move|p1a: Cottonee|Protect||[still]
|-fail|p1a: Cottonee
|
|upkeep
|turn|19
|
|t:|1757947438
|switch|p1a: Corviknight|Corviknight, M|84/100
|-ability|p1a: Corviknight|Pressure
|move|p2a: Darkrai|Ice Beam|p1a: Corviknight
|-damage|p1a: Corviknight|36/100
|
|upkeep
|turn|20
|
|t:|1757947446
|move|p2a: Darkrai|Ice Beam|p1a: Corviknight
|-crit|p1a: Corviknight
|-damage|p1a: Corviknight|0 fnt
|faint|p1a: Corviknight
|
|upkeep
|
|t:|1757947456
|switch|p1a: Ting-Lu|Ting-Lu|100/100
|-ability|p1a: Ting-Lu|Vessel of Ruin
|turn|21
|
|t:|1757947477
|switch|p2a: Zamazenta|Zamazenta|39/100
|move|p1a: Ting-Lu|Stealth Rock|p2a: Zamazenta
|-sidestart|p2: litpulls|move: Stealth Rock
|
|upkeep
|turn|22
|
|t:|1757947498
|switch|p1a: Dondozo|Dondozo, F|100/100
|move|p2a: Zamazenta|Substitute|p2a: Zamazenta
|-start|p2a: Zamazenta|Substitute
|-damage|p2a: Zamazenta|14/100
|
|upkeep
|turn|23
|
|t:|1757947511
|move|p2a: Zamazenta|Iron Defense|p2a: Zamazenta
|-boost|p2a: Zamazenta|def|2
|move|p1a: Dondozo|Liquidation|p2a: Zamazenta
|-activate|p2a: Zamazenta|move: Substitute|[damage]
|
|upkeep
|turn|24
|
|t:|1757947521
|switch|p1a: Clodsire|Clodsire, F|100/100
|move|p2a: Zamazenta|Body Press|p1a: Clodsire
|-resisted|p1a: Clodsire
|-damage|p1a: Clodsire|79/100
|
|-heal|p1a: Clodsire|85/100|[from] item: Black Sludge
|upkeep
|turn|25
|
|t:|1757947531
|switch|p2a: Great Tusk|Great Tusk|100/100
|-damage|p2a: Great Tusk|98/100|[from] Stealth Rock
|move|p1a: Clodsire|Haze|p1a: Clodsire
|-clearallboost
|
|-heal|p1a: Clodsire|92/100|[from] item: Black Sludge
|upkeep
|turn|26
|
|t:|1757947548
|move|p2a: Great Tusk|Rapid Spin|p1a: Clodsire
|-damage|p1a: Clodsire|73/100
|-boost|p2a: Great Tusk|spe|1
|-sideend|p2: litpulls|Stealth Rock|[from] move: Rapid Spin|[of] p2a: Great Tusk
|move|p1a: Clodsire|Toxic Spikes|p2a: Great Tusk
|-sidestart|p2: litpulls|move: Toxic Spikes
|
|-heal|p1a: Clodsire|79/100|[from] item: Black Sludge
|upkeep
|turn|27
|
|t:|1757947560
|move|p2a: Great Tusk|Stealth Rock|p1a: Clodsire
|-sidestart|p1: INGIOZU|move: Stealth Rock
|move|p1a: Clodsire|Recover|p1a: Clodsire
|-heal|p1a: Clodsire|100/100
|
|upkeep
|turn|28
|-message|INGIOZU forfeited.
|
|win|litpulls
|raw|INGIOZU's rating: 1108 &rarr; <strong>1084</strong><br />(-24 for losing)
|raw|litpulls's rating: 1124 &rarr; <strong>1148</strong><br />(+24 for winning)
|l|☆INGIOZU
|player|p1|
|l|☆litpulls
|player|p2|
