|j|☆flygonisdragon
|j|☆abdkkgja
|t:|1757903924
|gametype|singles
|player|p1|flygonisdragon|serena-masters|1656
|player|p2|abdkkgja|lacey|1578
|gen|9
|tier|[Gen 9] OU
|rated|
|rule|HP Percentage Mod: HP is shown in percentages
|rule|Endless Battle Clause: Forcing endless battles is banned
|rule|Species Clause: Limit one of each Pokémon
|rule|OHKO Clause: OHKO moves are banned
|rule|Evasion Items Clause: Evasion items are banned
|rule|Evasion Moves Clause: Evasion moves are banned
|rule|Evasion Abilities Clause: Evasion abilities are banned
|rule|Sleep Moves Clause: Sleep-inducing moves are banned
|clearpoke
|poke|p1|Volcanion|
|poke|p1|Metagross|
|poke|p1|Zamazenta-*|
|poke|p1|Fezandipiti, M|
|poke|p1|Regidrago|
|poke|p1|Rillaboom, F|
|poke|p2|Iron Moth|
|poke|p2|Mew|
|poke|p2|Ninetales-Alola, F|
|poke|p2|Maushold|
|poke|p2|Salamence, F|
|poke|p2|Garchomp, M|
|teampreview
|
|t:|1757903946
|teamsize|p1|6
|teamsize|p2|6
|start
|switch|p1a: Metagross|Metagross|100/100
|switch|p2a: Garchomp|Garchomp, M|100/100
|turn|1
|
|t:|1757903950
|switch|p1a: Rillaboom|Rillaboom, F|100/100
|-fieldstart|move: Grassy Terrain|[from] ability: Grassy Surge|[of] p1a: Rillaboom
|move|p2a: Garchomp|Earth Power|p1a: Rillaboom
|-resisted|p1a: Rillaboom
|-damage|p1a: Rillaboom|70/100
|-damage|p2a: Garchomp|91/100|[from] item: Life Orb
|
|-heal|p2a: Garchomp|97/100|[from] Grassy Terrain
|-heal|p1a: Rillaboom|76/100|[from] Grassy Terrain
|upkeep
|turn|2
|
|t:|1757903959
|move|p2a: Garchomp|Fire Blast|p1a: Rillaboom
|-supereffective|p1a: Rillaboom
|-damage|p1a: Rillaboom|0 fnt
|faint|p1a: Rillaboom
|-damage|p2a: Garchomp|87/100|[from] item: Life Orb
|
|-heal|p2a: Garchomp|93/100|[from] Grassy Terrain
|upkeep
|
|t:|1757903973
|switch|p1a: Fezandipiti|Fezandipiti, M|100/100
|turn|3
|
|t:|1757903980
|move|p2a: Garchomp|Earth Power|p1a: Fezandipiti
|-supereffective|p1a: Fezandipiti
|-crit|p1a: Fezandipiti
|-damage|p1a: Fezandipiti|16/100
|-damage|p2a: Garchomp|83/100|[from] item: Life Orb
|move|p1a: Fezandipiti|Moonblast|p2a: Garchomp
|-supereffective|p2a: Garchomp
|-damage|p2a: Garchomp|30/100
|
|-heal|p2a: Garchomp|36/100|[from] Grassy Terrain
|-heal|p1a: Fezandipiti|22/100|[from] Grassy Terrain
|upkeep
|turn|4
|
|t:|1757903992
|move|p2a: Garchomp|Earth Power|p1a: Fezandipiti
|-supereffective|p1a: Fezandipiti
|-damage|p1a: Fezandipiti|0 fnt
|faint|p1a: Fezandipiti
|-damage|p2a: Garchomp|26/100|[from] item: Life Orb
|
|-heal|p2a: Garchomp|32/100|[from] Grassy Terrain
|upkeep
|
|t:|1757904018
|switch|p1a: Zamazenta|Zamazenta|100/100
|-ability|p1a: Zamazenta|Dauntless Shield|boost
|-boost|p1a: Zamazenta|def|1
|turn|5
|
|t:|1757904022
|move|p1a: Zamazenta|Body Press|p2a: Garchomp
|-damage|p2a: Garchomp|0 fnt
|-damage|p1a: Zamazenta|88/100|[from] ability: Rough Skin|[of] p2a: Garchomp
|faint|p2a: Garchomp
|
|-heal|p1a: Zamazenta|94/100|[from] Grassy Terrain
|-heal|p1a: Zamazenta|100/100|[from] item: Leftovers
|-fieldend|move: Grassy Terrain
|upkeep
|
|t:|1757904026
|switch|p2a: Ninetales|Ninetales-Alola, F, shiny|100/100
|-weather|Snowscape|[from] ability: Snow Warning|[of] p2a: Ninetales
|turn|6
|
|t:|1757904034
|switch|p1a: Metagross|Metagross|100/100
|move|p2a: Ninetales|Encore||[still]
|-fail|p2a: Ninetales
|
|-weather|Snowscape|[upkeep]
|upkeep
|turn|7
|
|t:|1757904044
|move|p2a: Ninetales|Aurora Veil|p2a: Ninetales
|-sidestart|p2: abdkkgja|move: Aurora Veil
|move|p1a: Metagross|Meteor Mash|p2a: Ninetales
|-supereffective|p2a: Ninetales
|-damage|p2a: Ninetales|0 fnt
|faint|p2a: Ninetales
|-damage|p1a: Metagross|91/100|[from] item: Life Orb
|
|-weather|Snowscape|[upkeep]
|upkeep
|
|t:|1757904062
|switch|p2a: Iron Moth|Iron Moth|100/100
|-enditem|p2a: Iron Moth|Booster Energy
|-activate|p2a: Iron Moth|ability: Quark Drive|[fromitem]
|-start|p2a: Iron Moth|quarkdrivespe
|turn|8
|
|t:|1757904066
|switch|p1a: Volcanion|Volcanion|100/100
|move|p2a: Iron Moth|Fiery Dance|p1a: Volcanion
|-resisted|p1a: Volcanion
|-damage|p1a: Volcanion|88/100
|
|-weather|Snowscape|[upkeep]
|upkeep
|turn|9
|
|t:|1757904072
|move|p2a: Iron Moth|Sludge Wave|p1a: Volcanion
|-damage|p1a: Volcanion|32/100
|move|p1a: Volcanion|Steam Eruption|p2a: Iron Moth
|-supereffective|p2a: Iron Moth
|-damage|p2a: Iron Moth|7/100
|
|-weather|Snowscape|[upkeep]
|upkeep
|turn|10
|
|t:|1757904075
|move|p2a: Iron Moth|Sludge Wave|p1a: Volcanion
|-damage|p1a: Volcanion|0 fnt
|faint|p1a: Volcanion
|
|-weather|none
|upkeep
|
|t:|1757904106
|switch|p1a: Regidrago|Regidrago|100/100
|turn|11
|
|t:|1757904114
|move|p2a: Iron Moth|Dazzling Gleam|p1a: Regidrago
|-supereffective|p1a: Regidrago
|-damage|p1a: Regidrago|38/100
|move|p1a: Regidrago|Ancient Power|p2a: Iron Moth
|-supereffective|p2a: Iron Moth
|-damage|p2a: Iron Moth|0 fnt
|faint|p2a: Iron Moth
|-end|p2a: Iron Moth|Quark Drive|[silent]
|
|upkeep
|
|t:|1757904118
|switch|p2a: Blutgang|Mew, shiny|100/100
|turn|12
|
|t:|1757904122
|switch|p1a: Metagross|Metagross|91/100
|move|p2a: Blutgang|Dragon Dance|p2a: Blutgang
|-boost|p2a: Blutgang|atk|1
|-boost|p2a: Blutgang|spe|1
|
|upkeep
|turn|13
|
|t:|1757904125
|move|p2a: Blutgang|Dragon Dance|p2a: Blutgang
|-boost|p2a: Blutgang|atk|1
|-boost|p2a: Blutgang|spe|1
|move|p1a: Metagross|Psychic Fangs|p2a: Blutgang
|-sideend|p2: abdkkgja|move: Aurora Veil
|-resisted|p2a: Blutgang
|-damage|p2a: Blutgang|68/100
|-damage|p1a: Metagross|81/100|[from] item: Life Orb
|
|upkeep
|turn|14
|
|t:|1757904142
|move|p2a: Blutgang|Drain Punch|p1a: Metagross
|-damage|p1a: Metagross|39/100
|-heal|p2a: Blutgang|85/100|[from] drain|[of] p1a: Metagross
|move|p1a: Metagross|Explosion|p2a: Blutgang
|-damage|p2a: Blutgang|0 fnt
|faint|p1a: Metagross
|faint|p2a: Blutgang
|
|upkeep
|
|t:|1757904152
|switch|p2a: Maushold|Maushold|100/100
|switch|p1a: Zamazenta|Zamazenta|100/100
|turn|15
|
|t:|1757904158
|-terastallize|p2a: Maushold|Ghost
|move|p1a: Zamazenta|Iron Defense|p1a: Zamazenta
|-boost|p1a: Zamazenta|def|2
|move|p2a: Maushold|Tidy Up|p2a: Maushold
|-boost|p2a: Maushold|atk|1
|-boost|p2a: Maushold|spe|1
|
|upkeep
|turn|16
|
|t:|1757904160
|move|p2a: Maushold|Encore|p1a: Zamazenta
|-start|p1a: Zamazenta|Encore
|move|p1a: Zamazenta|Iron Defense|p1a: Zamazenta
|-boost|p1a: Zamazenta|def|2
|
|upkeep
|turn|17
|
|t:|1757904165
|switch|p1a: Regidrago|Regidrago|38/100
|move|p2a: Maushold|Tidy Up|p2a: Maushold
|-boost|p2a: Maushold|atk|1
|-boost|p2a: Maushold|spe|1
|
|upkeep
|turn|18
|
|t:|1757904168
|move|p2a: Maushold|Bite|p1a: Regidrago
|-damage|p1a: Regidrago|0 fnt
|faint|p1a: Regidrago
|
|upkeep
|
|t:|1757904170
|switch|p1a: Zamazenta|Zamazenta|100/100
|turn|19
|
|t:|1757904173
|move|p2a: Maushold|Population Bomb|p1a: Zamazenta
|-damage|p1a: Zamazenta|84/100
|-damage|p1a: Zamazenta|69/100
|-damage|p1a: Zamazenta|53/100
|-damage|p1a: Zamazenta|38/100
|-damage|p1a: Zamazenta|23/100
|-damage|p1a: Zamazenta|7/100
|-damage|p1a: Zamazenta|0 fnt
|faint|p1a: Zamazenta
|-hitcount|p1: Zamazenta|7
|
|win|abdkkgja
|raw|flygonisdragon's rating: 1656 &rarr; <strong>1632</strong><br />(-24 for losing)
|raw|abdkkgja's rating: 1578 &rarr; <strong>1602</strong><br />(+24 for winning)
|l|☆flygonisdragon
|player|p1|
|l|☆abdkkgja
|player|p2|
