|inactive|Battle timer is ON: inactive players will automatically lose when time's up.
|badge|p2|bronze|gen9randombattle|100-6
|uhtml|medal-msg|<div class="broadcast-blue">Curious what those medals under the avatar are? PS now has Ladder Seasons! For more information, check out the <a href="https://www.smogon.com/forums/threads/3740067/">thread on Smogon.</a></div>
|t:|1757869510
|gametype|singles
|player|p1|Bloody alfa|unknown|
|player|p2|dorapult|dawn|
|gen|9
|tier|[Gen 9] OU
|rule|HP Percentage Mod: HP is shown in percentages
|rule|Endless Battle Clause: Forcing endless battles is banned
|rule|Species Clause: Limit one of each Pokémon
|rule|OHKO Clause: OHKO moves are banned
|rule|Evasion Items Clause: Evasion items are banned
|rule|Evasion Moves Clause: Evasion moves are banned
|rule|Evasion Abilities Clause: Evasion abilities are banned
|rule|Sleep Moves Clause: Sleep-inducing moves are banned
|clearpoke
|poke|p1|Tyranitar, F|
|poke|p1|Excadrill, F|
|poke|p1|Moltres|
|poke|p1|Sinistcha|
|poke|p1|Alomomola, M|
|poke|p1|Iron Valiant|
|poke|p2|Alomomola, F|
|poke|p2|Darkrai|
|poke|p2|Iron Treads|
|poke|p2|Gholdengo|
|poke|p2|Zapdos|
|poke|p2|Zamazenta-*|
|teampreview
|inactive|Bloody alfa also wants the timer to be on.
|c|☆Bloody alfa|hf
|c|☆dorapult|u2
|inactive|Bloody alfa has 270 seconds left.
|inactive|dorapult has 270 seconds left.
|inactive|Bloody alfa has 240 seconds left.
|inactive|dorapult has 240 seconds left.
|
|t:|1757869582
|teamsize|p1|6
|teamsize|p2|6
|start
|switch|p1a: Alomomola|Alomomola, M|100/100
|switch|p2a: Iron Treads|Iron Treads|100/100
|turn|1
|
|t:|1757869586
|move|p2a: Iron Treads|Knock Off|p1a: Alomomola
|-damage|p1a: Alomomola|89/100
|-enditem|p1a: Alomomola|Heavy-Duty Boots|[from] move: Knock Off|[of] p2a: Iron Treads
|move|p1a: Alomomola|Scald|p2a: Iron Treads
|-supereffective|p2a: Iron Treads
|-damage|p2a: Iron Treads|72/100
|-status|p2a: Iron Treads|brn
|
|-heal|p2a: Iron Treads|78/100 brn|[from] item: Leftovers
|-damage|p2a: Iron Treads|72/100 brn|[from] brn
|upkeep
|turn|2
|
|t:|1757869604
|move|p2a: Iron Treads|Stealth Rock|p1a: Alomomola
|-sidestart|p1: Bloody alfa|move: Stealth Rock
|move|p1a: Alomomola|Scald|p2a: Iron Treads
|-supereffective|p2a: Iron Treads
|-damage|p2a: Iron Treads|40/100 brn
|
|-heal|p2a: Iron Treads|46/100 brn|[from] item: Leftovers
|-damage|p2a: Iron Treads|40/100 brn|[from] brn
|upkeep
|turn|3
|
|t:|1757869611
|-end|p2a: Iron Treads|Quark Drive|[silent]
|switch|p2a: Alomomola|Alomomola, F|100/100
|move|p1a: Alomomola|Flip Turn|p2a: Alomomola
|-resisted|p2a: Alomomola
|-damage|p2a: Alomomola|95/100
|
|t:|1757869635
|switch|p1a: Tyranitar|Tyranitar, F|100/100|[from] Flip Turn
|-weather|Sandstorm|[from] ability: Sand Stream|[of] p1a: Tyranitar
|
|-weather|Sandstorm|[upkeep]
|-damage|p2a: Alomomola|89/100|[from] Sandstorm
|upkeep
|turn|4
|
|t:|1757869643
|move|p1a: Tyranitar|Knock Off|p2a: Alomomola
|-damage|p2a: Alomomola|55/100
|-enditem|p2a: Alomomola|Assault Vest|[from] move: Knock Off|[of] p1a: Tyranitar
|move|p2a: Alomomola|Flip Turn|p1a: Tyranitar
|-supereffective|p1a: Tyranitar
|-damage|p1a: Tyranitar|68/100
|inactive|dorapult has 270 seconds left.
|
|t:|1757869695
|switch|p2a: Zamazenta|Zamazenta|100/100|[from] Flip Turn
|-ability|p2a: Zamazenta|Dauntless Shield|boost
|-boost|p2a: Zamazenta|def|1
|
|-weather|Sandstorm|[upkeep]
|-damage|p2a: Zamazenta|94/100|[from] Sandstorm
|upkeep
|turn|5
|
|t:|1757869702
|switch|p2a: Alomomola|Alomomola, F|88/100
|switch|p1a: Alomomola|Alomomola, M|100/100
|-damage|p1a: Alomomola|88/100|[from] Stealth Rock
|
|-weather|Sandstorm|[upkeep]
|-damage|p1a: Alomomola|82/100|[from] Sandstorm
|-damage|p2a: Alomomola|82/100|[from] Sandstorm
|upkeep
|turn|6
|
|t:|1757869729
|move|p1a: Alomomola|Wish|p1a: Alomomola
|move|p2a: Alomomola|Flip Turn|p1a: Alomomola
|-resisted|p1a: Alomomola
|-damage|p1a: Alomomola|78/100
|
|t:|1757869755
|switch|p2a: Darkrai|Darkrai|100/100|[from] Flip Turn
|
|-weather|Sandstorm|[upkeep]
|-damage|p2a: Darkrai|94/100|[from] Sandstorm
|-damage|p1a: Alomomola|72/100|[from] Sandstorm
|upkeep
|turn|7
|inactive|Bloody alfa has 270 seconds left.
|
|t:|1757869784
|switch|p1a: Moltres|Moltres|100/100
|move|p2a: Darkrai|Dark Pulse|p1a: Moltres
|-damage|p1a: Moltres|51/100
|
|-weather|none
|-heal|p1a: Moltres|100/100|[from] move: Wish|[wisher] Alomomola
|upkeep
|turn|8
|inactive|Bloody alfa has 270 seconds left.
|
|t:|1757869793
|switch|p2a: Alomomola|Alomomola, F|100/100
|move|p1a: Moltres|U-turn|p2a: Alomomola
|-damage|p2a: Alomomola|89/100
|inactive|Bloody alfa has 270 seconds left.
|
|t:|1757869812
|switch|p1a: Tyranitar|Tyranitar, F|68/100|[from] U-turn
|-weather|Sandstorm|[from] ability: Sand Stream|[of] p1a: Tyranitar
|
|-weather|Sandstorm|[upkeep]
|-damage|p2a: Alomomola|83/100|[from] Sandstorm
|upkeep
|turn|9
|
|t:|1757869830
|move|p1a: Tyranitar|Stealth Rock|p2a: Alomomola
|-sidestart|p2: dorapult|move: Stealth Rock
|move|p2a: Alomomola|Scald|p1a: Tyranitar
|-supereffective|p1a: Tyranitar
|-damage|p1a: Tyranitar|49/100
|
|-weather|Sandstorm|[upkeep]
|-damage|p2a: Alomomola|77/100|[from] Sandstorm
|upkeep
|turn|10
|inactive|Bloody alfa has 270 seconds left.
|
|t:|1757869841
|switch|p1a: Alomomola|Alomomola, M|100/100
|-damage|p1a: Alomomola|88/100|[from] Stealth Rock
|move|p2a: Alomomola|Flip Turn|p1a: Alomomola
|-resisted|p1a: Alomomola
|-damage|p1a: Alomomola|84/100
|
|t:|1757869861
|switch|p2a: Zapdos|Zapdos|100/100|[from] Flip Turn
|
|-weather|Sandstorm|[upkeep]
|-damage|p2a: Zapdos|94/100|[from] Sandstorm
|-damage|p1a: Alomomola|77/100|[from] Sandstorm
|upkeep
|turn|11
|inactive|Bloody alfa has 270 seconds left.
|inactive|dorapult has 240 seconds left.
|inactive|Bloody alfa has 240 seconds left.
|
|t:|1757869932
|switch|p2a: Alomomola|Alomomola, F|100/100
|-damage|p2a: Alomomola|88/100|[from] Stealth Rock
|move|p1a: Alomomola|Flip Turn|p2a: Alomomola
|-resisted|p2a: Alomomola
|-damage|p2a: Alomomola|83/100
|inactive|Bloody alfa has 210 seconds left.
|
|t:|1757869959
|switch|p1a: Sinistcha|Sinistcha|100/100|[from] Flip Turn
|
|-weather|Sandstorm|[upkeep]
|-damage|p1a: Sinistcha|94/100|[from] Sandstorm
|-damage|p2a: Alomomola|77/100|[from] Sandstorm
|upkeep
|turn|12
|
|t:|1757869980
|switch|p2a: Zapdos|Zapdos|94/100
|move|p1a: Sinistcha|Matcha Gotcha|p2a: Zapdos
|-resisted|p2a: Zapdos
|-damage|p2a: Zapdos|79/100
|-heal|p1a: Sinistcha|100/100|[from] drain|[of] p2a: Zapdos
|-status|p2a: Zapdos|brn
|
|-weather|none
|-damage|p2a: Zapdos|73/100 brn|[from] brn
|upkeep
|turn|13
|inactive|Bloody alfa has 180 seconds left.
|
|t:|1757869997
|switch|p2a: Alomomola|Alomomola, F|100/100
|-damage|p2a: Alomomola|88/100|[from] Stealth Rock
|switch|p1a: Excadrill|Excadrill, F|100/100
|-damage|p1a: Excadrill|97/100|[from] Stealth Rock
|-item|p1a: Excadrill|Air Balloon
|
|upkeep
|turn|14
|
|t:|1757870006
|switch|p1a: Alomomola|Alomomola, M|100/100
|-damage|p1a: Alomomola|88/100|[from] Stealth Rock
|move|p2a: Alomomola|Flip Turn|p1a: Alomomola
|-resisted|p1a: Alomomola
|-damage|p1a: Alomomola|84/100
|inactive|dorapult has 240 seconds left.
|
|t:|1757870030
|switch|p2a: Darkrai|Darkrai|94/100|[from] Flip Turn
|-damage|p2a: Darkrai|82/100|[from] Stealth Rock
|
|upkeep
|turn|15
|inactive|dorapult has 240 seconds left.
|
|t:|1757870037
|move|p1a: Alomomola|Protect|p1a: Alomomola
|-singleturn|p1a: Alomomola|Protect
|move|p2a: Darkrai|Dark Pulse|p1a: Alomomola
|-activate|p1a: Alomomola|move: Protect
|
|upkeep
|turn|16
|inactive|dorapult has 240 seconds left.
|inactive|Bloody alfa has 180 seconds left.
|
|t:|1757870086
|-terastallize|p1a: Alomomola|Dark
|move|p2a: Darkrai|Dark Pulse|p1a: Alomomola
|-resisted|p1a: Alomomola
|-damage|p1a: Alomomola|43/100
|move|p1a: Alomomola|Flip Turn|p2a: Darkrai
|-damage|p2a: Darkrai|60/100
|
|t:|1757870100
|switch|p1a: Iron Valiant|Iron Valiant|100/100|[from] Flip Turn
|-damage|p1a: Iron Valiant|94/100|[from] Stealth Rock
|
|upkeep
|turn|17
|inactive|dorapult has 240 seconds left.
|
|t:|1757870115
|switch|p2a: Alomomola|Alomomola, F|100/100
|-damage|p2a: Alomomola|88/100|[from] Stealth Rock
|move|p1a: Iron Valiant|Moonblast|p2a: Alomomola
|-damage|p2a: Alomomola|31/100
|
|upkeep
|turn|18
|
|t:|1757870140
|switch|p2a: Gholdengo|Gholdengo|100/100
|-damage|p2a: Gholdengo|94/100|[from] Stealth Rock
|move|p1a: Iron Valiant|Moonblast|p2a: Gholdengo
|-resisted|p2a: Gholdengo
|-damage|p2a: Gholdengo|59/100
|
|upkeep
|turn|19
|inactive|Bloody alfa has 180 seconds left.
|inactive|dorapult has 210 seconds left.
|
|t:|1757870165
|-end|p1a: Iron Valiant|Quark Drive|[silent]
|switch|p1a: Moltres|Moltres|100/100
|move|p2a: Gholdengo|Recover|p2a: Gholdengo
|-heal|p2a: Gholdengo|100/100
|
|upkeep
|turn|20
|inactive|Bloody alfa has 180 seconds left.
|inactive|dorapult has 210 seconds left.
|
|t:|1757870175
|switch|p2a: Zapdos|Zapdos|73/100 brn
|move|p1a: Moltres|Flamethrower|p2a: Zapdos
|-damage|p2a: Zapdos|36/100 brn
|
|-damage|p2a: Zapdos|29/100 brn|[from] brn
|upkeep
|turn|21
|inactive|dorapult has 210 seconds left.
|inactive|Bloody alfa has 180 seconds left.
|
|t:|1757870204
|move|p2a: Zapdos|Roost|p2a: Zapdos
|-heal|p2a: Zapdos|79/100 brn
|-singleturn|p2a: Zapdos|move: Roost
|move|p1a: Moltres|U-turn|p2a: Zapdos
|-damage|p2a: Zapdos|68/100 brn
|
|t:|1757870220
|switch|p1a: Iron Valiant|Iron Valiant|94/100|[from] U-turn
|-damage|p1a: Iron Valiant|88/100|[from] Stealth Rock
|
|-damage|p2a: Zapdos|61/100 brn|[from] brn
|upkeep
|turn|22
|inactive|dorapult has 210 seconds left.
|
|t:|1757870229
|switch|p2a: Gholdengo|Gholdengo|100/100
|-damage|p2a: Gholdengo|94/100|[from] Stealth Rock
|move|p1a: Iron Valiant|Moonblast|p2a: Gholdengo
|-resisted|p2a: Gholdengo
|-damage|p2a: Gholdengo|60/100
|
|upkeep
|turn|23
|
|t:|1757870243
|-end|p1a: Iron Valiant|Quark Drive|[silent]
|switch|p1a: Moltres|Moltres|100/100
|move|p2a: Gholdengo|Recover|p2a: Gholdengo
|-heal|p2a: Gholdengo|100/100
|
|upkeep
|turn|24
|
|t:|1757870249
|switch|p2a: Zapdos|Zapdos|61/100 brn
|move|p1a: Moltres|Flamethrower|p2a: Zapdos
|-damage|p2a: Zapdos|28/100 brn
|
|-damage|p2a: Zapdos|22/100 brn|[from] brn
|upkeep
|turn|25
|
|t:|1757870255
|move|p2a: Zapdos|Roost|p2a: Zapdos
|-heal|p2a: Zapdos|72/100 brn
|-singleturn|p2a: Zapdos|move: Roost
|move|p1a: Moltres|U-turn|p2a: Zapdos
|-damage|p2a: Zapdos|59/100 brn
|-status|p1a: Moltres|par|[from] ability: Static|[of] p2a: Zapdos
|
|t:|1757870257
|switch|p1a: Iron Valiant|Iron Valiant|88/100|[from] U-turn
|-damage|p1a: Iron Valiant|82/100|[from] Stealth Rock
|
|-damage|p2a: Zapdos|53/100 brn|[from] brn
|upkeep
|turn|26
|inactive|dorapult has 210 seconds left.
|
|t:|1757870290
|switch|p2a: Gholdengo|Gholdengo|100/100
|-damage|p2a: Gholdengo|94/100|[from] Stealth Rock
|move|p1a: Iron Valiant|Moonblast|p2a: Gholdengo
|-resisted|p2a: Gholdengo
|-damage|p2a: Gholdengo|58/100
|
|upkeep
|turn|27
|
|t:|1757870300
|-end|p1a: Iron Valiant|Quark Drive|[silent]
|switch|p1a: Excadrill|Excadrill, F|97/100
|-damage|p1a: Excadrill|94/100|[from] Stealth Rock
|-item|p1a: Excadrill|Air Balloon
|move|p2a: Gholdengo|Recover|p2a: Gholdengo
|-heal|p2a: Gholdengo|100/100
|
|upkeep
|turn|28
|inactive|dorapult has 210 seconds left.
|inactive|Bloody alfa has 180 seconds left.
|
|t:|1757870330
|switch|p2a: Zamazenta|Zamazenta|94/100
|move|p1a: Excadrill|Earthquake|p2a: Zamazenta
|-damage|p2a: Zamazenta|41/100
|
|upkeep
|turn|29
|inactive|Bloody alfa has 180 seconds left.
|inactive|dorapult has 210 seconds left.
|
|t:|1757870350
|switch|p2a: Darkrai|Darkrai|60/100
|-damage|p2a: Darkrai|48/100|[from] Stealth Rock
|switch|p1a: Sinistcha|Sinistcha|100/100
|
|upkeep
|turn|30
|inactive|Bloody alfa has 180 seconds left.
|inactive|dorapult has 210 seconds left.
|
|t:|1757870364
|switch|p1a: Tyranitar|Tyranitar, F|49/100
|-weather|Sandstorm|[from] ability: Sand Stream|[of] p1a: Tyranitar
|move|p2a: Darkrai|Focus Blast|p1a: Tyranitar|[miss]
|-miss|p2a: Darkrai|p1a: Tyranitar
|
|-weather|Sandstorm|[upkeep]
|-damage|p2a: Darkrai|42/100|[from] Sandstorm
|upkeep
|turn|31
|inactive|Bloody alfa has 180 seconds left.
|inactive|dorapult has 210 seconds left.
|inactive|Bloody alfa has 150 seconds left.
|inactive|dorapult has 180 seconds left.
|
|t:|1757870414
|switch|p2a: Zapdos|Zapdos|53/100 brn
|switch|p1a: Iron Valiant|Iron Valiant|82/100
|-damage|p1a: Iron Valiant|76/100|[from] Stealth Rock
|
|-weather|Sandstorm|[upkeep]
|-damage|p1a: Iron Valiant|69/100|[from] Sandstorm
|-damage|p2a: Zapdos|46/100 brn|[from] Sandstorm
|-damage|p2a: Zapdos|40/100 brn|[from] brn
|upkeep
|turn|32
|inactive|dorapult has 180 seconds left.
|
|t:|1757870427
|switch|p2a: Iron Treads|Iron Treads|40/100 brn
|-damage|p2a: Iron Treads|37/100 brn|[from] Stealth Rock
|move|p1a: Iron Valiant|Knock Off|p2a: Iron Treads
|-damage|p2a: Iron Treads|13/100 brn
|-enditem|p2a: Iron Treads|Leftovers|[from] move: Knock Off|[of] p1a: Iron Valiant
|
|-weather|Sandstorm|[upkeep]
|-damage|p1a: Iron Valiant|63/100|[from] Sandstorm
|-damage|p2a: Iron Treads|7/100 brn|[from] brn
|upkeep
|turn|33
|
|t:|1757870435
|-end|p1a: Iron Valiant|Quark Drive|[silent]
|switch|p1a: Sinistcha|Sinistcha|100/100
|-end|p2a: Iron Treads|Quark Drive|[silent]
|switch|p2a: Alomomola|Alomomola, F|64/100
|-damage|p2a: Alomomola|51/100|[from] Stealth Rock
|
|-weather|Sandstorm|[upkeep]
|-damage|p1a: Sinistcha|94/100|[from] Sandstorm
|-damage|p2a: Alomomola|45/100|[from] Sandstorm
|upkeep
|turn|34
|inactive|Bloody alfa has 150 seconds left.
|inactive|dorapult has 180 seconds left.
|inactive|Bloody alfa has 120 seconds left.
|
|t:|1757870473
|switch|p2a: Zapdos|Zapdos|40/100 brn
|move|p1a: Sinistcha|Shadow Ball|p2a: Zapdos
|-damage|p2a: Zapdos|8/100 brn
|
|-weather|none
|-damage|p2a: Zapdos|2/100 brn|[from] brn
|upkeep
|turn|35
|inactive|Bloody alfa has 120 seconds left.
|
|t:|1757870497
|switch|p1a: Iron Valiant|Iron Valiant|63/100
|-damage|p1a: Iron Valiant|57/100|[from] Stealth Rock
|move|p2a: Zapdos|Roost|p2a: Zapdos
|-heal|p2a: Zapdos|52/100 brn
|-singleturn|p2a: Zapdos|move: Roost
|
|-damage|p2a: Zapdos|45/100 brn|[from] brn
|upkeep
|turn|36
|
|t:|1757870501
|switch|p2a: Iron Treads|Iron Treads|7/100 brn
|-damage|p2a: Iron Treads|4/100 brn|[from] Stealth Rock
|move|p1a: Iron Valiant|Moonblast|p2a: Iron Treads
|-resisted|p2a: Iron Treads
|-damage|p2a: Iron Treads|0 fnt
|faint|p2a: Iron Treads
|-end|p2a: Iron Treads|Quark Drive|[silent]
|
|upkeep
|inactive|dorapult has 150 seconds left.
|
|t:|1757870528
|switch|p2a: Gholdengo|Gholdengo|100/100
|-damage|p2a: Gholdengo|94/100|[from] Stealth Rock
|turn|37
|
|t:|1757870535
|-end|p1a: Iron Valiant|Quark Drive|[silent]
|switch|p1a: Moltres|Moltres|100/100 par
|move|p2a: Gholdengo|Nasty Plot|p2a: Gholdengo
|-boost|p2a: Gholdengo|spa|2
|
|upkeep
|turn|38
|
|t:|1757870546
|switch|p2a: Alomomola|Alomomola, F|78/100
|-damage|p2a: Alomomola|66/100|[from] Stealth Rock
|move|p1a: Moltres|Flamethrower|p2a: Alomomola
|-resisted|p2a: Alomomola
|-damage|p2a: Alomomola|52/100
|
|upkeep
|turn|39
|
|t:|1757870552
|move|p2a: Alomomola|Flip Turn|p1a: Moltres
|-supereffective|p1a: Moltres
|-damage|p1a: Moltres|72/100 par
|
|t:|1757870564
|switch|p2a: Gholdengo|Gholdengo|94/100|[from] Flip Turn
|-damage|p2a: Gholdengo|88/100|[from] Stealth Rock
|cant|p1a: Moltres|par
|
|upkeep
|turn|40
|
|t:|1757870571
|switch|p2a: Alomomola|Alomomola, F|85/100
|-damage|p2a: Alomomola|73/100|[from] Stealth Rock
|cant|p1a: Moltres|par
|
|upkeep
|turn|41
|
|t:|1757870576
|move|p2a: Alomomola|Flip Turn|p1a: Moltres
|-supereffective|p1a: Moltres
|-damage|p1a: Moltres|45/100 par
|
|t:|1757870585
|switch|p2a: Zapdos|Zapdos|45/100 brn|[from] Flip Turn
|move|p1a: Moltres|Roost|p1a: Moltres
|-heal|p1a: Moltres|95/100 par
|-singleturn|p1a: Moltres|move: Roost
|
|-damage|p2a: Zapdos|39/100 brn|[from] brn
|upkeep
|turn|42
|
|t:|1757870589
|move|p2a: Zapdos|Roost|p2a: Zapdos
|-heal|p2a: Zapdos|89/100 brn
|-singleturn|p2a: Zapdos|move: Roost
|move|p1a: Moltres|U-turn|p2a: Zapdos
|-damage|p2a: Zapdos|78/100 brn
|inactive|Bloody alfa has 180 seconds left.
|
|t:|1757870621
|switch|p1a: Iron Valiant|Iron Valiant|57/100|[from] U-turn
|-damage|p1a: Iron Valiant|51/100|[from] Stealth Rock
|
|-damage|p2a: Zapdos|72/100 brn|[from] brn
|upkeep
|turn|43
|inactive|Bloody alfa has 150 seconds left.
|inactive|dorapult has 180 seconds left.
|
|t:|1757870637
|switch|p2a: Gholdengo|Gholdengo|88/100
|-damage|p2a: Gholdengo|82/100|[from] Stealth Rock
|move|p1a: Iron Valiant|Moonblast|p2a: Gholdengo
|-resisted|p2a: Gholdengo
|-damage|p2a: Gholdengo|45/100
|
|upkeep
|turn|44
|inactive|Bloody alfa has 150 seconds left.
|
|t:|1757870655
|-end|p1a: Iron Valiant|Quark Drive|[silent]
|switch|p1a: Excadrill|Excadrill, F|94/100
|-damage|p1a: Excadrill|91/100|[from] Stealth Rock
|-item|p1a: Excadrill|Air Balloon
|move|p2a: Gholdengo|Recover|p2a: Gholdengo
|-heal|p2a: Gholdengo|95/100
|
|upkeep
|turn|45
|inactive|Bloody alfa has 150 seconds left.
|
|t:|1757870669
|switch|p2a: Alomomola|Alomomola, F|100/100
|-damage|p2a: Alomomola|88/100|[from] Stealth Rock
|move|p1a: Excadrill|Rapid Spin|p2a: Alomomola
|-damage|p2a: Alomomola|74/100
|-boost|p1a: Excadrill|spe|1
|-sideend|p1: Bloody alfa|Stealth Rock|[from] move: Rapid Spin|[of] p1a: Excadrill
|
|upkeep
|turn|46
|inactive|Bloody alfa has 150 seconds left.
|
|t:|1757870674
|switch|p1a: Alomomola|Alomomola, M, tera:Dark|76/100
|move|p2a: Alomomola|Flip Turn|p1a: Alomomola
|-damage|p1a: Alomomola|67/100
|
|t:|1757870681
|switch|p2a: Zamazenta|Zamazenta|41/100|[from] Flip Turn
|
|upkeep
|turn|47
|
|t:|1757870691
|switch|p2a: Darkrai|Darkrai|42/100
|-damage|p2a: Darkrai|29/100|[from] Stealth Rock
|move|p1a: Alomomola|Protect||[still]
|-fail|p1a: Alomomola
|
|upkeep
|turn|48
|
|t:|1757870697
|move|p1a: Alomomola|Protect|p1a: Alomomola
|-singleturn|p1a: Alomomola|Protect
|move|p2a: Darkrai|Focus Blast|p1a: Alomomola
|-activate|p1a: Alomomola|move: Protect
|
|upkeep
|turn|49
|inactive|Bloody alfa has 180 seconds left.
|inactive|dorapult has 210 seconds left.
|
|t:|1757870713
|switch|p2a: Zapdos|Zapdos|72/100 brn
|switch|p1a: Moltres|Moltres|95/100 par
|
|-damage|p2a: Zapdos|66/100 brn|[from] brn
|upkeep
|turn|50
|
|t:|1757870720
|switch|p1a: Alomomola|Alomomola, M, tera:Dark|99/100
|move|p2a: Zapdos|Volt Switch|p1a: Alomomola
|-crit|p1a: Alomomola
|-damage|p1a: Alomomola|49/100
|
|t:|1757870723
|switch|p2a: Gholdengo|Gholdengo|95/100|[from] Volt Switch
|-damage|p2a: Gholdengo|89/100|[from] Stealth Rock
|
|upkeep
|turn|51
|inactive|dorapult has 210 seconds left.
|
|t:|1757870747
|switch|p2a: Darkrai|Darkrai|29/100
|-damage|p2a: Darkrai|17/100|[from] Stealth Rock
|switch|p1a: Moltres|Moltres|95/100 par
|
|upkeep
|turn|52
|
|t:|1757870761
|switch|p1a: Tyranitar|Tyranitar, F|49/100
|-weather|Sandstorm|[from] ability: Sand Stream|[of] p1a: Tyranitar
|move|p2a: Darkrai|Dark Pulse|p1a: Tyranitar
|-resisted|p1a: Tyranitar
|-damage|p1a: Tyranitar|29/100
|
|-weather|Sandstorm|[upkeep]
|-damage|p2a: Darkrai|11/100|[from] Sandstorm
|upkeep
|turn|53
|inactive|Bloody alfa has 180 seconds left.
|
|t:|1757870786
|switch|p1a: Iron Valiant|Iron Valiant|51/100
|move|p2a: Darkrai|Dark Pulse|p1a: Iron Valiant
|-resisted|p1a: Iron Valiant
|-damage|p1a: Iron Valiant|16/100
|
|-weather|Sandstorm|[upkeep]
|-damage|p2a: Darkrai|5/100|[from] Sandstorm
|-damage|p1a: Iron Valiant|10/100|[from] Sandstorm
|upkeep
|turn|54
|
|t:|1757870804
|-end|p1a: Iron Valiant|Quark Drive|[silent]
|switch|p1a: Alomomola|Alomomola, M, tera:Dark|82/100
|move|p2a: Darkrai|Dark Pulse|p1a: Alomomola
|-resisted|p1a: Alomomola
|-crit|p1a: Alomomola
|-damage|p1a: Alomomola|24/100
|
|-weather|Sandstorm|[upkeep]
|-damage|p2a: Darkrai|0 fnt|[from] Sandstorm
|-damage|p1a: Alomomola|18/100|[from] Sandstorm
|faint|p2a: Darkrai
|upkeep
|inactive|dorapult has 210 seconds left.
|
|t:|1757870832
|switch|p2a: Zapdos|Zapdos|66/100 brn
|turn|55
|inactive|Bloody alfa has 180 seconds left.
|
|t:|1757870860
|switch|p1a: Tyranitar|Tyranitar, F|29/100
|move|p2a: Zapdos|Volt Switch|p1a: Tyranitar
|-damage|p1a: Tyranitar|8/100
|
|t:|1757870869
|switch|p2a: Alomomola|Alomomola, F|100/100|[from] Volt Switch
|-damage|p2a: Alomomola|88/100|[from] Stealth Rock
|
|-weather|Sandstorm|[upkeep]
|-damage|p2a: Alomomola|82/100|[from] Sandstorm
|upkeep
|turn|56
|inactive|Bloody alfa has 180 seconds left.
|
|t:|1757870908
|switch|p1a: Alomomola|Alomomola, M, tera:Dark|51/100
|move|p2a: Alomomola|Flip Turn|p1a: Alomomola
|-damage|p1a: Alomomola|43/100
|
|t:|1757870911
|switch|p2a: Zapdos|Zapdos|66/100 brn|[from] Flip Turn
|
|-weather|none
|-damage|p2a: Zapdos|59/100 brn|[from] brn
|upkeep
|turn|57
|inactive|Bloody alfa has 150 seconds left.
|
|t:|1757870963
|switch|p1a: Excadrill|Excadrill, F|91/100
|-item|p1a: Excadrill|Air Balloon
|move|p2a: Zapdos|Roost|p2a: Zapdos
|-heal|p2a: Zapdos|100/100 brn
|-singleturn|p2a: Zapdos|move: Roost
|
|-damage|p2a: Zapdos|94/100 brn|[from] brn
|upkeep
|turn|58
|inactive|dorapult has 210 seconds left.
|
|t:|1757870981
|switch|p1a: Alomomola|Alomomola, M, tera:Dark|76/100
|switch|p2a: Alomomola|Alomomola, F|100/100
|-damage|p2a: Alomomola|88/100|[from] Stealth Rock
|
|upkeep
|turn|59
|
|t:|1757870985
|move|p2a: Alomomola|Flip Turn|p1a: Alomomola
|-damage|p1a: Alomomola|68/100
|
|t:|1757870989
|switch|p2a: Gholdengo|Gholdengo|89/100|[from] Flip Turn
|-damage|p2a: Gholdengo|83/100|[from] Stealth Rock
|move|p1a: Alomomola|Wish|p1a: Alomomola
|
|upkeep
|turn|60
|inactive|Bloody alfa has 150 seconds left.
|
|t:|1757871015
|move|p2a: Gholdengo|Nasty Plot|p2a: Gholdengo
|-boost|p2a: Gholdengo|spa|2
|move|p1a: Alomomola|Flip Turn|p2a: Gholdengo
|-damage|p2a: Gholdengo|73/100
|inactive|Bloody alfa has 120 seconds left.
|
|t:|1757871060
|switch|p1a: Tyranitar|Tyranitar, F|8/100|[from] Flip Turn
|-weather|Sandstorm|[from] ability: Sand Stream|[of] p1a: Tyranitar
|
|-weather|Sandstorm|[upkeep]
|-heal|p1a: Tyranitar|86/100|[from] move: Wish|[wisher] Alomomola
|upkeep
|turn|61
|
|t:|1757871074
|move|p1a: Tyranitar|Knock Off|p2a: Gholdengo
|-supereffective|p2a: Gholdengo
|-damage|p2a: Gholdengo|7/100
|-enditem|p2a: Gholdengo|Covert Cloak|[from] move: Knock Off|[of] p1a: Tyranitar
|move|p2a: Gholdengo|Focus Blast|p1a: Tyranitar|[miss]
|-miss|p2a: Gholdengo|p1a: Tyranitar
|
|-weather|Sandstorm|[upkeep]
|upkeep
|turn|62
|
|t:|1757871087
|switch|p2a: Alomomola|Alomomola, F|100/100
|-damage|p2a: Alomomola|88/100|[from] Stealth Rock
|move|p1a: Tyranitar|Knock Off|p2a: Alomomola
|-damage|p2a: Alomomola|64/100
|
|-weather|Sandstorm|[upkeep]
|-damage|p2a: Alomomola|58/100|[from] Sandstorm
|upkeep
|turn|63
|
|t:|1757871105
|move|p1a: Tyranitar|Knock Off|p2a: Alomomola
|-damage|p2a: Alomomola|37/100
|move|p2a: Alomomola|Flip Turn|p1a: Tyranitar
|-supereffective|p1a: Tyranitar
|-damage|p1a: Tyranitar|56/100
|
|t:|1757871113
|switch|p2a: Zamazenta|Zamazenta|41/100|[from] Flip Turn
|
|-weather|Sandstorm|[upkeep]
|-damage|p2a: Zamazenta|35/100|[from] Sandstorm
|upkeep
|turn|64
|
|t:|1757871119
|switch|p2a: Gholdengo|Gholdengo|7/100
|-damage|p2a: Gholdengo|1/100|[from] Stealth Rock
|switch|p1a: Sinistcha|Sinistcha|94/100
|
|-weather|none
|upkeep
|turn|65
|inactive|Bloody alfa has 120 seconds left.
|inactive|dorapult has 240 seconds left.
|
|t:|1757871138
|move|p2a: Gholdengo|Recover|p2a: Gholdengo
|-heal|p2a: Gholdengo|51/100
|move|p1a: Sinistcha|Shadow Ball|p2a: Gholdengo
|-supereffective|p2a: Gholdengo
|-crit|p2a: Gholdengo
|-damage|p2a: Gholdengo|0 fnt
|faint|p2a: Gholdengo
|
|upkeep
|
|t:|1757871142
|switch|p2a: Zapdos|Zapdos|94/100 brn
|turn|66
|inactive|Bloody alfa has 120 seconds left.
|
|t:|1757871149
|switch|p1a: Alomomola|Alomomola, M, tera:Dark|100/100
|move|p2a: Zapdos|Hurricane|p1a: Alomomola
|-damage|p1a: Alomomola|46/100
|
|-damage|p2a: Zapdos|88/100 brn|[from] brn
|upkeep
|turn|67
|
|t:|1757871153
|move|p1a: Alomomola|Protect|p1a: Alomomola
|-singleturn|p1a: Alomomola|Protect
|move|p2a: Zapdos|Hurricane|p1a: Alomomola
|-activate|p1a: Alomomola|move: Protect
|
|-damage|p2a: Zapdos|82/100 brn|[from] brn
|upkeep
|turn|68
|
|t:|1757871157
|switch|p1a: Tyranitar|Tyranitar, F|56/100
|-weather|Sandstorm|[from] ability: Sand Stream|[of] p1a: Tyranitar
|move|p2a: Zapdos|Volt Switch|p1a: Tyranitar
|-damage|p1a: Tyranitar|35/100
|
|t:|1757871160
|switch|p2a: Alomomola|Alomomola, F|70/100|[from] Volt Switch
|-damage|p2a: Alomomola|57/100|[from] Stealth Rock
|
|-weather|Sandstorm|[upkeep]
|-damage|p2a: Alomomola|51/100|[from] Sandstorm
|upkeep
|turn|69
|
|t:|1757871162
|switch|p1a: Alomomola|Alomomola, M, tera:Dark|80/100
|move|p2a: Alomomola|Flip Turn|p1a: Alomomola
|-damage|p1a: Alomomola|71/100
|
|t:|1757871164
|switch|p2a: Zapdos|Zapdos|82/100 brn|[from] Flip Turn
|
|-weather|Sandstorm|[upkeep]
|-damage|p2a: Zapdos|75/100 brn|[from] Sandstorm
|-damage|p1a: Alomomola|65/100|[from] Sandstorm
|-damage|p2a: Zapdos|69/100 brn|[from] brn
|upkeep
|turn|70
|
|t:|1757871168
|move|p2a: Zapdos|Hurricane|p1a: Alomomola
|-damage|p1a: Alomomola|10/100
|move|p1a: Alomomola|Flip Turn|p2a: Zapdos
|-damage|p2a: Zapdos|58/100 brn
|
|t:|1757871174
|switch|p1a: Excadrill|Excadrill, F|91/100|[from] Flip Turn
|-item|p1a: Excadrill|Air Balloon
|
|-weather|Sandstorm|[upkeep]
|-damage|p2a: Zapdos|52/100 brn|[from] Sandstorm
|-damage|p2a: Zapdos|46/100 brn|[from] brn
|upkeep
|turn|71
|
|t:|1757871181
|switch|p2a: Alomomola|Alomomola, F|85/100
|-damage|p2a: Alomomola|72/100|[from] Stealth Rock
|move|p1a: Excadrill|Swords Dance|p1a: Excadrill
|-boost|p1a: Excadrill|atk|2
|
|-weather|Sandstorm|[upkeep]
|-damage|p2a: Alomomola|66/100|[from] Sandstorm
|upkeep
|turn|72
|inactive|Bloody alfa has 180 seconds left.
|
|t:|1757871199
|move|p1a: Excadrill|Earthquake|p2a: Alomomola
|-damage|p2a: Alomomola|0 fnt
|faint|p2a: Alomomola
|
|-weather|none
|upkeep
|
|t:|1757871201
|switch|p2a: Zamazenta|Zamazenta|35/100
|turn|73
|
|t:|1757871209
|switch|p1a: Moltres|Moltres|95/100 par
|move|p2a: Zamazenta|Close Combat|p1a: Moltres
|-resisted|p1a: Moltres
|-damage|p1a: Moltres|70/100 par
|-unboost|p2a: Zamazenta|def|1
|-unboost|p2a: Zamazenta|spd|1
|
|upkeep
|turn|74
|-message|dorapult forfeited.
|
|win|Bloody alfa
