|j|☆Sin IU 雨
|j|☆Made in BraziL
|t:|1757941374
|gametype|singles
|player|p1|Sin IU 雨|170|1364
|player|p2|Made in BraziL|gentleman|1304
|gen|9
|tier|[Gen 9] OU
|rated|
|rule|HP Percentage Mod: HP is shown in percentages
|rule|Endless Battle Clause: Forcing endless battles is banned
|rule|Species Clause: Limit one of each Pokémon
|rule|OHKO Clause: OHKO moves are banned
|rule|Evasion Items Clause: Evasion items are banned
|rule|Evasion Moves Clause: Evasion moves are banned
|rule|Evasion Abilities Clause: Evasion abilities are banned
|rule|Sleep Moves Clause: Sleep-inducing moves are banned
|clearpoke
|poke|p1|Gholdengo|
|poke|p1|Zamazenta-*|
|poke|p1|Ting-Lu|
|poke|p1|Clefable, F|
|poke|p1|Dragonite, M|
|poke|p1|Deoxys-Speed|
|poke|p2|Gyarados, M|
|poke|p2|Serperior, F|
|poke|p2|Blissey, F|
|poke|p2|Hippowdon, F|
|poke|p2|Jirachi|
|poke|p2|Garchomp, M|
|teampreview
|inactive|Battle timer is ON: inactive players will automatically lose when time's up. (requested by Made in BraziL)
|
|t:|1757941389
|teamsize|p1|6
|teamsize|p2|6
|start
|switch|p1a: Dude Nasty Asf|Deoxys-Speed|100/100
|switch|p2a: Serperior|Serperior, F|100/100
|-ability|p1a: Dude Nasty Asf|Pressure
|turn|1
|
|t:|1757941399
|move|p1a: Dude Nasty Asf|Ice Beam|p2a: Serperior
|-supereffective|p2a: Serperior
|-damage|p2a: Serperior|41/100
|move|p2a: Serperior|Glare|p1a: Dude Nasty Asf
|-status|p1a: Dude Nasty Asf|par
|
|-heal|p2a: Serperior|47/100|[from] item: Leftovers
|upkeep
|turn|2
|
|t:|1757941414
|move|p2a: Serperior|Knock Off|p1a: Dude Nasty Asf
|-supereffective|p1a: Dude Nasty Asf
|-damage|p1a: Dude Nasty Asf|54/100 par
|-enditem|p1a: Dude Nasty Asf|Heavy-Duty Boots|[from] move: Knock Off|[of] p2a: Serperior
|move|p1a: Dude Nasty Asf|Psycho Boost|p2a: Serperior
|-damage|p2a: Serperior|0 fnt
|-unboost|p1a: Dude Nasty Asf|spa|2
|faint|p2a: Serperior
|
|upkeep
|
|t:|1757941424
|switch|p2a: Hippowdon|Hippowdon, F|100/100
|-weather|Sandstorm|[from] ability: Sand Stream|[of] p2a: Hippowdon
|turn|3
|
|t:|1757941434
|switch|p1a: Up Bowl On Em|Ting-Lu|100/100
|-ability|p1a: Up Bowl On Em|Vessel of Ruin
|move|p2a: Hippowdon|Stealth Rock|p1a: Up Bowl On Em
|-sidestart|p1: Sin IU 雨|move: Stealth Rock
|
|-weather|Sandstorm|[upkeep]
|upkeep
|turn|4
|
|t:|1757941441
|move|p2a: Hippowdon|Body Slam|p1a: Up Bowl On Em
|-damage|p1a: Up Bowl On Em|89/100
|-status|p1a: Up Bowl On Em|par
|move|p1a: Up Bowl On Em|Spikes|p2a: Hippowdon
|-sidestart|p2: Made in BraziL|Spikes
|
|-weather|Sandstorm|[upkeep]
|-heal|p1a: Up Bowl On Em|95/100 par|[from] item: Leftovers
|upkeep
|turn|5
|
|t:|1757941450
|switch|p2a: UtGyarados|Gyarados, M, shiny|100/100
|move|p1a: Up Bowl On Em|Ruination|p2a: UtGyarados
|-damage|p2a: UtGyarados|51/100
|
|-weather|Sandstorm|[upkeep]
|-damage|p2a: UtGyarados|45/100|[from] Sandstorm
|-heal|p2a: UtGyarados|51/100|[from] item: Leftovers
|-heal|p1a: Up Bowl On Em|100/100 par|[from] item: Leftovers
|upkeep
|turn|6
|
|t:|1757941463
|switch|p1a: Moonrock 350|Clefable, F|100/100
|move|p2a: UtGyarados|Waterfall|p1a: Moonrock 350
|-damage|p1a: Moonrock 350|69/100
|-damage|p2a: UtGyarados|34/100|[from] item: Rocky Helmet|[of] p1a: Moonrock 350
|
|-weather|Sandstorm|[upkeep]
|-damage|p2a: UtGyarados|28/100|[from] Sandstorm
|-heal|p2a: UtGyarados|34/100|[from] item: Leftovers
|upkeep
|turn|7
|
|t:|1757941486
|-terastallize|p2a: UtGyarados|Ground
|move|p2a: UtGyarados|Dragon Dance|p2a: UtGyarados
|-boost|p2a: UtGyarados|atk|1
|-boost|p2a: UtGyarados|spe|1
|move|p1a: Moonrock 350|Moonlight|p1a: Moonrock 350
|-heal|p1a: Moonrock 350|94/100
|
|-weather|Sandstorm|[upkeep]
|-heal|p2a: UtGyarados|40/100|[from] item: Leftovers
|upkeep
|turn|8
|
|t:|1757941495
|move|p2a: UtGyarados|Earthquake|p1a: Moonrock 350
|-damage|p1a: Moonrock 350|38/100
|move|p1a: Moonrock 350|Moonblast|p2a: UtGyarados
|-damage|p2a: UtGyarados|7/100
|
|-weather|Sandstorm|[upkeep]
|-heal|p2a: UtGyarados|13/100|[from] item: Leftovers
|upkeep
|turn|9
|
|t:|1757941508
|switch|p1a: Secret Service|Dragonite, M|100/100
|move|p2a: UtGyarados|Stone Edge|p1a: Secret Service
|-supereffective|p1a: Secret Service
|-damage|p1a: Secret Service|51/100
|
|-weather|Sandstorm|[upkeep]
|-damage|p1a: Secret Service|45/100|[from] Sandstorm
|-heal|p2a: UtGyarados|19/100|[from] item: Leftovers
|upkeep
|turn|10
|
|t:|1757941519
|move|p1a: Secret Service|Extreme Speed|p2a: UtGyarados
|-damage|p2a: UtGyarados|0 fnt
|faint|p2a: UtGyarados
|
|-weather|none
|upkeep
|
|t:|1757941525
|switch|p2a: Hippowdon|Hippowdon, F|100/100
|-damage|p2a: Hippowdon|88/100|[from] Spikes
|-weather|Sandstorm|[from] ability: Sand Stream|[of] p2a: Hippowdon
|turn|11
|
|t:|1757941531
|move|p1a: Secret Service|Roost|p1a: Secret Service
|-heal|p1a: Secret Service|96/100
|-singleturn|p1a: Secret Service|move: Roost
|move|p2a: Hippowdon|Body Slam|p1a: Secret Service
|-damage|p1a: Secret Service|75/100
|-status|p1a: Secret Service|par
|
|-weather|Sandstorm|[upkeep]
|-damage|p1a: Secret Service|69/100 par|[from] Sandstorm
|upkeep
|turn|12
|
|t:|1757941541
|move|p2a: Hippowdon|Roar|p1a: Secret Service
|drag|p1a: Up Bowl On Em|Ting-Lu|100/100 par
|-damage|p1a: Up Bowl On Em|94/100 par|[from] Stealth Rock
|-ability|p1a: Up Bowl On Em|Vessel of Ruin
|
|-weather|Sandstorm|[upkeep]
|-heal|p1a: Up Bowl On Em|100/100 par|[from] item: Leftovers
|upkeep
|turn|13
|
|t:|1757941549
|move|p1a: Up Bowl On Em|Spikes|p2a: Hippowdon
|-sidestart|p2: Made in BraziL|Spikes
|move|p2a: Hippowdon|Roar|p1a: Up Bowl On Em
|drag|p1a: Djengo Unrained|Gholdengo|100/100
|
|-weather|Sandstorm|[upkeep]
|upkeep
|turn|14
|
|t:|1757941556
|switch|p1a: Moonrock 350|Clefable, F|38/100
|switch|p2a: Garchomp|Garchomp, M|100/100
|-damage|p2a: Garchomp|84/100|[from] Spikes
|
|-weather|Sandstorm|[upkeep]
|upkeep
|turn|15
|
|t:|1757941563
|switch|p2a: Jirachi|Jirachi|100/100
|-damage|p2a: Jirachi|84/100|[from] Spikes
|move|p1a: Moonrock 350|Moonlight|p1a: Moonrock 350
|-heal|p1a: Moonrock 350|63/100
|
|-weather|Sandstorm|[upkeep]
|-heal|p2a: Jirachi|90/100|[from] item: Leftovers
|upkeep
|turn|16
|
|t:|1757941574
|switch|p1a: Djengo Unrained|Gholdengo|100/100
|move|p2a: Jirachi|Body Slam|p1a: Djengo Unrained
|-immune|p1a: Djengo Unrained
|
|-weather|Sandstorm|[upkeep]
|-heal|p2a: Jirachi|96/100|[from] item: Leftovers
|upkeep
|turn|17
|
|t:|1757941581
|move|p2a: Jirachi|Iron Head|p1a: Djengo Unrained
|-resisted|p1a: Djengo Unrained
|-damage|p1a: Djengo Unrained|91/100
|move|p1a: Djengo Unrained|Shadow Ball|p2a: Jirachi
|-supereffective|p2a: Jirachi
|-damage|p2a: Jirachi|35/100
|
|-weather|Sandstorm|[upkeep]
|-heal|p2a: Jirachi|42/100|[from] item: Leftovers
|upkeep
|turn|18
|
|t:|1757941589
|move|p2a: Jirachi|Iron Head|p1a: Djengo Unrained
|-resisted|p1a: Djengo Unrained
|-damage|p1a: Djengo Unrained|82/100
|cant|p1a: Djengo Unrained|flinch
|
|-weather|none
|-heal|p2a: Jirachi|48/100|[from] item: Leftovers
|upkeep
|turn|19
|
|t:|1757941597
|switch|p2a: Hippowdon|Hippowdon, F|88/100
|-damage|p2a: Hippowdon|71/100|[from] Spikes
|-weather|Sandstorm|[from] ability: Sand Stream|[of] p2a: Hippowdon
|move|p1a: Djengo Unrained|Shadow Ball|p2a: Hippowdon
|-damage|p2a: Hippowdon|42/100
|-unboost|p2a: Hippowdon|spd|1
|
|-weather|Sandstorm|[upkeep]
|upkeep
|turn|20
|
|t:|1757941614
|move|p1a: Djengo Unrained|Nasty Plot|p1a: Djengo Unrained
|-boost|p1a: Djengo Unrained|spa|2
|move|p2a: Hippowdon|Slack Off|p2a: Hippowdon
|-heal|p2a: Hippowdon|92/100
|
|-weather|Sandstorm|[upkeep]
|upkeep
|turn|21
|
|t:|1757941622
|switch|p2a: Blissey|Blissey, F|100/100
|-damage|p2a: Blissey|84/100|[from] Spikes
|move|p1a: Djengo Unrained|Make It Rain|p2a: Blissey
|-damage|p2a: Blissey|47/100
|-unboost|p1a: Djengo Unrained|spa|1
|
|-weather|Sandstorm|[upkeep]
|-damage|p2a: Blissey|41/100|[from] Sandstorm
|-heal|p2a: Blissey|47/100|[from] item: Leftovers
|upkeep
|turn|22
|
|t:|1757941638
|move|p1a: Djengo Unrained|Nasty Plot|p1a: Djengo Unrained
|-boost|p1a: Djengo Unrained|spa|2
|move|p2a: Blissey|Ice Beam|p1a: Djengo Unrained
|-resisted|p1a: Djengo Unrained
|-damage|p1a: Djengo Unrained|75/100
|
|-weather|Sandstorm|[upkeep]
|-damage|p2a: Blissey|41/100|[from] Sandstorm
|-heal|p2a: Blissey|47/100|[from] item: Leftovers
|upkeep
|turn|23
|
|t:|1757941648
|move|p1a: Djengo Unrained|Make It Rain|p2a: Blissey
|-damage|p2a: Blissey|0 fnt
|-unboost|p1a: Djengo Unrained|spa|1
|faint|p2a: Blissey
|
|-weather|Sandstorm|[upkeep]
|upkeep
|
|t:|1757941655
|switch|p2a: Garchomp|Garchomp, M|84/100
|-damage|p2a: Garchomp|67/100|[from] Spikes
|turn|24
|
|t:|1757941662
|switch|p1a: Moonrock 350|Clefable, F|63/100
|move|p2a: Garchomp|Earthquake|p1a: Moonrock 350
|-damage|p1a: Moonrock 350|26/100
|
|-weather|Sandstorm|[upkeep]
|upkeep
|turn|25
|
|t:|1757941670
|move|p2a: Garchomp|Earthquake|p1a: Moonrock 350
|-damage|p1a: Moonrock 350|0 fnt
|faint|p1a: Moonrock 350
|
|-weather|Sandstorm|[upkeep]
|upkeep
|
|t:|1757941674
|switch|p1a: CClifford|Zamazenta|100/100
|-ability|p1a: CClifford|Dauntless Shield|boost
|-boost|p1a: CClifford|def|1
|turn|26
|
|t:|1757941681
|switch|p2a: Hippowdon|Hippowdon, F|92/100
|-damage|p2a: Hippowdon|75/100|[from] Spikes
|move|p1a: CClifford|Ice Fang|p2a: Hippowdon
|-supereffective|p2a: Hippowdon
|-damage|p2a: Hippowdon|50/100
|
|-weather|none
|upkeep
|turn|27
|
|t:|1757941697
|move|p1a: CClifford|Close Combat|p2a: Hippowdon
|-damage|p2a: Hippowdon|12/100
|-unboost|p1a: CClifford|def|1
|-unboost|p1a: CClifford|spd|1
|move|p2a: Hippowdon|Body Slam|p1a: CClifford
|-damage|p1a: CClifford|81/100
|
|upkeep
|turn|28
|
|t:|1757941705
|move|p1a: CClifford|Close Combat|p2a: Hippowdon
|-damage|p2a: Hippowdon|0 fnt
|-unboost|p1a: CClifford|def|1
|-unboost|p1a: CClifford|spd|1
|faint|p2a: Hippowdon
|
|upkeep
|
|t:|1757941711
|switch|p2a: Jirachi|Jirachi|48/100
|-damage|p2a: Jirachi|31/100|[from] Spikes
|turn|29
|
|t:|1757941716
|move|p1a: CClifford|Close Combat|p2a: Jirachi
|-damage|p2a: Jirachi|0 fnt
|-unboost|p1a: CClifford|def|1
|-unboost|p1a: CClifford|spd|1
|faint|p2a: Jirachi
|
|upkeep
|
|t:|1757941722
|switch|p2a: Garchomp|Garchomp, M|67/100
|-damage|p2a: Garchomp|51/100|[from] Spikes
|turn|30
|
|t:|1757941726
|move|p1a: CClifford|Close Combat|p2a: Garchomp
|-crit|p2a: Garchomp
|-damage|p2a: Garchomp|0 fnt
|-unboost|p1a: CClifford|def|1
|-unboost|p1a: CClifford|spd|1
|-damage|p1a: CClifford|69/100|[from] ability: Rough Skin|[of] p2a: Garchomp
|faint|p2a: Garchomp
|
|win|Sin IU 雨
|raw|Sin IU 雨's rating: 1364 &rarr; <strong>1381</strong><br />(+17 for winning)
|raw|Made in BraziL's rating: 1304 &rarr; <strong>1287</strong><br />(-17 for losing)
|l|☆Made in BraziL
|player|p2|
|l|☆Sin IU 雨
|player|p1|
