|j|☆TNT13
|j|‽shgfx10
|t:|1757828553
|gametype|singles
|player|p1|TNT13|169|1223
|player|p2|shgfx10|bugcatcher-gen4dp|1262
|gen|9
|tier|[Gen 9] OU
|rated|
|rule|HP Percentage Mod: HP is shown in percentages
|rule|Endless Battle Clause: Forcing endless battles is banned
|rule|Species Clause: Limit one of each Pokémon
|rule|OHKO Clause: OHKO moves are banned
|rule|Evasion Items Clause: Evasion items are banned
|rule|Evasion Moves Clause: Evasion moves are banned
|rule|Evasion Abilities Clause: Evasion abilities are banned
|rule|Sleep Moves Clause: Sleep-inducing moves are banned
|clearpoke
|poke|p1|Ceruledge, M|
|poke|p1|Floatzel, F|
|poke|p1|Garchomp, F|
|poke|p1|Vileplume, M|
|poke|p1|Muk, F|
|poke|p1|Cryogonal|
|poke|p2|Ogerpon-Wellspring, F|
|poke|p2|Slowking-Galar, F|
|poke|p2|Dragapult, F|
|poke|p2|Great Tusk|
|poke|p2|Kingambit, M|
|poke|p2|Enamorus, F|
|teampreview
|
|t:|1757828594
|teamsize|p1|6
|teamsize|p2|6
|start
|switch|p1a: Vileplume|Vileplume, M|100/100
|switch|p2a: Great Tusk|Great Tusk|100/100
|turn|1
|
|t:|1757828600
|move|p2a: Great Tusk|Stealth Rock|p1a: Vileplume
|-sidestart|p1: TNT13|move: Stealth Rock
|move|p1a: Vileplume|Giga Drain|p2a: Great Tusk
|-supereffective|p2a: Great Tusk
|-damage|p2a: Great Tusk|3/100
|
|upkeep
|turn|2
|
|t:|1757828606
|-end|p2a: Great Tusk|Protosynthesis|[silent]
|switch|p2a: Slowking|Slowking-Galar, F|100/100
|move|p1a: Vileplume|Strength Sap|p2a: Slowking
|-unboost|p2a: Slowking|atk|1
|
|upkeep
|turn|3
|
|t:|1757828622
|move|p1a: Vileplume|Giga Drain|p2a: Slowking
|-resisted|p2a: Slowking
|-damage|p2a: Slowking|85/100
|move|p2a: Slowking|Future Sight|p1a: Vileplume
|-start|p2a: Slowking|move: Future Sight
|
|-heal|p2a: Slowking|91/100|[from] item: Leftovers
|upkeep
|turn|4
|
|t:|1757828631
|move|p1a: Vileplume|Giga Drain|p2a: Slowking
|-resisted|p2a: Slowking
|-damage|p2a: Slowking|76/100
|-prepare|p2a: Slowking|Chilly Reception|[premajor]
|move|p2a: Slowking|Chilly Reception|p2a: Slowking
|-weather|Snowscape
|
|t:|1757828637
|switch|p2a: Kingambit|Kingambit, M|100/100|[from] Chilly Reception
|-item|p2a: Kingambit|Air Balloon
|
|-weather|Snowscape|[upkeep]
|upkeep
|turn|5
|
|t:|1757828643
|move|p1a: Vileplume|Strength Sap|p2a: Kingambit
|-unboost|p2a: Kingambit|atk|1
|move|p2a: Kingambit|Swords Dance|p2a: Kingambit
|-boost|p2a: Kingambit|atk|2
|
|-weather|Snowscape|[upkeep]
|-end|p1a: Vileplume|move: Future Sight
|-supereffective|p1a: Vileplume
|-damage|p1a: Vileplume|0 fnt
|faint|p1a: Vileplume
|upkeep
|
|t:|1757828656
|switch|p1a: Garchomp|Garchomp, F|100/100
|-damage|p1a: Garchomp|94/100|[from] Stealth Rock
|turn|6
|
|t:|1757828662
|move|p2a: Kingambit|Iron Head|p1a: Garchomp
|-damage|p1a: Garchomp|53/100
|-damage|p2a: Kingambit|88/100|[from] ability: Rough Skin|[of] p1a: Garchomp
|-damage|p2a: Kingambit|72/100|[from] item: Rocky Helmet|[of] p1a: Garchomp
|move|p1a: Garchomp|Dragon Tail|p2a: Kingambit
|-resisted|p2a: Kingambit
|-damage|p2a: Kingambit|63/100
|-enditem|p2a: Kingambit|Air Balloon
|-end|p2a: Kingambit|fallenundefined|[silent]
|drag|p2a: Great Tusk|Great Tusk|3/100
|
|-weather|Snowscape|[upkeep]
|upkeep
|turn|7
|
|t:|1757828674
|move|p1a: Garchomp|Spikes|p2a: Great Tusk
|-sidestart|p2: shgfx10|Spikes
|move|p2a: Great Tusk|Ice Spinner|p1a: Garchomp
|-supereffective|p1a: Garchomp
|-damage|p1a: Garchomp|0 fnt
|-damage|p2a: Great Tusk|0 fnt|[from] ability: Rough Skin|[of] p1a: Garchomp
|faint|p1a: Garchomp
|faint|p2a: Great Tusk
|-end|p2a: Great Tusk|Protosynthesis|[silent]
|
|-weather|Snowscape|[upkeep]
|upkeep
|
|t:|1757828685
|switch|p1a: Muk|Muk, F|100/100
|switch|p2a: Slowking|Slowking-Galar, F|100/100
|-damage|p1a: Muk|88/100|[from] Stealth Rock
|-damage|p2a: Slowking|88/100|[from] Spikes
|turn|8
|
|t:|1757828693
|move|p1a: Muk|Knock Off|p2a: Slowking
|-supereffective|p2a: Slowking
|-damage|p2a: Slowking|32/100
|-enditem|p2a: Slowking|Leftovers|[from] move: Knock Off|[of] p1a: Muk
|move|p2a: Slowking|Future Sight|p1a: Muk
|-start|p2a: Slowking|move: Future Sight
|
|-weather|none
|upkeep
|turn|9
|
|t:|1757828700
|switch|p2a: Kingambit|Kingambit, M|63/100
|-damage|p2a: Kingambit|50/100|[from] Spikes
|-activate|p2a: Kingambit|ability: Supreme Overlord
|-start|p2a: Kingambit|fallen1|[silent]
|move|p1a: Muk|Knock Off|p2a: Kingambit
|-resisted|p2a: Kingambit
|-damage|p2a: Kingambit|42/100
|
|upkeep
|turn|10
|
|t:|1757828709
|move|p1a: Muk|Drain Punch|p2a: Kingambit
|-supereffective|p2a: Kingambit
|-damage|p2a: Kingambit|0 fnt
|-heal|p1a: Muk|100/100|[from] drain|[of] p2a: Kingambit
|faint|p2a: Kingambit
|-end|p2a: Kingambit|fallen1|[silent]
|
|-end|p1a: Muk|move: Future Sight
|-supereffective|p1a: Muk
|-damage|p1a: Muk|37/100
|upkeep
|
|t:|1757828713
|switch|p2a: Dragapult|Dragapult, F|100/100
|-damage|p2a: Dragapult|88/100|[from] Spikes
|turn|11
|
|t:|1757828721
|-terastallize|p2a: Dragapult|Water
|move|p2a: Dragapult|Surf|p1a: Muk
|-damage|p1a: Muk|0 fnt
|faint|p1a: Muk
|
|upkeep
|
|t:|1757828727
|switch|p1a: Cryogonal|Cryogonal|100/100
|turn|12
|
|t:|1757828731
|move|p2a: Dragapult|Surf|p1a: Cryogonal
|-damage|p1a: Cryogonal|52/100
|move|p1a: Cryogonal|Freeze-Dry|p2a: Dragapult
|-supereffective|p2a: Dragapult
|-damage|p2a: Dragapult|6/100
|
|upkeep
|turn|13
|
|t:|1757828739
|move|p2a: Dragapult|Surf|p1a: Cryogonal
|-damage|p1a: Cryogonal|3/100
|move|p1a: Cryogonal|Recover|p1a: Cryogonal
|-heal|p1a: Cryogonal|53/100
|
|upkeep
|turn|14
|
|t:|1757828749
|move|p2a: Dragapult|Surf|p1a: Cryogonal
|-damage|p1a: Cryogonal|4/100
|move|p1a: Cryogonal|Rapid Spin|p2a: Dragapult
|-damage|p2a: Dragapult|0 fnt
|-boost|p1a: Cryogonal|spe|1
|-sideend|p1: TNT13|Stealth Rock|[from] move: Rapid Spin|[of] p1a: Cryogonal
|faint|p2a: Dragapult
|
|upkeep
|
|t:|1757828758
|switch|p2a: Slowking|Slowking-Galar, F|65/100
|-damage|p2a: Slowking|53/100|[from] Spikes
|turn|15
|
|t:|1757828763
|move|p1a: Cryogonal|Recover|p1a: Cryogonal
|-heal|p1a: Cryogonal|54/100
|move|p2a: Slowking|Future Sight|p1a: Cryogonal
|-start|p2a: Slowking|move: Future Sight
|
|upkeep
|turn|16
|
|t:|1757828768
|move|p1a: Cryogonal|Recover|p1a: Cryogonal
|-heal|p1a: Cryogonal|100/100
|move|p2a: Slowking|Sludge Bomb|p1a: Cryogonal
|-damage|p1a: Cryogonal|72/100
|
|upkeep
|turn|17
|
|t:|1757828776
|move|p1a: Cryogonal|Freeze-Dry|p2a: Slowking
|-damage|p2a: Slowking|26/100
|move|p2a: Slowking|Sludge Bomb|p1a: Cryogonal
|-damage|p1a: Cryogonal|41/100
|-status|p1a: Cryogonal|psn
|
|-end|p1a: Cryogonal|move: Future Sight
|-damage|p1a: Cryogonal|0 fnt
|faint|p1a: Cryogonal
|upkeep
|
|t:|1757828789
|switch|p1a: Ceruledge|Ceruledge, M|100/100
|turn|18
|inactive|Battle timer is ON: inactive players will automatically lose when time's up. (requested by shgfx10)
|
|t:|1757828794
|move|p1a: Ceruledge|Bulk Up|p1a: Ceruledge
|-boost|p1a: Ceruledge|atk|1
|-boost|p1a: Ceruledge|def|1
|move|p2a: Slowking|Future Sight|p1a: Ceruledge
|-start|p2a: Slowking|move: Future Sight
|
|upkeep
|turn|19
|
|t:|1757828806
|move|p1a: Ceruledge|Bitter Blade|p2a: Slowking
|-damage|p2a: Slowking|0 fnt
|faint|p2a: Slowking
|
|upkeep
|
|t:|1757828809
|switch|p2a: Enamorus|Enamorus, F|100/100
|turn|20
|
|t:|1757828816
|move|p2a: Enamorus|Earth Power|p1a: Ceruledge
|-supereffective|p1a: Ceruledge
|-damage|p1a: Ceruledge|30/100
|move|p1a: Ceruledge|Bitter Blade|p2a: Enamorus
|-damage|p2a: Enamorus|0 fnt
|-heal|p1a: Ceruledge|77/100|[from] drain|[of] p2a: Enamorus
|faint|p2a: Enamorus
|
|-end|p1a: Ceruledge|move: Future Sight
|-damage|p1a: Ceruledge|11/100
|-enditem|p1a: Ceruledge|Salac Berry|[eat]
|-boost|p1a: Ceruledge|spe|1|[from] item: Salac Berry
|upkeep
|
|t:|1757828822
|switch|p2a: Ogerpon|Ogerpon-Wellspring, F|100/100
|-damage|p2a: Ogerpon|88/100|[from] Spikes
|turn|21
|
|t:|1757828834
|-terastallize|p1a: Ceruledge|Grass
|move|p1a: Ceruledge|Bitter Blade|p2a: Ogerpon
|-damage|p2a: Ogerpon|0 fnt
|-heal|p1a: Ceruledge|55/100|[from] drain|[of] p2a: Ogerpon
|faint|p2a: Ogerpon
|
|win|TNT13
|raw|TNT13's rating: 1223 &rarr; <strong>1251</strong><br />(+28 for winning)
|raw|shgfx10's rating: 1262 &rarr; <strong>1234</strong><br />(-28 for losing)
|l|☆TNT13
|player|p1|
