|j|☆Hairoll
|j|☆Jayson_Ubo
|inactive|Battle timer is ON: inactive players will automatically lose when time's up.
|t:|1757888641
|gametype|singles
|player|p1|Hairoll|hilbert-masters|
|player|p2|Jayson_Ubo|hilbert|
|gen|9
|tier|[Gen 9] OU
|rated|Tournament battle
|rule|HP Percentage Mod: HP is shown in percentages
|rule|Endless Battle Clause: Forcing endless battles is banned
|rule|Species Clause: Limit one of each Pokémon
|rule|OHKO Clause: OHKO moves are banned
|rule|Evasion Items Clause: Evasion items are banned
|rule|Evasion Moves Clause: Evasion moves are banned
|rule|Evasion Abilities Clause: Evasion abilities are banned
|rule|Sleep Moves Clause: Sleep-inducing moves are banned
|raw|<div class="infobox"><details class="readmore"><summary><strong>15 custom rules:</strong></summary> -burmy, -caterpie, -combee, -kricketot, -magikarp, -scatterbug, -sunkern, -tynamo, -typenull, -weedle, -wurmple, -cosmog, -blipbug, -snom, -wynaut</details></div>
|clearpoke
|poke|p1|Feraligatr, M|
|poke|p1|Magneton|
|poke|p1|Cinccino, F|
|poke|p1|Magmar, M|
|poke|p2|Blastoise, M|
|poke|p2|Electabuzz, F|
|poke|p2|Rhydon, F|
|poke|p2|Samurott-Hisui, F|
|teampreview
|j|*Lady Monita ☀
|inactive|Jayson_Ubo also wants the timer to be on.
|inactive|Hairoll also wants the timer to be on.
|j| Massi_2909
|l| Massi_2909
|
|t:|1757888659
|teamsize|p1|4
|teamsize|p2|4
|start
|switch|p1a: Cinccino|Cinccino, F|100/100
|switch|p2a: Samurott|Samurott-Hisui, F|100/100
|turn|1
|
|t:|1757888665
|move|p2a: Samurott|Ceaseless Edge|p1a: Cinccino
|-damage|p1a: Cinccino|8/100
|-sidestart|p1: Hairoll|Spikes
|move|p1a: Cinccino|Bullet Seed|p2a: Samurott
|-supereffective|p2a: Samurott
|-damage|p2a: Samurott|76/100
|-supereffective|p2a: Samurott
|-damage|p2a: Samurott|49/100
|-supereffective|p2a: Samurott
|-damage|p2a: Samurott|24/100
|-supereffective|p2a: Samurott
|-damage|p2a: Samurott|0 fnt
|faint|p2a: Samurott
|-hitcount|p2: Samurott|4
|
|upkeep
|
|t:|1757888675
|switch|p2a: Electabuzz|Electabuzz, F|100/100
|turn|2
|
|t:|1757888686
|move|p1a: Cinccino|Triple Axel|p2a: Electabuzz
|-damage|p2a: Electabuzz|92/100
|-status|p1a: Cinccino|par|[from] ability: Static|[of] p2a: Electabuzz
|-damage|p2a: Electabuzz|74/100
|-damage|p2a: Electabuzz|48/100
|-hitcount|p2a: Electabuzz|3
|move|p2a: Electabuzz|Psychic|p1a: Cinccino
|-damage|p1a: Cinccino|0 fnt
|faint|p1a: Cinccino
|
|upkeep
|
|t:|1757888706
|switch|p1a: Magneton|Magneton|100/100
|-damage|p1a: Magneton|88/100|[from] Spikes
|turn|3
|
|t:|1757888712
|move|p2a: Electabuzz|Focus Blast|p1a: Magneton|[miss]
|-miss|p2a: Electabuzz|p1a: Magneton
|move|p1a: Magneton|Flash Cannon|p2a: Electabuzz
|-resisted|p2a: Electabuzz
|-damage|p2a: Electabuzz|27/100
|
|upkeep
|turn|4
|
|t:|1757888716
|switch|p1a: Magmar|Magmar, M|100/100
|-damage|p1a: Magmar|88/100|[from] Spikes
|move|p2a: Electabuzz|Focus Blast|p1a: Magmar
|-damage|p1a: Magmar|38/100
|-unboost|p1a: Magmar|spd|1
|
|upkeep
|turn|5
|
|t:|1757888726
|move|p1a: Magmar|Psychic|p2a: Electabuzz
|-damage|p2a: Electabuzz|5/100
|move|p2a: Electabuzz|Psychic|p1a: Magmar
|-damage|p1a: Magmar|0 fnt
|faint|p1a: Magmar
|
|upkeep
|
|t:|1757888729
|switch|p1a: Feraligatr|Feraligatr, M|100/100
|-damage|p1a: Feraligatr|88/100|[from] Spikes
|turn|6
|
|t:|1757888732
|-terastallize|p1a: Feraligatr|Grass
|move|p1a: Feraligatr|Dragon Dance|p1a: Feraligatr
|-boost|p1a: Feraligatr|atk|1
|-boost|p1a: Feraligatr|spe|1
|move|p2a: Electabuzz|Volt Switch|p1a: Feraligatr
|-resisted|p1a: Feraligatr
|-damage|p1a: Feraligatr|69/100
|
|t:|1757888738
|switch|p2a: Rhydon|Rhydon, F|100/100|[from] Volt Switch
|
|upkeep
|turn|7
|
|t:|1757888747
|-terastallize|p2a: Rhydon|Fairy
|move|p1a: Feraligatr|Liquidation|p2a: Rhydon
|-damage|p2a: Rhydon|48/100
|move|p2a: Rhydon|Megahorn|p1a: Feraligatr|[miss]
|-miss|p2a: Rhydon|p1a: Feraligatr
|
|upkeep
|turn|8
|c|☆Jayson_Ubo|nice work rhydon
|
|t:|1757888755
|move|p1a: Feraligatr|Liquidation|p2a: Rhydon
|-damage|p2a: Rhydon|2/100
|move|p2a: Rhydon|Megahorn|p1a: Feraligatr
|-supereffective|p1a: Feraligatr
|-damage|p1a: Feraligatr|0 fnt
|faint|p1a: Feraligatr
|
|upkeep
|
|t:|1757888760
|switch|p1a: Magneton|Magneton|88/100
|-damage|p1a: Magneton|76/100|[from] Spikes
|turn|9
|
|t:|1757888764
|move|p1a: Magneton|Flash Cannon|p2a: Rhydon
|-supereffective|p2a: Rhydon
|-damage|p2a: Rhydon|0 fnt
|faint|p2a: Rhydon
|
|upkeep
|
|t:|1757888767
|switch|p2a: Electabuzz|Electabuzz, F|5/100
|turn|10
|
|t:|1757888770
|move|p2a: Electabuzz|Focus Blast|p1a: Magneton
|-supereffective|p1a: Magneton
|-damage|p1a: Magneton|5/100
|move|p1a: Magneton|Flash Cannon|p2a: Electabuzz
|-resisted|p2a: Electabuzz
|-damage|p2a: Electabuzz|0 fnt
|faint|p2a: Electabuzz
|
|upkeep
|
|t:|1757888772
|switch|p2a: Blastoise|Blastoise, M|100/100
|turn|11
|
|t:|1757888775
|move|p2a: Blastoise|Ice Beam|p1a: Magneton
|-resisted|p1a: Magneton
|-damage|p1a: Magneton|0 fnt
|faint|p1a: Magneton
|
|win|Jayson_Ubo
|n|☆Hairoll|hairoll
|n|☆Jayson_Ubo|jaysonubo
|n|*Lady Monita ☀|ladymonita
