|j|☆zast3133
|j|☆Drosophila_enjoyer
|t:|1757857990
|gametype|singles
|player|p1|zast3133|nate|1313
|player|p2|Drosophila_enjoyer|rocketgrunt|1407
|gen|9
|tier|[Gen 9] OU
|rated|
|rule|HP Percentage Mod: HP is shown in percentages
|rule|Endless Battle Clause: Forcing endless battles is banned
|rule|Species Clause: Limit one of each Pokémon
|rule|OHKO Clause: OHKO moves are banned
|rule|Evasion Items Clause: Evasion items are banned
|rule|Evasion Moves Clause: Evasion moves are banned
|rule|Evasion Abilities Clause: Evasion abilities are banned
|rule|Sleep Moves Clause: Sleep-inducing moves are banned
|clearpoke
|poke|p1|Raging Bolt|
|poke|p1|Dondozo, M|
|poke|p1|Scizor, M|
|poke|p1|Iron Crown|
|poke|p1|Revavroom, M|
|poke|p1|Clefable, F|
|poke|p2|Breloom, M|
|poke|p2|Bisharp, M|
|poke|p2|Regidrago|
|poke|p2|Maushold-Four|
|poke|p2|Armarouge, F|
|poke|p2|Magnezone|
|teampreview
|inactive|Battle timer is ON: inactive players will automatically lose when time's up. (requested by Drosophila_enjoyer)
|j| Escalante123
|
|t:|1757858014
|teamsize|p1|6
|teamsize|p2|6
|start
|switch|p1a: Revavroom|Revavroom, M, shiny|100/100
|switch|p2a: Magnezone|Magnezone|100/100
|-item|p1a: Revavroom|Air Balloon
|turn|1
|
|t:|1757858023
|move|p1a: Revavroom|Shift Gear|p1a: Revavroom
|-boost|p1a: Revavroom|spe|2
|-boost|p1a: Revavroom|atk|1
|move|p2a: Magnezone|Discharge|p1a: Revavroom
|-damage|p1a: Revavroom|11/100
|-status|p1a: Revavroom|par
|-enditem|p1a: Revavroom|Air Balloon
|
|upkeep
|turn|2
|
|t:|1757858034
|move|p1a: Revavroom|High Horsepower|p2a: Magnezone
|-supereffective|p2a: Magnezone
|-damage|p2a: Magnezone|0 fnt
|faint|p2a: Magnezone
|
|upkeep
|
|t:|1757858037
|switch|p2a: Breloom|Breloom, M|100/100
|turn|3
|
|t:|1757858043
|move|p2a: Breloom|Mach Punch|p1a: Revavroom
|-damage|p1a: Revavroom|0 fnt
|faint|p1a: Revavroom
|
|upkeep
|
|t:|1757858056
|switch|p1a: Scizor|Scizor, M, shiny|100/100
|turn|4
|
|t:|1757858060
|move|p2a: Breloom|Rock Tomb|p1a: Scizor
|-damage|p1a: Scizor|68/100
|-unboost|p1a: Scizor|spe|1
|move|p1a: Scizor|U-turn|p2a: Breloom
|-damage|p2a: Breloom|4/100
|
|t:|1757858069
|switch|p1a: Iron Crown|Iron Crown|100/100|[from] U-turn
|-item|p1a: Iron Crown|Air Balloon
|
|upkeep
|turn|5
|
|t:|1757858085
|move|p2a: Breloom|Mach Punch|p1a: Iron Crown
|-damage|p1a: Iron Crown|70/100
|-enditem|p1a: Iron Crown|Air Balloon
|move|p1a: Iron Crown|Calm Mind|p1a: Iron Crown
|-boost|p1a: Iron Crown|spa|1
|-boost|p1a: Iron Crown|spd|1
|
|upkeep
|turn|6
|
|t:|1757858099
|move|p1a: Iron Crown|Tachyon Cutter|p2a: Breloom
|-damage|p2a: Breloom|0 fnt
|faint|p2a: Breloom
|-hitcount|p2: Breloom|1
|
|upkeep
|
|t:|1757858109
|switch|p2a: Bisharp|Bisharp, M|100/100
|turn|7
|
|t:|1757858112
|move|p1a: Iron Crown|Focus Blast|p2a: Bisharp|[miss]
|-miss|p1a: Iron Crown|p2a: Bisharp
|move|p2a: Bisharp|Iron Head|p1a: Iron Crown
|-resisted|p1a: Iron Crown
|-damage|p1a: Iron Crown|46/100
|
|upkeep
|turn|8
|
|t:|1757858120
|-terastallize|p1a: Iron Crown|Fighting
|move|p2a: Bisharp|Sucker Punch|p1a: Iron Crown
|-resisted|p1a: Iron Crown
|-damage|p1a: Iron Crown|26/100
|move|p1a: Iron Crown|Focus Blast|p2a: Bisharp
|-supereffective|p2a: Bisharp
|-damage|p2a: Bisharp|0 fnt
|faint|p2a: Bisharp
|
|upkeep
|
|t:|1757858125
|switch|p2a: Regidrago|Regidrago|100/100
|turn|9
|
|t:|1757858134
|move|p2a: Regidrago|Dragon Energy|p1a: Iron Crown
|-damage|p1a: Iron Crown|0 fnt
|faint|p1a: Iron Crown
|-end|p1a: Iron Crown|Quark Drive|[silent]
|
|upkeep
|
|t:|1757858139
|switch|p1a: Clefable|Clefable, F, shiny|100/100
|turn|10
|
|t:|1757858144
|switch|p2a: Armarouge|Armarouge, F|100/100
|move|p1a: Clefable|Thunder Wave|p2a: Armarouge
|-status|p2a: Armarouge|par
|
|upkeep
|turn|11
|
|t:|1757858156
|switch|p1a: Dondozo|Dondozo, M, shiny|100/100
|switch|p2a: Maushold|Maushold-Four|100/100
|
|upkeep
|turn|12
|
|t:|1757858163
|switch|p2a: Regidrago|Regidrago|100/100
|move|p1a: Dondozo|Curse|p1a: Dondozo
|-unboost|p1a: Dondozo|spe|1
|-boost|p1a: Dondozo|atk|1
|-boost|p1a: Dondozo|def|1
|
|upkeep
|turn|13
|l| Escalante123
|
|t:|1757858176
|move|p2a: Regidrago|Dragon Energy|p1a: Dondozo
|-damage|p1a: Dondozo|25/100
|move|p1a: Dondozo|Avalanche|p2a: Regidrago
|-supereffective|p2a: Regidrago
|-damage|p2a: Regidrago|0 fnt
|faint|p2a: Regidrago
|
|-heal|p1a: Dondozo|31/100|[from] item: Leftovers
|upkeep
|
|t:|1757858180
|switch|p2a: Maushold|Maushold-Four|100/100
|turn|14
|
|t:|1757858197
|move|p2a: Maushold|Population Bomb|p1a: Dondozo
|-damage|p1a: Dondozo|27/100
|-damage|p1a: Dondozo|23/100
|-damage|p1a: Dondozo|19/100
|-damage|p1a: Dondozo|15/100
|-damage|p1a: Dondozo|12/100
|-damage|p1a: Dondozo|8/100
|-damage|p1a: Dondozo|4/100
|-damage|p1a: Dondozo|0 fnt
|faint|p1a: Dondozo
|-hitcount|p1: Dondozo|8
|
|upkeep
|
|t:|1757858211
|switch|p1a: Scizor|Scizor, M, shiny|68/100
|turn|15
|
|t:|1757858220
|switch|p2a: Armarouge|Armarouge, F|100/100 par
|move|p1a: Scizor|Bullet Punch|p2a: Armarouge
|-resisted|p2a: Armarouge
|-damage|p2a: Armarouge|76/100 par
|-ability|p2a: Armarouge|Weak Armor|boost
|-unboost|p2a: Armarouge|def|1
|-boost|p2a: Armarouge|spe|2
|
|upkeep
|turn|16
|
|t:|1757858230
|switch|p1a: Clefable|Clefable, F, shiny|100/100
|move|p2a: Armarouge|Armor Cannon|p1a: Clefable
|-damage|p1a: Clefable|55/100
|-unboost|p2a: Armarouge|def|1
|-unboost|p2a: Armarouge|spd|1
|
|-heal|p1a: Clefable|61/100|[from] item: Leftovers
|upkeep
|turn|17
|
|t:|1757858258
|switch|p2a: Maushold|Maushold-Four|100/100
|move|p1a: Clefable|Moonblast|p2a: Maushold
|-damage|p2a: Maushold|54/100
|
|-heal|p1a: Clefable|67/100|[from] item: Leftovers
|upkeep
|turn|18
|
|t:|1757858268
|move|p2a: Maushold|Population Bomb|p1a: Clefable
|-damage|p1a: Clefable|54/100
|-damage|p1a: Clefable|41/100
|-damage|p1a: Clefable|28/100
|-damage|p1a: Clefable|16/100
|-damage|p1a: Clefable|3/100
|-damage|p1a: Clefable|0 fnt
|faint|p1a: Clefable
|-hitcount|p1: Clefable|6
|
|upkeep
|
|t:|1757858280
|switch|p1a: Scizor|Scizor, M, shiny|68/100
|turn|19
|
|t:|1757858283
|switch|p2a: Armarouge|Armarouge, F|76/100 par
|move|p1a: Scizor|Bullet Punch|p2a: Armarouge
|-resisted|p2a: Armarouge
|-damage|p2a: Armarouge|51/100 par
|-ability|p2a: Armarouge|Weak Armor|boost
|-unboost|p2a: Armarouge|def|1
|-boost|p2a: Armarouge|spe|2
|
|upkeep
|turn|20
|
|t:|1757858298
|switch|p1a: Raging Bolt|Raging Bolt|100/100
|-enditem|p1a: Raging Bolt|Booster Energy
|-activate|p1a: Raging Bolt|ability: Protosynthesis|[fromitem]
|-start|p1a: Raging Bolt|protosynthesisspa
|move|p2a: Armarouge|Armor Cannon|p1a: Raging Bolt
|-resisted|p1a: Raging Bolt
|-damage|p1a: Raging Bolt|74/100
|-unboost|p2a: Armarouge|def|1
|-unboost|p2a: Armarouge|spd|1
|
|upkeep
|turn|21
|
|t:|1757858309
|move|p2a: Armarouge|Endure|p2a: Armarouge
|-singleturn|p2a: Armarouge|move: Endure
|move|p1a: Raging Bolt|Thunderbolt|p2a: Armarouge
|-activate|p2a: Armarouge|move: Endure
|-damage|p2a: Armarouge|1/100 par
|
|upkeep
|turn|22
|
|t:|1757858316
|move|p2a: Armarouge|Armor Cannon|p1a: Raging Bolt
|-resisted|p1a: Raging Bolt
|-damage|p1a: Raging Bolt|45/100
|-unboost|p2a: Armarouge|def|1
|-unboost|p2a: Armarouge|spd|1
|move|p1a: Raging Bolt|Thunderbolt|p2a: Armarouge
|-damage|p2a: Armarouge|0 fnt
|faint|p2a: Armarouge
|
|upkeep
|
|t:|1757858319
|switch|p2a: Maushold|Maushold-Four|54/100
|turn|23
|
|t:|1757858328
|move|p1a: Raging Bolt|Thunderclap||[still]
|-fail|p1a: Raging Bolt
|move|p2a: Maushold|Tidy Up|p2a: Maushold
|-boost|p2a: Maushold|atk|1
|-boost|p2a: Maushold|spe|1
|
|upkeep
|turn|24
|
|t:|1757858335
|move|p1a: Raging Bolt|Thunderclap||[still]
|-fail|p1a: Raging Bolt
|move|p2a: Maushold|Encore|p1a: Raging Bolt
|-start|p1a: Raging Bolt|Encore
|
|upkeep
|turn|25
|
|t:|1757858341
|move|p1a: Raging Bolt|Thunderclap||[still]
|-fail|p1a: Raging Bolt
|move|p2a: Maushold|Tidy Up|p2a: Maushold
|-boost|p2a: Maushold|atk|1
|-boost|p2a: Maushold|spe|1
|
|upkeep
|turn|26
|
|t:|1757858348
|move|p1a: Raging Bolt|Thunderclap||[still]
|-fail|p1a: Raging Bolt
|move|p2a: Maushold|Tidy Up|p2a: Maushold
|-boost|p2a: Maushold|atk|1
|-boost|p2a: Maushold|spe|1
|
|upkeep
|turn|27
|
|t:|1757858355
|-end|p1a: Raging Bolt|Protosynthesis|[silent]
|switch|p1a: Scizor|Scizor, M, shiny|68/100
|move|p2a: Maushold|Tidy Up|p2a: Maushold
|-boost|p2a: Maushold|atk|1
|-boost|p2a: Maushold|spe|1
|
|upkeep
|turn|28
|
|t:|1757858362
|move|p1a: Scizor|Bullet Punch|p2a: Maushold
|-damage|p2a: Maushold|0 fnt
|faint|p2a: Maushold
|
|win|zast3133
|raw|zast3133's rating: 1313 &rarr; <strong>1338</strong><br />(+25 for winning)
|raw|Drosophila_enjoyer's rating: 1407 &rarr; <strong>1382</strong><br />(-25 for losing)
|l|☆Drosophila_enjoyer
|player|p2|
|l|☆zast3133
|player|p1|
