|j|☆owl_with_scarf
|j|☆Alitiantian
|t:|1757834984
|gametype|singles
|player|p1|owl_with_scarf|#owlwithscarf|1393
|player|p2|Alitiantian|265|1412
|gen|9
|tier|[Gen 9] OU
|rated|
|rule|HP Percentage Mod: HP is shown in percentages
|rule|Endless Battle Clause: Forcing endless battles is banned
|rule|Species Clause: Limit one of each Pokémon
|rule|OHKO Clause: OHKO moves are banned
|rule|Evasion Items Clause: Evasion items are banned
|rule|Evasion Moves Clause: Evasion moves are banned
|rule|Evasion Abilities Clause: Evasion abilities are banned
|rule|Sleep Moves Clause: Sleep-inducing moves are banned
|clearpoke
|poke|p1|Torkoal, M|
|poke|p1|Cinderace, M|
|poke|p1|Iron Moth|
|poke|p1|Abomasnow, F|
|poke|p1|Zamazenta-*|
|poke|p1|Mandibuzz, F|
|poke|p2|Heatran, M|
|poke|p2|Rillaboom, M|
|poke|p2|Ogerpon-Wellspring, F|
|poke|p2|Dragapult, M|
|poke|p2|Great Tusk|
|poke|p2|Bronzong|
|teampreview
|inactive|Battle timer is ON: inactive players will automatically lose when time's up. (requested by owl_with_scarf)
|
|t:|1757834993
|teamsize|p1|6
|teamsize|p2|6
|start
|switch|p1a: LILSHYNE|Torkoal, M, shiny|100/100
|switch|p2a: Starblaze|Heatran, M|100/100
|-weather|SunnyDay|[from] ability: Drought|[of] p1a: LILSHYNE
|turn|1
|l|☆owl_with_scarf
|inactive|owl_with_scarf disconnected and has a minute to reconnect!
|player|p1|
|j|☆owl_with_scarf
|inactive|owl_with_scarf reconnected and has 140 seconds left.
|player|p1|owl_with_scarf|#owlwithscarf|
|
|t:|1757835010
|move|p2a: Starblaze|Earth Power|p1a: LILSHYNE
|-supereffective|p1a: LILSHYNE
|-damage|p1a: LILSHYNE|28/100
|move|p1a: LILSHYNE|Earth Power|p2a: Starblaze
|-supereffective|p2a: Starblaze
|-damage|p2a: Starblaze|54/100
|
|-weather|SunnyDay|[upkeep]
|-heal|p2a: Starblaze|61/100|[from] item: Leftovers
|upkeep
|turn|2
|
|t:|1757835020
|switch|p1a: FIRESTONE|Cinderace, M|100/100
|move|p2a: Starblaze|Earth Power|p1a: FIRESTONE
|-supereffective|p1a: FIRESTONE
|-damage|p1a: FIRESTONE|27/100
|
|-weather|SunnyDay|[upkeep]
|-heal|p2a: Starblaze|67/100|[from] item: Leftovers
|upkeep
|turn|3
|
|t:|1757835034
|switch|p2a: Starburst|Great Tusk|100/100
|-activate|p2a: Starburst|ability: Protosynthesis
|-start|p2a: Starburst|protosynthesisatk
|move|p1a: FIRESTONE|High Jump Kick|p2a: Starburst
|-start|p1a: FIRESTONE|typechange|Fighting|[from] ability: Libero
|-damage|p2a: Starburst|34/100
|
|-weather|SunnyDay|[upkeep]
|upkeep
|turn|4
|
|t:|1757835043
|switch|p1a: ICEDOUTCASTLES|Abomasnow, F|100/100
|-end|p2a: Starburst|Protosynthesis|[silent]
|switch|p2a: Starscream|Dragapult, M|100/100
|
|-weather|SunnyDay|[upkeep]
|upkeep
|turn|5
|
|t:|1757835054
|move|p2a: Starscream|Flamethrower|p1a: ICEDOUTCASTLES
|-supereffective|p1a: ICEDOUTCASTLES
|-damage|p1a: ICEDOUTCASTLES|0 fnt
|faint|p1a: ICEDOUTCASTLES
|
|-weather|SunnyDay|[upkeep]
|upkeep
|
|t:|1757835058
|switch|p1a: HOODANGELS|Iron Moth|100/100
|turn|6
|
|t:|1757835064
|switch|p2a: Starblaze|Heatran, M|67/100
|move|p1a: HOODANGELS|Fiery Dance|p2a: Starblaze
|-start|p2a: Starblaze|ability: Flash Fire
|
|-weather|SunnyDay|[upkeep]
|-heal|p2a: Starblaze|73/100|[from] item: Leftovers
|upkeep
|turn|7
|
|t:|1757835071
|-end|p1a: HOODANGELS|Quark Drive|[silent]
|switch|p1a: K9CREW|Zamazenta|100/100
|-ability|p1a: K9CREW|Dauntless Shield|boost
|-boost|p1a: K9CREW|def|1
|move|p2a: Starblaze|Earth Power|p1a: K9CREW
|-damage|p1a: K9CREW|81/100
|-unboost|p1a: K9CREW|spd|1
|
|-weather|SunnyDay|[upkeep]
|-heal|p1a: K9CREW|87/100|[from] item: Leftovers
|-heal|p2a: Starblaze|79/100|[from] item: Leftovers
|upkeep
|turn|8
|inactive|owl_with_scarf has 120 seconds left.
|
|t:|1757835121
|-end|p2a: Starblaze|ability: Flash Fire|[silent]
|switch|p2a: Starlink|Bronzong, shiny|100/100
|move|p1a: K9CREW|Body Press|p2a: Starlink
|-damage|p2a: Starlink|71/100
|
|-weather|none
|-heal|p1a: K9CREW|93/100|[from] item: Leftovers
|upkeep
|turn|9
|
|t:|1757835127
|switch|p1a: LILSHYNE|Torkoal, M, shiny|28/100
|-weather|SunnyDay|[from] ability: Drought|[of] p1a: LILSHYNE
|move|p2a: Starlink|Future Sight|p1a: LILSHYNE
|-start|p2a: Starlink|move: Future Sight
|
|-weather|SunnyDay|[upkeep]
|upkeep
|turn|10
|
|t:|1757835132
|move|p2a: Starlink|Psychic Noise|p1a: LILSHYNE
|-damage|p1a: LILSHYNE|1/100
|-start|p1a: LILSHYNE|move: Heal Block
|move|p1a: LILSHYNE|Stealth Rock|p2a: Starlink
|-sidestart|p2: Alitiantian|move: Stealth Rock
|
|-weather|SunnyDay|[upkeep]
|upkeep
|turn|11
|
|t:|1757835139
|switch|p1a: GOTH$RECORDS|Mandibuzz, F|100/100
|move|p2a: Starlink|Stealth Rock|p1a: GOTH$RECORDS
|-sidestart|p1: owl_with_scarf|move: Stealth Rock
|
|-weather|SunnyDay|[upkeep]
|-end|p1a: GOTH$RECORDS|move: Future Sight
|-immune|p1a: GOTH$RECORDS
|upkeep
|turn|12
|
|t:|1757835148
|switch|p2a: Starburst|Great Tusk|34/100
|-activate|p2a: Starburst|ability: Protosynthesis
|-start|p2a: Starburst|protosynthesisatk
|move|p1a: GOTH$RECORDS|Defog|p2a: Starburst
|-unboost|p2a: Starburst|evasion|1
|-sideend|p2: Alitiantian|Stealth Rock|[from] move: Defog|[of] p1a: GOTH$RECORDS
|-sideend|p1: owl_with_scarf|Stealth Rock|[from] move: Defog|[of] p1a: GOTH$RECORDS
|
|-weather|SunnyDay|[upkeep]
|upkeep
|turn|13
|
|t:|1757835160
|move|p2a: Starburst|Ice Spinner|p1a: GOTH$RECORDS
|-supereffective|p1a: GOTH$RECORDS
|-damage|p1a: GOTH$RECORDS|59/100
|move|p1a: GOTH$RECORDS|U-turn|p2a: Starburst
|-resisted|p2a: Starburst
|-damage|p2a: Starburst|30/100
|
|t:|1757835163
|switch|p1a: HOODANGELS|Iron Moth|100/100|[from] U-turn
|
|-weather|SunnyDay|[upkeep]
|upkeep
|turn|14
|
|t:|1757835168
|-end|p1a: HOODANGELS|Quark Drive|[silent]
|switch|p1a: FIRESTONE|Cinderace, M|27/100
|-end|p2a: Starburst|Protosynthesis|[silent]
|switch|p2a: Starblaze|Heatran, M|79/100
|
|-weather|SunnyDay|[upkeep]
|-heal|p2a: Starblaze|85/100|[from] item: Leftovers
|upkeep
|turn|15
|
|t:|1757835172
|switch|p2a: Starscream|Dragapult, M|100/100
|move|p1a: FIRESTONE|Pyro Ball|p2a: Starscream
|-resisted|p2a: Starscream
|-damage|p2a: Starscream|14/100
|-status|p2a: Starscream|brn
|
|-weather|SunnyDay|[upkeep]
|-damage|p2a: Starscream|8/100 brn|[from] brn
|upkeep
|turn|16
|
|t:|1757835181
|switch|p1a: GOTH$RECORDS|Mandibuzz, F|59/100
|move|p2a: Starscream|Shadow Ball|p1a: GOTH$RECORDS
|-resisted|p1a: GOTH$RECORDS
|-crit|p1a: GOTH$RECORDS
|-damage|p1a: GOTH$RECORDS|29/100
|
|-weather|none
|-damage|p2a: Starscream|2/100 brn|[from] brn
|upkeep
|turn|17
|
|t:|1757835200
|switch|p2a: Starblaze|Heatran, M|85/100
|move|p1a: GOTH$RECORDS|Roost|p1a: GOTH$RECORDS
|-heal|p1a: GOTH$RECORDS|79/100
|-singleturn|p1a: GOTH$RECORDS|move: Roost
|
|-heal|p2a: Starblaze|91/100|[from] item: Leftovers
|upkeep
|turn|18
|inactive|owl_with_scarf has 120 seconds left.
|
|t:|1757835232
|move|p2a: Starblaze|Magma Storm|p1a: GOTH$RECORDS
|-damage|p1a: GOTH$RECORDS|43/100
|-activate|p1a: GOTH$RECORDS|move: Magma Storm|[of] p2a: Starblaze
|move|p1a: GOTH$RECORDS|U-turn|p2a: Starblaze
|-resisted|p2a: Starblaze
|-damage|p2a: Starblaze|89/100
|
|t:|1757835233
|switch|p1a: FIRESTONE|Cinderace, M|27/100|[from] U-turn
|
|-heal|p2a: Starblaze|95/100|[from] item: Leftovers
|upkeep
|turn|19
|
|t:|1757835250
|switch|p2a: Starforce|Ogerpon-Wellspring, F|100/100
|move|p1a: FIRESTONE|U-turn|p2a: Starforce
|-start|p1a: FIRESTONE|typechange|Bug|[from] ability: Libero
|-supereffective|p2a: Starforce
|-damage|p2a: Starforce|0 fnt
|faint|p2a: Starforce
|inactive|owl_with_scarf has 120 seconds left.
|
|t:|1757835276
|switch|p1a: LILSHYNE|Torkoal, M, shiny|1/100|[from] U-turn
|-weather|SunnyDay|[from] ability: Drought|[of] p1a: LILSHYNE
|
|-weather|SunnyDay|[upkeep]
|upkeep
|
|t:|1757835285
|switch|p2a: Stardrum|Rillaboom, M|100/100
|-fieldstart|move: Grassy Terrain|[from] ability: Grassy Surge|[of] p2a: Stardrum
|turn|20
|
|t:|1757835290
|move|p2a: Stardrum|U-turn|p1a: LILSHYNE
|-resisted|p1a: LILSHYNE
|-damage|p1a: LILSHYNE|0 fnt
|faint|p1a: LILSHYNE
|
|t:|1757835296
|switch|p2a: Starscream|Dragapult, M|2/100 brn|[from] U-turn
|
|-weather|SunnyDay|[upkeep]
|-heal|p2a: Starscream|8/100 brn|[from] Grassy Terrain
|-damage|p2a: Starscream|2/100 brn|[from] brn
|upkeep
|
|t:|1757835307
|switch|p1a: GOTH$RECORDS|Mandibuzz, F|43/100
|turn|21
|
|t:|1757835314
|move|p2a: Starscream|Draco Meteor|p1a: GOTH$RECORDS
|-damage|p1a: GOTH$RECORDS|0 fnt
|-unboost|p2a: Starscream|spa|2
|faint|p1a: GOTH$RECORDS
|
|-weather|SunnyDay|[upkeep]
|-heal|p2a: Starscream|8/100 brn|[from] Grassy Terrain
|-damage|p2a: Starscream|2/100 brn|[from] brn
|upkeep
|
|t:|1757835319
|switch|p1a: HOODANGELS|Iron Moth|100/100
|turn|22
|
|t:|1757835322
|switch|p2a: Starblaze|Heatran, M|95/100
|-end|p1a: HOODANGELS|Quark Drive|[silent]
|switch|p1a: K9CREW|Zamazenta|93/100
|
|-weather|SunnyDay|[upkeep]
|-heal|p1a: K9CREW|99/100|[from] Grassy Terrain
|-heal|p1a: K9CREW|100/100|[from] item: Leftovers
|-heal|p2a: Starblaze|100/100|[from] Grassy Terrain
|upkeep
|turn|23
|
|t:|1757835330
|switch|p2a: Starlink|Bronzong, shiny|71/100
|move|p1a: K9CREW|Iron Defense|p1a: K9CREW
|-boost|p1a: K9CREW|def|2
|
|-weather|SunnyDay|[upkeep]
|upkeep
|turn|24
|
|t:|1757835337
|move|p1a: K9CREW|Snarl|p2a: Starlink
|-supereffective|p2a: Starlink
|-enditem|p2a: Starlink|Colbur Berry|[eat]
|-enditem|p2a: Starlink|Colbur Berry|[weaken]
|-damage|p2a: Starlink|61/100
|-unboost|p2a: Starlink|spa|1
|move|p2a: Starlink|Psychic Noise|p1a: K9CREW
|-supereffective|p1a: K9CREW
|-damage|p1a: K9CREW|79/100
|-start|p1a: K9CREW|move: Heal Block
|
|-weather|SunnyDay|[upkeep]
|upkeep
|turn|25
|
|t:|1757835351
|move|p1a: K9CREW|Body Press|p2a: Starlink
|-crit|p2a: Starlink
|-damage|p2a: Starlink|0 fnt
|faint|p2a: Starlink
|
|-weather|SunnyDay|[upkeep]
|-end|p1a: K9CREW|move: Heal Block
|upkeep
|
|t:|1757835362
|switch|p2a: Starscream|Dragapult, M|2/100 brn
|turn|26
|inactive|owl_with_scarf has 120 seconds left.
|
|t:|1757835398
|move|p2a: Starscream|Draco Meteor|p1a: K9CREW|[miss]
|-miss|p2a: Starscream|p1a: K9CREW
|move|p1a: K9CREW|Snarl|p2a: Starscream
|-supereffective|p2a: Starscream
|-damage|p2a: Starscream|0 fnt
|faint|p2a: Starscream
|
|-weather|none
|-heal|p1a: K9CREW|85/100|[from] Grassy Terrain
|-heal|p1a: K9CREW|91/100|[from] item: Leftovers
|upkeep
|
|t:|1757835405
|switch|p2a: Starblaze|Heatran, M|100/100
|turn|27
|
|t:|1757835408
|-terastallize|p2a: Starblaze|Grass
|move|p1a: K9CREW|Body Press|p2a: Starblaze
|-damage|p2a: Starblaze|48/100
|move|p2a: Starblaze|Magma Storm|p1a: K9CREW
|-damage|p1a: K9CREW|54/100
|-activate|p1a: K9CREW|move: Magma Storm|[of] p2a: Starblaze
|
|-heal|p1a: K9CREW|60/100|[from] Grassy Terrain
|-heal|p1a: K9CREW|66/100|[from] item: Leftovers
|-heal|p2a: Starblaze|54/100|[from] Grassy Terrain
|-heal|p2a: Starblaze|60/100|[from] item: Leftovers
|-damage|p1a: K9CREW|54/100|[from] move: Magma Storm|[partiallytrapped]
|-fieldend|move: Grassy Terrain
|upkeep
|turn|28
|
|t:|1757835423
|move|p1a: K9CREW|Body Press|p2a: Starblaze
|-damage|p2a: Starblaze|8/100
|move|p2a: Starblaze|Earth Power|p1a: K9CREW
|-damage|p1a: K9CREW|34/100
|
|-heal|p1a: K9CREW|40/100|[from] item: Leftovers
|-heal|p2a: Starblaze|14/100|[from] item: Leftovers
|-damage|p1a: K9CREW|28/100|[from] move: Magma Storm|[partiallytrapped]
|upkeep
|turn|29
|-message|Alitiantian forfeited.
|
|win|owl_with_scarf
|raw|owl_with_scarf's rating: 1375 &rarr; <strong>1397</strong><br />(+22 for winning)
|raw|Alitiantian's rating: 1412 &rarr; <strong>1390</strong><br />(-22 for losing)
|l|☆Alitiantian
|player|p2|
|l|☆owl_with_scarf
|player|p1|
