|badge|p2|bronze|gen9ou|100-6
|uhtml|medal-msg|<div class="broadcast-blue">Curious what those medals under the avatar are? PS now has Ladder Seasons! For more information, check out the <a href="https://www.smogon.com/forums/threads/3740067/">thread on Smogon.</a></div>
|j|☆KingKaido107
|j|☆king of shanghai
|t:|1757895874
|gametype|singles
|player|p1|KingKaido107|dragontamer-gen6|1836
|player|p2|king of shanghai|elesa|1831
|gen|9
|tier|[Gen 9] OU
|rated|
|rule|HP Percentage Mod: HP is shown in percentages
|rule|Endless Battle Clause: Forcing endless battles is banned
|rule|Species Clause: Limit one of each Pokémon
|rule|OHKO Clause: OHKO moves are banned
|rule|Evasion Items Clause: Evasion items are banned
|rule|Evasion Moves Clause: Evasion moves are banned
|rule|Evasion Abilities Clause: Evasion abilities are banned
|rule|Sleep Moves Clause: Sleep-inducing moves are banned
|clearpoke
|poke|p1|Slowking-Galar, F|
|poke|p1|Kyurem|
|poke|p1|Cinderace, F|
|poke|p1|Tornadus-Therian, M|
|poke|p1|Hydrapple, F|
|poke|p1|Kingambit, F|
|poke|p2|Indeedee, M|
|poke|p2|Hatterene, F|
|poke|p2|Ursaluna, F|
|poke|p2|Iron Hands|
|poke|p2|Hoopa-Unbound|
|poke|p2|Mimikyu, F|
|teampreview
|inactive|Battle timer is ON: inactive players will automatically lose when time's up. (requested by KingKaido107)
|j| BearFirst1
|
|t:|1757895903
|teamsize|p1|6
|teamsize|p2|6
|start
|switch|p1a: Depressed Drunk|Slowking-Galar, F|100/100
|switch|p2a: Indeedee|Indeedee, M, shiny|100/100
|-fieldstart|move: Psychic Terrain|[from] ability: Psychic Surge|[of] p2a: Indeedee
|turn|1
|
|t:|1757895912
|switch|p2a: Ursaluna|Ursaluna, F|100/100
|move|p1a: Depressed Drunk|Sludge Bomb|p2a: Ursaluna
|-resisted|p2a: Ursaluna
|-damage|p2a: Ursaluna|85/100
|-status|p2a: Ursaluna|psn
|
|-damage|p2a: Ursaluna|72/100 psn|[from] psn
|upkeep
|turn|2
|
|t:|1757895917
|switch|p1a: Laughing Drunk|Hydrapple, F|100/100
|move|p2a: Ursaluna|Facade|p1a: Laughing Drunk
|-damage|p1a: Laughing Drunk|31/100
|-damage|p2a: Ursaluna|56/100 psn|[from] item: Rocky Helmet|[of] p1a: Laughing Drunk
|
|-damage|p2a: Ursaluna|43/100 psn|[from] psn
|upkeep
|turn|3
|
|t:|1757895928
|switch|p2a: Hoopa|Hoopa-Unbound|100/100
|-enditem|p2a: Hoopa|Psychic Seed
|-boost|p2a: Hoopa|spd|1|[from] item: Psychic Seed
|move|p1a: Laughing Drunk|Giga Drain|p2a: Hoopa
|-damage|p2a: Hoopa|84/100
|-heal|p1a: Laughing Drunk|39/100|[from] drain|[of] p2a: Hoopa
|
|upkeep
|turn|4
|
|t:|1757895937
|switch|p1a: Thieving Drunk|Tornadus-Therian, M|100/100
|move|p2a: Hoopa|Trick Room|p2a: Hoopa
|-fieldstart|move: Trick Room|[of] p2a: Hoopa
|
|upkeep
|turn|5
|
|t:|1757895944
|switch|p1a: Raging Drunk|Kingambit, F|100/100
|move|p2a: Hoopa|Expanding Force|p1a: Raging Drunk
|-immune|p1a: Raging Drunk
|
|upkeep
|turn|6
|
|t:|1757895947
|-end|p1a: Raging Drunk|fallenundefined|[silent]
|switch|p1a: Laughing Drunk|Hydrapple, F|72/100
|move|p2a: Hoopa|Expanding Force|p1a: Laughing Drunk
|-damage|p1a: Laughing Drunk|0 fnt
|faint|p1a: Laughing Drunk
|-item|p2a: Hoopa|Rocky Helmet|[from] ability: Magician|[of] p1: Laughing Drunk
|
|upkeep
|
|t:|1757895952
|switch|p1a: Thieving Drunk|Tornadus-Therian, M|100/100
|turn|7
|
|t:|1757895955
|switch|p1a: Raging Drunk|Kingambit, F|100/100
|-activate|p1a: Raging Drunk|ability: Supreme Overlord
|-start|p1a: Raging Drunk|fallen1|[silent]
|move|p2a: Hoopa|Expanding Force|p1a: Raging Drunk
|-immune|p1a: Raging Drunk
|
|upkeep
|turn|8
|
|t:|1757895959
|-end|p1a: Raging Drunk|fallen1|[silent]
|switch|p1a: Thieving Drunk|Tornadus-Therian, M|100/100
|move|p2a: Hoopa|Focus Blast|p1a: Thieving Drunk|[miss]
|-miss|p2a: Hoopa|p1a: Thieving Drunk
|
|-fieldend|move: Trick Room
|-fieldend|move: Psychic Terrain
|upkeep
|turn|9
|
|t:|1757895963
|move|p1a: Thieving Drunk|U-turn|p2a: Hoopa
|-supereffective|p2a: Hoopa
|-damage|p2a: Hoopa|17/100
|-damage|p1a: Thieving Drunk|84/100|[from] item: Rocky Helmet|[of] p2a: Hoopa
|
|t:|1757895971
|switch|p1a: Depressed Drunk|Slowking-Galar, F|100/100|[from] U-turn
|move|p2a: Hoopa|Trick Room|p2a: Hoopa
|-fieldstart|move: Trick Room|[of] p2a: Hoopa
|
|upkeep
|turn|10
|
|t:|1757895973
|move|p1a: Depressed Drunk|Sludge Bomb|p2a: Hoopa
|-damage|p2a: Hoopa|1/100
|-status|p2a: Hoopa|psn
|move|p2a: Hoopa|Hyperspace Fury|p1a: Depressed Drunk
|-supereffective|p1a: Depressed Drunk
|-enditem|p1a: Depressed Drunk|Colbur Berry|[eat]
|-enditem|p1a: Depressed Drunk|Colbur Berry|[weaken]
|-damage|p1a: Depressed Drunk|64/100
|-unboost|p2a: Hoopa|def|1
|
|-damage|p2a: Hoopa|0 fnt|[from] psn
|faint|p2a: Hoopa
|upkeep
|
|t:|1757895983
|switch|p2a: Ursaluna|Ursaluna, F|43/100 psn
|turn|11
|
|t:|1757895986
|move|p1a: Depressed Drunk|Focus Blast|p2a: Ursaluna|[miss]
|-miss|p1a: Depressed Drunk|p2a: Ursaluna
|move|p2a: Ursaluna|Facade|p1a: Depressed Drunk
|-crit|p1a: Depressed Drunk
|-damage|p1a: Depressed Drunk|0 fnt
|faint|p1a: Depressed Drunk
|
|-damage|p2a: Ursaluna|31/100 psn|[from] psn
|upkeep
|
|t:|1757895990
|switch|p1a: Raging Drunk|Kingambit, F|100/100
|-activate|p1a: Raging Drunk|ability: Supreme Overlord
|-start|p1a: Raging Drunk|fallen2|[silent]
|turn|12
|
|t:|1757896000
|move|p1a: Raging Drunk|Sucker Punch|p2a: Ursaluna
|-damage|p2a: Ursaluna|0 fnt
|faint|p2a: Ursaluna
|
|upkeep
|j| NeneDaikon
|
|t:|1757896010
|switch|p2a: Iron Hands|Iron Hands, shiny|100/100
|-enditem|p2a: Iron Hands|Booster Energy
|-activate|p2a: Iron Hands|ability: Quark Drive|[fromitem]
|-start|p2a: Iron Hands|quarkdriveatk
|turn|13
|
|t:|1757896019
|-end|p1a: Raging Drunk|fallen2|[silent]
|switch|p1a: Thieving Drunk|Tornadus-Therian, M|100/100
|move|p2a: Iron Hands|Supercell Slam|p1a: Thieving Drunk
|-supereffective|p1a: Thieving Drunk
|-damage|p1a: Thieving Drunk|0 fnt
|faint|p1a: Thieving Drunk
|
|-fieldend|move: Trick Room
|upkeep
|
|t:|1757896020
|switch|p1a: Ragnaraku|Kyurem|100/100
|-ability|p1a: Ragnaraku|Pressure
|turn|14
|
|t:|1757896024
|move|p1a: Ragnaraku|Blizzard|p2a: Iron Hands
|-damage|p2a: Iron Hands|25/100
|move|p2a: Iron Hands|Close Combat|p1a: Ragnaraku
|-supereffective|p1a: Ragnaraku
|-damage|p1a: Ragnaraku|0 fnt
|-unboost|p2a: Iron Hands|def|1
|-unboost|p2a: Iron Hands|spd|1
|faint|p1a: Ragnaraku
|
|upkeep
|
|t:|1757896027
|switch|p1a: Boro Breath|Cinderace, F|100/100
|turn|15
|
|t:|1757896032
|-end|p2a: Iron Hands|Quark Drive|[silent]
|switch|p2a: Indeedee|Indeedee, M, shiny|100/100
|-fieldstart|move: Psychic Terrain|[from] ability: Psychic Surge|[of] p2a: Indeedee
|move|p1a: Boro Breath|Pyro Ball|p2a: Indeedee
|-damage|p2a: Indeedee|35/100
|
|upkeep
|turn|16
|
|t:|1757896036
|move|p1a: Boro Breath|Pyro Ball|p2a: Indeedee
|-damage|p2a: Indeedee|0 fnt
|faint|p2a: Indeedee
|
|upkeep
|
|t:|1757896038
|switch|p2a: Hatterene|Hatterene, F|100/100
|turn|17
|
|t:|1757896040
|move|p1a: Boro Breath|Pyro Ball|p2a: Hatterene
|-damage|p2a: Hatterene|33/100
|move|p2a: Hatterene|Trick Room|p2a: Hatterene
|-fieldstart|move: Trick Room|[of] p2a: Hatterene
|
|upkeep
|turn|18
|
|t:|1757896043
|move|p2a: Hatterene|Mystical Fire|p1a: Boro Breath
|-resisted|p1a: Boro Breath
|-damage|p1a: Boro Breath|73/100
|-unboost|p1a: Boro Breath|spa|1
|-damage|p2a: Hatterene|24/100|[from] item: Life Orb
|move|p1a: Boro Breath|Pyro Ball|p2a: Hatterene
|-damage|p2a: Hatterene|0 fnt
|faint|p2a: Hatterene
|
|upkeep
|
|t:|1757896045
|switch|p2a: Iron Hands|Iron Hands, shiny|25/100
|turn|19
|
|t:|1757896060
|move|p2a: Iron Hands|Close Combat|p1a: Boro Breath
|-damage|p1a: Boro Breath|0 fnt
|-unboost|p2a: Iron Hands|def|1
|-unboost|p2a: Iron Hands|spd|1
|faint|p1a: Boro Breath
|
|upkeep
|
|t:|1757896063
|switch|p1a: Raging Drunk|Kingambit, F|100/100
|-activate|p1a: Raging Drunk|ability: Supreme Overlord
|-start|p1a: Raging Drunk|fallen5|[silent]
|turn|20
|
|t:|1757896067
|move|p2a: Iron Hands|Close Combat|p1a: Raging Drunk
|-supereffective|p1a: Raging Drunk
|-damage|p1a: Raging Drunk|0 fnt
|-unboost|p2a: Iron Hands|def|1
|-unboost|p2a: Iron Hands|spd|1
|faint|p1a: Raging Drunk
|-end|p1a: Raging Drunk|fallen5|[silent]
|
|win|king of shanghai
|raw|KingKaido107's rating: 1836 &rarr; <strong>1816</strong><br />(-20 for losing)
|raw|king of shanghai's rating: 1831 &rarr; <strong>1851</strong><br />(+20 for winning)
|l|☆KingKaido107
|player|p1|
|l|☆king of shanghai
|player|p2|
|l| NeneDaikon
|l| BearFirst1
