|j|☆middleagepokefan
|j|☆boya2
|t:|1757839174
|gametype|singles
|player|p1|middleagepokefan|266|1088
|player|p2|boya2|lyra|1070
|gen|9
|tier|[Gen 9] OU
|rated|
|rule|HP Percentage Mod: HP is shown in percentages
|rule|Endless Battle Clause: Forcing endless battles is banned
|rule|Species Clause: Limit one of each Pokémon
|rule|OHKO Clause: OHKO moves are banned
|rule|Evasion Items Clause: Evasion items are banned
|rule|Evasion Moves Clause: Evasion moves are banned
|rule|Evasion Abilities Clause: Evasion abilities are banned
|rule|Sleep Moves Clause: Sleep-inducing moves are banned
|clearpoke
|poke|p1|Slaking, F|
|poke|p1|Medicham, F|
|poke|p1|Tinkaton, F|
|poke|p1|Zapdos|
|poke|p1|Exeggutor-Alola, F|
|poke|p1|Muk-Alola, M|
|poke|p2|Jolteon, M|
|poke|p2|Blaziken, M|
|poke|p2|Ninetales-Alola, F|
|poke|p2|Mew|
|poke|p2|Umbreon, F|
|poke|p2|Maushold-Four|
|teampreview
|inactive|Battle timer is ON: inactive players will automatically lose when time's up. (requested by middleagepokefan)
|
|t:|1757839188
|teamsize|p1|6
|teamsize|p2|6
|start
|switch|p1a: N!ppleKnee|Medicham, F, shiny|100/100
|switch|p2a: Blaziken|Blaziken, M|100/100
|turn|1
|
|t:|1757839196
|move|p1a: N!ppleKnee|Zen Headbutt|p2a: Blaziken
|-supereffective|p2a: Blaziken
|-enditem|p2a: Blaziken|Focus Sash
|-damage|p2a: Blaziken|1/100
|move|p2a: Blaziken|Swords Dance|p2a: Blaziken
|-boost|p2a: Blaziken|atk|2
|
|-ability|p2a: Blaziken|Speed Boost|boost
|-boost|p2a: Blaziken|spe|1
|upkeep
|turn|2
|
|t:|1757839206
|move|p2a: Blaziken|Endure|p2a: Blaziken
|-singleturn|p2a: Blaziken|move: Endure
|move|p1a: N!ppleKnee|Zen Headbutt|p2a: Blaziken
|-supereffective|p2a: Blaziken
|-crit|p2a: Blaziken
|-activate|p2a: Blaziken|move: Endure
|-damage|p2a: Blaziken|1/100
|
|-ability|p2a: Blaziken|Speed Boost|boost
|-boost|p2a: Blaziken|spe|1
|upkeep
|turn|3
|
|t:|1757839220
|switch|p1a: Bread|Slaking, F|100/100
|move|p2a: Blaziken|Reversal|p1a: Bread
|-supereffective|p1a: Bread
|-damage|p1a: Bread|0 fnt
|faint|p1a: Bread
|
|-ability|p2a: Blaziken|Speed Boost|boost
|-boost|p2a: Blaziken|spe|1
|upkeep
|
|t:|1757839225
|switch|p1a: Shlup|Muk-Alola, M|100/100
|turn|4
|
|t:|1757839233
|move|p2a: Blaziken|Endure|p2a: Blaziken
|-singleturn|p2a: Blaziken|move: Endure
|move|p1a: Shlup|Shadow Sneak|p2a: Blaziken
|-activate|p2a: Blaziken|move: Endure
|-damage|p2a: Blaziken|1/100
|-status|p2a: Blaziken|psn|[from] ability: Poison Touch|[of] p1a: Shlup
|
|-damage|p2a: Blaziken|0 fnt|[from] psn
|faint|p2a: Blaziken
|upkeep
|
|t:|1757839244
|switch|p2a: Mew|Mew, shiny|100/100
|turn|5
|
|t:|1757839249
|move|p2a: Mew|Psychic Fangs|p1a: Shlup
|-immune|p1a: Shlup
|move|p1a: Shlup|Knock Off|p2a: Mew
|-supereffective|p2a: Mew
|-damage|p2a: Mew|28/100
|-status|p2a: Mew|psn|[from] ability: Poison Touch|[of] p1a: Shlup
|-activate|p2a: Mew|ability: Synchronize
|-immune|p1a: Shlup
|-enditem|p2a: Mew|Focus Sash|[from] move: Knock Off|[of] p1a: Shlup
|
|-damage|p2a: Mew|15/100 psn|[from] psn
|upkeep
|turn|6
|
|t:|1757839264
|move|p1a: Shlup|Shadow Sneak|p2a: Mew
|-supereffective|p2a: Mew
|-damage|p2a: Mew|0 fnt
|faint|p2a: Mew
|
|upkeep
|
|t:|1757839274
|switch|p2a: Ninetales|Ninetales-Alola, F|100/100
|-weather|Snowscape|[from] ability: Snow Warning|[of] p2a: Ninetales
|turn|7
|
|t:|1757839281
|move|p2a: Ninetales|Aurora Veil|p2a: Ninetales
|-sidestart|p2: boya2|move: Aurora Veil
|move|p1a: Shlup|Poison Jab|p2a: Ninetales
|-supereffective|p2a: Ninetales
|-crit|p2a: Ninetales
|-enditem|p2a: Ninetales|Focus Sash
|-damage|p2a: Ninetales|1/100
|
|-weather|Snowscape|[upkeep]
|upkeep
|turn|8
|
|t:|1757839297
|switch|p2a: Maushold|Maushold-Four|100/100
|move|p1a: Shlup|Shadow Sneak|p2a: Maushold
|-immune|p2a: Maushold
|
|-weather|Snowscape|[upkeep]
|upkeep
|turn|9
|
|t:|1757839308
|move|p2a: Maushold|Population Bomb|p1a: Shlup
|-damage|p1a: Shlup|88/100
|-damage|p1a: Shlup|76/100
|-damage|p1a: Shlup|65/100
|-damage|p1a: Shlup|52/100
|-damage|p1a: Shlup|41/100
|-damage|p1a: Shlup|28/100
|-damage|p1a: Shlup|17/100
|-damage|p1a: Shlup|5/100
|-damage|p1a: Shlup|0 fnt
|faint|p1a: Shlup
|-hitcount|p1: Shlup|9
|
|-weather|Snowscape|[upkeep]
|upkeep
|
|t:|1757839323
|switch|p1a: AA-j|Zapdos|100/100
|turn|10
|
|t:|1757839329
|move|p2a: Maushold|Population Bomb|p1a: AA-j
|-damage|p1a: AA-j|93/100
|-damage|p1a: AA-j|84/100
|-damage|p1a: AA-j|75/100
|-status|p2a: Maushold|par|[from] ability: Static|[of] p1a: AA-j
|-damage|p1a: AA-j|67/100
|-damage|p1a: AA-j|59/100
|-damage|p1a: AA-j|52/100
|-damage|p1a: AA-j|44/100
|-damage|p1a: AA-j|35/100
|-damage|p1a: AA-j|27/100
|-damage|p1a: AA-j|19/100
|-hitcount|p1a: AA-j|10
|move|p1a: AA-j|Thunder Wave|p2a: Maushold
|-fail|p2a: Maushold|par
|
|-weather|Snowscape|[upkeep]
|upkeep
|turn|11
|
|t:|1757839363
|move|p1a: AA-j|Heat Wave|p2a: Maushold
|-damage|p2a: Maushold|80/100 par
|move|p2a: Maushold|Beat Up|p1a: AA-j
|-crit|p1a: AA-j
|-damage|p1a: AA-j|14/100
|-damage|p1a: AA-j|11/100
|-damage|p1a: AA-j|8/100
|-damage|p1a: AA-j|5/100
|-hitcount|p1a: AA-j|4
|
|-weather|none
|-sideend|p2: boya2|move: Aurora Veil
|upkeep
|turn|12
|inactive|boya2 has 120 seconds left.
|
|t:|1757839378
|move|p1a: AA-j|Heat Wave|p2a: Maushold
|-damage|p2a: Maushold|42/100 par
|cant|p2a: Maushold|par
|
|upkeep
|turn|13
|
|t:|1757839384
|move|p1a: AA-j|Hurricane|p2a: Maushold
|-damage|p2a: Maushold|0 fnt
|faint|p2a: Maushold
|
|upkeep
|inactive|boya2 has 120 seconds left.
|
|t:|1757839394
|switch|p2a: Jolteon|Jolteon, M|100/100
|-item|p2a: Jolteon|Air Balloon
|turn|14
|
|t:|1757839400
|move|p2a: Jolteon|Shadow Ball|p1a: AA-j
|-damage|p1a: AA-j|0 fnt
|faint|p1a: AA-j
|
|upkeep
|
|t:|1757839405
|switch|p1a: MC|Tinkaton, F, shiny|100/100
|-ability|p1a: MC|Mold Breaker
|turn|15
|
|t:|1757839422
|move|p2a: Jolteon|Thunder Wave|p1a: MC
|-status|p1a: MC|par
|move|p1a: MC|Stealth Rock|p2a: Jolteon
|-sidestart|p2: boya2|move: Stealth Rock
|
|upkeep
|turn|16
|
|t:|1757839429
|move|p2a: Jolteon|Thunderbolt|p1a: MC
|-damage|p1a: MC|69/100 par
|cant|p1a: MC|par
|
|-heal|p1a: MC|75/100 par|[from] item: Leftovers
|upkeep
|turn|17
|
|t:|1757839437
|move|p2a: Jolteon|Thunderbolt|p1a: MC
|-damage|p1a: MC|44/100 par
|cant|p1a: MC|par
|
|-heal|p1a: MC|50/100 par|[from] item: Leftovers
|upkeep
|turn|18
|
|t:|1757839445
|move|p2a: Jolteon|Thunderbolt|p1a: MC
|-damage|p1a: MC|17/100 par
|cant|p1a: MC|par
|
|-heal|p1a: MC|23/100 par|[from] item: Leftovers
|upkeep
|turn|19
|
|t:|1757839453
|move|p2a: Jolteon|Thunderbolt|p1a: MC
|-damage|p1a: MC|0 fnt
|faint|p1a: MC
|
|upkeep
|
|t:|1757839456
|switch|p1a: FacePlant|Exeggutor-Alola, F|100/100
|-item|p2a: Jolteon|Air Balloon|[from] ability: Frisk|[of] p1a: FacePlant
|turn|20
|
|t:|1757839469
|move|p2a: Jolteon|Thunder Wave|p1a: FacePlant
|-status|p1a: FacePlant|par
|move|p1a: FacePlant|Giga Drain|p2a: Jolteon
|-damage|p2a: Jolteon|47/100
|-enditem|p2a: Jolteon|Air Balloon
|
|upkeep
|turn|21
|
|t:|1757839479
|move|p2a: Jolteon|Shadow Ball|p1a: FacePlant
|-damage|p1a: FacePlant|74/100 par
|move|p1a: FacePlant|Giga Drain|p2a: Jolteon
|-damage|p2a: Jolteon|0 fnt
|-heal|p1a: FacePlant|90/100 par|[from] drain|[of] p2a: Jolteon
|faint|p2a: Jolteon
|
|upkeep
|
|t:|1757839488
|switch|p2a: Umbreon|Umbreon, F|100/100
|-damage|p2a: Umbreon|88/100|[from] Stealth Rock
|turn|22
|
|t:|1757839499
|-terastallize|p2a: Umbreon|Dark
|move|p2a: Umbreon|Foul Play|p1a: FacePlant
|-damage|p1a: FacePlant|56/100 par
|cant|p1a: FacePlant|par
|
|-heal|p2a: Umbreon|94/100|[from] item: Leftovers
|upkeep
|turn|23
|
|t:|1757839508
|move|p2a: Umbreon|Foul Play|p1a: FacePlant
|-damage|p1a: FacePlant|21/100 par
|move|p1a: FacePlant|Giga Drain|p2a: Umbreon
|-damage|p2a: Umbreon|64/100
|-heal|p1a: FacePlant|36/100 par|[from] drain|[of] p2a: Umbreon
|
|-heal|p2a: Umbreon|71/100|[from] item: Leftovers
|upkeep
|turn|24
|
|t:|1757839520
|move|p2a: Umbreon|Wish|p2a: Umbreon
|cant|p1a: FacePlant|par
|
|-heal|p2a: Umbreon|77/100|[from] item: Leftovers
|upkeep
|turn|25
|
|t:|1757839528
|move|p2a: Umbreon|Foul Play|p1a: FacePlant
|-damage|p1a: FacePlant|0 fnt
|faint|p1a: FacePlant
|
|-heal|p2a: Umbreon|100/100|[from] move: Wish|[wisher] Umbreon
|upkeep
|
|t:|1757839530
|switch|p1a: N!ppleKnee|Medicham, F, shiny|100/100
|turn|26
|
|t:|1757839539
|move|p2a: Umbreon|Protect|p2a: Umbreon
|-singleturn|p2a: Umbreon|Protect
|move|p1a: N!ppleKnee|Close Combat|p2a: Umbreon
|-activate|p2a: Umbreon|move: Protect
|
|upkeep
|turn|27
|
|t:|1757839551
|move|p1a: N!ppleKnee|Close Combat|p2a: Umbreon
|-supereffective|p2a: Umbreon
|-damage|p2a: Umbreon|12/100
|-unboost|p1a: N!ppleKnee|def|1
|-unboost|p1a: N!ppleKnee|spd|1
|move|p2a: Umbreon|Foul Play|p1a: N!ppleKnee
|-crit|p1a: N!ppleKnee
|-damage|p1a: N!ppleKnee|0 fnt
|faint|p1a: N!ppleKnee
|
|win|boya2
|raw|middleagepokefan's rating: 1088 &rarr; <strong>1064</strong><br />(-24 for losing)
|raw|boya2's rating: 1070 &rarr; <strong>1101</strong><br />(+31 for winning)
|l|☆boya2
|player|p2|
|l|☆middleagepokefan
|player|p1|
