|j|☆tury0611
|j|☆coping walrus
|t:|1757912688
|gametype|singles
|player|p1|tury0611|hilda-wonderlauncher|1104
|player|p2|coping walrus|wattson|1114
|gen|9
|tier|[Gen 9] OU
|rated|
|rule|HP Percentage Mod: HP is shown in percentages
|rule|Endless Battle Clause: Forcing endless battles is banned
|rule|Species Clause: Limit one of each Pokémon
|rule|OHKO Clause: OHKO moves are banned
|rule|Evasion Items Clause: Evasion items are banned
|rule|Evasion Moves Clause: Evasion moves are banned
|rule|Evasion Abilities Clause: Evasion abilities are banned
|rule|Sleep Moves Clause: Sleep-inducing moves are banned
|clearpoke
|poke|p1|Samurott-Hisui, F|
|poke|p1|Ceruledge, M|
|poke|p1|Jolteon, F|
|poke|p1|Great Tusk|
|poke|p1|Lokix, M|
|poke|p1|Drifblim, M|
|poke|p2|Abomasnow, F|
|poke|p2|Maushold|
|poke|p2|Diancie|
|poke|p2|Staraptor, F|
|poke|p2|Volcanion|
|poke|p2|Polteageist|
|teampreview
|inactive|Battle timer is ON: inactive players will automatically lose when time's up. (requested by coping walrus)
|inactive|tury0611 also wants the timer to be on.
|
|t:|1757912710
|teamsize|p1|6
|teamsize|p2|6
|start
|switch|p1a: Great Tusk|Great Tusk|100/100
|switch|p2a: Bagga Hot Cheetos|Volcanion|100/100
|-enditem|p1a: Great Tusk|Booster Energy
|-activate|p1a: Great Tusk|ability: Protosynthesis|[fromitem]
|-start|p1a: Great Tusk|protosynthesisatk
|turn|1
|
|t:|1757912721
|move|p1a: Great Tusk|Stealth Rock|p2a: Bagga Hot Cheetos
|-sidestart|p2: coping walrus|move: Stealth Rock
|move|p2a: Bagga Hot Cheetos|Steam Eruption|p1a: Great Tusk
|-supereffective|p1a: Great Tusk
|-damage|p1a: Great Tusk|0 fnt
|faint|p1a: Great Tusk
|-end|p1a: Great Tusk|Protosynthesis|[silent]
|
|upkeep
|
|t:|1757912731
|switch|p1a: Jolteon|Jolteon, F|100/100
|turn|2
|
|t:|1757912735
|switch|p2a: Yukon Cornelius|Abomasnow, F, shiny|100/100
|-damage|p2a: Yukon Cornelius|76/100|[from] Stealth Rock
|-weather|Snowscape|[from] ability: Snow Warning|[of] p2a: Yukon Cornelius
|move|p1a: Jolteon|Agility|p1a: Jolteon
|-boost|p1a: Jolteon|spe|2
|
|-weather|Snowscape|[upkeep]
|upkeep
|turn|3
|
|t:|1757912744
|move|p1a: Jolteon|Agility|p1a: Jolteon
|-boost|p1a: Jolteon|spe|2
|move|p2a: Yukon Cornelius|Aurora Veil|p2a: Yukon Cornelius
|-sidestart|p2: coping walrus|move: Aurora Veil
|
|-weather|Snowscape|[upkeep]
|upkeep
|turn|4
|
|t:|1757912751
|move|p1a: Jolteon|Electro Ball|p2a: Yukon Cornelius
|-resisted|p2a: Yukon Cornelius
|-damage|p2a: Yukon Cornelius|55/100
|move|p2a: Yukon Cornelius|Earth Power|p1a: Jolteon
|-supereffective|p1a: Jolteon
|-damage|p1a: Jolteon|44/100
|
|-weather|Snowscape|[upkeep]
|upkeep
|turn|5
|
|t:|1757912762
|move|p1a: Jolteon|Electro Ball|p2a: Yukon Cornelius
|-resisted|p2a: Yukon Cornelius
|-damage|p2a: Yukon Cornelius|35/100
|move|p2a: Yukon Cornelius|Blizzard|p1a: Jolteon
|-damage|p1a: Jolteon|0 fnt
|faint|p1a: Jolteon
|
|-weather|Snowscape|[upkeep]
|upkeep
|
|t:|1757912766
|switch|p1a: Ceruledge|Ceruledge, M|100/100
|turn|6
|
|t:|1757912778
|switch|p2a: Bagga Hot Cheetos|Volcanion|100/100
|-damage|p2a: Bagga Hot Cheetos|76/100|[from] Stealth Rock
|move|p1a: Ceruledge|Bitter Blade|p2a: Bagga Hot Cheetos
|-resisted|p2a: Bagga Hot Cheetos
|-damage|p2a: Bagga Hot Cheetos|70/100
|
|-weather|none
|upkeep
|turn|7
|
|t:|1757912797
|switch|p1a: Drifblim|Drifblim, M|100/100
|move|p2a: Bagga Hot Cheetos|Steam Eruption|p1a: Drifblim
|-damage|p1a: Drifblim|0 fnt
|faint|p1a: Drifblim
|
|upkeep
|
|t:|1757912802
|switch|p1a: Samurott|Samurott-Hisui, F, shiny|100/100
|turn|8
|
|t:|1757912807
|switch|p2a: Winslow|Maushold, shiny|100/100
|-damage|p2a: Winslow|88/100|[from] Stealth Rock
|move|p1a: Samurott|Air Slash|p2a: Winslow
|-damage|p2a: Winslow|68/100
|
|upkeep
|turn|9
|
|t:|1757912813
|move|p2a: Winslow|Tidy Up|p2a: Winslow
|-sideend|p2: coping walrus|Stealth Rock
|-activate|p2a: Winslow|move: Tidy Up
|-boost|p2a: Winslow|atk|1
|-boost|p2a: Winslow|spe|1
|move|p1a: Samurott|Ceaseless Edge|p2a: Winslow|[miss]
|-miss|p1a: Samurott|p2a: Winslow
|
|upkeep
|turn|10
|
|t:|1757912820
|move|p2a: Winslow|Tidy Up|p2a: Winslow
|-boost|p2a: Winslow|atk|1
|-boost|p2a: Winslow|spe|1
|move|p1a: Samurott|Sacred Sword|p2a: Winslow
|-supereffective|p2a: Winslow
|-damage|p2a: Winslow|2/100
|
|-sideend|p2: coping walrus|move: Aurora Veil
|upkeep
|turn|11
|
|t:|1757912834
|switch|p1a: Ceruledge|Ceruledge, M|100/100
|move|p2a: Winslow|Population Bomb|p1a: Ceruledge
|-immune|p1a: Ceruledge
|
|upkeep
|turn|12
|
|t:|1757912842
|move|p2a: Winslow|Bite|p1a: Ceruledge
|-supereffective|p1a: Ceruledge
|-damage|p1a: Ceruledge|0 fnt
|faint|p1a: Ceruledge
|
|upkeep
|
|t:|1757912844
|switch|p1a: Lokix|Lokix, M|100/100
|turn|13
|
|t:|1757912853
|move|p1a: Lokix|First Impression|p2a: Winslow
|-damage|p2a: Winslow|0 fnt
|faint|p2a: Winslow
|-damage|p1a: Lokix|91/100|[from] item: Life Orb
|
|upkeep
|
|t:|1757912863
|switch|p2a: Pete Wentz|Staraptor, F|100/100
|turn|14
|
|t:|1757912870
|move|p2a: Pete Wentz|Brave Bird|p1a: Lokix
|-supereffective|p1a: Lokix
|-damage|p1a: Lokix|0 fnt
|faint|p1a: Lokix
|-damage|p2a: Pete Wentz|74/100|[from] Recoil
|
|upkeep
|
|t:|1757912873
|switch|p1a: Samurott|Samurott-Hisui, F, shiny|100/100
|turn|15
|
|t:|1757912880
|-terastallize|p1a: Samurott|Flying
|move|p2a: Pete Wentz|Brave Bird|p1a: Samurott
|-damage|p1a: Samurott|0 fnt
|faint|p1a: Samurott
|-damage|p2a: Pete Wentz|40/100|[from] Recoil
|
|win|coping walrus
|raw|tury0611's rating: 1104 &rarr; <strong>1080</strong><br />(-24 for losing)
|raw|coping walrus's rating: 1114 &rarr; <strong>1138</strong><br />(+24 for winning)
|l|☆tury0611
|player|p1|
|l|☆coping walrus
|player|p2|
