|j|☆laqa
|j|☆blazikenx20
|t:|1757906690
|gametype|singles
|player|p1|laqa|101|1408
|player|p2|blazikenx20|hugh|1461
|gen|9
|tier|[Gen 9] OU
|rated|
|rule|HP Percentage Mod: HP is shown in percentages
|rule|Endless Battle Clause: Forcing endless battles is banned
|rule|Species Clause: Limit one of each Pokémon
|rule|OHKO Clause: OHKO moves are banned
|rule|Evasion Items Clause: Evasion items are banned
|rule|Evasion Moves Clause: Evasion moves are banned
|rule|Evasion Abilities Clause: Evasion abilities are banned
|rule|Sleep Moves Clause: Sleep-inducing moves are banned
|clearpoke
|poke|p1|Hydreigon, F|
|poke|p1|Gliscor, M|
|poke|p1|Zamazenta-*|
|poke|p1|Pecharunt|
|poke|p1|Iron Treads|
|poke|p1|Ogerpon-Wellspring, F|
|poke|p2|Great Tusk|
|poke|p2|Raging Bolt|
|poke|p2|Ting-Lu|
|poke|p2|Gholdengo|
|poke|p2|Iron Valiant|
|poke|p2|Dragonite, F|
|teampreview
|inactive|Battle timer is ON: inactive players will automatically lose when time's up. (requested by laqa)
|inactive|blazikenx20 has 120 seconds left.
|
|t:|1757906750
|teamsize|p1|6
|teamsize|p2|6
|start
|switch|p1a: Gliscor|Gliscor, M|100/100
|switch|p2a: Raging Bolt|Raging Bolt|100/100
|turn|1
|
|t:|1757906760
|move|p1a: Gliscor|Protect|p1a: Gliscor
|-singleturn|p1a: Gliscor|Protect
|move|p2a: Raging Bolt|Draco Meteor|p1a: Gliscor
|-activate|p1a: Gliscor|move: Protect
|
|-status|p1a: Gliscor|tox|[from] item: Toxic Orb
|upkeep
|turn|2
|
|t:|1757906770
|move|p1a: Gliscor|Knock Off|p2a: Raging Bolt
|-damage|p2a: Raging Bolt|83/100
|-enditem|p2a: Raging Bolt|Choice Specs|[from] move: Knock Off|[of] p1a: Gliscor
|move|p2a: Raging Bolt|Draco Meteor|p1a: Gliscor
|-damage|p1a: Gliscor|38/100 tox
|-unboost|p2a: Raging Bolt|spa|2
|
|-heal|p1a: Gliscor|50/100 tox|[from] ability: Poison Heal
|upkeep
|turn|3
|
|t:|1757906786
|-end|p2a: Raging Bolt|Protosynthesis|[silent]
|switch|p2a: Great Tusk|Great Tusk|100/100
|move|p1a: Gliscor|Spikes|p2a: Great Tusk
|-sidestart|p2: blazikenx20|Spikes
|
|-heal|p1a: Gliscor|63/100 tox|[from] ability: Poison Heal
|upkeep
|turn|4
|
|t:|1757906792
|move|p1a: Gliscor|U-turn|p2a: Great Tusk
|-resisted|p2a: Great Tusk
|-damage|p2a: Great Tusk|96/100
|
|t:|1757906804
|switch|p1a: Pecharunt|Pecharunt|100/100|[from] U-turn
|move|p2a: Great Tusk|Ice Spinner|p1a: Pecharunt
|-damage|p1a: Pecharunt|86/100
|
|upkeep
|turn|5
|
|t:|1757906823
|move|p1a: Pecharunt|Parting Shot|p2a: Great Tusk
|-unboost|p2a: Great Tusk|atk|1
|-unboost|p2a: Great Tusk|spa|1
|
|t:|1757906826
|switch|p1a: Gliscor|Gliscor, M|63/100 tox|[from] Parting Shot
|move|p2a: Great Tusk|Headlong Rush|p1a: Gliscor
|-immune|p1a: Gliscor
|
|-heal|p1a: Gliscor|75/100 tox|[from] ability: Poison Heal
|upkeep
|turn|6
|
|t:|1757906852
|switch|p1a: Ogerpon|Ogerpon-Wellspring, F|100/100
|-end|p2a: Great Tusk|Protosynthesis|[silent]
|switch|p2a: Ting-Lu|Ting-Lu|100/100
|-damage|p2a: Ting-Lu|88/100|[from] Spikes
|-ability|p2a: Ting-Lu|Vessel of Ruin
|
|-heal|p2a: Ting-Lu|94/100|[from] item: Leftovers
|upkeep
|turn|7
|
|t:|1757906866
|switch|p2a: Raging Bolt|Raging Bolt|83/100
|-damage|p2a: Raging Bolt|70/100|[from] Spikes
|move|p1a: Ogerpon|Ivy Cudgel|p2a: Raging Bolt|[anim] Ivy Cudgel Water
|-resisted|p2a: Raging Bolt
|-damage|p2a: Raging Bolt|44/100
|
|upkeep
|turn|8
|
|t:|1757906881
|switch|p1a: Iron Treads|Iron Treads|100/100
|-enditem|p1a: Iron Treads|Booster Energy
|-activate|p1a: Iron Treads|ability: Quark Drive|[fromitem]
|-start|p1a: Iron Treads|quarkdrivespe
|-end|p2a: Raging Bolt|Protosynthesis|[silent]
|switch|p2a: Ting-Lu|Ting-Lu|94/100
|-damage|p2a: Ting-Lu|82/100|[from] Spikes
|-ability|p2a: Ting-Lu|Vessel of Ruin
|
|-heal|p2a: Ting-Lu|88/100|[from] item: Leftovers
|upkeep
|turn|9
|
|t:|1757906893
|-end|p1a: Iron Treads|Quark Drive|[silent]
|switch|p1a: Hydreigon|Hydreigon, F|100/100
|move|p2a: Ting-Lu|Stealth Rock|p1a: Hydreigon
|-sidestart|p1: laqa|move: Stealth Rock
|
|-heal|p2a: Ting-Lu|94/100|[from] item: Leftovers
|upkeep
|turn|10
|
|t:|1757906899
|move|p1a: Hydreigon|Substitute|p1a: Hydreigon
|-start|p1a: Hydreigon|Substitute
|-damage|p1a: Hydreigon|76/100
|move|p2a: Ting-Lu|Whirlwind|p1a: Hydreigon
|drag|p1a: Iron Treads|Iron Treads|100/100
|-damage|p1a: Iron Treads|97/100|[from] Stealth Rock
|
|-heal|p2a: Ting-Lu|100/100|[from] item: Leftovers
|upkeep
|turn|11
|
|t:|1757906908
|move|p1a: Iron Treads|Stealth Rock|p2a: Ting-Lu
|-sidestart|p2: blazikenx20|move: Stealth Rock
|move|p2a: Ting-Lu|Earthquake|p1a: Iron Treads
|-supereffective|p1a: Iron Treads
|-damage|p1a: Iron Treads|26/100
|
|upkeep
|turn|12
|
|t:|1757906919
|move|p1a: Iron Treads|Rapid Spin|p2a: Ting-Lu
|-crit|p2a: Ting-Lu
|-damage|p2a: Ting-Lu|93/100
|-boost|p1a: Iron Treads|spe|1
|-sideend|p1: laqa|Stealth Rock|[from] move: Rapid Spin|[of] p1a: Iron Treads
|move|p2a: Ting-Lu|Earthquake|p1a: Iron Treads
|-supereffective|p1a: Iron Treads
|-damage|p1a: Iron Treads|0 fnt
|faint|p1a: Iron Treads
|-end|p1a: Iron Treads|Quark Drive|[silent]
|
|-heal|p2a: Ting-Lu|99/100|[from] item: Leftovers
|upkeep
|
|t:|1757906925
|switch|p1a: Ogerpon|Ogerpon-Wellspring, F|100/100
|turn|13
|inactive|blazikenx20 has 120 seconds left.
|inactive|blazikenx20 has 90 seconds left.
|inactive|blazikenx20 has 60 seconds left.
|
|t:|1757907027
|switch|p2a: Raging Bolt|Raging Bolt|44/100
|-damage|p2a: Raging Bolt|32/100|[from] Spikes
|-damage|p2a: Raging Bolt|19/100|[from] Stealth Rock
|move|p1a: Ogerpon|Ivy Cudgel|p2a: Raging Bolt|[anim] Ivy Cudgel Water
|-resisted|p2a: Raging Bolt
|-damage|p2a: Raging Bolt|0 fnt
|faint|p2a: Raging Bolt
|-end|p2a: Raging Bolt|Protosynthesis|[silent]
|
|upkeep
|
|t:|1757907031
|switch|p2a: Dragonite|Dragonite, F|100/100
|turn|14
|inactive|blazikenx20 has 60 seconds left.
|
|t:|1757907039
|move|p1a: Ogerpon|Play Rough|p2a: Dragonite
|-supereffective|p2a: Dragonite
|-damage|p2a: Dragonite|61/100
|move|p2a: Dragonite|Dragon Dance|p2a: Dragonite
|-boost|p2a: Dragonite|atk|1
|-boost|p2a: Dragonite|spe|1
|
|upkeep
|turn|15
|
|t:|1757907052
|move|p2a: Dragonite|Outrage|p1a: Ogerpon
|-crit|p1a: Ogerpon
|-damage|p1a: Ogerpon|0 fnt
|faint|p1a: Ogerpon
|
|upkeep
|
|t:|1757907058
|switch|p1a: Pecharunt|Pecharunt|86/100
|turn|16
|
|t:|1757907063
|move|p2a: Dragonite|Outrage|p1a: Pecharunt|[from] lockedmove
|-damage|p1a: Pecharunt|35/100
|-start|p2a: Dragonite|confusion|[fatigue]
|move|p1a: Pecharunt|Malignant Chain|p2a: Dragonite
|-damage|p2a: Dragonite|30/100
|-status|p2a: Dragonite|tox
|
|-damage|p2a: Dragonite|23/100 tox|[from] psn
|upkeep
|turn|17
|
|t:|1757907089
|switch|p1a: Gliscor|Gliscor, M|75/100 tox
|-activate|p2a: Dragonite|confusion
|-damage|p2a: Dragonite|0 fnt|[from] confusion
|faint|p2a: Dragonite
|
|-heal|p1a: Gliscor|88/100 tox|[from] ability: Poison Heal
|upkeep
|inactive|blazikenx20 has 60 seconds left.
|
|t:|1757907110
|switch|p2a: Iron Valiant|Iron Valiant|100/100
|-damage|p2a: Iron Valiant|88/100|[from] Spikes
|-damage|p2a: Iron Valiant|82/100|[from] Stealth Rock
|-enditem|p2a: Iron Valiant|Booster Energy
|-activate|p2a: Iron Valiant|ability: Quark Drive|[fromitem]
|-start|p2a: Iron Valiant|quarkdrivespe
|turn|18
|
|t:|1757907118
|move|p2a: Iron Valiant|Moonblast|p1a: Gliscor
|-damage|p1a: Gliscor|47/100 tox
|-unboost|p1a: Gliscor|spa|1
|move|p1a: Gliscor|U-turn|p2a: Iron Valiant
|-resisted|p2a: Iron Valiant
|-damage|p2a: Iron Valiant|77/100
|
|t:|1757907131
|switch|p1a: Pecharunt|Pecharunt|35/100|[from] U-turn
|
|upkeep
|turn|19
|
|t:|1757907143
|move|p2a: Iron Valiant|Shadow Ball|p1a: Pecharunt
|-supereffective|p1a: Pecharunt
|-damage|p1a: Pecharunt|0 fnt
|faint|p1a: Pecharunt
|
|upkeep
|
|t:|1757907146
|switch|p1a: Gliscor|Gliscor, M|47/100 tox
|turn|20
|
|t:|1757907151
|move|p1a: Gliscor|Protect|p1a: Gliscor
|-singleturn|p1a: Gliscor|Protect
|move|p2a: Iron Valiant|Moonblast|p1a: Gliscor
|-activate|p1a: Gliscor|move: Protect
|
|-heal|p1a: Gliscor|59/100 tox|[from] ability: Poison Heal
|upkeep
|turn|21
|
|t:|1757907157
|move|p2a: Iron Valiant|Encore|p1a: Gliscor
|-start|p1a: Gliscor|Encore
|move|p1a: Gliscor|Protect||[still]
|-fail|p1a: Gliscor
|
|-heal|p1a: Gliscor|72/100 tox|[from] ability: Poison Heal
|upkeep
|turn|22
|
|t:|1757907160
|move|p1a: Gliscor|Protect|p1a: Gliscor
|-singleturn|p1a: Gliscor|Protect
|move|p2a: Iron Valiant|Moonblast|p1a: Gliscor
|-activate|p1a: Gliscor|move: Protect
|
|-heal|p1a: Gliscor|84/100 tox|[from] ability: Poison Heal
|upkeep
|turn|23
|
|t:|1757907173
|move|p1a: Gliscor|Protect||[still]
|-fail|p1a: Gliscor
|move|p2a: Iron Valiant|Moonblast|p1a: Gliscor
|-damage|p1a: Gliscor|47/100 tox
|-unboost|p1a: Gliscor|spa|1
|
|-heal|p1a: Gliscor|59/100 tox|[from] ability: Poison Heal
|-end|p1a: Gliscor|Encore
|upkeep
|turn|24
|
|t:|1757907179
|switch|p1a: Zamazenta|Zamazenta|100/100
|-ability|p1a: Zamazenta|Dauntless Shield|boost
|-boost|p1a: Zamazenta|def|1
|move|p2a: Iron Valiant|Moonblast|p1a: Zamazenta
|-supereffective|p1a: Zamazenta
|-damage|p1a: Zamazenta|8/100
|
|upkeep
|turn|25
|
|t:|1757907183
|move|p2a: Iron Valiant|Moonblast|p1a: Zamazenta
|-supereffective|p1a: Zamazenta
|-damage|p1a: Zamazenta|0 fnt
|faint|p1a: Zamazenta
|
|upkeep
|
|t:|1757907186
|switch|p1a: Hydreigon|Hydreigon, F|76/100
|turn|26
|
|t:|1757907199
|-terastallize|p1a: Hydreigon|Steel
|move|p2a: Iron Valiant|Close Combat|p1a: Hydreigon
|-supereffective|p1a: Hydreigon
|-damage|p1a: Hydreigon|0 fnt
|-unboost|p2a: Iron Valiant|def|1
|-unboost|p2a: Iron Valiant|spd|1
|faint|p1a: Hydreigon
|
|upkeep
|-message|laqa forfeited.
|
|win|blazikenx20
|raw|laqa's rating: 1408 &rarr; <strong>1391</strong><br />(-17 for losing)
|raw|blazikenx20's rating: 1461 &rarr; <strong>1478</strong><br />(+17 for winning)
|l|☆laqa
|player|p1|
