|j|☆Alligatorgolden2
|j|☆mrpipsbulkyoffense
|t:|1757862892
|gametype|singles
|player|p1|Alligatorgolden2|lance|1281
|player|p2|mrpipsbulkyoffense|266|1207
|gen|9
|tier|[Gen 9] OU
|rated|
|rule|HP Percentage Mod: HP is shown in percentages
|rule|Endless Battle Clause: Forcing endless battles is banned
|rule|Species Clause: Limit one of each Pokémon
|rule|OHKO Clause: OHKO moves are banned
|rule|Evasion Items Clause: Evasion items are banned
|rule|Evasion Moves Clause: Evasion moves are banned
|rule|Evasion Abilities Clause: Evasion abilities are banned
|rule|Sleep Moves Clause: Sleep-inducing moves are banned
|clearpoke
|poke|p1|Feraligatr, M|
|poke|p1|Arcanine-Hisui, M|
|poke|p1|Haxorus, M|
|poke|p1|Zoroark-Hisui, F|
|poke|p1|Great Tusk|
|poke|p1|Skeledirge, M|
|poke|p2|Lokix, M|
|poke|p2|Cinderace, M|
|poke|p2|Great Tusk|
|poke|p2|Alomomola, M|
|poke|p2|Enamorus, F|
|poke|p2|Slowking-Galar, M|
|teampreview
|
|t:|1757862921
|teamsize|p1|6
|teamsize|p2|6
|start
|switch|p1a: Alligator|Feraligatr, M|100/100
|switch|p2a: Lokix|Lokix, M|100/100
|turn|1
|
|t:|1757862934
|move|p2a: Lokix|U-turn|p1a: Alligator
|-damage|p1a: Alligator|59/100
|
|t:|1757862984
|switch|p2a: Slowking|Slowking-Galar, M|100/100|[from] U-turn
|move|p1a: Alligator|Dragon Dance|p1a: Alligator
|-boost|p1a: Alligator|atk|1
|-boost|p1a: Alligator|spe|1
|
|upkeep
|turn|2
|
|t:|1757862996
|move|p1a: Alligator|Crunch|p2a: Slowking
|-supereffective|p2a: Slowking
|-damage|p2a: Slowking|18/100
|move|p2a: Slowking|Future Sight|p1a: Alligator
|-start|p2a: Slowking|move: Future Sight
|
|upkeep
|turn|3
|
|t:|1757863016
|move|p1a: Alligator|Ice Punch|p2a: Slowking
|-damage|p2a: Slowking|0 fnt
|faint|p2a: Slowking
|
|upkeep
|
|t:|1757863022
|switch|p2a: Lokix|Lokix, M|100/100
|turn|4
|
|t:|1757863027
|move|p2a: Lokix|First Impression|p1a: Alligator
|-damage|p1a: Alligator|0 fnt
|faint|p1a: Alligator
|
|-hint|Future Sight did not hit because the target is fainted.
|upkeep
|
|t:|1757863036
|switch|p1a: Helllcycle|Arcanine-Hisui, M|100/100
|turn|5
|
|t:|1757863074
|switch|p2a: Alomomola|Alomomola, M|100/100
|move|p1a: Helllcycle|Hyper Voice|p2a: Alomomola
|-damage|p2a: Alomomola|79/100
|
|upkeep
|turn|6
|
|t:|1757863085
|switch|p1a: Skully|Skeledirge, M, shiny|100/100
|move|p2a: Alomomola|Flip Turn|p1a: Skully
|-supereffective|p1a: Skully
|-damage|p1a: Skully|71/100
|
|t:|1757863135
|switch|p2a: Lokix|Lokix, M|100/100|[from] Flip Turn
|
|-heal|p1a: Skully|77/100|[from] item: Leftovers
|upkeep
|turn|7
|inactive|Battle timer is ON: inactive players will automatically lose when time's up. (requested by Alligatorgolden2)
|
|t:|1757863143
|-terastallize|p1a: Skully|Fairy
|move|p2a: Lokix|Knock Off|p1a: Skully
|-resisted|p1a: Skully
|-damage|p1a: Skully|20/100
|-enditem|p1a: Skully|Leftovers|[from] move: Knock Off|[of] p2a: Lokix
|move|p1a: Skully|Will-O-Wisp|p2a: Lokix
|-status|p2a: Lokix|brn
|
|-damage|p2a: Lokix|94/100 brn|[from] brn
|upkeep
|turn|8
|
|t:|1757863158
|move|p2a: Lokix|Knock Off|p1a: Skully
|-resisted|p1a: Skully
|-damage|p1a: Skully|2/100
|move|p1a: Skully|Slack Off|p1a: Skully
|-heal|p1a: Skully|52/100
|
|-damage|p2a: Lokix|88/100 brn|[from] brn
|upkeep
|turn|9
|
|t:|1757863182
|switch|p2a: Cinderace|Cinderace, M|100/100
|move|p1a: Skully|Slack Off|p1a: Skully
|-heal|p1a: Skully|100/100
|
|upkeep
|turn|10
|
|t:|1757863191
|switch|p1a: Hannibal|Great Tusk|100/100
|-enditem|p1a: Hannibal|Booster Energy
|-activate|p1a: Hannibal|ability: Protosynthesis|[fromitem]
|-start|p1a: Hannibal|protosynthesisatk
|move|p2a: Cinderace|Will-O-Wisp|p1a: Hannibal
|-status|p1a: Hannibal|brn
|
|-damage|p1a: Hannibal|94/100 brn|[from] brn
|upkeep
|turn|11
|
|t:|1757863206
|move|p2a: Cinderace|U-turn|p1a: Hannibal
|-resisted|p1a: Hannibal
|-damage|p1a: Hannibal|89/100 brn
|
|t:|1757863217
|switch|p2a: Alomomola|Alomomola, M|100/100|[from] U-turn
|move|p1a: Hannibal|Stealth Rock|p2a: Alomomola
|-sidestart|p2: mrpipsbulkyoffense|move: Stealth Rock
|
|-damage|p1a: Hannibal|83/100 brn|[from] brn
|upkeep
|turn|12
|
|t:|1757863229
|move|p1a: Hannibal|Earthquake|p2a: Alomomola
|-damage|p2a: Alomomola|73/100
|move|p2a: Alomomola|Flip Turn|p1a: Hannibal
|-supereffective|p1a: Hannibal
|-damage|p1a: Hannibal|63/100 brn
|inactive|mrpipsbulkyoffense has 120 seconds left.
|
|t:|1757863242
|switch|p2a: Enamorus|Enamorus, F|100/100|[from] Flip Turn
|-damage|p2a: Enamorus|76/100|[from] Stealth Rock
|
|-damage|p1a: Hannibal|56/100 brn|[from] brn
|upkeep
|turn|13
|
|t:|1757863251
|move|p2a: Enamorus|Moonblast|p1a: Hannibal
|-supereffective|p1a: Hannibal
|-damage|p1a: Hannibal|0 fnt
|faint|p1a: Hannibal
|-end|p1a: Hannibal|Protosynthesis|[silent]
|
|upkeep
|
|t:|1757863257
|switch|p1a: Skully|Skeledirge, M, shiny, tera:Fairy|100/100
|turn|14
|
|t:|1757863263
|-terastallize|p2a: Enamorus|Stellar
|move|p2a: Enamorus|Moonblast|p1a: Skully
|-crit|p1a: Skully
|-damage|p1a: Skully|18/100
|move|p1a: Skully|Torch Song|p2a: Enamorus
|-damage|p2a: Enamorus|30/100
|-boost|p1a: Skully|spa|1
|
|upkeep
|turn|15
|
|t:|1757863275
|move|p2a: Enamorus|Moonblast|p1a: Skully
|-crit|p1a: Skully
|-damage|p1a: Skully|0 fnt
|faint|p1a: Skully
|
|upkeep
|
|t:|1757863284
|switch|p1a: Helllcycle|Arcanine-Hisui, M|100/100
|turn|16
|
|t:|1757863296
|switch|p2a: Great Tusk|Great Tusk|100/100
|-damage|p2a: Great Tusk|98/100|[from] Stealth Rock
|move|p1a: Helllcycle|Nasty Plot|p1a: Helllcycle
|-boost|p1a: Helllcycle|spa|2
|
|-heal|p2a: Great Tusk|100/100|[from] item: Leftovers
|upkeep
|turn|17
|
|t:|1757863305
|move|p1a: Helllcycle|Grass Knot|p2a: Great Tusk
|-supereffective|p2a: Great Tusk
|-damage|p2a: Great Tusk|0 fnt
|faint|p2a: Great Tusk
|-end|p2a: Great Tusk|Protosynthesis|[silent]
|
|upkeep
|
|t:|1757863323
|switch|p2a: Cinderace|Cinderace, M|100/100
|turn|18
|
|t:|1757863329
|move|p2a: Cinderace|U-turn|p1a: Helllcycle
|-resisted|p1a: Helllcycle
|-damage|p1a: Helllcycle|82/100
|replace|p1a: Bella|Zoroark-Hisui, F
|-end|p1a: Bella|Illusion
|
|t:|1757863339
|switch|p2a: Alomomola|Alomomola, M|100/100|[from] U-turn
|-damage|p2a: Alomomola|88/100|[from] Stealth Rock
|move|p1a: Bella|Hyper Voice|p2a: Alomomola
|-damage|p2a: Alomomola|44/100
|
|upkeep
|turn|19
|inactive|mrpipsbulkyoffense has 120 seconds left.
|
|t:|1757863368
|move|p1a: Bella|Hyper Voice|p2a: Alomomola
|-damage|p2a: Alomomola|0 fnt
|faint|p2a: Alomomola
|
|upkeep
|inactive|mrpipsbulkyoffense has 120 seconds left.
|
|t:|1757863385
|switch|p2a: Cinderace|Cinderace, M|100/100
|turn|20
|
|t:|1757863390
|move|p2a: Cinderace|U-turn|p1a: Bella
|-resisted|p1a: Bella
|-damage|p1a: Bella|61/100
|
|t:|1757863394
|switch|p2a: Enamorus|Enamorus, F, tera:Stellar|30/100|[from] U-turn
|-damage|p2a: Enamorus|5/100|[from] Stealth Rock
|move|p1a: Bella|Bitter Malice|p2a: Enamorus
|-damage|p2a: Enamorus|0 fnt
|faint|p2a: Enamorus
|
|upkeep
|inactive|mrpipsbulkyoffense has 120 seconds left.
|
|t:|1757863406
|switch|p2a: Lokix|Lokix, M|88/100 brn
|-damage|p2a: Lokix|63/100 brn|[from] Stealth Rock
|turn|21
|inactive|mrpipsbulkyoffense has 120 seconds left.
|
|t:|1757863414
|move|p2a: Lokix|First Impression|p1a: Bella
|-resisted|p1a: Bella
|-damage|p1a: Bella|0 fnt
|faint|p1a: Bella
|
|-damage|p2a: Lokix|57/100 brn|[from] brn
|upkeep
|
|t:|1757863423
|switch|p1a: Helllcycle|Arcanine-Hisui, M|100/100
|turn|22
|
|t:|1757863427
|switch|p2a: Cinderace|Cinderace, M|100/100
|move|p1a: Helllcycle|Head Smash|p2a: Cinderace
|-supereffective|p2a: Cinderace
|-damage|p2a: Cinderace|0 fnt
|faint|p2a: Cinderace
|-damage|p1a: Helllcycle|91/100|[from] item: Life Orb
|
|upkeep
|
|t:|1757863436
|switch|p2a: Lokix|Lokix, M|57/100 brn
|-damage|p2a: Lokix|32/100 brn|[from] Stealth Rock
|turn|23
|
|t:|1757863440
|move|p2a: Lokix|First Impression|p1a: Helllcycle
|-resisted|p1a: Helllcycle
|-damage|p1a: Helllcycle|49/100
|move|p1a: Helllcycle|Flare Blitz|p2a: Lokix
|-supereffective|p2a: Lokix
|-damage|p2a: Lokix|0 fnt
|faint|p2a: Lokix
|-damage|p1a: Helllcycle|39/100|[from] item: Life Orb
|
|win|Alligatorgolden2
|raw|Alligatorgolden2's rating: 1281 &rarr; <strong>1301</strong><br />(+20 for winning)
|raw|mrpipsbulkyoffense's rating: 1207 &rarr; <strong>1187</strong><br />(-20 for losing)
