|j|☆napkin_56
|j|☆Turducken64
|t:|1757909858
|gametype|singles
|player|p1|napkin_56|policeman-gen4|1527
|player|p2|Turducken64|hiker-gen4|1459
|gen|9
|tier|[Gen 9] OU
|rated|
|rule|HP Percentage Mod: HP is shown in percentages
|rule|Endless Battle Clause: Forcing endless battles is banned
|rule|Species Clause: Limit one of each Pokémon
|rule|OHKO Clause: OHKO moves are banned
|rule|Evasion Items Clause: Evasion items are banned
|rule|Evasion Moves Clause: Evasion moves are banned
|rule|Evasion Abilities Clause: Evasion abilities are banned
|rule|Sleep Moves Clause: Sleep-inducing moves are banned
|clearpoke
|poke|p1|Thundurus-Therian, M|
|poke|p1|Gholdengo|
|poke|p1|Landorus-Therian, M|
|poke|p1|Samurott-Hisui, M|
|poke|p1|Zamazenta-*|
|poke|p1|Slowking-Galar, M|
|poke|p2|Umbreon, F|
|poke|p2|Gliscor, M|
|poke|p2|Dragonite, M|
|poke|p2|Iron Treads|
|poke|p2|Hatterene, F|
|poke|p2|Sinistcha|
|teampreview
|inactive|Battle timer is ON: inactive players will automatically lose when time's up. (requested by napkin_56)
|
|t:|1757909863
|teamsize|p1|6
|teamsize|p2|6
|start
|switch|p1a: Thundurus|Thundurus-Therian, M|100/100
|switch|p2a: Hatterene|Hatterene, F|100/100
|turn|1
|
|t:|1757909867
|switch|p2a: Iron Treads|Iron Treads|100/100
|move|p1a: Thundurus|Knock Off|p2a: Iron Treads
|-damage|p2a: Iron Treads|84/100
|-enditem|p2a: Iron Treads|Leftovers|[from] move: Knock Off|[of] p1a: Thundurus
|
|upkeep
|turn|2
|
|t:|1757909874
|switch|p1a: Landorus|Landorus-Therian, M|100/100
|-ability|p1a: Landorus|Intimidate|boost
|-unboost|p2a: Iron Treads|atk|1
|move|p2a: Iron Treads|Stealth Rock|p1a: Landorus
|-sidestart|p1: napkin_56|move: Stealth Rock
|
|upkeep
|turn|3
|
|t:|1757909881
|-end|p2a: Iron Treads|Quark Drive|[silent]
|switch|p2a: Gliscor|Gliscor, M|100/100
|move|p1a: Landorus|Stealth Rock|p2a: Gliscor
|-sidestart|p2: Turducken64|move: Stealth Rock
|
|-status|p2a: Gliscor|tox|[from] item: Toxic Orb
|upkeep
|turn|4
|
|t:|1757909884
|move|p2a: Gliscor|Spikes|p1a: Landorus
|-sidestart|p1: napkin_56|Spikes
|move|p1a: Landorus|Taunt|p2a: Gliscor
|-start|p2a: Gliscor|move: Taunt
|
|upkeep
|turn|5
|
|t:|1757909895
|move|p2a: Gliscor|Knock Off|p1a: Landorus
|-damage|p1a: Landorus|80/100
|-damage|p2a: Gliscor|84/100 tox|[from] item: Rocky Helmet|[of] p1a: Landorus
|-enditem|p1a: Landorus|Rocky Helmet|[from] move: Knock Off|[of] p2a: Gliscor
|move|p1a: Landorus|U-turn|p2a: Gliscor
|-resisted|p2a: Gliscor
|-damage|p2a: Gliscor|75/100 tox
|inactive|napkin_56 has 120 seconds left.
|
|t:|1757909932
|switch|p1a: Slowking|Slowking-Galar, M|100/100|[from] U-turn
|
|-heal|p2a: Gliscor|87/100 tox|[from] ability: Poison Heal
|upkeep
|turn|6
|
|t:|1757909939
|switch|p2a: Iron Treads|Iron Treads|84/100
|-damage|p2a: Iron Treads|81/100|[from] Stealth Rock
|switch|p1a: Thundurus|Thundurus-Therian, M|100/100
|
|upkeep
|turn|7
|inactive|napkin_56 has 120 seconds left.
|
|t:|1757909950
|switch|p1a: Landorus|Landorus-Therian, M|80/100
|-damage|p1a: Landorus|68/100|[from] Stealth Rock
|-ability|p1a: Landorus|Intimidate|boost
|-unboost|p2a: Iron Treads|atk|1
|move|p2a: Iron Treads|Rapid Spin|p1a: Landorus
|-damage|p1a: Landorus|60/100
|-boost|p2a: Iron Treads|spe|1
|-sideend|p2: Turducken64|Stealth Rock|[from] move: Rapid Spin|[of] p2a: Iron Treads
|
|upkeep
|turn|8
|
|t:|1757909957
|-end|p2a: Iron Treads|Quark Drive|[silent]
|switch|p2a: Hatterene|Hatterene, F|100/100
|move|p1a: Landorus|Stealth Rock|p2a: Hatterene
|move|p2a: Hatterene|Stealth Rock||[from] ability: Magic Bounce|[still]
|-fail|p2a: Hatterene
|
|upkeep
|turn|9
|
|t:|1757909963
|move|p1a: Landorus|U-turn|p2a: Hatterene
|-damage|p2a: Hatterene|82/100
|-damage|p1a: Landorus|43/100|[from] item: Rocky Helmet|[of] p2a: Hatterene
|
|t:|1757909968
|switch|p1a: Slowking|Slowking-Galar, M|100/100|[from] U-turn
|move|p2a: Hatterene|Mystical Fire|p1a: Slowking
|-damage|p1a: Slowking|87/100
|-unboost|p1a: Slowking|spa|1
|
|upkeep
|turn|10
|
|t:|1757909972
|switch|p2a: Gliscor|Gliscor, M|87/100 tox
|-prepare|p1a: Slowking|Chilly Reception|[premajor]
|move|p1a: Slowking|Chilly Reception|p1a: Slowking
|-weather|Snowscape
|
|t:|1757909976
|switch|p1a: Landorus|Landorus-Therian, M|43/100|[from] Chilly Reception
|-damage|p1a: Landorus|31/100|[from] Stealth Rock
|-ability|p1a: Landorus|Intimidate|boost
|-unboost|p2a: Gliscor|atk|1
|
|-weather|Snowscape|[upkeep]
|-heal|p2a: Gliscor|99/100 tox|[from] ability: Poison Heal
|upkeep
|turn|11
|
|t:|1757909979
|switch|p2a: Hatterene|Hatterene, F|82/100
|move|p1a: Landorus|Stealth Rock|p2a: Hatterene
|move|p2a: Hatterene|Stealth Rock||[from] ability: Magic Bounce|[still]
|-fail|p2a: Hatterene
|
|-weather|Snowscape|[upkeep]
|upkeep
|turn|12
|
|t:|1757909983
|switch|p1a: Slowking|Slowking-Galar, M|100/100
|move|p2a: Hatterene|Psychic Noise|p1a: Slowking
|-damage|p1a: Slowking|80/100
|-start|p1a: Slowking|move: Heal Block
|
|-weather|Snowscape|[upkeep]
|upkeep
|turn|13
|
|t:|1757909987
|switch|p2a: Gliscor|Gliscor, M|99/100 tox
|move|p1a: Slowking|Future Sight|p2a: Gliscor
|-start|p1a: Slowking|move: Future Sight
|
|-weather|Snowscape|[upkeep]
|-heal|p2a: Gliscor|100/100 tox|[from] ability: Poison Heal
|-end|p1a: Slowking|move: Heal Block
|upkeep
|turn|14
|
|t:|1757909992
|switch|p1a: Landorus|Landorus-Therian, M|31/100
|-damage|p1a: Landorus|18/100|[from] Stealth Rock
|-ability|p1a: Landorus|Intimidate|boost
|-unboost|p2a: Gliscor|atk|1
|move|p2a: Gliscor|Knock Off|p1a: Landorus
|-damage|p1a: Landorus|10/100
|
|-weather|none
|upkeep
|turn|15
|
|t:|1757910001
|switch|p2a: Hatterene|Hatterene, F|82/100
|move|p1a: Landorus|Stealth Rock|p2a: Hatterene
|move|p2a: Hatterene|Stealth Rock||[from] ability: Magic Bounce|[still]
|-fail|p2a: Hatterene
|
|-end|p2a: Hatterene|move: Future Sight
|-resisted|p2a: Hatterene
|-damage|p2a: Hatterene|57/100
|upkeep
|turn|16
|
|t:|1757910010
|move|p1a: Landorus|Earthquake|p2a: Hatterene
|-damage|p2a: Hatterene|14/100
|move|p2a: Hatterene|Draining Kiss|p1a: Landorus
|-damage|p1a: Landorus|0 fnt
|-heal|p2a: Hatterene|23/100|[from] drain|[of] p1a: Landorus
|faint|p1a: Landorus
|
|upkeep
|
|t:|1757910019
|switch|p1a: Samurott|Samurott-Hisui, M|100/100
|turn|17
|
|t:|1757910020
|move|p1a: Samurott|Ceaseless Edge|p2a: Hatterene
|-damage|p2a: Hatterene|0 fnt
|-damage|p1a: Samurott|84/100|[from] item: Rocky Helmet|[of] p2a: Hatterene
|-sidestart|p2: Turducken64|Spikes
|faint|p2a: Hatterene
|
|upkeep
|
|t:|1757910025
|switch|p2a: Dragonite|Dragonite, M|100/100
|turn|18
|
|t:|1757910031
|switch|p1a: Zamazenta|Zamazenta|100/100
|-ability|p1a: Zamazenta|Dauntless Shield|boost
|-boost|p1a: Zamazenta|def|1
|move|p2a: Dragonite|Extreme Speed|p1a: Zamazenta
|-damage|p1a: Zamazenta|78/100
|
|upkeep
|turn|19
|
|t:|1757910037
|switch|p2a: Sinistcha|Sinistcha|100/100
|move|p1a: Zamazenta|Crunch|p2a: Sinistcha
|-supereffective|p2a: Sinistcha
|-damage|p2a: Sinistcha|71/100
|
|upkeep
|turn|20
|
|t:|1757910044
|switch|p1a: Slowking|Slowking-Galar, M|100/100
|switch|p2a: Gliscor|Gliscor, M|100/100 tox
|
|upkeep
|turn|21
|
|t:|1757910060
|switch|p1a: Samurott|Samurott-Hisui, M|84/100
|move|p2a: Gliscor|Earthquake|p1a: Samurott
|-damage|p1a: Samurott|49/100
|
|upkeep
|turn|22
|
|t:|1757910066
|move|p1a: Samurott|Ceaseless Edge|p2a: Gliscor|[miss]
|-miss|p1a: Samurott|p2a: Gliscor
|move|p2a: Gliscor|Knock Off|p1a: Samurott
|-resisted|p1a: Samurott
|-damage|p1a: Samurott|37/100
|-enditem|p1a: Samurott|Heavy-Duty Boots|[from] move: Knock Off|[of] p2a: Gliscor
|
|upkeep
|turn|23
|
|t:|1757910069
|move|p1a: Samurott|Ceaseless Edge|p2a: Gliscor
|-damage|p2a: Gliscor|71/100 tox
|-sidestart|p2: Turducken64|Spikes
|move|p2a: Gliscor|Earthquake|p1a: Samurott
|-damage|p1a: Samurott|6/100
|
|-heal|p2a: Gliscor|83/100 tox|[from] ability: Poison Heal
|upkeep
|turn|24
|
|t:|1757910074
|move|p1a: Samurott|Aqua Cutter|p2a: Gliscor
|-supereffective|p2a: Gliscor
|-damage|p2a: Gliscor|23/100 tox
|move|p2a: Gliscor|Earthquake|p1a: Samurott
|-crit|p1a: Samurott
|-damage|p1a: Samurott|0 fnt
|faint|p1a: Samurott
|
|-heal|p2a: Gliscor|35/100 tox|[from] ability: Poison Heal
|upkeep
|
|t:|1757910079
|switch|p1a: Thundurus|Thundurus-Therian, M|100/100
|turn|25
|
|t:|1757910084
|-terastallize|p1a: Thundurus|Ice
|move|p2a: Gliscor|Protect|p2a: Gliscor
|-singleturn|p2a: Gliscor|Protect
|move|p1a: Thundurus|Tera Blast|p2a: Gliscor|[anim] Tera Blast Ice
|-activate|p2a: Gliscor|move: Protect
|
|-heal|p2a: Gliscor|48/100 tox|[from] ability: Poison Heal
|upkeep
|turn|26
|
|t:|1757910093
|switch|p2a: Umbreon|Umbreon, F|100/100
|-damage|p2a: Umbreon|84/100|[from] Spikes
|move|p1a: Thundurus|Tera Blast|p2a: Umbreon|[anim] Tera Blast Ice
|-damage|p2a: Umbreon|57/100
|
|-heal|p2a: Umbreon|63/100|[from] item: Leftovers
|upkeep
|turn|27
|
|t:|1757910105
|move|p1a: Thundurus|Knock Off|p2a: Umbreon
|-resisted|p2a: Umbreon
|-damage|p2a: Umbreon|56/100
|-enditem|p2a: Umbreon|Leftovers|[from] move: Knock Off|[of] p1a: Thundurus
|move|p2a: Umbreon|Wish|p2a: Umbreon
|
|upkeep
|turn|28
|
|t:|1757910115
|switch|p2a: Iron Treads|Iron Treads|81/100
|-damage|p2a: Iron Treads|64/100|[from] Spikes
|move|p1a: Thundurus|Tera Blast|p2a: Iron Treads|[anim] Tera Blast Ice
|-damage|p2a: Iron Treads|28/100
|
|-heal|p2a: Iron Treads|79/100|[from] move: Wish|[wisher] Umbreon
|upkeep
|turn|29
|
|t:|1757910125
|switch|p1a: Gholdengo|Gholdengo|100/100
|-damage|p1a: Gholdengo|95/100|[from] Stealth Rock
|-damage|p1a: Gholdengo|82/100|[from] Spikes
|move|p2a: Iron Treads|Knock Off|p1a: Gholdengo
|-supereffective|p1a: Gholdengo
|-damage|p1a: Gholdengo|23/100
|-enditem|p1a: Gholdengo|Choice Scarf|[from] move: Knock Off|[of] p2a: Iron Treads
|
|upkeep
|turn|30
|
|t:|1757910134
|switch|p1a: Zamazenta|Zamazenta|78/100
|move|p2a: Iron Treads|Earthquake|p1a: Zamazenta
|-damage|p1a: Zamazenta|50/100
|
|upkeep
|turn|31
|
|t:|1757910148
|-end|p2a: Iron Treads|Quark Drive|[silent]
|switch|p2a: Gliscor|Gliscor, M|48/100 tox
|move|p1a: Zamazenta|Body Press|p2a: Gliscor
|-resisted|p2a: Gliscor
|-crit|p2a: Gliscor
|-damage|p2a: Gliscor|27/100 tox
|
|-heal|p2a: Gliscor|40/100 tox|[from] ability: Poison Heal
|upkeep
|turn|32
|
|t:|1757910155
|switch|p1a: Thundurus|Thundurus-Therian, M, tera:Ice|100/100
|move|p2a: Gliscor|Knock Off|p1a: Thundurus
|-crit|p1a: Thundurus
|-damage|p1a: Thundurus|51/100
|-enditem|p1a: Thundurus|Heavy-Duty Boots|[from] move: Knock Off|[of] p2a: Gliscor
|
|-heal|p2a: Gliscor|52/100 tox|[from] ability: Poison Heal
|upkeep
|turn|33
|
|t:|1757910166
|move|p2a: Gliscor|Protect|p2a: Gliscor
|-singleturn|p2a: Gliscor|Protect
|move|p1a: Thundurus|Tera Blast|p2a: Gliscor|[anim] Tera Blast Ice
|-activate|p2a: Gliscor|move: Protect
|
|-heal|p2a: Gliscor|65/100 tox|[from] ability: Poison Heal
|upkeep
|turn|34
|
|t:|1757910168
|switch|p2a: Umbreon|Umbreon, F|56/100
|-damage|p2a: Umbreon|40/100|[from] Spikes
|move|p1a: Thundurus|Tera Blast|p2a: Umbreon|[anim] Tera Blast Ice
|-damage|p2a: Umbreon|12/100
|
|upkeep
|turn|35
|
|t:|1757910177
|move|p1a: Thundurus|Volt Switch|p2a: Umbreon
|-damage|p2a: Umbreon|0 fnt
|faint|p2a: Umbreon
|
|t:|1757910186
|switch|p1a: Gholdengo|Gholdengo|23/100|[from] Volt Switch
|-damage|p1a: Gholdengo|17/100|[from] Stealth Rock
|-damage|p1a: Gholdengo|5/100|[from] Spikes
|
|upkeep
|
|t:|1757910191
|switch|p2a: Gliscor|Gliscor, M|65/100 tox
|turn|36
|
|t:|1757910197
|move|p2a: Gliscor|Protect|p2a: Gliscor
|-singleturn|p2a: Gliscor|Protect
|move|p1a: Gholdengo|Make It Rain|p2a: Gliscor
|-activate|p2a: Gliscor|move: Protect
|
|-heal|p2a: Gliscor|77/100 tox|[from] ability: Poison Heal
|upkeep
|turn|37
|
|t:|1757910203
|move|p1a: Gholdengo|Make It Rain|p2a: Gliscor
|-damage|p2a: Gliscor|21/100 tox
|-unboost|p1a: Gholdengo|spa|1
|move|p2a: Gliscor|Knock Off|p1a: Gholdengo
|-supereffective|p1a: Gholdengo
|-damage|p1a: Gholdengo|0 fnt
|faint|p1a: Gholdengo
|
|-heal|p2a: Gliscor|33/100 tox|[from] ability: Poison Heal
|upkeep
|
|t:|1757910211
|switch|p1a: Thundurus|Thundurus-Therian, M, tera:Ice|51/100
|-damage|p1a: Thundurus|26/100|[from] Stealth Rock
|-damage|p1a: Thundurus|14/100|[from] Spikes
|turn|38
|
|t:|1757910220
|move|p2a: Gliscor|Protect|p2a: Gliscor
|-singleturn|p2a: Gliscor|Protect
|move|p1a: Thundurus|Tera Blast|p2a: Gliscor|[anim] Tera Blast Ice
|-activate|p2a: Gliscor|move: Protect
|
|-heal|p2a: Gliscor|46/100 tox|[from] ability: Poison Heal
|upkeep
|turn|39
|
|t:|1757910234
|-terastallize|p2a: Gliscor|Ghost
|move|p1a: Thundurus|Tera Blast|p2a: Gliscor|[anim] Tera Blast Ice
|-damage|p2a: Gliscor|7/100 tox
|move|p2a: Gliscor|Earthquake|p1a: Thundurus
|-damage|p1a: Thundurus|0 fnt
|faint|p1a: Thundurus
|
|-heal|p2a: Gliscor|20/100 tox|[from] ability: Poison Heal
|upkeep
|
|t:|1757910244
|switch|p1a: Zamazenta|Zamazenta|50/100
|turn|40
|
|t:|1757910250
|move|p2a: Gliscor|Protect|p2a: Gliscor
|-singleturn|p2a: Gliscor|Protect
|move|p1a: Zamazenta|Crunch|p2a: Gliscor
|-activate|p2a: Gliscor|move: Protect
|
|-heal|p2a: Gliscor|32/100 tox|[from] ability: Poison Heal
|upkeep
|turn|41
|
|t:|1757910253
|move|p1a: Zamazenta|Crunch|p2a: Gliscor
|-supereffective|p2a: Gliscor
|-damage|p2a: Gliscor|0 fnt
|faint|p2a: Gliscor
|
|upkeep
|
|t:|1757910255
|switch|p2a: Sinistcha|Sinistcha|71/100
|turn|42
|
|t:|1757910258
|switch|p1a: Slowking|Slowking-Galar, M|100/100
|move|p2a: Sinistcha|Strength Sap|p1a: Slowking
|-unboost|p1a: Slowking|atk|1
|-heal|p2a: Sinistcha|100/100
|
|upkeep
|turn|43
|
|t:|1757910261
|switch|p2a: Iron Treads|Iron Treads|79/100
|-damage|p2a: Iron Treads|63/100|[from] Spikes
|move|p1a: Slowking|Future Sight|p2a: Iron Treads
|-start|p1a: Slowking|move: Future Sight
|
|upkeep
|turn|44
|
|t:|1757910274
|move|p2a: Iron Treads|Knock Off|p1a: Slowking
|-supereffective|p1a: Slowking
|-damage|p1a: Slowking|50/100
|-enditem|p1a: Slowking|Heavy-Duty Boots|[from] move: Knock Off|[of] p2a: Iron Treads
|move|p1a: Slowking|Surf|p2a: Iron Treads
|-supereffective|p2a: Iron Treads
|-damage|p2a: Iron Treads|29/100
|
|upkeep
|turn|45
|
|t:|1757910282
|move|p2a: Iron Treads|Rapid Spin|p1a: Slowking
|-damage|p1a: Slowking|38/100
|-boost|p2a: Iron Treads|spe|1
|-sideend|p2: Turducken64|Spikes|[from] move: Rapid Spin|[of] p2a: Iron Treads
|-prepare|p1a: Slowking|Chilly Reception|[premajor]
|move|p1a: Slowking|Chilly Reception|p1a: Slowking
|-weather|Snowscape
|
|t:|1757910284
|switch|p1a: Zamazenta|Zamazenta|50/100|[from] Chilly Reception
|
|-weather|Snowscape|[upkeep]
|-end|p2a: Iron Treads|move: Future Sight
|-resisted|p2a: Iron Treads
|-damage|p2a: Iron Treads|11/100
|upkeep
|turn|46
|
|t:|1757910289
|move|p1a: Zamazenta|Iron Defense|p1a: Zamazenta
|-boost|p1a: Zamazenta|def|2
|move|p2a: Iron Treads|Knock Off|p1a: Zamazenta
|-resisted|p1a: Zamazenta
|-damage|p1a: Zamazenta|45/100
|-enditem|p1a: Zamazenta|Heavy-Duty Boots|[from] move: Knock Off|[of] p2a: Iron Treads
|
|-weather|Snowscape|[upkeep]
|upkeep
|turn|47
|
|t:|1757910293
|-end|p2a: Iron Treads|Quark Drive|[silent]
|switch|p2a: Sinistcha|Sinistcha|100/100
|move|p1a: Zamazenta|Body Press|p2a: Sinistcha
|-immune|p2a: Sinistcha
|
|-weather|Snowscape|[upkeep]
|upkeep
|turn|48
|
|t:|1757910296
|switch|p1a: Slowking|Slowking-Galar, M|71/100
|-damage|p1a: Slowking|59/100|[from] Stealth Rock
|-damage|p1a: Slowking|46/100|[from] Spikes
|move|p2a: Sinistcha|Calm Mind|p2a: Sinistcha
|-boost|p2a: Sinistcha|spa|1
|-boost|p2a: Sinistcha|spd|1
|
|-weather|Snowscape|[upkeep]
|upkeep
|turn|49
|
|t:|1757910298
|move|p2a: Sinistcha|Calm Mind|p2a: Sinistcha
|-boost|p2a: Sinistcha|spa|1
|-boost|p2a: Sinistcha|spd|1
|move|p1a: Slowking|Future Sight|p2a: Sinistcha
|-start|p1a: Slowking|move: Future Sight
|
|-weather|none
|upkeep
|turn|50
|
|t:|1757910301
|move|p2a: Sinistcha|Calm Mind|p2a: Sinistcha
|-boost|p2a: Sinistcha|spa|1
|-boost|p2a: Sinistcha|spd|1
|move|p1a: Slowking|Sludge Bomb|p2a: Sinistcha
|-damage|p2a: Sinistcha|85/100
|-status|p2a: Sinistcha|psn
|
|-damage|p2a: Sinistcha|72/100 psn|[from] psn
|upkeep
|turn|51
|
|t:|1757910304
|move|p2a: Sinistcha|Hex|p1a: Slowking
|-supereffective|p1a: Slowking
|-damage|p1a: Slowking|0 fnt
|faint|p1a: Slowking
|
|-end|p2a: Sinistcha|move: Future Sight
|-damage|p2a: Sinistcha|52/100 psn
|-damage|p2a: Sinistcha|39/100 psn|[from] psn
|upkeep
|
|t:|1757910307
|switch|p1a: Zamazenta|Zamazenta|45/100
|-damage|p1a: Zamazenta|39/100|[from] Stealth Rock
|-damage|p1a: Zamazenta|27/100|[from] Spikes
|turn|52
|
|t:|1757910308
|move|p1a: Zamazenta|Crunch|p2a: Sinistcha
|-supereffective|p2a: Sinistcha
|-damage|p2a: Sinistcha|9/100 psn
|move|p2a: Sinistcha|Strength Sap|p1a: Zamazenta
|-unboost|p1a: Zamazenta|atk|1
|-heal|p2a: Sinistcha|90/100 psn
|
|-damage|p2a: Sinistcha|78/100 psn|[from] psn
|upkeep
|turn|53
|
|t:|1757910313
|move|p1a: Zamazenta|Iron Defense|p1a: Zamazenta
|-boost|p1a: Zamazenta|def|2
|move|p2a: Sinistcha|Hex|p1a: Zamazenta
|-damage|p1a: Zamazenta|0 fnt
|faint|p1a: Zamazenta
|
|win|Turducken64
|raw|napkin_56's rating: 1527 &rarr; <strong>1503</strong><br />(-24 for losing)
|raw|Turducken64's rating: 1459 &rarr; <strong>1483</strong><br />(+24 for winning)
|l|☆napkin_56
|player|p1|
|l|☆Turducken64
|player|p2|
