|j|☆Obito 2001
|j|☆22doodle
|t:|1757932666
|gametype|singles
|player|p1|Obito 2001|blue-gen3two|1506
|player|p2|22doodle|lucas|1526
|gen|9
|tier|[Gen 9] OU
|rated|
|rule|HP Percentage Mod: HP is shown in percentages
|rule|Endless Battle Clause: Forcing endless battles is banned
|rule|Species Clause: Limit one of each Pokémon
|rule|OHKO Clause: OHKO moves are banned
|rule|Evasion Items Clause: Evasion items are banned
|rule|Evasion Moves Clause: Evasion moves are banned
|rule|Evasion Abilities Clause: Evasion abilities are banned
|rule|Sleep Moves Clause: Sleep-inducing moves are banned
|clearpoke
|poke|p1|Hoopa-Unbound|
|poke|p1|Masquerain, M|
|poke|p1|Great Tusk|
|poke|p1|Corviknight, F|
|poke|p1|Slither Wing|
|poke|p1|Slowking-Galar, M|
|poke|p2|Slowking-Galar, L99, F|
|poke|p2|Samurott-Hisui, M|
|poke|p2|Iron Treads|
|poke|p2|Dragonite, F|
|poke|p2|Moltres|
|poke|p2|Dragapult, F|
|teampreview
|inactive|Battle timer is ON: inactive players will automatically lose when time's up. (requested by Obito 2001)
|j| Jey2
|inactive|22doodle has 120 seconds left.
|
|t:|1757932699
|teamsize|p1|6
|teamsize|p2|6
|start
|switch|p1a: Real G|Masquerain, M|100/100
|switch|p2a: water cooler|Samurott-Hisui, M|100/100
|-ability|p1a: Real G|Intimidate|boost
|-unboost|p2a: water cooler|atk|1
|turn|1
|
|t:|1757932708
|move|p1a: Real G|Sticky Web|p2a: water cooler
|-sidestart|p2: 22doodle|move: Sticky Web
|move|p2a: water cooler|Ceaseless Edge|p1a: Real G
|-damage|p1a: Real G|47/100
|-sidestart|p1: Obito 2001|Spikes
|
|upkeep
|turn|2
|
|t:|1757932715
|move|p1a: Real G|Bug Buzz|p2a: water cooler
|-supereffective|p2a: water cooler
|-damage|p2a: water cooler|42/100
|move|p2a: water cooler|Ceaseless Edge|p1a: Real G|[miss]
|-miss|p2a: water cooler|p1a: Real G
|
|upkeep
|turn|3
|
|t:|1757932727
|switch|p2a: prugs|Slowking-Galar, L99, F, shiny|100/100
|move|p1a: Real G|Bug Buzz|p2a: prugs
|-damage|p2a: prugs|75/100
|
|upkeep
|turn|4
|
|t:|1757932742
|switch|p1a: Ban Gliscor|Corviknight, F|100/100
|-ability|p1a: Ban Gliscor|Pressure
|-prepare|p2a: prugs|Chilly Reception|[premajor]
|move|p2a: prugs|Chilly Reception|p2a: prugs
|-weather|Snowscape
|
|t:|1757932747
|switch|p2a: knightmare|Dragapult, F, shiny|100/100|[from] Chilly Reception
|
|-weather|Snowscape|[upkeep]
|upkeep
|turn|5
|inactive|Obito 2001 has 120 seconds left.
|
|t:|1757932796
|move|p2a: knightmare|Will-O-Wisp|p1a: Ban Gliscor
|-status|p1a: Ban Gliscor|brn
|move|p1a: Ban Gliscor|U-turn|p2a: knightmare
|-resisted|p2a: knightmare
|-damage|p2a: knightmare|95/100
|
|t:|1757932802
|switch|p1a: Ban Zamazenta|Slowking-Galar, M|100/100|[from] U-turn
|
|-weather|Snowscape|[upkeep]
|upkeep
|turn|6
|inactive|22doodle has 120 seconds left.
|
|t:|1757932837
|move|p2a: knightmare|U-turn|p1a: Ban Zamazenta
|-damage|p1a: Ban Zamazenta|80/100
|
|t:|1757932843
|switch|p2a: not plausible|Iron Treads|100/100|[from] U-turn
|-activate|p2a: not plausible|move: Sticky Web
|-unboost|p2a: not plausible|spe|1
|move|p1a: Ban Zamazenta|Thunder Wave|p2a: not plausible
|-immune|p2a: not plausible
|
|-weather|Snowscape|[upkeep]
|upkeep
|turn|7
|inactive|22doodle has 120 seconds left.
|inactive|Obito 2001 has 120 seconds left.
|inactive|Obito 2001 has 90 seconds left.
|
|t:|1757932889
|switch|p1a: Mega Donphan|Great Tusk|100/100
|-damage|p1a: Mega Donphan|88/100|[from] Spikes
|move|p2a: not plausible|Rapid Spin|p1a: Mega Donphan
|-damage|p1a: Mega Donphan|77/100
|-boost|p2a: not plausible|spe|1
|-damage|p2a: not plausible|84/100|[from] item: Rocky Helmet|[of] p1a: Mega Donphan
|-sideend|p2: 22doodle|Sticky Web|[from] move: Rapid Spin|[of] p2a: not plausible
|
|-weather|Snowscape|[upkeep]
|upkeep
|turn|8
|inactive|22doodle has 120 seconds left.
|
|t:|1757932902
|-end|p2a: not plausible|Quark Drive|[silent]
|switch|p2a: knightmare|Dragapult, F, shiny|95/100
|move|p1a: Mega Donphan|Stealth Rock|p2a: knightmare
|-sidestart|p2: 22doodle|move: Stealth Rock
|
|-weather|none
|upkeep
|turn|9
|inactive|Obito 2001 has 90 seconds left.
|inactive|Obito 2001 has 60 seconds left.
|
|t:|1757932956
|-end|p1a: Mega Donphan|Protosynthesis|[silent]
|switch|p1a: Ban Zamazenta|Slowking-Galar, M|100/100
|move|p2a: knightmare|Will-O-Wisp|p1a: Ban Zamazenta
|-status|p1a: Ban Zamazenta|brn
|
|-damage|p1a: Ban Zamazenta|94/100 brn|[from] brn
|upkeep
|turn|10
|inactive|Obito 2001 has 60 seconds left.
|
|t:|1757932970
|move|p2a: knightmare|Hex|p1a: Ban Zamazenta
|-supereffective|p1a: Ban Zamazenta
|-crit|p1a: Ban Zamazenta
|-damage|p1a: Ban Zamazenta|0 fnt
|faint|p1a: Ban Zamazenta
|
|upkeep
|inactive|Obito 2001 has 60 seconds left.
|-message|Obito 2001 forfeited.
|
|win|22doodle
|raw|Obito 2001's rating: 1506 &rarr; <strong>1487</strong><br />(-19 for losing)
|raw|22doodle's rating: 1526 &rarr; <strong>1545</strong><br />(+19 for winning)
|l|☆Obito 2001
|player|p1|
|l|☆22doodle
|player|p2|
|l| Jey2
