|j|☆cauiq
|j|☆Pentop
|t:|1757818926
|gametype|singles
|player|p1|cauiq|170|1337
|player|p2|Pentop|169|1411
|gen|9
|tier|[Gen 9] OU
|rated|
|rule|HP Percentage Mod: HP is shown in percentages
|rule|Endless Battle Clause: Forcing endless battles is banned
|rule|Species Clause: Limit one of each Pokémon
|rule|OHKO Clause: OHKO moves are banned
|rule|Evasion Items Clause: Evasion items are banned
|rule|Evasion Moves Clause: Evasion moves are banned
|rule|Evasion Abilities Clause: Evasion abilities are banned
|rule|Sleep Moves Clause: Sleep-inducing moves are banned
|clearpoke
|poke|p1|Skeledirge, F|
|poke|p1|Grimmsnarl, M|
|poke|p1|Glimmora, M|
|poke|p1|Zamazenta-*|
|poke|p1|Iron Crown|
|poke|p1|Landorus-Therian, M|
|poke|p2|Bellossom, M|
|poke|p2|Hatterene, F|
|poke|p2|Ting-Lu|
|poke|p2|Gholdengo|
|poke|p2|Zamazenta-*|
|poke|p2|Araquanid, F|
|teampreview
|inactive|Battle timer is ON: inactive players will automatically lose when time's up. (requested by cauiq)
|c|☆Pentop|hf
|
|t:|1757818957
|teamsize|p1|6
|teamsize|p2|6
|start
|switch|p1a: Glimmora|Glimmora, M, shiny|100/100
|switch|p2a: bug|Araquanid, F|100/100
|turn|1
|
|t:|1757818976
|move|p1a: Glimmora|Meteor Beam||[still]
|-prepare|p1a: Glimmora|Meteor Beam
|-boost|p1a: Glimmora|spa|1
|-enditem|p1a: Glimmora|Power Herb
|-anim|p1a: Glimmora|Meteor Beam|p2a: bug
|-supereffective|p2a: bug
|-damage|p2a: bug|0 fnt
|faint|p2a: bug
|
|upkeep
|
|t:|1757818985
|switch|p2a: Ting-Pu|Ting-Lu|100/100
|-ability|p2a: Ting-Pu|Vessel of Ruin
|turn|2
|
|t:|1757818991
|move|p1a: Glimmora|Mortal Spin|p2a: Ting-Pu
|-resisted|p2a: Ting-Pu
|-crit|p2a: Ting-Pu
|-damage|p2a: Ting-Pu|99/100
|-status|p2a: Ting-Pu|psn
|move|p2a: Ting-Pu|Earthquake|p1a: Glimmora
|-supereffective|p1a: Glimmora
|-damage|p1a: Glimmora|0 fnt
|-activate|p1a: Glimmora|ability: Toxic Debris
|-sidestart|p2: Pentop|move: Toxic Spikes
|faint|p1a: Glimmora
|
|-heal|p2a: Ting-Pu|100/100 psn|[from] item: Leftovers
|-damage|p2a: Ting-Pu|88/100 psn|[from] psn
|upkeep
|
|t:|1757819013
|switch|p1a: Grimmsnarl|Grimmsnarl, M, shiny|100/100
|turn|3
|inactive|Pentop has 120 seconds left.
|
|t:|1757819070
|move|p1a: Grimmsnarl|Reflect|p1a: Grimmsnarl
|-sidestart|p1: cauiq|Reflect
|move|p2a: Ting-Pu|Stealth Rock|p1a: Grimmsnarl
|-sidestart|p1: cauiq|move: Stealth Rock
|
|-heal|p2a: Ting-Pu|94/100 psn|[from] item: Leftovers
|-damage|p2a: Ting-Pu|82/100 psn|[from] psn
|upkeep
|turn|4
|
|t:|1757819079
|move|p1a: Grimmsnarl|Spirit Break|p2a: Ting-Pu
|-supereffective|p2a: Ting-Pu
|-damage|p2a: Ting-Pu|56/100 psn
|-unboost|p2a: Ting-Pu|spa|1
|move|p2a: Ting-Pu|Spikes|p1a: Grimmsnarl
|-sidestart|p1: cauiq|Spikes
|
|-heal|p2a: Ting-Pu|62/100 psn|[from] item: Leftovers
|-damage|p2a: Ting-Pu|50/100 psn|[from] psn
|upkeep
|turn|5
|
|t:|1757819090
|move|p1a: Grimmsnarl|Spirit Break|p2a: Ting-Pu
|-supereffective|p2a: Ting-Pu
|-crit|p2a: Ting-Pu
|-damage|p2a: Ting-Pu|10/100 psn
|-unboost|p2a: Ting-Pu|spa|1
|move|p2a: Ting-Pu|Spikes|p1a: Grimmsnarl
|-sidestart|p1: cauiq|Spikes
|
|-heal|p2a: Ting-Pu|16/100 psn|[from] item: Leftovers
|-damage|p2a: Ting-Pu|4/100 psn|[from] psn
|upkeep
|turn|6
|inactive|Pentop has 120 seconds left.
|
|t:|1757819100
|move|p1a: Grimmsnarl|Spirit Break|p2a: Ting-Pu
|-supereffective|p2a: Ting-Pu
|-damage|p2a: Ting-Pu|0 fnt
|faint|p2a: Ting-Pu
|
|upkeep
|inactive|Pentop has 120 seconds left.
|
|t:|1757819115
|switch|p2a: BooBoo|Bellossom, M|100/100
|-status|p2a: BooBoo|psn
|turn|7
|
|t:|1757819121
|move|p1a: Grimmsnarl|Light Screen|p1a: Grimmsnarl
|-sidestart|p1: cauiq|move: Light Screen
|move|p2a: BooBoo|Quiver Dance|p2a: BooBoo
|-boost|p2a: BooBoo|spa|1
|-boost|p2a: BooBoo|spd|1
|-boost|p2a: BooBoo|spe|1
|
|-damage|p2a: BooBoo|88/100 psn|[from] psn
|upkeep
|turn|8
|
|t:|1757819129
|move|p2a: BooBoo|Quiver Dance|p2a: BooBoo
|-boost|p2a: BooBoo|spa|1
|-boost|p2a: BooBoo|spd|1
|-boost|p2a: BooBoo|spe|1
|move|p1a: Grimmsnarl|Spirit Break|p2a: BooBoo
|-damage|p2a: BooBoo|54/100 psn
|-unboost|p2a: BooBoo|spa|1
|
|-heal|p2a: BooBoo|60/100 psn|[from] item: Leftovers
|-damage|p2a: BooBoo|48/100 psn|[from] psn
|upkeep
|turn|9
|
|t:|1757819139
|move|p2a: BooBoo|Strength Sap|p1a: Grimmsnarl
|-unboost|p1a: Grimmsnarl|atk|1
|-heal|p2a: BooBoo|100/100 psn
|move|p1a: Grimmsnarl|Spirit Break|p2a: BooBoo
|-damage|p2a: BooBoo|75/100 psn
|-unboost|p2a: BooBoo|spa|1
|
|-heal|p2a: BooBoo|81/100 psn|[from] item: Leftovers
|-damage|p2a: BooBoo|69/100 psn|[from] psn
|upkeep
|turn|10
|
|t:|1757819155
|move|p2a: BooBoo|Quiver Dance|p2a: BooBoo
|-boost|p2a: BooBoo|spa|1
|-boost|p2a: BooBoo|spd|1
|-boost|p2a: BooBoo|spe|1
|move|p1a: Grimmsnarl|Spirit Break|p2a: BooBoo
|-damage|p2a: BooBoo|45/100 psn
|-unboost|p2a: BooBoo|spa|1
|
|-heal|p2a: BooBoo|51/100 psn|[from] item: Leftovers
|-damage|p2a: BooBoo|38/100 psn|[from] psn
|-sideend|p1: cauiq|Reflect
|upkeep
|turn|11
|
|t:|1757819171
|move|p2a: BooBoo|Strength Sap|p1a: Grimmsnarl
|-unboost|p1a: Grimmsnarl|atk|1
|-heal|p2a: BooBoo|97/100 psn
|move|p1a: Grimmsnarl|Spirit Break|p2a: BooBoo
|-damage|p2a: BooBoo|81/100 psn
|-unboost|p2a: BooBoo|spa|1
|
|-heal|p2a: BooBoo|87/100 psn|[from] item: Leftovers
|-damage|p2a: BooBoo|74/100 psn|[from] psn
|upkeep
|turn|12
|
|t:|1757819183
|move|p2a: BooBoo|Quiver Dance|p2a: BooBoo
|-boost|p2a: BooBoo|spa|1
|-boost|p2a: BooBoo|spd|1
|-boost|p2a: BooBoo|spe|1
|move|p1a: Grimmsnarl|Spirit Break|p2a: BooBoo
|-damage|p2a: BooBoo|58/100 psn
|-unboost|p2a: BooBoo|spa|1
|
|-heal|p2a: BooBoo|64/100 psn|[from] item: Leftovers
|-damage|p2a: BooBoo|52/100 psn|[from] psn
|upkeep
|turn|13
|
|t:|1757819194
|move|p2a: BooBoo|Quiver Dance|p2a: BooBoo
|-boost|p2a: BooBoo|spa|1
|-boost|p2a: BooBoo|spd|1
|-boost|p2a: BooBoo|spe|1
|move|p1a: Grimmsnarl|Spirit Break|p2a: BooBoo
|-damage|p2a: BooBoo|33/100 psn
|-unboost|p2a: BooBoo|spa|1
|
|-heal|p2a: BooBoo|39/100 psn|[from] item: Leftovers
|-damage|p2a: BooBoo|27/100 psn|[from] psn
|upkeep
|turn|14
|
|t:|1757819204
|move|p2a: BooBoo|Strength Sap|p1a: Grimmsnarl
|-unboost|p1a: Grimmsnarl|atk|1
|-heal|p2a: BooBoo|71/100 psn
|move|p1a: Grimmsnarl|Spirit Break|p2a: BooBoo
|-crit|p2a: BooBoo
|-damage|p2a: BooBoo|19/100 psn
|-unboost|p2a: BooBoo|spa|1
|
|-heal|p2a: BooBoo|25/100 psn|[from] item: Leftovers
|-damage|p2a: BooBoo|13/100 psn|[from] psn
|-sideend|p1: cauiq|move: Light Screen
|upkeep
|turn|15
|
|t:|1757819215
|move|p2a: BooBoo|Strength Sap|p1a: Grimmsnarl
|-unboost|p1a: Grimmsnarl|atk|1
|-heal|p2a: BooBoo|48/100 psn
|move|p1a: Grimmsnarl|Spirit Break|p2a: BooBoo
|-damage|p2a: BooBoo|37/100 psn
|-unboost|p2a: BooBoo|spa|1
|
|-heal|p2a: BooBoo|43/100 psn|[from] item: Leftovers
|-damage|p2a: BooBoo|31/100 psn|[from] psn
|upkeep
|turn|16
|
|t:|1757819226
|move|p1a: Grimmsnarl|Light Screen|p1a: Grimmsnarl
|-sidestart|p1: cauiq|move: Light Screen
|move|p2a: BooBoo|Giga Drain|p1a: Grimmsnarl
|-damage|p1a: Grimmsnarl|94/100
|-heal|p2a: BooBoo|35/100 psn|[from] drain|[of] p1a: Grimmsnarl
|
|-heal|p2a: BooBoo|41/100 psn|[from] item: Leftovers
|-damage|p2a: BooBoo|29/100 psn|[from] psn
|upkeep
|turn|17
|
|t:|1757819233
|move|p2a: BooBoo|Giga Drain|p1a: Grimmsnarl
|-damage|p1a: Grimmsnarl|87/100
|-heal|p2a: BooBoo|33/100 psn|[from] drain|[of] p1a: Grimmsnarl
|move|p1a: Grimmsnarl|Spirit Break|p2a: BooBoo
|-damage|p2a: BooBoo|21/100 psn
|-unboost|p2a: BooBoo|spa|1
|
|-heal|p2a: BooBoo|27/100 psn|[from] item: Leftovers
|-damage|p2a: BooBoo|15/100 psn|[from] psn
|upkeep
|turn|18
|
|t:|1757819243
|move|p2a: BooBoo|Giga Drain|p1a: Grimmsnarl
|-damage|p1a: Grimmsnarl|82/100
|-heal|p2a: BooBoo|18/100 psn|[from] drain|[of] p1a: Grimmsnarl
|move|p1a: Grimmsnarl|Spirit Break|p2a: BooBoo
|-damage|p2a: BooBoo|7/100 psn
|-unboost|p2a: BooBoo|spa|1
|
|-heal|p2a: BooBoo|13/100 psn|[from] item: Leftovers
|-damage|p2a: BooBoo|0 fnt|[from] psn
|faint|p2a: BooBoo
|upkeep
|
|t:|1757819247
|switch|p2a: Cheesemandog|Gholdengo|100/100
|-item|p2a: Cheesemandog|Air Balloon
|turn|19
|inactive|cauiq has 120 seconds left.
|
|t:|1757819298
|switch|p1a: Zamazenta|Zamazenta, shiny|100/100
|-damage|p1a: Zamazenta|94/100|[from] Stealth Rock
|-damage|p1a: Zamazenta|78/100|[from] Spikes
|-ability|p1a: Zamazenta|Dauntless Shield|boost
|-boost|p1a: Zamazenta|def|1
|move|p2a: Cheesemandog|Thunder Wave|p1a: Zamazenta
|-status|p1a: Zamazenta|par
|
|upkeep
|turn|20
|
|t:|1757819310
|switch|p2a: magic woman|Hatterene, F|100/100
|-status|p2a: magic woman|psn
|move|p1a: Zamazenta|Crunch|p2a: magic woman
|-damage|p2a: magic woman|84/100 psn
|-unboost|p2a: magic woman|def|1
|
|-heal|p2a: magic woman|89/100 psn|[from] item: Leftovers
|-damage|p2a: magic woman|77/100 psn|[from] psn
|upkeep
|turn|21
|
|t:|1757819325
|move|p1a: Zamazenta|Crunch|p2a: magic woman
|-damage|p2a: magic woman|52/100 psn
|-unboost|p2a: magic woman|def|1
|move|p2a: magic woman|Calm Mind|p2a: magic woman
|-boost|p2a: magic woman|spa|1
|-boost|p2a: magic woman|spd|1
|
|-heal|p2a: magic woman|58/100 psn|[from] item: Leftovers
|-damage|p2a: magic woman|46/100 psn|[from] psn
|upkeep
|turn|22
|
|t:|1757819337
|cant|p1a: Zamazenta|par
|move|p2a: magic woman|Draining Kiss|p1a: Zamazenta
|-supereffective|p1a: Zamazenta
|-damage|p1a: Zamazenta|50/100 par
|-heal|p2a: magic woman|72/100 psn|[from] drain|[of] p1a: Zamazenta
|
|-heal|p2a: magic woman|78/100 psn|[from] item: Leftovers
|-damage|p2a: magic woman|65/100 psn|[from] psn
|upkeep
|turn|23
|
|t:|1757819345
|move|p1a: Zamazenta|Crunch|p2a: magic woman
|-damage|p2a: magic woman|29/100 psn
|move|p2a: magic woman|Draining Kiss|p1a: Zamazenta
|-supereffective|p1a: Zamazenta
|-damage|p1a: Zamazenta|23/100 par
|-heal|p2a: magic woman|54/100 psn|[from] drain|[of] p1a: Zamazenta
|
|-heal|p2a: magic woman|60/100 psn|[from] item: Leftovers
|-damage|p2a: magic woman|47/100 psn|[from] psn
|-sideend|p1: cauiq|move: Light Screen
|upkeep
|turn|24
|
|t:|1757819356
|cant|p1a: Zamazenta|par
|move|p2a: magic woman|Draining Kiss|p1a: Zamazenta
|-supereffective|p1a: Zamazenta
|-damage|p1a: Zamazenta|0 fnt
|-heal|p2a: magic woman|68/100 psn|[from] drain|[of] p1a: Zamazenta
|faint|p1a: Zamazenta
|
|-heal|p2a: magic woman|74/100 psn|[from] item: Leftovers
|-damage|p2a: magic woman|62/100 psn|[from] psn
|upkeep
|
|t:|1757819366
|switch|p1a: Iron Crown|Iron Crown|100/100
|-damage|p1a: Iron Crown|94/100|[from] Stealth Rock
|-damage|p1a: Iron Crown|78/100|[from] Spikes
|-enditem|p1a: Iron Crown|Booster Energy
|-activate|p1a: Iron Crown|ability: Quark Drive|[fromitem]
|-start|p1a: Iron Crown|quarkdrivespe
|turn|25
|
|t:|1757819382
|-terastallize|p2a: magic woman|Water
|move|p1a: Iron Crown|Tachyon Cutter|p2a: magic woman
|-resisted|p2a: magic woman
|-damage|p2a: magic woman|53/100 psn
|-resisted|p2a: magic woman
|-damage|p2a: magic woman|45/100 psn
|-hitcount|p2a: magic woman|2
|move|p2a: magic woman|Nuzzle|p1a: Iron Crown
|-damage|p1a: Iron Crown|73/100
|-status|p1a: Iron Crown|par
|
|-heal|p2a: magic woman|50/100 psn|[from] item: Leftovers
|-damage|p2a: magic woman|38/100 psn|[from] psn
|upkeep
|turn|26
|inactive|cauiq has 120 seconds left.
|
|t:|1757819398
|move|p1a: Iron Crown|Psychic Noise|p2a: magic woman
|-damage|p2a: magic woman|14/100 psn
|-start|p2a: magic woman|move: Heal Block
|cant|p2a: magic woman|move: Heal Block|Draining Kiss
|
|-damage|p2a: magic woman|2/100 psn|[from] psn
|upkeep
|turn|27
|
|t:|1757819407
|move|p1a: Iron Crown|Calm Mind|p1a: Iron Crown
|-boost|p1a: Iron Crown|spa|1
|-boost|p1a: Iron Crown|spd|1
|move|p2a: magic woman|Psyshock|p1a: Iron Crown
|-resisted|p1a: Iron Crown
|-damage|p1a: Iron Crown|59/100 par
|
|-damage|p2a: magic woman|0 fnt|[from] psn
|faint|p2a: magic woman
|upkeep
|
|t:|1757819415
|switch|p2a: Cheesemandog|Gholdengo|100/100
|-item|p2a: Cheesemandog|Air Balloon
|turn|28
|inactive|cauiq has 120 seconds left.
|
|t:|1757819440
|move|p1a: Iron Crown|Tachyon Cutter|p2a: Cheesemandog
|-resisted|p2a: Cheesemandog
|-damage|p2a: Cheesemandog|84/100
|-enditem|p2a: Cheesemandog|Air Balloon
|-resisted|p2a: Cheesemandog
|-damage|p2a: Cheesemandog|66/100
|-hitcount|p2a: Cheesemandog|2
|move|p2a: Cheesemandog|Hex|p1a: Iron Crown
|-supereffective|p1a: Iron Crown
|-damage|p1a: Iron Crown|0 fnt
|faint|p1a: Iron Crown
|-end|p1a: Iron Crown|Quark Drive|[silent]
|
|upkeep
|
|t:|1757819452
|switch|p1a: Landorus|Landorus-Therian, M, shiny|100/100
|-damage|p1a: Landorus|88/100|[from] Stealth Rock
|-ability|p1a: Landorus|Intimidate|boost
|-unboost|p2a: Cheesemandog|atk|1
|turn|29
|inactive|Pentop has 120 seconds left.
|inactive|Pentop has 90 seconds left.
|
|t:|1757819534
|switch|p2a: johndogdog|Zamazenta|100/100
|-ability|p2a: johndogdog|Dauntless Shield|boost
|-boost|p2a: johndogdog|def|1
|move|p1a: Landorus|Earthquake|p2a: johndogdog
|-damage|p2a: johndogdog|68/100
|
|upkeep
|turn|30
|
|t:|1757819550
|switch|p1a: Grimmsnarl|Grimmsnarl, M, shiny|82/100
|-damage|p1a: Grimmsnarl|69/100|[from] Stealth Rock
|-damage|p1a: Grimmsnarl|53/100|[from] Spikes
|move|p2a: johndogdog|Stone Edge|p1a: Grimmsnarl|[miss]
|-miss|p2a: johndogdog|p1a: Grimmsnarl
|
|upkeep
|turn|31
|
|t:|1757819558
|move|p1a: Grimmsnarl|Thunder Wave|p2a: johndogdog
|-status|p2a: johndogdog|par
|cant|p2a: johndogdog|par
|
|upkeep
|turn|32
|
|t:|1757819563
|move|p1a: Grimmsnarl|Reflect|p1a: Grimmsnarl
|-sidestart|p1: cauiq|Reflect
|move|p2a: johndogdog|Close Combat|p1a: Grimmsnarl
|-damage|p1a: Grimmsnarl|29/100
|-unboost|p2a: johndogdog|def|1
|-unboost|p2a: johndogdog|spd|1
|
|upkeep
|turn|33
|-message|Pentop forfeited.
|
|win|cauiq
|raw|cauiq's rating: 1337 &rarr; <strong>1361</strong><br />(+24 for winning)
|raw|Pentop's rating: 1411 &rarr; <strong>1387</strong><br />(-24 for losing)
|l|☆Pentop
|player|p2|
|l|☆cauiq
|player|p1|
