|j|☆fffddsfdsfsfdds
|j|☆Swag_SerotoninYT
|t:|1757938656
|gametype|singles
|player|p1|fffddsfdsfsfdds|266|1000
|player|p2|Swag_SerotoninYT|harlequin|1067
|gen|9
|tier|[Gen 9] OU
|rated|
|rule|HP Percentage Mod: HP is shown in percentages
|rule|Endless Battle Clause: Forcing endless battles is banned
|rule|Species Clause: Limit one of each Pokémon
|rule|OHKO Clause: OHKO moves are banned
|rule|Evasion Items Clause: Evasion items are banned
|rule|Evasion Moves Clause: Evasion moves are banned
|rule|Evasion Abilities Clause: Evasion abilities are banned
|rule|Sleep Moves Clause: Sleep-inducing moves are banned
|clearpoke
|poke|p1|Samurott-Hisui, F|
|poke|p1|Landorus-Therian, M|
|poke|p1|Gholdengo|
|poke|p1|Dragonite, M|
|poke|p1|Raging Bolt|
|poke|p1|Enamorus, F|
|poke|p2|Cacturne, F|
|poke|p2|Dodrio, M|
|poke|p2|Malamar, F|
|poke|p2|Blastoise, F|
|poke|p2|Masquerain, M|
|poke|p2|Infernape, M|
|teampreview
|inactive|Battle timer is ON: inactive players will automatically lose when time's up. (requested by Swag_SerotoninYT)
|
|t:|1757938667
|teamsize|p1|6
|teamsize|p2|6
|start
|switch|p1a: Samurott|Samurott-Hisui, F|100/100
|switch|p2a: Masquerain|Masquerain, M|100/100
|-ability|p2a: Masquerain|Intimidate|boost
|-unboost|p1a: Samurott|atk|1
|turn|1
|
|t:|1757938680
|move|p1a: Samurott|Ceaseless Edge|p2a: Masquerain
|-damage|p2a: Masquerain|56/100
|-sidestart|p2: Swag_SerotoninYT|Spikes
|move|p2a: Masquerain|Bug Buzz|p1a: Samurott
|-supereffective|p1a: Samurott
|-enditem|p1a: Samurott|Focus Sash
|-damage|p1a: Samurott|1/100
|-unboost|p1a: Samurott|spd|1
|
|upkeep
|turn|2
|
|t:|1757938692
|move|p1a: Samurott|Ceaseless Edge|p2a: Masquerain
|-damage|p2a: Masquerain|9/100
|-sidestart|p2: Swag_SerotoninYT|Spikes
|move|p2a: Masquerain|Sticky Web|p1a: Samurott
|-sidestart|p1: fffddsfdsfsfdds|move: Sticky Web
|
|upkeep
|turn|3
|
|t:|1757938700
|move|p1a: Samurott|Ceaseless Edge|p2a: Masquerain
|-damage|p2a: Masquerain|0 fnt
|-sidestart|p2: Swag_SerotoninYT|Spikes
|faint|p2a: Masquerain
|
|upkeep
|
|t:|1757938703
|switch|p2a: Blastoise|Blastoise, F|100/100
|-damage|p2a: Blastoise|76/100|[from] Spikes
|turn|4
|
|t:|1757938711
|switch|p1a: Gholdengo|Gholdengo|100/100
|-item|p1a: Gholdengo|Air Balloon
|move|p2a: Blastoise|Shell Smash|p2a: Blastoise
|-unboost|p2a: Blastoise|def|1
|-unboost|p2a: Blastoise|spd|1
|-boost|p2a: Blastoise|atk|2
|-boost|p2a: Blastoise|spa|2
|-boost|p2a: Blastoise|spe|2
|-enditem|p2a: Blastoise|White Herb
|-clearnegativeboost|p2a: Blastoise|[silent]
|
|upkeep
|turn|5
|
|t:|1757938726
|move|p2a: Blastoise|Hydro Pump|p1a: Gholdengo
|-damage|p1a: Gholdengo|8/100
|-enditem|p1a: Gholdengo|Air Balloon
|move|p1a: Gholdengo|Thunder Wave|p2a: Blastoise
|-status|p2a: Blastoise|par
|
|upkeep
|turn|6
|
|t:|1757938735
|move|p2a: Blastoise|Ice Beam|p1a: Gholdengo
|-resisted|p1a: Gholdengo
|-damage|p1a: Gholdengo|0 fnt
|faint|p1a: Gholdengo
|
|upkeep
|
|t:|1757938748
|switch|p1a: Landorus|Landorus-Therian, M|100/100
|-ability|p1a: Landorus|Intimidate|boost
|-unboost|p2a: Blastoise|atk|1
|turn|7
|
|t:|1757938760
|-terastallize|p1a: Landorus|Water
|move|p1a: Landorus|Stealth Rock|p2a: Blastoise
|-sidestart|p2: Swag_SerotoninYT|move: Stealth Rock
|move|p2a: Blastoise|Ice Beam|p1a: Landorus
|-resisted|p1a: Landorus
|-damage|p1a: Landorus|73/100
|
|upkeep
|turn|8
|
|t:|1757938771
|move|p1a: Landorus|Taunt|p2a: Blastoise
|-start|p2a: Blastoise|move: Taunt
|move|p2a: Blastoise|Rapid Spin|p1a: Landorus
|-damage|p1a: Landorus|59/100
|-boost|p2a: Blastoise|spe|1
|-damage|p2a: Blastoise|59/100 par|[from] item: Rocky Helmet|[of] p1a: Landorus
|-sideend|p2: Swag_SerotoninYT|Spikes|[from] move: Rapid Spin|[of] p2a: Blastoise
|-sideend|p2: Swag_SerotoninYT|Stealth Rock|[from] move: Rapid Spin|[of] p2a: Blastoise
|
|upkeep
|turn|9
|
|t:|1757938792
|move|p1a: Landorus|Stealth Rock|p2a: Blastoise
|-sidestart|p2: Swag_SerotoninYT|move: Stealth Rock
|move|p2a: Blastoise|Hydro Pump|p1a: Landorus
|-resisted|p1a: Landorus
|-damage|p1a: Landorus|6/100
|
|upkeep
|turn|10
|
|t:|1757938801
|move|p1a: Landorus|U-turn|p2a: Blastoise
|-damage|p2a: Blastoise|38/100 par
|
|t:|1757938804
|switch|p1a: Samurott|Samurott-Hisui, F|1/100|[from] U-turn
|-activate|p1a: Samurott|move: Sticky Web
|-unboost|p1a: Samurott|spe|1
|cant|p2a: Blastoise|par
|
|-end|p2a: Blastoise|move: Taunt
|upkeep
|turn|11
|
|t:|1757938824
|cant|p2a: Blastoise|par
|move|p1a: Samurott|Ceaseless Edge|p2a: Blastoise
|-crit|p2a: Blastoise
|-damage|p2a: Blastoise|0 fnt
|-sidestart|p2: Swag_SerotoninYT|Spikes
|faint|p2a: Blastoise
|
|upkeep
|c|☆Swag_SerotoninYT|double paralyse into a crit
|
|t:|1757938842
|switch|p2a: Infernape|Infernape, M|100/100
|-damage|p2a: Infernape|88/100|[from] Stealth Rock
|-damage|p2a: Infernape|76/100|[from] Spikes
|turn|12
|
|t:|1757938853
|move|p2a: Infernape|Mach Punch|p1a: Samurott
|-supereffective|p1a: Samurott
|-damage|p1a: Samurott|0 fnt
|faint|p1a: Samurott
|-damage|p2a: Infernape|66/100|[from] item: Life Orb
|
|upkeep
|
|t:|1757938871
|switch|p1a: Enamorus|Enamorus, F|100/100
|turn|13
|
|t:|1757938880
|move|p1a: Enamorus|Moonblast|p2a: Infernape
|-damage|p2a: Infernape|0 fnt
|faint|p2a: Infernape
|
|upkeep
|
|t:|1757938890
|switch|p2a: Dodrio|Dodrio, M|100/100
|-damage|p2a: Dodrio|76/100|[from] Stealth Rock
|turn|14
|
|t:|1757938898
|-terastallize|p2a: Dodrio|Normal
|move|p1a: Enamorus|Moonblast|p2a: Dodrio
|-damage|p2a: Dodrio|0 fnt
|faint|p2a: Dodrio
|
|upkeep
|c|☆Swag_SerotoninYT|lost cuz of that rng
|
|t:|1757938908
|switch|p2a: Cacturne|Cacturne, F|100/100
|-damage|p2a: Cacturne|88/100|[from] Stealth Rock
|-damage|p2a: Cacturne|75/100|[from] Spikes
|turn|15
|
|t:|1757938913
|move|p1a: Enamorus|Moonblast|p2a: Cacturne
|-supereffective|p2a: Cacturne
|-damage|p2a: Cacturne|0 fnt
|faint|p2a: Cacturne
|
|upkeep
|
|t:|1757938916
|switch|p2a: Malamar|Malamar, F|100/100
|-damage|p2a: Malamar|88/100|[from] Stealth Rock
|-damage|p2a: Malamar|76/100|[from] Spikes
|turn|16
|
|t:|1757938924
|move|p1a: Enamorus|Moonblast|p2a: Malamar
|-supereffective|p2a: Malamar
|-damage|p2a: Malamar|0 fnt
|faint|p2a: Malamar
|
|win|fffddsfdsfsfdds
|raw|fffddsfdsfsfdds's rating: 1000 &rarr; <strong>1048</strong><br />(+48 for winning)
|raw|Swag_SerotoninYT's rating: 1067 &rarr; <strong>1043</strong><br />(-24 for losing)
