|badge|p2|bronze|gen9ou|100-6
|uhtml|medal-msg|<div class="broadcast-blue">Curious what those medals under the avatar are? PS now has Ladder Seasons! For more information, check out the <a href="https://www.smogon.com/forums/threads/3740067/">thread on Smogon.</a></div>
|j|☆KingPikaPika
|j|☆Auburn Hills
|t:|1757948107
|gametype|singles
|player|p1|KingPikaPika|pokekid|1797
|player|p2|Auburn Hills|alder|1809
|gen|9
|tier|[Gen 9] OU
|rated|
|rule|HP Percentage Mod: HP is shown in percentages
|rule|Endless Battle Clause: Forcing endless battles is banned
|rule|Species Clause: Limit one of each Pokémon
|rule|OHKO Clause: OHKO moves are banned
|rule|Evasion Items Clause: Evasion items are banned
|rule|Evasion Moves Clause: Evasion moves are banned
|rule|Evasion Abilities Clause: Evasion abilities are banned
|rule|Sleep Moves Clause: Sleep-inducing moves are banned
|clearpoke
|poke|p1|Landorus-Therian, M|
|poke|p1|Clefable, F|
|poke|p1|Iron Treads|
|poke|p1|Raging Bolt|
|poke|p1|Ceruledge, F|
|poke|p1|Darkrai|
|poke|p2|Iron Moth|
|poke|p2|Umbreon, M|
|poke|p2|Garchomp, F|
|poke|p2|Glimmora, M|
|poke|p2|Gholdengo|
|poke|p2|Dragonite, F|
|teampreview
|
|t:|1757948114
|teamsize|p1|6
|teamsize|p2|6
|start
|switch|p1a: Iron Treads|Iron Treads|100/100
|switch|p2a: Rat Tally|Garchomp, F|100/100
|-enditem|p1a: Iron Treads|Booster Energy
|-activate|p1a: Iron Treads|ability: Quark Drive|[fromitem]
|-start|p1a: Iron Treads|quarkdrivespe
|turn|1
|inactive|Battle timer is ON: inactive players will automatically lose when time's up. (requested by KingPikaPika)
|
|t:|1757948116
|move|p1a: Iron Treads|Stealth Rock|p2a: Rat Tally
|-sidestart|p2: Auburn Hills|move: Stealth Rock
|move|p2a: Rat Tally|Scale Shot|p1a: Iron Treads
|-resisted|p1a: Iron Treads
|-damage|p1a: Iron Treads|95/100
|-resisted|p1a: Iron Treads
|-damage|p1a: Iron Treads|89/100
|-resisted|p1a: Iron Treads
|-damage|p1a: Iron Treads|83/100
|-resisted|p1a: Iron Treads
|-damage|p1a: Iron Treads|77/100
|-hitcount|p1a: Iron Treads|4
|-unboost|p2a: Rat Tally|def|1
|-boost|p2a: Rat Tally|spe|1
|
|upkeep
|turn|2
|
|t:|1757948120
|move|p1a: Iron Treads|Steel Beam|p2a: Rat Tally
|-damage|p2a: Rat Tally|44/100
|-damage|p1a: Iron Treads|27/100|[from] steelbeam
|move|p2a: Rat Tally|Earthquake|p1a: Iron Treads
|-supereffective|p1a: Iron Treads
|-damage|p1a: Iron Treads|0 fnt
|faint|p1a: Iron Treads
|-end|p1a: Iron Treads|Quark Drive|[silent]
|
|upkeep
|
|t:|1757948129
|switch|p1a: Darkrai|Darkrai|100/100
|turn|3
|
|t:|1757948133
|switch|p2a: Smino|Gholdengo|100/100
|-damage|p2a: Smino|94/100|[from] Stealth Rock
|move|p1a: Darkrai|Ice Beam|p2a: Smino
|-resisted|p2a: Smino
|-damage|p2a: Smino|75/100
|
|upkeep
|turn|4
|
|t:|1757948139
|switch|p1a: Raging Bolt|Raging Bolt|100/100
|-enditem|p1a: Raging Bolt|Booster Energy
|-activate|p1a: Raging Bolt|ability: Protosynthesis|[fromitem]
|-start|p1a: Raging Bolt|protosynthesisspa
|move|p2a: Smino|Shadow Ball|p1a: Raging Bolt
|-damage|p1a: Raging Bolt|62/100
|
|upkeep
|turn|5
|
|t:|1757948145
|move|p2a: Smino|Shadow Ball|p1a: Raging Bolt
|-damage|p1a: Raging Bolt|19/100
|move|p1a: Raging Bolt|Dragon Pulse|p2a: Smino
|-resisted|p2a: Smino
|-damage|p2a: Smino|36/100
|
|upkeep
|turn|6
|
|t:|1757948151
|switch|p2a: Rat Tally|Garchomp, F|44/100
|-damage|p2a: Rat Tally|38/100|[from] Stealth Rock
|move|p1a: Raging Bolt|Dragon Pulse|p2a: Rat Tally
|-supereffective|p2a: Rat Tally
|-damage|p2a: Rat Tally|0 fnt
|faint|p2a: Rat Tally
|
|upkeep
|
|t:|1757948154
|switch|p2a: Elucid|Dragonite, F|100/100
|turn|7
|
|t:|1757948157
|-end|p1a: Raging Bolt|Protosynthesis|[silent]
|switch|p1a: Clefable|Clefable, F|100/100
|move|p2a: Elucid|Extreme Speed|p1a: Clefable
|-damage|p1a: Clefable|77/100
|
|-heal|p1a: Clefable|83/100|[from] item: Leftovers
|upkeep
|turn|8
|
|t:|1757948161
|switch|p2a: Julia Jacklin|Glimmora, M|100/100
|-damage|p2a: Julia Jacklin|88/100|[from] Stealth Rock
|switch|p1a: Darkrai|Darkrai|100/100
|
|upkeep
|turn|9
|
|t:|1757948165
|move|p1a: Darkrai|Dark Pulse|p2a: Julia Jacklin
|-damage|p2a: Julia Jacklin|30/100
|move|p2a: Julia Jacklin|Mortal Spin|p1a: Darkrai
|-damage|p1a: Darkrai|93/100
|-status|p1a: Darkrai|psn
|-sideend|p2: Auburn Hills|Stealth Rock|[from] move: Mortal Spin|[of] p2a: Julia Jacklin
|
|-damage|p1a: Darkrai|81/100 psn|[from] psn
|upkeep
|turn|10
|
|t:|1757948172
|switch|p1a: Clefable|Clefable, F|83/100
|switch|p2a: Alvvays|Umbreon, M|100/100
|
|-heal|p1a: Clefable|89/100|[from] item: Leftovers
|upkeep
|turn|11
|
|t:|1757948175
|move|p2a: Alvvays|Thunder Wave|p1a: Clefable|[miss]
|-miss|p2a: Alvvays|p1a: Clefable
|move|p1a: Clefable|Cosmic Power|p1a: Clefable
|-boost|p1a: Clefable|def|1
|-boost|p1a: Clefable|spd|1
|
|-heal|p1a: Clefable|95/100|[from] item: Leftovers
|upkeep
|turn|12
|
|t:|1757948178
|switch|p1a: Landorus|Landorus-Therian, M|100/100
|-ability|p1a: Landorus|Intimidate|boost
|-fail|p2a: Alvvays|unboost|Attack|[from] ability: Inner Focus|[of] p2a: Alvvays
|move|p2a: Alvvays|Thunder Wave|p1a: Landorus
|-immune|p1a: Landorus
|
|upkeep
|turn|13
|
|t:|1757948181
|move|p1a: Landorus|Earthquake|p2a: Alvvays
|-damage|p2a: Alvvays|65/100
|move|p2a: Alvvays|Wish|p2a: Alvvays
|
|-heal|p2a: Alvvays|71/100|[from] item: Leftovers
|upkeep
|turn|14
|
|t:|1757948187
|switch|p1a: Clefable|Clefable, F|95/100
|switch|p2a: Julia Jacklin|Glimmora, M|30/100
|
|-heal|p2a: Julia Jacklin|94/100|[from] move: Wish|[wisher] Alvvays
|-heal|p1a: Clefable|100/100|[from] item: Leftovers
|upkeep
|turn|15
|
|t:|1757948194
|switch|p1a: Darkrai|Darkrai|81/100 psn
|move|p2a: Julia Jacklin|Stealth Rock|p1a: Darkrai
|-sidestart|p1: KingPikaPika|move: Stealth Rock
|
|-damage|p1a: Darkrai|68/100 psn|[from] psn
|upkeep
|turn|16
|
|t:|1757948200
|switch|p2a: Smino|Gholdengo|36/100
|move|p1a: Darkrai|Trick|p2a: Smino
|-immune|p2a: Smino|[from] ability: Good as Gold
|
|-damage|p1a: Darkrai|56/100 psn|[from] psn
|upkeep
|turn|17
|
|t:|1757948204
|switch|p1a: Raging Bolt|Raging Bolt|19/100
|-damage|p1a: Raging Bolt|7/100|[from] Stealth Rock
|move|p2a: Smino|Shadow Ball|p1a: Raging Bolt
|-damage|p1a: Raging Bolt|0 fnt
|faint|p1a: Raging Bolt
|-end|p1a: Raging Bolt|Protosynthesis|[silent]
|
|upkeep
|
|t:|1757948205
|switch|p1a: Landorus|Landorus-Therian, M|100/100
|-damage|p1a: Landorus|88/100|[from] Stealth Rock
|-ability|p1a: Landorus|Intimidate|boost
|-unboost|p2a: Smino|atk|1
|turn|18
|
|t:|1757948208
|switch|p2a: Elucid|Dragonite, F|100/100
|move|p1a: Landorus|Earthquake|p2a: Elucid
|-immune|p2a: Elucid
|
|-heal|p1a: Landorus|94/100|[from] item: Leftovers
|upkeep
|turn|19
|
|t:|1757948211
|move|p1a: Landorus|Bulk Up|p1a: Landorus
|-boost|p1a: Landorus|atk|1
|-boost|p1a: Landorus|def|1
|move|p2a: Elucid|Ice Spinner|p1a: Landorus
|-supereffective|p1a: Landorus
|-crit|p1a: Landorus
|-damage|p1a: Landorus|0 fnt
|faint|p1a: Landorus
|
|upkeep
|
|t:|1757948216
|switch|p1a: Clefable|Clefable, F|100/100
|-damage|p1a: Clefable|88/100|[from] Stealth Rock
|turn|20
|
|t:|1757948219
|switch|p2a: Julia Jacklin|Glimmora, M|94/100
|move|p1a: Clefable|Cosmic Power|p1a: Clefable
|-boost|p1a: Clefable|def|1
|-boost|p1a: Clefable|spd|1
|
|-heal|p1a: Clefable|94/100|[from] item: Leftovers
|upkeep
|turn|21
|
|t:|1757948222
|-terastallize|p1a: Clefable|Poison
|move|p2a: Julia Jacklin|Mortal Spin|p1a: Clefable
|-resisted|p1a: Clefable
|-damage|p1a: Clefable|93/100
|move|p1a: Clefable|Cosmic Power|p1a: Clefable
|-boost|p1a: Clefable|def|1
|-boost|p1a: Clefable|spd|1
|
|-heal|p1a: Clefable|99/100|[from] item: Leftovers
|upkeep
|turn|22
|
|t:|1757948225
|switch|p2a: Smino|Gholdengo|36/100
|move|p1a: Clefable|Moonblast|p2a: Smino
|-resisted|p2a: Smino
|-damage|p2a: Smino|17/100
|-unboost|p2a: Smino|spa|1
|
|-heal|p1a: Clefable|100/100|[from] item: Leftovers
|upkeep
|turn|23
|
|t:|1757948228
|switch|p1a: Darkrai|Darkrai|56/100 psn
|-damage|p1a: Darkrai|43/100 psn|[from] Stealth Rock
|move|p2a: Smino|Trick|p1a: Darkrai
|-activate|p2a: Smino|move: Trick|[of] p1a: Darkrai
|-item|p1a: Darkrai|Choice Scarf|[from] move: Trick
|-item|p2a: Smino|Choice Scarf|[from] move: Trick
|
|-damage|p1a: Darkrai|31/100 psn|[from] psn
|upkeep
|turn|24
|
|t:|1757948233
|switch|p1a: Clefable|Clefable, F, tera:Poison|100/100
|-damage|p1a: Clefable|88/100|[from] Stealth Rock
|switch|p2a: Julia Jacklin|Glimmora, M|94/100
|
|-heal|p1a: Clefable|94/100|[from] item: Leftovers
|upkeep
|turn|25
|j| ebizi
|
|t:|1757948238
|move|p2a: Julia Jacklin|Earth Power|p1a: Clefable
|-supereffective|p1a: Clefable
|-damage|p1a: Clefable|35/100
|move|p1a: Clefable|Cosmic Power|p1a: Clefable
|-boost|p1a: Clefable|def|1
|-boost|p1a: Clefable|spd|1
|
|-heal|p1a: Clefable|41/100|[from] item: Leftovers
|upkeep
|turn|26
|
|t:|1757948242
|move|p2a: Julia Jacklin|Earth Power|p1a: Clefable
|-supereffective|p1a: Clefable
|-damage|p1a: Clefable|0 fnt
|faint|p1a: Clefable
|
|upkeep
|-message|KingPikaPika forfeited.
|
|win|Auburn Hills
|raw|KingPikaPika's rating: 1797 &rarr; <strong>1778</strong><br />(-19 for losing)
|raw|Auburn Hills's rating: 1809 &rarr; <strong>1828</strong><br />(+19 for winning)
|l|☆KingPikaPika
|player|p1|
|l|☆Auburn Hills
|player|p2|
