|j|☆UltraGodGreninja
|j|☆leontief47
|t:|1757791276
|gametype|singles
|player|p1|UltraGodGreninja|skyla|1566
|player|p2|leontief47|clerk|1684
|gen|9
|tier|[Gen 9] OU
|rated|
|rule|HP Percentage Mod: HP is shown in percentages
|rule|Endless Battle Clause: Forcing endless battles is banned
|rule|Species Clause: Limit one of each Pokémon
|rule|OHKO Clause: OHKO moves are banned
|rule|Evasion Items Clause: Evasion items are banned
|rule|Evasion Moves Clause: Evasion moves are banned
|rule|Evasion Abilities Clause: Evasion abilities are banned
|rule|Sleep Moves Clause: Sleep-inducing moves are banned
|clearpoke
|poke|p1|Great Tusk|
|poke|p1|Alomomola, M|
|poke|p1|Scizor, F|
|poke|p1|Corviknight, F|
|poke|p1|Ting-Lu|
|poke|p1|Dragapult, M|
|poke|p2|Rillaboom, F|
|poke|p2|Ogerpon-Cornerstone, F|
|poke|p2|Raging Bolt|
|poke|p2|Zamazenta-*|
|poke|p2|Hawlucha, F|
|poke|p2|Iron Treads|
|teampreview
|
|t:|1757791281
|teamsize|p1|6
|teamsize|p2|6
|start
|switch|p1a: Corviknight|Corviknight, F|100/100
|switch|p2a: Rillaboom|Rillaboom, F|100/100
|-fieldstart|move: Grassy Terrain|[from] ability: Grassy Surge|[of] p2a: Rillaboom
|-ability|p1a: Corviknight|Pressure
|turn|1
|inactive|Battle timer is ON: inactive players will automatically lose when time's up. (requested by leontief47)
|
|t:|1757791284
|move|p2a: Rillaboom|Knock Off|p1a: Corviknight
|-damage|p1a: Corviknight|80/100
|-damage|p2a: Rillaboom|84/100|[from] item: Rocky Helmet|[of] p1a: Corviknight
|-enditem|p1a: Corviknight|Rocky Helmet|[from] move: Knock Off|[of] p2a: Rillaboom
|move|p1a: Corviknight|U-turn|p2a: Rillaboom
|-supereffective|p2a: Rillaboom
|-damage|p2a: Rillaboom|56/100
|
|t:|1757791288
|switch|p1a: Dragapult|Dragapult, M|100/100|[from] U-turn
|
|-heal|p2a: Rillaboom|62/100|[from] Grassy Terrain
|upkeep
|turn|2
|
|t:|1757791294
|move|p1a: Dragapult|Flamethrower|p2a: Rillaboom
|-supereffective|p2a: Rillaboom
|-damage|p2a: Rillaboom|0 fnt
|faint|p2a: Rillaboom
|
|upkeep
|
|t:|1757791297
|switch|p2a: Zamazenta|Zamazenta|100/100
|-ability|p2a: Zamazenta|Dauntless Shield|boost
|-boost|p2a: Zamazenta|def|1
|turn|3
|
|t:|1757791302
|switch|p1a: Corviknight|Corviknight, F|80/100
|-ability|p1a: Corviknight|Pressure
|move|p2a: Zamazenta|Crunch|p1a: Corviknight
|-damage|p1a: Corviknight|59/100
|-unboost|p1a: Corviknight|def|1
|-damage|p2a: Zamazenta|91/100|[from] item: Life Orb
|
|-heal|p2a: Zamazenta|97/100|[from] Grassy Terrain
|upkeep
|turn|4
|
|t:|1757791305
|switch|p1a: Dragapult|Dragapult, M|100/100
|move|p2a: Zamazenta|Close Combat|p1a: Dragapult
|-immune|p1a: Dragapult
|
|-heal|p2a: Zamazenta|100/100|[from] Grassy Terrain
|upkeep
|turn|5
|
|t:|1757791312
|move|p1a: Dragapult|U-turn|p2a: Zamazenta
|-resisted|p2a: Zamazenta
|-damage|p2a: Zamazenta|95/100
|
|t:|1757791314
|switch|p1a: Alomomola|Alomomola, M|100/100|[from] U-turn
|move|p2a: Zamazenta|Crunch|p1a: Alomomola
|-damage|p1a: Alomomola|78/100
|-damage|p2a: Zamazenta|85/100|[from] item: Life Orb
|
|-heal|p2a: Zamazenta|91/100|[from] Grassy Terrain
|-heal|p1a: Alomomola|84/100|[from] Grassy Terrain
|upkeep
|turn|6
|
|t:|1757791318
|switch|p2a: Hawlucha|Hawlucha, F|100/100
|-enditem|p2a: Hawlucha|Grassy Seed
|-boost|p2a: Hawlucha|def|1|[from] item: Grassy Seed
|move|p1a: Alomomola|Scald|p2a: Hawlucha
|-crit|p2a: Hawlucha
|-damage|p2a: Hawlucha|67/100
|
|-heal|p1a: Alomomola|90/100|[from] Grassy Terrain
|upkeep
|turn|7
|
|t:|1757791321
|move|p2a: Hawlucha|Swords Dance|p2a: Hawlucha
|-boost|p2a: Hawlucha|atk|2
|move|p1a: Alomomola|Flip Turn|p2a: Hawlucha
|-damage|p2a: Hawlucha|52/100
|
|t:|1757791326
|switch|p1a: Scizor|Scizor, F|100/100|[from] Flip Turn
|
|upkeep
|turn|8
|
|t:|1757791329
|move|p1a: Scizor|Bullet Punch|p2a: Hawlucha
|-damage|p2a: Hawlucha|8/100
|move|p2a: Hawlucha|Close Combat|p1a: Scizor
|-damage|p1a: Scizor|0 fnt
|-unboost|p2a: Hawlucha|def|1
|-unboost|p2a: Hawlucha|spd|1
|faint|p1a: Scizor
|
|-fieldend|move: Grassy Terrain
|upkeep
|
|t:|1757791334
|switch|p1a: Alomomola|Alomomola, M|100/100
|turn|9
|
|t:|1757791336
|move|p2a: Hawlucha|Close Combat|p1a: Alomomola
|-damage|p1a: Alomomola|24/100
|-unboost|p2a: Hawlucha|def|1
|-unboost|p2a: Hawlucha|spd|1
|move|p1a: Alomomola|Scald|p2a: Hawlucha
|-damage|p2a: Hawlucha|0 fnt
|faint|p2a: Hawlucha
|
|upkeep
|
|t:|1757791341
|switch|p2a: Ogerpon|Ogerpon-Cornerstone, F|100/100
|turn|10
|
|t:|1757791344
|switch|p1a: Corviknight|Corviknight, F|59/100
|-ability|p1a: Corviknight|Pressure
|move|p2a: Ogerpon|Ivy Cudgel|p1a: Corviknight|[anim] Ivy Cudgel Rock
|-damage|p1a: Corviknight|22/100
|
|upkeep
|turn|11
|
|t:|1757791346
|move|p2a: Ogerpon|Ivy Cudgel|p1a: Corviknight|[anim] Ivy Cudgel Rock
|-damage|p1a: Corviknight|0 fnt
|faint|p1a: Corviknight
|
|upkeep
|
|t:|1757791348
|switch|p1a: Dragapult|Dragapult, M|100/100
|turn|12
|
|t:|1757791353
|switch|p2a: Iron Treads|Iron Treads|100/100
|-enditem|p2a: Iron Treads|Booster Energy
|-activate|p2a: Iron Treads|ability: Quark Drive|[fromitem]
|-start|p2a: Iron Treads|quarkdrivespe
|move|p1a: Dragapult|U-turn|p2a: Iron Treads
|-resisted|p2a: Iron Treads
|-damage|p2a: Iron Treads|92/100
|
|t:|1757791357
|switch|p1a: Great Tusk|Great Tusk|100/100|[from] U-turn
|
|upkeep
|turn|13
|
|t:|1757791360
|move|p2a: Iron Treads|Earth Power|p1a: Great Tusk
|-damage|p1a: Great Tusk|54/100
|move|p1a: Great Tusk|Headlong Rush|p2a: Iron Treads
|-supereffective|p2a: Iron Treads
|-damage|p2a: Iron Treads|0 fnt
|-unboost|p1a: Great Tusk|def|1
|-unboost|p1a: Great Tusk|spd|1
|faint|p2a: Iron Treads
|-end|p2a: Iron Treads|Quark Drive|[silent]
|
|upkeep
|
|t:|1757791364
|switch|p2a: Ogerpon|Ogerpon-Cornerstone, F|100/100
|turn|14
|
|t:|1757791369
|-end|p1a: Great Tusk|Protosynthesis|[silent]
|switch|p1a: Alomomola|Alomomola, M|57/100
|move|p2a: Ogerpon|Power Whip|p1a: Alomomola
|-supereffective|p1a: Alomomola
|-damage|p1a: Alomomola|0 fnt
|faint|p1a: Alomomola
|
|upkeep
|
|t:|1757791371
|switch|p1a: Dragapult|Dragapult, M|100/100
|turn|15
|
|t:|1757791377
|switch|p2a: Zamazenta|Zamazenta|91/100
|move|p1a: Dragapult|U-turn|p2a: Zamazenta
|-resisted|p2a: Zamazenta
|-damage|p2a: Zamazenta|83/100
|
|t:|1757791380
|switch|p1a: Great Tusk|Great Tusk|54/100|[from] U-turn
|
|upkeep
|turn|16
|
|t:|1757791385
|-end|p1a: Great Tusk|Protosynthesis|[silent]
|switch|p1a: Dragapult|Dragapult, M|100/100
|move|p2a: Zamazenta|Close Combat|p1a: Dragapult
|-immune|p1a: Dragapult
|
|upkeep
|turn|17
|
|t:|1757791394
|move|p1a: Dragapult|U-turn|p2a: Zamazenta
|-resisted|p2a: Zamazenta
|-damage|p2a: Zamazenta|76/100
|
|t:|1757791396
|switch|p1a: Ting-Lu|Ting-Lu|100/100|[from] U-turn
|-ability|p1a: Ting-Lu|Vessel of Ruin
|move|p2a: Zamazenta|Crunch|p1a: Ting-Lu
|-resisted|p1a: Ting-Lu
|-damage|p1a: Ting-Lu|91/100
|-damage|p2a: Zamazenta|66/100|[from] item: Life Orb
|
|-heal|p1a: Ting-Lu|97/100|[from] item: Leftovers
|upkeep
|turn|18
|
|t:|1757791401
|-terastallize|p1a: Ting-Lu|Poison
|move|p2a: Zamazenta|Crunch|p1a: Ting-Lu
|-damage|p1a: Ting-Lu|77/100
|-unboost|p1a: Ting-Lu|def|1
|-damage|p2a: Zamazenta|56/100|[from] item: Life Orb
|move|p1a: Ting-Lu|Stealth Rock|p2a: Zamazenta
|-sidestart|p2: leontief47|move: Stealth Rock
|
|-heal|p1a: Ting-Lu|83/100|[from] item: Leftovers
|upkeep
|turn|19
|
|t:|1757791414
|move|p2a: Zamazenta|Ice Fang|p1a: Ting-Lu
|-damage|p1a: Ting-Lu|59/100
|-damage|p2a: Zamazenta|46/100|[from] item: Life Orb
|move|p1a: Ting-Lu|Whirlwind|p2a: Zamazenta
|drag|p2a: Ogerpon|Ogerpon-Cornerstone, F|100/100
|-damage|p2a: Ogerpon|88/100|[from] Stealth Rock
|
|-heal|p1a: Ting-Lu|66/100|[from] item: Leftovers
|upkeep
|turn|20
|
|t:|1757791418
|move|p2a: Ogerpon|Ivy Cudgel|p1a: Ting-Lu|[anim] Ivy Cudgel Rock
|-damage|p1a: Ting-Lu|21/100
|move|p1a: Ting-Lu|Ruination|p2a: Ogerpon
|-damage|p2a: Ogerpon|44/100
|
|-heal|p1a: Ting-Lu|27/100|[from] item: Leftovers
|upkeep
|turn|21
|
|t:|1757791420
|move|p2a: Ogerpon|Ivy Cudgel|p1a: Ting-Lu|[anim] Ivy Cudgel Rock
|-damage|p1a: Ting-Lu|0 fnt
|faint|p1a: Ting-Lu
|
|upkeep
|
|t:|1757791422
|switch|p1a: Dragapult|Dragapult, M|100/100
|turn|22
|
|t:|1757791426
|switch|p2a: Zamazenta|Zamazenta|46/100
|-damage|p2a: Zamazenta|40/100|[from] Stealth Rock
|move|p1a: Dragapult|Shadow Ball|p2a: Zamazenta
|-damage|p2a: Zamazenta|0 fnt
|faint|p2a: Zamazenta
|
|upkeep
|
|t:|1757791430
|switch|p2a: Raging Bolt|Raging Bolt|100/100
|-damage|p2a: Raging Bolt|88/100|[from] Stealth Rock
|turn|23
|
|t:|1757791433
|move|p1a: Dragapult|Shadow Ball|p2a: Raging Bolt
|-damage|p2a: Raging Bolt|48/100
|-unboost|p2a: Raging Bolt|spd|1
|move|p2a: Raging Bolt|Dragon Pulse|p1a: Dragapult
|-supereffective|p1a: Dragapult
|-damage|p1a: Dragapult|0 fnt
|faint|p1a: Dragapult
|
|upkeep
|
|t:|1757791435
|switch|p1a: Great Tusk|Great Tusk|54/100
|turn|24
|j| lilianoleg
|-message|UltraGodGreninja forfeited.
|
|win|leontief47
|raw|UltraGodGreninja's rating: 1566 &rarr; <strong>1553</strong><br />(-13 for losing)
|raw|leontief47's rating: 1684 &rarr; <strong>1697</strong><br />(+13 for winning)
|l|☆UltraGodGreninja
|player|p1|
