|j|☆4DEF+4SPD=GG
|j|☆ensyde
|t:|1757797889
|gametype|singles
|player|p1|4DEF+4SPD=GG|preschooler|1229
|player|p2|ensyde|burglar|1318
|gen|9
|tier|[Gen 9] OU
|rated|
|rule|HP Percentage Mod: HP is shown in percentages
|rule|Endless Battle Clause: Forcing endless battles is banned
|rule|Species Clause: Limit one of each Pokémon
|rule|OHKO Clause: OHKO moves are banned
|rule|Evasion Items Clause: Evasion items are banned
|rule|Evasion Moves Clause: Evasion moves are banned
|rule|Evasion Abilities Clause: Evasion abilities are banned
|rule|Sleep Moves Clause: Sleep-inducing moves are banned
|clearpoke
|poke|p1|Tyranitar, M|
|poke|p1|Excadrill, M|
|poke|p1|Corviknight, M|
|poke|p1|Glimmora, M|
|poke|p1|Hippowdon, M|
|poke|p1|Scizor, M|
|poke|p2|Ting-Lu|
|poke|p2|Glimmora, M|
|poke|p2|Dragonite, M|
|poke|p2|Iron Moth|
|poke|p2|Zamazenta-*|
|poke|p2|Scizor, M|
|teampreview
|inactive|Battle timer is ON: inactive players will automatically lose when time's up. (requested by ensyde)
|inactive|4DEF+4SPD=GG also wants the timer to be on.
|
|t:|1757797911
|teamsize|p1|6
|teamsize|p2|6
|start
|switch|p1a: Scizor|Scizor, M|100/100
|switch|p2a: litter|Glimmora, M, shiny|100/100
|turn|1
|
|t:|1757797924
|move|p1a: Scizor|Bullet Punch|p2a: litter
|-supereffective|p2a: litter
|-crit|p2a: litter
|-enditem|p2a: litter|Focus Sash
|-damage|p2a: litter|1/100
|-activate|p2a: litter|ability: Toxic Debris
|-sidestart|p1: 4DEF+4SPD=GG|move: Toxic Spikes
|move|p2a: litter|Power Gem|p1a: Scizor
|-damage|p1a: Scizor|53/100
|
|upkeep
|turn|2
|
|t:|1757797935
|switch|p2a: silence|Ting-Lu|100/100
|-ability|p2a: silence|Vessel of Ruin
|move|p1a: Scizor|Bullet Punch|p2a: silence
|-damage|p2a: silence|78/100
|
|-heal|p2a: silence|84/100|[from] item: Leftovers
|upkeep
|turn|3
|
|t:|1757797944
|switch|p1a: Corviknight|Corviknight, M|100/100
|move|p2a: silence|Whirlwind|p1a: Corviknight
|drag|p1a: Hippowdon|Hippowdon, M|100/100
|-status|p1a: Hippowdon|psn
|-weather|Sandstorm|[from] ability: Sand Stream|[of] p1a: Hippowdon
|
|-weather|Sandstorm|[upkeep]
|-heal|p2a: silence|91/100|[from] item: Leftovers
|-damage|p1a: Hippowdon|88/100 psn|[from] psn
|upkeep
|turn|4
|
|t:|1757797956
|move|p1a: Hippowdon|Stealth Rock|p2a: silence
|-sidestart|p2: ensyde|move: Stealth Rock
|move|p2a: silence|Whirlwind|p1a: Hippowdon
|drag|p1a: Tyranitar|Tyranitar, M|100/100
|-status|p1a: Tyranitar|psn
|
|-weather|Sandstorm|[upkeep]
|-heal|p2a: silence|97/100|[from] item: Leftovers
|-damage|p1a: Tyranitar|88/100 psn|[from] psn
|upkeep
|turn|5
|
|t:|1757797966
|switch|p1a: Glimmora|Glimmora, M|100/100
|-sideend|p1: 4DEF+4SPD=GG|move: Toxic Spikes|[of] p1a: Glimmora
|move|p2a: silence|Body Press|p1a: Glimmora
|-damage|p1a: Glimmora|62/100
|-activate|p1a: Glimmora|ability: Toxic Debris
|-sidestart|p2: ensyde|move: Toxic Spikes
|
|-weather|Sandstorm|[upkeep]
|-heal|p2a: silence|100/100|[from] item: Leftovers
|upkeep
|turn|6
|
|t:|1757797977
|switch|p1a: Scizor|Scizor, M|53/100
|move|p2a: silence|Whirlwind|p1a: Scizor
|drag|p1a: Tyranitar|Tyranitar, M|88/100 psn
|
|-weather|Sandstorm|[upkeep]
|-damage|p1a: Tyranitar|76/100 psn|[from] psn
|upkeep
|turn|7
|
|t:|1757797986
|switch|p1a: Scizor|Scizor, M|53/100
|move|p2a: silence|Whirlwind|p1a: Scizor
|drag|p1a: Glimmora|Glimmora, M|62/100
|
|-weather|Sandstorm|[upkeep]
|upkeep
|turn|8
|
|t:|1757797994
|switch|p1a: Corviknight|Corviknight, M|100/100
|move|p2a: silence|Earthquake|p1a: Corviknight
|-immune|p1a: Corviknight
|
|-weather|Sandstorm|[upkeep]
|upkeep
|turn|9
|
|t:|1757798004
|move|p1a: Corviknight|U-turn|p2a: silence
|-supereffective|p2a: silence
|-damage|p2a: silence|88/100
|
|t:|1757798008
|switch|p1a: Scizor|Scizor, M|53/100|[from] U-turn
|move|p2a: silence|Whirlwind|p1a: Scizor
|drag|p1a: Corviknight|Corviknight, M|100/100
|
|-weather|Sandstorm|[upkeep]
|-heal|p2a: silence|95/100|[from] item: Leftovers
|upkeep
|turn|10
|
|t:|1757798015
|move|p1a: Corviknight|U-turn|p2a: silence
|-supereffective|p2a: silence
|-damage|p2a: silence|83/100
|
|t:|1757798019
|switch|p1a: Scizor|Scizor, M|53/100|[from] U-turn
|move|p2a: silence|Whirlwind|p1a: Scizor
|drag|p1a: Hippowdon|Hippowdon, M|88/100 psn
|
|-weather|none
|-heal|p2a: silence|89/100|[from] item: Leftovers
|-damage|p1a: Hippowdon|76/100 psn|[from] psn
|upkeep
|turn|11
|
|t:|1757798026
|switch|p1a: Corviknight|Corviknight, M|100/100
|move|p2a: silence|Whirlwind|p1a: Corviknight
|drag|p1a: Scizor|Scizor, M|53/100
|
|-heal|p2a: silence|95/100|[from] item: Leftovers
|upkeep
|turn|12
|
|t:|1757798029
|move|p1a: Scizor|Knock Off|p2a: silence
|-resisted|p2a: silence
|-damage|p2a: silence|84/100
|-enditem|p2a: silence|Leftovers|[from] move: Knock Off|[of] p1a: Scizor
|move|p2a: silence|Whirlwind|p1a: Scizor
|drag|p1a: Tyranitar|Tyranitar, M|76/100 psn
|-weather|Sandstorm|[from] ability: Sand Stream|[of] p1a: Tyranitar
|
|-weather|Sandstorm|[upkeep]
|-damage|p1a: Tyranitar|63/100 psn|[from] psn
|upkeep
|turn|13
|
|t:|1757798050
|switch|p1a: Corviknight|Corviknight, M|100/100
|move|p2a: silence|Body Press|p1a: Corviknight
|-damage|p1a: Corviknight|81/100
|-damage|p2a: silence|67/100|[from] item: Rocky Helmet|[of] p1a: Corviknight
|
|-weather|Sandstorm|[upkeep]
|upkeep
|turn|14
|
|t:|1757798056
|move|p1a: Corviknight|U-turn|p2a: silence
|-supereffective|p2a: silence
|-damage|p2a: silence|55/100
|
|t:|1757798061
|switch|p1a: Hippowdon|Hippowdon, M|76/100 psn|[from] U-turn
|move|p2a: silence|Whirlwind|p1a: Hippowdon
|drag|p1a: Corviknight|Corviknight, M|81/100
|
|-weather|Sandstorm|[upkeep]
|upkeep
|turn|15
|
|t:|1757798070
|move|p1a: Corviknight|U-turn|p2a: silence
|-supereffective|p2a: silence
|-damage|p2a: silence|44/100
|
|t:|1757798073
|switch|p1a: Hippowdon|Hippowdon, M|76/100 psn|[from] U-turn
|move|p2a: silence|Whirlwind|p1a: Hippowdon
|drag|p1a: Scizor|Scizor, M|53/100
|
|-weather|Sandstorm|[upkeep]
|upkeep
|turn|16
|
|t:|1757798080
|move|p1a: Scizor|U-turn|p2a: silence
|-supereffective|p2a: silence
|-damage|p2a: silence|0 fnt
|faint|p2a: silence
|
|t:|1757798084
|switch|p1a: Excadrill|Excadrill, M|100/100|[from] U-turn
|
|-weather|Sandstorm|[upkeep]
|upkeep
|
|t:|1757798088
|switch|p2a: litter|Glimmora, M, shiny|1/100
|-damage|p2a: litter|0 fnt|[from] Stealth Rock
|faint|p2a: litter
|
|t:|1757798096
|switch|p2a: wrath|Iron Moth, shiny|100/100
|-damage|p2a: wrath|76/100|[from] Stealth Rock
|-sideend|p2: ensyde|move: Toxic Spikes|[of] p2a: wrath
|-enditem|p2a: wrath|Booster Energy
|-activate|p2a: wrath|ability: Quark Drive|[fromitem]
|-start|p2a: wrath|quarkdrivespe
|turn|17
|
|t:|1757798106
|-terastallize|p2a: wrath|Grass
|move|p1a: Excadrill|Earthquake|p2a: wrath
|-resisted|p2a: wrath
|-damage|p2a: wrath|30/100
|move|p2a: wrath|Fiery Dance|p1a: Excadrill
|-supereffective|p1a: Excadrill
|-enditem|p1a: Excadrill|Focus Sash
|-damage|p1a: Excadrill|1/100
|-boost|p2a: wrath|spa|1
|
|-weather|Sandstorm|[upkeep]
|-damage|p2a: wrath|24/100|[from] Sandstorm
|upkeep
|turn|18
|
|t:|1757798121
|move|p1a: Excadrill|Iron Head|p2a: wrath
|-damage|p2a: wrath|0 fnt
|faint|p2a: wrath
|-end|p2a: wrath|Quark Drive|[silent]
|
|-weather|Sandstorm|[upkeep]
|upkeep
|
|t:|1757798127
|switch|p2a: requiem|Zamazenta, shiny|100/100
|-damage|p2a: requiem|94/100|[from] Stealth Rock
|-ability|p2a: requiem|Dauntless Shield|boost
|-boost|p2a: requiem|def|1
|turn|19
|
|t:|1757798131
|switch|p1a: Corviknight|Corviknight, M|81/100
|move|p2a: requiem|Roar|p1a: Corviknight
|drag|p1a: Tyranitar|Tyranitar, M|63/100 psn
|
|-weather|none
|-heal|p2a: requiem|100/100|[from] item: Leftovers
|-damage|p1a: Tyranitar|51/100 psn|[from] psn
|upkeep
|turn|20
|
|t:|1757798141
|switch|p1a: Corviknight|Corviknight, M|81/100
|move|p2a: requiem|Iron Defense|p2a: requiem
|-boost|p2a: requiem|def|2
|
|upkeep
|turn|21
|
|t:|1757798147
|move|p1a: Corviknight|U-turn|p2a: requiem
|-resisted|p2a: requiem
|-damage|p2a: requiem|98/100
|
|t:|1757798152
|switch|p1a: Hippowdon|Hippowdon, M|76/100 psn|[from] U-turn
|-weather|Sandstorm|[from] ability: Sand Stream|[of] p1a: Hippowdon
|move|p2a: requiem|Roar|p1a: Hippowdon
|drag|p1a: Corviknight|Corviknight, M|81/100
|
|-weather|Sandstorm|[upkeep]
|-damage|p2a: requiem|92/100|[from] Sandstorm
|-heal|p2a: requiem|98/100|[from] item: Leftovers
|upkeep
|turn|22
|
|t:|1757798156
|move|p2a: requiem|Iron Defense|p2a: requiem
|-boost|p2a: requiem|def|2
|move|p1a: Corviknight|U-turn|p2a: requiem
|-resisted|p2a: requiem
|-damage|p2a: requiem|96/100
|
|t:|1757798159
|switch|p1a: Glimmora|Glimmora, M|62/100|[from] U-turn
|
|-weather|Sandstorm|[upkeep]
|-damage|p2a: requiem|90/100|[from] Sandstorm
|-heal|p2a: requiem|96/100|[from] item: Leftovers
|upkeep
|turn|23
|
|t:|1757798165
|-terastallize|p1a: Glimmora|Bug
|move|p2a: requiem|Body Press|p1a: Glimmora
|-resisted|p1a: Glimmora
|-damage|p1a: Glimmora|2/100
|-activate|p1a: Glimmora|ability: Toxic Debris
|-sidestart|p2: ensyde|move: Toxic Spikes
|move|p1a: Glimmora|Meteor Beam||[still]
|-prepare|p1a: Glimmora|Meteor Beam
|-boost|p1a: Glimmora|spa|1
|-enditem|p1a: Glimmora|Power Herb
|-anim|p1a: Glimmora|Meteor Beam|p2a: requiem
|-resisted|p2a: requiem
|-damage|p2a: requiem|54/100
|
|-weather|Sandstorm|[upkeep]
|-damage|p2a: requiem|48/100|[from] Sandstorm
|-damage|p1a: Glimmora|0 fnt|[from] Sandstorm
|faint|p1a: Glimmora
|-heal|p2a: requiem|54/100|[from] item: Leftovers
|upkeep
|
|t:|1757798178
|switch|p1a: Hippowdon|Hippowdon, M|76/100 psn
|turn|24
|
|t:|1757798181
|move|p2a: requiem|Body Press|p1a: Hippowdon
|-damage|p1a: Hippowdon|29/100 psn
|move|p1a: Hippowdon|Whirlwind|p2a: requiem
|drag|p2a: kindness|Dragonite, M, shiny|100/100
|-damage|p2a: kindness|76/100|[from] Stealth Rock
|
|-weather|Sandstorm|[upkeep]
|-damage|p2a: kindness|70/100|[from] Sandstorm
|-damage|p1a: Hippowdon|17/100 psn|[from] psn
|upkeep
|turn|25
|
|t:|1757798189
|move|p2a: kindness|Encore|p1a: Hippowdon
|-start|p1a: Hippowdon|Encore
|move|p1a: Hippowdon|Whirlwind|p2a: kindness
|drag|p2a: envy|Scizor, M, shiny|100/100
|-damage|p2a: envy|88/100|[from] Stealth Rock
|
|-weather|Sandstorm|[upkeep]
|-heal|p2a: envy|94/100|[from] item: Leftovers
|-damage|p1a: Hippowdon|5/100 psn|[from] psn
|upkeep
|turn|26
|
|t:|1757798203
|move|p2a: envy|Bullet Punch|p1a: Hippowdon
|-damage|p1a: Hippowdon|0 fnt
|faint|p1a: Hippowdon
|
|-weather|Sandstorm|[upkeep]
|-heal|p2a: envy|99/100|[from] item: Leftovers
|upkeep
|
|t:|1757798209
|switch|p1a: Scizor|Scizor, M|53/100
|turn|27
|
|t:|1757798215
|move|p2a: envy|Swords Dance|p2a: envy
|-boost|p2a: envy|atk|2
|move|p1a: Scizor|Knock Off|p2a: envy
|-damage|p2a: envy|41/100
|-enditem|p2a: envy|Leftovers|[from] move: Knock Off|[of] p1a: Scizor
|
|-weather|Sandstorm|[upkeep]
|upkeep
|turn|28
|
|t:|1757798220
|move|p2a: envy|Bullet Punch|p1a: Scizor
|-resisted|p1a: Scizor
|-damage|p1a: Scizor|17/100
|move|p1a: Scizor|Knock Off|p2a: envy
|-damage|p2a: envy|6/100
|
|-weather|none
|upkeep
|turn|29
|
|t:|1757798225
|move|p2a: envy|Bullet Punch|p1a: Scizor
|-resisted|p1a: Scizor
|-crit|p1a: Scizor
|-damage|p1a: Scizor|0 fnt
|faint|p1a: Scizor
|
|upkeep
|
|t:|1757798228
|switch|p1a: Corviknight|Corviknight, M|81/100
|turn|30
|
|t:|1757798231
|move|p2a: envy|Bullet Punch|p1a: Corviknight
|-resisted|p1a: Corviknight
|-damage|p1a: Corviknight|60/100
|-damage|p2a: envy|0 fnt|[from] item: Rocky Helmet|[of] p1a: Corviknight
|faint|p2a: envy
|move|p1a: Corviknight|Roost|p1a: Corviknight
|-heal|p1a: Corviknight|100/100
|-singleturn|p1a: Corviknight|move: Roost
|
|upkeep
|
|t:|1757798237
|switch|p2a: kindness|Dragonite, M, shiny|70/100
|-damage|p2a: kindness|45/100|[from] Stealth Rock
|turn|31
|
|t:|1757798240
|move|p2a: kindness|Encore|p1a: Corviknight
|-start|p1a: Corviknight|Encore
|move|p1a: Corviknight|Roost||[still]
|-fail|p1a: Corviknight|heal
|
|upkeep
|turn|32
|
|t:|1757798242
|switch|p1a: Tyranitar|Tyranitar, M|51/100 psn
|-weather|Sandstorm|[from] ability: Sand Stream|[of] p1a: Tyranitar
|move|p2a: kindness|Dragon Dance|p2a: kindness
|-boost|p2a: kindness|atk|1
|-boost|p2a: kindness|spe|1
|
|-weather|Sandstorm|[upkeep]
|-damage|p2a: kindness|39/100|[from] Sandstorm
|-damage|p1a: Tyranitar|39/100 psn|[from] psn
|upkeep
|turn|33
|
|t:|1757798247
|move|p2a: kindness|Earthquake|p1a: Tyranitar
|-supereffective|p1a: Tyranitar
|-damage|p1a: Tyranitar|0 fnt
|faint|p1a: Tyranitar
|-damage|p2a: kindness|29/100|[from] item: Life Orb
|
|-weather|Sandstorm|[upkeep]
|-damage|p2a: kindness|22/100|[from] Sandstorm
|upkeep
|
|t:|1757798251
|switch|p1a: Corviknight|Corviknight, M|100/100
|turn|34
|
|t:|1757798255
|move|p2a: kindness|Dragon Dance|p2a: kindness
|-boost|p2a: kindness|atk|1
|-boost|p2a: kindness|spe|1
|move|p1a: Corviknight|Brave Bird|p2a: kindness
|-crit|p2a: kindness
|-damage|p2a: kindness|0 fnt
|faint|p2a: kindness
|-damage|p1a: Corviknight|95/100|[from] Recoil
|
|-weather|Sandstorm|[upkeep]
|upkeep
|
|t:|1757798260
|switch|p2a: requiem|Zamazenta, shiny|54/100
|-damage|p2a: requiem|48/100|[from] Stealth Rock
|-status|p2a: requiem|psn
|turn|35
|
|t:|1757798261
|move|p1a: Corviknight|Brave Bird|p2a: requiem
|-supereffective|p2a: requiem
|-damage|p2a: requiem|0 fnt
|faint|p2a: requiem
|-damage|p1a: Corviknight|80/100|[from] Recoil
|
|win|4DEF+4SPD=GG
|raw|4DEF+4SPD=GG's rating: 1229 &rarr; <strong>1260</strong><br />(+31 for winning)
|raw|ensyde's rating: 1318 &rarr; <strong>1293</strong><br />(-25 for losing)
