|badge|p2|bronze|gen9ou|100-6
|uhtml|medal-msg|<div class="broadcast-blue">Curious what those medals under the avatar are? PS now has Ladder Seasons! For more information, check out the <a href="https://www.smogon.com/forums/threads/3740067/">thread on Smogon.</a></div>
|j|☆SamiFawad
|j|☆OnArceus
|t:|1757964608
|gametype|singles
|player|p1|SamiFawad|170|1747
|player|p2|OnArceus|#scl2spartans|1868
|gen|9
|tier|[Gen 9] OU
|rated|
|rule|HP Percentage Mod: HP is shown in percentages
|rule|Endless Battle Clause: Forcing endless battles is banned
|rule|Species Clause: Limit one of each Pokémon
|rule|OHKO Clause: OHKO moves are banned
|rule|Evasion Items Clause: Evasion items are banned
|rule|Evasion Moves Clause: Evasion moves are banned
|rule|Evasion Abilities Clause: Evasion abilities are banned
|rule|Sleep Moves Clause: Sleep-inducing moves are banned
|clearpoke
|poke|p1|Slowking-Galar, F|
|poke|p1|Pecharunt|
|poke|p1|Garchomp, M|
|poke|p1|Tyranitar, F|
|poke|p1|Kyurem|
|poke|p1|Great Tusk|
|poke|p2|Ursaluna, M|
|poke|p2|Meowscarada, F|
|poke|p2|Slowking-Galar, M|
|poke|p2|Great Tusk|
|poke|p2|Moltres|
|poke|p2|Gholdengo|
|teampreview
|
|t:|1757964618
|teamsize|p1|6
|teamsize|p2|6
|start
|switch|p1a: Great Tusk|Great Tusk|100/100
|switch|p2a: Slowking|Slowking-Galar, M|100/100
|turn|1
|
|t:|1757964629
|move|p1a: Great Tusk|Knock Off|p2a: Slowking
|-supereffective|p2a: Slowking
|-damage|p2a: Slowking|61/100
|-enditem|p2a: Slowking|Heavy-Duty Boots|[from] move: Knock Off|[of] p1a: Great Tusk
|move|p2a: Slowking|Sludge Bomb|p1a: Great Tusk
|-resisted|p1a: Great Tusk
|-damage|p1a: Great Tusk|80/100
|-status|p1a: Great Tusk|psn
|
|-damage|p1a: Great Tusk|67/100 psn|[from] psn
|upkeep
|turn|2
|j| Arcangel666
|
|t:|1757964633
|switch|p2a: Great Tusk|Great Tusk|100/100
|move|p1a: Great Tusk|Stealth Rock|p2a: Great Tusk
|-sidestart|p2: OnArceus|move: Stealth Rock
|
|-damage|p1a: Great Tusk|55/100 psn|[from] psn
|upkeep
|turn|3
|
|t:|1757964636
|-end|p1a: Great Tusk|Protosynthesis|[silent]
|switch|p1a: Pecharunt|Pecharunt|100/100
|move|p2a: Great Tusk|Stealth Rock|p1a: Pecharunt
|-sidestart|p1: SamiFawad|move: Stealth Rock
|
|upkeep
|turn|4
|
|t:|1757964640
|move|p2a: Great Tusk|Headlong Rush|p1a: Pecharunt
|-supereffective|p1a: Pecharunt
|-damage|p1a: Pecharunt|22/100
|-unboost|p2a: Great Tusk|def|1
|-unboost|p2a: Great Tusk|spd|1
|-damage|p2a: Great Tusk|84/100|[from] item: Rocky Helmet|[of] p1a: Pecharunt
|move|p1a: Pecharunt|Shadow Ball|p2a: Great Tusk
|-damage|p2a: Great Tusk|5/100
|-unboost|p2a: Great Tusk|spd|1
|
|upkeep
|turn|5
|
|t:|1757964647
|move|p2a: Great Tusk|Headlong Rush|p1a: Pecharunt
|-supereffective|p1a: Pecharunt
|-crit|p1a: Pecharunt
|-damage|p1a: Pecharunt|0 fnt
|-unboost|p2a: Great Tusk|def|1
|-unboost|p2a: Great Tusk|spd|1
|-damage|p2a: Great Tusk|0 fnt|[from] item: Rocky Helmet|[of] p1a: Pecharunt
|faint|p1a: Pecharunt
|faint|p2a: Great Tusk
|-end|p2a: Great Tusk|Protosynthesis|[silent]
|
|upkeep
|
|t:|1757964652
|switch|p2a: Meowscarada|Meowscarada, F|100/100
|switch|p1a: Kyurem|Kyurem|100/100
|-damage|p1a: Kyurem|76/100|[from] Stealth Rock
|-ability|p1a: Kyurem|Pressure
|turn|6
|
|t:|1757964657
|move|p1a: Kyurem|Ice Beam|p2a: Meowscarada
|-supereffective|p2a: Meowscarada
|-damage|p2a: Meowscarada|0 fnt
|faint|p2a: Meowscarada
|
|upkeep
|
|t:|1757964660
|switch|p2a: Gholdengo|Gholdengo|100/100
|-damage|p2a: Gholdengo|94/100|[from] Stealth Rock
|turn|7
|
|t:|1757964666
|switch|p1a: Slowking|Slowking-Galar, F|100/100
|-damage|p1a: Slowking|88/100|[from] Stealth Rock
|move|p2a: Gholdengo|Shadow Ball|p1a: Slowking
|-supereffective|p1a: Slowking
|-damage|p1a: Slowking|41/100
|-unboost|p1a: Slowking|spd|1
|
|upkeep
|turn|8
|
|t:|1757964672
|switch|p2a: Ursaluna|Ursaluna, M|100/100
|-damage|p2a: Ursaluna|94/100|[from] Stealth Rock
|move|p1a: Slowking|Flamethrower|p2a: Ursaluna
|-damage|p2a: Ursaluna|76/100
|
|-heal|p2a: Ursaluna|82/100|[from] item: Leftovers
|upkeep
|turn|9
|
|t:|1757964679
|switch|p1a: Great Tusk|Great Tusk|55/100 psn
|-damage|p1a: Great Tusk|52/100 psn|[from] Stealth Rock
|move|p2a: Ursaluna|Bulk Up|p2a: Ursaluna
|-boost|p2a: Ursaluna|atk|1
|-boost|p2a: Ursaluna|def|1
|
|-heal|p2a: Ursaluna|88/100|[from] item: Leftovers
|-damage|p1a: Great Tusk|39/100 psn|[from] psn
|upkeep
|turn|10
|
|t:|1757964682
|move|p2a: Ursaluna|Protect|p2a: Ursaluna
|-singleturn|p2a: Ursaluna|Protect
|move|p1a: Great Tusk|Rapid Spin|p2a: Ursaluna
|-activate|p2a: Ursaluna|move: Protect
|
|-heal|p2a: Ursaluna|94/100|[from] item: Leftovers
|-damage|p1a: Great Tusk|27/100 psn|[from] psn
|upkeep
|turn|11
|j| Puyu Paz
|
|t:|1757964686
|move|p1a: Great Tusk|Stealth Rock||[still]
|-fail|p1a: Great Tusk
|move|p2a: Ursaluna|Bulk Up|p2a: Ursaluna
|-boost|p2a: Ursaluna|atk|1
|-boost|p2a: Ursaluna|def|1
|
|-heal|p2a: Ursaluna|99/100|[from] item: Leftovers
|-damage|p1a: Great Tusk|15/100 psn|[from] psn
|upkeep
|turn|12
|
|t:|1757964689
|move|p2a: Ursaluna|Protect|p2a: Ursaluna
|-singleturn|p2a: Ursaluna|Protect
|move|p1a: Great Tusk|Rapid Spin|p2a: Ursaluna
|-activate|p2a: Ursaluna|move: Protect
|
|-heal|p2a: Ursaluna|100/100|[from] item: Leftovers
|-damage|p1a: Great Tusk|2/100 psn|[from] psn
|upkeep
|turn|13
|
|t:|1757964691
|move|p1a: Great Tusk|Knock Off|p2a: Ursaluna
|-damage|p2a: Ursaluna|91/100
|-enditem|p2a: Ursaluna|Leftovers|[from] move: Knock Off|[of] p1a: Great Tusk
|move|p2a: Ursaluna|Bulk Up|p2a: Ursaluna
|-boost|p2a: Ursaluna|atk|1
|-boost|p2a: Ursaluna|def|1
|
|-damage|p1a: Great Tusk|0 fnt|[from] psn
|faint|p1a: Great Tusk
|-end|p1a: Great Tusk|Protosynthesis|[silent]
|upkeep
|
|t:|1757964697
|switch|p1a: Kyurem|Kyurem|76/100
|-damage|p1a: Kyurem|51/100|[from] Stealth Rock
|-ability|p1a: Kyurem|Pressure
|turn|14
|
|t:|1757964699
|-terastallize|p2a: Ursaluna|Fairy
|move|p1a: Kyurem|Ice Beam|p2a: Ursaluna
|-damage|p2a: Ursaluna|61/100
|move|p2a: Ursaluna|Earthquake|p1a: Kyurem
|-damage|p1a: Kyurem|0 fnt
|faint|p1a: Kyurem
|
|upkeep
|
|t:|1757964703
|switch|p1a: Slowking|Slowking-Galar, F|74/100
|-damage|p1a: Slowking|62/100|[from] Stealth Rock
|turn|15
|
|t:|1757964704
|move|p2a: Ursaluna|Earthquake|p1a: Slowking
|-supereffective|p1a: Slowking
|-damage|p1a: Slowking|0 fnt
|faint|p1a: Slowking
|
|upkeep
|
|t:|1757964707
|switch|p1a: Tyranitar|Tyranitar, F|100/100
|-damage|p1a: Tyranitar|88/100|[from] Stealth Rock
|-weather|Sandstorm|[from] ability: Sand Stream|[of] p1a: Tyranitar
|turn|16
|
|t:|1757964712
|-terastallize|p1a: Tyranitar|Rock
|move|p1a: Tyranitar|Stone Edge|p2a: Ursaluna|[miss]
|-miss|p1a: Tyranitar|p2a: Ursaluna
|move|p2a: Ursaluna|Earthquake|p1a: Tyranitar
|-supereffective|p1a: Tyranitar
|-damage|p1a: Tyranitar|0 fnt
|faint|p1a: Tyranitar
|
|-weather|Sandstorm|[upkeep]
|-damage|p2a: Ursaluna|55/100|[from] Sandstorm
|upkeep
|-message|SamiFawad forfeited.
|
|win|OnArceus
|raw|SamiFawad's rating: 1747 &rarr; <strong>1734</strong><br />(-13 for losing)
|raw|OnArceus's rating: 1868 &rarr; <strong>1881</strong><br />(+13 for winning)
|l|☆SamiFawad
|player|p1|
