|j|☆vitor3561
|j|☆gyutarodecrocs
|t:|1757802306
|gametype|singles
|player|p1|vitor3561|hilbert|
|player|p2|gyutarodecrocs|cynthia-gen4|
|gen|9
|tier|[Gen 9] OU
|rule|HP Percentage Mod: HP is shown in percentages
|rule|Endless Battle Clause: Forcing endless battles is banned
|rule|Species Clause: Limit one of each Pokémon
|rule|OHKO Clause: OHKO moves are banned
|rule|Evasion Items Clause: Evasion items are banned
|rule|Evasion Moves Clause: Evasion moves are banned
|rule|Evasion Abilities Clause: Evasion abilities are banned
|rule|Sleep Moves Clause: Sleep-inducing moves are banned
|clearpoke
|poke|p1|Meowscarada, F|
|poke|p1|Skarmory, M|
|poke|p1|Primarina, F|
|poke|p1|Latias, F|
|poke|p1|Incineroar, F|
|poke|p1|Glimmora, F|
|poke|p2|Ceruledge, M|
|poke|p2|Sableye, M|
|poke|p2|Torkoal, F|
|poke|p2|Leafeon, F|
|poke|p2|Sandy Shocks|
|poke|p2|Slither Wing|
|teampreview
|inactive|Battle timer is ON: inactive players will automatically lose when time's up. (requested by gyutarodecrocs)
|
|t:|1757802322
|teamsize|p1|6
|teamsize|p2|6
|start
|switch|p1a: Incineroar|Incineroar, F, shiny|100/100
|switch|p2a: Torkoal|Torkoal, F|100/100
|-ability|p1a: Incineroar|Intimidate|boost
|-unboost|p2a: Torkoal|atk|1
|-weather|SunnyDay|[from] ability: Drought|[of] p2a: Torkoal
|turn|1
|
|t:|1757802330
|move|p1a: Incineroar|Knock Off|p2a: Torkoal
|-damage|p2a: Torkoal|79/100
|-enditem|p2a: Torkoal|Heat Rock|[from] move: Knock Off|[of] p1a: Incineroar
|move|p2a: Torkoal|Stealth Rock|p1a: Incineroar
|-sidestart|p1: vitor3561|move: Stealth Rock
|
|-weather|SunnyDay|[upkeep]
|upkeep
|turn|2
|
|t:|1757802343
|switch|p2a: Sandy Shocks|Sandy Shocks|100/100
|-activate|p2a: Sandy Shocks|ability: Protosynthesis
|-start|p2a: Sandy Shocks|protosynthesisspa
|move|p1a: Incineroar|Parting Shot|p2a: Sandy Shocks
|-unboost|p2a: Sandy Shocks|atk|1
|-unboost|p2a: Sandy Shocks|spa|1
|
|t:|1757802353
|switch|p1a: Meowscarada|Meowscarada, F, shiny|100/100|[from] Parting Shot
|-damage|p1a: Meowscarada|88/100|[from] Stealth Rock
|
|-weather|SunnyDay|[upkeep]
|upkeep
|turn|3
|
|t:|1757802371
|-end|p2a: Sandy Shocks|Protosynthesis|[silent]
|switch|p2a: Torkoal|Torkoal, F|79/100
|move|p1a: Meowscarada|Triple Axel|p2a: Torkoal
|-start|p1a: Meowscarada|typechange|Ice|[from] ability: Protean
|-resisted|p2a: Torkoal
|-damage|p2a: Torkoal|75/100
|-resisted|p2a: Torkoal
|-damage|p2a: Torkoal|67/100
|-resisted|p2a: Torkoal
|-crit|p2a: Torkoal
|-damage|p2a: Torkoal|51/100
|-hitcount|p2a: Torkoal|3
|
|-weather|SunnyDay|[upkeep]
|upkeep
|turn|4
|
|t:|1757802385
|switch|p1a: Incineroar|Incineroar, F, shiny|100/100
|-damage|p1a: Incineroar|76/100|[from] Stealth Rock
|-ability|p1a: Incineroar|Intimidate|boost
|-unboost|p2a: Torkoal|atk|1
|move|p2a: Torkoal|Solar Beam||[still]
|-prepare|p2a: Torkoal|Solar Beam
|-anim|p2a: Torkoal|Solar Beam|p1a: Incineroar
|-resisted|p1a: Incineroar
|-damage|p1a: Incineroar|64/100
|
|-weather|SunnyDay|[upkeep]
|upkeep
|turn|5
|
|t:|1757802402
|switch|p2a: Slither Wing|Slither Wing|100/100
|-activate|p2a: Slither Wing|ability: Protosynthesis
|-start|p2a: Slither Wing|protosynthesisatk
|move|p1a: Incineroar|Parting Shot|p2a: Slither Wing
|-unboost|p2a: Slither Wing|atk|1
|-unboost|p2a: Slither Wing|spa|1
|
|t:|1757802408
|switch|p1a: Glimmora|Glimmora, F, shiny|100/100|[from] Parting Shot
|-damage|p1a: Glimmora|88/100|[from] Stealth Rock
|
|-weather|SunnyDay|[upkeep]
|upkeep
|turn|6
|
|t:|1757802424
|-end|p2a: Slither Wing|Protosynthesis|[silent]
|switch|p2a: Sandy Shocks|Sandy Shocks|100/100
|-activate|p2a: Sandy Shocks|ability: Protosynthesis
|-start|p2a: Sandy Shocks|protosynthesisspa
|move|p1a: Glimmora|Stealth Rock|p2a: Sandy Shocks
|-sidestart|p2: gyutarodecrocs|move: Stealth Rock
|
|-weather|SunnyDay|[upkeep]
|upkeep
|turn|7
|
|t:|1757802433
|move|p2a: Sandy Shocks|Earth Power|p1a: Glimmora
|-supereffective|p1a: Glimmora
|-damage|p1a: Glimmora|0 fnt
|faint|p1a: Glimmora
|
|-weather|SunnyDay|[upkeep]
|upkeep
|
|t:|1757802436
|switch|p1a: Meowscarada|Meowscarada, F, shiny|88/100
|-damage|p1a: Meowscarada|76/100|[from] Stealth Rock
|turn|8
|
|t:|1757802450
|-end|p2a: Sandy Shocks|Protosynthesis|[silent]
|switch|p2a: Sableye|Sableye, M, shiny|100/100
|move|p1a: Meowscarada|Triple Axel|p2a: Sableye
|-start|p1a: Meowscarada|typechange|Ice|[from] ability: Protean
|-damage|p2a: Sableye|80/100
|-damage|p2a: Sableye|38/100
|-damage|p2a: Sableye|0 fnt
|faint|p2a: Sableye
|-hitcount|p2: Sableye|3
|
|-weather|none
|upkeep
|
|t:|1757802462
|switch|p2a: Torkoal|Torkoal, F|51/100
|-damage|p2a: Torkoal|26/100|[from] Stealth Rock
|-weather|SunnyDay|[from] ability: Drought|[of] p2a: Torkoal
|turn|9
|
|t:|1757802473
|move|p1a: Meowscarada|Triple Axel|p2a: Torkoal
|-resisted|p2a: Torkoal
|-damage|p2a: Torkoal|22/100
|-resisted|p2a: Torkoal
|-damage|p2a: Torkoal|14/100
|-resisted|p2a: Torkoal
|-damage|p2a: Torkoal|2/100
|-hitcount|p2a: Torkoal|3
|move|p2a: Torkoal|Rapid Spin|p1a: Meowscarada
|-damage|p1a: Meowscarada|61/100
|-boost|p2a: Torkoal|spe|1
|-sideend|p2: gyutarodecrocs|Stealth Rock|[from] move: Rapid Spin|[of] p2a: Torkoal
|
|-weather|SunnyDay|[upkeep]
|upkeep
|turn|10
|
|t:|1757802490
|switch|p2a: Slither Wing|Slither Wing|100/100
|-activate|p2a: Slither Wing|ability: Protosynthesis
|-start|p2a: Slither Wing|protosynthesisatk
|move|p1a: Meowscarada|Triple Axel|p2a: Slither Wing
|-damage|p2a: Slither Wing|80/100
|-damage|p2a: Slither Wing|43/100
|-damage|p2a: Slither Wing|0 fnt
|faint|p2a: Slither Wing
|-end|p2a: Slither Wing|Protosynthesis|[silent]
|-hitcount|p2: Slither Wing|3
|
|-weather|SunnyDay|[upkeep]
|upkeep
|inactive|gyutarodecrocs has 270 seconds left.
|
|t:|1757802515
|switch|p2a: Leafeon|Leafeon, F|100/100
|turn|11
|inactive|gyutarodecrocs has 270 seconds left.
|
|t:|1757802522
|-terastallize|p2a: Leafeon|Fire
|move|p2a: Leafeon|Swords Dance|p2a: Leafeon
|-boost|p2a: Leafeon|atk|2
|move|p1a: Meowscarada|Triple Axel|p2a: Leafeon
|-resisted|p2a: Leafeon
|-damage|p2a: Leafeon|94/100
|-hitcount|p2a: Leafeon|1
|
|-weather|SunnyDay|[upkeep]
|upkeep
|turn|12
|inactive|gyutarodecrocs has 270 seconds left.
|
|t:|1757802534
|switch|p1a: Primarina|Primarina, F, shiny|100/100
|-damage|p1a: Primarina|88/100|[from] Stealth Rock
|move|p2a: Leafeon|X-Scissor|p1a: Primarina
|-resisted|p1a: Primarina
|-damage|p1a: Primarina|57/100
|-damage|p2a: Leafeon|84/100|[from] item: Life Orb
|
|-weather|SunnyDay|[upkeep]
|upkeep
|turn|13
|inactive|gyutarodecrocs has 270 seconds left.
|
|t:|1757802545
|move|p2a: Leafeon|Solar Blade||[still]
|-prepare|p2a: Leafeon|Solar Blade
|-anim|p2a: Leafeon|Solar Blade|p1a: Primarina
|-supereffective|p1a: Primarina
|-damage|p1a: Primarina|0 fnt
|faint|p1a: Primarina
|-damage|p2a: Leafeon|74/100|[from] item: Life Orb
|
|-weather|none
|upkeep
|
|t:|1757802553
|switch|p1a: Incineroar|Incineroar, F, shiny|64/100
|-damage|p1a: Incineroar|40/100|[from] Stealth Rock
|-ability|p1a: Incineroar|Intimidate|boost
|-unboost|p2a: Leafeon|atk|1
|turn|14
|
|t:|1757802563
|move|p2a: Leafeon|Swords Dance|p2a: Leafeon
|-boost|p2a: Leafeon|atk|2
|move|p1a: Incineroar|Parting Shot|p2a: Leafeon
|-unboost|p2a: Leafeon|atk|1
|-unboost|p2a: Leafeon|spa|1
|
|t:|1757802571
|switch|p1a: Latias|Latias, F, shiny|100/100|[from] Parting Shot
|-damage|p1a: Latias|88/100|[from] Stealth Rock
|
|-heal|p1a: Latias|94/100|[from] item: Leftovers
|upkeep
|turn|15
|
|t:|1757802579
|move|p2a: Leafeon|X-Scissor|p1a: Latias
|-supereffective|p1a: Latias
|-damage|p1a: Latias|0 fnt
|faint|p1a: Latias
|-damage|p2a: Leafeon|64/100|[from] item: Life Orb
|
|upkeep
|
|t:|1757802583
|switch|p1a: Incineroar|Incineroar, F, shiny|40/100
|-damage|p1a: Incineroar|15/100|[from] Stealth Rock
|-ability|p1a: Incineroar|Intimidate|boost
|-unboost|p2a: Leafeon|atk|1
|turn|16
|
|t:|1757802591
|move|p2a: Leafeon|Swords Dance|p2a: Leafeon
|-boost|p2a: Leafeon|atk|2
|move|p1a: Incineroar|Knock Off|p2a: Leafeon
|-damage|p2a: Leafeon|23/100
|-enditem|p2a: Leafeon|Life Orb|[from] move: Knock Off|[of] p1a: Incineroar
|
|upkeep
|turn|17
|
|t:|1757802603
|move|p2a: Leafeon|Facade|p1a: Incineroar
|-damage|p1a: Incineroar|0 fnt
|-damage|p2a: Leafeon|6/100|[from] item: Rocky Helmet|[of] p1a: Incineroar
|faint|p1a: Incineroar
|
|upkeep
|
|t:|1757802607
|switch|p1a: Meowscarada|Meowscarada, F, shiny|61/100
|-damage|p1a: Meowscarada|48/100|[from] Stealth Rock
|turn|18
|
|t:|1757802616
|switch|p2a: Torkoal|Torkoal, F|2/100
|-weather|SunnyDay|[from] ability: Drought|[of] p2a: Torkoal
|move|p1a: Meowscarada|U-turn|p2a: Torkoal
|-start|p1a: Meowscarada|typechange|Bug|[from] ability: Protean
|-resisted|p2a: Torkoal
|-damage|p2a: Torkoal|0 fnt
|faint|p2a: Torkoal
|
|t:|1757802619
|switch|p1a: Skarmory|Skarmory, M|100/100|[from] U-turn
|-damage|p1a: Skarmory|88/100|[from] Stealth Rock
|
|-weather|SunnyDay|[upkeep]
|upkeep
|
|t:|1757802629
|switch|p2a: Ceruledge|Ceruledge, M|100/100
|turn|19
|
|t:|1757802635
|move|p2a: Ceruledge|Swords Dance|p2a: Ceruledge
|-boost|p2a: Ceruledge|atk|2
|move|p1a: Skarmory|Iron Defense|p1a: Skarmory
|-boost|p1a: Skarmory|def|2
|
|-weather|SunnyDay|[upkeep]
|upkeep
|turn|20
|
|t:|1757802642
|-terastallize|p1a: Skarmory|Fighting
|move|p2a: Ceruledge|Bitter Blade|p1a: Skarmory
|-damage|p1a: Skarmory|55/100
|-damage|p2a: Ceruledge|84/100|[from] item: Rocky Helmet|[of] p1a: Skarmory
|move|p1a: Skarmory|Iron Defense|p1a: Skarmory
|-boost|p1a: Skarmory|def|2
|
|-weather|SunnyDay|[upkeep]
|upkeep
|turn|21
|
|t:|1757802653
|move|p2a: Ceruledge|Swords Dance|p2a: Ceruledge
|-boost|p2a: Ceruledge|atk|2
|move|p1a: Skarmory|Roost|p1a: Skarmory
|-heal|p1a: Skarmory|100/100
|
|-weather|SunnyDay|[upkeep]
|upkeep
|turn|22
|
|t:|1757802661
|move|p2a: Ceruledge|Solar Blade||[still]
|-prepare|p2a: Ceruledge|Solar Blade
|-anim|p2a: Ceruledge|Solar Blade|p1a: Skarmory
|-damage|p1a: Skarmory|82/100
|-damage|p2a: Ceruledge|67/100|[from] item: Rocky Helmet|[of] p1a: Skarmory
|move|p1a: Skarmory|Iron Defense|p1a: Skarmory
|-boost|p1a: Skarmory|def|2
|
|-weather|none
|upkeep
|turn|23
|
|t:|1757802674
|switch|p2a: Sandy Shocks|Sandy Shocks|100/100
|move|p1a: Skarmory|Spikes|p2a: Sandy Shocks
|-sidestart|p2: gyutarodecrocs|Spikes
|
|upkeep
|turn|24
|
|t:|1757802682
|move|p2a: Sandy Shocks|Earth Power|p1a: Skarmory
|-damage|p1a: Skarmory|18/100
|move|p1a: Skarmory|Body Press|p2a: Sandy Shocks
|-damage|p2a: Sandy Shocks|0 fnt
|faint|p2a: Sandy Shocks
|-end|p2a: Sandy Shocks|Protosynthesis|[silent]
|
|upkeep
|j| lebeggar
|
|t:|1757802690
|switch|p2a: Ceruledge|Ceruledge, M|67/100
|turn|25
|
|t:|1757802696
|move|p2a: Ceruledge|Bitter Blade|p1a: Skarmory
|-damage|p1a: Skarmory|12/100
|-heal|p2a: Ceruledge|70/100|[from] drain|[of] p1a: Skarmory
|-damage|p2a: Ceruledge|54/100|[from] item: Rocky Helmet|[of] p1a: Skarmory
|move|p1a: Skarmory|Roost|p1a: Skarmory
|-heal|p1a: Skarmory|62/100
|
|upkeep
|turn|26
|
|t:|1757802710
|move|p2a: Ceruledge|Swords Dance|p2a: Ceruledge
|-boost|p2a: Ceruledge|atk|2
|move|p1a: Skarmory|Roost|p1a: Skarmory
|-heal|p1a: Skarmory|100/100
|
|upkeep
|turn|27
|
|t:|1757802733
|move|p2a: Ceruledge|Swords Dance|p2a: Ceruledge
|-boost|p2a: Ceruledge|atk|2
|move|p1a: Skarmory|Spikes|p2a: Ceruledge
|-sidestart|p2: gyutarodecrocs|Spikes
|
|upkeep
|turn|28
|
|t:|1757802738
|move|p2a: Ceruledge|Swords Dance|p2a: Ceruledge
|-boost|p2a: Ceruledge|atk|2
|move|p1a: Skarmory|Spikes|p2a: Ceruledge
|-sidestart|p2: gyutarodecrocs|Spikes
|
|upkeep
|turn|29
|
|t:|1757802745
|move|p2a: Ceruledge|Bitter Blade|p1a: Skarmory
|-damage|p1a: Skarmory|79/100
|-heal|p2a: Ceruledge|64/100|[from] drain|[of] p1a: Skarmory
|-damage|p2a: Ceruledge|47/100|[from] item: Rocky Helmet|[of] p1a: Skarmory
|move|p1a: Skarmory|Iron Defense|p1a: Skarmory
|-boost|p1a: Skarmory|def|0
|
|upkeep
|turn|30
|
|t:|1757802760
|move|p2a: Ceruledge|Bitter Blade|p1a: Skarmory
|-damage|p1a: Skarmory|55/100
|-heal|p2a: Ceruledge|58/100|[from] drain|[of] p1a: Skarmory
|-damage|p2a: Ceruledge|42/100|[from] item: Rocky Helmet|[of] p1a: Skarmory
|move|p1a: Skarmory|Body Press|p2a: Ceruledge
|-immune|p2a: Ceruledge
|
|upkeep
|turn|31
|
|t:|1757802774
|move|p2a: Ceruledge|Bitter Blade|p1a: Skarmory
|-damage|p1a: Skarmory|33/100
|-heal|p2a: Ceruledge|52/100|[from] drain|[of] p1a: Skarmory
|-damage|p2a: Ceruledge|36/100|[from] item: Rocky Helmet|[of] p1a: Skarmory
|move|p1a: Skarmory|Body Press|p2a: Ceruledge
|-immune|p2a: Ceruledge
|
|upkeep
|turn|32
|
|t:|1757802780
|move|p2a: Ceruledge|Bitter Blade|p1a: Skarmory
|-damage|p1a: Skarmory|12/100
|-heal|p2a: Ceruledge|46/100|[from] drain|[of] p1a: Skarmory
|-damage|p2a: Ceruledge|29/100|[from] item: Rocky Helmet|[of] p1a: Skarmory
|move|p1a: Skarmory|Roost|p1a: Skarmory
|-heal|p1a: Skarmory|62/100
|
|upkeep
|turn|33
|
|t:|1757802786
|move|p2a: Ceruledge|Swords Dance|p2a: Ceruledge
|-boost|p2a: Ceruledge|atk|0
|move|p1a: Skarmory|Roost|p1a: Skarmory
|-heal|p1a: Skarmory|100/100
|
|upkeep
|turn|34
|
|t:|1757802793
|move|p2a: Ceruledge|Swords Dance|p2a: Ceruledge
|-boost|p2a: Ceruledge|atk|0
|move|p1a: Skarmory|Iron Defense|p1a: Skarmory
|-boost|p1a: Skarmory|def|0
|
|upkeep
|turn|35
|c| lebeggar|skarmory ainda vai mata
|c| lebeggar|KKKKKKKKKKKKKKKKK
|
|t:|1757802820
|move|p2a: Ceruledge|Bitter Blade|p1a: Skarmory
|-damage|p1a: Skarmory|80/100
|-heal|p2a: Ceruledge|39/100|[from] drain|[of] p1a: Skarmory
|-damage|p2a: Ceruledge|22/100|[from] item: Rocky Helmet|[of] p1a: Skarmory
|move|p1a: Skarmory|Body Press|p2a: Ceruledge
|-immune|p2a: Ceruledge
|
|upkeep
|turn|36
|
|t:|1757802826
|move|p2a: Ceruledge|Bitter Blade|p1a: Skarmory
|-damage|p1a: Skarmory|56/100
|-heal|p2a: Ceruledge|33/100|[from] drain|[of] p1a: Skarmory
|-damage|p2a: Ceruledge|17/100|[from] item: Rocky Helmet|[of] p1a: Skarmory
|move|p1a: Skarmory|Body Press|p2a: Ceruledge
|-immune|p2a: Ceruledge
|
|upkeep
|turn|37
|
|t:|1757802831
|move|p2a: Ceruledge|Bitter Blade|p1a: Skarmory
|-damage|p1a: Skarmory|34/100
|-heal|p2a: Ceruledge|27/100|[from] drain|[of] p1a: Skarmory
|-damage|p2a: Ceruledge|11/100|[from] item: Rocky Helmet|[of] p1a: Skarmory
|move|p1a: Skarmory|Roost|p1a: Skarmory
|-heal|p1a: Skarmory|84/100
|
|upkeep
|turn|38
|
|t:|1757802838
|move|p2a: Ceruledge|Bitter Blade|p1a: Skarmory
|-damage|p1a: Skarmory|60/100
|-heal|p2a: Ceruledge|22/100|[from] drain|[of] p1a: Skarmory
|-damage|p2a: Ceruledge|6/100|[from] item: Rocky Helmet|[of] p1a: Skarmory
|move|p1a: Skarmory|Body Press|p2a: Ceruledge
|-immune|p2a: Ceruledge
|
|upkeep
|turn|39
|
|t:|1757802849
|move|p2a: Ceruledge|Bitter Blade|p1a: Skarmory
|-damage|p1a: Skarmory|40/100
|-heal|p2a: Ceruledge|15/100|[from] drain|[of] p1a: Skarmory
|-damage|p2a: Ceruledge|0 fnt|[from] item: Rocky Helmet|[of] p1a: Skarmory
|faint|p2a: Ceruledge
|move|p1a: Skarmory|Body Press|p2: Ceruledge|[notarget]
|-fail|p1a: Skarmory
|
|upkeep
|
|t:|1757802866
|switch|p2a: Leafeon|Leafeon, F, tera:Fire|6/100
|-damage|p2a: Leafeon|0 fnt|[from] Spikes
|faint|p2a: Leafeon
|
|win|vitor3561
