|j|☆SixEyed
|j|☆DeCompaniu
|t:|1757794189
|gametype|singles
|player|p1|SixEyed|lance|1076
|player|p2|DeCompaniu|richboy|1147
|gen|9
|tier|[Gen 9] OU
|rated|
|rule|HP Percentage Mod: HP is shown in percentages
|rule|Endless Battle Clause: Forcing endless battles is banned
|rule|Species Clause: Limit one of each Pokémon
|rule|OHKO Clause: OHKO moves are banned
|rule|Evasion Items Clause: Evasion items are banned
|rule|Evasion Moves Clause: Evasion moves are banned
|rule|Evasion Abilities Clause: Evasion abilities are banned
|rule|Sleep Moves Clause: Sleep-inducing moves are banned
|clearpoke
|poke|p1|Hatterene, F|
|poke|p1|Ursaluna, F|
|poke|p1|Porygon2|
|poke|p1|Cresselia, F|
|poke|p1|Iron Hands|
|poke|p1|Volcanion|
|poke|p2|Greedent, M|
|poke|p2|Malamar, M|
|poke|p2|Hawlucha, M|
|poke|p2|Glimmora, M|
|poke|p2|Indeedee, M|
|poke|p2|Polteageist-Antique|
|teampreview
|c|☆DeCompaniu|My boy
|c|☆SixEyed|?
|c|☆DeCompaniu|You are playing singles
|
|t:|1757794218
|teamsize|p1|6
|teamsize|p2|6
|start
|switch|p1a: Cresselia|Cresselia, F|100/100
|switch|p2a: Glimmora|Glimmora, M|100/100
|turn|1
|c|☆SixEyed|wym?
|
|t:|1757794235
|move|p2a: Glimmora|Sludge Bomb|p1a: Cresselia
|-damage|p1a: Cresselia|71/100
|move|p1a: Cresselia|Trick Room|p1a: Cresselia
|-fieldstart|move: Trick Room|[of] p1a: Cresselia
|
|upkeep
|turn|2
|
|t:|1757794241
|move|p1a: Cresselia|Ice Beam|p2a: Glimmora
|-damage|p2a: Glimmora|83/100
|move|p2a: Glimmora|Stealth Rock|p1a: Cresselia
|-sidestart|p1: SixEyed|move: Stealth Rock
|
|upkeep
|turn|3
|
|t:|1757794254
|switch|p1a: Ursaluna|Ursaluna, F|100/100
|-damage|p1a: Ursaluna|94/100|[from] Stealth Rock
|move|p2a: Glimmora|Sludge Bomb|p1a: Ursaluna
|-resisted|p1a: Ursaluna
|-damage|p1a: Ursaluna|74/100
|-status|p1a: Ursaluna|psn
|
|-damage|p1a: Ursaluna|61/100 psn|[from] psn
|upkeep
|turn|4
|
|t:|1757794272
|move|p1a: Ursaluna|Headlong Rush|p2a: Glimmora
|-supereffective|p2a: Glimmora
|-damage|p2a: Glimmora|0 fnt
|-unboost|p1a: Ursaluna|def|1
|-unboost|p1a: Ursaluna|spd|1
|-activate|p2a: Glimmora|ability: Toxic Debris
|-sidestart|p1: SixEyed|move: Toxic Spikes
|faint|p2a: Glimmora
|
|-damage|p1a: Ursaluna|49/100 psn|[from] psn
|upkeep
|
|t:|1757794285
|switch|p2a: Greedent|Greedent, M|100/100
|turn|5
|
|t:|1757794289
|move|p2a: Greedent|Body Press|p1a: Ursaluna
|-supereffective|p1a: Ursaluna
|-damage|p1a: Ursaluna|0 fnt
|faint|p1a: Ursaluna
|
|-fieldend|move: Trick Room
|upkeep
|inactive|Battle timer is ON: inactive players will automatically lose when time's up. (requested by DeCompaniu)
|
|t:|1757794319
|switch|p1a: Hatterene|Hatterene, F|100/100
|-damage|p1a: Hatterene|88/100|[from] Stealth Rock
|-status|p1a: Hatterene|psn
|turn|6
|
|t:|1757794335
|move|p1a: Hatterene|Psychic Noise|p2a: Greedent
|-damage|p2a: Greedent|55/100
|-start|p2a: Greedent|move: Heal Block
|move|p2a: Greedent|Stuff Cheeks|p2a: Greedent
|-boost|p2a: Greedent|def|2
|-enditem|p2a: Greedent|Ganlon Berry|[eat]
|-boost|p2a: Greedent|def|1|[from] item: Ganlon Berry
|
|-damage|p1a: Hatterene|76/100 psn|[from] psn
|upkeep
|turn|7
|
|t:|1757794358
|move|p1a: Hatterene|Dazzling Gleam|p2a: Greedent
|-damage|p2a: Greedent|10/100
|move|p2a: Greedent|Knock Off|p1a: Hatterene
|-damage|p1a: Hatterene|51/100 psn
|-enditem|p1a: Hatterene|Focus Sash|[from] move: Knock Off|[of] p2a: Greedent
|
|-damage|p1a: Hatterene|39/100 psn|[from] psn
|-end|p2a: Greedent|move: Heal Block
|upkeep
|turn|8
|
|t:|1757794370
|move|p2a: Greedent|Super Fang|p1a: Hatterene
|-damage|p1a: Hatterene|20/100 psn
|move|p1a: Hatterene|Trick Room|p1a: Hatterene
|-fieldstart|move: Trick Room|[of] p1a: Hatterene
|
|-damage|p1a: Hatterene|8/100 psn|[from] psn
|upkeep
|turn|9
|
|t:|1757794378
|move|p2a: Greedent|Knock Off|p1a: Hatterene
|-damage|p1a: Hatterene|0 fnt
|faint|p1a: Hatterene
|
|upkeep
|
|t:|1757794405
|switch|p1a: Porygon2|Porygon2|100/100
|-damage|p1a: Porygon2|88/100|[from] Stealth Rock
|-status|p1a: Porygon2|psn
|turn|10
|inactive|DeCompaniu has 120 seconds left.
|
|t:|1757794442
|move|p2a: Greedent|Body Press|p1a: Porygon2
|-supereffective|p1a: Porygon2
|-damage|p1a: Porygon2|7/100 psn
|move|p1a: Porygon2|Tera Blast|p2a: Greedent
|-damage|p2a: Greedent|0 fnt
|faint|p2a: Greedent
|
|-damage|p1a: Porygon2|0 fnt|[from] psn
|faint|p1a: Porygon2
|upkeep
|
|t:|1757794456
|switch|p2a: Malamar|Malamar, M|100/100
|switch|p1a: Iron Hands|Iron Hands|100/100
|-damage|p1a: Iron Hands|94/100|[from] Stealth Rock
|-status|p1a: Iron Hands|psn
|-enditem|p1a: Iron Hands|Booster Energy
|-activate|p1a: Iron Hands|ability: Quark Drive|[fromitem]
|-start|p1a: Iron Hands|quarkdriveatk
|turn|11
|
|t:|1757794469
|move|p1a: Iron Hands|Drain Punch|p2a: Malamar
|-damage|p2a: Malamar|30/100
|-heal|p1a: Iron Hands|100/100 psn|[from] drain|[of] p2a: Malamar
|move|p2a: Malamar|Trick|p1a: Iron Hands
|-activate|p2a: Malamar|move: Trick|[of] p1a: Iron Hands
|-item|p1a: Iron Hands|Choice Scarf|[from] move: Trick
|-enditem|p2a: Malamar|Choice Scarf|[silent]|[from] move: Trick
|
|-damage|p1a: Iron Hands|88/100 psn|[from] psn
|upkeep
|turn|12
|
|t:|1757794479
|move|p1a: Iron Hands|Wild Charge|p2a: Malamar
|-damage|p2a: Malamar|0 fnt
|faint|p2a: Malamar
|-damage|p1a: Iron Hands|84/100 psn|[from] Recoil
|
|-damage|p1a: Iron Hands|71/100 psn|[from] psn
|-fieldend|move: Trick Room
|upkeep
|
|t:|1757794487
|switch|p2a: Polteageist|Polteageist-Antique|100/100
|turn|13
|
|t:|1757794497
|move|p2a: Polteageist|Shell Smash|p2a: Polteageist
|-unboost|p2a: Polteageist|def|1
|-unboost|p2a: Polteageist|spd|1
|-boost|p2a: Polteageist|atk|2
|-boost|p2a: Polteageist|spa|2
|-boost|p2a: Polteageist|spe|2
|move|p1a: Iron Hands|Wild Charge|p2a: Polteageist
|-enditem|p2a: Polteageist|Focus Sash
|-damage|p2a: Polteageist|1/100
|-ability|p2a: Polteageist|Weak Armor|boost
|-unboost|p2a: Polteageist|def|1
|-boost|p2a: Polteageist|spe|2
|-damage|p1a: Iron Hands|59/100 psn|[from] Recoil
|
|-damage|p1a: Iron Hands|46/100 psn|[from] psn
|upkeep
|turn|14
|inactive|DeCompaniu has 120 seconds left.
|
|t:|1757794515
|-end|p1a: Iron Hands|Quark Drive|[silent]
|switch|p1a: Volcanion|Volcanion|100/100
|-damage|p1a: Volcanion|76/100|[from] Stealth Rock
|-status|p1a: Volcanion|psn
|move|p2a: Polteageist|Stored Power|p1a: Volcanion
|-damage|p1a: Volcanion|0 fnt
|faint|p1a: Volcanion
|
|upkeep
|
|t:|1757794517
|switch|p1a: Cresselia|Cresselia, F|71/100
|-damage|p1a: Cresselia|58/100|[from] Stealth Rock
|turn|15
|c|☆DeCompaniu|GG
|inactive|DeCompaniu has 120 seconds left.
|
|t:|1757794528
|move|p2a: Polteageist|Shadow Ball|p1a: Cresselia
|-supereffective|p1a: Cresselia
|-damage|p1a: Cresselia|0 fnt
|faint|p1a: Cresselia
|
|upkeep
|
|t:|1757794530
|switch|p1a: Iron Hands|Iron Hands|46/100 psn
|-damage|p1a: Iron Hands|40/100 psn|[from] Stealth Rock
|turn|16
|-message|SixEyed forfeited.
|
|win|DeCompaniu
|raw|SixEyed's rating: 1076 &rarr; <strong>1059</strong><br />(-17 for losing)
|raw|DeCompaniu's rating: 1147 &rarr; <strong>1167</strong><br />(+20 for winning)
|l|☆SixEyed
|player|p1|
|l|☆DeCompaniu
|player|p2|
