|j|☆takeyouout
|j|☆DrAlphaStone
|t:|1757789947
|gametype|singles
|player|p1|takeyouout|richboy|1619
|player|p2|DrAlphaStone|karen|1630
|gen|9
|tier|[Gen 9] OU
|rated|
|rule|HP Percentage Mod: HP is shown in percentages
|rule|Endless Battle Clause: Forcing endless battles is banned
|rule|Species Clause: Limit one of each Pokémon
|rule|OHKO Clause: OHKO moves are banned
|rule|Evasion Items Clause: Evasion items are banned
|rule|Evasion Moves Clause: Evasion moves are banned
|rule|Evasion Abilities Clause: Evasion abilities are banned
|rule|Sleep Moves Clause: Sleep-inducing moves are banned
|clearpoke
|poke|p1|Tyranitar, F|
|poke|p1|Garganacl, M|
|poke|p1|Deoxys-Speed|
|poke|p1|Alomomola, F|
|poke|p1|Excadrill, M|
|poke|p1|Tornadus-Therian, M|
|poke|p2|Dragapult, F|
|poke|p2|Slowking-Galar, M|
|poke|p2|Zamazenta-*|
|poke|p2|Ogerpon-Wellspring, F|
|poke|p2|Rotom-Heat|
|poke|p2|Iron Treads|
|teampreview
|inactive|Battle timer is ON: inactive players will automatically lose when time's up. (requested by takeyouout)
|
|t:|1757789958
|teamsize|p1|6
|teamsize|p2|6
|start
|switch|p1a: Tornadus|Tornadus-Therian, M|100/100
|switch|p2a: Rotom|Rotom-Heat|100/100
|turn|1
|
|t:|1757789972
|switch|p1a: Broomhilda|Tyranitar, F, shiny|100/100
|-weather|Sandstorm|[from] ability: Sand Stream|[of] p1a: Broomhilda
|move|p2a: Rotom|Volt Switch|p1a: Broomhilda
|-damage|p1a: Broomhilda|90/100
|
|t:|1757789979
|switch|p2a: Ogerpon|Ogerpon-Wellspring, F|100/100|[from] Volt Switch
|
|-weather|Sandstorm|[upkeep]
|-damage|p2a: Ogerpon|95/100|[from] Sandstorm
|upkeep
|turn|2
|
|t:|1757789988
|switch|p1a: Molllllyyyyy|Alomomola, F, shiny|100/100
|move|p2a: Ogerpon|Ivy Cudgel|p1a: Molllllyyyyy|[anim] Ivy Cudgel Water
|-resisted|p1a: Molllllyyyyy
|-damage|p1a: Molllllyyyyy|83/100
|
|-weather|Sandstorm|[upkeep]
|-damage|p2a: Ogerpon|89/100|[from] Sandstorm
|-damage|p1a: Molllllyyyyy|77/100|[from] Sandstorm
|upkeep
|turn|3
|
|t:|1757789993
|move|p2a: Ogerpon|Horn Leech|p1a: Molllllyyyyy
|-supereffective|p1a: Molllllyyyyy
|-damage|p1a: Molllllyyyyy|23/100
|-heal|p2a: Ogerpon|100/100|[from] drain|[of] p1a: Molllllyyyyy
|-damage|p2a: Ogerpon|84/100|[from] item: Rocky Helmet|[of] p1a: Molllllyyyyy
|move|p1a: Molllllyyyyy|Wish|p1a: Molllllyyyyy
|
|-weather|Sandstorm|[upkeep]
|-damage|p2a: Ogerpon|78/100|[from] Sandstorm
|-damage|p1a: Molllllyyyyy|17/100|[from] Sandstorm
|upkeep
|turn|4
|
|t:|1757790000
|switch|p1a: RockIce|Garganacl, M|100/100
|move|p2a: Ogerpon|Ivy Cudgel|p1a: RockIce|[anim] Ivy Cudgel Water
|-supereffective|p1a: RockIce
|-damage|p1a: RockIce|18/100
|
|-weather|Sandstorm|[upkeep]
|-damage|p2a: Ogerpon|72/100|[from] Sandstorm
|-heal|p1a: RockIce|84/100|[from] move: Wish|[wisher] Molllllyyyyy
|-heal|p1a: RockIce|91/100|[from] item: Leftovers
|upkeep
|turn|5
|
|t:|1757790008
|-terastallize|p1a: RockIce|Grass
|move|p2a: Ogerpon|Ivy Cudgel|p1a: RockIce|[anim] Ivy Cudgel Water
|-resisted|p1a: RockIce
|-crit|p1a: RockIce
|-damage|p1a: RockIce|58/100
|move|p1a: RockIce|Salt Cure|p2a: Ogerpon
|-damage|p2a: Ogerpon|54/100
|-start|p2a: Ogerpon|Salt Cure
|
|-weather|none
|-heal|p1a: RockIce|64/100|[from] item: Leftovers
|-damage|p2a: Ogerpon|29/100|[from] Salt Cure
|upkeep
|turn|6
|
|t:|1757790011
|move|p2a: Ogerpon|U-turn|p1a: RockIce
|-supereffective|p1a: RockIce
|-crit|p1a: RockIce
|-damage|p1a: RockIce|6/100
|
|t:|1757790016
|switch|p2a: Slowking|Slowking-Galar, M|100/100|[from] U-turn
|move|p1a: RockIce|Salt Cure|p2a: Slowking
|-damage|p2a: Slowking|86/100
|-start|p2a: Slowking|Salt Cure
|
|-heal|p1a: RockIce|12/100|[from] item: Leftovers
|-damage|p2a: Slowking|74/100|[from] Salt Cure
|upkeep
|turn|7
|
|t:|1757790019
|move|p1a: RockIce|Protect|p1a: RockIce
|-singleturn|p1a: RockIce|Protect
|move|p2a: Slowking|Sludge Bomb|p1a: RockIce
|-activate|p1a: RockIce|move: Protect
|
|-heal|p1a: RockIce|18/100|[from] item: Leftovers
|-damage|p2a: Slowking|61/100|[from] Salt Cure
|upkeep
|turn|8
|
|t:|1757790022
|switch|p1a: Broomhilda|Tyranitar, F, shiny|90/100
|-weather|Sandstorm|[from] ability: Sand Stream|[of] p1a: Broomhilda
|-prepare|p2a: Slowking|Chilly Reception|[premajor]
|move|p2a: Slowking|Chilly Reception|p2a: Slowking
|-weather|Snowscape
|
|t:|1757790024
|switch|p2a: Ogerpon|Ogerpon-Wellspring, F|29/100|[from] Chilly Reception
|
|-weather|Snowscape|[upkeep]
|upkeep
|turn|9
|
|t:|1757790037
|switch|p1a: Tornadus|Tornadus-Therian, M|100/100
|move|p2a: Ogerpon|Horn Leech|p1a: Tornadus
|-resisted|p1a: Tornadus
|-crit|p1a: Tornadus
|-damage|p1a: Tornadus|54/100
|-heal|p2a: Ogerpon|52/100|[from] drain|[of] p1a: Tornadus
|
|-weather|Snowscape|[upkeep]
|upkeep
|turn|10
|
|t:|1757790045
|switch|p2a: Rotom|Rotom-Heat|100/100
|move|p1a: Tornadus|Bleakwind Storm|p2a: Rotom
|-resisted|p2a: Rotom
|-damage|p2a: Rotom|67/100
|-damage|p1a: Tornadus|44/100|[from] item: Life Orb
|
|-weather|Snowscape|[upkeep]
|upkeep
|turn|11
|
|t:|1757790054
|move|p1a: Tornadus|Focus Blast|p2a: Rotom
|-damage|p2a: Rotom|16/100
|-damage|p1a: Tornadus|34/100|[from] item: Life Orb
|move|p2a: Rotom|Volt Switch|p1a: Tornadus
|-supereffective|p1a: Tornadus
|-damage|p1a: Tornadus|0 fnt
|faint|p1a: Tornadus
|
|t:|1757790063
|switch|p2a: Ogerpon|Ogerpon-Wellspring, F|52/100|[from] Volt Switch
|
|-weather|Snowscape|[upkeep]
|upkeep
|
|t:|1757790068
|switch|p1a: 99|Deoxys-Speed|100/100
|-ability|p1a: 99|Pressure
|turn|12
|
|t:|1757790071
|switch|p2a: Slowking|Slowking-Galar, M|94/100
|move|p1a: 99|Nasty Plot|p1a: 99
|-boost|p1a: 99|spa|2
|
|-weather|none
|upkeep
|turn|13
|
|t:|1757790076
|move|p1a: 99|Psycho Boost|p2a: Slowking
|-damage|p2a: Slowking|0 fnt
|-unboost|p1a: 99|spa|2
|faint|p2a: Slowking
|-damage|p1a: 99|91/100|[from] item: Life Orb
|
|upkeep
|
|t:|1757790083
|switch|p2a: Dragapult|Dragapult, F|100/100
|turn|14
|
|t:|1757790087
|switch|p1a: Broomhilda|Tyranitar, F, shiny|90/100
|-weather|Sandstorm|[from] ability: Sand Stream|[of] p1a: Broomhilda
|move|p2a: Dragapult|Substitute|p2a: Dragapult
|-start|p2a: Dragapult|Substitute
|-damage|p2a: Dragapult|76/100
|
|-weather|Sandstorm|[upkeep]
|-damage|p2a: Dragapult|70/100|[from] Sandstorm
|-heal|p2a: Dragapult|76/100|[from] item: Leftovers
|upkeep
|turn|15
|
|t:|1757790090
|move|p2a: Dragapult|Will-O-Wisp|p1a: Broomhilda
|-status|p1a: Broomhilda|brn
|move|p1a: Broomhilda|Knock Off|p2a: Dragapult
|-supereffective|p2a: Dragapult
|-end|p2a: Dragapult|Substitute
|
|-weather|Sandstorm|[upkeep]
|-damage|p2a: Dragapult|70/100|[from] Sandstorm
|-heal|p2a: Dragapult|76/100|[from] item: Leftovers
|-damage|p1a: Broomhilda|84/100 brn|[from] brn
|upkeep
|turn|16
|
|t:|1757790099
|switch|p2a: Ogerpon|Ogerpon-Wellspring, F|52/100
|move|p1a: Broomhilda|Stealth Rock|p2a: Ogerpon
|-sidestart|p2: DrAlphaStone|move: Stealth Rock
|
|-weather|Sandstorm|[upkeep]
|-damage|p2a: Ogerpon|46/100|[from] Sandstorm
|-damage|p1a: Broomhilda|77/100 brn|[from] brn
|upkeep
|turn|17
|
|t:|1757790103
|switch|p1a: RockIce|Garganacl, M, tera:Grass|18/100
|move|p2a: Ogerpon|U-turn|p1a: RockIce
|-supereffective|p1a: RockIce
|-damage|p1a: RockIce|0 fnt
|faint|p1a: RockIce
|
|t:|1757790107
|switch|p2a: Iron Treads|Iron Treads|100/100|[from] U-turn
|
|-weather|Sandstorm|[upkeep]
|upkeep
|
|t:|1757790115
|switch|p1a: 99|Deoxys-Speed|91/100
|-ability|p1a: 99|Pressure
|turn|18
|
|t:|1757790127
|-terastallize|p2a: Iron Treads|Ghost
|move|p1a: 99|Focus Blast|p2a: Iron Treads
|-immune|p2a: Iron Treads
|move|p2a: Iron Treads|Rapid Spin|p1a: 99
|-damage|p1a: 99|66/100
|-boost|p2a: Iron Treads|spe|1
|-sideend|p2: DrAlphaStone|Stealth Rock|[from] move: Rapid Spin|[of] p2a: Iron Treads
|
|-weather|none
|upkeep
|turn|19
|
|t:|1757790144
|switch|p1a: Broomhilda|Tyranitar, F, shiny|77/100 brn
|-weather|Sandstorm|[from] ability: Sand Stream|[of] p1a: Broomhilda
|move|p2a: Iron Treads|Knock Off|p1a: Broomhilda
|-resisted|p1a: Broomhilda
|-damage|p1a: Broomhilda|66/100 brn
|-enditem|p1a: Broomhilda|Heavy-Duty Boots|[from] move: Knock Off|[of] p2a: Iron Treads
|
|-weather|Sandstorm|[upkeep]
|-damage|p2a: Iron Treads|94/100|[from] Sandstorm
|-damage|p1a: Broomhilda|60/100 brn|[from] brn
|upkeep
|turn|20
|
|t:|1757790155
|move|p2a: Iron Treads|Earthquake|p1a: Broomhilda
|-supereffective|p1a: Broomhilda
|-damage|p1a: Broomhilda|0 fnt
|faint|p1a: Broomhilda
|
|-weather|Sandstorm|[upkeep]
|-damage|p2a: Iron Treads|88/100|[from] Sandstorm
|upkeep
|
|t:|1757790157
|switch|p1a: Starscream|Excadrill, M|100/100
|turn|21
|
|t:|1757790171
|move|p1a: Starscream|Earthquake|p2a: Iron Treads
|-damage|p2a: Iron Treads|18/100
|move|p2a: Iron Treads|Earthquake|p1a: Starscream
|-supereffective|p1a: Starscream
|-damage|p1a: Starscream|0 fnt
|faint|p1a: Starscream
|
|-weather|Sandstorm|[upkeep]
|-damage|p2a: Iron Treads|11/100|[from] Sandstorm
|upkeep
|
|t:|1757790174
|switch|p1a: Molllllyyyyy|Alomomola, F, shiny|50/100
|turn|22
|
|t:|1757790187
|switch|p1a: 99|Deoxys-Speed|66/100
|-ability|p1a: 99|Pressure
|move|p2a: Iron Treads|Earthquake|p1a: 99
|-damage|p1a: 99|0 fnt
|faint|p1a: 99
|
|-weather|Sandstorm|[upkeep]
|-damage|p2a: Iron Treads|5/100|[from] Sandstorm
|upkeep
|-message|takeyouout forfeited.
|
|win|DrAlphaStone
|raw|takeyouout's rating: 1619 &rarr; <strong>1600</strong><br />(-19 for losing)
|raw|DrAlphaStone's rating: 1630 &rarr; <strong>1649</strong><br />(+19 for winning)
|l|☆takeyouout
|player|p1|
