|j|☆Djorz01
|j|☆bogghoul
|t:|1757853230
|gametype|singles
|player|p1|Djorz01|gambler|1261
|player|p2|bogghoul|caitlin|1257
|gen|9
|tier|[Gen 9] OU
|rated|
|rule|HP Percentage Mod: HP is shown in percentages
|rule|Endless Battle Clause: Forcing endless battles is banned
|rule|Species Clause: Limit one of each Pokémon
|rule|OHKO Clause: OHKO moves are banned
|rule|Evasion Items Clause: Evasion items are banned
|rule|Evasion Moves Clause: Evasion moves are banned
|rule|Evasion Abilities Clause: Evasion abilities are banned
|rule|Sleep Moves Clause: Sleep-inducing moves are banned
|clearpoke
|poke|p1|Slaking, F|
|poke|p1|Slowking-Galar, M|
|poke|p1|Hoopa-Unbound|
|poke|p1|Great Tusk|
|poke|p1|Kingambit, F|
|poke|p1|Latios, M|
|poke|p2|Rillaboom, F|
|poke|p2|Hatterene, F|
|poke|p2|Hawlucha, F|
|poke|p2|Raging Bolt|
|poke|p2|Glimmora, F|
|poke|p2|Moltres-Galar|
|teampreview
|
|t:|1757853242
|teamsize|p1|6
|teamsize|p2|6
|start
|switch|p1a: Slaking|Slaking, F|100/100
|switch|p2a: Rillaboom|Rillaboom, F|100/100
|-fieldstart|move: Grassy Terrain|[from] ability: Grassy Surge|[of] p2a: Rillaboom
|turn|1
|
|t:|1757853254
|switch|p2a: Glimmora|Glimmora, F|100/100
|move|p1a: Slaking|Knock Off|p2a: Glimmora
|-damage|p2a: Glimmora|58/100
|-activate|p2a: Glimmora|ability: Toxic Debris
|-sidestart|p1: Djorz01|move: Toxic Spikes
|-enditem|p2a: Glimmora|Power Herb|[from] move: Knock Off|[of] p1a: Slaking
|
|-heal|p2a: Glimmora|64/100|[from] Grassy Terrain
|upkeep
|turn|2
|
|t:|1757853275
|switch|p1a: Slowking|Slowking-Galar, M|100/100
|-sideend|p1: Djorz01|move: Toxic Spikes|[of] p1a: Slowking
|move|p2a: Glimmora|Meteor Beam||[still]
|-prepare|p2a: Glimmora|Meteor Beam
|-boost|p2a: Glimmora|spa|1
|
|-heal|p2a: Glimmora|71/100|[from] Grassy Terrain
|upkeep
|turn|3
|
|t:|1757853287
|move|p2a: Glimmora|Meteor Beam|p1a: Slowking|[from] lockedmove
|-damage|p1a: Slowking|42/100
|-prepare|p1a: Slowking|Chilly Reception|[premajor]
|move|p1a: Slowking|Chilly Reception|p1a: Slowking
|-weather|Snowscape
|
|t:|1757853295
|switch|p1a: Latios|Latios, M|100/100|[from] Chilly Reception
|
|-weather|Snowscape|[upkeep]
|-heal|p2a: Glimmora|77/100|[from] Grassy Terrain
|upkeep
|turn|4
|
|t:|1757853307
|move|p1a: Latios|Draco Meteor|p2a: Glimmora|[miss]
|-miss|p1a: Latios|p2a: Glimmora
|move|p2a: Glimmora|Mortal Spin|p1a: Latios
|-damage|p1a: Latios|93/100
|-status|p1a: Latios|psn
|
|-weather|Snowscape|[upkeep]
|-heal|p2a: Glimmora|83/100|[from] Grassy Terrain
|-damage|p1a: Latios|80/100 psn|[from] psn
|upkeep
|turn|5
|
|t:|1757853313
|switch|p2a: Hatterene|Hatterene, F|100/100
|-enditem|p2a: Hatterene|Grassy Seed
|-boost|p2a: Hatterene|def|1|[from] item: Grassy Seed
|move|p1a: Latios|Draco Meteor|p2a: Hatterene
|-immune|p2a: Hatterene
|
|-weather|Snowscape|[upkeep]
|-damage|p1a: Latios|68/100 psn|[from] psn
|upkeep
|turn|6
|
|t:|1757853317
|switch|p1a: Slowking|Slowking-Galar, M|75/100
|move|p2a: Hatterene|Calm Mind|p2a: Hatterene
|-boost|p2a: Hatterene|spa|1
|-boost|p2a: Hatterene|spd|1
|
|-weather|Snowscape|[upkeep]
|-heal|p1a: Slowking|81/100|[from] Grassy Terrain
|upkeep
|turn|7
|
|t:|1757853324
|-terastallize|p2a: Hatterene|Water
|move|p2a: Hatterene|Calm Mind|p2a: Hatterene
|-boost|p2a: Hatterene|spa|1
|-boost|p2a: Hatterene|spd|1
|move|p1a: Slowking|Sludge Bomb|p2a: Hatterene
|-damage|p2a: Hatterene|84/100
|
|-weather|none
|-heal|p2a: Hatterene|89/100|[from] Grassy Terrain
|-heal|p1a: Slowking|87/100|[from] Grassy Terrain
|upkeep
|turn|8
|
|t:|1757853331
|move|p2a: Hatterene|Stored Power|p1a: Slowking
|-damage|p1a: Slowking|8/100
|-prepare|p1a: Slowking|Chilly Reception|[premajor]
|move|p1a: Slowking|Chilly Reception|p1a: Slowking
|-weather|Snowscape
|
|t:|1757853334
|switch|p1a: Hoopa|Hoopa-Unbound|100/100|[from] Chilly Reception
|
|-weather|Snowscape|[upkeep]
|-heal|p2a: Hatterene|95/100|[from] Grassy Terrain
|-fieldend|move: Grassy Terrain
|upkeep
|turn|9
|
|t:|1757853348
|-terastallize|p1a: Hoopa|Dark
|move|p1a: Hoopa|Hyperspace Fury|p2a: Hatterene
|-damage|p2a: Hatterene|0 fnt
|-unboost|p1a: Hoopa|def|1
|faint|p2a: Hatterene
|
|-weather|Snowscape|[upkeep]
|upkeep
|
|t:|1757853356
|switch|p2a: Rillaboom|Rillaboom, F|100/100
|-fieldstart|move: Grassy Terrain|[from] ability: Grassy Surge|[of] p2a: Rillaboom
|turn|10
|
|t:|1757853361
|switch|p1a: Slaking|Slaking, F|100/100
|move|p2a: Rillaboom|Low Kick|p1a: Slaking
|-supereffective|p1a: Slaking
|-damage|p1a: Slaking|65/100
|-damage|p2a: Rillaboom|84/100|[from] item: Rocky Helmet|[of] p1a: Slaking
|
|-weather|Snowscape|[upkeep]
|-heal|p1a: Slaking|71/100|[from] Grassy Terrain
|-heal|p2a: Rillaboom|90/100|[from] Grassy Terrain
|upkeep
|turn|11
|
|t:|1757853377
|move|p1a: Slaking|Slack Off|p1a: Slaking
|-heal|p1a: Slaking|100/100
|move|p2a: Rillaboom|Low Kick|p1a: Slaking
|-supereffective|p1a: Slaking
|-damage|p1a: Slaking|63/100
|-damage|p2a: Rillaboom|73/100|[from] item: Rocky Helmet|[of] p1a: Slaking
|
|-weather|Snowscape|[upkeep]
|-heal|p1a: Slaking|69/100|[from] Grassy Terrain
|-heal|p2a: Rillaboom|80/100|[from] Grassy Terrain
|upkeep
|turn|12
|
|t:|1757853385
|switch|p1a: Latios|Latios, M|68/100 psn
|move|p2a: Rillaboom|U-turn|p1a: Latios
|-supereffective|p1a: Latios
|-damage|p1a: Latios|0 fnt
|faint|p1a: Latios
|
|t:|1757853388
|switch|p2a: Hawlucha|Hawlucha, F|100/100|[from] U-turn
|-enditem|p2a: Hawlucha|Grassy Seed
|-boost|p2a: Hawlucha|def|1|[from] item: Grassy Seed
|
|-weather|none
|upkeep
|
|t:|1757853403
|switch|p1a: Slaking|Slaking, F|69/100
|turn|13
|-message|Djorz01 forfeited.
|
|win|bogghoul
|raw|Djorz01's rating: 1261 &rarr; <strong>1236</strong><br />(-25 for losing)
|raw|bogghoul's rating: 1257 &rarr; <strong>1282</strong><br />(+25 for winning)
|l|☆Djorz01
|player|p1|
|l|☆bogghoul
|player|p2|
