|j|☆comedordenamoradas
|j|☆Beuhiam
|t:|1757858673
|gametype|singles
|player|p1|comedordenamoradas|blackbelt-gen4dp|1456
|player|p2|Beuhiam|1|1555
|gen|9
|tier|[Gen 9] OU
|rated|
|rule|HP Percentage Mod: HP is shown in percentages
|rule|Endless Battle Clause: Forcing endless battles is banned
|rule|Species Clause: Limit one of each Pokémon
|rule|OHKO Clause: OHKO moves are banned
|rule|Evasion Items Clause: Evasion items are banned
|rule|Evasion Moves Clause: Evasion moves are banned
|rule|Evasion Abilities Clause: Evasion abilities are banned
|rule|Sleep Moves Clause: Sleep-inducing moves are banned
|clearpoke
|poke|p1|Dragapult, F|
|poke|p1|Ursaluna, F|
|poke|p1|Primarina, F|
|poke|p1|Dragonite, F|
|poke|p1|Deoxys-Speed|
|poke|p1|Kingambit, M|
|poke|p2|Samurott-Hisui, M|
|poke|p2|Zapdos|
|poke|p2|Dragapult, M|
|poke|p2|Great Tusk|
|poke|p2|Scizor, F|
|poke|p2|Zamazenta-*|
|teampreview
|inactive|Battle timer is ON: inactive players will automatically lose when time's up. (requested by Beuhiam)
|
|t:|1757858685
|teamsize|p1|6
|teamsize|p2|6
|start
|switch|p1a: Prima|Primarina, F, shiny|100/100
|switch|p2a: Scizor|Scizor, F|100/100
|turn|1
|
|t:|1757858700
|move|p1a: Prima|Hydro Pump|p2a: Scizor
|-damage|p2a: Scizor|0 fnt
|faint|p2a: Scizor
|
|upkeep
|
|t:|1757858707
|switch|p2a: Samurott|Samurott-Hisui, M|100/100
|turn|2
|
|t:|1757858710
|move|p2a: Samurott|Ceaseless Edge|p1a: Prima
|-resisted|p1a: Prima
|-damage|p1a: Prima|57/100
|-sidestart|p1: comedordenamoradas|Spikes
|move|p1a: Prima|Hydro Pump|p2a: Samurott
|-resisted|p2a: Samurott
|-damage|p2a: Samurott|31/100
|
|upkeep
|turn|3
|
|t:|1757858716
|move|p2a: Samurott|Ceaseless Edge|p1a: Prima
|-resisted|p1a: Prima
|-damage|p1a: Prima|8/100
|-sidestart|p1: comedordenamoradas|Spikes
|move|p1a: Prima|Hydro Pump|p2a: Samurott
|-resisted|p2a: Samurott
|-damage|p2a: Samurott|0 fnt
|faint|p2a: Samurott
|
|upkeep
|
|t:|1757858730
|switch|p2a: Zapdos|Zapdos|100/100
|turn|4
|
|t:|1757858747
|move|p2a: Zapdos|Volt Switch|p1a: Prima
|-supereffective|p1a: Prima
|-damage|p1a: Prima|0 fnt
|faint|p1a: Prima
|
|t:|1757858753
|switch|p2a: Dragapult|Dragapult, M|100/100|[from] Volt Switch
|
|upkeep
|
|t:|1757858759
|switch|p1a: Deoxys|Deoxys-Speed, shiny|100/100
|-damage|p1a: Deoxys|84/100|[from] Spikes
|-ability|p1a: Deoxys|Pressure
|turn|5
|
|t:|1757858763
|switch|p2a: Zapdos|Zapdos|100/100
|move|p1a: Deoxys|Knock Off|p2a: Zapdos
|-crit|p2a: Zapdos
|-damage|p2a: Zapdos|61/100
|-enditem|p2a: Zapdos|Heavy-Duty Boots|[from] move: Knock Off|[of] p1a: Deoxys
|
|upkeep
|turn|6
|
|t:|1757858766
|move|p1a: Deoxys|Stealth Rock|p2a: Zapdos
|-sidestart|p2: Beuhiam|move: Stealth Rock
|move|p2a: Zapdos|Roost|p2a: Zapdos
|-heal|p2a: Zapdos|100/100
|-singleturn|p2a: Zapdos|move: Roost
|
|upkeep
|turn|7
|
|t:|1757858770
|move|p1a: Deoxys|Taunt|p2a: Zapdos
|-start|p2a: Zapdos|move: Taunt
|move|p2a: Zapdos|Hurricane|p1a: Deoxys|[miss]
|-miss|p2a: Zapdos|p1a: Deoxys
|
|upkeep
|turn|8
|
|t:|1757858774
|move|p1a: Deoxys|Skill Swap|p2a: Zapdos
|-activate|p1a: Deoxys|move: Skill Swap|Static|Pressure|[of] p2a: Zapdos
|-ability|p2a: Zapdos|Pressure
|move|p2a: Zapdos|Hurricane|p1a: Deoxys
|-damage|p1a: Deoxys|21/100
|
|upkeep
|turn|9
|
|t:|1757858781
|move|p1a: Deoxys|Knock Off|p2a: Zapdos
|-damage|p2a: Zapdos|84/100
|move|p2a: Zapdos|Volt Switch|p1a: Deoxys
|-damage|p1a: Deoxys|0 fnt
|faint|p1a: Deoxys
|
|t:|1757858789
|switch|p2a: Dragapult|Dragapult, M|100/100|[from] Volt Switch
|-damage|p2a: Dragapult|88/100|[from] Stealth Rock
|
|upkeep
|
|t:|1757858798
|switch|p1a: Dragapulta|Dragapult, F, shiny|100/100
|-damage|p1a: Dragapulta|84/100|[from] Spikes
|turn|10
|
|t:|1757858800
|move|p1a: Dragapulta|Shadow Ball|p2a: Dragapult
|-supereffective|p2a: Dragapult
|-damage|p2a: Dragapult|1/100
|move|p2a: Dragapult|Shadow Ball|p1a: Dragapulta
|-supereffective|p1a: Dragapulta
|-crit|p1a: Dragapulta
|-damage|p1a: Dragapulta|0 fnt
|faint|p1a: Dragapulta
|
|upkeep
|
|t:|1757858819
|switch|p1a: Ursaluna|Ursaluna, F, shiny|100/100
|-damage|p1a: Ursaluna|84/100|[from] Spikes
|turn|11
|
|t:|1757858823
|move|p2a: Dragapult|Shadow Ball|p1a: Ursaluna
|-immune|p1a: Ursaluna
|move|p1a: Ursaluna|Earthquake|p2a: Dragapult
|-damage|p2a: Dragapult|0 fnt
|faint|p2a: Dragapult
|
|-status|p1a: Ursaluna|brn|[from] item: Flame Orb
|upkeep
|
|t:|1757858828
|switch|p2a: Zamazenta|Zamazenta|100/100
|-damage|p2a: Zamazenta|94/100|[from] Stealth Rock
|-ability|p2a: Zamazenta|Dauntless Shield|boost
|-boost|p2a: Zamazenta|def|1
|turn|12
|
|t:|1757858831
|move|p2a: Zamazenta|Iron Defense|p2a: Zamazenta
|-boost|p2a: Zamazenta|def|2
|move|p1a: Ursaluna|Bulk Up|p1a: Ursaluna
|-boost|p1a: Ursaluna|atk|1
|-boost|p1a: Ursaluna|def|1
|
|-damage|p1a: Ursaluna|78/100 brn|[from] brn
|upkeep
|turn|13
|
|t:|1757858835
|move|p2a: Zamazenta|Iron Defense|p2a: Zamazenta
|-boost|p2a: Zamazenta|def|2
|move|p1a: Ursaluna|Facade|p2a: Zamazenta
|-damage|p2a: Zamazenta|54/100
|
|-damage|p1a: Ursaluna|71/100 brn|[from] brn
|upkeep
|turn|14
|
|t:|1757858841
|move|p2a: Zamazenta|Body Press|p1a: Ursaluna
|-supereffective|p1a: Ursaluna
|-damage|p1a: Ursaluna|0 fnt
|faint|p1a: Ursaluna
|
|upkeep
|
|t:|1757858844
|switch|p1a: Kingambit|Kingambit, M|100/100
|-damage|p1a: Kingambit|84/100|[from] Spikes
|-activate|p1a: Kingambit|ability: Supreme Overlord
|-start|p1a: Kingambit|fallen4|[silent]
|turn|15
|
|t:|1757858849
|-terastallize|p1a: Kingambit|Flying
|move|p2a: Zamazenta|Body Press|p1a: Kingambit
|-resisted|p1a: Kingambit
|-damage|p1a: Kingambit|38/100
|move|p1a: Kingambit|Swords Dance|p1a: Kingambit
|-boost|p1a: Kingambit|atk|2
|
|-heal|p1a: Kingambit|44/100|[from] item: Leftovers
|upkeep
|turn|16
|
|t:|1757858859
|move|p2a: Zamazenta|Body Press|p1a: Kingambit
|-resisted|p1a: Kingambit
|-damage|p1a: Kingambit|0 fnt
|faint|p1a: Kingambit
|-end|p1a: Kingambit|fallen4|[silent]
|
|upkeep
|c|☆comedordenamoradas|ban
|-message|comedordenamoradas forfeited.
|
|win|Beuhiam
|raw|comedordenamoradas's rating: 1456 &rarr; <strong>1442</strong><br />(-14 for losing)
|raw|Beuhiam's rating: 1555 &rarr; <strong>1569</strong><br />(+14 for winning)
|l|☆comedordenamoradas
|player|p1|
