|j|☆lynkz259
|j|☆Ammanemo
|t:|1757915725
|gametype|singles
|player|p1|lynkz259|swimmerf-gen4|1103
|player|p2|Ammanemo|iris-gen5bw2|1104
|gen|9
|tier|[Gen 9] OU
|rated|
|rule|HP Percentage Mod: HP is shown in percentages
|rule|Endless Battle Clause: Forcing endless battles is banned
|rule|Species Clause: Limit one of each Pokémon
|rule|OHKO Clause: OHKO moves are banned
|rule|Evasion Items Clause: Evasion items are banned
|rule|Evasion Moves Clause: Evasion moves are banned
|rule|Evasion Abilities Clause: Evasion abilities are banned
|rule|Sleep Moves Clause: Sleep-inducing moves are banned
|clearpoke
|poke|p1|Lucario, M|
|poke|p1|Greninja-*, M|
|poke|p1|Ceruledge, M|
|poke|p1|Scizor, F|
|poke|p1|Dragapult, M|
|poke|p1|Kingambit, F|
|poke|p2|Comfey, M|
|poke|p2|Whimsicott, F|
|poke|p2|Iron Moth|
|poke|p2|Walking Wake|
|poke|p2|Great Tusk|
|poke|p2|Ninetales, M|
|teampreview
|inactive|Battle timer is ON: inactive players will automatically lose when time's up. (requested by Ammanemo)
|
|t:|1757915731
|teamsize|p1|6
|teamsize|p2|6
|start
|switch|p1a: Lucario|Lucario, M|100/100
|switch|p2a: Ninetales|Ninetales, M|100/100
|-weather|SunnyDay|[from] ability: Drought|[of] p2a: Ninetales
|turn|1
|
|t:|1757915739
|move|p2a: Ninetales|Will-O-Wisp|p1a: Lucario
|-status|p1a: Lucario|brn
|move|p1a: Lucario|Swords Dance|p1a: Lucario
|-boost|p1a: Lucario|atk|2
|
|-weather|SunnyDay|[upkeep]
|-damage|p1a: Lucario|94/100 brn|[from] brn
|upkeep
|turn|2
|inactive|lynkz259 has 120 seconds left.
|
|t:|1757915783
|switch|p2a: Great Tusk|Great Tusk|100/100
|-activate|p2a: Great Tusk|ability: Protosynthesis
|-start|p2a: Great Tusk|protosynthesisspe
|move|p1a: Lucario|Meteor Mash|p2a: Great Tusk
|-damage|p2a: Great Tusk|66/100
|-boost|p1a: Lucario|atk|1
|-damage|p1a: Lucario|78/100 brn|[from] item: Rocky Helmet|[of] p2a: Great Tusk
|-damage|p1a: Lucario|68/100 brn|[from] item: Life Orb
|
|-weather|SunnyDay|[upkeep]
|-damage|p1a: Lucario|62/100 brn|[from] brn
|upkeep
|turn|3
|
|t:|1757915798
|move|p2a: Great Tusk|Headlong Rush|p1a: Lucario
|-supereffective|p1a: Lucario
|-damage|p1a: Lucario|0 fnt
|-unboost|p2a: Great Tusk|def|1
|-unboost|p2a: Great Tusk|spd|1
|faint|p1a: Lucario
|
|-weather|SunnyDay|[upkeep]
|upkeep
|
|t:|1757915807
|switch|p1a: Greninja|Greninja, M|100/100
|turn|4
|
|t:|1757915811
|move|p2a: Great Tusk|Stealth Rock|p1a: Greninja
|-sidestart|p1: lynkz259|move: Stealth Rock
|move|p1a: Greninja|Surf|p2a: Great Tusk
|-start|p1a: Greninja|typechange|Water|[from] ability: Protean
|-supereffective|p2a: Great Tusk
|-damage|p2a: Great Tusk|0 fnt
|faint|p2a: Great Tusk
|-end|p2a: Great Tusk|Protosynthesis|[silent]
|
|-weather|SunnyDay|[upkeep]
|upkeep
|
|t:|1757915820
|switch|p2a: Whimsicott|Whimsicott, F|100/100
|turn|5
|inactive|lynkz259 has 120 seconds left.
|
|t:|1757915849
|move|p2a: Whimsicott|Growth|p2a: Whimsicott
|-boost|p2a: Whimsicott|atk|2
|-boost|p2a: Whimsicott|spa|2
|move|p1a: Greninja|Surf|p2a: Whimsicott
|-resisted|p2a: Whimsicott
|-damage|p2a: Whimsicott|80/100
|
|-weather|SunnyDay|[upkeep]
|upkeep
|turn|6
|
|t:|1757915857
|switch|p1a: Ceruledge|Ceruledge, M|100/100
|-damage|p1a: Ceruledge|76/100|[from] Stealth Rock
|move|p2a: Whimsicott|Giga Drain|p1a: Ceruledge
|-resisted|p1a: Ceruledge
|-damage|p1a: Ceruledge|33/100
|-heal|p2a: Whimsicott|100/100|[from] drain|[of] p1a: Ceruledge
|-damage|p2a: Whimsicott|91/100|[from] item: Life Orb
|
|-weather|SunnyDay|[upkeep]
|upkeep
|turn|7
|inactive|lynkz259 has 120 seconds left.
|
|t:|1757915873
|-terastallize|p2a: Whimsicott|Ghost
|move|p2a: Whimsicott|Shadow Ball|p1a: Ceruledge
|-supereffective|p1a: Ceruledge
|-damage|p1a: Ceruledge|0 fnt
|faint|p1a: Ceruledge
|-damage|p2a: Whimsicott|81/100|[from] item: Life Orb
|
|-weather|SunnyDay|[upkeep]
|upkeep
|
|t:|1757915882
|switch|p1a: Greninja|Greninja, M|100/100
|-damage|p1a: Greninja|88/100|[from] Stealth Rock
|turn|8
|inactive|lynkz259 has 120 seconds left.
|
|t:|1757915891
|move|p2a: Whimsicott|Moonblast|p1a: Greninja
|-supereffective|p1a: Greninja
|-damage|p1a: Greninja|0 fnt
|faint|p1a: Greninja
|-damage|p2a: Whimsicott|71/100|[from] item: Life Orb
|
|-weather|none
|upkeep
|inactive|lynkz259 has 120 seconds left.
|
|t:|1757915915
|switch|p1a: Scizor|Scizor, F|100/100
|-damage|p1a: Scizor|88/100|[from] Stealth Rock
|turn|9
|
|t:|1757915920
|switch|p2a: Ninetales|Ninetales, M|100/100
|-weather|SunnyDay|[from] ability: Drought|[of] p2a: Ninetales
|move|p1a: Scizor|Knock Off|p2a: Ninetales
|-damage|p2a: Ninetales|37/100
|-enditem|p2a: Ninetales|Heat Rock|[from] move: Knock Off|[of] p1a: Scizor
|
|-weather|SunnyDay|[upkeep]
|upkeep
|turn|10
|inactive|lynkz259 has 120 seconds left.
|
|t:|1757915930
|switch|p2a: Iron Moth|Iron Moth|100/100
|-enditem|p2a: Iron Moth|Booster Energy
|-activate|p2a: Iron Moth|ability: Quark Drive|[fromitem]
|-start|p2a: Iron Moth|quarkdrivespa
|move|p1a: Scizor|Knock Off|p2a: Iron Moth
|-damage|p2a: Iron Moth|33/100
|
|-weather|SunnyDay|[upkeep]
|upkeep
|turn|11
|inactive|lynkz259 has 120 seconds left.
|
|t:|1757915940
|move|p2a: Iron Moth|Overheat|p1a: Scizor
|-supereffective|p1a: Scizor
|-damage|p1a: Scizor|0 fnt
|-unboost|p2a: Iron Moth|spa|2
|faint|p1a: Scizor
|
|-weather|SunnyDay|[upkeep]
|upkeep
|inactive|lynkz259 has 120 seconds left.
|
|t:|1757915947
|switch|p1a: Dragapult|Dragapult, M|100/100
|-damage|p1a: Dragapult|88/100|[from] Stealth Rock
|turn|12
|
|t:|1757915953
|-end|p2a: Iron Moth|Quark Drive|[silent]
|switch|p2a: Comfey|Comfey, M|100/100
|move|p1a: Dragapult|Shadow Ball|p2a: Comfey
|-damage|p2a: Comfey|39/100
|-unboost|p2a: Comfey|spd|1
|
|-weather|SunnyDay|[upkeep]
|upkeep
|turn|13
|
|t:|1757915961
|move|p2a: Comfey|Draining Kiss|p1a: Dragapult
|-supereffective|p1a: Dragapult
|-damage|p1a: Dragapult|12/100
|-heal|p2a: Comfey|98/100|[from] drain|[of] p1a: Dragapult
|-damage|p2a: Comfey|88/100|[from] item: Life Orb
|move|p1a: Dragapult|Shadow Ball|p2a: Comfey
|-damage|p2a: Comfey|3/100
|
|-weather|SunnyDay|[upkeep]
|upkeep
|turn|14
|
|t:|1757915977
|move|p2a: Comfey|Draining Kiss|p1a: Dragapult
|-supereffective|p1a: Dragapult
|-damage|p1a: Dragapult|0 fnt
|-heal|p2a: Comfey|12/100|[from] drain|[of] p1a: Dragapult
|faint|p1a: Dragapult
|-damage|p2a: Comfey|2/100|[from] item: Life Orb
|
|-weather|SunnyDay|[upkeep]
|upkeep
|
|t:|1757915985
|switch|p1a: Kingambit|Kingambit, F|100/100
|-damage|p1a: Kingambit|94/100|[from] Stealth Rock
|-activate|p1a: Kingambit|ability: Supreme Overlord
|-start|p1a: Kingambit|fallen5|[silent]
|turn|15
|
|t:|1757916000
|switch|p2a: Ninetales|Ninetales, M|37/100
|move|p1a: Kingambit|Swords Dance|p1a: Kingambit
|-boost|p1a: Kingambit|atk|2
|
|-weather|SunnyDay|[upkeep]
|-heal|p1a: Kingambit|100/100|[from] item: Leftovers
|upkeep
|turn|16
|
|t:|1757916009
|move|p1a: Kingambit|Sucker Punch||[still]
|-fail|p1a: Kingambit
|move|p2a: Ninetales|Encore|p1a: Kingambit
|-start|p1a: Kingambit|Encore
|
|-weather|none
|upkeep
|turn|17
|
|t:|1757916015
|switch|p2a: Iron Moth|Iron Moth|33/100
|move|p1a: Kingambit|Sucker Punch||[still]
|-fail|p1a: Kingambit
|
|upkeep
|turn|18
|
|t:|1757916023
|move|p1a: Kingambit|Sucker Punch|p2a: Iron Moth
|-damage|p2a: Iron Moth|0 fnt
|faint|p2a: Iron Moth
|-end|p2a: Iron Moth|Quark Drive|[silent]
|
|upkeep
|
|t:|1757916029
|switch|p2a: Ninetales|Ninetales, M|37/100
|-weather|SunnyDay|[from] ability: Drought|[of] p2a: Ninetales
|turn|19
|
|t:|1757916038
|move|p1a: Kingambit|Sucker Punch||[still]
|-fail|p1a: Kingambit
|move|p2a: Ninetales|Will-O-Wisp|p1a: Kingambit
|-status|p1a: Kingambit|brn
|
|-weather|SunnyDay|[upkeep]
|-damage|p1a: Kingambit|94/100 brn|[from] brn
|-end|p1a: Kingambit|Encore
|upkeep
|turn|20
|
|t:|1757916061
|move|p2a: Ninetales|Weather Ball|p1a: Kingambit
|-supereffective|p1a: Kingambit
|-damage|p1a: Kingambit|0 fnt
|faint|p1a: Kingambit
|-end|p1a: Kingambit|fallen5|[silent]
|
|win|Ammanemo
|raw|lynkz259's rating: 1103 &rarr; <strong>1078</strong><br />(-25 for losing)
|raw|Ammanemo's rating: 1104 &rarr; <strong>1129</strong><br />(+25 for winning)
|l|☆Ammanemo
|player|p2|
