|j|☆Teradark
|j|☆JRmonster
|t:|1757834164
|gametype|singles
|player|p1|Teradark|n-masters3|1166
|player|p2|JRmonster|youngster-gen4dp|1121
|gen|9
|tier|[Gen 9] OU
|rated|
|rule|HP Percentage Mod: HP is shown in percentages
|rule|Endless Battle Clause: Forcing endless battles is banned
|rule|Species Clause: Limit one of each Pokémon
|rule|OHKO Clause: OHKO moves are banned
|rule|Evasion Items Clause: Evasion items are banned
|rule|Evasion Moves Clause: Evasion moves are banned
|rule|Evasion Abilities Clause: Evasion abilities are banned
|rule|Sleep Moves Clause: Sleep-inducing moves are banned
|clearpoke
|poke|p1|Great Tusk|
|poke|p1|Rillaboom, M|
|poke|p1|Kingambit, F|
|poke|p1|Dragapult, F|
|poke|p1|Garganacl, M|
|poke|p1|Gholdengo|
|poke|p2|Sceptile, F|
|poke|p2|Great Tusk|
|poke|p2|Rillaboom, M|
|poke|p2|Cinderace, M|
|poke|p2|Raging Bolt|
|poke|p2|Glimmora, M|
|teampreview
|inactive|Battle timer is ON: inactive players will automatically lose when time's up. (requested by JRmonster)
|inactive|Teradark has 120 seconds left.
|
|t:|1757834205
|teamsize|p1|6
|teamsize|p2|6
|start
|switch|p1a: Genji|Dragapult, F|100/100
|switch|p2a: Rillaboom|Rillaboom, M|100/100
|-fieldstart|move: Grassy Terrain|[from] ability: Grassy Surge|[of] p2a: Rillaboom
|turn|1
|
|t:|1757834214
|move|p1a: Genji|Draco Meteor|p2a: Rillaboom
|-damage|p2a: Rillaboom|8/100
|-unboost|p1a: Genji|spa|2
|move|p2a: Rillaboom|Knock Off|p1a: Genji
|-supereffective|p1a: Genji
|-damage|p1a: Genji|0 fnt
|-enditem|p1a: Genji|Choice Specs|[from] move: Knock Off|[of] p2a: Rillaboom
|faint|p1a: Genji
|
|-heal|p2a: Rillaboom|14/100|[from] Grassy Terrain
|upkeep
|
|t:|1757834242
|switch|p1a: Winton|Rillaboom, M|100/100
|turn|2
|
|t:|1757834249
|switch|p2a: Sceptile|Sceptile, F|100/100
|-enditem|p2a: Sceptile|Grassy Seed
|-boost|p2a: Sceptile|def|1|[from] item: Grassy Seed
|move|p1a: Winton|U-turn|p2a: Sceptile
|-supereffective|p2a: Sceptile
|-damage|p2a: Sceptile|53/100
|
|t:|1757834264
|switch|p1a: Brigitte|Garganacl, M|100/100|[from] U-turn
|
|-heal|p2a: Sceptile|60/100|[from] Grassy Terrain
|upkeep
|turn|3
|
|t:|1757834272
|move|p2a: Sceptile|Swords Dance|p2a: Sceptile
|-boost|p2a: Sceptile|atk|2
|move|p1a: Brigitte|Salt Cure|p2a: Sceptile
|-damage|p2a: Sceptile|46/100
|-start|p2a: Sceptile|Salt Cure
|
|-heal|p2a: Sceptile|52/100|[from] Grassy Terrain
|-damage|p2a: Sceptile|40/100|[from] Salt Cure
|upkeep
|turn|4
|
|t:|1757834286
|move|p1a: Brigitte|Protect|p1a: Brigitte
|-singleturn|p1a: Brigitte|Protect
|move|p2a: Sceptile|Leaf Blade|p1a: Brigitte
|-activate|p1a: Brigitte|move: Protect
|
|-heal|p2a: Sceptile|46/100|[from] Grassy Terrain
|-damage|p2a: Sceptile|33/100|[from] Salt Cure
|upkeep
|turn|5
|
|t:|1757834297
|move|p2a: Sceptile|Leaf Blade|p1a: Brigitte
|-supereffective|p1a: Brigitte
|-damage|p1a: Brigitte|0 fnt
|faint|p1a: Brigitte
|
|-heal|p2a: Sceptile|39/100|[from] Grassy Terrain
|-damage|p2a: Sceptile|27/100|[from] Salt Cure
|upkeep
|
|t:|1757834309
|switch|p1a: Hanzo|Kingambit, F|100/100
|-activate|p1a: Hanzo|ability: Supreme Overlord
|-start|p1a: Hanzo|fallen2|[silent]
|turn|6
|
|t:|1757834323
|switch|p2a: Cinderace|Cinderace, M|100/100
|move|p1a: Hanzo|Iron Head|p2a: Cinderace
|-resisted|p2a: Cinderace
|-damage|p2a: Cinderace|58/100
|
|-heal|p2a: Cinderace|64/100|[from] Grassy Terrain
|upkeep
|turn|7
|
|t:|1757834335
|move|p2a: Cinderace|Pyro Ball|p1a: Hanzo
|-supereffective|p1a: Hanzo
|-damage|p1a: Hanzo|23/100
|move|p1a: Hanzo|Low Sweep|p2a: Cinderace
|-damage|p2a: Cinderace|23/100
|-unboost|p2a: Cinderace|spe|1
|
|-heal|p2a: Cinderace|29/100|[from] Grassy Terrain
|-heal|p1a: Hanzo|29/100|[from] Grassy Terrain
|upkeep
|turn|8
|
|t:|1757834347
|move|p1a: Hanzo|Sucker Punch|p2a: Cinderace
|-damage|p2a: Cinderace|0 fnt
|faint|p2a: Cinderace
|
|-heal|p1a: Hanzo|36/100|[from] Grassy Terrain
|-fieldend|move: Grassy Terrain
|upkeep
|
|t:|1757834360
|switch|p2a: Glimmora|Glimmora, M|100/100
|turn|9
|
|t:|1757834379
|move|p2a: Glimmora|Meteor Beam||[still]
|-prepare|p2a: Glimmora|Meteor Beam
|-boost|p2a: Glimmora|spa|1
|-enditem|p2a: Glimmora|Power Herb
|-anim|p2a: Glimmora|Meteor Beam|p1a: Hanzo
|-resisted|p1a: Hanzo
|-damage|p1a: Hanzo|0 fnt
|faint|p1a: Hanzo
|-end|p1a: Hanzo|fallen2|[silent]
|
|upkeep
|
|t:|1757834387
|switch|p1a: Zenyatta|Gholdengo|100/100
|turn|10
|
|t:|1757834391
|move|p1a: Zenyatta|Make It Rain|p2a: Glimmora
|-supereffective|p2a: Glimmora
|-damage|p2a: Glimmora|0 fnt
|-unboost|p1a: Zenyatta|spa|1
|faint|p2a: Glimmora
|
|upkeep
|
|t:|1757834421
|switch|p2a: Raging Bolt|Raging Bolt|100/100
|turn|11
|inactive|Teradark has 120 seconds left.
|
|t:|1757834472
|switch|p1a: Reinhardt|Great Tusk|100/100
|-enditem|p1a: Reinhardt|Booster Energy
|-activate|p1a: Reinhardt|ability: Protosynthesis|[fromitem]
|-start|p1a: Reinhardt|protosynthesisspe
|move|p2a: Raging Bolt|Calm Mind|p2a: Raging Bolt
|-boost|p2a: Raging Bolt|spa|1
|-boost|p2a: Raging Bolt|spd|1
|
|upkeep
|turn|12
|
|t:|1757834490
|-terastallize|p2a: Raging Bolt|Fairy
|move|p1a: Reinhardt|Bulk Up|p1a: Reinhardt
|-boost|p1a: Reinhardt|atk|1
|-boost|p1a: Reinhardt|def|1
|move|p2a: Raging Bolt|Dragon Pulse|p1a: Reinhardt
|-damage|p1a: Reinhardt|2/100
|
|upkeep
|turn|13
|
|t:|1757834500
|move|p1a: Reinhardt|Headlong Rush|p2a: Raging Bolt
|-damage|p2a: Raging Bolt|25/100
|-unboost|p1a: Reinhardt|def|1
|-unboost|p1a: Reinhardt|spd|1
|move|p2a: Raging Bolt|Dragon Pulse|p1a: Reinhardt
|-damage|p1a: Reinhardt|0 fnt
|faint|p1a: Reinhardt
|-end|p1a: Reinhardt|Protosynthesis|[silent]
|
|upkeep
|
|t:|1757834507
|switch|p1a: Zenyatta|Gholdengo|100/100
|turn|14
|
|t:|1757834515
|move|p2a: Raging Bolt|Thunderclap|p1a: Zenyatta
|-damage|p1a: Zenyatta|26/100
|move|p1a: Zenyatta|Make It Rain|p2a: Raging Bolt
|-supereffective|p2a: Raging Bolt
|-damage|p2a: Raging Bolt|0 fnt
|-unboost|p1a: Zenyatta|spa|1
|faint|p2a: Raging Bolt
|-end|p2a: Raging Bolt|Protosynthesis|[silent]
|
|upkeep
|
|t:|1757834537
|switch|p2a: Great Tusk|Great Tusk|100/100
|turn|15
|
|t:|1757834553
|switch|p1a: Winton|Rillaboom, M|100/100
|-fieldstart|move: Grassy Terrain|[from] ability: Grassy Surge|[of] p1a: Winton
|move|p2a: Great Tusk|Ice Spinner|p1a: Winton
|-supereffective|p1a: Winton
|-damage|p1a: Winton|50/100
|-fieldend|move: Grassy Terrain
|
|upkeep
|turn|16
|inactive|JRmonster has 120 seconds left.
|
|t:|1757834569
|move|p2a: Great Tusk|Ice Spinner|p1a: Winton
|-supereffective|p1a: Winton
|-damage|p1a: Winton|0 fnt
|faint|p1a: Winton
|
|upkeep
|-message|Teradark forfeited.
|
|win|JRmonster
|raw|Teradark's rating: 1194 &rarr; <strong>1164</strong><br />(-30 for losing)
|raw|JRmonster's rating: 1121 &rarr; <strong>1151</strong><br />(+30 for winning)
|l|☆Teradark
|player|p1|
|l|☆JRmonster
|player|p2|
