|j|☆bidooofer
|j|☆bennyemerald
|t:|1757868164
|gametype|singles
|player|p1|bidooofer|riley|1601
|player|p2|bennyemerald|hilbert|1551
|gen|9
|tier|[Gen 9] OU
|rated|
|rule|HP Percentage Mod: HP is shown in percentages
|rule|Endless Battle Clause: Forcing endless battles is banned
|rule|Species Clause: Limit one of each Pokémon
|rule|OHKO Clause: OHKO moves are banned
|rule|Evasion Items Clause: Evasion items are banned
|rule|Evasion Moves Clause: Evasion moves are banned
|rule|Evasion Abilities Clause: Evasion abilities are banned
|rule|Sleep Moves Clause: Sleep-inducing moves are banned
|clearpoke
|poke|p1|Torkoal, F|
|poke|p1|Walking Wake|
|poke|p1|Raging Bolt|
|poke|p1|Great Tusk|
|poke|p1|Rillaboom, F|
|poke|p1|Hatterene, F|
|poke|p2|Blissey, F|
|poke|p2|Landorus-Therian, M|
|poke|p2|Darkrai|
|poke|p2|Clefable, F|
|poke|p2|Corviknight, M|
|poke|p2|Dragapult, M|
|teampreview
|inactive|Battle timer is ON: inactive players will automatically lose when time's up. (requested by bennyemerald)
|inactive|bidooofer has 120 seconds left.
|
|t:|1757868220
|teamsize|p1|6
|teamsize|p2|6
|start
|switch|p1a: Rillaboom|Rillaboom, F|100/100
|switch|p2a: Landorus|Landorus-Therian, M|100/100
|-ability|p2a: Landorus|Intimidate|boost
|-unboost|p1a: Rillaboom|atk|1
|-fieldstart|move: Grassy Terrain|[from] ability: Grassy Surge|[of] p1a: Rillaboom
|turn|1
|
|t:|1757868232
|switch|p1a: Torkoal|Torkoal, F|100/100
|-weather|SunnyDay|[from] ability: Drought|[of] p1a: Torkoal
|move|p2a: Landorus|U-turn|p1a: Torkoal
|-resisted|p1a: Torkoal
|-damage|p1a: Torkoal|91/100
|
|t:|1757868250
|switch|p2a: Darkrai|Darkrai|100/100|[from] U-turn
|
|-weather|SunnyDay|[upkeep]
|-heal|p1a: Torkoal|97/100|[from] Grassy Terrain
|upkeep
|turn|2
|inactive|bidooofer has 120 seconds left.
|inactive|bidooofer has 90 seconds left.
|inactive|bidooofer has 60 seconds left.
|
|t:|1757868357
|switch|p1a: Hatterene|Hatterene, F|100/100
|move|p2a: Darkrai|Dark Pulse|p1a: Hatterene
|-damage|p1a: Hatterene|72/100
|
|-weather|SunnyDay|[upkeep]
|-heal|p1a: Hatterene|78/100|[from] Grassy Terrain
|upkeep
|turn|3
|
|t:|1757868380
|switch|p2a: Blissey|Blissey, F|100/100
|move|p1a: Hatterene|Future Sight|p2a: Blissey
|-start|p1a: Hatterene|move: Future Sight
|
|-weather|SunnyDay|[upkeep]
|-heal|p1a: Hatterene|84/100|[from] Grassy Terrain
|upkeep
|turn|4
|
|t:|1757868386
|move|p2a: Blissey|Seismic Toss|p1a: Hatterene
|-damage|p1a: Hatterene|53/100
|move|p1a: Hatterene|Nuzzle|p2a: Blissey
|-damage|p2a: Blissey|96/100
|-status|p2a: Blissey|par
|
|-weather|SunnyDay|[upkeep]
|-heal|p1a: Hatterene|59/100|[from] Grassy Terrain
|-heal|p2a: Blissey|100/100 par|[from] Grassy Terrain
|upkeep
|turn|5
|
|t:|1757868395
|switch|p1a: Raging Bolt|Raging Bolt|100/100
|-activate|p1a: Raging Bolt|ability: Protosynthesis
|-start|p1a: Raging Bolt|protosynthesisspa
|move|p2a: Blissey|Seismic Toss|p1a: Raging Bolt
|-damage|p1a: Raging Bolt|78/100
|
|-weather|SunnyDay|[upkeep]
|-end|p2a: Blissey|move: Future Sight
|-damage|p2a: Blissey|83/100 par
|-heal|p1a: Raging Bolt|85/100|[from] Grassy Terrain
|-heal|p1a: Raging Bolt|91/100|[from] item: Leftovers
|-heal|p2a: Blissey|90/100 par|[from] Grassy Terrain
|-heal|p2a: Blissey|96/100 par|[from] item: Leftovers
|-fieldend|move: Grassy Terrain
|upkeep
|turn|6
|
|t:|1757868414
|-curestatus|p2a: Blissey|par|[from] ability: Natural Cure
|switch|p2a: Landorus|Landorus-Therian, M|100/100
|-ability|p2a: Landorus|Intimidate|boost
|-unboost|p1a: Raging Bolt|atk|1
|move|p1a: Raging Bolt|Calm Mind|p1a: Raging Bolt
|-boost|p1a: Raging Bolt|spa|1
|-boost|p1a: Raging Bolt|spd|1
|
|-weather|SunnyDay|[upkeep]
|-heal|p1a: Raging Bolt|97/100|[from] item: Leftovers
|upkeep
|turn|7
|
|t:|1757868427
|-terastallize|p1a: Raging Bolt|Flying
|move|p2a: Landorus|Earthquake|p1a: Raging Bolt
|-immune|p1a: Raging Bolt
|move|p1a: Raging Bolt|Calm Mind|p1a: Raging Bolt
|-boost|p1a: Raging Bolt|spa|1
|-boost|p1a: Raging Bolt|spd|1
|
|-weather|SunnyDay|[upkeep]
|-heal|p1a: Raging Bolt|100/100|[from] item: Leftovers
|upkeep
|turn|8
|
|t:|1757868438
|move|p2a: Landorus|U-turn|p1a: Raging Bolt
|-resisted|p1a: Raging Bolt
|-damage|p1a: Raging Bolt|89/100
|
|t:|1757868447
|switch|p2a: Blissey|Blissey, F|96/100|[from] U-turn
|move|p1a: Raging Bolt|Calm Mind|p1a: Raging Bolt
|-boost|p1a: Raging Bolt|spa|1
|-boost|p1a: Raging Bolt|spd|1
|
|-weather|none
|-end|p1a: Raging Bolt|Protosynthesis
|-heal|p1a: Raging Bolt|96/100|[from] item: Leftovers
|-heal|p2a: Blissey|100/100|[from] item: Leftovers
|upkeep
|turn|9
|j| Rakshards
|
|t:|1757868456
|move|p1a: Raging Bolt|Thunderbolt|p2a: Blissey
|-damage|p2a: Blissey|59/100
|move|p2a: Blissey|Calm Mind|p2a: Blissey
|-boost|p2a: Blissey|spa|1
|-boost|p2a: Blissey|spd|1
|
|-heal|p1a: Raging Bolt|100/100|[from] item: Leftovers
|-heal|p2a: Blissey|66/100|[from] item: Leftovers
|upkeep
|turn|10
|
|t:|1757868461
|move|p1a: Raging Bolt|Thunderbolt|p2a: Blissey
|-damage|p2a: Blissey|36/100
|move|p2a: Blissey|Soft-Boiled|p2a: Blissey
|-heal|p2a: Blissey|86/100
|
|-heal|p2a: Blissey|92/100|[from] item: Leftovers
|upkeep
|turn|11
|
|t:|1757868464
|move|p1a: Raging Bolt|Calm Mind|p1a: Raging Bolt
|-boost|p1a: Raging Bolt|spa|1
|-boost|p1a: Raging Bolt|spd|1
|move|p2a: Blissey|Calm Mind|p2a: Blissey
|-boost|p2a: Blissey|spa|1
|-boost|p2a: Blissey|spd|1
|
|-heal|p2a: Blissey|98/100|[from] item: Leftovers
|upkeep
|turn|12
|
|t:|1757868467
|move|p1a: Raging Bolt|Calm Mind|p1a: Raging Bolt
|-boost|p1a: Raging Bolt|spa|1
|-boost|p1a: Raging Bolt|spd|1
|move|p2a: Blissey|Calm Mind|p2a: Blissey
|-boost|p2a: Blissey|spa|1
|-boost|p2a: Blissey|spd|1
|
|-heal|p2a: Blissey|100/100|[from] item: Leftovers
|upkeep
|turn|13
|
|t:|1757868469
|move|p1a: Raging Bolt|Calm Mind|p1a: Raging Bolt
|-boost|p1a: Raging Bolt|spa|1
|-boost|p1a: Raging Bolt|spd|1
|move|p2a: Blissey|Calm Mind|p2a: Blissey
|-boost|p2a: Blissey|spa|1
|-boost|p2a: Blissey|spd|1
|
|upkeep
|turn|14
|
|t:|1757868471
|move|p1a: Raging Bolt|Thunderbolt|p2a: Blissey
|-damage|p2a: Blissey|79/100
|move|p2a: Blissey|Calm Mind|p2a: Blissey
|-boost|p2a: Blissey|spa|1
|-boost|p2a: Blissey|spd|1
|
|-heal|p2a: Blissey|85/100|[from] item: Leftovers
|upkeep
|turn|15
|
|t:|1757868475
|move|p1a: Raging Bolt|Thunderbolt|p2a: Blissey
|-damage|p2a: Blissey|66/100
|move|p2a: Blissey|Calm Mind|p2a: Blissey
|-boost|p2a: Blissey|spa|1
|-boost|p2a: Blissey|spd|1
|
|-heal|p2a: Blissey|72/100|[from] item: Leftovers
|upkeep
|turn|16
|
|t:|1757868479
|move|p1a: Raging Bolt|Thunderbolt|p2a: Blissey
|-damage|p2a: Blissey|54/100
|move|p2a: Blissey|Seismic Toss|p1a: Raging Bolt
|-damage|p1a: Raging Bolt|78/100
|
|-heal|p1a: Raging Bolt|85/100|[from] item: Leftovers
|-heal|p2a: Blissey|60/100|[from] item: Leftovers
|upkeep
|turn|17
|
|t:|1757868482
|move|p1a: Raging Bolt|Thunderbolt|p2a: Blissey
|-damage|p2a: Blissey|43/100
|move|p2a: Blissey|Soft-Boiled|p2a: Blissey
|-heal|p2a: Blissey|93/100
|
|-heal|p1a: Raging Bolt|91/100|[from] item: Leftovers
|-heal|p2a: Blissey|99/100|[from] item: Leftovers
|upkeep
|turn|18
|
|t:|1757868485
|move|p1a: Raging Bolt|Thunderbolt|p2a: Blissey
|-damage|p2a: Blissey|84/100
|move|p2a: Blissey|Seismic Toss|p1a: Raging Bolt
|-damage|p1a: Raging Bolt|69/100
|
|-heal|p1a: Raging Bolt|75/100|[from] item: Leftovers
|-heal|p2a: Blissey|90/100|[from] item: Leftovers
|upkeep
|turn|19
|
|t:|1757868488
|move|p1a: Raging Bolt|Thunderbolt|p2a: Blissey
|-damage|p2a: Blissey|72/100
|move|p2a: Blissey|Seismic Toss|p1a: Raging Bolt
|-damage|p1a: Raging Bolt|53/100
|
|-heal|p1a: Raging Bolt|59/100|[from] item: Leftovers
|-heal|p2a: Blissey|78/100|[from] item: Leftovers
|upkeep
|turn|20
|
|t:|1757868490
|move|p1a: Raging Bolt|Thunderbolt|p2a: Blissey
|-damage|p2a: Blissey|62/100
|move|p2a: Blissey|Seismic Toss|p1a: Raging Bolt
|-damage|p1a: Raging Bolt|37/100
|
|-heal|p1a: Raging Bolt|43/100|[from] item: Leftovers
|-heal|p2a: Blissey|69/100|[from] item: Leftovers
|upkeep
|turn|21
|
|t:|1757868496
|move|p1a: Raging Bolt|Thunderbolt|p2a: Blissey
|-damage|p2a: Blissey|53/100
|move|p2a: Blissey|Soft-Boiled|p2a: Blissey
|-heal|p2a: Blissey|100/100
|
|-heal|p1a: Raging Bolt|49/100|[from] item: Leftovers
|upkeep
|turn|22
|
|t:|1757868499
|move|p1a: Raging Bolt|Thunderbolt|p2a: Blissey
|-damage|p2a: Blissey|85/100
|move|p2a: Blissey|Seismic Toss|p1a: Raging Bolt
|-damage|p1a: Raging Bolt|27/100
|
|-heal|p1a: Raging Bolt|34/100|[from] item: Leftovers
|-heal|p2a: Blissey|91/100|[from] item: Leftovers
|upkeep
|turn|23
|
|t:|1757868504
|-end|p1a: Raging Bolt|Protosynthesis|[silent]
|switch|p1a: Torkoal|Torkoal, F|97/100
|-weather|SunnyDay|[from] ability: Drought|[of] p1a: Torkoal
|move|p2a: Blissey|Seismic Toss|p1a: Torkoal
|-damage|p1a: Torkoal|68/100
|
|-weather|SunnyDay|[upkeep]
|-heal|p2a: Blissey|98/100|[from] item: Leftovers
|upkeep
|turn|24
|
|t:|1757868511
|move|p2a: Blissey|Flamethrower|p1a: Torkoal
|-resisted|p1a: Torkoal
|-damage|p1a: Torkoal|22/100
|move|p1a: Torkoal|Stealth Rock|p2a: Blissey
|-sidestart|p2: bennyemerald|move: Stealth Rock
|
|-weather|SunnyDay|[upkeep]
|-heal|p2a: Blissey|100/100|[from] item: Leftovers
|upkeep
|turn|25
|
|t:|1757868525
|move|p2a: Blissey|Flamethrower|p1a: Torkoal
|-resisted|p1a: Torkoal
|-damage|p1a: Torkoal|0 fnt
|faint|p1a: Torkoal
|
|-weather|SunnyDay|[upkeep]
|upkeep
|
|t:|1757868530
|switch|p1a: Rillaboom|Rillaboom, F|100/100
|-fieldstart|move: Grassy Terrain|[from] ability: Grassy Surge|[of] p1a: Rillaboom
|turn|26
|
|t:|1757868553
|switch|p2a: Corviknight|Corviknight, M|100/100
|-damage|p2a: Corviknight|88/100|[from] Stealth Rock
|-ability|p2a: Corviknight|Pressure
|move|p1a: Rillaboom|U-turn|p2a: Corviknight
|-resisted|p2a: Corviknight
|-damage|p2a: Corviknight|82/100
|inactive|bidooofer has 120 seconds left.
|
|t:|1757868586
|switch|p1a: Raging Bolt|Raging Bolt, tera:Flying|34/100|[from] U-turn
|-activate|p1a: Raging Bolt|ability: Protosynthesis
|-start|p1a: Raging Bolt|protosynthesisspa
|
|-weather|SunnyDay|[upkeep]
|-heal|p1a: Raging Bolt|40/100|[from] item: Leftovers
|-heal|p2a: Corviknight|88/100|[from] item: Leftovers
|upkeep
|turn|27
|
|t:|1757868599
|switch|p2a: Blissey|Blissey, F|100/100
|-damage|p2a: Blissey|88/100|[from] Stealth Rock
|move|p1a: Raging Bolt|Calm Mind|p1a: Raging Bolt
|-boost|p1a: Raging Bolt|spa|1
|-boost|p1a: Raging Bolt|spd|1
|
|-weather|SunnyDay|[upkeep]
|-heal|p1a: Raging Bolt|46/100|[from] item: Leftovers
|-heal|p2a: Blissey|94/100|[from] Grassy Terrain
|-heal|p2a: Blissey|99/100|[from] item: Leftovers
|upkeep
|turn|28
|l| Rakshards
|
|t:|1757868606
|move|p1a: Raging Bolt|Thunderbolt|p2a: Blissey
|-damage|p2a: Blissey|69/100
|move|p2a: Blissey|Seismic Toss|p1a: Raging Bolt
|-damage|p1a: Raging Bolt|24/100
|
|-weather|SunnyDay|[upkeep]
|-heal|p1a: Raging Bolt|30/100|[from] item: Leftovers
|-heal|p2a: Blissey|75/100|[from] Grassy Terrain
|-heal|p2a: Blissey|82/100|[from] item: Leftovers
|upkeep
|turn|29
|
|t:|1757868616
|move|p1a: Raging Bolt|Thunderbolt|p2a: Blissey
|-damage|p2a: Blissey|52/100
|move|p2a: Blissey|Seismic Toss|p1a: Raging Bolt
|-damage|p1a: Raging Bolt|8/100
|
|-weather|SunnyDay|[upkeep]
|-heal|p1a: Raging Bolt|14/100|[from] item: Leftovers
|-heal|p2a: Blissey|58/100|[from] Grassy Terrain
|-heal|p2a: Blissey|64/100|[from] item: Leftovers
|upkeep
|turn|30
|
|t:|1757868621
|-end|p1a: Raging Bolt|Protosynthesis|[silent]
|switch|p1a: Rillaboom|Rillaboom, F|100/100
|move|p2a: Blissey|Soft-Boiled|p2a: Blissey
|-heal|p2a: Blissey|100/100
|
|-weather|none
|-fieldend|move: Grassy Terrain
|upkeep
|turn|31
|
|t:|1757868632
|switch|p2a: Corviknight|Corviknight, M|88/100
|-damage|p2a: Corviknight|76/100|[from] Stealth Rock
|-ability|p2a: Corviknight|Pressure
|move|p1a: Rillaboom|U-turn|p2a: Corviknight
|-resisted|p2a: Corviknight
|-damage|p2a: Corviknight|70/100
|
|t:|1757868637
|switch|p1a: Raging Bolt|Raging Bolt, tera:Flying|14/100|[from] U-turn
|
|-heal|p1a: Raging Bolt|20/100|[from] item: Leftovers
|-heal|p2a: Corviknight|76/100|[from] item: Leftovers
|upkeep
|turn|32
|
|t:|1757868652
|-end|p1a: Raging Bolt|Protosynthesis|[silent]
|switch|p1a: Rillaboom|Rillaboom, F|100/100
|-fieldstart|move: Grassy Terrain|[from] ability: Grassy Surge|[of] p1a: Rillaboom
|move|p2a: Corviknight|Brave Bird|p1a: Rillaboom
|-supereffective|p1a: Rillaboom
|-damage|p1a: Rillaboom|15/100
|-damage|p2a: Corviknight|52/100|[from] Recoil
|
|-heal|p1a: Rillaboom|22/100|[from] Grassy Terrain
|-heal|p2a: Corviknight|58/100|[from] item: Leftovers
|upkeep
|turn|33
|-message|bidooofer forfeited.
|
|win|bennyemerald
|raw|bidooofer's rating: 1601 &rarr; <strong>1578</strong><br />(-23 for losing)
|raw|bennyemerald's rating: 1551 &rarr; <strong>1574</strong><br />(+23 for winning)
|l|☆bidooofer
|player|p1|
