|j|☆skyking48
|j|☆drew1750
|t:|1757952328
|gametype|singles
|player|p1|skyking48|veteran|1164
|player|p2|drew1750|101|1199
|gen|9
|tier|[Gen 9] OU
|rated|
|rule|HP Percentage Mod: HP is shown in percentages
|rule|Endless Battle Clause: Forcing endless battles is banned
|rule|Species Clause: Limit one of each Pokémon
|rule|OHKO Clause: OHKO moves are banned
|rule|Evasion Items Clause: Evasion items are banned
|rule|Evasion Moves Clause: Evasion moves are banned
|rule|Evasion Abilities Clause: Evasion abilities are banned
|rule|Sleep Moves Clause: Sleep-inducing moves are banned
|clearpoke
|poke|p1|Garchomp, F|
|poke|p1|Blaziken, M|
|poke|p1|Quaquaval, M|
|poke|p1|Ogerpon, F|
|poke|p1|Corviknight, F|
|poke|p1|Swalot, M|
|poke|p2|Pecharunt|
|poke|p2|Appletun, M|
|poke|p2|Kommo-o, M|
|poke|p2|Moltres-Galar|
|poke|p2|Kleavor, M|
|poke|p2|Dondozo, M|
|teampreview
|inactive|Battle timer is ON: inactive players will automatically lose when time's up. (requested by drew1750)
|c|☆skyking48|Hello
|
|t:|1757952348
|teamsize|p1|6
|teamsize|p2|6
|start
|switch|p1a: Garchomp|Garchomp, F|100/100
|switch|p2a: Kleavor|Kleavor, M|100/100
|turn|1
|
|t:|1757952356
|move|p2a: Kleavor|Stone Axe|p1a: Garchomp
|-resisted|p1a: Garchomp
|-damage|p1a: Garchomp|77/100
|-damage|p2a: Kleavor|88/100|[from] ability: Rough Skin|[of] p1a: Garchomp
|-damage|p2a: Kleavor|71/100|[from] item: Rocky Helmet|[of] p1a: Garchomp
|-sidestart|p1: skyking48|move: Stealth Rock
|move|p1a: Garchomp|Stealth Rock|p2a: Kleavor
|-sidestart|p2: drew1750|move: Stealth Rock
|
|upkeep
|turn|2
|
|t:|1757952381
|switch|p2a: Dondozo|Dondozo, M|100/100
|-damage|p2a: Dondozo|88/100|[from] Stealth Rock
|move|p1a: Garchomp|Iron Head|p2a: Dondozo
|-resisted|p2a: Dondozo
|-damage|p2a: Dondozo|82/100
|
|-heal|p2a: Dondozo|88/100|[from] item: Leftovers
|upkeep
|turn|3
|inactive|skyking48 has 120 seconds left.
|
|t:|1757952400
|switch|p1a: Ogerpon|Ogerpon, F|100/100
|-damage|p1a: Ogerpon|88/100|[from] Stealth Rock
|move|p2a: Dondozo|Curse|p2a: Dondozo
|-unboost|p2a: Dondozo|spe|1
|-boost|p2a: Dondozo|atk|1
|-boost|p2a: Dondozo|def|1
|
|-heal|p2a: Dondozo|94/100|[from] item: Leftovers
|upkeep
|turn|4
|inactive|skyking48 has 120 seconds left.
|inactive|drew1750 has 120 seconds left.
|
|t:|1757952439
|switch|p2a: Appletun|Appletun, M|100/100
|-damage|p2a: Appletun|88/100|[from] Stealth Rock
|move|p1a: Ogerpon|Ivy Cudgel|p2a: Appletun
|-resisted|p2a: Appletun
|-damage|p2a: Appletun|72/100
|-damage|p1a: Ogerpon|78/100|[from] item: Life Orb
|
|-heal|p2a: Appletun|78/100|[from] item: Leftovers
|upkeep
|turn|5
|inactive|skyking48 has 120 seconds left.
|
|t:|1757952455
|move|p1a: Ogerpon|Knock Off|p2a: Appletun
|-damage|p2a: Appletun|36/100
|-enditem|p2a: Appletun|Leftovers|[from] move: Knock Off|[of] p1a: Ogerpon
|-damage|p1a: Ogerpon|68/100|[from] item: Life Orb
|move|p2a: Appletun|Iron Defense|p2a: Appletun
|-boost|p2a: Appletun|def|2
|
|upkeep
|turn|6
|inactive|skyking48 has 120 seconds left.
|
|t:|1757952479
|switch|p1a: Quaquaval|Quaquaval, M|100/100
|-damage|p1a: Quaquaval|94/100|[from] Stealth Rock
|move|p2a: Appletun|Iron Defense|p2a: Appletun
|-boost|p2a: Appletun|def|2
|
|upkeep
|turn|7
|
|t:|1757952489
|move|p1a: Quaquaval|Rapid Spin|p2a: Appletun
|-damage|p2a: Appletun|30/100
|-boost|p1a: Quaquaval|spe|1
|-sideend|p1: skyking48|Stealth Rock|[from] move: Rapid Spin|[of] p1a: Quaquaval
|move|p2a: Appletun|Apple Acid|p1a: Quaquaval
|-supereffective|p1a: Quaquaval
|-damage|p1a: Quaquaval|46/100
|-unboost|p1a: Quaquaval|spd|1
|
|upkeep
|turn|8
|inactive|drew1750 has 120 seconds left.
|
|t:|1757952511
|move|p1a: Quaquaval|Triple Axel|p2a: Appletun
|-supereffective|p2a: Appletun
|-damage|p2a: Appletun|24/100
|-supereffective|p2a: Appletun
|-damage|p2a: Appletun|14/100
|-hitcount|p2a: Appletun|2
|move|p2a: Appletun|Iron Defense|p2a: Appletun
|-boost|p2a: Appletun|def|2
|
|upkeep
|turn|9
|inactive|skyking48 has 120 seconds left.
|
|t:|1757952520
|move|p1a: Quaquaval|Triple Axel|p2a: Appletun
|-supereffective|p2a: Appletun
|-crit|p2a: Appletun
|-damage|p2a: Appletun|0 fnt
|faint|p2a: Appletun
|-ability|p1a: Quaquaval|Moxie|boost
|-boost|p1a: Quaquaval|atk|1
|-hitcount|p2: Appletun|1
|
|upkeep
|
|t:|1757952530
|switch|p2a: Dondozo|Dondozo, M|94/100
|-damage|p2a: Dondozo|82/100|[from] Stealth Rock
|turn|10
|
|t:|1757952539
|move|p1a: Quaquaval|Close Combat|p2a: Dondozo
|-damage|p2a: Dondozo|45/100
|-unboost|p1a: Quaquaval|def|1
|-unboost|p1a: Quaquaval|spd|1
|move|p2a: Dondozo|Curse|p2a: Dondozo
|-unboost|p2a: Dondozo|spe|1
|-boost|p2a: Dondozo|atk|1
|-boost|p2a: Dondozo|def|1
|
|-heal|p2a: Dondozo|51/100|[from] item: Leftovers
|upkeep
|turn|11
|
|t:|1757952561
|switch|p1a: Ogerpon|Ogerpon, F|68/100
|move|p2a: Dondozo|Curse|p2a: Dondozo
|-unboost|p2a: Dondozo|spe|1
|-boost|p2a: Dondozo|atk|1
|-boost|p2a: Dondozo|def|1
|
|-heal|p2a: Dondozo|57/100|[from] item: Leftovers
|upkeep
|turn|12
|
|t:|1757952569
|-terastallize|p2a: Dondozo|Poison
|move|p1a: Ogerpon|Encore|p2a: Dondozo
|-start|p2a: Dondozo|Encore
|move|p2a: Dondozo|Curse|p2a: Dondozo
|-unboost|p2a: Dondozo|spe|1
|-boost|p2a: Dondozo|atk|1
|-boost|p2a: Dondozo|def|1
|
|-heal|p2a: Dondozo|63/100|[from] item: Leftovers
|upkeep
|turn|13
|
|t:|1757952594
|switch|p2a: Pecharunt|Pecharunt|100/100
|-damage|p2a: Pecharunt|88/100|[from] Stealth Rock
|move|p1a: Ogerpon|Knock Off|p2a: Pecharunt
|-supereffective|p2a: Pecharunt
|-damage|p2a: Pecharunt|42/100
|-enditem|p2a: Pecharunt|Leftovers|[from] move: Knock Off|[of] p1a: Ogerpon
|-damage|p1a: Ogerpon|58/100|[from] item: Life Orb
|
|upkeep
|turn|14
|
|t:|1757952617
|move|p1a: Ogerpon|Ivy Cudgel|p2a: Pecharunt
|-resisted|p2a: Pecharunt
|-damage|p2a: Pecharunt|22/100
|-damage|p1a: Ogerpon|48/100|[from] item: Life Orb
|move|p2a: Pecharunt|Malignant Chain|p1a: Ogerpon
|-supereffective|p1a: Ogerpon
|-damage|p1a: Ogerpon|0 fnt
|faint|p1a: Ogerpon
|
|upkeep
|inactive|skyking48 has 120 seconds left.
|
|t:|1757952643
|switch|p1a: Quaquaval|Quaquaval, M|46/100
|turn|15
|inactive|drew1750 has 120 seconds left.
|
|t:|1757952691
|move|p1a: Quaquaval|Aqua Step|p2a: Pecharunt
|-damage|p2a: Pecharunt|0 fnt
|-boost|p1a: Quaquaval|spe|1
|faint|p2a: Pecharunt
|-ability|p1a: Quaquaval|Moxie|boost
|-boost|p1a: Quaquaval|atk|1
|
|upkeep
|
|t:|1757952696
|switch|p2a: Dondozo|Dondozo, M, tera:Poison|63/100
|-damage|p2a: Dondozo|51/100|[from] Stealth Rock
|turn|16
|inactive|skyking48 has 120 seconds left.
|
|t:|1757952706
|move|p1a: Quaquaval|Close Combat|p2a: Dondozo
|-resisted|p2a: Dondozo
|-crit|p2a: Dondozo
|-damage|p2a: Dondozo|22/100
|-unboost|p1a: Quaquaval|def|1
|-unboost|p1a: Quaquaval|spd|1
|move|p2a: Dondozo|Liquidation|p1a: Quaquaval
|-resisted|p1a: Quaquaval
|-damage|p1a: Quaquaval|26/100
|
|-heal|p2a: Dondozo|28/100|[from] item: Leftovers
|upkeep
|turn|17
|inactive|skyking48 has 120 seconds left.
|inactive|drew1750 has 120 seconds left.
|
|t:|1757952729
|switch|p1a: Corviknight|Corviknight, F|100/100
|move|p2a: Dondozo|Rest|p2a: Dondozo
|-status|p2a: Dondozo|slp|[from] move: Rest
|-heal|p2a: Dondozo|100/100 slp|[silent]
|
|upkeep
|turn|18
|
|t:|1757952737
|move|p1a: Corviknight|Nasty Plot|p1a: Corviknight
|-boost|p1a: Corviknight|spa|2
|cant|p2a: Dondozo|slp
|move|p2a: Dondozo|Sleep Talk|p2a: Dondozo
|move|p2a: Dondozo|Liquidation|p1a: Corviknight|[from] move: Sleep Talk
|-damage|p1a: Corviknight|75/100
|
|-heal|p1a: Corviknight|81/100|[from] item: Leftovers
|upkeep
|turn|19
|inactive|drew1750 has 120 seconds left.
|inactive|drew1750 has 90 seconds left.
|
|t:|1757952773
|move|p1a: Corviknight|Flash Cannon|p2a: Dondozo
|-damage|p2a: Dondozo|80/100 slp
|cant|p2a: Dondozo|slp
|move|p2a: Dondozo|Sleep Talk|p2a: Dondozo
|move|p2a: Dondozo|Liquidation|p1a: Corviknight|[from] move: Sleep Talk
|-damage|p1a: Corviknight|57/100
|
|-heal|p1a: Corviknight|63/100|[from] item: Leftovers
|-heal|p2a: Dondozo|86/100 slp|[from] item: Leftovers
|upkeep
|turn|20
|
|t:|1757952796
|move|p1a: Corviknight|Nasty Plot|p1a: Corviknight
|-boost|p1a: Corviknight|spa|2
|-curestatus|p2a: Dondozo|slp|[msg]
|move|p2a: Dondozo|Curse|p2a: Dondozo
|-unboost|p2a: Dondozo|spe|1
|-boost|p2a: Dondozo|atk|1
|-boost|p2a: Dondozo|def|1
|
|-heal|p1a: Corviknight|69/100|[from] item: Leftovers
|-heal|p2a: Dondozo|92/100|[from] item: Leftovers
|upkeep
|turn|21
|
|t:|1757952810
|move|p1a: Corviknight|Hurricane|p2a: Dondozo
|-damage|p2a: Dondozo|68/100
|move|p2a: Dondozo|Curse|p2a: Dondozo
|-unboost|p2a: Dondozo|spe|1
|-boost|p2a: Dondozo|atk|1
|-boost|p2a: Dondozo|def|1
|
|-heal|p1a: Corviknight|75/100|[from] item: Leftovers
|-heal|p2a: Dondozo|74/100|[from] item: Leftovers
|upkeep
|turn|22
|inactive|skyking48 has 90 seconds left.
|
|t:|1757952825
|switch|p1a: Blaziken|Blaziken, M|100/100
|move|p2a: Dondozo|Curse|p2a: Dondozo
|-unboost|p2a: Dondozo|spe|1
|-boost|p2a: Dondozo|atk|1
|-boost|p2a: Dondozo|def|1
|
|-heal|p2a: Dondozo|80/100|[from] item: Leftovers
|upkeep
|turn|23
|inactive|skyking48 has 90 seconds left.
|
|t:|1757952837
|move|p1a: Blaziken|Focus Energy|p1a: Blaziken
|-start|p1a: Blaziken|move: Focus Energy
|move|p2a: Dondozo|Liquidation|p1a: Blaziken
|-supereffective|p1a: Blaziken
|-damage|p1a: Blaziken|0 fnt
|faint|p1a: Blaziken
|
|-heal|p2a: Dondozo|86/100|[from] item: Leftovers
|upkeep
|inactive|skyking48 has 90 seconds left.
|
|t:|1757952854
|switch|p1a: Corviknight|Corviknight, F|75/100
|turn|24
|
|t:|1757952861
|-terastallize|p1a: Corviknight|Water
|move|p1a: Corviknight|Nasty Plot|p1a: Corviknight
|-boost|p1a: Corviknight|spa|2
|move|p2a: Dondozo|Curse|p2a: Dondozo
|-unboost|p2a: Dondozo|spe|1
|-boost|p2a: Dondozo|atk|1
|-boost|p2a: Dondozo|def|1
|
|-heal|p1a: Corviknight|81/100|[from] item: Leftovers
|-heal|p2a: Dondozo|92/100|[from] item: Leftovers
|upkeep
|turn|25
|inactive|skyking48 has 90 seconds left.
|
|t:|1757952872
|move|p1a: Corviknight|Nasty Plot|p1a: Corviknight
|-boost|p1a: Corviknight|spa|2
|move|p2a: Dondozo|Curse|p2a: Dondozo
|-unboost|p2a: Dondozo|spe|1
|-boost|p2a: Dondozo|atk|1
|-boost|p2a: Dondozo|def|1
|
|-heal|p1a: Corviknight|87/100|[from] item: Leftovers
|-heal|p2a: Dondozo|98/100|[from] item: Leftovers
|upkeep
|turn|26
|
|t:|1757952881
|move|p1a: Corviknight|Nasty Plot|p1a: Corviknight
|-boost|p1a: Corviknight|spa|2
|move|p2a: Dondozo|Curse|p2a: Dondozo
|-unboost|p2a: Dondozo|spe|1
|-boost|p2a: Dondozo|atk|1
|-boost|p2a: Dondozo|def|1
|
|-heal|p1a: Corviknight|93/100|[from] item: Leftovers
|-heal|p2a: Dondozo|100/100|[from] item: Leftovers
|upkeep
|turn|27
|
|t:|1757952896
|move|p1a: Corviknight|Tera Blast|p2a: Dondozo|[anim] Tera Blast Water
|-damage|p2a: Dondozo|82/100
|move|p2a: Dondozo|Liquidation|p1a: Corviknight
|-resisted|p1a: Corviknight
|-damage|p1a: Corviknight|41/100
|
|-heal|p1a: Corviknight|47/100|[from] item: Leftovers
|-heal|p2a: Dondozo|88/100|[from] item: Leftovers
|upkeep
|turn|28
|
|t:|1757952906
|move|p1a: Corviknight|Flash Cannon|p2a: Dondozo
|-damage|p2a: Dondozo|68/100
|move|p2a: Dondozo|Liquidation|p1a: Corviknight
|-resisted|p1a: Corviknight
|-damage|p1a: Corviknight|1/100
|
|-heal|p1a: Corviknight|7/100|[from] item: Leftovers
|-heal|p2a: Dondozo|74/100|[from] item: Leftovers
|upkeep
|turn|29
|
|t:|1757952914
|move|p1a: Corviknight|Flash Cannon|p2a: Dondozo
|-damage|p2a: Dondozo|53/100
|move|p2a: Dondozo|Liquidation|p1a: Corviknight
|-resisted|p1a: Corviknight
|-damage|p1a: Corviknight|0 fnt
|faint|p1a: Corviknight
|
|-heal|p2a: Dondozo|60/100|[from] item: Leftovers
|upkeep
|
|t:|1757952927
|switch|p1a: Garchomp|Garchomp, F|77/100
|turn|30
|
|t:|1757952931
|move|p1a: Garchomp|Iron Head|p2a: Dondozo
|-damage|p2a: Dondozo|56/100
|cant|p2a: Dondozo|flinch
|
|-heal|p2a: Dondozo|62/100|[from] item: Leftovers
|upkeep
|turn|31
|
|t:|1757952940
|switch|p1a: Swalot|Swalot, M|100/100
|move|p2a: Dondozo|Liquidation|p1a: Swalot
|-damage|p1a: Swalot|20/100
|-enditem|p1a: Swalot|Starf Berry|[eat]
|-boost|p1a: Swalot|spe|2|[from] item: Starf Berry
|
|-heal|p2a: Dondozo|68/100|[from] item: Leftovers
|upkeep
|turn|32
|inactive|skyking48 has 120 seconds left.
|c|☆skyking48|gg
|-message|skyking48 forfeited.
|
|win|drew1750
|raw|skyking48's rating: 1164 &rarr; <strong>1142</strong><br />(-22 for losing)
|raw|drew1750's rating: 1199 &rarr; <strong>1221</strong><br />(+22 for winning)
|l|☆skyking48
|player|p1|
|l|☆drew1750
|player|p2|
