|j|☆Partynparadise
|j|☆Ace1122334
|t:|1757811135
|gametype|singles
|player|p1|Partynparadise|brock|1502
|player|p2|Ace1122334|2|1552
|gen|9
|tier|[Gen 9] OU
|rated|
|rule|HP Percentage Mod: HP is shown in percentages
|rule|Endless Battle Clause: Forcing endless battles is banned
|rule|Species Clause: Limit one of each Pokémon
|rule|OHKO Clause: OHKO moves are banned
|rule|Evasion Items Clause: Evasion items are banned
|rule|Evasion Moves Clause: Evasion moves are banned
|rule|Evasion Abilities Clause: Evasion abilities are banned
|rule|Sleep Moves Clause: Sleep-inducing moves are banned
|clearpoke
|poke|p1|Great Tusk|
|poke|p1|Kyurem|
|poke|p1|Slowking-Galar, M|
|poke|p1|Moltres|
|poke|p1|Iron Valiant|
|poke|p1|Darkrai|
|poke|p2|Ting-Lu|
|poke|p2|Kyurem|
|poke|p2|Blissey, F|
|poke|p2|Corviknight, F|
|poke|p2|Dondozo, M|
|poke|p2|Forretress, F|
|teampreview
|inactive|Battle timer is ON: inactive players will automatically lose when time's up. (requested by Ace1122334)
|
|t:|1757811149
|teamsize|p1|6
|teamsize|p2|6
|start
|switch|p1a: Darkrai|Darkrai|100/100
|switch|p2a: Kyurem|Kyurem|100/100
|-ability|p2a: Kyurem|Pressure
|turn|1
|
|t:|1757811156
|switch|p1a: Slowking|Slowking-Galar, M|100/100
|move|p2a: Kyurem|Draco Meteor|p1a: Slowking
|-damage|p1a: Slowking|40/100
|-unboost|p2a: Kyurem|spa|2
|
|upkeep
|turn|2
|
|t:|1757811164
|move|p2a: Kyurem|Draco Meteor|p1a: Slowking
|-damage|p1a: Slowking|13/100
|-unboost|p2a: Kyurem|spa|2
|-prepare|p1a: Slowking|Chilly Reception|[premajor]
|move|p1a: Slowking|Chilly Reception|p1a: Slowking
|-weather|Snowscape
|
|t:|1757811172
|switch|p1a: Kyurem|Kyurem, shiny|100/100|[from] Chilly Reception
|-ability|p1a: Kyurem|Pressure
|
|-weather|Snowscape|[upkeep]
|upkeep
|turn|3
|inactive|Ace1122334 has 120 seconds left.
|
|t:|1757811213
|switch|p2a: Corviknight|Corviknight, F|100/100
|-ability|p2a: Corviknight|Pressure
|switch|p1a: Slowking|Slowking-Galar, M|46/100
|
|-weather|Snowscape|[upkeep]
|upkeep
|turn|4
|l|☆Partynparadise
|inactive|Partynparadise disconnected and has a minute to reconnect!
|player|p1|
|j|☆Partynparadise
|inactive|Partynparadise reconnected and has 135 seconds left.
|player|p1|Partynparadise|brock|
|
|t:|1757811236
|switch|p1a: Moltres|Moltres|100/100
|move|p2a: Corviknight|U-turn|p1a: Moltres
|-resisted|p1a: Moltres
|-damage|p1a: Moltres|98/100
|
|t:|1757811245
|switch|p2a: Blissey|Blissey, F|100/100|[from] U-turn
|
|-weather|Snowscape|[upkeep]
|upkeep
|turn|5
|
|t:|1757811250
|move|p1a: Moltres|U-turn|p2a: Blissey
|-damage|p2a: Blissey|68/100
|
|t:|1757811253
|switch|p1a: Great Tusk|Great Tusk|100/100|[from] U-turn
|move|p2a: Blissey|Stealth Rock|p1a: Great Tusk
|-sidestart|p1: Partynparadise|move: Stealth Rock
|
|-weather|Snowscape|[upkeep]
|upkeep
|turn|6
|
|t:|1757811262
|switch|p2a: Forretress|Forretress, F|100/100
|move|p1a: Great Tusk|Rapid Spin|p2a: Forretress
|-resisted|p2a: Forretress
|-damage|p2a: Forretress|95/100
|-boost|p1a: Great Tusk|spe|1
|-sideend|p1: Partynparadise|Stealth Rock|[from] move: Rapid Spin|[of] p1a: Great Tusk
|
|-weather|none
|upkeep
|turn|7
|
|t:|1757811268
|move|p1a: Great Tusk|Knock Off|p2a: Forretress
|-damage|p2a: Forretress|76/100
|-enditem|p2a: Forretress|Heavy-Duty Boots|[from] move: Knock Off|[of] p1a: Great Tusk
|move|p2a: Forretress|Spikes|p1a: Great Tusk
|-sidestart|p1: Partynparadise|Spikes
|
|upkeep
|turn|8
|
|t:|1757811284
|switch|p2a: Dondozo|Dondozo, M|100/100
|move|p1a: Great Tusk|Stealth Rock|p2a: Dondozo
|-sidestart|p2: Ace1122334|move: Stealth Rock
|
|upkeep
|turn|9
|
|t:|1757811289
|switch|p2a: Corviknight|Corviknight, F|100/100
|-damage|p2a: Corviknight|88/100|[from] Stealth Rock
|-ability|p2a: Corviknight|Pressure
|move|p1a: Great Tusk|Knock Off|p2a: Corviknight
|-damage|p2a: Corviknight|64/100
|-damage|p1a: Great Tusk|84/100|[from] item: Rocky Helmet|[of] p2a: Corviknight
|-enditem|p2a: Corviknight|Rocky Helmet|[from] move: Knock Off|[of] p1a: Great Tusk
|
|upkeep
|turn|10
|
|t:|1757811293
|move|p1a: Great Tusk|Close Combat|p2a: Corviknight
|-damage|p2a: Corviknight|21/100
|-unboost|p1a: Great Tusk|def|1
|-unboost|p1a: Great Tusk|spd|1
|move|p2a: Corviknight|Defog|p1a: Great Tusk
|-unboost|p1a: Great Tusk|evasion|1
|-sideend|p1: Partynparadise|Spikes|[from] move: Defog|[of] p2a: Corviknight
|-sideend|p2: Ace1122334|Stealth Rock|[from] move: Defog|[of] p2a: Corviknight
|
|upkeep
|turn|11
|
|t:|1757811303
|switch|p2a: Dondozo|Dondozo, M|100/100
|move|p1a: Great Tusk|Close Combat|p2a: Dondozo
|-damage|p2a: Dondozo|69/100
|-unboost|p1a: Great Tusk|def|1
|-unboost|p1a: Great Tusk|spd|1
|
|-heal|p2a: Dondozo|75/100|[from] item: Leftovers
|upkeep
|turn|12
|
|t:|1757811315
|-end|p1a: Great Tusk|Protosynthesis|[silent]
|switch|p1a: Slowking|Slowking-Galar, M|79/100
|move|p2a: Dondozo|Avalanche|p1a: Slowking
|-damage|p1a: Slowking|64/100
|
|-heal|p2a: Dondozo|81/100|[from] item: Leftovers
|upkeep
|turn|13
|
|t:|1757811319
|switch|p2a: Corviknight|Corviknight, F|21/100
|-ability|p2a: Corviknight|Pressure
|-prepare|p1a: Slowking|Chilly Reception|[premajor]
|move|p1a: Slowking|Chilly Reception|p1a: Slowking
|-weather|Snowscape
|
|t:|1757811332
|switch|p1a: Darkrai|Darkrai|100/100|[from] Chilly Reception
|
|-weather|Snowscape|[upkeep]
|upkeep
|turn|14
|
|t:|1757811336
|switch|p2a: Blissey|Blissey, F|68/100
|move|p1a: Darkrai|Trick|p2a: Blissey
|-activate|p1a: Darkrai|move: Trick|[of] p2a: Blissey
|-item|p2a: Blissey|Choice Scarf|[from] move: Trick
|-item|p1a: Darkrai|Heavy-Duty Boots|[from] move: Trick
|
|-weather|Snowscape|[upkeep]
|upkeep
|turn|15
|
|t:|1757811348
|switch|p1a: Slowking|Slowking-Galar, M|98/100
|move|p2a: Blissey|Soft-Boiled|p2a: Blissey
|-heal|p2a: Blissey|100/100
|
|-weather|Snowscape|[upkeep]
|upkeep
|turn|16
|
|t:|1757811357
|switch|p2a: Ting-Lu|Ting-Lu|100/100
|-ability|p2a: Ting-Lu|Vessel of Ruin
|-prepare|p1a: Slowking|Chilly Reception|[premajor]
|move|p1a: Slowking|Chilly Reception|p1a: Slowking
|
|t:|1757811363
|switch|p1a: Kyurem|Kyurem, shiny|100/100|[from] Chilly Reception
|-ability|p1a: Kyurem|Pressure
|
|-weather|Snowscape|[upkeep]
|upkeep
|turn|17
|
|t:|1757811378
|switch|p2a: Blissey|Blissey, F|100/100
|move|p1a: Kyurem|Substitute|p1a: Kyurem
|-start|p1a: Kyurem|Substitute
|-damage|p1a: Kyurem|76/100
|
|-weather|none
|-heal|p1a: Kyurem|82/100|[from] item: Leftovers
|upkeep
|turn|18
|
|t:|1757811387
|move|p1a: Kyurem|Protect|p1a: Kyurem
|-singleturn|p1a: Kyurem|Protect
|move|p2a: Blissey|Seismic Toss|p1a: Kyurem
|-activate|p1a: Kyurem|move: Protect
|
|-heal|p1a: Kyurem|88/100|[from] item: Leftovers
|upkeep
|turn|19
|
|t:|1757811396
|move|p1a: Kyurem|Freeze-Dry|p2a: Blissey
|-damage|p2a: Blissey|88/100
|move|p2a: Blissey|Seismic Toss|p1a: Kyurem
|-activate|p1a: Kyurem|move: Substitute|[damage]
|
|-heal|p1a: Kyurem|94/100|[from] item: Leftovers
|upkeep
|turn|20
|
|t:|1757811410
|switch|p1a: Slowking|Slowking-Galar, M|100/100
|move|p2a: Blissey|Seismic Toss|p1a: Slowking
|-damage|p1a: Slowking|75/100
|
|upkeep
|turn|21
|
|t:|1757811429
|switch|p2a: Ting-Lu|Ting-Lu|100/100
|-ability|p2a: Ting-Lu|Vessel of Ruin
|move|p1a: Slowking|Flamethrower|p2a: Ting-Lu
|-damage|p2a: Ting-Lu|87/100
|
|upkeep
|turn|22
|
|t:|1757811441
|move|p2a: Ting-Lu|Earthquake|p1a: Slowking
|-supereffective|p1a: Slowking
|-damage|p1a: Slowking|0 fnt
|faint|p1a: Slowking
|
|upkeep
|
|t:|1757811446
|switch|p1a: Great Tusk|Great Tusk|84/100
|turn|23
|
|t:|1757811475
|switch|p2a: Dondozo|Dondozo, M|81/100
|move|p1a: Great Tusk|Close Combat|p2a: Dondozo
|-damage|p2a: Dondozo|50/100
|-unboost|p1a: Great Tusk|def|1
|-unboost|p1a: Great Tusk|spd|1
|
|-heal|p2a: Dondozo|57/100|[from] item: Leftovers
|upkeep
|turn|24
|
|t:|1757811491
|move|p1a: Great Tusk|Knock Off|p2a: Dondozo
|-damage|p2a: Dondozo|40/100
|-enditem|p2a: Dondozo|Leftovers|[from] move: Knock Off|[of] p1a: Great Tusk
|move|p2a: Dondozo|Body Press|p1a: Great Tusk
|-damage|p1a: Great Tusk|63/100
|-damage|p2a: Dondozo|24/100|[from] item: Rocky Helmet|[of] p1a: Great Tusk
|
|upkeep
|turn|25
|inactive|Ace1122334 has 120 seconds left.
|
|t:|1757811520
|move|p1a: Great Tusk|Close Combat|p2a: Dondozo
|-damage|p2a: Dondozo|0 fnt
|-unboost|p1a: Great Tusk|def|1
|-unboost|p1a: Great Tusk|spd|1
|faint|p2a: Dondozo
|
|upkeep
|
|t:|1757811523
|switch|p2a: Kyurem|Kyurem|100/100
|-ability|p2a: Kyurem|Pressure
|turn|26
|inactive|Ace1122334 has 120 seconds left.
|
|t:|1757811537
|-end|p1a: Great Tusk|Protosynthesis|[silent]
|switch|p1a: Moltres|Moltres|98/100
|move|p2a: Kyurem|Ice Beam|p1a: Moltres
|-damage|p1a: Moltres|21/100
|
|upkeep
|turn|27
|
|t:|1757811548
|move|p2a: Kyurem|Ice Beam|p1a: Moltres
|-damage|p1a: Moltres|0 fnt
|faint|p1a: Moltres
|
|upkeep
|
|t:|1757811554
|switch|p1a: Kyurem|Kyurem, shiny|94/100
|-ability|p1a: Kyurem|Pressure
|turn|28
|
|t:|1757811564
|-terastallize|p2a: Kyurem|Ice
|move|p1a: Kyurem|Protect|p1a: Kyurem
|-singleturn|p1a: Kyurem|Protect
|move|p2a: Kyurem|Ice Beam|p1a: Kyurem
|-activate|p1a: Kyurem|move: Protect
|
|-heal|p1a: Kyurem|99/100|[from] item: Leftovers
|upkeep
|turn|29
|
|t:|1757811578
|-terastallize|p1a: Kyurem|Ice
|move|p2a: Kyurem|Ice Beam|p1a: Kyurem
|-resisted|p1a: Kyurem
|-damage|p1a: Kyurem|61/100
|move|p1a: Kyurem|Substitute|p1a: Kyurem
|-start|p1a: Kyurem|Substitute
|-damage|p1a: Kyurem|36/100
|
|-heal|p1a: Kyurem|42/100|[from] item: Leftovers
|upkeep
|turn|30
|
|t:|1757811581
|move|p1a: Kyurem|Protect|p1a: Kyurem
|-singleturn|p1a: Kyurem|Protect
|move|p2a: Kyurem|Ice Beam|p1a: Kyurem
|-activate|p1a: Kyurem|move: Protect
|
|-heal|p1a: Kyurem|48/100|[from] item: Leftovers
|upkeep
|turn|31
|
|t:|1757811592
|switch|p2a: Blissey|Blissey, F|88/100
|move|p1a: Kyurem|Freeze-Dry|p2a: Blissey
|-damage|p2a: Blissey|72/100
|-status|p2a: Blissey|frz
|
|-heal|p1a: Kyurem|54/100|[from] item: Leftovers
|upkeep
|turn|32
|
|t:|1757811598
|move|p1a: Kyurem|Freeze-Dry|p2a: Blissey
|-damage|p2a: Blissey|57/100 frz
|cant|p2a: Blissey|frz
|
|-heal|p1a: Kyurem|61/100|[from] item: Leftovers
|upkeep
|turn|33
|
|t:|1757811602
|switch|p1a: Great Tusk|Great Tusk|63/100
|cant|p2a: Blissey|frz
|
|upkeep
|turn|34
|
|t:|1757811614
|-curestatus|p2a: Blissey|frz|[from] ability: Natural Cure
|switch|p2a: Forretress|Forretress, F|76/100
|move|p1a: Great Tusk|Close Combat|p2a: Forretress
|-damage|p2a: Forretress|39/100
|-unboost|p1a: Great Tusk|def|1
|-unboost|p1a: Great Tusk|spd|1
|
|upkeep
|turn|35
|
|t:|1757811620
|move|p1a: Great Tusk|Stealth Rock|p2a: Forretress
|-sidestart|p2: Ace1122334|move: Stealth Rock
|move|p2a: Forretress|Spikes|p1a: Great Tusk
|-sidestart|p1: Partynparadise|Spikes
|
|upkeep
|turn|36
|
|t:|1757811623
|move|p1a: Great Tusk|Rapid Spin|p2a: Forretress
|-resisted|p2a: Forretress
|-damage|p2a: Forretress|34/100
|-boost|p1a: Great Tusk|spe|1
|-sideend|p1: Partynparadise|Spikes|[from] move: Rapid Spin|[of] p1a: Great Tusk
|move|p2a: Forretress|Rapid Spin|p1a: Great Tusk
|-damage|p1a: Great Tusk|51/100
|-boost|p2a: Forretress|spe|1
|-damage|p2a: Forretress|17/100|[from] item: Rocky Helmet|[of] p1a: Great Tusk
|-sideend|p2: Ace1122334|Stealth Rock|[from] move: Rapid Spin|[of] p2a: Forretress
|
|upkeep
|turn|37
|
|t:|1757811625
|move|p1a: Great Tusk|Close Combat|p2a: Forretress
|-damage|p2a: Forretress|0 fnt
|-unboost|p1a: Great Tusk|def|1
|-unboost|p1a: Great Tusk|spd|1
|faint|p2a: Forretress
|
|upkeep
|
|t:|1757811633
|switch|p2a: Ting-Lu|Ting-Lu|87/100
|-ability|p2a: Ting-Lu|Vessel of Ruin
|turn|38
|
|t:|1757811641
|-end|p1a: Great Tusk|Protosynthesis|[silent]
|switch|p1a: Kyurem|Kyurem, shiny, tera:Ice|61/100
|-ability|p1a: Kyurem|Pressure
|move|p2a: Ting-Lu|Earthquake|p1a: Kyurem
|-damage|p1a: Kyurem|1/100
|
|-heal|p1a: Kyurem|7/100|[from] item: Leftovers
|upkeep
|turn|39
|
|t:|1757811645
|move|p1a: Kyurem|Freeze-Dry|p2a: Ting-Lu
|-supereffective|p2a: Ting-Lu
|-damage|p2a: Ting-Lu|18/100
|move|p2a: Ting-Lu|Earthquake|p1a: Kyurem
|-damage|p1a: Kyurem|0 fnt
|faint|p1a: Kyurem
|
|upkeep
|
|t:|1757811650
|switch|p1a: Great Tusk|Great Tusk|51/100
|turn|40
|
|t:|1757811656
|move|p1a: Great Tusk|Stealth Rock|p2a: Ting-Lu
|-sidestart|p2: Ace1122334|move: Stealth Rock
|move|p2a: Ting-Lu|Earthquake|p1a: Great Tusk
|-damage|p1a: Great Tusk|0 fnt
|faint|p1a: Great Tusk
|-end|p1a: Great Tusk|Protosynthesis|[silent]
|
|upkeep
|
|t:|1757811667
|switch|p1a: Iron Valiant|Iron Valiant|100/100
|-enditem|p1a: Iron Valiant|Booster Energy
|-activate|p1a: Iron Valiant|ability: Quark Drive|[fromitem]
|-start|p1a: Iron Valiant|quarkdrivespe
|turn|41
|
|t:|1757811674
|move|p1a: Iron Valiant|Moonblast|p2a: Ting-Lu
|-supereffective|p2a: Ting-Lu
|-damage|p2a: Ting-Lu|0 fnt
|faint|p2a: Ting-Lu
|
|upkeep
|
|t:|1757811676
|switch|p2a: Blissey|Blissey, F|57/100
|-damage|p2a: Blissey|44/100|[from] Stealth Rock
|turn|42
|
|t:|1757811682
|move|p1a: Iron Valiant|Close Combat|p2a: Blissey
|-supereffective|p2a: Blissey
|-damage|p2a: Blissey|0 fnt
|-unboost|p1a: Iron Valiant|def|1
|-unboost|p1a: Iron Valiant|spd|1
|faint|p2a: Blissey
|
|upkeep
|
|t:|1757811695
|switch|p2a: Corviknight|Corviknight, F|21/100
|-damage|p2a: Corviknight|9/100|[from] Stealth Rock
|-ability|p2a: Corviknight|Pressure
|turn|43
|
|t:|1757811698
|move|p1a: Iron Valiant|Close Combat|p2a: Corviknight
|-damage|p2a: Corviknight|0 fnt
|-unboost|p1a: Iron Valiant|def|1
|-unboost|p1a: Iron Valiant|spd|1
|faint|p2a: Corviknight
|
|upkeep
|
|t:|1757811700
|switch|p2a: Kyurem|Kyurem, tera:Ice|100/100
|-damage|p2a: Kyurem|76/100|[from] Stealth Rock
|-ability|p2a: Kyurem|Pressure
|turn|44
|
|t:|1757811706
|move|p1a: Iron Valiant|Close Combat|p2a: Kyurem
|-supereffective|p2a: Kyurem
|-damage|p2a: Kyurem|0 fnt
|-unboost|p1a: Iron Valiant|def|1
|-unboost|p1a: Iron Valiant|spd|1
|faint|p2a: Kyurem
|
|win|Partynparadise
|raw|Partynparadise's rating: 1502 &rarr; <strong>1525</strong><br />(+23 for winning)
|raw|Ace1122334's rating: 1552 &rarr; <strong>1529</strong><br />(-23 for losing)
|l|☆Ace1122334
|player|p2|
|l|☆Partynparadise
|player|p1|
