|j|☆Sonzaisonder
|j|☆dinosfrog
|t:|1757837193
|gametype|singles
|player|p1|Sonzaisonder|steven|1397
|player|p2|dinosfrog|ethan|1406
|gen|9
|tier|[Gen 9] OU
|rated|
|rule|HP Percentage Mod: HP is shown in percentages
|rule|Endless Battle Clause: Forcing endless battles is banned
|rule|Species Clause: Limit one of each Pokémon
|rule|OHKO Clause: OHKO moves are banned
|rule|Evasion Items Clause: Evasion items are banned
|rule|Evasion Moves Clause: Evasion moves are banned
|rule|Evasion Abilities Clause: Evasion abilities are banned
|rule|Sleep Moves Clause: Sleep-inducing moves are banned
|clearpoke
|poke|p1|Slowking-Galar, F|
|poke|p1|Great Tusk|
|poke|p1|Hoopa-Unbound|
|poke|p1|Alomomola, F|
|poke|p1|Zamazenta-*|
|poke|p1|Raging Bolt|
|poke|p2|Mimikyu, M|
|poke|p2|Dragonite, M|
|poke|p2|Great Tusk|
|poke|p2|Serperior, F|
|poke|p2|Primarina, F|
|poke|p2|Cinderace, F|
|teampreview
|
|t:|1757837216
|teamsize|p1|6
|teamsize|p2|6
|start
|switch|p1a: Raging Bolt|Raging Bolt|100/100
|switch|p2a: Dragonite|Dragonite, M|100/100
|turn|1
|
|t:|1757837229
|move|p1a: Raging Bolt|Volt Switch|p2a: Dragonite
|-damage|p2a: Dragonite|83/100
|
|t:|1757837232
|-end|p1a: Raging Bolt|Protosynthesis|[silent]
|switch|p1a: Great Tusk|Great Tusk|100/100|[from] Volt Switch
|move|p2a: Dragonite|Scale Shot|p1a: Great Tusk
|-damage|p1a: Great Tusk|92/100
|-damage|p1a: Great Tusk|83/100
|-damage|p1a: Great Tusk|73/100
|-damage|p1a: Great Tusk|64/100
|-hitcount|p1a: Great Tusk|4
|-unboost|p2a: Dragonite|def|1
|-boost|p2a: Dragonite|spe|1
|
|upkeep
|turn|2
|
|t:|1757837241
|move|p2a: Dragonite|Air Slash|p1a: Great Tusk
|-supereffective|p1a: Great Tusk
|-damage|p1a: Great Tusk|0 fnt
|faint|p1a: Great Tusk
|-end|p1a: Great Tusk|Protosynthesis|[silent]
|
|upkeep
|
|t:|1757837249
|switch|p1a: Raging Bolt|Raging Bolt|100/100
|turn|3
|
|t:|1757837253
|-terastallize|p1a: Raging Bolt|Fairy
|move|p2a: Dragonite|Scale Shot|p1a: Raging Bolt
|-immune|p1a: Raging Bolt
|move|p1a: Raging Bolt|Dragon Pulse|p2a: Dragonite
|-supereffective|p2a: Dragonite
|-damage|p2a: Dragonite|0 fnt
|faint|p2a: Dragonite
|
|upkeep
|
|t:|1757837261
|switch|p2a: Cinderace|Cinderace, F|100/100
|turn|4
|
|t:|1757837267
|-end|p1a: Raging Bolt|Protosynthesis|[silent]
|switch|p1a: Alomomola|Alomomola, F|100/100
|move|p2a: Cinderace|Pyro Ball|p1a: Alomomola
|-resisted|p1a: Alomomola
|-damage|p1a: Alomomola|81/100
|-status|p1a: Alomomola|brn
|
|-damage|p1a: Alomomola|75/100 brn|[from] brn
|upkeep
|turn|5
|
|t:|1757837275
|move|p2a: Cinderace|U-turn|p1a: Alomomola
|-start|p2a: Cinderace|typechange|Bug|[from] ability: Libero
|-damage|p1a: Alomomola|53/100 brn
|
|t:|1757837279
|switch|p2a: Serperior|Serperior, F|100/100|[from] U-turn
|move|p1a: Alomomola|Flip Turn|p2a: Serperior
|-resisted|p2a: Serperior
|-damage|p2a: Serperior|95/100
|
|t:|1757837287
|switch|p1a: Hoopa|Hoopa-Unbound|100/100|[from] Flip Turn
|
|-heal|p2a: Serperior|100/100|[from] item: Leftovers
|upkeep
|turn|6
|
|t:|1757837294
|switch|p2a: Cinderace|Cinderace, F|100/100
|move|p1a: Hoopa|Hyperspace Fury|p2a: Cinderace
|-damage|p2a: Cinderace|0 fnt
|-unboost|p1a: Hoopa|def|1
|faint|p2a: Cinderace
|
|upkeep
|
|t:|1757837301
|switch|p2a: Primarina|Primarina, F|100/100
|turn|7
|
|t:|1757837306
|switch|p1a: Slowking|Slowking-Galar, F|100/100
|move|p2a: Primarina|Alluring Voice|p1a: Slowking
|-resisted|p1a: Slowking
|-damage|p1a: Slowking|88/100
|-enditem|p2a: Primarina|Throat Spray
|-boost|p2a: Primarina|spa|1|[from] item: Throat Spray
|
|upkeep
|turn|8
|
|t:|1757837314
|move|p2a: Primarina|Shadow Ball|p1a: Slowking
|-supereffective|p1a: Slowking
|-damage|p1a: Slowking|33/100
|move|p1a: Slowking|Sludge Bomb|p2a: Primarina
|-supereffective|p2a: Primarina
|-damage|p2a: Primarina|48/100
|
|upkeep
|turn|9
|l|☆dinosfrog
|player|p2|
|
|t:|1757837335
|switch|p1a: Alomomola|Alomomola, F|86/100 brn
|move|p2a: Primarina|Alluring Voice|p1a: Alomomola
|-damage|p1a: Alomomola|32/100 brn
|
|-damage|p1a: Alomomola|26/100 brn|[from] brn
|upkeep
|turn|10
|j|☆dinosfrog
|player|p2|dinosfrog|ethan|
|
|t:|1757837342
|move|p2a: Primarina|Surf|p1a: Alomomola
|-resisted|p1a: Alomomola
|-damage|p1a: Alomomola|0 fnt
|faint|p1a: Alomomola
|
|upkeep
|j| no cherry baby
|
|t:|1757837355
|switch|p1a: Hoopa|Hoopa-Unbound|100/100
|turn|11
|
|t:|1757837357
|move|p1a: Hoopa|Hyperspace Fury|p2a: Primarina
|-resisted|p2a: Primarina
|-damage|p2a: Primarina|0 fnt
|-unboost|p1a: Hoopa|def|1
|faint|p2a: Primarina
|
|upkeep
|
|t:|1757837359
|switch|p2a: Echo|Mimikyu, M, shiny|100/100
|turn|12
|
|t:|1757837365
|switch|p1a: Slowking|Slowking-Galar, F|66/100
|move|p2a: Echo|Thunder Wave|p1a: Slowking
|-status|p1a: Slowking|par
|
|upkeep
|turn|13
|
|t:|1757837370
|switch|p2a: Great Tusk|Great Tusk|100/100
|move|p1a: Slowking|Sludge Bomb|p2a: Great Tusk
|-resisted|p2a: Great Tusk
|-damage|p2a: Great Tusk|75/100
|
|upkeep
|turn|14
|
|t:|1757837381
|switch|p1a: Zamazenta|Zamazenta|100/100
|-ability|p1a: Zamazenta|Dauntless Shield|boost
|-boost|p1a: Zamazenta|def|1
|move|p2a: Great Tusk|Headlong Rush|p1a: Zamazenta
|-damage|p1a: Zamazenta|70/100
|-unboost|p2a: Great Tusk|def|1
|-unboost|p2a: Great Tusk|spd|1
|
|-heal|p1a: Zamazenta|76/100|[from] item: Leftovers
|upkeep
|turn|15
|
|t:|1757837388
|-end|p2a: Great Tusk|Protosynthesis|[silent]
|switch|p2a: Echo|Mimikyu, M, shiny|100/100
|move|p1a: Zamazenta|Crunch|p2a: Echo
|-activate|p2a: Echo|ability: Disguise
|-damage|p2a: Echo|100/100
|detailschange|p2a: Echo|Mimikyu-Busted, M, shiny
|-damage|p2a: Echo|88/100|[from] pokemon: Mimikyu-Busted
|
|-heal|p1a: Zamazenta|82/100|[from] item: Leftovers
|upkeep
|turn|16
|
|t:|1757837414
|move|p1a: Zamazenta|Crunch|p2a: Echo
|-damage|p2a: Echo|58/100
|move|p2a: Echo|Thunder Wave|p1a: Zamazenta
|-status|p1a: Zamazenta|par
|
|-heal|p1a: Zamazenta|88/100 par|[from] item: Leftovers
|upkeep
|turn|17
|
|t:|1757837419
|switch|p1a: Slowking|Slowking-Galar, F|99/100 par
|move|p2a: Echo|Curse|p1a: Slowking
|-start|p1a: Slowking|Curse|[of] p2a: Echo
|-damage|p2a: Echo|8/100
|-enditem|p2a: Echo|Sitrus Berry|[eat]
|-heal|p2a: Echo|33/100|[from] item: Sitrus Berry
|
|-damage|p1a: Slowking|74/100 par|[from] Curse
|upkeep
|turn|18
|
|t:|1757837434
|move|p2a: Echo|Destiny Bond|p2a: Echo
|-singlemove|p2a: Echo|Destiny Bond
|cant|p1a: Slowking|par
|
|-damage|p1a: Slowking|49/100 par|[from] Curse
|upkeep
|turn|19
|
|t:|1757837443
|move|p2a: Echo|Shadow Sneak|p1a: Slowking
|-supereffective|p1a: Slowking
|-damage|p1a: Slowking|25/100 par
|move|p1a: Slowking|Sludge Bomb|p2a: Echo
|-damage|p2a: Echo|0 fnt
|faint|p2a: Echo
|
|-damage|p1a: Slowking|0 fnt|[from] Curse
|faint|p1a: Slowking
|upkeep
|
|t:|1757837455
|switch|p2a: Great Tusk|Great Tusk|75/100
|switch|p1a: Raging Bolt|Raging Bolt, tera:Fairy|100/100
|turn|20
|
|t:|1757837462
|move|p2a: Great Tusk|Headlong Rush|p1a: Raging Bolt
|-damage|p1a: Raging Bolt|36/100
|-unboost|p2a: Great Tusk|def|1
|-unboost|p2a: Great Tusk|spd|1
|move|p1a: Raging Bolt|Dragon Pulse|p2a: Great Tusk
|-damage|p2a: Great Tusk|0 fnt
|faint|p2a: Great Tusk
|-end|p2a: Great Tusk|Protosynthesis|[silent]
|
|upkeep
|
|t:|1757837463
|switch|p2a: Serperior|Serperior, F|100/100
|turn|21
|
|t:|1757837466
|move|p2a: Serperior|Leaf Storm|p1a: Raging Bolt
|-damage|p1a: Raging Bolt|0 fnt
|-boost|p2a: Serperior|spa|2
|faint|p1a: Raging Bolt
|-end|p1a: Raging Bolt|Protosynthesis|[silent]
|
|upkeep
|
|t:|1757837468
|switch|p1a: Hoopa|Hoopa-Unbound|100/100
|turn|22
|
|t:|1757837470
|move|p2a: Serperior|Leaf Storm|p1a: Hoopa
|-damage|p1a: Hoopa|10/100
|-boost|p2a: Serperior|spa|2
|move|p1a: Hoopa|Hyperspace Fury|p2a: Serperior
|-damage|p2a: Serperior|0 fnt
|-unboost|p1a: Hoopa|def|1
|faint|p2a: Serperior
|
|win|Sonzaisonder
|raw|Sonzaisonder's rating: 1397 &rarr; <strong>1418</strong><br />(+21 for winning)
|raw|dinosfrog's rating: 1406 &rarr; <strong>1385</strong><br />(-21 for losing)
|l|☆dinosfrog
|player|p2|
|c|☆Sonzaisonder|gg
