|j|☆brutalshaman
|j|☆blunts89
|t:|1757913930
|gametype|singles
|player|p1|brutalshaman|blackbelt-gen4dp|1471
|player|p2|blunts89|ghetsis|1489
|gen|9
|tier|[Gen 9] OU
|rated|
|rule|HP Percentage Mod: HP is shown in percentages
|rule|Endless Battle Clause: Forcing endless battles is banned
|rule|Species Clause: Limit one of each Pokémon
|rule|OHKO Clause: OHKO moves are banned
|rule|Evasion Items Clause: Evasion items are banned
|rule|Evasion Moves Clause: Evasion moves are banned
|rule|Evasion Abilities Clause: Evasion abilities are banned
|rule|Sleep Moves Clause: Sleep-inducing moves are banned
|clearpoke
|poke|p1|Ninetales-Alola, F|
|poke|p1|Beartic, F|
|poke|p1|Kyurem|
|poke|p1|Moltres|
|poke|p1|Sandslash-Alola, F|
|poke|p1|Slowking-Galar, F|
|poke|p2|Great Tusk|
|poke|p2|Kingambit, F|
|poke|p2|Dragonite, M|
|poke|p2|Ogerpon-Wellspring, F|
|poke|p2|Heatran, M|
|poke|p2|Iron Crown|
|teampreview
|inactive|Battle timer is ON: inactive players will automatically lose when time's up. (requested by brutalshaman)
|
|t:|1757913954
|teamsize|p1|6
|teamsize|p2|6
|start
|switch|p1a: Moltres|Moltres|100/100
|switch|p2a: Heatran|Heatran, M|100/100
|turn|1
|
|t:|1757913960
|move|p1a: Moltres|U-turn|p2a: Heatran
|-resisted|p2a: Heatran
|-damage|p2a: Heatran|98/100
|
|t:|1757913969
|switch|p1a: Kyurem|Kyurem|100/100|[from] U-turn
|-ability|p1a: Kyurem|Pressure
|move|p2a: Heatran|Stealth Rock|p1a: Kyurem
|-sidestart|p1: brutalshaman|move: Stealth Rock
|
|-heal|p2a: Heatran|100/100|[from] item: Leftovers
|upkeep
|turn|2
|
|t:|1757913975
|switch|p2a: Great Tusk|Great Tusk, shiny|100/100
|move|p1a: Kyurem|Earth Power|p2a: Great Tusk
|-damage|p2a: Great Tusk|70/100
|
|upkeep
|turn|3
|
|t:|1757913979
|switch|p1a: Moltres|Moltres|100/100
|move|p2a: Great Tusk|Close Combat|p1a: Moltres
|-resisted|p1a: Moltres
|-damage|p1a: Moltres|62/100
|-unboost|p2a: Great Tusk|def|1
|-unboost|p2a: Great Tusk|spd|1
|
|upkeep
|turn|4
|
|t:|1757913984
|-end|p2a: Great Tusk|Protosynthesis|[silent]
|switch|p2a: Heatran|Heatran, M|100/100
|move|p1a: Moltres|U-turn|p2a: Heatran
|-resisted|p2a: Heatran
|-damage|p2a: Heatran|98/100
|
|t:|1757913987
|switch|p1a: Slowking|Slowking-Galar, F|100/100|[from] U-turn
|-damage|p1a: Slowking|88/100|[from] Stealth Rock
|
|-heal|p2a: Heatran|100/100|[from] item: Leftovers
|upkeep
|turn|5
|
|t:|1757913990
|move|p2a: Heatran|Magma Storm|p1a: Slowking
|-damage|p1a: Slowking|59/100
|-activate|p1a: Slowking|move: Magma Storm|[of] p2a: Heatran
|-prepare|p1a: Slowking|Chilly Reception|[premajor]
|move|p1a: Slowking|Chilly Reception|p1a: Slowking
|-weather|Snowscape
|inactive|brutalshaman has 120 seconds left.
|
|t:|1757914037
|switch|p1a: Beartic|Beartic, F|100/100|[from] Chilly Reception
|-damage|p1a: Beartic|75/100|[from] Stealth Rock
|
|-weather|Snowscape|[upkeep]
|upkeep
|turn|6
|
|t:|1757914043
|-terastallize|p1a: Beartic|Water
|move|p1a: Beartic|Liquidation|p2a: Heatran
|-supereffective|p2a: Heatran
|-damage|p2a: Heatran|33/100
|move|p2a: Heatran|Will-O-Wisp|p1a: Beartic
|-status|p1a: Beartic|brn
|
|-weather|Snowscape|[upkeep]
|-heal|p2a: Heatran|39/100|[from] item: Leftovers
|-damage|p1a: Beartic|69/100 brn|[from] brn
|upkeep
|turn|7
|inactive|brutalshaman has 120 seconds left.
|inactive|brutalshaman has 90 seconds left.
|
|t:|1757914080
|move|p2a: Heatran|Protect|p2a: Heatran
|-singleturn|p2a: Heatran|Protect
|move|p1a: Beartic|Liquidation|p2a: Heatran
|-activate|p2a: Heatran|move: Protect
|
|-weather|Snowscape|[upkeep]
|-heal|p2a: Heatran|46/100|[from] item: Leftovers
|-damage|p1a: Beartic|63/100 brn|[from] brn
|upkeep
|turn|8
|
|t:|1757914101
|move|p1a: Beartic|Close Combat|p2a: Heatran
|-supereffective|p2a: Heatran
|-damage|p2a: Heatran|13/100
|-unboost|p1a: Beartic|def|1
|-unboost|p1a: Beartic|spd|1
|move|p2a: Heatran|Magma Storm|p1a: Beartic
|-resisted|p1a: Beartic
|-damage|p1a: Beartic|26/100 brn
|-activate|p1a: Beartic|move: Magma Storm|[of] p2a: Heatran
|
|-weather|Snowscape|[upkeep]
|-heal|p2a: Heatran|19/100|[from] item: Leftovers
|-damage|p1a: Beartic|20/100 brn|[from] brn
|-damage|p1a: Beartic|8/100 brn|[from] move: Magma Storm|[partiallytrapped]
|upkeep
|turn|9
|
|t:|1757914108
|move|p2a: Heatran|Protect|p2a: Heatran
|-singleturn|p2a: Heatran|Protect
|move|p1a: Beartic|Swords Dance|p1a: Beartic
|-boost|p1a: Beartic|atk|2
|
|-weather|Snowscape|[upkeep]
|-heal|p2a: Heatran|25/100|[from] item: Leftovers
|-damage|p1a: Beartic|2/100 brn|[from] brn
|-damage|p1a: Beartic|0 fnt|[from] move: Magma Storm|[partiallytrapped]
|faint|p1a: Beartic
|upkeep
|
|t:|1757914110
|switch|p1a: Kyurem|Kyurem|100/100
|-damage|p1a: Kyurem|76/100|[from] Stealth Rock
|-ability|p1a: Kyurem|Pressure
|turn|10
|
|t:|1757914121
|switch|p2a: Great Tusk|Great Tusk, shiny|70/100
|move|p1a: Kyurem|Blizzard|p2a: Great Tusk
|-supereffective|p2a: Great Tusk
|-damage|p2a: Great Tusk|0 fnt
|faint|p2a: Great Tusk
|-end|p2a: Great Tusk|Protosynthesis|[silent]
|
|-weather|Snowscape|[upkeep]
|upkeep
|
|t:|1757914127
|switch|p2a: Iron Crown|Iron Crown|100/100
|-enditem|p2a: Iron Crown|Booster Energy
|-activate|p2a: Iron Crown|ability: Quark Drive|[fromitem]
|-start|p2a: Iron Crown|quarkdrivespe
|turn|11
|
|t:|1757914132
|switch|p1a: Sandslash|Sandslash-Alola, F|100/100
|move|p2a: Iron Crown|Calm Mind|p2a: Iron Crown
|-boost|p2a: Iron Crown|spa|1
|-boost|p2a: Iron Crown|spd|1
|
|-weather|Snowscape|[upkeep]
|upkeep
|turn|12
|
|t:|1757914138
|-terastallize|p2a: Iron Crown|Dark
|move|p2a: Iron Crown|Tera Blast|p1a: Sandslash|[anim] Tera Blast Dark
|-crit|p1a: Sandslash
|-damage|p1a: Sandslash|0 fnt
|faint|p1a: Sandslash
|
|-weather|none
|upkeep
|inactive|brutalshaman has 120 seconds left.
|
|t:|1757914162
|switch|p1a: Moltres|Moltres|62/100
|turn|13
|
|t:|1757914167
|move|p2a: Iron Crown|Tera Blast|p1a: Moltres|[anim] Tera Blast Dark
|-damage|p1a: Moltres|0 fnt
|faint|p1a: Moltres
|
|upkeep
|
|t:|1757914169
|switch|p1a: Ninetales|Ninetales-Alola, F|100/100
|-damage|p1a: Ninetales|76/100|[from] Stealth Rock
|-weather|Snowscape|[from] ability: Snow Warning|[of] p1a: Ninetales
|turn|14
|-message|brutalshaman forfeited.
|
|win|blunts89
|raw|brutalshaman's rating: 1471 &rarr; <strong>1452</strong><br />(-19 for losing)
|raw|blunts89's rating: 1489 &rarr; <strong>1508</strong><br />(+19 for winning)
|l|☆brutalshaman
|player|p1|
|l|☆blunts89
|player|p2|
