|j|☆Jrony
|j|☆lokchander
|t:|1757794843
|gametype|singles
|player|p1|Jrony|clair|1137
|player|p2|lokchander|unknown|1193
|gen|9
|tier|[Gen 9] OU
|rated|
|rule|HP Percentage Mod: HP is shown in percentages
|rule|Endless Battle Clause: Forcing endless battles is banned
|rule|Species Clause: Limit one of each Pokémon
|rule|OHKO Clause: OHKO moves are banned
|rule|Evasion Items Clause: Evasion items are banned
|rule|Evasion Moves Clause: Evasion moves are banned
|rule|Evasion Abilities Clause: Evasion abilities are banned
|rule|Sleep Moves Clause: Sleep-inducing moves are banned
|clearpoke
|poke|p1|Dondozo, M|
|poke|p1|Gothitelle, M|
|poke|p1|Ursaring, F|
|poke|p1|Vileplume, F|
|poke|p1|Snorlax, M|
|poke|p1|Coalossal, M|
|poke|p2|Alomomola, F|
|poke|p2|Landorus-Therian, M|
|poke|p2|Entei|
|poke|p2|Gholdengo|
|poke|p2|Weezing-Galar, F|
|poke|p2|Wo-Chien|
|teampreview
|inactive|Battle timer is ON: inactive players will automatically lose when time's up. (requested by lokchander)
|
|t:|1757794855
|teamsize|p1|6
|teamsize|p2|6
|start
|switch|p1a: Gothitelle|Gothitelle, M|100/100
|switch|p2a: Landorus|Landorus-Therian, M|100/100
|-ability|p2a: Landorus|Intimidate|boost
|-unboost|p1a: Gothitelle|atk|1
|-item|p2a: Landorus|Heavy-Duty Boots|[from] ability: Frisk|[of] p1a: Gothitelle
|turn|1
|
|t:|1757794867
|move|p2a: Landorus|Stealth Rock|p1a: Gothitelle
|-sidestart|p1: Jrony|move: Stealth Rock
|move|p1a: Gothitelle|Trick Room|p1a: Gothitelle
|-fieldstart|move: Trick Room|[of] p1a: Gothitelle
|
|upkeep
|turn|2
|
|t:|1757794882
|switch|p1a: Dondozo|Dondozo, M|100/100
|-damage|p1a: Dondozo|88/100|[from] Stealth Rock
|switch|p2a: Wo-Chien|Wo-Chien|100/100
|-ability|p2a: Wo-Chien|Tablets of Ruin
|
|-heal|p1a: Dondozo|94/100|[from] item: Leftovers
|upkeep
|turn|3
|
|t:|1757794897
|move|p1a: Dondozo|Substitute|p1a: Dondozo
|-start|p1a: Dondozo|Substitute
|-damage|p1a: Dondozo|69/100
|move|p2a: Wo-Chien|Leech Seed||[still]
|-fail|p2a: Wo-Chien
|
|-heal|p1a: Dondozo|75/100|[from] item: Leftovers
|upkeep
|turn|4
|
|t:|1757794907
|move|p1a: Dondozo|Curse|p1a: Dondozo
|-unboost|p1a: Dondozo|spe|1
|-boost|p1a: Dondozo|atk|1
|-boost|p1a: Dondozo|def|1
|move|p2a: Wo-Chien|Power Whip|p1a: Dondozo
|-supereffective|p1a: Dondozo
|-end|p1a: Dondozo|Substitute
|
|-heal|p1a: Dondozo|81/100|[from] item: Leftovers
|upkeep
|turn|5
|
|t:|1757794918
|move|p1a: Dondozo|Substitute|p1a: Dondozo
|-start|p1a: Dondozo|Substitute
|-damage|p1a: Dondozo|56/100
|move|p2a: Wo-Chien|Knock Off|p1a: Dondozo
|-activate|p1a: Dondozo|move: Substitute|[damage]
|
|-heal|p1a: Dondozo|63/100|[from] item: Leftovers
|-fieldend|move: Trick Room
|upkeep
|turn|6
|
|t:|1757794927
|move|p2a: Wo-Chien|Power Whip|p1a: Dondozo
|-supereffective|p1a: Dondozo
|-end|p1a: Dondozo|Substitute
|move|p1a: Dondozo|Curse|p1a: Dondozo
|-unboost|p1a: Dondozo|spe|1
|-boost|p1a: Dondozo|atk|1
|-boost|p1a: Dondozo|def|1
|
|-heal|p1a: Dondozo|69/100|[from] item: Leftovers
|upkeep
|turn|7
|
|t:|1757794938
|-terastallize|p1a: Dondozo|Ice
|move|p2a: Wo-Chien|Leech Seed|p1a: Dondozo
|-start|p1a: Dondozo|move: Leech Seed
|move|p1a: Dondozo|Substitute|p1a: Dondozo
|-start|p1a: Dondozo|Substitute
|-damage|p1a: Dondozo|44/100
|
|-heal|p1a: Dondozo|50/100|[from] item: Leftovers
|-damage|p1a: Dondozo|37/100|[from] Leech Seed|[of] p2a: Wo-Chien
|upkeep
|turn|8
|
|t:|1757794952
|switch|p2a: Alomomola|Alomomola, F|100/100
|move|p1a: Dondozo|Curse|p1a: Dondozo
|-unboost|p1a: Dondozo|spe|1
|-boost|p1a: Dondozo|atk|1
|-boost|p1a: Dondozo|def|1
|
|-heal|p1a: Dondozo|44/100|[from] item: Leftovers
|-damage|p1a: Dondozo|31/100|[from] Leech Seed|[of] p2a: Alomomola
|upkeep
|turn|9
|
|t:|1757794964
|move|p2a: Alomomola|Wish|p2a: Alomomola
|move|p1a: Dondozo|Curse|p1a: Dondozo
|-unboost|p1a: Dondozo|spe|1
|-boost|p1a: Dondozo|atk|1
|-boost|p1a: Dondozo|def|1
|
|-heal|p1a: Dondozo|37/100|[from] item: Leftovers
|-damage|p1a: Dondozo|25/100|[from] Leech Seed|[of] p2a: Alomomola
|upkeep
|turn|10
|
|t:|1757794974
|move|p2a: Alomomola|Scald|p1a: Dondozo
|-activate|p1a: Dondozo|move: Substitute|[damage]
|move|p1a: Dondozo|Rest|p1a: Dondozo
|-status|p1a: Dondozo|slp|[from] move: Rest
|-heal|p1a: Dondozo|100/100 slp|[silent]
|
|-damage|p1a: Dondozo|88/100 slp|[from] Leech Seed|[of] p2a: Alomomola
|upkeep
|turn|11
|
|t:|1757794986
|move|p2a: Alomomola|Scald|p1a: Dondozo
|-activate|p1a: Dondozo|move: Substitute|[damage]
|cant|p1a: Dondozo|slp
|
|-heal|p1a: Dondozo|94/100 slp|[from] item: Leftovers
|-damage|p1a: Dondozo|82/100 slp|[from] Leech Seed|[of] p2a: Alomomola
|upkeep
|turn|12
|
|t:|1757794996
|move|p2a: Alomomola|Wish|p2a: Alomomola
|cant|p1a: Dondozo|slp
|
|-heal|p1a: Dondozo|88/100 slp|[from] item: Leftovers
|-damage|p1a: Dondozo|75/100 slp|[from] Leech Seed|[of] p2a: Alomomola
|upkeep
|turn|13
|
|t:|1757795006
|move|p2a: Alomomola|Scald|p1a: Dondozo
|-end|p1a: Dondozo|Substitute
|-curestatus|p1a: Dondozo|slp|[msg]
|move|p1a: Dondozo|Wave Crash|p2a: Alomomola
|-resisted|p2a: Alomomola
|-damage|p2a: Alomomola|57/100
|-damage|p1a: Dondozo|60/100|[from] Recoil
|
|-heal|p2a: Alomomola|100/100|[from] move: Wish|[wisher] Alomomola
|-heal|p1a: Dondozo|66/100|[from] item: Leftovers
|-damage|p1a: Dondozo|54/100|[from] Leech Seed|[of] p2a: Alomomola
|upkeep
|turn|14
|
|t:|1757795020
|move|p2a: Alomomola|Wish|p2a: Alomomola
|move|p1a: Dondozo|Curse|p1a: Dondozo
|-unboost|p1a: Dondozo|spe|1
|-boost|p1a: Dondozo|atk|1
|-boost|p1a: Dondozo|def|1
|
|-heal|p1a: Dondozo|60/100|[from] item: Leftovers
|-damage|p1a: Dondozo|48/100|[from] Leech Seed|[of] p2a: Alomomola
|upkeep
|turn|15
|
|t:|1757795029
|move|p2a: Alomomola|Scald|p1a: Dondozo
|-damage|p1a: Dondozo|36/100
|-status|p1a: Dondozo|brn
|move|p1a: Dondozo|Curse|p1a: Dondozo
|-unboost|p1a: Dondozo|spe|1
|-boost|p1a: Dondozo|atk|1
|-boost|p1a: Dondozo|def|1
|
|-heal|p1a: Dondozo|42/100 brn|[from] item: Leftovers
|-damage|p1a: Dondozo|29/100 brn|[from] Leech Seed|[of] p2a: Alomomola
|-damage|p1a: Dondozo|23/100 brn|[from] brn
|upkeep
|turn|16
|
|t:|1757795047
|move|p2a: Alomomola|Scald|p1a: Dondozo
|-damage|p1a: Dondozo|12/100 brn
|move|p1a: Dondozo|Wave Crash|p2a: Alomomola
|-resisted|p2a: Alomomola
|-damage|p2a: Alomomola|74/100
|-damage|p1a: Dondozo|3/100 brn|[from] Recoil
|
|-heal|p1a: Dondozo|9/100 brn|[from] item: Leftovers
|-damage|p1a: Dondozo|0 fnt|[from] Leech Seed|[of] p2a: Alomomola
|-heal|p2a: Alomomola|83/100|[silent]
|faint|p1a: Dondozo
|upkeep
|
|t:|1757795059
|switch|p1a: Gothitelle|Gothitelle, M|100/100
|-damage|p1a: Gothitelle|88/100|[from] Stealth Rock
|-item|p2a: Alomomola|Heavy-Duty Boots|[from] ability: Frisk|[of] p1a: Gothitelle
|turn|17
|
|t:|1757795066
|move|p2a: Alomomola|Wish|p2a: Alomomola
|move|p1a: Gothitelle|Trick Room|p1a: Gothitelle
|-fieldstart|move: Trick Room|[of] p1a: Gothitelle
|
|upkeep
|turn|18
|
|t:|1757795075
|switch|p1a: Vileplume|Vileplume, F|100/100
|-damage|p1a: Vileplume|88/100|[from] Stealth Rock
|switch|p2a: Wo-Chien|Wo-Chien|100/100
|-ability|p2a: Wo-Chien|Tablets of Ruin
|
|-heal|p1a: Vileplume|94/100|[from] item: Leftovers
|upkeep
|turn|19
|
|t:|1757795089
|move|p1a: Vileplume|Sludge Wave|p2a: Wo-Chien
|-supereffective|p2a: Wo-Chien
|-damage|p2a: Wo-Chien|35/100
|-status|p2a: Wo-Chien|psn
|move|p2a: Wo-Chien|Ruination|p1a: Vileplume
|-damage|p1a: Vileplume|47/100
|
|-heal|p1a: Vileplume|54/100|[from] item: Leftovers
|-heal|p2a: Wo-Chien|41/100 psn|[from] item: Leftovers
|-damage|p2a: Wo-Chien|29/100 psn|[from] psn
|upkeep
|turn|20
|
|t:|1757795101
|move|p1a: Vileplume|Sludge Wave|p2a: Wo-Chien
|-supereffective|p2a: Wo-Chien
|-damage|p2a: Wo-Chien|0 fnt
|faint|p2a: Wo-Chien
|
|-heal|p1a: Vileplume|60/100|[from] item: Leftovers
|upkeep
|
|t:|1757795114
|switch|p2a: Entei|Entei|100/100
|turn|21
|
|t:|1757795125
|switch|p1a: Coalossal|Coalossal, M|100/100
|-damage|p1a: Coalossal|75/100|[from] Stealth Rock
|move|p2a: Entei|Sacred Fire|p1a: Coalossal
|-resisted|p1a: Coalossal
|-damage|p1a: Coalossal|67/100
|-ability|p1a: Coalossal|Steam Engine|boost
|-boost|p1a: Coalossal|spe|6
|-damage|p2a: Entei|91/100|[from] item: Life Orb
|
|-fieldend|move: Trick Room
|upkeep
|turn|22
|
|t:|1757795139
|switch|p2a: Alomomola|Alomomola, F|100/100
|move|p1a: Coalossal|Stealth Rock|p2a: Alomomola
|-sidestart|p2: lokchander|move: Stealth Rock
|
|upkeep
|turn|23
|
|t:|1757795148
|move|p1a: Coalossal|Spikes|p2a: Alomomola
|-sidestart|p2: lokchander|Spikes
|move|p2a: Alomomola|Flip Turn|p1a: Coalossal
|-supereffective|p1a: Coalossal
|-damage|p1a: Coalossal|35/100
|-damage|p2a: Alomomola|84/100|[from] item: Rocky Helmet|[of] p1a: Coalossal
|
|t:|1757795155
|switch|p2a: Entei|Entei|91/100|[from] Flip Turn
|-damage|p2a: Entei|66/100|[from] Stealth Rock
|-damage|p2a: Entei|53/100|[from] Spikes
|
|upkeep
|turn|24
|
|t:|1757795161
|move|p2a: Entei|Stone Edge|p1a: Coalossal
|-supereffective|p1a: Coalossal
|-damage|p1a: Coalossal|0 fnt
|faint|p1a: Coalossal
|-damage|p2a: Entei|43/100|[from] item: Life Orb
|
|upkeep
|
|t:|1757795167
|switch|p1a: Gothitelle|Gothitelle, M|88/100
|-damage|p1a: Gothitelle|76/100|[from] Stealth Rock
|-item|p2a: Entei|Life Orb|[from] ability: Frisk|[of] p1a: Gothitelle
|turn|25
|
|t:|1757795174
|move|p2a: Entei|Sacred Fire|p1a: Gothitelle
|-damage|p1a: Gothitelle|0 fnt
|faint|p1a: Gothitelle
|-damage|p2a: Entei|33/100|[from] item: Life Orb
|
|upkeep
|
|t:|1757795180
|switch|p1a: Snorlax|Snorlax, M|100/100
|-damage|p1a: Snorlax|88/100|[from] Stealth Rock
|turn|26
|
|t:|1757795186
|move|p2a: Entei|Sacred Fire|p1a: Snorlax
|-damage|p1a: Snorlax|25/100
|-damage|p2a: Entei|23/100|[from] item: Life Orb
|move|p1a: Snorlax|Curse|p1a: Snorlax
|-unboost|p1a: Snorlax|spe|1
|-boost|p1a: Snorlax|atk|1
|-boost|p1a: Snorlax|def|1
|
|-heal|p1a: Snorlax|31/100|[from] item: Leftovers
|upkeep
|turn|27
|inactive|lokchander has 120 seconds left.
|inactive|lokchander has 90 seconds left.
|
|t:|1757795250
|move|p2a: Entei|Sacred Fire|p1a: Snorlax
|-damage|p1a: Snorlax|0 fnt
|faint|p1a: Snorlax
|-damage|p2a: Entei|13/100|[from] item: Life Orb
|
|upkeep
|
|t:|1757795270
|switch|p1a: Vileplume|Vileplume, F|60/100
|-damage|p1a: Vileplume|47/100|[from] Stealth Rock
|turn|28
|
|t:|1757795275
|move|p2a: Entei|Sacred Fire|p1a: Vileplume
|-supereffective|p1a: Vileplume
|-damage|p1a: Vileplume|0 fnt
|faint|p1a: Vileplume
|-damage|p2a: Entei|3/100|[from] item: Life Orb
|
|upkeep
|
|t:|1757795278
|switch|p1a: Ursaring|Ursaring, F|100/100
|-damage|p1a: Ursaring|88/100|[from] Stealth Rock
|turn|29
|
|t:|1757795291
|move|p2a: Entei|Sacred Fire|p1a: Ursaring
|-damage|p1a: Ursaring|11/100
|-status|p1a: Ursaring|brn
|-damage|p2a: Entei|0 fnt|[from] item: Life Orb
|faint|p2a: Entei
|move|p1a: Ursaring|Play Rough|p2: Entei|[notarget]
|-fail|p1a: Ursaring
|
|-damage|p1a: Ursaring|5/100 brn|[from] brn
|upkeep
|
|t:|1757795302
|switch|p2a: Gholdengo|Gholdengo|100/100
|-damage|p2a: Gholdengo|94/100|[from] Stealth Rock
|-damage|p2a: Gholdengo|82/100|[from] Spikes
|turn|30
|
|t:|1757795307
|move|p2a: Gholdengo|Make It Rain|p1a: Ursaring
|-damage|p1a: Ursaring|0 fnt
|-unboost|p2a: Gholdengo|spa|1
|faint|p1a: Ursaring
|
|win|lokchander
|raw|Jrony's rating: 1137 &rarr; <strong>1116</strong><br />(-21 for losing)
|raw|lokchander's rating: 1193 &rarr; <strong>1214</strong><br />(+21 for winning)
|l|☆Jrony
|player|p1|
|l|☆lokchander
|player|p2|
