|j|☆CJ1243
|j|☆Mongo mofongo
|t:|1757874944
|gametype|singles
|player|p1|CJ1243|266|1198
|player|p2|Mongo mofongo|1|1236
|gen|9
|tier|[Gen 9] OU
|rated|
|rule|HP Percentage Mod: HP is shown in percentages
|rule|Endless Battle Clause: Forcing endless battles is banned
|rule|Species Clause: Limit one of each Pokémon
|rule|OHKO Clause: OHKO moves are banned
|rule|Evasion Items Clause: Evasion items are banned
|rule|Evasion Moves Clause: Evasion moves are banned
|rule|Evasion Abilities Clause: Evasion abilities are banned
|rule|Sleep Moves Clause: Sleep-inducing moves are banned
|clearpoke
|poke|p1|Gastrodon, M|
|poke|p1|Conkeldurr, M|
|poke|p1|Raging Bolt|
|poke|p1|Torkoal, M|
|poke|p1|Moltres|
|poke|p1|Galvantula, F|
|poke|p2|Ogerpon, F|
|poke|p2|Corviknight, F|
|poke|p2|Alomomola, F|
|poke|p2|Weezing-Galar, F|
|poke|p2|Gholdengo|
|poke|p2|Ting-Lu|
|teampreview
|inactive|Battle timer is ON: inactive players will automatically lose when time's up. (requested by Mongo mofongo)
|
|t:|1757874956
|teamsize|p1|6
|teamsize|p2|6
|start
|switch|p1a: Galvantula|Galvantula, F|100/100
|switch|p2a: Ting-Lu|Ting-Lu|100/100
|-ability|p2a: Ting-Lu|Vessel of Ruin
|turn|1
|
|t:|1757874968
|move|p1a: Galvantula|Sticky Web|p2a: Ting-Lu
|-sidestart|p2: Mongo mofongo|move: Sticky Web
|move|p2a: Ting-Lu|Earthquake|p1a: Galvantula
|-damage|p1a: Galvantula|31/100
|
|upkeep
|turn|2
|
|t:|1757874974
|move|p1a: Galvantula|Bug Buzz|p2a: Ting-Lu
|-supereffective|p2a: Ting-Lu
|-damage|p2a: Ting-Lu|66/100
|move|p2a: Ting-Lu|Stealth Rock|p1a: Galvantula
|-sidestart|p1: CJ1243|move: Stealth Rock
|
|-heal|p2a: Ting-Lu|72/100|[from] item: Leftovers
|upkeep
|turn|3
|
|t:|1757874982
|move|p1a: Galvantula|Bug Buzz|p2a: Ting-Lu
|-supereffective|p2a: Ting-Lu
|-damage|p2a: Ting-Lu|43/100
|move|p2a: Ting-Lu|Whirlwind|p1a: Galvantula
|drag|p1a: Torkoal|Torkoal, M|100/100
|-damage|p1a: Torkoal|76/100|[from] Stealth Rock
|-weather|SunnyDay|[from] ability: Drought|[of] p1a: Torkoal
|
|-weather|SunnyDay|[upkeep]
|-heal|p2a: Ting-Lu|49/100|[from] item: Leftovers
|upkeep
|turn|4
|
|t:|1757874995
|move|p2a: Ting-Lu|Earthquake|p1a: Torkoal
|-supereffective|p1a: Torkoal
|-damage|p1a: Torkoal|22/100
|move|p1a: Torkoal|Body Press|p2a: Ting-Lu
|-supereffective|p2a: Ting-Lu
|-damage|p2a: Ting-Lu|11/100
|
|-weather|SunnyDay|[upkeep]
|-heal|p2a: Ting-Lu|17/100|[from] item: Leftovers
|upkeep
|turn|5
|
|t:|1757875006
|move|p2a: Ting-Lu|Earthquake|p1a: Torkoal
|-supereffective|p1a: Torkoal
|-damage|p1a: Torkoal|0 fnt
|faint|p1a: Torkoal
|
|-weather|SunnyDay|[upkeep]
|-heal|p2a: Ting-Lu|23/100|[from] item: Leftovers
|upkeep
|
|t:|1757875015
|switch|p1a: Gastrodon|Gastrodon, M|100/100
|-damage|p1a: Gastrodon|94/100|[from] Stealth Rock
|turn|6
|
|t:|1757875038
|switch|p2a: Ogerpon|Ogerpon, F|100/100
|-activate|p2a: Ogerpon|move: Sticky Web
|-unboost|p2a: Ogerpon|spe|1
|-ability|p2a: Ogerpon|Defiant|boost
|-boost|p2a: Ogerpon|atk|2
|move|p1a: Gastrodon|Ice Beam|p2a: Ogerpon
|-supereffective|p2a: Ogerpon
|-damage|p2a: Ogerpon|58/100
|
|-weather|SunnyDay|[upkeep]
|upkeep
|turn|7
|
|t:|1757875052
|-terastallize|p1a: Gastrodon|Ghost
|move|p2a: Ogerpon|Rock Tomb|p1a: Gastrodon|[miss]
|-miss|p2a: Ogerpon|p1a: Gastrodon
|move|p1a: Gastrodon|Stealth Rock|p2a: Ogerpon
|-sidestart|p2: Mongo mofongo|move: Stealth Rock
|
|-weather|SunnyDay|[upkeep]
|upkeep
|turn|8
|
|t:|1757875061
|switch|p2a: Weezing|Weezing-Galar, F|100/100
|-ability|p2a: Weezing|Neutralizing Gas
|move|p1a: Gastrodon|Ice Beam|p2a: Weezing
|-damage|p2a: Weezing|71/100
|
|-weather|SunnyDay|[upkeep]
|upkeep
|turn|9
|
|t:|1757875088
|move|p2a: Weezing|Defog|p1a: Gastrodon
|-unboost|p1a: Gastrodon|evasion|1
|-sideend|p1: CJ1243|Stealth Rock|[from] move: Defog|[of] p2a: Weezing
|-sideend|p2: Mongo mofongo|Stealth Rock|[from] move: Defog|[of] p2a: Weezing
|-sideend|p2: Mongo mofongo|Sticky Web|[from] move: Defog|[of] p2a: Weezing
|move|p1a: Gastrodon|Ice Beam|p2a: Weezing
|-damage|p2a: Weezing|46/100
|
|-weather|SunnyDay|[upkeep]
|upkeep
|turn|10
|
|t:|1757875099
|move|p2a: Weezing|Pain Split|p1a: Gastrodon
|-sethp|p1a: Gastrodon|65/100|[from] move: Pain Split|[silent]
|-sethp|p2a: Weezing|83/100|[from] move: Pain Split
|move|p1a: Gastrodon|Ice Beam|p2a: Weezing
|-damage|p2a: Weezing|55/100
|
|-weather|none
|upkeep
|turn|11
|
|t:|1757875108
|move|p2a: Weezing|Strange Steam|p1a: Gastrodon
|-damage|p1a: Gastrodon|42/100
|move|p1a: Gastrodon|Recover|p1a: Gastrodon
|-heal|p1a: Gastrodon|92/100
|
|upkeep
|turn|12
|
|t:|1757875122
|switch|p1a: Conkeldurr|Conkeldurr, M|100/100
|move|p2a: Weezing|Pain Split|p1a: Conkeldurr
|-sethp|p1a: Conkeldurr|76/100|[from] move: Pain Split|[silent]
|-sethp|p2a: Weezing|81/100|[from] move: Pain Split
|
|upkeep
|turn|13
|
|t:|1757875134
|move|p1a: Conkeldurr|Dynamic Punch|p2a: Weezing|[miss]
|-miss|p1a: Conkeldurr|p2a: Weezing
|-enditem|p1a: Conkeldurr|Blunder Policy
|-boost|p1a: Conkeldurr|spe|2
|move|p2a: Weezing|Will-O-Wisp|p1a: Conkeldurr
|-status|p1a: Conkeldurr|brn
|
|-damage|p1a: Conkeldurr|70/100 brn|[from] brn
|upkeep
|turn|14
|
|t:|1757875146
|move|p1a: Conkeldurr|Stomping Tantrum|p2a: Weezing
|-supereffective|p2a: Weezing
|-damage|p2a: Weezing|43/100
|move|p2a: Weezing|Strange Steam|p1a: Conkeldurr
|-supereffective|p1a: Conkeldurr
|-damage|p1a: Conkeldurr|0 fnt
|faint|p1a: Conkeldurr
|
|upkeep
|
|t:|1757875158
|switch|p1a: Galvantula|Galvantula, F|31/100
|turn|15
|
|t:|1757875177
|-end|p2a: Weezing|ability: Neutralizing Gas
|switch|p2a: Gholdengo|Gholdengo|100/100
|move|p1a: Galvantula|Thunder|p2a: Gholdengo
|-damage|p2a: Gholdengo|51/100
|
|upkeep
|turn|16
|
|t:|1757875186
|move|p1a: Galvantula|Thunder|p2a: Gholdengo
|-damage|p2a: Gholdengo|0 fnt
|faint|p2a: Gholdengo
|
|upkeep
|
|t:|1757875207
|switch|p2a: Corviknight|Corviknight, F|100/100
|-ability|p2a: Corviknight|Pressure
|turn|17
|
|t:|1757875211
|move|p1a: Galvantula|Thunder|p2a: Corviknight
|-supereffective|p2a: Corviknight
|-damage|p2a: Corviknight|5/100
|-status|p2a: Corviknight|par
|move|p2a: Corviknight|Brave Bird|p1a: Galvantula
|-damage|p1a: Galvantula|0 fnt
|faint|p1a: Galvantula
|-damage|p2a: Corviknight|0 fnt|[from] Recoil
|faint|p2a: Corviknight
|
|upkeep
|
|t:|1757875228
|switch|p1a: Gastrodon|Gastrodon, M, tera:Ghost|92/100
|switch|p2a: Alomomola|Alomomola, F|100/100
|turn|18
|
|t:|1757875233
|switch|p2a: Weezing|Weezing-Galar, F|43/100
|-ability|p2a: Weezing|Neutralizing Gas
|move|p1a: Gastrodon|Stealth Rock|p2a: Weezing
|-sidestart|p2: Mongo mofongo|move: Stealth Rock
|
|upkeep
|turn|19
|
|t:|1757875250
|move|p2a: Weezing|Pain Split|p1a: Gastrodon
|-sethp|p1a: Gastrodon|62/100|[from] move: Pain Split|[silent]
|-sethp|p2a: Weezing|80/100|[from] move: Pain Split
|move|p1a: Gastrodon|Ice Beam|p2a: Weezing
|-damage|p2a: Weezing|54/100
|-status|p2a: Weezing|frz
|
|upkeep
|turn|20
|
|t:|1757875260
|-curestatus|p2a: Weezing|frz|[msg]
|move|p2a: Weezing|Defog|p1a: Gastrodon
|-unboost|p1a: Gastrodon|evasion|1
|-sideend|p2: Mongo mofongo|Stealth Rock|[from] move: Defog|[of] p2a: Weezing
|move|p1a: Gastrodon|Ice Beam|p2a: Weezing
|-damage|p2a: Weezing|26/100
|
|upkeep
|turn|21
|
|t:|1757875269
|move|p2a: Weezing|Pain Split|p1a: Gastrodon
|-sethp|p1a: Gastrodon|42/100|[from] move: Pain Split|[silent]
|-sethp|p2a: Weezing|53/100|[from] move: Pain Split
|move|p1a: Gastrodon|Ice Beam|p2a: Weezing
|-damage|p2a: Weezing|28/100
|
|upkeep
|turn|22
|
|t:|1757875281
|-end|p2a: Weezing|ability: Neutralizing Gas
|switch|p2a: Alomomola|Alomomola, F|100/100
|move|p1a: Gastrodon|Ice Beam|p2a: Alomomola
|-resisted|p2a: Alomomola
|-damage|p2a: Alomomola|95/100
|
|upkeep
|turn|23
|
|t:|1757875289
|switch|p1a: Raging Bolt|Raging Bolt|100/100
|-enditem|p1a: Raging Bolt|Booster Energy
|-activate|p1a: Raging Bolt|ability: Protosynthesis|[fromitem]
|-start|p1a: Raging Bolt|protosynthesisspa
|move|p2a: Alomomola|Body Slam|p1a: Raging Bolt
|-damage|p1a: Raging Bolt|85/100
|
|upkeep
|turn|24
|
|t:|1757875298
|move|p1a: Raging Bolt|Calm Mind|p1a: Raging Bolt
|-boost|p1a: Raging Bolt|spa|1
|-boost|p1a: Raging Bolt|spd|1
|move|p2a: Alomomola|Mirror Coat||[still]
|-fail|p2a: Alomomola
|
|upkeep
|turn|25
|
|t:|1757875306
|switch|p2a: Ting-Lu|Ting-Lu|23/100
|-ability|p2a: Ting-Lu|Vessel of Ruin
|move|p1a: Raging Bolt|Calm Mind|p1a: Raging Bolt
|-boost|p1a: Raging Bolt|spa|1
|-boost|p1a: Raging Bolt|spd|1
|
|-heal|p2a: Ting-Lu|30/100|[from] item: Leftovers
|upkeep
|turn|26
|
|t:|1757875316
|move|p1a: Raging Bolt|Dragon Pulse|p2a: Ting-Lu
|-damage|p2a: Ting-Lu|0 fnt
|faint|p2a: Ting-Lu
|
|upkeep
|
|t:|1757875326
|switch|p2a: Ogerpon|Ogerpon, F|58/100
|turn|27
|
|t:|1757875331
|-terastallize|p2a: Ogerpon|Grass
|detailschange|p2a: Ogerpon|Ogerpon-Teal-Tera, F, tera:Grass
|-ability|p2a: Ogerpon|Embody Aspect (Teal)|boost
|-boost|p2a: Ogerpon|spe|1
|move|p1a: Raging Bolt|Thunderclap|p2a: Ogerpon
|-resisted|p2a: Ogerpon
|-damage|p2a: Ogerpon|2/100
|move|p2a: Ogerpon|U-turn|p1a: Raging Bolt
|-damage|p1a: Raging Bolt|47/100
|
|t:|1757875346
|switch|p2a: Weezing|Weezing-Galar, F|28/100|[from] U-turn
|-ability|p2a: Weezing|Neutralizing Gas
|
|upkeep
|turn|28
|
|t:|1757875357
|move|p1a: Raging Bolt|Thunderbolt|p2a: Weezing
|-damage|p2a: Weezing|0 fnt
|faint|p2a: Weezing
|-end|p2a: Weezing|ability: Neutralizing Gas
|
|upkeep
|
|t:|1757875364
|switch|p2a: Alomomola|Alomomola, F|100/100
|turn|29
|
|t:|1757875369
|move|p1a: Raging Bolt|Thunderbolt|p2a: Alomomola
|-supereffective|p2a: Alomomola
|-crit|p2a: Alomomola
|-damage|p2a: Alomomola|0 fnt
|faint|p2a: Alomomola
|
|upkeep
|-message|Mongo mofongo forfeited.
|
|win|CJ1243
|raw|CJ1243's rating: 1198 &rarr; <strong>1226</strong><br />(+28 for winning)
|raw|Mongo mofongo's rating: 1236 &rarr; <strong>1208</strong><br />(-28 for losing)
|l|☆Mongo mofongo
|player|p2|
|l|☆CJ1243
|player|p1|
