|j|☆IDWTLA
|j|☆gamical
|t:|1757866856
|gametype|singles
|player|p1|IDWTLA|scientist-gen4dp|1041
|player|p2|gamical|gambler|1077
|gen|9
|tier|[Gen 9] OU
|rated|
|rule|HP Percentage Mod: HP is shown in percentages
|rule|Endless Battle Clause: Forcing endless battles is banned
|rule|Species Clause: Limit one of each Pokémon
|rule|OHKO Clause: OHKO moves are banned
|rule|Evasion Items Clause: Evasion items are banned
|rule|Evasion Moves Clause: Evasion moves are banned
|rule|Evasion Abilities Clause: Evasion abilities are banned
|rule|Sleep Moves Clause: Sleep-inducing moves are banned
|clearpoke
|poke|p1|Zapdos-Galar|
|poke|p1|Landorus-Therian, M|
|poke|p1|Dragapult, M|
|poke|p1|Slowking-Galar, M|
|poke|p1|Great Tusk|
|poke|p1|Alomomola, F|
|poke|p2|Swampert, M|
|poke|p2|Breloom, M|
|poke|p2|Raichu, F|
|poke|p2|Kingambit, M|
|poke|p2|Chandelure, M|
|poke|p2|Sylveon, M|
|teampreview
|
|t:|1757866861
|teamsize|p1|6
|teamsize|p2|6
|start
|switch|p1a: Zapdos|Zapdos-Galar|100/100
|switch|p2a: dr pepper|Swampert, M|100/100
|turn|1
|
|t:|1757866872
|move|p1a: Zapdos|Thunderous Kick|p2a: dr pepper
|-crit|p2a: dr pepper
|-damage|p2a: dr pepper|0 fnt
|-damage|p1a: Zapdos|84/100|[from] item: Rocky Helmet|[of] p2a: dr pepper
|faint|p2a: dr pepper
|
|upkeep
|inactive|Battle timer is ON: inactive players will automatically lose when time's up. (requested by IDWTLA)
|
|t:|1757866889
|switch|p2a: The Raichu|Raichu, F, shiny|100/100
|turn|2
|
|t:|1757866893
|switch|p1a: Landorus|Landorus-Therian, M|100/100
|-ability|p1a: Landorus|Intimidate|boost
|-unboost|p2a: The Raichu|atk|1
|move|p2a: The Raichu|Electro Ball|p1a: Landorus
|-immune|p1a: Landorus
|
|upkeep
|turn|3
|
|t:|1757866904
|switch|p2a: Centurion|Breloom, M, shiny|100/100
|switch|p1a: Slowking|Slowking-Galar, M|100/100
|
|-status|p2a: Centurion|tox|[from] item: Toxic Orb
|upkeep
|turn|4
|
|t:|1757866915
|-terastallize|p2a: Centurion|Normal
|move|p2a: Centurion|Stone Edge|p1a: Slowking
|-damage|p1a: Slowking|70/100
|move|p1a: Slowking|Future Sight|p2a: Centurion
|-start|p1a: Slowking|move: Future Sight
|
|upkeep
|turn|5
|
|t:|1757866922
|move|p2a: Centurion|Stone Edge|p1a: Slowking
|-damage|p1a: Slowking|41/100
|-prepare|p1a: Slowking|Chilly Reception|[premajor]
|move|p1a: Slowking|Chilly Reception|p1a: Slowking
|-weather|Snowscape
|
|t:|1757866928
|switch|p1a: Zapdos|Zapdos-Galar|84/100|[from] Chilly Reception
|
|-weather|Snowscape|[upkeep]
|upkeep
|turn|6
|
|t:|1757866935
|move|p1a: Zapdos|Thunderous Kick|p2a: Centurion
|-supereffective|p2a: Centurion
|-damage|p2a: Centurion|0 fnt
|faint|p2a: Centurion
|
|-weather|Snowscape|[upkeep]
|-hint|Future Sight did not hit because the target is fainted.
|upkeep
|
|t:|1757866955
|switch|p2a: The Raichu|Raichu, F, shiny|100/100
|turn|7
|
|t:|1757866961
|switch|p1a: Slowking|Slowking-Galar, M|75/100
|move|p2a: The Raichu|Thunderbolt|p1a: Slowking
|-crit|p1a: Slowking
|-damage|p1a: Slowking|43/100
|
|-weather|Snowscape|[upkeep]
|upkeep
|turn|8
|
|t:|1757866969
|move|p2a: The Raichu|Electro Ball|p1a: Slowking
|-damage|p1a: Slowking|15/100
|-prepare|p1a: Slowking|Chilly Reception|[premajor]
|move|p1a: Slowking|Chilly Reception|p1a: Slowking
|
|t:|1757866975
|switch|p1a: Dragapult|Dragapult, M|100/100|[from] Chilly Reception
|
|-weather|Snowscape|[upkeep]
|upkeep
|turn|9
|
|t:|1757866982
|move|p1a: Dragapult|Draco Meteor|p2a: The Raichu
|-damage|p2a: The Raichu|0 fnt
|-unboost|p1a: Dragapult|spa|2
|faint|p2a: The Raichu
|
|-weather|none
|upkeep
|
|t:|1757866988
|switch|p2a: Sylveon|Sylveon, M, shiny|100/100
|turn|10
|
|t:|1757867009
|switch|p1a: Slowking|Slowking-Galar, M|48/100
|move|p2a: Sylveon|Moonblast|p1a: Slowking
|-resisted|p1a: Slowking
|-damage|p1a: Slowking|38/100
|
|upkeep
|turn|11
|
|t:|1757867018
|switch|p2a: Kensei|Kingambit, M|100/100
|-activate|p2a: Kensei|ability: Supreme Overlord
|-start|p2a: Kensei|fallen3|[silent]
|move|p1a: Slowking|Toxic|p2a: Kensei
|-immune|p2a: Kensei
|
|upkeep
|turn|12
|
|t:|1757867040
|switch|p1a: Landorus|Landorus-Therian, M|100/100
|-ability|p1a: Landorus|Intimidate|boost
|-unboost|p2a: Kensei|atk|1
|move|p2a: Kensei|Kowtow Cleave|p1a: Landorus
|-damage|p1a: Landorus|75/100
|-damage|p2a: Kensei|84/100|[from] item: Rocky Helmet|[of] p1a: Landorus
|
|-heal|p2a: Kensei|90/100|[from] item: Leftovers
|upkeep
|turn|13
|inactive|IDWTLA has 120 seconds left.
|
|t:|1757867058
|move|p2a: Kensei|Sucker Punch|p1a: Landorus
|-damage|p1a: Landorus|51/100
|-damage|p2a: Kensei|74/100|[from] item: Rocky Helmet|[of] p1a: Landorus
|move|p1a: Landorus|Earthquake|p2a: Kensei
|-supereffective|p2a: Kensei
|-damage|p2a: Kensei|9/100
|
|-heal|p2a: Kensei|15/100|[from] item: Leftovers
|upkeep
|turn|14
|c|☆IDWTLA|Gg
|inactive|IDWTLA has 120 seconds left.
|
|t:|1757867082
|move|p2a: Kensei|Sucker Punch||[still]
|-fail|p2a: Kensei
|move|p1a: Landorus|Stealth Rock|p2a: Kensei
|-sidestart|p2: gamical|move: Stealth Rock
|
|-heal|p2a: Kensei|21/100|[from] item: Leftovers
|upkeep
|turn|15
|
|t:|1757867091
|move|p2a: Kensei|Sucker Punch|p1a: Landorus
|-damage|p1a: Landorus|28/100
|-damage|p2a: Kensei|5/100|[from] item: Rocky Helmet|[of] p1a: Landorus
|move|p1a: Landorus|U-turn|p2a: Kensei
|-damage|p2a: Kensei|0 fnt
|faint|p2a: Kensei
|-end|p2a: Kensei|fallen3|[silent]
|
|t:|1757867119
|switch|p1a: Zapdos|Zapdos-Galar|84/100|[from] U-turn
|
|upkeep
|
|t:|1757867123
|switch|p2a: Gooon|Chandelure, M, shiny|100/100
|turn|16
|
|t:|1757867143
|move|p1a: Zapdos|Brave Bird|p2a: Gooon
|-damage|p2a: Gooon|0 fnt
|faint|p2a: Gooon
|-damage|p1a: Zapdos|52/100|[from] Recoil
|
|upkeep
|
|t:|1757867148
|switch|p2a: Sylveon|Sylveon, M, shiny|100/100
|-damage|p2a: Sylveon|88/100|[from] Stealth Rock
|turn|17
|inactive|IDWTLA has 90 seconds left.
|
|t:|1757867170
|switch|p1a: Slowking|Slowking-Galar, M|71/100
|move|p2a: Sylveon|Moonblast|p1a: Slowking
|-resisted|p1a: Slowking
|-crit|p1a: Slowking
|-damage|p1a: Slowking|55/100
|
|-heal|p2a: Sylveon|94/100|[from] item: Leftovers
|upkeep
|turn|18
|
|t:|1757867179
|move|p2a: Sylveon|Calm Mind|p2a: Sylveon
|-boost|p2a: Sylveon|spa|1
|-boost|p2a: Sylveon|spd|1
|move|p1a: Slowking|Toxic|p2a: Sylveon
|-status|p2a: Sylveon|tox
|
|-heal|p2a: Sylveon|100/100 tox|[from] item: Leftovers
|-damage|p2a: Sylveon|94/100 tox|[from] psn
|upkeep
|turn|19
|
|t:|1757867189
|move|p2a: Sylveon|Calm Mind|p2a: Sylveon
|-boost|p2a: Sylveon|spa|1
|-boost|p2a: Sylveon|spd|1
|move|p1a: Slowking|Sludge Bomb|p2a: Sylveon
|-supereffective|p2a: Sylveon
|-damage|p2a: Sylveon|70/100 tox
|
|-heal|p2a: Sylveon|76/100 tox|[from] item: Leftovers
|-damage|p2a: Sylveon|64/100 tox|[from] psn
|upkeep
|turn|20
|
|t:|1757867205
|move|p2a: Sylveon|Moonblast|p1a: Slowking
|-resisted|p1a: Slowking
|-damage|p1a: Slowking|32/100
|-unboost|p1a: Slowking|spa|1
|-prepare|p1a: Slowking|Chilly Reception|[premajor]
|move|p1a: Slowking|Chilly Reception|p1a: Slowking
|-weather|Snowscape
|inactive|IDWTLA has 90 seconds left.
|
|t:|1757867222
|switch|p1a: Zapdos|Zapdos-Galar|52/100|[from] Chilly Reception
|
|-weather|Snowscape|[upkeep]
|-heal|p2a: Sylveon|70/100 tox|[from] item: Leftovers
|-damage|p2a: Sylveon|52/100 tox|[from] psn
|upkeep
|turn|21
|inactive|IDWTLA has 90 seconds left.
|
|t:|1757867238
|move|p1a: Zapdos|Brave Bird|p2a: Sylveon
|-damage|p2a: Sylveon|0 fnt
|faint|p2a: Sylveon
|-damage|p1a: Zapdos|33/100|[from] Recoil
|
|win|IDWTLA
|raw|IDWTLA's rating: 1041 &rarr; <strong>1078</strong><br />(+37 for winning)
|raw|gamical's rating: 1077 &rarr; <strong>1053</strong><br />(-24 for losing)
|l|☆gamical
|player|p2|
