|j|‽Flocking glock
|j|☆L7mineon
|t:|1757786987
|gametype|singles
|player|p1|Flocking glock|102|1407
|player|p2|L7mineon|swimmerf-gen4dp|1400
|gen|9
|tier|[Gen 9] OU
|rated|
|rule|HP Percentage Mod: HP is shown in percentages
|rule|Endless Battle Clause: Forcing endless battles is banned
|rule|Species Clause: Limit one of each Pokémon
|rule|OHKO Clause: OHKO moves are banned
|rule|Evasion Items Clause: Evasion items are banned
|rule|Evasion Moves Clause: Evasion moves are banned
|rule|Evasion Abilities Clause: Evasion abilities are banned
|rule|Sleep Moves Clause: Sleep-inducing moves are banned
|clearpoke
|poke|p1|Heatran, M|
|poke|p1|Ogerpon-Wellspring, F|
|poke|p1|Rillaboom, M|
|poke|p1|Great Tusk|
|poke|p1|Dragapult, M|
|poke|p1|Bronzong|
|poke|p2|Kyurem|
|poke|p2|Moltres|
|poke|p2|Quagsire, F|
|poke|p2|Dragapult, F|
|poke|p2|Slowking-Galar, F|
|poke|p2|Slither Wing|
|teampreview
|
|t:|1757787009
|teamsize|p1|6
|teamsize|p2|6
|start
|switch|p1a: Rillaboom|Rillaboom, M|100/100
|switch|p2a: Quagsire|Quagsire, F|100/100
|-fieldstart|move: Grassy Terrain|[from] ability: Grassy Surge|[of] p1a: Rillaboom
|turn|1
|
|t:|1757787023
|switch|p2a: Slither Wing|Slither Wing|100/100
|move|p1a: Rillaboom|Knock Off|p2a: Slither Wing
|-resisted|p2a: Slither Wing
|-damage|p2a: Slither Wing|85/100
|-damage|p1a: Rillaboom|84/100|[from] item: Rocky Helmet|[of] p2a: Slither Wing
|-enditem|p2a: Slither Wing|Rocky Helmet|[from] move: Knock Off|[of] p1a: Rillaboom
|
|-heal|p1a: Rillaboom|90/100|[from] Grassy Terrain
|-heal|p2a: Slither Wing|91/100|[from] Grassy Terrain
|upkeep
|turn|2
|
|t:|1757787049
|switch|p1a: Great Tusk|Great Tusk|100/100
|move|p2a: Slither Wing|Low Kick|p1a: Great Tusk
|-damage|p1a: Great Tusk|61/100
|
|-heal|p1a: Great Tusk|67/100|[from] Grassy Terrain
|-heal|p2a: Slither Wing|98/100|[from] Grassy Terrain
|upkeep
|turn|3
|
|t:|1757787072
|-end|p1a: Great Tusk|Protosynthesis|[silent]
|switch|p1a: Dragapult|Dragapult, M|100/100
|-end|p2a: Slither Wing|Protosynthesis|[silent]
|switch|p2a: Moltres|Moltres|100/100
|
|upkeep
|turn|4
|inactive|Battle timer is ON: inactive players will automatically lose when time's up. (requested by L7mineon)
|
|t:|1757787097
|move|p1a: Dragapult|Draco Meteor|p2a: Moltres
|-crit|p2a: Moltres
|-damage|p2a: Moltres|0 fnt
|-unboost|p1a: Dragapult|spa|2
|faint|p2a: Moltres
|
|upkeep
|
|t:|1757787111
|switch|p2a: Quagsire|Quagsire, F|100/100
|turn|5
|
|t:|1757787140
|switch|p1a: Rillaboom|Rillaboom, M|90/100
|move|p2a: Quagsire|Stealth Rock|p1a: Rillaboom
|-sidestart|p1: Flocking glock|move: Stealth Rock
|
|-heal|p1a: Rillaboom|96/100|[from] Grassy Terrain
|upkeep
|turn|6
|inactive|L7mineon has 120 seconds left.
|inactive|L7mineon has 90 seconds left.
|
|t:|1757787209
|switch|p2a: Slither Wing|Slither Wing|98/100
|move|p1a: Rillaboom|U-turn|p2a: Slither Wing
|-resisted|p2a: Slither Wing
|-damage|p2a: Slither Wing|87/100
|inactive|Flocking glock has 120 seconds left.
|
|t:|1757787227
|switch|p1a: Heatran|Heatran, M|100/100|[from] U-turn
|-damage|p1a: Heatran|88/100|[from] Stealth Rock
|
|-heal|p1a: Heatran|94/100|[from] Grassy Terrain
|-heal|p1a: Heatran|100/100|[from] item: Leftovers
|-heal|p2a: Slither Wing|93/100|[from] Grassy Terrain
|upkeep
|turn|7
|inactive|L7mineon has 90 seconds left.
|
|t:|1757787241
|move|p1a: Heatran|Magma Storm|p2a: Slither Wing
|-supereffective|p2a: Slither Wing
|-damage|p2a: Slither Wing|11/100
|-activate|p2a: Slither Wing|move: Magma Storm|[of] p1a: Heatran
|move|p2a: Slither Wing|Low Kick|p1a: Heatran
|-supereffective|p1a: Heatran
|-damage|p1a: Heatran|2/100
|
|-heal|p1a: Heatran|9/100|[from] Grassy Terrain
|-heal|p1a: Heatran|15/100|[from] item: Leftovers
|-heal|p2a: Slither Wing|17/100|[from] Grassy Terrain
|-damage|p2a: Slither Wing|5/100|[from] move: Magma Storm|[partiallytrapped]
|upkeep
|turn|8
|inactive|L7mineon has 90 seconds left.
|inactive|Flocking glock has 120 seconds left.
|
|t:|1757787271
|move|p1a: Heatran|Heavy Slam|p2a: Slither Wing
|-damage|p2a: Slither Wing|0 fnt
|faint|p2a: Slither Wing
|-end|p2a: Slither Wing|Protosynthesis|[silent]
|
|-heal|p1a: Heatran|21/100|[from] Grassy Terrain
|-heal|p1a: Heatran|27/100|[from] item: Leftovers
|-fieldend|move: Grassy Terrain
|upkeep
|inactive|L7mineon has 60 seconds left.
|
|t:|1757787293
|switch|p2a: Dragapult|Dragapult, F|100/100
|turn|9
|inactive|Flocking glock has 120 seconds left.
|
|t:|1757787316
|move|p2a: Dragapult|Shadow Ball|p1a: Heatran
|-damage|p1a: Heatran|0 fnt
|faint|p1a: Heatran
|
|upkeep
|
|t:|1757787320
|switch|p1a: Dragapult|Dragapult, M|100/100
|-damage|p1a: Dragapult|88/100|[from] Stealth Rock
|turn|10
|
|t:|1757787325
|-terastallize|p1a: Dragapult|Fairy
|-terastallize|p2a: Dragapult|Normal
|move|p1a: Dragapult|Shadow Ball|p2a: Dragapult
|-immune|p2a: Dragapult
|move|p2a: Dragapult|Shadow Ball|p1a: Dragapult
|-damage|p1a: Dragapult|16/100
|
|upkeep
|turn|11
|
|t:|1757787333
|switch|p1a: Rillaboom|Rillaboom, M|96/100
|-damage|p1a: Rillaboom|84/100|[from] Stealth Rock
|-fieldstart|move: Grassy Terrain|[from] ability: Grassy Surge|[of] p1a: Rillaboom
|move|p2a: Dragapult|Shadow Ball|p1a: Rillaboom
|-damage|p1a: Rillaboom|18/100
|
|-heal|p1a: Rillaboom|24/100|[from] Grassy Terrain
|upkeep
|turn|12
|inactive|L7mineon has 90 seconds left.
|
|t:|1757787352
|switch|p2a: Quagsire|Quagsire, F|100/100
|move|p1a: Rillaboom|Grassy Glide|p2a: Quagsire
|-supereffective|p2a: Quagsire
|-damage|p2a: Quagsire|0 fnt
|faint|p2a: Quagsire
|
|-heal|p1a: Rillaboom|30/100|[from] Grassy Terrain
|upkeep
|
|t:|1757787366
|switch|p2a: Kyurem|Kyurem|100/100
|-ability|p2a: Kyurem|Pressure
|turn|13
|
|t:|1757787376
|switch|p2a: Dragapult|Dragapult, F, tera:Normal|100/100
|switch|p1a: Bronzong|Bronzong, shiny|100/100
|-damage|p1a: Bronzong|94/100|[from] Stealth Rock
|
|upkeep
|turn|14
|
|t:|1757787384
|move|p2a: Dragapult|Shadow Ball|p1a: Bronzong
|-supereffective|p1a: Bronzong
|-damage|p1a: Bronzong|9/100
|move|p1a: Bronzong|Future Sight|p2a: Dragapult
|-start|p1a: Bronzong|move: Future Sight
|
|upkeep
|turn|15
|
|t:|1757787391
|move|p2a: Dragapult|Shadow Ball|p1a: Bronzong
|-supereffective|p1a: Bronzong
|-damage|p1a: Bronzong|0 fnt
|faint|p1a: Bronzong
|
|upkeep
|
|t:|1757787397
|switch|p1a: Ogerpon|Ogerpon-Wellspring, F|100/100
|-damage|p1a: Ogerpon|88/100|[from] Stealth Rock
|turn|16
|
|t:|1757787413
|move|p2a: Dragapult|Shadow Ball|p1a: Ogerpon
|-damage|p1a: Ogerpon|28/100
|move|p1a: Ogerpon|Swords Dance|p1a: Ogerpon
|-boost|p1a: Ogerpon|atk|2
|
|-end|p2a: Dragapult|move: Future Sight
|-damage|p2a: Dragapult|52/100
|-heal|p2a: Dragapult|58/100|[from] Grassy Terrain
|-heal|p1a: Ogerpon|34/100|[from] Grassy Terrain
|upkeep
|turn|17
|
|t:|1757787418
|move|p1a: Ogerpon|Grassy Glide|p2a: Dragapult
|-damage|p2a: Dragapult|0 fnt
|faint|p2a: Dragapult
|
|-heal|p1a: Ogerpon|40/100|[from] Grassy Terrain
|upkeep
|
|t:|1757787431
|switch|p2a: Kyurem|Kyurem|100/100
|-ability|p2a: Kyurem|Pressure
|turn|18
|
|t:|1757787436
|move|p1a: Ogerpon|Play Rough|p2a: Kyurem
|-supereffective|p2a: Kyurem
|-damage|p2a: Kyurem|0 fnt
|faint|p2a: Kyurem
|
|-heal|p1a: Ogerpon|46/100|[from] Grassy Terrain
|-fieldend|move: Grassy Terrain
|upkeep
|
|t:|1757787443
|switch|p2a: Slowking|Slowking-Galar, F|100/100
|turn|19
|
|t:|1757787445
|move|p1a: Ogerpon|Ivy Cudgel|p2a: Slowking|[anim] Ivy Cudgel Water
|-damage|p2a: Slowking|0 fnt
|faint|p2a: Slowking
|
|win|Flocking glock
|raw|Flocking glock's rating: 1407 &rarr; <strong>1427</strong><br />(+20 for winning)
|raw|L7mineon's rating: 1400 &rarr; <strong>1380</strong><br />(-20 for losing)
|l|☆L7mineon
|player|p2|
