|j|☆hcino
|j|☆Ivanpmd
|t:|1757844484
|gametype|singles
|player|p1|hcino|red|1177
|player|p2|Ivanpmd|cheren-gen5bw2|1225
|gen|9
|tier|[Gen 9] OU
|rated|
|rule|HP Percentage Mod: HP is shown in percentages
|rule|Endless Battle Clause: Forcing endless battles is banned
|rule|Species Clause: Limit one of each Pokémon
|rule|OHKO Clause: OHKO moves are banned
|rule|Evasion Items Clause: Evasion items are banned
|rule|Evasion Moves Clause: Evasion moves are banned
|rule|Evasion Abilities Clause: Evasion abilities are banned
|rule|Sleep Moves Clause: Sleep-inducing moves are banned
|clearpoke
|poke|p1|Pelipper, F|
|poke|p1|Barraskewda, M|
|poke|p1|Iron Treads|
|poke|p1|Kingambit, M|
|poke|p1|Kingdra, F|
|poke|p1|Araquanid, M|
|poke|p2|Zapdos|
|poke|p2|Zamazenta-*|
|poke|p2|Corviknight, M|
|poke|p2|Primarina, F|
|poke|p2|Ursaluna, M|
|poke|p2|Weavile, F|
|teampreview
|inactive|Battle timer is ON: inactive players will automatically lose when time's up. (requested by Ivanpmd)
|
|t:|1757844494
|teamsize|p1|6
|teamsize|p2|6
|start
|switch|p1a: Pelipper|Pelipper, F|100/100
|switch|p2a: Zapdos|Zapdos, shiny|100/100
|-weather|RainDance|[from] ability: Drizzle|[of] p1a: Pelipper
|turn|1
|
|t:|1757844502
|switch|p1a: Iron Treads|Iron Treads|100/100
|-enditem|p1a: Iron Treads|Booster Energy
|-activate|p1a: Iron Treads|ability: Quark Drive|[fromitem]
|-start|p1a: Iron Treads|quarkdrivespe
|move|p2a: Zapdos|Discharge|p1a: Iron Treads
|-immune|p1a: Iron Treads
|
|-weather|RainDance|[upkeep]
|upkeep
|turn|2
|
|t:|1757844513
|move|p1a: Iron Treads|Stealth Rock|p2a: Zapdos
|-sidestart|p2: Ivanpmd|move: Stealth Rock
|move|p2a: Zapdos|Hurricane|p1a: Iron Treads
|-resisted|p1a: Iron Treads
|-crit|p1a: Iron Treads
|-damage|p1a: Iron Treads|51/100
|
|-weather|RainDance|[upkeep]
|upkeep
|turn|3
|
|t:|1757844522
|move|p1a: Iron Treads|Iron Head|p2a: Zapdos
|-resisted|p2a: Zapdos
|-damage|p2a: Zapdos|85/100
|move|p2a: Zapdos|Hurricane|p1a: Iron Treads
|-resisted|p1a: Iron Treads
|-damage|p1a: Iron Treads|17/100
|
|-weather|RainDance|[upkeep]
|upkeep
|turn|4
|
|t:|1757844532
|-end|p1a: Iron Treads|Quark Drive|[silent]
|switch|p1a: Kingdra|Kingdra, F|100/100
|move|p2a: Zapdos|Hurricane|p1a: Kingdra
|-damage|p1a: Kingdra|45/100
|-start|p1a: Kingdra|confusion
|
|-weather|RainDance|[upkeep]
|upkeep
|turn|5
|
|t:|1757844542
|-activate|p1a: Kingdra|confusion
|-damage|p1a: Kingdra|36/100|[from] confusion
|move|p2a: Zapdos|Hurricane|p1a: Kingdra
|-damage|p1a: Kingdra|0 fnt
|faint|p1a: Kingdra
|
|-weather|RainDance|[upkeep]
|upkeep
|
|t:|1757844545
|switch|p1a: Barraskewda|Barraskewda, M|100/100
|turn|6
|
|t:|1757844553
|move|p1a: Barraskewda|Flip Turn|p2a: Zapdos
|-damage|p2a: Zapdos|18/100
|-status|p1a: Barraskewda|par|[from] ability: Static|[of] p2a: Zapdos
|
|t:|1757844560
|switch|p1a: Araquanid|Araquanid, M|100/100|[from] Flip Turn
|move|p2a: Zapdos|Discharge|p1a: Araquanid
|-supereffective|p1a: Araquanid
|-damage|p1a: Araquanid|48/100
|
|-weather|RainDance|[upkeep]
|upkeep
|turn|7
|
|t:|1757844570
|move|p2a: Zapdos|Hurricane|p1a: Araquanid
|-supereffective|p1a: Araquanid
|-damage|p1a: Araquanid|0 fnt
|faint|p1a: Araquanid
|
|-weather|RainDance|[upkeep]
|upkeep
|-message|hcino forfeited.
|
|win|Ivanpmd
|raw|hcino's rating: 1177 &rarr; <strong>1155</strong><br />(-22 for losing)
|raw|Ivanpmd's rating: 1225 &rarr; <strong>1247</strong><br />(+22 for winning)
|l|☆hcino
|player|p1|
