|j|☆zast3133
|j|☆Hyjack
|t:|1757914614
|gametype|singles
|player|p1|zast3133|nate|1358
|player|p2|Hyjack|cynthia-gen4|1293
|gen|9
|tier|[Gen 9] OU
|rated|
|rule|HP Percentage Mod: HP is shown in percentages
|rule|Endless Battle Clause: Forcing endless battles is banned
|rule|Species Clause: Limit one of each Pokémon
|rule|OHKO Clause: OHKO moves are banned
|rule|Evasion Items Clause: Evasion items are banned
|rule|Evasion Moves Clause: Evasion moves are banned
|rule|Evasion Abilities Clause: Evasion abilities are banned
|rule|Sleep Moves Clause: Sleep-inducing moves are banned
|clearpoke
|poke|p1|Raging Bolt|
|poke|p1|Dondozo, M|
|poke|p1|Scizor, M|
|poke|p1|Iron Crown|
|poke|p1|Clefable, F|
|poke|p1|Primeape, M|
|poke|p2|Hydrapple, F|
|poke|p2|Primarina, M|
|poke|p2|Heatran, M|
|poke|p2|Thundurus, M|
|poke|p2|Great Tusk|
|poke|p2|Scizor, M|
|teampreview
|inactive|Battle timer is ON: inactive players will automatically lose when time's up. (requested by zast3133)
|
|t:|1757914629
|teamsize|p1|6
|teamsize|p2|6
|start
|switch|p1a: Clefable|Clefable, F, shiny|100/100
|switch|p2a: Hydrapple|Hydrapple, F|100/100
|turn|1
|
|t:|1757914643
|switch|p2a: Heatran|Heatran, M|100/100
|move|p1a: Clefable|Stealth Rock|p2a: Heatran
|-sidestart|p2: Hyjack|move: Stealth Rock
|
|upkeep
|turn|2
|
|t:|1757914655
|switch|p1a: Primeape|Primeape, M, shiny|100/100
|move|p2a: Heatran|Stealth Rock|p1a: Primeape
|-sidestart|p1: zast3133|move: Stealth Rock
|
|upkeep
|turn|3
|
|t:|1757914661
|switch|p2a: Great Tusk|Great Tusk|100/100
|move|p1a: Primeape|Taunt|p2a: Great Tusk
|-start|p2a: Great Tusk|move: Taunt
|
|upkeep
|turn|4
|
|t:|1757914667
|move|p2a: Great Tusk|Rapid Spin|p1a: Primeape
|-damage|p1a: Primeape|82/100
|-boost|p2a: Great Tusk|spe|1
|-sideend|p2: Hyjack|Stealth Rock|[from] move: Rapid Spin|[of] p2a: Great Tusk
|move|p1a: Primeape|Bulk Up|p1a: Primeape
|-boost|p1a: Primeape|atk|1
|-boost|p1a: Primeape|def|1
|
|upkeep
|turn|5
|
|t:|1757914677
|-end|p2a: Great Tusk|Protosynthesis|[silent]
|switch|p2a: Scizor|Scizor, M|100/100
|move|p1a: Primeape|Bulk Up|p1a: Primeape
|-boost|p1a: Primeape|atk|1
|-boost|p1a: Primeape|def|1
|
|upkeep
|turn|6
|
|t:|1757914684
|-terastallize|p2a: Scizor|Flying
|move|p1a: Primeape|Drain Punch|p2a: Scizor
|-resisted|p2a: Scizor
|-damage|p2a: Scizor|70/100
|-heal|p1a: Primeape|96/100|[from] drain|[of] p2a: Scizor
|move|p2a: Scizor|Dual Wingbeat|p1a: Primeape
|-supereffective|p1a: Primeape
|-damage|p1a: Primeape|42/100
|-supereffective|p1a: Primeape
|-damage|p1a: Primeape|0 fnt
|faint|p1a: Primeape
|-hitcount|p1: Primeape|2
|
|upkeep
|
|t:|1757914699
|switch|p1a: Raging Bolt|Raging Bolt|100/100
|-damage|p1a: Raging Bolt|88/100|[from] Stealth Rock
|-enditem|p1a: Raging Bolt|Booster Energy
|-activate|p1a: Raging Bolt|ability: Protosynthesis|[fromitem]
|-start|p1a: Raging Bolt|protosynthesisspa
|turn|7
|
|t:|1757914715
|switch|p2a: Great Tusk|Great Tusk|100/100
|move|p1a: Raging Bolt|Calm Mind|p1a: Raging Bolt
|-boost|p1a: Raging Bolt|spa|1
|-boost|p1a: Raging Bolt|spd|1
|
|upkeep
|turn|8
|
|t:|1757914724
|-terastallize|p1a: Raging Bolt|Fairy
|move|p2a: Great Tusk|Headlong Rush|p1a: Raging Bolt
|-crit|p1a: Raging Bolt
|-damage|p1a: Raging Bolt|11/100
|-unboost|p2a: Great Tusk|def|1
|-unboost|p2a: Great Tusk|spd|1
|move|p1a: Raging Bolt|Dragon Pulse|p2a: Great Tusk
|-damage|p2a: Great Tusk|0 fnt
|faint|p2a: Great Tusk
|-end|p2a: Great Tusk|Protosynthesis|[silent]
|
|upkeep
|
|t:|1757914733
|switch|p2a: Heatran|Heatran, M|100/100
|turn|9
|
|t:|1757914738
|move|p2a: Heatran|Earth Power|p1a: Raging Bolt
|-damage|p1a: Raging Bolt|0 fnt
|faint|p1a: Raging Bolt
|-end|p1a: Raging Bolt|Protosynthesis|[silent]
|
|upkeep
|
|t:|1757914745
|switch|p1a: Dondozo|Dondozo, M, shiny|100/100
|-damage|p1a: Dondozo|88/100|[from] Stealth Rock
|turn|10
|
|t:|1757914752
|move|p2a: Heatran|Taunt|p1a: Dondozo
|-start|p1a: Dondozo|move: Taunt
|cant|p1a: Dondozo|move: Taunt|Curse
|
|-heal|p1a: Dondozo|94/100|[from] item: Leftovers
|upkeep
|turn|11
|
|t:|1757914759
|switch|p2a: Thundurus|Thundurus, M|100/100
|move|p1a: Dondozo|Avalanche|p2a: Thundurus
|-supereffective|p2a: Thundurus
|-damage|p2a: Thundurus|60/100
|
|-heal|p1a: Dondozo|100/100|[from] item: Leftovers
|upkeep
|turn|12
|
|t:|1757914768
|move|p2a: Thundurus|Volt Switch|p1a: Dondozo
|-supereffective|p1a: Dondozo
|-damage|p1a: Dondozo|58/100
|
|t:|1757914771
|switch|p2a: Primarina|Primarina, M|100/100|[from] Volt Switch
|move|p1a: Dondozo|Avalanche|p2a: Primarina
|-resisted|p2a: Primarina
|-damage|p2a: Primarina|91/100
|
|-heal|p1a: Dondozo|65/100|[from] item: Leftovers
|-end|p1a: Dondozo|move: Taunt
|upkeep
|turn|13
|
|t:|1757914787
|switch|p1a: Iron Crown|Iron Crown|100/100
|-damage|p1a: Iron Crown|94/100|[from] Stealth Rock
|-item|p1a: Iron Crown|Air Balloon
|move|p2a: Primarina|Whirlpool|p1a: Iron Crown|[miss]
|-miss|p2a: Primarina|p1a: Iron Crown
|
|upkeep
|turn|14
|
|t:|1757914796
|move|p1a: Iron Crown|Calm Mind|p1a: Iron Crown
|-boost|p1a: Iron Crown|spa|1
|-boost|p1a: Iron Crown|spd|1
|move|p2a: Primarina|Psychic Noise|p1a: Iron Crown
|-damage|p1a: Iron Crown|66/100
|-start|p1a: Iron Crown|move: Heal Block
|-enditem|p1a: Iron Crown|Air Balloon
|
|upkeep
|turn|15
|
|t:|1757914807
|move|p1a: Iron Crown|Tachyon Cutter|p2a: Primarina
|-damage|p2a: Primarina|69/100
|-damage|p2a: Primarina|47/100
|-hitcount|p2a: Primarina|2
|move|p2a: Primarina|Whirlpool|p1a: Iron Crown
|-damage|p1a: Iron Crown|54/100
|-activate|p1a: Iron Crown|move: Whirlpool|[of] p2a: Primarina
|
|-damage|p1a: Iron Crown|41/100|[from] move: Whirlpool|[partiallytrapped]
|-end|p1a: Iron Crown|move: Heal Block
|upkeep
|turn|16
|
|t:|1757914821
|move|p1a: Iron Crown|Tachyon Cutter|p2a: Primarina
|-damage|p2a: Primarina|25/100
|-damage|p2a: Primarina|4/100
|-hitcount|p2a: Primarina|2
|move|p2a: Primarina|Psychic Noise|p1a: Iron Crown
|-damage|p1a: Iron Crown|11/100
|-start|p1a: Iron Crown|move: Heal Block
|
|-damage|p1a: Iron Crown|0 fnt|[from] move: Whirlpool|[partiallytrapped]
|faint|p1a: Iron Crown
|-end|p1a: Iron Crown|Quark Drive|[silent]
|upkeep
|inactive|zast3133 has 120 seconds left.
|
|t:|1757914875
|switch|p1a: Scizor|Scizor, M, shiny|100/100
|-damage|p1a: Scizor|88/100|[from] Stealth Rock
|turn|17
|
|t:|1757914896
|switch|p2a: Hydrapple|Hydrapple, F|100/100
|move|p1a: Scizor|U-turn|p2a: Hydrapple
|-supereffective|p2a: Hydrapple
|-damage|p2a: Hydrapple|12/100
|
|t:|1757914908
|switch|p1a: Clefable|Clefable, F, shiny|100/100|[from] U-turn
|-damage|p1a: Clefable|88/100|[from] Stealth Rock
|
|-heal|p1a: Clefable|94/100|[from] item: Leftovers
|upkeep
|turn|18
|
|t:|1757914920
|switch|p2a: Primarina|Primarina, M|4/100
|move|p1a: Clefable|Thunder Wave|p2a: Primarina
|-status|p2a: Primarina|par
|
|-heal|p1a: Clefable|99/100|[from] item: Leftovers
|upkeep
|turn|19
|
|t:|1757914928
|move|p1a: Clefable|Stealth Rock|p2a: Primarina
|-sidestart|p2: Hyjack|move: Stealth Rock
|move|p2a: Primarina|Moonblast|p1a: Clefable
|-damage|p1a: Clefable|65/100
|
|-heal|p1a: Clefable|71/100|[from] item: Leftovers
|upkeep
|turn|20
|
|t:|1757914936
|move|p1a: Clefable|Moonblast|p2a: Primarina
|-damage|p2a: Primarina|0 fnt
|faint|p2a: Primarina
|
|-heal|p1a: Clefable|77/100|[from] item: Leftovers
|upkeep
|
|t:|1757914939
|switch|p2a: Scizor|Scizor, M, tera:Flying|70/100
|-damage|p2a: Scizor|45/100|[from] Stealth Rock
|turn|21
|
|t:|1757914948
|move|p2a: Scizor|Dual Wingbeat|p1a: Clefable
|-damage|p1a: Clefable|19/100
|-damage|p1a: Clefable|0 fnt
|faint|p1a: Clefable
|-hitcount|p1: Clefable|2
|
|upkeep
|
|t:|1757914963
|switch|p1a: Scizor|Scizor, M, shiny|88/100
|-damage|p1a: Scizor|75/100|[from] Stealth Rock
|turn|22
|
|t:|1757914967
|move|p1a: Scizor|Bullet Punch|p2a: Scizor
|-damage|p2a: Scizor|0 fnt
|faint|p2a: Scizor
|
|upkeep
|
|t:|1757914969
|switch|p2a: Heatran|Heatran, M|100/100
|-damage|p2a: Heatran|88/100|[from] Stealth Rock
|turn|23
|
|t:|1757914975
|switch|p1a: Dondozo|Dondozo, M, shiny|65/100
|-damage|p1a: Dondozo|52/100|[from] Stealth Rock
|move|p2a: Heatran|Earth Power|p1a: Dondozo
|-damage|p1a: Dondozo|28/100
|
|-heal|p2a: Heatran|94/100|[from] item: Leftovers
|-heal|p1a: Dondozo|34/100|[from] item: Leftovers
|upkeep
|turn|24
|
|t:|1757914985
|move|p2a: Heatran|Taunt|p1a: Dondozo
|-start|p1a: Dondozo|move: Taunt
|move|p1a: Dondozo|Waterfall|p2a: Heatran
|-supereffective|p2a: Heatran
|-damage|p2a: Heatran|34/100
|
|-heal|p2a: Heatran|40/100|[from] item: Leftovers
|-heal|p1a: Dondozo|41/100|[from] item: Leftovers
|upkeep
|turn|25
|
|t:|1757914995
|switch|p2a: Hydrapple|Hydrapple, F|45/100
|-damage|p2a: Hydrapple|32/100|[from] Stealth Rock
|move|p1a: Dondozo|Avalanche|p2a: Hydrapple
|-supereffective|p2a: Hydrapple
|-damage|p2a: Hydrapple|0 fnt
|faint|p2a: Hydrapple
|
|-heal|p1a: Dondozo|47/100|[from] item: Leftovers
|upkeep
|
|t:|1757915001
|switch|p2a: Thundurus|Thundurus, M|60/100
|-damage|p2a: Thundurus|35/100|[from] Stealth Rock
|turn|26
|
|t:|1757915009
|move|p2a: Thundurus|Volt Switch|p1a: Dondozo
|-supereffective|p1a: Dondozo
|-damage|p1a: Dondozo|11/100
|
|t:|1757915012
|switch|p2a: Heatran|Heatran, M|40/100|[from] Volt Switch
|-damage|p2a: Heatran|28/100|[from] Stealth Rock
|move|p1a: Dondozo|Avalanche|p2a: Heatran
|-resisted|p2a: Heatran
|-damage|p2a: Heatran|25/100
|
|-heal|p2a: Heatran|31/100|[from] item: Leftovers
|-heal|p1a: Dondozo|17/100|[from] item: Leftovers
|-end|p1a: Dondozo|move: Taunt
|upkeep
|turn|27
|
|t:|1757915025
|move|p2a: Heatran|Earth Power|p1a: Dondozo
|-damage|p1a: Dondozo|0 fnt
|faint|p1a: Dondozo
|
|-heal|p2a: Heatran|37/100|[from] item: Leftovers
|upkeep
|
|t:|1757915031
|switch|p1a: Scizor|Scizor, M, shiny|75/100
|-damage|p1a: Scizor|63/100|[from] Stealth Rock
|turn|28
|
|t:|1757915039
|move|p2a: Heatran|Magma Storm|p1a: Scizor
|-supereffective|p1a: Scizor
|-damage|p1a: Scizor|0 fnt
|faint|p1a: Scizor
|
|win|Hyjack
|raw|zast3133's rating: 1358 &rarr; <strong>1334</strong><br />(-24 for losing)
|raw|Hyjack's rating: 1293 &rarr; <strong>1323</strong><br />(+30 for winning)
|l|☆Hyjack
|player|p2|
|j|☆Hyjack
|player|p2|Hyjack|cynthia-gen4|
|l|☆Hyjack
|player|p2|
|l|☆zast3133
|player|p1|
