|j|☆UltraGodGreninja
|j|☆sanshater12
|t:|1757871645
|gametype|singles
|player|p1|UltraGodGreninja|skyla|1584
|player|p2|sanshater12|169|1592
|gen|9
|tier|[Gen 9] OU
|rated|
|rule|HP Percentage Mod: HP is shown in percentages
|rule|Endless Battle Clause: Forcing endless battles is banned
|rule|Species Clause: Limit one of each Pokémon
|rule|OHKO Clause: OHKO moves are banned
|rule|Evasion Items Clause: Evasion items are banned
|rule|Evasion Moves Clause: Evasion moves are banned
|rule|Evasion Abilities Clause: Evasion abilities are banned
|rule|Sleep Moves Clause: Sleep-inducing moves are banned
|clearpoke
|poke|p1|Tyranitar, F|
|poke|p1|Alomomola, F|
|poke|p1|Samurott-Hisui, F|
|poke|p1|Dragapult, M|
|poke|p1|Scizor, F|
|poke|p1|Great Tusk|
|poke|p2|Luxray, F|
|poke|p2|Pincurchin, F|
|poke|p2|Iron Boulder|
|poke|p2|Iron Crown|
|poke|p2|Iron Valiant|
|poke|p2|Iron Treads|
|teampreview
|inactive|Battle timer is ON: inactive players will automatically lose when time's up. (requested by sanshater12)
|
|t:|1757871660
|teamsize|p1|6
|teamsize|p2|6
|start
|switch|p1a: Tyranitar|Tyranitar, F|100/100
|switch|p2a: Pincurchin|Pincurchin, F|100/100
|-weather|Sandstorm|[from] ability: Sand Stream|[of] p1a: Tyranitar
|-fieldstart|move: Electric Terrain|[from] ability: Electric Surge|[of] p2a: Pincurchin
|turn|1
|
|t:|1757871672
|switch|p2a: Iron Treads|Iron Treads|100/100
|-activate|p2a: Iron Treads|ability: Quark Drive
|-start|p2a: Iron Treads|quarkdrivedef
|move|p1a: Tyranitar|Knock Off|p2a: Iron Treads
|-damage|p2a: Iron Treads|76/100
|-enditem|p2a: Iron Treads|Assault Vest|[from] move: Knock Off|[of] p1a: Tyranitar
|
|-weather|Sandstorm|[upkeep]
|upkeep
|turn|2
|
|t:|1757871681
|switch|p1a: Samurott|Samurott-Hisui, F|100/100
|move|p2a: Iron Treads|Knock Off|p1a: Samurott
|-resisted|p1a: Samurott
|-damage|p1a: Samurott|86/100
|-enditem|p1a: Samurott|Black Glasses|[from] move: Knock Off|[of] p2a: Iron Treads
|
|-weather|Sandstorm|[upkeep]
|-damage|p1a: Samurott|80/100|[from] Sandstorm
|upkeep
|turn|3
|
|t:|1757871690
|move|p1a: Samurott|Razor Shell|p2a: Iron Treads
|-supereffective|p2a: Iron Treads
|-damage|p2a: Iron Treads|23/100
|move|p2a: Iron Treads|Earthquake|p1a: Samurott
|-damage|p1a: Samurott|33/100
|
|-weather|Sandstorm|[upkeep]
|-damage|p1a: Samurott|26/100|[from] Sandstorm
|upkeep
|turn|4
|inactive|sanshater12 has 120 seconds left.
|
|t:|1757871730
|-end|p2a: Iron Treads|Quark Drive|[silent]
|switch|p2a: Luxray|Luxray, F|100/100
|move|p1a: Samurott|Ceaseless Edge|p2a: Luxray
|-damage|p2a: Luxray|28/100
|-sidestart|p2: sanshater12|Spikes
|
|-weather|Sandstorm|[upkeep]
|-damage|p1a: Samurott|20/100|[from] Sandstorm
|-damage|p2a: Luxray|22/100|[from] Sandstorm
|-status|p2a: Luxray|brn|[from] item: Flame Orb
|upkeep
|turn|5
|
|t:|1757871736
|move|p1a: Samurott|Sucker Punch|p2a: Luxray
|-damage|p2a: Luxray|0 fnt
|faint|p2a: Luxray
|
|-weather|none
|upkeep
|inactive|sanshater12 has 120 seconds left.
|
|t:|1757871749
|switch|p2a: Iron Crown|Iron Crown|100/100
|-item|p2a: Iron Crown|Air Balloon
|-activate|p2a: Iron Crown|ability: Quark Drive
|-start|p2a: Iron Crown|quarkdrivespe
|turn|6
|inactive|sanshater12 has 120 seconds left.
|
|t:|1757871754
|switch|p1a: Tyranitar|Tyranitar, F|100/100
|-weather|Sandstorm|[from] ability: Sand Stream|[of] p1a: Tyranitar
|move|p2a: Iron Crown|Calm Mind|p2a: Iron Crown
|-boost|p2a: Iron Crown|spa|1
|-boost|p2a: Iron Crown|spd|1
|
|-weather|Sandstorm|[upkeep]
|upkeep
|turn|7
|
|t:|1757871759
|move|p2a: Iron Crown|Tachyon Cutter|p1a: Tyranitar
|-supereffective|p1a: Tyranitar
|-damage|p1a: Tyranitar|81/100
|-supereffective|p1a: Tyranitar
|-damage|p1a: Tyranitar|62/100
|-hitcount|p1a: Tyranitar|2
|move|p1a: Tyranitar|Knock Off|p2a: Iron Crown
|-supereffective|p2a: Iron Crown
|-damage|p2a: Iron Crown|11/100
|-enditem|p2a: Iron Crown|Air Balloon
|
|-weather|Sandstorm|[upkeep]
|upkeep
|turn|8
|
|t:|1757871768
|move|p2a: Iron Crown|Tachyon Cutter|p1a: Tyranitar
|-supereffective|p1a: Tyranitar
|-damage|p1a: Tyranitar|41/100
|-supereffective|p1a: Tyranitar
|-damage|p1a: Tyranitar|21/100
|-hitcount|p1a: Tyranitar|2
|move|p1a: Tyranitar|Knock Off|p2a: Iron Crown
|-supereffective|p2a: Iron Crown
|-damage|p2a: Iron Crown|0 fnt
|faint|p2a: Iron Crown
|-end|p2a: Iron Crown|Quark Drive|[silent]
|
|-weather|Sandstorm|[upkeep]
|-fieldend|move: Electric Terrain
|upkeep
|
|t:|1757871771
|switch|p2a: Pincurchin|Pincurchin, F|100/100
|-damage|p2a: Pincurchin|88/100|[from] Spikes
|-fieldstart|move: Electric Terrain|[from] ability: Electric Surge|[of] p2a: Pincurchin
|turn|9
|
|t:|1757871774
|move|p1a: Tyranitar|Knock Off|p2a: Pincurchin
|-damage|p2a: Pincurchin|47/100
|-enditem|p2a: Pincurchin|Terrain Extender|[from] move: Knock Off|[of] p1a: Tyranitar
|move|p2a: Pincurchin|Memento|p1a: Tyranitar
|-unboost|p1a: Tyranitar|atk|2
|-unboost|p1a: Tyranitar|spa|2
|faint|p2a: Pincurchin
|
|-weather|Sandstorm|[upkeep]
|upkeep
|
|t:|1757871782
|switch|p2a: Iron Treads|Iron Treads|23/100
|-damage|p2a: Iron Treads|10/100|[from] Spikes
|-activate|p2a: Iron Treads|ability: Quark Drive
|-start|p2a: Iron Treads|quarkdrivedef
|turn|10
|
|t:|1757871791
|move|p2a: Iron Treads|Rapid Spin|p1a: Tyranitar
|-resisted|p1a: Tyranitar
|-crit|p1a: Tyranitar
|-damage|p1a: Tyranitar|14/100
|-boost|p2a: Iron Treads|spe|1
|-sideend|p2: sanshater12|Spikes|[from] move: Rapid Spin|[of] p2a: Iron Treads
|move|p1a: Tyranitar|Earthquake|p2a: Iron Treads
|-supereffective|p2a: Iron Treads
|-damage|p2a: Iron Treads|0 fnt
|faint|p2a: Iron Treads
|-end|p2a: Iron Treads|Quark Drive|[silent]
|
|-weather|none
|upkeep
|
|t:|1757871794
|switch|p2a: Iron Valiant|Iron Valiant|100/100
|-activate|p2a: Iron Valiant|ability: Quark Drive
|-start|p2a: Iron Valiant|quarkdrivespe
|turn|11
|
|t:|1757871797
|switch|p1a: Scizor|Scizor, F|100/100
|move|p2a: Iron Valiant|Calm Mind|p2a: Iron Valiant
|-boost|p2a: Iron Valiant|spa|1
|-boost|p2a: Iron Valiant|spd|1
|
|upkeep
|turn|12
|
|t:|1757871804
|switch|p1a: Alomomola|Alomomola, F|100/100
|-terastallize|p2a: Iron Valiant|Electric
|move|p2a: Iron Valiant|Thunderbolt|p1a: Alomomola
|-supereffective|p1a: Alomomola
|-damage|p1a: Alomomola|0 fnt
|faint|p1a: Alomomola
|
|upkeep
|
|t:|1757871809
|switch|p1a: Samurott|Samurott-Hisui, F|20/100
|turn|13
|
|t:|1757871815
|move|p1a: Samurott|Sucker Punch||[still]
|-fail|p1a: Samurott
|move|p2a: Iron Valiant|Calm Mind|p2a: Iron Valiant
|-boost|p2a: Iron Valiant|spa|1
|-boost|p2a: Iron Valiant|spd|1
|
|upkeep
|turn|14
|
|t:|1757871820
|move|p1a: Samurott|Sucker Punch|p2a: Iron Valiant
|-damage|p2a: Iron Valiant|59/100
|move|p2a: Iron Valiant|Thunderbolt|p1a: Samurott
|-supereffective|p1a: Samurott
|-damage|p1a: Samurott|0 fnt
|faint|p1a: Samurott
|
|upkeep
|
|t:|1757871830
|switch|p1a: Great Tusk|Great Tusk|100/100
|turn|15
|
|t:|1757871832
|-terastallize|p1a: Great Tusk|Steel
|move|p2a: Iron Valiant|Moonblast|p1a: Great Tusk
|-resisted|p1a: Great Tusk
|-damage|p1a: Great Tusk|32/100
|-unboost|p1a: Great Tusk|spa|1
|move|p1a: Great Tusk|Headlong Rush|p2a: Iron Valiant
|-supereffective|p2a: Iron Valiant
|-damage|p2a: Iron Valiant|0 fnt
|-unboost|p1a: Great Tusk|def|1
|-unboost|p1a: Great Tusk|spd|1
|faint|p2a: Iron Valiant
|-end|p2a: Iron Valiant|Quark Drive|[silent]
|
|upkeep
|
|t:|1757871837
|switch|p2a: Iron Boulder|Iron Boulder|100/100
|-activate|p2a: Iron Boulder|ability: Quark Drive
|-start|p2a: Iron Boulder|quarkdrivespe
|turn|16
|
|t:|1757871845
|move|p2a: Iron Boulder|Mighty Cleave|p1a: Great Tusk
|-resisted|p1a: Great Tusk
|-damage|p1a: Great Tusk|0 fnt
|faint|p1a: Great Tusk
|-end|p1a: Great Tusk|Protosynthesis|[silent]
|
|-fieldend|move: Electric Terrain
|-end|p2a: Iron Boulder|Quark Drive
|upkeep
|
|t:|1757871846
|switch|p1a: Scizor|Scizor, F|100/100
|turn|17
|
|t:|1757871848
|move|p1a: Scizor|Bullet Punch|p2a: Iron Boulder
|-supereffective|p2a: Iron Boulder
|-damage|p2a: Iron Boulder|0 fnt
|faint|p2a: Iron Boulder
|-end|p2a: Iron Boulder|Quark Drive|[silent]
|
|win|UltraGodGreninja
|raw|UltraGodGreninja's rating: 1584 &rarr; <strong>1604</strong><br />(+20 for winning)
|raw|sanshater12's rating: 1592 &rarr; <strong>1572</strong><br />(-20 for losing)
|l|☆sanshater12
|player|p2|
|l|☆UltraGodGreninja
|player|p1|
