|j|☆henry151th
|j|☆xXb1llyXx
|t:|1757833119
|gametype|singles
|player|p1|henry151th|wallace|1714
|player|p2|xXb1llyXx|backpackerf|1678
|gen|9
|tier|[Gen 9] OU
|rated|
|rule|HP Percentage Mod: HP is shown in percentages
|rule|Endless Battle Clause: Forcing endless battles is banned
|rule|Species Clause: Limit one of each Pokémon
|rule|OHKO Clause: OHKO moves are banned
|rule|Evasion Items Clause: Evasion items are banned
|rule|Evasion Moves Clause: Evasion moves are banned
|rule|Evasion Abilities Clause: Evasion abilities are banned
|rule|Sleep Moves Clause: Sleep-inducing moves are banned
|clearpoke
|poke|p1|Blaziken, M|
|poke|p1|Alomomola, F|
|poke|p1|Rillaboom, M|
|poke|p1|Slowking-Galar, M|
|poke|p1|Ting-Lu|
|poke|p1|Weezing-Galar, M|
|poke|p2|Raging Bolt|
|poke|p2|Zamazenta-*|
|poke|p2|Ting-Lu|
|poke|p2|Tornadus-Therian, M|
|poke|p2|Gholdengo|
|poke|p2|Iron Treads|
|teampreview
|inactive|Battle timer is ON: inactive players will automatically lose when time's up. (requested by xXb1llyXx)
|j| heatraniac
|l| heatraniac
|
|t:|1757833147
|teamsize|p1|6
|teamsize|p2|6
|start
|switch|p1a: Rillaboom|Rillaboom, M|100/100
|switch|p2a: Tornadus|Tornadus-Therian, M|100/100
|-fieldstart|move: Grassy Terrain|[from] ability: Grassy Surge|[of] p1a: Rillaboom
|turn|1
|j| Beef Lo Mein
|
|t:|1757833153
|move|p2a: Tornadus|Nasty Plot|p2a: Tornadus
|-boost|p2a: Tornadus|spa|2
|move|p1a: Rillaboom|Knock Off|p2a: Tornadus
|-damage|p2a: Tornadus|31/100
|-enditem|p2a: Tornadus|Life Orb|[from] move: Knock Off|[of] p1a: Rillaboom
|
|upkeep
|turn|2
|
|t:|1757833158
|switch|p1a: Ting-Lu|Ting-Lu|100/100
|-ability|p1a: Ting-Lu|Vessel of Ruin
|move|p2a: Tornadus|Bleakwind Storm|p1a: Ting-Lu
|-damage|p1a: Ting-Lu|62/100
|-unboost|p1a: Ting-Lu|spe|1
|
|-heal|p1a: Ting-Lu|69/100|[from] Grassy Terrain
|-heal|p1a: Ting-Lu|75/100|[from] item: Leftovers
|upkeep
|turn|3
|l| Beef Lo Mein
|
|t:|1757833165
|switch|p1a: Slowking|Slowking-Galar, M|100/100
|move|p2a: Tornadus|Focus Blast|p1a: Slowking|[miss]
|-miss|p2a: Tornadus|p1a: Slowking
|
|upkeep
|turn|4
|
|t:|1757833170
|switch|p2a: Gholdengo|Gholdengo|100/100
|-item|p2a: Gholdengo|Air Balloon
|move|p1a: Slowking|Ice Beam|p2a: Gholdengo
|-resisted|p2a: Gholdengo
|-crit|p2a: Gholdengo
|-damage|p2a: Gholdengo|82/100
|-enditem|p2a: Gholdengo|Air Balloon
|
|-heal|p2a: Gholdengo|88/100|[from] Grassy Terrain
|upkeep
|turn|5
|
|t:|1757833181
|move|p2a: Gholdengo|Focus Blast|p1a: Slowking
|-resisted|p1a: Slowking
|-damage|p1a: Slowking|94/100
|-unboost|p1a: Slowking|spd|1
|-prepare|p1a: Slowking|Chilly Reception|[premajor]
|move|p1a: Slowking|Chilly Reception|p1a: Slowking
|-weather|Snowscape
|
|t:|1757833184
|switch|p1a: Blaziken|Blaziken, M|100/100|[from] Chilly Reception
|
|-weather|Snowscape|[upkeep]
|-heal|p2a: Gholdengo|94/100|[from] Grassy Terrain
|-fieldend|move: Grassy Terrain
|upkeep
|turn|6
|j| Nature's Conqueror
|
|t:|1757833190
|switch|p2a: Zamazenta|Zamazenta|100/100
|-ability|p2a: Zamazenta|Dauntless Shield|boost
|-boost|p2a: Zamazenta|def|1
|move|p1a: Blaziken|Flare Blitz|p2a: Zamazenta
|-crit|p2a: Zamazenta
|-damage|p2a: Zamazenta|2/100
|-damage|p1a: Blaziken|59/100|[from] Recoil
|-damage|p1a: Blaziken|49/100|[from] item: Life Orb
|
|-weather|Snowscape|[upkeep]
|-heal|p2a: Zamazenta|8/100|[from] item: Leftovers
|-ability|p1a: Blaziken|Speed Boost|boost
|-boost|p1a: Blaziken|spe|1
|upkeep
|turn|7
|
|t:|1757833197
|move|p2a: Zamazenta|Body Press|p1a: Blaziken
|-damage|p1a: Blaziken|0 fnt
|faint|p1a: Blaziken
|
|-weather|Snowscape|[upkeep]
|-heal|p2a: Zamazenta|14/100|[from] item: Leftovers
|upkeep
|
|t:|1757833199
|switch|p1a: Alomomola|Alomomola, F|100/100
|turn|8
|l| Nature's Conqueror
|
|t:|1757833210
|switch|p2a: Tornadus|Tornadus-Therian, M|64/100
|move|p1a: Alomomola|Flip Turn|p2a: Tornadus
|-damage|p2a: Tornadus|43/100
|
|t:|1757833215
|switch|p1a: Slowking|Slowking-Galar, M|100/100|[from] Flip Turn
|
|-weather|Snowscape|[upkeep]
|upkeep
|turn|9
|
|t:|1757833219
|switch|p2a: Gholdengo|Gholdengo|94/100
|move|p1a: Slowking|Ice Beam|p2a: Gholdengo
|-resisted|p2a: Gholdengo
|-damage|p2a: Gholdengo|81/100
|
|-weather|none
|upkeep
|turn|10
|
|t:|1757833226
|move|p2a: Gholdengo|Make It Rain|p1a: Slowking
|-damage|p1a: Slowking|64/100
|-unboost|p2a: Gholdengo|spa|1
|-prepare|p1a: Slowking|Chilly Reception|[premajor]
|move|p1a: Slowking|Chilly Reception|p1a: Slowking
|-weather|Snowscape
|
|t:|1757833229
|switch|p1a: Ting-Lu|Ting-Lu|75/100|[from] Chilly Reception
|-ability|p1a: Ting-Lu|Vessel of Ruin
|
|-weather|Snowscape|[upkeep]
|-heal|p1a: Ting-Lu|81/100|[from] item: Leftovers
|upkeep
|turn|11
|
|t:|1757833233
|switch|p2a: Tornadus|Tornadus-Therian, M|76/100
|move|p1a: Ting-Lu|Stealth Rock|p2a: Tornadus
|-sidestart|p2: xXb1llyXx|move: Stealth Rock
|
|-weather|Snowscape|[upkeep]
|-heal|p1a: Ting-Lu|87/100|[from] item: Leftovers
|upkeep
|turn|12
|
|t:|1757833236
|move|p2a: Tornadus|Nasty Plot|p2a: Tornadus
|-boost|p2a: Tornadus|spa|2
|move|p1a: Ting-Lu|Whirlwind|p2a: Tornadus
|drag|p2a: Iron Treads|Iron Treads|100/100
|-damage|p2a: Iron Treads|97/100|[from] Stealth Rock
|-enditem|p2a: Iron Treads|Booster Energy
|-activate|p2a: Iron Treads|ability: Quark Drive|[fromitem]
|-start|p2a: Iron Treads|quarkdrivespe
|
|-weather|Snowscape|[upkeep]
|-heal|p1a: Ting-Lu|93/100|[from] item: Leftovers
|upkeep
|turn|13
|
|t:|1757833241
|move|p2a: Iron Treads|Knock Off|p1a: Ting-Lu
|-resisted|p1a: Ting-Lu
|-damage|p1a: Ting-Lu|85/100
|-enditem|p1a: Ting-Lu|Leftovers|[from] move: Knock Off|[of] p2a: Iron Treads
|move|p1a: Ting-Lu|Stomping Tantrum|p2a: Iron Treads
|-supereffective|p2a: Iron Treads
|-damage|p2a: Iron Treads|47/100
|
|-weather|Snowscape|[upkeep]
|upkeep
|turn|14
|
|t:|1757833247
|-end|p2a: Iron Treads|Quark Drive|[silent]
|switch|p2a: Tornadus|Tornadus-Therian, M|100/100
|-damage|p2a: Tornadus|76/100|[from] Stealth Rock
|move|p1a: Ting-Lu|Stomping Tantrum|p2a: Tornadus
|-immune|p2a: Tornadus
|
|-weather|none
|upkeep
|turn|15
|
|t:|1757833250
|switch|p1a: Slowking|Slowking-Galar, M|97/100
|move|p2a: Tornadus|Focus Blast|p1a: Slowking|[miss]
|-miss|p2a: Tornadus|p1a: Slowking
|
|upkeep
|turn|16
|
|t:|1757833257
|move|p2a: Tornadus|Dark Pulse|p1a: Slowking
|-supereffective|p1a: Slowking
|-damage|p1a: Slowking|69/100
|move|p1a: Slowking|Ice Beam|p2a: Tornadus
|-supereffective|p2a: Tornadus
|-damage|p2a: Tornadus|23/100
|
|upkeep
|turn|17
|j| heatraniac
|
|t:|1757833263
|switch|p2a: Gholdengo|Gholdengo|81/100
|-damage|p2a: Gholdengo|75/100|[from] Stealth Rock
|move|p1a: Slowking|Ice Beam|p2a: Gholdengo
|-resisted|p2a: Gholdengo
|-damage|p2a: Gholdengo|62/100
|
|upkeep
|turn|18
|
|t:|1757833270
|switch|p1a: Alomomola|Alomomola, F|100/100
|move|p2a: Gholdengo|Shadow Ball|p1a: Alomomola
|-damage|p1a: Alomomola|61/100
|
|upkeep
|turn|19
|
|t:|1757833275
|move|p2a: Gholdengo|Shadow Ball|p1a: Alomomola
|-damage|p1a: Alomomola|23/100
|move|p1a: Alomomola|Flip Turn|p2a: Gholdengo
|-damage|p2a: Gholdengo|42/100
|
|t:|1757833279
|switch|p1a: Ting-Lu|Ting-Lu|85/100|[from] Flip Turn
|-ability|p1a: Ting-Lu|Vessel of Ruin
|
|upkeep
|turn|20
|
|t:|1757833287
|switch|p2a: Ting-Lu|Ting-Lu|100/100
|-damage|p2a: Ting-Lu|94/100|[from] Stealth Rock
|-ability|p2a: Ting-Lu|Vessel of Ruin
|move|p1a: Ting-Lu|Stomping Tantrum|p2a: Ting-Lu
|-damage|p2a: Ting-Lu|78/100
|
|upkeep
|turn|21
|
|t:|1757833291
|move|p1a: Ting-Lu|Ruination|p2a: Ting-Lu
|-damage|p2a: Ting-Lu|39/100
|move|p2a: Ting-Lu|Stealth Rock|p1a: Ting-Lu
|-sidestart|p1: henry151th|move: Stealth Rock
|
|upkeep
|turn|22
|
|t:|1757833294
|move|p1a: Ting-Lu|Ruination|p2a: Ting-Lu
|-damage|p2a: Ting-Lu|20/100
|move|p2a: Ting-Lu|Earthquake|p1a: Ting-Lu
|-damage|p1a: Ting-Lu|56/100
|
|upkeep
|turn|23
|
|t:|1757833297
|move|p1a: Ting-Lu|Stomping Tantrum|p2a: Ting-Lu
|-damage|p2a: Ting-Lu|5/100
|move|p2a: Ting-Lu|Earthquake|p1a: Ting-Lu
|-damage|p1a: Ting-Lu|31/100
|
|upkeep
|turn|24
|
|t:|1757833301
|move|p1a: Ting-Lu|Stomping Tantrum|p2a: Ting-Lu
|-damage|p2a: Ting-Lu|0 fnt
|faint|p2a: Ting-Lu
|
|upkeep
|
|t:|1757833308
|switch|p2a: Tornadus|Tornadus-Therian, M|56/100
|-damage|p2a: Tornadus|31/100|[from] Stealth Rock
|turn|25
|
|t:|1757833311
|switch|p1a: Slowking|Slowking-Galar, M|100/100
|move|p2a: Tornadus|Bleakwind Storm|p1a: Slowking
|-damage|p1a: Slowking|73/100
|-unboost|p1a: Slowking|spe|1
|
|upkeep
|turn|26
|
|t:|1757833317
|switch|p2a: Gholdengo|Gholdengo|42/100
|-damage|p2a: Gholdengo|36/100|[from] Stealth Rock
|move|p1a: Slowking|Ice Beam|p2a: Gholdengo
|-resisted|p2a: Gholdengo
|-damage|p2a: Gholdengo|24/100
|
|upkeep
|turn|27
|
|t:|1757833323
|move|p2a: Gholdengo|Nasty Plot|p2a: Gholdengo
|-boost|p2a: Gholdengo|spa|2
|-prepare|p1a: Slowking|Chilly Reception|[premajor]
|move|p1a: Slowking|Chilly Reception|p1a: Slowking
|-weather|Snowscape
|
|t:|1757833327
|switch|p1a: Rillaboom|Rillaboom, M|100/100|[from] Chilly Reception
|-damage|p1a: Rillaboom|88/100|[from] Stealth Rock
|-fieldstart|move: Grassy Terrain|[from] ability: Grassy Surge|[of] p1a: Rillaboom
|
|-weather|Snowscape|[upkeep]
|-heal|p2a: Gholdengo|30/100|[from] Grassy Terrain
|-heal|p1a: Rillaboom|94/100|[from] Grassy Terrain
|upkeep
|turn|28
|j| HGalliumh
|inactive|henry151th has 120 seconds left.
|j| Powerpuff moves
|
|t:|1757833378
|move|p2a: Gholdengo|Make It Rain|p1a: Rillaboom
|-damage|p1a: Rillaboom|0 fnt
|-unboost|p2a: Gholdengo|spa|1
|faint|p1a: Rillaboom
|
|-weather|Snowscape|[upkeep]
|-heal|p2a: Gholdengo|36/100|[from] Grassy Terrain
|upkeep
|c|☆henry151th|Son of a
|inactive|henry151th has 90 seconds left.
|-message|henry151th forfeited.
|
|win|xXb1llyXx
|raw|henry151th's rating: 1714 &rarr; <strong>1692</strong><br />(-22 for losing)
|raw|xXb1llyXx's rating: 1678 &rarr; <strong>1700</strong><br />(+22 for winning)
|l| HGalliumh
|l|☆xXb1llyXx
|player|p2|
|l| heatraniac
