|j|☆aexilyth
|j|☆sakuya 2hu
|t:|1757858817
|gametype|singles
|player|p1|aexilyth|265|1018
|player|p2|sakuya 2hu|sailor-gen1|1037
|gen|9
|tier|[Gen 9] OU
|rated|
|rule|HP Percentage Mod: HP is shown in percentages
|rule|Endless Battle Clause: Forcing endless battles is banned
|rule|Species Clause: Limit one of each Pokémon
|rule|OHKO Clause: OHKO moves are banned
|rule|Evasion Items Clause: Evasion items are banned
|rule|Evasion Moves Clause: Evasion moves are banned
|rule|Evasion Abilities Clause: Evasion abilities are banned
|rule|Sleep Moves Clause: Sleep-inducing moves are banned
|clearpoke
|poke|p1|Dragonite, F|
|poke|p1|Toxapex, F|
|poke|p1|Excadrill, M|
|poke|p1|Gliscor, M|
|poke|p1|Hippowdon, F|
|poke|p1|Heatran, M|
|poke|p2|Latios, M|
|poke|p2|Electrode|
|poke|p2|Tyranitar, M|
|poke|p2|Glimmet, M|
|poke|p2|Drilbur, M|
|poke|p2|Blastoise, M|
|teampreview
|inactive|Battle timer is ON: inactive players will automatically lose when time's up. (requested by aexilyth)
|
|t:|1757858827
|teamsize|p1|6
|teamsize|p2|6
|start
|switch|p1a: Hippowdon|Hippowdon, F|100/100
|switch|p2a: bowserfart.gif|Blastoise, M|100/100
|-weather|Sandstorm|[from] ability: Sand Stream|[of] p1a: Hippowdon
|turn|1
|
|t:|1757858833
|-terastallize|p1a: Hippowdon|Ghost
|move|p2a: bowserfart.gif|Shell Smash|p2a: bowserfart.gif
|-unboost|p2a: bowserfart.gif|def|1
|-unboost|p2a: bowserfart.gif|spd|1
|-boost|p2a: bowserfart.gif|atk|2
|-boost|p2a: bowserfart.gif|spa|2
|-boost|p2a: bowserfart.gif|spe|2
|move|p1a: Hippowdon|Stealth Rock|p2a: bowserfart.gif
|-sidestart|p2: sakuya 2hu|move: Stealth Rock
|
|-weather|Sandstorm|[upkeep]
|-damage|p2a: bowserfart.gif|94/100|[from] Sandstorm
|-damage|p1a: Hippowdon|94/100|[from] Sandstorm
|upkeep
|turn|2
|
|t:|1757858844
|move|p2a: bowserfart.gif|Water Spout|p1a: Hippowdon
|-damage|p1a: Hippowdon|0 fnt
|faint|p1a: Hippowdon
|
|-weather|Sandstorm|[upkeep]
|-damage|p2a: bowserfart.gif|88/100|[from] Sandstorm
|upkeep
|
|t:|1757858852
|switch|p1a: Dragonite|Dragonite, F|100/100
|turn|3
|
|t:|1757858854
|move|p1a: Dragonite|Extreme Speed|p2a: bowserfart.gif
|-damage|p2a: bowserfart.gif|30/100
|move|p2a: bowserfart.gif|Water Spout|p1a: Dragonite
|-resisted|p1a: Dragonite
|-damage|p1a: Dragonite|86/100
|
|-weather|Sandstorm|[upkeep]
|-damage|p2a: bowserfart.gif|24/100|[from] Sandstorm
|-damage|p1a: Dragonite|80/100|[from] Sandstorm
|upkeep
|turn|4
|
|t:|1757858860
|move|p1a: Dragonite|Extreme Speed|p2a: bowserfart.gif
|-damage|p2a: bowserfart.gif|0 fnt
|faint|p2a: bowserfart.gif
|
|-weather|Sandstorm|[upkeep]
|-damage|p1a: Dragonite|74/100|[from] Sandstorm
|upkeep
|
|t:|1757858876
|switch|p2a: mayano top gun|Latios, M|100/100
|-damage|p2a: mayano top gun|88/100|[from] Stealth Rock
|turn|5
|
|t:|1757858880
|move|p2a: mayano top gun|Ice Beam|p1a: Dragonite
|-supereffective|p1a: Dragonite
|-damage|p1a: Dragonite|0 fnt
|faint|p1a: Dragonite
|
|-weather|none
|upkeep
|
|t:|1757858884
|switch|p1a: Toxapex|Toxapex, F|100/100
|turn|6
|
|t:|1757858889
|switch|p2a: coochie|Glimmet, M|100/100
|-damage|p2a: coochie|88/100|[from] Stealth Rock
|move|p1a: Toxapex|Toxic|p2a: coochie
|-immune|p2a: coochie
|
|upkeep
|turn|7
|
|t:|1757858896
|move|p2a: coochie|Stealth Rock|p1a: Toxapex
|-sidestart|p1: aexilyth|move: Stealth Rock
|move|p1a: Toxapex|Toxic Spikes|p2a: coochie
|-sidestart|p2: sakuya 2hu|move: Toxic Spikes
|
|upkeep
|turn|8
|
|t:|1757858902
|move|p2a: coochie|Spikes|p1a: Toxapex
|-sidestart|p1: aexilyth|Spikes
|move|p1a: Toxapex|Toxic Spikes|p2a: coochie
|-sidestart|p2: sakuya 2hu|move: Toxic Spikes
|
|upkeep
|turn|9
|
|t:|1757858909
|switch|p1a: Gliscor|Gliscor, M|100/100
|-damage|p1a: Gliscor|88/100|[from] Stealth Rock
|move|p2a: coochie|Spikes|p1a: Gliscor
|-sidestart|p1: aexilyth|Spikes
|
|-status|p1a: Gliscor|tox|[from] item: Toxic Orb
|upkeep
|turn|10
|
|t:|1757858914
|switch|p2a: mayano top gun|Latios, M|88/100
|-damage|p2a: mayano top gun|76/100|[from] Stealth Rock
|move|p1a: Gliscor|Substitute|p1a: Gliscor
|-start|p1a: Gliscor|Substitute
|-damage|p1a: Gliscor|63/100 tox
|
|-heal|p1a: Gliscor|75/100 tox|[from] ability: Poison Heal
|upkeep
|turn|11
|
|t:|1757858925
|move|p2a: mayano top gun|Ice Beam|p1a: Gliscor
|-supereffective|p1a: Gliscor
|-end|p1a: Gliscor|Substitute
|move|p1a: Gliscor|Spikes|p2a: mayano top gun
|-sidestart|p2: sakuya 2hu|Spikes
|
|-heal|p1a: Gliscor|88/100 tox|[from] ability: Poison Heal
|upkeep
|turn|12
|
|t:|1757858930
|move|p1a: Gliscor|Protect|p1a: Gliscor
|-singleturn|p1a: Gliscor|Protect
|move|p2a: mayano top gun|Ice Beam|p1a: Gliscor
|-activate|p1a: Gliscor|move: Protect
|
|-heal|p1a: Gliscor|100/100 tox|[from] ability: Poison Heal
|upkeep
|turn|13
|
|t:|1757858941
|switch|p2a: left testicle|Electrode|100/100
|-damage|p2a: left testicle|88/100|[from] Stealth Rock
|-status|p2a: left testicle|tox
|-damage|p2a: left testicle|76/100 tox|[from] Spikes
|switch|p1a: Toxapex|Toxapex, F|100/100
|
|-damage|p2a: left testicle|70/100 tox|[from] psn
|upkeep
|turn|14
|
|t:|1757858952
|switch|p1a: Gliscor|Gliscor, M|100/100 tox
|-damage|p1a: Gliscor|88/100 tox|[from] Stealth Rock
|-terastallize|p2a: left testicle|Normal
|move|p2a: left testicle|Hyper Beam|p1a: Gliscor
|-damage|p1a: Gliscor|0 fnt
|-mustrecharge|p2a: left testicle
|faint|p1a: Gliscor
|
|-damage|p2a: left testicle|58/100 tox|[from] psn
|upkeep
|
|t:|1757858965
|switch|p1a: Heatran|Heatran, M|100/100
|-damage|p1a: Heatran|88/100|[from] Stealth Rock
|-damage|p1a: Heatran|71/100|[from] Spikes
|turn|15
|
|t:|1757858971
|cant|p2a: left testicle|recharge
|move|p1a: Heatran|Magma Storm|p2a: left testicle|[miss]
|-miss|p1a: Heatran|p2a: left testicle
|
|-heal|p1a: Heatran|78/100|[from] item: Leftovers
|-damage|p2a: left testicle|39/100 tox|[from] psn
|upkeep
|turn|16
|
|t:|1757858979
|switch|p2a: coochie|Glimmet, M|88/100
|-damage|p2a: coochie|76/100|[from] Stealth Rock
|-sideend|p2: sakuya 2hu|move: Toxic Spikes|[of] p2a: coochie
|-damage|p2a: coochie|63/100|[from] Spikes
|move|p1a: Heatran|Magma Storm|p2a: coochie|[miss]
|-miss|p1a: Heatran|p2a: coochie
|
|-heal|p1a: Heatran|84/100|[from] item: Leftovers
|upkeep
|turn|17
|
|t:|1757858989
|move|p1a: Heatran|Magma Storm|p2a: coochie
|-resisted|p2a: coochie
|-damage|p2a: coochie|29/100
|-activate|p2a: coochie|move: Magma Storm|[of] p1a: Heatran
|move|p2a: coochie|Spikes|p1a: Heatran
|-sidestart|p1: aexilyth|Spikes
|
|-heal|p1a: Heatran|90/100|[from] item: Leftovers
|-damage|p2a: coochie|17/100|[from] move: Magma Storm|[partiallytrapped]
|upkeep
|turn|18
|
|t:|1757858999
|move|p1a: Heatran|Earth Power|p2a: coochie
|-supereffective|p2a: coochie
|-damage|p2a: coochie|0 fnt
|faint|p2a: coochie
|
|-heal|p1a: Heatran|96/100|[from] item: Leftovers
|upkeep
|
|t:|1757859008
|switch|p2a: The king|Drilbur, M, shiny|100/100
|-damage|p2a: The king|94/100|[from] Stealth Rock
|-damage|p2a: The king|82/100|[from] Spikes
|turn|19
|
|t:|1757859013
|move|p2a: The king|Earthquake|p1a: Heatran
|-supereffective|p1a: Heatran
|-damage|p1a: Heatran|0 fnt
|faint|p1a: Heatran
|
|upkeep
|
|t:|1757859017
|switch|p1a: Toxapex|Toxapex, F|100/100
|turn|20
|
|t:|1757859024
|move|p2a: The king|Earthquake|p1a: Toxapex
|-supereffective|p1a: Toxapex
|-damage|p1a: Toxapex|3/100
|move|p1a: Toxapex|Haze|p1a: Toxapex
|-clearallboost
|
|upkeep
|turn|21
|
|t:|1757859030
|move|p2a: The king|Earthquake|p1a: Toxapex
|-supereffective|p1a: Toxapex
|-damage|p1a: Toxapex|0 fnt
|faint|p1a: Toxapex
|
|upkeep
|
|t:|1757859032
|switch|p1a: Excadrill|Excadrill, M|100/100
|-damage|p1a: Excadrill|97/100|[from] Stealth Rock
|-item|p1a: Excadrill|Air Balloon
|turn|22
|
|t:|1757859038
|switch|p2a: mayano top gun|Latios, M|76/100
|-damage|p2a: mayano top gun|64/100|[from] Stealth Rock
|move|p1a: Excadrill|Earthquake|p2a: mayano top gun
|-immune|p2a: mayano top gun|[from] ability: Levitate
|
|upkeep
|turn|23
|
|t:|1757859043
|move|p2a: mayano top gun|Flip Turn|p1a: Excadrill
|-supereffective|p1a: Excadrill
|-damage|p1a: Excadrill|66/100
|-enditem|p1a: Excadrill|Air Balloon
|
|t:|1757859047
|switch|p2a: they wont know|Tyranitar, M|100/100|[from] Flip Turn
|-damage|p2a: they wont know|88/100|[from] Stealth Rock
|-damage|p2a: they wont know|76/100|[from] Spikes
|-weather|Sandstorm|[from] ability: Sand Stream|[of] p2a: they wont know
|move|p1a: Excadrill|Iron Head|p2a: they wont know
|-supereffective|p2a: they wont know
|-damage|p2a: they wont know|1/100
|
|-weather|Sandstorm|[upkeep]
|upkeep
|turn|24
|
|t:|1757859057
|move|p1a: Excadrill|Rapid Spin|p2a: they wont know
|-resisted|p2a: they wont know
|-damage|p2a: they wont know|0 fnt
|-boost|p1a: Excadrill|spe|1
|-sideend|p1: aexilyth|Spikes|[from] move: Rapid Spin|[of] p1a: Excadrill
|-sideend|p1: aexilyth|Stealth Rock|[from] move: Rapid Spin|[of] p1a: Excadrill
|faint|p2a: they wont know
|
|-weather|Sandstorm|[upkeep]
|upkeep
|
|t:|1757859061
|switch|p2a: The king|Drilbur, M, shiny|82/100
|-damage|p2a: The king|76/100|[from] Stealth Rock
|-damage|p2a: The king|64/100|[from] Spikes
|turn|25
|
|t:|1757859065
|move|p1a: Excadrill|Earthquake|p2a: The king
|-damage|p2a: The king|0 fnt
|faint|p2a: The king
|
|-weather|Sandstorm|[upkeep]
|upkeep
|
|t:|1757859068
|switch|p2a: mayano top gun|Latios, M|64/100
|-damage|p2a: mayano top gun|51/100|[from] Stealth Rock
|turn|26
|
|t:|1757859070
|move|p1a: Excadrill|Iron Head|p2a: mayano top gun
|-damage|p2a: mayano top gun|0 fnt
|faint|p2a: mayano top gun
|
|-weather|Sandstorm|[upkeep]
|upkeep
|
|t:|1757859073
|switch|p2a: left testicle|Electrode, tera:Normal|39/100 tox
|-damage|p2a: left testicle|27/100 tox|[from] Stealth Rock
|-damage|p2a: left testicle|15/100 tox|[from] Spikes
|turn|27
|
|t:|1757859075
|move|p1a: Excadrill|Iron Head|p2a: left testicle
|-damage|p2a: left testicle|0 fnt
|-damage|p1a: Excadrill|41/100|[from] ability: Aftermath|[of] p2a: left testicle
|faint|p2a: left testicle
|
|win|aexilyth
|raw|aexilyth's rating: 1018 &rarr; <strong>1057</strong><br />(+39 for winning)
|raw|sakuya 2hu's rating: 1037 &rarr; <strong>1021</strong><br />(-16 for losing)
|l|☆sakuya 2hu
|player|p2|
|c|☆aexilyth|Ggs
