|j|☆A Bad Fur Day
|j|☆Dabsito
|t:|1757794739
|gametype|singles
|player|p1|A Bad Fur Day|ghetsis|1316
|player|p2|Dabsito|2|1306
|gen|9
|tier|[Gen 9] OU
|rated|
|rule|HP Percentage Mod: HP is shown in percentages
|rule|Endless Battle Clause: Forcing endless battles is banned
|rule|Species Clause: Limit one of each Pokémon
|rule|OHKO Clause: OHKO moves are banned
|rule|Evasion Items Clause: Evasion items are banned
|rule|Evasion Moves Clause: Evasion moves are banned
|rule|Evasion Abilities Clause: Evasion abilities are banned
|rule|Sleep Moves Clause: Sleep-inducing moves are banned
|clearpoke
|poke|p1|Blissey, F|
|poke|p1|Chansey, F|
|poke|p1|Dragapult, F|
|poke|p1|Dondozo, F|
|poke|p1|Glimmora, M|
|poke|p1|Vigoroth, F|
|poke|p2|Primarina, M|
|poke|p2|Garganacl, F|
|poke|p2|Illumise, F|
|poke|p2|Cryogonal|
|poke|p2|Breloom, M|
|poke|p2|Iron Jugulis|
|teampreview
|
|t:|1757794752
|teamsize|p1|6
|teamsize|p2|6
|start
|switch|p1a: Dragapult|Dragapult, F|100/100
|switch|p2a: Garganacl|Garganacl, F|100/100
|turn|1
|
|t:|1757794756
|move|p1a: Dragapult|U-turn|p2a: Garganacl
|-damage|p2a: Garganacl|91/100
|-damage|p1a: Dragapult|84/100|[from] item: Rocky Helmet|[of] p2a: Garganacl
|
|t:|1757794758
|switch|p1a: Glimmora|Glimmora, M|100/100|[from] U-turn
|move|p2a: Garganacl|Stealth Rock|p1a: Glimmora
|-sidestart|p1: A Bad Fur Day|move: Stealth Rock
|
|upkeep
|turn|2
|
|t:|1757794767
|move|p1a: Glimmora|Stealth Rock|p2a: Garganacl
|-sidestart|p2: Dabsito|move: Stealth Rock
|move|p2a: Garganacl|Salt Cure|p1a: Glimmora
|-damage|p1a: Glimmora|90/100
|-start|p1a: Glimmora|Salt Cure
|-activate|p1a: Glimmora|ability: Toxic Debris
|-sidestart|p2: Dabsito|move: Toxic Spikes
|
|-damage|p1a: Glimmora|78/100|[from] Salt Cure
|upkeep
|turn|3
|
|t:|1757794772
|move|p1a: Glimmora|Spikes|p2a: Garganacl
|-sidestart|p2: Dabsito|Spikes
|move|p2a: Garganacl|Body Press|p1a: Glimmora
|-damage|p1a: Glimmora|56/100
|-activate|p1a: Glimmora|ability: Toxic Debris
|-sidestart|p2: Dabsito|move: Toxic Spikes
|
|-damage|p1a: Glimmora|44/100|[from] Salt Cure
|upkeep
|turn|4
|
|t:|1757794778
|move|p1a: Glimmora|Mortal Spin|p2a: Garganacl
|-resisted|p2a: Garganacl
|-damage|p2a: Garganacl|90/100
|-damage|p1a: Glimmora|27/100|[from] item: Rocky Helmet|[of] p2a: Garganacl
|-sideend|p1: A Bad Fur Day|Stealth Rock|[from] move: Mortal Spin|[of] p1a: Glimmora
|move|p2a: Garganacl|Body Press|p1a: Glimmora
|-damage|p1a: Glimmora|5/100
|
|-damage|p1a: Glimmora|0 fnt|[from] Salt Cure
|faint|p1a: Glimmora
|upkeep
|
|t:|1757794781
|switch|p1a: Dondozo|Dondozo, F|100/100
|turn|5
|
|t:|1757794787
|move|p1a: Dondozo|Substitute|p1a: Dondozo
|-start|p1a: Dondozo|Substitute
|-damage|p1a: Dondozo|75/100
|move|p2a: Garganacl|Stealth Rock|p1a: Dondozo
|-sidestart|p1: A Bad Fur Day|move: Stealth Rock
|
|-heal|p1a: Dondozo|82/100|[from] item: Leftovers
|upkeep
|turn|6
|
|t:|1757794789
|move|p1a: Dondozo|Curse|p1a: Dondozo
|-unboost|p1a: Dondozo|spe|1
|-boost|p1a: Dondozo|atk|1
|-boost|p1a: Dondozo|def|1
|move|p2a: Garganacl|Salt Cure|p1a: Dondozo
|-activate|p1a: Dondozo|move: Substitute|[damage]
|
|-heal|p1a: Dondozo|88/100|[from] item: Leftovers
|upkeep
|turn|7
|
|t:|1757794791
|move|p2a: Garganacl|Body Press|p1a: Dondozo
|-activate|p1a: Dondozo|move: Substitute|[damage]
|move|p1a: Dondozo|Curse|p1a: Dondozo
|-unboost|p1a: Dondozo|spe|1
|-boost|p1a: Dondozo|atk|1
|-boost|p1a: Dondozo|def|1
|
|-heal|p1a: Dondozo|94/100|[from] item: Leftovers
|upkeep
|turn|8
|
|t:|1757794794
|move|p2a: Garganacl|Body Press|p1a: Dondozo
|-activate|p1a: Dondozo|move: Substitute|[damage]
|move|p1a: Dondozo|Curse|p1a: Dondozo
|-unboost|p1a: Dondozo|spe|1
|-boost|p1a: Dondozo|atk|1
|-boost|p1a: Dondozo|def|1
|
|-heal|p1a: Dondozo|99/100|[from] item: Leftovers
|upkeep
|turn|9
|
|t:|1757794797
|move|p2a: Garganacl|Body Press|p1a: Dondozo
|-end|p1a: Dondozo|Substitute
|move|p1a: Dondozo|Curse|p1a: Dondozo
|-unboost|p1a: Dondozo|spe|1
|-boost|p1a: Dondozo|atk|1
|-boost|p1a: Dondozo|def|1
|
|-heal|p1a: Dondozo|100/100|[from] item: Leftovers
|upkeep
|turn|10
|
|t:|1757794800
|move|p2a: Garganacl|Salt Cure|p1a: Dondozo
|-damage|p1a: Dondozo|99/100
|-start|p1a: Dondozo|Salt Cure
|move|p1a: Dondozo|Wave Crash|p2a: Garganacl
|-supereffective|p2a: Garganacl
|-damage|p2a: Garganacl|0 fnt
|-damage|p1a: Dondozo|82/100|[from] item: Rocky Helmet|[of] p2a: Garganacl
|faint|p2a: Garganacl
|-damage|p1a: Dondozo|58/100|[from] Recoil
|
|-heal|p1a: Dondozo|64/100|[from] item: Leftovers
|-damage|p1a: Dondozo|39/100|[from] Salt Cure
|upkeep
|
|t:|1757794807
|switch|p2a: Cryogonal|Cryogonal|100/100
|turn|11
|
|t:|1757794809
|move|p2a: Cryogonal|Rapid Spin|p1a: Dondozo
|-damage|p1a: Dondozo|38/100
|-boost|p2a: Cryogonal|spe|1
|-sideend|p2: Dabsito|Spikes|[from] move: Rapid Spin|[of] p2a: Cryogonal
|-sideend|p2: Dabsito|Toxic Spikes|[from] move: Rapid Spin|[of] p2a: Cryogonal
|-sideend|p2: Dabsito|Stealth Rock|[from] move: Rapid Spin|[of] p2a: Cryogonal
|move|p1a: Dondozo|Wave Crash|p2a: Cryogonal
|-damage|p2a: Cryogonal|0 fnt
|faint|p2a: Cryogonal
|-damage|p1a: Dondozo|15/100|[from] Recoil
|
|-heal|p1a: Dondozo|21/100|[from] item: Leftovers
|-damage|p1a: Dondozo|0 fnt|[from] Salt Cure
|faint|p1a: Dondozo
|upkeep
|
|t:|1757794822
|switch|p2a: Breloom|Breloom, M|100/100
|switch|p1a: Dragapult|Dragapult, F|84/100
|-damage|p1a: Dragapult|72/100|[from] Stealth Rock
|turn|12
|
|t:|1757794828
|-terastallize|p1a: Dragapult|Ghost
|move|p1a: Dragapult|Shadow Ball|p2a: Breloom
|-damage|p2a: Breloom|0 fnt
|faint|p2a: Breloom
|
|upkeep
|
|t:|1757794837
|switch|p2a: Illumise|Illumise, F|100/100
|turn|13
|
|t:|1757794840
|move|p2a: Illumise|Thunder Wave|p1a: Dragapult
|-status|p1a: Dragapult|par
|move|p1a: Dragapult|Shadow Ball|p2a: Illumise
|-damage|p2a: Illumise|39/100
|
|-heal|p2a: Illumise|45/100|[from] item: Leftovers
|upkeep
|turn|14
|
|t:|1757794846
|switch|p1a: Blissey|Blissey, F|100/100
|-damage|p1a: Blissey|88/100|[from] Stealth Rock
|move|p2a: Illumise|U-turn|p1a: Blissey
|-damage|p1a: Blissey|63/100
|
|t:|1757794851
|switch|p2a: Primarina|Primarina, M|100/100|[from] U-turn
|
|-heal|p1a: Blissey|69/100|[from] item: Leftovers
|upkeep
|turn|15
|
|t:|1757794855
|move|p2a: Primarina|Whirlpool|p1a: Blissey
|-damage|p1a: Blissey|65/100
|-activate|p1a: Blissey|move: Whirlpool|[of] p2a: Primarina
|move|p1a: Blissey|Heal Bell|p1a: Blissey
|-activate|p1a: Blissey|move: Heal Bell
|-curestatus|p1: Dragapult|par|[msg]
|
|-heal|p1a: Blissey|72/100|[from] item: Leftovers
|-damage|p1a: Blissey|59/100|[from] move: Whirlpool|[partiallytrapped]
|upkeep
|turn|16
|
|t:|1757794862
|move|p2a: Primarina|Perish Song|p2a: Primarina
|-start|p1a: Blissey|perish3|[silent]
|-start|p2a: Primarina|perish3|[silent]
|-fieldactivate|move: Perish Song
|move|p1a: Blissey|Soft-Boiled|p1a: Blissey
|-heal|p1a: Blissey|100/100
|
|-damage|p1a: Blissey|88/100|[from] move: Whirlpool|[partiallytrapped]
|-start|p2a: Primarina|perish3
|-start|p1a: Blissey|perish3
|upkeep
|turn|17
|
|t:|1757794874
|move|p2a: Primarina|Draining Kiss|p1a: Blissey
|-damage|p1a: Blissey|82/100
|move|p1a: Blissey|Metronome|p1a: Blissey
|move|p1a: Blissey|Acid Armor|p1a: Blissey|[from] move: Metronome
|-boost|p1a: Blissey|def|2
|
|-heal|p1a: Blissey|88/100|[from] item: Leftovers
|-damage|p1a: Blissey|75/100|[from] move: Whirlpool|[partiallytrapped]
|-start|p2a: Primarina|perish2
|-start|p1a: Blissey|perish2
|upkeep
|turn|18
|
|t:|1757794885
|move|p2a: Primarina|Draining Kiss|p1a: Blissey
|-damage|p1a: Blissey|69/100
|move|p1a: Blissey|Metronome|p1a: Blissey
|move|p1a: Blissey|Sucker Punch||[from] move: Metronome|[still]
|-fail|p1a: Blissey
|
|-heal|p1a: Blissey|76/100|[from] item: Leftovers
|-damage|p1a: Blissey|63/100|[from] move: Whirlpool|[partiallytrapped]
|-start|p2a: Primarina|perish1
|-start|p1a: Blissey|perish1
|upkeep
|turn|19
|
|t:|1757794892
|switch|p2a: Illumise|Illumise, F|45/100
|move|p1a: Blissey|Metronome|p1a: Blissey
|move|p1a: Blissey|Ice Punch|p2a: Illumise|[from] move: Metronome
|-damage|p2a: Illumise|41/100
|
|-heal|p2a: Illumise|47/100|[from] item: Leftovers
|-heal|p1a: Blissey|69/100|[from] item: Leftovers
|-end|p1a: Blissey|Whirlpool|[partiallytrapped]
|-start|p1a: Blissey|perish0
|upkeep
|faint|p1a: Blissey
|
|t:|1757794898
|switch|p1a: Vigoroth|Vigoroth, F|100/100
|-damage|p1a: Vigoroth|88/100|[from] Stealth Rock
|turn|20
|
|t:|1757794913
|move|p2a: Illumise|Thunder Wave|p1a: Vigoroth
|-status|p1a: Vigoroth|par
|move|p1a: Vigoroth|Knock Off|p2a: Illumise
|-damage|p2a: Illumise|27/100
|-enditem|p2a: Illumise|Leftovers|[from] move: Knock Off|[of] p1a: Vigoroth
|
|upkeep
|turn|21
|
|t:|1757794921
|move|p2a: Illumise|Wish|p2a: Illumise
|move|p1a: Vigoroth|Metronome|p1a: Vigoroth
|move|p1a: Vigoroth|Bug Buzz|p2a: Illumise|[from] move: Metronome
|-damage|p2a: Illumise|17/100
|
|upkeep
|turn|22
|
|t:|1757794930
|move|p2a: Illumise|Encore||[still]
|-fail|p2a: Illumise
|move|p1a: Vigoroth|Metronome|p1a: Vigoroth
|move|p1a: Vigoroth|Stomp|p2a: Illumise|[from] move: Metronome
|-damage|p2a: Illumise|0 fnt
|faint|p2a: Illumise
|
|upkeep
|
|t:|1757794939
|switch|p2a: Primarina|Primarina, M|100/100
|turn|23
|
|t:|1757794941
|move|p2a: Primarina|Whirlpool|p1a: Vigoroth|[miss]
|-miss|p2a: Primarina|p1a: Vigoroth
|cant|p1a: Vigoroth|par
|
|upkeep
|turn|24
|
|t:|1757794947
|move|p2a: Primarina|Whirlpool|p1a: Vigoroth
|-damage|p1a: Vigoroth|74/100 par
|-activate|p1a: Vigoroth|move: Whirlpool|[of] p2a: Primarina
|move|p1a: Vigoroth|Knock Off|p2a: Primarina
|-resisted|p2a: Primarina
|-damage|p2a: Primarina|91/100
|-enditem|p2a: Primarina|Leftovers|[from] move: Knock Off|[of] p1a: Vigoroth
|
|-damage|p1a: Vigoroth|61/100 par|[from] move: Whirlpool|[partiallytrapped]
|upkeep
|turn|25
|
|t:|1757794953
|move|p2a: Primarina|Draining Kiss|p1a: Vigoroth
|-damage|p1a: Vigoroth|38/100 par
|-heal|p2a: Primarina|100/100|[from] drain|[of] p1a: Vigoroth
|move|p1a: Vigoroth|Metronome|p1a: Vigoroth
|move|p1a: Vigoroth|Disable|p2a: Primarina|[from] move: Metronome
|-start|p2a: Primarina|Disable|Draining Kiss
|
|-damage|p1a: Vigoroth|26/100 par|[from] move: Whirlpool|[partiallytrapped]
|upkeep
|turn|26
|
|t:|1757794961
|move|p2a: Primarina|Whirlpool|p1a: Vigoroth
|-damage|p1a: Vigoroth|10/100 par
|move|p1a: Vigoroth|Metronome|p1a: Vigoroth
|move|p1a: Vigoroth|Petal Dance|p2a: Primarina|[from] move: Metronome
|-supereffective|p2a: Primarina
|-damage|p2a: Primarina|79/100
|
|-damage|p1a: Vigoroth|0 fnt|[from] move: Whirlpool|[partiallytrapped]
|faint|p1a: Vigoroth
|upkeep
|
|t:|1757794963
|switch|p1a: Dragapult|Dragapult, F, tera:Ghost|72/100
|-damage|p1a: Dragapult|59/100|[from] Stealth Rock
|turn|27
|
|t:|1757794973
|move|p1a: Dragapult|Shadow Ball|p2a: Primarina
|-damage|p2a: Primarina|34/100
|move|p2a: Primarina|Perish Song|p2a: Primarina
|-start|p1a: Dragapult|perish3|[silent]
|-start|p2a: Primarina|perish3|[silent]
|-fieldactivate|move: Perish Song
|
|-start|p1a: Dragapult|perish3
|-start|p2a: Primarina|perish3
|upkeep
|turn|28
|
|t:|1757794978
|switch|p2a: Iron Jugulis|Iron Jugulis|100/100
|-enditem|p2a: Iron Jugulis|Booster Energy
|-activate|p2a: Iron Jugulis|ability: Quark Drive|[fromitem]
|-start|p2a: Iron Jugulis|quarkdrivespe
|move|p1a: Dragapult|Shadow Ball|p2a: Iron Jugulis
|-resisted|p2a: Iron Jugulis
|-damage|p2a: Iron Jugulis|58/100
|
|-start|p1a: Dragapult|perish2
|upkeep
|turn|29
|
|t:|1757794986
|switch|p1a: Chansey|Chansey, F|100/100
|-damage|p1a: Chansey|88/100|[from] Stealth Rock
|move|p2a: Iron Jugulis|Dark Pulse|p1a: Chansey
|-damage|p1a: Chansey|78/100
|
|upkeep
|turn|30
|
|t:|1757794990
|-end|p2a: Iron Jugulis|Quark Drive|[silent]
|switch|p2a: Primarina|Primarina, M|34/100
|move|p1a: Chansey|Metronome|p1a: Chansey
|move|p1a: Chansey|Tail Slap|p2a: Primarina|[from] move: Metronome
|-damage|p2a: Primarina|32/100
|-damage|p2a: Primarina|30/100
|-damage|p2a: Primarina|29/100
|-hitcount|p2a: Primarina|3
|
|upkeep
|turn|31
|
|t:|1757795000
|switch|p1a: Dragapult|Dragapult, F, tera:Ghost|59/100
|-damage|p1a: Dragapult|47/100|[from] Stealth Rock
|move|p2a: Primarina|Life Dew|p2a: Primarina
|-heal|p2a: Primarina|54/100
|
|upkeep
|turn|32
|
|t:|1757795004
|move|p1a: Dragapult|Shadow Ball|p2a: Primarina
|-damage|p2a: Primarina|8/100
|move|p2a: Primarina|Draining Kiss|p1a: Dragapult
|-damage|p1a: Dragapult|21/100
|-heal|p2a: Primarina|28/100|[from] drain|[of] p1a: Dragapult
|
|upkeep
|turn|33
|
|t:|1757795011
|switch|p2a: Iron Jugulis|Iron Jugulis|58/100
|move|p1a: Dragapult|Shadow Ball|p2a: Iron Jugulis
|-resisted|p2a: Iron Jugulis
|-damage|p2a: Iron Jugulis|18/100
|
|upkeep
|turn|34
|
|t:|1757795017
|move|p1a: Dragapult|Shadow Ball|p2a: Iron Jugulis
|-resisted|p2a: Iron Jugulis
|-damage|p2a: Iron Jugulis|0 fnt
|faint|p2a: Iron Jugulis
|-end|p2a: Iron Jugulis|Quark Drive|[silent]
|
|upkeep
|
|t:|1757795018
|switch|p2a: Primarina|Primarina, M|28/100
|turn|35
|
|t:|1757795024
|move|p1a: Dragapult|Shadow Ball|p2a: Primarina
|-damage|p2a: Primarina|0 fnt
|faint|p2a: Primarina
|
|win|A Bad Fur Day
|raw|A Bad Fur Day's rating: 1316 &rarr; <strong>1335</strong><br />(+19 for winning)
|raw|Dabsito's rating: 1306 &rarr; <strong>1287</strong><br />(-19 for losing)
|l|☆Dabsito
|player|p2|
|l|☆A Bad Fur Day
|player|p1|
