|j|☆safi7519
|j|☆Linton Molnar
|t:|1757946628
|gametype|singles
|player|p1|safi7519|blue|1191
|player|p2|Linton Molnar|gambler|1193
|gen|9
|tier|[Gen 9] OU
|rated|
|rule|HP Percentage Mod: HP is shown in percentages
|rule|Endless Battle Clause: Forcing endless battles is banned
|rule|Species Clause: Limit one of each Pokémon
|rule|OHKO Clause: OHKO moves are banned
|rule|Evasion Items Clause: Evasion items are banned
|rule|Evasion Moves Clause: Evasion moves are banned
|rule|Evasion Abilities Clause: Evasion abilities are banned
|rule|Sleep Moves Clause: Sleep-inducing moves are banned
|clearpoke
|poke|p1|Gliscor, M|
|poke|p1|Breloom, F|
|poke|p1|Scizor, M|
|poke|p1|Iron Moth|
|poke|p1|Dragonite, M|
|poke|p1|Primarina, F|
|poke|p2|Alomomola, M|
|poke|p2|Dondozo, F|
|poke|p2|Blissey, F|
|poke|p2|Clodsire, F|
|poke|p2|Clefable, M|
|poke|p2|Heatran, M|
|teampreview
|inactive|Battle timer is ON: inactive players will automatically lose when time's up. (requested by Linton Molnar)
|
|t:|1757946644
|teamsize|p1|6
|teamsize|p2|6
|start
|switch|p1a: Iron Moth|Iron Moth, shiny|100/100
|switch|p2a: Clodsire|Clodsire, F|100/100
|turn|1
|
|t:|1757946656
|-end|p1a: Iron Moth|Quark Drive|[silent]
|switch|p1a: Gliscor|Gliscor, M|100/100
|switch|p2a: Blissey|Blissey, F|100/100
|
|-status|p1a: Gliscor|tox|[from] item: Toxic Orb
|upkeep
|turn|2
|
|t:|1757946668
|switch|p2a: Alomomola|Alomomola, M|100/100
|move|p1a: Gliscor|Toxic|p2a: Alomomola
|-status|p2a: Alomomola|tox
|
|-damage|p2a: Alomomola|94/100 tox|[from] psn
|upkeep
|turn|3
|
|t:|1757946677
|move|p1a: Gliscor|Protect|p1a: Gliscor
|-singleturn|p1a: Gliscor|Protect
|move|p2a: Alomomola|Wish|p2a: Alomomola
|
|-heal|p2a: Alomomola|100/100 tox|[from] item: Leftovers
|-damage|p2a: Alomomola|88/100 tox|[from] psn
|upkeep
|turn|4
|
|t:|1757946687
|switch|p2a: Clodsire|Clodsire, F|100/100
|move|p1a: Gliscor|Substitute|p1a: Gliscor
|-start|p1a: Gliscor|Substitute
|-damage|p1a: Gliscor|76/100 tox
|
|-heal|p1a: Gliscor|88/100 tox|[from] ability: Poison Heal
|upkeep
|turn|5
|
|t:|1757946698
|move|p1a: Gliscor|Earthquake|p2a: Clodsire
|-supereffective|p2a: Clodsire
|-damage|p2a: Clodsire|38/100
|move|p2a: Clodsire|Counter|p1a: Gliscor
|-end|p1a: Gliscor|Substitute
|
|-heal|p2a: Clodsire|44/100|[from] item: Leftovers
|-heal|p1a: Gliscor|100/100 tox|[from] ability: Poison Heal
|upkeep
|turn|6
|
|t:|1757946713
|switch|p2a: Heatran|Heatran, M|100/100
|move|p1a: Gliscor|Earthquake|p2a: Heatran
|-supereffective|p2a: Heatran
|-damage|p2a: Heatran|0 fnt
|faint|p2a: Heatran
|
|upkeep
|
|t:|1757946722
|switch|p2a: Alomomola|Alomomola, M|100/100 tox
|turn|7
|
|t:|1757946727
|move|p1a: Gliscor|Substitute|p1a: Gliscor
|-start|p1a: Gliscor|Substitute
|-damage|p1a: Gliscor|76/100 tox
|move|p2a: Alomomola|Wish|p2a: Alomomola
|
|-heal|p1a: Gliscor|88/100 tox|[from] ability: Poison Heal
|-damage|p2a: Alomomola|94/100 tox|[from] psn
|upkeep
|turn|8
|
|t:|1757946737
|move|p1a: Gliscor|Earthquake|p2a: Alomomola
|-damage|p2a: Alomomola|76/100 tox
|move|p2a: Alomomola|Flip Turn|p1a: Gliscor
|-supereffective|p1a: Gliscor
|-activate|p1a: Gliscor|move: Substitute|[damage]
|
|t:|1757946744
|switch|p2a: Clodsire|Clodsire, F|44/100|[from] Flip Turn
|
|-heal|p2a: Clodsire|100/100|[from] move: Wish|[wisher] Alomomola
|-heal|p1a: Gliscor|100/100 tox|[from] ability: Poison Heal
|upkeep
|turn|9
|
|t:|1757946753
|switch|p2a: Dondozo|Dondozo, F|100/100
|move|p1a: Gliscor|Earthquake|p2a: Dondozo
|-damage|p2a: Dondozo|80/100
|
|-heal|p2a: Dondozo|86/100|[from] item: Leftovers
|upkeep
|turn|10
|
|t:|1757946762
|move|p1a: Gliscor|Toxic|p2a: Dondozo
|-status|p2a: Dondozo|tox
|move|p2a: Dondozo|Curse|p2a: Dondozo
|-unboost|p2a: Dondozo|spe|1
|-boost|p2a: Dondozo|atk|1
|-boost|p2a: Dondozo|def|1
|
|-heal|p2a: Dondozo|92/100 tox|[from] item: Leftovers
|-damage|p2a: Dondozo|86/100 tox|[from] psn
|upkeep
|turn|11
|
|t:|1757946773
|move|p1a: Gliscor|Earthquake|p2a: Dondozo
|-damage|p2a: Dondozo|69/100 tox
|move|p2a: Dondozo|Curse|p2a: Dondozo
|-unboost|p2a: Dondozo|spe|1
|-boost|p2a: Dondozo|atk|1
|-boost|p2a: Dondozo|def|1
|
|-heal|p2a: Dondozo|75/100 tox|[from] item: Leftovers
|-damage|p2a: Dondozo|63/100 tox|[from] psn
|upkeep
|turn|12
|
|t:|1757946785
|move|p1a: Gliscor|Earthquake|p2a: Dondozo
|-damage|p2a: Dondozo|52/100 tox
|move|p2a: Dondozo|Curse|p2a: Dondozo
|-unboost|p2a: Dondozo|spe|1
|-boost|p2a: Dondozo|atk|1
|-boost|p2a: Dondozo|def|1
|
|-heal|p2a: Dondozo|58/100 tox|[from] item: Leftovers
|-damage|p2a: Dondozo|39/100 tox|[from] psn
|upkeep
|turn|13
|
|t:|1757946797
|move|p1a: Gliscor|Earthquake|p2a: Dondozo
|-damage|p2a: Dondozo|30/100 tox
|move|p2a: Dondozo|Rest|p2a: Dondozo
|-status|p2a: Dondozo|slp|[from] move: Rest
|-heal|p2a: Dondozo|100/100 slp|[silent]
|
|upkeep
|turn|14
|
|t:|1757946807
|switch|p1a: Breloom|Breloom, F, shiny|100/100
|cant|p2a: Dondozo|slp
|move|p2a: Dondozo|Sleep Talk|p2a: Dondozo
|move|p2a: Dondozo|Curse|p2a: Dondozo|[from] move: Sleep Talk
|-unboost|p2a: Dondozo|spe|1
|-boost|p2a: Dondozo|atk|1
|-boost|p2a: Dondozo|def|1
|
|upkeep
|turn|15
|
|t:|1757946821
|move|p1a: Breloom|Tera Blast|p2a: Dondozo
|-damage|p2a: Dondozo|94/100 slp
|cant|p2a: Dondozo|slp
|move|p2a: Dondozo|Sleep Talk|p2a: Dondozo
|move|p2a: Dondozo|Curse|p2a: Dondozo|[from] move: Sleep Talk
|-unboost|p2a: Dondozo|spe|1
|-boost|p2a: Dondozo|atk|1
|-boost|p2a: Dondozo|def|1
|
|-heal|p2a: Dondozo|99/100 slp|[from] item: Leftovers
|upkeep
|turn|16
|
|t:|1757946838
|switch|p1a: Iron Moth|Iron Moth, shiny|100/100
|-curestatus|p2a: Dondozo|slp|[msg]
|move|p2a: Dondozo|Sleep Talk||[still]
|-fail|p2a: Dondozo
|
|-heal|p2a: Dondozo|100/100|[from] item: Leftovers
|upkeep
|turn|17
|
|t:|1757946849
|move|p1a: Iron Moth|Energy Ball|p2a: Dondozo
|-supereffective|p2a: Dondozo
|-damage|p2a: Dondozo|61/100
|move|p2a: Dondozo|Curse|p2a: Dondozo
|-unboost|p2a: Dondozo|spe|1
|-boost|p2a: Dondozo|atk|1
|-boost|p2a: Dondozo|def|1
|
|-heal|p2a: Dondozo|67/100|[from] item: Leftovers
|upkeep
|turn|18
|
|t:|1757946864
|move|p1a: Iron Moth|Energy Ball|p2a: Dondozo
|-supereffective|p2a: Dondozo
|-damage|p2a: Dondozo|26/100
|move|p2a: Dondozo|Rest|p2a: Dondozo
|-status|p2a: Dondozo|slp|[from] move: Rest
|-heal|p2a: Dondozo|100/100 slp|[silent]
|
|upkeep
|turn|19
|
|t:|1757946872
|move|p1a: Iron Moth|Energy Ball|p2a: Dondozo
|-supereffective|p2a: Dondozo
|-damage|p2a: Dondozo|61/100 slp
|cant|p2a: Dondozo|slp
|move|p2a: Dondozo|Sleep Talk|p2a: Dondozo
|move|p2a: Dondozo|Crunch|p1a: Iron Moth|[from] move: Sleep Talk
|-enditem|p1a: Iron Moth|Focus Sash
|-damage|p1a: Iron Moth|1/100
|
|-heal|p2a: Dondozo|67/100 slp|[from] item: Leftovers
|upkeep
|turn|20
|
|t:|1757946887
|move|p1a: Iron Moth|Energy Ball|p2a: Dondozo
|-supereffective|p2a: Dondozo
|-damage|p2a: Dondozo|25/100 slp
|cant|p2a: Dondozo|slp
|move|p2a: Dondozo|Sleep Talk|p2a: Dondozo
|move|p2a: Dondozo|Rest||[from] move: Sleep Talk|[still]
|-fail|p2a: Dondozo
|
|-heal|p2a: Dondozo|31/100 slp|[from] item: Leftovers
|upkeep
|turn|21
|
|t:|1757946907
|switch|p2a: Alomomola|Alomomola, M|100/100 tox
|move|p1a: Iron Moth|Energy Ball|p2a: Alomomola
|-supereffective|p2a: Alomomola
|-damage|p2a: Alomomola|16/100 tox
|
|-heal|p2a: Alomomola|22/100 tox|[from] item: Leftovers
|-damage|p2a: Alomomola|16/100 tox|[from] psn
|upkeep
|turn|22
|
|t:|1757946918
|switch|p2a: Clefable|Clefable, M|100/100
|move|p1a: Iron Moth|Energy Ball|p2a: Clefable
|-damage|p2a: Clefable|80/100
|
|-heal|p2a: Clefable|86/100|[from] item: Leftovers
|upkeep
|turn|23
|
|t:|1757946926
|move|p1a: Iron Moth|Sludge Wave|p2a: Clefable
|-supereffective|p2a: Clefable
|-damage|p2a: Clefable|20/100
|move|p2a: Clefable|Night Shade|p1a: Iron Moth
|-damage|p1a: Iron Moth|0 fnt
|faint|p1a: Iron Moth
|-end|p1a: Iron Moth|Quark Drive|[silent]
|
|-heal|p2a: Clefable|26/100|[from] item: Leftovers
|upkeep
|
|t:|1757946935
|switch|p1a: Scizor|Scizor, M|100/100
|turn|24
|
|t:|1757946948
|move|p2a: Clefable|Protect|p2a: Clefable
|-singleturn|p2a: Clefable|Protect
|move|p1a: Scizor|Swords Dance|p1a: Scizor
|-boost|p1a: Scizor|atk|2
|
|-heal|p2a: Clefable|32/100|[from] item: Leftovers
|upkeep
|turn|25
|
|t:|1757946961
|move|p2a: Clefable|Protect|p2a: Clefable
|-singleturn|p2a: Clefable|Protect
|move|p1a: Scizor|Swords Dance|p1a: Scizor
|-boost|p1a: Scizor|atk|2
|
|-heal|p2a: Clefable|39/100|[from] item: Leftovers
|upkeep
|turn|26
|
|t:|1757946970
|move|p1a: Scizor|Swords Dance|p1a: Scizor
|-boost|p1a: Scizor|atk|2
|move|p2a: Clefable|Wish|p2a: Clefable
|
|-heal|p2a: Clefable|45/100|[from] item: Leftovers
|upkeep
|turn|27
|
|t:|1757946978
|switch|p2a: Dondozo|Dondozo, F|31/100 slp
|move|p1a: Scizor|Bullet Punch|p2a: Dondozo
|-resisted|p2a: Dondozo
|-damage|p2a: Dondozo|20/100 slp
|
|-heal|p2a: Dondozo|59/100 slp|[from] move: Wish|[wisher] Clefable
|-heal|p2a: Dondozo|66/100 slp|[from] item: Leftovers
|upkeep
|turn|28
|
|t:|1757946995
|move|p1a: Scizor|Bug Bite|p2a: Dondozo
|-damage|p2a: Dondozo|35/100 slp
|-curestatus|p2a: Dondozo|slp|[msg]
|move|p2a: Dondozo|Curse|p2a: Dondozo
|-unboost|p2a: Dondozo|spe|1
|-boost|p2a: Dondozo|atk|1
|-boost|p2a: Dondozo|def|1
|
|-heal|p2a: Dondozo|41/100|[from] item: Leftovers
|upkeep
|turn|29
|
|t:|1757947006
|move|p1a: Scizor|Bug Bite|p2a: Dondozo
|-damage|p2a: Dondozo|23/100
|move|p2a: Dondozo|Rest|p2a: Dondozo
|-status|p2a: Dondozo|slp|[from] move: Rest
|-heal|p2a: Dondozo|100/100 slp|[silent]
|
|upkeep
|turn|30
|
|t:|1757947024
|switch|p1a: Breloom|Breloom, F, shiny|100/100
|cant|p2a: Dondozo|slp
|move|p2a: Dondozo|Sleep Talk|p2a: Dondozo
|move|p2a: Dondozo|Rest||[from] move: Sleep Talk|[still]
|-fail|p2a: Dondozo
|
|upkeep
|turn|31
|
|t:|1757947047
|switch|p2a: Clodsire|Clodsire, F|100/100
|move|p1a: Breloom|Swords Dance|p1a: Breloom
|-boost|p1a: Breloom|atk|2
|
|upkeep
|turn|32
|
|t:|1757947064
|move|p1a: Breloom|Bullet Seed|p2a: Clodsire
|-damage|p2a: Clodsire|84/100
|-damage|p2a: Clodsire|67/100
|-damage|p2a: Clodsire|51/100
|-damage|p2a: Clodsire|35/100
|-hitcount|p2a: Clodsire|4
|move|p2a: Clodsire|Toxic|p1a: Breloom
|-status|p1a: Breloom|tox
|
|-heal|p2a: Clodsire|41/100|[from] item: Leftovers
|-damage|p1a: Breloom|94/100 tox|[from] psn
|upkeep
|turn|33
|inactive|Linton Molnar has 120 seconds left.
|
|t:|1757947095
|switch|p2a: Blissey|Blissey, F|100/100
|move|p1a: Breloom|Bullet Seed|p2a: Blissey
|-damage|p2a: Blissey|15/100
|-damage|p2a: Blissey|0 fnt
|faint|p2a: Blissey
|-hitcount|p2: Blissey|2
|
|-damage|p1a: Breloom|82/100 tox|[from] psn
|upkeep
|
|t:|1757947112
|switch|p2a: Alomomola|Alomomola, M|49/100 tox
|turn|34
|
|t:|1757947116
|move|p2a: Alomomola|Protect|p2a: Alomomola
|-singleturn|p2a: Alomomola|Protect
|move|p1a: Breloom|Bullet Seed|p2a: Alomomola
|-activate|p2a: Alomomola|move: Protect
|
|-heal|p2a: Alomomola|55/100 tox|[from] item: Leftovers
|-damage|p1a: Breloom|64/100 tox|[from] psn
|-damage|p2a: Alomomola|49/100 tox|[from] psn
|upkeep
|turn|35
|inactive|Linton Molnar has 120 seconds left.
|
|t:|1757947142
|-terastallize|p2a: Alomomola|Dragon
|move|p1a: Breloom|Mach Punch|p2a: Alomomola
|-damage|p2a: Alomomola|14/100 tox
|move|p2a: Alomomola|Wish|p2a: Alomomola
|
|-heal|p2a: Alomomola|20/100 tox|[from] item: Leftovers
|-damage|p1a: Breloom|39/100 tox|[from] psn
|-damage|p2a: Alomomola|8/100 tox|[from] psn
|upkeep
|turn|36
|
|t:|1757947156
|switch|p2a: Clodsire|Clodsire, F|41/100
|move|p1a: Breloom|Mach Punch|p2a: Clodsire
|-resisted|p2a: Clodsire
|-damage|p2a: Clodsire|27/100
|
|-heal|p2a: Clodsire|85/100|[from] move: Wish|[wisher] Alomomola
|-heal|p2a: Clodsire|91/100|[from] item: Leftovers
|-damage|p1a: Breloom|9/100 tox|[from] psn
|upkeep
|turn|37
|
|t:|1757947167
|move|p1a: Breloom|Bullet Seed|p2a: Clodsire
|-damage|p2a: Clodsire|74/100
|-damage|p2a: Clodsire|59/100
|-damage|p2a: Clodsire|42/100
|-damage|p2a: Clodsire|23/100
|-damage|p2a: Clodsire|6/100
|-hitcount|p2a: Clodsire|5
|move|p2a: Clodsire|Counter|p1a: Breloom
|-damage|p1a: Breloom|0 fnt
|faint|p1a: Breloom
|
|-heal|p2a: Clodsire|12/100|[from] item: Leftovers
|upkeep
|
|t:|1757947182
|switch|p1a: Scizor|Scizor, M|100/100
|turn|38
|
|t:|1757947188
|switch|p2a: Dondozo|Dondozo, F|100/100 slp
|move|p1a: Scizor|Bullet Punch|p2a: Dondozo
|-resisted|p2a: Dondozo
|-damage|p2a: Dondozo|92/100 slp
|
|-heal|p2a: Dondozo|98/100 slp|[from] item: Leftovers
|upkeep
|turn|39
|inactive|Linton Molnar has 120 seconds left.
|
|t:|1757947199
|switch|p1a: Primarina|Primarina, F|100/100
|cant|p2a: Dondozo|slp
|move|p2a: Dondozo|Sleep Talk|p2a: Dondozo
|move|p2a: Dondozo|Rest||[from] move: Sleep Talk|[still]
|-fail|p2a: Dondozo
|
|-heal|p2a: Dondozo|100/100 slp|[from] item: Leftovers
|upkeep
|turn|40
|inactive|Linton Molnar has 120 seconds left.
|
|t:|1757947212
|move|p1a: Primarina|Calm Mind|p1a: Primarina
|-boost|p1a: Primarina|spa|1
|-boost|p1a: Primarina|spd|1
|-curestatus|p2a: Dondozo|slp|[msg]
|move|p2a: Dondozo|Curse|p2a: Dondozo
|-unboost|p2a: Dondozo|spe|1
|-boost|p2a: Dondozo|atk|1
|-boost|p2a: Dondozo|def|1
|
|upkeep
|turn|41
|inactive|Linton Molnar has 120 seconds left.
|
|t:|1757947221
|move|p1a: Primarina|Calm Mind|p1a: Primarina
|-boost|p1a: Primarina|spa|1
|-boost|p1a: Primarina|spd|1
|move|p2a: Dondozo|Curse|p2a: Dondozo
|-unboost|p2a: Dondozo|spe|1
|-boost|p2a: Dondozo|atk|1
|-boost|p2a: Dondozo|def|1
|
|upkeep
|turn|42
|
|t:|1757947229
|move|p1a: Primarina|Moonblast|p2a: Dondozo
|-damage|p2a: Dondozo|68/100
|move|p2a: Dondozo|Curse|p2a: Dondozo
|-unboost|p2a: Dondozo|spe|1
|-boost|p2a: Dondozo|atk|1
|-boost|p2a: Dondozo|def|1
|
|-heal|p2a: Dondozo|74/100|[from] item: Leftovers
|upkeep
|turn|43
|
|t:|1757947239
|move|p1a: Primarina|Moonblast|p2a: Dondozo
|-damage|p2a: Dondozo|38/100
|move|p2a: Dondozo|Curse|p2a: Dondozo
|-unboost|p2a: Dondozo|spe|1
|-boost|p2a: Dondozo|atk|1
|-boost|p2a: Dondozo|def|1
|
|-heal|p2a: Dondozo|44/100|[from] item: Leftovers
|upkeep
|turn|44
|
|t:|1757947249
|move|p1a: Primarina|Moonblast|p2a: Dondozo
|-damage|p2a: Dondozo|12/100
|-unboost|p2a: Dondozo|spa|1
|move|p2a: Dondozo|Rest|p2a: Dondozo
|-status|p2a: Dondozo|slp|[from] move: Rest
|-heal|p2a: Dondozo|100/100 slp|[silent]
|
|upkeep
|turn|45
|
|t:|1757947258
|move|p1a: Primarina|Calm Mind|p1a: Primarina
|-boost|p1a: Primarina|spa|1
|-boost|p1a: Primarina|spd|1
|cant|p2a: Dondozo|slp
|move|p2a: Dondozo|Sleep Talk|p2a: Dondozo
|move|p2a: Dondozo|Curse|p2a: Dondozo|[from] move: Sleep Talk
|-unboost|p2a: Dondozo|spe|1
|-boost|p2a: Dondozo|atk|1
|-boost|p2a: Dondozo|def|1
|
|upkeep
|turn|46
|
|t:|1757947269
|move|p1a: Primarina|Calm Mind|p1a: Primarina
|-boost|p1a: Primarina|spa|1
|-boost|p1a: Primarina|spd|1
|cant|p2a: Dondozo|slp
|move|p2a: Dondozo|Sleep Talk|p2a: Dondozo
|move|p2a: Dondozo|Curse|p2a: Dondozo|[from] move: Sleep Talk
|-unboost|p2a: Dondozo|spe|1
|-boost|p2a: Dondozo|atk|1
|-boost|p2a: Dondozo|def|1
|
|upkeep
|turn|47
|
|t:|1757947280
|move|p1a: Primarina|Moonblast|p2a: Dondozo
|-damage|p2a: Dondozo|66/100 slp
|-unboost|p2a: Dondozo|spa|1
|-curestatus|p2a: Dondozo|slp|[msg]
|move|p2a: Dondozo|Crunch|p1a: Primarina
|-resisted|p1a: Primarina
|-crit|p1a: Primarina
|-damage|p1a: Primarina|21/100
|
|-heal|p1a: Primarina|27/100|[from] item: Leftovers
|-heal|p2a: Dondozo|72/100|[from] item: Leftovers
|upkeep
|turn|48
|
|t:|1757947292
|move|p1a: Primarina|Moonblast|p2a: Dondozo
|-damage|p2a: Dondozo|38/100
|-unboost|p2a: Dondozo|spa|1
|move|p2a: Dondozo|Crunch|p1a: Primarina
|-resisted|p1a: Primarina
|-damage|p1a: Primarina|0 fnt
|faint|p1a: Primarina
|
|-heal|p2a: Dondozo|44/100|[from] item: Leftovers
|upkeep
|
|t:|1757947304
|switch|p1a: Gliscor|Gliscor, M|100/100 tox
|turn|49
|
|t:|1757947313
|move|p1a: Gliscor|Toxic|p2a: Dondozo
|-status|p2a: Dondozo|tox
|move|p2a: Dondozo|Rest|p2a: Dondozo
|-status|p2a: Dondozo|slp|[from] move: Rest
|-heal|p2a: Dondozo|100/100 slp|[silent]
|
|upkeep
|turn|50
|
|t:|1757947322
|switch|p1a: Dragonite|Dragonite, M, shiny|100/100
|cant|p2a: Dondozo|slp
|move|p2a: Dondozo|Sleep Talk|p2a: Dondozo
|move|p2a: Dondozo|Rest||[from] move: Sleep Talk|[still]
|-fail|p2a: Dondozo
|
|upkeep
|turn|51
|
|t:|1757947333
|move|p1a: Dragonite|Dragon Dance|p1a: Dragonite
|-boost|p1a: Dragonite|atk|1
|-boost|p1a: Dragonite|spe|1
|cant|p2a: Dondozo|slp
|move|p2a: Dondozo|Sleep Talk|p2a: Dondozo
|move|p2a: Dondozo|Curse|p2a: Dondozo|[from] move: Sleep Talk
|
|upkeep
|turn|52
|
|t:|1757947345
|move|p1a: Dragonite|Dragon Dance|p1a: Dragonite
|-boost|p1a: Dragonite|atk|1
|-boost|p1a: Dragonite|spe|1
|-curestatus|p2a: Dondozo|slp|[msg]
|move|p2a: Dondozo|Crunch|p1a: Dragonite
|-damage|p1a: Dragonite|24/100
|
|-heal|p1a: Dragonite|30/100|[from] item: Leftovers
|upkeep
|turn|53
|
|t:|1757947357
|move|p1a: Dragonite|Dragon Claw|p2a: Dondozo
|-damage|p2a: Dondozo|93/100
|move|p2a: Dondozo|Crunch|p1a: Dragonite
|-damage|p1a: Dragonite|0 fnt
|faint|p1a: Dragonite
|
|-heal|p2a: Dondozo|99/100|[from] item: Leftovers
|upkeep
|c|☆safi7519|nique ta mere
|inactive|safi7519 has 120 seconds left.
|-message|safi7519 forfeited.
|
|win|Linton Molnar
|raw|safi7519's rating: 1191 &rarr; <strong>1166</strong><br />(-25 for losing)
|raw|Linton Molnar's rating: 1193 &rarr; <strong>1218</strong><br />(+25 for winning)
|l|☆safi7519
|player|p1|
|l|☆Linton Molnar
|player|p2|
