|j|☆TheMemePerson
|j|☆JBLspeakerfetty
|t:|1757874772
|gametype|singles
|player|p1|TheMemePerson|102|1390
|player|p2|JBLspeakerfetty|red|1404
|gen|9
|tier|[Gen 9] OU
|rated|
|rule|HP Percentage Mod: HP is shown in percentages
|rule|Endless Battle Clause: Forcing endless battles is banned
|rule|Species Clause: Limit one of each Pokémon
|rule|OHKO Clause: OHKO moves are banned
|rule|Evasion Items Clause: Evasion items are banned
|rule|Evasion Moves Clause: Evasion moves are banned
|rule|Evasion Abilities Clause: Evasion abilities are banned
|rule|Sleep Moves Clause: Sleep-inducing moves are banned
|clearpoke
|poke|p1|Kingambit, F|
|poke|p1|Ogerpon-Wellspring, F|
|poke|p1|Cinderace, M|
|poke|p1|Landorus-Therian, M|
|poke|p1|Hatterene, F|
|poke|p1|Dragapult, F|
|poke|p2|Pikachu, F|
|poke|p2|Mimikyu, F|
|poke|p2|Hatterene, F|
|poke|p2|Ursaluna, M|
|poke|p2|Manaphy|
|poke|p2|Honchkrow, F|
|teampreview
|
|t:|1757874790
|teamsize|p1|6
|teamsize|p2|6
|start
|switch|p1a: Hatterene|Hatterene, F|100/100
|switch|p2a: Hatterene|Hatterene, F|100/100
|turn|1
|
|t:|1757874796
|move|p1a: Hatterene|Nuzzle|p2a: Hatterene
|-damage|p2a: Hatterene|96/100
|-status|p2a: Hatterene|par
|move|p2a: Hatterene|Nuzzle|p1a: Hatterene
|-damage|p1a: Hatterene|96/100
|-status|p1a: Hatterene|par
|
|upkeep
|turn|2
|
|t:|1757874813
|move|p1a: Hatterene|Psychic Noise|p2a: Hatterene
|-resisted|p2a: Hatterene
|-damage|p2a: Hatterene|82/100 par
|-start|p2a: Hatterene|move: Heal Block
|move|p2a: Hatterene|Trick Room|p2a: Hatterene
|-fieldstart|move: Trick Room|[of] p2a: Hatterene
|
|upkeep
|turn|3
|
|t:|1757874822
|switch|p2a: Ursaluna|Ursaluna, M|100/100
|cant|p1a: Hatterene|par
|
|-status|p2a: Ursaluna|brn|[from] item: Flame Orb
|upkeep
|turn|4
|
|t:|1757874830
|switch|p1a: Landorus|Landorus-Therian, M|100/100
|-ability|p1a: Landorus|Intimidate|boost
|-unboost|p2a: Ursaluna|atk|1
|move|p2a: Ursaluna|Facade|p1a: Landorus
|-damage|p1a: Landorus|15/100
|-damage|p2a: Ursaluna|84/100 brn|[from] item: Rocky Helmet|[of] p1a: Landorus
|
|-damage|p2a: Ursaluna|78/100 brn|[from] brn
|upkeep
|turn|5
|
|t:|1757874834
|switch|p1a: Hatterene|Hatterene, F|96/100 par
|move|p2a: Ursaluna|Fire Punch|p1a: Hatterene
|-damage|p1a: Hatterene|62/100 par
|
|-damage|p2a: Ursaluna|72/100 brn|[from] brn
|upkeep
|turn|6
|
|t:|1757874840
|move|p1a: Hatterene|Psychic Noise|p2a: Ursaluna
|-damage|p2a: Ursaluna|39/100 brn
|-start|p2a: Ursaluna|move: Heal Block
|move|p2a: Ursaluna|Facade|p1a: Hatterene
|-crit|p1a: Hatterene
|-damage|p1a: Hatterene|0 fnt
|faint|p1a: Hatterene
|
|-damage|p2a: Ursaluna|33/100 brn|[from] brn
|-fieldend|move: Trick Room
|upkeep
|
|t:|1757874843
|switch|p1a: Ogerpon|Ogerpon-Wellspring, F|100/100
|turn|7
|
|t:|1757874853
|move|p1a: Ogerpon|Knock Off|p2a: Ursaluna
|-damage|p2a: Ursaluna|7/100 brn
|-enditem|p2a: Ursaluna|Flame Orb|[from] move: Knock Off|[of] p1a: Ogerpon
|move|p2a: Ursaluna|Facade|p1a: Ogerpon
|-damage|p1a: Ogerpon|0 fnt
|faint|p1a: Ogerpon
|
|-damage|p2a: Ursaluna|1/100 brn|[from] brn
|-end|p2a: Ursaluna|move: Heal Block
|upkeep
|
|t:|1757874859
|switch|p1a: Dragapult|Dragapult, F|100/100
|turn|8
|
|t:|1757874861
|move|p1a: Dragapult|Dragon Darts|p2a: Ursaluna
|-damage|p2a: Ursaluna|0 fnt
|faint|p2a: Ursaluna
|
|upkeep
|
|t:|1757874871
|switch|p2a: Mimikyu|Mimikyu, F|100/100
|turn|9
|
|t:|1757874875
|move|p1a: Dragapult|U-turn|p2a: Mimikyu
|-activate|p2a: Mimikyu|ability: Disguise
|-damage|p2a: Mimikyu|100/100
|detailschange|p2a: Mimikyu|Mimikyu-Busted, F
|-damage|p2a: Mimikyu|88/100|[from] pokemon: Mimikyu-Busted
|-enditem|p2a: Mimikyu|Red Card|[of] p1a: Dragapult
|drag|p1a: Cinderace|Cinderace, M|100/100
|move|p2a: Mimikyu|Trick Room|p2a: Mimikyu
|-fieldstart|move: Trick Room|[of] p2a: Mimikyu
|
|upkeep
|turn|10
|
|t:|1757874887
|switch|p2a: Manaphy|Manaphy|100/100
|switch|p1a: Landorus|Landorus-Therian, M|15/100
|-ability|p1a: Landorus|Intimidate|boost
|-unboost|p2a: Manaphy|atk|1
|
|upkeep
|turn|11
|
|t:|1757874894
|move|p2a: Manaphy|Ice Beam|p1a: Landorus
|-supereffective|p1a: Landorus
|-damage|p1a: Landorus|0 fnt
|faint|p1a: Landorus
|
|upkeep
|
|t:|1757874898
|switch|p1a: Kingambit|Kingambit, F|100/100
|-activate|p1a: Kingambit|ability: Supreme Overlord
|-start|p1a: Kingambit|fallen3|[silent]
|turn|12
|
|t:|1757874901
|move|p1a: Kingambit|Kowtow Cleave|p2a: Manaphy
|-damage|p2a: Manaphy|62/100
|move|p2a: Manaphy|Scald|p1a: Kingambit
|-damage|p1a: Kingambit|68/100
|
|-heal|p2a: Manaphy|69/100|[from] item: Leftovers
|upkeep
|turn|13
|
|t:|1757874906
|-end|p1a: Kingambit|fallen3|[silent]
|switch|p1a: Dragapult|Dragapult, F|100/100
|move|p2a: Manaphy|Scald|p1a: Dragapult
|-resisted|p1a: Dragapult
|-damage|p1a: Dragapult|80/100
|
|-heal|p2a: Manaphy|75/100|[from] item: Leftovers
|-fieldend|move: Trick Room
|upkeep
|turn|14
|
|t:|1757874917
|switch|p2a: Honchkrow|Honchkrow, F|100/100
|move|p1a: Dragapult|Will-O-Wisp|p2a: Honchkrow|[miss]
|-miss|p1a: Dragapult|p2a: Honchkrow
|
|upkeep
|turn|15
|
|t:|1757874926
|switch|p1a: Cinderace|Cinderace, M|100/100
|switch|p2a: Mimikyu|Mimikyu-Busted, F|88/100
|
|upkeep
|turn|16
|
|t:|1757874930
|move|p1a: Cinderace|Pyro Ball|p2a: Mimikyu
|-damage|p2a: Mimikyu|30/100
|move|p2a: Mimikyu|Trick Room|p2a: Mimikyu
|-fieldstart|move: Trick Room|[of] p2a: Mimikyu
|
|upkeep
|turn|17
|
|t:|1757874936
|move|p2a: Mimikyu|Curse|p1a: Cinderace
|-start|p1a: Cinderace|Curse|[of] p2a: Mimikyu
|-damage|p2a: Mimikyu|0 fnt
|faint|p2a: Mimikyu
|move|p1a: Cinderace|Will-O-Wisp|p2: Mimikyu|[notarget]
|-fail|p1a: Cinderace
|
|-damage|p1a: Cinderace|76/100|[from] Curse
|upkeep
|
|t:|1757874947
|switch|p2a: Manaphy|Manaphy|75/100
|turn|18
|
|t:|1757874953
|move|p2a: Manaphy|Scald|p1a: Cinderace
|-supereffective|p1a: Cinderace
|-damage|p1a: Cinderace|11/100
|move|p1a: Cinderace|Will-O-Wisp|p2a: Manaphy
|-status|p2a: Manaphy|brn
|
|-heal|p2a: Manaphy|81/100 brn|[from] item: Leftovers
|-damage|p2a: Manaphy|75/100 brn|[from] brn
|-damage|p1a: Cinderace|0 fnt|[from] Curse
|faint|p1a: Cinderace
|upkeep
|
|t:|1757874956
|switch|p1a: Dragapult|Dragapult, F|80/100
|turn|19
|
|t:|1757874959
|move|p2a: Manaphy|Ice Beam|p1a: Dragapult
|-supereffective|p1a: Dragapult
|-damage|p1a: Dragapult|23/100
|move|p1a: Dragapult|Hex|p2a: Manaphy
|-damage|p2a: Manaphy|27/100 brn
|
|-heal|p2a: Manaphy|33/100 brn|[from] item: Leftovers
|-damage|p2a: Manaphy|27/100 brn|[from] brn
|upkeep
|turn|20
|
|t:|1757874963
|switch|p1a: Kingambit|Kingambit, F|68/100
|-activate|p1a: Kingambit|ability: Supreme Overlord
|-start|p1a: Kingambit|fallen4|[silent]
|move|p2a: Manaphy|Ice Beam|p1a: Kingambit
|-resisted|p1a: Kingambit
|-damage|p1a: Kingambit|57/100
|
|-heal|p2a: Manaphy|33/100 brn|[from] item: Leftovers
|-damage|p2a: Manaphy|27/100 brn|[from] brn
|-fieldend|move: Trick Room
|upkeep
|turn|21
|
|t:|1757874969
|move|p2a: Manaphy|Scald|p1a: Kingambit
|-damage|p1a: Kingambit|25/100
|move|p1a: Kingambit|Kowtow Cleave|p2a: Manaphy
|-damage|p2a: Manaphy|0 fnt
|faint|p2a: Manaphy
|
|upkeep
|
|t:|1757874976
|switch|p2a: Honchkrow|Honchkrow, F|100/100
|turn|22
|
|t:|1757874980
|move|p1a: Kingambit|Kowtow Cleave|p2a: Honchkrow
|-resisted|p2a: Honchkrow
|-damage|p2a: Honchkrow|44/100
|move|p2a: Honchkrow|Heat Wave|p1a: Kingambit|[miss]
|-miss|p2a: Honchkrow|p1a: Kingambit
|
|upkeep
|turn|23
|
|t:|1757874987
|-end|p1a: Kingambit|fallen4|[silent]
|switch|p1a: Dragapult|Dragapult, F|23/100
|move|p2a: Honchkrow|Sucker Punch||[still]
|-fail|p2a: Honchkrow
|
|upkeep
|turn|24
|
|t:|1757875008
|move|p1a: Dragapult|Will-O-Wisp|p2a: Honchkrow
|-status|p2a: Honchkrow|brn
|move|p2a: Honchkrow|Dark Pulse|p1a: Dragapult
|-supereffective|p1a: Dragapult
|-crit|p1a: Dragapult
|-damage|p1a: Dragapult|0 fnt
|faint|p1a: Dragapult
|-ability|p2a: Honchkrow|Moxie|boost
|-boost|p2a: Honchkrow|atk|1
|
|-damage|p2a: Honchkrow|38/100 brn|[from] brn
|upkeep
|
|t:|1757875011
|switch|p1a: Kingambit|Kingambit, F|25/100
|-activate|p1a: Kingambit|ability: Supreme Overlord
|-start|p1a: Kingambit|fallen5|[silent]
|turn|25
|
|t:|1757875014
|move|p1a: Kingambit|Sucker Punch|p2a: Honchkrow
|-resisted|p2a: Honchkrow
|-crit|p2a: Honchkrow
|-damage|p2a: Honchkrow|0 fnt
|faint|p2a: Honchkrow
|
|upkeep
|
|t:|1757875029
|switch|p2a: Pikachu|Pikachu, F|100/100
|turn|26
|
|t:|1757875033
|move|p1a: Kingambit|Sucker Punch||[still]
|-fail|p1a: Kingambit
|move|p2a: Pikachu|Agility|p2a: Pikachu
|-boost|p2a: Pikachu|spe|2
|
|upkeep
|turn|27
|
|t:|1757875037
|move|p1a: Kingambit|Sucker Punch||[still]
|-fail|p1a: Kingambit
|move|p2a: Pikachu|Agility|p2a: Pikachu
|-boost|p2a: Pikachu|spe|2
|
|upkeep
|turn|28
|
|t:|1757875040
|move|p2a: Pikachu|Volt Tackle|p1a: Kingambit
|-damage|p1a: Kingambit|0 fnt
|faint|p1a: Kingambit
|-end|p1a: Kingambit|fallen5|[silent]
|-damage|p2a: Pikachu|87/100|[from] Recoil
|
|win|JBLspeakerfetty
|raw|TheMemePerson's rating: 1390 &rarr; <strong>1371</strong><br />(-19 for losing)
|raw|JBLspeakerfetty's rating: 1404 &rarr; <strong>1423</strong><br />(+19 for winning)
|c|☆TheMemePerson|gg\
|l|☆TheMemePerson
|player|p1|
|l|☆JBLspeakerfetty
|player|p2|
