|j|☆larry_minimum_wage
|j|☆yijing
|t:|1757824415
|gametype|singles
|player|p1|larry_minimum_wage|266|1257
|player|p2|yijing|170|1243
|gen|9
|tier|[Gen 9] OU
|rated|
|rule|HP Percentage Mod: HP is shown in percentages
|rule|Endless Battle Clause: Forcing endless battles is banned
|rule|Species Clause: Limit one of each Pokémon
|rule|OHKO Clause: OHKO moves are banned
|rule|Evasion Items Clause: Evasion items are banned
|rule|Evasion Moves Clause: Evasion moves are banned
|rule|Evasion Abilities Clause: Evasion abilities are banned
|rule|Sleep Moves Clause: Sleep-inducing moves are banned
|clearpoke
|poke|p1|Ceruledge, M|
|poke|p1|Pecharunt|
|poke|p1|Slowking-Galar, M|
|poke|p1|Kyurem|
|poke|p1|Great Tusk|
|poke|p1|Samurott-Hisui, M|
|poke|p2|Masquerain, F|
|poke|p2|Electivire, M|
|poke|p2|Toedscruel, M|
|poke|p2|Orthworm, F|
|poke|p2|Spiritomb, M|
|poke|p2|Pyroar, F|
|teampreview
|inactive|Battle timer is ON: inactive players will automatically lose when time's up. (requested by larry_minimum_wage)
|
|t:|1757824439
|teamsize|p1|6
|teamsize|p2|6
|start
|switch|p1a: Samurott|Samurott-Hisui, M|100/100
|switch|p2a: Masquerain|Masquerain, F|100/100
|-ability|p2a: Masquerain|Intimidate|boost
|-unboost|p1a: Samurott|atk|1
|turn|1
|
|t:|1757824454
|move|p2a: Masquerain|Bug Buzz|p1a: Samurott
|-supereffective|p1a: Samurott
|-damage|p1a: Samurott|0 fnt
|faint|p1a: Samurott
|
|upkeep
|
|t:|1757824466
|switch|p1a: Ceruledge|Ceruledge, M|100/100
|turn|2
|
|t:|1757824476
|switch|p2a: Orthworm|Orthworm, F|100/100
|move|p1a: Ceruledge|Bulk Up|p1a: Ceruledge
|-boost|p1a: Ceruledge|atk|1
|-boost|p1a: Ceruledge|def|1
|
|upkeep
|turn|3
|
|t:|1757824499
|-terastallize|p2a: Orthworm|Poison
|move|p1a: Ceruledge|Bitter Blade|p2a: Orthworm
|-damage|p2a: Orthworm|60/100
|-damage|p1a: Ceruledge|84/100|[from] item: Rocky Helmet|[of] p2a: Orthworm
|move|p2a: Orthworm|Stealth Rock|p1a: Ceruledge
|-sidestart|p1: larry_minimum_wage|move: Stealth Rock
|
|upkeep
|turn|4
|
|t:|1757824509
|move|p1a: Ceruledge|Bulk Up|p1a: Ceruledge
|-boost|p1a: Ceruledge|atk|1
|-boost|p1a: Ceruledge|def|1
|move|p2a: Orthworm|Metal Burst||[still]
|-fail|p2a: Orthworm
|
|upkeep
|turn|5
|inactive|yijing has 120 seconds left.
|
|t:|1757824532
|switch|p2a: Masquerain|Masquerain, F|100/100
|-ability|p2a: Masquerain|Intimidate|boost
|-unboost|p1a: Ceruledge|atk|1
|move|p1a: Ceruledge|Bitter Blade|p2a: Masquerain
|-supereffective|p2a: Masquerain
|-damage|p2a: Masquerain|0 fnt
|-heal|p1a: Ceruledge|100/100|[from] drain|[of] p2a: Masquerain
|faint|p2a: Masquerain
|
|upkeep
|inactive|yijing has 120 seconds left.
|
|t:|1757824543
|switch|p2a: Toedscruel|Toedscruel, M|100/100
|turn|6
|
|t:|1757824551
|move|p2a: Toedscruel|Earth Power|p1a: Ceruledge
|-supereffective|p1a: Ceruledge
|-damage|p1a: Ceruledge|17/100
|move|p1a: Ceruledge|Bitter Blade|p2a: Toedscruel
|-supereffective|p2a: Toedscruel
|-damage|p2a: Toedscruel|0 fnt
|-heal|p1a: Ceruledge|69/100|[from] drain|[of] p2a: Toedscruel
|faint|p2a: Toedscruel
|
|upkeep
|inactive|yijing has 120 seconds left.
|
|t:|1757824562
|switch|p2a: Spiritomb|Spiritomb, M|100/100
|turn|7
|
|t:|1757824568
|move|p1a: Ceruledge|Bitter Blade|p2a: Spiritomb
|-damage|p2a: Spiritomb|24/100
|-heal|p1a: Ceruledge|100/100|[from] drain|[of] p2a: Spiritomb
|-enditem|p2a: Spiritomb|Aguav Berry|[eat]
|-heal|p2a: Spiritomb|57/100|[from] item: Aguav Berry
|move|p2a: Spiritomb|Trick Room|p2a: Spiritomb
|-fieldstart|move: Trick Room|[of] p2a: Spiritomb
|
|upkeep
|turn|8
|
|t:|1757824577
|move|p2a: Spiritomb|Destiny Bond|p2a: Spiritomb
|-singlemove|p2a: Spiritomb|Destiny Bond
|move|p1a: Ceruledge|Bitter Blade|p2a: Spiritomb
|-damage|p2a: Spiritomb|0 fnt
|faint|p2a: Spiritomb
|-activate|p2a: Spiritomb|move: Destiny Bond
|faint|p1a: Ceruledge
|
|upkeep
|inactive|yijing has 120 seconds left.
|
|t:|1757824594
|switch|p2a: Electivire|Electivire, M|100/100
|switch|p1a: Great Tusk|Great Tusk|100/100
|-damage|p1a: Great Tusk|98/100|[from] Stealth Rock
|turn|9
|inactive|yijing has 120 seconds left.
|
|t:|1757824604
|switch|p2a: Orthworm|Orthworm, F, tera:Poison|60/100
|move|p1a: Great Tusk|Stealth Rock|p2a: Orthworm
|-sidestart|p2: yijing|move: Stealth Rock
|
|-heal|p1a: Great Tusk|100/100|[from] item: Leftovers
|upkeep
|turn|10
|inactive|yijing has 120 seconds left.
|
|t:|1757824616
|-end|p1a: Great Tusk|Protosynthesis|[silent]
|switch|p1a: Slowking|Slowking-Galar, M|100/100
|-damage|p1a: Slowking|88/100|[from] Stealth Rock
|move|p2a: Orthworm|Earthquake|p1a: Slowking
|-supereffective|p1a: Slowking
|-damage|p1a: Slowking|42/100
|
|upkeep
|turn|11
|
|t:|1757824626
|move|p1a: Slowking|Future Sight|p2a: Orthworm
|-start|p1a: Slowking|move: Future Sight
|move|p2a: Orthworm|Earthquake|p1a: Slowking
|-supereffective|p1a: Slowking
|-damage|p1a: Slowking|0 fnt
|faint|p1a: Slowking
|
|-fieldend|move: Trick Room
|upkeep
|
|t:|1757824631
|switch|p1a: Kyurem|Kyurem|100/100
|-damage|p1a: Kyurem|76/100|[from] Stealth Rock
|-ability|p1a: Kyurem|Pressure
|turn|12
|
|t:|1757824645
|-terastallize|p1a: Kyurem|Dragon
|move|p1a: Kyurem|Draco Meteor|p2a: Orthworm
|-damage|p2a: Orthworm|0 fnt
|-unboost|p1a: Kyurem|spa|2
|faint|p2a: Orthworm
|
|upkeep
|
|t:|1757824659
|switch|p2a: Pyroar|Pyroar, F|100/100
|-damage|p2a: Pyroar|76/100|[from] Stealth Rock
|turn|13
|
|t:|1757824665
|switch|p1a: Great Tusk|Great Tusk|100/100
|-damage|p1a: Great Tusk|98/100|[from] Stealth Rock
|move|p2a: Pyroar|Substitute|p2a: Pyroar
|-start|p2a: Pyroar|Substitute
|-damage|p2a: Pyroar|51/100
|
|-end|p2a: Pyroar|move: Future Sight
|-end|p2a: Pyroar|Substitute
|-heal|p1a: Great Tusk|100/100|[from] item: Leftovers
|upkeep
|turn|14
|
|t:|1757824683
|move|p2a: Pyroar|Fire Blast|p1a: Great Tusk
|-crit|p1a: Great Tusk
|-damage|p1a: Great Tusk|5/100
|move|p1a: Great Tusk|Headlong Rush|p2a: Pyroar
|-supereffective|p2a: Pyroar
|-damage|p2a: Pyroar|0 fnt
|-unboost|p1a: Great Tusk|def|1
|-unboost|p1a: Great Tusk|spd|1
|faint|p2a: Pyroar
|
|-heal|p1a: Great Tusk|11/100|[from] item: Leftovers
|upkeep
|inactive|yijing has 120 seconds left.
|
|t:|1757824697
|switch|p2a: Electivire|Electivire, M|100/100
|-damage|p2a: Electivire|88/100|[from] Stealth Rock
|turn|15
|
|t:|1757824701
|-end|p1a: Great Tusk|Protosynthesis|[silent]
|switch|p1a: Pecharunt|Pecharunt|100/100
|-damage|p1a: Pecharunt|88/100|[from] Stealth Rock
|move|p2a: Electivire|Trailblaze|p1a: Pecharunt
|-resisted|p1a: Pecharunt
|-damage|p1a: Pecharunt|82/100
|-boost|p2a: Electivire|spe|1
|-damage|p2a: Electivire|72/100|[from] item: Rocky Helmet|[of] p1a: Pecharunt
|-damage|p2a: Electivire|62/100|[from] item: Life Orb
|
|upkeep
|turn|16
|inactive|yijing has 120 seconds left.
|l|☆yijing
|inactive|yijing disconnected and has a minute to reconnect!
|player|p2|
|inactive|yijing has 30 seconds to reconnect!
|inactive|yijing has 20 seconds to reconnect!
|inactive|yijing has 15 seconds to reconnect!
|inactive|yijing has 10 seconds to reconnect!
|inactive|yijing has 5 seconds to reconnect!
|-message|yijing lost due to inactivity.
|
|win|larry_minimum_wage
|raw|larry_minimum_wage's rating: 1257 &rarr; <strong>1281</strong><br />(+24 for winning)
|raw|yijing's rating: 1243 &rarr; <strong>1219</strong><br />(-24 for losing)
