|j|☆ergfwe
|j|☆TreasonPhoenix
|t:|1757926624
|gametype|singles
|player|p1|ergfwe|170|1099
|player|p2|TreasonPhoenix|169|1116
|gen|9
|tier|[Gen 9] OU
|rated|
|rule|HP Percentage Mod: HP is shown in percentages
|rule|Endless Battle Clause: Forcing endless battles is banned
|rule|Species Clause: Limit one of each Pokémon
|rule|OHKO Clause: OHKO moves are banned
|rule|Evasion Items Clause: Evasion items are banned
|rule|Evasion Moves Clause: Evasion moves are banned
|rule|Evasion Abilities Clause: Evasion abilities are banned
|rule|Sleep Moves Clause: Sleep-inducing moves are banned
|clearpoke
|poke|p1|Zamazenta-*|
|poke|p1|Dragapult, F|
|poke|p1|Great Tusk|
|poke|p1|Ogerpon-Wellspring, F|
|poke|p1|Metagross|
|poke|p1|Kommo-o, F|
|poke|p2|Gliscor, F|
|poke|p2|Corviknight, M|
|poke|p2|Pachirisu, F|
|poke|p2|Dragapult, F|
|poke|p2|Incineroar, M|
|poke|p2|Toxapex, F|
|teampreview
|inactive|Battle timer is ON: inactive players will automatically lose when time's up. (requested by TreasonPhoenix)
|
|t:|1757926682
|teamsize|p1|6
|teamsize|p2|6
|start
|switch|p1a: Kommo-o|Kommo-o, F|100/100
|switch|p2a: Corviknight|Corviknight, M|100/100
|turn|1
|
|t:|1757926695
|move|p1a: Kommo-o|Clangorous Soul|p1a: Kommo-o
|-boost|p1a: Kommo-o|atk|1
|-boost|p1a: Kommo-o|def|1
|-boost|p1a: Kommo-o|spa|1
|-boost|p1a: Kommo-o|spd|1
|-boost|p1a: Kommo-o|spe|1
|-damage|p1a: Kommo-o|68/100
|move|p2a: Corviknight|Tailwind|p2a: Corviknight
|-sidestart|p2: TreasonPhoenix|move: Tailwind
|
|upkeep
|turn|2
|
|t:|1757926706
|move|p1a: Kommo-o|Clangorous Soul|p1a: Kommo-o
|-boost|p1a: Kommo-o|atk|1
|-boost|p1a: Kommo-o|def|1
|-boost|p1a: Kommo-o|spa|1
|-boost|p1a: Kommo-o|spd|1
|-boost|p1a: Kommo-o|spe|1
|-damage|p1a: Kommo-o|35/100
|-enditem|p1a: Kommo-o|Sitrus Berry|[eat]
|-heal|p1a: Kommo-o|60/100|[from] item: Sitrus Berry
|move|p2a: Corviknight|Defog|p1a: Kommo-o
|-unboost|p1a: Kommo-o|evasion|1
|
|upkeep
|turn|3
|
|t:|1757926717
|move|p1a: Kommo-o|Close Combat|p2a: Corviknight
|-damage|p2a: Corviknight|27/100
|-unboost|p1a: Kommo-o|def|1
|-unboost|p1a: Kommo-o|spd|1
|move|p2a: Corviknight|Brave Bird|p1a: Kommo-o
|-supereffective|p1a: Kommo-o
|-damage|p1a: Kommo-o|10/100
|-damage|p2a: Corviknight|15/100|[from] Recoil
|
|-heal|p2a: Corviknight|21/100|[from] item: Leftovers
|upkeep
|turn|4
|
|t:|1757926731
|move|p1a: Kommo-o|Close Combat|p2a: Corviknight
|-damage|p2a: Corviknight|0 fnt
|-unboost|p1a: Kommo-o|def|1
|-unboost|p1a: Kommo-o|spd|1
|faint|p2a: Corviknight
|
|-sideend|p2: TreasonPhoenix|move: Tailwind
|upkeep
|
|t:|1757926737
|switch|p2a: Incineroar|Incineroar, M|100/100
|-ability|p2a: Incineroar|Intimidate|boost
|-unboost|p1a: Kommo-o|atk|1
|turn|5
|
|t:|1757926762
|move|p2a: Incineroar|Fake Out|p1a: Kommo-o
|-damage|p1a: Kommo-o|0 fnt
|faint|p1a: Kommo-o
|
|upkeep
|
|t:|1757926771
|switch|p1a: Ogerpon|Ogerpon-Wellspring, F|100/100
|turn|6
|
|t:|1757926777
|switch|p2a: Toxapex|Toxapex, F|100/100
|-terastallize|p1a: Ogerpon|Water
|detailschange|p1a: Ogerpon|Ogerpon-Wellspring-Tera, F, tera:Water
|-ability|p1a: Ogerpon|Embody Aspect (Wellspring)|boost
|-boost|p1a: Ogerpon|spd|1
|move|p1a: Ogerpon|Spiky Shield||[still]
|-fail|p1a: Ogerpon
|
|upkeep
|turn|7
|
|t:|1757926787
|move|p1a: Ogerpon|Swords Dance|p1a: Ogerpon
|-boost|p1a: Ogerpon|atk|2
|move|p2a: Toxapex|Toxic|p1a: Ogerpon
|-status|p1a: Ogerpon|tox
|
|-damage|p1a: Ogerpon|95/100 tox|[from] psn
|upkeep
|turn|8
|
|t:|1757926796
|move|p2a: Toxapex|Baneful Bunker|p2a: Toxapex
|-singleturn|p2a: Toxapex|move: Protect
|move|p1a: Ogerpon|Swords Dance|p1a: Ogerpon
|-boost|p1a: Ogerpon|atk|2
|
|-damage|p1a: Ogerpon|83/100 tox|[from] psn
|upkeep
|turn|9
|
|t:|1757926804
|move|p1a: Ogerpon|Horn Leech|p2a: Toxapex
|-damage|p2a: Toxapex|26/100
|-heal|p1a: Ogerpon|100/100 tox|[from] drain|[of] p2a: Toxapex
|move|p2a: Toxapex|Recover|p2a: Toxapex
|-heal|p2a: Toxapex|76/100
|
|-heal|p2a: Toxapex|83/100|[from] item: Black Sludge
|-damage|p1a: Ogerpon|83/100 tox|[from] psn
|upkeep
|turn|10
|
|t:|1757926816
|move|p1a: Ogerpon|Horn Leech|p2a: Toxapex
|-damage|p2a: Toxapex|2/100
|-heal|p1a: Ogerpon|100/100 tox|[from] drain|[of] p2a: Toxapex
|move|p2a: Toxapex|Recover|p2a: Toxapex
|-heal|p2a: Toxapex|52/100
|
|-heal|p2a: Toxapex|58/100|[from] item: Black Sludge
|-damage|p1a: Ogerpon|77/100 tox|[from] psn
|upkeep
|turn|11
|
|t:|1757926828
|move|p2a: Toxapex|Baneful Bunker|p2a: Toxapex
|-singleturn|p2a: Toxapex|move: Protect
|move|p1a: Ogerpon|Swords Dance|p1a: Ogerpon
|-boost|p1a: Ogerpon|atk|2
|
|-heal|p2a: Toxapex|64/100|[from] item: Black Sludge
|-damage|p1a: Ogerpon|47/100 tox|[from] psn
|upkeep
|turn|12
|
|t:|1757926837
|-terastallize|p2a: Toxapex|Poison
|move|p1a: Ogerpon|Horn Leech|p2a: Toxapex
|-resisted|p2a: Toxapex
|-damage|p2a: Toxapex|8/100
|-heal|p1a: Ogerpon|75/100 tox|[from] drain|[of] p2a: Toxapex
|move|p2a: Toxapex|Recover|p2a: Toxapex
|-heal|p2a: Toxapex|58/100
|
|-heal|p2a: Toxapex|64/100|[from] item: Black Sludge
|-damage|p1a: Ogerpon|40/100 tox|[from] psn
|upkeep
|turn|13
|
|t:|1757926850
|move|p2a: Toxapex|Baneful Bunker|p2a: Toxapex
|-singleturn|p2a: Toxapex|move: Protect
|move|p1a: Ogerpon|Ivy Cudgel|p2a: Toxapex|[anim] Ivy Cudgel Water
|-activate|p2a: Toxapex|move: Protect
|
|-heal|p2a: Toxapex|71/100|[from] item: Black Sludge
|-damage|p1a: Ogerpon|0 fnt|[from] psn
|faint|p1a: Ogerpon
|detailschange|p1: Ogerpon|Ogerpon-Wellspring, F|[silent]
|upkeep
|
|t:|1757926861
|switch|p1a: Great Tusk|Great Tusk|100/100
|-enditem|p1a: Great Tusk|Booster Energy
|-activate|p1a: Great Tusk|ability: Protosynthesis|[fromitem]
|-start|p1a: Great Tusk|protosynthesisatk
|turn|14
|
|t:|1757926874
|move|p2a: Toxapex|Baneful Bunker|p2a: Toxapex
|-singleturn|p2a: Toxapex|move: Protect
|move|p1a: Great Tusk|Bulk Up|p1a: Great Tusk
|-boost|p1a: Great Tusk|atk|1
|-boost|p1a: Great Tusk|def|1
|
|-heal|p2a: Toxapex|77/100|[from] item: Black Sludge
|upkeep
|turn|15
|
|t:|1757926884
|move|p1a: Great Tusk|Earthquake|p2a: Toxapex
|-supereffective|p2a: Toxapex
|-damage|p2a: Toxapex|0 fnt
|faint|p2a: Toxapex
|
|upkeep
|
|t:|1757926889
|switch|p2a: Incineroar|Incineroar, M|100/100
|-ability|p2a: Incineroar|Intimidate|boost
|-unboost|p1a: Great Tusk|atk|1
|turn|16
|
|t:|1757926898
|move|p2a: Incineroar|Fake Out|p1a: Great Tusk
|-damage|p1a: Great Tusk|94/100
|cant|p1a: Great Tusk|flinch
|
|upkeep
|turn|17
|
|t:|1757926905
|switch|p2a: Gliscor|Gliscor, F|100/100
|move|p1a: Great Tusk|Bulk Up|p1a: Great Tusk
|-boost|p1a: Great Tusk|atk|1
|-boost|p1a: Great Tusk|def|1
|
|-status|p2a: Gliscor|tox|[from] item: Toxic Orb
|upkeep
|turn|18
|
|t:|1757926914
|move|p1a: Great Tusk|Rapid Spin|p2a: Gliscor
|-damage|p2a: Gliscor|75/100 tox
|-boost|p1a: Great Tusk|spe|1
|move|p2a: Gliscor|Toxic|p1a: Great Tusk
|-status|p1a: Great Tusk|tox
|
|-damage|p1a: Great Tusk|88/100 tox|[from] psn
|-heal|p2a: Gliscor|88/100 tox|[from] ability: Poison Heal
|upkeep
|turn|19
|
|t:|1757926926
|move|p1a: Great Tusk|Bulk Up|p1a: Great Tusk
|-boost|p1a: Great Tusk|atk|1
|-boost|p1a: Great Tusk|def|1
|move|p2a: Gliscor|Ice Fang|p1a: Great Tusk|[miss]
|-miss|p2a: Gliscor|p1a: Great Tusk
|
|-damage|p1a: Great Tusk|75/100 tox|[from] psn
|-heal|p2a: Gliscor|99/100 tox|[from] ability: Poison Heal
|upkeep
|turn|20
|
|t:|1757926938
|move|p1a: Great Tusk|Rapid Spin|p2a: Gliscor
|-damage|p2a: Gliscor|67/100 tox
|-boost|p1a: Great Tusk|spe|1
|move|p2a: Gliscor|Ice Fang|p1a: Great Tusk
|-supereffective|p1a: Great Tusk
|-damage|p1a: Great Tusk|67/100 tox
|
|-damage|p1a: Great Tusk|48/100 tox|[from] psn
|-heal|p2a: Gliscor|80/100 tox|[from] ability: Poison Heal
|upkeep
|turn|21
|
|t:|1757926950
|move|p2a: Gliscor|Protect|p2a: Gliscor
|-singleturn|p2a: Gliscor|Protect
|move|p1a: Great Tusk|Close Combat|p2a: Gliscor
|-activate|p2a: Gliscor|move: Protect
|
|-damage|p1a: Great Tusk|23/100 tox|[from] psn
|-heal|p2a: Gliscor|92/100 tox|[from] ability: Poison Heal
|upkeep
|turn|22
|
|t:|1757926959
|switch|p2a: Pachirisu|Pachirisu, F|100/100
|move|p1a: Great Tusk|Close Combat|p2a: Pachirisu
|-enditem|p2a: Pachirisu|Focus Sash
|-damage|p2a: Pachirisu|1/100
|-unboost|p1a: Great Tusk|def|1
|-unboost|p1a: Great Tusk|spd|1
|
|-damage|p1a: Great Tusk|0 fnt|[from] psn
|faint|p1a: Great Tusk
|-end|p1a: Great Tusk|Protosynthesis|[silent]
|upkeep
|
|t:|1757926981
|switch|p1a: Dragapult|Dragapult, F|100/100
|turn|23
|
|t:|1757926991
|move|p1a: Dragapult|Dragon Darts|p2a: Pachirisu
|-damage|p2a: Pachirisu|0 fnt
|faint|p2a: Pachirisu
|-damage|p1a: Dragapult|91/100|[from] item: Life Orb
|
|upkeep
|
|t:|1757926996
|switch|p2a: Dragapult|Dragapult, F|100/100
|turn|24
|
|t:|1757927002
|move|p2a: Dragapult|Dragon Darts|p1a: Dragapult
|-supereffective|p1a: Dragapult
|-damage|p1a: Dragapult|7/100
|-anim|p2a: Dragapult|Dragon Darts|p1a: Dragapult
|-supereffective|p1a: Dragapult
|-damage|p1a: Dragapult|0 fnt
|faint|p1a: Dragapult
|-damage|p2a: Dragapult|91/100|[from] item: Life Orb
|
|upkeep
|
|t:|1757927011
|switch|p1a: Metagross|Metagross|100/100
|turn|25
|
|t:|1757927017
|move|p2a: Dragapult|Hex|p1a: Metagross
|-supereffective|p1a: Metagross
|-damage|p1a: Metagross|36/100
|-enditem|p1a: Metagross|Weakness Policy
|-boost|p1a: Metagross|atk|2|[from] item: Weakness Policy
|-boost|p1a: Metagross|spa|2|[from] item: Weakness Policy
|-damage|p2a: Dragapult|81/100|[from] item: Life Orb
|move|p1a: Metagross|Agility|p1a: Metagross
|-boost|p1a: Metagross|spe|2
|
|upkeep
|turn|26
|
|t:|1757927032
|move|p2a: Dragapult|Hex|p1a: Metagross
|-supereffective|p1a: Metagross
|-damage|p1a: Metagross|0 fnt
|faint|p1a: Metagross
|-damage|p2a: Dragapult|71/100|[from] item: Life Orb
|
|upkeep
|
|t:|1757927038
|switch|p1a: Zamazenta|Zamazenta|100/100
|-ability|p1a: Zamazenta|Dauntless Shield|boost
|-boost|p1a: Zamazenta|def|1
|turn|27
|
|t:|1757927043
|move|p2a: Dragapult|Dragon Darts|p1a: Zamazenta
|-damage|p1a: Zamazenta|87/100
|-anim|p2a: Dragapult|Dragon Darts|p1a: Zamazenta
|-crit|p1a: Zamazenta
|-damage|p1a: Zamazenta|60/100
|-damage|p2a: Dragapult|61/100|[from] item: Life Orb
|move|p1a: Zamazenta|Play Rough|p2a: Dragapult
|-supereffective|p2a: Dragapult
|-damage|p2a: Dragapult|0 fnt
|faint|p2a: Dragapult
|
|-heal|p1a: Zamazenta|66/100|[from] item: Leftovers
|upkeep
|
|t:|1757927055
|switch|p2a: Gliscor|Gliscor, F|92/100 tox
|turn|28
|
|t:|1757927061
|move|p1a: Zamazenta|Iron Defense|p1a: Zamazenta
|-boost|p1a: Zamazenta|def|2
|move|p2a: Gliscor|Toxic|p1a: Zamazenta
|-status|p1a: Zamazenta|tox
|
|-heal|p1a: Zamazenta|73/100 tox|[from] item: Leftovers
|-damage|p1a: Zamazenta|66/100 tox|[from] psn
|-heal|p2a: Gliscor|100/100 tox|[from] ability: Poison Heal
|upkeep
|turn|29
|
|t:|1757927072
|move|p1a: Zamazenta|Iron Defense|p1a: Zamazenta
|-boost|p1a: Zamazenta|def|2
|move|p2a: Gliscor|Earthquake|p1a: Zamazenta
|-crit|p1a: Zamazenta
|-damage|p1a: Zamazenta|38/100 tox
|
|-heal|p1a: Zamazenta|44/100 tox|[from] item: Leftovers
|-damage|p1a: Zamazenta|31/100 tox|[from] psn
|upkeep
|turn|30
|
|t:|1757927081
|move|p2a: Gliscor|Protect|p2a: Gliscor
|-singleturn|p2a: Gliscor|Protect
|move|p1a: Zamazenta|Body Press|p2a: Gliscor
|-activate|p2a: Gliscor|move: Protect
|
|-heal|p1a: Zamazenta|38/100 tox|[from] item: Leftovers
|-damage|p1a: Zamazenta|19/100 tox|[from] psn
|upkeep
|turn|31
|
|t:|1757927091
|move|p2a: Gliscor|Protect||[still]
|-fail|p2a: Gliscor
|move|p1a: Zamazenta|Body Press|p2a: Gliscor
|-resisted|p2a: Gliscor
|-crit|p2a: Gliscor
|-damage|p2a: Gliscor|36/100 tox
|
|-heal|p1a: Zamazenta|25/100 tox|[from] item: Leftovers
|-damage|p1a: Zamazenta|0 fnt|[from] psn
|faint|p1a: Zamazenta
|
|win|TreasonPhoenix
|raw|ergfwe's rating: 1099 &rarr; <strong>1075</strong><br />(-24 for losing)
|raw|TreasonPhoenix's rating: 1116 &rarr; <strong>1140</strong><br />(+24 for winning)
|l|☆ergfwe
|player|p1|
|l|☆TreasonPhoenix
|player|p2|
