|j|☆Pennstcoll
|j|☆smoldracovish
|t:|1757786981
|gametype|singles
|player|p1|Pennstcoll|266|1681
|player|p2|smoldracovish|miku-ground|1768
|gen|9
|tier|[Gen 9] OU
|rated|
|rule|HP Percentage Mod: HP is shown in percentages
|rule|Endless Battle Clause: Forcing endless battles is banned
|rule|Species Clause: Limit one of each Pokémon
|rule|OHKO Clause: OHKO moves are banned
|rule|Evasion Items Clause: Evasion items are banned
|rule|Evasion Moves Clause: Evasion moves are banned
|rule|Evasion Abilities Clause: Evasion abilities are banned
|rule|Sleep Moves Clause: Sleep-inducing moves are banned
|clearpoke
|poke|p1|Kyurem|
|poke|p1|Cinderace, M|
|poke|p1|Iron Moth|
|poke|p1|Lokix, M|
|poke|p1|Primarina, F|
|poke|p1|Thundurus-Therian, M|
|poke|p2|Lokix, F|
|poke|p2|Cinderace, F|
|poke|p2|Great Tusk|
|poke|p2|Alomomola, F|
|poke|p2|Enamorus, F|
|poke|p2|Slowking-Galar, M|
|teampreview
|
|t:|1757786999
|teamsize|p1|6
|teamsize|p2|6
|start
|switch|p1a: Primarina|Primarina, F|100/100
|switch|p2a: Enamorus|Enamorus, F|100/100
|turn|1
|inactive|Battle timer is ON: inactive players will automatically lose when time's up. (requested by Pennstcoll)
|
|t:|1757787011
|switch|p2a: Alomomola|Alomomola, F|100/100
|move|p1a: Primarina|Calm Mind|p1a: Primarina
|-boost|p1a: Primarina|spa|1
|-boost|p1a: Primarina|spd|1
|
|upkeep
|turn|2
|
|t:|1757787015
|move|p1a: Primarina|Substitute|p1a: Primarina
|-start|p1a: Primarina|Substitute
|-damage|p1a: Primarina|75/100
|move|p2a: Alomomola|Flip Turn|p1a: Primarina
|-resisted|p1a: Primarina
|-activate|p1a: Primarina|move: Substitute|[damage]
|
|t:|1757787017
|switch|p2a: Lokix|Lokix, F|100/100|[from] Flip Turn
|
|-heal|p1a: Primarina|82/100|[from] item: Leftovers
|upkeep
|turn|3
|
|t:|1757787025
|move|p2a: Lokix|U-turn|p1a: Primarina
|-resisted|p1a: Primarina
|-end|p1a: Primarina|Substitute
|
|t:|1757787032
|switch|p2a: Slowking|Slowking-Galar, M|100/100|[from] U-turn
|move|p1a: Primarina|Calm Mind|p1a: Primarina
|-boost|p1a: Primarina|spa|1
|-boost|p1a: Primarina|spd|1
|
|-heal|p1a: Primarina|88/100|[from] item: Leftovers
|upkeep
|turn|4
|
|t:|1757787038
|move|p1a: Primarina|Substitute|p1a: Primarina
|-start|p1a: Primarina|Substitute
|-damage|p1a: Primarina|63/100
|move|p2a: Slowking|Sludge Bomb|p1a: Primarina
|-supereffective|p1a: Primarina
|-end|p1a: Primarina|Substitute
|
|-heal|p1a: Primarina|69/100|[from] item: Leftovers
|upkeep
|turn|5
|
|t:|1757787041
|move|p1a: Primarina|Psychic Noise|p2a: Slowking
|-damage|p2a: Slowking|45/100
|-start|p2a: Slowking|move: Heal Block
|move|p2a: Slowking|Sludge Bomb|p1a: Primarina
|-supereffective|p1a: Primarina
|-damage|p1a: Primarina|38/100
|
|-heal|p1a: Primarina|45/100|[from] item: Leftovers
|upkeep
|turn|6
|
|t:|1757787052
|move|p1a: Primarina|Psychic Noise|p2a: Slowking
|-damage|p2a: Slowking|0 fnt
|faint|p2a: Slowking
|
|-heal|p1a: Primarina|51/100|[from] item: Leftovers
|upkeep
|
|t:|1757787054
|switch|p2a: Lokix|Lokix, F|100/100
|turn|7
|
|t:|1757787063
|move|p2a: Lokix|U-turn|p1a: Primarina
|-resisted|p1a: Primarina
|-damage|p1a: Primarina|1/100
|
|t:|1757787066
|switch|p2a: Alomomola|Alomomola, F|100/100|[from] U-turn
|move|p1a: Primarina|Draining Kiss|p2a: Alomomola
|-damage|p2a: Alomomola|78/100
|-heal|p1a: Primarina|28/100|[from] drain|[of] p2a: Alomomola
|
|-heal|p1a: Primarina|34/100|[from] item: Leftovers
|upkeep
|turn|8
|
|t:|1757787081
|move|p1a: Primarina|Substitute|p1a: Primarina
|-start|p1a: Primarina|Substitute
|-damage|p1a: Primarina|9/100
|move|p2a: Alomomola|Flip Turn|p1a: Primarina
|-resisted|p1a: Primarina
|-activate|p1a: Primarina|move: Substitute|[damage]
|
|t:|1757787083
|switch|p2a: Lokix|Lokix, F|100/100|[from] Flip Turn
|
|-heal|p1a: Primarina|15/100|[from] item: Leftovers
|upkeep
|turn|9
|
|t:|1757787090
|move|p2a: Lokix|U-turn|p1a: Primarina
|-resisted|p1a: Primarina
|-end|p1a: Primarina|Substitute
|
|t:|1757787091
|switch|p2a: Alomomola|Alomomola, F|100/100|[from] U-turn
|move|p1a: Primarina|Draining Kiss|p2a: Alomomola
|-damage|p2a: Alomomola|80/100
|-heal|p1a: Primarina|40/100|[from] drain|[of] p2a: Alomomola
|
|-heal|p1a: Primarina|46/100|[from] item: Leftovers
|upkeep
|turn|10
|
|t:|1757787102
|move|p1a: Primarina|Draining Kiss|p2a: Alomomola
|-damage|p2a: Alomomola|59/100
|-heal|p1a: Primarina|71/100|[from] drain|[of] p2a: Alomomola
|move|p2a: Alomomola|Body Slam|p1a: Primarina
|-damage|p1a: Primarina|56/100
|
|-heal|p1a: Primarina|62/100|[from] item: Leftovers
|upkeep
|turn|11
|j| wgw2333
|
|t:|1757787111
|move|p1a: Primarina|Substitute|p1a: Primarina
|-start|p1a: Primarina|Substitute
|-damage|p1a: Primarina|37/100
|move|p2a: Alomomola|Flip Turn|p1a: Primarina
|-resisted|p1a: Primarina
|-activate|p1a: Primarina|move: Substitute|[damage]
|
|t:|1757787113
|switch|p2a: Lokix|Lokix, F|100/100|[from] Flip Turn
|
|-heal|p1a: Primarina|43/100|[from] item: Leftovers
|upkeep
|turn|12
|
|t:|1757787119
|move|p2a: Lokix|U-turn|p1a: Primarina
|-resisted|p1a: Primarina
|-end|p1a: Primarina|Substitute
|
|t:|1757787123
|switch|p2a: Alomomola|Alomomola, F|93/100|[from] U-turn
|move|p1a: Primarina|Draining Kiss|p2a: Alomomola
|-damage|p2a: Alomomola|71/100
|-heal|p1a: Primarina|69/100|[from] drain|[of] p2a: Alomomola
|
|-heal|p1a: Primarina|75/100|[from] item: Leftovers
|upkeep
|turn|13
|
|t:|1757787133
|move|p1a: Primarina|Substitute|p1a: Primarina
|-start|p1a: Primarina|Substitute
|-damage|p1a: Primarina|50/100
|move|p2a: Alomomola|Body Slam|p1a: Primarina
|-activate|p1a: Primarina|move: Substitute|[damage]
|
|-heal|p1a: Primarina|56/100|[from] item: Leftovers
|upkeep
|turn|14
|
|t:|1757787141
|move|p1a: Primarina|Calm Mind|p1a: Primarina
|-boost|p1a: Primarina|spa|1
|-boost|p1a: Primarina|spd|1
|move|p2a: Alomomola|Flip Turn|p1a: Primarina
|-resisted|p1a: Primarina
|-activate|p1a: Primarina|move: Substitute|[damage]
|
|t:|1757787145
|switch|p2a: Lokix|Lokix, F|100/100|[from] Flip Turn
|
|-heal|p1a: Primarina|62/100|[from] item: Leftovers
|upkeep
|turn|15
|
|t:|1757787153
|move|p2a: Lokix|U-turn|p1a: Primarina
|-resisted|p1a: Primarina
|-end|p1a: Primarina|Substitute
|
|t:|1757787156
|switch|p2a: Alomomola|Alomomola, F|100/100|[from] U-turn
|move|p1a: Primarina|Draining Kiss|p2a: Alomomola
|-damage|p2a: Alomomola|74/100
|-heal|p1a: Primarina|95/100|[from] drain|[of] p2a: Alomomola
|
|-heal|p1a: Primarina|100/100|[from] item: Leftovers
|upkeep
|turn|16
|
|t:|1757787167
|move|p1a: Primarina|Substitute|p1a: Primarina
|-start|p1a: Primarina|Substitute
|-damage|p1a: Primarina|75/100
|move|p2a: Alomomola|Body Slam|p1a: Primarina
|-activate|p1a: Primarina|move: Substitute|[damage]
|
|-heal|p1a: Primarina|82/100|[from] item: Leftovers
|upkeep
|turn|17
|
|t:|1757787171
|move|p1a: Primarina|Calm Mind|p1a: Primarina
|-boost|p1a: Primarina|spa|1
|-boost|p1a: Primarina|spd|1
|move|p2a: Alomomola|Body Slam|p1a: Primarina
|-end|p1a: Primarina|Substitute
|
|-heal|p1a: Primarina|88/100|[from] item: Leftovers
|upkeep
|turn|18
|j| LifeIsALieee
|
|t:|1757787180
|move|p1a: Primarina|Substitute|p1a: Primarina
|-start|p1a: Primarina|Substitute
|-damage|p1a: Primarina|63/100
|move|p2a: Alomomola|Body Slam|p1a: Primarina
|-activate|p1a: Primarina|move: Substitute|[damage]
|
|-heal|p1a: Primarina|69/100|[from] item: Leftovers
|upkeep
|turn|19
|
|t:|1757787193
|move|p2a: Alomomola|Aqua Jet|p1a: Primarina
|-resisted|p1a: Primarina
|-activate|p1a: Primarina|move: Substitute|[damage]
|move|p1a: Primarina|Calm Mind|p1a: Primarina
|-boost|p1a: Primarina|spa|1
|-boost|p1a: Primarina|spd|1
|
|-heal|p1a: Primarina|75/100|[from] item: Leftovers
|upkeep
|turn|20
|
|t:|1757787202
|move|p1a: Primarina|Calm Mind|p1a: Primarina
|-boost|p1a: Primarina|spa|1
|-boost|p1a: Primarina|spd|1
|move|p2a: Alomomola|Flip Turn|p1a: Primarina
|-resisted|p1a: Primarina
|-end|p1a: Primarina|Substitute
|
|t:|1757787206
|switch|p2a: Lokix|Lokix, F|100/100|[from] Flip Turn
|
|-heal|p1a: Primarina|82/100|[from] item: Leftovers
|upkeep
|turn|21
|
|t:|1757787222
|-terastallize|p2a: Lokix|Bug
|move|p2a: Lokix|First Impression|p1a: Primarina
|-resisted|p1a: Primarina
|-damage|p1a: Primarina|0 fnt
|faint|p1a: Primarina
|
|upkeep
|
|t:|1757787249
|switch|p1a: Lokix|Lokix, M|100/100
|turn|22
|
|t:|1757787253
|switch|p2a: Great Tusk|Great Tusk|100/100
|move|p1a: Lokix|U-turn|p2a: Great Tusk
|-resisted|p2a: Great Tusk
|-damage|p2a: Great Tusk|79/100
|
|t:|1757787261
|switch|p1a: Kyurem|Kyurem|100/100|[from] U-turn
|-ability|p1a: Kyurem|Pressure
|
|-heal|p2a: Great Tusk|85/100|[from] item: Leftovers
|upkeep
|turn|23
|
|t:|1757787270
|-end|p2a: Great Tusk|Protosynthesis|[silent]
|switch|p2a: Cinderace|Cinderace, F|100/100
|move|p1a: Kyurem|Substitute|p1a: Kyurem
|-start|p1a: Kyurem|Substitute
|-damage|p1a: Kyurem|76/100
|
|-heal|p1a: Kyurem|82/100|[from] item: Leftovers
|upkeep
|turn|24
|
|t:|1757787280
|move|p2a: Cinderace|Pyro Ball|p1a: Kyurem
|-end|p1a: Kyurem|Substitute
|move|p1a: Kyurem|Dragon Dance|p1a: Kyurem
|-boost|p1a: Kyurem|atk|1
|-boost|p1a: Kyurem|spe|1
|
|-heal|p1a: Kyurem|88/100|[from] item: Leftovers
|upkeep
|turn|25
|
|t:|1757787289
|move|p1a: Kyurem|Dragon Dance|p1a: Kyurem
|-boost|p1a: Kyurem|atk|1
|-boost|p1a: Kyurem|spe|1
|move|p2a: Cinderace|Pyro Ball|p1a: Kyurem
|-damage|p1a: Kyurem|46/100
|
|-heal|p1a: Kyurem|52/100|[from] item: Leftovers
|upkeep
|turn|26
|j| 54 insane rats
|
|t:|1757787296
|-terastallize|p1a: Kyurem|Electric
|move|p1a: Kyurem|Tera Blast|p2a: Cinderace|[anim] Tera Blast Electric
|-damage|p2a: Cinderace|2/100
|move|p2a: Cinderace|Pyro Ball|p1a: Kyurem
|-damage|p1a: Kyurem|0 fnt
|faint|p1a: Kyurem
|
|upkeep
|
|t:|1757787305
|switch|p1a: Cinderace|Cinderace, M|100/100
|turn|27
|
|t:|1757787313
|move|p1a: Cinderace|Pyro Ball|p2a: Cinderace
|-resisted|p2a: Cinderace
|-damage|p2a: Cinderace|0 fnt
|faint|p2a: Cinderace
|
|upkeep
|
|t:|1757787315
|switch|p2a: Alomomola|Alomomola, F|100/100
|turn|28
|
|t:|1757787320
|move|p1a: Cinderace|Will-O-Wisp|p2a: Alomomola
|-status|p2a: Alomomola|brn
|move|p2a: Alomomola|Flip Turn|p1a: Cinderace
|-supereffective|p1a: Cinderace
|-damage|p1a: Cinderace|78/100
|
|t:|1757787326
|switch|p2a: Lokix|Lokix, F, tera:Bug|100/100|[from] Flip Turn
|
|upkeep
|turn|29
|
|t:|1757787330
|move|p2a: Lokix|First Impression|p1a: Cinderace
|-resisted|p1a: Cinderace
|-damage|p1a: Cinderace|0 fnt
|faint|p1a: Cinderace
|
|upkeep
|
|t:|1757787338
|switch|p1a: Thundurus|Thundurus-Therian, M|100/100
|turn|30
|
|t:|1757787345
|switch|p2a: Alomomola|Alomomola, F|100/100 brn
|move|p1a: Thundurus|Thunderbolt|p2a: Alomomola
|-supereffective|p2a: Alomomola
|-damage|p2a: Alomomola|41/100 brn
|
|-damage|p2a: Alomomola|35/100 brn|[from] brn
|upkeep
|turn|31
|
|t:|1757787354
|switch|p2a: Great Tusk|Great Tusk|85/100
|move|p1a: Thundurus|Thunderbolt|p2a: Great Tusk
|-immune|p2a: Great Tusk
|
|-heal|p2a: Great Tusk|91/100|[from] item: Leftovers
|upkeep
|turn|32
|
|t:|1757787358
|move|p1a: Thundurus|Psychic|p2a: Great Tusk
|-supereffective|p2a: Great Tusk
|-damage|p2a: Great Tusk|0 fnt
|faint|p2a: Great Tusk
|-end|p2a: Great Tusk|Protosynthesis|[silent]
|
|upkeep
|
|t:|1757787360
|switch|p2a: Lokix|Lokix, F, tera:Bug|100/100
|turn|33
|
|t:|1757787364
|move|p1a: Thundurus|Thunderbolt|p2a: Lokix
|-damage|p2a: Lokix|0 fnt
|faint|p2a: Lokix
|
|upkeep
|
|t:|1757787369
|switch|p2a: Alomomola|Alomomola, F|68/100 brn
|turn|34
|
|t:|1757787373
|move|p1a: Thundurus|U-turn|p2a: Alomomola
|-damage|p2a: Alomomola|57/100 brn
|
|t:|1757787375
|switch|p1a: Lokix|Lokix, M|100/100|[from] U-turn
|move|p2a: Alomomola|Mirror Coat||[still]
|-fail|p2a: Alomomola
|
|-damage|p2a: Alomomola|51/100 brn|[from] brn
|upkeep
|turn|35
|
|t:|1757787379
|move|p1a: Lokix|Knock Off|p2a: Alomomola
|-crit|p2a: Alomomola
|-damage|p2a: Alomomola|0 fnt
|-enditem|p2a: Alomomola|Assault Vest|[from] move: Knock Off|[of] p1a: Lokix
|faint|p2a: Alomomola
|
|upkeep
|
|t:|1757787382
|switch|p2a: Enamorus|Enamorus, F|100/100
|turn|36
|
|t:|1757787387
|switch|p1a: Thundurus|Thundurus-Therian, M|100/100
|move|p2a: Enamorus|Moonblast|p1a: Thundurus
|-damage|p1a: Thundurus|19/100
|
|upkeep
|turn|37
|
|t:|1757787389
|move|p2a: Enamorus|Moonblast|p1a: Thundurus
|-damage|p1a: Thundurus|0 fnt
|faint|p1a: Thundurus
|
|upkeep
|
|t:|1757787394
|switch|p1a: Iron Moth|Iron Moth|100/100
|turn|38
|
|t:|1757787405
|move|p2a: Enamorus|Moonblast|p1a: Iron Moth
|-resisted|p1a: Iron Moth
|-damage|p1a: Iron Moth|87/100
|-unboost|p1a: Iron Moth|spa|1
|move|p1a: Iron Moth|Psychic|p2a: Enamorus
|-damage|p2a: Enamorus|57/100
|
|upkeep
|turn|39
|
|t:|1757787411
|move|p2a: Enamorus|Moonblast|p1a: Iron Moth
|-resisted|p1a: Iron Moth
|-damage|p1a: Iron Moth|71/100
|-unboost|p1a: Iron Moth|spa|1
|move|p1a: Iron Moth|Psychic|p2a: Enamorus
|-damage|p2a: Enamorus|20/100
|
|upkeep
|turn|40
|
|t:|1757787419
|move|p2a: Enamorus|Moonblast|p1a: Iron Moth
|-resisted|p1a: Iron Moth
|-damage|p1a: Iron Moth|57/100
|-unboost|p1a: Iron Moth|spa|1
|move|p1a: Iron Moth|Psychic|p2a: Enamorus
|-damage|p2a: Enamorus|0 fnt
|faint|p2a: Enamorus
|
|win|Pennstcoll
|raw|Pennstcoll's rating: 1681 &rarr; <strong>1706</strong><br />(+25 for winning)
|raw|smoldracovish's rating: 1768 &rarr; <strong>1743</strong><br />(-25 for losing)
|l| 54 insane rats
|l|☆Pennstcoll
|player|p1|
|l| LifeIsALieee
|l| wgw2333
