|j|☆da_one_who_plays
|j|☆MadKingPropla201
|t:|1757935011
|gametype|singles
|player|p1|da_one_who_plays|steven|1207
|player|p2|MadKingPropla201|veteran|1289
|gen|9
|tier|[Gen 9] OU
|rated|
|rule|HP Percentage Mod: HP is shown in percentages
|rule|Endless Battle Clause: Forcing endless battles is banned
|rule|Species Clause: Limit one of each Pokémon
|rule|OHKO Clause: OHKO moves are banned
|rule|Evasion Items Clause: Evasion items are banned
|rule|Evasion Moves Clause: Evasion moves are banned
|rule|Evasion Abilities Clause: Evasion abilities are banned
|rule|Sleep Moves Clause: Sleep-inducing moves are banned
|clearpoke
|poke|p1|Zamazenta-*|
|poke|p1|Ninetales-Alola, F|
|poke|p1|Iron Valiant|
|poke|p1|Ceruledge, M|
|poke|p1|Gliscor, M|
|poke|p1|Hatterene, F|
|poke|p2|Kyurem|
|poke|p2|Copperajah, F|
|poke|p2|Primarina, F|
|poke|p2|Chesnaught, M|
|poke|p2|Moltres-Galar|
|poke|p2|Iron Moth|
|teampreview
|inactive|Battle timer is ON: inactive players will automatically lose when time's up. (requested by MadKingPropla201)
|
|t:|1757935034
|teamsize|p1|6
|teamsize|p2|6
|start
|switch|p1a: Iron Valiant|Iron Valiant, shiny|100/100
|switch|p2a: Copperajah|Copperajah, F|100/100
|turn|1
|
|t:|1757935052
|move|p1a: Iron Valiant|Close Combat|p2a: Copperajah
|-supereffective|p2a: Copperajah
|-damage|p2a: Copperajah|2/100
|-unboost|p1a: Iron Valiant|def|1
|-unboost|p1a: Iron Valiant|spd|1
|move|p2a: Copperajah|Iron Head|p1a: Iron Valiant
|-supereffective|p1a: Iron Valiant
|-damage|p1a: Iron Valiant|0 fnt
|faint|p1a: Iron Valiant
|-end|p1a: Iron Valiant|Quark Drive|[silent]
|
|upkeep
|inactive|da_one_who_plays has 120 seconds left.
|
|t:|1757935081
|switch|p1a: Gliscor|Gliscor, M, shiny|100/100
|turn|2
|inactive|da_one_who_plays has 120 seconds left.
|
|t:|1757935087
|move|p1a: Gliscor|Agility|p1a: Gliscor
|-boost|p1a: Gliscor|spe|2
|move|p2a: Copperajah|Stealth Rock|p1a: Gliscor
|-sidestart|p1: da_one_who_plays|move: Stealth Rock
|
|-status|p1a: Gliscor|tox|[from] item: Toxic Orb
|upkeep
|turn|3
|inactive|da_one_who_plays has 120 seconds left.
|
|t:|1757935099
|move|p1a: Gliscor|Swords Dance|p1a: Gliscor
|-boost|p1a: Gliscor|atk|2
|move|p2a: Copperajah|Zen Headbutt|p1a: Gliscor|[miss]
|-miss|p2a: Copperajah|p1a: Gliscor
|
|upkeep
|turn|4
|inactive|da_one_who_plays has 120 seconds left.
|
|t:|1757935112
|move|p1a: Gliscor|Swords Dance|p1a: Gliscor
|-boost|p1a: Gliscor|atk|2
|move|p2a: Copperajah|Zen Headbutt|p1a: Gliscor
|-damage|p1a: Gliscor|58/100 tox
|
|-heal|p1a: Gliscor|70/100 tox|[from] ability: Poison Heal
|upkeep
|turn|5
|inactive|da_one_who_plays has 120 seconds left.
|
|t:|1757935122
|-terastallize|p1a: Gliscor|Normal
|move|p1a: Gliscor|Earthquake|p2a: Copperajah
|-supereffective|p2a: Copperajah
|-damage|p2a: Copperajah|0 fnt
|faint|p2a: Copperajah
|
|-heal|p1a: Gliscor|83/100 tox|[from] ability: Poison Heal
|upkeep
|
|t:|1757935130
|switch|p2a: Moltres|Moltres-Galar, shiny|100/100
|turn|6
|
|t:|1757935140
|move|p1a: Gliscor|Facade|p2a: Moltres
|-damage|p2a: Moltres|0 fnt
|faint|p2a: Moltres
|
|-heal|p1a: Gliscor|95/100 tox|[from] ability: Poison Heal
|upkeep
|
|t:|1757935149
|switch|p2a: Chesnaught|Chesnaught, M, shiny|100/100
|turn|7
|
|t:|1757935156
|move|p2a: Chesnaught|Spiky Shield|p2a: Chesnaught
|-singleturn|p2a: Chesnaught|move: Protect
|move|p1a: Gliscor|Facade|p2a: Chesnaught
|-activate|p2a: Chesnaught|move: Protect
|-damage|p1a: Gliscor|83/100 tox|[from] Spiky Shield|[of] p2a: Chesnaught
|
|-heal|p1a: Gliscor|95/100 tox|[from] ability: Poison Heal
|upkeep
|turn|8
|
|t:|1757935168
|-terastallize|p2a: Chesnaught|Steel
|move|p1a: Gliscor|Facade|p2a: Chesnaught
|-resisted|p2a: Chesnaught
|-damage|p2a: Chesnaught|45/100
|-damage|p1a: Gliscor|79/100 tox|[from] item: Rocky Helmet|[of] p2a: Chesnaught
|move|p2a: Chesnaught|Leech Seed|p1a: Gliscor
|-start|p1a: Gliscor|move: Leech Seed
|
|-damage|p1a: Gliscor|66/100 tox|[from] Leech Seed|[of] p2a: Chesnaught
|-heal|p2a: Chesnaught|57/100|[silent]
|-heal|p1a: Gliscor|79/100 tox|[from] ability: Poison Heal
|upkeep
|turn|9
|
|t:|1757935181
|move|p2a: Chesnaught|Spiky Shield|p2a: Chesnaught
|-singleturn|p2a: Chesnaught|move: Protect
|move|p1a: Gliscor|Swords Dance|p1a: Gliscor
|-boost|p1a: Gliscor|atk|2
|
|-damage|p1a: Gliscor|66/100 tox|[from] Leech Seed|[of] p2a: Chesnaught
|-heal|p2a: Chesnaught|69/100|[silent]
|-heal|p1a: Gliscor|79/100 tox|[from] ability: Poison Heal
|upkeep
|turn|10
|
|t:|1757935191
|switch|p2a: Kyurem|Kyurem|100/100
|-ability|p2a: Kyurem|Pressure
|move|p1a: Gliscor|Earthquake|p2a: Kyurem
|-damage|p2a: Kyurem|0 fnt
|faint|p2a: Kyurem
|
|-heal|p1a: Gliscor|91/100 tox|[from] ability: Poison Heal
|upkeep
|
|t:|1757935198
|switch|p2a: Primarina|Primarina, F|100/100
|turn|11
|
|t:|1757935206
|move|p1a: Gliscor|Facade|p2a: Primarina
|-damage|p2a: Primarina|0 fnt
|faint|p2a: Primarina
|
|-heal|p1a: Gliscor|100/100 tox|[from] ability: Poison Heal
|upkeep
|
|t:|1757935210
|switch|p2a: Iron Moth|Iron Moth|100/100
|-enditem|p2a: Iron Moth|Booster Energy
|-activate|p2a: Iron Moth|ability: Quark Drive|[fromitem]
|-start|p2a: Iron Moth|quarkdrivespe
|turn|12
|
|t:|1757935217
|move|p1a: Gliscor|Earthquake|p2a: Iron Moth
|-supereffective|p2a: Iron Moth
|-damage|p2a: Iron Moth|0 fnt
|faint|p2a: Iron Moth
|-end|p2a: Iron Moth|Quark Drive|[silent]
|
|upkeep
|
|t:|1757935220
|switch|p2a: Chesnaught|Chesnaught, M, shiny, tera:Steel|69/100
|turn|13
|
|t:|1757935226
|move|p2a: Chesnaught|Spiky Shield|p2a: Chesnaught
|-singleturn|p2a: Chesnaught|move: Protect
|move|p1a: Gliscor|Earthquake|p2a: Chesnaught
|-activate|p2a: Chesnaught|move: Protect
|
|-damage|p1a: Gliscor|88/100 tox|[from] Leech Seed|[of] p2a: Chesnaught
|-heal|p2a: Chesnaught|81/100|[silent]
|-heal|p1a: Gliscor|100/100 tox|[from] ability: Poison Heal
|upkeep
|turn|14
|
|t:|1757935237
|move|p1a: Gliscor|Earthquake|p2a: Chesnaught
|-supereffective|p2a: Chesnaught
|-damage|p2a: Chesnaught|0 fnt
|faint|p2a: Chesnaught
|
|win|da_one_who_plays
|raw|da_one_who_plays's rating: 1207 &rarr; <strong>1238</strong><br />(+31 for winning)
|raw|MadKingPropla201's rating: 1289 &rarr; <strong>1258</strong><br />(-31 for losing)
|l|☆MadKingPropla201
|player|p2|
|l|☆da_one_who_plays
|player|p1|
