|j|☆Pokemon of Color
|j|☆justiceforjessie
|t:|1757915945
|gametype|singles
|player|p1|Pokemon of Color|265|1458
|player|p2|justiceforjessie|266|1493
|gen|9
|tier|[Gen 9] OU
|rated|
|rule|HP Percentage Mod: HP is shown in percentages
|rule|Endless Battle Clause: Forcing endless battles is banned
|rule|Species Clause: Limit one of each Pokémon
|rule|OHKO Clause: OHKO moves are banned
|rule|Evasion Items Clause: Evasion items are banned
|rule|Evasion Moves Clause: Evasion moves are banned
|rule|Evasion Abilities Clause: Evasion abilities are banned
|rule|Sleep Moves Clause: Sleep-inducing moves are banned
|clearpoke
|poke|p1|Noivern, M|
|poke|p1|Great Tusk|
|poke|p1|Ceruledge, M|
|poke|p1|Articuno-Galar|
|poke|p1|Goodra-Hisui, F|
|poke|p1|Cloyster, F|
|poke|p2|Iron Valiant|
|poke|p2|Rotom-Wash|
|poke|p2|Latios, M|
|poke|p2|Ting-Lu|
|poke|p2|Hydreigon, M|
|poke|p2|Gholdengo|
|teampreview
|inactive|Battle timer is ON: inactive players will automatically lose when time's up. (requested by Pokemon of Color)
|inactive|Pokemon of Color has 120 seconds left.
|inactive|justiceforjessie has 120 seconds left.
|
|t:|1757916001
|teamsize|p1|6
|teamsize|p2|6
|start
|switch|p1a: Articuno|Articuno-Galar|100/100
|switch|p2a: Hydreigon|Hydreigon, M|100/100
|turn|1
|inactive|justiceforjessie has 120 seconds left.
|
|t:|1757916059
|switch|p1a: Goodra|Goodra-Hisui, F|100/100
|move|p2a: Hydreigon|Draco Meteor|p1a: Goodra
|-damage|p1a: Goodra|55/100
|-unboost|p2a: Hydreigon|spa|2
|
|upkeep
|turn|2
|
|t:|1757916074
|switch|p2a: Ting-Lu|Ting-Lu|100/100
|-ability|p2a: Ting-Lu|Vessel of Ruin
|switch|p1a: Cloyster|Cloyster, F|100/100
|
|upkeep
|turn|3
|inactive|justiceforjessie has 90 seconds left.
|
|t:|1757916114
|move|p1a: Cloyster|Icicle Spear|p2a: Ting-Lu
|-supereffective|p2a: Ting-Lu
|-damage|p2a: Ting-Lu|87/100
|-supereffective|p2a: Ting-Lu
|-damage|p2a: Ting-Lu|74/100
|-supereffective|p2a: Ting-Lu
|-damage|p2a: Ting-Lu|62/100
|-supereffective|p2a: Ting-Lu
|-damage|p2a: Ting-Lu|48/100
|-supereffective|p2a: Ting-Lu
|-damage|p2a: Ting-Lu|36/100
|-hitcount|p2a: Ting-Lu|5
|move|p2a: Ting-Lu|Whirlwind|p1a: Cloyster
|drag|p1a: Articuno|Articuno-Galar|100/100
|
|-heal|p2a: Ting-Lu|42/100|[from] item: Leftovers
|upkeep
|turn|4
|
|t:|1757916131
|switch|p1a: Great Tusk|Great Tusk|100/100
|move|p2a: Ting-Lu|Stealth Rock|p1a: Great Tusk
|-sidestart|p1: Pokemon of Color|move: Stealth Rock
|
|-heal|p2a: Ting-Lu|48/100|[from] item: Leftovers
|upkeep
|turn|5
|
|t:|1757916142
|switch|p2a: Gholdengo|Gholdengo|100/100
|-item|p2a: Gholdengo|Air Balloon
|move|p1a: Great Tusk|Ice Spinner|p2a: Gholdengo
|-resisted|p2a: Gholdengo
|-damage|p2a: Gholdengo|91/100
|-enditem|p2a: Gholdengo|Air Balloon
|
|upkeep
|turn|6
|
|t:|1757916156
|move|p1a: Great Tusk|Headlong Rush|p2a: Gholdengo
|-supereffective|p2a: Gholdengo
|-damage|p2a: Gholdengo|0 fnt
|-unboost|p1a: Great Tusk|def|1
|-unboost|p1a: Great Tusk|spd|1
|faint|p2a: Gholdengo
|
|upkeep
|
|t:|1757916167
|switch|p2a: Hydreigon|Hydreigon, M|100/100
|turn|7
|
|t:|1757916171
|-end|p1a: Great Tusk|Protosynthesis|[silent]
|switch|p1a: Goodra|Goodra-Hisui, F|55/100
|-damage|p1a: Goodra|49/100|[from] Stealth Rock
|move|p2a: Hydreigon|Draco Meteor|p1a: Goodra
|-damage|p1a: Goodra|3/100
|-unboost|p2a: Hydreigon|spa|2
|
|upkeep
|turn|8
|inactive|justiceforjessie has 90 seconds left.
|
|t:|1757916181
|switch|p2a: Latios|Latios, M|100/100
|move|p1a: Goodra|Dragon Pulse|p2a: Latios
|-supereffective|p2a: Latios
|-damage|p2a: Latios|12/100
|
|upkeep
|turn|9
|
|t:|1757916191
|move|p2a: Latios|Flip Turn|p1a: Goodra
|-resisted|p1a: Goodra
|-damage|p1a: Goodra|0 fnt
|-ability|p1a: Goodra|Gooey
|-unboost|p2a: Latios|spe|1
|faint|p1a: Goodra
|
|t:|1757916198
|switch|p2a: Rotom|Rotom-Wash|100/100|[from] Flip Turn
|
|upkeep
|
|t:|1757916207
|switch|p1a: Articuno|Articuno-Galar|100/100
|-damage|p1a: Articuno|75/100|[from] Stealth Rock
|turn|10
|
|t:|1757916214
|switch|p2a: Ting-Lu|Ting-Lu|48/100
|-ability|p2a: Ting-Lu|Vessel of Ruin
|move|p1a: Articuno|Agility|p1a: Articuno
|-boost|p1a: Articuno|spe|2
|
|-heal|p2a: Ting-Lu|54/100|[from] item: Leftovers
|upkeep
|turn|11
|
|t:|1757916231
|move|p1a: Articuno|Air Slash|p2a: Ting-Lu
|-damage|p2a: Ting-Lu|40/100
|move|p2a: Ting-Lu|Whirlwind|p1a: Articuno
|drag|p1a: Ceruledge|Ceruledge, M|100/100
|-damage|p1a: Ceruledge|76/100|[from] Stealth Rock
|
|-heal|p2a: Ting-Lu|46/100|[from] item: Leftovers
|upkeep
|turn|12
|
|t:|1757916241
|move|p1a: Ceruledge|Close Combat|p2a: Ting-Lu
|-supereffective|p2a: Ting-Lu
|-damage|p2a: Ting-Lu|2/100
|-unboost|p1a: Ceruledge|def|1
|-unboost|p1a: Ceruledge|spd|1
|move|p2a: Ting-Lu|Earthquake|p1a: Ceruledge
|-supereffective|p1a: Ceruledge
|-damage|p1a: Ceruledge|0 fnt
|faint|p1a: Ceruledge
|
|-heal|p2a: Ting-Lu|8/100|[from] item: Leftovers
|upkeep
|
|t:|1757916254
|switch|p1a: Great Tusk|Great Tusk|100/100
|-damage|p1a: Great Tusk|98/100|[from] Stealth Rock
|turn|13
|
|t:|1757916260
|switch|p2a: Iron Valiant|Iron Valiant|100/100
|-enditem|p2a: Iron Valiant|Booster Energy
|-activate|p2a: Iron Valiant|ability: Quark Drive|[fromitem]
|-start|p2a: Iron Valiant|quarkdrivespe
|move|p1a: Great Tusk|Rapid Spin|p2a: Iron Valiant
|-damage|p2a: Iron Valiant|78/100
|-boost|p1a: Great Tusk|spe|1
|-sideend|p1: Pokemon of Color|Stealth Rock|[from] move: Rapid Spin|[of] p1a: Great Tusk
|
|upkeep
|turn|14
|
|t:|1757916277
|move|p2a: Iron Valiant|Moonblast|p1a: Great Tusk
|-supereffective|p1a: Great Tusk
|-damage|p1a: Great Tusk|9/100
|move|p1a: Great Tusk|Headlong Rush|p2a: Iron Valiant
|-damage|p2a: Iron Valiant|1/100
|-unboost|p1a: Great Tusk|def|1
|-unboost|p1a: Great Tusk|spd|1
|
|upkeep
|turn|15
|
|t:|1757916295
|move|p2a: Iron Valiant|Moonblast|p1a: Great Tusk
|-supereffective|p1a: Great Tusk
|-damage|p1a: Great Tusk|0 fnt
|faint|p1a: Great Tusk
|-end|p1a: Great Tusk|Protosynthesis|[silent]
|
|upkeep
|
|t:|1757916305
|switch|p1a: Articuno|Articuno-Galar|75/100
|turn|16
|
|t:|1757916309
|move|p2a: Iron Valiant|Thunderbolt|p1a: Articuno
|-supereffective|p1a: Articuno
|-damage|p1a: Articuno|21/100
|-enditem|p1a: Articuno|Weakness Policy
|-boost|p1a: Articuno|atk|2|[from] item: Weakness Policy
|-boost|p1a: Articuno|spa|2|[from] item: Weakness Policy
|move|p1a: Articuno|Air Slash|p2a: Iron Valiant
|-supereffective|p2a: Iron Valiant
|-damage|p2a: Iron Valiant|0 fnt
|faint|p2a: Iron Valiant
|-end|p2a: Iron Valiant|Quark Drive|[silent]
|
|upkeep
|
|t:|1757916320
|switch|p2a: Hydreigon|Hydreigon, M|100/100
|turn|17
|
|t:|1757916329
|move|p2a: Hydreigon|Dark Pulse|p1a: Articuno
|-supereffective|p1a: Articuno
|-damage|p1a: Articuno|0 fnt
|faint|p1a: Articuno
|
|upkeep
|
|t:|1757916336
|switch|p1a: Noivern|Noivern, M|100/100
|turn|18
|
|t:|1757916346
|switch|p2a: Ting-Lu|Ting-Lu|8/100
|-ability|p2a: Ting-Lu|Vessel of Ruin
|move|p1a: Noivern|Boomburst|p2a: Ting-Lu
|-damage|p2a: Ting-Lu|0 fnt
|faint|p2a: Ting-Lu
|-enditem|p1a: Noivern|Throat Spray
|-boost|p1a: Noivern|spa|1|[from] item: Throat Spray
|
|upkeep
|
|t:|1757916355
|switch|p2a: Latios|Latios, M|12/100
|turn|19
|
|t:|1757916373
|move|p2a: Latios|Draco Meteor|p1a: Noivern
|-supereffective|p1a: Noivern
|-damage|p1a: Noivern|0 fnt
|-unboost|p2a: Latios|spa|2
|faint|p1a: Noivern
|
|upkeep
|
|t:|1757916380
|switch|p1a: Cloyster|Cloyster, F|100/100
|turn|20
|
|t:|1757916388
|-terastallize|p2a: Latios|Dragon
|move|p2a: Latios|Draco Meteor|p1a: Cloyster
|-damage|p1a: Cloyster|0 fnt
|-unboost|p2a: Latios|spa|2
|faint|p1a: Cloyster
|
|win|justiceforjessie
|raw|Pokemon of Color's rating: 1458 &rarr; <strong>1439</strong><br />(-19 for losing)
|raw|justiceforjessie's rating: 1474 &rarr; <strong>1493</strong><br />(+19 for winning)
|l|☆Pokemon of Color
|player|p1|
