|j|☆roommate108
|j|☆67mustarddiddy
|t:|1757826031
|gametype|singles
|player|p1|roommate108|102|1208
|player|p2|67mustarddiddy|n|1209
|gen|9
|tier|[Gen 9] OU
|rated|
|rule|HP Percentage Mod: HP is shown in percentages
|rule|Endless Battle Clause: Forcing endless battles is banned
|rule|Species Clause: Limit one of each Pokémon
|rule|OHKO Clause: OHKO moves are banned
|rule|Evasion Items Clause: Evasion items are banned
|rule|Evasion Moves Clause: Evasion moves are banned
|rule|Evasion Abilities Clause: Evasion abilities are banned
|rule|Sleep Moves Clause: Sleep-inducing moves are banned
|clearpoke
|poke|p1|Great Tusk|
|poke|p1|Brambleghast, F|
|poke|p1|Moltres|
|poke|p1|Ting-Lu|
|poke|p1|Kleavor, F|
|poke|p1|Dragonite, F|
|poke|p2|Espeon, F|
|poke|p2|Mimikyu, F|
|poke|p2|Corviknight, M|
|poke|p2|Garchomp, F|
|poke|p2|Garganacl, F|
|poke|p2|Rotom-Frost|
|teampreview
|inactive|Battle timer is ON: inactive players will automatically lose when time's up. (requested by roommate108)
|
|t:|1757826053
|teamsize|p1|6
|teamsize|p2|6
|start
|switch|p1a: Kleavor|Kleavor, F|100/100
|switch|p2a: Garganacl|Garganacl, F|100/100
|turn|1
|
|t:|1757826057
|move|p1a: Kleavor|Stone Axe|p2a: Garganacl
|-damage|p2a: Garganacl|64/100
|-sidestart|p2: 67mustarddiddy|move: Stealth Rock
|move|p2a: Garganacl|Iron Defense|p2a: Garganacl
|-boost|p2a: Garganacl|def|2
|
|-heal|p2a: Garganacl|70/100|[from] item: Leftovers
|upkeep
|turn|2
|
|t:|1757826067
|move|p1a: Kleavor|U-turn|p2a: Garganacl
|-damage|p2a: Garganacl|58/100
|
|t:|1757826070
|switch|p1a: Ting-Lu|Ting-Lu|100/100|[from] U-turn
|-ability|p1a: Ting-Lu|Vessel of Ruin
|move|p2a: Garganacl|Salt Cure|p1a: Ting-Lu
|-resisted|p1a: Ting-Lu
|-damage|p1a: Ting-Lu|96/100
|-start|p1a: Ting-Lu|Salt Cure
|
|-heal|p1a: Ting-Lu|100/100|[from] item: Leftovers
|-heal|p2a: Garganacl|64/100|[from] item: Leftovers
|-damage|p1a: Ting-Lu|88/100|[from] Salt Cure
|upkeep
|turn|3
|
|t:|1757826075
|move|p1a: Ting-Lu|Spikes|p2a: Garganacl
|-sidestart|p2: 67mustarddiddy|Spikes
|move|p2a: Garganacl|Recover|p2a: Garganacl
|-heal|p2a: Garganacl|100/100
|
|-heal|p1a: Ting-Lu|94/100|[from] item: Leftovers
|-damage|p1a: Ting-Lu|82/100|[from] Salt Cure
|upkeep
|turn|4
|
|t:|1757826079
|move|p1a: Ting-Lu|Spikes|p2a: Garganacl
|-sidestart|p2: 67mustarddiddy|Spikes
|move|p2a: Garganacl|Body Press|p1a: Ting-Lu
|-supereffective|p1a: Ting-Lu
|-damage|p1a: Ting-Lu|18/100
|
|-heal|p1a: Ting-Lu|25/100|[from] item: Leftovers
|-damage|p1a: Ting-Lu|12/100|[from] Salt Cure
|upkeep
|turn|5
|
|t:|1757826088
|-terastallize|p1a: Ting-Lu|Ghost
|move|p2a: Garganacl|Body Press|p1a: Ting-Lu
|-immune|p1a: Ting-Lu
|move|p1a: Ting-Lu|Whirlwind|p2a: Garganacl
|drag|p2a: Mimikyu|Mimikyu, F|100/100
|-damage|p2a: Mimikyu|88/100|[from] Stealth Rock
|-damage|p2a: Mimikyu|72/100|[from] Spikes
|
|-heal|p1a: Ting-Lu|18/100|[from] item: Leftovers
|-damage|p1a: Ting-Lu|6/100|[from] Salt Cure
|upkeep
|turn|6
|
|t:|1757826095
|move|p2a: Mimikyu|Shadow Claw|p1a: Ting-Lu
|-supereffective|p1a: Ting-Lu
|-damage|p1a: Ting-Lu|0 fnt
|faint|p1a: Ting-Lu
|
|upkeep
|
|t:|1757826103
|switch|p1a: Kleavor|Kleavor, F|100/100
|turn|7
|
|t:|1757826116
|switch|p2a: Garchomp|Garchomp, F|100/100
|-damage|p2a: Garchomp|94/100|[from] Stealth Rock
|-damage|p2a: Garchomp|78/100|[from] Spikes
|move|p1a: Kleavor|U-turn|p2a: Garchomp
|-damage|p2a: Garchomp|37/100
|-damage|p1a: Kleavor|88/100|[from] ability: Rough Skin|[of] p2a: Garchomp
|-damage|p1a: Kleavor|72/100|[from] item: Rocky Helmet|[of] p2a: Garchomp
|
|t:|1757826127
|switch|p1a: Great Tusk|Great Tusk|100/100|[from] U-turn
|-enditem|p1a: Great Tusk|Booster Energy
|-activate|p1a: Great Tusk|ability: Protosynthesis|[fromitem]
|-start|p1a: Great Tusk|protosynthesisatk
|
|upkeep
|turn|8
|
|t:|1757826137
|move|p2a: Garchomp|Stealth Rock|p1a: Great Tusk
|-sidestart|p1: roommate108|move: Stealth Rock
|move|p1a: Great Tusk|Headlong Rush|p2a: Garchomp
|-damage|p2a: Garchomp|0 fnt
|-unboost|p1a: Great Tusk|def|1
|-unboost|p1a: Great Tusk|spd|1
|-damage|p1a: Great Tusk|88/100|[from] ability: Rough Skin|[of] p2a: Garchomp
|-damage|p1a: Great Tusk|72/100|[from] item: Rocky Helmet|[of] p2a: Garchomp
|faint|p2a: Garchomp
|
|upkeep
|
|t:|1757826141
|switch|p2a: Corviknight|Corviknight, M|100/100
|-damage|p2a: Corviknight|88/100|[from] Stealth Rock
|-ability|p2a: Corviknight|Pressure
|turn|9
|
|t:|1757826148
|move|p1a: Great Tusk|Rapid Spin|p2a: Corviknight
|-resisted|p2a: Corviknight
|-damage|p2a: Corviknight|79/100
|-boost|p1a: Great Tusk|spe|1
|-damage|p1a: Great Tusk|55/100|[from] item: Rocky Helmet|[of] p2a: Corviknight
|-sideend|p1: roommate108|Stealth Rock|[from] move: Rapid Spin|[of] p1a: Great Tusk
|move|p2a: Corviknight|Defog|p1a: Great Tusk
|-unboost|p1a: Great Tusk|evasion|1
|-sideend|p2: 67mustarddiddy|Spikes|[from] move: Defog|[of] p2a: Corviknight
|-sideend|p2: 67mustarddiddy|Stealth Rock|[from] move: Defog|[of] p2a: Corviknight
|
|upkeep
|turn|10
|
|t:|1757826154
|move|p1a: Great Tusk|Knock Off|p2a: Corviknight
|-damage|p2a: Corviknight|46/100
|-damage|p1a: Great Tusk|39/100|[from] item: Rocky Helmet|[of] p2a: Corviknight
|-enditem|p2a: Corviknight|Rocky Helmet|[from] move: Knock Off|[of] p1a: Great Tusk
|move|p2a: Corviknight|Body Press|p1a: Great Tusk
|-damage|p1a: Great Tusk|12/100
|
|upkeep
|turn|11
|
|t:|1757826163
|move|p1a: Great Tusk|Head Smash|p2a: Corviknight
|-damage|p2a: Corviknight|0 fnt
|faint|p2a: Corviknight
|-damage|p1a: Great Tusk|0 fnt|[from] Recoil
|faint|p1a: Great Tusk
|-end|p1a: Great Tusk|Protosynthesis|[silent]
|
|upkeep
|
|t:|1757826176
|switch|p1a: Dragonite|Dragonite, F|100/100
|switch|p2a: Espeon|Espeon, F|100/100
|turn|12
|
|t:|1757826183
|move|p2a: Espeon|Thunder Wave|p1a: Dragonite
|-status|p1a: Dragonite|par
|cant|p1a: Dragonite|par
|
|upkeep
|turn|13
|
|t:|1757826190
|move|p2a: Espeon|Expanding Force|p1a: Dragonite
|-damage|p1a: Dragonite|71/100 par
|-damage|p2a: Espeon|91/100|[from] item: Life Orb
|move|p1a: Dragonite|Dragon Dance|p1a: Dragonite
|-boost|p1a: Dragonite|atk|1
|-boost|p1a: Dragonite|spe|1
|
|upkeep
|turn|14
|
|t:|1757826198
|move|p2a: Espeon|Expanding Force|p1a: Dragonite
|-crit|p1a: Dragonite
|-damage|p1a: Dragonite|0 fnt
|faint|p1a: Dragonite
|-damage|p2a: Espeon|81/100|[from] item: Life Orb
|
|upkeep
|
|t:|1757826205
|switch|p1a: Moltres|Moltres|100/100
|turn|15
|
|t:|1757826215
|move|p2a: Espeon|Thunder Wave|p1a: Moltres|[miss]
|-miss|p2a: Espeon|p1a: Moltres
|move|p1a: Moltres|Tailwind|p1a: Moltres
|-sidestart|p1: roommate108|move: Tailwind
|
|upkeep
|turn|16
|
|t:|1757826219
|move|p1a: Moltres|Hurricane|p2a: Espeon|[miss]
|-miss|p1a: Moltres|p2a: Espeon
|move|p2a: Espeon|Thunder Wave|p1a: Moltres
|-status|p1a: Moltres|par
|
|upkeep
|turn|17
|
|t:|1757826225
|switch|p1a: Brambleghast|Brambleghast, F|100/100
|-ability|p1a: Brambleghast|Wind Rider|boost
|-boost|p1a: Brambleghast|atk|1
|move|p2a: Espeon|Protect||[still]
|-fail|p2a: Espeon
|
|upkeep
|turn|18
|
|t:|1757826241
|move|p1a: Brambleghast|Trailblaze|p2a: Espeon
|-damage|p2a: Espeon|0 fnt
|-boost|p1a: Brambleghast|spe|1
|faint|p2a: Espeon
|-damage|p1a: Brambleghast|91/100|[from] item: Life Orb
|
|-sideend|p1: roommate108|move: Tailwind
|upkeep
|
|t:|1757826247
|switch|p2a: Mimikyu|Mimikyu, F|72/100
|turn|19
|
|t:|1757826253
|switch|p1a: Moltres|Moltres|100/100 par
|move|p2a: Mimikyu|Swords Dance|p2a: Mimikyu
|-boost|p2a: Mimikyu|atk|2
|
|upkeep
|turn|20
|-message|roommate108 forfeited.
|
|win|67mustarddiddy
|raw|roommate108's rating: 1208 &rarr; <strong>1183</strong><br />(-25 for losing)
|raw|67mustarddiddy's rating: 1209 &rarr; <strong>1234</strong><br />(+25 for winning)
|l|☆roommate108
|player|p1|
|l|☆67mustarddiddy
|player|p2|
