|j|☆Mimo69
|j|☆MasterHmdi
|t:|1757898225
|gametype|singles
|player|p1|Mimo69|hilbert-wonderlauncher|1124
|player|p2|MasterHmdi|102|1157
|gen|9
|tier|[Gen 9] OU
|rated|
|rule|HP Percentage Mod: HP is shown in percentages
|rule|Endless Battle Clause: Forcing endless battles is banned
|rule|Species Clause: Limit one of each Pokémon
|rule|OHKO Clause: OHKO moves are banned
|rule|Evasion Items Clause: Evasion items are banned
|rule|Evasion Moves Clause: Evasion moves are banned
|rule|Evasion Abilities Clause: Evasion abilities are banned
|rule|Sleep Moves Clause: Sleep-inducing moves are banned
|clearpoke
|poke|p1|Decidueye, M|
|poke|p1|Arcanine-Hisui, M|
|poke|p1|Metagross|
|poke|p1|Zoroark-Hisui, M|
|poke|p1|Garganacl, M|
|poke|p1|Dragapult, M|
|poke|p2|Glimmora, F|
|poke|p2|Walking Wake|
|poke|p2|Torkoal, F|
|poke|p2|Dragapult, F|
|poke|p2|Wo-Chien|
|poke|p2|Iron Hands|
|teampreview
|
|t:|1757898239
|teamsize|p1|6
|teamsize|p2|6
|start
|switch|p1a: salt|Garganacl, M|100/100
|switch|p2a: Rapheal|Torkoal, F|100/100
|-weather|SunnyDay|[from] ability: Drought|[of] p2a: Rapheal
|turn|1
|
|t:|1757898249
|move|p1a: salt|Stealth Rock|p2a: Rapheal
|-sidestart|p2: MasterHmdi|move: Stealth Rock
|move|p2a: Rapheal|Solar Beam||[still]
|-prepare|p2a: Rapheal|Solar Beam
|-anim|p2a: Rapheal|Solar Beam|p1a: salt
|-supereffective|p1a: salt
|-damage|p1a: salt|58/100
|
|-weather|SunnyDay|[upkeep]
|-heal|p1a: salt|64/100|[from] item: Leftovers
|upkeep
|turn|2
|
|t:|1757898261
|move|p1a: salt|Stone Edge|p2a: Rapheal
|-supereffective|p2a: Rapheal
|-crit|p2a: Rapheal
|-damage|p2a: Rapheal|19/100
|move|p2a: Rapheal|Rapid Spin|p1a: salt
|-resisted|p1a: salt
|-damage|p1a: salt|61/100
|-boost|p2a: Rapheal|spe|1
|-sideend|p2: MasterHmdi|Stealth Rock|[from] move: Rapid Spin|[of] p2a: Rapheal
|
|-weather|SunnyDay|[upkeep]
|-heal|p1a: salt|67/100|[from] item: Leftovers
|upkeep
|turn|3
|
|t:|1757898274
|switch|p2a: Riptide|Walking Wake|100/100
|-activate|p2a: Riptide|ability: Protosynthesis
|-start|p2a: Riptide|protosynthesisspe
|move|p1a: salt|Stone Edge|p2a: Riptide
|-damage|p2a: Riptide|57/100
|
|-weather|SunnyDay|[upkeep]
|-heal|p1a: salt|74/100|[from] item: Leftovers
|upkeep
|turn|4
|
|t:|1757898286
|move|p2a: Riptide|Hydro Steam|p1a: salt
|-supereffective|p1a: salt
|-damage|p1a: salt|0 fnt
|faint|p1a: salt
|
|-weather|SunnyDay|[upkeep]
|upkeep
|
|t:|1757898296
|switch|p1a: dragon ak47|Dragapult, M|100/100
|turn|5
|
|t:|1757898305
|-end|p2a: Riptide|Protosynthesis|[silent]
|switch|p2a: Sumo|Iron Hands|100/100
|move|p1a: dragon ak47|Dragon Darts|p2a: Sumo
|-crit|p2a: Sumo
|-damage|p2a: Sumo|79/100
|-anim|p1a: dragon ak47|Dragon Darts|p2a: Sumo
|-damage|p2a: Sumo|64/100
|
|-weather|SunnyDay|[upkeep]
|upkeep
|turn|6
|
|t:|1757898315
|move|p1a: dragon ak47|U-turn|p2a: Sumo
|-resisted|p2a: Sumo
|-damage|p2a: Sumo|57/100
|
|t:|1757898322
|switch|p1a: big steel man|Metagross, shiny|100/100|[from] U-turn
|move|p2a: Sumo|Ice Punch|p1a: big steel man
|-resisted|p1a: big steel man
|-damage|p1a: big steel man|91/100
|
|-weather|SunnyDay|[upkeep]
|upkeep
|turn|7
|
|t:|1757898347
|-end|p2a: Sumo|Quark Drive|[silent]
|switch|p2a: Ghost|Dragapult, F|100/100
|move|p1a: big steel man|Knock Off|p2a: Ghost
|-supereffective|p2a: Ghost
|-damage|p2a: Ghost|0 fnt
|-enditem|p2a: Ghost|Metronome|[from] move: Knock Off|[of] p1a: big steel man
|faint|p2a: Ghost
|
|-weather|SunnyDay|[upkeep]
|upkeep
|
|t:|1757898360
|switch|p2a: Rocky|Glimmora, F|100/100
|turn|8
|
|t:|1757898373
|move|p2a: Rocky|Spiky Shield|p2a: Rocky
|-singleturn|p2a: Rocky|move: Protect
|move|p1a: big steel man|Bullet Punch|p2a: Rocky
|-activate|p2a: Rocky|move: Protect
|-damage|p1a: big steel man|79/100|[from] Spiky Shield|[of] p2a: Rocky
|
|-weather|none
|upkeep
|turn|9
|inactive|Battle timer is ON: inactive players will automatically lose when time's up. (requested by MasterHmdi)
|
|t:|1757898385
|move|p1a: big steel man|Bullet Punch|p2a: Rocky
|-supereffective|p2a: Rocky
|-damage|p2a: Rocky|56/100
|-activate|p2a: Rocky|ability: Toxic Debris
|-sidestart|p1: Mimo69|move: Toxic Spikes
|move|p2a: Rocky|Stealth Rock|p1a: big steel man
|-sidestart|p1: Mimo69|move: Stealth Rock
|
|-heal|p2a: Rocky|62/100|[from] item: Black Sludge
|upkeep
|turn|10
|
|t:|1757898404
|move|p2a: Rocky|Spiky Shield|p2a: Rocky
|-singleturn|p2a: Rocky|move: Protect
|move|p1a: big steel man|Ice Punch|p2a: Rocky
|-activate|p2a: Rocky|move: Protect
|-damage|p1a: big steel man|66/100|[from] Spiky Shield|[of] p2a: Rocky
|
|-heal|p2a: Rocky|68/100|[from] item: Black Sludge
|upkeep
|turn|11
|
|t:|1757898424
|switch|p2a: Rapheal|Torkoal, F|19/100
|-weather|SunnyDay|[from] ability: Drought|[of] p2a: Rapheal
|move|p1a: big steel man|Bullet Punch|p2a: Rapheal
|-resisted|p2a: Rapheal
|-damage|p2a: Rapheal|13/100
|
|-weather|SunnyDay|[upkeep]
|upkeep
|turn|12
|
|t:|1757898436
|-terastallize|p1a: big steel man|Fairy
|move|p1a: big steel man|Knock Off|p2a: Rapheal
|-damage|p2a: Rapheal|0 fnt
|-enditem|p2a: Rapheal|Heat Rock|[from] move: Knock Off|[of] p1a: big steel man
|faint|p2a: Rapheal
|
|-weather|SunnyDay|[upkeep]
|upkeep
|
|t:|1757898456
|switch|p2a: Riptide|Walking Wake|57/100
|-activate|p2a: Riptide|ability: Protosynthesis
|-start|p2a: Riptide|protosynthesisspe
|turn|13
|
|t:|1757898464
|move|p2a: Riptide|Hydro Steam|p1a: big steel man
|-damage|p1a: big steel man|8/100
|move|p1a: big steel man|Ice Punch|p2a: Riptide
|-damage|p2a: Riptide|30/100
|
|-weather|SunnyDay|[upkeep]
|upkeep
|turn|14
|
|t:|1757898472
|move|p1a: big steel man|Bullet Punch|p2a: Riptide
|-resisted|p2a: Riptide
|-damage|p2a: Riptide|20/100
|move|p2a: Riptide|Hydro Steam|p1a: big steel man
|-damage|p1a: big steel man|0 fnt
|faint|p1a: big steel man
|
|-weather|SunnyDay|[upkeep]
|upkeep
|
|t:|1757898480
|switch|p1a: dragon ak47|Dragapult, M|100/100
|-status|p1a: dragon ak47|psn
|-damage|p1a: dragon ak47|88/100 psn|[from] Stealth Rock
|turn|15
|
|t:|1757898491
|-end|p2a: Riptide|Protosynthesis|[silent]
|switch|p2a: Turbo|Wo-Chien|100/100
|-ability|p2a: Turbo|Tablets of Ruin
|move|p1a: dragon ak47|Dragon Darts|p2a: Turbo
|-damage|p2a: Turbo|84/100
|-anim|p1a: dragon ak47|Dragon Darts|p2a: Turbo
|-damage|p2a: Turbo|67/100
|
|-weather|SunnyDay|[upkeep]
|-heal|p2a: Turbo|74/100|[from] item: Leftovers
|-damage|p1a: dragon ak47|76/100 psn|[from] psn
|upkeep
|turn|16
|
|t:|1757898506
|move|p1a: dragon ak47|U-turn|p2a: Turbo
|-supereffective|p2a: Turbo
|-damage|p2a: Turbo|11/100
|
|t:|1757898509
|switch|p1a: fire dog|Arcanine-Hisui, M|100/100|[from] U-turn
|-status|p1a: fire dog|psn
|-damage|p1a: fire dog|76/100 psn|[from] Stealth Rock
|-ability|p1a: fire dog|Intimidate|boost
|-unboost|p2a: Turbo|atk|1
|move|p2a: Turbo|Substitute|p2a: Turbo
|-fail|p2a: Turbo|move: Substitute|[weak]
|
|-weather|SunnyDay|[upkeep]
|-heal|p2a: Turbo|17/100|[from] item: Leftovers
|-damage|p1a: fire dog|63/100 psn|[from] psn
|upkeep
|turn|17
|
|t:|1757898524
|move|p2a: Turbo|Protect|p2a: Turbo
|-singleturn|p2a: Turbo|Protect
|move|p1a: fire dog|Extreme Speed|p2a: Turbo
|-activate|p2a: Turbo|move: Protect
|
|-weather|SunnyDay|[upkeep]
|-heal|p2a: Turbo|23/100|[from] item: Leftovers
|-damage|p1a: fire dog|51/100 psn|[from] psn
|upkeep
|turn|18
|
|t:|1757898537
|switch|p2a: Rocky|Glimmora, F|68/100
|move|p1a: fire dog|Extreme Speed|p2a: Rocky
|-resisted|p2a: Rocky
|-damage|p2a: Rocky|56/100
|-activate|p2a: Rocky|ability: Toxic Debris
|-sidestart|p1: Mimo69|move: Toxic Spikes
|
|-weather|none
|-heal|p2a: Rocky|63/100|[from] item: Black Sludge
|-damage|p1a: fire dog|39/100 psn|[from] psn
|upkeep
|turn|19
|
|t:|1757898551
|switch|p1a: DeciDude|Decidueye, M, shiny|100/100
|-status|p1a: DeciDude|tox
|-damage|p1a: DeciDude|88/100 tox|[from] Stealth Rock
|move|p2a: Rocky|Spiky Shield||[still]
|-fail|p2a: Rocky
|
|-heal|p1a: DeciDude|94/100 tox|[from] item: Leftovers
|-heal|p2a: Rocky|69/100|[from] item: Black Sludge
|-damage|p1a: DeciDude|88/100 tox|[from] psn
|upkeep
|turn|20
|
|t:|1757898572
|move|p2a: Rocky|Spiky Shield|p2a: Rocky
|-singleturn|p2a: Rocky|move: Protect
|move|p1a: DeciDude|Nasty Plot|p1a: DeciDude
|-boost|p1a: DeciDude|spa|2
|
|-heal|p1a: DeciDude|94/100 tox|[from] item: Leftovers
|-heal|p2a: Rocky|75/100|[from] item: Black Sludge
|-damage|p1a: DeciDude|82/100 tox|[from] psn
|upkeep
|turn|21
|
|t:|1757898582
|move|p1a: DeciDude|Bitter Malice|p2a: Rocky
|-damage|p2a: Rocky|14/100
|-unboost|p2a: Rocky|atk|1
|move|p2a: Rocky|Earth Power|p1a: DeciDude
|-damage|p1a: DeciDude|38/100 tox
|replace|p1a: YOU FOOL|Zoroark-Hisui, M, shiny
|-end|p1a: YOU FOOL|Illusion
|
|-heal|p1a: YOU FOOL|44/100 tox|[from] item: Leftovers
|-heal|p2a: Rocky|21/100|[from] item: Black Sludge
|-damage|p1a: YOU FOOL|26/100 tox|[from] psn
|upkeep
|turn|22
|
|t:|1757898602
|move|p1a: YOU FOOL|Nasty Plot|p1a: YOU FOOL
|-boost|p1a: YOU FOOL|spa|2
|move|p2a: Rocky|Earth Power|p1a: YOU FOOL
|-damage|p1a: YOU FOOL|0 fnt
|faint|p1a: YOU FOOL
|
|-heal|p2a: Rocky|27/100|[from] item: Black Sludge
|upkeep
|
|t:|1757898610
|switch|p1a: dragon ak47|Dragapult, M|76/100 psn
|-damage|p1a: dragon ak47|64/100 psn|[from] Stealth Rock
|turn|23
|
|t:|1757898615
|move|p2a: Rocky|Spiky Shield|p2a: Rocky
|-singleturn|p2a: Rocky|move: Protect
|move|p1a: dragon ak47|Dragon Darts|p2a: Rocky
|-activate|p2a: Rocky|move: Protect
|
|-heal|p2a: Rocky|33/100|[from] item: Black Sludge
|-damage|p1a: dragon ak47|51/100 psn|[from] psn
|upkeep
|turn|24
|
|t:|1757898629
|move|p1a: dragon ak47|Dragon Darts|p2a: Rocky
|-damage|p2a: Rocky|10/100
|-anim|p1a: dragon ak47|Dragon Darts|p2a: Rocky
|-damage|p2a: Rocky|0 fnt
|faint|p2a: Rocky
|
|-damage|p1a: dragon ak47|39/100 psn|[from] psn
|upkeep
|
|t:|1757898638
|switch|p2a: Sumo|Iron Hands|57/100
|turn|25
|
|t:|1757898650
|move|p1a: dragon ak47|Dragon Darts|p2a: Sumo
|-damage|p2a: Sumo|42/100
|-anim|p1a: dragon ak47|Dragon Darts|p2a: Sumo
|-damage|p2a: Sumo|26/100
|move|p2a: Sumo|Ice Punch|p1a: dragon ak47
|-supereffective|p1a: dragon ak47
|-damage|p1a: dragon ak47|0 fnt
|-damage|p2a: Sumo|9/100|[from] item: Rocky Helmet|[of] p1a: dragon ak47
|faint|p1a: dragon ak47
|
|upkeep
|
|t:|1757898659
|switch|p1a: fire dog|Arcanine-Hisui, M|39/100 psn
|-damage|p1a: fire dog|14/100 psn|[from] Stealth Rock
|-ability|p1a: fire dog|Intimidate|boost
|-unboost|p2a: Sumo|atk|1
|turn|26
|
|t:|1757898667
|-end|p2a: Sumo|Quark Drive|[silent]
|switch|p2a: Turbo|Wo-Chien|23/100
|-ability|p2a: Turbo|Tablets of Ruin
|move|p1a: fire dog|Extreme Speed|p2a: Turbo
|-damage|p2a: Turbo|6/100
|
|-heal|p2a: Turbo|13/100|[from] item: Leftovers
|-damage|p1a: fire dog|1/100 psn|[from] psn
|upkeep
|turn|27
|
|t:|1757898678
|move|p2a: Turbo|Protect|p2a: Turbo
|-singleturn|p2a: Turbo|Protect
|move|p1a: fire dog|Extreme Speed|p2a: Turbo
|-activate|p2a: Turbo|move: Protect
|
|-heal|p2a: Turbo|19/100|[from] item: Leftovers
|-damage|p1a: fire dog|0 fnt|[from] psn
|faint|p1a: fire dog
|upkeep
|-message|Mimo69 forfeited.
|
|win|MasterHmdi
|raw|Mimo69's rating: 1124 &rarr; <strong>1101</strong><br />(-23 for losing)
|raw|MasterHmdi's rating: 1157 &rarr; <strong>1180</strong><br />(+23 for winning)
|l|☆Mimo69
|player|p1|
