|j|☆ScorpionLust
|j|☆Moon99.6751
|t:|1757829672
|gametype|singles
|player|p1|ScorpionLust|guitarist|1104
|player|p2|Moon99.6751|steven-masters|1108
|gen|9
|tier|[Gen 9] OU
|rated|
|rule|HP Percentage Mod: HP is shown in percentages
|rule|Endless Battle Clause: Forcing endless battles is banned
|rule|Species Clause: Limit one of each Pokémon
|rule|OHKO Clause: OHKO moves are banned
|rule|Evasion Items Clause: Evasion items are banned
|rule|Evasion Moves Clause: Evasion moves are banned
|rule|Evasion Abilities Clause: Evasion abilities are banned
|rule|Sleep Moves Clause: Sleep-inducing moves are banned
|clearpoke
|poke|p1|Staraptor, M|
|poke|p1|Maushold|
|poke|p1|Blissey, F|
|poke|p1|Ursaluna, M|
|poke|p1|Smeargle, M|
|poke|p1|Zoroark-Hisui, M|
|poke|p2|Decidueye, M|
|poke|p2|Great Tusk|
|poke|p2|Iron Moth|
|poke|p2|Kingambit, F|
|poke|p2|Zapdos|
|poke|p2|Glimmora, M|
|teampreview
|inactive|Battle timer is ON: inactive players will automatically lose when time's up. (requested by Moon99.6751)
|inactive|ScorpionLust also wants the timer to be on.
|j| CrazySerum
|
|t:|1757829690
|teamsize|p1|6
|teamsize|p2|6
|start
|switch|p1a: Smeargle|Smeargle, M|100/100
|switch|p2a: Zapdos|Zapdos|100/100
|turn|1
|
|t:|1757829699
|move|p2a: Zapdos|Thunderbolt|p1a: Smeargle
|-damage|p1a: Smeargle|12/100
|move|p1a: Smeargle|Sticky Web|p2a: Zapdos
|-sidestart|p2: Moon99.6751|move: Sticky Web
|
|upkeep
|turn|2
|
|t:|1757829707
|move|p2a: Zapdos|Thunderbolt|p1a: Smeargle
|-damage|p1a: Smeargle|0 fnt
|faint|p1a: Smeargle
|
|upkeep
|
|t:|1757829712
|switch|p1a: Ursaluna|Ursaluna, M|100/100
|turn|3
|
|t:|1757829721
|move|p2a: Zapdos|Thunderbolt|p1a: Ursaluna
|-immune|p1a: Ursaluna
|move|p1a: Ursaluna|Supercell Slam|p2a: Zapdos
|-damage|p2a: Zapdos|49/100
|
|-status|p1a: Ursaluna|brn|[from] item: Flame Orb
|upkeep
|turn|4
|
|t:|1757829731
|move|p2a: Zapdos|Thunderbolt|p1a: Ursaluna
|-immune|p1a: Ursaluna
|move|p1a: Ursaluna|Facade|p2a: Zapdos
|-damage|p2a: Zapdos|0 fnt
|faint|p2a: Zapdos
|
|-damage|p1a: Ursaluna|94/100 brn|[from] brn
|upkeep
|
|t:|1757829733
|switch|p2a: Glimmy boy|Glimmora, M, shiny|100/100
|-activate|p2a: Glimmy boy|move: Sticky Web
|-unboost|p2a: Glimmy boy|spe|1
|turn|5
|
|t:|1757829746
|move|p2a: Glimmy boy|Mortal Spin|p1a: Ursaluna
|-resisted|p1a: Ursaluna
|-crit|p1a: Ursaluna
|-damage|p1a: Ursaluna|92/100 brn
|-sideend|p2: Moon99.6751|Sticky Web|[from] move: Mortal Spin|[of] p2a: Glimmy boy
|move|p1a: Ursaluna|Earthquake|p2a: Glimmy boy
|-supereffective|p2a: Glimmy boy
|-enditem|p2a: Glimmy boy|Focus Sash
|-damage|p2a: Glimmy boy|1/100
|-activate|p2a: Glimmy boy|ability: Toxic Debris
|-sidestart|p1: ScorpionLust|move: Toxic Spikes
|
|-damage|p1a: Ursaluna|86/100 brn|[from] brn
|upkeep
|turn|6
|
|t:|1757829762
|switch|p1a: Blissey|Blissey, F|100/100
|-status|p1a: Blissey|psn
|move|p2a: Glimmy boy|Stealth Rock|p1a: Blissey
|-sidestart|p1: ScorpionLust|move: Stealth Rock
|
|-damage|p1a: Blissey|88/100 psn|[from] psn
|upkeep
|turn|7
|
|t:|1757829780
|-curestatus|p1a: Blissey|psn|[from] ability: Natural Cure
|switch|p1a: Maushold|Maushold|100/100
|-status|p1a: Maushold|psn
|-damage|p1a: Maushold|88/100 psn|[from] Stealth Rock
|move|p2a: Glimmy boy|Spikes|p1a: Maushold
|-sidestart|p1: ScorpionLust|Spikes
|
|-damage|p1a: Maushold|76/100 psn|[from] psn
|upkeep
|turn|8
|
|t:|1757829792
|move|p1a: Maushold|Tidy Up|p1a: Maushold
|-sideend|p1: ScorpionLust|Spikes
|-sideend|p1: ScorpionLust|Toxic Spikes
|-sideend|p1: ScorpionLust|Stealth Rock
|-activate|p1a: Maushold|move: Tidy Up
|-boost|p1a: Maushold|atk|1
|-boost|p1a: Maushold|spe|1
|move|p2a: Glimmy boy|Spikes|p1a: Maushold
|-sidestart|p1: ScorpionLust|Spikes
|
|-damage|p1a: Maushold|63/100 psn|[from] psn
|upkeep
|turn|9
|
|t:|1757829803
|move|p2a: Glimmy boy|Spiky Shield|p2a: Glimmy boy
|-singleturn|p2a: Glimmy boy|move: Protect
|move|p1a: Maushold|Bullet Seed|p2a: Glimmy boy
|-activate|p2a: Glimmy boy|move: Protect
|
|-damage|p1a: Maushold|51/100 psn|[from] psn
|upkeep
|turn|10
|c|☆Moon99.6751|Oh do you know how tiring it is to put all those rocks in?
|
|t:|1757829824
|move|p2a: Glimmy boy|Spiky Shield||[still]
|-fail|p2a: Glimmy boy
|move|p1a: Maushold|Bullet Seed|p2a: Glimmy boy
|-damage|p2a: Glimmy boy|0 fnt
|-activate|p2a: Glimmy boy|ability: Toxic Debris
|-sidestart|p1: ScorpionLust|move: Toxic Spikes
|faint|p2a: Glimmy boy
|-hitcount|p2: Glimmy boy|1
|
|-damage|p1a: Maushold|38/100 psn|[from] psn
|upkeep
|
|t:|1757829833
|switch|p2a: Decidueye|Decidueye, M|100/100
|turn|11
|c|☆ScorpionLust|even more annoying having to deal with them
|
|t:|1757829843
|-terastallize|p2a: Decidueye|Fairy
|move|p1a: Maushold|Bite|p2a: Decidueye
|-resisted|p2a: Decidueye
|-damage|p2a: Decidueye|77/100
|cant|p2a: Decidueye|flinch
|
|-damage|p1a: Maushold|26/100 psn|[from] psn
|upkeep
|turn|12
|
|t:|1757829853
|move|p1a: Maushold|Population Bomb|p2a: Decidueye
|-damage|p2a: Decidueye|54/100
|-damage|p2a: Decidueye|30/100
|-damage|p2a: Decidueye|6/100
|-damage|p2a: Decidueye|0 fnt
|faint|p2a: Decidueye
|-hitcount|p2: Decidueye|4
|
|-damage|p1a: Maushold|13/100 psn|[from] psn
|upkeep
|
|t:|1757829875
|switch|p2a: Kingambit|Kingambit, F|100/100
|-activate|p2a: Kingambit|ability: Supreme Overlord
|-start|p2a: Kingambit|fallen3|[silent]
|turn|13
|
|t:|1757829879
|move|p2a: Kingambit|Sucker Punch||[still]
|-fail|p2a: Kingambit
|move|p1a: Maushold|Tidy Up|p1a: Maushold
|-sideend|p1: ScorpionLust|Spikes
|-sideend|p1: ScorpionLust|Toxic Spikes
|-activate|p1a: Maushold|move: Tidy Up
|-boost|p1a: Maushold|atk|1
|-boost|p1a: Maushold|spe|1
|
|-damage|p1a: Maushold|1/100 psn|[from] psn
|upkeep
|turn|14
|
|t:|1757829889
|move|p2a: Kingambit|Sucker Punch|p1a: Maushold
|-damage|p1a: Maushold|0 fnt
|faint|p1a: Maushold
|
|upkeep
|
|t:|1757829894
|switch|p1a: Blissey|Blissey, F|88/100
|turn|15
|
|t:|1757829897
|move|p1a: Blissey|Thunder Wave|p2a: Kingambit
|-status|p2a: Kingambit|par
|cant|p2a: Kingambit|par
|
|-heal|p1a: Blissey|94/100|[from] item: Leftovers
|upkeep
|turn|16
|
|t:|1757829905
|move|p1a: Blissey|Stealth Rock|p2a: Kingambit
|-sidestart|p2: Moon99.6751|move: Stealth Rock
|cant|p2a: Kingambit|par
|
|-heal|p1a: Blissey|99/100|[from] item: Leftovers
|upkeep
|turn|17
|
|t:|1757829912
|move|p1a: Blissey|Seismic Toss|p2a: Kingambit
|-damage|p2a: Kingambit|76/100 par
|cant|p2a: Kingambit|par
|
|-heal|p1a: Blissey|100/100|[from] item: Leftovers
|upkeep
|turn|18
|
|t:|1757829922
|move|p1a: Blissey|Seismic Toss|p2a: Kingambit
|-damage|p2a: Kingambit|51/100 par
|move|p2a: Kingambit|Brick Break|p1a: Blissey
|-supereffective|p1a: Blissey
|-damage|p1a: Blissey|31/100
|
|-heal|p1a: Blissey|37/100|[from] item: Leftovers
|upkeep
|turn|19
|
|t:|1757829931
|move|p2a: Kingambit|Sucker Punch|p1a: Blissey
|-damage|p1a: Blissey|0 fnt
|faint|p1a: Blissey
|
|upkeep
|
|t:|1757829936
|switch|p1a: Ursaluna|Ursaluna, M|86/100 brn
|turn|20
|
|t:|1757829940
|move|p2a: Kingambit|Sucker Punch|p1a: Ursaluna
|-damage|p1a: Ursaluna|40/100 brn
|move|p1a: Ursaluna|Earthquake|p2a: Kingambit
|-supereffective|p2a: Kingambit
|-damage|p2a: Kingambit|0 fnt
|faint|p2a: Kingambit
|-end|p2a: Kingambit|fallen3|[silent]
|
|-damage|p1a: Ursaluna|34/100 brn|[from] brn
|upkeep
|
|t:|1757829943
|switch|p2a: Iron Moth|Iron Moth|100/100
|-damage|p2a: Iron Moth|76/100|[from] Stealth Rock
|-enditem|p2a: Iron Moth|Booster Energy
|-activate|p2a: Iron Moth|ability: Quark Drive|[fromitem]
|-start|p2a: Iron Moth|quarkdrivespa
|turn|21
|
|t:|1757829956
|move|p2a: Iron Moth|Energy Ball|p1a: Ursaluna
|-supereffective|p1a: Ursaluna
|-damage|p1a: Ursaluna|0 fnt
|faint|p1a: Ursaluna
|
|upkeep
|
|t:|1757829961
|switch|p1a: Staraptor|Staraptor, M|100/100
|turn|22
|
|t:|1757829968
|move|p1a: Staraptor|Brave Bird|p2a: Iron Moth
|-damage|p2a: Iron Moth|0 fnt
|faint|p2a: Iron Moth
|-end|p2a: Iron Moth|Quark Drive|[silent]
|-damage|p1a: Staraptor|76/100|[from] Recoil
|
|upkeep
|
|t:|1757829972
|switch|p2a: Great Tusk|Great Tusk|100/100
|-damage|p2a: Great Tusk|98/100|[from] Stealth Rock
|turn|23
|
|t:|1757829978
|move|p1a: Staraptor|Brave Bird|p2a: Great Tusk
|-supereffective|p2a: Great Tusk
|-damage|p2a: Great Tusk|0 fnt
|faint|p2a: Great Tusk
|-end|p2a: Great Tusk|Protosynthesis|[silent]
|-damage|p1a: Staraptor|38/100|[from] Recoil
|
|win|ScorpionLust
|raw|ScorpionLust's rating: 1104 &rarr; <strong>1129</strong><br />(+25 for winning)
|raw|Moon99.6751's rating: 1108 &rarr; <strong>1083</strong><br />(-25 for losing)
|c|☆Moon99.6751|Gg
|c|☆ScorpionLust|gg
|l| CrazySerum
|l|☆Moon99.6751
|player|p2|
|l|☆ScorpionLust
|player|p1|
