|j|☆Shadomon
|j|☆MedichamEnthusiast
|t:|1757942745
|gametype|singles
|player|p1|Shadomon|102|1187
|player|p2|MedichamEnthusiast|101|1215
|gen|9
|tier|[Gen 9] OU
|rated|
|rule|HP Percentage Mod: HP is shown in percentages
|rule|Endless Battle Clause: Forcing endless battles is banned
|rule|Species Clause: Limit one of each Pokémon
|rule|OHKO Clause: OHKO moves are banned
|rule|Evasion Items Clause: Evasion items are banned
|rule|Evasion Moves Clause: Evasion moves are banned
|rule|Evasion Abilities Clause: Evasion abilities are banned
|rule|Sleep Moves Clause: Sleep-inducing moves are banned
|clearpoke
|poke|p1|Iron Valiant|
|poke|p1|Garchomp, M|
|poke|p1|Scizor, M|
|poke|p1|Meowscarada, M|
|poke|p1|Iron Moth|
|poke|p1|Samurott-Hisui, M|
|poke|p2|Jirachi|
|poke|p2|Pecharunt|
|poke|p2|Volcanion|
|poke|p2|Deoxys-Speed|
|poke|p2|Meloetta|
|poke|p2|Zarude|
|teampreview
|inactive|Battle timer is ON: inactive players will automatically lose when time's up. (requested by Shadomon)
|c|☆Shadomon|full mythical nice
|
|t:|1757942759
|teamsize|p1|6
|teamsize|p2|6
|start
|switch|p1a: Darkmuron|Samurott-Hisui, M|100/100
|switch|p2a: Meloetta|Meloetta|100/100
|turn|1
|
|t:|1757942766
|move|p1a: Darkmuron|Ceaseless Edge|p2a: Meloetta
|-supereffective|p2a: Meloetta
|-damage|p2a: Meloetta|0 fnt
|-sidestart|p2: MedichamEnthusiast|Spikes
|faint|p2a: Meloetta
|
|upkeep
|
|t:|1757942774
|switch|p2a: Zarude|Zarude|100/100
|-damage|p2a: Zarude|88/100|[from] Spikes
|turn|2
|
|t:|1757942780
|switch|p1a: Slasher|Scizor, M|100/100
|move|p2a: Zarude|Seed Bomb|p1a: Slasher
|-resisted|p1a: Slasher
|-damage|p1a: Slasher|91/100
|
|upkeep
|turn|3
|
|t:|1757942789
|move|p2a: Zarude|U-turn|p1a: Slasher
|-resisted|p1a: Slasher
|-damage|p1a: Slasher|80/100
|
|t:|1757942796
|switch|p2a: Volcanion|Volcanion|100/100|[from] U-turn
|-damage|p2a: Volcanion|88/100|[from] Spikes
|move|p1a: Slasher|Lunge|p2a: Volcanion
|-resisted|p2a: Volcanion
|-damage|p2a: Volcanion|69/100
|-unboost|p2a: Volcanion|atk|1
|
|upkeep
|turn|4
|
|t:|1757942812
|switch|p1a: Darkmuron|Samurott-Hisui, M|100/100
|move|p2a: Volcanion|Steam Eruption|p1a: Darkmuron
|-resisted|p1a: Darkmuron
|-damage|p1a: Darkmuron|26/100
|-status|p1a: Darkmuron|brn
|
|-damage|p1a: Darkmuron|20/100 brn|[from] brn
|upkeep
|turn|5
|
|t:|1757942817
|move|p1a: Darkmuron|Ceaseless Edge|p2a: Volcanion
|-crit|p2a: Volcanion
|-damage|p2a: Volcanion|41/100
|-sidestart|p2: MedichamEnthusiast|Spikes
|move|p2a: Volcanion|Steam Eruption|p1a: Darkmuron
|-resisted|p1a: Darkmuron
|-damage|p1a: Darkmuron|0 fnt
|faint|p1a: Darkmuron
|
|upkeep
|
|t:|1757942824
|switch|p1a: Earak|Garchomp, M|100/100
|turn|6
|
|t:|1757942829
|move|p1a: Earak|Scale Shot|p2a: Volcanion
|-damage|p2a: Volcanion|29/100
|-damage|p2a: Volcanion|18/100
|-damage|p2a: Volcanion|7/100
|-damage|p2a: Volcanion|0 fnt
|faint|p2a: Volcanion
|-hitcount|p2: Volcanion|4
|-unboost|p1a: Earak|def|1
|-boost|p1a: Earak|spe|1
|
|upkeep
|
|t:|1757942833
|switch|p2a: Zarude|Zarude|88/100
|-damage|p2a: Zarude|72/100|[from] Spikes
|turn|7
|
|t:|1757942848
|switch|p1a: Feuillix|Meowscarada, M|100/100
|move|p2a: Zarude|Seed Bomb|p1a: Feuillix
|-resisted|p1a: Feuillix
|-damage|p1a: Feuillix|70/100
|
|upkeep
|turn|8
|
|t:|1757942855
|switch|p2a: Pecharunt|Pecharunt|100/100
|-damage|p2a: Pecharunt|84/100|[from] Spikes
|move|p1a: Feuillix|U-turn|p2a: Pecharunt
|-start|p1a: Feuillix|typechange|Bug|[from] ability: Protean
|-resisted|p2a: Pecharunt
|-damage|p2a: Pecharunt|79/100
|-damage|p1a: Feuillix|60/100|[from] item: Life Orb
|
|t:|1757942859
|switch|p1a: Slasher|Scizor, M|80/100|[from] U-turn
|
|-heal|p2a: Pecharunt|85/100|[from] item: Leftovers
|upkeep
|turn|9
|
|t:|1757942874
|move|p2a: Pecharunt|Malignant Chain|p1a: Slasher
|-immune|p1a: Slasher
|move|p1a: Slasher|Knock Off|p2a: Pecharunt
|-supereffective|p2a: Pecharunt
|-damage|p2a: Pecharunt|47/100
|-enditem|p2a: Pecharunt|Leftovers|[from] move: Knock Off|[of] p1a: Slasher
|
|upkeep
|turn|10
|c|☆Shadomon|im a steel type
|
|t:|1757942885
|move|p2a: Pecharunt|Hex|p1a: Slasher
|-damage|p1a: Slasher|61/100
|move|p1a: Slasher|Knock Off|p2a: Pecharunt
|-supereffective|p2a: Pecharunt
|-damage|p2a: Pecharunt|23/100
|
|upkeep
|turn|11
|
|t:|1757942897
|switch|p2a: Deoxys|Deoxys-Speed|100/100
|-damage|p2a: Deoxys|84/100|[from] Spikes
|-ability|p2a: Deoxys|Pressure
|move|p1a: Slasher|Knock Off|p2a: Deoxys
|-supereffective|p2a: Deoxys
|-crit|p2a: Deoxys
|-damage|p2a: Deoxys|0 fnt
|-enditem|p2a: Deoxys|Power Herb|[from] move: Knock Off|[of] p1a: Slasher
|faint|p2a: Deoxys
|
|upkeep
|-message|MedichamEnthusiast forfeited.
|
|win|Shadomon
|raw|Shadomon's rating: 1187 &rarr; <strong>1214</strong><br />(+27 for winning)
|raw|MedichamEnthusiast's rating: 1215 &rarr; <strong>1188</strong><br />(-27 for losing)
|l|☆Shadomon
|player|p1|
