|j|☆ollybomb
|j|☆tommy1928
|t:|1757822967
|gametype|singles
|player|p1|ollybomb|cress|1623
|player|p2|tommy1928|101|1636
|gen|9
|tier|[Gen 9] OU
|rated|
|rule|HP Percentage Mod: HP is shown in percentages
|rule|Endless Battle Clause: Forcing endless battles is banned
|rule|Species Clause: Limit one of each Pokémon
|rule|OHKO Clause: OHKO moves are banned
|rule|Evasion Items Clause: Evasion items are banned
|rule|Evasion Moves Clause: Evasion moves are banned
|rule|Evasion Abilities Clause: Evasion abilities are banned
|rule|Sleep Moves Clause: Sleep-inducing moves are banned
|clearpoke
|poke|p1|Ribombee, F|
|poke|p1|Gholdengo|
|poke|p1|Landorus-Therian, M|
|poke|p1|Manaphy|
|poke|p1|Iron Valiant|
|poke|p1|Iron Moth|
|poke|p2|Torkoal, F|
|poke|p2|Ceruledge, M|
|poke|p2|Raging Bolt|
|poke|p2|Great Tusk|
|poke|p2|Walking Wake|
|poke|p2|Alomomola, F|
|teampreview
|inactive|Battle timer is ON: inactive players will automatically lose when time's up. (requested by tommy1928)
|inactive|ollybomb has 120 seconds left.
|j| LuLuNaNaRaRa
|
|t:|1757823043
|teamsize|p1|6
|teamsize|p2|6
|start
|switch|p1a: Landorus|Landorus-Therian, M|100/100
|switch|p2a: Torkoal|Torkoal, F, shiny|100/100
|-ability|p1a: Landorus|Intimidate|boost
|-unboost|p2a: Torkoal|atk|1
|-weather|SunnyDay|[from] ability: Drought|[of] p2a: Torkoal
|turn|1
|
|t:|1757823051
|switch|p2a: Great Tusk|Great Tusk|100/100
|-activate|p2a: Great Tusk|ability: Protosynthesis
|-start|p2a: Great Tusk|protosynthesisdef
|move|p1a: Landorus|Earthquake|p2a: Great Tusk
|-damage|p2a: Great Tusk|75/100
|
|-weather|SunnyDay|[upkeep]
|upkeep
|turn|2
|
|t:|1757823056
|switch|p1a: Ribombee|Ribombee, F|100/100
|move|p2a: Great Tusk|Knock Off|p1a: Ribombee
|-resisted|p1a: Ribombee
|-damage|p1a: Ribombee|74/100
|-enditem|p1a: Ribombee|Focus Sash|[from] move: Knock Off|[of] p2a: Great Tusk
|
|-weather|SunnyDay|[upkeep]
|upkeep
|turn|3
|
|t:|1757823066
|-end|p2a: Great Tusk|Protosynthesis|[silent]
|switch|p2a: Torkoal|Torkoal, F, shiny|100/100
|move|p1a: Ribombee|Stun Spore|p2a: Torkoal
|-status|p2a: Torkoal|par
|
|-weather|SunnyDay|[upkeep]
|upkeep
|turn|4
|
|t:|1757823075
|move|p1a: Ribombee|Sticky Web|p2a: Torkoal
|-sidestart|p2: tommy1928|move: Sticky Web
|cant|p2a: Torkoal|par
|
|-weather|SunnyDay|[upkeep]
|upkeep
|turn|5
|
|t:|1757823084
|switch|p1a: Gholdengo|Gholdengo|100/100
|-item|p1a: Gholdengo|Air Balloon
|cant|p2a: Torkoal|par
|
|-weather|SunnyDay|[upkeep]
|upkeep
|turn|6
|
|t:|1757823087
|move|p1a: Gholdengo|Shadow Ball|p2a: Torkoal
|-damage|p2a: Torkoal|62/100 par
|move|p2a: Torkoal|Overheat|p1a: Gholdengo
|-supereffective|p1a: Gholdengo
|-damage|p1a: Gholdengo|0 fnt
|-unboost|p2a: Torkoal|spa|2
|-enditem|p1a: Gholdengo|Air Balloon
|faint|p1a: Gholdengo
|
|-weather|SunnyDay|[upkeep]
|upkeep
|
|t:|1757823097
|switch|p1a: Landorus|Landorus-Therian, M|100/100
|-ability|p1a: Landorus|Intimidate|boost
|-unboost|p2a: Torkoal|atk|1
|turn|7
|
|t:|1757823106
|switch|p2a: Ceruledge|Ceruledge, M|100/100
|-item|p2a: Ceruledge|Air Balloon
|move|p1a: Landorus|Earthquake|p2a: Ceruledge
|-immune|p2a: Ceruledge
|
|-weather|SunnyDay|[upkeep]
|upkeep
|turn|8
|inactive|ollybomb has 120 seconds left.
|
|t:|1757823137
|switch|p1a: Ribombee|Ribombee, F|74/100
|move|p2a: Ceruledge|Swords Dance|p2a: Ceruledge
|-boost|p2a: Ceruledge|atk|2
|
|-weather|none
|upkeep
|turn|9
|
|t:|1757823145
|move|p1a: Ribombee|Psychic Noise|p2a: Ceruledge
|-damage|p2a: Ceruledge|78/100
|-start|p2a: Ceruledge|move: Heal Block
|-enditem|p2a: Ceruledge|Air Balloon
|cant|p2a: Ceruledge|move: Heal Block|Bitter Blade
|
|upkeep
|turn|10
|
|t:|1757823157
|move|p1a: Ribombee|Stun Spore|p2a: Ceruledge
|-status|p2a: Ceruledge|par
|cant|p2a: Ceruledge|par
|
|-end|p2a: Ceruledge|move: Heal Block
|upkeep
|turn|11
|
|t:|1757823162
|move|p1a: Ribombee|Psychic Noise|p2a: Ceruledge
|-damage|p2a: Ceruledge|57/100 par
|-start|p2a: Ceruledge|move: Heal Block
|move|p2a: Ceruledge|Poltergeist||[still]
|-fail|p2a: Ceruledge
|
|upkeep
|turn|12
|j| JoseJuanGarcia
|
|t:|1757823167
|move|p1a: Ribombee|Moonblast|p2a: Ceruledge
|-resisted|p2a: Ceruledge
|-damage|p2a: Ceruledge|37/100 par
|move|p2a: Ceruledge|Close Combat|p1a: Ribombee
|-resisted|p1a: Ribombee
|-damage|p1a: Ribombee|27/100
|-unboost|p2a: Ceruledge|def|1
|-unboost|p2a: Ceruledge|spd|1
|
|-end|p2a: Ceruledge|move: Heal Block
|upkeep
|turn|13
|l| JoseJuanGarcia
|
|t:|1757823174
|move|p1a: Ribombee|Psychic Noise|p2a: Ceruledge
|-damage|p2a: Ceruledge|2/100 par
|-start|p2a: Ceruledge|move: Heal Block
|move|p2a: Ceruledge|Close Combat|p1a: Ribombee
|-resisted|p1a: Ribombee
|-damage|p1a: Ribombee|0 fnt
|-unboost|p2a: Ceruledge|def|1
|-unboost|p2a: Ceruledge|spd|1
|faint|p1a: Ribombee
|
|upkeep
|
|t:|1757823185
|switch|p1a: Iron Moth|Iron Moth|100/100
|-enditem|p1a: Iron Moth|Booster Energy
|-activate|p1a: Iron Moth|ability: Quark Drive|[fromitem]
|-start|p1a: Iron Moth|quarkdrivespa
|turn|14
|
|t:|1757823192
|move|p1a: Iron Moth|Sludge Wave|p2a: Ceruledge
|-resisted|p2a: Ceruledge
|-damage|p2a: Ceruledge|0 fnt
|faint|p2a: Ceruledge
|
|upkeep
|
|t:|1757823198
|switch|p2a: Alomomola|Alomomola, F|100/100
|-activate|p2a: Alomomola|move: Sticky Web
|-unboost|p2a: Alomomola|spe|1
|turn|15
|
|t:|1757823208
|-terastallize|p1a: Iron Moth|Ghost
|move|p1a: Iron Moth|Substitute|p1a: Iron Moth
|-start|p1a: Iron Moth|Substitute
|-damage|p1a: Iron Moth|76/100
|move|p2a: Alomomola|Flip Turn|p1a: Iron Moth
|-end|p1a: Iron Moth|Substitute
|inactive|tommy1928 has 120 seconds left.
|
|t:|1757823243
|switch|p2a: Walking Wake|Walking Wake|100/100|[from] Flip Turn
|-activate|p2a: Walking Wake|move: Sticky Web
|-unboost|p2a: Walking Wake|spe|1
|
|upkeep
|turn|16
|inactive|ollybomb has 120 seconds left.
|
|t:|1757823278
|-end|p1a: Iron Moth|Quark Drive|[silent]
|switch|p1a: Manaphy|Manaphy|100/100
|move|p2a: Walking Wake|Hydro Steam|p1a: Manaphy
|-resisted|p1a: Manaphy
|-damage|p1a: Manaphy|76/100
|-damage|p2a: Walking Wake|91/100|[from] item: Life Orb
|
|-heal|p1a: Manaphy|82/100|[from] item: Leftovers
|upkeep
|turn|17
|
|t:|1757823292
|-end|p2a: Walking Wake|Protosynthesis|[silent]
|switch|p2a: Raging Bolt|Raging Bolt|100/100
|-activate|p2a: Raging Bolt|move: Sticky Web
|-unboost|p2a: Raging Bolt|spe|1
|move|p1a: Manaphy|Alluring Voice|p2a: Raging Bolt
|-supereffective|p2a: Raging Bolt
|-damage|p2a: Raging Bolt|65/100
|
|-heal|p1a: Manaphy|88/100|[from] item: Leftovers
|-heal|p2a: Raging Bolt|71/100|[from] item: Leftovers
|upkeep
|turn|18
|inactive|ollybomb has 120 seconds left.
|
|t:|1757823312
|switch|p1a: Landorus|Landorus-Therian, M|100/100
|-ability|p1a: Landorus|Intimidate|boost
|-unboost|p2a: Raging Bolt|atk|1
|-terastallize|p2a: Raging Bolt|Bug
|move|p2a: Raging Bolt|Substitute|p2a: Raging Bolt
|-start|p2a: Raging Bolt|Substitute
|-damage|p2a: Raging Bolt|46/100
|
|-heal|p2a: Raging Bolt|52/100|[from] item: Leftovers
|upkeep
|turn|19
|
|t:|1757823315
|move|p1a: Landorus|Smack Down|p2a: Raging Bolt
|-supereffective|p2a: Raging Bolt
|-activate|p2a: Raging Bolt|move: Substitute|[damage]
|move|p2a: Raging Bolt|Calm Mind|p2a: Raging Bolt
|-boost|p2a: Raging Bolt|spa|1
|-boost|p2a: Raging Bolt|spd|1
|
|-heal|p2a: Raging Bolt|58/100|[from] item: Leftovers
|upkeep
|turn|20
|
|t:|1757823324
|move|p1a: Landorus|Smack Down|p2a: Raging Bolt
|-supereffective|p2a: Raging Bolt
|-end|p2a: Raging Bolt|Substitute
|move|p2a: Raging Bolt|Substitute|p2a: Raging Bolt
|-start|p2a: Raging Bolt|Substitute
|-damage|p2a: Raging Bolt|34/100
|
|-heal|p2a: Raging Bolt|40/100|[from] item: Leftovers
|upkeep
|turn|21
|
|t:|1757823332
|switch|p1a: Iron Moth|Iron Moth, tera:Ghost|76/100
|move|p2a: Raging Bolt|Calm Mind|p2a: Raging Bolt
|-boost|p2a: Raging Bolt|spa|1
|-boost|p2a: Raging Bolt|spd|1
|
|-heal|p2a: Raging Bolt|46/100|[from] item: Leftovers
|upkeep
|turn|22
|
|t:|1757823345
|move|p1a: Iron Moth|Substitute|p1a: Iron Moth
|-start|p1a: Iron Moth|Substitute
|-damage|p1a: Iron Moth|51/100
|move|p2a: Raging Bolt|Discharge|p1a: Iron Moth
|-end|p1a: Iron Moth|Substitute
|
|-heal|p2a: Raging Bolt|52/100|[from] item: Leftovers
|upkeep
|turn|23
|
|t:|1757823348
|move|p1a: Iron Moth|Fiery Dance|p2a: Raging Bolt
|-supereffective|p2a: Raging Bolt
|-end|p2a: Raging Bolt|Substitute
|-boost|p1a: Iron Moth|spa|1
|move|p2a: Raging Bolt|Discharge|p1a: Iron Moth
|-crit|p1a: Iron Moth
|-damage|p1a: Iron Moth|0 fnt
|faint|p1a: Iron Moth
|-end|p1a: Iron Moth|Quark Drive|[silent]
|
|-heal|p2a: Raging Bolt|58/100|[from] item: Leftovers
|upkeep
|
|t:|1757823351
|switch|p1a: Landorus|Landorus-Therian, M|100/100
|-ability|p1a: Landorus|Intimidate|boost
|-unboost|p2a: Raging Bolt|atk|1
|turn|24
|
|t:|1757823356
|move|p1a: Landorus|Swords Dance|p1a: Landorus
|-boost|p1a: Landorus|atk|2
|move|p2a: Raging Bolt|Substitute|p2a: Raging Bolt
|-start|p2a: Raging Bolt|Substitute
|-damage|p2a: Raging Bolt|33/100
|
|-heal|p2a: Raging Bolt|39/100|[from] item: Leftovers
|upkeep
|turn|25
|
|t:|1757823359
|move|p1a: Landorus|Smack Down|p2a: Raging Bolt
|-supereffective|p2a: Raging Bolt
|-end|p2a: Raging Bolt|Substitute
|move|p2a: Raging Bolt|Dragon Pulse|p1a: Landorus
|-damage|p1a: Landorus|6/100
|
|-heal|p2a: Raging Bolt|46/100|[from] item: Leftovers
|upkeep
|turn|26
|
|t:|1757823366
|move|p1a: Landorus|Smack Down|p2a: Raging Bolt
|-supereffective|p2a: Raging Bolt
|-damage|p2a: Raging Bolt|6/100
|move|p2a: Raging Bolt|Dragon Pulse|p1a: Landorus
|-damage|p1a: Landorus|0 fnt
|faint|p1a: Landorus
|
|-heal|p2a: Raging Bolt|12/100|[from] item: Leftovers
|upkeep
|
|t:|1757823375
|switch|p1a: Manaphy|Manaphy|88/100
|turn|27
|
|t:|1757823377
|move|p1a: Manaphy|Surf|p2a: Raging Bolt
|-damage|p2a: Raging Bolt|0 fnt
|faint|p2a: Raging Bolt
|-end|p2a: Raging Bolt|Protosynthesis|[silent]
|
|-heal|p1a: Manaphy|95/100|[from] item: Leftovers
|upkeep
|
|t:|1757823389
|switch|p2a: Torkoal|Torkoal, F, shiny|62/100 par
|-activate|p2a: Torkoal|move: Sticky Web
|-unboost|p2a: Torkoal|spe|1
|-weather|SunnyDay|[from] ability: Drought|[of] p2a: Torkoal
|turn|28
|
|t:|1757823401
|move|p1a: Manaphy|Tail Glow|p1a: Manaphy
|-boost|p1a: Manaphy|spa|3
|move|p2a: Torkoal|Rapid Spin|p1a: Manaphy
|-damage|p1a: Manaphy|85/100
|-boost|p2a: Torkoal|spe|1
|-sideend|p2: tommy1928|Sticky Web|[from] move: Rapid Spin|[of] p2a: Torkoal
|
|-weather|SunnyDay|[upkeep]
|-heal|p1a: Manaphy|91/100|[from] item: Leftovers
|upkeep
|turn|29
|
|t:|1757823412
|switch|p2a: Alomomola|Alomomola, F|100/100
|move|p1a: Manaphy|Surf|p2a: Alomomola
|-resisted|p2a: Alomomola
|-damage|p2a: Alomomola|88/100
|
|-weather|SunnyDay|[upkeep]
|-heal|p1a: Manaphy|98/100|[from] item: Leftovers
|upkeep
|turn|30
|
|t:|1757823418
|move|p1a: Manaphy|Tail Glow|p1a: Manaphy
|-boost|p1a: Manaphy|spa|3
|move|p2a: Alomomola|Play Rough|p1a: Manaphy
|-damage|p1a: Manaphy|80/100
|
|-weather|SunnyDay|[upkeep]
|-heal|p1a: Manaphy|86/100|[from] item: Leftovers
|upkeep
|turn|31
|
|t:|1757823423
|move|p1a: Manaphy|Alluring Voice|p2a: Alomomola
|-damage|p2a: Alomomola|43/100
|move|p2a: Alomomola|Mirror Coat|p1a: Manaphy
|-damage|p1a: Manaphy|0 fnt
|faint|p1a: Manaphy
|
|-weather|SunnyDay|[upkeep]
|upkeep
|
|t:|1757823428
|switch|p1a: Iron Valiant|Iron Valiant|100/100
|-enditem|p1a: Iron Valiant|Booster Energy
|-activate|p1a: Iron Valiant|ability: Quark Drive|[fromitem]
|-start|p1a: Iron Valiant|quarkdrivespa
|turn|32
|
|t:|1757823432
|move|p1a: Iron Valiant|Calm Mind|p1a: Iron Valiant
|-boost|p1a: Iron Valiant|spa|1
|-boost|p1a: Iron Valiant|spd|1
|move|p2a: Alomomola|Flip Turn|p1a: Iron Valiant
|-damage|p1a: Iron Valiant|90/100
|
|t:|1757823435
|switch|p2a: Walking Wake|Walking Wake|91/100|[from] Flip Turn
|-activate|p2a: Walking Wake|ability: Protosynthesis
|-start|p2a: Walking Wake|protosynthesisspe
|
|-weather|SunnyDay|[upkeep]
|upkeep
|turn|33
|
|t:|1757823438
|move|p2a: Walking Wake|Hydro Steam|p1a: Iron Valiant
|-damage|p1a: Iron Valiant|2/100
|-damage|p2a: Walking Wake|81/100|[from] item: Life Orb
|move|p1a: Iron Valiant|Moonblast|p2a: Walking Wake
|-supereffective|p2a: Walking Wake
|-damage|p2a: Walking Wake|0 fnt
|faint|p2a: Walking Wake
|-end|p2a: Walking Wake|Protosynthesis|[silent]
|
|-weather|SunnyDay|[upkeep]
|upkeep
|
|t:|1757823443
|switch|p2a: Alomomola|Alomomola, F|77/100
|turn|34
|
|t:|1757823447
|move|p1a: Iron Valiant|Moonblast|p2a: Alomomola
|-damage|p2a: Alomomola|31/100
|-unboost|p2a: Alomomola|spa|1
|move|p2a: Alomomola|Play Rough|p1a: Iron Valiant
|-supereffective|p1a: Iron Valiant
|-damage|p1a: Iron Valiant|0 fnt
|faint|p1a: Iron Valiant
|-end|p1a: Iron Valiant|Quark Drive|[silent]
|
|win|tommy1928
|raw|ollybomb's rating: 1623 &rarr; <strong>1604</strong><br />(-19 for losing)
|raw|tommy1928's rating: 1636 &rarr; <strong>1655</strong><br />(+19 for winning)
|l|☆ollybomb
|player|p1|
