|j|☆Joao v9898
|j|☆driderwebs
|t:|1757896197
|gametype|singles
|player|p1|Joao v9898|hilbert|1608
|player|p2|driderwebs|102|1564
|gen|9
|tier|[Gen 9] OU
|rated|
|rule|HP Percentage Mod: HP is shown in percentages
|rule|Endless Battle Clause: Forcing endless battles is banned
|rule|Species Clause: Limit one of each Pokémon
|rule|OHKO Clause: OHKO moves are banned
|rule|Evasion Items Clause: Evasion items are banned
|rule|Evasion Moves Clause: Evasion moves are banned
|rule|Evasion Abilities Clause: Evasion abilities are banned
|rule|Sleep Moves Clause: Sleep-inducing moves are banned
|clearpoke
|poke|p1|Cresselia, F|
|poke|p1|Hatterene, F|
|poke|p1|Diancie|
|poke|p1|Torkoal, M|
|poke|p1|Ursaluna, M|
|poke|p1|Cinderace, M|
|poke|p2|Iron Valiant|
|poke|p2|Garganacl, M|
|poke|p2|Moltres|
|poke|p2|Iron Treads|
|poke|p2|Meowscarada, M|
|poke|p2|Araquanid, F|
|teampreview
|inactive|Battle timer is ON: inactive players will automatically lose when time's up. (requested by Joao v9898)
|
|t:|1757896205
|teamsize|p1|6
|teamsize|p2|6
|start
|switch|p1a: Hatterene|Hatterene, F|100/100
|switch|p2a: Meowscarada|Meowscarada, M|100/100
|turn|1
|
|t:|1757896209
|move|p2a: Meowscarada|U-turn|p1a: Hatterene
|-start|p2a: Meowscarada|typechange|Bug|[from] ability: Protean
|-damage|p1a: Hatterene|41/100
|
|t:|1757896215
|switch|p2a: Araquanid|Araquanid, F|100/100|[from] U-turn
|move|p1a: Hatterene|Trick Room|p1a: Hatterene
|-fieldstart|move: Trick Room|[of] p1a: Hatterene
|
|upkeep
|turn|2
|
|t:|1757896219
|move|p1a: Hatterene|Misty Explosion|p2a: Araquanid
|-damage|p2a: Araquanid|69/100
|faint|p1a: Hatterene
|move|p2a: Araquanid|Leech Life|p1: Hatterene|[notarget]
|-fail|p2a: Araquanid
|
|upkeep
|
|t:|1757896230
|switch|p1a: Torkoal|Torkoal, M|100/100
|-weather|SunnyDay|[from] ability: Drought|[of] p1a: Torkoal
|turn|3
|
|t:|1757896242
|move|p1a: Torkoal|Eruption|p2a: Araquanid
|-damage|p2a: Araquanid|30/100
|move|p2a: Araquanid|Liquidation|p1a: Torkoal
|-supereffective|p1a: Torkoal
|-damage|p1a: Torkoal|53/100
|
|-weather|SunnyDay|[upkeep]
|upkeep
|turn|4
|
|t:|1757896249
|switch|p1a: Ursaluna|Ursaluna, M|100/100
|move|p2a: Araquanid|Liquidation|p1a: Ursaluna
|-supereffective|p1a: Ursaluna
|-damage|p1a: Ursaluna|54/100
|-unboost|p1a: Ursaluna|def|1
|
|-weather|SunnyDay|[upkeep]
|-status|p1a: Ursaluna|brn|[from] item: Flame Orb
|upkeep
|turn|5
|
|t:|1757896252
|move|p2a: Araquanid|Liquidation|p1a: Ursaluna
|-supereffective|p1a: Ursaluna
|-crit|p1a: Ursaluna
|-damage|p1a: Ursaluna|0 fnt
|faint|p1a: Ursaluna
|
|-weather|SunnyDay|[upkeep]
|-fieldend|move: Trick Room
|upkeep
|c|☆Joao v9898|assault vest
|
|t:|1757896267
|switch|p1a: Cinderace|Cinderace, M|100/100
|turn|6
|
|t:|1757896271
|switch|p2a: Garganacl|Garganacl, M|100/100
|move|p1a: Cinderace|Pyro Ball|p2a: Garganacl
|-resisted|p2a: Garganacl
|-damage|p2a: Garganacl|80/100
|
|-weather|SunnyDay|[upkeep]
|-heal|p2a: Garganacl|86/100|[from] item: Leftovers
|upkeep
|turn|7
|
|t:|1757896283
|move|p1a: Cinderace|High Jump Kick|p2a: Garganacl
|-start|p1a: Cinderace|typechange|Fighting|[from] ability: Libero
|-supereffective|p2a: Garganacl
|-damage|p2a: Garganacl|25/100
|move|p2a: Garganacl|Salt Cure|p1a: Cinderace
|-resisted|p1a: Cinderace
|-damage|p1a: Cinderace|90/100
|-start|p1a: Cinderace|Salt Cure
|
|-weather|none
|-heal|p2a: Garganacl|31/100|[from] item: Leftovers
|-damage|p1a: Cinderace|78/100|[from] Salt Cure
|upkeep
|turn|8
|
|t:|1757896293
|move|p2a: Garganacl|Protect|p2a: Garganacl
|-singleturn|p2a: Garganacl|Protect
|move|p1a: Cinderace|Pyro Ball|p2a: Garganacl
|-activate|p2a: Garganacl|move: Protect
|
|-heal|p2a: Garganacl|37/100|[from] item: Leftovers
|-damage|p1a: Cinderace|65/100|[from] Salt Cure
|upkeep
|turn|9
|
|t:|1757896302
|switch|p2a: Moltres|Moltres|100/100
|move|p1a: Cinderace|High Jump Kick|p2a: Moltres
|-resisted|p2a: Moltres
|-damage|p2a: Moltres|68/100
|-status|p1a: Cinderace|brn|[from] ability: Flame Body|[of] p2a: Moltres
|
|-damage|p1a: Cinderace|59/100 brn|[from] brn
|-damage|p1a: Cinderace|47/100 brn|[from] Salt Cure
|upkeep
|turn|10
|
|t:|1757896307
|switch|p1a: Cresselia|Cresselia, F|100/100
|move|p2a: Moltres|Roost|p2a: Moltres
|-heal|p2a: Moltres|100/100
|-singleturn|p2a: Moltres|move: Roost
|
|upkeep
|turn|11
|
|t:|1757896311
|move|p2a: Moltres|U-turn|p1a: Cresselia
|-supereffective|p1a: Cresselia
|-damage|p1a: Cresselia|87/100
|
|t:|1757896314
|switch|p2a: Araquanid|Araquanid, F|30/100|[from] U-turn
|move|p1a: Cresselia|Trick Room|p1a: Cresselia
|-fieldstart|move: Trick Room|[of] p1a: Cresselia
|
|upkeep
|turn|12
|
|t:|1757896319
|move|p2a: Araquanid|Leech Life|p1a: Cresselia
|-supereffective|p1a: Cresselia
|-damage|p1a: Cresselia|54/100
|-heal|p2a: Araquanid|51/100|[from] drain|[of] p1a: Cresselia
|move|p1a: Cresselia|Lunar Dance|p1a: Cresselia
|faint|p1a: Cresselia
|
|upkeep
|
|t:|1757896323
|switch|p1a: Torkoal|Torkoal, M|53/100
|-heal|p1a: Torkoal|100/100|[from] move: Lunar Dance
|-weather|SunnyDay|[from] ability: Drought|[of] p1a: Torkoal
|turn|13
|
|t:|1757896336
|-terastallize|p1a: Torkoal|Fire
|move|p1a: Torkoal|Eruption|p2a: Araquanid
|-damage|p2a: Araquanid|0 fnt
|faint|p2a: Araquanid
|
|-weather|SunnyDay|[upkeep]
|upkeep
|
|t:|1757896345
|switch|p2a: Garganacl|Garganacl, M|37/100
|turn|14
|
|t:|1757896349
|move|p2a: Garganacl|Protect|p2a: Garganacl
|-singleturn|p2a: Garganacl|Protect
|move|p1a: Torkoal|Eruption|p2a: Garganacl
|-activate|p2a: Garganacl|move: Protect
|
|-weather|SunnyDay|[upkeep]
|-heal|p2a: Garganacl|44/100|[from] item: Leftovers
|upkeep
|turn|15
|
|t:|1757896354
|switch|p2a: Moltres|Moltres|100/100
|move|p1a: Torkoal|Eruption|p2a: Moltres
|-resisted|p2a: Moltres
|-damage|p2a: Moltres|0 fnt
|faint|p2a: Moltres
|
|-weather|SunnyDay|[upkeep]
|-fieldend|move: Trick Room
|upkeep
|
|t:|1757896363
|switch|p2a: Iron Treads|Iron Treads|100/100
|turn|16
|
|t:|1757896368
|switch|p1a: Cinderace|Cinderace, M|47/100 brn
|move|p2a: Iron Treads|Earthquake|p1a: Cinderace
|-supereffective|p1a: Cinderace
|-damage|p1a: Cinderace|0 fnt
|faint|p1a: Cinderace
|
|-weather|SunnyDay|[upkeep]
|upkeep
|
|t:|1757896374
|switch|p1a: Torkoal|Torkoal, M, tera:Fire|100/100
|turn|17
|
|t:|1757896378
|-terastallize|p2a: Iron Treads|Ground
|move|p2a: Iron Treads|Earthquake|p1a: Torkoal
|-supereffective|p1a: Torkoal
|-damage|p1a: Torkoal|7/100
|move|p1a: Torkoal|Weather Ball|p2a: Iron Treads
|-damage|p2a: Iron Treads|0 fnt
|faint|p2a: Iron Treads
|-end|p2a: Iron Treads|Quark Drive|[silent]
|
|-weather|none
|upkeep
|
|t:|1757896387
|switch|p2a: Meowscarada|Meowscarada, M|100/100
|turn|18
|
|t:|1757896392
|switch|p1a: Diancie|Diancie|100/100
|move|p2a: Meowscarada|Flower Trick|p1a: Diancie
|-start|p2a: Meowscarada|typechange|Grass|[from] ability: Protean
|-supereffective|p1a: Diancie
|-crit|p1a: Diancie
|-damage|p1a: Diancie|0 fnt
|faint|p1a: Diancie
|
|upkeep
|-message|Joao v9898 forfeited.
|
|win|driderwebs
|raw|Joao v9898's rating: 1608 &rarr; <strong>1585</strong><br />(-23 for losing)
|raw|driderwebs's rating: 1564 &rarr; <strong>1587</strong><br />(+23 for winning)
|l|☆Joao v9898
|player|p1|
