|j|☆potayo
|j|☆Swagachu125
|t:|1757875247
|gametype|singles
|player|p1|potayo|2|1661
|player|p2|Swagachu125|will|1644
|gen|9
|tier|[Gen 9] OU
|rated|
|rule|HP Percentage Mod: HP is shown in percentages
|rule|Endless Battle Clause: Forcing endless battles is banned
|rule|Species Clause: Limit one of each Pokémon
|rule|OHKO Clause: OHKO moves are banned
|rule|Evasion Items Clause: Evasion items are banned
|rule|Evasion Moves Clause: Evasion moves are banned
|rule|Evasion Abilities Clause: Evasion abilities are banned
|rule|Sleep Moves Clause: Sleep-inducing moves are banned
|clearpoke
|poke|p1|Mimikyu, M|
|poke|p1|Cresselia, F|
|poke|p1|Hatterene, F|
|poke|p1|Hoopa-Unbound|
|poke|p1|Rabsca, M|
|poke|p1|Kingambit, F|
|poke|p2|Gallade, M|
|poke|p2|Landorus-Therian, M|
|poke|p2|Dragapult, F|
|poke|p2|Samurott-Hisui, M|
|poke|p2|Corviknight, M|
|poke|p2|Slowking-Galar, M|
|teampreview
|inactive|Battle timer is ON: inactive players will automatically lose when time's up. (requested by Swagachu125)
|
|t:|1757875272
|teamsize|p1|6
|teamsize|p2|6
|start
|switch|p1a: Kingambit|Kingambit, F|100/100
|switch|p2a: Landorus|Landorus-Therian, M|100/100
|-ability|p2a: Landorus|Intimidate|boost
|-unboost|p1a: Kingambit|atk|1
|turn|1
|
|t:|1757875284
|-end|p1a: Kingambit|fallenundefined|[silent]
|switch|p1a: Hatterene|Hatterene, F|100/100
|move|p2a: Landorus|Earthquake|p1a: Hatterene
|-damage|p1a: Hatterene|44/100
|
|upkeep
|turn|2
|
|t:|1757875291
|switch|p1a: Cresselia|Cresselia, F|100/100
|move|p2a: Landorus|Earthquake|p1a: Cresselia
|-immune|p1a: Cresselia|[from] ability: Levitate
|
|upkeep
|turn|3
|
|t:|1757875295
|move|p2a: Landorus|U-turn|p1a: Cresselia
|-supereffective|p1a: Cresselia
|-damage|p1a: Cresselia|72/100
|
|t:|1757875299
|switch|p2a: Samurott|Samurott-Hisui, M|100/100|[from] U-turn
|move|p1a: Cresselia|Trick Room|p1a: Cresselia
|-fieldstart|move: Trick Room|[of] p1a: Cresselia
|
|upkeep
|turn|4
|
|t:|1757875310
|move|p1a: Cresselia|Lunar Dance|p1a: Cresselia
|faint|p1a: Cresselia
|move|p2a: Samurott|Ceaseless Edge|p1: Cresselia|[notarget]
|-fail|p2a: Samurott
|
|upkeep
|inactive|potayo has 120 seconds left.
|l|☆potayo
|inactive|potayo disconnected and has a minute to reconnect!
|player|p1|
|j| puerto de cuevas
|j|☆potayo
|inactive|potayo reconnected and has 100 seconds left.
|player|p1|potayo|2|
|
|t:|1757875362
|switch|p1a: Kingambit|Kingambit, F|100/100
|-activate|p1a: Kingambit|ability: Supreme Overlord
|-start|p1a: Kingambit|fallen1|[silent]
|turn|5
|
|t:|1757875366
|move|p1a: Kingambit|Low Kick|p2a: Samurott
|-supereffective|p2a: Samurott
|-damage|p2a: Samurott|0 fnt
|faint|p2a: Samurott
|
|upkeep
|
|t:|1757875370
|switch|p2a: Landorus|Landorus-Therian, M|100/100
|-ability|p2a: Landorus|Intimidate|boost
|-unboost|p1a: Kingambit|atk|1
|turn|6
|
|t:|1757875373
|-end|p1a: Kingambit|fallen1|[silent]
|switch|p1a: Hatterene|Hatterene, F|44/100
|-heal|p1a: Hatterene|100/100|[from] move: Lunar Dance
|move|p2a: Landorus|Earthquake|p1a: Hatterene
|-damage|p1a: Hatterene|45/100
|
|upkeep
|turn|7
|inactive|potayo has 120 seconds left.
|
|t:|1757875386
|switch|p2a: Slowking|Slowking-Galar, M|100/100
|move|p1a: Hatterene|Healing Wish|p1a: Hatterene
|faint|p1a: Hatterene
|
|-fieldend|move: Trick Room
|upkeep
|
|t:|1757875388
|switch|p1a: Kingambit|Kingambit, F|100/100
|-activate|p1a: Kingambit|ability: Supreme Overlord
|-start|p1a: Kingambit|fallen2|[silent]
|turn|8
|
|t:|1757875392
|switch|p2a: Corviknight|Corviknight, M|100/100
|-ability|p2a: Corviknight|Pressure
|move|p1a: Kingambit|Kowtow Cleave|p2a: Corviknight
|-damage|p2a: Corviknight|49/100
|
|-heal|p2a: Corviknight|55/100|[from] item: Leftovers
|upkeep
|turn|9
|
|t:|1757875401
|-terastallize|p1a: Kingambit|Dark
|move|p2a: Corviknight|Roost|p2a: Corviknight
|-heal|p2a: Corviknight|100/100
|-singleturn|p2a: Corviknight|move: Roost
|move|p1a: Kingambit|Kowtow Cleave|p2a: Corviknight
|-damage|p2a: Corviknight|25/100
|
|-heal|p2a: Corviknight|31/100|[from] item: Leftovers
|upkeep
|turn|10
|
|t:|1757875408
|move|p2a: Corviknight|Brave Bird|p1a: Kingambit
|-damage|p1a: Kingambit|72/100
|-damage|p2a: Corviknight|22/100|[from] Recoil
|move|p1a: Kingambit|Kowtow Cleave|p2a: Corviknight
|-damage|p2a: Corviknight|0 fnt
|faint|p2a: Corviknight
|
|upkeep
|
|t:|1757875415
|switch|p2a: Gallade|Gallade, M|100/100
|turn|11
|j| traceyscetchit
|
|t:|1757875425
|-end|p1a: Kingambit|fallen2|[silent]
|switch|p1a: Mimikyu|Mimikyu, M|100/100
|move|p2a: Gallade|Trick|p1a: Mimikyu
|-activate|p2a: Gallade|move: Trick|[of] p1a: Mimikyu
|-item|p1a: Mimikyu|Choice Scarf|[from] move: Trick
|-item|p2a: Gallade|Red Card|[from] move: Trick
|
|upkeep
|turn|12
|
|t:|1757875436
|move|p1a: Mimikyu|Curse|p2a: Gallade
|-start|p2a: Gallade|Curse|[of] p1a: Mimikyu
|-damage|p1a: Mimikyu|50/100
|move|p2a: Gallade|Psycho Cut|p1a: Mimikyu
|-activate|p1a: Mimikyu|ability: Disguise
|-damage|p1a: Mimikyu|50/100
|detailschange|p1a: Mimikyu|Mimikyu-Busted, M
|-damage|p1a: Mimikyu|38/100|[from] pokemon: Mimikyu-Busted
|
|-damage|p2a: Gallade|76/100|[from] Curse
|upkeep
|turn|13
|
|t:|1757875456
|move|p1a: Mimikyu|Curse||[still]
|-fail|p1a: Mimikyu
|move|p2a: Gallade|Night Slash|p1a: Mimikyu
|-damage|p1a: Mimikyu|5/100
|
|-damage|p2a: Gallade|51/100|[from] Curse
|upkeep
|turn|14
|
|t:|1757875464
|switch|p2a: Dragapult|Dragapult, F|100/100
|move|p1a: Mimikyu|Curse|p2a: Dragapult
|-start|p2a: Dragapult|Curse|[of] p1a: Mimikyu
|-damage|p1a: Mimikyu|0 fnt
|faint|p1a: Mimikyu
|
|-damage|p2a: Dragapult|76/100|[from] Curse
|upkeep
|
|t:|1757875471
|switch|p1a: Kingambit|Kingambit, F, tera:Dark|72/100
|-heal|p1a: Kingambit|100/100|[from] move: Healing Wish
|-activate|p1a: Kingambit|ability: Supreme Overlord
|-start|p1a: Kingambit|fallen3|[silent]
|turn|15
|
|t:|1757875478
|move|p2a: Dragapult|Will-O-Wisp|p1a: Kingambit
|-status|p1a: Kingambit|brn
|move|p1a: Kingambit|Kowtow Cleave|p2a: Dragapult
|-supereffective|p2a: Dragapult
|-damage|p2a: Dragapult|0 fnt
|faint|p2a: Dragapult
|
|-damage|p1a: Kingambit|94/100 brn|[from] brn
|upkeep
|
|t:|1757875485
|switch|p2a: Gallade|Gallade, M|51/100
|turn|16
|
|t:|1757875492
|move|p2a: Gallade|Sacred Sword|p1a: Kingambit
|-supereffective|p1a: Kingambit
|-damage|p1a: Kingambit|0 fnt
|faint|p1a: Kingambit
|-end|p1a: Kingambit|fallen3|[silent]
|
|upkeep
|
|t:|1757875510
|switch|p1a: Rabsca|Rabsca, M|100/100
|turn|17
|
|t:|1757875515
|-terastallize|p2a: Gallade|Dark
|move|p2a: Gallade|Night Slash|p1a: Rabsca
|-supereffective|p1a: Rabsca
|-crit|p1a: Rabsca
|-damage|p1a: Rabsca|0 fnt
|faint|p1a: Rabsca
|
|upkeep
|-message|potayo forfeited.
|
|win|Swagachu125
|raw|potayo's rating: 1661 &rarr; <strong>1640</strong><br />(-21 for losing)
|raw|Swagachu125's rating: 1644 &rarr; <strong>1665</strong><br />(+21 for winning)
|l|☆potayo
|player|p1|
|l|☆Swagachu125
|player|p2|
