|j|‽firepowah
|j|☆yeeowchh!
|t:|1757897176
|gametype|singles
|player|p1|firepowah|101|1660
|player|p2|yeeowchh!|ninjaboy|1657
|gen|9
|tier|[Gen 9] OU
|rated|
|rule|HP Percentage Mod: HP is shown in percentages
|rule|Endless Battle Clause: Forcing endless battles is banned
|rule|Species Clause: Limit one of each Pokémon
|rule|OHKO Clause: OHKO moves are banned
|rule|Evasion Items Clause: Evasion items are banned
|rule|Evasion Moves Clause: Evasion moves are banned
|rule|Evasion Abilities Clause: Evasion abilities are banned
|rule|Sleep Moves Clause: Sleep-inducing moves are banned
|clearpoke
|poke|p1|Kingambit, M|
|poke|p1|Gliscor, F|
|poke|p1|Great Tusk|
|poke|p1|Samurott-Hisui, F|
|poke|p1|Pecharunt|
|poke|p1|Raging Bolt|
|poke|p2|Pelipper, F|
|poke|p2|Toxicroak, M|
|poke|p2|Iron Treads|
|poke|p2|Barraskewda, M|
|poke|p2|Tornadus-Therian, M|
|poke|p2|Hatterene, F|
|teampreview
|
|t:|1757897180
|teamsize|p1|6
|teamsize|p2|6
|start
|switch|p1a: Samurott|Samurott-Hisui, F|100/100
|switch|p2a: Pelipper|Pelipper, F|100/100
|-weather|RainDance|[from] ability: Drizzle|[of] p2a: Pelipper
|turn|1
|
|t:|1757897186
|move|p1a: Samurott|Ceaseless Edge|p2a: Pelipper
|-damage|p2a: Pelipper|69/100
|-sidestart|p2: yeeowchh!|Spikes
|move|p2a: Pelipper|U-turn|p1a: Samurott
|-supereffective|p1a: Samurott
|-damage|p1a: Samurott|77/100
|-enditem|p1a: Samurott|Red Card|[of] p2a: Pelipper
|drag|p2a: Barraskewda|Barraskewda, M|100/100
|-damage|p2a: Barraskewda|88/100|[from] Spikes
|
|-weather|RainDance|[upkeep]
|upkeep
|turn|2
|inactive|Battle timer is ON: inactive players will automatically lose when time's up. (requested by yeeowchh!)
|
|t:|1757897230
|move|p2a: Barraskewda|Flip Turn|p1a: Samurott
|-resisted|p1a: Samurott
|-damage|p1a: Samurott|31/100
|
|t:|1757897236
|switch|p2a: Toxicroak|Toxicroak, M|100/100|[from] Flip Turn
|-damage|p2a: Toxicroak|88/100|[from] Spikes
|move|p1a: Samurott|Aqua Cutter|p2a: Toxicroak
|-heal|p2a: Toxicroak|100/100|[from] ability: Dry Skin|[of] p1a: Samurott
|
|-weather|RainDance|[upkeep]
|upkeep
|turn|3
|
|t:|1757897243
|move|p1a: Samurott|Knock Off|p2a: Toxicroak
|-resisted|p2a: Toxicroak
|-damage|p2a: Toxicroak|81/100
|-damage|p1a: Samurott|15/100|[from] item: Rocky Helmet|[of] p2a: Toxicroak
|-enditem|p2a: Toxicroak|Rocky Helmet|[from] move: Knock Off|[of] p1a: Samurott
|move|p2a: Toxicroak|Drain Punch|p1a: Samurott
|-supereffective|p1a: Samurott
|-damage|p1a: Samurott|0 fnt
|-heal|p2a: Toxicroak|87/100|[from] drain|[of] p1a: Samurott
|faint|p1a: Samurott
|
|-weather|RainDance|[upkeep]
|-heal|p2a: Toxicroak|99/100|[from] ability: Dry Skin
|upkeep
|
|t:|1757897250
|switch|p1a: Gliscor|Gliscor, F, shiny|100/100
|turn|4
|j| Jey2
|
|t:|1757897257
|move|p1a: Gliscor|Swords Dance|p1a: Gliscor
|-boost|p1a: Gliscor|atk|2
|move|p2a: Toxicroak|Knock Off|p1a: Gliscor
|-damage|p1a: Gliscor|83/100
|-enditem|p1a: Gliscor|Toxic Orb|[from] move: Knock Off|[of] p2a: Toxicroak
|
|-weather|RainDance|[upkeep]
|-heal|p2a: Toxicroak|100/100|[from] ability: Dry Skin
|upkeep
|turn|5
|
|t:|1757897267
|switch|p2a: Pelipper|Pelipper, F|69/100
|move|p1a: Gliscor|Earthquake|p2a: Pelipper
|-immune|p2a: Pelipper
|
|-weather|RainDance|[upkeep]
|upkeep
|turn|6
|
|t:|1757897274
|move|p1a: Gliscor|Facade|p2a: Pelipper
|-damage|p2a: Pelipper|45/100
|move|p2a: Pelipper|Roost|p2a: Pelipper
|-heal|p2a: Pelipper|95/100
|-singleturn|p2a: Pelipper|move: Roost
|
|-weather|RainDance|[upkeep]
|upkeep
|turn|7
|
|t:|1757897277
|move|p1a: Gliscor|Protect|p1a: Gliscor
|-singleturn|p1a: Gliscor|Protect
|move|p2a: Pelipper|Surf|p1a: Gliscor
|-activate|p1a: Gliscor|move: Protect
|
|-weather|RainDance|[upkeep]
|upkeep
|turn|8
|
|t:|1757897284
|switch|p1a: Raging Bolt|Raging Bolt|100/100
|-enditem|p1a: Raging Bolt|Booster Energy
|-activate|p1a: Raging Bolt|ability: Protosynthesis|[fromitem]
|-start|p1a: Raging Bolt|protosynthesisspa
|move|p2a: Pelipper|Surf|p1a: Raging Bolt
|-resisted|p1a: Raging Bolt
|-damage|p1a: Raging Bolt|78/100
|
|-weather|none
|upkeep
|turn|9
|
|t:|1757897287
|switch|p2a: Iron Treads|Iron Treads|100/100
|-damage|p2a: Iron Treads|88/100|[from] Spikes
|move|p1a: Raging Bolt|Calm Mind|p1a: Raging Bolt
|-boost|p1a: Raging Bolt|spa|1
|-boost|p1a: Raging Bolt|spd|1
|
|-heal|p2a: Iron Treads|94/100|[from] item: Leftovers
|upkeep
|turn|10
|j| Ctannn
|inactive|firepowah has 120 seconds left.
|
|t:|1757897344
|-terastallize|p1a: Raging Bolt|Fairy
|move|p2a: Iron Treads|Earthquake|p1a: Raging Bolt
|-damage|p1a: Raging Bolt|39/100
|move|p1a: Raging Bolt|Draco Meteor|p2a: Iron Treads
|-resisted|p2a: Iron Treads
|-damage|p2a: Iron Treads|37/100
|-unboost|p1a: Raging Bolt|spa|2
|
|-heal|p2a: Iron Treads|43/100|[from] item: Leftovers
|upkeep
|turn|11
|
|t:|1757897354
|move|p2a: Iron Treads|Rapid Spin|p1a: Raging Bolt
|-damage|p1a: Raging Bolt|27/100
|-boost|p2a: Iron Treads|spe|1
|-sideend|p2: yeeowchh!|Spikes|[from] move: Rapid Spin|[of] p2a: Iron Treads
|move|p1a: Raging Bolt|Draco Meteor|p2a: Iron Treads
|-resisted|p2a: Iron Treads
|-damage|p2a: Iron Treads|18/100
|-unboost|p1a: Raging Bolt|spa|2
|
|-heal|p2a: Iron Treads|24/100|[from] item: Leftovers
|upkeep
|turn|12
|inactive|firepowah has 90 seconds left.
|inactive|firepowah has 60 seconds left.
|
|t:|1757897425
|move|p2a: Iron Treads|Earthquake|p1a: Raging Bolt
|-damage|p1a: Raging Bolt|0 fnt
|faint|p1a: Raging Bolt
|-end|p1a: Raging Bolt|Protosynthesis|[silent]
|
|-heal|p2a: Iron Treads|30/100|[from] item: Leftovers
|upkeep
|
|t:|1757897427
|switch|p1a: Great Tusk|Great Tusk|100/100
|turn|13
|
|t:|1757897442
|-end|p2a: Iron Treads|Quark Drive|[silent]
|switch|p2a: Pelipper|Pelipper, F|95/100
|-weather|RainDance|[from] ability: Drizzle|[of] p2a: Pelipper
|move|p1a: Great Tusk|Knock Off|p2a: Pelipper
|-damage|p2a: Pelipper|70/100
|-enditem|p2a: Pelipper|Damp Rock|[from] move: Knock Off|[of] p1a: Great Tusk
|
|-weather|RainDance|[upkeep]
|upkeep
|turn|14
|
|t:|1757897447
|-end|p1a: Great Tusk|Protosynthesis|[silent]
|switch|p1a: Gliscor|Gliscor, F, shiny|83/100
|move|p2a: Pelipper|Surf|p1a: Gliscor
|-supereffective|p1a: Gliscor
|-damage|p1a: Gliscor|7/100
|
|-weather|RainDance|[upkeep]
|upkeep
|turn|15
|
|t:|1757897451
|move|p1a: Gliscor|Facade|p2a: Pelipper
|-damage|p2a: Pelipper|58/100
|move|p2a: Pelipper|Surf|p1a: Gliscor
|-supereffective|p1a: Gliscor
|-damage|p1a: Gliscor|0 fnt
|faint|p1a: Gliscor
|
|-weather|RainDance|[upkeep]
|upkeep
|
|t:|1757897454
|switch|p1a: Kingambit|Kingambit, M, shiny|100/100
|-activate|p1a: Kingambit|ability: Supreme Overlord
|-start|p1a: Kingambit|fallen3|[silent]
|turn|16
|
|t:|1757897461
|move|p1a: Kingambit|Kowtow Cleave|p2a: Pelipper
|-damage|p2a: Pelipper|0 fnt
|faint|p2a: Pelipper
|
|-weather|RainDance|[upkeep]
|upkeep
|
|t:|1757897466
|switch|p2a: Toxicroak|Toxicroak, M|100/100
|turn|17
|
|t:|1757897469
|-end|p1a: Kingambit|fallen3|[silent]
|switch|p1a: Pecharunt|Pecharunt|100/100
|move|p2a: Toxicroak|Drain Punch|p1a: Pecharunt
|-immune|p1a: Pecharunt
|
|-weather|RainDance|[upkeep]
|upkeep
|turn|18
|
|t:|1757897475
|switch|p2a: Iron Treads|Iron Treads|30/100
|move|p1a: Pecharunt|Parting Shot|p2a: Iron Treads
|-unboost|p2a: Iron Treads|atk|1
|-unboost|p2a: Iron Treads|spa|1
|
|t:|1757897478
|switch|p1a: Great Tusk|Great Tusk|100/100|[from] Parting Shot
|
|-weather|RainDance|[upkeep]
|-heal|p2a: Iron Treads|36/100|[from] item: Leftovers
|upkeep
|turn|19
|inactive|firepowah has 120 seconds left.
|
|t:|1757897499
|-end|p2a: Iron Treads|Quark Drive|[silent]
|switch|p2a: Tornadus|Tornadus-Therian, M|100/100
|move|p1a: Great Tusk|Knock Off|p2a: Tornadus
|-damage|p2a: Tornadus|57/100
|-enditem|p2a: Tornadus|Life Orb|[from] move: Knock Off|[of] p1a: Great Tusk
|
|-weather|RainDance|[upkeep]
|upkeep
|turn|20
|
|t:|1757897504
|-end|p1a: Great Tusk|Protosynthesis|[silent]
|switch|p1a: Kingambit|Kingambit, M, shiny|100/100
|-activate|p1a: Kingambit|ability: Supreme Overlord
|-start|p1a: Kingambit|fallen3|[silent]
|move|p2a: Tornadus|Hurricane|p1a: Kingambit
|-resisted|p1a: Kingambit
|-damage|p1a: Kingambit|74/100
|-start|p1a: Kingambit|confusion
|
|-weather|none
|upkeep
|turn|21
|
|t:|1757897510
|move|p2a: Tornadus|Focus Blast|p1a: Kingambit|[miss]
|-miss|p2a: Tornadus|p1a: Kingambit
|-activate|p1a: Kingambit|confusion
|move|p1a: Kingambit|Iron Head|p2a: Tornadus
|-damage|p2a: Tornadus|0 fnt
|faint|p2a: Tornadus
|
|upkeep
|
|t:|1757897519
|switch|p2a: Toxicroak|Toxicroak, M|100/100
|turn|22
|
|t:|1757897523
|-end|p1a: Kingambit|fallen3|[silent]
|switch|p1a: Great Tusk|Great Tusk|100/100
|switch|p2a: Hatterene|Hatterene, F|100/100
|
|upkeep
|turn|23
|
|t:|1757897530
|-end|p1a: Great Tusk|Protosynthesis|[silent]
|switch|p1a: Kingambit|Kingambit, M, shiny|74/100
|-activate|p1a: Kingambit|ability: Supreme Overlord
|-start|p1a: Kingambit|fallen3|[silent]
|move|p2a: Hatterene|Draining Kiss|p1a: Kingambit
|-damage|p1a: Kingambit|47/100
|
|upkeep
|turn|24
|
|t:|1757897536
|switch|p2a: Toxicroak|Toxicroak, M|100/100
|move|p1a: Kingambit|Iron Head|p2a: Toxicroak
|-damage|p2a: Toxicroak|22/100
|
|upkeep
|turn|25
|
|t:|1757897542
|-end|p1a: Kingambit|fallen3|[silent]
|switch|p1a: Pecharunt|Pecharunt|100/100
|move|p2a: Toxicroak|Drain Punch|p1a: Pecharunt
|-immune|p1a: Pecharunt
|
|upkeep
|turn|26
|
|t:|1757897554
|switch|p2a: Iron Treads|Iron Treads|36/100
|move|p1a: Pecharunt|Parting Shot|p2a: Iron Treads
|-unboost|p2a: Iron Treads|atk|1
|-unboost|p2a: Iron Treads|spa|1
|
|t:|1757897556
|switch|p1a: Great Tusk|Great Tusk|100/100|[from] Parting Shot
|
|-heal|p2a: Iron Treads|42/100|[from] item: Leftovers
|upkeep
|turn|27
|
|t:|1757897566
|-end|p2a: Iron Treads|Quark Drive|[silent]
|switch|p2a: Toxicroak|Toxicroak, M|22/100
|move|p1a: Great Tusk|Headlong Rush|p2a: Toxicroak
|-supereffective|p2a: Toxicroak
|-damage|p2a: Toxicroak|0 fnt
|-unboost|p1a: Great Tusk|def|1
|-unboost|p1a: Great Tusk|spd|1
|faint|p2a: Toxicroak
|
|upkeep
|
|t:|1757897568
|switch|p2a: Barraskewda|Barraskewda, M|88/100
|turn|28
|
|t:|1757897572
|-end|p1a: Great Tusk|Protosynthesis|[silent]
|switch|p1a: Pecharunt|Pecharunt|100/100
|move|p2a: Barraskewda|Flip Turn|p1a: Pecharunt
|-damage|p1a: Pecharunt|77/100
|
|t:|1757897574
|switch|p2a: Hatterene|Hatterene, F|100/100|[from] Flip Turn
|
|upkeep
|turn|29
|
|t:|1757897579
|move|p1a: Pecharunt|Malignant Chain|p2a: Hatterene
|-supereffective|p2a: Hatterene
|-damage|p2a: Hatterene|65/100
|move|p2a: Hatterene|Psychic Noise|p1a: Pecharunt
|-supereffective|p1a: Pecharunt
|-damage|p1a: Pecharunt|3/100
|-start|p1a: Pecharunt|move: Heal Block
|
|upkeep
|turn|30
|
|t:|1757897606
|switch|p2a: Iron Treads|Iron Treads|42/100
|move|p1a: Pecharunt|Malignant Chain|p2a: Iron Treads
|-immune|p2a: Iron Treads
|
|-heal|p2a: Iron Treads|48/100|[from] item: Leftovers
|-end|p1a: Pecharunt|move: Heal Block
|upkeep
|turn|31
|
|t:|1757897612
|switch|p1a: Great Tusk|Great Tusk|100/100
|move|p2a: Iron Treads|Earthquake|p1a: Great Tusk
|-damage|p1a: Great Tusk|74/100
|
|-heal|p2a: Iron Treads|54/100|[from] item: Leftovers
|upkeep
|turn|32
|
|t:|1757897633
|-end|p2a: Iron Treads|Quark Drive|[silent]
|switch|p2a: Hatterene|Hatterene, F|65/100
|move|p1a: Great Tusk|Headlong Rush|p2a: Hatterene
|-damage|p2a: Hatterene|0 fnt
|-unboost|p1a: Great Tusk|def|1
|-unboost|p1a: Great Tusk|spd|1
|faint|p2a: Hatterene
|
|upkeep
|
|t:|1757897636
|switch|p2a: Barraskewda|Barraskewda, M|88/100
|turn|33
|
|t:|1757897640
|-end|p1a: Great Tusk|Protosynthesis|[silent]
|switch|p1a: Pecharunt|Pecharunt|3/100
|move|p2a: Barraskewda|Liquidation|p1a: Pecharunt
|-damage|p1a: Pecharunt|0 fnt
|faint|p1a: Pecharunt
|
|upkeep
|
|t:|1757897643
|switch|p1a: Kingambit|Kingambit, M, shiny|47/100
|-activate|p1a: Kingambit|ability: Supreme Overlord
|-start|p1a: Kingambit|fallen4|[silent]
|turn|34
|
|t:|1757897654
|switch|p2a: Iron Treads|Iron Treads|54/100
|move|p1a: Kingambit|Kowtow Cleave|p2a: Iron Treads
|-damage|p2a: Iron Treads|0 fnt
|faint|p2a: Iron Treads
|-end|p2a: Iron Treads|Quark Drive|[silent]
|
|upkeep
|
|t:|1757897656
|switch|p2a: Barraskewda|Barraskewda, M|88/100
|turn|35
|
|t:|1757897659
|-end|p1a: Kingambit|fallen4|[silent]
|switch|p1a: Great Tusk|Great Tusk|74/100
|-terastallize|p2a: Barraskewda|Water
|move|p2a: Barraskewda|Aqua Jet|p1a: Great Tusk
|-supereffective|p1a: Great Tusk
|-damage|p1a: Great Tusk|10/100
|
|upkeep
|turn|36
|
|t:|1757897662
|move|p2a: Barraskewda|Aqua Jet|p1a: Great Tusk
|-supereffective|p1a: Great Tusk
|-damage|p1a: Great Tusk|0 fnt
|faint|p1a: Great Tusk
|-end|p1a: Great Tusk|Protosynthesis|[silent]
|
|upkeep
|
|t:|1757897663
|switch|p1a: Kingambit|Kingambit, M, shiny|47/100
|-activate|p1a: Kingambit|ability: Supreme Overlord
|-start|p1a: Kingambit|fallen5|[silent]
|turn|37
|
|t:|1757897664
|move|p2a: Barraskewda|Aqua Jet|p1a: Kingambit
|-damage|p1a: Kingambit|12/100
|move|p1a: Kingambit|Kowtow Cleave|p2a: Barraskewda
|-damage|p2a: Barraskewda|0 fnt
|faint|p2a: Barraskewda
|
|win|firepowah
|raw|firepowah's rating: 1669 &rarr; <strong>1688</strong><br />(+19 for winning)
|raw|yeeowchh!'s rating: 1657 &rarr; <strong>1638</strong><br />(-19 for losing)
|l|☆yeeowchh!
|player|p2|
|l|‽firepowah
|player|p1|
|l| Jey2
|j| desarmasangra
|l| desarmasangra
