|j|☆Hottttt
|j|☆notshwepp
|t:|1757858056
|gametype|singles
|player|p1|Hottttt|red|1420
|player|p2|notshwepp|170|1545
|gen|9
|tier|[Gen 9] OU
|rated|
|rule|HP Percentage Mod: HP is shown in percentages
|rule|Endless Battle Clause: Forcing endless battles is banned
|rule|Species Clause: Limit one of each Pokémon
|rule|OHKO Clause: OHKO moves are banned
|rule|Evasion Items Clause: Evasion items are banned
|rule|Evasion Moves Clause: Evasion moves are banned
|rule|Evasion Abilities Clause: Evasion abilities are banned
|rule|Sleep Moves Clause: Sleep-inducing moves are banned
|clearpoke
|poke|p1|Araquanid, M|
|poke|p1|Great Tusk|
|poke|p1|Ceruledge, M|
|poke|p1|Kyurem|
|poke|p1|Primarina, M|
|poke|p1|Latias, F|
|poke|p2|Iron Treads|
|poke|p2|Rillaboom, F|
|poke|p2|Ogerpon-Cornerstone, F|
|poke|p2|Blaziken, M|
|poke|p2|Gholdengo|
|poke|p2|Raging Bolt|
|teampreview
|inactive|Battle timer is ON: inactive players will automatically lose when time's up. (requested by Hottttt)
|
|t:|1757858064
|teamsize|p1|6
|teamsize|p2|6
|start
|switch|p1a: Araquanid|Araquanid, M|100/100
|switch|p2a: Rillaboom|Rillaboom, F|100/100
|-fieldstart|move: Grassy Terrain|[from] ability: Grassy Surge|[of] p2a: Rillaboom
|turn|1
|
|t:|1757858067
|move|p2a: Rillaboom|Wood Hammer|p1a: Araquanid
|-damage|p1a: Araquanid|0 fnt
|faint|p1a: Araquanid
|-damage|p2a: Rillaboom|68/100|[from] Recoil
|
|-heal|p2a: Rillaboom|74/100|[from] Grassy Terrain
|upkeep
|
|t:|1757858071
|switch|p1a: Kyurem|Kyurem, shiny|100/100
|-ability|p1a: Kyurem|Pressure
|turn|2
|
|t:|1757858081
|switch|p2a: Gholdengo|Gholdengo|100/100
|move|p1a: Kyurem|Freeze-Dry|p2a: Gholdengo
|-resisted|p2a: Gholdengo
|-damage|p2a: Gholdengo|79/100
|
|-heal|p2a: Gholdengo|85/100|[from] Grassy Terrain
|-heal|p2a: Gholdengo|91/100|[from] item: Leftovers
|upkeep
|turn|3
|
|t:|1757858088
|switch|p1a: Great Tusk|Great Tusk|100/100
|-enditem|p1a: Great Tusk|Booster Energy
|-activate|p1a: Great Tusk|ability: Protosynthesis|[fromitem]
|-start|p1a: Great Tusk|protosynthesisatk
|move|p2a: Gholdengo|Shadow Ball|p1a: Great Tusk
|-damage|p1a: Great Tusk|30/100
|
|-heal|p1a: Great Tusk|36/100|[from] Grassy Terrain
|-heal|p2a: Gholdengo|97/100|[from] Grassy Terrain
|-heal|p2a: Gholdengo|100/100|[from] item: Leftovers
|upkeep
|turn|4
|
|t:|1757858098
|switch|p2a: Rillaboom|Rillaboom, F|74/100
|move|p1a: Great Tusk|Headlong Rush|p2a: Rillaboom
|-resisted|p2a: Rillaboom
|-damage|p2a: Rillaboom|30/100
|-unboost|p1a: Great Tusk|def|1
|-unboost|p1a: Great Tusk|spd|1
|
|-heal|p1a: Great Tusk|43/100|[from] Grassy Terrain
|-heal|p2a: Rillaboom|37/100|[from] Grassy Terrain
|upkeep
|turn|5
|
|t:|1757858106
|move|p2a: Rillaboom|Grassy Glide|p1a: Great Tusk
|-supereffective|p1a: Great Tusk
|-damage|p1a: Great Tusk|0 fnt
|faint|p1a: Great Tusk
|-end|p1a: Great Tusk|Protosynthesis|[silent]
|
|-heal|p2a: Rillaboom|43/100|[from] Grassy Terrain
|-fieldend|move: Grassy Terrain
|upkeep
|
|t:|1757858109
|switch|p1a: Ceruledge|Ceruledge, M|100/100
|turn|6
|
|t:|1757858115
|switch|p2a: Raging Bolt|Raging Bolt|100/100
|move|p1a: Ceruledge|Bulk Up|p1a: Ceruledge
|-boost|p1a: Ceruledge|atk|1
|-boost|p1a: Ceruledge|def|1
|
|upkeep
|turn|7
|
|t:|1757858121
|move|p1a: Ceruledge|Bulk Up|p1a: Ceruledge
|-boost|p1a: Ceruledge|atk|1
|-boost|p1a: Ceruledge|def|1
|move|p2a: Raging Bolt|Thunderbolt|p1a: Ceruledge
|-damage|p1a: Ceruledge|36/100
|
|upkeep
|turn|8
|
|t:|1757858127
|move|p1a: Ceruledge|Shadow Sneak|p2a: Raging Bolt
|-damage|p2a: Raging Bolt|72/100
|move|p2a: Raging Bolt|Thunderclap||[still]
|-fail|p2a: Raging Bolt
|
|upkeep
|turn|9
|
|t:|1757858134
|move|p2a: Raging Bolt|Thunderclap|p1a: Ceruledge
|-damage|p1a: Ceruledge|0 fnt
|faint|p1a: Ceruledge
|
|upkeep
|
|t:|1757858141
|switch|p1a: Primarina|Primarina, M|100/100
|turn|10
|
|t:|1757858146
|move|p2a: Raging Bolt|Thunderbolt|p1a: Primarina
|-supereffective|p1a: Primarina
|-damage|p1a: Primarina|0 fnt
|faint|p1a: Primarina
|
|upkeep
|
|t:|1757858150
|switch|p1a: Kyurem|Kyurem, shiny|100/100
|-ability|p1a: Kyurem|Pressure
|turn|11
|
|t:|1757858155
|-end|p2a: Raging Bolt|Protosynthesis|[silent]
|switch|p2a: Rillaboom|Rillaboom, F|43/100
|-fieldstart|move: Grassy Terrain|[from] ability: Grassy Surge|[of] p2a: Rillaboom
|move|p1a: Kyurem|Earth Power|p2a: Rillaboom
|-resisted|p2a: Rillaboom
|-damage|p2a: Rillaboom|22/100
|
|-heal|p2a: Rillaboom|28/100|[from] Grassy Terrain
|upkeep
|turn|12
|
|t:|1757858159
|move|p1a: Kyurem|Earth Power|p2a: Rillaboom
|-resisted|p2a: Rillaboom
|-damage|p2a: Rillaboom|6/100
|move|p2a: Rillaboom|Wood Hammer|p1a: Kyurem
|-resisted|p1a: Kyurem
|-damage|p1a: Kyurem|35/100
|-damage|p2a: Rillaboom|0 fnt|[from] Recoil
|faint|p2a: Rillaboom
|
|-heal|p1a: Kyurem|41/100|[from] Grassy Terrain
|upkeep
|
|t:|1757858168
|switch|p2a: Ogerpon|Ogerpon-Cornerstone, F|100/100
|turn|13
|
|t:|1757858170
|move|p1a: Kyurem|Earth Power|p2a: Ogerpon
|-damage|p2a: Ogerpon|65/100
|move|p2a: Ogerpon|Ivy Cudgel|p1a: Kyurem|[anim] Ivy Cudgel Rock
|-supereffective|p1a: Kyurem
|-damage|p1a: Kyurem|0 fnt
|faint|p1a: Kyurem
|
|-heal|p2a: Ogerpon|71/100|[from] Grassy Terrain
|upkeep
|
|t:|1757858172
|switch|p1a: Latias|Latias, F|100/100
|turn|14
|
|t:|1757858176
|move|p2a: Ogerpon|Ivy Cudgel|p1a: Latias|[anim] Ivy Cudgel Rock
|-damage|p1a: Latias|53/100
|move|p1a: Latias|Agility|p1a: Latias
|-boost|p1a: Latias|spe|2
|
|-heal|p2a: Ogerpon|77/100|[from] Grassy Terrain
|upkeep
|turn|15
|
|t:|1757858184
|move|p1a: Latias|Calm Mind|p1a: Latias
|-boost|p1a: Latias|spa|1
|-boost|p1a: Latias|spd|1
|move|p2a: Ogerpon|Ivy Cudgel|p1a: Latias|[anim] Ivy Cudgel Rock
|-damage|p1a: Latias|10/100
|
|-heal|p2a: Ogerpon|83/100|[from] Grassy Terrain
|-fieldend|move: Grassy Terrain
|upkeep
|turn|16
|
|t:|1757858201
|move|p1a: Latias|Stored Power|p2a: Ogerpon
|-damage|p2a: Ogerpon|21/100
|move|p2a: Ogerpon|Ivy Cudgel|p1a: Latias|[anim] Ivy Cudgel Rock
|-damage|p1a: Latias|0 fnt
|faint|p1a: Latias
|
|win|notshwepp
|raw|Hottttt's rating: 1420 &rarr; <strong>1407</strong><br />(-13 for losing)
|raw|notshwepp's rating: 1545 &rarr; <strong>1558</strong><br />(+13 for winning)
|l|☆Hottttt
|player|p1|
|l|☆notshwepp
|player|p2|
