|j|☆go b3yond
|j|☆mtxo
|t:|1757845370
|gametype|singles
|player|p1|go b3yond|bruno|1441
|player|p2|mtxo|n|1483
|gen|9
|tier|[Gen 9] OU
|rated|
|rule|HP Percentage Mod: HP is shown in percentages
|rule|Endless Battle Clause: Forcing endless battles is banned
|rule|Species Clause: Limit one of each Pokémon
|rule|OHKO Clause: OHKO moves are banned
|rule|Evasion Items Clause: Evasion items are banned
|rule|Evasion Moves Clause: Evasion moves are banned
|rule|Evasion Abilities Clause: Evasion abilities are banned
|rule|Sleep Moves Clause: Sleep-inducing moves are banned
|clearpoke
|poke|p1|Torkoal, M|
|poke|p1|Brute Bonnet|
|poke|p1|Hatterene, F|
|poke|p1|Walking Wake|
|poke|p1|Thundurus-Therian, M|
|poke|p1|Ceruledge, F|
|poke|p2|Indeedee, M|
|poke|p2|Hatterene, F|
|poke|p2|Ursaluna, F|
|poke|p2|Iron Hands|
|poke|p2|Hoopa-Unbound|
|poke|p2|Mimikyu, F|
|teampreview
|inactive|Battle timer is ON: inactive players will automatically lose when time's up. (requested by go b3yond)
|
|t:|1757845383
|teamsize|p1|6
|teamsize|p2|6
|start
|switch|p1a: GREAT Bait|Torkoal, M, shiny|100/100
|switch|p2a: Subaru|Indeedee, M, shiny|100/100
|-fieldstart|move: Psychic Terrain|[from] ability: Psychic Surge|[of] p2a: Subaru
|-weather|SunnyDay|[from] ability: Drought|[of] p1a: GREAT Bait
|turn|1
|
|t:|1757845402
|switch|p2a: 5 Nights in TR|Ursaluna, F, shiny|100/100
|move|p1a: GREAT Bait|Eruption|p2a: 5 Nights in TR
|-damage|p2a: 5 Nights in TR|17/100
|
|-weather|SunnyDay|[upkeep]
|-status|p2a: 5 Nights in TR|brn|[from] item: Flame Orb
|upkeep
|turn|2
|
|t:|1757845411
|switch|p1a: Thundurus|Thundurus-Therian, M|100/100
|move|p2a: 5 Nights in TR|Facade|p1a: Thundurus
|-damage|p1a: Thundurus|0 fnt
|faint|p1a: Thundurus
|
|-weather|SunnyDay|[upkeep]
|-damage|p2a: 5 Nights in TR|11/100 brn|[from] brn
|upkeep
|
|t:|1757845417
|switch|p1a: Ceruledge|Ceruledge, F|100/100
|turn|3
|
|t:|1757845426
|switch|p2a: Mimikyu|Mimikyu, F, shiny|100/100
|move|p1a: Ceruledge|Bitter Blade|p2a: Mimikyu
|-activate|p2a: Mimikyu|ability: Disguise
|-damage|p2a: Mimikyu|100/100
|detailschange|p2a: Mimikyu|Mimikyu-Busted, F, shiny
|-damage|p2a: Mimikyu|88/100|[from] pokemon: Mimikyu-Busted
|-enditem|p2a: Mimikyu|Red Card|[of] p1a: Ceruledge
|drag|p1a: Brute Bonnet|Brute Bonnet|100/100
|-activate|p1a: Brute Bonnet|ability: Protosynthesis
|-start|p1a: Brute Bonnet|protosynthesisatk
|
|-weather|SunnyDay|[upkeep]
|upkeep
|turn|4
|
|t:|1757845442
|-terastallize|p1a: Brute Bonnet|Fire
|move|p1a: Brute Bonnet|Growth|p1a: Brute Bonnet
|-boost|p1a: Brute Bonnet|atk|2
|-boost|p1a: Brute Bonnet|spa|2
|move|p2a: Mimikyu|Trick Room|p2a: Mimikyu
|-fieldstart|move: Trick Room|[of] p2a: Mimikyu
|
|-weather|SunnyDay|[upkeep]
|upkeep
|turn|5
|
|t:|1757845459
|move|p1a: Brute Bonnet|Bullet Seed|p2a: Mimikyu
|-damage|p2a: Mimikyu|57/100
|-damage|p2a: Mimikyu|23/100
|-damage|p2a: Mimikyu|0 fnt
|faint|p2a: Mimikyu
|-hitcount|p2: Mimikyu|3
|
|-weather|SunnyDay|[upkeep]
|upkeep
|
|t:|1757845473
|switch|p2a: Satella|Hatterene, F, shiny|100/100
|turn|6
|
|t:|1757845478
|move|p2a: Satella|Expanding Force|p1a: Brute Bonnet
|-crit|p1a: Brute Bonnet
|-damage|p1a: Brute Bonnet|0 fnt
|faint|p1a: Brute Bonnet
|-end|p1a: Brute Bonnet|Protosynthesis|[silent]
|-damage|p2a: Satella|91/100|[from] item: Life Orb
|
|-weather|SunnyDay|[upkeep]
|upkeep
|
|t:|1757845486
|switch|p1a: GREAT Bait|Torkoal, M, shiny|100/100
|turn|7
|
|t:|1757845497
|move|p1a: GREAT Bait|Eruption|p2a: Satella
|-damage|p2a: Satella|0 fnt
|faint|p2a: Satella
|
|-weather|SunnyDay|[upkeep]
|upkeep
|
|t:|1757845505
|switch|p2a: King Von|Hoopa-Unbound|100/100
|-enditem|p2a: King Von|Psychic Seed
|-boost|p2a: King Von|spd|1|[from] item: Psychic Seed
|turn|8
|
|t:|1757845511
|switch|p1a: Hatterene|Hatterene, F|100/100
|move|p2a: King Von|Expanding Force|p1a: Hatterene
|-resisted|p1a: Hatterene
|-damage|p1a: Hatterene|48/100
|-enditem|p1a: Hatterene|Eject Button
|
|t:|1757845516
|switch|p1a: Ceruledge|Ceruledge, F|100/100
|
|-weather|none
|-fieldend|move: Trick Room
|-fieldend|move: Psychic Terrain
|upkeep
|turn|9
|
|t:|1757845530
|move|p1a: Ceruledge|Swords Dance|p1a: Ceruledge
|-boost|p1a: Ceruledge|atk|2
|move|p2a: King Von|Hyperspace Fury|p1a: Ceruledge
|-supereffective|p1a: Ceruledge
|-crit|p1a: Ceruledge
|-enditem|p1a: Ceruledge|Focus Sash
|-damage|p1a: Ceruledge|1/100
|-unboost|p2a: King Von|def|1
|-ability|p1a: Ceruledge|Weak Armor|boost
|-unboost|p1a: Ceruledge|def|1
|-boost|p1a: Ceruledge|spe|2
|
|upkeep
|turn|10
|
|t:|1757845540
|move|p1a: Ceruledge|Bitter Blade|p2a: King Von
|-damage|p2a: King Von|0 fnt
|-heal|p1a: Ceruledge|63/100|[from] drain|[of] p2a: King Von
|faint|p2a: King Von
|
|upkeep
|
|t:|1757845544
|switch|p2a: Subaru|Indeedee, M, shiny|100/100
|-fieldstart|move: Psychic Terrain|[from] ability: Psychic Surge|[of] p2a: Subaru
|turn|11
|
|t:|1757845551
|move|p1a: Ceruledge|Bitter Blade|p2a: Subaru
|-damage|p2a: Subaru|3/100
|-heal|p1a: Ceruledge|100/100|[from] drain|[of] p2a: Subaru
|move|p2a: Subaru|Trick Room|p2a: Subaru
|-fieldstart|move: Trick Room|[of] p2a: Subaru
|
|upkeep
|turn|12
|
|t:|1757845558
|move|p2a: Subaru|Healing Wish|p2a: Subaru
|faint|p2a: Subaru
|move|p1a: Ceruledge|Bitter Blade|p2: Subaru|[notarget]
|-fail|p1a: Ceruledge
|
|upkeep
|
|t:|1757845559
|switch|p2a: 5 Nights in TR|Ursaluna, F, shiny|11/100 brn
|-heal|p2a: 5 Nights in TR|100/100|[from] move: Healing Wish
|turn|13
|
|t:|1757845570
|switch|p1a: Hatterene|Hatterene, F|48/100
|move|p2a: 5 Nights in TR|Headlong Rush|p1a: Hatterene
|-damage|p1a: Hatterene|0 fnt
|-unboost|p2a: 5 Nights in TR|def|1
|-unboost|p2a: 5 Nights in TR|spd|1
|faint|p1a: Hatterene
|
|-status|p2a: 5 Nights in TR|brn|[from] item: Flame Orb
|upkeep
|
|t:|1757845573
|switch|p1a: GREAT Bait|Torkoal, M, shiny|100/100
|-weather|SunnyDay|[from] ability: Drought|[of] p1a: GREAT Bait
|turn|14
|
|t:|1757845582
|switch|p2a: LEBRON|Iron Hands|100/100
|-enditem|p2a: LEBRON|Booster Energy
|-activate|p2a: LEBRON|ability: Quark Drive|[fromitem]
|-start|p2a: LEBRON|quarkdriveatk
|move|p1a: GREAT Bait|Eruption|p2a: LEBRON
|-damage|p2a: LEBRON|32/100
|
|-weather|SunnyDay|[upkeep]
|upkeep
|turn|15
|
|t:|1757845592
|move|p1a: GREAT Bait|Eruption|p2a: LEBRON
|-damage|p2a: LEBRON|0 fnt
|faint|p2a: LEBRON
|-end|p2a: LEBRON|Quark Drive|[silent]
|
|-weather|SunnyDay|[upkeep]
|-fieldend|move: Trick Room
|upkeep
|
|t:|1757845593
|switch|p2a: 5 Nights in TR|Ursaluna, F, shiny|100/100 brn
|turn|16
|c|☆go b3yond|Türkmüsün
|
|t:|1757845601
|-terastallize|p2a: 5 Nights in TR|Normal
|move|p2a: 5 Nights in TR|Facade|p1a: GREAT Bait
|-damage|p1a: GREAT Bait|0 fnt
|faint|p1a: GREAT Bait
|
|-weather|SunnyDay|[upkeep]
|-damage|p2a: 5 Nights in TR|94/100 brn|[from] brn
|upkeep
|
|t:|1757845610
|switch|p1a: Ceruledge|Ceruledge, F|100/100
|turn|17
|
|t:|1757845612
|move|p1a: Ceruledge|Bitter Blade|p2a: 5 Nights in TR
|-damage|p2a: 5 Nights in TR|47/100 brn
|move|p2a: 5 Nights in TR|Headlong Rush|p1a: Ceruledge
|-supereffective|p1a: Ceruledge
|-damage|p1a: Ceruledge|0 fnt
|-unboost|p2a: 5 Nights in TR|def|1
|-unboost|p2a: 5 Nights in TR|spd|1
|faint|p1a: Ceruledge
|
|-weather|SunnyDay|[upkeep]
|-damage|p2a: 5 Nights in TR|40/100 brn|[from] brn
|upkeep
|
|t:|1757845617
|switch|p1a: Walking Wake|Walking Wake|100/100
|-activate|p1a: Walking Wake|ability: Protosynthesis
|-start|p1a: Walking Wake|protosynthesisspe
|turn|18
|
|t:|1757845622
|move|p1a: Walking Wake|Hydro Steam|p2a: 5 Nights in TR
|-crit|p2a: 5 Nights in TR
|-damage|p2a: 5 Nights in TR|0 fnt
|faint|p2a: 5 Nights in TR
|
|win|go b3yond
|raw|go b3yond's rating: 1441 &rarr; <strong>1463</strong><br />(+22 for winning)
|raw|mtxo's rating: 1483 &rarr; <strong>1461</strong><br />(-22 for losing)
|l|☆mtxo
|player|p2|
|c|☆go b3yond|Gg
|l|☆go b3yond
|player|p1|
