|j|☆slugger_6703
|j|☆licsaurio
|t:|1757831050
|gametype|singles
|player|p1|slugger_6703|nate|1203
|player|p2|licsaurio|265|1169
|gen|9
|tier|[Gen 9] OU
|rated|
|rule|HP Percentage Mod: HP is shown in percentages
|rule|Endless Battle Clause: Forcing endless battles is banned
|rule|Species Clause: Limit one of each Pokémon
|rule|OHKO Clause: OHKO moves are banned
|rule|Evasion Items Clause: Evasion items are banned
|rule|Evasion Moves Clause: Evasion moves are banned
|rule|Evasion Abilities Clause: Evasion abilities are banned
|rule|Sleep Moves Clause: Sleep-inducing moves are banned
|clearpoke
|poke|p1|Basculegion-F, F|
|poke|p1|Pelipper, F|
|poke|p1|Barraskewda, M|
|poke|p1|Kingambit, F|
|poke|p1|Iron Treads|
|poke|p1|Raging Bolt|
|poke|p2|Landorus-Therian, M|
|poke|p2|Kingambit, F|
|poke|p2|Blaziken, F|
|poke|p2|Dragapult, F|
|poke|p2|Hatterene, F|
|poke|p2|Ursaluna, F|
|teampreview
|inactive|Battle timer is ON: inactive players will automatically lose when time's up. (requested by slugger_6703)
|
|t:|1757831066
|teamsize|p1|6
|teamsize|p2|6
|start
|switch|p1a: Pelipper|Pelipper, F|100/100
|switch|p2a: Hatterene|Hatterene, F|100/100
|-weather|RainDance|[from] ability: Drizzle|[of] p1a: Pelipper
|turn|1
|
|t:|1757831083
|move|p1a: Pelipper|U-turn|p2a: Hatterene
|-damage|p2a: Hatterene|90/100
|
|t:|1757831088
|switch|p1a: Basculegion|Basculegion-F, F|100/100|[from] U-turn
|move|p2a: Hatterene|Trick Room|p2a: Hatterene
|-fieldstart|move: Trick Room|[of] p2a: Hatterene
|
|-weather|RainDance|[upkeep]
|-heal|p2a: Hatterene|96/100|[from] item: Leftovers
|upkeep
|turn|2
|inactive|licsaurio has 120 seconds left.
|
|t:|1757831129
|move|p2a: Hatterene|Misty Explosion|p1a: Basculegion
|-damage|p1a: Basculegion|33/100
|faint|p2a: Hatterene
|move|p1a: Basculegion|Surf|p2: Hatterene|[notarget]
|-fail|p1a: Basculegion
|
|-weather|RainDance|[upkeep]
|upkeep
|
|t:|1757831140
|switch|p2a: Ursaluna|Ursaluna, F|100/100
|turn|3
|
|t:|1757831155
|move|p2a: Ursaluna|Headlong Rush|p1a: Basculegion
|-damage|p1a: Basculegion|0 fnt
|-unboost|p2a: Ursaluna|def|1
|-unboost|p2a: Ursaluna|spd|1
|faint|p1a: Basculegion
|
|-weather|RainDance|[upkeep]
|-status|p2a: Ursaluna|brn|[from] item: Flame Orb
|upkeep
|
|t:|1757831172
|switch|p1a: Pelipper|Pelipper, F|100/100
|turn|4
|
|t:|1757831180
|move|p1a: Pelipper|Surf|p2a: Ursaluna
|-supereffective|p2a: Ursaluna
|-damage|p2a: Ursaluna|0 fnt
|faint|p2a: Ursaluna
|
|-weather|RainDance|[upkeep]
|upkeep
|
|t:|1757831197
|switch|p2a: Dragapult|Dragapult, F|100/100
|turn|5
|
|t:|1757831207
|switch|p1a: Iron Treads|Iron Treads|100/100
|move|p2a: Dragapult|Thunderbolt|p1a: Iron Treads
|-immune|p1a: Iron Treads
|
|-weather|RainDance|[upkeep]
|-fieldend|move: Trick Room
|upkeep
|turn|6
|inactive|licsaurio has 120 seconds left.
|
|t:|1757831219
|switch|p2a: Landorus|Landorus-Therian, M|100/100
|-ability|p2a: Landorus|Intimidate|boost
|-unboost|p1a: Iron Treads|atk|1
|move|p1a: Iron Treads|Ice Spinner|p2a: Landorus
|-supereffective|p2a: Landorus
|-damage|p2a: Landorus|33/100
|-damage|p1a: Iron Treads|84/100|[from] item: Rocky Helmet|[of] p2a: Landorus
|
|-weather|RainDance|[upkeep]
|upkeep
|turn|7
|inactive|licsaurio has 120 seconds left.
|
|t:|1757831244
|-end|p1a: Iron Treads|Quark Drive|[silent]
|switch|p1a: Pelipper|Pelipper, F|100/100
|move|p2a: Landorus|Stealth Rock|p1a: Pelipper
|-sidestart|p1: slugger_6703|move: Stealth Rock
|
|-weather|RainDance|[upkeep]
|upkeep
|turn|8
|
|t:|1757831264
|-terastallize|p1a: Pelipper|Ground
|move|p2a: Landorus|Taunt|p1a: Pelipper
|-start|p1a: Pelipper|move: Taunt
|move|p1a: Pelipper|Surf|p2a: Landorus
|-supereffective|p2a: Landorus
|-damage|p2a: Landorus|0 fnt
|faint|p2a: Landorus
|
|-weather|none
|upkeep
|inactive|licsaurio has 90 seconds left.
|
|t:|1757831283
|switch|p2a: Dragapult|Dragapult, F|100/100
|turn|9
|inactive|licsaurio has 90 seconds left.
|
|t:|1757831295
|move|p2a: Dragapult|Draco Meteor|p1a: Pelipper
|-damage|p1a: Pelipper|0 fnt
|-unboost|p2a: Dragapult|spa|2
|faint|p1a: Pelipper
|
|upkeep
|
|t:|1757831309
|switch|p1a: Kingambit|Kingambit, F|100/100
|-damage|p1a: Kingambit|94/100|[from] Stealth Rock
|-activate|p1a: Kingambit|ability: Supreme Overlord
|-start|p1a: Kingambit|fallen2|[silent]
|turn|10
|inactive|licsaurio has 90 seconds left.
|
|t:|1757831343
|switch|p2a: Kingambit|Kingambit, F|100/100
|-activate|p2a: Kingambit|ability: Supreme Overlord
|-start|p2a: Kingambit|fallen3|[silent]
|move|p1a: Kingambit|Kowtow Cleave|p2a: Kingambit
|-resisted|p2a: Kingambit
|-damage|p2a: Kingambit|80/100
|
|-heal|p1a: Kingambit|100/100|[from] item: Leftovers
|upkeep
|turn|11
|
|t:|1757831360
|move|p1a: Kingambit|Swords Dance|p1a: Kingambit
|-boost|p1a: Kingambit|atk|2
|move|p2a: Kingambit|Swords Dance|p2a: Kingambit
|-boost|p2a: Kingambit|atk|2
|
|upkeep
|turn|12
|inactive|licsaurio has 60 seconds left.
|
|t:|1757831376
|move|p1a: Kingambit|Iron Head|p2a: Kingambit
|-resisted|p2a: Kingambit
|-damage|p2a: Kingambit|39/100
|move|p2a: Kingambit|Kowtow Cleave|p1a: Kingambit
|-resisted|p1a: Kingambit
|-damage|p1a: Kingambit|28/100
|-damage|p2a: Kingambit|29/100|[from] item: Life Orb
|
|-heal|p1a: Kingambit|35/100|[from] item: Leftovers
|upkeep
|turn|13
|inactive|licsaurio has 60 seconds left.
|
|t:|1757831397
|move|p1a: Kingambit|Sucker Punch|p2a: Kingambit
|-resisted|p2a: Kingambit
|-damage|p2a: Kingambit|0 fnt
|faint|p2a: Kingambit
|-end|p2a: Kingambit|fallen3|[silent]
|
|-heal|p1a: Kingambit|41/100|[from] item: Leftovers
|upkeep
|
|t:|1757831406
|switch|p2a: Blaziken|Blaziken, F|100/100
|turn|14
|
|t:|1757831426
|-end|p1a: Kingambit|fallen2|[silent]
|switch|p1a: Barraskewda|Barraskewda, M|100/100
|-damage|p1a: Barraskewda|88/100|[from] Stealth Rock
|move|p2a: Blaziken|Swords Dance|p2a: Blaziken
|-boost|p2a: Blaziken|atk|2
|
|-ability|p2a: Blaziken|Speed Boost|boost
|-boost|p2a: Blaziken|spe|1
|upkeep
|turn|15
|
|t:|1757831438
|move|p2a: Blaziken|Detect|p2a: Blaziken
|-singleturn|p2a: Blaziken|Protect
|move|p1a: Barraskewda|Aqua Jet|p2a: Blaziken
|-activate|p2a: Blaziken|move: Protect
|
|-ability|p2a: Blaziken|Speed Boost|boost
|-boost|p2a: Blaziken|spe|1
|upkeep
|turn|16
|
|t:|1757831449
|move|p1a: Barraskewda|Aqua Jet|p2a: Blaziken
|-supereffective|p2a: Blaziken
|-enditem|p2a: Blaziken|Focus Sash
|-damage|p2a: Blaziken|1/100
|move|p2a: Blaziken|Close Combat|p1a: Barraskewda
|-damage|p1a: Barraskewda|0 fnt
|-unboost|p2a: Blaziken|def|1
|-unboost|p2a: Blaziken|spd|1
|faint|p1a: Barraskewda
|
|-ability|p2a: Blaziken|Speed Boost|boost
|-boost|p2a: Blaziken|spe|1
|upkeep
|
|t:|1757831454
|switch|p1a: Kingambit|Kingambit, F|41/100
|-damage|p1a: Kingambit|35/100|[from] Stealth Rock
|-activate|p1a: Kingambit|ability: Supreme Overlord
|-start|p1a: Kingambit|fallen3|[silent]
|turn|17
|inactive|licsaurio has 60 seconds left.
|
|t:|1757831477
|move|p1a: Kingambit|Sucker Punch|p2a: Blaziken
|-resisted|p2a: Blaziken
|-damage|p2a: Blaziken|0 fnt
|faint|p2a: Blaziken
|
|-heal|p1a: Kingambit|41/100|[from] item: Leftovers
|upkeep
|-message|licsaurio forfeited.
|
|win|slugger_6703
|raw|slugger_6703's rating: 1203 &rarr; <strong>1226</strong><br />(+23 for winning)
|raw|licsaurio's rating: 1169 &rarr; <strong>1146</strong><br />(-23 for losing)
|l|☆licsaurio
|player|p2|
|l|☆slugger_6703
|player|p1|
