|j|☆bellaisbad
|j|☆OnArceus
|t:|1757890193
|gametype|singles
|player|p1|bellaisbad|miku-fairy|1713
|player|p2|OnArceus|#scl2spartans|1869
|gen|9
|tier|[Gen 9] OU
|rated|
|rule|HP Percentage Mod: HP is shown in percentages
|rule|Endless Battle Clause: Forcing endless battles is banned
|rule|Species Clause: Limit one of each Pokémon
|rule|OHKO Clause: OHKO moves are banned
|rule|Evasion Items Clause: Evasion items are banned
|rule|Evasion Moves Clause: Evasion moves are banned
|rule|Evasion Abilities Clause: Evasion abilities are banned
|rule|Sleep Moves Clause: Sleep-inducing moves are banned
|clearpoke
|poke|p1|Kyurem|
|poke|p1|Corviknight, M|
|poke|p1|Ting-Lu|
|poke|p1|Suicune|
|poke|p1|Slowking-Galar, M|
|poke|p1|Cinderace, M|
|poke|p2|Ursaluna, M|
|poke|p2|Meowscarada, M|
|poke|p2|Gholdengo|
|poke|p2|Great Tusk|
|poke|p2|Slowking-Galar, F|
|poke|p2|Moltres|
|teampreview
|j| Jey2
|
|t:|1757890228
|teamsize|p1|6
|teamsize|p2|6
|start
|switch|p1a: Kyurem|Kyurem|100/100
|switch|p2a: Slowking|Slowking-Galar, F|100/100
|-ability|p1a: Kyurem|Pressure
|turn|1
|
|t:|1757890243
|move|p1a: Kyurem|Substitute|p1a: Kyurem
|-start|p1a: Kyurem|Substitute
|-damage|p1a: Kyurem|75/100
|move|p2a: Slowking|Sludge Bomb|p1a: Kyurem
|-end|p1a: Kyurem|Substitute
|
|-heal|p1a: Kyurem|82/100|[from] item: Leftovers
|upkeep
|turn|2
|
|t:|1757890250
|move|p1a: Kyurem|Protect|p1a: Kyurem
|-singleturn|p1a: Kyurem|Protect
|move|p2a: Slowking|Future Sight|p1a: Kyurem
|-start|p2a: Slowking|move: Future Sight
|
|-heal|p1a: Kyurem|88/100|[from] item: Leftovers
|upkeep
|turn|3
|
|t:|1757890255
|move|p1a: Kyurem|Substitute|p1a: Kyurem
|-start|p1a: Kyurem|Substitute
|-damage|p1a: Kyurem|63/100
|-prepare|p2a: Slowking|Chilly Reception|[premajor]
|move|p2a: Slowking|Chilly Reception|p2a: Slowking
|-weather|Snowscape
|
|t:|1757890259
|switch|p2a: Gholdengo|Gholdengo|100/100|[from] Chilly Reception
|
|-weather|Snowscape|[upkeep]
|-heal|p1a: Kyurem|69/100|[from] item: Leftovers
|upkeep
|turn|4
|
|t:|1757890261
|move|p1a: Kyurem|Protect|p1a: Kyurem
|-singleturn|p1a: Kyurem|Protect
|move|p2a: Gholdengo|Shadow Ball|p1a: Kyurem
|-activate|p1a: Kyurem|move: Protect
|
|-weather|Snowscape|[upkeep]
|-end|p1a: Kyurem|move: Future Sight
|-end|p1a: Kyurem|Substitute
|-heal|p1a: Kyurem|75/100|[from] item: Leftovers
|upkeep
|turn|5
|
|t:|1757890264
|switch|p1a: Ting-Lu|Ting-Lu|100/100
|-ability|p1a: Ting-Lu|Vessel of Ruin
|move|p2a: Gholdengo|Shadow Ball|p1a: Ting-Lu
|-resisted|p1a: Ting-Lu
|-damage|p1a: Ting-Lu|91/100
|
|-weather|Snowscape|[upkeep]
|-heal|p1a: Ting-Lu|97/100|[from] item: Leftovers
|upkeep
|turn|6
|
|t:|1757890268
|switch|p2a: Meowscarada|Meowscarada, M|100/100
|switch|p1a: Kyurem|Kyurem|75/100
|-ability|p1a: Kyurem|Pressure
|
|-weather|Snowscape|[upkeep]
|-heal|p1a: Kyurem|81/100|[from] item: Leftovers
|upkeep
|turn|7
|
|t:|1757890272
|move|p1a: Kyurem|Protect|p1a: Kyurem
|-singleturn|p1a: Kyurem|Protect
|move|p2a: Meowscarada|Knock Off|p1a: Kyurem
|-activate|p1a: Kyurem|move: Protect
|
|-weather|none
|-heal|p1a: Kyurem|88/100|[from] item: Leftovers
|upkeep
|turn|8
|
|t:|1757890276
|switch|p1a: Corviknight|Corviknight, M|100/100
|-ability|p1a: Corviknight|Pressure
|move|p2a: Meowscarada|U-turn|p1a: Corviknight
|-resisted|p1a: Corviknight
|-damage|p1a: Corviknight|97/100
|-damage|p2a: Meowscarada|84/100|[from] item: Rocky Helmet|[of] p1a: Corviknight
|
|t:|1757890279
|switch|p2a: Moltres|Moltres|100/100|[from] U-turn
|
|upkeep
|turn|9
|
|t:|1757890282
|switch|p1a: Slowking|Slowking-Galar, M|100/100
|move|p2a: Moltres|U-turn|p1a: Slowking
|-damage|p1a: Slowking|84/100
|
|t:|1757890285
|switch|p2a: Great Tusk|Great Tusk|100/100|[from] U-turn
|
|upkeep
|turn|10
|
|t:|1757890290
|switch|p1a: Corviknight|Corviknight, M|97/100
|-ability|p1a: Corviknight|Pressure
|move|p2a: Great Tusk|Headlong Rush|p1a: Corviknight
|-immune|p1a: Corviknight
|
|upkeep
|turn|11
|
|t:|1757890294
|move|p2a: Great Tusk|Temper Flare|p1a: Corviknight
|-supereffective|p1a: Corviknight
|-damage|p1a: Corviknight|34/100
|-damage|p2a: Great Tusk|84/100|[from] item: Rocky Helmet|[of] p1a: Corviknight
|move|p1a: Corviknight|Defog|p2a: Great Tusk
|-unboost|p2a: Great Tusk|evasion|1
|
|upkeep
|turn|12
|
|t:|1757890307
|-end|p2a: Great Tusk|Protosynthesis|[silent]
|switch|p2a: Moltres|Moltres|100/100
|switch|p1a: Suicune|Suicune|100/100
|-ability|p1a: Suicune|Pressure
|
|upkeep
|turn|13
|
|t:|1757890310
|switch|p2a: Meowscarada|Meowscarada, M|84/100
|move|p1a: Suicune|Calm Mind|p1a: Suicune
|-boost|p1a: Suicune|spa|1
|-boost|p1a: Suicune|spd|1
|
|upkeep
|turn|14
|
|t:|1757890312
|move|p1a: Suicune|Protect|p1a: Suicune
|-singleturn|p1a: Suicune|Protect
|move|p2a: Meowscarada|Spikes|p1a: Suicune
|-sidestart|p1: bellaisbad|Spikes
|
|upkeep
|turn|15
|
|t:|1757890324
|switch|p1a: Corviknight|Corviknight, M|34/100
|-ability|p1a: Corviknight|Pressure
|move|p2a: Meowscarada|Knock Off|p1a: Corviknight
|-damage|p1a: Corviknight|6/100
|-damage|p2a: Meowscarada|68/100|[from] item: Rocky Helmet|[of] p1a: Corviknight
|-enditem|p1a: Corviknight|Rocky Helmet|[from] move: Knock Off|[of] p2a: Meowscarada
|
|upkeep
|turn|16
|
|t:|1757890327
|move|p2a: Meowscarada|Knock Off|p1a: Corviknight
|-damage|p1a: Corviknight|0 fnt
|faint|p1a: Corviknight
|
|upkeep
|
|t:|1757890329
|switch|p1a: Cinderace|Cinderace, M|100/100
|turn|17
|
|t:|1757890331
|move|p2a: Meowscarada|U-turn|p1a: Cinderace
|-resisted|p1a: Cinderace
|-damage|p1a: Cinderace|88/100
|
|t:|1757890334
|switch|p2a: Moltres|Moltres|100/100|[from] U-turn
|move|p1a: Cinderace|Court Change|p1a: Cinderace
|-swapsideconditions
|-activate|p1a: Cinderace|move: Court Change
|
|upkeep
|turn|18
|
|t:|1757890336
|move|p1a: Cinderace|U-turn|p2a: Moltres
|-resisted|p2a: Moltres
|-crit|p2a: Moltres
|-damage|p2a: Moltres|96/100
|
|t:|1757890341
|switch|p1a: Kyurem|Kyurem|88/100|[from] U-turn
|-ability|p1a: Kyurem|Pressure
|move|p2a: Moltres|U-turn|p1a: Kyurem
|-damage|p1a: Kyurem|75/100
|
|t:|1757890345
|switch|p2a: Slowking|Slowking-Galar, F|100/100|[from] U-turn
|
|-heal|p1a: Kyurem|81/100|[from] item: Leftovers
|upkeep
|turn|19
|
|t:|1757890356
|switch|p1a: Slowking|Slowking-Galar, M|100/100
|move|p2a: Slowking|Future Sight|p1a: Slowking
|-start|p2a: Slowking|move: Future Sight
|
|upkeep
|turn|20
|
|t:|1757890359
|-prepare|p1a: Slowking|Chilly Reception|[premajor]
|move|p1a: Slowking|Chilly Reception|p1a: Slowking
|-weather|Snowscape
|
|t:|1757890365
|switch|p1a: Ting-Lu|Ting-Lu|97/100|[from] Chilly Reception
|-ability|p1a: Ting-Lu|Vessel of Ruin
|move|p2a: Slowking|Toxic Spikes|p1a: Ting-Lu
|-sidestart|p1: bellaisbad|move: Toxic Spikes
|
|-weather|Snowscape|[upkeep]
|-heal|p1a: Ting-Lu|100/100|[from] item: Leftovers
|upkeep
|turn|21
|
|t:|1757890368
|switch|p1a: Slowking|Slowking-Galar, M|100/100
|-sideend|p1: bellaisbad|move: Toxic Spikes|[of] p1a: Slowking
|-prepare|p2a: Slowking|Chilly Reception|[premajor]
|move|p2a: Slowking|Chilly Reception|p2a: Slowking
|
|t:|1757890371
|switch|p2a: Great Tusk|Great Tusk|84/100|[from] Chilly Reception
|-damage|p2a: Great Tusk|72/100|[from] Spikes
|
|-weather|Snowscape|[upkeep]
|-end|p1a: Slowking|move: Future Sight
|-damage|p1a: Slowking|73/100
|upkeep
|turn|22
|
|t:|1757890378
|move|p2a: Great Tusk|Stealth Rock|p1a: Slowking
|-sidestart|p1: bellaisbad|move: Stealth Rock
|move|p1a: Slowking|Psychic Noise|p2a: Great Tusk
|-supereffective|p2a: Great Tusk
|-damage|p2a: Great Tusk|0 fnt
|faint|p2a: Great Tusk
|-end|p2a: Great Tusk|Protosynthesis|[silent]
|
|-weather|Snowscape|[upkeep]
|upkeep
|
|t:|1757890381
|switch|p2a: Ursaluna|Ursaluna, M|100/100
|-damage|p2a: Ursaluna|88/100|[from] Spikes
|turn|23
|
|t:|1757890389
|move|p2a: Ursaluna|Bulk Up|p2a: Ursaluna
|-boost|p2a: Ursaluna|atk|1
|-boost|p2a: Ursaluna|def|1
|move|p1a: Slowking|Psychic Noise|p2a: Ursaluna
|-damage|p2a: Ursaluna|71/100
|-start|p2a: Ursaluna|move: Heal Block
|
|-weather|Snowscape|[upkeep]
|upkeep
|turn|24
|
|t:|1757890407
|move|p2a: Ursaluna|Earthquake|p1a: Slowking
|-supereffective|p1a: Slowking
|-damage|p1a: Slowking|0 fnt
|faint|p1a: Slowking
|
|-weather|none
|-end|p2a: Ursaluna|move: Heal Block
|upkeep
|
|t:|1757890411
|switch|p1a: Kyurem|Kyurem|81/100
|-damage|p1a: Kyurem|56/100|[from] Stealth Rock
|-ability|p1a: Kyurem|Pressure
|turn|25
|
|t:|1757890413
|-terastallize|p2a: Ursaluna|Fairy
|move|p1a: Kyurem|Freeze-Dry|p2a: Ursaluna
|-damage|p2a: Ursaluna|50/100
|move|p2a: Ursaluna|Earthquake|p1a: Kyurem
|-damage|p1a: Kyurem|0 fnt
|faint|p1a: Kyurem
|
|-heal|p2a: Ursaluna|57/100|[from] item: Leftovers
|upkeep
|
|t:|1757890419
|switch|p1a: Suicune|Suicune|100/100
|-damage|p1a: Suicune|88/100|[from] Stealth Rock
|-ability|p1a: Suicune|Pressure
|turn|26
|
|t:|1757890426
|move|p1a: Suicune|Calm Mind|p1a: Suicune
|-boost|p1a: Suicune|spa|1
|-boost|p1a: Suicune|spd|1
|move|p2a: Ursaluna|Bulk Up|p2a: Ursaluna
|-boost|p2a: Ursaluna|atk|1
|-boost|p2a: Ursaluna|def|1
|
|-heal|p1a: Suicune|94/100|[from] item: Leftovers
|-heal|p2a: Ursaluna|63/100|[from] item: Leftovers
|upkeep
|turn|27
|
|t:|1757890438
|move|p1a: Suicune|Calm Mind|p1a: Suicune
|-boost|p1a: Suicune|spa|1
|-boost|p1a: Suicune|spd|1
|move|p2a: Ursaluna|Earthquake|p1a: Suicune
|-damage|p1a: Suicune|39/100
|
|-heal|p1a: Suicune|45/100|[from] item: Leftovers
|-heal|p2a: Ursaluna|69/100|[from] item: Leftovers
|upkeep
|turn|28
|
|t:|1757890441
|move|p1a: Suicune|Scald|p2a: Ursaluna
|-damage|p2a: Ursaluna|38/100
|-status|p2a: Ursaluna|brn
|move|p2a: Ursaluna|Earthquake|p1a: Suicune
|-damage|p1a: Suicune|0 fnt
|faint|p1a: Suicune
|
|-heal|p2a: Ursaluna|44/100 brn|[from] item: Leftovers
|-damage|p2a: Ursaluna|38/100 brn|[from] brn
|upkeep
|
|t:|1757890444
|switch|p1a: Cinderace|Cinderace, M|88/100
|turn|29
|
|t:|1757890447
|move|p1a: Cinderace|U-turn|p2a: Ursaluna
|-resisted|p2a: Ursaluna
|-damage|p2a: Ursaluna|34/100 brn
|
|t:|1757890448
|switch|p1a: Ting-Lu|Ting-Lu|100/100|[from] U-turn
|-damage|p1a: Ting-Lu|94/100|[from] Stealth Rock
|-ability|p1a: Ting-Lu|Vessel of Ruin
|move|p2a: Ursaluna|Earthquake|p1a: Ting-Lu
|-damage|p1a: Ting-Lu|21/100
|
|-heal|p2a: Ursaluna|40/100 brn|[from] item: Leftovers
|-heal|p1a: Ting-Lu|27/100|[from] item: Leftovers
|-damage|p2a: Ursaluna|34/100 brn|[from] brn
|upkeep
|turn|30
|-message|bellaisbad forfeited.
|
|win|OnArceus
|raw|bellaisbad's rating: 1713 &rarr; <strong>1701</strong><br />(-12 for losing)
|raw|OnArceus's rating: 1869 &rarr; <strong>1881</strong><br />(+12 for winning)
|l|☆bellaisbad
|player|p1|
|l| Jey2
