|j|☆LucyLikePizza
|j|☆GirlFromBetelgeuse
|t:|1757839724
|gametype|singles
|player|p1|LucyLikePizza|2|1531
|player|p2|GirlFromBetelgeuse|guitarist|1589
|gen|9
|tier|[Gen 9] OU
|rated|
|rule|HP Percentage Mod: HP is shown in percentages
|rule|Endless Battle Clause: Forcing endless battles is banned
|rule|Species Clause: Limit one of each Pokémon
|rule|OHKO Clause: OHKO moves are banned
|rule|Evasion Items Clause: Evasion items are banned
|rule|Evasion Moves Clause: Evasion moves are banned
|rule|Evasion Abilities Clause: Evasion abilities are banned
|rule|Sleep Moves Clause: Sleep-inducing moves are banned
|clearpoke
|poke|p1|Greninja-*, M|
|poke|p1|Zarude-Dada|
|poke|p1|Moltres|
|poke|p1|Great Tusk|
|poke|p1|Goodra-Hisui, F|
|poke|p1|Gholdengo|
|poke|p2|Ninetales, M|
|poke|p2|Great Tusk|
|poke|p2|Walking Wake|
|poke|p2|Comfey, F|
|poke|p2|Venusaur, F|
|poke|p2|Gholdengo|
|teampreview
|
|t:|1757839736
|teamsize|p1|6
|teamsize|p2|6
|start
|switch|p1a: Goodra|Goodra-Hisui, F|100/100
|switch|p2a: NineGENDERS.|Ninetales, M|100/100
|-weather|SunnyDay|[from] ability: Drought|[of] p2a: NineGENDERS.
|turn|1
|
|t:|1757839744
|switch|p2a: Great THEY/THEM.|Great Tusk|100/100
|-activate|p2a: Great THEY/THEM.|ability: Protosynthesis
|-start|p2a: Great THEY/THEM.|protosynthesisatk
|move|p1a: Goodra|Draco Meteor|p2a: Great THEY/THEM.
|-damage|p2a: Great THEY/THEM.|3/100
|-unboost|p1a: Goodra|spa|2
|
|-weather|SunnyDay|[upkeep]
|upkeep
|turn|2
|
|t:|1757839749
|switch|p1a: Great Tusk|Great Tusk|100/100
|-activate|p1a: Great Tusk|ability: Protosynthesis
|-start|p1a: Great Tusk|protosynthesisdef
|move|p2a: Great THEY/THEM.|Close Combat|p1a: Great Tusk
|-damage|p1a: Great Tusk|69/100
|-unboost|p2a: Great THEY/THEM.|def|1
|-unboost|p2a: Great THEY/THEM.|spd|1
|-damage|p2a: Great THEY/THEM.|0 fnt|[from] item: Rocky Helmet|[of] p1a: Great Tusk
|faint|p2a: Great THEY/THEM.
|-end|p2a: Great THEY/THEM.|Protosynthesis|[silent]
|
|-weather|SunnyDay|[upkeep]
|upkeep
|
|t:|1757839757
|switch|p2a: Walking WOKE.|Walking Wake|100/100
|-activate|p2a: Walking WOKE.|ability: Protosynthesis
|-start|p2a: Walking WOKE.|protosynthesisspe
|turn|3
|
|t:|1757839770
|-end|p1a: Great Tusk|Protosynthesis|[silent]
|switch|p1a: Goodra|Goodra-Hisui, F|100/100
|move|p2a: Walking WOKE.|Weather Ball|p1a: Goodra
|-crit|p1a: Goodra
|-damage|p1a: Goodra|47/100
|
|-weather|SunnyDay|[upkeep]
|upkeep
|turn|4
|
|t:|1757839781
|-end|p2a: Walking WOKE.|Protosynthesis|[silent]
|switch|p2a: GholDEIngo.|Gholdengo|100/100
|move|p1a: Goodra|Flamethrower|p2a: GholDEIngo.
|-supereffective|p2a: GholDEIngo.
|-damage|p2a: GholDEIngo.|0 fnt
|faint|p2a: GholDEIngo.
|
|-weather|SunnyDay|[upkeep]
|upkeep
|
|t:|1757839799
|switch|p2a: Walking WOKE.|Walking Wake|100/100
|-activate|p2a: Walking WOKE.|ability: Protosynthesis
|-start|p2a: Walking WOKE.|protosynthesisspe
|turn|5
|
|t:|1757839804
|move|p2a: Walking WOKE.|Draco Meteor|p1a: Goodra
|-damage|p1a: Goodra|8/100
|-unboost|p2a: Walking WOKE.|spa|2
|move|p1a: Goodra|Dragon Tail|p2a: Walking WOKE.
|-supereffective|p2a: Walking WOKE.
|-damage|p2a: Walking WOKE.|62/100
|-end|p2a: Walking WOKE.|Protosynthesis|[silent]
|drag|p2a: NineGENDERS.|Ninetales, M|100/100
|
|-weather|SunnyDay|[upkeep]
|upkeep
|turn|6
|
|t:|1757839809
|move|p2a: NineGENDERS.|Weather Ball|p1a: Goodra
|-damage|p1a: Goodra|0 fnt
|faint|p1a: Goodra
|
|-weather|SunnyDay|[upkeep]
|upkeep
|
|t:|1757839819
|switch|p1a: Greninja|Greninja, M|100/100
|turn|7
|
|t:|1757839825
|switch|p2a: VenuSOROS.|Venusaur, F|100/100
|move|p1a: Greninja|Gunk Shot|p2a: VenuSOROS.
|-start|p1a: Greninja|typechange|Poison|[from] ability: Protean
|-damage|p2a: VenuSOROS.|0 fnt
|faint|p2a: VenuSOROS.
|
|-weather|SunnyDay|[upkeep]
|upkeep
|
|t:|1757839828
|switch|p2a: Walking WOKE.|Walking Wake|62/100
|-activate|p2a: Walking WOKE.|ability: Protosynthesis
|-start|p2a: Walking WOKE.|protosynthesisspe
|turn|8
|
|t:|1757839836
|switch|p1a: Great Tusk|Great Tusk|69/100
|-activate|p1a: Great Tusk|ability: Protosynthesis
|-start|p1a: Great Tusk|protosynthesisdef
|-terastallize|p2a: Walking WOKE.|Water
|move|p2a: Walking WOKE.|Hydro Steam|p1a: Great Tusk
|-supereffective|p1a: Great Tusk
|-damage|p1a: Great Tusk|0 fnt
|faint|p1a: Great Tusk
|-end|p1a: Great Tusk|Protosynthesis|[silent]
|
|-weather|none
|-end|p2a: Walking WOKE.|Protosynthesis
|upkeep
|
|t:|1757839840
|switch|p1a: Greninja|Greninja, M|100/100
|turn|9
|
|t:|1757839847
|move|p1a: Greninja|Toxic Spikes|p2a: Walking WOKE.
|-start|p1a: Greninja|typechange|Poison|[from] ability: Protean
|-sidestart|p2: GirlFromBetelgeuse|move: Toxic Spikes
|move|p2a: Walking WOKE.|Hydro Steam|p1a: Greninja
|-damage|p1a: Greninja|0 fnt
|faint|p1a: Greninja
|
|upkeep
|
|t:|1757839850
|switch|p1a: Zarude|Zarude-Dada|100/100
|turn|10
|
|t:|1757839859
|-end|p2a: Walking WOKE.|Protosynthesis|[silent]
|switch|p2a: NineGENDERS.|Ninetales, M|100/100
|-status|p2a: NineGENDERS.|psn
|-weather|SunnyDay|[from] ability: Drought|[of] p2a: NineGENDERS.
|move|p1a: Zarude|Trailblaze|p2a: NineGENDERS.
|-resisted|p2a: NineGENDERS.
|-crit|p2a: NineGENDERS.
|-damage|p2a: NineGENDERS.|75/100 psn
|-boost|p1a: Zarude|spe|1
|
|-weather|SunnyDay|[upkeep]
|-damage|p2a: NineGENDERS.|63/100 psn|[from] psn
|upkeep
|turn|11
|
|t:|1757839875
|-terastallize|p1a: Zarude|Fairy
|move|p1a: Zarude|Knock Off|p2a: NineGENDERS.
|-damage|p2a: NineGENDERS.|0 fnt
|-enditem|p2a: NineGENDERS.|Heat Rock|[from] move: Knock Off|[of] p1a: Zarude
|faint|p2a: NineGENDERS.
|
|-weather|SunnyDay|[upkeep]
|upkeep
|
|t:|1757839879
|switch|p2a: Walking WOKE.|Walking Wake, tera:Water|62/100
|-status|p2a: Walking WOKE.|psn
|-activate|p2a: Walking WOKE.|ability: Protosynthesis
|-start|p2a: Walking WOKE.|protosynthesisspe
|turn|12
|c|☆GirlFromBetelgeuse|gg
|
|t:|1757839885
|move|p2a: Walking WOKE.|Hydro Steam|p1a: Zarude
|-damage|p1a: Zarude|0 fnt
|faint|p1a: Zarude
|
|-weather|SunnyDay|[upkeep]
|-damage|p2a: Walking WOKE.|50/100 psn|[from] psn
|upkeep
|c|☆LucyLikePizza|gg
|
|t:|1757839898
|switch|p1a: Gholdengo|Gholdengo|100/100
|turn|13
|
|t:|1757839901
|move|p2a: Walking WOKE.|Hydro Steam|p1a: Gholdengo
|-damage|p1a: Gholdengo|15/100
|move|p1a: Gholdengo|Hex|p2a: Walking WOKE.
|-damage|p2a: Walking WOKE.|0 fnt
|faint|p2a: Walking WOKE.
|-end|p2a: Walking WOKE.|Protosynthesis|[silent]
|
|-weather|SunnyDay|[upkeep]
|-heal|p1a: Gholdengo|21/100|[from] item: Leftovers
|upkeep
|c|☆GirlFromBetelgeuse|wtf
|
|t:|1757839908
|switch|p2a: Comfey|Comfey, F|100/100
|-status|p2a: Comfey|psn
|turn|14
|c|☆GirlFromBetelgeuse|is it av or smth
|
|t:|1757839914
|move|p2a: Comfey|Growth|p2a: Comfey
|-boost|p2a: Comfey|atk|2
|-boost|p2a: Comfey|spa|2
|move|p1a: Gholdengo|Hex|p2a: Comfey
|-crit|p2a: Comfey
|-damage|p2a: Comfey|9/100 psn
|
|-weather|SunnyDay|[upkeep]
|-heal|p1a: Gholdengo|27/100|[from] item: Leftovers
|-damage|p2a: Comfey|0 fnt|[from] psn
|faint|p2a: Comfey
|
|win|LucyLikePizza
|raw|LucyLikePizza's rating: 1531 &rarr; <strong>1554</strong><br />(+23 for winning)
|raw|GirlFromBetelgeuse's rating: 1589 &rarr; <strong>1566</strong><br />(-23 for losing)
|c|☆LucyLikePizza|nope just max spd
|l|☆LucyLikePizza
|player|p1|
|l|☆GirlFromBetelgeuse
|player|p2|
