|j|☆kenjihibiki
|j|☆tommy1928
|t:|1757828714
|gametype|singles
|player|p1|kenjihibiki|hilbert|1480
|player|p2|tommy1928|101|1587
|gen|9
|tier|[Gen 9] OU
|rated|
|rule|HP Percentage Mod: HP is shown in percentages
|rule|Endless Battle Clause: Forcing endless battles is banned
|rule|Species Clause: Limit one of each Pokémon
|rule|OHKO Clause: OHKO moves are banned
|rule|Evasion Items Clause: Evasion items are banned
|rule|Evasion Moves Clause: Evasion moves are banned
|rule|Evasion Abilities Clause: Evasion abilities are banned
|rule|Sleep Moves Clause: Sleep-inducing moves are banned
|clearpoke
|poke|p1|Pelipper, F|
|poke|p1|Kingdra, M|
|poke|p1|Feraligatr, M|
|poke|p1|Scizor, M|
|poke|p1|Sinistcha|
|poke|p1|Raging Bolt|
|poke|p2|Torkoal, F|
|poke|p2|Ceruledge, F|
|poke|p2|Raging Bolt|
|poke|p2|Great Tusk|
|poke|p2|Walking Wake|
|poke|p2|Alomomola, F|
|teampreview
|inactive|Battle timer is ON: inactive players will automatically lose when time's up. (requested by kenjihibiki)
|
|t:|1757828720
|teamsize|p1|6
|teamsize|p2|6
|start
|switch|p1a: Raging Bolt|Raging Bolt|100/100
|switch|p2a: Torkoal|Torkoal, F, shiny|100/100
|-weather|SunnyDay|[from] ability: Drought|[of] p2a: Torkoal
|-activate|p1a: Raging Bolt|ability: Protosynthesis
|-start|p1a: Raging Bolt|protosynthesisspa
|turn|1
|
|t:|1757828739
|switch|p2a: Great Tusk|Great Tusk|100/100
|-activate|p2a: Great Tusk|ability: Protosynthesis
|-start|p2a: Great Tusk|protosynthesisdef
|move|p1a: Raging Bolt|Draco Meteor|p2a: Great Tusk
|-damage|p2a: Great Tusk|0 fnt
|-unboost|p1a: Raging Bolt|spa|2
|faint|p2a: Great Tusk
|-end|p2a: Great Tusk|Protosynthesis|[silent]
|
|-weather|SunnyDay|[upkeep]
|upkeep
|
|t:|1757828747
|switch|p2a: Raging Bolt|Raging Bolt|100/100
|-activate|p2a: Raging Bolt|ability: Protosynthesis
|-start|p2a: Raging Bolt|protosynthesisdef
|turn|2
|
|t:|1757828753
|-terastallize|p1a: Raging Bolt|Fairy
|-terastallize|p2a: Raging Bolt|Bug
|move|p1a: Raging Bolt|Draco Meteor|p2a: Raging Bolt
|-damage|p2a: Raging Bolt|61/100
|-unboost|p1a: Raging Bolt|spa|2
|move|p2a: Raging Bolt|Substitute|p2a: Raging Bolt
|-start|p2a: Raging Bolt|Substitute
|-damage|p2a: Raging Bolt|36/100
|
|-weather|SunnyDay|[upkeep]
|-heal|p2a: Raging Bolt|42/100|[from] item: Leftovers
|upkeep
|turn|3
|
|t:|1757828767
|-end|p1a: Raging Bolt|Protosynthesis|[silent]
|switch|p1a: Pelipper|Pelipper, F|100/100
|-weather|RainDance|[from] ability: Drizzle|[of] p1a: Pelipper
|-end|p2a: Raging Bolt|Protosynthesis
|move|p2a: Raging Bolt|Calm Mind|p2a: Raging Bolt
|-boost|p2a: Raging Bolt|spa|1
|-boost|p2a: Raging Bolt|spd|1
|
|-weather|RainDance|[upkeep]
|-heal|p2a: Raging Bolt|48/100|[from] item: Leftovers
|upkeep
|turn|4
|
|t:|1757828796
|switch|p1a: Raging Bolt|Raging Bolt, tera:Fairy|100/100
|-enditem|p1a: Raging Bolt|Booster Energy
|-activate|p1a: Raging Bolt|ability: Protosynthesis|[fromitem]
|-start|p1a: Raging Bolt|protosynthesisspa
|move|p2a: Raging Bolt|Calm Mind|p2a: Raging Bolt
|-boost|p2a: Raging Bolt|spa|1
|-boost|p2a: Raging Bolt|spd|1
|
|-weather|RainDance|[upkeep]
|-heal|p2a: Raging Bolt|54/100|[from] item: Leftovers
|upkeep
|turn|5
|inactive|tommy1928 has 120 seconds left.
|
|t:|1757828813
|move|p1a: Raging Bolt|Thunderbolt|p2a: Raging Bolt
|-end|p2a: Raging Bolt|Substitute
|move|p2a: Raging Bolt|Calm Mind|p2a: Raging Bolt
|-boost|p2a: Raging Bolt|spa|1
|-boost|p2a: Raging Bolt|spd|1
|
|-weather|RainDance|[upkeep]
|-heal|p2a: Raging Bolt|61/100|[from] item: Leftovers
|upkeep
|turn|6
|
|t:|1757828820
|move|p1a: Raging Bolt|Thunderbolt|p2a: Raging Bolt
|-damage|p2a: Raging Bolt|39/100
|move|p2a: Raging Bolt|Calm Mind|p2a: Raging Bolt
|-boost|p2a: Raging Bolt|spa|1
|-boost|p2a: Raging Bolt|spd|1
|
|-weather|RainDance|[upkeep]
|-heal|p2a: Raging Bolt|45/100|[from] item: Leftovers
|upkeep
|turn|7
|
|t:|1757828832
|move|p1a: Raging Bolt|Thunderbolt|p2a: Raging Bolt
|-damage|p2a: Raging Bolt|25/100
|move|p2a: Raging Bolt|Substitute|p2a: Raging Bolt
|-fail|p2a: Raging Bolt|move: Substitute|[weak]
|
|-weather|RainDance|[upkeep]
|-heal|p2a: Raging Bolt|31/100|[from] item: Leftovers
|upkeep
|turn|8
|
|t:|1757828838
|move|p1a: Raging Bolt|Thunderbolt|p2a: Raging Bolt
|-damage|p2a: Raging Bolt|12/100
|move|p2a: Raging Bolt|Discharge|p1a: Raging Bolt
|-crit|p1a: Raging Bolt
|-damage|p1a: Raging Bolt|0 fnt
|faint|p1a: Raging Bolt
|-end|p1a: Raging Bolt|Protosynthesis|[silent]
|
|-weather|RainDance|[upkeep]
|-heal|p2a: Raging Bolt|18/100|[from] item: Leftovers
|upkeep
|
|t:|1757828847
|switch|p1a: Scizor|Scizor, M|100/100
|turn|9
|
|t:|1757828850
|move|p1a: Scizor|Bullet Punch|p2a: Raging Bolt
|-damage|p2a: Raging Bolt|0 fnt
|faint|p2a: Raging Bolt
|-end|p2a: Raging Bolt|Protosynthesis|[silent]
|
|-weather|RainDance|[upkeep]
|upkeep
|
|t:|1757828856
|switch|p2a: Torkoal|Torkoal, F, shiny|100/100
|-weather|SunnyDay|[from] ability: Drought|[of] p2a: Torkoal
|turn|10
|
|t:|1757828860
|switch|p1a: Pelipper|Pelipper, F|100/100
|-weather|RainDance|[from] ability: Drizzle|[of] p1a: Pelipper
|move|p2a: Torkoal|Stealth Rock|p1a: Pelipper
|-sidestart|p1: kenjihibiki|move: Stealth Rock
|
|-weather|RainDance|[upkeep]
|upkeep
|turn|11
|
|t:|1757828867
|switch|p2a: Alomomola|Alomomola, F|100/100
|move|p1a: Pelipper|U-turn|p2a: Alomomola
|-damage|p2a: Alomomola|94/100
|
|t:|1757828875
|switch|p1a: Feraligatr|Feraligatr, M|100/100|[from] U-turn
|-damage|p1a: Feraligatr|88/100|[from] Stealth Rock
|
|-weather|RainDance|[upkeep]
|upkeep
|turn|12
|
|t:|1757828884
|move|p1a: Feraligatr|Dragon Dance|p1a: Feraligatr
|-boost|p1a: Feraligatr|atk|1
|-boost|p1a: Feraligatr|spe|1
|move|p2a: Alomomola|Flip Turn|p1a: Feraligatr
|-resisted|p1a: Feraligatr
|-damage|p1a: Feraligatr|75/100
|
|t:|1757828887
|switch|p2a: Torkoal|Torkoal, F, shiny|100/100|[from] Flip Turn
|-weather|SunnyDay|[from] ability: Drought|[of] p2a: Torkoal
|
|-weather|SunnyDay|[upkeep]
|upkeep
|turn|13
|
|t:|1757828894
|move|p1a: Feraligatr|Liquidation|p2a: Torkoal
|-supereffective|p2a: Torkoal
|-damage|p2a: Torkoal|30/100
|move|p2a: Torkoal|Will-O-Wisp|p1a: Feraligatr
|-status|p1a: Feraligatr|brn
|
|-weather|SunnyDay|[upkeep]
|-damage|p1a: Feraligatr|69/100 brn|[from] brn
|upkeep
|turn|14
|
|t:|1757828902
|switch|p2a: Walking Wake|Walking Wake|100/100
|-activate|p2a: Walking Wake|ability: Protosynthesis
|-start|p2a: Walking Wake|protosynthesisspe
|move|p1a: Feraligatr|Liquidation|p2a: Walking Wake
|-resisted|p2a: Walking Wake
|-damage|p2a: Walking Wake|94/100
|
|-weather|SunnyDay|[upkeep]
|-damage|p1a: Feraligatr|63/100 brn|[from] brn
|upkeep
|turn|15
|
|t:|1757828922
|move|p2a: Walking Wake|Hydro Steam|p1a: Feraligatr
|-resisted|p1a: Feraligatr
|-damage|p1a: Feraligatr|13/100 brn
|-damage|p2a: Walking Wake|84/100|[from] item: Life Orb
|move|p1a: Feraligatr|Crunch|p2a: Walking Wake
|-damage|p2a: Walking Wake|53/100
|
|-weather|SunnyDay|[upkeep]
|-damage|p1a: Feraligatr|7/100 brn|[from] brn
|upkeep
|turn|16
|
|t:|1757828931
|move|p2a: Walking Wake|Hydro Steam|p1a: Feraligatr
|-resisted|p1a: Feraligatr
|-damage|p1a: Feraligatr|0 fnt
|faint|p1a: Feraligatr
|-damage|p2a: Walking Wake|43/100|[from] item: Life Orb
|
|-weather|SunnyDay|[upkeep]
|upkeep
|
|t:|1757828939
|switch|p1a: Sinistcha|Sinistcha|100/100
|-damage|p1a: Sinistcha|88/100|[from] Stealth Rock
|turn|17
|
|t:|1757828951
|move|p2a: Walking Wake|Draco Meteor|p1a: Sinistcha
|-damage|p1a: Sinistcha|5/100
|-unboost|p2a: Walking Wake|spa|2
|-damage|p2a: Walking Wake|33/100|[from] item: Life Orb
|move|p1a: Sinistcha|Matcha Gotcha|p2a: Walking Wake
|-damage|p2a: Walking Wake|0 fnt
|-heal|p1a: Sinistcha|21/100|[from] drain|[of] p2a: Walking Wake
|faint|p2a: Walking Wake
|-end|p2a: Walking Wake|Protosynthesis|[silent]
|
|-weather|SunnyDay|[upkeep]
|upkeep
|
|t:|1757828971
|switch|p2a: Ceruledge|Ceruledge, F|100/100
|-item|p2a: Ceruledge|Air Balloon
|turn|18
|
|t:|1757828975
|move|p2a: Ceruledge|Poltergeist|p1a: Sinistcha
|-activate|p1a: Sinistcha|move: Poltergeist|Rocky Helmet
|-supereffective|p1a: Sinistcha
|-damage|p1a: Sinistcha|0 fnt
|faint|p1a: Sinistcha
|
|-weather|SunnyDay|[upkeep]
|upkeep
|
|t:|1757828981
|switch|p1a: Pelipper|Pelipper, F|100/100
|-damage|p1a: Pelipper|75/100|[from] Stealth Rock
|-weather|RainDance|[from] ability: Drizzle|[of] p1a: Pelipper
|turn|19
|
|t:|1757828989
|switch|p2a: Torkoal|Torkoal, F, shiny|30/100
|-weather|SunnyDay|[from] ability: Drought|[of] p2a: Torkoal
|move|p1a: Pelipper|Weather Ball|p2a: Torkoal
|-resisted|p2a: Torkoal
|-damage|p2a: Torkoal|13/100
|
|-weather|SunnyDay|[upkeep]
|upkeep
|turn|20
|
|t:|1757828997
|switch|p2a: Ceruledge|Ceruledge, F|100/100
|-item|p2a: Ceruledge|Air Balloon
|move|p1a: Pelipper|Weather Ball|p2a: Ceruledge
|-resisted|p2a: Ceruledge
|-damage|p2a: Ceruledge|83/100
|-enditem|p2a: Ceruledge|Air Balloon
|
|-weather|SunnyDay|[upkeep]
|upkeep
|turn|21
|
|t:|1757829016
|switch|p1a: Scizor|Scizor, M|100/100
|-damage|p1a: Scizor|88/100|[from] Stealth Rock
|move|p2a: Ceruledge|Poltergeist|p1a: Scizor
|-activate|p1a: Scizor|move: Poltergeist|Leftovers
|-damage|p1a: Scizor|32/100
|
|-weather|SunnyDay|[upkeep]
|-heal|p1a: Scizor|38/100|[from] item: Leftovers
|upkeep
|turn|22
|
|t:|1757829028
|switch|p1a: Pelipper|Pelipper, F|75/100
|-damage|p1a: Pelipper|50/100|[from] Stealth Rock
|-weather|RainDance|[from] ability: Drizzle|[of] p1a: Pelipper
|move|p2a: Ceruledge|Bitter Blade|p1a: Pelipper
|-resisted|p1a: Pelipper
|-damage|p1a: Pelipper|40/100
|-heal|p2a: Ceruledge|89/100|[from] drain|[of] p1a: Pelipper
|
|-weather|RainDance|[upkeep]
|upkeep
|turn|23
|
|t:|1757829038
|move|p2a: Ceruledge|Poltergeist|p1a: Pelipper
|-activate|p1a: Pelipper|move: Poltergeist|Damp Rock
|-damage|p1a: Pelipper|0 fnt
|faint|p1a: Pelipper
|
|-weather|RainDance|[upkeep]
|upkeep
|
|t:|1757829044
|switch|p1a: Kingdra|Kingdra, M|100/100
|-damage|p1a: Kingdra|88/100|[from] Stealth Rock
|turn|24
|
|t:|1757829048
|switch|p2a: Torkoal|Torkoal, F, shiny|13/100
|-weather|SunnyDay|[from] ability: Drought|[of] p2a: Torkoal
|move|p1a: Kingdra|Surf|p2a: Torkoal
|-supereffective|p2a: Torkoal
|-damage|p2a: Torkoal|0 fnt
|faint|p2a: Torkoal
|
|-weather|SunnyDay|[upkeep]
|upkeep
|
|t:|1757829052
|switch|p2a: Alomomola|Alomomola, F|100/100
|turn|25
|
|t:|1757829059
|move|p1a: Kingdra|Surf|p2a: Alomomola
|-resisted|p2a: Alomomola
|-damage|p2a: Alomomola|93/100
|move|p2a: Alomomola|Play Rough|p1a: Kingdra
|-supereffective|p1a: Kingdra
|-damage|p1a: Kingdra|50/100
|
|-weather|SunnyDay|[upkeep]
|upkeep
|turn|26
|-message|kenjihibiki forfeited.
|
|win|tommy1928
|raw|kenjihibiki's rating: 1480 &rarr; <strong>1466</strong><br />(-14 for losing)
|raw|tommy1928's rating: 1587 &rarr; <strong>1601</strong><br />(+14 for winning)
|l|☆kenjihibiki
|player|p1|
|l|☆tommy1928
|player|p2|
