|j|☆Gimmicko
|j|☆DankieDanko
|t:|1757898766
|gametype|singles
|player|p1|Gimmicko|1|1183
|player|p2|DankieDanko|1|1135
|gen|9
|tier|[Gen 9] OU
|rated|
|rule|HP Percentage Mod: HP is shown in percentages
|rule|Endless Battle Clause: Forcing endless battles is banned
|rule|Species Clause: Limit one of each Pokémon
|rule|OHKO Clause: OHKO moves are banned
|rule|Evasion Items Clause: Evasion items are banned
|rule|Evasion Moves Clause: Evasion moves are banned
|rule|Evasion Abilities Clause: Evasion abilities are banned
|rule|Sleep Moves Clause: Sleep-inducing moves are banned
|clearpoke
|poke|p1|Magmar, F|
|poke|p1|Quagsire, F|
|poke|p1|Muk-Alola, F|
|poke|p1|Torterra, F|
|poke|p1|Cramorant, F|
|poke|p1|Dusclops, F|
|poke|p2|Weavile, F|
|poke|p2|Golduck, M|
|poke|p2|Politoed, M|
|poke|p2|Raging Bolt|
|poke|p2|Ceruledge, F|
|poke|p2|Hatterene, F|
|teampreview
|
|t:|1757898770
|teamsize|p1|6
|teamsize|p2|6
|start
|switch|p1a: Quagsire|Quagsire, F|100/100
|switch|p2a: Golduck|Golduck, M|100/100
|turn|1
|inactive|Battle timer is ON: inactive players will automatically lose when time's up. (requested by Gimmicko)
|
|t:|1757898776
|move|p2a: Golduck|Nasty Plot|p2a: Golduck
|-boost|p2a: Golduck|spa|2
|move|p1a: Quagsire|Toxic|p2a: Golduck
|-status|p2a: Golduck|tox
|
|-damage|p2a: Golduck|95/100 tox|[from] psn
|upkeep
|turn|2
|
|t:|1757898783
|move|p2a: Golduck|Psychic|p1a: Quagsire
|-damage|p1a: Quagsire|8/100
|-damage|p2a: Golduck|85/100 tox|[from] item: Life Orb
|move|p1a: Quagsire|Earthquake|p2a: Golduck
|-damage|p2a: Golduck|43/100 tox
|
|-heal|p1a: Quagsire|14/100|[from] item: Leftovers
|-damage|p2a: Golduck|31/100 tox|[from] psn
|upkeep
|turn|3
|
|t:|1757898792
|switch|p1a: Muk|Muk-Alola, F|100/100
|move|p2a: Golduck|Ice Beam|p1a: Muk
|-damage|p1a: Muk|46/100
|-damage|p2a: Golduck|21/100 tox|[from] item: Life Orb
|
|-heal|p1a: Muk|52/100|[from] item: Black Sludge
|-damage|p2a: Golduck|3/100 tox|[from] psn
|upkeep
|turn|4
|
|t:|1757898804
|move|p2a: Golduck|Surf|p1a: Muk
|-damage|p1a: Muk|0 fnt
|faint|p1a: Muk
|-damage|p2a: Golduck|0 fnt|[from] item: Life Orb
|faint|p2a: Golduck
|
|upkeep
|
|t:|1757898819
|switch|p2a: Weavile|Weavile, F, shiny|100/100
|switch|p1a: Dusclops|Dusclops, F|100/100
|-ability|p1a: Dusclops|Pressure
|turn|5
|
|t:|1757898825
|move|p2a: Weavile|Knock Off|p1a: Dusclops
|-supereffective|p1a: Dusclops
|-damage|p1a: Dusclops|41/100
|-enditem|p1a: Dusclops|Eviolite|[from] move: Knock Off|[of] p2a: Weavile
|move|p1a: Dusclops|Will-O-Wisp|p2a: Weavile
|-status|p2a: Weavile|brn
|
|-damage|p2a: Weavile|94/100 brn|[from] brn
|upkeep
|turn|6
|
|t:|1757898837
|move|p2a: Weavile|Knock Off|p1a: Dusclops
|-supereffective|p1a: Dusclops
|-damage|p1a: Dusclops|11/100
|move|p1a: Dusclops|Leech Life|p2a: Weavile
|-supereffective|p2a: Weavile
|-damage|p2a: Weavile|50/100 brn
|-heal|p1a: Dusclops|33/100|[from] drain|[of] p2a: Weavile
|
|-damage|p2a: Weavile|44/100 brn|[from] brn
|upkeep
|turn|7
|
|t:|1757898845
|move|p2a: Weavile|Knock Off|p1a: Dusclops
|-supereffective|p1a: Dusclops
|-damage|p1a: Dusclops|3/100
|move|p1a: Dusclops|Leech Life|p2a: Weavile
|-supereffective|p2a: Weavile
|-damage|p2a: Weavile|0 fnt
|-heal|p1a: Dusclops|24/100|[from] drain|[of] p2a: Weavile
|faint|p2a: Weavile
|
|upkeep
|
|t:|1757898851
|switch|p2a: Ceruledge|Ceruledge, F, shiny|100/100
|turn|8
|
|t:|1757898859
|-terastallize|p2a: Ceruledge|Water
|move|p2a: Ceruledge|Swords Dance|p2a: Ceruledge
|-boost|p2a: Ceruledge|atk|2
|move|p1a: Dusclops|Curse|p2a: Ceruledge
|-start|p2a: Ceruledge|Curse|[of] p1a: Dusclops
|-damage|p1a: Dusclops|0 fnt
|faint|p1a: Dusclops
|
|-damage|p2a: Ceruledge|76/100|[from] Curse
|upkeep
|
|t:|1757898878
|switch|p1a: Quagsire|Quagsire, F|14/100
|turn|9
|
|t:|1757898881
|move|p2a: Ceruledge|Bitter Blade|p1a: Quagsire
|-resisted|p1a: Quagsire
|-damage|p1a: Quagsire|0 fnt
|-heal|p2a: Ceruledge|85/100|[from] drain|[of] p1a: Quagsire
|faint|p1a: Quagsire
|
|-damage|p2a: Ceruledge|60/100|[from] Curse
|upkeep
|
|t:|1757898884
|switch|p1a: Magmar|Magmar, F|100/100
|turn|10
|
|t:|1757898887
|move|p2a: Ceruledge|Bitter Blade|p1a: Magmar
|-resisted|p1a: Magmar
|-damage|p1a: Magmar|45/100
|-heal|p2a: Ceruledge|92/100|[from] drain|[of] p1a: Magmar
|-status|p2a: Ceruledge|brn|[from] ability: Flame Body|[of] p1a: Magmar
|move|p1a: Magmar|Will-O-Wisp|p2a: Ceruledge
|-start|p2a: Ceruledge|ability: Flash Fire
|
|-damage|p2a: Ceruledge|86/100 brn|[from] brn
|-damage|p2a: Ceruledge|61/100 brn|[from] Curse
|upkeep
|turn|11
|
|t:|1757898893
|move|p2a: Ceruledge|Bitter Blade|p1a: Magmar
|-resisted|p1a: Magmar
|-damage|p1a: Magmar|2/100
|-heal|p2a: Ceruledge|86/100 brn|[from] drain|[of] p1a: Magmar
|move|p1a: Magmar|Knock Off|p2a: Ceruledge
|-damage|p2a: Ceruledge|53/100 brn
|-enditem|p2a: Ceruledge|Heavy-Duty Boots|[from] move: Knock Off|[of] p1a: Magmar
|
|-damage|p2a: Ceruledge|47/100 brn|[from] brn
|-damage|p2a: Ceruledge|22/100 brn|[from] Curse
|upkeep
|turn|12
|
|t:|1757898903
|move|p2a: Ceruledge|Bitter Blade|p1a: Magmar
|-resisted|p1a: Magmar
|-damage|p1a: Magmar|0 fnt
|-heal|p2a: Ceruledge|23/100 brn|[from] drain|[of] p1a: Magmar
|faint|p1a: Magmar
|
|-damage|p2a: Ceruledge|17/100 brn|[from] brn
|-damage|p2a: Ceruledge|0 fnt|[from] Curse
|faint|p2a: Ceruledge
|upkeep
|
|t:|1757898912
|switch|p2a: Hatterene|Hatterene, F|100/100
|switch|p1a: Torterra|Torterra, F|100/100
|turn|13
|
|t:|1757898937
|move|p1a: Torterra|Shell Smash|p1a: Torterra
|-unboost|p1a: Torterra|def|1
|-unboost|p1a: Torterra|spd|1
|-boost|p1a: Torterra|atk|2
|-boost|p1a: Torterra|spa|2
|-boost|p1a: Torterra|spe|2
|-enditem|p1a: Torterra|White Herb
|-clearnegativeboost|p1a: Torterra|[silent]
|move|p2a: Hatterene|Calm Mind|p2a: Hatterene
|-boost|p2a: Hatterene|spa|1
|-boost|p2a: Hatterene|spd|1
|
|upkeep
|turn|14
|
|t:|1757898947
|move|p1a: Torterra|Earthquake|p2a: Hatterene
|-damage|p2a: Hatterene|0 fnt
|faint|p2a: Hatterene
|
|upkeep
|
|t:|1757898949
|switch|p2a: Politoed|Politoed, M, shiny|100/100
|-weather|RainDance|[from] ability: Drizzle|[of] p2a: Politoed
|turn|15
|
|t:|1757898953
|move|p1a: Torterra|Wood Hammer|p2a: Politoed
|-supereffective|p2a: Politoed
|-damage|p2a: Politoed|0 fnt
|faint|p2a: Politoed
|-damage|p1a: Torterra|62/100|[from] Recoil
|
|-weather|RainDance|[upkeep]
|upkeep
|
|t:|1757898955
|switch|p2a: Raging Bolt|Raging Bolt|100/100
|-enditem|p2a: Raging Bolt|Booster Energy
|-activate|p2a: Raging Bolt|ability: Protosynthesis|[fromitem]
|-start|p2a: Raging Bolt|protosynthesisspa
|turn|16
|
|t:|1757898959
|move|p1a: Torterra|Earthquake|p2a: Raging Bolt
|-supereffective|p2a: Raging Bolt
|-damage|p2a: Raging Bolt|0 fnt
|faint|p2a: Raging Bolt
|-end|p2a: Raging Bolt|Protosynthesis|[silent]
|
|win|Gimmicko
|raw|Gimmicko's rating: 1183 &rarr; <strong>1205</strong><br />(+22 for winning)
|raw|DankieDanko's rating: 1135 &rarr; <strong>1113</strong><br />(-22 for losing)
|l|☆DankieDanko
|player|p2|
|c|☆Gimmicko|Gg!
|l|☆Gimmicko
|player|p1|
|j|☆Gimmicko
|player|p1|Gimmicko|1|
