|j|☆kmater
|j|☆FD3
|t:|1757938297
|gametype|singles
|player|p1|kmater|steven|1194
|player|p2|FD3|artist-gen4|1186
|gen|9
|tier|[Gen 9] OU
|rated|
|rule|HP Percentage Mod: HP is shown in percentages
|rule|Endless Battle Clause: Forcing endless battles is banned
|rule|Species Clause: Limit one of each Pokémon
|rule|OHKO Clause: OHKO moves are banned
|rule|Evasion Items Clause: Evasion items are banned
|rule|Evasion Moves Clause: Evasion moves are banned
|rule|Evasion Abilities Clause: Evasion abilities are banned
|rule|Sleep Moves Clause: Sleep-inducing moves are banned
|clearpoke
|poke|p1|Cinderace, M|
|poke|p1|Greninja-*, M|
|poke|p1|Arboliva, F|
|poke|p1|Cloyster, F|
|poke|p1|Chandelure, M|
|poke|p1|Rabsca, F|
|poke|p2|Ting-Lu|
|poke|p2|Hatterene, F|
|poke|p2|Great Tusk|
|poke|p2|Ceruledge, F|
|poke|p2|Alomomola, M|
|poke|p2|Kyurem|
|teampreview
|inactive|Battle timer is ON: inactive players will automatically lose when time's up. (requested by FD3)
|inactive|kmater has 120 seconds left.
|
|t:|1757938331
|teamsize|p1|6
|teamsize|p2|6
|start
|switch|p1a: Chandelure|Chandelure, M, shiny|100/100
|switch|p2a: Ting-Lu|Ting-Lu|100/100
|-ability|p2a: Ting-Lu|Vessel of Ruin
|turn|1
|
|t:|1757938346
|switch|p1a: Arboliva|Arboliva, F, shiny|100/100
|move|p2a: Ting-Lu|Stealth Rock|p1a: Arboliva
|-sidestart|p1: kmater|move: Stealth Rock
|
|upkeep
|turn|2
|
|t:|1757938363
|switch|p2a: Hatterene|Hatterene, F|100/100
|move|p1a: Arboliva|Leech Seed|p2a: Hatterene
|move|p2a: Hatterene|Leech Seed|p1a: Arboliva|[from] ability: Magic Bounce
|-immune|p1a: Arboliva
|
|upkeep
|turn|3
|
|t:|1757938373
|move|p1a: Arboliva|Tera Blast|p2a: Hatterene
|-damage|p2a: Hatterene|78/100
|move|p2a: Hatterene|Nuzzle|p1a: Arboliva
|-resisted|p1a: Arboliva
|-damage|p1a: Arboliva|99/100
|-status|p1a: Arboliva|par
|
|upkeep
|turn|4
|inactive|kmater has 120 seconds left.
|
|t:|1757938429
|move|p2a: Hatterene|Psychic Noise|p1a: Arboliva
|-damage|p1a: Arboliva|64/100 par
|-start|p1a: Arboliva|move: Heal Block
|cant|p1a: Arboliva|par
|
|upkeep
|turn|5
|
|t:|1757938439
|move|p2a: Hatterene|Psyshock|p1a: Arboliva
|-damage|p1a: Arboliva|29/100 par
|move|p1a: Arboliva|Tera Blast|p2a: Hatterene
|-damage|p2a: Hatterene|54/100
|
|-end|p1a: Arboliva|move: Heal Block
|upkeep
|-enditem|p1a: Arboliva|Sitrus Berry|[eat]
|-heal|p1a: Arboliva|54/100 par|[from] item: Sitrus Berry
|turn|6
|
|t:|1757938454
|move|p2a: Hatterene|Draining Kiss|p1a: Arboliva
|-damage|p1a: Arboliva|31/100 par
|-heal|p2a: Hatterene|71/100|[from] drain|[of] p1a: Arboliva
|move|p1a: Arboliva|Tera Blast|p2a: Hatterene
|-damage|p2a: Hatterene|48/100
|
|upkeep
|turn|7
|
|t:|1757938463
|move|p2a: Hatterene|Draining Kiss|p1a: Arboliva
|-damage|p1a: Arboliva|8/100 par
|-heal|p2a: Hatterene|64/100|[from] drain|[of] p1a: Arboliva
|cant|p1a: Arboliva|par
|
|upkeep
|turn|8
|
|t:|1757938473
|switch|p1a: Greninja|Greninja, M|100/100
|-damage|p1a: Greninja|88/100|[from] Stealth Rock
|move|p2a: Hatterene|Draining Kiss|p1a: Greninja
|-supereffective|p1a: Greninja
|-damage|p1a: Greninja|8/100
|-heal|p2a: Hatterene|100/100|[from] drain|[of] p1a: Greninja
|
|upkeep
|turn|9
|
|t:|1757938486
|switch|p2a: Alomomola|Alomomola, M|100/100
|move|p1a: Greninja|Sludge Wave|p2a: Alomomola
|-damage|p2a: Alomomola|75/100
|-status|p2a: Alomomola|psn
|
|-heal|p2a: Alomomola|81/100 psn|[from] item: Leftovers
|-damage|p2a: Alomomola|69/100 psn|[from] psn
|upkeep
|turn|10
|inactive|kmater has 90 seconds left.
|
|t:|1757938518
|switch|p1a: Arboliva|Arboliva, F, shiny|8/100 par
|-damage|p1a: Arboliva|0 fnt|[from] Stealth Rock
|faint|p1a: Arboliva
|move|p2a: Alomomola|Scald|p1: Arboliva|[notarget]
|-fail|p2a: Alomomola
|
|-heal|p2a: Alomomola|75/100 psn|[from] item: Leftovers
|-damage|p2a: Alomomola|62/100 psn|[from] psn
|upkeep
|inactive|kmater has 90 seconds left.
|
|t:|1757938525
|switch|p1a: Cinderace|Cinderace, M|100/100
|turn|11
|
|t:|1757938534
|move|p1a: Cinderace|Court Change|p1a: Cinderace
|-start|p1a: Cinderace|typechange|Normal|[from] ability: Libero
|-swapsideconditions
|-activate|p1a: Cinderace|move: Court Change
|move|p2a: Alomomola|Scald|p1a: Cinderace
|-damage|p1a: Cinderace|83/100
|
|-heal|p2a: Alomomola|69/100 psn|[from] item: Leftovers
|-damage|p2a: Alomomola|56/100 psn|[from] psn
|upkeep
|turn|12
|
|t:|1757938551
|move|p1a: Cinderace|U-turn|p2a: Alomomola
|-damage|p2a: Alomomola|40/100 psn
|
|t:|1757938560
|switch|p1a: Rabsca|Rabsca, F, shiny|100/100|[from] U-turn
|move|p2a: Alomomola|Flip Turn|p1a: Rabsca
|-damage|p1a: Rabsca|83/100
|
|t:|1757938570
|switch|p2a: Ting-Lu|Ting-Lu|100/100|[from] Flip Turn
|-damage|p2a: Ting-Lu|94/100|[from] Stealth Rock
|-ability|p2a: Ting-Lu|Vessel of Ruin
|
|-heal|p2a: Ting-Lu|100/100|[from] item: Leftovers
|upkeep
|turn|13
|
|t:|1757938581
|move|p2a: Ting-Lu|Stealth Rock|p1a: Rabsca
|-sidestart|p1: kmater|move: Stealth Rock
|move|p1a: Rabsca|Trick Room|p1a: Rabsca
|-fieldstart|move: Trick Room|[of] p1a: Rabsca
|
|upkeep
|turn|14
|
|t:|1757938593
|move|p1a: Rabsca|Revival Blessing|p1a: Rabsca
|-enditem|p1a: Rabsca|Leppa Berry|[eat]
|-activate|p1a: Rabsca|item: Leppa Berry|Revival Blessing|[consumed]
|
|t:|1757938596
|-heal|p1: Arboliva|50/100|[from] move: Revival Blessing
|move|p2a: Ting-Lu|Ruination|p1a: Rabsca
|-damage|p1a: Rabsca|42/100
|
|upkeep
|turn|15
|inactive|kmater has 120 seconds left.
|
|t:|1757938609
|switch|p1a: Arboliva|Arboliva, F, shiny|50/100
|-damage|p1a: Arboliva|38/100|[from] Stealth Rock
|move|p2a: Ting-Lu|Earthquake|p1a: Arboliva
|-resisted|p1a: Arboliva
|-damage|p1a: Arboliva|23/100
|
|-item|p1a: Arboliva|Sitrus Berry|[from] ability: Harvest
|upkeep
|-enditem|p1a: Arboliva|Sitrus Berry|[eat]
|-heal|p1a: Arboliva|48/100|[from] item: Sitrus Berry
|turn|16
|inactive|kmater has 120 seconds left.
|
|t:|1757938623
|move|p1a: Arboliva|Strength Sap|p2a: Ting-Lu
|-unboost|p2a: Ting-Lu|atk|1
|-heal|p1a: Arboliva|100/100
|move|p2a: Ting-Lu|Whirlwind|p1a: Arboliva
|drag|p1a: Cinderace|Cinderace, M|83/100
|
|upkeep
|turn|17
|inactive|kmater has 120 seconds left.
|
|t:|1757938635
|move|p2a: Ting-Lu|Earthquake|p1a: Cinderace
|-supereffective|p1a: Cinderace
|-damage|p1a: Cinderace|13/100
|move|p1a: Cinderace|High Jump Kick|p2a: Ting-Lu
|-start|p1a: Cinderace|typechange|Fighting|[from] ability: Libero
|-supereffective|p2a: Ting-Lu
|-damage|p2a: Ting-Lu|33/100
|
|-heal|p2a: Ting-Lu|39/100|[from] item: Leftovers
|-fieldend|move: Trick Room
|upkeep
|turn|18
|inactive|kmater has 120 seconds left.
|
|t:|1757938660
|-terastallize|p2a: Ting-Lu|Ghost
|move|p1a: Cinderace|High Jump Kick|p2a: Ting-Lu
|-immune|p2a: Ting-Lu
|-damage|p1a: Cinderace|0 fnt|[from] highjumpkick
|faint|p1a: Cinderace
|move|p2a: Ting-Lu|Earthquake|p1: Cinderace|[notarget]
|-fail|p2a: Ting-Lu
|
|-heal|p2a: Ting-Lu|45/100|[from] item: Leftovers
|upkeep
|inactive|kmater has 120 seconds left.
|
|t:|1757938671
|switch|p1a: Arboliva|Arboliva, F, shiny|100/100
|-damage|p1a: Arboliva|88/100|[from] Stealth Rock
|turn|19
|
|t:|1757938679
|move|p2a: Ting-Lu|Ruination|p1a: Arboliva
|-damage|p1a: Arboliva|44/100
|move|p1a: Arboliva|Leech Seed|p2a: Ting-Lu
|-start|p2a: Ting-Lu|move: Leech Seed
|
|-heal|p2a: Ting-Lu|51/100|[from] item: Leftovers
|-damage|p2a: Ting-Lu|39/100|[from] Leech Seed|[of] p1a: Arboliva
|-heal|p1a: Arboliva|66/100|[silent]
|-item|p1a: Arboliva|Sitrus Berry|[from] ability: Harvest
|upkeep
|turn|20
|inactive|kmater has 120 seconds left.
|
|t:|1757938695
|move|p2a: Ting-Lu|Ruination|p1a: Arboliva
|-damage|p1a: Arboliva|33/100
|-enditem|p1a: Arboliva|Sitrus Berry|[eat]
|-heal|p1a: Arboliva|58/100|[from] item: Sitrus Berry
|move|p1a: Arboliva|Alluring Voice|p2a: Ting-Lu
|-damage|p2a: Ting-Lu|28/100
|
|-heal|p2a: Ting-Lu|34/100|[from] item: Leftovers
|-damage|p2a: Ting-Lu|22/100|[from] Leech Seed|[of] p1a: Arboliva
|-heal|p1a: Arboliva|80/100|[silent]
|-item|p1a: Arboliva|Sitrus Berry|[from] ability: Harvest
|upkeep
|turn|21
|inactive|kmater has 120 seconds left.
|
|t:|1757938710
|move|p1a: Arboliva|Alluring Voice|p2a: Ting-Lu
|-damage|p2a: Ting-Lu|11/100
|move|p2a: Ting-Lu|Whirlwind|p1a: Arboliva
|drag|p1a: Cloyster|Cloyster, F|100/100
|-damage|p1a: Cloyster|76/100|[from] Stealth Rock
|
|-heal|p2a: Ting-Lu|18/100|[from] item: Leftovers
|-damage|p2a: Ting-Lu|5/100|[from] Leech Seed|[of] p1a: Cloyster
|-heal|p1a: Cloyster|100/100|[silent]
|upkeep
|turn|22
|inactive|kmater has 120 seconds left.
|
|t:|1757938725
|move|p1a: Cloyster|Razor Shell|p2a: Ting-Lu
|-damage|p2a: Ting-Lu|0 fnt
|faint|p2a: Ting-Lu
|
|upkeep
|
|t:|1757938730
|switch|p2a: Great Tusk|Great Tusk|100/100
|-damage|p2a: Great Tusk|98/100|[from] Stealth Rock
|turn|23
|
|t:|1757938737
|move|p2a: Great Tusk|Rapid Spin|p1a: Cloyster
|-damage|p1a: Cloyster|88/100
|-boost|p2a: Great Tusk|spe|1
|-sideend|p2: FD3|Stealth Rock|[from] move: Rapid Spin|[of] p2a: Great Tusk
|move|p1a: Cloyster|Shell Smash|p1a: Cloyster
|-unboost|p1a: Cloyster|def|1
|-unboost|p1a: Cloyster|spd|1
|-boost|p1a: Cloyster|atk|2
|-boost|p1a: Cloyster|spa|2
|-boost|p1a: Cloyster|spe|2
|-enditem|p1a: Cloyster|White Herb
|-clearnegativeboost|p1a: Cloyster|[silent]
|
|-heal|p2a: Great Tusk|100/100|[from] item: Leftovers
|upkeep
|turn|24
|inactive|FD3 has 120 seconds left.
|
|t:|1757938768
|move|p1a: Cloyster|Icicle Spear|p2a: Great Tusk
|-supereffective|p2a: Great Tusk
|-damage|p2a: Great Tusk|78/100
|-supereffective|p2a: Great Tusk
|-damage|p2a: Great Tusk|56/100
|-supereffective|p2a: Great Tusk
|-damage|p2a: Great Tusk|33/100
|-supereffective|p2a: Great Tusk
|-damage|p2a: Great Tusk|12/100
|-supereffective|p2a: Great Tusk
|-damage|p2a: Great Tusk|0 fnt
|faint|p2a: Great Tusk
|-end|p2a: Great Tusk|Protosynthesis|[silent]
|-hitcount|p2: Great Tusk|5
|
|upkeep
|inactive|FD3 has 120 seconds left.
|
|t:|1757938773
|switch|p2a: Ceruledge|Ceruledge, F|100/100
|turn|25
|inactive|FD3 has 120 seconds left.
|
|t:|1757938795
|move|p1a: Cloyster|Rock Blast|p2a: Ceruledge
|-supereffective|p2a: Ceruledge
|-damage|p2a: Ceruledge|59/100
|-ability|p2a: Ceruledge|Weak Armor|boost
|-unboost|p2a: Ceruledge|def|1
|-boost|p2a: Ceruledge|spe|2
|-supereffective|p2a: Ceruledge
|-damage|p2a: Ceruledge|1/100
|-ability|p2a: Ceruledge|Weak Armor|boost
|-unboost|p2a: Ceruledge|def|1
|-boost|p2a: Ceruledge|spe|2
|-supereffective|p2a: Ceruledge
|-damage|p2a: Ceruledge|0 fnt
|faint|p2a: Ceruledge
|-hitcount|p2: Ceruledge|3
|
|upkeep
|
|t:|1757938806
|switch|p2a: Kyurem|Kyurem|100/100
|-ability|p2a: Kyurem|Pressure
|turn|26
|
|t:|1757938813
|move|p1a: Cloyster|Rock Blast|p2a: Kyurem
|-supereffective|p2a: Kyurem
|-crit|p2a: Kyurem
|-damage|p2a: Kyurem|59/100
|-supereffective|p2a: Kyurem
|-damage|p2a: Kyurem|30/100
|-supereffective|p2a: Kyurem
|-damage|p2a: Kyurem|5/100
|-supereffective|p2a: Kyurem
|-damage|p2a: Kyurem|0 fnt
|faint|p2a: Kyurem
|-hitcount|p2: Kyurem|4
|
|upkeep
|
|t:|1757938821
|switch|p2a: Alomomola|Alomomola, M|73/100 psn
|turn|27
|
|t:|1757938827
|move|p1a: Cloyster|Rock Blast|p2a: Alomomola|[miss]
|-miss|p1a: Cloyster|p2a: Alomomola
|move|p2a: Alomomola|Scald|p1a: Cloyster
|-resisted|p1a: Cloyster
|-crit|p1a: Cloyster
|-damage|p1a: Cloyster|61/100
|
|-heal|p2a: Alomomola|80/100 psn|[from] item: Leftovers
|-damage|p2a: Alomomola|67/100 psn|[from] psn
|upkeep
|turn|28
|
|t:|1757938836
|move|p1a: Cloyster|Rock Blast|p2a: Alomomola|[miss]
|-miss|p1a: Cloyster|p2a: Alomomola
|move|p2a: Alomomola|Scald|p1a: Cloyster
|-resisted|p1a: Cloyster
|-damage|p1a: Cloyster|45/100
|
|-heal|p2a: Alomomola|73/100 psn|[from] item: Leftovers
|-damage|p2a: Alomomola|61/100 psn|[from] psn
|upkeep
|turn|29
|
|t:|1757938847
|move|p1a: Cloyster|Rock Blast|p2a: Alomomola
|-damage|p2a: Alomomola|52/100 psn
|-damage|p2a: Alomomola|44/100 psn
|-damage|p2a: Alomomola|36/100 psn
|-damage|p2a: Alomomola|27/100 psn
|-damage|p2a: Alomomola|18/100 psn
|-hitcount|p2a: Alomomola|5
|move|p2a: Alomomola|Wish|p2a: Alomomola
|
|-heal|p2a: Alomomola|24/100 psn|[from] item: Leftovers
|-damage|p2a: Alomomola|12/100 psn|[from] psn
|upkeep
|turn|30
|
|t:|1757938861
|move|p2a: Alomomola|Protect|p2a: Alomomola
|-singleturn|p2a: Alomomola|Protect
|move|p1a: Cloyster|Icicle Spear|p2a: Alomomola
|-activate|p2a: Alomomola|move: Protect
|
|-heal|p2a: Alomomola|62/100 psn|[from] move: Wish|[wisher] Alomomola
|-heal|p2a: Alomomola|68/100 psn|[from] item: Leftovers
|-damage|p2a: Alomomola|55/100 psn|[from] psn
|upkeep
|turn|31
|
|t:|1757938871
|move|p1a: Cloyster|Rock Blast|p2a: Alomomola
|-damage|p2a: Alomomola|46/100 psn
|-damage|p2a: Alomomola|37/100 psn
|-damage|p2a: Alomomola|28/100 psn
|-damage|p2a: Alomomola|20/100 psn
|-damage|p2a: Alomomola|11/100 psn
|-hitcount|p2a: Alomomola|5
|move|p2a: Alomomola|Scald|p1a: Cloyster
|-resisted|p1a: Cloyster
|-damage|p1a: Cloyster|26/100
|
|-heal|p2a: Alomomola|18/100 psn|[from] item: Leftovers
|-damage|p2a: Alomomola|5/100 psn|[from] psn
|upkeep
|turn|32
|
|t:|1757938885
|move|p1a: Cloyster|Icicle Spear|p2a: Alomomola
|-resisted|p2a: Alomomola
|-damage|p2a: Alomomola|0 fnt
|faint|p2a: Alomomola
|-hitcount|p2: Alomomola|1
|
|upkeep
|
|t:|1757938893
|switch|p2a: Hatterene|Hatterene, F|100/100
|turn|33
|
|t:|1757938902
|move|p1a: Cloyster|Icicle Spear|p2a: Hatterene
|-damage|p2a: Hatterene|80/100
|-damage|p2a: Hatterene|59/100
|-damage|p2a: Hatterene|38/100
|-damage|p2a: Hatterene|16/100
|-damage|p2a: Hatterene|0 fnt
|faint|p2a: Hatterene
|-hitcount|p2: Hatterene|5
|
|win|kmater
|raw|kmater's rating: 1194 &rarr; <strong>1218</strong><br />(+24 for winning)
|raw|FD3's rating: 1186 &rarr; <strong>1162</strong><br />(-24 for losing)
|l|☆FD3
|player|p2|
|l|☆kmater
|player|p1|
