|j|☆Turducken64
|j|‽Flocking glock
|t:|1757909411
|gametype|singles
|player|p1|Turducken64|hiker-gen4|1424
|player|p2|Flocking glock|266|1374
|gen|9
|tier|[Gen 9] OU
|rated|
|rule|HP Percentage Mod: HP is shown in percentages
|rule|Endless Battle Clause: Forcing endless battles is banned
|rule|Species Clause: Limit one of each Pokémon
|rule|OHKO Clause: OHKO moves are banned
|rule|Evasion Items Clause: Evasion items are banned
|rule|Evasion Moves Clause: Evasion moves are banned
|rule|Evasion Abilities Clause: Evasion abilities are banned
|rule|Sleep Moves Clause: Sleep-inducing moves are banned
|clearpoke
|poke|p1|Umbreon, M|
|poke|p1|Gliscor, M|
|poke|p1|Dragonite, M|
|poke|p1|Iron Treads|
|poke|p1|Hatterene, F|
|poke|p1|Sinistcha|
|poke|p2|Heatran, M|
|poke|p2|Ogerpon-Wellspring, F|
|poke|p2|Rillaboom, M|
|poke|p2|Great Tusk|
|poke|p2|Dragapult, M|
|poke|p2|Bronzong|
|teampreview
|inactive|Battle timer is ON: inactive players will automatically lose when time's up. (requested by Turducken64)
|
|t:|1757909436
|teamsize|p1|6
|teamsize|p2|6
|start
|switch|p1a: Gliscor|Gliscor, M|100/100
|switch|p2a: Dragapult|Dragapult, M|100/100
|turn|1
|
|t:|1757909443
|move|p1a: Gliscor|Protect|p1a: Gliscor
|-singleturn|p1a: Gliscor|Protect
|move|p2a: Dragapult|Draco Meteor|p1a: Gliscor
|-activate|p1a: Gliscor|move: Protect
|
|-status|p1a: Gliscor|tox|[from] item: Toxic Orb
|upkeep
|turn|2
|
|t:|1757909448
|switch|p2a: Heatran|Heatran, M|100/100
|move|p1a: Gliscor|Knock Off|p2a: Heatran
|-damage|p2a: Heatran|82/100
|-enditem|p2a: Heatran|Leftovers|[from] move: Knock Off|[of] p1a: Gliscor
|
|upkeep
|turn|3
|
|t:|1757909453
|switch|p2a: Bronzong|Bronzong, shiny|100/100
|move|p1a: Gliscor|Earthquake|p2a: Bronzong
|-immune|p2a: Bronzong|[from] ability: Levitate
|
|upkeep
|turn|4
|
|t:|1757909460
|move|p1a: Gliscor|Knock Off|p2a: Bronzong
|-supereffective|p2a: Bronzong
|-enditem|p2a: Bronzong|Colbur Berry|[eat]
|-enditem|p2a: Bronzong|Colbur Berry|[weaken]
|-damage|p2a: Bronzong|87/100
|move|p2a: Bronzong|Stealth Rock|p1a: Gliscor
|-sidestart|p1: Turducken64|move: Stealth Rock
|
|upkeep
|turn|5
|
|t:|1757909465
|move|p1a: Gliscor|Spikes|p2a: Bronzong
|-sidestart|p2: Flocking glock|Spikes
|move|p2a: Bronzong|Future Sight|p1a: Gliscor
|-start|p2a: Bronzong|move: Future Sight
|
|upkeep
|turn|6
|
|t:|1757909468
|switch|p2a: Great Tusk|Great Tusk|100/100
|move|p1a: Gliscor|Spikes|p2a: Great Tusk
|-sidestart|p2: Flocking glock|Spikes
|
|upkeep
|turn|7
|
|t:|1757909474
|move|p1a: Gliscor|Protect|p1a: Gliscor
|-singleturn|p1a: Gliscor|Protect
|move|p2a: Great Tusk|Ice Spinner|p1a: Gliscor
|-activate|p1a: Gliscor|move: Protect
|
|-end|p1a: Gliscor|move: Future Sight
|-damage|p1a: Gliscor|72/100 tox
|-heal|p1a: Gliscor|85/100 tox|[from] ability: Poison Heal
|upkeep
|turn|8
|
|t:|1757909479
|switch|p1a: Sinistcha|Sinistcha|100/100
|move|p2a: Great Tusk|Ice Spinner|p1a: Sinistcha
|-supereffective|p1a: Sinistcha
|-damage|p1a: Sinistcha|62/100
|
|upkeep
|turn|9
|
|t:|1757909486
|-end|p2a: Great Tusk|Protosynthesis|[silent]
|switch|p2a: Heatran|Heatran, M|82/100
|-damage|p2a: Heatran|65/100|[from] Spikes
|move|p1a: Sinistcha|Strength Sap|p2a: Heatran
|-unboost|p2a: Heatran|atk|1
|-heal|p1a: Sinistcha|100/100
|
|upkeep
|turn|10
|
|t:|1757909492
|switch|p1a: Gliscor|Gliscor, M|85/100 tox
|-damage|p1a: Gliscor|72/100 tox|[from] Stealth Rock
|move|p2a: Heatran|Taunt|p1a: Gliscor
|-start|p1a: Gliscor|move: Taunt
|
|-heal|p1a: Gliscor|85/100 tox|[from] ability: Poison Heal
|upkeep
|turn|11
|
|t:|1757909497
|switch|p2a: Bronzong|Bronzong, shiny|87/100
|move|p1a: Gliscor|Earthquake|p2a: Bronzong
|-immune|p2a: Bronzong|[from] ability: Levitate
|
|-heal|p1a: Gliscor|97/100 tox|[from] ability: Poison Heal
|upkeep
|turn|12
|
|t:|1757909501
|move|p1a: Gliscor|Knock Off|p2a: Bronzong
|-supereffective|p2a: Bronzong
|-damage|p2a: Bronzong|68/100
|move|p2a: Bronzong|Future Sight|p1a: Gliscor
|-start|p2a: Bronzong|move: Future Sight
|
|-heal|p1a: Gliscor|100/100 tox|[from] ability: Poison Heal
|-end|p1a: Gliscor|move: Taunt
|upkeep
|turn|13
|
|t:|1757909506
|move|p1a: Gliscor|Spikes|p2a: Bronzong
|-sidestart|p2: Flocking glock|Spikes
|move|p2a: Bronzong|Psychic Noise|p1a: Gliscor
|-damage|p1a: Gliscor|80/100 tox
|-start|p1a: Gliscor|move: Heal Block
|
|upkeep
|turn|14
|
|t:|1757909516
|switch|p2a: Great Tusk|Great Tusk|100/100
|move|p1a: Gliscor|Knock Off|p2a: Great Tusk
|-resisted|p2a: Great Tusk
|-damage|p2a: Great Tusk|93/100
|-enditem|p2a: Great Tusk|Heavy-Duty Boots|[from] move: Knock Off|[of] p1a: Gliscor
|
|-end|p1a: Gliscor|move: Future Sight
|-damage|p1a: Gliscor|52/100 tox
|-end|p1a: Gliscor|move: Heal Block
|upkeep
|turn|15
|
|t:|1757909527
|-end|p2a: Great Tusk|Protosynthesis|[silent]
|switch|p2a: Dragapult|Dragapult, M|100/100
|-damage|p2a: Dragapult|76/100|[from] Spikes
|move|p1a: Gliscor|Protect||[still]
|-fail|p1a: Gliscor
|
|-heal|p1a: Gliscor|64/100 tox|[from] ability: Poison Heal
|upkeep
|turn|16
|
|t:|1757909531
|move|p1a: Gliscor|Protect|p1a: Gliscor
|-singleturn|p1a: Gliscor|Protect
|move|p2a: Dragapult|Draco Meteor|p1a: Gliscor
|-activate|p1a: Gliscor|move: Protect
|
|-heal|p1a: Gliscor|77/100 tox|[from] ability: Poison Heal
|upkeep
|turn|17
|
|t:|1757909533
|switch|p1a: Hatterene|Hatterene, F|100/100
|-damage|p1a: Hatterene|88/100|[from] Stealth Rock
|move|p2a: Dragapult|Draco Meteor|p1a: Hatterene
|-immune|p1a: Hatterene
|
|upkeep
|turn|18
|
|t:|1757909539
|switch|p2a: Great Tusk|Great Tusk|93/100
|-damage|p2a: Great Tusk|68/100|[from] Spikes
|move|p1a: Hatterene|Draining Kiss|p2a: Great Tusk
|-supereffective|p2a: Great Tusk
|-damage|p2a: Great Tusk|0 fnt
|-heal|p1a: Hatterene|100/100|[from] drain|[of] p2a: Great Tusk
|faint|p2a: Great Tusk
|-end|p2a: Great Tusk|Protosynthesis|[silent]
|
|upkeep
|-message|Flocking glock forfeited.
|
|win|Turducken64
|raw|Turducken64's rating: 1424 &rarr; <strong>1441</strong><br />(+17 for winning)
|raw|Flocking glock's rating: 1374 &rarr; <strong>1357</strong><br />(-17 for losing)
|l|‽Flocking glock
|player|p2|
|l|☆Turducken64
|player|p1|
