|j|☆Jirachi75
|j|☆lolimdabeast
|t:|1757932660
|gametype|singles
|player|p1|Jirachi75|169|1331
|player|p2|lolimdabeast|lady-gen4|1388
|gen|9
|tier|[Gen 9] OU
|rated|
|rule|HP Percentage Mod: HP is shown in percentages
|rule|Endless Battle Clause: Forcing endless battles is banned
|rule|Species Clause: Limit one of each Pokémon
|rule|OHKO Clause: OHKO moves are banned
|rule|Evasion Items Clause: Evasion items are banned
|rule|Evasion Moves Clause: Evasion moves are banned
|rule|Evasion Abilities Clause: Evasion abilities are banned
|rule|Sleep Moves Clause: Sleep-inducing moves are banned
|clearpoke
|poke|p1|Whimsicott, F|
|poke|p1|Alomomola, M|
|poke|p1|Kyurem|
|poke|p1|Great Tusk|
|poke|p1|Slowking-Galar, M|
|poke|p1|Arcanine-Hisui, M|
|poke|p2|Landorus-Therian, M|
|poke|p2|Ogerpon-Wellspring, F|
|poke|p2|Ribombee, F|
|poke|p2|Serperior, F|
|poke|p2|Weavile, F|
|poke|p2|Iron Moth|
|teampreview
|inactive|Battle timer is ON: inactive players will automatically lose when time's up. (requested by lolimdabeast)
|
|t:|1757932677
|teamsize|p1|6
|teamsize|p2|6
|start
|switch|p1a: Great Tusk|Great Tusk|100/100
|switch|p2a: Ribombee|Ribombee, F|100/100
|turn|1
|
|t:|1757932695
|-end|p1a: Great Tusk|Protosynthesis|[silent]
|switch|p1a: Slowking|Slowking-Galar, M|100/100
|move|p2a: Ribombee|Moonblast|p1a: Slowking
|-resisted|p1a: Slowking
|-damage|p1a: Slowking|89/100
|
|upkeep
|turn|2
|
|t:|1757932703
|move|p2a: Ribombee|Sticky Web|p1a: Slowking
|-sidestart|p1: Jirachi75|move: Sticky Web
|move|p1a: Slowking|Sludge Bomb|p2a: Ribombee
|-supereffective|p2a: Ribombee
|-enditem|p2a: Ribombee|Focus Sash
|-damage|p2a: Ribombee|1/100
|
|upkeep
|turn|3
|
|t:|1757932709
|move|p2a: Ribombee|Stun Spore|p1a: Slowking
|-status|p1a: Slowking|par
|move|p1a: Slowking|Future Sight|p2a: Ribombee
|-start|p1a: Slowking|move: Future Sight
|
|upkeep
|turn|4
|
|t:|1757932716
|move|p2a: Ribombee|Moonblast|p1a: Slowking
|-resisted|p1a: Slowking
|-damage|p1a: Slowking|77/100 par
|cant|p1a: Slowking|par
|
|upkeep
|turn|5
|
|t:|1757932726
|move|p2a: Ribombee|Moonblast|p1a: Slowking
|-resisted|p1a: Slowking
|-damage|p1a: Slowking|65/100 par
|-unboost|p1a: Slowking|spa|1
|-prepare|p1a: Slowking|Chilly Reception|[premajor]
|move|p1a: Slowking|Chilly Reception|p1a: Slowking
|-weather|Snowscape
|
|t:|1757932733
|switch|p1a: Great Tusk|Great Tusk|100/100|[from] Chilly Reception
|-activate|p1a: Great Tusk|move: Sticky Web
|-unboost|p1a: Great Tusk|spe|1
|
|-weather|Snowscape|[upkeep]
|-end|p2a: Ribombee|move: Future Sight
|-damage|p2a: Ribombee|0 fnt
|faint|p2a: Ribombee
|upkeep
|
|t:|1757932737
|switch|p2a: Ogerpon|Ogerpon-Wellspring, F|100/100
|turn|6
|
|t:|1757932744
|move|p2a: Ogerpon|Power Whip|p1a: Great Tusk
|-supereffective|p1a: Great Tusk
|-damage|p1a: Great Tusk|32/100
|-damage|p2a: Ogerpon|84/100|[from] item: Rocky Helmet|[of] p1a: Great Tusk
|move|p1a: Great Tusk|Rapid Spin|p2a: Ogerpon
|-damage|p2a: Ogerpon|65/100
|-boost|p1a: Great Tusk|spe|1
|-sideend|p1: Jirachi75|Sticky Web|[from] move: Rapid Spin|[of] p1a: Great Tusk
|
|-weather|Snowscape|[upkeep]
|upkeep
|turn|7
|
|t:|1757932753
|-end|p1a: Great Tusk|Protosynthesis|[silent]
|switch|p1a: Slowking|Slowking-Galar, M|98/100 par
|move|p2a: Ogerpon|Ivy Cudgel|p1a: Slowking|[anim] Ivy Cudgel Water
|-damage|p1a: Slowking|42/100 par
|
|-weather|Snowscape|[upkeep]
|upkeep
|turn|8
|
|t:|1757932760
|switch|p1a: Farfi|Whimsicott, F|100/100
|move|p2a: Ogerpon|Ivy Cudgel|p1a: Farfi|[anim] Ivy Cudgel Water
|-resisted|p1a: Farfi
|-damage|p1a: Farfi|60/100
|
|-weather|Snowscape|[upkeep]
|upkeep
|turn|9
|
|t:|1757932767
|move|p1a: Farfi|Moonblast|p2a: Ogerpon
|-damage|p2a: Ogerpon|21/100
|move|p2a: Ogerpon|Ivy Cudgel|p1a: Farfi|[anim] Ivy Cudgel Water
|-resisted|p1a: Farfi
|-damage|p1a: Farfi|16/100
|
|-weather|none
|upkeep
|turn|10
|
|t:|1757932774
|switch|p2a: Iron Moth|Iron Moth|100/100
|-enditem|p2a: Iron Moth|Booster Energy
|-activate|p2a: Iron Moth|ability: Quark Drive|[fromitem]
|-start|p2a: Iron Moth|quarkdrivespa
|move|p1a: Farfi|U-turn|p2a: Iron Moth
|-resisted|p2a: Iron Moth
|-damage|p2a: Iron Moth|96/100
|
|t:|1757932781
|switch|p1a: Arcanine|Arcanine-Hisui, M|100/100|[from] U-turn
|
|upkeep
|turn|11
|
|t:|1757932788
|move|p1a: Arcanine|Head Smash|p2a: Iron Moth|[miss]
|-miss|p1a: Arcanine|p2a: Iron Moth
|move|p2a: Iron Moth|Substitute|p2a: Iron Moth
|-start|p2a: Iron Moth|Substitute
|-damage|p2a: Iron Moth|71/100
|
|upkeep
|turn|12
|
|t:|1757932794
|move|p1a: Arcanine|Head Smash|p2a: Iron Moth|[miss]
|-miss|p1a: Arcanine|p2a: Iron Moth
|move|p2a: Iron Moth|Substitute|p2a: Iron Moth
|-fail|p2a: Iron Moth|move: Substitute
|
|upkeep
|turn|13
|
|t:|1757932800
|move|p1a: Arcanine|Head Smash|p2a: Iron Moth
|-supereffective|p2a: Iron Moth
|-end|p2a: Iron Moth|Substitute
|move|p2a: Iron Moth|Substitute|p2a: Iron Moth
|-start|p2a: Iron Moth|Substitute
|-damage|p2a: Iron Moth|46/100
|
|upkeep
|turn|14
|
|t:|1757932807
|move|p1a: Arcanine|Head Smash|p2a: Iron Moth
|-supereffective|p2a: Iron Moth
|-end|p2a: Iron Moth|Substitute
|move|p2a: Iron Moth|Substitute|p2a: Iron Moth
|-start|p2a: Iron Moth|Substitute
|-damage|p2a: Iron Moth|21/100
|
|upkeep
|turn|15
|
|t:|1757932813
|move|p1a: Arcanine|Head Smash|p2a: Iron Moth
|-supereffective|p2a: Iron Moth
|-end|p2a: Iron Moth|Substitute
|move|p2a: Iron Moth|Sludge Wave|p1a: Arcanine
|-resisted|p1a: Arcanine
|-damage|p1a: Arcanine|62/100
|
|upkeep
|turn|16
|
|t:|1757932819
|move|p1a: Arcanine|Head Smash|p2a: Iron Moth
|-supereffective|p2a: Iron Moth
|-damage|p2a: Iron Moth|0 fnt
|faint|p2a: Iron Moth
|-end|p2a: Iron Moth|Quark Drive|[silent]
|
|upkeep
|
|t:|1757932822
|switch|p2a: Ogerpon|Ogerpon-Wellspring, F|21/100
|turn|17
|
|t:|1757932825
|move|p1a: Arcanine|Head Smash|p2a: Ogerpon
|-damage|p2a: Ogerpon|0 fnt
|faint|p2a: Ogerpon
|
|upkeep
|
|t:|1757932831
|switch|p2a: Landorus|Landorus-Therian, M|100/100
|-ability|p2a: Landorus|Intimidate|boost
|-unboost|p1a: Arcanine|atk|1
|turn|18
|
|t:|1757932851
|switch|p1a: Great Tusk|Great Tusk|32/100
|move|p2a: Landorus|Swords Dance|p2a: Landorus
|-boost|p2a: Landorus|atk|2
|
|upkeep
|turn|19
|
|t:|1757932858
|move|p2a: Landorus|Earthquake|p1a: Great Tusk
|-damage|p1a: Great Tusk|0 fnt
|faint|p1a: Great Tusk
|-end|p1a: Great Tusk|Protosynthesis|[silent]
|
|upkeep
|
|t:|1757932864
|switch|p1a: Kyurem|Kyurem|100/100
|-ability|p1a: Kyurem|Pressure
|turn|20
|
|t:|1757932868
|-terastallize|p2a: Landorus|Fire
|move|p1a: Kyurem|Freeze-Dry|p2a: Landorus
|-resisted|p2a: Landorus
|-damage|p2a: Landorus|77/100
|move|p2a: Landorus|Stone Edge|p1a: Kyurem
|-supereffective|p1a: Kyurem
|-damage|p1a: Kyurem|0 fnt
|faint|p1a: Kyurem
|
|upkeep
|
|t:|1757932884
|switch|p1a: Alomomola|Alomomola, M|100/100
|turn|21
|
|t:|1757932890
|move|p2a: Landorus|Earthquake|p1a: Alomomola
|-damage|p1a: Alomomola|26/100
|move|p1a: Alomomola|Flip Turn|p2a: Landorus
|-supereffective|p2a: Landorus
|-damage|p2a: Landorus|38/100
|
|t:|1757932914
|switch|p1a: Arcanine|Arcanine-Hisui, M|62/100|[from] Flip Turn
|
|upkeep
|turn|22
|
|t:|1757932939
|switch|p2a: Serperior|Serperior, F|100/100
|-terastallize|p1a: Arcanine|Fire
|move|p1a: Arcanine|Flare Blitz|p2a: Serperior
|-supereffective|p2a: Serperior
|-damage|p2a: Serperior|0 fnt
|faint|p2a: Serperior
|
|upkeep
|
|t:|1757932943
|switch|p2a: Landorus|Landorus-Therian, M, tera:Fire|38/100
|-ability|p2a: Landorus|Intimidate|boost
|-unboost|p1a: Arcanine|atk|1
|turn|23
|
|t:|1757932950
|switch|p1a: Slowking|Slowking-Galar, M|75/100 par
|move|p2a: Landorus|Earthquake|p1a: Slowking
|-supereffective|p1a: Slowking
|-damage|p1a: Slowking|0 fnt
|faint|p1a: Slowking
|
|upkeep
|
|t:|1757932958
|switch|p1a: Farfi|Whimsicott, F|16/100
|turn|24
|
|t:|1757932969
|switch|p2a: Weavile|Weavile, F|100/100
|-ability|p2a: Weavile|Pressure
|move|p1a: Farfi|Sunny Day|p1a: Farfi
|-weather|SunnyDay
|
|-weather|SunnyDay|[upkeep]
|upkeep
|turn|25
|
|t:|1757932979
|switch|p1a: Alomomola|Alomomola, M|59/100
|move|p2a: Weavile|Ice Shard|p1a: Alomomola
|-resisted|p1a: Alomomola
|-damage|p1a: Alomomola|51/100
|-damage|p2a: Weavile|91/100|[from] item: Life Orb
|
|-weather|SunnyDay|[upkeep]
|upkeep
|turn|26
|
|t:|1757932987
|move|p2a: Weavile|Swords Dance|p2a: Weavile
|-boost|p2a: Weavile|atk|2
|move|p1a: Alomomola|Flip Turn|p2a: Weavile
|-damage|p2a: Weavile|76/100
|
|t:|1757932993
|switch|p1a: Arcanine|Arcanine-Hisui, M, tera:Fire|62/100|[from] Flip Turn
|
|-weather|SunnyDay|[upkeep]
|upkeep
|turn|27
|
|t:|1757932998
|move|p2a: Weavile|Ice Shard|p1a: Arcanine
|-resisted|p1a: Arcanine
|-damage|p1a: Arcanine|29/100
|-damage|p2a: Weavile|66/100|[from] item: Life Orb
|move|p1a: Arcanine|Flare Blitz|p2a: Weavile
|-supereffective|p2a: Weavile
|-damage|p2a: Weavile|0 fnt
|faint|p2a: Weavile
|
|-weather|SunnyDay|[upkeep]
|upkeep
|
|t:|1757933000
|switch|p2a: Landorus|Landorus-Therian, M, tera:Fire|38/100
|-ability|p2a: Landorus|Intimidate|boost
|-unboost|p1a: Arcanine|atk|1
|turn|28
|
|t:|1757933012
|switch|p1a: Farfi|Whimsicott, F|16/100
|move|p2a: Landorus|Earthquake|p1a: Farfi
|-resisted|p1a: Farfi
|-damage|p1a: Farfi|0 fnt
|faint|p1a: Farfi
|
|-weather|SunnyDay|[upkeep]
|upkeep
|
|t:|1757933020
|switch|p1a: Arcanine|Arcanine-Hisui, M, tera:Fire|29/100
|turn|29
|
|t:|1757933022
|move|p1a: Arcanine|Flare Blitz|p2a: Landorus
|-resisted|p2a: Landorus
|-damage|p2a: Landorus|0 fnt
|faint|p2a: Landorus
|
|win|Jirachi75
|raw|Jirachi75's rating: 1331 &rarr; <strong>1354</strong><br />(+23 for winning)
|raw|lolimdabeast's rating: 1388 &rarr; <strong>1365</strong><br />(-23 for losing)
|l|☆lolimdabeast
|player|p2|
|l|☆Jirachi75
|player|p1|
