|j|☆reccaviii
|j|☆OnArceus
|t:|1757890643
|gametype|singles
|player|p1|reccaviii|akari|1692
|player|p2|OnArceus|#scl2spartans|1881
|gen|9
|tier|[Gen 9] OU
|rated|
|rule|HP Percentage Mod: HP is shown in percentages
|rule|Endless Battle Clause: Forcing endless battles is banned
|rule|Species Clause: Limit one of each Pokémon
|rule|OHKO Clause: OHKO moves are banned
|rule|Evasion Items Clause: Evasion items are banned
|rule|Evasion Moves Clause: Evasion moves are banned
|rule|Evasion Abilities Clause: Evasion abilities are banned
|rule|Sleep Moves Clause: Sleep-inducing moves are banned
|clearpoke
|poke|p1|Metagross|
|poke|p1|Kyurem|
|poke|p1|Zamazenta-*|
|poke|p1|Garchomp, M|
|poke|p1|Hatterene, F|
|poke|p1|Tornadus-Therian, M|
|poke|p2|Ursaluna, M|
|poke|p2|Meowscarada, M|
|poke|p2|Gholdengo|
|poke|p2|Great Tusk|
|poke|p2|Slowking-Galar, F|
|poke|p2|Moltres|
|teampreview
|inactive|Battle timer is ON: inactive players will automatically lose when time's up. (requested by reccaviii)
|inactive|reccaviii has 120 seconds left.
|inactive|OnArceus has 120 seconds left.
|j| fredinpanbisin
|
|t:|1757890690
|teamsize|p1|6
|teamsize|p2|6
|start
|switch|p1a: Hatterene|Hatterene, F|100/100
|switch|p2a: Ursaluna|Ursaluna, M|100/100
|turn|1
|
|t:|1757890715
|move|p2a: Ursaluna|Bulk Up|p2a: Ursaluna
|-boost|p2a: Ursaluna|atk|1
|-boost|p2a: Ursaluna|def|1
|move|p1a: Hatterene|Psyshock|p2a: Ursaluna
|-damage|p2a: Ursaluna|83/100
|
|-heal|p2a: Ursaluna|89/100|[from] item: Leftovers
|upkeep
|turn|2
|
|t:|1757890724
|switch|p1a: Garchomp|Garchomp, M|100/100
|move|p2a: Ursaluna|Bulk Up|p2a: Ursaluna
|-boost|p2a: Ursaluna|atk|1
|-boost|p2a: Ursaluna|def|1
|
|-heal|p2a: Ursaluna|96/100|[from] item: Leftovers
|upkeep
|turn|3
|
|t:|1757890731
|-terastallize|p1a: Garchomp|Ghost
|move|p2a: Ursaluna|Ice Punch|p1a: Garchomp
|-damage|p1a: Garchomp|72/100
|-damage|p2a: Ursaluna|83/100|[from] ability: Rough Skin|[of] p1a: Garchomp
|-damage|p2a: Ursaluna|66/100|[from] item: Rocky Helmet|[of] p1a: Garchomp
|move|p1a: Garchomp|Dragon Tail|p2a: Ursaluna|[miss]
|-miss|p1a: Garchomp|p2a: Ursaluna
|
|-heal|p2a: Ursaluna|73/100|[from] item: Leftovers
|upkeep
|turn|4
|j| Jey2
|inactive|reccaviii has 120 seconds left.
|inactive|reccaviii has 90 seconds left.
|
|t:|1757890797
|move|p2a: Ursaluna|Earthquake|p1a: Garchomp
|-damage|p1a: Garchomp|17/100
|move|p1a: Garchomp|Dragon Tail|p2a: Ursaluna
|-damage|p2a: Ursaluna|63/100
|drag|p2a: Meowscarada|Meowscarada, M|100/100
|
|upkeep
|turn|5
|
|t:|1757890809
|move|p2a: Meowscarada|Flower Trick|p1a: Garchomp
|-crit|p1a: Garchomp
|-damage|p1a: Garchomp|0 fnt
|faint|p1a: Garchomp
|
|upkeep
|inactive|reccaviii has 60 seconds left.
|
|t:|1757890845
|switch|p1a: Hatterene|Hatterene, F|100/100
|turn|6
|inactive|reccaviii has 30 seconds left.
|
|t:|1757890878
|move|p2a: Meowscarada|U-turn|p1a: Hatterene
|-damage|p1a: Hatterene|84/100
|-damage|p2a: Meowscarada|84/100|[from] item: Rocky Helmet|[of] p1a: Hatterene
|
|t:|1757890882
|switch|p2a: Slowking|Slowking-Galar, F|100/100|[from] U-turn
|move|p1a: Hatterene|Draining Kiss|p2a: Slowking
|-resisted|p2a: Slowking
|-damage|p2a: Slowking|91/100
|-heal|p1a: Hatterene|92/100|[from] drain|[of] p2a: Slowking
|
|upkeep
|turn|7
|
|t:|1757890892
|switch|p1a: Metagross|Metagross, shiny|100/100
|-prepare|p2a: Slowking|Chilly Reception|[premajor]
|move|p2a: Slowking|Chilly Reception|p2a: Slowking
|-weather|Snowscape
|
|t:|1757890896
|switch|p2a: Great Tusk|Great Tusk|100/100|[from] Chilly Reception
|
|-weather|Snowscape|[upkeep]
|upkeep
|turn|8
|
|t:|1757890904
|switch|p1a: Hatterene|Hatterene, F|92/100
|move|p2a: Great Tusk|Headlong Rush|p1a: Hatterene
|-damage|p1a: Hatterene|40/100
|-unboost|p2a: Great Tusk|def|1
|-unboost|p2a: Great Tusk|spd|1
|-damage|p2a: Great Tusk|84/100|[from] item: Rocky Helmet|[of] p1a: Hatterene
|
|-weather|Snowscape|[upkeep]
|upkeep
|turn|9
|
|t:|1757890911
|move|p2a: Great Tusk|Headlong Rush|p1a: Hatterene
|-damage|p1a: Hatterene|0 fnt
|-unboost|p2a: Great Tusk|def|1
|-unboost|p2a: Great Tusk|spd|1
|-damage|p2a: Great Tusk|68/100|[from] item: Rocky Helmet|[of] p1a: Hatterene
|faint|p1a: Hatterene
|
|-weather|Snowscape|[upkeep]
|upkeep
|
|t:|1757890923
|switch|p1a: Kyurem|Kyurem|100/100
|-ability|p1a: Kyurem|Pressure
|turn|10
|
|t:|1757890926
|-end|p2a: Great Tusk|Protosynthesis|[silent]
|switch|p2a: Slowking|Slowking-Galar, F|100/100
|move|p1a: Kyurem|Dragon Dance|p1a: Kyurem
|-boost|p1a: Kyurem|atk|1
|-boost|p1a: Kyurem|spe|1
|
|-weather|Snowscape|[upkeep]
|upkeep
|turn|11
|inactive|reccaviii has 60 seconds left.
|
|t:|1757890943
|-terastallize|p2a: Slowking|Water
|move|p1a: Kyurem|Icicle Spear|p2a: Slowking
|-resisted|p2a: Slowking
|-damage|p2a: Slowking|94/100
|-resisted|p2a: Slowking
|-damage|p2a: Slowking|88/100
|-resisted|p2a: Slowking
|-damage|p2a: Slowking|81/100
|-resisted|p2a: Slowking
|-damage|p2a: Slowking|74/100
|-hitcount|p2a: Slowking|4
|move|p2a: Slowking|Sludge Bomb|p1a: Kyurem
|-damage|p1a: Kyurem|71/100
|-status|p1a: Kyurem|psn
|
|-weather|none
|-damage|p1a: Kyurem|59/100 psn|[from] psn
|upkeep
|turn|12
|
|t:|1757890957
|move|p1a: Kyurem|Freeze-Dry|p2a: Slowking
|-supereffective|p2a: Slowking
|-damage|p2a: Slowking|18/100
|move|p2a: Slowking|Sludge Bomb|p1a: Kyurem
|-damage|p1a: Kyurem|25/100 psn
|
|-damage|p1a: Kyurem|13/100 psn|[from] psn
|upkeep
|turn|13
|
|t:|1757890972
|move|p1a: Kyurem|Icicle Spear|p2a: Slowking
|-resisted|p2a: Slowking
|-damage|p2a: Slowking|11/100
|-resisted|p2a: Slowking
|-damage|p2a: Slowking|5/100
|-resisted|p2a: Slowking
|-damage|p2a: Slowking|0 fnt
|faint|p2a: Slowking
|-hitcount|p2: Slowking|3
|
|-damage|p1a: Kyurem|0 fnt|[from] psn
|faint|p1a: Kyurem
|upkeep
|inactive|reccaviii has 30 seconds left.
|
|t:|1757890999
|switch|p1a: Tornadus|Tornadus-Therian, M|100/100
|switch|p2a: Moltres|Moltres|100/100
|turn|14
|
|t:|1757891007
|move|p1a: Tornadus|Bleakwind Storm|p2a: Moltres|[miss]
|-miss|p1a: Tornadus|p2a: Moltres
|move|p2a: Moltres|Flamethrower|p1a: Tornadus
|-damage|p1a: Tornadus|75/100
|
|upkeep
|turn|15
|
|t:|1757891011
|move|p1a: Tornadus|Bleakwind Storm|p2a: Moltres
|-damage|p2a: Moltres|60/100
|move|p2a: Moltres|Flamethrower|p1a: Tornadus
|-damage|p1a: Tornadus|49/100
|
|upkeep
|turn|16
|
|t:|1757891016
|move|p1a: Tornadus|Bleakwind Storm|p2a: Moltres
|-damage|p2a: Moltres|23/100
|move|p2a: Moltres|Roost|p2a: Moltres
|-heal|p2a: Moltres|73/100
|-singleturn|p2a: Moltres|move: Roost
|
|upkeep
|turn|17
|
|t:|1757891021
|move|p1a: Tornadus|Bleakwind Storm|p2a: Moltres
|-damage|p2a: Moltres|33/100
|move|p2a: Moltres|Roost|p2a: Moltres
|-heal|p2a: Moltres|84/100
|-singleturn|p2a: Moltres|move: Roost
|
|upkeep
|turn|18
|
|t:|1757891030
|move|p1a: Tornadus|Bleakwind Storm|p2a: Moltres
|-damage|p2a: Moltres|43/100
|-unboost|p2a: Moltres|spe|1
|move|p2a: Moltres|Roost|p2a: Moltres
|-heal|p2a: Moltres|93/100
|-singleturn|p2a: Moltres|move: Roost
|
|upkeep
|turn|19
|
|t:|1757891037
|switch|p2a: Ursaluna|Ursaluna, M|63/100
|move|p1a: Tornadus|Bleakwind Storm|p2a: Ursaluna
|-damage|p2a: Ursaluna|38/100
|-unboost|p2a: Ursaluna|spe|1
|
|-heal|p2a: Ursaluna|45/100|[from] item: Leftovers
|upkeep
|turn|20
|
|t:|1757891049
|move|p1a: Tornadus|Knock Off|p2a: Ursaluna
|-damage|p2a: Ursaluna|31/100
|-enditem|p2a: Ursaluna|Leftovers|[from] move: Knock Off|[of] p1a: Tornadus
|move|p2a: Ursaluna|Ice Punch|p1a: Tornadus
|-supereffective|p1a: Tornadus
|-damage|p1a: Tornadus|0 fnt
|faint|p1a: Tornadus
|
|upkeep
|inactive|reccaviii has 60 seconds left.
|
|t:|1757891075
|switch|p1a: Metagross|Metagross, shiny|100/100
|turn|21
|
|t:|1757891082
|move|p1a: Metagross|Thunder Punch|p2a: Ursaluna
|-immune|p2a: Ursaluna
|move|p2a: Ursaluna|Earthquake|p1a: Metagross
|-supereffective|p1a: Metagross
|-damage|p1a: Metagross|21/100
|
|upkeep
|turn|22
|-message|reccaviii forfeited.
|
|win|OnArceus
|raw|reccaviii's rating: 1692 &rarr; <strong>1682</strong><br />(-10 for losing)
|raw|OnArceus's rating: 1881 &rarr; <strong>1891</strong><br />(+10 for winning)
|l|☆reccaviii
|player|p1|
