|j|☆Rurusme
|j|☆vitos86
|t:|1757791462
|gametype|singles
|player|p1|Rurusme|drayden|1269
|player|p2|vitos86|biker|1235
|gen|9
|tier|[Gen 9] OU
|rated|
|rule|HP Percentage Mod: HP is shown in percentages
|rule|Endless Battle Clause: Forcing endless battles is banned
|rule|Species Clause: Limit one of each Pokémon
|rule|OHKO Clause: OHKO moves are banned
|rule|Evasion Items Clause: Evasion items are banned
|rule|Evasion Moves Clause: Evasion moves are banned
|rule|Evasion Abilities Clause: Evasion abilities are banned
|rule|Sleep Moves Clause: Sleep-inducing moves are banned
|clearpoke
|poke|p1|Hoopa-Unbound|
|poke|p1|Great Tusk|
|poke|p1|Cinderace, F|
|poke|p1|Dragapult, F|
|poke|p1|Kingambit, M|
|poke|p1|Araquanid, F|
|poke|p2|Mightyena, M|
|poke|p2|Arcanine, M|
|poke|p2|Zapdos|
|poke|p2|Typhlosion, M|
|poke|p2|Lapras, M|
|poke|p2|Blastoise, M|
|teampreview
|
|t:|1757791467
|teamsize|p1|6
|teamsize|p2|6
|start
|switch|p1a: Araquanid|Araquanid, F|100/100
|switch|p2a: Arcanine|Arcanine, M|100/100
|-ability|p2a: Arcanine|Intimidate|boost
|-unboost|p1a: Araquanid|atk|1
|turn|1
|inactive|Battle timer is ON: inactive players will automatically lose when time's up. (requested by vitos86)
|
|t:|1757791475
|move|p2a: Arcanine|Wild Charge|p1a: Araquanid
|-supereffective|p1a: Araquanid
|-damage|p1a: Araquanid|12/100
|-damage|p2a: Arcanine|82/100|[from] Recoil
|move|p1a: Araquanid|Sticky Web|p2a: Arcanine
|-sidestart|p2: vitos86|move: Sticky Web
|
|upkeep
|turn|2
|
|t:|1757791486
|move|p2a: Arcanine|Flare Blitz|p1a: Araquanid
|-damage|p1a: Araquanid|0 fnt
|faint|p1a: Araquanid
|-damage|p2a: Arcanine|79/100|[from] Recoil
|
|upkeep
|
|t:|1757791502
|switch|p1a: Dragapult|Dragapult, F|100/100
|turn|3
|
|t:|1757791510
|move|p2a: Arcanine|Extreme Speed|p1a: Dragapult
|-immune|p1a: Dragapult
|move|p1a: Dragapult|Thunder Wave|p2a: Arcanine
|-status|p2a: Arcanine|par
|
|upkeep
|turn|4
|
|t:|1757791517
|move|p1a: Dragapult|Hex|p2a: Arcanine
|-damage|p2a: Arcanine|29/100 par
|move|p2a: Arcanine|Flare Blitz|p1a: Dragapult
|-resisted|p1a: Dragapult
|-damage|p1a: Dragapult|57/100
|-damage|p2a: Arcanine|16/100 par|[from] Recoil
|
|-heal|p1a: Dragapult|63/100|[from] item: Leftovers
|upkeep
|turn|5
|
|t:|1757791532
|move|p1a: Dragapult|Hex|p2a: Arcanine
|-damage|p2a: Arcanine|0 fnt
|faint|p2a: Arcanine
|
|-heal|p1a: Dragapult|69/100|[from] item: Leftovers
|upkeep
|
|t:|1757791539
|switch|p2a: Blastoise|Blastoise, M|100/100
|turn|6
|
|t:|1757791543
|move|p1a: Dragapult|Thunder Wave|p2a: Blastoise
|-status|p2a: Blastoise|par
|cant|p2a: Blastoise|par
|
|-heal|p1a: Dragapult|75/100|[from] item: Leftovers
|upkeep
|turn|7
|
|t:|1757791553
|move|p1a: Dragapult|Hex|p2a: Blastoise
|-damage|p2a: Blastoise|59/100 par
|move|p2a: Blastoise|Rapid Spin|p1a: Dragapult
|-immune|p1a: Dragapult
|
|-heal|p1a: Dragapult|82/100|[from] item: Leftovers
|upkeep
|turn|8
|
|t:|1757791562
|move|p1a: Dragapult|Hex|p2a: Blastoise
|-damage|p2a: Blastoise|14/100 par
|move|p2a: Blastoise|Ice Beam|p1a: Dragapult
|-supereffective|p1a: Dragapult
|-damage|p1a: Dragapult|20/100
|
|-heal|p1a: Dragapult|26/100|[from] item: Leftovers
|upkeep
|turn|9
|
|t:|1757791571
|move|p1a: Dragapult|Hex|p2a: Blastoise
|-damage|p2a: Blastoise|0 fnt
|faint|p2a: Blastoise
|
|-heal|p1a: Dragapult|32/100|[from] item: Leftovers
|upkeep
|
|t:|1757791580
|switch|p2a: Lapras|Lapras, M|100/100
|-activate|p2a: Lapras|move: Sticky Web
|-unboost|p2a: Lapras|spe|1
|turn|10
|
|t:|1757791587
|switch|p1a: Kingambit|Kingambit, M|100/100
|-activate|p1a: Kingambit|ability: Supreme Overlord
|-start|p1a: Kingambit|fallen1|[silent]
|-item|p1a: Kingambit|Air Balloon
|move|p2a: Lapras|Ice Beam|p1a: Kingambit
|-resisted|p1a: Kingambit
|-damage|p1a: Kingambit|80/100
|-enditem|p1a: Kingambit|Air Balloon
|
|upkeep
|turn|11
|
|t:|1757791597
|move|p1a: Kingambit|Swords Dance|p1a: Kingambit
|-boost|p1a: Kingambit|atk|2
|move|p2a: Lapras|Alluring Voice|p1a: Kingambit
|-damage|p1a: Kingambit|59/100
|-start|p1a: Kingambit|confusion
|
|upkeep
|turn|12
|
|t:|1757791606
|-activate|p1a: Kingambit|confusion
|move|p1a: Kingambit|Iron Head|p2a: Lapras
|-damage|p2a: Lapras|10/100
|move|p2a: Lapras|Chilling Water|p1a: Kingambit
|-damage|p1a: Kingambit|39/100
|-unboost|p1a: Kingambit|atk|1
|
|upkeep
|turn|13
|
|t:|1757791615
|-activate|p1a: Kingambit|confusion
|move|p1a: Kingambit|Kowtow Cleave|p2a: Lapras
|-damage|p2a: Lapras|0 fnt
|faint|p2a: Lapras
|
|upkeep
|
|t:|1757791625
|switch|p2a: Zapdos|Zapdos|100/100
|turn|14
|
|t:|1757791630
|-end|p1a: Kingambit|confusion
|move|p1a: Kingambit|Sucker Punch|p2a: Zapdos
|-damage|p2a: Zapdos|45/100
|move|p2a: Zapdos|Heat Wave|p1a: Kingambit
|-supereffective|p1a: Kingambit
|-damage|p1a: Kingambit|0 fnt
|faint|p1a: Kingambit
|-end|p1a: Kingambit|fallen1|[silent]
|
|-heal|p2a: Zapdos|51/100|[from] item: Leftovers
|upkeep
|
|t:|1757791644
|switch|p1a: Dragapult|Dragapult, F|32/100
|turn|15
|
|t:|1757791649
|move|p1a: Dragapult|Dragon Darts|p2a: Zapdos
|-damage|p2a: Zapdos|36/100
|-anim|p1a: Dragapult|Dragon Darts|p2a: Zapdos
|-damage|p2a: Zapdos|18/100
|move|p2a: Zapdos|Roost|p2a: Zapdos
|-heal|p2a: Zapdos|68/100
|-singleturn|p2a: Zapdos|move: Roost
|
|-heal|p1a: Dragapult|38/100|[from] item: Leftovers
|-heal|p2a: Zapdos|74/100|[from] item: Leftovers
|upkeep
|turn|16
|
|t:|1757791663
|move|p1a: Dragapult|Will-O-Wisp|p2a: Zapdos
|-status|p2a: Zapdos|brn
|move|p2a: Zapdos|Roost|p2a: Zapdos
|-heal|p2a: Zapdos|100/100 brn
|-singleturn|p2a: Zapdos|move: Roost
|
|-heal|p1a: Dragapult|44/100|[from] item: Leftovers
|-damage|p2a: Zapdos|94/100 brn|[from] brn
|upkeep
|turn|17
|
|t:|1757791678
|move|p1a: Dragapult|Hex|p2a: Zapdos
|-damage|p2a: Zapdos|55/100 brn
|move|p2a: Zapdos|Ancient Power|p1a: Dragapult
|-damage|p1a: Dragapult|25/100
|
|-heal|p1a: Dragapult|31/100|[from] item: Leftovers
|-heal|p2a: Zapdos|61/100 brn|[from] item: Leftovers
|-damage|p2a: Zapdos|55/100 brn|[from] brn
|upkeep
|turn|18
|
|t:|1757791689
|move|p1a: Dragapult|Hex|p2a: Zapdos
|-damage|p2a: Zapdos|18/100 brn
|move|p2a: Zapdos|Discharge|p1a: Dragapult
|-resisted|p1a: Dragapult
|-crit|p1a: Dragapult
|-damage|p1a: Dragapult|0 fnt
|faint|p1a: Dragapult
|
|-heal|p2a: Zapdos|24/100 brn|[from] item: Leftovers
|-damage|p2a: Zapdos|18/100 brn|[from] brn
|upkeep
|
|t:|1757791702
|switch|p1a: Great Tusk|Great Tusk|100/100
|-enditem|p1a: Great Tusk|Booster Energy
|-activate|p1a: Great Tusk|ability: Protosynthesis|[fromitem]
|-start|p1a: Great Tusk|protosynthesisatk
|turn|19
|
|t:|1757791711
|move|p1a: Great Tusk|Close Combat|p2a: Zapdos
|-resisted|p2a: Zapdos
|-damage|p2a: Zapdos|0 fnt
|-unboost|p1a: Great Tusk|def|1
|-unboost|p1a: Great Tusk|spd|1
|faint|p2a: Zapdos
|
|upkeep
|
|t:|1757791718
|switch|p2a: Typhlosion|Typhlosion, M|100/100
|-activate|p2a: Typhlosion|move: Sticky Web
|-unboost|p2a: Typhlosion|spe|1
|turn|20
|
|t:|1757791731
|move|p1a: Great Tusk|Headlong Rush|p2a: Typhlosion
|-supereffective|p2a: Typhlosion
|-damage|p2a: Typhlosion|0 fnt
|-unboost|p1a: Great Tusk|def|1
|-unboost|p1a: Great Tusk|spd|1
|faint|p2a: Typhlosion
|
|upkeep
|
|t:|1757791738
|switch|p2a: Mightyena|Mightyena, M|100/100
|-activate|p2a: Mightyena|move: Sticky Web
|-unboost|p2a: Mightyena|spe|1
|turn|21
|
|t:|1757791749
|-terastallize|p2a: Mightyena|Dark
|move|p2a: Mightyena|Sucker Punch|p1a: Great Tusk
|-resisted|p1a: Great Tusk
|-damage|p1a: Great Tusk|67/100
|-damage|p2a: Mightyena|91/100|[from] item: Life Orb
|move|p1a: Great Tusk|Close Combat|p2a: Mightyena
|-supereffective|p2a: Mightyena
|-crit|p2a: Mightyena
|-damage|p2a: Mightyena|0 fnt
|-unboost|p1a: Great Tusk|def|1
|-unboost|p1a: Great Tusk|spd|1
|faint|p2a: Mightyena
|
|win|Rurusme
|raw|Rurusme's rating: 1269 &rarr; <strong>1292</strong><br />(+23 for winning)
|raw|vitos86's rating: 1235 &rarr; <strong>1212</strong><br />(-23 for losing)
|l|☆Rurusme
|player|p1|
|l|☆vitos86
|player|p2|
