|j|☆NastyMcAllisters
|j|☆TREMBLEB4BAST
|t:|1757915750
|gametype|singles
|player|p1|NastyMcAllisters|bugsy|1273
|player|p2|TREMBLEB4BAST|geeta|1345
|gen|9
|tier|[Gen 9] OU
|rated|
|rule|HP Percentage Mod: HP is shown in percentages
|rule|Endless Battle Clause: Forcing endless battles is banned
|rule|Species Clause: Limit one of each Pokémon
|rule|OHKO Clause: OHKO moves are banned
|rule|Evasion Items Clause: Evasion items are banned
|rule|Evasion Moves Clause: Evasion moves are banned
|rule|Evasion Abilities Clause: Evasion abilities are banned
|rule|Sleep Moves Clause: Sleep-inducing moves are banned
|clearpoke
|poke|p1|Zapdos-Galar|
|poke|p1|Alomomola, F|
|poke|p1|Lokix, M|
|poke|p1|Cinderace, M|
|poke|p1|Enamorus, F|
|poke|p1|Slowking-Galar, M|
|poke|p2|Deoxys-Speed|
|poke|p2|Indeedee, M|
|poke|p2|Meowscarada, M|
|poke|p2|Araquanid, F|
|poke|p2|Hitmonlee, M|
|poke|p2|Scream Tail|
|teampreview
|inactive|Battle timer is ON: inactive players will automatically lose when time's up. (requested by NastyMcAllisters)
|c|☆NastyMcAllisters|!randbats deoxys-defense

|c| NastyMcAllisters|/raw <div class="infobox"><span class="gray">Moves for Deoxys-Defense in [Gen 9] Random Battle:</span><br/><b>Level</b>: 84<details class="details"><summary>Bulky Setup</summary><b>Tera Type</b>: Steel<br/><b>Moves</b>: <a href="https://dex.pokemonshowdown.com/moves/cosmicpower" target="_blank" class="subtle" style="white-space:nowrap">Cosmic Power</a>, <a href="https://dex.pokemonshowdown.com/moves/nightshade" target="_blank" class="subtle" style="white-space:nowrap">Night Shade</a>, <a href="https://dex.pokemonshowdown.com/moves/recover" target="_blank" class="subtle" style="white-space:nowrap">Recover</a>, <a href="https://dex.pokemonshowdown.com/moves/storedpower" target="_blank" class="subtle" style="white-space:nowrap">Stored Power</a><br/><b>Ability</b>: Pressure</details><details class="details"><summary>Bulky Support</summary><b>Tera Types</b>: Dark, Fairy, Steel<br/><b>Moves</b>: <a href="https://dex.pokemonshowdown.com/moves/knockoff" target="_blank" class="subtle" style="white-space:nowrap">Knock Off</a>, <a href="https://dex.pokemonshowdown.com/moves/psychicnoise" target="_blank" class="subtle" style="white-space:nowrap">Psychic Noise</a>, <a href="https://dex.pokemonshowdown.com/moves/recover" target="_blank" class="subtle" style="white-space:nowrap">Recover</a>, <a href="https://dex.pokemonshowdown.com/moves/spikes" target="_blank" class="subtle" style="white-space:nowrap">Spikes</a>, <a href="https://dex.pokemonshowdown.com/moves/stealthrock" target="_blank" class="subtle" style="white-space:nowrap">Stealth Rock</a>, <a href="https://dex.pokemonshowdown.com/moves/teleport" target="_blank" class="subtle" style="white-space:nowrap">Teleport</a><br/><b>Ability</b>: Pressure</details></div>
|inactive|TREMBLEB4BAST has 120 seconds left.
|c|☆TREMBLEB4BAST|?
|c|☆NastyMcAllisters|im a gay
|c|☆TREMBLEB4BAST|I’m speed not defense
|inactive|TREMBLEB4BAST has 90 seconds left.
|c|☆TREMBLEB4BAST|that’s cool trho
|
|t:|1757915866
|teamsize|p1|6
|teamsize|p2|6
|start
|switch|p1a: Glowkix|Lokix, M|100/100
|switch|p2a: Bubble07|Araquanid, F, shiny|100/100
|turn|1
|
|t:|1757915873
|move|p1a: Glowkix|U-turn|p2a: Bubble07
|-damage|p2a: Bubble07|42/100
|
|t:|1757915883
|switch|p1a: Zapdos-Kanto|Zapdos-Galar, shiny|100/100|[from] U-turn
|move|p2a: Bubble07|Liquidation|p1a: Zapdos-Kanto
|-damage|p1a: Zapdos-Kanto|35/100
|
|-heal|p1a: Zapdos-Kanto|41/100|[from] item: Leftovers
|upkeep
|turn|2
|
|t:|1757915897
|move|p1a: Zapdos-Kanto|Brave Bird|p2a: Bubble07
|-supereffective|p2a: Bubble07
|-damage|p2a: Bubble07|0 fnt
|faint|p2a: Bubble07
|-damage|p1a: Zapdos-Kanto|28/100|[from] Recoil
|
|-heal|p1a: Zapdos-Kanto|34/100|[from] item: Leftovers
|upkeep
|
|t:|1757915904
|switch|p2a: Puss in Boots|Meowscarada, M|100/100
|turn|3
|
|t:|1757915910
|switch|p1a: Glowkix|Lokix, M|100/100
|move|p2a: Puss in Boots|Triple Axel|p1a: Glowkix
|-start|p2a: Puss in Boots|typechange|Ice|[from] ability: Protean
|-damage|p1a: Glowkix|85/100
|-damage|p1a: Glowkix|55/100
|-damage|p1a: Glowkix|11/100
|-hitcount|p1a: Glowkix|3
|
|upkeep
|turn|4
|
|t:|1757915925
|switch|p2a: Mob 100|Indeedee, M|100/100
|-fieldstart|move: Psychic Terrain|[from] ability: Psychic Surge|[of] p2a: Mob 100
|move|p1a: Glowkix|First Impression|p2a: Mob 100
|-activate|p2a: Mob 100|move: Psychic Terrain
|
|upkeep
|turn|5
|
|t:|1757915941
|switch|p1a: Fish Pass|Alomomola, F|100/100
|move|p2a: Mob 100|Tera Blast|p1a: Fish Pass
|-damage|p1a: Fish Pass|75/100
|
|upkeep
|turn|6
|
|t:|1757915948
|switch|p2a: Puss in Boots|Meowscarada, M|100/100
|move|p1a: Fish Pass|Wish|p1a: Fish Pass
|
|upkeep
|turn|7
|
|t:|1757915967
|switch|p1a: Glowking|Slowking-Galar, M|100/100
|move|p2a: Puss in Boots|U-turn|p1a: Glowking
|-start|p2a: Puss in Boots|typechange|Bug|[from] ability: Protean
|-damage|p1a: Glowking|78/100
|
|t:|1757915970
|switch|p2a: Hitmon Ali|Hitmonlee, M|100/100|[from] U-turn
|-enditem|p2a: Hitmon Ali|Psychic Seed
|-boost|p2a: Hitmon Ali|spd|1|[from] item: Psychic Seed
|
|-heal|p1a: Glowking|100/100|[from] move: Wish|[wisher] Fish Pass
|upkeep
|turn|8
|
|t:|1757915980
|move|p2a: Hitmon Ali|Knock Off|p1a: Glowking
|-supereffective|p1a: Glowking
|-damage|p1a: Glowking|54/100
|-enditem|p1a: Glowking|Shuca Berry|[from] move: Knock Off|[of] p2a: Hitmon Ali
|move|p1a: Glowking|Future Sight|p2a: Hitmon Ali
|-start|p1a: Glowking|move: Future Sight
|
|-fieldend|move: Psychic Terrain
|upkeep
|turn|9
|
|t:|1757915989
|move|p2a: Hitmon Ali|Earthquake|p1a: Glowking
|-supereffective|p1a: Glowking
|-crit|p1a: Glowking
|-damage|p1a: Glowking|0 fnt
|faint|p1a: Glowking
|
|upkeep
|
|t:|1757916013
|switch|p1a: Glowkix|Lokix, M|11/100
|turn|10
|
|t:|1757916017
|move|p1a: Glowkix|First Impression|p2a: Hitmon Ali
|-resisted|p2a: Hitmon Ali
|-damage|p2a: Hitmon Ali|0 fnt
|faint|p2a: Hitmon Ali
|
|-hint|Future Sight did not hit because the target is fainted.
|upkeep
|
|t:|1757916024
|switch|p2a: Puss in Boots|Meowscarada, M|100/100
|turn|11
|
|t:|1757916030
|switch|p1a: Lupin|Cinderace, M|100/100
|move|p2a: Puss in Boots|U-turn|p1a: Lupin
|-start|p2a: Puss in Boots|typechange|Bug|[from] ability: Protean
|-resisted|p1a: Lupin
|-damage|p1a: Lupin|82/100
|
|t:|1757916040
|switch|p2a: Alakadam|Deoxys-Speed, shiny|100/100|[from] U-turn
|-ability|p2a: Alakadam|Pressure
|
|upkeep
|turn|12
|
|t:|1757916046
|move|p2a: Alakadam|Expanding Force|p1a: Lupin
|-damage|p1a: Lupin|18/100
|move|p1a: Lupin|Will-O-Wisp|p2a: Alakadam
|-status|p2a: Alakadam|brn
|
|-damage|p2a: Alakadam|94/100 brn|[from] brn
|upkeep
|turn|13
|
|t:|1757916074
|switch|p1a: Fish Pass|Alomomola, F|100/100
|move|p2a: Alakadam|Expanding Force|p1a: Fish Pass
|-damage|p1a: Fish Pass|62/100
|
|-damage|p2a: Alakadam|88/100 brn|[from] brn
|upkeep
|turn|14
|
|t:|1757916091
|switch|p2a: Mob 100|Indeedee, M|100/100
|-fieldstart|move: Psychic Terrain|[from] ability: Psychic Surge|[of] p2a: Mob 100
|move|p1a: Fish Pass|Wish|p1a: Fish Pass
|
|upkeep
|turn|15
|
|t:|1757916098
|move|p2a: Mob 100|Dazzling Gleam|p1a: Fish Pass
|-damage|p1a: Fish Pass|46/100
|move|p1a: Fish Pass|Flip Turn|p2a: Mob 100
|-damage|p2a: Mob 100|65/100
|
|t:|1757916113
|switch|p1a: Lando T|Enamorus, F|100/100|[from] Flip Turn
|
|upkeep
|turn|16
|
|t:|1757916123
|switch|p2a: Alakadam|Deoxys-Speed, shiny|88/100 brn
|-ability|p2a: Alakadam|Pressure
|move|p1a: Lando T|Moonblast|p2a: Alakadam
|-damage|p2a: Alakadam|0 fnt
|faint|p2a: Alakadam
|
|upkeep
|
|t:|1757916131
|switch|p2a: Mob 100|Indeedee, M|65/100
|turn|17
|
|t:|1757916134
|move|p2a: Mob 100|Expanding Force|p1a: Lando T
|-crit|p1a: Lando T
|-damage|p1a: Lando T|0 fnt
|faint|p1a: Lando T
|
|upkeep
|
|t:|1757916143
|switch|p1a: Glowkix|Lokix, M|11/100
|turn|18
|
|t:|1757916147
|switch|p2a: Golliad|Scream Tail, shiny|100/100
|-enditem|p2a: Golliad|Booster Energy
|-activate|p2a: Golliad|ability: Protosynthesis|[fromitem]
|-start|p2a: Golliad|protosynthesisspe
|move|p1a: Glowkix|Leech Life|p2a: Golliad
|-damage|p2a: Golliad|47/100
|-heal|p1a: Glowkix|47/100|[from] drain|[of] p2a: Golliad
|
|-fieldend|move: Psychic Terrain
|upkeep
|turn|19
|
|t:|1757916159
|switch|p1a: Fish Pass|Alomomola, F|80/100
|move|p2a: Golliad|Flamethrower|p1a: Fish Pass
|-resisted|p1a: Fish Pass
|-damage|p1a: Fish Pass|72/100
|
|upkeep
|turn|20
|
|t:|1757916165
|move|p2a: Golliad|Calm Mind|p2a: Golliad
|-boost|p2a: Golliad|spa|1
|-boost|p2a: Golliad|spd|1
|move|p1a: Fish Pass|Wish|p1a: Fish Pass
|
|upkeep
|turn|21
|
|t:|1757916179
|-terastallize|p2a: Golliad|Normal
|move|p2a: Golliad|Boomburst|p1a: Fish Pass
|-damage|p1a: Fish Pass|19/100
|move|p1a: Fish Pass|Flip Turn|p2a: Golliad
|-damage|p2a: Golliad|31/100
|
|t:|1757916198
|switch|p1a: Glowkix|Lokix, M|47/100|[from] Flip Turn
|
|-heal|p1a: Glowkix|100/100|[from] move: Wish|[wisher] Fish Pass
|upkeep
|turn|22
|
|t:|1757916209
|-end|p2a: Golliad|Protosynthesis|[silent]
|switch|p2a: Mob 100|Indeedee, M|65/100
|-fieldstart|move: Psychic Terrain|[from] ability: Psychic Surge|[of] p2a: Mob 100
|move|p1a: Glowkix|First Impression|p2a: Mob 100
|-activate|p2a: Mob 100|move: Psychic Terrain
|
|upkeep
|turn|23
|
|t:|1757916216
|switch|p1a: Fish Pass|Alomomola, F|52/100
|move|p2a: Mob 100|Expanding Force|p1a: Fish Pass
|-damage|p1a: Fish Pass|1/100
|
|upkeep
|turn|24
|
|t:|1757916229
|move|p1a: Fish Pass|Protect|p1a: Fish Pass
|-singleturn|p1a: Fish Pass|Protect
|move|p2a: Mob 100|Expanding Force|p1a: Fish Pass
|-activate|p1a: Fish Pass|move: Protect
|
|upkeep
|turn|25
|
|t:|1757916234
|switch|p1a: Glowkix|Lokix, M|100/100
|move|p2a: Mob 100|Expanding Force|p1a: Glowkix
|-immune|p1a: Glowkix
|
|upkeep
|turn|26
|
|t:|1757916245
|switch|p2a: Golliad|Scream Tail, shiny, tera:Normal|31/100
|move|p1a: Glowkix|Leech Life|p2a: Golliad
|-damage|p2a: Golliad|0 fnt
|faint|p2a: Golliad
|-end|p2a: Golliad|Protosynthesis|[silent]
|
|-fieldend|move: Psychic Terrain
|upkeep
|
|t:|1757916251
|switch|p2a: Puss in Boots|Meowscarada, M|100/100
|turn|27
|
|t:|1757916260
|move|p2a: Puss in Boots|U-turn|p1a: Glowkix
|-start|p2a: Puss in Boots|typechange|Bug|[from] ability: Protean
|-supereffective|p1a: Glowkix
|-damage|p1a: Glowkix|1/100
|
|t:|1757916267
|switch|p2a: Mob 100|Indeedee, M|65/100|[from] U-turn
|-fieldstart|move: Psychic Terrain|[from] ability: Psychic Surge|[of] p2a: Mob 100
|move|p1a: Glowkix|Leech Life|p2a: Mob 100
|-supereffective|p2a: Mob 100
|-damage|p2a: Mob 100|0 fnt
|-heal|p1a: Glowkix|31/100|[from] drain|[of] p2a: Mob 100
|faint|p2a: Mob 100
|
|upkeep
|
|t:|1757916269
|switch|p2a: Puss in Boots|Meowscarada, M|100/100
|turn|28
|
|t:|1757916282
|switch|p1a: Fish Pass|Alomomola, F|34/100
|move|p2a: Puss in Boots|Triple Axel|p1a: Fish Pass
|-start|p2a: Puss in Boots|typechange|Ice|[from] ability: Protean
|-resisted|p1a: Fish Pass
|-damage|p1a: Fish Pass|31/100
|-resisted|p1a: Fish Pass
|-damage|p1a: Fish Pass|24/100
|-resisted|p1a: Fish Pass
|-damage|p1a: Fish Pass|14/100
|-hitcount|p1a: Fish Pass|3
|
|upkeep
|turn|29
|c|☆TREMBLEB4BAST|Gg
|
|t:|1757916311
|switch|p1a: Lupin|Cinderace, M|18/100
|move|p2a: Puss in Boots|Knock Off|p1a: Lupin
|-damage|p1a: Lupin|0 fnt
|-enditem|p1a: Lupin|Heavy-Duty Boots|[from] move: Knock Off|[of] p2a: Puss in Boots
|faint|p1a: Lupin
|
|upkeep
|
|t:|1757916319
|switch|p1a: Fish Pass|Alomomola, F|48/100
|turn|30
|
|t:|1757916326
|move|p2a: Puss in Boots|Flower Trick|p1a: Fish Pass
|-supereffective|p1a: Fish Pass
|-crit|p1a: Fish Pass
|-damage|p1a: Fish Pass|0 fnt
|faint|p1a: Fish Pass
|
|upkeep
|
|t:|1757916335
|switch|p1a: Zapdos-Kanto|Zapdos-Galar, shiny|34/100
|turn|31
|
|t:|1757916349
|-terastallize|p1a: Zapdos-Kanto|Steel
|move|p2a: Puss in Boots|Triple Axel|p1a: Zapdos-Kanto
|-resisted|p1a: Zapdos-Kanto
|-damage|p1a: Zapdos-Kanto|29/100
|-resisted|p1a: Zapdos-Kanto
|-damage|p1a: Zapdos-Kanto|18/100
|-resisted|p1a: Zapdos-Kanto
|-damage|p1a: Zapdos-Kanto|3/100
|-hitcount|p1a: Zapdos-Kanto|3
|move|p1a: Zapdos-Kanto|Thunderous Kick|p2a: Puss in Boots
|-supereffective|p2a: Puss in Boots
|-damage|p2a: Puss in Boots|0 fnt
|faint|p2a: Puss in Boots
|
|win|NastyMcAllisters
|raw|NastyMcAllisters's rating: 1273 &rarr; <strong>1303</strong><br />(+30 for winning)
|raw|TREMBLEB4BAST's rating: 1345 &rarr; <strong>1321</strong><br />(-24 for losing)
|l|☆TREMBLEB4BAST
|player|p2|
|c|☆NastyMcAllisters|GRACKLE
|c|☆NastyMcAllisters|BIRD
|l|☆NastyMcAllisters
|player|p1|
