|j|☆Atropos13
|j|☆Supersayan999
|t:|1757824988
|gametype|singles
|player|p1|Atropos13|266|1084
|player|p2|Supersayan999|palmer|1161
|gen|9
|tier|[Gen 9] OU
|rated|
|rule|HP Percentage Mod: HP is shown in percentages
|rule|Endless Battle Clause: Forcing endless battles is banned
|rule|Species Clause: Limit one of each Pokémon
|rule|OHKO Clause: OHKO moves are banned
|rule|Evasion Items Clause: Evasion items are banned
|rule|Evasion Moves Clause: Evasion moves are banned
|rule|Evasion Abilities Clause: Evasion abilities are banned
|rule|Sleep Moves Clause: Sleep-inducing moves are banned
|clearpoke
|poke|p1|Cloyster, F|
|poke|p1|Ninetales-Alola, M|
|poke|p1|Avalugg, M|
|poke|p1|Cryogonal|
|poke|p1|Frosmoth, M|
|poke|p1|Regice|
|poke|p2|Fezandipiti, M|
|poke|p2|Forretress, M|
|poke|p2|Darkrai|
|poke|p2|Garganacl, M|
|poke|p2|Cinderace, F|
|poke|p2|Hariyama, F|
|teampreview
|
|t:|1757824998
|teamsize|p1|6
|teamsize|p2|6
|start
|switch|p1a: Ninetales|Ninetales-Alola, M|100/100
|switch|p2a: Hariyama|Hariyama, F|100/100
|-weather|Snowscape|[from] ability: Snow Warning|[of] p1a: Ninetales
|turn|1
|
|t:|1757825007
|move|p2a: Hariyama|Fake Out|p1a: Ninetales
|-damage|p1a: Ninetales|85/100
|cant|p1a: Ninetales|flinch
|
|-weather|Snowscape|[upkeep]
|upkeep
|turn|2
|
|t:|1757825015
|switch|p1a: Avalugg|Avalugg, M|100/100
|switch|p2a: Cinderace|Cinderace, F|100/100
|
|-weather|Snowscape|[upkeep]
|upkeep
|turn|3
|
|t:|1757825028
|switch|p2a: Garganacl|Garganacl, M|100/100
|move|p1a: Avalugg|Iron Defense|p1a: Avalugg
|-boost|p1a: Avalugg|def|2
|
|-weather|Snowscape|[upkeep]
|upkeep
|turn|4
|
|t:|1757825036
|move|p2a: Garganacl|Salt Cure|p1a: Avalugg
|-supereffective|p1a: Avalugg
|-damage|p1a: Avalugg|96/100
|-start|p1a: Avalugg|Salt Cure
|move|p1a: Avalugg|Body Press|p2a: Garganacl
|-supereffective|p2a: Garganacl
|-damage|p2a: Garganacl|31/100
|
|-weather|Snowscape|[upkeep]
|-heal|p1a: Avalugg|100/100|[from] ability: Ice Body
|-heal|p2a: Garganacl|37/100|[from] item: Leftovers
|-damage|p1a: Avalugg|88/100|[from] Salt Cure
|upkeep
|turn|5
|
|t:|1757825049
|switch|p2a: Fezandipiti|Fezandipiti, M|100/100
|move|p1a: Avalugg|Iron Defense|p1a: Avalugg
|-boost|p1a: Avalugg|def|2
|
|-weather|Snowscape|[upkeep]
|-heal|p1a: Avalugg|94/100|[from] ability: Ice Body
|-heal|p1a: Avalugg|99/100|[from] item: Leftovers
|-damage|p1a: Avalugg|88/100|[from] Salt Cure
|upkeep
|turn|6
|
|t:|1757825061
|move|p2a: Fezandipiti|Beat Up|p1a: Avalugg
|-damage|p1a: Avalugg|87/100
|-damage|p1a: Avalugg|87/100
|-status|p1a: Avalugg|tox|[from] ability: Toxic Chain|[of] p2a: Fezandipiti
|-damage|p1a: Avalugg|86/100 tox
|-damage|p1a: Avalugg|86/100 tox
|-damage|p1a: Avalugg|85/100 tox
|-damage|p1a: Avalugg|85/100 tox
|-hitcount|p1a: Avalugg|6
|move|p1a: Avalugg|Avalanche|p2a: Fezandipiti
|-damage|p2a: Fezandipiti|50/100
|
|-weather|Snowscape|[upkeep]
|-heal|p1a: Avalugg|91/100 tox|[from] ability: Ice Body
|-heal|p2a: Fezandipiti|56/100|[from] item: Black Sludge
|-heal|p1a: Avalugg|97/100 tox|[from] item: Leftovers
|-damage|p1a: Avalugg|91/100 tox|[from] psn
|-damage|p1a: Avalugg|78/100 tox|[from] Salt Cure
|upkeep
|turn|7
|
|t:|1757825083
|switch|p1a: Regice|Regice|100/100
|move|p2a: Fezandipiti|Roost|p2a: Fezandipiti
|-heal|p2a: Fezandipiti|100/100
|-singleturn|p2a: Fezandipiti|move: Roost
|
|-weather|Snowscape|[upkeep]
|upkeep
|turn|8
|
|t:|1757825090
|-terastallize|p1a: Regice|Ground
|move|p2a: Fezandipiti|Beat Up|p1a: Regice
|-damage|p1a: Regice|98/100
|-damage|p1a: Regice|95/100
|-damage|p1a: Regice|92/100
|-damage|p1a: Regice|89/100
|-damage|p1a: Regice|85/100
|-damage|p1a: Regice|81/100
|-hitcount|p1a: Regice|6
|move|p1a: Regice|Earthquake|p2a: Fezandipiti
|-supereffective|p2a: Fezandipiti
|-damage|p2a: Fezandipiti|27/100
|
|-weather|none
|-heal|p2a: Fezandipiti|33/100|[from] item: Black Sludge
|-heal|p1a: Regice|87/100|[from] item: Leftovers
|upkeep
|turn|9
|
|t:|1757825111
|switch|p2a: Forretress|Forretress, M|100/100
|move|p1a: Regice|Earthquake|p2a: Forretress
|-damage|p2a: Forretress|83/100
|
|-heal|p1a: Regice|93/100|[from] item: Leftovers
|-heal|p2a: Forretress|89/100|[from] item: Leftovers
|upkeep
|turn|10
|
|t:|1757825121
|switch|p1a: Ninetales|Ninetales-Alola, M|85/100
|-weather|Snowscape|[from] ability: Snow Warning|[of] p1a: Ninetales
|move|p2a: Forretress|Lunge|p1a: Ninetales
|-resisted|p1a: Ninetales
|-damage|p1a: Ninetales|72/100
|-unboost|p1a: Ninetales|atk|1
|
|-weather|Snowscape|[upkeep]
|-heal|p2a: Forretress|95/100|[from] item: Leftovers
|upkeep
|turn|11
|
|t:|1757825133
|switch|p2a: Cinderace|Cinderace, F|100/100
|move|p1a: Ninetales|Aurora Veil|p1a: Ninetales
|-sidestart|p1: Atropos13|move: Aurora Veil
|
|-weather|Snowscape|[upkeep]
|upkeep
|turn|12
|
|t:|1757825140
|switch|p1a: Regice|Regice, tera:Ground|93/100
|move|p2a: Cinderace|Court Change|p2a: Cinderace
|-start|p2a: Cinderace|typechange|Normal|[from] ability: Libero
|-swapsideconditions
|-activate|p2a: Cinderace|move: Court Change
|
|-weather|Snowscape|[upkeep]
|-heal|p1a: Regice|99/100|[from] ability: Ice Body
|-heal|p1a: Regice|100/100|[from] item: Leftovers
|upkeep
|turn|13
|
|t:|1757825151
|move|p2a: Cinderace|Swords Dance|p2a: Cinderace
|-boost|p2a: Cinderace|atk|2
|move|p1a: Regice|Curse|p1a: Regice
|-unboost|p1a: Regice|spe|1
|-boost|p1a: Regice|atk|1
|-boost|p1a: Regice|def|1
|
|-weather|Snowscape|[upkeep]
|upkeep
|turn|14
|
|t:|1757825160
|move|p2a: Cinderace|Swords Dance|p2a: Cinderace
|-boost|p2a: Cinderace|atk|2
|move|p1a: Regice|Curse|p1a: Regice
|-unboost|p1a: Regice|spe|1
|-boost|p1a: Regice|atk|1
|-boost|p1a: Regice|def|1
|
|-weather|Snowscape|[upkeep]
|upkeep
|turn|15
|
|t:|1757825170
|move|p2a: Cinderace|Swords Dance|p2a: Cinderace
|-boost|p2a: Cinderace|atk|2
|move|p1a: Regice|Curse|p1a: Regice
|-unboost|p1a: Regice|spe|1
|-boost|p1a: Regice|atk|1
|-boost|p1a: Regice|def|1
|
|-weather|Snowscape|[upkeep]
|-sideend|p2: Supersayan999|move: Aurora Veil
|upkeep
|turn|16
|
|t:|1757825180
|-terastallize|p2a: Cinderace|Fire
|move|p2a: Cinderace|Pyro Ball|p1a: Regice
|-damage|p1a: Regice|10/100
|move|p1a: Regice|Body Press|p2a: Cinderace
|-damage|p2a: Cinderace|34/100
|
|-weather|Snowscape|[upkeep]
|-heal|p1a: Regice|16/100|[from] ability: Ice Body
|-heal|p1a: Regice|22/100|[from] item: Leftovers
|upkeep
|turn|17
|
|t:|1757825194
|switch|p1a: Avalugg|Avalugg, M|78/100 tox
|move|p2a: Cinderace|Pyro Ball|p1a: Avalugg
|-supereffective|p1a: Avalugg
|-damage|p1a: Avalugg|0 fnt
|faint|p1a: Avalugg
|
|-weather|none
|upkeep
|
|t:|1757825200
|switch|p1a: Cloyster|Cloyster, F|100/100
|turn|18
|
|t:|1757825208
|move|p2a: Cinderace|Pyro Ball|p1a: Cloyster
|-enditem|p1a: Cloyster|Focus Sash
|-damage|p1a: Cloyster|1/100
|move|p1a: Cloyster|Shell Smash|p1a: Cloyster
|-unboost|p1a: Cloyster|def|1
|-unboost|p1a: Cloyster|spd|1
|-boost|p1a: Cloyster|atk|2
|-boost|p1a: Cloyster|spa|2
|-boost|p1a: Cloyster|spe|2
|
|upkeep
|turn|19
|
|t:|1757825235
|move|p2a: Cinderace|Sucker Punch|p1a: Cloyster
|-crit|p1a: Cloyster
|-damage|p1a: Cloyster|0 fnt
|faint|p1a: Cloyster
|
|upkeep
|
|t:|1757825243
|switch|p1a: Ninetales|Ninetales-Alola, M|72/100
|-weather|Snowscape|[from] ability: Snow Warning|[of] p1a: Ninetales
|turn|20
|
|t:|1757825247
|move|p2a: Cinderace|Pyro Ball|p1a: Ninetales
|-supereffective|p1a: Ninetales
|-damage|p1a: Ninetales|0 fnt
|faint|p1a: Ninetales
|
|-weather|Snowscape|[upkeep]
|upkeep
|-message|Atropos13 forfeited.
|
|win|Supersayan999
|raw|Atropos13's rating: 1084 &rarr; <strong>1066</strong><br />(-18 for losing)
|raw|Supersayan999's rating: 1161 &rarr; <strong>1181</strong><br />(+20 for winning)
|l|☆Atropos13
|player|p1|
|l|☆Supersayan999
|player|p2|
