|j|☆tzhed
|j|☆AlexCHZ
|t:|1757798403
|gametype|singles
|player|p1|tzhed|265|1133
|player|p2|AlexCHZ|hilbert-wonderlauncher|1112
|gen|9
|tier|[Gen 9] OU
|rated|
|rule|HP Percentage Mod: HP is shown in percentages
|rule|Endless Battle Clause: Forcing endless battles is banned
|rule|Species Clause: Limit one of each Pokémon
|rule|OHKO Clause: OHKO moves are banned
|rule|Evasion Items Clause: Evasion items are banned
|rule|Evasion Moves Clause: Evasion moves are banned
|rule|Evasion Abilities Clause: Evasion abilities are banned
|rule|Sleep Moves Clause: Sleep-inducing moves are banned
|clearpoke
|poke|p1|Medicham, F|
|poke|p1|Ribombee, M|
|poke|p1|Pecharunt|
|poke|p1|Iron Treads|
|poke|p1|Alomomola, M|
|poke|p1|Hydreigon, F|
|poke|p2|Yanmega, M|
|poke|p2|Salamence, F|
|poke|p2|Donphan, F|
|poke|p2|Greninja-*, M|
|poke|p2|Skarmory, F|
|poke|p2|Indeedee, M|
|teampreview
|inactive|Battle timer is ON: inactive players will automatically lose when time's up. (requested by AlexCHZ)
|
|t:|1757798421
|teamsize|p1|6
|teamsize|p2|6
|start
|switch|p1a: Alomomola|Alomomola, M|100/100
|switch|p2a: Indeedee|Indeedee, M|100/100
|-fieldstart|move: Psychic Terrain|[from] ability: Psychic Surge|[of] p2a: Indeedee
|turn|1
|
|t:|1757798429
|move|p2a: Indeedee|Energy Ball|p1a: Alomomola
|-supereffective|p1a: Alomomola
|-damage|p1a: Alomomola|72/100
|move|p1a: Alomomola|Flip Turn|p2a: Indeedee
|-damage|p2a: Indeedee|68/100
|inactive|tzhed has 120 seconds left.
|
|t:|1757798472
|switch|p1a: Ribombee|Ribombee, M|100/100|[from] Flip Turn
|
|upkeep
|turn|2
|
|t:|1757798479
|move|p1a: Ribombee|Sticky Web|p2a: Indeedee
|-sidestart|p2: AlexCHZ|move: Sticky Web
|move|p2a: Indeedee|Expanding Force|p1a: Ribombee
|-enditem|p1a: Ribombee|Focus Sash
|-damage|p1a: Ribombee|1/100
|
|upkeep
|turn|3
|inactive|tzhed has 120 seconds left.
|
|t:|1757798495
|move|p1a: Ribombee|Skill Swap|p2a: Indeedee
|-activate|p1a: Ribombee|move: Skill Swap|Psychic Surge|Shield Dust|[of] p2a: Indeedee
|move|p2a: Indeedee|Draining Kiss|p1a: Ribombee
|-damage|p1a: Ribombee|0 fnt
|-heal|p2a: Indeedee|68/100|[from] drain|[of] p1a: Ribombee
|faint|p1a: Ribombee
|
|upkeep
|inactive|tzhed has 90 seconds left.
|
|t:|1757798550
|switch|p1a: Iron Treads|Iron Treads|100/100
|turn|4
|
|t:|1757798566
|switch|p2a: Yanmega|Yanmega, M|100/100
|move|p1a: Iron Treads|Stealth Rock|p2a: Yanmega
|-sidestart|p2: AlexCHZ|move: Stealth Rock
|
|upkeep
|turn|5
|inactive|tzhed has 60 seconds left.
|
|t:|1757798592
|move|p2a: Yanmega|Giga Drain|p1a: Iron Treads
|-damage|p1a: Iron Treads|80/100
|move|p1a: Iron Treads|Knock Off|p2a: Yanmega
|-damage|p2a: Yanmega|70/100
|-enditem|p2a: Yanmega|Heavy-Duty Boots|[from] move: Knock Off|[of] p1a: Iron Treads
|
|-heal|p1a: Iron Treads|86/100|[from] item: Leftovers
|-ability|p2a: Yanmega|Speed Boost|boost
|-boost|p2a: Yanmega|spe|1
|upkeep
|turn|6
|inactive|tzhed has 60 seconds left.
|
|t:|1757798606
|-end|p1a: Iron Treads|Quark Drive|[silent]
|switch|p1a: Alomomola|Alomomola, M|100/100
|move|p2a: Yanmega|Ancient Power|p1a: Alomomola
|-damage|p1a: Alomomola|89/100
|
|-ability|p2a: Yanmega|Speed Boost|boost
|-boost|p2a: Yanmega|spe|1
|upkeep
|turn|7
|inactive|tzhed has 60 seconds left.
|
|t:|1757798621
|move|p2a: Yanmega|Giga Drain|p1a: Alomomola
|-supereffective|p1a: Alomomola
|-damage|p1a: Alomomola|62/100
|-heal|p2a: Yanmega|91/100|[from] drain|[of] p1a: Alomomola
|move|p1a: Alomomola|Mirror Coat|p2a: Yanmega
|-damage|p2a: Yanmega|9/100
|
|-ability|p2a: Yanmega|Speed Boost|boost
|-boost|p2a: Yanmega|spe|1
|upkeep
|turn|8
|inactive|tzhed has 60 seconds left.
|
|t:|1757798636
|move|p2a: Yanmega|Giga Drain|p1a: Alomomola
|-supereffective|p1a: Alomomola
|-damage|p1a: Alomomola|32/100
|-heal|p2a: Yanmega|32/100|[from] drain|[of] p1a: Alomomola
|move|p1a: Alomomola|Mirror Coat|p2a: Yanmega
|-damage|p2a: Yanmega|0 fnt
|faint|p2a: Yanmega
|
|-fieldend|move: Psychic Terrain
|upkeep
|inactive|AlexCHZ has 120 seconds left.
|
|t:|1757798664
|switch|p2a: Greninja|Greninja, M|100/100
|-activate|p2a: Greninja|move: Sticky Web
|-unboost|p2a: Greninja|spe|1
|-damage|p2a: Greninja|88/100|[from] Stealth Rock
|turn|9
|inactive|AlexCHZ has 120 seconds left.
|
|t:|1757798677
|move|p2a: Greninja|Sludge Wave|p1a: Alomomola
|-start|p2a: Greninja|typechange|Poison|[from] ability: Protean
|-damage|p1a: Alomomola|0 fnt
|faint|p1a: Alomomola
|
|upkeep
|inactive|tzhed has 60 seconds left.
|
|t:|1757798714
|switch|p1a: Iron Treads|Iron Treads|86/100
|turn|10
|
|t:|1757798719
|switch|p2a: Donphan|Donphan, F|100/100
|-activate|p2a: Donphan|move: Sticky Web
|-unboost|p2a: Donphan|spe|1
|-damage|p2a: Donphan|94/100|[from] Stealth Rock
|move|p1a: Iron Treads|Knock Off|p2a: Donphan
|-crit|p2a: Donphan
|-damage|p2a: Donphan|64/100
|-enditem|p2a: Donphan|Leftovers|[from] move: Knock Off|[of] p1a: Iron Treads
|
|-heal|p1a: Iron Treads|92/100|[from] item: Leftovers
|upkeep
|turn|11
|
|t:|1757798747
|-terastallize|p1a: Iron Treads|Ghost
|move|p1a: Iron Treads|Earthquake|p2a: Donphan
|-damage|p2a: Donphan|35/100
|move|p2a: Donphan|Rapid Spin|p1a: Iron Treads
|-immune|p1a: Iron Treads
|
|-heal|p1a: Iron Treads|98/100|[from] item: Leftovers
|upkeep
|turn|12
|
|t:|1757798760
|move|p1a: Iron Treads|Earthquake|p2a: Donphan
|-damage|p2a: Donphan|8/100
|move|p2a: Donphan|Stealth Rock|p1a: Iron Treads
|-sidestart|p1: tzhed|move: Stealth Rock
|
|-heal|p1a: Iron Treads|100/100|[from] item: Leftovers
|upkeep
|turn|13
|
|t:|1757798771
|move|p1a: Iron Treads|Rapid Spin|p2a: Donphan
|-damage|p2a: Donphan|0 fnt
|-boost|p1a: Iron Treads|spe|1
|-sideend|p1: tzhed|Stealth Rock|[from] move: Rapid Spin|[of] p1a: Iron Treads
|faint|p2a: Donphan
|
|upkeep
|
|t:|1757798785
|switch|p2a: Greninja|Greninja, M|88/100
|-activate|p2a: Greninja|move: Sticky Web
|-unboost|p2a: Greninja|spe|1
|-damage|p2a: Greninja|76/100|[from] Stealth Rock
|turn|14
|
|t:|1757798794
|move|p1a: Iron Treads|Knock Off|p2a: Greninja
|-resisted|p2a: Greninja
|-damage|p2a: Greninja|55/100
|-enditem|p2a: Greninja|Choice Specs|[from] move: Knock Off|[of] p1a: Iron Treads
|move|p2a: Greninja|Surf|p1a: Iron Treads
|-start|p2a: Greninja|typechange|Water|[from] ability: Protean
|-damage|p1a: Iron Treads|67/100
|
|-heal|p1a: Iron Treads|73/100|[from] item: Leftovers
|upkeep
|turn|15
|inactive|tzhed has 60 seconds left.
|
|t:|1757798807
|move|p1a: Iron Treads|Earthquake|p2a: Greninja
|-damage|p2a: Greninja|0 fnt
|faint|p2a: Greninja
|
|-heal|p1a: Iron Treads|79/100|[from] item: Leftovers
|upkeep
|
|t:|1757798815
|switch|p2a: Salamence|Salamence, F|100/100
|-damage|p2a: Salamence|75/100|[from] Stealth Rock
|turn|16
|
|t:|1757798823
|move|p1a: Iron Treads|Knock Off|p2a: Salamence
|-damage|p2a: Salamence|46/100
|-enditem|p2a: Salamence|Life Orb|[from] move: Knock Off|[of] p1a: Iron Treads
|move|p2a: Salamence|Dragon Dance|p2a: Salamence
|-boost|p2a: Salamence|atk|1
|-boost|p2a: Salamence|spe|1
|
|-heal|p1a: Iron Treads|85/100|[from] item: Leftovers
|upkeep
|turn|17
|
|t:|1757798839
|-end|p1a: Iron Treads|Quark Drive|[silent]
|switch|p1a: Pecharunt|Pecharunt|100/100
|move|p2a: Salamence|Dragon Dance|p2a: Salamence
|-boost|p2a: Salamence|atk|1
|-boost|p2a: Salamence|spe|1
|
|upkeep
|turn|18
|
|t:|1757798850
|move|p2a: Salamence|Earthquake|p1a: Pecharunt
|-supereffective|p1a: Pecharunt
|-damage|p1a: Pecharunt|30/100
|move|p1a: Pecharunt|Malignant Chain|p2a: Salamence
|-damage|p2a: Salamence|9/100
|-status|p2a: Salamence|tox
|-start|p2a: Salamence|confusion|[from] ability: Poison Puppeteer|[of] p1a: Pecharunt
|
|-damage|p2a: Salamence|3/100 tox|[from] psn
|upkeep
|turn|19
|inactive|tzhed has 90 seconds left.
|
|t:|1757798863
|-activate|p2a: Salamence|confusion
|move|p2a: Salamence|Earthquake|p1a: Pecharunt
|-supereffective|p1a: Pecharunt
|-damage|p1a: Pecharunt|0 fnt
|faint|p1a: Pecharunt
|-ability|p2a: Salamence|Moxie|boost
|-boost|p2a: Salamence|atk|1
|
|-damage|p2a: Salamence|0 fnt|[from] psn
|faint|p2a: Salamence
|upkeep
|
|t:|1757798892
|switch|p2a: Indeedee|Indeedee, M|68/100
|switch|p1a: Medicham|Medicham, F|100/100
|-activate|p2a: Indeedee|move: Sticky Web
|-unboost|p2a: Indeedee|spe|1
|-damage|p2a: Indeedee|56/100|[from] Stealth Rock
|-fieldstart|move: Psychic Terrain|[from] ability: Psychic Surge|[of] p2a: Indeedee
|turn|20
|inactive|tzhed has 60 seconds left.
|
|t:|1757798912
|move|p1a: Medicham|Drain Punch|p2a: Indeedee
|-damage|p2a: Indeedee|0 fnt
|faint|p2a: Indeedee
|
|upkeep
|
|t:|1757798918
|switch|p2a: Skarmory|Skarmory, F|100/100
|-damage|p2a: Skarmory|88/100|[from] Stealth Rock
|turn|21
|
|t:|1757798923
|move|p1a: Medicham|Drain Punch|p2a: Skarmory
|-damage|p2a: Skarmory|42/100
|move|p2a: Skarmory|Agility|p2a: Skarmory
|-boost|p2a: Skarmory|spe|2
|
|upkeep
|turn|22
|
|t:|1757798934
|-terastallize|p2a: Skarmory|Ghost
|move|p2a: Skarmory|Drill Peck|p1a: Medicham
|-supereffective|p1a: Medicham
|-damage|p1a: Medicham|0 fnt
|faint|p1a: Medicham
|
|upkeep
|
|t:|1757798940
|switch|p1a: Iron Treads|Iron Treads, tera:Ghost|85/100
|turn|23
|
|t:|1757798951
|move|p2a: Skarmory|Drill Peck|p1a: Iron Treads
|-damage|p1a: Iron Treads|58/100
|move|p1a: Iron Treads|Knock Off|p2a: Skarmory
|-supereffective|p2a: Skarmory
|-damage|p2a: Skarmory|3/100
|-enditem|p2a: Skarmory|Weakness Policy
|-boost|p2a: Skarmory|atk|2|[from] item: Weakness Policy
|-boost|p2a: Skarmory|spa|2|[from] item: Weakness Policy
|
|-heal|p1a: Iron Treads|64/100|[from] item: Leftovers
|upkeep
|turn|24
|inactive|tzhed has 90 seconds left.
|
|t:|1757798975
|move|p2a: Skarmory|Iron Head|p1a: Iron Treads
|-damage|p1a: Iron Treads|10/100
|cant|p1a: Iron Treads|flinch
|
|-heal|p1a: Iron Treads|16/100|[from] item: Leftovers
|upkeep
|turn|25
|c|☆tzhed|yo.
|
|t:|1757798990
|move|p2a: Skarmory|Iron Head|p1a: Iron Treads
|-damage|p1a: Iron Treads|0 fnt
|faint|p1a: Iron Treads
|-end|p1a: Iron Treads|Quark Drive|[silent]
|
|upkeep
|
|t:|1757798992
|switch|p1a: Hydreigon|Hydreigon, F|100/100
|turn|26
|inactive|tzhed has 90 seconds left.
|
|t:|1757799012
|move|p2a: Skarmory|Iron Head|p1a: Hydreigon
|-damage|p1a: Hydreigon|28/100
|cant|p1a: Hydreigon|flinch
|
|-heal|p1a: Hydreigon|34/100|[from] item: Leftovers
|upkeep
|turn|27
|inactive|tzhed has 90 seconds left.
|-message|tzhed forfeited.
|
|win|AlexCHZ
|raw|tzhed's rating: 1133 &rarr; <strong>1106</strong><br />(-27 for losing)
|raw|AlexCHZ's rating: 1112 &rarr; <strong>1139</strong><br />(+27 for winning)
|l|☆tzhed
|player|p1|
