|j|☆dengdengni
|j|☆izuku_mdrya
|t:|1757920541
|gametype|singles
|player|p1|dengdengni|scientist|1511
|player|p2|izuku_mdrya|red|1503
|gen|9
|tier|[Gen 9] OU
|rated|
|rule|HP Percentage Mod: HP is shown in percentages
|rule|Endless Battle Clause: Forcing endless battles is banned
|rule|Species Clause: Limit one of each Pokémon
|rule|OHKO Clause: OHKO moves are banned
|rule|Evasion Items Clause: Evasion items are banned
|rule|Evasion Moves Clause: Evasion moves are banned
|rule|Evasion Abilities Clause: Evasion abilities are banned
|rule|Sleep Moves Clause: Sleep-inducing moves are banned
|clearpoke
|poke|p1|Gholdengo|
|poke|p1|Samurott-Hisui, F|
|poke|p1|Great Tusk|
|poke|p1|Moltres|
|poke|p1|Dragapult, M|
|poke|p1|Kingambit, M|
|poke|p2|Skeledirge, F|
|poke|p2|Ogerpon-Wellspring, F|
|poke|p2|Garchomp, F|
|poke|p2|Zapdos|
|poke|p2|Iron Valiant|
|poke|p2|Ribombee, M|
|teampreview
|inactive|Battle timer is ON: inactive players will automatically lose when time's up. (requested by dengdengni)
|
|t:|1757920547
|teamsize|p1|6
|teamsize|p2|6
|start
|switch|p1a: Samurott|Samurott-Hisui, F|100/100
|switch|p2a: Luka Modric|Ribombee, M|100/100
|turn|1
|
|t:|1757920558
|move|p2a: Luka Modric|Moonblast|p1a: Samurott
|-supereffective|p1a: Samurott
|-enditem|p1a: Samurott|Focus Sash
|-damage|p1a: Samurott|1/100
|move|p1a: Samurott|Ceaseless Edge|p2a: Luka Modric
|-resisted|p2a: Luka Modric
|-damage|p2a: Luka Modric|55/100
|-sidestart|p2: izuku_mdrya|Spikes
|
|upkeep
|turn|2
|
|t:|1757920567
|switch|p1a: Moltres|Moltres, shiny|100/100
|move|p2a: Luka Modric|Sticky Web|p1a: Moltres
|-sidestart|p1: dengdengni|move: Sticky Web
|
|upkeep
|turn|3
|
|t:|1757920575
|move|p2a: Luka Modric|Stun Spore|p1a: Moltres
|-status|p1a: Moltres|par
|cant|p1a: Moltres|par
|
|upkeep
|turn|4
|
|t:|1757920578
|switch|p2a: Sergio Ramos|Zapdos|100/100
|move|p1a: Moltres|Flamethrower|p2a: Sergio Ramos
|-damage|p2a: Sergio Ramos|63/100
|-status|p2a: Sergio Ramos|brn
|
|-heal|p2a: Sergio Ramos|69/100 brn|[from] item: Leftovers
|-damage|p2a: Sergio Ramos|63/100 brn|[from] brn
|upkeep
|turn|5
|
|t:|1757920585
|switch|p1a: Great Tusk|Great Tusk, shiny|100/100
|-activate|p1a: Great Tusk|move: Sticky Web
|-unboost|p1a: Great Tusk|spe|1
|move|p2a: Sergio Ramos|Hurricane|p1a: Great Tusk
|-supereffective|p1a: Great Tusk
|-damage|p1a: Great Tusk|0 fnt
|faint|p1a: Great Tusk
|-end|p1a: Great Tusk|Protosynthesis|[silent]
|
|-heal|p2a: Sergio Ramos|69/100 brn|[from] item: Leftovers
|-damage|p2a: Sergio Ramos|63/100 brn|[from] brn
|upkeep
|
|t:|1757920594
|switch|p1a: Gholdengo|Gholdengo|100/100
|-item|p1a: Gholdengo|Air Balloon
|turn|6
|
|t:|1757920603
|move|p2a: Sergio Ramos|Heat Wave|p1a: Gholdengo
|-supereffective|p1a: Gholdengo
|-damage|p1a: Gholdengo|44/100
|-enditem|p1a: Gholdengo|Air Balloon
|move|p1a: Gholdengo|Shadow Ball|p2a: Sergio Ramos
|-damage|p2a: Sergio Ramos|31/100 brn
|
|-heal|p2a: Sergio Ramos|37/100 brn|[from] item: Leftovers
|-damage|p2a: Sergio Ramos|31/100 brn|[from] brn
|upkeep
|turn|7
|
|t:|1757920611
|switch|p1a: Moltres|Moltres, shiny|100/100 par
|move|p2a: Sergio Ramos|Roost|p2a: Sergio Ramos
|-heal|p2a: Sergio Ramos|81/100 brn
|-singleturn|p2a: Sergio Ramos|move: Roost
|
|-heal|p2a: Sergio Ramos|87/100 brn|[from] item: Leftovers
|-damage|p2a: Sergio Ramos|81/100 brn|[from] brn
|upkeep
|turn|8
|
|t:|1757920614
|move|p2a: Sergio Ramos|Discharge|p1a: Moltres
|-supereffective|p1a: Moltres
|-damage|p1a: Moltres|8/100 par
|move|p1a: Moltres|Flamethrower|p2a: Sergio Ramos
|-damage|p2a: Sergio Ramos|45/100 brn
|
|-heal|p2a: Sergio Ramos|51/100 brn|[from] item: Leftovers
|-damage|p2a: Sergio Ramos|45/100 brn|[from] brn
|upkeep
|turn|9
|-message|dengdengni forfeited.
|
|win|izuku_mdrya
|raw|dengdengni's rating: 1511 &rarr; <strong>1491</strong><br />(-20 for losing)
|raw|izuku_mdrya's rating: 1503 &rarr; <strong>1523</strong><br />(+20 for winning)
|l|☆dengdengni
|player|p1|
|l|☆izuku_mdrya
|player|p2|
