|j|☆Sergio07ja
|j|☆benjikong14
|t:|1757918976
|gametype|singles
|player|p1|Sergio07ja|2|1125
|player|p2|benjikong14|dancer|1189
|gen|9
|tier|[Gen 9] OU
|rated|
|rule|HP Percentage Mod: HP is shown in percentages
|rule|Endless Battle Clause: Forcing endless battles is banned
|rule|Species Clause: Limit one of each Pokémon
|rule|OHKO Clause: OHKO moves are banned
|rule|Evasion Items Clause: Evasion items are banned
|rule|Evasion Moves Clause: Evasion moves are banned
|rule|Evasion Abilities Clause: Evasion abilities are banned
|rule|Sleep Moves Clause: Sleep-inducing moves are banned
|clearpoke
|poke|p1|Dragapult, F|
|poke|p1|Toxapex, M|
|poke|p1|Corviknight, M|
|poke|p1|Iron Valiant|
|poke|p1|Garchomp, M|
|poke|p1|Heatran, F|
|poke|p2|Cobalion|
|poke|p2|Basculegion-F, F|
|poke|p2|Delphox, M|
|poke|p2|Tsareena, F|
|poke|p2|Sandy Shocks|
|poke|p2|Mandibuzz, F|
|teampreview
|inactive|Battle timer is ON: inactive players will automatically lose when time's up. (requested by benjikong14)
|
|t:|1757918984
|teamsize|p1|6
|teamsize|p2|6
|start
|switch|p1a: Heatran|Heatran, F|100/100
|switch|p2a: Sandy Shocks|Sandy Shocks|100/100
|-item|p1a: Heatran|Air Balloon
|turn|1
|
|t:|1757918997
|move|p2a: Sandy Shocks|Stealth Rock|p1a: Heatran
|-sidestart|p1: Sergio07ja|move: Stealth Rock
|move|p1a: Heatran|Earth Power|p2a: Sandy Shocks
|-supereffective|p2a: Sandy Shocks
|-damage|p2a: Sandy Shocks|35/100
|
|upkeep
|turn|2
|
|t:|1757919004
|move|p2a: Sandy Shocks|Volt Switch|p1a: Heatran
|-damage|p1a: Heatran|76/100
|-enditem|p1a: Heatran|Air Balloon
|
|t:|1757919025
|-end|p2a: Sandy Shocks|Protosynthesis|[silent]
|switch|p2a: Basculegion|Basculegion-F, F|100/100|[from] Volt Switch
|move|p1a: Heatran|Earth Power|p2a: Basculegion
|-damage|p2a: Basculegion|82/100
|-unboost|p2a: Basculegion|spd|1
|
|upkeep
|turn|3
|
|t:|1757919036
|move|p2a: Basculegion|Flip Turn|p1a: Heatran
|-supereffective|p1a: Heatran
|-damage|p1a: Heatran|37/100
|
|t:|1757919048
|switch|p2a: Mandibuzz|Mandibuzz, F|100/100|[from] Flip Turn
|move|p1a: Heatran|Power Gem|p2a: Mandibuzz
|-supereffective|p2a: Mandibuzz
|-damage|p2a: Mandibuzz|63/100
|
|upkeep
|turn|4
|
|t:|1757919057
|-terastallize|p1a: Heatran|Bug
|move|p2a: Mandibuzz|Roost|p2a: Mandibuzz
|-heal|p2a: Mandibuzz|100/100
|-singleturn|p2a: Mandibuzz|move: Roost
|move|p1a: Heatran|Power Gem|p2a: Mandibuzz
|-damage|p2a: Mandibuzz|82/100
|
|upkeep
|turn|5
|
|t:|1757919070
|move|p2a: Mandibuzz|Toxic|p1a: Heatran
|-status|p1a: Heatran|tox
|move|p1a: Heatran|Flamethrower|p2a: Mandibuzz
|-crit|p2a: Mandibuzz
|-damage|p2a: Mandibuzz|32/100
|-status|p2a: Mandibuzz|brn
|
|-damage|p1a: Heatran|31/100 tox|[from] psn
|-damage|p2a: Mandibuzz|26/100 brn|[from] brn
|upkeep
|turn|6
|
|t:|1757919084
|move|p2a: Mandibuzz|Roost|p2a: Mandibuzz
|-heal|p2a: Mandibuzz|76/100 brn
|-singleturn|p2a: Mandibuzz|move: Roost
|move|p1a: Heatran|Flamethrower|p2a: Mandibuzz
|-damage|p2a: Mandibuzz|46/100 brn
|
|-damage|p1a: Heatran|18/100 tox|[from] psn
|-damage|p2a: Mandibuzz|40/100 brn|[from] brn
|upkeep
|turn|7
|
|t:|1757919097
|move|p2a: Mandibuzz|Roost|p2a: Mandibuzz
|-heal|p2a: Mandibuzz|90/100 brn
|-singleturn|p2a: Mandibuzz|move: Roost
|move|p1a: Heatran|Flamethrower|p2a: Mandibuzz
|-damage|p2a: Mandibuzz|61/100 brn
|
|-damage|p1a: Heatran|0 fnt|[from] psn
|faint|p1a: Heatran
|-damage|p2a: Mandibuzz|55/100 brn|[from] brn
|upkeep
|
|t:|1757919111
|switch|p1a: Corviknight|Corviknight, M|100/100
|-damage|p1a: Corviknight|88/100|[from] Stealth Rock
|turn|8
|
|t:|1757919120
|move|p2a: Mandibuzz|Roost|p2a: Mandibuzz
|-heal|p2a: Mandibuzz|100/100 brn
|-singleturn|p2a: Mandibuzz|move: Roost
|move|p1a: Corviknight|Iron Defense|p1a: Corviknight
|-boost|p1a: Corviknight|def|2
|
|-heal|p1a: Corviknight|94/100|[from] item: Leftovers
|-damage|p2a: Mandibuzz|94/100 brn|[from] brn
|upkeep
|turn|9
|
|t:|1757919137
|switch|p2a: Basculegion|Basculegion-F, F|82/100
|move|p1a: Corviknight|Body Press|p2a: Basculegion
|-immune|p2a: Basculegion
|
|-heal|p1a: Corviknight|100/100|[from] item: Leftovers
|upkeep
|turn|10
|
|t:|1757919148
|move|p2a: Basculegion|Surf|p1a: Corviknight
|-damage|p1a: Corviknight|53/100
|move|p1a: Corviknight|Double-Edge|p2a: Basculegion
|-immune|p2a: Basculegion
|
|-heal|p1a: Corviknight|59/100|[from] item: Leftovers
|upkeep
|turn|11
|
|t:|1757919160
|switch|p1a: Dragapult|Dragapult, F|100/100
|-damage|p1a: Dragapult|88/100|[from] Stealth Rock
|move|p2a: Basculegion|Surf|p1a: Dragapult
|-resisted|p1a: Dragapult
|-damage|p1a: Dragapult|43/100
|
|upkeep
|turn|12
|
|t:|1757919172
|move|p1a: Dragapult|Shadow Ball|p2a: Basculegion
|-supereffective|p2a: Basculegion
|-damage|p2a: Basculegion|28/100
|-damage|p1a: Dragapult|33/100|[from] item: Life Orb
|move|p2a: Basculegion|Flip Turn|p1a: Dragapult
|-resisted|p1a: Dragapult
|-damage|p1a: Dragapult|18/100
|
|t:|1757919183
|switch|p2a: Mandibuzz|Mandibuzz, F|94/100 brn|[from] Flip Turn
|
|-damage|p2a: Mandibuzz|88/100 brn|[from] brn
|upkeep
|turn|13
|
|t:|1757919195
|move|p1a: Dragapult|Shadow Ball|p2a: Mandibuzz
|-resisted|p2a: Mandibuzz
|-damage|p2a: Mandibuzz|71/100 brn
|-damage|p1a: Dragapult|8/100|[from] item: Life Orb
|move|p2a: Mandibuzz|Foul Play|p1a: Dragapult
|-supereffective|p1a: Dragapult
|-damage|p1a: Dragapult|0 fnt
|faint|p1a: Dragapult
|
|-damage|p2a: Mandibuzz|65/100 brn|[from] brn
|upkeep
|
|t:|1757919210
|switch|p1a: Iron Valiant|Iron Valiant|100/100
|-damage|p1a: Iron Valiant|94/100|[from] Stealth Rock
|-enditem|p1a: Iron Valiant|Booster Energy
|-activate|p1a: Iron Valiant|ability: Quark Drive|[fromitem]
|-start|p1a: Iron Valiant|quarkdrivespe
|turn|14
|
|t:|1757919221
|move|p1a: Iron Valiant|Close Combat|p2a: Mandibuzz
|-damage|p2a: Mandibuzz|27/100 brn
|-unboost|p1a: Iron Valiant|def|1
|-unboost|p1a: Iron Valiant|spd|1
|move|p2a: Mandibuzz|Toxic|p1a: Iron Valiant
|-status|p1a: Iron Valiant|tox
|
|-damage|p1a: Iron Valiant|88/100 tox|[from] psn
|-damage|p2a: Mandibuzz|21/100 brn|[from] brn
|upkeep
|turn|15
|
|t:|1757919235
|move|p1a: Iron Valiant|Close Combat|p2a: Mandibuzz
|-damage|p2a: Mandibuzz|0 fnt
|-unboost|p1a: Iron Valiant|def|1
|-unboost|p1a: Iron Valiant|spd|1
|faint|p2a: Mandibuzz
|
|-damage|p1a: Iron Valiant|76/100 tox|[from] psn
|upkeep
|
|t:|1757919256
|switch|p2a: Cobalion|Cobalion|100/100
|turn|16
|
|t:|1757919271
|-terastallize|p2a: Cobalion|Fairy
|move|p1a: Iron Valiant|Destiny Bond|p1a: Iron Valiant
|-singlemove|p1a: Iron Valiant|Destiny Bond
|move|p2a: Cobalion|Heavy Slam|p1a: Iron Valiant
|-supereffective|p1a: Iron Valiant
|-crit|p1a: Iron Valiant
|-damage|p1a: Iron Valiant|0 fnt
|faint|p1a: Iron Valiant
|-activate|p1a: Iron Valiant|move: Destiny Bond
|-end|p1a: Iron Valiant|Quark Drive|[silent]
|faint|p2a: Cobalion
|
|upkeep
|inactive|benjikong14 has 120 seconds left.
|inactive|Sergio07ja has 120 seconds left.
|
|t:|1757919292
|switch|p1a: Garchomp|Garchomp, M|100/100
|switch|p2a: Delphox|Delphox, M, shiny|100/100
|-damage|p1a: Garchomp|94/100|[from] Stealth Rock
|turn|17
|inactive|benjikong14 has 120 seconds left.
|
|t:|1757919313
|move|p2a: Delphox|Psyshock|p1a: Garchomp
|-damage|p1a: Garchomp|55/100
|move|p1a: Garchomp|Swords Dance|p1a: Garchomp
|-boost|p1a: Garchomp|atk|2
|
|upkeep
|turn|18
|
|t:|1757919322
|move|p2a: Delphox|Psyshock|p1a: Garchomp
|-damage|p1a: Garchomp|17/100
|move|p1a: Garchomp|Dragon Claw|p2a: Delphox
|-damage|p2a: Delphox|0 fnt
|faint|p2a: Delphox
|
|upkeep
|inactive|benjikong14 has 90 seconds left.
|
|t:|1757919362
|switch|p2a: Sandy Shocks|Sandy Shocks|35/100
|turn|19
|
|t:|1757919374
|move|p2a: Sandy Shocks|Scorching Sands|p1a: Garchomp
|-damage|p1a: Garchomp|0 fnt
|faint|p1a: Garchomp
|
|upkeep
|
|t:|1757919382
|switch|p1a: Toxapex|Toxapex, M|100/100
|-damage|p1a: Toxapex|88/100|[from] Stealth Rock
|turn|20
|
|t:|1757919388
|move|p2a: Sandy Shocks|Volt Switch|p1a: Toxapex
|-supereffective|p1a: Toxapex
|-damage|p1a: Toxapex|29/100
|
|t:|1757919392
|-end|p2a: Sandy Shocks|Protosynthesis|[silent]
|switch|p2a: Basculegion|Basculegion-F, F|28/100|[from] Volt Switch
|move|p1a: Toxapex|Ice Beam|p2a: Basculegion
|-resisted|p2a: Basculegion
|-damage|p2a: Basculegion|24/100
|
|upkeep
|turn|21
|
|t:|1757919401
|move|p2a: Basculegion|Shadow Ball|p1a: Toxapex
|-damage|p1a: Toxapex|0 fnt
|faint|p1a: Toxapex
|
|upkeep
|
|t:|1757919410
|switch|p1a: Corviknight|Corviknight, M|59/100
|-damage|p1a: Corviknight|47/100|[from] Stealth Rock
|turn|22
|
|t:|1757919421
|move|p2a: Basculegion|Shadow Ball|p1a: Corviknight
|-damage|p1a: Corviknight|4/100
|move|p1a: Corviknight|Roost|p1a: Corviknight
|-heal|p1a: Corviknight|54/100
|-singleturn|p1a: Corviknight|move: Roost
|
|-heal|p1a: Corviknight|60/100|[from] item: Leftovers
|upkeep
|turn|23
|inactive|benjikong14 has 120 seconds left.
|
|t:|1757919432
|move|p1a: Corviknight|Iron Defense|p1a: Corviknight
|-boost|p1a: Corviknight|def|2
|move|p2a: Basculegion|Surf|p1a: Corviknight
|-damage|p1a: Corviknight|6/100
|
|-heal|p1a: Corviknight|13/100|[from] item: Leftovers
|upkeep
|turn|24
|
|t:|1757919441
|move|p1a: Corviknight|Double-Edge|p2a: Basculegion
|-immune|p2a: Basculegion
|move|p2a: Basculegion|Surf|p1a: Corviknight
|-damage|p1a: Corviknight|0 fnt
|faint|p1a: Corviknight
|
|win|benjikong14
|raw|Sergio07ja's rating: 1125 &rarr; <strong>1105</strong><br />(-20 for losing)
|raw|benjikong14's rating: 1189 &rarr; <strong>1209</strong><br />(+20 for winning)
|l|☆Sergio07ja
|player|p1|
|l|☆benjikong14
|player|p2|
