|j|☆Prateekkp
|j|☆dubwool12345
|inactive|Battle timer is ON: inactive players will automatically lose when time's up.
|t:|1757875067
|gametype|singles
|player|p1|Prateekkp|hero2-conquest|
|player|p2|dubwool12345|cynthia-gen4|
|gen|9
|tier|[Gen 9] OU
|rated|Tournament battle
|rule|HP Percentage Mod: HP is shown in percentages
|rule|Endless Battle Clause: Forcing endless battles is banned
|rule|Species Clause: Limit one of each Pokémon
|rule|OHKO Clause: OHKO moves are banned
|rule|Evasion Items Clause: Evasion items are banned
|rule|Evasion Moves Clause: Evasion moves are banned
|rule|Evasion Abilities Clause: Evasion abilities are banned
|rule|Sleep Moves Clause: Sleep-inducing moves are banned
|raw|<div class="infobox"><details class="readmore" open><summary><strong>2 custom rules:</strong></summary> maxteamsize=6, pickedteamsize=3</details></div>
|clearpoke
|poke|p1|Iron Treads|
|poke|p1|Ogerpon-Cornerstone, F|
|poke|p1|Moltres|
|poke|p1|Iron Valiant|
|poke|p1|Weavile, M|
|poke|p1|Weezing-Galar, M|
|poke|p2|Dragonite, F|
|poke|p2|Zamazenta-*|
|poke|p2|Gholdengo|
|poke|p2|Darkrai|
|poke|p2|Hatterene, F|
|poke|p2|Gliscor, F|
|teampreview|3
|j|*Lady Monita ☀
|inactive|dubwool12345 also wants the timer to be on.
|inactive|Prateekkp also wants the timer to be on.
|c|☆dubwool12345|Glhf
|
|t:|1757875082
|teamsize|p1|3
|teamsize|p2|3
|start
|switch|p1a: Weavile|Weavile, M|100/100
|switch|p2a: Gliscor|Gliscor, F|100/100
|-ability|p1a: Weavile|Pressure
|turn|1
|
|t:|1757875088
|move|p2a: Gliscor|Protect|p2a: Gliscor
|-singleturn|p2a: Gliscor|Protect
|move|p1a: Weavile|Triple Axel|p2a: Gliscor
|-activate|p2a: Gliscor|move: Protect
|
|-status|p2a: Gliscor|tox|[from] item: Toxic Orb
|upkeep
|turn|2
|
|t:|1757875093
|switch|p2a: Zamazenta|Zamazenta|100/100
|-ability|p2a: Zamazenta|Dauntless Shield|boost
|-boost|p2a: Zamazenta|def|1
|move|p1a: Weavile|Triple Axel|p2a: Zamazenta
|-damage|p2a: Zamazenta|95/100
|-damage|p2a: Zamazenta|85/100
|-damage|p2a: Zamazenta|70/100
|-hitcount|p2a: Zamazenta|3
|
|-heal|p2a: Zamazenta|76/100|[from] item: Leftovers
|upkeep
|turn|3
|c|☆Prateekkp|U2
|
|t:|1757875102
|switch|p1a: Iron Valiant|Iron Valiant|100/100
|-enditem|p1a: Iron Valiant|Booster Energy
|-activate|p1a: Iron Valiant|ability: Quark Drive|[fromitem]
|-start|p1a: Iron Valiant|quarkdrivespe
|move|p2a: Zamazenta|Iron Defense|p2a: Zamazenta
|-boost|p2a: Zamazenta|def|2
|
|-heal|p2a: Zamazenta|82/100|[from] item: Leftovers
|upkeep
|turn|4
|
|t:|1757875107
|move|p1a: Iron Valiant|Moonblast|p2a: Zamazenta
|-supereffective|p2a: Zamazenta
|-damage|p2a: Zamazenta|0 fnt
|faint|p2a: Zamazenta
|
|upkeep
|
|t:|1757875111
|switch|p2a: Gliscor|Gliscor, F|100/100 tox
|turn|5
|
|t:|1757875114
|move|p1a: Iron Valiant|Calm Mind|p1a: Iron Valiant
|-boost|p1a: Iron Valiant|spa|1
|-boost|p1a: Iron Valiant|spd|1
|move|p2a: Gliscor|Facade|p1a: Iron Valiant
|-damage|p1a: Iron Valiant|64/100
|
|upkeep
|turn|6
|
|t:|1757875118
|move|p1a: Iron Valiant|Moonblast|p2a: Gliscor
|-damage|p2a: Gliscor|21/100 tox
|move|p2a: Gliscor|Facade|p1a: Iron Valiant
|-damage|p1a: Iron Valiant|24/100
|
|-heal|p2a: Gliscor|33/100 tox|[from] ability: Poison Heal
|upkeep
|turn|7
|
|t:|1757875123
|move|p1a: Iron Valiant|Calm Mind|p1a: Iron Valiant
|-boost|p1a: Iron Valiant|spa|1
|-boost|p1a: Iron Valiant|spd|1
|move|p2a: Gliscor|Facade|p1a: Iron Valiant
|-crit|p1a: Iron Valiant
|-damage|p1a: Iron Valiant|0 fnt
|faint|p1a: Iron Valiant
|-end|p1a: Iron Valiant|Quark Drive|[silent]
|
|-heal|p2a: Gliscor|46/100 tox|[from] ability: Poison Heal
|upkeep
|
|t:|1757875126
|switch|p1a: Weavile|Weavile, M|100/100
|-ability|p1a: Weavile|Pressure
|turn|8
|
|t:|1757875132
|move|p2a: Gliscor|Protect|p2a: Gliscor
|-singleturn|p2a: Gliscor|Protect
|move|p1a: Weavile|Triple Axel|p2a: Gliscor
|-activate|p2a: Gliscor|move: Protect
|
|-heal|p2a: Gliscor|58/100 tox|[from] ability: Poison Heal
|upkeep
|turn|9
|
|t:|1757875136
|move|p1a: Weavile|Triple Axel|p2a: Gliscor
|-supereffective|p2a: Gliscor
|-damage|p2a: Gliscor|27/100 tox
|-supereffective|p2a: Gliscor
|-damage|p2a: Gliscor|0 fnt
|faint|p2a: Gliscor
|-hitcount|p2: Gliscor|2
|
|upkeep
|
|t:|1757875137
|switch|p2a: Darkrai|Darkrai|100/100
|turn|10
|
|t:|1757875150
|move|p1a: Weavile|Triple Axel|p2a: Darkrai
|-damage|p2a: Darkrai|88/100
|-damage|p2a: Darkrai|65/100
|-damage|p2a: Darkrai|33/100
|-hitcount|p2a: Darkrai|3
|move|p2a: Darkrai|Will-O-Wisp|p1a: Weavile
|-status|p1a: Weavile|brn
|
|-damage|p1a: Weavile|94/100 brn|[from] brn
|upkeep
|turn|11
|
|t:|1757875158
|move|p2a: Darkrai|Dark Pulse|p1a: Weavile
|-resisted|p1a: Weavile
|-damage|p1a: Weavile|68/100 brn
|move|p1a: Weavile|Triple Axel|p2a: Darkrai
|-damage|p2a: Darkrai|27/100
|-damage|p2a: Darkrai|16/100
|-crit|p2a: Darkrai
|-damage|p2a: Darkrai|0 fnt
|faint|p2a: Darkrai
|-hitcount|p2: Darkrai|3
|
|win|Prateekkp
|n|☆Prateekkp|prateekkp
|n|☆dubwool12345|dubwool12345
|n|*Lady Monita ☀|ladymonita
