|j|☆flygonisdragon
|j|☆pcjiaoda
|t:|1757822619
|gametype|singles
|player|p1|flygonisdragon|serena-masters|1341
|player|p2|pcjiaoda|lady|1361
|gen|9
|tier|[Gen 9] OU
|rated|
|rule|HP Percentage Mod: HP is shown in percentages
|rule|Endless Battle Clause: Forcing endless battles is banned
|rule|Species Clause: Limit one of each Pokémon
|rule|OHKO Clause: OHKO moves are banned
|rule|Evasion Items Clause: Evasion items are banned
|rule|Evasion Moves Clause: Evasion moves are banned
|rule|Evasion Abilities Clause: Evasion abilities are banned
|rule|Sleep Moves Clause: Sleep-inducing moves are banned
|clearpoke
|poke|p1|Zapdos-Galar|
|poke|p1|Volcanion|
|poke|p1|Kommo-o, M|
|poke|p1|Fezandipiti, M|
|poke|p1|Clodsire, M|
|poke|p1|Scizor, F|
|poke|p2|Torkoal, F|
|poke|p2|Gliscor, M|
|poke|p2|Zamazenta-*|
|poke|p2|Deoxys-Defense|
|poke|p2|Venusaur, F|
|poke|p2|Walking Wake|
|teampreview
|inactive|Battle timer is ON: inactive players will automatically lose when time's up. (requested by pcjiaoda)
|inactive|flygonisdragon has 120 seconds left.
|inactive|pcjiaoda has 120 seconds left.
|
|t:|1757822685
|teamsize|p1|6
|teamsize|p2|6
|start
|switch|p1a: Volcanion|Volcanion|100/100
|switch|p2a: Gliscor|Gliscor, M|100/100
|turn|1
|
|t:|1757822697
|switch|p2a: Torkoal|Torkoal, F|100/100
|-weather|SunnyDay|[from] ability: Drought|[of] p2a: Torkoal
|move|p1a: Volcanion|Steam Eruption|p2a: Torkoal
|-supereffective|p2a: Torkoal
|-damage|p2a: Torkoal|0 fnt
|faint|p2a: Torkoal
|
|-weather|SunnyDay|[upkeep]
|upkeep
|
|t:|1757822706
|switch|p2a: Venusaur|Venusaur, F|100/100
|turn|2
|
|t:|1757822715
|switch|p1a: Fezandipiti|Fezandipiti, M|100/100
|move|p2a: Venusaur|Solar Beam||[still]
|-prepare|p2a: Venusaur|Solar Beam
|-anim|p2a: Venusaur|Solar Beam|p1a: Fezandipiti
|-resisted|p1a: Fezandipiti
|-damage|p1a: Fezandipiti|84/100
|
|-weather|SunnyDay|[upkeep]
|upkeep
|turn|3
|
|t:|1757822728
|-terastallize|p2a: Venusaur|Ground
|move|p2a: Venusaur|Earth Power|p1a: Fezandipiti
|-supereffective|p1a: Fezandipiti
|-damage|p1a: Fezandipiti|37/100
|move|p1a: Fezandipiti|Tailwind|p1a: Fezandipiti
|-sidestart|p1: flygonisdragon|move: Tailwind
|
|-weather|SunnyDay|[upkeep]
|upkeep
|turn|4
|
|t:|1757822748
|move|p2a: Venusaur|Sludge Bomb|p1a: Fezandipiti
|-damage|p1a: Fezandipiti|13/100
|move|p1a: Fezandipiti|U-turn|p2a: Venusaur
|-damage|p2a: Venusaur|84/100
|
|t:|1757822765
|switch|p1a: Zapdos|Zapdos-Galar|100/100|[from] U-turn
|
|-weather|SunnyDay|[upkeep]
|-heal|p2a: Venusaur|90/100|[from] item: Leftovers
|upkeep
|turn|5
|
|t:|1757822775
|move|p1a: Zapdos|Brave Bird|p2a: Venusaur
|-damage|p2a: Venusaur|0 fnt
|faint|p2a: Venusaur
|-damage|p1a: Zapdos|73/100|[from] Recoil
|
|-weather|SunnyDay|[upkeep]
|upkeep
|
|t:|1757822782
|switch|p2a: Gliscor|Gliscor, M|100/100
|turn|6
|
|t:|1757822790
|move|p2a: Gliscor|Protect|p2a: Gliscor
|-singleturn|p2a: Gliscor|Protect
|move|p1a: Zapdos|Brave Bird|p2a: Gliscor
|-activate|p2a: Gliscor|move: Protect
|
|-weather|SunnyDay|[upkeep]
|-sideend|p1: flygonisdragon|move: Tailwind
|-status|p2a: Gliscor|tox|[from] item: Toxic Orb
|upkeep
|turn|7
|
|t:|1757822800
|move|p1a: Zapdos|Brave Bird|p2a: Gliscor
|-damage|p2a: Gliscor|18/100 tox
|-damage|p1a: Zapdos|48/100|[from] Recoil
|move|p2a: Gliscor|Swords Dance|p2a: Gliscor
|-boost|p2a: Gliscor|atk|2
|
|-weather|SunnyDay|[upkeep]
|-heal|p2a: Gliscor|30/100 tox|[from] ability: Poison Heal
|upkeep
|turn|8
|
|t:|1757822809
|move|p2a: Gliscor|Protect|p2a: Gliscor
|-singleturn|p2a: Gliscor|Protect
|move|p1a: Zapdos|Brave Bird|p2a: Gliscor
|-activate|p2a: Gliscor|move: Protect
|
|-weather|none
|-heal|p2a: Gliscor|43/100 tox|[from] ability: Poison Heal
|upkeep
|turn|9
|
|t:|1757822821
|switch|p2a: Deoxys|Deoxys-Defense|100/100
|-ability|p2a: Deoxys|Pressure
|move|p1a: Zapdos|Brave Bird|p2a: Deoxys
|-damage|p2a: Deoxys|33/100
|-damage|p1a: Zapdos|31/100|[from] Recoil
|
|-heal|p2a: Deoxys|39/100|[from] item: Leftovers
|upkeep
|turn|10
|
|t:|1757822832
|move|p1a: Zapdos|Brave Bird|p2a: Deoxys
|-damage|p2a: Deoxys|0 fnt
|faint|p2a: Deoxys
|-damage|p1a: Zapdos|21/100|[from] Recoil
|
|upkeep
|
|t:|1757822839
|switch|p2a: Gliscor|Gliscor, M|43/100 tox
|turn|11
|inactive|flygonisdragon has 120 seconds left.
|
|t:|1757822869
|move|p2a: Gliscor|Protect|p2a: Gliscor
|-singleturn|p2a: Gliscor|Protect
|move|p1a: Zapdos|Brave Bird|p2a: Gliscor
|-activate|p2a: Gliscor|move: Protect
|
|-heal|p2a: Gliscor|55/100 tox|[from] ability: Poison Heal
|upkeep
|turn|12
|
|t:|1757822882
|move|p1a: Zapdos|Brave Bird|p2a: Gliscor
|-damage|p2a: Gliscor|0 fnt
|faint|p2a: Gliscor
|-damage|p1a: Zapdos|5/100|[from] Recoil
|
|upkeep
|
|t:|1757822891
|switch|p2a: Zamazenta|Zamazenta|100/100
|-ability|p2a: Zamazenta|Dauntless Shield|boost
|-boost|p2a: Zamazenta|def|1
|turn|13
|inactive|flygonisdragon has 120 seconds left.
|
|t:|1757822934
|move|p2a: Zamazenta|Body Press|p1a: Zapdos
|-resisted|p1a: Zapdos
|-damage|p1a: Zapdos|0 fnt
|faint|p1a: Zapdos
|
|upkeep
|
|t:|1757822941
|switch|p1a: Clodsire|Clodsire, M|100/100
|turn|14
|
|t:|1757822944
|move|p2a: Zamazenta|Substitute|p2a: Zamazenta
|-start|p2a: Zamazenta|Substitute
|-damage|p2a: Zamazenta|76/100
|move|p1a: Clodsire|Toxic||[still]
|-fail|p1a: Clodsire
|
|-heal|p2a: Zamazenta|82/100|[from] item: Leftovers
|upkeep
|turn|15
|inactive|flygonisdragon has 120 seconds left.
|
|t:|1757822968
|switch|p1a: Volcanion|Volcanion|100/100
|move|p2a: Zamazenta|Iron Defense|p2a: Zamazenta
|-boost|p2a: Zamazenta|def|2
|
|-heal|p2a: Zamazenta|88/100|[from] item: Leftovers
|upkeep
|turn|16
|
|t:|1757822976
|move|p2a: Zamazenta|Iron Defense|p2a: Zamazenta
|-boost|p2a: Zamazenta|def|2
|move|p1a: Volcanion|Steam Eruption|p2a: Zamazenta
|-end|p2a: Zamazenta|Substitute
|
|-heal|p2a: Zamazenta|94/100|[from] item: Leftovers
|upkeep
|turn|17
|inactive|flygonisdragon has 120 seconds left.
|inactive|flygonisdragon has 90 seconds left.
|inactive|flygonisdragon has 60 seconds left.
|
|t:|1757823051
|move|p2a: Zamazenta|Body Press|p1a: Volcanion
|-damage|p1a: Volcanion|0 fnt
|faint|p1a: Volcanion
|
|-heal|p2a: Zamazenta|99/100|[from] item: Leftovers
|upkeep
|
|t:|1757823060
|switch|p1a: Fezandipiti|Fezandipiti, M|13/100
|turn|18
|
|t:|1757823063
|-terastallize|p1a: Fezandipiti|Ghost
|move|p2a: Zamazenta|Body Press|p1a: Fezandipiti
|-immune|p1a: Fezandipiti
|move|p1a: Fezandipiti|Roost|p1a: Fezandipiti
|-heal|p1a: Fezandipiti|63/100
|
|-heal|p2a: Zamazenta|100/100|[from] item: Leftovers
|upkeep
|turn|19
|
|t:|1757823078
|switch|p2a: Walking Wake|Walking Wake|100/100
|move|p1a: Fezandipiti|Roost|p1a: Fezandipiti
|-heal|p1a: Fezandipiti|100/100
|
|upkeep
|turn|20
|
|t:|1757823092
|switch|p1a: Clodsire|Clodsire, M|100/100
|move|p2a: Walking Wake|Hydro Pump|p1a: Clodsire
|-immune|p1a: Clodsire|[from] ability: Water Absorb
|
|upkeep
|turn|21
|
|t:|1757823107
|-end|p2a: Walking Wake|Protosynthesis|[silent]
|switch|p2a: Zamazenta|Zamazenta|100/100
|move|p1a: Clodsire|Toxic|p2a: Zamazenta
|-status|p2a: Zamazenta|tox
|
|-damage|p2a: Zamazenta|94/100 tox|[from] psn
|upkeep
|turn|22
|
|t:|1757823120
|switch|p1a: Fezandipiti|Fezandipiti, M, tera:Ghost|100/100
|move|p2a: Zamazenta|Body Press|p1a: Fezandipiti
|-immune|p1a: Fezandipiti
|
|-heal|p2a: Zamazenta|100/100 tox|[from] item: Leftovers
|-damage|p2a: Zamazenta|88/100 tox|[from] psn
|upkeep
|turn|23
|c|☆pcjiaoda|gg
|-message|pcjiaoda forfeited.
|
|win|flygonisdragon
|raw|flygonisdragon's rating: 1341 &rarr; <strong>1362</strong><br />(+21 for winning)
|raw|pcjiaoda's rating: 1361 &rarr; <strong>1340</strong><br />(-21 for losing)
|l|☆pcjiaoda
|player|p2|
|l|☆flygonisdragon
|player|p1|
