|j|☆fuashy
|j|☆Perola Z
|t:|1757786460
|gametype|singles
|player|p1|fuashy|iris-gen5bw2|1416
|player|p2|Perola Z|parasollady|1473
|gen|9
|tier|[Gen 9] OU
|rated|
|rule|HP Percentage Mod: HP is shown in percentages
|rule|Endless Battle Clause: Forcing endless battles is banned
|rule|Species Clause: Limit one of each Pokémon
|rule|OHKO Clause: OHKO moves are banned
|rule|Evasion Items Clause: Evasion items are banned
|rule|Evasion Moves Clause: Evasion moves are banned
|rule|Evasion Abilities Clause: Evasion abilities are banned
|rule|Sleep Moves Clause: Sleep-inducing moves are banned
|clearpoke
|poke|p1|Kyurem|
|poke|p1|Ogerpon-Wellspring, F|
|poke|p1|Slowking-Galar, F|
|poke|p1|Moltres|
|poke|p1|Garganacl, F|
|poke|p1|Darkrai|
|poke|p2|Enamorus, F|
|poke|p2|Zapdos-Galar|
|poke|p2|Latios, M|
|poke|p2|Cinderace, F|
|poke|p2|Iron Valiant|
|poke|p2|Primarina, F|
|teampreview
|inactive|Battle timer is ON: inactive players will automatically lose when time's up. (requested by fuashy)
|
|t:|1757786482
|teamsize|p1|6
|teamsize|p2|6
|start
|switch|p1a: Ogerpon|Ogerpon-Wellspring, F|100/100
|switch|p2a: Latios|Latios, M|100/100
|turn|1
|inactive|Perola Z has 120 seconds left.
|
|t:|1757786515
|switch|p2a: Cinderace|Cinderace, F|100/100
|move|p1a: Ogerpon|Knock Off|p2a: Cinderace
|-damage|p2a: Cinderace|46/100
|-enditem|p2a: Cinderace|Heavy-Duty Boots|[from] move: Knock Off|[of] p1a: Ogerpon
|
|upkeep
|turn|2
|
|t:|1757786527
|switch|p1a: Garganacl|Garganacl, F|100/100
|move|p2a: Cinderace|U-turn|p1a: Garganacl
|-start|p2a: Cinderace|typechange|Bug|[from] ability: Libero
|-damage|p1a: Garganacl|80/100
|inactive|Perola Z has 120 seconds left.
|
|t:|1757786537
|switch|p2a: Latios|Latios, M|100/100|[from] U-turn
|
|-heal|p1a: Garganacl|86/100|[from] item: Leftovers
|upkeep
|turn|3
|
|t:|1757786542
|-terastallize|p2a: Latios|Dragon
|move|p2a: Latios|Draco Meteor|p1a: Garganacl
|-damage|p1a: Garganacl|0 fnt
|-unboost|p2a: Latios|spa|2
|faint|p1a: Garganacl
|
|upkeep
|
|t:|1757786552
|switch|p1a: Slowking|Slowking-Galar, F|100/100
|turn|4
|
|t:|1757786558
|switch|p2a: Cinderace|Cinderace, F|46/100
|move|p1a: Slowking|Thunder Wave|p2a: Cinderace|[miss]
|-miss|p1a: Slowking|p2a: Cinderace
|
|upkeep
|turn|5
|
|t:|1757786570
|move|p2a: Cinderace|Pyro Ball|p1a: Slowking
|-damage|p1a: Slowking|42/100
|move|p1a: Slowking|Future Sight|p2a: Cinderace
|-start|p1a: Slowking|move: Future Sight
|
|upkeep
|turn|6
|
|t:|1757786576
|switch|p1a: Moltres|Moltres|100/100
|move|p2a: Cinderace|U-turn|p1a: Moltres
|-start|p2a: Cinderace|typechange|Bug|[from] ability: Libero
|-resisted|p1a: Moltres
|-damage|p1a: Moltres|95/100
|
|t:|1757786583
|switch|p2a: Latios|Latios, M, tera:Dragon|100/100|[from] U-turn
|
|upkeep
|turn|7
|
|t:|1757786593
|move|p2a: Latios|Draco Meteor|p1a: Moltres
|-damage|p1a: Moltres|0 fnt
|-unboost|p2a: Latios|spa|2
|faint|p1a: Moltres
|
|-end|p2a: Latios|move: Future Sight
|-damage|p2a: Latios|53/100
|upkeep
|
|t:|1757786600
|switch|p1a: Slowking|Slowking-Galar, F|76/100
|turn|8
|
|t:|1757786606
|switch|p2a: Cinderace|Cinderace, F|46/100
|move|p1a: Slowking|Thunder Wave|p2a: Cinderace|[miss]
|-miss|p1a: Slowking|p2a: Cinderace
|
|upkeep
|turn|9
|
|t:|1757786621
|move|p2a: Cinderace|Pyro Ball|p1a: Slowking
|-damage|p1a: Slowking|12/100
|-prepare|p1a: Slowking|Chilly Reception|[premajor]
|move|p1a: Slowking|Chilly Reception|p1a: Slowking
|-weather|Snowscape
|inactive|fuashy has 120 seconds left.
|
|t:|1757786656
|switch|p1a: Ogerpon|Ogerpon-Wellspring, F|100/100|[from] Chilly Reception
|
|-weather|Snowscape|[upkeep]
|upkeep
|turn|10
|
|t:|1757786684
|-terastallize|p1a: Ogerpon|Water
|detailschange|p1a: Ogerpon|Ogerpon-Wellspring-Tera, F, tera:Water
|-ability|p1a: Ogerpon|Embody Aspect (Wellspring)|boost
|-boost|p1a: Ogerpon|spd|1
|move|p2a: Cinderace|Pyro Ball|p1a: Ogerpon
|-resisted|p1a: Ogerpon
|-damage|p1a: Ogerpon|61/100
|move|p1a: Ogerpon|Ivy Cudgel|p2a: Cinderace|[anim] Ivy Cudgel Water
|-supereffective|p2a: Cinderace
|-damage|p2a: Cinderace|0 fnt
|faint|p2a: Cinderace
|
|-weather|Snowscape|[upkeep]
|upkeep
|inactive|Perola Z has 120 seconds left.
|
|t:|1757786704
|switch|p2a: Enamorus|Enamorus, F|100/100
|turn|11
|
|t:|1757786708
|move|p1a: Ogerpon|Ivy Cudgel|p2a: Enamorus|[anim] Ivy Cudgel Water
|-enditem|p2a: Enamorus|Focus Sash
|-damage|p2a: Enamorus|1/100
|move|p2a: Enamorus|Moonblast|p1a: Ogerpon
|-damage|p1a: Ogerpon|23/100
|
|-weather|Snowscape|[upkeep]
|upkeep
|turn|12
|
|t:|1757786718
|move|p1a: Ogerpon|Knock Off|p2a: Enamorus
|-resisted|p2a: Enamorus
|-damage|p2a: Enamorus|0 fnt
|faint|p2a: Enamorus
|
|-weather|Snowscape|[upkeep]
|upkeep
|inactive|Perola Z has 120 seconds left.
|
|t:|1757786740
|switch|p2a: Iron Valiant|Iron Valiant|100/100
|-enditem|p2a: Iron Valiant|Booster Energy
|-activate|p2a: Iron Valiant|ability: Quark Drive|[fromitem]
|-start|p2a: Iron Valiant|quarkdrivespe
|turn|13
|
|t:|1757786750
|switch|p1a: Slowking|Slowking-Galar, F|46/100
|move|p2a: Iron Valiant|Psyshock|p1a: Slowking
|-damage|p1a: Slowking|19/100
|
|-weather|none
|upkeep
|turn|14
|inactive|Perola Z has 120 seconds left.
|
|t:|1757786771
|move|p2a: Iron Valiant|Psyshock|p1a: Slowking
|-damage|p1a: Slowking|0 fnt
|faint|p1a: Slowking
|
|upkeep
|
|t:|1757786801
|switch|p1a: Kyurem|Kyurem, shiny|100/100
|-ability|p1a: Kyurem|Pressure
|turn|15
|
|t:|1757786809
|move|p2a: Iron Valiant|Moonblast|p1a: Kyurem
|-supereffective|p1a: Kyurem
|-damage|p1a: Kyurem|17/100
|move|p1a: Kyurem|Blizzard|p2a: Iron Valiant
|-damage|p2a: Iron Valiant|0 fnt
|faint|p2a: Iron Valiant
|-end|p2a: Iron Valiant|Quark Drive|[silent]
|
|upkeep
|
|t:|1757786827
|switch|p2a: Zapdos|Zapdos-Galar|100/100
|turn|16
|
|t:|1757786842
|move|p2a: Zapdos|Brave Bird|p1a: Kyurem
|-damage|p1a: Kyurem|0 fnt
|faint|p1a: Kyurem
|-damage|p2a: Zapdos|94/100|[from] Recoil
|
|upkeep
|
|t:|1757786864
|switch|p1a: Darkrai|Darkrai|100/100
|turn|17
|
|t:|1757786875
|move|p1a: Darkrai|Ice Beam|p2a: Zapdos
|-supereffective|p2a: Zapdos
|-damage|p2a: Zapdos|0 fnt
|faint|p2a: Zapdos
|-damage|p1a: Darkrai|91/100|[from] item: Life Orb
|
|upkeep
|
|t:|1757786879
|switch|p2a: Primarina|Primarina, F|100/100
|turn|18
|
|t:|1757786883
|move|p1a: Darkrai|Sludge Bomb|p2a: Primarina
|-supereffective|p2a: Primarina
|-damage|p2a: Primarina|29/100
|-damage|p1a: Darkrai|81/100|[from] item: Life Orb
|move|p2a: Primarina|Moonblast|p1a: Darkrai
|-supereffective|p1a: Darkrai
|-damage|p1a: Darkrai|0 fnt
|faint|p1a: Darkrai
|
|upkeep
|
|t:|1757786887
|switch|p1a: Ogerpon|Ogerpon-Wellspring-Tera, F, tera:Water|23/100
|-ability|p1a: Ogerpon|Embody Aspect (Wellspring)|boost
|-boost|p1a: Ogerpon|spd|1
|turn|19
|
|t:|1757786894
|move|p1a: Ogerpon|Horn Leech|p2a: Primarina
|-supereffective|p2a: Primarina
|-damage|p2a: Primarina|0 fnt
|-heal|p1a: Ogerpon|38/100|[from] drain|[of] p2a: Primarina
|faint|p2a: Primarina
|
|upkeep
|c|☆Perola Z|Spd tie
|
|t:|1757786909
|switch|p2a: Latios|Latios, M, tera:Dragon|53/100
|turn|20
|c|☆fuashy|50/50 buddy
|
|t:|1757786916
|move|p1a: Ogerpon|Ivy Cudgel|p2a: Latios|[anim] Ivy Cudgel Water
|-resisted|p2a: Latios
|-damage|p2a: Latios|1/100
|move|p2a: Latios|Draco Meteor|p1a: Ogerpon
|-damage|p1a: Ogerpon|0 fnt
|-unboost|p2a: Latios|spa|2
|faint|p1a: Ogerpon
|detailschange|p1: Ogerpon|Ogerpon-Wellspring, F|[silent]
|
|win|Perola Z
|raw|fuashy's rating: 1416 &rarr; <strong>1399</strong><br />(-17 for losing)
|raw|Perola Z's rating: 1473 &rarr; <strong>1490</strong><br />(+17 for winning)
|c|☆fuashy|wow
