|j|☆McQueenloko
|j|☆jtmarx
|t:|1757859127
|gametype|singles
|player|p1|McQueenloko|hugh|1126
|player|p2|jtmarx|blue|1136
|gen|9
|tier|[Gen 9] OU
|rated|
|rule|HP Percentage Mod: HP is shown in percentages
|rule|Endless Battle Clause: Forcing endless battles is banned
|rule|Species Clause: Limit one of each Pokémon
|rule|OHKO Clause: OHKO moves are banned
|rule|Evasion Items Clause: Evasion items are banned
|rule|Evasion Moves Clause: Evasion moves are banned
|rule|Evasion Abilities Clause: Evasion abilities are banned
|rule|Sleep Moves Clause: Sleep-inducing moves are banned
|clearpoke
|poke|p1|Metagross|
|poke|p1|Pecharunt|
|poke|p1|Corviknight, F|
|poke|p1|Hydreigon, F|
|poke|p1|Cinderace, F|
|poke|p1|Hydrapple, M|
|poke|p2|Zapdos|
|poke|p2|Garganacl, M|
|poke|p2|Walking Wake|
|poke|p2|Iron Treads|
|poke|p2|Rillaboom, F|
|poke|p2|Suicune|
|teampreview
|inactive|Battle timer is ON: inactive players will automatically lose when time's up. (requested by jtmarx)
|
|t:|1757859142
|teamsize|p1|6
|teamsize|p2|6
|start
|switch|p1a: Metagross|Metagross|100/100
|switch|p2a: Iron Treads|Iron Treads|100/100
|turn|1
|
|t:|1757859150
|move|p2a: Iron Treads|Knock Off|p1a: Metagross
|-supereffective|p1a: Metagross
|-damage|p1a: Metagross|59/100
|-enditem|p1a: Metagross|Assault Vest|[from] move: Knock Off|[of] p2a: Iron Treads
|move|p1a: Metagross|Knock Off|p2a: Iron Treads
|-damage|p2a: Iron Treads|70/100
|-enditem|p2a: Iron Treads|Heavy-Duty Boots|[from] move: Knock Off|[of] p1a: Metagross
|
|upkeep
|turn|2
|
|t:|1757859168
|switch|p1a: Hydreigon|Hydreigon, F|100/100
|move|p2a: Iron Treads|Volt Switch|p1a: Hydreigon
|-resisted|p1a: Hydreigon
|-damage|p1a: Hydreigon|94/100
|
|t:|1757859181
|-end|p2a: Iron Treads|Quark Drive|[silent]
|switch|p2a: Rillaboom|Rillaboom, F|100/100|[from] Volt Switch
|-fieldstart|move: Grassy Terrain|[from] ability: Grassy Surge|[of] p2a: Rillaboom
|
|upkeep
|turn|3
|
|t:|1757859208
|switch|p1a: Metagross|Metagross|59/100
|move|p2a: Rillaboom|U-turn|p1a: Metagross
|-damage|p1a: Metagross|42/100
|
|t:|1757859214
|switch|p2a: Suicune|Suicune|100/100|[from] U-turn
|-ability|p2a: Suicune|Pressure
|
|-heal|p1a: Metagross|48/100|[from] Grassy Terrain
|upkeep
|turn|4
|
|t:|1757859222
|move|p2a: Suicune|Rain Dance|p2a: Suicune
|-weather|RainDance
|move|p1a: Metagross|Trailblaze|p2a: Suicune
|-supereffective|p2a: Suicune
|-damage|p2a: Suicune|65/100
|-boost|p1a: Metagross|spe|1
|
|-weather|RainDance|[upkeep]
|-heal|p1a: Metagross|54/100|[from] Grassy Terrain
|-heal|p2a: Suicune|72/100|[from] Grassy Terrain
|upkeep
|turn|5
|
|t:|1757859232
|move|p1a: Metagross|Knock Off|p2a: Suicune
|-damage|p2a: Suicune|45/100
|-enditem|p2a: Suicune|Damp Rock|[from] move: Knock Off|[of] p1a: Metagross
|move|p2a: Suicune|Scald|p1a: Metagross
|-damage|p1a: Metagross|15/100
|-status|p1a: Metagross|brn
|
|-weather|RainDance|[upkeep]
|-heal|p1a: Metagross|21/100 brn|[from] Grassy Terrain
|-heal|p2a: Suicune|51/100|[from] Grassy Terrain
|-damage|p1a: Metagross|15/100 brn|[from] brn
|upkeep
|turn|6
|
|t:|1757859249
|move|p1a: Metagross|Trailblaze|p2a: Suicune
|-supereffective|p2a: Suicune
|-damage|p2a: Suicune|32/100
|-boost|p1a: Metagross|spe|1
|move|p2a: Suicune|Scald|p1a: Metagross
|-damage|p1a: Metagross|0 fnt
|faint|p1a: Metagross
|
|-weather|RainDance|[upkeep]
|-heal|p2a: Suicune|38/100|[from] Grassy Terrain
|-fieldend|move: Grassy Terrain
|upkeep
|
|t:|1757859262
|switch|p1a: Hydreigon|Hydreigon, F|94/100
|turn|7
|
|t:|1757859268
|switch|p2a: Iron Treads|Iron Treads|70/100
|move|p1a: Hydreigon|Dark Pulse|p2a: Iron Treads
|-damage|p2a: Iron Treads|0 fnt
|faint|p2a: Iron Treads
|-end|p2a: Iron Treads|Quark Drive|[silent]
|
|-weather|RainDance|[upkeep]
|upkeep
|
|t:|1757859278
|switch|p2a: Zapdos|Zapdos|100/100
|turn|8
|
|t:|1757859291
|move|p2a: Zapdos|Hurricane|p1a: Hydreigon
|-damage|p1a: Hydreigon|28/100
|move|p1a: Hydreigon|Dark Pulse|p2a: Zapdos
|-damage|p2a: Zapdos|30/100
|
|-weather|RainDance|[upkeep]
|upkeep
|turn|9
|
|t:|1757859300
|switch|p1a: Corviknight|Corviknight, F, shiny|100/100
|-ability|p1a: Corviknight|Pressure
|move|p2a: Zapdos|Hurricane|p1a: Corviknight
|-resisted|p1a: Corviknight
|-damage|p1a: Corviknight|76/100
|
|-weather|RainDance|[upkeep]
|upkeep
|turn|10
|
|t:|1757859310
|move|p2a: Zapdos|Thunder|p1a: Corviknight
|-supereffective|p1a: Corviknight
|-damage|p1a: Corviknight|0 fnt
|faint|p1a: Corviknight
|
|-weather|RainDance|[upkeep]
|upkeep
|
|t:|1757859314
|switch|p1a: Hydrapple|Hydrapple, M|100/100
|turn|11
|
|t:|1757859330
|-terastallize|p1a: Hydrapple|Poison
|move|p2a: Zapdos|Hurricane|p1a: Hydrapple
|-damage|p1a: Hydrapple|67/100
|move|p1a: Hydrapple|Fickle Beam|p2a: Zapdos|[anim] Fickle Beam All Out
|-activate|p1a: Hydrapple|move: Fickle Beam
|-crit|p2a: Zapdos
|-damage|p2a: Zapdos|0 fnt
|faint|p2a: Zapdos
|
|-weather|none
|upkeep
|
|t:|1757859344
|switch|p2a: Garganacl|Garganacl, M|100/100
|turn|12
|
|t:|1757859362
|switch|p1a: Cinderace|Cinderace, F|100/100
|move|p2a: Garganacl|Stomping Tantrum|p1a: Cinderace
|-supereffective|p1a: Cinderace
|-damage|p1a: Cinderace|32/100
|
|upkeep
|turn|13
|
|t:|1757859370
|move|p1a: Cinderace|U-turn|p2a: Garganacl
|-start|p1a: Cinderace|typechange|Bug|[from] ability: Libero
|-crit|p2a: Garganacl
|-damage|p2a: Garganacl|62/100
|
|t:|1757859373
|switch|p1a: Hydreigon|Hydreigon, F|28/100|[from] U-turn
|move|p2a: Garganacl|Salt Cure|p1a: Hydreigon
|-damage|p1a: Hydreigon|6/100
|-start|p1a: Hydreigon|Salt Cure
|
|-heal|p2a: Garganacl|69/100|[from] item: Leftovers
|-damage|p1a: Hydreigon|0 fnt|[from] Salt Cure
|faint|p1a: Hydreigon
|upkeep
|
|t:|1757859379
|switch|p1a: Hydrapple|Hydrapple, M, tera:Poison|99/100
|turn|14
|
|t:|1757859399
|-terastallize|p2a: Garganacl|Fighting
|move|p1a: Hydrapple|Earth Power|p2a: Garganacl
|-damage|p2a: Garganacl|40/100
|move|p2a: Garganacl|Salt Cure|p1a: Hydrapple
|-damage|p1a: Hydrapple|86/100
|-start|p1a: Hydrapple|Salt Cure
|
|-heal|p2a: Garganacl|46/100|[from] item: Leftovers
|-damage|p1a: Hydrapple|74/100|[from] Salt Cure
|upkeep
|turn|15
|
|t:|1757859412
|move|p1a: Hydrapple|Giga Drain|p2a: Garganacl
|-damage|p2a: Garganacl|10/100
|-heal|p1a: Hydrapple|92/100|[from] drain|[of] p2a: Garganacl
|move|p2a: Garganacl|Stomping Tantrum|p1a: Hydrapple
|-supereffective|p1a: Hydrapple
|-damage|p1a: Hydrapple|61/100
|
|-heal|p2a: Garganacl|16/100|[from] item: Leftovers
|-damage|p1a: Hydrapple|49/100|[from] Salt Cure
|upkeep
|turn|16
|
|t:|1757859434
|switch|p2a: Rillaboom|Rillaboom, F|100/100
|-fieldstart|move: Grassy Terrain|[from] ability: Grassy Surge|[of] p2a: Rillaboom
|move|p1a: Hydrapple|Fickle Beam|p2a: Rillaboom
|-damage|p2a: Rillaboom|48/100
|
|-heal|p2a: Rillaboom|54/100|[from] Grassy Terrain
|-heal|p2a: Rillaboom|60/100|[from] item: Leftovers
|-heal|p1a: Hydrapple|55/100|[from] Grassy Terrain
|-damage|p1a: Hydrapple|42/100|[from] Salt Cure
|upkeep
|turn|17
|
|t:|1757859449
|switch|p1a: Pecharunt|Pecharunt|100/100
|move|p2a: Rillaboom|U-turn|p1a: Pecharunt
|-resisted|p1a: Pecharunt
|-damage|p1a: Pecharunt|97/100
|
|t:|1757859455
|switch|p2a: Garganacl|Garganacl, M, tera:Fighting|16/100|[from] U-turn
|
|-heal|p1a: Pecharunt|100/100|[from] Grassy Terrain
|-heal|p2a: Garganacl|23/100|[from] Grassy Terrain
|-heal|p2a: Garganacl|29/100|[from] item: Leftovers
|upkeep
|turn|18
|
|t:|1757859463
|switch|p2a: Suicune|Suicune|38/100
|-ability|p2a: Suicune|Pressure
|move|p1a: Pecharunt|Malignant Chain|p2a: Suicune
|-damage|p2a: Suicune|12/100
|
|-heal|p2a: Suicune|18/100|[from] Grassy Terrain
|upkeep
|turn|19
|
|t:|1757859473
|move|p1a: Pecharunt|Malignant Chain|p2a: Suicune
|-damage|p2a: Suicune|0 fnt
|faint|p2a: Suicune
|
|upkeep
|
|t:|1757859480
|switch|p2a: Garganacl|Garganacl, M, tera:Fighting|29/100
|turn|20
|
|t:|1757859485
|move|p1a: Pecharunt|Malignant Chain|p2a: Garganacl
|-damage|p2a: Garganacl|0 fnt
|faint|p2a: Garganacl
|
|-fieldend|move: Grassy Terrain
|upkeep
|
|t:|1757859492
|switch|p2a: Walking Wake|Walking Wake|100/100
|-enditem|p2a: Walking Wake|Booster Energy
|-activate|p2a: Walking Wake|ability: Protosynthesis|[fromitem]
|-start|p2a: Walking Wake|protosynthesisspa
|turn|21
|
|t:|1757859502
|move|p2a: Walking Wake|Draco Meteor|p1a: Pecharunt
|-damage|p1a: Pecharunt|24/100
|-unboost|p2a: Walking Wake|spa|2
|move|p1a: Pecharunt|Parting Shot|p2a: Walking Wake
|-unboost|p2a: Walking Wake|atk|1
|-unboost|p2a: Walking Wake|spa|1
|
|t:|1757859505
|switch|p1a: Hydrapple|Hydrapple, M, tera:Poison|76/100|[from] Parting Shot
|
|upkeep
|turn|22
|
|t:|1757859515
|-end|p2a: Walking Wake|Protosynthesis|[silent]
|switch|p2a: Rillaboom|Rillaboom, F|60/100
|-fieldstart|move: Grassy Terrain|[from] ability: Grassy Surge|[of] p2a: Rillaboom
|move|p1a: Hydrapple|Fickle Beam|p2a: Rillaboom
|-crit|p2a: Rillaboom
|-damage|p2a: Rillaboom|0 fnt
|faint|p2a: Rillaboom
|
|-heal|p1a: Hydrapple|82/100|[from] Grassy Terrain
|upkeep
|
|t:|1757859528
|switch|p2a: Walking Wake|Walking Wake|100/100
|turn|23
|
|t:|1757859535
|switch|p1a: Pecharunt|Pecharunt|24/100
|move|p2a: Walking Wake|Hydro Steam|p1a: Pecharunt
|-damage|p1a: Pecharunt|0 fnt
|faint|p1a: Pecharunt
|
|upkeep
|
|t:|1757859538
|switch|p1a: Cinderace|Cinderace, F|32/100
|turn|24
|
|t:|1757859548
|move|p1a: Cinderace|Gunk Shot|p2a: Walking Wake
|-start|p1a: Cinderace|typechange|Poison|[from] ability: Libero
|-damage|p2a: Walking Wake|28/100
|-status|p2a: Walking Wake|psn
|move|p2a: Walking Wake|Hydro Steam|p1a: Cinderace
|-damage|p1a: Cinderace|0 fnt
|faint|p1a: Cinderace
|
|-heal|p2a: Walking Wake|34/100 psn|[from] Grassy Terrain
|-damage|p2a: Walking Wake|22/100 psn|[from] psn
|upkeep
|
|t:|1757859552
|switch|p1a: Hydrapple|Hydrapple, M, tera:Poison|100/100
|turn|25
|
|t:|1757859563
|move|p2a: Walking Wake|Draco Meteor|p1a: Hydrapple
|-damage|p1a: Hydrapple|60/100
|-unboost|p2a: Walking Wake|spa|2
|move|p1a: Hydrapple|Tera Blast|p2a: Walking Wake|[anim] Tera Blast Poison
|-damage|p2a: Walking Wake|0 fnt
|faint|p2a: Walking Wake
|-end|p2a: Walking Wake|Protosynthesis|[silent]
|
|win|McQueenloko
|raw|McQueenloko's rating: 1126 &rarr; <strong>1152</strong><br />(+26 for winning)
|raw|jtmarx's rating: 1136 &rarr; <strong>1110</strong><br />(-26 for losing)
