|j|☆kingkaicobra
|j|☆zonix14
|t:|1757916890
|gametype|singles
|player|p1|kingkaicobra|cynthia|1280
|player|p2|zonix14|102|1231
|gen|9
|tier|[Gen 9] OU
|rated|
|rule|HP Percentage Mod: HP is shown in percentages
|rule|Endless Battle Clause: Forcing endless battles is banned
|rule|Species Clause: Limit one of each Pokémon
|rule|OHKO Clause: OHKO moves are banned
|rule|Evasion Items Clause: Evasion items are banned
|rule|Evasion Moves Clause: Evasion moves are banned
|rule|Evasion Abilities Clause: Evasion abilities are banned
|rule|Sleep Moves Clause: Sleep-inducing moves are banned
|clearpoke
|poke|p1|Tinkaton, F|
|poke|p1|Cinderace, M|
|poke|p1|Dragapult, F|
|poke|p1|Primarina, M|
|poke|p1|Ninetales-Alola, M|
|poke|p1|Landorus-Therian, M|
|poke|p2|Masquerain, M|
|poke|p2|Indeedee, M|
|poke|p2|Cinderace, F|
|poke|p2|Serperior, M|
|poke|p2|Gholdengo|
|poke|p2|Empoleon, F|
|teampreview
|inactive|Battle timer is ON: inactive players will automatically lose when time's up. (requested by zonix14)
|
|t:|1757916904
|teamsize|p1|6
|teamsize|p2|6
|start
|switch|p1a: Tinkaton|Tinkaton, F|100/100
|switch|p2a: Masquerain|Masquerain, M|100/100
|-ability|p2a: Masquerain|Intimidate|boost
|-unboost|p1a: Tinkaton|atk|1
|-item|p1a: Tinkaton|Air Balloon
|turn|1
|
|t:|1757916908
|move|p2a: Masquerain|Sticky Web|p1a: Tinkaton
|-sidestart|p1: kingkaicobra|move: Sticky Web
|move|p1a: Tinkaton|Thunder Wave|p2a: Masquerain
|-status|p2a: Masquerain|par
|
|upkeep
|turn|2
|
|t:|1757916923
|switch|p2a: Cinderace|Cinderace, F|100/100
|move|p1a: Tinkaton|Encore||[still]
|-fail|p1a: Tinkaton
|
|upkeep
|turn|3
|
|t:|1757916926
|move|p2a: Cinderace|Court Change|p2a: Cinderace
|-swapsideconditions
|-activate|p2a: Cinderace|move: Court Change
|move|p1a: Tinkaton|Thunder Wave|p2a: Cinderace
|-status|p2a: Cinderace|par
|
|upkeep
|turn|4
|
|t:|1757916933
|switch|p2a: Masquerain|Masquerain, M|100/100 par
|-ability|p2a: Masquerain|Intimidate|boost
|-unboost|p1a: Tinkaton|atk|1
|move|p1a: Tinkaton|Stealth Rock|p2a: Masquerain
|-sidestart|p2: zonix14|move: Stealth Rock
|
|upkeep
|turn|5
|
|t:|1757916946
|switch|p1a: Ninetales|Ninetales-Alola, M|100/100
|-weather|Snowscape|[from] ability: Snow Warning|[of] p1a: Ninetales
|move|p2a: Masquerain|Sticky Web|p1a: Ninetales
|-sidestart|p1: kingkaicobra|move: Sticky Web
|
|-weather|Snowscape|[upkeep]
|upkeep
|turn|6
|
|t:|1757916952
|switch|p2a: Cinderace|Cinderace, F|100/100 par
|-activate|p2a: Cinderace|move: Sticky Web
|-unboost|p2a: Cinderace|spe|1
|-damage|p2a: Cinderace|76/100 par|[from] Stealth Rock
|move|p1a: Ninetales|Encore||[still]
|-fail|p1a: Ninetales
|
|-weather|Snowscape|[upkeep]
|upkeep
|turn|7
|
|t:|1757916954
|move|p1a: Ninetales|Moonblast|p2a: Cinderace
|-resisted|p2a: Cinderace
|-damage|p2a: Cinderace|50/100 par
|cant|p2a: Cinderace|par
|
|-weather|Snowscape|[upkeep]
|upkeep
|turn|8
|
|t:|1757916958
|move|p1a: Ninetales|Aurora Veil|p1a: Ninetales
|-sidestart|p1: kingkaicobra|move: Aurora Veil
|move|p2a: Cinderace|Pyro Ball|p1a: Ninetales
|-supereffective|p1a: Ninetales
|-damage|p1a: Ninetales|47/100
|-status|p1a: Ninetales|brn
|
|-weather|Snowscape|[upkeep]
|-damage|p1a: Ninetales|41/100 brn|[from] brn
|upkeep
|turn|9
|
|t:|1757916967
|move|p1a: Ninetales|Encore|p2a: Cinderace
|-start|p2a: Cinderace|Encore
|move|p2a: Cinderace|Pyro Ball|p1a: Ninetales
|-supereffective|p1a: Ninetales
|-damage|p1a: Ninetales|0 fnt
|faint|p1a: Ninetales
|
|-weather|none
|upkeep
|
|t:|1757916970
|switch|p1a: Dragapult|Dragapult, F|100/100
|-activate|p1a: Dragapult|move: Sticky Web
|-fail|p1a: Dragapult|unboost|[from] ability: Clear Body|[of] p1a: Dragapult
|turn|10
|
|t:|1757916975
|move|p1a: Dragapult|Substitute|p1a: Dragapult
|-start|p1a: Dragapult|Substitute
|-damage|p1a: Dragapult|76/100
|cant|p2a: Cinderace|par
|
|upkeep
|turn|11
|
|t:|1757916978
|move|p1a: Dragapult|Dragon Dance|p1a: Dragapult
|-boost|p1a: Dragapult|atk|1
|-boost|p1a: Dragapult|spe|1
|cant|p2a: Cinderace|par
|
|-end|p2a: Cinderace|Encore
|upkeep
|turn|12
|
|t:|1757916984
|move|p1a: Dragapult|Dragon Darts|p2a: Cinderace
|-damage|p2a: Cinderace|0 fnt
|faint|p2a: Cinderace
|-damage|p1a: Dragapult|66/100|[from] item: Life Orb
|
|upkeep
|
|t:|1757917004
|switch|p2a: Empoleon|Empoleon, F|100/100
|-activate|p2a: Empoleon|move: Sticky Web
|-unboost|p2a: Empoleon|spe|1
|-ability|p2a: Empoleon|Competitive|boost
|-boost|p2a: Empoleon|spa|2
|-damage|p2a: Empoleon|94/100|[from] Stealth Rock
|turn|13
|
|t:|1757917011
|move|p1a: Dragapult|Dragon Dance|p1a: Dragapult
|-boost|p1a: Dragapult|atk|1
|-boost|p1a: Dragapult|spe|1
|move|p2a: Empoleon|Ice Beam|p1a: Dragapult
|-supereffective|p1a: Dragapult
|-end|p1a: Dragapult|Substitute
|
|-heal|p2a: Empoleon|100/100|[from] item: Leftovers
|upkeep
|turn|14
|
|t:|1757917015
|move|p1a: Dragapult|Phantom Force||[still]
|-prepare|p1a: Dragapult|Phantom Force
|move|p2a: Empoleon|Ice Beam|p1a: Dragapult|[miss]
|-miss|p2a: Empoleon|p1a: Dragapult
|
|upkeep
|turn|15
|
|t:|1757917018
|move|p1a: Dragapult|Phantom Force|p2a: Empoleon|[from] lockedmove
|-damage|p2a: Empoleon|0 fnt
|faint|p2a: Empoleon
|-damage|p1a: Dragapult|56/100|[from] item: Life Orb
|
|-sideend|p1: kingkaicobra|move: Aurora Veil
|upkeep
|
|t:|1757917029
|switch|p2a: Gholdengo|Gholdengo|100/100
|-damage|p2a: Gholdengo|94/100|[from] Stealth Rock
|-item|p2a: Gholdengo|Air Balloon
|turn|16
|
|t:|1757917032
|switch|p2a: Indeedee|Indeedee, M|100/100
|-activate|p2a: Indeedee|move: Sticky Web
|-unboost|p2a: Indeedee|spe|1
|-damage|p2a: Indeedee|88/100|[from] Stealth Rock
|-fieldstart|move: Psychic Terrain|[from] ability: Psychic Surge|[of] p2a: Indeedee
|move|p1a: Dragapult|Phantom Force||[still]
|-prepare|p1a: Dragapult|Phantom Force
|
|upkeep
|turn|17
|
|t:|1757917039
|move|p1a: Dragapult|Phantom Force|p2a: Indeedee|[from] lockedmove
|-immune|p2a: Indeedee
|move|p2a: Indeedee|Expanding Force|p1a: Dragapult
|-damage|p1a: Dragapult|0 fnt
|faint|p1a: Dragapult
|
|upkeep
|
|t:|1757917046
|switch|p1a: Cinderace|Cinderace, M|100/100
|turn|18
|
|t:|1757917054
|move|p1a: Cinderace|High Jump Kick|p2a: Indeedee
|-start|p1a: Cinderace|typechange|Fighting|[from] ability: Libero
|-damage|p2a: Indeedee|0 fnt
|faint|p2a: Indeedee
|
|upkeep
|
|t:|1757917072
|switch|p2a: Gholdengo|Gholdengo|94/100
|-damage|p2a: Gholdengo|88/100|[from] Stealth Rock
|-item|p2a: Gholdengo|Air Balloon
|turn|19
|
|t:|1757917076
|move|p1a: Cinderace|Pyro Ball|p2a: Gholdengo
|-supereffective|p2a: Gholdengo
|-damage|p2a: Gholdengo|0 fnt
|-enditem|p2a: Gholdengo|Air Balloon
|faint|p2a: Gholdengo
|
|upkeep
|
|t:|1757917079
|switch|p2a: Masquerain|Masquerain, M|100/100 par
|-damage|p2a: Masquerain|50/100 par|[from] Stealth Rock
|-ability|p2a: Masquerain|Intimidate|boost
|-unboost|p1a: Cinderace|atk|1
|turn|20
|
|t:|1757917083
|-terastallize|p1a: Cinderace|Fire
|move|p1a: Cinderace|Pyro Ball|p2a: Masquerain
|-supereffective|p2a: Masquerain
|-damage|p2a: Masquerain|0 fnt
|faint|p2a: Masquerain
|
|upkeep
|
|t:|1757917085
|switch|p2a: Serperior|Serperior, M|100/100
|-activate|p2a: Serperior|move: Sticky Web
|-boost|p2a: Serperior|spe|1
|-damage|p2a: Serperior|88/100|[from] Stealth Rock
|turn|21
|
|t:|1757917087
|-terastallize|p2a: Serperior|Fire
|move|p2a: Serperior|Leaf Storm|p1a: Cinderace|[miss]
|-miss|p2a: Serperior|p1a: Cinderace
|move|p1a: Cinderace|Pyro Ball|p2a: Serperior|[miss]
|-miss|p1a: Cinderace|p2a: Serperior
|
|upkeep
|turn|22
|
|t:|1757917095
|move|p2a: Serperior|Leaf Storm|p1a: Cinderace|[miss]
|-miss|p2a: Serperior|p1a: Cinderace
|move|p1a: Cinderace|High Jump Kick|p2a: Serperior
|-damage|p2a: Serperior|37/100
|
|upkeep
|turn|23
|c|☆zonix14|Sheeessshhhh
|c|☆zonix14|Sheeesshhh
|c|☆zonix14|90% btw
|
|t:|1757917109
|move|p2a: Serperior|Leaf Storm|p1a: Cinderace
|-resisted|p1a: Cinderace
|-damage|p1a: Cinderace|69/100
|-boost|p2a: Serperior|spa|2
|move|p1a: Cinderace|High Jump Kick|p2a: Serperior
|-damage|p2a: Serperior|0 fnt
|faint|p2a: Serperior
|
|win|kingkaicobra
|raw|kingkaicobra's rating: 1280 &rarr; <strong>1301</strong><br />(+21 for winning)
|raw|zonix14's rating: 1231 &rarr; <strong>1210</strong><br />(-21 for losing)
|l|☆kingkaicobra
|player|p1|
|c|☆zonix14|I lost to that.
|l|☆zonix14
|player|p2|
