|j|☆cglob
|j|☆Pokerimestari
|inactive|Battle timer is ON: inactive players will automatically lose when time's up.
|t:|1757951504
|gametype|singles
|player|p1|cglob|zinzolin|
|player|p2|Pokerimestari|101|
|gen|9
|tier|[Gen 9] OU
|rated|Tournament battle
|rule|HP Percentage Mod: HP is shown in percentages
|rule|Endless Battle Clause: Forcing endless battles is banned
|rule|Species Clause: Limit one of each Pokémon
|rule|OHKO Clause: OHKO moves are banned
|rule|Evasion Items Clause: Evasion items are banned
|rule|Evasion Moves Clause: Evasion moves are banned
|rule|Evasion Abilities Clause: Evasion abilities are banned
|rule|Sleep Moves Clause: Sleep-inducing moves are banned
|raw|<div class="infobox"><details class="readmore" open><summary><strong>3 custom rules:</strong></summary> -blissey, -wailord, -wobbuffet</details></div>
|clearpoke
|poke|p1|Rillaboom, M|
|poke|p1|Froslass, F|
|poke|p1|Stonjourner, F|
|poke|p1|Bellossom, M|
|poke|p1|Jolteon, M|
|poke|p1|Minior|
|poke|p2|Rillaboom, F|
|poke|p2|Froslass, F|
|poke|p2|Stonjourner, M|
|poke|p2|Bellossom, M|
|poke|p2|Jolteon, F|
|poke|p2|Minior|
|teampreview
|j|*Lady Monita ☀
|
|t:|1757951517
|teamsize|p1|6
|teamsize|p2|6
|start
|switch|p1a: Stonjourner|Stonjourner, F|100/100
|switch|p2a: Froslass|Froslass, F|100/100
|turn|1
|
|t:|1757951529
|move|p1a: Stonjourner|Heavy Slam|p2a: Froslass
|-supereffective|p2a: Froslass
|-enditem|p2a: Froslass|Focus Sash
|-damage|p2a: Froslass|1/100
|move|p2a: Froslass|Taunt|p1a: Stonjourner
|-start|p1a: Stonjourner|move: Taunt
|
|upkeep
|turn|2
|
|t:|1757951536
|switch|p2a: Jolteon|Jolteon, F|100/100
|move|p1a: Stonjourner|Heavy Slam|p2a: Jolteon
|-resisted|p2a: Jolteon
|-crit|p2a: Jolteon
|-damage|p2a: Jolteon|47/100
|
|upkeep
|turn|3
|
|t:|1757951543
|move|p2a: Jolteon|Volt Switch|p1a: Stonjourner
|-damage|p1a: Stonjourner|1/100
|
|t:|1757951551
|switch|p2a: Froslass|Froslass, F|1/100|[from] Volt Switch
|move|p1a: Stonjourner|Heavy Slam|p2a: Froslass
|-supereffective|p2a: Froslass
|-damage|p2a: Froslass|0 fnt
|-start|p1a: Stonjourner|Disable|Heavy Slam|[from] ability: Cursed Body|[of] p2a: Froslass
|faint|p2a: Froslass
|
|upkeep
|
|t:|1757951556
|switch|p2a: Rillaboom|Rillaboom, F|100/100
|-fieldstart|move: Grassy Terrain|[from] ability: Grassy Surge|[of] p2a: Rillaboom
|turn|4
|
|t:|1757951562
|-activate|p1a: Stonjourner|move: Struggle
|move|p1a: Stonjourner|Struggle|p2a: Rillaboom
|-damage|p2a: Rillaboom|82/100
|-damage|p1a: Stonjourner|0 fnt|[from] recoil
|faint|p1a: Stonjourner
|move|p2a: Rillaboom|Wood Hammer|p1: Stonjourner|[notarget]
|-fail|p2a: Rillaboom
|
|-heal|p2a: Rillaboom|88/100|[from] Grassy Terrain
|upkeep
|
|t:|1757951570
|switch|p1a: Bellossom|Bellossom, M|100/100
|turn|5
|inactive|Pokerimestari has 120 seconds left.
|
|t:|1757951609
|switch|p2a: Minior|Minior|100/100
|-formechange|p2a: Minior|Minior-Meteor||[from] ability: Shields Down
|move|p1a: Bellossom|Sludge Bomb|p2a: Minior
|-resisted|p2a: Minior
|-damage|p2a: Minior|88/100
|
|upkeep
|turn|6
|inactive|Pokerimestari has 120 seconds left.
|
|t:|1757951617
|move|p2a: Minior|Shell Smash|p2a: Minior
|-unboost|p2a: Minior|def|1
|-unboost|p2a: Minior|spd|1
|-boost|p2a: Minior|atk|2
|-boost|p2a: Minior|spa|2
|-boost|p2a: Minior|spe|2
|-enditem|p2a: Minior|White Herb
|-clearnegativeboost|p2a: Minior|[silent]
|move|p1a: Bellossom|Stun Spore|p2a: Minior|[miss]
|-miss|p1a: Bellossom|p2a: Minior
|
|upkeep
|turn|7
|
|t:|1757951626
|-terastallize|p1a: Bellossom|Steel
|move|p2a: Minior|Acrobatics|p1a: Bellossom
|-resisted|p1a: Bellossom
|-damage|p1a: Bellossom|69/100
|move|p1a: Bellossom|Leaf Storm|p2a: Minior
|-damage|p2a: Minior|20/100
|-unboost|p1a: Bellossom|spa|2
|
|-heal|p1a: Bellossom|75/100|[from] Grassy Terrain
|-formechange|p2a: Minior|Minior||[from] ability: Shields Down
|upkeep
|turn|8
|
|t:|1757951635
|move|p2a: Minior|Earthquake|p1a: Bellossom
|-supereffective|p1a: Bellossom
|-damage|p1a: Bellossom|16/100
|move|p1a: Bellossom|Strength Sap|p2a: Minior
|-unboost|p2a: Minior|atk|1
|-heal|p1a: Bellossom|100/100
|
|-fieldend|move: Grassy Terrain
|upkeep
|turn|9
|
|t:|1757951645
|move|p2a: Minior|Shell Smash|p2a: Minior
|-unboost|p2a: Minior|def|1
|-unboost|p2a: Minior|spd|1
|-boost|p2a: Minior|atk|2
|-boost|p2a: Minior|spa|2
|-boost|p2a: Minior|spe|2
|move|p1a: Bellossom|Leaf Storm|p2a: Minior
|-damage|p2a: Minior|0 fnt
|-unboost|p1a: Bellossom|spa|2
|faint|p2a: Minior
|
|upkeep
|
|t:|1757951665
|switch|p2a: Jolteon|Jolteon, F|47/100
|turn|10
|
|t:|1757951670
|switch|p1a: Jolteon|Jolteon, M|100/100
|move|p2a: Jolteon|Calm Mind|p2a: Jolteon
|-boost|p2a: Jolteon|spa|1
|-boost|p2a: Jolteon|spd|1
|
|upkeep
|turn|11
|
|t:|1757951673
|move|p2a: Jolteon|Shadow Ball|p1a: Jolteon
|-damage|p1a: Jolteon|55/100
|move|p1a: Jolteon|Roar|p2a: Jolteon
|drag|p2a: Rillaboom|Rillaboom, F|88/100
|-fieldstart|move: Grassy Terrain|[from] ability: Grassy Surge|[of] p2a: Rillaboom
|
|-heal|p1a: Jolteon|61/100|[from] Grassy Terrain
|-heal|p2a: Rillaboom|95/100|[from] Grassy Terrain
|upkeep
|turn|12
|
|t:|1757951680
|switch|p1a: Bellossom|Bellossom, M, tera:Steel|100/100
|move|p2a: Rillaboom|Wood Hammer|p1a: Bellossom
|-resisted|p1a: Bellossom
|-damage|p1a: Bellossom|38/100
|-damage|p2a: Rillaboom|75/100|[from] Recoil
|
|-heal|p2a: Rillaboom|81/100|[from] Grassy Terrain
|-heal|p1a: Bellossom|44/100|[from] Grassy Terrain
|upkeep
|turn|13
|
|t:|1757951688
|move|p2a: Rillaboom|Wood Hammer|p1a: Bellossom
|-resisted|p1a: Bellossom
|-damage|p1a: Bellossom|0 fnt
|faint|p1a: Bellossom
|-damage|p2a: Rillaboom|67/100|[from] Recoil
|
|-heal|p2a: Rillaboom|73/100|[from] Grassy Terrain
|upkeep
|
|t:|1757951694
|switch|p1a: Rillaboom|Rillaboom, M|100/100
|turn|14
|
|t:|1757951709
|move|p1a: Rillaboom|U-turn|p2a: Rillaboom
|-supereffective|p2a: Rillaboom
|-damage|p2a: Rillaboom|2/100
|-damage|p1a: Rillaboom|91/100|[from] item: Life Orb
|
|t:|1757951716
|switch|p1a: Jolteon|Jolteon, M|61/100|[from] U-turn
|move|p2a: Rillaboom|Wood Hammer|p1a: Jolteon
|-damage|p1a: Jolteon|0 fnt
|faint|p1a: Jolteon
|-damage|p2a: Rillaboom|0 fnt|[from] Recoil
|faint|p2a: Rillaboom
|
|upkeep
|
|t:|1757951725
|switch|p1a: Rillaboom|Rillaboom, M|91/100
|switch|p2a: Bellossom|Bellossom, M|100/100
|-enditem|p2a: Bellossom|Grassy Seed
|-boost|p2a: Bellossom|def|1|[from] item: Grassy Seed
|turn|15
|
|t:|1757951733
|move|p1a: Rillaboom|U-turn|p2a: Bellossom
|-supereffective|p2a: Bellossom
|-damage|p2a: Bellossom|56/100
|-damage|p1a: Rillaboom|81/100|[from] item: Life Orb
|
|t:|1757951738
|switch|p1a: Froslass|Froslass, F|100/100|[from] U-turn
|move|p2a: Bellossom|Quiver Dance|p2a: Bellossom
|-boost|p2a: Bellossom|spa|1
|-boost|p2a: Bellossom|spd|1
|-boost|p2a: Bellossom|spe|1
|
|-heal|p2a: Bellossom|63/100|[from] Grassy Terrain
|-fieldend|move: Grassy Terrain
|upkeep
|turn|16
|
|t:|1757951748
|-terastallize|p2a: Bellossom|Poison
|move|p1a: Froslass|Taunt|p2a: Bellossom
|-start|p2a: Bellossom|move: Taunt
|cant|p2a: Bellossom|move: Taunt|Quiver Dance
|
|upkeep
|turn|17
|
|t:|1757951768
|move|p1a: Froslass|Ice Beam|p2a: Bellossom
|-damage|p2a: Bellossom|46/100
|move|p2a: Bellossom|Giga Drain|p1a: Froslass
|-damage|p1a: Froslass|32/100
|-heal|p2a: Bellossom|73/100|[from] drain|[of] p1a: Froslass
|-start|p2a: Bellossom|Disable|Giga Drain|[from] ability: Cursed Body|[of] p1a: Froslass
|
|upkeep
|turn|18
|
|t:|1757951781
|switch|p2a: Jolteon|Jolteon, F|47/100
|move|p1a: Froslass|Destiny Bond|p1a: Froslass
|-singlemove|p1a: Froslass|Destiny Bond
|
|upkeep
|turn|19
|
|t:|1757951799
|switch|p1a: Rillaboom|Rillaboom, M|81/100
|-fieldstart|move: Grassy Terrain|[from] ability: Grassy Surge|[of] p1a: Rillaboom
|move|p2a: Jolteon|Calm Mind|p2a: Jolteon
|-boost|p2a: Jolteon|spa|1
|-boost|p2a: Jolteon|spd|1
|
|-heal|p2a: Jolteon|53/100|[from] Grassy Terrain
|-heal|p1a: Rillaboom|87/100|[from] Grassy Terrain
|upkeep
|turn|20
|
|t:|1757951816
|move|p1a: Rillaboom|Grassy Glide|p2a: Jolteon
|-damage|p2a: Jolteon|0 fnt
|faint|p2a: Jolteon
|-damage|p1a: Rillaboom|77/100|[from] item: Life Orb
|
|-heal|p1a: Rillaboom|83/100|[from] Grassy Terrain
|upkeep
|
|t:|1757951823
|switch|p2a: Bellossom|Bellossom, M, tera:Poison|73/100
|turn|21
|
|t:|1757951835
|switch|p1a: Froslass|Froslass, F|32/100
|move|p2a: Bellossom|Strength Sap|p1a: Froslass
|-unboost|p1a: Froslass|atk|1
|-heal|p2a: Bellossom|100/100
|
|-heal|p1a: Froslass|38/100|[from] Grassy Terrain
|upkeep
|turn|22
|
|t:|1757951841
|move|p1a: Froslass|Taunt|p2a: Bellossom
|-start|p2a: Bellossom|move: Taunt
|move|p2a: Bellossom|Giga Drain|p1a: Froslass
|-damage|p1a: Froslass|0 fnt
|faint|p1a: Froslass
|
|upkeep
|
|t:|1757951847
|switch|p1a: Minior|Minior|100/100
|-formechange|p1a: Minior|Minior-Meteor||[from] ability: Shields Down
|turn|23
|
|t:|1757951853
|switch|p2a: Stonjourner|Stonjourner, M|100/100
|move|p1a: Minior|Shell Smash|p1a: Minior
|-unboost|p1a: Minior|def|1
|-unboost|p1a: Minior|spd|1
|-boost|p1a: Minior|atk|2
|-boost|p1a: Minior|spa|2
|-boost|p1a: Minior|spe|2
|-enditem|p1a: Minior|White Herb
|-clearnegativeboost|p1a: Minior|[silent]
|
|-fieldend|move: Grassy Terrain
|upkeep
|turn|24
|
|t:|1757951858
|move|p1a: Minior|Earth Power|p2a: Stonjourner
|-supereffective|p2a: Stonjourner
|-damage|p2a: Stonjourner|0 fnt
|faint|p2a: Stonjourner
|
|upkeep
|
|t:|1757951863
|switch|p2a: Bellossom|Bellossom, M, tera:Poison|100/100
|turn|25
|
|t:|1757951868
|move|p1a: Minior|Acrobatics|p2a: Bellossom
|-damage|p2a: Bellossom|27/100
|move|p2a: Bellossom|Giga Drain|p1a: Minior
|-damage|p1a: Minior|72/100
|-heal|p2a: Bellossom|38/100|[from] drain|[of] p1a: Minior
|
|upkeep
|turn|26
|
|t:|1757951873
|move|p1a: Minior|Acrobatics|p2a: Bellossom
|-damage|p2a: Bellossom|0 fnt
|faint|p2a: Bellossom
|
|win|cglob
|n|☆cglob|cglob
|n|☆Pokerimestari|pokerimestari
|n|*Lady Monita ☀|ladymonita
