|j|☆Gimmicko
|j|☆TribalRaq
|t:|1757899632
|gametype|singles
|player|p1|Gimmicko|1|1173
|player|p2|TribalRaq|peony|1172
|gen|9
|tier|[Gen 9] OU
|rated|
|rule|HP Percentage Mod: HP is shown in percentages
|rule|Endless Battle Clause: Forcing endless battles is banned
|rule|Species Clause: Limit one of each Pokémon
|rule|OHKO Clause: OHKO moves are banned
|rule|Evasion Items Clause: Evasion items are banned
|rule|Evasion Moves Clause: Evasion moves are banned
|rule|Evasion Abilities Clause: Evasion abilities are banned
|rule|Sleep Moves Clause: Sleep-inducing moves are banned
|clearpoke
|poke|p1|Magmar, F|
|poke|p1|Quagsire, F|
|poke|p1|Muk-Alola, F|
|poke|p1|Torterra, F|
|poke|p1|Cramorant, F|
|poke|p1|Dusclops, F|
|poke|p2|Manaphy|
|poke|p2|Clefable, F|
|poke|p2|Corviknight, F|
|poke|p2|Ogerpon-Wellspring, F|
|poke|p2|Great Tusk|
|poke|p2|Zapdos|
|teampreview
|inactive|Battle timer is ON: inactive players will automatically lose when time's up. (requested by Gimmicko)
|inactive|TribalRaq has 120 seconds left.
|
|t:|1757899675
|teamsize|p1|6
|teamsize|p2|6
|start
|switch|p1a: Magmar|Magmar, F|100/100
|switch|p2a: Manaphy|Manaphy|100/100
|turn|1
|
|t:|1757899683
|switch|p1a: Quagsire|Quagsire, F|100/100
|move|p2a: Manaphy|Take Heart|p2a: Manaphy
|-boost|p2a: Manaphy|spa|1
|-boost|p2a: Manaphy|spd|1
|
|upkeep
|turn|2
|
|t:|1757899694
|move|p2a: Manaphy|Acid Armor|p2a: Manaphy
|-boost|p2a: Manaphy|def|2
|move|p1a: Quagsire|Toxic|p2a: Manaphy
|-status|p2a: Manaphy|tox
|
|-damage|p2a: Manaphy|94/100 tox|[from] psn
|upkeep
|turn|3
|
|t:|1757899701
|move|p2a: Manaphy|Take Heart|p2a: Manaphy
|-boost|p2a: Manaphy|spa|1
|-boost|p2a: Manaphy|spd|1
|-curestatus|p2a: Manaphy|tox|[msg]
|move|p1a: Quagsire|Earthquake|p2a: Manaphy
|-crit|p2a: Manaphy
|-damage|p2a: Manaphy|58/100
|
|-heal|p2a: Manaphy|64/100|[from] item: Leftovers
|upkeep
|turn|4
|
|t:|1757899711
|move|p2a: Manaphy|Stored Power|p1a: Quagsire
|-damage|p1a: Quagsire|16/100
|move|p1a: Quagsire|Toxic|p2a: Manaphy
|-status|p2a: Manaphy|tox
|
|-heal|p2a: Manaphy|70/100 tox|[from] item: Leftovers
|-heal|p1a: Quagsire|22/100|[from] item: Leftovers
|-damage|p2a: Manaphy|64/100 tox|[from] psn
|upkeep
|turn|5
|
|t:|1757899719
|switch|p1a: Dusclops|Dusclops, F|100/100
|-ability|p1a: Dusclops|Pressure
|move|p2a: Manaphy|Take Heart|p2a: Manaphy
|-boost|p2a: Manaphy|spa|1
|-boost|p2a: Manaphy|spd|1
|-curestatus|p2a: Manaphy|tox|[msg]
|
|-heal|p2a: Manaphy|70/100|[from] item: Leftovers
|upkeep
|turn|6
|
|t:|1757899729
|move|p2a: Manaphy|Stored Power|p1a: Dusclops
|-damage|p1a: Dusclops|52/100
|move|p1a: Dusclops|Curse|p2a: Manaphy
|-start|p2a: Manaphy|Curse|[of] p1a: Dusclops
|-damage|p1a: Dusclops|2/100
|
|-heal|p2a: Manaphy|76/100|[from] item: Leftovers
|-damage|p2a: Manaphy|51/100|[from] Curse
|upkeep
|turn|7
|
|t:|1757899735
|move|p2a: Manaphy|Scald|p1a: Dusclops
|-damage|p1a: Dusclops|0 fnt
|faint|p1a: Dusclops
|
|-heal|p2a: Manaphy|57/100|[from] item: Leftovers
|-damage|p2a: Manaphy|32/100|[from] Curse
|upkeep
|
|t:|1757899738
|switch|p1a: Magmar|Magmar, F|100/100
|turn|8
|
|t:|1757899740
|switch|p1a: Quagsire|Quagsire, F|22/100
|move|p2a: Manaphy|Scald|p1a: Quagsire
|-heal|p1a: Quagsire|47/100|[from] ability: Water Absorb|[of] p2a: Manaphy
|
|-heal|p2a: Manaphy|39/100|[from] item: Leftovers
|-heal|p1a: Quagsire|53/100|[from] item: Leftovers
|-damage|p2a: Manaphy|14/100|[from] Curse
|upkeep
|turn|9
|
|t:|1757899747
|switch|p2a: Clefable|Clefable, F|100/100
|switch|p1a: Muk|Muk-Alola, F|100/100
|
|upkeep
|turn|10
|
|t:|1757899751
|move|p2a: Clefable|Stealth Rock|p1a: Muk
|-sidestart|p1: Gimmicko|move: Stealth Rock
|move|p1a: Muk|Curse|p1a: Muk
|-unboost|p1a: Muk|spe|1
|-boost|p1a: Muk|atk|1
|-boost|p1a: Muk|def|1
|
|upkeep
|turn|11
|
|t:|1757899757
|switch|p2a: Corviknight|Corviknight, F|100/100
|-ability|p2a: Corviknight|Pressure
|move|p1a: Muk|Curse|p1a: Muk
|-unboost|p1a: Muk|spe|1
|-boost|p1a: Muk|atk|1
|-boost|p1a: Muk|def|1
|
|upkeep
|turn|12
|
|t:|1757899764
|move|p2a: Corviknight|U-turn|p1a: Muk
|-damage|p1a: Muk|92/100
|
|t:|1757899767
|switch|p2a: Zapdos|Zapdos|100/100|[from] U-turn
|move|p1a: Muk|Knock Off|p2a: Zapdos
|-damage|p2a: Zapdos|0 fnt
|-enditem|p2a: Zapdos|Heavy-Duty Boots|[from] move: Knock Off|[of] p1a: Muk
|faint|p2a: Zapdos
|
|-heal|p1a: Muk|98/100|[from] item: Black Sludge
|upkeep
|
|t:|1757899773
|switch|p2a: Great Tusk|Great Tusk|100/100
|turn|13
|
|t:|1757899781
|-terastallize|p1a: Muk|Fighting
|move|p2a: Great Tusk|Headlong Rush|p1a: Muk
|-damage|p1a: Muk|66/100
|-unboost|p2a: Great Tusk|def|1
|-unboost|p2a: Great Tusk|spd|1
|move|p1a: Muk|Drain Punch|p2a: Great Tusk
|-damage|p2a: Great Tusk|15/100
|-heal|p1a: Muk|100/100|[from] drain|[of] p2a: Great Tusk
|-damage|p1a: Muk|84/100|[from] item: Rocky Helmet|[of] p2a: Great Tusk
|
|-damage|p1a: Muk|72/100|[from] item: Black Sludge
|upkeep
|turn|14
|
|t:|1757899791
|move|p2a: Great Tusk|Stealth Rock||[still]
|-fail|p2a: Great Tusk
|move|p1a: Muk|Curse|p1a: Muk
|-unboost|p1a: Muk|spe|1
|-boost|p1a: Muk|atk|1
|-boost|p1a: Muk|def|1
|
|-damage|p1a: Muk|59/100|[from] item: Black Sludge
|upkeep
|turn|15
|
|t:|1757899798
|move|p2a: Great Tusk|Headlong Rush|p1a: Muk
|-damage|p1a: Muk|35/100
|-unboost|p2a: Great Tusk|def|1
|-unboost|p2a: Great Tusk|spd|1
|move|p1a: Muk|Drain Punch|p2a: Great Tusk
|-damage|p2a: Great Tusk|0 fnt
|-heal|p1a: Muk|41/100|[from] drain|[of] p2a: Great Tusk
|-damage|p1a: Muk|24/100|[from] item: Rocky Helmet|[of] p2a: Great Tusk
|faint|p2a: Great Tusk
|-end|p2a: Great Tusk|Protosynthesis|[silent]
|
|-damage|p1a: Muk|12/100|[from] item: Black Sludge
|upkeep
|
|t:|1757899801
|switch|p2a: Corviknight|Corviknight, F|100/100
|-ability|p2a: Corviknight|Pressure
|turn|16
|
|t:|1757899805
|move|p2a: Corviknight|Brave Bird|p1a: Muk
|-supereffective|p1a: Muk
|-crit|p1a: Muk
|-damage|p1a: Muk|0 fnt
|faint|p1a: Muk
|-damage|p2a: Corviknight|96/100|[from] Recoil
|
|-heal|p2a: Corviknight|100/100|[from] item: Leftovers
|upkeep
|
|t:|1757899810
|switch|p1a: Cramorant|Cramorant, F|100/100
|turn|17
|
|t:|1757899825
|move|p1a: Cramorant|Defog|p2a: Corviknight
|-unboost|p2a: Corviknight|evasion|1
|-sideend|p1: Gimmicko|Stealth Rock|[from] move: Defog|[of] p1a: Cramorant
|move|p2a: Corviknight|U-turn|p1a: Cramorant
|-resisted|p1a: Cramorant
|-damage|p1a: Cramorant|89/100
|
|t:|1757899829
|switch|p2a: Clefable|Clefable, F|100/100|[from] U-turn
|
|upkeep
|turn|18
|
|t:|1757899834
|move|p1a: Cramorant|Surf|p2a: Clefable
|-formechange|p1a: Cramorant|Cramorant-Gulping|
|-damage|p2a: Clefable|75/100
|move|p2a: Clefable|Wish|p2a: Clefable
|
|-heal|p2a: Clefable|81/100|[from] item: Leftovers
|upkeep
|turn|19
|
|t:|1757899864
|move|p1a: Cramorant|Drill Peck|p2a: Clefable
|-damage|p2a: Clefable|64/100
|move|p2a: Clefable|Stealth Rock|p1a: Cramorant
|-sidestart|p1: Gimmicko|move: Stealth Rock
|
|-heal|p2a: Clefable|100/100|[from] move: Wish|[wisher] Clefable
|upkeep
|turn|20
|
|t:|1757899870
|move|p1a: Cramorant|Defog|p2a: Clefable
|-unboost|p2a: Clefable|evasion|1
|-sideend|p1: Gimmicko|Stealth Rock|[from] move: Defog|[of] p1a: Cramorant
|move|p2a: Clefable|Wish|p2a: Clefable
|
|upkeep
|turn|21
|
|t:|1757899879
|move|p1a: Cramorant|Drill Peck|p2a: Clefable
|-damage|p2a: Clefable|83/100
|move|p2a: Clefable|Moonblast|p1a: Cramorant
|-damage|p1a: Cramorant|66/100
|-activate|p1a: Cramorant|ability: Gulp Missile
|-unboost|p2a: Clefable|def|1
|-formechange|p1a: Cramorant|Cramorant|
|
|-heal|p2a: Clefable|100/100|[from] move: Wish|[wisher] Clefable
|upkeep
|turn|22
|
|t:|1757899892
|switch|p2a: Corviknight|Corviknight, F|100/100
|-ability|p2a: Corviknight|Pressure
|move|p1a: Cramorant|Surf|p2a: Corviknight
|-formechange|p1a: Cramorant|Cramorant-Gulping|
|-damage|p2a: Corviknight|76/100
|
|-heal|p2a: Corviknight|82/100|[from] item: Leftovers
|upkeep
|turn|23
|
|t:|1757899913
|move|p1a: Cramorant|Roost|p1a: Cramorant
|-heal|p1a: Cramorant|100/100
|-singleturn|p1a: Cramorant|move: Roost
|move|p2a: Corviknight|Brave Bird|p1a: Cramorant
|-damage|p1a: Cramorant|46/100
|-damage|p2a: Corviknight|57/100|[from] ability: Gulp Missile|[of] p1a: Cramorant
|-unboost|p2a: Corviknight|def|1
|-formechange|p1a: Cramorant|Cramorant|
|-damage|p2a: Corviknight|42/100|[from] Recoil
|
|-heal|p2a: Corviknight|48/100|[from] item: Leftovers
|upkeep
|turn|24
|
|t:|1757899925
|move|p1a: Cramorant|Surf|p2a: Corviknight
|-formechange|p1a: Cramorant|Cramorant-Gorging|
|-damage|p2a: Corviknight|22/100
|move|p2a: Corviknight|U-turn|p1a: Cramorant
|-resisted|p1a: Cramorant
|-damage|p1a: Cramorant|35/100
|-damage|p2a: Corviknight|0 fnt|[from] ability: Gulp Missile|[of] p1a: Cramorant
|-formechange|p1a: Cramorant|Cramorant|
|faint|p2a: Corviknight
|
|upkeep
|
|t:|1757899934
|switch|p2a: Manaphy|Manaphy|14/100
|turn|25
|
|t:|1757899952
|move|p2a: Manaphy|Acid Armor|p2a: Manaphy
|-boost|p2a: Manaphy|def|2
|move|p1a: Cramorant|Drill Peck|p2a: Manaphy
|-damage|p2a: Manaphy|5/100
|
|-heal|p2a: Manaphy|11/100|[from] item: Leftovers
|upkeep
|turn|26
|inactive|TribalRaq has 120 seconds left.
|
|t:|1757899978
|move|p2a: Manaphy|Take Heart|p2a: Manaphy
|-boost|p2a: Manaphy|spa|1
|-boost|p2a: Manaphy|spd|1
|move|p1a: Cramorant|Surf|p2a: Manaphy
|-formechange|p1a: Cramorant|Cramorant-Gorging|
|-resisted|p2a: Manaphy
|-damage|p2a: Manaphy|3/100
|
|-heal|p2a: Manaphy|9/100|[from] item: Leftovers
|upkeep
|turn|27
|inactive|TribalRaq has 120 seconds left.
|
|t:|1757899994
|move|p2a: Manaphy|Stored Power|p1a: Cramorant
|-damage|p1a: Cramorant|7/100
|-damage|p2a: Manaphy|0 fnt|[from] ability: Gulp Missile|[of] p1a: Cramorant
|-formechange|p1a: Cramorant|Cramorant|
|faint|p2a: Manaphy
|move|p1a: Cramorant|Roost|p1a: Cramorant
|-heal|p1a: Cramorant|57/100
|-singleturn|p1a: Cramorant|move: Roost
|
|upkeep
|
|t:|1757900002
|switch|p2a: Ogerpon|Ogerpon-Wellspring, F|100/100
|turn|28
|inactive|TribalRaq has 120 seconds left.
|
|t:|1757900009
|move|p2a: Ogerpon|Knock Off|p1a: Cramorant
|-damage|p1a: Cramorant|0 fnt
|-enditem|p1a: Cramorant|Heavy-Duty Boots|[from] move: Knock Off|[of] p2a: Ogerpon
|faint|p1a: Cramorant
|
|upkeep
|
|t:|1757900013
|switch|p1a: Magmar|Magmar, F|100/100
|turn|29
|
|t:|1757900026
|switch|p1a: Quagsire|Quagsire, F|53/100
|-terastallize|p2a: Ogerpon|Water
|detailschange|p2a: Ogerpon|Ogerpon-Wellspring-Tera, F, tera:Water
|-ability|p2a: Ogerpon|Embody Aspect (Wellspring)|boost
|-boost|p2a: Ogerpon|spd|1
|move|p2a: Ogerpon|Ivy Cudgel|p1a: Quagsire|[anim] Ivy Cudgel Water
|-heal|p1a: Quagsire|78/100|[from] ability: Water Absorb|[of] p2a: Ogerpon
|
|-heal|p1a: Quagsire|84/100|[from] item: Leftovers
|upkeep
|turn|30
|
|t:|1757900039
|move|p2a: Ogerpon|Horn Leech|p1a: Quagsire
|-supereffective|p1a: Quagsire
|-damage|p1a: Quagsire|0 fnt
|faint|p1a: Quagsire
|
|upkeep
|
|t:|1757900042
|switch|p1a: Torterra|Torterra, F|100/100
|turn|31
|
|t:|1757900062
|move|p2a: Ogerpon|Ivy Cudgel|p1a: Torterra|[anim] Ivy Cudgel Water
|-damage|p1a: Torterra|24/100
|move|p1a: Torterra|Shell Smash|p1a: Torterra
|-unboost|p1a: Torterra|def|1
|-unboost|p1a: Torterra|spd|1
|-boost|p1a: Torterra|atk|2
|-boost|p1a: Torterra|spa|2
|-boost|p1a: Torterra|spe|2
|-enditem|p1a: Torterra|White Herb
|-clearnegativeboost|p1a: Torterra|[silent]
|
|upkeep
|turn|32
|
|t:|1757900077
|move|p1a: Torterra|Wood Hammer|p2a: Ogerpon
|-supereffective|p2a: Ogerpon
|-damage|p2a: Ogerpon|0 fnt
|faint|p2a: Ogerpon
|detailschange|p2: Ogerpon|Ogerpon-Wellspring, F|[silent]
|-damage|p1a: Torterra|0 fnt|[from] Recoil
|faint|p1a: Torterra
|
|upkeep
|
|t:|1757900080
|switch|p2a: Clefable|Clefable, F|100/100
|switch|p1a: Magmar|Magmar, F|100/100
|turn|33
|
|t:|1757900085
|move|p1a: Magmar|Knock Off|p2a: Clefable
|-resisted|p2a: Clefable
|-damage|p2a: Clefable|92/100
|-enditem|p2a: Clefable|Leftovers|[from] move: Knock Off|[of] p1a: Magmar
|move|p2a: Clefable|Wish|p2a: Clefable
|
|upkeep
|turn|34
|
|t:|1757900091
|move|p1a: Magmar|Flamethrower|p2a: Clefable
|-damage|p2a: Clefable|49/100
|move|p2a: Clefable|Moonblast|p1a: Magmar
|-resisted|p1a: Magmar
|-crit|p1a: Magmar
|-damage|p1a: Magmar|83/100
|
|-heal|p2a: Clefable|99/100|[from] move: Wish|[wisher] Clefable
|upkeep
|turn|35
|
|t:|1757900096
|move|p1a: Magmar|Flamethrower|p2a: Clefable
|-damage|p2a: Clefable|57/100
|move|p2a: Clefable|Wish|p2a: Clefable
|
|upkeep
|turn|36
|
|t:|1757900101
|move|p1a: Magmar|Flamethrower|p2a: Clefable
|-damage|p2a: Clefable|14/100
|move|p2a: Clefable|Moonblast|p1a: Magmar
|-resisted|p1a: Magmar
|-damage|p1a: Magmar|70/100
|
|-heal|p2a: Clefable|64/100|[from] move: Wish|[wisher] Clefable
|upkeep
|turn|37
|
|t:|1757900107
|move|p1a: Magmar|Flamethrower|p2a: Clefable
|-damage|p2a: Clefable|21/100
|move|p2a: Clefable|Moonlight|p2a: Clefable
|-heal|p2a: Clefable|71/100
|
|upkeep
|turn|38
|
|t:|1757900112
|move|p1a: Magmar|Flamethrower|p2a: Clefable
|-damage|p2a: Clefable|27/100
|-status|p2a: Clefable|brn
|move|p2a: Clefable|Moonlight|p2a: Clefable
|-heal|p2a: Clefable|77/100 brn
|
|upkeep
|turn|39
|
|t:|1757900123
|move|p1a: Magmar|Flamethrower|p2a: Clefable
|-crit|p2a: Clefable
|-damage|p2a: Clefable|14/100 brn
|move|p2a: Clefable|Moonlight|p2a: Clefable
|-heal|p2a: Clefable|64/100 brn
|
|upkeep
|turn|40
|-message|TribalRaq forfeited.
|
|win|Gimmicko
|raw|Gimmicko's rating: 1173 &rarr; <strong>1198</strong><br />(+25 for winning)
|raw|TribalRaq's rating: 1172 &rarr; <strong>1147</strong><br />(-25 for losing)
|l|☆TribalRaq
|player|p2|
