|j|☆raffwastaken
|j|☆Urogallo
|t:|1757930732
|gametype|singles
|player|p1|raffwastaken|aaron|1287
|player|p2|Urogallo|backpacker|1249
|gen|9
|tier|[Gen 9] OU
|rated|
|rule|HP Percentage Mod: HP is shown in percentages
|rule|Endless Battle Clause: Forcing endless battles is banned
|rule|Species Clause: Limit one of each Pokémon
|rule|OHKO Clause: OHKO moves are banned
|rule|Evasion Items Clause: Evasion items are banned
|rule|Evasion Moves Clause: Evasion moves are banned
|rule|Evasion Abilities Clause: Evasion abilities are banned
|rule|Sleep Moves Clause: Sleep-inducing moves are banned
|clearpoke
|poke|p1|Meloetta|
|poke|p1|Kingambit, M|
|poke|p1|Great Tusk|
|poke|p1|Alomomola, M|
|poke|p1|Slowking-Galar, F|
|poke|p1|Dragapult, F|
|poke|p2|Venusaur, F|
|poke|p2|Blaziken, M|
|poke|p2|Dusclops, M|
|poke|p2|Weezing-Galar, F|
|poke|p2|Rhyperior, M|
|poke|p2|Corviknight, F|
|teampreview
|inactive|Battle timer is ON: inactive players will automatically lose when time's up. (requested by raffwastaken)
|
|t:|1757930743
|teamsize|p1|6
|teamsize|p2|6
|start
|switch|p1a: Miku|Meloetta|100/100
|switch|p2a: Rhyperior|Rhyperior, M|100/100
|turn|1
|
|t:|1757930755
|move|p1a: Miku|Relic Song|p2a: Rhyperior
|-resisted|p2a: Rhyperior
|-damage|p2a: Rhyperior|69/100
|-formechange|p1a: Miku|Meloetta-Pirouette|[msg]
|-damage|p1a: Miku|91/100|[from] item: Life Orb
|move|p2a: Rhyperior|Stealth Rock|p1a: Miku
|-sidestart|p1: raffwastaken|move: Stealth Rock
|
|-heal|p2a: Rhyperior|75/100|[from] item: Leftovers
|upkeep
|turn|2
|
|t:|1757930764
|switch|p2a: Dusclops|Dusclops, M|100/100
|-ability|p2a: Dusclops|Pressure
|move|p1a: Miku|Drain Punch|p2a: Dusclops
|-immune|p2a: Dusclops
|
|upkeep
|turn|3
|
|t:|1757930771
|switch|p2a: Weezing|Weezing-Galar, F|100/100
|move|p1a: Miku|U-turn|p2a: Weezing
|-resisted|p2a: Weezing
|-damage|p2a: Weezing|95/100
|-damage|p1a: Miku|81/100|[from] item: Life Orb
|
|t:|1757930781
|switch|p1a: Dragapult|Dragapult, F|100/100|[from] U-turn
|-damage|p1a: Dragapult|88/100|[from] Stealth Rock
|
|-heal|p2a: Weezing|100/100|[from] item: Leftovers
|upkeep
|turn|4
|
|t:|1757930789
|move|p1a: Dragapult|Phantom Force||[still]
|-prepare|p1a: Dragapult|Phantom Force
|move|p2a: Weezing|Toxic Spikes|p1a: Dragapult
|-sidestart|p1: raffwastaken|move: Toxic Spikes
|
|upkeep
|turn|5
|
|t:|1757930794
|move|p1a: Dragapult|Phantom Force|p2a: Weezing|[from] lockedmove
|-damage|p2a: Weezing|40/100
|move|p2a: Weezing|Strange Steam|p1a: Dragapult
|-supereffective|p1a: Dragapult
|-damage|p1a: Dragapult|11/100
|
|-heal|p2a: Weezing|46/100|[from] item: Leftovers
|upkeep
|turn|6
|
|t:|1757930802
|switch|p1a: Great Tusk|Great Tusk|100/100
|move|p2a: Weezing|Toxic Spikes|p1a: Great Tusk
|-sidestart|p1: raffwastaken|move: Toxic Spikes
|
|-heal|p2a: Weezing|52/100|[from] item: Leftovers
|upkeep
|turn|7
|
|t:|1757930810
|switch|p2a: Dusclops|Dusclops, M|100/100
|-ability|p2a: Dusclops|Pressure
|move|p1a: Great Tusk|Headlong Rush|p2a: Dusclops
|-damage|p2a: Dusclops|57/100
|-unboost|p1a: Great Tusk|def|1
|-unboost|p1a: Great Tusk|spd|1
|
|upkeep
|turn|8
|
|t:|1757930821
|move|p1a: Great Tusk|Headlong Rush|p2a: Dusclops
|-damage|p2a: Dusclops|19/100
|-unboost|p1a: Great Tusk|def|1
|-unboost|p1a: Great Tusk|spd|1
|move|p2a: Dusclops|Pain Split|p1a: Great Tusk
|-sethp|p1a: Great Tusk|57/100|[from] move: Pain Split|[silent]
|-sethp|p2a: Dusclops|75/100|[from] move: Pain Split
|
|upkeep
|turn|9
|
|t:|1757930829
|-end|p1a: Great Tusk|Protosynthesis|[silent]
|switch|p1a: Slowking|Slowking-Galar, F|100/100
|-sideend|p1: raffwastaken|move: Toxic Spikes|[of] p1a: Slowking
|move|p2a: Dusclops|Will-O-Wisp|p1a: Slowking
|-status|p1a: Slowking|brn
|
|-damage|p1a: Slowking|94/100 brn|[from] brn
|upkeep
|turn|10
|
|t:|1757930837
|switch|p2a: Weezing|Weezing-Galar, F|52/100
|move|p1a: Slowking|Future Sight|p2a: Weezing
|-start|p1a: Slowking|move: Future Sight
|
|-heal|p2a: Weezing|58/100|[from] item: Leftovers
|-damage|p1a: Slowking|88/100 brn|[from] brn
|upkeep
|turn|11
|
|t:|1757930845
|move|p2a: Weezing|Pain Split|p1a: Slowking
|-sethp|p1a: Slowking|69/100 brn|[from] move: Pain Split|[silent]
|-sethp|p2a: Weezing|81/100|[from] move: Pain Split
|move|p1a: Slowking|Thunder Wave|p2a: Weezing
|-status|p2a: Weezing|par
|
|-heal|p2a: Weezing|87/100 par|[from] item: Leftovers
|-damage|p1a: Slowking|63/100 brn|[from] brn
|upkeep
|turn|12
|
|t:|1757930854
|move|p2a: Weezing|Strange Steam|p1a: Slowking
|-resisted|p1a: Slowking
|-damage|p1a: Slowking|54/100 brn
|-prepare|p1a: Slowking|Chilly Reception|[premajor]
|move|p1a: Slowking|Chilly Reception|p1a: Slowking
|-weather|Snowscape
|
|t:|1757930861
|switch|p1a: Great Tusk|Great Tusk|57/100|[from] Chilly Reception
|
|-weather|Snowscape|[upkeep]
|-end|p2a: Weezing|move: Future Sight
|-supereffective|p2a: Weezing
|-damage|p2a: Weezing|11/100 par
|-heal|p2a: Weezing|17/100 par|[from] item: Leftovers
|upkeep
|turn|13
|
|t:|1757930869
|move|p1a: Great Tusk|Headlong Rush|p2a: Weezing
|-immune|p2a: Weezing|[from] ability: Levitate
|move|p2a: Weezing|Toxic Spikes|p1a: Great Tusk
|-sidestart|p1: raffwastaken|move: Toxic Spikes
|
|-weather|Snowscape|[upkeep]
|-heal|p2a: Weezing|23/100 par|[from] item: Leftovers
|upkeep
|turn|14
|
|t:|1757930876
|switch|p2a: Dusclops|Dusclops, M|75/100
|-ability|p2a: Dusclops|Pressure
|move|p1a: Great Tusk|Rapid Spin|p2a: Dusclops
|-immune|p2a: Dusclops
|
|-weather|Snowscape|[upkeep]
|upkeep
|turn|15
|
|t:|1757930883
|-terastallize|p1a: Great Tusk|Ground
|move|p1a: Great Tusk|Headlong Rush|p2a: Dusclops
|-damage|p2a: Dusclops|22/100
|-unboost|p1a: Great Tusk|def|1
|-unboost|p1a: Great Tusk|spd|1
|move|p2a: Dusclops|Night Shade|p1a: Great Tusk
|-damage|p1a: Great Tusk|30/100
|
|-weather|Snowscape|[upkeep]
|upkeep
|turn|16
|
|t:|1757930893
|move|p1a: Great Tusk|Rapid Spin|p2a: Dusclops
|-immune|p2a: Dusclops
|move|p2a: Dusclops|Night Shade|p1a: Great Tusk
|-damage|p1a: Great Tusk|3/100
|
|-weather|none
|upkeep
|turn|17
|
|t:|1757930901
|switch|p2a: Corviknight|Corviknight, F|100/100
|move|p1a: Great Tusk|Ice Spinner|p2a: Corviknight
|-damage|p2a: Corviknight|84/100
|-damage|p1a: Great Tusk|0 fnt|[from] item: Rocky Helmet|[of] p2a: Corviknight
|faint|p1a: Great Tusk
|-end|p1a: Great Tusk|Protosynthesis|[silent]
|
|upkeep
|
|t:|1757930906
|switch|p1a: Slowking|Slowking-Galar, F|88/100 brn
|-sideend|p1: raffwastaken|move: Toxic Spikes|[of] p1a: Slowking
|turn|18
|
|t:|1757930910
|move|p2a: Corviknight|U-turn|p1a: Slowking
|-crit|p1a: Slowking
|-damage|p1a: Slowking|65/100 brn
|
|t:|1757930913
|switch|p2a: Weezing|Weezing-Galar, F|23/100 par|[from] U-turn
|move|p1a: Slowking|Thunder Wave|p2a: Weezing
|-fail|p2a: Weezing|par
|
|-heal|p2a: Weezing|29/100 par|[from] item: Leftovers
|-damage|p1a: Slowking|59/100 brn|[from] brn
|upkeep
|turn|19
|
|t:|1757930921
|move|p2a: Weezing|Toxic Spikes|p1a: Slowking
|-sidestart|p1: raffwastaken|move: Toxic Spikes
|-prepare|p1a: Slowking|Chilly Reception|[premajor]
|move|p1a: Slowking|Chilly Reception|p1a: Slowking
|-weather|Snowscape
|
|t:|1757930927
|switch|p1a: 50/50|Kingambit, M|100/100|[from] Chilly Reception
|-damage|p1a: 50/50|94/100|[from] Stealth Rock
|-activate|p1a: 50/50|ability: Supreme Overlord
|-start|p1a: 50/50|fallen1|[silent]
|
|-weather|Snowscape|[upkeep]
|-heal|p1a: 50/50|100/100|[from] item: Leftovers
|-heal|p2a: Weezing|35/100 par|[from] item: Leftovers
|upkeep
|turn|20
|
|t:|1757930937
|switch|p2a: Corviknight|Corviknight, F|84/100
|move|p1a: 50/50|Iron Head|p2a: Corviknight
|-resisted|p2a: Corviknight
|-damage|p2a: Corviknight|68/100
|-damage|p1a: 50/50|84/100|[from] item: Rocky Helmet|[of] p2a: Corviknight
|
|-weather|Snowscape|[upkeep]
|-heal|p1a: 50/50|90/100|[from] item: Leftovers
|upkeep
|turn|21
|
|t:|1757930946
|move|p1a: 50/50|Swords Dance|p1a: 50/50
|-boost|p1a: 50/50|atk|2
|move|p2a: Corviknight|U-turn|p1a: 50/50
|-damage|p1a: 50/50|79/100
|
|t:|1757930951
|switch|p2a: Blaziken|Blaziken, M|100/100|[from] U-turn
|
|-weather|Snowscape|[upkeep]
|-heal|p1a: 50/50|85/100|[from] item: Leftovers
|upkeep
|turn|22
|
|t:|1757930958
|move|p2a: Blaziken|Close Combat|p1a: 50/50
|-supereffective|p1a: 50/50
|-damage|p1a: 50/50|0 fnt
|-unboost|p2a: Blaziken|def|1
|-unboost|p2a: Blaziken|spd|1
|faint|p1a: 50/50
|-end|p1a: 50/50|fallen1|[silent]
|
|-weather|Snowscape|[upkeep]
|-ability|p2a: Blaziken|Speed Boost|boost
|-boost|p2a: Blaziken|spe|1
|upkeep
|
|t:|1757930964
|switch|p1a: Slowking|Slowking-Galar, F|92/100 brn
|-sideend|p1: raffwastaken|move: Toxic Spikes|[of] p1a: Slowking
|turn|23
|
|t:|1757930968
|switch|p2a: Weezing|Weezing-Galar, F|35/100 par
|move|p1a: Slowking|Thunder Wave|p2a: Weezing
|-fail|p2a: Weezing|par
|
|-weather|none
|-heal|p2a: Weezing|41/100 par|[from] item: Leftovers
|-damage|p1a: Slowking|86/100 brn|[from] brn
|upkeep
|turn|24
|
|t:|1757930977
|move|p2a: Weezing|Toxic Spikes|p1a: Slowking
|-sidestart|p1: raffwastaken|move: Toxic Spikes
|move|p1a: Slowking|Future Sight|p2a: Weezing
|-start|p1a: Slowking|move: Future Sight
|
|-heal|p2a: Weezing|47/100 par|[from] item: Leftovers
|-damage|p1a: Slowking|80/100 brn|[from] brn
|upkeep
|turn|25
|
|t:|1757930982
|move|p2a: Weezing|Toxic Spikes|p1a: Slowking
|-sidestart|p1: raffwastaken|move: Toxic Spikes
|-prepare|p1a: Slowking|Chilly Reception|[premajor]
|move|p1a: Slowking|Chilly Reception|p1a: Slowking
|-weather|Snowscape
|
|t:|1757930985
|switch|p1a: Alomomola|Alomomola, M|100/100|[from] Chilly Reception
|
|-weather|Snowscape|[upkeep]
|-heal|p2a: Weezing|53/100 par|[from] item: Leftovers
|upkeep
|turn|26
|
|t:|1757930993
|move|p1a: Alomomola|Wish|p1a: Alomomola
|move|p2a: Weezing|Strange Steam|p1a: Alomomola
|-damage|p1a: Alomomola|70/100
|
|-weather|Snowscape|[upkeep]
|-end|p2a: Weezing|move: Future Sight
|-supereffective|p2a: Weezing
|-damage|p2a: Weezing|0 fnt
|faint|p2a: Weezing
|upkeep
|
|t:|1757931003
|switch|p2a: Venusaur|Venusaur, F|100/100
|turn|27
|
|t:|1757931006
|move|p2a: Venusaur|Leech Seed|p1a: Alomomola
|-start|p1a: Alomomola|move: Leech Seed
|move|p1a: Alomomola|Flip Turn|p2a: Venusaur
|-resisted|p2a: Venusaur
|-damage|p2a: Venusaur|91/100
|
|t:|1757931009
|switch|p1a: Miku|Meloetta|81/100|[from] Flip Turn
|-damage|p1a: Miku|68/100|[from] Stealth Rock
|-status|p1a: Miku|tox
|
|-weather|Snowscape|[upkeep]
|-heal|p1a: Miku|100/100 tox|[from] move: Wish|[wisher] Alomomola
|-heal|p2a: Venusaur|97/100|[from] item: Leftovers
|-damage|p1a: Miku|94/100 tox|[from] psn
|upkeep
|turn|28
|
|t:|1757931024
|switch|p2a: Dusclops|Dusclops, M|22/100
|-ability|p2a: Dusclops|Pressure
|move|p1a: Miku|Psychic|p2a: Dusclops
|-damage|p2a: Dusclops|0 fnt
|faint|p2a: Dusclops
|-damage|p1a: Miku|84/100 tox|[from] item: Life Orb
|
|-weather|Snowscape|[upkeep]
|-damage|p1a: Miku|72/100 tox|[from] psn
|upkeep
|
|t:|1757931034
|switch|p2a: Blaziken|Blaziken, M|100/100
|turn|29
|
|t:|1757931039
|move|p2a: Blaziken|Protect|p2a: Blaziken
|-singleturn|p2a: Blaziken|Protect
|move|p1a: Miku|Psychic|p2a: Blaziken
|-activate|p2a: Blaziken|move: Protect
|
|-weather|none
|-damage|p1a: Miku|54/100 tox|[from] psn
|-ability|p2a: Blaziken|Speed Boost|boost
|-boost|p2a: Blaziken|spe|1
|upkeep
|turn|30
|
|t:|1757931049
|switch|p2a: Corviknight|Corviknight, F|68/100
|move|p1a: Miku|Psychic|p2a: Corviknight
|-resisted|p2a: Corviknight
|-damage|p2a: Corviknight|37/100
|-damage|p1a: Miku|44/100 tox|[from] item: Life Orb
|
|-damage|p1a: Miku|19/100 tox|[from] psn
|upkeep
|turn|31
|
|t:|1757931057
|switch|p1a: Slowking|Slowking-Galar, F|100/100 brn
|-sideend|p1: raffwastaken|move: Toxic Spikes|[of] p1a: Slowking
|move|p2a: Corviknight|Roost|p2a: Corviknight
|-heal|p2a: Corviknight|87/100
|-singleturn|p2a: Corviknight|move: Roost
|
|-damage|p1a: Slowking|94/100 brn|[from] brn
|upkeep
|turn|32
|
|t:|1757931067
|move|p2a: Corviknight|U-turn|p1a: Slowking
|-damage|p1a: Slowking|80/100 brn
|
|t:|1757931070
|switch|p2a: Rhyperior|Rhyperior, M|75/100|[from] U-turn
|move|p1a: Slowking|Thunder Wave|p2a: Rhyperior
|-immune|p2a: Rhyperior
|
|-heal|p2a: Rhyperior|82/100|[from] item: Leftovers
|-damage|p1a: Slowking|74/100 brn|[from] brn
|upkeep
|turn|33
|
|t:|1757931079
|move|p2a: Rhyperior|Earthquake|p1a: Slowking
|-supereffective|p1a: Slowking
|-damage|p1a: Slowking|0 fnt
|faint|p1a: Slowking
|
|-heal|p2a: Rhyperior|88/100|[from] item: Leftovers
|upkeep
|
|t:|1757931081
|switch|p1a: Alomomola|Alomomola, M|100/100
|turn|34
|
|t:|1757931087
|move|p1a: Alomomola|Wish|p1a: Alomomola
|move|p2a: Rhyperior|Swords Dance|p2a: Rhyperior
|-boost|p2a: Rhyperior|atk|2
|
|-heal|p2a: Rhyperior|94/100|[from] item: Leftovers
|upkeep
|turn|35
|
|t:|1757931092
|move|p1a: Alomomola|Flip Turn|p2a: Rhyperior
|-supereffective|p2a: Rhyperior
|-damage|p2a: Rhyperior|64/100
|
|t:|1757931096
|switch|p1a: Miku|Meloetta|19/100 tox|[from] Flip Turn
|-damage|p1a: Miku|7/100 tox|[from] Stealth Rock
|move|p2a: Rhyperior|Earthquake|p1a: Miku
|-damage|p1a: Miku|0 fnt
|faint|p1a: Miku
|
|-heal|p2a: Rhyperior|71/100|[from] item: Leftovers
|upkeep
|
|t:|1757931097
|switch|p1a: Dragapult|Dragapult, F|11/100
|-damage|p1a: Dragapult|0 fnt|[from] Stealth Rock
|faint|p1a: Dragapult
|-message|raffwastaken forfeited.
|
|win|Urogallo
|raw|raffwastaken's rating: 1287 &rarr; <strong>1259</strong><br />(-28 for losing)
|raw|Urogallo's rating: 1249 &rarr; <strong>1277</strong><br />(+28 for winning)
|l|☆raffwastaken
|player|p1|
|l|☆Urogallo
|player|p2|
