|j|☆Jinghan Yu
|j|☆hennyhardaway1
|t:|1757862020
|gametype|singles
|player|p1|Jinghan Yu|nate|1270
|player|p2|hennyhardaway1|lucian|1308
|gen|9
|tier|[Gen 9] OU
|rated|
|rule|HP Percentage Mod: HP is shown in percentages
|rule|Endless Battle Clause: Forcing endless battles is banned
|rule|Species Clause: Limit one of each Pokémon
|rule|OHKO Clause: OHKO moves are banned
|rule|Evasion Items Clause: Evasion items are banned
|rule|Evasion Moves Clause: Evasion moves are banned
|rule|Evasion Abilities Clause: Evasion abilities are banned
|rule|Sleep Moves Clause: Sleep-inducing moves are banned
|clearpoke
|poke|p1|Scizor, M|
|poke|p1|Tyranitar, M|
|poke|p1|Garchomp, M|
|poke|p1|Gyarados, M|
|poke|p1|Gengar, M|
|poke|p1|Excadrill, M|
|poke|p2|Landorus-Therian, M|
|poke|p2|Skeledirge, M|
|poke|p2|Skarmory, M|
|poke|p2|Hydrapple, M|
|poke|p2|Samurott-Hisui, M|
|poke|p2|Fezandipiti, M|
|teampreview
|inactive|Battle timer is ON: inactive players will automatically lose when time's up. (requested by Jinghan Yu)
|
|t:|1757862047
|teamsize|p1|6
|teamsize|p2|6
|start
|switch|p1a: Osten|Gyarados, M, shiny|100/100
|switch|p2a: Landorus|Landorus-Therian, M, shiny|100/100
|-ability|p2a: Landorus|Intimidate|boost
|-unboost|p1a: Osten|atk|1
|-ability|p1a: Osten|Intimidate|boost
|-unboost|p2a: Landorus|atk|1
|turn|1
|
|t:|1757862056
|move|p2a: Landorus|U-turn|p1a: Osten
|-resisted|p1a: Osten
|-damage|p1a: Osten|89/100
|
|t:|1757862065
|switch|p2a: Leviatan|Hydrapple, M, shiny|100/100|[from] U-turn
|move|p1a: Osten|Dragon Dance|p1a: Osten
|-boost|p1a: Osten|atk|1
|-boost|p1a: Osten|spe|1
|
|-heal|p1a: Osten|95/100|[from] item: Leftovers
|upkeep
|turn|2
|
|t:|1757862081
|-terastallize|p1a: Osten|Flying
|move|p1a: Osten|Dragon Dance|p1a: Osten
|-boost|p1a: Osten|atk|1
|-boost|p1a: Osten|spe|1
|move|p2a: Leviatan|Fickle Beam|p1a: Osten|[anim] Fickle Beam All Out
|-activate|p2a: Leviatan|move: Fickle Beam
|-damage|p1a: Osten|4/100
|
|-heal|p1a: Osten|10/100|[from] item: Leftovers
|upkeep
|turn|3
|inactive|hennyhardaway1 has 120 seconds left.
|
|t:|1757862108
|switch|p2a: Fezandipiti|Fezandipiti, M|100/100
|move|p1a: Osten|Tera Blast|p2a: Fezandipiti|[anim] Tera Blast Flying
|-damage|p2a: Fezandipiti|11/100
|
|-heal|p1a: Osten|16/100|[from] item: Leftovers
|upkeep
|turn|4
|
|t:|1757862114
|move|p1a: Osten|Waterfall|p2a: Fezandipiti
|-damage|p2a: Fezandipiti|0 fnt
|faint|p2a: Fezandipiti
|
|-heal|p1a: Osten|22/100|[from] item: Leftovers
|upkeep
|
|t:|1757862116
|switch|p2a: Samurott|Samurott-Hisui, M, shiny|100/100
|turn|5
|
|t:|1757862119
|move|p2a: Samurott|Sucker Punch|p1a: Osten
|-damage|p1a: Osten|0 fnt
|faint|p1a: Osten
|
|upkeep
|
|t:|1757862122
|switch|p1a: Timothy|Tyranitar, M|100/100
|-weather|Sandstorm|[from] ability: Sand Stream|[of] p1a: Timothy
|turn|6
|
|t:|1757862129
|switch|p1a: Mangus|Garchomp, M, shiny|100/100
|move|p2a: Samurott|Ceaseless Edge|p1a: Mangus
|-damage|p1a: Mangus|51/100
|-damage|p2a: Samurott|88/100|[from] ability: Rough Skin|[of] p1a: Mangus
|-damage|p2a: Samurott|72/100|[from] item: Rocky Helmet|[of] p1a: Mangus
|-sidestart|p1: Jinghan Yu|Spikes
|
|-weather|Sandstorm|[upkeep]
|-damage|p2a: Samurott|65/100|[from] Sandstorm
|upkeep
|turn|7
|
|t:|1757862138
|switch|p2a: Landorus|Landorus-Therian, M, shiny|100/100
|-ability|p2a: Landorus|Intimidate|boost
|-unboost|p1a: Mangus|atk|1
|move|p1a: Mangus|Swords Dance|p1a: Mangus
|-boost|p1a: Mangus|atk|2
|
|-weather|Sandstorm|[upkeep]
|upkeep
|turn|8
|
|t:|1757862144
|move|p2a: Landorus|Earthquake|p1a: Mangus
|-damage|p1a: Mangus|0 fnt
|faint|p1a: Mangus
|
|-weather|Sandstorm|[upkeep]
|upkeep
|
|t:|1757862149
|switch|p1a: Emmett|Excadrill, M|100/100
|-item|p1a: Emmett|Air Balloon
|turn|9
|
|t:|1757862152
|switch|p2a: Skarmory|Skarmory, M, shiny|100/100
|move|p1a: Emmett|Swords Dance|p1a: Emmett
|-boost|p1a: Emmett|atk|2
|
|-weather|Sandstorm|[upkeep]
|upkeep
|turn|10
|
|t:|1757862157
|move|p1a: Emmett|Rapid Spin|p2a: Skarmory
|-resisted|p2a: Skarmory
|-damage|p2a: Skarmory|91/100
|-boost|p1a: Emmett|spe|1
|-damage|p1a: Emmett|84/100|[from] item: Rocky Helmet|[of] p2a: Skarmory
|-sideend|p1: Jinghan Yu|Spikes|[from] move: Rapid Spin|[of] p1a: Emmett
|move|p2a: Skarmory|Brave Bird|p1a: Emmett
|-resisted|p1a: Emmett
|-damage|p1a: Emmett|60/100
|-enditem|p1a: Emmett|Air Balloon
|-damage|p2a: Skarmory|82/100|[from] Recoil
|
|-weather|Sandstorm|[upkeep]
|upkeep
|turn|11
|
|t:|1757862165
|move|p1a: Emmett|Rock Slide|p2a: Skarmory
|-damage|p2a: Skarmory|49/100
|move|p2a: Skarmory|Body Press|p1a: Emmett
|-supereffective|p1a: Emmett
|-damage|p1a: Emmett|0 fnt
|faint|p1a: Emmett
|
|-weather|Sandstorm|[upkeep]
|upkeep
|
|t:|1757862175
|switch|p1a: Nasim|Gengar, M|100/100
|turn|12
|
|t:|1757862188
|switch|p2a: Landorus|Landorus-Therian, M, shiny|100/100
|-ability|p2a: Landorus|Intimidate|boost
|-unboost|p1a: Nasim|atk|1
|move|p1a: Nasim|Nasty Plot|p1a: Nasim
|-boost|p1a: Nasim|spa|2
|
|-weather|Sandstorm|[upkeep]
|-damage|p1a: Nasim|94/100|[from] Sandstorm
|upkeep
|turn|13
|
|t:|1757862194
|move|p2a: Landorus|Earthquake|p1a: Nasim
|-supereffective|p1a: Nasim
|-damage|p1a: Nasim|0 fnt
|faint|p1a: Nasim
|
|-weather|none
|upkeep
|
|t:|1757862196
|switch|p1a: Boden|Scizor, M, shiny|100/100
|turn|14
|
|t:|1757862200
|switch|p2a: Skeledirge|Skeledirge, M, shiny|100/100
|move|p1a: Boden|Swords Dance|p1a: Boden
|-boost|p1a: Boden|atk|2
|
|upkeep
|turn|15
|
|t:|1757862204
|switch|p1a: Timothy|Tyranitar, M|100/100
|-weather|Sandstorm|[from] ability: Sand Stream|[of] p1a: Timothy
|move|p2a: Skeledirge|Torch Song|p1a: Timothy
|-resisted|p1a: Timothy
|-damage|p1a: Timothy|91/100
|-boost|p2a: Skeledirge|spa|1
|
|-weather|Sandstorm|[upkeep]
|-damage|p2a: Skeledirge|94/100|[from] Sandstorm
|upkeep
|turn|16
|
|t:|1757862210
|switch|p2a: Leviatan|Hydrapple, M, shiny|100/100
|move|p1a: Timothy|Earthquake|p2a: Leviatan
|-resisted|p2a: Leviatan
|-damage|p2a: Leviatan|85/100
|
|-weather|Sandstorm|[upkeep]
|-damage|p2a: Leviatan|79/100|[from] Sandstorm
|upkeep
|turn|17
|
|t:|1757862216
|move|p1a: Timothy|Stealth Rock|p2a: Leviatan
|-sidestart|p2: hennyhardaway1|move: Stealth Rock
|move|p2a: Leviatan|Fickle Beam|p1a: Timothy
|-damage|p1a: Timothy|65/100
|
|-weather|Sandstorm|[upkeep]
|-damage|p2a: Leviatan|73/100|[from] Sandstorm
|upkeep
|turn|18
|
|t:|1757862221
|move|p2a: Leviatan|Fickle Beam|p1a: Timothy
|-damage|p1a: Timothy|40/100
|move|p1a: Timothy|Dragon Tail|p2a: Leviatan
|-supereffective|p2a: Leviatan
|-damage|p2a: Leviatan|36/100
|drag|p2a: Skarmory|Skarmory, M, shiny|49/100
|-damage|p2a: Skarmory|37/100|[from] Stealth Rock
|
|-weather|Sandstorm|[upkeep]
|upkeep
|turn|19
|
|t:|1757862229
|move|p2a: Skarmory|Roost|p2a: Skarmory
|-heal|p2a: Skarmory|87/100
|-singleturn|p2a: Skarmory|move: Roost
|move|p1a: Timothy|Dragon Tail|p2a: Skarmory
|-resisted|p2a: Skarmory
|-damage|p2a: Skarmory|80/100
|-damage|p1a: Timothy|23/100|[from] item: Rocky Helmet|[of] p2a: Skarmory
|drag|p2a: Samurott|Samurott-Hisui, M, shiny|65/100
|
|-weather|Sandstorm|[upkeep]
|-damage|p2a: Samurott|59/100|[from] Sandstorm
|upkeep
|turn|20
|
|t:|1757862235
|move|p2a: Samurott|Flip Turn|p1a: Timothy
|-supereffective|p1a: Timothy
|-damage|p1a: Timothy|0 fnt
|faint|p1a: Timothy
|
|t:|1757862239
|switch|p2a: Landorus|Landorus-Therian, M, shiny|100/100|[from] Flip Turn
|-damage|p2a: Landorus|88/100|[from] Stealth Rock
|
|-weather|Sandstorm|[upkeep]
|upkeep
|
|t:|1757862241
|switch|p1a: Boden|Scizor, M, shiny|100/100
|turn|21
|
|t:|1757862244
|move|p2a: Landorus|U-turn|p1a: Boden
|-resisted|p1a: Boden
|-damage|p1a: Boden|86/100
|
|t:|1757862246
|switch|p2a: Skeledirge|Skeledirge, M, shiny|94/100|[from] U-turn
|move|p1a: Boden|Swords Dance|p1a: Boden
|-boost|p1a: Boden|atk|2
|
|-weather|Sandstorm|[upkeep]
|-damage|p2a: Skeledirge|88/100|[from] Sandstorm
|upkeep
|turn|22
|
|t:|1757862250
|move|p2a: Skeledirge|Torch Song|p1a: Boden
|-supereffective|p1a: Boden
|-damage|p1a: Boden|0 fnt
|-boost|p2a: Skeledirge|spa|1
|faint|p1a: Boden
|
|win|hennyhardaway1
|raw|Jinghan Yu's rating: 1270 &rarr; <strong>1248</strong><br />(-22 for losing)
|raw|hennyhardaway1's rating: 1308 &rarr; <strong>1326</strong><br />(+18 for winning)
|l|☆Jinghan Yu
|player|p1|
