|j|☆iemonemon
|j|☆5mg Femtanyl
|t:|1757822092
|gametype|singles
|player|p1|iemonemon|clown|1402
|player|p2|5mg Femtanyl|janitor|1366
|gen|9
|tier|[Gen 9] OU
|rated|
|rule|HP Percentage Mod: HP is shown in percentages
|rule|Endless Battle Clause: Forcing endless battles is banned
|rule|Species Clause: Limit one of each Pokémon
|rule|OHKO Clause: OHKO moves are banned
|rule|Evasion Items Clause: Evasion items are banned
|rule|Evasion Moves Clause: Evasion moves are banned
|rule|Evasion Abilities Clause: Evasion abilities are banned
|rule|Sleep Moves Clause: Sleep-inducing moves are banned
|clearpoke
|poke|p1|Ogerpon-Wellspring, F|
|poke|p1|Kingambit, F|
|poke|p1|Landorus-Therian, M|
|poke|p1|Glimmora, M|
|poke|p1|Dragapult, M|
|poke|p1|Iron Valiant|
|poke|p2|Iron Valiant|
|poke|p2|Great Tusk|
|poke|p2|Zamazenta-*|
|poke|p2|Gholdengo|
|poke|p2|Glimmora, M|
|poke|p2|Ogerpon-Wellspring, F|
|teampreview
|inactive|Battle timer is ON: inactive players will automatically lose when time's up. (requested by 5mg Femtanyl)
|
|t:|1757822165
|teamsize|p1|6
|teamsize|p2|6
|start
|switch|p1a: Landorus|Landorus-Therian, M|100/100
|switch|p2a: Gholdengo|Gholdengo|100/100
|-ability|p1a: Landorus|Intimidate|boost
|-unboost|p2a: Gholdengo|atk|1
|turn|1
|
|t:|1757822178
|switch|p2a: Ogerpon|Ogerpon-Wellspring, F|100/100
|move|p1a: Landorus|Stealth Rock|p2a: Ogerpon
|-sidestart|p2: 5mg Femtanyl|move: Stealth Rock
|
|upkeep
|turn|2
|inactive|iemonemon has 120 seconds left.
|inactive|iemonemon has 90 seconds left.
|
|t:|1757822239
|switch|p1a: Kingambit|Kingambit, F|100/100
|move|p2a: Ogerpon|Power Whip|p1a: Kingambit
|-resisted|p1a: Kingambit
|-damage|p1a: Kingambit|76/100
|
|-heal|p1a: Kingambit|82/100|[from] item: Leftovers
|upkeep
|turn|3
|inactive|iemonemon has 90 seconds left.
|
|t:|1757822250
|switch|p2a: Great Tusk|Great Tusk|100/100
|-damage|p2a: Great Tusk|97/100|[from] Stealth Rock
|move|p1a: Kingambit|Kowtow Cleave|p2a: Great Tusk
|-resisted|p2a: Great Tusk
|-damage|p2a: Great Tusk|80/100
|
|-heal|p1a: Kingambit|88/100|[from] item: Leftovers
|upkeep
|turn|4
|inactive|iemonemon has 90 seconds left.
|
|t:|1757822272
|-end|p1a: Kingambit|fallenundefined|[silent]
|switch|p1a: Dragapult|Dragapult, M|100/100
|move|p2a: Great Tusk|Headlong Rush|p1a: Dragapult
|-damage|p1a: Dragapult|13/100
|-unboost|p2a: Great Tusk|def|1
|-unboost|p2a: Great Tusk|spd|1
|
|upkeep
|turn|5
|inactive|5mg Femtanyl has 120 seconds left.
|
|t:|1757822313
|-end|p2a: Great Tusk|Protosynthesis|[silent]
|switch|p2a: Zamazenta|Zamazenta|100/100
|-damage|p2a: Zamazenta|94/100|[from] Stealth Rock
|-ability|p2a: Zamazenta|Dauntless Shield|boost
|-boost|p2a: Zamazenta|def|1
|move|p1a: Dragapult|Flamethrower|p2a: Zamazenta
|-damage|p2a: Zamazenta|59/100
|
|-heal|p2a: Zamazenta|65/100|[from] item: Leftovers
|upkeep
|turn|6
|inactive|iemonemon has 60 seconds left.
|
|t:|1757822331
|switch|p1a: Ogerpon|Ogerpon-Wellspring, F|100/100
|move|p2a: Zamazenta|Crunch|p1a: Ogerpon
|-damage|p1a: Ogerpon|71/100
|
|-heal|p2a: Zamazenta|71/100|[from] item: Leftovers
|upkeep
|turn|7
|inactive|5mg Femtanyl has 120 seconds left.
|inactive|iemonemon has 60 seconds left.
|
|t:|1757822359
|move|p2a: Zamazenta|Iron Defense|p2a: Zamazenta
|-boost|p2a: Zamazenta|def|2
|move|p1a: Ogerpon|Play Rough|p2a: Zamazenta
|-supereffective|p2a: Zamazenta
|-damage|p2a: Zamazenta|49/100
|
|-heal|p2a: Zamazenta|55/100|[from] item: Leftovers
|upkeep
|turn|8
|
|t:|1757822364
|move|p2a: Zamazenta|Body Press|p1a: Ogerpon
|-damage|p1a: Ogerpon|0 fnt
|faint|p1a: Ogerpon
|
|-heal|p2a: Zamazenta|61/100|[from] item: Leftovers
|upkeep
|
|t:|1757822368
|switch|p1a: Dragapult|Dragapult, M|13/100
|turn|9
|
|t:|1757822371
|move|p1a: Dragapult|Draco Meteor|p2a: Zamazenta
|-damage|p2a: Zamazenta|0 fnt
|-unboost|p1a: Dragapult|spa|2
|faint|p2a: Zamazenta
|
|upkeep
|
|t:|1757822378
|switch|p2a: Iron Valiant|Iron Valiant|100/100
|-damage|p2a: Iron Valiant|94/100|[from] Stealth Rock
|-enditem|p2a: Iron Valiant|Booster Energy
|-activate|p2a: Iron Valiant|ability: Quark Drive|[fromitem]
|-start|p2a: Iron Valiant|quarkdrivespe
|turn|10
|inactive|iemonemon has 90 seconds left.
|
|t:|1757822404
|switch|p1a: Glimmora|Glimmora, M|100/100
|move|p2a: Iron Valiant|Substitute|p2a: Iron Valiant
|-start|p2a: Iron Valiant|Substitute
|-damage|p2a: Iron Valiant|69/100
|
|upkeep
|turn|11
|inactive|5mg Femtanyl has 120 seconds left.
|inactive|5mg Femtanyl has 90 seconds left.
|l|☆5mg Femtanyl
|inactive|5mg Femtanyl disconnected and has a minute to reconnect!
|player|p2|
|j|☆5mg Femtanyl
|inactive|5mg Femtanyl reconnected and has 65 seconds left.
|player|p2|5mg Femtanyl|janitor|
|inactive|5mg Femtanyl has 60 seconds left.
|
|t:|1757822491
|move|p2a: Iron Valiant|Close Combat|p1a: Glimmora
|-damage|p1a: Glimmora|21/100
|-unboost|p2a: Iron Valiant|def|1
|-unboost|p2a: Iron Valiant|spd|1
|-activate|p1a: Glimmora|ability: Toxic Debris
|-sidestart|p2: 5mg Femtanyl|move: Toxic Spikes
|move|p1a: Glimmora|Earth Power|p2a: Iron Valiant
|-end|p2a: Iron Valiant|Substitute
|
|upkeep
|turn|12
|inactive|5mg Femtanyl has 60 seconds left.
|inactive|iemonemon has 60 seconds left.
|
|t:|1757822533
|-terastallize|p1a: Glimmora|Ghost
|move|p2a: Iron Valiant|Close Combat|p1a: Glimmora
|-immune|p1a: Glimmora
|move|p1a: Glimmora|Earth Power|p2a: Iron Valiant
|-damage|p2a: Iron Valiant|0 fnt
|faint|p2a: Iron Valiant
|-end|p2a: Iron Valiant|Quark Drive|[silent]
|
|upkeep
|inactive|5mg Femtanyl has 30 seconds left.
|
|t:|1757822566
|switch|p2a: Gholdengo|Gholdengo|100/100
|-damage|p2a: Gholdengo|94/100|[from] Stealth Rock
|turn|13
|inactive|5mg Femtanyl has 30 seconds left.
|
|t:|1757822597
|move|p2a: Gholdengo|Dazzling Gleam|p1a: Glimmora
|-damage|p1a: Glimmora|0 fnt
|faint|p1a: Glimmora
|
|upkeep
|
|t:|1757822605
|switch|p1a: Dragapult|Dragapult, M|13/100
|turn|14
|
|t:|1757822612
|move|p2a: Gholdengo|Dazzling Gleam|p1a: Dragapult
|-supereffective|p1a: Dragapult
|-damage|p1a: Dragapult|0 fnt
|faint|p1a: Dragapult
|
|upkeep
|inactive|iemonemon has 30 seconds left.
|inactive|iemonemon has 20 seconds left.
|inactive|iemonemon has 15 seconds left.
|inactive|iemonemon has 10 seconds left.
|
|t:|1757822650
|switch|p1a: Iron Valiant|Iron Valiant|100/100
|-enditem|p1a: Iron Valiant|Booster Energy
|-activate|p1a: Iron Valiant|ability: Quark Drive|[fromitem]
|-start|p1a: Iron Valiant|quarkdrivespe
|turn|15
|inactive|iemonemon has 20 seconds left this turn.
|inactive|iemonemon has 15 seconds left.
|inactive|iemonemon has 10 seconds left.
|inactive|5mg Femtanyl has 30 seconds left.
|
|t:|1757822679
|-terastallize|p2a: Gholdengo|Steel
|move|p1a: Iron Valiant|Knock Off|p2a: Gholdengo
|-damage|p2a: Gholdengo|54/100
|-enditem|p2a: Gholdengo|Choice Scarf|[from] move: Knock Off|[of] p1a: Iron Valiant
|move|p2a: Gholdengo|Dazzling Gleam|p1a: Iron Valiant
|-supereffective|p1a: Iron Valiant
|-crit|p1a: Iron Valiant
|-damage|p1a: Iron Valiant|0 fnt
|faint|p1a: Iron Valiant
|-end|p1a: Iron Valiant|Quark Drive|[silent]
|
|upkeep
|inactive|iemonemon has 15 seconds left this turn.
|inactive|iemonemon has 10 seconds left.
|inactive|iemonemon has 5 seconds left.
|
|t:|1757822691
|switch|p1a: Kingambit|Kingambit, F|88/100
|-activate|p1a: Kingambit|ability: Supreme Overlord
|-start|p1a: Kingambit|fallen4|[silent]
|turn|16
|inactive|iemonemon has 15 seconds left this turn.
|inactive|5mg Femtanyl has 30 seconds left.
|
|t:|1757822714
|switch|p2a: Great Tusk|Great Tusk|80/100
|-damage|p2a: Great Tusk|77/100|[from] Stealth Rock
|-status|p2a: Great Tusk|psn
|move|p1a: Kingambit|Swords Dance|p1a: Kingambit
|-boost|p1a: Kingambit|atk|2
|
|-heal|p1a: Kingambit|95/100|[from] item: Leftovers
|-damage|p2a: Great Tusk|64/100 psn|[from] psn
|upkeep
|turn|17
|inactive|iemonemon has 25 seconds left this turn.
|inactive|iemonemon has 20 seconds left.
|inactive|5mg Femtanyl has 30 seconds left.
|
|t:|1757822723
|-end|p1a: Kingambit|fallen4|[silent]
|switch|p1a: Landorus|Landorus-Therian, M|100/100
|-ability|p1a: Landorus|Intimidate|boost
|-unboost|p2a: Great Tusk|atk|1
|move|p2a: Great Tusk|Close Combat|p1a: Landorus
|-resisted|p1a: Landorus
|-damage|p1a: Landorus|79/100
|-unboost|p2a: Great Tusk|def|1
|-unboost|p2a: Great Tusk|spd|1
|-damage|p2a: Great Tusk|48/100 psn|[from] item: Rocky Helmet|[of] p1a: Landorus
|
|-damage|p2a: Great Tusk|35/100 psn|[from] psn
|upkeep
|turn|18
|inactive|iemonemon has 30 seconds left this turn.
|inactive|iemonemon has 20 seconds left.
|inactive|5mg Femtanyl has 30 seconds left.
|
|t:|1757822734
|move|p1a: Landorus|U-turn|p2a: Great Tusk
|-resisted|p2a: Great Tusk
|-damage|p2a: Great Tusk|23/100 psn
|inactive|iemonemon has 25 seconds left this turn.
|inactive|iemonemon has 20 seconds left.
|
|t:|1757822741
|switch|p1a: Kingambit|Kingambit, F|95/100|[from] U-turn
|-activate|p1a: Kingambit|ability: Supreme Overlord
|-start|p1a: Kingambit|fallen4|[silent]
|move|p2a: Great Tusk|Rapid Spin|p1a: Kingambit
|-resisted|p1a: Kingambit
|-damage|p1a: Kingambit|90/100
|-boost|p2a: Great Tusk|spe|1
|-sideend|p2: 5mg Femtanyl|Toxic Spikes|[from] move: Rapid Spin|[of] p2a: Great Tusk
|-sideend|p2: 5mg Femtanyl|Stealth Rock|[from] move: Rapid Spin|[of] p2a: Great Tusk
|
|-heal|p1a: Kingambit|96/100|[from] item: Leftovers
|-damage|p2a: Great Tusk|10/100 psn|[from] psn
|upkeep
|turn|19
|inactive|iemonemon has 30 seconds left this turn.
|
|t:|1757822754
|-end|p2a: Great Tusk|Protosynthesis|[silent]
|switch|p2a: Glimmora|Glimmora, M|100/100
|move|p1a: Kingambit|Sucker Punch||[still]
|-fail|p1a: Kingambit
|
|-heal|p1a: Kingambit|100/100|[from] item: Leftovers
|upkeep
|turn|20
|inactive|iemonemon has 30 seconds left.
|
|t:|1757822764
|-end|p1a: Kingambit|fallen4|[silent]
|switch|p1a: Landorus|Landorus-Therian, M|79/100
|-ability|p1a: Landorus|Intimidate|boost
|-unboost|p2a: Glimmora|atk|1
|move|p2a: Glimmora|Earth Power|p1a: Landorus
|-immune|p1a: Landorus
|
|upkeep
|turn|21
|inactive|iemonemon has 30 seconds left.
|inactive|iemonemon has 20 seconds left.
|
|t:|1757822780
|switch|p2a: Great Tusk|Great Tusk|10/100 psn
|move|p1a: Landorus|Earthquake|p2a: Great Tusk
|-damage|p2a: Great Tusk|0 fnt
|faint|p2a: Great Tusk
|-end|p2a: Great Tusk|Protosynthesis|[silent]
|
|upkeep
|
|t:|1757822786
|switch|p2a: Ogerpon|Ogerpon-Wellspring, F|100/100
|turn|22
|inactive|iemonemon has 30 seconds left.
|inactive|iemonemon has 20 seconds left.
|
|t:|1757822803
|move|p2a: Ogerpon|Ivy Cudgel|p1a: Landorus|[anim] Ivy Cudgel Water
|-supereffective|p1a: Landorus
|-crit|p1a: Landorus
|-damage|p1a: Landorus|0 fnt
|faint|p1a: Landorus
|
|upkeep
|inactive|iemonemon has 25 seconds left this turn.
|
|t:|1757822806
|switch|p1a: Kingambit|Kingambit, F|100/100
|-activate|p1a: Kingambit|ability: Supreme Overlord
|-start|p1a: Kingambit|fallen5|[silent]
|turn|23
|inactive|5mg Femtanyl has 60 seconds left.
|
|t:|1757822822
|move|p2a: Ogerpon|Ivy Cudgel|p1a: Kingambit|[anim] Ivy Cudgel Water
|-damage|p1a: Kingambit|61/100
|move|p1a: Kingambit|Swords Dance|p1a: Kingambit
|-boost|p1a: Kingambit|atk|2
|
|-heal|p1a: Kingambit|67/100|[from] item: Leftovers
|upkeep
|turn|24
|
|t:|1757822826
|move|p1a: Kingambit|Sucker Punch||[still]
|-fail|p1a: Kingambit
|move|p2a: Ogerpon|Encore|p1a: Kingambit
|-start|p1a: Kingambit|Encore
|
|-heal|p1a: Kingambit|73/100|[from] item: Leftovers
|upkeep
|turn|25
|
|t:|1757822837
|move|p1a: Kingambit|Sucker Punch|p2a: Ogerpon
|-damage|p2a: Ogerpon|0 fnt
|faint|p2a: Ogerpon
|
|-heal|p1a: Kingambit|80/100|[from] item: Leftovers
|upkeep
|
|t:|1757822840
|switch|p2a: Glimmora|Glimmora, M|100/100
|turn|26
|
|t:|1757822843
|move|p1a: Kingambit|Sucker Punch||[still]
|-fail|p1a: Kingambit
|move|p2a: Glimmora|Stealth Rock|p1a: Kingambit
|-sidestart|p1: iemonemon|move: Stealth Rock
|
|-heal|p1a: Kingambit|86/100|[from] item: Leftovers
|upkeep
|turn|27
|
|t:|1757822846
|move|p1a: Kingambit|Sucker Punch|p2a: Glimmora
|-damage|p2a: Glimmora|0 fnt
|-activate|p2a: Glimmora|ability: Toxic Debris
|-sidestart|p1: iemonemon|move: Toxic Spikes
|faint|p2a: Glimmora
|
|-heal|p1a: Kingambit|92/100|[from] item: Leftovers
|-end|p1a: Kingambit|Encore
|upkeep
|
|t:|1757822848
|switch|p2a: Gholdengo|Gholdengo, tera:Steel|54/100
|turn|28
|
|t:|1757822854
|move|p1a: Kingambit|Sucker Punch|p2a: Gholdengo
|-damage|p2a: Gholdengo|0 fnt
|faint|p2a: Gholdengo
|
|win|iemonemon
|raw|iemonemon's rating: 1402 &rarr; <strong>1420</strong><br />(+18 for winning)
|raw|5mg Femtanyl's rating: 1366 &rarr; <strong>1348</strong><br />(-18 for losing)
|l|☆iemonemon
|player|p1|
|l|☆5mg Femtanyl
|player|p2|
