|badge|p2|bronze|gen9ou|100-6
|uhtml|medal-msg|<div class="broadcast-blue">Curious what those medals under the avatar are? PS now has Ladder Seasons! For more information, check out the <a href="https://www.smogon.com/forums/threads/3740067/">thread on Smogon.</a></div>
|j|☆Acastillo631
|j|☆OnArceus
|t:|1757894290
|gametype|singles
|player|p1|Acastillo631|silver|1660
|player|p2|OnArceus|#scl2spartans|1802
|gen|9
|tier|[Gen 9] OU
|rated|
|rule|HP Percentage Mod: HP is shown in percentages
|rule|Endless Battle Clause: Forcing endless battles is banned
|rule|Species Clause: Limit one of each Pokémon
|rule|OHKO Clause: OHKO moves are banned
|rule|Evasion Items Clause: Evasion items are banned
|rule|Evasion Moves Clause: Evasion moves are banned
|rule|Evasion Abilities Clause: Evasion abilities are banned
|rule|Sleep Moves Clause: Sleep-inducing moves are banned
|clearpoke
|poke|p1|Iron Valiant|
|poke|p1|Tyranitar, M|
|poke|p1|Corviknight, F|
|poke|p1|Sinistcha|
|poke|p1|Keldeo-Resolute|
|poke|p1|Garchomp, F|
|poke|p2|Ursaluna, F|
|poke|p2|Meowscarada, F|
|poke|p2|Gholdengo|
|poke|p2|Great Tusk|
|poke|p2|Slowking-Galar, M|
|poke|p2|Moltres|
|teampreview
|inactive|Battle timer is ON: inactive players will automatically lose when time's up. (requested by Acastillo631)
|
|t:|1757894302
|teamsize|p1|6
|teamsize|p2|6
|start
|switch|p1a: Wind Crowrang|Corviknight, F|100/100
|switch|p2a: Ursaluna|Ursaluna, F|100/100
|turn|1
|
|t:|1757894321
|switch|p2a: Moltres|Moltres|100/100
|move|p1a: Wind Crowrang|U-turn|p2a: Moltres
|-resisted|p2a: Moltres
|-damage|p2a: Moltres|98/100
|-status|p1a: Wind Crowrang|brn|[from] ability: Flame Body|[of] p2a: Moltres
|
|t:|1757894333
|switch|p1a: Garchomp|Garchomp, F|100/100|[from] U-turn
|
|upkeep
|turn|2
|inactive|Acastillo631 has 120 seconds left.
|
|t:|1757894364
|switch|p2a: Ursaluna|Ursaluna, F|100/100
|move|p1a: Garchomp|Spikes|p2a: Ursaluna
|-sidestart|p2: OnArceus|Spikes
|
|upkeep
|turn|3
|
|t:|1757894376
|move|p1a: Garchomp|Spikes|p2a: Ursaluna
|-sidestart|p2: OnArceus|Spikes
|move|p2a: Ursaluna|Ice Punch|p1a: Garchomp
|-supereffective|p1a: Garchomp
|-damage|p1a: Garchomp|14/100
|-damage|p2a: Ursaluna|88/100|[from] ability: Rough Skin|[of] p1a: Garchomp
|
|-heal|p2a: Ursaluna|94/100|[from] item: Leftovers
|upkeep
|turn|4
|inactive|Acastillo631 has 120 seconds left.
|
|t:|1757894401
|switch|p1a: Spiral Pegasus|Keldeo-Resolute|100/100
|move|p2a: Ursaluna|Earthquake|p1a: Spiral Pegasus
|-damage|p1a: Spiral Pegasus|47/100
|
|-heal|p2a: Ursaluna|100/100|[from] item: Leftovers
|upkeep
|turn|5
|inactive|Acastillo631 has 120 seconds left.
|
|t:|1757894411
|move|p2a: Ursaluna|Protect|p2a: Ursaluna
|-singleturn|p2a: Ursaluna|Protect
|move|p1a: Spiral Pegasus|Flip Turn|p2a: Ursaluna
|-activate|p2a: Ursaluna|move: Protect
|
|upkeep
|turn|6
|
|t:|1757894416
|switch|p2a: Slowking|Slowking-Galar, M|100/100
|move|p1a: Spiral Pegasus|Flip Turn|p2a: Slowking
|-damage|p2a: Slowking|91/100
|
|t:|1757894418
|switch|p1a: Eregion|Tyranitar, M|100/100|[from] Flip Turn
|-weather|Sandstorm|[from] ability: Sand Stream|[of] p1a: Eregion
|
|-weather|Sandstorm|[upkeep]
|-damage|p2a: Slowking|85/100|[from] Sandstorm
|upkeep
|turn|7
|
|t:|1757894426
|switch|p2a: Great Tusk|Great Tusk|100/100
|-damage|p2a: Great Tusk|84/100|[from] Spikes
|move|p1a: Eregion|Ice Beam|p2a: Great Tusk
|-supereffective|p2a: Great Tusk
|-damage|p2a: Great Tusk|24/100
|
|-weather|Sandstorm|[upkeep]
|upkeep
|turn|8
|
|t:|1757894432
|switch|p1a: Wire Sponge|Sinistcha|100/100
|move|p2a: Great Tusk|Headlong Rush|p1a: Wire Sponge
|-resisted|p1a: Wire Sponge
|-damage|p1a: Wire Sponge|79/100
|-unboost|p2a: Great Tusk|def|1
|-unboost|p2a: Great Tusk|spd|1
|
|-weather|Sandstorm|[upkeep]
|-damage|p1a: Wire Sponge|73/100|[from] Sandstorm
|upkeep
|turn|9
|
|t:|1757894436
|move|p2a: Great Tusk|Stealth Rock|p1a: Wire Sponge
|-sidestart|p1: Acastillo631|move: Stealth Rock
|move|p1a: Wire Sponge|Strength Sap|p2a: Great Tusk
|-unboost|p2a: Great Tusk|atk|1
|-heal|p1a: Wire Sponge|100/100
|
|-weather|Sandstorm|[upkeep]
|-damage|p1a: Wire Sponge|94/100|[from] Sandstorm
|upkeep
|turn|10
|
|t:|1757894441
|-end|p2a: Great Tusk|Protosynthesis|[silent]
|switch|p2a: Meowscarada|Meowscarada, F|100/100
|move|p1a: Wire Sponge|Shadow Ball|p2a: Meowscarada
|-resisted|p2a: Meowscarada
|-damage|p2a: Meowscarada|73/100
|
|-weather|none
|upkeep
|turn|11
|
|t:|1757894445
|switch|p1a: Wind Crowrang|Corviknight, F|100/100 brn
|-damage|p1a: Wind Crowrang|88/100 brn|[from] Stealth Rock
|move|p2a: Meowscarada|Spikes|p1a: Wind Crowrang
|-sidestart|p1: Acastillo631|Spikes
|
|-damage|p1a: Wind Crowrang|82/100 brn|[from] brn
|upkeep
|turn|12
|
|t:|1757894449
|move|p2a: Meowscarada|U-turn|p1a: Wind Crowrang
|-resisted|p1a: Wind Crowrang
|-damage|p1a: Wind Crowrang|79/100 brn
|-damage|p2a: Meowscarada|57/100|[from] item: Rocky Helmet|[of] p1a: Wind Crowrang
|
|t:|1757894456
|switch|p2a: Ursaluna|Ursaluna, F|100/100|[from] U-turn
|-damage|p2a: Ursaluna|84/100|[from] Spikes
|move|p1a: Wind Crowrang|U-turn|p2a: Ursaluna
|-damage|p2a: Ursaluna|79/100
|
|t:|1757894461
|switch|p1a: Spiral Pegasus|Keldeo-Resolute|47/100|[from] U-turn
|
|-heal|p2a: Ursaluna|85/100|[from] item: Leftovers
|upkeep
|turn|13
|
|t:|1757894465
|move|p2a: Ursaluna|Protect|p2a: Ursaluna
|-singleturn|p2a: Ursaluna|Protect
|move|p1a: Spiral Pegasus|Surf|p2a: Ursaluna
|-activate|p2a: Ursaluna|move: Protect
|
|-heal|p2a: Ursaluna|91/100|[from] item: Leftovers
|upkeep
|turn|14
|
|t:|1757894467
|switch|p2a: Slowking|Slowking-Galar, M|100/100
|move|p1a: Spiral Pegasus|Flip Turn|p2a: Slowking
|-crit|p2a: Slowking
|-damage|p2a: Slowking|83/100
|
|t:|1757894473
|switch|p1a: Eregion|Tyranitar, M|100/100|[from] Flip Turn
|-damage|p1a: Eregion|88/100|[from] Stealth Rock
|-damage|p1a: Eregion|76/100|[from] Spikes
|-weather|Sandstorm|[from] ability: Sand Stream|[of] p1a: Eregion
|
|-weather|Sandstorm|[upkeep]
|-damage|p2a: Slowking|77/100|[from] Sandstorm
|-heal|p1a: Eregion|82/100|[from] item: Leftovers
|upkeep
|turn|15
|
|t:|1757894484
|switch|p2a: Great Tusk|Great Tusk|24/100
|-damage|p2a: Great Tusk|8/100|[from] Spikes
|move|p1a: Eregion|Knock Off|p2a: Great Tusk
|-resisted|p2a: Great Tusk
|-damage|p2a: Great Tusk|0 fnt
|-damage|p1a: Eregion|65/100|[from] item: Rocky Helmet|[of] p2a: Great Tusk
|-enditem|p2a: Great Tusk|Rocky Helmet|[from] move: Knock Off|[of] p1a: Eregion
|faint|p2a: Great Tusk
|-end|p2a: Great Tusk|Protosynthesis|[silent]
|
|-weather|Sandstorm|[upkeep]
|-heal|p1a: Eregion|72/100|[from] item: Leftovers
|upkeep
|
|t:|1757894488
|switch|p2a: Meowscarada|Meowscarada, F|57/100
|turn|16
|
|t:|1757894491
|switch|p1a: Wind Crowrang|Corviknight, F|79/100 brn
|-damage|p1a: Wind Crowrang|67/100 brn|[from] Stealth Rock
|move|p2a: Meowscarada|Flower Trick|p1a: Wind Crowrang
|-resisted|p1a: Wind Crowrang
|-crit|p1a: Wind Crowrang
|-damage|p1a: Wind Crowrang|60/100 brn
|
|-weather|Sandstorm|[upkeep]
|-damage|p2a: Meowscarada|51/100|[from] Sandstorm
|-damage|p1a: Wind Crowrang|54/100 brn|[from] brn
|upkeep
|turn|17
|
|t:|1757894495
|move|p2a: Meowscarada|U-turn|p1a: Wind Crowrang
|-resisted|p1a: Wind Crowrang
|-damage|p1a: Wind Crowrang|51/100 brn
|-damage|p2a: Meowscarada|34/100|[from] item: Rocky Helmet|[of] p1a: Wind Crowrang
|
|t:|1757894497
|switch|p2a: Gholdengo|Gholdengo|100/100|[from] U-turn
|-damage|p2a: Gholdengo|84/100|[from] Spikes
|move|p1a: Wind Crowrang|U-turn|p2a: Gholdengo
|-resisted|p2a: Gholdengo
|-damage|p2a: Gholdengo|82/100
|
|t:|1757894512
|switch|p1a: Spiral Pegasus|Keldeo-Resolute|47/100|[from] U-turn
|
|-weather|Sandstorm|[upkeep]
|-damage|p1a: Spiral Pegasus|40/100|[from] Sandstorm
|upkeep
|turn|18
|inactive|OnArceus has 120 seconds left.
|j| Nodragondanceinrb
|
|t:|1757894562
|switch|p1a: Garchomp|Garchomp, F|14/100
|-damage|p1a: Garchomp|8/100|[from] Stealth Rock
|-damage|p1a: Garchomp|0 fnt|[from] Spikes
|faint|p1a: Garchomp
|move|p2a: Gholdengo|Shadow Ball|p1: Garchomp|[notarget]
|-fail|p2a: Gholdengo
|
|-weather|none
|upkeep
|inactive|Acastillo631 has 120 seconds left.
|inactive|Acastillo631 has 90 seconds left.
|inactive|Acastillo631 has 60 seconds left.
|-message|Acastillo631 forfeited.
|
|win|OnArceus
|raw|Acastillo631's rating: 1660 &rarr; <strong>1648</strong><br />(-12 for losing)
|raw|OnArceus's rating: 1802 &rarr; <strong>1814</strong><br />(+12 for winning)
|l|☆Acastillo631
|player|p1|
