|j|☆czar625
|j|☆Soldierofwar
|t:|1757917746
|gametype|singles
|player|p1|czar625|brock|1089
|player|p2|Soldierofwar|lance|1092
|gen|9
|tier|[Gen 9] OU
|rated|
|rule|HP Percentage Mod: HP is shown in percentages
|rule|Endless Battle Clause: Forcing endless battles is banned
|rule|Species Clause: Limit one of each Pokémon
|rule|OHKO Clause: OHKO moves are banned
|rule|Evasion Items Clause: Evasion items are banned
|rule|Evasion Moves Clause: Evasion moves are banned
|rule|Evasion Abilities Clause: Evasion abilities are banned
|rule|Sleep Moves Clause: Sleep-inducing moves are banned
|clearpoke
|poke|p1|Hitmontop, M|
|poke|p1|Iron Leaves|
|poke|p1|Toucannon, F|
|poke|p1|Ninetales-Alola, M|
|poke|p1|Great Tusk|
|poke|p1|Cryogonal|
|poke|p2|Zapdos|
|poke|p2|Dondozo, F|
|poke|p2|Ogerpon-Cornerstone, F|
|poke|p2|Skeledirge, F|
|poke|p2|Dragonite, M|
|poke|p2|Gliscor, M|
|teampreview
|inactive|Battle timer is ON: inactive players will automatically lose when time's up. (requested by Soldierofwar)
|inactive|Soldierofwar has 120 seconds left.
|inactive|Soldierofwar has 90 seconds left.
|c|☆czar625|Are you alright?
|c|☆Soldierofwar|im thinking what to use
|inactive|Soldierofwar has 60 seconds left.
|c|☆czar625|Okay
|
|t:|1757917843
|teamsize|p1|6
|teamsize|p2|6
|start
|switch|p1a: Hitmontop|Hitmontop, M|100/100
|switch|p2a: Gliscor|Gliscor, M|100/100
|turn|1
|inactive|Soldierofwar has 120 seconds left.
|
|t:|1757917849
|move|p1a: Hitmontop|Triple Axel|p2a: Gliscor
|-supereffective|p2a: Gliscor
|-damage|p2a: Gliscor|69/100
|-supereffective|p2a: Gliscor
|-damage|p2a: Gliscor|4/100
|-supereffective|p2a: Gliscor
|-damage|p2a: Gliscor|0 fnt
|faint|p2a: Gliscor
|-hitcount|p2: Gliscor|3
|
|upkeep
|inactive|Soldierofwar has 120 seconds left.
|
|t:|1757917863
|switch|p2a: Zapdos|Zapdos|100/100
|turn|2
|
|t:|1757917869
|-terastallize|p1a: Hitmontop|Ice
|move|p1a: Hitmontop|Triple Axel|p2a: Zapdos
|-supereffective|p2a: Zapdos
|-damage|p2a: Zapdos|83/100
|-supereffective|p2a: Zapdos
|-damage|p2a: Zapdos|47/100
|-supereffective|p2a: Zapdos
|-damage|p2a: Zapdos|0 fnt
|faint|p2a: Zapdos
|-hitcount|p2: Zapdos|3
|
|upkeep
|
|t:|1757917876
|switch|p2a: Skeledirge|Skeledirge, F|100/100
|turn|3
|
|t:|1757917883
|switch|p1a: Toucannon|Toucannon, F|100/100
|move|p2a: Skeledirge|Torch Song|p1a: Toucannon
|-damage|p1a: Toucannon|68/100
|-boost|p2a: Skeledirge|spa|1
|
|upkeep
|turn|4
|
|t:|1757917890
|move|p2a: Skeledirge|Will-O-Wisp|p1a: Toucannon
|-status|p1a: Toucannon|brn
|move|p1a: Toucannon|Rock Blast|p2a: Skeledirge
|-supereffective|p2a: Skeledirge
|-damage|p2a: Skeledirge|92/100
|-supereffective|p2a: Skeledirge
|-damage|p2a: Skeledirge|83/100
|-supereffective|p2a: Skeledirge
|-crit|p2a: Skeledirge
|-damage|p2a: Skeledirge|70/100
|-supereffective|p2a: Skeledirge
|-damage|p2a: Skeledirge|62/100
|-supereffective|p2a: Skeledirge
|-damage|p2a: Skeledirge|55/100
|-hitcount|p2a: Skeledirge|5
|
|-damage|p1a: Toucannon|62/100 brn|[from] brn
|upkeep
|turn|5
|
|t:|1757917908
|move|p2a: Skeledirge|Slack Off|p2a: Skeledirge
|-heal|p2a: Skeledirge|100/100
|move|p1a: Toucannon|Rock Blast|p2a: Skeledirge
|-supereffective|p2a: Skeledirge
|-damage|p2a: Skeledirge|93/100
|-supereffective|p2a: Skeledirge
|-damage|p2a: Skeledirge|84/100
|-supereffective|p2a: Skeledirge
|-crit|p2a: Skeledirge
|-damage|p2a: Skeledirge|70/100
|-supereffective|p2a: Skeledirge
|-damage|p2a: Skeledirge|61/100
|-supereffective|p2a: Skeledirge
|-damage|p2a: Skeledirge|53/100
|-hitcount|p2a: Skeledirge|5
|
|-damage|p1a: Toucannon|56/100 brn|[from] brn
|upkeep
|turn|6
|
|t:|1757917920
|move|p2a: Skeledirge|Slack Off|p2a: Skeledirge
|-heal|p2a: Skeledirge|100/100
|move|p1a: Toucannon|Rock Blast|p2a: Skeledirge
|-supereffective|p2a: Skeledirge
|-damage|p2a: Skeledirge|92/100
|-supereffective|p2a: Skeledirge
|-damage|p2a: Skeledirge|84/100
|-supereffective|p2a: Skeledirge
|-damage|p2a: Skeledirge|76/100
|-supereffective|p2a: Skeledirge
|-damage|p2a: Skeledirge|68/100
|-supereffective|p2a: Skeledirge
|-crit|p2a: Skeledirge
|-damage|p2a: Skeledirge|54/100
|-hitcount|p2a: Skeledirge|5
|
|-damage|p1a: Toucannon|50/100 brn|[from] brn
|upkeep
|turn|7
|
|t:|1757917939
|move|p2a: Skeledirge|Slack Off|p2a: Skeledirge
|-heal|p2a: Skeledirge|100/100
|move|p1a: Toucannon|Rock Blast|p2a: Skeledirge
|-supereffective|p2a: Skeledirge
|-damage|p2a: Skeledirge|92/100
|-supereffective|p2a: Skeledirge
|-damage|p2a: Skeledirge|84/100
|-supereffective|p2a: Skeledirge
|-damage|p2a: Skeledirge|76/100
|-supereffective|p2a: Skeledirge
|-damage|p2a: Skeledirge|68/100
|-supereffective|p2a: Skeledirge
|-damage|p2a: Skeledirge|59/100
|-hitcount|p2a: Skeledirge|5
|
|-damage|p1a: Toucannon|44/100 brn|[from] brn
|upkeep
|turn|8
|
|t:|1757917950
|move|p2a: Skeledirge|Torch Song|p1a: Toucannon
|-damage|p1a: Toucannon|1/100 brn
|-boost|p2a: Skeledirge|spa|1
|move|p1a: Toucannon|Rock Blast|p2a: Skeledirge
|-supereffective|p2a: Skeledirge
|-damage|p2a: Skeledirge|51/100
|-supereffective|p2a: Skeledirge
|-damage|p2a: Skeledirge|43/100
|-supereffective|p2a: Skeledirge
|-damage|p2a: Skeledirge|34/100
|-supereffective|p2a: Skeledirge
|-damage|p2a: Skeledirge|26/100
|-supereffective|p2a: Skeledirge
|-damage|p2a: Skeledirge|18/100
|-hitcount|p2a: Skeledirge|5
|
|-damage|p1a: Toucannon|0 fnt|[from] brn
|faint|p1a: Toucannon
|upkeep
|inactive|czar625 has 120 seconds left.
|
|t:|1757917981
|switch|p1a: Iron Leaves|Iron Leaves|100/100
|-enditem|p1a: Iron Leaves|Booster Energy
|-activate|p1a: Iron Leaves|ability: Quark Drive|[fromitem]
|-start|p1a: Iron Leaves|quarkdrivespe
|turn|9
|
|t:|1757918010
|move|p1a: Iron Leaves|Psyblade|p2a: Skeledirge
|-damage|p2a: Skeledirge|0 fnt
|-damage|p1a: Iron Leaves|84/100|[from] item: Rocky Helmet|[of] p2a: Skeledirge
|faint|p2a: Skeledirge
|
|upkeep
|
|t:|1757918016
|switch|p2a: Dragonite|Dragonite, M|100/100
|turn|10
|
|t:|1757918024
|move|p1a: Iron Leaves|Psychic Terrain|p1a: Iron Leaves
|-fieldstart|move: Psychic Terrain
|move|p2a: Dragonite|Dragon Dance|p2a: Dragonite
|-boost|p2a: Dragonite|atk|1
|-boost|p2a: Dragonite|spe|1
|
|upkeep
|turn|11
|
|t:|1757918031
|move|p1a: Iron Leaves|Psyblade|p2a: Dragonite
|-damage|p2a: Dragonite|74/100
|move|p2a: Dragonite|Dragon Dance|p2a: Dragonite
|-boost|p2a: Dragonite|atk|1
|-boost|p2a: Dragonite|spe|1
|
|upkeep
|turn|12
|
|t:|1757918051
|move|p2a: Dragonite|Iron Head|p1a: Iron Leaves
|-damage|p1a: Iron Leaves|0 fnt
|faint|p1a: Iron Leaves
|-end|p1a: Iron Leaves|Quark Drive|[silent]
|-damage|p2a: Dragonite|64/100|[from] item: Life Orb
|
|upkeep
|
|t:|1757918060
|switch|p1a: Great Tusk|Great Tusk|100/100
|turn|13
|
|t:|1757918068
|move|p2a: Dragonite|Earthquake|p1a: Great Tusk
|-damage|p1a: Great Tusk|46/100
|-damage|p2a: Dragonite|54/100|[from] item: Life Orb
|move|p1a: Great Tusk|Knock Off|p2a: Dragonite
|-damage|p2a: Dragonite|21/100
|-enditem|p2a: Dragonite|Life Orb|[from] move: Knock Off|[of] p1a: Great Tusk
|
|upkeep
|turn|14
|
|t:|1757918080
|move|p2a: Dragonite|Earthquake|p1a: Great Tusk
|-damage|p1a: Great Tusk|9/100
|move|p1a: Great Tusk|Rapid Spin|p2a: Dragonite
|-damage|p2a: Dragonite|5/100
|-boost|p1a: Great Tusk|spe|1
|
|-fieldend|move: Psychic Terrain
|upkeep
|turn|15
|
|t:|1757918086
|move|p2a: Dragonite|Iron Head|p1a: Great Tusk
|-damage|p1a: Great Tusk|0 fnt
|-damage|p2a: Dragonite|0 fnt|[from] item: Rocky Helmet|[of] p1a: Great Tusk
|faint|p1a: Great Tusk
|-end|p1a: Great Tusk|Protosynthesis|[silent]
|faint|p2a: Dragonite
|
|upkeep
|
|t:|1757918106
|switch|p2a: Ogerpon|Ogerpon-Cornerstone, F|100/100
|switch|p1a: Ninetales|Ninetales-Alola, M|100/100
|-weather|Snowscape|[from] ability: Snow Warning|[of] p1a: Ninetales
|turn|16
|inactive|Soldierofwar has 120 seconds left.
|inactive|Soldierofwar has 90 seconds left.
|
|t:|1757918159
|-terastallize|p2a: Ogerpon|Rock
|detailschange|p2a: Ogerpon|Ogerpon-Cornerstone-Tera, F, tera:Rock
|-ability|p2a: Ogerpon|Embody Aspect (Cornerstone)|boost
|-boost|p2a: Ogerpon|def|1
|move|p2a: Ogerpon|Ivy Cudgel|p1a: Ninetales|[anim] Ivy Cudgel Rock
|-supereffective|p1a: Ninetales
|-damage|p1a: Ninetales|6/100
|move|p1a: Ninetales|Aurora Veil|p1a: Ninetales
|-sidestart|p1: czar625|move: Aurora Veil
|
|-weather|Snowscape|[upkeep]
|upkeep
|turn|17
|inactive|Soldierofwar has 90 seconds left.
|
|t:|1757918171
|move|p2a: Ogerpon|Horn Leech|p1a: Ninetales
|-crit|p1a: Ninetales
|-damage|p1a: Ninetales|0 fnt
|faint|p1a: Ninetales
|
|-weather|Snowscape|[upkeep]
|upkeep
|
|t:|1757918181
|switch|p1a: Hitmontop|Hitmontop, M, tera:Ice|100/100
|turn|18
|
|t:|1757918190
|move|p2a: Ogerpon|Spiky Shield|p2a: Ogerpon
|-singleturn|p2a: Ogerpon|move: Protect
|move|p1a: Hitmontop|Close Combat|p2a: Ogerpon
|-activate|p2a: Ogerpon|move: Protect
|-damage|p1a: Hitmontop|88/100|[from] Spiky Shield|[of] p2a: Ogerpon
|
|-weather|Snowscape|[upkeep]
|upkeep
|turn|19
|
|t:|1757918198
|move|p1a: Hitmontop|Close Combat|p2a: Ogerpon
|-supereffective|p2a: Ogerpon
|-damage|p2a: Ogerpon|7/100
|-unboost|p1a: Hitmontop|def|1
|-unboost|p1a: Hitmontop|spd|1
|move|p2a: Ogerpon|Ivy Cudgel|p1a: Hitmontop|[anim] Ivy Cudgel Rock
|-supereffective|p1a: Hitmontop
|-damage|p1a: Hitmontop|0 fnt
|faint|p1a: Hitmontop
|
|-weather|Snowscape|[upkeep]
|upkeep
|
|t:|1757918201
|switch|p1a: Cryogonal|Cryogonal|100/100
|turn|20
|
|t:|1757918208
|move|p2a: Ogerpon|Ivy Cudgel|p1a: Cryogonal|[anim] Ivy Cudgel Rock
|-supereffective|p1a: Cryogonal
|-damage|p1a: Cryogonal|16/100
|move|p1a: Cryogonal|Freeze-Dry|p2a: Ogerpon
|-damage|p2a: Ogerpon|0 fnt
|faint|p2a: Ogerpon
|detailschange|p2: Ogerpon|Ogerpon-Cornerstone, F|[silent]
|
|-weather|none
|-sideend|p1: czar625|move: Aurora Veil
|upkeep
|
|t:|1757918211
|switch|p2a: Dondozo|Dondozo, F|100/100
|turn|21
|
|t:|1757918217
|move|p1a: Cryogonal|Freeze-Dry|p2a: Dondozo
|-supereffective|p2a: Dondozo
|-damage|p2a: Dondozo|58/100
|move|p2a: Dondozo|Wave Crash|p1a: Cryogonal
|-damage|p1a: Cryogonal|0 fnt
|faint|p1a: Cryogonal
|-damage|p2a: Dondozo|54/100|[from] Recoil
|
|win|Soldierofwar
|raw|czar625's rating: 1089 &rarr; <strong>1066</strong><br />(-23 for losing)
|raw|Soldierofwar's rating: 1092 &rarr; <strong>1118</strong><br />(+26 for winning)
|c|☆czar625|GG
|c|☆Soldierofwar|gg
|l|☆czar625
|player|p1|
|l|☆Soldierofwar
|player|p2|
