|j|☆Yajityyy
|j|☆Maxcolor
|t:|1757897525
|gametype|singles
|player|p1|Yajityyy|burglar|1495
|player|p2|Maxcolor|ghetsis|1470
|gen|9
|tier|[Gen 9] OU
|rated|
|rule|HP Percentage Mod: HP is shown in percentages
|rule|Endless Battle Clause: Forcing endless battles is banned
|rule|Species Clause: Limit one of each Pokémon
|rule|OHKO Clause: OHKO moves are banned
|rule|Evasion Items Clause: Evasion items are banned
|rule|Evasion Moves Clause: Evasion moves are banned
|rule|Evasion Abilities Clause: Evasion abilities are banned
|rule|Sleep Moves Clause: Sleep-inducing moves are banned
|clearpoke
|poke|p1|Glimmora, F|
|poke|p1|Ogerpon-Wellspring, F|
|poke|p1|Hatterene, F|
|poke|p1|Iron Moth|
|poke|p1|Dragonite, F|
|poke|p1|Kingambit, F|
|poke|p2|Ninetales-Alola, F|
|poke|p2|Cetitan, F|
|poke|p2|Ceruledge, M|
|poke|p2|Maushold|
|poke|p2|Hydreigon, F|
|poke|p2|Slowking-Galar, M|
|teampreview
|inactive|Battle timer is ON: inactive players will automatically lose when time's up. (requested by Maxcolor)
|
|t:|1757897540
|teamsize|p1|6
|teamsize|p2|6
|start
|switch|p1a: The Advocate|Glimmora, F|100/100
|switch|p2a: Señorita Brittany|Ninetales-Alola, F, shiny|100/100
|-weather|Snowscape|[from] ability: Snow Warning|[of] p2a: Señorita Brittany
|turn|1
|
|t:|1757897549
|move|p2a: Señorita Brittany|Aurora Veil|p2a: Señorita Brittany
|-sidestart|p2: Maxcolor|move: Aurora Veil
|move|p1a: The Advocate|Stealth Rock|p2a: Señorita Brittany
|-sidestart|p2: Maxcolor|move: Stealth Rock
|
|-weather|Snowscape|[upkeep]
|upkeep
|turn|2
|
|t:|1757897558
|move|p2a: Señorita Brittany|Encore|p1a: The Advocate
|-start|p1a: The Advocate|Encore
|move|p1a: The Advocate|Stealth Rock||[still]
|-fail|p1a: The Advocate
|
|-weather|Snowscape|[upkeep]
|upkeep
|turn|3
|
|t:|1757897568
|switch|p2a: Cebosa|Cetitan, F, shiny|100/100
|-damage|p2a: Cebosa|76/100|[from] Stealth Rock
|switch|p1a: The Witch|Hatterene, F|100/100
|
|-weather|Snowscape|[upkeep]
|upkeep
|turn|4
|
|t:|1757897581
|move|p2a: Cebosa|Belly Drum|p2a: Cebosa
|-damage|p2a: Cebosa|26/100
|-setboost|p2a: Cebosa|atk|6|[from] move: Belly Drum
|-enditem|p2a: Cebosa|Sitrus Berry|[eat]
|-heal|p2a: Cebosa|50/100|[from] item: Sitrus Berry
|move|p1a: The Witch|Mystical Fire|p2a: Cebosa
|-supereffective|p2a: Cebosa
|-damage|p2a: Cebosa|26/100
|-unboost|p2a: Cebosa|spa|1
|
|-weather|Snowscape|[upkeep]
|upkeep
|turn|5
|
|t:|1757897596
|move|p2a: Cebosa|Ice Spinner|p1a: The Witch
|-damage|p1a: The Witch|0 fnt
|faint|p1a: The Witch
|
|-weather|none
|upkeep
|
|t:|1757897605
|switch|p1a: The Advocate|Glimmora, F|100/100
|turn|6
|
|t:|1757897610
|move|p2a: Cebosa|Ice Shard|p1a: The Advocate
|-damage|p1a: The Advocate|10/100
|-activate|p1a: The Advocate|ability: Toxic Debris
|-sidestart|p2: Maxcolor|move: Toxic Spikes
|move|p1a: The Advocate|Power Gem|p2a: Cebosa
|-supereffective|p2a: Cebosa
|-damage|p2a: Cebosa|0 fnt
|faint|p2a: Cebosa
|
|upkeep
|
|t:|1757897627
|switch|p2a: Lagartonas|Hydreigon, F|100/100
|-damage|p2a: Lagartonas|88/100|[from] Stealth Rock
|turn|7
|
|t:|1757897649
|switch|p1a: The Leader|Kingambit, F|100/100
|-activate|p1a: The Leader|ability: Supreme Overlord
|-start|p1a: The Leader|fallen1|[silent]
|move|p2a: Lagartonas|Dark Pulse|p1a: The Leader
|-resisted|p1a: The Leader
|-damage|p1a: The Leader|77/100
|
|upkeep
|turn|8
|
|t:|1757897667
|switch|p2a: Héroe|Slowking-Galar, M|100/100
|-damage|p2a: Héroe|88/100|[from] Stealth Rock
|-sideend|p2: Maxcolor|move: Toxic Spikes|[of] p2a: Héroe
|move|p1a: The Leader|Iron Head|p2a: Héroe
|-damage|p2a: Héroe|64/100
|
|-sideend|p2: Maxcolor|move: Aurora Veil
|upkeep
|turn|9
|
|t:|1757897678
|move|p1a: The Leader|Kowtow Cleave|p2a: Héroe
|-supereffective|p2a: Héroe
|-damage|p2a: Héroe|0 fnt
|faint|p2a: Héroe
|
|upkeep
|
|t:|1757897690
|switch|p2a: Señorita Brittany|Ninetales-Alola, F, shiny|100/100
|-damage|p2a: Señorita Brittany|76/100|[from] Stealth Rock
|-weather|Snowscape|[from] ability: Snow Warning|[of] p2a: Señorita Brittany
|turn|10
|
|t:|1757897697
|move|p1a: The Leader|Sucker Punch||[still]
|-fail|p1a: The Leader
|move|p2a: Señorita Brittany|Aurora Veil|p2a: Señorita Brittany
|-sidestart|p2: Maxcolor|move: Aurora Veil
|
|-weather|Snowscape|[upkeep]
|upkeep
|turn|11
|
|t:|1757897704
|move|p2a: Señorita Brittany|Encore|p1a: The Leader
|-start|p1a: The Leader|Encore
|move|p1a: The Leader|Sucker Punch||[still]
|-fail|p1a: The Leader
|
|-weather|Snowscape|[upkeep]
|upkeep
|turn|12
|
|t:|1757897710
|switch|p2a: Huntrix|Maushold, shiny|100/100
|-damage|p2a: Huntrix|88/100|[from] Stealth Rock
|-end|p1a: The Leader|fallen1|[silent]
|switch|p1a: The Beast|Iron Moth|100/100
|-enditem|p1a: The Beast|Booster Energy
|-activate|p1a: The Beast|ability: Quark Drive|[fromitem]
|-start|p1a: The Beast|quarkdrivespe
|
|-weather|Snowscape|[upkeep]
|upkeep
|turn|13
|
|t:|1757897718
|move|p1a: The Beast|Fiery Dance|p2a: Huntrix
|-damage|p2a: Huntrix|58/100
|-boost|p1a: The Beast|spa|1
|move|p2a: Huntrix|Tidy Up|p2a: Huntrix
|-sideend|p2: Maxcolor|Stealth Rock
|-activate|p2a: Huntrix|move: Tidy Up
|-boost|p2a: Huntrix|atk|1
|-boost|p2a: Huntrix|spe|1
|
|-weather|Snowscape|[upkeep]
|upkeep
|turn|14
|
|t:|1757897732
|move|p2a: Huntrix|Population Bomb|p1a: The Beast
|-damage|p1a: The Beast|78/100
|-damage|p1a: The Beast|54/100
|-damage|p1a: The Beast|31/100
|-damage|p1a: The Beast|6/100
|-damage|p1a: The Beast|0 fnt
|faint|p1a: The Beast
|-end|p1a: The Beast|Quark Drive|[silent]
|-hitcount|p1: The Beast|5
|
|-weather|none
|upkeep
|
|t:|1757897752
|switch|p1a: The Advocate|Glimmora, F|10/100
|turn|15
|
|t:|1757897756
|move|p2a: Huntrix|Bite|p1a: The Advocate
|-damage|p1a: The Advocate|0 fnt
|-activate|p1a: The Advocate|ability: Toxic Debris
|-sidestart|p2: Maxcolor|move: Toxic Spikes
|faint|p1a: The Advocate
|
|upkeep
|
|t:|1757897764
|switch|p1a: Satan|Dragonite, F|100/100
|turn|16
|
|t:|1757897787
|-terastallize|p2a: Huntrix|Normal
|-terastallize|p1a: Satan|Ghost
|move|p2a: Huntrix|Population Bomb|p1a: Satan
|-immune|p1a: Satan
|move|p1a: Satan|Dragon Dance|p1a: Satan
|-boost|p1a: Satan|atk|1
|-boost|p1a: Satan|spe|1
|
|upkeep
|turn|17
|
|t:|1757897801
|move|p2a: Huntrix|Encore|p1a: Satan
|-start|p1a: Satan|Encore
|move|p1a: Satan|Dragon Dance|p1a: Satan
|-boost|p1a: Satan|atk|1
|-boost|p1a: Satan|spe|1
|
|-sideend|p2: Maxcolor|move: Aurora Veil
|upkeep
|turn|18
|
|t:|1757897808
|move|p2a: Huntrix|Bite|p1a: Satan
|-supereffective|p1a: Satan
|-damage|p1a: Satan|67/100
|move|p1a: Satan|Dragon Dance|p1a: Satan
|-boost|p1a: Satan|atk|1
|-boost|p1a: Satan|spe|1
|
|upkeep
|turn|19
|
|t:|1757897815
|move|p1a: Satan|Dragon Dance|p1a: Satan
|-boost|p1a: Satan|atk|1
|-boost|p1a: Satan|spe|1
|move|p2a: Huntrix|Bite|p1a: Satan
|-supereffective|p1a: Satan
|-damage|p1a: Satan|0 fnt
|faint|p1a: Satan
|
|upkeep
|
|t:|1757897829
|switch|p1a: The Leader|Kingambit, F|77/100
|-activate|p1a: The Leader|ability: Supreme Overlord
|-start|p1a: The Leader|fallen4|[silent]
|turn|20
|
|t:|1757897836
|move|p2a: Huntrix|Population Bomb|p1a: The Leader
|-resisted|p1a: The Leader
|-damage|p1a: The Leader|67/100
|-resisted|p1a: The Leader
|-crit|p1a: The Leader
|-damage|p1a: The Leader|54/100
|-resisted|p1a: The Leader
|-damage|p1a: The Leader|44/100
|-resisted|p1a: The Leader
|-crit|p1a: The Leader
|-damage|p1a: The Leader|30/100
|-resisted|p1a: The Leader
|-damage|p1a: The Leader|20/100
|-resisted|p1a: The Leader
|-damage|p1a: The Leader|11/100
|-resisted|p1a: The Leader
|-damage|p1a: The Leader|1/100
|-resisted|p1a: The Leader
|-damage|p1a: The Leader|0 fnt
|faint|p1a: The Leader
|-end|p1a: The Leader|fallen4|[silent]
|-hitcount|p1: The Leader|8
|
|upkeep
|
|t:|1757897849
|switch|p1a: The Ogerponzi|Ogerpon-Wellspring, F|100/100
|turn|21
|
|t:|1757897854
|move|p2a: Huntrix|Population Bomb|p1a: The Ogerponzi
|-damage|p1a: The Ogerponzi|69/100
|-damage|p1a: The Ogerponzi|39/100
|-damage|p1a: The Ogerponzi|7/100
|-damage|p1a: The Ogerponzi|0 fnt
|faint|p1a: The Ogerponzi
|-hitcount|p1: The Ogerponzi|4
|
|win|Maxcolor
|raw|Yajityyy's rating: 1495 &rarr; <strong>1474</strong><br />(-21 for losing)
|raw|Maxcolor's rating: 1470 &rarr; <strong>1491</strong><br />(+21 for winning)
|l|☆Yajityyy
|player|p1|
|l|☆Maxcolor
|player|p2|
