|j|☆36hpdc
|j|☆yeyibu
|t:|1757837549
|gametype|singles
|player|p1|36hpdc|266|1285
|player|p2|yeyibu|miku-ghost|1319
|gen|9
|tier|[Gen 9] OU
|rated|
|rule|HP Percentage Mod: HP is shown in percentages
|rule|Endless Battle Clause: Forcing endless battles is banned
|rule|Species Clause: Limit one of each Pokémon
|rule|OHKO Clause: OHKO moves are banned
|rule|Evasion Items Clause: Evasion items are banned
|rule|Evasion Moves Clause: Evasion moves are banned
|rule|Evasion Abilities Clause: Evasion abilities are banned
|rule|Sleep Moves Clause: Sleep-inducing moves are banned
|clearpoke
|poke|p1|Dusclops, M|
|poke|p1|Klefki, F|
|poke|p1|Conkeldurr, F|
|poke|p1|Ursaluna, M|
|poke|p1|Kingdra, M|
|poke|p1|Politoed, M|
|poke|p2|Landorus-Therian, M|
|poke|p2|Cinderace, M|
|poke|p2|Alomomola, F|
|poke|p2|Chesnaught, M|
|poke|p2|Slowking-Galar, F|
|poke|p2|Iron Valiant|
|teampreview
|
|t:|1757837564
|teamsize|p1|6
|teamsize|p2|6
|start
|switch|p1a: Klefki|Klefki, F|100/100
|switch|p2a: Landorus|Landorus-Therian, M|100/100
|-ability|p2a: Landorus|Intimidate|boost
|-unboost|p1a: Klefki|atk|1
|turn|1
|
|t:|1757837579
|move|p1a: Klefki|Switcheroo|p2a: Landorus
|-activate|p1a: Klefki|move: Trick|[of] p2a: Landorus
|-item|p2a: Landorus|Choice Scarf|[from] move: Switcheroo
|-item|p1a: Klefki|Choice Scarf|[from] move: Switcheroo
|move|p2a: Landorus|Earthquake|p1a: Klefki
|-supereffective|p1a: Klefki
|-damage|p1a: Klefki|0 fnt
|faint|p1a: Klefki
|
|upkeep
|
|t:|1757837587
|switch|p1a: Politoed|Politoed, M|100/100
|-weather|RainDance|[from] ability: Drizzle|[of] p1a: Politoed
|turn|2
|
|t:|1757837607
|switch|p2a: Chesnaught|Chesnaught, M|100/100
|switch|p1a: Ursaluna|Ursaluna, M|100/100
|
|-weather|RainDance|[upkeep]
|-status|p1a: Ursaluna|brn|[from] item: Flame Orb
|upkeep
|turn|3
|
|t:|1757837616
|switch|p1a: Dusclops|Dusclops, M|100/100
|-item|p2a: Chesnaught|Rocky Helmet|[from] ability: Frisk|[of] p1a: Dusclops
|move|p2a: Chesnaught|Leech Seed|p1a: Dusclops
|-start|p1a: Dusclops|move: Leech Seed
|
|-weather|RainDance|[upkeep]
|-damage|p1a: Dusclops|88/100|[from] Leech Seed|[of] p2a: Chesnaught
|upkeep
|turn|4
|
|t:|1757837625
|move|p2a: Chesnaught|Spiky Shield|p2a: Chesnaught
|-singleturn|p2a: Chesnaught|move: Protect
|move|p1a: Dusclops|Will-O-Wisp|p2a: Chesnaught
|-activate|p2a: Chesnaught|move: Protect
|
|-weather|RainDance|[upkeep]
|-damage|p1a: Dusclops|76/100|[from] Leech Seed|[of] p2a: Chesnaught
|upkeep
|turn|5
|
|t:|1757837636
|switch|p2a: Cinderace|Cinderace, M|100/100
|switch|p1a: Conkeldurr|Conkeldurr, F|100/100
|
|-weather|RainDance|[upkeep]
|-status|p1a: Conkeldurr|brn|[from] item: Flame Orb
|upkeep
|turn|6
|
|t:|1757837644
|move|p2a: Cinderace|U-turn|p1a: Conkeldurr
|-start|p2a: Cinderace|typechange|Bug|[from] ability: Libero
|-resisted|p1a: Conkeldurr
|-damage|p1a: Conkeldurr|85/100 brn
|
|t:|1757837665
|switch|p2a: Landorus|Landorus-Therian, M|100/100|[from] U-turn
|-ability|p2a: Landorus|Intimidate|boost
|-unboost|p1a: Conkeldurr|atk|1
|move|p1a: Conkeldurr|Knock Off|p2a: Landorus
|-damage|p2a: Landorus|58/100
|-enditem|p2a: Landorus|Choice Scarf|[from] move: Knock Off|[of] p1a: Conkeldurr
|
|-weather|RainDance|[upkeep]
|-damage|p1a: Conkeldurr|79/100 brn|[from] brn
|upkeep
|turn|7
|
|t:|1757837681
|switch|p1a: Dusclops|Dusclops, M|76/100
|-terastallize|p2a: Landorus|Flying
|move|p2a: Landorus|Tera Blast|p1a: Dusclops|[anim] Tera Blast Flying
|-damage|p1a: Dusclops|41/100
|
|-weather|RainDance|[upkeep]
|upkeep
|turn|8
|
|t:|1757837691
|move|p2a: Landorus|U-turn|p1a: Dusclops
|-resisted|p1a: Dusclops
|-damage|p1a: Dusclops|35/100
|
|t:|1757837706
|switch|p2a: Cinderace|Cinderace, M|100/100|[from] U-turn
|move|p1a: Dusclops|Trick Room|p1a: Dusclops
|-fieldstart|move: Trick Room|[of] p1a: Dusclops
|
|-weather|RainDance|[upkeep]
|upkeep
|turn|9
|
|t:|1757837714
|move|p2a: Cinderace|Sucker Punch||[still]
|-fail|p2a: Cinderace
|move|p1a: Dusclops|Pain Split|p2a: Cinderace
|-sethp|p2a: Cinderace|67/100|[from] move: Pain Split|[silent]
|-sethp|p1a: Dusclops|71/100|[from] move: Pain Split
|
|-weather|none
|upkeep
|turn|10
|
|t:|1757837727
|switch|p1a: Conkeldurr|Conkeldurr, F|79/100 brn
|move|p2a: Cinderace|Pyro Ball|p1a: Conkeldurr
|-damage|p1a: Conkeldurr|31/100 brn
|
|-damage|p1a: Conkeldurr|25/100 brn|[from] brn
|upkeep
|turn|11
|
|t:|1757837740
|switch|p2a: Slowking|Slowking-Galar, F|100/100
|move|p1a: Conkeldurr|Facade|p2a: Slowking
|-damage|p2a: Slowking|22/100
|
|-damage|p1a: Conkeldurr|19/100 brn|[from] brn
|upkeep
|turn|12
|
|t:|1757837749
|move|p2a: Slowking|Flamethrower|p1a: Conkeldurr
|-damage|p1a: Conkeldurr|0 fnt
|faint|p1a: Conkeldurr
|
|-fieldend|move: Trick Room
|upkeep
|
|t:|1757837760
|switch|p1a: Dusclops|Dusclops, M|71/100
|-item|p2a: Slowking|Heavy-Duty Boots|[from] ability: Frisk|[of] p1a: Dusclops
|turn|13
|
|t:|1757837777
|switch|p2a: Cinderace|Cinderace, M|67/100
|move|p1a: Dusclops|Trick Room|p1a: Dusclops
|-fieldstart|move: Trick Room|[of] p1a: Dusclops
|
|upkeep
|turn|14
|
|t:|1757837782
|switch|p1a: Ursaluna|Ursaluna, M|100/100 brn
|move|p2a: Cinderace|Pyro Ball|p1a: Ursaluna
|-damage|p1a: Ursaluna|63/100 brn
|
|-damage|p1a: Ursaluna|57/100 brn|[from] brn
|upkeep
|turn|15
|
|t:|1757837791
|move|p2a: Cinderace|Sucker Punch|p1a: Ursaluna
|-start|p2a: Cinderace|typechange|Dark|[from] ability: Libero
|-damage|p1a: Ursaluna|33/100 brn
|move|p1a: Ursaluna|Facade|p2a: Cinderace
|-damage|p2a: Cinderace|0 fnt
|faint|p2a: Cinderace
|
|-damage|p1a: Ursaluna|27/100 brn|[from] brn
|upkeep
|
|t:|1757837799
|switch|p2a: Landorus|Landorus-Therian, M, tera:Flying|58/100
|-ability|p2a: Landorus|Intimidate|boost
|-unboost|p1a: Ursaluna|atk|1
|turn|16
|
|t:|1757837805
|switch|p2a: Chesnaught|Chesnaught, M|100/100
|move|p1a: Ursaluna|Ice Punch|p2a: Chesnaught
|-supereffective|p2a: Chesnaught
|-damage|p2a: Chesnaught|70/100
|-damage|p1a: Ursaluna|10/100 brn|[from] item: Rocky Helmet|[of] p2a: Chesnaught
|
|-damage|p1a: Ursaluna|4/100 brn|[from] brn
|upkeep
|turn|17
|-message|36hpdc forfeited.
|
|win|yeyibu
|raw|36hpdc's rating: 1285 &rarr; <strong>1261</strong><br />(-24 for losing)
|raw|yeyibu's rating: 1298 &rarr; <strong>1322</strong><br />(+24 for winning)
|l|☆36hpdc
|player|p1|
|l|☆yeyibu
|player|p2|
