|j|‽gamen
|j|☆Loulwayne
|t:|1757866823
|gametype|singles
|player|p1|gamen|170|1182
|player|p2|Loulwayne|lucian|1150
|gen|9
|tier|[Gen 9] OU
|rated|
|rule|HP Percentage Mod: HP is shown in percentages
|rule|Endless Battle Clause: Forcing endless battles is banned
|rule|Species Clause: Limit one of each Pokémon
|rule|OHKO Clause: OHKO moves are banned
|rule|Evasion Items Clause: Evasion items are banned
|rule|Evasion Moves Clause: Evasion moves are banned
|rule|Evasion Abilities Clause: Evasion abilities are banned
|rule|Sleep Moves Clause: Sleep-inducing moves are banned
|clearpoke
|poke|p1|Latias, F|
|poke|p1|Kyurem|
|poke|p1|Gyarados, M|
|poke|p1|Dragapult, M|
|poke|p1|Corviknight, M|
|poke|p1|Kommo-o, F|
|poke|p2|Hatterene, F|
|poke|p2|Scream Tail|
|poke|p2|Gallade, M|
|poke|p2|Bronzong|
|poke|p2|Munkidori, M|
|poke|p2|Meloetta|
|teampreview
|inactive|Battle timer is ON: inactive players will automatically lose when time's up. (requested by gamen)
|
|t:|1757866834
|teamsize|p1|6
|teamsize|p2|6
|start
|switch|p1a: Dragapult|Dragapult, M|100/100
|switch|p2a: Munkidori|Munkidori, M|100/100
|turn|1
|
|t:|1757866840
|move|p2a: Munkidori|Parting Shot|p1a: Dragapult
|-unboost|p1a: Dragapult|atk|1
|-unboost|p1a: Dragapult|spa|1
|
|t:|1757866843
|switch|p2a: Meloetta|Meloetta|100/100|[from] Parting Shot
|move|p1a: Dragapult|Shadow Ball|p2a: Meloetta
|-immune|p2a: Meloetta
|
|upkeep
|turn|2
|
|t:|1757866849
|switch|p1a: Kyurem|Kyurem|100/100
|-ability|p1a: Kyurem|Pressure
|move|p2a: Meloetta|Knock Off|p1a: Kyurem
|-damage|p1a: Kyurem|82/100
|-enditem|p1a: Kyurem|Loaded Dice|[from] move: Knock Off|[of] p2a: Meloetta
|
|upkeep
|turn|3
|
|t:|1757866857
|move|p1a: Kyurem|Scale Shot|p2a: Meloetta
|-damage|p2a: Meloetta|88/100
|-damage|p2a: Meloetta|76/100
|-hitcount|p2a: Meloetta|2
|-unboost|p1a: Kyurem|def|1
|-boost|p1a: Kyurem|spe|1
|move|p2a: Meloetta|Relic Song|p1a: Kyurem
|-damage|p1a: Kyurem|39/100
|-formechange|p2a: Meloetta|Meloetta-Pirouette|[msg]
|
|-heal|p2a: Meloetta|82/100|[from] item: Leftovers
|upkeep
|turn|4
|
|t:|1757866867
|move|p1a: Kyurem|Icicle Spear|p2a: Meloetta
|-damage|p2a: Meloetta|71/100
|-damage|p2a: Meloetta|60/100
|-crit|p2a: Meloetta
|-damage|p2a: Meloetta|44/100
|-hitcount|p2a: Meloetta|3
|move|p2a: Meloetta|Drain Punch|p1a: Kyurem
|-supereffective|p1a: Kyurem
|-damage|p1a: Kyurem|0 fnt
|-heal|p2a: Meloetta|63/100|[from] drain|[of] p1a: Kyurem
|faint|p1a: Kyurem
|
|-heal|p2a: Meloetta|69/100|[from] item: Leftovers
|upkeep
|
|t:|1757866875
|switch|p1a: Latias|Latias, F|100/100
|turn|5
|
|t:|1757866881
|switch|p2a: Bronzong|Bronzong|100/100
|move|p1a: Latias|Agility|p1a: Latias
|-boost|p1a: Latias|spe|2
|
|upkeep
|turn|6
|
|t:|1757866887
|move|p1a: Latias|Agility|p1a: Latias
|-boost|p1a: Latias|spe|2
|move|p2a: Bronzong|Trick Room|p2a: Bronzong
|-fieldstart|move: Trick Room|[of] p2a: Bronzong
|
|upkeep
|turn|7
|
|t:|1757866889
|move|p2a: Bronzong|Gyro Ball|p1a: Latias
|-damage|p1a: Latias|42/100
|move|p1a: Latias|Shadow Ball|p2a: Bronzong
|-supereffective|p2a: Bronzong
|-damage|p2a: Bronzong|58/100
|-unboost|p2a: Bronzong|spd|1
|
|upkeep
|turn|8
|
|t:|1757866897
|move|p2a: Bronzong|Gyro Ball|p1a: Latias
|-damage|p1a: Latias|0 fnt
|faint|p1a: Latias
|
|upkeep
|
|t:|1757866900
|switch|p1a: Gyarados|Gyarados, M|100/100
|-ability|p1a: Gyarados|Intimidate|boost
|-unboost|p2a: Bronzong|atk|1
|turn|9
|
|t:|1757866905
|move|p2a: Bronzong|Reflect|p2a: Bronzong
|-sidestart|p2: Loulwayne|Reflect
|move|p1a: Gyarados|Dragon Dance|p1a: Gyarados
|-boost|p1a: Gyarados|atk|1
|-boost|p1a: Gyarados|spe|1
|
|upkeep
|turn|10
|
|t:|1757866913
|switch|p2a: Munkidori|Munkidori, M|100/100
|move|p1a: Gyarados|Dragon Dance|p1a: Gyarados
|-boost|p1a: Gyarados|atk|1
|-boost|p1a: Gyarados|spe|1
|
|-fieldend|move: Trick Room
|upkeep
|turn|11
|
|t:|1757866919
|-terastallize|p1a: Gyarados|Flying
|move|p1a: Gyarados|Tera Blast|p2a: Munkidori|[anim] Tera Blast Flying
|-crit|p2a: Munkidori
|-damage|p2a: Munkidori|0 fnt
|faint|p2a: Munkidori
|
|upkeep
|
|t:|1757866928
|switch|p2a: Scream Tail|Scream Tail|100/100
|-enditem|p2a: Scream Tail|Booster Energy
|-activate|p2a: Scream Tail|ability: Protosynthesis|[fromitem]
|-start|p2a: Scream Tail|protosynthesisspe
|turn|12
|
|t:|1757866933
|move|p1a: Gyarados|Tera Blast|p2a: Scream Tail|[anim] Tera Blast Flying
|-damage|p2a: Scream Tail|60/100
|move|p2a: Scream Tail|Thunder Wave|p1a: Gyarados
|-status|p1a: Gyarados|par
|
|upkeep
|turn|13
|
|t:|1757866940
|move|p2a: Scream Tail|Disable|p1a: Gyarados
|-start|p1a: Gyarados|Disable|Tera Blast
|cant|p1a: Gyarados|Disable|Tera Blast
|
|upkeep
|turn|14
|
|t:|1757866944
|move|p2a: Scream Tail|Encore|p1a: Gyarados
|-start|p1a: Gyarados|Encore
|cant|p1a: Gyarados|Disable|Tera Blast
|
|upkeep
|turn|15
|
|t:|1757866948
|move|p2a: Scream Tail|Wish|p2a: Scream Tail
|-activate|p1a: Gyarados|move: Struggle
|move|p1a: Gyarados|Struggle|p2a: Scream Tail
|-damage|p2a: Scream Tail|47/100
|-damage|p1a: Gyarados|75/100 par|[from] recoil
|
|upkeep
|turn|16
|
|t:|1757866956
|-end|p2a: Scream Tail|Protosynthesis|[silent]
|switch|p2a: Bronzong|Bronzong|58/100
|cant|p1a: Gyarados|par
|
|-heal|p2a: Bronzong|100/100|[from] move: Wish|[wisher] Scream Tail
|-end|p1a: Gyarados|Encore
|-end|p1a: Gyarados|Disable
|-sideend|p2: Loulwayne|Reflect
|upkeep
|turn|17
|
|t:|1757866967
|move|p1a: Gyarados|Waterfall|p2a: Bronzong
|-damage|p2a: Bronzong|50/100
|move|p2a: Bronzong|Gyro Ball|p1a: Gyarados
|-damage|p1a: Gyarados|26/100 par
|
|upkeep
|turn|18
|
|t:|1757866973
|move|p1a: Gyarados|Waterfall|p2a: Bronzong
|-damage|p2a: Bronzong|0 fnt
|faint|p2a: Bronzong
|
|upkeep
|
|t:|1757866977
|switch|p2a: Scream Tail|Scream Tail|47/100
|turn|19
|
|t:|1757866981
|move|p2a: Scream Tail|Disable|p1a: Gyarados
|-start|p1a: Gyarados|Disable|Waterfall
|cant|p1a: Gyarados|Disable|Waterfall
|
|upkeep
|turn|20
|
|t:|1757866984
|move|p2a: Scream Tail|Encore|p1a: Gyarados
|-start|p1a: Gyarados|Encore
|cant|p1a: Gyarados|Disable|Waterfall
|
|upkeep
|turn|21
|
|t:|1757866986
|move|p2a: Scream Tail|Wish|p2a: Scream Tail
|-activate|p1a: Gyarados|move: Struggle
|move|p1a: Gyarados|Struggle|p2a: Scream Tail
|-damage|p2a: Scream Tail|20/100
|-damage|p1a: Gyarados|1/100 par|[from] recoil
|
|upkeep
|turn|22
|
|t:|1757866996
|-end|p2a: Scream Tail|Protosynthesis|[silent]
|switch|p2a: Hatterene|Hatterene, F|100/100
|-activate|p1a: Gyarados|move: Struggle
|move|p1a: Gyarados|Struggle|p2a: Hatterene
|-damage|p2a: Hatterene|62/100
|-damage|p1a: Gyarados|0 fnt|[from] recoil
|faint|p1a: Gyarados
|
|-heal|p2a: Hatterene|100/100|[from] move: Wish|[wisher] Scream Tail
|upkeep
|
|t:|1757867004
|switch|p1a: Kommo-o|Kommo-o, F|100/100
|turn|23
|
|t:|1757867010
|move|p1a: Kommo-o|Clangorous Soul|p1a: Kommo-o
|-boost|p1a: Kommo-o|atk|1
|-boost|p1a: Kommo-o|def|1
|-boost|p1a: Kommo-o|spa|1
|-boost|p1a: Kommo-o|spd|1
|-boost|p1a: Kommo-o|spe|1
|-damage|p1a: Kommo-o|68/100
|move|p2a: Hatterene|Dazzling Gleam|p1a: Kommo-o
|-supereffective|p1a: Kommo-o
|-damage|p1a: Kommo-o|0 fnt
|faint|p1a: Kommo-o
|
|upkeep
|
|t:|1757867013
|switch|p1a: Dragapult|Dragapult, M|100/100
|turn|24
|
|t:|1757867019
|move|p1a: Dragapult|Flamethrower|p2a: Hatterene
|-damage|p2a: Hatterene|50/100
|move|p2a: Hatterene|Dazzling Gleam|p1a: Dragapult
|-supereffective|p1a: Dragapult
|-damage|p1a: Dragapult|0 fnt
|faint|p1a: Dragapult
|
|-heal|p2a: Hatterene|56/100|[from] item: Leftovers
|upkeep
|
|t:|1757867023
|switch|p1a: Corviknight|Corviknight, M|100/100
|-ability|p1a: Corviknight|Pressure
|turn|25
|
|t:|1757867025
|move|p1a: Corviknight|Agility|p1a: Corviknight
|-boost|p1a: Corviknight|spe|2
|move|p2a: Hatterene|Nuzzle|p1a: Corviknight
|-supereffective|p1a: Corviknight
|-damage|p1a: Corviknight|94/100
|-status|p1a: Corviknight|par
|
|-heal|p1a: Corviknight|99/100 par|[from] item: Leftovers
|-heal|p2a: Hatterene|62/100|[from] item: Leftovers
|upkeep
|turn|26
|
|t:|1757867029
|move|p1a: Corviknight|Agility|p1a: Corviknight
|-boost|p1a: Corviknight|spe|2
|move|p2a: Hatterene|Mystical Fire|p1a: Corviknight
|-supereffective|p1a: Corviknight
|-damage|p1a: Corviknight|65/100 par
|-unboost|p1a: Corviknight|spa|1
|
|-heal|p1a: Corviknight|71/100 par|[from] item: Leftovers
|-heal|p2a: Hatterene|68/100|[from] item: Leftovers
|upkeep
|turn|27
|
|t:|1757867036
|move|p1a: Corviknight|Agility|p1a: Corviknight
|-boost|p1a: Corviknight|spe|2
|move|p2a: Hatterene|Mystical Fire|p1a: Corviknight
|-supereffective|p1a: Corviknight
|-damage|p1a: Corviknight|36/100 par
|-unboost|p1a: Corviknight|spa|1
|
|-heal|p1a: Corviknight|42/100 par|[from] item: Leftovers
|-heal|p2a: Hatterene|73/100|[from] item: Leftovers
|upkeep
|turn|28
|
|t:|1757867040
|move|p1a: Corviknight|Bulk Up|p1a: Corviknight
|-boost|p1a: Corviknight|atk|1
|-boost|p1a: Corviknight|def|1
|move|p2a: Hatterene|Mystical Fire|p1a: Corviknight
|-supereffective|p1a: Corviknight
|-crit|p1a: Corviknight
|-damage|p1a: Corviknight|0 fnt
|faint|p1a: Corviknight
|
|win|Loulwayne
|raw|gamen's rating: 1182 &rarr; <strong>1155</strong><br />(-27 for losing)
|raw|Loulwayne's rating: 1150 &rarr; <strong>1177</strong><br />(+27 for winning)
|l|☆Loulwayne
|player|p2|
|l|‽gamen
|player|p1|
