|j|☆jahleel
|j|☆fallen_gengar0
|t:|1757954308
|gametype|singles
|player|p1|jahleel|dancer|1646
|player|p2|fallen_gengar0|hiker|1606
|gen|9
|tier|[Gen 9] OU
|rated|
|rule|HP Percentage Mod: HP is shown in percentages
|rule|Endless Battle Clause: Forcing endless battles is banned
|rule|Species Clause: Limit one of each Pokémon
|rule|OHKO Clause: OHKO moves are banned
|rule|Evasion Items Clause: Evasion items are banned
|rule|Evasion Moves Clause: Evasion moves are banned
|rule|Evasion Abilities Clause: Evasion abilities are banned
|rule|Sleep Moves Clause: Sleep-inducing moves are banned
|clearpoke
|poke|p1|Pecharunt|
|poke|p1|Iron Valiant|
|poke|p1|Moltres|
|poke|p1|Alomomola, F|
|poke|p1|Great Tusk|
|poke|p1|Dragonite, F|
|poke|p2|Mesprit|
|poke|p2|Hatterene, F|
|poke|p2|Kingambit, F|
|poke|p2|Ursaluna, M|
|poke|p2|Iron Hands|
|poke|p2|Hoopa-Unbound|
|teampreview
|inactive|Battle timer is ON: inactive players will automatically lose when time's up. (requested by fallen_gengar0)
|
|t:|1757954357
|teamsize|p1|6
|teamsize|p2|6
|start
|switch|p1a: Alomomola|Alomomola, F|100/100
|switch|p2a: Iron Hands|Iron Hands|100/100
|-enditem|p2a: Iron Hands|Booster Energy
|-activate|p2a: Iron Hands|ability: Quark Drive|[fromitem]
|-start|p2a: Iron Hands|quarkdriveatk
|turn|1
|
|t:|1757954375
|move|p1a: Alomomola|Flip Turn|p2a: Iron Hands
|-damage|p2a: Iron Hands|90/100
|
|t:|1757954385
|switch|p1a: Great Tusk|Great Tusk|100/100|[from] Flip Turn
|move|p2a: Iron Hands|Swords Dance|p2a: Iron Hands
|-boost|p2a: Iron Hands|atk|2
|
|upkeep
|turn|2
|
|t:|1757954391
|move|p1a: Great Tusk|Stealth Rock|p2a: Iron Hands
|-sidestart|p2: fallen_gengar0|move: Stealth Rock
|move|p2a: Iron Hands|Ice Punch|p1a: Great Tusk
|-supereffective|p1a: Great Tusk
|-damage|p1a: Great Tusk|0 fnt
|faint|p1a: Great Tusk
|-end|p1a: Great Tusk|Protosynthesis|[silent]
|
|upkeep
|
|t:|1757954396
|switch|p1a: Iron Valiant|Iron Valiant|100/100
|turn|3
|
|t:|1757954400
|-end|p2a: Iron Hands|Quark Drive|[silent]
|switch|p2a: Mesprit|Mesprit|100/100
|-damage|p2a: Mesprit|88/100|[from] Stealth Rock
|move|p1a: Iron Valiant|Moonblast|p2a: Mesprit
|-damage|p2a: Mesprit|42/100
|
|upkeep
|turn|4
|
|t:|1757954414
|switch|p2a: Kingambit|Kingambit, F|100/100
|-damage|p2a: Kingambit|94/100|[from] Stealth Rock
|move|p1a: Iron Valiant|Moonblast|p2a: Kingambit
|-damage|p2a: Kingambit|26/100
|
|upkeep
|turn|5
|inactive|jahleel has 120 seconds left.
|
|t:|1757954446
|move|p1a: Iron Valiant|Moonblast|p2a: Kingambit
|-damage|p2a: Kingambit|0 fnt
|faint|p2a: Kingambit
|-end|p2a: Kingambit|fallenundefined|[silent]
|
|upkeep
|
|t:|1757954465
|switch|p2a: Hoopa|Hoopa-Unbound|100/100
|-damage|p2a: Hoopa|88/100|[from] Stealth Rock
|turn|6
|
|t:|1757954475
|-end|p1a: Iron Valiant|Quark Drive|[silent]
|switch|p1a: Moltres|Moltres|100/100
|-terastallize|p2a: Hoopa|Poison
|move|p2a: Hoopa|Psychic|p1a: Moltres
|-damage|p1a: Moltres|56/100
|-damage|p2a: Hoopa|78/100|[from] item: Life Orb
|
|upkeep
|turn|7
|
|t:|1757954486
|switch|p2a: Ursaluna|Ursaluna, M|100/100
|-damage|p2a: Ursaluna|94/100|[from] Stealth Rock
|move|p1a: Moltres|Roost|p1a: Moltres
|-heal|p1a: Moltres|100/100
|-singleturn|p1a: Moltres|move: Roost
|
|-status|p2a: Ursaluna|brn|[from] item: Flame Orb
|upkeep
|turn|8
|
|t:|1757954502
|move|p1a: Moltres|Flamethrower|p2a: Ursaluna
|-damage|p2a: Ursaluna|63/100 brn
|move|p2a: Ursaluna|Facade|p1a: Moltres
|-damage|p1a: Moltres|0 fnt
|faint|p1a: Moltres
|
|-damage|p2a: Ursaluna|56/100 brn|[from] brn
|upkeep
|
|t:|1757954508
|switch|p1a: Iron Valiant|Iron Valiant|100/100
|turn|9
|
|t:|1757954519
|switch|p2a: Mesprit|Mesprit|42/100
|-damage|p2a: Mesprit|29/100|[from] Stealth Rock
|move|p1a: Iron Valiant|Moonblast|p2a: Mesprit
|-damage|p2a: Mesprit|0 fnt
|faint|p2a: Mesprit
|
|upkeep
|
|t:|1757954526
|switch|p2a: Hoopa|Hoopa-Unbound, tera:Poison|78/100
|-damage|p2a: Hoopa|66/100|[from] Stealth Rock
|turn|10
|
|t:|1757954535
|-end|p1a: Iron Valiant|Quark Drive|[silent]
|switch|p1a: Alomomola|Alomomola, F|100/100
|switch|p2a: Hatterene|Hatterene, F|100/100
|-damage|p2a: Hatterene|88/100|[from] Stealth Rock
|
|-heal|p2a: Hatterene|94/100|[from] item: Leftovers
|upkeep
|turn|11
|
|t:|1757954541
|move|p1a: Alomomola|Body Slam|p2a: Hatterene
|-damage|p2a: Hatterene|81/100
|move|p2a: Hatterene|Trick Room|p2a: Hatterene
|-fieldstart|move: Trick Room|[of] p2a: Hatterene
|
|-heal|p2a: Hatterene|87/100|[from] item: Leftovers
|upkeep
|turn|12
|
|t:|1757954550
|switch|p2a: Ursaluna|Ursaluna, M|56/100 brn
|-damage|p2a: Ursaluna|50/100 brn|[from] Stealth Rock
|move|p1a: Alomomola|Body Slam|p2a: Ursaluna
|-damage|p2a: Ursaluna|40/100 brn
|
|-damage|p2a: Ursaluna|34/100 brn|[from] brn
|upkeep
|turn|13
|inactive|jahleel has 120 seconds left.
|
|t:|1757954605
|move|p2a: Ursaluna|Headlong Rush|p1a: Alomomola
|-damage|p1a: Alomomola|31/100
|-unboost|p2a: Ursaluna|def|1
|-unboost|p2a: Ursaluna|spd|1
|move|p1a: Alomomola|Flip Turn|p2a: Ursaluna
|-supereffective|p2a: Ursaluna
|-damage|p2a: Ursaluna|0 fnt
|faint|p2a: Ursaluna
|inactive|jahleel has 90 seconds left.
|inactive|jahleel has 60 seconds left.
|l|☆fallen_gengar0
|inactive|fallen_gengar0 disconnected and has a minute to reconnect!
|player|p2|
|
|t:|1757954657
|switch|p1a: Pecharunt|Pecharunt|100/100|[from] Flip Turn
|
|upkeep
|j|☆fallen_gengar0
|inactive|fallen_gengar0 reconnected and has 140 seconds left.
|player|p2|fallen_gengar0|hiker|
|
|t:|1757954686
|switch|p2a: Hoopa|Hoopa-Unbound, tera:Poison|66/100
|-damage|p2a: Hoopa|54/100|[from] Stealth Rock
|turn|14
|
|t:|1757954696
|switch|p1a: Alomomola|Alomomola, F|65/100
|move|p2a: Hoopa|Psychic|p1a: Alomomola
|-damage|p1a: Alomomola|29/100
|-unboost|p1a: Alomomola|spd|1
|-damage|p2a: Hoopa|44/100|[from] item: Life Orb
|
|upkeep
|turn|15
|
|t:|1757954709
|switch|p2a: Hatterene|Hatterene, F|87/100
|-damage|p2a: Hatterene|74/100|[from] Stealth Rock
|move|p1a: Alomomola|Flip Turn|p2a: Hatterene
|-damage|p2a: Hatterene|60/100
|
|t:|1757954719
|switch|p1a: Pecharunt|Pecharunt|100/100|[from] Flip Turn
|
|-heal|p2a: Hatterene|66/100|[from] item: Leftovers
|-fieldend|move: Trick Room
|upkeep
|turn|16
|inactive|fallen_gengar0 has 120 seconds left.
|
|t:|1757954743
|move|p1a: Pecharunt|Malignant Chain|p2a: Hatterene
|-supereffective|p2a: Hatterene
|-damage|p2a: Hatterene|0 fnt
|faint|p2a: Hatterene
|
|upkeep
|-message|fallen_gengar0 forfeited.
|
|win|jahleel
|raw|jahleel's rating: 1646 &rarr; <strong>1664</strong><br />(+18 for winning)
|raw|fallen_gengar0's rating: 1606 &rarr; <strong>1588</strong><br />(-18 for losing)
|l|☆fallen_gengar0
|player|p2|
|l|☆jahleel
|player|p1|
