|j|☆EpiclyEpicGamerW
|j|☆3idk
|t:|1757954793
|gametype|singles
|player|p1|EpiclyEpicGamerW|red-masters|1639
|player|p2|3idk|lusamine-masters|1582
|gen|9
|tier|[Gen 9] OU
|rated|
|rule|HP Percentage Mod: HP is shown in percentages
|rule|Endless Battle Clause: Forcing endless battles is banned
|rule|Species Clause: Limit one of each Pokémon
|rule|OHKO Clause: OHKO moves are banned
|rule|Evasion Items Clause: Evasion items are banned
|rule|Evasion Moves Clause: Evasion moves are banned
|rule|Evasion Abilities Clause: Evasion abilities are banned
|rule|Sleep Moves Clause: Sleep-inducing moves are banned
|clearpoke
|poke|p1|Garganacl, F|
|poke|p1|Dragapult, F|
|poke|p1|Ogerpon-Wellspring, F|
|poke|p1|Moltres|
|poke|p1|Zamazenta-*|
|poke|p1|Iron Treads|
|poke|p2|Indeedee, M|
|poke|p2|Hatterene, F|
|poke|p2|Ursaluna, F|
|poke|p2|Iron Hands|
|poke|p2|Hoopa-Unbound|
|poke|p2|Mimikyu, F|
|teampreview
|inactive|Battle timer is ON: inactive players will automatically lose when time's up. (requested by EpiclyEpicGamerW)
|inactive|3idk also wants the timer to be on.
|
|t:|1757954802
|teamsize|p1|6
|teamsize|p2|6
|start
|switch|p1a: Dragapult|Dragapult, F|100/100
|switch|p2a: LEBRON|Iron Hands, shiny|100/100
|-enditem|p2a: LEBRON|Booster Energy
|-activate|p2a: LEBRON|ability: Quark Drive|[fromitem]
|-start|p2a: LEBRON|quarkdriveatk
|turn|1
|
|t:|1757954810
|move|p1a: Dragapult|Will-O-Wisp|p2a: LEBRON|[miss]
|-miss|p1a: Dragapult|p2a: LEBRON
|move|p2a: LEBRON|Ice Punch|p1a: Dragapult
|-supereffective|p1a: Dragapult
|-damage|p1a: Dragapult|0 fnt
|faint|p1a: Dragapult
|
|upkeep
|
|t:|1757954820
|switch|p1a: Moltres|Moltres|100/100
|turn|2
|
|t:|1757954826
|move|p1a: Moltres|Will-O-Wisp|p2a: LEBRON
|-status|p2a: LEBRON|brn
|move|p2a: LEBRON|Close Combat|p1a: Moltres
|-resisted|p1a: Moltres
|-damage|p1a: Moltres|82/100
|-unboost|p2a: LEBRON|def|1
|-unboost|p2a: LEBRON|spd|1
|
|-damage|p2a: LEBRON|94/100 brn|[from] brn
|upkeep
|turn|3
|
|t:|1757954831
|move|p1a: Moltres|Roost|p1a: Moltres
|-heal|p1a: Moltres|100/100
|-singleturn|p1a: Moltres|move: Roost
|move|p2a: LEBRON|Supercell Slam|p1a: Moltres
|-damage|p1a: Moltres|68/100
|
|-damage|p2a: LEBRON|88/100 brn|[from] brn
|upkeep
|turn|4
|
|t:|1757954838
|move|p1a: Moltres|Flamethrower|p2a: LEBRON
|-damage|p2a: LEBRON|41/100 brn
|move|p2a: LEBRON|Close Combat|p1a: Moltres
|-resisted|p1a: Moltres
|-damage|p1a: Moltres|50/100
|-unboost|p2a: LEBRON|def|1
|-unboost|p2a: LEBRON|spd|1
|
|-damage|p2a: LEBRON|35/100 brn|[from] brn
|upkeep
|turn|5
|
|t:|1757954846
|-end|p2a: LEBRON|Quark Drive|[silent]
|switch|p2a: Crashout YN|Ursaluna, F, shiny|100/100
|move|p1a: Moltres|Roost|p1a: Moltres
|-heal|p1a: Moltres|99/100
|-singleturn|p1a: Moltres|move: Roost
|
|-status|p2a: Crashout YN|brn|[from] item: Flame Orb
|upkeep
|turn|6
|
|t:|1757954857
|-terastallize|p2a: Crashout YN|Normal
|move|p1a: Moltres|Flamethrower|p2a: Crashout YN
|-damage|p2a: Crashout YN|67/100 brn
|move|p2a: Crashout YN|Facade|p1a: Moltres
|-damage|p1a: Moltres|0 fnt
|faint|p1a: Moltres
|
|-damage|p2a: Crashout YN|61/100 brn|[from] brn
|upkeep
|
|t:|1757954873
|switch|p1a: Zamazenta|Zamazenta|100/100
|-ability|p1a: Zamazenta|Dauntless Shield|boost
|-boost|p1a: Zamazenta|def|1
|turn|7
|
|t:|1757954878
|switch|p2a: LEBRON|Iron Hands, shiny|35/100 brn
|move|p1a: Zamazenta|Close Combat|p2a: LEBRON
|-damage|p2a: LEBRON|0 fnt
|-unboost|p1a: Zamazenta|def|1
|-unboost|p1a: Zamazenta|spd|1
|faint|p2a: LEBRON
|-end|p2a: LEBRON|Quark Drive|[silent]
|
|upkeep
|
|t:|1757954887
|switch|p2a: Satella|Hatterene, F, shiny|100/100
|turn|8
|
|t:|1757954895
|switch|p1a: Iron Treads|Iron Treads|100/100
|move|p2a: Satella|Trick Room|p2a: Satella
|-fieldstart|move: Trick Room|[of] p2a: Satella
|
|upkeep
|turn|9
|
|t:|1757954903
|move|p2a: Satella|Mystical Fire|p1a: Iron Treads
|-supereffective|p1a: Iron Treads
|-crit|p1a: Iron Treads
|-damage|p1a: Iron Treads|0 fnt
|faint|p1a: Iron Treads
|-end|p1a: Iron Treads|Quark Drive|[silent]
|-damage|p2a: Satella|91/100|[from] item: Life Orb
|
|upkeep
|
|t:|1757954913
|switch|p1a: Garganacl|Garganacl, F|100/100
|turn|10
|
|t:|1757954923
|move|p2a: Satella|Expanding Force|p1a: Garganacl
|-damage|p1a: Garganacl|60/100
|-damage|p2a: Satella|81/100|[from] item: Life Orb
|move|p1a: Garganacl|Salt Cure|p2a: Satella
|-damage|p2a: Satella|66/100
|-start|p2a: Satella|Salt Cure
|
|-heal|p1a: Garganacl|66/100|[from] item: Leftovers
|-damage|p2a: Satella|53/100|[from] Salt Cure
|upkeep
|turn|11
|
|t:|1757954938
|switch|p2a: Crashout YN|Ursaluna, F, shiny, tera:Normal|61/100 brn
|move|p1a: Garganacl|Body Press|p2a: Crashout YN
|-supereffective|p2a: Crashout YN
|-damage|p2a: Crashout YN|31/100 brn
|
|-heal|p1a: Garganacl|72/100|[from] item: Leftovers
|-damage|p2a: Crashout YN|25/100 brn|[from] brn
|upkeep
|turn|12
|
|t:|1757954953
|switch|p1a: Ogerpon|Ogerpon-Wellspring, F|100/100
|move|p2a: Crashout YN|Facade|p1a: Ogerpon
|-crit|p1a: Ogerpon
|-damage|p1a: Ogerpon|0 fnt
|faint|p1a: Ogerpon
|
|-damage|p2a: Crashout YN|19/100 brn|[from] brn
|-fieldend|move: Trick Room
|upkeep
|
|t:|1757954956
|switch|p1a: Zamazenta|Zamazenta|100/100
|turn|13
|
|t:|1757954965
|switch|p2a: Mimi|Mimikyu, F, shiny|100/100
|move|p1a: Zamazenta|Crunch|p2a: Mimi
|-activate|p2a: Mimi|ability: Disguise
|-damage|p2a: Mimi|100/100
|detailschange|p2a: Mimi|Mimikyu-Busted, F, shiny
|-damage|p2a: Mimi|88/100|[from] pokemon: Mimikyu-Busted
|-enditem|p2a: Mimi|Red Card|[of] p1a: Zamazenta
|drag|p1a: Garganacl|Garganacl, F|72/100
|
|-heal|p1a: Garganacl|78/100|[from] item: Leftovers
|upkeep
|turn|14
|
|t:|1757954975
|switch|p2a: Subaru|Indeedee, M, shiny|100/100
|-fieldstart|move: Psychic Terrain|[from] ability: Psychic Surge|[of] p2a: Subaru
|move|p1a: Garganacl|Salt Cure|p2a: Subaru
|-damage|p2a: Subaru|86/100
|-start|p2a: Subaru|Salt Cure
|
|-heal|p1a: Garganacl|84/100|[from] item: Leftovers
|-damage|p2a: Subaru|74/100|[from] Salt Cure
|upkeep
|turn|15
|
|t:|1757954981
|move|p2a: Subaru|Expanding Force|p1a: Garganacl
|-damage|p1a: Garganacl|50/100
|move|p1a: Garganacl|Iron Defense|p1a: Garganacl
|-boost|p1a: Garganacl|def|2
|
|-heal|p1a: Garganacl|56/100|[from] item: Leftovers
|-damage|p2a: Subaru|61/100|[from] Salt Cure
|upkeep
|turn|16
|
|t:|1757954985
|move|p2a: Subaru|Encore|p1a: Garganacl
|-start|p1a: Garganacl|Encore
|move|p1a: Garganacl|Iron Defense|p1a: Garganacl
|-boost|p1a: Garganacl|def|2
|
|-heal|p1a: Garganacl|62/100|[from] item: Leftovers
|-damage|p2a: Subaru|49/100|[from] Salt Cure
|upkeep
|turn|17
|
|t:|1757954988
|move|p2a: Subaru|Expanding Force|p1a: Garganacl
|-damage|p1a: Garganacl|26/100
|move|p1a: Garganacl|Iron Defense|p1a: Garganacl
|-boost|p1a: Garganacl|def|2
|
|-heal|p1a: Garganacl|32/100|[from] item: Leftovers
|-damage|p2a: Subaru|37/100|[from] Salt Cure
|upkeep
|turn|18
|
|t:|1757954992
|move|p2a: Subaru|Expanding Force|p1a: Garganacl
|-damage|p1a: Garganacl|0 fnt
|faint|p1a: Garganacl
|
|-damage|p2a: Subaru|24/100|[from] Salt Cure
|upkeep
|
|t:|1757954994
|switch|p1a: Zamazenta|Zamazenta|100/100
|turn|19
|
|t:|1757955001
|move|p1a: Zamazenta|Crunch|p2a: Subaru
|-supereffective|p2a: Subaru
|-damage|p2a: Subaru|0 fnt
|faint|p2a: Subaru
|
|upkeep
|
|t:|1757955005
|switch|p2a: Mimi|Mimikyu-Busted, F, shiny|88/100
|turn|20
|
|t:|1757955008
|move|p1a: Zamazenta|Heavy Slam|p2a: Mimi
|-supereffective|p2a: Mimi
|-damage|p2a: Mimi|0 fnt
|faint|p2a: Mimi
|
|upkeep
|
|t:|1757955018
|switch|p2a: King Von|Hoopa-Unbound|100/100
|-enditem|p2a: King Von|Psychic Seed
|-boost|p2a: King Von|spd|1|[from] item: Psychic Seed
|turn|21
|
|t:|1757955021
|-terastallize|p1a: Zamazenta|Dark
|move|p1a: Zamazenta|Crunch|p2a: King Von
|-damage|p2a: King Von|54/100
|move|p2a: King Von|Trick Room|p2a: King Von
|-fieldstart|move: Trick Room|[of] p2a: King Von
|
|-fieldend|move: Psychic Terrain
|upkeep
|turn|22
|
|t:|1757955029
|move|p2a: King Von|Hyperspace Fury|p1a: Zamazenta
|-resisted|p1a: Zamazenta
|-damage|p1a: Zamazenta|77/100
|-unboost|p2a: King Von|def|1
|-item|p2a: King Von|Expert Belt|[from] ability: Magician|[of] p1a: Zamazenta
|move|p1a: Zamazenta|Ice Fang|p2a: King Von|[miss]
|-miss|p1a: Zamazenta|p2a: King Von
|
|upkeep
|turn|23
|
|t:|1757955034
|move|p2a: King Von|Focus Blast|p1a: Zamazenta
|-supereffective|p1a: Zamazenta
|-damage|p1a: Zamazenta|0 fnt
|faint|p1a: Zamazenta
|
|win|3idk
|raw|EpiclyEpicGamerW's rating: 1639 &rarr; <strong>1616</strong><br />(-23 for losing)
|raw|3idk's rating: 1582 &rarr; <strong>1605</strong><br />(+23 for winning)
|l|☆EpiclyEpicGamerW
|player|p1|
|l|☆3idk
|player|p2|
