|uhtml|medal-msg|<div class="broadcast-blue">Curious what those medals under the avatar are? PS now has Ladder Seasons! For more information, check out the <a href="https://www.smogon.com/forums/threads/3740067/">thread on Smogon.</a></div>
|uhtml|medal-msg|<div class="broadcast-blue">Curious what those medals under the avatar are? PS now has Ladder Seasons! For more information, check out the <a href="https://www.smogon.com/forums/threads/3740067/">thread on Smogon.</a></div>
|j|☆Domstarr3000
|j|☆vivek12345s
|t:|1757860597
|gametype|singles
|player|p1|Domstarr3000|rr-fuecoco|
|player|p2|vivek12345s|266|
|teamsize|p1|6
|teamsize|p2|6
|gen|9
|tier|[Gen 9] OU
|rule|Sleep Clause Mod: Limit one foe put to sleep
|rule|Species Clause: Limit one of each Pokémon
|rule|OHKO Clause: OHKO moves are banned
|rule|Evasion Abilities Clause: Evasion abilities are banned
|rule|Evasion Items Clause: Evasion items are banned
|rule|Evasion Moves Clause: Evasion moves are banned
|rule|Endless Battle Clause: Forcing endless battles is banned
|rule|HP Percentage Mod: HP is shown in percentages
|rule|Dynamax Clause: You cannot dynamax
|clearpoke
|poke|p1|Chillet, F|
|poke|p1|Ogerpon-Hearthflame, F|
|poke|p1|Gliscor, F|
|poke|p1|Audino, F|
|poke|p1|Araquanid, F|
|poke|p1|Iron Valiant|
|poke|p2|Charizard, F|
|poke|p2|Roaring Moon|
|poke|p2|Alomomola, M|
|poke|p2|Great Tusk|
|poke|p2|Hatterene, F|
|poke|p2|Ceruledge, F|
|teampreview
|
|t:|1757860611
|start
|switch|p1a: Chillet|Chillet, F|100/100
|switch|p2a: Charizard|Charizard, F|100/100
|turn|1
|
|t:|1757860617
|detailschange|p2a: Charizard|Charizard-Mega-Y, F
|-mega|p2a: Charizard|Charizard|Charizardite Y
|-weather|SunnyDay|[from] ability: Drought|[of] p2a: Charizard
|move|p1a: Chillet|U-turn|p2a: Charizard
|-resisted|p2a: Charizard
|-damage|p2a: Charizard|90/100
|
|t:|1757860622
|switch|p1a: Gliscor|Gliscor, F, shiny|100/100|[from] U-turn
|move|p2a: Charizard|Weather Ball|p1a: Gliscor
|-damage|p1a: Gliscor|0 fnt
|faint|p1a: Gliscor
|
|-weather|SunnyDay|[upkeep]
|upkeep
|
|t:|1757860631
|switch|p1a: Araquanid|Araquanid, F, shiny|100/100
|turn|2
|
|t:|1757860635
|switch|p2a: Hatterene|Hatterene, F|100/100
|move|p1a: Araquanid|Liquidation|p2a: Hatterene
|-damage|p2a: Hatterene|84/100
|-enditem|p2a: Hatterene|Eject Button
|
|t:|1757860637
|switch|p2a: Roaring Moon|Roaring Moon|100/100
|-activate|p2a: Roaring Moon|ability: Protosynthesis
|-start|p2a: Roaring Moon|protosynthesisspe
|
|-weather|SunnyDay|[upkeep]
|upkeep
|turn|3
|
|t:|1757860642
|move|p2a: Roaring Moon|U-turn|p1a: Araquanid
|-damage|p1a: Araquanid|61/100
|
|t:|1757860644
|-end|p2a: Roaring Moon|Protosynthesis|[silent]
|switch|p2a: Hatterene|Hatterene, F|84/100|[from] U-turn
|move|p1a: Araquanid|Leech Life|p2a: Hatterene
|-damage|p2a: Hatterene|68/100
|-heal|p1a: Araquanid|69/100|[from] drain|[of] p2a: Hatterene
|
|-weather|SunnyDay|[upkeep]
|upkeep
|turn|4
|
|t:|1757860648
|move|p1a: Araquanid|Leech Life|p2a: Hatterene
|-damage|p2a: Hatterene|50/100
|-heal|p1a: Araquanid|77/100|[from] drain|[of] p2a: Hatterene
|move|p2a: Hatterene|Nuzzle|p1a: Araquanid
|-supereffective|p1a: Araquanid
|-damage|p1a: Araquanid|68/100
|-status|p1a: Araquanid|par
|
|-weather|SunnyDay|[upkeep]
|upkeep
|turn|5
|
|t:|1757860661
|move|p2a: Hatterene|Psychic Noise|p1a: Araquanid
|-damage|p1a: Araquanid|48/100 par
|-start|p1a: Araquanid|move: Heal Block
|cant|p1a: Araquanid|par
|
|-weather|none
|upkeep
|turn|6
|
|t:|1757860667
|switch|p2a: Charizard|Charizard-Mega-Y, F|90/100
|-weather|SunnyDay|[from] ability: Drought|[of] p2a: Charizard
|switch|p1a: Audino|Audino, F|100/100
|
|-weather|SunnyDay|[upkeep]
|upkeep
|turn|7
|
|t:|1757860669
|detailschange|p1a: Audino|Audino-Mega, F
|-mega|p1a: Audino|Audino|Audinite
|move|p2a: Charizard|Weather Ball|p1a: Audino
|-damage|p1a: Audino|51/100
|move|p1a: Audino|Thunder Wave|p2a: Charizard|[miss]
|-miss|p1a: Audino|p2a: Charizard
|
|-weather|SunnyDay|[upkeep]
|upkeep
|turn|8
|c|☆Domstarr3000|Dawg
|
|t:|1757860678
|switch|p2a: Hatterene|Hatterene, F|50/100
|move|p1a: Audino|Wish|p1a: Audino
|
|-weather|SunnyDay|[upkeep]
|upkeep
|turn|9
|
|t:|1757860682
|move|p1a: Audino|Knock Off|p2a: Hatterene
|-damage|p2a: Hatterene|42/100
|move|p2a: Hatterene|Psychic Noise|p1a: Audino
|-damage|p1a: Audino|34/100
|-start|p1a: Audino|move: Heal Block
|
|-weather|SunnyDay|[upkeep]
|upkeep
|turn|10
|
|t:|1757860692
|move|p2a: Hatterene|Nuzzle|p1a: Audino
|-damage|p1a: Audino|31/100
|-status|p1a: Audino|par
|move|p1a: Audino|Teleport|p1a: Audino
|
|t:|1757860697
|switch|p1a: Ogerpon|Ogerpon-Hearthflame, F|100/100|[from] Teleport
|-ability|p1a: Ogerpon|Mold Breaker
|
|-weather|none
|upkeep
|turn|11
|
|t:|1757860699
|move|p1a: Ogerpon|Ivy Cudgel|p2a: Hatterene|[anim] Ivy Cudgel Fire
|-damage|p2a: Hatterene|0 fnt
|faint|p2a: Hatterene
|
|upkeep
|
|t:|1757860702
|switch|p2a: Roaring Moon|Roaring Moon|100/100
|turn|12
|
|t:|1757860708
|switch|p1a: Audino|Audino-Mega, F|64/100 par
|move|p2a: Roaring Moon|U-turn|p1a: Audino
|-resisted|p1a: Audino
|-damage|p1a: Audino|51/100 par
|
|t:|1757860712
|-end|p2a: Roaring Moon|Protosynthesis|[silent]
|switch|p2a: Charizard|Charizard-Mega-Y, F|90/100|[from] U-turn
|-weather|SunnyDay|[from] ability: Drought|[of] p2a: Charizard
|
|-weather|SunnyDay|[upkeep]
|upkeep
|turn|13
|
|t:|1757860717
|move|p2a: Charizard|Weather Ball|p1a: Audino
|-damage|p1a: Audino|7/100 par
|cant|p1a: Audino|par
|
|-weather|SunnyDay|[upkeep]
|upkeep
|turn|14
|c|☆vivek12345s|sorry man
|c|☆Domstarr3000|Im fucking pissed
|
|t:|1757860734
|move|p2a: Charizard|Weather Ball|p1a: Audino
|-damage|p1a: Audino|0 fnt
|faint|p1a: Audino
|
|-weather|SunnyDay|[upkeep]
|upkeep
|
|t:|1757860738
|switch|p1a: Araquanid|Araquanid, F, shiny|48/100 par
|turn|15
|
|t:|1757860741
|switch|p2a: Roaring Moon|Roaring Moon|100/100
|-activate|p2a: Roaring Moon|ability: Protosynthesis
|-start|p2a: Roaring Moon|protosynthesisspe
|move|p1a: Araquanid|Sticky Web|p2a: Roaring Moon
|-sidestart|p2: vivek12345s|move: Sticky Web
|
|-weather|SunnyDay|[upkeep]
|upkeep
|turn|16
|
|t:|1757860750
|switch|p1a: Iron Valiant|Iron Valiant, shiny|100/100
|move|p2a: Roaring Moon|Knock Off|p1a: Iron Valiant
|-resisted|p1a: Iron Valiant
|-damage|p1a: Iron Valiant|75/100
|-enditem|p1a: Iron Valiant|Leftovers|[from] move: Knock Off|[of] p2a: Roaring Moon
|
|-weather|none
|-end|p2a: Roaring Moon|Protosynthesis
|upkeep
|turn|17
|
|t:|1757860758
|-end|p2a: Roaring Moon|Protosynthesis|[silent]
|switch|p2a: Charizard|Charizard-Mega-Y, F|90/100
|-weather|SunnyDay|[from] ability: Drought|[of] p2a: Charizard
|move|p1a: Iron Valiant|Calm Mind|p1a: Iron Valiant
|-boost|p1a: Iron Valiant|spa|1
|-boost|p1a: Iron Valiant|spd|1
|
|-weather|SunnyDay|[upkeep]
|upkeep
|turn|18
|
|t:|1757860761
|move|p1a: Iron Valiant|Psyshock|p2a: Charizard
|-damage|p2a: Charizard|36/100
|move|p2a: Charizard|Weather Ball|p1a: Iron Valiant
|-damage|p1a: Iron Valiant|0 fnt
|faint|p1a: Iron Valiant
|-end|p1a: Iron Valiant|Quark Drive|[silent]
|
|-weather|SunnyDay|[upkeep]
|upkeep
|
|t:|1757860764
|switch|p1a: Chillet|Chillet, F|100/100
|turn|19
|
|t:|1757860768
|move|p1a: Chillet|Extreme Speed|p2a: Charizard
|-damage|p2a: Charizard|0 fnt
|faint|p2a: Charizard
|
|-weather|SunnyDay|[upkeep]
|upkeep
|
|t:|1757860773
|switch|p2a: Great Tusk|Great Tusk|100/100
|-activate|p2a: Great Tusk|move: Sticky Web
|-unboost|p2a: Great Tusk|spe|1
|-activate|p2a: Great Tusk|ability: Protosynthesis
|-start|p2a: Great Tusk|protosynthesisdef
|turn|20
|
|t:|1757860780
|move|p1a: Chillet|Extreme Speed|p2a: Great Tusk
|-supereffective|p2a: Great Tusk
|-damage|p2a: Great Tusk|56/100
|move|p2a: Great Tusk|Rapid Spin|p1a: Chillet
|-damage|p1a: Chillet|78/100
|-boost|p2a: Great Tusk|spe|1
|-sideend|p2: vivek12345s|Sticky Web|[from] move: Rapid Spin|[of] p2a: Great Tusk
|
|-weather|SunnyDay|[upkeep]
|-heal|p2a: Great Tusk|62/100|[from] item: Leftovers
|upkeep
|turn|21
|
|t:|1757860786
|switch|p1a: Araquanid|Araquanid, F, shiny|48/100 par
|move|p2a: Great Tusk|Body Press|p1a: Araquanid
|-resisted|p1a: Araquanid
|-damage|p1a: Araquanid|23/100 par
|
|-weather|none
|-end|p2a: Great Tusk|Protosynthesis
|-heal|p2a: Great Tusk|69/100|[from] item: Leftovers
|upkeep
|turn|22
|
|t:|1757860792
|move|p2a: Great Tusk|Body Press|p1a: Araquanid
|-resisted|p1a: Araquanid
|-damage|p1a: Araquanid|0 fnt
|faint|p1a: Araquanid
|
|-heal|p2a: Great Tusk|75/100|[from] item: Leftovers
|upkeep
|
|t:|1757860795
|switch|p1a: Ogerpon|Ogerpon-Hearthflame, F|100/100
|-ability|p1a: Ogerpon|Mold Breaker
|turn|23
|
|t:|1757860797
|-end|p2a: Great Tusk|Protosynthesis|[silent]
|switch|p2a: Alomomola|Alomomola, M|100/100
|move|p1a: Ogerpon|Horn Leech|p2a: Alomomola
|-supereffective|p2a: Alomomola
|-damage|p2a: Alomomola|43/100
|
|upkeep
|turn|24
|
|t:|1757860801
|move|p1a: Ogerpon|Swords Dance|p1a: Ogerpon
|-boost|p1a: Ogerpon|atk|2
|move|p2a: Alomomola|Flip Turn|p1a: Ogerpon
|-damage|p1a: Ogerpon|77/100
|
|t:|1757860803
|switch|p2a: Ceruledge|Ceruledge, F|100/100|[from] Flip Turn
|
|upkeep
|turn|25
|
|t:|1757860808
|move|p1a: Ogerpon|Stomping Tantrum|p2a: Ceruledge
|-supereffective|p2a: Ceruledge
|-enditem|p2a: Ceruledge|Focus Sash
|-damage|p2a: Ceruledge|1/100
|-ability|p2a: Ceruledge|Weak Armor|boost
|-unboost|p2a: Ceruledge|def|1
|-boost|p2a: Ceruledge|spe|2
|move|p2a: Ceruledge|Bitter Blade|p1a: Ogerpon
|-damage|p1a: Ogerpon|9/100
|-heal|p2a: Ceruledge|36/100|[from] drain|[of] p1a: Ogerpon
|
|upkeep
|turn|26
|
|t:|1757860818
|move|p2a: Ceruledge|Shadow Sneak|p1a: Ogerpon
|-damage|p1a: Ogerpon|0 fnt
|faint|p1a: Ogerpon
|
|upkeep
|
|t:|1757860819
|switch|p1a: Chillet|Chillet, F|78/100
|turn|27
|
|t:|1757860822
|move|p1a: Chillet|Extreme Speed|p2a: Ceruledge
|-resisted|p2a: Ceruledge
|-damage|p2a: Ceruledge|0 fnt
|faint|p2a: Ceruledge
|
|upkeep
|
|t:|1757860824
|switch|p2a: Great Tusk|Great Tusk|75/100
|turn|28
|
|t:|1757860826
|move|p1a: Chillet|Extreme Speed|p2a: Great Tusk
|-supereffective|p2a: Great Tusk
|-damage|p2a: Great Tusk|19/100
|move|p2a: Great Tusk|Body Press|p1a: Chillet
|-supereffective|p1a: Chillet
|-damage|p1a: Chillet|0 fnt
|faint|p1a: Chillet
|
|win|vivek12345s
|c|☆vivek12345s|ggs
