|j|☆shoebat
|j|☆Gulptubus
|t:|1757939407
|gametype|singles
|player|p1|shoebat|sage|1393
|player|p2|Gulptubus|pokemonranger-gen4|1459
|gen|9
|tier|[Gen 9] OU
|rated|
|rule|HP Percentage Mod: HP is shown in percentages
|rule|Endless Battle Clause: Forcing endless battles is banned
|rule|Species Clause: Limit one of each Pokémon
|rule|OHKO Clause: OHKO moves are banned
|rule|Evasion Items Clause: Evasion items are banned
|rule|Evasion Moves Clause: Evasion moves are banned
|rule|Evasion Abilities Clause: Evasion abilities are banned
|rule|Sleep Moves Clause: Sleep-inducing moves are banned
|clearpoke
|poke|p1|Skarmory, M|
|poke|p1|Ting-Lu|
|poke|p1|Zamazenta-*|
|poke|p1|Pecharunt|
|poke|p1|Clefable, M|
|poke|p1|Walking Wake|
|poke|p2|Torkoal, M|
|poke|p2|Brute Bonnet|
|poke|p2|Walking Wake|
|poke|p2|Hatterene, F|
|poke|p2|Thundurus-Therian, M|
|poke|p2|Ceruledge, F|
|teampreview
|inactive|Battle timer is ON: inactive players will automatically lose when time's up. (requested by shoebat)
|
|t:|1757939413
|teamsize|p1|6
|teamsize|p2|6
|start
|switch|p1a: Clefable|Clefable, M|100/100
|switch|p2a: Torkoal|Torkoal, M, shiny|100/100
|-weather|SunnyDay|[from] ability: Drought|[of] p2a: Torkoal
|turn|1
|
|t:|1757939418
|move|p1a: Clefable|Knock Off|p2a: Torkoal
|-damage|p2a: Torkoal|89/100
|-enditem|p2a: Torkoal|Heat Rock|[from] move: Knock Off|[of] p1a: Clefable
|move|p2a: Torkoal|Rapid Spin|p1a: Clefable
|-damage|p1a: Clefable|93/100
|-boost|p2a: Torkoal|spe|1
|
|-weather|SunnyDay|[upkeep]
|-heal|p1a: Clefable|99/100|[from] item: Leftovers
|upkeep
|turn|2
|
|t:|1757939426
|move|p1a: Clefable|Calm Mind|p1a: Clefable
|-boost|p1a: Clefable|spa|1
|-boost|p1a: Clefable|spd|1
|move|p2a: Torkoal|Eruption|p1a: Clefable
|-damage|p1a: Clefable|44/100
|
|-weather|SunnyDay|[upkeep]
|-heal|p1a: Clefable|50/100|[from] item: Leftovers
|upkeep
|turn|3
|
|t:|1757939440
|switch|p2a: Thundurus|Thundurus-Therian, M|100/100
|move|p1a: Clefable|Moonblast|p2a: Thundurus
|-damage|p2a: Thundurus|35/100
|-unboost|p2a: Thundurus|spa|1
|
|-weather|SunnyDay|[upkeep]
|-heal|p1a: Clefable|56/100|[from] item: Leftovers
|upkeep
|turn|4
|
|t:|1757939446
|move|p2a: Thundurus|Volt Switch|p1a: Clefable
|-damage|p1a: Clefable|29/100
|
|t:|1757939450
|switch|p2a: Hatterene|Hatterene, F, shiny|100/100|[from] Volt Switch
|move|p1a: Clefable|Moonlight|p1a: Clefable
|-heal|p1a: Clefable|96/100
|
|-weather|SunnyDay|[upkeep]
|-heal|p1a: Clefable|100/100|[from] item: Leftovers
|upkeep
|turn|5
|
|t:|1757939455
|move|p1a: Clefable|Knock Off|p2a: Hatterene
|-damage|p2a: Hatterene|87/100
|-enditem|p2a: Hatterene|Eject Button|[from] move: Knock Off|[of] p1a: Clefable
|move|p2a: Hatterene|Psychic Noise|p1a: Clefable
|-damage|p1a: Clefable|79/100
|-start|p1a: Clefable|move: Heal Block
|
|-weather|SunnyDay|[upkeep]
|upkeep
|turn|6
|
|t:|1757939464
|move|p1a: Clefable|Moonblast|p2a: Hatterene
|-damage|p2a: Hatterene|38/100
|move|p2a: Hatterene|Nuzzle|p1a: Clefable
|-damage|p1a: Clefable|76/100
|-status|p1a: Clefable|par
|
|-weather|SunnyDay|[upkeep]
|-end|p1a: Clefable|move: Heal Block
|upkeep
|turn|7
|
|t:|1757939470
|switch|p2a: Brute Bonnet|Brute Bonnet|100/100
|-activate|p2a: Brute Bonnet|ability: Protosynthesis
|-start|p2a: Brute Bonnet|protosynthesisatk
|move|p1a: Clefable|Moonblast|p2a: Brute Bonnet
|-supereffective|p2a: Brute Bonnet
|-damage|p2a: Brute Bonnet|14/100
|-unboost|p2a: Brute Bonnet|spa|1
|
|-weather|SunnyDay|[upkeep]
|-heal|p1a: Clefable|82/100 par|[from] item: Leftovers
|upkeep
|turn|8
|
|t:|1757939474
|switch|p1a: Skarmory|Skarmory, M|100/100
|move|p2a: Brute Bonnet|Bullet Seed|p1a: Skarmory
|-resisted|p1a: Skarmory
|-damage|p1a: Skarmory|98/100
|-resisted|p1a: Skarmory
|-damage|p1a: Skarmory|96/100
|-resisted|p1a: Skarmory
|-damage|p1a: Skarmory|93/100
|-resisted|p1a: Skarmory
|-damage|p1a: Skarmory|90/100
|-resisted|p1a: Skarmory
|-damage|p1a: Skarmory|88/100
|-hitcount|p1a: Skarmory|5
|
|-weather|none
|-end|p2a: Brute Bonnet|Protosynthesis
|upkeep
|turn|9
|
|t:|1757939483
|-end|p2a: Brute Bonnet|Protosynthesis|[silent]
|switch|p2a: Torkoal|Torkoal, M, shiny|89/100
|-weather|SunnyDay|[from] ability: Drought|[of] p2a: Torkoal
|move|p1a: Skarmory|Brave Bird|p2a: Torkoal
|-damage|p2a: Torkoal|61/100
|-damage|p1a: Skarmory|79/100|[from] Recoil
|
|-weather|SunnyDay|[upkeep]
|upkeep
|turn|10
|
|t:|1757939492
|switch|p1a: Clefable|Clefable, M|82/100 par
|switch|p2a: Walking Wake|Walking Wake|100/100
|-activate|p2a: Walking Wake|ability: Protosynthesis
|-start|p2a: Walking Wake|protosynthesisspe
|
|-weather|SunnyDay|[upkeep]
|-heal|p1a: Clefable|88/100 par|[from] item: Leftovers
|upkeep
|turn|11
|
|t:|1757939499
|move|p2a: Walking Wake|Hydro Steam|p1a: Clefable
|-damage|p1a: Clefable|35/100 par
|cant|p1a: Clefable|par
|
|-weather|SunnyDay|[upkeep]
|-heal|p1a: Clefable|41/100 par|[from] item: Leftovers
|upkeep
|turn|12
|
|t:|1757939506
|move|p2a: Walking Wake|Hydro Steam|p1a: Clefable
|-damage|p1a: Clefable|0 fnt
|faint|p1a: Clefable
|
|-weather|SunnyDay|[upkeep]
|upkeep
|
|t:|1757939509
|switch|p1a: Ting-Lu|Ting-Lu|100/100
|-ability|p1a: Ting-Lu|Vessel of Ruin
|turn|13
|
|t:|1757939514
|-terastallize|p2a: Walking Wake|Water
|-terastallize|p1a: Ting-Lu|Water
|move|p2a: Walking Wake|Hydro Steam|p1a: Ting-Lu
|-resisted|p1a: Ting-Lu
|-damage|p1a: Ting-Lu|84/100
|move|p1a: Ting-Lu|Stealth Rock|p2a: Walking Wake
|-sidestart|p2: Gulptubus|move: Stealth Rock
|
|-weather|none
|-end|p2a: Walking Wake|Protosynthesis
|-heal|p1a: Ting-Lu|90/100|[from] item: Leftovers
|upkeep
|turn|14
|
|t:|1757939523
|move|p2a: Walking Wake|Flip Turn|p1a: Ting-Lu
|-resisted|p1a: Ting-Lu
|-damage|p1a: Ting-Lu|84/100
|
|t:|1757939532
|-end|p2a: Walking Wake|Protosynthesis|[silent]
|switch|p2a: Thundurus|Thundurus-Therian, M|35/100|[from] Flip Turn
|-damage|p2a: Thundurus|11/100|[from] Stealth Rock
|move|p1a: Ting-Lu|Earthquake|p2a: Thundurus
|-immune|p2a: Thundurus
|
|-heal|p1a: Ting-Lu|90/100|[from] item: Leftovers
|upkeep
|turn|15
|
|t:|1757939540
|switch|p1a: Pecharunt|Pecharunt|100/100
|move|p2a: Thundurus|Thunderbolt|p1a: Pecharunt
|-damage|p1a: Pecharunt|21/100
|
|upkeep
|turn|16
|
|t:|1757939544
|move|p2a: Thundurus|Thunderbolt|p1a: Pecharunt
|-damage|p1a: Pecharunt|0 fnt
|faint|p1a: Pecharunt
|
|upkeep
|
|t:|1757939547
|switch|p1a: Zamazenta|Zamazenta|100/100
|-ability|p1a: Zamazenta|Dauntless Shield|boost
|-boost|p1a: Zamazenta|def|1
|turn|17
|
|t:|1757939549
|move|p1a: Zamazenta|Crunch|p2a: Thundurus
|-damage|p2a: Thundurus|0 fnt
|faint|p2a: Thundurus
|
|upkeep
|
|t:|1757939566
|switch|p2a: Hatterene|Hatterene, F, shiny|38/100
|-damage|p2a: Hatterene|26/100|[from] Stealth Rock
|turn|18
|
|t:|1757939568
|move|p1a: Zamazenta|Heavy Slam|p2a: Hatterene
|-supereffective|p2a: Hatterene
|-damage|p2a: Hatterene|0 fnt
|faint|p2a: Hatterene
|
|upkeep
|
|t:|1757939576
|switch|p2a: Ceruledge|Ceruledge, F|100/100
|-damage|p2a: Ceruledge|76/100|[from] Stealth Rock
|turn|19
|
|t:|1757939582
|move|p1a: Zamazenta|Stone Edge|p2a: Ceruledge
|-supereffective|p2a: Ceruledge
|-crit|p2a: Ceruledge
|-damage|p2a: Ceruledge|0 fnt
|faint|p2a: Ceruledge
|
|upkeep
|
|t:|1757939587
|switch|p2a: Brute Bonnet|Brute Bonnet|14/100
|-damage|p2a: Brute Bonnet|2/100|[from] Stealth Rock
|turn|20
|
|t:|1757939590
|move|p2a: Brute Bonnet|Sucker Punch|p1a: Zamazenta
|-resisted|p1a: Zamazenta
|-damage|p1a: Zamazenta|88/100
|move|p1a: Zamazenta|Crunch|p2a: Brute Bonnet
|-resisted|p2a: Brute Bonnet
|-damage|p2a: Brute Bonnet|0 fnt
|faint|p2a: Brute Bonnet
|-end|p2a: Brute Bonnet|Protosynthesis|[silent]
|
|upkeep
|
|t:|1757939594
|switch|p2a: Walking Wake|Walking Wake, tera:Water|100/100
|-damage|p2a: Walking Wake|88/100|[from] Stealth Rock
|turn|21
|
|t:|1757939598
|-end|p2a: Walking Wake|Protosynthesis|[silent]
|switch|p2a: Torkoal|Torkoal, M, shiny|61/100
|-damage|p2a: Torkoal|36/100|[from] Stealth Rock
|-weather|SunnyDay|[from] ability: Drought|[of] p2a: Torkoal
|move|p1a: Zamazenta|Close Combat|p2a: Torkoal
|-damage|p2a: Torkoal|0 fnt
|-unboost|p1a: Zamazenta|def|1
|-unboost|p1a: Zamazenta|spd|1
|faint|p2a: Torkoal
|
|-weather|SunnyDay|[upkeep]
|upkeep
|
|t:|1757939600
|switch|p2a: Walking Wake|Walking Wake, tera:Water|88/100
|-damage|p2a: Walking Wake|76/100|[from] Stealth Rock
|-activate|p2a: Walking Wake|ability: Protosynthesis
|-start|p2a: Walking Wake|protosynthesisspe
|turn|22
|
|t:|1757939608
|switch|p1a: Ting-Lu|Ting-Lu, tera:Water|90/100
|-ability|p1a: Ting-Lu|Vessel of Ruin
|move|p2a: Walking Wake|Hydro Steam|p1a: Ting-Lu
|-resisted|p1a: Ting-Lu
|-damage|p1a: Ting-Lu|72/100
|
|-weather|SunnyDay|[upkeep]
|-heal|p1a: Ting-Lu|79/100|[from] item: Leftovers
|upkeep
|turn|23
|
|t:|1757939614
|move|p2a: Walking Wake|Hydro Steam|p1a: Ting-Lu
|-resisted|p1a: Ting-Lu
|-damage|p1a: Ting-Lu|61/100
|move|p1a: Ting-Lu|Earthquake|p2a: Walking Wake
|-damage|p2a: Walking Wake|32/100
|
|-weather|SunnyDay|[upkeep]
|-heal|p1a: Ting-Lu|67/100|[from] item: Leftovers
|upkeep
|turn|24
|-message|Gulptubus forfeited.
|
|win|shoebat
|raw|shoebat's rating: 1393 &rarr; <strong>1417</strong><br />(+24 for winning)
|raw|Gulptubus's rating: 1459 &rarr; <strong>1435</strong><br />(-24 for losing)
|l|☆Gulptubus
|player|p2|
|l|☆shoebat
|player|p1|
