|j|☆LouisTrainerO
|j|☆ClairLeChat
|t:|1757857825
|gametype|singles
|player|p1|LouisTrainerO|169|1239
|player|p2|ClairLeChat|102|1265
|gen|9
|tier|[Gen 9] OU
|rated|
|rule|HP Percentage Mod: HP is shown in percentages
|rule|Endless Battle Clause: Forcing endless battles is banned
|rule|Species Clause: Limit one of each Pokémon
|rule|OHKO Clause: OHKO moves are banned
|rule|Evasion Items Clause: Evasion items are banned
|rule|Evasion Moves Clause: Evasion moves are banned
|rule|Evasion Abilities Clause: Evasion abilities are banned
|rule|Sleep Moves Clause: Sleep-inducing moves are banned
|clearpoke
|poke|p1|Avalugg, M|
|poke|p1|Sylveon, F|
|poke|p1|Milotic, F|
|poke|p1|Meowscarada, F|
|poke|p1|Yanmega, F|
|poke|p1|Cinderace, M|
|poke|p2|Tornadus-Therian, M|
|poke|p2|Great Tusk|
|poke|p2|Gholdengo|
|poke|p2|Kyurem|
|poke|p2|Ogerpon-Wellspring, F|
|poke|p2|Enamorus, F|
|teampreview
|inactive|Battle timer is ON: inactive players will automatically lose when time's up. (requested by ClairLeChat)
|
|t:|1757857843
|teamsize|p1|6
|teamsize|p2|6
|start
|switch|p1a: Milotic|Milotic, F|100/100
|switch|p2a: Kyurem|Kyurem|100/100
|-ability|p2a: Kyurem|Pressure
|turn|1
|
|t:|1757857859
|switch|p2a: Ogerpon|Ogerpon-Wellspring, F|100/100
|move|p1a: Milotic|Dragon Pulse|p2a: Ogerpon
|-damage|p2a: Ogerpon|72/100
|
|upkeep
|turn|2
|
|t:|1757857875
|switch|p1a: Avalugg|Avalugg, M|100/100
|move|p2a: Ogerpon|Knock Off|p1a: Avalugg
|-damage|p1a: Avalugg|84/100
|-enditem|p1a: Avalugg|Heavy-Duty Boots|[from] move: Knock Off|[of] p2a: Ogerpon
|
|upkeep
|turn|3
|
|t:|1757857882
|move|p2a: Ogerpon|U-turn|p1a: Avalugg
|-damage|p1a: Avalugg|74/100
|
|t:|1757857893
|switch|p2a: Gholdengo|Gholdengo|100/100|[from] U-turn
|-item|p2a: Gholdengo|Air Balloon
|move|p1a: Avalugg|Body Press|p2a: Gholdengo
|-immune|p2a: Gholdengo
|
|upkeep
|turn|4
|
|t:|1757857899
|switch|p1a: Cinderace|Cinderace, M|100/100
|move|p2a: Gholdengo|Make It Rain|p1a: Cinderace
|-resisted|p1a: Cinderace
|-damage|p1a: Cinderace|64/100
|-unboost|p2a: Gholdengo|spa|1
|
|upkeep
|turn|5
|
|t:|1757857914
|switch|p2a: Great Tusk|Great Tusk|100/100
|move|p1a: Cinderace|Pyro Ball|p2a: Great Tusk
|-damage|p2a: Great Tusk|63/100
|
|-heal|p2a: Great Tusk|69/100|[from] item: Leftovers
|upkeep
|turn|6
|
|t:|1757857932
|switch|p1a: Avalugg|Avalugg, M|74/100
|move|p2a: Great Tusk|Stealth Rock|p1a: Avalugg
|-sidestart|p1: LouisTrainerO|move: Stealth Rock
|
|-heal|p2a: Great Tusk|76/100|[from] item: Leftovers
|upkeep
|turn|7
|
|t:|1757857939
|-end|p2a: Great Tusk|Protosynthesis|[silent]
|switch|p2a: Enamorus|Enamorus, F|100/100
|move|p1a: Avalugg|Recover|p1a: Avalugg
|-heal|p1a: Avalugg|100/100
|
|upkeep
|turn|8
|
|t:|1757857956
|move|p2a: Enamorus|Moonblast|p1a: Avalugg
|-damage|p1a: Avalugg|0 fnt
|faint|p1a: Avalugg
|
|upkeep
|
|t:|1757857962
|switch|p1a: Sylveon|Sylveon, F|100/100
|-damage|p1a: Sylveon|88/100|[from] Stealth Rock
|turn|9
|
|t:|1757857977
|switch|p2a: Gholdengo|Gholdengo|100/100
|-item|p2a: Gholdengo|Air Balloon
|move|p1a: Sylveon|Wish|p1a: Sylveon
|
|-heal|p1a: Sylveon|94/100|[from] item: Leftovers
|upkeep
|turn|10
|
|t:|1757857994
|move|p2a: Gholdengo|Thunder Wave|p1a: Sylveon|[miss]
|-miss|p2a: Gholdengo|p1a: Sylveon
|move|p1a: Sylveon|Shadow Ball|p2a: Gholdengo
|-supereffective|p2a: Gholdengo
|-damage|p2a: Gholdengo|65/100
|-enditem|p2a: Gholdengo|Air Balloon
|
|-heal|p1a: Sylveon|100/100|[from] move: Wish|[wisher] Sylveon
|upkeep
|turn|11
|
|t:|1757858004
|move|p2a: Gholdengo|Recover|p2a: Gholdengo
|-heal|p2a: Gholdengo|100/100
|move|p1a: Sylveon|Wish|p1a: Sylveon
|
|upkeep
|turn|12
|
|t:|1757858013
|move|p2a: Gholdengo|Thunder Wave|p1a: Sylveon
|-status|p1a: Sylveon|par
|move|p1a: Sylveon|Shadow Ball|p2a: Gholdengo
|-supereffective|p2a: Gholdengo
|-damage|p2a: Gholdengo|63/100
|
|upkeep
|turn|13
|
|t:|1757858027
|move|p2a: Gholdengo|Recover|p2a: Gholdengo
|-heal|p2a: Gholdengo|100/100
|move|p1a: Sylveon|Wish|p1a: Sylveon
|
|upkeep
|turn|14
|
|t:|1757858037
|switch|p1a: Yanmega|Yanmega, F|100/100
|-damage|p1a: Yanmega|51/100|[from] Stealth Rock
|move|p2a: Gholdengo|Hex|p1a: Yanmega
|-damage|p1a: Yanmega|9/100
|
|-heal|p1a: Yanmega|68/100|[from] move: Wish|[wisher] Sylveon
|upkeep
|turn|15
|
|t:|1757858050
|move|p1a: Yanmega|Substitute|p1a: Yanmega
|-start|p1a: Yanmega|Substitute
|-damage|p1a: Yanmega|43/100
|move|p2a: Gholdengo|Thunder Wave||[still]
|-fail|p2a: Gholdengo
|
|-ability|p1a: Yanmega|Speed Boost|boost
|-boost|p1a: Yanmega|spe|1
|upkeep
|turn|16
|
|t:|1757858059
|move|p1a: Yanmega|Air Slash|p2a: Gholdengo
|-resisted|p2a: Gholdengo
|-damage|p2a: Gholdengo|83/100
|move|p2a: Gholdengo|Hex|p1a: Yanmega
|-end|p1a: Yanmega|Substitute
|
|-ability|p1a: Yanmega|Speed Boost|boost
|-boost|p1a: Yanmega|spe|1
|upkeep
|turn|17
|
|t:|1757858073
|move|p1a: Yanmega|Bug Buzz|p2a: Gholdengo
|-resisted|p2a: Gholdengo
|-damage|p2a: Gholdengo|71/100
|-enditem|p1a: Yanmega|Throat Spray
|-boost|p1a: Yanmega|spa|1|[from] item: Throat Spray
|move|p2a: Gholdengo|Hex|p1a: Yanmega
|-damage|p1a: Yanmega|4/100
|
|-ability|p1a: Yanmega|Speed Boost|boost
|-boost|p1a: Yanmega|spe|1
|upkeep
|turn|18
|
|t:|1757858082
|move|p1a: Yanmega|Air Slash|p2a: Gholdengo
|-resisted|p2a: Gholdengo
|-damage|p2a: Gholdengo|41/100
|move|p2a: Gholdengo|Recover|p2a: Gholdengo
|-heal|p2a: Gholdengo|91/100
|
|-ability|p1a: Yanmega|Speed Boost|boost
|-boost|p1a: Yanmega|spe|1
|upkeep
|turn|19
|
|t:|1757858093
|move|p1a: Yanmega|Air Slash|p2a: Gholdengo
|-resisted|p2a: Gholdengo
|-damage|p2a: Gholdengo|64/100
|move|p2a: Gholdengo|Hex|p1a: Yanmega
|-damage|p1a: Yanmega|0 fnt
|faint|p1a: Yanmega
|
|upkeep
|
|t:|1757858098
|switch|p1a: Cinderace|Cinderace, M|64/100
|-damage|p1a: Cinderace|39/100|[from] Stealth Rock
|turn|20
|-message|LouisTrainerO forfeited.
|
|win|ClairLeChat
|raw|LouisTrainerO's rating: 1239 &rarr; <strong>1216</strong><br />(-23 for losing)
|raw|ClairLeChat's rating: 1265 &rarr; <strong>1288</strong><br />(+23 for winning)
|l|☆LouisTrainerO
|player|p1|
|l|☆ClairLeChat
|player|p2|
