|j|☆XYnotfound
|j|☆101cm
|t:|1757837893
|gametype|singles
|player|p1|XYnotfound|266|1131
|player|p2|101cm|2|1092
|gen|9
|tier|[Gen 9] OU
|rated|
|rule|HP Percentage Mod: HP is shown in percentages
|rule|Endless Battle Clause: Forcing endless battles is banned
|rule|Species Clause: Limit one of each Pokémon
|rule|OHKO Clause: OHKO moves are banned
|rule|Evasion Items Clause: Evasion items are banned
|rule|Evasion Moves Clause: Evasion moves are banned
|rule|Evasion Abilities Clause: Evasion abilities are banned
|rule|Sleep Moves Clause: Sleep-inducing moves are banned
|clearpoke
|poke|p1|Mienshao, M|
|poke|p1|Zamazenta-*|
|poke|p1|Iron Valiant|
|poke|p1|Iron Hands|
|poke|p1|Infernape, F|
|poke|p1|Keldeo-Resolute|
|poke|p2|Dragapult, M|
|poke|p2|Hatterene, F|
|poke|p2|Grimmsnarl, M|
|poke|p2|Lycanroc, M|
|poke|p2|Azumarill, M|
|poke|p2|Latios, M|
|teampreview
|inactive|Battle timer is ON: inactive players will automatically lose when time's up. (requested by 101cm)
|
|t:|1757837902
|teamsize|p1|6
|teamsize|p2|6
|start
|switch|p1a: Mienshao|Mienshao, M|100/100
|switch|p2a: Lycanroc|Lycanroc, M|100/100
|turn|1
|
|t:|1757837907
|move|p1a: Mienshao|Close Combat|p2a: Lycanroc
|-supereffective|p2a: Lycanroc
|-enditem|p2a: Lycanroc|Focus Sash
|-damage|p2a: Lycanroc|1/100
|-unboost|p1a: Mienshao|def|1
|-unboost|p1a: Mienshao|spd|1
|move|p2a: Lycanroc|Stealth Rock|p1a: Mienshao
|-sidestart|p1: XYnotfound|move: Stealth Rock
|
|upkeep
|turn|2
|
|t:|1757837919
|move|p1a: Mienshao|Close Combat|p2a: Lycanroc
|-supereffective|p2a: Lycanroc
|-damage|p2a: Lycanroc|0 fnt
|-unboost|p1a: Mienshao|def|1
|-unboost|p1a: Mienshao|spd|1
|faint|p2a: Lycanroc
|
|upkeep
|
|t:|1757837926
|switch|p2a: Grimmsnarl|Grimmsnarl, M|100/100
|turn|3
|
|t:|1757837931
|switch|p1a: Zamazenta|Zamazenta|100/100
|-damage|p1a: Zamazenta|94/100|[from] Stealth Rock
|-ability|p1a: Zamazenta|Dauntless Shield|boost
|-boost|p1a: Zamazenta|def|1
|move|p2a: Grimmsnarl|Reflect|p2a: Grimmsnarl
|-sidestart|p2: 101cm|Reflect
|
|-heal|p1a: Zamazenta|100/100|[from] item: Leftovers
|upkeep
|turn|4
|
|t:|1757837939
|move|p2a: Grimmsnarl|Taunt|p1a: Zamazenta
|-start|p1a: Zamazenta|move: Taunt
|cant|p1a: Zamazenta|move: Taunt|Iron Defense
|
|upkeep
|turn|5
|
|t:|1757837945
|switch|p1a: Infernape|Infernape, F|100/100
|-damage|p1a: Infernape|88/100|[from] Stealth Rock
|move|p2a: Grimmsnarl|Light Screen|p2a: Grimmsnarl
|-sidestart|p2: 101cm|move: Light Screen
|
|upkeep
|turn|6
|
|t:|1757837950
|move|p1a: Infernape|Fake Out|p2a: Grimmsnarl
|-damage|p2a: Grimmsnarl|94/100
|cant|p2a: Grimmsnarl|flinch
|
|upkeep
|turn|7
|
|t:|1757837954
|move|p2a: Grimmsnarl|Parting Shot|p1a: Infernape
|-unboost|p1a: Infernape|atk|1
|-unboost|p1a: Infernape|spa|1
|
|t:|1757837958
|switch|p2a: Latios|Latios, M|100/100|[from] Parting Shot
|move|p1a: Infernape|Stealth Rock|p2a: Latios
|-sidestart|p2: 101cm|move: Stealth Rock
|
|upkeep
|turn|8
|
|t:|1757837965
|move|p2a: Latios|Rain Dance|p2a: Latios
|-weather|RainDance
|move|p1a: Infernape|Overheat|p2a: Latios
|-resisted|p2a: Latios
|-damage|p2a: Latios|97/100
|-unboost|p1a: Infernape|spa|2
|
|-weather|RainDance|[upkeep]
|upkeep
|turn|9
|
|t:|1757837979
|switch|p1a: Mienshao|Mienshao, M|100/100
|-damage|p1a: Mienshao|95/100|[from] Stealth Rock
|move|p2a: Latios|Memento|p1a: Mienshao
|-unboost|p1a: Mienshao|atk|2
|-unboost|p1a: Mienshao|spa|2
|faint|p2a: Latios
|
|-weather|RainDance|[upkeep]
|upkeep
|
|t:|1757837987
|switch|p2a: Azumarill|Azumarill, M, shiny|100/100
|-damage|p2a: Azumarill|88/100|[from] Stealth Rock
|turn|10
|
|t:|1757837993
|move|p1a: Mienshao|U-turn|p2a: Azumarill
|-resisted|p2a: Azumarill
|-crit|p2a: Azumarill
|-damage|p2a: Azumarill|71/100
|
|t:|1757837998
|switch|p1a: Infernape|Infernape, F|88/100|[from] U-turn
|-damage|p1a: Infernape|76/100|[from] Stealth Rock
|move|p2a: Azumarill|Belly Drum|p2a: Azumarill
|-damage|p2a: Azumarill|21/100
|-setboost|p2a: Azumarill|atk|6|[from] move: Belly Drum
|
|-weather|RainDance|[upkeep]
|-sideend|p2: 101cm|Reflect
|upkeep
|turn|11
|
|t:|1757838012
|-terastallize|p2a: Azumarill|Water
|move|p1a: Infernape|Fake Out|p2a: Azumarill
|-damage|p2a: Azumarill|9/100
|cant|p2a: Azumarill|flinch
|
|-weather|RainDance|[upkeep]
|upkeep
|turn|12
|
|t:|1757838027
|switch|p1a: Mienshao|Mienshao, M|100/100
|-damage|p1a: Mienshao|95/100|[from] Stealth Rock
|move|p2a: Azumarill|Aqua Jet|p1a: Mienshao
|-damage|p1a: Mienshao|0 fnt
|faint|p1a: Mienshao
|-heal|p2a: Azumarill|18/100|[from] item: Shell Bell|[of] p1: Mienshao
|
|-weather|RainDance|[upkeep]
|-sideend|p2: 101cm|move: Light Screen
|upkeep
|
|t:|1757838041
|switch|p1a: Infernape|Infernape, F|76/100
|-damage|p1a: Infernape|64/100|[from] Stealth Rock
|turn|13
|
|t:|1757838046
|move|p1a: Infernape|Fake Out|p2a: Azumarill
|-damage|p2a: Azumarill|7/100
|cant|p2a: Azumarill|flinch
|
|-weather|RainDance|[upkeep]
|upkeep
|turn|14
|
|t:|1757838057
|move|p1a: Infernape|Mach Punch|p2a: Azumarill
|-damage|p2a: Azumarill|0 fnt
|faint|p2a: Azumarill
|
|-weather|RainDance|[upkeep]
|upkeep
|-message|101cm forfeited.
|
|win|XYnotfound
|raw|XYnotfound's rating: 1131 &rarr; <strong>1153</strong><br />(+22 for winning)
|raw|101cm's rating: 1092 &rarr; <strong>1071</strong><br />(-21 for losing)
|l|☆101cm
|player|p2|
|l|☆XYnotfound
|player|p1|
