|j|☆Cruzrooni
|j|☆Sandcamel
|t:|1757914385
|gametype|singles
|player|p1|Cruzrooni|brock|1151
|player|p2|Sandcamel|chili|1162
|gen|9
|tier|[Gen 9] OU
|rated|
|rule|HP Percentage Mod: HP is shown in percentages
|rule|Endless Battle Clause: Forcing endless battles is banned
|rule|Species Clause: Limit one of each Pokémon
|rule|OHKO Clause: OHKO moves are banned
|rule|Evasion Items Clause: Evasion items are banned
|rule|Evasion Moves Clause: Evasion moves are banned
|rule|Evasion Abilities Clause: Evasion abilities are banned
|rule|Sleep Moves Clause: Sleep-inducing moves are banned
|clearpoke
|poke|p1|Beartic, M|
|poke|p1|Slowking-Galar, F|
|poke|p1|Milotic, F|
|poke|p1|Mamoswine, M|
|poke|p1|Cinderace, F|
|poke|p1|Ninetales-Alola, F|
|poke|p2|Kyurem|
|poke|p2|Corviknight, M|
|poke|p2|Ting-Lu|
|poke|p2|Dondozo, M|
|poke|p2|Slowking-Galar, L99, M|
|poke|p2|Cinderace, F|
|teampreview
|
|t:|1757914403
|teamsize|p1|6
|teamsize|p2|6
|start
|switch|p1a: Cinderace|Cinderace, F|100/100
|switch|p2a: Slowking|Slowking-Galar, L99, M|100/100
|turn|1
|
|t:|1757914410
|move|p1a: Cinderace|U-turn|p2a: Slowking
|-start|p1a: Cinderace|typechange|Bug|[from] ability: Libero
|-damage|p2a: Slowking|66/100
|
|t:|1757914425
|switch|p1a: Slowking|Slowking-Galar, F|100/100|[from] U-turn
|move|p2a: Slowking|Toxic|p1a: Slowking
|-immune|p1a: Slowking
|
|upkeep
|turn|2
|
|t:|1757914433
|move|p1a: Slowking|Future Sight|p2a: Slowking
|-start|p1a: Slowking|move: Future Sight
|move|p2a: Slowking|Future Sight|p1a: Slowking
|-start|p2a: Slowking|move: Future Sight
|
|upkeep
|turn|3
|
|t:|1757914438
|-prepare|p1a: Slowking|Chilly Reception|[premajor]
|move|p1a: Slowking|Chilly Reception|p1a: Slowking
|-weather|Snowscape
|
|t:|1757914450
|switch|p1a: Mamoswine|Mamoswine, M|100/100|[from] Chilly Reception
|-prepare|p2a: Slowking|Chilly Reception|[premajor]
|move|p2a: Slowking|Chilly Reception|p2a: Slowking
|
|t:|1757914460
|switch|p2a: Cinderace|Cinderace, F|100/100|[from] Chilly Reception
|
|-weather|Snowscape|[upkeep]
|upkeep
|turn|4
|
|t:|1757914473
|move|p2a: Cinderace|Pyro Ball|p1a: Mamoswine
|-supereffective|p1a: Mamoswine
|-damage|p1a: Mamoswine|28/100
|move|p1a: Mamoswine|Endeavor|p2a: Cinderace
|-damage|p2a: Cinderace|29/100
|
|-weather|Snowscape|[upkeep]
|-end|p2a: Cinderace|move: Future Sight
|-crit|p2a: Cinderace
|-damage|p2a: Cinderace|0 fnt
|faint|p2a: Cinderace
|-end|p1a: Mamoswine|move: Future Sight
|-damage|p1a: Mamoswine|0 fnt
|faint|p1a: Mamoswine
|upkeep
|
|t:|1757914499
|switch|p2a: Ting-Lu|Ting-Lu|100/100
|switch|p1a: Ninetales|Ninetales-Alola, F|100/100
|-ability|p2a: Ting-Lu|Vessel of Ruin
|turn|5
|
|t:|1757914512
|switch|p2a: Corviknight|Corviknight, M|100/100
|-ability|p2a: Corviknight|Pressure
|move|p1a: Ninetales|Blizzard|p2a: Corviknight
|-damage|p2a: Corviknight|45/100
|-status|p2a: Corviknight|frz
|
|-weather|Snowscape|[upkeep]
|upkeep
|turn|6
|
|t:|1757914527
|switch|p2a: Slowking|Slowking-Galar, L99, M|99/100
|move|p1a: Ninetales|Blizzard|p2a: Slowking
|-damage|p2a: Slowking|60/100
|
|-weather|Snowscape|[upkeep]
|upkeep
|turn|7
|
|t:|1757914534
|switch|p1a: Slowking|Slowking-Galar, F|100/100
|move|p2a: Slowking|Sludge Bomb|p1a: Slowking
|-resisted|p1a: Slowking
|-damage|p1a: Slowking|91/100
|
|-weather|Snowscape|[upkeep]
|upkeep
|turn|8
|
|t:|1757914540
|move|p1a: Slowking|Future Sight|p2a: Slowking
|-start|p1a: Slowking|move: Future Sight
|-prepare|p2a: Slowking|Chilly Reception|[premajor]
|move|p2a: Slowking|Chilly Reception|p2a: Slowking
|
|t:|1757914551
|switch|p2a: Ting-Lu|Ting-Lu|100/100|[from] Chilly Reception
|-ability|p2a: Ting-Lu|Vessel of Ruin
|
|-weather|Snowscape|[upkeep]
|upkeep
|turn|9
|
|t:|1757914558
|move|p2a: Ting-Lu|Earthquake|p1a: Slowking
|-supereffective|p1a: Slowking
|-damage|p1a: Slowking|11/100
|-prepare|p1a: Slowking|Chilly Reception|[premajor]
|move|p1a: Slowking|Chilly Reception|p1a: Slowking
|
|t:|1757914566
|switch|p1a: Ninetales|Ninetales-Alola, F|100/100|[from] Chilly Reception
|
|-weather|Snowscape|[upkeep]
|upkeep
|turn|10
|
|t:|1757914574
|move|p1a: Ninetales|Dark Pulse|p2a: Ting-Lu
|-resisted|p2a: Ting-Lu
|-damage|p2a: Ting-Lu|94/100
|cant|p2a: Ting-Lu|flinch
|
|-weather|none
|-end|p2a: Ting-Lu|move: Future Sight
|-immune|p2a: Ting-Lu
|-heal|p2a: Ting-Lu|99/100|[from] item: Leftovers
|upkeep
|turn|11
|
|t:|1757914584
|switch|p1a: Milotic|Milotic, F|100/100
|move|p2a: Ting-Lu|Earthquake|p1a: Milotic
|-damage|p1a: Milotic|73/100
|
|-heal|p2a: Ting-Lu|100/100|[from] item: Leftovers
|-status|p1a: Milotic|brn|[from] item: Flame Orb
|upkeep
|turn|12
|
|t:|1757914596
|switch|p2a: Dondozo|Dondozo, M|100/100
|move|p1a: Milotic|Dragon Tail|p2a: Dondozo
|-damage|p2a: Dondozo|98/100
|drag|p2a: Ting-Lu|Ting-Lu|100/100
|-ability|p2a: Ting-Lu|Vessel of Ruin
|
|-damage|p1a: Milotic|67/100 brn|[from] brn
|upkeep
|turn|13
|
|t:|1757914607
|switch|p2a: Dondozo|Dondozo, M|98/100
|move|p1a: Milotic|Scald|p2a: Dondozo
|-resisted|p2a: Dondozo
|-damage|p2a: Dondozo|84/100
|
|-heal|p2a: Dondozo|90/100|[from] item: Leftovers
|-damage|p1a: Milotic|61/100 brn|[from] brn
|upkeep
|turn|14
|
|t:|1757914636
|switch|p1a: Slowking|Slowking-Galar, F|44/100
|move|p2a: Dondozo|Curse|p2a: Dondozo
|-unboost|p2a: Dondozo|spe|1
|-boost|p2a: Dondozo|atk|1
|-boost|p2a: Dondozo|def|1
|
|-heal|p2a: Dondozo|96/100|[from] item: Leftovers
|upkeep
|turn|15
|
|t:|1757914649
|move|p1a: Slowking|Future Sight|p2a: Dondozo
|-start|p1a: Slowking|move: Future Sight
|move|p2a: Dondozo|Waterfall|p1a: Slowking
|-damage|p1a: Slowking|0 fnt
|faint|p1a: Slowking
|
|-heal|p2a: Dondozo|100/100|[from] item: Leftovers
|upkeep
|
|t:|1757914656
|switch|p1a: Ninetales|Ninetales-Alola, F|100/100
|-weather|Snowscape|[from] ability: Snow Warning|[of] p1a: Ninetales
|turn|16
|
|t:|1757914660
|move|p1a: Ninetales|Freeze-Dry|p2a: Dondozo
|-supereffective|p2a: Dondozo
|-damage|p2a: Dondozo|22/100
|move|p2a: Dondozo|Body Press|p1a: Ninetales
|-damage|p1a: Ninetales|60/100
|
|-weather|Snowscape|[upkeep]
|-heal|p2a: Dondozo|28/100|[from] item: Leftovers
|upkeep
|turn|17
|
|t:|1757914672
|switch|p2a: Slowking|Slowking-Galar, L99, M|94/100
|move|p1a: Ninetales|Freeze-Dry|p2a: Slowking
|-damage|p2a: Slowking|70/100
|
|-weather|Snowscape|[upkeep]
|-end|p2a: Slowking|move: Future Sight
|-damage|p2a: Slowking|44/100
|upkeep
|turn|18
|
|t:|1757914683
|switch|p1a: Cinderace|Cinderace, F|100/100
|move|p2a: Slowking|Toxic|p1a: Cinderace
|-status|p1a: Cinderace|tox
|
|-weather|Snowscape|[upkeep]
|-damage|p1a: Cinderace|95/100 tox|[from] psn
|upkeep
|turn|19
|
|t:|1757914703
|switch|p2a: Dondozo|Dondozo, M|28/100
|move|p1a: Cinderace|Pyro Ball|p2a: Dondozo
|-resisted|p2a: Dondozo
|-damage|p2a: Dondozo|16/100
|
|-weather|Snowscape|[upkeep]
|-heal|p2a: Dondozo|22/100|[from] item: Leftovers
|-damage|p1a: Cinderace|83/100 tox|[from] psn
|upkeep
|turn|20
|
|t:|1757914711
|move|p1a: Cinderace|U-turn|p2a: Dondozo
|-start|p1a: Cinderace|typechange|Bug|[from] ability: Libero
|-damage|p2a: Dondozo|7/100
|
|t:|1757914716
|switch|p1a: Ninetales|Ninetales-Alola, F|60/100|[from] U-turn
|move|p2a: Dondozo|Rest|p2a: Dondozo
|-status|p2a: Dondozo|slp|[from] move: Rest
|-heal|p2a: Dondozo|100/100 slp|[silent]
|
|-weather|none
|upkeep
|turn|21
|
|t:|1757914729
|switch|p1a: Cinderace|Cinderace, F|83/100 tox
|switch|p2a: Slowking|Slowking-Galar, L99, M|77/100
|
|-damage|p1a: Cinderace|77/100 tox|[from] psn
|upkeep
|turn|22
|
|t:|1757914740
|move|p1a: Cinderace|U-turn|p2a: Slowking
|-start|p1a: Cinderace|typechange|Bug|[from] ability: Libero
|-damage|p2a: Slowking|40/100
|
|t:|1757914751
|switch|p1a: Ninetales|Ninetales-Alola, F|60/100|[from] U-turn
|-weather|Snowscape|[from] ability: Snow Warning|[of] p1a: Ninetales
|move|p2a: Slowking|Sludge Bomb|p1a: Ninetales
|-supereffective|p1a: Ninetales
|-damage|p1a: Ninetales|0 fnt
|faint|p1a: Ninetales
|
|-weather|Snowscape|[upkeep]
|upkeep
|
|t:|1757914759
|switch|p1a: Teddy|Beartic, M, shiny|100/100
|turn|23
|
|t:|1757914768
|switch|p2a: Ting-Lu|Ting-Lu|100/100
|-ability|p2a: Ting-Lu|Vessel of Ruin
|move|p1a: Teddy|Swords Dance|p1a: Teddy
|-boost|p1a: Teddy|atk|2
|
|-weather|Snowscape|[upkeep]
|upkeep
|turn|24
|
|t:|1757914773
|move|p1a: Teddy|Icicle Spear|p2a: Ting-Lu
|-supereffective|p2a: Ting-Lu
|-damage|p2a: Ting-Lu|72/100
|-supereffective|p2a: Ting-Lu
|-damage|p2a: Ting-Lu|44/100
|-supereffective|p2a: Ting-Lu
|-damage|p2a: Ting-Lu|15/100
|-supereffective|p2a: Ting-Lu
|-crit|p2a: Ting-Lu
|-damage|p2a: Ting-Lu|0 fnt
|faint|p2a: Ting-Lu
|-hitcount|p2: Ting-Lu|4
|
|-weather|Snowscape|[upkeep]
|upkeep
|
|t:|1757914780
|switch|p2a: Dondozo|Dondozo, M|100/100 slp
|turn|25
|
|t:|1757914787
|move|p1a: Teddy|Swords Dance|p1a: Teddy
|-boost|p1a: Teddy|atk|2
|cant|p2a: Dondozo|slp
|
|-weather|Snowscape|[upkeep]
|upkeep
|turn|26
|
|t:|1757914796
|move|p1a: Teddy|Icicle Spear|p2a: Dondozo
|-resisted|p2a: Dondozo
|-damage|p2a: Dondozo|98/100 slp
|-resisted|p2a: Dondozo
|-damage|p2a: Dondozo|95/100 slp
|-resisted|p2a: Dondozo
|-damage|p2a: Dondozo|92/100 slp
|-resisted|p2a: Dondozo
|-damage|p2a: Dondozo|89/100 slp
|-resisted|p2a: Dondozo
|-damage|p2a: Dondozo|86/100 slp
|-hitcount|p2a: Dondozo|5
|cant|p2a: Dondozo|slp
|
|-weather|none
|-heal|p2a: Dondozo|92/100 slp|[from] item: Leftovers
|upkeep
|turn|27
|
|t:|1757914808
|move|p1a: Teddy|Close Combat|p2a: Dondozo
|-damage|p2a: Dondozo|75/100 slp
|-unboost|p1a: Teddy|def|1
|-unboost|p1a: Teddy|spd|1
|-curestatus|p2a: Dondozo|slp|[msg]
|move|p2a: Dondozo|Body Press|p1a: Teddy
|-supereffective|p1a: Teddy
|-damage|p1a: Teddy|27/100
|
|-heal|p2a: Dondozo|81/100|[from] item: Leftovers
|upkeep
|turn|28
|
|t:|1757914821
|switch|p1a: Milotic|Milotic, F|61/100 brn
|move|p2a: Dondozo|Curse|p2a: Dondozo
|-unboost|p2a: Dondozo|spe|1
|-boost|p2a: Dondozo|atk|1
|-boost|p2a: Dondozo|def|1
|
|-heal|p2a: Dondozo|87/100|[from] item: Leftovers
|-damage|p1a: Milotic|55/100 brn|[from] brn
|upkeep
|turn|29
|
|t:|1757914827
|move|p2a: Dondozo|Body Press|p1a: Milotic
|-damage|p1a: Milotic|33/100 brn
|move|p1a: Milotic|Dragon Tail|p2a: Dondozo
|-damage|p2a: Dondozo|86/100
|drag|p2a: Slowking|Slowking-Galar, L99, M|74/100
|
|-damage|p1a: Milotic|27/100 brn|[from] brn
|upkeep
|turn|30
|
|t:|1757914834
|switch|p2a: Kyurem|Kyurem|100/100
|-ability|p2a: Kyurem|Pressure
|move|p1a: Milotic|Recover|p1a: Milotic
|-heal|p1a: Milotic|77/100 brn
|
|-damage|p1a: Milotic|71/100 brn|[from] brn
|upkeep
|turn|31
|
|t:|1757914846
|move|p2a: Kyurem|Freeze-Dry|p1a: Milotic
|-supereffective|p1a: Milotic
|-damage|p1a: Milotic|29/100 brn
|move|p1a: Milotic|Dragon Tail|p2a: Kyurem
|-supereffective|p2a: Kyurem
|-damage|p2a: Kyurem|92/100
|drag|p2a: Slowking|Slowking-Galar, L99, M|100/100
|
|-damage|p1a: Milotic|23/100 brn|[from] brn
|upkeep
|turn|32
|
|t:|1757914853
|move|p1a: Milotic|Recover|p1a: Milotic
|-heal|p1a: Milotic|73/100 brn
|move|p2a: Slowking|Future Sight|p1a: Milotic
|-start|p2a: Slowking|move: Future Sight
|
|-damage|p1a: Milotic|66/100 brn|[from] brn
|upkeep
|turn|33
|
|t:|1757914860
|move|p1a: Milotic|Recover|p1a: Milotic
|-heal|p1a: Milotic|100/100 brn
|-prepare|p2a: Slowking|Chilly Reception|[premajor]
|move|p2a: Slowking|Chilly Reception|p2a: Slowking
|-weather|Snowscape
|
|t:|1757914863
|switch|p2a: Kyurem|Kyurem|92/100|[from] Chilly Reception
|-ability|p2a: Kyurem|Pressure
|
|-weather|Snowscape|[upkeep]
|-heal|p2a: Kyurem|99/100|[from] item: Leftovers
|-damage|p1a: Milotic|94/100 brn|[from] brn
|upkeep
|turn|34
|
|t:|1757914885
|switch|p1a: Cinderace|Cinderace, F|77/100 tox
|move|p2a: Kyurem|Freeze-Dry|p1a: Cinderace
|-resisted|p1a: Cinderace
|-damage|p1a: Cinderace|53/100 tox
|
|-weather|Snowscape|[upkeep]
|-end|p1a: Cinderace|move: Future Sight
|-damage|p1a: Cinderace|0 fnt
|faint|p1a: Cinderace
|-heal|p2a: Kyurem|100/100|[from] item: Leftovers
|upkeep
|
|t:|1757914892
|switch|p1a: Teddy|Beartic, M, shiny|27/100
|turn|35
|
|t:|1757914902
|move|p1a: Teddy|Close Combat|p2a: Kyurem
|-supereffective|p2a: Kyurem
|-damage|p2a: Kyurem|52/100
|-unboost|p1a: Teddy|def|1
|-unboost|p1a: Teddy|spd|1
|move|p2a: Kyurem|Earth Power|p1a: Teddy
|-damage|p1a: Teddy|0 fnt
|faint|p1a: Teddy
|
|-weather|Snowscape|[upkeep]
|-heal|p2a: Kyurem|58/100|[from] item: Leftovers
|upkeep
|-message|Cruzrooni forfeited.
|
|win|Sandcamel
|raw|Cruzrooni's rating: 1151 &rarr; <strong>1127</strong><br />(-24 for losing)
|raw|Sandcamel's rating: 1162 &rarr; <strong>1186</strong><br />(+24 for winning)
|l|☆Cruzrooni
|player|p1|
|l|☆Sandcamel
|player|p2|
