|j|☆jiangsan1
|j|☆mResss
|t:|1757852317
|gametype|singles
|player|p1|jiangsan1|1|1615
|player|p2|mResss|veteran|1601
|gen|9
|tier|[Gen 9] OU
|rated|
|rule|HP Percentage Mod: HP is shown in percentages
|rule|Endless Battle Clause: Forcing endless battles is banned
|rule|Species Clause: Limit one of each Pokémon
|rule|OHKO Clause: OHKO moves are banned
|rule|Evasion Items Clause: Evasion items are banned
|rule|Evasion Moves Clause: Evasion moves are banned
|rule|Evasion Abilities Clause: Evasion abilities are banned
|rule|Sleep Moves Clause: Sleep-inducing moves are banned
|clearpoke
|poke|p1|Kingambit, F|
|poke|p1|Raging Bolt|
|poke|p1|Garganacl, M|
|poke|p1|Gholdengo|
|poke|p1|Glimmora, M|
|poke|p1|Landorus-Therian, M|
|poke|p2|Latios, M|
|poke|p2|Rotom-Wash|
|poke|p2|Gholdengo|
|poke|p2|Ting-Lu|
|poke|p2|Iron Valiant|
|poke|p2|Hydreigon, F|
|teampreview
|inactive|Battle timer is ON: inactive players will automatically lose when time's up. (requested by mResss)
|
|t:|1757852343
|teamsize|p1|6
|teamsize|p2|6
|start
|switch|p1a: Landorus|Landorus-Therian, M|100/100
|switch|p2a: Ralsei|Latios, M|100/100
|-ability|p1a: Landorus|Intimidate|boost
|-unboost|p2a: Ralsei|atk|1
|turn|1
|
|t:|1757852352
|move|p2a: Ralsei|Flip Turn|p1a: Landorus
|-supereffective|p1a: Landorus
|-damage|p1a: Landorus|83/100
|
|t:|1757852363
|switch|p2a: Queen|Gholdengo|100/100|[from] Flip Turn
|move|p1a: Landorus|U-turn|p2a: Queen
|-resisted|p2a: Queen
|-damage|p2a: Queen|96/100
|-damage|p1a: Landorus|66/100|[from] item: Rocky Helmet|[of] p2a: Queen
|
|t:|1757852376
|switch|p1a: Kingambit|Kingambit, F|100/100|[from] U-turn
|
|upkeep
|turn|2
|
|t:|1757852383
|switch|p2a: Kris|Iron Valiant|100/100
|move|p1a: Kingambit|Swords Dance|p1a: Kingambit
|-boost|p1a: Kingambit|atk|2
|
|upkeep
|turn|3
|
|t:|1757852391
|-terastallize|p1a: Kingambit|Ghost
|move|p2a: Kris|Close Combat|p1a: Kingambit
|-immune|p1a: Kingambit
|move|p1a: Kingambit|Iron Head|p2a: Kris
|-supereffective|p2a: Kris
|-damage|p2a: Kris|0 fnt
|faint|p2a: Kris
|-end|p2a: Kris|Quark Drive|[silent]
|
|upkeep
|
|t:|1757852397
|switch|p2a: Susie|Hydreigon, F|100/100
|turn|4
|
|t:|1757852407
|-end|p1a: Kingambit|fallenundefined|[silent]
|switch|p1a: Garganacl|Garganacl, M|100/100
|move|p2a: Susie|Dark Pulse|p1a: Garganacl
|-damage|p1a: Garganacl|54/100
|
|-heal|p1a: Garganacl|60/100|[from] item: Leftovers
|upkeep
|turn|5
|
|t:|1757852421
|move|p1a: Garganacl|Protect|p1a: Garganacl
|-singleturn|p1a: Garganacl|Protect
|move|p2a: Susie|Dark Pulse|p1a: Garganacl
|-activate|p1a: Garganacl|move: Protect
|
|-heal|p1a: Garganacl|66/100|[from] item: Leftovers
|upkeep
|turn|6
|
|t:|1757852427
|move|p2a: Susie|Dark Pulse|p1a: Garganacl
|-damage|p1a: Garganacl|17/100
|cant|p1a: Garganacl|flinch
|
|-heal|p1a: Garganacl|23/100|[from] item: Leftovers
|upkeep
|turn|7
|
|t:|1757852434
|switch|p1a: Kingambit|Kingambit, F, tera:Ghost|100/100
|move|p2a: Susie|Dark Pulse|p1a: Kingambit
|-supereffective|p1a: Kingambit
|-damage|p1a: Kingambit|0 fnt
|faint|p1a: Kingambit
|-end|p1a: Kingambit|fallenundefined|[silent]
|
|upkeep
|
|t:|1757852443
|switch|p1a: Glimmora|Glimmora, M|100/100
|turn|8
|
|t:|1757852459
|switch|p2a: Queen|Gholdengo|96/100
|move|p1a: Glimmora|Power Gem|p2a: Queen
|-resisted|p2a: Queen
|-damage|p2a: Queen|73/100
|
|upkeep
|turn|9
|
|t:|1757852469
|switch|p1a: Garganacl|Garganacl, M|23/100
|move|p2a: Queen|Make It Rain|p1a: Garganacl
|-supereffective|p1a: Garganacl
|-damage|p1a: Garganacl|0 fnt
|-unboost|p2a: Queen|spa|1
|faint|p1a: Garganacl
|
|upkeep
|
|t:|1757852473
|switch|p1a: Landorus|Landorus-Therian, M|66/100
|-ability|p1a: Landorus|Intimidate|boost
|-unboost|p2a: Queen|atk|1
|turn|10
|
|t:|1757852481
|switch|p2a: Noelle|Ting-Lu|100/100
|-ability|p2a: Noelle|Vessel of Ruin
|move|p1a: Landorus|Stealth Rock|p2a: Noelle
|-sidestart|p2: mResss|move: Stealth Rock
|
|upkeep
|turn|11
|j| amimec
|
|t:|1757852488
|switch|p1a: Glimmora|Glimmora, M|100/100
|move|p2a: Noelle|Earthquake|p1a: Glimmora
|-supereffective|p1a: Glimmora
|-enditem|p1a: Glimmora|Focus Sash
|-damage|p1a: Glimmora|1/100
|-activate|p1a: Glimmora|ability: Toxic Debris
|-sidestart|p2: mResss|move: Toxic Spikes
|
|upkeep
|turn|12
|
|t:|1757852497
|move|p1a: Glimmora|Spikes|p2a: Noelle
|-sidestart|p2: mResss|Spikes
|move|p2a: Noelle|Earthquake|p1a: Glimmora
|-supereffective|p1a: Glimmora
|-damage|p1a: Glimmora|0 fnt
|-activate|p1a: Glimmora|ability: Toxic Debris
|-sidestart|p2: mResss|move: Toxic Spikes
|faint|p1a: Glimmora
|
|upkeep
|
|t:|1757852507
|switch|p1a: Raging Bolt|Raging Bolt|100/100
|-enditem|p1a: Raging Bolt|Booster Energy
|-activate|p1a: Raging Bolt|ability: Protosynthesis|[fromitem]
|-start|p1a: Raging Bolt|protosynthesisspa
|turn|13
|
|t:|1757852515
|-end|p1a: Raging Bolt|Protosynthesis|[silent]
|switch|p1a: Gholdengo|Gholdengo|100/100
|-item|p1a: Gholdengo|Air Balloon
|move|p2a: Noelle|Earthquake|p1a: Gholdengo
|-immune|p1a: Gholdengo
|
|upkeep
|turn|14
|
|t:|1757852521
|move|p1a: Gholdengo|Nasty Plot|p1a: Gholdengo
|-boost|p1a: Gholdengo|spa|2
|move|p2a: Noelle|Stealth Rock|p1a: Gholdengo
|-sidestart|p1: jiangsan1|move: Stealth Rock
|
|upkeep
|turn|15
|
|t:|1757852526
|move|p1a: Gholdengo|Shadow Ball|p2a: Noelle
|-resisted|p2a: Noelle
|-crit|p2a: Noelle
|-damage|p2a: Noelle|79/100
|move|p2a: Noelle|Whirlwind|p1a: Gholdengo
|-immune|p1a: Gholdengo|[from] ability: Good as Gold
|
|-heal|p2a: Noelle|85/100|[from] item: Leftovers
|upkeep
|turn|16
|
|t:|1757852535
|move|p1a: Gholdengo|Nasty Plot|p1a: Gholdengo
|-boost|p1a: Gholdengo|spa|2
|move|p2a: Noelle|Ruination|p1a: Gholdengo
|-damage|p1a: Gholdengo|50/100
|-enditem|p1a: Gholdengo|Air Balloon
|
|-heal|p2a: Noelle|91/100|[from] item: Leftovers
|upkeep
|turn|17
|
|t:|1757852543
|move|p1a: Gholdengo|Recover|p1a: Gholdengo
|-heal|p1a: Gholdengo|100/100
|move|p2a: Noelle|Earthquake|p1a: Gholdengo
|-supereffective|p1a: Gholdengo
|-crit|p1a: Gholdengo
|-damage|p1a: Gholdengo|27/100
|
|-heal|p2a: Noelle|98/100|[from] item: Leftovers
|upkeep
|turn|18
|
|t:|1757852547
|move|p1a: Gholdengo|Recover|p1a: Gholdengo
|-heal|p1a: Gholdengo|77/100
|move|p2a: Noelle|Earthquake|p1a: Gholdengo
|-supereffective|p1a: Gholdengo
|-damage|p1a: Gholdengo|28/100
|
|-heal|p2a: Noelle|100/100|[from] item: Leftovers
|upkeep
|turn|19
|
|t:|1757852553
|move|p1a: Gholdengo|Recover|p1a: Gholdengo
|-heal|p1a: Gholdengo|78/100
|move|p2a: Noelle|Earthquake|p1a: Gholdengo
|-supereffective|p1a: Gholdengo
|-damage|p1a: Gholdengo|25/100
|
|upkeep
|turn|20
|
|t:|1757852567
|move|p1a: Gholdengo|Recover|p1a: Gholdengo
|-heal|p1a: Gholdengo|75/100
|move|p2a: Noelle|Earthquake|p1a: Gholdengo
|-supereffective|p1a: Gholdengo
|-damage|p1a: Gholdengo|26/100
|
|upkeep
|turn|21
|
|t:|1757852574
|move|p1a: Gholdengo|Recover|p1a: Gholdengo
|-heal|p1a: Gholdengo|76/100
|move|p2a: Noelle|Earthquake|p1a: Gholdengo
|-supereffective|p1a: Gholdengo
|-damage|p1a: Gholdengo|26/100
|
|upkeep
|turn|22
|
|t:|1757852577
|move|p1a: Gholdengo|Recover|p1a: Gholdengo
|-heal|p1a: Gholdengo|76/100
|move|p2a: Noelle|Earthquake|p1a: Gholdengo
|-supereffective|p1a: Gholdengo
|-damage|p1a: Gholdengo|27/100
|
|upkeep
|turn|23
|
|t:|1757852580
|move|p1a: Gholdengo|Recover|p1a: Gholdengo
|-heal|p1a: Gholdengo|77/100
|move|p2a: Noelle|Earthquake|p1a: Gholdengo
|-supereffective|p1a: Gholdengo
|-damage|p1a: Gholdengo|26/100
|
|upkeep
|turn|24
|
|t:|1757852583
|move|p1a: Gholdengo|Recover|p1a: Gholdengo
|-heal|p1a: Gholdengo|76/100
|move|p2a: Noelle|Earthquake|p1a: Gholdengo
|-supereffective|p1a: Gholdengo
|-damage|p1a: Gholdengo|25/100
|
|upkeep
|turn|25
|
|t:|1757852587
|move|p1a: Gholdengo|Shadow Ball|p2a: Noelle
|-resisted|p2a: Noelle
|-damage|p2a: Noelle|79/100
|-unboost|p2a: Noelle|spd|1
|move|p2a: Noelle|Earthquake|p1a: Gholdengo
|-supereffective|p1a: Gholdengo
|-damage|p1a: Gholdengo|0 fnt
|faint|p1a: Gholdengo
|
|-heal|p2a: Noelle|85/100|[from] item: Leftovers
|upkeep
|
|t:|1757852593
|switch|p1a: Landorus|Landorus-Therian, M|66/100
|-damage|p1a: Landorus|54/100|[from] Stealth Rock
|-ability|p1a: Landorus|Intimidate|boost
|-unboost|p2a: Noelle|atk|1
|turn|26
|
|t:|1757852600
|switch|p2a: Lancer|Rotom-Wash|100/100
|-damage|p2a: Lancer|88/100|[from] Stealth Rock
|move|p1a: Landorus|Earthquake|p2a: Lancer
|-immune|p2a: Lancer|[from] ability: Levitate
|
|-heal|p2a: Lancer|94/100|[from] item: Leftovers
|upkeep
|turn|27
|-message|jiangsan1 forfeited.
|
|win|mResss
|raw|jiangsan1's rating: 1615 &rarr; <strong>1594</strong><br />(-21 for losing)
|raw|mResss's rating: 1601 &rarr; <strong>1622</strong><br />(+21 for winning)
|l|☆jiangsan1
|player|p1|
|l|☆mResss
|player|p2|
