|j|☆ggdtzera
|j|☆amacklai
|t:|1757870049
|gametype|singles
|player|p1|ggdtzera|1|1064
|player|p2|amacklai|101|1082
|gen|9
|tier|[Gen 9] OU
|rated|
|rule|HP Percentage Mod: HP is shown in percentages
|rule|Endless Battle Clause: Forcing endless battles is banned
|rule|Species Clause: Limit one of each Pokémon
|rule|OHKO Clause: OHKO moves are banned
|rule|Evasion Items Clause: Evasion items are banned
|rule|Evasion Moves Clause: Evasion moves are banned
|rule|Evasion Abilities Clause: Evasion abilities are banned
|rule|Sleep Moves Clause: Sleep-inducing moves are banned
|clearpoke
|poke|p1|Appletun, M|
|poke|p1|Muk-Alola, M|
|poke|p1|Hydrapple, M|
|poke|p1|Komala, F|
|poke|p1|Incineroar, F|
|poke|p1|Landorus-Therian, M|
|poke|p2|Golem-Alola, F|
|poke|p2|Oricorio-Sensu, F|
|poke|p2|Gallade, M|
|poke|p2|Klefki, M|
|poke|p2|Goodra-Hisui, M|
|poke|p2|Komala, F|
|teampreview
|inactive|Battle timer is ON: inactive players will automatically lose when time's up. (requested by ggdtzera)
|
|t:|1757870076
|teamsize|p1|6
|teamsize|p2|6
|start
|switch|p1a: Landorus|Landorus-Therian, M|100/100
|switch|p2a: Gallade|Gallade, M|100/100
|-ability|p1a: Landorus|Intimidate|boost
|-unboost|p2a: Gallade|atk|1
|turn|1
|
|t:|1757870084
|move|p2a: Gallade|Aqua Cutter|p1a: Landorus
|-supereffective|p1a: Landorus
|-damage|p1a: Landorus|43/100
|move|p1a: Landorus|U-turn|p2a: Gallade
|-damage|p2a: Gallade|66/100
|
|t:|1757870107
|switch|p1a: Appletun|Appletun, M|100/100|[from] U-turn
|
|upkeep
|turn|2
|
|t:|1757870118
|switch|p2a: Klefki|Klefki, M|100/100
|move|p1a: Appletun|Leech Seed|p2a: Klefki
|-start|p2a: Klefki|move: Leech Seed
|
|-damage|p2a: Klefki|88/100|[from] Leech Seed|[of] p1a: Appletun
|upkeep
|turn|3
|
|t:|1757870127
|switch|p2a: Komala|Komala, F|100/100
|-ability|p2a: Komala|Comatose
|switch|p1a: Incineroar|Incineroar, F|100/100
|-ability|p1a: Incineroar|Intimidate|boost
|-unboost|p2a: Komala|atk|1
|
|upkeep
|turn|4
|
|t:|1757870151
|switch|p2a: Golem|Golem-Alola, F|100/100
|move|p1a: Incineroar|Knock Off|p2a: Golem
|-damage|p2a: Golem|70/100
|-enditem|p2a: Golem|Custap Berry|[from] move: Knock Off|[of] p1a: Incineroar
|
|upkeep
|turn|5
|
|t:|1757870162
|move|p1a: Incineroar|Will-O-Wisp|p2a: Golem|[miss]
|-miss|p1a: Incineroar|p2a: Golem
|move|p2a: Golem|Stealth Rock|p1a: Incineroar
|-sidestart|p1: ggdtzera|move: Stealth Rock
|
|upkeep
|turn|6
|
|t:|1757870172
|move|p1a: Incineroar|Parting Shot|p2a: Golem
|-unboost|p2a: Golem|atk|1
|-unboost|p2a: Golem|spa|1
|
|t:|1757870184
|switch|p1a: Komala|Komala, F|100/100|[from] Parting Shot
|-damage|p1a: Komala|88/100|[from] Stealth Rock
|-ability|p1a: Komala|Comatose
|move|p2a: Golem|Thunder Wave|p1a: Komala
|-immune|p1a: Komala|[from] ability: Comatose
|
|-heal|p1a: Komala|94/100|[from] item: Leftovers
|upkeep
|turn|7
|
|t:|1757870199
|move|p1a: Komala|Rapid Spin|p2a: Golem
|-resisted|p2a: Golem
|-damage|p2a: Golem|59/100
|-boost|p1a: Komala|spe|1
|-sideend|p1: ggdtzera|Stealth Rock|[from] move: Rapid Spin|[of] p1a: Komala
|move|p2a: Golem|Explosion|p1a: Komala
|-damage|p1a: Komala|0 fnt
|faint|p2a: Golem
|faint|p1a: Komala
|
|upkeep
|
|t:|1757870214
|switch|p1a: Appletun|Appletun, M|100/100
|switch|p2a: Oricorio|Oricorio-Sensu, F|100/100
|turn|8
|
|t:|1757870220
|-terastallize|p1a: Appletun|Fire
|move|p2a: Oricorio|Quiver Dance|p2a: Oricorio
|-boost|p2a: Oricorio|spa|1
|-boost|p2a: Oricorio|spd|1
|-boost|p2a: Oricorio|spe|1
|move|p1a: Appletun|Leech Seed|p2a: Oricorio
|-start|p2a: Oricorio|move: Leech Seed
|
|-damage|p2a: Oricorio|88/100|[from] Leech Seed|[of] p1a: Appletun
|upkeep
|turn|9
|
|t:|1757870232
|switch|p1a: Muk|Muk-Alola, M|100/100
|-terastallize|p2a: Oricorio|Ghost
|move|p2a: Oricorio|Quiver Dance|p2a: Oricorio
|-boost|p2a: Oricorio|spa|1
|-boost|p2a: Oricorio|spd|1
|-boost|p2a: Oricorio|spe|1
|
|-heal|p2a: Oricorio|94/100|[from] item: Leftovers
|-damage|p2a: Oricorio|82/100|[from] Leech Seed|[of] p1a: Muk
|upkeep
|turn|10
|
|t:|1757870246
|move|p2a: Oricorio|Hurricane|p1a: Muk|[miss]
|-miss|p2a: Oricorio|p1a: Muk
|move|p1a: Muk|Haze|p1a: Muk
|-clearallboost
|
|-heal|p2a: Oricorio|88/100|[from] item: Leftovers
|-damage|p2a: Oricorio|76/100|[from] Leech Seed|[of] p1a: Muk
|upkeep
|turn|11
|-message|amacklai forfeited.
|
|win|ggdtzera
|raw|ggdtzera's rating: 1064 &rarr; <strong>1096</strong><br />(+32 for winning)
|raw|amacklai's rating: 1082 &rarr; <strong>1059</strong><br />(-23 for losing)
|l|☆amacklai
|player|p2|
|l|☆ggdtzera
|player|p1|
