|badge|p1|silver|gen9ru|30-6
|uhtml|medal-msg|<div class="broadcast-blue">Curious what those medals under the avatar are? PS now has Ladder Seasons! For more information, check out the <a href="https://www.smogon.com/forums/threads/3740067/">thread on Smogon.</a></div>
|j|☆somepepper
|j|☆Oattumblely
|t:|1757898198
|gametype|singles
|player|p1|somepepper|scientist|1266
|player|p2|Oattumblely|rocketgruntf|1277
|gen|9
|tier|[Gen 9] OU
|rated|
|rule|HP Percentage Mod: HP is shown in percentages
|rule|Endless Battle Clause: Forcing endless battles is banned
|rule|Species Clause: Limit one of each Pokémon
|rule|OHKO Clause: OHKO moves are banned
|rule|Evasion Items Clause: Evasion items are banned
|rule|Evasion Moves Clause: Evasion moves are banned
|rule|Evasion Abilities Clause: Evasion abilities are banned
|rule|Sleep Moves Clause: Sleep-inducing moves are banned
|clearpoke
|poke|p1|Gardevoir, F|
|poke|p1|Greninja-*, M|
|poke|p1|Blaziken, M|
|poke|p1|Shiftry, M|
|poke|p1|Banette, M|
|poke|p1|Bisharp, M|
|poke|p2|Araquanid, F|
|poke|p2|Ceruledge, F|
|poke|p2|Ting-Lu|
|poke|p2|Espeon, M|
|poke|p2|Clefable, F|
|poke|p2|Iron Boulder|
|teampreview
|c|☆somepepper|hf
|
|t:|1757898211
|teamsize|p1|6
|teamsize|p2|6
|start
|switch|p1a: Victor|Banette, M|100/100
|switch|p2a: Araquanid|Araquanid, F|100/100
|-item|p2a: Araquanid|Custap Berry|[from] ability: Frisk|[of] p1a: Victor
|turn|1
|
|t:|1757898217
|move|p1a: Victor|Poltergeist|p2a: Araquanid
|-activate|p2a: Araquanid|move: Poltergeist|Custap Berry
|-damage|p2a: Araquanid|45/100
|move|p2a: Araquanid|Sticky Web|p1a: Victor
|-sidestart|p1: somepepper|move: Sticky Web
|
|upkeep
|turn|2
|
|t:|1757898226
|switch|p2a: Ting-Lu|Ting-Lu|100/100
|-ability|p2a: Ting-Lu|Vessel of Ruin
|move|p1a: Victor|Poltergeist|p2a: Ting-Lu
|-activate|p2a: Ting-Lu|move: Poltergeist|Leftovers
|-resisted|p2a: Ting-Lu
|-damage|p2a: Ting-Lu|85/100
|
|-heal|p2a: Ting-Lu|91/100|[from] item: Leftovers
|upkeep
|turn|3
|
|t:|1757898237
|switch|p1a: Colin|Shiftry, M|100/100
|-activate|p1a: Colin|move: Sticky Web
|-unboost|p1a: Colin|spe|1
|move|p2a: Ting-Lu|Ruination|p1a: Colin
|-damage|p1a: Colin|50/100
|
|-heal|p1a: Colin|57/100|[from] item: Leftovers
|-heal|p2a: Ting-Lu|97/100|[from] item: Leftovers
|upkeep
|turn|4
|
|t:|1757898246
|switch|p2a: Clefable|Clefable, F|100/100
|move|p1a: Colin|Defog|p2a: Clefable
|-unboost|p2a: Clefable|evasion|1
|-sideend|p1: somepepper|Sticky Web|[from] move: Defog|[of] p1a: Colin
|
|-heal|p1a: Colin|63/100|[from] item: Leftovers
|upkeep
|turn|5
|
|t:|1757898256
|move|p2a: Clefable|Thunder Wave|p1a: Colin
|-status|p1a: Colin|par
|move|p1a: Colin|Explosion|p2a: Clefable
|-damage|p2a: Clefable|60/100
|faint|p1a: Colin
|
|upkeep
|
|t:|1757898280
|switch|p1a: Percy|Bisharp, M|100/100
|turn|6
|
|t:|1757898286
|switch|p2a: Araquanid|Araquanid, F|45/100
|move|p1a: Percy|Swords Dance|p1a: Percy
|-boost|p1a: Percy|atk|2
|
|upkeep
|turn|7
|
|t:|1757898293
|move|p1a: Percy|Stealth Rock|p2a: Araquanid
|-sidestart|p2: Oattumblely|move: Stealth Rock
|move|p2a: Araquanid|Endeavor|p1a: Percy
|-damage|p1a: Percy|47/100
|
|upkeep
|turn|8
|
|t:|1757898300
|move|p1a: Percy|Sucker Punch|p2a: Araquanid
|-damage|p2a: Araquanid|0 fnt
|faint|p2a: Araquanid
|
|upkeep
|
|t:|1757898316
|switch|p2a: Iron Boulder|Iron Boulder|100/100
|-damage|p2a: Iron Boulder|88/100|[from] Stealth Rock
|-enditem|p2a: Iron Boulder|Booster Energy
|-activate|p2a: Iron Boulder|ability: Quark Drive|[fromitem]
|-start|p2a: Iron Boulder|quarkdrivespe
|turn|9
|
|t:|1757898321
|-terastallize|p2a: Iron Boulder|Fighting
|move|p2a: Iron Boulder|Close Combat|p1a: Percy
|-supereffective|p1a: Percy
|-damage|p1a: Percy|0 fnt
|-unboost|p2a: Iron Boulder|def|1
|-unboost|p2a: Iron Boulder|spd|1
|faint|p1a: Percy
|
|upkeep
|
|t:|1757898332
|switch|p1a: Victor|Banette, M|100/100
|turn|10
|
|t:|1757898340
|move|p2a: Iron Boulder|Mighty Cleave|p1a: Victor
|-damage|p1a: Victor|10/100
|move|p1a: Victor|Curse|p2a: Iron Boulder
|-start|p2a: Iron Boulder|Curse|[of] p1a: Victor
|-damage|p1a: Victor|0 fnt
|faint|p1a: Victor
|
|-damage|p2a: Iron Boulder|63/100|[from] Curse
|upkeep
|
|t:|1757898349
|switch|p1a: Cole|Blaziken, M|100/100
|turn|11
|
|t:|1757898353
|move|p1a: Cole|Detect|p1a: Cole
|-singleturn|p1a: Cole|Protect
|move|p2a: Iron Boulder|Mighty Cleave|p1a: Cole
|-damage|p1a: Cole|27/100
|
|-damage|p2a: Iron Boulder|38/100|[from] Curse
|-ability|p1a: Cole|Speed Boost|boost
|-boost|p1a: Cole|spe|1
|upkeep
|turn|12
|
|t:|1757898364
|-end|p2a: Iron Boulder|Quark Drive|[silent]
|switch|p2a: Clefable|Clefable, F|60/100
|move|p1a: Cole|Close Combat|p2a: Clefable
|-resisted|p2a: Clefable
|-damage|p2a: Clefable|35/100
|-unboost|p1a: Cole|def|1
|-unboost|p1a: Cole|spd|1
|-damage|p1a: Cole|11/100|[from] item: Rocky Helmet|[of] p2a: Clefable
|
|-ability|p1a: Cole|Speed Boost|boost
|-boost|p1a: Cole|spe|1
|upkeep
|turn|13
|
|t:|1757898377
|move|p1a: Cole|Knock Off|p2a: Clefable
|-resisted|p2a: Clefable
|-crit|p2a: Clefable
|-damage|p2a: Clefable|15/100
|-damage|p1a: Cole|0 fnt|[from] item: Rocky Helmet|[of] p2a: Clefable
|faint|p1a: Cole
|move|p2a: Clefable|Moonlight|p2a: Clefable
|-heal|p2a: Clefable|65/100
|
|upkeep
|-message|somepepper forfeited.
|
|win|Oattumblely
|raw|somepepper's rating: 1266 &rarr; <strong>1242</strong><br />(-24 for losing)
|raw|Oattumblely's rating: 1277 &rarr; <strong>1301</strong><br />(+24 for winning)
|l|☆somepepper
|player|p1|
|l|☆Oattumblely
|player|p2|
