|j|☆Trainee Sword
|j|☆guerrero105
|t:|1757825483
|gametype|singles
|player|p1|Trainee Sword|2|1309
|player|p2|guerrero105|170|1336
|gen|9
|tier|[Gen 9] OU
|rated|
|rule|HP Percentage Mod: HP is shown in percentages
|rule|Endless Battle Clause: Forcing endless battles is banned
|rule|Species Clause: Limit one of each Pokémon
|rule|OHKO Clause: OHKO moves are banned
|rule|Evasion Items Clause: Evasion items are banned
|rule|Evasion Moves Clause: Evasion moves are banned
|rule|Evasion Abilities Clause: Evasion abilities are banned
|rule|Sleep Moves Clause: Sleep-inducing moves are banned
|clearpoke
|poke|p1|Latios, M|
|poke|p1|Zamazenta-*|
|poke|p1|Slowking-Galar, M|
|poke|p1|Garchomp, F|
|poke|p1|Zapdos|
|poke|p1|Pecharunt|
|poke|p2|Clodsire, M|
|poke|p2|Mandibuzz, F|
|poke|p2|Sinistcha-Masterpiece|
|poke|p2|Cinderace, M|
|poke|p2|Tauros-Paldea-Aqua, M|
|poke|p2|Tinkaton, F|
|teampreview
|inactive|Battle timer is ON: inactive players will automatically lose when time's up. (requested by Trainee Sword)
|
|t:|1757825507
|teamsize|p1|6
|teamsize|p2|6
|start
|switch|p1a: Pecharunt|Pecharunt|100/100
|switch|p2a: Cinderace|Cinderace, M|100/100
|turn|1
|
|t:|1757825514
|move|p2a: Cinderace|U-turn|p1a: Pecharunt
|-start|p2a: Cinderace|typechange|Bug|[from] ability: Libero
|-resisted|p1a: Pecharunt
|-damage|p1a: Pecharunt|97/100
|
|t:|1757825518
|switch|p2a: Clodsire|Clodsire, M|100/100|[from] U-turn
|move|p1a: Pecharunt|Parting Shot|p2a: Clodsire
|-unboost|p2a: Clodsire|atk|1
|-unboost|p2a: Clodsire|spa|1
|
|t:|1757825524
|switch|p1a: Latios|Latios, M|100/100|[from] Parting Shot
|
|upkeep
|turn|2
|
|t:|1757825529
|switch|p2a: Tinkaton|Tinkaton, F|100/100
|-ability|p2a: Tinkaton|Mold Breaker
|-item|p2a: Tinkaton|Air Balloon
|move|p1a: Latios|Luster Purge|p2a: Tinkaton
|-resisted|p2a: Tinkaton
|-damage|p2a: Tinkaton|63/100
|-enditem|p2a: Tinkaton|Air Balloon
|
|upkeep
|turn|3
|
|t:|1757825539
|switch|p1a: Pecharunt|Pecharunt|97/100
|move|p2a: Tinkaton|Thunder Wave|p1a: Pecharunt
|-status|p1a: Pecharunt|par
|
|upkeep
|turn|4
|
|t:|1757825544
|move|p2a: Tinkaton|Knock Off|p1a: Pecharunt
|-supereffective|p1a: Pecharunt
|-damage|p1a: Pecharunt|81/100 par
|-enditem|p1a: Pecharunt|Heavy-Duty Boots|[from] move: Knock Off|[of] p2a: Tinkaton
|cant|p1a: Pecharunt|par
|
|upkeep
|turn|5
|
|t:|1757825552
|switch|p2a: Clodsire|Clodsire, M|100/100
|move|p1a: Pecharunt|Shadow Ball|p2a: Clodsire
|-damage|p2a: Clodsire|88/100
|-unboost|p2a: Clodsire|spd|1
|
|-heal|p2a: Clodsire|94/100|[from] item: Leftovers
|upkeep
|turn|6
|
|t:|1757825559
|move|p1a: Pecharunt|Parting Shot|p2a: Clodsire
|-unboost|p2a: Clodsire|atk|1
|-unboost|p2a: Clodsire|spa|1
|
|t:|1757825563
|switch|p1a: Slowking|Slowking-Galar, M|100/100|[from] Parting Shot
|move|p2a: Clodsire|Stealth Rock|p1a: Slowking
|-sidestart|p1: Trainee Sword|move: Stealth Rock
|
|-heal|p2a: Clodsire|99/100|[from] item: Leftovers
|upkeep
|turn|7
|
|t:|1757825587
|move|p2a: Clodsire|Earthquake|p1a: Slowking
|-supereffective|p1a: Slowking
|-damage|p1a: Slowking|62/100
|move|p1a: Slowking|Future Sight|p2a: Clodsire
|-start|p1a: Slowking|move: Future Sight
|
|-heal|p2a: Clodsire|100/100|[from] item: Leftovers
|upkeep
|turn|8
|
|t:|1757825596
|switch|p2a: Cinderace|Cinderace, M|100/100
|switch|p1a: Latios|Latios, M|100/100
|-damage|p1a: Latios|88/100|[from] Stealth Rock
|
|upkeep
|turn|9
|
|t:|1757825603
|switch|p1a: Garchomp|Garchomp, F|100/100
|-damage|p1a: Garchomp|94/100|[from] Stealth Rock
|move|p2a: Cinderace|Sucker Punch||[still]
|-fail|p2a: Cinderace
|
|-end|p2a: Cinderace|move: Future Sight
|-damage|p2a: Cinderace|36/100
|upkeep
|turn|10
|
|t:|1757825613
|switch|p2a: Tauros|Tauros-Paldea-Aqua, M|100/100
|-ability|p2a: Tauros|Intimidate|boost
|-unboost|p1a: Garchomp|atk|1
|move|p1a: Garchomp|Stealth Rock|p2a: Tauros
|-sidestart|p2: guerrero105|move: Stealth Rock
|
|upkeep
|turn|11
|
|t:|1757825622
|move|p2a: Tauros|Bulk Up|p2a: Tauros
|-boost|p2a: Tauros|atk|1
|-boost|p2a: Tauros|def|1
|move|p1a: Garchomp|Dragon Tail|p2a: Tauros
|-damage|p2a: Tauros|90/100
|drag|p2a: Clodsire|Clodsire, M|100/100
|-damage|p2a: Clodsire|94/100|[from] Stealth Rock
|
|-heal|p2a: Clodsire|100/100|[from] item: Leftovers
|upkeep
|turn|12
|
|t:|1757825632
|switch|p1a: Latios|Latios, M|88/100
|-damage|p1a: Latios|76/100|[from] Stealth Rock
|switch|p2a: Mandibuzz|Mandibuzz, F|100/100
|
|upkeep
|turn|13
|
|t:|1757825641
|move|p1a: Latios|Trick|p2a: Mandibuzz
|-activate|p1a: Latios|move: Trick|[of] p2a: Mandibuzz
|-item|p2a: Mandibuzz|Choice Specs|[from] move: Trick
|-item|p1a: Latios|Heavy-Duty Boots|[from] move: Trick
|move|p2a: Mandibuzz|Defog|p1a: Latios
|-unboost|p1a: Latios|evasion|1
|-sideend|p1: Trainee Sword|Stealth Rock|[from] move: Defog|[of] p2a: Mandibuzz
|-sideend|p2: guerrero105|Stealth Rock|[from] move: Defog|[of] p2a: Mandibuzz
|
|upkeep
|turn|14
|
|t:|1757825653
|switch|p2a: Tinkaton|Tinkaton, F|63/100
|-ability|p2a: Tinkaton|Mold Breaker
|move|p1a: Latios|Luster Purge|p2a: Tinkaton
|-resisted|p2a: Tinkaton
|-damage|p2a: Tinkaton|36/100
|-unboost|p2a: Tinkaton|spd|1
|
|upkeep
|turn|15
|
|t:|1757825666
|switch|p2a: Mandibuzz|Mandibuzz, F|100/100
|move|p1a: Latios|Luster Purge|p2a: Mandibuzz
|-immune|p2a: Mandibuzz
|
|upkeep
|turn|16
|
|t:|1757825673
|switch|p1a: Zapdos|Zapdos|100/100
|move|p2a: Mandibuzz|U-turn|p1a: Zapdos
|-resisted|p1a: Zapdos
|-damage|p1a: Zapdos|97/100
|
|t:|1757825677
|switch|p2a: Clodsire|Clodsire, M|100/100|[from] U-turn
|
|upkeep
|turn|17
|
|t:|1757825685
|switch|p1a: Garchomp|Garchomp, F|94/100
|move|p2a: Clodsire|Toxic|p1a: Garchomp
|-status|p1a: Garchomp|tox
|
|-damage|p1a: Garchomp|88/100 tox|[from] psn
|upkeep
|turn|18
|
|t:|1757825695
|move|p1a: Garchomp|Stealth Rock|p2a: Clodsire
|-sidestart|p2: guerrero105|move: Stealth Rock
|move|p2a: Clodsire|Stealth Rock|p1a: Garchomp
|-sidestart|p1: Trainee Sword|move: Stealth Rock
|
|-damage|p1a: Garchomp|76/100 tox|[from] psn
|upkeep
|turn|19
|
|t:|1757825703
|switch|p1a: Slowking|Slowking-Galar, M|96/100
|switch|p2a: Tinkaton|Tinkaton, F|36/100
|-damage|p2a: Tinkaton|30/100|[from] Stealth Rock
|-ability|p2a: Tinkaton|Mold Breaker
|
|upkeep
|turn|20
|
|t:|1757825711
|move|p2a: Tinkaton|Knock Off|p1a: Slowking
|-supereffective|p1a: Slowking
|-damage|p1a: Slowking|62/100
|-enditem|p1a: Slowking|Heavy-Duty Boots|[from] move: Knock Off|[of] p2a: Tinkaton
|move|p1a: Slowking|Future Sight|p2a: Tinkaton
|-start|p1a: Slowking|move: Future Sight
|
|upkeep
|turn|21
|
|t:|1757825718
|move|p2a: Tinkaton|Thunder Wave|p1a: Slowking
|-status|p1a: Slowking|par
|-prepare|p1a: Slowking|Chilly Reception|[premajor]
|move|p1a: Slowking|Chilly Reception|p1a: Slowking
|-weather|Snowscape
|
|t:|1757825732
|switch|p1a: Zamazenta|Zamazenta|100/100|[from] Chilly Reception
|-ability|p1a: Zamazenta|Dauntless Shield|boost
|-boost|p1a: Zamazenta|def|1
|
|-weather|Snowscape|[upkeep]
|upkeep
|turn|22
|
|t:|1757825741
|move|p1a: Zamazenta|Close Combat|p2a: Tinkaton
|-damage|p2a: Tinkaton|0 fnt
|-unboost|p1a: Zamazenta|def|1
|-unboost|p1a: Zamazenta|spd|1
|faint|p2a: Tinkaton
|
|-weather|Snowscape|[upkeep]
|-hint|Future Sight did not hit because the target is fainted.
|upkeep
|
|t:|1757825749
|switch|p2a: Sinistcha|Sinistcha-Masterpiece|100/100
|-damage|p2a: Sinistcha|88/100|[from] Stealth Rock
|turn|23
|
|t:|1757825753
|-terastallize|p1a: Zamazenta|Dark
|move|p1a: Zamazenta|Crunch|p2a: Sinistcha
|-supereffective|p2a: Sinistcha
|-damage|p2a: Sinistcha|1/100
|move|p2a: Sinistcha|Strength Sap|p1a: Zamazenta
|-unboost|p1a: Zamazenta|atk|1
|-heal|p2a: Sinistcha|100/100
|
|-weather|Snowscape|[upkeep]
|upkeep
|turn|24
|
|t:|1757825765
|switch|p1a: Pecharunt|Pecharunt|81/100 par
|-damage|p1a: Pecharunt|68/100 par|[from] Stealth Rock
|move|p2a: Sinistcha|Strength Sap|p1a: Pecharunt
|-unboost|p1a: Pecharunt|atk|1
|
|-weather|Snowscape|[upkeep]
|upkeep
|turn|25
|
|t:|1757825772
|-terastallize|p2a: Sinistcha|Poison
|move|p2a: Sinistcha|Calm Mind|p2a: Sinistcha
|-boost|p2a: Sinistcha|spa|1
|-boost|p2a: Sinistcha|spd|1
|cant|p1a: Pecharunt|par
|
|-weather|none
|upkeep
|turn|26
|
|t:|1757825779
|switch|p1a: Latios|Latios, M|76/100
|move|p2a: Sinistcha|Shadow Ball|p1a: Latios
|-supereffective|p1a: Latios
|-damage|p1a: Latios|0 fnt
|faint|p1a: Latios
|
|upkeep
|
|t:|1757825781
|switch|p1a: Garchomp|Garchomp, F|76/100 tox
|-damage|p1a: Garchomp|70/100 tox|[from] Stealth Rock
|turn|27
|
|t:|1757825791
|switch|p2a: Mandibuzz|Mandibuzz, F|100/100
|-damage|p2a: Mandibuzz|75/100|[from] Stealth Rock
|move|p1a: Garchomp|Dragon Tail|p2a: Mandibuzz
|-damage|p2a: Mandibuzz|60/100
|drag|p2a: Tauros|Tauros-Paldea-Aqua, M|90/100
|-damage|p2a: Tauros|84/100|[from] Stealth Rock
|-ability|p2a: Tauros|Intimidate|boost
|-unboost|p1a: Garchomp|atk|1
|
|-heal|p2a: Tauros|90/100|[from] item: Leftovers
|-damage|p1a: Garchomp|63/100 tox|[from] psn
|upkeep
|turn|28
|
|t:|1757825818
|switch|p1a: Zapdos|Zapdos|97/100
|move|p2a: Tauros|Wave Crash|p1a: Zapdos
|-damage|p1a: Zapdos|61/100
|-damage|p2a: Tauros|77/100|[from] Recoil
|
|-heal|p2a: Tauros|83/100|[from] item: Leftovers
|upkeep
|turn|29
|
|t:|1757825825
|switch|p2a: Clodsire|Clodsire, M|100/100
|-damage|p2a: Clodsire|94/100|[from] Stealth Rock
|move|p1a: Zapdos|Hurricane|p2a: Clodsire
|-damage|p2a: Clodsire|70/100
|
|-heal|p2a: Clodsire|77/100|[from] item: Leftovers
|upkeep
|turn|30
|
|t:|1757825833
|switch|p1a: Pecharunt|Pecharunt|68/100 par
|-damage|p1a: Pecharunt|56/100 par|[from] Stealth Rock
|move|p2a: Clodsire|Toxic||[still]
|-fail|p2a: Clodsire
|
|-heal|p2a: Clodsire|83/100|[from] item: Leftovers
|upkeep
|turn|31
|
|t:|1757825838
|move|p1a: Pecharunt|Recover|p1a: Pecharunt
|-heal|p1a: Pecharunt|100/100 par
|move|p2a: Clodsire|Earthquake|p1a: Pecharunt
|-supereffective|p1a: Pecharunt
|-damage|p1a: Pecharunt|75/100 par
|
|-heal|p2a: Clodsire|89/100|[from] item: Leftovers
|upkeep
|turn|32
|
|t:|1757825851
|move|p1a: Pecharunt|Parting Shot|p2a: Clodsire
|-unboost|p2a: Clodsire|atk|1
|-unboost|p2a: Clodsire|spa|1
|
|t:|1757825855
|switch|p1a: Garchomp|Garchomp, F|63/100 tox|[from] Parting Shot
|-damage|p1a: Garchomp|57/100 tox|[from] Stealth Rock
|move|p2a: Clodsire|Earthquake|p1a: Garchomp
|-damage|p1a: Garchomp|46/100 tox
|
|-heal|p2a: Clodsire|95/100|[from] item: Leftovers
|-damage|p1a: Garchomp|40/100 tox|[from] psn
|upkeep
|turn|33
|
|t:|1757825867
|switch|p2a: Mandibuzz|Mandibuzz, F|60/100
|-damage|p2a: Mandibuzz|35/100|[from] Stealth Rock
|move|p1a: Garchomp|Earthquake|p2a: Mandibuzz
|-immune|p2a: Mandibuzz
|
|-damage|p1a: Garchomp|28/100 tox|[from] psn
|upkeep
|turn|34
|
|t:|1757825877
|switch|p1a: Zapdos|Zapdos|61/100
|move|p2a: Mandibuzz|Roost|p2a: Mandibuzz
|-heal|p2a: Mandibuzz|85/100
|-singleturn|p2a: Mandibuzz|move: Roost
|
|upkeep
|turn|35
|
|t:|1757825881
|switch|p2a: Clodsire|Clodsire, M|95/100
|-damage|p2a: Clodsire|89/100|[from] Stealth Rock
|move|p1a: Zapdos|Hurricane|p2a: Clodsire
|-damage|p2a: Clodsire|64/100
|
|-heal|p2a: Clodsire|70/100|[from] item: Leftovers
|upkeep
|turn|36
|
|t:|1757825896
|move|p1a: Zapdos|Hurricane|p2a: Clodsire|[miss]
|-miss|p1a: Zapdos|p2a: Clodsire
|move|p2a: Clodsire|Toxic|p1a: Zapdos
|-status|p1a: Zapdos|tox
|
|-heal|p2a: Clodsire|76/100|[from] item: Leftovers
|-damage|p1a: Zapdos|55/100 tox|[from] psn
|upkeep
|turn|37
|
|t:|1757825904
|switch|p1a: Pecharunt|Pecharunt|75/100 par
|-damage|p1a: Pecharunt|63/100 par|[from] Stealth Rock
|move|p2a: Clodsire|Recover|p2a: Clodsire
|-heal|p2a: Clodsire|100/100
|
|upkeep
|turn|38
|
|t:|1757825909
|switch|p2a: Cinderace|Cinderace, M|36/100
|move|p1a: Pecharunt|Shadow Ball|p2a: Cinderace
|-damage|p2a: Cinderace|0 fnt
|faint|p2a: Cinderace
|
|upkeep
|
|t:|1757825921
|switch|p2a: Sinistcha|Sinistcha-Masterpiece, tera:Poison|100/100
|-damage|p2a: Sinistcha|88/100|[from] Stealth Rock
|turn|39
|
|t:|1757825925
|move|p2a: Sinistcha|Calm Mind|p2a: Sinistcha
|-boost|p2a: Sinistcha|spa|1
|-boost|p2a: Sinistcha|spd|1
|move|p1a: Pecharunt|Parting Shot|p2a: Sinistcha
|-unboost|p2a: Sinistcha|atk|1
|-unboost|p2a: Sinistcha|spa|1
|
|t:|1757825928
|switch|p1a: Garchomp|Garchomp, F|28/100 tox|[from] Parting Shot
|-damage|p1a: Garchomp|22/100 tox|[from] Stealth Rock
|
|-heal|p2a: Sinistcha|94/100|[from] item: Leftovers
|-damage|p1a: Garchomp|15/100 tox|[from] psn
|upkeep
|turn|40
|
|t:|1757825936
|switch|p2a: Mandibuzz|Mandibuzz, F|85/100
|-damage|p2a: Mandibuzz|60/100|[from] Stealth Rock
|move|p1a: Garchomp|Dragon Tail|p2a: Mandibuzz
|-damage|p2a: Mandibuzz|43/100
|drag|p2a: Clodsire|Clodsire, M|100/100
|-damage|p2a: Clodsire|94/100|[from] Stealth Rock
|
|-heal|p2a: Clodsire|100/100|[from] item: Leftovers
|-damage|p1a: Garchomp|3/100 tox|[from] psn
|upkeep
|turn|41
|inactive|guerrero105 has 120 seconds left.
|
|t:|1757825973
|switch|p2a: Mandibuzz|Mandibuzz, F|43/100
|-damage|p2a: Mandibuzz|18/100|[from] Stealth Rock
|move|p1a: Garchomp|Spikes|p2a: Mandibuzz
|-sidestart|p2: guerrero105|Spikes
|
|-damage|p1a: Garchomp|0 fnt|[from] psn
|faint|p1a: Garchomp
|upkeep
|
|t:|1757825984
|switch|p1a: Zamazenta|Zamazenta, tera:Dark|100/100
|turn|42
|
|t:|1757825989
|move|p1a: Zamazenta|Heavy Slam|p2a: Mandibuzz
|-damage|p2a: Mandibuzz|0 fnt
|faint|p2a: Mandibuzz
|
|upkeep
|
|t:|1757825994
|switch|p2a: Tauros|Tauros-Paldea-Aqua, M|83/100
|-damage|p2a: Tauros|77/100|[from] Stealth Rock
|-damage|p2a: Tauros|64/100|[from] Spikes
|-ability|p2a: Tauros|Intimidate|boost
|-unboost|p1a: Zamazenta|atk|1
|turn|43
|
|t:|1757826001
|switch|p1a: Zapdos|Zapdos|55/100 tox
|move|p2a: Tauros|Bulk Up|p2a: Tauros
|-boost|p2a: Tauros|atk|1
|-boost|p2a: Tauros|def|1
|
|-heal|p2a: Tauros|70/100|[from] item: Leftovers
|-damage|p1a: Zapdos|49/100 tox|[from] psn
|upkeep
|turn|44
|
|t:|1757826007
|move|p2a: Tauros|Wave Crash|p1a: Zapdos
|-damage|p1a: Zapdos|0 fnt
|faint|p1a: Zapdos
|-damage|p2a: Tauros|52/100|[from] Recoil
|
|-heal|p2a: Tauros|58/100|[from] item: Leftovers
|upkeep
|
|t:|1757826010
|switch|p1a: Pecharunt|Pecharunt|63/100 par
|-damage|p1a: Pecharunt|50/100 par|[from] Stealth Rock
|turn|45
|
|t:|1757826021
|switch|p2a: Clodsire|Clodsire, M|100/100
|-damage|p2a: Clodsire|94/100|[from] Stealth Rock
|-damage|p2a: Clodsire|82/100|[from] Spikes
|move|p1a: Pecharunt|Recover|p1a: Pecharunt
|-heal|p1a: Pecharunt|100/100 par
|
|-heal|p2a: Clodsire|88/100|[from] item: Leftovers
|upkeep
|turn|46
|
|t:|1757826034
|cant|p1a: Pecharunt|par
|move|p2a: Clodsire|Earthquake|p1a: Pecharunt
|-supereffective|p1a: Pecharunt
|-damage|p1a: Pecharunt|75/100 par
|
|-heal|p2a: Clodsire|94/100|[from] item: Leftovers
|upkeep
|turn|47
|
|t:|1757826039
|move|p1a: Pecharunt|Parting Shot|p2a: Clodsire
|-unboost|p2a: Clodsire|atk|1
|-unboost|p2a: Clodsire|spa|1
|
|t:|1757826042
|switch|p1a: Slowking|Slowking-Galar, M|95/100 par|[from] Parting Shot
|-damage|p1a: Slowking|82/100 par|[from] Stealth Rock
|move|p2a: Clodsire|Earthquake|p1a: Slowking
|-supereffective|p1a: Slowking
|-damage|p1a: Slowking|47/100 par
|
|-heal|p2a: Clodsire|100/100|[from] item: Leftovers
|upkeep
|turn|48
|
|t:|1757826051
|move|p2a: Clodsire|Earthquake|p1a: Slowking
|-supereffective|p1a: Slowking
|-damage|p1a: Slowking|6/100 par
|move|p1a: Slowking|Future Sight|p2a: Clodsire
|-start|p1a: Slowking|move: Future Sight
|
|upkeep
|turn|49
|
|t:|1757826058
|switch|p1a: Pecharunt|Pecharunt|75/100 par
|-damage|p1a: Pecharunt|62/100 par|[from] Stealth Rock
|move|p2a: Clodsire|Earthquake|p1a: Pecharunt
|-supereffective|p1a: Pecharunt
|-damage|p1a: Pecharunt|47/100 par
|
|upkeep
|turn|50
|
|t:|1757826067
|cant|p1a: Pecharunt|par
|move|p2a: Clodsire|Earthquake|p1a: Pecharunt
|-supereffective|p1a: Pecharunt
|-damage|p1a: Pecharunt|29/100 par
|
|-end|p2a: Clodsire|move: Future Sight
|-supereffective|p2a: Clodsire
|-damage|p2a: Clodsire|54/100
|-heal|p2a: Clodsire|60/100|[from] item: Leftovers
|upkeep
|turn|51
|
|t:|1757826075
|move|p1a: Pecharunt|Recover|p1a: Pecharunt
|-heal|p1a: Pecharunt|79/100 par
|move|p2a: Clodsire|Earthquake|p1a: Pecharunt
|-supereffective|p1a: Pecharunt
|-damage|p1a: Pecharunt|63/100 par
|
|-heal|p2a: Clodsire|66/100|[from] item: Leftovers
|upkeep
|turn|52
|
|t:|1757826079
|switch|p2a: Sinistcha|Sinistcha-Masterpiece, tera:Poison|94/100
|-damage|p2a: Sinistcha|82/100|[from] Stealth Rock
|-damage|p2a: Sinistcha|69/100|[from] Spikes
|move|p1a: Pecharunt|Shadow Ball|p2a: Sinistcha
|-damage|p2a: Sinistcha|35/100
|-unboost|p2a: Sinistcha|spd|1
|
|-heal|p2a: Sinistcha|41/100|[from] item: Leftovers
|upkeep
|turn|53
|
|t:|1757826088
|move|p2a: Sinistcha|Shadow Ball|p1a: Pecharunt
|-supereffective|p1a: Pecharunt
|-damage|p1a: Pecharunt|0 fnt
|faint|p1a: Pecharunt
|
|-heal|p2a: Sinistcha|47/100|[from] item: Leftovers
|upkeep
|
|t:|1757826092
|switch|p1a: Zamazenta|Zamazenta, tera:Dark|100/100
|turn|54
|
|t:|1757826098
|switch|p2a: Tauros|Tauros-Paldea-Aqua, M|58/100
|-damage|p2a: Tauros|52/100|[from] Stealth Rock
|-damage|p2a: Tauros|39/100|[from] Spikes
|-ability|p2a: Tauros|Intimidate|boost
|-unboost|p1a: Zamazenta|atk|1
|move|p1a: Zamazenta|Crunch|p2a: Tauros
|-resisted|p2a: Tauros
|-crit|p2a: Tauros
|-damage|p2a: Tauros|11/100
|
|-heal|p2a: Tauros|17/100|[from] item: Leftovers
|upkeep
|turn|55
|
|t:|1757826108
|move|p1a: Zamazenta|Crunch|p2a: Tauros
|-resisted|p2a: Tauros
|-damage|p2a: Tauros|5/100
|move|p2a: Tauros|Body Press|p1a: Zamazenta
|-supereffective|p1a: Zamazenta
|-damage|p1a: Zamazenta|43/100
|
|-heal|p2a: Tauros|11/100|[from] item: Leftovers
|upkeep
|turn|56
|
|t:|1757826114
|move|p1a: Zamazenta|Close Combat|p2a: Tauros
|-damage|p2a: Tauros|0 fnt
|-unboost|p1a: Zamazenta|def|1
|-unboost|p1a: Zamazenta|spd|1
|faint|p2a: Tauros
|
|upkeep
|
|t:|1757826118
|switch|p2a: Clodsire|Clodsire, M|66/100
|-damage|p2a: Clodsire|60/100|[from] Stealth Rock
|-damage|p2a: Clodsire|48/100|[from] Spikes
|turn|57
|
|t:|1757826121
|switch|p1a: Slowking|Slowking-Galar, M|40/100 par
|-damage|p1a: Slowking|27/100 par|[from] Stealth Rock
|move|p2a: Clodsire|Recover|p2a: Clodsire
|-heal|p2a: Clodsire|98/100
|
|-heal|p2a: Clodsire|100/100|[from] item: Leftovers
|upkeep
|turn|58
|
|t:|1757826125
|move|p2a: Clodsire|Earthquake|p1a: Slowking
|-supereffective|p1a: Slowking
|-damage|p1a: Slowking|0 fnt
|faint|p1a: Slowking
|
|upkeep
|
|t:|1757826127
|switch|p1a: Zamazenta|Zamazenta, tera:Dark|43/100
|turn|59
|
|t:|1757826133
|move|p1a: Zamazenta|Crunch|p2a: Clodsire
|-damage|p2a: Clodsire|54/100
|move|p2a: Clodsire|Toxic|p1a: Zamazenta
|-status|p1a: Zamazenta|tox
|
|-heal|p2a: Clodsire|60/100|[from] item: Leftovers
|-damage|p1a: Zamazenta|37/100 tox|[from] psn
|upkeep
|turn|60
|
|t:|1757826141
|move|p1a: Zamazenta|Crunch|p2a: Clodsire
|-damage|p2a: Clodsire|19/100
|move|p2a: Clodsire|Recover|p2a: Clodsire
|-heal|p2a: Clodsire|69/100
|
|-heal|p2a: Clodsire|75/100|[from] item: Leftovers
|-damage|p1a: Zamazenta|25/100 tox|[from] psn
|upkeep
|turn|61
|
|t:|1757826145
|move|p1a: Zamazenta|Crunch|p2a: Clodsire
|-damage|p2a: Clodsire|32/100
|move|p2a: Clodsire|Recover|p2a: Clodsire
|-heal|p2a: Clodsire|82/100
|
|-heal|p2a: Clodsire|88/100|[from] item: Leftovers
|-damage|p1a: Zamazenta|6/100 tox|[from] psn
|upkeep
|turn|62
|
|t:|1757826155
|move|p1a: Zamazenta|Crunch|p2a: Clodsire
|-damage|p2a: Clodsire|47/100
|move|p2a: Clodsire|Earthquake|p1a: Zamazenta
|-damage|p1a: Zamazenta|0 fnt
|faint|p1a: Zamazenta
|
|win|guerrero105
|raw|Trainee Sword's rating: 1309 &rarr; <strong>1291</strong><br />(-18 for losing)
|raw|guerrero105's rating: 1336 &rarr; <strong>1354</strong><br />(+18 for winning)
|l|☆guerrero105
|player|p2|
|l|☆Trainee Sword
|player|p1|
