|j|☆OfficialdcjensenYT
|j|☆Tv&vgfvescbnkk
|t:|1757960463
|gametype|singles
|player|p1|OfficialdcjensenYT|koga|1063
|player|p2|Tv&vgfvescbnkk|170|1040
|gen|9
|tier|[Gen 9] OU
|rated|
|rule|HP Percentage Mod: HP is shown in percentages
|rule|Endless Battle Clause: Forcing endless battles is banned
|rule|Species Clause: Limit one of each Pokémon
|rule|OHKO Clause: OHKO moves are banned
|rule|Evasion Items Clause: Evasion items are banned
|rule|Evasion Moves Clause: Evasion moves are banned
|rule|Evasion Abilities Clause: Evasion abilities are banned
|rule|Sleep Moves Clause: Sleep-inducing moves are banned
|clearpoke
|poke|p1|Rhydon, M|
|poke|p1|Primarina, F|
|poke|p1|Venomoth, F|
|poke|p1|Primeape, F|
|poke|p2|Slowking-Galar, F|
|poke|p2|Mamoswine, F|
|poke|p2|Ursaluna, M|
|poke|p2|Amoonguss, F|
|poke|p2|Iron Valiant|
|poke|p2|Zoroark-Hisui, F|
|teampreview
|
|t:|1757960470
|teamsize|p1|4
|teamsize|p2|6
|start
|switch|p1a: Rhydon|Rhydon, M|100/100
|switch|p2a: Slowking|Slowking-Galar, F|100/100
|turn|1
|
|t:|1757960481
|move|p1a: Rhydon|Body Slam|p2a: Slowking
|-damage|p2a: Slowking|80/100
|move|p2a: Slowking|Trick Room|p2a: Slowking
|-fieldstart|move: Trick Room|[of] p2a: Slowking
|
|upkeep
|turn|2
|
|t:|1757960489
|-terastallize|p1a: Rhydon|Ghost
|-prepare|p2a: Slowking|Chilly Reception|[premajor]
|move|p2a: Slowking|Chilly Reception|p2a: Slowking
|-weather|Snowscape
|
|t:|1757960496
|switch|p2a: Ursaluna|Ursaluna, M|100/100|[from] Chilly Reception
|move|p1a: Rhydon|Curse|p2a: Ursaluna
|-start|p2a: Ursaluna|Curse|[of] p1a: Rhydon
|-damage|p1a: Rhydon|50/100
|
|-weather|Snowscape|[upkeep]
|-damage|p2a: Ursaluna|75/100|[from] Curse
|-status|p2a: Ursaluna|brn|[from] item: Flame Orb
|upkeep
|turn|3
|
|t:|1757960508
|move|p2a: Ursaluna|Headlong Rush|p1a: Rhydon
|-damage|p1a: Rhydon|3/100
|-unboost|p2a: Ursaluna|def|1
|-unboost|p2a: Ursaluna|spd|1
|move|p1a: Rhydon|Breaking Swipe|p2a: Ursaluna
|-damage|p2a: Ursaluna|55/100 brn
|-unboost|p2a: Ursaluna|atk|1
|
|-weather|Snowscape|[upkeep]
|-damage|p2a: Ursaluna|49/100 brn|[from] brn
|-damage|p2a: Ursaluna|24/100 brn|[from] Curse
|upkeep
|turn|4
|
|t:|1757960522
|switch|p1a: Primarina|Primarina, F|100/100
|move|p2a: Ursaluna|Headlong Rush|p1a: Primarina
|-damage|p1a: Primarina|26/100
|-unboost|p2a: Ursaluna|def|1
|-unboost|p2a: Ursaluna|spd|1
|
|-weather|Snowscape|[upkeep]
|-damage|p2a: Ursaluna|17/100 brn|[from] brn
|-damage|p2a: Ursaluna|0 fnt|[from] Curse
|faint|p2a: Ursaluna
|upkeep
|
|t:|1757960533
|switch|p2a: Iron Valiant|Iron Valiant|100/100
|turn|5
|
|t:|1757960539
|move|p1a: Primarina|Draining Kiss|p2a: Iron Valiant
|-damage|p2a: Iron Valiant|54/100
|-heal|p1a: Primarina|50/100|[from] drain|[of] p2a: Iron Valiant
|replace|p2a: Zoroark|Zoroark-Hisui, F
|-end|p2a: Zoroark|Illusion
|move|p2a: Zoroark|Shadow Ball|p1a: Primarina
|-damage|p1a: Primarina|1/100
|-unboost|p1a: Primarina|spd|1
|
|-weather|Snowscape|[upkeep]
|-fieldend|move: Trick Room
|upkeep
|turn|6
|
|t:|1757960551
|move|p2a: Zoroark|Shadow Ball|p1a: Primarina
|-damage|p1a: Primarina|0 fnt
|faint|p1a: Primarina
|
|-weather|Snowscape|[upkeep]
|upkeep
|
|t:|1757960555
|switch|p1a: Venomoth|Venomoth, F, shiny|100/100
|turn|7
|
|t:|1757960559
|move|p2a: Zoroark|Shadow Ball|p1a: Venomoth
|-damage|p1a: Venomoth|34/100
|move|p1a: Venomoth|Quiver Dance|p1a: Venomoth
|-boost|p1a: Venomoth|spa|1
|-boost|p1a: Venomoth|spd|1
|-boost|p1a: Venomoth|spe|1
|
|-weather|Snowscape|[upkeep]
|upkeep
|turn|8
|
|t:|1757960569
|move|p1a: Venomoth|Giga Drain|p2a: Zoroark
|-damage|p2a: Zoroark|0 fnt
|-heal|p1a: Venomoth|55/100|[from] drain|[of] p2a: Zoroark
|faint|p2a: Zoroark
|
|-weather|Snowscape|[upkeep]
|upkeep
|
|t:|1757960580
|switch|p2a: Slowking|Slowking-Galar, F|100/100
|turn|9
|
|t:|1757960585
|move|p1a: Venomoth|Quiver Dance|p1a: Venomoth
|-boost|p1a: Venomoth|spa|1
|-boost|p1a: Venomoth|spd|1
|-boost|p1a: Venomoth|spe|1
|move|p2a: Slowking|Trick Room|p2a: Slowking
|-fieldstart|move: Trick Room|[of] p2a: Slowking
|
|-weather|none
|upkeep
|turn|10
|
|t:|1757960595
|-prepare|p2a: Slowking|Chilly Reception|[premajor]
|move|p2a: Slowking|Chilly Reception|p2a: Slowking
|-weather|Snowscape
|
|t:|1757960600
|switch|p2a: Mamoswine|Mamoswine, F|100/100|[from] Chilly Reception
|move|p1a: Venomoth|Psychic Noise|p2a: Mamoswine
|-damage|p2a: Mamoswine|62/100
|-start|p2a: Mamoswine|move: Heal Block
|
|-weather|Snowscape|[upkeep]
|upkeep
|turn|11
|
|t:|1757960614
|move|p2a: Mamoswine|Blizzard|p1a: Venomoth
|-damage|p1a: Venomoth|39/100
|move|p1a: Venomoth|Giga Drain|p2a: Mamoswine
|-supereffective|p2a: Mamoswine
|-damage|p2a: Mamoswine|0 fnt
|-heal|p1a: Venomoth|73/100|[from] drain|[of] p2a: Mamoswine
|faint|p2a: Mamoswine
|
|-weather|Snowscape|[upkeep]
|upkeep
|
|t:|1757960625
|switch|p2a: Amoonguss|Amoonguss, F|100/100
|turn|12
|
|t:|1757960634
|move|p2a: Amoonguss|Sludge Bomb|p1a: Venomoth
|-resisted|p1a: Venomoth
|-damage|p1a: Venomoth|65/100
|move|p1a: Venomoth|Air Slash|p2a: Amoonguss
|-supereffective|p2a: Amoonguss
|-damage|p2a: Amoonguss|29/100
|
|-weather|Snowscape|[upkeep]
|upkeep
|turn|13
|
|t:|1757960643
|move|p2a: Amoonguss|Toxic|p1a: Venomoth
|-immune|p1a: Venomoth
|move|p1a: Venomoth|Giga Drain|p2a: Amoonguss
|-resisted|p2a: Amoonguss
|-crit|p2a: Amoonguss
|-damage|p2a: Amoonguss|5/100
|-heal|p1a: Venomoth|80/100|[from] drain|[of] p2a: Amoonguss
|
|-weather|Snowscape|[upkeep]
|-fieldend|move: Trick Room
|upkeep
|turn|14
|
|t:|1757960653
|move|p1a: Venomoth|Quiver Dance|p1a: Venomoth
|-boost|p1a: Venomoth|spa|1
|-boost|p1a: Venomoth|spd|1
|-boost|p1a: Venomoth|spe|1
|move|p2a: Amoonguss|Foul Play|p1a: Venomoth
|-damage|p1a: Venomoth|64/100
|
|-weather|Snowscape|[upkeep]
|upkeep
|turn|15
|
|t:|1757960662
|move|p1a: Venomoth|Giga Drain|p2a: Amoonguss
|-resisted|p2a: Amoonguss
|-damage|p2a: Amoonguss|0 fnt
|-heal|p1a: Venomoth|67/100|[from] drain|[of] p2a: Amoonguss
|faint|p2a: Amoonguss
|
|-weather|Snowscape|[upkeep]
|upkeep
|
|t:|1757960668
|switch|p2a: Iron Valiant|Iron Valiant|100/100
|-enditem|p2a: Iron Valiant|Booster Energy
|-activate|p2a: Iron Valiant|ability: Quark Drive|[fromitem]
|-start|p2a: Iron Valiant|quarkdriveatk
|turn|16
|
|t:|1757960678
|-terastallize|p2a: Iron Valiant|Fighting
|move|p1a: Venomoth|Psychic Noise|p2a: Iron Valiant
|-supereffective|p2a: Iron Valiant
|-damage|p2a: Iron Valiant|0 fnt
|faint|p2a: Iron Valiant
|-end|p2a: Iron Valiant|Quark Drive|[silent]
|
|-weather|Snowscape|[upkeep]
|upkeep
|
|t:|1757960684
|switch|p2a: Slowking|Slowking-Galar, F|100/100
|turn|17
|
|t:|1757960693
|move|p1a: Venomoth|Air Slash|p2a: Slowking
|-damage|p2a: Slowking|67/100
|move|p2a: Slowking|Disable|p1a: Venomoth
|-start|p1a: Venomoth|Disable|Air Slash
|
|-weather|none
|upkeep
|turn|18
|
|t:|1757960699
|move|p1a: Venomoth|Giga Drain|p2a: Slowking
|-resisted|p2a: Slowking
|-damage|p2a: Slowking|32/100
|-heal|p1a: Venomoth|87/100|[from] drain|[of] p2a: Slowking
|move|p2a: Slowking|Disable||[still]
|-fail|p2a: Slowking
|
|upkeep
|turn|19
|-message|Tv&vgfvescbnkk forfeited.
|
|win|OfficialdcjensenYT
|raw|OfficialdcjensenYT's rating: 1063 &rarr; <strong>1092</strong><br />(+29 for winning)
|raw|Tv&amp;vgfvescbnkk's rating: 1040 &rarr; <strong>1025</strong><br />(-15 for losing)
|l|☆Tv&vgfvescbnkk
|player|p2|
