|j|☆InfinityPokeRang3r
|j|☆IDWTLA
|t:|1757887116
|gametype|singles
|player|p1|InfinityPokeRang3r|ingo|1320
|player|p2|IDWTLA|scientist-gen4dp|1302
|gen|9
|tier|[Gen 9] OU
|rated|
|rule|HP Percentage Mod: HP is shown in percentages
|rule|Endless Battle Clause: Forcing endless battles is banned
|rule|Species Clause: Limit one of each Pokémon
|rule|OHKO Clause: OHKO moves are banned
|rule|Evasion Items Clause: Evasion items are banned
|rule|Evasion Moves Clause: Evasion moves are banned
|rule|Evasion Abilities Clause: Evasion abilities are banned
|rule|Sleep Moves Clause: Sleep-inducing moves are banned
|clearpoke
|poke|p1|Iron Crown|
|poke|p1|Great Tusk|
|poke|p1|Zapdos-Galar|
|poke|p1|Samurott-Hisui, M|
|poke|p1|Ribombee, F|
|poke|p1|Ceruledge, M|
|poke|p2|Zapdos-Galar|
|poke|p2|Landorus-Therian, M|
|poke|p2|Dragapult, F|
|poke|p2|Slowking-Galar, F|
|poke|p2|Great Tusk|
|poke|p2|Alomomola, F|
|teampreview
|inactive|Battle timer is ON: inactive players will automatically lose when time's up. (requested by IDWTLA)
|
|t:|1757887127
|teamsize|p1|6
|teamsize|p2|6
|start
|switch|p1a: Zapdos|Zapdos-Galar, shiny|100/100
|switch|p2a: Dragapult|Dragapult, F|100/100
|turn|1
|
|t:|1757887137
|switch|p2a: Alomomola|Alomomola, F|100/100
|move|p1a: Zapdos|Agility|p1a: Zapdos
|-boost|p1a: Zapdos|spe|2
|
|upkeep
|turn|2
|
|t:|1757887149
|move|p1a: Zapdos|Thunderous Kick|p2a: Alomomola
|-damage|p2a: Alomomola|73/100
|-unboost|p2a: Alomomola|def|1
|move|p2a: Alomomola|Body Slam|p1a: Zapdos
|-damage|p1a: Zapdos|81/100
|
|upkeep
|turn|3
|
|t:|1757887158
|move|p1a: Zapdos|Thunderous Kick|p2a: Alomomola
|-damage|p2a: Alomomola|32/100
|-unboost|p2a: Alomomola|def|1
|move|p2a: Alomomola|Body Slam|p1a: Zapdos
|-damage|p1a: Zapdos|62/100
|
|upkeep
|turn|4
|
|t:|1757887167
|switch|p2a: Slowking|Slowking-Galar, F|100/100
|move|p1a: Zapdos|Thunderous Kick|p2a: Slowking
|-resisted|p2a: Slowking
|-damage|p2a: Slowking|87/100
|-unboost|p2a: Slowking|def|1
|
|upkeep
|turn|5
|
|t:|1757887184
|switch|p1a: Samurott|Samurott-Hisui, M|100/100
|switch|p2a: Alomomola|Alomomola, F|66/100
|
|upkeep
|turn|6
|
|t:|1757887197
|move|p1a: Samurott|Ceaseless Edge|p2a: Alomomola
|-damage|p2a: Alomomola|42/100
|-sidestart|p2: IDWTLA|Spikes
|move|p2a: Alomomola|Flip Turn|p1a: Samurott
|-resisted|p1a: Samurott
|-damage|p1a: Samurott|90/100
|
|t:|1757887204
|switch|p2a: Zapdos|Zapdos-Galar|100/100|[from] Flip Turn
|
|-heal|p1a: Samurott|96/100|[from] item: Leftovers
|upkeep
|turn|7
|
|t:|1757887217
|move|p2a: Zapdos|Brave Bird|p1a: Samurott
|-damage|p1a: Samurott|0 fnt
|faint|p1a: Samurott
|-damage|p2a: Zapdos|69/100|[from] Recoil
|
|upkeep
|
|t:|1757887237
|switch|p1a: Ceruledge|Ceruledge, M|100/100
|turn|8
|
|t:|1757887243
|switch|p2a: Landorus|Landorus-Therian, M|100/100
|-ability|p2a: Landorus|Intimidate|boost
|-unboost|p1a: Ceruledge|atk|1
|move|p1a: Ceruledge|Flame Charge|p2a: Landorus
|-damage|p2a: Landorus|84/100
|-boost|p1a: Ceruledge|spe|1
|-damage|p1a: Ceruledge|84/100|[from] item: Rocky Helmet|[of] p2a: Landorus
|-damage|p1a: Ceruledge|74/100|[from] item: Life Orb
|
|upkeep
|turn|9
|
|t:|1757887263
|switch|p1a: Great Tusk|Great Tusk|100/100
|move|p2a: Landorus|Earthquake|p1a: Great Tusk
|-crit|p1a: Great Tusk
|-damage|p1a: Great Tusk|59/100
|
|upkeep
|turn|10
|
|t:|1757887271
|switch|p2a: Alomomola|Alomomola, F|75/100
|move|p1a: Great Tusk|Ice Spinner|p2a: Alomomola
|-resisted|p2a: Alomomola
|-damage|p2a: Alomomola|69/100
|
|upkeep
|turn|11
|
|t:|1757887282
|move|p1a: Great Tusk|Close Combat|p2a: Alomomola
|-damage|p2a: Alomomola|40/100
|-unboost|p1a: Great Tusk|def|1
|-unboost|p1a: Great Tusk|spd|1
|move|p2a: Alomomola|Wish|p2a: Alomomola
|
|upkeep
|turn|12
|
|t:|1757887306
|-end|p1a: Great Tusk|Protosynthesis|[silent]
|switch|p1a: Zapdos|Zapdos-Galar, shiny|62/100
|move|p2a: Alomomola|Flip Turn|p1a: Zapdos
|-damage|p1a: Zapdos|45/100
|
|t:|1757887309
|switch|p2a: Dragapult|Dragapult, F|100/100|[from] Flip Turn
|-damage|p2a: Dragapult|88/100|[from] Spikes
|
|-heal|p2a: Dragapult|100/100|[from] move: Wish|[wisher] Alomomola
|upkeep
|turn|13
|
|t:|1757887318
|move|p2a: Dragapult|Shadow Ball|p1a: Zapdos
|-damage|p1a: Zapdos|0 fnt
|faint|p1a: Zapdos
|
|upkeep
|
|t:|1757887328
|switch|p1a: Ribombee|Ribombee, F|100/100
|turn|14
|
|t:|1757887333
|switch|p2a: Slowking|Slowking-Galar, F|100/100
|move|p1a: Ribombee|Stun Spore|p2a: Slowking
|-status|p2a: Slowking|par
|
|upkeep
|turn|15
|
|t:|1757887341
|move|p1a: Ribombee|Quiver Dance|p1a: Ribombee
|-boost|p1a: Ribombee|spa|1
|-boost|p1a: Ribombee|spd|1
|-boost|p1a: Ribombee|spe|1
|-prepare|p2a: Slowking|Chilly Reception|[premajor]
|cant|p2a: Slowking|par
|
|upkeep
|turn|16
|
|t:|1757887349
|move|p1a: Ribombee|Quiver Dance|p1a: Ribombee
|-boost|p1a: Ribombee|spa|1
|-boost|p1a: Ribombee|spd|1
|-boost|p1a: Ribombee|spe|1
|move|p2a: Slowking|Sludge Bomb|p1a: Ribombee
|-supereffective|p1a: Ribombee
|-damage|p1a: Ribombee|38/100
|
|upkeep
|turn|17
|
|t:|1757887357
|move|p1a: Ribombee|Bug Buzz|p2a: Slowking
|-crit|p2a: Slowking
|-damage|p2a: Slowking|30/100 par
|-unboost|p2a: Slowking|spd|1
|move|p2a: Slowking|Toxic|p1a: Ribombee
|-status|p1a: Ribombee|tox
|
|-damage|p1a: Ribombee|32/100 tox|[from] psn
|upkeep
|turn|18
|
|t:|1757887370
|switch|p2a: Landorus|Landorus-Therian, M|84/100
|-ability|p2a: Landorus|Intimidate|boost
|-unboost|p1a: Ribombee|atk|1
|move|p1a: Ribombee|Bug Buzz|p2a: Landorus
|-resisted|p2a: Landorus
|-damage|p2a: Landorus|35/100
|
|-damage|p1a: Ribombee|20/100 tox|[from] psn
|upkeep
|turn|19
|
|t:|1757887380
|switch|p2a: Slowking|Slowking-Galar, F|64/100 par
|move|p1a: Ribombee|Draining Kiss|p2a: Slowking
|-resisted|p2a: Slowking
|-damage|p2a: Slowking|50/100 par
|-heal|p1a: Ribombee|35/100 tox|[from] drain|[of] p2a: Slowking
|
|-damage|p1a: Ribombee|17/100 tox|[from] psn
|upkeep
|turn|20
|
|t:|1757887390
|switch|p2a: Landorus|Landorus-Therian, M|35/100
|-ability|p2a: Landorus|Intimidate|boost
|-unboost|p1a: Ribombee|atk|1
|move|p1a: Ribombee|Bug Buzz|p2a: Landorus
|-resisted|p2a: Landorus
|-damage|p2a: Landorus|0 fnt
|faint|p2a: Landorus
|
|-damage|p1a: Ribombee|0 fnt|[from] psn
|faint|p1a: Ribombee
|upkeep
|
|t:|1757887404
|switch|p1a: Iron Crown|Iron Crown|100/100
|switch|p2a: Zapdos|Zapdos-Galar|69/100
|turn|21
|
|t:|1757887410
|move|p2a: Zapdos|Knock Off|p1a: Iron Crown
|-supereffective|p1a: Iron Crown
|-crit|p1a: Iron Crown
|-damage|p1a: Iron Crown|0 fnt
|-enditem|p1a: Iron Crown|Choice Specs|[from] move: Knock Off|[of] p2a: Zapdos
|faint|p1a: Iron Crown
|-end|p1a: Iron Crown|Quark Drive|[silent]
|
|upkeep
|
|t:|1757887425
|switch|p1a: Great Tusk|Great Tusk|59/100
|turn|22
|
|t:|1757887440
|switch|p2a: Alomomola|Alomomola, F|73/100
|-terastallize|p1a: Great Tusk|Ice
|move|p1a: Great Tusk|Ice Spinner|p2a: Alomomola
|-resisted|p2a: Alomomola
|-damage|p2a: Alomomola|63/100
|
|upkeep
|turn|23
|
|t:|1757887449
|move|p1a: Great Tusk|Rapid Spin|p2a: Alomomola
|-damage|p2a: Alomomola|56/100
|-boost|p1a: Great Tusk|spe|1
|move|p2a: Alomomola|Wish|p2a: Alomomola
|
|upkeep
|turn|24
|c|☆IDWTLA|Gg
|
|t:|1757887458
|move|p1a: Great Tusk|Close Combat|p2a: Alomomola
|-damage|p2a: Alomomola|26/100
|-unboost|p1a: Great Tusk|def|1
|-unboost|p1a: Great Tusk|spd|1
|move|p2a: Alomomola|Flip Turn|p1a: Great Tusk
|-damage|p1a: Great Tusk|45/100
|
|t:|1757887467
|switch|p2a: Zapdos|Zapdos-Galar|69/100|[from] Flip Turn
|
|-heal|p2a: Zapdos|100/100|[from] move: Wish|[wisher] Alomomola
|upkeep
|turn|25
|
|t:|1757887474
|switch|p2a: Alomomola|Alomomola, F|60/100
|move|p1a: Great Tusk|Ice Spinner|p2a: Alomomola
|-resisted|p2a: Alomomola
|-damage|p2a: Alomomola|51/100
|
|upkeep
|turn|26
|
|t:|1757887484
|move|p1a: Great Tusk|Close Combat|p2a: Alomomola
|-damage|p2a: Alomomola|22/100
|-unboost|p1a: Great Tusk|def|1
|-unboost|p1a: Great Tusk|spd|1
|move|p2a: Alomomola|Flip Turn|p1a: Great Tusk
|-damage|p1a: Great Tusk|26/100
|
|t:|1757887491
|switch|p2a: Slowking|Slowking-Galar, F|84/100 par|[from] Flip Turn
|
|upkeep
|turn|27
|
|t:|1757887498
|move|p1a: Great Tusk|Headlong Rush|p2a: Slowking
|-supereffective|p2a: Slowking
|-damage|p2a: Slowking|0 fnt
|-unboost|p1a: Great Tusk|def|1
|-unboost|p1a: Great Tusk|spd|1
|faint|p2a: Slowking
|
|upkeep
|
|t:|1757887506
|switch|p2a: Alomomola|Alomomola, F|55/100
|turn|28
|
|t:|1757887513
|move|p1a: Great Tusk|Close Combat|p2a: Alomomola
|-damage|p2a: Alomomola|26/100
|-unboost|p1a: Great Tusk|def|1
|-unboost|p1a: Great Tusk|spd|1
|move|p2a: Alomomola|Flip Turn|p1a: Great Tusk
|-damage|p1a: Great Tusk|0 fnt
|faint|p1a: Great Tusk
|-end|p1a: Great Tusk|Protosynthesis|[silent]
|
|t:|1757887522
|switch|p2a: Zapdos|Zapdos-Galar|100/100|[from] Flip Turn
|
|upkeep
|
|t:|1757887525
|switch|p1a: Ceruledge|Ceruledge, M|74/100
|turn|29
|inactive|IDWTLA has 120 seconds left.
|inactive|IDWTLA has 90 seconds left.
|inactiveoff|Battle timer is now OFF.
|inactive|Battle timer is ON: inactive players will automatically lose when time's up. (requested by InfinityPokeRang3r)
|inactive|IDWTLA has 60 seconds left.
|inactive|IDWTLA has 30 seconds left.
|inactive|IDWTLA has 20 seconds left.
|inactive|IDWTLA has 15 seconds left.
|
|t:|1757887722
|move|p2a: Zapdos|Brave Bird|p1a: Ceruledge
|-damage|p1a: Ceruledge|0 fnt
|faint|p1a: Ceruledge
|-damage|p2a: Zapdos|78/100|[from] Recoil
|
|win|IDWTLA
|raw|InfinityPokeRang3r's rating: 1320 &rarr; <strong>1299</strong><br />(-21 for losing)
|raw|IDWTLA's rating: 1302 &rarr; <strong>1323</strong><br />(+21 for winning)
|l|☆InfinityPokeRang3r
|player|p1|
