|j|☆ay cheu
|j|‽Lucid Coffee
|t:|1757924050
|gametype|singles
|player|p1|ay cheu|riley|1515
|player|p2|Lucid Coffee|blue|1618
|gen|9
|tier|[Gen 9] OU
|rated|
|rule|HP Percentage Mod: HP is shown in percentages
|rule|Endless Battle Clause: Forcing endless battles is banned
|rule|Species Clause: Limit one of each Pokémon
|rule|OHKO Clause: OHKO moves are banned
|rule|Evasion Items Clause: Evasion items are banned
|rule|Evasion Moves Clause: Evasion moves are banned
|rule|Evasion Abilities Clause: Evasion abilities are banned
|rule|Sleep Moves Clause: Sleep-inducing moves are banned
|clearpoke
|poke|p1|Arcanine-Hisui, M|
|poke|p1|Snorlax, M|
|poke|p1|Zoroark, M|
|poke|p1|Chesnaught, M|
|poke|p1|Gliscor, M|
|poke|p1|Fezandipiti, M|
|poke|p2|Iron Moth|
|poke|p2|Ting-Lu|
|poke|p2|Torkoal, F|
|poke|p2|Walking Wake|
|poke|p2|Great Tusk|
|poke|p2|Slither Wing|
|teampreview
|inactive|Battle timer is ON: inactive players will automatically lose when time's up. (requested by ay cheu)
|
|t:|1757924068
|teamsize|p1|6
|teamsize|p2|6
|start
|switch|p1a: 阿黄|Arcanine-Hisui, M|100/100
|switch|p2a: Great Tusk|Great Tusk|100/100
|turn|1
|
|t:|1757924082
|-end|p2a: Great Tusk|Protosynthesis|[silent]
|switch|p2a: Torkoal|Torkoal, F|100/100
|-weather|SunnyDay|[from] ability: Drought|[of] p2a: Torkoal
|move|p1a: 阿黄|Grass Knot|p2a: Torkoal
|-resisted|p2a: Torkoal
|-damage|p2a: Torkoal|83/100
|
|-weather|SunnyDay|[upkeep]
|upkeep
|turn|2
|
|t:|1757924105
|switch|p1a: Gliscor|Gliscor, M|100/100
|switch|p2a: Ting-Lu|Ting-Lu|100/100
|-ability|p2a: Ting-Lu|Vessel of Ruin
|
|-weather|SunnyDay|[upkeep]
|-status|p1a: Gliscor|tox|[from] item: Toxic Orb
|upkeep
|turn|3
|
|t:|1757924109
|move|p1a: Gliscor|Swords Dance|p1a: Gliscor
|-boost|p1a: Gliscor|atk|2
|move|p2a: Ting-Lu|Spikes|p1a: Gliscor
|-sidestart|p1: ay cheu|Spikes
|
|-weather|SunnyDay|[upkeep]
|upkeep
|turn|4
|
|t:|1757924113
|move|p1a: Gliscor|Knock Off|p2a: Ting-Lu
|-resisted|p2a: Ting-Lu
|-damage|p2a: Ting-Lu|87/100
|-damage|p1a: Gliscor|84/100 tox|[from] item: Rocky Helmet|[of] p2a: Ting-Lu
|-enditem|p2a: Ting-Lu|Rocky Helmet|[from] move: Knock Off|[of] p1a: Gliscor
|move|p2a: Ting-Lu|Whirlwind|p1a: Gliscor
|drag|p1a: Fezandipiti|Fezandipiti, M|100/100
|-damage|p1a: Fezandipiti|88/100|[from] Spikes
|
|-weather|SunnyDay|[upkeep]
|-heal|p1a: Fezandipiti|94/100|[from] item: Leftovers
|upkeep
|turn|5
|
|t:|1757924125
|switch|p1a: Chesnaught|Chesnaught, M|100/100
|-damage|p1a: Chesnaught|88/100|[from] Spikes
|move|p2a: Ting-Lu|Ruination|p1a: Chesnaught
|-damage|p1a: Chesnaught|44/100
|
|-weather|SunnyDay|[upkeep]
|upkeep
|turn|6
|
|t:|1757924134
|switch|p2a: Iron Moth|Iron Moth|100/100
|move|p1a: Chesnaught|Synthesis|p1a: Chesnaught
|-heal|p1a: Chesnaught|100/100
|
|-weather|SunnyDay|[upkeep]
|upkeep
|turn|7
|
|t:|1757924141
|switch|p1a: 阿肥|Snorlax, M|100/100
|-damage|p1a: 阿肥|88/100|[from] Spikes
|move|p2a: Iron Moth|Overheat|p1a: 阿肥
|-damage|p1a: 阿肥|57/100
|-unboost|p2a: Iron Moth|spa|2
|
|-weather|SunnyDay|[upkeep]
|upkeep
|turn|8
|
|t:|1757924152
|-end|p2a: Iron Moth|Quark Drive|[silent]
|switch|p2a: Slither Wing|Slither Wing|100/100
|-activate|p2a: Slither Wing|ability: Protosynthesis
|-start|p2a: Slither Wing|protosynthesisatk
|switch|p1a: Gliscor|Gliscor, M|84/100 tox
|
|-weather|none
|-end|p2a: Slither Wing|Protosynthesis
|-heal|p1a: Gliscor|96/100 tox|[from] ability: Poison Heal
|upkeep
|turn|9
|
|t:|1757924166
|move|p1a: Gliscor|Swords Dance|p1a: Gliscor
|-boost|p1a: Gliscor|atk|2
|move|p2a: Slither Wing|Flare Blitz|p1a: Gliscor
|-damage|p1a: Gliscor|26/100 tox
|-damage|p2a: Slither Wing|80/100|[from] Recoil
|
|-heal|p1a: Gliscor|39/100 tox|[from] ability: Poison Heal
|upkeep
|turn|10
|
|t:|1757924175
|-terastallize|p1a: Gliscor|Water
|move|p1a: Gliscor|Facade|p2a: Slither Wing
|-damage|p2a: Slither Wing|0 fnt
|faint|p2a: Slither Wing
|-end|p2a: Slither Wing|Protosynthesis|[silent]
|
|-heal|p1a: Gliscor|51/100 tox|[from] ability: Poison Heal
|upkeep
|
|t:|1757924186
|switch|p2a: Walking Wake|Walking Wake|100/100
|turn|11
|
|t:|1757924205
|switch|p1a: Fezandipiti|Fezandipiti, M|94/100
|-damage|p1a: Fezandipiti|82/100|[from] Spikes
|move|p2a: Walking Wake|Dragon Pulse|p1a: Fezandipiti
|-immune|p1a: Fezandipiti
|
|-heal|p1a: Fezandipiti|88/100|[from] item: Leftovers
|upkeep
|turn|12
|
|t:|1757924209
|-end|p2a: Walking Wake|Protosynthesis|[silent]
|switch|p2a: Torkoal|Torkoal, F|83/100
|-weather|SunnyDay|[from] ability: Drought|[of] p2a: Torkoal
|move|p1a: Fezandipiti|Calm Mind|p1a: Fezandipiti
|-boost|p1a: Fezandipiti|spa|1
|-boost|p1a: Fezandipiti|spd|1
|
|-weather|SunnyDay|[upkeep]
|-heal|p1a: Fezandipiti|94/100|[from] item: Leftovers
|upkeep
|turn|13
|
|t:|1757924220
|switch|p2a: Ting-Lu|Ting-Lu|87/100
|-ability|p2a: Ting-Lu|Vessel of Ruin
|move|p1a: Fezandipiti|Moonblast|p2a: Ting-Lu
|-supereffective|p2a: Ting-Lu
|-damage|p2a: Ting-Lu|54/100
|-status|p2a: Ting-Lu|tox|[from] ability: Toxic Chain|[of] p1a: Fezandipiti
|
|-weather|SunnyDay|[upkeep]
|-heal|p1a: Fezandipiti|99/100|[from] item: Leftovers
|-damage|p2a: Ting-Lu|48/100 tox|[from] psn
|upkeep
|turn|14
|
|t:|1757924229
|move|p1a: Fezandipiti|Moonblast|p2a: Ting-Lu
|-supereffective|p2a: Ting-Lu
|-damage|p2a: Ting-Lu|15/100 tox
|-unboost|p2a: Ting-Lu|spa|1
|move|p2a: Ting-Lu|Whirlwind|p1a: Fezandipiti
|drag|p1a: 阿肥|Snorlax, M|57/100
|-damage|p1a: 阿肥|44/100|[from] Spikes
|
|-weather|SunnyDay|[upkeep]
|-damage|p2a: Ting-Lu|2/100 tox|[from] psn
|upkeep
|turn|15
|
|t:|1757924237
|switch|p1a: Gliscor|Gliscor, M, tera:Water|51/100 tox
|-damage|p1a: Gliscor|39/100 tox|[from] Spikes
|move|p2a: Ting-Lu|Spikes|p1a: Gliscor
|-sidestart|p1: ay cheu|Spikes
|
|-weather|SunnyDay|[upkeep]
|-heal|p1a: Gliscor|51/100 tox|[from] ability: Poison Heal
|-damage|p2a: Ting-Lu|0 fnt|[from] psn
|faint|p2a: Ting-Lu
|upkeep
|
|t:|1757924257
|switch|p2a: Walking Wake|Walking Wake|100/100
|-activate|p2a: Walking Wake|ability: Protosynthesis
|-start|p2a: Walking Wake|protosynthesisspe
|turn|16
|
|t:|1757924276
|-end|p2a: Walking Wake|Protosynthesis|[silent]
|switch|p2a: Iron Moth|Iron Moth|100/100
|move|p1a: Gliscor|Facade|p2a: Iron Moth
|-damage|p2a: Iron Moth|35/100
|
|-weather|SunnyDay|[upkeep]
|-heal|p1a: Gliscor|63/100 tox|[from] ability: Poison Heal
|upkeep
|turn|17
|
|t:|1757924288
|move|p2a: Iron Moth|Overheat|p1a: Gliscor
|-resisted|p1a: Gliscor
|-damage|p1a: Gliscor|0 fnt
|-unboost|p2a: Iron Moth|spa|2
|faint|p1a: Gliscor
|
|-weather|SunnyDay|[upkeep]
|upkeep
|
|t:|1757924296
|switch|p1a: Fezandipiti|Fezandipiti, M|99/100
|-damage|p1a: Fezandipiti|83/100|[from] Spikes
|turn|18
|
|t:|1757924301
|-end|p2a: Iron Moth|Quark Drive|[silent]
|switch|p2a: Great Tusk|Great Tusk|100/100
|-activate|p2a: Great Tusk|ability: Protosynthesis
|-start|p2a: Great Tusk|protosynthesisspe
|move|p1a: Fezandipiti|Calm Mind|p1a: Fezandipiti
|-boost|p1a: Fezandipiti|spa|1
|-boost|p1a: Fezandipiti|spd|1
|
|-weather|SunnyDay|[upkeep]
|-heal|p1a: Fezandipiti|89/100|[from] item: Leftovers
|upkeep
|turn|19
|
|t:|1757924306
|switch|p1a: Chesnaught|Chesnaught, M|100/100
|-damage|p1a: Chesnaught|84/100|[from] Spikes
|move|p2a: Great Tusk|Headlong Rush|p1a: Chesnaught
|-resisted|p1a: Chesnaught
|-damage|p1a: Chesnaught|69/100
|-unboost|p2a: Great Tusk|def|1
|-unboost|p2a: Great Tusk|spd|1
|-damage|p2a: Great Tusk|84/100|[from] item: Rocky Helmet|[of] p1a: Chesnaught
|
|-weather|none
|-end|p2a: Great Tusk|Protosynthesis
|upkeep
|turn|20
|
|t:|1757924312
|-end|p2a: Great Tusk|Protosynthesis|[silent]
|switch|p2a: Torkoal|Torkoal, F|83/100
|-weather|SunnyDay|[from] ability: Drought|[of] p2a: Torkoal
|move|p1a: Chesnaught|Spikes|p2a: Torkoal
|-sidestart|p2: Lucid Coffee|Spikes
|
|-weather|SunnyDay|[upkeep]
|upkeep
|turn|21
|
|t:|1757924320
|move|p1a: Chesnaught|Body Press|p2a: Torkoal
|-damage|p2a: Torkoal|59/100
|move|p2a: Torkoal|Rapid Spin|p1a: Chesnaught
|-damage|p1a: Chesnaught|64/100
|-boost|p2a: Torkoal|spe|1
|-damage|p2a: Torkoal|42/100|[from] item: Rocky Helmet|[of] p1a: Chesnaught
|-sideend|p2: Lucid Coffee|Spikes|[from] move: Rapid Spin|[of] p2a: Torkoal
|
|-weather|SunnyDay|[upkeep]
|upkeep
|turn|22
|
|t:|1757924327
|switch|p1a: 阿黄|Arcanine-Hisui, M|100/100
|-damage|p1a: 阿黄|84/100|[from] Spikes
|move|p2a: Torkoal|Stealth Rock|p1a: 阿黄
|-sidestart|p1: ay cheu|move: Stealth Rock
|
|-weather|SunnyDay|[upkeep]
|upkeep
|turn|23
|
|t:|1757924335
|switch|p2a: Great Tusk|Great Tusk|84/100
|-activate|p2a: Great Tusk|ability: Protosynthesis
|-start|p2a: Great Tusk|protosynthesisspe
|move|p1a: 阿黄|Flare Blitz|p2a: Great Tusk
|-damage|p2a: Great Tusk|0 fnt
|faint|p2a: Great Tusk
|-end|p2a: Great Tusk|Protosynthesis|[silent]
|
|-weather|SunnyDay|[upkeep]
|upkeep
|
|t:|1757924344
|switch|p2a: Iron Moth|Iron Moth|35/100
|turn|24
|
|t:|1757924366
|switch|p1a: 阿肥|Snorlax, M|44/100
|-damage|p1a: 阿肥|28/100|[from] Spikes
|-damage|p1a: 阿肥|15/100|[from] Stealth Rock
|move|p2a: Iron Moth|Fiery Dance|p1a: 阿肥
|-damage|p1a: 阿肥|0 fnt
|faint|p1a: 阿肥
|
|-weather|SunnyDay|[upkeep]
|upkeep
|
|t:|1757924374
|switch|p1a: Chesnaught|Chesnaught, M|100/100
|-damage|p1a: Chesnaught|84/100|[from] Spikes
|-damage|p1a: Chesnaught|72/100|[from] Stealth Rock
|turn|25
|
|t:|1757924379
|move|p1a: Chesnaught|Dark Pulse|p2a: Iron Moth
|-damage|p2a: Iron Moth|0 fnt
|faint|p2a: Iron Moth
|-end|p2a: Iron Moth|Quark Drive|[silent]
|
|-weather|SunnyDay|[upkeep]
|upkeep
|
|t:|1757924383
|switch|p2a: Walking Wake|Walking Wake|100/100
|-activate|p2a: Walking Wake|ability: Protosynthesis
|-start|p2a: Walking Wake|protosynthesisspe
|turn|26
|
|t:|1757924393
|switch|p1a: Chesnaught|Chesnaught, M|64/100
|-damage|p1a: Chesnaught|47/100|[from] Spikes
|-damage|p1a: Chesnaught|41/100|[from] Stealth Rock
|move|p2a: Walking Wake|Hydro Steam|p1a: Chesnaught
|-resisted|p1a: Chesnaught
|-damage|p1a: Chesnaught|0 fnt
|faint|p1a: Chesnaught
|
|-weather|SunnyDay|[upkeep]
|upkeep
|
|t:|1757924396
|switch|p1a: Fezandipiti|Fezandipiti, M|89/100
|-damage|p1a: Fezandipiti|73/100|[from] Spikes
|-damage|p1a: Fezandipiti|60/100|[from] Stealth Rock
|turn|27
|
|t:|1757924407
|move|p2a: Walking Wake|Hydro Steam|p1a: Fezandipiti
|-damage|p1a: Fezandipiti|0 fnt
|faint|p1a: Fezandipiti
|
|-weather|none
|-end|p2a: Walking Wake|Protosynthesis
|upkeep
|
|t:|1757924412
|switch|p1a: 阿黄|Arcanine-Hisui, M|72/100
|-damage|p1a: 阿黄|55/100|[from] Spikes
|-damage|p1a: 阿黄|43/100|[from] Stealth Rock
|turn|28
|
|t:|1757924417
|-end|p2a: Walking Wake|Protosynthesis|[silent]
|switch|p2a: Torkoal|Torkoal, F|42/100
|-weather|SunnyDay|[from] ability: Drought|[of] p2a: Torkoal
|move|p1a: 阿黄|Dark Pulse|p2a: Torkoal
|-damage|p2a: Torkoal|0 fnt
|faint|p2a: Torkoal
|
|-weather|SunnyDay|[upkeep]
|upkeep
|
|t:|1757924423
|switch|p2a: Walking Wake|Walking Wake|100/100
|-activate|p2a: Walking Wake|ability: Protosynthesis
|-start|p2a: Walking Wake|protosynthesisspe
|turn|29
|
|t:|1757924426
|move|p2a: Walking Wake|Hydro Steam|p1a: 阿黄
|-damage|p1a: 阿黄|0 fnt
|replace|p1a: Zoroark|Zoroark, M
|-end|p1a: Zoroark|Illusion
|faint|p1a: Zoroark
|
|-weather|SunnyDay|[upkeep]
|upkeep
|
|t:|1757924428
|switch|p1a: 阿黄|Arcanine-Hisui, M|84/100
|-damage|p1a: 阿黄|67/100|[from] Spikes
|-damage|p1a: 阿黄|42/100|[from] Stealth Rock
|turn|30
|
|t:|1757924431
|move|p1a: 阿黄|Extreme Speed|p2a: Walking Wake
|-damage|p2a: Walking Wake|59/100
|move|p2a: Walking Wake|Hydro Steam|p1a: 阿黄
|-supereffective|p1a: 阿黄
|-damage|p1a: 阿黄|0 fnt
|faint|p1a: 阿黄
|
|win|Lucid Coffee
|raw|ay cheu's rating: 1515 &rarr; <strong>1501</strong><br />(-14 for losing)
|raw|Lucid Coffee's rating: 1618 &rarr; <strong>1632</strong><br />(+14 for winning)
|l|☆ay cheu
|player|p1|
|l|‽Lucid Coffee
|player|p2|
