|j|☆supraxd
|j|☆koudaimiZo
|t:|1757935044
|gametype|singles
|player|p1|supraxd|steven|1170
|player|p2|koudaimiZo|brendan|1180
|gen|9
|tier|[Gen 9] OU
|rated|
|rule|HP Percentage Mod: HP is shown in percentages
|rule|Endless Battle Clause: Forcing endless battles is banned
|rule|Species Clause: Limit one of each Pokémon
|rule|OHKO Clause: OHKO moves are banned
|rule|Evasion Items Clause: Evasion items are banned
|rule|Evasion Moves Clause: Evasion moves are banned
|rule|Evasion Abilities Clause: Evasion abilities are banned
|rule|Sleep Moves Clause: Sleep-inducing moves are banned
|clearpoke
|poke|p1|Bastiodon, M|
|poke|p1|Dragapult, M|
|poke|p1|Jolteon, F|
|poke|p1|Gliscor, F|
|poke|p1|Hitmontop, M|
|poke|p1|Moltres|
|poke|p2|Gliscor, F|
|poke|p2|Samurott-Hisui, F|
|poke|p2|Gardevoir, M|
|poke|p2|Dragapult, F|
|poke|p2|Great Tusk|
|poke|p2|Kingambit, M|
|teampreview
|
|t:|1757935071
|teamsize|p1|6
|teamsize|p2|6
|start
|switch|p1a: Shield|Bastiodon, M|100/100
|switch|p2a: Samurott|Samurott-Hisui, F|100/100
|turn|1
|inactive|Battle timer is ON: inactive players will automatically lose when time's up. (requested by koudaimiZo)
|
|t:|1757935079
|move|p2a: Samurott|Sacred Sword|p1a: Shield
|-supereffective|p1a: Shield
|-ability|p1a: Shield|Sturdy
|-damage|p1a: Shield|1/100
|move|p1a: Shield|Metal Burst|p2a: Samurott
|-enditem|p2a: Samurott|Focus Sash
|-damage|p2a: Samurott|1/100
|
|upkeep
|turn|2
|
|t:|1757935094
|switch|p1a: Moltres|Moltres|100/100
|move|p2a: Samurott|Aqua Jet|p1a: Moltres
|-supereffective|p1a: Moltres
|-damage|p1a: Moltres|76/100
|
|upkeep
|turn|3
|inactive|supraxd has 120 seconds left.
|
|t:|1757935131
|move|p2a: Samurott|Aqua Jet|p1a: Moltres
|-supereffective|p1a: Moltres
|-damage|p1a: Moltres|51/100
|-status|p2a: Samurott|brn|[from] ability: Flame Body|[of] p1a: Moltres
|move|p1a: Moltres|U-turn|p2a: Samurott
|-supereffective|p2a: Samurott
|-damage|p2a: Samurott|0 fnt
|faint|p2a: Samurott
|
|t:|1757935156
|switch|p1a: Shield|Bastiodon, M|1/100|[from] U-turn
|
|upkeep
|
|t:|1757935163
|switch|p2a: Great Tusk|Great Tusk|100/100
|-enditem|p2a: Great Tusk|Booster Energy
|-activate|p2a: Great Tusk|ability: Protosynthesis|[fromitem]
|-start|p2a: Great Tusk|protosynthesisspe
|turn|4
|inactive|supraxd has 90 seconds left.
|
|t:|1757935209
|switch|p1a: Moltres|Moltres|51/100
|move|p2a: Great Tusk|Rapid Spin|p1a: Moltres
|-damage|p1a: Moltres|40/100
|-boost|p2a: Great Tusk|spe|1
|
|upkeep
|turn|5
|
|t:|1757935224
|move|p2a: Great Tusk|Ice Spinner|p1a: Moltres
|-damage|p1a: Moltres|23/100
|move|p1a: Moltres|Roost|p1a: Moltres
|-heal|p1a: Moltres|74/100
|-singleturn|p1a: Moltres|move: Roost
|
|upkeep
|turn|6
|
|t:|1757935232
|move|p2a: Great Tusk|Bulk Up|p2a: Great Tusk
|-boost|p2a: Great Tusk|atk|1
|-boost|p2a: Great Tusk|def|1
|move|p1a: Moltres|Roost|p1a: Moltres
|-heal|p1a: Moltres|100/100
|-singleturn|p1a: Moltres|move: Roost
|
|upkeep
|turn|7
|inactive|supraxd has 90 seconds left.
|
|t:|1757935246
|move|p2a: Great Tusk|Bulk Up|p2a: Great Tusk
|-boost|p2a: Great Tusk|atk|1
|-boost|p2a: Great Tusk|def|1
|move|p1a: Moltres|Will-O-Wisp|p2a: Great Tusk
|-status|p2a: Great Tusk|brn
|
|-damage|p2a: Great Tusk|94/100 brn|[from] brn
|upkeep
|turn|8
|
|t:|1757935259
|move|p2a: Great Tusk|Ice Spinner|p1a: Moltres
|-damage|p1a: Moltres|86/100
|move|p1a: Moltres|Flamethrower|p2a: Great Tusk
|-damage|p2a: Great Tusk|44/100 brn
|
|-damage|p2a: Great Tusk|37/100 brn|[from] brn
|upkeep
|turn|9
|
|t:|1757935270
|-end|p2a: Great Tusk|Protosynthesis|[silent]
|switch|p2a: Gliscor|Gliscor, F|100/100
|move|p1a: Moltres|Flamethrower|p2a: Gliscor
|-damage|p2a: Gliscor|56/100
|
|-status|p2a: Gliscor|tox|[from] item: Toxic Orb
|upkeep
|turn|10
|inactive|supraxd has 90 seconds left.
|inactive|supraxd has 60 seconds left.
|
|t:|1757935321
|move|p1a: Moltres|Flamethrower|p2a: Gliscor
|-damage|p2a: Gliscor|16/100 tox
|move|p2a: Gliscor|Toxic|p1a: Moltres
|-status|p1a: Moltres|tox
|
|-damage|p1a: Moltres|80/100 tox|[from] psn
|-heal|p2a: Gliscor|28/100 tox|[from] ability: Poison Heal
|upkeep
|turn|11
|
|t:|1757935335
|switch|p1a: Shield|Bastiodon, M|1/100
|switch|p2a: Gardevoir|Gardevoir, M|100/100
|-ability|p2a: Gardevoir|Sturdy|Trace|[from] ability: Trace|[of] p1a: Shield
|
|upkeep
|turn|12
|inactive|supraxd has 60 seconds left.
|-enditem|p1a: Shield|Custap Berry|[eat]
|-activate|p1a: Shield|item: Custap Berry|[consumed]
|
|t:|1757935369
|move|p1a: Shield|Steel Beam|p2a: Gardevoir
|-supereffective|p2a: Gardevoir
|-ability|p2a: Gardevoir|Sturdy
|-damage|p2a: Gardevoir|1/100
|-damage|p1a: Shield|0 fnt|[from] steelbeam
|faint|p1a: Shield
|move|p2a: Gardevoir|Knock Off|p1: Shield|[notarget]
|-fail|p2a: Gardevoir
|
|upkeep
|
|t:|1757935373
|switch|p1a: Squanchy|Jolteon, F|100/100
|turn|13
|inactive|supraxd has 60 seconds left.
|
|t:|1757935392
|switch|p2a: Gliscor|Gliscor, F|28/100 tox
|move|p1a: Squanchy|Alluring Voice|p2a: Gliscor
|-damage|p2a: Gliscor|0 fnt
|faint|p2a: Gliscor
|
|-status|p1a: Squanchy|brn|[from] item: Flame Orb
|upkeep
|
|t:|1757935405
|switch|p2a: Great Tusk|Great Tusk|37/100 brn
|turn|14
|
|t:|1757935412
|move|p1a: Squanchy|Alluring Voice|p2a: Great Tusk
|-supereffective|p2a: Great Tusk
|-damage|p2a: Great Tusk|0 fnt
|faint|p2a: Great Tusk
|-end|p2a: Great Tusk|Protosynthesis|[silent]
|
|-damage|p1a: Squanchy|95/100 brn|[from] brn
|upkeep
|
|t:|1757935420
|switch|p2a: Gardevoir|Gardevoir, M|1/100
|-ability|p2a: Gardevoir|Quick Feet|Trace|[from] ability: Trace|[of] p1a: Squanchy
|turn|15
|
|t:|1757935435
|move|p1a: Squanchy|Alluring Voice|p2a: Gardevoir
|-damage|p2a: Gardevoir|0 fnt
|faint|p2a: Gardevoir
|
|-damage|p1a: Squanchy|89/100 brn|[from] brn
|upkeep
|inactive|koudaimiZo has 120 seconds left.
|
|t:|1757935447
|switch|p2a: Dragapult|Dragapult, F|100/100
|turn|16
|inactive|koudaimiZo has 120 seconds left.
|
|t:|1757935460
|move|p1a: Squanchy|Alluring Voice|p2a: Dragapult
|-supereffective|p2a: Dragapult
|-damage|p2a: Dragapult|25/100
|move|p2a: Dragapult|Shadow Ball|p1a: Squanchy
|-damage|p1a: Squanchy|36/100 brn
|-unboost|p1a: Squanchy|spd|1
|
|-damage|p1a: Squanchy|30/100 brn|[from] brn
|upkeep
|turn|17
|inactive|koudaimiZo has 120 seconds left.
|
|t:|1757935470
|switch|p2a: Kingambit|Kingambit, M|100/100
|-activate|p2a: Kingambit|ability: Supreme Overlord
|-start|p2a: Kingambit|fallen4|[silent]
|move|p1a: Squanchy|Alluring Voice|p2a: Kingambit
|-damage|p2a: Kingambit|72/100
|
|-damage|p1a: Squanchy|24/100 brn|[from] brn
|upkeep
|turn|18
|inactive|supraxd has 90 seconds left.
|inactive|koudaimiZo has 120 seconds left.
|
|t:|1757935491
|move|p2a: Kingambit|Sucker Punch|p1a: Squanchy
|-damage|p1a: Squanchy|0 fnt
|faint|p1a: Squanchy
|
|upkeep
|inactive|supraxd has 60 seconds left.
|
|t:|1757935533
|switch|p1a: Beyblade|Hitmontop, M, shiny|100/100
|turn|19
|inactive|koudaimiZo has 120 seconds left.
|
|t:|1757935539
|-end|p2a: Kingambit|fallen4|[silent]
|switch|p2a: Dragapult|Dragapult, F|25/100
|move|p1a: Beyblade|Earthquake|p2a: Dragapult
|-damage|p2a: Dragapult|0 fnt
|faint|p2a: Dragapult
|
|upkeep
|inactive|koudaimiZo has 120 seconds left.
|
|t:|1757935547
|switch|p2a: Kingambit|Kingambit, M|72/100
|-activate|p2a: Kingambit|ability: Supreme Overlord
|-start|p2a: Kingambit|fallen5|[silent]
|turn|20
|inactive|supraxd has 60 seconds left.
|
|t:|1757935563
|move|p1a: Beyblade|Close Combat|p2a: Kingambit
|-supereffective|p2a: Kingambit
|-damage|p2a: Kingambit|0 fnt
|-unboost|p1a: Beyblade|def|1
|-unboost|p1a: Beyblade|spd|1
|faint|p2a: Kingambit
|-end|p2a: Kingambit|fallen5|[silent]
|
|win|supraxd
|raw|supraxd's rating: 1170 &rarr; <strong>1196</strong><br />(+26 for winning)
|raw|koudaimiZo's rating: 1180 &rarr; <strong>1154</strong><br />(-26 for losing)
