|j|☆tijzen
|j|☆pikalol25
|t:|1757955816
|gametype|singles
|player|p1|tijzen|ruinmaniac|1362
|player|p2|pikalol25|tate|1369
|gen|9
|tier|[Gen 9] OU
|rated|
|rule|HP Percentage Mod: HP is shown in percentages
|rule|Endless Battle Clause: Forcing endless battles is banned
|rule|Species Clause: Limit one of each Pokémon
|rule|OHKO Clause: OHKO moves are banned
|rule|Evasion Items Clause: Evasion items are banned
|rule|Evasion Moves Clause: Evasion moves are banned
|rule|Evasion Abilities Clause: Evasion abilities are banned
|rule|Sleep Moves Clause: Sleep-inducing moves are banned
|clearpoke
|poke|p1|Araquanid, M|
|poke|p1|Samurott-Hisui, F|
|poke|p1|Great Tusk|
|poke|p1|Zapdos|
|poke|p1|Iron Moth|
|poke|p1|Latios, M|
|poke|p2|Torkoal, M|
|poke|p2|Hatterene, F|
|poke|p2|Walking Wake|
|poke|p2|Haxorus, M|
|poke|p2|Scovillain, M|
|poke|p2|Great Tusk|
|teampreview
|inactive|Battle timer is ON: inactive players will automatically lose when time's up. (requested by pikalol25)
|
|t:|1757955824
|teamsize|p1|6
|teamsize|p2|6
|start
|switch|p1a: Araquanid|Araquanid, M|100/100
|switch|p2a: Sun joint|Torkoal, M|100/100
|-weather|SunnyDay|[from] ability: Drought|[of] p2a: Sun joint
|turn|1
|
|t:|1757955829
|switch|p2a: Witch joint|Hatterene, F|100/100
|move|p1a: Araquanid|Infestation|p2a: Witch joint
|-damage|p2a: Witch joint|96/100
|-activate|p2a: Witch joint|move: Infestation|[of] p1a: Araquanid
|-enditem|p2a: Witch joint|Eject Button
|
|t:|1757955838
|switch|p2a: Habenaro|Scovillain, M|100/100
|
|-weather|SunnyDay|[upkeep]
|upkeep
|turn|2
|
|t:|1757955846
|move|p2a: Habenaro|Growth|p2a: Habenaro
|-boost|p2a: Habenaro|atk|2
|-boost|p2a: Habenaro|spa|2
|move|p1a: Araquanid|Entrainment|p2a: Habenaro
|-ability|p2a: Habenaro|Water Bubble|Chlorophyll|[from] move: Entrainment|[of] p1a: Araquanid
|
|-weather|SunnyDay|[upkeep]
|upkeep
|turn|3
|
|t:|1757955856
|switch|p1a: Zapdos|Zapdos|100/100
|move|p2a: Habenaro|Flamethrower|p1a: Zapdos
|-damage|p1a: Zapdos|0 fnt
|faint|p1a: Zapdos
|-damage|p2a: Habenaro|91/100|[from] item: Life Orb
|
|-weather|SunnyDay|[upkeep]
|upkeep
|
|t:|1757955868
|switch|p1a: Iron Moth|Iron Moth|100/100
|turn|4
|
|t:|1757955876
|switch|p2a: Siuuuucune|Walking Wake|100/100
|-activate|p2a: Siuuuucune|ability: Protosynthesis
|-start|p2a: Siuuuucune|protosynthesisspe
|move|p1a: Iron Moth|Sludge Wave|p2a: Siuuuucune
|-damage|p2a: Siuuuucune|46/100
|-status|p2a: Siuuuucune|psn
|
|-weather|SunnyDay|[upkeep]
|-damage|p2a: Siuuuucune|33/100 psn|[from] psn
|upkeep
|turn|5
|
|t:|1757955889
|-terastallize|p1a: Iron Moth|Grass
|move|p2a: Siuuuucune|Draco Meteor|p1a: Iron Moth
|-crit|p1a: Iron Moth
|-enditem|p1a: Iron Moth|Focus Sash
|-damage|p1a: Iron Moth|1/100
|-unboost|p2a: Siuuuucune|spa|2
|move|p1a: Iron Moth|Electric Terrain|p1a: Iron Moth
|-fieldstart|move: Electric Terrain
|-activate|p1a: Iron Moth|ability: Quark Drive
|-start|p1a: Iron Moth|quarkdrivespe
|
|-weather|SunnyDay|[upkeep]
|-damage|p2a: Siuuuucune|21/100 psn|[from] psn
|upkeep
|turn|6
|
|t:|1757955910
|-end|p2a: Siuuuucune|Protosynthesis|[silent]
|switch|p2a: Haxorus|Haxorus, M|100/100
|-ability|p2a: Haxorus|Mold Breaker
|move|p1a: Iron Moth|Sludge Wave|p2a: Haxorus
|-damage|p2a: Haxorus|31/100
|
|-weather|SunnyDay|[upkeep]
|upkeep
|turn|7
|
|t:|1757955916
|move|p2a: Haxorus|First Impression|p1a: Iron Moth
|-supereffective|p1a: Iron Moth
|-damage|p1a: Iron Moth|0 fnt
|faint|p1a: Iron Moth
|-end|p1a: Iron Moth|Quark Drive|[silent]
|
|-weather|SunnyDay|[upkeep]
|upkeep
|
|t:|1757955923
|switch|p1a: Araquanid|Araquanid, M|100/100
|turn|8
|
|t:|1757955928
|switch|p2a: Witch joint|Hatterene, F|96/100
|move|p1a: Araquanid|Sticky Web|p2a: Witch joint
|move|p2a: Witch joint|Sticky Web|p1a: Araquanid|[from] ability: Magic Bounce
|-sidestart|p1: tijzen|move: Sticky Web
|
|-weather|none
|upkeep
|turn|9
|
|t:|1757955938
|switch|p2a: Sun joint|Torkoal, M|100/100
|-weather|SunnyDay|[from] ability: Drought|[of] p2a: Sun joint
|move|p1a: Araquanid|Infestation|p2a: Sun joint
|-resisted|p2a: Sun joint
|-crit|p2a: Sun joint
|-damage|p2a: Sun joint|97/100
|-activate|p2a: Sun joint|move: Infestation|[of] p1a: Araquanid
|
|-weather|SunnyDay|[upkeep]
|-damage|p2a: Sun joint|84/100|[from] move: Infestation|[partiallytrapped]
|-fieldend|move: Electric Terrain
|upkeep
|turn|10
|
|t:|1757955947
|move|p1a: Araquanid|Liquidation|p2a: Sun joint
|-supereffective|p2a: Sun joint
|-damage|p2a: Sun joint|60/100
|-unboost|p2a: Sun joint|def|1
|move|p2a: Sun joint|Stealth Rock|p1a: Araquanid
|-sidestart|p1: tijzen|move: Stealth Rock
|
|-weather|SunnyDay|[upkeep]
|-damage|p2a: Sun joint|48/100|[from] move: Infestation|[partiallytrapped]
|upkeep
|turn|11
|
|t:|1757955951
|switch|p1a: Great Tusk|Great Tusk|100/100
|-activate|p1a: Great Tusk|ability: Protosynthesis
|-start|p1a: Great Tusk|protosynthesisatk
|move|p2a: Sun joint|Rapid Spin|p1a: Great Tusk
|-damage|p1a: Great Tusk|93/100
|-boost|p2a: Sun joint|spe|1
|-end|p2a: Sun joint|Infestation|[partiallytrapped]
|
|-weather|SunnyDay|[upkeep]
|upkeep
|turn|12
|
|t:|1757955957
|switch|p2a: Habenaro|Scovillain, M|91/100
|move|p1a: Great Tusk|Rapid Spin|p2a: Habenaro
|-damage|p2a: Habenaro|48/100
|-boost|p1a: Great Tusk|spe|1
|-sideend|p1: tijzen|Stealth Rock|[from] move: Rapid Spin|[of] p1a: Great Tusk
|-sideend|p1: tijzen|Sticky Web|[from] move: Rapid Spin|[of] p1a: Great Tusk
|
|-weather|SunnyDay|[upkeep]
|upkeep
|turn|13
|
|t:|1757955961
|move|p2a: Habenaro|Giga Drain|p1a: Great Tusk
|-supereffective|p1a: Great Tusk
|-damage|p1a: Great Tusk|0 fnt
|-heal|p2a: Habenaro|100/100|[from] drain|[of] p1a: Great Tusk
|faint|p1a: Great Tusk
|-end|p1a: Great Tusk|Protosynthesis|[silent]
|-damage|p2a: Habenaro|91/100|[from] item: Life Orb
|
|-weather|SunnyDay|[upkeep]
|upkeep
|
|t:|1757955968
|switch|p1a: Latios|Latios, M|100/100
|turn|14
|
|t:|1757955973
|switch|p2a: Witch joint|Hatterene, F|96/100
|move|p1a: Latios|Luster Purge|p2a: Witch joint
|-resisted|p2a: Witch joint
|-damage|p2a: Witch joint|60/100
|-unboost|p2a: Witch joint|spd|1
|
|-weather|SunnyDay|[upkeep]
|upkeep
|turn|15
|
|t:|1757955977
|move|p1a: Latios|Luster Purge|p2a: Witch joint
|-resisted|p2a: Witch joint
|-damage|p2a: Witch joint|0 fnt
|faint|p2a: Witch joint
|
|-weather|SunnyDay|[upkeep]
|upkeep
|
|t:|1757955984
|switch|p2a: Siuuuucune|Walking Wake|21/100 psn
|-activate|p2a: Siuuuucune|ability: Protosynthesis
|-start|p2a: Siuuuucune|protosynthesisspe
|turn|16
|
|t:|1757955990
|switch|p1a: Araquanid|Araquanid, M|100/100
|move|p2a: Siuuuucune|Dragon Pulse|p1a: Araquanid
|-damage|p1a: Araquanid|62/100
|
|-weather|none
|-end|p2a: Siuuuucune|Protosynthesis
|-heal|p1a: Araquanid|68/100|[from] item: Leftovers
|-damage|p2a: Siuuuucune|9/100 psn|[from] psn
|upkeep
|turn|17
|
|t:|1757955997
|-end|p2a: Siuuuucune|Protosynthesis|[silent]
|switch|p2a: Sun joint|Torkoal, M|48/100
|-weather|SunnyDay|[from] ability: Drought|[of] p2a: Sun joint
|move|p1a: Araquanid|Sticky Web|p2a: Sun joint
|-sidestart|p2: pikalol25|move: Sticky Web
|
|-weather|SunnyDay|[upkeep]
|-heal|p1a: Araquanid|74/100|[from] item: Leftovers
|upkeep
|turn|18
|
|t:|1757956006
|move|p1a: Araquanid|Liquidation|p2a: Sun joint
|-supereffective|p2a: Sun joint
|-damage|p2a: Sun joint|24/100
|-unboost|p2a: Sun joint|def|1
|move|p2a: Sun joint|Rapid Spin|p1a: Araquanid
|-damage|p1a: Araquanid|64/100
|-boost|p2a: Sun joint|spe|1
|-sideend|p2: pikalol25|Sticky Web|[from] move: Rapid Spin|[of] p2a: Sun joint
|
|-weather|SunnyDay|[upkeep]
|-heal|p1a: Araquanid|70/100|[from] item: Leftovers
|upkeep
|turn|19
|
|t:|1757956009
|move|p2a: Sun joint|Rapid Spin|p1a: Araquanid
|-damage|p1a: Araquanid|61/100
|-boost|p2a: Sun joint|spe|1
|move|p1a: Araquanid|Liquidation|p2a: Sun joint
|-supereffective|p2a: Sun joint
|-damage|p2a: Sun joint|0 fnt
|faint|p2a: Sun joint
|
|-weather|SunnyDay|[upkeep]
|-heal|p1a: Araquanid|67/100|[from] item: Leftovers
|upkeep
|
|t:|1757956026
|switch|p2a: Haxorus|Haxorus, M|31/100
|-ability|p2a: Haxorus|Mold Breaker
|turn|20
|
|t:|1757956031
|move|p2a: Haxorus|Outrage|p1a: Araquanid
|-damage|p1a: Araquanid|0 fnt
|faint|p1a: Araquanid
|
|-weather|SunnyDay|[upkeep]
|upkeep
|
|t:|1757956034
|switch|p1a: Latios|Latios, M|100/100
|turn|21
|
|t:|1757956037
|move|p1a: Latios|Luster Purge|p2a: Haxorus
|-damage|p2a: Haxorus|0 fnt
|faint|p2a: Haxorus
|
|-weather|SunnyDay|[upkeep]
|upkeep
|
|t:|1757956040
|switch|p2a: Siuuuucune|Walking Wake|9/100 psn
|-activate|p2a: Siuuuucune|ability: Protosynthesis
|-start|p2a: Siuuuucune|protosynthesisspe
|turn|22
|
|t:|1757956045
|switch|p1a: Samurott|Samurott-Hisui, F|100/100
|move|p2a: Siuuuucune|Dragon Pulse|p1a: Samurott
|-damage|p1a: Samurott|7/100
|
|-weather|SunnyDay|[upkeep]
|-damage|p2a: Siuuuucune|0 fnt|[from] psn
|faint|p2a: Siuuuucune
|-end|p2a: Siuuuucune|Protosynthesis|[silent]
|upkeep
|
|t:|1757956051
|switch|p2a: Habenaro|Scovillain, M|91/100
|turn|23
|
|t:|1757956058
|switch|p1a: Latios|Latios, M|100/100
|move|p2a: Habenaro|Flamethrower|p1a: Latios
|-resisted|p1a: Latios
|-damage|p1a: Latios|60/100
|-status|p1a: Latios|brn
|-damage|p2a: Habenaro|81/100|[from] item: Life Orb
|
|-weather|SunnyDay|[upkeep]
|-damage|p1a: Latios|54/100 brn|[from] brn
|upkeep
|turn|24
|
|t:|1757956063
|switch|p1a: Samurott|Samurott-Hisui, F|7/100
|move|p2a: Habenaro|Flamethrower|p1a: Samurott
|-resisted|p1a: Samurott
|-damage|p1a: Samurott|0 fnt
|faint|p1a: Samurott
|-damage|p2a: Habenaro|71/100|[from] item: Life Orb
|
|-weather|none
|upkeep
|
|t:|1757956067
|switch|p1a: Latios|Latios, M|54/100 brn
|turn|25
|
|t:|1757956073
|move|p1a: Latios|Luster Purge|p2a: Habenaro
|-damage|p2a: Habenaro|0 fnt
|faint|p2a: Habenaro
|
|-damage|p1a: Latios|48/100 brn|[from] brn
|upkeep
|
|t:|1757956075
|switch|p2a: Tuskuthy|Great Tusk|100/100
|turn|26
|
|t:|1757956078
|-terastallize|p2a: Tuskuthy|Ground
|move|p1a: Latios|Luster Purge|p2a: Tuskuthy
|-damage|p2a: Tuskuthy|0 fnt
|faint|p2a: Tuskuthy
|-end|p2a: Tuskuthy|Protosynthesis|[silent]
|
|win|tijzen
|raw|tijzen's rating: 1362 &rarr; <strong>1382</strong><br />(+20 for winning)
|raw|pikalol25's rating: 1369 &rarr; <strong>1349</strong><br />(-20 for losing)
|c|☆tijzen|gg
|l|☆pikalol25
|player|p2|
|l|☆tijzen
|player|p1|
