|j|☆uechan
|j|☆spreadcrosser
|t:|1757911244
|gametype|singles
|player|p1|uechan|101|1260
|player|p2|spreadcrosser|266|1305
|gen|9
|tier|[Gen 9] OU
|rated|
|rule|HP Percentage Mod: HP is shown in percentages
|rule|Endless Battle Clause: Forcing endless battles is banned
|rule|Species Clause: Limit one of each Pokémon
|rule|OHKO Clause: OHKO moves are banned
|rule|Evasion Items Clause: Evasion items are banned
|rule|Evasion Moves Clause: Evasion moves are banned
|rule|Evasion Abilities Clause: Evasion abilities are banned
|rule|Sleep Moves Clause: Sleep-inducing moves are banned
|clearpoke
|poke|p1|Pelipper, F|
|poke|p1|Barraskewda, M|
|poke|p1|Zapdos|
|poke|p1|Hatterene, F|
|poke|p1|Iron Treads|
|poke|p1|Kingambit, M|
|poke|p2|Serperior, M|
|poke|p2|Kingambit, M|
|poke|p2|Excadrill, M|
|poke|p2|Iron Hands|
|poke|p2|Ceruledge, F|
|poke|p2|Raging Bolt|
|teampreview
|inactive|Battle timer is ON: inactive players will automatically lose when time's up. (requested by spreadcrosser)
|
|t:|1757911266
|teamsize|p1|6
|teamsize|p2|6
|start
|switch|p1a: Kingambit|Kingambit, M|100/100
|switch|p2a: Iron Hands|Iron Hands|100/100
|-enditem|p2a: Iron Hands|Booster Energy
|-activate|p2a: Iron Hands|ability: Quark Drive|[fromitem]
|-start|p2a: Iron Hands|quarkdriveatk
|turn|1
|inactive|spreadcrosser has 120 seconds left.
|inactive|uechan has 120 seconds left.
|
|t:|1757911319
|-end|p1a: Kingambit|fallenundefined|[silent]
|switch|p1a: Hatterene|Hatterene, F|100/100
|move|p2a: Iron Hands|Swords Dance|p2a: Iron Hands
|-boost|p2a: Iron Hands|atk|2
|
|upkeep
|turn|2
|inactive|uechan has 120 seconds left.
|inactive|spreadcrosser has 120 seconds left.
|
|t:|1757911345
|move|p2a: Iron Hands|Supercell Slam|p1a: Hatterene
|-damage|p1a: Hatterene|0 fnt
|faint|p1a: Hatterene
|
|upkeep
|inactive|uechan has 120 seconds left.
|
|t:|1757911352
|switch|p1a: Iron Treads|Iron Treads|100/100
|turn|3
|
|t:|1757911356
|-terastallize|p2a: Iron Hands|Flying
|move|p1a: Iron Treads|Earthquake|p2a: Iron Hands
|-immune|p2a: Iron Hands
|move|p2a: Iron Hands|Earthquake|p1a: Iron Treads
|-supereffective|p1a: Iron Treads
|-damage|p1a: Iron Treads|0 fnt
|faint|p1a: Iron Treads
|-end|p1a: Iron Treads|Quark Drive|[silent]
|
|upkeep
|
|t:|1757911365
|switch|p1a: Zapdos|Zapdos|100/100
|turn|4
|
|t:|1757911371
|-end|p2a: Iron Hands|Quark Drive|[silent]
|switch|p2a: Excadrill|Excadrill, M|100/100
|-ability|p2a: Excadrill|Mold Breaker
|move|p1a: Zapdos|Thunder|p2a: Excadrill
|-immune|p2a: Excadrill
|
|upkeep
|turn|5
|
|t:|1757911378
|switch|p1a: Pelipper|Pelipper, F|100/100
|-weather|RainDance|[from] ability: Drizzle|[of] p1a: Pelipper
|move|p2a: Excadrill|Swords Dance|p2a: Excadrill
|-boost|p2a: Excadrill|atk|2
|
|-weather|RainDance|[upkeep]
|upkeep
|turn|6
|
|t:|1757911384
|move|p2a: Excadrill|Rock Tomb|p1a: Pelipper
|-supereffective|p1a: Pelipper
|-damage|p1a: Pelipper|33/100
|-unboost|p1a: Pelipper|spe|1
|move|p1a: Pelipper|Surf|p2a: Excadrill
|-supereffective|p2a: Excadrill
|-enditem|p2a: Excadrill|Focus Sash
|-damage|p2a: Excadrill|1/100
|
|-weather|RainDance|[upkeep]
|upkeep
|turn|7
|
|t:|1757911390
|switch|p1a: Kingambit|Kingambit, M|100/100
|-activate|p1a: Kingambit|ability: Supreme Overlord
|-start|p1a: Kingambit|fallen2|[silent]
|move|p2a: Excadrill|Rapid Spin|p1a: Kingambit
|-resisted|p1a: Kingambit
|-damage|p1a: Kingambit|88/100
|-boost|p2a: Excadrill|spe|1
|
|-weather|RainDance|[upkeep]
|upkeep
|turn|8
|
|t:|1757911395
|move|p1a: Kingambit|Sucker Punch||[still]
|-fail|p1a: Kingambit
|move|p2a: Excadrill|Swords Dance|p2a: Excadrill
|-boost|p2a: Excadrill|atk|2
|
|-weather|RainDance|[upkeep]
|upkeep
|turn|9
|
|t:|1757911399
|move|p1a: Kingambit|Sucker Punch||[still]
|-fail|p1a: Kingambit
|move|p2a: Excadrill|Swords Dance|p2a: Excadrill
|-boost|p2a: Excadrill|atk|2
|
|-weather|RainDance|[upkeep]
|upkeep
|turn|10
|
|t:|1757911402
|move|p1a: Kingambit|Sucker Punch||[still]
|-fail|p1a: Kingambit
|move|p2a: Excadrill|Swords Dance|p2a: Excadrill
|-boost|p2a: Excadrill|atk|0
|
|-weather|RainDance|[upkeep]
|upkeep
|turn|11
|
|t:|1757911404
|move|p2a: Excadrill|Earthquake|p1a: Kingambit
|-supereffective|p1a: Kingambit
|-damage|p1a: Kingambit|0 fnt
|faint|p1a: Kingambit
|-end|p1a: Kingambit|fallen2|[silent]
|
|-weather|RainDance|[upkeep]
|upkeep
|
|t:|1757911410
|switch|p1a: Barraskewda|Barraskewda, M|100/100
|turn|12
|
|t:|1757911439
|switch|p2a: Raging Bolt|Raging Bolt|100/100
|move|p1a: Barraskewda|Flip Turn|p2a: Raging Bolt
|-resisted|p2a: Raging Bolt
|-damage|p2a: Raging Bolt|70/100
|
|t:|1757911450
|switch|p1a: Zapdos|Zapdos|100/100|[from] Flip Turn
|
|-weather|none
|-heal|p2a: Raging Bolt|76/100|[from] item: Leftovers
|upkeep
|turn|13
|-message|uechan forfeited.
|
|win|spreadcrosser
|raw|uechan's rating: 1260 &rarr; <strong>1238</strong><br />(-22 for losing)
|raw|spreadcrosser's rating: 1305 &rarr; <strong>1322</strong><br />(+17 for winning)
|l|☆uechan
|player|p1|
|l|☆spreadcrosser
|player|p2|
