|j|☆LousiV
|j|☆lovehh
|t:|1757851093
|gametype|singles
|player|p1|LousiV|hugh|1183
|player|p2|lovehh|265|1248
|gen|9
|tier|[Gen 9] OU
|rated|
|rule|HP Percentage Mod: HP is shown in percentages
|rule|Endless Battle Clause: Forcing endless battles is banned
|rule|Species Clause: Limit one of each Pokémon
|rule|OHKO Clause: OHKO moves are banned
|rule|Evasion Items Clause: Evasion items are banned
|rule|Evasion Moves Clause: Evasion moves are banned
|rule|Evasion Abilities Clause: Evasion abilities are banned
|rule|Sleep Moves Clause: Sleep-inducing moves are banned
|clearpoke
|poke|p1|Hariyama, M|
|poke|p1|Ambipom, F|
|poke|p1|Talonflame, M|
|poke|p1|Quagsire, F|
|poke|p1|Muk-Alola, M|
|poke|p1|Goodra-Hisui, M|
|poke|p2|Comfey, M|
|poke|p2|Gholdengo|
|poke|p2|Glimmora, F|
|poke|p2|Kingambit, M|
|poke|p2|Dragonite, F|
|poke|p2|Alomomola, F|
|teampreview
|inactive|Battle timer is ON: inactive players will automatically lose when time's up. (requested by LousiV)
|
|t:|1757851100
|teamsize|p1|6
|teamsize|p2|6
|start
|switch|p1a: Goodra|Goodra-Hisui, M|100/100
|switch|p2a: Gholdengo|Gholdengo|100/100
|-item|p2a: Gholdengo|Air Balloon
|turn|1
|
|t:|1757851110
|move|p2a: Gholdengo|Thunder Wave|p1a: Goodra|[miss]
|-miss|p2a: Gholdengo|p1a: Goodra
|move|p1a: Goodra|Dragon Tail|p2a: Gholdengo
|-resisted|p2a: Gholdengo
|-damage|p2a: Gholdengo|91/100
|-enditem|p2a: Gholdengo|Air Balloon
|drag|p2a: Dragonite|Dragonite, F|100/100
|
|upkeep
|turn|2
|
|t:|1757851120
|move|p2a: Dragonite|Dragon Claw|p1a: Goodra
|-damage|p1a: Goodra|28/100
|move|p1a: Goodra|Dragon Tail|p2a: Dragonite|[miss]
|-miss|p1a: Goodra|p2a: Dragonite
|
|upkeep
|turn|3
|
|t:|1757851126
|move|p2a: Dragonite|Dragon Claw|p1a: Goodra
|-damage|p1a: Goodra|0 fnt
|faint|p1a: Goodra
|
|upkeep
|
|t:|1757851128
|switch|p1a: Ambipom|Ambipom, F|100/100
|turn|4
|
|t:|1757851136
|switch|p2a: Glimmora|Glimmora, F|100/100
|move|p1a: Ambipom|Fake Out|p2a: Glimmora
|-resisted|p2a: Glimmora
|-damage|p2a: Glimmora|87/100
|-activate|p2a: Glimmora|ability: Toxic Debris
|-sidestart|p1: LousiV|move: Toxic Spikes
|
|upkeep
|turn|5
|
|t:|1757851153
|move|p2a: Glimmora|Spiky Shield|p2a: Glimmora
|-singleturn|p2a: Glimmora|move: Protect
|move|p1a: Ambipom|U-turn|p2a: Glimmora
|-activate|p2a: Glimmora|move: Protect
|
|upkeep
|turn|6
|
|t:|1757851168
|move|p1a: Ambipom|U-turn|p2a: Glimmora
|-resisted|p2a: Glimmora
|-damage|p2a: Glimmora|77/100
|-activate|p2a: Glimmora|ability: Toxic Debris
|-sidestart|p1: LousiV|move: Toxic Spikes
|
|t:|1757851171
|switch|p1a: Muk|Muk-Alola, M|100/100|[from] U-turn
|-sideend|p1: LousiV|move: Toxic Spikes|[of] p1a: Muk
|move|p2a: Glimmora|Stealth Rock|p1a: Muk
|-sidestart|p1: LousiV|move: Stealth Rock
|
|upkeep
|turn|7
|
|t:|1757851180
|move|p2a: Glimmora|Spiky Shield|p2a: Glimmora
|-singleturn|p2a: Glimmora|move: Protect
|move|p1a: Muk|Knock Off|p2a: Glimmora
|-activate|p2a: Glimmora|move: Protect
|-damage|p1a: Muk|88/100|[from] Spiky Shield|[of] p2a: Glimmora
|
|upkeep
|turn|8
|
|t:|1757851206
|move|p2a: Glimmora|Spikes|p1a: Muk
|-sidestart|p1: LousiV|Spikes
|move|p1a: Muk|Knock Off|p2a: Glimmora
|-damage|p2a: Glimmora|32/100
|-activate|p2a: Glimmora|ability: Toxic Debris
|-sidestart|p1: LousiV|move: Toxic Spikes
|-enditem|p2a: Glimmora|Focus Sash|[from] move: Knock Off|[of] p1a: Muk
|
|upkeep
|turn|9
|
|t:|1757851214
|move|p2a: Glimmora|Spiky Shield|p2a: Glimmora
|-singleturn|p2a: Glimmora|move: Protect
|move|p1a: Muk|Drain Punch|p2a: Glimmora
|-activate|p2a: Glimmora|move: Protect
|-damage|p1a: Muk|76/100|[from] Spiky Shield|[of] p2a: Glimmora
|
|upkeep
|turn|10
|
|t:|1757851221
|move|p2a: Glimmora|Spikes|p1a: Muk
|-sidestart|p1: LousiV|Spikes
|move|p1a: Muk|Knock Off|p2a: Glimmora
|-damage|p2a: Glimmora|1/100
|-activate|p2a: Glimmora|ability: Toxic Debris
|-sidestart|p1: LousiV|move: Toxic Spikes
|
|upkeep
|turn|11
|
|t:|1757851229
|move|p2a: Glimmora|Spiky Shield|p2a: Glimmora
|-singleturn|p2a: Glimmora|move: Protect
|move|p1a: Muk|Shadow Sneak|p2a: Glimmora
|-activate|p2a: Glimmora|move: Protect
|-damage|p1a: Muk|64/100|[from] Spiky Shield|[of] p2a: Glimmora
|
|upkeep
|turn|12
|
|t:|1757851237
|move|p1a: Muk|Shadow Sneak|p2a: Glimmora
|-damage|p2a: Glimmora|0 fnt
|faint|p2a: Glimmora
|
|upkeep
|
|t:|1757851252
|switch|p2a: Dragonite|Dragonite, F|100/100
|turn|13
|
|t:|1757851259
|move|p2a: Dragonite|Earthquake|p1a: Muk
|-supereffective|p1a: Muk
|-damage|p1a: Muk|0 fnt
|faint|p1a: Muk
|
|upkeep
|
|t:|1757851262
|switch|p1a: Talonflame|Talonflame, M|100/100
|turn|14
|
|t:|1757851269
|switch|p2a: Alomomola|Alomomola, F, shiny|100/100
|move|p1a: Talonflame|Defog|p2a: Alomomola
|-unboost|p2a: Alomomola|evasion|1
|-sideend|p1: LousiV|Spikes|[from] move: Defog|[of] p1a: Talonflame
|-sideend|p1: LousiV|Toxic Spikes|[from] move: Defog|[of] p1a: Talonflame
|-sideend|p1: LousiV|Stealth Rock|[from] move: Defog|[of] p1a: Talonflame
|
|upkeep
|turn|15
|
|t:|1757851277
|switch|p1a: Hariyama|Hariyama, M|100/100
|move|p2a: Alomomola|Scald|p1a: Hariyama
|-damage|p1a: Hariyama|88/100
|
|-status|p1a: Hariyama|brn|[from] item: Flame Orb
|upkeep
|turn|16
|
|t:|1757851289
|move|p2a: Alomomola|Protect|p2a: Alomomola
|-singleturn|p2a: Alomomola|Protect
|move|p1a: Hariyama|Facade|p2a: Alomomola
|-activate|p2a: Alomomola|move: Protect
|
|-damage|p1a: Hariyama|82/100 brn|[from] brn
|upkeep
|turn|17
|
|t:|1757851299
|switch|p2a: Gholdengo|Gholdengo|91/100
|move|p1a: Hariyama|Headlong Rush|p2a: Gholdengo
|-supereffective|p2a: Gholdengo
|-damage|p2a: Gholdengo|0 fnt
|-unboost|p1a: Hariyama|def|1
|-unboost|p1a: Hariyama|spd|1
|faint|p2a: Gholdengo
|
|-damage|p1a: Hariyama|76/100 brn|[from] brn
|upkeep
|
|t:|1757851312
|switch|p2a: Dragonite|Dragonite, F|100/100
|turn|18
|inactive|LousiV has 120 seconds left.
|
|t:|1757851348
|move|p2a: Dragonite|Dragon Claw|p1a: Hariyama
|-damage|p1a: Hariyama|0 fnt
|faint|p1a: Hariyama
|
|upkeep
|
|t:|1757851351
|switch|p1a: Ambipom|Ambipom, F|100/100
|turn|19
|
|t:|1757851361
|switch|p2a: Alomomola|Alomomola, F, shiny|100/100
|move|p1a: Ambipom|Fake Out|p2a: Alomomola
|-damage|p2a: Alomomola|87/100
|
|-heal|p2a: Alomomola|93/100|[from] item: Leftovers
|upkeep
|turn|20
|
|t:|1757851376
|move|p1a: Ambipom|Knock Off|p2a: Alomomola
|-damage|p2a: Alomomola|79/100
|-enditem|p2a: Alomomola|Leftovers|[from] move: Knock Off|[of] p1a: Ambipom
|move|p2a: Alomomola|Scald|p1a: Ambipom
|-damage|p1a: Ambipom|77/100
|-status|p1a: Ambipom|brn
|
|-damage|p1a: Ambipom|71/100 brn|[from] brn
|upkeep
|turn|21
|
|t:|1757851385
|move|p1a: Ambipom|U-turn|p2a: Alomomola
|-damage|p2a: Alomomola|74/100
|
|t:|1757851387
|switch|p1a: Quagsire|Quagsire, F|100/100|[from] U-turn
|move|p2a: Alomomola|Wish|p2a: Alomomola
|
|upkeep
|turn|22
|
|t:|1757851396
|move|p2a: Alomomola|Protect|p2a: Alomomola
|-singleturn|p2a: Alomomola|Protect
|move|p1a: Quagsire|Stealth Rock|p2a: Alomomola
|-sidestart|p2: lovehh|move: Stealth Rock
|
|-heal|p2a: Alomomola|100/100|[from] move: Wish|[wisher] Alomomola
|upkeep
|turn|23
|
|t:|1757851406
|switch|p2a: Comfey|Comfey, M, shiny|100/100
|-damage|p2a: Comfey|88/100|[from] Stealth Rock
|move|p1a: Quagsire|Toxic|p2a: Comfey
|-status|p2a: Comfey|tox
|
|-damage|p2a: Comfey|82/100 tox|[from] psn
|upkeep
|turn|24
|
|t:|1757851417
|switch|p1a: Talonflame|Talonflame, M|100/100
|move|p2a: Comfey|Giga Drain|p1a: Talonflame
|-resisted|p1a: Talonflame
|-damage|p1a: Talonflame|92/100
|-heal|p2a: Comfey|87/100 tox|[from] drain|[of] p1a: Talonflame
|-damage|p2a: Comfey|77/100 tox|[from] item: Life Orb
|
|-damage|p2a: Comfey|65/100 tox|[from] psn
|upkeep
|turn|25
|
|t:|1757851432
|move|p2a: Comfey|Draining Kiss|p1a: Talonflame
|-resisted|p1a: Talonflame
|-damage|p1a: Talonflame|77/100
|-heal|p2a: Comfey|78/100 tox|[from] drain|[of] p1a: Talonflame
|-damage|p2a: Comfey|68/100 tox|[from] item: Life Orb
|move|p1a: Talonflame|Flamethrower|p2a: Comfey
|-damage|p2a: Comfey|41/100 tox
|
|-damage|p2a: Comfey|22/100 tox|[from] psn
|upkeep
|turn|26
|
|t:|1757851445
|switch|p1a: Ambipom|Ambipom, F|71/100 brn
|move|p2a: Comfey|Draining Kiss|p1a: Ambipom
|-damage|p1a: Ambipom|29/100 brn
|-heal|p2a: Comfey|52/100 tox|[from] drain|[of] p1a: Ambipom
|-damage|p2a: Comfey|42/100 tox|[from] item: Life Orb
|
|-damage|p2a: Comfey|17/100 tox|[from] psn
|-damage|p1a: Ambipom|23/100 brn|[from] brn
|upkeep
|turn|27
|
|t:|1757851454
|move|p1a: Ambipom|Fake Out|p2a: Comfey
|-crit|p2a: Comfey
|-damage|p2a: Comfey|0 fnt
|faint|p2a: Comfey
|
|-damage|p1a: Ambipom|17/100 brn|[from] brn
|upkeep
|
|t:|1757851465
|switch|p2a: Kingambit|Kingambit, M, shiny|100/100
|-damage|p2a: Kingambit|94/100|[from] Stealth Rock
|-activate|p2a: Kingambit|ability: Supreme Overlord
|-start|p2a: Kingambit|fallen3|[silent]
|turn|28
|
|t:|1757851471
|move|p2a: Kingambit|Sucker Punch|p1a: Ambipom
|-crit|p1a: Ambipom
|-damage|p1a: Ambipom|0 fnt
|faint|p1a: Ambipom
|
|upkeep
|
|t:|1757851473
|switch|p1a: Quagsire|Quagsire, F|100/100
|turn|29
|
|t:|1757851478
|move|p2a: Kingambit|Kowtow Cleave|p1a: Quagsire
|-damage|p1a: Quagsire|52/100
|move|p1a: Quagsire|Earthquake|p2a: Kingambit
|-supereffective|p2a: Kingambit
|-damage|p2a: Kingambit|52/100
|
|-heal|p1a: Quagsire|58/100|[from] item: Leftovers
|upkeep
|turn|30
|
|t:|1757851488
|move|p2a: Kingambit|Kowtow Cleave|p1a: Quagsire
|-damage|p1a: Quagsire|10/100
|move|p1a: Quagsire|Recover|p1a: Quagsire
|-heal|p1a: Quagsire|60/100
|
|-heal|p1a: Quagsire|66/100|[from] item: Leftovers
|upkeep
|turn|31
|
|t:|1757851494
|move|p2a: Kingambit|Kowtow Cleave|p1a: Quagsire
|-damage|p1a: Quagsire|23/100
|move|p1a: Quagsire|Earthquake|p2a: Kingambit
|-supereffective|p2a: Kingambit
|-damage|p2a: Kingambit|10/100
|
|-heal|p1a: Quagsire|29/100|[from] item: Leftovers
|upkeep
|turn|32
|
|t:|1757851505
|switch|p1a: Talonflame|Talonflame, M|77/100
|move|p2a: Kingambit|Kowtow Cleave|p1a: Talonflame
|-damage|p1a: Talonflame|16/100
|-status|p2a: Kingambit|brn|[from] ability: Flame Body|[of] p1a: Talonflame
|
|-damage|p2a: Kingambit|4/100 brn|[from] brn
|upkeep
|turn|33
|
|t:|1757851513
|move|p2a: Kingambit|Sucker Punch||[still]
|-fail|p2a: Kingambit
|move|p1a: Talonflame|Roost|p1a: Talonflame
|-heal|p1a: Talonflame|67/100
|-singleturn|p1a: Talonflame|move: Roost
|
|-damage|p2a: Kingambit|0 fnt|[from] brn
|faint|p2a: Kingambit
|-end|p2a: Kingambit|fallen3|[silent]
|upkeep
|
|t:|1757851528
|switch|p2a: Alomomola|Alomomola, F, shiny|100/100
|-damage|p2a: Alomomola|88/100|[from] Stealth Rock
|turn|34
|
|t:|1757851538
|switch|p1a: Quagsire|Quagsire, F|29/100
|move|p2a: Alomomola|Wish|p2a: Alomomola
|
|-heal|p1a: Quagsire|35/100|[from] item: Leftovers
|upkeep
|turn|35
|
|t:|1757851554
|move|p2a: Alomomola|Flip Turn|p1a: Quagsire
|-damage|p1a: Quagsire|24/100
|
|t:|1757851557
|switch|p2a: Dragonite|Dragonite, F|100/100|[from] Flip Turn
|-damage|p2a: Dragonite|76/100|[from] Stealth Rock
|move|p1a: Quagsire|Recover|p1a: Quagsire
|-heal|p1a: Quagsire|74/100
|
|-heal|p2a: Dragonite|100/100|[from] move: Wish|[wisher] Alomomola
|-heal|p1a: Quagsire|80/100|[from] item: Leftovers
|upkeep
|turn|36
|
|t:|1757851567
|-terastallize|p2a: Dragonite|Normal
|move|p2a: Dragonite|Extreme Speed|p1a: Quagsire
|-damage|p1a: Quagsire|29/100
|move|p1a: Quagsire|Toxic|p2a: Dragonite
|-status|p2a: Dragonite|tox
|
|-heal|p1a: Quagsire|35/100|[from] item: Leftovers
|-damage|p2a: Dragonite|94/100 tox|[from] psn
|upkeep
|turn|37
|
|t:|1757851576
|switch|p1a: Talonflame|Talonflame, M|67/100
|move|p2a: Dragonite|Extreme Speed|p1a: Talonflame
|-damage|p1a: Talonflame|2/100
|
|-damage|p2a: Dragonite|82/100 tox|[from] psn
|upkeep
|turn|38
|
|t:|1757851583
|-terastallize|p1a: Talonflame|Ghost
|move|p2a: Dragonite|Extreme Speed|p1a: Talonflame
|-immune|p1a: Talonflame
|move|p1a: Talonflame|Roost|p1a: Talonflame
|-heal|p1a: Talonflame|52/100
|
|-damage|p2a: Dragonite|63/100 tox|[from] psn
|upkeep
|turn|39
|
|t:|1757851592
|switch|p2a: Alomomola|Alomomola, F, shiny|100/100
|-damage|p2a: Alomomola|88/100|[from] Stealth Rock
|move|p1a: Talonflame|Roost|p1a: Talonflame
|-heal|p1a: Talonflame|100/100
|
|upkeep
|turn|40
|
|t:|1757851600
|switch|p1a: Quagsire|Quagsire, F|35/100
|move|p2a: Alomomola|Scald|p1a: Quagsire
|-damage|p1a: Quagsire|20/100
|
|-heal|p1a: Quagsire|26/100|[from] item: Leftovers
|upkeep
|turn|41
|
|t:|1757851613
|move|p2a: Alomomola|Wish|p2a: Alomomola
|move|p1a: Quagsire|Recover|p1a: Quagsire
|-heal|p1a: Quagsire|76/100
|
|-heal|p1a: Quagsire|82/100|[from] item: Leftovers
|upkeep
|turn|42
|
|t:|1757851621
|move|p2a: Alomomola|Flip Turn|p1a: Quagsire
|-damage|p1a: Quagsire|71/100
|
|t:|1757851623
|switch|p2a: Dragonite|Dragonite, F, tera:Normal|63/100 tox|[from] Flip Turn
|-damage|p2a: Dragonite|51/100 tox|[from] Stealth Rock
|move|p1a: Quagsire|Toxic|p2a: Dragonite
|-fail|p2a: Dragonite|tox
|
|-heal|p2a: Dragonite|100/100 tox|[from] move: Wish|[wisher] Alomomola
|-heal|p1a: Quagsire|77/100|[from] item: Leftovers
|-damage|p2a: Dragonite|94/100 tox|[from] psn
|upkeep
|turn|43
|
|t:|1757851644
|move|p2a: Dragonite|Dragon Claw|p1a: Quagsire
|-damage|p1a: Quagsire|29/100
|move|p1a: Quagsire|Recover|p1a: Quagsire
|-heal|p1a: Quagsire|79/100
|
|-heal|p1a: Quagsire|86/100|[from] item: Leftovers
|-damage|p2a: Dragonite|82/100 tox|[from] psn
|upkeep
|turn|44
|
|t:|1757851651
|move|p2a: Dragonite|Dragon Claw|p1a: Quagsire
|-damage|p1a: Quagsire|37/100
|move|p1a: Quagsire|Recover|p1a: Quagsire
|-heal|p1a: Quagsire|87/100
|
|-heal|p1a: Quagsire|93/100|[from] item: Leftovers
|-damage|p2a: Dragonite|63/100 tox|[from] psn
|upkeep
|turn|45
|
|t:|1757851661
|switch|p2a: Alomomola|Alomomola, F, shiny|100/100
|-damage|p2a: Alomomola|88/100|[from] Stealth Rock
|move|p1a: Quagsire|Earthquake|p2a: Alomomola
|-crit|p2a: Alomomola
|-damage|p2a: Alomomola|62/100
|
|-heal|p1a: Quagsire|99/100|[from] item: Leftovers
|upkeep
|turn|46
|
|t:|1757851672
|move|p2a: Alomomola|Wish|p2a: Alomomola
|move|p1a: Quagsire|Toxic|p2a: Alomomola
|-status|p2a: Alomomola|tox
|
|-heal|p1a: Quagsire|100/100|[from] item: Leftovers
|-damage|p2a: Alomomola|56/100 tox|[from] psn
|upkeep
|turn|47
|
|t:|1757851680
|move|p2a: Alomomola|Flip Turn|p1a: Quagsire
|-damage|p1a: Quagsire|90/100
|
|t:|1757851683
|switch|p2a: Dragonite|Dragonite, F, tera:Normal|63/100 tox|[from] Flip Turn
|-damage|p2a: Dragonite|51/100 tox|[from] Stealth Rock
|move|p1a: Quagsire|Earthquake|p2a: Dragonite
|-damage|p2a: Dragonite|20/100 tox
|
|-heal|p2a: Dragonite|100/100 tox|[from] move: Wish|[wisher] Alomomola
|-heal|p1a: Quagsire|96/100|[from] item: Leftovers
|-damage|p2a: Dragonite|94/100 tox|[from] psn
|upkeep
|turn|48
|c|☆LousiV|i know ur banded
|
|t:|1757851702
|move|p2a: Dragonite|Earthquake|p1a: Quagsire
|-damage|p1a: Quagsire|53/100
|move|p1a: Quagsire|Earthquake|p2a: Dragonite
|-damage|p2a: Dragonite|60/100 tox
|
|-heal|p1a: Quagsire|59/100|[from] item: Leftovers
|-damage|p2a: Dragonite|47/100 tox|[from] psn
|upkeep
|turn|49
|
|t:|1757851713
|switch|p2a: Alomomola|Alomomola, F, shiny|89/100 tox
|-damage|p2a: Alomomola|77/100 tox|[from] Stealth Rock
|move|p1a: Quagsire|Earthquake|p2a: Alomomola
|-crit|p2a: Alomomola
|-damage|p2a: Alomomola|54/100 tox
|
|-heal|p1a: Quagsire|65/100|[from] item: Leftovers
|-damage|p2a: Alomomola|48/100 tox|[from] psn
|upkeep
|turn|50
|
|t:|1757851722
|move|p2a: Alomomola|Wish|p2a: Alomomola
|move|p1a: Quagsire|Earthquake|p2a: Alomomola
|-damage|p2a: Alomomola|32/100 tox
|
|-heal|p1a: Quagsire|72/100|[from] item: Leftovers
|-damage|p2a: Alomomola|19/100 tox|[from] psn
|upkeep
|turn|51
|
|t:|1757851731
|move|p2a: Alomomola|Protect|p2a: Alomomola
|-singleturn|p2a: Alomomola|Protect
|move|p1a: Quagsire|Earthquake|p2a: Alomomola
|-activate|p2a: Alomomola|move: Protect
|
|-heal|p2a: Alomomola|69/100 tox|[from] move: Wish|[wisher] Alomomola
|-heal|p1a: Quagsire|78/100|[from] item: Leftovers
|-damage|p2a: Alomomola|51/100 tox|[from] psn
|upkeep
|turn|52
|
|t:|1757851740
|move|p2a: Alomomola|Scald|p1a: Quagsire
|-damage|p1a: Quagsire|61/100
|move|p1a: Quagsire|Earthquake|p2a: Alomomola
|-damage|p2a: Alomomola|34/100 tox
|
|-heal|p1a: Quagsire|68/100|[from] item: Leftovers
|-damage|p2a: Alomomola|9/100 tox|[from] psn
|upkeep
|turn|53
|
|t:|1757851748
|switch|p1a: Talonflame|Talonflame, M, tera:Ghost|100/100
|move|p2a: Alomomola|Scald|p1a: Talonflame
|-crit|p1a: Talonflame
|-damage|p1a: Talonflame|73/100
|-status|p1a: Talonflame|brn
|
|-damage|p2a: Alomomola|0 fnt|[from] psn
|faint|p2a: Alomomola
|-damage|p1a: Talonflame|67/100 brn|[from] brn
|upkeep
|
|t:|1757851758
|switch|p2a: Dragonite|Dragonite, F, tera:Normal|47/100 tox
|-damage|p2a: Dragonite|35/100 tox|[from] Stealth Rock
|turn|54
|
|t:|1757851764
|move|p1a: Talonflame|Flamethrower|p2a: Dragonite
|-damage|p2a: Dragonite|11/100 tox
|move|p2a: Dragonite|Earthquake|p1a: Talonflame
|-damage|p1a: Talonflame|17/100 brn
|
|-damage|p2a: Dragonite|5/100 tox|[from] psn
|-damage|p1a: Talonflame|11/100 brn|[from] brn
|upkeep
|turn|55
|
|t:|1757851771
|move|p1a: Talonflame|Roost|p1a: Talonflame
|-heal|p1a: Talonflame|61/100 brn
|move|p2a: Dragonite|Earthquake|p1a: Talonflame
|-damage|p1a: Talonflame|6/100 brn
|
|-damage|p2a: Dragonite|0 fnt|[from] psn
|faint|p2a: Dragonite
|
|win|LousiV
|raw|LousiV's rating: 1183 &rarr; <strong>1213</strong><br />(+30 for winning)
|raw|lovehh's rating: 1248 &rarr; <strong>1218</strong><br />(-30 for losing)
|l|☆lovehh
|player|p2|
|l|☆LousiV
|player|p1|
