|j|☆TREMBLEB4BAST
|j|☆homtoums
|t:|1757826939
|gametype|singles
|player|p1|TREMBLEB4BAST|geeta|1205
|player|p2|homtoums|265|1244
|gen|9
|tier|[Gen 9] OU
|rated|
|rule|HP Percentage Mod: HP is shown in percentages
|rule|Endless Battle Clause: Forcing endless battles is banned
|rule|Species Clause: Limit one of each Pokémon
|rule|OHKO Clause: OHKO moves are banned
|rule|Evasion Items Clause: Evasion items are banned
|rule|Evasion Moves Clause: Evasion moves are banned
|rule|Evasion Abilities Clause: Evasion abilities are banned
|rule|Sleep Moves Clause: Sleep-inducing moves are banned
|clearpoke
|poke|p1|Deoxys-Speed|
|poke|p1|Indeedee, M|
|poke|p1|Meowscarada, M|
|poke|p1|Araquanid, F|
|poke|p1|Hitmonlee, M|
|poke|p1|Scream Tail|
|poke|p2|Ceruledge, F|
|poke|p2|Dragapult, F|
|poke|p2|Landorus-Therian, M|
|poke|p2|Scizor, F|
|poke|p2|Greninja-*, F|
|poke|p2|Raging Bolt|
|teampreview
|inactive|Battle timer is ON: inactive players will automatically lose when time's up. (requested by homtoums)
|
|t:|1757826947
|teamsize|p1|6
|teamsize|p2|6
|start
|switch|p1a: Bubble07|Araquanid, F, shiny|100/100
|switch|p2a: Landorus|Landorus-Therian, M, shiny|100/100
|-ability|p2a: Landorus|Intimidate|boost
|-unboost|p1a: Bubble07|atk|1
|turn|1
|
|t:|1757826951
|move|p2a: Landorus|Stealth Rock|p1a: Bubble07
|-sidestart|p1: TREMBLEB4BAST|move: Stealth Rock
|move|p1a: Bubble07|Liquidation|p2a: Landorus
|-supereffective|p2a: Landorus
|-damage|p2a: Landorus|36/100
|-damage|p1a: Bubble07|84/100|[from] item: Rocky Helmet|[of] p2a: Landorus
|
|upkeep
|turn|2
|
|t:|1757826961
|move|p2a: Landorus|U-turn|p1a: Bubble07
|-damage|p1a: Bubble07|64/100
|
|t:|1757826968
|switch|p2a: Raging Bolt|Raging Bolt|100/100|[from] U-turn
|move|p1a: Bubble07|Liquidation|p2a: Raging Bolt
|-resisted|p2a: Raging Bolt
|-damage|p2a: Raging Bolt|82/100
|
|upkeep
|turn|3
|
|t:|1757826980
|move|p2a: Raging Bolt|Volt Switch|p1a: Bubble07
|-supereffective|p1a: Bubble07
|-damage|p1a: Bubble07|0 fnt
|faint|p1a: Bubble07
|
|t:|1757826985
|-end|p2a: Raging Bolt|Protosynthesis|[silent]
|switch|p2a: Greninja|Greninja, F, shiny|100/100|[from] Volt Switch
|
|upkeep
|
|t:|1757826992
|switch|p1a: Puss in Boots|Meowscarada, M|100/100
|turn|4
|
|t:|1757826996
|move|p2a: Greninja|U-turn|p1a: Puss in Boots
|-start|p2a: Greninja|typechange|Bug|[from] ability: Protean
|-supereffective|p1a: Puss in Boots
|-damage|p1a: Puss in Boots|0 fnt
|faint|p1a: Puss in Boots
|
|t:|1757827004
|switch|p2a: Dragapult|Dragapult, F, shiny|100/100|[from] U-turn
|
|upkeep
|
|t:|1757827007
|switch|p1a: Mob 100|Indeedee, M|100/100
|-damage|p1a: Mob 100|88/100|[from] Stealth Rock
|-fieldstart|move: Psychic Terrain|[from] ability: Psychic Surge|[of] p1a: Mob 100
|turn|5
|
|t:|1757827010
|move|p1a: Mob 100|Expanding Force|p2a: Dragapult
|-damage|p2a: Dragapult|12/100
|move|p2a: Dragapult|U-turn|p1a: Mob 100
|-supereffective|p1a: Mob 100
|-damage|p1a: Mob 100|23/100
|
|t:|1757827014
|switch|p2a: Greninja|Greninja, F, shiny|100/100|[from] U-turn
|
|upkeep
|turn|6
|
|t:|1757827018
|switch|p1a: Hitmon Ali|Hitmonlee, M|100/100
|-damage|p1a: Hitmon Ali|94/100|[from] Stealth Rock
|-enditem|p1a: Hitmon Ali|Psychic Seed
|-boost|p1a: Hitmon Ali|spd|1|[from] item: Psychic Seed
|move|p2a: Greninja|U-turn|p1a: Hitmon Ali
|-start|p2a: Greninja|typechange|Bug|[from] ability: Protean
|-resisted|p1a: Hitmon Ali
|-damage|p1a: Hitmon Ali|72/100
|
|t:|1757827022
|switch|p2a: Scizor|Scizor, F, shiny|100/100|[from] U-turn
|
|upkeep
|turn|7
|
|t:|1757827026
|-terastallize|p1a: Hitmon Ali|Fighting
|move|p2a: Scizor|Bullet Punch|p1a: Hitmon Ali
|-activate|p1a: Hitmon Ali|move: Psychic Terrain
|move|p1a: Hitmon Ali|Close Combat|p2a: Scizor
|-crit|p2a: Scizor
|-damage|p2a: Scizor|0 fnt
|-unboost|p1a: Hitmon Ali|def|1
|-unboost|p1a: Hitmon Ali|spd|1
|faint|p2a: Scizor
|
|upkeep
|
|t:|1757827035
|switch|p2a: Landorus|Landorus-Therian, M, shiny|36/100
|-ability|p2a: Landorus|Intimidate|boost
|-unboost|p1a: Hitmon Ali|atk|1
|turn|8
|inactive|TREMBLEB4BAST has 120 seconds left.
|
|t:|1757827089
|move|p1a: Hitmon Ali|Knock Off|p2a: Landorus
|-damage|p2a: Landorus|21/100
|-damage|p1a: Hitmon Ali|55/100|[from] item: Rocky Helmet|[of] p2a: Landorus
|-enditem|p2a: Landorus|Rocky Helmet|[from] move: Knock Off|[of] p1a: Hitmon Ali
|move|p2a: Landorus|Earth Power|p1a: Hitmon Ali
|-damage|p1a: Hitmon Ali|15/100
|
|upkeep
|turn|9
|
|t:|1757827097
|move|p1a: Hitmon Ali|Close Combat|p2a: Landorus
|-resisted|p2a: Landorus
|-damage|p2a: Landorus|3/100
|-unboost|p1a: Hitmon Ali|def|1
|-unboost|p1a: Hitmon Ali|spd|1
|move|p2a: Landorus|Earth Power|p1a: Hitmon Ali
|-damage|p1a: Hitmon Ali|0 fnt
|faint|p1a: Hitmon Ali
|
|-fieldend|move: Psychic Terrain
|upkeep
|inactive|TREMBLEB4BAST has 90 seconds left.
|
|t:|1757827127
|switch|p1a: Mob 100|Indeedee, M|23/100
|-damage|p1a: Mob 100|11/100|[from] Stealth Rock
|-fieldstart|move: Psychic Terrain|[from] ability: Psychic Surge|[of] p1a: Mob 100
|turn|10
|
|t:|1757827131
|move|p1a: Mob 100|Dazzling Gleam|p2a: Landorus
|-damage|p2a: Landorus|0 fnt
|faint|p2a: Landorus
|
|upkeep
|
|t:|1757827137
|switch|p2a: Greninja|Greninja, F, shiny|100/100
|turn|11
|
|t:|1757827141
|move|p2a: Greninja|U-turn|p1a: Mob 100
|-start|p2a: Greninja|typechange|Bug|[from] ability: Protean
|-supereffective|p1a: Mob 100
|-damage|p1a: Mob 100|0 fnt
|faint|p1a: Mob 100
|
|t:|1757827143
|switch|p2a: Ceruledge|Ceruledge, F, shiny|100/100|[from] U-turn
|
|upkeep
|
|t:|1757827147
|switch|p1a: Alakadam|Deoxys-Speed, shiny|100/100
|-damage|p1a: Alakadam|88/100|[from] Stealth Rock
|-ability|p1a: Alakadam|Pressure
|turn|12
|inactive|TREMBLEB4BAST has 120 seconds left.
|
|t:|1757827154
|move|p1a: Alakadam|Expanding Force|p2a: Ceruledge
|-enditem|p2a: Ceruledge|Focus Sash
|-damage|p2a: Ceruledge|1/100
|move|p2a: Ceruledge|Poltergeist|p1a: Alakadam
|-activate|p1a: Alakadam|move: Poltergeist|Choice Specs
|-supereffective|p1a: Alakadam
|-damage|p1a: Alakadam|0 fnt
|faint|p1a: Alakadam
|
|upkeep
|
|t:|1757827157
|switch|p1a: Golliad|Scream Tail, shiny|100/100
|-damage|p1a: Golliad|88/100|[from] Stealth Rock
|-enditem|p1a: Golliad|Booster Energy
|-activate|p1a: Golliad|ability: Protosynthesis|[fromitem]
|-start|p1a: Golliad|protosynthesisspe
|turn|13
|
|t:|1757827160
|move|p1a: Golliad|Psyshock|p2a: Ceruledge
|-damage|p2a: Ceruledge|0 fnt
|faint|p2a: Ceruledge
|
|upkeep
|
|t:|1757827166
|switch|p2a: Dragapult|Dragapult, F, shiny|12/100
|turn|14
|
|t:|1757827170
|move|p1a: Golliad|Psyshock|p2a: Dragapult
|-damage|p2a: Dragapult|0 fnt
|faint|p2a: Dragapult
|
|-fieldend|move: Psychic Terrain
|upkeep
|
|t:|1757827173
|switch|p2a: Greninja|Greninja, F, shiny|100/100
|turn|15
|
|t:|1757827178
|move|p2a: Greninja|Hydro Pump|p1a: Golliad
|-start|p2a: Greninja|typechange|Water|[from] ability: Protean
|-damage|p1a: Golliad|48/100
|move|p1a: Golliad|Boomburst|p2a: Greninja
|-damage|p2a: Greninja|55/100
|
|upkeep
|turn|16
|-message|TREMBLEB4BAST forfeited.
|
|win|homtoums
|raw|TREMBLEB4BAST's rating: 1205 &rarr; <strong>1183</strong><br />(-22 for losing)
|raw|homtoums's rating: 1244 &rarr; <strong>1266</strong><br />(+22 for winning)
|l|☆TREMBLEB4BAST
|player|p1|
|l|☆homtoums
|player|p2|
