|j|☆BuukesIsAPoopyHead
|j|☆Josayyyyy23
|t:|1757894695
|gametype|singles
|player|p1|BuukesIsAPoopyHead|101|
|player|p2|Josayyyyy23|1|
|gen|9
|tier|[Gen 9] OU
|rule|HP Percentage Mod: HP is shown in percentages
|rule|Endless Battle Clause: Forcing endless battles is banned
|rule|Species Clause: Limit one of each Pokémon
|rule|OHKO Clause: OHKO moves are banned
|rule|Evasion Items Clause: Evasion items are banned
|rule|Evasion Moves Clause: Evasion moves are banned
|rule|Evasion Abilities Clause: Evasion abilities are banned
|rule|Sleep Moves Clause: Sleep-inducing moves are banned
|rule|Tier Shift Mod: Pokémon get stat buffs depending on their tier, excluding HP.
|raw|<div class="infobox"><details class="readmore" open><summary><strong>1 custom rule:</strong></summary> tier shift mod</details></div>
|clearpoke
|poke|p1|Zangoose, M|
|poke|p1|Dodrio, F|
|poke|p1|Iron Leaves|
|poke|p1|Charizard, M|
|poke|p1|Inteleon, M|
|poke|p1|Ceruledge, F|
|poke|p2|Copperajah, F|
|poke|p2|Bellibolt, M|
|poke|p2|Altaria, F|
|poke|p2|Gallade, M|
|poke|p2|Blaziken, F|
|poke|p2|Cresselia, F|
|teampreview
|
|t:|1757894703
|teamsize|p1|6
|teamsize|p2|6
|start
|switch|p1a: GG|Charizard, M|100/100
|switch|p2a: Fly guy|Altaria, F|100/100
|turn|1
|
|t:|1757894711
|move|p1a: GG|Dragon Pulse|p2a: Fly guy
|-supereffective|p2a: Fly guy
|-damage|p2a: Fly guy|51/100
|move|p2a: Fly guy|Dragon Pulse|p1a: GG
|-damage|p1a: GG|71/100
|
|upkeep
|turn|2
|
|t:|1757894717
|move|p1a: GG|Dragon Pulse|p2a: Fly guy
|-supereffective|p2a: Fly guy
|-damage|p2a: Fly guy|0 fnt
|faint|p2a: Fly guy
|
|upkeep
|
|t:|1757894722
|switch|p2a: Big bou|Copperajah, F|100/100
|turn|3
|
|t:|1757894729
|switch|p1a: Dodrio|Dodrio, F|100/100
|move|p2a: Big bou|Heavy Slam|p1a: Dodrio
|-damage|p1a: Dodrio|20/100
|
|upkeep
|turn|4
|
|t:|1757894736
|move|p1a: Dodrio|Tailwind|p1a: Dodrio
|-sidestart|p1: BuukesIsAPoopyHead|move: Tailwind
|move|p2a: Big bou|Heavy Slam|p1a: Dodrio
|-damage|p1a: Dodrio|0 fnt
|faint|p1a: Dodrio
|
|upkeep
|
|t:|1757894745
|switch|p1a: Ceruledge|Ceruledge, F|100/100
|turn|5
|
|t:|1757894753
|move|p1a: Ceruledge|Swords Dance|p1a: Ceruledge
|-boost|p1a: Ceruledge|atk|2
|move|p2a: Big bou|Heavy Slam|p1a: Ceruledge
|-resisted|p1a: Ceruledge
|-crit|p1a: Ceruledge
|-damage|p1a: Ceruledge|34/100
|-ability|p1a: Ceruledge|Weak Armor|boost
|-unboost|p1a: Ceruledge|def|1
|-boost|p1a: Ceruledge|spe|2
|
|upkeep
|turn|6
|
|t:|1757894760
|move|p1a: Ceruledge|Bitter Blade|p2a: Big bou
|-supereffective|p2a: Big bou
|-damage|p2a: Big bou|0 fnt
|-heal|p1a: Ceruledge|100/100|[from] drain|[of] p2a: Big bou
|faint|p2a: Big bou
|
|upkeep
|
|t:|1757894763
|switch|p2a: Weirdobutrealdoe|Cresselia, F|100/100
|turn|7
|
|t:|1757894770
|move|p1a: Ceruledge|Bitter Blade|p2a: Weirdobutrealdoe
|-damage|p2a: Weirdobutrealdoe|47/100
|move|p2a: Weirdobutrealdoe|Moonblast|p1a: Ceruledge
|-resisted|p1a: Ceruledge
|-damage|p1a: Ceruledge|88/100
|-unboost|p1a: Ceruledge|spa|1
|
|-heal|p2a: Weirdobutrealdoe|53/100|[from] item: Leftovers
|-sideend|p1: BuukesIsAPoopyHead|move: Tailwind
|upkeep
|turn|8
|c|☆Josayyyyy23|Mf benson boone
|
|t:|1757894789
|move|p1a: Ceruledge|Bitter Blade|p2a: Weirdobutrealdoe
|-damage|p2a: Weirdobutrealdoe|3/100
|-heal|p1a: Ceruledge|100/100|[from] drain|[of] p2a: Weirdobutrealdoe
|move|p2a: Weirdobutrealdoe|Moonblast|p1a: Ceruledge
|-resisted|p1a: Ceruledge
|-damage|p1a: Ceruledge|88/100
|-unboost|p1a: Ceruledge|spa|1
|
|-heal|p2a: Weirdobutrealdoe|9/100|[from] item: Leftovers
|upkeep
|turn|9
|
|t:|1757894796
|move|p1a: Ceruledge|Bitter Blade|p2a: Weirdobutrealdoe
|-damage|p2a: Weirdobutrealdoe|0 fnt
|-heal|p1a: Ceruledge|94/100|[from] drain|[of] p2a: Weirdobutrealdoe
|faint|p2a: Weirdobutrealdoe
|
|upkeep
|
|t:|1757894799
|switch|p2a: Bobby bolt|Bellibolt, M|100/100
|turn|10
|
|t:|1757894804
|move|p1a: Ceruledge|Bitter Blade|p2a: Bobby bolt
|-damage|p2a: Bobby bolt|37/100
|-heal|p1a: Ceruledge|100/100|[from] drain|[of] p2a: Bobby bolt
|-start|p2a: Bobby bolt|Charge|Bitter Blade|[from] ability: Electromorphosis
|move|p2a: Bobby bolt|Thunderbolt|p1a: Ceruledge
|-damage|p1a: Ceruledge|8/100
|-end|p2a: Bobby bolt|Charge|[silent]
|
|upkeep
|turn|11
|
|t:|1757894815
|move|p1a: Ceruledge|Bitter Blade|p2a: Bobby bolt
|-damage|p2a: Bobby bolt|0 fnt
|-heal|p1a: Ceruledge|35/100|[from] drain|[of] p2a: Bobby bolt
|faint|p2a: Bobby bolt
|
|upkeep
|
|t:|1757894818
|switch|p2a: Skizzor|Gallade, M|100/100
|turn|12
|
|t:|1757894826
|move|p1a: Ceruledge|Bitter Blade|p2a: Skizzor
|-damage|p2a: Skizzor|0 fnt
|-heal|p1a: Ceruledge|82/100|[from] drain|[of] p2a: Skizzor
|faint|p2a: Skizzor
|
|upkeep
|
|t:|1757894829
|switch|p2a: 420 blaze|Blaziken, F|100/100
|turn|13
|
|t:|1757894837
|move|p1a: Ceruledge|Shadow Sneak|p2a: 420 blaze
|-damage|p2a: 420 blaze|30/100
|move|p2a: 420 blaze|Flare Blitz|p1a: Ceruledge
|-resisted|p1a: Ceruledge
|-damage|p1a: Ceruledge|20/100
|-ability|p1a: Ceruledge|Weak Armor|boost
|-unboost|p1a: Ceruledge|def|1
|-boost|p1a: Ceruledge|spe|2
|-damage|p2a: 420 blaze|10/100|[from] Recoil
|
|-ability|p2a: 420 blaze|Speed Boost|boost
|-boost|p2a: 420 blaze|spe|1
|upkeep
|turn|14
|
|t:|1757894842
|move|p1a: Ceruledge|Shadow Sneak|p2a: 420 blaze
|-damage|p2a: 420 blaze|0 fnt
|faint|p2a: 420 blaze
|
|win|BuukesIsAPoopyHead
