|j|☆jdhdbdj
|j|☆ElTunas_502
|t:|1757853612
|gametype|singles
|player|p1|jdhdbdj|102|1377
|player|p2|ElTunas_502|aaron|1348
|gen|9
|tier|[Gen 9] OU
|rated|
|rule|HP Percentage Mod: HP is shown in percentages
|rule|Endless Battle Clause: Forcing endless battles is banned
|rule|Species Clause: Limit one of each Pokémon
|rule|OHKO Clause: OHKO moves are banned
|rule|Evasion Items Clause: Evasion items are banned
|rule|Evasion Moves Clause: Evasion moves are banned
|rule|Evasion Abilities Clause: Evasion abilities are banned
|rule|Sleep Moves Clause: Sleep-inducing moves are banned
|clearpoke
|poke|p1|Ting-Lu|
|poke|p1|Darkrai|
|poke|p1|Corviknight, M|
|poke|p1|Fezandipiti, M|
|poke|p1|Pecharunt|
|poke|p1|Latios, M|
|poke|p2|Scizor, M|
|poke|p2|Cinderace, M|
|poke|p2|Zapdos|
|poke|p2|Registeel|
|poke|p2|Porygon-Z|
|poke|p2|Great Tusk|
|teampreview
|inactive|Battle timer is ON: inactive players will automatically lose when time's up. (requested by jdhdbdj)
|
|t:|1757853634
|teamsize|p1|6
|teamsize|p2|6
|start
|switch|p1a: Darkrai|Darkrai|100/100
|switch|p2a: Great Tusk|Great Tusk|100/100
|turn|1
|
|t:|1757853641
|move|p1a: Darkrai|Ice Beam|p2a: Great Tusk
|-supereffective|p2a: Great Tusk
|-damage|p2a: Great Tusk|0 fnt
|faint|p2a: Great Tusk
|-end|p2a: Great Tusk|Protosynthesis|[silent]
|
|upkeep
|
|t:|1757853647
|switch|p2a: Scizor|Scizor, M|100/100
|turn|2
|
|t:|1757853650
|switch|p1a: Corviknight|Corviknight, M|100/100
|-ability|p1a: Corviknight|Pressure
|move|p2a: Scizor|Swords Dance|p2a: Scizor
|-boost|p2a: Scizor|atk|2
|
|upkeep
|turn|3
|
|t:|1757853658
|move|p1a: Corviknight|Iron Defense|p1a: Corviknight
|-boost|p1a: Corviknight|def|2
|move|p2a: Scizor|U-turn|p1a: Corviknight
|-resisted|p1a: Corviknight
|-damage|p1a: Corviknight|94/100
|-damage|p2a: Scizor|84/100|[from] item: Rocky Helmet|[of] p1a: Corviknight
|
|t:|1757853664
|switch|p2a: Zapdos|Zapdos|100/100|[from] U-turn
|
|upkeep
|turn|4
|
|t:|1757853672
|switch|p1a: Ting-Lu|Ting-Lu|100/100
|-ability|p1a: Ting-Lu|Vessel of Ruin
|move|p2a: Zapdos|Heat Wave|p1a: Ting-Lu
|-damage|p1a: Ting-Lu|80/100
|-damage|p2a: Zapdos|91/100|[from] item: Life Orb
|
|-heal|p1a: Ting-Lu|86/100|[from] item: Leftovers
|upkeep
|turn|5
|
|t:|1757853685
|switch|p2a: Registeel|Registeel|100/100
|move|p1a: Ting-Lu|Stealth Rock|p2a: Registeel
|-sidestart|p2: ElTunas_502|move: Stealth Rock
|
|-heal|p1a: Ting-Lu|92/100|[from] item: Leftovers
|upkeep
|turn|6
|
|t:|1757853694
|move|p2a: Registeel|Iron Defense|p2a: Registeel
|-boost|p2a: Registeel|def|2
|move|p1a: Ting-Lu|Ruination|p2a: Registeel
|-damage|p2a: Registeel|50/100
|
|-heal|p2a: Registeel|57/100|[from] item: Leftovers
|-heal|p1a: Ting-Lu|98/100|[from] item: Leftovers
|upkeep
|turn|7
|
|t:|1757853705
|move|p2a: Registeel|Body Press|p1a: Ting-Lu
|-supereffective|p1a: Ting-Lu
|-damage|p1a: Ting-Lu|41/100
|move|p1a: Ting-Lu|Earthquake|p2a: Registeel
|-supereffective|p2a: Registeel
|-damage|p2a: Registeel|30/100
|
|-heal|p2a: Registeel|36/100|[from] item: Leftovers
|-heal|p1a: Ting-Lu|48/100|[from] item: Leftovers
|upkeep
|turn|8
|
|t:|1757853717
|switch|p1a: Corviknight|Corviknight, M|94/100
|-ability|p1a: Corviknight|Pressure
|move|p2a: Registeel|Body Press|p1a: Corviknight
|-damage|p1a: Corviknight|61/100
|-damage|p2a: Registeel|20/100|[from] item: Rocky Helmet|[of] p1a: Corviknight
|
|-heal|p2a: Registeel|26/100|[from] item: Leftovers
|upkeep
|turn|9
|
|t:|1757853728
|move|p1a: Corviknight|Roost|p1a: Corviknight
|-heal|p1a: Corviknight|100/100
|-singleturn|p1a: Corviknight|move: Roost
|move|p2a: Registeel|Thunder Wave|p1a: Corviknight
|-status|p1a: Corviknight|par
|
|-heal|p2a: Registeel|32/100|[from] item: Leftovers
|upkeep
|turn|10
|
|t:|1757853740
|move|p2a: Registeel|Stealth Rock|p1a: Corviknight
|-sidestart|p1: jdhdbdj|move: Stealth Rock
|move|p1a: Corviknight|Iron Defense|p1a: Corviknight
|-boost|p1a: Corviknight|def|2
|
|-heal|p2a: Registeel|38/100|[from] item: Leftovers
|upkeep
|turn|11
|
|t:|1757853748
|move|p2a: Registeel|Iron Defense|p2a: Registeel
|-boost|p2a: Registeel|def|2
|cant|p1a: Corviknight|par
|
|-heal|p2a: Registeel|44/100|[from] item: Leftovers
|upkeep
|turn|12
|
|t:|1757853757
|move|p2a: Registeel|Iron Defense|p2a: Registeel
|-boost|p2a: Registeel|def|2
|move|p1a: Corviknight|Iron Defense|p1a: Corviknight
|-boost|p1a: Corviknight|def|2
|
|-heal|p2a: Registeel|50/100|[from] item: Leftovers
|upkeep
|turn|13
|
|t:|1757853765
|move|p2a: Registeel|Body Press|p1a: Corviknight
|-damage|p1a: Corviknight|78/100 par
|-damage|p2a: Registeel|33/100|[from] item: Rocky Helmet|[of] p1a: Corviknight
|cant|p1a: Corviknight|par
|
|-heal|p2a: Registeel|40/100|[from] item: Leftovers
|upkeep
|turn|14
|
|t:|1757853775
|move|p2a: Registeel|Body Press|p1a: Corviknight
|-damage|p1a: Corviknight|57/100 par
|-damage|p2a: Registeel|23/100|[from] item: Rocky Helmet|[of] p1a: Corviknight
|move|p1a: Corviknight|Iron Defense|p1a: Corviknight
|-boost|p1a: Corviknight|def|2
|
|-heal|p2a: Registeel|29/100|[from] item: Leftovers
|upkeep
|turn|15
|
|t:|1757853786
|move|p2a: Registeel|Body Press|p1a: Corviknight
|-damage|p1a: Corviknight|40/100 par
|-damage|p2a: Registeel|13/100|[from] item: Rocky Helmet|[of] p1a: Corviknight
|move|p1a: Corviknight|Body Press|p2a: Registeel
|-supereffective|p2a: Registeel
|-damage|p2a: Registeel|0 fnt
|faint|p2a: Registeel
|
|upkeep
|
|t:|1757853795
|switch|p2a: Zapdos|Zapdos|91/100
|-damage|p2a: Zapdos|66/100|[from] Stealth Rock
|turn|16
|
|t:|1757853803
|switch|p1a: Ting-Lu|Ting-Lu|48/100
|-damage|p1a: Ting-Lu|41/100|[from] Stealth Rock
|-ability|p1a: Ting-Lu|Vessel of Ruin
|move|p2a: Zapdos|Heat Wave|p1a: Ting-Lu
|-damage|p1a: Ting-Lu|21/100
|-damage|p2a: Zapdos|56/100|[from] item: Life Orb
|
|-heal|p1a: Ting-Lu|27/100|[from] item: Leftovers
|upkeep
|turn|17
|
|t:|1757853821
|move|p2a: Zapdos|Heat Wave|p1a: Ting-Lu
|-damage|p1a: Ting-Lu|8/100
|-damage|p2a: Zapdos|46/100|[from] item: Life Orb
|move|p1a: Ting-Lu|Ruination|p2a: Zapdos
|-damage|p2a: Zapdos|23/100
|
|-heal|p1a: Ting-Lu|14/100|[from] item: Leftovers
|upkeep
|turn|18
|
|t:|1757853834
|move|p2a: Zapdos|Heat Wave|p1a: Ting-Lu
|-damage|p1a: Ting-Lu|0 fnt
|faint|p1a: Ting-Lu
|-damage|p2a: Zapdos|13/100|[from] item: Life Orb
|
|upkeep
|
|t:|1757853843
|switch|p1a: Darkrai|Darkrai|100/100
|-damage|p1a: Darkrai|88/100|[from] Stealth Rock
|turn|19
|
|t:|1757853848
|move|p1a: Darkrai|Dark Pulse|p2a: Zapdos
|-damage|p2a: Zapdos|0 fnt
|faint|p2a: Zapdos
|
|upkeep
|
|t:|1757853853
|switch|p2a: Porygon-Z|Porygon-Z|100/100
|-damage|p2a: Porygon-Z|88/100|[from] Stealth Rock
|turn|20
|
|t:|1757853859
|move|p1a: Darkrai|Dark Pulse|p2a: Porygon-Z
|-crit|p2a: Porygon-Z
|-damage|p2a: Porygon-Z|0 fnt
|faint|p2a: Porygon-Z
|
|upkeep
|
|t:|1757853864
|switch|p2a: Scizor|Scizor, M|84/100
|-damage|p2a: Scizor|72/100|[from] Stealth Rock
|turn|21
|
|t:|1757853869
|switch|p1a: Corviknight|Corviknight, M|40/100 par
|-damage|p1a: Corviknight|27/100 par|[from] Stealth Rock
|-ability|p1a: Corviknight|Pressure
|move|p2a: Scizor|U-turn|p1a: Corviknight
|-resisted|p1a: Corviknight
|-damage|p1a: Corviknight|21/100 par
|-damage|p2a: Scizor|55/100|[from] item: Rocky Helmet|[of] p1a: Corviknight
|
|t:|1757853877
|switch|p2a: Cinderace|Cinderace, M|100/100|[from] U-turn
|
|upkeep
|turn|22
|
|t:|1757853886
|move|p2a: Cinderace|Pyro Ball|p1a: Corviknight|[miss]
|-miss|p2a: Cinderace|p1a: Corviknight
|move|p1a: Corviknight|Body Press|p2a: Cinderace
|-damage|p2a: Cinderace|64/100
|
|upkeep
|turn|23
|
|t:|1757853893
|move|p2a: Cinderace|Pyro Ball|p1a: Corviknight
|-supereffective|p1a: Corviknight
|-damage|p1a: Corviknight|0 fnt
|faint|p1a: Corviknight
|
|upkeep
|
|t:|1757853900
|switch|p1a: Darkrai|Darkrai|88/100
|-damage|p1a: Darkrai|76/100|[from] Stealth Rock
|turn|24
|
|t:|1757853906
|move|p1a: Darkrai|Dark Pulse|p2a: Cinderace
|-damage|p2a: Cinderace|0 fnt
|faint|p2a: Cinderace
|
|upkeep
|
|t:|1757853910
|switch|p2a: Scizor|Scizor, M|55/100
|-damage|p2a: Scizor|43/100|[from] Stealth Rock
|turn|25
|
|t:|1757853917
|move|p2a: Scizor|Bullet Punch|p1a: Darkrai
|-damage|p1a: Darkrai|31/100
|move|p1a: Darkrai|Dark Pulse|p2a: Scizor
|-damage|p2a: Scizor|0 fnt
|faint|p2a: Scizor
|
|win|jdhdbdj
|raw|jdhdbdj's rating: 1377 &rarr; <strong>1395</strong><br />(+18 for winning)
|raw|ElTunas_502's rating: 1348 &rarr; <strong>1330</strong><br />(-18 for losing)
|l|☆ElTunas_502
|player|p2|
|l|☆jdhdbdj
|player|p1|
