|j|☆heatrantaperfade
|j|☆10086qaz
|t:|1757836672
|gametype|singles
|player|p1|heatrantaperfade|miku-flying|1306
|player|p2|10086qaz|dawn-gen4pt|1281
|gen|9
|tier|[Gen 9] OU
|rated|
|rule|HP Percentage Mod: HP is shown in percentages
|rule|Endless Battle Clause: Forcing endless battles is banned
|rule|Species Clause: Limit one of each Pokémon
|rule|OHKO Clause: OHKO moves are banned
|rule|Evasion Items Clause: Evasion items are banned
|rule|Evasion Moves Clause: Evasion moves are banned
|rule|Evasion Abilities Clause: Evasion abilities are banned
|rule|Sleep Moves Clause: Sleep-inducing moves are banned
|clearpoke
|poke|p1|Kyurem|
|poke|p1|Skarmory, M|
|poke|p1|Heatran, F|
|poke|p1|Iron Moth|
|poke|p1|Great Tusk|
|poke|p1|Dragonite, F|
|poke|p2|Scizor, M|
|poke|p2|Landorus-Therian, M|
|poke|p2|Raging Bolt|
|poke|p2|Ogerpon-Wellspring, F|
|poke|p2|Gholdengo|
|poke|p2|Cinderace, F|
|teampreview
|inactive|Battle timer is ON: inactive players will automatically lose when time's up. (requested by 10086qaz)
|
|t:|1757836679
|teamsize|p1|6
|teamsize|p2|6
|start
|switch|p1a: Skarmory|Skarmory, M|100/100
|switch|p2a: Landorus|Landorus-Therian, M|100/100
|-ability|p2a: Landorus|Intimidate|boost
|-unboost|p1a: Skarmory|atk|1
|turn|1
|
|t:|1757836682
|move|p2a: Landorus|U-turn|p1a: Skarmory
|-resisted|p1a: Skarmory
|-damage|p1a: Skarmory|96/100
|-ability|p1a: Skarmory|Weak Armor|boost
|-unboost|p1a: Skarmory|def|1
|-boost|p1a: Skarmory|spe|2
|
|t:|1757836699
|switch|p2a: Cinderace|Cinderace, F|100/100|[from] U-turn
|move|p1a: Skarmory|Swords Dance|p1a: Skarmory
|-boost|p1a: Skarmory|atk|2
|
|-heal|p1a: Skarmory|100/100|[from] item: Leftovers
|upkeep
|turn|2
|
|t:|1757836718
|switch|p1a: Heatran|Heatran, F|100/100
|move|p2a: Cinderace|Pyro Ball|p1a: Heatran
|-start|p1a: Heatran|ability: Flash Fire
|
|upkeep
|turn|3
|
|t:|1757836721
|move|p2a: Cinderace|High Jump Kick|p1a: Heatran|[miss]
|-start|p2a: Cinderace|typechange|Fighting|[from] ability: Libero
|-miss|p2a: Cinderace|p1a: Heatran
|-damage|p2a: Cinderace|51/100|[from] highjumpkick
|move|p1a: Heatran|Iron Defense|p1a: Heatran
|-boost|p1a: Heatran|def|2
|
|upkeep
|turn|4
|
|t:|1757836723
|move|p2a: Cinderace|High Jump Kick|p1a: Heatran
|-supereffective|p1a: Heatran
|-damage|p1a: Heatran|59/100
|move|p1a: Heatran|Iron Defense|p1a: Heatran
|-boost|p1a: Heatran|def|2
|
|-heal|p1a: Heatran|65/100|[from] item: Leftovers
|upkeep
|turn|5
|
|t:|1757836727
|move|p2a: Cinderace|High Jump Kick|p1a: Heatran
|-supereffective|p1a: Heatran
|-damage|p1a: Heatran|38/100
|move|p1a: Heatran|Iron Defense|p1a: Heatran
|-boost|p1a: Heatran|def|2
|
|-heal|p1a: Heatran|44/100|[from] item: Leftovers
|upkeep
|turn|6
|
|t:|1757836733
|switch|p2a: Landorus|Landorus-Therian, M|100/100
|-ability|p2a: Landorus|Intimidate|boost
|-unboost|p1a: Heatran|atk|1
|move|p1a: Heatran|Body Press|p2a: Landorus
|-resisted|p2a: Landorus
|-damage|p2a: Landorus|39/100
|
|-heal|p1a: Heatran|50/100|[from] item: Leftovers
|upkeep
|turn|7
|
|t:|1757836736
|move|p2a: Landorus|Stone Edge|p1a: Heatran|[miss]
|-miss|p2a: Landorus|p1a: Heatran
|move|p1a: Heatran|Body Press|p2a: Landorus
|-resisted|p2a: Landorus
|-crit|p2a: Landorus
|-damage|p2a: Landorus|0 fnt
|faint|p2a: Landorus
|
|-heal|p1a: Heatran|56/100|[from] item: Leftovers
|upkeep
|-message|10086qaz forfeited.
|
|win|heatrantaperfade
|raw|heatrantaperfade's rating: 1306 &rarr; <strong>1325</strong><br />(+19 for winning)
|raw|10086qaz's rating: 1281 &rarr; <strong>1258</strong><br />(-23 for losing)
|l|☆10086qaz
|player|p2|
